3992 6216
178 331 292 388 325

1303 316 1805 377 COMMENTARIA
1842 316 1909 372 ΙΝ
1950 307 2306 375 ΡεΑιΜοε.’

3311 328 3423 386 3‘16

171 444 449 521 ρίου,καὶ
470 442 597 512 δῷη
618 457 718 497 σοι
738 438 935 497 πάντα
965 437 1037 493 τὰ
1063 435 1352 508 αἰτήματα
1373 436 1486 506 τῆς
1512 434 1748 505 καρδίας

1863 435 1957 490 tibi
1996 452 2172 490 omnes
2199 435 2479 504 petitiones
2509 435 2685 490 cordis
2721 438 2820 493 tui.
2852 437 3142 511 Postquam
3172 445 3423 514 superio-

181 555 319 596 σου.
361 535 733 607 ’Δποστρέψας
765 531 858 586 τοῦ
889 529 1051 602 ζήλου
1092 528 1200 582 τῶν
1240 527 1493 599 πονηρῶν
1524 526 1612 580 διὰ
1646 527 1756 581 τῶν

181 629 434 703 πρώτων,
466 625 627 689 εὐθὺς
658 629 722 679 ὲκ
751 621 1092 696 παραλλήλου
1138 621 1236 691 τὴν
1280 619 1446 691 ὀρθὴν
1478 620 1571 673 καὶ
1606 619 1758 691 βασι-

179 720 338 793 λικὴν
358 719 481 774 ὸδδν
518 715 722 787 τίθησι,
754 713 965 777 δεικνὺς
996 712 1186 765 ὁποίαν
1221 709 1324 782 χρὴ
1369 709 1632 781 βαδίζειν.
1668 712 1758 765 Διό

180 828 375 885 φησιν’
412 810 559 863 Ἀνω
595 806 781 877 βλέπε,
827 798 872 858 ὧ
914 796 1087 866 οὗτος,
1122 801 1340 872 ἀφορῶν
1382 803 1460 864 εἰς
1512 801 1604 855 τὸν
1651 802 1757 856 τῶν

176 905 317 960 ὅλων
346 902 704 975 κυϐερνήτην,
751 898 845 951 καὶ
893 896 1054 950 αὐτὸν
1089 894 1314 949 σεαυτοῦ
1368 894 1554 948 ἐλπίδα
1597 894 1758 967 θέμε-

177 1008 287 1057 νος⁴
308 992 496 1065 Θάρσει
513 991 591 1053 ὡς
616 989 708 1042 ἐπὶ
741 986 982 1059 μεγάλην
1008 987 1255 1057 ἄγκυραν
1278 985 1629 1057 ἡδρασμένος.
1648 987 1758 1040 Καὶ

175 1085 248 1139 τὰ
284 1084 384 1156 μὲν
412 1084 509 1156 τῆς
531 1082 775 1144 διανοίας
830 1097 923 1133 σου
969 1077 1171 1149 ταύτην
1199 1077 1369 1148 ἐχέτω
1410 1076 1508 1148 τὴν
1535 1076 1752 1130 ἐλπίδα·

172 1180 298 1242 ταῖς
341 1176 398 1230 δὲ
449 1174 709 1247 πράξεσιν
745 1169 977 1244 ἐργάζου
1027 1170 1126 1225 καὶ
1169 1171 1324 1224 ποίει
1356 1172 1753 1240 χρηστότητα,

172 1268 378 1323 ὡσανεὶ
427 1266 660 1337 σπόρους
690 1262 872 1334 σαυτῷ
905 1260 1233 1334 βαλλόμενος
1261 1260 1347 1314 ἐπ’
1390 1259 1566 1331 ἀγαθῇ
1621 1277 1755 1332 καρο

174 1356 295 1411 eain;
327 1354 646 1426 συγκομιδῇ.
683 1353 869 1408 Ταῦτα
913 1352 970 1406 δὲ
1011 1351 1082 1405 τὰ
1114 1350 1206 1403 δύο
1247 1350 1606 1421 κτησάμενος,
1646 1368 1756 1421 μη-

175 1448 293 1504 κέτι
321 1448 604 1520 περίτινος
625 1444 855 1515 ἀγωνία.
877 1439 1276 1510 Κατασκήνου
1300 1440 1414 1508 τὴν
1436 1438 1756 1513 γῆνάμερί-

177 1559 346 1615 μνως,
374 1541 470 1596 καὶ
507 1540 606 1612 τὴν
640 1539 973 1612 πρόσκαιρον
1013 1533 1240 1606 ταυτην)⁵
1283 1531 1446 1605 ζωὴν,
1478 1532 1664 1605 ὥσπερ
1696 1535 1755 1587 ὲν

176 1638 373 1709 σκηνῇ,
406 1634 542 1708 πρὸς
582 1632 760 1700 ὀλίγον
818 1629 991 1692 ἑστὼς
1044 1627 1217 1696 δίαγε.
1255 1625 1610 1699 Ποιμανθήσῃ
1644 1626 1752 1698 γὰρ

171 1729 330 1800 δίκην
361 1727 675 1800 θρέμματος
717 1719 922 1791 ἀγαθοῦ
959 1718 1063 1771 ὑπὸ
1109 1716 1324 1788 ποιμένι
1357 1714 1503 1785 καλῷ
1533 1733 1752 1788 ποιμαι-

1858 527 2011 583 ribus
2057 525 2218 582 dictis
2254 526 2323 581 ab
2365 526 2712 583 aemulatione
2744 528 3114 598 improborum
3162 547 3425 592 avocave-

1857 627 1969 685 rat,
1981 618 2163 674 statim
2191 635 2259 673 ex
2291 618 2544 689 opposito
2574 626 2777 673 rectam
2802 620 3114 696 regiamque
3129 624 3272 678 viam
3298 641 3426 695 pro-

1857 709 2031 780 ponit,
2085 707 2337 764 indicans
2387 723 2495 777 qua
2539 708 2610 763 sit
2655 708 3034 765 incedendum.
3082 713 3427 786 Quapropter

1857 800 1931 853 ait
1958 818 1971 854 :
1997 798 2141 855 Heus
2171 806 2251 865 tu,
2274 813 2491 855 sursum
2541 800 2745 868 aspice,
2777 814 2843 855 ac
2892 803 3275 860 universorum
3308 822 3427 862 mo-

1856 890 2160 946 deratorem
2206 888 2442 952 intuere,
2502 895 2665 959 atque
2713 889 2893 960 ipsum
2948 907 3100 961 spem
3154 898 3428 955 constitue

1857 992 2006 1035 tuam
2034 998 2048 1034 :
2074 980 2219 1035 bono
2252 979 2436 1033 animo
2463 987 2605 1044 esto,
2640 988 2699 1034 ut
2732 996 2927 1053 magna
2956 985 3198 1040 anchora
3244 987 3428 1045 ﬁrma-

1852 1080 1963 1128 tus.
1996 1070 2064 1125 Et
2093 1077 2274 1127 mente
2302 1069 2517 1140 quidem
2547 1086 2698 1140 spem
2728 1071 2889 1127 talem
2921 1074 3141 1145 capias;
3166 1078 3426 1148 operibus

1853 1171 2034 1220 autem
2057 1178 2355 1233 exsequere
2392 1171 2442 1217 et
2471 1162 2557 1232 [ac
2586 1162 2905 1228 bonitatem;
2934 1175 2994 1220 ut
3032 1168 3101 1223 iis
3132 1183 3235 1224 ceu
3259 1169 3427 1240 jactis

1852 1256 1952 1311 tibi
1978 1256 2300 1320 seminibus,
2330 1256 2567 1327 opimam
2598 1256 2872 1312 fructuum
2896 1260 3105 1329 cupiam
3129 1261 3422 1331 percipias.
3461 1321 3473 1339 ι

1852 1347 2125 1403 Horumce
2156 1362 2320 1418 porro
2348 1346 2581 1402 duorum
2629 1350 2857 1419 potitus,
2893 1366 2960 1405 ne
3011 1352 3150 1406 ultra
3182 1352 3249 1408 de
3287 1369 3426 1424 quo-

1850 1443 1995 1513 piam
2022 1440 2219 1496 anxius
2240 1449 2382 1507 esto,
2405 1440 2645 1495 inhabile
2668 1451 2861 1496 terram
2884 1443 3003 1498 sine
3031 1444 3420 1511 sollicitudine,

1852 1549 1916 1589 ac
1945 1544 2350 1604 temporaneam
2378 1532 2587 1588 hancce
2610 1534 2799 1598 vitam,
2825 1536 2982 1605 quasi
3011 1537 3067 1591 in
3103 1528 3424 1593 tabernacu-

1849 1626 1924 1695 lo,
1953 1626 2104 1681 brevi
2138 1625 2327 1696 exigas
2363 1644 2374 1679 :
2405 1626 2607 1682 etenim
2656 1627 2830 1681 instar
2880 1627 3033 1682 bona:
3073 1628 3298 1698 pecudis
3324 1645 3423 1685 cu-

1849 1726 2004 1775 rante
2035 1720 2180 1774 bono
2206 1727 2427 1790 pastore
2458 1718 2719 1788 pasceris.
2741 1718 2876 1773 Nam
2909 1721 2954 1777 si
2979 1737 3099 1791 quae
3119 1722 3303 1776 insunt
3321 1722 3423 1777 he-

175 1820 422 1892 νόμενος.
451 1819 516 1871 El
555 1814 663 1886 γάρ
710 1813 795 1877 τίς
847 1813 992 1864 ἐστιν
1040 1812 1096 1863 ὲν
1139 1806 1443 1879 ἀνθρώποις
1495 1805 1743 1878 ἀληθινὸς

1850 1812 2083 1868 minibus
2112 1827 2254 1867 verae
2282 1811 2447 1866 animi
2474 1811 2694 1878 divitiae,
2724 1827 2845 1882 quae
2879 1812 2935 1866 in
2964 1812 3165 1868 divinis
3196 1813 3422 1884 dogma-

174 1910 351 1983 ψυχῆς
406 1907 653 1971 πλοῦτος,
697 1906 725 1957 6
768 1906 825 1957 ὲν
867 1902 1027 1966 θείοις
1080 1899 1312 1971 δόγμασι
1353 1898 1447 1951 καὶ
1484 1900 1595 1962 τοῖς
1635 1897 1746 1952 τῶν

177 2003 341 2057 θείων
370 1997 811 2070 ἀναγνωσμάτων
846 1994 1152 2067 μαθήμασι,
1173 1990 1374 2044 τούτων
1401 1988 1745 2053 ἀπολαύσεις,

182 2088 325 2140 ὥστε
374 2087 576 2157 λέγειν’
610 2086 825 2154 Κύριος
852 2082 1145 2152 ποιμαίνει
1178 2095 1275 2150 με,
1311 2079 1408 2132 καὶ
1456 2077 1636 2132 οὐδέν
1673 2095 1750 2147 με

179 2177 523 2249 ὑστερήσει.
548 2177 709 2231 Οὐδὲν
741 2175 848 2248 γάρ
872 2192 930 2228 σε
955 2173 1240 2246 ὑπερήσει
1260 2172 1676 2242 ποιμαινόμενον
1692 2172 1748 2225 ὲν

180 2272 260 2343 τῷ
272 2271 484 2343 πλούτῳ
511 2269 605 2323 τοῦ
633 2267 797 2323 καλοῦ
845 2266 1119 2338 ποιμένος,
1147 2264 1225 2336 τῷ
1254 2253 1611 2337 δεδωρημένῳ
1636 2265 1750 2327 τοῖς

176 2364 257 2418 ἔτι
285 2364 376 2418 ἐπὶ
405 2364 508 2435 γῆς
543 2360 980 2434 ποιμαινομένοις
1005 2358 1331 2432 ἀνθρώποις.
1373 2359 1517 2411 Ἀντὶ
1550 2357 1607 2410 δὲ
1630 2356 1746 2421 τοῦ,

171 2458 286 2515 Kal
307 2454 682 2526 ποιμανθήσῃ
698 2453 796 2508 ἐπὶ
812 2453 889 2521 τῷ
903 2453 1143 2516 πλούτῳ
1165 2449 1374 2519 αὐτῆς,
1390 2452 1418 2503 6
1433 2450 1745 2529 μμαχος,

171 2549 285 2606 Kal
329 2548 644 2617 ποιμαίνου
673 2544 980 2616 διηνεκῶς,
1012 2544 1302 2611 ἐξέδωκεν·
1336 2543 1364 2594 6
1403 2541 1460 2595 δὲ
1495 2540 1745 2606 Ἀκύλας,

171 2642 287 2698 Καὶ
315 2639 498 2711 νέμου
530 2640 754 2693 πίστιν.
787 2632 899 2691 Εἶθ’
934 2636 1122 2709 ὥσπερ
1160 2635 1268 2691 τῶν
1302 2633 1748 2707 πονηρευομένων

174 2734 397 2789 καὶτῶν
409 2732 703 2787 ποιούντων
722 2730 819 2802 τὴν
840 2731 1067 2801 ἀνομίαν
1086 2728 1369 2801 ὑπέγραψε
1389 2728 1447 2781 τὸ
1465 2726 1638 2808 τέλος,
1653 2724 1747 2779 οὖ-

174 2841 286 2886 τως
305 2823 398 2877 καὶ
427 2824 510 2877 σοὶ
523 2822 603 2893 τῷ
622 2820 890 2886 ἐλπίζοντι
917 2822 1009 2873 ἐπὶ
1036 2819 1125 2874 τὸν
1158 2817 1361 2891 Κύριον
1392 2818 1485 2873 καὶ
1507 2816 1748 2872 ποιοῦντι

177 2915 518 2987 χρηστότητα
532 2912 702 2967 ὁπόσα
721 2912 948 2984 ὑπάρξει
964 2912 1140 2980 ἀγαθά
1150 2908 1581 2982 καταριθμεῖται.
1599 2909 1750 2981 Πρῶ-

174 3025 269 3062 τον
306 3008 403 3079 μὲν
434 3006 543 3078 γὰρ
572 3006 911 3078 ποιμανθήσῃ
942 3006 1033 3059 ἐπὶ
1064 3004 1142 3075 τῷ
1174 3004 1385 3075 πλούτῳ
1411 3005 1488 3075 τῷ
1513 3003 1747 3077 ἀληθινῷ

169 3099 272 3154 τοῦ
324 3098 491 3153 καλοῦ
544 3098 827 3169 ποιμένος·
857 3096 1138 3169 δεύτερον,
1170 3098 1601 3169 κατατρυφήσεις
1651 3095 1746 3148 τοῦ

1846 1904 1995 1959 tibus
2046 1910 2100 1959 et
2146 1902 2348 1959 divinis
2381 1901 2708 1958 lectionibus
2742 1909 3082 1971 spectantur,
3110 1903 3176 1959 iis
3220 1903 3421 1961 frueris

1846 1997 1922 2050 ita
1949 2001 2010 2050 ut
2038 1994 2192 2052 dicas
2217 2014 2232 2051 :
2258 1996 2517 2051 Dominus
2546 1995 2717 2063 pascit
2747 2011 2828 2049 me
2866 2003 2915 2049 et
2946 1996 3079 2049 nihil
3122 1997 3249 2050 mihi
3298 1996 3422 2054 dee—

1847 2088 1917 2141 rit
1941 2088 2005 2143 ⁶⁸,
2031 2087 2177 2141 Nihil
2220 2087 2423 2159 quippe
2470 2085 2644 2142 deerit
2678 2086 2796 2151 tibi,
2830 2088 2877 2141 si
2912 2088 2964 2141 in
2998 2087 3129 2143 boni
3181 2091 3419 2160 pastoris

1848 2180 2051 2236 divitiis
2079 2181 2345 2252 pascaris,
2379 2196 2503 2252 qua:
2524 2186 2821 2250 erogantur
2846 2180 3155 2236 hominibus
3187 2182 3241 2236 in
3272 2191 3418 2238 terra

1848 2274 2220 2343 pascentibus.
2252 2271 2359 2327 Pro
2395 2273 2488 2328 illo
2517 2280 2697 2328 autem
2732 2290 2745 2326 :
2775 2270 2845 2325 Et
2873 2275 3106 2342 pasceris
3136 2275 3192 2327 in
3218 2273 3416 2329 divitiis

1846 2364 1984 2434 ejus,
2017 2364 2377 2435 Symmachus
2414 2384 2427 2419 :
2459 2363 2528 2417 Et
2553 2380 2767 2434 pascere
2812 2366 3051 2430 assidue;
3082 2366 3275 2436 Aquila
3305 2385 3317 2421 :
3348 2365 3418 2420 Et

1844 2472 2058 2527 pascere
2095 2456 2218 2528 ﬁde,
2252 2456 2559 2513 ediderunt.
2596 2457 2710 2513 Sub
2760 2459 2875 2514 bare
2922 2468 3125 2524 autem,
3154 2460 3418 2530 quemad-

1847 2552 2068 2607 modum
2096 2550 2467 2620 improborum
2513 2557 2568 2605 et
2609 2552 2954 2622 Operantium
2986 2552 3326 2623 iniquitatem
3356 2553 3419 2608 ll-

1848 2660 1970 2701 nem
2021 2643 2346 2713 descripsit;
2397 2643 2479 2698 sic
2526 2653 2727 2714 quanta
2758 2644 2856 2698 tibi
2890 2644 2943 2698 in
2978 2643 3264 2701 Dominum
3297 2661 3420 2715 spe-

1847 2734 2015 2800 ranti,
2054 2749 2119 2789 ac
2166 2734 2467 2789 bonitatem
2514 2732 2734 2789 facienti
2783 2742 3046 2790 eventura
3098 2734 3240 2788 bona
3286 2734 3417 2800 sint,

1848 2836 2151 2885 enumerat.
2176 2826 2311 2882 Nam
2344 2828 2523 2898 primo
2551 2827 2606 2882 in
2629 2828 2775 2883 veris
2800 2826 2928 2882 boni
2959 2828 3195 2897 pastoris
3215 2826 3421 2882 divitiis

1850 2923 2126 2993 pasceris;
2166 2921 2430 2985 secundo,
2466 2920 2824 2976 delectaberis
2847 2920 2901 2973 in
2934 2919 3196 2985 Domino;
3237 2918 3418 2982 tertio,

1848 3016 1997 3070 dabit
2044 3015 2141 3069 tibi
2184 3014 2474 3084 petitiones
2508 3011 2693 3069 cordis
2720 3011 2818 3067 tui.
2851 3010 3117 3066 Delectari
3151 3018 3331 3066 autem
3363 3011 3421 3069 it:

1850 3104 2081 3159 Domino
2131 3104 2353 3168 valebit,
2406 3102 2656 3174 quisquis
2716 3102 2908 3157 anima:
2964 3101 3218 3157 sensibus
3267 3101 3421 3171 puris

170 3191 404 3263 Κυρίου·
437 3190 530 3245 καὶ
562 3191 763 3262 τρίτον,
783 3190 944 3243 δώσει
972 3206 1052 3242 σοι
1080 3188 1151 3242 τὰ
1184 3190 1458 3258 αἰτήματα
1488 3189 1586 3258 τῆς
1612 3204 1746 3269 καρ-

1850 3195 2201 3265 purgatisque
2234 3193 2417 3258 fuerit,
2445 3193 2520 3247 ita
2547 3203 2604 3247 ut
2634 3207 2829 3263 panem
2870 3191 3053 3247 vivum
3085 3206 3148 3246 ac
3175 3190 3419 3247 viviﬁcas

170 3283 294 3349 δίας
323 3300 440 3339 σου.
467 3284 833 3355 Κατατρυφᾷν
855 3282 911 3335 δὲ
938 3280 1032 3335 τοῦ
1057 3280 1261 3351 Κυρίου
1289 3279 1573 3351 δυνήσεται
1595 3278 1623 3329 6
1648 3278 1747 3349 τῆς

171 3375 354 3447 ψυχῆς
408 3374 472 3428 τὰ
527 3372 854 3446 αἰσθητήρια
919 3371 1404 3444 κεκαθαρισμένος,
1455 3370 1530 3434 ὡς
1589 3368 1748 3422 δύνα-

174 3466 301 3522 σθαι
322 3465 516 3520 ἐσθίειν
542 3466 632 3519 τὸν
653 3464 828 3530 ζῶντα
849 3464 1012 3536 ἄρτον
1036 3465 1128 3518 καὶ
1153 3463 1251 3527 τὰς
1275 3462 1563 3528 ζωοποιοὺς
1582 3454 1745 3513 αύτοῦ

175 3562 407 3632 σάρκας,
436 3558 610 3613 πίνειν
645 3574 705 3610 τε
746 3556 807 3611 τὺ
851 3557 1115 3628 σωτήριον
1141 3553 1305 3609 αὑτοῦ
1338 3549 1495 3625 αἷμα.
1523 3553 1745 3615 Τούτοις

171 3651 505 3725 τρεφόμενος
543 3650 637 3703 καὶ
677 3647 1038 3719 πιαινόμενος,
1065 3648 1163 3719 τῆς
1199 3646 1378 3700 ἐνθέου
1418 3644 1585 3717 μέθης
1611 3646 1744 3698 ἀποδ

172 3740 371 3795 λαύων·
391 3739 859 3808 Κατατρύςρησον
874 3735 977 3790 τοῦ
989 3737 1231 3805 Κυρίου,
1259 3736 1354 3788 καί
1369 3733 1543 3788 δώσει
1559 3750 1656 3788 σοι
1673 3735 1745 3791 τὰ

173 3832 462 3902 αἰτήματα
488 3830 598 3900 τῆς
624 3830 867 3899 καρδίας
898 3845 1031 3884 σου.
1068 3829 1207 3899 Ἤδη
1236 3829 1335 3899 μὲν
1362 3827 1469 3898 γὰρ
1494 3826 1743 3879 ἐντεῦθεν

173 3924 599 3996 κατατρυφήσει,
632 3921 892 3992 ἐθελήσας
938 3938 997 3973 σε
1044 3920 1213 3993 αὑτὸν
1257 3919 1530 3973 ἐπιδοῦναι
1572 3917 1738 3989 αὐτῷς

172 4014 323 4069 Δί’-εει
374 4013 430 4067 δὲ
481 4013 642 4067 αὐτὸν
681 4014 773 4065 καὶ
797 4011 867 4065 τὰ
900 4011 1180 4083 μέλλοντα,
1213 4004 1289 4065 ὧν
1317 4011 1619 4084 προσδοκᾷς
1644 4010 1742 4079 τὴν

1848 3302 2045 3350 carnes
2074 3287 2194 3356 ejus
2226 3286 2388 3342 edere
2415 3284 2613 3354 possit,
2643 3301 2707 3340 ac
2750 3285 3045 3340 salutarem
3086 3282 3206 3352 ejus
3234 3284 3422 3338 bibere

1849 3375 2189 3446 sanguinem.
2222 3374 2318 3431 llis
2362 3375 2639 3430 enutritus
2686 3381 2740 3429 et
2793 3372 3186 3443 impinguatus.
3238 3373 3421 3428 divina

1847 3467 2036 3521 fruens
2063 3466 2325 3521 ebrietate
2360 3485 2373 3520 :
2406 3465 2678 3519 Delectare
2707 3465 2762 3517 iu
2795 3462 3041 3527 Domino,
3073 3471 3122 3516 et
3149 3461 3297 3515 dabit
3327 3461 3423 3517 tibi

1847 3558 2119 3627 petitiones
2144 3555 2321 3611 cordis
2357 3557 2455 3613 tui.
2487 3553 2608 3610 Jam
2635 3554 2779 3610 enim
2823 3554 2914 3608 ille
2948 3568 3165 3623 quoque
3190 3552 3423 3607 delecta-

1848 3650 2014 3713 bitur,
2041 3648 2186 3720 quod
2210 3648 2493 3719 percupiat
2526 3655 2585 3701 ut
2612 3647 2714 3717 ipsi
2740 3653 2796 3700 te
2819 3645 3007 3700 dedas.
3037 3643 3258 3699 Postula
3292 3643 3422 3697 item

1848 3741 1918 3795 ab
1963 3755 2028 3796 eo
2084 3747 2141 3794 ut
2188 3756 2252 3796 ea
2296 3755 2418 3811 qua:
2447 3738 2631 3793 futura
2665 3744 2954 3807 exspectas
2983 3736 3125 3791 dona
3160 3735 3418 3805 'ccipias.

1845 3829 1980 3886 Nam
2019 3831 2113 3902 qui
2143 3833 2428 3903 praesentia
2464 3826 2664 3886 all‘atim
2690 3829 2952 3899 elargitus
2984 3834 3087 3892 est,
3117 3842 3180 3881 ea
3205 3827 3421 3882 obtine-

1844 3924 1925 3978 bit
1964 3940 2085 3994 qua:
2130 3941 2222 3977 nec
2270 3922 2452 3977 oculus
2482 3921 2633 3987 vidit,
2667 3937 2756 3975 nec
2807 3921 2954 3974 auris
2987 3919 3210 3983 audivit,
3244 3933 3336 3972 nec
3363 3918 3421 3972 in

1847 4032 1937 4071 cor
1966 4016 2262 4070 hominibus
2295 4014 2612 4095 ascendit".

171 4107 353 4179 λῆψιν.
398 4110 457 4162 ὐ
504 4107 612 4179 γὰρ
649 4107 717 4161 τά
741 4079 982 4178 παρόντα
1014 4106 1254 4168 δεδωκὼς
1287 4079 1533 4175 ἀφθόνως
1563 4079 1893 4178 -δωρήσεται
1962 4111 2057 4165 καὶ¹
2095 4110 2131 4164 ἀ
2173 4088 2478 4180 ὀφθαλμὸς
2513 4109 2623 4161 οὐκ
2686 4090 2864 4171 εἶδεν,
2891 4104 3034 4160 οὐδὲ
3067 4100 3174 4171 οὖς
3235 4079 3420 4172 ἠκού-

172 4217 304 4268 σεν,
334 4200 458 4255 οὐδ’
471 4200 568 4253 ἐπὶ
595 4198 845 4267 καρδίαν
868 4197 1180 4266 ἀνθρώπου
1213 4198 1412 4267 ἀνέϐη.

258 4290 474 4345 Ἀντὶδὲ
502 4289 618 4355 τοῦ,
657 4287 997 4358 Ὺποτὰςδτηθι
1028 4289 1107 4354 τῷ
1147 4292 1359 4357 Κυρίῳ.
1391 4293 1489 4347 καὶ
1520 4290 1741 4343 ἱκέτευ-

173 4402 291 4440 σον
320 4383 528 4459 αὑτὸν,
575 4383 603 4434 ὁ
647 4381 874 4445 Ἀκύλας
905 4380 1068 4453 φησι·
1104 4381 1368 4451 Σίγησον
1406 4383 1485 4446 τῷ
1531 4384 1741 4449 Κιιρίῳ,

1918 4290 2023 4345 Pro
2053 4307 2118 4345 eo
2149 4300 2353 4354 autem,
2383 4289 2637 4346 Subditus
2668 4298 2779 4344 esto
2809 4287 3059 4352 Domino,
3083 4300 3129 4342 et
3162 4304 3257 4341 ora
3277 4302 3416 4349 eum,

1850 4383 2043 4453 Aquila
2068 4383 2165 4447 ait,
2190 4382 2300 4436 Sile
2339 4383 2586 4444 Domino,
2621 4391 2669 4434 et
2701 4389 2945 4447 exspecta
2983 4393 3135 4441 eum;
3167 4376 3419 4448 Symma-

176 4476 275 4530 καί
308 4470 741 4539 ἀποκαραδόκει
772 4471 986 4525 αὐτόν’
1041 4472 1069 4523 6
1103 4469 1158 4523 δὲ
1199 4470 1489 4541 Σύμμαχος
1510 4488 1528 4502 δ
1576 4471 1745 4525 Ἠσύ-

1850 4475 1984 4528 chus
2015 4489 2162 4539 vero,
2198 4473 2416 4539 Quiesce
2439 4470 2688 4533 Domino,
2718 4479 2767 4523 et
2797 4469 3032 4536 supplico
3057 4468 3175 4535 ipsi.
3233 4464 3423 4519 Enim-

174 4566 312 4639 χαζε
344 4563 425 4631 τῷ
453 4564 664 4630 Κυρίῳ,
694 4562 789 4617 καὶ
825 4562 1047 4618 ἱκέτευε
1073 4562 1252 4629 αὐτῷ.
1295 4562 1374 4615 Τά
1406 4563 1513 4634 γὰρ
1550 4564 1746 4634 προλε·

174 4660 371 4733 χθέντα
399 4656 726 4729 πράττοντα,
748 4656 841 4709 καὶ⁸
861 4658 952 4710 ἐπὶ
974 4660 1084 4720 τοῖς
1106 4655 1413 4728 εἰρημένοις
1440 4655 1744 4722 ἐλπίζοντα,

175 4750 467 4825 ήσυχάςειν
501 4751 763 4822 προσήκει
797 4749 933 4813 τέως
977 4752 1034 4803 ἐν
1076 4749 1152 4820 τῷ
1201 4749 1446 4820 παρόντι,
1483 4749 1575 4801 καὶ
1612 4748 1749 4818 μετά

177 4842 387 4913 σιωπῆς
412 4840 713 4913 προσδοκᾷν
739 4839 808 4893 τά
847 4841 1246 4911 ἐπηγγελμένα.
1279 4839 1376 4908 Μὴ
1406 4836 1746 4908 παραζηλου

174 4934 246 4992 ἐν
283 4934 364 5001 τῷ
406 4934 888 5004 κατευοδουμένῳ
917 4935 986 4987 ἐν
1017 4934 1091 5001 τῇ
1140 4932 1254 4998 ὁδῷ
1287 4932 1494 4996 αὐτοῦ,
1528 4932 1597 4985 ἐν
1641 4934 1746 4986 ἀν-

176 5027 386 5097 θρώπῳ
412 5025 682 5080 ποιοῦντι
726 5024 1113 5093 παρανομίας.
1161 5023 1394 5077 Παῦσαι
1417 5020 1536 5076 ἀπὸ
1570 5020 1748 5093 ὀργῆς

175 5122 276 5174 καὶ
295 5117 681 5191 enuntiatae
702 5117 909 5188 θυμὸν,
930 5115 1017 5187 μὴ
1039 5114 1376 5185 παραζήλου
1395 5115 1550 5170 ὥστε
1566 5131 1749 5183 πονη-

172 5215 472 5286 ρεύεσθαι.
519 5214 638 5267 Ὅτι
694 5215 749 5267 οι
810 5213 1274 5281 πονηρευόμενοι
1320 5208 1747 5279 ὲξολοθρευθή-

176 5326 410 5372 σονται,
467 5310 522 5362 οἱ
565 5306 633 5363 δὲ
686 5306 1090 5376 ὑπομένοντες
1141 5306 1246 5360 τὸν
1289 5307 1527 5374 Κύριον,
1578 5302 1746 5358 αὐτοὶ

176 5399 702 5471 κληρονομήσουσι
750 5398 886 5470 m'r.
936 5396 1408 5468 Ἐπαναλαμϐἀνει
1456 5397 1546 5449 τὸν
1589 5396 1745 5464 λόγον

175 5492 509 5561 ἀναγκαίως.
540 5491 695 5546 Ἐπεὶ
715 5491 823 5562 γὰρ
846 5490 1038 5559 ἔγνως,
1070 5489 1254 5561 φησιν,
1279 5487 1458 5550 ὁποῖός
1487 5503 1567 5539 σοι
1593 5485 1746 5540 πλοῦ-

174 5601 269 5649 τος
296 5584 666 5656 τεταμίευται,
702 5583 777 5655 μὴ
828 5580 1140 5655 παραζήλου
1182 5582 1239 5634 ὲν
1284 5578 1364 5650 τῷ
1408 5578 1745 5650 νομιζομένῳ

249 5766 294 5798 ⁸⁸
331 5765 473 5826 Psal.
515 5783 628 5823 nu
654 5807 668 5833 ,
706 5768 755 5822 l.
835 5767 879 5798 ⁶’
921 5764 937 5818 l
971 5763 1100 5820 Cor.
1145 5779 1219 5833 ιι,
1251 5761 1307 5821 9.

1850 4578 1981 4619 vero
2011 4579 2108 4634 par
2135 4572 2219 4619 est
2249 4579 2371 4619 eum
2412 4562 2505 4632 qui
2557 4560 2814 4630 superius
2859 4565 3157 4612 memorata
3189 4554 3417 4627 peragit,

1851 4662 1904 4710 et
1931 4656 1983 4709 in
2020 4656 2294 4725 praadiclis
2325 4668 2476 4724 spem
2524 4651 2709 4714 habet,
2749 4648 3034 4719 quiescere
3074 4647 3202 4702 dum
3233 4646 3287 4700 in
3316 4646 3421 4701 hac

1850 4747 1962 4800 vita
1999 4754 2270 4811 versatur,
2294 4752 2349 4800 et
2375 4757 2500 4797 cum
2534 4741 2754 4797 silentio
2779 4738 3049 4810 promissa
3078 4746 3416 4809 exspectare.
3452 4771 3462 4831 γ

1856 4837 1985 4890 Noli
2019 4837 2261 4891 azmulari
2287 4838 2342 4890 in
2383 4837 2569 4907 eo'qui
2602 4841 2944 4904 prosperalur
2977 4831 3032 4885 in
3080 4831 3167 4885 via
3212 4847 3331 4896 sua,
3362 4831 3419 4884 in

1853 4930 2058 4983 homine
2090 4929 2313 4989 faciente
2348 4928 2664 4998 injustitias.
2720 4925 2912 4979 Desine
2952 4923 3017 4978 ab
3060 4924 3141 4977 ira
3174 4934 3224 4978 et
3269 4922 3418 4977 dere-
3446 4917 3458 4941 ⁸

1850 5021 2024 5091 linque
2062 5022 2328 5086 [πνοι-ειη,
2361 5020 2468 5073 noli
2512 5018 2757 5074 writulari
2806 5025 2863 5069 ut
2919 5015 3246 5087 malignens.
3274 5014 3420 5082 Quo-

1850 5117 1993 5170 niam
2022 5117 2111 5186 qui
2143 5114 2507 5184 malignantur
2548 5108 3037 5165 exterminabuntur
3063 5116 3416 5162 :sustmenles

1851 5218 2026 5261 autem
2052 5205 2361 5268 Dominum,
2391 5204 2492 5273 ipsi
2527 5199 2908 5256 hwreditabunt
2942 5209 3155 5254 terram.
3191 5196 3415 5253 Sermo-

1851 5316 1973 5356 nem
2004 5298 2319 5354 necessario
2364 5296 2580 5366 repetit.
2621 5293 2781 5360 Quia,
2829 5292 3028 5363 inquit,
3062 5290 3208 5347 nosti
3237 5287 3415 5358 qualis

1849 5392 1949 5447 tibi
1983 5391 2275 5446 thesaurus
2305 5389 2621 5444 reconditus
2673 5387 2766 5452 sit,
2798 5386 2911 5441 noli
2955 5381 3196 5440 aemulari
3240 5376 3415 5433 homi-

1821 5500 1975 5540 onem
2025 5482 2298 5554 iniquitati
2325 5480 2598 5547 deditum,
2636 5480 2729 5552 qui
2775 5481 2832 5535 in
2859 5473 3113 5550 praesenti
3157 5471 3263 5525 vita
3298 5479 3413 5519 rem

1853 5592 2114 5648 prospere
2152 5590 2314 5648 agere
2342 5582 2599 5648 putatur;
2636 5589 2707 5630 ne
2745 5572 3047 5634 stimulare,
3084 5577 3189 5618 neu
3219 5557 3414 5630 hujus-
