3992 6216
599 313 710 371 3‘27

1274 310 1540 369 EUSEBil
1577 308 2050 367 CESARIENSIS
2073 309 2225 367 OPP.
2256 290 2433 366 PARS
2468 294 2557 366 lli.
2592 341 2661 352 —
2700 292 3108 369 EXEGETICA.

3724 315 3853 370 528

601 431 745 489 modi
773 430 1045 486 hominem
1069 429 1285 484 beatum
1315 428 1658 499 pronunties,
1679 443 1800 483 cum
1822 427 1991 497 probe
2018 428 2162 484 noris

2271 428 2413 485 κατά
2475 426 2566 483 τὸν
2621 410 2865 501 παρόντα
2921 428 3034 500 βίον
3091 428 3500 485 κατευοδοῦσθαι
3553 429 3859 503 ἀνθρώπῳ

604 523 708 593 ipsi
742 521 1038 591 repositam
1071 518 1205 572 iram
1231 519 1288 571 in
1313 515 1400 571 die
1436 516 1531 571 ira:
1563 522 1614 569 et
1637 515 1769 584 justi
1805 514 1999 584 judicii
2044 512 2159 569 Dei.

600 613 964 682 Quamobrem
992 610 1103 666 noli
1137 609 1343 663 irritari
1367 615 1461 662 aut
1490 607 1675 662 furore
1706 605 1926 661 incendi
1975 612 2164 661 contra

598 706 848 777 impium,
871 704 965 775 qui
1000 702 1227 758 feliciter
1255 716 1369 756 rem
1400 714 1558 771 agere
1585 698 1952 763 existimatur,
1988 713 2166 769 neque

596 797 872 855 acmuleris
903 797 1079 868 ipsum
1133 800 1196 848 ut
1237 793 1392 865 paria
1441 792 1647 847 scelera
1692 791 1852 847 edere
1899 799 2163 862 exoptes;

595 891 736 947 bene
770 888 1040 959 siquidem
1086 887 1233 941 nosti
1267 900 1330 939 ac
1380 898 1702 955 persuasum
1751 883 1909 953 plane
1954 882 2159 949 babes,

599 981 970 1052 improborum
1009 977 1169 1033 linem
1199 974 1491 1032 exitiosum
1522 989 1665 1030 esse.
1694 972 1836 1029 Nam
1873 972 1963 1045 qui
2006 975 2165 1027 mali-

597 1082 828 1144 gnantur
858 1067 1370 1130 exterminabuntur,
1392 1081 1456 1121 ac
1495 1067 1594 1122 soli
1623 1068 1890 1137 patientes
1920 1075 1975 1123 et
2001 1068 2165 1123 susti-

597 1175 773 1217 nentes
800 1161 1101 1223 Dominum,
1142 1158 1247 1228 ipsi
1284 1158 1664 1213 hwreditabunt
1698 1167 1917 1214 terram.
1951 1158 2008 1214 Si
2053 1175 2161 1230 qua

595 1255 739 1308 enim
763 1260 912 1308 terra
943 1259 1029 1308 est
1061 1251 1270 1307 sanctis
1296 1250 1431 1306 viris
1478 1249 1769 1321 promissa,
1812 1250 1955 1304 hanc
1985 1251 2161 1305 haere-

595 1345 849 1400 ditabunt
898 1344 993 1415 qui
1040 1343 1314 1399 sustinent
1366 1340 1693 1404 Dominum,
1734 1340 1827 1410 qui
1875 1355 1999 1393 cum
2041 1342 2162 1396 aliis

594 1438 925 1505 enumeratis
966 1435 1123 1491 bonis
1156 1435 1212 1490 in
1248 1433 1618 1489 baereditatem
1660 1432 1770 1488 illis
1802 1430 2020 1485 dandus
2047 1443 2149 1488 est.

594 1529 749 1596 Quod
776 1529 823 1585 si
863 1528 919 1582 in
950 1529 1105 1584 cmlis
1127 1525 1425 1583 Jerusalem
1456 1531 1509 1579 et
1539 1521 1672 1577 Sion
1708 1534 1886 1578 mons‘
1911 1521 2007 1578 Dei
2039 1524 2151 1578 cai-

594 1624 748 1680 lestis
768 1623 931 1686 adsit,
953 1631 1151 1678 terram
1176 1622 1305 1676 item
1325 1618 1603 1674 caelestem
1625 1615 1806 1688 dignis
1829 1614 2163 1686 promissam

594 1714 894 1787 putandum
918 1722 1020 1770 est.

2267 521 2504 575 ποιοῦντι
2537 521 2906 592 παρανομίαςο
2942 521 3015 594 μὴ
3047 521 3155 594 γάρ
3184 520 3503 594 παροξύνου,
3541 521 3677 592 μηδὲ
3732 538 3861 592 μα-

2264 612 2454 685 κάριζε
2480 612 2570 667 τὸν
2602 612 2858 679 τοιοῦτον,
2898 613 3138 687 ἀκριϐῶς
3166 613 3339 677 εἰδὼς,
3371 615 3453 667 ὅτι
3487 613 3638 684 μένει
3664 612 3858 667 αὑτὸν

2262 701 2400 774 όργὴ
2436 705 2493 755 ὲν
2541 703 2721 775 ἡμέρᾳ
2761 703 2929 775 όργῆς
2962 704 3057 757 καὶ
3107 703 3499 775 δικαιοκρισίας
3528 701 3623 756 τοῦ
3664 702 3853 757 Θεοῦ.

2263 795 2354 848 Διὸ
2388 796 2451 848 σὺ
2485 795 2557 865 μὴ
2591 792 2827 864 ὀργίζου,
2864 795 2996 866 μηδὲ
3029 795 3202 867 θυμοῦ
3250 795 3391 873 κατά
3414 793 3511 847 τοῦ
3541 793 3859 865 νομιζομέ-

2263 902 2353 938 νου
2382 884 2624 955 εὐθηνεῖν
2665 885 2912 950 ὰσεῦοὖς,
2945 886 3077 958 μηδὲ
3107 886 3264 959 ζήλου
3298 886 3459 940 αὐτὸν
3503 884 3579 949 ὡς
3619 884 3720 939 καὶ
3751 886 3857 940 θέ-

2262 977 2375 1030 λειν
2404 976 2471 1029 τὰ
2500 978 2659 1048 ὅμοια
2698 976 2848 1048 αὑτῷ
2884 978 3301 1050 πονηρεύεσθαι⁶
3337 974 3396 1032 εὖ
3438 977 3547 1050 γάρ
3580 977 3693 1031 εσθι
3745 980 3854 1032 καὶ

2265 1066 2495 1119 πέπεισο
2529 1066 2790 1139 ἀκριϐῶς,
2818 1068 2899 1121 ὅτι
2932 1067 2992 1121 τὸ
3037 1068 3188 1132 τέλος
3230 1069 3336 1124 τῶν
3382 1070 3852 1140 πονηρευομὲνων

2262 1156 2503 1228 ὀλέθριον
2546 1159 2822 1229 τυγχάνει.
2855 1162 2919 1213 Οί
2963 1160 3071 1229 γὰρ
3119 1161 3584 1230 πονηρευόμενοι
3629 1161 3855 1225 ἐξολο-

2263 1248 2716 1317 θρευθήσονται,
2751 1252 2898 1321 μόνοι
2930 1251 2987 1304 δὲ
3019 1253 3067 1304 οἱ
3112 1252 3448 1324 μακρόθυμοι
3484 1250 3581 1307 καὶ
3612 1251 3852 1322 {inopia

2261 1354 2472 1410 νον-τες
2518 1342 2624 1397 τὸν
2662 1346 2895 1411 Κύριον,
2940 1343 3108 1399 αὐτοὶ
3151 1343 3676 1413 κληρονομήσουσι
3724 1345 3848 1413 τὴν

2263 1433 2400 1505 γῆν.
2433 1435 2501 1488 Ε(
2526 1453 2610 1500 τις
2633 1437 2741 1508 γάρ
2774 1437 2885 1489 ἐστι
2916 1422 2989 1506 γῆ
3015 1435 3189 1508 ἀγαθὴ
3215 1439 3326 1500 τοῖς
3357 1436 3529 1505 ἁγίοις
3560 1437 3845 1508 ἐπηγγελ-

2267 1525 2424 1597 μένη,
2473 1526 2675 1600 ταύτην
2709 1528 3203 1600 κληρονομήσουσιν
3245 1527 3295 1580 οἱ
3341 1526 3708 1598 ὑπομένοντες
3750 1527 3843 1581 τδν

2264 1618 2468 1689 Κύριον
2491 1635 2505 1649 ·
2545 1621 2681 1692 μετά
2719 1621 2822 1694 γὰρ
2847 1621 2955 1675 τῶν
2986 1620 3159 1675 ἄλλων
3190 1619 3298 1675 τῶν
3338 1620 3841 1692 κατηριθμημένων

2266 1710 2507 1779 ἀγαθῶν,
2542 1712 2637 1765 καλ¹
2661 1711 2821 1777 αὐτὸς
2847 1713 3027 1777 αὐτοῖς
3064 1712 3345 1784 δοθήσεται
3369 1714 3397 1765 6
3431 1712 3653 1782 κλῆρος.
3688 1708 3759 1764 Εἰ
3795 1712 3838 1763 δ’
3951 1710 3953 1784 λ

593 1809 738 1863 ἔστιν
788 1810 840 1862 ὲκ.
888 1806 1134 1878 οὐρανοῖς
1178 1802 1523 1877 Ἰερουσαλὴμ
1577 1804 1668 1859 καὶ
1710 1799 1848 1859 Σιὼν
1894 1800 2019 1875 ὅρος
2064 1800 2160 1856 τοῦ
2198 1804 2333 1859 Θεοῦ
2366 1808 2424 1861 τὸ
2449 1809 2790 1882 ἐπουράνιον,
2824 1808 3111 1863 ἀκόλουθόν
3170 1809 3286 1864 ἐστι
3343 1808 3436 1863 καὶ
3469 1810 3571 1881 γῆν
3601 1808 3838 1879 ἔπουρά-

592 1922 704 1965 νιον
734 1905 874 1959 νοεῖν
904 1903 1002 1975 τὴν
1033 1901 1445 1974 ἐπηγγελμένην
1471 1902 1582 1964 τοῖς
1605 1899 1791 1968 ἀξίοις.

665 1990 828 2051 Vens.
856 1994 1043 2063 {0,11.
1088 1992 1157 2046 Et
1193 1993 1362 2047 adhuc
1387 1991 1661 2062 pusillum,
1699 2000 1749 2046 et
1782 2007 1885 2045 non
1924 1991 2024 2045 erit
2052 2007 2162 2060 pee-

2343 1990 2453 2045 Kal
2476 1992 2563 2046 ἔτι
2592 1992 2817 2062 ὀλίγον,
2865 1992 2962 2047 καὶ
2991 1993 3062 2046 οὐ
3085 1991 3172 2063 μὴ
3202 1990 3440 2063 ὑπάρξῃ
3464 1992 3832 2063 ἁμαρτωλός.
3892 1982 3893 1985 η

593 2097 766 2152 eator,
800 2095 910 2143 etc.
958 2084 1058 2140 Hic
1104 2086 1359 2155 superius
1389 2083 1534 2138 dicta
1586 2085 1997 2154 interpretatur,
2034 2083 2166 2139 illud

594 2179 830 2242 scilicet,
857 2176 1123 2244 Quoniam
1154 2185 1402 2245 tanquam
1433 2174 1611 2245 fenum
1637 2175 1886 2230 uelociter
1908 2180 2163 2241 arescent,

593 2282 643 2328 et
673 2270 1115 2343 quemadmodum
1148 2270 1294 2324 olera
1334 2268 1611 2322 herbarum
1642 2267 1745 2321 cito
1792 2266 2049 2331 derident,
2079 2265 2166 2324 his

595 2366 853 2437 etplicat,
896 2362 1083 2419 Adhuc
1112 2364 1396 2434 pusillum,
1429 2372 1481 2418 et
1512 2378 1617 2417 non
1651 2367 1749 2416 erit
1795 2372 2073 2431 peccator;
2116 2371 2166 2416 et

595 2474 797 2529 quwres
831 2456 1005 2511 locum
1036 2456 1171 2526 ejus,
1203 2464 1253 2510 et
1287 2455 1679 2510 noninuenies:
1711 2453 1845 2508 illud
1876 2469 2028 2520 vero,
2063 2453 2167 2507 De-

594 2549 790 2604 lectare
813 2550 867 2603 in
898 2548 1143 2612 Domino,
1169 2557 1217 2601 et
1256 2546 1402 2600 dabit
1430 2546 1527 2601 tibi
1565 2546 1839 2617 petitiones
1867 2545 2040 2600 cordis
2065 2546 2163 2610 tui,

592 2640 681 2697 his
711 2642 953 2711 apertius
995 2647 1239 2704 enarrat,
1264 2638 1535 2695 Mansueti
1581 2648 1757 2693 autem
1784 2638 2167 2693 Itwreditabunt

593 2743 812 2798 terram,
837 2741 887 2787 et
932 2730 1333 2786 delectabantur
1367 2733 1418 2786 in
1462 2731 1805 2786 multitudine
1832 2732 2000 2800 pacis.
2049 2730 2167 2797 Quo

592 2834 753 2895 pacto
783 2833 963 2878 autem
995 2824 1050 2878 in
1083 2822 1316 2877 Domino
1345 2823 1470 2892 quis
1509 2822 1891 2887 delectabitur,
1926 2813 2169 2879 declarat

594 2915 712 2987 ipse
742 2914 871 2969 dum
906 2913 1003 2978 ait,
1032 2928 1202 2984 penes
1235 2928 1359 2967 cum
1394 2913 1799 2967 multitudinem
1837 2912 1990 2983 pacis
2021 2924 2163 2980 eSse,

587 3021 703 3079 .qua
730 3006 902 3060 multa
928 3012 1062 3074 patae
1093 3003 1348 3058 fruentur
1375 3004 1412 3058 ii
1444 3005 1536 3075 qui
1567 3005 1623 3059 in
1655 3003 1885 3060 Domino
1915 3006 2165 3062 delectati

595 3096 818 3153 fuerint.
855 3094 952 3151 His
1004 3110 1173 3167 porro
1214 3094 1479 3163 docetur,
1512 3096 1675 3150 aliam
1722 3096 1923 3151 bonam
1961 3104 2163 3153 terram

594 3201 738 3254 esse,
758 3189 1060 3244 mansuetis
1086 3186 1434 3251 destinatam,
1468 3203 1532 3244 ac
1556 3188 1995 3254 delectationem,
2028 3191 2167 3244 mul-

595 3277 992 3350 titudinemque
1029 3278 1185 3350 pacis
1211 3279 1265 3333 in
1298 3278 1536 3334 futuram
1567 3280 1734 3335 vitam
1766 3282 2021 3337 remittit.
2046 3281 2164 3337 Non

592 3371 880 3442 ignorabat
928 3371 1072 3426 enim
1102 3369 1270 3442 justis
1325 3371 1550 3443 perinde
1589 3380 1753 3443 atque
1784 3374 2165 3444 peccatoribus

591 3461 650 3517 in
678 3461 780 3518 hac
806 3462 914 3517 vita
946 3461 1291 3517 moriendum
1321 3478 1465 3528 esse,
1499 3464 1574 3517 ita
1609 3470 1668 3518 ut
1695 3463 1764 3519 de
1802 3464 1909 3521 illis
1952 3481 2167 3538 quoque

591 3548 700 3606 dici
731 3549 905 3621 possit
931 3568 945 3604 :
968 3549 1160 3605 Adhuc
1188 3551 1468 3627 pusillum,
1501 3559 1555 3608 et
1587 3564 1699 3609 non
1730 3554 1834 3610 erit
1861 3555 2079 3625 justus;
2112 3565 2167 3615 et

591 3655 802 3711 quaeres
830 3642 1012 3696 locum
1045 3643 1189 3712 ejus,
1220 3650 1275 3698 et
1303 3658 1421 3710 ,non
1443 3643 1689 3701 invenies
1716 3664 1730 3700 :
1762 3661 1890 3702 nam
1918 3647 1996 3702 illi
2024 3663 2165 3718 quo-

591 3747 700 3802 que
727 3733 1042 3788 moriuntur
1089 3733 1547 3804 quemadmodum
1583 3743 1636 3791 ct
1668 3745 2008 3808 peccatores.
2054 3739 2164 3796 Ne-

592 3834 701 3890 que
724 3818 794 3874 de
824 3819 930 3874 hac
955 3826 1101 3875 terra
1134 3823 1217 3877 sic
1258 3822 1473 3879 locutus
1503 3833 1608 3890 est,
1643 3824 1911 3883 Mansueti
1943 3830 2167 3885 Itazredi-

596 3908 783 3962 tabent
806 3918 1041 3974 terram;
1073 3925 1196 3965 cum
1234 3914 1401 3983 probe
1451 3915 1619 3971 sciret
1662 3915 1884 3990 Moysen
1919 3923 2163 3977 omnium

595 3998 970 4066 mitissimum,
1007 4002 1136 4056 olim
1167 4003 1235 4057 de
1272 4005 1452 4061 medio
1480 4007 1760 4064 hominum
1791 4012 2066 4067 sublatum
2097 4016 2165 4071 ab

597 4089 703 4145 hac
732 4098 879 4147 terra
899 4092 1255 4165 demigrasse.

673 4351 834 4410 Vens.
860 4354 947 4410 12.
987 4353 1298 4412 Observabit
1322 4369 1566 4429 peccator
1586 4362 1818 4432 justum,
1846 4374 1894 4419 et
1924 4365 2163 4421 stridebit

593 4462 747 4517 super
762 4464 882 4503 eum
903 4446 1144 4504 dentibus
1172 4452 1309 4512 suis.
1330 4460 1435 4509 etc.
1455 4452 1746 4526 lmpiorum
1774 4466 1962 4513 contra
1986 4460 2165 4528 justos

594 4539 829 4597 insultus
864 4542 1258 4616 amborumque
1294 4546 1454 4602 linem
1485 4548 1768 4607 describit.
1800 4553 1935 4607 Cum
1970 4569 2163 4623 pecca-

2266 2071 2616 2156 Διερμηνεῦει
2667 2083 2733 2138 τά
2781 2084 3036 2156 ἀνωτέρω
3076 2084 3392 2155 λελεγμένα,
3438 2084 3497 2139 τὸ
3540 2086 3666 2157 μὲν,
3712 2089 3831 2142 ὀτι

2266 2176 2407 2231 ὡσεὶ
2451 2176 2665 2247 χόρτος
2704 2168 2856 2247 ταχῦ
2903 2176 3524 2247 ἀποξηρανθήσονται,
3557 2182 3665 2233 καὶ
3697 2183 3828 2235 ὡσεὶ

2265 2268 2502 2340 λάχανα
2530 2271 2719 2340 χλόης
2755 2268 2906 2340 ταχὺ
2935 2271 3401 2337 ἀποπεσοῦνται,
3435 2271 3522 2326 διὰ
3549 2273 3670 2340 τοῦ,
3714 2277 3831 2328 Ἔτι

2268 2362 2494 2433 ὀλίγον,
2523 2364 2619 2417 καὶ
2646 2365 2716 2417 οὐ
2741 2363 2827 2433 μὴ
2866 2362 3104 2433 ὑπάρξῃ
3140 2366 3174 2418 ὁ
3193 2364 3574 2434 ’ἁμαρτωλός
3620 2367 3719 2420 καὶ
3749 2366 3834 2433 (n-

2266 2452 2471 2519 τήσεις
2501 2453 2607 2507 τὸν
2636 2454 2819 2507 τόπον
2848 2454 3033 2509 αὐτοῦ
3062 2453 3161 2508 καὶ
3190 2455 3261 2508 οὐ
3284 2452 3371 2523 μὴ
3412 2455 3595 2525 εὕρῃς
3616 2472 3631 2485 ·
3667 2456 3731 2510 τὸ
3757 2458 3829 2517 δὲ,

2265 2545 2740 2612 Κατατρύφησον
2774 2543 2880 2597 τοῦ
2906 2545 3145 2611 Κυρίου,
3179 2543 3273 2597 καὶ
3308 2542 3485 2597 δώσει
3523 2561 3626 2598 σοι
3662 2548 3735 2599 τὰ
3755 2549 3832 2600 al-

2267 2633 2494 2703 τήματα
2542 2633 2649 2702 τῆς
2693 2634 2938 2704 καρδίας
2987 2650 3124 2697 σου,
3168 2635 3495 2707 σαφέστερον
3544 2638 3831 2691 ἀποδίδωσι

2265 2726 2353 2780 διά
2388 2726 2503 2793 τοῦ,
2537 2731 2599 2781 Ol
2638 2727 2706 2781 δὲ
2745 2727 2950 2797 πραεῖς
2985 2728 3507 2797 κληρονομήσουσι
3552 2729 3676 2797 τὴν
3702 2730 3826 2800 γῆν,

2267 2819 2363 2872 καὶ
2401 2819 2965 2888 κατατρυφήσουσιν
3003 2819 3104 2873 ἐπὶ
3144 2818 3356 2887 πλήθει
3392 2820 3665 2889 εἰρήνης.
3715 2823 3830 2886 Πῶς

2267 2910 2374 2981 γάρ
2406 2927 2490 2973 τις
2521 2913 2924 2983 κατατρυφήσει
2962 2912 3055 2966 τοῦ
3085 2912 3286 2984 Κυρίου
3330 2913 3655 2985 παρίστησι,
3706 2917 3832 2985 πλῆ-

2268 2998 2358 3063 θος
2390 3000 2610 3071 εἰρήνης
2642 3002 2768 3072 παρ’
2796 3000 2943 3072 αὐτῷ
2975 2996 3112 3055 εἶναι
3153 3001 3323 3071 λέγων
3343 3017 3357 3032 ⁸
3393 2998 3454 3056 οὗ
3484 3004 3729 3076 πλήθους
3758 3009 3831 3059 ει-

2271 3094 2437 3165 ρήνης
2480 3092 2873 3148 ἀπολαύσουσιν
2911 3097 2958 3147 ol
3000 3093 3093 3147 τοῦ
3127 3096 3329 3167 Κυρίου
3378 3102 3834 3169 κατατρυφήσανο

2265 3201 2375 3247 τες.
2412 3186 2509 3241 Διά
2539 3186 2740 3241 τούτων
2772 3186 2827 3239 δὲ
2867 3179 2895 3240 6
2940 3185 3094 3256 λόγος
3134 3189 3317 3256 σαφῶς
3354 3189 3543 3260 ἑτέραν
3571 3192 3703 3245 τινὰ
3737 3193 3834 3263 γῆν

2267 3277 2473 3349 ἀγαθὴν
2509 3278 2605 3349 τὴν
2646 3281 2758 3340 τοῖς
2799 3279 2996 3350 πραέσι
3043 3278 3406 3353 δοθησομένην
3432 3280 3693 3346 διδάσκει,
3746 3287 3840 3338 καὶ

2268 3368 2472 3441 τρυφὴν
2500 3369 2593 3423 καὶ
2621 3368 2823 3439 πλῆθος
2848 3371 3066 3441 εἰρήνης
3093 3372 3171 3434 είς
3201 3371 3487 3442 μέλλουσαν
3509 3371 3839 3443 ἀναπέμπει

2267 3457 2433 3530 ζωήν.
2481 3459 2554 3511 Οὐ
2588 3458 2697 3531 γάρ
2727 3459 2933 3530 ἠγνόει,
2980 3459 3061 3512 ὅτι
3105 3461 3305 3532 ὁμοίως
3342 3464 3452 3524 τοῖς
3491 3461 3841 3533 ἁμαρτωλοῖς
3952 3472 3953 3539 l

2266 3549 2409 3605 κατά
2449 3550 2540 3602 τὸν
2565 3550 2808 3621 παρόντα
2839 3550 2950 3621 βίον
2986 3551 3081 3606 καὶ
3105 3554 3153 3604 οἱ
3178 3552 3372 3607 δίκαιοι
3399 3553 3834 3625 τελευτήσουσιν,

2266 3641 2342 3705 ὡς
2378 3640 2636 3696 δύνασθαι
2668 3643 2763 3696 καὶ
2794 3642 2921 3714 περὶ
2958 3644 3135 3698 αὐτῶν
3162 3644 3412 3713 λέγεσθαι
3437 3646 3498 3700 τό
3524 3662 3538 3678 ·
3571 3648 3698 3701 Ἔτι
3728 3650 3835 3702 ὀλί-
3952 3690 3953 3723 γ

2265 3751 2382 3803 γον,
2410 3734 2506 3788 καὶ
2529 3736 2589 3788 οὒ
2632 3734 2705 3805 μή
2754 3733 2969 3807 ὑπάρξῃ
3020 3737 3049 3789 6
3074 3735 3297 3800 δίκαιος,
3327 3737 3421 3790 καὶ
3455 3737 3719 3811 ζητήσεις
3754 3739 3838 3793 τὸν

2265 3824 2428 3877 τόπον
2449 3822 2634 3889 αὐτοῦ,
2660 3823 2753 3877 καὶ
2775 3825 2835 3877 οὐ
2858 3825 2931 3896 μὴ
2956 3823 3121 3897 εὕρῃς
3138 3842 3151 3855 ο
3170 3825 3458 3880 τελευτῶσι
3491 3828 3602 3898 γὰρ
3637 3829 3837 3899 ὁμοίως

2264 3912 2375 3979 τοῖς
2405 3915 2745 3988 ἁμαρτωλοῖς
2774 3917 2868 3969 καὶ
2898 3917 3069 3970 αὐτοί.
3101 3919 3214 3972 Οὐκ
3238 3917 3302 3972 ἂν
3332 3917 3389 3971 δὲ
3420 3916 3543 3973 εἷπε
3582 3924 3719 3993 περὶ
3744 3922 3835 3993 τῆς

2266 4008 2547 4080 παρούσης
2596 4007 2699 4079 γῆς
2733 4008 2849 4062 τόδε
2875 4024 2889 4038 ·
2945 4012 3007 4063 Ol
3060 4008 3261 4077 πραεῖς
3303 4011 3833 4081 κληρονομήσουοί

2264 4098 2379 4169 τὴν
2401 4099 2538 4169 γῆν,
2575 4100 2760 4169 σαφῶς
2790 4099 2930 4172 ὀρῶν
2959 4100 3067 4155 τῶν
3091 4101 3306 4155 πάντων
3337 4101 3646 4175 πραότατου
3678 4106 3837 4158 Mei)-

2267 4190 2387 4254 σέα,
2420 4191 2587 4245 πάλαι
2624 4190 2682 4258 ἐξ
2716 4191 3014 4265 ἀνθρώπων
3061 4193 3344 4266 γενόμενον
3378 4195 3474 4248 καὶ
3504 4195 3605 4267 τῆς
3634 4194 3839 4268 παρού-

2268 4297 2366 4353 σης
2394 4282 2496 4353 γῆς
2524 4281 2956 4354 ἀπηλλαγμένον.

2335 4374 2820 4444 Παρατηρήσεται
2868 4379 2901 4430 ό
2930 4376 3275 4446 ἁμαρτωλὸς
3313 4377 3419 4455 τόν
3448 4375 3713 4442 δίκαιον,
3747 4376 3839 4432 καί

2260 4468 2471 4538 βρύξει
2498 4468 2589 4522 ἐπ’
2609 4467 2795 4523 αὐτὸν
2815 4468 2955 4534 τοὺς
2974 4467 3222 4535 ὀδόντας
3247 4468 3452 4523 αὐτοῦ.
3476 4468 3599 4523 Τῶν
3622 4486 3692 4523 τε
3718 4473 3841 4525 das-

2266 4560 2376 4614 δῶν
2414 4559 2511 4624 τὰς
2556 4561 2696 4614 κατὰ
2737 4559 2842 4613 τῶν
2886 4559 3107 4612 δικαίων
3152 4560 3567 4625 ἐπαναστάσεις,
3602 4562 3707 4614 καὶ
3738 4565 3874 4632 ἀμ-.

594 4639 703 4696 tor,
734 4634 937 4705 inquit,
976 4651 1085 4691 non
1123 4638 1260 4694 satis
1291 4655 1415 4696 esse
1461 4641 1564 4696 sibi
1597 4644 1803 4699 scelera
1851 4658 1948 4699 sua
1988 4654 2159 4716 putet,

2268 4652 2505 4725 φοτέρων
2534 4653 2643 4705 τῶν
2692 4652 2980 4722 ταγμάτων
3008 4652 3075 4705 τὰ
3114 4652 3262 4723 τέλη.
3295 4651 3378 4724 Μὴ
3409 4652 3517 4725 γάρ
3560 4655 3841 4726 ἀρκούμε-

594 4722 800 4791 justum
825 4739 1056 4782 cernens
1086 4729 1340 4799 religiose
1364 4732 1656 4796 viventem,
1694 4735 1746 4789 id
1778 4734 1919 4791 ferre
1952 4738 2159 4808 nequit,

597 4815 725 4883 quia
758 4817 924 4871 vitam
966 4820 1086 4889 ejus
1136 4822 1501 4892 improbitatis
1545 4843 1657 4881 sua:
1705 4829 2161 4899 vituperationem

598 4924 721 4965 esse
748 4912 1075 4982 arbitratur;
1116 4932 1284 4986 quare
1316 4919 1426 4974 ait:
1463 4913 1562 4975 Vel
1594 4921 1713 4976 visu
1747 4923 1864 4977 solo
1897 4938 2162 4980 onerosus

598 5002 761 5057 nobis
787 5010 892 5067 est,
919 5004 1149 5076 ideoque
1177 5009 1429 5066 observat
1452 5026 1577 5068 eum
1608 5019 1668 5067 ut
1692 5012 1933 5084 dejiciat.
1960 5010 2163 5071 Verum

597 5090 785 5162 justus
835 5096 971 5151 nihil
1003 5099 1155 5166 pensi
1211 5099 1394 5166 habet,
1444 5119 1622 5175 neque
1670 5107 1822 5161 novit
1865 5123 1986 5177 qua:
2021 5109 2162 5164 clam

599 5192 791 5239 contra
826 5199 885 5241 se
914 5195 1203 5243 struuntur
1246 5192 1705 5252 machinamenta.
1741 5196 2005 5256 Dominus
2031 5215 2162 5256 vero

600 5274 846 5330 omnium
872 5276 1165 5348 inspector.
1195 5282 1315 5352 ejus
1341 5285 1431 5353 qui
1456 5286 1586 5340 talia
1619 5289 1916 5346 meditatur
1945 5291 2160 5347 ruinam

598 5370 961 5441 prospiciens,
994 5373 1219 5428 consilia
1251 5374 1374 5444 ejus
1399 5375 1626 5434 deridet.
1660 5379 1724 5434 Et
1746 5380 2012 5439 hactenus
2040 5385 2164 5454 qui-

595 5462 721 5518 dem
773 5463 910 5519 nihil
956 5464 1102 5520 aliud
1131 5467 1240 5539 agit
1289 5483 1451 5538 quam
1498 5471 1677 5528 ridere
1723 5474 2002 5529 hominem
2033 5477 2160 5530 talia

598 5552 801 5612 frustra
849 5556 1197 5629 Cogitantem.
1244 5559 1380 5614 Cum
1411 5570 1590 5617 autem
1625 5572 1879 5634 peccator
1914 5567 1978 5621 ad
2026 5567 2160 5621 faci-

596 5658 731 5698 nora
787 5646 1163 5717 progreditur,
1218 5650 1473 5719 acuitque
1512 5652 1754 5722 gladios,
1809 5662 1868 5708 ut
1932 5655 2158 5712 insidias

602 5744 754 5801 paret
777 5737 841 5790 ad
874 5754 1057 5795 necem
1087 5740 1158 5809 ei,
1190 5741 1281 5811 qui
1313 5750 1533 5811 propter
1567 5745 1732 5803 Deum
1760 5747 1994 5815 inopiam
2023 5763 2154 5816 pau-

2266 4762 2375 4809 νος,
2413 4746 2565 4815 φησὶ,
2593 4747 2702 4808 τοῖς
2729 4742 2921 4797 ἑαυτοῦ
2953 4743 3056 4814 πλη
3066 4743 3413 4815 μμελήμασιν
3438 4746 3467 4796 6
3489 4746 3841 4818 ἁμαρτωλὸς,

2267 4837 2326 4889 οὐ
2373 4836 2526 4906 φέρει
2570 4835 2779 4906 βλέπων
2823 4835 2912 4888 τὸν
2944 4835 3144 4888 δίκαιον
3185 4833 3575 4889 θεοσεὸοῦνταδ
3620 4837 3845 4911 ἔλεγχον

2267 4922 2376 4992 γὰρ
2407 4922 2498 4975 τὸν
2529 4922 2736 4976 ἐκείνου
2768 4922 2880 4993 βίον
2908 4922 3008 4993 τῆς
3044 4922 3237 4976 ἑαυτοῦ
3263 4923 3567 4995 μοχθηρίας
3591 4928 3839 4998 ήγεῖται⁴

2266 5008 2347 5064 διὸ
2383 5010 2562 5080 λέγει’
2609 5012 2788 5083 Βαρὺς
2828 5014 2957 5083 ἡμῖν
3004 5014 3117 5066 ἐστι
3164 5014 3257 5067 καὶ
3307 5014 3683 5088 βλεπόμενος·
3726 5018 3846 5072 ὅθεν

2268 5104 2518 5176 ἐπιτηρεῖ
2549 5104 2696 5168 ὅπως
2725 5104 2886 5157 αὐτὸν
2916 5104 3215 5178 καταϐάλῃ.
3264 5106 3401 5161 Ἀλλ’
3436 5108 3466 5161 6
3506 5110 3606 5179 μὲν
3634 5110 3846 5173 δίκαιος

2267 5196 2326 5247 οὐ
2377 5199 2772 5267 προσποιεῖται,
2820 5197 2942 5250 οὐδὲ
2985 5196 3238 5266 γινώσκει
3285 5199 3356 5253 τά
3398 5199 3678 5272 λαθραίως
3725 5200 3844 5257 κατ’

2269 5286 2432 5339 αὐτοῦ
2464 5286 2855 5359 μηχανώμεναο
2895 5287 2923 5339 ὁ
2954 5287 3011 5341 δὲ
3037 5290 3420 5363 παντεπόπτης
3444 5291 3677 5364 Κύριος,
3712 5310 3847 5366 προ·

2267 5377 2406 5448 ορῶν
2448 5379 2543 5451 τὴν
2573 5379 2667 5434 τοῦ
2687 5379 2857 5433 ταῦτα
2882 5380 3256 5453 διανοουμένου
3301 5384 3524 5448 πτῶσιν,
3551 5386 3665 5440 τῶν
3701 5386 3845 5456 λογιο

2271 5469 2424 5541 σμῶν
2448 5472 2610 5526 αὑτοῦ
2640 5475 2935 5547 καταγελᾷ.
2972 5477 3085 5530 Καὶ
3120 5477 3257 5541 τέως
3300 5479 3398 5547 μὲν
3424 5478 3587 5534 πλέον
3616 5480 3782 5535 οὐδὲν
3812 5478 3847 5550 ἢ

2267 5563 2400 5634 γελᾷ
2447 5567 2532 5619 ἐπ’
2558 5566 2707 5638 αὐτῷ
2747 5571 2923 5644 μάτην
2957 5570 3182 5626 τοιαῦτα
3212 5570 3578 5643 λογιζομένῳο
3619 5571 3847 5626 ἐπειδὰν

2263 5654 2307 5707 δ’
2349 5657 2438 5711 ἐπὶ
2479 5658 2549 5713 τὰ
2581 5659 2713 5732 ἔργα
2744 5665 2915 5735 χωρῇ,
2950 5664 3222 5738 ἀκονήσας
3258 5662 3555 5717 ἑαυτοῦ⁹τά
3601 5664 3735 5731 ξίφη
3770 5663 3847 5726 ὡς

2266 5749 2425 5817 μέχρι
2459 5751 2687 5810 θανάτου
2736 5753 3114 5811 ὲπιὸουλεῦσαι
3146 5755 3222 5830 τῷ
3254 5753 3351 5826 τὴν
3394 5754 3484 5809 διὰ
3526 5755 3659 5810 Θεὸν
3696 5772 3846 5809 me»
