3992 6216
234 341 340 401 5‘29

1360 345 1857 407 COMMENTARIA
1901 347 1964 404 IN
2003 345 2341 405 PSALMOS.

3344 342 3474 402 330.

234 460 385 532 χείαν
411 458 508 516 καὶ
549 463 737 519 πενίαν
776 462 1110 537 ἀνειληφότι,
1145 465 1236 520 καί
1266 467 1362 537 τὴν
1398 466 1572 541 ἄκραν
1601 485 1797 539 κατορι-

1901 468 2211 538 periemque
2238 465 2521 538 amplexus
2564 481 2630 521 ac
2662 482 2887 523 summat
2909 463 3260 538 philosophia
3299 463 3451 520 dedi—

235 551 414 607 θοῦντι
446 553 778 626 φιλοσοφίαν,
820 557 880 611 τὸ
906 556 1201 628 τηνικαῦτα
1239 558 1458 630 στρέφει
1484 559 1581 630 τὴν
1621 559 1798 613 αὐτῶν

238 645 506 716 ῥομφαίαν
537 647 678 701 κατά
707 649 803 720 τῆς
843 649 1021 702 αὐτῶν
1050 647 1275 719 καρδίας
1310 651 1340 701 6
1367 649 1531 703 πάλαι
1571 665 1799 717 καταγε-

237 735 342 789 λῶν
367 737 545 791 αὐτῶν
578 739 796 811 Κύριος,
819 739 912 793 καὶ
931 738 998 792 τὰ
1025 740 1161 794 κατὰ
1189 740 1282 794 τοῦ
1303 740 1508 795 δικαίου
1534 741 1664 805 τόξα
1690 740 1797 794 τῶν

239 828 450 882 ἀσεϐῶν
493 831 783 903 συντρίϐει.
821 830 1217 885 Μετελεύσεται
1262 833 1371 904 γὰρ
1414 833 1642 897 αὐτούς·
1678 831 1797 887 οὐδὲ

237 919 319 974 ἔτι
343 920 516 990 γελῶν
538 923 621 993 ἐφ’
648 918 729 986 οἷς
753 923 1117 989 διανοοῦνται,
1146 926 1282 979 ἀλλά
1301 929 1367 997 τῇ
1391 926 1513 998 δίκῃ
1540 928 1605 997 τῇ
1632 941 1800 996 προσ-

235 1011 442 1082 ηκούσῃ
466 1014 581 1066 κατ’
605 1013 780 1068 αὐτῶν
807 1014 1103 1087 χρώμενος.
1134 1014 1317 1068 Ταῦτα
1343 1012 1420 1078 δὲ,
1449 1016 1528 1069 ὅτι
1554 1016 1627 1088 μὴ
1653 1015 1798 1083 λόγοι

236 1103 604 1174 τυγχάνουσιν,
636 1103 748 1157 ἀλλ’
776 1104 912 1177 ἔργα
944 1103 1115 1177 ἀληθῆ
1148 1104 1562 1178 μαρτυρούμενα
1588 1107 1675 1160 ὑπ’
1710 1106 1800 1159 αύ-

232 1190 335 1263 τῆς
365 1191 659 1265 ἐνεργείας,
687 1194 779 1249 καὶ
810 1197 941 1267 ἡμῖν
989 1195 1172 1259 αὐτοῖς
1210 1199 1324 1260 τοῖς
1356 1194 1528 1249 ταῦτα
1573 1196 1689 1249 νυνὶ
1722 1195 1798 1248 δι-

233 1285 465 1353 εξιοῦσιν
491 1288 524 1360 ὴ
552 1292 712 1361 πεῖρα
736 1288 844 1343 τῶν
872 1289 1047 1359 ἔργων
1076 1288 1431 1343 ἐπιστώσατο.
1476 1288 1798 1360 Ὀφθαλμοῖς

232 1378 362 1447 γοῦν
408 1378 842 1450 παρειλήφαμεν,
880 1379 954 1444 ὡς
990 1382 1039 1434 οἱ
1076 1380 1390 1451 ἁμαρτωλοὶ
1421 1382 1480 1433 ἐν
1521 1382 1633 1442 τοῖς
1677 1378 1796 1432 καθ’

230 1467 388 1539 ἡμῶν
423 1467 680 1538 διωγμοῖς
728 1468 996 1539 ῥομφαίαν
1042 1470 1348 1524 ἐσπάσαντο
1391 1470 1534 1524 κατά
1572 1468 1683 1522 τῶν
1720 1468 1799 1523 δι⁶

232 1557 423 1622 καίων,
457 1559 550 1611 καὶ
587 1556 661 1621 ὼς
704 1558 972 1613 ἐνέτειναν
1016 1560 1086 1612 τὰ
1118 1561 1245 1625 τόξα
1287 1559 1464 1615 αὐτῶν
1494 1559 1587 1614 τοῦ
1630 1577 1799 1614 κατα-

233 1648 414 1703 ϐαλεῖν
443 1650 650 1720 πένητα
682 1647 776 1703 καὶ
808 1648 1039 1721 πτωχὸν,
1074 1648 1168 1703 καὶ
1203 1650 1296 1705 τοῦ
1328 1650 1524 1721 σφάξαι
1555 1651 1682 1715 τοὺς
1710 1650 1798 1704 εύ-

234 1740 345 1806 θεῖς
370 1744 438 1814 τῇ
472 1741 687 1813 καρδίᾳ,
734 1740 827 1794 καὶ
866 1738 941 1805 ὡς
973 1740 1212 1813 ἔπραξαν
1239 1742 1332 1799 καὶ
1378 1742 1670 1798 κατέϐαλον
1703 1743 1796 1797 καὶ

1897 567 1987 616 tus
2011 568 2115 621 est,
2151 558 2521 624 inferendam;
2574 566 2688 614 tum
2714 558 2992 621 Dominus,
3027 557 3122 629 qui
3150 546 3278 611 olim
3308 556 3451 612 deri-
3501 592 3533 606 ..

1896 648 2059 703 debat
2089 665 2214 714 eos,
2269 649 2509 722 gladium
2555 651 2717 707 vertit
2775 650 2828 704 in
2875 648 3042 705 corda
3075 649 3350 720 ipsorum,
3397 653 3452 703 et

1896 752 2057 795 arcus
2090 741 2378 811 impiorum
2428 748 2617 797 contra
2643 742 2854 812 justum
2882 747 3102 811 paratos
3134 738 3451 809 confringit.

1896 827 2013 884 Non
2045 830 2157 900 jam
2197 832 2558 902 cogitationes
2586 845 2774 886 eorum
2808 831 3065 886 deridens
3097 829 3310 885 invadet
3334 843 3450 891 eos,

1898 922 1993 977 sed
2022 924 2318 993 promerita
2350 924 2454 979 illis
2485 924 2691 979 ultione
2721 931 2924 979 utetur.
2951 922 3106 990 Quod
3138 930 3317 977 autem
3338 921 3452 976 haec

1897 1028 2006 1065 non
2049 1029 2197 1067 mera
2229 1014 2391 1069 verba
2424 1015 2558 1083 sint,
2590 1014 2685 1070 sed
2732 1030 2820 1069 res
2848 1022 3014 1085 geste
3041 1027 3103 1067 ac
3144 1012 3264 1083 ipso
3290 1024 3453 1081 opere

1895 1106 2295 1174 comprobatae,
2342 1107 2499 1162 nobis
2542 1107 2633 1177 qui
2687 1105 2799 1161 haec
2828 1119 3145 1160 enarramus
3191 1104 3276 1159 vel
3335 1104 3453 1173 ipsa

1895 1195 2229 1264 experientia
2262 1197 2731 1251 commonstravit.
2770 1195 2904 1266 Ipsis
2939 1196 3104 1266 igitur
3133 1193 3307 1249 oculis
3331 1207 3453 1262 per-

1895 1283 2163 1353 cepimus,
2190 1294 2503 1355 peccatores
2532 1287 2590 1342 iu
2633 1287 3106 1358 persecutionibus
3144 1285 3201 1339 in
3232 1300 3333 1351 nos
3358 1300 3454 1338 ex-

1895 1376 2076 1432 citatis
2102 1375 2365 1432 adversus
2390 1377 2570 1446 justos
2600 1378 2835 1448 gladium
2866 1377 3122 1433 eduxisse
3143 1415 3159 1441 ,
3184 1388 3454 1445 arcusque

1896 1484 2027 1526 suos
2059 1471 2360 1527 intendisse
2386 1480 2446 1526 ut
2475 1471 2774 1542 dejicerent
2800 1487 3091 1544 pauperem
3115 1480 3170 1528 et
3212 1472 3450 1542 inopem,

1895 1567 1950 1616 et
1981 1567 2039 1616 ut
2073 1562 2414 1618 trucidarent
2465 1573 2646 1618 rectos
2694 1562 2885 1627 corde;
2937 1562 3282 1634 idipsumque
3313 1575 3454 1631 prte-

1896 1651 2132 1708 stitlsse:
2164 1661 2385 1709 sanctos
2418 1661 2684 1724 martyres
2713 1669 2812 1723 pro
2841 1653 2952 1710 Deo
2982 1653 3194 1709 fortiter
3229 1661 3455 1723 agentes

1895 1741 2161 1810 deiecisse
2219 1752 2274 1798 et
2324 1743 2610 1814 multiplici
2662 1743 2856 1800 mortis
2898 1759 3097 1814 genere
3145 1743 3451 1798 sustulisse.

233 1832 444 1886 ἀνεῖλον
476 1832 737 1896 ποικίλοις
775 1832 995 1903 τρόποις
1039 1830 1279 1886 θανάτων
1321 1833 1447 1898 τοὺς
1485 1832 1622 1888 κατὰ
1663 1833 1794 1889 Θεὸν

1902 1830 1968 1885 Ut
1999 1841 2178 1888 autem
2213 1832 2328 1889 haec
2377 1833 2636 1901 vidimus,
2661 1834 2735 1887 ita
2780 1841 2835 1891 et
2864 1834 3123 1911 ultionem
3163 1832 3257 1890 Dei
3306 1832 3455 1903 ipsos

233 1921 655 1992 ἀνδρισαμένους
702 1921 890 1990 ἁγίους
924 1922 1228 1995 μάρτυρας.
1273 1923 1479 1996 Ὥσπερ
1530 1922 1586 1977 δέ
1625 1924 1796 1980 ταῦτα

236 2011 671 2083 ίστορησάμενοι,
718 2011 859 2066 οὕτω
908 2012 1000 2066 καὶ
1049 2013 1148 2085 τὴν
1199 2012 1557 2085 μετελθοῦσαν
1601 2016 1797 2081 αὐτοὺς

232 2101 325 2155 τοῦ
364 2101 498 2156 Θεοῦ
543 2102 698 2173 δίκην
735 2102 1055 2175 τεθεάμεθα,
1083 2103 1337 2176 τοιαύτην
1365 2091 1679 2177 γενομένην,
1722 2107 1797 2173 ὡς

234 2191 310 2263 μὴ
342 2193 604 2262 ἁμαρτεῖν
634 2189 726 2246 τὸν
754 2193 999 2264 φήσαντα
1026 2192 1260 2264 ἀληθῶς,
1286 2193 1384 2265 τὴν
1411 2195 1683 2266 ῥομφαίαν
1701 2196 1799 2249 αύ-

229 2281 337 2335 τῶν
364 2282 763 2354 εἰσεληλυθέναι
792 2285 870 2347 είς
895 2283 994 2356 τὴν
1017 2283 1241 2355 καρδίαν
1266 2284 1444 2339 αὐτῶν
1466 2287 1561 2340 καὶ
1581 2286 1649 2340 τά
1668 2285 1796 2353 τόξα

228 2374 409 2429 αὐτῶν
433 2376 828 2446 συντετρῖφθαι.

296 2466 595 2535 Κρεῖσσον
618 2470 827 2538 ὀλίγον
864 2466 945 2535 τῷ
967 2467 1192 2536 δικαίῳ.
1237 2470 1312 2525 Οὐ
1340 2468 1656 2542 προείρηται
1695 2465 1795 2542 μόο

227 2572 340 2619 νον,
370 2556 501 2609 ἀλλὰ
543 2556 609 2609 δι’
647 2556 823 2629 ἔργων
863 2558 1349 2631 ἀποπεπλήρωται,
1388 2558 1482 2613 καὶ
1518 2561 1608 2613 τὸν
1638 2559 1794 2614 ἀλλον

229 2643 286 2697 δέ
334 2645 543 2716 χρόνον.
588 2646 645 2700 '0
686 2647 782 2717 μὲν
823 2647 1029 2714 δίκαιος
1061 2650 1377 2722 πτωχεύων,
1420 2652 1668 2723 ἀρκεῖται
1720 2651 1795 2723 τῷ

230 2733 416 2805 ὀλίγῳ,
463 2736 837 2808 δεδιδαγμένος
874 2741 931 2793 ἐν
962 2745 1233 2813 προσευχῇ
1279 2742 1456 2813 λέγειν
1481 2758 1494 2775 ·
1544 2744 1793 2814 Τὸν,ἆρ-

237 2840 346 2877 τον
365 2825 531 2893 ἡμῶν
566 2830 670 2880 τὸν
702 2828 1011 2883 ἐπιούσιον
1046 2831 1151 2898 δὸς
1180 2831 1321 2901 ἡμῖν
1353 2832 1641 2903 σήμερον·
1677 2838 1706 2889 ὁ
1738 2833 1794 2891 δέ

241 2914 577 2984 ἁμαρτωλὸς,
622 2917 833 2990 πλούτῳ
881 2921 1324 2993 περιρρεόμενος,
1387 2924 1592 2993 ἀγαθοῦ
1650 2944 1794 2989 τινος

238 3003 534 3057 ἀπόλαυσιν
570 3008 794 3077 νομίζει.
837 3010 974 3070 Ἀλλ’
1007 3011 1137 3081 ἐγὼ,
1169 3015 1352 3084 φησὶν,
1379 3011 1437 3067 εὖ
1480 3011 1614 3082 οἶδα,
1647 3016 1792 3073 διδά-

239 3108 355 3145 σκω
385 3092 440 3147 δὲ
477 3095 569 3148 καὶ
604 3096 848 3168 ἐτέρους·
895 3100 976 3153 ὅτι
1036 3102 1209 3173 πολλῷ
1236 3102 1456 3174 βελτιων
1492 3107 1636 3159 ἐστὶν
1665 3108 1694 3160 6
1717 3107 1794 3160 δί-

235 3199 391 3273 καιος
419 3183 508 3238 τὸν
539 3160 814 3261 ἐφήμερον
845 3191 1006 3273 ὅιρτον
1037 3160 1192 3265 παρά.
1228 3160 1322 3247 τοῦ
1352 3195 1482 3249 Θεοῦ
1508 3196 1794 3268 λαμϐάνων
1819 3160 1862 3217 C

233 3271 327 3326 τοῦ
356 3273 463 3327 τῶν
510 3277 844 3349 ἁμαρτωλῶν
870 3271 1123 3337 πλούτου.
1155 3285 1216 3338 Et
1242 3285 1286 3338 δ’
1326 3287 1553 3359 ἐρωτᾷς,
1587 3288 1685 3360 τὴν
1716 3291 1799 3344 αἰ·-

231 3364 353 3416 τίαν
393 3366 629 3435 μάνθανε
649 3385 663 3399 ·
693 3371 774 3424 ὅτι
803 3373 832 3425 ὁ
865 3374 964 3444 μὲν
1004 3374 1167 3446 ὀλίγῳ
1200 3372 1539 3448 ἀρκούμενος
1577 3379 1798 3452 ἔχειτὸν

237 3455 441 3528 Κύριον
470 3459 897 3533 ὑποστηρίζοιιτα
922 3464 1084 3519 αὐτοῦ
1107 3465 1203 3534 τὴν
1223 3466 1397 3540 ψυχὴν
1425 3470 1518 3524 καὶ
1536 3471 1635 3542 τὴν
1656 3470 1799 3545 ζωὴν

235 3545 330 3597 καὶ
360 3546 450 3599 τὸν
498 3546 632 3618 βίον,
681 3551 818 3624 ὑπὲρ
858 3552 1034 3607 πάντα
1073 3572 1132 3609 τε
1183 3557 1410 3612 πλοῦτον
1456 3560 1798 3633 ἐπαρκοῦντα

235 3636 384 3709 αὐτῷ
401 3655 415 3669 ·
447 3641 496 3692 οί
541 3640 597 3694 δέ
635 3640 741 3695 τῶν
769 3644 1106 3715 ἁμαρτωλῶν
1133 3646 1411 3721 βραχίονες
1439 3651 1499 3704 ού
1526 3652 1801 3723 διαμένου-

239 3743 323 3781 σιν
359 3730 587 3802 ίσχυροὶ,
625 3734 746 3787 οὐδὲ
782 3737 810 3788 6
850 3735 1076 3801 πλοῦτος
1105 3740 1282 3793 αὐτῶν
1313 3739 1558 3811 βέϐαιος·
1593 3759 1798 3814 συντρι-

240 3817 493 3889 ϐήσονται
543 3823 651 3896 γάρ
694 3825 816 3879 ὅσον
850 3827 1059 3881 οὐδέπω
1107 3816 1386 3901 γενόμενοι
1424 3832 1555 3886 ὡσεὶ
1592 3831 1797 3904 λάχανα

235 3908 400 3979 χλόης
425 3911 517 3963 καὶ
543 3912 674 3967 ὡσεὶ
705 3914 896 3987 χόρτος
925 3916 1426 3990 ἀποξηραινόμενοι.

304 3999 596 4056 Γινώσκει
640 4005 852 4073 Κύριος
899 4007 1005 4074 τὰς
1034 4008 1212 4075 ὀδοὺς
1240 4011 1358 4064 τῶν
1399 4010 1670 4083 ἀμώμων,
1698 4015 1800 4069 καί

170 4122 193 4135 ο
226 4093 270 4159 ἡ
304 4095 666 4165 κληρονομία
686 4097 884 4151 αὐτῶν
900 4102 986 4167 εὶς
1010 4103 1116 4155 τὸν
1133 4100 1317 4157 αἰῶνα
1336 4102 1525 4158 ἔσται.
1554 4107 1635 4160 Οὐ
1660 4124 1781 4162 κατ·

219 4187 743 4254 αισχυνθήσονται
789 4191 859 4245 ἐν
895 4192 1077 4261 καιρῷ
1118 4195 1377 4263 πονηρῷ,
1415 4196 1514 4249 καί
1545 4198 1615 4253 ἐν
1651 4199 1795 4270 ἡμέ-

212 4292 362 4344 ραις
404 4279 580 4347 λιμοῦ
635 4282 1171 4349 χορτασθήσονται,
1221 4285 1310 4339 ὅτι
1366 4290 1419 4341 οὶ
1464 4288 1796 4359 ἁμαρτωλοὶ

218 4368 620 4424 ἀπολοῦνται.
673 4374 794 4426 Ὀτι
833 4374 933 4427 τοῦ
978 4375 1152 4443 δεξιοῦ
1197 4378 1494 4450 τάγματος,
1550 4380 1693 4450 λέγω
1740 4382 1799 4436 δέ

1899 1923 2245 1981 invadentem
2273 1927 2641 1997 suspeximus,
2676 1941 2797 1997 quae
2830 1927 2955 1982 talis
2993 1926 3181 1997 utique
3222 1924 3345 1991 fuit,
3395 1933 3455 1979 ut

1898 2018 2035 2073 nihil
2058 2018 2395 2075 aberraverit
2437 2019 2485 2075 is
2524 2020 2619 2090 qui
2648 2020 2785 2076 dixit
2813 2020 3052 2091 gladium
3098 2033 3286 2075 eorum
3333 2015 3455 2072 inti.

1898 2122 2026 2164 xum
2056 2109 2111 2164 in
2142 2109 2308 2165 corda
2344 2109 2609 2180 ipsorum,
2639 2118 2695 2167 et
2721 2126 2883 2167 arcus
2910 2126 3099 2167 eorum
3142 2108 3454 2165 contractos

1897 2216 2039 2259 esse.

1965 2461 2135 2520 Vens.
2186 2464 2274 2520 16.
2318 2460 2509 2520 Melius
2554 2475 2633 2521 est
2681 2464 2941 2522 modicum
2962 2466 3133 2539 justo,
3170 2474 3276 2525 etc.
3328 2463 3452 2525 liae

1895 2571 2004 2611 non
2036 2557 2199 2612 modo
2229 2557 2588 2627 pmnuntiata
2616 2556 2796 2624 fuere,
2825 2559 2920 2614 sed
2949 2566 3005 2613 et
3036 2560 3157 2614 aliis
3197 2561 3453 2631 tempori-

1895 2646 1999 2702 bus
2031 2661 2196 2717 opere
2220 2646 2506 2719 completa.
2529 2645 2718 2706 Justus
2736 2648 2955 2719 quidem
2979 2664 3265 2719 pauperem
3288 2662 3453 2720 agens

1893 2738 2061 2791 vitam
2112 2737 2304 2809 paucis
2349 2745 2638 2796 contentus
2687 2747 2792 2807 est,
2846 2740 2913 2794 ad
2967 2741 3084 2795 haec
3123 2742 3176 2796 in
3208 2745 3453 2802 oratione

1895 2819 2217 2891 proferenda
2254 2822 2555 2887 institutus,
2588 2822 2789 2878 Panem
2823 2834 3061 2880 nostrum
3090 2827 3451 2897 quotidianum

1892 2910 1965 2966 da
1992 2912 2141 2967 nobis
2169 2912 2325 2968 hodie
2350 2913 2419 2968 ⁷³.
2461 2910 2726 2971 Peccator
2758 2924 2939 2971 autem
2970 2916 3175 2973 divitiis
3204 2917 3449 2985 affluens.

1893 3016 1955 3058 se
1982 3004 2124 3059 bono
2155 3003 2258 3059 frui
2290 3005 2606 3060 arbitratur.
2639 3006 2708 3060 At
2734 3007 2901 3078 probe
2930 3008 3076 3073 novi,
3131 3010 3328 3082 inquit,
3372 3012 3452 3066 ida

1893 3107 2000 3162 que
2046 3100 2272 3150 caeteros
2318 3095 2508 3160 doceo,
2547 3098 2716 3153 multo
2755 3101 3182 3168 praeStantiorem
3221 3103 3453 3172 justum,

1894 3187 1987 3257 qui
2018 3188 2394 3259 quotidianum
2426 3206 2456 3245 a
2498 3190 2607 3247 Deo
2636 3207 2829 3262 panem
2859 3196 3073 3266 accipit,
3104 3206 3452 3267 peccatorum

1895 3278 2103 3335 divitiis
2130 3294 2272 3335 esse.
2306 3279 2460 3348 Quod
2493 3281 2539 3338 si
2588 3298 2808 3339 causam
2838 3287 3195 3355 perconteris,
3240 3289 3452 3345 ediscat

1896 3368 2046 3433 licet,
2079 3371 2204 3440 quia
2240 3372 2329 3428 ille
2360 3373 2580 3442 quidem
2611 3378 2798 3445 paucis
2824 3384 3135 3440 contentus,
3167 3375 3453 3433 Dominum

1897 3460 2059 3517 habet
2101 3462 2193 3533 qui
2228 3463 2464 3519 animam
2512 3475 2567 3520 et
2596 3465 2761 3520 vitam
2809 3468 2928 3536 ejus
2979 3468 3187 3531 fulciat,
3242 3469 3454 3540 ipsique

1896 3551 2185 3624 plusquam
2236 3570 2425 3611 omnes
2464 3555 2666 3612 divitiae
2698 3557 2971 3614 suﬂiciat:
3024 3569 3079 3614 at
3110 3570 3452 3630 peccatorum

1896 3644 2121 3700 brachia
2152 3662 2260 3701 non
2289 3647 2513 3703 robusta
2559 3658 2801 3716 manent,
2832 3667 3010 3722 neque
3040 3653 3241 3708 divitia:
3266 3668 3479 3709 eorum

1897 3735 2068 3791 ﬁrmae
2116 3745 2282 3803 sunt;
2342 3754 2509 3809 pmpe
2537 3738 2677 3795 diem
2703 3741 2846 3797 enim
2900 3750 3257 3797 conterentur
3296 3744 3450 3814 quasi

1895 3825 2044 3881 olera
2075 3826 2388 3892 herbarum,
2421 3838 2474 3883 et
2500 3837 2757 3901 tanquam
2786 3829 2969 3886 fenum
2999 3840 3267 3889 arescent.

1966 4000 2134 4062 Vsus.
2180 4004 2244 4058 i8
2272 4034 2299 4046 -
2327 4001 2417 4059 ‘20.
2468 4001 2629 4060 Novit
2682 4004 2937 4062 Dominus
2987 4007 3099 4061 vias
3147 4007 3451 4065 immacula-

1896 4104 2090 4160 torum,
2128 4106 2177 4150 et
2223 4095 2504 4151 Itwreditas
2547 4112 2728 4152 eorum
2776 4082 2830 4148 in
2879 4105 3129 4150 azternum
3179 4098 3298 4152 erit.
3332 4097 3465 4154 Non.

1895 4186 2281 4257 confundantur
2320 4188 2373 4241 in
2408 4197 2631 4256 tempore
2659 4186 2822 4252 malo,
2875 4197 2924 4242 et
2966 4188 3025 4242 in
3070 4187 3250 4243 diebus
3293 4190 3455 4257 [amis

1896 4281 2298 4344 saturabuntnr,
2329 4279 2451 4349 quia
2481 4288 2777 4347 peccatores
2803 4278 3064 4348 peribunt.
3096 4277 3233 4344 Quia
3265 4293 3455 4333 eorum

1896 4372 1989 4443 qui
2021 4370 2077 4425 in
2111 4370 2303 4426 dextro
2353 4370 2546 4424 ordine
2586 4378 2738 4436 sunt,
2768 4370 2822 4424 id
2871 4377 2956 4425 est
3000 4369 3293 4439 justorum,
3347 4384 3459 4425 non

215 4457 356 4554 τῶν·
369 4457 608 4527 δικαίων,
641 4465 703 4517 οὐ
732 4466 889 4536 μόνον
915 4467 1263 4541 ύποστηρίζει
1288 4473 1317 4524 6
1344 4470 1475 4536 Θεὸς
1504 4472 1602 4545 τὴν
1628 4472 1793 4546 ζωὴν,

1900 4462 2060 4517 modo
2106 4462 2273 4516 vitam
2310 4460 2464 4515 fulcit
2503 4458 2804 4526 Dominus;
2855 4459 2949 4514 sed
2981 4459 3144 4513 etiam
3178 4459 3317 4524 dies,
3362 4460 3454 4530 qui

217 4546 370 4605 ἀλλά
401 4551 498 4603 καὶ
533 4551 631 4616 τὰς
668 4557 1062 4627 περιμενούσας
1109 4559 1304 4624 αὐτοὺς
1340 4561 1397 4614 ἐν
1435 4561 1512 4633 τῷ
1554 4562 1797 4633 μέλλοντι

1900 4555 2050 4625 ipsos
2081 4554 2135 4607 in
2171 4551 2355 4607 futuro
2385 4550 2586 4605 saeculo
2625 4556 2964 4619 exspectant.
2994 4559 3249 4605 accurate
3281 4554 3454 4617 novit,

215 4640 388 4698 αἰῶνι
431 4642 642 4715 ἡμέρας
695 4647 936 4718 ἀκριϐῶς
972 4647 1100 4714 οἶδε,
1156 4654 1257 4724 τήν
1301 4670 1358 4707 τε
1398 4655 1800 4729 ἡτοιμασμένην

213 4734 415 4797 αὐτοῖς
462 4733 842 4808 κληρονομίαν,
888 4743 1015 4813 περὶ
1055 4738 1122 4815 ἦς
1164 4744 1421 4817 ἀνωτέρω
1455 4744 1667 4818 ἐλέχθη.
1707 4747 1799 4802 Διὸ

208 4825 383 4882 οὐδὲν
410 4827 604 4892 αὐτοὺς
631 4829 962 4902 καταϐλάψει
992 4833 1051 4886 τὸ
1077 4834 1274 4908 βραχὺ,
1308 4838 1404 4892 καὶ
1430 4836 1669 4908 λυπηρὸν
1703 4839 1796 4894 τοῦ

209 4917 499 4990 παρόντος
538 4919 676 4991 βίου,
718 4923 810 4976 καὶ
839 4923 901 4975 τὸ
938 4924 1193 4980 πένεσθαι
1232 4930 1325 4982 καὶ
1369 4929 1668 5002 πτωχεύειν
1710 4930 1797 4985 διὰ

203 5011 319 5066 τὸν
348 5008 569 5082 Κύριον.
606 5012 907 5083 Γυμνάσιον
935 5015 1044 5088 γὰρ
1075 5018 1251 5073 αὐτῶν
1275 5022 1390 5074 ἐστι
1417 5022 1515 5093 τῆς
1541 5023 1797 5095 προαιρέ-

205 5117 370 5163 σεως
400 5102 432 5171 ἡ
458 5106 741 5175 καρτερία,
773 5105 840 5158 δι’
868 5101 935 5178 ἦς
962 5106 1061 5178 τὴν
1101 5112 1290 5182 στενὴν
1313 5113 1405 5165 καὶ
1434 5112 1796 5186 τεθλιμμένην

201 5191 524 5260 ὁδεύοντες,
571 5196 848 5262 τεύξονται
890 5199 998 5252 τῶν
1047 5201 1486 5274 ἐπηγγελμένων.
1546 5207 1690 5260 ’Δντὶ
1737 5206 1794 5258 δέ

197 5282 340 5343 τοῦ,
369 5281 662 5349 γινώσκει,
686 5286 714 5337 ὁ
736 5284 1051 5357 Σύμμαχος,
1079 5290 1363 5358 Προοῖδεν
1387 5296 1418 5346 ό
1449 5295 1661 5363 Κύριος
1686 5296 1793 5363 τὰς

198 5373 452 5449 ἡμέρας
483 5373 601 5428 τῶν
630 5376 900 5447 ἀμώμων,
933 5380 1214 5446 ἐξέδωκεν.
1247 5385 1357 5437 Καὶ
1397 5384 1523 5439 ἄλλο
1553 5387 1609 5439 δέ
1653 5388 1791 5460 μέγα

201 5464 460 5538 ὑπάρξει
493 5466 738 5532 τούτοις·
787 5471 858 5524 ἐν
888 5473 1009 5544 ’γὰρ
1056 5474 1238 5543 καιρῷ
1288 5476 1525 5545 ποντωῷ
1562 5481 1634 5533 οὺ
1665 5498 1795 5536 κατ-

197 5559 759 5628 αισχυνθήσονται,
784 5565 881 5618 καί
902 5565 972 5619 ἐν
997 5566 1245 5636 ἡμέραις
1264 5568 1442 5640 λιμοῦ
1464 5572 1794 5641 χορτασθή-

280 5741 338 5775 το
379 5737 511 5797 Luc.
549 5756 627 5807 xl,
660 5743 709 5800 5.

552 5835 821 5901 Ριτιιοι..
865 5839 982 5903 Gtt.
1031 5835 1265 5903 XXIII.

1900 4654 2062 4717 atque
2111 4651 2357 4715 paratam
2393 4642 2502 4698 illis
2530 4639 2920 4705 hereditatem,
2955 4640 3024 4696 de
3065 4657 3172 4712 qua
3207 4644 3458 4714 superius

1897 4739 2104 4795 dictum
2154 4745 2258 4794 est.
2311 4734 2490 4803 Quare
2541 4734 2853 4790 nocumenti
2901 4734 3038 4789 nihil
3086 4733 3274 4789 atl‘eret
3325 4734 3458 4805 ipsis

1899 4829 2190 4902 praesentis
2221 4829 2344 4884 vita:
2389 4826 2631 4883 brevitas
2683 4840 2747 4879 ac
2787 4826 3044 4890 tristitia,
3073 4833 3127 4880 et
3170 4825 3458 4896 pauperies

1895 4922 2189 4992 inopiaque
2227 4935 2390 4993 quam
2442 4934 2540 4991 pro
2586 4917 2815 4973 Domino
2860 4918 3091 4988 amplexi
3140 4925 3286 4973 sunt.
3319 4916 3453 4972 Nam

1896 5029 2087 5070 eorum
2116 5012 2379 5084 propositi
2416 5020 2471 5067 et
2498 5010 2797 5065 voluntatis
2831 5008 3147 5063 exercitatio
3188 5008 3289 5063 fuit
3320 5009 3458 5064 tole-

1897 5106 2095 5169 rantia,
2130 5121 2239 5177 qua
2285 5106 2342 5159 in
2391 5108 2619 5173 angusta
2674 5108 2934 5172 arctaque
2978 5100 3064 5157 via
3118 5100 3454 5165 incedentes,

1895 5197 2166 5268 promissa
2191 5202 2613 5263 consequentur.
2636 5190 2743 5247 Pro
2765 5193 2859 5247 illo
2890 5204 3089 5260 autem,
3118 5195 3277 5259 novit,
3306 5191 3457 5263 Sym-

1896 5289 2144 5350 machus,
2169 5286 2411 5355 prazvidit
2433 5285 2690 5339 Dominus
2718 5284 2829 5339 dies
2861 5284 3343 5346 immaculatorunt,
3374 5284 3456 5335 in-

1898 5388 2227 5451 terpretatus
2284 5387 2390 5434 est.
2448 5375 2717 5447 Aliudque
2773 5391 3029 5448 magnum
3077 5377 3276 5431 bonum
3321 5369 3456 5441 ipsis

1898 5473 2149 5529 Obveniet
2172 5489 2188 5539 ;
2217 5486 2339 5525 nam
2369 5471 2422 5525 in
2444 5481 2668 5540 tempore
2687 5471 2827 5526 maio
2849 5487 2951 5525 non
2979 5467 3384 5537 confundantur,
3404 5471 3454 5515 et

1900 5568 1953 5624 in
1974 5564 2155 5623 diebus
2183 5564 2342 5636 famis
2365 5564 2765 5621 saturabuntur.
2794 5561 2990 5620 Malum
3019 5570 3255 5627 tempus.
3287 5555 3341 5611 id
3373 5566 3458 5611 est

3099 5834 3166 5901 ﬂ
