3980 6214
531 362 635 433 om

1236 359 1506 419 EUSEBII
1535 356 2012 415 CASSARIENSIS
2049 355 2198 413 OPP.
2240 353 2420 411 PARS
2453 352 2540 412 111.
2578 384 2648 399 --
2679 350 3083 411 EXEGETICA.

3675 348 3788 407 332

538 477 754 556 tempus
776 482 871 541 ira:
890 482 1153 541 adversus
1173 482 1390 554 impios,
1415 496 1524 553 quo
1548 480 1623 535 illi
1652 480 1873 552 quidem
1890 479 2095 552 justum

2205 493 2435 532 συνται.
2481 478 2687 550 Καιρὺς
2723 477 2780 532 δέ
2811 476 3050 550 πονηρός
3096 476 3243 530 ἐστιν
3286 475 3316 530 ὁ
3346 474 3447 545 τῆς
3491 470 3632 528 κατά
3673 472 3792 526 τῶν

540 576 634 633 Dei
656 577 924 647 judicium
952 576 1343 648 experientur;
1389 575 1483 647 qui
1517 589 1647 630 vero
1684 575 1740 629 in
1789 572 1983 629 dextro
2023 587 2109 627 or-

537 669 664 725 dine
709 677 858 735 sunt,
911 668 1163 741 gloriam,
1218 666 1480 722 honorem
1530 675 1585 723 et
1641 664 2106 737 incorruptionem

537 761 883 827 obtinebunt,
920 768 979 815 ut
1005 759 1099 831 qui
1137 758 1305 814 vitam
1337 766 1593 815 εἰει-ηοω
1623 757 1959 829 quaesierint.
1993 755 2109 813 lmo

538 868 667 907 vero
694 861 901 909 statuto
932 861 1179 927 tempore
1211 852 1371 924 justi,
1402 851 1589 906 divino
1636 851 1896 906 alimento
1925 849 2105 921 potiti,

537 944 973 1010 saturabnntur;
1009 950 1323 1014 peccatores
1364 947 1546 997 autem
1578 939 1721 997 fame
1768 948 1821 995 et
1865 948 2107 1011 egestate

536 1034 878 1091 rationabilis
909 1035 1017 1090 cibi
1058 1035 1332 1106 peribunt.
1364 1031 1498 1099 Quis
1539 1041 1718 1087 autem
1748 1032 1918 1089 oculis
1968 1047 2105 1087 con-

538 1128 833 1198 templatus
862 1128 1059 1198 impios
1090 1130 1182 1198 qui
1212 1141 1327 1182 avo
1360 1131 1552 1180 nostro
1581 1140 1648 1179 ex
1678 1124 1908 1189 divitiis,
1935 1122 2105 1195 gloria

534 1229 587 1275 et
619 1220 974 1292 dignitatibus
1010 1221 1063 1275 in
1098 1216 1460 1274 admiratione
1501 1217 1672 1281 fuere,
1710 1216 1764 1271 in
1798 1219 2105 1287 multasque

534 1315 722 1380 gentes
752 1309 1041 1378 imperium
1072 1308 1380 1373 obtinuere,
1410 1315 1635 1378 repente
1655 1305 1723 1360 ab
1751 1306 1854 1360 hac
1882 1305 2103 1361 celsitu-

533 1401 662 1456 dine
715 1400 918 1470 lapsos,
965 1414 1074 1454 non
1120 1398 1353 1455 fateatur
1404 1412 1591 1456 verum
1645 1411 1769 1453 esse
1820 1396 2102 1451 oraculum

533 1493 848 1561 lmjusmodi
884 1513 896 1549 :
930 1492 1142 1548 Inimici
1177 1509 1297 1548 vero
1325 1491 1562 1556 Domini,
1596 1506 1717 1545 mox
1748 1499 1807 1544 ut
1846 1490 2105 1560 honoriﬁ-

531 1587 639 1639 cati
677 1588 888 1655 [uerunt
930 1596 981 1641 et
1023 1585 1271 1651 exaltati,
1319 1584 1617 1655 deﬁcientes
1662 1580 2103 1656 quemadmodum

531 1677 710 1748 fumus
748 1677 1094 1749 defecerunt?
1139 1676 1345 1732 Fumus
1389 1676 1647 1732 exstincti
1696 1674 1839 1747 ignis
1885 1673 2100 1747 signum

528 1779 615 1825 est
639 1789 651 1824 :
683 1784 853 1841 quare
873 1770 928 1825 hi
950 1770 1045 1841 qui
1066 1780 1306 1841 tempore
1327 1782 1428 1824 suo
1450 1767 1708 1823 ardentes
1732 1767 1874 1839 ignis
1898 1766 2095 1832 instar,

2208 569 2421 625 ἀσεϐῶν
2453 571 2645 643 ὀργῆς,
2685 572 2744 624 ἐν
2784 563 2830 638 ᾧ
2872 571 2922 623 οἱ
2968 569 3068 641 μὲν
3112 567 3215 639 τῆς
3256 565 3650 638 δικαιοκρισίας
3685 563 3789 619 τοῦ

2208 659 2344 715 Θεοῦ
2372 662 2852 734 πειρασθήσονται,
2876 661 2926 714 οί
2950 660 3009 714 δέ
3030 659 3125 713 τοῦ
3148 657 3323 725 δεξιοῦ
3356 659 3634 731 τάγματος
3656 659 3793 712 ἀπο-

2207 752 2480 825 λείψονται
2506 754 2661 819 δόξαν
2701 753 2797 807 καὶ
2821 752 2987 825 τιμὴν
3018 753 3113 807 καὶ
3141 751 3466 825 ἀφθαρσίαν,
3494 749 3791 823 ζητοῦντες

2207 842 2353 917 ζωὴν
2401 845 2639 901 αἰώνιον.
2690 847 2767 900 Ού
2803 845 2909 919 μὴν
2941 845 3075 900 ἀλλά
3121 845 3216 899 καὶ
3259 844 3402 900 κατά
3441 843 3533 897 τὸν
3572 843 3790 897 ἑστῶτα

2209 936 2418 1010 καιρὸν,
2445 938 2493 991 oi
2542 936 2640 1008 μὲν
2670 937 2868 993 δίκαιοι
2899 939 2999 1011 τῆς
3026 938 3207 993 ἐνθέου
3238 936 3446 1009 τροφῆς
3484 934 3788 989 ἀπολαύονο

2205 1046 2297 1092 τες
2326 1029 2788 1102 χορτασθήσονται
2810 1046 2824 1062 ’
2862 1033 2913 1085 oi
2951 1031 3008 1085 δέ
3037 1029 3349 1103 ἁμαρτωλοὶ
3384 1027 3527 1100 λιμῷ
3561 1028 3657 1082 καὶ
3695 1028 3789 1081 ἐν-

2204 1119 2321 1192 δείᾳ
2348 1119 2571 1192 λογικῆς
2608 1123 2815 1193 τροφῆς
2859 1121 3205 1176 ἀπολοῦνται.
3240 1121 3335 1185 Τίς
3375 1120 3433 1174 δὲ
3480 1119 3789 1192 ὀφθαλμοῖς

2206 1211 2537 1284 ωραλαὸιῦν
2565 1214 2691 1278 τοὺς
2720 1212 2844 1267 καθ’
2872 1215 3018 1285 ἡμᾶς
3041 1213 3258 1278 ἀσεϐεῖς
3289 1212 3502 1283 πλούτῳ
3536 1214 3633 1267 καὶ
3655 1213 3790 1287 δόξῃ

2205 1304 2300 1359 καὶ
2330 1303 2605 1376 ἀξιώμασι
2637 1305 3071 1379 θαυμασθέντας,
3107 1306 3357 1380 μεγάλων
3386 1322 3444 1359 τε
3476 1304 3647 1360 ἐθνῶν
3679 1305 3790 1378 ἄρ-

2205 1396 2419 1464 ξαντας.
2450 1398 2663 1470 ἀθρόως
2706 1401 3037 1465 ἐκπεσόντας
3076 1400 3171 1454 τοῦ
3217 1398 3528 1471 ὑψώματος,
3570 1398 3672 1451 οὐκ
3720 1397 3790 1452 ἂν

2201 1489 2588 1562 ὁμολογήσειεν
2631 1493 2806 1566 ἀληθῆ
2843 1494 3133 1565 τυγχάνειν
3167 1492 3229 1547 τὸ
3257 1493 3436 1565 φῆσαν
3469 1491 3683 1561 λόγιονυ
3724 1492 3792 1546 οι

2202 1581 2256 1636 δ’
2295 1583 2495 1651 ἐχθροί
2536 1583 2643 1638 τοῦ
2683 1585 2831 1641 Θεοῦ
2870 1585 2989 1655 ἅμα
3032 1584 3112 1650 τῷ
3154 1583 3526 1653 δοξασθῷηι
3557 1583 3792 1651 αὐτοὺς

2202 1673 2301 1727 καί
2320 1671 2648 1744 ἐπαρθῆναι
2673 1676 3025 1743 ἐκλιπόντες
3053 1675 3193 1730 ὡσεί
3222 1675 3452 1741 καπνὸς
3473 1673 3787 1739 ἐξέλιπον.

2204 1767 2426 1832 nam;
2451 1768 2508 1822 δέ
2552 1769 2722 1841 πυρὸς
2753 1761 3071 1834 σϐεσθέντος
3100 1771 3323 1840 σημεῖον
3346 1784 3360 1797 ·
3403 1766 3484 1821 διὸ
3525 1767 3622 1822 καὶ
3665 1768 3793 1822 τού-

528 1838 728 1919 detnde
745 1838 1000 1919 exstincti
1024 1838 1449 1925 sunt,vsimilitér
1464 1880 1467 1887 ί
1480 1861 1535 1915 in
1565 1838 1869 1933 exemplum
1894 1861 2095 1917 haben-

2202 1875 2326 1925 τους
2351 1861 2527 1935 καιρῷ
2554 1838 2852 1931 φλέξαντας
2882 1863 3053 1933 πυρὸς
3084 1838 3262 1934 δίκην.
3288 1860 3523 1917 κᾶπειτα
3552 1861 3792 1916 ἀποσϐε-

526 1961 639 2008 tur.

602 2045 765 2102 \‘sns.
799 2045 891 2112 2|,
913 2045 1004 2100 22.
1047 2045 1328 2101 Mutuatur
1369 2055 1629 2115 peccator,
1663 2056 1712 2101 et
1755 2062 1858 2101 non
1885 2046 2047 2102 solvet
2076 2062 2096 2100 :

526 2146 701 2192 iustus
752 2149 929 2193 autem
980 2139 1257 2194 miseretur
1284 2148 1333 2194 et
1386 2140 1598 2196 tribuet.
1653 2138 1748 2195 Ille
1786 2154 1912 2194 cum
1961 2139 2097 2194 nihil

525 2229 855 2297 possideret,
889 2230 1200 2301 multosque
1222 2245 1253 2284 a
1280 2230 1400 2286 viro
1422 2231 1575 2300 justo
1607 2230 1768 2286 utiles
1797 2231 2096 2287 salutares-

520 2336 633 2390 que
659 2336 941 2377 sermones
971 2331 1165 2378 mutuo
1195 2325 1486 2393 acciperet,
1519 2332 1612 2377 aut
1635 2339 1665 2378 a
1690 2321 1798 2379 Deo
1815 2322 2097 2379 beneficiis

524 2423 837 2478 ornaretur,
861 2412 1105 2469 debitum
1128 2430 1236 2469 non
1263 2415 1445 2470 solvit.
1477 2412 1613 2469 Nam
1638 2413 1907 2485 adjutum,
1932 2430 2097 2487 opor-

523 2504 639 2559 tuit‘
677 2519 842 2574 opera
890 2518 955 2559 ac
1002 2512 1154 2576 gesta
1194 2504 1436 2575 acceptis
1483 2504 1647 2575 digna
1702 2504 1980 2560 exhibere.
2026 2503 2096 2558 At

523 2596 615 2652 ille
644 2611 753 2651 non
783 2597 967 2660 solvit,
1003 2606 1296 2666 manetque
1317 2595 1546 2666 iustitia:
1573 2596 1827 2667 opei'ihus
1865 2611 2091 2652 vacuus.

521 2686 710 2744 Justus
742 2703 871 2744 vero
901 2687 1108 2744 divitiis
1134 2703 1254 2759 qua:
1303 2687 1605 2744 secundum
1650 2686 1817 2741 Deum
1848 2695 1976 2743 sunt
2009 2686 2088 2741 af-

520 2779 720 2848 ﬂuens,
757 2780 1051 2836 miseretur
1087 2790 1142 2836 et
1193 2780 1383 2836 tribuit
1429 2776 1733 2850 cgcufibus.
1788 2777 1893 2834 Sed
1932 2779 2095 2835 etiam

521 2871 616 2940 qui
660 2870 812 2942 justo
842 2870 1191 2935 benedicunt,
1238 2869 1359 2939 ejus
1405 2866 1719 2923 cohaeredes
1748 2876 1927 2923 erunt.
1960 2865 2094 2922 Eam

518 2962 667 3015 enim
693 2961 868 3031 ipsam
897 2975 1191 3030 supernam
1224 2957 1613 3023 hzereditatem,
1649 2958 1937 3028 quaajusto
1964 2972 2093 3028 pro-

519 3052 692 3109 missa
718 3052 844 3117 fuit,
877 3050 1559 3120 benedicentibusjustum
1587 3049 1749 3106 etiam
1781 3050 2090 3122 pollicetur.

510 3147 653 3213 Qui:
680 3152 990 3201 consonant
1018 3144 1243 3199 oraculo
1286 3142 1558 3198 Abraham
1595 3144 1864 3214 spectanti
1913 3158 1979 3198 ac
2005 3142 2092 3198 di—
2119 3175 2161 3233 ρ

519 3235 663 3294 uenti
693 3254 706 3289 :
738 3233 808 3289 Et
838 3234 1139 3290 benedicens
1172 3234 1526 3289 benedicentes
1556 3242 1603 3288 te
1618 3233 1691 3288 τί.
1719 3232 1855 3288 Illud
1886 3243 2091 3304 autem,

520 3326 899 3383 illaledicentes
949 3336 1124 3381 autem
1174 3328 1223 3382 ei
1268 3325 1619 3397 disperibunt,
1662 3325 1818 3381 alline
1853 3335 1939 3383 est
1967 3328 2095 3385 huic

519 3415 588 3472 nil
618 3417 992 3472 Ahrahamum
1041 3417 1209 3483 dicto,
1245 3427 1295 3471 et
1324 3415 1754 3472 maledicentibus
1784 3417 1877 3472 tibi
1921 3419 2091 3474 male-

516 3510 778 3566 dicant".
813 3507 1280 3577 Quemadmodum
1306 3508 1451 3564 enim
1481 3511 1573 3583 qui
1608 3510 1839 3584 lapidem
1869 3525 2088 3566 sursum

515 3602 669 3670 iacit,
715 3602 796 3657 sic
842 3602 936 3673 qui
984 3600 1289 3658 maledictis
1316 3601 1527 3673 justum
1561 3604 1789 3676 impetit,
1824 3605 1951 3676 quia
1981 3620 2091 3661 non

519 3701 701 3763 potest
750 3693 902 3762 justo
940 3693 1294 3748 maledictum
1343 3694 1571 3762 haerere,
1621 3703 1885 3751 retortum
1932 3695 1990 3750 in
2032 3710 2093 3751 se

517 3783 819 3838 maledicus
856 3783 1115 3853 excipiet.

584 4035 754 4095 Vsus.
802 4039 895 4106 25,
931 4039 1021 4095 24.
1060 4038 1208 4110 Apud
1274 4040 1560 4096 Dominum
1598 4059 1811 4114 gressus
1862 4043 2088 4101 hominis

514 4129 829 4203 dirigentur.
860 4131 1066 4187 Praeter
1096 4146 1263 4202 supra
1296 4141 1617 4198 memorata,
1651 4135 1765 4190 haec
1797 4137 1960 4192 etiam
1991 4139 2089 4193 ho-

516 4223 650 4278 mini
679 4220 776 4279 Dei
811 4224 1051 4282 adsunt:
1084 4224 1203 4280 vias
1231 4225 1351 4296 ejus
1380 4224 1525 4282 Deus
1557 4229 1889 4298 complanat,
1928 4230 2001 4286 ita
2030 4208 2099 4288 ut.

512 4318 627 4377 vita
674 4320 796 4392 ejus
848 4320 1082 4377 feliciter
1121 4321 1371 4377 elahatur
1400 4340 1413 4376 :
1447 4336 1512 4377 ac
1560 4323 1678 4378 sine
1709 4324 1820 4378 ullo
1856 4325 2012 4381 obice
2042 4328 2087 4383 is

512 4412 770 4485 religiose
804 4415 936 4485 agit,
987 4430 1017 4470 a
1051 4415 1378 4487 nemineque
1419 4417 1826 4488 supplantatur,
1863 4428 2085 4492 propter

2201 1950 2440 2017 οθέντας,
2467 1953 2666 2024 ὁμοίως
2693 1954 2749 2007 ἐν
2772 1953 2851 2025 τῷ
2881 1953 3279 2026 παραδείγματι
3304 1951 3403 2025 (1).

2266 2039 2592 2105 Δανείζεται
2619 2048 2652 2098 ό
2699 2045 3068 2115 ἁμαρτωλὸς.
3113 2046 3212 2101 καὶ
3258 2047 3371 2124 οὐκ
3406 2045 3720 2101 ἀατοτίσειο
3754 2046 3791 2102 δ

2196 2132 2265 2188 δὲ
2295 2132 2525 2200 δίκαιος
2557 2135 2823 2203 οἱκτείρει
2861 2135 2958 2189 καὶ
3003 2133 3174 2189 διδοῖ.
3209 2136 3390 2206 Μηδὲν
3421 2137 3786 2208 κεκτημένος,

2197 2226 2344 2300 παρά
2375 2224 2471 2279 τοῦ
2504 2225 2709 2279 δικαίου
2739 2226 2997 2290 πολλάκις
3023 2225 3402 2298 δανειζόμενος
3424 2227 3620 2297 λόγους
3641 2227 3786 2299 ὠφε-

2195 2319 2385 2390 λίμους
2428 2318 2523 2372 καὶ
2565 2317 2887 2391 σωτηρίους,
2923 2319 2957 2391 ἢ
2992 2319 3143 2392 παρά
3171 2318 3268 2373 τοῦ
3294 2320 3430 2375 Θεοῦ
3459 2320 3786 2391 εὐεργεσίας

2195 2412 2498 2483 τυγχάνων,
2543 2412 2645 2469 οὐκ
2692 2412 3008 2466 ἅποτίννυσι
3047 2412 3146 2486 τήν
3193 2413 3435 2485 ὀφειλήν.
3482 2413 3611 2468 Δέον
3673 2415 3787 2488 γάρ

2194 2501 2568 2573 ὠφεληθέντα,
2590 2501 2727 2574 ἔργα
2767 2503 2862 2556 καὶ
2906 2502 3135 2576 πράξεις
3165 2506 3468 2577 παρασχεῖν
3508 2504 3670 2572 ἀξίας
3709 2498 3787 2559 ὧν

2193 2594 2439 2664 εἴληφεν.
2481 2593 2539 2646 'O
2572 2592 2630 2647 δέ
2656 2592 2757 2647 ούκ
2803 2595 3173 2659 ἀποτίννυσιν,
3220 2596 3373 2667 μένει
3416 2595 3473 2649 δέ
3523 2597 3785 2668 ἄκαρπος

2191 2685 2302 2739 τῶν
2333 2683 2433 2759 τῆς
2460 2672 2821 2758 δικαιοσύνης
2846 2685 3041 2759 ἔργων.
3090 2687 3150 2742 '0
3181 2687 3237 2741 δέ
3272 2688 3496 2753 δίκαιος,
3527 2688 3785 2745 πλουτῶν

2194 2779 2252 2832 ἐν
2277 2776 2357 2850 τῷ
2393 2777 2534 2833 κατά
2562 2777 2695 2832 Θεδν
2723 2777 2958 2852 πλούτῳ,
2991 2781 3252 2852 οίκτείρει
3286 2780 3380 2835 καὶ
3406 2780 3629 2852 παρέχει
3656 2783 3786 2846 τοῖς

2192 2869 2486 2941 δεομένοις.
2530 2870 2689 2924 Ἀλλά
2712 2873 2809 2925 καὶ
2842 2871 2893 2926 oi
2917 2869 3007 2925 τὸν
3038 2870 3245 2927 δίκαιον
3269 2870 3610 2942 εὐλογοῦντες
3643 2887 3785 2941 συγ-

2193 2959 2519 3040 κληρονδμοι
2547 2960 2714 3015 αὐτοῦ
2755 2961 3095 3033 γενήσονται.
3132 2962 3236 3015 Ἦν
3266 2959 3374 3032 γάρ
3411 2960 3782 3033 ἐπηγγείλατο

2192 3052 2472 3126 ἀνωτέραν
2502 3056 2613 3118 τοῖς
2640 3052 2869 3117 δικαίοις
2894 3051 3256 3126 κληρονομίαν
3299 3057 3325 3109 δ
3356 3054 3532 3124 λόγος,
3571 3055 3779 3129 ταύτην

2193 3143 2362 3216 αὐτὴν
2406 3144 2501 3198 καὶ
2547 3146 2661 3208 τοῖς
2705 3143 2987 3213 εύλογοῦσι
3029 3143 3121 3199 τὸν
3165 3145 3373 3200 δίκαιον
3408 3147 3776 3218 ὑπισχνεῖται,

2196 3235 2506 3302 ἀκολούθως
2535 3236 2613 3309 τῷ
2652 3237 2788 3309 πρὸς
2818 3236 2912 3292 τὸν
2951 3236 3203 3311 Ἀϐραάμ
3233 3239 3465 3312 χρησμῷ
3504 3242 3774 3313 φήσαντι·

2193 3330 2304 3385 Kal
2336 3328 2650 3399 εὐλογήσω
2682 3328 2825 3397 τοὺς
2864 3329 3272 3402 εὐλογοῦντὰς
3316 3347 3408 3385 σε.
3444 3331 3516 3385 Τὸ
3549 3332 3628 3397 δέ,
3661 3334 3778 3390 Kal

2194 3422 2249 3474 οι
2286 3420 2685 3491 καταρώμενοι
2715 3420 2903 3476 αὐτὸν
2930 3421 3564 3491 ὲξολοθρευθήσονται,
3588 3423 3781 3497 ὅμοιον

2193 3509 2261 3587 ἀν
2293 3510 2380 3582 εἴη
2422 3509 2498 3581 τῷ
2525 3510 2839 3582 λελεγμένῳ
2868 3510 3006 3583 πρὸς
3036 3511 3125 3565 τὸν
3167 3511 3414 3584 Ἀδραάμ
3434 3528 3449 3543 ⁸
3493 3511 3606 3568 Kal
3634 3513 3781 3582 τοὺς

2193 3599 2643 3670 καταρωμένους
2666 3618 2740 3656 σε
2763 3599 3191 3673 καταράσομαι.
3220 3603 3430 3675 Ὠσπερ
3456 3602 3564 3677 γάρ
3593 3606 3624 3658 ὀ
3654 3603 3780 3675 βάλ-

2191 3689 2299 3744 λων
2336 3689 2482 3743 λίθον
2520 3692 2600 3755 εἰς
2634 3691 2765 3762 ὕψος
2795 3693 2888 3746 ἐπὶ
2917 3695 3015 3765 τὴν
3053 3693 3295 3766 κεφαλήν
3337 3693 3533 3750 ἐαυτοῦ
3564 3695 3776 3767 βάλλει,

2190 3780 2362 3845 οὕτως
2398 3784 2427 3837 ὁ
2457 3782 2727 3853 κατάραις
2756 3784 2964 3855 βάλλων
2988 3786 3079 3839 τὸν
3104 3784 3334 3851 δίκαιον,
3363 3786 3449 3841 διά
3474 3786 3538 3841 τὸ
3567 3786 3646 3860 μή
3676 3788 3777 3843 δύ-

2190 3873 2387 3929 νασθαι
2415 3875 2659 3947 κατάραν
2686 3875 2936 3930 ἵστασθαι
2958 3879 3078 3932 κατ’
3102 3862 3777 3951 αύτοῦ,ἀντιστρέφουσαν

2188 3965 2359 4039 αὐτὴν
2387 3967 2467 4031 είς
2487 3967 2678 4020 ἐαυτὸν
2709 3966 2959 4038 λήψεται.

2258 4055 2424 4125 Παρὰ
2450 4056 2673 4125 Κυρίου
2717 4056 2789 4111 τὰ
2838 4056 3166 4130 διαδήματα
3213 4059 3528 4129 ἀνθρώπου
3566 4078 3775 4118 κατευ-
3806 4126 3820 4140 ο

2190 4148 2447 4203 θύνεται.
2486 4148 2632 4222 Πρὸς
2676 4153 2789 4216 τοῖς
2834 4153 3145 4225 εἰρημένοις
3187 4153 3281 4208 καὶ
3321 4154 3493 4208 ταῦτα
3536 4155 3774 4229 ὑπάρχει

2186 4240 2265 4313 τῷ
2290 4241 2384 4295 τοῦ
2417 4242 2551 4296 Θεοῦ
2572 4241 2867 4315 -ἀνθρώπῳ
2886 4261 2899 4274 ο
2935 4244 3033 4309 τάς
3070 4247 3222 4311 ὁδοὺς
3249 4246 3414 4301 αὑτοῦ
3459 4247 3774 4319 ἐξομαλίζει

2185 4335 2215 4387 ὀ
2247 4333 2397 4398 Θεὸς,
2426 4332 2567 4387 ὥστε
2617 4334 2826 4406 εύροεῖν
2859 4336 3025 4390 αὑτοῦ
3055 4337 3147 4390 τὸν
3176 4337 3311 4408 βίον,
3352 4339 3447 4393 καὶ
3477 4340 3775 4412 ἀπαραποο

2184 4422 2380 4489 δίστως
2429 4423 2722 4493 θεοσεὸεῐν,
2768 4427 2998 4499 μηδενὸς
3053 4429 3496 4496 ὑποσκελίζοντος
3542 4431 3633 4485 διά
3680 4431 3774 4484 τὸν

510 4523 636 4563 eum
661 4509 754 4581 qui
777 4526 1001 4582 gressus
1022 4511 1144 4581 ejus
1166 4511 1374 4585 dirigit,
1404 4522 1454 4567 et
1478 4514 1616 4567 viam
1644 4516 1757 4584 ejus
1781 4515 1933 4585 volet,
1958 4517 2085 4588 quia

2199 4514 2590 4570 κατευθύνοντα
2634 4517 2798 4572 αὐτοῦ
2847 4518 2917 4572 τά
2953 4518 3285 4593 διαδήματα,
3331 4522 3429 4576 καὶ
3471 4521 3589 4589 τὴν
3625 4521 3776 4577 ὁδὸν

512 4600 661 4656 tllam
692 4602 1086 4673 approbatione
1114 4604 1333 4676 dignam
1367 4615 1522 4678 parat
1548 4624 1563 4672 ;
1599 4608 1671 4659 ita
1700 4615 1759 4662 ut
1788 4606 1909 4664 ideo
1935 4607 2084 4663 dica-

512 4698 622 4759 tur,
649 4702 698 4745 et
729 4694 865 4747 tiam
892 4694 1007 4765 ejus
1035 4696 1189 4751 volet.
1215 4693 1348 4751 Cum
1375 4698 1618 4753 ceciderit
1642 4716 1745 4754 non
1780 4701 2083 4768 collidetur,

510 4784 635 4854 quia
687 4782 944 4841 Dominus
988 4790 1230 4859 supponit
1271 4806 1483 4845 manum
1528 4808 1701 4848 suam.
1758 4791 1815 4848 Si
1867 4796 2086 4866 quando

509 4874 794 4946 contingat
827 4893 951 4933 eum
982 4880 1091 4934 labi
1126 4890 1181 4936 et
1209 4880 1264 4936 in
1295 4883 1597 4938 tentatione
1621 4885 1840 4953 cadere,
1871 4902 1935 4943 ac
1984 4889 2087 4944 im-

509 4966 820 5037 pingeutem
850 4969 905 5025 in
939 4981 1225 5042 peccatum
1251 4974 1546 5045 quodpiam
1574 4992 1753 5042 ruere,
1785 4993 1897 5034 non
1929 4981 2085 5036 colli-

510 5058 672 5113 detur
717 5066 941 5130 tamen;
973 5064 1068 5120 sed
1101 5072 1162 5119 ut
1199 5081 1499 5137 generosus
1538 5068 1763 5135 athleta,
1810 5087 1936 5127 cum
1972 5074 2082 5128 vim

511 5165 807 5221 perpessus
835 5153 1178 5226 aliquantum
1207 5161 1460 5226 cesserit,
1498 5161 1790 5220 confestim
1838 5179 1960 5222 sese
1996 5182 2085 5224 reo

508 5241 696 5317 cipiet.

580 5416 748 5476 Vsus.
777 5417 871 5485 25,
907 5418 999 5475 26.
1052 5419 1248 5477 Iunior
1288 5420 1389 5489 fui,
1435 5426 1625 5480 etenim
1672 5429 1842 5496 senui,
1890 5439 1940 5484 et
1977 5448 2080 5487 non

507 5513 614 5603 vidi
641 5514 853 5585 justum
880 5512 1208 5583 derelictum,
1239 5534 1331 5573 nec
1358 5533 1528 5575 semen
1560 5518 1677 5592 ejus
1706 5538 1946 5595 querens
1984 5540 2081 5595 pa-

577 5670 621 5703 “
660 5668 797 5729 Gen.
831 5687 933 5742 xu,
968 5674 1023 5731 '5.
1099 5675 1145 5707 "
1185 5674 1317 5734 ibid.

577 5816 655 5888 (ι)
693 5815 896 5895 Textps
922 5820 1153 5881 deficere
1180 5825 1409 5883 videtur.

2190 4605 2378 4661 αὑτοῦ
2406 4608 2653 4676 θελήσει
2672 4650 2687 4673 ,
2716 4609 2987 4681 ἀποδοχῆς
3015 4609 3170 4677 ἀξίαν
3203 4609 3457 4665 ποιοῦντα
3474 4628 3487 4642 ο
3520 4611 3663 4665 ὥστε
3686 4611 3776 4666 λέ-

2191 4698 2405 4768 γεσθαι,
2436 4701 2544 4755 Kal
2578 4700 2693 4769 τὴν
2715 4700 2859 4755 ὁδὸν
2886 4701 3073 4756 αὐτοῦ
3110 4701 3372 4772 θελήσει,
3409 4704 3589 4756 Ὅταν
3609 4703 3774 4772 πέσῃ

2191 4793 2263 4846 οὐ
2317 4792 2904 4863 καταρῤαχθήσεται,
2964 4793 3050 4848 ὅτι
3081 4796 3299 4863 Κύριος
3374 4795 3776 4864 ἀντιστηριζει

2193 4881 2360 4953 χεζοα
2400 4883 2607 4938 αὑτοῦ.
2634 4884 2698 4937 El
2740 4883 2797 4936 δὲ
2841 4884 2934 4938 καὶ
2984 4888 3171 4939 πεσεῖν
3200 4885 3359 4939 αὐτόν
3388 4902 3519 4939 ποτε
3548 4884 3774 4958 ὀλισθή-

2194 4987 2363 5026 σαντα
2409 4974 2610 5046 συμϐῇ,
2655 4975 2749 5029 καὶ
2784 4976 2842 5029 ἐν
2896 4977 3184 5049 πειρασμῷ
3232 4978 3522 5049 γενόμενος
3555 4977 3776 5050 ὀλισθή-

2193 5083 2354 5134 σειεν,
2399 5067 2635 5132 ὀκλάσας
2664 5085 2724 5122 τε
2776 5070 3040 5124 ύποπέσοι
3077 5069 3183 5125 τινὶ
3234 5072 3612 5144 ἁμαρτήματι,
3654 5070 3772 5125 ἀλλ’

2189 5158 2250 5211 ού
2287 5159 2798 5231 καταρῤαχθήσεται
2822 5178 2834 5192 ⁶
2885 5157 2974 5215 οἷα
3017 5161 3075 5215 δέ
3104 5165 3350 5231 γενναῖος
3397 5162 3641 5235 ἀθλητὴς
3674 5164 3770 5217 ἐκ-

2191 5248 2432 5315 ϐιασθεὶς
2470 5251 2565 5305 καὶ
2594 5251 2729 5324 πρὸς
2754 5251 2932 5323 ὀλίγον
2961 5252 3167 5317 ἐνδοὺς,
3201 5251 3546 5327 παραχρῆμα
3574 5250 3769 5306 ἐαυτὸν

2189 5341 2540 5415 ἀναλήψεται.
3886 5346 3887 5357 ¹

2259 5434 2553 5505 Νεώτερος
2609 5437 2924 5510 ἐγενόμην,
2988 5438 3117 5497 καί.
3142 5436 3253 5509 γὰρ
3304 5436 3597 5509 ἐγήρασα,
3659 5433 3766 5489 ’καὶ
3882 5430 3885 5523 η

2188 5528 2299 5584 οὐκ
2321 5524 2485 5586 εἶδον
2512 5529 2746 5586 δίκαιον
2793 5528 3408 5602 ἐγκαταλελειμμένον
3426 5570 3441 5599 ,
3498 5527 3644 5587 οὐδὲ
3699 5528 3767 5581 τὸ
3880 5596 3881 5603 γ

3908 4394 3909 4443 1

3906 4482 3907 4525 1

3902 4544 3905 4609 l

3900 4616 3903 4693 ί

3898 4708 3901 4779 J

3897 4784 3899 4857 Α

3892 5068 3893 5107 ι

3890 5154 3891 5191 ι
