  <div class='ocr_page' id='page_1' title='image "/cluster/home/n/w/nwhite01/storage/ocr_20150623/23/hvd.32044073501116/172.png"; bbox 0 0 3992 6216; ppageno 0'>
   <div class='ocr_carea' id='block_1_1' title="bbox 320 292 424 345">
    <p class='ocr_par' dir='ltr' id='par_1_1' title="bbox 320 292 424 345">
     <span class='ocr_line' id='line_1_1' title="bbox 320 292 424 345; baseline 0 0"><span class='ocrx_word' id='word_1_1' title='bbox 320 292 424 345; x_wconf 78' lang='lat'><strong>333</strong></span> 
     </span>
    </p>
   </div>
   <div class='ocr_carea' id='block_1_2' title="bbox 1448 277 2432 353">
    <p class='ocr_par' dir='ltr' id='par_1_2' title="bbox 1448 277 2432 353">
     <span class='ocr_line' id='line_1_2' title="bbox 1448 277 2432 353; baseline -0.001 -13"><span class='ocrx_word' id='word_1_2' title='bbox 1448 277 1944 340; x_wconf 72' lang='lat' dir='ltr'><strong>COMMENTARIA</strong></span> <span class='ocrx_word' id='word_1_3' title='bbox 1988 281 2053 340; x_wconf 81' lang='lat' dir='ltr'><strong>IN</strong></span> <span class='ocrx_word' id='word_1_4' title='bbox 2094 277 2432 353; x_wconf 70' lang='lat' dir='ltr'><strong>PSALMOS.</strong></span> 
     </span>
    </p>
   </div>
   <div class='ocr_carea' id='block_1_3' title="bbox 3469 274 3574 337">
    <p class='ocr_par' dir='ltr' id='par_1_3' title="bbox 3469 274 3574 337">
     <span class='ocr_line' id='line_1_3' title="bbox 3469 274 3574 337; baseline 0.095 -12"><span class='ocrx_word' id='word_1_5' title='bbox 3469 274 3574 337; x_wconf 66' lang='grc' dir='ltr'><strong>εει</strong></span> 
     </span>
    </p>
   </div>
   <div class='ocr_carea' id='block_1_4' title="bbox 325 401 1894 480">
    <p class='ocr_par' dir='ltr' id='par_1_4' title="bbox 325 405 1894 480">
     <span class='ocr_line' id='line_1_4' title="bbox 325 405 1894 480; baseline -0.003 -15"><span class='ocrx_word' id='word_1_6' title='bbox 325 409 562 480; x_wconf 77' lang='grc' dir='ltr'><em>σπέρμα</em></span> <span class='ocrx_word' id='word_1_7' title='bbox 592 407 1018 478; x_wconf 58' lang='grc' dir='ltr'><em>αὑτουὲὴῗοῦν</em></span> <span class='ocrx_word' id='word_1_8' title='bbox 1072 409 1309 478; x_wconf 78' lang='grc' dir='ltr'><em>ἄρτους.</em></span> <span class='ocrx_word' id='word_1_9' title='bbox 1377 405 1514 460; x_wconf 82' lang='grc' dir='ltr'><em>Ἀλλ’</em></span> <span class='ocrx_word' id='word_1_10' title='bbox 1578 410 1640 462; x_wconf 73' lang='grc' dir='ltr'><em>ἐκ</em></span> <span class='ocrx_word' id='word_1_11' title='bbox 1696 407 1894 461; x_wconf 83' lang='grc' dir='ltr'><em>παίδων</em></span> 
     </span>
    </p>
   </div>
   <div class='ocr_carea' id='block_1_5' title="bbox 1998 401 3578 480">
    <p class='ocr_par' dir='ltr' id='par_1_5' title="bbox 2000 401 3578 476">
     <span class='ocr_line' id='line_1_5' title="bbox 2000 401 3578 476; baseline -0.003 -15"><span class='ocrx_word' id='word_1_12' title='bbox 2000 423 2111 462; x_wconf 71' lang='lat' dir='ltr'><strong>nes.</strong></span> <span class='ocrx_word' id='word_1_13' title='bbox 2152 407 2196 459; x_wconf 75' lang='grc' dir='ltr'>Α</span> <span class='ocrx_word' id='word_1_14' title='bbox 2224 420 2434 476; x_wconf 88' lang='lat' dir='ltr'><strong>puero,</strong></span> <span class='ocrx_word' id='word_1_15' title='bbox 2477 403 2686 474; x_wconf 92' lang='lat' dir='ltr'><strong>inquit,</strong></span> <span class='ocrx_word' id='word_1_16' title='bbox 2739 403 2806 458; x_wconf 87' lang='lat' dir='ltr'><strong>ad</strong></span> <span class='ocrx_word' id='word_1_17' title='bbox 2859 408 3194 460; x_wconf 74' lang='lat' dir='ltr'><strong>senectutem</strong></span> <span class='ocrx_word' id='word_1_18' title='bbox 3222 417 3397 474; x_wconf 85' lang='lat' dir='ltr'><strong>usque</strong></span> <span class='ocrx_word' id='word_1_19' title='bbox 3436 401 3578 472; x_wconf 81' lang='lat' dir='ltr'><strong>justi</strong></span> 
     </span>
    </p>
   </div>
   <div class='ocr_carea' id='block_1_6' title="bbox 323 499 1894 575">
    <p class='ocr_par' dir='ltr' id='par_1_6' title="bbox 323 499 1894 575">
     <span class='ocr_line' id='line_1_6' title="bbox 323 499 1894 575; baseline -0.002 -19"><span class='ocrx_word' id='word_1_20' title='bbox 323 503 485 575; x_wconf 75' lang='grc' dir='ltr'><em>μέχρι</em></span> <span class='ocrx_word' id='word_1_21' title='bbox 553 503 738 574; x_wconf 73' lang='grc' dir='ltr'><em>γήρως</em></span> <span class='ocrx_word' id='word_1_22' title='bbox 803 501 896 554; x_wconf 82' lang='grc' dir='ltr'><em>τὸν</em></span> <span class='ocrx_word' id='word_1_23' title='bbox 963 499 1059 554; x_wconf 87' lang='grc' dir='ltr'><strong>τοῦ</strong></span> <span class='ocrx_word' id='word_1_24' title='bbox 1118 500 1324 554; x_wconf 72' lang='grc' dir='ltr'><em>δικαίου</em></span> <span class='ocrx_word' id='word_1_25' title='bbox 1390 500 1894 572; x_wconf 82' lang='grc' dir='ltr'><strong>περιεργασάμενος</strong></span> 
     </span>
    </p>
   </div>
   <div class='ocr_carea' id='block_1_7' title="bbox 326 587 1896 665">
    <p class='ocr_par' dir='ltr' id='par_1_7' title="bbox 326 587 1896 665">
     <span class='ocr_line' id='line_1_7' title="bbox 326 587 1896 665; baseline 0 -19"><span class='ocrx_word' id='word_1_26' title='bbox 326 594 460 665; x_wconf 87' lang='grc' dir='ltr'><em>βίον.</em></span> <span class='ocrx_word' id='word_1_27' title='bbox 497 594 618 647; x_wconf 88' lang='grc' dir='ltr'><em>Ὅτι</em></span> <span class='ocrx_word' id='word_1_28' title='bbox 644 592 763 647; x_wconf 77' lang='grc' dir='ltr'><em>οὐδὲ</em></span> <span class='ocrx_word' id='word_1_29' title='bbox 789 587 870 656; x_wconf 79' lang='grc' dir='ltr'><em>εἷς</em></span> <span class='ocrx_word' id='word_1_30' title='bbox 903 591 1090 661; x_wconf 78' lang='grc' dir='ltr'><em>γέγονε</em></span> <span class='ocrx_word' id='word_1_31' title='bbox 1117 591 1304 663; x_wconf 82' lang='grc' dir='ltr'><em>καιρὸς</em></span> <span class='ocrx_word' id='word_1_32' title='bbox 1335 590 1457 644; x_wconf 86' lang='grc' dir='ltr'><em>καθ’</em></span> <span class='ocrx_word' id='word_1_33' title='bbox 1481 591 1539 644; x_wconf 81' lang='grc' dir='ltr'><em>ὃν</em></span> <span class='ocrx_word' id='word_1_34' title='bbox 1572 591 1774 664; x_wconf 74' lang='grc' dir='ltr'><em>ἕρημος</em></span> <span class='ocrx_word' id='word_1_35' title='bbox 1801 611 1896 646; x_wconf 87' lang='grc' dir='ltr'><em>κα-</em></span> 
     </span>
    </p>
   </div>
   <div class='ocr_carea' id='block_1_8' title="bbox 326 682 1896 755">
    <p class='ocr_par' dir='ltr' id='par_1_8' title="bbox 326 682 1896 755">
     <span class='ocr_line' id='line_1_8' title="bbox 326 682 1896 755; baseline -0.003 -15"><span class='ocrx_word' id='word_1_36' title='bbox 326 686 670 740; x_wconf 83' lang='grc' dir='ltr'><em>ταλέλειπται</em></span> <span class='ocrx_word' id='word_1_37' title='bbox 713 687 741 738; x_wconf 85' lang='grc' dir='ltr'><strong>ὁ</strong></span> <span class='ocrx_word' id='word_1_38' title='bbox 787 683 1012 747; x_wconf 83' lang='grc' dir='ltr'><em>δίκαιος,</em></span> <span class='ocrx_word' id='word_1_39' title='bbox 1043 683 1129 736; x_wconf 74' lang='grc' dir='ltr'><strong>ἀεὶ</strong></span> <span class='ocrx_word' id='word_1_40' title='bbox 1177 683 1232 735; x_wconf 88' lang='grc' dir='ltr'><em>δὲ</em></span> <span class='ocrx_word' id='word_1_41' title='bbox 1266 682 1534 754; x_wconf 81' lang='grc' dir='ltr'><strong>πάρεδρον</strong></span> <span class='ocrx_word' id='word_1_42' title='bbox 1579 683 1669 738; x_wconf 68' lang='grc' dir='ltr'><em>καὶ</em></span> <span class='ocrx_word' id='word_1_43' title='bbox 1704 683 1896 755; x_wconf 74' lang='grc' dir='ltr'><em>βοηθὸν</em></span> 
     </span>
    </p>
   </div>
   <div class='ocr_carea' id='block_1_9' title="bbox 325 771 1896 854">
    <p class='ocr_par' dir='ltr' id='par_1_9' title="bbox 325 771 1896 854">
     <span class='ocr_line' id='line_1_9' title="bbox 325 771 1896 854; baseline -0.004 -21"><span class='ocrx_word' id='word_1_44' title='bbox 325 779 588 850; x_wconf 82' lang='grc' dir='ltr'><em>κέκτηται</em></span> <span class='ocrx_word' id='word_1_45' title='bbox 633 777 722 830; x_wconf 83' lang='grc' dir='ltr'><em>τὸν</em></span> <span class='ocrx_word' id='word_1_46' title='bbox 750 773 942 828; x_wconf 73' lang='grc' dir='ltr'><em>ἑαυτοῦ</em></span> <span class='ocrx_word' id='word_1_47' title='bbox 983 773 1203 843; x_wconf 80' lang='grc' dir='ltr'><em>Κύριον.</em></span> <span class='ocrx_word' id='word_1_48' title='bbox 1235 771 1324 825; x_wconf 90' lang='grc' dir='ltr'><em>Διό</em></span> <span class='ocrx_word' id='word_1_49' title='bbox 1359 789 1571 854; x_wconf 37' lang='grc' dir='ltr'><em>φησιν’.</em></span> <span class='ocrx_word' id='word_1_50' title='bbox 1602 773 1896 842; x_wconf 78' lang='grc' dir='ltr'><em>Νεώτερος</em></span> 
     </span>
    </p>
   </div>
   <div class='ocr_carea' id='block_1_10' title="bbox 322 865 1893 942">
    <p class='ocr_par' dir='ltr' id='par_1_10' title="bbox 322 865 1893 942">
     <span class='ocr_line' id='line_1_10' title="bbox 322 865 1893 942; baseline -0.004 -18"><span class='ocrx_word' id='word_1_51' title='bbox 322 871 632 942; x_wconf 80' lang='grc' dir='ltr'><strong>ἐγενόμην,</strong></span> <span class='ocrx_word' id='word_1_52' title='bbox 664 867 697 939; x_wconf 82' lang='grc' dir='ltr'>ἦ</span> <span class='ocrx_word' id='word_1_53' title='bbox 743 867 880 920; x_wconf 87' lang='grc' dir='ltr'><strong>κατὰ</strong></span> <span class='ocrx_word' id='word_1_54' title='bbox 918 867 1008 920; x_wconf 82' lang='grc' dir='ltr'><em>τὸν</em></span> <span class='ocrx_word' id='word_1_55' title='bbox 1041 865 1356 937; x_wconf 77' lang='grc' dir='ltr'><strong>Σύμμαχον,</strong></span> <span class='ocrx_word' id='word_1_56' title='bbox 1405 865 1542 930; x_wconf 79' lang='grc' dir='ltr'><em>νέος</em></span> <span class='ocrx_word' id='word_1_57' title='bbox 1582 865 1893 935; x_wconf 76' lang='grc' dir='ltr'><strong>ἐγενόμην,</strong></span> 
     </span>
    </p>
   </div>
   <div class='ocr_carea' id='block_1_11' title="bbox 319 954 1897 1031">
    <p class='ocr_par' dir='ltr' id='par_1_11' title="bbox 319 954 1897 1031">
     <span class='ocr_line' id='line_1_11' title="bbox 319 954 1897 1031; baseline -0.005 -12"><span class='ocrx_word' id='word_1_58' title='bbox 319 963 479 1019; x_wconf 73' lang='grc' dir='ltr'><em>ἀλλὰ</em></span> <span class='ocrx_word' id='word_1_59' title='bbox 527 962 622 1016; x_wconf 78' lang='grc' dir='ltr'><strong>καί</strong></span> <span class='ocrx_word' id='word_1_60' title='bbox 651 959 936 1031; x_wconf 72' lang='grc' dir='ltr'><em>ἐγήρασα,</em></span> <span class='ocrx_word' id='word_1_61' title='bbox 972 959 1069 1012; x_wconf 80' lang='grc' dir='ltr'><em>καὶ</em></span> <span class='ocrx_word' id='word_1_62' title='bbox 1099 960 1211 1012; x_wconf 75' lang='grc' dir='ltr'><em>οὐκ</em></span> <span class='ocrx_word' id='word_1_63' title='bbox 1251 954 1414 1011; x_wconf 79' lang='grc' dir='ltr'><em>εἶδον</em></span> <span class='ocrx_word' id='word_1_64' title='bbox 1455 956 1688 1010; x_wconf 80' lang='grc' dir='ltr'><em>δίκαιον</em></span> <span class='ocrx_word' id='word_1_65' title='bbox 1725 957 1897 1026; x_wconf 82' lang='grc' dir='ltr'><em>ἐγκα-</em></span> 
     </span>
    </p>
   </div>
   <div class='ocr_carea' id='block_1_12' title="bbox 319 1049 1897 1124">
    <p class='ocr_par' dir='ltr' id='par_1_12' title="bbox 319 1049 1897 1124">
     <span class='ocr_line' id='line_1_12' title="bbox 319 1049 1897 1124; baseline -0.004 -13"><span class='ocrx_word' id='word_1_66' title='bbox 319 1053 802 1124; x_wconf 75' lang='grc' dir='ltr'><em>ταλελειμμένον,</em></span> <span class='ocrx_word' id='word_1_67' title='bbox 850 1051 994 1106; x_wconf 76' lang='grc' dir='ltr'><em>οὐδὲ</em></span> <span class='ocrx_word' id='word_1_68' title='bbox 1045 1052 1109 1105; x_wconf 81' lang='grc' dir='ltr'><em>τὸ</em></span> <span class='ocrx_word' id='word_1_69' title='bbox 1165 1051 1405 1120; x_wconf 84' lang='grc' dir='ltr'><em>σπέρμα</em></span> <span class='ocrx_word' id='word_1_70' title='bbox 1451 1051 1636 1104; x_wconf 79' lang='grc' dir='ltr'><em>αὐτοῦ</em></span> <span class='ocrx_word' id='word_1_71' title='bbox 1683 1049 1897 1118; x_wconf 79' lang='grc' dir='ltr'><em>ζητοῦν</em></span> 
     </span>
    </p>
   </div>
   <div class='ocr_carea' id='block_1_13' title="bbox 318 1137 1897 1217">
    <p class='ocr_par' dir='ltr' id='par_1_13' title="bbox 318 1137 1897 1217">
     <span class='ocr_line' id='line_1_13' title="bbox 318 1137 1897 1217; baseline -0.004 -15"><span class='ocrx_word' id='word_1_72' title='bbox 318 1149 558 1217; x_wconf 77' lang='grc' dir='ltr'><em>ἄρτους.</em></span> <span class='ocrx_word' id='word_1_73' title='bbox 591 1146 698 1199; x_wconf 77' lang='grc' dir='ltr'><strong>Καὶ</strong></span> <span class='ocrx_word' id='word_1_74' title='bbox 726 1144 841 1208; x_wconf 84' lang='grc' dir='ltr'><em>πῶς</em></span> <span class='ocrx_word' id='word_1_75' title='bbox 880 1143 990 1215; x_wconf 80' lang='grc' dir='ltr'><em>γὰρ</em></span> <span class='ocrx_word' id='word_1_76' title='bbox 1018 1137 1130 1196; x_wconf 73' lang='grc' dir='ltr'><em>οἷόν</em></span> <span class='ocrx_word' id='word_1_77' title='bbox 1159 1161 1217 1197; x_wconf 89' lang='grc' dir='ltr'><strong>τε</strong></span> <span class='ocrx_word' id='word_1_78' title='bbox 1250 1137 1318 1214; x_wconf 82' lang='grc' dir='ltr'><em>ἦν</em></span> <span class='ocrx_word' id='word_1_79' title='bbox 1347 1142 1407 1196; x_wconf 85' lang='grc' dir='ltr'><em>τὸ</em></span> <span class='ocrx_word' id='word_1_80' title='bbox 1453 1143 1672 1214; x_wconf 71' lang='grc' dir='ltr'><em>σπέρμα</em></span> <span class='ocrx_word' id='word_1_81' title='bbox 1700 1143 1793 1196; x_wconf 79' lang='grc' dir='ltr'><strong>τοῦ</strong></span> <span class='ocrx_word' id='word_1_82' title='bbox 1820 1144 1897 1197; x_wconf 87' lang='grc' dir='ltr'><em>δι-</em></span> 
     </span>
    </p>
   </div>
   <div class='ocr_carea' id='block_1_14' title="bbox 319 1233 1896 1305">
    <p class='ocr_par' dir='ltr' id='par_1_14' title="bbox 319 1233 1896 1305">
     <span class='ocr_line' id='line_1_14' title="bbox 319 1233 1896 1305; baseline -0.004 -14"><span class='ocrx_word' id='word_1_83' title='bbox 319 1237 476 1292; x_wconf 88' lang='grc' dir='ltr'><em>καίου</em></span> <span class='ocrx_word' id='word_1_84' title='bbox 525 1236 702 1300; x_wconf 76' lang='grc' dir='ltr'><em>ἐνδεὲς</em></span> <span class='ocrx_word' id='word_1_85' title='bbox 745 1237 925 1305; x_wconf 84' lang='grc' dir='ltr'><em>ἄρτων</em></span> <span class='ocrx_word' id='word_1_86' title='bbox 973 1233 1244 1302; x_wconf 83' lang='grc' dir='ltr'><em>γενέσθαι,</em></span> <span class='ocrx_word' id='word_1_87' title='bbox 1280 1233 1442 1287; x_wconf 82' lang='grc' dir='ltr'>ὁπότε</span> <span class='ocrx_word' id='word_1_88' title='bbox 1487 1233 1648 1295; x_wconf 76' lang='grc' dir='ltr'><em>αὐτὸς</em></span> <span class='ocrx_word' id='word_1_89' title='bbox 1691 1233 1777 1286; x_wconf 78' lang='grc' dir='ltr'><em>διὰ</em></span> <span class='ocrx_word' id='word_1_90' title='bbox 1807 1234 1896 1286; x_wconf 68' lang='grc' dir='ltr'><em>τὶν</em></span> 
     </span>
    </p>
   </div>
   <div class='ocr_carea' id='block_1_15' title="bbox 318 1326 1897 1403">
    <p class='ocr_par' dir='ltr' id='par_1_15' title="bbox 318 1326 1897 1403">
     <span class='ocr_line' id='line_1_15' title="bbox 318 1326 1897 1403; baseline -0.005 -17"><span class='ocrx_word' id='word_1_91' title='bbox 318 1332 469 1403; x_wconf 85' lang='grc' dir='ltr'><em>παρὰ</em></span> <span class='ocrx_word' id='word_1_92' title='bbox 516 1329 609 1384; x_wconf 88' lang='grc' dir='ltr'><strong>τοῦ</strong></span> <span class='ocrx_word' id='word_1_93' title='bbox 658 1328 792 1382; x_wconf 88' lang='grc' dir='ltr'><em>Θεοῦ</em></span> <span class='ocrx_word' id='word_1_94' title='bbox 842 1327 1245 1400; x_wconf 76' lang='grc' dir='ltr'><strong>χορηγούμενον</strong></span> <span class='ocrx_word' id='word_1_95' title='bbox 1297 1327 1444 1398; x_wconf 75' lang='grc' dir='ltr'><em>αὐτῷ</em></span> <span class='ocrx_word' id='word_1_96' title='bbox 1473 1326 1699 1380; x_wconf 90' lang='grc' dir='ltr'><em>πλοῦτον</em></span> <span class='ocrx_word' id='word_1_97' title='bbox 1743 1326 1897 1392; x_wconf 76' lang='grc' dir='ltr'><em>ὅλην</em></span> 
     </span>
    </p>
   </div>
   <div class='ocr_carea' id='block_1_16' title="bbox 318 1419 1897 1494">
    <p class='ocr_par' dir='ltr' id='par_1_16' title="bbox 318 1419 1897 1494">
     <span class='ocr_line' id='line_1_16' title="bbox 318 1419 1897 1494; baseline -0.005 -15"><span class='ocrx_word' id='word_1_98' title='bbox 318 1425 432 1493; x_wconf 78' lang='grc' dir='ltr'><em>τὴν</em></span> <span class='ocrx_word' id='word_1_99' title='bbox 473 1422 700 1494; x_wconf 76' lang='grc' dir='ltr'><em>ἡμέραν</em></span> <span class='ocrx_word' id='word_1_100' title='bbox 737 1421 900 1476; x_wconf 74' lang='grc' dir='ltr'><em>ἐλεεῖ</em></span> <span class='ocrx_word' id='word_1_101' title='bbox 931 1423 1028 1475; x_wconf 78' lang='grc' dir='ltr'><em>καὶ</em></span> <span class='ocrx_word' id='word_1_102' title='bbox 1061 1419 1349 1483; x_wconf 79' lang='grc' dir='ltr'><em>δανείζει;</em></span> <span class='ocrx_word' id='word_1_103' title='bbox 1382 1421 1616 1492; x_wconf 83' lang='grc' dir='ltr'><em>Νοήσεις</em></span> <span class='ocrx_word' id='word_1_104' title='bbox 1658 1419 1714 1472; x_wconf 82' lang='grc' dir='ltr'><em>δὲ</em></span> <span class='ocrx_word' id='word_1_105' title='bbox 1741 1419 1897 1472; x_wconf 87' lang='grc' dir='ltr'><em>τοῦτο</em></span> 
     </span>
    </p>
   </div>
   <div class='ocr_carea' id='block_1_17' title="bbox 318 1511 1895 1588">
    <p class='ocr_par' dir='ltr' id='par_1_17' title="bbox 318 1511 1895 1588">
     <span class='ocr_line' id='line_1_17' title="bbox 318 1511 1895 1588; baseline -0.005 -17"><span class='ocrx_word' id='word_1_106' title='bbox 318 1520 460 1571; x_wconf 81' lang='grc' dir='ltr'><em>κατὰ</em></span> <span class='ocrx_word' id='word_1_107' title='bbox 507 1517 607 1588; x_wconf 77' lang='grc' dir='ltr'><strong>μὲν</strong></span> <span class='ocrx_word' id='word_1_108' title='bbox 635 1516 731 1587; x_wconf 83' lang='grc' dir='ltr'><em>τὴν</em></span> <span class='ocrx_word' id='word_1_109' title='bbox 762 1515 1001 1568; x_wconf 88' lang='grc' dir='ltr'><em>διάνοιαν</em></span> <span class='ocrx_word' id='word_1_110' title='bbox 1055 1513 1264 1586; x_wconf 75' lang='grc' dir='ltr'><em>μαθὼν,</em></span> <span class='ocrx_word' id='word_1_111' title='bbox 1297 1513 1401 1576; x_wconf 82' lang='grc' dir='ltr'><em>ὅτι,</em></span> <span class='ocrx_word' id='word_1_112' title='bbox 1442 1511 1677 1566; x_wconf 85' lang='grc' dir='ltr'><em>τάλαντα</em></span> <span class='ocrx_word' id='word_1_113' title='bbox 1717 1511 1895 1564; x_wconf 75' lang='grc' dir='ltr'><em>λαϐὼν</em></span> 
     </span>
    </p>
   </div>
   <div class='ocr_carea' id='block_1_18' title="bbox 318 1605 1894 1680">
    <p class='ocr_par' dir='ltr' id='par_1_18' title="bbox 318 1605 1894 1680">
     <span class='ocr_line' id='line_1_18' title="bbox 318 1605 1894 1680; baseline -0.003 -17"><span class='ocrx_word' id='word_1_114' title='bbox 318 1608 471 1680; x_wconf 74' lang='grc' dir='ltr'><em>παρὰ</em></span> <span class='ocrx_word' id='word_1_115' title='bbox 501 1609 596 1663; x_wconf 92' lang='grc' dir='ltr'><strong>τοῦ</strong></span> <span class='ocrx_word' id='word_1_116' title='bbox 630 1607 1007 1662; x_wconf 76' lang='grc' dir='ltr'><strong>οἰκοδεσπότου</strong></span> <span class='ocrx_word' id='word_1_117' title='bbox 1047 1607 1142 1661; x_wconf 77' lang='grc' dir='ltr'><em>καὶ</em></span> <span class='ocrx_word' id='word_1_118' title='bbox 1185 1607 1285 1677; x_wconf 79' lang='grc' dir='ltr'><em>τὴν</em></span> <span class='ocrx_word' id='word_1_119' title='bbox 1319 1607 1455 1676; x_wconf 82' lang='grc' dir='ltr'><strong>μνᾶν</strong></span> <span class='ocrx_word' id='word_1_120' title='bbox 1483 1605 1587 1678; x_wconf 85' lang='grc' dir='ltr'><em>τὴν</em></span> <span class='ocrx_word' id='word_1_121' title='bbox 1621 1605 1769 1676; x_wconf 81' lang='grc' dir='ltr'><em>παρά</em></span> <span class='ocrx_word' id='word_1_122' title='bbox 1801 1605 1894 1659; x_wconf 91' lang='grc' dir='ltr'><strong>τοῦ</strong></span> 
     </span>
    </p>
   </div>
   <div class='ocr_carea' id='block_1_19' title="bbox 319 1699 1894 1775">
    <p class='ocr_par' dir='ltr' id='par_1_19' title="bbox 319 1699 1894 1775">
     <span class='ocr_line' id='line_1_19' title="bbox 319 1699 1894 1775; baseline -0.003 -19"><span class='ocrx_word' id='word_1_123' title='bbox 319 1704 546 1775; x_wconf 80' lang='grc' dir='ltr'><strong>Κυρίου,</strong></span> <span class='ocrx_word' id='word_1_124' title='bbox 591 1705 656 1773; x_wconf 76' lang='grc' dir='ltr'><em>τῇ</em></span> <span class='ocrx_word' id='word_1_125' title='bbox 700 1702 906 1755; x_wconf 79' lang='grc' dir='ltr'><em>τούτων</em></span> <span class='ocrx_word' id='word_1_126' title='bbox 950 1701 1149 1774; x_wconf 81' lang='grc' dir='ltr'><em>χρῆται</em></span> <span class='ocrx_word' id='word_1_127' title='bbox 1191 1700 1545 1771; x_wconf 79' lang='grc' dir='ltr'><strong>πραγματείᾳ</strong></span> <span class='ocrx_word' id='word_1_128' title='bbox 1584 1699 1894 1772; x_wconf 83' lang='grc' dir='ltr'><em>πειθαρχῶν</em></span> 
     </span>
    </p>
   </div>
   <div class='ocr_carea' id='block_1_20' title="bbox 1996 495 3576 568">
    <p class='ocr_par' dir='ltr' id='par_1_20' title="bbox 1996 495 3576 568">
     <span class='ocr_line' id='line_1_20' title="bbox 1996 495 3576 568; baseline -0.003 -15"><span class='ocrx_word' id='word_1_129' title='bbox 1996 500 2161 553; x_wconf 83' lang='lat' dir='ltr'><strong>vitam</strong></span> <span class='ocrx_word' id='word_1_130' title='bbox 2191 497 2432 554; x_wconf 77' lang='lat' dir='ltr'><strong>studiose</strong></span> <span class='ocrx_word' id='word_1_131' title='bbox 2458 495 2719 568; x_wconf 83' lang='lat' dir='ltr'><strong>perpendi</strong></span> <span class='ocrx_word' id='word_1_132' title='bbox 2746 514 2760 553; x_wconf 88' lang='lat'><strong>:</strong></span> <span class='ocrx_word' id='word_1_133' title='bbox 2806 495 2954 550; x_wconf 91' lang='lat' dir='ltr'><strong>nullo</strong></span> <span class='ocrx_word' id='word_1_134' title='bbox 2988 495 3190 566; x_wconf 83' lang='lat' dir='ltr'><strong>quippe</strong></span> <span class='ocrx_word' id='word_1_135' title='bbox 3217 503 3460 565; x_wconf 88' lang='lat' dir='ltr'><strong>tempore</strong></span> <span class='ocrx_word' id='word_1_136' title='bbox 3482 495 3576 565; x_wconf 80' lang='lat' dir='ltr'><strong>ju-</strong></span> 
     </span>
    </p>
   </div>
   <div class='ocr_carea' id='block_1_21' title="bbox 1997 585 3578 656">
    <p class='ocr_par' dir='ltr' id='par_1_21' title="bbox 1997 585 3578 656">
     <span class='ocr_line' id='line_1_21' title="bbox 1997 585 3578 656; baseline -0.001 -12"><span class='ocrx_word' id='word_1_137' title='bbox 1997 599 2118 645; x_wconf 86' lang='lat' dir='ltr'><strong>stus</strong></span> <span class='ocrx_word' id='word_1_138' title='bbox 2143 589 2432 649; x_wconf 81' lang='lat' dir='ltr'><strong>deseritur,</strong></span> <span class='ocrx_word' id='word_1_139' title='bbox 2463 589 2557 644; x_wconf 89' lang='lat' dir='ltr'><strong>sed</strong></span> <span class='ocrx_word' id='word_1_140' title='bbox 2592 585 2880 642; x_wconf 90' lang='lat' dir='ltr'><strong>Dominum</strong></span> <span class='ocrx_word' id='word_1_141' title='bbox 2929 601 3090 642; x_wconf 90' lang='lat' dir='ltr'><strong>suum</strong></span> <span class='ocrx_word' id='word_1_142' title='bbox 3132 601 3349 656; x_wconf 85' lang='lat' dir='ltr'><strong>semper</strong></span> <span class='ocrx_word' id='word_1_143' title='bbox 3390 597 3578 642; x_wconf 88' lang='lat' dir='ltr'><strong>astan-</strong></span> 
     </span>
    </p>
   </div>
   <div class='ocr_carea' id='block_1_22' title="bbox 1997 678 3575 752">
    <p class='ocr_par' dir='ltr' id='par_1_22' title="bbox 1997 678 3575 752">
     <span class='ocr_line' id='line_1_22' title="bbox 1997 678 3575 752; baseline -0.003 -16"><span class='ocrx_word' id='word_1_144' title='bbox 1997 691 2104 737; x_wconf 83' lang='lat' dir='ltr'><strong>tem</strong></span> <span class='ocrx_word' id='word_1_145' title='bbox 2133 683 2627 752; x_wconf 83' lang='lat' dir='ltr'><strong>Opitulatoremque</strong></span> <span class='ocrx_word' id='word_1_146' title='bbox 2655 679 2840 736; x_wconf 84' lang='lat' dir='ltr'><strong>habet.</strong></span> <span class='ocrx_word' id='word_1_147' title='bbox 2873 678 3055 745; x_wconf 80' lang='lat' dir='ltr'><strong>Quare</strong></span> <span class='ocrx_word' id='word_1_148' title='bbox 3096 680 3205 743; x_wconf 86' lang='lat' dir='ltr'><strong>ait,</strong></span> <span class='ocrx_word' id='word_1_149' title='bbox 3239 678 3428 748; x_wconf 88' lang='lat' dir='ltr'><strong>junior</strong></span> <span class='ocrx_word' id='word_1_150' title='bbox 3465 679 3575 749; x_wconf 79' lang='lat' dir='ltr'><strong>fui,</strong></span> 
     </span>
    </p>
   </div>
   <div class='ocr_carea' id='block_1_23' title="bbox 1997 771 3576 846">
    <p class='ocr_par' dir='ltr' id='par_1_23' title="bbox 1997 771 3576 846">
     <span class='ocr_line' id='line_1_23' title="bbox 1997 771 3576 846; baseline -0.001 -17"><span class='ocrx_word' id='word_1_151' title='bbox 1997 775 2112 830; x_wconf 89' lang='lat' dir='ltr'><strong>sive</strong></span> <span class='ocrx_word' id='word_1_152' title='bbox 2141 773 2442 830; x_wconf 90' lang='lat' dir='ltr'><strong>secundum</strong></span> <span class='ocrx_word' id='word_1_153' title='bbox 2477 773 2886 846; x_wconf 85' lang='lat' dir='ltr'><strong>Symmachum,</strong></span> <span class='ocrx_word' id='word_1_154' title='bbox 2913 771 3123 842; x_wconf 84' lang='lat' dir='ltr'><strong>juvenis</strong></span> <span class='ocrx_word' id='word_1_155' title='bbox 3144 771 3245 842; x_wconf 83' lang='lat' dir='ltr'><strong>fui,</strong></span> <span class='ocrx_word' id='word_1_156' title='bbox 3273 771 3363 827; x_wconf 77' lang='lat' dir='ltr'><strong>sed</strong></span> <span class='ocrx_word' id='word_1_157' title='bbox 3389 773 3538 827; x_wconf 83' lang='lat' dir='ltr'><strong>senui</strong></span> <span class='ocrx_word' id='word_1_158' title='bbox 3559 811 3576 840; x_wconf 89' lang='lat'><strong>,</strong></span> 
     </span>
    </p>
   </div>
   <div class='ocr_carea' id='block_1_24' title="bbox 1994 863 3578 936">
    <p class='ocr_par' dir='ltr' id='par_1_24' title="bbox 1994 863 3578 936">
     <span class='ocr_line' id='line_1_24' title="bbox 1994 863 3578 936; baseline -0.002 -15"><span class='ocrx_word' id='word_1_159' title='bbox 1994 876 2046 922; x_wconf 88' lang='lat' dir='ltr'><strong>et</strong></span> <span class='ocrx_word' id='word_1_160' title='bbox 2067 884 2169 921; x_wconf 88' lang='lat' dir='ltr'><strong>non</strong></span> <span class='ocrx_word' id='word_1_161' title='bbox 2202 867 2305 921; x_wconf 85' lang='lat' dir='ltr'><strong>vidi</strong></span> <span class='ocrx_word' id='word_1_162' title='bbox 2328 865 2538 936; x_wconf 87' lang='lat' dir='ltr'><strong>justum</strong></span> <span class='ocrx_word' id='word_1_163' title='bbox 2565 864 2871 918; x_wconf 85' lang='lat' dir='ltr'><strong>derelictum</strong></span> <span class='ocrx_word' id='word_1_164' title='bbox 2894 903 2910 928; x_wconf 97' lang='lat'><strong>,</strong></span> <span class='ocrx_word' id='word_1_165' title='bbox 2943 879 3034 917; x_wconf 89' lang='lat' dir='ltr'><strong>nec</strong></span> <span class='ocrx_word' id='word_1_166' title='bbox 3078 879 3250 917; x_wconf 87' lang='lat' dir='ltr'><strong>semen</strong></span> <span class='ocrx_word' id='word_1_167' title='bbox 3279 863 3398 933; x_wconf 74' lang='lat' dir='ltr'><strong>ejus</strong></span> <span class='ocrx_word' id='word_1_168' title='bbox 3434 879 3578 934; x_wconf 72' lang='lat' dir='ltr'><strong>qua-</strong></span> 
     </span>
    </p>
   </div>
   <div class='ocr_carea' id='block_1_25' title="bbox 1996 952 3579 1026">
    <p class='ocr_par' dir='ltr' id='par_1_25' title="bbox 1996 952 3579 1026">
     <span class='ocr_line' id='line_1_25' title="bbox 1996 952 3579 1026; baseline -0.001 -16"><span class='ocrx_word' id='word_1_169' title='bbox 1996 975 2114 1012; x_wconf 80' lang='lat' dir='ltr'><strong>rens</strong></span> <span class='ocrx_word' id='word_1_170' title='bbox 2142 974 2324 1024; x_wconf 84' lang='lat' dir='ltr'><strong>panes.</strong></span> <span class='ocrx_word' id='word_1_171' title='bbox 2358 955 2424 1009; x_wconf 88' lang='lat' dir='ltr'><strong>Et</strong></span> <span class='ocrx_word' id='word_1_172' title='bbox 2449 954 2566 1026; x_wconf 85' lang='lat' dir='ltr'><strong>qui,</strong></span> <span class='ocrx_word' id='word_1_173' title='bbox 2599 969 2807 1025; x_wconf 75' lang='lat' dir='ltr'><strong>quaeso,</strong></span> <span class='ocrx_word' id='word_1_174' title='bbox 2833 961 3014 1024; x_wconf 85' lang='lat' dir='ltr'><strong>potest</strong></span> <span class='ocrx_word' id='word_1_175' title='bbox 3037 952 3174 1023; x_wconf 85' lang='lat' dir='ltr'><strong>justi</strong></span> <span class='ocrx_word' id='word_1_176' title='bbox 3204 969 3390 1009; x_wconf 84' lang='lat' dir='ltr'><strong>semen</strong></span> <span class='ocrx_word' id='word_1_177' title='bbox 3418 967 3579 1024; x_wconf 77' lang='lat' dir='ltr'><strong>egere</strong></span> 
     </span>
    </p>
   </div>
   <div class='ocr_carea' id='block_1_26' title="bbox 1997 1046 3580 1123">
    <p class='ocr_par' dir='ltr' id='par_1_26' title="bbox 1997 1046 3580 1123">
     <span class='ocr_line' id='line_1_26' title="bbox 1997 1046 3580 1123; baseline -0.003 -16"><span class='ocrx_word' id='word_1_178' title='bbox 1997 1051 2252 1123; x_wconf 88' lang='lat' dir='ltr'><strong>panibus,</strong></span> <span class='ocrx_word' id='word_1_179' title='bbox 2284 1049 2504 1121; x_wconf 87' lang='lat' dir='ltr'><strong>quando</strong></span> <span class='ocrx_word' id='word_1_180' title='bbox 2542 1049 2680 1118; x_wconf 90' lang='lat' dir='ltr'><strong>ipse,</strong></span> <span class='ocrx_word' id='word_1_181' title='bbox 2735 1047 2845 1103; x_wconf 84' lang='lat' dir='ltr'><strong>Deo</strong></span> <span class='ocrx_word' id='word_1_182' title='bbox 2888 1047 3110 1102; x_wconf 80' lang='lat' dir='ltr'><strong>divitias</strong></span> <span class='ocrx_word' id='word_1_183' title='bbox 3153 1047 3256 1102; x_wconf 83' lang='lat' dir='ltr'><strong>sibi</strong></span> <span class='ocrx_word' id='word_1_184' title='bbox 3310 1046 3580 1103; x_wconf 76' lang='lat' dir='ltr'><strong>submini-</strong></span> 
     </span>
    </p>
   </div>
   <div class='ocr_carea' id='block_1_27' title="bbox 1996 1137 3580 1209">
    <p class='ocr_par' dir='ltr' id='par_1_27' title="bbox 1996 1137 3580 1209">
     <span class='ocr_line' id='line_1_27' title="bbox 1996 1137 3580 1209; baseline -0.004 -9"><span class='ocrx_word' id='word_1_185' title='bbox 1996 1153 2226 1208; x_wconf 89' lang='lat' dir='ltr'><strong>strante,</strong></span> <span class='ocrx_word' id='word_1_186' title='bbox 2262 1153 2374 1197; x_wconf 90' lang='lat' dir='ltr'><strong>tota</strong></span> <span class='ocrx_word' id='word_1_187' title='bbox 2397 1141 2482 1195; x_wconf 86' lang='lat' dir='ltr'><strong>die</strong></span> <span class='ocrx_word' id='word_1_188' title='bbox 2507 1141 2784 1194; x_wconf 75' lang='lat' dir='ltr'><strong>miseretur</strong></span> <span class='ocrx_word' id='word_1_189' title='bbox 2813 1149 2862 1194; x_wconf 88' lang='lat' dir='ltr'><strong>et</strong></span> <span class='ocrx_word' id='word_1_190' title='bbox 2893 1140 3238 1195; x_wconf 79' lang='lat' dir='ltr'><strong>commodat?</strong></span> <span class='ocrx_word' id='word_1_191' title='bbox 3267 1137 3392 1194; x_wconf 78' lang='lat' dir='ltr'><strong>Haec</strong></span> <span class='ocrx_word' id='word_1_192' title='bbox 3414 1152 3580 1209; x_wconf 90' lang='lat' dir='ltr'><strong>porro</strong></span> 
     </span>
    </p>
   </div>
   <div class='ocr_carea' id='block_1_28' title="bbox 1996 1231 3580 1307">
    <p class='ocr_par' dir='ltr' id='par_1_28' title="bbox 1996 1231 3580 1307">
     <span class='ocr_line' id='line_1_28' title="bbox 1996 1231 3580 1307; baseline -0.004 -14"><span class='ocrx_word' id='word_1_193' title='bbox 1996 1237 2268 1307; x_wconf 80' lang='lat' dir='ltr'><strong>intelligas</strong></span> <span class='ocrx_word' id='word_1_194' title='bbox 2319 1251 2382 1289; x_wconf 78' lang='lat' dir='ltr'><strong>ac</strong></span> <span class='ocrx_word' id='word_1_195' title='bbox 2415 1242 2597 1290; x_wconf 88' lang='lat' dir='ltr'><strong>mente</strong></span> <span class='ocrx_word' id='word_1_196' title='bbox 2645 1232 2936 1304; x_wconf 80' lang='lat' dir='ltr'><strong>percipias,</strong></span> <span class='ocrx_word' id='word_1_197' title='bbox 2971 1232 3017 1287; x_wconf 89' lang='lat' dir='ltr'><strong>si</strong></span> <span class='ocrx_word' id='word_1_198' title='bbox 3049 1231 3342 1288; x_wconf 88' lang='lat' dir='ltr'><strong>edidiceris</strong></span> <span class='ocrx_word' id='word_1_199' title='bbox 3398 1231 3580 1302; x_wconf 88' lang='lat' dir='ltr'><strong>ipsum</strong></span> 
     </span>
    </p>
   </div>
   <div class='ocr_carea' id='block_1_29' title="bbox 1995 1323 3582 1396">
    <p class='ocr_par' dir='ltr' id='par_1_29' title="bbox 1995 1323 3582 1396">
     <span class='ocr_line' id='line_1_29' title="bbox 1995 1323 3582 1396; baseline -0.004 -12"><span class='ocrx_word' id='word_1_200' title='bbox 1995 1345 2118 1384; x_wconf 89' lang='lat' dir='ltr'><strong>cum</strong></span> <span class='ocrx_word' id='word_1_201' title='bbox 2143 1329 2344 1384; x_wconf 89' lang='lat' dir='ltr'><strong>talenta</strong></span> <span class='ocrx_word' id='word_1_202' title='bbox 2373 1343 2402 1380; x_wconf 92' lang='lat' dir='ltr'><strong>a</strong></span> <span class='ocrx_word' id='word_1_203' title='bbox 2427 1323 2836 1396; x_wconf 76' lang='lat' dir='ltr'><strong>patret‘amilias,</strong></span> <span class='ocrx_word' id='word_1_204' title='bbox 2866 1331 2921 1380; x_wconf 91' lang='lat' dir='ltr'><strong>et</strong></span> <span class='ocrx_word' id='word_1_205' title='bbox 2954 1339 3134 1379; x_wconf 85' lang='lat' dir='ltr'><strong>mnam</strong></span> <span class='ocrx_word' id='word_1_206' title='bbox 3166 1339 3197 1378; x_wconf 86' lang='lat' dir='ltr'><strong>a</strong></span> <span class='ocrx_word' id='word_1_207' title='bbox 3231 1323 3463 1378; x_wconf 88' lang='lat' dir='ltr'><strong>Domino</strong></span> <span class='ocrx_word' id='word_1_208' title='bbox 3488 1338 3582 1378; x_wconf 64' lang='grc' dir='ltr'><em>θοι</em></span> 
     </span>
    </p>
   </div>
   <div class='ocr_carea' id='block_1_30' title="bbox 1994 1415 3582 1490">
    <p class='ocr_par' dir='ltr' id='par_1_30' title="bbox 1994 1415 3582 1490">
     <span class='ocr_line' id='line_1_30' title="bbox 1994 1415 3582 1490; baseline -0.003 -16"><span class='ocrx_word' id='word_1_209' title='bbox 1994 1421 2257 1490; x_wconf 87' lang='lat' dir='ltr'><strong>cepisset,</strong></span> <span class='ocrx_word' id='word_1_210' title='bbox 2292 1419 2360 1473; x_wconf 90' lang='lat' dir='ltr'><strong>iis</strong></span> <span class='ocrx_word' id='word_1_211' title='bbox 2387 1418 2456 1472; x_wconf 93' lang='lat' dir='ltr'><strong>ad</strong></span> <span class='ocrx_word' id='word_1_212' title='bbox 2491 1416 2919 1488; x_wconf 82' lang='lat' dir='ltr'><strong>negotiationem</strong></span> <span class='ocrx_word' id='word_1_213' title='bbox 2956 1431 3115 1471; x_wconf 89' lang='lat' dir='ltr'><strong>usum</strong></span> <span class='ocrx_word' id='word_1_214' title='bbox 3149 1431 3305 1477; x_wconf 89' lang='lat' dir='ltr'><strong>esse,</strong></span> <span class='ocrx_word' id='word_1_215' title='bbox 3351 1415 3582 1470; x_wconf 87' lang='lat' dir='ltr'><strong>Domino</strong></span> 
     </span>
    </p>
   </div>
   <div class='ocr_carea' id='block_1_31' title="bbox 1994 1508 3582 1582">
    <p class='ocr_par' dir='ltr' id='par_1_31' title="bbox 1994 1508 3582 1582">
     <span class='ocr_line' id='line_1_31' title="bbox 1994 1508 3582 1582; baseline -0.004 -15"><span class='ocrx_word' id='word_1_216' title='bbox 1994 1512 2460 1582; x_wconf 81' lang='lat' dir='ltr'><strong>obtemperantem</strong></span> <span class='ocrx_word' id='word_1_217' title='bbox 2504 1509 2579 1563; x_wconf 91' lang='lat' dir='ltr'><strong>ita</strong></span> <span class='ocrx_word' id='word_1_218' title='bbox 2609 1509 2853 1579; x_wconf 88' lang='lat' dir='ltr'><strong>loquenti</strong></span> <span class='ocrx_word' id='word_1_219' title='bbox 2883 1529 2894 1562; x_wconf 75' lang='grc' dir='ltr'>ς</span> <span class='ocrx_word' id='word_1_220' title='bbox 2935 1509 3182 1579; x_wconf 85' lang='lat' dir='ltr'><strong>Oportuit</strong></span> <span class='ocrx_word' id='word_1_221' title='bbox 3216 1517 3264 1562; x_wconf 87' lang='lat' dir='ltr'><strong>te</strong></span> <span class='ocrx_word' id='word_1_222' title='bbox 3303 1508 3582 1578; x_wconf 76' lang='lat' dir='ltr'><strong>pecuniam</strong></span> 
     </span>
    </p>
   </div>
   <div class='ocr_carea' id='block_1_32' title="bbox 1996 1599 3583 1673">
    <p class='ocr_par' dir='ltr' id='par_1_32' title="bbox 1996 1599 3583 1673">
     <span class='ocr_line' id='line_1_32' title="bbox 1996 1599 3583 1673; baseline -0.003 -14"><span class='ocrx_word' id='word_1_223' title='bbox 1996 1621 2164 1659; x_wconf 89' lang='lat' dir='ltr'><strong>meam</strong></span> <span class='ocrx_word' id='word_1_224' title='bbox 2181 1603 2373 1673; x_wconf 76' lang='lat' dir='ltr'><strong>jecisse</strong></span> <span class='ocrx_word' id='word_1_225' title='bbox 2403 1601 2472 1654; x_wconf 87' lang='lat' dir='ltr'><strong>ad</strong></span> <span class='ocrx_word' id='word_1_226' title='bbox 2501 1617 2737 1654; x_wconf 80' lang='lat' dir='ltr'><strong>mensam</strong></span> <span class='ocrx_word' id='word_1_227' title='bbox 2760 1601 2827 1655; x_wconf 83' lang='lat'><strong>&quot;.</strong></span> <span class='ocrx_word' id='word_1_228' title='bbox 2862 1599 3087 1671; x_wconf 83' lang='lat' dir='ltr'><strong>Eloquia</strong></span> <span class='ocrx_word' id='word_1_229' title='bbox 3111 1599 3344 1665; x_wconf 79' lang='lat' dir='ltr'><strong>Domini,</strong></span> <span class='ocrx_word' id='word_1_230' title='bbox 3373 1599 3583 1672; x_wconf 84' lang='lat' dir='ltr'><strong>eloquia</strong></span> 
     </span>
    </p>
   </div>
   <div class='ocr_carea' id='block_1_33' title="bbox 1996 1691 3579 1772">
    <p class='ocr_par' dir='ltr' id='par_1_33' title="bbox 1996 1691 3579 1772">
     <span class='ocr_line' id='line_1_33' title="bbox 1996 1691 3579 1772; baseline 0 -22"><span class='ocrx_word' id='word_1_231' title='bbox 1996 1707 2168 1758; x_wconf 83' lang='lat' dir='ltr'><strong>casta,</strong></span> <span class='ocrx_word' id='word_1_232' title='bbox 2188 1703 2461 1766; x_wconf 81' lang='lat' dir='ltr'><strong>argentum</strong></span> <span class='ocrx_word' id='word_1_233' title='bbox 2484 1694 2600 1772; x_wconf 68' lang='lat' dir='ltr'><strong>igne</strong></span> <span class='ocrx_word' id='word_1_234' title='bbox 2629 1694 3014 1756; x_wconf 80' lang='lat' dir='ltr'><strong>examinatum,</strong></span> <span class='ocrx_word' id='word_1_235' title='bbox 3039 1691 3318 1762; x_wconf 86' lang='lat' dir='ltr'><strong>probatum</strong></span> <span class='ocrx_word' id='word_1_236' title='bbox 3341 1701 3494 1748; x_wconf 83' lang='lat' dir='ltr'><strong>teme</strong></span> <span class='ocrx_word' id='word_1_237' title='bbox 3510 1693 3579 1750; x_wconf 75' lang='grc'><strong>⁷⁸.</strong></span> 
     </span>
    </p>
   </div>
   <div class='ocr_carea' id='block_1_34' title="bbox 318 1768 1894 1865">
    <p class='ocr_par' dir='ltr' id='par_1_34' title="bbox 318 1768 1894 1865">
     <span class='ocr_line' id='line_1_34' title="bbox 318 1768 1894 1865; baseline -0.001 -18"><span class='ocrx_word' id='word_1_238' title='bbox 318 1794 396 1865; x_wconf 83' lang='grc' dir='ltr'><em>τῷ</em></span> <span class='ocrx_word' id='word_1_239' title='bbox 409 1768 655 1863; x_wconf 44' lang='grc' dir='ltr'><em>’φήσαντι</em></span> <span class='ocrx_word' id='word_1_240' title='bbox 673 1808 686 1823; x_wconf 74' lang='grc'><strong>⁸</strong></span> <span class='ocrx_word' id='word_1_241' title='bbox 721 1793 876 1847; x_wconf 79' lang='grc' dir='ltr'><em>Ἔδει</em></span> <span class='ocrx_word' id='word_1_242' title='bbox 907 1768 1074 1847; x_wconf 62' lang='grc' dir='ltr'><strong>σέτὸ</strong></span> <span class='ocrx_word' id='word_1_243' title='bbox 1106 1768 1388 1861; x_wconf 68' lang='grc' dir='ltr'><em>ὰργόριόν</em></span> <span class='ocrx_word' id='word_1_244' title='bbox 1417 1768 1538 1861; x_wconf 68' lang='grc' dir='ltr'><strong>μου</strong></span> <span class='ocrx_word' id='word_1_245' title='bbox 1558 1768 1894 1858; x_wconf 12' lang='grc' dir='ltr'><em>βαλεῖνήεὶς</em></span> 
     </span>
    </p>
   </div>
   <div class='ocr_carea' id='block_1_35' title="bbox 1998 1768 3578 1865">
    <p class='ocr_par' dir='ltr' id='par_1_35' title="bbox 1999 1768 3578 1858">
     <span class='ocr_line' id='line_1_35' title="bbox 1999 1768 3578 1858; baseline 0 -15"><span class='ocrx_word' id='word_1_246' title='bbox 1999 1788 2262 1858; x_wconf 79' lang='lat' dir='ltr'><strong>Quisquis</strong></span> <span class='ocrx_word' id='word_1_247' title='bbox 2293 1786 2460 1858; x_wconf 76' lang='lat' dir='ltr'><strong>igitur</strong></span> <span class='ocrx_word' id='word_1_248' title='bbox 2481 1768 2651 1841; x_wconf 74' lang='lat' dir='ltr'><strong>divini</strong></span> <span class='ocrx_word' id='word_1_249' title='bbox 2687 1786 2958 1841; x_wconf 88' lang='lat' dir='ltr'><strong>sermonis</strong></span> <span class='ocrx_word' id='word_1_250' title='bbox 2981 1787 3246 1843; x_wconf 82' lang='lat' dir='ltr'><strong>exercitio</strong></span> <span class='ocrx_word' id='word_1_251' title='bbox 3277 1787 3578 1852; x_wconf 74' lang='lat' dir='ltr'><strong>incumbit.</strong></span> 
     </span>
    </p>
   </div>
   <div class='ocr_carea' id='block_1_36' title="bbox 320 1884 1897 1955">
    <p class='ocr_par' dir='ltr' id='par_1_36' title="bbox 320 1884 1897 1955">
     <span class='ocr_line' id='line_1_36' title="bbox 320 1884 1897 1955; baseline 0 -17"><span class='ocrx_word' id='word_1_252' title='bbox 320 1884 629 1954; x_wconf 78' lang='grc' dir='ltr'><em>τράπεζαν.</em></span> <span class='ocrx_word' id='word_1_253' title='bbox 680 1884 758 1940; x_wconf 82' lang='grc' dir='ltr'><strong>Τὰ</strong></span> <span class='ocrx_word' id='word_1_254' title='bbox 802 1887 975 1955; x_wconf 79' lang='grc' dir='ltr'><em>λόγια</em></span> <span class='ocrx_word' id='word_1_255' title='bbox 1015 1887 1234 1954; x_wconf 84' lang='grc' dir='ltr'><strong>Κυρίου</strong></span> <span class='ocrx_word' id='word_1_256' title='bbox 1271 1887 1449 1955; x_wconf 75' lang='grc' dir='ltr'><em>λόγια</em></span> <span class='ocrx_word' id='word_1_257' title='bbox 1492 1885 1664 1954; x_wconf 74' lang='grc' dir='ltr'><em>ἁγνὰ,</em></span> <span class='ocrx_word' id='word_1_258' title='bbox 1715 1885 1897 1954; x_wconf 73' lang='grc' dir='ltr'><em>ἀργύ-</em></span> 
     </span>
    </p>
   </div>
   <div class='ocr_carea' id='block_1_37' title="bbox 320 1975 1896 2047">
    <p class='ocr_par' dir='ltr' id='par_1_37' title="bbox 320 1975 1896 2047">
     <span class='ocr_line' id='line_1_37' title="bbox 320 1975 1896 2047; baseline -0.001 -15"><span class='ocrx_word' id='word_1_259' title='bbox 320 1995 452 2045; x_wconf 84' lang='grc' dir='ltr'><em>ριον</em></span> <span class='ocrx_word' id='word_1_260' title='bbox 503 1976 948 2047; x_wconf 77' lang='grc' dir='ltr'><strong>πεπυρωμένον,</strong></span> <span class='ocrx_word' id='word_1_261' title='bbox 997 1975 1269 2046; x_wconf 79' lang='grc' dir='ltr'><em>δοκίμιον</em></span> <span class='ocrx_word' id='word_1_262' title='bbox 1311 1976 1386 2044; x_wconf 81' lang='grc' dir='ltr'><em>τῇ</em></span> <span class='ocrx_word' id='word_1_263' title='bbox 1439 1976 1537 2046; x_wconf 74' lang='grc' dir='ltr'><em>γῆ.</em></span> <span class='ocrx_word' id='word_1_264' title='bbox 1592 1978 1650 2030; x_wconf 90' lang='lat'><strong>&#39;0</strong></span> <span class='ocrx_word' id='word_1_265' title='bbox 1717 1978 1896 2030; x_wconf 85' lang='grc' dir='ltr'><em>τοίνυν</em></span> 
     </span>
    </p>
   </div>
   <div class='ocr_carea' id='block_1_38' title="bbox 320 2071 1897 2143">
    <p class='ocr_par' dir='ltr' id='par_1_38' title="bbox 320 2071 1897 2143">
     <span class='ocr_line' id='line_1_38' title="bbox 320 2071 1897 2143; baseline -0.001 -17"><span class='ocrx_word' id='word_1_266' title='bbox 320 2071 675 2143; x_wconf 80' lang='grc' dir='ltr'><strong>ἀνακείμενος</strong></span> <span class='ocrx_word' id='word_1_267' title='bbox 706 2074 771 2142; x_wconf 82' lang='grc' dir='ltr'><em>τῇ</em></span> <span class='ocrx_word' id='word_1_268' title='bbox 803 2071 910 2124; x_wconf 82' lang='grc' dir='ltr'><em>τῶν</em></span> <span class='ocrx_word' id='word_1_269' title='bbox 938 2071 1095 2125; x_wconf 89' lang='grc' dir='ltr'><em>θείων</em></span> <span class='ocrx_word' id='word_1_270' title='bbox 1127 2072 1358 2142; x_wconf 79' lang='grc' dir='ltr'><strong>ἀσκήσει</strong></span> <span class='ocrx_word' id='word_1_271' title='bbox 1383 2071 1578 2139; x_wconf 90' lang='grc' dir='ltr'><em>λόγων,</em></span> <span class='ocrx_word' id='word_1_272' title='bbox 1606 2072 1697 2126; x_wconf 79' lang='grc' dir='ltr'><em>καὶ</em></span> <span class='ocrx_word' id='word_1_273' title='bbox 1728 2071 1897 2126; x_wconf 77' lang='grc' dir='ltr'><em>πολλὰ</em></span> 
     </span>
    </p>
   </div>
   <div class='ocr_carea' id='block_1_39' title="bbox 319 2149 1896 2237">
    <p class='ocr_par' dir='ltr' id='par_1_39' title="bbox 319 2149 1896 2237">
     <span class='ocr_line' id='line_1_39' title="bbox 319 2149 1896 2237; baseline -0.001 -19"><span class='ocrx_word' id='word_1_274' title='bbox 319 2164 510 2234; x_wconf 84' lang='grc' dir='ltr'><em>λογικὰ</em></span> <span class='ocrx_word' id='word_1_275' title='bbox 535 2166 792 2237; x_wconf 81' lang='grc' dir='ltr'><em>χρήματα</em></span> <span class='ocrx_word' id='word_1_276' title='bbox 822 2149 1162 2234; x_wconf 73' lang='grc' dir='ltr'><em>συναγαγὼν,</em></span> <span class='ocrx_word' id='word_1_277' title='bbox 1187 2163 1340 2218; x_wconf 73' lang='grc' dir='ltr'><em>οὐδὲν</em></span> <span class='ocrx_word' id='word_1_278' title='bbox 1371 2163 1559 2236; x_wconf 75' lang='grc' dir='ltr'><em>ἕτερον</em></span> <span class='ocrx_word' id='word_1_279' title='bbox 1586 2161 1693 2218; x_wconf 83' lang='grc' dir='ltr'><em>οἶδε</em></span> <span class='ocrx_word' id='word_1_280' title='bbox 1725 2166 1896 2236; x_wconf 88' lang='grc' dir='ltr'><em>πράτ-</em></span> 
     </span>
    </p>
   </div>
   <div class='ocr_carea' id='block_1_40' title="bbox 317 2256 1897 2329">
    <p class='ocr_par' dir='ltr' id='par_1_40' title="bbox 317 2256 1897 2329">
     <span class='ocr_line' id='line_1_40' title="bbox 317 2256 1897 2329; baseline 0 -19"><span class='ocrx_word' id='word_1_281' title='bbox 317 2274 449 2320; x_wconf 87' lang='grc' dir='ltr'><em>τειν,</em></span> <span class='ocrx_word' id='word_1_282' title='bbox 479 2256 510 2328; x_wconf 77' lang='grc' dir='ltr'>ἢ</span> <span class='ocrx_word' id='word_1_283' title='bbox 540 2256 627 2309; x_wconf 81' lang='grc' dir='ltr'><em>διὰ</em></span> <span class='ocrx_word' id='word_1_284' title='bbox 650 2257 828 2327; x_wconf 86' lang='grc' dir='ltr'><em>πάσης</em></span> <span class='ocrx_word' id='word_1_285' title='bbox 858 2257 1070 2329; x_wconf 83' lang='grc' dir='ltr'><em>ἡμέρας</em></span> <span class='ocrx_word' id='word_1_286' title='bbox 1112 2256 1282 2308; x_wconf 84' lang='grc' dir='ltr'><em>ὲλεεῑν</em></span> <span class='ocrx_word' id='word_1_287' title='bbox 1310 2256 1404 2310; x_wconf 58' lang='grc' dir='ltr'><strong>καί⁵</strong></span> <span class='ocrx_word' id='word_1_288' title='bbox 1431 2256 1716 2321; x_wconf 79' lang='grc' dir='ltr'><strong>δανείζειν.</strong></span> <span class='ocrx_word' id='word_1_289' title='bbox 1739 2256 1897 2310; x_wconf 77' lang='grc' dir='ltr'><em>Κατὰ</em></span> 
     </span>
    </p>
   </div>
   <div class='ocr_carea' id='block_1_41' title="bbox 314 2347 1897 2419">
    <p class='ocr_par' dir='ltr' id='par_1_41' title="bbox 314 2347 1897 2419">
     <span class='ocr_line' id='line_1_41' title="bbox 314 2347 1897 2419; baseline -0.002 -14"><span class='ocrx_word' id='word_1_290' title='bbox 314 2351 372 2405; x_wconf 85' lang='grc' dir='ltr'><em>δὲ</em></span> <span class='ocrx_word' id='word_1_291' title='bbox 415 2350 507 2403; x_wconf 81' lang='grc' dir='ltr'><em>τὸν</em></span> <span class='ocrx_word' id='word_1_292' title='bbox 558 2349 810 2412; x_wconf 81' lang='grc' dir='ltr'><strong>Ἀκύλαν,</strong></span> <span class='ocrx_word' id='word_1_293' title='bbox 846 2349 1000 2417; x_wconf 74' lang='grc' dir='ltr'><em>ὅλην</em></span> <span class='ocrx_word' id='word_1_294' title='bbox 1043 2347 1160 2416; x_wconf 80' lang='grc' dir='ltr'><em>τὴν</em></span> <span class='ocrx_word' id='word_1_295' title='bbox 1207 2348 1438 2419; x_wconf 82' lang='grc' dir='ltr'><strong>ἡμέραν</strong></span> <span class='ocrx_word' id='word_1_296' title='bbox 1483 2348 1749 2417; x_wconf 82' lang='grc' dir='ltr'><em>δωρεῖται</em></span> <span class='ocrx_word' id='word_1_297' title='bbox 1797 2349 1897 2403; x_wconf 82' lang='grc' dir='ltr'><em>καὶ</em></span> 
     </span>
    </p>
   </div>
   <div class='ocr_carea' id='block_1_42' title="bbox 314 2439 1894 2514">
    <p class='ocr_par' dir='ltr' id='par_1_42' title="bbox 314 2439 1894 2514">
     <span class='ocr_line' id='line_1_42' title="bbox 314 2439 1894 2514; baseline -0.002 -16"><span class='ocrx_word' id='word_1_298' title='bbox 314 2442 591 2503; x_wconf 82' lang='grc' dir='ltr'><em>δανείζει⁶</em></span> <span class='ocrx_word' id='word_1_299' title='bbox 633 2444 745 2506; x_wconf 83' lang='grc' dir='ltr'><em>τοῖς</em></span> <span class='ocrx_word' id='word_1_300' title='bbox 792 2439 888 2514; x_wconf 81' lang='grc' dir='ltr'><strong>μὲν</strong></span> <span class='ocrx_word' id='word_1_301' title='bbox 929 2442 1204 2514; x_wconf 79' lang='grc' dir='ltr'><em>δωρεῖται,</em></span> <span class='ocrx_word' id='word_1_302' title='bbox 1248 2444 1360 2504; x_wconf 82' lang='grc' dir='ltr'><em>τοῖς</em></span> <span class='ocrx_word' id='word_1_303' title='bbox 1406 2441 1462 2494; x_wconf 83' lang='grc' dir='ltr'><em>δὲ</em></span> <span class='ocrx_word' id='word_1_304' title='bbox 1502 2440 1732 2507; x_wconf 74' lang='grc' dir='ltr'><strong>δανείζει</strong></span> <span class='ocrx_word' id='word_1_305' title='bbox 1759 2458 1772 2471; x_wconf 83' lang='lat'><strong><em>°</em></strong></span> <span class='ocrx_word' id='word_1_306' title='bbox 1827 2442 1894 2495; x_wconf 80' lang='grc' dir='ltr'><strong>τά</strong></span> 
     </span>
    </p>
   </div>
   <div class='ocr_carea' id='block_1_43' title="bbox 317 2531 1897 2607">
    <p class='ocr_par' dir='ltr' id='par_1_43' title="bbox 317 2531 1897 2607">
     <span class='ocr_line' id='line_1_43' title="bbox 317 2531 1897 2607; baseline -0.001 -19"><span class='ocrx_word' id='word_1_307' title='bbox 317 2537 416 2607; x_wconf 85' lang='grc' dir='ltr'><em>μὲν</em></span> <span class='ocrx_word' id='word_1_308' title='bbox 439 2532 683 2606; x_wconf 84' lang='grc' dir='ltr'><strong>δόγματα</strong></span> <span class='ocrx_word' id='word_1_309' title='bbox 723 2534 1054 2606; x_wconf 81' lang='grc' dir='ltr'><em>θεωρήματα</em></span> <span class='ocrx_word' id='word_1_310' title='bbox 1091 2534 1344 2604; x_wconf 79' lang='grc' dir='ltr'><em>δωρεῖται</em></span> <span class='ocrx_word' id='word_1_311' title='bbox 1368 2535 1486 2598; x_wconf 79' lang='grc' dir='ltr'><em>ταῖς</em></span> <span class='ocrx_word' id='word_1_312' title='bbox 1519 2531 1629 2587; x_wconf 86' lang='grc' dir='ltr'><em>τῶν</em></span> <span class='ocrx_word' id='word_1_313' title='bbox 1657 2532 1897 2606; x_wconf 75' lang='grc' dir='ltr'><em>χωρούν-</em></span> 
     </span>
    </p>
   </div>
   <div class='ocr_carea' id='block_1_44' title="bbox 314 2625 1897 2698">
    <p class='ocr_par' dir='ltr' id='par_1_44' title="bbox 314 2625 1897 2698">
     <span class='ocr_line' id='line_1_44' title="bbox 314 2625 1897 2698; baseline -0.001 -18"><span class='ocrx_word' id='word_1_314' title='bbox 314 2645 425 2681; x_wconf 86' lang='grc' dir='ltr'><strong>των</strong></span> <span class='ocrx_word' id='word_1_315' title='bbox 452 2629 677 2698; x_wconf 72' lang='grc' dir='ltr'><strong>ψυχαῖς·</strong></span> <span class='ocrx_word' id='word_1_316' title='bbox 714 2627 782 2680; x_wconf 85' lang='grc' dir='ltr'><em>τὰ</em></span> <span class='ocrx_word' id='word_1_317' title='bbox 820 2627 862 2680; x_wconf 78' lang='grc' dir='ltr'><em>δ’</em></span> <span class='ocrx_word' id='word_1_318' title='bbox 893 2629 950 2681; x_wconf 81' lang='grc' dir='ltr'><em>ὲν</em></span> <span class='ocrx_word' id='word_1_319' title='bbox 994 2626 1213 2697; x_wconf 68' lang='grc' dir='ltr'><em>ἠθικαῖς</em></span> <span class='ocrx_word' id='word_1_320' title='bbox 1243 2626 1484 2688; x_wconf 76' lang='grc' dir='ltr'><em>ἐντολαῖς</em></span> <span class='ocrx_word' id='word_1_321' title='bbox 1525 2625 1777 2690; x_wconf 77' lang='grc' dir='ltr'><em>δανείζει,</em></span> <span class='ocrx_word' id='word_1_322' title='bbox 1804 2628 1897 2680; x_wconf 72' lang='grc' dir='ltr'><strong>ἐπὶ</strong></span> 
     </span>
    </p>
   </div>
   <div class='ocr_carea' id='block_1_45' title="bbox 316 2717 1896 2790">
    <p class='ocr_par' dir='ltr' id='par_1_45' title="bbox 316 2717 1896 2790">
     <span class='ocr_line' id='line_1_45' title="bbox 316 2717 1896 2790; baseline -0.001 -18"><span class='ocrx_word' id='word_1_323' title='bbox 316 2719 395 2790; x_wconf 81' lang='grc' dir='ltr'><em>τῷ</em></span> <span class='ocrx_word' id='word_1_324' title='bbox 438 2721 562 2782; x_wconf 78' lang='grc' dir='ltr'><em>τοὺς</em></span> <span class='ocrx_word' id='word_1_325' title='bbox 600 2719 886 2789; x_wconf 75' lang='grc' dir='ltr'><strong>εἰληφότας</strong></span> <span class='ocrx_word' id='word_1_326' title='bbox 916 2719 981 2772; x_wconf 81' lang='grc' dir='ltr'><em>δι’</em></span> <span class='ocrx_word' id='word_1_327' title='bbox 1027 2718 1204 2790; x_wconf 76' lang='grc' dir='ltr'><em>ἔργων</em></span> <span class='ocrx_word' id='word_1_328' title='bbox 1232 2717 1323 2770; x_wconf 74' lang='grc' dir='ltr'><em>τὸν</em></span> <span class='ocrx_word' id='word_1_329' title='bbox 1354 2718 1564 2785; x_wconf 82' lang='grc' dir='ltr'><em>καρπὸν</em></span> <span class='ocrx_word' id='word_1_330' title='bbox 1607 2718 1896 2772; x_wconf 82' lang='grc' dir='ltr'><em>ἀποδοῦναι</em></span> 
     </span>
    </p>
   </div>
   <div class='ocr_carea' id='block_1_46' title="bbox 318 2807 1897 2882">
    <p class='ocr_par' dir='ltr' id='par_1_46' title="bbox 318 2807 1897 2882">
     <span class='ocr_line' id='line_1_46' title="bbox 318 2807 1897 2882; baseline 0 -18"><span class='ocrx_word' id='word_1_331' title='bbox 318 2810 412 2864; x_wconf 85' lang='grc' dir='ltr'><strong>τοῦ</strong></span> <span class='ocrx_word' id='word_1_332' title='bbox 440 2809 648 2873; x_wconf 84' lang='grc' dir='ltr'><em>δάνους.</em></span> <span class='ocrx_word' id='word_1_333' title='bbox 693 2807 878 2874; x_wconf 74' lang='grc' dir='ltr'><em>Οὕτως</em></span> <span class='ocrx_word' id='word_1_334' title='bbox 907 2810 1111 2882; x_wconf 77' lang='grc' dir='ltr'><strong>ἀκούσῃ</strong></span> <span class='ocrx_word' id='word_1_335' title='bbox 1137 2810 1232 2864; x_wconf 75' lang='grc' dir='ltr'><em>καὶ</em></span> <span class='ocrx_word' id='word_1_336' title='bbox 1257 2811 1536 2875; x_wconf 81' lang='grc' dir='ltr'><em>Μωῦσέως</em></span> <span class='ocrx_word' id='word_1_337' title='bbox 1566 2810 1897 2880; x_wconf 81' lang='grc' dir='ltr'><em>ἐπαγγελλο-</em></span> 
     </span>
    </p>
   </div>
   <div class='ocr_carea' id='block_1_47' title="bbox 324 2899 1896 2973">
    <p class='ocr_par' dir='ltr' id='par_1_47' title="bbox 324 2899 1896 2973">
     <span class='ocr_line' id='line_1_47' title="bbox 324 2899 1896 2973; baseline -0.002 -19"><span class='ocrx_word' id='word_1_338' title='bbox 324 2901 482 2972; x_wconf 78' lang='grc' dir='ltr'><em>μένου</em></span> <span class='ocrx_word' id='word_1_339' title='bbox 528 2902 638 2964; x_wconf 80' lang='grc' dir='ltr'><em>τοῖς</em></span> <span class='ocrx_word' id='word_1_340' title='bbox 675 2901 780 2955; x_wconf 83' lang='grc' dir='ltr'><em>τῶν</em></span> <span class='ocrx_word' id='word_1_341' title='bbox 824 2899 980 2956; x_wconf 76' lang='grc' dir='ltr'><em>θείων</em></span> <span class='ocrx_word' id='word_1_342' title='bbox 1030 2903 1209 2973; x_wconf 87' lang='grc' dir='ltr'><em>νόμων</em></span> <span class='ocrx_word' id='word_1_343' title='bbox 1253 2901 1506 2971; x_wconf 79' lang='grc' dir='ltr'><em>φύλαξινο</em></span> <span class='ocrx_word' id='word_1_344' title='bbox 1547 2901 1628 2965; x_wconf 84' lang='grc' dir='ltr'><em>τὸ,</em></span> <span class='ocrx_word' id='word_1_345' title='bbox 1670 2902 1896 2968; x_wconf 73' lang='grc' dir='ltr'><em>Δανιεῖς</em></span> 
     </span>
    </p>
   </div>
   <div class='ocr_carea' id='block_1_48' title="bbox 321 2992 1893 3062">
    <p class='ocr_par' dir='ltr' id='par_1_48' title="bbox 321 2992 1893 3062">
     <span class='ocr_line' id='line_1_48' title="bbox 321 2992 1893 3062; baseline 0.001 -16"><span class='ocrx_word' id='word_1_346' title='bbox 321 2992 524 3046; x_wconf 74' lang='grc' dir='ltr'><em>ἔθνεσι</em></span> <span class='ocrx_word' id='word_1_347' title='bbox 569 2993 838 3059; x_wconf 77' lang='grc' dir='ltr'><em>πολλοῖς,</em></span> <span class='ocrx_word' id='word_1_348' title='bbox 883 2993 962 3047; x_wconf 87' lang='grc' dir='ltr'><em>σὺ</em></span> <span class='ocrx_word' id='word_1_349' title='bbox 997 2992 1064 3046; x_wconf 83' lang='grc' dir='ltr'><em>δὲ</em></span> <span class='ocrx_word' id='word_1_350' title='bbox 1096 2996 1168 3047; x_wconf 88' lang='grc' dir='ltr'><em>οὐ</em></span> <span class='ocrx_word' id='word_1_351' title='bbox 1202 2993 1408 3046; x_wconf 80' lang='grc' dir='ltr'><em>δανιεῖ.</em></span> <span class='ocrx_word' id='word_1_352' title='bbox 1440 2995 1550 3048; x_wconf 78' lang='grc' dir='ltr'><strong>Καὶ</strong></span> <span class='ocrx_word' id='word_1_353' title='bbox 1591 2995 1780 3047; x_wconf 89' lang='grc' dir='ltr'><em>τοῦτόν</em></span> <span class='ocrx_word' id='word_1_354' title='bbox 1829 3010 1893 3062; x_wconf 86' lang='grc' dir='ltr'><strong>γε</strong></span> 
     </span>
    </p>
   </div>
   <div class='ocr_carea' id='block_1_49' title="bbox 285 3085 1965 3176">
    <p class='ocr_par' dir='ltr' id='par_1_49' title="bbox 285 3085 1965 3176">
     <span class='ocr_line' id='line_1_49' title="bbox 285 3085 1965 3176; baseline 0.001 -37"><span class='ocrx_word' id='word_1_355' title='bbox 285 3159 288 3162; x_wconf 3' lang='grc' dir='ltr'><strong>γ</strong></span> <span class='ocrx_word' id='word_1_356' title='bbox 319 3086 412 3139; x_wconf 76' lang='grc' dir='ltr'><em>τὸν</em></span> <span class='ocrx_word' id='word_1_357' title='bbox 451 3086 648 3159; x_wconf 78' lang='grc' dir='ltr'><em>τρόπον</em></span> <span class='ocrx_word' id='word_1_358' title='bbox 681 3087 730 3139; x_wconf 80' lang='lat' dir='ltr'><strong>oi</strong></span> <span class='ocrx_word' id='word_1_359' title='bbox 765 3087 897 3139; x_wconf 79' lang='grc' dir='ltr'><em>θεῖοι</em></span> <span class='ocrx_word' id='word_1_360' title='bbox 934 3085 1219 3139; x_wconf 79' lang='grc' dir='ltr'><em>ἀπόστολοι</em></span> <span class='ocrx_word' id='word_1_361' title='bbox 1257 3085 1525 3150; x_wconf 78' lang='grc' dir='ltr'><em>ὲδάνειζον</em></span> <span class='ocrx_word' id='word_1_362' title='bbox 1555 3086 1732 3139; x_wconf 72' lang='grc' dir='ltr'><em>ἔθνεσι</em></span> <span class='ocrx_word' id='word_1_363' title='bbox 1763 3087 1894 3140; x_wconf 80' lang='grc' dir='ltr'><em>πολ·</em></span> <span class='ocrx_word' id='word_1_364' title='bbox 1921 3119 1965 3176; x_wconf 74' lang='lat' dir='ltr'>c</span> 
     </span>
    </p>
   </div>
   <div class='ocr_carea' id='block_1_50' title="bbox 318 3177 1897 3251">
    <p class='ocr_par' dir='ltr' id='par_1_50' title="bbox 318 3177 1897 3251">
     <span class='ocr_line' id='line_1_50' title="bbox 318 3177 1897 3251; baseline -0.001 -17"><span class='ocrx_word' id='word_1_365' title='bbox 318 3180 451 3248; x_wconf 82' lang='grc' dir='ltr'><em>λοτς,</em></span> <span class='ocrx_word' id='word_1_366' title='bbox 483 3178 579 3234; x_wconf 80' lang='grc' dir='ltr'><em>καὶ</em></span> <span class='ocrx_word' id='word_1_367' title='bbox 609 3179 841 3251; x_wconf 86' lang='grc' dir='ltr'><em>μάλιστά</em></span> <span class='ocrx_word' id='word_1_368' title='bbox 865 3195 930 3247; x_wconf 91' lang='grc' dir='ltr'><em>γε</em></span> <span class='ocrx_word' id='word_1_369' title='bbox 961 3180 990 3232; x_wconf 87' lang='grc' dir='ltr'><strong>ό</strong></span> <span class='ocrx_word' id='word_1_370' title='bbox 1020 3177 1254 3241; x_wconf 80' lang='grc' dir='ltr'><strong>Παῦλος·</strong></span> <span class='ocrx_word' id='word_1_371' title='bbox 1292 3179 1384 3231; x_wconf 73' lang='grc' dir='ltr'><em>καὶ</em></span> <span class='ocrx_word' id='word_1_372' title='bbox 1413 3177 1500 3231; x_wconf 77' lang='grc' dir='ltr'><em>διὰ</em></span> <span class='ocrx_word' id='word_1_373' title='bbox 1529 3177 1684 3230; x_wconf 91' lang='grc' dir='ltr'><em>τοῦτο</em></span> <span class='ocrx_word' id='word_1_374' title='bbox 1718 3178 1769 3231; x_wconf 92' lang='grc' dir='ltr'><em>οἱ</em></span> <span class='ocrx_word' id='word_1_375' title='bbox 1796 3196 1897 3248; x_wconf 88' lang='grc' dir='ltr'><strong>μα-</strong></span> 
     </span>
    </p>
   </div>
   <div class='ocr_carea' id='block_1_51' title="bbox 319 3268 1896 3343">
    <p class='ocr_par' dir='ltr' id='par_1_51' title="bbox 319 3268 1896 3343">
     <span class='ocr_line' id='line_1_51' title="bbox 319 3268 1896 3343; baseline -0.001 -17"><span class='ocrx_word' id='word_1_376' title='bbox 319 3271 668 3343; x_wconf 86' lang='grc' dir='ltr'><em>θητευόμενοι</em></span> <span class='ocrx_word' id='word_1_377' title='bbox 695 3272 897 3338; x_wconf 77' lang='grc' dir='ltr'><em>αὐτοῖς,</em></span> <span class='ocrx_word' id='word_1_378' title='bbox 923 3271 1142 3343; x_wconf 84' lang='grc' dir='ltr'><em>σπέρμα</em></span> <span class='ocrx_word' id='word_1_379' title='bbox 1160 3270 1312 3334; x_wconf 77' lang='grc' dir='ltr'><em>ὄντες</em></span> <span class='ocrx_word' id='word_1_380' title='bbox 1331 3269 1531 3334; x_wconf 79' lang='grc' dir='ltr'><em>αὐτῶν,</em></span> <span class='ocrx_word' id='word_1_381' title='bbox 1557 3268 1896 3324; x_wconf 75' lang='grc' dir='ltr'><em>οὐδεπώποτε</em></span> 
     </span>
    </p>
   </div>
   <div class='ocr_carea' id='block_1_52' title="bbox 318 3354 1900 3433">
    <p class='ocr_par' dir='ltr' id='par_1_52' title="bbox 318 3354 1900 3433">
     <span class='ocr_line' id='line_1_52' title="bbox 318 3354 1900 3433; baseline -0.001 -16"><span class='ocrx_word' id='word_1_382' title='bbox 318 3361 519 3425; x_wconf 73' lang='grc' dir='ltr'><em>ἐνδεεῖς</em></span> <span class='ocrx_word' id='word_1_383' title='bbox 545 3354 684 3433; x_wconf 81' lang='grc' dir='ltr'><em>ἦσαν</em></span> <span class='ocrx_word' id='word_1_384' title='bbox 714 3363 895 3433; x_wconf 76' lang='grc' dir='ltr'><em>ἄρτων</em></span> <span class='ocrx_word' id='word_1_385' title='bbox 918 3378 933 3393; x_wconf 77' lang='grc' dir='ltr'><strong>ο</strong></span> <span class='ocrx_word' id='word_1_386' title='bbox 969 3361 1066 3414; x_wconf 82' lang='grc' dir='ltr'><em>ἆτε</em></span> <span class='ocrx_word' id='word_1_387' title='bbox 1099 3359 1164 3432; x_wconf 83' lang='grc' dir='ltr'><em>δὴ</em></span> <span class='ocrx_word' id='word_1_388' title='bbox 1203 3359 1416 3431; x_wconf 74' lang='grc' dir='ltr'><em>ἔχοντες</em></span> <span class='ocrx_word' id='word_1_389' title='bbox 1446 3361 1574 3424; x_wconf 79' lang='grc' dir='ltr'><em>τοὺς</em></span> <span class='ocrx_word' id='word_1_390' title='bbox 1601 3361 1900 3431; x_wconf 80' lang='grc' dir='ltr'><em>χορηγοῦν-</em></span> 
     </span>
    </p>
   </div>
   <div class='ocr_carea' id='block_1_53' title="bbox 318 3446 1900 3524">
    <p class='ocr_par' dir='ltr' id='par_1_53' title="bbox 318 3446 1900 3524">
     <span class='ocr_line' id='line_1_53' title="bbox 318 3446 1900 3524; baseline -0.001 -18"><span class='ocrx_word' id='word_1_391' title='bbox 318 3470 418 3517; x_wconf 89' lang='grc' dir='ltr'><strong>τας</strong></span> <span class='ocrx_word' id='word_1_392' title='bbox 456 3450 636 3517; x_wconf 74' lang='grc' dir='ltr'><em>αὐτοῖς</em></span> <span class='ocrx_word' id='word_1_393' title='bbox 681 3452 779 3524; x_wconf 78' lang='grc' dir='ltr'><em>τὴν</em></span> <span class='ocrx_word' id='word_1_394' title='bbox 827 3453 1051 3523; x_wconf 65' lang='grc' dir='ltr'><em>λογικὴν</em></span> <span class='ocrx_word' id='word_1_395' title='bbox 1091 3451 1314 3524; x_wconf 75' lang='grc' dir='ltr'><em>τροφὴν,</em></span> <span class='ocrx_word' id='word_1_396' title='bbox 1349 3446 1418 3523; x_wconf 81' lang='grc' dir='ltr'><em>ἧς</em></span> <span class='ocrx_word' id='word_1_397' title='bbox 1460 3451 1900 3522; x_wconf 72' lang='grc' dir='ltr'><em>μεταλαμϐάνον·</em></span> 
     </span>
    </p>
   </div>
   <div class='ocr_carea' id='block_1_54' title="bbox 316 3543 1898 3617">
    <p class='ocr_par' dir='ltr' id='par_1_54' title="bbox 316 3543 1898 3617">
     <span class='ocr_line' id='line_1_54' title="bbox 316 3543 1898 3617; baseline -0.001 -18"><span class='ocrx_word' id='word_1_398' title='bbox 316 3563 429 3612; x_wconf 88' lang='grc' dir='ltr'><em>τες,</em></span> <span class='ocrx_word' id='word_1_399' title='bbox 481 3545 752 3614; x_wconf 84' lang='grc' dir='ltr'><em>εὐλογίαις</em></span> <span class='ocrx_word' id='word_1_400' title='bbox 798 3544 1151 3617; x_wconf 71' lang='grc' dir='ltr'><em>ἐπληροῦντο.</em></span> <span class='ocrx_word' id='word_1_401' title='bbox 1205 3544 1296 3597; x_wconf 81' lang='grc' dir='ltr'><strong>Διὸ</strong></span> <span class='ocrx_word' id='word_1_402' title='bbox 1343 3544 1625 3598; x_wconf 70' lang='grc' dir='ltr'><strong>λέλεκται⁶</strong></span> <span class='ocrx_word' id='word_1_403' title='bbox 1672 3545 1781 3598; x_wconf 79' lang='grc' dir='ltr'><strong>Καὶ</strong></span> <span class='ocrx_word' id='word_1_404' title='bbox 1830 3543 1898 3598; x_wconf 87' lang='grc' dir='ltr'><em>τὸ</em></span> 
     </span>
    </p>
   </div>
   <div class='ocr_carea' id='block_1_55' title="bbox 317 3636 1900 3708">
    <p class='ocr_par' dir='ltr' id='par_1_55' title="bbox 317 3636 1900 3708">
     <span class='ocr_line' id='line_1_55' title="bbox 317 3636 1900 3708; baseline -0.002 -15"><span class='ocrx_word' id='word_1_405' title='bbox 317 3637 554 3708; x_wconf 81' lang='grc' dir='ltr'><em>σπέρμα</em></span> <span class='ocrx_word' id='word_1_406' title='bbox 589 3638 776 3693; x_wconf 81' lang='grc' dir='ltr'><em>αὐτοῦ</em></span> <span class='ocrx_word' id='word_1_407' title='bbox 803 3639 892 3704; x_wconf 81' lang='grc' dir='ltr'><em>εις</em></span> <span class='ocrx_word' id='word_1_408' title='bbox 928 3637 1213 3708; x_wconf 71' lang='grc' dir='ltr'><em>εὐλογίαν</em></span> <span class='ocrx_word' id='word_1_409' title='bbox 1254 3636 1448 3690; x_wconf 78' lang='grc' dir='ltr'><em>ἔσται.</em></span> <span class='ocrx_word' id='word_1_410' title='bbox 1479 3637 1589 3691; x_wconf 79' lang='grc' dir='ltr'><strong>Καὶ</strong></span> <span class='ocrx_word' id='word_1_411' title='bbox 1634 3636 1773 3690; x_wconf 83' lang='grc' dir='ltr'><em>κατὰ</em></span> <span class='ocrx_word' id='word_1_412' title='bbox 1809 3637 1900 3707; x_wconf 76' lang='grc' dir='ltr'><strong>ψι-</strong></span> 
     </span>
    </p>
   </div>
   <div class='ocr_carea' id='block_1_56' title="bbox 316 3728 1897 3802">
    <p class='ocr_par' dir='ltr' id='par_1_56' title="bbox 316 3728 1897 3802">
     <span class='ocr_line' id='line_1_56' title="bbox 316 3728 1897 3802; baseline -0.001 -19"><span class='ocrx_word' id='word_1_413' title='bbox 316 3730 414 3802; x_wconf 78' lang='grc' dir='ltr'><em>λὴν</em></span> <span class='ocrx_word' id='word_1_414' title='bbox 445 3729 499 3784; x_wconf 79' lang='grc' dir='ltr'><em>δὲ</em></span> <span class='ocrx_word' id='word_1_415' title='bbox 536 3730 632 3802; x_wconf 82' lang='grc' dir='ltr'><em>τὴν</em></span> <span class='ocrx_word' id='word_1_416' title='bbox 660 3729 822 3794; x_wconf 79' lang='grc' dir='ltr'><em>λέξιν.</em></span> <span class='ocrx_word' id='word_1_417' title='bbox 857 3729 912 3782; x_wconf 85' lang='grc' dir='ltr'><strong>εί</strong></span> <span class='ocrx_word' id='word_1_418' title='bbox 937 3745 1022 3794; x_wconf 87' lang='grc' dir='ltr'><strong>τις</strong></span> <span class='ocrx_word' id='word_1_419' title='bbox 1061 3729 1338 3798; x_wconf 78' lang='grc' dir='ltr'><em>λογίσαιτο</em></span> <span class='ocrx_word' id='word_1_420' title='bbox 1374 3731 1524 3793; x_wconf 82' lang='grc' dir='ltr'><em>ὅπως</em></span> <span class='ocrx_word' id='word_1_421' title='bbox 1567 3729 1782 3802; x_wconf 75' lang='grc' dir='ltr'><em>εἴρηται</em></span> <span class='ocrx_word' id='word_1_422' title='bbox 1820 3728 1897 3801; x_wconf 81' lang='grc' dir='ltr'><em>τῷ</em></span> 
     </span>
    </p>
   </div>
   <div class='ocr_carea' id='block_1_57' title="bbox 317 3820 1898 3894">
    <p class='ocr_par' dir='ltr' id='par_1_57' title="bbox 317 3820 1898 3894">
     <span class='ocr_line' id='line_1_57' title="bbox 317 3820 1898 3894; baseline -0.001 -18"><span class='ocrx_word' id='word_1_423' title='bbox 317 3823 529 3894; x_wconf 80' lang='grc' dir='ltr'><em>Σωτῆρι</em></span> <span class='ocrx_word' id='word_1_424' title='bbox 565 3823 646 3884; x_wconf 81' lang='grc' dir='ltr'><em>τὸ,</em></span> <span class='ocrx_word' id='word_1_425' title='bbox 676 3823 783 3877; x_wconf 77' lang='grc' dir='ltr'><em>Καὶ</em></span> <span class='ocrx_word' id='word_1_426' title='bbox 819 3822 890 3876; x_wconf 78' lang='grc' dir='ltr'><em>ἐν</em></span> <span class='ocrx_word' id='word_1_427' title='bbox 916 3821 997 3888; x_wconf 85' lang='grc' dir='ltr'><em>τῷ</em></span> <span class='ocrx_word' id='word_1_428' title='bbox 1021 3820 1187 3876; x_wconf 76' lang='grc' dir='ltr'><em>αἰῶνι</em></span> <span class='ocrx_word' id='word_1_429' title='bbox 1218 3823 1408 3889; x_wconf 83' lang='grc' dir='ltr'><em>τούτῳ</em></span> <span class='ocrx_word' id='word_1_430' title='bbox 1453 3822 1898 3876; x_wconf 71' lang='grc' dir='ltr'><em>ἑκατονταπλα-</em></span> 
     </span>
    </p>
   </div>
   <div class='ocr_carea' id='block_1_58' title="bbox 317 3913 1894 3988">
    <p class='ocr_par' dir='ltr' id='par_1_58' title="bbox 317 3913 1894 3988">
     <span class='ocr_line' id='line_1_58' title="bbox 317 3913 1894 3988; baseline 0.001 -20"><span class='ocrx_word' id='word_1_431' title='bbox 317 3915 495 3968; x_wconf 80' lang='grc' dir='ltr'><em>σίονα</em></span> <span class='ocrx_word' id='word_1_432' title='bbox 519 3913 796 3983; x_wconf 76' lang='grc' dir='ltr'><em>λήψεται,</em></span> <span class='ocrx_word' id='word_1_433' title='bbox 827 3913 1008 3985; x_wconf 76' lang='grc' dir='ltr'><em>ἔργοις</em></span> <span class='ocrx_word' id='word_1_434' title='bbox 1050 3931 1111 3966; x_wconf 91' lang='grc' dir='ltr'><em>τε</em></span> <span class='ocrx_word' id='word_1_435' title='bbox 1155 3914 1340 3978; x_wconf 77' lang='grc' dir='ltr'><em>αὐτοῖς</em></span> <span class='ocrx_word' id='word_1_436' title='bbox 1372 3914 1627 3969; x_wconf 87' lang='grc' dir='ltr'><em>θεάσαιτο</em></span> <span class='ocrx_word' id='word_1_437' title='bbox 1658 3915 1894 3988; x_wconf 84' lang='grc' dir='ltr'><em>πληρού-</em></span> 
     </span>
    </p>
   </div>
   <div class='ocr_carea' id='block_1_59' title="bbox 321 4006 1895 4079">
    <p class='ocr_par' dir='ltr' id='par_1_59' title="bbox 321 4006 1895 4079">
     <span class='ocr_line' id='line_1_59' title="bbox 321 4006 1895 4079; baseline 0.002 -20"><span class='ocrx_word' id='word_1_438' title='bbox 321 4023 478 4078; x_wconf 84' lang='grc' dir='ltr'><em>μενον</em></span> <span class='ocrx_word' id='word_1_439' title='bbox 511 4006 602 4061; x_wconf 84' lang='grc' dir='ltr'><em>τὺν</em></span> <span class='ocrx_word' id='word_1_440' title='bbox 644 4007 801 4076; x_wconf 84' lang='grc' dir='ltr'><em>λόγον</em></span> <span class='ocrx_word' id='word_1_441' title='bbox 851 4007 940 4060; x_wconf 84' lang='grc' dir='ltr'><em>διὰ</em></span> <span class='ocrx_word' id='word_1_442' title='bbox 988 4006 1095 4060; x_wconf 84' lang='grc' dir='ltr'><em>τῶν</em></span> <span class='ocrx_word' id='word_1_443' title='bbox 1148 4006 1314 4061; x_wconf 78' lang='grc' dir='ltr'><em>αὑτοῦ</em></span> <span class='ocrx_word' id='word_1_444' title='bbox 1382 4007 1659 4079; x_wconf 84' lang='grc' dir='ltr'><em>μαθητῶν,</em></span> <span class='ocrx_word' id='word_1_445' title='bbox 1706 4008 1895 4078; x_wconf 70' lang='grc' dir='ltr'><em>ὄψεται</em></span> 
     </span>
    </p>
   </div>
   <div class='ocr_carea' id='block_1_60' title="bbox 318 4096 1894 4170">
    <p class='ocr_par' dir='ltr' id='par_1_60' title="bbox 318 4096 1894 4170">
     <span class='ocr_line' id='line_1_60' title="bbox 318 4096 1894 4170; baseline 0.001 -20"><span class='ocrx_word' id='word_1_446' title='bbox 318 4097 436 4161; x_wconf 79' lang='grc' dir='ltr'><em>πῶς</em></span> <span class='ocrx_word' id='word_1_447' title='bbox 458 4099 486 4151; x_wconf 83' lang='grc' dir='ltr'>ὁ</span> <span class='ocrx_word' id='word_1_448' title='bbox 507 4098 714 4160; x_wconf 85' lang='grc' dir='ltr'><em>δίκαιος</em></span> <span class='ocrx_word' id='word_1_449' title='bbox 738 4096 865 4168; x_wconf 85' lang='grc' dir='ltr'><em>ὃλην</em></span> <span class='ocrx_word' id='word_1_450' title='bbox 897 4096 994 4169; x_wconf 84' lang='grc' dir='ltr'><em>τὴν</em></span> <span class='ocrx_word' id='word_1_451' title='bbox 1020 4097 1231 4170; x_wconf 82' lang='grc' dir='ltr'><em>ἡμέραν</em></span> <span class='ocrx_word' id='word_1_452' title='bbox 1255 4099 1397 4151; x_wconf 79' lang='grc' dir='ltr'><em>ἐλεεῖ</em></span> <span class='ocrx_word' id='word_1_453' title='bbox 1423 4098 1515 4151; x_wconf 72' lang='grc' dir='ltr'><em>καὶ</em></span> <span class='ocrx_word' id='word_1_454' title='bbox 1543 4097 1794 4162; x_wconf 80' lang='grc' dir='ltr'><em>δανείζει.</em></span> <span class='ocrx_word' id='word_1_455' title='bbox 1831 4099 1894 4152; x_wconf 83' lang='lat' dir='ltr'><strong>Ei</strong></span> 
     </span>
    </p>
   </div>
   <div class='ocr_carea' id='block_1_61' title="bbox 316 4184 1896 4260">
    <p class='ocr_par' dir='ltr' id='par_1_61' title="bbox 316 4184 1896 4260">
     <span class='ocr_line' id='line_1_61' title="bbox 316 4184 1896 4260; baseline 0.001 -19"><span class='ocrx_word' id='word_1_456' title='bbox 316 4187 424 4259; x_wconf 82' lang='grc' dir='ltr'><em>γὰρ</em></span> <span class='ocrx_word' id='word_1_457' title='bbox 453 4188 672 4242; x_wconf 89' lang='grc' dir='ltr'><em>πάντων</em></span> <span class='ocrx_word' id='word_1_458' title='bbox 699 4187 808 4241; x_wconf 85' lang='grc' dir='ltr'><em>τῶν</em></span> <span class='ocrx_word' id='word_1_459' title='bbox 838 4187 1201 4243; x_wconf 86' lang='grc' dir='ltr'><em>πιστευόντων</em></span> <span class='ocrx_word' id='word_1_460' title='bbox 1225 4184 1294 4258; x_wconf 82' lang='grc' dir='ltr'><em>ἦν</em></span> <span class='ocrx_word' id='word_1_461' title='bbox 1321 4191 1353 4258; x_wconf 80' lang='grc' dir='ltr'><strong>ἡ</strong></span> <span class='ocrx_word' id='word_1_462' title='bbox 1398 4188 1544 4260; x_wconf 78' lang='grc' dir='ltr'><strong>ψυχὴ</strong></span> <span class='ocrx_word' id='word_1_463' title='bbox 1578 4189 1672 4242; x_wconf 79' lang='grc' dir='ltr'><em>καὶ</em></span> <span class='ocrx_word' id='word_1_464' title='bbox 1699 4191 1730 4260; x_wconf 81' lang='grc' dir='ltr'><strong>ἡ</strong></span> <span class='ocrx_word' id='word_1_465' title='bbox 1760 4207 1896 4260; x_wconf 86' lang='grc' dir='ltr'><em>καρ-</em></span> 
     </span>
    </p>
   </div>
   <div class='ocr_carea' id='block_1_62' title="bbox 314 4277 1890 4350">
    <p class='ocr_par' dir='ltr' id='par_1_62' title="bbox 314 4277 1890 4350">
     <span class='ocr_line' id='line_1_62' title="bbox 314 4277 1890 4350; baseline 0.002 -19"><span class='ocrx_word' id='word_1_466' title='bbox 314 4278 403 4332; x_wconf 85' lang='grc' dir='ltr'><strong>δία</strong></span> <span class='ocrx_word' id='word_1_467' title='bbox 456 4279 572 4350; x_wconf 88' lang='grc' dir='ltr'><em>μία,</em></span> <span class='ocrx_word' id='word_1_468' title='bbox 629 4279 722 4332; x_wconf 79' lang='grc' dir='ltr'><em>καὶ</em></span> <span class='ocrx_word' id='word_1_469' title='bbox 766 4279 940 4342; x_wconf 76' lang='grc' dir='ltr'><em>οὐδεὶς</em></span> <span class='ocrx_word' id='word_1_470' title='bbox 989 4278 1173 4348; x_wconf 74' lang='grc' dir='ltr'><em>ἔλεγεν</em></span> <span class='ocrx_word' id='word_1_471' title='bbox 1217 4278 1438 4332; x_wconf 78' lang='grc' dir='ltr'><em>ἵδιόν’τι</em></span> <span class='ocrx_word' id='word_1_472' title='bbox 1490 4280 1684 4334; x_wconf 78' lang='grc' dir='ltr'><em>ἑαυτοῦ</em></span> <span class='ocrx_word' id='word_1_473' title='bbox 1732 4277 1890 4342; x_wconf 70' lang='grc' dir='ltr'><em>εἶναι.</em></span> 
     </span>
    </p>
   </div>
   <div class='ocr_carea' id='block_1_63' title="bbox 315 4367 1892 4446">
    <p class='ocr_par' dir='ltr' id='par_1_63' title="bbox 315 4367 1892 4446">
     <span class='ocr_line' id='line_1_63' title="bbox 315 4367 1892 4446; baseline 0.001 -22"><span class='ocrx_word' id='word_1_474' title='bbox 315 4371 430 4425; x_wconf 81' lang='grc' dir='ltr'><em>ἀλλ’</em></span> <span class='ocrx_word' id='word_1_475' title='bbox 465 4367 534 4443; x_wconf 76' lang='grc' dir='ltr'><em>ἦν</em></span> <span class='ocrx_word' id='word_1_476' title='bbox 557 4372 733 4426; x_wconf 85' lang='grc' dir='ltr'><em>πάντα</em></span> <span class='ocrx_word' id='word_1_477' title='bbox 774 4375 948 4434; x_wconf 82' lang='grc' dir='ltr'><em>κοινά,</em></span> <span class='ocrx_word' id='word_1_478' title='bbox 975 4372 1088 4426; x_wconf 84' lang='grc' dir='ltr'><em>ὅσοι</em></span> <span class='ocrx_word' id='word_1_479' title='bbox 1122 4391 1181 4426; x_wconf 89' lang='grc' dir='ltr'><strong>τε</strong></span> <span class='ocrx_word' id='word_1_480' title='bbox 1213 4369 1354 4444; x_wconf 80' lang='grc' dir='ltr'><em>ἦσαν</em></span> <span class='ocrx_word' id='word_1_481' title='bbox 1385 4372 1564 4446; x_wconf 80' lang='grc' dir='ltr'><em>κύριοι</em></span> <span class='ocrx_word' id='word_1_482' title='bbox 1595 4373 1892 4445; x_wconf 81' lang='grc' dir='ltr'><em>κτημάτων</em></span> 
     </span>
    </p>
   </div>
   <div class='ocr_carea' id='block_1_64' title="bbox 1999 1875 3578 1950">
    <p class='ocr_par' dir='ltr' id='par_1_64' title="bbox 1999 1875 3578 1950">
     <span class='ocr_line' id='line_1_64' title="bbox 1999 1875 3578 1950; baseline 0 -16"><span class='ocrx_word' id='word_1_483' title='bbox 1999 1882 2308 1949; x_wconf 89' lang='lat' dir='ltr'><strong>multasque</strong></span> <span class='ocrx_word' id='word_1_484' title='bbox 2361 1875 2715 1932; x_wconf 90' lang='lat' dir='ltr'><strong>rationabiles</strong></span> <span class='ocrx_word' id='word_1_485' title='bbox 2757 1875 2978 1933; x_wconf 83' lang='lat' dir='ltr'><strong>divitias</strong></span> <span class='ocrx_word' id='word_1_486' title='bbox 3035 1878 3281 1950; x_wconf 78' lang='lat' dir='ltr'><strong>colligit,</strong></span> <span class='ocrx_word' id='word_1_487' title='bbox 3339 1877 3385 1933; x_wconf 93' lang='lat' dir='ltr'><strong>is</strong></span> <span class='ocrx_word' id='word_1_488' title='bbox 3439 1878 3578 1934; x_wconf 86' lang='lat' dir='ltr'><strong>nihil</strong></span> 
     </span>
    </p>
   </div>
   <div class='ocr_carea' id='block_1_65' title="bbox 1997 1971 3583 2042">
    <p class='ocr_par' dir='ltr' id='par_1_65' title="bbox 1997 1971 3583 2042">
     <span class='ocr_line' id='line_1_65' title="bbox 1997 1971 3583 2042; baseline 0.001 -15"><span class='ocrx_word' id='word_1_489' title='bbox 1997 1972 2146 2027; x_wconf 89' lang='lat' dir='ltr'><strong>aliud</strong></span> <span class='ocrx_word' id='word_1_490' title='bbox 2178 1987 2339 2042; x_wconf 82' lang='lat' dir='ltr'><strong>agere</strong></span> <span class='ocrx_word' id='word_1_491' title='bbox 2374 1971 2554 2034; x_wconf 88' lang='lat' dir='ltr'><strong>novit,</strong></span> <span class='ocrx_word' id='word_1_492' title='bbox 2595 1985 2757 2041; x_wconf 89' lang='lat' dir='ltr'><strong>quam</strong></span> <span class='ocrx_word' id='word_1_493' title='bbox 2789 1977 2848 2024; x_wconf 92' lang='lat' dir='ltr'><strong>ut</strong></span> <span class='ocrx_word' id='word_1_494' title='bbox 2877 1977 2993 2024; x_wconf 88' lang='lat' dir='ltr'><strong>tota</strong></span> <span class='ocrx_word' id='word_1_495' title='bbox 3019 1971 3108 2026; x_wconf 91' lang='lat' dir='ltr'><strong>die</strong></span> <span class='ocrx_word' id='word_1_496' title='bbox 3156 1971 3484 2027; x_wconf 85' lang='lat' dir='ltr'><strong>misereatur</strong></span> <span class='ocrx_word' id='word_1_497' title='bbox 3527 1980 3583 2028; x_wconf 90' lang='lat' dir='ltr'><strong>et</strong></span> 
     </span>
    </p>
   </div>
   <div class='ocr_carea' id='block_1_66' title="bbox 1997 2060 3580 2132">
    <p class='ocr_par' dir='ltr' id='par_1_66' title="bbox 1997 2060 3580 2132">
     <span class='ocr_line' id='line_1_66' title="bbox 1997 2060 3580 2132; baseline -0.001 -13"><span class='ocrx_word' id='word_1_498' title='bbox 1997 2063 2328 2119; x_wconf 88' lang='lat' dir='ltr'><strong>commodet.</strong></span> <span class='ocrx_word' id='word_1_499' title='bbox 2358 2060 2670 2117; x_wconf 87' lang='lat' dir='ltr'><strong>Secundum</strong></span> <span class='ocrx_word' id='word_1_500' title='bbox 2718 2060 2972 2132; x_wconf 82' lang='lat' dir='ltr'><strong>Aquilam</strong></span> <span class='ocrx_word' id='word_1_501' title='bbox 3009 2077 3140 2118; x_wconf 84' lang='lat' dir='ltr'><strong>vero</strong></span> <span class='ocrx_word' id='word_1_502' title='bbox 3165 2102 3181 2127; x_wconf 90' lang='lat'><strong>,</strong></span> <span class='ocrx_word' id='word_1_503' title='bbox 3227 2073 3338 2117; x_wconf 88' lang='lat' dir='ltr'><strong>tota</strong></span> <span class='ocrx_word' id='word_1_504' title='bbox 3369 2063 3454 2118; x_wconf 87' lang='lat' dir='ltr'><strong>die</strong></span> <span class='ocrx_word' id='word_1_505' title='bbox 3485 2063 3580 2119; x_wconf 87' lang='lat' dir='ltr'><strong>dat</strong></span> 
     </span>
    </p>
   </div>
   <div class='ocr_carea' id='block_1_67' title="bbox 1995 2154 3584 2225">
    <p class='ocr_par' dir='ltr' id='par_1_67' title="bbox 1995 2154 3584 2225">
     <span class='ocr_line' id='line_1_67' title="bbox 1995 2154 3584 2225; baseline -0.001 -14"><span class='ocrx_word' id='word_1_506' title='bbox 1995 2167 2044 2212; x_wconf 87' lang='lat' dir='ltr'><strong>et</strong></span> <span class='ocrx_word' id='word_1_507' title='bbox 2077 2155 2413 2211; x_wconf 85' lang='lat' dir='ltr'><strong>commodat:</strong></span> <span class='ocrx_word' id='word_1_508' title='bbox 2442 2155 2565 2209; x_wconf 89' lang='lat' dir='ltr'><strong>aliis</strong></span> <span class='ocrx_word' id='word_1_509' title='bbox 2603 2154 2824 2225; x_wconf 87' lang='lat' dir='ltr'><strong>quidem</strong></span> <span class='ocrx_word' id='word_1_510' title='bbox 2878 2154 3012 2219; x_wconf 93' lang='lat' dir='ltr'><strong>dat,</strong></span> <span class='ocrx_word' id='word_1_511' title='bbox 3062 2155 3184 2210; x_wconf 91' lang='lat' dir='ltr'><strong>aliis</strong></span> <span class='ocrx_word' id='word_1_512' title='bbox 3216 2163 3398 2212; x_wconf 90' lang='lat' dir='ltr'><strong>autem</strong></span> <span class='ocrx_word' id='word_1_513' title='bbox 3429 2172 3584 2210; x_wconf 68' lang='lat' dir='ltr'><strong>como</strong></span> 
     </span>
    </p>
   </div>
   <div class='ocr_carea' id='block_1_68' title="bbox 1996 2247 3581 2320">
    <p class='ocr_par' dir='ltr' id='par_1_68' title="bbox 1996 2247 3581 2320">
     <span class='ocr_line' id='line_1_68' title="bbox 1996 2247 3581 2320; baseline 0 -16"><span class='ocrx_word' id='word_1_514' title='bbox 1996 2249 2219 2316; x_wconf 88' lang='lat' dir='ltr'><strong>modat;</strong></span> <span class='ocrx_word' id='word_1_515' title='bbox 2253 2249 2505 2320; x_wconf 76' lang='lat' dir='ltr'><strong>dogmata</strong></span> <span class='ocrx_word' id='word_1_516' title='bbox 2536 2247 2602 2302; x_wconf 89' lang='lat' dir='ltr'><strong>ad</strong></span> <span class='ocrx_word' id='word_1_517' title='bbox 2652 2249 3080 2318; x_wconf 88' lang='lat' dir='ltr'><strong>speculationem</strong></span> <span class='ocrx_word' id='word_1_518' title='bbox 3127 2248 3221 2304; x_wconf 89' lang='lat' dir='ltr'><strong>dat</strong></span> <span class='ocrx_word' id='word_1_519' title='bbox 3250 2247 3318 2304; x_wconf 90' lang='lat' dir='ltr'><strong>iis</strong></span> <span class='ocrx_word' id='word_1_520' title='bbox 3345 2259 3581 2320; x_wconf 82' lang='lat' dir='ltr'><strong>quorum</strong></span> 
     </span>
    </p>
   </div>
   <div class='ocr_carea' id='block_1_69' title="bbox 1997 2340 3576 2412">
    <p class='ocr_par' dir='ltr' id='par_1_69' title="bbox 1997 2340 3576 2412">
     <span class='ocr_line' id='line_1_69' title="bbox 1997 2340 3576 2412; baseline 0.001 -18"><span class='ocrx_word' id='word_1_521' title='bbox 1997 2355 2228 2410; x_wconf 85' lang='lat' dir='ltr'><strong>capaces</strong></span> <span class='ocrx_word' id='word_1_522' title='bbox 2261 2341 2454 2395; x_wconf 73' lang='lat' dir='ltr'><strong>anima:</strong></span> <span class='ocrx_word' id='word_1_523' title='bbox 2484 2347 2643 2405; x_wconf 88' lang='lat' dir='ltr'><strong>sunt;</strong></span> <span class='ocrx_word' id='word_1_524' title='bbox 2680 2340 2907 2395; x_wconf 88' lang='lat' dir='ltr'><strong>moralia</strong></span> <span class='ocrx_word' id='word_1_525' title='bbox 2945 2348 3214 2412; x_wconf 64' lang='lat' dir='ltr'><strong>praecepta</strong></span> <span class='ocrx_word' id='word_1_526' title='bbox 3234 2341 3576 2403; x_wconf 81' lang='lat' dir='ltr'><strong>commodat.</strong></span> 
     </span>
    </p>
   </div>
   <div class='ocr_carea' id='block_1_70' title="bbox 1997 2433 3584 2504">
    <p class='ocr_par' dir='ltr' id='par_1_70' title="bbox 1997 2433 3584 2504">
     <span class='ocr_line' id='line_1_70' title="bbox 1997 2433 3584 2504; baseline 0.001 -17"><span class='ocrx_word' id='word_1_527' title='bbox 1997 2445 2058 2487; x_wconf 88' lang='lat' dir='ltr'><strong>ut</strong></span> <span class='ocrx_word' id='word_1_528' title='bbox 2091 2435 2184 2504; x_wconf 88' lang='lat' dir='ltr'><strong>qui</strong></span> <span class='ocrx_word' id='word_1_529' title='bbox 2219 2433 2571 2503; x_wconf 88' lang='lat' dir='ltr'><strong>acceperint,</strong></span> <span class='ocrx_word' id='word_1_530' title='bbox 2633 2441 2826 2488; x_wconf 90' lang='lat' dir='ltr'><strong>mutuo</strong></span> <span class='ocrx_word' id='word_1_531' title='bbox 2863 2435 3074 2503; x_wconf 89' lang='lat' dir='ltr'><strong>accepti</strong></span> <span class='ocrx_word' id='word_1_532' title='bbox 3131 2434 3368 2489; x_wconf 81' lang='lat' dir='ltr'><strong>fructum</strong></span> <span class='ocrx_word' id='word_1_533' title='bbox 3402 2434 3584 2504; x_wconf 76' lang='lat' dir='ltr'><strong>operi-</strong></span> 
     </span>
    </p>
   </div>
   <div class='ocr_carea' id='block_1_71' title="bbox 1996 2525 3580 2597">
    <p class='ocr_par' dir='ltr' id='par_1_71' title="bbox 1996 2525 3580 2597">
     <span class='ocr_line' id='line_1_71' title="bbox 1996 2525 3580 2597; baseline -0.001 -15"><span class='ocrx_word' id='word_1_534' title='bbox 1996 2527 2100 2583; x_wconf 91' lang='lat' dir='ltr'><strong>bus</strong></span> <span class='ocrx_word' id='word_1_535' title='bbox 2128 2526 2378 2584; x_wconf 82' lang='lat' dir='ltr'><strong>reddant.</strong></span> <span class='ocrx_word' id='word_1_536' title='bbox 2419 2526 2510 2581; x_wconf 91' lang='lat' dir='ltr'><strong>Sic</strong></span> <span class='ocrx_word' id='word_1_537' title='bbox 2539 2527 2732 2582; x_wconf 87' lang='lat' dir='ltr'><strong>andias</strong></span> <span class='ocrx_word' id='word_1_538' title='bbox 2766 2525 3004 2597; x_wconf 82' lang='lat' dir='ltr'><strong>Moysem</strong></span> <span class='ocrx_word' id='word_1_539' title='bbox 3045 2525 3352 2580; x_wconf 89' lang='lat' dir='ltr'><strong>divinarum</strong></span> <span class='ocrx_word' id='word_1_540' title='bbox 3401 2527 3580 2596; x_wconf 74' lang='lat' dir='ltr'><strong>legum</strong></span> 
     </span>
    </p>
   </div>
   <div class='ocr_carea' id='block_1_72' title="bbox 1997 2615 3580 2690">
    <p class='ocr_par' dir='ltr' id='par_1_72' title="bbox 1997 2615 3580 2690">
     <span class='ocr_line' id='line_1_72' title="bbox 1997 2615 3580 2690; baseline -0.005 -13"><span class='ocrx_word' id='word_1_541' title='bbox 1997 2620 2301 2677; x_wconf 90' lang='lat' dir='ltr'><strong>cultoribus</strong></span> <span class='ocrx_word' id='word_1_542' title='bbox 2335 2619 2471 2674; x_wconf 80' lang='lat' dir='ltr'><strong>&#39;hoc</strong></span> <span class='ocrx_word' id='word_1_543' title='bbox 2527 2619 2876 2690; x_wconf 84' lang='lat' dir='ltr'><strong>pollicentem</strong></span> <span class='ocrx_word' id='word_1_544' title='bbox 2916 2637 2930 2672; x_wconf 88' lang='lat'><strong>:</strong></span> <span class='ocrx_word' id='word_1_545' title='bbox 2980 2616 3291 2671; x_wconf 80' lang='lat' dir='ltr'><strong>Faenerabis</strong></span> <span class='ocrx_word' id='word_1_546' title='bbox 3339 2615 3580 2686; x_wconf 74' lang='lat' dir='ltr'><strong>gentibus</strong></span> 
     </span>
    </p>
   </div>
   <div class='ocr_carea' id='block_1_73' title="bbox 1997 2709 3583 2783">
    <p class='ocr_par' dir='ltr' id='par_1_73' title="bbox 1997 2709 3583 2783">
     <span class='ocr_line' id='line_1_73' title="bbox 1997 2709 3583 2783; baseline -0.002 -15"><span class='ocrx_word' id='word_1_547' title='bbox 1997 2715 2202 2776; x_wconf 84' lang='lat' dir='ltr'><strong>multis,</strong></span> <span class='ocrx_word' id='word_1_548' title='bbox 2235 2721 2285 2767; x_wconf 86' lang='lat' dir='ltr'><strong>et</strong></span> <span class='ocrx_word' id='word_1_549' title='bbox 2316 2722 2373 2766; x_wconf 89' lang='lat' dir='ltr'><strong>tu</strong></span> <span class='ocrx_word' id='word_1_550' title='bbox 2423 2729 2524 2766; x_wconf 91' lang='lat' dir='ltr'><strong>non</strong></span> <span class='ocrx_word' id='word_1_551' title='bbox 2580 2713 2730 2783; x_wconf 80' lang='lat' dir='ltr'><strong>fenus</strong></span> <span class='ocrx_word' id='word_1_552' title='bbox 2781 2712 3003 2780; x_wconf 85' lang='lat' dir='ltr'><strong>accipies</strong></span> <span class='ocrx_word' id='word_1_553' title='bbox 3042 2712 3110 2764; x_wconf 83' lang='grc'><strong>⁷³.</strong></span> <span class='ocrx_word' id='word_1_554' title='bbox 3178 2709 3244 2764; x_wconf 84' lang='grc' dir='ltr'><em>Ει</em></span> <span class='ocrx_word' id='word_1_555' title='bbox 3288 2725 3356 2765; x_wconf 90' lang='lat' dir='ltr'><strong>eo</strong></span> <span class='ocrx_word' id='word_1_556' title='bbox 3393 2711 3583 2780; x_wconf 81' lang='lat' dir='ltr'><strong>utique</strong></span> 
     </span>
    </p>
   </div>
   <div class='ocr_carea' id='block_1_74' title="bbox 1997 2804 3581 2876">
    <p class='ocr_par' dir='ltr' id='par_1_74' title="bbox 1997 2804 3581 2876">
     <span class='ocr_line' id='line_1_74' title="bbox 1997 2804 3581 2876; baseline -0.001 -14"><span class='ocrx_word' id='word_1_557' title='bbox 1997 2807 2159 2862; x_wconf 93' lang='lat' dir='ltr'><strong>modo</strong></span> <span class='ocrx_word' id='word_1_558' title='bbox 2195 2805 2365 2860; x_wconf 88' lang='lat' dir='ltr'><strong>divini</strong></span> <span class='ocrx_word' id='word_1_559' title='bbox 2401 2806 2634 2876; x_wconf 86' lang='lat' dir='ltr'><strong>apostoli</strong></span> <span class='ocrx_word' id='word_1_560' title='bbox 2669 2805 3015 2861; x_wconf 78' lang='lat' dir='ltr'><strong>{tenerahant</strong></span> <span class='ocrx_word' id='word_1_561' title='bbox 3047 2804 3305 2876; x_wconf 74' lang='lat' dir='ltr'><strong>gentibus</strong></span> <span class='ocrx_word' id='word_1_562' title='bbox 3348 2805 3537 2860; x_wconf 88' lang='lat' dir='ltr'><strong>multis</strong></span> <span class='ocrx_word' id='word_1_563' title='bbox 3563 2841 3581 2871; x_wconf 88' lang='lat'><strong>,</strong></span> 
     </span>
    </p>
   </div>
   <div class='ocr_carea' id='block_1_75' title="bbox 1996 2896 3577 2969">
    <p class='ocr_par' dir='ltr' id='par_1_75' title="bbox 1996 2896 3577 2969">
     <span class='ocr_line' id='line_1_75' title="bbox 1996 2896 3577 2969; baseline -0.001 -16"><span class='ocrx_word' id='word_1_564' title='bbox 1996 2899 2341 2969; x_wconf 82' lang='lat' dir='ltr'><strong>maximeque</strong></span> <span class='ocrx_word' id='word_1_565' title='bbox 2373 2896 2576 2953; x_wconf 79' lang='lat' dir='ltr'><strong>Paulus</strong></span> <span class='ocrx_word' id='word_1_566' title='bbox 2616 2916 2630 2953; x_wconf 87' lang='lat'><strong>:</strong></span> <span class='ocrx_word' id='word_1_567' title='bbox 2678 2913 2850 2968; x_wconf 86' lang='lat' dir='ltr'><strong>quare</strong></span> <span class='ocrx_word' id='word_1_568' title='bbox 2895 2896 3156 2969; x_wconf 90' lang='lat' dir='ltr'><strong>discipuli</strong></span> <span class='ocrx_word' id='word_1_569' title='bbox 3202 2909 3394 2953; x_wconf 90' lang='lat' dir='ltr'><strong>eorum</strong></span> <span class='ocrx_word' id='word_1_570' title='bbox 3421 2936 3438 2962; x_wconf 94' lang='lat'><strong>,</strong></span> <span class='ocrx_word' id='word_1_571' title='bbox 3481 2899 3577 2966; x_wconf 85' lang='lat' dir='ltr'><strong>qui</strong></span> 
     </span>
    </p>
   </div>
   <div class='ocr_carea' id='block_1_76' title="bbox 1998 2990 3579 3063">
    <p class='ocr_par' dir='ltr' id='par_1_76' title="bbox 1998 2990 3579 3063">
     <span class='ocr_line' id='line_1_76' title="bbox 1998 2990 3579 3063; baseline 0 -16"><span class='ocrx_word' id='word_1_572' title='bbox 1998 3008 2186 3048; x_wconf 90' lang='lat' dir='ltr'><strong>semen</strong></span> <span class='ocrx_word' id='word_1_573' title='bbox 2224 2992 2466 3063; x_wconf 88' lang='lat' dir='ltr'><strong>ipsorum</strong></span> <span class='ocrx_word' id='word_1_574' title='bbox 2509 3001 2689 3055; x_wconf 89' lang='lat' dir='ltr'><strong>erant,</strong></span> <span class='ocrx_word' id='word_1_575' title='bbox 2721 3007 3002 3063; x_wconf 88' lang='lat' dir='ltr'><strong>nunquam</strong></span> <span class='ocrx_word' id='word_1_576' title='bbox 3038 2991 3269 3062; x_wconf 69' lang='lat' dir='ltr'><strong>egebant</strong></span> <span class='ocrx_word' id='word_1_577' title='bbox 3303 2990 3538 3063; x_wconf 88' lang='lat' dir='ltr'><strong>panibus</strong></span> <span class='ocrx_word' id='word_1_578' title='bbox 3563 3033 3579 3054; x_wconf 88' lang='lat'><strong>,</strong></span> 
     </span>
    </p>
   </div>
   <div class='ocr_carea' id='block_1_77' title="bbox 1998 3085 3582 3157">
    <p class='ocr_par' dir='ltr' id='par_1_77' title="bbox 1998 3085 3582 3157">
     <span class='ocr_line' id='line_1_77' title="bbox 1998 3085 3582 3157; baseline -0.002 -18"><span class='ocrx_word' id='word_1_579' title='bbox 1998 3093 2185 3155; x_wconf 90' lang='lat' dir='ltr'><strong>utpote</strong></span> <span class='ocrx_word' id='word_1_580' title='bbox 2212 3085 2414 3156; x_wconf 87' lang='lat' dir='ltr'><strong>quibus</strong></span> <span class='ocrx_word' id='word_1_581' title='bbox 2436 3087 2694 3141; x_wconf 86' lang='lat' dir='ltr'><strong>adessent</strong></span> <span class='ocrx_word' id='word_1_582' title='bbox 2713 3086 2806 3157; x_wconf 93' lang='lat' dir='ltr'><strong>qui</strong></span> <span class='ocrx_word' id='word_1_583' title='bbox 2831 3085 3208 3141; x_wconf 89' lang='lat' dir='ltr'><strong>rationabilem</strong></span> <span class='ocrx_word' id='word_1_584' title='bbox 3239 3085 3422 3140; x_wconf 87' lang='lat' dir='ltr'><strong>cibum</strong></span> <span class='ocrx_word' id='word_1_585' title='bbox 3445 3099 3582 3154; x_wconf 78' lang='lat' dir='ltr'><strong>sup-</strong></span> 
     </span>
    </p>
   </div>
   <div class='ocr_carea' id='block_1_78' title="bbox 1999 3173 3582 3247">
    <p class='ocr_par' dir='ltr' id='par_1_78' title="bbox 1999 3173 3582 3247">
     <span class='ocr_line' id='line_1_78' title="bbox 1999 3173 3582 3247; baseline -0.001 -18"><span class='ocrx_word' id='word_1_586' title='bbox 1999 3175 2303 3246; x_wconf 87' lang='lat' dir='ltr'><strong>peditarent</strong></span> <span class='ocrx_word' id='word_1_587' title='bbox 2332 3194 2344 3229; x_wconf 90' lang='lat'><strong>:</strong></span> <span class='ocrx_word' id='word_1_588' title='bbox 2383 3176 2542 3245; x_wconf 87' lang='lat' dir='ltr'><strong>cujus</strong></span> <span class='ocrx_word' id='word_1_589' title='bbox 2576 3175 2874 3247; x_wconf 89' lang='lat' dir='ltr'><strong>participes</strong></span> <span class='ocrx_word' id='word_1_590' title='bbox 2901 3191 3026 3231; x_wconf 90' lang='lat' dir='ltr'><strong>cum</strong></span> <span class='ocrx_word' id='word_1_591' title='bbox 3083 3183 3303 3240; x_wconf 89' lang='lat' dir='ltr'><strong>essent,</strong></span> <span class='ocrx_word' id='word_1_592' title='bbox 3358 3173 3582 3230; x_wconf 82' lang='lat' dir='ltr'><strong>benedi-</strong></span> 
     </span>
    </p>
   </div>
   <div class='ocr_carea' id='block_1_79' title="bbox 1999 3264 3583 3338">
    <p class='ocr_par' dir='ltr' id='par_1_79' title="bbox 1999 3264 3583 3338">
     <span class='ocr_line' id='line_1_79' title="bbox 1999 3264 3583 3338; baseline -0.002 -16"><span class='ocrx_word' id='word_1_593' title='bbox 1999 3268 2273 3323; x_wconf 86' lang='lat' dir='ltr'><strong>ctionibus</strong></span> <span class='ocrx_word' id='word_1_594' title='bbox 2304 3269 2675 3338; x_wconf 89' lang='lat' dir='ltr'><strong>rcplebantur.</strong></span> <span class='ocrx_word' id='word_1_595' title='bbox 2705 3267 3071 3335; x_wconf 85' lang='lat' dir='ltr'><strong>Quamobrem</strong></span> <span class='ocrx_word' id='word_1_596' title='bbox 3101 3268 3308 3323; x_wconf 90' lang='lat' dir='ltr'><strong>dictum</strong></span> <span class='ocrx_word' id='word_1_597' title='bbox 3343 3278 3426 3322; x_wconf 90' lang='lat' dir='ltr'><strong>est</strong></span> <span class='ocrx_word' id='word_1_598' title='bbox 3437 3305 3460 3336; x_wconf 78' lang='lat'><strong>,</strong></span> <span class='ocrx_word' id='word_1_599' title='bbox 3510 3264 3583 3319; x_wconf 82' lang='lat' dir='ltr'><strong>Et</strong></span> 
     </span>
    </p>
   </div>
   <div class='ocr_carea' id='block_1_80' title="bbox 1999 3359 3582 3431">
    <p class='ocr_par' dir='ltr' id='par_1_80' title="bbox 1999 3359 3582 3431">
     <span class='ocr_line' id='line_1_80' title="bbox 1999 3359 3582 3431; baseline 0 -19"><span class='ocrx_word' id='word_1_600' title='bbox 1999 3376 2172 3414; x_wconf 81' lang='lat' dir='ltr'><strong>semen</strong></span> <span class='ocrx_word' id='word_1_601' title='bbox 2195 3360 2307 3429; x_wconf 85' lang='lat' dir='ltr'><strong>ejus</strong></span> <span class='ocrx_word' id='word_1_602' title='bbox 2329 3361 2384 3414; x_wconf 86' lang='lat' dir='ltr'><strong>in</strong></span> <span class='ocrx_word' id='word_1_603' title='bbox 2407 3359 2763 3415; x_wconf 79' lang='lat' dir='ltr'><strong>benedictione</strong></span> <span class='ocrx_word' id='word_1_604' title='bbox 2798 3361 2920 3416; x_wconf 88' lang='lat' dir='ltr'><strong>erit.</strong></span> <span class='ocrx_word' id='word_1_605' title='bbox 2971 3359 3030 3414; x_wconf 90' lang='lat' dir='ltr'><strong>Si</strong></span> <span class='ocrx_word' id='word_1_606' title='bbox 3062 3360 3188 3431; x_wconf 88' lang='lat' dir='ltr'><strong>quis</strong></span> <span class='ocrx_word' id='word_1_607' title='bbox 3223 3373 3352 3414; x_wconf 83' lang='lat' dir='ltr'><strong>vero</strong></span> <span class='ocrx_word' id='word_1_608' title='bbox 3379 3373 3582 3414; x_wconf 84' lang='lat' dir='ltr'><strong>secun-</strong></span> 
     </span>
    </p>
   </div>
   <div class='ocr_carea' id='block_1_81' title="bbox 1999 3452 3581 3522">
    <p class='ocr_par' dir='ltr' id='par_1_81' title="bbox 1999 3452 3581 3522">
     <span class='ocr_line' id='line_1_81' title="bbox 1999 3452 3581 3522; baseline -0.003 -14"><span class='ocrx_word' id='word_1_609' title='bbox 1999 3453 2126 3508; x_wconf 89' lang='lat' dir='ltr'><strong>dnm</strong></span> <span class='ocrx_word' id='word_1_610' title='bbox 2169 3455 2367 3508; x_wconf 87' lang='lat' dir='ltr'><strong>nudam</strong></span> <span class='ocrx_word' id='word_1_611' title='bbox 2417 3454 2702 3509; x_wconf 89' lang='lat' dir='ltr'><strong>lectionem</strong></span> <span class='ocrx_word' id='word_1_612' title='bbox 2751 3468 2936 3509; x_wconf 89' lang='lat' dir='ltr'><strong>secum</strong></span> <span class='ocrx_word' id='word_1_613' title='bbox 2986 3452 3320 3522; x_wconf 85' lang='lat' dir='ltr'><strong>reputaverit</strong></span> <span class='ocrx_word' id='word_1_614' title='bbox 3349 3467 3455 3520; x_wconf 91' lang='lat' dir='ltr'><strong>qua</strong></span> <span class='ocrx_word' id='word_1_615' title='bbox 3487 3465 3581 3504; x_wconf 87' lang='lat' dir='ltr'><strong>ra-</strong></span> 
     </span>
    </p>
   </div>
   <div class='ocr_carea' id='block_1_82' title="bbox 1999 3541 3584 3606">
    <p class='ocr_par' dir='ltr' id='par_1_82' title="bbox 1999 3541 3584 3606">
     <span class='ocr_line' id='line_1_82' title="bbox 1999 3541 3584 3606; baseline -0.001 -10"><span class='ocrx_word' id='word_1_616' title='bbox 1999 3545 2147 3599; x_wconf 90' lang='lat' dir='ltr'><strong>tione</strong></span> <span class='ocrx_word' id='word_1_617' title='bbox 2187 3559 2217 3598; x_wconf 90' lang='lat' dir='ltr'><strong>a</strong></span> <span class='ocrx_word' id='word_1_618' title='bbox 2247 3542 2529 3599; x_wconf 86' lang='lat' dir='ltr'><strong>Salvatore</strong></span> <span class='ocrx_word' id='word_1_619' title='bbox 2562 3545 2769 3599; x_wconf 90' lang='lat' dir='ltr'><strong>dictum</strong></span> <span class='ocrx_word' id='word_1_620' title='bbox 2801 3545 2907 3606; x_wconf 88' lang='lat' dir='ltr'><strong>sit,</strong></span> <span class='ocrx_word' id='word_1_621' title='bbox 2947 3541 3010 3598; x_wconf 88' lang='lat' dir='ltr'><strong>In</strong></span> <span class='ocrx_word' id='word_1_622' title='bbox 3051 3543 3148 3596; x_wconf 83' lang='lat' dir='ltr'><strong>hoc</strong></span> <span class='ocrx_word' id='word_1_623' title='bbox 3172 3543 3368 3597; x_wconf 71' lang='lat' dir='ltr'><strong>swculo</strong></span> <span class='ocrx_word' id='word_1_624' title='bbox 3401 3549 3584 3596; x_wconf 78' lang='lat' dir='ltr'><strong>centu-</strong></span> 
     </span>
    </p>
   </div>
   <div class='ocr_carea' id='block_1_83' title="bbox 1997 3635 3583 3707">
    <p class='ocr_par' dir='ltr' id='par_1_83' title="bbox 1997 3635 3583 3707">
     <span class='ocr_line' id='line_1_83' title="bbox 1997 3635 3583 3707; baseline 0.001 -19"><span class='ocrx_word' id='word_1_625' title='bbox 1997 3636 2144 3707; x_wconf 84' lang='lat' dir='ltr'><strong>plum</strong></span> <span class='ocrx_word' id='word_1_626' title='bbox 2173 3636 2382 3705; x_wconf 84' lang='lat' dir='ltr'><strong>recipiet</strong></span> <span class='ocrx_word' id='word_1_627' title='bbox 2410 3636 2479 3699; x_wconf 78' lang='grc'><strong>⁷⁸,</strong></span> <span class='ocrx_word' id='word_1_628' title='bbox 2505 3652 2731 3706; x_wconf 90' lang='lat' dir='ltr'><strong>remque</strong></span> <span class='ocrx_word' id='word_1_629' title='bbox 2779 3649 2943 3706; x_wconf 89' lang='lat' dir='ltr'><strong>opere</strong></span> <span class='ocrx_word' id='word_1_630' title='bbox 2982 3651 3080 3706; x_wconf 88' lang='lat' dir='ltr'><strong>per</strong></span> <span class='ocrx_word' id='word_1_631' title='bbox 3127 3635 3249 3704; x_wconf 89' lang='lat' dir='ltr'><strong>ejus</strong></span> <span class='ocrx_word' id='word_1_632' title='bbox 3281 3635 3583 3705; x_wconf 89' lang='lat' dir='ltr'><strong>discipulos</strong></span> 
     </span>
    </p>
   </div>
   <div class='ocr_carea' id='block_1_84' title="bbox 1997 3726 3583 3798">
    <p class='ocr_par' dir='ltr' id='par_1_84' title="bbox 1997 3726 3583 3798">
     <span class='ocr_line' id='line_1_84' title="bbox 1997 3726 3583 3798; baseline -0.003 -15"><span class='ocrx_word' id='word_1_633' title='bbox 1997 3729 2404 3798; x_wconf 85' lang='lat' dir='ltr'><strong>comprobatam</strong></span> <span class='ocrx_word' id='word_1_634' title='bbox 2460 3727 2698 3791; x_wconf 77' lang='lat' dir='ltr'><strong>viderit,</strong></span> <span class='ocrx_word' id='word_1_635' title='bbox 2770 3728 2819 3783; x_wconf 89' lang='lat' dir='ltr'><strong>is</strong></span> <span class='ocrx_word' id='word_1_636' title='bbox 2875 3743 3007 3783; x_wconf 87' lang='lat' dir='ltr'><strong>sane</strong></span> <span class='ocrx_word' id='word_1_637' title='bbox 3057 3726 3426 3796; x_wconf 88' lang='lat' dir='ltr'><strong>deprehendet</strong></span> <span class='ocrx_word' id='word_1_638' title='bbox 3472 3742 3583 3797; x_wconf 83' lang='lat' dir='ltr'><strong>quo</strong></span> 
     </span>
    </p>
   </div>
   <div class='ocr_carea' id='block_1_85' title="bbox 1997 3815 3581 3891">
    <p class='ocr_par' dir='ltr' id='par_1_85' title="bbox 1997 3815 3581 3891">
     <span class='ocr_line' id='line_1_85' title="bbox 1997 3815 3581 3891; baseline -0.001 -19"><span class='ocrx_word' id='word_1_639' title='bbox 1997 3829 2160 3891; x_wconf 89' lang='lat' dir='ltr'><strong>pacto</strong></span> <span class='ocrx_word' id='word_1_640' title='bbox 2183 3819 2369 3888; x_wconf 87' lang='lat' dir='ltr'><strong>justus</strong></span> <span class='ocrx_word' id='word_1_641' title='bbox 2396 3826 2510 3872; x_wconf 92' lang='lat' dir='ltr'><strong>tota</strong></span> <span class='ocrx_word' id='word_1_642' title='bbox 2533 3818 2623 3873; x_wconf 88' lang='lat' dir='ltr'><strong>die</strong></span> <span class='ocrx_word' id='word_1_643' title='bbox 2653 3818 2979 3873; x_wconf 88' lang='lat' dir='ltr'><strong>misereatur</strong></span> <span class='ocrx_word' id='word_1_644' title='bbox 3009 3825 3065 3872; x_wconf 89' lang='lat' dir='ltr'><strong>et</strong></span> <span class='ocrx_word' id='word_1_645' title='bbox 3091 3816 3422 3873; x_wconf 87' lang='lat' dir='ltr'><strong>commodet.</strong></span> <span class='ocrx_word' id='word_1_646' title='bbox 3445 3815 3581 3871; x_wconf 80' lang='lat' dir='ltr'><strong>Nam</strong></span> 
     </span>
    </p>
   </div>
   <div class='ocr_carea' id='block_1_86' title="bbox 1998 3910 3579 3974">
    <p class='ocr_par' dir='ltr' id='par_1_86' title="bbox 1998 3910 3579 3974">
     <span class='ocr_line' id='line_1_86' title="bbox 1998 3910 3579 3974; baseline -0.003 -7"><span class='ocrx_word' id='word_1_647' title='bbox 1998 3911 2043 3967; x_wconf 89' lang='lat' dir='ltr'><strong>si</strong></span> <span class='ocrx_word' id='word_1_648' title='bbox 2071 3911 2315 3966; x_wconf 90' lang='lat' dir='ltr'><strong>omnium</strong></span> <span class='ocrx_word' id='word_1_649' title='bbox 2351 3910 2589 3965; x_wconf 68' lang='lat' dir='ltr'><strong>fidelium</strong></span> <span class='ocrx_word' id='word_1_650' title='bbox 2619 3925 2717 3965; x_wconf 90' lang='lat' dir='ltr'><strong>cor</strong></span> <span class='ocrx_word' id='word_1_651' title='bbox 2741 3924 2911 3964; x_wconf 90' lang='lat' dir='ltr'><strong>unum</strong></span> <span class='ocrx_word' id='word_1_652' title='bbox 2951 3917 3006 3966; x_wconf 89' lang='lat' dir='ltr'><strong>et</strong></span> <span class='ocrx_word' id='word_1_653' title='bbox 3057 3911 3240 3964; x_wconf 90' lang='lat' dir='ltr'><strong>anima</strong></span> <span class='ocrx_word' id='word_1_654' title='bbox 3274 3924 3380 3964; x_wconf 93' lang='lat' dir='ltr'><strong>una</strong></span> <span class='ocrx_word' id='word_1_655' title='bbox 3417 3918 3538 3964; x_wconf 91' lang='lat' dir='ltr'><strong>erat</strong></span> <span class='ocrx_word' id='word_1_656' title='bbox 3564 3947 3579 3974; x_wconf 90' lang='lat'><strong>,</strong></span> 
     </span>
    </p>
   </div>
   <div class='ocr_carea' id='block_1_87' title="bbox 1996 4001 3583 4075">
    <p class='ocr_par' dir='ltr' id='par_1_87' title="bbox 1996 4001 3583 4075">
     <span class='ocr_line' id='line_1_87' title="bbox 1996 4001 3583 4075; baseline -0.003 -17"><span class='ocrx_word' id='word_1_657' title='bbox 1996 4005 2292 4075; x_wconf 89' lang='lat' dir='ltr'><strong>nullusque</strong></span> <span class='ocrx_word' id='word_1_658' title='bbox 2323 4003 2540 4058; x_wconf 88' lang='lat' dir='ltr'><strong>dicebat</strong></span> <span class='ocrx_word' id='word_1_659' title='bbox 2569 4003 2671 4057; x_wconf 91' lang='lat' dir='ltr'><strong>sibi</strong></span> <span class='ocrx_word' id='word_1_660' title='bbox 2705 4004 2835 4073; x_wconf 89' lang='lat' dir='ltr'><strong>quid</strong></span> <span class='ocrx_word' id='word_1_661' title='bbox 2865 4003 3146 4074; x_wconf 90' lang='lat' dir='ltr'><strong>pr0prium</strong></span> <span class='ocrx_word' id='word_1_662' title='bbox 3179 4017 3325 4065; x_wconf 89' lang='lat' dir='ltr'><strong>esse,</strong></span> <span class='ocrx_word' id='word_1_663' title='bbox 3361 4001 3451 4056; x_wconf 86' lang='lat' dir='ltr'><strong>sed</strong></span> <span class='ocrx_word' id='word_1_664' title='bbox 3475 4018 3583 4056; x_wconf 87' lang='lat' dir='ltr'><strong>om-</strong></span> 
     </span>
    </p>
   </div>
   <div class='ocr_carea' id='block_1_88' title="bbox 1997 4090 3582 4160">
    <p class='ocr_par' dir='ltr' id='par_1_88' title="bbox 1997 4090 3582 4160">
     <span class='ocr_line' id='line_1_88' title="bbox 1997 4090 3582 4160; baseline -0.001 -17"><span class='ocrx_word' id='word_1_665' title='bbox 1997 4091 2087 4144; x_wconf 87' lang='lat' dir='ltr'><strong>nia</strong></span> <span class='ocrx_word' id='word_1_666' title='bbox 2114 4098 2266 4143; x_wconf 87' lang='lat' dir='ltr'><strong>erant</strong></span> <span class='ocrx_word' id='word_1_667' title='bbox 2315 4090 2638 4152; x_wconf 84' lang='lat' dir='ltr'><strong>communia,</strong></span> <span class='ocrx_word' id='word_1_668' title='bbox 2671 4097 2726 4144; x_wconf 90' lang='lat' dir='ltr'><strong>et</strong></span> <span class='ocrx_word' id='word_1_669' title='bbox 2757 4097 3026 4160; x_wconf 87' lang='lat' dir='ltr'><strong>quotquot</strong></span> <span class='ocrx_word' id='word_1_670' title='bbox 3056 4103 3407 4158; x_wconf 87' lang='lat' dir='ltr'><strong>possessores</strong></span> <span class='ocrx_word' id='word_1_671' title='bbox 3437 4102 3582 4158; x_wconf 66' lang='lat' dir='ltr'><strong>prat-</strong></span> 
     </span>
    </p>
   </div>
   <div class='ocr_carea' id='block_1_89' title="bbox 1995 4181 3584 4252">
    <p class='ocr_par' dir='ltr' id='par_1_89' title="bbox 1995 4181 3584 4252">
     <span class='ocr_line' id='line_1_89' title="bbox 1995 4181 3584 4252; baseline -0.001 -16"><span class='ocrx_word' id='word_1_672' title='bbox 1995 4182 2211 4238; x_wconf 89' lang='lat' dir='ltr'><strong>diorum</strong></span> <span class='ocrx_word' id='word_1_673' title='bbox 2242 4190 2420 4246; x_wconf 86' lang='lat' dir='ltr'><strong>erant,</strong></span> <span class='ocrx_word' id='word_1_674' title='bbox 2451 4182 2750 4237; x_wconf 88' lang='lat' dir='ltr'><strong>vendentes</strong></span> <span class='ocrx_word' id='word_1_675' title='bbox 2782 4183 3060 4252; x_wconf 81' lang='lat' dir='ltr'><strong>ponebant</strong></span> <span class='ocrx_word' id='word_1_676' title='bbox 3103 4190 3230 4237; x_wconf 89' lang='lat' dir='ltr'><strong>ante</strong></span> <span class='ocrx_word' id='word_1_677' title='bbox 3257 4181 3424 4252; x_wconf 87' lang='lat' dir='ltr'><strong>pedes</strong></span> <span class='ocrx_word' id='word_1_678' title='bbox 3451 4195 3584 4250; x_wconf 73' lang='lat' dir='ltr'><strong>ape-</strong></span> 
     </span>
    </p>
   </div>
   <div class='ocr_carea' id='block_1_90' title="bbox 1996 4278 3581 4350">
    <p class='ocr_par' dir='ltr' id='par_1_90' title="bbox 1996 4278 3581 4350">
     <span class='ocr_line' id='line_1_90' title="bbox 1996 4278 3581 4350; baseline -0.004 -16"><span class='ocrx_word' id='word_1_679' title='bbox 1996 4281 2285 4346; x_wconf 85' lang='lat' dir='ltr'><strong>stolorum,</strong></span> <span class='ocrx_word' id='word_1_680' title='bbox 2318 4278 2747 4350; x_wconf 80' lang='lat' dir='ltr'><strong>dividebantque</strong></span> <span class='ocrx_word' id='word_1_681' title='bbox 2792 4279 3026 4349; x_wconf 77' lang='lat' dir='ltr'><strong>singulis</strong></span> <span class='ocrx_word' id='word_1_682' title='bbox 3058 4287 3215 4346; x_wconf 88' lang='lat' dir='ltr'><strong>prout</strong></span> <span class='ocrx_word' id='word_1_683' title='bbox 3242 4278 3426 4346; x_wconf 81' lang='lat' dir='ltr'><strong>cuique</strong></span> <span class='ocrx_word' id='word_1_684' title='bbox 3451 4292 3581 4340; x_wconf 83' lang='lat' dir='ltr'><strong>opus</strong></span> 
     </span>
    </p>
   </div>
   <div class='ocr_carea' id='block_1_91' title="bbox 1993 4367 3582 4441">
    <p class='ocr_par' dir='ltr' id='par_1_91' title="bbox 1993 4367 3582 4441">
     <span class='ocr_line' id='line_1_91' title="bbox 1993 4367 3582 4441; baseline -0.001 -16"><span class='ocrx_word' id='word_1_685' title='bbox 1993 4381 2108 4426; x_wconf 88' lang='lat' dir='ltr'><strong>erat</strong></span> <span class='ocrx_word' id='word_1_686' title='bbox 2136 4372 2216 4435; x_wconf 74' lang='lat'><strong>’7;</strong></span> <span class='ocrx_word' id='word_1_687' title='bbox 2252 4370 2603 4426; x_wconf 78' lang='lat' dir='ltr'><strong>manifestum</strong></span> <span class='ocrx_word' id='word_1_688' title='bbox 2632 4386 2764 4426; x_wconf 81' lang='lat' dir='ltr'><strong>sane</strong></span> <span class='ocrx_word' id='word_1_689' title='bbox 2797 4379 2882 4424; x_wconf 85' lang='lat' dir='ltr'><strong>est</strong></span> <span class='ocrx_word' id='word_1_690' title='bbox 2920 4371 3069 4441; x_wconf 86' lang='lat' dir='ltr'><strong>ipsos</strong></span> <span class='ocrx_word' id='word_1_691' title='bbox 3105 4377 3217 4424; x_wconf 89' lang='lat' dir='ltr'><strong>tota</strong></span> <span class='ocrx_word' id='word_1_692' title='bbox 3247 4369 3334 4423; x_wconf 87' lang='lat' dir='ltr'><strong>die</strong></span> <span class='ocrx_word' id='word_1_693' title='bbox 3381 4367 3582 4424; x_wconf 83' lang='lat' dir='ltr'><strong>miser-</strong></span> 
     </span>
    </p>
   </div>
   <div class='ocr_carea' id='block_1_92' title="bbox 316 4461 1894 4535">
    <p class='ocr_par' dir='ltr' id='par_1_92' title="bbox 316 4463 1891 4535">
     <span class='ocr_line' id='line_1_92' title="bbox 316 4463 1891 4535; baseline 0.002 -19"><span class='ocrx_word' id='word_1_694' title='bbox 316 4464 717 4534; x_wconf 82' lang='grc' dir='ltr'><em>πιπράσκοντες</em></span> <span class='ocrx_word' id='word_1_695' title='bbox 748 4463 995 4519; x_wconf 77' lang='grc' dir='ltr'><em>ἐτίθεσαν</em></span> <span class='ocrx_word' id='word_1_696' title='bbox 1022 4465 1170 4535; x_wconf 77' lang='grc' dir='ltr'><em>παρὰ</em></span> <span class='ocrx_word' id='word_1_697' title='bbox 1186 4467 1315 4528; x_wconf 79' lang='grc' dir='ltr'><em>τοὺς</em></span> <span class='ocrx_word' id='word_1_698' title='bbox 1336 4465 1504 4529; x_wconf 86' lang='grc' dir='ltr'><em>πόδας</em></span> <span class='ocrx_word' id='word_1_699' title='bbox 1533 4465 1639 4518; x_wconf 85' lang='grc' dir='ltr'><em>τῶν</em></span> <span class='ocrx_word' id='word_1_700' title='bbox 1659 4466 1891 4519; x_wconf 84' lang='grc' dir='ltr'><em>ἀποστό-</em></span> 
     </span>
    </p>
   </div>
   <div class='ocr_carea' id='block_1_93' title="bbox 1998 4461 2743 4535">
    <p class='ocr_par' dir='ltr' id='par_1_93' title="bbox 1998 4463 2743 4518">
     <span class='ocr_line' id='line_1_93' title="bbox 1998 4463 2743 4518; baseline -0.004 -1"><span class='ocrx_word' id='word_1_701' title='bbox 1998 4473 2082 4518; x_wconf 89' lang='lat' dir='ltr'><strong>tos</strong></span> <span class='ocrx_word' id='word_1_702' title='bbox 2114 4478 2238 4517; x_wconf 90' lang='lat' dir='ltr'><strong>esse</strong></span> <span class='ocrx_word' id='word_1_703' title='bbox 2263 4470 2317 4516; x_wconf 89' lang='lat' dir='ltr'><strong>et</strong></span> <span class='ocrx_word' id='word_1_704' title='bbox 2346 4463 2743 4516; x_wconf 86' lang='lat' dir='ltr'><strong>commodasse.</strong></span> 
     </span>
    </p>
   </div>
   <div class='ocr_carea' id='block_1_94' title="bbox 315 4546 3580 4629">
    <p class='ocr_par' dir='ltr' id='par_1_94' title="bbox 315 4546 3580 4629">
     <span class='ocr_line' id='line_1_94' title="bbox 315 4546 3580 4629; baseline 0 -22"><span class='ocrx_word' id='word_1_705' title='bbox 315 4554 444 4617; x_wconf 92' lang='grc' dir='ltr'><em>λων,</em></span> <span class='ocrx_word' id='word_1_706' title='bbox 473 4553 549 4607; x_wconf 89' lang='grc' dir='ltr'><strong>διε</strong></span> <span class='ocrx_word' id='word_1_707' title='bbox 557 4555 774 4626; x_wconf 78' lang='grc' dir='ltr'><em>μέριζόν</em></span> <span class='ocrx_word' id='word_1_708' title='bbox 792 4573 848 4608; x_wconf 87' lang='grc' dir='ltr'><strong>τε</strong></span> <span class='ocrx_word' id='word_1_709' title='bbox 871 4555 1104 4628; x_wconf 79' lang='grc' dir='ltr'><em>ἑκάστῳ,</em></span> <span class='ocrx_word' id='word_1_710' title='bbox 1139 4556 1326 4610; x_wconf 86' lang='grc' dir='ltr'><em>καθότι</em></span> <span class='ocrx_word' id='word_1_711' title='bbox 1355 4555 1420 4611; x_wconf 75' lang='grc' dir='ltr'><em>ἄν</em></span> <span class='ocrx_word' id='word_1_712' title='bbox 1441 4573 1525 4615; x_wconf 85' lang='grc' dir='ltr'><strong>τις</strong></span> <span class='ocrx_word' id='word_1_713' title='bbox 1549 4558 1737 4629; x_wconf 87' lang='grc' dir='ltr'><em>χρείαν</em></span> <span class='ocrx_word' id='word_1_714' title='bbox 1759 4554 1893 4628; x_wconf 74' lang='grc' dir='ltr'><em>εἶχε·</em></span> <span class='ocrx_word' id='word_1_715' title='bbox 1913 4557 2070 4628; x_wconf 82' lang='grc' dir='ltr'><em>δῆλον</em></span> <span class='ocrx_word' id='word_1_716' title='bbox 2098 4555 2250 4618; x_wconf 81' lang='grc' dir='ltr'><em>ὅπως</em></span> <span class='ocrx_word' id='word_1_717' title='bbox 2272 4553 2400 4626; x_wconf 76' lang='grc' dir='ltr'><em>ὅλην</em></span> <span class='ocrx_word' id='word_1_718' title='bbox 2420 4555 2520 4626; x_wconf 81' lang='grc' dir='ltr'><em>τὴν</em></span> <span class='ocrx_word' id='word_1_719' title='bbox 2553 4556 2763 4625; x_wconf 79' lang='grc' dir='ltr'><em>ἡμέραν</em></span> <span class='ocrx_word' id='word_1_720' title='bbox 2789 4546 2932 4606; x_wconf 75' lang='grc' dir='ltr'><em>οὗτοι</em></span> <span class='ocrx_word' id='word_1_721' title='bbox 2963 4551 3154 4622; x_wconf 68' lang='grc' dir='ltr'><em>ἠλέουν</em></span> <span class='ocrx_word' id='word_1_722' title='bbox 3175 4553 3268 4605; x_wconf 71' lang='grc' dir='ltr'><em>καὶ</em></span> <span class='ocrx_word' id='word_1_723' title='bbox 3291 4550 3580 4616; x_wconf 80' lang='grc' dir='ltr'><em>ὲδάνειζον.</em></span> 
     </span>
    </p>
   </div>
   <div class='ocr_carea' id='block_1_95' title="bbox 389 4673 1885 4748">
    <p class='ocr_par' dir='ltr' id='par_1_95' title="bbox 389 4673 1885 4748">
     <span class='ocr_line' id='line_1_95' title="bbox 389 4673 1885 4748; baseline 0.003 -20"><span class='ocrx_word' id='word_1_724' title='bbox 389 4676 710 4728; x_wconf 78' lang='grc' dir='ltr'><em>Ἕκκλινον</em></span> <span class='ocrx_word' id='word_1_725' title='bbox 751 4673 868 4730; x_wconf 76' lang='grc' dir='ltr'><strong>ἀπὸ</strong></span> <span class='ocrx_word' id='word_1_726' title='bbox 917 4675 1126 4740; x_wconf 77' lang='grc' dir='ltr'><em>κακοῦ,</em></span> <span class='ocrx_word' id='word_1_727' title='bbox 1177 4676 1276 4731; x_wconf 79' lang='grc' dir='ltr'><em>καὶ</em></span> <span class='ocrx_word' id='word_1_728' title='bbox 1327 4677 1589 4746; x_wconf 83' lang='grc' dir='ltr'><em>ποίησον</em></span> <span class='ocrx_word' id='word_1_729' title='bbox 1638 4677 1885 4748; x_wconf 81' lang='grc' dir='ltr'><em>ἀγαθόν.</em></span> 
     </span>
    </p>
   </div>
   <div class='ocr_carea' id='block_1_96' title="bbox 325 4761 1890 4841">
    <p class='ocr_par' dir='ltr' id='par_1_96' title="bbox 325 4761 1890 4841">
     <span class='ocr_line' id='line_1_96' title="bbox 325 4761 1890 4841; baseline 0.003 -23"><span class='ocrx_word' id='word_1_730' title='bbox 325 4761 728 4835; x_wconf 78' lang='grc' dir='ltr'><em>Ἐλευθερώσας</em></span> <span class='ocrx_word' id='word_1_731' title='bbox 773 4765 994 4820; x_wconf 80' lang='grc' dir='ltr'><em>σεαυτὸν</em></span> <span class='ocrx_word' id='word_1_732' title='bbox 1041 4769 1222 4841; x_wconf 83' lang='grc' dir='ltr'><em>πάσης</em></span> <span class='ocrx_word' id='word_1_733' title='bbox 1267 4767 1484 4835; x_wconf 85' lang='grc' dir='ltr'><em>κακίας,</em></span> <span class='ocrx_word' id='word_1_734' title='bbox 1513 4769 1606 4822; x_wconf 74' lang='grc' dir='ltr'><strong>ἐπὶ</strong></span> <span class='ocrx_word' id='word_1_735' title='bbox 1653 4771 1733 4822; x_wconf 75' lang='grc' dir='ltr'><em>σοὶ</em></span> <span class='ocrx_word' id='word_1_736' title='bbox 1781 4770 1890 4840; x_wconf 89' lang='grc' dir='ltr'><strong>γάρ</strong></span> 
     </span>
    </p>
   </div>
   <div class='ocr_carea' id='block_1_97' title="bbox 315 4857 1889 4935">
    <p class='ocr_par' dir='ltr' id='par_1_97' title="bbox 315 4857 1889 4935">
     <span class='ocr_line' id='line_1_97' title="bbox 315 4857 1889 4935; baseline 0.003 -24"><span class='ocrx_word' id='word_1_737' title='bbox 315 4860 431 4912; x_wconf 74' lang='grc' dir='ltr'><em>ἐστι</em></span> <span class='ocrx_word' id='word_1_738' title='bbox 460 4858 636 4921; x_wconf 86' lang='grc' dir='ltr'><em>τοῦτο,</em></span> <span class='ocrx_word' id='word_1_739' title='bbox 672 4857 763 4912; x_wconf 75' lang='grc' dir='ltr'><em>καὶ</em></span> <span class='ocrx_word' id='word_1_740' title='bbox 799 4857 1075 4931; x_wconf 76' lang='grc' dir='ltr'><em>βουληθεὶς</em></span> <span class='ocrx_word' id='word_1_741' title='bbox 1118 4860 1358 4935; x_wconf 79' lang='grc' dir='ltr'><em>δυνήσῃ·</em></span> <span class='ocrx_word' id='word_1_742' title='bbox 1401 4861 1465 4914; x_wconf 84' lang='grc' dir='ltr'><strong>οῦ</strong></span> <span class='ocrx_word' id='word_1_743' title='bbox 1511 4858 1617 4933; x_wconf 79' lang='grc' dir='ltr'><em>μὴν</em></span> <span class='ocrx_word' id='word_1_744' title='bbox 1665 4859 1765 4934; x_wconf 71' lang='grc' dir='ltr'><strong>ἤδη</strong></span> <span class='ocrx_word' id='word_1_745' title='bbox 1800 4860 1889 4916; x_wconf 88' lang='grc' dir='ltr'><strong>τέ-</strong></span> 
     </span>
    </p>
   </div>
   <div class='ocr_carea' id='block_1_98' title="bbox 315 4947 1890 5025">
    <p class='ocr_par' dir='ltr' id='par_1_98' title="bbox 315 4947 1890 5025">
     <span class='ocr_line' id='line_1_98' title="bbox 315 4947 1890 5025; baseline 0.003 -21"><span class='ocrx_word' id='word_1_746' title='bbox 315 4949 458 5015; x_wconf 89' lang='grc' dir='ltr'><em>λειος</em></span> <span class='ocrx_word' id='word_1_747' title='bbox 489 4950 585 5023; x_wconf 80' lang='grc' dir='ltr'><strong>ἔσῃ</strong></span> <span class='ocrx_word' id='word_1_748' title='bbox 627 4947 785 5004; x_wconf 90' lang='grc' dir='ltr'><em>τοῦτο</em></span> <span class='ocrx_word' id='word_1_749' title='bbox 813 4949 1043 5023; x_wconf 80' lang='grc' dir='ltr'><em>πράξας,</em></span> <span class='ocrx_word' id='word_1_750' title='bbox 1069 4955 1117 5006; x_wconf 86' lang='grc' dir='ltr'><em>εἰ</em></span> <span class='ocrx_word' id='word_1_751' title='bbox 1170 4954 1244 5025; x_wconf 80' lang='grc' dir='ltr'><strong>μὴ</strong></span> <span class='ocrx_word' id='word_1_752' title='bbox 1277 4955 1371 5008; x_wconf 73' lang='grc' dir='ltr'><em>καὶ</em></span> <span class='ocrx_word' id='word_1_753' title='bbox 1413 4952 1474 5007; x_wconf 81' lang='grc' dir='ltr'><em>τὸ</em></span> <span class='ocrx_word' id='word_1_754' title='bbox 1506 4953 1758 5025; x_wconf 79' lang='grc' dir='ltr'><em>δεύτερόν</em></span> <span class='ocrx_word' id='word_1_755' title='bbox 1810 4972 1890 5009; x_wconf 88' lang='grc' dir='ltr'><strong>σοι</strong></span> 
     </span>
    </p>
   </div>
   <div class='ocr_carea' id='block_1_99' title="bbox 320 5038 1893 5118">
    <p class='ocr_par' dir='ltr' id='par_1_99' title="bbox 320 5038 1893 5118">
     <span class='ocr_line' id='line_1_99' title="bbox 320 5038 1893 5118; baseline 0.001 -21"><span class='ocrx_word' id='word_1_756' title='bbox 320 5038 516 5114; x_wconf 82' lang='grc' dir='ltr'><em>παρείη</em></span> <span class='ocrx_word' id='word_1_757' title='bbox 544 5060 556 5074; x_wconf 76' lang='grc' dir='ltr'><strong>ο</strong></span> <span class='ocrx_word' id='word_1_758' title='bbox 587 5039 743 5096; x_wconf 83' lang='grc' dir='ltr'><em>τοῦτο</em></span> <span class='ocrx_word' id='word_1_759' title='bbox 768 5041 811 5096; x_wconf 73' lang='grc' dir='ltr'><em>δ’</em></span> <span class='ocrx_word' id='word_1_760' title='bbox 840 5042 958 5097; x_wconf 74' lang='grc' dir='ltr'><em>ἐστὶ</em></span> <span class='ocrx_word' id='word_1_761' title='bbox 982 5043 1042 5096; x_wconf 80' lang='grc' dir='ltr'><em>τὸ</em></span> <span class='ocrx_word' id='word_1_762' title='bbox 1063 5042 1388 5115; x_wconf 79' lang='grc' dir='ltr'><em>ἐργάζεσθαι</em></span> <span class='ocrx_word' id='word_1_763' title='bbox 1414 5043 1474 5098; x_wconf 82' lang='grc' dir='ltr'><em>τὸ</em></span> <span class='ocrx_word' id='word_1_764' title='bbox 1501 5043 1723 5114; x_wconf 84' lang='grc' dir='ltr'><em>ἀγαθόν.</em></span> <span class='ocrx_word' id='word_1_765' title='bbox 1749 5043 1893 5118; x_wconf 81' lang='grc' dir='ltr'><em>Πρὸς</em></span> 
     </span>
    </p>
   </div>
   <div class='ocr_carea' id='block_1_100' title="bbox 315 5131 1895 5208">
    <p class='ocr_par' dir='ltr' id='par_1_100' title="bbox 315 5131 1895 5208">
     <span class='ocr_line' id='line_1_100' title="bbox 315 5131 1895 5208; baseline 0.004 -23"><span class='ocrx_word' id='word_1_766' title='bbox 315 5131 424 5205; x_wconf 79' lang='grc' dir='ltr'><strong>γάρ</strong></span> <span class='ocrx_word' id='word_1_767' title='bbox 453 5131 514 5186; x_wconf 80' lang='grc' dir='ltr'><em>τὸ</em></span> <span class='ocrx_word' id='word_1_768' title='bbox 549 5132 623 5203; x_wconf 81' lang='grc' dir='ltr'><strong>μὴ</strong></span> <span class='ocrx_word' id='word_1_769' title='bbox 653 5131 904 5186; x_wconf 80' lang='grc' dir='ltr'><em>κλέπτειν</em></span> <span class='ocrx_word' id='word_1_770' title='bbox 930 5135 1194 5205; x_wconf 79' lang='grc' dir='ltr'><em>προσήκει</em></span> <span class='ocrx_word' id='word_1_771' title='bbox 1223 5152 1280 5188; x_wconf 89' lang='grc' dir='ltr'><strong>σε</strong></span> <span class='ocrx_word' id='word_1_772' title='bbox 1319 5135 1414 5188; x_wconf 74' lang='grc' dir='ltr'><em>καὶ</em></span> <span class='ocrx_word' id='word_1_773' title='bbox 1441 5134 1549 5189; x_wconf 83' lang='grc' dir='ltr'><em>τῶν</em></span> <span class='ocrx_word' id='word_1_774' title='bbox 1584 5133 1690 5191; x_wconf 79' lang='grc' dir='ltr'><em>σῶν</em></span> <span class='ocrx_word' id='word_1_775' title='bbox 1721 5134 1895 5208; x_wconf 74' lang='grc' dir='ltr'><em>ὑπαρ-</em></span> 
     </span>
    </p>
   </div>
   <div class='ocr_carea' id='block_1_101' title="bbox 312 5223 1890 5304">
    <p class='ocr_par' dir='ltr' id='par_1_101' title="bbox 312 5223 1890 5304">
     <span class='ocr_line' id='line_1_101' title="bbox 312 5223 1890 5304; baseline 0.003 -23"><span class='ocrx_word' id='word_1_776' title='bbox 312 5225 518 5299; x_wconf 84' lang='grc' dir='ltr'><em>χόντων</em></span> <span class='ocrx_word' id='word_1_777' title='bbox 564 5229 676 5292; x_wconf 82' lang='grc' dir='ltr'><em>τοῖς</em></span> <span class='ocrx_word' id='word_1_778' title='bbox 723 5223 995 5298; x_wconf 81' lang='grc' dir='ltr'><em>δεομένοις</em></span> <span class='ocrx_word' id='word_1_779' title='bbox 1038 5231 1314 5282; x_wconf 81' lang='grc' dir='ltr'><em>κοινωνεῖν</em></span> <span class='ocrx_word' id='word_1_780' title='bbox 1335 5246 1348 5258; x_wconf 91' lang='grc'><strong>·</strong></span> <span class='ocrx_word' id='word_1_781' title='bbox 1395 5231 1488 5284; x_wconf 72' lang='grc' dir='ltr'><em>καὶ</em></span> <span class='ocrx_word' id='word_1_782' title='bbox 1535 5230 1671 5304; x_wconf 71' lang='grc' dir='ltr'><em>πρὸς</em></span> <span class='ocrx_word' id='word_1_783' title='bbox 1710 5229 1772 5285; x_wconf 80' lang='grc' dir='ltr'><em>τὸ</em></span> <span class='ocrx_word' id='word_1_784' title='bbox 1816 5229 1890 5302; x_wconf 72' lang='grc' dir='ltr'><em>μὴ</em></span> 
     </span>
    </p>
   </div>
   <div class='ocr_carea' id='block_1_102' title="bbox 314 5317 1887 5396">
    <p class='ocr_par' dir='ltr' id='par_1_102' title="bbox 314 5317 1887 5396">
     <span class='ocr_line' id='line_1_102' title="bbox 314 5317 1887 5396; baseline 0.004 -25"><span class='ocrx_word' id='word_1_785' title='bbox 314 5319 678 5382; x_wconf 80' lang='grc' dir='ltr'><em>πλεονεκτεῖν,</em></span> <span class='ocrx_word' id='word_1_786' title='bbox 709 5319 914 5391; x_wconf 70' lang='grc' dir='ltr'><em>ἕτερον,</em></span> <span class='ocrx_word' id='word_1_787' title='bbox 945 5317 1006 5373; x_wconf 78' lang='grc' dir='ltr'><em>τὸ</em></span> <span class='ocrx_word' id='word_1_788' title='bbox 1047 5319 1142 5374; x_wconf 76' lang='grc' dir='ltr'><em>καὶ</em></span> <span class='ocrx_word' id='word_1_789' title='bbox 1189 5320 1494 5392; x_wconf 75' lang='grc' dir='ltr'><em>εὐεργετεῖν</em></span> <span class='ocrx_word' id='word_1_790' title='bbox 1535 5327 1661 5389; x_wconf 73' lang='grc' dir='ltr'><em>τοὺς</em></span> <span class='ocrx_word' id='word_1_791' title='bbox 1695 5324 1887 5396; x_wconf 82' lang='grc' dir='ltr'><em>δεομέ-</em></span> 
     </span>
    </p>
   </div>
   <div class='ocr_carea' id='block_1_103' title="bbox 309 5410 1888 5490">
    <p class='ocr_par' dir='ltr' id='par_1_103' title="bbox 309 5410 1888 5490">
     <span class='ocr_line' id='line_1_103' title="bbox 309 5410 1888 5490; baseline 0.001 -20"><span class='ocrx_word' id='word_1_792' title='bbox 309 5430 436 5478; x_wconf 82' lang='grc' dir='ltr'><em>νους</em></span> <span class='ocrx_word' id='word_1_793' title='bbox 457 5430 472 5445; x_wconf 75' lang='grc' dir='ltr'><strong><em>ο</em></strong></span> <span class='ocrx_word' id='word_1_794' title='bbox 502 5413 595 5466; x_wconf 75' lang='grc' dir='ltr'><em>καὶ</em></span> <span class='ocrx_word' id='word_1_795' title='bbox 621 5412 756 5484; x_wconf 76' lang='grc' dir='ltr'><em>πρὸς</em></span> <span class='ocrx_word' id='word_1_796' title='bbox 779 5411 841 5466; x_wconf 78' lang='grc' dir='ltr'><em>τὸ</em></span> <span class='ocrx_word' id='word_1_797' title='bbox 868 5413 1067 5476; x_wconf 77' lang='grc' dir='ltr'><em>κακίας</em></span> <span class='ocrx_word' id='word_1_798' title='bbox 1099 5410 1418 5485; x_wconf 73' lang='grc' dir='ltr'><em>ἀπέχεσθαι,</em></span> <span class='ocrx_word' id='word_1_799' title='bbox 1447 5415 1506 5469; x_wconf 84' lang='grc' dir='ltr'><em>τὸ</em></span> <span class='ocrx_word' id='word_1_800' title='bbox 1556 5417 1640 5471; x_wconf 73' lang='grc' dir='ltr'><strong>καὶ</strong></span> <span class='ocrx_word' id='word_1_801' title='bbox 1668 5415 1888 5490; x_wconf 75' lang='grc' dir='ltr'><em>ἑτέρους</em></span> 
     </span>
    </p>
   </div>
   <div class='ocr_carea' id='block_1_104' title="bbox 309 5497 1891 5581">
    <p class='ocr_par' dir='ltr' id='par_1_104' title="bbox 309 5497 1891 5581">
     <span class='ocr_line' id='line_1_104' title="bbox 309 5497 1891 5581; baseline 0.003 -22"><span class='ocrx_word' id='word_1_802' title='bbox 309 5506 420 5561; x_wconf 82' lang='grc' dir='ltr'><strong>ἀπὸ</strong></span> <span class='ocrx_word' id='word_1_803' title='bbox 457 5505 655 5570; x_wconf 88' lang='grc' dir='ltr'><em>κακίας</em></span> <span class='ocrx_word' id='word_1_804' title='bbox 691 5504 933 5577; x_wconf 77' lang='grc' dir='ltr'><em>ῥύεσθαι.</em></span> <span class='ocrx_word' id='word_1_805' title='bbox 983 5504 1150 5560; x_wconf 79' lang='grc' dir='ltr'><em>Ἐπάν</em></span> <span class='ocrx_word' id='word_1_806' title='bbox 1187 5505 1244 5560; x_wconf 76' lang='grc' dir='ltr'><em>δὲ</em></span> <span class='ocrx_word' id='word_1_807' title='bbox 1285 5505 1455 5560; x_wconf 86' lang='grc' dir='ltr'><em>ταῦτα</em></span> <span class='ocrx_word' id='word_1_808' title='bbox 1503 5510 1747 5581; x_wconf 74' lang='grc' dir='ltr'><em>ποιήσῃς,</em></span> <span class='ocrx_word' id='word_1_809' title='bbox 1783 5497 1891 5563; x_wconf 59' lang='grc' dir='ltr'><em>καὲ</em></span> 
     </span>
    </p>
   </div>
   <div class='ocr_carea' id='block_1_105' title="bbox 311 5593 1890 5670">
    <p class='ocr_par' dir='ltr' id='par_1_105' title="bbox 311 5593 1890 5670">
     <span class='ocr_line' id='line_1_105' title="bbox 311 5593 1890 5670; baseline 0.002 -19"><span class='ocrx_word' id='word_1_810' title='bbox 311 5597 643 5665; x_wconf 78' lang='grc' dir='ltr'><em>τασκήνου,</em></span> <span class='ocrx_word' id='word_1_811' title='bbox 690 5599 876 5670; x_wconf 68' lang='grc' dir='ltr'><em>φησιν,</em></span> <span class='ocrx_word' id='word_1_812' title='bbox 915 5600 1001 5666; x_wconf 83' lang='grc' dir='ltr'><strong>είς</strong></span> <span class='ocrx_word' id='word_1_813' title='bbox 1040 5596 1227 5654; x_wconf 71' lang='grc' dir='ltr'><em>αἰῶνα</em></span> <span class='ocrx_word' id='word_1_814' title='bbox 1267 5596 1499 5667; x_wconf 70' lang='grc' dir='ltr'><em>αἰῶνος.</em></span> <span class='ocrx_word' id='word_1_815' title='bbox 1562 5599 1702 5653; x_wconf 82' lang='grc' dir='ltr'><em>Ἀνθ’</em></span> <span class='ocrx_word' id='word_1_816' title='bbox 1751 5593 1813 5654; x_wconf 76' lang='grc' dir='ltr'><em>οὗ</em></span> <span class='ocrx_word' id='word_1_817' title='bbox 1862 5601 1890 5654; x_wconf 80' lang='grc' dir='ltr'><strong>ό</strong></span> 
     </span>
    </p>
   </div>
   <div class='ocr_carea' id='block_1_106' title="bbox 2068 4670 3579 4742">
    <p class='ocr_par' dir='ltr' id='par_1_106' title="bbox 2068 4670 3579 4742">
     <span class='ocr_line' id='line_1_106' title="bbox 2068 4670 3579 4742; baseline -0.001 -14"><span class='ocrx_word' id='word_1_818' title='bbox 2068 4673 2234 4730; x_wconf 74' lang='lat' dir='ltr'><strong>Vsus.</strong></span> <span class='ocrx_word' id='word_1_819' title='bbox 2269 4673 2499 4730; x_wconf 69' lang='lat'><strong>27—29.</strong></span> <span class='ocrx_word' id='word_1_820' title='bbox 2555 4673 2776 4728; x_wconf 87' lang='lat' dir='ltr'><strong>Declina</strong></span> <span class='ocrx_word' id='word_1_821' title='bbox 2829 4688 2861 4726; x_wconf 91' lang='lat' dir='ltr'><strong>a</strong></span> <span class='ocrx_word' id='word_1_822' title='bbox 2905 4670 3076 4737; x_wconf 83' lang='lat' dir='ltr'><strong>malo,</strong></span> <span class='ocrx_word' id='word_1_823' title='bbox 3116 4681 3164 4725; x_wconf 84' lang='lat' dir='ltr'><strong>et</strong></span> <span class='ocrx_word' id='word_1_824' title='bbox 3219 4671 3306 4742; x_wconf 80' lang='lat' dir='ltr'><strong>[ac</strong></span> <span class='ocrx_word' id='word_1_825' title='bbox 3367 4670 3579 4732; x_wconf 85' lang='lat' dir='ltr'><strong>bonum.</strong></span> 
     </span>
    </p>
   </div>
   <div class='ocr_carea' id='block_1_107' title="bbox 1999 4764 3581 4837">
    <p class='ocr_par' dir='ltr' id='par_1_107' title="bbox 1999 4764 3581 4837">
     <span class='ocr_line' id='line_1_107' title="bbox 1999 4764 3581 4837; baseline -0.004 -11"><span class='ocrx_word' id='word_1_826' title='bbox 1999 4769 2135 4826; x_wconf 88' lang='lat' dir='ltr'><strong>Cum</strong></span> <span class='ocrx_word' id='word_1_827' title='bbox 2172 4778 2225 4826; x_wconf 89' lang='lat' dir='ltr'><strong>te</strong></span> <span class='ocrx_word' id='word_1_828' title='bbox 2261 4770 2328 4824; x_wconf 88' lang='lat' dir='ltr'><strong>ab</strong></span> <span class='ocrx_word' id='word_1_829' title='bbox 2354 4767 2502 4823; x_wconf 92' lang='lat' dir='ltr'><strong>omni</strong></span> <span class='ocrx_word' id='word_1_830' title='bbox 2545 4767 2749 4822; x_wconf 89' lang='lat' dir='ltr'><strong>malitia</strong></span> <span class='ocrx_word' id='word_1_831' title='bbox 2781 4764 3082 4831; x_wconf 76' lang='lat' dir='ltr'><strong>exemeris,</strong></span> <span class='ocrx_word' id='word_1_832' title='bbox 3137 4781 3305 4837; x_wconf 85' lang='lat' dir='ltr'><strong>penes</strong></span> <span class='ocrx_word' id='word_1_833' title='bbox 3348 4772 3402 4822; x_wconf 88' lang='lat' dir='ltr'><strong>te</strong></span> <span class='ocrx_word' id='word_1_834' title='bbox 3436 4768 3581 4822; x_wconf 90' lang='lat' dir='ltr'><strong>enim</strong></span> 
     </span>
    </p>
   </div>
   <div class='ocr_carea' id='block_1_108' title="bbox 1996 4859 3584 4931">
    <p class='ocr_par' dir='ltr' id='par_1_108' title="bbox 1996 4859 3584 4931">
     <span class='ocr_line' id='line_1_108' title="bbox 1996 4859 3584 4931; baseline -0.004 -12"><span class='ocrx_word' id='word_1_835' title='bbox 1996 4862 2129 4919; x_wconf 88' lang='lat' dir='ltr'><strong>illud</strong></span> <span class='ocrx_word' id='word_1_836' title='bbox 2160 4871 2278 4926; x_wconf 86' lang='lat' dir='ltr'><strong>est,</strong></span> <span class='ocrx_word' id='word_1_837' title='bbox 2310 4870 2364 4918; x_wconf 90' lang='lat' dir='ltr'><strong>et</strong></span> <span class='ocrx_word' id='word_1_838' title='bbox 2398 4861 2445 4918; x_wconf 89' lang='lat' dir='ltr'><strong>si</strong></span> <span class='ocrx_word' id='word_1_839' title='bbox 2477 4861 2611 4917; x_wconf 84' lang='lat' dir='ltr'><strong>velis</strong></span> <span class='ocrx_word' id='word_1_840' title='bbox 2639 4860 2842 4931; x_wconf 81' lang='lat' dir='ltr'><strong>poteris</strong></span> <span class='ocrx_word' id='word_1_841' title='bbox 2869 4878 2882 4927; x_wconf 91' lang='lat'><strong>;</strong></span> <span class='ocrx_word' id='word_1_842' title='bbox 2929 4873 3039 4914; x_wconf 90' lang='lat' dir='ltr'><strong>non</strong></span> <span class='ocrx_word' id='word_1_843' title='bbox 3072 4859 3289 4925; x_wconf 90' lang='lat' dir='ltr'><strong>statim,</strong></span> <span class='ocrx_word' id='word_1_844' title='bbox 3321 4860 3425 4915; x_wconf 90' lang='lat' dir='ltr'><strong>hoc</strong></span> <span class='ocrx_word' id='word_1_845' title='bbox 3459 4875 3584 4930; x_wconf 90' lang='lat' dir='ltr'><strong>per-</strong></span> 
     </span>
    </p>
   </div>
   <div class='ocr_carea' id='block_1_109' title="bbox 1999 4951 3578 5027">
    <p class='ocr_par' dir='ltr' id='par_1_109' title="bbox 1999 4951 3578 5027">
     <span class='ocr_line' id='line_1_109' title="bbox 1999 4951 3578 5027; baseline -0.004 -15"><span class='ocrx_word' id='word_1_846' title='bbox 1999 4966 2142 5020; x_wconf 88' lang='lat' dir='ltr'><strong>acto,</strong></span> <span class='ocrx_word' id='word_1_847' title='bbox 2180 4954 2456 5027; x_wconf 80' lang='lat' dir='ltr'><strong>perfectus</strong></span> <span class='ocrx_word' id='word_1_848' title='bbox 2489 4954 2618 5020; x_wconf 90' lang='lat' dir='ltr'><strong>eris,</strong></span> <span class='ocrx_word' id='word_1_849' title='bbox 2647 4953 2750 5008; x_wconf 90' lang='lat' dir='ltr'><strong>nisi</strong></span> <span class='ocrx_word' id='word_1_850' title='bbox 2781 4951 2927 5007; x_wconf 90' lang='lat' dir='ltr'><strong>aliud</strong></span> <span class='ocrx_word' id='word_1_851' title='bbox 2961 4951 3263 5009; x_wconf 90' lang='lat' dir='ltr'><strong>secundum</strong></span> <span class='ocrx_word' id='word_1_852' title='bbox 3308 4953 3578 5016; x_wconf 83' lang='lat' dir='ltr'><strong>adfuerit,</strong></span> 
     </span>
    </p>
   </div>
   <div class='ocr_carea' id='block_1_110' title="bbox 2001 5041 3581 5120">
    <p class='ocr_par' dir='ltr' id='par_1_110' title="bbox 2001 5041 3581 5120">
     <span class='ocr_line' id='line_1_110' title="bbox 2001 5041 3581 5120; baseline -0.005 -14"><span class='ocrx_word' id='word_1_853' title='bbox 2001 5051 2194 5112; x_wconf 87' lang='lat' dir='ltr'><strong>idest,</strong></span> <span class='ocrx_word' id='word_1_854' title='bbox 2243 5057 2302 5105; x_wconf 91' lang='lat' dir='ltr'><strong>ut</strong></span> <span class='ocrx_word' id='word_1_855' title='bbox 2337 5048 2508 5104; x_wconf 79' lang='lat' dir='ltr'><strong>facias</strong></span> <span class='ocrx_word' id='word_1_856' title='bbox 2539 5047 2767 5102; x_wconf 89' lang='lat' dir='ltr'><strong>bonum.</strong></span> <span class='ocrx_word' id='word_1_857' title='bbox 2820 5041 2954 5100; x_wconf 83' lang='lat' dir='ltr'><strong>Nam</strong></span> <span class='ocrx_word' id='word_1_858' title='bbox 3016 5052 3380 5120; x_wconf 82' lang='lat' dir='ltr'><strong>praeterquam</strong></span> <span class='ocrx_word' id='word_1_859' title='bbox 3435 5045 3581 5118; x_wconf 88' lang='lat' dir='ltr'><strong>quod</strong></span> 
     </span>
    </p>
   </div>
   <div class='ocr_carea' id='block_1_111' title="bbox 2001 5136 3580 5218">
    <p class='ocr_par' dir='ltr' id='par_1_111' title="bbox 2001 5136 3580 5218">
     <span class='ocr_line' id='line_1_111' title="bbox 2001 5136 3580 5218; baseline -0.001 -24"><span class='ocrx_word' id='word_1_860' title='bbox 2001 5140 2172 5195; x_wconf 81' lang='lat' dir='ltr'><strong>furari</strong></span> <span class='ocrx_word' id='word_1_861' title='bbox 2231 5153 2340 5193; x_wconf 88' lang='lat' dir='ltr'><strong>non</strong></span> <span class='ocrx_word' id='word_1_862' title='bbox 2391 5139 2546 5201; x_wconf 85' lang='lat' dir='ltr'><strong>licet,</strong></span> <span class='ocrx_word' id='word_1_863' title='bbox 2595 5136 2849 5192; x_wconf 84' lang='lat' dir='ltr'><strong>convenit</strong></span> <span class='ocrx_word' id='word_1_864' title='bbox 2887 5136 3050 5192; x_wconf 88' lang='lat' dir='ltr'><strong>etiam</strong></span> <span class='ocrx_word' id='word_1_865' title='bbox 3099 5152 3225 5192; x_wconf 89' lang='lat' dir='ltr'><strong>cum</strong></span> <span class='ocrx_word' id='word_1_866' title='bbox 3291 5138 3580 5218; x_wconf 67' lang='lat' dir='ltr'><strong>egentibus</strong></span> 
     </span>
    </p>
   </div>
   <div class='ocr_carea' id='block_1_112' title="bbox 1999 5229 3579 5300">
    <p class='ocr_par' dir='ltr' id='par_1_112' title="bbox 1999 5229 3579 5300">
     <span class='ocr_line' id='line_1_112' title="bbox 1999 5229 3579 5300; baseline -0.003 -14"><span class='ocrx_word' id='word_1_867' title='bbox 1999 5232 2138 5286; x_wconf 88' lang='lat' dir='ltr'><strong>bona</strong></span> <span class='ocrx_word' id='word_1_868' title='bbox 2169 5244 2266 5285; x_wconf 88' lang='lat' dir='ltr'><strong>sua</strong></span> <span class='ocrx_word' id='word_1_869' title='bbox 2295 5229 2739 5295; x_wconf 89' lang='lat' dir='ltr'><strong>communicare;</strong></span> <span class='ocrx_word' id='word_1_870' title='bbox 2772 5242 2838 5283; x_wconf 88' lang='lat' dir='ltr'><strong>ac</strong></span> <span class='ocrx_word' id='word_1_871' title='bbox 2869 5236 3232 5300; x_wconf 74' lang='lat' dir='ltr'><strong>praeterquam</strong></span> <span class='ocrx_word' id='word_1_872' title='bbox 3265 5229 3412 5300; x_wconf 86' lang='lat' dir='ltr'><strong>quod</strong></span> <span class='ocrx_word' id='word_1_873' title='bbox 3447 5242 3579 5281; x_wconf 79' lang='lat' dir='ltr'><strong>ava-</strong></span> 
     </span>
    </p>
   </div>
   <div class='ocr_carea' id='block_1_113' title="bbox 1997 5318 3578 5393">
    <p class='ocr_par' dir='ltr' id='par_1_113' title="bbox 1997 5318 3578 5393">
     <span class='ocr_line' id='line_1_113' title="bbox 1997 5318 3578 5393; baseline -0.003 -16"><span class='ocrx_word' id='word_1_874' title='bbox 1997 5337 2116 5377; x_wconf 88' lang='lat' dir='ltr'><strong>rum</strong></span> <span class='ocrx_word' id='word_1_875' title='bbox 2151 5334 2275 5376; x_wconf 87' lang='lat' dir='ltr'><strong>esse</strong></span> <span class='ocrx_word' id='word_1_876' title='bbox 2309 5335 2414 5376; x_wconf 89' lang='lat' dir='ltr'><strong>non</strong></span> <span class='ocrx_word' id='word_1_877' title='bbox 2441 5327 2687 5392; x_wconf 81' lang='lat' dir='ltr'><strong>Oportet,</strong></span> <span class='ocrx_word' id='word_1_878' title='bbox 2727 5321 2875 5375; x_wconf 88' lang='lat' dir='ltr'><strong>aliud</strong></span> <span class='ocrx_word' id='word_1_879' title='bbox 2928 5321 3259 5393; x_wconf 88' lang='lat' dir='ltr'><strong>requiritur,</strong></span> <span class='ocrx_word' id='word_1_880' title='bbox 3305 5330 3362 5375; x_wconf 91' lang='lat' dir='ltr'><strong>ut</strong></span> <span class='ocrx_word' id='word_1_881' title='bbox 3390 5318 3578 5388; x_wconf 75' lang='lat' dir='ltr'><strong>egenis</strong></span> 
     </span>
    </p>
   </div>
   <div class='ocr_carea' id='block_1_114' title="bbox 1999 5410 3574 5485">
    <p class='ocr_par' dir='ltr' id='par_1_114' title="bbox 1999 5410 3574 5485">
     <span class='ocr_line' id='line_1_114' title="bbox 1999 5410 3574 5485; baseline -0.003 -15"><span class='ocrx_word' id='word_1_882' title='bbox 1999 5414 2262 5470; x_wconf 79' lang='lat' dir='ltr'><strong>beneﬁcia</strong></span> <span class='ocrx_word' id='word_1_883' title='bbox 2318 5421 2681 5485; x_wconf 68' lang='lat' dir='ltr'><strong>praestentur;</strong></span> <span class='ocrx_word' id='word_1_884' title='bbox 2735 5427 2800 5468; x_wconf 89' lang='lat' dir='ltr'><strong>ac</strong></span> <span class='ocrx_word' id='word_1_885' title='bbox 2862 5423 3058 5484; x_wconf 67' lang='lat' dir='ltr'><strong>praeter</strong></span> <span class='ocrx_word' id='word_1_886' title='bbox 3108 5410 3492 5468; x_wconf 83' lang='lat' dir='ltr'><strong>abstinentiam</strong></span> <span class='ocrx_word' id='word_1_887' title='bbox 3543 5425 3574 5465; x_wconf 87' lang='lat' dir='ltr'><strong>a</strong></span> 
     </span>
    </p>
   </div>
   <div class='ocr_carea' id='block_1_115' title="bbox 1997 5503 3575 5578">
    <p class='ocr_par' dir='ltr' id='par_1_115' title="bbox 1997 5503 3575 5578">
     <span class='ocr_line' id='line_1_115' title="bbox 1997 5503 3575 5578; baseline -0.003 -16"><span class='ocrx_word' id='word_1_888' title='bbox 1997 5508 2178 5571; x_wconf 88' lang='lat' dir='ltr'><strong>malis,</strong></span> <span class='ocrx_word' id='word_1_889' title='bbox 2205 5522 2345 5578; x_wconf 90' lang='lat' dir='ltr'><strong>opus</strong></span> <span class='ocrx_word' id='word_1_890' title='bbox 2366 5514 2452 5563; x_wconf 89' lang='lat' dir='ltr'><strong>est</strong></span> <span class='ocrx_word' id='word_1_891' title='bbox 2478 5516 2531 5563; x_wconf 88' lang='lat' dir='ltr'><strong>et</strong></span> <span class='ocrx_word' id='word_1_892' title='bbox 2563 5507 2701 5564; x_wconf 87' lang='lat' dir='ltr'><strong>alios</strong></span> <span class='ocrx_word' id='word_1_893' title='bbox 2730 5521 2760 5560; x_wconf 90' lang='lat' dir='ltr'><strong>a</strong></span> <span class='ocrx_word' id='word_1_894' title='bbox 2783 5507 2942 5563; x_wconf 88' lang='lat' dir='ltr'><strong>malis</strong></span> <span class='ocrx_word' id='word_1_895' title='bbox 2969 5520 3184 5562; x_wconf 88' lang='lat' dir='ltr'><strong>eruere.</strong></span> <span class='ocrx_word' id='word_1_896' title='bbox 3211 5503 3348 5556; x_wconf 83' lang='lat' dir='ltr'><strong>Cum</strong></span> <span class='ocrx_word' id='word_1_897' title='bbox 3390 5506 3575 5557; x_wconf 86' lang='lat' dir='ltr'><strong>autem</strong></span> 
     </span>
    </p>
   </div>
   <div class='ocr_carea' id='block_1_116' title="bbox 1997 5595 3573 5673">
    <p class='ocr_par' dir='ltr' id='par_1_116' title="bbox 1997 5595 3573 5673">
     <span class='ocr_line' id='line_1_116' title="bbox 1997 5595 3573 5673; baseline -0.006 -16"><span class='ocrx_word' id='word_1_898' title='bbox 1997 5601 2113 5657; x_wconf 66' lang='lat' dir='ltr'><strong>haec</strong></span> <span class='ocrx_word' id='word_1_899' title='bbox 2138 5599 2338 5673; x_wconf 79' lang='lat' dir='ltr'><strong>egeris,</strong></span> <span class='ocrx_word' id='word_1_900' title='bbox 2371 5600 2642 5669; x_wconf 69' lang='lat' dir='ltr'><strong>inhabita,</strong></span> <span class='ocrx_word' id='word_1_901' title='bbox 2699 5600 2907 5671; x_wconf 89' lang='lat' dir='ltr'><strong>inquit,</strong></span> <span class='ocrx_word' id='word_1_902' title='bbox 2961 5600 3015 5653; x_wconf 82' lang='lat' dir='ltr'><strong>in</strong></span> <span class='ocrx_word' id='word_1_903' title='bbox 3070 5595 3316 5654; x_wconf 74' lang='lat' dir='ltr'><strong>stt-culum</strong></span> <span class='ocrx_word' id='word_1_904' title='bbox 3369 5595 3573 5652; x_wconf 62' lang='lat' dir='ltr'><strong>secuti.</strong></span> 
     </span>
    </p>
   </div>
   <div class='ocr_carea' id='block_1_117' title="bbox 410 5750 3209 5836">
    <p class='ocr_par' dir='ltr' id='par_1_117' title="bbox 410 5750 3209 5836">
     <span class='ocr_line' id='line_1_117' title="bbox 410 5750 3209 5836; baseline 0 -28"><span class='ocrx_word' id='word_1_905' title='bbox 410 5753 456 5786; x_wconf 85' lang='lat'><strong>&quot;</strong></span> <span class='ocrx_word' id='word_1_906' title='bbox 493 5750 626 5812; x_wconf 89' lang='lat' dir='ltr'><strong>Luc.</strong></span> <span class='ocrx_word' id='word_1_907' title='bbox 660 5771 789 5820; x_wconf 72' lang='lat' dir='ltr'><strong>xu,</strong></span> <span class='ocrx_word' id='word_1_908' title='bbox 825 5755 917 5811; x_wconf 72' lang='lat'><strong>23.</strong></span> <span class='ocrx_word' id='word_1_909' title='bbox 995 5757 1041 5790; x_wconf 75' lang='lat'><strong>“</strong></span> <span class='ocrx_word' id='word_1_910' title='bbox 1077 5755 1221 5814; x_wconf 84' lang='lat' dir='ltr'><strong>Psal.</strong></span> <span class='ocrx_word' id='word_1_911' title='bbox 1256 5773 1344 5822; x_wconf 80' lang='lat' dir='ltr'><strong>xl,</strong></span> <span class='ocrx_word' id='word_1_912' title='bbox 1381 5756 1431 5812; x_wconf 85' lang='lat'><strong>7.</strong></span> <span class='ocrx_word' id='word_1_913' title='bbox 1508 5757 1552 5790; x_wconf 84' lang='lat'>&quot;</span> <span class='ocrx_word' id='word_1_914' title='bbox 1590 5753 1748 5815; x_wconf 83' lang='lat' dir='ltr'><strong>Deut.</strong></span> <span class='ocrx_word' id='word_1_915' title='bbox 1783 5771 1886 5824; x_wconf 77' lang='lat' dir='ltr'><strong>xv,</strong></span> <span class='ocrx_word' id='word_1_916' title='bbox 1918 5757 1969 5816; x_wconf 81' lang='lat'><strong>6.</strong></span> <span class='ocrx_word' id='word_1_917' title='bbox 2015 5756 2095 5836; x_wconf 21' lang='lat' dir='ltr'><strong>A&quot;</strong></span> <span class='ocrx_word' id='word_1_918' title='bbox 2125 5755 2315 5816; x_wconf 75' lang='lat' dir='ltr'><strong>Matth.</strong></span> <span class='ocrx_word' id='word_1_919' title='bbox 2351 5773 2476 5832; x_wconf 73' lang='lat' dir='ltr'><strong>xxx,</strong></span> <span class='ocrx_word' id='word_1_920' title='bbox 2505 5756 2595 5818; x_wconf 72' lang='lat'><strong>29.</strong></span> <span class='ocrx_word' id='word_1_921' title='bbox 2673 5761 2717 5795; x_wconf 83' lang='lat'>&quot;</span> <span class='ocrx_word' id='word_1_922' title='bbox 2755 5758 2875 5815; x_wconf 75' lang='lat' dir='ltr'><strong>Act.</strong></span> <span class='ocrx_word' id='word_1_923' title='bbox 2913 5772 2989 5824; x_wconf 81' lang='lat' dir='ltr'><strong>tv,</strong></span> <span class='ocrx_word' id='word_1_924' title='bbox 3021 5753 3209 5810; x_wconf 72' lang='lat'><strong>32-35.</strong></span> 
     </span>
    </p>
   </div>
  </div>
