3980 6214
420 266 529 348 333

1089 288 1355 345 EL‘SEBII
1405 287 1887 346 CIESARIENSIS
1921 288 2071 346 OPP.
2120 288 2299 345 PARS
2335 287 2424 345 lll'.
2464 318 2535 330 —
2570 284 2978 342 EXEGETICA.

3550 277 3653 333 336

420 407 532 464 Pro
570 423 677 480 quo
723 406 1080 480 Symmacnus
1112 408 1317 469 edidit,
1371 408 1437 462 Et
1467 411 1696 479 quiesce:
1730 411 1784 465 in
1833 426 1990 465 δασα-

2098 411 2381 483 Σύμμαχος
2444 408 2692 474 ἐξέδωκε,
2759 405 2870 460 Kal
2932 403 3255 475 ήρεμήσεις
3312 401 3400 467 εἰς
3447 396 3651 453 αἰῶνα·

425 499 554 554 lum.
591 486 778 551 Hie‘te
805 496 1015 551 scilicet
1056 505 1236 552 manet
1282 497 1406 553 ﬁnis
1439 508 1641 554 a-terna
1679 502 1808 554 vita.
1859 500 1990 556 Nam

420 604 546 644 cum
578 587 841 643 Dominus
862 588 1028 657 judex
1055 588 1146 651 sit,
1181 597 1327 642 amat
1349 588 1613 659 judicium
1634 632 1648 655 ,
1686 601 1736 646 et
1761 610 1863 647 non
1900 593 1992 647 de-

423 682 677 751 relinquet
710 690 920 734 sanctos
949 696 1093 744 suos,
1124 682 1218 737 sed
1250 681 1305 735 in
1350 691 1612 737 aaternum
1645 686 1993 740 conservabit

424 784 537 824 eos.
574 767 769 838 lnjusti
815 770 1099 840 punientur
1147 783 1197 827 et
1242 790 1413 828 semen
1448 774 1727 843 impiorum
1780 777 1988 844 peribit.

424 858 568 915 Justi
607 873 783 915 autem
828 861 1213 918 hwreditabunt
1264 875 1497 930 terram,
1543 876 1593 920 et
1628 866 1994 923 inhabitabant

425 951 480 1004 in
523 952 773 1005 sa'culum
830 954 1015 1007 sicculi
1064 969 1219 1023 super
1266 972 1382 1009 eam
1424 972 1440 1010 .'
1492 970 1888 1029 consequenter
1925 961 1991 1017 ad

424 1041 704 1110 prmmissa
725 1041 902 1106 docet,
933 1042 1146 1114 iniquos
1182 1046 1272 1115 qui
1306 1056 1631 1116 praeceptum
1670 1064 1779 1103 non
1808 1064 1994 1105 serva-

424 1132 537 1184 rint
572 1146 785 1202 pcenam
828 1134 1055 1189 daturos
1096 1146 1392 1191 aeternam:
1439 1153 1502 1193 ac
1535 1140 1991 1210 quemadmodum

421 1221 557 1292 justi
606 1240 792 1280 semen
823 1225 877 1279 in
920 1227 1296 1284 benedictione
1342 1229 1585 1285 futurum
1632 1248 1754 1288 esse
1788 1234 1992 1289 dictum

423 1320 550 1381 est;
594 1314 667 1368 ita
697 1332 870 1371 semen
888 1318 1168 1388 impiorum
1199 1320 1408 1389 peribit.
1443 1320 1581 1378 Justi
1607 1338 1734 1379 vero
1760 1325 1993 1394 promis-

425 1420 542 1460 sam
568 1409 789 1463 mitibus
817 1418 1018 1465 terram
1045 1411 1361 1470 haereditate
1393 1416 1693 1486 accipient,
1733 1426 1787 1473 et
1833 1416 1990 1473 inha-

424 1497 677 1553 bitabunt
701 1500 756 1555 in
790 1516 853 1557 ea
883 1503 938 1557 in
973 1505 1229 1559 saeculum
1260 1506 1464 1562 saeculi.
1489 1506 1846 1563 Commodum
1878 1509 1995 1565 haec

424 1589 747 1660 plerumque
798 1608 978 1649 sermo
1017 1595 1342 1665 pollicetur,
1395 1598 1827 1671 repetitioneque
1873 1617 1998 1673 pro-

430 1682 600 1737 missa
632 1683 920 1740 conﬁrmat
951 1705 965 1742 :
1002 1689 1118 1742 vult
1150 1687 1299 1743 enim
1351 1704 1457 1754 nos
1486 1690 1706 1747 assidue
1734 1691 1802 1748 iis
1831 1692 1887 1747 in
1914 1693 1997 1748 di-

2094 504 2260 557 Τοῦτο
2292 505 2398 573 γὰρ
2424 502 2707 573 περιμένει
2741 517 2802 554 σε
2832 501 2894 554 τὸ
2924 498 3074 563 τέλος
3104 497 3205 567 τῆς
3236 492 3450 549 αἰωνίου
3490 491 3655 563 ζωῆς.

2092 595 2350 666 Κριτικδς
2393 595 2499 665 γὰρ
2532 592 2606 647 ὣν
2637 593 2666 645 ό
2705 591 2910 662 Κύριος
2949 585 3149 660 ἀγαπᾷ
3176 585 3397 654 κρίσιν,
3421 582 3518 636 καί
3545 583 3659 635 οὐκ

2091 686 2506 757 ἐγκαταλείψει
2552 683 2693 750 τοὺς
2743 684 2952 749 ὁσίους
2997 676 3203 741 αὑτοῦ,
3263 675 3374 730 ἀλλ’
3435 676 3514 738 είς
3566 672 3660 727 τὸν

2092 776 2266 831 αἰῶνα
2292 776 2487 838 αὐτοὺς
2516 773 2848 844 διαφυλάξει.
2879 775 3112 840 Ἀνομοι
3139 764 3658 834 ἐκδικηθήσονται,

2092 869 2189 923 καί
2241 868 2478 937 σπέρμα
2520 866 2752 921 ἀσεϐῶν
2803 861 3384 932 ἑξολοθρευθήσεται.
3440 859 3663 910 Δίκαιοι

2092 960 2160 1015 δὲ
2183 958 2707 1029 κληρονομήσουσι
2738 959 2852 1026 τὴν
2875 954 3008 1025 γῆν,
3040 953 3137 1007 καὶ
3170 948 3665 1017 κατασκηνώσου·

2093 1066 2196 1106 σιν
2224 1052 2312 1117 είς
2346 1048 2525 1105 αἰῶνα
2567 1048 2781 1114 αἰῶνος
2822 1047 2914 1100 ἐπ’
2953 1044 3143 1113 αὐτῆς
3163 1060 3177 1073 ·
3213 1040 3518 1103 ἀκολούθως
3546 1041 3665 1102 τοῖς

2094 1141 2510 1215 προειρημένοις
2551 1141 2812 1201 διδάσκει,
2861 1140 2942 1193 ὅτι
2984 1138 3033 1191 οἰ
3078 1136 3151 1208 μὴ
3185 1134 3246 1189 τὸ
3293 1132 3668 1205 παράγγελμα

2093 1233 2425 1305 φυλάξαντες
2481 1232 2668 1303 ἄνομοι
2727 1231 2881 1302 δίκην
2936 1228 3196 1284 δώσουσιν
3255 1226 3471 1282 αἰώνιον
3492 1242 3505 1257 ’
3568 1225 3669 1278 καὶ

2092 1325 2280 1398 ὥσπερ
2310 1325 2404 1380 τοῦ
2446 1326 2654 1379 δικαίου
2688 1324 2747 1378 τὸ
2777 1324 2998 1395 σπέρμα
3038 1324 3117 1385 εἰς
3160 1318 3410 1387 εὐλογίαν
3441 1317 3667 1370 ἔσεσθαι

2093 1416 2330 1487 ἐλέγετο,
2360 1416 2530 1481 οὕτως
2556 1415 2672 1470 τῶν
2702 1413 2935 1470 ἀσεϐῶν
2960 1413 3026 1468 τὸ
3063 1411 3300 1481 σπέρμα
3316 1409 3671 1476 ἑξολοθρευο

2093 1505 2357 1574 θήσεται.
2383 1509 2445 1561 Οἰ
2465 1507 2522 1561 δὲ
2550 1506 2746 1560 δίκαιοι
2767 1506 2865 1577 τὴν
2887 1503 3304 1577 ἐπηγγελμένην
3327 1504 3440 1566 τοῖς
3461 1501 3668 1573 πραέσι

2094 1596 2560 1669 κληρονομήσουσι
2588 1597 2711 1667 γῆν,
2748 1598 2842 1651 καὶ
2874 1593 3384 1665 κατασκηνώσουσιν
3416 1594 3475 1646 ὲν
3521 1592 3665 1664 αὐτῇ

2094 1688 2174 1750 είς
2201 1687 2369 1741 αἰῶνα
2395 1687 2607 1751 αἰῶνος.
2645 1687 2926 1757 Ἐπίτηδες
2945 1686 3002 1739 δὲ
3024 1684 3193 1739 ταῦτα
3216 1683 3471 1747 πολλάκις
3493 1685 3672 1752 ἑπαγ-

430 1773 536 1828 ctis
563 1777 791 1843 versari,
819 1792 994 1849 eaque
1026 1780 1296 1846 meditari,
1327 1796 1392 1837 ac
1433 1780 1476 1838 si
1516 1782 1888 1840 rationabilem
1917 1785 1994 1839 ci-

2098 1778 2341 1847 γέλλεται
2372 1781 2400 1832 ό
2438 1778 2611 1847 λόγος,
2644 1778 2873 1848 βεϐαιῶν
2899 1777 2988 1831 διὰ
3019 1777 3119 1849 τῆς
3147 1775 3535 1847 ὲπαναλήψεως
3564 1773 3671 1838 τὰς

431 1864 561 1920 bum
592 1869 991 1937 manderemus,
1016 1871 1082 1926 ad
1120 1872 1562 1928 distributionem
1596 1875 1763 1946 probe
1789 1890 1995 1932 conco-

423 1958 501 2013 cti
530 1959 583 2015 in
616 1961 795 2017 anima
822 1973 1008 2020 nostra
1038 1964 1164 2019 cibi.

500 2224 667 2283 Vsus.
734 2229 808 2284 30
838 2258 860 2271 ο
898 2230 991 2285 55.
1057 2229 1130 2286 0s
1182 2232 1320 2301 justi
1391 2232 1729 2287 meditabitur
1784 2234 1996 2302 sapien-

428 2320 581 2382 tiam,
627 2329 677 2375 et
724 2323 903 2392 lingua
958 2322 1074 2391 ejus
1132 2324 1370 2393 loquetur
1411 2324 1697 2395 judicium.
1742 2325 1853 2380 Lex
1900 2325 1997 2380 Dei

424 2412 542 2482 ejus
574 2413 629 2467 in
661 2410 817 2468 co'rde
848 2415 1036 2485 ipsius,
1065 2424 1115 2471 et
1148 2433 1250 2470 non
1280 2418 1759 2487 supplantabuntur
1787 2434 1995 2489 gressus

423 2504 561 2573 ejus.
593 2504 904 2561 Considerat
937 2517 1179 2577 peccator
1221 2510 1449 2579 justum,
1480 2519 1532 2565 et
1550 2512 1741 2582 qua’rit
1767 2512 1996 2581 mortiﬁ—

424 2613 549 2650 care
580 2614 719 2653 eum.
775 2597 1030 2654 Dominus
1076 2608 1251 2655 autem
1293 2618 1397 2656 non
1436 2601 1757 2674 derelinquet
1796 2620 1912 2657 eum
1943 2604 1997 2658 in

423 2689 669 2744 manibus
701 2691 851 2759 ejus,
912 2708 1002 2746 nec
1053 2692 1328 2749 damnabit
1362 2711 1481 2751 eum
1510 2711 1628 2749 eum
1665 2695 1997 2765 judicabitur

423 2779 526 2834 illi.
569 2778 626 2835 in
654 2780 1023 2839 admonitione
1062 2787 1378 2856 persistens,
1408 2786 1655 2841 hortatur
1684 2802 1781 2842 nos
1809 2796 1867 2841 ut
1911 2789 1999 2855 juo

424 2872 494 2925 sti
524 2873 868 2930 aemulatores
918 2877 1123 2938 simus,
1158 2876 1386 2946 ejusque
1421 2875 1643 2932 divitias
1693 2887 1995 2933 enumerat.

425 2961 506 3016 Ad
539 2978 603 3018 ea
631 2963 776 3019 enim
810 2982 932 3036 qua:
953 2982 1117 3036 supra
1141 2968 1287 3023 dicta
1325 2977 1475 3033 sunt,
1507 2968 1622 3024 haec
1653 2968 1875 3040 insuper
1906 2986 1999 3040 pe-

425 3069 524 3111 nes
555 3070 680 3110 eum
730 3066 896 3124 sunt;
940 3075 1136 3130 magno
1169 3060 1321 3115 illum
1352 3060 1517 3126 Deus,
1545 3061 1817 3117 hominem
1849 3062 1994 3127 licet,

2098 1869 2437 1940 ὑποσχέσεις,
2482 1870 2629 1940 ἡμᾶς
2671 1885 2731 1921 τε
2782 1868 3103 1939 βουλόμενος
3150 1865 3502 1937 ἐνδιατρίϐειν
3549 1868 3670 1928 τοῖς

2094 1959 2276 2023 αὐτοῖς
2308 1958 2483 2026 λόγοις
2518 1959 2613 2012 καὶ
2654 1957 3027 2029 καταμελετᾷν
3067 1957 3281 2021 αὐτοὺς,
3309 1954 3509 2009 ὡσανεὶ
3537 1972 3671 2025 τρο-

2096 2047 2200 2120 φὴν
2228 2046 2451 2119 λογικὴν
2485 2047 2858 2119 μασωμένους,
2887 2048 2966 2111 εἰς
2989 2046 3239 2101 ἀνάδοσιν
3260 2046 3356 2117 τῆς
3384 2045 3527 2100 κατά
3564 2044 3670 2117 τὴν

2092 2139 2271 2213 ψυχὴν
2303 2142 2336 2213 ἡ
2343 2141 2459 2212 μῶν
2486 2141 2543 2193 εὐ
2551 2139 2764 2210 πεψίας.

2165 2230 2360 2299 Στόμα
2425 2229 2656 2284 δικαίου
2728 2227 3050 2298 μελετήσει
3116 2228 3341 2297 σοφίαν
3371 2265 3387 2292 ,
3456 2228 3555 2281 καί
3623 2228 3667 2296 ἡ

2095 2318 2344 2390 γλῶσσα
2399 2318 2586 2373 αὑτοῦ
2634 2318 2895 2386 λαλήσει
2940 2320 3162 2387 κρίσιν.
3224 2321 3275 2373 '0
3328 2321 3512 2389 νόμος
3556 2322 3670 2376 τοῦ

2097 2410 2245 2465 Θεοῦ
2284 2412 2471 2466 αὐτοῦ
2495 2413 2566 2466 ἐν
2594 2411 2808 2480 καρδίᾳ
2834 2411 3041 2487 αὑτοῦ,
3069 2412 3165 2466 καί
3196 2413 3310 2481 οὐχ
3336 2415 3667 2468 ὑποσκελι-

2095 2501 2385 2568 σθήσεται
2415 2501 2486 2554 τὰ
2514 2501 2844 2572 διαδήματα
2863 2502 3069 2557 αὑτοῦ.
3105 2503 3396 2557 Κατανοεῖ
3419 2508 3451 2558 ὀ
3478 2504 3664 2574 ἁμαρ-

2096 2594 2283 2660 τωλὸς
2314 2592 2421 2648 τὸν
2454 2593 2706 2659 δίκαιον,
2738 2595 2836 2649 καί
2868 2592 3025 2663 ζητεῖ
3044 2594 3148 2648 τοῦ
3185 2594 3517 2650 θανατῶσαι
3553 2598 3666 2650 αὑ-

2096 2686 2219 2739 τόν.
2277 2686 2328 2738 Ὀ
2361 2684 2429 2738 δὲ
2458 2687 2667 2754 Κύριος
2705 2688 2776 2740 οὐ
2811 2685 2897 2755 μὴ
2940 2686 3306 2756 ἐγκαταλίπῃ
3347 2687 3529 2740 αὑτὸν
3571 2690 3665 2753 εὶς

2095 2775 2202 2840 τὰς
2224 2774 2425 2843 χεῖρας
2450 2775 2654 2838 αὑτοῦ,
2688 2774 2812 2828 οὐδ’
2846 2777 2917 2829 οὐ
2948 2775 3034 2845 μὴ
3067 2774 3525 2843 καταδικάσηται
3549 2778 3662 2830 αὑ-

2096 2864 2203 2919 τὸν
2236 2866 2380 2919 ὅταν
2415 2867 2683 2935 κρίνηται
2724 2866 2902 2933 αὐτῷ.
2946 2867 3249 2937 Ἐπιμένων
3275 2870 3341 2939 τῇ
3372 2866 3465 2921 τοῦ
3500 2868 3665 2937 λόγου

2097 2958 2403 3030 προτροπῇ,
2444 2957 2685 3030 ζηλωτὰς
2724 2960 2872 3029 ἡμᾶς
2892 2958 3132 3027 γίνεσθαι
3163 2957 3256 3011 τοῦ
3285 2959 3492 3014 δικαίου
3519 2977 3665 3033 παρ-

2098 3049 2276 3121 ορμᾷ,
2337 3049 2428 3103 τὸν
2471 3048 2695 3103 πλοῦτον
2736 3048 2900 3103 αὐτοῦ
2951 3050 3471 3122 καταριθμούμενος.
3520 3052 3669 3123 Πρὸς

425 3161 651 3204 munere
670 3148 910 3215 donavit,
934 3166 1060 3207 cum
1114 3168 1253 3208 verae
1293 3155 1574 3225 sapientiai
1628 3157 1992 3227 cognitionem

2098 3142 2203 3213 γὰρ
2235 3144 2347 3206 τοῖς
2378 3141 2686 3215 εἰρημένοις
2726 3142 2806 3196 ἔτι
2840 3144 2945 3197 ’καὶ
2992 3143 3163 3197 ταῦτα
3195 3144 3342 3214 αὐτῷ
3369 3144 3628 3216 πρόσεστι
3650 3161 3667 3176 ·

428 3239 642 3315 indidit.
686 3240 962 3312 Sapientia
996 3245 1197 3315 quippe
1240 3253 1323 3301 est
1355 3246 1664 3303 divinorum
1700 3258 1755 3304 et
1804 3248 1997 3304 huma-

425 3346 621 3386 norum
657 3333 909 3397 scientia,
940 3351 1037 3404 per
1070 3353 1232 3408 quam
1256 3340 1438 3394 omnia
1473 3343 1612 3395 tacta
1653 3352 1782 3396 sunt
1814 3358 1828 3393 :
1879 3359 1997 3396 om-

425 3424 516 3476 nia
547 3425 749 3494 quippe
779 3425 833 3479 in
867 3427 1133 3497 sapientia
1160 3427 1290 3487 fecit
1317 3430 1382 3486 ⁷⁸.
1422 3431 1626 3503 Estque
1670 3434 1787 3503 ipsa
1811 3474 1826 3499 ,
1850 3435 1994 3505 quod

426 3512 481 3567 in
516 3514 784 3586 principio
822 3517 965 3587 apud
1011 3517 1177 3577 Deum
1212 3529 1329 3577 erat
1375 3520 1518 3579 Deus
1573 3522 1842 3588 Verbum,
1904 3541 1999 3595 per

426 3609 572 3678 quod
602 3611 786 3666 omnia
816 3610 958 3667 facta
987 3622 1115 3668 sunt
1162 3614 1227 3667 ".
1277 3612 1452 3684 Hujus
1488 3616 1670 3686 itaque
1718 3616 1998 3687 sapientia:

425 3713 610 3761 voces,
647 3715 966 3764 sermones,
1016 3703 1336 3776 disciplinas
1374 3704 1516 3760 Deus
1573 3706 1627 3759 in
1685 3706 1997 3762 hominibus

424 3789 828 3856 disseminavit,
860 3802 920 3847 ut
940 3793 1122 3862 justus
1148 3809 1256 3854 non
1289 3795 1521 3858 otiosus,
1552 3797 1701 3853 iners
1743 3813 1807 3852 ac
1839 3798 1997 3853 bonis

424 3894 633 3935 vacuus
664 3891 808 3938 esset
834 3900 849 3949 ;
881 3882 975 3939 sed
1015 3899 1118 3938 una
1148 3899 1211 3941 os
1242 3892 1297 3939 et
1342 3887 1745 3943 meditationem
1781 3889 1998 3958 sapien-

425 3971 517 4025 tiae
549 3972 794 4037 haberet,
837 3983 895 4028 ut
927 3989 989 4030 ea
1021 3978 1176 4046 quasi
1209 3980 1419 4035 cmlesxi
1454 3995 1587 4035 usus
1609 3996 1734 4035 esca
1754 4020 1770 4045 ,
1818 3983 1997 4051 primo

424 4062 662 4118 animam
690 4064 1041 4121 confirmaret
1065 4083 1242 4132 suam,
1280 4069 1585 4140 deindeqne
1617 4071 1739 4125 aliis
1796 4072 1996 4141 imper-

425 4157 571 4211 tiret.
628 4156 898 4223 Quocirca
932 4156 1140 4213 dictum
1187 4159 1421 4226 est,~0s
1474 4161 1612 4230 justi
1656 4160 1996 4215 meditabitur

421 4245 770 4310 sapientiam,
806 4256 856 4301 et
889 4247 1068 4317 lingua
1099 4248 1213 4318 ejus
1262 4248 1502 4320 loquetur
1529 4250 1814 4320 judicium.
1850 4249 1998 4307 Gnao

422 4353 521 4396 rus
547 4349 728 4396 autem
763 4342 931 4413 legem
970 4341 1061 4397 Dei
1095 4344 1432 4413 spiritualem
1460 4359 1603 4409 esse,
1642 4360 1765 4400 cum
1797 4360 1995 4401 secun-

422 4431 551 4487 dum
582 4434 895 4491 interiorem
926 4437 1200 4494 hominem
1247 4438 1302 4493 in
1334 4438 1449 4509 lege
1479 4436 1572 4494 Dei
1606 4437 1991 4506 delectaretur,

2100 3234 2424 3305 κεχάρισται
2455 3233 2601 3305 αὐτῷ
2635 3233 2779 3305 μέγα
2807 3234 2977 3305 δῶρον
3002 3237 3030 3288 ό
3063 3233 3194 3298 Θεὸς
3231 3233 3499 3307 ἀνθρώπῳ
3529 3233 3670 3299 όντι,

2098 3326 2196 3396 τῆς
2227 3324 2461 3396 ἀληθοῦς
2496 3325 2684 3395 σοφίας
2716 3324 2812 3397 τὴν
2843 3325 3061 3394 γνῶσιν.
3083 3326 3250 3396 Σοφία
3278 3326 3375 3396 μὲν
3411 3324 3521 3398 γάρ
3551 3326 3671 3380 ἐστι

2100 3417 2259 3472 θείων
2305 3419 2400 3471 καὶ
2445 3416 2798 3488 ἀνθρωπείων
2832 3418 3130 3490 ἐπιστήμη,
3168 3418 3264 3472 καὶ
3287 3418 3352 3472 δι’
3393 3413 3461 3491 ἧς
3489 3418 3675 3472 πάντα.

2102 3511 2292 3580 γέγονε
2318 3527 2331 3540 ”
2358 3510 2533 3564 πάντα
2561 3510 2670 3582 γὰρ
2692 3511 2749 3564 ὲν
2773 3512 2934 3582 σοφίᾳ
2961 3511 3201 3583 ἐποίησε.
3230 3511 3338 3564 Καὶ
3360 3511 3498 3583 αὐτη
3522 3513 3672 3566 ἐστὶν

2097 3605 2126 3657 ὁ
2154 3606 2211 3655 ὲν
2234 3604 2374 3673 ἀρχῇ
2404 3602 2539 3673 πρὸς
2566 3602 2658 3656 τὸν
2680 3601 2812 3656 Θεὸν
2842 3603 2974 3668 Θεὸς
3001 3603 3190 3673 Λόγος,
3216 3603 3281 3658 δι’
3308 3596 3368 3656 οὐ
3398 3605 3467 3657 τὰ
3492 3604 3671 3658 πάντα

2099 3694 2335 3763 ἐγένετο.
2373 3694 2586 3764 Ταύτης
2618 3691 2710 3748 οὖν
2757 3696 2938 3764 φωνὰς
2986 3698 3079 3750 καὶ
3124 3696 3314 3767 λόγους
3364 3700 3458 3753 καὶ
3492 3699 3672 3771 μαθή-

2102 3805 2247 3859 ματα
2290 3791 2317 3841 ό
2362 3788 2493 3851 Θεὸς
2524 3789 2603 3851 εἰς
2639 3786 2956 3860 ἀνθρώπους
2999 3790 3346 3855 κατεϐάλετο,
3374 3791 3449 3856 ὡς
3478 3791 3546 3847 ἂν
3592 3793 3673 3863 μὴ

2100 3878 2268 3951 ἀργὸς
2299 3878 2384 3949 εἴη
2412 3881 2442 3931 ό
2467 3878 2692 3943 δίκαιος,
2721 3880 2852 3952 μηδὲ
2890 3881 3168 3951 ἄπρακτος
3191 3884 3283 3936 καὶ
3309 3882 3513 3955 ἔρημος
3538 3885 3671 3953 ἀγα-

2099 3970 2239 4025 θῶν·
2271 3969 2383 4041 έχοι
2430 3969 2487 4022 δὲ
2518 3969 2633 4041 ἅμα
2680 3971 2855 4042 στόμα
2896 3971 2994 4042 τῆς
3039 3972 3292 4045 οὐρανίου
3343 3974 3532 4043 σοφίας
3568 3964 3672 4047 τῆν

2100 4061 2358 4135 μελέτηνο
2399 4057 2465 4134 ἧς
2496 4061 2922 4134 μεταλαμϐάνων
2949 4062 3136 4136 ὥσπερ
3163 4065 3412 4137 οὐρανίου
3436 4067 3671 4138 τροφῆς.

2097 4155 2195 4227 τὴν
2231 4154 2407 4226 ψυχὴν
2450 4155 2662 4227 πρῶτος
2689 4155 2846 4220 αὐτὸς
2875 4155 3224 4227 δυναμοῦται,
3257 4155 3378 4213 εἶτα
3418 4161 3511 4213 κεί
3545 4159 3672 4213 ἑτέ-

2100 4266 2217 4322 ροις
2264 4250 2506 4321 χορηγεῖ.
2551 4247 2641 4301 Διὸ
2669 4246 2914 4302 λέλεκται
2938 4265 2952 4278 σ
2985 4250 3181 4318 Στόμα
3221 4249 3453 4306 δικαίου
3487 4254 3671 4321 μελε-

2099 4335 2270 4403 τήσει
2303 4338 2548 4408 σοφίαν,
2580 4335 2742 4419 καλή
2768 4335 3016 4405 γλῶσσα
3045 4337 3229 4392 αὑτοῦ
3258 4338 3514 4406 λαλήσει
3545 4342 3673 4409 xpl-

2099 4443 2220 4482 σιν.
2270 4427 2438 4493 Εἰδὼς
2470 4429 2546 4493 δὲ,
2587 4430 2653 4482 ὃ.
2702 4430 2731 4482 ό
2779 4428 2941 4500 νόμος
2985 4429 3079 4483 τοῦ
3119 4430 3252 4484 Θεοῦ
3302 4433 3673 4502 πνευματικός

423 4522 478 4579 in
510 4526 677 4583 corde
699 4528 818 4598 ipso
849 4530 982 4600 legis
1006 4530 1541 4603 contemplationem,
1568 4539 1622 4587 et
1642 4531 1762 4603 ejus
1784 4539 1985 4603 mySIe-

2098 4519 2235 4584 ἐστι,
2268 4520 2550 4590 συνήδεται
2581 4520 2638 4573 δὲ
2670 4518 2747 4590 τῷ
2777 4520 2925 4591 νόμῳ
2961 4518 3055 4573 τοῦ
3095 4518 3231 4574 Θεού
3275 4521 3417 4576 κατὰ
3442 4522 3533 4575 τὸν
3561 4521 3679 4597 ἔσω

420 4617 627 4673 riorum
674 4621 1098 4691 profunditatem
1126 4625 1379 4695 excepit:
1414 4639 1477 4680 ac
1509 4634 1733 4698 prepter
1786 4624 1995 4681 εχει-εἰ-

420 4708 683 4763 tationem
732 4710 1043 4782 hujusmodi
1096 4730 1199 4768 non
1247 4715 1727 4785 supplantabuntur
1784 4731 1994 4786 gressus

418 4800 555 4870 ejus,
578 4803 1015 4874 quandoquidem
1047 4821 1272 4874 gressus
1302 4807 1422 4879 ejus
1444 4822 1476 4860 a
1500 4808 1730 4863 Domino
1756 4808 1998 4881 dirigen-

418 4890 519 4949 dos
553 4909 694 4962 esse,
730 4898 983 4967 superius
1024 4899 1228 4954 dictum
1265 4908 1371 4955 est.
1413 4900 1567 4967 Quod
1618 4902 1663 4954 si
1703 4900 1840 4957 forte
1870 4920 1998 4973 pec-

417 4995 602 5052 cator,
652 4987 772 5058 ejus
820 4990 1085 5061 prolectui
1134 4993 1402 5058 invidens,
1438 4992 1667 5049 insidias
1718 4994 1841 5048 vita!
1874 4995 1994 5064 ejus

419 5081 701 5144 struxerit,
737 5084 938 5139 stultus
970 5099 1102 5139 sane
1148 5082 1387 5149 dicetur,
1440 5098 1550 5139 non
1577 5083 1853 5154 possibilia
1893 5100 1991 5155 ag-

419 5187 665 5243 gressus.
690 5171 826 5228 Nam
869 5190 1098 5247 magnus
1131 5176 1221 5232 ille
1254 5184 1517 5246 patronus
1552 5177 1673 5247 ejus
1710 5193 1812 5231 non
1851 5177 1994 5232 dere-

417 5266 616 5337 linquet
650 5282 766 5320 eum
791 5267 844 5320 in
868 5267 1108 5322 manibus
1129 5268 1243 5337 ejus
1264 5307 1279 5334 ,
1311 5285 1401 5322 nec
1428 5269 1700 5323 damnabit
1729 5285 1844 5322 eum
1875 5285 1992 5323 cum

410 5356 739 5429 iudicabitur
784 5360 887 5417 illi.
938 5359 1297 5431 Symmachus
1344 5376 1507 5428 vero,
1556 5359 1667 5416 Nec
1717 5359 1995 5418 damnabit

416 5468 536 5508 eum
576 5435 628 5507 in
649 5453 877 5523 judicio.

492 5737 537 5770 "
576 5736 723 5796 Psal.
759 5755 889 5808 cui,
922 5738 1012 5796 24.
1090 5740 1137 5773 τ’
1175 5736 1334 5796 Joan.
1358 5754 1419 5804 ι.
1459 5735 1574 5797 ινδ.

2097 4610 2404 4683 ἄνθρωπον,
2436 4614 2494 4665 ἐν
2519 4612 2656 4683 αὐτῇ
2691 4615 2757 4682 τῇ
2791 4611 2987 4683 καρδίᾳ
3009 4613 3172 4666 αὐτοῦ
3195 4613 3292 4685 τὴν
3323 4614 3551 4686 θεωρίαν
3575 4615 3672 4670 τοῦ

2097 4702 2262 4773 νόμου
2305 4703 2399 4757 καὶ
2432 4704 2492 4756 τὸ
2518 4703 2678 4774 βάθος
2721 4703 2830 4757 τῶν
2857 4706 2916 4757 ὲν
2956 4704 3104 4775 αὐτῷ
3135 4706 3445 4778 μυστηρίων
3479 4705 3671 4759 ὐποδέ-

2099 4795 2281 4850 δεκται
2305 4812 2320 4828 ·
2349 4795 2436 4850 διὰ
2471 4794 2527 4848 δὲ
2568 4794 2771 4868 ταύτην
2803 4796 2902 4867 τὴν
2936 4796 3166 4867 ἄσκησιν
3192 4799 3303 4865 οὐχ
3341 4799 3671 4853 ὑποσκελι-

2102 4889 2393 4958 σθήσεται
2426 4888 2497 4943 τὰ
2534 4886 2862 4957 διαδήματα
2888 4888 3072 4943 αὐτοῦ
3098 4907 3110 4920 ·
3147 4889 3331 4961 ἐπειδὴ
3365 4888 3514 4960 παρά
3554 4891 3671 4942 Κυ-

2104 4976 2220 5050 ρίου
2249 4977 2316 5031 τὰ
2342 4977 2498 5048 διαϐή
2509 4995 2655 5049 ματα
2676 4978 2838 5032 αὐτοῦ
2863 4978 3300 5043 κατευθύνεσθαι,
3330 4979 3422 5033 καὶ
3451 4976 3537 5031 διὰ
3562 4976 3671 5031 τῶν

2101 5072 2358 5142 ἀνωτέρω
2401 5070 2664 5124 ἐλέλεκτο.
2712 5071 2775 5123 Εἰ
2818 5070 2873 5123 δὲ
2913 5071 3005 5124 καί
3042 5088 3169 5124 ποτε
3199 5070 3513 5143 ἁμαρτωλὸς
3549 5069 3669 5123 δια-

2102 5162 2462 5232 φθονούμενος
2497 5165 2564 5235 τῇ
2599 5162 2760 5217 αὐτοῦ
2786 5166 3035 5237 προκοπῇ
3064 5162 3494 5217 ἐπιϐουλεύσειεν
3521 5162 3672 5234 αὐτῷ

2100 5256 2180 5320 εἰς
2214 5254 2461 5319 θάνατον,
2494 5255 2682 5329 ἄφρων
2713 5251 2866 5320 οὗτος
2894 5256 3210 5328 λεχθήσεται
3242 5255 3521 5319 ἀδυνάτοις
3550 5257 3671 5310 ἑπι-

2100 5346 2319 5419 χειρῶν.
2370 5346 2427 5397 '0
2475 5346 2583 5418 γὰρ
2640 5346 2813 5419 μέγας
2868 5346 3031 5401 αὐτοῦ
3086 5346 3396 5418 προστάτης
3451 5347 3522 5399 οὐ
3588 5343 3672 5414 μὴ

2100 5438 2469 5509 ἐγκαταλίπῃ
2516 5439 2703 5493 αὐτὸν
2752 5441 2838 5505 εἰς
2890 5442 2994 5505 τὰς
3039 5438 3239 5507 χεζοας
3289 5436 3497 5501 αὑτοῦ,
3541 5435 3673 5491 οὐδ’

2102 5533 2174 5587 οὑ
2193 5530 2278 5601 μὴ
2312 5530 2681 5602 καταδικάοῃ
2707 5534 2893 5586 αὐτὸν
2935 5532 3005 5585 ἐν
3041 5531 3120 5596 τῷ
3159 5532 3465 5600 κρίνεσθαι
3487 5528 3669 5595 αὐτῷ.

2113 5622 2172 5676 '0
2199 5621 2257 5677 δὲ
2289 5622 2602 5695 Σύμμαχος,
2629 5621 2782 5677 Οὐδέ
2809 5621 3189 5679 καταδικὰσει
3224 5621 3596 5704 κρινόμενον.
