3980 6214
263 313 365 369 337

1383 307 1876 365 COMMENTARIA
1919 306 1984 361 IN
2027 305 2362 362 PSALMOS.

3387 304 3494 362 338

325 422 511 482 Εἶδον
530 425 636 479 τὸν
671 423 862 493 ἀσεϐῆ
901 427 1420 496 ύπερυψούμενον,
1463 425 1561 479 καὶ
1588 423 1824 492 ἐπαιρό-

1999 420 2164 479 Ἶειιε.
2194 421 2381 477 5557.
2431 417 2551 473 Vidi
2590 420 2808 488 impiam
2835 420 3282 490 superea‘altatnm
3311 429 3360 475 et
3391 421 3495 475 ele-

254 532 441 587 μενον
461 515 545 583 ὡς
574 517 682 581 τὰς
712 514 964 584 κέδρους
992 515 1097 570 τοῦ
1113 517 1387 570 Λιϐάνου.
1409 514 1594 579 Οὕτως
1618 514 1713 567 ἐπὶ
1727 513 1822 570 τοῦ

261 594 523 677 παρόντος
544 602 636 658 διὰ
664 603 859 675 πείρας
891 603 1203 674 ἐληλυθέναι
1233 604 1329 658 τοῦ
1356 605 1540 667 τέλους
1560 602 1669 658 τῶν
1699 605 1825 659 ἀσε-

261 696 364 751 δῶν
387 707 587 768 φησιν’
626 695 705 749 ὒὺ
756 694 867 767 γὰρ
904 694 962 763 ἐξ
988 697 1154 767 ἀκοῆς
1191 697 1356 750 πάλαι
1396 697 1528 750 ποτὲ
1560 697 1824 767 γενόμενα

260 787 454 859 ἑτέρων
486 785 753 854 λεγόντων
803 786 1016 856 ἀκήκοα
1038 801 1051 816 ’
1119 785 1234 841 ἀλλ’
1263 786 1424 850 αὐτὸς
1468 783 1627 849 εἶδον,
1666 785 1821 857 φησὶ,

261 878 606 950 βλασφήμους
646 877 847 949 ἄνδρας
893 877 985 930 καὶ
1018 875 1206 941 ἀθέους
1248 876 1688 949 θαυμαζομένους
1726 877 1822 948 μὲν

266 973 360 1029 ὕπὸ
391 970 630 1033 πάντων,
670 968 1066 1040 ἐπαιρομένους
1098 969 1156 1023 δὲ
1192 970 1286 1024 καὶ
1319 968 1679 1040 γαυριῶντας,
1713 971 1817 1023 οἱο-

266 1066 447 1136 μένους
488 1078 549 1115 τε
584 1060 912 1125 διαιωνίξειν
943 1062 1000 1114 ἐν
1033 1060 1112 1132 τῷ
1144 1060 1262 1133 βίῳ.
1305 1062 1442 1115 Ἀλλ’
1473 1062 1548 1126 ὡς
1581 1062 1661 1116 ἔτι
1692 1061 1822 1132 παρ’

266 1156 476 1229 ³ἐμαυτῷ
502 1154 878 1226 διελογιξόμην
903 1153 1019 1218 πῶς
1047 1155 1174 1220 οἶδε,
1191 1155 1392 1227 καίπερ
1412 1156 1624 1220 ἁσεσεῖς
1650 1155 1821 1222 ὅντες,

270 1249 523 1303 τοσούτων
566 1246 929 1318 τετυχήκασι,
982 1244 1231 1318 δεύτερον
1284 1248 1481 1310 αὐτοὺς
1529 1247 1823 1303 θεάσασθαι

269 1337 559 1409 βουληθεὶς,
614 1338 799 1409 ὲπῇρα
839 1338 964 1400 τοὺς
999 1336 1339 1409 ὀφθαλμούς·
1375 1339 1425 1391 oi
1468 1337 1527 1391 δὲ
1557 1339 1658 1393 οὐκ
1683 1335 1825 1411 ἦσαν

268 1428 510 1500 οὐδαμοῦ,
541 1430 770 1497 ἀφανεῖς
792 1428 837 1481 δ’
875 1426 1087 1500 ἁθρόως
1125 1428 1391 1502 ὑπῆρχον.
1426 1425 1559 1483 Εἶτα
1593 1430 1650 1483 δὲ
1681 1429 1824 1502 ἴχνος

271 1522 436 1577 αὐτῶν
470 1522 564 1575 καὶ
601 1520 914 1593 ὑπόλειμμα
957 1519 1239 1591 βουληθεὶς
1287 1521 1606 1576 καταλαδεῖν
1628 1563 1643 1586 ,
1703 1522 1824 1576 οὐδὲ

272 1615 357 1668 τὸν
389 1614 545 1668 τόπον
572 1614 630 1666 ὲν
664 1605 711 1680 ᾧ
754 1613 974 1668 ἑστάναι
1033 1612 1249 1673 ἐδόκουν
1291 1614 1472 1685 εὑρεῖν
1507 1613 1820 1686 δεδύνημαι.

275 1706 461 1777 Διόπερ
489 1704 672 1777 ἐπειδὴ
711 1702 922 1758 τοιοῦτο
976 1712 1042 1758 το
1080 1702 1284 1758 τούτων
1332 1704 1502 1770 τέλος,
1550 1703 1721 1774 φεῦγε
1757 1705 1822 1758 σὺ

1928 524 2106 570 vatum
2162 514 2299 568 sicut
2334 511 2515 566 cedro:
2561 511 2773 577 Libani,
2824 522 2933 568 etc.
2982 511 3075 567 Sic
3127 513 3181 567 in
3241 514 3495 582 praesenti

1928 607 2088 662 linem
2126 621 2187 660 se
2226 605 2520 675 impiorum
2569 604 2906 674 experientia
2954 605 3247 660 edidicisse
3288 621 3495 660 memo-

1928 704 2032 752 rat.
2083 694 2270 767 Neque
2306 697 2450 752 enim
2481 697 2594 750 haec
2625 696 2755 750 olim
2800 707 2949 766 gesta
2990 711 3054 750 ex
3103 696 3331 751 aliorum
3365 711 3499 750 nar-

1928 799 2050 844 ratu
2097 788 2322 844 auribus
2370 789 2596 857 excepi:
2652 787 2747 842 sed
2790 788 2926 856 ipse,
2957 787 3154 857 inquit,
3190 786 3299 842 vidi
3346 786 3497 844 viros

1928 882 2240 953 blasphema
2271 880 2609 953 proferentes
2644 888 2698 937 et
2733 880 2924 935 atheos
2950 881 3203 936 omnibus
3234 879 3288 933 in
3322 878 3497 932 admi-

1928 976 2138 1031 ratione
2180 974 2431 1039 habitos,
2481 974 2653 1030 elatos
2704 982 2758 1029 ct
2815 973 3187 1036 exsultantes,
3241 978 3497 1041 putantes

1928 1067 2031 1123 sibi
2082 1074 2400 1138 perpetuam
2458 1065 2572 1119 fore
2603 1065 2792 1119 vitam.
2841 1061 2946 1119 Sed
2981 1063 3108 1118 dum
3157 1077 3368 1116 mecum
3404 1076 3494 1116 re-

1928 1167 2201 1230 putarem.
2246 1158 2520 1230 quomodo
2564 1156 2639 1209 illi
2683 1155 2939 1226 quamvis
2995 1155 3169 1225 impii,
3221 1161 3303 1209 tot
3348 1155 3493 1210 nacti

1928 1253 2070 1307 bona
2107 1262 2325 1317 essent,
2371 1251 2559 1307 oculos
2594 1248 2837 1306 secundo
2869 1249 3098 1315 sustuli,
3132 1258 3191 1303 ut
3245 1254 3494 1302 contem-

1928 1343 2110 1414 plarer
2146 1342 2332 1413 ipsos:
2369 1350 2425 1396 at
2456 1343 2532 1396 illi
2564 1356 2837 1412 nusquam
2872 1339 3175 1405 erant,scd
3205 1338 3492 1393 confestim

1927 1442 2281 1489 evanuerant.
2341 1433 2545 1489 Deinde
2600 1434 2888 1505 vestigium
2944 1448 3008 1488 ac
3083 1441 3494 1487 monumentum

1927 1537 2117 1578 eorum
2144 1522 2551 1595 deprehendere
2582 1525 2792 1587 volens,
2833 1539 2903 1579 ne
2952 1524 3131 1578 locum
3174 1522 3389 1593 quidem
3438 1522 3495 1583 in

1927 1629 2037 1686 quo
2059 1616 2277 1671 stetisse
2307 1615 2630 1670 videbantur
2672 1616 2910 1684 reperire
2940 1614 3109 1684 potui.
3158 1614 3496 1683 Quapropter

1927 1711 2055 1777 quia
2081 1707 2206 1763 talis
2230 1722 2418 1762 eorum
2453 1706 2576 1762 linis
2609 1718 2713 1772 est,
2762 1706 2886 1776 fuge
2919 1715 2999 1771 tu,
3028 1705 3317 1776 discipule,
3357 1705 3496 1759 tales

276 1799 308 1852 ό
339 1795 754 1867 μαθητευόμενος
778 1795 968 1849 τοῦτον
992 1794 1099 1848 τῶν
1126 1794 1338 1850 ἀσεϐῶν
1370 1796 1462 1850 τὸν
1480 1797 1701 1869 τρόπον,
1731 1797 1824 1850 καὶ

1929 1799 2217 1869 impiorum
2268 1815 2482 1864 mores,
2527 1800 2686 1855 ablue
2729 1815 2945 1855 omnem
3000 1799 3288 1861 malitiam,
3330 1798 3497 1867 dilige

289 1885 536 1955 tadum
580 1886 671 1956 μὶν
705 1885 895 1941 ἑαυτοῦ
956 1887 1137 1940 πᾶσαν
1178 1886 1396 1951 κακίαν,
1452 1887 1737 1959 ἁγάπησον
1769 1886 1828 1940 δὲ.

293 1977 388 2050 τὴν
413 1978 609 2032 εὐθεῖαν
628 1978 755 2033 όδόν.
788 1977 954 2032 Μένει
982 1977 1090 2050 γὰρ
1114 1979 1527 2050 ἐγκατάλειμμα
1554 1979 1650 2033 καὶ
1672 1979 1827 2042 ἐλπὶς

294 2070 477 2142 ἀγαθὴ,
504 2070 573 2141 τῷ
603 2070 695 2142 τὴν
732 2071 958 2143 εῖρήνην
984 2071 1078 2124 καὶ
1106 2070 1203 2143 τὴν
1230 2071 1412 2142 φιλίαν
1450 2073 1548 2143 τὴν
1580 2072 1715 2144 πρὸς
1736 2060 1839 2125 τὸν

289 2163 409 2217 Θεὸν
431 2164 826 2234 μεταδιώξαντι,
858 2166 949 2219 καὶ
973 2165 1061 2232 διὰ
1085 2164 1244 2218 τοῦτο
1269 2164 1528 2236 εἰρηνικῷ
1556 2165 1827 2237 ἀνθρώπῳ

283 2257 554 2328 γενομένῳ.
593 2258 751 2311 Κατὰ
767 2256 823 2311 δὲ
854 2256 945 2311 τὸν
974 2257 1291 2328 Σύμμαχον,
1318 2258 1624 2321 Φύλασσε,
1643 2258 1825 2328 φησὶν,

274 2347 596 2417 ἁπλότητα,
628 2349 730 2404 καὶ
763 2349 872 2418 ὅρα
898 2349 1063 2414 εὐθὺ,
1092 2348 1331 2404 ὅτιὲστι
1365 2350 1673 2419 μέλλοντα
1722 2349 1827 2405 ἀν-

273 2438 465 2507 θρώπῳ
508 2439 807 2510 εὶρηνικῷ.

640 2552 931 2607 ΨΔΛΜΟΣ
970 2553 1057 2606 ΤΩ
1096 2552 1292 2606 ΔΑΥΙΔ
1321 2553 1441 2607 AZ'.

786 2647 889 2711 Ε’Ζς
935 2644 1298 2716 ἀνάμνησιν.

324 2734 516 2802 Κύριε,
556 2732 647 2805 μὴ
693 2732 774 2800 τῷ
808 2733 970 2804 θυμῷ
1007 2748 1124 2788 σου
1162 2732 1418 2804 ἐλέγξῃς
1446 2750 1544 2804 με,
1568 2733 1723 2804 μηδὲ
1752 2734 1825 2805 τῆ

263 2822 400 2895 ὁρτῇ
428 2840 546 2879 σου
590 2824 921 2894 παιδεύσῃς
938 2842 1034 2895 με.
1065 2825 1257 2890 Αὑτοῖς
1288 2826 1493 2896 ῥήμασι
1527 2826 1618 2879 καὶ
1637 2826 1826 2890 αὐταῖς

265 2916 544 2982 συλλαϐαῖς
585 2918 678 2971 καὶ
707 2919 736 2971 ό
777 2925 830 2984 ς’
850 2917 1064 2989 ψαλμὺς
1092 2918 1265 2989 τούτῳ
1308 2916 1701 2989 παραπλησίως
1728 2918 1826 2989 ἄρ-

263 3024 426 3078 χεται,
452 3010 546 3064 καὶ
581 3011 650 3063 τὰ
688 3009 848 3064 λοιπὰ
877 3010 932 3063 δὲ
954 3010 1048 3064 τοῦ
1086 3010 1242 3064 ἕκτου
1271 3014 1382 3075 τοῖς
1415 3014 1473 3065 ὲν
1498 3011 1575 3082 τῷ
1602 3029 1824 3083 προκει-

1927 1892 2070 1947 viam
2102 1900 2330 1947 rectam.
2372 1890 2590 1947 Manent
2619 1891 2761 1947 enim
2804 1890 3048 1960 reliquiae
3077 1905 3309 1960 spesque
3353 1889 3495 1943 bona

1926 1999 2049 2039 eum
2075 1984 2169 2054 qui
2207 1999 2395 2055 pacem
2427 1984 2837 2053 amicitiamque
2886 1982 2981 2038 Dei
3028 1983 3396 2053 persequitur,
3440 1988 3495 2034 et

1927 2073 2049 2128 ideo
2087 2073 2251 2130 homo
2277 2075 2540 2145 paciticus
2568 2073 2797 2129 effectus
2822 2080 2926 2128 est.
2971 2071 3287 2127 Secundum
3333 2070 3493 2142 Sym-

1926 2164 2178 2219 machum
2223 2174 2439 2230 autem,
2479 2162 2701 2220 Custodi
2736 2164 3165 2234 simplicitatem,
3214 2162 3410 2232 inquit,
3450 2172 3494 2217 at

1925 2255 2040 2309 uide
2085 2258 2414 2328 equitatem,
2459 2258 2708 2328 quoniam
2756 2258 2940 2327 futura
2992 2266 3116 2311 sunt
3164 2255 3362 2311 homini
3398 2269 3495 2323 pa-

1924 2346 2098 2415 ciﬁcv.

2205 2547 2260 2602 1.
2301 2545 2629 2601 PSALMUS
2679 2546 2909 2601 DAVIDI
2945 2545 3210 2601 XXXVII.

2233 2638 2295 2693 In
2325 2642 2813 2694 rememorationem
2843 2639 2906 2692 de
2931 2638 3186 2693 Sabbato.

1997 2732 2165 2788 Vens.
2211 2732 2268 2787 2.
2311 2732 2568 2797 Domine,
2602 2749 2664 2787 ne
2718 2734 2772 2787 in
2802 2733 2982 2803 furore
3023 2741 3113 2785 tuo
3152 2748 3344 2803 arguas
3392 2748 3491 2795 mc,

1924 2843 2085 2899 neque
2113 2828 2168 2882 in
2202 2828 2286 2882 ira
2309 2836 2400 2881 tua
2431 2828 2689 2897 corripias
2723 2826 2993 2897 me.'lpsis
3024 2826 3208 2881 verbis
3251 2825 3496 2896 ipsisque

1925 2919 2153 2991 syllabis
2180 2929 2365 2976 sextus
2394 2937 2613 2991 quoque
2659 2920 2904 2989 psalmus
2940 2919 3146 2990 pariter
3184 2917 3492 2982 inchoatur,

1923 3018 1978 3063 τι
2005 3011 2213 3080 reliqua
2247 3025 2368 3081 qua:
2399 3011 2452 3064 in
2500 3018 2654 3065 sexto
2698 3017 3043 3081 comparent,
3090 3010 3255 3078 hujus
3299 3008 3492 3080 psalmi

264 3100 406 3172 μένῳ
433 3101 755 3172 φερομένοις
786 3103 1021 3171 συγγενῆ
1049 3103 1325 3174 τυγχάνει.
1368 3102 1503 3156 Ἀλλ’
1527 3106 1585 3158 ὲν
1620 3105 1716 3175 μὲν
1748 3103 1825 3174 τῷ

1927 3101 2086 3156 dictis
2120 3100 2297 3155 allinia
2331 3110 2476 3157 sunt.
2507 3100 2573 3155 At
2609 3102 2665 3155 in
2704 3109 2859 3157 sexto
2892 3102 3103 3172 psalmo
3139 3102 3219 3156 sic
3260 3099 3494 3155 habebat

258 3193 439 3265 ἔκτῳή
467 3195 766 3266 προγραφὴ
783 3197 1054 3268 περιεῖχεν
1071 3212 1084 3226 ·
1117 3199 1220 3263 Elg-
1242 3195 1308 3249 τὸ
1332 3194 1505 3262 τέλος
1519 3197 1584 3250 ἐν
1614 3196 1825 3265 ὕμνοις

256 3281 400 3355 ὑπὲρ
440 3286 560 3355 τῆς
614 3286 828 3357 ὀγδόης
855 3286 1098 3357 ψαλμύς
1146 3288 1227 3354 τῷ
1276 3288 1487 3345 Δαυΐδ·
1552 3292 1609 3344 ὲν
1654 3290 1709 3343 δὲ
1748 3290 1827 3362 τῷ

256 3380 475 3452 παρόντι
504 3378 719 3433 τούτων
749 3380 845 3451 μὲν
865 3379 1038 3442 οὐδὲν,
1067 3380 1227 3450 μόνον
1252 3381 1307 3436 δὲ
1335 3382 1439 3436 τὸν
1459 3383 1710 3453 ψαλμὸν
1748 3383 1830 3450 τῷ

253 3471 425 3525 Aucta
465 3473 567 3538 εἰς
611 3467 954 3539 ἀνάμνησιν
997 3471 1283 3527 δέδεικται,
1321 3474 1394 3526 ’Ἦ
1428 3490 1490 3543 γε
1528 3475 1633 3546 μὴν
1665 3492 1830 3547 προσ-

252 3558 385 3637 θήκή
420 3567 476 3636 ἡ,
543 3566 635 3630 εἰς
663 3563 1026 3633 ἀνάμνησιν,
1069 3563 1242 3617 ἔοικεν
1291 3565 1631 3637 ἀναπέμπειν
1679 3569 1828 3637 ἡμᾶς

251 3657 324 3719 εἰς
347 3659 447 3730 τὴν
474 3659 541 3709 ὲν
564 3655 642 3726 τῷ
663 3655 807 3726 ἕκτῳ
831 3657 1172 3728 πρργραφὴν,
1195 3655 1325 3710 ὥστ’
1345 3653 1484 3712 εἶναι
1508 3658 1575 3713 τὰ
1588 3659 1828 3731 παρόντα

250 3749 331 3814 εις
350 3750 415 3801 τὸ
441 3748 654 3812 τέλος,
676 3748 790 3809 καὶ,
808 3749 878 3801 ἐν
898 3748 1127 3819 ὕμνοις,
1150 3749 1243 3803 καὶ
1265 3750 1414 3817 ὑπὲρ
1446 3748 1555 3819 τῆς
1575 3751 1791 3821 ὀγδόης
1809 3768 1823 3783 ο

250 3839 459 3893 πάντων
483 3836 606 3909 γὰρ
625 3836 690 3890 ἂν
715 3837 798 3909 εἴη
817 3837 1016 3892 τούτων
1040 3840 1448 3910 παραστατικὸν
1464 3841 1544 3904 τὸ,
1578 3846 1666 3907 εἰς
1680 3842 1826 3896 ἀνά-

243 3946 494 3999 μνησιν.
559 3928 697 3983 Ἀλλ’
749 3931 873 3983 ἐπεὶ
922 3928 1208 3995 διεξιόντες
1264 3930 1333 3984 τὰ
1364 3932 1421 3984 ὲν
1461 3931 1539 4004 τῷ
1577 3932 1739 4004 ἕκτῳ,
1759 3934 1827 3988 τὰ

249 4018 605 4075 ὕποπεσόντα
632 4021 711 4083 εἰς
737 4020 838 4091 τὴν
879 4021 1201 4094 προγραφὴν
1239 4022 1556 4094 εἰρήκαμεν,
1595 4026 1683 4091 εὶς
1711 4024 1827 4092 τὴν

248 4112 464 4167 ἐκείνων
523 4108 891 4180 ἁνάμνησιν’
927 4111 1023 4165 καὶ
1075 4113 1239 4183 ἡμεῖς
1286 4113 1677 4186 ἀναπέμψομεν
1735 4116 1826 4170 τὸν

245 4205 671 4276 ὶντυγχάνοντα.
695 4205 851 4257 Δοκεῖ
872 4188 928 4256 δὲ
952 4222 1041 4274 μοι
1066 4207 1094 4258 ό
1114 4205 1294 4268 Δαυῒδ,
1317 4205 1588 4279 διαφόρως
1611 4211 1668 4261 ὲν
1699 4208 1827 4262 πολ-

244 4291 351 4360 λοῖς
384 4297 526 4367 περὶ
556 4294 650 4349 τοῦ
681 4296 1013 4368 πραχθέντος
1049 4296 1198 4368 αὐτῷ
1228 4298 1693 4371 πλημμελήματπ
1736 4300 1824 4369 ἐξ-

242 4384 747 4458 ομολογησάμενος,
786 4386 928 4452 ἰδίως
962 4388 1053 4441 τὸν
1098 4389 1342 4459 παρόντα
1386 4389 1598 4459 ψαλμὸν
1625 4391 1829 4462 ἀφωρι-

1927 3194 2212 3263 inscriptio
2247 3213 2259 3248 :
2300 3192 2361 3248 In
2392 3194 2549 3262 ﬁnem
2582 3194 2636 3247 in
2665 3192 2871 3264 hymnis
2903 3203 2997 3263 pro
3040 3204 3225 3248 octava
3255 3193 3494 3263 psalmus

1927 3280 2136 3336 Doridi.
2183 3281 2239 3337 ln
2289 3285 2541 3354 praesenti
2576 3295 2756 3340 autem
2810 3286 2950 3338 nihil
2994 3285 3188 3338 horum
3240 3286 3493 3349 habetur,

1927 3373 2020 3429 sed
2054 3373 2339 3439 duntaxat,
2373 3375 2608 3444 psalmus
2643 3374 2870 3439 Doridi,
2905 3377 2960 3429 in
2987 3377 3492 3430 rememorationem.

1927 3464 2041 3521 Hoc
2081 3481 2246 3538 porro
2276 3467 2707 3522 additamentum
2728 3507 2743 3531 ,
2778 3469 2832 3521 in
2864 3469 3347 3522 rememorationem
3368 3507 3384 3530 ,
3415 3467 3496 3519 vi-

1926 3559 2087 3614 detur
2113 3575 2211 3615 nos
2242 3560 2308 3613 ad
2346 3560 2540 3629 psalmi
2577 3561 2717 3615 sexti
2754 3560 3163 3631 inscriptionem
3196 3559 3491 3624 remittere,

1927 3651 2002 3704 ita
2040 3659 2098 3704 ut
2128 3664 2251 3720 quae
2276 3649 2390 3718 jam
2419 3649 2474 3703 in
2503 3649 2757 3705 manibus
2792 3657 2940 3714 sunt,
2971 3650 3025 3703 in
3057 3649 3235 3719 ﬁnem,
3268 3649 3323 3701 in
3351 3648 3496 3718 hym-

1926 3743 2029 3809 nis,
2054 3755 2106 3797 et
2131 3757 2225 3811 pro
2256 3750 2440 3796 octava
2467 3741 2612 3796 dicta
2653 3742 2757 3797 sint
2782 3759 2797 3809 ;
2827 3757 2953 3797 nam
2993 3742 3107 3797 haec
3131 3740 3313 3795 omnia
3343 3756 3496 3812 repe-

1926 3845 2040 3890 tere
2074 3843 2128 3890 et
2154 3835 2440 3892 declarare
2465 3835 2680 3890 videtur
2710 3834 2866 3899 illud,
2904 3835 2960 3888 in
2988 3834 3493 3889 rememorationem.

1925 3925 2125 3982 Verum
2154 3929 2281 3998 quia
2315 3943 2438 3982 cum
2474 3934 2685 3982 sextum
2728 3927 2996 3998 psalmum
3053 3928 3493 3997 explanaremus,

1925 4034 2047 4088 qua:
2091 4018 2502 4090 inscriptionem
2544 4020 2865 4091 spectabant
2914 4019 3307 4089 explicavimus
3333 4060 3346 4084 ,
3395 4035 3497 4076 nos

1926 4126 2143 4182 quoque
2174 4112 2229 4165 in
2270 4114 2758 4167 rememorationem
2802 4126 2990 4167 eorum
3020 4112 3278 4183 lectorem
3313 4112 3498 4167 remit-

1926 4211 2126 4260 temus.
2149 4203 2379 4259 Videtur
2409 4220 2575 4276 porro
2610 4205 2744 4259 mihi
2768 4203 3047 4268 Davidem,
3075 4219 3198 4257 cum
3230 4204 3283 4257 in
3311 4203 3497 4259 multis

1926 4296 2025 4350 abs
2060 4312 2119 4352 se
2150 4305 2524 4367 perpetratum
2560 4297 2776 4351 facinus
2807 4297 2958 4350 varie
3008 4294 3296 4349 confessus
3328 4303 3493 4359 esset,

1925 4385 2073 4442 hunc
2127 4388 2231 4443 sibi
2296 4389 2566 4458 psalmum
2616 4387 2836 4458 proprie
2901 4387 2955 4440 in
3011 4384 3497 4439 rememorationem

245 4476 397 4531 κέναι
426 4474 625 4547 ἐαυτῷ
667 4479 755 4544 εις
781 4477 1139 4549 ἀνάμνησιν,
1165 4479 1239 4543 ὠς
1272 4480 1358 4533 ἀεὶ
1382 4481 1476 4535 καὶ
1504 4481 1594 4536 διὰ
1626 4482 1824 4547 παντὸς

1928 4479 2262 4549 seposuisse,
2303 4480 2376 4533 ita
2418 4487 2479 4533 ut
2527 4495 2654 4534 eum
2709 4492 2927 4547 semper
2959 4476 3013 4530 in
3047 4491 3143 4532 ore
3201 4474 3387 4539 ferret,
3429 4490 3497 4531 eo

244 4567 428 4640 φίρειν
462 4567 607 4623 αὐτὸ
646 4567 750 4622 ἀνὰ
777 4569 972 4640 στόμα.
1028 4569 1343 4642 Κεχρῆσθαι
1405 4569 1461 4623 δὲ
1512 4571 1662 4643 αὐτῷ
1703 4574 1825 4627 ἀντὶ

245 4659 459 4732 ἐπῳδῆς
486 4661 590 4714 ἐπὶ
620 4659 883 4733 θεραπείᾳ
927 4663 1025 4732 τῆς
1062 4661 1226 4715 αὑτοῦ
1269 4661 1470 4734 ψυχῆς.
1525 4664 1826 4737 Ἰκετηρίαν

245 4750 372 4821 γοῦν
402 4753 726 4824 ἀναπέμπει
770 4753 848 4824 τῷ
879 4753 1015 4825 Θεῷ,
1042 4754 1108 4807 δι’
1142 4752 1210 4828 ἧς
1240 4754 1576 4828 ἀποστρέφει
1607 4758 1705 4829 μὲν
1728 4759 1826 4829 τὴν

244 4843 413 4917 ὀργὴν
435 4846 545 4917 τὴν
572 4846 707 4898 πᾶσι
726 4848 838 4910 τοῖς
863 4848 1265 4919 ἁμαρτάνουσιν
1285 4850 1694 4921 ὲπηρτημένην,
1714 4849 1827 4903 ἱλά-

244 4948 436 4991 σκεται
467 4936 534 4990 δὲ
569 4936 663 4989 τὸν
693 4936 895 5006 ἀγαθὸν
926 4937 1130 5008 Κύριον
1158 4943 1277 5004 ταῖς
1306 4940 1423 5011 μεθ’
1456 4942 1823 5014 ὑπερϐαλλού-

245 5040 347 5096 σης
386 5025 835 5099 ἐξομολογήσεως
881 5032 1103 5099 φωναῖς.
1147 5031 1333 5100 Λέγων
1377 5032 1435 5086 δέ
1454 5049 1468 5063 ⁸
1500 5034 1701 5102 Κύριε,
1736 5033 1823 5104 μὴ

246 5116 325 5183 τῷ
360 5117 539 5188 θυμῷ
583 5132 700 5173 σου
740 5119 994 5191 ἐλέγξῃς
1013 5140 1111 5191 με,
1143 5122 1204 5176 οὐ
1240 5124 1331 5177 τὸν
1358 5124 1577 5197 ἔλεγχον
1619 5144 1823 5198 παραι-

244 5213 443 5267 τεῖται.
509 5210 642 5264 ἀλλὰ
686 5212 779 5266 τὸν
812 5214 950 5284 μετὰ
988 5213 1155 5285 θυμοῦ
1180 5231 1195 5246 ο
1224 5216 1345 5270 οὐδὲ
1377 5217 1441 5269 τὸ
1472 5217 1824 5289 παιδευθῆναι

246 5302 466 5371 φεύγει,
508 5302 642 5357 ἀλλὰ
661 5303 722 5357 τὸ
755 5305 892 5375 μετὰ
918 5305 1085 5377 ὀργῆς
1105 5322 1120 5336 υ
1151 5305 1281 5358 ὡσεὶ
1312 5308 1406 5360 καὶ
1447 5309 1614 5381 ἰατρῷ
1639 5327 1724 5375 τις
1754 5312 1825 5365 τὰ

244 5391 332 5444 διὰ
383 5392 665 5465 καυτῆρος
719 5396 814 5449 καὶ
876 5395 1094 5468 σιδήρου
1144 5400 1239 5451 καὶ⁸
1280 5401 1491 5471 πικρῶν
1535 5403 1824 5459 ἀντιδότων

249 5484 618 5554 προσφέροντι
650 5486 972 5558 βοηθήματα
989 5489 1081 5541 ἐπὶ
1107 5489 1372 5563 θεραπείᾳ
1394 5493 1595 5560 πάθους
1615 5497 1827 5550 ὑποκεί-

249 5587 413 5640 μενος
446 5572 627 5643 λέγοι·
659 5576 752 5648 Μὴ
776 5575 864 5631 διὰ
889 5579 1057 5649 πυρός
1084 5596 1151 5651 με
1180 5581 1541 5656 θεραπεύσῃς,
1576 5586 1709 5658 μηδὲ
1737 5587 1824 5642 διὰ

250 5662 477 5735 σιδήρου
510 5665 603 5719 καὶ
632 5666 836 5738 τομῶν,
892 5669 1026 5723 ἀλλὰ
1057 5671 1143 5726 διὰ
1169 5672 1345 5743 ήπέων
1387 5674 1479 5729 καὶ
1510 5677 1822 5750 πραοτέρων

250 5755 584 5825 φαρμάκων.
625 5759 817 5830 Ὀ-γάρ
848 5762 1087 5828 τοιοῦτος
1126 5764 1185 5818 οὐ
1247 5764 1342 5834 τὴν
1391 5766 1683 5836 θεραπείαν
1720 5770 1818 5838 ἀρ-

1930 4588 2063 4629 usus
2092 4572 2250 4642 quasi
2282 4571 2643 4626 delinimento
2693 4569 2760 4624 ad
2809 4568 3071 4623 medelam
3127 4568 3322 4624 anima:
3360 4585 3493 4626 sum.

1929 4661 2393 4733 Supplicationem
2426 4662 2610 4731 itaque
2652 4659 2763 4716 Deo
2794 4659 3015 4724 emittit,
3042 4675 3148 4730 qua
3193 4660 3328 4715 iram
3370 4662 3496 4731 qui—

1925 4753 2048 4810 dem
2093 4754 2450 4825 peccantibus
2503 4754 2763 4809 omnibus
2812 4753 3218 4823 imprudentem
3262 4754 3496 4817 avertit,

1928 4847 2262 4917 vocibusque
2288 4847 2504 4902 eximia:
2541 4846 2911 4903 confessionis
2956 4846 3159 4901 bonum
3207 4845 3497 4901 Dominum

1924 4945 2223 5015 propitium
2255 4943 2359 4999 sibi
2402 4942 2555 4998 iacit.
2594 4942 2731 4997 Cum
2766 4957 2898 4997 vero
2932 4942 3027 5005 ait,
3068 4941 3318 5009 Domine,
3353 4959 3414 4996 ne
3443 4944 3497 4997 in

1924 5036 2103 5105 [arare
2141 5043 2230 5087 tuo
2279 5049 2477 5103 arguas
2530 5048 2644 5096 me,
2702 5047 2815 5086 non
2866 5032 3343 5102 reprehensionem
3403 5033 3500 5087 de-

1925 5133 2156 5192 trectat,
2189 5124 2287 5181 sed
2335 5140 2461 5179 cum
2501 5125 2689 5178 furore
2733 5121 3118 5193 conjunctam;
3161 5141 3336 5197 neque
3374 5139 3499 5179 cor-

1924 5217 2230 5288 reptionem
2259 5215 2423 5287 fugit,
2459 5217 2712 5272 sed-cum
2764 5216 2846 5270 ira
2893 5215 3135 5272 editam:
3170 5232 3237 5272 ac
3283 5217 3330 5272 si
3373 5228 3499 5284 quis

1924 5310 2139 5365 medico
2170 5324 2268 5379 per
2297 5307 2668 5373 adustionem,
2702 5306 2911 5363 ferrum
2942 5318 2999 5364 et
3028 5309 3226 5364 acerba
3258 5305 3494 5360 remedia

1926 5397 2171 5454 levamen
2199 5397 2375 5452 morbi
2411 5396 2659 5453 offerenti
2709 5396 2995 5467 subjectus
3022 5398 3206 5454 dicat:
3257 5394 3336 5450 Ne
3363 5386 3496 5448 milii

1926 5489 2128 5561 ignem,
2157 5505 2226 5546 ne
2257 5489 2484 5553 ferrum,
2512 5505 2583 5545 ne
2606 5491 2884 5547 sectiones
2908 5489 2978 5545 ad
3016 5489 3279 5546 medelam
3305 5485 3498 5540 admo-

1924 5596 2075 5648 veas,
2121 5581 2218 5637 sed
2266 5581 2449 5636 dulcia
2503 5583 2832 5654 mitioraque
2870 5582 3146 5641 remedia:
3193 5578 3320 5635 talis
3349 5580 3494 5635 enim

1924 5676 2090 5730 homo
2115 5690 2221 5730 non
2252 5679 2589 5732 curationem
2620 5678 2830 5742 abnuit,
2870 5678 2964 5734 scd
3000 5676 3274 5730 duriorem
3306 5676 3487 5746 opitu-

1926 5772 2072 5831 landi
2106 5773 2393 5832 rationem.
2449 5772 2779 5844 Plerumque
2825 5782 3003 5831 autem
3036 5773 3293 5838 diximus,
3357 5773 3493 5828 iram
