3980 6214
431 349 538 404 ³ῗ9
1081 336 1347 395 EUSEBII
1377 330 1851 392 CESARIENSIS
1889 327 2039 386 OPP.
2081 325 2260 382 PARS
2298 325 2382 380 Ill.
2423 354 2492 366 —
2519 319 2926 379 EXEGETICA.
3554 314 3660 364 540

433 475 486 521 et
514 464 750 517 furorem
789 458 880 512 Dei
910 456 963 511 in
994 455 1256 511 divinitus
1285 453 1502 509 traditis
1533 449 1856 522 Scripturis,
1884 463 1993 502 non

2121 450 2284 508 νεῖται,
2307 443 2439 496 ἀλλὰ
2468 442 2560 494 τὸν
2590 441 2846 494 ἐπίπονον
2894 433 3092 505 τρόπον
3129 427 3235 482 τῶν
3286 425 3660 522 βοηθημάτων.

433 553 602 610 animi
635 559 815 606 motus
840 551 894 604 in
929 548 1036 603 Deo
1064 547 1394 619 signiﬁcare,
1423 559 1547 600 nam
1580 543 1648 598 ab
1673 543 1739 596 iis
1766 553 1999 594 vacuum

2121 536 2366 597 Ιολλάκις
2397 533 2453 586 δὲ
2503 532 2736 602 είρηται,
2768 527 2842 590 ὡς
2880 523 3015 597 ὀργὴ
3047 521 3142 576 καὶ
3163 517 3330 588 θυμὸς
3353 514 3486 568 Θεοῦ
3513 515 3669 582 λεγό-

436 647 647 703 Numen
688 653 804 712 est;
836 643 929 698 sed
963 659 1059 714 per
1106 641 1516 697 translationem
1561 638 1678 692 haec
1728 635 1902 690 solent
1946 633 2001 686 in

2121 645 2241 682 ιενα
2293 629 2352 679 ὲν
2400 627 2519 688 ταῖς
2547 620 2920 681 θεοπνεύστοις
2976 615 3214 687 Ι¹ραφαίς
3244 611 3304 663 οὐ
3352 607 3498 679 πάθη
3538 606 3670 677 περ)⁸

439 738 726 809 Scriptura
767 735 1068 797 nominari,
1103 731 1558 804 quemadmodum
1616 728 1781 792 oculi,
1817 739 2002 791 aures,

2121 720 2190 772 τὸν
2221 718 2356 771 Θεὸν
2385 715 2657 787 σημαίνει,
2693 711 2893 773 παντὸς
2924 708 3031 780 γὰρ
3070 705 3268 768 πάθους
3300 701 3576 772 ἀλλότριον
3607 698 3672 752 τὸ

438 847 656 892 manus,
690 829 864 900 digiti,
898 827 1064 898 pedes
1092 837 1144 882 et
1174 827 1382 896 reliqua
1417 823 1693 878 membra:
1736 835 1856 891 quae
1891 819 2006 886 ipse

439 921 756 977 hominibus
805 921 1013 975 utiliter
1060 919 1373 988 dispensat,
1429 915 1738 968 auditorum
1796 909 2007 980 simpli-

437 997 587 1070 citati
618 1027 677 1068 se
725 1021 1116 1082 attemperans.
1154 1008 1247 1062 Sic
1296 1009 1464 1080 igitur
1510 1004 1744 1059 inﬂictas
1798 1017 1864 1056 ex
1911 999 2006 1053 Dei

433 1103 643 1173 judicio
711 1103 1069 1172 peccantibus
1121 1114 1351 1169 poenas,
1407 1112 1527 1167 quae
1581 1111 1712 1151 sane
1767 1093 2008 1147 molestae

440 1191 757 1259 acerbaque
790 1189 1122 1260 patientibus
1153 1195 1304 1252 sunt,
1337 1187 1494 1258 quasi
1525 1202 1590 1241 ex
1623 1187 1703 1239 ira
1737 1193 1788 1239 et
1827 1183 2010 1236 furore

441 1279 683 1335 invectas
713 1279 1020 1332 adumbrat.
1069 1276 1183 1331 Hoc
1235 1281 1419 1347 itaque
1465 1276 1623 1330 docet
1678 1289 1836 1328 sacer
1865 1273 2012 1342 Apo-

441 1372 617 1429 slolus
658 1371 882 1433 dicens,
938 1368 1236 1424 Secundum
1285 1380 1461 1424 autem
1521 1367 1777 1420 duritiam
1825 1375 2008 1430 tuam,

440 1475 491 1519 et
519 1463 846 1532 impwnitena
875 1479 986 1526 cor,
1021 1461 1350 1516 thesaurizas
1401 1460 1494 1515 tibi
1529 1460 1668 1512 iram
1701 1459 1755 1510 in
1781 1457 1865 1510 die
1892 1457 2006 1519 irit,

442 1567 492 1611 et
519 1554 850 1610 reuelationis
868 1553 1004 1623 justi
1025 1553 1222 1623 judicii
1256 1551 1374 1617 Dei,
1408 1551 1496 1622 qui
1530 1549 1707 1603 reddet
1737 1547 2014 1617 unicuique

2103 810 2257 866 Θεῖον
2276 827 2289 840 ο
2326 808 2465 863 κατὰ
2496 805 2804 878 μεταφορὰν
2835 802 2890 855 δὲ
2921 801 2990 854 τὰ
3009 797 3233 852 τοιαῦτα
3260 794 3446 848 εἴωθεν
3472 791 3675 862 ὀνομά-

2107 899 2218 966 ζειν
2237 904 2265 954 ὁ
2280 901 2379 970 τῆς
2406 899 2628 969 Γραφῆς
2656 896 2829 963 λόγος,
2859 892 2932 956 ὡς
2954 891 3048 944 καὶ
3075 886 3384 958 ὀφθαλμοὺς
3400 883 3558 947 Θεοῦ,
3578 884 3679 936 καὶ

2107 987 2221 1046 ὦτα
2276 992 2369 1045 καὶ
2425 992 2612 1060 χεῖρας
2645 986 2738 1040 καὶ
2788 982 3102 1043 δακτύλους,
3142 979 3236 1030 καὶ
3284 975 3451 1038 πόδας
3478 973 3571 1028 καὶ
3598 971 3680 1024 τὰ

2106 1085 2267 1140 λοιπὰ
2317 1082 2482 1154 μέλη⁶
2533 1080 2674 1149 ειπερ
2725 1077 2800 1140 ὼς
2852 1073 2988 1145 πρὸς
3033 1069 3347 1142 ἀνθρώπους
3389 1064 3683 1138 “ww”

2107 1178 2487 1246 οἰκονομεῖται,
2513 1167 2820 1239 συγκατιὼν
2846 1169 2912 1237 τῇ
2942 1163 3048 1218 τῶν
3089 1160 3448 1234 ἀκροωμένων
3481 1158 3687 1228 νηπιό-

2107 1285 2258 1338 τητι.-
2287 1265 2471 1328 Οὕτως
2507 1259 2599 1316 οῦν
2638 1260 2733 1313 καὶ
2764 1258 2863 1321 τὰς
2903 1255 3244 1326 ἐπαγομένας
3279 1250 3546 1322 τιμωρίας
3566 1253 3688 1312 τοῖς

2110 1358 2482 1430 ἁμαρτάνουσι
2502 1353 2642 1408 κατὰ
2669 1350 2802 1405 Θεοῦ
2825 1350 3024 1422 κρίσιν,
3046 1343 3372 1415 σκυθρωπάς
3395 1340 3558 1405 οῦσας
3584 1341 3689 1394 καὶ

2111 1450 2365 1519 ἀλγεινὰς
2394 1450 2506 1509 τοῖς
2548 1445 2866 1515 πάσχουσιν,
2895 1440 3092 1493 ὡσανεὶ
3113 1437 3173 1502 ἐξ
3202 1436 3370 1508 ὀργῆς
3389 1433 3482 1488 καὶ
3505 1431 3688 1502 θυμοῦ

2113 1541 2460 1612 ἐπαγομένας
2487 1535 2874 1591 ὑποτυποῦται.
2914 1527 3080 1586 Τοῦτο
3109 1529 3238 1600 γοῦν
3263 1527 3500 1581 διδάσκει
3525 1526 3618 1578 καὶ
3657 1527 3692 1578 ὁ

445 1654 731 1709 secundum
761 1669 918 1722 opera
963 1651 1076 1721 ejus
1099 1651 1144 1683 ⁸⁸
1171 1671 1184 1705 :
1222 1665 1287 1704 ac
1317 1650 1362 1704 si
1395 1648 1521 1718 quis
1541 1646 1794 1701 inductas
1825 1659 1856 1698 a
1897 1644 2016 1714 lege"

2121 1635 2261 1706 ἱερὸς
2288 1629 2608 1693 Ἀπόστολος
2631 1629 2834 1696 λέγων’
2867 1628 3025 1680 Κατὰ
3060 1622 3127 1676 δὲ
3158 1620 3272 1689 τὴν
3297 1615 3694 1686 σκληρότητά

447 1743 735 1799 homicidia
778 1757 990 1813 poenas,
1029 1742 1164 1795 iram
1210 1755 1275 1794 ac
1316 1740 1552 1793 furorem
1591 1736 1859 1808 appellet;
1904 1751 2011 1789 non

2121 1740 2231 1778 σου
2249 1721 2345 1776 καί
2373 1720 2775 1791 ἀμετανόητον
2787 1714 3034 1784 καρδίαν
3049 1709 3414 1780 θησαυρίζεις
3449 1707 3696 1772 σεαυτῷ

446 1833 590 1903 quod
619 1849 805 1889 revera
840 1834 923 1888 lex
957 1833 1034 1886 ira
1059 1843 1111 1886 et
1143 1830 1326 1885 furore
1366 1828 1716 1899 corripiatur,
1751 1825 1846 1882 sed
1866 1826 2010 1896 quod

2121 1815 2297 1884 ὀργὴν
2309 1812 2379 1866 ἐν
2395 1811 2582 1881 ἡμέρᾳ
2595 1808 2775 1879 ὀργῆς
2789 1807 2885 1861 καὶ
2901 1805 3334 1872 ἀποκαλύψεως
3349 1801 3444 1854 καί
3461 1799 3694 1853 δικαία⁸

449 1927 497 1982 is
521 1927 613 1997 qui
643 1926 969 1997 supplicium
998 1925 1120 1986 luit,
1153 1921 1390 1977 inﬂictas
1415 1937 1603 1991 pmnas
1633 1935 1733 1990 pro
1762 1922 1841 1974 ira
1880 1917 2014 1988 legis

447 2015 664 2069 habeat.
698 2013 816 2072 Jam
851 2011 1246 2079 veromaligni
1297 2024 1514 2079 quoque
1562 2007 1877 2068 daemones,
1921 2003 2014 2073 qui

450 2107 837 2177 suppliciorum
867 2105 1048 2174 impiis
1075 2103 1351 2157 illatorum
1375 2099 1610 2155 ministri
1636 2105 1784 2160 sunt,
1803 2109 2016 2151 necnon

448 2200 681 2254 virtutes
717 2197 812 2252 Dei
869 2197 1248 2261 administrre,
1298 2196 1380 2249 ira
1425 2205 1478 2250 et
1527 2193 1682 2248 furor
1729 2198 2014 2246 vocantur.

449 2290 652 2346 Eodem
703 2290 865 2346 modo
916 2289 984 2345 de
1034 2289 1220 2344 decem
1267 2288 1443 2358 plagis
1489 2295 1678 2340 contra
1732 2282 2018 2354 Egyptios

451 2382 715 2438 immissis
739 2382 945 2436 dictum
980 2389 1084 2443 est.
1123 2379 1274 2434 Misit
1316 2381 1371 2432 in
1399 2396 1486 2432 eos
1519 2378 1750 2447 furorem
1779 2384 1827 2429 et
1857 2375 2016 2436 iram,

450 2473 827 2529 immissionem
865 2489 957 2542 per
987 2473 1196 2542 angelos
1225 2471 1393 2526 malos
1415 2471 1484 2524 ⁸¹.
1525 2468 1619 2524 Sic
1668 2471 1891 2523 dextera
1925 2465 2018 2522 Dei

450 2559 712 2622 dicuntur
760 2563 899 2616 bona
949 2577 1046 2631 per
1085 2561 1340 2616 dexteras
1397 2559 1677 2630 bonasque
1722 2565 2021 2628 potestates

451 2649 631 2721 dignis
662 2650 1096 2709 subministrata.
1133 2646 1416 2719 Supplicat
1460 2649 1643 2718 itaque
1679 2646 1870 2709 David,
1898 2661 1965 2700 ne
1991 2659 2021 2698 a

454 2741 708 2809 malignis
735 2741 1099 2811 potestatibus
1120 2747 1472 2811 coarguatur,
1489 2754 1666 2809 neque
1683 2737 2024 2794 immissione

453 2833 768 2902 angelorum
814 2833 1059 2888 tristium
1111 2832 1485 2901 corripiatur;
1541 2830 1636 2887 sed
1693 2830 2024 2889 salutaribus

455 2921 657 2985 verbis,
675 2921 1010 2990 utilibnsque
1038 2919 1367 2990 disciplinis,
1387 2928 1440 2974 et
1470 2921 1578 2972 alio
1596 2934 1813 2989 quoque
1839 2917 2022 2981 modo,

455 3022 609 3083 rogat
636 3029 703 3080 ne
735 3022 982 3072 servetur
1012 3014 1077 3068 ad
1110 3013 1253 3068 diem
1299 3014 1392 3071 ira:
1415 3022 1468 3070 et
1499 3011 1847 3067 revelationis
1888 3010 2024 3080 justi

453 3104 648 3174 iudicii
685 3105 803 3170 Del,
829 3105 921 3164 sed
945 3105 1058 3174 jam
1096 3105 1150 3160 in
1187 3104 1443 3175 praesenti
1481 3105 1589 3158 vita
1615 3112 1670 3158 et
1717 3111 1843 3157 ante
1877 3117 2025 3156 mor-

459 3206 568 3262 tem
599 3205 821 3265 peccata
844 3196 1012 3261 cluat,
1049 3195 1192 3269 quod
1230 3195 1418 3265 utique
1441 3201 1636 3251 nactus
1659 3201 1762 3248 est.
1801 3191 1865 3251 Et
1897 3206 2024 3248 vero

457 3287 672 3342 videtur
697 3302 913 3356 poenam
958 3287 1195 3357 dedisse.
1227 3301 1325 3357 per
1371 3285 1708 3343 calamitates
1737 3293 1861 3340 ante
1907 3282 2027 3337 obi-

459 3387 573 3434 tum
597 3379 700 3449 ipsi
729 3379 928 3442 illatas,
956 3387 1015 3442 ut
1041 3395 1103 3435 ex
1131 3377 1440 3449 Regnorum
1461 3376 1691 3437 historia
1713 3374 2023 3430 didicimus.

458 3469 578 3536 Alia
622 3484 839 3540 quoque
883 3471 1094 3532 ratione
1125 3470 1192 3533 de
1251 3485 1310 3526 se
1363 3469 1480 3539 ipse
1521 3482 1713 3536 poenas
1755 3466 2026 3538 sumpsit,

459 3559 589 3627 dum
623 3576 682 3616 se
723 3561 778 3614 in
821 3561 990 3615 variis
1030 3561 1396 3620 confessionis
1430 3559 1605 3615 modis
1646 3558 2029 3617 alﬂictionibns

460 3650 689 3720 dedidit,
721 3649 836 3716 Hoc
870 3659 1029 3721 pacto
1065 3651 1230 3706 etiam
1263 3650 1503 3721 loquitur
1533 3668 1545 3703 :
1584 3648 1641 3703 Si
1669 3648 1799 3718 quid
1839 3663 2029 3718 perpe-

462 3745 625 3807 travi,
649 3758 758 3814 quo
780 3744 976 3813 dignus
1015 3743 1116 3797 sim
1151 3743 1242 3811 qui
1270 3757 1298 3794 a
1329 3742 1517 3796 furore
1540 3755 1740 3810 arguar
1763 3758 1777 3806 ;
1805 3749 1859 3793 at
1891 3739 2030 3796 resi-

462 3835 682 3905 piscens
712 3847 844 3902 rogo
876 3841 932 3884 ut
967 3847 998 3884 ιι
1028 3832 1214 3894 verbo,
1243 3846 1352 3885 non
1396 3847 1426 3884 a
1475 3830 1657 3886 furore
1701 3845 1934 3901 arguar;
1973 3837 2026 3883 et

463 3939 498 3977 a
531 3923 800 3988 doctrina,
829 3938 937 3977 non
972 3923 1040 3977 ab
1067 3923 1145 3976 ira
1173 3923 1459 3992 corripiar.

2114 1908 2349 1977 κρίσιας
2360 1904 2466 1959 τοῦ
2485 1901 2650 1966 Θεοῦ,
2667 1902 2734 1967 ὃς
2745 1897 3038 1955 ἀποδώσει
3053 1895 3286 1961 ἑκάστῳ
3295 1893 3444 1946 κατὰ
3461 1891 3531 1944 τὰ
3542 1891 3700 1960 ἔργα

2114 1999 2299 2054 αὑτοῦ
2321 2015 2335 2030 ο
2359 1997 2434 2060 ὡς
2463 1995 2516 2048 εί
2544 2011 2626 2056 τις
2661 1991 2872 2053 καὶτὰς
2891 1992 2954 2043 ὲκ
2991 1989 3084 2042 τοῦ
3101 1987 3264 2058 νόμου
3281 1985 3356 2055 τῷ
3380 1983 3699 2056 ἀνδροφόνῳ

2111 2071 2500 2159 ’ἐπηρτημένας
2521 2084 2764 2145 κολάσεις
2778 2079 2944 2151 ὀργὴν
2983 2079 3075 2131 καὶ
3092 2078 3258 2149 θυμὸν
3280 2074 3534 2146 ὀνομάζοι
3549 2091 3561 2103 ·
3588 2074 3698 2126 οὐκ

2117 2179 2330 2253 άληθῶς
2343 2176 2436 2232 τοῦ
2451 2176 2616 2245 νόμου
2632 2173 2969 2244 θυμουμένου
2999 2172 3092 2224 καὶ
3115 2169 3490 2240 ὀργιζομένου,
3517 2165 3610 2220 τοῦ
3629 2166 3702 2219 δὲ

2116 2272 2474 2343 κολαζομένου
2497 2269 2663 2340 ὀργὴν
2690 2267 2782 2321 τοῦ
2807 2268 2970 2336 νόμου
2990 2266 3088 2336 τὴν
3113 2263 3380 2334 τιμωρίαν
3400 2259 3671 2331 ὑπειληςό
3687 2294 3701 2300 -

2116 2388 2227 2434 τος.
2237 2370 2372 2440 Ἤδη
2385 2367 2441 2421 δὲ
2456 2365 2551 2419 καὶ
2564 2364 2614 2416 οἱ
2632 2361 2728 2424 τὰς
2744 2359 2990 2422 κολάσεις
3009 2356 3252 2412 διακονού
3262 2372 3407 2427 μενοι
3425 2352 3564 2408 κατὰ
3583 2351 3701 2404 τῶν

2118 2462 2328 2518 ἀσεϐῶν
2361 2460 2584 2532 πονηροὶ
2608 2457 2878 2526 δαίμονες,
2911 2453 2969 2505 αῖ
2999 2469 3058 2504 τε
3088 2448 3417 2521 ὑπηρετικαὶ
3431 2446 3700 2516 δυνάμεις

2119 2556 2212 2609 τοῦ
2229 2553 2362 2610 Θεοῦ
2378 2554 2432 2606 αἱ
2447 2549 2665 2613 τοιαίδε,
2676 2547 2811 2620 ὀργὴ
2824 2547 2917 2600 καὶ
2931 2543 3098 2614 θυμὸς
3116 2535 3700 2611 ὡνομάσθησανΜῦτω

2121 2646 2250 2715 γοῦν
2298 2644 2511 2715 εἴρηται
2559 2643 2615 2693 ὲν
2656 2638 2732 2710 τῷ
2773 2635 3031 2707 περὶτῆς
3059 2632 3401 2702 δεκαπλήγου
3425 2629 3523 2699 τῆς
3566 2629 3697 2681 κατ’

2121 2734 2431 2804 Αἰγυπτίων
2477 2729 2807 2802 ἐπαχθείσης
2841 2727 2983 2795 λόγῳ
3027 2724 3121 2777 τό’
3171 2721 3552 2776 Ἀπέστειλεν
3593 2715 3697 2768 ἐπ’

2122 2823 2342 2889 αὐτοὺς
2373 2821 2563 2891 θυμύν
2589 2820 2687 2876 καὶ
2712 2812 3289 2889 όργὴν,ἁποστολὴν
3314 2811 3388 2864 δι’
3425 2807 3699 2877 ἀγγέλων

2124 2913 2419 2983 πονηρῶν.
2469 2912 2622 2966 Οὕτω
2667 2907 2814 2980 δεξιὰ
2863 2906 3110 2960 λέλεκται
3168 2902 3302 2956 Θεοῦ
3354 2900 3424 2954 τὰ
3462 2898 3549 2952 διὰ
3584 2896 3702 2950 τῶν

2124 3006 2310 3074 δεξιῶν
2366 3005 2460 3060 καὶ
2519 3002 2736 3072 ἀγαθῶν
2767 2999 3044 3069 δυνάμεων
3091 2999 3203 3058 τοῖς
3234 2993 3403 3059 ἀξίοις
3432 2988 3704 3063 χορηγού-

2130 3115 2281 3169 μενα.
2342 3094 2590 3156 Ἰκετεύει
2652 3093 2826 3146 τοίνυν
2880 3094 2908 3144 ὁ
2948 3088 3108 3145 Δαυῖδ
3165 3088 3239 3158 μὴ
3293 3085 3380 3138 διὰ
3441 3081 3704 3152 πονηρῶν

2125 3190 2404 3261 δυνάμεων
2431 3187 2779 3258 ἐλεγχθῆναι,
2817 3185 2950 3257 μηδὲ
2989 3183 3056 3238 δι’
3108 3177 3408 3248 ἀποστολῆς
3449 3175 3706 3244 ἀγγέλων

2130 3279 2468 3355 σκυθρωπῶν
2518 3277 2900 3349 παιδευθῆναι·
2945 3274 3032 3330 διὰ
3068 3273 3241 3344 λόγων
3291 3270 3346 3323 δὲ
3392 3266 3704 3338 σωτηρίων,

2128 3375 2220 3429 καὶ
2257 3373 2590 3444 μαθημάτων
2633 3369 2929 3441 ὠφελίμων
2969 3366 3061 3420 καὶ
3108 3364 3280 3427 ἄλλως
3324 3362 3383 3416 δὲ
3432 3358 3710 3414 ἀντιϐολεῖ

2134 3466 2208 3538 μὴ
2235 3463 2535 3536 τηρηθῆναι
2575 3464 2654 3526 εἰς
2705 3461 2916 3532 ἡμέραν
2964 3458 3132 3529 ὀργῆς
3166 3457 3259 3510 καὶ
3302 3450 3710 3520 ἀποκαλύψεως

2132 3557 2226 3616 καὶ
2273 3554 2666 3630 δικαιοκρισίας
2707 3552 2800 3606 τοῦ
2852 3550 3008 3613 Θεοῦ,
3050 3549 3150 3620 ῆδη
3191 3547 3246 3600 δὲ
3287 3543 3534 3600 ἐντεῦθεν
3559 3541 3710 3594 κατὰ

2131 3649 2221 3703 τὸν
2255 3648 2494 3720 παρόντα
2525 3647 2634 3717 βίον
2663 3644 2767 3717 πρὸ
2791 3645 2888 3714 τῆς
2919 3635 3174 3710 τελευτῆς
3204 3635 3605 3697 ἀπολούσασθαι
3634 3635 3713 3688 τὰ

2131 3737 2533 3808 ἁμαρτήματα’
2576 3735 2669 3791 καὶ
2715 3732 2867 3802 ἔτυχέ
2919 3749 2979 3801 γε
3024 3729 3118 3784 τοῦ
3170 3727 3393 3788 σκοποῦ.
3448 3724 3712 3778 Φαίνεται

2129 3829 2258 3897 γοῦν
2289 3827 2442 3899 δίκην
2471 3825 2737 3889 δεδωκὼς,
2766 3825 2831 3877 δι’
2856 3816 2930 3876 ὧν
2959 3822 3126 3876 ἔπαθε
3159 3820 3263 3893 πρὸ
3301 3820 3399 3892 τῆς
3424 3815 3711 3884 τελευτῆς,

2127 3921 2202 3984 ὡς
2241 3923 2304 3974 ὲκ
2353 3920 2454 3990 τῆς
2508 3918 2741 3991 ἱστορίας
2789 3917 2895 3974 τῶν
2942 3914 3237 3971 Βασιλειῶν
3285 3909 3710 3985 μεμαθήκαμεν.

465 4013 576 4077 Καὶ
601 4012 774 4076 ἄλλως
834 4013 886 4066 δὲ
933 4015 1093 4077 αὐτὸς
1147 4013 1333 4066 ἑαυτὸν
1387 4015 1706 4084 ἐτιμωρεῖτο
1769 4013 2046 4076 παντοίαις
2105 4013 2418 4068 ὐποδάλλων
2468 4010 2771 4066 κακώσεσιν
2825 4012 2880 4062 ὲν
2928 4011 3037 4070 τοῖς
3102 4007 3199 4079 τῆς
3258 4002 3703 4074 ἐξομολογήσεωε

465 4103 704 4180 τρόποις.
751 4105 860 4158 Καὶ
917 4105 1088 4168 ἄλλως
1136 4105 1194 4158 δέ
1235 4122 1428 4175 φησιν·
1458 4107 1507 4157 εί
1562 4105 1872 4174 πέπρακταί
1940 4122 2023 4176 μοι
2060 4107 2298 4162 τοιοῦτον
2359 4107 2444 4176 ἐφ’
2471 4102 2552 4169 οἷς
2599 4104 2744 4171 ἄξιον
2810 4102 2914 4156 ὑπὸ
2977 4099 3149 4170 θυμοῦ
3189 4096 3530 4168 ἐλεγχθῆναι,
3571 4089 3715 4145 ἀλλά

466 4210 528 4274 γε
583 4196 915 4266 μετανοήσας
964 4195 1263 4268 παρακαλῶ
1304 4196 1408 4249 ὑπὸ
1449 4195 1626 4262 λόγου,
1672 4194 1766 4249 καὶ⁸
1822 4195 1896 4266 μὴ
1949 4196 2052 4248 ὑπὸ
2090 4197 2261 4269 θυμοῦ
2305 4198 2642 4269 ἐλεγχθῆναι,
2677 4193 2772 4249 καὶ
2826 4192 2931 4247 ὑπὸ
2959 4189 3324 4252 διδασκαλίας,
3353 4187 3444 4240 καὶ
3478 4185 3554 4255 μὴ
3603 4181 3714 4234 ἀπὸ

466 4289 636 4367 ῥργῆς
671 4290 1038 4362 παιδευθῆναι.

539 4409 707 4467 Vsus.
738 4411 791 4465 3.
827 4409 1089 4476 Quoniam
1133 4410 1338 4481 sagitta:
1389 4417 1492 4462 tua:
1528 4407 1706 4477 inﬁxa:
1727 4417 1848 4463 sunt
1886 4407 2032 4462 mihi.

2213 4406 2420 4459 Ὅτιτὶι
2441 4403 2598 4470 ,ϐέλη
2636 4416 2752 4456 σου
2791 4393 3170 4465 ἐνεπάγησάν
3208 4410 3326 4462 μοι.
3375 4393 3432 4443 '0
3464 4390 3563 4460 μὲν
3600 4387 3716 4460 γὰρ

471 4504 752 4576 Siquidem
798 4506 999 4560 athleta
1042 4503 1167 4569 Job,
1197 4480 1382 4559 omnia
1433 4503 1795 4557 tentationum
1833 4516 2018 4572 gener:

2138 4496 2374 4569 ἀθλητὴς
2415 4495 2553 4559 Ἰὼϐ,
2588 4491 2868 4554 παντοίους
2895 4485 3191 4558 ὑπομείνας
3225 4482 3584 4554 πειρασμοὺς,
3609 4480 3716 4532 οὐκ

471 4612 783 4666 perpessus,
818 4613 928 4650 non
959 4595 1240 4667 ignorabat
1277 4594 1545 4649 undenaln
1578 4593 1693 4648 haec
1725 4593 1828 4648 sibi
1855 4591 2018 4647 eveni-

2142 4591 2327 4662 ἠγνόει
2362 4588 2522 4642 πόθεν
2550 4585 2696 4656 αὐτῷ
2728 4583 2875 4638 ταῦτ’
2911 4582 3118 4650 ἐγίνετο
3139 4597 3151 4609 ·
3182 4577 3262 4630 διὸ
3301 4575 3510 4667 ἔλεγεν·
3552 4570 3714 4638 Βέλη

471 4661 614 4751 rent,
661 4700 834 4755 quare
856 4661 1074 4739 dicebat
1107 4703 1119 4737 :
1166 4681 1388 4753 Sagittae
1427 4683 1566 4747 enim
1622 4681 1836 4735 Domini
1872 4681 1925 4734 in
1952 4696 2018 4734 ori

2145 4684 2254 4754 γὰρ
2289 4681 2508 4749 κυρίου
2540 4679 2609 4732 ἐν
2636 4677 2712 4743 τῷ
2740 4674 2988 4744 στόματί
3005 4672 3122 4742 μοῦ
3149 4675 3324 4732 εἰσιν,
3353 4661 3438 4720 ὧν
3462 4669 3494 4720 ό
3523 4665 3716 4734 θυμὸς

469 4793 583 4836 meo
608 4787 749 4841 sunt,
788 4793 1011 4847 quarum
1044 4776 1125 4837 ira
1145 4792 1313 4828 meum
1341 4775 1498 4828 ebibit
1520 4775 1825 4845 sanguinem
1852 4774 1916 4827 ιδ’.
1940 4773 2018 4829 Da

2143 4771 2341 4826 αὐτῶν
2397 4769 2623 4822 ἐκπίνει
2665 4783 2782 4835 μου
2823 4764 2888 4817 τὸ
2953 4758 3113 4831 αἷμα.
3162 4762 3218 4814 '0
3263 4759 3318 4812 δὲ
3360 4756 3541 4817 Δαυῖδ,
3564 4756 3624 4808 ου
3652 4755 3716 4807 τὸ

467 4871 558 4924 vid
591 4878 769 4923 autem
802 4846 910 4923 non
939 4869 992 4923 in
1015 4883 1244 4937 corpore
1272 4868 1435 4921 veluti
1463 4867 1564 4921 Job
1596 4867 1768 4938 plagis
1791 4865 2016 4921 allectus

2147 4863 2305 4934 σῶμα
2330 4860 2554 4932 πληγεὶς
2579 4858 2776 4929 ὁμοίως
2808 4855 2884 4925 τῷ
2922 4853 3060 4918 Ἰὼϐ,
3089 4853 3258 4922 αὐτὴν
3299 4850 3354 4902 δὲ
3399 4848 3498 4920 τὴν
3534 4846 3717 4918 ψυχὴν

471 4962 571 5018 sed
596 4962 646 5016 in
679 4962 798 5032 ipsa
828 4961 1009 5016 anima
1047 4960 1193 5016 letali
1216 4961 1444 5015 vulnere
1472 4958 1784 5023 confossus,
1825 4974 1935 5013 non
1967 4959 2015 5012 ai

2146 4953 2363 5025 καιρίαν
2384 4948 2631 5022 τρωθεὶς,
2657 4946 2754 5015 οὐχ
2779 4943 2976 5014 ὁμοίως
3003 4942 3080 5012 τῷ
3119 4939 3235 4993 Ἰὼϐ
3282 4938 3476 5006 φάσκει
3505 4952 3518 4964 ·
3553 4933 3716 5001 Βὲλη

471 5053 930 5124 quemadmodum
986 5051 1084 5108 Job
1114 5073 1127 5107 :
1163 5051 1384 5124 Sagitta:
1431 5052 1646 5106 Domini
1697 5053 1753 5105 in
1795 5067 1888 5105 ora
1925 5067 2018 5104 me:

2143 5051 2252 5116 γὰρ
2275 5043 2493 5111 Κυρίου
2521 5040 2590 5093 ἐν
2625 5039 2703 5103 τῷ
2736 5036 2985 5104 στόματί
3023 5051 3141 5103 μου
3169 5031 3370 5084 ἐστίν·
3407 5026 3543 5088 ἀλλ’,
3585 5027 3719 5078 Ὀτι

473 5153 629 5207 sunt;
655 5141 752 5199 scd
783 5163 796 5199 ι
835 5143 1100 5210 Quoniam
1136 5144 1347 5214 sagittw
1381 5152 1481 5198 tua:
1510 5143 1690 5212 inﬁxa:
1738 5151 1860 5196 sunt
1887 5141 2015 5194 mihi

2146 5104 2398 5200 ὲδίβέλὴ
2430 5146 2544 5186 σου
2588 5126 2968 5198 ὲνεπάγησάν
3004 5144 3124 5195 μοι,
3175 5124 3270 5177 καί
3314 5117 3720 5187 ἐπεστήριξας
3791 5104 3814 5117 ’

471 5247 521 5294 et
553 5238 1057 5308 conﬁrmastisuper
1092 5254 1172 5290 me
1210 5253 1422 5290 manuni
1451 5246 1615 5290 tuam.
1646 5236 1738 5291 Ille
1762 5251 1891 5290 vero
1924 5250 2010 5298 ma

2145 5230 2236 5282 ἐπ’
2265 5225 2368 5294 ἐμὲ
2403 5224 2516 5291 τὴν
2535 5221 2703 5292 χεῖρά
2721 5239 2856 5277 σου.
2892 5221 2949 5273 '0
2977 5219 3033 5271 δὲ
3062 5214 3386 5289 μνημονεύει
3413 5213 3508 5284 τῆς
3534 5214 3720 5282 χειρδς

473 5345 605 5384 num
637 5328 731 5382 Dei
763 5339 1029 5382 memorat
1061 5328 1146 5383 bis
1179 5329 1361 5383 verbis
1394 5348 1407 5383 :
1449 5327 1640 5382 Manus
1665 5329 1803 5382 enim
1830 5327 2018 5380 Domin

2147 5319 2351 5391 Κυρίου
2379 5317 2550 5386 λέγων
2570 5333 2582 5346 ’
2611 5315 2745 5381 Χεὶρ
2767 5313 2873 5383 γὰρ
2895 5311 3115 5380 Kvpt'ov
3153 5307 3324 5362 ἐστίν
3357 5308 3395 5373 ἠ
3433 5303 3716 5372 ἁψαμένη

472 5430 551 5475 εει
579 5437 696 5491 quin
718 5419 886 5491 tetigit
927 5419 1084 5474 me”.
1115 5419 1374 5478 Diabolus
1405 5429 1584 5474 autem
1615 5419 1845 5474 Domino
1861 5418 1997 5472 dixit

2143 5429 2280 5481 μου.
2336 5409 2445 5463 Καὶ
2497 5410 2524 5460 ὁ
2568 5406 2806 5468 διάϐολος
2836 5403 2913 5474 τῷ
2936 5402 3144 5473 Κυρίῳ,
3181 5399 3562 5453 Ἀπόστειλον
3603 5392 3720 5461 τὴν

476 5511 530 5566 Ι
540 5515 630 5567 itte
662 5529 876 5567 manum
909 5520 1074 5575 tuam,
1101 5520 1148 5566 et
1175 5520 1329 5582 tange
1352 5512 1527 5566 omnia
1549 5527 1666 5580 qua:
1688 5510 1840 5564 habet
1863 5510 1910 5542 ⁸⁸
1945 5529 1958 5563 :
1989 5524 2018 5563 e

2149 5503 2314 5575 χεᾷκὶ
2339 5521 2452 5559 σου
2476 5502 2568 5556 καὶ
2599 5501 2747 5569 ἅψαι
2776 5497 3016 5552 πάντων
3051 5489 3138 5547 ὧν
3164 5493 3307 5562 ἔχει,
3340 5491 3544 5560 ἔφασκε
3564 5504 3578 5517 ·
3622 5485 3718 5542 καὶ

476 5619 696 5668 rursum
729 5627 740 5636 -
774 5604 928 5660 Mitte
959 5622 1174 5661 manum
1222 5615 1368 5659 tuam
1427 5611 1476 5660 et
1505 5613 1656 5675 tange
1685 5619 1894 5657 carnem
1929 5602 2012 5671 eju

2151 5597 2309 5651 πάλιν
2329 5615 2340 5626 ο
2387 5596 2762 5651 Ἀπόστειλον
2785 5589 2895 5658 τὴν
2917 5584 3083 5659 χεῖρά
3119 5603 3255 5649 σου,
3306 5583 3400 5637 καὶ
3430 5580 3577 5652 ἅψαι
3597 5574 3718 5633 tiri

549 5761 593 5800 "
631 5761 788 5829 Boni,
829 5781 895 5831 ιι,
933 5766 984 5830 5,
1015 5768 1066 5820 6.
1145 5765 1183 5798 ⁸¹
1230 5763 1374 5828 Psal.
1409 5778 1625 5832 qux’vu,
1660 5760 1748 5818 49.
1895 5760 1938 5791 ⁸¹
1977 5755 2018 5811 Il

2121 5770 2158 5812 ιι
2185 5793 2199 5822 ,
2233 5753 2285 5809 ί.
2361 5753 2405 5785 ⁸³
2441 5751 2542 5821 iob
2579 5765 2708 5833 six,
2742 5746 2831 5819 21.
2929 5746 2978 5780 ”
3015 5741 3115 5800 Job
3147 5759 3199 5815 ι,
3236 5741 3322 5800 ll.
