3992 6216
300 208 399 279 sit

1408 336 1437 359 ἐξ
1475 335 1612 359 ’ΔΣΧΙ

301 422 370 499 ἦν
386 426 507 499 χεὶρ
521 426 615 481 καὶ
625 427 787 500 ἕτερα
800 426 924 497 βέλη
942 428 1049 481 τῶν
1064 428 1279 499 σαρκῶν
1289 428 1451 482 αὐτοῦ
1467 428 1536 483 τά
1547 428 1648 483 καθ
1655 429 1880 501 ικόμενα

303 518 512 573 καὶτῶν
528 518 854 590 σωματικῶν
882 519 1252 591 ὑπαρχόντων·
1267 520 1499 575 ἐνταῦθα
1513 521 1557 574 δ’
1579 521 1881 592 ἐπειδήπερ

303 609 401 682 τὴν
422 608 600 681 ψυχὴν
614 609 783 682 αὐτὴν
798 610 1083 682 νενόσηκεν
1098 614 1127 666 ό
1140 611 1322 679 Δαυῒδ,
1336 613 1496 686 ἕτερα
1513 613 1643 685 βέλη
1660 614 1883 669 καθικέ-

284 748 287 751 ,
304 700 429 756 σθαι
451 701 616 756 αὑτοῦ
635 703 911 775 σημαίνει,
940 704 1034 758 καὶ
1048 704 1244 777 ἑτέραν
1262 709 1420 778 χεῖρα
1441 706 1533 761 τοῦ
1559 706 1692 761 Θεοῦ
1712 703 1883 779 ἧφθαι

300 792 492 859 αὐτοῦ,
532 794 675 849 καθά
728 794 971 866 ἔφθημεν
1027 795 1295 861 εἰπόντες,
1355 796 1425 851 τὰ
1477 797 1670 866 λογικά
1719 798 1879 872 βέλη,

305 885 506 958 μᾶλλον
526 886 583 940 δὲ
606 887 804 951 αὐτοὺς
833 887 929 949 τοῦ
979 885 1116 940 Θεοῦ
1164 887 1356 958 λόγους
1398 888 1689 954 νύττοντας
1719 890 1882 945 αὑτοῦ

301 980 404 1052 τὴν
433 979 631 1051 ψυχὴν,
680 979 774 1033 καὶ
820 978 920 1051 τὴν
979 980 1285 1051 συνείδησιν
1318 982 1490 1054 αὐτὴν
1537 983 1884 1055 τιμωρουμέ-

302 1089 447 1138 νους.
478 1074 702 1144 Μήποτε
729 1072 787 1127 δὲ
841 1072 935 1126 καὶ
967 1073 1130 1127 αὐτὸν
1158 1074 1247 1127 τὸν
1278 1074 1523 1129 διάϐολον
1554 1076 1648 1129 καὶ
1678 1075 1747 1129 τά
1788 1075 1883 1130 τοῦ

300 1164 548 1220 διασόλου
576 1165 947 1238 πεπυρωμένα
972 1165 1101 1239 βέλη
1133 1166 1204 1221 τά
1218 1165 1497 1237 παθητικά
1518 1167 1616 1222 καὶ
1647 1168 1886 1239 ἐρωτικά

299 1258 370 1313 τά
422 1260 502 1324 είς
550 1258 845 1330 ἐπιθυμίαν
879 1259 1043 1314 αὐτὸν
1081 1258 1360 1330 ἑξάψαντα
1403 1260 1504 1331 τῆς
1547 1259 1642 1314 τοῦ
1690 1260 1885 1332 Οὐρίου

298 1350 556 1420 γυναικὸς
614 1352 905 1422 σημαίνεις
938 1344 1013 1406 ὧν
1047 1352 1141 1405 καὶ
1187 1354 1216 1407 ό
1274 1351 1594 1416 Ἀπόστολος
1648 1351 1885 1405 διδάσκει

298 1442 472 1513 λέγων
490 1459 504 1473 ’
537 1440 896 1497 Ἀναλάὸετε
926 1441 1042 1511 τὴν
1058 1444 1405 1498 πανοπλίαν
1426 1443 1533 1497 τοῦ
1551 1442 1721 1508 Θεοῦ,
1740 1443 1888 1511 πρὸς

298 1534 363 1589 τὸ
412 1533 708 1589 δύνασθαι
753 1532 953 1588 πάντα
1016 1533 1089 1587 τὰ
1129 1533 1525 1603 πεπυρωμένα
1570 1532 1730 1602 ,βέλη
1780 1534 1886 1588 τοῦ

1424 208 1923 270 COMHENTARIA
1956 212 2022 271 IN
2061 212 2403 272 PSALMOS.

3444 217 3551 272 312

1985 440 2054 488 tae
2081 446 2204 503 qua:
2237 445 2462 487 carnem
2498 437 2555 486 et
2582 444 2847 500 corporea
2873 429 2996 500 ejus
3041 428 3381 499 attingebant
3413 447 3427 483 :
3463 428 3553 481 hic

1983 533 2165 580 autem
2210 523 2339 595 quia
2397 520 2569 577 David
2623 521 2803 576 anima
2833 519 3151 592 aegrotabat.
3183 536 3242 576 se
3273 519 3397 575 aliis
3422 533 3555 575 con-

1983 616 2191 673 fossum
2253 615 2401 684 telis,
2461 615 2736 685 aliamque
2789 630 3011 670 manum
3069 613 3163 669 Dei
3210 629 3270 669 se
3309 613 3554 684 tetigisse

1982 708 2273 782 signiﬁcat,
2295 710 2373 764 uti
2407 709 2662 779 superius
2681 707 2943 773 diximus,
2974 706 3232 761 nimirum
3265 703 3556 760 rationabi-

1982 802 2062 856 les
2097 799 2346 871 sagittas,
2376 799 2485 853 imo
2506 812 2637 853 vero
2668 798 2785 867 ipsa
2823 796 2919 852 Dei
2954 796 3139 862 verba,
3163 811 3285 867 qua:
3317 794 3554 850 animam

1983 890 2313 962 pungebant,
2342 894 2397 943 et
2429 886 2498 943 de
2535 886 2877 943 conscientia
2916 887 3038 958 ejus
3086 888 3418 960 supplicium
3463 903 3557 942 su-

1984 981 2222 1037 mebant.
2251 978 2393 1034 Num
2421 980 2561 1035 forte
2590 980 2768 1049 ipsum
2801 979 3080 1035 diabolum
3101 987 3154 1035 et
3179 981 3344 1052 ignita
3368 978 3559 1039 diabo—

1985 1072 2021 1127 li
2062 1072 2169 1128 tela
2201 1070 2453 1126 aﬂ'ectum
2479 1070 2777 1127 excitantia
2807 1078 2862 1126 et
2902 1071 3191 1137 amatoria,
3222 1086 3345 1141 qua:
3376 1070 3558 1141 ipsum

1984 1162 2052 1217 ad
2087 1161 2585 1232 concupiscentiam
2630 1160 2818 1217 uxoris
2856 1158 3000 1215 Uriae
3046 1159 3441 1224 accendebant,
3470 1160 3559 1219 bis

1983 1254 2193 1310 indicat
2217 1252 2239 1306 ’Ξ
2272 1252 2339 1308 de
2370 1253 2570 1323 quibus
2596 1255 2709 1309 haec
2738 1254 2944 1308 monita
2968 1254 3064 1309 dat
3089 1251 3388 1324 Apostolus
3414 1271 3429 1309 :
3454 1254 3560 1307 Ac-

1984 1347 2139 1416 cipite
2165 1354 2501 1399 armaturam
2525 1344 2643 1412 Dei,
2661 1355 2715 1399 ut
2735 1346 2947 1414 possitis
2972 1347 3150 1401 omnia
3178 1345 3284 1401 tela
3304 1345 3563 1418 nequissi—

1985 1440 2057 1493 mi
2080 1439 2411 1509 exstinguere
2438 1439 2506 1493 ⁸⁸.
2532 1436 3001 1504 Quemadmodum
3031 1445 3212 1493 autem
3243 1434 3347 1492 Job
3367 1435 3560 1492 diabo-

1984 1531 2024 1586 li
2059 1531 2290 1603 sagittas
2319 1539 2374 1588 et
2400 1529 2649 1586 immissa
2678 1532 2896 1600 corpori
2925 1544 3027 1586 suo
3064 1530 3274 1593 ulcera,
3307 1528 3437 1600 quia
3466 1527 3562 1583 Dei

298 1625 569 1695 πονηροῦ
617 1625 854 1681 σϐέσαι.
910 1626 1120 1697 Ὥσπερ
1166 1624 1224 1679 δὲ
1262 1625 1382 1681 ἰὼσ
1414 1627 1483 1681 τὰ
1508 1625 1595 1681 τοῦ
1636 1625 1883 1682 διαὸόλου

1987 1624 2258 1695 permissu
2296 1622 2637 1687 acciderant,
2668 1612 2905 1702 sagittas
2950 1620 3167 1677 Domini
3229 1622 3443 1677 vocavit
3486 1622 3565 1677 di-

300 1719 431 1791 βέλη
461 1718 648 1773 καὶτὰ
690 1717 823 1789 ἕλκη
851 1717 920 1773 τά
940 1717 1257 1773 ἐπιτεθέντα
1296 1719 1445 1791 αὐτῷ
1489 1719 1632 1775 κατὰ
1659 1719 1754 1774 τοῦ
1783 1719 1883 1774 σώ-

1987 1732 2118 1773 cens
2153 1735 2166 1771 :
2211 1712 2355 1769 Nam
2391 1715 2604 1786 sagittae
2644 1712 2861 1768 Domini
2905 1714 2961 1767 in
3006 1727 3222 1781 corpore
3256 1728 3367 1766 meo
3416 1722 3563 1776 sunt,

302 1825 472 1881 ματος
494 1848 510 1873 ,
560 1808 750 1879 ιπειδὴ
777 1807 923 1863 κατά
954 1807 1301 1881 συγχώρησιν
1337 1810 1547 1879 ἐγίνετο
1591 1811 1686 1865 τοῦ
1723 1810 1882 1875 Θεοῦ,

301 1899 431 1972 βέλη
461 1899 666 1971 Κυρίου
695 1899 977 1971 ὠνόμασεν
998 1899 1166 1954 εἰπών
1186 1917 1200 1931 ·
1234 1901 1391 1970 Βέλη
1425 1901 1537 1973 γὰρ
1566 1897 1787 1972 Κυρίου
1816 1903 1887 1957 ἐν

300 1988 382 2056 τῷ
409 1991 664 2061 στόματί
670 2008 791 2061 μου
824 1991 1013 2055 ἐστὶν,
1040 1984 1118 2045 ὧν
1147 1995 1180 2046 ό
1206 1992 1392 2062 θυμὸς
1423 1992 1622 2049 αὐτῶν
1654 1995 1884 2050 ἐκπίνει

296 2100 413 2154 μου
472 2084 538 2138 τὸ
582 2079 755 2155 alpa'
812 2083 985 2150 οὕτως
1019 2085 1166 2151 εἰκὸς
1209 2086 1304 2140 καὶ
1335 2086 1426 2140 τὸν
1462 2087 1625 2141 Δαυῒδ
1651 2088 1885 2144 ἐνταῦθα

299 2174 430 2248 βέλη
466 2176 669 2250 Κυρίου
722 2177 1024 2249 εἰρηκέναι,
1059 2178 1179 2231 ἐπεὶ
1220 2178 1364 2233 κατὰ
1398 2179 1744 2252 συγχώρησιν
1788 2180 1882 2236 τοῦ

297 2270 506 2341 Κυρίου
529 2270 1031 2341 κατεστρατεύσατο
1046 2269 1212 2324 αύτοῦ
1235 2272 1265 2324 ὀ
1289 2271 1604 2337 ἀντίπαλος,
1628 2274 1714 2327 ἵνα
1739 2273 1885 2347 μάθῃ

298 2359 373 2433 μὴ
397 2361 607 2431 λέγειν·
630 2365 712 2418 Οὐ
746 2362 833 2432 μὴ
871 2361 1150 2418 σαλευθῶ
1191 2365 1280 2430 εις
1327 2364 1434 2418 τὸν
1468 2365 1672 2419 αἰῶνα.
1734 2366 1885 2419 Ἐπεὶ

293 2454 406 2526 γάρ
461 2457 526 2526 τῇ
569 2455 754 2527 χάριτι
798 2454 893 2509 τοῦ
940 2454 1075 2509 Θεοῦ
1134 2455 1542 2527 δυναμούμενος
1608 2456 1750 2528 μέγα
1798 2454 1882 2525 ἐφ’

296 2545 475 2619 ἑαυτῷ
503 2548 769 2621 ἐφρόνησέ
786 2564 940 2616 ποτε,
955 2548 1032 2613 ὡς
1061 2548 1529 2604 ἀπαυθαδίσασθαι
1555 2551 1649 2605 καὶ
1670 2551 1847 2605 εἰπεῖν
1864 2564 1880 2581 ·

309 2637 449 2708 Ἐγὼ
479 2637 548 2692 δὲ
578 2635 717 2693 εἶπα
743 2640 813 2693 ἐν
834 2638 909 2709 τῇ
931 2640 1175 2708 εὐθηνίᾳ
1200 2658 1350 2709 μου’
1380 2643 1462 2695 Οὐ
1488 2641 1575 2712 μὴ
1607 2639 1885 2696 σαλευθῶ

1983 1825 2209 1882 quarum
2226 1808 2379 1879 furor
2405 1808 2564 1863 ebibit
2590 1824 2761 1861 meum
2797 1807 3107 1876 sanguinem
3134 1807 3213 1873 ";
3244 1807 3317 1861 ita
3367 1807 3563 1863 verisio

1983 1903 2111 1957 mile
2148 1909 2234 1957 est
2263 1901 2387 1957 ideo
2423 1899 2803 1956 Davidem'bic
2828 1900 3061 1971 sagittas
3092 1898 3309 1955 Domini
3334 1898 3562 1962 dixisse.

1983 1996 2111 2067 quia
2154 2012 2222 2051 ex
2260 1993 2355 2051 Dei
2390 2010 2661 2051 concessu
2711 1994 2972 2050 inimicus
3006 2008 3132 2049 eum
3194 1993 3564 2065 Oppugnabat,

1984 2097 2044 2143 ut
2066 2087 2337 2145 edisceret
2367 2103 2477 2143 non
2507 2088 2582 2142 ita
2608 2087 2939 2159 loquendum
2972 2102 3095 2143 esse
3126 2106 3140 2142 :
3180 2085 3305 2141 Non
3321 2088 3567 2141 movebar

1983 2182 2037 2234 in
2061 2190 2314 2236 a'tcrnum
2344 2181 2413 2235 ⁸⁸.
2440 2179 2581 2247 Quia
2609 2181 2755 2237 enim
2786 2180 3085 2251 aliquando
3114 2177 3211 2233 Dei
3250 2178 3424 2250 gratia
3455 2177 3567 2233 ful-

1985 2279 2076 2327 tus
2103 2287 2299 2344 magna
2325 2272 2395 2328 de
2423 2289 2484 2330 se
2514 2280 2787 2336 senserat,
2827 2272 2902 2326 ita
2950 2280 3011 2327 ut
3060 2279 3384 2343 arroganter
3412 2269 3568 2326 dice-

1983 2375 2066 2419 ret
2096 2383 2109 2418 :
2149 2363 2263 2434 Ego
2299 2378 2474 2421 autem
2508 2365 2623 2420 dixi
2656 2366 2711 2420 in
2736 2364 3069 2419 abundantia
3108 2381 3225 2418 mea
3254 2380 3273 2418 :
3304 2363 3430 2419 Non
3452 2381 3570 2418 mo-

1983 2455 2135 2511 vebar
2192 2460 2247 2511 in
2286 2467 2542 2511 wternum
2589 2459 2669 2524 υς
2704 2457 2827 2512 ideo
2871 2458 2999 2528 jure
3039 2458 3296 2513 tentatori
3330 2456 3567 2512 traditus

1983 2558 2088 2607 est.
2119 2549 2213 2620 qui
2274 2550 2514 2604 animum
2562 2550 2685 2619 ejus
2732 2549 2989 2613 adortus,
3029 2549 3208 2620 majus
3257 2549 3363 2619 ipsi
3400 2563 3565 2620 quam

1982 2641 2120 2697 Jobo
2140 2642 2398 2697 damnum
2426 2643 2628 2698 intulit.
2661 2641 2818 2710 Quod
2845 2645 2891 2698 si
2915 2657 3200 2699 sermones
3222 2640 3342 2704 Dei,
3372 2642 3469 2712 qui
3498 2640 3568 2697 de

296 2730 385 2795 εις
430 2729 538 2783 τόν
582 2729 799 2783 αίῶναθ
833 2730 1025 2783 τούτου
1054 2730 1213 2801 χάριν
1237 2731 1463 2795 εἰκότως
1495 2731 1767 2805 παρεδόθη
1806 2731 1883 2805 τῷ

1987 2735 2132 2806 justo
2157 2736 2278 2805 ejus
2299 2734 2513 2806 judicio
2537 2735 2863 2803 admonent,
2886 2742 2941 2791 et
2984 2732 3388 2804 imprudentem
3438 2746 3568 2802 pce-

300 2821 634 2893 πειράζοντι,
658 2822 737 2885 ὃς,
760 2822 860 2892 τῆς
905 2822 1084 2893 ψυχῆς
1120 2823 1284 2877 αὑτοῦ
1318 2823 1725 2897 καθαψάμενος,
1763 2842 1884 2897 μει-

303 2909 471 2976 ζόνως
520 2914 680 2966 αὑτὸν
712 2914 745 2986 ἢ
774 2915 867 2968 τὸν
906 2912 1026 2967 Ἰὼϐ
1080 2915 1408 2987 ἐζημίωσεν.
1449 2918 1514 2971 Ei
1545 2918 1604 2972 δὲ
1645 2920 1696 2972 οἱ
1733 2918 1882 2989 λόγοι

301 3002 396 3057 τοῦ
421 3003 580 3068 Θεοῦ,
612 3006 663 3058 οἱ
710 3005 808 3077 τῆς
843 3005 1241 3077 δικαιοκρισίας
1273 3008 1433 3062 αὐτοῦ
1489 3010 1883 3081 ὑπομνηστικοὶ

301 3095 398 3149 καὶ
429 3095 525 3167 τῆς
583 3097 752 3171 ὀργῆς
778 3097 877 3170 τῆς
915 3102 1027 3164 τοῖς
1054 3101 1462 3173 ἁμαρτάνουσιν
1494 3101 1883 3174 ὲπηρτημένης

298 3187 689 3253 διδασκαλικοὶ,
736 3190 907 3262 βελῶν
946 3193 1082 3245 εἰσιν
1130 3192 1397 3265 ὀξύτεροι,
1439 3192 1540 3263 τὴν
1578 3193 1880 3264 συνείδησιν

299 3279 582 3346 νύττοντες
604 3299 617 3312 ⁸
641 3283 737 3338 καὶ
756 3282 934 3348 οὕτως
956 3284 1132 3348 εἴποις
1155 3284 1222 3338 ἂν
1252 3283 1344 3338 τὸν
1371 3283 1553 3347 Δαυῖδ,
1577 3288 1690 3350 τοῖς
1717 3285 1884 3358 ίεροίς

296 3371 507 3438 τούτοις
521 3374 616 3427 καὶ
636 3373 802 3439 θείοις
819 3375 997 3446 βέλεσι
1022 3376 1210 3431 κεντού
1218 3394 1402 3449 μενον,
1429 3376 1667 3445 εύλόγως
1687 3394 1882 3449 παραιο

297 3466 506 3521 τεϊσθαι
533 3467 625 3522 τὸν
647 3467 738 3522 διὰ
758 3468 851 3522 τοῦ
877 3468 1050 3541 θυμοῦ
1075 3468 1315 3540 ἔλεγχον.
1346 3468 1728 3541 Προσλαϐόντα
1752 3469 1881 3541 γάρ,

297 3559 454 3629 φησι,
487 3558 589 3631 τὴν
616 3559 786 3632 ὀργὴν
810 3560 903 3614 καὶ
929 3559 1020 3613 τὸν
1053 3559 1223 3631 θυμὸν
1256 3558 1326 3613 τά
1361 3558 1514 3631 παρὰ
1536 3558 1631 3613 σοῦ
1662 3559 1885 3615 καθικό-

301 3654 439 3725 μενά
469 3671 558 3724 μοι
593 3653 743 3726 βέλη,
801 3655 1001 3719 ἱκανῶς
1036 3673 1104 3725 με
1141 3658 1486 3728 τιμωρεῖται,
1537 3656 1630 3711 καὶ
1669 3657 1961 3729 αὐτάρκως

299 3747 618 3821 ἔτ’-»αλλήλων
647 3749 959 3821 συμφορῶν.

371 3863 494 3917 Οὐκ
539 3863 710 3918 ἔστιν
751 3864 915 3929 ἴασις
967 3863 1037 3917 ἐν
1070 3862 1143 3934 τῇ
1176 3865 1362 3933 σαρκί
1385 3882 1505 3935 μου
1540 3866 1659 3921 ἀπὸ
1704 3880 1884 3935 προσ-

296 3959 461 4014 ώπου
495 3957 606 4028 τῆς
652 3958 835 4030 ὀργῆς
882 3975 1020 4025 σου,
1067 3961 1178 4013 οὐκ
1213 3959 1386 4014 ἔστιν
1421 3958 1629 4029 εἰρήνη
1656 3961 1726 4015 ἐν
1755 3960 1882 4029 τοῖς

298 4051 534 4118 ὀστέοις
560 4070 679 4121 μου
722 4051 840 4106 ἀπὸ
878 4050 1201 4120 προσώπου
1254 4050 1375 4106 τῶν
1413 4050 1712 4122 ἁμαρτιῶν
1736 4071 1878 4123 μου.

298 4144 409 4216 Τὴν
439 4144 548 4216 γάρ
579 4144 758 4216 σάρκα
783 4160 907 4214 μου,
937 4142 1004 4197 δι’
1027 4139 1097 4214 ἧς
1121 4144 1435 4215 πέπρακταί
1461 4162 1551 4216 μοι
1586 4145 1649 4198 τὸ
1696 4145 1879 4216 άμάρ-

297 4254 469 4308 τημα,
510 4237 766 4291 κολάσεσι
820 4234 1115 4305 παρέδωκα
1156 4237 1569 4309 τιμωρούμενος
1622 4239 1878 4310 ἐμαυτόν.

298 4327 470 4383 Τοῦτο
489 4328 600 4402 γὰρ
625 4329 719 4384 καὶ
749 4327 936 4400 ἐδήλου
964 4327 1030 4381 δι’
1054 4327 1256 4401 ἐτέρων
1276 4330 1478 4400 λέγων’
1514 4332 1623 4385 Καὶ
1653 4333 1883 4387 ἐταπεί-

298 4438 450 4477 νουν
469 4421 538 4475 ἐν
556 4421 805 4488 νηστείᾳ
829 4418 946 4488 τὴν
967 4419 1178 4489 ψυχήν
1192 4438 1331 4491 μου’
1363 4422 1477 4487 καὶ,
1492 4425 1564 4478 Ἡ
1585 4423 1744 4493 σάρξ
1763 4443 1883 4496 μου
1916 4454 1960 4510 D

298 4513 596 4583 ἠλλοιώθη
610 4513 683 4566 δι’
704 4513 932 4568 ἔλαιον*
960 4513 1077 4579 καὶ,
1098 4515 1504 4586 Ἐπελαθόμην
1535 4517 1642 4571 τοῦ
1673 4518 1887 4590 φαγεῖν

299 4603 597 4674 τὸνάρτον
610 4623 728 4674 μου
752 4605 869 4661 ἀπὸ
897 4606 1225 4676 προσώπου
1254 4606 1362 4662 τοῦ
1390 4610 1727 4679 στεναγμοῦ
1741 4629 1884 4681 μου,

299 4696 395 4751 καὶ
440 4695 543 4748 ὅσα
592 4693 836 4749 τοιαῦτα.
892 4696 1036 4751 Ἀντὶ
1078 4697 1137 4751 δὲ
1187 4697 1298 4766 τῆς
1334 4696 1534 4769 ὁρτῆς,
1582 4700 1889 4771 συμφώνως

311 4786 543 4852 ’Δκύλας
592 4786 686 4841 καὶ
735 4789 764 4840 ὁ
820 4786 1134 4860 Σύμμαχος,
1215 4790 1348 4845 Ἀπὸ
1398 4792 1727 4860 προσώπου
1774 4793 1886 4863 τῆς

298 4877 703 4950 ἑμϐριμήσεώς
751 4895 888 4946 σου,
936 4883 1312 4953 ήρμήνευσαν.
1354 4884 1620 4956 Ἀπήρκει
1648 4883 1758 4956 γάρ
1793 4902 1884 4956 μοι

300 4972 335 5043 ἡ
364 4971 474 5026 άπὸ
492 4971 601 5026 τῶν
631 4970 739 5025 σῶν
772 4970 929 5025 θείων
961 4973 1194 5047 Γραφῶν
1225 4976 1581 5047 ὲμσρίμησις,
1610 4977 1705 5031 καὶ⁵
1733 4978 1766 5049 ἡ
1793 4976 1883 5031 διὰ

296 5063 395 5117 τοῦ
436 5062 727 5135 προσώπου
782 5064 971 5119 Ναθὰν
1018 5066 1241 5139 ἀπειλή.
1286 5068 1432 5121 Ἀντί
1458 5067 1515 5121 δὲ
1542 5068 1638 5123 τοῦ
1668 5085 1683 5100 ν
1747 5069 1882 5124 Ἀπὸ

298 5152 625 5222 προσώπου
654 5152 771 5207 τῶν
805 5154 1105 5224 ἁμαρτιῶν
1141 5174 1281 5227 μου,
1312 5161 1340 5212 ό
1364 5159 1660 5233 Σύμμαχος
1695 5162 1881 5234 ἡρμή-

298 5259 475 5309 νευσε,
538 5244 641 5299 Διά
668 5245 776 5312 τὰς
827 5245 1116 5316 ἁμαρτίας
1166 5265 1299 5316 μου.
1360 5251 1592 5306 ’Δτοπον
1637 5252 1694 5306 δὲ
1729 5252 1885 5306 οὐδὲν

1984 2829 2238 2885 cantibus
2269 2828 2406 2883 iram
2438 2828 2558 2899 ejus
2590 2828 2844 2893 edocent,
2871 2826 3089 2899 sagittis
3115 2824 3393 2880 acutiores
3416 2830 3565 2889 sunt,

1985 2930 2344 2995 punguntque
2392 2922 2820 2990 conscientiam;
2867 2936 3000 2978 sane
3053 2918 3262 2975 dixeris
3309 2915 3567 2972 Daxidem

1986 3015 2161 3071 sacris
2200 3016 2353 3072 hisce
2386 3030 2452 3070 ac
2493 3015 2699 3072 divinis
2743 3014 2962 3087 sagittis
3006 3015 3349 3080 confossum,
3380 3026 3566 3083 repre-

1987 3108 2307 3164 hensionem
2328 3123 2455 3163 cum
2488 3107 2673 3164 furore
2704 3108 2907 3163 illatam
2935 3109 3061 3179 jure
3091 3122 3401 3165 recusasse.
3429 3104 3567 3162 Nam

1987 3200 2095 3254 tela
2118 3199 2216 3255 abs
2248 3207 2302 3256 te
2330 3200 2462 3255 mihi
2503 3201 2772 3263 inuuissa.
2795 3202 2891 3267 ait,
2910 3217 3033 3273 qua:
3057 3201 3194 3256 iram
3229 3210 3283 3257 et
3326 3199 3567 3255 furorem

1985 3296 2142 3344 tuum
2188 3298 2605 3360 praevenerunt.
2638 3290 2973 3347 sufﬁcienter
3016 3291 3085 3345 de
3117 3306 3206 3345 me
3239 3290 3568 3361 supplicium

1991 3389 2238 3448 sumunt,
2273 3397 2338 3436 ac
2365 3382 2501 3438 satis
2551 3398 2638 3438 me
2666 3382 2940 3455 castigant.-
2974 3402 2988 3437 :
3022 3382 3117 3438 sed
3148 3383 3317 3437 etiam
3372 3394 3571 3435 manus

1991 3480 2085 3528 tua
2138 3489 2237 3545 per
2278 3474 2463 3531 illatas
2500 3472 2815 3545 frequenter
2867 3473 3210 3530 calamitates
3260 3486 3348 3527 me
3387 3471 3570 3527 conti-

1991 3567 2088 3635 git.

1997 3678 2065 3733 με
2100 3662 2317 3729 κολάζει
2340 3681 2354 3695 ’
2391 3663 2527 3717 ἀλλὰ
2550 3664 2645 3717 καὶ
2676 3665 2709 3735 ἡ
2739 3663 2861 3734 χείρ
2902 3680 2993 3717 σου
3026 3662 3310 3735 καθήψατο
3339 3658 3429 3715 διὰ
3461 3657 3571 3714 τῶν

2062 3865 2231 3922 Vens.
2272 3865 2327 3923 4.
2368 3865 2490 3920 Non
2531 3874 2609 3919 est
2661 3862 2869 3918 curatio
2911 3863 2966 3917 in
3006 3880 3165 3918 carne
3210 3880 3325 3919 mea
3366 3881 3400 3920 a
3434 3864 3572 3935 facie

1986 3961 2084 4015 ira:
2125 3970 2250 4025 ture,
2279 3970 2329 4015 et
2373 3976 2475 4014 non
2504 3967 2582 4013 est
2617 3972 2724 4027 pax
2750 3956 2961 4012 ossibus
2998 3958 3129 4012 meis
3160 3974 3192 4010 a
3220 3956 3358 4027 facie
3386 3974 3575 4027 ρεπεν

1987 4062 2163 4108 torum
2207 4068 2464 4107 meorum.
2505 4051 2740 4106 Carnem
2778 4050 2982 4120 quippe
3020 4064 3218 4116 meam,
3241 4065 3349 4121 qua
3376 4065 3573 4121 pecca-

1987 4153 2101 4198 tum
2134 4141 2355 4209 admisi,
2384 4139 2670 4212 suppliciis
2704 4140 2926 4208 tradidi,
2959 4139 3221 4194 ultionem
3261 4139 3331 4195 de
3358 4154 3445 4195 me
3478 4155 3573 4194 sn-

1988 4251 2162 4291 mens.
2195 4234 2313 4290 Hoc
2341 4236 2489 4291 enim
2543 4236 2598 4291 in
2648 4235 2773 4291 aliis
2819 4248 3041 4306 quoque
3070 4232 3209 4287 locis
3242 4230 3571 4303 signiﬁcavit

1987 4327 2179 4382 dicens
2214 4345 2227 4381 :
2261 4324 2331 4380 Et
2358 4325 2707 4380 humiliabam
2738 4326 2793 4379 in
2815 4324 3023 4395 jejunio
3057 4326 3479 4376 animammeam
3496 4321 3567 4388 ’σς

1989 4426 2044 4471 et
2077 4436 2089 4471 :
2135 4416 2276 4473 Caro
2334 4433 2451 4470 mea
2484 4418 2768 4470 immutata
2806 4424 2887 4469 est
2926 4421 3138 4482 propter
3167 4412 3337 4466 oleum
3372 4411 3565 4477 ";et:

1993 4506 2203 4562 Oblitus
2232 4523 2351 4561 sum
2395 4505 2662 4560 comedere
2693 4520 2882 4573 panem
2913 4518 3084 4556 meum
3111 4518 3145 4554 a
3171 4500 3319 4570 facie.
3346 4502 3569 4571 gemitus

1989 4601 2091 4654 mei
2116 4601 2186 4665 ",
2214 4607 2269 4655 et
2298 4599 2518 4655 similia.
2548 4597 2655 4652 Pro
2696 4604 2878 4652 autem
2930 4596 3049 4658 im,
3077 4593 3273 4665 Aquila
3323 4602 3378 4650 et
3407 4591 3569 4668 Sym-

1988 4692 2241 4757 machus,
2277 4709 2311 4746 a
2348 4691 2485 4761 facie
2513 4690 2755 4761 fremitus
2812 4688 2911 4753 tui,
2942 4686 3200 4744 similiter
3227 4688 3569 4760 interpretati

1989 4796 2139 4841 sunt.
2175 4784 2324 4840 Satis
2350 4784 2551 4854 quippe
2576 4782 2714 4839 mihi
2748 4787 2869 4837 erat
2903 4779 3163 4835 fremitus
3193 4779 3284 4835 ille
3309 4780 3404 4850 qui
3424 4779 3567 4834 diri-

1988 4876 2077 4931 nis
2108 4875 2412 4945 Scripturis
2437 4876 2547 4930 tuis
2592 4871 2933 4935 enuntiatur,
2960 4877 3016 4925 et
3066 4869 3443 4926 interminatio
3472 4884 3570 4940 per

1986 4968 2202 5025 Natba'n
2235 4959 2560 5041 prophetam
2593 4966 2786 5022 't‘acta.
2838 4964 2947 5021 Pro
2987 4964 3081 5019 illo
3131 4971 3338 5030 autem,
3370 4981 3404 5017 a
3432 4962 3568 5032 facie

1986 5069 2321 5133 peccatorum
2362 5075 2633 5124 meorum,
2685 5056 3071 5130 Symmachus,
3107 5068 3321 5128 propter
3354 5062 3566 5125 peccata

1985 5171 2124 5220 mea,
2161 5154 2551 5225 interpretatus
2608 5158 2713 5208 est.
2764 5150 2915 5205 Nihil
2946 5165 3113 5222 porro
3159 5147 3457 5207 absurdum
3484 5153 3568 5200 est

1984 5262 2111 5304 ossa
2135 5246 2471 5303 domesticos
2491 5260 2711 5301 vocare.
2739 5243 2876 5300 Nam
2900 5244 2947 5301 si
2979 5245 3116 5300 alter
3135 5243 3361 5301 alterius
3391 5252 3569 5295 mem-

298 5337 434 5391 ὀστᾶ
454 5337 580 5401 τοὺς
604 5339 837 5403 οἰκείους
860 5340 1176 5394 ἀποκαλεῖν.
1209 5342 1271 5395 Εἰ
1302 5341 1409 5416 γάρ
1434 5345 1602 5417 ἐσμεν
1636 5345 1883 5419 ἀλλήλων

1988 5340 2087 5396 bra
2112 5355 2329 5404 sumus,
2364 5347 2421 5395 et
2447 5338 2607 5409 quasi
2642 5338 2700 5395 in
2741 5353 2913 5394 unum
2951 5352 3157 5410 corpus
3185 5347 3375 5391 omnes
3414 5344 3567 5385 com.

303 5429 461 5502 μέλη,
489 5431 583 5485 καὶ
614 5430 690 5495 ὡς
721 5432 801 5485 ἑνὶ
845 5431 1049 5497 πάντες
1084 5432 1544 5507 κατελογίσθημεν
1586 5437 1797 5509 σώματι
1820 5437 1882 5490 τὸ

1990 5436 2295 5507 pingimur,
2325 5442 2474 5491 certe
2507 5449 2635 5491 ossa
2670 5434 2920 5506 singulos
2951 5433 3109 5489 nobis
3159 5426 3439 5499 proximos
3470 5438 3566 5493 ap-

372 5612 561 5698 ομιρι)
594 5631 664 5680 ιι,
702 5616 752 5669 εἰ.
782 5618 896 5698 ﬂ"
938 5617 1149 5698 gallos.-
1195 5631 1243 5670 τι
1269 5657 1283 5679 ,
1513 5622 1554 5653 ⁸⁷
1595 5619 1695 5678 Job
1726 5639 1812 5688 νι,
1869 5632 1883 5679 Α

1998 5624 2043 5657 θ’
2081 5620 2228 5680 Psal.
2287 5635 2451 5689 xxix,
2509 5618 2564 5676 7.
2641 5619 2686 5651 ⁸⁸
2725 5615 2855 5676 ibid.
2954 5613 2999 5643 ’°
3035 5607 3179 5665 Psal.
3224 5618 3410 5669 xxxiv,
3478 5604 3564 5665 t5.

305 5681 351 5715 ⁸⁸
391 5683 535 5742 Psal.
570 5704 738 5749 cvm.
774 5688 864 5745 ἰαί.
940 5681 996 5723 ’ί
1026 5688 1172 5747 Psal.
1205 5704 1254 5743 Cl
1276 5726 1290 5753 ,
