3980 6214
429 178 537 232 M3

1112 180 1382 241 EL'SEBII
1419 182 1902 242 ειεδΑιιιΕΝειιε
1934 182 2005 240 Ol

2124 183 2303 241 PARS
2333 184 2424 241 Ill.
2458 217 2526 228 —
2563 183 2970 243 EXEGETICA.

3576 186 3678 236 5M

430 293 634 364 pellars
661 294 935 352 convenit.
960 296 1226 354 Caeterum
1253 299 1369 356 haec
1404 315 1514 356 non
1549 301 1642 356 uni
1679 308 1873 357 sancto
1894 299 1999 355 Da-

2108 302 2377 376 ὶπεῖργον,
2406 301 2500 356 καὶ
2520 302 2654 357 ὀστᾶ
2683 302 2811 365 τοὺς
2834 299 2973 355 κατὰ
3007 298 3172 372 μέρος
3205 297 3300 352 καὶ
3328 295 3675 368 χρειωδεστά-

429 384 542 442 vidi
575 386 872 456 contigisse
895 387 1152 454 dicimus.
1183 390 1279 446 sed
1309 392 1474 448 etiam
1498 393 1686 449 multis
1711 394 1835 450 aliis
1857 413 1873 462 ;
1895 394 2004 450 imo

429 491 560 533 vero
589 475 858 548 hodieque
885 479 1094 536 sanctis
1126 480 1261 537 viris
1317 481 1556 553 idipsum
1606 482 1662 538 in
1701 484 2005 539 tentatione

427 564 647 625 accidit.
677 566 813 624 Nam
863 569 1250 642 inexspectata:
1303 573 1625 646 plerumque
1656 574 2005 647 calamitates

426 659 769 726 oboriuntur,
801 668 861 717 ut
894 662 1233 722 tolerabilius
1281 665 1355 722 sit
1396 666 1596 722 bellum
1654 668 1722 723 ab
1766 667 2007 725 inimicis

427 750 635 806 illatum
662 752 1096 823 propinquorum
1147 754 1374 826 impetu,
1399 771 1539 827 quos
1599 755 1842 813 diximus
1880 772 2007 814 ossa

425 843 635 914 tropice
680 853 904 902 vocatos
937 862 1081 921 esse.
1111 845 1270 914 Quod
1322 848 1369 904 si
1406 848 1522 905 haec
1567 850 1827 905 omnibus
1857 864 2007 904 com-

423 935 636 1000 munia,
667 938 978 995 communis
1027 938 1286 994 omnibus
1345 955 1479 995 sane
1539 938 1705 994 fuerit
1734 940 2007 996 orationis

423 1027 645 1085 modus.
681 1028 921 1086 Cuilibet
942 1046 1181 1102 namque
1209 1031 1608 1088 tentationibus
1639 1032 1909 1103 impelito,
1942 1046 2007 1087 ac

420 1119 664 1186 defesso,
695 1121 1049 1194 cupientique
1090 1122 1545 1195 tranquillitatem
1579 1138 1609 1178 a
1657 1122 1767 1179 Deo
1791 1124 2008 1179 obtine~

423 1226 504 1275 re.
539 1210 657 1267 haec
692 1214 939 1283 precatio
962 1213 1245 1276 convenit.

492 1302 659 1362 Vsus.
709 1304 744 1360 5
776 1334 805 1347 ο
852 1307 942 1364 l2.
996 1307 1262 1374 Quoniam
1304 1307 1609 1378 iniquitates
1652 1323 1781 1362 mea
1822 1321 2007 1375 super-

418 1416 614 1470 gressa:
666 1407 788 1455 sunt
824 1409 981 1469 caput
1022 1416 1213 1466 meum,
1250 1400 1387 1455 sicut
1441 1418 1573 1455 onus
1616 1417 1772 1472 grave
1803 1416 1999 1471 greea-

422 1501 491 1547 ιω
545 1501 668 1546 sunt
722 1506 878 1562 super
934 1508 1036 1549 me.
1098 1491 1425 1547 Putruerunt
1487 1506 1537 1547 et
1587 1500 1848 1560 corrupta:
1885 1500 2007 1546 sunt

419 1585 694 1640 cicatrices
738 1598 886 1640 mew.
927 1583 1024 1641 llis
1055 1584 1337 1646 docemur.
1368 1601 1438 1640 ne
1477 1584 1618 1640 mala
1657 1585 2001 1640 occultemus

2102 407 2227 454 τους
2263 390 2497 462 μάλιστα
2524 390 2725 460 λέγειν.
2775 389 2922 461 Πλὴν
2942 388 3063 460 οὐχὶ
3094 387 3241 458 μόνῳ
3270 385 3442 440 ταῦτα
3466 384 3677 457 συμϐῆ-

2103 482 2192 536 ναί
2226 499 2404 553 φαμεν
2442 481 2522 553 τῷ
2555 481 2831 552 θεσπεσίῳ
2863 479 3044 543 Δαυῒδ,
3084 478 3219 534 ἀλλά
3255 476 3366 550 γὰρ
3399 477 3492 530 καὶ
3526 476 3677 530 πλεί-

2106 591 2249 639 στοις
2273 576 2505 647 ἑτέροις·
2530 573 2730 647 μᾶλλον
2750 573 2808 628 δὲ
2830 574 2924 628 καὶ
2951 573 3029 638 εἰς
3048 570 3206 644 δεῦρο
3233 570 3529 643 πράττεται
3556 585 3677 621 πει-

2109 666 2420 739 ραζομένων
2447 666 2635 736 άγῖων.
2694 665 2971 736 ’Λδόκητοι
3017 663 3127 736 γὰρ
3166 661 3513 734 περιστάσεις
3549 662 3679 715 dva-

2106 757 2328 830 φύονται
2375 758 2655 824 πολλάκις,
2710 758 2850 813 ὥστε
2896 755 3355 829 δυσφορητότερον
3400 749 3541 808 εἶναι
3582 752 3677 807 τοῦ

2105 850 2235 921 παρ’
2262 848 2471 923 ἐχθρῶν
2499 850 2735 921 πολέμου
2757 848 2859 914 τὰς
2880 849 2987 903 τῶν
3017 847 3235 902 οἰκείων
3259 845 3675 908 ἐπαναστάσεις,

2104 940 2198 1005 οὓς
2222 942 2317 995 καὶ
2340 941 2474 995 ὀστᾶ
2488 958 2669 1013 φαμεν
2688 940 3001 1013 ὠνομάσθαι
3021 936 3317 1014 τροπικῶς.
3338 935 3478 990 Εἰδέ
3506 934 3679 988 ἅπασι

2103 1033 2275 1088 ταῦτα
2308 1032 2481 1099 κοινὰ,
2508 1034 2683 1098 κοινὸς
2712 1033 2778 1088 ἂν
2814 1034 2899 1104 εἴη
2933 1031 3148 1086 πάντων
3181 1029 3280 1101 τῆς
3311 1027 3623 1099 προσευχῆς
3650 1027 3681 1079 ό

2102 1125 2321 1197 τρόπος.
2335 1126 2504 1180 Παντὶ
2518 1126 2625 1199 γὰρ
2640 1125 2869 1199 ἁρμόζει
2886 1141 2953 1179 πε
2961 1121 3264 1196 ιραζομένῳ
3286 1122 3381 1177 καὶ
3394 1120 3680 1191 κάμνοντι,

2102 1216 2408 1289 γλιχομὲνῳ
2434 1234 2493 1271 τε
2526 1220 2705 1289 τυχεῖν
2739 1217 3075 1289 ἡμερότητος
3100 1215 3199 1286 τῆς
3223 1212 3375 1285 παρὰ
3397 1210 3557 1266 Θεοῦ.

2176 1310 2306 1365 Ὀτι
2354 1312 2415 1363 al
2464 1311 2702 1379 ἀνομίαι
2744 1327 2863 1380 μου
2900 1306 3207 1378 ὑπερῆραν
3254 1306 3370 1370 τὴν
3405 1303 3683 1375 κεφαλήν

2097 1420 2254 1473 μου,
2310 1402 2456 1458 ὡσεὶ
2510 1404 2758 1473 φορτίον
2780 1401 2942 1470 ,ϐαρὺ
2978 1401 3396 1470 ἐϐαρύνθησαν
3418 1398 3513 1452 ἐπ’
3552 1395 3681 1467 ἐμέ.

2103 1495 2499 1565 Προσώζεσαν
2524 1496 2623 1550 καὶ
2660 1494 2983 1563 ἐσάπησαν
3025 1496 3075 1547 ol
3095 1491 3385 1562 μώλωπές
3409 1507 3551 1560 μου.
3581 1489 3684 1543 Ach

2103 1586 2312 1644 τούτων
2372 1589 2613 1645 διδάσκει
2666 1589 2815 1660 ἡμᾶς
2868 1590 2898 1641 ό
2938 1586 3114 1656 λόγος,
3162 1584 3238 1656 μὴ
3296 1583 3561 1655 κρύπτειν
3608 1581 3683 1637 τὰ

420 1684 633 1740 nostra.
647 1691 752 1732 neu
778 1686 996 1748 peccata
1014 1693 1115 1733 ceu
1131 1677 1418 1748 quemdam
1440 1677 1712 1747 nigrorem
1742 1686 1793 1732 et
1816 1690 2001 1731 corru—

2108 1683 2316 1739 ἐαυτῶν
2348 1681 2514 1748 κακὰ,
2562 1682 2682 1755 μηδ’
2720 1681 2910 1753 ὥσπερ
2948 1680 3069 1734 τινὰ
3119 1677 3372 1751 μελανίαν
3397 1678 3492 1731 καὶ
3518 1675 3686 1746 σῆψιν

421 1773 660 1846 ptionem
683 1771 1156 1827 iuintimoanimae
1184 1768 1597 1825 concludamus.
1622 1768 1755 1826 Tota
1773 1769 1859 1824 die
1877 1785 2005 1824 con-

421 1870 666 1924 tristatus
698 1866 1053 1937 ingrediebar,
1083 1867 1331 1937 quoniam
1348 1867 1527 1921 anima
1553 1883 1668 1922 mea
1697 1868 1913 1936 impleta
1926 1876 2003 1923 est

420 1958 762 2014 illusionibus
786 1956 1142 2011 illudentiun'.
1177 1956 1269 2011 Sic
1290 1972 1456 2028 porro
1484 1956 1783 2028 intelligas:
1801 1972 1925 2013 cum
1949 1958 2003 2013 in

419 2049 581 2106 titulo
606 2048 969 2122 signiﬁcasset
984 2049 1251 2119 psalmum
1272 2049 1325 2104 in
1343 2051 1832 2104 rememorationem
1857 2066 2001 2118 esse,

417 2136 544 2209 jure
569 2138 699 2193 illuc
729 2138 1049 2202 remittitur,
1086 2146 1141 2195 et
1170 2154 1293 2209 qua:
1323 2139 1430 2195 sibi
1453 2140 1564 2209 jam
1595 2140 1724 2195 olim
1754 2141 1994 2211 contige-

420 2238 546 2286 rant
575 2229 793 2301 repetit.
818 2229 987 2286 Docet
1012 2230 1139 2286 item
1163 2232 1382 2302 qualem
1410 2231 1465 2286 in
1486 2232 1855 2289 conditionem
1880 2242 2005 2306 post

421 2320 638 2390 lapsum
665 2318 1185 2390 peccati'devenerit
1212 2339 1225 2375 :
1251 2337 1358 2393 qua
1381 2322 1449 2378 de
1470 2337 1639 2379 causa
1663 2332 1829 2379 totam
1859 2325 2002 2380 banc

419 2409 826 2468 confessionem
872 2410 1005 2468 edit.
1046 2409 1104 2467 In
1142 2413 1259 2468 haec
1304 2415 1511 2479 omnia,
1554 2416 1753 2487 inquit,
1807 2416 2000 2482 incidi.

417 2498 551 2572 quia
582 2498 819 2571 quodam
847 2506 1116 2579 tempore,
1149 2500 1255 2557 Cor
1286 2519 1459 2558 meum
1485 2506 1859 2561 conturbatum
1896 2517 1998 2573 est.

418 2601 470 2648 st
521 2589 798 2662 dereliquit
846 2608 927 2647 me
972 2595 1140 2648 virtus
1190 2610 1342 2658 mea,
1397 2604 1448 2650 et
1501 2596 1677 2652 lumen
1724 2598 1998 2653 oculorum

421 2700 654 2741 mrum
700 2693 751 2737 et
791 2683 965 2754 ipsum
1008 2702 1111 2739 non
1150 2696 1265 2741 erat
1327 2704 1548 2744 mecum.
1611 2688 1746 2744 Nam
1791 2693 2000 2761 peccati

422 2787 666 2849 tempore
694 2775 779 2831 vis
815 2791 934 2831 mea
966 2776 1304 2844 intelligendi
1347 2794 1453 2834 non
1489 2795 1709 2851 parvam
1744 2797 2003 2854 perpessa

422 2878 512 2927 est
538 2866 945 2933 confusionem,
976 2870 1237 2940 perplexa
1279 2877 1334 2925 et
1365 2871 1661 2927 obscurata
1705 2875 1775 2929 ab
1803 2890 1871 2931 eo
1907 2878 2002 2947 qui

423 2962 634 3033 peccati
674 2960 807 3017 mihi
859 2970 1053 3016 auctor
1101 2961 1297 3019 fuerat.
1357 2962 1510 3020 Tunc
1565 2966 1767 3039 quippe
1801 2969 2001 3026 dereli-

2106 1773 2248 1827 κατὰ
2291 1772 2487 1844 βάθους
2524 1772 2626 1844 τῆς
2675 1772 2853 1844 ψυχῆς
2894 1771 3139 1843 συνέχειν
3194 1769 3261 1823 τά
3286 1768 3685 1841 ἁμαρτήματα.

2108 1867 2303 1935 Ὅλην
2349 1865 2465 1934 τὴν
2509 1864 2738 1935 ἡμέραν
2788 1860 3223 1932 σκυθρωπάζων
3273 1860 3651 1929 ἐπορευόμην
3667 1898 3684 1923 ,

2103 1956 2195 2012 ὅτι
2220 1958 2259 2026 ἠ
2287 1956 2457 2027 ψυχή
2485 1973 2604 2026 μου
2636 1954 2982 2023 ἐνεπλήσθη
3014 1949 3358 2024 ἐμπαιγμῶν
3374 1948 3690 2019 ἐμπαιζόν-

2104 2066 2243 2105 των.
2274 2049 2509 2121 Νοήσεις
2535 2047 2593 2103 δὲ
2637 2046 2734 2101 καὶ
2765 2045 2958 2110 οὕτως,
2995 2041 3584 2117 προεπισημηνάμενος
3624 2040 3689 2093 ἐν

2102 2141 2169 2211 τῇ
2204 2140 2518 2211 προγραφῇ,
2549 2137 2624 2203 ὼς
2674 2137 2782 2209 άρα
2821 2136 2906 2207 εἰη
2939 2138 3027 2203 είς
3054 2133 3413 2204 ἀνάμνησιν,
3457 2131 3690 2196 εἰκότως

2103 2227 2582 2299 ἀναπεμπάζεται,
2644 2228 2738 2280 καὶ
2780 2226 2848 2281 τὰ
2876 2225 3044 2279 πάλαι
3089 2220 3239 2293 αὐτῷ
3296 2219 3684 2292 συμεεὸηκότα

2103 2318 2568 2391 ἐπαναλαμϐάνει.
2623 2317 2874 2372 Διδάσκει
2909 2332 2969 2369 τε
3012 2316 3069 2367 ἐν
3115 2307 3196 2377 οἷς
3224 2313 3435 2381 γέγονε,
3477 2309 3556 2379 τῷ
3581 2308 3686 2377 τῆς

2105 2411 2376 2484 ἁμαρτίας
2399 2411 2596 2482 όλίσθῳ
2625 2401 3031 2483 περιπεσὼν,οὗ
3064 2406 3223 2479 χάριν
3257 2404 3351 2459 καὶ
3375 2404 3474 2476 τὴν
3502 2404 3687 2456 πᾶσαν

2103 2505 2336 2557 ποιεῖται
2356 2502 2762 2574 ἐξομολόγησιν.
2786 2502 2880 2566 Εἰς
2904 2499 3076 2554 ταῦτα
3096 2499 3207 2571 γάρ
3221 2498 3398 2553 πάντα
3427 2494 3684 2566 ἐλήλυθα,

2102 2594 2290 2666 φησιν,
2326 2594 2627 2667 ἐπειδήπερ
2672 2592 2849 2664 καιρῷ
2894 2610 2999 2646 τινι
3055 2592 3117 2647 Ἠ
3148 2589 3362 2659 καρδία
3394 2605 3512 2658 μου
3551 2588 3689 2641 ἐτα-

2095 2686 2313 2757 μιχθη,
2352 2687 2451 2742 καὶ
2495 2683 2876 2757 ἐγκατέλειπέ
2909 2701 2987 2755 με
3018 2685 3056 2753 ἠ
3092 2684 3269 2753 ἰσχύς
3305 2699 3447 2752 μου,
3481 2679 3578 2732 καὶ
3615 2678 3684 2732 τὸ

2103 2778 2229 2848 φῶς
2247 2779 2366 2836 τῶν
2381 2776 2706 2849 ὀφθαλμῶν
2716 2796 2857 2849 μου,
2884 2776 3138 2832 καὶαύτύ
3159 2778 3271 2830 οὐκ
3284 2772 3364 2846 ἦν
3370 2773 3497 2845 μετ’
3511 2771 3680 2843 ἐμοῦ.

2104 2872 2261 2927 Κατὰ
2298 2873 2408 2945 γάρ
2438 2872 2528 2926 τὸν
2561 2873 2659 2944 τῆς
2694 2871 2968 2944 ἁμαρτίας
3019 2869 3209 2942 καιρὸν
3245 2871 3306 2923 οὐ
3337 2866 3541 2940 μικρὰν
3582 2867 3686 2920 ὑπ-

2105 2964 2318 3036 έμεινεν
2348 2962 2514 3018 αὐτοῦ
2540 2963 2782 3035 ταραχὴν
2803 2964 2864 3017 τὸ
2891 2962 3253 3033 διανοητικόν,
3290 2959 3558 3031 συγχυθὲν
3591 2959 3685 3013 καὶ

422 3023 545 3124 quit
572 3068 699 3110 elun
728 3053 905 3109 virtus
943 3053 1105 3124 ejus:
1132 3070 1243 3110 non
1278 3055 1421 3111 ultra
1446 3023 1598 3112 enini
1628 3023 1812 3117 dicere
1846 3070 2002 3132 pote-

2108 3023 2380 3113 σκπωθέν
2405 3057 2512 3111 ὑπὸ
2532 3023 2627 3110 tofi
2656 3023 2754 3128 τῖγᾷ
2785 3023 3456 3126 ἀμαρτίανένεργοῦντος,
3489 3051 3568 3115 ὡς
3592 3057 3686 3104 καὶ

423 3151 530 3209 rat,
566 3144 760 3201 Omnia
792 3159 1006 3214 possum
1039 3146 1093 3200 in
1131 3163 1191 3202 eo
1210 3148 1300 3220 qui
1334 3164 1414 3204 me
1442 3149 1797 3220 confortat”,
1827 3152 2005 3210 victus

423 3236 637 3295 scilicet
682 3253 714 3292 a
766 3247 918 3295 motu
960 3239 1151 3305 animi,
1206 3254 1272 3296 ac
1315 3241 1527 3299 viribus
1573 3242 1893 3300 destitutus.
1938 3243 2007 3302 Et

423 3342 554 3384 vero
584 3326 731 3382 aliud
778 3327 1059 3399 quidpiam
1112 3328 1244 3383 mibi
1273 3345 1536 3402 pergrave
1585 3332 1827 3389 oblatum
1873 3343 2001 3391 est:

421 3435 552 3478 nam
582 3420 757 3478 lumen
797 3422 1071 3479 oculorum
1111 3439 1365 3487 meorum,
1394 3424 1470 3495 (id
1499 3432 1618 3479 erat
1655 3425 2008 3495 prepheticus

422 3514 671 3588 spiritus,
689 3515 784 3586 qui
814 3515 1009 3571 anima:
1027 3514 1148 3586 ejus
1174 3515 1350 3571 visum
1382 3516 1736 3581 illustrabat),
1760 3528 1809 3572 et
1835 3518 2007 3586 ipsum

422 3622 529 3662 non
576 3615 691 3660 erat
734 3622 979 3661 mecum:
1012 3623 1100 3662 me
1125 3606 1326 3680 quippe
1369 3608 1687 3679 reliquerat,
1733 3623 1797 3664 ac
1824 3625 2008 3665 reces-

424 3707 602 3768 serat;
634 3700 762 3771 quia
803 3700 860 3754 in
893 3700 1207 3757 malevolam
1240 3702 1475 3757 animam
1508 3718 1612 3756 non
1641 3702 1884 3757 introibit
1917 3689 2010 3759 sa-

421 3793 641 3861 pientia,
702 3808 794 3846 nec
828 3791 1089 3846 habitabit
1131 3792 1182 3847 in
1236 3809 1453 3862 corpore
1506 3792 1717 3849 subdito
1754 3797 2003 3863 peccatis.

426 3884 659 3954 Spiritus
703 3884 843 3939 enim
885 3894 1102 3939 sanctus
1141 3882 1435 3953 disciplina:
1478 3885 1693 3956 eﬂ'ugiet
1721 3885 1925 3952 dolum,
1958 3896 2009 3942 et

425 3977 629 4047 auferet
656 3994 710 4033 se
738 3995 770 4031 a
797 3976 1204 4047 cogitationibus
1232 3993 1348 4048 qua:
1369 3987 1493 4032 sunt
1518 3979 1631 4033 sine
1653 3980 1923 4036 intellecm
1938 3982 2008 4034 ’⁸.

425 4073 543 4127 lmo
569 4070 734 4126 etiam
772 4071 867 4141 qui
899 4079 1061 4126 antea
1100 4069 1264 4124 amici
1292 4077 1348 4125 et
1390 4073 1625 4141 proximi
1672 4073 1793 4142 ejus
1824 4083 2004 4136 erant.

424 4163 523 4237 qui
551 4178 676 4217 cum
702 4161 823 4233 ipso
846 4161 998 4217 omni
1025 4169 1274 4232 tempore
1305 4161 1597 4233 degebant,
1630 4179 1696 4218 eo
1726 4165 1917 4221 relicto
1944 4168 2008 4219 de

423 4255 580 4329 longe
620 4262 902 4321 steterunt,
954 4269 1076 4310 cum
1110 4254 1401 4324 nequirent
1448 4254 1592 4309 ultra
1641 4255 1744 4325 ipsi
1776 4254 2003 4325 adesse;

2106 3154 2188 3216 εἰς
2208 3150 2519 3224 ἀφροσύνην
2557 3152 2742 3203 πεσεῖν
2774 3150 2870 3203 καὶ
2908 3148 3166 3219 πράττειν
3183 3144 3494 3217 ἀφροσύνης
3527 3144 3682 3216 ἔργα.

2108 3243 2241 3299 Τότε
2269 3242 2327 3298 δὲ
2352 3243 2447 3297 καὶ
2472 3240 2859 3311 ἐγκατέλειπεν
2889 3241 3052 3294 αὑτὸν
3075 3240 3109 3313 ἡ
3143 3239 3295 3310 ἰσχὺς
3330 3236 3528 3291 αὑτοῦ·
3559 3238 3688 3290 οὐκ·

2106 3334 2187 3391 έτι
2208 3333 2317 3407 γάρ
2352 3328 2463 3399 οἷός
2488 3351 2547 3388 τε
2563 3330 2630 3406 ἦν
2659 3333 2838 3403 λέγειν
2855 3349 2869 3363 ⁸
2895 3331 3097 3387 Πάντα
3118 3330 3306 3402 ἰσχύω
3324 3328 3487 3395 ἐντῷ
3514 3328 3691 3383 ἐνδυ-

2105 3427 2395 3497 ναμοῦντί
2414 3443 2513 3497 με,
2545 3426 2788 3498 νικηθεὶς
2816 3424 2921 3480 ὑπὸ
2947 3423 3040 3478 τοῦ
3069 3422 3271 3487 πάθους
3310 3423 3403 3477 καὶ
3432 3420 3689 3490 ἐξατονή-

2108 3534 2227 3581 σας.
2249 3518 2360 3574 Καὶ
2389 3516 2516 3572 ἄλλο
2542 3516 2598 3570 δέ.
2631 3533 2708 3579 τι,
2732 3515 2884 3585 φησὶ,
2910 3514 3146 3584 χαλεπὸν
3174 3513 3299 3585 περί
3328 3512 3427 3583 ἐμέ
3459 3509 3651 3579 γέγονε
3671 3527 3687 3540 ο

2112 3608 2185 3664 Τὸ
2236 3609 2345 3681 γὰρ
2403 3608 2528 3679 φῶς
2556 3607 2673 3662 τῶν
2705 3605 3029 3677 ὀφθαλμῶν
3052 3623 3172 3675 μου
3222 3603 3399 3675 (τοῦτο
3432 3602 3489 3658 δὲ
3524 3598 3592 3673 ἦν
3626 3601 3694 3656 τὸ

2108 3702 2444 3777 προφητικὸν
2467 3701 2704 3772 πνεῦμα,
2730 3700 2793 3753 τὸ
2814 3698 3047 3769 φωτίζον
3067 3698 3228 3754 αὐτοῦ
3252 3697 3354 3768 τῆς
3383 3695 3559 3771 ψυχῆς
3589 3695 3692 3767 τὴν

2105 3798 2313 3869 ὅρασιν)
2349 3796 2445 3851 καί
2487 3793 2631 3849 αὐτὸ
2681 3796 2792 3848 οὐκ
2830 3789 2909 3864 ἦν
2926 3794 3052 3862 μετ’
3077 3791 3243 3860 ἐμοῦ,
3269 3789 3599 3859 καταλεῖψάν
3620 3805 3690 3859 με

2107 3891 2202 3944 καὶ
2226 3888 2588 3960 ἁναχωρῆσαν
2605 3905 2617 3918 ·
2646 3886 2766 3940 ἐπεὶ
2792 3888 2881 3953 είς
2908 3887 3283 3955 κακότεχνον
3319 3882 3533 3953 ψυχὴν
3578 3885 3693 3935 οὐκ

2106 3984 2516 4038 εἰσελεύσεται
2550 3981 2770 4051 σοφία·
2801 3978 2945 4035 οὐδὲ
2980 3977 3325 4045 κατοικήσει
3370 3978 3440 4031 ὲν
3463 3975 3695 4046 σώματι

2107 4074 2410 4145 κατάχρεφ
2443 4073 2783 4144 ἁμαρτίαις·
2818 4071 2988 4141 ἅγιον
3015 4074 3124 4141 γάρ
3148 4070 3389 4139 Πνεῦμα
3420 4067 3695 4133 παιδείας

2106 4168 2389 4239 φεύξεται
2419 4167 2625 4233 δόλον,
2667 4166 2766 4221 καὶ
2808 4163 3306 4231 ιίπαναστήσεται
3350 4164 3468 4219 ἀπὸ
3527 4166 3696 4232 λογι-

2107 4258 2279 4329 σμῶν
2310 4256 2642 4313 ἀσυνέτων.
2684 4255 2846 4310 Ἀλλά
2873 4255 2968 4310 καὶ
2993 4255 3043 4308 οἰ
3066 4254 3331 4327 πρότερον
3352 4253 3517 4308 αὐτοῦ
3547 4252 3695 4321 φίλοι

426 4350 524 4409 sed
561 4350 775 4421 procul,
813 4348 961 4405 illam
1006 4346 1164 4403 amici
1218 4347 1303 4402 sui
1351 4346 1717 4403 calamitatem
1750 4348 2004 4420 deplora-

2108 4352 2202 4406 καὶ
2262 4349 2488 4422 πλησίον
2526 4347 2714 4413 αὐτοῦ,
2762 4350 2813 4402 οἰ
2857 4347 2949 4400 τὸν
2982 4345 3276 4417 σύμπαντα
3317 4346 3506 4417 χρόνον
3542 4343 3698 4414 αὐτῷ

423 4442 578 4500 baut.
605 4440 839 4509 Quinam
861 4440 964 4504 illi,
1003 4439 1110 4495 nisi
1143 4440 1236 4511 qui
1274 4454 1448 4511 nuper
1474 4438 1542 4494 de
1575 4439 1736 4497 bonis
1768 4441 1889 4511 ejus
1914 4444 2003 4497 lte-

425 4534 708 4599 tabantur,
738 4533 993 4590 videlicet
1024 4533 1203 4605 angeli
1226 4532 1353 4588 boni
1392 4547 1457 4587 ac
1488 4533 1725 4589 ministri
1767 4532 1884 4597 Dei.
1910 4536 2002 4606 qui

427 4627 496 4682 de
534 4625 817 4681 hominum
871 4628 1047 4683 salute
1086 4640 1194 4682 una
1239 4624 1476 4696 gaudere
1528 4626 1747 4691 solent?
1795 4626 2007 4693 Quibus

427 4716 622 4791 procul
667 4732 757 4774 me
801 4719 1022 4788 positis,
1079 4718 1171 4772 alii
1214 4718 1438 4787 quidam
1470 4720 1679 4789 peccati
1728 4729 2004 4787 auctores,

428 4824 602 4885 prope
640 4816 852 4865 stantes
893 4812 1002 4865 vim
1041 4808 1314 4866 faciebant
1356 4818 1412 4866 et
1465 4812 1661 4869 animai
1708 4813 2008 4873 illudebant

427 4916 583 4958 metu.
618 4898 682 4955 Hi
715 4916 951 4972 namque
978 4902 1109 4956 olim
1160 4902 1411 4958 sitientes
1444 4904 1764 4974 sanguinem
1801 4923 2006 4973 meum.

430 5003 594 5066 atque
638 5009 670 5048 a
712 4992 890 5065 longis
937 5003 1089 5051 retro
1116 4996 1456 5066 temporibus
1496 5007 1851 5069 pet-optantes
1898 5005 2011 5059 rui-

429 5101 557 5145 nam
578 5085 765 5143 videre
793 5100 995 5152 meam,
1024 5087 1184 5157 quasi
1207 5087 1670 5158 opportunitatem
1694 5093 1862 5155 nacti,
1884 5107 2009 5148 cum

429 5181 681 5237 viderent
720 5179 978 5235 virtutem
1022 5193 1200 5235 meam
1253 5195 1341 5237 me
1392 5180 1778 5252 dereliquisse,
1821 5193 1877 5241 et
1926 5186 2011 5242 lu~

429 5286 555 5328 men
603 5270 891 5326 oculorum
940 5284 1187 5325 meorum
1228 5286 1259 5324 a
1308 5285 1395 5326 me
1433 5272 1750 5336 recessisse,
1795 5275 2005 5331 amicos

430 5379 650 5437 quoque
688 5371 743 5419 et
775 5363 1055 5435 proximos
1104 5363 1264 5433 longe
1310 5373 1573 5429 remotos,
1603 5364 1893 5422 confestim
1940 5368 2015 5422 ir-

433 5466 661 5516 ruentes
689 5458 798 5515 vim
834 5456 1107 5515 faciebant
1137 5456 1335 5513 anima:
1378 5472 1549 5525 mete;
1585 5472 1648 5515 ac
1681 5466 1869 5531 utpote
1908 5474 2018 5515 ma-

509 5640 555 5673 ’³
591 5638 827 5711 Philipp.
864 5656 936 5707 tv,
975 5637 1059 5696 15.
1136 5638 1181 5673 ”
1221 5635 1348 5710 Sap.
1390 5655 1442 5707 ι,
1476 5639 1527 5707 ι,
1562 5637 1617 5696 5.

2113 4443 2383 4508 συνόντες,
2413 4442 2670 4504 ἐάσαντες
2692 4440 2853 4495 αὑτὸν
2876 4440 3178 4510 μακρόθεν
3198 4440 3489 4505 ἔστησαν,
3513 4434 3707 4491 citust"

2112 4535 2262 4608 αὐτῷ
2294 4538 2529 4590 συνεῖναι
2554 4533 2861 4603 δυνάμενοι,
2904 4531 3183 4604 πόρρωθεν
3210 4531 3267 4586 δέ
3294 4529 3696 4599 ἀποκλᾳόμενοι

2112 4628 2189 4692 ὡς
2210 4628 2412 4683 οἰκείου
2438 4625 2592 4697 φίλου
2621 4624 2929 4696 συμφοράν.
2966 4622 3122 4687 Τίνες
3142 4623 3187 4677 δ’
3212 4618 3350 4694 ἦσαν
3387 4616 3533 4676 οὗτοι
3578 4620 3697 4674 ἀλλ’

2113 4720 2147 4792 ἢ
2195 4722 2245 4773 οἰ
2285 4720 2378 4774 ἐπὶ
2426 4722 2539 4784 τοῖς
2594 4717 2877 4791 προτέροις
2905 4716 3132 4785 ἀγαθοῖς
3173 4713 3339 4770 αὐτοῦ
3386 4714 3696 4797 χαίροντες,

2115 4812 2335 4881 ἄγγελοι
2371 4812 2572 4884 δηλαδὴ
2600 4810 2797 4880 ἀγαθοὶ
2828 4810 2923 4865 καὶ
2956 4810 3258 4883 λειτουργοί
3290 4807 3447 4874 Θεοῦ,
3483 4810 3550 4878 τῇ
3586 4808 3701 4861 τῶν

2116 4904 2420 4977 ἀνθρώπων
2472 4904 2787 4976 συγχαίρειν
2833 4902 3084 4966 εἰωθότες
3123 4902 3406 4975 σωτηρίας
3456 4895 3558 4953 Ὦν
3589 4917 3700 4970 μα-

2118 4996 2257 5071 κράν
2286 5016 2386 5070 μου
2416 4998 2742 5069 γενομένων,
2769 4996 2918 5053 ἄλλοι
2945 4996 3088 5062 τινές
3114 4996 3213 5068 τὴν
3250 4991 3525 5069 ἁμαρτίαν
3551 4993 3703 5064 ἐνερ-
3808 5050 3815 5061 η

2118 5088 2362 5160 γοῦντες,
2392 5089 2617 5161 πλησίον
2645 5106 2746 5160 μου
2776 5088 3077 5161 γενόμενοι,
3115 5085 3453 5153 ἐξεδιάζοντο
3484 5082 3701 5154 καὶτῆς

2117 5183 2255 5254 ἐμῆς
2282 5182 2459 5253 ψυχῆς
2507 5180 2855 5245 κατέπαιζον.
2897 5179 3068 5234 Πάλαι
3095 5178 3203 5249 γὰρ
3241 5168 3385 5230 οὗτοι
3436 5172 3701 5244 διψῶντες

2116 5274 2209 5329 τοῦ
2231 5274 2365 5346 ἐμοῦ
2386 5275 2631 5345 αἵματος,
2673 5274 2766 5327 καὶ
2798 5275 2863 5326 ἐκ
2907 5270 3132 5343 μακρῶν
3173 5268 3381 5341 χρόνων
3415 5264 3701 5336 εὐχόμενοι

2120 5364 2415 5420 θεάσασθαί
2450 5382 2551 5436 μου
2575 5364 2673 5437 τὴν
2703 5362 2929 5427 πτῶσιν,
2945 5362 3143 5416 ὡσανεὶ
3168 5357 3362 5431 καιροῦ
3384 5356 3699 5428 λαϐόμενοι,

2123 5459 2211 5513 ὅτε
2254 5454 2393 5513 εἶδον
2448 5456 2882 5514 καταλείπουσάν
2920 5472 2987 5528 με
3017 5455 3119 5528 τὴν
3149 5454 3324 5527 ἰσχὺν,
3360 5452 3456 5509 καὶ
3493 5450 3558 5505 τὸ
3585 5446 3704 5519 φῶς
