  <div class='ocr_page' id='page_1' title='image "/cluster/home/n/w/nwhite01/storage/ocr_20150623/23/hvd.32044073501116/178.png"; bbox 0 0 3992 6216; ppageno 0'>
   <div class='ocr_carea' id='block_1_1' title="bbox 225 245 332 305">
    <p class='ocr_par' dir='ltr' id='par_1_1' title="bbox 225 245 332 305">
     <span class='ocr_line' id='line_1_1' title="bbox 225 245 332 305; baseline -0.009 0"><span class='ocrx_word' id='word_1_1' title='bbox 225 245 332 305; x_wconf 68' lang='lat'><strong>345</strong></span> 
     </span>
    </p>
   </div>
   <div class='ocr_carea' id='block_1_2' title="bbox 1356 258 2345 341">
    <p class='ocr_par' dir='ltr' id='par_1_2' title="bbox 1356 258 2345 341">
     <span class='ocr_line' id='line_1_2' title="bbox 1356 258 2345 341; baseline 0.007 -26"><span class='ocrx_word' id='word_1_2' title='bbox 1356 258 1856 341; x_wconf 63' lang='lat' dir='ltr'><strong>COMMENTARIA</strong></span> <span class='ocrx_word' id='word_1_3' title='bbox 1897 262 1966 319; x_wconf 81' lang='lat' dir='ltr'><strong>IN</strong></span> <span class='ocrx_word' id='word_1_4' title='bbox 2005 264 2345 324; x_wconf 80' lang='lat' dir='ltr'><strong>PSALMOS.</strong></span> 
     </span>
    </p>
   </div>
   <div class='ocr_carea' id='block_1_3' title="bbox 3379 280 3483 338">
    <p class='ocr_par' dir='ltr' id='par_1_3' title="bbox 3379 280 3483 338">
     <span class='ocr_line' id='line_1_3' title="bbox 3379 280 3483 338; baseline 0.029 -3"><span class='ocrx_word' id='word_1_5' title='bbox 3379 280 3483 338; x_wconf 64' lang='lat'><strong>556</strong></span> 
     </span>
    </p>
   </div>
   <div class='ocr_carea' id='block_1_4' title="bbox 220 366 1776 457">
    <p class='ocr_par' dir='ltr' id='par_1_4' title="bbox 220 366 1776 451">
     <span class='ocr_line' id='line_1_4' title="bbox 220 366 1776 451; baseline 0.01 -33"><span class='ocrx_word' id='word_1_6' title='bbox 220 366 638 442; x_wconf 67' lang='grc' dir='ltr'>τώνόρθαλμῶν</span> <span class='ocrx_word' id='word_1_7' title='bbox 662 389 791 445; x_wconf 52' lang='grc' dir='ltr'>ςμου</span> <span class='ocrx_word' id='word_1_8' title='bbox 818 373 1182 449; x_wconf 79' lang='grc' dir='ltr'>ἀναχωρῆσάν</span> <span class='ocrx_word' id='word_1_9' title='bbox 1214 395 1337 449; x_wconf 90' lang='grc' dir='ltr'>μου,</span> <span class='ocrx_word' id='word_1_10' title='bbox 1360 377 1486 445; x_wconf 88' lang='grc' dir='ltr'>τούς</span> <span class='ocrx_word' id='word_1_11' title='bbox 1522 397 1582 434; x_wconf 86' lang='grc' dir='ltr'><strong>τε</strong></span> <span class='ocrx_word' id='word_1_12' title='bbox 1614 381 1776 451; x_wconf 65' lang='grc' dir='ltr'>φίλου.</span> 
     </span>
    </p>
   </div>
   <div class='ocr_carea' id='block_1_5' title="bbox 1881 366 3482 457">
    <p class='ocr_par' dir='ltr' id='par_1_5' title="bbox 1902 384 3482 457">
     <span class='ocr_line' id='line_1_5' title="bbox 1902 384 3482 457; baseline 0.011 -20"><span class='ocrx_word' id='word_1_13' title='bbox 1902 384 2082 449; x_wconf 85' lang='lat' dir='ltr'><strong>levoli,</strong></span> <span class='ocrx_word' id='word_1_14' title='bbox 2119 385 2282 441; x_wconf 85' lang='lat' dir='ltr'><strong>locuti</strong></span> <span class='ocrx_word' id='word_1_15' title='bbox 2311 394 2434 442; x_wconf 85' lang='lat' dir='ltr'><strong>sunt</strong></span> <span class='ocrx_word' id='word_1_16' title='bbox 2464 388 2596 444; x_wconf 86' lang='lat' dir='ltr'><strong>mibi</strong></span> <span class='ocrx_word' id='word_1_17' title='bbox 2628 392 2909 457; x_wconf 77' lang='lat' dir='ltr'><strong>vanitates,</strong></span> <span class='ocrx_word' id='word_1_18' title='bbox 2939 394 3113 450; x_wconf 85' lang='lat' dir='ltr'><strong>malas</strong></span> <span class='ocrx_word' id='word_1_19' title='bbox 3160 395 3294 451; x_wconf 86' lang='lat' dir='ltr'><strong>mihi</strong></span> <span class='ocrx_word' id='word_1_20' title='bbox 3332 398 3482 455; x_wconf 85' lang='lat' dir='ltr'><strong>intus</strong></span> 
     </span>
    </p>
   </div>
   <div class='ocr_carea' id='block_1_6' title="bbox 225 458 1776 551">
    <p class='ocr_par' dir='ltr' id='par_1_6' title="bbox 225 458 1776 542">
     <span class='ocr_line' id='line_1_6' title="bbox 225 458 1776 542; baseline 0.009 -31"><span class='ocrx_word' id='word_1_21' title='bbox 225 458 316 512; x_wconf 75' lang='grc' dir='ltr'>καὶ</span> <span class='ocrx_word' id='word_1_22' title='bbox 357 459 485 524; x_wconf 75' lang='grc' dir='ltr'>τοὺς</span> <span class='ocrx_word' id='word_1_23' title='bbox 520 461 748 532; x_wconf 76' lang='grc' dir='ltr'><strong>πλησίον</strong></span> <span class='ocrx_word' id='word_1_24' title='bbox 796 466 1014 538; x_wconf 82' lang='grc' dir='ltr'>μακρὰν</span> <span class='ocrx_word' id='word_1_25' title='bbox 1060 468 1415 540; x_wconf 83' lang='grc' dir='ltr'>γενομένους,</span> <span class='ocrx_word' id='word_1_26' title='bbox 1457 471 1776 542; x_wconf 79' lang='grc' dir='ltr'>παραχρῆμι</span> 
     </span>
    </p>
   </div>
   <div class='ocr_carea' id='block_1_7' title="bbox 1881 458 3484 551">
    <p class='ocr_par' dir='ltr' id='par_1_7' title="bbox 1902 476 3484 551">
     <span class='ocr_line' id='line_1_7' title="bbox 1902 476 3484 551; baseline 0.01 -21"><span class='ocrx_word' id='word_1_27' title='bbox 1902 476 2262 548; x_wconf 76' lang='lat' dir='ltr'><strong>cogitationes</strong></span> <span class='ocrx_word' id='word_1_28' title='bbox 2296 490 2686 551; x_wconf 81' lang='lat' dir='ltr'><strong>suggerentes;</strong></span> <span class='ocrx_word' id='word_1_29' title='bbox 2717 483 2826 538; x_wconf 92' lang='lat' dir='ltr'><strong>imo</strong></span> <span class='ocrx_word' id='word_1_30' title='bbox 2851 485 3019 540; x_wconf 87' lang='lat' dir='ltr'><strong>etiam</strong></span> <span class='ocrx_word' id='word_1_31' title='bbox 3049 486 3237 543; x_wconf 84' lang='lat' dir='ltr'><strong>dolose</strong></span> <span class='ocrx_word' id='word_1_32' title='bbox 3270 489 3484 546; x_wconf 82' lang='lat' dir='ltr'><strong>demul-</strong></span> 
     </span>
    </p>
   </div>
   <div class='ocr_carea' id='block_1_8' title="bbox 220 551 1776 644">
    <p class='ocr_par' dir='ltr' id='par_1_8' title="bbox 220 551 1776 633">
     <span class='ocr_line' id='line_1_8' title="bbox 220 551 1776 633; baseline 0.006 -29"><span class='ocrx_word' id='word_1_33' title='bbox 220 551 653 625; x_wconf 68' lang='grc' dir='ltr'><strong>ἐπιπηδήσαντες</strong></span> <span class='ocrx_word' id='word_1_34' title='bbox 678 556 1019 622; x_wconf 76' lang='grc' dir='ltr'>ἐξεδιάζοντο</span> <span class='ocrx_word' id='word_1_35' title='bbox 1045 560 1144 631; x_wconf 72' lang='grc' dir='ltr'>τὴν</span> <span class='ocrx_word' id='word_1_36' title='bbox 1176 560 1353 633; x_wconf 72' lang='grc' dir='ltr'>ψυχήν</span> <span class='ocrx_word' id='word_1_37' title='bbox 1392 579 1494 632; x_wconf 89' lang='grc' dir='ltr'><strong>μου</strong></span> <span class='ocrx_word' id='word_1_38' title='bbox 1525 578 1541 594; x_wconf 79' lang='grc' dir='ltr'><strong>ο</strong></span> <span class='ocrx_word' id='word_1_39' title='bbox 1590 563 1686 617; x_wconf 77' lang='grc' dir='ltr'>καὶ</span> <span class='ocrx_word' id='word_1_40' title='bbox 1723 563 1776 616; x_wconf 82' lang='grc' dir='ltr'>ὼ.</span> 
     </span>
    </p>
   </div>
   <div class='ocr_carea' id='block_1_9' title="bbox 1881 551 3483 644">
    <p class='ocr_par' dir='ltr' id='par_1_9' title="bbox 1904 571 3483 644">
     <span class='ocr_line' id='line_1_9' title="bbox 1904 571 3483 644; baseline 0.009 -21"><span class='ocrx_word' id='word_1_41' title='bbox 1904 579 2093 625; x_wconf 88' lang='lat' dir='ltr'><strong>centes</strong></span> <span class='ocrx_word' id='word_1_42' title='bbox 2145 585 2209 625; x_wconf 92' lang='lat' dir='ltr'><strong>ac</strong></span> <span class='ocrx_word' id='word_1_43' title='bbox 2246 571 2613 641; x_wconf 85' lang='lat' dir='ltr'><strong>decipientes,</strong></span> <span class='ocrx_word' id='word_1_44' title='bbox 2665 576 2826 644; x_wconf 85' lang='lat' dir='ltr'><strong>quasi</strong></span> <span class='ocrx_word' id='word_1_45' title='bbox 2873 576 2942 630; x_wconf 87' lang='lat' dir='ltr'><strong>ad</strong></span> <span class='ocrx_word' id='word_1_46' title='bbox 2977 577 3120 632; x_wconf 81' lang='lat' dir='ltr'><strong>bona</strong></span> <span class='ocrx_word' id='word_1_47' title='bbox 3164 578 3483 638; x_wconf 85' lang='lat' dir='ltr'><strong>inescabant</strong></span> 
     </span>
    </p>
   </div>
   <div class='ocr_carea' id='block_1_10' title="bbox 217 641 1776 732">
    <p class='ocr_par' dir='ltr' id='par_1_10' title="bbox 217 641 1776 723">
     <span class='ocr_line' id='line_1_10' title="bbox 217 641 1776 723; baseline 0.009 -27"><span class='ocrx_word' id='word_1_48' title='bbox 217 641 282 697; x_wconf 84' lang='grc' dir='ltr'>ἃν</span> <span class='ocrx_word' id='word_1_49' title='bbox 313 645 622 702; x_wconf 83' lang='grc' dir='ltr'>ἐθελόκακοι</span> <span class='ocrx_word' id='word_1_50' title='bbox 664 649 980 720; x_wconf 68' lang='grc' dir='ltr'>ἐλάλησάν</span> <span class='ocrx_word' id='word_1_51' title='bbox 1017 668 1122 722; x_wconf 81' lang='grc' dir='ltr'><strong>μοι</strong></span> <span class='ocrx_word' id='word_1_52' title='bbox 1173 655 1599 723; x_wconf 80' lang='grc' dir='ltr'>ματαιότητας,</span> <span class='ocrx_word' id='word_1_53' title='bbox 1654 655 1776 709; x_wconf 66' lang='grc' dir='ltr'>ἐνδοε</span> 
     </span>
    </p>
   </div>
   <div class='ocr_carea' id='block_1_11' title="bbox 1881 641 2987 732">
    <p class='ocr_par' dir='ltr' id='par_1_11' title="bbox 1908 641 2987 732">
     <span class='ocr_line' id='line_1_11' title="bbox 1908 641 2987 732; baseline 0.011 -19"><span class='ocrx_word' id='word_1_54' title='bbox 1908 673 2017 725; x_wconf 85' lang='lat' dir='ltr'><strong>me,</strong></span> <span class='ocrx_word' id='word_1_55' title='bbox 2047 659 2176 714; x_wconf 90' lang='lat' dir='ltr'><strong>dum</strong></span> <span class='ocrx_word' id='word_1_56' title='bbox 2209 661 2265 715; x_wconf 87' lang='lat' dir='ltr'><strong>in</strong></span> <span class='ocrx_word' id='word_1_57' title='bbox 2299 673 2581 732; x_wconf 88' lang='lat' dir='ltr'><strong>peccatum</strong></span> <span class='ocrx_word' id='word_1_58' title='bbox 2616 641 2987 725; x_wconf 80' lang='lat' dir='ltr'><strong>detraherent.</strong></span> 
     </span>
    </p>
   </div>
   <div class='ocr_carea' id='block_1_12' title="bbox 218 734 3482 831">
    <p class='ocr_par' dir='ltr' id='par_1_12' title="bbox 218 734 3482 831">
     <span class='ocr_line' id='line_1_12' title="bbox 218 734 3482 831; baseline 0.011 -42"><span class='ocrx_word' id='word_1_59' title='bbox 218 734 608 804; x_wconf 78' lang='grc' dir='ltr'>ὑποδάλλοντές</span> <span class='ocrx_word' id='word_1_60' title='bbox 640 758 740 812; x_wconf 90' lang='grc' dir='ltr'><strong>μου</strong></span> <span class='ocrx_word' id='word_1_61' title='bbox 766 742 845 806; x_wconf 82' lang='grc' dir='ltr'><strong>είς</strong></span> <span class='ocrx_word' id='word_1_62' title='bbox 859 742 958 814; x_wconf 82' lang='grc' dir='ltr'>τὴν</span> <span class='ocrx_word' id='word_1_63' title='bbox 978 742 1157 815; x_wconf 78' lang='grc' dir='ltr'>ψυχὴν</span> <span class='ocrx_word' id='word_1_64' title='bbox 1181 744 1450 818; x_wconf 78' lang='grc' dir='ltr'><strong>ματαίους</strong></span> <span class='ocrx_word' id='word_1_65' title='bbox 1475 745 1795 818; x_wconf 84' lang='grc' dir='ltr'>λογισμούς·</span> <span class='ocrx_word' id='word_1_66' title='bbox 1838 749 1976 804; x_wconf 82' lang='grc' dir='ltr'>ἀλλὰ</span> <span class='ocrx_word' id='word_1_67' title='bbox 2003 752 2095 805; x_wconf 69' lang='grc' dir='ltr'><strong>κα)⁵</strong></span> <span class='ocrx_word' id='word_1_68' title='bbox 2123 753 2220 807; x_wconf 84' lang='grc' dir='ltr'>σὺν</span> <span class='ocrx_word' id='word_1_69' title='bbox 2247 753 2383 826; x_wconf 84' lang='grc' dir='ltr'>δόλῳ</span> <span class='ocrx_word' id='word_1_70' title='bbox 2410 754 2687 826; x_wconf 78' lang='grc' dir='ltr'>θέλγοντες</span> <span class='ocrx_word' id='word_1_71' title='bbox 2721 759 2817 813; x_wconf 77' lang='grc' dir='ltr'>καὶ</span> <span class='ocrx_word' id='word_1_72' title='bbox 2856 761 3195 830; x_wconf 81' lang='grc' dir='ltr'><strong>ἀπατῶντες,</strong></span> <span class='ocrx_word' id='word_1_73' title='bbox 3257 764 3335 831; x_wconf 80' lang='grc' dir='ltr'><strong>ὡς</strong></span> <span class='ocrx_word' id='word_1_74' title='bbox 3389 767 3482 825; x_wconf 68' lang='grc' dir='ltr'>ἐπὶ</span> 
     </span>
    </p>
   </div>
   <div class='ocr_carea' id='block_1_13' title="bbox 217 825 1791 914">
    <p class='ocr_par' dir='ltr' id='par_1_13' title="bbox 217 825 1791 914">
     <span class='ocr_line' id='line_1_13' title="bbox 217 825 1791 914; baseline 0.011 -36"><span class='ocrx_word' id='word_1_75' title='bbox 217 825 443 894; x_wconf 80' lang='grc' dir='ltr'>ἀγαθοῖς</span> <span class='ocrx_word' id='word_1_76' title='bbox 466 829 742 896; x_wconf 80' lang='grc' dir='ltr'>ἐδελέαζον</span> <span class='ocrx_word' id='word_1_77' title='bbox 771 836 1125 902; x_wconf 81' lang='grc' dir='ltr'>καθέλκοντές</span> <span class='ocrx_word' id='word_1_78' title='bbox 1168 855 1235 909; x_wconf 85' lang='grc' dir='ltr'><strong>με</strong></span> <span class='ocrx_word' id='word_1_79' title='bbox 1262 841 1343 903; x_wconf 89' lang='grc' dir='ltr'><strong>είς</strong></span> <span class='ocrx_word' id='word_1_80' title='bbox 1366 840 1465 912; x_wconf 84' lang='grc' dir='ltr'>τὴν</span> <span class='ocrx_word' id='word_1_81' title='bbox 1497 842 1791 914; x_wconf 81' lang='grc' dir='ltr'>ἁμαρτίαν.</span> 
     </span>
    </p>
   </div>
   <div class='ocr_carea' id='block_1_14' title="bbox 296 922 1790 1003">
    <p class='ocr_par' dir='ltr' id='par_1_14' title="bbox 296 922 1790 1003">
     <span class='ocr_line' id='line_1_14' title="bbox 296 922 1790 1003; baseline 0.011 -27"><span class='ocrx_word' id='word_1_82' title='bbox 296 922 444 995; x_wconf 61' lang='grc' dir='ltr'><strong>Ἐγὼ</strong></span> <span class='ocrx_word' id='word_1_83' title='bbox 481 924 551 979; x_wconf 79' lang='grc' dir='ltr'><strong>δὲ</strong></span> <span class='ocrx_word' id='word_1_84' title='bbox 594 927 735 982; x_wconf 80' lang='grc' dir='ltr'>ὡσεί</span> <span class='ocrx_word' id='word_1_85' title='bbox 796 930 997 999; x_wconf 73' lang='grc' dir='ltr'>κωφὸς</span> <span class='ocrx_word' id='word_1_86' title='bbox 1043 934 1156 987; x_wconf 78' lang='grc' dir='ltr'>οὐκ</span> <span class='ocrx_word' id='word_1_87' title='bbox 1208 933 1456 1003; x_wconf 81' lang='grc' dir='ltr'>ἤκουον,</span> <span class='ocrx_word' id='word_1_88' title='bbox 1500 925 1597 990; x_wconf 61' lang='grc' dir='ltr'>καὶ</span> <span class='ocrx_word' id='word_1_89' title='bbox 1646 937 1790 991; x_wconf 78' lang='grc' dir='ltr'>ὡσεί</span> 
     </span>
    </p>
   </div>
   <div class='ocr_carea' id='block_1_15' title="bbox 212 1015 1792 1099">
    <p class='ocr_par' dir='ltr' id='par_1_15' title="bbox 212 1015 1792 1099">
     <span class='ocr_line' id='line_1_15' title="bbox 212 1015 1792 1099; baseline 0.01 -30"><span class='ocrx_word' id='word_1_90' title='bbox 212 1015 445 1084; x_wconf 69' lang='grc' dir='ltr'>ἇλαλος</span> <span class='ocrx_word' id='word_1_91' title='bbox 493 1019 604 1073; x_wconf 83' lang='grc' dir='ltr'>οὐκ</span> <span class='ocrx_word' id='word_1_92' title='bbox 649 1020 907 1093; x_wconf 78' lang='grc' dir='ltr'>ἀνοίγων</span> <span class='ocrx_word' id='word_1_93' title='bbox 952 1023 1017 1078; x_wconf 84' lang='grc' dir='ltr'>τὸ</span> <span class='ocrx_word' id='word_1_94' title='bbox 1047 1026 1243 1095; x_wconf 81' lang='grc' dir='ltr'>στόμα</span> <span class='ocrx_word' id='word_1_95' title='bbox 1292 1028 1500 1082; x_wconf 85' lang='grc' dir='ltr'>αὑτοῦ.</span> <span class='ocrx_word' id='word_1_96' title='bbox 1539 1030 1647 1083; x_wconf 75' lang='grc' dir='ltr'><strong>Καὶ</strong></span> <span class='ocrx_word' id='word_1_97' title='bbox 1667 1031 1792 1099; x_wconf 78' lang='grc' dir='ltr'>ἐγε-</span> 
     </span>
    </p>
   </div>
   <div class='ocr_carea' id='block_1_16' title="bbox 210 1107 1794 1191">
    <p class='ocr_par' dir='ltr' id='par_1_16' title="bbox 210 1107 1794 1191">
     <span class='ocr_line' id='line_1_16' title="bbox 210 1107 1794 1191; baseline 0.009 -30"><span class='ocrx_word' id='word_1_98' title='bbox 210 1107 409 1178; x_wconf 82' lang='grc' dir='ltr'>νόμην</span> <span class='ocrx_word' id='word_1_99' title='bbox 435 1110 577 1165; x_wconf 82' lang='grc' dir='ltr'>ὡσεί</span> <span class='ocrx_word' id='word_1_100' title='bbox 618 1111 928 1182; x_wconf 78' lang='grc' dir='ltr'>ἅνθρωπος</span> <span class='ocrx_word' id='word_1_101' title='bbox 965 1117 1077 1170; x_wconf 86' lang='grc' dir='ltr'>οὐκ</span> <span class='ocrx_word' id='word_1_102' title='bbox 1102 1117 1365 1183; x_wconf 72' lang='grc' dir='ltr'>ἀκούων,</span> <span class='ocrx_word' id='word_1_103' title='bbox 1386 1120 1482 1173; x_wconf 82' lang='grc' dir='ltr'>καὶ</span> <span class='ocrx_word' id='word_1_104' title='bbox 1506 1121 1616 1174; x_wconf 82' lang='grc' dir='ltr'>οὐκ</span> <span class='ocrx_word' id='word_1_105' title='bbox 1636 1121 1794 1191; x_wconf 77' lang='grc' dir='ltr'>ἔχων</span> 
     </span>
    </p>
   </div>
   <div class='ocr_carea' id='block_1_17' title="bbox 207 1200 1790 1279">
    <p class='ocr_par' dir='ltr' id='par_1_17' title="bbox 207 1200 1790 1279">
     <span class='ocr_line' id='line_1_17' title="bbox 207 1200 1790 1279; baseline 0.007 -24"><span class='ocrx_word' id='word_1_106' title='bbox 207 1201 280 1255; x_wconf 74' lang='grc' dir='ltr'>ἐν</span> <span class='ocrx_word' id='word_1_107' title='bbox 330 1200 413 1268; x_wconf 84' lang='grc' dir='ltr'>τῷ</span> <span class='ocrx_word' id='word_1_108' title='bbox 464 1205 711 1274; x_wconf 83' lang='grc' dir='ltr'>στόματι</span> <span class='ocrx_word' id='word_1_109' title='bbox 767 1206 953 1261; x_wconf 85' lang='grc' dir='ltr'>αὐτοῦ</span> <span class='ocrx_word' id='word_1_110' title='bbox 1001 1208 1313 1279; x_wconf 73' lang='grc' dir='ltr'>ἐλετμούς.</span> <span class='ocrx_word' id='word_1_111' title='bbox 1369 1210 1521 1263; x_wconf 82' lang='grc' dir='ltr'>Ἐπεὶ</span> <span class='ocrx_word' id='word_1_112' title='bbox 1562 1211 1790 1277; x_wconf 81' lang='grc' dir='ltr'>τούτοις,</span> 
     </span>
    </p>
   </div>
   <div class='ocr_carea' id='block_1_18' title="bbox 210 1292 1788 1374">
    <p class='ocr_par' dir='ltr' id='par_1_18' title="bbox 210 1292 1788 1374">
     <span class='ocr_line' id='line_1_18' title="bbox 210 1292 1788 1374; baseline 0.009 -31"><span class='ocrx_word' id='word_1_113' title='bbox 210 1292 394 1363; x_wconf 64' lang='grc' dir='ltr'>φησιν,</span> <span class='ocrx_word' id='word_1_114' title='bbox 431 1294 582 1349; x_wconf 78' lang='grc' dir='ltr'>οὐδὲν</span> <span class='ocrx_word' id='word_1_115' title='bbox 643 1292 787 1368; x_wconf 79' lang='grc' dir='ltr'>εἶχον</span> <span class='ocrx_word' id='word_1_116' title='bbox 810 1298 990 1369; x_wconf 84' lang='grc' dir='ltr'>λέγειν</span> <span class='ocrx_word' id='word_1_117' title='bbox 1036 1300 1297 1372; x_wconf 77' lang='grc' dir='ltr'>αἰσχύνης</span> <span class='ocrx_word' id='word_1_118' title='bbox 1329 1302 1788 1374; x_wconf 78' lang='grc' dir='ltr'><strong>πεπληρωμένος·</strong></span> 
     </span>
    </p>
   </div>
   <div class='ocr_carea' id='block_1_19' title="bbox 206 1384 1790 1466">
    <p class='ocr_par' dir='ltr' id='par_1_19' title="bbox 206 1384 1790 1466">
     <span class='ocr_line' id='line_1_19' title="bbox 206 1384 1790 1466; baseline 0.008 -28"><span class='ocrx_word' id='word_1_119' title='bbox 206 1384 360 1439; x_wconf 81' lang='grc' dir='ltr'>οὐδὲν</span> <span class='ocrx_word' id='word_1_120' title='bbox 392 1386 502 1458; x_wconf 86' lang='grc' dir='ltr'>γάρ</span> <span class='ocrx_word' id='word_1_121' title='bbox 538 1405 628 1459; x_wconf 92' lang='grc' dir='ltr'><strong>μοι</strong></span> <span class='ocrx_word' id='word_1_122' title='bbox 661 1389 819 1459; x_wconf 86' lang='grc' dir='ltr'>λόγος</span> <span class='ocrx_word' id='word_1_123' title='bbox 868 1387 935 1463; x_wconf 67' lang='grc' dir='ltr'>ἦν</span> <span class='ocrx_word' id='word_1_124' title='bbox 982 1391 1118 1463; x_wconf 87' lang='grc' dir='ltr'>πρὸς</span> <span class='ocrx_word' id='word_1_125' title='bbox 1163 1392 1477 1462; x_wconf 80' lang='grc' dir='ltr'>ἀπολογίαν,</span> <span class='ocrx_word' id='word_1_126' title='bbox 1506 1393 1615 1447; x_wconf 82' lang='grc' dir='ltr'>οὐδ’</span> <span class='ocrx_word' id='word_1_127' title='bbox 1649 1390 1790 1466; x_wconf 83' lang='grc' dir='ltr'>εἶχόν</span> 
     </span>
    </p>
   </div>
   <div class='ocr_carea' id='block_1_20' title="bbox 207 1474 1790 1550">
    <p class='ocr_par' dir='ltr' id='par_1_20' title="bbox 207 1474 1790 1550">
     <span class='ocr_line' id='line_1_20' title="bbox 207 1474 1790 1550; baseline 0.009 -27"><span class='ocrx_word' id='word_1_128' title='bbox 207 1487 326 1525; x_wconf 88' lang='grc' dir='ltr'>τινα</span> <span class='ocrx_word' id='word_1_129' title='bbox 354 1475 465 1537; x_wconf 84' lang='grc' dir='ltr'>τοῖς</span> <span class='ocrx_word' id='word_1_130' title='bbox 513 1474 726 1547; x_wconf 77' lang='grc' dir='ltr'><strong>ἐχθροῖς</strong></span> <span class='ocrx_word' id='word_1_131' title='bbox 773 1477 1246 1550; x_wconf 73' lang='grc' dir='ltr'>προσ-φθέγγεσθαι</span> <span class='ocrx_word' id='word_1_132' title='bbox 1279 1480 1429 1546; x_wconf 77' lang='grc' dir='ltr'>ἅπαξ</span> <span class='ocrx_word' id='word_1_133' title='bbox 1469 1483 1563 1535; x_wconf 73' lang='grc' dir='ltr'>ὑπ’</span> <span class='ocrx_word' id='word_1_134' title='bbox 1610 1483 1790 1538; x_wconf 85' lang='grc' dir='ltr'>αὐτῶν</span> 
     </span>
    </p>
   </div>
   <div class='ocr_carea' id='block_1_21' title="bbox 206 1565 1789 1647">
    <p class='ocr_par' dir='ltr' id='par_1_21' title="bbox 206 1565 1789 1647">
     <span class='ocr_line' id='line_1_21' title="bbox 206 1565 1789 1647; baseline 0.01 -33"><span class='ocrx_word' id='word_1_135' title='bbox 206 1565 588 1634; x_wconf 76' lang='grc' dir='ltr'>νενικημένος·</span> <span class='ocrx_word' id='word_1_136' title='bbox 618 1568 718 1621; x_wconf 87' lang='grc' dir='ltr'><strong>ούκ</strong></span> <span class='ocrx_word' id='word_1_137' title='bbox 763 1570 986 1641; x_wconf 84' lang='grc' dir='ltr'>ἐμαυτῷ</span> <span class='ocrx_word' id='word_1_138' title='bbox 1032 1570 1270 1644; x_wconf 72' lang='grc' dir='ltr'>θαρρῶν,</span> <span class='ocrx_word' id='word_1_139' title='bbox 1305 1573 1413 1627; x_wconf 79' lang='grc' dir='ltr'>οὐδ’</span> <span class='ocrx_word' id='word_1_140' title='bbox 1462 1573 1629 1647; x_wconf 81' lang='grc' dir='ltr'>ἄλλην</span> <span class='ocrx_word' id='word_1_141' title='bbox 1668 1580 1789 1630; x_wconf 79' lang='grc' dir='ltr'>τινὰ</span> 
     </span>
    </p>
   </div>
   <div class='ocr_carea' id='block_1_22' title="bbox 207 1654 1790 1741">
    <p class='ocr_par' dir='ltr' id='par_1_22' title="bbox 207 1654 1790 1741">
     <span class='ocr_line' id='line_1_22' title="bbox 207 1654 1790 1741; baseline 0.013 -36"><span class='ocrx_word' id='word_1_142' title='bbox 331 1654 626 1728; x_wconf 76' lang='grc' dir='ltr'>ὀφθαλμῶν</span> <span class='ocrx_word' id='word_1_143' title='bbox 661 1657 889 1731; x_wconf 80' lang='grc' dir='ltr'>θέμενος</span> <span class='ocrx_word' id='word_1_144' title='bbox 932 1662 1122 1717; x_wconf 85' lang='grc' dir='ltr'>ἐλπίδα</span> <span class='ocrx_word' id='word_1_145' title='bbox 1169 1665 1202 1737; x_wconf 73' lang='grc' dir='ltr'>ἢ</span> <span class='ocrx_word' id='word_1_146' title='bbox 1261 1667 1339 1731; x_wconf 85' lang='grc' dir='ltr'><strong>σέ,</strong></span> <span class='ocrx_word' id='word_1_147' title='bbox 1369 1667 1439 1723; x_wconf 82' lang='grc' dir='ltr'>τὰ</span> <span class='ocrx_word' id='word_1_148' title='bbox 1468 1669 1569 1741; x_wconf 82' lang='grc' dir='ltr'>τῆς</span> <span class='ocrx_word' id='word_1_149' title='bbox 1593 1670 1790 1736; x_wconf 77' lang='grc' dir='ltr'>ἰάσεως</span> 
     </span>
    </p>
   </div>
   <div class='ocr_carea' id='block_1_23' title="bbox 205 1739 1789 1829">
    <p class='ocr_par' dir='ltr' id='par_1_23' title="bbox 205 1739 1789 1829">
     <span class='ocr_line' id='line_1_23' title="bbox 205 1739 1789 1829; baseline 0.015 -36"><span class='ocrx_word' id='word_1_150' title='bbox 205 1739 523 1813; x_wconf 74' lang='grc' dir='ltr'>ὑπέγραφον</span> <span class='ocrx_word' id='word_1_151' title='bbox 547 1746 789 1818; x_wconf 85' lang='grc' dir='ltr'>ἐμαυτῷ.</span> <span class='ocrx_word' id='word_1_152' title='bbox 833 1750 988 1805; x_wconf 76' lang='grc' dir='ltr'>Ἐπεί</span> <span class='ocrx_word' id='word_1_153' title='bbox 1037 1748 1128 1807; x_wconf 80' lang='grc' dir='ltr'>οὖν</span> <span class='ocrx_word' id='word_1_154' title='bbox 1150 1754 1246 1808; x_wconf 83' lang='grc' dir='ltr'><strong>ἐπί</strong></span> <span class='ocrx_word' id='word_1_155' title='bbox 1280 1757 1357 1810; x_wconf 81' lang='grc' dir='ltr'>σὲ</span> <span class='ocrx_word' id='word_1_156' title='bbox 1393 1739 1647 1829; x_wconf 74' lang='grc' dir='ltr'>ἤλπισα,</span> <span class='ocrx_word' id='word_1_157' title='bbox 1673 1763 1789 1817; x_wconf 79' lang='grc' dir='ltr'><strong>Κύ-</strong></span> 
     </span>
    </p>
   </div>
   <div class='ocr_carea' id='block_1_24' title="bbox 200 1834 1787 1915">
    <p class='ocr_par' dir='ltr' id='par_1_24' title="bbox 200 1834 1787 1915">
     <span class='ocr_line' id='line_1_24' title="bbox 200 1834 1787 1915; baseline 0.016 -32"><span class='ocrx_word' id='word_1_158' title='bbox 200 1848 323 1899; x_wconf 80' lang='grc' dir='ltr'>ριε,</span> <span class='ocrx_word' id='word_1_159' title='bbox 354 1835 394 1901; x_wconf 78' lang='grc' dir='ltr'><strong>η</strong></span> <span class='ocrx_word' id='word_1_160' title='bbox 449 1834 506 1889; x_wconf 83' lang='grc' dir='ltr'><strong>δὲ</strong></span> <span class='ocrx_word' id='word_1_161' title='bbox 541 1836 718 1905; x_wconf 78' lang='grc' dir='ltr'>ἐλπὶς</span> <span class='ocrx_word' id='word_1_162' title='bbox 756 1842 829 1894; x_wconf 88' lang='grc' dir='ltr'>οὺ</span> <span class='ocrx_word' id='word_1_163' title='bbox 875 1847 1296 1915; x_wconf 77' lang='grc' dir='ltr'>καταισχύνει’</span> <span class='ocrx_word' id='word_1_164' title='bbox 1337 1849 1425 1903; x_wconf 71' lang='grc' dir='ltr'>διὰ</span> <span class='ocrx_word' id='word_1_165' title='bbox 1478 1852 1636 1906; x_wconf 85' lang='grc' dir='ltr'>τοῦτο</span> <span class='ocrx_word' id='word_1_166' title='bbox 1672 1855 1787 1909; x_wconf 71' lang='grc' dir='ltr'>εἰσ-ο</span> 
     </span>
    </p>
   </div>
   <div class='ocr_carea' id='block_1_25' title="bbox 202 1920 1789 2006">
    <p class='ocr_par' dir='ltr' id='par_1_25' title="bbox 202 1920 1789 2006">
     <span class='ocr_line' id='line_1_25' title="bbox 202 1920 1789 2006; baseline 0.014 -30"><span class='ocrx_word' id='word_1_167' title='bbox 202 1920 435 1996; x_wconf 82' lang='grc' dir='ltr'>ακούσῃ,</span> <span class='ocrx_word' id='word_1_168' title='bbox 454 1924 536 1977; x_wconf 81' lang='grc' dir='ltr'>ὅτι</span> <span class='ocrx_word' id='word_1_169' title='bbox 562 1925 791 2001; x_wconf 86' lang='grc' dir='ltr'>θελητὴς</span> <span class='ocrx_word' id='word_1_170' title='bbox 819 1930 1001 1998; x_wconf 79' lang='grc' dir='ltr'>ἐλέους</span> <span class='ocrx_word' id='word_1_171' title='bbox 1024 1930 1093 1999; x_wconf 74' lang='grc' dir='ltr'>εἴ,</span> <span class='ocrx_word' id='word_1_172' title='bbox 1117 1936 1211 1991; x_wconf 75' lang='grc' dir='ltr'>καὶ</span> <span class='ocrx_word' id='word_1_173' title='bbox 1234 1938 1294 1991; x_wconf 86' lang='grc' dir='ltr'><strong>ού</strong></span> <span class='ocrx_word' id='word_1_174' title='bbox 1325 1937 1498 2006; x_wconf 88' lang='grc' dir='ltr'>θέλεις</span> <span class='ocrx_word' id='word_1_175' title='bbox 1519 1942 1610 1996; x_wconf 80' lang='grc' dir='ltr'>τὸν</span> <span class='ocrx_word' id='word_1_176' title='bbox 1632 1943 1789 1998; x_wconf 82' lang='grc' dir='ltr'>θάνα-</span> 
     </span>
    </p>
   </div>
   <div class='ocr_carea' id='block_1_26' title="bbox 202 2014 1785 2105">
    <p class='ocr_par' dir='ltr' id='par_1_26' title="bbox 202 2014 1785 2105">
     <span class='ocr_line' id='line_1_26' title="bbox 202 2014 1785 2105; baseline 0.016 -39"><span class='ocrx_word' id='word_1_177' title='bbox 202 2030 295 2067; x_wconf 88' lang='grc' dir='ltr'><strong>τον</strong></span> <span class='ocrx_word' id='word_1_178' title='bbox 333 2014 427 2068; x_wconf 87' lang='grc' dir='ltr'><strong>τοῦ</strong></span> <span class='ocrx_word' id='word_1_179' title='bbox 480 2018 830 2089; x_wconf 80' lang='grc' dir='ltr'>ἁμαρτωλοῦ,</span> <span class='ocrx_word' id='word_1_180' title='bbox 880 2025 957 2090; x_wconf 86' lang='grc' dir='ltr'>ὡς</span> <span class='ocrx_word' id='word_1_181' title='bbox 994 2028 1091 2105; x_wconf 72' lang='grc' dir='ltr'>τὴν</span> <span class='ocrx_word' id='word_1_182' title='bbox 1134 2029 1423 2101; x_wconf 79' lang='grc' dir='ltr'>μετάνοιαν</span> <span class='ocrx_word' id='word_1_183' title='bbox 1453 2033 1638 2090; x_wconf 79' lang='grc' dir='ltr'>αὐτοῦ.</span> <span class='ocrx_word' id='word_1_184' title='bbox 1673 2037 1785 2101; x_wconf 80' lang='grc' dir='ltr'>Διὸ,</span> 
     </span>
    </p>
   </div>
   <div class='ocr_carea' id='block_1_27' title="bbox 201 2104 1786 2197">
    <p class='ocr_par' dir='ltr' id='par_1_27' title="bbox 201 2104 1786 2197">
     <span class='ocr_line' id='line_1_27' title="bbox 201 2104 1786 2197; baseline 0.015 -39"><span class='ocrx_word' id='word_1_185' title='bbox 201 2104 432 2171; x_wconf 84' lang='grc' dir='ltr'>ἐλπίσας</span> <span class='ocrx_word' id='word_1_186' title='bbox 477 2109 570 2163; x_wconf 80' lang='grc' dir='ltr'>ἐπὶ</span> <span class='ocrx_word' id='word_1_187' title='bbox 620 2109 702 2177; x_wconf 78' lang='grc' dir='ltr'>σὲ,</span> <span class='ocrx_word' id='word_1_188' title='bbox 737 2115 967 2170; x_wconf 81' lang='grc' dir='ltr'>ἱκετεύω</span> <span class='ocrx_word' id='word_1_189' title='bbox 1014 2104 1112 2190; x_wconf 82' lang='grc' dir='ltr'><strong>τῆς</strong></span> <span class='ocrx_word' id='word_1_190' title='bbox 1155 2120 1306 2195; x_wconf 80' lang='grc' dir='ltr'>παρὰ</span> <span class='ocrx_word' id='word_1_191' title='bbox 1342 2122 1436 2176; x_wconf 85' lang='grc' dir='ltr'><strong>σοῦ</strong></span> <span class='ocrx_word' id='word_1_192' title='bbox 1489 2124 1786 2197; x_wconf 84' lang='grc' dir='ltr'>θεραπείας</span> 
     </span>
    </p>
   </div>
   <div class='ocr_carea' id='block_1_28' title="bbox 198 2199 1782 2288">
    <p class='ocr_par' dir='ltr' id='par_1_28' title="bbox 198 2199 1782 2288">
     <span class='ocr_line' id='line_1_28' title="bbox 198 2199 1782 2288; baseline 0.017 -41"><span class='ocrx_word' id='word_1_193' title='bbox 198 2199 383 2267; x_wconf 83' lang='grc' dir='ltr'>τυχεῖν</span> <span class='ocrx_word' id='word_1_194' title='bbox 403 2214 419 2229; x_wconf 73' lang='grc' dir='ltr'>σ</span> <span class='ocrx_word' id='word_1_195' title='bbox 461 2199 708 2268; x_wconf 80' lang='grc' dir='ltr'>Μήποτε</span> <span class='ocrx_word' id='word_1_196' title='bbox 761 2205 1093 2277; x_wconf 71' lang='grc' dir='ltr'>ἐπιχειρῶσι</span> <span class='ocrx_word' id='word_1_197' title='bbox 1139 2230 1243 2281; x_wconf 82' lang='grc' dir='ltr'><strong>μοι</strong></span> <span class='ocrx_word' id='word_1_198' title='bbox 1282 2217 1336 2268; x_wconf 87' lang='lat' dir='ltr'><strong>ol</strong></span> <span class='ocrx_word' id='word_1_199' title='bbox 1391 2216 1594 2285; x_wconf 82' lang='grc' dir='ltr'>ἐχθροί</span> <span class='ocrx_word' id='word_1_200' title='bbox 1640 2237 1782 2288; x_wconf 81' lang='grc' dir='ltr'>μου,</span> 
     </span>
    </p>
   </div>
   <div class='ocr_carea' id='block_1_29' title="bbox 196 2290 1783 2381">
    <p class='ocr_par' dir='ltr' id='par_1_29' title="bbox 196 2290 1783 2381">
     <span class='ocr_line' id='line_1_29' title="bbox 196 2290 1783 2381; baseline 0.014 -38"><span class='ocrx_word' id='word_1_201' title='bbox 196 2290 352 2345; x_wconf 76' lang='grc' dir='ltr'>οὔπω</span> <span class='ocrx_word' id='word_1_202' title='bbox 394 2292 493 2364; x_wconf 87' lang='grc' dir='ltr'>μὲν</span> <span class='ocrx_word' id='word_1_203' title='bbox 541 2294 651 2366; x_wconf 85' lang='grc' dir='ltr'><strong>γὰρ</strong></span> <span class='ocrx_word' id='word_1_204' title='bbox 705 2299 984 2365; x_wconf 83' lang='grc' dir='ltr'>παντελῶς</span> <span class='ocrx_word' id='word_1_205' title='bbox 1025 2302 1327 2376; x_wconf 84' lang='grc' dir='ltr'>ἐχάρησαν.</span> <span class='ocrx_word' id='word_1_206' title='bbox 1363 2307 1783 2381; x_wconf 84' lang='grc' dir='ltr'>Ἐπιχαροῦνται</span> 
     </span>
    </p>
   </div>
   <div class='ocr_carea' id='block_1_30' title="bbox 197 2380 1784 2474">
    <p class='ocr_par' dir='ltr' id='par_1_30' title="bbox 197 2380 1784 2474">
     <span class='ocr_line' id='line_1_30' title="bbox 197 2380 1784 2474; baseline 0.015 -40"><span class='ocrx_word' id='word_1_207' title='bbox 197 2380 285 2447; x_wconf 75' lang='grc' dir='ltr'><strong>δὲ,</strong></span> <span class='ocrx_word' id='word_1_208' title='bbox 312 2384 361 2436; x_wconf 85' lang='grc' dir='ltr'><strong>εί</strong></span> <span class='ocrx_word' id='word_1_209' title='bbox 398 2384 473 2458; x_wconf 75' lang='grc' dir='ltr'>μὴ</span> <span class='ocrx_word' id='word_1_210' title='bbox 501 2386 719 2461; x_wconf 87' lang='grc' dir='ltr'>τύχοιμι</span> <span class='ocrx_word' id='word_1_211' title='bbox 744 2390 838 2445; x_wconf 87' lang='grc' dir='ltr'><strong>τοῦ</strong></span> <span class='ocrx_word' id='word_1_212' title='bbox 868 2392 961 2447; x_wconf 86' lang='grc' dir='ltr'><strong>σοῦ</strong></span> <span class='ocrx_word' id='word_1_213' title='bbox 1013 2395 1217 2460; x_wconf 90' lang='grc' dir='ltr'>ἐλέους.</span> <span class='ocrx_word' id='word_1_214' title='bbox 1264 2398 1406 2451; x_wconf 81' lang='grc' dir='ltr'>Ἀλλ’</span> <span class='ocrx_word' id='word_1_215' title='bbox 1432 2400 1521 2454; x_wconf 82' lang='grc' dir='ltr'>ἵνα</span> <span class='ocrx_word' id='word_1_216' title='bbox 1563 2400 1636 2474; x_wconf 79' lang='grc' dir='ltr'>μὴ</span> <span class='ocrx_word' id='word_1_217' title='bbox 1664 2404 1784 2457; x_wconf 89' lang='grc' dir='ltr'>ἐπι-</span> 
     </span>
    </p>
   </div>
   <div class='ocr_carea' id='block_1_31' title="bbox 196 2477 1780 2566">
    <p class='ocr_par' dir='ltr' id='par_1_31' title="bbox 196 2477 1780 2566">
     <span class='ocr_line' id='line_1_31' title="bbox 196 2477 1780 2566; baseline 0.013 -37"><span class='ocrx_word' id='word_1_218' title='bbox 196 2477 413 2548; x_wconf 84' lang='grc' dir='ltr'>χαρεῑέν</span> <span class='ocrx_word' id='word_1_219' title='bbox 449 2496 538 2551; x_wconf 88' lang='grc' dir='ltr'><strong>μοι</strong></span> <span class='ocrx_word' id='word_1_220' title='bbox 563 2482 613 2534; x_wconf 83' lang='lat' dir='ltr'><strong>oi</strong></span> <span class='ocrx_word' id='word_1_221' title='bbox 639 2483 824 2557; x_wconf 83' lang='grc' dir='ltr'>ἐχθροί</span> <span class='ocrx_word' id='word_1_222' title='bbox 859 2504 981 2558; x_wconf 88' lang='grc' dir='ltr'>μου,</span> <span class='ocrx_word' id='word_1_223' title='bbox 1009 2488 1059 2541; x_wconf 79' lang='lat' dir='ltr'><strong>oi</strong></span> <span class='ocrx_word' id='word_1_224' title='bbox 1087 2488 1186 2560; x_wconf 70' lang='grc' dir='ltr'>ἤδη</span> <span class='ocrx_word' id='word_1_225' title='bbox 1212 2492 1305 2545; x_wconf 79' lang='grc' dir='ltr'>καὶ</span> <span class='ocrx_word' id='word_1_226' title='bbox 1329 2491 1596 2564; x_wconf 86' lang='grc' dir='ltr'>πρότερον</span> <span class='ocrx_word' id='word_1_227' title='bbox 1622 2497 1680 2548; x_wconf 87' lang='grc' dir='ltr'><strong>ἐν</strong></span> <span class='ocrx_word' id='word_1_228' title='bbox 1701 2494 1780 2566; x_wconf 86' lang='grc' dir='ltr'><strong>τῷ</strong></span> 
     </span>
    </p>
   </div>
   <div class='ocr_carea' id='block_1_32' title="bbox 199 2565 1781 2654">
    <p class='ocr_par' dir='ltr' id='par_1_32' title="bbox 199 2565 1781 2654">
     <span class='ocr_line' id='line_1_32' title="bbox 199 2565 1781 2654; baseline 0.015 -37"><span class='ocrx_word' id='word_1_229' title='bbox 199 2565 522 2639; x_wconf 79' lang='grc' dir='ltr'>σαλευθῆναι</span> <span class='ocrx_word' id='word_1_230' title='bbox 550 2570 717 2636; x_wconf 87' lang='grc' dir='ltr'>πόδας</span> <span class='ocrx_word' id='word_1_231' title='bbox 746 2592 847 2646; x_wconf 87' lang='grc' dir='ltr'><strong>μου</strong></span> <span class='ocrx_word' id='word_1_232' title='bbox 893 2580 1564 2654; x_wconf 75' lang='grc' dir='ltr'>μεγαλοῤῥημονήσαντες,</span> <span class='ocrx_word' id='word_1_233' title='bbox 1591 2585 1685 2638; x_wconf 72' lang='grc' dir='ltr'>ἐπὶ</span> <span class='ocrx_word' id='word_1_234' title='bbox 1721 2565 1781 2639; x_wconf 69' lang='grc' dir='ltr'><strong>σε</strong></span> 
     </span>
    </p>
   </div>
   <div class='ocr_carea' id='block_1_33' title="bbox 197 2657 1782 2744">
    <p class='ocr_par' dir='ltr' id='par_1_33' title="bbox 197 2657 1782 2744">
     <span class='ocr_line' id='line_1_33' title="bbox 197 2657 1782 2744; baseline 0.015 -35"><span class='ocrx_word' id='word_1_235' title='bbox 197 2657 522 2729; x_wconf 76' lang='grc' dir='ltr'>κατέφυγον,</span> <span class='ocrx_word' id='word_1_236' title='bbox 547 2662 638 2717; x_wconf 82' lang='grc' dir='ltr'><strong>καί</strong></span> <span class='ocrx_word' id='word_1_237' title='bbox 661 2682 801 2736; x_wconf 87' lang='grc' dir='ltr'>φημι</span> <span class='ocrx_word' id='word_1_238' title='bbox 825 2683 840 2698; x_wconf 78' lang='grc' dir='ltr'><strong>ο</strong></span> <span class='ocrx_word' id='word_1_239' title='bbox 875 2668 973 2737; x_wconf 79' lang='grc' dir='ltr'><strong>Μὴ</strong></span> <span class='ocrx_word' id='word_1_240' title='bbox 1006 2676 1513 2744; x_wconf 78' lang='grc' dir='ltr'>καταισχυνθείην</span> <span class='ocrx_word' id='word_1_241' title='bbox 1548 2679 1636 2744; x_wconf 81' lang='grc' dir='ltr'><strong>είς</strong></span> <span class='ocrx_word' id='word_1_242' title='bbox 1675 2678 1782 2733; x_wconf 79' lang='grc' dir='ltr'>τὸν</span> 
     </span>
    </p>
   </div>
   <div class='ocr_carea' id='block_1_34' title="bbox 197 2749 1778 2839">
    <p class='ocr_par' dir='ltr' id='par_1_34' title="bbox 197 2749 1778 2839">
     <span class='ocr_line' id='line_1_34' title="bbox 197 2749 1778 2839; baseline 0.013 -37"><span class='ocrx_word' id='word_1_243' title='bbox 197 2749 401 2805; x_wconf 73' lang='grc' dir='ltr'>αἰῶνα.</span> <span class='ocrx_word' id='word_1_244' title='bbox 422 2752 496 2806; x_wconf 80' lang='grc' dir='ltr'><strong>Οὐ</strong></span> <span class='ocrx_word' id='word_1_245' title='bbox 513 2754 620 2826; x_wconf 78' lang='grc' dir='ltr'>γὰρ</span> <span class='ocrx_word' id='word_1_246' title='bbox 640 2756 813 2829; x_wconf 82' lang='grc' dir='ltr'>πάντη</span> <span class='ocrx_word' id='word_1_247' title='bbox 838 2763 1234 2836; x_wconf 79' lang='grc' dir='ltr'>περιετράπην,</span> <span class='ocrx_word' id='word_1_248' title='bbox 1266 2766 1387 2819; x_wconf 79' lang='grc' dir='ltr'><strong>οὐδὲ</strong></span> <span class='ocrx_word' id='word_1_249' title='bbox 1417 2767 1619 2839; x_wconf 84' lang='grc' dir='ltr'>πτῶμα</span> <span class='ocrx_word' id='word_1_250' title='bbox 1649 2769 1778 2825; x_wconf 80' lang='grc' dir='ltr'>επε-</span> 
     </span>
    </p>
   </div>
   <div class='ocr_carea' id='block_1_35' title="bbox 202 2842 1571 2930">
    <p class='ocr_par' dir='ltr' id='par_1_35' title="bbox 202 2842 1571 2930">
     <span class='ocr_line' id='line_1_35' title="bbox 202 2842 1571 2930; baseline 0.018 -39"><span class='ocrx_word' id='word_1_251' title='bbox 202 2855 295 2894; x_wconf 88' lang='grc' dir='ltr'><strong>σον</strong></span> <span class='ocrx_word' id='word_1_252' title='bbox 315 2843 573 2909; x_wconf 83' lang='grc' dir='ltr'>τοιοῦτον,</span> <span class='ocrx_word' id='word_1_253' title='bbox 602 2842 711 2901; x_wconf 77' lang='grc' dir='ltr'>οἷον</span> <span class='ocrx_word' id='word_1_254' title='bbox 735 2850 783 2901; x_wconf 85' lang='grc' dir='ltr'>οἱ</span> <span class='ocrx_word' id='word_1_255' title='bbox 810 2850 1114 2907; x_wconf 81' lang='grc' dir='ltr'>ἀποστάται</span> <span class='ocrx_word' id='word_1_256' title='bbox 1144 2871 1238 2909; x_wconf 91' lang='grc' dir='ltr'><strong>σου</strong></span> <span class='ocrx_word' id='word_1_257' title='bbox 1269 2858 1571 2930; x_wconf 88' lang='grc' dir='ltr'>γενόμενοι.</span> 
     </span>
    </p>
   </div>
   <div class='ocr_carea' id='block_1_36' title="bbox 199 3035 1769 3119">
    <p class='ocr_par' dir='ltr' id='par_1_36' title="bbox 199 3035 1769 3119">
     <span class='ocr_line' id='line_1_36' title="bbox 199 3035 1769 3119; baseline 0.018 -30"><span class='ocrx_word' id='word_1_258' title='bbox 199 3035 310 3090; x_wconf 78' lang='grc' dir='ltr'><strong>ΕΙΣ</strong></span> <span class='ocrx_word' id='word_1_259' title='bbox 329 3039 417 3093; x_wconf 85' lang='grc' dir='ltr'><strong>ΤΟ</strong></span> <span class='ocrx_word' id='word_1_260' title='bbox 448 3041 665 3096; x_wconf 74' lang='grc' dir='ltr'><strong>ΤΕΛΟΣ</strong></span> <span class='ocrx_word' id='word_1_261' title='bbox 693 3045 778 3098; x_wconf 82' lang='lat' dir='ltr'><strong>T0</strong></span> <span class='ocrx_word' id='word_1_262' title='bbox 800 3045 1097 3119; x_wconf 84' lang='grc' dir='ltr'><strong>ΙΔΙΘΟΥΜ,</strong></span> <span class='ocrx_word' id='word_1_263' title='bbox 1124 3053 1254 3107; x_wconf 80' lang='grc' dir='ltr'><strong>ΩΔΗ</strong></span> <span class='ocrx_word' id='word_1_264' title='bbox 1292 3057 1377 3110; x_wconf 78' lang='grc' dir='ltr'><strong>ῬΩ</strong></span> <span class='ocrx_word' id='word_1_265' title='bbox 1408 3060 1609 3114; x_wconf 79' lang='grc' dir='ltr'><strong>ΔΑΥΙΔ</strong></span> <span class='ocrx_word' id='word_1_266' title='bbox 1638 3064 1769 3118; x_wconf 83' lang='lat' dir='ltr'><strong>AH&#39;.</strong></span> 
     </span>
    </p>
   </div>
   <div class='ocr_carea' id='block_1_37' title="bbox 267 3208 1778 3307">
    <p class='ocr_par' dir='ltr' id='par_1_37' title="bbox 267 3208 1778 3307">
     <span class='ocr_line' id='line_1_37' title="bbox 267 3208 1778 3307; baseline 0.017 -46"><span class='ocrx_word' id='word_1_267' title='bbox 267 3208 474 3282; x_wconf 79' lang='grc' dir='ltr'>Πολλὴν</span> <span class='ocrx_word' id='word_1_268' title='bbox 505 3211 563 3266; x_wconf 82' lang='grc' dir='ltr'><strong>δὲ</strong></span> <span class='ocrx_word' id='word_1_269' title='bbox 616 3214 915 3287; x_wconf 81' lang='grc' dir='ltr'>ἐμφέρειαν</span> <span class='ocrx_word' id='word_1_270' title='bbox 959 3218 1073 3292; x_wconf 77' lang='grc' dir='ltr'>ἔχει</span> <span class='ocrx_word' id='word_1_271' title='bbox 1109 3222 1179 3277; x_wconf 80' lang='grc' dir='ltr'><strong>τὰ</strong></span> <span class='ocrx_word' id='word_1_272' title='bbox 1227 3224 1286 3278; x_wconf 82' lang='grc' dir='ltr'><strong>ἐν</strong></span> <span class='ocrx_word' id='word_1_273' title='bbox 1326 3229 1391 3297; x_wconf 81' lang='grc' dir='ltr'>τῇ</span> <span class='ocrx_word' id='word_1_274' title='bbox 1440 3231 1778 3307; x_wconf 80' lang='grc' dir='ltr'>προκειμένῃ</span> 
     </span>
    </p>
   </div>
   <div class='ocr_carea' id='block_1_38' title="bbox 192 3297 1777 3393">
    <p class='ocr_par' dir='ltr' id='par_1_38' title="bbox 192 3297 1777 3393">
     <span class='ocr_line' id='line_1_38' title="bbox 192 3297 1777 3393; baseline -0.005 -36"><span class='ocrx_word' id='word_1_275' title='bbox 192 3297 305 3373; x_wconf 78' lang='grc' dir='ltr'><strong>ᾠδῇ</strong></span> <span class='ocrx_word' id='word_1_276' title='bbox 340 3301 607 3372; x_wconf 88' lang='grc' dir='ltr'>λεγόμενα</span> <span class='ocrx_word' id='word_1_277' title='bbox 647 3314 761 3373; x_wconf 77' lang='grc' dir='ltr'>τοῖς</span> <span class='ocrx_word' id='word_1_278' title='bbox 800 3311 861 3363; x_wconf 84' lang='grc' dir='ltr'><strong>ἐν</strong></span> <span class='ocrx_word' id='word_1_279' title='bbox 891 3311 970 3382; x_wconf 78' lang='grc' dir='ltr'>τῷ</span> <span class='ocrx_word' id='word_1_280' title='bbox 1014 3314 1118 3386; x_wconf 78' lang='grc' dir='ltr'><strong>πρὸ</strong></span> <span class='ocrx_word' id='word_1_281' title='bbox 1147 3316 1336 3371; x_wconf 84' lang='grc' dir='ltr'>τούτου</span> <span class='ocrx_word' id='word_1_282' title='bbox 1371 3297 1591 3393; x_wconf 49' lang='grc' dir='ltr'><strong>ψαλμῷ⁸</strong></span> <span class='ocrx_word' id='word_1_283' title='bbox 1637 3297 1777 3378; x_wconf 53' lang='lat' dir='ltr'><strong>imo;</strong></span> 
     </span>
    </p>
   </div>
   <div class='ocr_carea' id='block_1_39' title="bbox 190 3392 1776 3486">
    <p class='ocr_par' dir='ltr' id='par_1_39' title="bbox 190 3392 1776 3486">
     <span class='ocr_line' id='line_1_39' title="bbox 190 3392 1776 3486; baseline 0.013 -39"><span class='ocrx_word' id='word_1_284' title='bbox 190 3392 398 3447; x_wconf 69' lang='grc' dir='ltr'>ἐκεῖνον</span> <span class='ocrx_word' id='word_1_285' title='bbox 432 3396 532 3465; x_wconf 88' lang='grc' dir='ltr'>μὲν</span> <span class='ocrx_word' id='word_1_286' title='bbox 557 3399 585 3449; x_wconf 88' lang='grc' dir='ltr'><strong>ό</strong></span> <span class='ocrx_word' id='word_1_287' title='bbox 620 3399 782 3452; x_wconf 79' lang='grc' dir='ltr'>Δαυῒδ</span> <span class='ocrx_word' id='word_1_288' title='bbox 812 3400 1053 3471; x_wconf 72' lang='grc' dir='ltr'>ψάλλων,</span> <span class='ocrx_word' id='word_1_289' title='bbox 1096 3408 1183 3473; x_wconf 84' lang='grc' dir='ltr'><strong>είς</strong></span> <span class='ocrx_word' id='word_1_290' title='bbox 1218 3408 1564 3480; x_wconf 69' lang='grc' dir='ltr'>ἀνάμνησιν</span> <span class='ocrx_word' id='word_1_291' title='bbox 1597 3414 1776 3486; x_wconf 84' lang='grc' dir='ltr'>ἐαυτῷ</span> 
     </span>
    </p>
   </div>
   <div class='ocr_carea' id='block_1_40' title="bbox 192 3482 1773 3576">
    <p class='ocr_par' dir='ltr' id='par_1_40' title="bbox 192 3482 1773 3576">
     <span class='ocr_line' id='line_1_40' title="bbox 192 3482 1773 3576; baseline 0.016 -41"><span class='ocrx_word' id='word_1_292' title='bbox 192 3482 545 3576; x_wconf 79' lang='grc' dir='ltr'>συνέταττενο</span> <span class='ocrx_word' id='word_1_293' title='bbox 611 3484 760 3554; x_wconf 72' lang='grc' dir='ltr'>οὗτος</span> <span class='ocrx_word' id='word_1_294' title='bbox 786 3491 842 3544; x_wconf 86' lang='grc' dir='ltr'>δὲ</span> <span class='ocrx_word' id='word_1_295' title='bbox 888 3493 987 3566; x_wconf 72' lang='grc' dir='ltr'>ἤδη</span> <span class='ocrx_word' id='word_1_296' title='bbox 1034 3499 1127 3553; x_wconf 72' lang='grc' dir='ltr'>καὶ</span> <span class='ocrx_word' id='word_1_297' title='bbox 1171 3500 1393 3574; x_wconf 83' lang='grc' dir='ltr'>ἐτέρους</span> <span class='ocrx_word' id='word_1_298' title='bbox 1437 3482 1773 3576; x_wconf 73' lang='grc' dir='ltr'>παραδίδωσι</span> 
     </span>
    </p>
   </div>
   <div class='ocr_carea' id='block_1_41' title="bbox 186 3572 1774 3668">
    <p class='ocr_par' dir='ltr' id='par_1_41' title="bbox 186 3572 1774 3668">
     <span class='ocr_line' id='line_1_41' title="bbox 186 3572 1774 3668; baseline 0.016 -43"><span class='ocrx_word' id='word_1_299' title='bbox 186 3572 315 3638; x_wconf 77' lang='grc' dir='ltr'>τοὺς</span> <span class='ocrx_word' id='word_1_300' title='bbox 336 3573 403 3628; x_wconf 77' lang='grc' dir='ltr'>τὰ</span> <span class='ocrx_word' id='word_1_301' title='bbox 434 3576 594 3647; x_wconf 85' lang='grc' dir='ltr'>ὃμοια</span> <span class='ocrx_word' id='word_1_302' title='bbox 621 3580 956 3645; x_wconf 83' lang='grc' dir='ltr'>πεπονθότας</span> <span class='ocrx_word' id='word_1_303' title='bbox 987 3587 1156 3657; x_wconf 83' lang='grc' dir='ltr'>αύτῷ,</span> <span class='ocrx_word' id='word_1_304' title='bbox 1186 3572 1275 3644; x_wconf 69' lang='grc' dir='ltr'><strong>διὰ</strong></span> <span class='ocrx_word' id='word_1_305' title='bbox 1312 3593 1411 3663; x_wconf 81' lang='grc' dir='ltr'>τῆς</span> <span class='ocrx_word' id='word_1_306' title='bbox 1436 3572 1556 3666; x_wconf 36' lang='grc' dir='ltr'>ἴση-ς</span> <span class='ocrx_word' id='word_1_307' title='bbox 1582 3595 1774 3668; x_wconf 80' lang='grc' dir='ltr'>ἐξομο-</span> 
     </span>
    </p>
   </div>
   <div class='ocr_carea' id='block_1_42' title="bbox 186 3662 1772 3750">
    <p class='ocr_par' dir='ltr' id='par_1_42' title="bbox 186 3662 1772 3750">
     <span class='ocr_line' id='line_1_42' title="bbox 186 3662 1772 3750; baseline 0.016 -34"><span class='ocrx_word' id='word_1_308' title='bbox 186 3662 464 3737; x_wconf 81' lang='grc' dir='ltr'>λογήσεως</span> <span class='ocrx_word' id='word_1_309' title='bbox 487 3668 683 3740; x_wconf 75' lang='grc' dir='ltr'>ζηλοῦν</span> <span class='ocrx_word' id='word_1_310' title='bbox 702 3674 864 3728; x_wconf 79' lang='grc' dir='ltr'>αὑτὸν</span> <span class='ocrx_word' id='word_1_311' title='bbox 914 3677 1008 3730; x_wconf 71' lang='lat' dir='ltr'><strong>xui.</strong></span> <span class='ocrx_word' id='word_1_312' title='bbox 1049 3682 1332 3750; x_wconf 85' lang='grc' dir='ltr'>μιμεῖσθαι</span> <span class='ocrx_word' id='word_1_313' title='bbox 1368 3662 1687 3740; x_wconf 68' lang='grc' dir='ltr'>παιδεύωῦ</span> <span class='ocrx_word' id='word_1_314' title='bbox 1721 3690 1772 3742; x_wconf 85' lang='grc' dir='ltr'><strong>εί</strong></span> 
     </span>
    </p>
   </div>
   <div class='ocr_carea' id='block_1_43' title="bbox 190 3757 1771 3849">
    <p class='ocr_par' dir='ltr' id='par_1_43' title="bbox 190 3757 1771 3849">
     <span class='ocr_line' id='line_1_43' title="bbox 190 3757 1771 3849; baseline 0.015 -39"><span class='ocrx_word' id='word_1_315' title='bbox 190 3757 268 3849; x_wconf 78' lang='grc' dir='ltr'>μὴ</span> <span class='ocrx_word' id='word_1_316' title='bbox 284 3758 391 3828; x_wconf 78' lang='grc' dir='ltr'>ἄρα</span> <span class='ocrx_word' id='word_1_317' title='bbox 420 3761 482 3814; x_wconf 78' lang='grc' dir='ltr'>τὸ</span> <span class='ocrx_word' id='word_1_318' title='bbox 510 3762 733 3837; x_wconf 77' lang='grc' dir='ltr'>Πνεῦμα</span> <span class='ocrx_word' id='word_1_319' title='bbox 766 3767 827 3820; x_wconf 75' lang='grc' dir='ltr'><strong>τὸ</strong></span> <span class='ocrx_word' id='word_1_320' title='bbox 854 3768 1008 3839; x_wconf 73' lang='grc' dir='ltr'>ἅγιον</span> <span class='ocrx_word' id='word_1_321' title='bbox 1036 3772 1124 3827; x_wconf 81' lang='grc' dir='ltr'><strong>διὰ</strong></span> <span class='ocrx_word' id='word_1_322' title='bbox 1164 3774 1257 3827; x_wconf 87' lang='grc' dir='ltr'><strong>τοῦ</strong></span> <span class='ocrx_word' id='word_1_323' title='bbox 1312 3776 1548 3849; x_wconf 78' lang='grc' dir='ltr'>Ἰδιθοὺμ</span> <span class='ocrx_word' id='word_1_324' title='bbox 1597 3778 1771 3834; x_wconf 86' lang='grc' dir='ltr'>ταῦτα</span> 
     </span>
    </p>
   </div>
   <div class='ocr_carea' id='block_1_44' title="bbox 185 3847 1772 3940">
    <p class='ocr_par' dir='ltr' id='par_1_44' title="bbox 185 3847 1772 3940">
     <span class='ocr_line' id='line_1_44' title="bbox 185 3847 1772 3940; baseline 0.015 -37"><span class='ocrx_word' id='word_1_325' title='bbox 185 3847 278 3940; x_wconf 79' lang='grc' dir='ltr'>τὸν</span> <span class='ocrx_word' id='word_1_326' title='bbox 305 3851 465 3907; x_wconf 73' lang='grc' dir='ltr'>Δαυτδ</span> <span class='ocrx_word' id='word_1_327' title='bbox 485 3854 733 3912; x_wconf 79' lang='grc' dir='ltr'>ἐδίδασκε</span> <span class='ocrx_word' id='word_1_328' title='bbox 758 3858 958 3929; x_wconf 86' lang='grc' dir='ltr'>λέγειν.</span> <span class='ocrx_word' id='word_1_329' title='bbox 1005 3862 1229 3930; x_wconf 82' lang='grc' dir='ltr'>Ἦξίωτο</span> <span class='ocrx_word' id='word_1_330' title='bbox 1259 3866 1367 3940; x_wconf 74' lang='grc' dir='ltr'>γὰρ</span> <span class='ocrx_word' id='word_1_331' title='bbox 1410 3847 1519 3923; x_wconf 10' lang='grc' dir='ltr'>καὶὴ</span> <span class='ocrx_word' id='word_1_332' title='bbox 1550 3872 1713 3936; x_wconf 80' lang='grc' dir='ltr'>αὐτὸς</span> <span class='ocrx_word' id='word_1_333' title='bbox 1742 3876 1772 3927; x_wconf 87' lang='grc' dir='ltr'><strong>ό</strong></span> 
     </span>
    </p>
   </div>
   <div class='ocr_carea' id='block_1_45' title="bbox 198 3939 1773 4030">
    <p class='ocr_par' dir='ltr' id='par_1_45' title="bbox 198 3939 1773 4030">
     <span class='ocr_line' id='line_1_45' title="bbox 198 3939 1773 4030; baseline 0.015 -38"><span class='ocrx_word' id='word_1_334' title='bbox 198 3939 433 4013; x_wconf 74' lang='grc' dir='ltr'>Ἰδιθοὺμ</span> <span class='ocrx_word' id='word_1_335' title='bbox 461 3946 769 4016; x_wconf 87' lang='grc' dir='ltr'>πνεύματος</span> <span class='ocrx_word' id='word_1_336' title='bbox 805 3955 1164 4024; x_wconf 86' lang='grc' dir='ltr'>προφητικοῦ.</span> <span class='ocrx_word' id='word_1_337' title='bbox 1214 3939 1575 4030; x_wconf 83' lang='grc' dir='ltr'>Μανθάνομεν</span> <span class='ocrx_word' id='word_1_338' title='bbox 1603 3962 1660 4016; x_wconf 82' lang='grc' dir='ltr'><strong>δέ</strong></span> <span class='ocrx_word' id='word_1_339' title='bbox 1682 3961 1773 4017; x_wconf 84' lang='grc' dir='ltr'><strong>διὰ</strong></span> 
     </span>
    </p>
   </div>
   <div class='ocr_carea' id='block_1_46' title="bbox 181 4032 1771 4127">
    <p class='ocr_par' dir='ltr' id='par_1_46' title="bbox 181 4032 1771 4127">
     <span class='ocr_line' id='line_1_46' title="bbox 181 4032 1771 4127; baseline 0.015 -42"><span class='ocrx_word' id='word_1_340' title='bbox 181 4032 297 4087; x_wconf 86' lang='grc' dir='ltr'><strong>τῶν</strong></span> <span class='ocrx_word' id='word_1_341' title='bbox 331 4040 727 4110; x_wconf 74' lang='grc' dir='ltr'>προκειμένων,</span> <span class='ocrx_word' id='word_1_342' title='bbox 755 4044 831 4108; x_wconf 86' lang='grc' dir='ltr'>ὡς</span> <span class='ocrx_word' id='word_1_343' title='bbox 876 4046 985 4118; x_wconf 80' lang='grc' dir='ltr'>ἄρα</span> <span class='ocrx_word' id='word_1_344' title='bbox 1017 4050 1282 4120; x_wconf 87' lang='grc' dir='ltr'>προσήκει</span> <span class='ocrx_word' id='word_1_345' title='bbox 1329 4051 1559 4106; x_wconf 75' lang='grc' dir='ltr'>ἕκαστον</span> <span class='ocrx_word' id='word_1_346' title='bbox 1594 4053 1771 4127; x_wconf 83' lang='grc' dir='ltr'>ἑαυτῷ</span> 
     </span>
    </p>
   </div>
   <div class='ocr_carea' id='block_1_47' title="bbox 178 4125 1771 4211">
    <p class='ocr_par' dir='ltr' id='par_1_47' title="bbox 178 4125 1771 4211">
     <span class='ocr_line' id='line_1_47' title="bbox 178 4125 1771 4211; baseline 0.014 -31"><span class='ocrx_word' id='word_1_347' title='bbox 178 4125 546 4199; x_wconf 81' lang='grc' dir='ltr'>διαλέγεσθαι,</span> <span class='ocrx_word' id='word_1_348' title='bbox 594 4135 728 4205; x_wconf 71' lang='grc' dir='ltr'>μηδὲ</span> <span class='ocrx_word' id='word_1_349' title='bbox 780 4140 1094 4211; x_wconf 85' lang='grc' dir='ltr'>περιμένειν</span> <span class='ocrx_word' id='word_1_350' title='bbox 1133 4144 1257 4208; x_wconf 81' lang='grc' dir='ltr'>τοὺς</span> <span class='ocrx_word' id='word_1_351' title='bbox 1285 4143 1483 4209; x_wconf 76' lang='grc' dir='ltr'>ἔξωθεν</span> <span class='ocrx_word' id='word_1_352' title='bbox 1518 4125 1771 4201; x_wconf 60' lang='lat' dir='ltr'><strong>Stridode</strong></span> 
     </span>
    </p>
   </div>
   <div class='ocr_carea' id='block_1_48' title="bbox 178 4220 1770 4311">
    <p class='ocr_par' dir='ltr' id='par_1_48' title="bbox 178 4220 1770 4311">
     <span class='ocr_line' id='line_1_48' title="bbox 178 4220 1770 4311; baseline 0.012 -37"><span class='ocrx_word' id='word_1_353' title='bbox 178 4220 330 4287; x_wconf 86' lang='grc' dir='ltr'>λους,</span> <span class='ocrx_word' id='word_1_354' title='bbox 382 4225 545 4280; x_wconf 75' lang='grc' dir='ltr'>αὐτὸν</span> <span class='ocrx_word' id='word_1_355' title='bbox 572 4227 641 4280; x_wconf 85' lang='grc' dir='ltr'><strong>δι’</strong></span> <span class='ocrx_word' id='word_1_356' title='bbox 687 4228 882 4283; x_wconf 87' lang='grc' dir='ltr'>ἐαυτοῦ</span> <span class='ocrx_word' id='word_1_357' title='bbox 941 4234 1375 4308; x_wconf 85' lang='grc' dir='ltr'>προσομιλοῦντα</span> <span class='ocrx_word' id='word_1_358' title='bbox 1420 4236 1498 4308; x_wconf 79' lang='grc' dir='ltr'>τῷ</span> <span class='ocrx_word' id='word_1_359' title='bbox 1525 4236 1770 4311; x_wconf 77' lang='grc' dir='ltr'>λογισμῷ</span> 
     </span>
    </p>
   </div>
   <div class='ocr_carea' id='block_1_49' title="bbox 176 4315 635 4391">
    <p class='ocr_par' dir='ltr' id='par_1_49' title="bbox 176 4315 635 4391">
     <span class='ocr_line' id='line_1_49' title="bbox 176 4315 635 4391; baseline 0.009 -22"><span class='ocrx_word' id='word_1_360' title='bbox 176 4315 276 4370; x_wconf 78' lang='grc' dir='ltr'><strong>καὶ</strong></span> <span class='ocrx_word' id='word_1_361' title='bbox 305 4317 371 4385; x_wconf 79' lang='grc' dir='ltr'><strong>τῇ</strong></span> <span class='ocrx_word' id='word_1_362' title='bbox 408 4317 635 4391; x_wconf 72' lang='grc' dir='ltr'>διανοίᾳ.</span> 
     </span>
    </p>
   </div>
   <div class='ocr_carea' id='block_1_50' title="bbox 1970 932 3477 1013">
    <p class='ocr_par' dir='ltr' id='par_1_50' title="bbox 1970 932 3477 1013">
     <span class='ocr_line' id='line_1_50' title="bbox 1970 932 3477 1013; baseline 0.014 -25"><span class='ocrx_word' id='word_1_363' title='bbox 1970 932 2136 991; x_wconf 71' lang='lat' dir='ltr'><strong>Vsus.</strong></span> <span class='ocrx_word' id='word_1_364' title='bbox 2199 937 2285 991; x_wconf 81' lang='lat' dir='ltr'><strong>l7.</strong></span> <span class='ocrx_word' id='word_1_365' title='bbox 2341 936 2455 1008; x_wconf 86' lang='lat' dir='ltr'><strong>Ego</strong></span> <span class='ocrx_word' id='word_1_366' title='bbox 2515 949 2693 994; x_wconf 83' lang='lat' dir='ltr'><strong>autem</strong></span> <span class='ocrx_word' id='word_1_367' title='bbox 2780 950 3031 1013; x_wconf 80' lang='lat' dir='ltr'><strong>tanquam</strong></span> <span class='ocrx_word' id='word_1_368' title='bbox 3094 947 3288 1005; x_wconf 84' lang='lat' dir='ltr'><strong>surdus</strong></span> <span class='ocrx_word' id='word_1_369' title='bbox 3370 969 3477 1010; x_wconf 76' lang='lat' dir='ltr'><strong>non</strong></span> 
     </span>
    </p>
   </div>
   <div class='ocr_carea' id='block_1_51' title="bbox 1899 1024 3472 1104">
    <p class='ocr_par' dir='ltr' id='par_1_51' title="bbox 1899 1024 3472 1104">
     <span class='ocr_line' id='line_1_51' title="bbox 1899 1024 3472 1104; baseline 0.013 -27"><span class='ocrx_word' id='word_1_370' title='bbox 1899 1024 2197 1091; x_wconf 82' lang='lat' dir='ltr'><strong>audiebam,</strong></span> <span class='ocrx_word' id='word_1_371' title='bbox 2252 1036 2296 1082; x_wconf 81' lang='lat' dir='ltr'><strong>et</strong></span> <span class='ocrx_word' id='word_1_372' title='bbox 2343 1029 2479 1082; x_wconf 89' lang='lat' dir='ltr'><strong>sicut</strong></span> <span class='ocrx_word' id='word_1_373' title='bbox 2523 1040 2699 1084; x_wconf 85' lang='lat' dir='ltr'><strong>mutus</strong></span> <span class='ocrx_word' id='word_1_374' title='bbox 2752 1048 2857 1085; x_wconf 84' lang='lat' dir='ltr'><strong>non</strong></span> <span class='ocrx_word' id='word_1_375' title='bbox 2908 1036 3147 1104; x_wconf 83' lang='lat' dir='ltr'><strong>aperiens</strong></span> <span class='ocrx_word' id='word_1_376' title='bbox 3194 1054 3252 1093; x_wconf 86' lang='lat' dir='ltr'><strong>os</strong></span> <span class='ocrx_word' id='word_1_377' title='bbox 3297 1056 3472 1099; x_wconf 76' lang='lat' dir='ltr'><strong>suum.</strong></span> 
     </span>
    </p>
   </div>
   <div class='ocr_carea' id='block_1_52' title="bbox 1901 1114 3476 1196">
    <p class='ocr_par' dir='ltr' id='par_1_52' title="bbox 1901 1114 3476 1196">
     <span class='ocr_line' id='line_1_52' title="bbox 1901 1114 3476 1196; baseline 0.012 -27"><span class='ocrx_word' id='word_1_378' title='bbox 1901 1114 1969 1170; x_wconf 82' lang='lat' dir='ltr'><strong>Et</strong></span> <span class='ocrx_word' id='word_1_379' title='bbox 1989 1118 2164 1187; x_wconf 79' lang='lat' dir='ltr'><strong>[actus</strong></span> <span class='ocrx_word' id='word_1_380' title='bbox 2195 1136 2312 1173; x_wconf 88' lang='lat' dir='ltr'><strong>sum</strong></span> <span class='ocrx_word' id='word_1_381' title='bbox 2335 1121 2472 1175; x_wconf 78' lang='lat' dir='ltr'><strong>sicut</strong></span> <span class='ocrx_word' id='word_1_382' title='bbox 2502 1121 2655 1176; x_wconf 86' lang='lat' dir='ltr'><strong>homo</strong></span> <span class='ocrx_word' id='word_1_383' title='bbox 2686 1140 2789 1177; x_wconf 87' lang='lat' dir='ltr'><strong>non</strong></span> <span class='ocrx_word' id='word_1_384' title='bbox 2813 1126 3055 1196; x_wconf 81' lang='lat' dir='ltr'><strong>audiens,</strong></span> <span class='ocrx_word' id='word_1_385' title='bbox 3078 1141 3128 1183; x_wconf 82' lang='lat' dir='ltr'><strong>et</strong></span> <span class='ocrx_word' id='word_1_386' title='bbox 3151 1146 3256 1185; x_wconf 82' lang='lat' dir='ltr'><strong>non</strong></span> <span class='ocrx_word' id='word_1_387' title='bbox 3281 1131 3476 1193; x_wconf 72' lang='lat' dir='ltr'><strong>habens</strong></span> 
     </span>
    </p>
   </div>
   <div class='ocr_carea' id='block_1_53' title="bbox 1897 1207 3475 1290">
    <p class='ocr_par' dir='ltr' id='par_1_53' title="bbox 1897 1207 3475 1290">
     <span class='ocr_line' id='line_1_53' title="bbox 1897 1207 3475 1290; baseline 0.014 -30"><span class='ocrx_word' id='word_1_388' title='bbox 1897 1207 2063 1264; x_wconf 84' lang='lat' dir='ltr'><strong>inore</strong></span> <span class='ocrx_word' id='word_1_389' title='bbox 2112 1227 2209 1265; x_wconf 88' lang='lat' dir='ltr'><strong>suo</strong></span> <span class='ocrx_word' id='word_1_390' title='bbox 2250 1211 2669 1283; x_wconf 83' lang='lat' dir='ltr'><strong>redargutiones.</strong></span> <span class='ocrx_word' id='word_1_391' title='bbox 2716 1214 2986 1281; x_wconf 84' lang='lat' dir='ltr'><strong>Quoniam</strong></span> <span class='ocrx_word' id='word_1_392' title='bbox 3012 1257 3028 1283; x_wconf 90' lang='lat'><strong>,</strong></span> <span class='ocrx_word' id='word_1_393' title='bbox 3080 1218 3300 1290; x_wconf 87' lang='lat' dir='ltr'><strong>inquit,</strong></span> <span class='ocrx_word' id='word_1_394' title='bbox 3343 1225 3475 1284; x_wconf 87' lang='lat' dir='ltr'><strong>mibi</strong></span> 
     </span>
    </p>
   </div>
   <div class='ocr_carea' id='block_1_54' title="bbox 1897 1298 3472 1387">
    <p class='ocr_par' dir='ltr' id='par_1_54' title="bbox 1897 1298 3472 1387">
     <span class='ocr_line' id='line_1_54' title="bbox 1897 1298 3472 1387; baseline 0.013 -35"><span class='ocrx_word' id='word_1_395' title='bbox 1897 1298 2109 1368; x_wconf 90' lang='lat' dir='ltr'><strong>pudore</strong></span> <span class='ocrx_word' id='word_1_396' title='bbox 2164 1301 2396 1366; x_wconf 78' lang='lat' dir='ltr'><strong>suﬂ&#39;uso,</strong></span> <span class='ocrx_word' id='word_1_397' title='bbox 2446 1303 2582 1358; x_wconf 85' lang='lat' dir='ltr'><strong><em>nihil</em></strong></span> <span class='ocrx_word' id='word_1_398' title='bbox 2640 1307 2962 1375; x_wconf 76' lang='lat' dir='ltr'><strong>suppetebat</strong></span> <span class='ocrx_word' id='word_1_399' title='bbox 2998 1310 3145 1379; x_wconf 89' lang='lat' dir='ltr'><strong>quod</strong></span> <span class='ocrx_word' id='word_1_400' title='bbox 3190 1313 3472 1387; x_wconf 86' lang='lat' dir='ltr'><strong>dicerem;</strong></span> 
     </span>
    </p>
   </div>
   <div class='ocr_carea' id='block_1_55' title="bbox 1897 1392 3472 1475">
    <p class='ocr_par' dir='ltr' id='par_1_55' title="bbox 1897 1392 3472 1475">
     <span class='ocr_line' id='line_1_55' title="bbox 1897 1392 3472 1475; baseline 0.011 -30"><span class='ocrx_word' id='word_1_401' title='bbox 1897 1392 2083 1449; x_wconf 91' lang='lat' dir='ltr'><strong>nullus</strong></span> <span class='ocrx_word' id='word_1_402' title='bbox 2112 1395 2313 1465; x_wconf 87' lang='lat' dir='ltr'><strong>quippe</strong></span> <span class='ocrx_word' id='word_1_403' title='bbox 2359 1393 2426 1448; x_wconf 88' lang='lat' dir='ltr'><strong>ad</strong></span> <span class='ocrx_word' id='word_1_404' title='bbox 2456 1394 2830 1451; x_wconf 79' lang='lat' dir='ltr'><strong>defensionem</strong></span> <span class='ocrx_word' id='word_1_405' title='bbox 2867 1412 3049 1453; x_wconf 84' lang='lat' dir='ltr'><strong>sermo</strong></span> <span class='ocrx_word' id='word_1_406' title='bbox 3089 1406 3472 1475; x_wconf 83' lang='lat' dir='ltr'><strong>succurrebat,</strong></span> 
     </span>
    </p>
   </div>
   <div class='ocr_carea' id='block_1_56' title="bbox 1895 1485 3472 1567">
    <p class='ocr_par' dir='ltr' id='par_1_56' title="bbox 1895 1485 3472 1567">
     <span class='ocr_line' id='line_1_56' title="bbox 1895 1485 3472 1567; baseline 0.01 -29"><span class='ocrx_word' id='word_1_407' title='bbox 1895 1500 2073 1556; x_wconf 83' lang='lat' dir='ltr'><strong>neque</strong></span> <span class='ocrx_word' id='word_1_408' title='bbox 2123 1485 2397 1550; x_wconf 84' lang='lat' dir='ltr'><strong>inimicos,</strong></span> <span class='ocrx_word' id='word_1_409' title='bbox 2434 1487 2600 1543; x_wconf 87' lang='lat' dir='ltr'><strong>semel</strong></span> <span class='ocrx_word' id='word_1_410' title='bbox 2643 1488 2712 1543; x_wconf 91' lang='lat' dir='ltr'><strong>ab</strong></span> <span class='ocrx_word' id='word_1_411' title='bbox 2742 1488 2810 1545; x_wconf 91' lang='lat' dir='ltr'><strong>iis</strong></span> <span class='ocrx_word' id='word_1_412' title='bbox 2837 1491 3039 1556; x_wconf 88' lang='lat' dir='ltr'><strong>victus,</strong></span> <span class='ocrx_word' id='word_1_413' title='bbox 3074 1494 3276 1567; x_wconf 86' lang='lat' dir='ltr'><strong>alloqui</strong></span> <span class='ocrx_word' id='word_1_414' title='bbox 3325 1500 3472 1556; x_wconf 78' lang='lat' dir='ltr'><strong>vale-</strong></span> 
     </span>
    </p>
   </div>
   <div class='ocr_carea' id='block_1_57' title="bbox 1891 1575 3470 1661">
    <p class='ocr_par' dir='ltr' id='par_1_57' title="bbox 1891 1575 3470 1661">
     <span class='ocr_line' id='line_1_57' title="bbox 1891 1575 3470 1661; baseline 0.011 -32"><span class='ocrx_word' id='word_1_415' title='bbox 1891 1575 2040 1640; x_wconf 85' lang='lat' dir='ltr'><strong>bam,</strong></span> <span class='ocrx_word' id='word_1_416' title='bbox 2069 1577 2203 1631; x_wconf 90' lang='lat' dir='ltr'><strong>mihi</strong></span> <span class='ocrx_word' id='word_1_417' title='bbox 2238 1593 2344 1633; x_wconf 91' lang='lat' dir='ltr'><strong>non</strong></span> <span class='ocrx_word' id='word_1_418' title='bbox 2385 1577 2577 1642; x_wconf 82' lang='lat' dir='ltr'><strong>ﬁdens,</strong></span> <span class='ocrx_word' id='word_1_419' title='bbox 2614 1595 2793 1654; x_wconf 83' lang='lat' dir='ltr'><strong>neque</strong></span> <span class='ocrx_word' id='word_1_420' title='bbox 2818 1581 2978 1635; x_wconf 86' lang='lat' dir='ltr'><strong>aliam</strong></span> <span class='ocrx_word' id='word_1_421' title='bbox 3011 1594 3207 1654; x_wconf 61' lang='lat' dir='ltr'><strong>praeter</strong></span> <span class='ocrx_word' id='word_1_422' title='bbox 3235 1597 3287 1644; x_wconf 90' lang='lat' dir='ltr'><strong>te</strong></span> <span class='ocrx_word' id='word_1_423' title='bbox 3319 1605 3470 1661; x_wconf 90' lang='lat' dir='ltr'><strong>spem</strong></span> 
     </span>
    </p>
   </div>
   <div class='ocr_carea' id='block_1_58' title="bbox 1892 1669 3470 1739">
    <p class='ocr_par' dir='ltr' id='par_1_58' title="bbox 1892 1669 3470 1739">
     <span class='ocr_line' id='line_1_58' title="bbox 1892 1669 3470 1739; baseline 0.01 -18"><span class='ocrx_word' id='word_1_424' title='bbox 1892 1683 2004 1739; x_wconf 70' lang='lat' dir='ltr'><strong>pra:</strong></span> <span class='ocrx_word' id='word_1_425' title='bbox 2047 1669 2226 1727; x_wconf 83' lang='lat' dir='ltr'><strong>oculis</strong></span> <span class='ocrx_word' id='word_1_426' title='bbox 2264 1671 2493 1737; x_wconf 84' lang='lat' dir='ltr'><strong>habens,</strong></span> <span class='ocrx_word' id='word_1_427' title='bbox 2546 1671 2692 1727; x_wconf 86' lang='lat' dir='ltr'><strong>hunc</strong></span> <span class='ocrx_word' id='word_1_428' title='bbox 2722 1672 2858 1727; x_wconf 91' lang='lat' dir='ltr'><strong>mihi</strong></span> <span class='ocrx_word' id='word_1_429' title='bbox 2892 1676 3196 1734; x_wconf 85' lang='lat' dir='ltr'><strong>curationis</strong></span> <span class='ocrx_word' id='word_1_430' title='bbox 3246 1681 3470 1737; x_wconf 86' lang='lat' dir='ltr'><strong>modum</strong></span> 
     </span>
    </p>
   </div>
   <div class='ocr_carea' id='block_1_59' title="bbox 1890 1761 3467 1842">
    <p class='ocr_par' dir='ltr' id='par_1_59' title="bbox 1890 1761 3467 1842">
     <span class='ocr_line' id='line_1_59' title="bbox 1890 1761 3467 1842; baseline 0.009 -27"><span class='ocrx_word' id='word_1_431' title='bbox 1890 1761 2227 1832; x_wconf 63' lang='lat' dir='ltr'><strong>praescripsi.</strong></span> <span class='ocrx_word' id='word_1_432' title='bbox 2268 1762 2534 1830; x_wconf 82' lang='lat' dir='ltr'><strong>Quoniam</strong></span> <span class='ocrx_word' id='word_1_433' title='bbox 2571 1764 2737 1833; x_wconf 79' lang='lat' dir='ltr'><strong>igitur</strong></span> <span class='ocrx_word' id='word_1_434' title='bbox 2779 1766 2835 1820; x_wconf 87' lang='lat' dir='ltr'><strong>in</strong></span> <span class='ocrx_word' id='word_1_435' title='bbox 2868 1776 2916 1822; x_wconf 88' lang='lat' dir='ltr'><strong>te</strong></span> <span class='ocrx_word' id='word_1_436' title='bbox 2948 1769 3174 1838; x_wconf 86' lang='lat' dir='ltr'><strong>speravi.</strong></span> <span class='ocrx_word' id='word_1_437' title='bbox 3225 1771 3467 1842; x_wconf 79' lang='lat' dir='ltr'><strong>Domine,</strong></span> 
     </span>
    </p>
   </div>
   <div class='ocr_carea' id='block_1_60' title="bbox 1887 1855 3468 1937">
    <p class='ocr_par' dir='ltr' id='par_1_60' title="bbox 1887 1855 3468 1937">
     <span class='ocr_line' id='line_1_60' title="bbox 1887 1855 3468 1937; baseline 0.011 -32"><span class='ocrx_word' id='word_1_438' title='bbox 1887 1868 2005 1922; x_wconf 88' lang='lat' dir='ltr'><strong>spes</strong></span> <span class='ocrx_word' id='word_1_439' title='bbox 2053 1860 2235 1908; x_wconf 85' lang='lat' dir='ltr'><strong>autem</strong></span> <span class='ocrx_word' id='word_1_440' title='bbox 2275 1871 2378 1908; x_wconf 83' lang='lat' dir='ltr'><strong>non</strong></span> <span class='ocrx_word' id='word_1_441' title='bbox 2424 1855 2700 1926; x_wconf 79' lang='lat' dir='ltr'><strong>confundit</strong></span> <span class='ocrx_word' id='word_1_442' title='bbox 2726 1857 2810 1924; x_wconf 83' lang='grc'><strong>⁹⁸;</strong></span> <span class='ocrx_word' id='word_1_443' title='bbox 2845 1858 2968 1914; x_wconf 91' lang='lat' dir='ltr'><strong>ideo</strong></span> <span class='ocrx_word' id='word_1_444' title='bbox 3017 1862 3299 1928; x_wconf 84' lang='lat' dir='ltr'><strong>exaudies,</strong></span> <span class='ocrx_word' id='word_1_445' title='bbox 3341 1869 3468 1937; x_wconf 84' lang='lat' dir='ltr'><strong>quia</strong></span> 
     </span>
    </p>
   </div>
   <div class='ocr_carea' id='block_1_61' title="bbox 1888 1941 3454 2022">
    <p class='ocr_par' dir='ltr' id='par_1_61' title="bbox 1888 1941 3454 2022">
     <span class='ocr_line' id='line_1_61' title="bbox 1888 1941 3454 2022; baseline 0.01 -27"><span class='ocrx_word' id='word_1_446' title='bbox 1888 1941 2330 1998; x_wconf 88' lang='lat' dir='ltr'><strong>misericordiam</strong></span> <span class='ocrx_word' id='word_1_447' title='bbox 2379 1946 2483 2011; x_wconf 93' lang='lat' dir='ltr'><strong>vis,</strong></span> <span class='ocrx_word' id='word_1_448' title='bbox 2530 1961 2710 2017; x_wconf 91' lang='lat' dir='ltr'><strong>neque</strong></span> <span class='ocrx_word' id='word_1_449' title='bbox 2744 1947 2827 2003; x_wconf 85' lang='lat' dir='ltr'><strong>vis</strong></span> <span class='ocrx_word' id='word_1_450' title='bbox 2860 1956 3089 2004; x_wconf 86' lang='lat' dir='ltr'><strong>mortem</strong></span> <span class='ocrx_word' id='word_1_451' title='bbox 3124 1957 3454 2022; x_wconf 88' lang='lat' dir='ltr'><strong>peccatoris,</strong></span> 
     </span>
    </p>
   </div>
   <div class='ocr_carea' id='block_1_62' title="bbox 1889 2034 3469 2116">
    <p class='ocr_par' dir='ltr' id='par_1_62' title="bbox 1889 2034 3469 2116">
     <span class='ocr_line' id='line_1_62' title="bbox 1889 2034 3469 2116; baseline 0.008 -27"><span class='ocrx_word' id='word_1_452' title='bbox 1889 2034 1984 2090; x_wconf 89' lang='lat' dir='ltr'><strong>sed</strong></span> <span class='ocrx_word' id='word_1_453' title='bbox 2023 2035 2396 2105; x_wconf 77' lang='lat' dir='ltr'><strong>pmnitentiam</strong></span> <span class='ocrx_word' id='word_1_454' title='bbox 2434 2038 2571 2107; x_wconf 84' lang='lat' dir='ltr'><strong>ejus.</strong></span> <span class='ocrx_word' id='word_1_455' title='bbox 2611 2037 2791 2104; x_wconf 81' lang='lat' dir='ltr'><strong>Quare</strong></span> <span class='ocrx_word' id='word_1_456' title='bbox 2851 2054 2976 2095; x_wconf 91' lang='lat' dir='ltr'><strong>cum</strong></span> <span class='ocrx_word' id='word_1_457' title='bbox 3034 2042 3090 2096; x_wconf 90' lang='lat' dir='ltr'><strong>in</strong></span> <span class='ocrx_word' id='word_1_458' title='bbox 3124 2051 3177 2099; x_wconf 89' lang='lat' dir='ltr'><strong>te</strong></span> <span class='ocrx_word' id='word_1_459' title='bbox 3213 2061 3469 2116; x_wconf 84' lang='lat' dir='ltr'><strong>sperave-</strong></span> 
     </span>
    </p>
   </div>
   <div class='ocr_carea' id='block_1_63' title="bbox 1887 2124 3467 2193">
    <p class='ocr_par' dir='ltr' id='par_1_63' title="bbox 1887 2124 3467 2193">
     <span class='ocr_line' id='line_1_63' title="bbox 1887 2124 3467 2193; baseline 0.008 -15"><span class='ocrx_word' id='word_1_460' title='bbox 1887 2124 2013 2190; x_wconf 91' lang='lat' dir='ltr'><strong>rim,</strong></span> <span class='ocrx_word' id='word_1_461' title='bbox 2050 2125 2282 2181; x_wconf 89' lang='lat' dir='ltr'><strong>obsecro</strong></span> <span class='ocrx_word' id='word_1_462' title='bbox 2334 2138 2484 2181; x_wconf 87' lang='lat' dir='ltr'><strong>tuam</strong></span> <span class='ocrx_word' id='word_1_463' title='bbox 2535 2129 2669 2184; x_wconf 90' lang='lat' dir='ltr'><strong>mihi</strong></span> <span class='ocrx_word' id='word_1_464' title='bbox 2722 2134 3062 2187; x_wconf 83' lang='lat' dir='ltr'><strong>curationem</strong></span> <span class='ocrx_word' id='word_1_465' title='bbox 3112 2136 3359 2193; x_wconf 90' lang='lat' dir='ltr'><strong>obtinere</strong></span> <span class='ocrx_word' id='word_1_466' title='bbox 3402 2140 3467 2191; x_wconf 85' lang='lat' dir='ltr'><strong>li-</strong></span> 
     </span>
    </p>
   </div>
   <div class='ocr_carea' id='block_1_64' title="bbox 1884 2217 3463 2297">
    <p class='ocr_par' dir='ltr' id='par_1_64' title="bbox 1884 2217 3463 2297">
     <span class='ocr_line' id='line_1_64' title="bbox 1884 2217 3463 2297; baseline 0.009 -26"><span class='ocrx_word' id='word_1_467' title='bbox 1884 2217 2371 2290; x_wconf 84' lang='lat' dir='ltr'><strong>ceat:Nequando</strong></span> <span class='ocrx_word' id='word_1_468' title='bbox 2424 2223 2849 2294; x_wconf 80' lang='lat' dir='ltr'><strong>supergaudeant</strong></span> <span class='ocrx_word' id='word_1_469' title='bbox 2905 2226 3037 2280; x_wconf 73' lang='lat' dir='ltr'><strong>milii</strong></span> <span class='ocrx_word' id='word_1_470' title='bbox 3087 2227 3291 2284; x_wconf 85' lang='lat' dir='ltr'><strong>inimici</strong></span> <span class='ocrx_word' id='word_1_471' title='bbox 3338 2233 3463 2297; x_wconf 87' lang='lat' dir='ltr'><strong>mei,</strong></span> 
     </span>
    </p>
   </div>
   <div class='ocr_carea' id='block_1_65' title="bbox 1884 2313 3466 2394">
    <p class='ocr_par' dir='ltr' id='par_1_65' title="bbox 1884 2313 3466 2394">
     <span class='ocr_line' id='line_1_65' title="bbox 1884 2313 3466 2394; baseline 0.01 -28"><span class='ocrx_word' id='word_1_472' title='bbox 1884 2313 2129 2368; x_wconf 90' lang='lat' dir='ltr'><strong>nondum</strong></span> <span class='ocrx_word' id='word_1_473' title='bbox 2158 2314 2305 2369; x_wconf 87' lang='lat' dir='ltr'><strong>enim</strong></span> <span class='ocrx_word' id='word_1_474' title='bbox 2337 2316 2554 2386; x_wconf 91' lang='lat' dir='ltr'><strong>penitus</strong></span> <span class='ocrx_word' id='word_1_475' title='bbox 2588 2320 2762 2388; x_wconf 79' lang='lat' dir='ltr'><strong>gavisi</strong></span> <span class='ocrx_word' id='word_1_476' title='bbox 2787 2327 2935 2376; x_wconf 89' lang='lat' dir='ltr'><strong>sunt.</strong></span> <span class='ocrx_word' id='word_1_477' title='bbox 2976 2319 3466 2394; x_wconf 85' lang='lat' dir='ltr'><strong>Supergaudebunt</strong></span> 
     </span>
    </p>
   </div>
   <div class='ocr_carea' id='block_1_66' title="bbox 1884 2405 3465 2481">
    <p class='ocr_par' dir='ltr' id='par_1_66' title="bbox 1884 2405 3465 2481">
     <span class='ocr_line' id='line_1_66' title="bbox 1884 2405 3465 2481; baseline 0.011 -25"><span class='ocrx_word' id='word_1_478' title='bbox 1884 2411 2088 2471; x_wconf 79' lang='lat' dir='ltr'><strong>autem,</strong></span> <span class='ocrx_word' id='word_1_479' title='bbox 2118 2405 2226 2459; x_wconf 89' lang='lat' dir='ltr'><strong>nisi</strong></span> <span class='ocrx_word' id='word_1_480' title='bbox 2254 2406 2685 2462; x_wconf 87' lang='lat' dir='ltr'><strong>misericordiam</strong></span> <span class='ocrx_word' id='word_1_481' title='bbox 2710 2423 3021 2481; x_wconf 80' lang='lat' dir='ltr'><strong>consequar</strong></span> <span class='ocrx_word' id='word_1_482' title='bbox 3044 2422 3193 2467; x_wconf 85' lang='lat' dir='ltr'><strong>tuam</strong></span> <span class='ocrx_word' id='word_1_483' title='bbox 3221 2433 3233 2469; x_wconf 93' lang='lat'><strong>:</strong></span> <span class='ocrx_word' id='word_1_484' title='bbox 3270 2415 3365 2471; x_wconf 89' lang='lat' dir='ltr'><strong>sed</strong></span> <span class='ocrx_word' id='word_1_485' title='bbox 3394 2432 3465 2474; x_wconf 85' lang='lat' dir='ltr'><strong>ne</strong></span> 
     </span>
    </p>
   </div>
   <div class='ocr_carea' id='block_1_67' title="bbox 1881 2497 3462 2577">
    <p class='ocr_par' dir='ltr' id='par_1_67' title="bbox 1881 2497 3462 2577">
     <span class='ocr_line' id='line_1_67' title="bbox 1881 2497 3462 2577; baseline 0.008 -25"><span class='ocrx_word' id='word_1_486' title='bbox 1881 2497 2322 2568; x_wconf 85' lang='lat' dir='ltr'><strong>supergaudeant</strong></span> <span class='ocrx_word' id='word_1_487' title='bbox 2377 2499 2510 2553; x_wconf 88' lang='lat' dir='ltr'><strong>mihi</strong></span> <span class='ocrx_word' id='word_1_488' title='bbox 2562 2500 2769 2556; x_wconf 91' lang='lat' dir='ltr'><strong>inimici</strong></span> <span class='ocrx_word' id='word_1_489' title='bbox 2823 2505 2950 2566; x_wconf 90' lang='lat' dir='ltr'><strong>mei,</strong></span> <span class='ocrx_word' id='word_1_490' title='bbox 3003 2505 3096 2575; x_wconf 88' lang='lat' dir='ltr'><strong>qui</strong></span> <span class='ocrx_word' id='word_1_491' title='bbox 3140 2505 3253 2577; x_wconf 85' lang='lat' dir='ltr'><strong>jam</strong></span> <span class='ocrx_word' id='word_1_492' title='bbox 3302 2520 3462 2565; x_wconf 89' lang='lat' dir='ltr'><strong>antea</strong></span> 
     </span>
    </p>
   </div>
   <div class='ocr_carea' id='block_1_68' title="bbox 1880 2592 3463 2668">
    <p class='ocr_par' dir='ltr' id='par_1_68' title="bbox 1880 2592 3463 2668">
     <span class='ocr_line' id='line_1_68' title="bbox 1880 2592 3463 2668; baseline 0.008 -24"><span class='ocrx_word' id='word_1_493' title='bbox 1880 2603 2007 2644; x_wconf 90' lang='lat' dir='ltr'><strong>cum</strong></span> <span class='ocrx_word' id='word_1_494' title='bbox 2050 2599 2530 2645; x_wconf 83' lang='lat' dir='ltr'><strong>commoverentur</strong></span> <span class='ocrx_word' id='word_1_495' title='bbox 2563 2592 2727 2661; x_wconf 81' lang='lat' dir='ltr'><strong>pedes</strong></span> <span class='ocrx_word' id='word_1_496' title='bbox 2771 2593 2875 2648; x_wconf 81' lang='lat' dir='ltr'><strong>mei</strong></span> <span class='ocrx_word' id='word_1_497' title='bbox 2917 2608 3113 2663; x_wconf 79' lang='lat' dir='ltr'><strong>magna</strong></span> <span class='ocrx_word' id='word_1_498' title='bbox 3164 2597 3463 2668; x_wconf 85' lang='lat' dir='ltr'><strong>loqueban-</strong></span> 
     </span>
    </p>
   </div>
   <div class='ocr_carea' id='block_1_69' title="bbox 1880 2681 3464 2755">
    <p class='ocr_par' dir='ltr' id='par_1_69' title="bbox 1880 2681 3464 2755">
     <span class='ocr_line' id='line_1_69' title="bbox 1880 2681 3464 2755; baseline 0.007 -21"><span class='ocrx_word' id='word_1_499' title='bbox 1880 2688 1992 2748; x_wconf 88' lang='lat' dir='ltr'><strong>tur,</strong></span> <span class='ocrx_word' id='word_1_500' title='bbox 2016 2681 2085 2735; x_wconf 88' lang='lat' dir='ltr'><strong>ad</strong></span> <span class='ocrx_word' id='word_1_501' title='bbox 2113 2688 2167 2737; x_wconf 89' lang='lat' dir='ltr'><strong>te</strong></span> <span class='ocrx_word' id='word_1_502' title='bbox 2199 2681 2443 2753; x_wconf 76' lang='lat' dir='ltr'><strong>confugi,</strong></span> <span class='ocrx_word' id='word_1_503' title='bbox 2482 2697 2545 2736; x_wconf 87' lang='lat' dir='ltr'><strong>ac</strong></span> <span class='ocrx_word' id='word_1_504' title='bbox 2573 2682 2720 2748; x_wconf 87' lang='lat' dir='ltr'><strong>dico,</strong></span> <span class='ocrx_word' id='word_1_505' title='bbox 2748 2681 2871 2738; x_wconf 81' lang='lat' dir='ltr'><strong>Non</strong></span> <span class='ocrx_word' id='word_1_506' title='bbox 2901 2685 3200 2755; x_wconf 82' lang='lat' dir='ltr'><strong>confundor</strong></span> <span class='ocrx_word' id='word_1_507' title='bbox 3229 2689 3283 2742; x_wconf 84' lang='lat' dir='ltr'><strong>in</strong></span> <span class='ocrx_word' id='word_1_508' title='bbox 3310 2700 3464 2745; x_wconf 67' lang='lat' dir='ltr'><strong>aeter-</strong></span> 
     </span>
    </p>
   </div>
   <div class='ocr_carea' id='block_1_70' title="bbox 1881 2773 3462 2851">
    <p class='ocr_par' dir='ltr' id='par_1_70' title="bbox 1881 2773 3462 2851">
     <span class='ocr_line' id='line_1_70' title="bbox 1881 2773 3462 2851; baseline 0.006 -22"><span class='ocrx_word' id='word_1_509' title='bbox 1881 2791 2029 2830; x_wconf 86' lang='lat' dir='ltr'><strong>num.</strong></span> <span class='ocrx_word' id='word_1_510' title='bbox 2072 2773 2260 2846; x_wconf 88' lang='lat' dir='ltr'><strong>Neque</strong></span> <span class='ocrx_word' id='word_1_511' title='bbox 2304 2776 2448 2830; x_wconf 92' lang='lat' dir='ltr'><strong>enim</strong></span> <span class='ocrx_word' id='word_1_512' title='bbox 2492 2776 2710 2846; x_wconf 86' lang='lat' dir='ltr'><strong>penitus</strong></span> <span class='ocrx_word' id='word_1_513' title='bbox 2746 2792 2974 2831; x_wconf 81' lang='lat' dir='ltr'><strong>eversus</strong></span> <span class='ocrx_word' id='word_1_514' title='bbox 3004 2793 3147 2843; x_wconf 82' lang='lat' dir='ltr'><strong>sum.</strong></span> <span class='ocrx_word' id='word_1_515' title='bbox 3193 2796 3367 2851; x_wconf 89' lang='lat' dir='ltr'><strong>neque</strong></span> <span class='ocrx_word' id='word_1_516' title='bbox 3405 2782 3462 2838; x_wconf 91' lang='lat' dir='ltr'><strong>in</strong></span> 
     </span>
    </p>
   </div>
   <div class='ocr_carea' id='block_1_71' title="bbox 1880 2865 3461 2942">
    <p class='ocr_par' dir='ltr' id='par_1_71' title="bbox 1880 2865 3461 2942">
     <span class='ocr_line' id='line_1_71' title="bbox 1880 2865 3461 2942; baseline 0.004 -22"><span class='ocrx_word' id='word_1_517' title='bbox 1880 2865 2043 2920; x_wconf 84' lang='lat' dir='ltr'><strong>talem</strong></span> <span class='ocrx_word' id='word_1_518' title='bbox 2071 2866 2286 2920; x_wconf 91' lang='lat' dir='ltr'><strong>ruinam</strong></span> <span class='ocrx_word' id='word_1_519' title='bbox 2330 2866 2593 2939; x_wconf 87' lang='lat' dir='ltr'><strong>delapsus</strong></span> <span class='ocrx_word' id='word_1_520' title='bbox 2630 2867 2848 2937; x_wconf 89' lang='lat' dir='ltr'><strong>qualem</strong></span> <span class='ocrx_word' id='word_1_521' title='bbox 2880 2866 2916 2922; x_wconf 91' lang='lat' dir='ltr'><strong>ii</strong></span> <span class='ocrx_word' id='word_1_522' title='bbox 2941 2868 3037 2939; x_wconf 91' lang='lat' dir='ltr'><strong>qui</strong></span> <span class='ocrx_word' id='word_1_523' title='bbox 3070 2869 3166 2925; x_wconf 89' lang='lat' dir='ltr'><strong>abs</strong></span> <span class='ocrx_word' id='word_1_524' title='bbox 3212 2878 3266 2926; x_wconf 93' lang='lat' dir='ltr'><strong>te</strong></span> <span class='ocrx_word' id='word_1_525' title='bbox 3305 2886 3461 2942; x_wconf 87' lang='lat' dir='ltr'><strong>pror-</strong></span> 
     </span>
    </p>
   </div>
   <div class='ocr_carea' id='block_1_72' title="bbox 1799 2956 2350 3031">
    <p class='ocr_par' dir='ltr' id='par_1_72' title="bbox 1799 2956 2350 3031">
     <span class='ocr_line' id='line_1_72' title="bbox 1799 2956 2350 3031; baseline 0 -17"><span class='ocrx_word' id='word_1_526' title='bbox 1799 2968 1844 3031; x_wconf 79' lang='lat' dir='ltr'>c</span> <span class='ocrx_word' id='word_1_527' title='bbox 1877 2974 1972 3014; x_wconf 86' lang='lat' dir='ltr'><strong>sus</strong></span> <span class='ocrx_word' id='word_1_528' title='bbox 2010 2956 2350 3014; x_wconf 79' lang='lat' dir='ltr'><strong>defecerunt.</strong></span> 
     </span>
    </p>
   </div>
   <div class='ocr_carea' id='block_1_73' title="bbox 1950 3066 3385 3194">
    <p class='ocr_par' dir='ltr' id='par_1_73' title="bbox 1950 3066 3385 3194">
     <span class='ocr_line' id='line_1_73' title="bbox 1950 3066 3385 3194; baseline 0.006 -72"><span class='ocrx_word' id='word_1_529' title='bbox 1950 3068 2004 3124; x_wconf 80' lang='grc'>1.</span> <span class='ocrx_word' id='word_1_530' title='bbox 2039 3067 2107 3122; x_wconf 84' lang='grc' dir='ltr'><strong>ΙΝ</strong></span> <span class='ocrx_word' id='word_1_531' title='bbox 2145 3067 2357 3122; x_wconf 85' lang='lat' dir='ltr'><strong>FINEM</strong></span> <span class='ocrx_word' id='word_1_532' title='bbox 2398 3066 3109 3194; x_wconf 51' lang='lat' dir='ltr'><strong>lDl§gg¥illFANTlCUM</strong></span> <span class='ocrx_word' id='word_1_533' title='bbox 3151 3071 3385 3131; x_wconf 71' lang='lat' dir='ltr'><strong>DAVIZD.</strong></span> 
     </span>
    </p>
   </div>
   <div class='ocr_carea' id='block_1_74' title="bbox 1948 3226 3457 3294">
    <p class='ocr_par' dir='ltr' id='par_1_74' title="bbox 1948 3226 3457 3294">
     <span class='ocr_line' id='line_1_74' title="bbox 1948 3226 3457 3294; baseline 0.007 -13"><span class='ocrx_word' id='word_1_534' title='bbox 1948 3226 2080 3294; x_wconf 68' lang='lat' dir='ltr'><strong>Quae</strong></span> <span class='ocrx_word' id='word_1_535' title='bbox 2109 3228 2165 3283; x_wconf 92' lang='lat' dir='ltr'><strong>in</strong></span> <span class='ocrx_word' id='word_1_536' title='bbox 2200 3229 2304 3284; x_wconf 89' lang='lat' dir='ltr'><strong>hoc</strong></span> <span class='ocrx_word' id='word_1_537' title='bbox 2348 3230 2564 3285; x_wconf 89' lang='lat' dir='ltr'><strong>cantico</strong></span> <span class='ocrx_word' id='word_1_538' title='bbox 2612 3240 2829 3287; x_wconf 73' lang='lat' dir='ltr'><strong>exstant</strong></span> <span class='ocrx_word' id='word_1_539' title='bbox 2870 3232 3094 3288; x_wconf 88' lang='lat' dir='ltr'><strong>multam</strong></span> <span class='ocrx_word' id='word_1_540' title='bbox 3143 3233 3457 3292; x_wconf 78' lang='lat' dir='ltr'><strong>afﬁnitatem</strong></span> 
     </span>
    </p>
   </div>
   <div class='ocr_carea' id='block_1_75' title="bbox 1878 3317 3457 3396">
    <p class='ocr_par' dir='ltr' id='par_1_75' title="bbox 1878 3317 3457 3396">
     <span class='ocr_line' id='line_1_75' title="bbox 1878 3317 3457 3396; baseline 0.006 -23"><span class='ocrx_word' id='word_1_541' title='bbox 1878 3317 2080 3374; x_wconf 81' lang='lat' dir='ltr'><strong>habent</strong></span> <span class='ocrx_word' id='word_1_542' title='bbox 2109 3336 2232 3375; x_wconf 90' lang='lat' dir='ltr'><strong>cum</strong></span> <span class='ocrx_word' id='word_1_543' title='bbox 2280 3321 2349 3377; x_wconf 90' lang='lat' dir='ltr'><strong>iis</strong></span> <span class='ocrx_word' id='word_1_544' title='bbox 2381 3337 2504 3392; x_wconf 63' lang='lat' dir='ltr'><strong>quae</strong></span> <span class='ocrx_word' id='word_1_545' title='bbox 2548 3322 2601 3377; x_wconf 92' lang='lat' dir='ltr'><strong>in</strong></span> <span class='ocrx_word' id='word_1_546' title='bbox 2655 3324 2976 3393; x_wconf 71' lang='lat' dir='ltr'><strong>praecedenti</strong></span> <span class='ocrx_word' id='word_1_547' title='bbox 3012 3325 3220 3395; x_wconf 84' lang='lat' dir='ltr'><strong>psalmo</strong></span> <span class='ocrx_word' id='word_1_548' title='bbox 3268 3328 3457 3396; x_wconf 81' lang='lat' dir='ltr'><strong>legun-</strong></span> 
     </span>
    </p>
   </div>
   <div class='ocr_carea' id='block_1_76' title="bbox 1880 3407 3460 3485">
    <p class='ocr_par' dir='ltr' id='par_1_76' title="bbox 1880 3407 3460 3485">
     <span class='ocr_line' id='line_1_76' title="bbox 1880 3407 3460 3485; baseline 0.006 -23"><span class='ocrx_word' id='word_1_549' title='bbox 1880 3416 1988 3463; x_wconf 89' lang='lat' dir='ltr'><strong>tur.</strong></span> <span class='ocrx_word' id='word_1_550' title='bbox 2025 3407 2130 3466; x_wconf 88' lang='lat' dir='ltr'><strong>Sed</strong></span> <span class='ocrx_word' id='word_1_551' title='bbox 2177 3412 2327 3465; x_wconf 92' lang='lat' dir='ltr'><strong>illum</strong></span> <span class='ocrx_word' id='word_1_552' title='bbox 2378 3413 2598 3483; x_wconf 89' lang='lat' dir='ltr'><strong>quidem</strong></span> <span class='ocrx_word' id='word_1_553' title='bbox 2639 3415 2879 3485; x_wconf 87' lang='lat' dir='ltr'><strong>psallens</strong></span> <span class='ocrx_word' id='word_1_554' title='bbox 2904 3416 3071 3470; x_wconf 82' lang='lat' dir='ltr'><strong>David</strong></span> <span class='ocrx_word' id='word_1_555' title='bbox 3108 3417 3162 3470; x_wconf 84' lang='lat' dir='ltr'><strong>in</strong></span> <span class='ocrx_word' id='word_1_556' title='bbox 3212 3434 3460 3472; x_wconf 86' lang='lat' dir='ltr'><strong>rememo-</strong></span> 
     </span>
    </p>
   </div>
   <div class='ocr_carea' id='block_1_77' title="bbox 1878 3503 3457 3575">
    <p class='ocr_par' dir='ltr' id='par_1_77' title="bbox 1878 3503 3457 3575">
     <span class='ocr_line' id='line_1_77' title="bbox 1878 3503 3457 3575; baseline 0.006 -20"><span class='ocrx_word' id='word_1_557' title='bbox 1878 3503 2139 3556; x_wconf 79' lang='lat' dir='ltr'><strong>rationem</strong></span> <span class='ocrx_word' id='word_1_558' title='bbox 2184 3504 2288 3557; x_wconf 86' lang='lat' dir='ltr'><strong>sibi</strong></span> <span class='ocrx_word' id='word_1_559' title='bbox 2331 3505 2672 3575; x_wconf 86' lang='lat' dir='ltr'><strong>composuit;</strong></span> <span class='ocrx_word' id='word_1_560' title='bbox 2705 3507 2793 3561; x_wconf 87' lang='lat' dir='ltr'><strong>hic</strong></span> <span class='ocrx_word' id='word_1_561' title='bbox 2821 3523 2949 3562; x_wconf 87' lang='lat' dir='ltr'><strong>vero</strong></span> <span class='ocrx_word' id='word_1_562' title='bbox 2988 3517 3175 3563; x_wconf 87' lang='lat' dir='ltr'><strong>narrat</strong></span> <span class='ocrx_word' id='word_1_563' title='bbox 3203 3510 3343 3566; x_wconf 87' lang='lat' dir='ltr'><strong>alios</strong></span> <span class='ocrx_word' id='word_1_564' title='bbox 3380 3512 3457 3567; x_wconf 86' lang='lat' dir='ltr'><strong>si-</strong></span> 
     </span>
    </p>
   </div>
   <div class='ocr_carea' id='block_1_78' title="bbox 1877 3595 3457 3668">
    <p class='ocr_par' dir='ltr' id='par_1_78' title="bbox 1877 3595 3457 3668">
     <span class='ocr_line' id='line_1_78' title="bbox 1877 3595 3457 3668; baseline 0.008 -20"><span class='ocrx_word' id='word_1_565' title='bbox 1877 3595 2027 3649; x_wconf 85' lang='lat' dir='ltr'><strong>milia</strong></span> <span class='ocrx_word' id='word_1_566' title='bbox 2059 3611 2376 3668; x_wconf 87' lang='lat' dir='ltr'><strong>perpessos,</strong></span> <span class='ocrx_word' id='word_1_567' title='bbox 2411 3612 2551 3668; x_wconf 89' lang='lat' dir='ltr'><strong>quos</strong></span> <span class='ocrx_word' id='word_1_568' title='bbox 2574 3600 2640 3654; x_wconf 87' lang='lat' dir='ltr'><strong>ad</strong></span> <span class='ocrx_word' id='word_1_569' title='bbox 2670 3600 2755 3654; x_wconf 84' lang='lat' dir='ltr'><strong>sui</strong></span> <span class='ocrx_word' id='word_1_570' title='bbox 2784 3601 3142 3656; x_wconf 81' lang='lat' dir='ltr'><strong>imitationem</strong></span> <span class='ocrx_word' id='word_1_571' title='bbox 3178 3618 3243 3657; x_wconf 88' lang='lat' dir='ltr'><strong>ac</strong></span> <span class='ocrx_word' id='word_1_572' title='bbox 3272 3619 3457 3661; x_wconf 80' lang='lat' dir='ltr'><strong>exem-</strong></span> 
     </span>
    </p>
   </div>
   <div class='ocr_carea' id='block_1_79' title="bbox 1874 3686 3455 3766">
    <p class='ocr_par' dir='ltr' id='par_1_79' title="bbox 1874 3686 3455 3766">
     <span class='ocr_line' id='line_1_79' title="bbox 1874 3686 3455 3766; baseline 0.007 -26"><span class='ocrx_word' id='word_1_573' title='bbox 1874 3686 2024 3757; x_wconf 89' lang='lat' dir='ltr'><strong>plum</strong></span> <span class='ocrx_word' id='word_1_574' title='bbox 2052 3686 2120 3743; x_wconf 92' lang='lat' dir='ltr'><strong>de</strong></span> <span class='ocrx_word' id='word_1_575' title='bbox 2159 3703 2220 3744; x_wconf 90' lang='lat' dir='ltr'><strong>se</strong></span> <span class='ocrx_word' id='word_1_576' title='bbox 2262 3689 2589 3744; x_wconf 88' lang='lat' dir='ltr'><strong>sumendum</strong></span> <span class='ocrx_word' id='word_1_577' title='bbox 2618 3691 2882 3746; x_wconf 88' lang='lat' dir='ltr'><strong>instituit.</strong></span> <span class='ocrx_word' id='word_1_578' title='bbox 2914 3691 3031 3748; x_wconf 78' lang='lat' dir='ltr'><strong>Nisi</strong></span> <span class='ocrx_word' id='word_1_579' title='bbox 3061 3691 3296 3750; x_wconf 82' lang='lat' dir='ltr'><strong>fortasse</strong></span> <span class='ocrx_word' id='word_1_580' title='bbox 3330 3694 3455 3766; x_wconf 78' lang='lat' dir='ltr'><strong>Spi-</strong></span> 
     </span>
    </p>
   </div>
   <div class='ocr_carea' id='block_1_80' title="bbox 1874 3779 3453 3843">
    <p class='ocr_par' dir='ltr' id='par_1_80' title="bbox 1874 3779 3453 3843">
     <span class='ocr_line' id='line_1_80' title="bbox 1874 3779 3453 3843; baseline 0.006 -10"><span class='ocrx_word' id='word_1_581' title='bbox 1874 3779 2015 3835; x_wconf 89' lang='lat' dir='ltr'><strong>ritus</strong></span> <span class='ocrx_word' id='word_1_582' title='bbox 2054 3788 2282 3837; x_wconf 90' lang='lat' dir='ltr'><strong>sanctus</strong></span> <span class='ocrx_word' id='word_1_583' title='bbox 2320 3779 2575 3837; x_wconf 87' lang='lat' dir='ltr'><strong>ldithumi</strong></span> <span class='ocrx_word' id='word_1_584' title='bbox 2605 3783 2911 3839; x_wconf 89' lang='lat' dir='ltr'><strong>ministerio</strong></span> <span class='ocrx_word' id='word_1_585' title='bbox 2948 3782 3204 3841; x_wconf 86' lang='lat' dir='ltr'><strong>Davidem</strong></span> <span class='ocrx_word' id='word_1_586' title='bbox 3239 3786 3306 3841; x_wconf 88' lang='lat' dir='ltr'><strong>ad</strong></span> <span class='ocrx_word' id='word_1_587' title='bbox 3338 3787 3453 3843; x_wconf 64' lang='lat' dir='ltr'><strong>haec</strong></span> 
     </span>
    </p>
   </div>
   <div class='ocr_carea' id='block_1_81' title="bbox 1872 3871 3452 3950">
    <p class='ocr_par' dir='ltr' id='par_1_81' title="bbox 1872 3871 3452 3950">
     <span class='ocr_line' id='line_1_81' title="bbox 1872 3871 3452 3950; baseline 0.006 -25"><span class='ocrx_word' id='word_1_588' title='bbox 1872 3871 2105 3928; x_wconf 88' lang='lat' dir='ltr'><strong>dicenda</strong></span> <span class='ocrx_word' id='word_1_589' title='bbox 2139 3874 2428 3931; x_wconf 86' lang='lat' dir='ltr'><strong>erudierit.</strong></span> <span class='ocrx_word' id='word_1_590' title='bbox 2481 3873 2614 3929; x_wconf 86' lang='lat' dir='ltr'><strong>Nam</strong></span> <span class='ocrx_word' id='word_1_591' title='bbox 2668 3876 2784 3946; x_wconf 88' lang='lat' dir='ltr'><strong>ipse</strong></span> <span class='ocrx_word' id='word_1_592' title='bbox 2819 3892 3039 3947; x_wconf 88' lang='lat' dir='ltr'><strong>quoque</strong></span> <span class='ocrx_word' id='word_1_593' title='bbox 3068 3876 3300 3934; x_wconf 87' lang='lat' dir='ltr'><strong>ldilbum</strong></span> <span class='ocrx_word' id='word_1_594' title='bbox 3344 3880 3452 3950; x_wconf 71' lang='lat' dir='ltr'><strong>spl-</strong></span> 
     </span>
    </p>
   </div>
   <div class='ocr_carea' id='block_1_82' title="bbox 1872 3964 3446 4038">
    <p class='ocr_par' dir='ltr' id='par_1_82' title="bbox 1872 3964 3446 4038">
     <span class='ocr_line' id='line_1_82' title="bbox 1872 3964 3446 4038; baseline 0.004 -22"><span class='ocrx_word' id='word_1_595' title='bbox 1872 3964 1980 4017; x_wconf 87' lang='lat' dir='ltr'><strong>ritu</strong></span> <span class='ocrx_word' id='word_1_596' title='bbox 2011 3964 2333 4034; x_wconf 88' lang='lat' dir='ltr'><strong>prophetico</strong></span> <span class='ocrx_word' id='word_1_597' title='bbox 2377 3964 2633 4035; x_wconf 87' lang='lat' dir='ltr'><strong>dignatus</strong></span> <span class='ocrx_word' id='word_1_598' title='bbox 2666 3965 2863 4021; x_wconf 77' lang='lat' dir='ltr'><strong>fuerat.</strong></span> <span class='ocrx_word' id='word_1_599' title='bbox 2904 3964 3001 4023; x_wconf 85' lang='lat' dir='ltr'><strong>His</strong></span> <span class='ocrx_word' id='word_1_600' title='bbox 3031 3982 3197 4038; x_wconf 78' lang='lat' dir='ltr'><strong>porro</strong></span> <span class='ocrx_word' id='word_1_601' title='bbox 3243 3969 3446 4025; x_wconf 81' lang='lat' dir='ltr'><strong>edisci-</strong></span> 
     </span>
    </p>
   </div>
   <div class='ocr_carea' id='block_1_83' title="bbox 1872 4056 3450 4129">
    <p class='ocr_par' dir='ltr' id='par_1_83' title="bbox 1872 4056 3450 4129">
     <span class='ocr_line' id='line_1_83' title="bbox 1872 4056 3450 4129; baseline 0.003 -18"><span class='ocrx_word' id='word_1_602' title='bbox 1872 4072 1997 4112; x_wconf 89' lang='lat' dir='ltr'><strong>mus</strong></span> <span class='ocrx_word' id='word_1_603' title='bbox 2036 4071 2137 4127; x_wconf 90' lang='lat' dir='ltr'><strong>par</strong></span> <span class='ocrx_word' id='word_1_604' title='bbox 2168 4072 2291 4113; x_wconf 89' lang='lat' dir='ltr'><strong>esse</strong></span> <span class='ocrx_word' id='word_1_605' title='bbox 2325 4056 2572 4126; x_wconf 88' lang='lat' dir='ltr'><strong>singulos</strong></span> <span class='ocrx_word' id='word_1_606' title='bbox 2618 4072 2805 4113; x_wconf 81' lang='lat' dir='ltr'><strong>secum</strong></span> <span class='ocrx_word' id='word_1_607' title='bbox 2834 4058 3096 4129; x_wconf 87' lang='lat' dir='ltr'><strong>colloqui.</strong></span> <span class='ocrx_word' id='word_1_608' title='bbox 3129 4074 3307 4129; x_wconf 86' lang='lat' dir='ltr'><strong>neque</strong></span> <span class='ocrx_word' id='word_1_609' title='bbox 3352 4075 3450 4115; x_wconf 61' lang='grc' dir='ltr'><strong>ειη</strong></span> 
     </span>
    </p>
   </div>
   <div class='ocr_carea' id='block_1_84' title="bbox 1871 4148 3447 4221">
    <p class='ocr_par' dir='ltr' id='par_1_84' title="bbox 1871 4148 3447 4221">
     <span class='ocr_line' id='line_1_84' title="bbox 1871 4148 3447 4221; baseline 0.004 -19"><span class='ocrx_word' id='word_1_610' title='bbox 1871 4150 2147 4204; x_wconf 87' lang='lat' dir='ltr'><strong>trinsecus</strong></span> <span class='ocrx_word' id='word_1_611' title='bbox 2191 4148 2487 4220; x_wconf 76' lang='lat' dir='ltr'><strong>magistros</strong></span> <span class='ocrx_word' id='word_1_612' title='bbox 2528 4157 2868 4221; x_wconf 81' lang='lat' dir='ltr'><strong>exspectare,</strong></span> <span class='ocrx_word' id='word_1_613' title='bbox 2919 4150 3016 4206; x_wconf 87' lang='lat' dir='ltr'><strong>sed</strong></span> <span class='ocrx_word' id='word_1_614' title='bbox 3062 4152 3354 4208; x_wconf 86' lang='lat' dir='ltr'><strong>ratiocinio</strong></span> <span class='ocrx_word' id='word_1_615' title='bbox 3391 4164 3447 4210; x_wconf 88' lang='lat' dir='ltr'><strong>et</strong></span> 
     </span>
    </p>
   </div>
   <div class='ocr_carea' id='block_1_85' title="bbox 1870 4240 3021 4313">
    <p class='ocr_par' dir='ltr' id='par_1_85' title="bbox 1870 4240 3021 4313">
     <span class='ocr_line' id='line_1_85' title="bbox 1870 4240 3021 4313; baseline 0.001 -17"><span class='ocrx_word' id='word_1_616' title='bbox 1870 4240 2201 4313; x_wconf 81' lang='lat' dir='ltr'><strong>cogitatione</strong></span> <span class='ocrx_word' id='word_1_617' title='bbox 2227 4256 2510 4298; x_wconf 89' lang='lat' dir='ltr'><strong>sermones</strong></span> <span class='ocrx_word' id='word_1_618' title='bbox 2540 4248 2726 4298; x_wconf 75' lang='lat' dir='ltr'><strong>‘secum</strong></span> <span class='ocrx_word' id='word_1_619' title='bbox 2749 4242 3021 4299; x_wconf 83' lang='lat' dir='ltr'><strong>conferre.</strong></span> 
     </span>
    </p>
   </div>
   <div class='ocr_carea' id='block_1_86' title="bbox 250 4402 1776 4497">
    <p class='ocr_par' dir='ltr' id='par_1_86' title="bbox 250 4402 1760 4497">
     <span class='ocr_line' id='line_1_86' title="bbox 250 4402 1760 4497; baseline 0.011 -35"><span class='ocrx_word' id='word_1_620' title='bbox 250 4402 413 4462; x_wconf 76' lang='grc' dir='ltr'>Εἷπα</span> <span class='ocrx_word' id='word_1_621' title='bbox 429 4425 443 4443; x_wconf 75' lang='grc' dir='ltr'><strong><em>ο</em></strong></span> <span class='ocrx_word' id='word_1_622' title='bbox 472 4412 726 4477; x_wconf 63' lang='grc' dir='ltr'>Φυλιὴξω</span> <span class='ocrx_word' id='word_1_623' title='bbox 751 4414 857 4497; x_wconf 76' lang='grc' dir='ltr'>τὰς</span> <span class='ocrx_word' id='word_1_624' title='bbox 888 4415 1069 4484; x_wconf 79' lang='grc' dir='ltr'>ὁδούς</span> <span class='ocrx_word' id='word_1_625' title='bbox 1081 4438 1220 4488; x_wconf 81' lang='grc' dir='ltr'>μου.</span> <span class='ocrx_word' id='word_1_626' title='bbox 1245 4422 1380 4475; x_wconf 84' lang='grc' dir='ltr'>Κατ’</span> <span class='ocrx_word' id='word_1_627' title='bbox 1404 4422 1587 4489; x_wconf 80' lang='grc' dir='ltr'>αὐτὸν,</span> <span class='ocrx_word' id='word_1_628' title='bbox 1606 4426 1760 4497; x_wconf 80' lang='grc' dir='ltr'>φησὶ,</span> 
     </span>
    </p>
   </div>
   <div class='ocr_carea' id='block_1_87' title="bbox 1881 4402 3447 4497">
    <p class='ocr_par' dir='ltr' id='par_1_87' title="bbox 1941 4420 3447 4491">
     <span class='ocr_line' id='line_1_87' title="bbox 1941 4420 3447 4491; baseline 0.001 -16"><span class='ocrx_word' id='word_1_629' title='bbox 1941 4420 2107 4477; x_wconf 69' lang='lat' dir='ltr'><strong>Vens.</strong></span> <span class='ocrx_word' id='word_1_630' title='bbox 2137 4420 2254 4486; x_wconf 77' lang='lat'><strong>2,5.</strong></span> <span class='ocrx_word' id='word_1_631' title='bbox 2296 4421 2424 4474; x_wconf 74' lang='lat' dir='ltr'><strong><em>Dixi</em></strong></span> <span class='ocrx_word' id='word_1_632' title='bbox 2451 4438 2469 4475; x_wconf 90' lang='lat'><strong><em>:</em></strong></span> <span class='ocrx_word' id='word_1_633' title='bbox 2503 4420 2812 4476; x_wconf 81' lang='lat' dir='ltr'><strong>Custodiam</strong></span> <span class='ocrx_word' id='word_1_634' title='bbox 2836 4422 2947 4475; x_wconf 83' lang='lat' dir='ltr'><strong>vias</strong></span> <span class='ocrx_word' id='word_1_635' title='bbox 2981 4438 3145 4477; x_wconf 79' lang='lat' dir='ltr'><strong>meas.</strong></span> <span class='ocrx_word' id='word_1_636' title='bbox 3181 4422 3328 4491; x_wconf 87' lang='lat' dir='ltr'><strong>Ipso,</strong></span> <span class='ocrx_word' id='word_1_637' title='bbox 3361 4422 3447 4477; x_wconf 87' lang='lat' dir='ltr'><strong>in-</strong></span> 
     </span>
    </p>
   </div>
   <div class='ocr_carea' id='block_1_88' title="bbox 172 4497 1766 4586">
    <p class='ocr_par' dir='ltr' id='par_1_88' title="bbox 172 4497 1766 4586">
     <span class='ocr_line' id='line_1_88' title="bbox 172 4497 1766 4586; baseline 0.011 -34"><span class='ocrx_word' id='word_1_638' title='bbox 172 4497 273 4553; x_wconf 82' lang='grc' dir='ltr'>τὸν</span> <span class='ocrx_word' id='word_1_639' title='bbox 301 4499 493 4570; x_wconf 86' lang='grc' dir='ltr'>καιρὸν</span> <span class='ocrx_word' id='word_1_640' title='bbox 550 4501 644 4555; x_wconf 87' lang='grc' dir='ltr'><strong>τοῦ</strong></span> <span class='ocrx_word' id='word_1_641' title='bbox 689 4508 1021 4578; x_wconf 77' lang='grc' dir='ltr'>πειρασμοῦ,</span> <span class='ocrx_word' id='word_1_642' title='bbox 1056 4510 1509 4577; x_wconf 80' lang='grc' dir='ltr'>ὲπαναϐαίνοντός</span> <span class='ocrx_word' id='word_1_643' title='bbox 1550 4532 1640 4586; x_wconf 89' lang='grc' dir='ltr'><strong>μοι</strong></span> <span class='ocrx_word' id='word_1_644' title='bbox 1671 4515 1766 4569; x_wconf 87' lang='grc' dir='ltr'><strong>τοῦ</strong></span> 
     </span>
    </p>
   </div>
   <div class='ocr_carea' id='block_1_89' title="bbox 172 4590 1768 4672">
    <p class='ocr_par' dir='ltr' id='par_1_89' title="bbox 172 4590 1768 4672">
     <span class='ocr_line' id='line_1_89' title="bbox 172 4590 1768 4672; baseline 0.013 -31"><span class='ocrx_word' id='word_1_645' title='bbox 172 4590 280 4662; x_wconf 81' lang='grc' dir='ltr'>τὴν</span> <span class='ocrx_word' id='word_1_646' title='bbox 334 4591 609 4662; x_wconf 81' lang='grc' dir='ltr'>ἁμαρτίαν</span> <span class='ocrx_word' id='word_1_647' title='bbox 652 4597 1024 4667; x_wconf 76' lang='grc' dir='ltr'>ἐνεργοῦντος,</span> <span class='ocrx_word' id='word_1_648' title='bbox 1053 4599 1169 4670; x_wconf 76' lang='grc' dir='ltr'>ἐγὼ</span> <span class='ocrx_word' id='word_1_649' title='bbox 1210 4602 1460 4672; x_wconf 71' lang='grc' dir='ltr'>ἔλεγον·</span> <span class='ocrx_word' id='word_1_650' title='bbox 1518 4605 1768 4672; x_wconf 77' lang='grc' dir='ltr'><strong>Φυλάξω</strong></span> 
     </span>
    </p>
   </div>
   <div class='ocr_carea' id='block_1_90' title="bbox 172 4681 1764 4768">
    <p class='ocr_par' dir='ltr' id='par_1_90' title="bbox 172 4681 1764 4768">
     <span class='ocr_line' id='line_1_90' title="bbox 172 4681 1764 4768; baseline 0.008 -30"><span class='ocrx_word' id='word_1_651' title='bbox 172 4684 289 4750; x_wconf 82' lang='grc' dir='ltr'>τὰς</span> <span class='ocrx_word' id='word_1_652' title='bbox 326 4681 507 4747; x_wconf 77' lang='grc' dir='ltr'>ὁδούς</span> <span class='ocrx_word' id='word_1_653' title='bbox 537 4703 658 4752; x_wconf 84' lang='grc' dir='ltr'><strong>μου</strong></span> <span class='ocrx_word' id='word_1_654' title='bbox 700 4686 804 4741; x_wconf 82' lang='grc' dir='ltr'><strong>τοῦ</strong></span> <span class='ocrx_word' id='word_1_655' title='bbox 832 4688 921 4758; x_wconf 79' lang='grc' dir='ltr'>μὴ</span> <span class='ocrx_word' id='word_1_656' title='bbox 974 4691 1338 4761; x_wconf 76' lang='grc' dir='ltr'>ἁμαρτάνειν</span> <span class='ocrx_word' id='word_1_657' title='bbox 1383 4694 1454 4748; x_wconf 83' lang='grc' dir='ltr'><strong>ἐν</strong></span> <span class='ocrx_word' id='word_1_658' title='bbox 1512 4694 1764 4768; x_wconf 78' lang='grc' dir='ltr'>γλώσσῃ</span> 
     </span>
    </p>
   </div>
   <div class='ocr_carea' id='block_1_91' title="bbox 164 4775 1768 4858">
    <p class='ocr_par' dir='ltr' id='par_1_91' title="bbox 164 4775 1768 4858">
     <span class='ocr_line' id='line_1_91' title="bbox 164 4775 1768 4858; baseline 0.011 -30"><span class='ocrx_word' id='word_1_659' title='bbox 164 4792 319 4848; x_wconf 77' lang='grc' dir='ltr'>μου.</span> <span class='ocrx_word' id='word_1_660' title='bbox 358 4775 495 4829; x_wconf 84' lang='grc' dir='ltr'>Τότε</span> <span class='ocrx_word' id='word_1_661' title='bbox 536 4778 594 4831; x_wconf 83' lang='grc' dir='ltr'><strong>δὲ</strong></span> <span class='ocrx_word' id='word_1_662' title='bbox 639 4780 738 4832; x_wconf 78' lang='grc' dir='ltr'>καὶ</span> <span class='ocrx_word' id='word_1_663' title='bbox 763 4781 986 4851; x_wconf 81' lang='grc' dir='ltr'>ἐθέμην</span> <span class='ocrx_word' id='word_1_664' title='bbox 1020 4783 1100 4849; x_wconf 84' lang='grc' dir='ltr'>τῷ</span> <span class='ocrx_word' id='word_1_665' title='bbox 1131 4788 1386 4857; x_wconf 80' lang='grc' dir='ltr'>στόματί</span> <span class='ocrx_word' id='word_1_666' title='bbox 1408 4805 1529 4858; x_wconf 85' lang='grc' dir='ltr'><strong>μου</strong></span> <span class='ocrx_word' id='word_1_667' title='bbox 1572 4793 1768 4858; x_wconf 66' lang='grc' dir='ltr'>φυλασ-</span> 
     </span>
    </p>
   </div>
   <div class='ocr_carea' id='block_1_92' title="bbox 170 4866 1768 4947">
    <p class='ocr_par' dir='ltr' id='par_1_92' title="bbox 170 4866 1768 4947">
     <span class='ocr_line' id='line_1_92' title="bbox 170 4866 1768 4947; baseline 0.009 -25"><span class='ocrx_word' id='word_1_668' title='bbox 170 4866 327 4936; x_wconf 73' lang='grc' dir='ltr'><strong>κήνο</strong></span> <span class='ocrx_word' id='word_1_669' title='bbox 367 4867 467 4920; x_wconf 77' lang='grc' dir='ltr'>καὶ</span> <span class='ocrx_word' id='word_1_670' title='bbox 522 4868 846 4940; x_wconf 60' lang='grc' dir='ltr'>ἐκωιςςὼθην</span> <span class='ocrx_word' id='word_1_671' title='bbox 899 4874 999 4927; x_wconf 77' lang='grc' dir='ltr'>καὶ</span> <span class='ocrx_word' id='word_1_672' title='bbox 1040 4876 1462 4947; x_wconf 80' lang='grc' dir='ltr'>ἑταπεινώθην,</span> <span class='ocrx_word' id='word_1_673' title='bbox 1497 4880 1594 4935; x_wconf 79' lang='grc' dir='ltr'>καὶ</span> <span class='ocrx_word' id='word_1_674' title='bbox 1641 4882 1768 4936; x_wconf 84' lang='grc' dir='ltr'>ἐσί-</span> 
     </span>
    </p>
   </div>
   <div class='ocr_carea' id='block_1_93' title="bbox 166 4958 1768 5045">
    <p class='ocr_par' dir='ltr' id='par_1_93' title="bbox 166 4958 1768 5045">
     <span class='ocr_line' id='line_1_93' title="bbox 166 4958 1768 5045; baseline 0.01 -33"><span class='ocrx_word' id='word_1_675' title='bbox 166 4973 343 5031; x_wconf 64' lang='lat' dir='ltr'><strong>mea</strong></span> <span class='ocrx_word' id='word_1_676' title='bbox 370 4958 441 5025; x_wconf 80' lang='grc' dir='ltr'>ἐξ</span> <span class='ocrx_word' id='word_1_677' title='bbox 478 4960 734 5027; x_wconf 81' lang='grc' dir='ltr'>ἀγαθῶν.</span> <span class='ocrx_word' id='word_1_678' title='bbox 774 4964 910 5018; x_wconf 83' lang='grc' dir='ltr'><strong>’0δέ</strong></span> <span class='ocrx_word' id='word_1_679' title='bbox 951 4967 1247 5040; x_wconf 81' lang='grc' dir='ltr'>Σύμμαχος</span> <span class='ocrx_word' id='word_1_680' title='bbox 1282 4971 1459 5038; x_wconf 70' lang='grc' dir='ltr'>οὕτως</span> <span class='ocrx_word' id='word_1_681' title='bbox 1497 4974 1768 5045; x_wconf 78' lang='grc' dir='ltr'>ἡρμήνευ-</span> 
     </span>
    </p>
   </div>
   <div class='ocr_carea' id='block_1_94' title="bbox 170 5046 1767 5134">
    <p class='ocr_par' dir='ltr' id='par_1_94' title="bbox 170 5046 1767 5134">
     <span class='ocr_line' id='line_1_94' title="bbox 170 5046 1767 5134; baseline 0.01 -31"><span class='ocrx_word' id='word_1_682' title='bbox 170 5067 270 5105; x_wconf 88' lang='grc' dir='ltr'><strong>σεν</strong></span> <span class='ocrx_word' id='word_1_683' title='bbox 290 5066 305 5079; x_wconf 90' lang='grc'><strong>·</strong></span> <span class='ocrx_word' id='word_1_684' title='bbox 337 5046 561 5105; x_wconf 69' lang='grc' dir='ltr'>Εἶπον·</span> <span class='ocrx_word' id='word_1_685' title='bbox 597 5052 851 5120; x_wconf 55' lang='grc' dir='ltr'><strong>Μλάξω</strong></span> <span class='ocrx_word' id='word_1_686' title='bbox 880 5055 985 5123; x_wconf 86' lang='grc' dir='ltr'>τὰς</span> <span class='ocrx_word' id='word_1_687' title='bbox 1005 5059 1184 5128; x_wconf 81' lang='grc' dir='ltr'>ὁδούς</span> <span class='ocrx_word' id='word_1_688' title='bbox 1197 5080 1337 5131; x_wconf 83' lang='grc' dir='ltr'>μου,</span> <span class='ocrx_word' id='word_1_689' title='bbox 1363 5064 1451 5133; x_wconf 82' lang='grc' dir='ltr'>μὴ</span> <span class='ocrx_word' id='word_1_690' title='bbox 1479 5065 1767 5134; x_wconf 76' lang='grc' dir='ltr'>ἁμαρτεῖν</span> 
     </span>
    </p>
   </div>
   <div class='ocr_carea' id='block_1_95' title="bbox 167 5140 1764 5227">
    <p class='ocr_par' dir='ltr' id='par_1_95' title="bbox 167 5140 1764 5227">
     <span class='ocr_line' id='line_1_95' title="bbox 167 5140 1764 5227; baseline 0.009 -29"><span class='ocrx_word' id='word_1_691' title='bbox 167 5141 273 5198; x_wconf 79' lang='grc' dir='ltr'><strong>διὰ</strong></span> <span class='ocrx_word' id='word_1_692' title='bbox 312 5140 426 5211; x_wconf 80' lang='grc' dir='ltr'>τῆς</span> <span class='ocrx_word' id='word_1_693' title='bbox 462 5145 753 5216; x_wconf 76' lang='grc' dir='ltr'>γλώσσης</span> <span class='ocrx_word' id='word_1_694' title='bbox 804 5166 943 5218; x_wconf 86' lang='grc' dir='ltr'>μου.</span> <span class='ocrx_word' id='word_1_695' title='bbox 1004 5152 1261 5219; x_wconf 76' lang='grc' dir='ltr'><strong>Φυλάξω</strong></span> <span class='ocrx_word' id='word_1_696' title='bbox 1298 5154 1365 5209; x_wconf 86' lang='grc' dir='ltr'>τὸ</span> <span class='ocrx_word' id='word_1_697' title='bbox 1405 5158 1601 5227; x_wconf 82' lang='grc' dir='ltr'>στόμα</span> <span class='ocrx_word' id='word_1_698' title='bbox 1641 5175 1764 5227; x_wconf 83' lang='grc' dir='ltr'><strong>μου</strong></span> 
     </span>
    </p>
   </div>
   <div class='ocr_carea' id='block_1_96' title="bbox 167 5232 1762 5317">
    <p class='ocr_par' dir='ltr' id='par_1_96' title="bbox 167 5232 1762 5317">
     <span class='ocr_line' id='line_1_96' title="bbox 167 5232 1762 5317; baseline 0.008 -27"><span class='ocrx_word' id='word_1_699' title='bbox 167 5232 354 5306; x_wconf 78' lang='grc' dir='ltr'>ςριμῷ,</span> <span class='ocrx_word' id='word_1_700' title='bbox 383 5237 471 5291; x_wconf 75' lang='grc' dir='ltr'>ἔτι</span> <span class='ocrx_word' id='word_1_701' title='bbox 501 5237 677 5306; x_wconf 81' lang='grc' dir='ltr'>ὄντος</span> <span class='ocrx_word' id='word_1_702' title='bbox 704 5240 967 5309; x_wconf 78' lang='grc' dir='ltr'>ἀσεϐοῦς</span> <span class='ocrx_word' id='word_1_703' title='bbox 1001 5244 1070 5308; x_wconf 78' lang='grc' dir='ltr'><strong>ἐξ</strong></span> <span class='ocrx_word' id='word_1_704' title='bbox 1108 5246 1390 5313; x_wconf 81' lang='grc' dir='ltr'>ἐναντίας</span> <span class='ocrx_word' id='word_1_705' title='bbox 1414 5266 1553 5317; x_wconf 86' lang='grc' dir='ltr'>μου.</span> <span class='ocrx_word' id='word_1_706' title='bbox 1587 5250 1762 5305; x_wconf 76' lang='grc' dir='ltr'>’Ἁλα-</span> 
     </span>
    </p>
   </div>
   <div class='ocr_carea' id='block_1_97' title="bbox 168 5328 1758 5412">
    <p class='ocr_par' dir='ltr' id='par_1_97' title="bbox 168 5328 1758 5412">
     <span class='ocr_line' id='line_1_97' title="bbox 168 5328 1758 5412; baseline 0.008 -27"><span class='ocrx_word' id='word_1_707' title='bbox 168 5335 282 5397; x_wconf 70' lang='lat' dir='ltr'><strong>Joc</strong></span> <span class='ocrx_word' id='word_1_708' title='bbox 312 5328 608 5400; x_wconf 75' lang='grc' dir='ltr'>ἐγενόμην</span> <span class='ocrx_word' id='word_1_709' title='bbox 643 5330 810 5403; x_wconf 79' lang='grc' dir='ltr'>σιγῇ,</span> <span class='ocrx_word' id='word_1_710' title='bbox 840 5334 1189 5405; x_wconf 78' lang='grc' dir='ltr'>ἐσιωπήθην</span> <span class='ocrx_word' id='word_1_711' title='bbox 1212 5338 1301 5408; x_wconf 75' lang='grc' dir='ltr'>μὴ</span> <span class='ocrx_word' id='word_1_712' title='bbox 1333 5336 1420 5393; x_wconf 81' lang='grc' dir='ltr'>ὢν</span> <span class='ocrx_word' id='word_1_713' title='bbox 1446 5342 1517 5395; x_wconf 79' lang='grc' dir='ltr'>ὲν</span> <span class='ocrx_word' id='word_1_714' title='bbox 1539 5341 1758 5412; x_wconf 76' lang='grc' dir='ltr'>ἀγαθῷ.</span> 
     </span>
    </p>
   </div>
   <div class='ocr_carea' id='block_1_98' title="bbox 180 5422 1763 5506">
    <p class='ocr_par' dir='ltr' id='par_1_98' title="bbox 180 5422 1763 5506">
     <span class='ocr_line' id='line_1_98' title="bbox 180 5422 1763 5506; baseline 0.006 -27"><span class='ocrx_word' id='word_1_715' title='bbox 180 5423 350 5496; x_wconf 81' lang='grc' dir='ltr'>’Θρᾷς</span> <span class='ocrx_word' id='word_1_716' title='bbox 378 5422 501 5477; x_wconf 82' lang='grc' dir='ltr'>τίνα</span> <span class='ocrx_word' id='word_1_717' title='bbox 524 5423 728 5496; x_wconf 88' lang='grc' dir='ltr'>τρόπον</span> <span class='ocrx_word' id='word_1_718' title='bbox 759 5425 857 5499; x_wconf 78' lang='grc' dir='ltr'>τὴν</span> <span class='ocrx_word' id='word_1_719' title='bbox 876 5422 1055 5482; x_wconf 83' lang='grc' dir='ltr'>αἰτίαν</span> <span class='ocrx_word' id='word_1_720' title='bbox 1079 5429 1173 5483; x_wconf 87' lang='grc' dir='ltr'><strong>τοῦ</strong></span> <span class='ocrx_word' id='word_1_721' title='bbox 1203 5431 1279 5503; x_wconf 81' lang='grc' dir='ltr'>μὴ</span> <span class='ocrx_word' id='word_1_722' title='bbox 1302 5430 1507 5503; x_wconf 77' lang='grc' dir='ltr'>τολμᾷν</span> <span class='ocrx_word' id='word_1_723' title='bbox 1534 5428 1763 5506; x_wconf 82' lang='grc' dir='ltr'>διαίρειν</span> 
     </span>
    </p>
   </div>
   <div class='ocr_carea' id='block_1_99' title="bbox 170 5513 1761 5595">
    <p class='ocr_par' dir='ltr' id='par_1_99' title="bbox 170 5513 1761 5595">
     <span class='ocr_line' id='line_1_99' title="bbox 170 5513 1761 5595; baseline 0.009 -29"><span class='ocrx_word' id='word_1_724' title='bbox 170 5513 232 5567; x_wconf 79' lang='grc' dir='ltr'><strong>τὸ</strong></span> <span class='ocrx_word' id='word_1_725' title='bbox 265 5513 446 5584; x_wconf 87' lang='grc' dir='ltr'>στόμα</span> <span class='ocrx_word' id='word_1_726' title='bbox 477 5514 717 5580; x_wconf 82' lang='grc' dir='ltr'>ἐδίδαξεν</span> <span class='ocrx_word' id='word_1_727' title='bbox 764 5518 934 5571; x_wconf 73' lang='grc' dir='ltr'>εἰπών</span> <span class='ocrx_word' id='word_1_728' title='bbox 957 5538 969 5549; x_wconf 74' lang='grc' dir='ltr'><strong><em>ο</em></strong></span> <span class='ocrx_word' id='word_1_729' title='bbox 995 5519 1109 5573; x_wconf 78' lang='grc' dir='ltr'><strong>Καὶ</strong></span> <span class='ocrx_word' id='word_1_730' title='bbox 1155 5519 1473 5586; x_wconf 80' lang='grc' dir='ltr'>ἐσιώπησα</span> <span class='ocrx_word' id='word_1_731' title='bbox 1516 5522 1585 5587; x_wconf 77' lang='grc' dir='ltr'>ἐξ</span> <span class='ocrx_word' id='word_1_732' title='bbox 1616 5524 1761 5595; x_wconf 73' lang='grc' dir='ltr'>ἀγα-</span> 
     </span>
    </p>
   </div>
   <div class='ocr_carea' id='block_1_100' title="bbox 172 5601 1767 5687">
    <p class='ocr_par' dir='ltr' id='par_1_100' title="bbox 172 5601 1767 5687">
     <span class='ocr_line' id='line_1_100' title="bbox 172 5601 1767 5687; baseline 0.005 -28"><span class='ocrx_word' id='word_1_733' title='bbox 172 5601 317 5667; x_wconf 78' lang='grc' dir='ltr'>θῶν,</span> <span class='ocrx_word' id='word_1_734' title='bbox 373 5603 429 5674; x_wconf 79' lang='grc' dir='ltr'>ἢ,</span> <span class='ocrx_word' id='word_1_735' title='bbox 471 5604 820 5676; x_wconf 75' lang='grc' dir='ltr'>ἐσιωπήθην</span> <span class='ocrx_word' id='word_1_736' title='bbox 850 5605 935 5677; x_wconf 75' lang='grc' dir='ltr'>μὴ</span> <span class='ocrx_word' id='word_1_737' title='bbox 982 5607 1068 5663; x_wconf 80' lang='grc' dir='ltr'>ὢν</span> <span class='ocrx_word' id='word_1_738' title='bbox 1113 5610 1182 5666; x_wconf 82' lang='grc' dir='ltr'><strong>ἐν</strong></span> <span class='ocrx_word' id='word_1_739' title='bbox 1232 5611 1453 5682; x_wconf 75' lang='grc' dir='ltr'>ἀγαθῷ,</span> <span class='ocrx_word' id='word_1_740' title='bbox 1498 5612 1636 5667; x_wconf 86' lang='grc' dir='ltr'>κατὰ</span> <span class='ocrx_word' id='word_1_741' title='bbox 1666 5614 1767 5687; x_wconf 30' lang='grc' dir='ltr'>,τὸν</span> 
     </span>
    </p>
   </div>
   <div class='ocr_carea' id='block_1_101' title="bbox 247 5759 671 5833">
    <p class='ocr_par' dir='ltr' id='par_1_101' title="bbox 247 5759 671 5833">
     <span class='ocr_line' id='line_1_101' title="bbox 247 5759 671 5833; baseline 0.014 -18"><span class='ocrx_word' id='word_1_742' title='bbox 247 5760 292 5795; x_wconf 69' lang='grc'><em>’⁸</em></span> <span class='ocrx_word' id='word_1_743' title='bbox 332 5759 489 5819; x_wconf 76' lang='lat' dir='ltr'><strong>Rom.</strong></span> <span class='ocrx_word' id='word_1_744' title='bbox 527 5780 579 5833; x_wconf 88' lang='lat' dir='ltr'><strong>v,</strong></span> <span class='ocrx_word' id='word_1_745' title='bbox 619 5763 671 5822; x_wconf 79' lang='lat'><strong>5.</strong></span> 
     </span>
    </p>
   </div>
   <div class='ocr_carea' id='block_1_102' title="bbox 1867 4512 3446 4584">
    <p class='ocr_par' dir='ltr' id='par_1_102' title="bbox 1867 4512 3446 4584">
     <span class='ocr_line' id='line_1_102' title="bbox 1867 4512 3446 4584; baseline 0 -17"><span class='ocrx_word' id='word_1_746' title='bbox 1867 4515 2014 4584; x_wconf 88' lang='lat' dir='ltr'><strong>quit.</strong></span> <span class='ocrx_word' id='word_1_747' title='bbox 2040 4513 2642 4581; x_wconf 87' lang='lat' dir='ltr'><strong>tentationislempore,</strong></span> <span class='ocrx_word' id='word_1_748' title='bbox 2678 4512 2968 4567; x_wconf 88' lang='lat' dir='ltr'><strong>invadente</strong></span> <span class='ocrx_word' id='word_1_749' title='bbox 2995 4527 3079 4566; x_wconf 89' lang='lat' dir='ltr'><strong>me</strong></span> <span class='ocrx_word' id='word_1_750' title='bbox 3108 4514 3317 4582; x_wconf 82' lang='lat' dir='ltr'><strong>peccati</strong></span> <span class='ocrx_word' id='word_1_751' title='bbox 3352 4530 3446 4568; x_wconf 84' lang='lat' dir='ltr'><strong>au-</strong></span> 
     </span>
    </p>
   </div>
   <div class='ocr_carea' id='block_1_103' title="bbox 1867 4601 3440 4674">
    <p class='ocr_par' dir='ltr' id='par_1_103' title="bbox 1867 4601 3440 4674">
     <span class='ocr_line' id='line_1_103' title="bbox 1867 4601 3440 4674; baseline 0 -14"><span class='ocrx_word' id='word_1_752' title='bbox 1867 4613 2041 4669; x_wconf 89' lang='lat' dir='ltr'><strong>ctore,</strong></span> <span class='ocrx_word' id='word_1_753' title='bbox 2072 4619 2165 4674; x_wconf 86' lang='lat' dir='ltr'><strong>ego</strong></span> <span class='ocrx_word' id='word_1_754' title='bbox 2194 4603 2309 4655; x_wconf 71' lang='lat' dir='ltr'><strong>dixi</strong></span> <span class='ocrx_word' id='word_1_755' title='bbox 2342 4601 2694 4656; x_wconf 87' lang='lat' dir='ltr'><strong>:Custodiam</strong></span> <span class='ocrx_word' id='word_1_756' title='bbox 2719 4603 2830 4657; x_wconf 84' lang='lat' dir='ltr'><strong>vias</strong></span> <span class='ocrx_word' id='word_1_757' title='bbox 2862 4619 3026 4663; x_wconf 81' lang='lat' dir='ltr'><strong>meas,</strong></span> <span class='ocrx_word' id='word_1_758' title='bbox 3055 4613 3112 4656; x_wconf 92' lang='lat' dir='ltr'><strong>ut</strong></span> <span class='ocrx_word' id='word_1_759' title='bbox 3141 4620 3245 4658; x_wconf 84' lang='lat' dir='ltr'><strong>non</strong></span> <span class='ocrx_word' id='word_1_760' title='bbox 3275 4603 3440 4661; x_wconf 80' lang='lat' dir='ltr'><strong>delin-</strong></span> 
     </span>
    </p>
   </div>
   <div class='ocr_carea' id='block_1_104' title="bbox 1865 4691 3442 4767">
    <p class='ocr_par' dir='ltr' id='par_1_104' title="bbox 1865 4691 3442 4767">
     <span class='ocr_line' id='line_1_104' title="bbox 1865 4691 3442 4767; baseline 0.003 -19"><span class='ocrx_word' id='word_1_761' title='bbox 1865 4710 2025 4767; x_wconf 86' lang='lat' dir='ltr'><strong>quam</strong></span> <span class='ocrx_word' id='word_1_762' title='bbox 2060 4695 2115 4747; x_wconf 85' lang='lat' dir='ltr'><strong>in</strong></span> <span class='ocrx_word' id='word_1_763' title='bbox 2144 4692 2325 4762; x_wconf 80' lang='lat' dir='ltr'><strong>lingua</strong></span> <span class='ocrx_word' id='word_1_764' title='bbox 2359 4708 2494 4746; x_wconf 83' lang='lat' dir='ltr'><strong>mea.</strong></span> <span class='ocrx_word' id='word_1_765' title='bbox 2531 4691 2689 4748; x_wconf 88' lang='lat' dir='ltr'><strong>Tunc</strong></span> <span class='ocrx_word' id='word_1_766' title='bbox 2720 4707 2870 4757; x_wconf 81' lang='lat' dir='ltr'><strong>vero,</strong></span> <span class='ocrx_word' id='word_1_767' title='bbox 2900 4695 3058 4761; x_wconf 85' lang='lat' dir='ltr'><strong>posui</strong></span> <span class='ocrx_word' id='word_1_768' title='bbox 3095 4695 3177 4748; x_wconf 90' lang='lat' dir='ltr'><strong>ori</strong></span> <span class='ocrx_word' id='word_1_769' title='bbox 3208 4713 3318 4750; x_wconf 70' lang='lat' dir='ltr'><strong>meo</strong></span> <span class='ocrx_word' id='word_1_770' title='bbox 3350 4714 3442 4752; x_wconf 61' lang='lat' dir='ltr'><strong>cu-</strong></span> 
     </span>
    </p>
   </div>
   <div class='ocr_carea' id='block_1_105' title="bbox 1865 4784 3442 4852">
    <p class='ocr_par' dir='ltr' id='par_1_105' title="bbox 1865 4784 3442 4852">
     <span class='ocr_line' id='line_1_105' title="bbox 1865 4784 3442 4852; baseline 0.004 -12"><span class='ocrx_word' id='word_1_771' title='bbox 1865 4784 2098 4840; x_wconf 87' lang='lat' dir='ltr'><strong>stodiam</strong></span> <span class='ocrx_word' id='word_1_772' title='bbox 2124 4802 2142 4840; x_wconf 90' lang='lat'><strong><em>:</em></strong></span> <span class='ocrx_word' id='word_1_773' title='bbox 2171 4785 2408 4841; x_wconf 86' lang='lat' dir='ltr'><strong>obmutui</strong></span> <span class='ocrx_word' id='word_1_774' title='bbox 2452 4794 2501 4839; x_wconf 86' lang='lat' dir='ltr'><strong>et</strong></span> <span class='ocrx_word' id='word_1_775' title='bbox 2536 4784 2846 4840; x_wconf 78' lang='lat' dir='ltr'><strong>humiliatus</strong></span> <span class='ocrx_word' id='word_1_776' title='bbox 2875 4803 3017 4852; x_wconf 89' lang='lat' dir='ltr'><strong>sum,</strong></span> <span class='ocrx_word' id='word_1_777' title='bbox 3047 4797 3097 4842; x_wconf 89' lang='lat' dir='ltr'><strong>et</strong></span> <span class='ocrx_word' id='word_1_778' title='bbox 3127 4791 3256 4845; x_wconf 88' lang='lat' dir='ltr'><strong>silui</strong></span> <span class='ocrx_word' id='word_1_779' title='bbox 3285 4810 3317 4845; x_wconf 79' lang='grc' dir='ltr'><strong>α</strong></span> <span class='ocrx_word' id='word_1_780' title='bbox 3348 4791 3442 4848; x_wconf 78' lang='lat' dir='ltr'><strong>bo-</strong></span> 
     </span>
    </p>
   </div>
   <div class='ocr_carea' id='block_1_106' title="bbox 1865 4876 3438 4951">
    <p class='ocr_par' dir='ltr' id='par_1_106' title="bbox 1865 4876 3438 4951">
     <span class='ocr_line' id='line_1_106' title="bbox 1865 4876 3438 4951; baseline 0.006 -18"><span class='ocrx_word' id='word_1_781' title='bbox 1865 4879 1970 4933; x_wconf 84' lang='lat' dir='ltr'><strong>uis.</strong></span> <span class='ocrx_word' id='word_1_782' title='bbox 2000 4876 2365 4951; x_wconf 86' lang='lat' dir='ltr'><strong>Symmachus</strong></span> <span class='ocrx_word' id='word_1_783' title='bbox 2394 4885 2576 4934; x_wconf 88' lang='lat' dir='ltr'><strong>autem</strong></span> <span class='ocrx_word' id='word_1_784' title='bbox 2601 4879 2681 4935; x_wconf 87' lang='lat' dir='ltr'><strong>sic</strong></span> <span class='ocrx_word' id='word_1_785' title='bbox 2715 4880 3106 4950; x_wconf 85' lang='lat' dir='ltr'><strong>interpretatus</strong></span> <span class='ocrx_word' id='word_1_786' title='bbox 3134 4892 3238 4948; x_wconf 81' lang='lat' dir='ltr'><strong>est,</strong></span> <span class='ocrx_word' id='word_1_787' title='bbox 3271 4884 3438 4942; x_wconf 70' lang='lat' dir='ltr'><strong><em>Dixi:</em></strong></span> 
     </span>
    </p>
   </div>
   <div class='ocr_carea' id='block_1_107' title="bbox 1864 4967 3440 5045">
    <p class='ocr_par' dir='ltr' id='par_1_107' title="bbox 1864 4967 3440 5045">
     <span class='ocr_line' id='line_1_107' title="bbox 1864 4967 3440 5045; baseline 0.005 -21"><span class='ocrx_word' id='word_1_788' title='bbox 1864 4967 2177 5025; x_wconf 87' lang='lat' dir='ltr'><strong>Custodiam</strong></span> <span class='ocrx_word' id='word_1_789' title='bbox 2231 4970 2341 5024; x_wconf 84' lang='lat' dir='ltr'><strong>vias</strong></span> <span class='ocrx_word' id='word_1_790' title='bbox 2394 4986 2560 5033; x_wconf 89' lang='lat' dir='ltr'><strong>meas,</strong></span> <span class='ocrx_word' id='word_1_791' title='bbox 2592 4979 2648 5023; x_wconf 90' lang='lat' dir='ltr'><strong>ut</strong></span> <span class='ocrx_word' id='word_1_792' title='bbox 2699 4987 2805 5025; x_wconf 82' lang='lat' dir='ltr'><strong>non</strong></span> <span class='ocrx_word' id='word_1_793' title='bbox 2851 4971 3156 5040; x_wconf 81' lang='lat' dir='ltr'><strong>delinquam</strong></span> <span class='ocrx_word' id='word_1_794' title='bbox 3200 4991 3294 5045; x_wconf 85' lang='lat' dir='ltr'><strong>per</strong></span> <span class='ocrx_word' id='word_1_795' title='bbox 3335 4977 3440 5032; x_wconf 82' lang='lat' dir='ltr'><strong>lin-</strong></span> 
     </span>
    </p>
   </div>
   <div class='ocr_carea' id='block_1_108' title="bbox 1861 5059 3438 5134">
    <p class='ocr_par' dir='ltr' id='par_1_108' title="bbox 1861 5059 3438 5134">
     <span class='ocr_line' id='line_1_108' title="bbox 1861 5059 3438 5134; baseline 0.005 -19"><span class='ocrx_word' id='word_1_796' title='bbox 1861 5077 2021 5133; x_wconf 84' lang='lat' dir='ltr'><strong>guam</strong></span> <span class='ocrx_word' id='word_1_797' title='bbox 2050 5078 2243 5117; x_wconf 82' lang='lat' dir='ltr'><strong>meam.</strong></span> <span class='ocrx_word' id='word_1_798' title='bbox 2284 5059 2597 5117; x_wconf 83' lang='lat' dir='ltr'><strong>Custodiam</strong></span> <span class='ocrx_word' id='word_1_799' title='bbox 2629 5078 2686 5117; x_wconf 91' lang='lat' dir='ltr'><strong>os</strong></span> <span class='ocrx_word' id='word_1_800' title='bbox 2716 5078 2887 5117; x_wconf 74' lang='lat' dir='ltr'><strong>meant</strong></span> <span class='ocrx_word' id='word_1_801' title='bbox 2922 5064 3092 5134; x_wconf 82' lang='lat' dir='ltr'><strong>freno,</strong></span> <span class='ocrx_word' id='word_1_802' title='bbox 3124 5083 3244 5120; x_wconf 85' lang='lat' dir='ltr'><strong>cum</strong></span> <span class='ocrx_word' id='word_1_803' title='bbox 3268 5068 3438 5123; x_wconf 82' lang='lat' dir='ltr'><strong>adhuc</strong></span> 
     </span>
    </p>
   </div>
   <div class='ocr_carea' id='block_1_109' title="bbox 1862 5153 3432 5225">
    <p class='ocr_par' dir='ltr' id='par_1_109' title="bbox 1862 5153 3432 5225">
     <span class='ocr_line' id='line_1_109' title="bbox 1862 5153 3432 5225; baseline 0.002 -16"><span class='ocrx_word' id='word_1_804' title='bbox 1862 5155 1932 5209; x_wconf 86' lang='lat' dir='ltr'><strong>sit</strong></span> <span class='ocrx_word' id='word_1_805' title='bbox 1956 5154 2150 5224; x_wconf 83' lang='lat' dir='ltr'><strong>impius</strong></span> <span class='ocrx_word' id='word_1_806' title='bbox 2178 5153 2455 5208; x_wconf 87' lang='lat' dir='ltr'><strong>adversum</strong></span> <span class='ocrx_word' id='word_1_807' title='bbox 2492 5169 2592 5208; x_wconf 85' lang='lat' dir='ltr'><strong>me.</strong></span> <span class='ocrx_word' id='word_1_808' title='bbox 2634 5153 2816 5209; x_wconf 78' lang='lat' dir='ltr'><strong>Mutus</strong></span> <span class='ocrx_word' id='word_1_809' title='bbox 2839 5156 3013 5225; x_wconf 84' lang='lat' dir='ltr'><strong>factus</strong></span> <span class='ocrx_word' id='word_1_810' title='bbox 3055 5174 3171 5212; x_wconf 89' lang='lat' dir='ltr'><strong>sum</strong></span> <span class='ocrx_word' id='word_1_811' title='bbox 3201 5161 3432 5222; x_wconf 83' lang='lat' dir='ltr'><strong>silentio,</strong></span> 
     </span>
    </p>
   </div>
   <div class='ocr_carea' id='block_1_110' title="bbox 1865 5245 3435 5321">
    <p class='ocr_par' dir='ltr' id='par_1_110' title="bbox 1865 5245 3435 5321">
     <span class='ocr_line' id='line_1_110' title="bbox 1865 5245 3435 5321; baseline 0 -21"><span class='ocrx_word' id='word_1_812' title='bbox 1865 5246 2009 5300; x_wconf 86' lang='lat' dir='ltr'><strong>tacui</strong></span> <span class='ocrx_word' id='word_1_813' title='bbox 2039 5247 2093 5299; x_wconf 88' lang='lat' dir='ltr'><strong>in</strong></span> <span class='ocrx_word' id='word_1_814' title='bbox 2121 5246 2255 5301; x_wconf 85' lang='lat' dir='ltr'><strong>bono</strong></span> <span class='ocrx_word' id='word_1_815' title='bbox 2287 5263 2390 5301; x_wconf 81' lang='lat' dir='ltr'><strong>non</strong></span> <span class='ocrx_word' id='word_1_816' title='bbox 2430 5247 2683 5303; x_wconf 76' lang='lat' dir='ltr'><strong>existens.</strong></span> <span class='ocrx_word' id='word_1_817' title='bbox 2726 5245 2916 5304; x_wconf 82' lang='lat' dir='ltr'><strong>Viden‘</strong></span> <span class='ocrx_word' id='word_1_818' title='bbox 2959 5264 3069 5320; x_wconf 94' lang='lat' dir='ltr'><strong>quo</strong></span> <span class='ocrx_word' id='word_1_819' title='bbox 3113 5259 3273 5321; x_wconf 88' lang='lat' dir='ltr'><strong>pacto</strong></span> <span class='ocrx_word' id='word_1_820' title='bbox 3311 5264 3435 5305; x_wconf 83' lang='lat' dir='ltr'><strong>cau-</strong></span> 
     </span>
    </p>
   </div>
   <div class='ocr_carea' id='block_1_111' title="bbox 1861 5338 3430 5414">
    <p class='ocr_par' dir='ltr' id='par_1_111' title="bbox 1861 5338 3430 5414">
     <span class='ocr_line' id='line_1_111' title="bbox 1861 5338 3430 5414; baseline 0.005 -21"><span class='ocrx_word' id='word_1_821' title='bbox 1861 5353 1977 5394; x_wconf 85' lang='lat' dir='ltr'><strong>sam</strong></span> <span class='ocrx_word' id='word_1_822' title='bbox 2011 5338 2221 5403; x_wconf 74' lang='lat' dir='ltr'><strong>all‘erat,</strong></span> <span class='ocrx_word' id='word_1_823' title='bbox 2274 5355 2374 5395; x_wconf 89' lang='lat' dir='ltr'><strong>cur</strong></span> <span class='ocrx_word' id='word_1_824' title='bbox 2415 5356 2524 5395; x_wconf 90' lang='lat' dir='ltr'><strong>non</strong></span> <span class='ocrx_word' id='word_1_825' title='bbox 2570 5339 2768 5397; x_wconf 85' lang='lat' dir='ltr'><strong>audeat</strong></span> <span class='ocrx_word' id='word_1_826' title='bbox 2795 5358 2857 5397; x_wconf 88' lang='lat' dir='ltr'><strong>os</strong></span> <span class='ocrx_word' id='word_1_827' title='bbox 2905 5343 3120 5414; x_wconf 88' lang='lat' dir='ltr'><strong>aperire</strong></span> <span class='ocrx_word' id='word_1_828' title='bbox 3169 5356 3293 5397; x_wconf 90' lang='lat' dir='ltr'><strong>cum</strong></span> <span class='ocrx_word' id='word_1_829' title='bbox 3332 5340 3430 5401; x_wconf 68' lang='lat' dir='ltr'><strong>ait.</strong></span> 
     </span>
    </p>
   </div>
   <div class='ocr_carea' id='block_1_112' title="bbox 1860 5429 3429 5506">
    <p class='ocr_par' dir='ltr' id='par_1_112' title="bbox 1860 5429 3429 5506">
     <span class='ocr_line' id='line_1_112' title="bbox 1860 5429 3429 5506; baseline 0.004 -22"><span class='ocrx_word' id='word_1_830' title='bbox 1860 5440 1910 5485; x_wconf 88' lang='lat' dir='ltr'><strong>et</strong></span> <span class='ocrx_word' id='word_1_831' title='bbox 1945 5430 2071 5485; x_wconf 80' lang='lat' dir='ltr'><strong>silui</strong></span> <span class='ocrx_word' id='word_1_832' title='bbox 2098 5447 2131 5485; x_wconf 92' lang='lat' dir='ltr'><strong>a</strong></span> <span class='ocrx_word' id='word_1_833' title='bbox 2165 5431 2351 5494; x_wconf 81' lang='lat' dir='ltr'><strong>bonis;</strong></span> <span class='ocrx_word' id='word_1_834' title='bbox 2382 5432 2467 5486; x_wconf 90' lang='lat' dir='ltr'><strong>vel</strong></span> <span class='ocrx_word' id='word_1_835' title='bbox 2496 5431 2797 5488; x_wconf 90' lang='lat' dir='ltr'><strong>secundum</strong></span> <span class='ocrx_word' id='word_1_836' title='bbox 2831 5432 3234 5506; x_wconf 77' lang='lat' dir='ltr'><strong>Symmachum,</strong></span> <span class='ocrx_word' id='word_1_837' title='bbox 3266 5429 3429 5491; x_wconf 76' lang='lat' dir='ltr'><strong>tacui.</strong></span> 
     </span>
    </p>
   </div>
   <div class='ocr_carea' id='block_1_113' title="bbox 1864 5514 3431 5582">
    <p class='ocr_par' dir='ltr' id='par_1_113' title="bbox 1864 5514 3431 5582">
     <span class='ocr_line' id='line_1_113' title="bbox 1864 5514 3431 5582; baseline -0.003 -5"><span class='ocrx_word' id='word_1_838' title='bbox 1864 5524 1918 5578; x_wconf 85' lang='lat' dir='ltr'><strong>in</strong></span> <span class='ocrx_word' id='word_1_839' title='bbox 1959 5522 2093 5579; x_wconf 84' lang='lat' dir='ltr'><strong>bona</strong></span> <span class='ocrx_word' id='word_1_840' title='bbox 2138 5539 2242 5578; x_wconf 85' lang='lat' dir='ltr'><strong>non</strong></span> <span class='ocrx_word' id='word_1_841' title='bbox 2279 5514 2554 5582; x_wconf 74' lang='lat' dir='ltr'><strong>existens?</strong></span> <span class='ocrx_word' id='word_1_842' title='bbox 2577 5525 2715 5581; x_wconf 82' lang='lat' dir='ltr'><strong>Cum</strong></span> <span class='ocrx_word' id='word_1_843' title='bbox 2745 5526 2889 5581; x_wconf 88' lang='lat' dir='ltr'><strong>enim</strong></span> <span class='ocrx_word' id='word_1_844' title='bbox 2918 5525 2974 5581; x_wconf 90' lang='lat' dir='ltr'><strong>in</strong></span> <span class='ocrx_word' id='word_1_845' title='bbox 3010 5523 3168 5580; x_wconf 88' lang='lat' dir='ltr'><strong>bonis</strong></span> <span class='ocrx_word' id='word_1_846' title='bbox 3197 5536 3307 5576; x_wconf 91' lang='lat' dir='ltr'><strong>non</strong></span> <span class='ocrx_word' id='word_1_847' title='bbox 3338 5534 3431 5573; x_wconf 80' lang='lat' dir='ltr'><strong>ex-</strong></span> 
     </span>
    </p>
   </div>
   <div class='ocr_carea' id='block_1_114' title="bbox 1864 5610 3429 5688">
    <p class='ocr_par' dir='ltr' id='par_1_114' title="bbox 1864 5610 3429 5688">
     <span class='ocr_line' id='line_1_114' title="bbox 1864 5610 3429 5688; baseline -0.003 -18"><span class='ocrx_word' id='word_1_848' title='bbox 1864 5616 2111 5684; x_wconf 84' lang='lat' dir='ltr'><strong>istercm,</strong></span> <span class='ocrx_word' id='word_1_849' title='bbox 2157 5630 2335 5688; x_wconf 88' lang='lat' dir='ltr'><strong>neque</strong></span> <span class='ocrx_word' id='word_1_850' title='bbox 2373 5615 2630 5673; x_wconf 82' lang='lat' dir='ltr'><strong>ﬁduciam</strong></span> <span class='ocrx_word' id='word_1_851' title='bbox 2665 5616 2939 5683; x_wconf 87' lang='lat' dir='ltr'><strong>haberem,</strong></span> <span class='ocrx_word' id='word_1_852' title='bbox 2963 5610 3279 5670; x_wconf 85' lang='lat' dir='ltr'><strong>recordatus</strong></span> <span class='ocrx_word' id='word_1_853' title='bbox 3308 5625 3429 5668; x_wconf 89' lang='lat' dir='ltr'><strong>sum</strong></span> 
     </span>
    </p>
   </div>
  </div>
