3980 6214
495 261 600 320 34⁸1

494 376 618 446 ejus
657 372 751 445 qui
784 371 858 426 ait
891 389 904 425 :
932 368 1194 426 Peccasti,
1236 363 1440 434 quiesce
1464 359 1553 412 “:
1600 367 1773 427 quare
1807 350 1950 406 tacui
2005 349 2059 402 in
2090 359 2136 417 Α

496 438 640 524 bona
668 438 770 519 non
804 462 1052 518 existens.
1112 454 1297 527 Neque
1330 452 1506 527 solum
1546 443 1781 500 obmutui
1808 450 1858 496 et
1890 438 2066 493 uitati-

500 562 663 616 liatus
701 571 817 611 sum
846 562 894 608 et
941 551 1065 605 silui
1093 565 1125 602 a
1169 544 1343 609 bonis,
1388 541 1483 599 sed
1516 540 1703 599 etiam,
1729 534 1881 588 dolor
1922 545 2067 584 meus

496 657 774 707 renovatus
817 654 916 699 est.
951 640 1086 696 Nam
1125 639 1281 695 dolor
1328 634 1525 689 animm
1571 643 1723 692 mete,
1762 632 1815 682 et
1849 624 2006 679 ulcus
2037 636 2070 675 a

497 746 723 814 peccato
769 737 900 792 mihi
933 734 1167 796 illatum,
1199 743 1324 786 cum
1366 727 1423 781 in
1465 725 1635 778 imum
1679 727 1870 790 pectus
1917 713 2072 769 deve-

467 836 691 905 nisset,
718 840 771 887 et
804 829 860 883 in
902 828 1022 894 ipsa
1066 818 1406 880 conscientia
1440 814 1671 871 inﬁxum
1713 816 1881 875 esset,
1917 819 2074 862 reno-

497 928 749 990 vabatur,
804 924 1047 978 instante
1094 926 1259 988 atque
1306 909 1673 982 exprobrante
1713 902 1926 976 peccati
1973 913 2073 954 au-

496 1023 672 1074 ctore.

567 1279 738 1337 Vens.
771 1276 805 1332 ὁ
834 1305 861 1319 -
892 1274 947 1329 6.
990 1269 1266 1328 Concaluit
1299 1282 1389 1321 cor
1414 1254 1588 1319 meum
1629 1261 1774 1313 intra
1816 1271 1917 1310 me.
1966 1251 2077 1308 Me-

499 1387 643 1435 mor,
678 1367 881 1438 inquit,
914 1361 1147 1435 peccati,
1181 1356 1350 1413 animi
1381 1351 1623 1422 deliquio
1654 1364 1755 1405 ceu
1784 1347 1908 1417 igne
1928 1357 2077 1398 com-

499 1435 773 1518 burebari
802 1457 871 1511 ab
913 1453 1142 1525 ipsaque
1176 1443 1515 1504 conscientia
1553 1442 1836 1501 incensus,
1869 1435 2075 1489 locutus

498 1552 699 1610 sumin
727 1549 908 1620 lingua
937 1561 1053 1600 mea
1079 1560 1096 1598 :
1125 1541 1325 1597 Notum
1350 1538 1436 1609 [ac
1466 1534 1616 1600 mihi,
1650 1530 1896 1592 Domine.
1919 1527 2078 1597 tinem

501 1660 696 1701 meum.
732 1615 911 1713 Etiam
936 1646 1063 1712 post
1084 1632 1517 1691 confessionem,
1548 1625 1642 1697 qui
1666 1621 1799 1679 mihi
1827 1620 1952 1676 ﬁnis
1993 1615 2073 1671 fu-

501 1739 662 1784 turus
689 1727 762 1783 sit
794 1707 1040 1781 ediscere
1065 1719 1307 1792 postulo.
1340 1714 1467 1770 Haec
1499 1726 1665 1784 porro
1698 1707 1916 1764 dicebat
1945 1716 2070 1758 cum

501 1820 740 1893 graviter
758 1822 1117 1889 premeretur,
1153 1818 1309 1864 ratus
1327 1814 1736 1875 temporaneam
1764 1798 1906 1854 hanc
1928 1809 2074 1849 mor-

500 1883 777 1983 talemque
803 1908 970 1963 vitam
1004 1903 1075 1958 ob
1106 1899 1325 1955 tmdium
1359 1894 1773 1962 molestiamque
1805 1887 1925 1958 ejus
1946 1883 2072 1938 diu-

502 1975 879 2061 turnissimam
910 2011 1053 2053 esse.
1086 1992 1268 2060 Quare
1311 1989 1496 2044 obitus
1526 1985 1629 2040 sibi
1673 1992 1889 2052 tempus
1934 1975 2076 2032 indi-

503 2095 618 2149 cari
648 2088 990 2163 peroptabat,
1038 2091 1100 2139 ut
1152 2087 1380 2151 accepto
1411 2075 1681 2131 libertatis
1712 2086 1776 2126 ac
1818 2067 2077 2124 tentatio-

504 2160 851 2241 num—exitus
885 2180 1066 2235 fausto
1113 2174 1332 2237 nuntio,
1371 2169 1627 2224 alacriter
1664 2171 1866 2235 ageret.
1901 2160 1957 2214 ιη
1997 2174 2078 2214 se.-

507 2273 805 2345 quentibus
833 2284 963 2325 vero
992 2267 1075 2323 sic
1105 2264 1182 2319 ait
1209 2282 1222 2318 :
1248 2260 1463 2316 Advena
1503 2272 1595 2327 ego
1626 2269 1744 2309 sum
1777 2250 1916 2322 apud
1948 2259 1996 2302 te
2026 2254 2077 2302 et

504 2363 829 2436 peregrinus,
860 2362 994 2414 sicut
1022 2369 1200 2410 omnes
1225 2361 1403 2422 patres
1436 2347 1555 2401 mei.
1593 2343 1725 2398 Ecce
1750 2338 2081 2396 mensurabi-

507 2455 581 2510 les
609 2453 834 2524 posuisti
866 2449 979 2503 dies
1032 2463 1194 2509 meos,
1242 2453 1293 2498 et
1340 2439 1642 2495 substantia
1675 2452 1790 2495 mea
1827 2442 2080 2502 tanquam

507 2520 731 2601 nihilum
765 2551 888 2597 ante
934 2550 1000 2594 te.
1049 2537 1157 2592 Pro
1202 2550 1312 2606 quo
1346 2530 1727 2605 Symmachus,
1766 2524 1900 2579 Ecce
1929 2520 2083 2594 quasi

504 2638 772 2709 palmares
818 2631 1014 2688 dedisti
1057 2629 1170 2684 dies
1221 2643 1385 2689 meos,
1433 2621 1625 2679 edidit.
1653 2616 2084 2673 Alius‘lortasse

507 2730 732 2790 dixerit,
780 2722 1106 2787 παλαιστάς,
1140 2721 1258 2776 sive
1303 2714 1656 2771 adversarios
1685 2710 1803 2765 dies
1842 2704 2084 2763 hominis

508 2828 757 2881 vocatos,
791 2818 918 2888 quia
948 2812 1269 2874 certamine,
1301 2808 1502 2879 πάλης,
1525 2807 1639 2862 sive
1678 2816 1856 2874 pugna
1884 2807 1938 2855 et
1959 2807 2083 2851 ten-

509 2910 812 2967 tationibus
843 2897 1198 2977 repletisunt.
1223 2900 1596 2968 Deincepsque
1626 2896 1742 2949 ait:
1770 2891 2086 2947 Substantia

512 3021 629 3059 mea
663 2982 911 3072 tanquam
952 2997 1176 3052 nihilum
1222 3002 1344 3047 ante
1377 3001 1464 3053 te;
1493 3004 1593 3060 pro
1633 3001 1744 3057 quo
1777 2985 1972 3054 Aquila
2001 2984 2087 3038 in-

1202 240 1474 303 EUSEBll
1509 229 1990 297 causammsxs
2032 227 2163 285 OPP
2211 222 2390 283 usus
2418 220 2507 276 tu.
2548 250 2616 264 -
2656 202 3065 275 exsomnes.

3629 207 3741 265 358

2162 342 2484 414 Σύμμαχον;
2519 337 2610 409 Μὴ
2638 353 2748 408 γαρ
2769 333 2845 388 ὣν
2900 335 2958 388 ἐν
2997 330 3240 402 ἀγαθοῖς,
3264 327 3397 401 μηδὲ
3431 325 3748 400 παρρησίαν

2167 433 2336 502 diu”,
2370 429 2695 500 ἐμεμνήμην
2727 424 2819 478 τοῦ
2845 424 3127 492 λέγοντος·
3163 421 3470 489 Ἥμαρτες,
3504 415 3749 484 ἡσύχα-

2167 541 2285 579 σον
2305 540 2318 553 ⁸
2345 521 2424 575 διὸ
2452 518 2766 587 ἐσιώπησα
2784 516 2869 587 μὴ
2896 516 2982 571 ὢν
3014 516 3083 569 ἐν
3101 509 3319 583 ἀγαθῷ.
3367 509 3442 563 Ού
3491 507 3653 579 μόνον
3690 504 3750 559 δὲ

2168 613 2486 684 ἐκωφώθην
2519 610 2619 664 καὶ
2642 610 2902 679 ἐσίγησα
2934 605 3003 671 ἐξ
3056 601 3314 675 ἀπαθῶν,
3338 600 3474 655 ἀλλὰ
3515 597 3612 653 καλ⁸
3639 597 3752 652 ἆλ-

2170 705 2326 779 τημὰ
2343 722 2462 775 μου
2488 700 2898 767 ἀνεκαινίσθη.
2926 698 3001 751 Τὸ
3024 696 3131 769 γὰρ
3165 695 3265 765 τῆς
3291 691 3467 763 ψυχῆς
3518 707 3620 764 μου
3657 688 3754 743 ἆλ-

2170 816 2267 869 γος
2309 796 2406 851 καὶ
2432 796 2492 849 τὸ
2526 795 2589 848 ἐκ
2617 794 2716 865 τῆς
2755 790 3030 863 ἁμαρτίας
3059 784 3416 857 ἐγγενόμενόν
3444 800 3535 855 μοι
3564 781 3753 845 ἐλκος,

2172 889 2313 944 κατὰ
2344 888 2538 959 βάθους
2596 883 2933 954 ἐγκείμενον,
2975 881 3069 934 καὶ
3095 878 3215 932 κατ’
3240 877 3410 947 αὐτῆς
3442 874 3544 945 τῆς
3575 889 3757 926 συνει-

2161 980 2378 1051 δήσεως
2431 972 2857 1046 ἐμπεπηγμένον
2878 1011 2893 1036 ,
2939 967 3252 1030 ἁνενεοῠτο,
3300 960 3758 1024 ἐπαναὸαίνοντὸς

2177 1089 2266 1144 μοι
2314 1070 2409 1123 καὶ
2468 1064 2885 1130 ὲπονειδίξοντος
2932 1060 3024 1116 τοῦ
3064 1059 3162 1130 τὴν
3201 1054 3475 1130 ἁμαρτίαν
3520 1055 3760 1124 ἐνηργη-

2175 1166 2350 1229 κότος.

2257 1253 2610 1326 Ἐθερμάνθη
2640 1251 2678 1319 ἡ
2704 1247 2914 1318 καρδία
2935 1264 3054 1318 μου
3072 1245 3245 1311 ἐντός
3257 1260 3400 1314 μου.
3417 1240 3763 1309 Ἀναμιμνη-

2177 1350 2461 1421 σχόμενος,
2493 1344 2651 1415 φησὶ,
2681 1341 2781 1412 τῆς
2803 1337 3095 1410 ἁμαρτίας,
3136 1335 3236 1406 τῆς
3259 1331 3496 1402 ἀθυμίας
3536 1330 3765 1400 ἐνεπιμ-

2176 1418 2402 1515 πράμην
2448 1437 2602 1509 πυρὶ,
2634 1434 2727 1488 ὑπ’
2760 1430 2930 1500 αὐτῆς
2977 1425 3316 1499 πυρούμενος
3356 1423 3459 1493 τῆς
3510 1418 3766 1490 συνειδή-

2180 1513 2665 1596 σεως,Ἑλάλησα
2695 1525 2766 1580 ἐν
2790 1520 3039 1594 γλώσσῃ
3081 1534 3231 1588 μου·
3283 1513 3593 1582 Γνώρισόν
3633 1529 3765 1581 μοι,

2179 1625 2376 1692 Κύριε,
2411 1619 2477 1675 τὸ
2511 1617 2699 1687 πέρας
2721 1633 2860 1685 μου.
2885 1613 2998 1667 Καὶ
3045 1608 3182 1682 μετὰ
3227 1607 3326 1679 τὴν
3372 1603 3767 1676 ἐξομολόγησιν

2172 1716 2358 1770 ὁποίου
2391 1711 2581 1774 τέλους
2611 1707 2876 1779 τεύξομαι
2911 1704 3101 1778 μαθεῖν
3136 1701 3293 1767 ἀξιῶ.
3324 1698 3673 1772 Βαρούμενος
3707 1695 3770 1748 δὲ

2101 1767 2147 1823 Β
2174 1767 2349 1863 ταῦτα
2374 1767 2671 1873 sxa-{sfw
2703 1767 3036 1871 πρόσκαιρον
3068 1796 3165 1850 καὶ
3186 1794 3386 1865 θνητὴν
3411 1767 3561 1862 ξωην
3591 1788 3685 1843 διὰ
3705 1789 3771 1841 τὸ

2174 1897 2407 1969 ἐπαχθὲς
2455 1895 2624 1965 αὐτῆς
2669 1890 3018 1964 μακροτάτην
3063 1885 3385 1970 ἡγούμενος.
3425 1882 3518 1936 Διὸ
3565 1897 3771 1951 γνωρι⁴

2178 1988 2370 2060 σθῆναι
2402 1984 2550 2056 αὐτῷ
2574 1983 2665 2037 τὸν
2690 1981 2791 2052 τῆς
2830 1979 3151 2051 ἀπαλλαγῆς
3213 1975 3405 2049 χρόνον
3432 1973 3620 2027 ἐπόθει
3642 1989 3657 2002 ·
3696 1972 3767 2024 ἶν’

2177 2079 2411 2150 εὔθυμος
2458 2076 2688 2147 γένοιτο,
2718 2074 2818 2145 τὴν
2851 2071 2960 2126 ἀπὸ
3001 2070 3111 2124 τῶν
3155 2069 3284 2142 τῇδε
3330 2063 3647 2136 ἐλευθερίαν
3674 2062 3773 2116 καὶ

2176 2171 2284 2225 τῶν
2314 2167 2683 2241 πειρατηρίων
2711 2164 2807 2237 τὴν
2834 2162 3152 2233 ἀπαλλαγὴν
3186 2156 3619 2228 εύαγγελισθείς.
3657 2154 3773 2207 Καὶ

2179 2266 2237 2339 ἐν
2270 2265 2380 2326 τοῖς
2416 2261 2459 2315 δ’
2491 2260 2616 2331 ἑξῆς
2660 2256 2864 2329 προῖὼν
2907 2253 3122 2323 ἔλεγεν·
3156 2251 3450 2321 Πάροικος
3494 2246 3609 2318 ἐγώ
3651 2246 3776 2315 είμι

2181 2355 2338 2425 παρὰ
2361 2354 2460 2407 σοὶ
2495 2352 2593 2406 καὶ
2628 2347 3058 2419 παρεπιδημος,
3086 2344 3281 2411 καθὼς
3309 2342 3532 2407 πάντες
3572 2342 3627 2393 ol
3650 2352 3769 2391 πα-

2181 2442 2346 2512 τέρες
2369 2459 2510 2512 μου.
2530 2439 2674 2495 Ἰδοὺ
2704 2437 3044 2502 παλαιστὰς
3069 2436 3210 2489 ἔθου
3238 2433 3347 2498 τὰς
3375 2431 3601 2500 ἡμέρας
3624 2444 3773 2497 μου,

2184 2537 2283 2589 καὶ
2326 2535 2365 2603 ἠ
2410 2531 2754 2597 ὑπόστασίς
2785 2548 2906 2599 μου
2951 2527 3093 2582 ὡσεὶ
3140 2524 3320 2580 οὐθὲν
3348 2521 3605 2587 ἐνώπιόν
3630 2533 3772 2573 σου.

2197 2627 2337 2681 Ἀνθ’
2365 2621 2426 2682 οὗ
2457 2628 2485 2680 ὁ
2524 2624 2840 2695 Σύμμαχος,
2870 2620 3017 2676 Ἰδοὺ
3066 2620 3147 2685 ὠς
3192 2615 3490 2685 σπιθαμὰς
3546 2612 3779 2676 ἔδωκας

2187 2718 2292 2784 τὰς
2342 2715 2570 2785 ἡμέρας
2604 2733 2745 2785 μου,
2780 2710 3263 2779 ἐξὲδωκεν.”Δλλος
3301 2708 3345 2761 δ’
3373 2707 3438 2761 ἂν
3483 2707 3628 2760 εῐποι
3661 2716 3779 2758 πα-

2185 2810 2442 2878 λαιστὰς
2469 2809 2721 2883 εἰρῆσθαι
2744 2808 2842 2872 τὰς
2873 2806 2981 2860 τῶν
3015 2803 3316 2877 ἀνθρώπων
3341 2800 3575 2873 ἡμέρας,
3601 2796 3696 2852 διὰ
3715 2797 3783 2851 τὸ

2190 2903 2585 2978 πεπληρῶσθαι
2639 2901 2807 2965 αὐτὰς
2851 2898 3062 2969 ἀγῶνος
3099 2898 3195 2952 καὶ
3224 2896 3400 2966 πάλης
3435 2894 3531 2948 καὶ
3578 2907 3779 2963 πειρα-

2189 2996 2413 3068 τηρίων.
2431 2995 2591 3066 Ἑξῆς
2626 2993 2839 3057 τούτοις
2867 2991 3036 3062 φησί’
3076 2988 3185 3045 Kal
3215 2990 3254 3057 ἠ
3289 2984 3635 3049 ὑπόστασις
3656 2999 3781 3052 μου

512 3102 869 3167 terpretatur,
896 3100 946 3145 et
994 3087 1250 3143 demersio
1279 3102 1397 3140 mea
1440 3082 1594 3153 quasi
1622 3096 1726 3135 non
1756 3087 1834 3133 est
1869 3077 1922 3131 in
1961 3092 2078 3130 con-

2190 3091 2333 3148 ὠσεί
2359 3089 2539 3145 οὐθὲν
2560 3085 2818 3142 ἐνώπιόν
2856 3100 2973 3138 σου
2991 3100 3005 3114 ο
3037 3081 3154 3137 ἀνθ’
3172 3076 3234 3134 οὗ
3267 3080 3296 3132 ό
3327 3076 3561 3141 Ἀκύλας
3588 3077 3744 3148 ηρμή
3775 3112 3780 3116 -

513 3198 694 3261 specta
729 3196 846 3251 tuo;
882 3180 1248 3256 Symmachus
1273 3192 1428 3241 vero,
1456 3184 1506 3229 et
1543 3172 1649 3228 vita
1682 3187 1797 3226 mea
1816 3170 1970 3242 quasi
2003 3170 2085 3224 ui-

514 3281 590 3338 hil
622 3296 801 3335 coram
832 3289 900 3332 te.
937 3274 1186 3344 Namque
1218 3276 1393 3325 totum
1432 3270 1560 3323 vitae
1596 3264 1836 3320 hominis
1872 3272 2089 3332 tempus

512 3388 639 3431 cum
691 3372 803 3427 vita
843 3368 938 3423 Dei
988 3374 1153 3436 atque
1209 3362 1425 3417 saeculis
1471 3357 1755 3414 immensis
1802 3355 2087 3417 collatum,

513 3464 675 3541 quasi
704 3463 936 3518 nihilum
971 3465 1056 3513 est
1100 3458 1155 3512 in
1199 3461 1498 3525 conspectu
1535 3449 1651 3505 Dei.
1677 3447 1860 3515 Quare
1889 3446 1997 3499 alio
2034 3444 2088 3498 in

516 3558 640 3615 loco
671 3557 879 3613 dictum
908 3573 921 3609 :
953 3551 1083 3608 Caeli
1123 3547 1385 3620 peribunt,
1420 3555 1473 3599 tu
1508 3552 1681 3597 autem
1711 3555 2006 3611 permaues,
2040 3544 2090 3590 et

517 3642 696 3708 omnes
749 3649 883 3702 sicut
909 3645 1269 3699 vestimentum
1298 3643 1615 3693 reterascent
1643 3642 1732 3688 :et
1765 3632 1897 3686 sicut
1940 3645 2092 3701 oper-

521 3743 715 3799 torium
760 3738 987 3792 mutabis
1015 3752 1102 3790 eos
1131 3742 1180 3787 et
1227 3730 1593 3786 mutabuntur.
1629 3726 1708 3781 Tu
1746 3733 1919 3779 autem
1953 3722 2091 3775 idem

518 3833 632 3901 ipse
659 3847 735 3893 os,
767 3836 815 3882 et
851 3825 976 3880 anni
1008 3824 1084 3877 tui
1130 3837 1235 3875 non
1277 3817 1605 3887 deﬁcient".
1636 3811 1745 3869 Sed
1774 3812 1937 3867 etiam
1976 3824 2094 3863 om-

521 3922 613 3977 nia
659 3918 943 3973 bominum
986 3912 1191 3976 studia,
1225 3910 1440 3964 vanitas
1472 3908 1772 3960 vanitatum
1818 3909 1980 3968 sunt;
2016 3906 2090 3959 et,

522 4013 771 4070 universa
808 4009 1041 4071 uanitas,
1110 4005 1279 4061 omnis
1325 4002 1476 4055 homo
1509 4000 1720 4059 vivens;
1757 3997 1893 4059 sive,
1926 3993 2093 4047 omnis

524 4103 678 4162 homo
705 4101 1046 4161 constitutus,
1090 4094 1391 4151 secundum
1434 4090 1720 4162 Aquilam;
1751 4088 1885 4151 sive,
1927 4086 2095 4139 omnis

525 4197 682 4252 homo
706 4202 878 4254 stans.
907 4187 1208 4244 secundum
1241 4182 1651 4257 Symmachum.
1674 4178 1810 4233 Nam
1837 4178 1929 4249 qui
1953 4193 2099 4233 nunc

526 4296 658 4354 stat,
695 4302 759 4341 ac
791 4281 1044 4356 praesenti
1089 4288 1333 4350 tempore
1366 4275 1532 4330 vitam
1573 4271 1841 4334 decurrit,
1881 4271 2098 4326 vanitas

527 4398 661 4441 sane
696 4378 884 4435 fuerit.
919 4374 980 4430 Si
1013 4375 1197 4445 itaque
1231 4370 1379 4427 nulla
1404 4366 1718 4423 hominibus
1744 4365 1952 4420 inesset
1973 4379 2099 4434 spes

2188 3201 2373 3241 νευσε·
2406 3181 2515 3237 Καὶ
2554 3180 2593 3250 ἠ
2633 3176 2965 3243 κατάδυσις
2989 3193 3109 3245 μου
3143 3175 3222 3240 ὡς
3256 3173 3369 3226 οὐκ
3394 3170 3570 3224 ἐστιν
3593 3169 3780 3222 ἐναν-

2189 3276 2320 3330 τίον
2351 3289 2500 3329 σου·
2545 3274 2574 3325 ὁ
2611 3269 2669 3324 δέ
2715 3268 3039 3339 Σύμμαχοςο
3074 3264 3183 3320 Kal
3213 3265 3249 3332 ὴ
3279 3260 3500 3328 ,βίωσίς
3533 3277 3657 3329 μου
3698 3259 3784 3326 ὡς

2189 3363 2372 3419 οὐδὲν
2409 3360 2658 3429 ἀντικρύ
2692 3358 2908 3412 σου.⁹υ
2954 3356 3063 3428 γὰρ
3111 3355 3217 3418 πᾶς
3247 3353 3345 3424 τῆς
3378 3349 3521 3422 ζωῆς
3567 3347 3786 3420 ἀνθρώ-

2190 3472 2294 3511 που
2321 3450 2533 3527 χρόνοςζ
2565 3446 3053 3522 παραϐαλλόμενος
3098 3440 3167 3515 τῇ
3210 3443 3304 3498 τοῦ
3353 3441 3487 3495 Θεοῦ
3517 3439 3655 3512 ζωῇ,
3686 3438 3787 3492 καὶ

2189 3551 2303 3612 τοῖς
2348 3546 2510 3603 αίῶσι
2552 3548 2666 3609 τοῖς
2700 3543 2973 3615 ἀπείροις,
3001 3538 3190 3609 ὥσπερ
3215 3536 3374 3590 οὐθέν
3400 3537 3516 3587 ἐστι
3545 3532 3787 3587 ἐνώπιον

2190 3638 2286 3692 τοῦ
2342 3638 2498 3691 Θεοῦ.
2553 3635 2644 3690 Διὸ
2694 3633 2929 3706 ἀλλαχοῦ
2978 3632 3222 3704 είρηταιο
3272 3632 3336 3682 Ol
3382 3624 3627 3696 οὐρανοί
3671 3625 3791 3681 ἀπ-

2191 3729 2473 3784 ολοῦνται
2490 3745 2505 3759 ⁸
2531 3727 2612 3785 σὺ
2636 3726 2704 3781 δὲ
2728 3725 3048 3796 διαμένεις,
3066 3722 3163 3776 καὶ
3194 3719 3416 3787 πάντες
3439 3720 3520 3786 ὡς
3549 3716 3789 3793 ludetur

2196 3819 2718 3886 παλαιωθήσονται
2742 3835 2757 3850 ο
2915 3789 3059 3871 ὡσεί
3088 3815 3393 3884 περιϐολαί
3420 3809 3646 3876 ἑλίξεις
3671 3789 3786 3862 αὐ-

2196 3913 2359 3979 τοὺς,
2395 3912 2491 3966 καί
2526 3909 3001 3982 ἀλλαγήσονται.
3043 3907 3127 3962 Σὺ
3167 3906 3235 3960 δὲ
3270 3909 3302 3960 ό
3345 3903 3530 3970 αὐτὸς
3565 3898 3643 3967 εἴ,
3685 3901 3789 3955 καί

2194 4004 2268 4058 τὰ
2309 4004 2412 4069 ἐτη
2457 4019 2573 4056 σου
2619 4002 2731 4055 οὐκ
2774 3999 3190 4068 ἐκλείψουσιν.
3230 3994 3390 4049 Ἀλλὰ
3436 3993 3534 4048 καὶ
3568 3994 3720 4046 πᾶσα
3750 3992 3788 4065 1‘;

2196 4093 2347 4167 παρὰ
2361 4092 2669 4166 ἀνθρώποις
2693 4092 2896 4163 σπουδὴ
2923 4090 3219 4163 ματαιότης
3248 4085 3625 4158 ματαιοτήτων
3645 4083 3786 4147 ἐστὶ,

2198 4186 2314 4249 καὶ,
2349 4183 2421 4237 τὰ
2448 4184 2773 4254 σύμπαντα
2798 4182 3143 4250 ματαιότης,
3174 4176 3293 4243 πᾶς
3317 4176 3628 4243 ἄνθρωπος
3653 4168 3788 4236 (ὧν,

2201 4276 2257 4346 ἢ,
2289 4273 2407 4341 πᾶς
2430 4274 2741 4344 ἅνθρωπος
2763 4270 3203 4340 ἐστηλωμένος,
3221 4268 3365 4322 κατὰ
3387 4265 3477 4320 τὸν
3517 4263 3753 4317 Ἀκύλαν
3771 4279 3785 4294 ο

2198 4366 2256 4437 ἢ,
2281 4362 2399 4431 πᾶς
2418 4363 2729 4432 ἄνθρωπος
2748 4359 2958 4426 ἑστὼς,
2982 4358 3122 4413 κατὰ
3147 4358 3238 4413 τὸν
3265 4357 3578 4428 Σύμμαχον.
3596 4353 3656 4407 '0
3676 4353 3791 4423 γὰρ

528 4470 980 4536 immortalitatis,
1031 4467 1153 4523 vita:
1196 4475 1410 4521 aeternae
1452 4476 1516 4515 ac
1556 4459 1711 4531 regni
1746 4458 2035 4523 caelorum,
2070 4474 2087 4512 ε

2201 4456 2295 4510 νῦν
2323 4455 2493 4520 ἑστὼς
2519 4455 2615 4509 καὶ
2638 4457 2666 4509 ὁ
2692 4453 2834 4508 κατὰ
2867 4454 2957 4506 τὸν
2981 4452 3222 4525 παρόντα
3250 4450 3439 4523 χρόνον
3460 4448 3562 4518 τὴν
3586 4444 3789 4515 θνητὴν

529 4582 591 4623 re
614 4582 746 4622 sane
781 4571 1065 4635 putaretur
1093 4559 1308 4615 vanitas
1336 4570 1458 4611 esse
1487 4552 1666 4608 omnis
1692 4552 1856 4606 homo
1880 4551 2089 4607 vivens.

2199 4549 2277 4604 ἔτι
2313 4548 2456 4622 ζωὴν
2491 4547 2781 4615 διεξανύων
2830 4546 3130 4618 ματαιότης
3173 4543 3240 4598 ἂν
3284 4542 3389 4613 εἴη.
3427 4541 3490 4594 Ei
3532 4538 3666 4609 γοῦν
3711 4537 3794 4609 μὴ

531 4631 798 4715 ἀπέκειτο.
813 4674 896 4721 τις
925 4653 1231 4727 ἀνθρώποις
1274 4651 1427 4713 ἐλπὶς
1474 4648 1795 4714 ἀθανασίας,
1845 4648 1939 4702 καὶ
1987 4647 2131 4720 ζωῆς
2167 4646 2384 4702 αἰωνίου
2421 4644 2695 4716 βασιλείας
2722 4660 2780 4697 τε
2806 4641 3071 4714 οὐρανῶν,
3102 4639 3338 4708 εὐλόγως
3397 4637 3463 4691 ἂν
3526 4631 3793 4707 ἐνομίσθη

537 4751 763 4822 μάταιόν
796 4768 847 4804 τι
878 4746 1016 4802 εἶναι
1056 4748 1163 4809 πᾶς
1196 4744 1480 4816 ἄνθρωπος
1511 4742 1639 4805 ζῶν.

605 4844 773 4899 Vens.
811 4846 888 4899 8-
925 4844 1013 4897 12.
1053 4840 1118 4894 Et
1152 4855 1287 4893 nunc
1331 4855 1447 4909 qua:
1483 4847 1560 4891 est
1594 4837 1915 4906 exspectatio
1962 4854 2100 4903 mea,

536 4954 705 4997 nonne
760 4936 1056 4991 Dominus?
1102 4939 1211 4988 etc.
1250 4930 1375 4986 llam
1419 4944 1585 4999 porro
1634 4930 1713 4984 sic
1747 4930 1916 4985 edidit
1944 4931 2105 5001 Sym-

539 5026 805 5082 machus:
840 5024 997 5078 Nunc
1026 5026 1190 5094 igitur
1233 5019 1357 5093 quid
1421 5030 1678 5090 exspecto,
1747 5020 1993 5078 Domine?
2026 5037 2106 5076 rc-

541 5118 750 5173 mausio
805 5133 917 5170 mea
952 5116 1008 5169 in
1057 5124 1104 5168 te
1160 5123 1253 5172 est.
1294 5113 1372 5168 Ab
1436 5111 1675 5168 omnibus
1733 5113 2109 5182 transgressio-

544 5211 696 5267 nibtts
744 5209 871 5263 meis
924 5206 1119 5262 redime
1183 5223 1291 5271 me,
1362 5204 1777 5276 caprobrabilem
1844 5204 2109 5273 insipienti

542 5319 609 5361 tto
651 5317 813 5372 ponas
846 5317 947 5354 me.
1004 5297 1188 5353 Mutus
1232 5299 1408 5369 factus
1457 5298 1598 5362 sum,
1652 5313 1759 5350 non
1810 5296 2006 5364 aperies
2051 5312 2108 5350 os

546 5408 759 5449 meum:
790 5401 846 5444 tu
875 5390 1012 5445 enim
1050 5386 1242 5458 fecisti.
1272 5385 1404 5442 Post
1437 5402 1502 5442 ea
1531 5402 1652 5458 qua:
1684 5386 1939 5457 superius
1966 5386 2111 5439 dicta

547 5490 699 5548 sunt,
731 5482 829 5547 ait,
863 5479 1002 5535 nibi‘l
1042 5478 1175 5537 mihi
1226 5478 1500 5544 relictum,
1535 5476 1782 5542 Domine,
1827 5474 1933 5529 nisi
1968 5482 2027 5528 ut
2061 5484 2110 5532 te

622 5664 668 5696 "
707 5662 841 5720 Gen.
879 5678 951 5730 tv,
988 5662 1040 5731 7,
1087 5676 1196 5719 sec.
1233 5657 1394 5716 LXX.
1471 5657 1518 5699 ’7
1560 5655 1698 5714 Psal.
1738 5671 1823 5719 CI,
1857 5653 2042 5722 27,28.

2279 4835 2385 4890 Kal
2411 4832 2527 4887 νῦν
2547 4833 2639 4899 τίς
2671 4834 2709 4901 ἠ
2739 4828 3011 4900 ὐπομονή
3037 4846 3176 4899 μου,
3200 4827 3332 4895 οὐχ)
3361 4825 3610 4892 Κύριος;
3650 4823 3710 4875 '0
3734 4821 3793 4874 ῖέ

2212 4927 2504 4999 Σύμμαχος
2533 4924 2703 4988 οὕτως
2735 4923 2803 4977 τὰ
2832 4921 3168 4994 προκείμενα
3199 4918 3425 4983 ἐξέδωκε
3462 4917 3632 4990 ρητάο
3661 4912 3793 4969 Νῦν

2209 5014 2323 5073 οὖν
2361 5019 2416 5071 τί
2455 5013 2789 5085 προσδοκῶ,
2835 5013 3141 5076 Δέσποτα;
3181 5013 3219 5080 ἠ
3253 5006 3521 5081 ἀναμονή
3550 5025 3674 5077 μου
3702 5010 3793 5072 εἰς

2214 5108 2288 5164 σέ
2328 5106 2670 5163 ἐστιν.Ἆπὸ
2712 5104 2924 5159 πασῶν
2972 5103 3091 5157 τῶν
3137 5102 3394 5158 ἁθεσιῶν
3418 5118 3539 5171 μου
3570 5098 3794 5164 ἑξέλου

2211 5218 2308 5271 με,
2350 5198 2763 5253 ἐπονείδιστον
2815 5196 3025 5267 ἄφρονι
3064 5196 3149 5266 μὴ
3199 5194 3386 5264 τάξῃς
3429 5194 3793 5264 μεῖΑλανιος

2214 5292 2526 5361 ἐγενόμην,
2551 5292 2661 5376 oux
2680 5289 2940 5354 ἀνοίξεις
2966 5288 3158 5357 στόμα
3180 5303 3320 5358 μου·
3349 5286 3430 5341 σὺ
3456 5286 3566 5356 γὰρ
3585 5285 3795 5351 ἐποίη-

2211 5401 2347 5450 σας.
2370 5382 2524 5438 Μετὰ
2551 5371 2618 5437 τά
2653 5381 3056 5455 προλελεγμένα
3080 5383 3277 5447 πάντα,
3303 5379 3487 5452 φησὶν,
3510 5376 3665 5432 οὐδέν
3700 5371 3803 5447 μοι

2211 5475 2477 5542 λείπεται,
2511 5469 2554 5530 ὦ
2590 5475 2782 5550 Κύριε,
2811 5473 2844 5547 ἢ
2894 5474 2953 5528 σὲ
2996 5472 3297 5546 προσδοκᾷν
3350 5470 3440 5526 καὶ
3488 5470 3571 5535 εἰς
3603 5468 3665 5523 σέ
3693 5465 3796 5533 τὰς
