3980 6214
243 213 352 270 δι’)

1383 207 1887 267 COMMENTARIA
1929 209 1995 266 IN
2036 208 2383 266 PSALMOS.

3406 221 3511 275 550

245 329 472 392 ἐλπίδας
500 327 676 400 ἔχειν’
702 321 858 399 παρὰ
881 324 974 380 σοῦ
1004 324 1116 396 γάρ
1143 324 1242 398 τῆς
1268 325 1450 398 ψυχῆς
1473 329 1507 398 ἡ
1538 325 1802 381 ὑπόστασί

1934 333 2244 396 exspectem
2287 334 2340 382 et
2388 325 2446 381 in
2493 333 2545 382 te
2588 341 2738 397 spem
2790 327 3018 384 habeam
3055 346 3070 387 :
3102 345 3227 384 nam
3274 334 3417 403 apud
3461 344 3514 391 te

243 426 381 477 tm.
423 420 517 473 Διὸ
561 419 749 491 δέομαι
777 419 872 471 καὶ
903 416 1132 471 ἱκετεύω
1161 417 1592 490 ὲλευθερωθῆναί
1630 435 1697 490 με
1724 418 1806 471 τῶη

1941 425 2024 472 est
2057 417 2370 472 substantia
2404 418 2621 473 animae.
2676 417 2857 484 Quare
2901 421 3152 490 supplico
3185 435 3248 474 ac
3282 437 3414 492 rogo
3447 426 3512 478 li-

244 513 371 583 τῇδε
423 510 634 573 κακῶν,
661 511 755 564 καὶ
798 509 907 562 τῶν
955 509 1194 580 ἀνομιῶν
1229 527 1328 581 μου
1361 509 1831 582 ρυσθῆναι.”Απαξ

237 605 353 675 γάρ
382 604 784 676 περιπέπτωκα
814 602 1029 674 ἄφρονι,
1061 603 1189 674 περὶ
1217 595 1278 657 οὗ
1307 603 1401 657 καὶ
1432 603 1690 676 ἀνωτέρω
1719 602 1831 656 ἐλε-

238 712 338 764 γον
356 713 370 724 ·
413 696 519 749 Ἐν
566 693 648 759 τῷ
688 693 994 762 συστῆναι
1037 693 1146 747 τὸν
1183 694 1530 764 ἁμαρτωλὸν
1577 693 1831 748 ἐνώπιόν

237 806 380 857 μου,
421 785 767 856 ἐκωφὼθην,
794 786 896 841 καὶ
923 786 1325 854 ἐταπεινώθην
1352 788 1449 842 καί
1476 788 1735 857 ἐσίγησα
1759 785 1828 851 ἐξ

238 878 501 950 ἀγαθῶν.
544 880 754 932 Αὐτίκα
782 881 913 949 γοῦν
955 879 1232 952 ἀφροσύνῃ
1263 879 1587 952 παραδοθεὶς
1629 881 1826 948 γέγονα

239 972 605 1036 ἐπονείδιστος
621 989 634 1002 ’
670 972 898 1036 εἰκότως
927 968 1040 1036 οὖν,
1063 973 1138 1038 ὡς
1163 975 1229 1027 ἂν
1256 972 1617 1043 γνωσιμαχῶν
1640 973 1724 1042 ἐφ’
1745 967 1826 1036 οἷς

233 1064 509 1135 ⁴ἧμαρτον,
538 1061 864 1132 ἐκωερώθην
885 1063 981 1116 καὶ
1003 1065 1115 1118 οὐκ
1141 1063 1355 1132 ἧνοιξα
1375 1063 1441 1117 τὸ
1477 1064 1668 1132 στόμα
1683 1080 1821 1132 μου,

230 1155 327 1209 ὅτι
372 1156 454 1209 σὺ
499 1157 814 1223 ἐποίησας.
833 1155 890 1209 Ὀ
937 1154 1046 1226 γὰρ
1097 1155 1186 1219 σὺς
1238 1155 1401 1225 φόϐος
1447 1153 1709 1224 κωφῶσαί
1755 1171 1821 1225 με

233 1249 486 1319 ἐποίησε,
517 1249 769 1319 πλήττων
809 1263 877 1318 με
924 1247 1011 1316 ἐφ’
1042 1240 1124 1310 οἷς
1160 1247 1426 1318 ἥμαρτον,
1462 1247 1556 1302 καὶ
1595 1256 1821 1301 κατασι-

234 1338 418 1407 γάζων
448 1340 584 1412 πρὸς
619 1339 682 1392 τὸ
709 1339 784 1410 μὴ
820 1337 1176 1408 φθέγγεσθαι.
1196 1338 1340 1392 Ἀντὶ
1369 1338 1424 1391 δὲ
1448 1335 1563 1399 τοῦ,
1593 1335 1822 1404 ὄνειδος

231 1431 449 1501 ἄφρονι
484 1431 714 1498 ἔδωκάς
757 1447 855 1500 με,
885 1431 914 1482 ὁ
955 1430 1052 1501 μὲν
1097 1429 1348 1494 Ἀκύλας,
1377 1428 1605 1494 ὄνειδος
1640 1429 1822 1496 ἀπορ-

229 1525 454 1590 ῥέοντι,
473 1524 630 1595 φησὶ,
649 1522 734 1594 μὴ
762 1521 876 1590 θῇς
898 1540 976 1592 με
999 1539 1012 1553 ·
1047 1524 1076 1575 ὁ
1100 1523 1157 1577 δὲ
1186 1522 1498 1593 Σύμμαχος,
1529 1518 1817 1574 ἐπονείδι-

226 1630 387 1668 στον
438 1615 656 1684 ἄφρονι
699 1614 784 1685 μὴ
829 1613 950 1682 δῷς
989 1632 1095 1684 με’
1140 1617 1174 1685 ἡ
1226 1615 1283 1668 δὲ
1314 1614 1534 1684 πέμπτη
1578 1610 1816 1674 ἐκδοσις’

1939 507 2121 562 berari
2153 523 2238 563 me
2269 509 2338 563 ab
2378 509 2528 564 hisee
2557 507 2739 572 malis,
2771 514 2827 563 et
2861 509 2929 563 ab
2957 510 3342 580 iniquitatibus
3375 517 3511 571 meis

1937 597 2094 668 eripi.
2139 595 2317 653 Semel
2347 599 2489 653 enim
2536 597 2881 668 insipientem
2924 600 3125 656 oﬂ'endi
3155 605 3223 658 de
3264 619 3374 673 quo
3413 622 3509 660 su-

1937 689 2122 760 perius
2155 687 2400 744 dicebam
2431 709 2443 747 :
2475 688 2605 748 Cum
2634 691 2939 745 consisteret
2962 703 3203 760 peccator
3228 693 3506 751 adversum

1937 796 2039 844 me,
2081 781 2317 834 obmutui
2358 791 2406 835 et
2439 782 2752 836 humiliatus
2799 800 2938 848 sum,
2974 795 3023 839 et
3065 787 3190 840 silui
3246 804 3276 842 ο
3332 772 3504 846 bonis.

1938 871 2241 929 Confestim
2294 873 2478 944 itaque
2527 874 2858 944 insipientia
2903 877 3162 942 traditus,
3206 881 3505 949 probrosus

1933 965 2159 1022 effectus
2193 983 2312 1022 sum
2343 987 2356 1022 :
2395 968 2518 1037 jure
2564 982 2693 1036 ergo
2729 978 3010 1036 peccatum
3045 979 3098 1025 et
3131 972 3502 1028 infirmitatem

1931 1075 2237 1129 agnoscens
2269 1077 2464 1123 meam,
2506 1061 2739 1115 obmutui
2765 1073 2811 1117 ct
2855 1079 2956 1116 non
2992 1066 3172 1132 aperui
3222 1082 3278 1119 os
3310 1079 3500 1132 meum,

1929 1154 2178 1222 quoniam
2214 1164 2268 1206 tu
2297 1154 2486 1219 fecisti.
2511 1153 2698 1208 Timor
2730 1157 2875 1210 enim
2907 1157 2981 1209 tui
3016 1172 3100 1210 me
3126 1158 3503 1214 obmutescere

1930 1242 2079 1309 fecit,
2116 1261 2310 1316 meque
2347 1247 2418 1300 ob
2473 1256 2698 1316 peccata
2749 1264 2870 1302 mea
2903 1249 3155 1318 perculit,
3211 1257 3265 1304 et
3316 1256 3502 1307 tacere

1930 1337 2079 1400 fecit,
2117 1347 2176 1392 ut
2207 1354 2315 1392 non
2346 1339 2486 1392 ultra
2519 1339 2789 1409 loquerer.
2818 1341 2922 1395 Pro
2952 1342 3046 1396 illo
3074 1350 3278 1405 autem,
3308 1359 3500 1414 oppro-

1929 1431 2101 1487 brium
2136 1432 2405 1500 insipienti
2431 1432 2624 1487 dedisti
2649 1450 2758 1498 me;
2791 1433 3009 1503 Aquila,
3041 1435 3376 1504 opprobrium
3405 1435 3499 1492 de-

1926 1522 2112 1589 fluenti
2146 1538 2208 1575 ne
2238 1538 2401 1591 ponas
2456 1539 2571 1586 me;
2610 1522 2973 1595 Symmachus
3008 1543 3156 1593 vero,
3206 1530 3467 1599 exprobra

1928 1613 2082 1667 bilem
2105 1615 2375 1683 insipienti
2407 1633 2469 1670 ne
2513 1632 2680 1685 ponas
2723 1633 2836 1680 me;
2866 1619 3056 1686 quinta
3084 1619 3272 1683 editio,
3308 1636 3496 1691 oppro-

227 1706 474 1772 ὄνειδος
503 1707 717 1774 ἇξρρονι
758 1705 834 1774 μὴ
877 1704 996 1772 δῷς
1035 1707 1316 1778 με.Ὄπερ
1343 1704 1686 1777 παράκλησιν
1717 1703 1806 1774 ὲμ-

1923 1703 2088 1758 brium
2114 1707 2378 1775 insipienti
2405 1724 2467 1761 ne
2488 1707 2691 1761 dederis
2728 1724 2828 1764 me.
2854 1707 3007 1774 Quod
3035 1709 3152 1779 ejus
3178 1713 3270 1781 qui
3301 1728 3497 1783 pecca-

230 1798 429 1868 φαίνει
452 1796 547 1851 τοῦ
573 1797 958 1868 ἡμαρτηκότος,
987 1797 1320 1861 ἱκετεύοντος
1348 1797 1421 1868 μὴ
1451 1794 1815 1868 παραδοθῆναι

238 1897 328 1956 εἰς
374 1893 677 1963 ὀνειδισμὸν
701 1891 903 1963 ἄφρονι.
936 1892 999 1944 Ei
1027 1891 1070 1944 δ’
1101 1889 1262 1954 αὐτὸς
1291 1892 1319 1942 ὁ
1355 1887 1557 1960 Κύριος
1588 1885 1814 1958 παραδίο

238 1981 411 2034 δωσιν
445 1981 633 2052 ἄφρονι
656 1980 740 2032 τὸν
766 1978 1138 2051 ἡμαρτηκότα,
1172 1977 1524 2043 ὀνειδίζεσθαι
1552 1976 1687 2047 πρὸς
1717 1976 1814 2029 αύ-

233 2071 357 2134 τοῦ,
391 2073 482 2125 καὶ
524 2070 674 2126 τοῦτο
718 2070 782 2123 ἂν
824 2071 999 2134 εἴποις
1045 2071 1131 2123 ἐπ’
1157 2070 1392 2141 ὠφελείᾳ
1440 2068 1682 2138 γίνεσθαι
1715 2065 1810 2121 τοῦ

225 2162 653 2234 ὀνειδιζομένου,
687 2162 764 2224 ὡς
791 2162 879 2224 ἂν,
912 2161 1263 2231 κακούμενος,
1290 2158 1509 2231 μείζονα
1539 2160 1814 2228 ποιήσοιτο

224 2257 326 2327 τὴν
353 2258 450 2310 ἐπὶ
479 2257 594 2318 τοῖς
621 2251 1029 2324 ἡμαρτημένοις
1054 2251 1435 2324 ἐξομολόγησιν
1452 2268 1466 2282 ⁸
1497 2251 1634 2322 ὅπερ
1659 2249 1812 2320 ἠξίου

227 2351 305 2422 μὴ
347 2348 543 2403 παθεῖν
591 2350 622 2402 ὁ
671 2346 852 2410 Δαυῖδ,
883 2347 958 2410 ὡς
991 2347 1166 2400 πάντα
1212 2346 1464 2418 πράττων
1497 2344 1564 2398 τὰ
1591 2342 1669 2414 τῷ
1695 2343 1813 2414 Θεῷ

223 2440 432 2512 ἀρεστά
455 2440 517 2505 ἐξ
549 2438 766 2497 ἑαυτοῦ.
785 2439 1154 2506 Ἀπόστησον
1177 2438 1276 2492 ἀπ’
1299 2436 1444 2506 ἐμοῦ
1475 2435 1581 2502 τὰς
1601 2433 1814 2504 μάστι-

219 2532 330 2605 ﬂii;
361 2540 510 2588 σοιν
545 2532 666 2587 ἀπὸ
691 2529 802 2600 γὰρ
827 2528 938 2598 τῆς
963 2527 1161 2598 χειρὸς
1183 2527 1292 2595 τῆς
1315 2529 1528 2598 ἰσχύος
1559 2545 1676 2583 σου
1697 2525 1812 2597 ἐγὼ

218 2627 508 2692 ἐξέλιπον
529 2643 544 2655 ·
590 2627 660 2678 ἐν
691 2622 965 2693 ἐλεγμοῖς
988 2620 1138 2688 ὑπὲρ
1161 2621 1412 2690 ἀνομίας
1445 2619 1812 2684 ἐπαίδευσας

217 2719 558 2786 ἄνθρωπον.
591 2716 690 2768 καὶ
725 2715 1014 2781 ἐξέτηξας
1042 2714 1122 2778 ὡς
1158 2711 1431 2781 ἀράχνην
1456 2711 1570 2780 τὴν
1598 2709 1812 2780 ψυχὴν

214 2810 432 2873 αὐτοῦ,
456 2810 626 2879 πλὴν
642 2809 844 2879 μάτην
871 2808 986 2873 πᾶς
1011 2807 1341 2874 ἄνθρωπος’
1367 2804 1696 2873 didii-alga.

300 2926 398 2978 Ἐν
454 2924 550 2994 μὲν
590 2923 672 2994 τῷ
723 2924 829 2992 πρὸ
879 2921 1066 2975 τούτου
1097 2917 1299 2991 ψαλμῷ
1329 2920 1586 2989 παρεῖχεν
1617 2917 1808 2971 ἑαυτὸν

1917 1799 1996 1853 vit
2043 1798 2478 1868 deprecationem
2522 1800 2761 1863 exhibet,
2812 1802 3056 1870 rogantis
3091 1819 3159 1858 ne
3194 1805 3248 1858 in
3295 1821 3494 1876 oppro-

1916 1888 2094 1948 brium
2124 1889 2400 1958 insipienti
2427 1889 2692 1943 tradatur.
2727 1889 2882 1957 Quod
2913 1892 2958 1946 si
2987 1894 3206 1962 quaudo
3228 1894 3490 1952 Dominus

1915 1992 2226 2052 peccantem
2278 1981 2560 2051 insipienti
2592 1984 2790 2049 tradat,
2830 1991 2889 2038 ut
2940 1985 3250 2054 opprobriis
3299 1989 3369 2041 ab
3414 2005 3487 2044 eo

1914 2071 2212 2127 afﬁciatur:
2247 2072 2481 2142 idipsum
2508 2073 2562 2126 in
2593 2074 2879 2130 utilitatem
2909 2075 3030 2144 ejus
3052 2076 3145 2146 qui
3176 2078 3490 2147 opprobriis

1914 2173 2177 2218 oneratur
2199 2165 2384 2231 vertit,
2417 2172 2475 2220 ut
2505 2173 2731 2220 vexatus
2768 2166 3028 2236 majorem
3055 2168 3267 2222 emittat
3294 2169 3360 2224 de
3391 2171 3490 2224 ad-

1918 2257 2105 2313 missis
2149 2260 2386 2328 peccatis
2438 2260 2860 2316 confessionem.
2897 2259 3051 2327 Quod
3089 2277 3158 2318 ne
3212 2272 3490 2333 pateretur

1909 2346 2080 2424 David
2109 2350 2357 2420 rogabat,
2390 2359 2578 2421 utpote
2602 2352 2695 2422 qui
2726 2353 2910 2406 omnia
2943 2369 3042 2423 pro
3065 2354 3278 2410 viribus
3302 2365 3488 2427 ageret

1911 2453 2032 2508 quae
2061 2438 2170 2494 Deo
2199 2441 2397 2510 placita
2426 2451 2663 2512 putaret.
2700 2441 2893 2498 Amore
2916 2461 2948 2497 a
2983 2461 3062 2498 me
3098 2446 3287 2516 plagas
3339 2457 3481 2503 tuas.
3574 2484 3576 2486 τ

1911 2530 1954 2583 Α
1983 2530 2293 2598 fortitudine
2321 2534 2458 2586 attint
2505 2551 2694 2588 manus
2729 2543 2833 2587 tua:
2862 2553 2954 2604 ego
2981 2536 3147 2606 defeci
3172 2555 3190 2591 :
3226 2541 3280 2592 in
3312 2541 3485 2595 incre-

1909 2623 2208 2691 pationibus
2243 2635 2455 2692 propter
2484 2626 2816 2696 iniquitatem
2848 2630 3150 2697 corripuisti
3178 2630 3439 2686 hominem
3461 2649 3481 2687 :

1909 2722 1959 2768 et
1991 2717 2254 2770 tabescere
2283 2716 2455 2786 fecisti
2495 2718 2634 2771 sicut
2665 2734 2917 2773 araneam
2953 2721 3183 2773 animam
3220 2722 3357 2792 ejus,
3393 2741 3480 2778 uc-

1909 2817 2210 2863 rumtamen
2237 2827 2364 2865 vane
2400 2813 2570 2865 omnis
2603 2814 2778 2865 homo.
2815 2811 3152 2882 Diapsalma.

1980 2920 2039 2974 In
2086 2921 2413 2990 praecedenti
2451 2923 2659 2993 psalmo
2703 2938 2824 2979 sese
2855 2923 3031 2995 plagis
3064 2923 3132 2978 ad
3175 2926 3480 2994 correptio-

211 3019 671 3085 tmsspemmai;
704 3015 956 3083 πληγαῖς,
984 3007 1073 3067 οἷά
1113 3028 1196 3074 τις
1236 3009 1530 3080 εὐγνώμων
1559 3008 1806 3080 μαθητὴς

1911 3026 2055 3076 nem,
2096 3027 2196 3068 ceu
2233 3014 2501 3084 ingenuus
2530 3015 2836 3086 discipulus
2884 3016 3168 3087 magistro,
3214 3016 3476 3085 tradidit;

209 3108 530 3176 διδασκάλῳ
548 3125 561 3137 ⁸
592 3107 672 3160 διὸ
695 3107 882 3174 ἔλεγεν
901 3124 915 3137 ·
958 3104 1106 3175 'Ert‘o
1125 3106 1212 3169 εὶς
1233 3101 1528 3172 μάστιγας
1551 3101 1800 3168 ἕτοιμος.

220 3203 383 3256 Ἐπεὶ
408 3201 466 3254 δὲ
497 3201 681 3254 λοιπὸν
709 3200 996 3271 αὐτάρκως
1029 3197 1137 3251 τῶν
1167 3197 1446 3268 μαστίγων
1474 3194 1805 3265 ὲπεπειρᾶτο

207 3291 495 3362 ἒπιμόνως
542 3289 706 3344 αὐτὸν
751 3289 1146 3359 αἰκιζομένων,
1198 3285 1428 3340 ἱκετεύει
1473 3283 1566 3338 τού
1614 3283 1801 3337 λοιποῦ

207 3379 553 3443 παύσασθαι,
587 3381 681 3433 καὶ
725 3381 883 3452 μέχρι
926 3377 1114 3432 τούτου
1165 3377 1351 3448 στῆναι
1383 3374 1482 3439 τὰς
1514 3374 1799 3446 μάστιγας,

205 3475 470 3545 ὁμολογεὶ
514 3490 572 3526 τε
616 3472 741 3543 ἑξῆς
782 3470 984 3540 λέγων·
1033 3470 1166 3523 Ἀπὸ
1205 3467 1313 3537 τῆς
1351 3467 1563 3536 ισχύος
1607 3466 1803 3534 χειρός

207 3586 326 3622 σου
376 3566 499 3636 ἐγὼ
544 3565 846 3631 ἐξέλιπον,
879 3563 1012 3635 Περὶ
1041 3563 1097 3616 δὲ
1122 3563 1222 3632 τῆς
1262 3561 1442 3633 χειρὸς
1467 3559 1669 3629 ταύτης
1709 3559 1802 3612 καὶ

210 3657 471 3725 ἀνωτέρω
509 3655 724 3722 ἐλέγετο
748 3671 762 3684 ο
806 3650 1234 3719 Ἐπεστήριξας
1275 3650 1366 3704 ἐπ’
1398 3647 1502 3719 ἐμὲ
1533 3649 1646 3716 τὴν
1677 3649 1798 3717 χεῖ·-

210 3748 280 3814 ρά
327 3763 474 3803 σου.
511 3742 644 3799 Εἶτα
691 3745 950 3808 διδάσκει,
991 3745 1072 3799 ὅτι
1109 3743 1180 3814 μὴ
1215 3743 1448 3814 μάτηνή
1485 3742 1604 3811 χεὶρ
1637 3739 1793 3796 ἐπαὶ-

209 3840 352 3904 δευε,
382 3839 523 3911 μηδὲ
547 3840 625 3901 είς
657 3836 822 3908 ἀργὸν
849 3834 1168 3905 ἐμαστίγου,
1193 3833 1308 3886 ἀλλ’
1331 3834 1416 3885 ἐπ’
1436 3830 1675 3901 ὠφελείᾳ
1701 3829 1794 3882 τοῦ

207 3929 620 4000 ἡμαρτηκότος
655 3927 736 3980 διό
763 3943 962 3997 φησιν·
1015 3926 1111 3978 Ἐν
1157 3922 1428 3992 ἐλεγμοῖς
1474 3919 1625 3989 ὑπὲρ
1655 3921 1795 3974 ἀνο-

208 4024 348 4090 μίας
379 4019 749 4084 ἐπαίδευσας
800 4019 1132 4085 ἄνθρωπον.
1151 4016 1320 4087 ’Υπὲρ
1361 4013 1470 4084 γὰρ
1509 4013 1610 4083 τῆς
1663 4030 1797 4086 παρ-

207 4113 477 4184 αχθείσης
524 4111 754 4179 ἀνομίας
802 4109 895 4162 καὶ
931 4107 1020 4162 διὰ
1066 4107 1127 4159 τὸ
1175 4103 1451 4177 παραχθὲν
1490 4102 1794 4174 ἁμάρτημα

206 4204 450 4274 ἐλέγχω-δ
484 4202 574 4255 τὸν
609 4199 992 4271 παιδευόμενον
1035 4195 1253 4260 καὶτὰς
1287 4195 1554 4266 μάστιγας
1589 4194 1794 4263 ὲπῆγες

206 4295 304 4348 καὶ
350 4293 452 4364 τὴν
504 4292 664 4363 χεῖρά
697 4307 792 4344 σου
824 4287 1210 4360 προλεχθεῖσαν
1232 4303 1244 4317 ·
1276 4284 1484 4348 τούτοις
1519 4285 1576 4337 δὲ
1611 4284 1793 4348 αὐτοῖς

209 4387 304 4438 καὶ
333 4385 436 4455 τὴν
464 4383 641 4455 ψυχὴν
669 4380 762 4435 τοῦ
790 4379 1176 4450 παιδευομένου
1201 4375 1476 4447 ἐξέτηξας,
1509 4392 1792 4430 ταπεινου-
1820 4401 1867 4459 D

212 4477 386 4547 μένην
407 4476 506 4528 καὶ
533 4472 936 4543 λεπτυνομένην
968 4473 1052 4525 ἐπ’
1075 4467 1312 4539 ὠφελείᾳ
1336 4469 1402 4537 τῇ
1432 4468 1622 4538 αὐτῆς.
1652 4465 1788 4520 Καθ’

206 4570 264 4622 ὃν
296 4569 411 4638 γὰρ
437 4565 647 4638 ἐτρύφα
671 4565 878 4636 χρόνον,
917 4564 998 4626 εἰς
1027 4559 1300 4632 ἁμαρτίας
1334 4557 1584 4623 egomet;
1604 4598 1619 4620 ,
1651 4557 1791 4612 κατὰ

205 4663 298 4715 τό·
331 4662 558 4728 Ἐφαγε
600 4657 700 4710 καὶ
738 4657 906 4710 ἔπιεν
939 4653 1153 4715 Ἰακὼϐ,
1179 4652 1274 4706 καὶ
1317 4650 1721 4706 ἀπελάκτισεν
1759 4653 1791 4704 ό

204 4749 619 4823 ὴγαπημένος,
651 4749 990 4814 ὲπλατύνθη
1023 4746 1118 4799 καὶ
1163 4745 1468 4813 ἐπαχύνθη
1489 4781 1504 4804 ,
1544 4742 1642 4796 καὶ
1681 4742 1792 4796 ἀπ-

204 4844 361 4908 έστη
397 4841 515 4895 ἀπὸ
551 4837 700 4892 Θεοῦ
729 4836 834 4890 τοῦ
873 4834 1189 4904 τρέφοντος
1214 4830 1415 4887 αὐτόν.
1455 4827 1564 4891 Διὸ,
1593 4829 1692 4881 ἵνα
1723 4826 1791 4880 τὸ

205 4931 449 5000 ετνεῦμα
480 4927 646 4996 σωθῇ
689 4929 757 4981 ἐν
802 4925 878 4994 τῇ
928 4923 1114 4994 ἡμέρᾳ
1141 4922 1247 4975 τοῦ
1277 4921 1517 4988 Κυρίου,
1551 4921 1590 4987 ἡ
1632 4917 1788 4987 σὰρξ

205 5020 605 5092 παραδέδοται
634 5022 720 5085 εις
750 5019 1027 5085 ὀλεθρον·
1081 5011 1148 5086 ἦς
1176 5011 1608 5084 τιμωρουμένης,
1631 5013 1790 5081 ἐκτή-

207 5133 365 5169 κεται
417 5113 564 5184 ψυχὴ
597 5110 977 5183 ὲξισχνουμένη
1012 5108 1166 5177 δίκην
1204 5105 1480 5178 ἀράχνης·
1510 5104 1589 5158 διό
1622 5119 1785 5175 φησιο

206 5209 312 5265 Kal
341 5205 635 5272 ἐξέτηξας
654 5205 734 5271 ὡς
763 5202 1035 5272 ἀράχνην
1064 5199 1177 5267 τὴν
1199 5198 1413 5268 ψυχὴν
1441 5197 1628 5252 αὑτοῦ
1647 5213 1660 5226 ⁸
1691 5196 1787 5250 καὶ

204 5302 490 5370 ἐπιλέγει·
513 5297 687 5367 Πλὴν
712 5297 908 5367 μάτην
930 5293 1047 5360 πᾶς
1067 5292 1396 5361 ἄνθρωπος,
1428 5290 1587 5344 πάλιν
1615 5289 1706 5343 τὸν
1728 5290 1786 5341 ὲν

203 5395 278 5468 τῷ
305 5394 412 5465 βίῳ
441 5391 619 5462 τούτῳ
648 5390 771 5460 εἱκῆ
805 5389 898 5443 καὶ
932 5387 1106 5459 μάτην
1155 5383 1456 5456 μοχθοῦντα
1503 5381 1594 5436 καὶ
1620 5397 1784 5436 κακο-

204 5487 485 5553 παθοῦντα
516 5480 830 5546 ταλανίζων.

310 5644 358 5677 ’⁸
410 5645 569 5698 Deut.
609 5655 796 5703 xuii,
841 5637 926 5691 15.
1001 5635 1043 5667 ’θ
1086 5633 1260 5690 lCor.
1298 5632 1428 5698 v.5.

1907 3119 2078 3174 quare
2107 3105 2343 3168 dicebat.
2380 3123 2474 3176 ego
2497 3109 2548 3160 in
2577 3108 2790 3178 ﬂagella
2816 3118 3040 3176 paratus
3072 3125 3209 3162 sum.
3240 3107 3309 3162 At
3336 3125 3479 3180 quo-

1905 3191 2050 3246 niam
2075 3193 2333 3263 deinceps
2361 3195 2572 3264 ﬂagella
2605 3205 2690 3248 sat
2717 3205 2973 3264 expertus
3007 3204 3150 3260 erat,
3185 3212 3308 3250 cum
3353 3212 3478 3255 sese

1904 3283 2124 3338 assidue
2177 3284 2463 3349 laceraret,
2512 3293 2764 3356 precatur
2810 3285 3028 3340 demum
3070 3303 3258 3340 eorum
3312 3287 3477 3343 ﬂnem

1903 3372 2021 3427 dari
2053 3381 2108 3427 et
2143 3374 2232 3429 hic
2264 3375 2460 3429 sistere
2488 3373 2716 3444 ﬂagella,
2751 3390 2814 3428 ac
2863 3374 3122 3444 deinceps
3169 3375 3253 3430 bis
3284 3376 3470 3431 verbis

1902 3468 2209 3531 confitetur,
2253 3483 2286 3520 α
2319 3465 2626 3535 fortitudine
2669 3482 2857 3519 manus
2903 3476 3007 3520 tua:
3044 3484 3135 3536 ego
3181 3467 3366 3537 deferi.
3397 3466 3474 3523 De

1902 3557 2003 3612 hac
2037 3573 2200 3628 porro
2230 3573 2392 3612 manu
2417 3559 2670 3627 superius
2698 3557 2927 3622 dictum,
2961 3559 3292 3627 conﬁrmasti
3315 3574 3474 3628 super

1900 3664 1981 3701 me
1999 3664 2212 3702 manum
2245 3660 2408 3703 tuam.
2437 3649 2550 3704 Sub
2582 3649 2695 3704 haec
2725 3650 2906 3716 docet,
2939 3665 3158 3704 manum
3191 3649 3338 3704 illam
3361 3667 3470 3706 non

1900 3740 2106 3795 frustra
2135 3743 2434 3813 corrigere,
2466 3759 2641 3814 neque
2689 3743 2742 3796 in
2786 3757 3003 3797 cassum
3037 3741 3328 3811 castigare,
3371 3743 3468 3798 sed

1898 3847 1996 3902 pro
2030 3835 2310 3902 peccantis
2337 3834 2569 3889 utilitate
2595 3878 2608 3890 .
2628 3850 2797 3904 quare
2819 3836 2915 3895 ait,
2945 3835 2998 3887 in
3028 3835 3469 3903 increpationibus

1894 3934 2106 3993 propter
2134 3926 2464 3996 iniquitatem
2516 3927 2820 3996 corripuisti
2857 3925 3137 3980 hominem.
3191 3925 3327 3982 Nam
3369 3942 3470 3998 pro

1896 4016 2135 4074 admissa
2182 4016 2489 4087 iniquitate,
2526 4024 2580 4071 et
2621 4032 2720 4086 pro
2763 4027 2987 4086 peccato
3034 4016 3179 4071 edito
3214 4031 3340 4071 eum
3373 4016 3475 4088 qu'.

1894 4108 2293 4178 corripiebatur
2322 4123 2580 4179 arguens,
2619 4108 2829 4179 ﬂagella
2855 4117 2910 4163 et
2949 4119 3303 4162 memoratam
3342 4124 3463 4162 ma-

1893 4203 2021 4252 num’
2049 4198 2311 4254 inﬂixisti.
2349 4197 2511 4254 Hisce
2533 4213 2696 4269 porro
2729 4196 2966 4252 animam
2990 4197 3137 4252 illius
3161 4197 3256 4266 qui
3286 4200 3466 4251 corri-

1893 4287 2140 4356 piebatur
2169 4289 2450 4344 tabescere
2472 4287 2669 4352 fecisti,
2698 4287 3061 4357 pro_utilitate
3091 4287 3262 4357 ipsius
3285 4287 3466 4340 bumi-

1895 4376 2076 4430 liatam
2113 4385 2167 4431 et
2193 4385 2558 4432 extenuatam.
2595 4377 2726 4430 Nam
2753 4392 2862 4446 quo
2896 4386 3139 4446 tempore
3167 4375 3233 4430 in'
3251 4375 3462 4430 deliciis

1895 4469 2108 4539 agebat,
2143 4478 2257 4522 tum
2291 4469 2342 4522 in
2373 4476 2594 4539 peccata
2627 4469 2776 4537 lapsa
2809 4475 2913 4530 est,
2949 4467 3248 4522 secundum
3283 4467 3416 4522 illud
3444 4485 3459 4520 τ

1897 4559 2134 4613 Comedit
2161 4569 2209 4614 et
2238 4558 2364 4612 bibit
2384 4557 2572 4622 Jacob,
2601 4570 2648 4612 et
2678 4557 3029 4612 recalcitraeit
3062 4556 3286 4611 dilectus
3316 4567 3365 4612 et
3387 4559 3458 4612 ἔην

1894 4662 2162 4707 crassatus
2187 4663 2284 4717 est,
2305 4663 2355 4706 et
2380 4655 2591 4707 recessit
2616 4671 2648 4707 a
2673 4653 2776 4706 Deo
2799 4654 2888 4722 qui
2919 4652 3182 4706 nutriebat
3205 4651 3376 4720 ipsum
3389 4652 3460 4711 ".

1893 4740 2279 4806 Quamobrem,
2325 4752 2382 4795 ut
2426 4742 2646 4811 spiritus
2686 4741 2864 4796 salvus
2905 4742 2974 4795 sit
3011 4743 3063 4795 in
3097 4740 3182 4795 die
3220 4741 3458 4806 Domini,

1894 4849 2020 4887 caro
2043 4832 2240 4886 tradita
2278 4843 2355 4887 est
2383 4835 2440 4888 in
2471 4834 2739 4890 interitum
2760 4835 2804 4866 "
2834 4849 2848 4886 :
2877 4848 2984 4902 qua
3025 4832 3296 4903 supplicio
3327 4833 3460 4889 alre-

1895 4932 2005 4990 cta,
2057 4924 2238 4979 anima
2289 4925 2517 4980 tabescit
2552 4932 2606 4980 et
2653 4931 2981 4980 extenuatur
3034 4925 3176 4978 sicut
3215 4939 3456 4980 aranea:

1892 5017 2014 5074 ideo
2043 5020 2137 5085 ait,
2170 5018 2237 5072 Et
2278 5019 2536 5074 tabescere
2562 5017 2733 5086 fecisti
2765 5019 2901 5072 sicut
2933 5033 3183 5071 araneam
3225 5016 3459 5070 animam

1892 5127 2061 5165 meam
2096 5127 2114 5165 :
2145 5110 2344 5182 quibus
2405 5109 2631 5179 adjicit,
2684 5109 3050 5163 Verumtamen
3113 5122 3241 5160 vane
3290 5105 3458 5159 omnis

1890 5203 2065 5268 homo,
2109 5203 2370 5259 miserum
2416 5202 2597 5257 denuo
2620 5201 2929 5272 praedicans
2959 5215 3105 5264 eum,
3146 5197 3238 5269 qui
3271 5196 3324 5249 in
3357 5195 3457 5248 bac

1891 5297 1998 5350 vita
2029 5295 2085 5351 in
2116 5294 2395 5355 laboribus
2423 5299 2474 5350 et
2503 5292 2761 5350 aerumnis
2794 5291 2997 5348 frustra
3030 5295 3303 5347 versatur.
