3980 6214
535 288 634 344 351

1237 287 1501 345 euseen
1539 266 2019 347 csaSAnlENSIs
2056 289 2086 348 ι]

2191 335 2204 348 .
2234 289 2415 346 PARS
2450 290 2538 349 Ill.
2568 292 3078 352 —‘EXEGETICA.

3673 292 3780 357 353

619 404 777 462 Vens.
809 408 895 469 i3,
933 407 1020 462 N.
1058 406 1272 462 Exaudi
1303 413 1595 464 orationem
1636 427 1826 477 meam,
1860 409 2086 475 Domine.

2275 408 2660 465 Εῑσάκουσον
2702 411 2814 482 τῆς
2856 412 3205 483 προσευχῆς
3246 432 3386 484 μου,
3423 417 3622 486 Κύριε,
3676 420 3779 476 καὶ

533 506 585 551 et
609 498 1030 566 deprecationem
1076 517 1245 554 meam
1293 517 1311 554 :
1349 501 1567 557 auribus
1597 504 1803 574 percipe
1834 502 2099 574 lacrymas

534 604 699 645 meas.
735 585 820 642 Ne
851 591 1033 654 sileas,
1070 592 1319 661 quoniam
1349 592 1549 648 advena
1592 611 1685 665 ego
1720 612 1837 649 sum
1868 594 2007 665 apud
2054 597 2103 650 te

530 686 582 733 et
602 682 929 751 peregrinus,
959 685 1098 738 sicut
1136 702 1313 740 omnes
1340 694 1515 754 patres
1549 686 1670 740 mei.
1706 684 1807 742 Hic
1838 701 1897 742 se
1925 686 2100 741 conli-

533 778 677 826 tetur
716 773 979 828 advenam
1022 783 1077 830 et
1126 777 1513 847 peregrinum:
1552 776 1703 833 novit
1729 784 1909 832 autem
1938 776 2099 832 aliam

533 875 653 917 esse
684 862 1114 933 refrigerationis
1160 868 1350 930 vitam,
1382 883 1545 939 quam
1576 868 1793 938 assequi
1827 876 2097 939 percptat,

533 953 753 1009 dicens:
785 952 1010 1011 Remitte
1040 957 1169 1011 mihi
1197 967 1255 1011 ut
1292 959 1592 1029 refrigerer.
1624 957 1740 1013 Non
1772 959 1956 1029 itaque
1982 974 2100 1013 om-

533 1059 654 1104 nem
676 1048 951 1105 hominem
985 1051 1250 1106 advenam
1276 1066 1399 1107 esse
1428 1058 1630 1105 temere
1656 1051 1810 1114 dicit,
1856 1066 1955 1106 nec
1984 1049 2100 1105 fru-

532 1150 643 1196 stra
685 1157 808 1195 cum
840 1140 967 1196 ﬂetu
1021 1150 1075 1196 et
1108 1141 1368 1212 lacrymis
1408 1141 1846 1211 deprecationem
1876 1142 2096 1207 emittit,

530 1248 733 1304 gnarus
776 1234 987 1288 scilicet
1019 1232 1186 1298 illius,
1224 1232 1379 1286 Beati
1407 1232 1499 1303 qui
1531 1232 1677 1303 ﬂent,
1712 1235 1960 1303 quoniam
1999 1235 2100 1303 ipsi

530 1324 918 1386 ridebunt‘,et,
937 1322 1089 1376 Beati
1114 1322 1204 1392 qui
1234 1321 1430 1392 lugent,
1464 1323 1712 1392 quoniam
1732 1322 1834 1390 ipsi
1854 1322 2097 1376 consola-

529 1415 725 1469 buntur
752 1417 795 1469 ⁸.
821 1415 899 1469 Ac
922 1422 1069 1469 recte
1109 1413 1248 1468 facta
1293 1429 1391 1469 sua
1425 1423 1549 1484 post
1569 1413 1685 1468 haec
1710 1414 1781 1468 ita
1812 1414 2093 1483 describit,

529 1507 614 1563 bis
660 1520 966 1563 sermonem
1013 1504 1345 1560 concludens
1396 1524 1409 1560 :
1446 1504 1710 1571 Quoniam
1756 1505 1955 1560 advena
2003 1523 2096 1578 ego

528 1612 645 1650 sum
672 1606 721 1650 et
774 1596 1098 1665 peregrinus,
1142 1597 1277 1650 sicut
1322 1612 1497 1650 omnes
1545 1605 1722 1666 patres
1769 1598 1887 1653 mei.
1919 1596 2096 1655 Rarus

527 1703 660 1743 sane
694 1697 778 1743 est
808 1688 857 1743 is
882 1691 974 1758 qui
1006 1689 1182 1759 possit
1224 1687 1291 1742 ad
1335 1688 1694 1742 imitationem
1719 1689 2092 1758 religiosorum

2202 501 2314 570 τῆς
2356 502 2619 571 δεήσεως
2658 522 2810 574 μουο
2843 506 3119 560 ἐνώτισαι
3165 505 3283 560 τῶν
3325 507 3599 577 δακρύων
3629 529 3776 580 μου.

2202 593 2297 663 Μὴ
2329 595 2824 666 παρασιωπήσῃς,
2859 596 2949 651 ὅτι
2990 596 3274 667 πάροικος
3300 598 3415 670 ἐγώ
3441 604 3557 671 ειμι
3597 602 3672 656 ἐν
3700 603 3781 674 τῇ

2201 685 2280 759 γῇ
2319 687 2419 741 καὶ
2459 688 2891 758 παρεπίδημος,
2929 690 3121 758 καθὼς
3153 690 3376 760 πάντες
3423 697 3479 748 ot
3522 694 3781 765 πατέρες

2194 794 2333 848 μου.
2353 776 2615 832 Ἐνταῦθα
2645 777 2896 848 ὁμολογεῖ
2941 780 3199 851 πάροικος
3242 776 3381 835 εἶναι
3410 782 3504 836 καὶ
3534 786 3779 855 παρεπί-

2198 867 2367 940 δημος
2390 884 2403 898 ·
2442 864 2550 922 οἶδέ
2582 885 2641 922 τε
2671 869 2861 943 ἑτέραν
2908 870 3051 943 ζωὴν
3086 871 3463 941 ἀναψύξεως,
3492 869 3562 946 ἦς
3592 879 3779 947 τυχεῖν

2198 958 2439 1032 γλίχεται
2485 959 2690 1030 λέγων·
2722 963 2879 1024 Ἀνε(
2920 980 3044 1033 μοι,
3078 965 3179 1018 ἵνα
3223 966 3531 1035 ἀναψύξω.
3563 967 3779 1023 Οὔκουν

2201 1052 2379 1124 μάτην
2409 1051 2585 1106 πάντα
2618 1052 2900 1125 ἄνθρωπον
2929 1056 3193 1128 πάροικον
3221 1056 3394 1127 ἔλεγε,
3434 1060 3572 1130 μετὰ
3602 1062 3777 1117 κλαυ-

2198 1142 2334 1213 θμοῦ
2364 1142 2421 1197 δὲ
2443 1145 2538 1199 καὶ
2564 1143 2812 1217 δακρύων
2838 1146 2936 1219 τὴν
2962 1148 3241 1219 ἱκετηρίαν
3262 1150 3595 1222 ἀναπέμπει,
3611 1153 3778 1224 ἀκρι-

2198 1232 2307 1297 6ῶς
2337 1232 2511 1297 εἰδὼς,
2558 1235 2637 1288 ὅτι
2670 1235 2957 1305 Μακάριοι
3005 1241 3058 1291 οἱ
3103 1238 3438 1306 κλαίοντες,
3471 1240 3559 1294 ὅτι
3605 1243 3778 1313 γελό-

2196 1338 2429 1387 σονται.
2457 1328 2571 1390 καὶ,
2617 1327 2901 1396 Μακάριοι
2932 1332 2986 1384 ot
3017 1330 3397 1398 πενθοῦντες,
3446 1332 3537 1388 ὄτι
3582 1352 3778 1404 παρα-

2197 1416 2604 1483 κληθήσονται
2630 1435 2645 1449 ο
2678 1421 2770 1472 καὶ
2800 1420 2868 1473 τά
2912 1421 3306 1492 κατορθώματα
3343 1423 3401 1477 δὲ
3442 1425 3605 1481 αὑτοῦ
3640 1429 3779 1482 ὐπο-

2195 1509 2394 1578 γράςρει
2427 1509 2693 1580 ἐπιλέγων
2711 1528 2725 1543 ο
2759 1511 2878 1565 Ὅτι
2909 1511 3192 1581 πάροικος
3216 1513 3329 1585 ἐγώ
3349 1518 3465 1585 ειμι
3496 1518 3597 1571 καὶ
3624 1532 3779 1589 παρ-

2194 1601 2503 1671 επίδημος,
2538 1602 2732 1669 καθὼς
2756 1603 2977 1672 πάντες
3006 1608 3060 1659 ot
3088 1606 3337 1675 πατέρες
3359 1626 3499 1678 μου.
3530 1611 3773 1668 Σπανίου

2194 1692 2252 1747 δέ
2281 1696 2428 1747 ἐστιν
2460 1695 2652 1767 ἀνδρὸς
2676 1696 2737 1749 τὸ
2766 1697 3024 1753 δύνασθαι
3046 1699 3184 1752 κατὰ
3215 1699 3443 1775 μίμησιν
3460 1702 3569 1756 τῶν
3593 1703 3777 1775 θεοφι-

528 1792 745 1853 patrum
773 1786 827 1837 et
860 1756 1248 1852 propbetarum
1276 1779 1393 1843 Dei,
1436 1795 1546 1835 non
1589 1789 1648 1834 ut
1676 1756 1877 1844 incola,
1912 1782 2007 1838 sed
2036 1791 2086 1836 ul

2197 1784 2303 1841 λῶν
2350 1756 2600 1857 πατέρων
2632 1756 2740 1842 ⁷καὶ
2786 1789 2894 1843 τῶν
2941 1756 3232 1862 προφητῶν
3414 1794 3550 1847 Θεοῦ
3586 1796 3663 1868 μὴ
3696 1756 3776 1863 ἐῢς

526 1873 734 1928 advena
767 1882 1173 1943 temporaneam
1207 1871 1407 1928 ducere
1439 1874 1609 1926 vitam
1659 1892 1672 1928 :
1726 1888 1831 1943 qua
1864 1874 1919 1928 iu
1961 1891 2018 1930 rc
2045 1875 2092 1930 is

525 1965 620 2035 qui
674 1965 918 2033 loquitur
962 1964 1322 2034 gloriabatur,
1371 1966 1713 2034 peregrinam
1762 1973 1816 2020 et
1863 1966 2093 2020 alienam

528 2054 821 2108 humanam
846 2054 1010 2107 vitam
1043 2054 1341 2109 aestimans.
1375 2052 1598 2108 Remitte
1642 2056 1770 2109 mihi
1796 2066 1854 2109 ut
1885 2056 2095 2127 refrige-

528 2162 613 2201 rer
641 2147 949 2216 priusquam
988 2145 1194 2209 abeam,
1227 2156 1275 2199 et
1315 2146 1543 2215 amplius
1567 2164 1669 2201 non
1701 2164 1810 2202 ero.
1845 2146 1952 2202 Pro
1985 2163 2094 2218 quo

490 2268 491 2275 η
529 2235 891 2308 Symmachus
916 2237 1012 2301 ait,
1046 2237 1276 2292 Abscede
1296 2255 1328 2291 a
1355 2255 1435 2293 me
1467 2248 1524 2292 ut
1561 2239 1784 2305 rideam,
1814 2250 2093 2310 antequam

526 2324 712 2380 abeam
759 2335 808 2380 et
841 2342 945 2380 non
989 2326 1237 2384 existam.
1278 2326 1394 2382 Nisi
1434 2329 1578 2382 enim
1626 2329 1715 2383 hic
1744 2331 1968 2384 mutatis
1998 2344 2095 2399 per

525 2418 756 2489 gratiam
784 2425 933 2473 tuam
969 2420 1023 2473 in
1059 2420 1230 2475 risum
1254 2421 1511 2493 lacrymis
1539 2421 1768 2485 rideam,
1802 2438 1866 2477 ac
1900 2422 2005 2478 nisi
2036 2422 2090 2476 in

528 2514 778 2580 praesenti
812 2512 923 2565 vita
952 2513 1201 2567 remittas
1234 2512 1364 2567 mihi
1396 2513 1652 2568 delictum
1698 2521 1754 2569 et
1788 2512 2091 2569 facinorum

524 2598 741 2657 veniam
790 2599 1053 2670 praebeas,
1083 2609 1143 2655 ut
1174 2603 1442 2671 meipsum
1476 2602 1735 2673 recipiam
1780 2609 1834 2657 et
1864 2601 2092 2673 refrige-

524 2704 671 2757 rem;
722 2699 844 2760 post
888 2694 1094 2747 exitum
1144 2707 1175 2747 a
1209 2695 1318 2749 vita
1365 2694 1578 2747 nullum
1622 2694 1729 2749 erit
1757 2695 2092 2765 poenitentiae

524 2786 762 2852 tempus.
792 2780 872 2837 Ac
904 2782 951 2837 si
993 2785 1209 2837 veniam
1239 2798 1347 2837 nou
1378 2797 1708 2852 consequar,
1746 2783 1801 2836 in
1830 2784 1939 2836 vita
1970 2798 2092 2852 quae.

524 2872 668 2942 apud
701 2882 755 2928 te
775 2881 860 2928 est
889 2875 1121 2944 amplius
1152 2889 1261 2929 non
1280 2889 1413 2940 ero;
1443 2873 1539 2929 sed
1565 2874 1800 2945 rejectus
1827 2876 2090 2930 assimila-

525 2961 622 3017 ιον
654 2963 1085 3019 descendentibus
1127 2967 1183 3020 in
1231 2966 1424 3022 lacum.
1454 2968 1636 3034 Quare
1660 2967 1715 3022 in
1738 2967 1842 3022 hac
1866 2967 1976 3024 vita
2007 2968 2088 3024 sic

2197 1878 2421 1944 ἔνοικος,
2452 1880 2568 1934 ἀλλ’
2594 1881 2669 1945 ὡς
2717 1883 2978 1954 πάροικος
3023 1884 3121 1956 τὴν
3174 1885 3502 1959 πρόσκαιρον
3529 1889 3776 1946 διασιοῦν

2195 1971 2340 2043 ζωήν
2359 1989 2372 2002 ·
2399 1972 2483 2042 ἐφ’
2502 1965 2547 2040 ᾧ
2569 1974 2661 2025 καὶ
2685 1975 2714 2026 ὁ
2743 1974 2933 2045 παρὼν
2955 1976 3276 2047 ἐσεμνύνετο
3299 1979 3586 2049 παροικίαν
3603 1981 3775 2053 mea-

2198 2077 2355 2132 μενος
2381 2062 2475 2115 καὶ¹
2500 2061 2761 2128 ξενιτείαν
2783 2064 2875 2117 τὸν
2905 2064 3244 2136 ἀνθρώπινον
3272 2066 3383 2137 βίον
3403 2086 3418 2100 ο
3445 2070 3623 2137 Ἀνες
3644 2090 3770 2141 μοι,

2193 2151 2294 2204 ἵνα
2324 2151 2615 2220 ἀναψύξω
2636 2152 2751 2221 πρὸ
2782 2152 2889 2207 τοῦ
2914 2171 2991 2224 με
3022 2156 3322 2223 ἀπελθεῖν,
3342 2159 3438 2212 καὶ
3463 2160 3662 2215 οὐκέτι
3681 2163 3771 2232 μὴ

2192 2240 2455 2311 ὺπὰρξω.
2486 2243 2624 2297 Ἀνθ⁹
2642 2240 2701 2298 οὗ
2725 2246 2754 2297 ὁ
2778 2244 3072 2318 Σύμμαχός
3097 2265 3229 2320 φησι
3248 2267 3261 2279 ’
3296 2251 3596 2322 Ἀπόσχου
3618 2270 3770 2323 μου,

2192 2334 2292 2388 ἵνα
2316 2335 2604 2405 μειδιάσω
2627 2338 2771 2405 πρὶν
2789 2340 3074 2395 ἀπελθεῖν
3091 2359 3187 2411 με,
3216 2342 3314 2397 καὶ
3335 2343 3423 2413 μὴ
3451 2346 3770 2416 ὑπάρχειν.

2205 2425 2328 2481 Ἐὰν
2357 2427 2466 2499 γὰρ
2498 2427 2765 2493 ἐντεῦθεν,
2794 2432 2946 2503 φησὶ,
2981 2432 3076 2504 μὴ,
3113 2434 3429 2505 μεταϐαλὼν
3455 2438 3524 2491 τά
3553 2438 3773 2510 δάκρυα

2190 2519 2271 2581 εἰς
2295 2518 2504 2587 γέλωτα
2524 2519 2612 2574 διὰ
2644 2522 2741 2593 τὴν
2774 2524 2874 2595 σὴν
2913 2525 3093 2596 χάριν,
3130 2526 3411 2598 μειδιάσω,
3441 2532 3535 2583 καὶ
3564 2531 3660 2585 ἐὰν
3692 2533 3770 2605 μὴ

2190 2612 2248 2664 ὲν
2290 2610 2369 2682 τῷ
2413 2614 2642 2684 παρόντι
2681 2614 2781 2685 βίῳ
2809 2615 2943 2688 ἀνῇς
2973 2635 3062 2688 μοι
3087 2620 3148 2672 τὸ
3171 2620 3476 2694 ἁμάρτημα
3509 2624 3601 2676 καὶ
3637 2641 3767 2689 συτο

2190 2703 2444 2775 χωρήσῃς
2474 2704 2542 2759 τὰ
2571 2708 2956 2779 πεπραγμένα,
2992 2710 3079 2764 ἵνα
3104 2708 3356 2767 ἀναλάϐω
3401 2714 3639 2785 ἐμαυτὸν
3675 2715 3771 2768 καὶ

2189 2795 2444 2866 ἀναψύξω
2481 2798 2814 2869 ἀπαλλαγεὶς
2853 2801 2947 2855 τοῦ
2989 2804 3322 2878 προσκαίρου
3355 2806 3490 2877 βίου,
3520 2806 3623 2861 οὐκ
3652 2806 3769 2859 ἐστι

2189 2886 2383 2957 καιρὸς
2404 2889 2704 2958 μετανοίας.
2725 2890 2816 2963 Μὴ
2837 2891 3014 2963 τυχὼν
3037 2893 3093 2946 δὲ
3114 2895 3363 2964 ἀφέσεως
3387 2898 3573 2951 οὐκέτι
3598 2899 3767 2968 ὑπάρ-

2188 2974 2265 3042 ξω
2294 2979 2352 3032 ὲν
2395 2981 2462 3050 τῇ
2507 2981 2657 3053 παρά
2690 2983 2773 3036 σοὶ⁵
2813 2981 2959 3055 ζωῇ·
3006 2985 3311 3058 ἀπόϐλητος
3354 2988 3411 3042 δὲ
3450 2991 3767 3060 γενόμενος,

523 3053 808 3125 deprecor,
845 3053 928 3110 Ne
954 3056 1114 3110 sileas
1148 3074 1182 3111 a
1208 3074 1309 3125 me,
1337 3060 1609 3131 nequando
1641 3068 1815 3115 taceas
1846 3077 1880 3114 a
1909 3076 2011 3128 me,
2036 3070 2086 3117 et

2189 3070 2623 3142 όμοιωθήσομαι
2654 3073 2778 3142 τοῖς
2801 3053 3269 3132 καταϐαίνουσιν
3291 3082 3378 3148 είς
3397 3053 3652 3135 λάκκον.

525 3145 865 3201 cssimilabor
889 3146 1319 3203 descendentibus
1349 3150 1406 3204 in
1432 3150 1632 3206 lacum.

833 3406 888 3460 1.
922 3406 987 3461 ΙΝ
1021 3405 1232 3463 FINEM
1271 3407 1505 3466 DAVIDI
1532 3412 1773 3472 XXXIX.

594 3495 759 3552 Vitas.
794 3497 875 3551 2—
915 3499 969 3554 ι.
1022 3498 1348 3571 Exspectans
1410 3507 1701 3574 exspectavi
1769 3507 2085 3579 Dominum,

521 3596 570 3642 et
603 3589 832 3644 intendit
884 3591 1034 3649 milli.
1060 3623 1128 3634 —
1157 3592 1418 3661 Quoniam
1462 3597 1733 3654 tribulatio
1776 3602 2085 3669 patientium

520 3691 771 3750 operatur
799 3698 819 3736 :
868 3683 1128 3751 patientia
1178 3698 1353 3742 autem
1407 3688 1786 3757 probationem,
1843 3693 2083 3762 probatio

519 3791 637 3830 vero
679 3791 820 3845 spent
851 3792 870 3831 :
902 3794 1016 3846 spes
1067 3790 1243 3833 autem
1291 3798 1396 3835 non
1430 3784 1706 3852 confundit
1733 3786 1772 3841 ³.
1811 3784 1944 3843 Jure
1968 3789 2086 3858 qui-

517 3867 641 3921 dem
670 3866 854 3935 justus
882 3883 990 3923 non
1026 3870 1229 3925 frustra
1253 3883 1555 3943 exspectat.
1590 3877 1687 3932 sed
1722 3893 1870 3948 spem
1902 3880 2083 3935 inten-

516 3955 653 4011 dens
680 3971 858 4021 suam,
898 3974 1000 4014 nec
1031 3960 1331 4032 desperans
1374 3964 1442 4019 de
1472 3980 1538 4020 ea
1584 3983 1706 4037 qua:
1753 3985 1784 4022 a
1840 3969 1952 4026 Deo
1996 3980 2081 4027 est

517 4052 717 4117 salute,
754 4053 808 4106 iu
833 4054 1094 4124 patientia
1126 4066 1459 4126 perseverat.
1507 4058 1767 4126 Quamvis
1814 4080 1920 4119 non
1970 4075 2082 4121 sta-

516 4142 614 4195 tim
660 4155 825 4213 atque
865 4155 1123 4215 precatus
1156 4154 1238 4201 est
1268 4149 1559 4205 exauditus
1610 4151 1792 4218 fuerit,
1841 4162 2079 4213 attamen

515 4236 790 4304 sperando
813 4248 1115 4307 permanet,
1167 4254 1232 4294 ac
1264 4249 1574 4309 perseverat
1607 4243 1661 4297 in
1690 4246 2082 4303 obsecratiOni-

513 4328 617 4384 bus
645 4340 700 4385 et
731 4330 1093 4389 orationibus.
1126 4331 1283 4400 Quod
1312 4334 1356 4389 si
1387 4336 1714 4407 quandoque
1750 4340 1982 4405 labatur,
2021 4355 2078 4400 ut

2191 3164 2438 3218 ἐντεῦθεν
2487 3166 2711 3221 ἱκετεύω
2755 3168 2959 3238 λέγων’
3003 3171 3103 3241 Μὴ
3147 3176 3623 3244 παρασιωπήσῃς
3664 3177 3769 3232 ἀπ’

2188 3256 2355 3325 ἐμοῦ,
2374 3257 2608 3327 μήποτε
2625 3262 3104 3333 παρασιωπήσῃς
3119 3265 3219 3320 ἀπ’
3243 3265 3411 3335 ἐμοῦ,
3440 3267 3539 3321 καὶ
3558 3271 3771 3338 ὁμοιω-

2189 3346 2446 3419 θήσομαι
2481 3351 2606 3418 τοῖς
2634 3354 3100 3410 καταϐαίνουσιν
3123 3360 3212 3423 είς
3236 3357 3489 3414 λάκκον.

2539 3443 2646 3497 ΕΙΣ
2683 3444 2768 3499 ΤΟ
2806 3445 3025 3500 ΤΕΛυΣ
3060 3447 3261 3501 ΔΑΥΙΔ
3298 3449 3421 3504 ΔΘ’.

2266 3533 2599 3603 Ὑπομένων
2619 3536 2909 3607 ὑπέμεινα
2934 3539 3041 3592 τὸν
3060 3542 3300 3608 Κύριον,
3325 3543 3421 3596 καὶ
3455 3545 3771 3616 προσέσχε

2179 3641 2300 3693 μοι.
2319 3655 2391 3665 -
2406 3626 2646 3696 Ἐπειδὴ
2687 3630 2725 3697 ἠ
2762 3631 2968 3698 θλίψις
2991 3632 3307 3701 ὑπομονὴν
3332 3636 3765 3706 κατεργάζεται,

2184 3716 2224 3782 ἡ
2245 3713 2312 3768 δὲ
2333 3716 2607 3786 ὑπομονὴ
2635 3717 2909 3790 δοκιμὴν,
2934 3723 2972 3789 ἡ
3000 3721 3069 3775 δὲ
3092 3722 3304 3793 δοκιμὴ
3326 3727 3546 3780 ἐλπίδα
3562 3745 3577 3761 ’
3615 3730 3657 3798 ἡ
3694 3728 3770 3783 δὲ

2187 3806 2367 3874 ἐλπὶς
2413 3811 2486 3862 οὐ
2533 3813 2941 3881 καταισχύνει.
2976 3814 3216 3881 Εἰκότως
3260 3818 3359 3888 οὐχ
3409 3819 3593 3883 ἁπλῶς
3619 3821 3650 3873 ὁ
3678 3821 3764 3874 δὶ-

2182 3911 2335 3955 καιος
2376 3898 2656 3969 ὑπομένει,
2684 3899 2796 3953 ἀλλ’
2823 3903 3108 3957 ἐπιτείνων
3155 3904 3252 3975 τὴν
3304 3906 3497 3961 ἐλπίδα
3544 3908 3639 3962 καὶ
3683 3908 3765 3981 μὴ

2180 3988 2572 4055 ἀπογινώσκων
2597 3990 2696 4062 τὴν
2724 3993 2875 4063 παρά
2893 3994 3013 4065 Θεῷ
3038 4002 3329 4069 σωτηρίαν,
3362 3999 3671 4070 παραμένει
3690 4004 3760 4074 τῇ

2182 4079 2447 4156 ὑπομονῇ.
2483 4080 2601 4134 Κᾶν
2652 4083 2992 4156 παραχρῆμα
3035 4085 3243 4157 δεηθεὶς
3294 4089 3367 4160 μὴ
3413 4090 3759 4165 ὑπακουσθῇ,

2178 4172 2327 4243 ὅμως
2369 4173 2603 4238 ἐλπίζων
2643 4176 2899 4246 ὑπομένει
2937 4180 3032 4232 καὶ
3066 4186 3466 4254 προσκαρτερεῖ
3490 4186 3610 4246 ταῖς
3636 4184 3765 4257 δεή-

2180 4278 2299 4314 σεσι
2325 4263 2419 4316 καὶ
2438 4265 2558 4327 ταῖς
2585 4271 2931 4337 προσευχαῖς.
2952 4271 3014 4323 Ei
3038 4271 3096 4325 δὲ
3122 4272 3215 4326 καὶ
3243 4275 3303 4326 ὲν
3324 4273 3599 4344 σφάλματί
3627 4290 3763 4329 non

2178 4353 2403 4422 γένοιτο,
2439 4354 2623 4426 ὥσπερ
2651 4358 2678 4409 ό
2706 4358 2888 4422 Δαυῖδ,
2921 4362 3173 4432 ὁμολογεί
3202 4364 3275 4436 μὴ
3303 4366 3514 4434 ἀγνοεῖν
3534 4362 3627 4420 οἶα
3656 4384 3763 4421 κα·-

513 4418 703 4476 Davidi
737 4422 955 4487 accidit,
991 4424 1280 4479 conﬁtetur
1307 4441 1416 4480 non
1443 4428 1690 4497 ignorare
1713 4444 1771 4484 se
1793 4447 2077 4503 quousque

2188 4418 2287 4496 κῶν
2320 4418 2605 4516 ἐλήλυθεν..
2627 4449 2689 4501 Ei
2726 4448 2782 4502 δὲ
2818 4418 2912 4503 καὶ
2947 4418 3288 4522 pertinatia;
3332 4418 3604 4512 ἀναλάϐοι
3632 4418 3765 4512 ἐαυ-

511 4514 783 4569 malorum
840 4516 1144 4572 devenerit.
1183 4516 1240 4572 Si
1283 4533 1415 4573 vero
1454 4527 1641 4589 postea
1678 4523 2012 4593 resipiscens
2043 4542 2074 4580 a

511 4603 666 4673 lapsu
694 4620 755 4661 se
793 4607 1062 4675 retrahat,
1109 4609 1315 4678 gratias
1358 4618 1498 4681 aget,
1560 4620 1860 4684 notumque
1911 4615 2070 4672 faciet

510 4697 767 4754 omnibus
795 4714 859 4753 es
888 4701 1036 4770 quali
1067 4701 1303 4757 miseriae
1330 4704 1545 4775 gurgite
1587 4721 1646 4762 se
1677 4706 1927 4762 eduxerit
1961 4724 2074 4764 me-

508 4786 663 4842 dicus
720 4797 777 4843 et
830 4797 1083 4846 servator
1129 4792 1326 4846 animae
1373 4793 1584 4863 ipsius;
1645 4812 1817 4866 quare
1861 4799 2005 4855 dicet
2057 4819 2072 4856 :

508 4877 712 4933 Eduxit
740 4896 821 4934 me
839 4880 903 4936 de
934 4881 1052 4935 lacu
1084 4883 1310 4938 miseria:
1337 4895 1385 4938 et
1418 4888 1483 4940 de
1513 4887 1623 4941 luto
1644 4888 1808 4957 feris.
1830 4890 1887 4945 ιι]
1914 4907 2075 4962 porro

505 4971 795 5039 obtinebit,
822 4975 951 5044 quia
983 4984 1309 5047 exspectans
1363 4986 1701 5049 exspectavit
1762 4983 2071 5042 Dominum.

510 5064 714 5119 Lacum
753 5067 1010 5128 miseriae.
1053 5068 1382 5139 profundum
1421 5075 1652 5142 peccati,
1688 5075 1859 5130 lutum
1900 5075 2069 5144 faecis,

508 5159 672 5214 lutosi
708 5160 958 5228 corporis
989 5162 1316 5231 voluptates.
1366 5163 1419 5217 in
1471 5181 1605 5234 quas
1633 5167 1855 5238 delapsa
1889 5170 2070 5225 anima

506 5250 844 5322 dcmergitur
872 5260 927 5307 et
948 5254 1105 5321 quasi
1136 5254 1191 5307 in
1223 5254 1495 5325 profundo
1526 5258 1803 5326 obruitur,
1848 5277 1956 5317 non
1985 5263 2071 5317 in-

498 5343 646 5415 juria
679 5344 1060 5415 appellaveris.
1107 5344 1212 5412 Qui
1251 5346 1417 5417 igitur
1457 5364 1523 5403 ex
1578 5350 1667 5407 bis
1718 5356 1961 5419 emersit,
2013 5364 2069 5411 et

504 5434 803 5490 Salvatoris
837 5434 1060 5490 destera
1079 5430 1309 5494 eductus
1337 5446 1442 5499 est,
1474 5454 1537 5494 ac
1559 5440 1755 5499 deinde
1777 5444 1843 5499 ad
1876 5462 2066 5516 puram

498 5535 554 5581 ct
581 5535 786 5582 rectam
827 5526 1093 5582 rationem
1144 5529 1340 5584 animm
1381 5546 1493 5587 suae
1526 5534 1754 5605 vestigia
1809 5535 2063 5604 ﬁrmavit,

570 5683 585 5713 ⁸
626 5681 761 5740 Luc.
794 5701 884 5753 vr,
916 5684 1005 5741 2|.
1085 5690 1104 5720 ¹
1144 5688 1337 5745 Matth.
1374 5706 1426 5756 ν,
1465 5690 1517 5746 5.
1595 5691 1616 5723 ³
1656 5693 1815 5749 Rom.
1852 5709 1905 5762 v,
1939 5692 1992 5751 3.

2178 4536 2271 4589 τὸν
2317 4538 2409 4592 τοῦ
2490 4539 2805 4611 σφάλματος
2859 4543 3268 4617 συνῃσθημένος
3296 4588 3311 4613 ,
3368 4549 3764 4621 εὐχαριστήσει

2188 4630 2457 4702 ίνωρίζων
2506 4634 2597 4704 ἀφ’
2628 4635 2740 4688 οἴου
2794 4634 2989 4705 βάθους
3043 4639 3416 4711 ταλαιπωρίας
3454 4641 3765 4713 ἀνιμήσατο

2176 4719 2337 4774 αὑτὸν
2357 4723 2387 4775 ὁ
2408 4721 2507 4793 τῆς
2526 4723 2703 4795 ψυχῆς
2722 4724 2885 4779 αὑτοῦ
2906 4727 3195 4798 γενόμενος
3222 4730 3403 4800 ἰατρὸς
3431 4731 3522 4784 καὶ
3547 4734 3757 4804 σωτῆρ’

2173 4807 2363 4880 διόπερ
2391 4813 2538 4882 ὲρείο
2582 4812 2859 4884 Ἁνήγαγέ
2890 4832 2967 4884 με
2993 4818 3063 4870 ἐκ
3095 4817 3326 4874 λάκκου
3354 4824 3764 4890 ταλαιπωρίας

2173 4900 2270 4953 καὶ
2302 4901 2421 4956 ἀπὸ
2453 4903 2652 4971 πηλοῦ
2677 4907 2863 4973 ἰλύος.
2903 4907 3105 4961 Τούτου
3147 4909 3205 4963 δὲ
3232 4911 3502 4978 τεύξεται,
3533 4913 3759 4984 ἐπειδή-

2173 5006 2277 5063 περ
2319 4993 2607 5064 ὑπομένων
2659 4996 2920 5069 ὑπέμεινε
2961 5001 3052 5055 τὸν
3080 5001 3303 5074 Κύριον.
3334 5002 3549 5057 Λάκκον
3575 5004 3634 5057 δὲ
3664 5023 3760 5060 τα-

2171 5081 2474 5155 λαιπωρίας
2503 5086 2566 5139 τὸ
2596 5085 2756 5157 βάθος
2794 5089 2896 5160 τῆς
2928 5092 3222 5162 ἁμαρτίας,
3252 5094 3347 5146 καὶ
3399 5093 3566 5165 πηλὸν
3608 5094 3759 5158 ἰλύος

2169 5172 2268 5237 τὰς
2313 5174 2408 5227 τοῦ
2465 5175 2743 5247 πηλώδους
2774 5179 3022 5253 σώματος
3049 5181 3402 5253 ἡδυπαθείας,
3434 5185 3492 5237 ὲν
3517 5177 3605 5247 αἶς
3639 5185 3760 5238 ὀλι-

2172 5264 2419 5336 σθήσασα
2447 5268 2593 5342 ψυχὴ
2622 5271 2941 5342 βαπτίζεται
2972 5276 3064 5330 καὶ
3089 5275 3278 5348 ὥσπερ
3309 5280 3366 5332 ὲν
3396 5277 3543 5349 βυθῷ
3585 5295 3762 5333 κατα-

2169 5358 2476 5425 ποντοῦται,
2512 5363 2612 5415 οὐκ
2637 5362 2704 5416 ἀν
2731 5366 2998 5439 ἁμάρτοις
3027 5367 3218 5423 εἰπών.
3237 5370 3294 5423 Ὀ
3316 5369 3382 5439 δὴ
3411 5364 3505 5423 οὖν
3534 5369 3601 5421 ὲκ
3623 5369 3757 5423 τού-

2168 5466 2275 5504 των
2299 5453 2601 5525 ἀνακύψας,
2636 5459 2731 5512 καὶ
2763 5460 2868 5513 ὑπὸ
2899 5461 2997 5532 τῆς
3031 5462 3209 5529 δεξιᾶς
3237 5463 3331 5517 τοῦ
3370 5463 3623 5536 Σωτῆρος
3654 5466 3756 5519 ἀνι-

2171 5561 2187 5596 ι
2194 5543 2403 5615 μηθεὶς,
2419 5543 2536 5604 εἶτα
2554 5549 2737 5607 λοιπὸν
2759 5553 2815 5607 ὲν
2838 5553 3062 5627 καθαρῷ
3081 5554 3159 5626 τῷ
3177 5555 3322 5627 λόγῳ
3334 5556 3431 5621 τὰς
3452 5555 3554 5629 τῆς
3571 5555 3766 5629 “ﬁt;
