3992 6216
183 282 292 339 εδδ

1309 279 1809 338 (ΣΟΜΙΕΝΤΔΒΙΔ
1846 280 1914 338 IN
1953 279 2288 338 PSALMOS.

3329 286 3438 343 δξςι

184 395 370 467 βάσεις
400 392 682 468 στηρίξας,
707 395 943 466 εὐλόγως
977 396 1125 467 ἐρεῖ·
1162 396 1271 450 Καὶ
1303 394 1566 465 dicm-ure
1590 411 1668 465 με
1690 395 1759 450 ἐκ

1865 397 2064 451 merito
2087 396 2238 451 dicat
2271 414 2285 450 :
2318 394 2385 450 Et
2429 396 2610 451 eduxit
2656 414 2736 452 nte
2762 398 2827 453 de
2855 399 2977 454 lacu
3004 399 3232 454 miseria
3282 408 3333 454 et
3368 398 3436 454 de

180 486 414 543 λάκκου
445 491 842 558 ταλαιπωρίας
885 487 983 542 καὶ
1027 487 1146 543 ἀπὸ
1188 488 1387 555 πηλοῦ
1428 489 1628 556 urbor,"
1659 491 1758 545 καὶ

179 580 448 650 ἔστησεν
468 580 564 634 ἐπὶ
603 579 829 649 πέτραν
849 580 991 648 τοὺς
1024 580 1212 646 πόδας
1237 597 1378 648 μου,
1406 581 1504 635 καί
1542 584 1761 651 κατηύ-

181 676 329 728 va
361 672 433 726 τὰ
470 671 800 743 διαδήματά
834 691 972 743 μου.
1009 672 1217 744 Πέτραν
1258 672 1315 725 δὲ
1361 673 1499 744 πρὸς
1527 674 1763 728 ἀντιδια-

183 764 377 837 στολὴν
414 764 506 818 τοῦ
534 763 754 837 στερεοῦ
777 764 933 835 λόγου
958 765 1202 837 θεμέλιον
1233 765 1513 837 ὀνομάζει,
1543 767 1626 836 ἐφ’
1650 766 1708 821 ὂν
1731 769 1761 820 ὁ

184 853 435 927 βεϐηκὼς
455 855 645 926 φήσει·
671 855 763 921 Τίς
791 853 948 925 ἡμᾶς
975 854 1213 923 χωρίσει
1242 855 1361 909 ἀπὸ
1388 855 1498 924 τῆς
1523 854 1762 926 ἀγάπης

181 945 293 1000 τοῦ
320 945 607 1015 Χριστοῦ,
648 946 875 1015 θλίψις,
923 946 961 1015 ἢ
995 947 1382 1015 στενοχωρία,
1415 946 1455 1015 ἢ
1484 945 1758 1017 διωγμὸς,

182 1038 225 1109 ἢ
249 1041 460 1111 λιμός-ς
495 1040 588 1095 καὶ⁸
610 1037 677 1093 τὰ
706 1038 850 1112 ἐξῆς.
874 1040 947 1093 Ού
984 1041 1143 1112 μόνον
1166 1040 1209 1094 δ’
1237 1040 1427 1112 ἔστησε
1449 1041 1576 1106 τοὺς
1600 1042 1763 1107 πόδας

182 1134 279 1188 ἐπὶ
304 1133 401 1206 τὴν
422 1133 644 1205 πέτραν,
670 1133 805 1188 ἀλλὰ
828 1135 923 1188 καὶ
952 1133 1186 1205 βαδίζειν
1208 1134 1300 1188 καὶ
1323 1134 1539 1206 τρέχειν
1559 1136 1647 1189 ἐπ’
1664 1137 1763 1189 αύ-

178 1225 283 1296 τῆς
315 1224 404 1278 διὰ
431 1225 530 1295 τῆς
560 1224 665 1280 τῶν
701 1224 877 1280 καλῶν
912 1226 1316 1297 εὐδοκιμήσεως
1342 1229 1519 1279 ποιεῖ’
1540 1226 1622 1280 διὸ
1649 1229 1764 1281 ἐπι-

178 1316 363 1386 λέγει·
409 1317 520 1370 Κιιὶ
578 1318 912 1386 κατηύθυνε
958 1318 1032 1372 τὰ
1087 1316 1417 1387 διαόιὶματά
1460 1337 1599 1388 μου.
1630 1315 1765 1375 Εἶτα

176 1408 508 1475 ἀκολούθως,
542 1408 618 1475 ὡς
645 1409 710 1466 ἂν
744 1410 1099 1483 μεταᾶληθεὶς
1125 1411 1235 1466 ἀπὸ
1259 1411 1369 1465 τῶν
1393 1413 1651 1484 χειρόνων
1670 1414 1765 1468 ἐπὶ

176 1499 250 1553 τά
270 1500 525 1573 κρείττω,
545 1501 606 1554 τὸ
633 1502 729 1573 μὲν
755 1501 982 1556 παλαιὸν
1008 1498 1181 1575 ᾆσμα,
1203 1502 1269 1556 δι’
1294 1500 1355 1559 οὗ
1383 1504 1764 1561 ἀ“πεκλαύσατο

177 1590 252 1644 τά
280 1593 338 1646 ἐν
369 1596 483 1656 τοῖς
515 1592 621 1663 πρὸ
648 1591 837 1647 τούτου
885 1592 1123 1664 ψαλμοῖς
1160 1592 1480 1666 λελέγμένα,
1515 1597 1766 1651 ἀποτίθε-

178 1699 274 1736 ται
292 1701 307 1715 ’
338 1683 705 1755 ἀναλαμὸάνει
733 1684 792 1739 δὲ
818 1680 971 1756 ᾆσμα
1000 1684 1187 1739 καινὸν
1229 1685 1323 1741 τοῦ
1363 1685 1633 1752 σώσαντος
1660 1689 1765 1743 αύ-

181 1775 296 1840 τὸν,
318 1776 414 1830 καὶ
436 1776 795 1848 ἐμϐάλλοντος
817 1777 896 1841 είς
925 1777 984 1830 τὺ
1008 1778 1182 1849 στόμα
1207 1778 1370 1833 αὐτοῦ
1400 1780 1584 1835 καινὸν
1610 1776 1762 1853 ᾆσμα

183 1867 280 1921 καὶ
296 1866 484 1938 ὕμνον,
503 1866 908 1939 ἀποδυσαμένου
942 1867 1033 1923 τὸν
1068 1868 1293 1924 παλαιὸν
1332 1868 1617 1940 ἄνθρωπον
1662 1873 1761 1925 σὺν

184 1962 306 2023 ταῖς
356 1959 616 2044 πράξεσιν
670 1959 857 2027 αὐτοῦ,
893 1960 1251 2033 ἐνδυσαμένου
1284 1961 1343 2016 δὲ
1382 1961 1473 2016 τὸν
1519 1962 1637 2017 νέον
1669 1962 1761 2017 τὸν

184 2051 646 2123 ἀνακαινούμενον
678 2056 797 2109 κατ’
825 2053 1116 2124 ἐπίγνωσιν
1146 2054 1239 2108 τοῦ
1266 2053 1421 2108 Θεοῦ.
1454 2048 1589 2109 Εἶτα
1623 2055 1761 2127 μετὰ

185 2145 365 2200 πάντα
397 2145 572 2201 ταῦτα
602 2147 904 2220 ὑπόδειγμα
946 2147 1157 2212 πολλοῖς
1195 2147 1427 2216 γίνεται,
1463 2148 1540 2211 ὡς
1569 2146 1635 2200 ἂν
1668 2149 1762 2202 κα)⁵

183 2235 381 2308 ἕτεροι,
410 2236 508 2309 τὴν
534 2236 836 2309 μεταϐολὴν
863 2237 1025 2292 αὐτοῦ
1061 2237 1347 2308 θεώμενοι,
1373 2237 1596 2303 ἐλπίδας
1622 2240 1763 2307 ἀγα-

182 2329 283 2395 ea;
311 2329 648 2394 ἀναλάϐοιεν,
682 2330 778 2384 καὶ
823 2329 925 2401 τὴν
964 2329 1074 2384 άπὸ
1115 2328 1225 2383 τῶν
1272 2328 1530 2400 χειρόνων
1562 2330 1653 2383 ἐπὶ
1694 2330 1763 2385 τὰ

183 2420 416 2496 κρείττω
448 2423 762 2493 ποιήσαιντο
785 2421 1085 2493 μεταϐολήν
1106 2438 1119 2453 ⁸
1146 2420 1225 2475 διό
1254 2437 1417 2493 φησιν
1435 2437 1450 2452 ·
1481 2422 1763 2498 Ὄψονται

181 2513 401 2568 πολλοὶ
433 2513 534 2567 καὶ
562 2512 1024 2583 φοϐηθήσονται,
1050 2513 1149 2567 καὶ
1179 2512 1500 2567 ἐλπιοῦσιν
1521 2512 1621 2566 ἐπὶ
1644 2514 1760 2568 Κύ-

175 2624 330 2676 ριον.
358 2607 423 2660 Τί
456 2606 513 2660 δὲ
545 2606 801 2677 ὅψονταις
834 2604 976 2660 Αὐτὸ
1022 2605 1198 2671 τοῦτο,
1227 2606 1412 2676 φησὶν,
1444 2605 1520 2670 ὡς
1547 2606 1630 2670 είς
1663 2605 1759 2677 βά-

184 2699 277 2763 θος
300 2698 532 2771 ἐλήλυθα
554 2698 757 2764 κακῶν,
785 2698 878 2753 καὶ
906 2699 986 2762 είς
1014 2698 1105 2751 τὸν
1126 2697 1329 2752 λάκκον
1357 2698 1451 2751 καὶ
1475 2698 1569 2752 τὸν
1591 2697 1761 2769 πηλὸν

183 2790 283 2860 τῆς
309 2792 450 2855 ἰλύος
471 2809 484 2822 ·
507 2790 756 2845 κάκεῖθεν
779 2789 914 2843 Θεοῦ
945 2790 1126 2862 χάριτι
1155 2788 1525 2854 ἀνελκυσθεὶς,
1550 2791 1642 2844 ἐπὶ
1664 2790 1763 2862 τὴν

189 2882 395 2953 πέτραν
445 2882 603 2954 ἐστην
648 2884 742 2936 καὶ
791 2881 1134 2954 κατηυθύνθη
1178 2881 1248 2935 τὰ
1293 2881 1606 2954 διαδήματά
1640 2900 1762 2954 μου,

188 2974 283 3025 καὶ
312 2972 553 3045 ᾅσματος
582 2971 923 3044 κατηξιώθην
957 2970 1167 3026 καινοῦ.
1203 2970 1390 3026 Ταῦτα
1428 2971 1536 3044 γὰρ
1560 2972 1609 3026 οἱ
1639 2974 1768 3029 πολ-

1864 488 1977 542 ίιιιο
2010 487 2179 555 fa’cis.
2244 485 2312 541 Et
2346 488 2535 541 statuit
2571 505 2727 558 super
2763 499 2966 559 petram
3005 490 3162 561 pedes
3189 507 3354 557 meos,
3382 502 3434 548 et

1861 577 2057 633 direxit
2108 593 2318 648 gressus
2368 594 2533 634 meos.
2587 578 2799 635 Petram
2837 589 3016 636 autem
3052 581 3119 634 ad
3150 594 3438 651 compara-

1863 671 2068 727 tionem
2101 670 2243 725 ﬁrmi
2274 671 2570 736 sermonis,
2608 671 3024 728 fundamentum
3045 680 3228 737 vocat,
3247 673 3300 728 in
3323 689 3436 745 quo

1864 763 2117 835 quisquis
2147 764 2486 833 processerit
2519 765 2666 819 dicet
2708 784 2721 819 :
2764 765 2897 832 Quis
2945 782 3038 820 nos
3084 764 3356 835 separabit
3403 782 3437 819 a

1862 854 2122 909 charitate
2154 852 2399 910 Christi?
2434 852 2735 919 tribulatio,
2767 872 2836 909 an
2865 857 3138 926 angustia,
3188 872 3258 911 an
3311 872 3434 926 per—

1863 947 2084 1011 secutio,
2114 963 2182 1000 an
2214 945 2383 1016 [ames
2408 945 2468 1000 ‘?
2494 953 2602 1002 etc.
2661 946 2783 1002 Non
2834 948 3000 1003 modo
3055 960 3235 1004 autem
3270 949 3438 1020 pedes

1865 1038 2057 1093 statuit
2090 1054 2258 1109 super
2283 1048 2530 1108 petram;
2564 1038 2659 1095 sed
2692 1039 2857 1095 etiam
2888 1040 2942 1095 id
2971 1049 3218 1110 praestat,
3253 1050 3315 1097 ut
3337 1056 3440 1114 per

1863 1131 2133 1187 bonorum
2165 1130 2487 1202 dignitatem
2521 1131 2577 1185 in
2605 1146 2671 1186 ea
2700 1131 2956 1188 incedere
3002 1147 3069 1188 ac
3112 1133 3437 1205 currere.“-

1864 1231 2020 1290 ceat;
2052 1238 2223 1293 quare
2255 1223 2465 1293 adjicit,
2492 1231 2541 1277 et
2572 1222 2765 1277 direxit
2797 1240 3009 1293 gressus
3039 1241 3201 1281 meos.
3229 1224 3439 1281 Dehinc

1864 1331 1998 1372 vero
2025 1325 2453 1387 consequenter,
2485 1323 2674 1386 utpote
2705 1331 2735 1370 a
2779 1317 3059 1387 pejoribus
3091 1319 3161 1376 ad
3207 1319 3437 1383 meliora

1863 1409 2189 1474 translatus,
2224 1410 2442 1464 cantico
2477 1411 2677 1476 veteri,-
2732 1426 2842 1482 quo
2891 1412 2946 1467 in
3002 1413 3438 1483 pmcedentibus

1865 1502 2090 1572 psalmis
2115 1501 2356 1572 lugebat,
2385 1501 2908 1572 deposito..novum
2960 1504 3236 1559 canticum
3286 1518 3442 1562 assu-

1865 1591 1983 1656 mit,
2017 1591 2138 1663 ejus
2169 1594 2378 1649 scilicet
2409 1595 2502 1664 qui
2556 1595 2816 1651 servavit~
2850 1609 2998 1658 eum,
3052 1601 3109 1649 et
3160 1594 3438 1649 canticum

1865 1683 2239 1755 bymnumque
2284 1700 2485 1741 novum
2522 1686 2576 1740 in
2609 1701 2673 1742 os
2723 1685 2846 1755 ejus
2877 1686 3140 1753 immisit;
3180 1686 3441 1757 exuitque

1794 1769 1836 1825 Β
1864 1786 2100 1833 veterem
2125 1778 2401 1834 hominem
2429 1795 2555 1834 cum
2582 1780 2846 1851 operibus
2869 1779 3012 1849 ejus,
3047 1791 3102 1835 et
3129 1779 3308 1835 induit
3340 1795 3436 1835 no-

1866 1884 2016 1933 vum,
2045 1870 2161 1925 sive
2184 1878 2503 1925 renovatum
2546 1887 2644 1941 per
2690 1870 2978 1926 scientiam
3029 1868 3147 1926 Dei.
3183 1870 3296 1926 Sub
3325 1870 3440 1926 haec

1866 1972 2046 2017 autem
2076 1961 2284 2028 omnia,
2313 1962 2367 2017 in
2402 1963 2708 2034 exemplum
2741 1962 2930 2018 multis
2962 1965 3204 2033 ponitur,
3258 1965 3333 2020 ita
3381 1972 3442 2019 ut

1868 2053 1960 2107 alii
1995 2069 2238 2125 quoque,
2273 2063 2567 2126 conspecta
2599 2055 2721 2126 ejus
2750 2055 3077 2119 mutatione.
3132 2071 3285 2127 spem
3340 2070 3440 2112 su—

1866 2153 2019 2200 mant
2048 2147 2268 2211 bonam,
2296 2154 2351 2202 et
2380 2162 2409 2200 a
2440 2147 2720 2218 pejoribus
2759 2149 2828 2204 ad
2854 2148 3082 2204 meliora
3113 2164 3234 2204 sese
3256 2148 3443 2204 tradu-

1869 2244 2034 2292 (κιαι
2065 2254 2236 2310 quare
2269 2239 2366 2303 ait,
2390 2240 2635 2296 videbunt
2662 2241 2817 2295 multi
2849 2252 2901 2296 et
2937 2241 3213 2309 timebunt,
3247 2249 3298 2295 et
3328 2255 3443 2311 spe-

1869 2327 2063 2385 rabunt
2117 2332 2173 2384 in
2219 2330 2471 2386 Domino.
2517 2331 2789 2398 Quidnam
2824 2332 3124 2391 videbunt?
3173 2331 3437 2404 ldipsum,

1866 2420 2065 2492 inquit,
2090 2438 2198 2494 quo
2221 2432 2381 2494 pacto
2402 2426 2457 2479 in
2481 2424 2811 2496 profundum
2847 2427 3138 2491 malorum,
3164 2426 3220 2480 in
3256 2426 3434 2481 lacum

1865 2513 2097 2570 miseria
2126 2523 2181 2571 et
2208 2517 2263 2570 in
2298 2515 2472 2571 lutum
2514 2515 2664 2573 faecis
2707 2518 2993 2574 demersus
3035 2532 3159 2574 cum
3200 2515 3439 2582 fuerim,

1867 2604 1994 2661 inde
2025 2605 2120 2661 Dei
2149 2607 2323 2678 gratia
2346 2607 2600 2673 eductus,
2646 2624 2809 2680 super
2840 2619 3046 2681 petram
3075 2609 3319 2664 steterim
3337 2648 3352 2673 ,
3382 2616 3438 2664 et

1869 2714 2093 2769 gressus
2123 2700 2229 2755 mei
2255 2700 2450 2756 directi
2491 2699 2715 2765 fuerint,
2749 2717 2812 2757 ac
2846 2717 2989 2756 novo
3019 2701 3236 2756 cantico
3266 2701 3440 2756 donec

1870 2800 1960 2848 tus
1991 2793 2114 2847 sim.
2143 2791 2241 2849 llis
2271 2794 2604 2865 conspectis,
2635 2794 2835 2866 inquit.
2868 2794 3020 2849 multi
3050 2793 3301 2847 timorem
3325 2790 3444 2855 Dei,

1870 2883 1939 2940 de
1961 2900 2070 2956 quo
2098 2886 2305 2941 dictum
2337 2884 2676 2952 est,Initium
2698 2888 2975 2957 sapientite
2999 2888 3162 2939 timor
3181 2884 3445 2949 Domini,‘

1872 2978 2163 3048 accipient,
2194 2979 2542 3052 similemque
2579 2981 2684 3037 sibi
2719 2997 2868 3053 spem
2899 2979 3198 3036 ascribent.

186 3063 269 3117 λοὶ
301 3063 625 3136 θεασάμενοι
679 3063 840 3134 φόϐον
870 3062 1027 3128 Θεοῦ,
1072 3063 1200 3135 περὶ⁵
1232 3057 1292 3118 οὗ
1328 3063 1594 3129 λέλεκται,
1646 3066 1818 3136 Ἀρχὴ
1856 3073 2077 3141 σοφίας
2122 3075 2306 3142 φόϐος
2353 3074 2522 3141 Θεοῦ,
2566 3075 2946 3147 ἀναλήψονται,
2981 3073 3076 3127 καὶ
3121 3070 3221 3125 τὴν
3252 3067 3446 3141 ὁμοίαν

184 3156 402 3221 ἑαυτοῖς
429 3155 832 3228 ὑπογράφουσιν
859 3155 1071 3211 ἐλπίδα.

255 3247 565 3317 Μακάριος
588 3249 764 3319 ἀνὴρ,
794 3245 867 3305 οὗ
894 3249 1026 3304 ἐστι
1054 3248 1118 3303 τό
1141 3248 1327 3321 ὄνομα
1350 3249 1572 3319 Κυρίου
1597 3250 1764 3318 ἐλπὶς

1946 3248 2112 3305 Vuns.
2145 3249 2198 3305 5.
2230 3250 2429 3304 Beatus
2466 3250 2546 3303 vir
2579 3249 2729 3318 cujus
2758 3259 2835 3303 est
2863 3266 3049 3305 nomen
3080 3250 3295 3308 Domini
3327 3259 3444 3321 spes

182 3340 396 3404 αὑτοῦ,
432 3341 529 3395 καί
584 3343 695 3396 οὐκ
738 3341 1073 3410 ἐπέϐλεψεν
1111 3345 1199 3409 εὶς
1232 3342 1631 3412 ματαιότητος
1668 3343 1765 3397 καὶ

180 3435 405 3505 μανίας
438 3433 778 3503 ψευδεῖς.’0
804 3433 894 3487 διὰ
933 3435 1129 3507 πείρας
1175 3434 1344 3489 ἐλθὼν
1371 3435 1471 3506 τῆς
1502 3433 1596 3488 τοῦ
1631 3435 1767 3489 Θεοῦ

189 3527 411 3600 χάριτος
443 3529 556 3591 τοῖς
595 3529 731 3581 πᾶσι
756 3526 1016 3599 κηρύττει
1047 3527 1146 3591 τὰς
1176 3529 1256 3592 είς
1283 3527 1446 3581 αὑτὸν
1471 3528 1770 3599 γενομένας

187 3620 526 3690 εὐεργεσίας,
560 3621 821 3693 προφέρει
851 3637 911 3674 τε
942 3620 1235 3692 καθολικὴν
1265 3620 1538 3689 ἀπόφασιν
1568 3621 1633 3674 ἐκ
1657 3620 1768 3674 τῶν

189 3711 323 3784 περὶ
369 3712 532 3766 αὑτὸν
566 3712 907 3785 ωμόάντων,
937 3712 1222 3776 διδάσκων,
1252 3712 1334 3767 ὅτι
1376 3714 1511 3766 πᾶσι
1541 3712 1767 3768 δυνατὸν

188 3802 494 3874 ἀνθρώποις
525 3803 633 3857 τῶν
681 3803 882 3875 ὁμοίων
930 3803 1080 3875 αὐτῷ
1124 3804 1326 3874 τυχεῖν.
1359 3803 1434 3856 Οὐ
1476 3802 1587 3875 γὰρ
1631 3801 1764 3871 ἐγὼ,

190 3895 347 3965 φησι,
374 3896 553 3977 μόνος,
575 3895 831 3950 τοιούτων
876 3894 1147 3961 ἀξιωθεὶς,
1183 3894 1300 3965 εἴην
1346 3893 1413 3948 ἂν
1460 3894 1725 3966 μακάριος
1748 3910 1761 3924 ·

191 3987 435 4041 ἔκκειται
458 3988 516 4042 δὲ
542 3990 655 4053 τοῖς
678 3990 842 4043 πᾶσιν
871 3987 1064 4060 ήαὺτὴ
1095 3988 1233 4051 ὁδὸς,
1268 3987 1361 4042 καὶ
1395 3987 1456 4042 οὐ
1495 3988 1606 4040 τισὶ
1645 3987 1762 4057 μὲν,

186 4079 383 4134 τωνδὶ
412 4078 494 4134 οὗ.
520 4081 635 4144 ne;
672 4076 765 4134 οὖν
794 4082 823 4133 ό
850 4078 948 4150 τὴν
985 4078 1173 4132 ἐλπίδα
1199 4077 1361 4132 αὐτοῦ
1387 4077 1481 4131 ἐπὶ
1506 4076 1597 4130 τὸν
1634 4076 1765 4130 Θεὸν

188 4173 470 4245 ἀναθήσας
499 4172 598 4227 οὐκ
626 4173 980 4225 ἀποπεσεῖται
1025 4169 1118 4223 τοῦ
1163 4166 1534 4243 μακαρισμοῦ,
1564 4161 1625 4222 οὗ
1672 4168 1766 4221 καὶ¹

191 4265 353 4331 αὐτὸς
380 4264 740 4338 κατηξιώθην.
774 4263 1087 4335 Ματαιότης
1119 4262 1173 4316 δὲ
1203 4262 1298 4317 καὶ
1327 4261 1513 4334 μανίαι
1552 4260 1767 4331 ψευδεῖς

191 4360 366 4413 πᾶσαι
392 4361 447 4413 αἱ
479 4359 607 4431 περὶ
629 4360 699 4413 τὰ
728 4358 1041 4431 πρόσκαιρα
1080 4356 1173 4410 καὶ⁸
1208 4355 1410 4427 μάταια
1440 4354 1766 4426 τυγχάνουσι

194 4451 441 4507 σπουδαί⁸
465 4454 694 4526 ἐπείπερ
709 4453 1047 4519 Ματαιότης
1068 4448 1501 4521 ματαιοτήτων,
1532 4447 1604 4501 τὰ
1621 4445 1768 4500 πάν-

192 4561 267 4601 τα
311 4546 668 4618 ματαιότης-
719 4546 814 4599 καὶ
858 4544 946 4598 διὰ
991 4542 1100 4596 τῶν
1153 4541 1462 4614 ἔμπροσθεν
1509 4540 1761 4609 ἐλέγετο·

194 4637 369 4707 Πλὴν
410 4639 483 4692 τὰ
529 4636 724 4691 πάντα
759 4637 1102 4707 ματαιότης,
1132 4634 1250 4700 πᾶς
1277 4632 1583 4701 ἅνθρωπος
1615 4629 1726 4692 ζῶν
1746 4645 1783 4687 ',

194 4731 290 4786 καὶ
319 4729 481 4785 πάλιν
500 4746 514 4761 ⁸
536 4730 708 4798 Πλὴν
727 4727 926 4798 μάτην
951 4726 1375 4797 ταράσσονται.
1397 4722 1764 4792 Θησαυρίζει,

196 4825 296 4881 καί
349 4827 424 4881 οὐ
473 4821 749 4895 γινώσκει
793 4822 909 4875 τίνι
956 4819 1207 4884 συνάξει
1241 4818 1446 4873 ταῦτα.
1482 4816 1679 4872 Μανίαι
1711 4817 1767 4871 δὲ

193 4919 411 4992 ψευδεῖς
441 4918 495 4971 αἱ
522 4917 601 4979 εἰς
632 4912 788 4967 κενὸν
817 4913 912 4967 καὶ
943 4913 1169 4983 μάταιον
1199 4910 1626 4981 σπουδαζόμεναι
1655 4912 1768 4973 τοῖς

195 5012 411 5076 πολλοῖς
440 5007 954 5082 φροντίδες.Ὤσπερ
1004 5000 1096 5058 οῦν
1149 5003 1311 5073 μανία
1344 5001 1576 5074 σώφρων
1609 5002 1643 5073 ἠ
1674 5000 1766 5054 τοῦ

194 5106 460 5178 παρόντος
497 5102 610 5174 βίου
643 5099 1120 5165 κατεξανάστασις,
1146 5097 1210 5151 δι’
1242 5098 1307 5168 ἣν
1332 5097 1429 5149 καὶ
1472 5094 1767 5161 ἐξεστῶτες

193 5193 503 5268 ἐνομίζοντο
551 5194 663 5258 τοῖς
707 5189 919 5252 πολλοῖς
950 5189 998 5241 οἱ
1030 5186 1123 5240 τοῦ
1156 5184 1290 5238 Θεοῦ
1330 5183 1623 5258 προφῆται.
1669 5183 1766 5235 Σεο

196 5288 456 5361 μνύνεται
481 5285 525 5338 δ’
549 5283 643 5338 ἐπὶ
672 5285 739 5355 τῇ
768 5279 994 5354 τοιαύτῃ
1017 5278 1269 5332 ἐκστάσει
1298 5275 1471 5345 λέγων
1492 5278 1519 5329 ό
1539 5275 1762 5338 δίκαιος·

206 5379 352 5452 Ἐγὼ
386 5378 455 5432 δὲ
485 5373 623 5449 εἶπα
665 5376 735 5430 ὲν
778 5372 852 5443 τῇ
880 5371 1166 5426 ἐκστάσει
1192 5386 1344 5439 μουο
1381 5366 1508 5434 Πᾶς
1550 5367 1768 5435 ἄνθρω-

190 5489 307 5539 πος
333 5472 637 5541 ψεύστης
668 5469 761 5522 καὶ
803 5468 831 5520 ό
875 5463 1193 5525 Ἀπόστολος
1216 5460 1273 5514 δέ
1302 5459 1461 5513 τοῦτο
1490 5458 1767 5522 πεπονθὼς

189 5565 402 5634 ἔλεγεν*
437 5563 573 5618 Εἴτε
602 5560 711 5631 γὰρ
743 5556 1073 5627 ἐξέστημεν
1095 5552 1238 5619 Θεῷ,
1265 5551 1385 5606 εἴτε
1416 5548 1759 5619 σωφρονοῦ-

189 5676 302 5723 μεν
332 5657 490 5728 ὑμῖν.

262 5777 284 5810 ⁸
323 5775 478 5839 Rom.
511 5790 631 5840 vm,
665 5773 753 5829 55.
814 5757 853 5804 ’⁵
890 5768 1036 5827 Psal.
1073 5781 1173 5835 cx,
1207 5764 1293 5822 i0.
1372 5763 1393 5795 ⁸
1433 5759 1616 5818 Eccle.
1657 5774 1711 5829 I,
1738 5757 1795 5815 2.

1869 3342 2005 3411 ejus,
2037 3353 2085 3397 et
2113 3360 2216 3397 non
2256 3343 2482 3412 respexit
2515 3342 2571 3394 in
2613 3343 2874 3396 vanitates
2904 3354 2953 3397 et
2982 3345 3225 3399 insanias
3250 3347 3443 3414 falsas.

1867 3430 1972 3498 Qui
2011 3431 2210 3487 divina:
2245 3433 2437 3504 gratiae
2462 3431 2895 3501 experimentum
2935 3435 3146 3501 habuit,
3188 3438 3292 3492 sibi
3332 3440 3447 3493 col-

1870 3525 1976 3578 lata
2008 3525 2271 3580 beneﬁcia
2315 3523 2572 3579 omnibus
2613 3524 2893 3593 praedicat,
2925 3534 3088 3596 atque
3115 3542 3180 3582 ex
3221 3528 3290 3583 iis
3325 3545 3447 3600 qua:

1868 3617 1972 3674 sibi
2019 3617 2370 3688 contigerunt
2421 3614 2785 3671 universalem
2835 3616 3045 3687 profert
3095 3621 3445 3690 sententiam,

1867 3706 2071 3760 docens
2098 3720 2289 3761 onmes
2315 3704 2564 3762 homines
2595 3706 2745 3776 paria
2768 3722 2954 3761 secum
2985 3708 3230 3766 obtinere
3260 3727 3442 3782 posse.

1868 3797 2054 3869 Neque
2075 3798 2219 3853 enim
2244 3813 2346 3867 ego
2370 3797 2543 3860 solus,
2564 3799 2659 3860 ait.
2694 3800 2822 3854 talia
2851 3807 3068 3864 nactus.
3100 3804 3295 3861 beatus
3324 3807 3445 3863 fue~

1865 3890 2011 3957 rint;
2067 3889 2164 3946 sed
2198 3890 2456 3947 omnibus
2500 3907 2563 3946 ea
2601 3892 2718 3963 ipsa
2756 3891 2842 3946 via
2875 3902 3043 3963 patet,
3074 3911 3176 3953 nec
3216 3898 3446 3967 quibus-

1866 3980 1991 4036 dam
2027 3990 2213 4054 aperta
2244 3991 2351 4050 est,
2394 3983 2518 4039 aliis
2559 3998 2689 4039 vero
2718 3985 2965 4041 minime.
3008 3988 3276 4059 Quisquis
3312 4004 3444 4061 ergo

1866 4091 2019 4148 spem
2048 4075 2104 4130 in
2140 4075 2249 4132 Deo
2285 4078 2555 4148 reposuit,
2604 4092 2634 4131 ιι
2666 4077 3005 4135 beatitudine
3044 4081 3159 4146 illa,
3193 4097 3300 4153 qua
3342 4099 3445 4155 ego

1866 4171 2126 4240 dignatus
2159 4185 2305 4235 sum,
2340 4185 2448 4225 non
2486 4171 2722 4227 labetur.
2752 4170 2979 4228 Vanitas
3008 4182 3189 4229 autem
3214 4184 3269 4231 et
3296 4175 3443 4232 insa-

1866 4263 1972 4318 nia:
1997 4262 2145 4318 falsa:
2175 4270 2324 4327 sunt,
2363 4278 2554 4318 omnes
2593 4269 3076 4333 temporanearum
3106 4273 3161 4320 et
3209 4263 3443 4320 {utilium

1868 4371 2049 4412 rerum
2103 4371 2267 4412 curae.
2331 4353 2783 4425 Quandoquidem
2846 4357 3054 4410 vanitas
3116 4357 3441 4419 vanitatum,

1868 4450 2047 4503 omnia
2076 4449 2283 4503 vanitas
2319 4448 2341 4480 ⁸
2372 4464 2388 4513 ;
2423 4461 2487 4500 ac
2518 4449 2772 4516 superius
2820 4446 3030 4500 dictum
3058 4458 3143 4502 est
3175 4463 3189 4498 :
3230 4447 3447 4503 Veram-

1870 4551 2044 4596 tamen
2084 4540 2326 4593 universa
2358 4538 2587 4601 vanitas,
2618 4537 2788 4592 omnis
2820 4536 2973 4590 homo
3009 4537 3213 4601 vivens;
3244 4546 3299 4593 et
3340 4538 3443 4594 ite~

1869 4650 1990 4689 rum
2022 4650 2035 4685 :
2069 4631 2440 4686 Verumtamen
2470 4647 2600 4684 vane
2638 4628 3041 4685 conturbantur.
3097 4628 3443 4686 Tltesaurizat

1867 4738 1919 4783 et
1947 4729 2155 4798 ignorat
2186 4725 2273 4778 cui
2303 4722 2638 4795 congregabit
2665 4740 2745 4777 ea.
2791 4720 3075 4779 Vanitates
3110 4721 3277 4791 falsa,
3314 4735 3443 4781 sunt

1871 4821 2038 4875 irrita:
2072 4833 2135 4873 ac
2170 4818 2392 4873 inutiles
2430 4831 2460 4869 a
2494 4816 2680 4871 multis
2721 4822 2991 4885 suscepta:
3020 4815 3438 4873 sollicitudines.

1869 4910 2041 4980 Igitur
2079 4908 2293 4964 vanitas
2340 4905 2584 4977 prudens
2613 4913 2698 4960 est
2726 4905 2884 4974 quasi
2924 4905 3262 4961 renuntiatio
3304 4922 3443 4978 prae‘

1870 5003 2042 5060 sentis
2070 5003 2214 5067 vitae,
2254 5002 2326 5057 ob
2363 5015 2527 5071 quam
2573 4999 2852 5070 prophetae
2886 4997 2980 5054 Dei
3020 4998 3208 5054 multis
3247 5013 3439 5054 exces-

1870 5097 2013 5151 sisse
2038 5102 2219 5149 mente
2242 5092 2583 5148 videbantur.
2616 5091 2692 5148 De
2718 5091 2825 5147 hoc
2856 5097 3037 5146 autem
3064 5105 3293 5147 excessu
3323 5090 3439 5160 κίοι
3465 5097 3469 5101 '

1868 5188 2044 5243 riatur
2095 5187 2280 5256 juslus
2321 5183 2510 5240 dicens
2553 5203 2566 5238 :
2621 5183 2732 5254 Ego
2762 5193 2938 5238 autem
2976 5183 3093 5236 diui
3136 5182 3193 5237 in
3224 5196 3437 5236 excessu

1867 5296 2004 5344 meo,
2035 5278 2207 5333 omnis
2236 5278 2391 5332 homo
2424 5274 2652 5333 mendax
2678 5278 2720 5332 ⁷.
2755 5274 3157 5346 Apostolusque
3197 5274 3435 5344 idipsutn

1868 5387 2067 5443 passus
2099 5370 2315 5426 dicebat
2355 5388 2368 5424 :
2404 5369 2524 5424 Sive
2553 5370 2694 5422 enim
2736 5377 2905 5424 mente
2945 5367 3269 5430 excedimus,
3299 5362 3433 5426 Deo,

1869 5465 1977 5519 sive
2005 5462 2169 5519 sobrii
2212 5477 2415 5528 sumus,
2448 5461 2590 5517 vobis
2622 5460 2665 5515 ⁸.

1869 5758 1890 5793 ν
1927 5756 2073 5814 Psal.
2110 5736 2245 5823 c'xv,
2287 5754 2373 5810 tt.
2452 5751 2473 5786 ι
2511 5750 2553 5806 ιι
2585 5749 2712 5807 Cor.
2747 5763 2814 5814 v,
2849 5744 2935 5800 is.
