3992 6216
255 330 361 387 557

1385 317 1884 377 COMMENTARIA
1921 320 1986 375 IN
2039 319 2379 376 PSALMOS.

3399 325 3508 384 558

255 442 629 515 καυτωμάτων
648 441 868 508 ὲντολάς
893 439 1274 512 πνευματικῶς
1301 439 1395 493 καὶ
1421 438 1562 492 κατά
1586 439 1823 493 διάνοιαν

1940 440 2193 510 perchara
2228 455 2351 496 esse
2387 439 2536 504 novi,
2571 454 2632 494 ac
2657 431 2828 495 multo
2859 440 3236 511 praestantiora
3271 439 3362 508 iis,
3387 457 3514 513 quin

255 534 584 590 ἐπιτελέσαι.
620 533 804 588 Ταῦτα
845 532 953 604 γὰρ
993 531 1163 600 έγνων
1218 546 1300 582 σοι
1349 529 1499 600 φίλα,
1528 530 1622 583 καὶ
1657 529 1838 602 πολλῷ

254 627 661 702 κρείττονατῶν
697 624 1019 698 σωματικῶς
1061 622 1332 686 Ἰουδαίοις
1362 622 1834 694 παραδεδομένων.

319 718 820 789 Εῠηγγελισάμην
846 715 1238 782 δικαιοσύνην
1274 713 1345 767 ἐν
1385 714 1713 781 Ἐκκλησία
1730 730 1838 782 με·

256 811 434 883 γάλῃ,
468 813 596 866 ἰδοὺ
628 813 699 865 τὰ
725 811 896 880 χείλη
924 827 1040 879 μου
1073 810 1145 862 οὐ
1182 806 1268 877 μὴ
1307 809 1594 862 κωλύσωο
1637 808 1835 874 Κύριε,

255 906 338 959 σὺ
368 905 574 974 ἔγνως.
613 902 732 971 Τὴν
768 901 1162 967 δικαιοσύνην
1191 917 1311 969 μου
1356 901 1468 953 οὐκ
1502 899 1741 967 ἔκρυψα
1768 901 1839 954 ἐν

255 995 332 1065 τῇ
359 994 570 1065 καρδίᾳ
595 1012 745 1064 μου·
789 993 911 1061 τὴν
940 990 1232 1060 ἀλήθειάν
1253 1008 1371 1045 σου
1415 991 1512 1044 καὶ
1548 991 1616 1045 τὸ
1645 993 1836 1060 σωτή-

244 1089 384 1156 ριόν
413 1103 528 1142 σου
553 1083 708 1146 εἶπα.
729 1084 1008 1158 Ἀλήθειαν
1034 1083 1090 1138 δὲ
1133 1084 1232 1155 τὴν
1264 1083 1836 1156 ἀντιδιαστελλομένην

252 1183 318 1253 τῇ
356 1181 500 1252 σκιᾷ,
526 1181 759 1251 Νοήσεις
783 1178 839 1232 δὲ
863 1177 957 1230 καὶ
980 1176 1153 1239 οῦτως
1171 1192 1185 1206 ο
1226 1175 1312 1238 Ὠς
1333 1177 1362 1228 ό
1389 1176 1656 1248 μακάριος
1676 1175 1836 1230 Δαυῒδ

252 1271 590 1343 ὑπισχνεῖται
616 1271 674 1323 tv
719 1268 1014 1340 Ἐκκλησία
1039 1267 1249 1340 μεγάλῃ
1274 1269 1340 1338 τῇ
1369 1266 1510 1320 κατά
1539 1269 1718 1320 πᾶσαν
1736 1267 1835 1339 τῂν

249 1363 574 1435 οἰκουμένην
602 1362 708 1415 ὑπὸ
729 1362 826 1432 τῆς
852 1360 1002 1423 Θείας
1029 1360 1249 1431 χάριτος
1283 1358 1602 1432 συλλεγείσῃ
1620 1360 1719 1429 τὴν
1741 1358 1833 1412 τοῦ

249 1455 384 1509 Θεοῦ
417 1454 760 1526 δικαιοσύνην
788 1455 1098 1525 κηρύττειν,
1123 1452 1217 1505 καὶ
1245 1451 1341 1522 τὴν
1371 1452 1470 1522 τῆς
1501 1451 1835 1524 προφητείας

248 1548 529 1621 ἀλήθειαν,
556 1547 650 1602 καὶ
672 1547 770 1619 τὴν
789 1545 1115 1614 ἀξιάγαστον
1150 1544 1442 1615 σωτηρίαν,
1466 1546 1559 1597 καὶ
1583 1544 1674 1598 τὸν
1696 1545 1834 1615 ἁμέ·

247 1656 446 1713 τρητον
480 1639 626 1692 ἔλεον
671 1639 766 1692 καὶ
813 1636 990 1690 αὐτῶν
1032 1636 1090 1689 δὲ
1120 1635 1242 1704 ,τῶν
1287 1635 1493 1689 πιστῶν
1525 1635 1552 1687 ὁ
1581 1635 1836 1706 σύλλογος

249 1732 396 1785 εἴποι
444 1731 510 1784 ἂν
555 1729 726 1783 ταῦτα
772 1727 1198 1800 ὑπισχνούμενος
1222 1729 1322 1801 τὴν
1355 1729 1494 1801 ὑπὲρ
1519 1729 1619 1799 τῆς
1652 1745 1832 1802 σωτη-

1941 545 2208 602 corporeo
2238 545 2390 586 more
2419 529 2624 586 Iudaeis
2659 529 2856 585 tradita
2897 538 3026 587 sunt

2013 709 2180 766 Vens.
2237 710 2420 766 lO—lG.
2480 711 2805 766 Annuntiavi
2851 712 3121 780 justitiam
3184 712 3241 766 in
3289 711 3512 767 ecclesia

1938 819 2152 874 magna,
2209 819 2324 857 ecce
2356 803 2500 856 labia
2546 820 2662 857 mea
2699 821 2802 858 non
2859 802 3137 873 prohibebo
3194 817 3214 856 .°
3275 803 3512 872 Domine,

1941 908 1997 951 tu
2049 897 2216 950 scisti.
2247 894 2528 951 Justitiam
2571 913 2738 952 meam
2795 914 2897 951 non
2949 896 3198 952 abscondi
3248 898 3305 951 in
3361 899 3518 953 corde

1939 1007 2052 1044 meo
2089 1007 2107 1042 :
2139 991 2409 1044 veritatem
2457 998 2604 1042 tuam
2647 999 2695 1042 et
2743 989 2980 1044 salutare
3041 999 3186 1043 tuum
3221 989 3355 1045 dixi.
3411 990 3517 1048 Ve-

1938 1081 2154 1134 ritatem
2206 1079 2414 1134 scilicet
2469 1079 2675 1134 umbrae
2721 1080 3046 1150 Oppositum.
3079 1079 3194 1136 Hoc
3237 1082 3365 1136 item
3397 1098 3516 1138 mo-

1937 1173 2008 1226 do
2066 1172 2360 1243 intelligas,
2413 1180 2472 1226 ut
2541 1173 2731 1229 beatus
2780 1173 2950 1228 David
3004 1175 3290 1245 pollicetur
3347 1192 3406 1231 se
3457 1178 3512 1232 in

1935 1263 2180 1320 Ecclesia
2212 1280 2429 1336 magna,
2461 1281 2558 1335 per
2581 1273 2752 1320 totum
2809 1267 2994 1322 orbem
3037 1283 3067 1321 a
3106 1269 3288 1323 divina
3338 1270 3513 1340 gratia

1936 1367 2266 1428 congregata
2305 1397 2319 1419 ,
2384 1355 2478 1411 Dei
2522 1358 2790 1428 justitiam
2845 1368 2897 1414 et
2956 1360 3253 1430 prophetia:
3311 1362 3514 1416 verita-

1937 1456 2043 1504 tem
2077 1449 2520 1520 prmdicaturum,
2556 1467 2656 1506 nec
2710 1467 2817 1506 non
2859 1453 3089 1508 salutem
3148 1453 3514 1511 admiratione

1936 1542 2157 1612 dignam
2195 1551 2250 1598 et
2283 1542 2602 1598 immensam
2636 1543 3067 1599 misericordiam
3096 1563 3111 1611 ;
3158 1545 3413 1602 similiter
3445 1547 3509 1602 ll-

1936 1631 2138 1687 delium
2174 1640 2372 1695 castus,
2417 1649 2516 1686 ceu
2549 1633 2615 1688 ad
2651 1634 2847 1688 oblatae
2875 1635 3070 1690 salutis
3110 1639 3515 1708 compensatio-

1938 1740 2064 1778 nem
2101 1725 2377 1796 pollicitus
2399 1723 2620 1786 dixerit,
2666 1741 2726 1780 se
2755 1725 2997 1781 vicissim
3031 1727 3083 1782 id
3116 1730 3510 1798 prmstiturum,

253 1824 375 1896 ρίας
400 1822 666 1876 ἀντίδοσιν
694 1821 904 1886 δώσειν,
935 1821 1011 1892 τῷ
1039 1820 1348 1893 συντρέχειν
1379 1823 1460 1884 είς
1508 1819 1833 1892 Ἐκκλησίαν

1940 1825 1997 1872 ιιι
2027 1819 2320 1872 conveniat
2350 1819 2404 1872 in
2433 1818 2744 1882 ecclesiam,
2775 1819 2918 1874 labia
2945 1822 3156 1891 aperiat
3184 1823 3250 1877 ad
3279 1822 3512 1894 hymnos

253 1916 349 1970 καὶ
390 1915 458 1969 τὰ
504 1914 654 1985 χείλη
687 1917 854 1968 κινεῖν
887 1916 966 1978 εἰς
994 1913 1291 1986 ὑμνῳδίαν,
1324 1912 1418 1966 καὶ
1452 1912 1544 1966 τοῦ
1574 1912 1708 1966 Θεοῦ
1735 1912 1834 1985 τὴν

251 2008 468 2064 δικαίαν
501 2008 677 2080 κρίσιν
703 2008 1117 2078 ἀνακηρύττειν,
1139 2008 1234 2062 καὶ
1262 2007 1362 2078 τὴν
1387 2007 1624 2078 ἄρρητον
1647 2005 1837 2074 διεξιέ-

251 2119 339 2155 ναι
384 2101 730 2173 κηδεμονίαν,
780 2100 876 2153 καὶ
921 2099 1030 2154 τῶν
1080 2097 1437 2170 προφητικῶν
1487 2097 1835 2168 ὑποσχέσεων

251 2187 632 2247 ὑποδεικνύναι
671 2193 730 2246 τὸ
773 2192 990 2264 ἀληθές.
1026 2191 1108 2246 Σὺ
1135 2191 1222 2254 δὲ,
1251 2192 1450 2258 Κύριε,
1479 2189 1564 2260 μὴ
1610 2191 1838 2260 μακρύ-

249 2303 366 2355 νῃς
393 2285 536 2353 τοὺς
553 2286 896 2355 οἱκτιρμούς
926 2300 1042 2338 σου
1073 2285 1173 2338 ἀπ’
1198 2283 1346 2353 ἐμοῦ
1371 2300 1386 2314 θ
1424 2282 1490 2337 τὸ
1519 2283 1691 2350 ἔλεός
1721 2298 1836 2337 σου

251 2379 350 2433 καί
379 2381 417 2447 ἡ
443 2377 696 2444 ἀλήθειά
723 2393 841 2432 σου
879 2375 977 2430 διὰ
1009 2375 1236 2443 παντὸς
1268 2374 1672 2436 ἀντελάϐοντό
1698 2394 1832 2436 μου.

251 2469 360 2522 Kal
401 2466 637 2538 τυχοῦσα
686 2467 784 2538 τῆς
831 2465 1106 2538 σωτηρίας
1134 2465 1168 2535 ἡ
1196 2461 1290 2516 τοῦ
1321 2464 1460 2516 Θεοῦ
1512 2462 1833 2534 Ἐκκλησία,

247 2559 421 2614 δεῖται
451 2537 610 2614 πάλιν
629 2537 735 2630 ’τῆς
762 2559 934 2628 αὐτῆς
967 2537 1310 2628 προμηθείας
1330 2555 1418 2610 διὰ
1448 2555 1548 2620 τάς
1571 2559 1837 2610 παντοδα-

250 2652 361 2715 πάς
387 2651 495 2704 τῶν
523 2648 826 2724 ἀνθρώπων
862 2649 958 2703 καὶ
1004 2648 1277 2719 δαιμόνων
1310 2647 1727 2712 ἐπαναστάσεις,
1758 2640 1836 2702 ὧν

251 2745 313 2796 tv
349 2746 460 2806 τοῖς
505 2742 630 2813 ἑξῆς
658 2741 758 2813 τὴν
797 2742 1017 2812 μνήμην
1041 2741 1484 2811 πεποίηται.⁶’οτι
1512 2739 1836 2809 περιέσχον

249 2851 327 2902 με
358 2834 513 2888 κα,κά
544 2829 630 2888 ὧν
658 2835 769 2887 οὐκ
795 2834 966 2887 ἐστιν
993 2833 1238 2902 ἀριθμός
1263 2850 1276 2863 ο
1309 2832 1642 2887 κατέλαϐόν
1667 2849 1746 2902 με
1775 2835 1835 2887 αἱ

254 2923 498 2992 ἀνομίαι
538 2941 656 2992 μου
679 2963 694 2987 ,
746 2923 844 2976 καὶ
884 2925 996 2977 οὐκ
1042 2921 1353 2991 ἠδυνήθην
1401 2923 1506 2977 τοῦ
1555 2923 1831 2989 βλέπειν.

268 3015 767 3083 Ἐπληθύνθησαν
812 3015 964 3082 ὑπὲρ
1011 3014 1119 3080 τὰς
1169 3015 1375 3084 τρίχας
1415 3014 1523 3083 τῆς
1566 3015 1834 3085 κεφαλῆς

248 3125 393 3178 μου,
427 3106 528 3161 καί
575 3107 614 3175 ἡ
665 3105 876 3174 καρδία
898 3124 1015 3175 μου
1044 3106 1394 3176 ἐγκατέλιπέ
1414 3124 1510 3176 με.
1545 3108 1750 3178 Μηδεὶς
1778 3107 1834 3160 δὲ

1937 1908 2216 1963 canendos
2245 1918 2298 1963 et
2329 1909 2396 1963 ad
2422 1909 2631 1979 justum
2665 1909 2758 1966 Dei
2781 1910 3050 1981 judicium
3081 1914 3508 1984 praedicandum,

1935 2003 2001 2056 ad
2039 2001 2370 2058 ineffabilem
2412 2003 2778 2058 enarrandam
2830 2005 2950 2075 ejus
2991 2007 3410 2076 providentiam,
3443 2009 3510 2064 ad

1936 2093 2377 2164 prspheticarum
2426 2095 2851 2164 promissionum
2901 2098 3181 2152 veritatem
3225 2098 3512 2153 declaran-

1935 2185 2081 2241 dam.
2114 2186 2193 2240 Tu
2231 2198 2430 2251 autem,
2465 2187 2710 2252 Domine,
2735 2205 2798 2243 ne
2828 2189 2978 2260 longe
3013 2190 3184 2260 facias
3217 2192 3512 2246 miseratio-

1935 2295 2024 2333 nes
2057 2289 2175 2334 tuas
2203 2299 2235 2335 a
2274 2295 2395 2334 me:
2428 2281 2790 2336 misericordia
2819 2292 2910 2336 tua
2944 2292 2992 2337 et
3023 2284 3215 2338 veritas
3251 2294 3341 2338 tua
3375 2302 3512 2340 sem-

1936 2387 2028 2439 per
2056 2381 2394 2440 susceperunt
2419 2389 2519 2428 me.
2548 2373 2727 2443 Atque
2753 2374 2984 2429 salutem
3017 2383 3175 2430 nacta
3207 2374 3297 2430 Dei
3325 2375 3512 2432 Eccle-

1936 2462 2040 2526 sia,
2079 2462 2277 2516 itcrum
2307 2465 2494 2518 eadem
2524 2480 2628 2534 ope
2657 2465 2882 2535 indiget,
2912 2467 3079 2520 variis
3108 2465 3512 2537 frequentibus-

1935 2567 2045 2623 que
2091 2553 2374 2608 hominum
2413 2554 2834 2626 dwnonumque
2880 2558 3174 2612 insultibus
3225 2558 3507 2629 impetita,

1935 2659 2170 2718 quorum
2200 2646 2256 2700 in
2292 2647 2648 2716 sequentibus
2683 2649 3015 2703 mentionem
3050 2647 3200 2702 facit.
3247 2649 3509 2716 Quoniam

1936 2738 2394 2794 circumdederunt
2426 2756 2507 2793 me
2545 2740 2688 2793 mala
2718 2756 2940 2810 quorum
2981 2757 3082 2796 non
3111 2751 3190 2796 est
3217 2759 3464 2798 numerus
3491 2763 3506 2798 :

1935 2829 2432 2899 comprehenderunt
2467 2847 2546 2884 me
2587 2830 2893 2900 iniquitates
2938 2847 3085 2896 meas,
3136 2841 3186 2886 et
3229 2849 3333 2886 non
3363 2835 3511 2901 potui

1935 2933 1992 2976 ut
2023 2923 2267 2978 viderem.
2315 2922 2686 2992 Multiplicata:
2725 2934 2848 2979 sunt
2880 2941 3034 2994 super
3063 2926 3284 2995 capillos
3321 2928 3509 2998 capitis

1935 3015 2056 3078 mei,
2087 3025 2137 3069 et
2181 3032 2272 3069 cor
2319 3033 2488 3070 meum
2541 3016 2820 3089 dereliquit
2864 3034 2966 3072 me.
3000 3015 3171 3074 Nemo
3215 3019 3512 3075 arbitretur

1937 3106 2084 3160 diota
2123 3106 2438 3176 hujusmodi
2484 3125 2591 3163 non
2631 3109 2948 3166 consentire
2980 3110 3050 3167 iis
3076 3126 3198 3182 quae
3241 3112 3511 3182 explicata

251 3194 572 3264 ἀνάρμοστα
599 3193 836 3264 ἡγείσθω
859 3193 929 3247 τὰ
956 3194 1222 3266 είρημένα
1245 3198 1356 3258 τοῖς
1377 3197 1409 3265 ἡ
1418 3213 1621 3268 ρμηνευ
1630 3196 1830 3267 μένοις.

1940 3207 2089 3252 sunt.
2128 3197 2342 3253 Etenim
2389 3209 2499 3255 tres
2552 3203 2728 3270 pueri,
2768 3217 2984 3258 summa
3035 3205 3237 3260 virtute
3272 3203 3509 3275 praediti,

255 3286 365 3339 Kal
394 3285 500 3358 γὰρ
529 3286 578 3338 oi
605 3287 754 3356 τρεῖς
783 3287 989 3351 παῖδες,
1015 3287 1114 3358 τῆς
1135 3288 1311 3360 ἄκρας
1338 3287 1542 3359 ἀρετῆς
1571 3287 1832 3358 ἐπειλημ-

257 3374 427 3446 μένοι,
464 3375 559 3428 καὶ
589 3373 680 3428 τὸν
710 3375 1006 3446 νικηφόρον
1037 3376 1434 3448 ἀναδησάμενοι
1463 3376 1740 3446 στέφανον,
1775 3377 1834 3429 tv

252 3470 318 3540 τῇ
339 3465 554 3539 καμίνῳ
578 3469 999 3539 προσευχόμενοι
1027 3467 1210 3538 ἔλεγον
1230 3486 1244 3500 ο
1283 3468 1658 3538 Ἠμάρτομεν,
1689 3468 1832 3536 ἠνο-

247 3557 548 3629 μήσαμεν,
574 3557 966 3628 ἠδικήσαμεν,
1003 3559 1100 3614 καὶ
1164 3559 1513 3630 ἀπέστημεν
1567 3559 1686 3614 ἀπὸ
1716 3558 1835 3614 τῶν

252 3649 518 3704 ἐντολῶν
545 3665 682 3715 σου,
713 3651 812 3704 καὶ
843 3653 953 3706 οὐκ
975 3651 1362 3723 ἐφυλάξαμεν
1385 3654 1458 3708 τὰ
1476 3651 1834 3723 δικαιώματά

253 3758 392 3798 σου.
417 3741 602 3807 Οῦτως
642 3744 670 3796 ό
704 3743 1007 3816 θαυμάσιος
1039 3744 1256 3816 Δανιὴλ,
1291 3745 1464 3810 οὕτως
1489 3747 1516 3800 ό
1548 3745 1834 3810 θεσπέσιος

263 3833 551 3907 Ἱερεμίας,
582 3835 752 3900 οὕτως
795 3839 824 3890 ὁ
864 3835 1006 3901 θεῖος
1051 3837 1298 3902 Ἡσαΐας,
1326 3837 1498 3902 οὕτως
1529 3838 1558 3890 ὁ
1591 3836 1836 3908 σοφώταο

253 3941 344 3990 τος
376 3926 616 3991 Παῦλος·
648 3928 900 3997 Χριστὸς
928 3935 1058 3998 γὰρ,
1090 3931 1272 4002 φησὶν,
1303 3929 1590 3998 εἰσῆλθεν
1623 3932 1711 3996 εὶς
1729 3930 1835 3984 τὸν

255 4016 485 4087 κόσμον
515 4017 902 4089 ἁμαρτωλοὺς
929 4020 1146 4085 σῶσαι,
1177 4015 1264 4075 ὧν
1305 4020 1535 4090 πρῶτός
1563 4024 1677 4092 ειμι
1697 4020 1828 4092 ἐνόν

256 4111 350 4164 καὶ
377 4111 537 4166 πάλιν
558 4128 572 4142 ο
622 4115 742 4166 Οὐκ
780 4114 893 4182 εἰμὶ
926 4113 1094 4180 ἄξιος
1127 4113 1437 4168 καλεῖσθαι
1468 4115 1829 4182 ἀπόστολος.

256 4200 411 4256 eam
446 4205 622 4258 τοίνυν
647 4204 926 4259 κάνταῦθα
951 4207 1070 4270 ταῖς
1101 4207 1252 4277 παρά
1279 4205 1386 4259 τῶν
1411 4206 1686 4259 δυσσεϐῶν
1718 4224 1834 4279 τρι·-

255 4296 480 4367 κυμίαις
507 4297 804 4370 βαλλομένη
852 4299 885 4368 ἡ
939 4298 1033 4351 τοῦ
1080 4297 1216 4351 Θεοῦ
1261 4298 1553 4370 Ἐκκλησία
1581 4298 1640 4350 ού
1688 4298 1834 4369 μέγα

253 4395 461 4464 φρονεῖ,
479 4391 554 4455 ὼς
588 4391 980 4463 ἀγωνιζομένη,
1007 4391 1120 4445 ἀλλ’
1149 4391 1440 4462 ἁμαρτίαις
1471 4389 1563 4442 καὶ
1587 4389 1691 4460 πλη
1701 4409 1837 4462 μμε-

252 4483 426 4545 λείαις
459 4484 740 4553 ἀνατίθησι
775 4483 845 4536 τά
873 4483 1159 4552 γενόμενα,
1188 4481 1280 4534 καὶ
1309 4481 1410 4551 τῆς
1433 4481 1584 4552 παρά
1604 4480 1696 4534 τοῦ
1721 4482 1836 4534 Σω-

252 4573 422 4644 τῆρος
466 4551 781 4644 ἐπικουρίας
827 4551 1134 4627 ἀπολαῦσαι
1178 4551 1719 4643 παρακαλείέΑλλως
1747 4589 1832 4636 τε,
1867 4551 1910 4606 D

255 4665 364 4720 οὐδ’
393 4667 458 4718 ὲκ
505 4665 725 4719 τελείων
767 4665 952 4719 ἀπασα
986 4666 1314 4737 συνέστηκεν
1343 4665 1376 4736 ἠ
1407 4664 1501 4718 τοῦ
1535 4663 1670 4718 Θεοῦ
1713 4665 1834 4718 Ἐκ-

255 4752 474 4824 κλησία,
509 4752 623 4806 ἀλλ’
650 4753 762 4824 ἔχει
811 4755 906 4806 καὶ⁵
954 4755 1078 4818 τοὺς
1111 4752 1366 4826 ῥᾳστώνῃ
1406 4754 1704 4818 συζῶντας,
1739 4754 1833 4806 καὶ

254 4845 345 4899 τὸν
381 4845 659 4915 ἀνειμένον
705 4844 817 4915 βίον
855 4845 1286 4916 ἀσπαζομένους,
1328 4847 1422 4899 καὶ
1451 4846 1666 4917 ἡδοναῖς
1711 4845 1833 4899 δου-

255 4935 432 4990 λεύειν
460 4937 834 5008 αἱρουμένους.
876 4938 985 4991 Καὶ
1014 4938 1200 5009 ἐπειδὴ
1230 4939 1288 4991 ἓν
1317 4939 1434 4991 ἐστι
1463 4938 1642 5010 σῶμα,
1675 4937 1750 5002 ὡς
1776 4936 1834 5005 ἐξ

254 5028 374 5094 ἑνὸς
404 5028 696 5101 προσώπου
733 5030 822 5082 καὶ
854 5029 1028 5084 ταῦτα
1057 5033 1284 5086 κάκεῖνα
1314 5033 1704 5105 προσφέρεται.

321 5144 554 5214 Νοήσεις
573 5144 667 5196 καὶ
703 5142 902 5208 οὕτως’
958 5145 1112 5198 Ἐπεὶ
1163 5147 1224 5199 ού
1265 5147 1347 5200 δεῖ
1383 5145 1706 5218 μακαρίζειν
1740 5146 1834 5200 ἀν-

253 5235 471 5307 θρωπον
508 5235 613 5307 πρὸ
653 5235 910 5307 τελευτῆς
948 5237 1137 5299 αὑτοῦ,
1164 5239 1386 5302 εἰκότως
1421 5240 1450 5291 ὁ
1471 5239 1570 5310 μὲν
1601 5238 1833 5292 ἀπόστο-

251 5327 363 5391 λος,
387 5326 591 5398 καίπερ
635 5327 929 5393 ἀπόστολος
977 5329 1054 5383 ὢν
1094 5331 1187 5384 καὶ
1232 5329 1428 5402 κλητὸς
1460 5331 1552 5384 καὶ
1578 5330 1834 5394 ἐκλεκτὸς

251 5420 490 5494 Χριστοῦ
530 5419 724 5493 Ἰησοῦ,
761 5424 910 5494 ὅμως
937 5424 1038 5478 ούκ
1079 5423 1228 5476 ὀκνεῖ
1273 5423 1484 5492 λέγειν·
1526 5420 1834 5482 Ὺποπιέζω

247 5534 366 5584 μου
395 5514 460 5569 τὸ
489 5513 682 5584 σῶμα,
713 5516 811 5570 καὶ
841 5514 1220 5585 δουλαγιιιτῶ,
1236 5513 1470 5584 μήπως,
1491 5514 1703 5580 ἄλλοις
1724 5530 1831 5580 κη-

245 5606 458 5677 ρύξας,
497 5605 679 5672 αὐτὸς
711 5605 990 5676 ἀδόκιμος
1020 5606 1293 5675 γένωμαι.
1331 5603 1406 5656 Τὸ
1430 5601 1562 5658 αὐτὸ
1592 5602 1649 5655 δὲ
1679 5603 1774 5655 καὶ
1803 5604 1834 5656 ὁ

1939 3295 2105 3358 atque
2136 3289 2451 3360 triumphali
2494 3306 2697 3348 corona
2728 3298 2930 3360 ornati,
2963 3297 3020 3351 in
3051 3299 3268 3353 camino
3290 3307 3510 3354 orantes

1939 3378 2197 3436 dicebant
2233 3399 2246 3438 :
2282 3381 2644 3448 Peccavimus,
2684 3385 3022 3456 deliquimus,
3057 3388 3253 3458 injuste
3288 3390 3510 3460 egimus,

1937 3483 1988 3528 et
2023 3477 2332 3530 recessimus
2367 3493 2399 3529 a
2425 3479 2695 3546 praccptis
2737 3479 2864 3544 tuis,
2895 3489 2944 3533 et
2990 3496 3094 3534 non
3138 3479 3512 3535 custodivimus

1933 3569 2345 3643 justi/icationes
2377 3578 2498 3624 tuas
2545 3570 2608 3625 ".
2649 3569 2738 3625 Sic
2783 3569 3124 3626 admirabilis
3174 3571 3386 3637 Daniel,
3432 3575 3514 3629 sic

1939 3679 2172 3734 magnus
2195 3662 2286 3718 ille
2311 3660 2600 3726 Jeremias,
2624 3662 2704 3717 sic
2729 3662 2949 3719 divinus
2971 3663 3162 3727 Isaias,
3188 3663 3270 3720 sic
3295 3665 3512 3736 sapien-

1937 3757 2188 3812 tissimus
2219 3753 2421 3810 Paulus
2455 3773 2468 3808 :
2501 3753 2744 3810 Christus
2776 3757 2944 3820 enim,
2975 3756 3171 3827 inquit,
3204 3757 3418 3812 intravit
3457 3759 3513 3813 in

1939 3846 2195 3902 mundum
2243 3856 2538 3918 peccatores
2589 3847 2761 3902 salvos
2813 3848 3006 3916 facere,
3055 3865 3280 3919 quorum
3311 3852 3514 3919 primus

1937 3955 2028 4010 ego
2057 3954 2173 3993 sum
2203 3939 2280 4004 ¹³;
2312 3954 2376 3993 ac
2409 3955 2652 3994 rursum:
2680 3937 2802 3994 Non
2824 3957 2941 3994 sum
2964 3940 3153 4010 dignus
3182 3943 3356 3996 vocari
3386 3959 3515 4012 apo-

1938 4031 2105 4085 stolus
2144 4032 2207 4085 ³⁵.
2239 4029 2330 4085 Sic
2376 4032 2544 4101 igitur
2589 4032 2693 4086 hoc
2741 4033 2797 4086 in
2830 4032 2949 4088 loco
2976 4030 3070 4088 Dei
3099 4032 3365 4100 Ecclesia,
3405 4035 3512 4090 im-

1938 4125 2152 4194 piorum
2190 4124 2604 4193 tempestatibus
2646 4125 2873 4195 agitata,
2920 4139 3029 4180 non
3066 4126 3351 4197 magniﬁce
3386 4143 3514 4183 sen-

1940 4217 2006 4272 tit
2038 4225 2096 4272 ut
2123 4217 2476 4288 impugnata;
2514 4217 2608 4272 sed
2639 4232 2701 4272 ea
2736 4232 2857 4286 qua:
2890 4218 3237 4289 contingunt,
3271 4221 3510 4288 peccatis

1940 4323 2005 4363 ac
2032 4309 2332 4364 sceleribus
2365 4308 2633 4371 attribuit,
2667 4317 2722 4363 et
2753 4325 2784 4362 a
2827 4307 3109 4362 Salvatore
3135 4325 3291 4379 opem
3317 4325 3515 4364 conse-

1941 4399 2036 4469 qui
2068 4407 2240 4469 rogat.
2274 4397 2341 4451 Et
2369 4399 2571 4468 alioqui
2602 4397 2695 4452 Dei
2728 4397 2973 4452 Ecclesia
3012 4415 3121 4452 non
3161 4415 3227 4453 ex
3258 4397 3514 4468 perlectis

1943 4500 2055 4546 tota
2091 4491 2466 4552 constituitur,
2501 4488 2596 4543 sed
2643 4488 2806 4541 habet
2849 4491 3012 4542 etiam
3048 4489 3140 4558 qui
3193 4489 3246 4542 in
3299 4489 3512 4559 ignavia

1940 4583 2158 4653 degant,
2186 4589 2240 4636 et
2269 4583 2500 4635 inertem
2543 4579 2710 4633 vitam
2749 4577 2982 4648 amplexi
3024 4578 3154 4642 sint,
3194 4588 3248 4633 et
3284 4579 3377 4650 qui
3419 4595 3518 4634 vo-

1939 4677 2241 4748 luptatibus
2276 4674 2484 4729 servire
2512 4681 2818 4742 peroptent.
2854 4672 2918 4726 Et
2949 4673 3204 4743 quoniam
3231 4687 3398 4727 unum
3427 4680 3514 4728 est

1939 4786 2163 4840 corpus,
2205 4779 2467 4839 tanquam
2509 4781 2578 4822 ex
2629 4781 2736 4822 una
2785 4781 3018 4838 persona
3066 4774 3122 4822 et
3173 4766 3288 4822 haec
3331 4773 3386 4823 et
3420 4767 3510 4821 illa

1940 4862 2314 4935 proferuntur.

2012 5131 2126 5188 Hoc
2157 5146 2376 5202 quoque
2405 5128 2570 5186 modo
2618 5127 2890 5200 intelligas
2930 5124 3108 5193 :Quia
3137 5139 3246 5180 non
3293 5126 3509 5194 oportet

1939 5233 2066 5280 ante
2095 5225 2304 5279 obitum
2329 5222 2604 5277 hominem
2654 5221 2872 5277 beatum
2927 5218 3224 5291 [medicare
3265 5219 3355 5278 ω,
3383 5216 3508 5284 jure

1939 5317 2254 5389 Apostolus,
2290 5315 2417 5370 licet
2447 5313 2731 5385 apostolus
2769 5313 2838 5369 sit
2873 5329 2936 5368 ac
2965 5320 3192 5368 vocatus
3221 5317 3276 5364 et
3303 5309 3508 5363 electus

1939 5409 2146 5467 Christi
2168 5407 2325 5472 Jesu,
2359 5415 2598 5462 attamen
2627 5420 2739 5461 non
2786 5412 3007 5461 veretur
3038 5404 3220 5459 dicere
3252 5415 3266 5450 :
3295 5395 3508 5464 Castigo

1938 5521 2127 5576 corpus
2152 5520 2344 5567 meum,
2373 5512 2422 5557 ct
2450 5503 2506 5556 in
2532 5502 2832 5556 servitutem
2852 5499 3050 5570 redigo,
3075 5511 3138 5549 ne
3158 5490 3282 5545 aliis
3314 5487 3510 5560 pra'di-

1939 5616 2066 5655 cans
2089 5599 2201 5668 ipse
2227 5596 2476 5668 reprobus
2491 5595 2685 5666 elficiar
2714 5596 2780 5647 ".
2816 5590 3062 5661 ldipsum
3087 5597 3306 5657 quoque
3337 5579 3511 5636 David

328 5763 372 5794 “
409 5762 542 5820 Dan.
582 5779 675 5828 ιιι,
711 5762 800 5819 29.
879 5763 921 5796 ¹³
962 5763 978 5818 l
1017 5760 1154 5818 Tim.
1193 5779 1244 5828 I,
1281 5759 1367 5816 15.
1447 5758 1492 5792 ⁸⁸
1529 5757 1550 5812 1
1581 5757 1708 5814 Cor.
1744 5773 1832 5824 xv,

2002 5755 2066 5789 ³⁸⁸
2089 5754 2253 5811 Eccli.
2293 5770 2378 5822 ιιι,
2415 5755 2501 5811 50.
2582 5754 2625 5785 ’³
2664 5749 2683 5804 l
2715 5748 2842 5804 Cor.
2875 5759 2963 5810 ιι,
2996 5741 3084 5798 27.
