3992 6216
519 312 627 366 359

1190 309 1454 367 EUSEBII
1494 307 1979 368 CAESARIENSIS
2015 309 2169 366 OPP.
2214 309 2414 366 PARS.
2456 309 2634 368 lll.—
2674 307 3082 364 EXEGETICA.

3650 310 3762 365 560

519 444 645 482 cum
679 426 864 482 multis
913 426 967 479 in
1016 426 1149 482 locis
1180 427 1542 495 declarasset,
1579 431 1746 487 Deum
1789 430 2069 501 propitiun

2189 429 2349 482 Δαυῒδ
2380 431 2428 482 εἰ
2461 430 2556 483 καὶ
2601 429 2659 481 ἐν
2707 427 2922 491 πολλοῖς
2969 424 3364 495 ἐνδειξάμενος,
3416 424 3603 495 ἔτυχεν
3660 426 3772 479 ὕπ-

522 523 716 571 naclus
741 524 846 571 est.
873 524 1173 585 erutusque
1205 515 1307 572 fuit
1330 518 1396 574 de
1419 521 1540 575 lacu
1575 521 1811 578 miseriae
1839 528 1893 575 et
1917 522 1985 576 de
2017 522 2094 575 lu-

521 616 577 660 ιο
607 606 752 660 faecis
781 625 792 659 :
819 617 982 676 alque
1016 608 1069 662 in
1102 610 1346 679 tutojam
1389 611 1607 667 demum
1643 615 1875 684 positus,
1904 622 2090 684 utpote

520 698 746 768 pedi-bus
773 698 826 752 in
849 707 1002 768 petra
1033 697 1300 764 ﬁrmatus,
1336 717 1399 756 ac
1423 704 1639 758 cantico
1671 719 1812 758 novo
1839 719 1934 760 seu
1961 720 2087 759 vera

517 787 584 841 de
604 787 891 844 sacriﬁciis
919 789 1166 844 doctrina
1191 793 1446 847 donatus.
1478 794 1531 848 id
1566 804 1650 850 est
1707 796 2088 866 praedicatione

515 895 637 950 qua:
661 880 715 933 in
756 878 998 937 Ecclesia
1034 881 1128 937 Dei
1161 899 1356 954 magna
1383 886 1523 940 facta
1547 897 1666 952 est;
1697 904 1820 943 nam
1848 891 1978 946 illud
2003 908 2086 947 re-

515 986 641 1025 vera
668 973 940 1026 canticum
973 989 1173 1028 novum
1204 985 1344 1040 erat,
1364 978 1524 1047 cujus
1546 980 1622 1034 rei
1641 996 1804 1036 causa
1832 983 2086 1052 superius

513 1064 728 1118 dicebat
761 1079 779 1118 :
817 1063 883 1118 Et
922 1067 1140 1120 immisit
1173 1069 1228 1121 in
1272 1087 1329 1123 os
1355 1087 1520 1124 meum
1552 1074 1816 1128 canticum
1847 1091 2034 1129 novum
2064 1092 2082 1128 :

516 1157 628 1210 ha-c
658 1168 990 1214 consecutus
1023 1171 1223 1226 tamen,
1242 1163 1312 1217 ob
1341 1163 1591 1220 humanae
1619 1167 1742 1221 vitae
1775 1169 2083 1239 corruptio-

513 1262 635 1300 nem
669 1249 1087 1318 supplicationis
1130 1253 1292 1304 verba
1329 1254 1574 1318 resumit,
1607 1270 1671 1308 ac
1716 1263 1871 1325 rogat
1917 1258 2080 1312 obse-

511 1344 740 1409 cratque
765 1350 823 1393 ut
858 1357 888 1394 a
917 1340 1007 1395 Dci
1035 1343 1206 1412 gratia
1234 1351 1286 1398 et
1317 1346 1692 1400 misericordia
1715 1347 2078 1404 custodiatur.

515 1429 610 1485 liis
637 1431 782 1485 enim
816 1433 1001 1486 animo
1032 1435 1339 1490 revolvebat
1371 1437 1424 1490 in
1453 1439 1881 1509 memoriamque
1922 1455 2080 1494 revo-

511 1523 670 1576 cabat
695 1539 817 1592 qua:
845 1524 946 1578 sibi
981 1525 1132 1594 prius
1159 1527 1472 1581 acciderant
1507 1529 1667 1582 mala.
1693 1527 1950 1584 Memoria
1977 1531 2080 1584 ita-

509 1628 616 1682 que
652 1622 896 1669 veterum
939 1617 1234 1681 malorum,
1265 1619 1543 1675 cautiores
1581 1635 1684 1674 nos
1708 1619 1890 1687 elﬁcit,
1925 1631 1984 1676 ut
2009 1639 2078 1679 ne

512 1719 706 1759 rursus
761 1705 815 1759 in
857 1720 918 1760 ea
956 1707 1296 1774 incidamus;
1339 1709 1434 1763 sed
1484 1710 1651 1764 etiam
1702 1713 2076 1769 mutationisa

2193 523 2355 594 ηκόου
2387 521 2480 575 τοῦ
2515 519 2670 584 Θεοῦ,
2698 516 3036 590 ήλευθέρωτό
3056 534 3114 570 τε
3156 517 3220 570 ἐκ
3248 515 3450 569 λάκκου
3491 516 3772 572 ταλαιπω-

2193 616 2314 687 ρίας
2343 615 2436 668 καί
2459 614 2566 666 ἀπὸ
2597 611 2769 685 πηλοῦ
2805 611 2945 676 ίλύος
2964 627 2976 642 ·
3014 612 3072 662 ἐν
3104 609 3334 679 ἀσφαλεῖ
3355 625 3415 662 τε
3446 608 3546 680 ήδη
3579 606 3771 664 λοιπὸν

2189 706 2430 776 ἑστήκει,
2466 704 2541 768 ὼς
2567 703 2632 757 ἂν
2655 704 2748 756 ἐπὶ
2779 703 2982 773 πέτραν
3007 703 3130 764 τοὺς
3157 699 3323 763 πόδας
3349 701 3767 771 ἐρηρεισμένος,

2188 795 2281 848 καὶ
2314 793 2554 864 ᾅσματος
2589 791 2774 846 καινοῦ
2797 791 3097 862 ἠξιωμένος
3125 789 3219 844 τοῦ
3249 790 3374 860 περὶ
3407 789 3606 843 θυσιῶν
3629 791 3769 862 ἀληο

2187 883 2312 948 θοῦς
2344 882 2786 952 λόγου,τουτέστι
2832 883 2926 935 τοῦ
2967 884 3031 952 τῇ
3076 880 3368 951 Ἐκκλησία
3402 879 3496 932 τοῦ
3531 879 3665 932 Θεοῦ
3698 884 3767 951 τῇ

2189 975 2400 1048 μεγάλῃ
2447 975 2904 1047 εὐηγγελισμένου
2945 973 3328 1045 κηρύγματοςο
3370 971 3529 1025 τοῦτο
3561 973 3674 1044 γὰρ
3697 970 3768 1045 ἦν

2183 1069 2245 1124 τὸ
2279 1069 2462 1122 καινὸν
2496 1065 2669 1140 ᾆσμα,
2725 1064 2785 1123 οῦ
2821 1069 2979 1139 χάριν
3013 1067 3267 1139 ἀνωτέρω
3302 1066 3452 1135 ἔλεγε
3475 1083 3489 1099 ·
3518 1067 3627 1120 Καὶ
3662 1067 3766 1118 ὲν-

2182 1140 2398 1215 ἐϐαλεν
2421 1164 2507 1226 είς
2526 1161 2591 1214 τὸ
2618 1162 2811 1230 στόμα
2824 1178 2944 1230 μου
2965 1155 3128 1230 ᾆσμα
3154 1160 3377 1212 καινόν·
3401 1159 3549 1229 ὅμως
3572 1159 3618 1212 δ’
3644 1152 3764 1221 οὗύ.

2181 1255 2448 1308 τοσούτων
2484 1253 2816 1326 τετυχηκὼς,
2843 1253 2931 1308 διά
2969 1253 3030 1307 τὸ
3085 1252 3283 1326 σαθρὸν
3328 1253 3426 1323 τῆς
3460 1254 3516 1305 ἐν
3547 1250 3768 1323 ἀνθρὼ-

2183 1365 2305 1411 ποις
2332 1348 2474 1419 ζωῆς
2503 1347 2941 1418 ὲπαναλαμϐάνει
2965 1349 3092 1412 τοὺς
3115 1346 3214 1417 τῆς
3237 1345 3514 1417 ἱκετηρίας
3542 1345 3762 1413 λόγους,

2179 1439 2448 1493 ἀντιϐολεῖ
2479 1455 2538 1493 τε
2564 1441 2658 1493 καὶ
2690 1439 2866 1493 δέεται
2892 1437 3252 1510 φυλάττεσθαι
3279 1438 3382 1491 ὑπὸ
3403 1437 3502 1508 τῆς
3534 1439 3766 1510 χάριτος

2180 1530 2272 1586 καὶ⁸
2295 1532 2388 1586 τοῦ
2411 1532 2561 1586 ἐλέου
2585 1533 2677 1588 τοῦ
2695 1533 2851 1588 Θεοῦ.
2871 1535 2959 1586 ‘Av
2969 1533 3317 1603 επεμπάζετο
3333 1530 3440 1604 γάρ
3453 1531 3539 1585 διὰ
3553 1530 3765 1584 τούτων

2178 1626 2272 1677 καὶ
2292 1625 2525 1680 ἀνεπόλα
2540 1626 2617 1698 (1)
2637 1625 2705 1679 τά
2719 1625 2983 1698 πρότερον
3005 1625 3152 1696 αύτῷ
3180 1623 3563 1696 συμϐεϐηκότα
3589 1624 3762 1678 κακά.

2191 1715 2252 1768 Ἦ
2286 1716 2415 1784 γοῦν
2451 1719 2634 1790 μνήμη
2686 1718 2792 1771 τῶν
2836 1717 3080 1772 παλαιῶν
3113 1717 3320 1782 κακῶν,
3352 1716 3763 1786 φυλακτικωτέι

510 1796 789 1866 pejoribus
813 1798 880 1851 ad
904 1799 1129 1854 meliora
1160 1798 1487 1860 recordatio.
1506 1810 1688 1870 gratos
1716 1801 1892 1858 reddit
1923 1815 2069 1876 atqui

2192 1823 2316 1877 ρους
2363 1809 2511 1878 ἡμᾶς
2538 1807 2908 1880 ἀπεργάζεται
2939 1808 3074 1881 πρὸς
3102 1806 3164 1860 τὸ
3201 1808 3275 1880 μὴ
3309 1803 3462 1872 αὖθις
3505 1810 3620 1870 τοῖς
3664 1808 3763 1860 αύ-

507 1887 575 1942 ad
597 1889 898 1944 cavendum
925 1890 1265 1946 intentiores.
1299 1890 1326 1945 J
1338 1907 1431 1946 ure
1462 1893 1644 1962 itaque
1671 1898 2076 1964 prateritarum

508 1981 858 2052 iniquitatum
914 1986 1228 2038 memoriam
1268 1985 1803 2058 refrical,docetque
1856 1991 2073 2046 easdem

508 2066 828 2137 iniquitates
848 2069 949 2125 sibi
981 2071 1110 2126 olim
1136 2072 1325 2126 oculos
1355 2073 1649 2141 obtexisse,
1683 2077 1855 2133 instar
1885 2079 2076 2153 caligi-

507 2159 597 2215 nis
627 2161 826 2214 mentis
853 2161 994 2215 visui
1021 2161 1228 2218 oliusae.

2180 1902 2291 1962 τοῖς
2313 1903 2626 1970 περιπεσεῖν
2646 1918 2658 1931 ·
2686 1900 2822 1954 ἀλλὰ
2842 1903 2934 1955 καὶ
2955 1903 3052 1972 τῆς
3078 1899 3379 1972 μεταϐολῆς
3401 1900 3500 1972 τῆς
3518 1899 3629 1952 ἀπὸ
3647 1899 3760 1953 τῶν

2180 1993 2437 2063 χειρόνων
2475 1994 2567 2047 ἐπὶ
2613 1993 2682 2048 τὰ
2732 1994 2926 2065 βελτίω
2964 1998 2998 2068 ή
3049 1995 3352 2067 ἀνάμνησις
3401 1995 3759 2066 εὐχαρίστως

2179 2085 2325 2155 ἡμᾶς
2373 2086 2740 2158 ἀπεργάζεται
2805 2088 2899 2141 καὶ
2947 2087 3371 2160 συντεταμένους
3420 2088 3623 2160 μᾶλλον
3679 2090 3758 2152 είς

2179 2181 2468 2250 προσοχήν.
2512 2179 2750 2242 Εἰκότως
2793 2179 2972 2233 τοίνυν
3015 2180 3458 2252 ἐπαναλαμϐάνει
3504 2181 3604 2253 τὴν
3646 2180 3757 2234 τῶν

509 2252 789 2323 προτέρων
833 2252 996 2306 αὐτοῦ
1035 2255 1272 2326 ἀνομιῶν
1317 2259 1555 2330 μνήμην,
1603 2261 1844 2316 διδάσκει
1897 2281 1977 2332 τε,
2037 2265 2114 2332 ὡς
2148 2271 2273 2333 τοὺς
2313 2271 2412 2340 τῆς
2453 2272 2630 2343 ψυχῆς
2659 2272 2970 2346 ὀφθαλμοὺς
3005 2272 3180 2345 καιρῷ
3215 2290 3318 2326 τινι
3384 2252 3754 2342 συνεκάλυψαν

506 2350 564 2401 αί
591 2349 808 2419 ἀνομίαι
838 2350 1024 2416 αύτοῦ,
1045 2351 1199 2423 δίκην
1229 2352 1424 2422 ἀχλύος
1454 2355 1532 2426 τῷ
1569 2355 1668 2428 τῆς
1694 2358 1930 2423 διανοίας
1959 2360 2230 2435 βλεπτικῷ
2252 2365 2608 2436 ἐπιχυθεῖσαι.

575 2465 805 2534 Reliqua
826 2481 956 2520 vero
976 2479 1379 2538 consequenter
1404 2471 1470 2525 ad
1501 2473 1756 2542 praedicta
1791 2474 2074 2532 feruntur:

506 2558 843 2628 Complaceot
878 2561 992 2625 tibi,
1026 2561 1267 2624 Domine,
1296 2575 1353 2615 ut
1381 2581 1536 2618 eruas
1567 2581 1648 2619 me
1683 2583 1702 2619 :
1727 2565 1968 2631 Domine,
2007 2570 2076 2622 ad

503 2650 859 2720 adjuvandum
889 2668 968 2706 me
988 2640 1640 2724 respice.‘Confundantur
1666 2667 1713 2711 et
1744 2669 2078 2714 revereantur

504 2745 662 2798 simul
687 2746 775 2814 qui
796 2756 1040 2815 quierunt
1077 2748 1312 2800 animam
1363 2765 1533 2802 meam
1562 2760 1617 2802 ut
1651 2751 1896 2820 auferant
1931 2769 2071 2808 eam.

503 2834 888 2890 Convertuntur
944 2848 1234 2893 retrorsum
1289 2848 1338 2892 et
1393 2852 1728 2894 revereantur
1757 2843 1848 2911 qui
1898 2842 2076 2896 uolunt

502 2928 629 2982 mihi
655 2931 820 2983 mala.
856 2928 1055 2984 Ferant
1087 2932 1360 3000 confestim
1401 2933 1765 3002 confusionem
1803 2951 1958 2989 suam
1986 2937 2076 3006 qui

500 3018 684 3072 dicunt
711 3019 878 3073 mihi:
913 3020 1077 3090 Euge.
1105 3019 1269 3091 Euge.
1300 3019 1455 3075 Nunc
1477 3039 1698 3093 quoque
1727 3026 1896 3080 sentit
1935 3027 2071 3081 mul-

503 3118 591 3168 tos
621 3114 815 3166 anima:
859 3127 974 3167 suae
1008 3113 1372 3172 adversarios.
1399 3131 1464 3170 ac
1508 3131 1572 3170 ea
1620 3116 1687 3172 de
1735 3132 1899 3173 causa
1938 3134 2076 3188 pra;-

505 3209 713 3256 sentem
743 3202 1046 3256 orationem
1081 3203 1301 3258 emittit.
1341 3202 1525 3274 Neque
1558 3205 1704 3259 enim
1737 3215 1956 3261 cessant
1990 3207 2075 3260 in-

502 3291 687 3346 videre
710 3289 964 3361 perfectis
1003 3301 1058 3347 ct
1093 3293 1144 3346 in
1178 3301 1327 3363 petra
1356 3295 1750 3365 gradientibus.
1792 3296 1972 3362 Quare
2000 3299 2068 3354 ab

501 3382 572 3437 iis
596 3383 813 3437 liberari
841 3398 902 3438 sc
941 3395 1116 3454 rogat,
1161 3386 1236 3439 ita
1280 3395 1339 3439 ut
1370 3386 1446 3440 illi
1475 3386 1694 3456 quidem
1725 3387 2069 3442 confundan-

503 3481 592 3528 tur
632 3480 688 3528 et
747 3474 955 3544 pudore
1009 3475 1317 3529 alliciantur
1371 3478 1466 3546 qui
1517 3487 1772 3548 quaerunt
1829 3479 2067 3534 animam

500 3567 697 3637 ipsius,
724 3575 782 3620 ut
807 3568 1056 3621 aul'eraut
1084 3583 1239 3633 eam;
1272 3569 1387 3640 ipse
1417 3585 1544 3624 vero
1576 3571 1695 3640 ejus
1717 3569 1938 3626 dextera
1959 3571 2069 3624 cir-

499 3663 928 3716 cummuniatur.
972 3659 1184 3715 Pudore
1220 3661 1528 3716 alliciuntur
1561 3672 1766 3728 autem,
1799 3678 1864 3718 ac
1893 3662 2068 3733 turpi-

497 3763 583 3809 ter
629 3760 816 3823 agunt,
848 3753 928 3808 sic
972 3754 1116 3807 enim
1164 3752 1334 3807 edidit
1366 3753 1749 3824 Symmachus,
1790 3756 1884 3825 qui
1917 3771 2067 3826 quae-

499 3852 631 3896 runt
676 3843 914 3896 animam
966 3843 1123 3910 justi,
1159 3851 1445 3913 postquam
1503 3846 1759 3900 omnibus
1806 3846 2066 3902 adhibitis

499 3933 771 3988 machinis
798 3949 857 3987 re
888 3932 1089 3987 infecta
1129 3944 1350 3989 manent
1385 3955 1398 3989 :
1426 3935 1729 4008 deiudeque
1768 3947 1826 3992 ut
1861 3939 1954 4010 qui
1984 3941 2068 3994 ni-

501 4026 576 4080 hil
616 4024 874 4096 perlicere
921 4028 1198 4096 potuerint
1235 4027 1610 4099 desperantes,
1641 4031 1846 4100 pudore
1873 4033 2066 4089 suﬁusi

499 4118 821 4174 abscedunt.
878 4119 1244 4185 Quamobrem
1318 4130 1607 4192 postquam
1665 4124 1789 4178 illos
1834 4124 2062 4194 pudore,

497 4211 837 4280 turpitudine
889 4222 942 4266 et
995 4213 1301 4267 reverentia
1364 4212 1590 4270 aﬂ‘ectos
1641 4213 1798 4281 dixit,
1831 4217 2060 4287 adjicit:

493 4305 816 4358 Avertantur
845 4314 1133 4357 retrorsum
1163 4313 1214 4358 et
1247 4305 1556 4360 erubescant
1592 4308 1683 4378 qui
1717 4308 1892 4362 volunt
1923 4310 2066 4364 mala

494 4395 794 4450 mihi.Cum
826 4399 969 4452 enim
998 4397 1131 4450 nihil
1168 4397 1464 4466 potuerint,
1483 4413 1606 4454 cum
1641 4400 1788 4454 nulla
1822 4401 1899 4455 rei
1929 4401 2064 4457 bene

494 4486 745 4557 gerendae
774 4503 901 4559 spes
946 4489 1208 4559 supersit,
1250 4497 1575 4545 avertuntur
1607 4505 1671 4545 ac
1705 4500 1852 4547 retro
1884 4493 2062 4547 disce-

2252 2479 2332 2532 Τά
2357 2479 2415 2532 δὲ
2443 2480 2604 2534 λοιπά
2628 2483 2740 2546 τοῖς
2762 2483 3178 2554 προειρημένοις
3208 2481 3512 2547 ἀκολούθως
3529 2501 3545 2514 ο
3575 2484 3762 2538 E12160“

2179 2586 2396 2638 κησον,
2435 2573 2632 2640 Κύριε,
2670 2573 2795 2644 τοῦ,
2810 2574 3118 2641 ῥύσασθαί
3159 2591 3265 2643 με·
3319 2577 3516 2644 Κύριε,
3562 2580 3652 2643 εις
3694 2578 3762 2630 τὸ

2171 2662 2481 2732 βοηθῆσαί
2524 2683 2625 2734 μοι
2676 2668 2961 2735 πρόσχες.
3012 2671 3620 2739 Καταισχυνθείησαν
3663 2673 3761 2726 καὶ

2176 2757 2619 2825 ειν-τραπείησαν
2649 2759 2768 2829 ἅμα
2800 2763 2852 2814 οἱ
2886 2760 3202 2829 ζητοῦντες
3243 2763 3355 2831 τὴν
3392 2765 3610 2834 ψυχήν
3642 2785 3759 2837 μου

2176 2849 2282 2902 τοῦ
2320 2848 2525 2918 ἐξᾶραι
2556 2852 2767 2918 αὑτήν.
2787 2853 3334 2924 Ἀποστραφείιισαν
3359 2859 3444 2923 εις
3468 2858 3540 2911 τὰ
3565 2861 3759 2915 ὀπίσω

2173 2941 2270 2994 καὶ
2314 2947 2900 3014 καταισχυνθείησαν
2924 2951 2978 3002 οἱ
3007 2948 3285 3017 θέλοντές
3302 2969 3403 3020 μοι
3433 2951 3615 3006 κακά.
3643 2953 3753 3007 Kc-

2165 3033 2571 3103 μισὰσθωσαν
2610 3039 2970 3110 παραχρῆμα
3013 3043 3317 3111 αἰσχύνην
3349 3042 3548 3098 αὐτῶν
3577 3049 3634 3100 οι
3658 3045 3756 3099 .ιά-

2169 3127 2379 3195 τοντές
2395 3145 2525 3196 μοι’
2558 3125 2734 3200 Εὖγε,
2769 3127 3060 3201 εὖγε.Ἔτι
3091 3134 3184 3186 καὶ
3218 3134 3311 3188 νῦν
3339 3133 3588 3189 αῖσθεται
3624 3139 3754 3190 πολ-

2098 3252 2140 3310 c
2178 3218 2283 3273 λῶν
2301 3223 2429 3291 περὶ
2471 3222 2629 3275 αὐτὸν
2668 3225 2876 3296 ἐχθρῶν
2912 3226 3273 3298 ἐπικειμένων
3297 3230 3361 3298 τῇ
3386 3229 3549 3282 αὑτοῦ
3581 3231 3750 3303 ψυχῇ,

2173 3313 2266 3366 καὶ
2291 3314 2417 3385 περὶ
2442 3314 2646 3367 τούτων
2674 3317 2773 3388 τὴν
2805 3319 3171 3391 προκειμένην
3212 3320 3378 3392 εὐχὴν
3408 3321 3749 3394 ἀναπέμπει.

2171 3405 2244 3457 Οὐ
2275 3405 2384 3477 γάρ
2407 3406 2667 3460 παύονται
2689 3408 3125 3482 διαφθονούμενοι
3143 3413 3235 3465 καὶ
3257 3416 3366 3476 τοῖς
3397 3414 3499 3484 ήδη
3525 3413 3756 3480 τελείοις

2170 3497 2264 3550 καὶ
2292 3496 2579 3568 βεϐηκόσιν
2609 3500 2702 3552 ἐπὶ
2725 3499 2822 3572 τὴν
2855 3503 3082 3574 πέτρανέ
3109 3503 3199 3557 Διὸ
3225 3505 3488 3577 ῥυσθῆναι
3513 3509 3624 3562 ἀπὺ
3641 3510 3752 3563 τῶν

2169 3586 2474 3657 εἰρημένων
2511 3588 2668 3655 ἀξιοῖ,
2698 3592 2983 3657 κάκείνους
3021 3595 3118 3665 μὲν
3160 3599 3613 3672 καταισχυνθῑμαι
3653 3607 3752 3657 καὶ

2168 3677 2499 3749 ἐντραπῆναι
2531 3681 2655 3745 τοὺς
2700 3683 3060 3754 ἐκζητοῦντας
3085 3685 3250 3740 αὐτοῦ
3297 3688 3396 3760 τήν
3445 3690 3622 3764 ψυχὴν
3649 3694 3749 3748 τοῦ

2167 3768 2356 3841 ἐξᾶραι
2388 3771 2558 3844 αὐτήν
2581 3789 2593 3803 ’
2620 3773 2782 3829 αὐτὸν
2806 3775 2861 3830 δὲ
2895 3779 3359 3851 περιφράττεσθαι
3392 3783 3497 3836 ὑπὸ
3523 3785 3628 3856 τῆς
3650 3789 3752 3840 αὖ.

2168 3857 2486 3941 τοῦοδεξιᾶς.
2508 3861 2886 3934 Ἐντρέπονται
2906 3865 2962 3919 δὲ
2989 3868 3082 3921 καὶ
3115 3868 3512 3940 ἀσχημονοῦσιν
3550 3874 3751 3941 (οὕτως

2166 3947 2273 4020 γάρ
2300 3933 2565 4014 ἐξέδωκεν
2684 3953 2999 4028 Σύμμαχος)
3056 3961 3104 4012 οί
3134 3933 3418 4031 ζητοῦντες
3437 3933 3750 4037 mest

2165 4041 2258 4095 τοῦ
2291 4041 2519 4108 δικαίου,
2547 4047 2785 4112 ἐπειδὰν,
2816 4051 2993 4102 πᾶσαν
3023 4053 3142 4105 κατ’
3167 4053 3330 4106 αὐτοῦ
3355 4055 3606 4126 μηχανὴν
3632 4058 3748 4109 ὲπι-

2165 4137 2476 4207 νοήσαντες,
2505 4139 2780 4210 ἄπρακτοι
2813 4141 3109 4210 γένωνται·
3155 4142 3254 4199 εἷθ’
3282 4147 3357 4211 ὼς
3405 4149 3571 4220 μηδὲν
3603 4149 3747 4203 δεδυο

2165 4230 2386 4301 νημένοι
2424 4233 2749 4300 ἀπογνόντες
2789 4235 3237 4303 ἀπαλλάττονται,
3265 4240 3543 4312 ἀἰσχύνην
3575 4259 3746 4296 κατα-

2165 4323 2437 4393 χεάμενοι.
2473 4325 2563 4377 Διὸ
2613 4327 2750 4397 μετὰ
2781 4328 2842 4380 τὸ
2874 4329 3248 4402 ἀσχημονῆσαι
3281 4333 3496 4398 αὐτοὺς,
3545 4351 3743 4389 καταιε

2167 4413 2458 4486 σχυνθῆναί
2497 4434 2556 4470 τε
2599 4421 3052 4492 καῖ’ἐντραπῆναι
3099 4423 3370 4492 ἐπιλέγει’
3420 4425 3742 4494 Ἀποστρα-

2163 4507 2424 4574 φείησαν
2446 4511 2532 4576 εὶς
2554 4509 2626 4562 τὰ
2651 4510 2863 4574 ὀπίσω,
2883 4511 2979 4564 καὶ
2999 4512 3440 4582 ἐντραπεῦησαν
3461 4519 3519 4569 οι
3540 4518 3741 4572 θέλον-

494 4580 665 4645 dunt;
717 4580 914 4636 deinde
965 4580 1194 4650 profecti
1252 4597 1316 4636 ac
1347 4583 1538 4652 procul
1579 4584 1763 4654 positi,
1806 4587 2060 4656 nequitiae

2171 4615 2261 4664 τες
2292 4599 2364 4654 τὰ
2395 4600 2550 4655 κακὰ
2581 4619 2703 4671 μοι.
2750 4603 2932 4673 Μηδὲν
2982 4603 3090 4675 γὰρ
3139 4580 3504 4677 δεδυνημένοι,
3530 4610 3628 4661 καὶ
3665 4612 3738 4680 μὴ

495 4687 610 4727 suae
641 4677 866 4743 pignora
916 4675 1187 4744 accipient
1226 4693 1239 4730 :
1274 4692 1444 4746 quare
1485 4687 1609 4747 post
1659 4679 1774 4733 haec
1803 4680 2006 4735 dicitur
2042 4701 2055 4737 :

496 4763 697 4818 Ferant
725 4766 999 4835 confestim
1020 4767 1376 4835 confusionem
1406 4787 1556 4823 suam
1577 4772 1667 4840 qui
1691 4772 1873 4826 dicunt
1896 4772 2058 4827 mihi:

498 4857 662 4927 Euge,
685 4855 845 4924 Euge.
872 4855 978 4910 Pro
999 4872 1107 4928 quo
1128 4859 1321 4927 Aquila
1349 4879 1361 4914 :
1392 4861 1474 4914 Aa
1491 4903 1506 4925 ,
1533 4878 1622 4925 aa,
1649 4863 1765 4931 ipsa
1791 4862 2056 4920 Bcbraica

495 4964 648 5013 voce,
680 4947 766 5003 sic
802 4945 1054 5014 habente,
1091 4962 1244 5005 usus.
1276 4949 1477 5022 Estque
1514 4954 1628 5022 ipsa
1666 4969 1766 5007 vox
1805 4956 2056 5024 planctus

493 5054 682 5094 eorum
709 5039 802 5108 qui
829 5039 942 5107 jam
987 5039 1226 5110 superati
1282 5051 1430 5108 sunt,
1465 5058 1529 5098 ac
1569 5052 1715 5098 retro
1769 5053 2055 5099 cesserunt

494 5129 981 5198 confusionemque
1003 5139 1122 5185 retu
1134 5131 1335 5188 lerunt.
1367 5133 1674 5188 Secundum
1700 5133 2052 5205 Septuaginta

492 5221 822 5292 lnterpretes
852 5231 906 5277 et
937 5221 1321 5294 Symmachum
1357 5228 1434 5281 sit,
1464 5228 1667 5282 dicitur
1692 5248 1705 5283 :
1741 5232 1843 5295 Qui
1871 5231 2052 5285 dicunt

490 5315 650 5370 deme
679 5332 698 5369 :
737 5314 900 5384 Euge,
939 5314 1099 5386 Euge.
1145 5316 1209 5371 Et
1243 5317 1473 5374 fortasse
1512 5321 1645 5388 justi
1698 5322 1901 5378 inimici
1957 5325 2050 5394 qui

489 5405 691 5459 multas
713 5405 977 5461 adversus
1006 5421 1131 5460 eum
1158 5407 1386 5463 insidias
1409 5419 1741 5472 struxerant.
1771 5423 2051 5483 sperantes

489 5512 550 5550 se
578 5503 954 5566 superaturos,
991 5497 1059 5552 ad
1083 5497 1326 5569 singulas
1351 5499 1605 5557 dicebant
1641 5521 1654 5557 :
1683 5501 1850 5573 Euge,
1887 5505 2048 5575 Euge.

489 5586 594 5642 Sed
619 5603 743 5642 cum
773 5589 887 5645 hac
914 5590 1233 5660 plerumque
1259 5591 1516 5656 dixerint,
1536 5609 1631 5664 per
1653 5604 1824 5660 tuam,
1853 5597 2048 5668 inquit,

487 5682 711 5753 gratiam
740 5683 853 5752 jam
877 5682 1178 5752 discedant,
1199 5700 1352 5740 suam
1372 5684 1603 5743 ferentes
1634 5689 2044 5761 turpitudinem.

557 5815 631 5887 (l)
677 5816 965 5872 Ἀνεπόλει.

2163 4690 2584 4756 κατελπίσαντες
2636 4693 3125 4764 περιγενήσεσθαι,
3171 4697 3603 4768 ἀποστρέφονται
3647 4702 3741 4753 καὶ

2160 4780 2588 4837 ἀπαλλάττονται
2620 4786 2699 4847 είς
2729 4783 2796 4838 τὰ
2829 4785 3002 4839 ὀπίσω
3021 4802 3034 4816 ·
3081 4781 3180 4839 εἶτ’
3211 4787 3618 4857 ἀπαλλαγέντες
3647 4791 3744 4845 καὶ

2162 4874 2376 4946 μακράν
2400 4876 2701 4946 γενόμενοι,
2735 4876 3023 4948 τάπίχειρα
3043 4877 3141 4948 τῆς
3167 4879 3344 4932 αὐτῶν
3365 4880 3739 4952 ἀπολήψονται

2156 4965 2385 5029 κακίας·
2419 4966 2498 5019 διὸ
2540 4968 2676 5037 μετά
2716 4967 2889 5022 ταῦτα
2929 4968 3208 5023 λέλεκται·
3254 4970 3742 5039 Κομισάσθωσαν

2159 5056 2519 5127 παραχρῆμα
2571 5060 2874 5127 αἰσχύνην
2917 5060 3117 5115 αὐτῶν
3163 5066 3218 5116 οἱ
3262 5065 3548 5134 λέγοντές
3595 5085 3734 5136 per

2158 5145 2333 5218 Εὖγε,
2384 5146 2543 5219 εὖγε.
2583 5151 2722 5205 ’.ἀνθ’
2750 5145 2810 5204 οῦ
2861 5155 2888 5206 ό
2923 5153 3150 5219 Ἀκύλας
3196 5157 3575 5228 ήρμήνευσενο
3623 5161 3733 5222 Ἀὰ.

2155 5242 2252 5306 ἀὰ,
2279 5243 2415 5312 αὐτῇ
2451 5245 2898 5316 συγχρησάμενος
2925 5247 3098 5312 οὕτως
3132 5249 3328 5322 ἐχούσῃ
3358 5253 3423 5321 τῇ
3471 5250 3733 5324 Ἐϐραίκῇ

2158 5335 2492 5405 φωνῇ.⁹Εστι
2525 5337 2581 5389 δὲ
2609 5337 2746 5410 αῦτη
2782 5340 3156 5413 σχετλιαστική
3185 5343 3415 5414 τῶν
3444 5347 3734 5417 νενικημέ-

2154 5443 2259 5478 νων
2292 5426 2386 5479 κα¹ι
2418 5429 2497 5490 είς
2525 5427 2592 5481 τά
2617 5430 2791 5484 ὀπίσω
2821 5435 3234 5504 κεχωρηκότων,
3268 5436 3364 5490 καὶ
3392 5438 3492 5508 τὴν
3525 5439 3735 5491 ἑαυτῶν

2153 5517 2412 5587 αἰσχύνην
2460 5518 2855 5592 ἀπειληφότων.
2895 5525 3049 5577 Κατά
3089 5525 3144 5578 δὲ
3165 5527 3293 5590 τοὺς
3328 5526 3736 5600 Ἑϐδομήκοντα

2156 5607 2357 5661 καὶτὸν
2379 5609 2669 5681 Σύμμαχον
2697 5614 2972 5683 φήσανταο
3005 5619 3068 5670 οἱ
3093 5617 3380 5685 λέγοντες
3401 5621 3539 5688 περὶ
3558 5622 3728 5692 ἐμοῦο

2159 5694 2332 5771 Εὖγε,
2363 5697 2520 5774 εὖγε,
2553 5703 2691 5776 τάχα
2719 5707 2846 5760 ποτὲ
2875 5708 2923 5760 oi
2955 5707 3138 5779 ἐχθροὶ⁵
3169 5710 3263 5765 τοῦ
3288 5709 3497 5767 δικαίου
3528 5715 3730 5778 πολλάς
