3992 6216
316 187 418 246 36!

1444 178 1945 239 COMMENTARIA
1983 176 2050 233 lN
2086 171 2403 232 PSALMOS
2418 213 2430 229 .

3449 169 3557 228 562

313 305 604 372 ἐπιϐουλὰς
627 304 967 369 ἐπινοοῦντες
1002 304 1123 359 κατ’
1143 300 1335 369 αὑτοῦ,
1357 302 1440 372 ἐφ’
1470 301 1675 373 ἑκάστῃ
1697 297 2102 374 προσδοκῶντες
2134 292 2608 367 περιγενήσεσθαι,
2639 293 2842 363 ἔλεγον.
2861 287 3039 361 Εὖγε,
3062 286 3221 362 εὖτε.
3239 292 3399 348 Ἀλλὰ
3428 291 3558 347 πο).-

310 401 470 463 λάκις
487 402 664 465 τοῦτο,
681 400 867 471 φησὶν,
884 395 1277 472 εέρηκότεςβιὰ
1292 395 1389 467 τὴν
1409 394 1505 466 σὴν
1535 396 1693 468 χάριν
1714 388 2238 449 ἀπαλλαττέσθωσαν
2257 386 2357 458 ἢδη
2377 386 2524 446 ποτὲ,
2545 384 2642 456 τὴν
2665 383 2870 439 ἑαυτῶν
2893 384 3250 455 κομισάμενοι
3274 384 3556 456 αισχύνην.

442 497 551 550 ΕΙΣ
590 496 677 548 T0
715 490 1257 556 ΤΕΛΟΣ,ΨΑΛΜΟΣ
1294 488 1379 542 ΤΩ
1417 487 1618 541 ΔΑΥΙΔ
1651 486 1743 543 Μ’.

378 587 681 657 Μακάριος
706 590 740 641 ὁ
761 586 989 641 συνιὼν
1014 583 1111 638 ἐπὶ
1132 581 1370 653 πτωχὸν
1394 581 1494 636 καὶ
1522 580 1781 649 πένητα·
1812 580 1882 635 ἐν

305 682 500 752 ἡμέρᾳ
542 676 775 747 πονηρᾷ
810 678 1060 745 ῥύσεται
1094 674 1281 729 αὐτὸν
1307 676 1342 728 ό
1381 674 1612 741 Κύριος.
1665 674 1882 742 Κύριος

306 770 676 842 διαφυλάξαι
702 770 886 825 αὑτὸν
916 768 1015 823 καί
1052 764 1272 829 ζωώσαι
1306 766 1516 829 αὐτὸν,
1559 765 1658 819 καὶ
1694 782 1881 834 μακα-

300 865 472 933 ρίσαι
498 863 682 917 αὐτὸν
708 861 778 915 ἐν
810 860 881 929 τῇ
909 858 1005 930 γῇ,
1036 858 1135 913 καὶ
1160 857 1249 929 μὴ
1274 854 1518 925 παραδῷ
1566 856 1755 910 αὐτὸν
1794 858 1881 922 εις

306 954 520 1033 ψυχὴν
537 951 764 1021 ἐχθρῶν
784 950 989 1006 αὐτοῦ.
1012 951 1225 1018 Κύριος
1238 946 1543 1016 ,ϐοηθῆσαι
1586 946 1747 1013 αὑτῷ
1780 946 1901 1000 ἐπὶ·

302 1047 523 1111 κλίνης
568 1044 788 1112 ὀδύνης
826 1041 1032 1107 αὑτοῦ,
1084 1041 1238 1108 ὅλην
1276 1039 1391 1115 τὴν
1433 1039 1642 1107 κοίτην
1691 1037 1878 1094 αὐτοῦ

302 1139 601 1206 ἕστρεψας
630 1136 700 1190 ἐν
728 1134 802 1206 τῇ
843 1135 1141 1205 ἀρρωστίᾳ
1178 1132 1385 1187 αὐτοῦ.
1433 1131 1645 1205 Προιὼν
1697 1131 1822 1204 ἑξῆς
1848 1133 1877 1186 ὁ

301 1228 459 1299 λόγος
491 1227 739 1300 ἐπιφέρει
762 1243 775 1257 ο
810 1226 920 1282 Καὶ
944 1226 1054 1296 γὰρ
1080 1228 1113 1279 ό
1154 1223 1465 1293 ἅνθρωπος
1492 1221 1601 1292 τῆς
1634 1224 1878 1295 εἰρήνης

293 1335 437 1387 μου,
478 1316 569 1387 ἐφ’
601 1315 673 1370 ὃν
700 1314 952 1384 ἤλπισα,
991 1317 1024 1368 ό
1055 1313 1275 1368 ἐσθίων
1307 1310 1527 1380 ἄρτους
1559 1330 1711 1382 μου,
1741 1313 1873 1382 ἐμε-

299 1409 568 1479 γάλυνεν
592 1409 686 1461 ἐπ’
716 1407 821 1478 ἐμὲ
846 1405 1229 1475 πτερνισμόν.
1260 1402 1448 1459 Ταῦτα
1475 1404 1533 1458 δὲ
1570 1405 1878 1479 ἀναγέγρα-

299 1519 432 1555 πται
466 1503 495 1554 ὁ
532 1500 721 1572 Σωτὴρ
771 1501 865 1555 καὶ
891 1498 1096 1570 Κύριος
1123 1497 1279 1568 ἡμῶν
1310 1499 1368 1550 ὲν
1394 1497 1471 1568 τῷ
1499 1499 1639 1554 κατὰ
1698 1499 1877 1554 Ἰωάν-

297 1611 397 1667 νην
426 1592 743 1664 Εὑαγγελίῳ
773 1593 849 1663 ὡς
881 1590 942 1655 ἐξ
962 1589 1160 1644 οἰκείου
1210 1589 1501 1661 προσώπου
1546 1590 1783 1664 εἰρηκὼς
1815 1594 1874 1647 ἐν

298 1688 367 1758 τῇ
412 1686 548 1757 πρὸς
601 1686 726 1749 τοὺς
781 1683 1028 1756 μαθητὰς
1087 1684 1304 1758 ὁμιλίομ
1357 1685 1424 1738 δι’
1474 1678 1548 1739 ὧν
1599 1684 1868 1756 ἔφασκενο

313 1776 513 1847 Ἀμὴν,
537 1775 718 1847 ἀμὴν,
739 1776 896 1847 λέγω
919 1776 1060 1847 ὑμῖν
1076 1794 1091 1808 °
1129 1780 1248 1832 Οὐκ
1274 1778 1402 1832 ἐστι
1427 1777 1651 1845 δοῦλος
1659 1777 1872 1849 μείζων

1908 488 1957 546 Α

2307 478 2361 531 ι.
2400 473 2466 530 IN
2496 472 3071 543 FINEM,PSALMUS
3111 472 3222 529 XL.

2062 571 2229 628 Vens.
2251 570 2375 626 2-4.
2398 569 2597 625 Beatus
2627 570 2719 639 qui
2747 568 2994 640 intelligit
3043 584 3202 640 super
3255 585 3472 640 egenum
3507 585 3554 626 et

1988 680 2269 736 pauperem
2305 666 2400 718 :in
2429 662 2515 717 die
2537 662 2685 716 mala
2713 662 2959 718 liberabit
2990 678 3107 716 eum
3134 662 3416 719 Dominus.
3443 663 3557 719 Do-

1986 759 2162 813 minus
2195 766 2462 813 conservet
2491 773 2610 812 eum
2638 766 2689 812 et
2722 758 2945 828 uiviﬁcet
2989 775 3129 825 eum,
3158 770 3208 813 et
3233 760 3561 835 beatumlfa-

1986 850 2094 903 ciat
2115 864 2234 903 eum
2267 848 2321 902 in
2339 856 2500 909 terra,
2533 854 2582 901 et
2612 863 2719 901 non
2757 846 2936 900 tradat
2960 863 3079 901 eum
3105 847 3161 901 in
3185 847 3420 902 animans
3450 847 3559 902 ini-

1985 943 2244 996 micorum
2281 941 2417 1011 ejus.
2457 938 2711 995 Dominus
2741 955 2888 1009 opem
2914 939 3050 1009 ferat
3095 938 3176 993 illi
3195 955 3351 1009 super
3369 940 3560 996 lectum

1984 1031 2183 1086 doloris
2212 1030 2343 1100 ejus,
2374 1033 2673 1086 uniuersum
2692 1039 2919 1085 stratum
2951 1030 3066 1099 ejus
3092 1031 3314 1086 uersasti
3330 1033 3385 1087 in
3407 1033 3563 1102 inﬁr-

1987 1124 2168 1178 mitate
2205 1139 2342 1192 ejus.
2375 1121 2490 1178 Sub
2516 1123 2633 1178 haec
2685 1130 2864 1177 autem
2917 1122 2993 1176 ita
3038 1137 3220 1178 sermo
3272 1125 3557 1195 procedit:

1984 1213 2194 1269 Etenim
2210 1213 2365 1269 homo
2386 1215 2535 1283 pacis
2561 1229 2713 1280 meae,
2745 1214 2801 1268 in
2851 1230 2953 1285 quo
3001 1214 3227 1283 sperari,
3253 1216 3343 1286 qui
3373 1214 3560 1271 edebat

1980 1322 2140 1375 panes
2162 1323 2327 1371 meos,
2352 1307 2713 1377 magniﬁcavit
2751 1322 2908 1376 super
2945 1322 3026 1360 me
3052 1305 3556 1377 supplantationem.

1982 1398 2108 1455 Haec
2143 1392 2307 1471 porro
2352 1398 2561 1455 dixisse
2608 1399 2869 1455 scribitur
2910 1398 3161 1456 Salvator
3191 1409 3246 1455 et
3293 1399 3558 1460 Dominus

1981 1502 2168 1547 noster
2203 1491 2258 1547 in
2293 1491 2591 1562 Evangelia
2647 1492 2952 1548 secundum
2981 1491 3272 1557 Joannem,
3304 1495 3460 1564 quasi
3487 1512 3555 1552 ex

1979 1588 2200 1659 propria
2255 1601 2489 1658 persona
2550 1586 2631 1642 sic
2691 1586 2995 1657 discipulos
3038 1586 3548 1652 allocutusulmen,

1980 1696 2150 1744 amen,
2203 1678 2322 1734 dico
2361 1678 2506 1733 vobis
2534 1694 2553 1732 :
2590 1676 2716 1732 Non
2759 1686 2838 1732 est
2887 1694 3064 1733 seruus
3121 1680 3299 1749 major
3339 1680 3554 1736 domino

1976 1788 2092 1837 suo,
2125 1788 2286 1843 neque
2310 1772 2581 1843 apostolus
2613 1771 2787 1842 major
2812 1782 2889 1826 est
2911 1788 2973 1826 eo
2990 1773 3082 1842 qui
3115 1773 3262 1828 misit
3286 1772 3461 1830 illum.
3494 1774 3556 1830 Si

299 1867 409 1922 τοῦ
453 1869 663 1937 κυρίου
700 1868 907 1933 αὑτοῦ,
947 1869 1088 1924 οὐδὲ
1124 1871 1470 1938 ἀπόστολος
1503 1869 1718 1940 μείζων
1764 1870 1864 1924 τοῦ

1970 1863 2082 1919 lucc
2106 1866 2273 1929 scitis,
2316 1864 2456 1920 beati
2491 1865 2643 1920 eritis
2693 1881 2812 1919 cum
2828 1864 3058 1934 feceritis
3082 1882 3164 1923 ea.
3199 1864 3328 1921 Non
3353 1866 3420 1921 de
3447 1883 3560 1922 om-

298 1956 649 2028 πέμψαντος
667 1961 870 2014 αὐτόν.
891 1962 961 2014 El
984 1961 1171 2015 ταῦτα
1195 1961 1414 2027 οἴδατε,
1432 1960 1714 2032 μακάριοί
1730 1962 1870 2017 ἐστε

298 2047 446 2104 ὅταν
467 2050 683 2103 ποιεῖτε
708 2050 784 2124 (l)
835 2051 1006 2108 αὐτά.
1054 2054 1137 2107 οὐ
1169 2053 1301 2123 περὶ
1340 2052 1581 2107 πάντων
1616 2052 1872 2124 ὐμῖνλέ-

294 2160 406 2212 γω’
441 2142 555 2214 ἐγὼ
582 2140 714 2197 οῖδα
743 2144 851 2211 οὓς
871 2145 1243 2214 ἐξελεξάμην
1262 2163 1276 2176 ·
1304 2146 1443 2201 ἀλλ’
1473 2146 1573 2200 ἵνα
1597 2146 1637 2215 ἡ
1658 2147 1869 2217 Γραφὴ

293 2232 581 2303 πληρωθῇ
597 2250 610 2264 ’
646 2234 699 2287 Ὀ
728 2234 963 2305 τρώγων
981 2254 1101 2306 μου
1133 2235 1241 2291 τὸν
1281 2236 1466 2305 ἄρτον
1514 2236 1738 2307 ἐπῆρεν
1776 2240 1871 2293 ἐπ’

291 2322 397 2392 ἐμὲ
418 2322 682 2393 πτέρναν
723 2325 929 2380 αὑτοῦ.
968 2326 1135 2400 Ἀλλη
1163 2327 1219 2380 δὲ
1242 2327 1432 2399 Γραφὴ
1462 2326 1619 2383 τοῦτο
1648 2329 1870 2400 φήσασα

289 2416 389 2489 οὐχ
426 2419 759 2491 εὑρίσκεται,
804 2419 939 2491 μόνη
966 2420 1022 2475 δὲ
1046 2422 1078 2493 ἡ
1122 2420 1392 2492 παροῦσα,
1423 2421 1489 2474 δι’
1516 2414 1583 2494 ἦς
1611 2419 1825 2493 εἴρηται
1850 2438 1865 2451 °

301 2508 357 2563 '0
388 2510 609 2567 ἐσθίων
636 2510 819 2582 ἄρτον
844 2529 963 2582 μου
1011 2512 1382 2584 ἐμεγάλυνεν
1408 2514 1501 2567 ἐπ’
1548 2514 1655 2585 ἐμὲ
1692 2527 1867 2583 πτερ-

289 2605 529 2672 νισμόν.
570 2605 708 2676 Ὥρα
734 2604 1019 2676 τοιγαροῦν
1048 2606 1130 2668 εἰς
1159 2605 1221 2659 τὸ
1267 2591 1433 2660 αὑτοῦ
1478 2607 1767 2676 πρόσωπον
1798 2606 1869 2661 τὰ

292 2694 644 2766 ἐμφερόμενα
675 2696 751 2766 τῷ
779 2696 978 2768 ψαλμῷ
1003 2698 1078 2761 ὼς
1109 2697 1174 2751 ἂν
1200 2698 1554 2770 προφητικῶς
1601 2702 1866 2773 εἰρημένα

292 2782 563 2837 ἐκλαϐεῖν.
598 2784 689 2837 Διὸ
716 2786 809 2841 καὶ
834 2789 924 2853 εὶς
952 2787 1018 2839 τὸ
1042 2786 1219 2853 τέλος
1259 2788 1657 2862 ἐπιγέγραπται
1680 2832 1695 2857 ,
1728 2792 1864 2845 ἀνα-

293 2869 582 2939 πέμποντα
613 2875 760 2944 ἡμᾶς
789 2875 907 2946 ἦτοι
930 2874 1023 2928 ἐπὶ
1053 2876 1153 2946 τὴν
1192 2878 1500 2934 συντέλειαν
1539 2880 1634 2935 τοῦ
1670 2881 1864 2947 αἰῶνος

290 2959 416 3015 καθ’
443 2963 507 3032 ἢν
539 2964 840 3036 ἐπληροῦτο
870 2967 940 3021 τὰ
968 2969 1451 3041 ἀναγεγραμμένα,
1485 2973 1519 3043 ἢ
1553 2974 1646 3027 ἐπὶ
1677 2975 1747 3030 τὰ
1777 2991 1865 3028 τε-

290 3052 517 3109 λευταῖα
552 3057 659 3111 τῶν
690 3058 779 3112 διὰ
800 3059 893 3114 τοῦ
919 3061 1136 3134 ψαλμοῦ
1163 3063 1523 3135 δηλουμένων.
1548 3069 1614 3121 El
1651 3069 1748 3140 μὲν
1770 3064 1863 3123 οὖν

287 3145 384 3199 ἐπὶ
420 3145 514 3199 τοῦ
561 3149 813 3223 Σωτῆρος
853 3154 1177 3227 ἀναφέροιτο
1212 3158 1282 3213 τὰ
1308 3160 1665 3232 προκείμενα,
1690 3161 1865 3227 εἴποις

285 3232 355 3288 ἂν
384 3238 783 3309 μακαρίζεσθαι
800 3243 890 3296 τὸν
907 3243 1205 3316 δυνάμενον
1230 3249 1471 3303 συνιέναι
1496 3249 1564 3303 δι’
1585 3251 1652 3322 ἣν
1684 3250 1862 3306 αἰτίαν

283 3328 540 3403 ἀνείληφε
568 3331 636 3385 δι’
667 3336 818 3405 ἡμᾶς
848 3338 1143 3409 πτωχείαν.
1168 3342 1288 3394 Ἔτι
1304 3341 1415 3413 γὰρ
1439 3345 1735 3410 πλούσιος
1755 3342 1859 3407 ὢν,

284 3418 359 3473 δι’
382 3420 540 3491 ἡμᾶς
570 3423 977 3494 ἐπτώχευσεν,
1014 3430 1117 3483 ἵνα
1137 3431 1314 3501 ἡμεῖς
1356 3432 1431 3504 τῇ
1475 3435 1661 3493 αὐτοῦ
1711 3450 1862 3490 πτωο

284 3510 417 3579 χείᾳ
436 3513 903 3585 πλουτήσωμεν·
930 3519 1036 3597 ’Ἐν
1050 3520 1256 3591 μορφῇ
1276 3540 1336 3576 τε
1382 3524 1530 3578 Θεοῦ
1572 3524 1862 3595 ὑπάρχων

283 3602 581 3658 ἐκένωσεν
601 3606 838 3672 ἐαυτὸν,
862 3610 1106 3681 μορφὴν
1136 3613 1361 3669 δούλου
1397 3615 1599 3671 λαϐὼν
1620 3657 1635 3682 ,
1672 3617 1860 3687 σαφῶς

286 3692 522 3759 ἐδίδαξεν
543 3698 571 3749 ὁ
597 3695 1094 3765 Θεῖοςᾍπόστολος.
1131 3704 1241 3757 Καὶ
1270 3705 1428 3769 ἄλλος
1451 3706 1496 3759 δ’
1525 3708 1590 3761 ἄν
1622 3725 1706 3771 τις
1736 3724 1860 3762 συν-

285 3784 404 3858 ήσει
441 3788 533 3841 ἐπὶ
561 3788 774 3860 πτωχὸν
806 3790 902 3845 καὶ
931 3792 1160 3865 πένητα,
1183 3796 1397 3850 ἀκούων
1417 3798 1584 3852 αὑτοῦ
1611 3798 1859 3868 λέγοντος

286 3882 344 3937 ἐν
368 3884 747 3954 Εὑαγγελίοις·
784 3885 982 3956 Δεῦτε,
1010 3890 1064 3941 οἱ
1085 3888 1477 3960 εὐλογημένοι
1497 3891 1605 3945 τοῦ
1627 3892 1858 3959 Πατρός

281 3990 419 4042 μου,
504 3977 1000 4049 κληρονομήσατε
1058 3978 1173 4048 τὴν
1222 3980 1670 4051 ἡτοιμασμένην
1715 3981 1859 4051 ὑμῖν

278 4063 607 4129 βασιλείαν
655 4069 772 4123 ἀπὸ
822 4070 1159 4141 καταϐολῆς
1201 4073 1454 4143 κόσμου.
1529 4072 1857 4132 Ἐπείνασα

283 4157 413 4226 γὰρ,
447 4158 545 4213 καὶ
565 4159 828 4214 ἐδώκατέ
867 4179 970 4230 μοι
1000 4162 1244 4232 φαγεῖν
1279 4163 1565 4234 ἐδίψησα,
1595 4167 1694 4221 καὶ
1718 4168 1857 4224 ἐπο-

282 4250 488 4305 τίσατέ
542 4270 653 4322 με·
721 4253 894 4321 ξένος
923 4254 1125 4324 ἤμην,
1181 4257 1279 4311 καὶ
1329 4260 1709 4330 συνηγάγετέ
1742 4279 1853 4331 με·

282 4342 527 4413 γυμνὸς,
562 4345 661 4399 καὶ
691 4344 1070 4415 περιεϐάλετέ
1091 4365 1168 4418 με
1186 4364 1201 4379 ·
1231 4349 1552 4418 ἠσθένουν,
1581 4353 1681 4407 καὶ
1714 4354 1793 4408 ἐπ
1827 4386 1854 4397 -

280 4437 643 4507 εσκέψασθε·
666 4441 736 4494 ἐν
759 4440 1008 4512 φυλακῇ
1030 4440 1212 4512 ἤμην,
1236 4442 1333 4497 καὶ
1356 4442 1570 4513 ἤλθετε
1592 4450 1741 4515 πρὸς
1755 4450 1856 4520 μέο

1919 1969 1922 1972 ’
1974 1957 2126 2012 nibus
2144 1958 2286 2014 vobis
2309 1956 2467 2012 dico:
2490 1973 2582 2028 ego
2602 1958 2710 2011 scio
2739 1973 2868 2028 quos
2892 1956 3133 2028 elegerim
3154 1972 3174 2023 ;
3197 1956 3289 2012 sed
3302 1968 3360 2012 ut
3382 1960 3552 2014 adim-

1970 2050 2181 2120 pleatur
2201 2050 2481 2121 Scriptura
2511 2065 2529 2102 :
2564 2048 2670 2115 Qui
2700 2048 2989 2103 manducat
3043 2065 3217 2104 meum
3238 2065 3449 2116 panem,
3477 2051 3553 2106 le-

1970 2145 2110 2197 vavit
2130 2151 2315 2196 contra
2342 2156 2423 2195 me
2452 2140 2758 2194 calcaneum
2783 2156 2938 2194 suum
2964 2140 3030 2193 “.
3066 2138 3226 2195 Nulla
3249 2156 3412 2212 porro
3444 2143 3551 2196 alia

1973 2231 2254 2304 Scriptura
2284 2247 2407 2304 quae
2455 2232 2562 2288 hoc
2618 2232 2769 2288 dicat
2818 2236 3115 2304 reperitur,
3169 2240 3369 2305 praeter
3409 2234 3554 2290 hanc

1970 2339 2136 2379 unam
2153 2340 2260 2398 qua
2279 2324 2485 2379 dictum
2508 2332 2616 2390 est,
2644 2325 2737 2395 qui
2760 2323 2947 2380 edebat
2988 2341 3180 2396 panem
3216 2343 3409 2393 meum,-
3439 2344 3553 2383 ma-

1969 2417 2240 2489 gniﬁcaoit
2285 2432 2441 2487 super
2462 2434 2544 2473 me
2585 2417 3088 2487 supplantationem.
3135 2419 3243 2475 Par
3271 2429 3356 2477 est
3386 2420 3554 2491 igitur

1970 2508 2040 2565 ad
2073 2508 2194 2580 ejus
2219 2523 2535 2580 personam,
2569 2524 2692 2579 quae
2715 2510 2772 2564 in
2801 2511 2908 2567 hoc
2936 2512 3151 2582 psalmo
3179 2510 3448 2577 feruntur,
3492 2519 3553 2568 ut

1969 2601 2288 2673 pr0phetice
2345 2600 2494 2656 dicta
2549 2601 2820 2673 accipere.
2869 2600 3238 2668 Quamobrem
3289 2604 3347 2659 in
3394 2605 3553 2673 ﬁnem

1967 2693 2309 2758 inscribitur,
2329 2692 2476 2764 quod
2516 2693 2631 2749 haec
2660 2709 2763 2749 nos
2793 2696 3079 2751 remittant
3102 2696 3171 2751 ad
3200 2710 3555 2753 consumma-

1967 2793 2172 2850 tionem
2207 2792 2417 2858 saéculi,
2452 2806 2563 2863 quo
2606 2799 2854 2864 tempore
2897 2807 2962 2849 ea
3015 2808 3137 2865 qua:
3167 2793 3371 2865 scripta
3422 2803 3549 2851 sunt

1966 2884 2370 2958 implebunturI;
2405 2884 2521 2941 sive
2549 2884 2711 2940 etiam
2742 2883 2811 2939 ad
2851 2894 3127 2957 postrema
3159 2885 3354 2956 psalmi
3384 2883 3551 2940 dicta.

1966 2978 2123 3045 Quod
2153 2979 2200 3034 si
2231 2978 2348 3033 haec
2375 2977 2443 3032 ad
2471 2976 2807 3033 Salvatorem
2835 2978 3165 3045 relerantur,
3192 2977 3318 3049 jure
3347 2978 3552 3036 dixeris

1965 3073 2184 3128 beatum
2218 3073 2507 3143 prmdicari
2535 3088 2682 3140 eum,
2711 3072 3129 3146 quiintelligere
3162 3073 3460 3145 possitque
3481 3074 3551 3131 de

1967 3179 2137 3220 causa
2178 3173 2402 3236 propter
2440 3181 2542 3221 nos
2571 3176 2873 3237 egestatem
2937 3170 3260 3240 susceperit.
3298 3167 3548 3241 Insuper,-

1965 3271 2084 3310 cum
2134 3266 2268 3312 esset
2317 3256 2483 3323 diues,
2513 3267 2727 3328 propter
2771 3276 2867 3315 nos
2894 3276 3086 3332 egenus
3108 3261 3282 3331 factus
3337 3272 3434 3327 est,
3489 3271 3552 3317 ut

1963 3364 2057 3402 nos
2086 3348 2200 3419 ejus
2230 3350 2414 3420 inopia
2434 3348 2619 3425 divites
2646 3366 2877 3406 essemus
2896 3354 2964 3418 ‘7;
2990 3360 3045 3407 et
3082 3371 3097 3408 :
3132 3353 3267 3408 Cum
3293 3353 3349 3408 in
3372 3354 3548 3424 forma

1961 3438 2061 3494 Dei
2084 3450 2240 3509 esset,
2290 3442 2627 3511 semetipsum
2680 3443 2973 3498 exinanivit
3014 3444 3189 3513 forma
3229 3446 3365 3500 servi
3399 3462 3549 3501 accc--

1958 3542 2053 3603 pta
2083 3534 2150 3599 ¹⁸,
2174 3542 2234 3588 ιιι
2255 3533 2403 3590 clare
2428 3548 2534 3589 nos
2577 3531 2766 3590 docuit
2817 3535 3041 3591 divinus
3074 3535 3391 3608 Apostolus.
3424 3537 3547 3594 Alio

1960 3641 2180 3700 quoque
2209 3628 2372 3684 modo
2402 3630 2527 3701 quis
2583 3630 2888 3701 intelligere
2925 3629 3100 3700 possit
3131 3644 3295 3700 super
3314 3645 3545 3701 egenum

1958 3725 2013 3773 et
2035 3732 2348 3789 pauperem,
2376 3720 2607 3776 audiens
2629 3720 2909 3777 Christum
2944 3722 3000 3775 in
3028 3720 3337 3791 Evangeliis
3358 3721 3547 3779 dicen-

1959 3816 2065 3864 tem
2098 3828 2111 3864 :
2154 3809 2354 3876 Venite,
2391 3811 2652 3867 benedicti
2688 3811 2875 3866 Patris
2922 3812 3047 3878 mei,
3092 3810 3355 3882 possidete
3381 3827 3546 3881 para-

1961 3906 2071 3952 tum
2120 3900 2264 3955 vobis
2322 3919 2538 3974 regnum
2581 3921 2615 3957 a
2663 3903 3036 3957 constitutione
3078 3900 3282 3956 mundi.
3332 3901 3545 3958 Esuriui

1957 3994 2118 4058 enim,
2145 4003 2194 4048 et
2214 3995 2434 4051 dedistis
2469 3995 2600 4050 mihi
2630 3994 2991 4056 manducare;
3024 3994 3189 4058 sitivi,
3242 4004 3295 4049 et
3317 3993 3540 4049 dedistis

1958 4071 2088 4139 mnu
2132 4084 2337 4149 bibere;
2370 4086 2557 4155 hospes
2593 4102 2763 4151 eram,
2793 4093 2844 4140 et
2873 4084 3158 4156 collegistis
3197 4099 3280 4138 me
3302 4098 3320 4147 ;
3341 4083 3536 4146 nudus,

1955 4187 2005 4233 et
2052 4179 2398 4248 coeperuistis
2448 4195 2560 4243 me;
2605 4180 2879 4249 infirmus,
2921 4188 2970 4234 et
3010 4178 3264 4233 visitastis
3314 4192 3433 4239 me;
3483 4177 3540 4229 in

1956 4287 2165 4325 carcere
2191 4284 2362 4334 eram,
2414 4282 2466 4324 et
2493 4273 2704 4326 venistis
2736 4271 2806 4325 ad
2841 4271 3014 4347 me";
3067 4271 3271 4341 quibus
3304 4268 3537 4338 subjun-

1956 4364 2035 4433 git
2066 4381 2078 4416 :
2117 4361 2388 4428 Quantum
2415 4363 2617 4433 fecistis
2652 4365 2744 4418 uni
2791 4379 2858 4418 ex
2888 4365 2971 4418 his
3003 4362 3261 4432 fratribus
3285 4361 3412 4414 meis
3444 4358 3538 4413 mi-

1959 4454 2143 4522 nimis,
2176 4455 2306 4509 mihi
2366 4454 2567 4526 fecistis
2599 4457 2667 4511 ²⁰.
2721 4455 2902 4526 Atque
2939 4454 3014 4510 ita
3071 4468 3197 4509 vere
3230 4453 3423 4509 beatus
3449 4458 3538 4508 est

279 4526 361 4595 οἷς
381 4531 641 4600 ἐπιλέγει⁸
689 4533 807 4603 Ἐφ’
846 4534 997 4587 ὅσον
1015 4535 1339 4602 ἐποιήσατε
1365 4537 1456 4589 ἐνὶ
1477 4536 1596 4592 τῶν
1627 4542 1855 4596 τούτων

1965 4544 2051 4614 ιιιιί
2087 4544 2339 4616 intelligit
2386 4560 2552 4614 super
2583 4560 2811 4615 egenum
2839 4553 2895 4601 et
2922 4558 3215 4617 pauperem
3263 4543 3343 4600 sic
3377 4557 3535 4599 acce-

281 4621 400 4677 τῶν
420 4623 759 4693 ἐλαχίστων
773 4624 891 4677 τῶν
909 4625 1055 4680 ἀδελ
1060 4625 1191 4696 φῶν
1198 4645 1339 4698 μου,
1356 4627 1484 4695 ἐμοὶ
1508 4630 1849 4697 ἐποιήσατε.

279 4718 387 4770 Καὶ
415 4716 587 4781 οὕτως
615 4712 708 4771 οὖν
764 4719 1029 4790 μακάριος
1055 4720 1270 4793 ἀληθῶς
1314 4724 1343 4776 ὁ
1402 4722 1598 4778 συνιὼν
1643 4726 1736 4779 ἐπὶ
1762 4726 1854 4780 τὸν

274 4808 447 4872 οῦτως
475 4810 803 4865 ἁποδοθέντα
831 4812 1044 4882 πτωχὸν
1086 4814 1179 4868 καὶ
1208 4815 1434 4887 πένητα.
1470 4816 1534 4869 Εἰ
1560 4815 1617 4870 δὲ
1636 4817 1729 4871 καὶ
1762 4820 1854 4872 ἐπὶ

275 4899 363 4954 τὸν
392 4902 555 4956 Δαυῖδ
588 4904 913 4975 ἀναφέροιτο
942 4908 1010 4960 τὰ
1042 4906 1362 4980 λελεγμένα,
1409 4908 1584 4974 εἴποις
1628 4909 1695 4963 ἂν
1725 4911 1856 4964 ἀκο-

274 4991 477 5058 λούθως
507 4994 585 5067 τῷ
612 4996 717 5068 πρὸ
735 4994 923 5051 τούτου
953 4998 1155 5071 ψαλμῷ
1181 4999 1351 5056 ταῦτα
1377 5001 1668 5073 συνῆφθαι.
1699 5004 1852 5058 Ἐπεὶ

273 5084 382 5157 γὰρ
414 5087 552 5159 πρὸς
581 5091 692 5153 τοῖς
722 5089 1053 5155 τελευταίοις
1082 5092 1174 5146 τοῦ
1206 5092 1283 5147 λθ⁹
1312 5094 1528 5164 ἐλέγετο
1578 5097 1643 5149 ὲκ
1673 5113 1844 5168 προσ-

274 5178 423 5234 ώπου
447 5182 540 5236 τοῦ
564 5184 728 5238 Δαυῖδ
749 5201 763 5215 ·
805 5183 952 5255 Ἐγὼ
986 5184 1054 5239 δέ
1077 5185 1263 5254 πένης
1293 5188 1410 5257 εἰμὶ
1453 5190 1550 5242 καὶ
1577 5191 1843 5261 πτωχός·

272 5270 441 5325 ταῦτα
471 5272 516 5326 δ’
550 5273 734 5343 ἔλεγεν
770 5275 799 5327 ὁ
834 5273 1089 5339 τοσοῦτος
1111 5275 1361 5346 βασιλευς
1387 5319 1402 5344 ,
1440 5281 1470 5332 ὁ
1515 5279 1609 5333 τὸν
1641 5281 1847 5352 ἄφατον

271 5364 499 5421 πλοῦτον
538 5367 887 5440 συναγηοχὼς
934 5370 1016 5433 είς
1061 5369 1161 5442 τὴν
1200 5372 1550 5445 παρασκευὴν
1581 5373 1674 5427 τοῦ
1711 5373 1847 5445 μετὰ

268 5457 442 5513 ταῦτα
477 5460 846 5532 ὲγηγερμένου
873 5460 962 5515 διὰ
997 5461 1308 5533 Σολομῶνος
1348 5462 1491 5528 ναοῦ,
1536 5467 1847 5538 σμικρύνων

1958 4644 2130 4704 ptum.
2169 4631 2324 4699 Quod
2358 4632 2404 4688 si
2437 4633 2503 4686 ad
2534 4631 2792 4688 Davidem
2834 4649 3000 4705 supra
3025 4634 3173 4690 dicta
3200 4633 3528 4700 referantur,

1955 4726 2109 4781 dicas
2131 4725 2246 4781 haec
2267 4724 2517 4798 apposite
2539 4725 2861 4799 praecedenti
2894 4727 3104 4796 psalmo
3122 4727 3364 4782 subnexa
3384 4743 3528 4793 esse,

1958 4817 2229 4888 siquidem
2255 4818 2358 4874 sub
2382 4817 2541 4874 ﬁnem
2565 4818 2759 4890 psalmi
2790 4834 2978 4881 xxmx,
3012 4833 3079 4872 ex
3109 4833 3342 4889 persona
3366 4819 3527 4874 Davi-

1954 4909 2041 4966 dis
2061 4909 2365 4971 dicebatur,
2388 4927 2480 4981 ego
2510 4919 2687 4964 autem
2732 4909 3002 4964 mendicus
3051 4925 3167 4963 sum
3215 4919 3267 4965 et
3305 4927 3525 4982 pauper.

1954 5002 2081 5059 Haec
2108 5019 2274 5075 porro
2315 5010 2500 5058 tantus
2543 5019 2638 5059 rex
2670 5003 2909 5067 dicebat,
2963 5001 3059 5073 qui
3114 5001 3527 5060 inaestimabiles

1948 5095 2169 5153 divitias
2195 5095 2262 5150 ad
2287 5102 2613 5166 apparatum
2656 5095 2863 5166 templi,
2890 5095 2994 5152 sub
3034 5095 3148 5152 haec
3168 5112 3199 5152 a
3232 5096 3524 5154 Salomone

1949 5189 2165 5257 structi,
2196 5191 2526 5261 collegerat;
2561 5190 2654 5261 qui
2706 5205 2827 5247 sese
2871 5206 3100 5262 parvum
3149 5199 3205 5248 et
3237 5191 3518 5253 humilem,

1949 5280 2326 5352 moderatique
2363 5282 2552 5347 animi,
2580 5298 2643 5337 ac
2678 5282 2874 5338 allectu
2922 5299 3050 5340 vere
3101 5296 3392 5354 pauperem
3424 5295 3521 5334 ex-

1948 5372 2191 5429 hibebat.
2215 5373 2340 5429 ideo
2362 5375 2684 5445 subiunctus
2715 5384 2799 5434 est
2830 5393 3070 5449 praesens
3095 5379 3358 5447 psalmus,
3386 5371 3519 5426 bea-

1949 5475 2065 5522 tum
2094 5467 2399 5536 praedicans
2423 5485 2549 5524 eum
2580 5471 2672 5541 qui
2695 5487 2861 5543 super
2881 5467 3189 5544 huiusmodi
3226 5478 3517 5537 pauperem

340 5556 385 5587 ¹⁶
420 5555 579 5612 Joan.
614 5574 738 5619 xm.
774 5557 859 5612 16.
939 5558 982 5590 ⁸⁷
1021 5556 1067 5611 Η
1101 5557 1223 5613 Cor.
1254 5573 1385 5618 vm.
1422 5557 1477 5614 9.
1554 5559 1600 5592 ¹⁸
1639 5559 1864 5634 Philipp.

1966 5604 1981 5630 ,
2027 5563 2077 5618 7.
2158 5563 2201 5595 ⁸⁸
2235 5562 2426 5623 Matth.
2462 5582 2591 5630 xxv,
2622 5567 2713 5631 54,
2749 5566 2838 5621 35.
2916 5564 2961 5597 ²⁰
3000 5562 3131 5618 ibid.
3165 5562 3254 5617 ιο.

337 5647 623 5719 (1)“οταν
664 5650 905 5706 ποιεῖτε.
942 5651 1105 5724 Vulg.
1152 5654 1249 5708 ἐὰν
1282 5650 1511 5729 ποιῆτε;
1561 5664 1617 5729 ει
1651 5671 1777 5724 mox
1812 5673 1864 5728 p1

1965 5676 2079 5731 μου.
2102 5656 2257 5731 Vulg.
2281 5661 2400 5731 μετ’
2451 5659 2608 5732 ἐμοῦ,
2638 5668 2701 5717 ιιι
2744 5670 2799 5715 et
2828 5658 3097 5726 interpres
3134 5655 3321 5714 vertit.
3352 5652 3512 5709 Eois.

586 5744 860 5819 Ps'rnOL.
893 5744 1012 5809 Gn.
1044 5747 1277 5812 XXIII.

3165 5748 3241 5808 12
