3988 6202
467 204 577 268 383

1160 207 1441 265 EUSEBII
1481 208 1960 267 CESABIENSIS
1991 210 2142 269 ΟΡΡ.
2182 211 2360 268 PARS
2390 210 2477 270 Ill.
2505 240 2577 255 —
2607 210 3012 268 EXEGETICA.

3605 209 3712 265 364

468 329 1451 404 intelligit.’lllud‘porro,‘pauperem,
1481 330 1658 405 neque
1688 333 1743 388 in
1772 333 2020 391 Hebraict

2143 335 2333 390 ἑαυτὸν
2359 336 2453 389 καὶ
2474 334 2868 401 ταπεινῶν,καὶ
2899 338 2964 407 τῇ
2996 334 3138 406 ψυχῇ
3174 329 3595 405 μετριοφρονῶν,
3616 332 3712 385 καὶ

467 424 788 496 exemplari,
809 439 989 496 neque
1019 424 1163 496 apud
1213 424 1456 495 reliquos
1497 426 1827 497 interpretes
1847 426 2038 483 fertur.

469 512 782 569 Secundum
824 522 1083 584 quartum
1130 529 1353 570 sensum
1374 514 1485 569 dici
1516 517 2040 585 possit,~sermonem

464 619 589 661 esse
632 604 1029 660 sententiosum
1083 612 1151 663 et.
1171 604 1267 676 qui
1294 605 1365 661 ad
1402 604 1793 677 benignitatem
1828 614 1883 663 et
1906 623 2043 678 pau-

466 711 652 768 perum
677 712 919 753 amorem
974 698 1312 755 cohortatur.
1359 697 1497 753 Nam
1550 713 1678 770 erga
1702 714 1798 756 eos
1823 716 2041 771 quoque

461 790 557 861 qui
580 789 877 870 vulgariori
907 805 1077 846 sensu
1104 805 1374 863 pauperes
1402 791 1684 858 dicuntur,
1728 792 2040 848 misericor-

461 883 562 940 des
592 898 714 939 esse
742 882 920 950 decet,
961 884 1155 956 eisque
1187 899 1416 955 erogare
1443 883 1699 951 libenter,
1734 885 2040 957 intelligen-

460 983 547 1034 tes
577 975 978 1033 scilicet~Deum
1008 992 1133 1034 esse
1160 977 1254 1049 qui
1283 977 1406 1033 illos
1429 976 1746 1033 mendicare
1773 976 2036 1045 decrevit,

458 1074 515 1122 et
562 1068 630 1123 ad
660 1083 779 1123 eam
818 1068 1190 1124 conditionem
1228 1067 1490 1136 deduxit;
1528 1076 1694 1140 atque
1745 1083 1855 1124 una
1886 1069 2038 1140 ipsos

458 1173 557 1229 per
588 1160 1159 1231 pauperienrexercet,
1183 1168 1238 1216 et
1270 1176 1367 1217 eos
1398 1161 1493 1232 qui
1536 1177 1722 1217 rerum
1747 1161 1905 1231 copia
1926 1163 2037 1233 pol-

455 1256 590 1321 lent,
638 1253 813 1309 bonos
868 1255 1133 1325 propositi
1170 1254 1273 1311 sui
1297 1255 1508 1313 fructus
1560 1270 1658 1327 per
1692 1257 2034 1328 largitionem

455 1348 645 1419 egenis
668 1347 870 1402 factam
919 1347 1163 1418 praebere
1186 1348 1483 1406 desiderat.
1535 1347 1804 1405 Tentatur
1850 1350 2035 1422 itaque

455 1456 552 1512 per
572 1455 869 1511 pauperem
899 1438 1076 1508 dives,
1112 1457 1245 1496 num
1305 1442 1519 1498 scilicet
1569 1441 1745 1498 durus
1766 1448 1821 1498 et
1856 1443 2036 1498 immi-

454 1536 714 1597 serieors.
740 1550 812 1590 an
853 1535 1125 1593 humanus
1170 1543 1226 1593 et
1278 1536 1616 1593 misericors.
1664 1535 2033 1604 Quamobrem

454 1627 599 1685 inter
617 1627 803 1682 divina
839 1636 1131 1699 praecepta,
1178 1629 1350 1683 multa
1379 1629 1448 1685 de
1478 1629 1808 1700 pauperibus
1835 1636 1890 1685 et
1908 1645 2033 1700 ege-

454 1721 543 1778 nis
592 1720 866 1777 feruntur.
915 1718 1229 1777 Secundum
1283 1722 1531 1793 quintam
1575 1731 1757 1779 autem
1787 1724 2028 1795 explica-

453 1814 680 1875 tionem.
715 1814 881 1869 alium
922 1829 1222 1885 pauperum
1273 1815 1522 1871 ordinem
1570 1818 1836 1888 reperias,
1867 1818 1962 1889 qui
1996 1831 2028 1872 ο

455 1900 744 1960 Salvatore
767 1905 963 1960 beatus
982 1904 1328 1975 praedicatur,
1361 1906 1664 1963 secundum
1687 1908 1821 1965 illud
1844 1908 2028 1963 :~Beati

451 2009 703 2066 pauperes
723 1996 940 2065 spiritu,
966 1996 1215 2067 quoniam
1240 1997 1477 2066 ipsorum
1510 2009 1830 2072 est-regnum
1855 2000 2031 2056 σοωιο-

449 2106 570 2142 rum
604 2091 672 2139 ".
733 2088 945 2155 Quibus
968 2089 1150 2146 verbis
1203 2104 1300 2146 eos
1350 2090 1446 2161 qui
1497 2092 1796 2147 secundum
1857 2091 2026 2149 Deum

448 2175 930 2248 philosophantur,
957 2185 1011 2233 et
1034 2185 1257 2249 propter
1292 2177 1534 2234 divinam
1575 2181 2023 2239 exercitationem

446 2282 714 2338 pauperes
741 2277 930 2340 agunt,
958 2269 1052 2340 qui
1083 2270 1388 2341 erant'ejus
1407 2271 1662 2343 discipuli
1682 2282 1736 2328 et
1765 2275 2022 2345 apostoli,

448 2357 701 2416 Salvator
737 2360 929 2417 beatos
958 2362 1295 2433 praedicavit.
1329 2363 1528 2419 Beatus
1552 2364 1721 2436 igitur
1746 2367 1835 2436 qui
1862 2367 2021 2423 intel-

447 2449 563 2521 ligit
586 2467 745 2521 super
770 2467 1009 2523 egenum,
1041 2467 1208 2523 super
1229 2467 1353 2509 eum
1385 2453 1479 2523 qui
1516 2452 1610 2507 illo
1634 2454 1796 2510 modo
1817 2469 2022 2525 egenus

440 2548 498 2597 et
519 2557 724 2613 panper
751 2551 865 2612 est;
891 2559 1017 2599 nam
1037 2543 1194 2600 bona:
1224 2544 1374 2600 illius
1398 2559 1464 2599 ac
1483 2542 1816 2602 felicissimae
1857 2546 2022 2603 intel-

437 2631 679 2702 ligentiae
698 2631 936 2689 fructum
960 2634 1211 2705 accipiet,
1267 2633 1362 2705 qui
1413 2634 1672 2705 deinceps
1704 2634 2017 2693 indicatur:

434 2722 512 2778 4n
536 2725 622 2782 die
646 2727 792 2782 enim
825 2726 971 2782 mala
999 2725 1245 2782 liberabit
1281 2743 1400 2782 eum
1437 2726 1730 2792 Dominus;
1778 2729 1914 2794 sive,
1938 2745 2020 2785 se-

431 2814 682 2870 cundum
713 2814 1123 2889 Symmachum,
1142 2819 1197 2873 in
1215 2819 1301 2873 die
1337 2820 1654 2891 aﬂiictionis.
1678 2820 1814 2877 Nam
1832 2822 1880 2879 si
1909 2837 2018 2894 qua

436 2908 672 2963 tentatio
693 2909 971 2982 contingat
990 2949 1007 2974 ,
1037 2918 1093 2967 et
1135 2910 1192 2966 in
1221 2912 1587 2969 calamitatem
1610 2929 2017 2986 aerumnamque

2060 1688 2102 1744 Β

2145 428 2362 501 ἀληθῶς
2388 432 2454 501 τῇ
2502 427 2741 483 διαθέσει
2789 428 3115 498 πτωχεύων·
3150 425 3339 479 τούτου
3386 426 3544 496 χάριν
3591 423 3717 477 Em-

2144 521 2414 592 συνῆπται
2437 523 2466 574 6
2488 518 2679 593 παρὼν
2712 518 2943 591 ψαλμὺς,
2976 514 3290 590 μακαρίζων
3316 515 3408 569 τοῦ
3442 512 3715 580 συνιέντος

2143 613 2238 667 ἐπὶ
2267 612 2358 666 τὸν
2388 611 2531 665 οὕτω
2580 611 2814 682 πτωχόν.
2854 610 2928 662 Τὸ
2953 610 3010 664 δὲ
3029 649 3044 675 ,
3083 607 3310 676 πένητα
3331 648 3346 673 ,
3395 604 3516 659 οὔτε
3542 607 3599 659 ὲν
3631 604 3713 676 τῷ

2150 705 2441 778 Ἐϐραῖκῷ,
2469 703 2591 759 οὔτε
2623 704 2773 777 παρὰ
2804 706 2915 768 τοῖς
2930 703 3131 767 λοιποῖς
3163 703 3515 775 έρμηνευταῖς
3543 699 3715 771 ἐμφιο

2141 815 2313 871 ρεται.
2344 798 2455 852 Καὶ
2488 797 2628 852 κατὰ
2650 798 2915 870 τετάρτην
2937 795 3172 850 διάνοιαν
3199 794 3340 847 εἴποι
3360 811 3443 856 τις
3474 792 3539 846 ἂν
3569 810 3713 862 γνω-

2141 890 2360 962 μονικὸν
2415 885 2554 944 εἶναι
2580 890 2672 944 τὸν
2700 890 2856 959 λόγον
2884 890 2978 943 καὶ
3004 886 3383 961 παραινετικὺν
3406 885 3709 956 φιλανθρω-

2138 983 2270 1047 πίας
2302 982 2397 1036 καὶ
2431 981 2820 1055 φιλοπτωχίας.
2854 982 3123 1054 Προσήκει
3154 979 3263 1051 γὰρ
3288 977 3513 1032 ἐπὶτῶν
3546 977 3713 1032 κοινό-

2136 1093 2292 1147 τερον
2321 1074 2627 1147 λεγομένων
2666 1073 2898 1146 πτωχῶν
2942 1071 3387 1144 συμπαθητικοὺς
3431 1065 3570 1123 εἶναι
3612 1069 3710 1123 καὶ

2140 1167 2544 1239 μεταδοτικοὺς,
2582 1166 2876 1231 συνιέντας,
2909 1165 2984 1229 ὡς
3023 1165 3053 1217 6
3094 1162 3292 1235 κρίνων
3321 1163 3519 1225 αὐτοὺς
3560 1179 3711 1215 πτω-

2134 1257 2314 1329 χεύειν
2337 1258 2468 1322 Θεὸς
2486 1259 2567 1322 είς
2590 1257 2793 1329 ταύτην
2818 1257 3013 1322 αὐτοὺς
3035 1256 3208 1328 ἡγαγε
3235 1253 3333 1325 τὴν
3356 1252 3706 1308 κατάστασινο

2133 1351 2269 1424 ὁμοῦ
2329 1351 2425 1423 μὲν
2479 1353 2572 1406 καὶ
2623 1352 2819 1417 αὐτοὺς
2859 1351 3149 1423 γυμνάζων
3171 1349 3260 1403 διὰ
3282 1349 3384 1420 τῆς
3410 1348 3710 1419 πτωχείας,

2132 1446 2267 1519 ὁμοῦ
2290 1448 2346 1501 δὲ
2371 1447 2464 1502 καὶ¹
2494 1447 2622 1511 τοὺς
2652 1450 2711 1501 ὲν
2736 1445 3022 1518 περιουσίᾳ
3050 1443 3166 1515 βίου
3189 1443 3433 1513 καρποὺς
3459 1442 3560 1513 τῆς
3582 1442 3712 1495 έαυυ

2131 1534 2242 1590 τῶν
2264 1536 2635 1608 προαιρέσεως
2676 1533 2934 1605 παρέχειν
2964 1533 3053 1587 διὰ
3077 1533 3176 1604 τῆς
3216 1533 3296 1598 είς
3339 1533 3466 1595 τοὺς
3510 1530 3713 1596 ἐνδεεῖς

2133 1627 2418 1692 κοινωνίας
2449 1624 2864 1698 βεϐουλημένος.
2892 1622 3216 1696 Πειράζεται
3242 1621 3373 1692 γοῦν
3403 1622 3431 1674 6
3452 1620 3710 1685 πλούσιος

2130 1718 2216 1773 διὰ
2236 1719 2329 1773 τοῦ
2363 1714 2616 1789 πένητος,
2639 1718 2749 1772 εἴτε
2774 1736 2860 1782 τις
2889 1716 3118 1789 ἀνηλεὴς
3160 1714 3255 1769 καὶ
3292 1713 3709 1786 ἀσυμπάθητος,

2129 1813 2226 1866 καὶ
2256 1810 2601 1882 ἄσπλαγχνος
2632 1811 2718 1882 εἴη
2738 1851 2753 1876 ,
2781 1809 2892 1863 εἴτε
2927 1808 3301 1882 φιλάνθρωπος
3325 1803 3435 1860 ’καὶ
3477 1804 3710 1876 ἐλεημο-

2105 1886 2299 1970 ’νικός.
2327 1904 2420 1958 Διὸ
2450 1903 2616 1967 πολὺς
2632 1904 2672 1956 -ό
2718 1900 2846 1974 περὶ
2892 1900 3001 1954 τῶν
3033 1901 3279 1971 πενήτων
3330 1897 3424 1951 καὶ
3471 1896 3708 1967 πτωχῶν

2128 1993 2286 2063 λόγος
2314 1995 2371 2047 ὲν
2394 1995 2507 2057 τοῖς
2534 1991 2699 2055 θείοις
2739 1988 3176 2063 παραγγέλμασι.
3228 1986 3339 2041 Καὶ
3381 1984 3521 2040 κατὰ
3557 1984 3706 2055 πέμ-

2129 2103 2270 2158 πτην
2308 2084 2363 2138 δὲ
2385 2084 2623 2139 διάνοιαν
2652 2076 2779 2138 ἄλλο
2807 2077 2993 2153 τάγμα
3022 2078 3253 2150 πτωχῶν
3283 2076 3462 2150 εὕροις
3506 2076 3573 2130 ἂν
3592 2115 3609 2143 ,
3640 2074 3708 2129 τὸ

2128 2177 2236 2232 ὑπὸ
2261 2177 2354 2232 τοῦ
2379 2175 2630 2247 Σωτῆρος
2664 2173 3095 2246 μακαριζόμενον
3119 2169 3259 2225 κατὰ
3290 2169 3380 2223 τό·
3407 2166 3726 2237 Μακᾶριοι.

2126 2271 2181 2323 οἱ
2211 2266 2434 2336 πτωχοὶ
2463 2264 2544 2332 τῷ
2574 2265 2887 2334 πνεύματι,
2918 2262 3007 2316 ὅτι
3037 2260 3235 2317 αὐτῶν
3261 2260 3434 2313 ἐστιν
3457 2256 3494 2327 ἦ
3515 2257 3704 2322 βασι-

2124 2360 2261 2415 λεία
2287 2359 2405 2413 τῶν
2430 2356 2703 2427 οὐρανῶν
2722 2373 2736 2386 ο
2783 2356 2844 2408 ἐν
2867 2348 2948 2417 οἷς
2972 2355 3096 2417 τοὺς
3133 2352 3275 2407 κατὰ
3306 2350 3443 2404 Θεὸν
3487 2348 3704 2419 φιλοσο⁶

2126 2452 2380 2519 φοῦντας,
2414 2451 2508 2505 καὶ
2529 2449 2626 2522 τὴν
2650 2448 2829 2503 ἔνθεον
2857 2448 3089 2518 ἄσκησιν
3110 2443 3485 2517 πτωχεύοντας
3518 2441 3547 2494 6
3579 2442 3703 2494 Σω-

2121 2547 2227 2617 τὴρ
2263 2542 2595 2617 ἐμακάριζεν
2614 2559 2626 2572 ·
2658 2542 2708 2594 οἳ
2740 2537 2881 2613 ἦσαν
2900 2541 2947 2593 oi
2970 2537 3134 2592 αὑτοῦ
3172 2534 3409 2609 μαθηταὶ
3438 2535 3532 2589 καὶ
3561 2532 3703 2588 ὰπόο

2123 2634 2318 2689 στολοι.
2344 2631 2646 2701 Μακάριος
2663 2626 2755 2686 οὖν
2777 2634 2809 2685 ό
2837 2629 3067 2685 συνιὼν
3084 2628 3182 2681 ἐπὶ
3204 2625 3463 2696 πτωχὸν,
3488 2623 3581 2678 ὲπί⁵
3602 2624 3701 2677 τὸν

2120 2727 2265 2783 οὕτω
2311 2725 2524 2797 πτωχὸν
2573 2723 2667 2777 καὶ
2709 2722 2948 2794 πένητα⁶
2976 2720 3077 2790 τῆς
3107 2716 3318 2789 ἀγαθῆς
3355 2718 3558 2788 ταύτης
3603 2714 3701 2771 καὶ

2118 2817 2521 2893 τρισμακαρίας
2578 2813 2842 2879 συνέσεως
2890 2809 3101 2887 καρπὺν
3138 2811 3366 2883 λήψεται
3418 2809 3509 2863 τὸν
3567 2808 3701 2879 ἑξῆς

2120 2911 2408 2985 εἰρημένον
2431 2927 2444 2939 ·
2502 2910 2605 2964 Ἐν
2632 2904 2822 2977 ἡμέρᾳ
2844 2904 2954 2977 γὰρ
2982 2902 3218 2972 πονηρᾷ
3227 2904 3479 2972 ῥύσεται
3508 2902 3698 2956 αὑτὸν

442 2997 671 3063 incidat,
722 3000 1183 3069 quemadmodum
1242 3001 1360 3073 ipse
1407 3002 1675 3060 intellexit
1700 3021 1864 3077 super
1887 3021 2015 3078 ege—

2126 3007 2154 3058 ό
2178 3006 2392 3074 Κύριος
2410 3019 2424 3034 ⁸
2460 3001 2494 3074 ἢ
2519 3000 2660 3056 κατὰ
2680 2999 2772 3053 τὸν
2801 2997 3117 3069 Σύμμαχον,
3156 2997 3252 3050 Ἐν
3276 2994 3468 3065 ἡμέρᾳ
3494 2992 3693 3048 κακώ-

438 3105 571 3144 num
589 3097 644 3146 et
674 3106 989 3162 pauperem,
1023 3092 1104 3149 sic
1150 3103 1460 3167 opportune
1486 3112 1580 3153 res
1607 3097 1729 3167 ejus
1754 3097 2019 3169 intelliget

2126 3111 2295 3162 σεως.
2342 3096 2406 3149 Εἰ
2454 3092 2562 3167 γὰρ
2594 3091 2803 3162 γένοιτό
2830 3107 2915 3154 τις
2945 3088 3266 3161 πειρασμὸς,
3313 3089 3350 3158 ἢ
3406 3086 3697 3158 περιπέσοι

439 3181 726 3250 Dominus,
781 3185 898 3254 pari
954 3199 1211 3243 mensura
1260 3187 1414 3244 illum
1468 3188 1722 3256 metiens,
1766 3207 1875 3264 qua
1928 3192 2020 3249 ille

350 3333 362 3344 ,
434 3292 664 3335 mensus
695 3288 831 3335 erat.

510 3539 765 3598 Dominus
793 3554 1056 3600 conservet
1084 3563 1202 3603 eum
1230 3558 1282 3604 et
1301 3549 1523 3620 viviﬁcet
1542 3566 1677 3606 eum.
1713 3548 1819 3606 Sed
1849 3551 2015 3606 etiam

426 3633 709 3689 custodiet
764 3650 889 3689 eum
920 3642 976 3692 et
1004 3636 1191 3694 vivere
1245 3637 1411 3696 faciet
1468 3656 1631 3709 eum;
1666 3649 1783 3708 aut,
1818 3656 2016 3697 sectu-

433 3724 563 3777 dum
628 3721 1042 3794 Symmachum,
1098 3728 1344 3782 custodiet
1396 3748 1533 3799 eum,
1586 3740 1636 3785 et
1686 3733 2014 3789 conservabit

433 3826 570 3866 eum.
616 3813 861 3870 Tertium
898 3832 1116 3888 quoque
1140 3819 1255 3891 ipsi
1311 3822 1578 3889 conferet,
1614 3823 1826 3880 beatum
1856 3826 2016 3897 faciet

432 3919 551 3961 eum
566 3905 620 3958 in
635 3913 777 3959 terra
784 3915 929 3976 ;aut,
943 3909 1250 3965 secundum
1258 3910 1855 3984 Symmachum,beatus
1871 3933 2011 3986 pra:-

434 3994 695 4053 dicandus
718 3997 817 4051 erit
846 3999 902 4053 in
931 4009 1094 4056 terra.
1118 4000 1254 4058 Nam
1287 3998 1418 4058 dum
1436 4003 1630 4061 adhuc
1655 4005 1714 4061 in
1740 4007 1843 4063 hac
1863 4015 2012 4065 terra

432 4093 706 4152 versatur,
729 4086 1118 4148 beatitudinem
1153 4108 1185 4147 a
1218 4092 1329 4150 Deo
1358 4105 1754 4168 consequetur,
1786 4113 2013 4156 manen-

432 4176 582 4233 tibus
630 4185 814 4235 tamen
846 4196 971 4237 eum
1009 4183 1329 4242 caelestibus
1352 4186 1535 4253 bonis,
1559 4187 1861 4245 secundum
1893 4190 2010 4247 hazc

2118 3188 2249 3242 ποτὲ
2282 3188 2536 3259 συμφορᾷ
2554 3186 2649 3240 καὶ
2676 3182 2992 3257 περιστάσει
3011 3220 3025 3246 ,
3053 3178 3239 3253 ὥσπερ
3268 3176 3432 3243 αὐτος
3461 3177 3697 3249 συνῆκεν

2116 3280 2211 3334 ἐπὶ
2239 3278 2449 3350 πτωχὸν
2482 3278 2576 3331 καὶ
2628 3276 2855 3347 πένητα,
2903 3270 3046 3327 οὕτω
3098 3274 3192 3327 καὶ
3222 3270 3388 3325 αὑτοῦ
3422 3270 3697 3343 εὐκαίρως

2118 3373 2339 3443 συνήσει
2380 3372 2410 3424 6
2451 3369 2690 3443 Κύριος,
2735 3364 2950 3439 μετρῶν
2982 3363 3133 3437 αὑτῷ
3156 3363 3219 3419 τὺ
3265 3362 3376 3417 ἴσον
3400 3362 3603 3435 μέτρον
3647 3353 3696 3430 ᾧ

2116 3463 2439 3535 ἐμέτρησεν.

2185 3553 2399 3622 Κύριος
2429 3548 2694 3621 φυλάξαι
2731 3546 2917 3602 αὐτόν
2942 3547 3040 3602 καὶ
3072 3544 3243 3613 ζήσαι
3277 3544 3484 3599 αὐτόν.
3529 3544 3693 3599 Ἀλλὰ

2114 3646 2209 3700 καὶ¹
2232 3642 2457 3714 φυλάξει
2488 3638 2649 3694 αὐτὸν
2681 3640 2774 3694 καὶ
2806 3636 2967 3710 ζῆσαι
2996 3638 3210 3709 ποιήσει
3240 3636 3401 3691 αὐτόν
3423 3654 3438 3668 ο
3479 3635 3512 3708 ἢ
3547 3637 3694 3691 κατὰ

2112 3738 2204 3791 τὸν
2228 3735 2523 3806 Σύμμαχον
2546 3750 2561 3763 ·
2595 3728 2854 3795 Φυλὰξει
2877 3731 3087 3796 αὑτὸν,
3112 3728 3210 3783 καί
3240 3727 3558 3797 περισώοῖι
3579 3731 3693 3784 αὐ·-

2111 3830 2236 3883 τόν.
2266 3827 2377 3881 Καὶ
2398 3826 2578 3898 τρίτον
2600 3823 2657 3876 δὲ
2678 3823 2827 3895 αὑτῴ
2850 3823 3094 3896 παρέξει,
3121 3821 3447 3892 μακαρία-ει
3499 3821 3692 3874 αὑτὸν

2111 3919 2182 3974 ἐν
2211 3916 2286 3988 τῇ
2303 3916 2379 3988 γῇ
2398 3934 2411 3947 ·
2440 3916 2474 3987 ἢ
2494 3914 2637 3970 κατὰ
2663 3914 2753 3969 τὸν
2773 3913 3089 3986 Σύμμαχον,
3108 3911 3484 3981 Μακαριστὸς
3511 3910 3687 3966 ἔσται

2110 4011 2181 4065 ἐν
2207 4008 2281 4079 τῇ
2310 4007 2408 4079 τῇ.
2453 4009 2541 4072 Ὠς
2562 4006 2642 4059 ἔτι
2663 3999 2772 4078 γὰρ
2804 4007 2862 4059 ὲν
2895 4008 2961 4077 τῇ
2994 4007 3063 4077 γῇ
3092 4003 3262 4075 ταύτῃ
3283 4003 3556 4074 τυγχάνει,
3581 4003 3687 4073 τῆς

2110 4101 2264 4174 παρὰ
2286 4099 2380 4154 τοῦ
2406 4098 2540 4153 Θεοῦ
2573 4098 2970 4170 μακαριότητος
2994 4096 3263 4163 τεύξεται,
3293 4094 3564 4167 μενόντων
3587 4096 3659 4148 αὑ

2108 4192 2200 4246 τὸν
2228 4193 2337 4245 τῶν
2373 4189 2511 4263 μετὰ
2555 4189 2727 4244 ταῦτα
2776 4186 3200 4262 ἐπηγγελμένων
3236 4185 3501 4259 οὐρανίων
3547 4187 3681 4254 ἀγα-

429 4270 739 4342 promissis.
776 4271 874 4330 His
925 4274 1242 4348 subjungit:
1279 4275 1351 4331 Et
1406 4295 1513 4334 non
1575 4280 1755 4335 tradat
1792 4297 1909 4335 eum
1951 4283 2008 4337 in

2126 4281 2241 4337 )t'bv.
2274 4280 2495 4344 Τούτοις
2527 4278 2768 4347 ἐπιλέγει
2791 4295 2805 4309 ·
2838 4279 2946 4333 Καὶ
2962 4276 3052 4347 μὴ
3098 4274 3343 4343 παραδῷ
3381 4274 3568 4329 αὐτὸν
3599 4277 3689 4340 εις

430 4379 618 4420 manus
641 4365 974 4422 inimicorum
1000 4368 1136 4439 ejus.
1174 4367 1281 4426 Pro
1335 4386 1443 4441 quo
1484 4370 1844 4444 Symmachus
1870 4374 1947 4429 ait
1986 4390 2001 4428 :

2126 4372 2314 4444 ίεῖρας
2343 4370 2570 4441 ἐχθρῶν
2600 4370 2814 4426 αὐτοῦ’
2849 4369 2965 4424 ἀνθ’
2993 4362 3053 4423 οὗ
3101 4370 3130 4422 6
3168 4366 3462 4439 Σύμμαχός
3511 4382 3648 4438 φησι
3667 4381 3683 4399 ο

432 4453 499 4510 Et
520 4472 623 4511 non
647 4456 819 4512 tradet
837 4474 956 4512 eum
985 4458 1039 4513 in
1071 4460 1280 4515 animos
1309 4460 1665 4515 inimicorum.

500 4542 794 4603 Sciendum
829 4555 1013 4606 autem
1047 4559 1152 4613 est,
1195 4550 1354 4615 illud,
1408 4550 1518 4622 Ego
1563 4548 1718 4606 dixi:
1753 4550 2001 4618 Domine,

430 4636 678 4694 miserere
714 4640 835 4707 mei,
867 4653 899 4694 a
936 4641 1265 4712 quibusdam
1293 4658 1361 4698 ex
1389 4641 1612 4700 Davidis
1645 4660 1881 4717 persona
1909 4647 1998 4702 di-

431 4734 580 4782 ctum
599 4728 1056 4788 aestimari:nam
1090 4733 1207 4788 sive
1245 4731 1302 4787 in
1347 4735 1526 4790 medio
1578 4735 1844 4792 insertum
1898 4754 2001 4808 pu-

428 4823 568 4881 tant,
600 4817 715 4874 sive
745 4819 813 4873 ad
855 4818 1004 4874 hunc
1034 4835 1209 4892 usque
1233 4837 1452 4878 versum
1483 4839 1605 4894 quae
1654 4823 1802 4880 dicta
1822 4842 1855 4881 a
1894 4825 2000 4881 Da-

427 4906 553 4964 vide
583 4915 711 4964 sunt
734 4910 1217 4968 circumscribunt.

499 5019 666 5077 Vens.
744 5021 952 5081 ιο-ιι.
1024 5023 1232 5082 Etenim
1288 5026 1443 5081 homo
1499 5026 1647 5098 pacis
1701 5044 1869 5096 mere,
1944 5030 2000 5084 in

426 5129 529 5184 quo
550 5115 776 5183 sperati,
820 5116 912 5186 qui
962 5116 1149 5173 edebat
1198 5134 1359 5189 panes
1414 5136 1576 5189 meos,
1632 5121 1997 5193 magniﬁcavit

424 5224 581 5278 super
606 5225 687 5264 me
708 5212 1212 5281 supplantationem.
1243 5213 1557 5272 Secundum
1591 5232 1716 5274 vero
1742 5214 1997 5289 Symma-

422 5302 611 5365 chum,
643 5300 747 5358 Sed
772 5313 823 5357 et
857 5303 1011 5359 homo
1052 5307 1144 5377 qui
1186 5323 1388 5362 mecum
1416 5325 1599 5381 pacem
1626 5308 1876 5375 habebat,
1910 5311 1998 5364 cui

423 5393 656 5463 conlisus
691 5408 858 5460 eram,
891 5396 982 5465 qui
1012 5412 1118 5452 una
1144 5414 1346 5453 mecum
1366 5414 1557 5469 panem
1590 5417 1763 5457 meum
1787 5399 1992 5465 edebat,

422 5485 610 5543 attulit
629 5501 685 5544 se
712 5502 793 5542 me
810 5504 1062 5559 sequens;
1092 5500 1187 5547 aut
1214 5493 1517 5551 secundum
1545 5492 1820 5566 Aquilam,
1854 5508 1996 5563 mag-

494 5649 539 5687 ¹ι
581 5645 770 5705 Matth.
811 5666 874 5717 ν,
913 5651 967 5707 '5.

2107 4465 2215 4520 Καὶ
2238 4466 2347 4519 οὐκ
2370 4462 2618 4518 ἐκδώσει
2639 4462 2828 4516 αὐτὸν
2856 4464 2944 4527 είς
2969 4458 3173 4530 ψυχὰς
3198 4457 3447 4529 ἐχθρῶν.

2188 4555 2383 4610 ’ἰστέον
2408 4553 2486 4620 δὲ,
2517 4553 2593 4617 ὡς
2619 4552 2707 4606 τό·
2757 4550 2896 4621 Ἐγὼ
2939 4547 3098 4614 εἶπα,
3144 4551 3321 4617 Κύριε
3347 4590 3363 4616 ,
3416 4546 3686 4614 ἐλέησόν

2100 4665 2196 4720 με,
2219 4647 2365 4711 τινὲς
2396 4649 2460 4700 ὲκ
2488 4644 2776 4717 προσώπου
2799 4643 2893 4698 τοῦ
2928 4643 3089 4697 Δαυῒδ
3120 4641 3369 4715 εἰρῆσθαί
3397 4656 3560 4710 φασιν
3585 4657 3598 4673 ·
3643 4641 3679 4714 ἢ

2107 4737 2630 4813 παρεμϐεϐλημένον
2670 4738 2726 4789 ὲν
2760 4735 2839 4807 τῷ
2874 4734 3044 4807 μέσῳ,
3080 4733 3114 4806 ἢ
3144 4734 3248 4798 ἕως
3270 4735 3389 4787 ἐκεῖ
3407 4732 3681 4803 περιγρά-

2108 4849 2300 4905 φοντες
2331 4829 2401 4884 τὰ
2423 4828 2690 4899 λεγόμενα
2730 4828 2820 4880 ὑπ’
2848 4825 3032 4880 αὐτοῦ.

2173 5028 2285 5086 Καὶ
2312 5028 2422 5100 γὰρ
2463 5028 2497 5080 ό
2544 5024 2853 5093 ἄνθρωπος
2880 5020 2988 5091 τῆς
3032 5019 3276 5090 εἰρήνης
3299 5035 3439 5089 μου.
3480 5014 3574 5087 ἐφ’
3602 5014 3678 5069 ὃν

2102 5117 2359 5191 ἤλπισα.
2404 5121 2437 5172 ό
2478 5115 2697 5171 ἐσθίων
2748 5114 2966 5183 ἄρτους
2995 5130 3137 5183 μου,
3169 5109 3536 5181 ἐμεγάλυνεν
3579 5105 3675 5160 ἐπ’

2103 5212 2208 5283 ἐμὲ
2252 5208 2633 5278 πτερνισμόν.
2678 5204 2834 5260 Κατὰ
2871 5205 2929 5260 δὲ
2972 5204 3065 5258 τὸν
3109 5202 3433 5274 Σύμμαχον⁸
3497 5197 3674 5255 Ἀλλὰ

2102 5304 2200 5358 καὶ
2230 5301 2535 5371 ἅνθρωπος
2563 5297 2631 5366 ὃς
2654 5296 2926 5369 εὶρήνευέ
2940 5313 3065 5367 μοι,
3110 5294 3308 5367 φησιν,
3345 5285 3394 5358 ᾧ
3427 5290 3671 5344 ἐπεποί-

2102 5400 2247 5465 θειν,
2273 5392 2612 5450 συνεσθιων
2634 5408 2736 5462 μοι
2759 5390 2942 5459 ἄρτον
2967 5387 3143 5459 ἐμόν,
3185 5385 3670 5456 scatens-Iuliiqu

2095 5507 2215 5562 μου
2246 5483 2626 5545 ἀκολουθῶν·
2668 5484 2703 5557 ἢ
2732 5482 2871 5537 κατὰ
2903 5481 2994 5535 τὸν
3040 5478 3271 5534 ’Δκύλαν
3289 5496 3303 5511 ⁸
3341 5480 3669 5549 Κατεμεγτι-
