3992 6216
243 337 347 394 365

1373 329 1872 390 COMMENTARIA
1913 329 1977 384 ΓΝ
2017 327 2352 383 PSALMOS.

3367 321 3471 380 566

239 456 432 522 λύνθη
459 471 578 522 μου
604 454 845 522 πτέρνα.
877 450 989 524 Τῆς
1017 432 1074 507 δὲ
1102 451 1194 505 τοῦ
1222 451 1468 523 Σωτῆρος
1498 451 1718 522 εἰρήνης
1739 444 1806 520 ἦν

1913 448 2163 518 niﬁcatus
2208 455 2285 498 est
2321 452 2512 497 contra
2542 459 2623 496 me
2653 444 2918 498 calcaneo.
2947 443 3080 498 Erat
3110 457 3274 514 porro
3301 441 3472 497 ludas

241 545 525 616 ἄνθρωπος
573 546 602 597 6
657 545 855 608 ’ῐούδας
879 585 893 608 ,
924 544 1158 607 ἀκούσας
1191 544 1285 596 καὶ⁸
1330 541 1492 606 αὐτὸς
1528 541 1665 612 μετὰ
1698 539 1806 591 τῶν

241 638 442 691 λοιπῶν
481 637 736 708 μαθητῶν
782 637 875 689 τοῦ
929 636 1178 708 Σωτῆρος
1213 635 1490 703 λέγοντος·
1541 631 1809 700 Εἰρήνην

240 730 356 797 τὴν
382 729 538 799 ἐμὴν
556 729 761 799 δίδωμι
793 728 953 798 ὑμῖν,
975 727 1220 796 εἰρήνην
1249 726 1364 795 τὴν
1401 725 1556 795 ἐμὴν
1597 724 1809 794 ἀφίημι

241 823 403 892 ὑμῖν.
443 822 601 874 Ἀλλά
645 823 773 875 καί·
817 822 932 890 Ἐφ’
983 820 1057 873 ὃν
1099 820 1333 889 ἤλπισα
1359 861 1373 887 ,
1407 817 1572 891 φησί·
1609 818 1808 888 ἢκατὰ

239 914 332 967 τὸν
369 913 598 968 Ἀκύλαν
620 954 635 979 ,
669 914 1038 980 ἐπεποίθησα
1058 953 1073 977 ,
1101 913 1134 984 ἢ
1163 912 1304 967 κατά
1349 912 1439 965 τὸν
1481 911 1772 982 Σύμμαχον
1792 951 1805 972 ,

240 1007 578 1061 ἐπεποίθειν
599 1023 612 1037 ·
641 1006 936 1077 ἐπειδήπερ
960 1006 1053 1059 καὶ
1079 1005 1227 1076 αὐτῷ
1247 1005 1446 1077 ὁμοίως
1473 1007 1586 1068 τοῖς
1606 1003 1808 1064 λοιποῖς

240 1100 556 1162 ἀποστόλοις
596 1098 701 1152 τῶν
734 1099 862 1152 ῐσων
902 1098 1169 1170 μετεδίδου
1218 1099 1599 1170 χαρισμάτων.
1660 1097 1808 1149 Ἐπ-

241 1188 450 1241 εποίθει
478 1189 534 1242 δὲ
568 1189 652 1241 ἐπ’
680 1187 826 1259 αύτῷ
856 1191 884 1242 6
916 1188 1124 1259 Σωτὴρ,
1148 1190 1240 1243 καὶ
1261 1187 1472 1257 ἀγαθὰς
1493 1183 1634 1256 εἶχεν
1661 1185 1810 1237 ἑλπί-

238 1278 335 1342 δας
367 1279 453 1332 ἐπ’
479 1278 645 1350 αύτῷ,
675 1278 762 1332 διὰ
801 1278 861 1331 τὸ
892 1278 984 1332 καὶ
1032 1280 1118 1331 ἐπ’
1152 1276 1300 1348 αὐτῷ
1333 1273 1692 1340 αὐτεξούσιον.
1733 1275 1808 1328 Ού

236 1365 348 1438 γὰρ
370 1361 438 1436 ἦν
487 1365 700 1436 φύσεως
740 1366 1000 1420 ἀδυνάτου
1060 1364 1324 1430 σώζεσθαι
1365 1367 1394 1417 6
1436 1365 1664 1429 Ἰούδας·
1695 1365 1808 1418 ἀλλ’

237 1451 349 1522 οἷός
371 1475 430 1511 τε
457 1453 546 1529 ἦν,
583 1457 842 1530 θελήσας,
879 1458 1079 1528 ὁμοίως
1104 1459 1216 1521 τοῖς
1259 1457 1466 1520 λοιποῖς
1498 1456 1810 1521 ἀποστόλοις

242 1548 648 1621 μαθητευθῆναι
685 1548 764 1619 τῷ
787 1546 902 1618 Υἱῷ
934 1547 1027 1600 τοῦ
1049 1547 1205 1609 Θεοῦ,
1247 1546 1342 1600 καὶ
1369 1546 1529 1609 καλὸς
1557 1547 1649 1600 καὶ
1677 1548 1812 1614 ἀγα-

240 1641 332 1705 θὸς
359 1640 609 1712 μαθητὴς
642 1639 1040 1693 ἀποτελεῖσθαιο
1079 1639 1355 1702 συνέστιος
1379 1637 1434 1690 δὲ
1461 1637 1535 1691 ὢν
1561 1639 1638 1709 τῷ
1666 1639 1812 1692 Διδα-

240 1733 446 1805 σκάλῳ,
478 1733 539 1786 ού
566 1734 654 1786 τὸν
698 1725 876 1786 κοινδν
912 1731 1072 1804 ἄρτον
1118 1729 1267 1801 αύτῷ
1312 1731 1470 1802 μόνον
1505 1730 1806 1802 συνήσθιεν.

237 1825 378 1880 ἀλλά
408 1826 502 1878 καὶ
534 1823 626 1877 τοῦ
677 1823 778 1894 τῆς
824 1823 1003 1894 ψυχῆς
1031 1820 1324 1894 θρεπτικοῦ
1370 1821 1805 1894 μεταλαμϐάνειν
1835 1811 1879 1865 Β

239 1915 484 1987 ἠξιοῦτω
523 1932 589 1968 πε
599 1915 650 1986 ρὶ
679 1909 740 1968 οὗ
759 1914 941 1983 ἔλεγεν
965 1916 993 1967 6
1021 1914 1210 1984 Σωτήρ
1228 1929 1242 1944 ο
1278 1912 1418 1984 Ἐγώ
1431 1916 1544 1984 ειμι
1574 1916 1607 1968 ό
1633 1913 1810 1983 ἄρτος

241 2011 277 2062 ὀ
305 2009 374 2061 ἐκ
404 2007 511 2062 τοῦ
541 2006 800 2075 οὐρανοῦ
833 2005 1110 2072 καταϐὰς,
1140 2004 1239 2058 καὶ
1268 2002 1421 2072 ζωὴν
1457 2003 1661 2070 διδοὺς
1685 2004 1810 2072 τοῖς

237 2097 590 2165 ἀνθρώποις.
645 2091 812 2160 Οὗτος
855 2091 945 2149 οὖν
996 2095 1025 2146 6
1061 2094 1331 2148 τοσούτων
1381 2092 1683 2164 ἠξιωμένος
1711 2096 1808 2166 τὴν

236 2190 475 2260 πτέρναν
503 2189 664 2242 αὑτοῦ
695 2188 884 2260 ὥσπερ
907 2187 1005 2253 λὰξ
1039 2187 1290 2240 ἐντείνων
1325 2186 1464 2240 κατά
1503 2185 1598 2239 τοῦ
1631 2187 1811 2258 Σωτῆ-

238 2296 330 2351 ρος
380 2279 550 2350 ἐπῆρε
575 2295 588 2309 ⁸
641 2278 722 2331 διὸ
793 2277 1080 2330 λέλεκται·
1134 2275 1535 2344 Ἐμεγάὶυνεν
1567 2273 1661 2326 ἐπ’
1706 2272 1812 2343 ἐμὲ

234 2373 620 2441 πτερνισμόν.
665 2371 809 2424 Ἀντὶ
840 2369 897 2422 δὲ
921 2369 1037 2430 τοῦ,
1079 2367 1475 2436 πτερνισμὸν,
1515 2365 1668 2439 παρά
1697 2368 1811 2429 τοῖς

247 2455 644 2534 Ἐὁδομήκοντα
663 2461 968 2534 εἰρημένον,
984 2462 1018 2532 η
1035 2458 1292 2531 Ἐϐραῖκὴ
1319 2459 1621 2527 ἀνάγνωσις
1639 2457 1810 2526 πτέρ-

231 2572 350 2610 ναν
376 2557 642 2626 περιέχει.
691 2554 877 2618 Οὕτως
905 2549 999 2607 οὖν
1036 2551 1325 2616 δουλεύσας
1359 2551 1436 2623 τῷ
1474 2550 1748 2622 Ἑϐραῖκῷ
1779 2551 1809 2603 6

247 2645 477 2710 Ἀκύλας
510 2645 786 2711 ἐξέδωκεν.
818 2644 979 2700 Ὅθεν
1013 2645 1152 2698 καὶὸ
1187 2641 1579 2713 εὑαγγελιστὴς
1625 2641 1808 2695 Ἰωάν-

233 2755 352 2807 νης,
380 2738 453 2800 ὡς
488 2737 553 2790 ἂν
592 2736 842 2808 Ἐϐραῖος
871 2735 931 2801 ὲξ
978 2736 1272 2809 Ἐϐραίων,
1307 2734 1396 2788 τὸν
1436 2735 1664 2806 Σωτῆρα
1687 2774 1702 2800 ,
1745 2734 1805 2788 ού

237 2829 622 2898 πτερνισμόν,
654 2813 786 2882 ἀλλά
805 2830 898 2882 καὶ
925 2828 1186 2897 πτέρναν
1202 2828 1541 2899 ὠνομακέναι
1567 2828 1808 2899 ὲμνημό·
1838 2882 1855 2890 ,

238 2937 448 2974 νευσεν.

311 3012 405 3075 Εἰς
433 3011 495 3064 τό
516 3028 530 3041 ’
595 3011 771 3080 Ἐμοῦ
801 3011 897 3064 διὰ
921 3011 1036 3079 τὴν
1073 3011 1330 3065 ἀκακίαν
1374 3011 1709 3066 ἀντελάὸου
1727 3029 1743 3043 ο
1770 3013 1801 3078 ἢ

235 3102 381 3156 κατά
403 3103 494 3155 τὸν
524 3101 750 3154 Ἀκύλαν
771 3103 862 3155 καὶ
893 3101 1204 3172 Σύμμαχον,
1230 3102 1326 3156 διὰ
1349 3102 1464 3171 τὴν
1477 3105 1802 3173 ἁπλότητα·

233 3195 534 3266 ἐπειδήπερ
579 3195 660 3260 ὡς
727 3195 1022 3263 πρόϐατον
1067 3193 1167 3246 ἐπὶ
1211 3194 1457 3262 σφαγὴν
1482 3193 1663 3264 ἤχθη,
1703 3196 1802 3249 καὶ

231 3290 316 3356 ὠς
341 3289 530 3359 ἀμνὸς
549 3289 827 3344 ἐναντίον
853 3289 959 3344 τοῦ
990 3288 1295 3356 κείραντος
1323 3288 1580 3359 ἄφωνος,
1619 3291 1805 3357 οὕτως

233 3383 344 3435 οὐκ
367 3381 626 3451 ἀνοίγων
672 3380 738 3434 τὸ
765 3382 991 3450 στόμα·
1032 3379 1147 3444 καὶ,
1185 3380 1647 3451 Λοιὸορούμενος
1691 3385 1802 3437 οὐκ

231 3472 632 3541 ἀντελοιδόρει
651 3491 664 3504 ο
697 3471 951 3541 πάσχων
979 3473 1090 3526 οὐκ
1121 3472 1355 3540 ἠπείλει
1373 3490 1387 3504 ·
1421 3473 1518 3544 τὴν
1546 3474 1720 3546 ἄκραν
1747 3475 1803 3528 δὲ

234 3564 579 3629 ἀνεξικακίαν
636 3563 1038 3634 ἐνδεικνύμενος
1109 3565 1168 3617 ἐν
1230 3563 1309 3634 τῷ
1382 3566 1841 3638 κατηγορεῖσθαι.

236 3656 463 3719 ἐσιώπα,
502 3654 1109 3727 ψευδομαρτυρούμενός
1136 3673 1195 3708 τε
1234 3655 1384 3709 ούδὲν
1433 3656 1796 3728 ἀπεκρίνατο’

237 3747 368 3800 ἀλλά
403 3747 495 3800 καὶ
521 3747 614 3800 τὸν
648 3747 814 3802 νῶτον
846 3747 1010 3800 αὑτοῦ
1045 3747 1272 3800 δέδωκεν
1293 3748 1373 3812 εἰς
1402 3747 1670 3818 μάστιγας
1708 3748 1801 3803 καὶ

233 3838 333 3900 τὰς
375 3837 626 3906 σιαγόνας
656 3838 735 3900 εἰς
781 3837 1131 3908 ῥαπίσματαο
1168 3836 1230 3890 τὸ
1279 3837 1335 3891 δὲ
1365 3839 1655 3910 πρόσωπον
1700 3838 1800 3892 οὐκ

235 3929 572 4001 ἀπέστρεψεν
593 3930 700 3983 ἀπὸ
728 3930 986 4001 αἰσχύνης
1018 3931 1444 4002 ὲμπτυσμάτων.
1476 3932 1566 3984 Διό
1611 3949 1796 4001 φησιν’

246 4021 417 4089 Ἐμοῦ
445 4020 512 4075 δὲ
523 4020 622 4074 διὰ
636 4020 748 4089 τὴν
761 4023 1016 4076 ἀκακίαν
1041 4022 1392 4088 ἁντελάϐου,
1418 4023 1516 4076 καὶ
1529 4023 1798 4079 ἐϐεϐαίω-

235 4111 353 4178 σάς
382 4129 456 4182 με
504 4112 759 4167 ἐνώπιόν
815 4129 930 4167 σου
970 4116 1056 4179 εὶς
1099 4113 1302 4168 αἰῶνα.
1359 4115 1581 4179 Τούτοις
1633 4117 1798 4170 πᾶσιν

233 4204 324 4257 ἐπὶ
336 4203 476 4257 τέλει
497 4205 556 4258 τὸ
590 4205 922 4277 προφητικὸν
945 4205 1157 4277 πνεῦμα
1180 4208 1592 4282 εύχαριπήριον
1618 4211 1798 4282 φωνὴν

231 4296 542 4366 ἀναπέμπει
592 4297 670 4369 τῷ
720 4297 840 4368 Θεῷ
896 4297 1078 4367 λέγον⁶
1132 4301 1479 4370 Εὐλογητὸς
1522 4303 1734 4370 Κύριος
1765 4304 1798 4355 ὁ

233 4386 378 4452 Θεὸς
420 4389 666 4457 Ἰσραὴλ
685 4388 804 4443 ἀπὸ
839 4388 944 4442 τοῦ
971 4389 1188 4456 αἰῶνος
1215 4391 1313 4444 καὶ
1345 4394 1432 4456 εὶς
1459 4393 1564 4445 τὸν
1588 4391 1791 4447 αὶῶναο

1911 541 2072 595 homo
2109 538 2260 608 pacis
2292 535 2612 599 Salvatoris,
2637 536 2874 606 quicum
2905 536 3026 592 aliis
3047 534 3330 604 discipulis
3357 535 3470 590 haec

1908 632 2175 686 dicentem
2231 628 2569 684 Salvatorem
2605 627 2882 681 audierat:
2933 626 3127 680 Pacem
3179 642 3348 680 meam
3403 625 3469 678 do

1909 723 2076 790 vobis,
2109 738 2289 793 pacem
2346 737 2519 775 meam
2573 719 2810 788 relinquo
2856 717 3001 772 vobis
3019 720 3084 773 ".
3129 715 3258 782 Sed,
3290 719 3345 771 in
3373 732 3470 788 quo

1910 817 2134 884 speravi,
2166 815 2277 880 ait;
2300 813 2406 877 vel,
2443 811 2742 868 secundum
2763 809 3040 881 Aquilam,
3071 810 3302 880 conﬁsus
3323 825 3473 874 sunt;

1911 916 2026 971 aut,
2081 913 2142 961 ut
2198 903 2582 978 Symmachus,
2634 903 2864 972 conﬁsus
2906 915 3088 965 eram;
3133 901 3474 972 quandoqui-

1909 1000 2030 1053 dem
2060 997 2236 1067 ipsum
2278 995 2504 1065 paribus
2539 1002 2702 1063 atque
2740 999 2966 1048 caeteros
3007 993 3286 1062 apostolos
3314 991 3473 1047 donis

1909 1088 2185 1144 aﬂ‘ecerat.
2226 1085 2545 1141 Conﬁdehat
2572 1092 2752 1140 autem
2784 1084 2834 1138 ei
2885 1082 3161 1152 Salvator,
3186 1092 3239 1139 et
3275 1083 3472 1139 bonam

1909 1182 1978 1238 de
2007 1181 2128 1251 ipso
2157 1195 2307 1250 spem
2333 1179 2588 1243 habebat,
2612 1177 2738 1248 quia
2767 1176 2824 1231 in
2845 1191 2911 1234 eo
2932 1177 3163 1233 liberum
3186 1177 3472 1233 arbitrium

1910 1284 2078 1329 esset.
2138 1271 2327 1344 Neque
2377 1272 2522 1327 enim
2573 1270 2738 1326 Judas
2791 1285 2858 1326 ex
2916 1268 3230 1340 huiusmodi
3279 1277 3473 1324 natura

1909 1373 2028 1421 erat
2061 1380 2185 1436 qua:
2241 1378 2349 1418 non
2389 1370 2576 1434 posset
2622 1363 2854 1418 salutem
2890 1361 3191 1433 consequi;
3246 1361 3338 1418 sed
3376 1377 3478 1431 po-

1910 1465 2074 1522 terat,
2110 1460 2157 1514 si
2203 1459 2424 1530 quidem
2473 1459 2760 1523 voluisset,
2797 1466 2859 1514 ut
2902 1467 2956 1515 et
2993 1459 3177 1515 caeteri
3211 1459 3469 1529 apostoli,

1908 1567 1939 1606 a
1973 1551 2114 1606 Filio
2152 1550 2245 1606 Dei
2274 1551 2500 1615 erudiri,
2533 1565 2597 1606 ac
2626 1552 2806 1608 bonus
2827 1551 3139 1622 probusqne
3171 1552 3475 1622 discipulus

1907 1641 2067 1699 allici.
2103 1643 2238 1698 Nam
2271 1659 2395 1699 cum
2427 1641 2686 1715 Magistro
2727 1644 3137 1700 contubernalis
3167 1652 3331 1709 esset,
3365 1661 3475 1701 non

1908 1749 2255 1791 communem
2302 1733 2466 1789 modo
2511 1749 2638 1788 cum
2670 1749 2738 1790 eo
2769 1749 2965 1806 panem
2997 1736 3345 1805 comedebat,
3377 1737 3474 1793 sed

1910 1828 2060 1882 illius
2111 1827 2276 1882 etiam
2320 1827 2416 1897 qui
2467 1826 2708 1881 animam
2771 1829 2947 1882 nutrit
2997 1828 3272 1899 particeps
3323 1836 3472 1885 erat:

1911 1920 1980 1976 de
2014 1934 2124 1989 quo
2169 1918 2391 1974 dicebat
2448 1915 2728 1974 Salvator:
2785 1916 2898 1989 Ego
2937 1934 3054 1973 sum
3081 1919 3234 1988 panis
3293 1919 3382 1991 qui
3411 1918 3478 1974 de

1910 2012 2042 2068 caelo
2073 2011 2359 2078 descendit,
2402 2021 2453 2067 et
2493 2012 2584 2084 qui
2624 2012 2719 2066 dat
2765 2013 2926 2066 vitam
2964 2011 3340 2068 hominibus".
3375 2011 3476 2070 llic

1911 2105 2095 2175 itaque
2153 2112 2234 2160 tot
2282 2111 2507 2160 ornatus
2563 2103 2864 2170 beneﬁciis,
2925 2105 3246 2162 calcaneum
3308 2121 3470 2164 suum

1909 2196 2070 2267 quasi
2099 2196 2435 2253 calcitrando
2461 2202 2650 2252 contra
2683 2195 3022 2254 Salvatorem
3049 2200 3274 2267 extulit;
3301 2216 3476 2272 quaro

1911 2288 2116 2344 dictum
2152 2298 2271 2347 est:
2299 2288 2663 2362 Magniﬁcavit
2685 2308 2840 2361 super
2860 2308 2941 2346 me
2969 2293 3472 2363 supplantationem.

1909 2379 2017 2436 Pro
2044 2395 2176 2436 voce
2208 2391 2389 2437 autem
2418 2383 2530 2447 illa,
2559 2383 3054 2453 supplantationem,
3087 2400 3118 2439 a
3141 2383 3283 2440 LXX
3330 2386 3475 2443 Viris

1909 2485 2194 2546 usurpata,
2221 2473 2486 2531 Hebraica
2517 2475 2703 2539 lectio,
2739 2475 3071 2542 calcaneum,
3100 2477 3340 2548 praafert.
3394 2477 3474 2532 Eo

1909 2569 2094 2640 itaque
2109 2566 2270 2622 modo
2291 2565 2485 2638 Aquila
2503 2565 2783 2624 Hebraie'e
2807 2569 2999 2625 litterae
3015 2570 3259 2626 serviens
3278 2570 3469 2626 edidit.

1908 2661 2088 2729 Quare
2114 2659 2353 2716 Joannes
2375 2661 2727 2732 evangelista,
2759 2670 2946 2733 utpote
2980 2659 3238 2718 Hebrzeus
3263 2679 3330 2719 ex
3361 2664 3468 2720 lle-

1907 2753 2068 2808 braeis
2093 2759 2270 2816 ortus,
2297 2749 2656 2815 Salvatorem,
2702 2767 2812 2807 non
2839 2751 3340 2822 supplantationem,
3375 2754 3470 2810 sed

1907 2845 2211 2900 calcaneum
2236 2842 2442 2901 dixisse
2469 2853 2754 2900 memorat.

1975 3021 2036 3078 ln
2073 3020 2207 3077 illud
2240 3035 2403 3076 vero:
2437 3018 2525 3075 Me
2539 3030 2750 3091 propter
2776 3019 3131 3076 innocentiam
3156 3020 3470 3086 suscepisti;

1907 3115 2042 3178 sive,
2073 3114 2376 3170 secundum
2418 3112 2670 3185 Aquilam
2699 3123 2755 3171 et
2801 3114 3211 3188 Symmachum,
3256 3125 3472 3186 propter

1907 3205 2321 3275 simplicitatem,
2370 3203 2507 3278 [haec
2545 3205 2800 3280 dicenda]
2837 3207 3122 3280 quoniam,
3172 3208 3310 3263 sicut
3354 3208 3468 3262 ocis

1906 3297 1977 3350 ad
2017 3295 2401 3367 jugulationem
2440 3297 2627 3352 ductus
2656 3307 2755 3362 est,
2797 3307 2846 3352 et
2892 3301 3030 3354 sicut
3078 3316 3245 3371 agnus
3289 3317 3470 3355 coram

1906 3385 2147 3442 tondente
2187 3387 2298 3441 sine
2341 3403 2480 3451 voce,
2511 3388 2590 3442 sic
2617 3404 2722 3442 non
2749 3391 2952 3457 aperuit
2997 3407 3054 3446 os
3097 3391 3332 3455 suum“,
3375 3401 3464 3446 et:

1904 3477 2037 3535 Cum
2067 3478 2487 3543 malediceretur,
2522 3496 2624 3533 non
2648 3480 3046 3536 remalediceltat
3063 3496 3084 3546 ,°
3113 3499 3233 3538 cum
3264 3490 3469 3552 patere-

1905 3579 2014 3634 tur,
2049 3585 2155 3624 non
2209 3570 2727 3624 comminabatur":
2765 3571 2860 3627 sed
2905 3587 3119 3628 summa
3165 3573 3468 3630 instructus

1903 3661 2186 3732 patientia,
2235 3677 2362 3718 cum
2414 3672 2792 3730 accusaretur,
2847 3666 3082 3734 tacebat,
3130 3680 3255 3722 cum
3314 3665 3466 3723 falsis

1903 3752 2230 3808 testimoniis
2263 3753 2632 3824 impeteretur,
2664 3755 2802 3810 nihil
2832 3754 3144 3826 respondit;
3177 3754 3272 3812 sed
3301 3756 3467 3812 etiam

1901 3841 2125 3897 dorsum
2154 3858 2314 3899 suum
2343 3843 2570 3916 ﬂagellis
2599 3845 2818 3910 obtulit,
2836 3855 2891 3902 et
2920 3846 3093 3902 malas
3114 3861 3244 3902 suas
3261 3846 3461 3917 alapis,

1903 3933 2094 3988 faciem
2129 3949 2257 3990 vero
2308 3950 2463 3990 suam
2492 3952 2602 3991 non
2641 3937 2834 3994 avertit
2871 3953 2902 3992 a
2927 3937 3132 4008 probro
3157 3947 3465 4010 sputorum.

1900 4025 2241 4097 Quapropter
2259 4027 2359 4093 ait,
2390 4026 2478 4082 lle
2505 4038 2679 4084 autem
2705 4041 2916 4101 propter
2947 4032 3302 4086 innocentiam
3341 4049 3465 4088 sus-

1899 4119 2102 4187 cepisti,
2137 4128 2188 4173 et
2207 4119 2540 4189 conﬁrmasti
2577 4136 2659 4174 nte
2701 4121 2755 4175 in
2791 4131 3068 4192 conspectu
3093 4131 3181 4178 tuo
3220 4125 3276 4177 in
3303 4133 3464 4178 mter-

1899 4227 2043 4266 num.
2087 4209 2144 4265 In
2191 4211 2298 4267 ﬁne
2328 4212 2546 4268 tandem
2593 4227 2782 4268 eorum
2836 4213 3063 4285 spiritus
3108 4215 3468 4286 propheticus

1899 4304 2194 4373 gratiarum
2227 4305 2472 4361 actiones
2512 4305 2623 4363 Deo
2666 4306 2868 4361 emittit
2905 4307 2991 4361 his
3032 4306 3246 4364 verbis:
3295 4305 3466 4360 Bene-

1899 4392 2071 4448 dictus
2106 4394 2363 4450 Dominus
2415 4396 2553 4451 Deus
2602 4395 2774 4452 Israel
2803 4414 2836 4450 a
2864 4396 3060 4451 sarculo
3109 4403 3160 4450 et
3202 4412 3367 4465 usque
3410 4396 3463 4449 in

231 4477 478 4548 γένοιτο,
504 4479 758 4548 γένοιτο·
793 4481 826 4551 ἢ
872 4480 1012 4534 κατὰ
1042 4481 1133 4534 τὸν
1195 4481 1424 4537 Ἀκύλαν
1450 4525 1466 4549 ,
1506 4498 1798 4538 πεπίστω-

1905 4485 2176 4548 sa'culum,
2207 4486 2326 4554 ﬁat,
2357 4487 2486 4555 ﬁat;
2510 4495 2625 4551 aut,
2659 4487 2958 4542 secundum
2981 4485 3255 4556 Aquilam,
3291 4486 3464 4555 ﬁdeli-

223 4564 440 4635 μένως,
493 4567 978 4637 πεπιστωμένωςο
1043 4571 1182 4623 κατὰ
1225 4571 1282 4625 δὲ
1313 4573 1404 4625 τὸν
1460 4573 1752 4645 Σύμμαχον
1778 4591 1792 4605 °

242 4659 436 4726 Ἀμὴν,
472 4657 656 4726 ὰμήν’
708 4658 855 4712 ἐνθεν
883 4662 912 4713 6
949 4661 1138 4734 Σωτὴρ
1169 4663 1264 4715 καὶ
1304 4663 1508 4734 Κύριος
1551 4665 1708 4736 ἡμῶν
1738 4667 1797 4720 ἐν

227 4750 338 4809 τοῖς
369 4747 560 4800 ἑαυτοῦ
601 4747 866 4817 διαλόγοις
920 4751 997 4814 εἰς
1025 4752 1286 4807 πίστωσιν
1318 4753 1427 4807 τῶν
1486 4755 1582 4808 ὑπ’
1631 4755 1795 4810 αύτοῦ

227 4837 533 4906 λεγομένων
579 4839 1023 4911 παραλαμϐάνειν
1075 4845 1229 4898 εἴωθε
1277 4845 1371 4898 τό’
1422 4845 1598 4915 Ἀμὴν
1645 4846 1797 4918 λέγω

222 4929 397 4996 ὑμῖν·
440 4927 500 4984 οὗ
552 4932 651 5004 τὴν
703 4932 938 4986 διάνοιαν
998 4936 1326 5009 σαφέστερον
1378 4939 1722 5010 ἡρμήνευσεν
1767 4943 1797 4994 6

239 5018 466 5083 ’Δκύλας
489 5021 677 5086 εἰπὼν,
703 5025 1177 5094 πεπιστωμένως,
1211 5028 1687 5098 πεπιστωμένως.

309 5111 466 5166 Ἀλλά
499 5114 607 5186 γὰρ
626 5114 958 5188 διῃρημένης
1003 5118 1102 5186 τῆς
1140 5119 1266 5188 ὅλης
1309 5119 1492 5190 βίϐλου
1524 5121 1632 5174 τῶν
1659 5121 1794 5191 ψαλ-

228 5200 346 5273 μῶν
378 5206 456 5268 εἰς
482 5205 640 5259 πέντε
674 5209 834 5280 μέρη,
863 5209 922 5262 τὸ
949 5211 1162 5282 πρῶτον
1199 5211 1360 5281 μέρος
1385 5212 1618 5268 ἐνταῦθα
1646 5231 1793 5285 περι-

225 5297 512 5369 γράφεται,
545 5300 842 5370 ἀρχόμενον
875 5300 973 5370 μὲν
1000 5303 1106 5354 ἀπὸ
1132 5302 1224 5355 τοῦ
1250 5309 1296 5355 α’
1317 5303 1529 5374 ψαλμοῦ
1554 5344 1568 5366 ,
1611 5305 1791 5360 τελευ-

223 5390 332 5445 τῶν
361 5391 419 5444 δὲ
440 5393 518 5455 εἰς
544 5392 633 5444 τὸν
666 5391 801 5461 μετὰ
839 5396 1048 5464 χεῖρας.
1083 5395 1221 5467 Ὥρα
1251 5395 1316 5467 δὴ
1361 5391 1452 5449 οὖν
1493 5397 1789 5469 μεταθῆναι

224 5481 318 5534 ἐπὶ
345 5483 406 5535 τὸ
429 5482 680 5554 δεύτερον
704 5501 716 5512 ·
753 5485 888 5555 ὅπερ
917 5486 1142 5555 ἄρχεται
1175 5487 1272 5556 μὲν
1305 5487 1522 5541 ἀπὸτοῦ
1548 5488 1636 5560 μα’
1656 5489 1792 5560 ψαλ-

230 5573 350 5645 μοῦ,
386 5573 813 5647 ωμπεραιοῦται
837 5575 893 5630 δὲ
926 5578 1006 5640 εἰς
1039 5577 1128 5632 τὸν
1163 5577 1260 5634 οα’.

1903 4587 2002 4640 ter,
2034 4575 2260 4646 ﬁdeliter
2278 4593 2298 4641 ;
2326 4579 2461 4641 sive,
2491 4578 2790 4634 secundum
2818 4578 3232 4649 Symmachum,
3274 4597 3459 4646 amen,

1901 4685 2074 4723 amen.
2113 4667 2268 4724 Unde
2315 4667 2573 4724 Servatur
2616 4670 2673 4725 in
2716 4669 3028 4742 colloquiis,
3064 4669 3133 4726 ad
3190 4673 3460 4728 sermonis

1901 4759 1986 4814 sui
2039 4759 2509 4815 conﬁrmationem
2560 4760 2617 4816 id
2674 4776 2942 4834 usurpare
3001 4762 3246 4820 solebat:
3294 4764 3460 4821 Amen

1897 4853 2016 4907 dico
2055 4852 2216 4908 vobis.
2265 4852 2438 4925 Cujus
2488 4854 2816 4911 sententiam
2867 4855 3113 4928 apertius
3168 4857 3460 4928 explicavit

1897 4941 2093 5016 Aquila
2119 4946 2327 5014 dicens,
2363 4947 2608 5018 ﬁdeliter,
2641 4949 2890 5020 ﬁdeliter.

1965 5121 2234 5178 Universo
2282 5122 2502 5194 quidem
2551 5125 2885 5196 psalmorum
2935 5126 3074 5182 libro
3118 5127 3174 5183 in
3218 5130 3458 5201 quinque

1895 5223 2080 5286 partes
2108 5216 2310 5282 diviso,
2351 5217 2526 5288 prima
2580 5232 2708 5288 pars
2761 5218 2870 5276 huc
2908 5218 3134 5288 desinit,
3171 5237 3293 5294 qua:
3319 5221 3458 5275 inci-

1898 5307 1980 5377 pit
2012 5321 2042 5360 a
2083 5308 2257 5378 primo
2302 5309 2531 5378 psalmo,
2576 5319 2631 5368 et
2682 5312 2740 5368 in
2800 5313 3055 5384 praesenti
3108 5315 3450 5369 terminatur.

1898 5397 2088 5454 Restat
2119 5405 2178 5454 ut
2219 5399 2514 5458 secundam
2558 5404 2958 5476 aggrediamur,
3005 5420 3129 5476 qua:
3155 5420 3184 5458 a
3218 5401 3457 5473 quadra-

1899 5491 2109 5562 sesimo
2136 5491 2314 5562 primo
2342 5494 2550 5567 incipit,
2579 5505 2633 5553 et
2662 5497 2719 5556 in
2736 5498 3195 5571 septuagesimum
3219 5493 3456 5565 primum

1903 5583 2122 5640 desinit.

295 5751 340 5782 ²¹
373 5751 534 5810 Joan.
569 5772 690 5825 xw,
723 5758 814 5815 27.
890 5760 935 5793 ’³
972 5758 1129 5820 Joan.
1161 5779 1250 5831 vt,
1288 5761 1374 5818 5|.
1453 5763 1498 5797 “
1536 5763 1641 5822 lsa.
1679 5780 1806 5834 Lm,

1972 5769 2018 5801 "
2057 5767 2074 5821 Ι
2107 5767 2250 5825 Petr.
2284 5784 2356 5838 ll,
2391 5769 2480 5832 25,
