3988 6202
520 300 628 359 367

633 425 683 480 ι.
738 421 803 476 IN
857 418 1744 496 FlNEM,l_\D_lN'[E_LLECTUM
1783 423 1982 480 mus

1117 492 1299 550 CORE
1352 493 1485 549 XLI.

596 606 778 662 Prima
827 624 955 678 pars
1003 610 1131 664 libri
1177 609 1509 680 psalmorum
1539 611 1899 682 quadraginta
1934 614 2083 683 psal-

527 715 665 764 mos,
707 699 799 770 qui
843 715 1036 756 omnes
1083 699 1303 755 Davidis
1330 709 1478 764 sunt,
1510 702 1924 772 complectitur;
1971 704 2086 758 haec

527 807 654 846 vero
712 807 870 862 quam
923 792 1146 857 inimus,
1207 793 1431 862 triginta
1482 799 1536 846 et
1585 809 1792 848 unum:
1853 810 2089 864 quorum

527 893 654 937 octo
697 885 914 954 quidem
953 883 1184 939 ﬁliorum
1224 883 1385 949 Core,
1420 901 1563 940 unus
1601 885 1809 956 Asaph,
1845 885 2093 941 Salomo-

529 977 613 1030 nis
652 992 816 1039 nnus,
848 977 1040 1046 reliqui
1075 975 1315 1032 Davidis.
1374 975 1480 1033 Eos
1519 985 1700 1034 autem
1729 979 1823 1049 qui
1861 978 2092 1034 ﬁliorum

529 1069 667 1124 Core
705 1077 855 1131 sunt,
900 1076 1088 1139 utpote
1121 1069 1314 1125 ordine
1346 1071 1576 1140 primos,
1608 1071 1676 1126 ad
1707 1086 1897 1128 eorum
1931 1073 2093 1128 intel-

532 1159 807 1230 ligentiam
845 1161 957 1230 jam
991 1161 1382 1232 expendemus.
1422 1161 1534 1220 Nos
1582 1163 1675 1218 ﬁlii
1713 1163 1853 1220 Core
1894 1165 2095 1221 inscri-

530 1253 805 1324 ptionibus
847 1254 963 1308 suis
1009 1254 1295 1324 instigant,
1351 1261 1408 1309 ut
1439 1271 1508 1312 ne
1543 1256 1848 1312 oscitanter
1897 1257 2094 1313 horum

530 1346 766 1402 lectione
789 1357 1024 1401 utamur.
1075 1345 1326 1404 Praesens
1365 1364 1495 1404 vero
1534 1349 1778 1420 psalmus
1810 1351 2094 1421 propheti-

532 1453 656 1492 cum
693 1439 922 1494 chorum
953 1441 1164 1495 tristem
1213 1440 1504 1512 animoque
1535 1441 1604 1497 de
1645 1443 1831 1512 populi
1870 1459 1939 1498 ex
1982 1444 2096 1499 cir-

531 1531 864 1586 cumcisione
892 1531 1046 1600 lapsu
1089 1541 1407 1587 maerentem
1438 1532 1669 1598 inducit,
1705 1543 1969 1606 rogatque
2001 1552 2098 1606 per

536 1620 837 1677 Salvatoris
879 1636 1034 1692 opem
1073 1624 1190 1678 erui
1226 1624 1404 1694 ipsum
1451 1633 1507 1678 et
1561 1624 1783 1680 liberari
1844 1641 1874 1680 a
1909 1627 2090 1680 malis.

533 1712 686 1780 Quod
733 1714 788 1768 in
833 1714 939 1771 ﬁne
973 1715 1244 1771 sermonis
1280 1715 1364 1770 his
1381 1716 1563 1770 verbis
1597 1718 1841 1786 assignat
1875 1735 1890 1772 :
1929 1716 2096 1786 Spera

1221 301 1490 359 EUSEBll
1527 301 2005 360 CESARIENSlS
2035 306 2185 364 ΟΡΡ.
2209 307 2388 364 PARS
2421 307 2508 364 111.
2539 338 2612 350 -
2647 306 3054 363 EXEGETICA.

2114 437 2164 493 Α
2261 432 2368 484 ΕΙΣ
2417 430 2504 482 ΤΟ
2556 430 2928 492 ΤΕΛΟΣ,ΕΙΣ
2977 428 3268 482 ΣΥΝΕΣΙΝ
3306 426 3460 480 ΤοιΣ
3506 424 3688 477 Υ101Σ

3651 301 3762 358 5'68

2803 501 2984 554 ΚΟΡΕ
3018 501 3148 553 MA'.

2264 612 2336 666 Τὸ
2367 613 2465 683 μὲν
2496 613 2713 685 πρῶτον
2762 613 2924 684 μέρος
2947 611 3048 683 τῆς
3092 610 3200 665 τῶν
3229 610 3458 682 ψαλμῶν
3495 609 3676 680 βίϐλου
3709 618 3768 680 με

2191 703 2458 774 ψαλμοὺς,
2511 705 2604 758 καὶ
2636 706 2843 768 πάντας
2897 702 2990 756 τοῦ
3022 703 3202 767 Δαυῖδ,
3260 706 3500 774 περιεῖχε
3523 721 3536 732 ·
3593 703 3656 756 τὸ
3703 701 3770 756 δὲ

2197 795 2333 865 μετὰ
2366 799 2550 868 χεῖρας
2576 797 2656 848 λα’
2679 813 2692 826 ·
2729 790 2802 849 ὧν
2831 795 2973 850 ὀκτὼ
3000 797 3096 866 μέν
3126 798 3230 849 εἰσι
3263 796 3370 848 τῶν
3418 795 3549 848 υἱῶν
3591 797 3768 867 Κορὲ,

2194 885 2274 950 εἷς
2305 887 2361 941 δὲ
2385 889 2478 940 τοῦ
2517 889 2708 958 nam,
2738 891 2831 942 καὶ
2856 886 3165 957 Σολομῶνος
3186 881 3264 952 εἷς
3285 905 3297 917 ο
3321 889 3370 940 οἱ
3395 886 3451 940 δὲ
3470 887 3645 939 λοιποὶ
3665 887 3770 940 τοῦ

2194 981 2377 1037 Δαυῒδ.
2408 981 2666 1054 Πρώτους
2687 981 2744 1036 δὲ
2765 982 2965 1036 τούτων
2985 981 3163 1045 ὄντας,
3181 982 3306 1045 τοὺς
3321 980 3426 1034 τῶν
3447 980 3577 1032 υἱῶν
3596 981 3770 1052 Κορὲ,

2193 1075 2633 1147 διασκεψώμεθα,
2669 1075 2762 1130 ἐπὶ
2793 1076 2852 1130 τὸ
2879 1075 3112 1130 συνιέναι
3142 1073 3209 1128 τὰ
3242 1073 3528 1144 λεγόμενα.
3551 1075 3775 1145 Πιιιρορ⁶

2199 1167 2372 1238 μῶσιν
2401 1168 2548 1238 ἡμᾶς
2596 1168 2646 1219 οἱ
2675 1167 2780 1219 υἱοὶ
2809 1168 2954 1238 Κορὲ
2993 1165 3082 1219 διὰ
3119 1165 3228 1218 τῶν
3266 1164 3599 1236 προγραφῶν
3631 1165 3774 1236 πρὸς

2196 1258 2256 1311 τὸ
2285 1258 2358 1329 μὴ
2387 1257 2680 1330 παρέργως
2705 1257 3010 1328 χρήσασθαι
3033 1257 3100 1325 τῇ
3119 1253 3227 1306 τῶν
3250 1253 3557 1323 λεγομένων
3587 1252 3777 1304 ἐντεύ-

2198 1347 2296 1414 ξει.
2328 1350 2549 1417 Είσάγει
2577 1349 2633 1402 δὲ
2671 1350 2699 1402 ὁ
2727 1347 2914 1420 παρὼν
2941 1346 3154 1418 ψαλμὸς
3177 1346 3268 1400 τὸν
3309 1345 3644 1418 προφητικὸν
3664 1362 3778 1415 χο-

2201 1440 2290 1513 ρὸν
2316 1440 2615 1511 περίλυπον
2641 1439 2736 1493 καὶ
2765 1438 3085 1510 σκυθρωπὸν
3114 1435 3209 1508 τὴν
3242 1436 3417 1507 ψυχὴν
3450 1436 3544 1489 ἐπὶ
3574 1439 3640 1506 τῇ
3674 1435 3776 1488 τοῦ

2197 1531 2326 1586 λαοῦ
2352 1532 2445 1587 τοῦ
2479 1535 2543 1586 ἐκ
2568 1533 2869 1604 περιτομῆς
2925 1529 3196 1584 ἐκπτώσει
3215 1546 3228 1558 ⁸
3263 1530 3357 1583 καὶ
3377 1528 3578 1596 ἐξαιτεῖ
3603 1545 3662 1581 τε
3687 1527 3780 1580 λύ-

2197 1639 2398 1692 τρωσιν
2431 1623 2526 1677 καὶ
2553 1622 2737 1677 κακῶν
2768 1621 3075 1692 ἐλευθερίαν
3101 1620 3188 1673 διὰ
3205 1619 3303 1690 τῆς
3343 1619 3610 1689 σωτηρίου
3643 1619 3777 1688 βοη-

2202 1716 2372 1781 θείας.
2406 1719 2470 1771 "O
2508 1716 2571 1788 δὴ
2596 1716 2690 1770 καὶ
2715 1717 2807 1769 ἐπὶ
2831 1715 2973 1768 τέλει
3006 1713 3100 1768 τοῦ
3134 1713 3290 1782 λόγου
3321 1714 3781 1785 ἐπισφραγίζεται

534 1808 587 1859 in
621 1805 751 1872 Deo,
785 1809 1034 1876 quoniam
1063 1807 1232 1860 adhuc
1261 1807 1546 1877 conﬁtebor
1571 1809 1673 1874 illi,
1707 1810 1945 1865 salutare
1981 1811 2098 1865 vul-

2208 1807 2398 1863 εἰπών⁸
2428 1809 2718 1862 Ἕλπισον
2741 1806 2839 1860 ἐπὶ
2863 1806 2970 1860 τὸν
2999 1805 3166 1868 Θεὸν,
3208 1803 3298 1857 ὅτι
3335 1802 3784 1873 ἐξομολογήσο-

535 1905 618 1950 tus
649 1899 748 1951 mei
776 1906 826 1952 et
851 1897 991 1952 Deus
1017 1913 1185 1953 meus.

607 2067 794 2139 Neque
850 2069 1143 2139 psalmum,
1177 2084 1354 2140 neque
1388 2068 1686 2135 canticum,
1720 2083 1896 2140 neque
1936 2067 2100 2139 quid-

537 2161 678 2232 piam
726 2161 904 2216 simile
937 2161 1223 2232 inscriptio
1251 2160 1489 2232 przefert,
1541 2160 1706 2231 idque
1733 2161 1858 2230 jure
1892 2175 1956 2214 ac
1983 2175 2098 2215 me-

535 2252 642 2305 rito
684 2269 697 2304 :
725 2251 853 2322 quia
882 2266 944 2306 ea
975 2266 1096 2323 qua:
1133 2251 1543 2320 subiunguntur
1570 2251 1906 2306 tristioribus
1936 2250 2101 2307 dictis

536 2343 692 2412 plena
722 2349 871 2409 sunt,
917 2343 1039 2399 ideo
1073 2343 1126 2397 in
1151 2344 1307 2412 ﬁnem
1347 2342 1670 2413 simpliciter
1695 2342 1978 2412 inscriptio
1995 2353 2098 2398 est.

535 2433 671 2490 Nam
716 2450 840 2490 cum
893 2451 982 2491 res
1012 2435 1252 2490 nondum
1281 2437 1628 2503 exsisterent,
1661 2436 1757 2493 sed
1785 2436 1982 2492 futura:
2013 2454 2097 2494 es-

537 2536 678 2593 sent,
721 2527 1100 2598 praedictiones
1135 2535 1344 2582 tantum
1379 2528 1779 2600 complectitur.
1820 2528 2102 2600 Siquidem

537 2623 628 2678 lilii
692 2622 830 2678 Core
877 2630 1120 2694 tempore
1181 2621 1384 2694 Moysis
1450 2624 1506 2678 in
1571 2622 1788 2678 deserto
1862 2623 2100 2678 luerunt.

538 2714 740 2771 Deinde
792 2730 923 2770 vero
973 2731 1096 2770 cum
1143 2723 1298 2786 pater
1343 2731 1530 2771 eorum
1577 2715 1717 2772 Core
1760 2717 1818 2772 in
1863 2717 2102 2790 Moysem

538 2809 858 2866 seditionem
889 2812 1240 2875 concitasset,
1272 2821 1435 2882 atque
1466 2812 1518 2867 in
1542 2813 1748 2867 familia
1781 2829 1880 2869 sua
1907 2813 2106 2884 periis-

536 2910 642 2968 set,
686 2902 917 2972 contigit
963 2909 1022 2956 ut
1056 2901 1150 2956 ﬁlii
1201 2903 1322 2973 ejus
1362 2918 1469 2958 non
1511 2920 1620 2959 una
1652 2921 1777 2960 cum
1822 2913 1979 2975 patre
2019 2906 2098 2960 in-

537 2995 798 3051 terirent:
840 3002 894 3050 et
922 2991 1049 3064 quia
1079 3002 1320 3064 paternae
1348 2997 1642 3067 impietatis
1673 2999 1970 3069 participes
1993 3014 2106 3054 non

538 3089 774 3154 fuerant,
809 3087 904 3144 sed
939 3091 1311 3158 pteniteutiam
1345 3097 1399 3144 et
1428 3091 1720 3145 maximam
1773 3105 1902 3163 erga
1937 3091 2102 3147 Deum
2133 3128 2176 3186 ο

535 3183 790 3254 pietatem
831 3181 1178 3248 exhibebant,
1212 3191 1362 3237 tanta
1412 3183 1552 3254 apud
1615 3181 1786 3240 Deum
1844 3183 2106 3254 approba-

538 3272 685 3328 tione
717 3273 865 3343 digni
916 3272 1158 3340 fuerunt,
1193 3281 1253 3328 ut
1283 3274 1445 3328 etiam
1473 3275 1773 3345 prophetia:
1809 3278 1984 3346 gratia
2013 3293 2106 3332 or-

540 3375 826 3419 narentur.
893 3364 974 3420 Ex
1019 3381 1206 3422 eorum
1241 3382 1407 3438 porro
1458 3368 1811 3423 successione
1859 3376 2106 3440 tempore

537 3457 756 3514 Davidis
794 3458 935 3516 alius
992 3457 1132 3516 Core
1187 3467 1412 3517 exortus
1463 3467 1592 3528 est,
1666 3461 1836 3531 priori
1904 3477 2106 3534 cogno.

537 3551 738 3618 minis;
802 3559 857 3608 et
914 3551 1044 3608 huic
1104 3552 1198 3608 ﬁlii
1253 3553 1364 3607 nati
1428 3553 1543 3608 alii.
1619 3551 1746 3610 Sive
1817 3554 1982 3626 igitur
2054 3557 2109 3611 hi

538 3642 846 3712 postremi,
897 3643 1014 3698 sive
1061 3643 1272 3714 priores
1301 3644 1432 3708 alii,
1492 3645 1864 3714 captivitatem
1923 3647 2107 3718 populi

538 3749 659 3804 quae
711 3735 873 3804 longo
917 3745 1106 3806 postea
1145 3743 1388 3805 tempore
1420 3737 1651 3797 accidit,
1701 3752 1765 3793 ac
1795 3735 2108 3794 Judaeorum

539 3827 722 3898 populi
793 3829 849 3881 in
917 3841 1108 3882 omnes
1159 3838 1348 3898 gentes
1409 3829 1840 3898 dispersionem,
1899 3830 2005 3886 hoc
2054 3831 2109 3885 in

541 3919 751 3988 psalmo
789 3918 1175 3974 vaticinantur.
1217 3919 1273 3974 ln
1313 3921 1667 3990 sequentibus
1713 3921 1880 3991 igitur
1913 3923 2106 3978 aiunt:

543 4009 611 4063 Et
637 4011 726 4080 qui
747 4010 966 4066 oderunt
995 4028 1089 4066 nos
1136 4011 1465 4082 diripuerunt
1491 4031 1600 4068 eos.
1627 4012 1834 4068 Dedisti
1867 4032 1961 4069 nos
1991 4027 2112 4068 tan-

539 4117 697 4171 quam
727 4118 841 4156 oves
873 4118 1114 4156 escarum
1139 4145 1153 4168 ,
1207 4114 1256 4156 et
1296 4105 1346 4158 in
1381 4105 1616 4175 gentibus
1651 4105 1945 4174 ἄειρεν-εἱδιὶ
1993 4122 2107 4161 nos.

553 4192 839 4248 Vendidisti
858 4195 1106 4264 populum
1143 4205 1290 4248 tuum
1327 4197 1439 4250 sine
1475 4197 1664 4264 pretio,
1695 4206 1744 4250 et
1772 4198 1996 4265 posuisti
2017 4215 2110 4252 nos

540 4285 875 4355 opprobrium
937 4287 1121 4342 vicinis
1177 4289 1374 4342 nostris
1424 4288 1488 4342 ’⁸.
1545 4287 1664 4344 Non
1706 4290 1850 4344 enim
1904 4289 2018 4344 haec
2052 4297 2111 4344 ut

541 4390 784 4451 tempore
818 4378 1040 4435 Davidis
1061 4389 1211 4451 gesta
1237 4380 1466 4437 historia
1495 4389 1683 4436 narrat
1711 4401 1723 4437 :
1759 4381 1880 4438 ideo
1902 4383 2101 4438 inscri-

2195 1917 2300 1970 μαι
2321 1897 2481 1964 αὺτῷ
2501 1915 2514 1929 ο
2540 1896 2836 1968 σωτήριον
2873 1896 2981 1950 τοῦ
3027 1895 3350 1965 προσώπου
3390 1911 3512 1964 μου
3594 1896 3695 1950 καί
3746 1901 3775 1953 ὁ

2200 1991 2342 2056 Θεός
2363 2008 2502 2060 μου.

2272 2082 2408 2136 Ούτε
2436 2081 2674 2153 ψαλμὸν,
2707 2078 2829 2134 οὕτε
2851 2078 2992 2150 ᾠδὴν
3018 2119 3034 2143 ,
3064 2078 3188 2132 οὕτε
3214 2097 3266 2133 τι
3293 2078 3402 2132 τῶν
3434 2077 3692 2133 τοιούτων
3737 2079 3773 2149 ἡ

2202 2175 2529 2248 προσγραφὴ
2560 2173 2803 2246 περιέχει
2828 2189 2842 2204 ο
2879 2172 2974 2226 καὶ
3005 2173 3249 2236 εἰκότως.
3294 2171 3624 2242 Ἐπειδήπερ
3649 2188 3779 2224 σκυ-

2203 2270 2562 2342 θρωποτέρων
2608 2268 2781 2336 λόγων
2827 2266 3183 2338 πεπλήρωται
3229 2264 3299 2317 τά
3354 2262 3480 2333 ἐξῆς
3531 2262 3781 2330 ἐπιλεγό-

2206 2380 2363 2434 μενα,
2399 2363 2485 2417 διὰ
2524 2360 2696 2415 ταῦτα
2735 2359 2921 2424 ἁπλῶς
2943 2361 3031 2425 εὶς
3062 2357 3129 2412 τὸ
3154 2357 3329 2422 τέλος
3351 2356 3778 2428 ἐπιγέγραπται.

2203 2453 2295 2524 Μὴ
2324 2451 2433 2523 γὰρ
2459 2449 2787 2520 ὑφεστώτων
2819 2449 3184 2520 πραγμάτων,
3218 2445 3513 2518 μελλόντων
3546 2446 3603 2498 δέ
3648 2461 3781 2498 ποτε

2204 2543 2442 2606 ἔσεσθαι,
2479 2544 2808 2614 προρρήσεις
2844 2541 3105 2613 περιέχει.
3127 2531 3136 2540 ’
3160 2539 3422 2607 Γεγόνασι
3464 2538 3562 2609 μὲν
3592 2537 3702 2608 γάρ
3732 2537 3783 2592 οι

2205 2635 2310 2688 υἱοὶ
2351 2635 2494 2705 Κορὲ
2534 2633 2627 2686 ἐπὶ
2668 2633 2768 2702 τῆς
2802 2633 3006 2703 ἐρήμου
3035 2630 3174 2705 κατὰ
3206 2632 3330 2694 τοὺς
3351 2629 3573 2701 χρόνους
3616 2630 3786 2683 Morti-

2208 2726 2364 2790 σέως.
2390 2721 2522 2779 Εἶτα
2545 2724 2641 2780 τοῦ
2675 2725 2876 2796 πατρὸς
2904 2723 3080 2777 αὐτῶν
3101 2703 3198 2777 Ῐτοῦ
3226 2722 3372 2794 Κορὲ
3412 2719 3785 2775 καταστασιά-

2207 2837 2398 2883 σαντος
2418 2819 2715 2883 Μωῦσέως,
2743 2819 2836 2872 καλ⁸
2851 2817 3186 2888 ἀπολομένου
3219 2819 3283 2887 τῇ
3309 2814 3475 2868 αὑτοῦ
3517 2816 3784 2886 φρατρίᾳ,

2205 2911 2332 2974 τοὺς
2355 2910 2543 2963 τούτου
2569 2909 2761 2974 παῖδας
2788 2909 2983 2980 συνέϐη
3010 2908 3083 2980 μὴ
3113 2907 3469 2962 συναπολέσαι
3491 2908 3570 2978 τῷ
3590 2907 3782 2978 πατρί’

2207 3003 2294 3056 διὰ
2324 3001 2384 3055 τὸ
2412 3003 2486 3074 μὴ
2520 3001 2900 3056 κεκοινωκέναι
2931 3001 3126 3065 αὐτοὺς
3149 3004 3213 3072 τῇ
3238 2999 3330 3054 τοῦ
3363 2999 3567 3072 πατρὸς
3588 2999 3785 3052 δυσσε-

2209 3095 2349 3168 ϐείᾳ,
2381 3095 2668 3166 μετάνοιαν
2704 3093 2761 3147 δὲ
2791 3093 3193 3164 ἐνδειξαμένους
3234 3093 3328 3146 καὶ
3365 3091 3623 3163 πλείστην
3655 3090 3787 3161 περὶ

2208 3185 2298 3238 τὸν
2325 3185 2456 3238 Θεὸν
2501 3183 2808 3247 εὐλάϐειαν,
2856 3182 3126 3253 τοσαύτης
3173 3182 3442 3253 ἀποδοχῆς
3487 3179 3786 3250 ἠξιωκέναι

2209 3277 2358 3348 παρὰ
2396 3277 2471 3348 τῷ
2499 3275 2639 3347 Θεῷ,
2666 3275 2741 3338 ὡς
2777 3275 2870 3328 καί
2913 3273 3254 3346 προφητικοῦ
3300 3273 3635 3344 χαρίσματος
3681 3290 3784 3344 με·

2207 3371 2446 3440 τασχεῖν.
2495 3370 2589 3422 Ἐκ
2617 3368 2675 3421 δὲ
2710 3368 2809 3439 τῆς
2831 3366 3034 3420 τούτων
3057 3365 3308 3437 διαδοχῆς
3331 3366 3472 3418 κατὰ
3504 3366 3628 3428 τοὺς
3655 3363 3790 3435 xpo-

2209 3479 2332 3526 νους
2361 3461 2521 3516 Δαυῒδ
2569 3460 2776 3529 γίνεται
2806 3460 2992 3531 ἕτερος
3024 3459 3191 3532 Κορὲ,
3221 3456 3508 3529 ὁμώνυμος
3537 3457 3614 3529 τῷ
3650 3473 3791 3526 τερο-

2207 3554 2372 3625 τέρῳ,
2401 3553 2494 3607 καλ⁸
2521 3552 2712 3606 τούτου
2738 3552 2914 3622 ἐτεροι
2937 3553 3143 3614 παῖδες.
3169 3550 3283 3603 Εἶτ’
3315 3546 3407 3604 οὖν
3444 3543 3588 3603 οὗτοι
3608 3589 3623 3612 ,
3672 3549 3792 3602 εἴτε

2208 3649 2259 3702 οί
2282 3648 2556 3720 πρότεροι,
2588 3649 2684 3716 τὴν
2712 3645 2928 3717 μακρὰν
2960 3644 3184 3715 ὕστερον
3234 3643 3539 3715 γενομένην
3576 3642 3793 3711 αἰχμα-

2209 3740 2410 3794 λωσίαν
2439 3739 2532 3791 τοῦ
2561 3737 2690 3790 λαοῦ
2716 3738 2809 3791 καὶ
2841 3736 2938 3808 τὴν
2961 3737 3040 3801 είς
3069 3737 3242 3790 πάντα
3273 3734 3341 3788 τὰ
3375 3733 3501 3804 ἐθνη
3527 3730 3619 3784 τοῦ
3657 3733 3796 3784 Ἰου-

2209 3831 2373 3888 δαίων
2417 3830 2602 3895 έθνους
2655 3831 2953 3901 διασπορὰν
3007 3827 3322 3893 θεσπίζουσι
3373 3825 3460 3878 διὰ
3501 3824 3592 3878 τὸν
3649 3823 3795 3894 μετὰ

2212 3926 2418 3994 χεῖρας.
2468 3923 2756 3992 Προῖόντες
2806 3921 2936 3990 γοῦν
2983 3937 3152 3990 φασιο
3203 3917 3314 3972 Καὶ
3364 3918 3419 3970 ol
3461 3915 3796 3986 μισοῦντες

2210 4010 2369 4080 ἡμᾶς
2393 4009 2714 4079 διήρπαζον
2741 4011 2982 4076 αὐτούς.
3043 4008 3306 4072 Ἔδωκας
3330 4005 3485 4076 ἡμᾶς
3522 4005 3603 4070 ὡς
3649 4006 3797 4070 πρό-

2212 4105 2357 4157 ϐατα
2374 4103 2676 4172 βρώσεως,
2691 4102 2789 4157 καί
2809 4103 2877 4157 ἐν
2891 4102 3011 4168 τοῖς
3033 4102 3232 4155 ἔθνεσι
3253 4099 3594 4164 διέσπειρας
3609 4095 3793 4166 ἡμᾶς.

2227 4197 2464 4252 Ἀπέδου
2485 4197 2592 4251 τὸν
2611 4199 2764 4252 λαόν
2783 4213 2899 4250 σου
2922 4196 3068 4249 ἄνευ
3109 4193 3288 4264 τιμῆς
3303 4208 3316 4221 ·
3345 4192 3442 4245 καὶ
3466 4192 3608 4245 ἔθου
3633 4188 3799 4257 ἡμᾶς

2213 4291 2442 4358 ὄνειδος
2474 4290 2598 4357 τοῖς
2628 4292 2892 4360 γείτοσιν
2915 4288 3103 4358 ήμῶν.
3137 4288 3212 4341 Ού
3239 4286 3348 4357 γὰρ
3383 4284 3473 4337 ἐπὶ
3509 4280 3604 4335 τοῦ
3631 4279 3800 4334 Δαυῖδ

2213 4383 2386 4437 ταῦτα
2421 4385 2454 4455 ἡ
2487 4384 2698 4456 ἱστορία
2722 4381 3048 4452 γεγενῆσθαι
3071 4381 3342 4452 περιέχει·
3361 4379 3447 4432 διὰ
3478 4377 3640 4430 τοῦτο
3667 4393 3801 4447 προι

540 4475 653 4546 ptio
698 4475 751 4528 in
787 4475 944 4544 ﬁnem
974 4474 1157 4529 habet.
1191 4473 1367 4544 Atque
1398 4475 1526 4545 quia
1558 4491 1622 4530 ex
1682 4475 1866 4530 divina
1908 4476 2104 4533 intelli-

2215 4475 2523 4546 γέγραπται
2543 4477 2629 4540 εὶς
2663 4474 2730 4527 τὸ
2758 4473 2950 4539 τέλος.
2977 4473 3086 4525 Καὶ
3101 4471 3194 4524 ἐπὶ
3221 4469 3406 4540 θεῖκῆς
3426 4467 3488 4538 δὴ
3523 4466 3798 4528 συνέσεως

539 4567 719 4636 gentia
755 4567 868 4622 hzec
899 4569 953 4622 in
976 4567 1162 4623 futuro
1187 4576 1427 4638 tempore
1447 4577 1598 4639 gesta
1619 4577 1811 4638 putare
1837 4571 2111 4638 convenit,

539 4659 850 4714 necessario
867 4660 1072 4714 dictum
1093 4668 1197 4721 est,
1220 4659 1286 4712 ad
1301 4660 1640 4717 intellectum.
1665 4660 1772 4716 Pro
1791 4663 1882 4717 illo
1905 4671 2108 4727 autem,

539 4747 668 4816 ﬁliis
703 4747 854 4812 Core,
882 4749 1077 4820 Aquila
1120 4753 1320 4819 pariter
1346 4759 1401 4805 et
1435 4752 1795 4824 Symmachus
1822 4797 1836 4821 ,
1878 4755 2111 4824 ﬁliorunt

541 4840 674 4896 Core
706 4844 1043 4912 interpretati
1095 4853 1264 4910 sunt,
1309 4847 1568 4902 docentes
1612 4862 1801 4902 eorum
1835 4863 1957 4904 esse
1987 4864 2112 4919 pro-

539 4932 785 5005 phetias,
824 4937 918 5006 qui
958 4952 1018 4992 se
1049 4935 1214 4992 Deum
1273 4937 1450 5008 ipsum
1484 4939 1658 5005 sitire,
1689 4947 1851 5010 atque
1879 4956 2065 4997 amore
2089 4981 2104 5004 ,

540 5025 811 5080 desiderio
838 5035 893 5082 et
945 5031 1387 5100 concupiscentia
1436 5031 1582 5086 illius
1641 5031 1882 5087 fontibus
1938 5034 2111 5089 teneri

541 5119 852 5174 fatebantur
872 5159 886 5180 .
916 5121 982 5176 de
1012 5137 1120 5192 quo
1151 5121 1357 5177 dictum
1390 5132 1474 5179 est
1494 5125 1539 5156 "’
1566 5143 1578 5180 :
1610 5124 1877 5191 Quoniam
1901 5123 2040 5193 apud
2064 5135 2112 5180 te

539 5220 614 5266 est
646 5211 763 5280 fons
788 5211 927 5277 vitae,
957 5213 1012 5266 iu
1059 5213 1253 5268 lumine
1282 5223 1370 5268 tuo
1410 5213 1696 5270 videbimus
1729 5213 1924 5271 lumen.
1961 5213 2110 5281 Qua-

541 5309 761 5370 propter
787 5299 1038 5355 dicebant
1071 5320 1084 5356 :

613 5390 780 5449 Vens.
811 5391 864 5456 9..
898 5393 950 5448 5.
997 5393 1446 5458 Quemadmodum
1495 5396 1758 5450 desiderat
1813 5414 1990 5452 cervus
2039 5398 2109 5452 ad

541 5483 711 5550 fontes
759 5500 1052 5554 aquarum,
1106 5485 1183 5538 ila
1213 5483 1478 5539 desiderat
1529 5486 1712 5538 anima
1760 5501 1876 5539 mea
1909 5484 1978 5538 ad
2020 5493 2104 5554 te,

542 5576 703 5631 Deus.
740 5576 1038 5632 Cornutum
1075 5577 1272 5630 animal
1319 5584 1404 5633 est
1433 5591 1658 5643 cervus,
1691 5576 1786 5632 sed
1814 5576 1978 5631 etiam
2009 5594 2107 5650 pu~

615 5757 660 5788 "
698 5754 839 5812 l’sal.
879 5773 1006 5811 me
1033 5797 1046 5820 ,
1087 5757 1273 5813 11-14.
1350 5757 1395 5790 ⁸⁷
1430 5754 1574 5814 I’sal.
1615 5771 1787 5824 xxxv,
1826 5756 1914 5812 10.

2215 4569 2293 4641 τῷ
2352 4569 2598 4641 μέλλοντι
2650 4567 2824 4622 ταῦτα
2876 4569 3014 4621 νοεῖν
3048 4566 3360 4634 ἀναγκαίως
3389 4562 3637 4634 εἴρηται,
3702 4563 3797 4625 εἰς

2215 4662 2492 4715 σύνεσιν.
2535 4661 2677 4714 Ἀντί
2705 4661 2761 4713 δὲ
2791 4659 2905 4722 τοῦ,
2934 4658 3056 4725 τοῖς
3088 4656 3241 4722 υἱοῖς
3271 4656 3420 4724 Κορὲ
3438 4695 3452 4719 ,
3485 4650 3796 4724 συμφώνως

2213 4751 2242 4803 ὁ
2292 4751 2520 4814 Ἀκύλας
2547 4751 2643 4804 καὶ
2670 4753 2697 4802 ό
2721 4749 3036 4820 Σύμμαχος,
3071 4747 3188 4801 τῶν
3210 4745 3358 4802 υἱῶν
3396 4742 3542 4812 Κορὲ
3565 4783 3579 4806 ,
3607 4743 3795 4813 ἡρμή-

2215 4861 2432 4908 νευσαν,
2465 4844 2804 4907 διδάσκοντες
2837 4843 3014 4895 αὐτῶν
3047 4837 3184 4896 εἶναι
3216 4840 3315 4904 τὰς
3343 4837 3711 4910 προφητείαςο
3741 4836 3795 4890 οἳ

2213 4937 2370 5009 διψῇν
2386 4935 2692 5008 ὡμολόγουν
2718 4935 2878 4990 αὑτὸν
2908 4936 2998 4988 τὸν
3024 4934 3177 5000 Θεὸν,
3203 4933 3362 4986 πόθον
3378 4949 3436 4985 τε
3460 4929 3553 4984 καὶ
3576 4930 3791 5000 ἵμερον,

2219 5031 2311 5085 καὶ
2343 5028 2634 5100 ἐπιθυμίαν
2668 5027 2810 5100 ἔχειν
2841 5029 2938 5099 τῆς
2970 5029 3098 5098 παρ’
3130 5026 3278 5096 αύτῴ
3316 5024 3516 5097 πηγῆς,
3561 5023 3691 5091 περὶ
3721 5017 3793 5093 ἧς

2216 5119 2449 5192 εἴρηταιο
2485 5121 2605 5172 Ὅτι
2645 5118 2804 5187 παρὰ
2853 5118 2952 5173 σοι
3001 5119 3162 5187 πηγὴ
3196 5115 3365 5187 ζωῆς,
3404 5116 3474 5170 ἐν
3507 5113 3587 5182 τῷ
3639 5115 3794 5185 φωτί

2217 5227 2332 5266 σου
2359 5211 2624 5280 ὀψόμεθα
2657 5210 2800 5280 φῶς.
2831 5211 2920 5264 Διὸ
2944 5209 3153 5278 ἔλεγονο

2291 5394 2400 5447 Ὃν
2441 5393 2664 5460 τρόπον
2723 5390 2996 5445 ἐπιποθεῖ
3035 5389 3261 5458 ἔλαφος
3300 5386 3398 5440 ἐπὶ
3437 5384 3544 5451 τὰς
3590 5381 3793 5452 ,πηγὰς

2217 5485 2333 5541 τῶν
2379 5484 2630 5549 ὑδάτων,
2669 5486 2855 5550 οὓτως
2900 5483 3173 5538 ἐπιποθεῖ
3201 5484 3237 5550 ἡ
3271 5480 3440 5551 ψυχή
3475 5496 3591 5550 μου
3639 5477 3794 5546 πρὸς

2217 5577 2312 5645 σὲ,
2387 5579 2421 5632 ό
2488 5579 2651 5642 Θεός.
2721 5574 3073 5646 Κερασφόρον
3133 5571 3271 5638 ζῶον
3311 5574 3344 5644 ἡ
3378 5571 3606 5640 ἔλαφος*
3655 5567 3795 5622 ἀλλὰ
