3992 6216
1297 270 1799 332 COMMENTARIA
1836 269 1904 328 IN
1942 268 2282 327 PSALMOS.

3290 271 3397 328 370

174 399 268 451 καὶ
332 396 569 471 καθαρὸν
642 397 784 454 κατὰ
843 397 934 453 τὸν
1003 395 1187 469 νόμον,
1249 397 1348 469 ἤδη
1373 396 1431 450 δὲ
1461 396 1553 450 καὶ
1614 394 1733 464 ὀφι-

1842 408 1955 448 rum
2008 391 2310 449 secundum
2372 389 2541 462 legem
2566 428 2583 455 ,
2631 389 2973 460 serpentibus
3021 386 3387 451 mortiferum,

174 489 409 554 οκτόνον,
472 488 567 543 καὶ
611 490 830 544 πάντων
887 490 1131 562 ἑρπετῶν
1172 487 1533 561 ἀναιρετικὸν,
1600 486 1737 541 ἀλλά

174 581 266 634 καὶ
330 579 441 635 τῶν
513 579 612 645 τὰς
660 583 897 654 ἐρήμους
972 580 1427 653 μεταδιωκόντων.
1488 578 1738 643 Τοιοῦτος

173 671 231 724 δὲ
287 667 356 743 ἦν
403 672 432 724 ὁ
476 672 810 742 προφητικὸς
857 671 1051 743 χορὸς,
1115 670 1412 744 φιλέρημος
1463 669 1558 722 καὶ
1603 670 1735 722 ἀνα·-

175 762 524 834 κεχωρηκώς.
544 763 630 815 Ἐν
646 762 897 835 ἐρημίαις
916 762 1046 832 γοῦν
1104 763 1197 817 καὶ
1240 761 1411 835 ὄρεσι,
1457 763 1551 815 καὶ
1597 778 1737 833 σπη-

178 853 349 919 λαίοις
381 855 707 926 πεποιῆσθαι
735 855 977 923 λέγονται
1004 853 1101 918 τὰς
1119 854 1398 927 διατριϐάς
1416 872 1430 885 ·
1463 853 1599 909 ἀλλά
1644 857 1738 910 καὶ

182 948 361 1019 πάσης
383 947 671 1019 ἐτύγχανον
692 947 1068 1019 ἀντικειμένης
1093 947 1391 1019 δυνάμεως,
1413 947 1506 1001 καὶ
1536 947 1738 1010 παντὸς

178 1040 270 1094 τοῦ
300 1040 437 1094 κατὰ
456 1041 688 1094 διάνοιαν
714 1040 941 1111 ἑρπετοῦ
969 1042 1321 1115 ἀναιρετικοί,
1360 1042 1436 1105 ὼς
1483 1040 1547 1095 ἂν
1590 1041 1739 1112 ἕχον-

177 1149 268 1194 τες
291 1132 385 1185 καὶ
409 1131 558 1185 αὐτοὶ
577 1134 765 1186 πατεῖν
790 1133 973 1187 ὲπάνω
1003 1132 1178 1202 ὄφεων
1199 1120 1292 1186 ιιαὶ
1322 1131 1619 1204 σκορπίων,
1645 1133 1737 1186 καὶ

175 1221 269 1274 ἐπὶ
291 1223 466 1275 πᾶσαν
492 1222 591 1294 τὴν
632 1221 857 1294 δύναμιν
891 1222 987 1276 τοῦ
1035 1221 1252 1294 ἐχθροῦ.
1306 1222 1647 1295 Κερασφόροι
1681 1223 1740 1276 δὲ

175 1310 439 1382 ὑπῆρχον,
460 1310 536 1373 ὠς
564 1310 741 1381 λέγειν
764 1311 1021 1366 δύνασθαι
1042 1326 1052 1336 ⁸
1088 1313 1182 1365 Ἐν
1203 1311 1301 1366 σοὶ
1331 1311 1471 1376 τοὺς
1490 1310 1740 1380 ἐχθροὺς

174 1401 344 1471 ἡμῶν
391 1403 793 1474 κερατιοῦμεν.
836 1404 993 1458 Ἀλλά
1025 1404 1119 1457 καὶ
1162 1402 1393 1474 καθαροὶ
1423 1402 1522 1474 τὴν
1563 1401 1739 1474 ψυχὴν

174 1494 493 1565 ἐτύγχανον»,
528 1496 577 1548 εἰ
620 1495 714 1549 καί
759 1512 903 1559 τινες
930 1495 1111 1549 ἄλλοι·
1145 1494 1225 1548 διὸ
1262 1493 1445 1564 ἐλάφῳ
1473 1492 1742 1565 παρεϐάλ-

172 1586 342 1640 λοντο.
360 1585 512 1640 Ἐπεὶ
544 1586 638 1641 καὶ
666 1586 827 1650 αὐτὸς
848 1588 877 1639 ὁ
897 1584 1128 1656 νυμφίος
1152 1584 1455 1656 ὲνᾊσματι
1484 1583 1742 1654 ᾀσμάτων

174 1678 352 1751 νεϐρῷ
383 1678 565 1750 ἐλάφῳ
586 1678 932 1749 ἀφωμοίωτο,
964 1678 1059 1730 καὶ
1074 1678 1130 1732 ὲν
1159 1676 1239 1743 τῷ
1272 1675 1390 1730 Ἰὼϐ
1419 1675 1477 1729 δὲ
1502 1676 1737 1748 εἴρηταιο

1836 484 2093 555 omnique
2126 483 2307 554 reptili
2340 482 2656 546 exitiosum,
2688 490 2851 552 atque
2885 496 2953 537 ex
2986 493 3176 534 eorum
3201 492 3389 549 genere

1834 590 1956 646 quae
1988 573 2310 632 solitudines
2344 572 2693 643 frequentare
2719 574 2918 629 solent.
2949 570 3100 628 Talis
3128 580 3245 627 erat
3272 585 3389 640 pro-

1835 666 2085 737 pheticus
2113 666 2337 729 chorus,
2372 679 2566 723 amans
2624 664 2934 721 solitudinis
2998 677 3064 719 ac
3125 675 3395 719 secessus.

1836 760 1893 814 lu
1922 760 2154 816 desertis
2187 760 2371 831 itaque
2394 800 2411 827 ,
2469 760 2748 816 montibus
2797 767 2852 815 et
2900 756 3172 828 specubus
3199 752 3400 810 versati

1835 865 1961 907 esse
2019 851 2306 919 feruntur;
2350 852 2460 908 imo
2507 853 2671 907 etiam
2727 850 2874 907 omni
2928 847 3254 905 adversaria
3303 859 3404 916 po-

1839 943 2043 1008 testati,
2081 944 2338 1014 omnique
2368 944 2639 1017 spirituali
2673 942 2850 1013 reptili
2885 941 3099 998 exitiosi
3122 945 3300 1002 erant,
3322 944 3405 992 ut-

1839 1043 1967 1106 pote
1994 1035 2086 1105 qui
2117 1042 2445 1106 potestatem
2487 1045 2542 1092 et
2590 1035 2689 1105 ipsi
2723 1033 2985 1089 baberent
3016 1030 3258 1088 calcandi
3286 1045 3399 1087 ser-

1836 1134 2025 1196 pentes
2083 1136 2140 1183 et
2191 1127 2540 1199 scorpiones,
2575 1137 2579 1143 '
2611 1135 2666 1182 et
2715 1140 2929 1181 omnem
2991 1124 3244 1180 virtutem
3300 1125 3404 1180 ini-

1841 1218 1967 1274 mici
2007 1239 2020 1273 :
2081 1221 2295 1276 cornuti
2347 1235 2562 1291 quoque
2589 1227 2774 1283 erant,
2804 1226 2865 1274 ut
2910 1216 3093 1274 dicere
3134 1227 3402 1287 possent:

1843 1309 1909 1365 In
1943 1322 1988 1366 te
2020 1313 2259 1368 inimicos
2294 1322 2501 1368 nostros
2553 1311 2917 1366 uentilabimus
2969 1324 3131 1365 cornu
3175 1308 3243 1362 ³⁸.
3293 1306 3406 1364 Imo

1837 1402 2001 1457 etiam
2053 1403 2175 1473 puri
2236 1404 2419 1459 animo
2449 1412 2712 1475 quantum
2752 1401 2992 1473 quipiam
3033 1399 3155 1468 alii;
3214 1412 3407 1468 quam-

1840 1495 2025 1549 obrem
2082 1511 2242 1550 cerro
2307 1496 2792 1567 comparabantur.
2842 1491 3122 1564 Siquidem
3181 1500 3236 1547 et
3290 1490 3411 1560 ipse

1842 1600 2080 1655 sponsus
2103 1586 2156 1641 in
2188 1585 2415 1641 Cantico
2443 1586 2784 1641 canticorum
2824 1584 3052 1640 hinnulo
3078 1596 3239 1638 cervo
3259 1596 3409 1637 com-

1844 1688 2066 1747 paratur
2103 1680 2168 1733 ".
2209 1679 2269 1733 ln
2315 1679 2452 1734 libro
2480 1677 2585 1734 Job
2612 1693 2830 1750 quoque
2859 1676 3062 1734 dicitur
3093 1694 3107 1730 :
3148 1673 3408 1730 Observa-

187 1770 530 1839 Ἐφύλαξας
555 1770 623 1824 δὲ
650 1768 853 1840 μῆνας
877 1770 1115 1839 ἐλάφων
1149 1768 1363 1835 ὠδῖν’ἀς
1390 1785 1451 1823 τε
1474 1787 1487 1800 ⁸
1516 1768 1740 1835 αὐτοὺς

1842 1767 1910 1821 sti
1949 1784 2149 1824 menses
2194 1785 2497 1835 ceruorum,
2547 1780 2596 1826 et
2624 1780 2850 1841 partus:
2878 1770 3019 1839 ipsos
3071 1767 3303 1843 dimittes
3340 1764 3407 1821 ³ο.
3448 1814 3451 1819 .

170 1860 621 1927 ὲξαποστελεῗς.
654 1861 920 1926 Τοιαύτας
955 1862 1010 1916 δὲ
1038 1859 1260 1930 λογικὰς
1304 1860 1533 1931 ἐλάφους
1568 1862 1597 1914 ὁ
1625 1860 1739 1916 Κύ⁴

174 1970 293 2026 ριος
312 1952 728 2025 καταρτίζεσθαι
775 1953 987 2022 λέγεται
1014 1955 1071 2006 ὲν
1100 1953 1186 2022 κη’
1208 1952 1429 2024 ψαλμῷ,
1453 1952 1734 2023 φάσκοντι·

172 2043 349 2113 Φωνὴ
373 2044 593 2113 Κυρίου
614 2044 1066 2115 καταρτιζομένη
1096 2043 1384 2113 ἐλάφους.

243 2132 417 2192 Abeat
446 2136 620 2191 τοίνυν
667 2139 723 2191 al
763 2136 971 2206 ἔλαφοι,
1012 2138 1112 2210 τῆς
1138 2137 1323 2209 πηγῆς
1362 2135 1740 2209 διαλειπούσης

173 2228 343 2293 αύτάς
360 2227 450 2283 διὰ
478 2227 575 2293 τὰς
603 2229 832 2300 ἀνομίας
863 2228 956 2282 τοῦ
981 2228 1110 2284 λαοῦ
1130 2269 1146 2295 ,
1183 2229 1276 2283 καὶ
1298 2229 1741 2301 ἀποστραφέντος
1769 2259 1785 2273 -

171 2321 263 2376 τοῦ
297 2320 454 2388 Θεοῦ,
477 2320 598 2375 καθ’
622 2320 823 2386 ἑαυτὰς
855 2321 1227 2388 ἀπεκλαίοντο,
1260 2321 1355 2376 καὶ⁸
1395 2324 1508 2387 τοῖς
1534 2323 1739 2379 ἑαυτῶν

170 2412 428 2485 δάκρυσιν
450 2413 686 2485 ἐχρῶντο
718 2416 914 2487 τροφῇ,
936 2414 1128 2479 νυκτὸς
1149 2414 1242 2468 καὶ
1285 2414 1497 2487 ἡμέρας
1514 2415 1613 2488 τὴν
1636 2415 1742 2470 άπ-

170 2504 369 2558 ώλειαν
394 2504 489 2559 τοῦ
530 2505 659 2559 λαοῦ
689 2504 1090 2577 ἀποθρηνοῦσαι
1108 2522 1124 2536 ο
1154 2504 1463 2576 ὡμολόγουν
1502 2523 1563 2559 τε
1582 2506 1740 2579 διψῇν

170 2596 233 2648 ού
262 2597 372 2659 τοῖς
400 2594 613 2667 σώμασι
638 2595 731 2650 καὶ
747 2598 865 2660 ταῖς
891 2594 1049 2667 σαρξὶ
1081 2594 1181 2659 τὰς
1215 2595 1390 2667 τούτῳ
1419 2596 1579 2667 φίλας
1615 2598 1741 2669 ἠδο-

171 2685 290 2750 νάς,
314 2685 429 2740 ἀλλ’
462 2684 599 2757 αὐτὴ
619 2687 653 2757 ἡ
668 2684 814 2758 ψυχὴ
840 2686 1021 2742 ποθεῖν
1046 2687 1139 2741 καὶ
1161 2687 1469 2759 ἱμείρεσθαι
1490 2688 1633 2744 κατὰ
1650 2690 1741 2745 τὸν

171 2778 467 2849 Σύμμαχον
491 2777 601 2846 τῆς
635 2778 783 2846 πρὸς
818 2778 922 2832 τον
947 2778 1095 2833 Θεὸν
1121 2779 1382 2847 πορείας.
1413 2780 1504 2835 Διὸ
1523 2780 1705 2851 ελεγον
1721 2799 1737 2814 ·

178 2867 379 2933 οὕτως
403 2866 675 2922 ἐπιποθεῖ
690 2868 728 2935 ἡ
755 2867 925 2936 ψυχή
940 2885 1059 2937 μου
1082 2870 1232 2937 πρὸς
1259 2870 1355 2939 σὲ,
1382 2874 1416 2927 ό
1443 2872 1588 2940 Θεός
1608 2890 1624 2905 ο
1649 2875 1743 2928 καὶ

177 2958 343 3013 πάλιν
358 2975 371 2988 ·
411 2958 740 3026 Ἐδιψησεν
764 2961 801 3029 ἡ
828 2959 998 3028 ψυχή
1021 2979 1140 3031 μου
1156 2963 1304 3031 πρὸς
1328 2962 1436 3018 τὸν
1464 2965 1615 3020 Θεὸν
1636 2967 1744 3021 τὸν

176 3047 436 3119 ισχυρὸν
476 3047 584 3103 τὸν
624 3048 824 3110 ζῶντα.
879 3052 985 3121 Ζῇν
1025 3050 1133 3122 γὰρ
1156 3053 1245 3106 τὸν
1268 3053 1470 3127 Κύριον
1514 3057 1656 3111 κατά
1681 3059 1743 3113 τδ

175 3140 504 3213 εἰρημένον,
555 3141 607 3194 '0
622 3141 809 3212 μόνος
847 3142 1004 3211 ἔχων
1056 3144 1425 3200 ἀθανασίαν⁸
1467 3149 1562 3202 καὶ
1590 3150 1747 3221 μόνον

175 3229 324 3300 ζωὴν
342 3228 486 3299 ἔχειν
506 3231 633 3302 παρ’
655 3230 851 3302 ἑαυτῷ,
878 3231 1020 3293 κατά
1040 3232 1102 3287 τό
1115 3249 1129 3262 ·
1147 3233 1264 3287 Ὅτι
1284 3234 1444 3304 παρὰ
1466 3236 1565 3291 σοί
1585 3237 1747 3308 πηγὴ

173 3317 347 3390 ζωῆς,
364 3320 581 3392 ᾔδεσαν.
604 3322 714 3375 Καὶ
731 3324 886 3378 τοῦτό
904 3324 1039 3394 γετὸ
1060 3324 1167 3390 ζῶν
1194 3324 1355 3399 ὕδωρ,
1381 3326 1604 3404 ὕστερόν
1619 3346 1748 3385 ποτε

175 3413 447 3466 ἐπιστᾶσα
487 3413 563 3485 (1)
590 3414 730 3469 κατά
776 3416 875 3479 τὰς
893 3416 1000 3470 τῶν
1022 3419 1317 3490 προφητῶν
1337 3420 1553 3494 εύχάςή
1576 3422 1746 3494 πηγὴ,

177 3502 341 3566 αὐτὸς
363 3504 393 3555 ὁ
420 3503 609 3576 Σωτὴρ
642 3507 903 3579 παρέχειν
943 3507 1253 3580 ἀνθρώποις
1290 3511 1599 3577 ἐδίδασκεν,
1644 3507 1747 3568 ὧδέ

176 3608 258 3662 πη
285 3590 457 3661 λέγων
474 3611 488 3624 ·
517 3595 621 3661 ’ος
640 3594 718 3648 ἂν
744 3596 854 3664 πίῃ
875 3597 944 3650 ἐκ
970 3596 1079 3651 τοῦ
1104 3597 1322 3676 ὕδατος
1341 3596 1415 3656 οὗ
1438 3599 1554 3672 ἐγὼ
1576 3600 1748 3657 δώσω

173 3681 341 3747 αὐτῷ
365 3723 381 3748 ,
426 3683 740 3755 γενήσεται
786 3685 858 3740 ἐν
899 3686 1061 3753 αὐτῷ
1090 3687 1254 3758 πηγὴ
1281 3687 1501 3758 ὕδατος
1532 3689 1748 3760 ζῶντος

176 3771 515 3843 ἁλλομένου
566 3778 654 3844 εις
679 3773 832 3846 ζωὴν
874 3774 1132 3832 αἰώνιον.
1174 3777 1287 3838 Καὶ
1329 3778 1488 3833 πάλιν
1507 3797 1520 3810 ·
1562 3780 1637 3836 El
1659 3798 1747 3849 τις

180 3865 331 3936 διψᾷ
352 3868 614 3937 ἐρχέσθω
641 3870 793 3939 πρὸς
825 3872 924 3941 μὲ,
957 3870 1057 3926 καὶ
1080 3870 1317 3928 πινέτω.
1356 3873 1409 3926 '0
1446 3876 1748 3931 πιστεύων

179 3963 268 4029 εἰς
294 3960 419 4031 ἐμὲ,
449 3961 643 4028 καθὼς
672 3958 842 4017 εἶπεν
867 3963 907 4032 ἡ
957 3964 1190 4035 Γραφὴ,
1223 3967 1474 4036 ποταμοὶ
1526 3967 1595 4023 ἐκ
1636 3967 1747 4039 τῆς

179 4051 413 4118 κοιλίας
451 4050 638 4106 αὐτοῦ
661 4052 997 4119 ῥεύσουσιν
1035 4052 1255 4120 ὕδατος
1278 4052 1512 4122 ζῶντος.
1542 4056 1744 4110 Τούτου

176 4142 245 4215 δὴ
267 4139 357 4198 οὖν
375 4142 467 4198 τοῦ
494 4143 737 4216 πόματος
762 4146 791 4199 ὀ
811 4145 1144 4217 προφητικὸς
1164 4146 1322 4219 χορὸς
1339 4146 1508 4218 διψῶν
1528 4147 1709 4219 ἔλεγεν
1726 4166 1740 4180 ·

191 4235 512 4306 Ἐδίψησεν
535 4238 574 4306 ἡ
600 4236 770 4307 ψυχή
797 4254 917 4306 μου
942 4237 1093 4305 πρὸς
1116 4237 1224 4292 τὸν
1250 4238 1399 4293 Θεὸν
1429 4240 1537 4294 τὸν
1566 4242 1743 4311 ισχυ-

173 4327 289 4400 per
320 4328 429 4384 τὸν
452 4327 655 4395 ζῶντα,
689 4330 803 4395 καὶ,
827 4329 980 4383 Πότε
1006 4328 1150 4396 ἥξω,
1178 4330 1276 4385 καὶ
1298 4330 1636 4402 ὀφθήσομαι
1664 4331 1746 4399 τῷ

178 4420 477 4491 προσώπῳ
508 4421 616 4476 τοῦ
649 4421 794 4476 Θεοῦ
810 4437 829 4485 ;
864 4421 1127 4494 Ὀρῶντες
1153 4420 1263 4495 γὰρ
1280 4424 1502 4488 ἑαυτοὺς
1530 4425 1746 4499 μακρὰν

179 4512 520 4584 ὑπάρχοντας
538 4513 635 4584 τῆς
654 4514 944 4584 πρόσωπον
983 4513 1121 4585 πρὸς
1155 4514 1443 4587 πρόσωπον
1485 4514 1612 4581 Θέας
1651 4516 1744 4571 τοῦ

181 4602 338 4670 θεοῦ,
364 4602 536 4657 ταῦτα
579 4604 781 4675 ἔλεγον.
838 4604 999 4660 Ἀλλά
1033 4607 1129 4660 κα)⁸
1174 4606 1621 4679 συναισθόμενοι,
1670 4608 1746 4673 ώς

183 4681 529 4765 ἀπέστραπτο
561 4693 653 4749 τὸν
688 4694 813 4750 λαὸν
836 4694 894 4749 τὸ
920 4693 1015 4748 τοῦ
1043 4694 1177 4749 Θεοῦ
1219 4694 1540 4770 πρόσωπον,
1567 4695 1745 4749 οὐκέτ’

180 4787 377 4850 αὐτοὺς
421 4787 709 4841 ἐπισκοπεῖ
732 4789 766 4859 ἡ
792 4787 1016 4842 πάντοτε
1067 4788 1321 4860 πρόνοιαν
1347 4787 1526 4843 αὐτῶν
1563 4804 1745 4842 ποιου-

183 4879 319 4951 μένη
344 4878 587 4950 δύναμις,
608 4878 944 4951 ἀπεθρήνουν
967 4880 1065 4951 μὲν
1084 4879 1181 4951 τὴν
1201 4880 1294 4934 ἐπὶ
1313 4880 1415 4952 γῆς
1439 4877 1742 4952 διατριόὴν,

178 4970 345 5042 εὐχὴν
363 4969 407 5023 δ’
435 4970 671 5025 ἐτίθεντο
690 4972 1032 5044 παραστῆναι
1058 4989 1186 5026 ποτε
1219 4972 1297 5047 τῷ
1339 4972 1613 5044 προσώπῳ
1648 4971 1743 5025 τοῦ

177 5058 311 5114 θεοῦ
331 5076 345 5089 ·
402 5058 483 5114 διὸ
530 5060 739 5130 ἔλεγον·
767 5063 921 5116 Πότε
964 5061 1109 5130 ἥξω,
1138 5062 1237 5118 καὶ
1287 5063 1624 5133 ὀφθήσομαι
1662 5059 1744 5128 τῷ

120 5184 130 5193 -
170 5149 475 5221 προσώπῳ
500 5152 607 5208 τοῦ
639 5154 821 5219 Θεοῦ;
848 5153 1055 5225 Πολλῆς
1073 5154 1134 5207 δὲ
1151 5155 1410 5227 γέμοντες
1434 5155 1745 5228 παρρησίας

178 5248 275 5302 καὶ
300 5249 652 5322 συνειδήσεως
687 5248 897 5322 ἀγαθῆς
929 5248 1202 5312 τοιαύταις
1240 5247 1474 5321 ἐχρῶντο
1515 5252 1741 5319 φωναῖς.

191 5340 282 5405 Ὠς
302 5340 411 5413 γὰρ
432 5341 541 5397 ὅλοι
564 5342 738 5397 διόλου
777 5340 875 5407 τὰς
900 5339 1075 5413 ψυχὰς
1096 5340 1267 5410 ὑγιεῖς
1287 5340 1380 5394 καὶ
1410 5340 1609 5453 ﬂagro;
1639 5337 1746 5412 μώ-

1842 1858 2168 1929 llujusmodi
2224 1863 2576 1921 rationabiles
2627 1878 2821 1919 cervos
2870 1875 3175 1933 praeparare
3224 1858 3410 1913 Domi-

1838 1967 1943 2008 nus
1968 1952 2169 2008 dicitur
2202 1953 2258 2008 in
2288 1954 2547 2011 vicesimo
2562 1962 2755 2010 octavo
2785 1953 3016 2025 psalmo,
3059 1952 3139 2009 sic
3169 1949 3405 2006 ferente:

1850 2042 1962 2097 Vos:
1984 2042 2199 2098 Domini
2225 2060 2535 2114 praeparans
2573 2061 2748 2101 cervos
2777 2045 2845 2101 ".

1922 2131 1986 2188 Hi
2021 2135 2203 2206 itaque
2232 2136 2401 2200 cervi,
2427 2136 2575 2192 fonte
2605 2143 2826 2207 propter
2869 2132 3187 2205 iniquitates
3225 2129 3409 2202 populi

1839 2232 1895 2281 et
1923 2228 2263 2285 eversionem
2303 2228 2401 2286 Dei
2422 2229 2727 2294 deﬁciente,
2760 2227 2904 2299 apud
2936 2228 3144 2298 seipsos
3174 2224 3408 2291 ﬂebant,

1840 2323 1897 2371 et
1927 2316 2186 2389 lacrymis
2216 2321 2333 2376 suis
2368 2336 2469 2393 pro
2515 2321 2640 2378 cibo
2669 2320 2777 2383 usi.
2808 2325 2965 2376 nocte
3006 2318 3201 2390 dieque
3226 2316 3414 2389 perni-

1841 2407 1977 2464 ciem
2008 2410 2191 2480 populi
2236 2411 2541 2483 lugebant,
2598 2427 2662 2469 ac
2689 2411 3090 2468 conﬁtebantur
3140 2428 3200 2468 se
3223 2412 3408 2477 sitire,

1841 2516 1951 2557 non
1973 2518 2200 2573 corpore
2226 2503 2442 2574 quidem
2474 2512 2529 2560 et
2553 2519 2739 2570 carne,
2780 2504 3085 2575 voluptates
3117 2504 3253 2574 ipsis
3281 2519 3415 2560 con-

1842 2600 2134 2662 gruentes;
2168 2592 2263 2649 sed
2295 2592 2414 2663 ipsa
2447 2594 2631 2649 anima
2658 2592 2956 2650 secundum
2994 2591 3411 2664 Symmachum,

1842 2699 2148 2755 progressus
2176 2684 2246 2739 ad
2274 2684 2445 2740 Deum
2468 2684 2742 2742 desiderio
2764 2699 2830 2739 ac
2858 2683 3114 2756 cupidine
3137 2685 3310 2740 teneri
3331 2685 3417 2742 di-

1844 2774 2005 2830 citur.
2037 2772 2218 2841 Quare
2249 2775 2541 2834 dicebant.
2589 2776 2667 2831 ita
2697 2774 2968 2831 desiderat
2988 2774 3170 2829 anima
3195 2790 3311 2829 mea
3347 2776 3417 2828 ad

1846 2873 1912 2931 te,
1944 2863 2116 2931 Deus;
2163 2880 2227 2924 ac
2279 2852 2917 2928 rursum:Sitivitanima
2979 2882 3096 2922 mea
3144 2865 3215 2921 ad
3248 2864 3419 2922 Deum

1844 2956 2037 3027 fortem
2087 2961 2281 3016 vivum.
2316 2958 2514 3015 Vivere
2560 2957 2762 3032 quippe
2815 2958 3104 3015 Dominum
3155 2968 3419 3015 noverant

1846 3049 2143 3105 secundum
2175 3048 2347 3104 illud:
2380 3048 2539 3106 Solus
2555 3051 2749 3107 habens
2778 3050 3231 3107 immortalitatem
3256 3052 3332 3117 “;
3351 3067 3418 3108 ac
3452 3104 3457 3109 .

1849 3140 2023 3196 solum
2086 3156 2253 3221 penes
2306 3157 2368 3198 se
2413 3142 2582 3198 vitam
2636 3144 2837 3200 habere
2887 3142 3191 3200 secundum
3240 3143 3414 3200 illud:

1851 3227 2113 3295 Quoniam
2136 3230 2276 3301 apud
2296 3241 2342 3286 te
2362 3242 2439 3287 est
2461 3232 2579 3304 fons
2602 3234 2722 3290 vim
2742 3235 2811 3290 ⁸³.
2832 3236 3010 3307 Atque
3036 3236 3151 3292 bac
3177 3243 3263 3292 est
3278 3250 3421 3306 aqua

1847 3323 1991 3380 viva.
2040 3322 2391 3380 Postmodum
2420 3334 2603 3381 autem
2637 3325 2760 3382 fons
2793 3327 2885 3385 ille
2913 3343 3013 3400 pro
3044 3330 3186 3385 votis
3211 3342 3277 3385 ac
3299 3344 3423 3399 pre-

1849 3416 2002 3472 cibus
2035 3417 2420 3488 propbetarum
2459 3420 2773 3476 emanavit:
2808 3420 2926 3490 ipse
2953 3434 3190 3491 namque
3222 3419 3421 3476 Serva-

1846 3513 1934 3561 tor
1966 3506 2277 3564 hominibus
2307 3523 2367 3564 se
2398 3507 2752 3580 prebiturum
2783 3522 2910 3564 esse
2953 3508 3144 3565 docuit
3177 3508 3263 3564 bis
3293 3523 3419 3564 ver—

1844 3596 1970 3654 bis.
2007 3596 2114 3663 Qui
2143 3597 2328 3653 biberit
2355 3613 2422 3654 ea:
2448 3614 2588 3669 aqua
2616 3614 2778 3670 quam
2820 3614 2912 3669 ego
2964 3597 3102 3653 dabo
3129 3599 3199 3664 ei,
3231 3598 3318 3669 ﬁet
3364 3599 3423 3652 in

1845 3705 1905 3745 ϐο
1934 3690 2055 3761 [σπι
2083 3705 2236 3761 aquae
2267 3690 2396 3745 vim
2449 3689 2689 3746 salientis
2739 3690 2795 3745 in
2848 3689 3012 3749 vitam
3050 3696 3301 3744 teternam
3340 3686 3422 3756 “;

1846 3789 1901 3838 et
1926 3796 2146 3838 rursum
2171 3800 2185 3838 :
2222 3781 2284 3838 Si
2306 3782 2423 3854 quis
2446 3783 2584 3848 sitit,
2623 3782 2797 3838 veniat
2827 3779 2897 3836 ad
2929 3797 3010 3837 me
3032 3789 3081 3836 et
3108 3778 3271 3835 bibat.
3316 3777 3423 3845 Qui

1846 3873 2009 3930 credit
2028 3876 2084 3930 in
2105 3891 2207 3943 me,
2242 3876 2379 3931 sicut
2401 3874 2537 3930 dixit
2566 3872 2871 3944 Scriptura,
2895 3874 3119 3944 ﬂumina
3152 3874 3216 3930 de
3249 3881 3423 3929 ventre

1844 3967 1958 4036 ejus
1985 3968 2151 4038 ﬂuent
2183 3985 2332 4040 aquae
2358 3969 2484 4024 view
2514 3967 2585 4026 ³⁸.
2608 3966 2968 4039 PrOpheticus
2997 3968 3183 4039 itaque
3218 3968 3425 4022 chorus

1845 4061 1949 4117 hoc
1975 4062 2217 4132 potionis
2247 4078 2419 4135 genus
2467 4061 2659 4118 sitiens
2710 4061 2963 4130 dicebat,
3024 4061 3188 4117 sitioit
3238 4063 3420 4117 anima

1844 4168 1957 4207 mea
1983 4152 2053 4207 ad
2089 4153 2258 4209 Deum
2288 4154 2477 4226 fortem
2511 4155 2722 4219 vivum;
2751 4160 2827 4219 et,
2856 4152 3065 4224 quando
3116 4153 3321 4209 veniam
3367 4160 3419 4207 et

1844 4244 2100 4314 apparebo
2125 4254 2244 4301 ante
2270 4246 2460 4317 faciem
2495 4245 2594 4301 Dei
2613 4248 2639 4302 2
2662 4246 2799 4301 Cum
2838 4260 2899 4301 se
2942 4259 3179 4314 namque
3209 4258 3241 4298 a
3287 4257 3422 4297 con-

1845 4338 2192 4409 templatione
2221 4339 2313 4393 illa
2342 4338 2438 4396 Dei
2482 4338 2620 4394 facie
2647 4338 2715 4393 ad
2745 4336 2941 4393 faciem
2986 4336 3179 4407 procul
3210 4336 3421 4406 positos

1778 4466 1822 4522 Β
1848 4439 2155 4498 cernerent,
2192 4432 2306 4486 haec
2350 4430 2714 4502 proferebant.
2754 4428 2861 4483 Sed
2875 4428 3052 4522 etiam
3083 4426 3424 4522 adverten-tes

1850 4534 2100 4576 aversum
2136 4536 2260 4577 esse
2292 4519 2385 4576 Dei
2414 4519 2624 4575 vultum
2653 4534 2685 4574 a
2725 4516 2951 4588 populo,
2984 4530 3161 4586 neque
3185 4515 3420 4575 ulterius

1849 4612 1997 4667 illam
2048 4611 2400 4682 providentia:
2440 4610 2549 4665 vim
2604 4610 2710 4681 ipsi
2759 4609 3112 4682 prospicere,
3167 4609 3423 4681 lugebant

1848 4717 1980 4758 sane
2013 4702 2082 4759 de
2131 4718 2230 4760 sua
2277 4704 2331 4759 in
2386 4702 2548 4760 terris
2604 4702 3075 4768 commoratione,
3127 4718 3424 4774 precesque

1846 4791 2145 4851 fundebant
2210 4802 2272 4851 ut
2326 4792 2623 4866 aliquando
2677 4794 2853 4849 vultui
2906 4792 3002 4850 Dei
3058 4793 3418 4852 sisterentur:

1847 4886 2201 4958 quamobrem
2229 4887 2529 4946 dicebant:
2569 4888 2795 4957 Quando
2840 4890 3041 4945 ueniam
3087 4895 3139 4942 et
3166 4886 3430 4956 apparebo

1850 4986 1971 5032 ante
2013 4976 2203 5048 faciem
2235 4978 2374 5036 Dei?
2400 4980 2537 5036 Cum
2564 4989 2741 5036 autem
2777 4978 2973 5036 ﬁducia
3004 4986 3058 5035 et
3086 4978 3420 5035 conscientia

1850 5066 1994 5122 bona
2029 5066 2172 5138 pleni
2201 5076 2421 5137 essent,
2459 5058 2771 5139 huiusmodi
2825 5069 3051 5126 vocibus
3107 5070 3419 5125 utebantur.

1849 5158 1985 5215 Nam
2017 5167 2203 5232 utpote
2261 5163 2444 5217 anima
2503 5178 2728 5233 prorsus
2784 5178 2916 5219 sana
2974 5162 3221 5233 praediti,
3260 5173 3426 5234 atque

1848 5253 1998 5307 omni
2062 5254 2243 5323 culpa,
2269 5254 2392 5310 labe
2436 5269 2500 5311 ac
2544 5254 2790 5314 foeditate
2825 5255 3085 5327 purgati,
3123 5255 3295 5311 vultui
3332 5252 3424 5306 Dei

1849 5345 1971 5403 sisti
1999 5345 2285 5418 rogabant.
2319 5346 2580 5406 Peccator
2614 5364 2743 5406 vero
2764 5350 2925 5405 talem
2952 5349 3160 5404 vultum
3203 5343 3422 5414 refugit.

251 5497 297 5531 "
335 5497 479 5575 Psal.
513 5513 665 5575 ξιιμ.
707 5497 762 5552 6.
835 5500 897 5575 ξσ-
917 5497 1073 5575 cant.
1110 5512 1181 5575 ιι,
1204 5496 1266 5575 _9,
1299 5496 1389 5553 l7.
1463 5496 1743 5575 ιο-ξοιυκ

1846 5501 1876 5569 ’,
1913 5501 1965 5558 1.
2043 5501 2244 5561 “Psal.
2277 5506 2532 5575 xxvm,9.
2608 5504 2652 5539 "
2692 5503 2712 5559 1
2747 5502 2887 5561 Tim.
2918 5518 2995 5569 vr,
3031 5500 3115 5557 16.
3191 5497 3235 5530 ³³
3271 5492 3417 5550 Psal.

187 5571 454 5640 suv,l0.
514 5568 921 5637 “Joan.1v,l5,
958 5570 1039 5625 14.
1114 5569 1160 5603 ⁸⁸
1194 5567 1352 5627 Joan.
1386 5568 1593 5638 "1,37,
1626 5570 1694 5626 58
1730 5612 1745 5626 .

251 5708 329 5779 (l)
362 5708 524 5766 Forte
554 5708 905 5778 ὲπιστάξασα.
