3992 6216
552 269 650 326 37!

1207 270 1474 328 EUSEBll
1513 270 1985 329 CESARIENSIS
2019 271 2134 330 OPF

2240 272 2389 329 ’ARS
2419 272 2506 329 Ill.
2546 304 2618 316 ——
2651 273 3059 331 EXEGETICA.

3695 272 3808 328 372

554 405 621 444 ac
662 389 908 447 oratione
936 397 992 446 et
1035 389 1430 462 supplicatione
1481 407 1582 447 sua
1637 392 1830 448 abnuit
1883 392 2121 449 dicens:

2240 412 2330 463 μου
2355 395 2449 448 καὶ
2479 393 2688 461 σπίλου,
2708 395 2802 448 καὶ
2825 394 3096 467 μολυσμοῦ
3123 393 3538 466 κεκαθαρμένοι,
3566 393 3810 462 ὀφθῆναι

556 484 746 539 Averts
771 483 959 553 [aciem
987 493 1132 538 tuam
1155 501 1188 538 a
1210 484 1435 554 peccatis
1465 485 1592 540 meis
1615 486 1680 540 ³⁸.

2233 485 2416 555 ἠξίουν
2441 484 2520 556 τῷ
2546 485 2822 558 προσώπῳ
2841 485 2934 540 τοῦ
2955 484 3110 540 Θεοῦ.
3144 486 3203 539 '0
3224 485 3282 539 δέ
3305 485 3640 556 ἁμαρτάνων
3666 486 3810 553 φεύ-

557 589 644 641 γει
666 574 728 628 τὸ
753 573 1063 645 πρόσωπον,
1087 575 1179 630 καὶ
1199 579 1544 647 παραιτεῖται
1567 577 1633 630 δι’
1670 577 1836 648 εὐχῆς
1875 578 1968 631 καὶ
2007 578 2287 650 ἱκετηρίας
2311 577 2482 648 λέγων
2498 597 2511 608 ·
2548 578 2946 648 Ἀπόστρεψον
2962 579 3026 633 τὸ
3051 578 3372 647 πρόσωπόν
3395 594 3510 631 σου
3532 576 3652 632 ἀπὸ
3683 576 3815 630 τῶν

556 663 859 735 ἁμαρτιῶν
876 685 1018 737 μου.

628 759 766 814 Cum
817 768 1032 817 terrena
1081 763 1266 818 omnia
1300 771 1680 830 aversaretur,
1731 764 1801 820 ab
1850 763 2128 819 humanis-

560 867 666 922 que
691 853 946 910 omnibus
994 855 1370 926 voluptatibus
1424 856 1783 921 abhorreret,
1837 856 1955 913 solo
1990 871 2127 927 pane

559 960 659 1016 pro
692 947 1033 1016 necessitate,
1064 963 1242 1020 eoque
1262 948 1519 1022 lacrymis
1551 949 1786 1007 admisto
1810 957 1969 1006 utens
1988 988 2004 1015 ,
2050 948 2126 1002 ita

585 1049 708 1096 ait]!
739 1061 754 1098 :

559 1038 796 1189 fatalis.
829 1132 946 1190 4-8.
988 1131 1227 1189 Fuerunt
1251 1133 1380 1189 mihi
1409 1133 1656 1205 laerymte
1677 1149 1805 1189 mete
1851 1149 2012 1204 panes
2045 1131 2130 1187 die

2305 763 2490 818 Πάντα
2543 762 2610 816 τὰ
2667 764 2759 818 ἐπὶ
2791 763 2893 835 γῆς
2932 763 3420 834 ἀποστρεφόμενος,
3471 767 3567 820 καὶ
3620 769 3814 823 πᾶσαν

2232 853 2445 926 τρυφὴν
2486 854 2586 926 τὴν
2632 856 2690 908 ἐν
2741 854 3044 927 ἀνθρώποις
3076 853 3516 926 βδελυττόμενος,
3559 860 3712 930 μόνῳ
3752 862 3812 914 δὲ

2231 946 2382 1017 ἄρτῳ
2414 945 2724 1016 ἐπάναγκες
2744 948 3040 1020 χρώμενος,
3065 947 3158 1001 καὶ
3173 945 3342 1017 τούτῳ
3367 949 3504 1018 μετὰ
3525 950 3807 1023 δακρύων,

2230 1037 2375 1106 ἐρεῖ·

2311 1128 2594 1200 Ἐγεννήθη
2647 1128 2720 1183 τὰ
2770 1129 3003 1198 δάκρυά
3051 1147 3175 1200 μου
3219 1131 3398 1200 ἇρτος
3424 1148 3523 1201 μοι
3570 1130 3808 1200 ἡμέρας

559 1243 626 1280 ac
648 1236 811 1281 nocte.
845 1225 1204 1296 Propheticus
1233 1237 1414 1283 autem
1464 1227 1666 1283 chorus
1686 1265 1703 1291 ,
1753 1241 1880 1282 cum
1917 1225 2130 1279 vultum

2240 1225 2334 1274 καὶ
2365 1223 2603 1288 νυκτός.
2653 1221 2710 1276 '0
2740 1222 2797 1275 δὲ
2824 1221 2931 1275 τῶν
2962 1222 3252 1294 προφητῶν
3285 1222 3459 1294 χορὸς,
3495 1223 3619 1275 ἐπεὶ
3651 1224 3805 1295 ἑώρα

559 1317 657 1374 Dei
689 1326 938 1375 cerneret
984 1318 1055 1374 ab
1098 1319 1356 1375 universo
1385 1319 1584 1389 populo
1625 1332 1900 1384 aversum,
1931 1317 2139 1371 multo-

559 1426 789 1483 rumque
812 1411 1132 1482 perniciem,
1163 1427 1319 1468 suam
1343 1427 1469 1469 esse
1511 1410 1879 1468 calamitatem
1930 1418 2084 1464 ratus
2114 1449 2130 1473 ,

560 1508 766 1562 luctum
789 1519 889 1575 pro
914 1504 1168 1562 omnibus
1205 1504 1573 1576 suscipiebat:
1610 1513 1775 1574 atque
1825 1502 1905 1557 illi
1945 1501 2125 1557 homi-

560 1609 660 1652 nes
697 1595 792 1651 Dei
830 1595 887 1650 in
931 1601 1145 1650 tantum
1203 1595 1512 1653 alllictionis
1565 1595 1844 1650 cumulum
1900 1594 2134 1651 devene-

2233 1313 2298 1366 τὸ
2340 1313 2630 1385 πρόσωπον
2662 1313 2752 1368 τοῦ
2783 1312 2914 1367 Θεοῦ
2942 1315 3289 1385 ἀποστραφὲν
3317 1314 3492 1368 πάντα
3523 1315 3615 1368 τὸν
3644 1315 3805 1380 λαὸν,

2237 1405 2332 1477 τὴν
2364 1406 2472 1460 τῶν
2501 1405 2707 1460 πολλῶν
2733 1405 3005 1460 ἀπώλειαν
3029 1405 3222 1461 ἑαυτοῦ
3247 1402 3386 1462 εἶναι
3416 1407 3616 1478 ζημίαν
3637 1408 3808 1478 ἠγοῦ-

2238 1515 2418 1569 μενος,
2445 1499 2571 1562 τοὺς
2601 1498 2741 1570 ὑπὲρ
2773 1497 3025 1552 ἁπάντων
3079 1498 3359 1569 ἀνεδέχετο
3409 1499 3638 1571 θρήνους
3657 1517 3674 1529 ·
3732 1503 3811 1564 εἰς

2236 1586 2488 1642 τοσοῦτον
2529 1586 2584 1639 δὲ
2613 1587 2885 1641 ἐπέτεινον
2927 1586 3022 1658 τὴν
3055 1588 3424 1642 κακοπάθειαν
3465 1591 3514 1642 ol
3543 1588 3639 1643 τοῦ
3669 1590 3808 1643 Θεοῦ

560 1694 710 1753 runt,
733 1696 794 1742 ut
823 1669 1061 1758 propriis
1090 1686 1353 1759 lacrymis
1406 1687 1702 1751 alerentur,
1730 1701 1794 1741 ac
1820 1686 1910 1742 die
1937 1696 2134 1742 noctu-

2240 1679 2533 1752 ἄνθρωποι,
2573 1679 2648 1742 ὡς
2677 1682 2790 1743 τοῖς
2821 1679 3079 1748 δάκρυσιν
3138 1681 3345 1736 ἐαυτῶν
3385 1681 3685 1754 τρέφεσθαι
3719 1685 3809 1736 καὶ

561 1795 688 1851 que,
715 1779 798 1835 vel
827 1779 1007 1849 ipsum
1046 1793 1244 1848 panem
1277 1794 1496 1836 sumere
1543 1780 1880 1846 abnuentes,
1916 1781 2012 1835 uni
2039 1779 2134 1836 ﬂe-

559 1871 636 1926 tui
687 1877 962 1927 vacarent.
1019 1867 1147 1924 Haec
1202 1885 1366 1940 porro
1409 1879 1523 1926 tum
1567 1872 1805 1927 maxime
1863 1872 2132 1943 agebant,

557 1962 781 2033 haecque
829 1961 1195 2032 patiebantur,
1227 1976 1350 2016 cum
1401 1961 1658 2032 populum
1679 2001 1697 2028 ,
1738 1977 1803 2018 ac
1832 1963 2133 2032 praesertim

559 2057 755 2128 impios
782 2071 906 2111 cum
944 2054 1039 2110 illo
1064 2063 1372 2120 versantes,
1406 2055 1522 2110 haec
1550 2054 1798 2110 dicentes
1837 2053 2090 2109 audirent
2117 2075 2131 2109 :

563 2147 664 2208 Ubi
700 2155 779 2204 est
820 2145 961 2201 Deus
1005 2147 1173 2201 tuus?
1217 2143 1404 2216 Neque
1441 2145 1586 2202 enim
1621 2145 1828 2200 inimici
1858 2155 1913 2202 et
1944 2145 2137 2201 adver-

560 2239 690 2294 sarii
721 2245 878 2296 erant
910 2237 1003 2309 qui
1033 2238 1148 2296 haec
1171 2237 1416 2310 quotidie
1445 2236 1688 2293 dicerent
1707 2275 1723 2301 ,
1759 2236 1855 2291 sed
1895 2243 1956 2290 ut
1986 2235 2133 2291 veri-

559 2330 738 2388 simile
763 2338 870 2396 est,
892 2313 1198 2388 inﬁdelese
1236 2331 1460 2401 populo,
1504 2329 1597 2402 qui
1647 2328 1940 2400 prophetas
1977 2328 2135 2400 quasi

558 2423 763 2477 frustra
785 2421 952 2478 Deum
978 2421 1219 2478 colentes
1248 2429 1304 2478 et
1345 2421 1624 2476 incassum
1667 2420 1981 2476 laborantes
2040 2435 2136 2474 co-

559 2513 860 2585 arguebant
913 2528 978 2569 ac
1012 2513 1268 2570 dicebant
1311 2514 1436 2570 eis:
1495 2512 1595 2568 Ubi
1646 2522 1727 2568 est
1786 2512 1928 2570 Deus
1967 2516 2136 2570 tuus?

555 2605 688 2672 Quae
712 2621 838 2662 cum
868 2606 972 2676 ipsi
1007 2620 1040 2660 a
1072 2605 1335 2662 fratribus
1356 2644 1374 2672 ,
1406 2605 1835 2677 consanguineis
1881 2613 1937 2662 et
1976 2604 2134 2660 fami-

555 2697 783 2753 liaribus
827 2697 1112 2762 audirent,
1162 2697 1370 2753 luctum
1405 2697 1680 2769 augebant
1712 2712 1873 2754 suum
1904 2717 1918 2753 :
1965 2712 2151 2769 quare,

556 2789 710 2843 aiunt
757 2785 954 2851 :ch:
972 2786 1278 2841 recordatus
1325 2803 1478 2852 sum,
1527 2797 1578 2842 et
1605 2786 1767 2856 effudi
1793 2789 1851 2842 in
1885 2805 1966 2842 me
2013 2788 2135 2842 ani-

555 2895 699 2933 mam
756 2894 947 2933 meam.
998 2876 1186 2948 Neque
1243 2878 1392 2934 enim
1434 2878 1901 2947 perturbationem
1957 2893 2132 2935 meam

554 2970 900 3025 extrinsecus
930 2969 1175 3039 protuli;
1213 2967 1310 3024 sed
1341 2967 1492 3024 intus
1531 2968 1589 3021 in
1625 2968 1806 3022 anima
1834 2983 1954 3024 mea
1980 2968 2135 3024 dolo-

560 3073 675 3113 rem
722 3057 1062 3113 occultabam
1113 3057 1171 3112 in
1205 3056 1415 3128 meipso
1441 3057 1725 3114 confusus.
1765 3057 1952 3114 Simile
1998 3060 2130 3131 quid
2159 3041 2202 3101 (ἶ

560 3164 759 3219 passus
788 3148 1088 3220 Apostolus
1108 3148 1362 3205 dicebat:
1399 3147 1502 3204 Sed
1535 3150 1638 3219 ipsi
1667 3151 1722 3204 in
1743 3149 2131 3221 nobismetipsis

560 3259 866 3315 responsum
912 3245 1097 3300 mortis
1152 3243 1430 3300 habuimus
1481 3245 1549 3301 "’.
1613 3245 1704 3302 Sic
1755 3248 1939 3318 itaque
1985 3264 2132 3304 nunc

557 3338 723 3392 etiam
749 3335 914 3408 effudi
941 3338 996 3392 in
1024 3355 1104 3393 me
1135 3339 1367 3394 animam
1404 3356 1597 3405 meam,
1630 3327 1902 3411 inquiunt.
1942 3339 2131 3397 Perfe-

558 3430 634 3484 cti
662 3436 843 3484 autem
869 3428 973 3487 viri
994 3437 1078 3486 est
1097 3429 1227 3485 talia
1247 3431 1397 3487 eﬂ'ari
1423 3446 1608 3503 posse.

628 3607 764 3663 Cum
795 3606 833 3662 ii
855 3607 1252 3679 exprobrantes
1272 3609 1406 3665 mihi
1435 3609 1681 3665 dicerent
1707 3629 1722 3664 :
1763 3607 1863 3663 Ubi
1883 3617 1961 3664 est
1991 3607 2134 3662 Deus

561 3701 728 3756 tuus?
759 3699 947 3756 dolore
992 3703 1274 3773 pungebar
1329 3702 1620 3773 animoque
1665 3709 1899 3757 maestus
1943 3715 2132 3764 eram,

561 3790 844 3858 perculsus
873 3791 1167 3861 impiorum
1191 3793 1396 3848 verbis.
1425 3793 1680 3848 Attamen
1724 3794 1778 3846 in
1811 3792 2136 3862 memetipso

559 3883 917 3953 cogitationes
938 3885 1284 3940 continebam
1311 3900 1482 3951 meas,
1513 3893 1574 3941 ut
1610 3900 1680 3941 ne
1699 3883 2010 3941 eﬂ'underer
2039 3900 2137 3940 ex-

563 3974 754 4040 terius,
784 3991 892 4032 neu
912 3991 1034 4032 mea
1054 3976 1109 4031 in
1138 3974 1250 4032 Deo
1274 3978 1515 4048 reposita
1538 3993 1634 4048 spe
1667 3976 1993 4034 exciderem.
2027 3975 2138 4032 Me-

565 4064 794 4120 moriam
842 4066 1046 4136 quippe
1101 4074 1350 4138 paratum
1395 4069 1533 4122 mihi
1578 4069 1738 4124 linem
1791 4069 2130 4138 repetebam,

562 4171 670 4225 qua
700 4171 806 4212 non
826 4157 1144 4228 ignorabam
1180 4159 1311 4214 illud
1332 4159 1377 4191 ³⁸
1419 4176 1434 4214 :
1469 4161 1628 4214 Beati
1670 4161 1759 4231 qui
1786 4159 1979 4228 lugent,
2010 4176 2138 4230 quo-

560 4251 708 4304 niam
731 4251 833 4321 ipsi
855 4251 1288 4306 consolabuntur.
1317 4252 1585 4318 Quocirca
1632 4268 1756 4308 cum
1805 4252 1972 4324 probe
2010 4267 2138 4309 nos~

2237 1771 2328 1826 διὰ
2367 1771 2547 1841 πάσης
2588 1771 2799 1844 ἡμέρας
2823 1772 2918 1824 καὶ
2950 1772 3142 1837 νυκτὸς
3166 1775 3546 1847 παραιτεῖσθαι
3581 1776 3683 1845 μὲν
3720 1779 3808 1829 καὶ

2236 1864 2396 1918 αὑτὸν
2414 1863 2505 1916 τὸν
2534 1864 2718 1935 ἄρτον,
2746 1863 2891 1935 μόνῳ
2915 1864 2970 1918 δὲ
2987 1864 3064 1936 τῷ
3083 1865 3344 1938 κλαυθμῷ
3367 1866 3594 1938 σχολάζε
3603 1886 3673 1921 ιν.
3699 1871 3807 1923 Μά-

2235 1956 2393 2010 λιστα
2415 1956 2471 2009 δὲ
2495 1956 2645 2012 ταῦτ’
2683 1956 2947 2028 ἔπραττον
2994 1958 3085 2010 καὶ
3107 1959 3257 2012 ταῦτ’
3291 1960 3544 2031 ἔπασχον,
3584 1962 3809 2017 ἀκούον-

2235 2065 2324 2112 τες
2348 2047 2510 2116 αὑτοῦ
2541 2047 2636 2101 τοῦ
2676 2047 2805 2103 λαοῦ
2830 2088 2844 2112 ,
2880 2048 3078 2119 μᾶλλον
3118 2049 3174 2102 δὲ
3203 2049 3310 2104 τῶν
3352 2050 3564 2105 ἀσεῦῶν
3593 2051 3706 2105 τιῖδν
3755 2057 3808 2105 ἐν

2235 2141 2382 2212 αὐτῷ
2413 2141 2705 2211 λεγόντωνο
2736 2141 2860 2195 Ποῦ
2886 2141 3056 2196 ἐστιν
3079 2144 3112 2196 ὀ
3137 2143 3280 2209 Θεός
3301 2156 3450 2207 σου;
3485 2144 3560 2197 Οὐ
3587 2145 3699 2215 γὰρ
3718 2146 3807 2215 δὴ-

2235 2249 2338 2285 που
2354 2234 2402 2286 οἱ
2423 2232 2606 2305 ἐχθροὶ
2626 2231 2720 2285 καὶ
2740 2231 2984 2302 πολέμιοι
3006 2231 3124 2286 καθ’
3146 2233 3379 2305 ἐκάστην
3400 2233 3610 2305 ἡμέραν
3626 2235 3808 2289 ταῦτα

2235 2326 2418 2389 αὐτοῖς
2465 2324 2646 2395 ἔλεγον
2669 2341 2683 2355 ο
2712 2324 2828 2378 ἀλλ’
2857 2326 3001 2390 εἰκὸς
3023 2327 3151 2389 τοὺς
3177 2327 3236 2378 ἐν
3263 2326 3339 2396 τῷ
3363 2325 3504 2380 ἔθνει
3543 2327 3808 2392 ἀπίστους

2233 2415 2310 2479 ὡς
2360 2415 2538 2487 μάτην
2591 2414 2971 2480 θεοσεῦοὗντας
2999 2417 3093 2470 καὶ
3139 2418 3258 2488 εἰκῆ
3307 2417 3634 2488 μοχθοῦντας
3675 2421 3809 2482 τοὺς

2237 2507 2521 2578 προφήτας
2561 2506 3018 2578 καταμέμφεσθαι
3063 2507 3159 2560 καὶ
3197 2507 3378 2576 λέγειν
3402 2509 3623 2571 αὐτοῖς’
3681 2511 3806 2564 Ποῦ

2234 2598 2403 2652 ἐστιν
2447 2600 2481 2652 ὁ
2512 2598 2656 2664 Θεός
2697 2613 2855 2663 σου;
2885 2599 2952 2651 Ἀ
2973 2596 3037 2669 δὴ
3067 2598 3219 2667 παρά
3263 2598 3373 2652 τῶν
3416 2599 3663 2670 ἀδελφῶν
3716 2604 3806 2655 καὶ

2237 2689 2534 2761 συγγενῶν,
2564 2691 2658 2747 καὶ
2680 2690 2968 2764 γνωρίμων
2991 2689 3277 2754 ἀκούοντες
3295 2730 3310 2755 ,
3351 2690 3417 2744 τὰ
3451 2692 3544 2745 τοῦ
3575 2693 3808 2757 πένθους

2234 2785 2534 2840 ἐπέτεινονο
2567 2786 2646 2839 διό
2676 2802 2840 2855 φασι·
2874 2785 3061 2841 Ταῦτα
3079 2786 3420 2856 ἐμνήσθην,
3464 2788 3563 2841 καὶ
3595 2788 3806 2857 ἑξέχεα

2232 2877 2326 2931 ἐπ’
2351 2877 2456 2948 ἐμὲ
2503 2877 2616 2946 τὴν
2649 2877 2860 2948 ψυχήν
2893 2897 3032 2948 μου.
3080 2879 3155 2933 Οὐ
3181 2879 3289 2951 γὰρ
3313 2878 3416 2943 ἕξω
3435 2880 3534 2950 τὴν
3563 2883 3803 2952 ἐμαυτοῦ

2235 2969 2481 3040 ταραχὴν
2523 2967 2802 3039 ἐνέφαινον
2828 3013 2840 3035 ,
2871 2971 2984 3024 ἀλλ’
3008 2970 3156 3024 ἔνδον
3180 2972 3237 3024 ἐν
3281 2975 3347 3042 τῇ
3375 2971 3620 3042 ἐμαυτοῦ
3663 2974 3804 3044 ψυχῇ

2235 3059 2492 3132 κρύπτων
2515 3058 2613 3130 τὴν
2641 3061 2780 3132 ἐμὴν
2802 3060 3068 3131 ἀλγηδόνα
3095 3060 3187 3114 καὶ
3221 3062 3351 3132 παρ’
3399 3062 3627 3132 ἐμαυτῷ
3678 3081 3796 3132 συγ-

2234 3152 2508 3223 χεόμενος.
2541 3151 2793 3207 Τοιοῦτον
2815 3153 2870 3205 δέ
2898 3169 2951 3205 τι
2972 3151 3254 3215 πεπονθὼς
3272 3152 3300 3204 ό
3332 3152 3657 3218 ’Δπόστολος
3695 3155 3806 3207 ἐλε-

2234 3259 2361 3312 γεν·
2401 3244 2551 3298 Ἀλλ’
2575 3245 2744 3298 αὐτοὶ
2774 3244 2844 3297 ἐν
2867 3242 3102 3310 ἑαυτοῖς
3127 3243 3524 3314 τὸ-ἀπόκριμα
3560 3245 3669 3298 τοῦ
3709 3252 3807 3302 θα-

2233 3333 2420 3390 νάτου
2444 3335 2811 3406 ἐσχήκαμεν.
2835 3335 3023 3399 Οὕτως
3047 3331 3140 3388 οὖν
3170 3335 3264 3388 καὶ
3283 3334 3398 3398 νῦν,
3443 3335 3699 3405 Ἐξέχεα
3722 3339 3810 3391 ἐπ’

2233 3426 2339 3498 ἐμὲ
2365 3428 2479 3497 τὴν
2515 3427 2726 3498 ψυχήν
2744 3446 2885 3498 μου,
2925 3429 3070 3497 φασί.
3099 3428 3315 3482 Τελείου
3347 3428 3391 3480 δ’
3412 3431 3530 3483 ἐστὶ
3561 3431 3626 3482 τὺ
3655 3429 3813 3486 623w-

2237 3521 2357 3575 σθαι
2379 3519 2538 3575 τοῦτο
2561 3521 2757 3592 λέγειν.

2305 3613 2586 3682 Λεγόντων
2635 3631 2745 3684 μοι,
2809 3614 2961 3686 φησὶ,
2994 3613 3102 3668 τῶν
3127 3613 3496 3679 ὀνειδιζόντων
3565 3627 3661 3680 με’
3691 3614 3814 3668 Ποῦ

2235 3704 2408 3758 ἐστιν
2457 3707 2490 3758 ὀ
2527 3705 2671 3770 Θεός
2721 3721 2874 3768 σου;
2928 3704 3231 3776 ἐδακνόμην
3284 3706 3381 3776 μὲν
3406 3707 3473 3776 τῇ
3527 3704 3684 3777 λύπῃ
3723 3706 3812 3759 καὶ

2236 3793 2576 3865 ὑπερήλγουν
2609 3791 2708 3864 τὴν
2743 3793 2918 3864 ψυχὴν
2958 3794 3324 3865 πληττόμενος
3360 3795 3464 3848 ὑπὸ
3497 3795 3610 3847 τῶν
3641 3796 3812 3863 λόγων

2233 3885 2342 3938 τῶν
2374 3884 2606 3940 ἀσεϐῶν.
2632 3885 2820 3956 Ὅμως
2859 3885 2904 3939 δ’
2933 3881 3024 3940 οὖν
3059 3886 3116 3939 ἐν
3161 3885 3381 3957 ἐμαυτῷ
3410 3890 3659 3958 συνεῖχον
3689 3890 3811 3950 τοὺς

2237 3977 2473 4050 ἐμαυτοῦ
2501 3977 2817 4050 λογισμοὺς,
2845 3979 2979 4050 πρὸς
3015 3979 3077 4032 τὸ
3107 3980 3180 4050 μὴ
3216 3978 3551 4051 προχυθῆναι
3584 3982 3681 4032 καὶ
3715 3981 3812 4048 τῆς

2239 4071 2604 4142 προκειμένης
2653 4087 2744 4141 μοι
2783 4069 2877 4122 τοῦ
2925 4070 3058 4124 Θεοῦ
3119 4073 3370 4124 ἐκπεσεῖν
3404 4070 3644 4136 ἐλπίδος.
3699 4075 3812 4125 Ἀν-

2239 4161 2433 4230 ἐφερον
2459 4160 2567 4233 γὰρ
2596 4163 2661 4232 τῇ
2694 4161 2880 4234 μνήμῃ
2903 4161 2963 4214 τὸ
2990 4162 3278 4234 περιμένον
3297 4179 3363 4232 με
3391 4161 3561 4226 τέλοςο
3594 4165 3719 4217 ἐπεὶ
3742 4164 3811 4234 μὴ

2239 4251 2495 4319 ἠγνόουν,
2541 4251 2621 4304 ὅτι
2653 4250 2940 4320 Μακάριοι
2971 4255 3023 4306 οἱ
3069 4252 3449 4319 πενθοῦντες.
3491 4253 3583 4306 ὅτι
3623 4272 3813 4324 παρα-

562 4360 698 4411 sem,
725 4347 974 4415 quoniam
1004 4355 1128 4416 post
1150 4345 1289 4402 hanc
1321 4346 1597 4404 tristitiam
1627 4345 1861 4401 transibo
1890 4347 1944 4400 in
1966 4346 2134 4399 locum

2240 4341 2669 4411 κληθήσονται.
2723 4343 2816 4396 Διὸ
2872 4342 2936 4412 δὴ
2987 4343 3226 4414 ἀκριϐῶς
3277 4346 3678 4415 ἐπιστάμενος,
3728 4348 3813 4400 ὅτι

564 4436 886 4492 tabernaculi
936 4437 1268 4492 admirabilis
1309 4456 1475 4509 usque
1515 4438 1584 4494 ad
1637 4439 1853 4494 domum
1885 4438 2022 4502 Dei,
2079 4439 2136 4492 in

562 4544 678 4582 uoce
701 4531 1072 4584 exsultationis
1092 4538 1143 4585 et
1171 4531 1516 4601 confessionis
1548 4533 1668 4587 soni
1694 4533 1956 4596 epulantis
1979 4549 1997 4595 ;
2026 4532 2135 4587 ha’c

565 4622 868 4678 recordatus
897 4641 1014 4678 sum
1038 4641 1056 4678 :
1093 4639 1268 4694 neque
1312 4639 1407 4695 spe
1441 4640 1560 4680 mea
1594 4625 1831 4686 excidit.
1864 4625 1960 4680 sed
1992 4626 2134 4680 intra

566 4712 833 4781 meipsum
863 4713 1026 4782 effudi
1062 4715 1295 4768 animam
1323 4731 1514 4769 meam.
1545 4714 1610 4768 Et
1641 4716 1767 4785 quia
1818 4717 1984 4771 talem
2031 4716 2134 4772 sibi

568 4817 719 4873 spem
748 4804 1093 4874 ascripserat,
1121 4805 1244 4874 j-ure
1268 4821 1332 4861 ac
1351 4807 1546 4863 merito
1576 4807 1690 4877 ipse
1726 4808 1832 4863 sibi
1872 4809 2133 4864 medelam

567 4895 816 4950 admovet
857 4896 942 4953 his
978 4898 1158 4953 verbis
1192 4918 1205 4952 :
1239 4898 1416 4965 Quare
1470 4901 1638 4953 tristis
1669 4917 1744 4961 es.
1780 4903 1958 4956 anima
1986 4920 2130 4968 mea,

565 4996 617 5041 et
645 5003 804 5056 quare
828 4989 1109 5043 conturbas
1138 5007 1218 5044 me
1239 4993 1263 5045 ἲ
1294 4989 1459 5059 Spera
1477 4994 1529 5045 in
1550 4991 1682 5056 Deo,
1702 4995 1947 5062 quoniam
1967 4995 2138 5049 adhuc

565 5081 850 5150 conﬁtebor
876 5081 976 5145 illi,
999 5083 1233 5138 salutare
1283 5084 1454 5139 vultus
1507 5087 1608 5140 mei
1657 5096 1708 5140 et
1751 5085 1894 5141 Deus
1947 5103 2134 5141 meus:

565 5187 691 5226 nam
723 5172 792 5226 ad
829 5172 1079 5228 fiduciam
1103 5215 1119 5238 ,
1165 5178 1618 5249 praesentiumque
1655 5193 2020 5233 aerumnarum
2051 5187 2134 5233 to-

565 5263 852 5320 lerantiam
885 5280 1005 5320 sese
1041 5266 1376 5321 cohortatur.
1404 5267 1538 5322 Cum
1582 5285 1747 5340 porro
1775 5269 2132 5342 Symmachus

566 5357 644 5411 ait
673 5376 688 5412 :
722 5356 985 5423 Quoniam
1028 5357 1267 5427 egrediar
1295 5358 1363 5411 ad
1389 5359 1811 5424 tabernaculum,
1849 5361 2130 5429 bajulabor

564 5463 729 5520 usque
757 5448 825 5503 ad
853 5449 1066 5504 domum
1103 5448 1222 5514 Dei,
1253 5466 1371 5503 cum
1400 5466 1519 5505 voce
1547 5451 1918 5506 benedictionis
1936 5464 1984 5506 et
2005 5470 2130 5507 con-

565 5539 808 5611 fessionis
854 5541 1208 5596 multitudinis
1266 5544 1687 5597 concurrentium
1743 5545 1813 5598 ad
1856 5545 2129 5598 celebrita-

637 5694 683 5727 ³⁸
715 5693 854 5752 Psal.
891 5713 962 5767 ι,
998 5698 1085 5754 ll.
1161 5699 1204 5732 ³⁷
1242 5697 1424 5783 lICor.
1459 5714 1510 5767 ι,
1544 5701 1596 5755 9.
1676 5700 1720 5733 ³⁸
1760 5699 1948 5762 Matth.
1986 5718 2040 5770 v,
2072 5704 2122 5760 4.

2243 4435 2380 4504 μετά
2416 4434 2486 4488 τὰ
2511 4433 2810 4507 σκυθρωπά
2836 4434 3216 4505 διελεύσομαι
3255 4437 3326 4490 ἐν
3368 4438 3526 4501 τόπῳ
3574 4438 3815 4505 σκηνῆς

2238 4527 2586 4597 θαυμαστῆς
2629 4528 2739 4594 ἕως
2782 4527 2888 4581 τοῦ
2943 4527 3111 4582 οἴκου
3156 4529 3260 4584 τοῦ
3309 4528 3486 4594 Θεοῦ,
3515 4531 3591 4582 ἐν
3642 4530 3813 4599 φασή

2238 4619 2650 4689 ἀγαλλιάσεως
2677 4619 2775 4673 καὶ
2803 4620 3289 4691 ἐξομολογήσεως
3315 4621 3470 4691 ἤχου
3505 4620 3814 4688 ἐορτὰζὶτν-

2239 4728 2378 4778 τος,
2424 4711 2611 4765 ταῦτα
2658 4710 3005 4781 ἐμνήσθην·
3060 4713 3155 4766 καὶ
3208 4713 3309 4765 οὐκ
3367 4712 3657 4778 ἐξέπιπτον
3714 4715 3816 4783 τῆς

2237 4803 2470 4868 ἐλπίδος,
2510 4804 2626 4857 ἀλλ’
2665 4806 2904 4876 ετσωπερ
2945 4806 3163 4877 ἐμαυτῷ
3195 4804 3405 4872 ἐξὲχειι
3436 4803 3551 4871 τὴν
3599 4807 3819 4876 ψυχήν

2238 4913 2374 4965 μου.
2393 4897 2502 4950 Καὶ
2535 4897 2719 4968 ἐπειδὴ
2741 4897 2996 4962 τοιαύτας
3018 4899 3329 4968 ὑπέγραφεν
3361 4895 3536 4966 ἐαυτῷ
3564 4897 3812 4966 ἐλπίδας,

2239 4992 2466 5056 εἰκότως
2495 4993 2658 5056 αὐτὸς
2700 4994 2889 5047 ἐαυτὸν
2913 4993 3198 5064 θεραπεύει
3232 4994 3326 5047 καὶ
3365 4992 3542 5060 λέγει·
3591 4994 3722 5046 Ἵνα
3765 4997 3820 5048 τί

2237 5085 2570 5152 περίλυπος
2608 5082 2680 5148 εἷ.
2721 5087 2760 5154 ἡ
2805 5085 2975 5154 ψυχή
3020 5103 3168 5154 μου,
3202 5083 3300 5137 καὶ
3340 5085 3440 5137 ἵνα
3474 5084 3530 5136 τί
3583 5101 3815 5138 συντα-

2229 5175 2941 5246 pdaaetcys;'E.1mo’or
2983 5176 3081 5229 ἐπὶ
3118 5174 3285 5237 Θεὸν,
3329 5174 3414 5227 ὅτι
3443 5173 3819 5244 ἐξομολσγὴο

2236 5285 2417 5338 σομαι
2454 5267 2614 5334 αὐτῷ
2649 5267 2945 5338 σωτήριον
2973 5268 3078 5322 τοῦ
3120 5266 3437 5336 προσώπου
3469 5284 3592 5335 μου
3637 5269 3742 5320 καὶ
3786 5270 3818 5319 ὁ

2241 5361 2383 5425 Θεός
2403 5378 2521 5452 μοχ
2538 5377 2551 5390 ·
2576 5360 2766 5432 θαρσεῖ
2783 5360 2890 5431 γὰρ
2909 5357 3085 5429 ἐαυτῷ
3108 5359 3201 5412 καὶ
3225 5357 3296 5411 τὰ
3319 5357 3562 5429 παρόντα
3589 5356 3817 5427 λυπηρὰ

2242 5447 2514 5519 γενναίως
2530 5451 2717 5523 φέρειν
2757 5449 3168 5523 παρεκελεύετο.
3203 5448 3388 5518 Λέγων
3423 5448 3478 5501 δὲ
3517 5449 3548 5500 ὁ
3583 5447 3812 5519 Σύμμα-

2239 5561 2350 5615 χος,
2379 5545 2503 5599 Ὅτι
2531 5544 2921 5615 ἐξελεύσομαι
2946 5547 3031 5612 εις
3060 5543 3171 5615 τὴν
3197 5541 3455 5613 σκηνὴν,
3486 5539 3818 5597 διαϐασεω-
