3992 6216
168 296 271 367 375

1279 277 1783 359 cotiiiENrAmA
1820 299 1886 355 lN
1923 241 2303 357 PSALMOS.‘

3292 303 3407 362 δτι

173 425 452 497 χθήσομαι
491 423 601 490 ἕως
632 424 740 479 τοῦ
783 424 952 479 οἷκου
991 424 1097 478 τοῦ
1134 422 1300 485 Θεοῦ,
1328 421 1479 492 μετὰ
1520 420 1724 492 φωνῆς

1841 423 2067 484 rem;vel
2093 423 2397 478 secundum
2441 422 2694 493 Aquilam
2736 421 2981 479 :Laudis
3014 432 3065 479 et
3107 425 3399 493 gratiarum

173 517 449 587 εὐφημίας
486 516 583 569 καὶ
626 515 1115 586 ἑξομολογήσεως
1147 512 1417 581 πλήθους
1462 528 1727 582 πανηγυ-

167 608 461 680 ριζόντων’
486 607 519 677 ἢ
547 607 689 662 κατὰ
711 608 801 661 τὸν
836 607 1084 672 Ἀκύλαν,
1112 605 1407 672 Αίνέσεως
1429 606 1527 660 καὶ
1556 607 1739 675 εὐχα-’

166 701 389 770 ριστίας
414 698 603 768 ὄχλου
627 697 1004 768 ἐορτάζοντος
1022 715 1036 728 ο
1083 699 1321 771 παρίστη
1369 700 1551 752 ὁποῖον
1580 697 1729 751 ἔσται

173 791 229 844 τὸ
243 792 385 855 τέλος
405 791 514 845 τῶν
536 793 593 845 ἐν
608 790 686 862 τῷ
706 791 931 861 παρόντι
954 789 1054 863 βίῳ
1081 791 1188 845 πᾶν
1211 790 1273 844 τὸ
1297 791 1451 845 ἐπιὸν
1470 790 1730 859 γενναίως

173 883 555 955 ὑπομενόντων.
580 882 886 949 Amatam:
898 882 1007 955 γάρ
1021 883 1241 948 τούτους
1256 884 1316 937 τὸ
1328 884 1729 957 τρισμακάριον

171 975 339 1039 τέλος,
359 978 394 1047 ἡ
438 975 724 1049 θαυμαστὴ
758 974 928 1047 σκηνὴ
958 975 1051 1028 τοῦ
1077 975 1237 1039 Θεοῦ,
1278 977 1374 1029 καὶ
1400 978 1428 1029 6
1467 975 1732 1029 ἐνδοτάτω

172 1067 332 1138 αὐτῆς
357 1062 502 1131 οἶκος
539 1066 730 1135 αὑτοῦ,
760 1069 816 1122 ὲν
851 1060 896 1135 ᾧ
926 1069 975 1120 οί
1020 1066 1163 1133 ἄξιοι
1217 1053 1740 1139 διαϐασταζόμενοιξ

172 1160 257 1213 καῖ
311 1159 570 1231 μετέωροι
622 1160 727 1213 ὑπὸ
771 1161 1077 1229 ἀγγελικῶν
1127 1160 1410 1231 δυνάμεων
1460 1160 1730 1232 αίρόμενοι

170 1251 588 1323 εἰσαχθήσονται.
614 1253 683 1307 Ἀ
703 1252 768 1324 δὴ
796 1254 888 1307 καὶ
919 1256 948 1307 6
990 1252 1310 1317 Ἀπόστολος
1333 1250 1486 1316 εἰδὼς
1519 1251 1729 1322 ἔλεγεν·

178 1340 651 1413 Ἂρπαγησόμεθα
687 1343 757 1396 ἐν
786 1345 1068 1413 νεφέλαις
1094 1346 1184 1411 είς
1232 1341 1575 1411 ἀπάντησιν
1627 1342 1733 1397 τοῦ

168 1434 379 1503 Κυρίου
407 1438 494 1502 εις
527 1435 693 1505 ἀέρα,
737 1436 835 1491 καὶ
871 1437 1023 1492 οὕτω
1082 1435 1340 1491 πάντοτε,
1375 1432 1498 1489 σὺν
1543 1434 1737 1503 Κυρίῳ

168 1526 437 1597 ἐσόμεθα.

233 1639 443 1709 Σκηνὴν
498 1637 556 1691 δὲ
602 1637 926 1710 θαυμαστὴν
960 1636 1054 1690 τοῦ
1107 1636 1239 1691 Θεοῦ
1287 1637 1539 1708 ὀνομάζει
1600 1636 1735 1709 πρὸς
1814 1636 1829 1647 “

165 1728 561 1799 ἀντιδιαστολὴν
594 1727 790 1797 ἐτέρας
821 1728 883 1779 οὐ
919 1726 1251 1798 θαυμαστῆς,
1278 1727 1434 1781 όποία
1469 1721 1539 1798 ἦν
1565 1726 1600 1797 ἡ
1641 1725 1733 1779 ἐπὶ

164 1821 435 1883 Μωῦσὲως
470 1785 559 1871 ιτὲι
592 1785 703 1889 γῆς.
746 1785 1248 1888 κατεπευάσμὲνηί
1307 1785 1634 1889 Θαυμαστην
1673 1815 1729 1869 δὲ
1762 1785 1803 1839 Β

164 1910 375 1983 ἀληθῶς
405 1907 607 1981 σκηνὴν
632 1909 868 1979 νοήσεις,
902 1909 971 1980 ἢν
995 1910 1043 1962 oi
1082 1908 1342 1980 μακάριοι
1368 1906 1462 1961 τοῦ
1504 1904 1638 1960 Θεοῦ
1671 1906 1729 1959 ἐν

165 2002 373 2056 ἐλπίσιν
395 2000 647 2055 ἐτίθεντο.
666 1999 813 2070 Αὕτη
834 1999 891 2053 δὲ
917 1995 986 2072 ἦν
1010 2000 1043 2070 ὴ
1074 1998 1413 2072 ἐπουράνιος,
1437 1992 1504 2070 ἧς
1530 1996 1729 2060 τύπους

165 2092 525 2159 κατεσκεύαζε
540 2092 779 2164 Μωῦσῆς
795 2093 887 2146 ἐπὶ
912 2092 1009 2163 τῆς
1031 2091 1256 2163 ἐρήμου.
1271 2090 1407 2160 Περὶ
1431 2085 1499 2162 ἦς
1520 2088 1616 2141 θαυ
1625 2104 1729 2159 μα-

165 2187 295 2259 στῆς
316 2186 519 2258 σκηνῆς
539 2185 631 2239 καὶ
650 2185 680 2237 6
707 2183 851 2247 θεῖος
883 2182 1201 2261 Ἀπόστολος
1227 2180 1492 2235 διδάσκων
1510 2180 1693 2250 ἔλεγεν
1712 2196 1726 2210 °

166 2278 441 2341 Τοιοῦτον
468 2279 689 2349 ἔχομεν
716 2275 1015 2348 ἀρχιερέα,
1045 2274 1112 2343 ὃς
1134 2271 1416 2328 ἐκάθισεν
1455 2272 1526 2326 ἐν
1565 2270 1733 2339 δεξιᾷ

161 2376 265 2432 τοῦ
294 2375 506 2443 θρόνου
543 2371 654 2440 τῆς
697 2370 1127 2441 μεγαλωσύνης
1173 2367 1242 2421 ἐν
1275 2366 1400 2433 τοῖς
1432 2364 1729 2434 οὐρανοῖς,

160 2468 277 2524 τῶν
305 2467 488 2536 ἁγίων
522 2461 868 2532 λειτουργὸς
895 2460 994 2516 καί
1028 2459 1141 2529 τῆς
1171 2458 1413 2528 σκηνῆς
1440 2457 1549 2528 τῆς
1587 2457 1732 2525 ἀλη-

161 2556 349 2624 θινῆς,
378 2556 461 2624 ἣν
504 2554 730 2623 ἔπηξεν
770 2556 803 2608 ό
851 2554 1087 2621 Κύριος,
1121 2553 1233 2607 οὐκ
1264 2550 1602 2619 ἄνθρωπος’
1650 2544 1732 2612 οἷς

161 2650 401 2719 ἐπιλέγει
438 2648 592 2719 ἑξῆς·
619 2632 847 2713 Οίτινες
875 2646 1263 2715 ὑποδείγματι
1316 2647 1415 2698 καὶ
1448 2641 1595 2711 σκιᾷ
1623 2645 1721 2696 λα-

162 2741 441 2809 τρεύουσι
467 2738 586 2792 τῶν
620 2736 1009 2805 ἐπουρανίων,
1036 2735 1231 2801 καθὼς
1269 2732 1732 2802 κεχρημάτισται

165 2827 424 2896 Μωῢσῆς
463 2827 704 2898 μέλλων
753 2824 1048 2879 ἐπιτελεῖν
1093 2823 1211 2892 τὴν
1264 2821 1523 2893 σκηνήν.
1571 2822 1728 2891 Ὅρα,

165 2918 277 2988 γάρ
309 2933 461 2987 φησι,
504 2915 776 2983 ποιήσεις
809 2913 1007 2967 πάντα
1051 2913 1200 2968 κατὰ
1230 2913 1337 2967 τόν
1379 2914 1570 2967 τύπον
1624 2913 1732 2965 τὸν

163 3008 476 3079 δειχθέντα
499 3025 596 3062 σοι
623 3008 690 3060 ἐν
719 3005 798 3071 τῷ
824 3005 963 3074 ὄρει.
1005 3002 1165 3058 Ἀλλά
1190 3003 1361 3058 ταῦτα
1397 3004 1492 3075 μὲν
1528 3002 1732 3065 εἰκόνες

161 3099 304 3177 ἦσαν
350 3100 444 3155 καὶ
493 3098 736 3171 σύμϐολα
770 3096 879 3152 τῶν
927 3096 1296 3167 ἐπουρανίων*
1339 3095 1592 3164 Χριστὸς
1642 3092 1711 3146 δὲ

161 3191 645 3260 παραγενόμενος
691 3186 1001 3257 ἀρχιερεὺς
1044 3184 1161 3238 τῶν
1203 3185 1554 3254 μελλόντων
1597 3183 1740 3252 ἁγα-

160 3281 318 3346 θῶν,
353 3281 451 3336 διὰ
494 3280 607 3349 τῆς
635 3278 907 3351 μείζονος
956 3278 1055 3331 καὶ
1098 3274 1465 3343 τελειοτέρας
1505 3272 1740 3343 σκηνῆς

160 3376 236 3429 ού
273 3372 709 3444 χειροποιήτου,
740 3370 1054 3426 τουτέστιν
1097 3371 1170 3427 οὐ
1209 3369 1431 3437 ταύτης
1477 3365 1589 3437 τῆς
1615 3367 1741 3421 κτί-

158 3484 341 3533 σεως,
368 3464 511 3519 οὐδὲ
542 3464 615 3518 δι’
645 3465 891 3533 αἳματος
951 3461 1183 3533 τράγων
1208 3460 1310 3517 καὶ
1346 3462 1617 3530 μόσχων,
1645 3457 1743 3515 διὰ

159 3557 232 3611 δέ
265 3557 372 3611 τοῦ
427 3556 577 3610 ίὸίου
627 3556 874 3625 αἳματος
931 3534 1219 3622 εἰσῆλθεν
1268 3550 1507 3628 ἐφάπαξ
1544 3553 1631 3617 είς
1670 3549 1743 3604 τὰ

161 3647 336 3717 ἅγια,
383 3647 629 3701 αἰωνίαν
668 3646 972 3713 λύτρωσιν
1001 3642 1349 3719 εὑράμενος.
1386 3643 1449 3695 Εί
1492 3640 1548 3695 δὲ
1587 3638 1743 3709 χαρὰ

161 3738 391 3808 γίνεται
433 3738 503 3791 ὲν
541 3735 667 3803 τοῖς
698 3733 976 3803 οὐρανοῖς
1009 3732 1117 3787 τῶν
1164 3731 1412 3801 ἀγγέλων
1464 3729 1557 3784 τοῦ
1606 3727 1740 3782 Θεοῦ

162 3829 265 3882 ἐπὶ
292 3827 381 3882 ἐνί
410 3823 733 3897 ἁμαρτωλῷ
748 3821 1163 3893 μετανοοῦντι,
1193 3819 1439 3882 εἰκότως,
1465 3814 1744 3886 θεοφιλοῦς

163 3920 348 3993 ψυχῆς
388 3919 523 3992 μετὰ
552 3919 642 3972 τὸν
680 3916 926 3987 αὐτάρκη
952 3914 1049 3967 καὶ
1084 3911 1178 3966 τὸν
1224 3909 1469 3983 παρόντα
1515 3908 1627 3980 βίον
1656 3905 1745 3960 διά

164 4010 476 4084 γυμνασίαν
508 4006 944 4080 καταξιουμένης
967 4005 1179 4076 τῆςίείς
1210 4002 1280 4057 τὰ
1310 4003 1443 4071 ἆγια
1471 4000 1540 4054 τὰ
1581 4003 1744 4055 ἐπου-

168 4107 337 4178 ράνια
361 4102 561 4156 εἰσόδου
580 4142 596 4167 ,
636 4100 799 4177 φωνὴ.
823 4099 1027 4168 γίνεται
1059 4095 1333 4168 εὐφημίας
1378 4091 1614 4165 πλήθους
1644 4110 1747 4146 πα-

164 4194 565 4271 νηγυριζόντων
612 4193 704 4246 καὶ
742 4189 1203 4268 εὐχαριστούντων
1243 4188 1337 4240 ἐπὶ
1385 4189 1450 4257 τῇ
1504 4184 1748 4257 σωτηρίᾳ

162 4287 265 4346 τοῦ
316 4287 642 4356 σωζομένου.
674 4286 742 4338 Ἃ
789 4284 854 4356 δὴ
898 4282 1263 4353 πεπεισμένος
1305 4274 1446 4332 εἶναι
1490 4278 1662 4350 άληθῆ
1718 4279 1767 4330 6’

164 4381 381 4444 τούτοις
421 4377 807 4456 μαθητευθεὶς,
840 4375 1067 4438 εἰκότως
1111 4371 1249 4444 πρὸς
1286 4371 1475 4426 ἐαυτὸν
1502 4370 1745 4440 φάσκει·

165 4474 297 4529 Ἵνα
328 4471 385 4524 τί
428 4471 752 4538 περίλυπος
806 4463 892 4532 εἴ,
940 4467 979 4535 ἡ
1023 4462 1194 4535 ψυχή
1226 4479 1379 4533 μου,
1403 4460 1502 4515 καὶ
1543 4462 1643 4516 ἵνα
1689 4461 1749 4515 τί
1777 4495 1823 4550 D

163 4560 621 4631 συνταράσσεις
642 4575 717 4629 με
735 4559 853 4624 λἭ
886 4555 1028 4611 κατὰ
1055 4555 1148 4610 τὸν
1173 4553 1464 4626 Σύμμαχον
1483 4569 1497 4583 ·
1549 4552 1612 4607 Τί
1642 4569 1751 4607 κα-

163 4654 508 4726 τακάμπτῃ,
534 4654 573 4721 η
600 4649 770 4723 ⁴Ψυχή
798 4667 937 4719 μου,
962 4649 1060 4703 καὶ
1081 4648 1138 4701 τί
1157 4644 1381 4716 θορυόᾖ
1406 4644 1533 4699 κατ’
1564 4644 1710 4713 ἐμοῦ
1727 4660 1764 4709 ;-

178 4746 527 4815 Ἀνάμεινον
571 4741 679 4796 τὸν
726 4741 891 4805 Θεὸν,
934 4738 1022 4794 ὅτι
1068 4736 1355 4808 διηνεκῶς
1387 4732 1749 4805 ἐξομολογή-

157 4852 355 4906 σομαι
382 4833 543 4899 αὐτῷ
579 4833 687 4898 τὰς
705 4830 1000 4899 σωτηρίας
1024 4829 1129 4884 τοῦ
1170 4827 1492 4899 προσώπου
1522 4824 1707 4880 αὐτοῦ
1725 4842 1741 4857 ο

158 4928 234 4999 ἢ,
269 4925 403 4992 ταῖς
446 4923 764 4992 σωτηρίαις
794 4920 901 4974 τοῦ
936 4918 1258 4988 προσώπου
1308 4915 1497 4972 αὐτοῦ
1521 4956 1538 4981 ,
1604 4915 1744 4970 κατὰ

159 5018 265 5071 τὸν
305 5014 556 5069 Ἀκύλαν.
575 5013 869 5083 Γενόμενος
891 5008 1141 5082 γὰμόσον
1165 5010 1376 5063 οὐδέπω
1397 5009 1457 5063 ἐν
1483 5011 1549 5082 τῇ
1576 5009 1750 5079 σκηνῇ

160 5106 270 5162 ⁴’.οὗ
299 5106 457 5172 Θεοῦ,
493 5107 587 5161 καὶ
615 5104 721 5158 ὑπὸ
750 5101 995 5171 ἀγγέλων
1025 5100 1193 5170 ἁγίων
1221 5099 1634 5170 διαϐασταχθεὶς
1662 5096 1753 5150 διὰ

166 5201 234 5257 τὸ
266 5199 401 5269 ὕψος
438 5198 616 5253 καὶτὸ
650 5196 871 5266 ἔπαρμα
898 5193 1069 5265 αὐτῆς
1102 5192 1163 5245 τὸ
1200 5192 1539 5263 ἐπουράνιον,
1576 5207 1753 5263 παρα-

170 5295 450 5366 στήσομαι
489 5289 567 5361 τῷ
595 5287 870 5362 προσώπῳ
894 5285 989 5341 τοῦ
1031 5284 1191 5350 Θεοῦ,
1225 5284 1319 5337 καὶ
1364 5282 1623 5354 τεύξομαι
1652 5283 1753 5354 τῆς

171 5384 311 5450 θέας
349 5383 442 5438 τοῦ
470 5380 741 5454 σωτηρίου
804 5376 966 5432 αὐτοῦ
986 5394 1000 5407 ο
1030 5375 1235 5430 τούτων
1277 5372 1531 5439 ἀξιωθεὶς
1552 5413 1566 5438 ,
1609 5373 1753 5429 κατὰ

168 5474 373 5547 καιρὸν
412 5472 719 5544 ἀναπέμψω
748 5469 846 5542 τὴν
872 5466 1261 5540 ἐξομολόγησιν
1287 5466 1382 5521 καὶ
1410 5464 1509 5536 τὴν
1542 5462 1752 5533 ὀφειλο-

174 5569 357 5641 μένην
388 5564 733 5639 εὐχαριστίαν
760 5561 926 5633 αὐτῷ.

1838 516 2059 570 actionis
2093 514 2263 570 turba:
2290 514 2483 584 festum
2516 515 2862 580 celebrantis;
2915 517 3155 571 declarat
3198 517 3291 586 qui
3340 518 3396 570 li.

1831 609 1918 665 nis
1941 622 2130 664 eorum
2170 606 2394 662 futurus
2435 607 2529 673 sit,
2552 608 2645 677 qui
2675 608 2730 663 in
2764 607 2867 663 bac
2897 608 3003 663 vita
3023 622 3187 665 casus
3212 622 3403 665 omnes

1834 703 2055 751 strenue
2104 696 2485 753 sustinuerint.
2539 695 2651 753 Hos
2694 696 2839 753 enim
2870 698 3103 769 excipiet
3145 697 3404 756 felicissi-

1830 806 1953 847 mus
1994 790 2137 855 ﬁnis,
2167 790 2424 847 videlicet
2472 790 2882 848 tabernaculum
2914 791 3046 848 illud
3092 792 3188 850 Dei
3228 793 3404 849 admi-

1819 880 2084 954 randum,
2108 888 2162 937 et
2188 896 2310 952 qua:
2335 882 2393 936 in
2418 882 2627 938 intimis
2655 882 2777 953 ejus
2819 883 3071 954 partibus
3113 884 3290 955 posita
3317 892 3419 940 est.

1830 976 2029 1031 domus
2050 973 2167 1038 Dei,
2197 976 2251 1029 in
2285 990 2447 1045 quam
2473 975 2649 1030 sancti
2691 976 2944 1033 homines
2978 975 3311 1043 deferentur,
3338 992 3404 1033 ac

1832 1067 2097 1125 sublimes
2130 1067 2199 1122 ab
2247 1066 2506 1137 angelicis
2550 1066 2849 1124 virtutibus
2876 1068 3003 1125 elati
3034 1069 3404 1124 intromitten-

1831 1163 1941 1218 tur.
1966 1160 2210 1230 Quorum
2247 1174 2452 1230 gnarus
2474 1158 2766 1229 Apostolus
2789 1160 2861 1215 ita
2896 1161 3216 1233 loquebatur
3244 1181 3260 1217 :
3294 1159 3403 1217 Ra-

1831 1259 2035 1326 piemur
2067 1256 2121 1309 in
2167 1253 2391 1309 nubibus
2421 1253 2629 1309 obviam
2671 1253 2893 1310 Domino
2935 1256 2989 1311 in
3024 1271 3150 1310 aera
3173 1294 3189 1322 ,
3239 1263 3289 1311 et
3325 1255 3405 1312 sic

1832 1367 2035 1421 semper
2056 1367 2174 1405 cum
2208 1350 2435 1406 Domino
2465 1351 2662 1407 erimus
2699 1351 2767 1410 ”.

1905 1646 2340 1705 Tabernaculum
2374 1655 2555 1705 autem
2587 1647 2683 1706 Dei
2721 1650 2967 1706 mirabile
2994 1660 3173 1718 vocat,
3204 1652 3272 1708 ad
3299 1651 3409 1708 dif-

1838 1741 2123 1799 ferentiam
2168 1743 2392 1799 alterius
2443 1743 2590 1815 quod
2646 1758 2779 1800 sane
2821 1744 3072 1801 mirabile
3114 1760 3224 1801 non
3271 1753 3404 1802 est:

1836 1838 1999 1908 quale
2020 1847 2139 1894 erat
2178 1829 2309 1895 illud
2337 1845 2584 1911 tempore
2626 1837 2829 1911 Moysis
2872 1838 2928 1893 in
2978 1846 3126 1896 terra
3155 1848 3409 1895 constru-

1834 1942 2004 1989 ctum.
2042 1931 2286 1988 Mirabile
2310 1943 2488 1987 autem
2519 1946 2708 1988 revera
2749 1932 3159 1987 tabernaculum
3217 1933 3411 1989 intelli-

1834 2039 1971 2095 gas,
2020 2023 2167 2096 quod
2200 2024 2344 2079 beati
2374 2022 2470 2078 Dei
2511 2023 2565 2077 in
2625 2039 2776 2094 spem
2824 2023 2928 2079 sibi
2980 2023 3409 2085 constituerunt.

1835 2114 1951 2171 Hoc
1985 2125 2165 2171 autem
2206 2115 2428 2171 caeleste
2484 2113 2615 2169 illud
2645 2123 2783 2181 erat,
2806 2116 2967 2185 cujus
3009 2116 3235 2188 ﬁguram
3268 2116 3412 2184 Moy-

1837 2221 1927 2264 ses
1952 2208 2008 2263 in
2029 2207 2245 2265 deserto
2270 2207 2580 2263 adornavit.
2626 2206 2703 2263 De
2734 2224 2846 2279 quo
2885 2208 3194 2265 admirabili
3229 2210 3407 2265 taber-

1836 2300 2036 2355 naculo
2062 2300 2180 2356 hsce
2209 2300 2435 2356 tradidit
2477 2301 2699 2357 divinus
2734 2300 3066 2372 Apostolus:
3101 2302 3284 2357 Talem
3313 2302 3413 2355 Im-

1838 2391 2017 2446 bemus
2054 2392 2383 2461 pontiﬁcem,
2446 2393 2536 2464 qui
2585 2392 2820 2447 consedit
2865 2393 2920 2447 in
2971 2393 3188 2448 dextera
3234 2392 3421 2455 throni

1836 2484 2220 2556 magnitudinis
2248 2484 2303 2539 in
2331 2483 2476 2539 caelis
2501 2524 2516 2547 ,
2548 2493 2855 2538 sanctorum
2876 2485 3118 2540 minister
3144 2494 3194 2539 et
3232 2484 3431 2540 taber--

1837 2576 2018 2631 naculi
2046 2577 2154 2631 ueri
2181 2575 2319 2647 quod
2343 2576 2459 2645 ﬁxit
2484 2575 2762 2639 Dominus,
2784 2584 2835 2629 et
2863 2592 2967 2629 non
2988 2574 3141 2629 homo
3171 2575 3251 2643 “;
3290 2576 3414 2645 qui-

1836 2669 1942 2725 bus
1968 2667 2164 2725 deinde
2184 2668 2470 2740 subjungit
2503 2687 2516 2723 :
2550 2667 2657 2735 Qui
2684 2666 2975 2735 exemplari
3006 2676 3057 2721 et
3085 2664 3288 2721 umbrae
3317 2666 3414 2720 de»

1837 2765 2070 2820 seruiunt
2095 2762 2401 2825 calestium,
2448 2761 2585 2816 sicut
2638 2774 2942 2830 responsum
2972 2768 3051 2815 est
3084 2758 3258 2831 Moysi
3295 2776 3439 2815 cum-

1837 2872 2203 2912 cunsummare
2256 2854 2409 2911 uellet
2474 2853 2917 2909 tabernaculum:
2970 2851 3135 2920 Vide,
3199 2853 3413 2925 inquit.

1838 2951 2015 3006 omnia
2039 2951 2203 3020 facito
2230 2948 2516 3004 secundum
2541 2946 2834 3019 exemplar,
2851 2945 2993 3018 quod
3020 2947 3115 3001 tibi
3142 2956 3427 3003 ostensum

1836 3052 1915 3097 est
1941 3045 1999 3097 in
2030 3052 2202 3096 monte
2228 3041 2294 3096 εί.
2329 3039 2435 3096 Sed
2469 3040 2584 3096 haec
2618 3041 2838 3112 quidem
2881 3041 3149 3112 imagines
3175 3050 3333 3096 erant
3359 3050 3437 3096 et

1716 3132 1731 3158 ’
1760 3144 1806 3206 ς
1842 3131 2087 3203 symbola
2115 3129 2443 3186 caelestium.
2475 3127 2719 3184 Christus
2751 3138 2927 3183 autem
2961 3128 3216 3183 assistens
3240 3126 3441 3196 panti--

1841 3224 1929 3293 (ea:
1975 3223 2275 3293 futurorum
2304 3220 2597 3287 bonorum,
2654 3221 3014 3292 peramplius
3055 3230 3106 3277 et
3131 3220 3436 3290 perfectius-

1842 3313 2238 3369 tabernaculum
2278 3330 2383 3368 non
2422 3312 2806 3382 manufestum,
2869 3310 2925 3365 id
2960 3320 3041 3366 est
3102 3327 3209 3364 non
3258 3308 3443 3378 hujus,

1840 3409 2163 3472 creationis;
2188 3423 2349 3477 neque
2373 3421 2464 3476 per
2489 3405 2797 3475 sanguinem
2823 3404 3090 3458 hircorum
3111 3411 3205 3457 aut
3224 3401 3418 3457 uitulo—

1841 3517 1992 3565 rum,
2025 3499 2116 3555 sed
2146 3514 2239 3569 per
2256 3498 2531 3569 proprium
2559 3496 2869 3567 sanguinem
2907 3495 3145 3551 introivit
3172 3494 3334 3550 semel
3363 3496 3443 3548 iis.

1842 3605 2049 3659 sancta,
2080 3603 2278 3649 (eterna
2310 3589 2660 3661 redemptione
2688 3588 2897 3643 inventa
2922 3589 2990 3643 η.
3018 3586 3176 3654 Quod
3202 3587 3249 3642 si
3278 3603 3438 3658 gau--

1842 3686 1990 3740 dium
2010 3693 2089 3740 est
2116 3686 2170 3739 in
2195 3683 2339 3739 caelis
2368 3681 2575 3754 angelis
2594 3679 2718 3745 Dei,
2740 3681 2803 3735 de
2831 3696 2936 3735 uno
2957 3688 3229 3749 peccatore
3248 3680 3433 3750 ptent}.

1845 3778 2066 3847 tentiam
2101 3785 2285 3848 agente
2308 3754 2600 3843 “Laterito
2622 3788 2756 3829 sane
2777 3788 2903 3828 cum
2930 3772 3183 3843 religiosa
3213 3772 3431 3835 anima,

1842 3878 1967 3943 post
1998 3878 2299 3942 peractum.
2333 3868 2514 3938 huius.
2561 3866 2686 3922 vita:
2742 3880 3006 3930 cursum,
3060 3865 3310 3936 ingressu
3359 3863 3431 3917 in.

1844 3974 2039 4021 sancta
2063 3962 2164 4022 illa
2180 3962 2423 4018 cmlestia
2458 3960 2864 4021 exercitationis
2897 3973 3011 4015 sua:
3048 3972 3218 4014 causa
3247 3956 3415 4013 dona-

1844 4066 1956 4123 tur,
1976 4071 2104 4114 νοις.
2114 4053 2511 4111 benedictionis
2530 4100 2536 4108 .
2556 4053 2717 4109 datur
2748 4066 2785 4107 a.
2809 4048 3157 4106 multitudine
3197 4048 3432 4105 celebri-.

1846 4156 2100 4211 tutemet
2128 4149 2428 4220 gratiarum
2456 4145 2727 4203 actionem
2760 4151 2956 4216 agente
2983 4157 3083 4215 pro
3127 4149 3291 4213 parta
3314 4140 3419 4213 ipsi

1847 4244 2040 4300 salute.
2074 4243 2206 4310 Quae
2250 4255 2375 4296 cum
2404 4254 2533 4295 vera
2559 4253 2688 4296 esse
2723 4250 3049 4308 persuasum
3080 4234 3277 4289 habeat
3325 4233 3424 4302 qui

1848 4335 2052 4395 talibus
2090 4327 2712 4399 institutusdisciplinis
2747 4335 2867 4393 est,
2906 4326 3032 4395 jure
3067 4324 3422 4393 semetipsum

1850 4432 1927 4494 ita
1960 4430 2285 4500 alloquitur:
2309 4426 2487 4492 Quare
2510 4423 2677 4478 tristis
2701 4437 2778 4484 es,
2807 4420 2993 4474 anima
3016 4432 3153 4480 mea,
3180 4426 3231 4471 et
3258 4431 3425 4483 quare

1850 4524 2133 4584 conturbas
2159 4537 2240 4575 me
2257 4522 2293 4577 Pr
2312 4518 2459 4583 Sive,
2478 4514 2777 4572 secundum
2799 4510 3217 4584 Symmachum:
3246 4509 3426 4576 Quare

1851 4615 2376 4689 defatigaris,anima
2407 4624 2547 4673 mea,
2579 4615 2630 4662 et
2672 4620 2836 4678 quare
2859 4603 3042 4658 turbas
3069 4600 3270 4656 excitus
3298 4616 3426 4655 con-

1849 4724 1934 4768 tra
1961 4712 2082 4766 me?
2118 4705 2379 4775 Exspecta
2409 4701 2598 4766 Deum,
2624 4700 2875 4771 quoniam
2903 4693 3115 4751 assidue
3141 4692 3422 4765 conﬁtebor

1845 4807 1917 4869 ei,
1949 4802 2149 4860 salutes
2174 4800 2347 4855 vultus
2373 4796 2525 4867 ejus;
2563 4802 2677 4860 aut,
2723 4792 2980 4850 salutibus
3008 4789 3180 4845 vultus
3203 4789 3337 4859 ejus,
3365 4795 3426 4843 ut

1844 4898 2012 4965 liabet
2060 4894 2276 4967 Aquila.
2312 4892 2449 4949 Nam
2480 4907 2604 4948 cum
2625 4891 2739 4962 jam
2765 4902 2904 4961 pene
2930 4886 2998 4941 ad
3013 4884 3425 4941 tabernaculum

1853 4993 1949 5050 Dei
1979 4993 2318 5065 pervenerim
2337 5030 2354 5057 ,
2385 5000 2549 5062 atque
2593 4990 2665 5046 ob
2692 4983 3071 5043 celsitudinem
3096 4989 3151 5038 et
3178 4981 3427 5039 sublimi-

1854 5096 2019 5145 tatem
2051 5088 2170 5157 ejus
2219 5086 2499 5140 caelestem
2560 5097 2592 5136 a
2643 5080 2848 5137 sanctis
2896 5077 3102 5150 angelis
3148 5075 3429 5146 bajulatus

1855 5182 1982 5247 sim,
2012 5179 2183 5236 vultui
2228 5177 2325 5233 Dei
2359 5176 2547 5241 sistar,
2589 5181 2643 5230 et
2675 5171 3134 5243 contemplatione
3171 5166 3431 5224 salutaris

1855 5276 1999 5347 ejus,
2024 5273 2111 5330 his
2139 5271 2417 5343 dignatus,
2436 5267 2709 5340 perfruar,
2727 5282 2836 5338 quo
2866 5275 3107 5334 tempore
3128 5256 3430 5317 confessio-

1859 5381 1983 5426 nem
2007 5363 2355 5435 debitamque
2388 5360 2687 5434 gratiarum
2716 5358 2983 5414 actionem
3017 5353 3281 5412 emittam.

254 5724 304 5756 ⁸⁸
343 5720 585 5778 lTbcss.
622 5735 698 5790 tv,
733 5717 816 5774 [6.
892 5715 936 5750 ιθ
975 5699 1142 5774 Hebr.
1175 5731 1304 5784 vui,
1340 5713 1392 5782 l,
1431 5711 1486 5769 2.
1563 5712 1603 5745 ⁸¹
1643 5709 1741 5767 ibid

1847 5750 1860 5763 .
1937 5709 1980 5744 ’δ’
2025 5705 2188 5765 Hebr.
2225 5719 2302 5771 Ix,
2341 5699 2429 5770 il,
2467 5697 2553 5756 12.
2631 5697 2675 5730 ⁸³
2722 5693 2833 5751 ιιιιο
2887 5705 2964 5759 ιν·Δ
3028 5727 3060 5752 ,ρ

1225 5888 1233 5923 ί
