3988 6202
495 284 605 341 δ’ῖῦ

1169 282 1458 357 tensam
1487 278 1979 339 cmssmsnsns
2015 276 2083 334 οι

2198 276 2378 335 PARS
2414 277 2502 336 Ill.
2536 310 2608 320 —
2620 276 3046 343 ,EXEGETICA.
3636 273 3750 329 376

575 402 701 459 Haec
729 402 946 474 quidem
971 402 1084 475 iam
1116 406 1423 458 memorata
1447 400 1502 455 in
1548 415 1645 472 spe
1673 400 1810 455 mihi
1833 397 2071 470 reposita

2244 397 2329 452 Τὰ
2359 398 2459 470 μὲν
2478 398 2536 451 ὲν
2562 396 2774 452 ἐλπίσιν
2789 392 3128 466 ἀποκείμενά
3150 409 3239 464 μοι
3260 388 3409 445 ταῦτ’
3426 389 3630 443 ἐστιτὰ
3656 388 3753 442 λε-

499 503 648 554 sunt.
682 495 787 550 Sed
817 495 1080 551 hactenus
1105 494 1293 551 multis
1315 509 1403 550 me
1444 492 1931 555 conturbantibus,
1962 487 2072 545 no'n

497 587 580 642 sic
605 592 788 639 tamen
812 591 1120 641 commotus
1148 599 1272 641 sum
1296 590 1358 639 ut
1395 583 1703 640 exciderem
1730 623 1746 649 ,
1786 590 1842 638 et
1892 581 2074 637 mani-

502 678 637 734 festa
670 693 758 735 res
782 677 1242 736 conturbantibus
1271 670 1550 735 evaderet.
1580 677 1686 741 At,
1724 675 2076 748 quemadmo-

499 768 627 823 dum
654 770 934 839 superius,
959 768 1123 839 eﬂ'udi
1156 770 1212 824 in
1248 786 1331 824 me
1353 771 1589 823 animam
1623 784 1824 832 meam;
1876 782 2076 823 secun-

499 862 628 916 dum
658 876 789 917 vero
819 860 1240 934 Symmachum,
1273 862 1331 916 in
1364 879 1466 925 mc,
1501 860 1703 932 inquit,
1739 863 1921 915 anima
1958 875 2076 914 mea

501 950 724 1021 lique/it,
768 950 979 1023 quando
1017 953 1266 1007 recordor
1291 952 1391 1016 tui,
1422 968 1458 1005 a
1487 959 1629 1005 terra
1674 948 1965 1014 Iordanis,
2025 960 2077 1006 et

501 1044 566 1096 ab
601 1041 952 1110 Hermoniim,
981 1053 1155 1099 monte
1208 1045 1447 1099 minimo.
1482 1042 1716 1115 Abyssus
1753 1042 1943 1113 abysso
1984 1061 2076 1099 oc-

500 1134 665 1189 currit
695 1152 728 1189 a
755 1137 933 1190 sonitu
970 1137 1356 1207 scaturiginum
1410 1146 1644 1193 tuarum.
1685 1136 1878 1192 Isthmo
1912 1152 2077 1208 porro

501 1227 606 1280 hoc
635 1227 768 1281 mihi
800 1227 1055 1282 videntur
1095 1243 1259 1285 sensu
1308 1228 1667 1300 accipienda:
1707 1229 1841 1285 Post
1873 1228 2077 1302 Moysis

503 1322 731 1372 mortem
755 1332 881 1371 cum
900 1314 1061 1373 Iesus
1078 1317 1339 1387 populum
1370 1318 1428 1373 in
1459 1326 1661 1374 terram
1695 1320 2078 1389 promissionis

504 1408 916 1477 introduxisset,
949 1409 1263 1467 sacerdotes
1296 1425 1482 1467 arcam
1518 1412 1761 1467 humeris
1804 1420 2078 1484 gestantes

502 1503 559 1556 in
582 1499 872 1557 Iordanem
914 1501 1146 1573 ingressi
1178 1512 1329 1561 sunt.
1369 1503 1626 1563 Iordanis
1655 1515 1858 1572 autem,
1893 1515 1953 1562 ut
2002 1508 2081 1563 ait

504 1593 789 1664 Scriptura
819 1591 887 1666 “,
906 1593 1208 1664 replebatur
1235 1596 1447 1651 omnino
1469 1598 1521 1650 in
1552 1598 1672 1667 ripa
1701 1615 1822 1663 sua,
1849 1601 2002 1668 quasi
2025 1601 2080 1655 in

503 1682 684 1737 diebus
710 1685 895 1739 messis
919 1686 1192 1754 frumenti.
1245 1683 1315 1738 Et
1364 1694 1622 1740 steterunt
1670 1704 1882 1743 sursum
1929 1705 2081 1759 aqua

502 1774 864 1829 descendentes
910 1777 1239 1831 concretione
1279 1794 1408 1832 una.
1460 1778 1593 1844 Qua:
1632 1788 1809 1835 autem
1857 1781 2080 1851 inferius

503 1864 722 1933 ﬂuebat,
743 1867 1012 1921 descendit
1040 1868 1095 1921 in
1123 1883 1270 1923 mare
1303 1870 1527 1924 salsum.
1558 1868 1631 1927 Et
1657 1886 1836 1927 omnes
1857 1874 1961 1943 ﬁlii
1995 1871 2082 1929 Is-

504 1958 615 2011 rael
644 1959 970 2011 transierant
1014 1974 1108 2028 per
1141 1958 1337 2014 siccam
1371 1959 1426 2014 in
1462 1959 1632 2016 medio
1667 1960 1955 2026 Iordanis,
2003 1964 2084 2019 in-

504 2046 706 2103 feriore
737 2047 892 2103 alveo
919 2046 978 2101 in
1008 2061 1160 2103 mare
1199 2048 1405 2105 salsum
1450 2050 1754 2118 deﬂuente;
1799 2053 2084 2123 superiore

504 2145 687 2191 autem
718 2137 1045 2197 mirabiliter
1081 2137 1374 2210 divinaque
1400 2140 1604 2198 virtute
1649 2142 1893 2198 cohibito
1919 2151 2084 2217 atque

505 2238 655 2284 retro
685 2226 909 2286 ﬂuente.
939 2228 1006 2284 Et
1027 2244 1158 2286 vero
1180 2229 1362 2287 ﬂuxus
1385 2231 1464 2286 illi
1484 2230 1742 2290 Iordanis
1769 2236 2084 2306 superiores

502 2337 572 2377 ex
601 2329 754 2392 parte
783 2320 1033 2385 fontium,
1052 2336 1187 2377 cum
1224 2323 1428 2378 exitum
1457 2340 1566 2380 non
1605 2325 1891 2393 haberent,
1922 2328 2085 2384 attol-

505 2411 780 2479 lebantur,
817 2420 873 2469 et
899 2414 1122 2469 cumulo
1143 2428 1252 2469 uno
1280 2414 1632 2487 erigebantur
1673 2433 1829 2488 aqua:
1878 2419 2083 2476 aﬂ‘atim

508 2503 882 2573 conﬂuentes,
932 2506 1079 2578 quod
1107 2506 1291 2562 exitus
1320 2517 1468 2564 esset
1517 2508 1872 2568 interclusus.
1927 2510 2085 2568 Tunc

507 2597 698 2668 utique
723 2598 957 2671 abyssus
990 2598 1191 2671 abysso
1217 2599 1546 2656 occurrebat
1573 2640 1590 2664 ,
1644 2604 1912 2673 repressis
1937 2612 1994 2659 et
2030 2606 2086 2660 in

510 2690 788 2761 fastigium
816 2692 1017 2747 evectis
1062 2690 1243 2761 aquis.
1294 2689 1472 2762 Hujus
1501 2692 1687 2764 itaque
1730 2693 2082 2765 providentia:

509 2784 740 2853 gratiam
771 2790 904 2838 tunc
943 2783 1146 2854 popqu
1187 2784 1443 2841 collatam
1497 2786 1761 2842 memoria
1795 2797 2045 2859 repetens
2068 2829 2083 2855 ,

510 2878 707 2933 merito
761 2876 1236 2949 inprmsentiarum
1263 2877 1447 2933 animo
1480 2877 1724 2949 liqneﬂo,
1760 2881 1908 2950 quod
1935 2882 2087 2937 nulla

512 2970 824 3039 Imjusmodi
854 2968 952 3025 Dei
998 2968 1343 3041 providentia
1389 2969 1551 3026 nobis
1591 2971 1946 3029 concedatur.
2004 2972 2085 3029 llli

2179 491 2437 566 λεγμὲνα.
2454 490 2606 555 Τέως
2633 490 2678 544 δ’
2711 491 2805 543 ἐπὶ
2821 487 2917 542 τοῦ
2948 486 3212 559 παρόντος
3227 480 3432 538 πολλῶν
3453 499 3521 554 με
3539 496 3751 553 ταρατ-

2175 586 2397 649 τόντων,
2431 584 2593 649 αὐτὸς
2622 583 2723 653 οὐχ
2752 580 2924 644 οὕτως
2945 576 3347 649 ἐταραττόμην,
3389 573 3464 637 ὡς
3492 574 3753 626 ἐκπεσεῖν

2180 680 2275 732 καὶ
2301 676 2551 748 φανερῶς
2582 674 2834 745 γενέσθαι
2864 674 2977 736 τοῖς
3001 670 3357 741 ταράττουσιν
3374 683 3387 696 ο
3424 665 3537 719 ἀλλ’
3555 664 3756 738 ὥσπερ

2179 766 2458 840 ἀνωτέρω,
2473 764 2681 835 ἐξέχεα
2695 764 2787 817 ἐπ’
2805 762 2912 833 ἐμὲ
2935 760 3045 830 τὴν
3064 759 3277 830 ψυχήν
3287 776 3427 829 μου,
3443 756 3594 811 οὕτω
3644 756 3755 811 καὶ

2174 860 2436 915 ἐνταῦθα
2490 857 2639 927 πρὸς
2681 854 2941 926 ἐμαυτὸν
2988 854 3027 922 ἠ
3064 850 3234 922 ψυχή
3273 867 3392 920 μου
3426 848 3752 920 ἐταράχθη.

2176 951 2337 1005 Κατὰ
2350 950 2407 1004 δὲ
2433 950 2523 1004 τὸν
2547 947 2863 1019 Σύμμαχον,
2890 945 3008 998 Ἐπ’
3033 943 3158 1013 ἐμὲ,
3179 942 3364 1013 φησὶν,
3380 943 3419 1011 η
3438 939 3608 1011 ψυχή
3627 959 3759 1011 μου

2178 1042 2593 1111 κατατήκεται,
2621 1041 2766 1095 ὅταν
2793 1034 3329 1110 ἁναμιμνήσκωμαί
3348 1048 3463 1088 σου
3493 1031 3613 1088 ἀπὸ
3637 1031 3760 1103 γῆς

2190 1136 2484 1206 Ἰορδάνου
2512 1135 2611 1190 και
2639 1134 2758 1189 ἀπὸ
2791 1129 3146 1202 Ἐρμωνιεὶμ,
3173 1127 3349 1196 ὅρους
3367 1124 3755 1196 μικροτάτου.

2181 1231 2480 1295 Ἀϐυσσος
2508 1228 2757 1293 άϐὑσσῳ
2799 1220 3035 1289 ἀπαντᾷ
3079 1218 3198 1275 άπὸ
3233 1218 3387 1288 ἤχου
3426 1215 3545 1271 τῶν
3576 1233 3763 1285 κρου-

2178 1322 2302 1377 νῶν
2331 1335 2469 1376 σου.
2488 1322 2645 1374 Δοκεῖ
2673 1318 2729 1372 δέ
2767 1317 2910 1390 μοιὴ
2942 1313 3049 1369 τῶν
3068 1311 3372 1385 εἰρημένων
3397 1308 3606 1363 διάνοια
3630 1307 3765 1362 τοῦ-

2179 1436 2270 1472 τον
2311 1417 2455 1488 ἔχειν
2487 1416 2577 1470 τὸν
2621 1413 2747 1468 νοῦν
2770 1432 2784 1445 ·
2834 1412 2990 1467 Μετὰ
3029 1410 3126 1481 τὴν
3157 1406 3436 1470 Μωῦσέως
3472 1405 3758 1476 τελευτὴν,

2193 1509 2370 1581 Ἰησοῦ
2404 1508 2493 1562 τὸν
2520 1507 2648 1562 λαὸν
2675 1507 2756 1569 εἰς
2784 1505 2883 1576 τὴν
2916 1505 3020 1575 γῆν
3045 1504 3142 1573 τῆς
3163 1498 3492 1569 ἐπαγγελίας
3528 1500 3761 1567 εἰσαγα-

2182 1600 2388 1669 γόντος,
2412 1598 2489 1661 ὡς
2514 1598 2563 1649 οἱ
2593 1597 2759 1668 ἱερεῖς
2788 1593 3062 1662 ἐπέδησαν
3088 1588 3168 1659 τῷ
3203 1586 3438 1658 Ἰορδάνῃ
3466 1583 3567 1655 τὴν
3589 1582 3760 1637 κιϐω-

2180 1693 2272 1748 τὸν
2308 1692 2394 1744 ἐπ’
2423 1690 2586 1761 ὤμων
2622 1688 2899 1760 φέροντες.
2933 1684 2992 1738 ’0
3022 1681 3078 1736 δὲ
3116 1679 3403 1751 Ἰορδάνης,
3436 1676 3513 1739 ῶς
3532 1691 3698 1745 φησιν
3726 1675 3760 1743 ἡ

2182 1784 2392 1859 Γραφὴ.
2418 1781 2758 1850 ἐπληροῦτο
2802 1779 3060 1833 καθόλου
3101 1772 3216 1841 τὴν
3242 1769 3503 1840 κρηπῖδα
3546 1766 3758 1859 αὐτοῦ,

2179 1857 2323 1931 ὡσεὶ
2345 1873 2557 1944 ἠμέοαι
2586 1868 2867 1940 θερισμοῦ
2896 1865 3123 1935 πυρῶν.
3146 1862 3258 1917 Καὶ
3289 1861 3439 1928 ἔστη
3467 1860 3541 1913 τὰ
3570 1857 3762 1911 ὕδατα

2181 1967 2613 2025 καταϐαίνοντα
2639 1963 2866 2017 ἄνωθεν
2885 1958 3092 2029 πῆγμα
3113 1956 3202 2012 ἐν.
3222 1953 3289 2009 Τὸ
3311 1951 3380 2007 δὲ
3400 1950 3763 2006 καταϐαῖνον

2183 2060 2399 2128 κατέϐη
2426 2059 2513 2124 εὶς
2549 2053 2665 2124 τὴν
2692 2052 3013 2110 θάλασσαν
3042 2047 3162 2103 τῶν
3191 2045 3375 2100 ἀλῶν.
3399 2041 3511 2097 Καὶ
3537 2040 3763 2106 πάντες

2183 2155 2237 2207 οἱ
2254 2151 2368 2207 υἱοὶ
2410 2146 2651 2217 Ἰσραὴλ
2680 2144 2970 2212 διέϐησαν
3004 2140 3103 2195 διὰ
3131 2137 3323 2208 ξηρᾶς
3354 2137 3424 2190 ὲν
3458 2136 3625 2207 μέσῳ
3652 2135 3762 2189 τοῦ

2198 2241 2514 2313 Ἰορδάνου,
2543 2239 2637 2295 τοῦ
2673 2235 2772 2310 μὲν
2802 2234 2953 2289 κάτω
2997 2231 3300 2304 φερομένου
3343 2228 3609 2301 ῥεύματος
3646 2245 3763 2297 χω-

2189 2339 2407 2410 ροῦντος
2431 2338 2510 2399 εἰς
2535 2332 2634 2405 τὴν
2658 2331 2934 2385 θάλασσαν
2962 2326 3060 2399 τὴν
3085 2324 3292 2395 ἁλυκήν
3309 2338 3324 2351 ⁸
3352 2322 3447 2375 τοῦ
3471 2321 3524 2374 δὲ
3547 2318 3767 2374 ἄνωθεν

2186 2429 2463 2491 κατιόντος
2499 2422 2816 2497 παραδόξως
2859 2418 2994 2473 Θεοῦ
3044 2416 3271 2488 δυνάμει
3301 2410 3765 2484 ἀναστελλομένου

2186 2523 2281 2578 καὶ¹
2312 2523 2392 2586 εἰς
2422 2517 2663 2573 τούπίσω
2695 2511 3018 2587 χωροῦντος.
3045 2510 3156 2564 Καὶ
3183 2508 3248 2581 δὴ
3273 2507 3344 2562 τά
3376 2507 3484 2562 ἀπὸ
3512 2506 3625 2558 τῶν
3653 2522 3764 2577 πη-

2185 2616 2297 2686 γῶν
2328 2611 2534 2670 ἄνωθεν
2565 2607 2907 2683 προχεόμενα
2946 2602 3040 2658 τοῦ
3088 2601 3353 2675 Ἰορδάνου
3386 2598 3653 2671 ῥεύματα,
3688 2598 3766 2670 μὴ

2186 2707 2377 2779 ἔχοντα
2406 2701 2633 2768 διέξοδον
2653 2741 2668 2766 ,
2706 2696 3030 2771 ὲκυρτοῦτο,
3070 2695 3166 2749 καὶ
3214 2692 3388 2764 σωρὸς
3416 2687 3513 2779 ,εἷς
3547 2690 3767 2758 ἐγένετο

2188 2778 2562 2868 ἐπαιρομένων
2593 2789 2714 2845 κατ’
2742 2787 2986 2859 ἀλλήλων
3015 2784 3124 2839 τῶν
3151 2782 3377 2845 ὑδάτων,
3405 2778 3494 2833 διὰ
3524 2779 3589 2833 τδ
3625 2780 3765 2834 ἀπο-

2187 2885 2498 2943 κεκλεῖσθαι
2551 2884 2733 2946 αὐτοῖς
2783 2880 2882 2951 τὴν
2931 2877 3184 2946 διέξοδον.
3233 2876 3366 2929 Τότε
3413 2874 3478 2947 δὴ
3530 2873 3768 2937 ἄϐυσσος

2187 2979 2407 3052 ἀϐύσσῳ
2452 2976 2700 3049 ἀπήντα,
2754 2970 3221 3043 άναστελλομένων
3256 2969 3365 3023 τῶν
3411 2966 3623 3022 ὑδάτων
3672 2966 3767 3020 καὶ

510 3078 749 3133 namque
777 3061 1102 3118 mirabiliter
1141 3060 1433 3118 Iordanem
1468 3064 1828 3131 transierunt,
1853 3073 1909 3123 et
1933 3082 2083 3124 mon-

2188 3070 2632 3146 κορυφουμένων.
2683 3065 2994 3121 Ἀναπολῶν
3037 3059 3132 3117 οὖν
3174 3064 3241 3134 τῇ
3278 3062 3468 3134 μνήμῃ
3512 3059 3618 3129 τῆς
3641 3058 3766 3112 τότε

511 3166 620 3211 tem
656 3155 760 3226 ipsi
783 3155 1022 3212 vicinum
1049 3153 1388 3212 Iiermoniim
1423 3165 1800 3228 nuncupatum
1819 3199 1835 3225 ,
1866 3160 1961 3230 qui
1990 3160 2089 3215 mi-

512 3250 695 3304 nimus
714 3249 951 3306 exsistit.
982 3249 1112 3305 Mihi
1136 3265 1288 3317 vero,
1317 3250 1413 3322 qui
1437 3250 1554 3306 haec
1572 3250 1790 3323 loquor,
1821 3251 1959 3307 nihil
1987 3253 2089 3309 hu-

508 3342 751 3413 jusmodi
775 3358 1102 3400 concessum
1134 3351 1248 3412 est,
1283 3344 1375 3400 sed
1423 3345 1603 3401 omnia
1646 3343 1854 3400 excelsa
1899 3352 1993 3400 tua
2038 3355 2089 3400 et

517 3433 708 3490 ‘iuetus
760 3435 840 3489 tui
882 3451 1043 3503 super
1083 3452 1166 3490 me
1226 3437 1590 3501 transierant;
1638 3446 1737 3492 aut
1783 3437 2089 3494 secundum

514 3523 1103 3599 Symmachummmnes
1131 3531 1377 3599 procella:
1408 3541 1513 3586 tua:
1540 3541 1592 3586 et
1613 3532 1810 3601 fluctus
1829 3532 1907 3586 tui
1934 3548 2092 3600 super

513 3639 596 3676 me
632 3622 977 3678 transierunt.
1021 3621 1152 3678 Iure
1179 3637 1310 3694 ergo
1337 3624 1406 3677 ad
1448 3625 1701 3694 meipsum
1741 3624 1924 3678 anima
1973 3640 2090 3679 mea

514 3714 828 3769 conturbata
877 3724 1000 3779 est;
1039 3718 1153 3777 aut‘.
1204 3718 1259 3771 in
1320 3734 1403 3771 me
1455 3720 1635 3772 anima
1689 3734 1805 3773 mea
1856 3718 2089 3789 lique/it,

515 3825 634 3861 cum
656 3807 903 3861 recordor
934 3808 1009 3861 tui
1037 3808 1100 3862 de
1129 3818 1271 3863 terra
1289 3807 1567 3878 Iordanis,
1591 3811 1893 3867 secundum
1930 3810 2092 3883 Sym-

515 3898 792 3963 machum,
816 3908 867 3954 et
891 3898 956 3953 ab
999 3898 1331 3955 Hermoniim
1373 3912 1548 3956 monte
1601 3904 1845 3959 minimo.
1907 3903 1970 3961 ln
2005 3905 2090 3961 his

515 3990 715 4060 quippe
737 3990 873 4047 locis
900 3992 1030 4047 olim
1062 3992 1284 4064 abyssus
1309 3994 1501 4066 abysso
1526 3997 1832 4052 occurrebat
1857 4016 1890 4053 a
1914 4000 2091 4053 sonitu

514 4085 895 4155 scaturiginum
921 4094 1154 4149 tuarum,
1169 4095 1223 4141 et
1251 4102 1390 4156 aqua
1416 4088 1656 4144 cohibita
1685 4098 1791 4159 est,
1810 4106 1879 4146 ne
1907 4092 1976 4148 iis
1997 4093 2090 4163 qui

514 4177 807 4234 Iordanem
835 4177 1143 4233 transibant
1172 4179 1480 4234 molestiam
1509 4178 1745 4237 aﬂerret.
1771 4181 1937 4253 Atqui
1958 4191 2089 4240 tunc

514 4271 737 4343 quidem
762 4270 891 4339 hac
909 4269 1228 4326 acciderunt
1253 4286 1351 4341 per
1386 4272 1783 4343 providentiam
1813 4275 1963 4347 ipsos
1991 4293 2091 4334 cn-

513 4376 754 4431 rantem;
787 4371 845 4419 at
875 4381 1022 4422 nunc
1053 4382 1229 4421 omnes
1275 4366 1521 4436 procellae
1563 4376 1667 4423 tua:
1701 4379 1752 4424 et
1784 4370 1979 4439 ﬂuctus
2012 4374 2090 4427 tui

515 4473 669 4528 super
695 4473 778 4513 me
809 4459 1156 4527 transierunt,
1181 4459 1476 4516 obruentes
1495 4473 1558 4515 ac
1581 4460 1958 4533 demergentes
1978 4480 2084 4531 me,

2188 3161 2579 3238 γενομένηςτῷ
2608 3158 2724 3232 λαῷ
2752 3156 3058 3237 ἐπισκοπῆς
3083 3154 3180 3227 τὴν
3210 3154 3392 3226 χάριν,
3422 3150 3649 3215 εἰκότως
3675 3151 3768 3205 ἐπὶ

2187 3260 2283 3314 τοῦ
2342 3256 2608 3331 παρόντος
2654 3252 2751 3324 τὴν
2805 3248 2984 3321 ψυχὴν
3036 3247 3449 3317 κατατήκομαι,
3497 3243 3770 3316 μηδεμιᾶς

2187 3350 2444 3421 τοιαύτης
2472 3348 2567 3401 καὶ
2597 3344 2682 3415 ἐφ’
2709 3343 2865 3416 ἡμῶν
2885 3340 3215 3411 γιγνομένης
3236 3335 3374 3390 Θεοῦ
3403 3335 3682 3431 προνρίας.
3705 3337 3767 3389 Oi

2193 3446 2291 3516 μὲν
2320 3442 2428 3513 γὰρ
2453 3437 2766 3511 παραδόξως
2784 3435 2874 3490 τὸν
2908 3432 3177 3505 Ἰορδάνην
3197 3430 3407 3502 διῆλθον
3437 3428 3620 3483 καὶῖτὸ
3644 3428 3772 3503 δρος

2188 3537 2250 3590 τὸ
2283 3534 2418 3605 πρὸς
2450 3530 2603 3598 αὐτὸ,
2637 3526 2969 3601 Ἐρμωνιεὶμ
2995 3521 3413 3595 ὀνομαζόμενον,
3440 3520 3773 3592 μικρότατον

2189 3627 2486 3700 τυγχάνοψ
2514 3624 2599 3677 ἐπ’
2632 3619 2769 3693 ἐμοῦ
2807 3619 2864 3672 δὲ
2890 3616 2981 3671 τοῦ
3026 3612 3199 3670 ταῦτα
3247 3613 3496 3683 λέγοντος
3525 3610 3774 3664 τοιοῦτον

2194 3722 2292 3793 μὲν
2323 3719 2474 3774 οὐδὲν
2514 3716 2863 3787 πέπρακταιο
2912 3710 3143 3776 Πάντες
3177 3706 3245 3761 δὲ
3285 3709 3339 3761 οὶ
3379 3703 3776 3775 μετεωρισμοί

2190 3829 2306 3869 σου
2339 3811 2435 3865 καὶ
2468 3809 2542 3864 τὰ
2568 3805 2801 3878 κύματά
2826 3818 2942 3859 σου
2985 3802 3077 3856 ἐπ’
3109 3798 3214 3870 ἐμὲ
3249 3795 3525 3865 διῆλθον⁸
3557 3794 3592 3868 ἢ
3628 3793 3775 3848 κατὰ

2189 3906 2281 3960 τὸν
2322 3903 2650 3975 Σύμμαχονο
2681 3897 2881 3953 Πᾶσαι
2929 3897 2990 3950 αὶ
3015 3890 3350 3962 καταιγίδες
3386 3905 3503 3944 σου
3552 3887 3655 3941 καὶ
3701 3886 3776 3940 τὰ

2190 3995 2422 4070 κύματά
2455 4011 2571 4050 σου
2613 3990 2814 4047 ἐπάνω
2862 4006 2982 4060 μου
3014 3983 3348 4055 παρῆλθον.
3391 3981 3632 4044 Εἰκότως
3677 3974 3775 4033 οὖν

2191 4091 2339 4161 πρὸς
2374 4087 2635 4159 ἐμαυτὸν
2681 4085 2720 4153 τι
2745 4080 2916 4152 ψυχή
2939 4097 3057 4150 μου
3081 4074 3376 4145 ἐταράχθη
3395 4091 3409 4104 ’
3439 4072 3496 4144 ἢ.
3528 4072 3649 4124 Ἐπ’
3668 4070 3778 4141 ἐμὲ

2191 4188 2230 4254 ἡ
2256 4181 2424 4254 ψυχή
2450 4197 2570 4251 μου
2603 4174 3026 4241 κατατήκεται,
3054 4170 3201 4224 ὅταν
3236 4163 3779 4236 ἀναμιμνήσκωιωὶ

2190 4296 2306 4334 σου
2334 4276 2455 4333 άπὸ
2490 4271 2602 4345 τῆς
2635 4268 2949 4340 Ἰορδάνου,
2990 4265 3132 4319 κατὰ
3176 4262 3268 4315 τὸν
3300 4259 3633 4351 Σύμμαχον,

2192 4372 2311 4430 ἀπὸ
2352 4366 2727 4440 Ἐρμωνιεὶμ,
2757 4363 2933 4432 ὄρους
2954 4354 3331 4429 μικροτάτου.
3372 4351 3462 4405 Ἐν
3497 4350 3610 4421 γὰρ
3648 4350 3777 4403 τοῦ·

2192 4482 2306 4527 τοις
2353 4463 2465 4524 τοῖς
2522 4455 2742 4529 χωρίοις
2787 4450 2954 4505 πάλαι
2998 4445 3128 4501 ποτὲ
3193 4442 3465 4508 ἄϐυσσος
3522 4440 3783 4529 ἀϐύσσῳ

515 4550 731 4606 nemine
770 4549 1082 4607 cohibente.
1115 4551 1386 4608 Caeterum
1416 4552 1532 4609 haec
1573 4554 1699 4621 jure
1724 4528 1857 4610 dicit
1884 4528 2083 4617 chorus

2193 4551 2432 4621 ἀπήντα
2476 4528 2593 4603 ἀπὸ
2628 4544 2783 4615 ἤχου
2820 4538 2940 4594 τῶν
2981 4532 3254 4605 κρουνῶν
3289 4548 3426 4597 σου,
3453 4528 3783 4635 ἀναστελλο-

514 4640 751 4696 liliorum
777 4638 936 4703 Core,
969 4640 1287 4711 praphetice
1312 4619 1641 4713 postremam
1660 4643 1970 4702 Iudaeorum
1999 4649 2083 4706 ab-

2199 4619 2360 4719 μὲνου
2424 4638 2520 4694 τοῦ
2589 4635 2781 4697 ὓδατος
2827 4627 3017 4725 signo
3185 4623 3462 4725 διοχλῆσοιι
3512 4619 3639 4725 τοὺς
3684 4619 3783 4725 τδν

511 4732 802 4801 jectionem
835 4732 1047 4804 lugens,
1071 4708 1229 4802 cujus
1246 4708 1586 4790 calamitates
1604 4737 1657 4790 in
1683 4752 1742 4793 sc
1768 4738 2081 4810 recipiebat.

2200 4708 2479 4809 Ἰορδάνην
2508 4726 2821 4799 παριόντας.
2863 4719 3023 4774 Ἀλλὰ
3046 4718 3168 4771 τότε
3214 4716 3311 4786 μὲν
3344 4712 3523 4821 ταῦτα
3554 4708 3645 4762 διὰ
3677 4708 3783 4779 τὴν

514 4824 917 4880 ἐπισκοποῦσαν
942 4823 1068 4890 τοὺς
1094 4826 1217 4880 τότε
1277 4828 1569 4900 πρόνοιανο
1595 4830 1711 4883 νυνὶ
1756 4831 1814 4884 δὲ
1854 4808 2042 4890 πᾶσαι
2079 4841 2139 4894 αι
2176 4829 2513 4902 καταιγίδες
2552 4841 2668 4880 σου
2707 4818 2807 4874 καὶ
2857 4815 2931 4871 τὰ
2975 4809 3210 4882 κύματά
3250 4826 3369 4902 σου
3410 4808 3613 4902 ἐπάνω

513 4913 855 4985 παρῆλθον,
900 4899 1328 4985 κατακλύζοντά
1361 4937 1428 4990 με
1474 4920 1569 4975 καὶ
1618 4925 2096 4995 καταποντοῦντα,
2138 4899 2371 5003 μηδενὸς.
2419 4913 2854 5011 ἀναστέλλοντος.
2904 4907 3066 5011 {texat
3086 4904 3167 5011 ‘62‘.’
3244 4901 3419 5011 ταῦτα
3469 4899 3785 5011 studeo)on

513 5007 672 5081 γοοὸς
720 5008 829 5064 τῶν
878 5010 1010 5065 υἱῶν
1057 5011 1224 5084 Κορὲ,
1272 5012 1627 5085 προφητικῶς
1666 4991 2091 5088 ἀποκλαιόμενοι
2287 5015 2522 5088 ἐσχάτην
2554 5004 2822 5077 ἀποϐολὴν
2851 5000 2945 5058 τοῦ
2978 4997 3245 5054 Ἰουδαίων
3278 4995 3463 5058 ἔθνους
3493 4991 3580 5058 οὗ,
3625 4991 3783 5064 πάθη

513 5105 593 5168 εἰς
614 5102 806 5156 ἑαυτὸν
835 5104 1226 5176 ἀνελάμϐανεν.

2274 5221 2520 5294 Ἡμέρας
2548 5213 2872 5274 ἐντελεῖται
2893 5210 3106 5278 Κύριος
3137 5207 3203 5261 τὸ
3230 5205 3404 5269 ἕλεος
3429 5202 3643 5266 αὐτοῦ,
3686 5203 3789 5257 καὶ

2190 5297 2412 5381 ,Ῐιυκτὸς
2447 5310 2564 5380 τὴν
2594 5307 2759 5377 ᾠδὴν
2808 5300 3016 5359 αὐτοῦ.
3071 5300 3134 5353 Et
3179 5298 3275 5352 καὶ
3325 5298 3533 5359 πᾶσαι,
3577 5297 3791 5367 φησιν,

2192 5411 2249 5463 αἱ
2296 5403 2611 5475 καταιγεδες
2645 5416 2742 5454 σου
2792 5396 2890 5451 καὶ
2928 5394 2999 5450 τὰ
3038 5391 3256 5464 κύματά
3297 5406 3389 5443 σου
3436 5388 3624 5444 ἐπάνω
3684 5405 3793 5458 μου

2194 5499 2493 5573 παρῆλθον,
2527 5492 2643 5550 ἀλλ’
2676 5487 2737 5547 εὖ
2770 5485 2885 5544 οἶδα
2914 5487 3007 5543 καὶ
3038 5485 3339 5573 πέπεισμαι
3394 5480 3665 5573 άκριὸῶςᾼ,
3706 5480 3795 5533 ὃτι

2191 5569 2293 5651 οὐκ
2326 5569 2439 5647 ἔστι
2473 5585 2662 5664 καιρὸς
2688 5585 2747 5638 ἐν
2778 5574 2823 5651 ᾧ
2852 5580 2952 5635 οὐκ
2978 5578 3165 5643 ἐλεεῖς·
3194 5572 3340 5641 Θεὸς
3370 5571 3481 5647 γὰρ
3504 5569 3795 5642 ἐλεήμων

584 5217 753 5274 Vens.
785 5219 841 5284 9,
874 5220 963 5276 10.
987 5219 1054 5275 In
1085 5221 1171 5277 die
1194 5223 1471 5279 mandabit
1504 5224 1757 5282 Dominus
1788 5229 2089 5286 misericor-

515 5314 662 5368 diam
686 5329 862 5377 suam,
895 5323 946 5367 et
962 5323 1111 5370 nocte
1140 5317 1403 5370 canticum
1432 5318 1569 5387 ejus.
1603 5318 1848 5386 Etiamsi,
1883 5322 2086 5391 inquit,

517 5421 708 5461 omnes
744 5404 999 5476 procellae
1018 5412 1124 5461 tua:
1143 5414 1198 5463 et
1219 5404 1420 5463 ﬂuctus
1446 5409 1527 5462 tui
1549 5424 1716 5480 super
1740 5426 1829 5466 me
1879 5411 2087 5468 transi-

523 5501 705 5566 erint;
738 5506 794 5553 at
844 5499 983 5555 bene
1027 5500 1156 5555 novi
1211 5508 1267 5556 et
1306 5516 1628 5571 persuasum
1658 5503 1819 5574 plane
1871 5502 2086 5569 habeo,

520 5591 730 5646 nullum
786 5596 1003 5662 tempus
1062 5606 1186 5647 esse
1229 5607 1339 5662 quo
1380 5608 1495 5649 non
1547 5592 1894 5651 miserearis:
1933 5608 2062 5651 nam

593 5757 638 5789 “
675 5756 841 5815 Iosue
877 5773 974 5828 ιιι,
1010 5757 1096 5828 15,
1139 5756 1223 5814 16.
