4024 6202
348 275 455 331 377

1471 269 1967 330 (ΣΟΜΜΕΝΤΑΒΙΔ
2003 269 2069 327 ιΝ
2105 268 2444 327 PSALMOS.

3468 271 3576 328 37B

349 383 423 452 εἶ,
452 386 552 443 ναί
581 388 681 443 καί
708 392 1021 463 οίκτίρμων
1046 394 1143 449 καί
1172 394 1570 465 μακρόθυμος.
1626 393 1715 446 Διὺ
1743 392 1914 464 ἐμαυ-

2026 389 2188 455 Deus,
2215 390 2513 444 misericors
2546 404 2622 452 es,
2646 404 2709 443 ac
2751 389 2911 443 etiam
2956 393 3235 443 miserator
3260 396 3309 442 et
3333 388 3580 460 longani-

343 478 434 532 τὸν
484 475 800 549 θεραπεύων
850 482 1076 551 ἀγαθαῖς
1133 481 1366 547 ἐλπίσιν,
1424 479 1607 547 εἰδὼς,
1646 479 1728 532 ὅτι
1776 483 1914 534 καθι

351 567 577 637 ημέραν
618 569 685 623 τὸ
728 571 904 638 ἕλεος
945 572 1128 626 αὐτοῦ
1166 570 1487 626 ἐντελεῖται
1537 575 1570 625 ό
1614 570 1778 637 Θεὸς,
1815 571 1914 636 τὰς

350 662 553 724 νύκτας
581 663 648 732 τῇ
682 660 793 734 ᾠδῇ
820 663 983 716 αὐτοῦ
1025 662 1297 734 σχολάζων
1327 662 1575 718 διατελῶ.
1601 662 1735 718 Μεθ’
1775 661 1914 733 ἡμέ-

356 771 455 826 ραν
495 756 592 827 μὲν
623 754 730 826 γὰρ
767 756 867 820 τὰς
897 755 1003 809 τῶν
1044 755 1346 828 ἀνθρώπων
1386 756 1527 828 ὁρῶν
1558 753 1783 827 πράξεις
1821 757 1915 810 καὶ

352 847 452 912 τὰς
504 847 804 913 κυκλούσας
835 850 981 920 ἡμᾶς
1022 848 1338 921 συμφοράς,
1388 848 1514 913 τούς
1546 865 1604 901 τε
1658 865 1916 919 μετεωρι-

353 939 524 1010 σμούς
555 957 649 995 σου
686 941 780 994 καὶ
825 941 894 995 τά
921 941 1143 1013 κύματά
1193 958 1308 1006 σου,
1352 941 1489 1014 πρὸς
1522 940 1754 1012 ἐμαυτὸν
1780 940 1915 993 ἀπο-

347 1032 583 1106 δύρομαι
601 1050 614 1063 ·
636 1033 744 1089 τῶν
765 1034 821 1088 δὲ
840 1034 908 1089 δι’
929 1034 1140 1107 ἡμέρας
1169 1052 1238 1107 με
1261 1035 1630 1107 θορυϐούντων
1651 1036 1912 1107 σχολάσας

346 1124 436 1177 διὰ
460 1126 558 1197 τῆς
581 1126 790 1191 νυκτὸς,
812 1126 1274 1198 ἀναπεμπάζομαι
1304 1127 1373 1181 τά
1404 1127 1526 1198 ἐλέη
1556 1127 1649 1181 τοῦ
1671 1128 1874 1199 Κυρίου
1893 1145 1908 1159 ο

346 1216 889 1289 ἀναμιμνησκόμενός
937 1237 997 1273 τε
1041 1220 1190 1283 ὅπως
1242 1219 1361 1273 καθ’
1409 1220 1620 1292 ἡμέραν
1664 1220 1724 1272 τὸ
1766 1219 1913 1284 ἐλεος

345 1306 510 1361 αὐτοῦ
537 1308 858 1374 ἐντέλλεται,
891 1310 1110 1382 ᾄσματα
1138 1308 1285 1380 αὐτῷ
1310 1311 1404 1364 καὶ
1430 1310 1573 1380 ᾠδάς
1608 1310 1913 1381 ἀναπέμπω

345 1399 539 1471 σχολὴν
597 1400 745 1470 ἄγων
793 1401 893 1466 τὰς
944 1402 1163 1466 νύκτας.
1222 1404 1313 1457 Διὸ
1373 1402 1437 1474 δὴ
1487 1402 1583 1457 καὶ
1631 1402 1908 1456 λέλεκταιο

341 1492 454 1546 Καὶ
494 1493 715 1560 νυκτὸς
745 1493 869 1563 ᾠδὴ
919 1495 1104 1550 αὐτοῦ
1151 1498 1288 1564 παρ’
1327 1496 1485 1566 ἐμοί’
1527 1494 1668 1549 κατά
1712 1495 1769 1548 δὲ
1823 1496 1911 1549 τὸν

354 1583 618 1639 ’Δκύλαν-
644 1584 753 1639 Καὶ
785 1586 857 1639 ἐν
883 1586 1056 1640 νυκτί
1085 1581 1252 1657 ᾆσμα
1277 1587 1463 1641 αὐτοῦ
1480 1587 1608 1656 μετ’
1638 1586 1805 1655 ἐμοῦ.
1835 1587 1909 1640 Ού
1951 1642 1961 1655 ,

345 1675 506 1746 μόνον
534 1676 592 1729 δὲ
630 1674 811 1741 τοῦτο,
855 1676 992 1731 ἀλλὰ
1038 1678 1132 1731 καὶ
1172 1678 1480 1747 προσευχὴ
1511 1676 1593 1744 τῷ
1644 1676 1765 1744 Θεῷ
1801 1677 1911 1747 τῆς

2017 487 2117 540 mis
2139 486 2206 538 ι’.
2241 483 2421 551 Quare
2451 499 2538 538 me
2567 483 2710 537 bona
2731 498 2831 553 spe
2859 481 3112 547 fulciens,
3146 497 3355 553 gnarus
3395 482 3577 544 illius,

2016 577 2070 632 in
2110 578 2195 631 die
2235 574 2507 630 mandabit
2548 574 2691 629 Deus
2736 573 3156 629 misericordiam
3197 589 3384 638 suam,
3419 582 3581 628 nocte

2017 666 2248 722 canticis
2282 667 2403 736 ejus
2433 664 2654 721 assidue
2683 664 2958 719 incumbo.
2992 660 3275 733 Siquidem
3313 676 3438 717 cum
3484 677 3582 732 per

2016 759 2159 814 dicm
2192 757 2471 811 hominum
2513 770 2702 826 opera,
2737 763 2793 809 et
2824 754 3163 809 calamitates
3202 769 3303 809 nos
3338 754 3581 808 circum-

2015 849 2321 913 venientes,
2356 847 2573 903 excelsa
2608 857 2699 901 tua
2724 854 2801 903 -et
2840 844 3040 902 ﬂuctus
3076 854 3200 901 tuos
3238 860 3484 906 cernam,
3526 843 3581 896 in

2015 942 2340 1012 memetipso
2361 941 2553 1013 lugeo;
2583 949 2748 995 noctu
2780 956 2914 996 vero
2957 941 3087 995 dum
3128 939 3363 994 induciae
3394 948 3521 992 sunt
3550 952 3584 1021 a

2014 1037 2497 1102 conturbantibus,
2527 1035 2937 1092 misericordias
2978 1032 3193 1090 Domini
3245 1046 3463 1087 mecum
3489 1045 3581 1085 re-

2014 1137 2181 1201 puto;
2213 1144 2279 1184 ac
2302 1128 2626 1184 recordatus
2651 1143 2761 1198 quo
2793 1135 2956 1198 pacto
2982 1126 3039 1180 in
3085 1125 3174 1180 die
3207 1122 3430 1178 mandet
3474 1122 3580 1176 mi-

2015 1221 2372 1279 sericordiam
2410 1236 2588 1285 suam,
2622 1234 2721 1291 per
2770 1220 2947 1274 noctis
2994 1218 3167 1273 otium
3209 1216 3425 1271 cantica
3474 1214 3580 1285 ipsi

2013 1313 2311 1383 laudesque
2332 1312 2569 1383 profero.
2590 1310 2960 1378 Quamobrem
2990 1310 3196 1365 dictum
3221 1318 3332 1387 es},
3355 1318 3405 1363 et
3431 1318 3580 1363 nocte

2011 1406 2273 1460 canticum
2294 1406 2407 1474 ejus
2432 1403 2573 1473 apud
2601 1420 2718 1470 me;
2747 1405 3049 1459 secundum
3080 1403 3332 1474 Aquilam
3372 1417 3577 1468 autem,

2010 1509 2059 1555 et
2089 1507 2235 1553 nocte
2266 1498 2531 1551 canticum
2556 1497 2670 1567 ejus
2702 1512 2924 1550 mecum.
2954 1495 3140 1567 Neque
3170 1496 3224 1550 id
3255 1497 3457 1560 solum,
3481 1495 3576 1551 sed

2012 1590 2172 1646 etiam
2204 1590 2379 1644 oratio
2418 1588 2526 1644 Deo
2557 1589 2677 1645 uiue
2709 1606 2857 1644 meae.
2886 1587 3022 1643 Nam
3063 1589 3326 1661 hymnum
3359 1590 3412 1644 in
3444 1604 3573 1661 gra-

2012 1682 2212 1736 tiarum
2252 1681 2522 1736 actionem
2563 1694 2723 1745 cano,
2757 1681 2836 1735 sic
2872 1681 3155 1737 institutus
3197 1690 3255 1735 ut
3298 1681 3354 1735 in
3400 1681 3579 1735 omni-

343 1761 491 1832 ζωῆς
522 1781 662 1834 μου.
695 1766 842 1837 ᾋδω
871 1767 972 1839 μὲν
1003 1766 1110 1839 γὰρ
1137 1766 1303 1839 ὕμνον
1339 1768 1751 1841 εύχαριστήριον
1774 1811 1789 1836 ,
1828 1769 1912 1823 δε-

2015 1773 2116 1828 bus
2143 1773 2347 1843 gratias
2371 1787 2551 1843 agam,
2580 1771 3027 1842 quandoquidem
3066 1786 3152 1827 me
3186 1772 3330 1827 bona
3363 1771 3579 1828 futuro-

344 1854 627 1924 δειγμένος
677 1856 736 1908 ἐν
788 1858 949 1910 παντὶ
1011 1858 1367 1929 εὐχαριστεῖν,
1416 1863 1537 1924 ταῖς
1589 1859 1911 1931 μελλούσαις

344 1946 558 2002 ἐλπίσιν
605 1952 865 2022 χρησταῖς
911 1951 1143 2022 ἐμαυτὸν
1183 1951 1582 2023 ἀνακτώμενος.
1606 1952 1708 2007 Διά
1744 1953 1801 2006 δὲ
1844 1954 1912 2007 τὰ

343 2041 481 2104 τέως
502 2041 559 2094 ἐν
578 2040 655 2113 τῷ
684 2042 908 2114 παρόντι
942 2043 1231 2114 συνέχοντά
1265 2059 1332 2114 με
1361 2042 1580 2115 λυπηρά
1604 2044 1912 2115 προσευχὴν

340 2132 649 2204 ἀναπέμπω
692 2133 770 2206 τῷ
822 2133 940 2206 Θεῷ
968 2136 1065 2206 τῆς
1116 2135 1259 2207 ζωῆς
1296 2152 1428 2205 μου·
1481 2131 1595 2188 οἶδα
1643 2134 1786 2207 γάρ,
1831 2136 1911 2188 ὃτι

340 2224 500 2277 αὐτὸν
526 2223 633 2295 ἔχω
652 2225 751 2295 τῆς
774 2225 1013 2297 ἐμαυτοῦ
1041 2224 1189 2297 ζωῆς
1226 2225 1418 2280 αἴτιον.
1474 2225 1913 2297 Προσευχόμενος

337 2317 394 2371 δὲ
422 2317 570 2389 αὐτῷ
592 2336 762 2391 φημι·
806 2319 1198 2389 Ἄντιλήπτωρ
1222 2337 1343 2391 μου
1360 2336 1374 2350 ·
1405 2319 1439 2391 ἢ
1464 2319 1605 2374 κατά
1628 2318 1719 2372 τὸν
1758 2318 1914 2373 Ἀκύ-

338 2409 437 2464 λαν
482 2410 576 2464 καὶ
606 2409 932 2482 Σύμμαχον,
981 2410 1167 2479 πέτρα
1203 2428 1353 2480 μου·
1400 2410 1485 2480 ἐφ’
1523 2410 1589 2481 ἢν
1640 2407 1810 2473 ἑστὼς
1849 2409 1910 2463 οὐ

339 2497 811 2570 διατραπήσομαι·
861 2498 959 2553 διὰ
1002 2500 1060 2553 τί
1097 2517 1217 2569 μου
1256 2499 1588 2564 ἐπελάθου;
1626 2499 1767 2567 Ἐγὼ
1813 2498 1916 2572 μὲν

339 2591 449 2662 γάρ
482 2606 576 2643 σου
609 2590 708 2644 οὐκ
735 2590 1129 2662 ἐπιλέλησμαι·
1157 2591 1273 2646 ἀλλ’
1299 2590 1417 2647 οἶδά
1442 2610 1535 2647 σου
1562 2592 1630 2645 τὰ
1664 2592 1791 2663 ἐλέη
1819 2591 1914 2646 καὶ

339 2685 466 2747 τοὺς
497 2683 847 2755 οίκτιρμούς’
896 2679 1012 2738 οἴδα
1055 2684 1111 2739 δὲ
1135 2687 1231 2740 καὶ
1270 2684 1369 2749 τὰς
1407 2687 1773 2756 ἀποκειμένας
1822 2701 1912 2756 μοι

224 2793 231 2801 ”
341 2776 592 2841 ἐλπίδας*
623 2776 704 2830 διὸ
734 2778 829 2831 καὶ
870 2777 968 2850 τὴν
996 2777 1139 2851 ᾠδήν
1179 2795 1274 2832 σου
1320 2781 1450 2850 παρ’
1488 2778 1709 2850 ἐμαυτῷ
1757 2777 1911 2832 ἀδια-

342 2855 578 2930 λείπτως
601 2867 881 2939 φυλάττω·
913 2869 977 2921 σὺ
1009 2869 1069 2922 δέ
1105 2886 1205 2940 μου
1239 2868 1532 2925 ἐπελάθου·
1569 2868 1657 2923 διά
1683 2869 1772 2936 τίς
1802 2870 1912 2942 Τὴν

346 2957 528 3012 αἰτίαν
551 2957 741 3031 μαθεῖν
772 2959 1049 3032 βούλομαι,
1071 2960 1137 3014 δι’
1161 2963 1228 3033 ῆν
1256 2962 1452 3025 πάντες
1477 2964 1524 3015 οἱ
1551 2960 1912 3033 μετεωρισμοί

347 3068 441 3105 σου
474 3051 570 3104 καὶ
596 3050 667 3105 τά
720 3051 939 3123 κύματά
985 3069 1108 3119 σου,
1154 3055 1204 3107 oi
1251 3055 1545 3125 πειρασμοὶ
1574 3054 1786 3126 ,δηλαδὴ
1819 3055 1912 3107 καὶ

2013 1882 2133 1921 rum
2165 1880 2261 1935 spe
2311 1863 2517 1921 reﬁcio.
2540 1862 2620 1918 Ac
2654 1870 2881 1934 propter
2908 1879 3004 1920 eas
3037 1865 3238 1935 quibus
3256 1864 3369 1935 jam
3408 1864 3580 1921 inter-

2012 1958 2187 2028 cipior
2212 1971 2507 2021 aerumnas,
2524 1956 2830 2010 orationem
2860 1955 2966 2011 Deo
2988 1956 3111 2011 vitae
3131 1972 3263 2012 meae
3303 1957 3580 2028 persolvo:

2012 2047 2135 2101 novi
2166 2048 2311 2104 enim
2346 2048 2525 2120 ipsum
2547 2063 2669 2103 esse
2680 2048 2804 2102 vita:
2825 2063 2957 2103 mea:
2972 2056 3273 2104 auctorem.
3291 2048 3573 2105 Precando

2011 2148 2190 2195 autem
2212 2140 2293 2195 sic
2313 2155 2437 2195 eum
2455 2140 2743 2209 compello,
2764 2150 3031 2209 susccplor
3047 2157 3224 2206 meus;
3256 2138 3369 2196 sive
3388 2157 3581 2197 secun-

2011 2232 2139 2286 dum
2155 2230 2404 2303 Aquilam
2419 2228 2898 2303 et-Symmachum,
2912 2241 3060 2300 petra
3077 2249 3225 2299 mea;
3244 2233 3298 2288 in
3319 2248 3426 2304 qua
3446 2249 3580 2289 con-

2013 2321 2214 2378 sistens
2238 2336 2516 2391 nunquam
2573 2322 2880 2376 subvertar.
2917 2323 3094 2389 Quare
3123 2322 3314 2378 oblitus
3340 2340 3395 2379 es
3429 2325 3532 2378 mei
3553 2327 3580 2381 1

2011 2412 2082 2467 At
2093 2410 2234 2464 enim
2253 2426 2352 2481 ego
2364 2413 2445 2467 tui
2462 2428 2572 2467 non
2584 2412 2789 2469 oblitus
2805 2430 2948 2479 sum,
2964 2431 3151 2471 verum
3171 2416 3578 2474 misericordias

2013 2509 2067 2558 et
2100 2502 2480 2558 miserationes
2513 2511 2634 2559 tuas
2660 2503 2811 2568 novi,
2838 2504 3078 2575 itemque
3105 2520 3253 2575 spem
3274 2505 3404 2561 mihi
3421 2522 3580 2577 repo-

2015 2595 2177 2651 sitam
2207 2608 2318 2649 non
2349 2593 2541 2665 ignoro
2567 2611 2582 2649 :
2615 2609 2785 2665 quare
2812 2596 3089 2649 canticum
3119 2611 3331 2665 semper
3355 2605 3507 2652 tuum
3522 2598 3578 2654 in

2012 2687 2334 2757 memetipso
2361 2685 2635 2743 custodio.
2650 2684 2734 2740 Tu
2760 2702 2888 2741 vero
2910 2687 3015 2741 mei
3036 2686 3238 2742 oblitus
3254 2703 3314 2744 es
3340 2706 3355 2744 :
3379 2692 3582 2760 quare?

2012 2777 2247 2833 Causam
2286 2777 2535 2833 ediscere
2577 2776 2835 2847 pervelim
2855 2791 2954 2831 cur
2975 2778 3159 2831 omnia
3176 2779 3395 2833 excelsa
3411 2786 3502 2833 tua
3523 2788 3580 2836 et

2012 2867 2211 2925 ﬂuctus
2245 2869 2362 2936 tui,
2408 2868 2661 2924 videlicet
2711 2869 3046 2924 tentationes
3068 2875 3123 2924 et
3160 2875 3327 2924 tantae
3363 2870 3583 2926 calami-

2013 2969 2174 3026 tates,
2208 2968 2261 3017 te
2289 2961 2659 3033 permittente,
2694 2967 2858 3031 Super
2895 2976 2984 3016 me
3020 2961 3358 3016 transierint.
3390 2960 3581 3034 Magna

2014 3053 2283 3126 profecto,
2311 3054 2456 3125 quod
2474 3053 2677 3109 oblitus
2701 3054 2780 3110 sis
2802 3052 2932 3118 mei,
2955 3068 3121 3109 causa
3151 3053 3316 3109 fuerit
3344 3062 3580 3125 oportet.

343 3143 603 3198 τοσαῦται
635 3146 980 3218 περιστάσεις
1031 3148 1117 3200 ἐπ’
1151 3146 1252 3219 ἐμὲ
1291 3145 1527 3218 διῆλθον,
1568 3147 1662 3200 σοῦ
1721 3146 2147 3219 συγχωροῦντος.
2184 3147 2344 3217 Μέγα
2389 3147 2496 3220 γάρ
2523 3164 2576 3201 τι
2600 3146 2805 3217 ὀφείλει
2826 3146 3113 3217 τυγχάνειν
3164 3145 3225 3200 τὸ
3260 3145 3432 3200 αἴτιον
3483 3140 3584 3220 τῆς

343 3240 474 3310 περὶ⁵
503 3241 637 3311 ἐμοῦ
666 3240 851 3313 λήθης.

413 3331 601 3399 Λέγων
631 3332 688 3386 δὲ
716 3332 890 3387 ταῦτα
918 3335 948 3387 δ
980 3334 1139 3407 χορὸς
1175 3334 1250 3408 (1)
1269 3336 1622 3408 προφητικὸς,
1659 3335 1914 3390 ἰδιοποιεῖ-

2092 3332 2228 3390 Cum
2286 3346 2450 3401 porro
2503 3330 2559 3384 id
2613 3331 2690 3384 ait
2714 3330 3066 3402 propheticus
3110 3331 3341 3398 chorus,
3394 3332 3578 3404 populi

345 3439 453 3487 ται,
473 3422 550 3487 ὡς
574 3423 731 3497 ἔφην,
763 3424 862 3496 τὴν
876 3425 968 3479 τοῦ
989 3426 1118 3480 λαοῦ
1137 3426 1468 3481 κατάστασιν
1486 3444 1501 3458 ’
1520 3427 1735 3501 τὴνγάρ
1749 3427 1912 3499 ἐσχά-

341 3532 442 3587 την
467 3517 737 3590 ἀποϐολὴν
767 3519 862 3573 καὶ
894 3519 993 3591 τὴν
1019 3520 1335 3574 ἀπόπτωσιν
1364 3519 1458 3573 τοῦ
1497 3521 1696 3584 παντὸς
1728 3520 1911 3586 ἔθνους

344 3608 441 3680 τὴν
466 3609 762 3682 γενομένην
793 3611 928 3682 μετὰ
958 3610 1057 3682 τὴν
1078 3612 1158 3675 εἰς
1194 3612 1285 3664 τὸν
1326 3610 1553 3682 Σωτῆρα
1581 3613 1676 3664 κα)⁵
1709 3610 1910 3683 Κύριον

342 3700 501 3772 ἡμῶν
532 3702 787 3757 ἀπιστίαν
817 3702 995 3756 αὐτῶν
1034 3702 1318 3774 ἐμφαίνειν
1357 3720 1448 3774 μοι
1480 3703 1570 3757 διὰ
1598 3702 1800 3758 τούτων
1829 3704 1912 3758 δο-

345 3796 448 3848 κεῖ.
477 3793 613 3847 Εἶπε
652 3794 695 3848 δ’
725 3794 791 3849 ἂν
830 3793 976 3865 αύτῷ
1004 3794 1340 3867 ἐρωτήσαντι
1379 3796 1474 3850 καὶ
1506 3796 1694 3866 φάντι·
1731 3796 1831 3851 Διὰ
1855 3797 1912 3849 τί

342 3903 459 3957 μου
491 3885 818 3949 exclamem
846 3886 906 3939 τὸ
940 3889 997 3940 ἐν
1040 3887 1355 3959 Εὐαγγελίῳ
1400 3886 1611 3958 λεχθέν’
1645 3886 1911 3953 Ποσάκις

343 3977 616 4048 ἠθέλησα
644 3978 1107 4049 ἐπισυναγαγεῖν
1131 3979 1203 4033 τὰ
1232 3979 1413 4034 τέκνα
1444 3995 1583 4043 σου,
1605 3977 1677 4032 ὃν
1690 3981 1911 4047 τρόπον

343 4071 507 4141 ὅρνις
542 4072 913 4143 ὐποσυνάγει
943 4074 1014 4126 τὰ
1044 4073 1269 4126 νοσσία
1304 4072 1422 4127 ὑπὸ
1460 4073 1566 4138 τὰς
1594 4071 1908 4141 πτέρυγας,

343 4166 439 4219 καὶ
487 4166 600 4220 οὐκ
644 4163 1016 4233 ὴθελήσατες
1059 4165 1210 4218 Ἐπεὶ
1253 4164 1429 4218 τοίνυν
1471 4164 1559 4217 διὰ
1600 4164 1697 4235 τὴν
1731 4163 1911 4218 αὐτῶν

342 4256 537 4309 κακίαν
569 4254 962 4326 ἐπελήσθησαν,
992 4256 1212 4319 εἰκότως
1253 4257 1280 4309 ὁ
1308 4256 1466 4327 χορὸς
1494 4256 1522 4306 ὁ
1555 4253 1907 4329 προφητικὸς,

342 4348 465 4400 ἐπεὶ
490 4350 734 4416 φυσικοῖς
761 4347 937 4417 λόγοις
960 4345 1302 4416 πάσχοντος
1317 4346 1453 4412 ἑνὸς
1479 4346 1729 4415 μέλους,
1757 4360 1911 4413 συμ-

344 4437 567 4507 πάσχει
611 4439 806 4493 ,πάντα
829 4438 903 4493 τὰ
925 4437 1084 4509 μέλη
1109 4478 1122 4502 ,
1156 4439 1230 4502 ὡς
1299 4438 1439 4509 ὑπὲρ
1481 4438 1679 4491 οἰκείου
1724 4436 1909 4502 σώμα-

345 4548 436 4596 τος
483 4531 661 4600 ἀλγῶν
712 4531 949 4601 ἐπιλέγει
1003 4531 1144 4586 κατὰ
1199 4530 1289 4584 τὸν
1335 4529 1629 4601 Σύμμαχον
1646 4545 1660 4558 ·
1694 4528 1817 4581 ’Ἵνα
1852 4527 1910 4580 τι

344 4624 698 4692 σκυθρωπὸς
751 4623 1083 4692 περιπατῶ,
1139 4623 1448 4687 θλίϐοντος
1499 4620 1747 4690 ἐχθροῦ;
1809 4619 1909 4672 καὶ

343 4715 425 4782 ὡς
453 4715 697 4785 σφαγὴν
729 4714 848 4770 τῶν
875 4713 1071 4769 ὀστῶν
1100 4732 1219 4784 μου
1254 4710 1549 4773 ἀπείδιζον
1578 4715 1630 4767 οἱ
1654 4712 1913 4765 ἐναντίοι
1944 4702 1987 4755 D

342 4825 461 4878 μου
480 4825 493 4838 ·
524 4807 584 4876 ἢ,
602 4808 656 4860 Ἐ
660 4826 698 4861 ν
722 4807 803 4873 τῷ
825 4804 1230 4861 καταθλᾶσθαι
1263 4804 1336 4859 τὰ
1374 4802 1525 4857 ὀστᾶ
1547 4819 1665 4871 μου
1692 4800 1915 4854 ὠνείδι-

348 4899 447 4963 ζόν
467 4918 544 4970 με
572 4905 625 4956 οἱ
662 4896 967 4965 θλίϐωτές
999 4915 1095 4969 με.
1130 4898 1250 4952 Τῶν
1274 4897 1383 4969 γὰρ
1414 4895 1615 4950 ὀστέων
1646 4893 1755 4947 τῶν
1785 4909 1916 4964 προ-

349 4992 592 5063 φητικῶν
644 4990 733 5046 διὰ
770 4990 865 5045 τοῦ
923 4988 1200 5062 κλαυθμοῦ
1248 4990 1343 5043 καὶ
1386 4987 1494 5042 τῶν
1534 4983 1783 5057 ὀδυρμῶν
1816 5002 1914 5039 κα-

346 5085 728 5158 ταθλωμένων,
764 5085 1009 5139 τουτέστι
1040 5084 1147 5138 τῶν
1175 5084 1271 5154 τῆς
1312 5081 1492 5154 ψυχῆς
1531 5080 1832 5150 δυνάμεων,
1866 5077 1915 5129 οἱ

347 5181 406 5234 ἐν
431 5179 509 5250 τῷ
527 5178 641 5250 λαῷ
672 5176 857 5250 ἐχθροὶ
884 5176 978 5231 τοῦ
1000 5174 1157 5240 Θεοῦ,
1177 5175 1251 5238 ὡς
1273 5174 1496 5245 μηδενὸς
1525 5170 1913 5243 ἐπαμύνοντος,

344 5270 699 5325 ἐπανέϐαινον
728 5267 1077 5332 ὀνειδίζοντες
1107 5265 1199 5318 καὶ
1225 5264 1471 5333 λέγοντες
1491 5279 1505 5293 υ
1529 5261 1653 5316 Ποῦ
1680 5261 1851 5315 ἐστιν
1880 5260 1915 5311 ό

348 5367 495 5433 Θεός
521 5378 671 5428 0'01);

720 5473 1014 5531 ΨΛΛΜΟΣ
1050 5473 1137 5526 ΤΩ
1174 5469 1372 5523 ΔΑΥΙΔ
1400 5467 1534 5522 ΜΒ’.

430 5571 822 5644 ’Λνεπίγραφος
858 5570 988 5641 παρ’
1040 5563 1311 5637 Ἑϐραίοις
1344 5563 1374 5615 ὁ
1401 5558 1642 5630 ψαλμός·
1678 5557 1758 5612 διὸ
1796 5556 1915 5611 οὐδὲ

417 5671 463 5703 ⁸⁸
504 5669 675 5727 Exod.
705 5682 889 5729 xxxiv,
924 5664 979 5719 6.

2020 3434 2246 3491 statum,
2272 3424 2351 3478 uti
2372 3422 2508 3488 dixi,
2538 3423 2695 3492 quasi
2730 3423 3011 3492 proprium
3043 3423 3148 3478 sibi
3185 3424 3433 3491 ascribit,
3468 3426 3585 3482 his-

2018 3533 2123 3588 que
2171 3522 2505 3586 postremam
2555 3503 2922 3581 abjéctionem
2955 3553 2972 3577 ,
3022 3528 3086 3568 ac
3137 3516 3352 3570 ruinam
3412 3519 3586 3576 totius

2018 3609 2218 3681 gentis,
2250 3621 2371 3678 quae
2397 3612 2516 3676 post
2542 3618 2734 3659 eorum
2765 3619 2892 3675 erga
2937 3602 3273 3661 Salvatorem
3305 3614 3359 3662 et
3393 3606 3582 3664 Domi-

2018 3718 2148 3757 num
2178 3709 2427 3756 nostrum
2459 3696 2898 3753 incredulitatem
2928 3697 3147 3761 accidit,
3172 3698 3416 3756 indicare
3447 3702 3587 3758 mihi

2020 3794 2251 3848 videtur.
2280 3791 2359 3844 ΙΙιί
2385 3804 2515 3844 vero
2548 3788 2713 3843 modo
2742 3787 3098 3858 interroganti
3122 3803 3186 3843 ac
3208 3791 3583 3860 compellanti,

2020 3885 2196 3952 Quare
2244 3881 2437 3938 oblitus
2472 3897 2526 3935 es
2575 3881 2718 3936 mei?
2768 3878 2999 3934 fortasse
3040 3881 3173 3937 illud
3212 3884 3581 3954 evangelicum

2016 3977 2223 4031 dictum
2248 3983 2472 4045 reponat
2497 3992 2509 4026 :
2535 3973 2753 4039 Quoties
2773 3971 2917 4024 volui
2944 3987 3259 4043 congregare
3271 3972 3411 4043 ﬁlios
3436 3985 3577 4038 tuos,

2017 4067 2455 4138 quemadmodum
2498 4065 2702 4136 gallina
2741 4076 3019 4136 congregat
3061 4066 3235 4137 pullos
3301 4082 3426 4122 suos
3479 4067 3583 4122 sub

2017 4160 2157 4224 alss,’
2174 4167 2222 4214 et
2243 4156 2487 4212 noluistis
2498 4157 2576 4211 “?
2591 4156 3036 4228 Quandoquidem
3052 4157 3212 4227 igitur
3229 4158 3449 4212 malitia:
3463 4173 3577 4213 sua:

2016 4264 2183 4306 causa
2216 4249 2273 4304 in
2302 4247 2628 4304 oblivionem
2660 4256 2944 4311 venerunt,
2971 4248 3095 4316 jure
3116 4246 3317 4301 chorus
3340 4249 3577 4318 prophe-

2019 4345 2181 4407 ticus,
2214 4342 2343 4412 quia
2371 4332 2438 4395 ex
2474 4340 2709 4394 naturali
2770 4340 2983 4393 ratione
3020 4339 3249 4405 patiente
3279 4356 3382 4392 uno
3414 4356 3579 4394 mem-

2019 4435 2135 4498 bro,
2168 4434 2564 4501 compatiuntur
2588 4431 2764 4484 omnia
2799 4428 3029 4482 membra
3048 4428 3115 4494 ",
3145 4429 3300 4497 quasi
3324 4444 3421 4498 pro
3457 4445 3580 4485 cor-

2016 4543 2149 4597 pore
2176 4526 2397 4595 proprio
2424 4524 2615 4591 lugens
2654 4519 2963 4589 subjungit,
2995 4519 3296 4573 secundum
3329 4519 3577 4591 Symma-

2018 4619 2180 4673 chum
2227 4635 2240 4670 :
2286 4614 2462 4681 Quare
2505 4612 2669 4664 tristis
2718 4608 2923 4675 incedo,
2959 4610 3211 4681 amigente
3249 4611 3495 4679 inimico;
3529 4625 3580 4673 et

2014 4710 2170 4780 quasi
2202 4706 2516 4761 occisionem
2566 4719 2657 4773 per
2699 4718 2821 4756 ossa
2862 4717 2978 4755 mea
3010 4700 3401 4771 exprobrabant
3449 4707 3577 4761 mihi

2020 4799 2474 4868 adversariimtei;
2509 4797 2622 4853 sive
2647 4815 2658 4850 :
2683 4796 2821 4850 Dum
2860 4795 3263 4865 confringantur
3296 4814 3415 4853 ossa
3464 4809 3578 4855 mea

2014 4892 2398 4964 exprobrabant
2426 4906 2507 4944 me
2529 4890 2619 4959 qui
2648 4888 2904 4942 tribulam
2938 4904 3041 4943 me.
3073 4886 3206 4941 Nam
3239 4891 3577 4960 propheticis

2016 4986 2271 5050 ossibus,
2313 4982 2367 5038 id
2402 4990 2487 5038 est
2540 4980 2733 5035 animae
2769 4978 3144 5040 facultatibus,
3186 4994 3283 5049 per
3328 4979 3483 5035 nctus
3524 4988 3579 5034 et

2016 5081 2286 5150 laerymas
2338 5073 2668 5136 confractis,
2723 5072 2818 5142 qui
2856 5072 2913 5125 in
2968 5071 3173 5142 populo
3228 5071 3434 5126 inimici
3482 5068 3578 5124 Dei

2018 5179 2193 5233 erant,
2215 5166 2371 5238 quasi
2403 5164 2702 5235 opitulante
2737 5163 2980 5231 nemine,
2999 5162 3356 5235 insurgebant
3383 5174 3578 5231 οτι)νο-

2018 5261 2243 5316 brantes
2266 5272 2330 5312 ac
2358 5254 2624 5321 dicentes,
2661 5251 2761 5307 Ubi
2784 5262 2862 5308 est
2896 5252 3039 5308 Deus
3068 5254 3229 5308 tuus?

2343 5456 2395 5514 1.
2434 5452 2754 5510 PSALMUS
2791 5450 3063 5508 DAVIDIS
3099 5445 3255 5503 XLII.

2093 5550 2344 5607 Psalmus
2388 5549 2478 5606 hic
2514 5548 2657 5621 apud
2702 5545 2960 5604 Hebraeos
3001 5537 3360 5611 inscriptione
3390 5540 3579 5606 caret;

1090 5661 1136 5692 “
1176 5658 1365 5713 Matth.
1400 5670 1564 5722 χχιιι,
1600 5654 1686 5708 57.
1763 5652 1805 5684 ⁸⁷
1846 5650 2019 5706 lCor.
2056 5666 2163 5716 xu,
2200 5648 2291 5705 26.

415 5763 494 5830 (1)
518 5761 868 5820 Desideratur
891 5760 939 5827 ὁ,
960 5764 1018 5813 ιιι
1045 5755 1115 5813 sit
1153 5757 1180 5809 ὸ
1206 5768 1391 5825 προφ.,
1426 5759 1483 5806 ιιι
1506 5749 1668 5822 paulo
1698 5746 1857 5803 infra.
1885 5744 2045 5800 Enn.
2160 5764 2163 5767 ν
2189 5757 2193 5760 ’
