3988 6202
403 245 511 305 ετθ

1126 251 1395 308 EUSEBII
1424 249 1897 308 CESARIENSIS
1934 202 2087 307 OPD.
2113 247 2290 305 PARS
2327 248 2411 304 Ill.
2455 278 2527 290 -—
2562 246 2975 317 EXEGETICA.

3536 250 3647 306 530

404 384 575 441 quare
603 383 781 439 neque
811 368 957 438 apud
988 369 1228 439 reliquos
1252 368 1581 440 interpretes
1622 368 1838 422 titulum
1873 368 1957 422 ha-

2074 365 2223 438 παρά
2250 369 2359 429 τοῖς
2384 365 2592 430 λοιποῖς
2615 367 2974 438 ἑρμηνευταῖς
2996 367 3301 440 ἐπιγραφὴν
3324 367 3452 440 ἔχει.
3482 368 3651 427 Ἀλλὰ

404 464 513 518 bet.
548 460 655 518 Sed
686 462 815 531 quia
839 460 1198 534 precedentis
1224 476 1351 531 pars
1387 460 1599 516 videtur
1638 472 1779 523 esse,
1820 460 1968 531 quod

406 553 594 622 utique
631 566 756 607 cum
785 566 851 607 ex
885 552 1154 607 similibus
1191 551 1447 621 utrinque
1485 551 1700 617 verbis,
1743 562 1861 605 tum
1898 567 1967 608 ex

403 642 546 697 amni
569 645 842 699 sententia
863 651 1360 710 commonstratur;
1393 643 1515 698 dico
1533 657 1666 699 sane
1697 642 1861 697 etiam
1884 643 1969 697 in-

402 738 815 810 praascntiarum
853 740 1079 796 chorum
1125 740 1506 811 propheticum
1551 742 1666 794 haec
1708 753 1969 793 enarrare

400 831 549 884 circa
581 830 862 900 populum,
895 838 1084 900 utpote
1123 828 1401 899 abjcctum
1436 825 1808 896 traditumque
1835 839 1968 896 gen-

400 922 551 977 tibus
596 921 1019 993 hominibusque
1058 920 1358 991 improbis,
1403 928 1684 990 rogantem
1722 932 1786 972 ac
1841 931 1968 972 cum

398 1012 655 1082 precibus
693 1013 1058 1082 postulantem
1111 1018 1171 1065 ut
1215 1011 1353 1065 ultio
1392 1018 1660 1074 sumatur,
1686 1016 1741 1064 et
1776 1008 1894 1078 ipse
1935 1021 1968 1063 e

399 1100 653 1157 manibus
693 1102 1037 1156 inimicorum
1082 1106 1327 1154 eruatur.
1359 1097 1838 1165 Quemadmodum
1867 1112 1968 1152 au-

400 1200 531 1257 tem,
564 1193 763 1247 alllicto
788 1192 1005 1263 populo,
1038 1191 1175 1261 justi
1206 1205 1425 1263 quoque
1452 1190 1555 1244 viri
1599 1203 1706 1243 una
1734 1189 1956 1259 patiun-

398 1295 489 1342 tur
515 1303 579 1343 ac
607 1288 795 1353 dolore
840 1290 911 1343 ob
937 1302 1279 1343 communem
1312 1286 1683 1342 calamitatem
1716 1282 1959 1337 alliciun-

398 1386 517 1445 tur;
548 1378 622 1433 ita
658 1379 1038 1451 religiosorum
1092 1379 1373 1434 hominum
1424 1376 1671 1447 probitas
1706 1374 1967 1428 ‘multitu-

397 1470 511 1525 dini
540 1486 756 1542 quoque
780 1479 928 1528 recte
957 1471 1224 1527 factorum
1245 1469 1679 1525 communionem
1701 1467 1967 1522 fructum-

396 1577 503 1630 que
543 1563 707 1632 parit.
747 1561 1110 1629 Quamobrem
1154 1563 1232 1617 illi
1285 1574 1557 1616 aerumnas
1597 1558 1780 1629 populi
1815 1558 1869 1612 in
1899 1573 1961 1614 se

395 1654 740 1725 recipientes,
800 1671 989 1727 preces
1055 1671 1156 1727 pro
1206 1652 1561 1708 multitudine
1620 1650 1960 1715 fundebant,

2070 460 2163 514 καὶ
2192 459 2273 511 ὅτι
2306 458 2468 529 μέρος
2498 457 2672 511 ἔοικεν
2705 453 2842 510 εἶναι
2882 457 2976 511 τοῦ
3003 459 3108 530 πρὸ
3136 458 3319 523 αὐτοῦ,
3348 460 3648 532 δεδήλωται

2069 550 2132 604 εκ
2158 567 2217 603 τε
2257 549 2364 603 τῶν
2391 550 2591 620 ὁμοίων
2632 552 2691 602 ὲν
2719 549 3049 621 ἀμφοτέροις
3091 548 3263 618 λόγων
3308 552 3401 604 καὶ
3443 554 3508 605 ὲκ
3543 554 3650 626 τῆς

2068 642 2338 714 ἐμφεροῦς
2363 642 2620 705 διανοίας.
2637 642 2783 713 Φημὶ
2808 643 2984 695 τοίνυν
3009 636 3103 695 καὶ
3134 642 3225 694 ἐπὶ
3252 641 3345 695 τοῦ
3372 644 3647 716 παρόντος

2066 737 2157 790 τὸν
2196 736 2357 808 χορὸν
2400 736 2489 790 τὸν
2535 737 2871 809 προφητικὸν
2904 736 2971 790 τὰ
3015 736 3352 808 προκείμενα
3383 736 3647 802 διεξιέναι

2068 827 2207 899 ὑπὲρ
2243 826 2336 881 τοῦ
2380 827 2509 883 λαοῦ
2536 867 2550 891 ,
2584 828 2659 893 ὡς
2719 829 3041 899 ἀπωσμένον
3100 829 3193 882 καὶ
3246 828 3649 901 παραδοθέντος

2067 916 2241 971 ἔθνεσι
2294 917 2389 971 καὶ⁸
2440 916 2746 990 ἀνθρώποις
2798 922 3090 990 πονηροῖς,
3133 918 3387 990 δεομένου
3430 919 3487 973 δὲ
3545 921 3646 975 καὶ

2066 1006 2465 1071 ἀντιϐολοῦντος
2511 1007 2751 1071 ἐκδικίας
2798 1011 3017 1078 τυχεῖν,
3081 1008 3177 1061 καὶ
3226 1007 3485 1080 ρυσθῆναι
3532 1010 3647 1065 τῶν

2066 1099 2262 1172 χειρῶν
2296 1100 2405 1154 τῶν
2456 1100 2745 1171 πολεμίων.
2777 1101 2988 1172 Ὥσπερ
3014 1100 3072 1154 δὲ
3117 1099 3205 1154 διὰ
3250 1101 3348 1173 τὴν
3372 1102 3466 1156 τοῦ
3507 1102 3646 1157 λαοῦ

2066 1189 2308 1244 κάκωσιν
2338 1190 2617 1244 συνέϐαινε
2661 1191 2771 1255 τοῖς
2811 1190 3268 1261 δικαιοπραγοῦσι
3294 1194 3648 1266 συμπάσχειν

2066 1283 2160 1336 καὶ
2188 1282 2492 1351 συναλγεῖν,
2518 1282 2612 1335 καὶ
2648 1281 3102 1349 συνδιατίθεσθαι,
3137 1284 3227 1337 τὸν
3259 1285 3421 1337 αὑτὸν
3442 1287 3646 1357 τρόπον

2065 1373 2160 1427 καὶ
2192 1376 2225 1444 ή
2261 1373 2368 1426 τῶν
2393 1372 2651 1443 θεοφιλῶν
2688 1372 2897 1445 ἀνδρῶν
2940 1373 3324 1448 δικαιοπραγία
3357 1378 3645 1432 κοινωνίαν

2065 1467 2159 1521 καὶ
2193 1466 2476 1539 μετάδοσιν
2503 1464 2723 1534 ἀγαθῶν
2756 1465 3003 1538 παρέχει.
3026 1467 3128 1520 ’Διὸ
3158 1467 3242 1538 δὴ,
3275 1469 3342 1522 τὰ
3370 1470 3515 1542 πάθη
3543 1471 3642 1525 τοῦ

2065 1556 2193 1611 λαοῦ
2226 1559 2304 1620 είς
2347 1557 2571 1621 ἑαυτοὺς
2610 1556 3115 1628 ἀναλαμϐάνοντες,
3153 1559 3318 1630 εὐχὰς
3363 1562 3504 1632 ὑπὲρ
3543 1562 3643 1615 τοῦ

2066 1646 2305 1718 πλήθους
2351 1646 2664 1711 ἐποιοῦντο,
2717 1649 2901 1719 κοινήν
2946 1664 3007 1700 τε
3066 1649 3344 1719 ίκετηρίαν
3390 1650 3468 1722 τῷ
3518 1651 3644 1725 Θεῷ

397 1761 850 1820 communemque
907 1750 1361 1820 supplicationem
1448 1747 1562 1803 Deo
1617 1746 1957 1803 emittebant.

2061 1737 2392 1808 ἀνέπεμπον.
2410 1736 2650 1799 Εἰκότως
2683 1733 2777 1790 οὖν
2813 1738 2889 1801 ὡς
2914 1736 2972 1804 ἐξ
2999 1737 3118 1802 ἑνὸς
3150 1738 3414 1810 στόματος
3435 1742 3643 1808 ταύτας

393 1836 524 1894 Jure
542 1840 725 1912 itaque
750 1856 851 1896 ceu
880 1855 991 1895 uno
1020 1855 1115 1895 ore
1142 1840 1242 1894 has
1269 1838 1618 1910 proferebant
1650 1852 1835 1894 voces.

466 1949 632 2007 Vsus.
682 1951 736 2005 2.
777 1950 971 2005 Judica
1004 1966 1103 2016 me,
1148 1948 1308 2013 Deus,
1349 1961 1399 2005 et
1456 1952 1693 2006 discerne
1742 1968 1959 2006 causam

394 2056 565 2092 meam
587 2039 652 2094 de
672 2049 819 2110 gente
846 2057 951 2094 non
979 2050 1189 2102 saneta,
1226 2039 1291 2094 ab
1324 2042 1533 2095 homine
1561 2042 1741 2113 iniquo
1772 2049 1823 2095 et
1863 2040 1961 2093 do-

393 2130 507 2185 loso
539 2146 661 2184 erue
686 2145 785 2184 me.
821 2128 963 2196 Quia
1002 2139 1058 2183 tu
1086 2146 1140 2184 es
1180 2129 1322 2185 Deus
1347 2122 1603 2199 fortitudo
1633 2148 1768 2197 mea,
1797 2145 1960 2201 quare

392 2239 475 2277 me
515 2222 792 2292 repulisti?
821 2222 997 2287 Quare
1045 2223 1214 2278 tristis
1258 2222 1439 2277 incedo
1486 2222 1613 2277 dum
1647 2224 1829 2295 aﬂiigit
1879 2239 1959 2277 me

392 2314 681 2370 inimicus?
706 2312 913 2370 Dixerit
953 2314 1228 2385 quispiam
1259 2314 1376 2369 haec
1407 2314 1653 2386 proferre
1684 2331 1854 2370 unum
1878 2315 1958 2369 al-

394 2414 640 2461 terumve
668 2406 763 2476 qui
787 2406 842 2460 in
875 2406 1132 2462 universo
1164 2409 1367 2479 populo
1393 2407 1625 2462 Judaico
1650 2406 1835 2478 justus
1870 2423 1958 2462 re-

392 2501 583 2565 pertus
634 2502 736 2550 est.
792 2495 913 2565 lpse
957 2495 1123 2566 igitur
1173 2498 1289 2553 sive
1335 2514 1481 2553 unus
1530 2498 1645 2553 sive
1698 2512 1956 2569 perrarus

394 2585 577 2653 homo,
611 2585 789 2656 qualis
810 2593 928 2642 erat
955 2585 1221 2646 Jeremias
1264 2599 1359 2645 aut
1384 2590 1614 2661 quilibet
1654 2590 1758 2660 ipsi
1798 2589 1956 2644 simi-

392 2676 481 2745 lis,
513 2677 587 2733 ita
614 2675 740 2733 fleat
791 2686 847 2734 et
878 2678 1197 2748 hujusmodi
1227 2697 1391 2738 voces
1427 2682 1660 2746 emittat,
1687 2696 1887 2752 rogans
1924 2694 1956 2734 a

390 2774 551 2839 gente
580 2784 690 2824 non
719 2780 909 2826 sancta
940 2771 1185 2836 liberari,
1219 2773 1424 2842 quibus
1449 2770 1680 2826 indicari
1705 2772 1957 2826 videntur

389 2864 484 2933 qui
512 2879 577 2918 ex
604 2863 1019 2919 circumcisione
1047 2872 1234 2931 erant;
1259 2870 1313 2920 et
1344 2881 1376 2919 a
1413 2864 1532 2919 viro
1560 2864 1748 2933 iniquo
1771 2873 1824 2919 et
1853 2863 1954 2917 do-

390 2955 530 3017 loso,
560 2961 620 3008 ut
643 2969 921 3024 nunquam
957 2954 1074 3024 ipse
1103 2954 1448 3024 aut‘iniquus
1468 2959 1562 3008 aut
1582 2953 1806 3008 dolosus
1828 2966 1953 3007 eva-

388 3046 502 3104 dat.
539 3044 710 3117 Roget
752 3054 932 3100 autem
974 3044 1141 3101 Deum
1192 3045 1279 3101 his
1326 3045 1509 3100 verbis
1539 3064 1553 3099 :
1580 3043 1663 3098 Tu
1712 3058 1772 3099 es
1813 3041 1954 3098 Deus

2067 1829 2297 1900 ἠφίεσαν
2322 1828 2422 1892 τὰς
2451 1828 2653 1898 φωνάς.

2133 1942 2354 2012 Κρῖνόν
2373 1958 2470 2011 με,
2506 1944 2539 1995 ὁ
2566 1941 2728 2009 Θεὸς,
2758 1943 2857 1999 καί
2891 1943 3147 1999 δίκασον
3170 1945 3285 2015 τὴν
3308 1945 3487 2015 δίκην
3516 1954 3643 2017 μου

2064 2036 2132 2101 ἐξ
2162 2036 2375 2101 ἔθνους
2402 2036 2515 2103 οὐχ
2545 2034 2718 2089 ὁσίου
2737 2053 2750 2066 ·
2785 2035 2905 2091 ἀπὸ
2940 2037 3256 2106 ἀνθρώπου
3286 2037 3495 2094 δολίου
3539 2040 3641 2094 καί

2063 2126 2275 2181 ἀδίκου
2297 2126 2488 2195 ῥῦσαί
2510 2143 2606 2195 με.
2634 2127 2763 2181 Ὅτι
2785 2127 2866 2182 σὺ
2893 2132 2927 2183 ό
2962 2128 3106 2196 Θεὸς
3130 2130 3470 2201 κραταίωμά
3493 2149 3640 2201 μου,

2064 2221 2164 2273 ἵνα
2185 2220 2244 2273 τί
2274 2218 2493 2274 ἀπώσω
2510 2237 2618 2290 pe;
2644 2221 2745 2275 ἵνα
2770 2220 2830 2274 τί
2854 2220 3291 2289 σκυθρωπάζων
3317 2224 3642 2294 πορεύομαι

2062 2314 2133 2368 ἐν
2186 2313 2266 2379 τῷ
2314 2313 2594 2383 ἐκθλίψαι
2645 2314 2900 2384 ἐχθρόν;
2946 2313 3102 2367 Εἴποι
3136 2313 3180 2366 δ’
3231 2315 3297 2370 ἄν
3335 2332 3419 2378 τις
3464 2314 3643 2369 ταῦτα

2063 2404 2243 2474 λέγειν
2285 2405 2383 2460 ’ἐνα
2425 2423 2529 2459 που
2562 2405 2655 2459 καὶ
2687 2404 2938 2476 δεύτερον
2980 2406 3037 2460 ὲν
3080 2405 3187 2476 ὅλῳ
3237 2404 3316 2476 τῷ
3348 2404 3492 2458 ἔθνει
3527 2405 3643 2460 τῶν

2075 2498 2361 2563 Ἰουδαίων,
2398 2498 2700 2570 εὑρημένον
2729 2497 2956 2551 δίκαιον.
3004 2496 3178 2561 Αὐτὸς
3228 2493 3320 2551 οὖν
3347 2498 3376 2549 ὁ
3422 2491 3504 2561 εἷς
3545 2496 3644 2551 καὶ

2065 2590 2306 2655 σπάνιος,
2345 2584 2457 2645 οἷον
2508 2590 2775 2661 Ἱερεμίας
2806 2591 2846 2661 ἦ
2895 2607 2977 2653 τις
3020 2588 3207 2661 ἕτερος
3250 2590 3434 2661 ὅμοιος
3466 2588 3640 2660 αὐτῷ,

2061 2681 2460 2741 ἀποκλαιέσθω,
2494 2680 2587 2735 κα)⁸
2642 2681 2845 2745 ταύτας
2887 2680 3255 2751 ἀναπεμπέτω
3301 2680 3401 2744 τὰς
3432 2681 3637 2751 φωνὰς,

2065 2769 2321 2823 ἱκετεύων
2363 2770 2622 2841 ῥωσθῆναι
2675 2770 2735 2835 ἐξ
2780 2771 2995 2824 ἀνοσίου
3038 2770 3253 2834 ἔθνους·
3298 2769 3541 2842 δηλούτω
3582 2770 3641 2824 δὲ

2061 2860 2258 2923 αὐτοὺς
2280 2860 2407 2924 τοὺς
2444 2861 2508 2912 ὲκ
2541 2860 2865 2932 περιτομῆς,
2884 2861 2981 2914 καὶ
3014 2860 3122 2913 ἀπὸ
3142 2858 3430 2931 ἀνθρώπου
3452 2858 3639 2913 ἀδίκου

2062 2952 2156 3006 καὶ
2174 2951 2369 3016 δολίου,
2400 2951 2475 3015 ὼς
2496 2949 2562 3005 ἂν
2586 2954 2793 3024 μήποτε
2815 2952 2908 3005 καὶ
2935 2950 3095 3014 αὐτὸς
3116 2950 3323 3019 γένοιτο
3344 2950 3525 3013 ἄδικος
3545 2950 3643 3003 καὶ

2060 3042 2252 3107 δόλιος.
2275 3043 2671 3116 Παρακαλείτω
2707 3044 2765 3097 δὲ
2792 3043 2882 3097 τὸν
2904 3043 3034 3097 Θεὸν
3059 3042 3231 3111 λέγων
3252 3059 3266 3072 ·
3295 3043 3366 3096 Σὺ
3394 3039 3489 3096 εἴό
3508 3044 3641 3105 Θεὸς

390 3134 655 3189 fortitudo
676 3150 818 3199 mea,
851 3150 1021 3206 quare
1045 3150 1132 3190 me
1166 3135 1437 3204 repulisti,
1473 3151 1559 3190 me
1585 3136 1638 3188 in
1666 3133 1844 3190 medio
1881 3142 1957 3188 ta-

2061 3134 2386 3208 κραταίωμά
2414 3152 2514 3206 μου
2535 3153 2549 3166 ·
2586 3135 2675 3188 ἵνα
2705 3134 2758 3187 τί
2786 3152 2851 3206 με
2877 3133 3103 3199 ἀπώσω,
3130 3133 3446 3188 καταλιπών
3477 3151 3545 3204 με
3580 3135 3642 3185 ὲν

388 3226 458 3281 lis
489 3226 673 3297 papuli
705 3224 1061 3296 relinquens?
1112 3223 1239 3279 Haec
1270 3240 1432 3296 porro
1465 3224 1632 3280 Helia:
1677 3224 1953 3294 propheta:

387 3324 718 3387 congruunt,
758 3317 850 3387 qui
881 3315 1110 3370 Domino
1136 3316 1453 3387 supplicans
1477 3324 1663 3371 contra
1694 3317 1951 3387 populum

386 3408 463 3463 ita
494 3409 637 3464 fatur
662 3430 676 3464 :
700 3408 941 3472 Domine,
973 3413 1255 3480 prophetas
1289 3420 1403 3475 tuos
1433 3409 1825 3479 interfecerunt,
1871 3409 1955 3463 al-

388 3502 530 3557 taria
566 3513 659 3557 tua
704 3502 1178 3559 subverterant:et
1212 3520 1304 3574 ego
1350 3502 1565 3558 relictus
1613 3502 1782 3568 solus,
1809 3519 1956 3573 qure-

386 3602 610 3664 runtque
649 3594 818 3662 ipsam
856 3595 1090 3649 animam
1125 3593 1307 3648 tollere
1332 3593 1398 3647 ⁸⁸.
1433 3592 1728 3664 Perspicue
1772 3603 1953 3648 autem

386 3686 546 3742 docet
573 3684 840 3741 Jeremias
861 3684 1125 3742 defecisse
1153 3701 1369 3742 omnem
1398 3685 1603 3755 justum
1635 3686 1702 3741 de
1731 3688 1952 3757 populo,

305 3832 309 3835 Α
386 3778 577 3834 dicens
617 3776 888 3832 :Circuite
936 3779 990 3831 in
1035 3777 1183 3832 biviis
1230 3777 1532 3833 Jerusalem
1575 3786 1624 3832 et
1667 3779 1722 3832 in
1768 3779 1954 3847 plateis

382 3873 522 3941 eius,
553 3880 612 3926 et
642 3869 806 3924 videte
834 3870 881 3924 si
905 3879 983 3924 est
1024 3871 1114 3940 qui
1158 3870 1445 3940 intelligat,
1481 3878 1531 3924 et
1566 3872 1829 3939 propitius
1865 3888 1954 3925 ero

383 3965 460 4018 eis
483 3962 548 4016 “.
576 3960 780 4016 Deinde
799 3960 926 4032 quia
951 3960 1246 4015 multitudo
1269 3960 1642 4031 improborum
1670 3961 1954 4016 hominum

381 4053 591 4126 justum
623 4052 803 4122 ipsum
839 4051 1139 4123 premebat,
1189 4068 1249 4107 se
1279 4052 1383 4106 hac
1432 4050 1501 4105 de
1539 4068 1705 4108 causa
1740 4055 1954 4109 tristem

386 4158 510 4199 esse
546 4141 988 4209 dicebal:Quare
1018 4142 1362 4197 contristatae
1388 4141 1592 4207 incedo,
1615 4142 1740 4196 dum
1774 4142 1956 4216 afﬂigit

385 4251 469 4291 me
508 4235 796 4291 inimicus?
832 4233 900 4288 Et
951 4234 1191 4304 alioquin
1240 4248 1364 4288 cum
1413 4243 1600 4305 gentes
1645 4241 1699 4289 et
1748 4234 1955 4291 inimici

384 4330 747 4386 calamitatem
777 4326 1065 4392 inferrent,
1097 4335 1259 4398 atque
1296 4326 1503 4397 popqu
1533 4325 1763 4382 Judaico
1801 4343 1957 4398 supe-

384 4423 558 4478 riores
591 4421 917 4488 evasissent,
950 4419 1032 4475 vir
1072 4419 1161 4475 ille
1205 4418 1314 4474 Deo
1354 4418 1607 4475 addictus
1639 4418 1822 4475 animo
1856 4418 1955 4473 do-

2058 3229 2205 3300 μέσῳ
2224 3226 2463 3282 τοιούτου
2484 3226 2615 3280 λαοῦ
2635 3225 2905 3299 ςἬρμοζε
2927 3226 2982 3280 δὲ
3006 3226 3076 3279 τὰ
3095 3225 3424 3297 προκείμενα
3447 3225 3540 3277 καὶ
3560 3223 3641 3295 τῷ

2056 3321 2311 3394 προφήτῃ
2345 3319 2526 3392 Ἠλίᾳ,
2553 3318 2612 3383 ὃς
2650 3318 2835 3388 ἔλεγεν
2860 3318 3312 3388 κατεντυγχάνων
3343 3315 3438 3370 τοῦ
3468 3314 3600 3369 λαοῦ
3620 3331 3638 3347 ο

2053 3415 2264 3481 Κύριε,
2306 3412 2449 3480 τοὺς
2490 3412 2805 3482 προφήτας
2846 3428 2964 3466 σου
3004 3410 3385 3475 ἀπέκτειναν,
3418 3409 3515 3462 καὶ
3568 3407 3644 3462 τὰ

2055 3503 2454 3573 θυσιαστήριά
2486 3521 2602 3559 σου
2629 3505 3042 3572 κατέσκαψαν,
3076 3500 3239 3572 κάγὼ
3263 3501 3643 3571 ὑπελείφθην

2048 3597 2270 3665 μόνος,
2305 3596 2403 3649 καὶ
2447 3592 2689 3664 ζητοῦσι
2740 3593 2858 3663 τὴν
2896 3592 3111 3663 ψυχὴν
3154 3591 3364 3646 λαϐεῖν
3418 3589 3636 3656 αὐτήν.

2056 3687 2251 3757 Σαφῶς
2276 3687 2333 3740 δὲ
2356 3687 2594 3741 διδάσκει
2628 3686 2899 3760 Ἱερεμίας
2922 3685 3295 3739 ἐκλελοιπέναι
3345 3683 3521 3737 πάντα
3558 3682 3640 3736 δί-

2055 3795 2208 3833 καιον
2250 3780 2315 3832 ὲκ
2350 3778 2443 3834 τοῦ
2489 3778 2654 3844 λαοῦ,
2699 3779 2909 3846 λέγων’
2960 3774 3356 3846 Περιδράμετε
3387 3774 3457 3828 ἐν
3505 3774 3640 3841 ταῖς

2055 3870 2343 3939 ἀμφόδοις
2399 3868 2819 3938 Ἰερουσαλὴμ,
2871 3868 2970 3922 καὶ
3029 3867 3098 3920 ἐν
3144 3865 3273 3932 ταῖς
3326 3864 3641 3930 πλατείαις

2054 3961 2265 4031 αὐτῆς,
2300 3962 2398 4015 καὶ
2433 3961 2585 4015 ἴδετε
2612 3963 2664 4014 εί
2696 3960 2829 4015 ἐστι
2864 3958 3114 4023 συνιὼν,
3132 3948 3248 4011 ’καί
3292 3957 3466 4022 ἵλεως
3494 3956 3640 4010 ἐσο-

2049 4073 2157 4124 μαι
2175 4054 2398 4121 αὐτοῖς.
2418 4050 2531 4107 Εἶτ’
2555 4052 2740 4124 ἐπειδὴ
2765 4052 2827 4105 τὸ
2850 4051 3053 4124 πλῆθος
3072 4052 3181 4103 τῶν
3210 4049 3396 4104 κακῶν
3425 4048 3641 4119 ἀνδρῶν

2057 4145 2232 4217 θλίψιν
2262 4148 2488 4218 παρεῖχε
2515 4144 2594 4217 τῷ
2629 4144 2844 4215 δικαίῳ,
2879 4141 3296 4215 σκυθρωπάζειν
3332 4140 3425 4193 ἐπὶ
3458 4140 3641 4211 τούτῳ

2056 4234 2238 4305 ἔλεγεν
2257 4254 2271 4266 ·
2321 4236 2445 4291 Ἵνα
2488 4236 2546 4290 τί
2593 4233 3030 4305 σκυθρωπάζων
3079 4235 3402 4303 πορεύομαι
3441 4234 3513 4287 ἐν
3556 4232 3640 4300 τῷ

2054 4328 2337 4397 ἐκθλίψαι
2378 4328 2637 4397 ἐχθρόν;
2667 4328 2777 4382 Καὶ
2807 4325 2981 4389 ἄλλως
3006 4324 3085 4393 δὲ,
3117 4324 3226 4378 τῶν
3287 4324 3494 4397 ἐχθρῶν
3538 4323 3640 4378 καὶ⁸

2057 4419 2333 4490 πολεμίων
2367 4419 2656 4476 θλιϐόντων
2688 4420 2781 4473 καὶ
2821 4418 3293 4490 ὲπικρατεστέρων
3327 4417 3641 4487 γενομένων

384 4514 547 4579 lebat,
574 4514 691 4568 zelo
718 4513 910 4583 plenus
938 4512 1009 4567 ob
1038 4526 1334 4582 prosperas
1356 4511 1641 4567 atheorum
1673 4519 1730 4567 et
1760 4512 1954 4582 impio-

2061 4510 2145 4564 τοῦ
2195 4510 2417 4575 ἔθνους,
2469 4512 2498 4564 ὁ
2543 4511 2621 4583 τῷ
2652 4510 2771 4582 Θεῷ
2821 4511 3178 4581 ἀνακείμενος
3231 4508 3487 4563 ἐδάκνετο
3531 4509 3636 4579 τὴν

383 4620 508 4660 rum
529 4605 807 4659 hominum
853 4620 962 4659 res.
1013 4604 1191 4669 Quare
1235 4605 1691 4676 supplicationem
1738 4605 1952 4660 emitte-

382 4697 498 4762 bat,
546 4705 606 4749 ut
650 4694 810 4760 Deus,
863 4697 957 4765 qui
997 4694 1065 4749 de
1113 4710 1282 4750 causa
1331 4710 1429 4750 sua
1470 4696 1838 4766 judicaverat,
1887 4710 1951 4751 ac

383 4792 772 4857 congruentem
806 4786 872 4840 de
912 4801 972 4840 se
1008 4786 1333 4841 sententiam
1381 4786 1605 4851 tulerat,
1642 4787 1950 4843 mercedem

382 4885 532 4933 recte
564 4875 724 4932 factis
771 4876 888 4932 suis
921 4875 1185 4943 debitam,
1231 4877 1502 4933 universa:
1543 4878 1729 4948 populi
1766 4879 1952 4933 multi-

381 4969 559 5023 tudini
588 4967 900 5039 largiretur,
940 4975 994 5023 et
1040 4968 1126 5023 sui
1176 4983 1344 5023 causa
1388 4984 1581 5024 omnes
1614 4971 1848 5040 eriperet
1881 4971 1948 5025 de

382 5074 548 5113 manu
582 5052 960 5125 inimicorum;
992 5065 1053 5111 ut
1083 5057 1539 5128 quemadmodum
1575 5058 1696 5129 ipse
1724 5059 1953 5117 delicto-

306 5170 313 5183 ε
382 5164 507 5204 rum
530 5148 715 5221 populi
741 5152 1013 5220 particeps
1042 5148 1246 5216 fuerat,
1288 5151 1365 5205 ita
1404 5153 1639 5224 populus
1680 5153 1948 5208 bonorum

383 5257 607 5315 operum
672 5241 845 5310 ipsius
890 5255 1117 5296 consors
1163 5251 1327 5298 esset.
1380 5242 1536 5299 Sicut
1581 5251 1765 5299 autem
1815 5244 1952 5314 justi

384 5336 631 5393 homines
651 5336 745 5407 qui
765 5334 835 5391 ad
860 5334 1150 5390 tribunalia
1170 5335 1318 5390 litem
1349 5335 1572 5401 habent,
1602 5337 1819 5406 judices
1851 5339 1953 5393 ob-

384 5441 599 5486 secrant
621 5436 682 5486 ut
699 5430 902 5501 justam
937 5444 1160 5484 causam
1206 5442 1361 5483 suam
1389 5429 1635 5494 audiant,
1672 5440 1836 5501 atque
1872 5446 1938 5486 ex

2058 4603 2257 4676 ψυχὴν,
2307 4604 2470 4677 ζήλου
2515 4604 2890 4676 πληρούμενος
2935 4602 3028 4655 ἐπὶ
3059 4606 3126 4674 τῇ
3171 4602 3281 4655 τῶν
3319 4601 3495 4655 ἀθέων
3538 4601 3637 4654 καὶ

2059 4696 2270 4752 ἀσεϐῶν
2321 4697 2529 4771 ἀνδρῶν
2574 4698 2873 4769 εὐπραγίᾳ.
2915 4697 3007 4751 Διὸ
3066 4697 3162 4751 καὶ
3211 4696 3492 4767 ἱκετηρίαν
3538 4695 3638 4747 ἀν-

2057 4792 2324 4862 έπεμπεν,
2353 4791 2428 4854 ὡς
2453 4791 2538 4854 ἂν,
2566 4790 2756 4861 κρίνας
2772 4790 2800 4841 ὁ
2821 4788 2951 4852 Θεὸς
2976 4788 3069 4841 καὶ
3095 4787 3323 4852 δικάσας
3348 4786 3515 4858 αὐτῷ,
3541 4789 3638 4842 καὶ

2056 4886 2157 4957 τὴν
2182 4886 2493 4957 πρέπουσαν
2528 4883 2655 4953 περὶ
2686 4880 2848 4936 αὑτοῦ
2881 4881 3036 4950 δίκην
3060 4880 3505 4951 ἐξενεγκάμενος,
3536 4878 3634 4949 τὴν

2056 4977 2221 5031 αὐτοῦ
2246 4974 2741 5048 προσοφειλομένην
2771 4973 3002 5044 ἀμοιϐὴν
3033 4973 3142 5026 τῶν
3171 4972 3333 5026 αὐτοῦ
3360 4970 3637 5042 κατορθω-

2061 5071 2244 5141 μάτων
2295 5068 2373 5137 τῷ
2404 5067 2568 5121 παντὶ
2618 5063 2809 5136 πλήθει
2849 5065 3161 5137 χαρίσοιτο,
3205 5064 3299 5118 καὶ
3349 5062 3415 5116 δι’
3466 5059 3635 5115 αὑτοῦ

2057 5160 2281 5233 ῥύσαιτο
2312 5160 2437 5224 τοὺς
2483 5159 2690 5223 πάντας
2721 5159 2785 5212 ἐκ
2833 5158 3014 5230 χειρὸς
3042 5158 3152 5212 τῶν
3200 5156 3502 5227 πολεμίων*
3540 5154 3633 5219 ἵν’,

2057 5249 2245 5321 ὥσπερ
2284 5249 2537 5308 κοινωνὸς
2574 5248 2736 5311 αὐτὸς
2780 5246 2971 5315 γέγονε
3022 5247 3121 5318 τῆς
3150 5245 3244 5299 τοῦ
3289 5243 3419 5297 λαοῦ
3467 5260 3635 5297 κακο-

2058 5339 2317 5411 πραγίας,
2358 5337 2501 5392 οὕτω
2542 5339 2637 5392 καὶ⁸
2694 5340 2722 5390 ὁ
2770 5336 2895 5399 λαὸς
2927 5335 3185 5407 μετάσχοι
3218 5334 3319 5405 τῆς
3350 5333 3512 5387 αὐτοῦ
3552 5333 3634 5385 δι-

2046 5432 2434 5503 καιοπραγίας.
2479 5431 2692 5502 Ὥσπερ
2742 5428 2798 5483 δὲ
2832 5429 2881 5481 οί
2927 5427 3123 5482 δίκαιοι
3158 5426 3371 5498 ἔχοντες
3422 5426 3481 5479 ὲν
3517 5426 3632 5489 τοῖς

383 5537 536 5598 aequo
564 5533 617 5583 et
644 5525 785 5581 bono
812 5521 1135 5580 sententiam
1164 5521 1269 5578 sibi
1299 5520 1513 5587 ferant;
1535 5522 1727 5579 eodem
1767 5523 1928 5580 modo

2061 5527 2424 5600 ῖικαστηρίοις,
2473 5526 2600 5590 τοὺς
2645 5524 2906 5588 δικαστὰς
2953 5520 3283 5577 ἱκετεύουσιν
3319 5515 3637 5572 ἐπακοῦσαι

455 5678 500 5711 ⁸⁸
539 5677 603 5735 lll
633 5677 765 5752 Reg.
797 5697 920 5746 xix,
958 5679 1043 5737 14.
1121 5679 1164 5714 ⁸³
1199 5677 1397 5737 Jerem.
1435 5693 1488 5746 v,
1522 5677 1574 5732 l.
