3988 6202
281 263 385 317 3M

1427 267 1921 327 COMMENTARIA
1960 271 2029 328 IN
2058 273 2392 329 PSALMOS.

3411 282 3518 339 382

279 381 394 433 τῶν
431 376 661 433 δικαίων
701 377 910 445 αὐτῶν,
946 379 1164 436 δικάσαι
1197 401 1256 436 τε
1295 386 1387 438 καὶ
1418 387 1619 458 κρίνειν
1661 390 1818 444 αὐτοὺ

1919 432 1925 460 ,
1962 395 2044 448 vir
2075 395 2364 466 religiosus
2410 395 2496 450 his
2539 396 2719 452 verbis
2764 397 2933 453 Deum
2985 399 3302 470 alloquitur,
3324 405 3512 470 judico

276 468 494 540 ὀρθῶς·
541 469 634 522 τὸν
659 467 822 521 αὑτὸν
861 470 1060 541 τρόπον
1110 475 1202 526 καὶ
1241 475 1270 526 6
1317 475 1566 548 θεοφιλὴς
1611 479 1701 532 διὰ
1745 479 1818 533 τῶ

1955 487 2081 540 mihi
2108 487 2270 549 Deus,
2315 505 2422 544 non
2473 503 2620 555 vero,
2651 490 2836 558 judico
2878 508 2998 545 me:
3025 508 3173 554 nam,
3215 497 3511 553 secundum

280 559 665 630 προκειμένων
704 559 783 630 τῷ
826 559 944 631 Θεῷ
976 579 1138 633 φησιο
1181 565 1398 633 Κρῖνόν
1435 586 1557 636 μοι,
1607 572 1640 623 ὀ
1687 572 1848 636 Θεὸς,

1954 579 2358 650 Symmachum,
2407 580 2593 648 judico
2644 582 2790 642 mihi,
2825 583 3044 638 dicitur.
3093 583 3171 638 Tu
3213 585 3330 654 ipse
3377 591 3511 645 mihi

276 655 418 724 οὐχὶ,
470 652 684 721 κρῖνόν
725 670 802 722 με
827 670 842 684 ο
881 655 1020 708 κατά
1065 655 1121 708 δὲ
1154 657 1243 711 τὸν
1294 657 1604 730 Σύμμαχον,
1645 660 1818 728 κρῖνότ

1944 668 2111 737 judex
2141 679 2279 736 esto,
2319 679 2372 725 et
2421 670 2562 724 hanc
2590 685 2808 726 causam
2833 687 3006 726 meam
3037 673 3302 741 judicato,
3335 685 3394 730 ut
3429 679 3513 731 ul-

271 763 398 816 μοι.
425 744 502 798 Σὺ
539 743 648 815 γὰρ
682 744 845 808 αὐτὸς
876 745 1033 814 γενοῦ
1058 764 1151 818 μοι
1184 749 1394 820 κριτὴς,
1425 753 1518 804 καὶ
1541 753 1639 824 τὴν
1670 754 1816 825 κρίσι

1950 763 2150 816 tionem
2190 771 2405 827 nactus,
2441 761 2600 819 recte'
2617 764 2756 820 facta
2786 779 2904 820 mea
2941 766 3107 821 totius
3134 769 3505 827 multitudinis
3576 841 3584 854 ί

280 853 379 906 μου
409 835 620 906 ταύτην
648 838 854 907 κρῖνον,
887 838 979 890 κα)⁸
1008 839 1370 912 ὑπερδίκησον
1396 843 1493 914 τῆς
1529 843 1684 915 δίκης
1723 864 1845 917 μου,

279 929 381 992 ἵνα,
427 926 611 997 τυχὼν
663 927 939 992 ἐκδικίας.
988 931 1344 1004 συμϐάλωμαι
1375 939 1442 1006 τῇ
1480 939 1722 1009 σωτηρίᾳ
1753 938 1845 992 τοῦ

278 1019 477 1082 παντὸς
500 1017 742 1089 πλήθους
767 1017 838 1071 τὰ
863 1021 1100 1090 ἐμαυτοῦ
1125 1024 1542 1096 κατορθώματα.

356 1111 828 1175 Ἐξαπόστειλον
856 1111 920 1164 τὸ
955 1111 1080 1180 φῶς
1115 1131 1252 1180 σου,
1289 1118 1385 1171 καὶ
1422 1118 1534 1186 τὴν
1557 1120 1846 1188 ἀλήθειάν

1947 852 2108 906 saluti
2143 853 2439 908 conferam.

2014 1110 2180 1168 Vens.
2210 1111 2327 1167 5-6.
2374 1111 2567 1168 Emitte
2593 1115 2758 1170 lucem
2786 1126 2930 1171 tuam
2960 1129 3010 1174 et
3039 1122 3305 1176 veritatem
3336 1131 3502 1189 tuam,

274 1219 433 1257 σουο
504 1202 658 1258 αὐτά
710 1220 788 1272 με
836 1203 1158 1273 ὡδήγησαν
1211 1208 1310 1262 καὶ
1362 1209 1587 1281 ἤγαγον
1636 1232 1713 1282 με
1755 1217 1818 1269 ει.

1942 1203 2058 1271 ipsa
2096 1219 2174 1257 me
2204 1203 2528 1258 deduxerunt
2576 1216 2625 1259 et
2666 1206 2999 1263 adduxerunt
3028 1213 3081 1264 in
3122 1222 3347 1267 montem
3378 1231 3507 1267 san-

277 1295 414 1363 ὀρος
473 1295 646 1364 ἅγιόν
681 1310 835 1359 σου,
893 1296 991 1350 καὶ
1039 1299 1125 1366 εις
1179 1300 1250 1354 τὰ
1297 1302 1654 1372 σκηνώματα
1701 1321 1837 1360 σου.

1941 1300 2083 1344 ctum
2118 1301 2262 1344 tuum
2302 1301 2350 1345 et
2399 1293 2453 1345 in
2493 1292 2832 1349 tabernacula
2888 1305 2996 1351 tua.
3034 1297 3148 1353 lloc
3179 1300 3306 1354 item
3343 1302 3503 1355 modo

278 1385 507 1456 Νοήσεις
562 1387 653 1438 καὶ
711 1385 912 1449 οὕτως’
971 1387 1077 1441 Τοῦ
1141 1391 1290 1462 παρὰ
1357 1393 1440 1446 σοὶ
1514 1396 1688 1464 φωτὸς
1747 1415 1818 1451 κα

1944 1381 2236 1453 intelligas,
2278 1383 2398 1438 luce
2447 1400 2510 1438 ac
2553 1386 2786 1442 veritate
2815 1399 2908 1442 tua
2938 1375 3374 1455 donatus,'recte
3401 1393 3504 1446 du-

277 1475 374 1544 τῆς
418 1475 567 1546 παρά
609 1476 692 1529 σοὶ
733 1477 986 1550 ἀληθείας
1023 1480 1201 1552 τυχὼν
1247 1482 1682 1556 ὁδηγηθήσομαι,
1736 1489 1818 1541 ύπέ

1944 1488 2058 1535 car,
2106 1473 2226 1528 luce
2264 1473 2478 1544 quidem
2535 1476 2858 1545 illustratus,
2909 1484 3135 1538 veritate
3181 1491 3361 1538 autem
3410 1493 3502 1537 tua

282 1566 379 1636 μὲν
421 1566 513 1619 τοῦ
542 1567 716 1636 φωτὸς
761 1568 1146 1641 φωτιζόμενος,
1187 1573 1291 1626 ὑπὸ
1337 1573 1394 1627 δὲ
1440 1576 1540 1646 τῆς
1571 1578 1669 1648 σῆς
1702 1579 1836 1650 ἀλη-

284 1657 429 1721 θείας
450 1659 944 1730 χειραγωγούμενος
962 1661 1053 1714 ἐπὶ
1067 1662 1128 1714 τὸ
1149 1663 1272 1734 ὅρος
1295 1665 1356 1717 τὸ
1380 1665 1529 1734 ἅγιόν
1549 1683 1638 1720 σου
1663 1670 1722 1722 τὸ
1741 1673 1838 1722 ἐπ-

1939 1562 2096 1630 quasi
2119 1578 2282 1618 manu
2321 1566 2518 1621 ductus
2551 1567 2605 1620 in
2643 1577 2879 1625 montem
2913 1583 3166 1628 sanctum
3200 1585 3350 1631 tuum
3387 1593 3502 1633 cte-

1940 1655 2151 1720 lestem,
2199 1665 2252 1713 et
2307 1657 2362 1712 in
2414 1661 2764 1717 tabernacula
2815 1673 2907 1720 tua
2953 1668 3154 1724 ibidem
3190 1673 3390 1741 posita,
3432 1673 3500 1729 de

285 1750 528 1820 ουράνιον
543 1751 635 1804 καὶ
658 1751 745 1804 ἐπὶ
778 1752 846 1805 τὰ
871 1753 1057 1807 αὐτόθι
1090 1756 1420 1827 σκηνώματά
1448 1775 1564 1824 σου,
1606 1761 1733 1832 περὶ
1762 1758 1818 1816 ὧι

1939 1748 2135 1816 quibus
2186 1749 2240 1803 in
2279 1751 2602 1820 praecedenti
2649 1757 2858 1824 psalmo
2909 1759 3202 1816 dicebam:
3237 1762 3500 1829 Quoniam

293 1843 390 1894 aut
421 1842 478 1894 ὲν
507 1841 579 1913 τῷ
608 1843 707 1912 πρὸ
729 1843 910 1897 τούτου
947 1844 1129 1914 ἔλεγον
1149 1863 1162 1876 ’
1204 1849 1329 1902 Ὅτι
1363 1849 1741 1922 διελεύσομαι
1767 1854 1838 1906 ἐν

299 1934 458 1998 τόπῳ
485 1933 702 2000 σκηνῆς
726 1936 1072 2005 θαυμαστῆς
1093 1937 1204 2005 ἕως
1227 1940 1332 1993 τοῦ
1364 1941 1534 1996 οἴκου
1558 1943 1665 1998 τοῦ
1689 1945 1834 1999 Θεοῦ

298 2026 370 2079 ἐν
401 2027 559 2096 φωνῇ
590 2029 992 2097 ἀγαλλιάσεως
1034 2032 1131 2086 καὶ
1165 2033 1651 2105 ἐξομολογήσεως
1679 2038 1834 2109 ἤχου

295 2114 671 2183 ἐφτάξοηοςο
717 2119 791 2182 ὡς
825 2119 890 2172 ἂν
919 2120 976 2172 δέ
1011 2138 1092 2175 σοι
1135 2123 1210 2194 τῷ
1243 2123 1361 2195 Θεῷ
1398 2127 1706 2198 ίερωμένος,
1741 2130 1834 2181 ἐπὶ

290 2206 355 2259 τά
397 2206 646 2260 ἐνδοτάτω
687 2209 781 2260 καὶ
815 2208 976 2280 μέχρι
1009 2210 1101 2264 τοῦ
1145 2211 1529 2285 θυσιαστηρίου
1574 2214 1709 2286 ἥξω,
1740 2219 1836 2270 καὶ⁹

284 2298 411 2368 πρὸς
456 2299 512 2351 σὲ
567 2299 658 2352 τὸν
699 2299 830 2353 θεὸν
872 2301 1160 2374 ἐλεύσομαι
1201 2304 1292 2358 τὸν
1331 2306 1684 2376 εὐφραίνοντα
1733 2314 1832 2380 τὴν

279 2389 492 2459 νεότητά
542 2407 643 2460 μου
686 2391 784 2461 τὴν
821 2395 1214 2466 πνευματικήν.
1283 2396 1832 2470 Ἐξομολογήσομαί

273 2496 365 2532 σοι
397 2481 466 2533 ἐν
490 2480 720 2549 κιθάρᾳ,
762 2485 796 2536 ὀ
831 2485 991 2548 Θεός.
1034 2483 1278 2558 Κιθάραν
1312 2486 1367 2540 δὲ
1395 2488 1454 2540 τὸ
1489 2489 1649 2560 σῶμά
1676 2508 1828 2562 φησι,

270 2571 336 2624 δι’
365 2565 422 2624 οὗ
457 2572 856 2644 ἀνακρούεσθαι
907 2576 1147 2646 πέφυκεν
1187 2579 1216 2630 6
1242 2577 1402 2644 νοῦς,
1452 2583 1547 2634 καὶ
1589 2581 1679 2636 διὰ
1720 2583 1829 2638 τῶν

269 2665 628 2736 αἰσθητηρίων
671 2664 858 2738 ὥσπερ
901 2667 990 2720 διά
1037 2668 1242 2740 χορδῶν
1283 2670 1379 2742 τὴν
1427 2672 1506 2743 τῷ
1547 2674 1664 2746 θεῷ
1699 2677 1829 2748 πρέ-

268 2774 458 2812 πουσαν
516 2757 781 2830 μελῳδίαν
844 2761 1184 2832 ἀναπέμπειν
1248 2762 1423 2822 εἴωθε.
1502 2767 1696 2837 Σαφῶς
1757 2769 1813 2823 δὲ

266 2847 346 2900 διὰ
389 2849 596 2904 τούτων
647 2853 675 2903 6
724 2851 881 2921 χορὸς
933 2854 962 2904 6
1021 2856 1354 2926 προφητικὸς
1398 2861 1702 2930 παρακαλεῖ
1760 2862 1822 2914 τὸ

267 2939 374 3008 φῶς
400 2942 772 3014 ἀποσταλῆναι
806 2945 896 2997 τοῦ
919 2944 1052 2997 Θεοῦ
1087 2947 1182 3000 καὶ
1206 2947 1303 3019 τὴν
1339 2949 1595 3020 ἀλήθειαν
1627 2953 1812 3017 αὑτοῦ,

265 3033 338 3096 ὡς
385 3034 610 3105 μηδέπω
661 3035 782 3088 τότε
828 3039 1014 3106 φαῖνον
1071 3038 1162 3091 ἐπὶ
1201 3039 1298 3110 τῆς
1350 3041 1488 3111 γῆς,
1531 3043 1665 3114 μηδὲ
1720 3045 1818 3115 τῆς

1938 1843 2170 1896 transibo
2206 1843 2259 1896 in
2289 1846 2459 1898 locant
2492 1847 2816 1902 tabernaculi
2843 1851 3197 1918 admirabilis,
3235 1872 3394 1926 usque
3427 1858 3499 1910 ad

1935 1932 2148 1987 domum
2193 1935 2311 1992 Dei.
2356 1937 2422 1991 In
2485 1956 2602 1994 voce
2641 1942 3010 1998 exsultationis
3063 1955 3112 1999 et
3157 1949 3498 2016 confessionis

1934 2026 2050 2079 soni
2094 2025 2283 2094 festum
2331 2032 2528 2100 agentis
2549 2033 2629 2099 ll°;
2673 2035 2830 2104 quasi
2862 2036 2961 2090 tibi
2994 2035 3104 2092 Deo
3153 2054 3311 2094 sacra
3355 2043 3498 2097 cele-

1933 2112 2122 2180 brans,
2153 2116 2222 2170 ad
2270 2119 2460 2172 intima
2494 2129 2548 2176 et
2597 2138 2768 2192 usque
2809 2124 2875 2179 ad
2920 2125 3092 2182 altare
3122 2127 3232 2193 ibo,
3267 2139 3319 2184 et
3348 2135 3414 2184 ad
3445 2140 3500 2187 te

1933 2193 2104 2258 Deum
2140 2208 2350 2262 veniam
2391 2211 2484 2280 qui
2537 2212 3142 2286 laztilicasjuventutem
3185 2237 3358 2278 meam
3394 2226 3499 2295 spi-

1931 2294 2206 2350 ritualem.
2239 2297 2539 2368 Conﬁtebor
2562 2302 2655 2355 tibi
2701 2305 2753 2357 in
2785 2307 2990 2361 cithara
3017 2309 3179 2365 Deus.
3217 2294 3496 2370 Citharam

1931 2398 2130 2454 corpus
2156 2385 2308 2453 dicit,
2351 2399 2459 2460 quo
2492 2392 2698 2461 pulsari
2723 2409 2878 2452 mens
2920 2399 3080 2464 solet,
3117 2411 3279 2472 atque
3323 2404 3497 2458 sensi-

1929 2473 2032 2528 bus
2072 2477 2229 2546 quasi
2283 2478 2506 2535 chordis
2564 2496 2954 2552 congruentem
3003 2487 3112 2544 Deo
3169 2499 3495 2547 concentum

1929 2564 2197 2621 emittere.
2264 2564 2360 2622 His
2422 2579 2610 2638 aperte
2675 2583 2829 2643 rogat
2881 2575 3081 2632 chorus
3145 2581 3499 2650 prOplteticus

1927 2656 2098 2710 ernitti
2130 2657 2304 2714 lucem
2337 2659 2433 2715 Dei
2464 2669 2518 2716 et
2542 2663 2826 2720 veritatem
2857 2668 2999 2737 ejus,
3035 2684 3100 2723 eo
3129 2671 3275 2740 quod
3319 2675 3492 2728 nulla-

1928 2755 2086 2805 tenus
2135 2757 2266 2806 tunc
2308 2752 2514 2808 luceret
2560 2756 2615 2809 in
2658 2765 2824 2822 terra,
2871 2767 2925 2814 et
2956 2762 3158 2817 veritas
3203 2779 3494 2833 nusquam,

1927 2857 2035 2910 quo
2059 2849 2300 2912 tempore
2328 2844 2442 2900 haec
2471 2847 2805 2916 proferebat,
2839 2865 2963 2904 cum
3004 2852 3314 2910 hominibus
3341 2859 3490 2912 exsi-

1927 2940 2111 2988 steret.
2140 2932 2257 2988 Lux
2285 2943 2464 2990 autem
2497 2939 2818 3001 missa,-alia
2851 2956 2982 2996 sane
3008 2941 3170 2996 fuerit
3198 2945 3264 2998 ab
3287 2962 3348 3000 ea
3373 2963 3490 3016 quae

1926 3011 2111 3090 mittil,
2155 3027 2221 3082 de
2249 3045 2353 3098 qua
2384 3029 2584 3086 dicitur
2611 3074 2624 3085 .
2653 3030 2788 3086 Erat
2818 3035 2910 3088 lux
2947 3052 3062 3106 qua:
3093 3038 3356 3094 illuminat
3379 3011 3488 3095 om-

263 3124 506 3196 ἀληθείας
573 3127 928 3199 ὑπαρχούσης
994 3147 1110 3193 πως
1168 3131 1263 3184 σὺν
1324 3110 1670 3204 ἀνθρώποις,
1730 3110 1815 3188 ὅτε

1921 3135 2038 3172 nem
2067 3119 2327 3174 hominem
2354 3123 2637 3177 venientem
2669 3125 2723 3178 in
2768 3127 3019 3181 mundum
3041 3131 3104 3183 δι.
3148 3129 3210 3185 Ει
3240 3131 3487 3191 Salvator

260 3215 444 3280 ταύτας
498 3217 657 3286 ἠφίει
700 3216 799 3281 τὰς
853 3219 1054 3286 φωνάς.
1089 3219 1206 3282 Φῶς
1257 3219 1313 3272 δὲ
1363 3221 1817 3294 ἀποστελλόμενον

258 3307 428 3378 ἕτερον
472 3308 550 3362 ἂν
579 3308 663 3378 εἴη
705 3308 798 3360 τοῦ
830 3309 1275 3377 ἀποστέλλοντος,
1319 3313 1444 3384 περὶ
1483 3306 1544 3366 οῦ
1581 3314 1814 3388 εἴρηται·

257 3392 356 3453 Ἦν
381 3401 444 3454 τὸ
499 3397 630 3468 φῶς
666 3399 733 3453 τὸ
771 3398 1021 3469 φωτίζον
1067 3401 1261 3456 πάντα
1301 3403 1609 3473 ἄνθρωπον
1646 3407 1815 3475 ἐρχό-

250 3508 424 3560 μενον
445 3495 548 3557 εις
580 3492 685 3545 τὸν
705 3494 952 3562 κόσμον.
979 3493 1229 3549 Διδάσκει
1251 3495 1307 3548 δὲ
1337 3497 1428 3550 καὶ
1470 3497 1632 3562 αὐτὸς
1654 3501 1682 3550 6
1707 3500 1820 3552 Σω-

252 3582 345 3658 τὴρ
382 3583 832 3656 αὑτοπροσώπως
869 3586 1068 3656 λέγων·
1115 3585 1259 3656 Ἐγώ
1301 3591 1416 3658 ειμι
1462 3589 1527 3642 τὸ
1553 3589 1679 3659 φῶς
1718 3591 1815 3645 καὶ

252 3680 286 3745 ἡ
317 3680 578 3747 ἀλήθεια
622 3681 718 3732 καὶ
761 3680 800 3749 ἡ
839 3677 971 3749 ζωή.
1021 3681 1144 3733 Ἵνα
1196 3681 1254 3733 τι
1303 3681 1630 3748 περίλυπος
1664 3678 1736 3746 εἴ,
1775 3683 1814 3752 ἠ

248 3773 406 3841 ψυχή
422 3789 579 3842 μου,
613 3771 709 3825 καὶ
729 3772 828 3824 ἵνα
853 3773 910 3825 τί
927 3771 1374 3841 συνταράσσεις
1388 3789 1499 3843 ys;
1528 3774 1816 3828 Ἔλπισον

246 3867 336 3920 ἐπὶ
366 3869 478 3922 τὸν
534 3863 701 3932 Θεὸν,
735 3864 822 3919 ὅτι
852 3864 1364 3936 ἐξομολογήσομαι
1400 3866 1575 3935 αὐτῷ,
1622 3866 1812 3935 σωτή-

238 3976 367 4028 pter
401 3957 525 4013 τοῦ
551 3956 873 4026 προσώπου
893 3975 1012 4026 μου
1045 3959 1142 4012 καὶ
1174 3960 1206 4011 ὀ
1241 3958 1385 4024 Θεός
1407 3975 1543 4026 μου.
1592 3956 1814 4028 Σύμμαο

246 4069 330 4123 Xo;
353 4052 440 4107 δέ’
487 4053 552 4107 Τί
581 4050 937 4119 καταρῤέεις,
971 4049 1140 4119 ψυχή
1165 4068 1305 4119 μου,
1343 4051 1439 4103 καὶ
1465 4052 1521 4103 τί
1551 4051 1813 4118 θορυϐεἷς

241 4145 328 4200 ἐπ’
355 4147 462 4216 ἐμέ
485 4161 509 4210 ;
541 4144 884 4214 Ἀνάμεινον
913 4143 1018 4198 τὸν
1044 4145 1220 4198 Θεόν·
1251 4146 1436 4198 εἰσαεὶ
1470 4144 1578 4214 γὰρ
1608 4143 1812 4212 ἐξομο-

240 4240 582 4309 λογήσομαι
614 4237 792 4303 αὐτῷ,
822 4237 893 4306 τῇ
915 4237 1178 4306 σωτηρίᾳ
1209 4237 1313 4291 τοῦ
1341 4237 1660 4306 προσώπου
1691 4255 1810 4306 μου

243 4333 332 4384 καὶ
372 4330 454 4396 τῷ
495 4327 616 4394 Θεῷ
648 4346 790 4398 μου.
827 4328 1159 4398 Ἀνάμεινον,
1189 4328 1370 4398 φησὶν,
1411 4327 1496 4380 ἵνα
1539 4327 1631 4382 καὶ
1673 4325 1808 4398 αὐτὴ

239 4425 472 4498 δυνηθῇς
537 4439 667 4476 ποτε
714 4423 911 4474 εἰπεῖν·
976 4417 1302 4489 Ὑπομένων
1363 4419 1646 4488 ὑπέμεινα
1702 4419 1809 4472 τὸν

247 4520 491 4587 Κύριον,
519 4513 621 4567 καὶ
666 4511 968 4581 προσέσχε
994 4528 1114 4581 μοι.
1152 4509 1310 4562 Ἀλλὰ
1337 4510 1428 4564 καὶ
1461 4509 1674 4562 ἕλπισον
1713 4510 1805 4563 ἐπὶ

240 4607 326 4660 τὸν
365 4606 539 4660 Θεὸν·
591 4605 630 4672 ἠ
667 4604 774 4674 γὰρ
812 4601 984 4667 ἐλπὶς
1025 4603 1094 4654 οὺ
1135 4602 1537 4669 καταισχύνει.
1585 4601 1648 4653 Τί
1694 4601 1804 4672 γὰρ

241 4698 302 4750 ἂν
341 4697 452 4769 χρὴ
481 4693 876 4767 ταράττεσθαι;
909 4693 959 4745 τί
990 4693 1045 4745 δὲ
1078 4693 1370 4766 περίλυπον
1415 4693 1679 4761 γίνεσθαι,
1718 4711 1806 4747 το-

242 4788 442 4842 σούτων
497 4784 961 4859 προσδοκωμένων
1001 4783 1245 4851 ἀγαθῶν;
1293 4786 1413 4837 Ἔτι
1454 4784 1561 4856 γὰρ
1591 4785 1806 4855 μικρὸν

241 4883 388 4936 ὅσον
406 4885 439 4936 ό
462 4880 784 4950 ἐρχόμενος
812 4875 963 4944 ἥξει,
989 4874 1087 4928 καὶ
1111 4877 1182 4928 οὺ
1199 4875 1438 4943 χρονιεῖ.
1481 4879 1570 4931 καὶ
1605 4876 1665 4930 τὸ
1689 4878 1801 4944 φῶς

235 4972 668 5040 ἀποσταλήσεται
695 5010 710 5034 ,
781 4967 875 5021 καὶ
903 4967 936 5037 ὴ
969 4965 1189 5036 ἀλήθεια
1217 4967 1669 5038 παραγενήσεται,
1710 4966 1802 5018 καὶ

237 5064 301 5116 τὰ
333 5058 782 5134 προφητευθὼτα
816 5057 996 5120 τέλους
1023 5055 1298 5120 τεύξεται·
1341 5059 1434 5110 καὶ
1477 5057 1626 5121 τέλος
1668 5075 1804 5111 παν-

236 5152 322 5216 τὸς
359 5152 524 5220 λόγου
552 5149 613 5203 τὸ
653 5149 915 5220 σωτήριόν
963 5149 1077 5200 ἐστι
1113 5146 1205 5200 τοῦ
1238 5147 1549 5220 προσώπου,
1585 5149 1745 5212 αὐτὸς
1775 5152 1803 5203 6

236 5239 366 5301 Θεός
405 5255 527 5308 μου.
585 5236 835 5291 Ἐπειδὰν
878 5235 986 5306 γὰρ
1014 5235 1349 5301 καταξιωθῶ,
1398 5238 1680 5309 παραστὰς
1727 5239 1802 5310 τῷ

171 5362 174 5364 ~
237 5327 375 5399 Θεῷ,
411 5329 700 5400 πρόσωπον
735 5327 872 5399 πρὸς
901 5326 1186 5400 πρόσωπον
1211 5327 1540 5382 ἐποπτεῦσαι
1585 5329 1644 5381 τὸ
1695 5346 1799 5382 σω-

237 5425 454 5494 τήριον,
488 5423 614 5494 περὶ
643 5413 893 5485 οὗ¹πολὺς
930 5423 959 5474 6
989 5420 1146 5488 λόγος
1169 5420 1258 5473 διὰ
1296 5421 1484 5474 πασῶν
1513 5421 1620 5476 τῶν
1659 5422 1798 5494 Γρα-

239 5515 386 5591 φῶψ
441 5513 558 5566 τότε
609 5513 671 5584 δὴ
721 5512 868 5583 αὐτῷ
925 5512 1384 5585 ὲξομολογὴσομαι
1439 5513 1514 5577 ὡς
1567 5512 1634 5567 ἂν
1679 5513 1797 5586 Θεῷ

359 5634 407 5664 ⁸⁸
462 5632 602 5687 Psal.
661 5648 779 5697 xu,
844 5634 896 5690 5.

1005 5636 1047 5667 "
1089 5636 1244 5693 Joan.
1299 5655 1349 5706 ι,
1410 5641 1463 5694 9.

240 5703 286 5736 "
319 5703 478 5760 Hebr.
512 5717 572 5767 ι,
597 5703 684 5757 57.
1144 5722 1149 5728 ·

1575 5635 1810 5696 "Joan.
1878 5653 2006 5704 xtv,
2082 5639 2136 5696 6.

1919 3210 2036 3280 ipse
2068 3226 2134 3265 ex
2165 3227 2395 3280 persona
2437 3229 2536 3268 sua
2570 3213 2727 3269 docet
2754 3216 2840 3272 his
2866 3219 3047 3276 verbis
3077 3240 3088 3275 :
3116 3221 3225 3292 Ego
3261 3242 3376 3278 sum
3401 3225 3484 3279 tua

1916 3313 1965 3357 et
1993 3304 2181 3356 veritas
2204 3312 2253 3357 et
2284 3303 2391 3357 vita
2408 3306 2474 3360 ⁸³.
2507 3306 2682 3370 Quare
2711 3309 2880 3363 tristis
2922 3327 2998 3374 es,
3053 3315 3232 3368 anima
3272 3334 3404 3384 mea,
3440 3330 3485 3372 et

1917 3412 2076 3467 quare
2104 3396 2387 3450 conturbas
2419 3402 2539 3455 me?
2570 3399 2735 3470 Spera
2774 3405 2827 3457 in
2858 3405 2967 3460 Deo
2994 3411 3241 3479 quoniam
3268 3412 3483 3481 con/ite-

1916 3492 2009 3546 bor
2038 3489 2144 3555 iiii,
2170 3492 2404 3546 salutare
2436 3494 2608 3548 vultus
2647 3498 2748 3550 mei
2769 3507 2817 3551 et
2860 3497 3002 3553 Deus
3042 3517 3205 3556 meus.
3243 3500 3482 3572 Symma-

1915 3581 2053 3638 cbus
2095 3599 2248 3647 vero,
2279 3585 2458 3651 Quare
2489 3587 2671 3657 effluis,
2703 3590 2881 3642 anima
2923 3607 3058 3656 mea,
3090 3601 3140 3646 et
3169 3609 3328 3662 quare
3357 3611 3481 3648 cou-

1917 3675 2096 3730 turbas
2124 3681 2246 3733 me?
2279 3677 2540 3748 Exspecta
2570 3679 2759 3746 Deum,
2804 3699 3002 3751 semper
3033 3687 3170 3738 enim
3199 3687 3482 3756 conﬁtebor

1912 3767 1981 3831 ei,
2013 3766 2176 3834 saluti
2221 3768 2392 3822 vultus
2426 3770 2526 3823 mei
2553 3782 2603 3824 et
2632 3769 2742 3824 Deo
2787 3788 2917 3826 meo.
2968 3772 3250 3844 Exspecta,
3282 3777 3480 3847 inquit,

1913 3869 1973 3914 ut
2034 3867 2089 3916 et
2139 3863 2259 3932 ipsa
2317 3863 2610 3932 aliquando
2651 3863 2834 3920 dicere
2865 3866 3046 3923 valeas
3087 3883 3100 3920 :
3159 3867 3479 3938 Exspectans

1911 3957 2209 4024 exspectavi
2240 3954 2548 4019 Dominum,
2579 3967 2628 4011 et
2677 3957 2897 4011 intendit
2942 3959 3072 4012 milii
3093 3960 3157 4013 ³³.
3193 3958 3298 4015 Sed
3324 3977 3479 4032 spera

1912 4046 1970 4101 in
2000 4045 2129 4115 Deo,
2163 4063 2288 4102 nam
2328 4063 2441 4116 spes
2482 4065 2584 4102 non
2616 4049 2890 4119 confundit
2915 4050 2982 4106 “.
3010 4050 3150 4118 Quid
3193 4054 3478 4110 conturba-

1910 4139 2058 4194 tione
2081 4140 2257 4210 opus?
2281 4156 2402 4210 quae
2431 4141 2664 4196 tristitia:
2695 4157 2881 4208 causa,
2912 4157 3034 4196 cum
3063 4151 3142 4197 tot
3169 4153 3460 4214 exspecten

1911 4237 2002 4284 tur
2032 4231 2220 4285 bona?
2268 4230 2403 4284 Nam
2447 4231 2618 4286 adhuc
2669 4234 2929 4288 modicum
2984 4236 3394 4306 aliquantulum,
3429 4247 3477 4291 et

1910 4320 2000 4390 qui
2045 4331 2291 4374 venturus
2344 4328 2421 4373 est
2453 4321 2636 4384 veniet,
2684 4332 2734 4375 et
2783 4339 2885 4377 non
2923 4322 3155 4376 tardabit
3187 4325 3253 4388 ³⁸,
3300 4333 3354 4378 et
3385 4325 3474 4380 lux

1913 4411 2176 4474 mittetur,
2215 4411 2420 4466 veritas
2443 4412 2713 4476 adveniet,
2741 4424 2792 4466 et
2817 4429 2938 4482 quae
2961 4415 3320 4483 praenuntiata
3347 4426 3473 4472 sunt

1901 4498 2070 4553 ﬁnem
2117 4500 2414 4554 habebunt.
2452 4500 2602 4555 Finis
2650 4515 2812 4570 porro
2853 4504 3032 4555 omnis
3080 4504 3346 4559 sermonis
3390 4515 3473 4560 est

1907 4592 2144 4646 salutare
2173 4592 2376 4654 vultus,
2410 4592 2525 4667 ipse
2555 4591 2697 4646 Deus
2729 4607 2901 4646 meus.
2925 4591 3062 4645 Cum
3091 4593 3234 4646 enim
3276 4595 3474 4666 dignus

1907 4684 2126 4739 habitus
2153 4698 2249 4738 ero
2271 4683 2366 4753 qui
2407 4699 2591 4737 coram
2638 4683 2747 4737 Deo
2781 4683 2919 4738 facie
2960 4684 3026 4738 ad
3058 4683 3252 4739 faciem
3292 4689 3471 4743 consi-

1907 4786 2070 4840 stam,
2103 4793 2166 4832 ac
2188 4777 2397 4832 videam
2430 4778 2667 4831 salutare
2716 4776 2871 4841 illud,
2933 4776 3000 4831 de
3042 4793 3150 4847 quo
3202 4781 3372 4833 multa
3417 4783 3471 4836 in

1905 4871 2160 4926 omnibus
2190 4869 2489 4940 Scripturis
2516 4869 2999 4936 circumferuntur,
3032 4879 3162 4951 tunc
3202 4872 3304 4942 ipsi
3339 4889 3472 4928 con-

1905 4960 2099 5016 ﬁtebor
2147 4969 2207 5016 ut
2241 4961 2352 5016 Deo
2387 4976 2509 5016 meo
2562 4969 2616 5016 et
2665 4961 2886 5015 salutari
2921 4977 3062 5016 meo.
3109 4961 3340 5019 Pulchre
3374 4981 3470 5017 au-

1902 5062 2014 5109 tem
2057 5054 2277 5110 veritati
2305 5054 2490 5107 lumen
2533 5052 2782 5121 adjunxit
2814 5069 2975 5106 :nam
3022 5055 3168 5123 quod
3199 5056 3290 5109 lux
3339 5071 3467 5110 sen-

1905 5162 2024 5201 sum
2054 5162 2276 5202 movens
2317 5131 2497 5200 oculis.
2536 5144 2816 5214 corporeis
2854 5153 2955 5210 est,
2997 5146 3232 5216 idipsum
3265 5146 3465 5200 veritas

1903 5249 1986 5294 est
2019 5240 2212 5293 anima:
2251 5237 2446 5302 oculis,
2490 5247 2741 5292 naturam
2777 5253 2957 5292 rerum
3005 5238 3459 5309 inspectantibus.

1905 5347 2082 5400 neque
2112 5331 2254 5384 ultra
2281 5329 2542 5400 deceptis,
2586 5329 2680 5384 sed
2719 5345 2819 5399 per
2849 5345 3028 5382 rerum
3062 5330 3459 5400 perceptionem

1904 5423 2221 5486 illustratis,
2275 5429 2328 5476 et
2378 5421 2620 5476 veritatis
2690 5421 2937 5475 notitiam
3014 5417 3457 5488 percipientibus.

1901 5512 2082 5585 Ipsum
2118 5514 2300 5584 itaque
2327 5513 2550 5568 verbum
2575 5513 2710 5568 lucis
2735 5511 3035 5583 spiritualis
3061 5510 3192 5573 vim,
3222 5522 3330 5577 qua
3367 5523 3456 5564 vo-

2241 5639 2285 5671 ⁸³
2338 5635 2481 5694 Psal.
2543 5649 2740 5700 xxxix,
2803 5634 2852 5690 1.
2965 5631 3009 5662 ⁸⁸
3047 5627 3206 5684 Rom.
3264 5645 3334 5694 v,
3398 5627 3455 5685 5.
