4024 6202
519 247 649 308 ’583
1325 256 1591 314 EUSEBII
1628 257 2103 318 CAESARIENSIS
2139 259 2286 318 ()PP.
2318 262 2496 320 PARS
2534 263 2622 320 Ill.
2654 297 2725 307 —
2758 265 3164 324 EXEGETICA.
3657 271 3769 326 381

537 372 674 427 ritas
695 373 1025 441 declaratur,
1055 375 1445 446 interpretatus
1469 386 1570 431 est.
1603 376 1734 435 Jure
1769 380 1951 451 itaque
1977 382 2080 438 Sal

2205 401 2305 454 μου
2334 385 2428 438 καὶ
2460 385 2669 456 Σωτῆρί
2706 404 2805 458 μου
2827 406 2838 417 ·
2876 387 3054 453 καλῶς
3100 389 3155 442 δὲ
3199 388 3401 459 συνῆψε
3430 387 3490 441 τὸ
3538 387 3653 458 φῶς
3699 389 3768 460 τῇ

534 468 691 514 vator
736 461 848 515 haec
875 461 1160 532 discipulis
1203 463 1320 520 suis
1361 464 1588 520 tradens
1631 466 1708 520 ita
1742 467 1948 532 docuit,
1986 468 2080 539 Egi

2205 476 2430 549 ἀληθείᾳ
2450 494 2463 507 ο
2528 479 2664 549 ὅπερ
2690 478 2798 550 γὰρ
2822 479 2936 548 φῶς
2965 479 3219 552 αίσθητὸν
3255 480 3547 551 ὀφθαλμοῖς
3581 479 3773 551 σώμα-

531 567 648 604 sum
677 549 792 615 lux,
831 559 880 604 et
917 553 1110 607 veritas
1147 561 1198 607 et
1225 555 1332 609 vita
1352 555 1419 608 ".
1460 553 1766 626 Unicuique
1798 573 1962 628 porro
1994 574 2080 614 cve-

2203 585 2313 634 τος,
2344 571 2502 624 τοῦτο
2532 572 2752 644 ἀλήθεια
2768 549 2886 638 τοῖς
2916 575 3014 647 τῆς
3047 549 3225 647 ψυχῆς
3260 549 3552 647 ὀφθαλμοῖς
3584 549 3775 630 ὲνατε-

532 647 768 696 terarum
813 644 1111 699 editionum
1148 645 1294 701 hunc
1355 657 1758 719 consequenter
1790 651 2001 720 aptabis
2037 652 2080 706 ﬁ-

2204 662 2407 725 νίζουσι
2431 667 2494 735 τῇ
2529 664 2684 733 φύσει
2716 667 2824 722 τῶν
2864 644 3223 740 πραγμάτων,
3264 670 3355 721 καὶ
3390 644 3582 738 μηκέτι
3624 671 3777 723 ἀπα-

529 751 674 800 nem,
717 737 832 793 sive
860 754 1048 794 eorum
1083 741 1254 810 quiin
1285 741 1564 812 Babylone
1595 742 1668 796 ita
1709 744 2080 813 loquebantur

2202 753 2485 823 τωμένοις,
2531 756 2597 810 δι’
2627 758 2796 830 αὐτῆς
2839 737 3029 830 δὲντῆς
3060 759 3167 814 τῶν
3205 737 3776 832 δντωνγκαταλήψεως

529 828 644 883 sive
675 832 911 899 gentium
936 849 1055 902 quae
1090 833 1330 888 nondum
1361 835 1679 889 credebant.

2205 844 2608 916 φωτιζομένοις,
2643 828 3103 922 καὶήγνῶσιν-τῆς
3149 851 3403 922 ἀληθείας
3450 828 3774 923 ἀναλαμϐά-

526 939 728 977 νουσιν.
763 925 1102 996 Ἥρμήνευσε
1122 927 1301 980 τοίνυν
1335 928 1497 991 αὐτὸς
1524 931 1553 982 6
1582 928 1735 997 λόγος
1757 929 1851 982 τοῦ
1901 932 2093 1004 νοητοῦ
2132 936 2307 1004 φωτὸς
2369 939 2466 1010 τὴν
2493 941 2788 1012 ἐνέργειαν,
2846 943 3100 1017 ἀληθείας
3135 940 3294 998 οῦσαν
3329 951 3769 1020 παραστατικήν.

526 1017 764 1081 Εἰκότως
799 1016 890 1073 οὖν
921 1023 948 1074 6
980 1022 1170 1092 Σωτὴρ
1205 1022 1378 1076 ταῦτα
1421 1024 1746 1094 παραδιδοὺς
1807 1029 1919 1089 τοῖς
1963 1028 2125 1082 αὑτοῦ
2169 1031 2434 1103 μαθηταῖς
2495 1036 2736 1091 ἐδίδασκε
2761 1016 2962 1107 λέγων’
3006 1038 3146 1108 Ἐγώ
3171 1041 3287 1107 είμι
3326 1016 3544 1108 τὸγφῶς
3590 1016 3772 1110 καί-ἠ

524 1107 774 1173 ἀλήθεια
827 1111 926 1163 καὶ
974 1113 1012 1179 ὴ
1050 1111 1181 1180 ζωή.
1248 1114 1358 1168 Καὶ
1405 1115 1606 1187 ἑκάστῃ
1649 1116 1706 1167 δὲ
1743 1115 1851 1170 τῶν
1885 1117 2083 1172 λοιπῶν
2147 1122 2409 1178 ὲκδόσεων
2437 1127 2694 1198 ἁρμόσεις
2743 1129 3047 1194 ἀκολούθως
3075 1107 3138 1183 τὸ
3170 1130 3340 1195 τέλος,
3382 1107 3487 1184 εῖτε
3543 1137 3656 1198 τοῖς
3709 1107 3773 1189 ὲν

524 1204 802 1258 Βαϐυλῶνι
844 1206 1017 1259 ταῦτα
1061 1207 1340 1274 λέγουσιν,
1382 1209 1490 1263 εἴτε
1517 1214 1630 1275 τοῖς
1660 1211 1718 1276 ἐξ
1755 1211 1922 1266 ἐθνῶν
1963 1216 2128 1286 μήπω
2159 1224 2591 1278 πεπιστευκόσιν.

596 1318 650 1374 1.
706 1317 768 1371 IN
825 1318 1283 1386 FINEM,FILIIS
1333 1321 1514 1377 CORE
1567 1325 1658 1378 AD
1705 1325 2025 1382 INTELLE-

1107 1390 1296 1446 CTUM
1336 1393 1520 1448 XLIII.

591 1477 864 1550 Propositi
923 1498 1204 1539 sermones
1258 1501 1434 1556 neque
1489 1487 1760 1556 psalmum
1820 1487 1874 1542 in
1933 1489 2093 1544 titulo

520 1571 850 1643 przeferunt,
885 1591 1060 1646 neque
1095 1577 1400 1644 canticum,
1452 1595 1626 1650 neque
1666 1580 1923 1652 hymnum
1946 1623 1961 1644 ,
1998 1599 2094 1638 ne-

521 1678 628 1732 que
677 1663 807 1732 quid
860 1665 1065 1734 simile,
1113 1668 1241 1738 quia
1294 1671 1564 1724 sententia
1609 1672 1898 1726 verborum
1952 1673 2090 1728 nihil

2200 1336 2308 1392 ΕΙΣ
2359 1340 2445 1392 ΤΟ
2483 1341 2898 1464 TEAOE,Tg}§
2935 1342 3345 1484 (I;l)0;fr'KOPE
3395 1343 3500 1396 ΕῘΣ
3547 1345 3769 1398 ΣΥΝΕ-

2281 1501 2418 1554 Ἀλλ’
2443 1501 2563 1556 οὐδὲ
2595 1503 2645 1556 oi
2683 1504 3027 1575 προκείμενοι
3068 1505 3216 1573 λόγοι
3251 1505 3461 1576 ψαλμὸν
3489 1506 3628 1559 κατὰ
3658 1507 3766 1575 τὴν

2200 1594 2522 1664 προγραφὴν
2545 1596 2906 1666 περιέχουσιν,
2937 1597 3056 1650 οὐδὲ
3079 1597 3239 1668 ᾠδὴν,
3272 1598 3390 1652 οὐδὲ
3423 1597 3609 1669 ῦμνον,
3637 1599 3764 1652 ούδέ

2197 1700 2248 1736 τι
2281 1683 2388 1737 τῶν
2426 1685 2680 1739 τοιούτων
2701 1704 2714 1718 ο
2747 1688 2868 1740 ὲπεί
2903 1688 3036 1760 μηδὲ
3071 1688 3140 1742 τὰ
3161 1689 3259 1760 τῆς
3285 1689 3518 1753 διανοίας
3557 1690 3664 1744 τῶν
3701 1693 3763 1744 ὲν

520 1769 708 1809 eorum
753 1759 1012 1829 respicit,
1060 1759 1155 1816 sed
1200 1761 1627 1832 supplicationes
1655 1775 1784 1820 sunt
1813 1765 2080 1836 prioribus

2193 1774 2372 1837 αὐτοῖς
2414 1775 2722 1846 φερομένων
2762 1759 3018 1849 τοιαύτης
3060 1759 3242 1849 ἔχεται
3281 1779 3538 1851 θεωρίας-
3569 1782 3759 1854 ίκετη-

521 1847 763 1913 similes,
797 1865 859 1904 ac
888 1850 1134 1920 ejusdem
1167 1855 1474 1924 argumenti
1501 1874 1514 1922 ;
1549 1857 1805 1912 nimirum
1835 1858 1904 1914 de
1929 1859 2088 1913 ruina

517 1937 730 1995 Judaici
765 1941 1000 2012 'populi,
1035 1960 1102 2000 ex
1154 1947 1543 2018 prophetarum
1591 1964 1828 2020 persona
1880 1966 1910 2004 a
1961 1951 2088 2007 ﬁliis

517 2030 658 2088 Core
705 2035 950 2104 prolatae.
997 2036 1059 2092 ln
1105 2039 1360 2108 praesenti
1402 2055 1564 2110 porro
1597 2043 1838 2112 apertius
1870 2050 2090 2098 senten-

518 2124 652 2178 tiam
699 2127 1008 2193 declarant,
1053 2145 1161 2200 qua
1207 2133 1262 2186 in
1302 2135 1680 2204 superioribus
1720 2150 1841 2190 sese
1869 2133 2088 2192 ﬂetibus

518 2215 804 2274 dederant.
841 2219 1140 2278 IErumnas
1171 2223 1353 2294 itaque
1397 2227 1600 2296 populo
1640 2226 1915 2283 immissas
1957 2243 2086 2282 nar-

518 2317 667 2363 rant.
711 2307 893 2376 Quare
919 2327 1022 2366 nos
1049 2312 1116 2366 ad
1155 2314 1488 2370 intellectum
1529 2317 1806 2384 excitant,
1842 2325 2005 2393 atque
2033 2320 2088 2375 in

519 2403 676 2459 titulo
721 2418 822 2457 nos
869 2403 937 2458 ad
981 2403 1141 2460 ﬁnem
1184 2406 1506 2475 remittunt,
1551 2408 1680 2478 quia
1721 2410 1836 2465 ha’c
1879 2410 1933 2465 in
1982 2414 2088 2468 line

516 2502 814 2558 eventura,
845 2494 972 2551 licet
1000 2505 1058 2552 ut
1082 2496 1196 2567 jam
1232 2497 1450 2570 impleta
1483 2499 1575 2555 ﬁlii
1605 2500 1744 2558 Core
1777 2503 2090 2573 prophetice

515 2588 966 2644 vaticinarentur.
1036 2589 1096 2646 In
1147 2593 1527 2662 superioribus
1582 2594 1766 2665 itaque
1817 2596 2078 2668 lacryma-

515 2679 734 2750 bantur,
786 2684 1139 2756 doloremque
1191 2703 1352 2742 suum
1401 2687 1512 2744 Deo
1556 2689 1987 2759 renuntiabant;
2027 2690 2083 2746 in

515 2775 768 2844 praesenti
799 2793 928 2833 vero
953 2779 1102 2850 ipsas
1129 2780 1474 2835 calamitates
1500 2788 1783 2835 enarrant.

2193 1865 2306 1936 ρίαι
2342 1866 2399 1920 δέ
2431 1869 2568 1920 είσιν
2611 1868 2791 1939 ὅμοιαι
2835 1873 2954 1934 ταῖς
2999 1870 3340 1944 ἔμπροσθεν,
3370 1874 3463 1927 καὶ
3504 1875 3758 1946 περὶτῆς

2191 1957 2360 2028 αὐτῆς
2413 1957 2745 2023 ὑποθέσεως
2789 1960 2932 2030 λέγω
2986 1961 3042 2014 δὲ
3075 1963 3202 2033 περὶ
3246 1963 3346 2032 τῆς
3388 1963 3756 2028 ἁποπτὼσεως

2189 2047 2284 2101 τοῦ
2323 2049 2588 2103 Ἰουδαίων
2626 2049 2809 2115 ἔθνους
2863 2053 2926 2105 ὲκ
2970 2052 3260 2124 προσώπου
3303 2053 3410 2108 τῶν
3463 2057 3754 2127 προφητῶν

2191 2141 2718 2214 προσπεφωνημέναι
2758 2143 2846 2198 διὰ
2891 2143 3000 2198 τῶν
3033 2146 3163 2198 υἱῶν
3210 2146 3374 2217 Κορέ.
3430 2148 3753 2218 Διασαφοῦσι

2188 2230 2234 2284 δ’
2282 2233 2372 2286 ἐπὶ
2430 2233 2524 2287 τοῦ
2578 2235 2842 2306 παρόντος
2891 2235 3207 2308 λευκότερον
3267 2238 3608 2306 ἐκφαίνοντες
3647 2239 3753 2310 τὴν

2187 2324 2457 2390 διάνοιαν,
2502 2327 2568 2381 δι’
2613 2329 2680 2400 ἢν
2716 2329 2773 2382 ὲν
2807 2331 2920 2392 τοῖς
2972 2328 3274 2401 ἔμπροσθεν
3321 2331 3740 2386 ἀπεκλαύσαντο.

2188 2415 2561 2488 Διεξέρχονται
2599 2419 2729 2488 γοῦν
2776 2420 2844 2473 τὰ
2894 2419 3276 2492 συμϐεϐηκότα
3313 2421 3456 2493 πάθη
3505 2421 3580 2493 τῷ
3610 2421 3748 2493 λαῷ.

2191 2494 2351 2563 ’Ὅθεν
2382 2510 2736 2584 διεγείρουσιν
2759 2514 2906 2584 ἡμᾶς
2929 2515 3010 2577 είς
3039 2513 3270 2578 σύνεσιν,
3303 2514 3395 2568 καὶ
3421 2515 3499 2578 εἰς
3524 2515 3583 2568 τὸ
3603 2513 3752 2578 τέλος

2188 2600 2569 2673 ἁναπέμπουσι
2603 2602 2691 2656 διὰ
2718 2603 2825 2674 τῆς
2845 2605 3186 2676 προγραφῆς,
3221 2603 3310 2657 διὰ
3336 2603 3396 2656 τδ
3427 2603 3640 2674 μέλλειν
3660 2605 3753 2656 ἐπὶ

2187 2690 2330 2746 τέλει
2369 2692 2543 2748 ταῦτα
2573 2693 2909 2766 συμϐαίνειν,
2935 2698 2983 2750 εί
3011 2698 3104 2750 καὶ
3134 2695 3209 2760 ὡς
3238 2697 3337 2768 ἤδη
3373 2695 3753 2768 συμϐεϐηκότα

2190 2783 2330 2838 αὐτὰ
2356 2786 2404 2837 οἱ
2444 2784 2550 2838 υίοὶ
2590 2785 2736 2857 Κορὲ
2783 2786 3132 2860 προφητικῶς
3164 2787 3460 2852 ἐθέσπιζον.
3513 2787 3612 2840 Διὰ
3656 2787 3753 2856 μὲν

513 2865 606 2924 οῦν
637 2871 745 2925 τῶν
781 2872 1091 2945 ἔμπροσθεν
1130 2874 1575 2940 ἁπεκλαύσαντο,
1606 2876 1701 2929 καὶ
1756 2875 1856 2939 τὰς
1911 2877 2119 2934 ἑαυτῶν
2156 2879 2478 2952 ἐξήγγειλαν
2513 2881 2591 2953 τῷ
2622 2881 2740 2954 Θεῷ
2762 2881 2933 2948 λύπας
2973 2900 2988 2914 ο
3038 2887 3094 2937 ὲν
3123 2884 3179 2937 δὲ
3220 2886 3332 2948 τοῖς
3375 2882 3753 2956 προκειμένοις

513 2964 610 3017 καὶ⁵
634 2963 772 3017 αὐτὰ
799 2965 867 3017 τὰ
898 2964 1044 3038 πάθη
1073 2965 1405 3038 ἐξέρχονται.

529 3059 531 3063 “
587 3057 756 3114 Vens.
794 3059 912 3114 2-9.
949 3058 1114 3126 Deus,
1147 3060 1367 3116 auribus
1397 3065 1593 3120 nostris
1623 3065 1943 3135 audivimus,
1977 3074 2085 3124 etc.
2113 3075 2158 3135 (ι

514 3151 622 3207 Pro
649 3153 772 3215 illo.
807 3153 912 3220 Qui
943 3153 1166 3208 mandas
1198 3154 1394 3210 salutes
1432 3155 1601 3211 Iacob
1628 3198 1643 3224 ,
1678 3155 2046 3230 Symmachus
2067 3199 2083 3226 ,

516 3244 598 3300 Tu
640 3262 694 3300 es
732 3260 826 3300 rex
864 3261 1008 3314 meus
1029 3288 1043 3311 ,
1077 3243 1248 3313 Deus,
1285 3246 1479 3302 manda
1509 3247 1572 3303 de
1597 3247 1770 3304 salute
1795 3247 1984 3304 Iacob.
2019 3249 2085 3305 In

515 3349 567 3393 te
595 3337 834 3392 inimicos
875 3349 1082 3393 nos-tros
1125 3339 1489 3395 ventilabimus
1530 3357 1712 3396 cornu.
1763 3340 1868 3408 Qui
1903 3342 1959 3396 in
1988 3359 2086 3413 po-

511 3433 640 3504 pulo
671 3433 837 3503 probe
867 3448 925 3490 se
954 3441 1150 3504 gerunt
1170 3474 1185 3495 .
1217 3441 1270 3490 et
1297 3433 1390 3505 qui
1440 3433 1586 3506 apud
1622 3435 1801 3504 ipsum
1845 3436 2082 3507 prophe-

512 3535 609 3591 tas,
641 3527 756 3583 haec
783 3527 1022 3583 dixerint
1043 3567 1058 3592 ,
1099 3527 1423 3584 conﬁtentes
1457 3543 1567 3583 non
1599 3529 1820 3599 propria
1845 3529 2080 3598 virtute,

509 3635 623 3674 non
652 3635 812 3685 arcu,
841 3636 950 3676 non
974 3620 1154 3692 gladio
1185 3621 1416 3676 salutem
1449 3621 1550 3677 sibi
1580 3620 1761 3691 parari
1791 3661 1806 3685 ,
1845 3621 1941 3676 sed
1970 3622 2083 3676 vir-

510 3715 626 3762 tute
671 3722 840 3763 cornu
869 3709 974 3764 sui.
1028 3709 1248 3763 Cornua
1293 3724 1460 3780 porro
1510 3707 1754 3765 Danielis
1795 3709 2080 3782 Scriptura

509 3813 678 3868 regna
722 3808 920 3854 vocat:
971 3808 1294 3854 sanctorum
1341 3817 1471 3856 vero
1516 3816 1688 3856 cornu
1716 3801 1924 3857 dicitur
1962 3803 2080 3874 ipse

510 3888 814 3956 Dominus;
846 3905 1018 3959 quare
1048 3890 1153 3944 ait:
1189 3889 1255 3944 In
1284 3899 1330 3944 te
1359 3892 1597 3946 inimicos
1625 3901 1830 3948 nostros
1859 3895 2081 3948 ventila-

511 3979 684 4033 bimus
718 3996 920 4044 cornu;
953 3981 1080 4036 alibi
1113 3997 1331 4052 quoque
1360 3981 1561 4037 dicitur
1584 3983 1887 4040 :Protector
1922 4003 2066 4041 meus

509 4082 560 4128 et
590 4088 750 4125 cornu
779 4073 972 4127 salutis
1001 4090 1128 4128 mete
1162 4074 1228 4128 ⁵⁷.
1274 4071 1443 4145 lgitur
1486 4074 1604 4144 ipse
1635 4091 1810 4131 cornu
1855 4085 1974 4132 est:
2013 4092 2080 4132 ac

510 4178 726 4236 qureras
767 4165 929 4219 velim
973 4179 1084 4235 quo
1130 4174 1290 4235 pacto
1333 4166 1440 4221 alio
1485 4166 1696 4222 inloco
1723 4167 1931 4222 dictum
1971 4168 2075 4234 sit,

508 4255 784 4327 Confessio
817 4259 930 4328 ejus
967 4273 1122 4327 super
1163 4257 1347 4312 calum
1387 4267 1436 4313 et
1475 4267 1670 4314 terram
1697 4299 1712 4325 ,
1743 4268 1792 4314 et
1821 4259 2076 4315 exaltabit

506 4366 671 4406 cornu
702 4351 880 4419 populi
911 4350 997 4404 sui
1027 4349 1094 4416 ⁸⁸,
1127 4349 1286 4420 quasi
1319 4350 1458 4406 alius
1489 4351 1560 4406 sit
1590 4352 1683 4422 qui
1712 4359 2071 4406 memoratum

2272 3063 2326 3117 '0
2351 3062 2514 3130 Θεὸς,
2545 3061 2668 3129 τοῖς
2688 3061 2840 3118 ὠσὶν
2861 3061 3028 3133 ἡμῶν
3055 3063 3415 3132 ἠκούσαμεν.
3454 3065 3599 3118 Ἀντὶ
3628 3067 3749 3121 τοῦ·

2201 3156 2256 3212 '0
2286 3155 2716 3226 ἐντελλόμενος
2757 3153 2866 3220 τὰς
2902 3155 3198 3223 σωτηρίας
3233 3153 3446 3220 Ἰακὼϐ,
3477 3157 3507 3209 6
3528 3156 3753 3228 Σύμμαρ

2185 3264 2306 3320 χος·
2354 3247 2436 3301 Σὺ
2482 3241 2540 3300 εἷ
2579 3248 2611 3300 ό
2661 3245 2965 3310 βασιλεύς
3009 3261 3155 3314 μουο
3213 3247 3246 3298 ό
3291 3244 3455 3310 Θεὸς,
3489 3246 3750 3302 Eri-alas

2183 3340 2313 3409 περὶ
2345 3337 2456 3408 τῆς
2486 3338 2782 3407 σωτηρίας
2817 3335 3029 3392 Ἰακώϐ.
3066 3337 3168 3390 Ἐν
3189 3336 3288 3390 σοι
3322 3337 3464 3404 τοὺς
3498 3339 3750 3410 ἐχθροὺς

2182 3429 2350 3501 ἡμῶν
2379 3429 2781 3500 κερατιοῦμεν.
2806 3430 2868 3482 Ol
2893 3429 2989 3500 μὲν
3011 3429 3068 3481 ὲν
3095 3426 3171 3498 τῷ
3195 3427 3308 3500 λαῷ
3335 3431 3745 3501 κατορθοῦντες,

2181 3523 2236 3576 οῖ
2275 3539 2336 3575 τε
2380 3523 2437 3575 ὲν
2473 3520 2622 3592 αύτῷ
2670 3519 2966 3592 προφῆται,
2999 3517 3172 3571 ταῦτα
3202 3516 3267 3570 ἂν
3311 3518 3514 3573 εἴποιεν
3554 3521 3748 3591 ὁμολο-

2181 3615 2401 3685 γοῦντες
2431 3614 2504 3686 μὴ
2535 3613 2712 3685 οἰκεία
2751 3613 2996 3684 δυνάμει,
3033 3612 3164 3684 μηδὲ
3203 3613 3340 3682 τόξῳ
3372 3613 3464 3666 καὶ
3505 3613 3747 3686 ῥομφαίᾳ⁵

2181 3709 2390 3771 ἑαυτοῖς
2424 3705 2492 3760 τὰ
2517 3705 2785 3778 σωτηρίας
2812 3704 3242 3776 οπεριποιεῖσθαι,
3279 3707 3343 3774 τῇ
3368 3703 3423 3756 δὲ
3450 3705 3543 3758 τοῦ
3569 3705 3745 3775 κέρως

2179 3799 2354 3852 αύτῶν
2378 3799 2620 3869 δυνάμει.
2660 3797 2880 3868 Κέρατα
2905 3796 2959 3849 δὲ
2991 3797 3024 3866 ἡ
3060 3795 3154 3848 τοῦ
3189 3795 3383 3866 Δανιὴλ
3415 3796 3602 3867 Γραφὴ
3643 3796 3743 3860 τὰς

2181 3891 2448 3962 βασιλείας
2486 3889 2769 3961 ὀνομάζει*
2816 3888 2925 3942 τῶν
2973 3889 3030 3943 δὲ
3069 3889 3239 3958 ἁγίων
3287 3889 3451 3960 κέρας
3499 3888 3740 3942 λέλεκται

2178 3985 2336 4047 αὐτὸς
2362 3985 2390 4035 6
2429 3983 2630 4055 Κύριος
2655 3999 2667 4013 ·
2701 3982 2782 4035 διό
2813 3999 2944 4052 φησι
2966 3999 2978 4011 ·
3023 3982 3126 4035 Ἐν
3161 3980 3261 4034 σοι
3308 3981 3451 4047 τοὺς
3491 3981 3739 4050 ἐχθροὺς

2176 4075 2344 4144 ἡμῶν
2364 4075 2762 4145 κερατιοῦμεν.
2799 4075 2907 4127 Καὶ
2933 4073 2990 4128 ὲν
3011 4067 3468 4138 ἑτέροιςλέλεκται
3487 4090 3500 4106 ’
3545 4075 3736 4142 ’Υπερε

2175 4167 2479 4236 ασπιστής
2547 4185 2666 4237 μου
2732 4165 2830 4220 καί
2905 4165 3082 4234 κέρας
3137 4166 3431 4233 σωτηρίας
3496 4183 3614 4236 μου
3661 4165 3731 4220 ετ.

2175 4260 2364 4314 Τοίνυν
2416 4259 2576 4323 αὐτός
2633 4258 2832 4312 ὲστιτδ
2875 4258 3073 4328 κέρας·
3106 4257 3258 4328 ζήτει
3305 4260 3452 4322 ὅπως
3491 4258 3736 4312 λέλεκται

2174 4350 2433 4422 ἀλλαχοῦο
2495 4351 2558 4406 Ἠ
2609 4350 3042 4420 ἐξομολόγησις
3097 4348 3282 4401 αὑτοῦ
3331 4347 3429 4402 ἐπὶ
3465 4347 3574 4419 γῆς
3635 4350 3732 4403 καὶ

505 4460 678 4499 cornu
711 4444 892 4516 erigit.
937 4443 1359 4510 Animadverte,
1391 4460 1596 4514 quaeso,
1641 4459 1770 4498 num
1805 4443 1900 4498 Dei
1930 4444 2067 4500 Ver-

2182 4441 2458 4511 οὺρανοῦ,
2515 4443 2613 4497 καὶ
2664 4441 2896 4511 ὑψώσει
2947 4440 3126 4508 κέρας
3190 4441 3344 4495 λαοῦ
3395 4440 3607 4494 αὐτοῦ·
3659 4442 3735 4504 ὡς

506 4533 667 4595 bum,
704 4532 818 4604 ipse
854 4532 1152 4600 Dominus,
1187 4549 1356 4589 cornu
1390 4535 1573 4606 populi
1617 4535 1912 4606 perspicue
1957 4537 2030 4590 sit
2054 4574 2070 4600 ,

509 4637 574 4676 ac
620 4623 709 4691 qui
752 4623 912 4693 erigit
959 4624 1126 4690 illud,
1172 4621 1332 4678 Pater
1374 4624 1467 4694 qui
1513 4625 1700 4695 genuit
1744 4639 1887 4681 eum.
1933 4621 2072 4690 Quia

507 4713 652 4767 enim
679 4713 970 4768 humiliavit
997 4715 1327 4782 semetipsum
1356 4731 1515 4786 usque
1545 4713 1612 4767 ad
1645 4724 1863 4769 mortem
1882 4757 1896 4781 ,
1930 4731 2072 4768 mor-

509 4813 610 4857 tem
650 4815 820 4857 autem
859 4806 1031 4858 crucis
1052 4847 1067 4871 ,
1103 4806 1217 4859 ideo
1247 4805 1386 4861 Deus
1418 4808 1669 4862 exaltabit
1700 4809 1850 4861 illuni
1883 4808 1949 4872 δ’,
1982 4823 2070 4862 se-

2178 4535 2363 4607 ἑτέρου
2392 4535 2538 4600 ὄντος
2563 4533 2656 4588 τοῦ
2681 4532 2939 4604 ὑψοῦν-ξος
2966 4533 3026 4586 τὸ
3049 4532 3516 4603 προδεδηλωμένον
3545 4533 3727 4604 κέρας.

2179 4628 2319 4700 Ὅρα
2347 4623 2439 4681 οῦν
2461 4628 2509 4680 εί
2537 4627 2610 4699 μὴ
2639 4625 2824 4694 σαφῶς
2843 4627 2869 4678 6
2897 4622 3031 4677 Θεοῦ
3055 4623 3243 4691 Λόγος,
3270 4623 3429 4685 αὐτὸς
3451 4626 3479 4676 6
3509 4623 3725 4693 Κύριος,

2175 4719 2259 4791 εἴη
2291 4717 2355 4772 ἂν
2385 4718 2445 4771 τὸ
2472 4718 2638 4789 κέρας
2670 4716 2764 4769 τοῦ
2789 4715 2938 4780 λαοῦ,
2969 4715 2996 4767 6
3027 4714 3083 4767 δὲ
3117 4713 3264 4783 ὑψῶν
3290 4713 3450 4765 αὑτὸν
3477 4715 3505 4765 6
3539 4719 3727 4786 γεννη-

2176 4829 2276 4874 σας
2302 4809 2461 4864 αὐτὸν
2477 4810 2685 4882 Πατήρ.
2728 4807 2942 4878 Ἐπειδὴ
2961 4805 3068 4878 γὰρ
3094 4805 3494 4860 ἐταπείνωσεν
3514 4805 3730 4859 ἑαυτὸν

507 4894 747 4952 cundum
776 4896 1113 4967 Apostolum.
1145 4897 1203 4951 In
1235 4898 1336 4953 hoc
1367 4899 1547 4969 itaque
1579 4915 1749 4953 cornu
1774 4907 1828 4954 et
1854 4899 1911 4953 in
1940 4913 2070 4968 rege

2182 4902 2342 4970 μέχρι
2373 4900 2650 4966 θανάτου,
2683 4896 2940 4954 θανάτου
2975 4896 3044 4949 δὲ
3081 4893 3366 4962 σταυροῦ,
3397 4893 3492 4948 διὰ
3513 4895 3729 4951 τοῦτοὸ

506 5003 609 5044 suo
637 4988 895 5053 ﬁdentes,
929 4989 1256 5044 conﬁtentur
1286 5007 1344 5046 se
1375 5007 1486 5046 non
1517 5007 1647 5046 arcu
1669 5031 1683 5054 ,
1719 5006 1831 5046 non
1856 4990 2063 5062 gladio,

505 5090 614 5136 non
641 5082 860 5150 propria
885 5082 1087 5136 virtute
1109 5122 1121 5143 .
1146 5083 1238 5137 sed
1267 5084 1410 5154 regis
1437 5084 1519 5138 sui
1551 5083 1796 5154 potentia
1819 5123 1834 5149 ,
1862 5081 1928 5137 de
1957 5082 2066 5136 ini-

505 5170 665 5225 micis
695 5171 980 5224 victoriam
1017 5181 1416 5242 reportaturos.
1461 5173 1668 5230 Deinde
1713 5173 1841 5244 quia
1879 5174 2064 5244 ipsum

504 5263 793 5319 Dominum
831 5278 929 5333 pro
967 5279 1092 5332 rege
1119 5271 1173 5319 et
1201 5279 1369 5318 cornu
1411 5265 1806 5328 obtinuerunt,
1840 5263 1965 5334 jure
2003 5278 2063 5319 se

506 5373 614 5414 non
644 5356 882 5411 inimicis
907 5354 1152 5413 subditos
1178 5355 1322 5424 fore,
1349 5355 1443 5410 sed
1471 5364 1825 5426 superaturos
1849 5355 2058 5410 dicunt.

2175 4992 2316 5058 Θεὸς
2329 4989 2514 5045 αὐτὸν
2529 4991 2899 5057 ὑπερύψωσε,
2920 4990 3056 5042 κατὰ
3071 4989 3157 5040 τὸν
3185 4986 3242 5037 Ἀ
3253 4985 3519 5042 πόστολον.
3547 4983 3730 5054 Τούτῳ

2169 5077 2262 5135 οὖν
2298 5079 2374 5151 τῷ
2421 5079 2610 5152 κέρατι
2647 5078 2853 5132 ἑαυτῶν
2891 5078 2984 5132 καὶ
3021 5075 3098 5147 τῷ
3131 5074 3340 5147 βασιλεῖ
3382 5072 3724 5145 θαρροῦντες,

2169 5172 2491 5246 ὁμολογοῦσι
2537 5172 2609 5242 μὴ
2655 5169 2814 5240 τόξῳ,
2865 5168 2997 5240 μηδὲ
3042 5167 3318 5240 ῥομφαία,
3371 5167 3504 5237 μηδὲ
3555 5163 3726 5232 οἰκείᾳ

2169 5263 2333 5333 ἀρετῇ
2366 5259 2472 5313 τῶν
2501 5257 2708 5332 ἐχθρῶν
2741 5255 3207 5330 περιγενήσεσθαι,
3240 5254 3375 5308 ἀλλὰ
3405 5257 3469 5325 τῇ
3509 5253 3602 5307 τοῦ
3631 5252 3726 5321 βαο

2168 5351 2357 5415 σιλὲως
2383 5350 2557 5404 αὐτῶν
2582 5349 2825 5420 δυνάμει.
2850 5345 2960 5402 Εἶτ’
2983 5347 3168 5420 ἐπειδὴ
3194 5346 3414 5418 βασιλέα
3441 5347 3532 5400 καὶ
3559 5345 3724 5416 κέρας

569 5501 615 5536 ³⁸
643 5502 800 5557 Joan.
827 5515 947 5565 vui,
985 5497 1086 5568 12;
1116 5513 1230 5569 nv,
1253 5497 1307 5554 6.
1383 5498 1427 5532 ⁵⁷
1456 5496 1599 5556 Psal.
1639 5515 1772 5566 xvu,
1804 5501 1858 5558 5.
1925 5498 1972 5530 ⁸⁸
2005 5495 2080 5550 Ps;

2182 5509 2389 5563 5mm,
2423 5495 2509 5552 Il.
2549 5495 2594 5527 ”
2621 5493 2856 5568 Philipp.
2880 5510 2941 5561 ιι,
2965 5495 3018 5554 8.

575 5635 648 5703 (I)
679 5637 737 5688 In
767 5634 968 5689 Graecis
997 5630 1395 5703 exemplaribus
1433 5627 1646 5682 additur
1673 5624 1907 5703 ψαλμός,
1941 5637 2082 5703 qua:
2115 5639 2218 5681 vox
2257 5638 2358 5681 nec
2393 5624 2448 5680 in
2488 5619 2752 5681 Hebraico
2789 5637 2892 5679 nec
2929 5621 2984 5679 in
3016 5620 3243 5695 Vulgata
3286 5622 3503 5700 legitur,
3537 5637 3721 5694 neque

507 5695 817 5762 in‘Eusebii
841 5695 1243 5775 exemplari,'ut
1282 5701 1395 5773 ipse
1435 5695 1717 5762 memorat,
1751 5695 2045 5752 ferebatur.
