3988 6202
283 309 383 366 585

1393 307 1889 366 COMMENTARIA
1923 309 1993 364 IN
2030 307 2365 369 PSALMOS.

3388 309 3495 366 386

281 424 573 494 ἐκτήσαντο
615 421 778 475 αὐτὸν
835 419 928 475 τδν
956 420 1182 494 Κύριον,
1212 421 1435 488 εἰκότως
1467 426 1578 488 τοῖς
1627 423 1826 496 ἐχθροῖς

1940 422 2064 479 llaec
2086 437 2217 479 sane
2245 421 2556 494 signillcant
2584 421 2670 477 his
2693 422 2912 479 verbis:
2940 422 3176 479 Salvasti
3203 439 3297 479 nos
3318 422 3385 478 de
3412 423 3497 493 af-

284 520 355 587 μὴ
389 514 687 587 ὑποχείριοι
737 512 1061 585 γενήσεσθαί
1110 531 1278 584 φασι·
1314 515 1594 587 κρείττους
1629 516 1686 569 δὲ
1730 515 1826 570 tibi

1937 515 2235 588 ﬂigentibus
2284 531 2374 571 nos
2396 556 2410 579 ,
2455 527 2504 570 et
2533 512 2764 569 odientes
2794 532 2888 572 nos
2921 515 3229 585 confudisti.
3259 516 3328 572 Et
3366 518 3495 589 quia

282 605 548 678 πολεμίων
592 604 851 675 ὑπάρξαι.
903 604 1074 659 Τοῦτο
1116 606 1244 676 γοῦν
1278 606 1495 678 δηλοῦσι
1558 606 1836 677 λέγοντες*

1939 608 2145 664 inimici
2180 607 2397 679 quidem
2427 607 2482 662 in
2511 623 2604 662 eos
2632 608 2987 678 opprobrium
3017 606 3320 663 effuderant
3344 627 3359 675 ;
3389 611 3497 681 ipsi

286 702 560 764 Ἐσωσας
587 696 747 767 ἡμᾶς
763 698 832 751 ἐκ
858 695 977 751 τῶν
1002 698 1324 771 θλιϐόντων
1361 698 1539 770 ἡμᾶς,
1573 700 1671 754 καὶ
1700 700 1826 766 τοὺς

1935 716 2066 757 vero
2094 718 2204 757 non
2226 701 2453 773 propria
2484 702 2684 756 virtute
2703 741 2716 766 ,
2749 701 2843 755 sed
2868 717 3040 755 cornu
3070 702 3152 757 sui
3180 700 3498 760 fortitudine

277 785 604 857 μισοῦντας
648 783 807 855 ἡμᾶς
857 787 1260 857 κατῄσχυνας.
1307 789 1419 845 Καὶ
1453 790 1747 863 ἐπειδήπερ
1787 792 1837 845 οἱ

1936 792 2168 848 salutem
2216 793 2453 848 assecuti
2498 801 2665 856 sunt;
2712 792 2906 847 merito
2950 793 3065 847 hau:
3093 787 3396 863 adjiciunt:
3430 794 3496 850 In

286 880 375 951 μὲν
404 877 591 948 ἐχθροὶ
621 876 882 948 αἰσχύνην
912 879 1255 950 κατεχέαντο,
1281 882 1433 936 αὐτοὶ
1462 882 1520 936 δὲ
1539 883 1639 937 οὐκ
1663 883 1826 955 οἰκείᾳ

1937 883 2044 939 Deo
2074 883 2411 939 laudabimur
2441 893 2552 939 tota
2576 884 2701 951 die;
2749 892 2842 939 aut
2881 886 3178 941 secundum
3210 886 3492 957 Aquilam:

280 971 517 1043 δυνάμει,
552 974 620 1044 τῇ
648 969 703 1025 δὲ
727 971 821 1024 τοῦ
855 971 1031 1044 κέρως
1052 972 1228 1027 αὐτῶν
1262 973 1543 1046 ἐσώθησαν
1565 991 1579 1005 ο
1615 975 1836 1039 εἰκότως

281 1065 695 1119 ὲπισυνάπτουσι
741 1063 985 1133 λέγοντες
1004 1081 1018 1096 ο
1076 1066 1179 1120 Ἐν
1209 1065 1289 1133 τῷ
1346 1066 1467 1133 Θεῷ
1520 1067 1834 1136 ἐπαινεθη-

281 1158 494 1226 σιίμεθα
520 1155 677 1224 ὅλην
694 1156 810 1225 τὴν
837 1155 1064 1227 ἡμέραν
1084 1174 1099 1189 ο
1125 1158 1159 1229 ἢ
1187 1157 1328 1213 κατὰ
1343 1159 1433 1214 τὸν
1463 1158 1709 1223 Ἀκύλαν,
1741 1158 1835 1213 Ἐν

283 1247 356 1315 τῷ
387 1248 506 1316 Θεῷ
537 1250 992 1320 καυχησόμεθα·
1027 1249 1060 1322 ἢ
1088 1251 1228 1305 κατὰ
1251 1251 1344 1307 τὸν
1375 1251 1684 1325 Σύμμαχον,
1721 1251 1835 1308 Τὸν

286 1338 422 1393 Θεὸν
441 1339 749 1410 ὑμνοῦμεν
768 1339 922 1408 ὅλην
946 1338 1063 1408 τὴν
1089 1342 1334 1411 ἡμέραν,
1363 1342 1461 1397 καὶ
1486 1342 1565 1409 τῷ
1588 1344 1834 1414 ὀνόματί

285 1444 391 1483 σου
409 1428 965 1501 ἐξομολογησόμεθα
1012 1433 1099 1497 εἰς
1128 1430 1235 1485 τὸν
1260 1431 1461 1489 αἰῶνα.
1496 1434 1606 1506 Τὴν
1643 1434 1700 1489 δὲ
1746 1433 1834 1501 ἐξ-

285 1521 588 1594 ομολόγησιν
605 1523 728 1577 ἀντὶ
757 1522 1104 1594 εὐχαριστίας
1122 1524 1335 1596 παραλα
1343 1524 1561 1596 μϐάνειν
1580 1523 1831 1578 εἰώθασιν

286 1614 341 1666 αἱ
368 1614 570 1685 Γραφαί
585 1613 753 1668 ’ὥστε
780 1614 1004 1679 εἰκότως
1036 1614 1131 1668 καὶ
1161 1614 1461 1685 καυχᾶσθαι
1494 1617 1587 1670 καὶ
1619 1615 1828 1686 ὑμνεῖν,

289 1703 381 1757 καὶ
396 1703 625 1758 ὶπαινείν
636 1704 730 1757 καὶ
743 1703 1098 1770 ἐπαινεῖσθαι,
1115 1704 1450 1777 εὐχαριστεῖν
1469 1723 1525 1759 τε
1539 1704 1633 1759 καὶ
1645 1704 1830 1777 ἐξομο-

1938 975 2002 1031 Ιη
2034 977 2141 1033 Deo
2166 977 2517 1049 gloriabimur
2536 994 2556 1042 ;
2589 978 2705 1034 sive
2738 977 3035 1035 secundum
3070 977 3491 1051 Symmachum:

1932 1068 2101 1123 Deum
2130 1067 2504 1123 celebrabimus
2540 1079 2652 1124 tota
2691 1068 2806 1134 die,
2838 1079 2888 1125 et
2916 1070 3114 1124 nomini
3156 1078 3242 1124 tuo
3276 1069 3494 1137 con/ite-

1932 1158 2108 1212 bimur
2137 1159 2190 1212 in
2221 1168 2493 1213 aeternum.
2522 1156 2937 1214 Confessionem
2968 1174 3132 1229 porro
3158 1174 3258 1230 pro
3287 1160 3494 1229 gratia-

1932 1264 2053 1304 rum
2079 1250 2293 1306 actione
2320 1265 2589 1320 usurpare
2620 1248 2917 1320 Scriptum
2944 1252 3119 1306 solent
3147 1268 3162 1317 ;
3196 1252 3271 1304 ita
3298 1258 3356 1304 ut
3382 1266 3497 1305 me-

1930 1340 2071 1407 rito,
2117 1341 2376 1412 gloriari,
2411 1342 2642 1413 hymnos
2685 1341 2993 1408 celebrare,
3025 1342 3247 1397 laudare
3286 1352 3341 1397 et
3372 1342 3493 1395 lau-

1930 1432 2047 1488 dari
2070 1472 2084 1496 ,
2107 1433 2311 1503 gratias
2337 1447 2497 1503 agere
2519 1444 2569 1488 et
2595 1434 2841 1488 conﬁteri
2868 1433 3081 1496 dicant,
3106 1430 3304 1503 quibus
3326 1429 3489 1501 Regis

1929 1521 2016 1579 sui
2057 1523 2259 1577 virtute
2301 1530 2457 1592 parta
2503 1524 2656 1578 salus
2695 1523 2823 1578 fuit.
2856 1521 2961 1578 Sed
3004 1523 3118 1578 haec
3165 1522 3382 1594 quidem
3421 1537 3492 1577 ex

1930 1629 2163 1685 persona
2197 1615 2349 1671 chori
2389 1615 2691 1685 prophetici
2724 1616 2868 1671 dicta
2893 1624 3041 1672 sunt.
3086 1615 3215 1682 Qua:
3246 1629 3372 1670 vero
3396 1613 3493 1669 de-

1929 1705 2054 1762 inde
2081 1706 2330 1762 feruntur
2359 1707 2521 1763 iidem
2549 1722 2743 1764 rursus
2761 1748 2777 1776 ,
2806 1707 3171 1763 multitudinis
3199 1721 3361 1762 casus
3384 1705 3490 1761 sibi

294 1792 551 1862 λογεϊσθαι
566 1796 617 1847 οἰ
641 1795 964 1868 σεσωσμένοι
981 1798 1046 1867 τῇ
1059 1796 1154 1851 τοῦ
1191 1795 1449 1867 βασιλέως
1467 1796 1645 1852 αὐτῶν
1659 1798 1825 1869 ἀρετῇ

1929 1796 2264 1853 ascribentes
2284 1836 2300 1862 ,
2329 1805 2609 1853 enarrant.

302 1901 478 1956 φασιν.
513 1886 660 1940 Ἀλλὰ
684 1886 844 1940 ταῦτα
876 1886 977 1958 μὲν
1006 1887 1072 1941 ὲκ
1102 1886 1389 1959 προσώπου
1418 1887 1511 1942 τοῦ
1554 1888 1715 1962 χοροῦ
1753 1905 1863 1944 των
1894 1889 2185 1962 προφητῶν
2221 1889 2463 1962 εἴρηται·
2487 1889 2555 1944 τὰ
2580 1890 2625 1944 δ’
2657 1890 2786 1962 ἑξῆς
2820 1891 3187 1965 ἐπιφερόμενα
3227 1890 3389 1947 πάλιν
3436 1892 3488 1946 οί

308 1982 470 2047 αὐτοὶ,
503 1981 890 2054 ἰδιοποιούμενοι
941 1982 1009 2037 τὰ
1054 1983 1132 2055 τῷ
1160 1983 1355 2056 πλήθει
1412 1984 1829 2056 ωμῦεδηκύτα,
1865 1983 2254 2057 διεξέρχονται.

367 2076 505 2132 Νυνὶ
544 2077 610 2131 δὲ
657 2076 876 2133 ἀπώσω
925 2078 1024 2133 καί
1063 2079 1451 2150 κατῄσχυνας
1491 2077 1670 2151 ἡμᾶς,
1726 2079 1825 2135 καί

302 2173 401 2225 οὐκ
420 2169 695 2240 ἐξελεύσῃ
735 2172 805 2225 ἐν
834 2171 964 2239 ταῖς
992 2171 1324 2242 δυνάμεσιν
1353 2170 1540 2242 ἡμῶν.
1586 2172 1738 2226 Ἐπεὶ
1767 2171 1829 2225 τὸ

296 2263 476 2335 πλῆθος
485 2263 572 2317 τοῦ
599 2263 798 2328 παντὸς
828 2264 1091 2319 Ἰουδαίων
1106 2264 1309 2331 ἔθνους,
1333 2266 1390 2319 ὲν
1405 2263 1681 2329 παντοίαις
1702 2266 1829 2320 ἀσε-

288 2354 445 2419 ϐείαις
473 2354 564 2409 καὶ
582 2356 943 2428 παρανομίαις
957 2355 1337 2429 ἑξητασμένον,
1355 2356 1454 2410 οὐκ
1467 2351 1534 2429 ἧν
1547 2354 1827 2430 ἀλλότριον

288 2441 371 2495 τοῦ
397 2441 642 2515 σώματος
662 2444 756 2498 τοῦ
778 2445 1139 2517 προφητικοῦ,
1168 2446 1391 2511 εἰκότως
1426 2447 1495 2501 τὰ
1533 2446 1612 2519 τῷ
1634 2446 1826 2519 πλήθει

286 2536 549 2607 συμϐάντα
579 2537 1013 2613 ’ἰδιοποιούμενοι
1058 2540 1108 2593 οἱ
1148 2538 1219 2594 τὰ
1270 2539 1461 2612 πρῶτα
1507 2540 1826 2613 εἰρηκότες,

285 2626 433 2698 μέσου
465 2629 838 2702 διαψάλματος
868 2631 1360 2704 παρεμϐληθέντος,
1403 2633 1483 2695 είς
1522 2633 1825 2705 παράτασιν

278 2716 367 2788 τῆς
396 2720 698 2793 μεταϐολῆς
738 2722 844 2776 τῶν
882 2722 1288 2794 λεχθησομένων
1332 2723 1713 2796 προφέρονται.
1761 2724 1826 2779 Ol

280 2811 369 2880 μὲν
390 2807 476 2867 οὖν
501 2813 745 2885 πατέρες
772 2815 805 2885 ἡ
812 2814 927 2885 μῶν
951 2815 1276 2887 ἀνήγγειλαν
1296 2815 1449 2888 ἡμῖν,
1462 2816 1680 2880 καὶτοῖς
1693 2817 1827 2887 ἡμε-

275 2895 434 2967 τέροις
478 2897 757 2969 ήκούομεν
809 2899 943 2954 ὠσὶν
997 2903 1156 2956 ὁποῖα
1208 2903 1549 2974 κατειργάσω
1598 2904 1656 2954 έν
1704 2904 1823 2967 ταῖς

275 2985 484 3057 ⁴ἡμέραις
518 2986 728 3054 αὐτῶν,
762 2989 859 3043 καί⁸
895 2989 963 3044 τὰ
989 2990 1133 3061 ἑξῆς.
1165 2990 1300 3045 Νυνὶ
1329 2990 1387 3044 δὲ
1424 2989 1718 3062 ὀφθαλμοῖς
1760 2991 1822 3045 οὐ

272 3078 474 3133 τοιαῦτα
539 3078 786 3151 ὁρῶμεν·
834 3080 903 3135 τὰ
945 3081 1003 3136 δὲ
1042 3081 1249 3148 τούτοις
1298 3082 1534 3136 ἐναντία.
1593 3081 1821 3137 ’Λπώσω

270 3164 369 3239 γάρ
396 3169 569 3239 ἡμᾶς,
617 3170 683 3224 σὺ
705 3172 735 3224 6
774 3170 922 3237 Θεὸς,
952 3174 981 3225 6
1014 3171 1179 3227 πάλαι
1226 3172 1351 3236 τοὺς
1383 3171 1624 3244 πατέρας
1660 3171 1819 3243 ήμῶν

267 3258 544 3324 διασώσας,
573 3261 664 3315 διὰ
722 3261 820 3327 τὰς
858 3264 1127 3337 ἡμετέρας
1169 3264 1441 3336 ἁμαρτίας
1488 3265 1613 3327 τοὺς
1654 3262 1818 3317 πάλαι
1866 3289 1880 3301 ο

1993 2077 2161 2136 Vsus.
2202 2079 2289 2136 10.
2349 2079 2507 2135 Nunc
2567 2090 2743 2137 autem
2798 2080 3038 2152 repulisti
3091 2088 3141 2135 et
3200 2078 3489 2150 confudisti

1923 2187 2019 2226 nos
2038 2210 2053 2236 ,
2092 2180 2141 2225 et
2169 2188 2274 2227 non
2307 2172 2587 2244 egredieris
2613 2211 2629 2238 ,
2658 2171 2802 2228 Deus
2823 2212 2839 2238 ,
2864 2173 2921 2226 in
2944 2170 3222 2226 virtutibus
3251 2163 3447 2225 nostris
3468 2207 3487 2234 ,

1923 2269 2031 2319 etc.
2063 2262 2333 2329 Quoniam
2366 2263 2662 2320 multitudo
2702 2264 2874 2319 totius
2918 2264 3101 2335 populi
3146 2260 3394 2327 Judaici,
3431 2261 3487 2317 in

1921 2354 2069 2409 omni
2112 2354 2411 2425 impietatis
2450 2363 2506 2412 et
2546 2356 2914 2427 improbitatis
2968 2367 3166 2427 genere
3209 2354 3485 2413 volutata.

1925 2460 2037 2500 non
2087 2446 2267 2502 aliena
2311 2456 2431 2503 erat
2477 2463 2509 2502 a
2553 2463 2788 2519 corpore
2828 2448 3250 2518 prophetarum,
3302 2445 3486 2517 populi

1921 2552 2193 2593 erumnas
2234 2539 2339 2594 sibi
2381 2539 2633 2609 proprias
2673 2541 3035 2595 attribuentes
3064 2541 3158 2611 qui
3204 2539 3487 2609 superiora

1922 2631 2205 2694 dixerant,
2237 2629 2567 2685 intermedio
2598 2630 2956 2699 diapsalmate
2976 2666 2994 2692 ,
3025 2627 3089 2682 ad
3124 2628 3485 2682 mutationem

1924 2733 2118 2774 eorum
2180 2733 2303 2789 quae
2331 2718 2677 2789 postmodum
2710 2717 2889 2772 fusius
2921 2715 3121 2770 dicturi
3157 2724 3322 2780 sunt.
3363 2730 3487 2772 sese

1920 2817 2162 2865 vertunt.
2206 2808 2399 2865 Patres
2442 2808 2627 2880 itaque
2663 2807 2841 2865 nostri
2881 2807 3344 2862 annuntiaverunt
3386 2820 3487 2861 no-

1920 2899 2008 2957 bis
2026 2940 2042 2967 ,
2074 2914 2138 2956 ac
2169 2915 2270 2958 nos
2296 2900 2432 2972 ipsis
2459 2900 2687 2956 auribus
2713 2899 3021 2954 audivimus
3041 2939 3056 2964 ,
3085 2897 3269 2969 qualia
3293 2909 3487 2968 opera-

1921 2996 2010 3046 tus
2059 2991 2137 3047 sis
2177 2991 2235 3045 in
2280 2991 2477 3047 diebus
2518 3006 2707 3046 eorum
2731 3031 2744 3054 .
2778 2997 2834 3045 et
2864 2998 3082 3046 caetera.
3116 2988 3273 3045 Nunc
3305 2996 3486 3045 autem

1918 3096 2021 3137 nos
2052 3097 2394 3154 nequaquam
2425 3083 2623 3138 similia
2667 3083 2946 3147 videmus,
2985 3082 3081 3139 sed
3120 3082 3190 3137 iis
3219 3081 3486 3152 opposita.

1918 3170 1998 3229 Tu
2022 3189 2276 3246 namque,
2301 3173 2466 3239 Deus,
2491 3175 2582 3245 qui
2608 3175 2735 3230 olim
2768 3183 2951 3246 patres
2976 3186 3196 3233 nostros
3220 3175 3488 3243 servasti,

1921 3274 2142 3336 propter
2181 3273 2405 3336 peccata
2434 3274 2623 3322 nostra
2654 3267 2902 3336 rcpulisti
2929 3282 3065 3331 nos,
3097 3282 3193 3322 eos
3222 3266 3317 3339 qui
3349 3267 3406 3321 in
3435 3273 3490 3334 te

270 3349 350 3401 ἐπὶ
381 3351 460 3404 σοὶ
500 3352 655 3423 μέγα
693 3353 1019 3425 φρονοῦντας
1040 3393 1054 3418 ,
1088 3355 1183 3409 καί¹
1226 3356 1283 3408 ὲν
1321 3356 1406 3408 σοὶ
1437 3356 1818 3427 καυχωμένους

1926 3357 2047 3411 olim
2069 3357 2352 3429 magniﬁce
2372 3358 2699 3417 sentiebant.
2724 3367 2778 3414 et
2797 3360 2851 3413 in
2877 3366 2929 3413 te
2950 3358 3342 3428 gloriabantur,
3364 3373 3490 3412 con-

270 3442 600 3517 κατῄσχυνας
621 3483 637 3510 ,
691 3446 928 3518 ἐρήμους
985 3446 1295 3503 καταλιπὼν
1348 3448 1443 3501 καὶ
1488 3447 1820 3520 ἀϐοηθήτους

268 3532 319 3584 ἐν
366 3537 428 3607 τῇ
473 3536 623 3609 πρὸς
672 3538 800 3602 τοὺς
855 3537 1141 3610 πολεμίους
1201 3538 1462 3613 συμϐολῇ.
1530 3540 1662 3595 Οὐδὲ
1713 3540 1821 3612 γὰρ

266 3624 635 3695 συνεξῆλθες
683 3626 810 3694 ταῖς
854 3626 1184 3699 δυνάμεσιν
1231 3627 1431 3700 ήμῶνο
1479 3628 1514 3702 ἢ
1546 3630 1688 3685 κατὰ
1730 3628 1821 3683 τὸν

266 3715 568 3789 Σύμμαχον,
602 3717 724 3785 τοῖς
741 3720 1179 3790 στρατεύμασιν
1417 3722 1528 3776 Καὶ
1550 3722 1640 3776 διὰ
1665 3722 1822 3776 τοῦτο

263 3805 642 3877 ἀπέστρεψας
662 3807 817 3877 ἡμᾶς
834 3812 921 3876 εἰς
939 3811 1010 3865 τὰ
1027 3811 1216 3865 ὀπίσω
1239 3812 1396 3882 παρὰ
1415 3813 1555 3879 τοὺς
1573 3813 1822 3884 ἐχθροὺς

267 3898 420 3967 ἡμῶν
436 3917 449 3929 ·
468 3901 529 3968 ἢ,
558 3900 705 3954 κατὰ
725 3902 815 3956 τὸν
841 3901 1168 3975 Σύμμαχον·
1195 3905 1452 3971 Ἕταξας
1476 3902 1822 3976 ὴμᾶςέσχά-

262 4008 392 4061 τους
420 3994 659 4060 παντὸς
700 3994 975 4050 ἐναντίου
994 4035 1010 4061 ,
1061 3997 1159 4050 καί
1198 4000 1255 4052 οἱ
1293 3999 1617 4069 μισοῦντες
1664 3997 1821 4069 ἡμᾶς

260 4083 686 4154 διαρπάζρυσιν
724 4087 977 4156 ἑαυτοῖς.
1003 4089 1272 4158 Ἐδωκας
1299 4091 1457 4162 ἡμᾶς
1485 4093 1565 4158 ὡς
1588 4092 1821 4160 ,βοσκή-

254 4193 401 4247 ματα
421 4179 738 4248 βρώσεως,
769 4182 865 4236 καί
891 4183 980 4249 εἰς
1009 4182 1081 4237 τὰ
1102 4182 1248 4250 ἔθνη
1271 4183 1605 4254 ἐλίκμησας
1642 4183 1817 4255 ἡμᾶς.

269 4270 500 4327 Ἀπέδου
550 4272 661 4325 τὸν
717 4276 872 4328 ,λαόν
912 4289 1028 4330 σου
1086 4278 1197 4345 οὐχ
1232 4275 1559 4345 ὑπάρξεως,
1602 4277 1699 4331 καὶ
1748 4279 1820 4333 οὐ

258 4361 492 4430 πολλὴν
539 4363 838 4431 ἐποίησας
876 4364 993 4433 τὴν
1023 4366 1202 4436 τιμὴν
1226 4366 1470 4422 αὐτῶν
1508 4372 1820 4438 προπηλα-

256 4452 469 4521 κισμὸν
546 4456 703 4524 μετὰ
789 4457 1136 4529 χλευασμοῦ
1205 4458 1330 4526 τοῖς
1379 4461 1583 4524 κύκλῳ
1632 4459 1818 4531 ἡμῶν.

269 4543 593 4614 Ἐποίησας
629 4547 786 4617 ἡμεῖς
815 4549 1163 4620 παραϐολὴν
1196 4550 1267 4604 ἐν
1308 4550 1430 4618 τοῖς
1468 4551 1668 4607 ἔθνεσι
1683 4592 1697 4616 ,
1732 4553 1820 4606 κί-

1927 3447 2136 3514 l‘udisii,
2162 3456 2323 3520 atque
2347 3449 2404 3503 in
2425 3464 2723 3520 congressu
2751 3464 2873 3504 cum
2902 3449 3140 3504 inimicis
3161 3448 3407 3504 desertos
3433 3456 3489 3504 et

1921 3556 2023 3609 ope
2061 3557 2262 3598 vacuos
2305 3541 2583 3597 dimisisti.
2613 3541 2798 3611 Neque
2835 3543 2978 3603 enim
3008 3557 3245 3612 egressus
3276 3557 3331 3595 es
3366 3557 3488 3595 cum

1920 3631 2198 3687 virtutibus
2220 3633 2437 3695 nostris.
2455 3633 2589 3697 sive,
2613 3632 2912 3688 secundum
2941 3632 3348 3702 Symmachum,
3367 3648 3487 3687 cum

1920 3722 2234 3777 exercitibus
2267 3723 2485 3778 nostris.
2522 3721 2756 3793 Ideoque
2798 3724 3037 3778 avertisti
3077 3740 3170 3778 nos
3197 3734 3486 3778 retrorsum

1919 3823 2034 3883 post
2059 3814 2299 3869 inimicos
2321 3824 2529 3869 nostros
2550 3830 2568 3877 ;
2591 3816 2710 3880 vel,
2738 3817 3036 3871 secundum
3061 3814 3444 3886 Symmachqu
3470 3834 3486 3873 :

1924 3905 2201 3962 Ordinasti
2228 3922 2320 3960 nos
2347 3906 2563 3961 ultimos
2589 3908 2821 3962 omnium
2848 3906 3270 3965 adversariorum
3288 3948 3302 3973 ,
3328 3918 3376 3963 et
3398 3911 3489 3980 qui

1920 4000 2141 4054 oderunt
2168 4015 2285 4065 nos,
2305 3999 2559 4068 diripiunt
2588 3999 2709 4055 sibi.
2738 3999 2942 4055 Dedisti
2963 4017 3056 4054 nos
3071 4009 3126 4054 ut
3159 4016 3311 4070 pecus
3341 4001 3480 4072 quod

1921 4090 2228 4156 comeditur,
2247 4100 2297 4146 et
2315 4094 2368 4146 in
2389 4102 2562 4163 gentes
2583 4093 2848 4148 ventilasti
2878 4109 2993 4149 nos.
3013 4092 3306 4148 Tradidisti
3326 4110 3490 4164 popae

1923 4181 2031 4235 lum
2058 4191 2207 4235 tuum
2230 4183 2344 4236 sine
2366 4183 2685 4248 substantia,
2710 4200 2801 4237 nec
2822 4184 3046 4237 multum
3073 4183 3244 4252 fecisti
3264 4186 3489 4254 pretium

1922 4290 2104 4329 eorum
2125 4288 2145 4327 :
2174 4275 2511 4345 opprobrium
2549 4292 2662 4331 cum
2698 4276 2944 4331 irrisione
2967 4276 3033 4330 iis
3061 4276 3149 4346 qui
3169 4276 3367 4330 circum
3395 4294 3489 4333 nos

1921 4374 2064 4420 sunt.
2096 4363 2298 4420 Fecisti
2326 4384 2419 4421 nos
2452 4367 2765 4435 parabolam
2788 4368 2841 4419 in
2871 4365 3109 4436 gentibus
3129 4405 3144 4430 ,
3180 4368 3489 4420 commotio-

1922 4473 2037 4511 nem
2066 4457 2257 4525 capitis
2280 4458 2335 4511 in
2363 4457 2621 4512 tribubus.
2661 4456 2766 4511 Per
2795 4466 2959 4510 totum
2988 4457 3123 4510 diem
3155 4456 3489 4527 opprobrium

1924 4564 2097 4603 meum
2146 4558 2334 4602 contra
2375 4565 2456 4602 me
2502 4559 2617 4610 est,
2664 4557 2714 4601 et
2756 4547 2929 4618 pudor
2972 4546 3145 4602 vultus
3187 4548 3287 4602 mei
3325 4552 3490 4618 operit

255 4651 431 4704 νησιν
458 4638 737 4709 κεφαλῆς
765 4641 835 4695 ἐν
866 4642 994 4708 ταῖς
1031 4642 1271 4714 φυλαῖς.
1310 4644 1389 4697 Δι’
1429 4644 1577 4714 ὅλης
1601 4646 1824 4715 ἡμέρας

1926 4659 2006 4696 me
2028 4682 2042 4707 ,
2077 4658 2111 4694 a
2142 4657 2261 4696 voce
2318 4639 2687 4709 exprobrantis
2720 4649 2769 4694 et
2802 4638 3209 4709 blasphemantis
3236 4681 3250 4706 ,
3288 4658 3321 4694 a
3355 4642 3489 4712 facie

257 4729 293 4795 ἡ
316 4730 748 4802 ἀσχημόνησίς
783 4752 901 4803 μου
940 4734 1217 4804 ἄντικρύς
1254 4753 1394 4806 μου,
1428 4738 1525 4791 καί
1555 4741 1588 4792 ό
1628 4754 1824 4792 καται-

255 4825 535 4891 σχυμμὸς
582 4825 690 4879 τοῦ
730 4824 1050 4893 προσώπου
1084 4845 1207 4898 μου
1262 4829 1551 4884 καλύπτει
1596 4845 1673 4900 με
1704 4830 1823 4885 ἀπὸ

254 4910 457 4979 φωνῆς
502 4912 894 4982 ὀνειδίζοντος
952 4917 1049 4972 καί
1103 4918 1619 4989 ,ϐλασφημοῦντος
1637 4961 1652 4983 ,
1707 4920 1826 4975 ἀπὸ

255 5001 583 5067 προσώπου
621 5003 837 5073 ἐχθροῦ
887 5006 986 5061 καί
1032 5011 1424 5078 τιμωροῦντος
1472 5012 1680 5077 ἐαυτῷ.
1729 5014 1829 5066 Το-

256 5091 428 5146 σαῦτα
449 5094 597 5148 κατὰ
634 5095 725 5149 τὸν
764 5095 1056 5169 Σύμμαχον
1084 5101 1114 5152 6
1142 5100 1300 5171 χορὸς
1337 5103 1367 5155 6
1404 5103 1739 5174 προφητικὸς
1770 5104 1828 5156 ὲν

1926 4736 2130 4790 inimici
2178 4744 2229 4790 et
2286 4733 2585 4788 ulciscenlis
2631 4749 2705 4790 se.
2757 4731 2884 4788 Haec
2929 4741 3040 4787 tam
3085 4735 3255 4788 multa
3292 4740 3493 4792 chorus

1919 4828 2266 4900 propheticus
2312 4827 2367 4880 in
2411 4841 2510 4883 sua
2549 4825 2617 4881 ad
2656 4825 2825 4882 Deum
2866 4827 3294 4897 supplicatione.
3339 4828 3489 4882 cala-

1923 4920 2140 4975 mitates
2198 4919 2386 4991 populi
2445 4919 2730 4975 ascribens
2785 4918 2935 4981 sibi,
2998 4928 3325 4989 prosccutus
3382 4929 3485 4974 est.

1922 5009 2418 5066 Commonstratum
2463 5010 2647 5081 itaque
2677 5016 2762 5066 est
2793 5026 2913 5081 qua:
2950 5026 3117 5067 causa
3161 5012 3296 5082 ipsis
3333 5010 3491 5067 ﬂetus

1927 5104 1982 5158 in
2017 5089 2454 5173 praecedentibus
2489 5104 2673 5159 fuerit.

254 5186 317 5255 τῇ
342 5186 779 5257 πρδςτὸνκθεὸν
815 5191 1062 5264 ἱκετηρία
1119 5192 1413 5265 διεξῆλθεν,
1441 5197 1519 5261 εἰς
1573 5198 1764 5250 ἑαυτὸν
1819 5196 2213 5269 ἀναλαμϐάνων
2256 5195 2326 5252 τὰ
2352 5196 2448 5252 τοῦ
2488 5197 2620 5251 λαοῦ
2660 5194 2829 5268 πάθη.
2876 5197 3274 5269 Σεσαφήνισται
3314 5194 3490 5248 τοίνυν

257 5274 312 5327 ὲν
359 5279 477 5342 τοῖς
534 5283 910 5353 προκειμένοις
959 5285 1027 5339 δι’
1067 5288 1134 5357 ῆν
1184 5286 1486 5360 ἔμπροσθεν
1535 5289 1936 5345 ἀπεκλαύσατο.

326 5374 528 5428 Ταῦτα
556 5372 750 5430 πάντα
780 5377 967 5447 ἦλθεν
995 5381 1087 5451 ἐφ’
1116 5380 1291 5452 ἡμᾶς,
1323 5385 1421 5439 καί
1459 5387 1571 5441 οὐκ
1604 5387 1818 5441 ἐπελα-

255 5465 474 5534 θόμεθά
496 5482 631 5522 σου.
693 5471 900 5543 Ὠσπερ
942 5473 1306 5546 ἀσεϐήσαντός
1369 5495 1497 5532 ποτε
1552 5479 1644 5533 τοῦ
1688 5478 1817 5533 λαοῦ

255 5553 345 5607 ἐπὶ
374 5556 481 5627 τῆς
507 5559 734 5629 ἐρήμου,
768 5560 956 5617 ἔπειτα
986 5565 1377 5637 παραδοθέντος
1406 5567 1484 5638 τῷ
1508 5568 1818 5641 ὁλοθρευτῇ,

254 5641 436 5698 λαϐὼν
478 5646 687 5717 ’Δαρὼν
717 5648 778 5701 τὸ
808 5648 1160 5725 θυμιατήριον
1182 5655 1551 5727 προσήνεγκεν
1568 5655 1708 5727 ὑπὲρ
1725 5655 1819 5709 τοῦ

256 5730 384 5787 λαοῦ
417 5736 481 5789 τὸ
516 5735 778 5812 θυμίαμα·
813 5743 908 5797 καὶ
936 5743 1126 5817 ίλάσθη
1148 5748 1185 5800 6
1215 5745 1348 5810 Θεὸς
1404 5746 1482 5818 τῷ
1514 5746 1702 5820 πλήθει
1733 5748 1820 5803 διὰ

1993 5383 2160 5440 Vsus.
2193 5384 2281 5439 l8.
2326 5384 2456 5441 Haec
2498 5385 2677 5440 omnia
2731 5394 2976 5440 venerunt
3033 5400 3188 5454 super
3246 5397 3359 5441 nos.
3395 5396 3487 5434 nec

1923 5475 2074 5531 obliti
2099 5493 2281 5531 sumus
2306 5486 2373 5533 te.
2414 5475 2877 5544 Quemadmodum
2915 5478 3042 5534 olim
3089 5489 3230 5537 cum,
3254 5472 3488 5544 populus

1924 5567 2090 5637 impie
2132 5568 2334 5638 egisset
2382 5569 2437 5623 in
2471 5568 2709 5632 deserto,
2742 5583 2805 5622 ac
2837 5566 3033 5623 deinde
3074 5564 3483 5620 exterminatori

1926 5659 2162 5716 traditus
2194 5659 2410 5726 fuisset,
2440 5667 2723 5730 assumpto
2748 5658 2929 5713 Aaron
2969 5655 3265 5720 thuribulo,
3297 5655 3483 5711 inccn-

1926 5765 2047 5808 sum
2092 5764 2193 5822 pro
2236 5751 2436 5823 populo
2486 5751 2720 5808 adoleVit
2741 5789 2756 5818 ,
2807 5763 2872 5806 ac
2916 5757 3137 5820 propter
3183 5747 3490 5808 sacerdotis
