4024 6202
413 337 416 340 ,
504 291 617 347 ’587

1256 291 1520 348 EUSEBII
1559 293 2030 349 CESARIENSIS
2063 293 2212 348 OPP.
2254 292 2430 347 PARS
2467 293 2553 348 Ill.
2592 326 2661 336 --
2697 295 3102 355 EXEGETICA.

3629 303 3741 359 388

515 414 842 468 oblationem
900 413 1143 482 placatus
1191 425 1273 470 est
1327 418 1524 485 populo
1564 415 1738 484 Deus;
1790 418 1862 471 ita
1911 421 2060 472 etiam

2177 417 2270 489 τὴν
2301 418 2393 470 τοῦ
2429 419 2616 490 ἱερέως
2677 420 2972 490 ἀναφοράν·
3000 421 3089 473 τὸν
3137 420 3296 474 αὐτὸν
3327 421 3524 491 τρόπον
3583 424 3678 476 καὶ
3708 427 3742 476 ὁ

516 507 716 559 chorus
746 505 1117 573 propheticus,
1147 513 1197 559 et
1221 507 1424 577 quique
1448 509 1603 576 probi
1633 509 1736 563 viri
1765 511 1818 562 in
1849 511 2068 579 populo,

515 597 836 653 rationabile
861 598 1188 652 sacriﬁcium
1217 613 1374 652 suum
1405 615 1498 669 per
1527 601 1827 655 orationem
1858 618 1956 672 pro
1978 618 2074 672 po-

515 690 641 760 pulo
673 689 844 742 fusam
873 686 1127 752 offerunt,
1150 697 1297 743 recte
1325 689 1465 743 facta
1497 705 1618 756 sua,
1639 691 1755 745 loco
1785 692 2076 746 sacriﬁcio.

512 799 632 836 rum
687 789 738 834 et
785 782 1121 835 oblationum
1169 782 1298 835 boni
1351 783 1556 848 odoris,
1585 799 1683 853 pro
1730 785 2072 840 multitudine

509 874 618 928 Deo
654 873 961 928 olferentes.
1007 871 1192 942 Neque
1221 875 1364 926 enim
1393 875 1645 928 convenit
1671 875 1786 928 haec
1813 875 2067 944 populum

507 967 710 1026 dicere,
733 981 904 1033 neque
923 981 1019 1020 eos
1043 967 1135 1034 qui
1165 966 1498 1034 impietatum
1527 982 1690 1022 causa
1715 981 1934 1020 suarum
1968 966 2070 1018 ini-

507 1053 665 1107 micis
713 1054 898 1106 traditi
944 1052 1178 1108 fuerant.
1227 1052 1333 1106 Sed
1382 1055 1833 1123 quemadmodum
1886 1057 2068 1125 populi

506 1146 847 1200 calamitates
895 1146 952 1199 in
997 1161 1056 1200 se
1103 1148 1378 1215 praphetze
1405 1147 1762 1216 recipiebant,
1798 1158 1852 1202 et
1879 1151 1980 1218 ipsi
2011 1165 2070 1204 se

506 1238 635 1292 talia
670 1254 862 1308 passos
905 1254 1029 1294 esse
1073 1239 1500 1309 proﬁtebantur;
1531 1240 1611 1294 sic
1645 1250 1698 1294 et
1729 1239 1869 1293 bona
1902 1255 2067 1310 opera

504 1348 604 1387 sua
642 1332 895 1386 omnibus
935 1333 1243 1385 communia
1276 1332 1536 1388 elﬁciunt.
1579 1330 1697 1385 Non
1741 1333 1886 1386 enim
1917 1333 2071 1401 igno-

503 1423 698 1478 rabant
743 1438 802 1477 se
844 1423 1011 1477 totius
1045 1423 1288 1492 corporis
1319 1424 1558 1478 membra
1581 1438 1701 1478 esse
1734 1442 1746 1476 :
1779 1430 2068 1478 consenta-

504 1531 667 1570 neum
703 1524 883 1569 autem
909 1522 1026 1570 erat
1059 1523 1117 1569 ut
1147 1531 1254 1569 uno
1277 1516 1518 1570 membro
1539 1516 1796 1586 patiente,
1826 1529 1933 1568 una
1967 1530 2066 1584 pa-

503 1613 751 1661 terentur
784 1607 888 1660 alia
920 1609 1188 1674 membra;
1225 1617 1388 1679 atque
1418 1623 1529 1662 uno
1559 1606 1802 1662 membro
1841 1606 2064 1676 gloriam

502 1699 790 1762 referente,
826 1701 1010 1754 omnia
1053 1702 1298 1756 membra
1349 1700 1406 1754 in
1454 1707 1658 1769 partem
1687 1697 1868 1768 gaudii
1913 1699 2066 1752 veni-

2175 509 2330 580 χορὸς
2355 511 2382 562 ό
2407 510 2758 580 προφητικὸς,
2789 512 2881 563 καὶ
2912 512 2961 563 οἱ
3012 513 3069 564 ὲν
3097 512 3174 582 τῷ
3208 512 3320 582 λαῴ
3351 513 3739 584 κατορθοῦντες

2171 601 2268 670 τὴν
2300 599 2521 671 λογικὴν
2573 601 2750 654 αὐτῶν
2811 601 3001 655 θυσίαν
3048 602 3134 655 διὰ
3166 605 3264 671 τῆς
3312 605 3456 674 ὑπὲρ
3482 605 3574 658 τοῦ
3605 607 3738 661 λαοῦ

2171 691 2332 761 εὐχῆς
2364 691 2764 762 άναπέμπουσι,
2797 691 2865 744 τὰ
2891 695 3060 746 οίκεῖα
3091 695 3484 765 κατορθώματα
3502 697 3620 749 ἀντὶ
3642 697 3739 752 θυ-

2173 783 2290 846 σίας
2323 783 2417 836 καὶ
2450 783 2789 854 θυμιάματος
2820 785 3047 849 εὐώδους
3102 787 3238 858 ὑπὲρ
3266 787 3359 840 τοῦ
3391 788 3625 858 πλήθους
3652 790 3738 861 τῷ

2169 873 2287 943 Θεῷ
2309 875 2694 944 προσάγοντες.
2729 877 2802 927 Οὐ
2830 875 2938 945 γάρ
2971 878 3196 948 ἁρμόζει
3239 879 3413 933 ταῦτα
3437 881 3516 951 τῷ
3540 881 3734 952 πλήθει

2170 963 2363 1032 λέγειν,
2386 965 2504 1018 οὐδὲ
2525 969 2635 1028 τοῖς
2666 965 2752 1019 διὰ
2783 965 2881 1029 τὰς
2912 968 3164 1032 ἀσεϐείας
3182 970 3358 1023 αὐτῶν
3378 973 3490 1034 τοῖς
3521 971 3733 1042 ἐχθροῖς

2169 1057 2636 1128 παραδεδομένοις·
2693 1058 2805 1110 ἀλλ’
2837 1058 3024 1129 ὥσπερ
3065 1060 3132 1113 τὰ
3189 1062 3332 1133 πάθη
3364 1063 3458 1116 τοῦ
3491 1064 3620 1118 λαοῦ
3651 1065 3738 1128 εἰς

2169 1149 2393 1212 ἑαυτοὺς
2424 1149 2793 1220 ἀνελάμϐανον
2821 1152 2868 1204 0i
2920 1153 3214 1223 προφῆται,
3249 1155 3345 1209 καὶ
3375 1156 3526 1208 αὐτοὶ
3558 1157 3735 1210 ταῦτα

2169 1239 2492 1293 πεπονθέναι
2517 1239 2771 1309 ἔφασκον·
2798 1240 2939 1295 οὓτω
2975 1242 3042 1295 τὰ
3087 1245 3291 1298 ἑαυτῶν
3333 1246 3736 1318 κατορθώματα

2168 1332 2553 1386 κοινοποιοῦσιν
2609 1335 2688 1397 είς
2720 1334 2946 1397 πάντας.
2995 1335 3070 1387 Οὐ
3099 1335 3207 1407 γάρ
3235 1337 3460 1406 ἠγνόουν
3509 1338 3735 1404 ἑαυτοὺς

2165 1421 2302 1478 εἶναι
2359 1422 2490 1494 μέλη
2521 1423 2613 1476 τοῦ
2671 1425 2868 1488 παντὸς
2918 1424 3188 1496 σώματος·
3233 1427 3523 1482 ἀκόλουθον
3551 1428 3607 1482 δὲ
3638 1425 3732 1500 ἦν,

2167 1517 2460 1588 πάσχοντος
2497 1517 2688 1588 μέλους
2721 1517 2858 1582 ἑνὸς,
2891 1518 3228 1590 συμπάσχειν
3260 1521 3438 1574 πάντα
3468 1520 3535 1573 τά
3569 1523 3730 1594 μέλη,

2165 1610 2258 1662 καὶ
2287 1608 2640 1680 δοξαζομένου
2674 1607 2833 1661 πάλιν
2861 1607 3074 1679 μέλους,
3124 1612 3434 1683 συγχαίρειν
3459 1613 3634 1666 πάντα
3659 1615 3734 1669 τά

2168 1701 2322 1774 μέλη.
2356 1702 2538 1755 Πάντα
2569 1701 2766 1764 τοίνυν,
2803 1702 2984 1769 φασὶν,
3029 1702 3065 1756 ἃ
3098 1705 3502 1776 προειρήκαμεν
3519 1707 3736 1765 ,πεπόν-

502 1799 642 1847 rent.
677 1790 870 1846 Omnia
915 1807 1066 1862 ergo,
1100 1792 1377 1864 inquiunt,
1431 1806 1550 1860 qua:
1593 1803 1694 1845 nos
1743 1787 2060 1843 memoravi-

2166 1767 2354 1864 θαμεψ
2380 1793 2494 1848 ἀλλ’
2514 1794 2661 1863 ἡμᾶς
2694 1767 2895 1844 τούτων
2926 1793 3076 1846 οὐδὲν
3109 1767 3438 1867 παρεκίνησε
3471 1796 3568 1864 τῆς

501 1901 647 1948 mus,
680 1887 820 1938 mala
854 1886 1208 1956 pertulimus;
1241 1884 1334 1938 sed
1381 1883 1513 1938 nihil
1537 1898 1724 1938 eorum
1770 1897 1872 1937 nos
1915 1897 1946 1935 a
1991 1881 2065 1936 tui

500 1977 881 2033 recordatione
906 1980 1156 2043 removit,
1175 1987 1225 2032 et
1248 1979 1421 2047 inique
1447 1993 1551 2030 non
1579 1978 1777 2045 egimus
1810 1975 1864 2029 in
1906 1983 2068 2028 testa-

500 2080 673 2123 mento
707 2081 823 2134 tuo;
855 2070 968 2126 sive
997 2072 1294 2126 secundum
1318 2069 1722 2141 Symmachum,
1755 2067 1936 2137 Neque
1972 2067 2065 2121 de-

499 2164 725 2230 cept'mus
751 2163 919 2232 {tedas
948 2173 1115 2218 tuum.
1143 2163 1211 2216 Et
1238 2180 1339 2216 non
1363 2163 1515 2216 cessit
1540 2173 1678 2216 retro
1700 2169 2061 2214 cornostrum.

500 2252 633 2322 Ejus
663 2265 841 2309 autem
869 2254 986 2308 loco
1005 2273 1017 2308 :
1039 2253 1108 2306 Et
1141 2252 1414 2307 declinasti
1445 2253 1660 2306 semitas
1695 2259 1903 2304 nostras
1923 2268 1955 2302 a
1982 2250 2064 2302 via

503 2357 613 2407 tua,
650 2347 852 2400 clarius
910 2344 1268 2416 Symmachus
1331 2345 1538 2400 edidit:
1572 2341 1750 2413 Neque
1803 2341 2065 2395 translata

499 2447 623 2494 sunt
649 2455 711 2492 ea
729 2453 842 2508 qua:
866 2437 1098 2507 dirigunt
1130 2453 1222 2491 nos
1244 2455 1262 2489 :
1289 2437 1340 2490 in
1369 2437 1481 2490 loco
1510 2437 1834 2507 a/ﬂictionis:
1865 2446 1956 2488 aut
1978 2449 2064 2487 se-

497 2530 740 2585 cundum
767 2529 1015 2600 Aquilam
1042 2549 1053 2583 :
1081 2528 1381 2584 Contudisti
1411 2545 1503 2582 nos
1529 2529 1584 2580 in
1618 2526 2059 2588 Iocoinltabitato,

496 2632 549 2679 et
576 2622 818 2677 obtexisti
845 2623 992 2677 nobis
1024 2623 1263 2677 umbram
1296 2623 1501 2676 mortis.
1539 2620 1662 2674 Non
1693 2620 1845 2674 obliti
1882 2635 2060 2673 sumus

499 2717 597 2780 tui,
630 2733 790 2788 neque
817 2717 1130 2787 transgressi
1164 2731 1345 2769 sumus
1381 2715 1515 2768 inita
1539 2725 1705 2768 tecum
1736 2711 1950 2782 fwdera.

563 2915 732 2971 Vens.
762 2915 825 2968 2!
855 2914 989 2967 -22.
1032 2911 1090 2966 Si
1123 2911 1272 2964 obliti
1300 2925 1479 2963 sumus
1515 2923 1700 2960 nomen
1729 2906 1826 2960 Dei
1869 2908 2057 2969 nostri,

493 3021 542 3064 et
573 3011 619 3064 si
646 3005 993 3077 expandimus
1020 3019 1206 3056 manus
1241 3011 1449 3054 nostras
1489 3000 1557 3054 ad
1588 2999 1753 3053 Deum
1783 3001 2013 3054 alienant
2038 3015 2060 3057 :

2168 1882 2260 1937 σοῦ
2290 1886 2525 1956 μνήμης,
2557 1883 2656 1936 καὶ
2683 1885 2793 1936 οὐκ
2821 1882 3194 1954 ἠδικήσαμεν
3219 1886 3554 1956 ἐνΔιαθήκῃ
3586 1904 3727 1944 σου·

2165 1975 2198 2046 ἢ
2231 1976 2370 2030 κατὰ
2401 1976 2492 2030 τὸν
2523 1974 2828 2046 Σύμμαχον·
2867 1975 3018 2029 Οὐδὲ
3056 1979 3588 2049 παρελογησὰμεθα
3615 1981 3732 2050 τὴν

2164 2066 2479 2134 συνθήκην
2507 2081 2644 2128 σου,
2672 2063 2811 2118 οὐδὲ
2830 2064 3061 2134 ἀπέστη
3093 2070 3180 2134 εις
3205 2069 3276 2122 τὰ
3313 2070 3503 2122 ὀπίσω
3523 2072 3559 2138 ἠ
3585 2089 3728 2139 καρ-

2163 2156 2262 2211 δία
2289 2157 2478 2227 ἡμῶν.
2517 2156 2661 2209 Ἀντὶ
2691 2155 2767 2208 δέ·
2819 2157 2927 2210 Καὶ
2975 2158 3287 2226 ἐξέκλινας
3337 2160 3444 2226 τὰς
3494 2164 3729 2230 τρίϐους

2162 2250 2330 2318 ἡμῶν
2353 2249 2472 2304 ἀπὸ
2503 2250 2612 2318 τῆς
2667 2251 2811 2307 ὀδοῦ
2830 2267 2966 2314 σου,
2999 2252 3028 2304 ό
3058 2251 3347 2322 Σύμμαχος
3403 2253 3725 2324 σαφέστερον

2163 2340 2420 2406 ἐξέδωκεν
2453 2341 2639 2395 εἰπών·
2697 2343 2850 2396 Οὐδὲ
2906 2343 3188 2412 μετετέθη
3235 2343 3305 2397 τὰ
3355 2347 3724 2412 ὑπορθοῦντα

2169 2429 2347 2498 ἡμᾶς·
2375 2431 2443 2484 ἐν
2465 2432 2625 2498 τόπῳ
2682 2432 3022 2499 κακώσεως·
3077 2433 3110 2504 ἢ
3173 2433 3311 2487 κατὰ
3342 2433 3432 2488 τὸν
3475 2435 3721 2488 Ἀκύλαν·

2164 2521 2552 2588 Συνέθλασας
2578 2521 2734 2592 ἡμᾶς
2761 2524 2832 2577 ἐν
2855 2525 3012 2589 τόπῳ
3033 2524 3347 2591 ἀνοικήτφ,
3383 2525 3478 2580 καὶ
3517 2525 3594 2597 (1)
3624 2527 3727 2580 ἐπ-

2162 2615 2485 2686 επώμασας
2523 2617 2668 2687 ἡμῖν
2721 2621 2901 2673 σκιὰν
2952 2619 3227 2675 θανάτου.
3288 2623 3407 2675 Οὐκ
3443 2622 3727 2676 ἐπελαθό-

2157 2707 2310 2777 μεθά
2359 2723 2475 2763 σου
2555 2709 2696 2765 οὐδὲ
2746 2711 3082 2782 παρέϐημεν
3126 2715 3232 2779 τὰς
3273 2713 3424 2782 πρὸς
3453 2713 3528 2766 σὲ
3572 2729 3728 2768 συν-

2162 2797 2371 2865 θήκας.

2226 2913 2292 2965 El
2318 2912 2721 2983 ἐπελαϐόμεθα
2747 2915 2852 2968 τοῦ
2899 2916 3184 2985 ὀνόματος
3216 2915 3319 2970 τοῦ
3352 2916 3494 2969 Θεοῦ
3537 2915 3723 2985 ἡμῶν,

2163 3005 2259 3059 καὶ
2287 3008 2338 3060 ει
2366 3005 2797 3077 διεπετάσαμεν
2822 3007 3021 3077 χεῖρας
3071 3005 3239 3078 ἡμῶν
3283 3007 3430 3076 πρὸς
3453 3008 3597 3062 Θεὸν
3625 3010 3728 3062 ω-

503 3117 674 3156 nonne
709 3100 848 3152 Deus
879 3097 1102 3166 requiret
1127 3095 1259 3148 ista?
1277 3091 1484 3157 etc.Te,
1515 3092 1708 3162 inquit,
1742 3100 1935 3148 testem
1965 3093 2060 3147 ad-

2162 3099 2420 3167 λότριον·
2459 3100 2595 3168 οὐχὶ
2649 3103 2682 3154 ό
2719 3099 2861 3166 Θεὸς
2895 3098 3198 3168 ἑκζητήσει
3231 3099 3451 3162 ταῦτα;
3486 3100 3551 3152 Σὲ
3584 3101 3728 3173 μάρ-

495 3207 778 3256 vocamus,
817 3199 869 3244 te
915 3187 1152 3258 judicem
1207 3195 1261 3241 et
1315 3187 1710 3256 exploratorem
1771 3184 2056 3239 verborum

495 3291 832 3349 nostrorum,
866 3291 1028 3354 atque
1075 3281 1460 3351 cogitationum
1492 3277 1693 3342 cordis,
1725 3293 1846 3347 qua:
1890 3277 2059 3347 pluri-

493 3378 600 3432 mis
638 3377 825 3431 latent.
858 3377 937 3430 Tu
975 3377 1157 3446 itaque
1202 3375 1368 3440 nosti,
1405 3374 1451 3428 si
1487 3373 1653 3427 tantis
1683 3371 1864 3426 amicti
1900 3371 2058 3442 malis

491 3477 547 3523 et
586 3466 851 3521 humiliati
883 3465 936 3520 in
963 3465 1083 3521 loco
1122 3463 1449 3526 aﬁlictionis,
1478 3461 1655 3532 Operti
1689 3460 1880 3514 umbra
1911 3475 2057 3513 mor-

491 3561 586 3626 tis,
613 3561 666 3615 in
707 3559 1033 3615 oblivionem
1078 3557 1317 3611 nominis
1366 3555 1445 3609 tui
1491 3555 1760 3620 venimus,
1787 3560 1842 3607 et
1871 3553 1918 3607 si
1947 3567 2053 3606 non

492 3654 692 3710 ﬁducia
734 3654 879 3724 pleni
924 3653 979 3706 in
1035 3649 1253 3705 nomine
1282 3657 1377 3703 tuo
1402 3647 1614 3719 gloriati
1651 3661 1839 3702 sumus
1873 3664 1886 3700 :
1918 3648 1964 3698 si
1989 3643 2057 3698 de

491 3747 697 3801 auxilio
720 3752 814 3800 tuo
843 3745 1217 3813 desperantes,
1246 3741 1315 3795 ad
1343 3741 1508 3794 alium
1537 3739 1826 3810 quemdam
1872 3751 2056 3791 acces-

491 3840 685 3901 simus,
717 3851 1022 3904 manusque
1072 3833 1164 3886 alii
1227 3833 1335 3886 Deo
1361 3831 1737 3901 cxpandimus.
1768 3828 1970 3883 Horum
1998 3837 2055 3880 tu

487 3931 657 4001 judex
685 3945 744 3984 es
782 3947 797 3983 :
829 3927 975 3981 nosti
1004 3926 1148 3980 enim
1195 3924 1513 3979 abscondita
1563 3921 1747 3977 cordis
1773 3928 1829 3975 et
1859 3919 2056 3990 cogita-

490 4022 690 4086 tiones,
722 4018 774 4071 iu
802 4017 1000 4086 quibus
1041 4023 1343 4077 versantes,
1372 4013 1612 4082 quotidie
1649 4012 1866 4081 pietatis
1891 4024 2056 4064 causa

491 4120 666 4169 morte
693 4108 976 4162 allicimur.
1008 4105 1142 4160 Nam
1169 4109 1261 4175 qui
1308 4105 1363 4157 in
1395 4103 1622 4175 singulis
1664 4102 2055 4157 tentationibus

492 4205 547 4258 in
589 4199 868 4273 proposito
893 4198 1083 4252 habuit
1129 4205 1357 4251 mortem
1391 4211 1491 4267 pro
1521 4196 1745 4248 veritate
1773 4193 1977 4257 subire,
2009 4195 2054 4248 is

492 4310 625 4352 sane
674 4289 852 4360 quoad
900 4290 1154 4344 virtutem
1210 4287 1473 4356 propositi
1527 4284 1681 4340 obiit.
1736 4282 1794 4339 Id
1841 4297 2055 4353 quoque

490 4385 783 4459 Apostolus
833 4379 1064 4446 dicebat,
1107 4375 1364 4448 quoniam
1409 4375 1721 4446 frequentes
1767 4379 1942 4436 erant,
1992 4387 2054 4426 ac

2160 3207 2318 3262 τυρα,
2337 3190 2521 3261 φησιν,
2546 3190 2981 3260 άνακαλούμεθα,
3007 3193 3197 3262 κριτήν
3228 3207 3287 3242 τε
3315 3191 3405 3243 καὶ
3438 3190 3727 3264 ἐξεταστὴν

2112 3284 2120 3290 ’
2158 3282 2266 3336 τῶν
2299 3283 2579 3354 ἡμετέρων
2602 3283 2774 3351 λόγων
2805 3284 2900 3336 καὶ
2929 3283 3034 3335 τῶν
3080 3282 3219 3336 κατὰ
3269 3282 3504 3337 διάνοιαν
3535 3282 3729 3336 λανθα-

2160 3375 2354 3428 νόντων
2384 3376 2511 3438 τοὺς
2543 3374 2769 3439 πολλοὺς
2790 3374 3081 3445 λογισμῶν.
3111 3375 3280 3438 Αὐτὸς
3311 3374 3441 3444 γοῦν
3459 3370 3633 3436 οἶσθα,
3651 3376 3724 3438 εί,

2159 3467 2394 3521 τοσαῦτα
2420 3467 2682 3531 παθόντες
2739 3469 2832 3521 καὶ
2886 3467 3315 3531 ταπεινωθέντεςὲ
3337 3467 3394 3520 ὲν
3424 3468 3571 3538 τόπῳ
3627 3485 3730 3520 κα-

2161 3555 2402 3620 κώσεως,
2438 3557 2532 3610 καὶ
2552 3556 2913 3626 καλυφθέντες
2965 3557 3071 3610 ὑπὸ
3100 3558 3198 3626 τῆς
3245 3558 3402 3620 σκιᾶς
3444 3555 3537 3608 τοῦ
3570 3555 3730 3609 θανά-

2159 3664 2271 3710 του,
2305 3646 2473 3718 λήθην
2503 3645 2596 3698 τοῦ
2629 3645 2888 3716 ὀνόματός
2921 3661 3014 3697 σου
3047 3644 3408 3716 πεποιήμεθα’
3441 3644 3534 3698 καὶ
3564 3645 3610 3695 εί
3651 3643 3726 3714 μὴ

2160 3741 2251 3792 ἐπὶ
2276 3737 2351 3808 τῷ
2385 3737 2461 3807 σῷ
2482 3737 2702 3808 ὀνόματι
2731 3737 3034 3808 παρρησίας
3067 3735 3326 3807 γέμοντες
3346 3733 3721 3806 ὲκαυχώμεθα·

2159 3830 2281 3883 εἰδὲ
2316 3830 2427 3894 καὶ,
2457 3829 2782 3898 ἀπογνόντες
2814 3828 2912 3900 τὴν
2966 3829 3119 3898 παρὰ
3184 3827 3275 3880 σοῦ
3308 3827 3576 3898 βοήθειαν,
3634 3829 3728 3879 ἐπὶ

2158 3921 2340 3992 ’ἐτερόν
2371 3939 2493 3975 τινα
2524 3921 2774 3992 ἤλθομεν,
2800 3921 2968 3991 ἑτέρῳ
2999 3919 3115 3990 Θεῷ
3141 3922 3327 3990 χεῖρας
3355 3917 3727 3971 ἀναπετάσαν-

2157 4031 2266 4077 τες·
2303 4015 2397 4067 κα¹ι
2427 4013 2631 4066 τούτων
2668 4014 2730 4066 σὺ
2760 4013 2950 4084 κριτὴς
2996 4011 3301 4082 τυγχάνεις.
3341 4007 3512 4065 Οἶσθα
3543 4010 3598 4063 δὲ
3632 4011 3726 4063 καὶ

2157 4105 2226 4159 τά
2255 4106 2460 4178 κρύφια
2490 4105 2589 4175 τῆς
2617 4105 2840 4176 καρδίας
2890 4105 2982 4158 καὶ
3033 4106 3156 4167 τοὺς
3187 4103 3476 4174 λογισμοὺς
3507 4102 3722 4165 αὐτοὺς,

2158 4198 2216 4249 ὲν
2253 4191 2333 4259 οἷς
2364 4193 2488 4247 καθ’
2522 4193 2758 4264 ἑκάστην
2788 4193 2997 4264 ἡμέραν
3015 4191 3176 4244 ἓνεκα
3205 4191 3302 4261 τῆς
3328 4188 3604 4250 εὐσεόείας
3639 4187 3726 4240 θα-

2157 4286 2481 4358 νατούμεθα.
2553 4285 2610 4338 ’0
2667 4283 2775 4355 γάρ
2834 4287 2901 4354 τῇ
2950 4283 3199 4354 προθέσει
3249 4282 3597 4352 λογισάμενος
3639 4279 3722 4346 ἔφ’

2159 4381 2370 4450 ἑκάστῳ
2392 4377 2678 4450 πειρασμῷ
2735 4378 2826 4430 τὸν
2872 4377 3010 4448 ὑπὲρ
3065 4375 3315 4446 ἀληθείας
3371 4372 3724 4438 ἀναδέξασθαι

493 4477 724 4537 subinde
751 4473 992 4545 repetitae
1023 4469 1449 4543 persecutiones,
1471 4478 1526 4524 et
1557 4467 1872 4522 vexationes
1907 4481 2056 4519 mor-

2161 4469 2409 4533 θάνατον,
2444 4467 2667 4537 δυνάμει
2685 4468 2712 4519 ὁ
2732 4465 2968 4528 τοιοῦτος
2989 4464 3233 4534 τέθνηκε.
3270 4463 3380 4517 Καὶ
3400 4466 3428 4516 ὁ
3473 4463 3723 4515 Ἀπόστο-

492 4583 597 4627 tem
627 4570 730 4641 ipsi
761 4568 1106 4631 minitantes;
1139 4564 1228 4618 ille
1264 4578 1393 4616 vero
1436 4563 1490 4616 in
1539 4560 1768 4630 singulis
1801 4558 2053 4613 tentatio-

490 4667 655 4721 nibus
686 4672 908 4734 paratus
932 4671 1050 4716 erat
1073 4659 1138 4713 ad
1168 4658 1392 4712 ﬁrmiter
1428 4652 1852 4710 concertandum
1880 4665 2053 4718 usque

491 4758 555 4812 ad
584 4764 836 4820 mortem,
869 4753 991 4807 ideo
1014 4752 1137 4821 jure
1166 4765 1224 4804 se
1249 4747 1487 4818 quotidie
1515 4745 1652 4800 mori
1687 4744 1919 4799 dicebat.
1945 4740 2052 4794 Ea-

491 4850 613 4905 dem
645 4849 826 4918 itaque
858 4852 1036 4900 mente
1073 4843 1148 4897 illi
1177 4842 1448 4912 quondam
1481 4839 1755 4909 propheta:
1791 4836 1880 4892 Dei
1913 4849 2052 4906 prte-

492 4939 743 4995 sentibus
795 4936 957 4991 dictis
1001 4936 1114 4990 haec
1161 4933 1581 5005 signiﬁcabant:
1616 4931 1675 4985 ln
1719 4929 2053 4985 absconditis

492 5031 695 5086 nostris
736 5028 1116 5085 occidebamur
1159 5025 1438 5097 quotidie;
1490 5025 1598 5079 imo
1629 5037 1757 5078 vero
1802 5022 2053 5076 aestimati

491 5139 673 5180 sumus
709 5123 842 5176 sicut
871 5137 985 5176 oves
1013 5121 1307 5175 occisionis.
1338 5117 1471 5172 Nam
1517 5132 1641 5172 cum
1689 5115 1855 5170 semel
1896 5113 2050 5184 quasi

493 5217 550 5273 in
579 5213 906 5272 sacriﬁcium
934 5230 1030 5285 pro
1055 5213 1305 5267 universo
1329 5211 1528 5282 populo
1551 5225 1650 5264 nos
1673 5207 2050 5268 obtulerimus,

493 5317 676 5365 mente
726 5322 790 5363 ac
843 5307 1119 5378 proposito
1171 5304 1432 5359 immolati
1471 5317 1684 5366 sumus,
1718 5310 1775 5354 ut
1820 5308 1875 5353 tu
1913 5300 2048 5368 ipse,

495 5401 658 5466 Deus,
691 5399 996 5455 testiﬁcaris
1031 5414 1043 5449 :
1076 5397 1226 5452 solus
1277 5407 1515 5462 namque
1561 5392 1704 5446 nosti
1735 5391 2053 5446 abscondita

492 5493 695 5549 cordis.
723 5491 989 5558 Quoniam
1038 5488 1205 5558 igitur
1255 5491 1404 5539 tanta
1435 5483 1676 5553 perpessi
1703 5497 1914 5547 sumus,
1945 5496 2058 5536 me-

564 5672 639 5733 (l)
681 5669 908 5723 Drusius
950 5669 1092 5721 hanc
1143 5673 1203 5718 ut
1254 5662 1453 5733 quinm
1485 5661 1736 5716 editionis
1769 5660 2053 5733 lectionem

494 5740 668 5806 aﬂ'ett,
702 5740 784 5794 his
818 5738 994 5794 verbis
1025 5732 1450 5805 ;Ἑπεπώμασας
1483 5736 1634 5804 ἡμῖν,
1667 5732 1874 5803 Aquila:
1924 5746 2053 5786 vero

2157 4561 2244 4624 λος
2266 4561 2322 4614 δὲ
2353 4561 2508 4614 τοῦτο
2539 4561 2738 4629 ἔλεγεν,
2774 4558 2957 4628 ἐπειδὴ
3005 4561 3244 4628 συνεχεῖς
3268 4553 3406 4627 ἦσαν
3431 4556 3523 4608 καὶ
3554 4554 3720 4608 ἐπάλ-

2158 4652 2307 4723 ληλοι
2341 4652 2590 4722 διωγμοὶ,
2623 4653 2716 4705 καὶ
2734 4653 2782 4703 οἱ
2801 4650 3170 4719 περισπασμοὶ
3198 4648 3418 4702 θάνατον
3445 4643 3721 4699 ἀπειλοῦν-

2157 4762 2247 4807 τες
2307 4745 2474 4815 αὐτῷ.
2539 4744 2595 4796 '0
2634 4743 2690 4796 δὲ
2748 4741 2867 4795 καθ’
2925 4728 3154 4794 ἕκαστον
3218 4739 3517 4809 πειρασμὸν
3584 4754 3722 4807 παρ-

2159 4835 2454 4888 εσκεύαστο
2488 4835 2816 4898 ὲνστατικῶς
2882 4832 3040 4904 μέχρι
3074 4832 3299 4885 θανάτου
3333 4829 3716 4897 ἀγωνίσασθαι·

2157 4927 2235 4981 διὸ
2266 4928 2488 4991 εἰκότως
2517 4928 2634 4980 καθ’
2669 4929 2880 4998 ἡμέραν
2921 4924 3282 4996 ἀποθνήσκειν
3334 4922 3505 4990 ἔλεγε.
3540 4921 3721 4992 Ταύτῃ

2158 5018 2251 5074 οὖν
2283 5024 2348 5092 τῇ
2373 5021 2577 5091 διανοίᾳ
2597 5019 2687 5073 καὶ
2718 5020 2766 5071 οἳ
2795 5017 2960 5070 πάλαι
2992 5016 3088 5069 τοῦ
3143 5015 3275 5069 Θεοῦ
3322 5014 3592 5085 προφῆται
3637 5013 3722 5064 διὰ

2159 5115 2265 5168 τῶν
2291 5113 2661 5185 προκειμένων
2691 5112 2862 5164 ταῦτα
2884 5111 3137 5180 ἔφασκον·
3183 5109 3270 5162 Ἐν
3318 5107 3427 5180 γὰρ
3454 5110 3566 5169 τοῖς
3592 5123 3722 5177 κρυ-

2160 5204 2301 5273 φίοις
2326 5203 2483 5274 ἡμῶν
2514 5201 2917 5272 ἐθανατούμεθα
2951 5203 3126 5254 πᾶσαν
3159 5200 3387 5270 ἡμέραν.
3435 5196 3590 5249 Ἀλλὰ
3612 5199 3721 5265 γάρ

2158 5297 2252 5349 καὶ
2280 5296 2676 5365 ἐλογίσθημεν
2707 5296 2784 5360 ὡς
2817 5295 3076 5361 πρόϐατα
3118 5290 3377 5360 σφαγῆς·
3441 5286 3585 5354 ἅπαξ
3611 5290 3721 5357 γὰρ

2155 5388 2377 5450 ἑαυτοὺς
2409 5386 2848 5457 παραδεδωκότες
2877 5384 3063 5455 ὥσπερ
3095 5385 3174 5445 εἰς
3214 5382 3402 5435 θυσίαν
3433 5380 3551 5434 ἀντὶ
3585 5395 3722 5430 παν·-

2152 5480 2243 5543 τὸς
2272 5478 2366 5532 τοῦ
2397 5479 2548 5544 λαοῦ,
2577 5477 2655 5548 τῷ
2684 5475 2925 5550 λογισμῴ
2959 5475 3053 5529 καὶ
3080 5476 3144 5545 τῇ
3174 5473 3426 5545 προθέσει
3459 5471 3720 5540 ἐσφαγιά-

2161 5658 2321 5713 lectio
2367 5657 2506 5726 apud
2555 5657 2807 5711 Drusium
2861 5656 2939 5712 sic
2989 5656 3150 5712 habet
3187 5675 3199 5710 :
3231 5656 3339 5709 Καὶ
3375 5654 3724 5724 ἐπεκάλυψας

2159 5731 2304 5799 ἡμᾶς
2333 5731 2388 5781 ὲν
2425 5729 2548 5797 σκιᾷ
2583 5727 2829 5781 θανάτου.
