4024 6202
289 260 394 320 389

1403 266 1895 326 COMMENTARIA
1926 269 1994 324 IN
2030 268 2366 327 PSALMOS.

3414 279 3520 336 390

290 379 516 451 σθημεν,
543 381 619 446 ὡς
649 383 811 447 αὐτὸς
839 386 905 439 σὺ
937 386 966 439 6
988 385 1133 450 ’Θεὸς
1167 390 1475 459 μαρτυρεῖς·
1539 393 1697 459 μόνος
1747 389 1815 458 γὰ

1918 434 1929 461 ι
1957 392 2064 446 rito
2095 408 2218 448 cum
2250 392 2446 447 ﬁducia
2483 402 2536 448 te
2577 392 2645 447 ad
2680 409 2782 449 nos
2812 393 3201 460 convertimus,
3231 405 3285 450 et
3312 396 3520 451 excita-

288 470 575 539 γινώσκεις
605 473 673 527 τά
707 475 915 547 κρύφια
944 479 1042 549 τῆς
1073 479 1316 553 καρδίας.
1364 479 1511 531 Ἐπεὶ
1559 480 1736 533 τοίνυν
1766 498 1815 533 τι

1957 498 2079 538 mus
2124 486 2277 552 quasi
2306 483 2682 551 dormientem,
2711 484 3089 556 dicimusque:
3122 486 3298 553 Quare
3326 488 3518 543 obdor-

288 561 461 615 σαῦτα
490 564 853 636 πεπόνθαμεν,
901 569 1122 632 εἰκότως
1184 569 1319 639 μετά
1374 570 1683 642 παρρησίας
1731 575 1852 626 ἐπι-

288 653 593 724 στρέφομέν
626 673 685 710 σε
719 658 852 729 πρὸς
878 662 1021 731 ἡμᾶς
1052 661 1145 714 καὶ
1172 661 1507 733 διεγείρομεν
1546 662 1734 735 ὥσπερ
1759 682 1851 717 κα-

287 739 538 797 θεύδοντα
565 747 663 800 καί
702 766 897 819 φαμεν·
935 752 1055 805 Ἵνα
1081 751 1138 804 τί
1169 752 1401 819 ὐπνοῖς,
1426 755 1638 821 Κύριε;
1678 754 1845 808 Ἀνά-

281 838 479 902 στηθι,
515 838 610 891 καὶ
648 838 733 908 μὴ
761 839 970 911 ἀπώσῃ
1005 846 1091 908 εἰς
1119 842 1310 909 τέλος·
1345 843 1379 914 ἦ
1417 843 1560 898 κατά
1588 846 1678 898 τὸν
1702 846 1846 918 Σύμ-

284 942 476 995 μαχον·
515 928 646 983 Ἵνα
684 930 741 983 τί
809 932 888 998 ὡς
918 936 951 986 ὁ
1003 933 1211 988 ὑπνῶν
1258 929 1333 1001 εἷ,
1390 934 1692 1001 Δέσποτα;
1733 938 1849 1003 Ἐξ-

278 1012 561 1079 ύπνισον,
588 1019 684 1072 καὶ
706 1018 790 1087 μὴ
811 1020 1087 1090 ἀποϐάλῃ
1115 1025 1202 1088 εἰς
1228 1024 1424 1091 τέλος.
1449 1025 1512 1078 Ei
1532 1026 1639 1094 γὰρ
1661 1027 1752 1081 καὶ
1782 1030 1846 1081 ἐκ

272 1105 482 1179 μέρους
511 1109 713 1165 ἀπώσω
737 1111 825 1165 διὰ
855 1112 953 1177 τὰς
975 1113 1249 1185 ἁμαρτίας
1284 1114 1377 1168 τοῦ
1410 1115 1562 1180 λαοῦ,
1595 1117 1707 1170 ἀλλ’
1731 1121 1844 1171 ἱκε-

274 1196 506 1268 τεύομεν
527 1199 600 1271 μὴ
627 1202 708 1264 εἰς
737 1200 887 1265 τέλος
918 1201 1260 1269 ἀπώσασθαι,
1294 1203 1362 1257 τὰ
1386 1204 1431 1257 δ’
1466 1205 1707 1278 ἡμέτερα
1742 1224 1846 1261 πα-

1956 572 2079 635 mis,
2108 571 2369 625 Domine?
2397 571 2659 642 Exsurge,
2702 582 2749 626 et
2779 590 2840 626 ne
2857 574 3076 643 repellas
3106 575 3161 627 in
3185 575 3370 645 ﬁnem;
3405 580 3520 634 sive

1954 662 2251 718 secundum
2277 661 2658 734 Symmachum
2685 683 2698 718 :
2724 664 2900 731 Quare
2922 666 3058 719 velut
3082 665 3414 721 obdormiens
3438 686 3515 733 es,

1952 754 2213 808 Domine?
2228 753 2621 824 Eapergiscere,
2649 767 2698 809 et
2715 773 2777 809 ne
2806 756 3016 826 rejicias
3036 758 3089 810 in
3111 757 3289 827 finem.
3319 756 3518 812 Etiam-

1950 845 1997 901 si
2049 846 2190 900 enim
2245 846 2314 900 ob
2355 854 2573 915 peccata
2618 848 2803 917 populi
2838 863 2903 902 ex
2940 852 3093 917 parte
3136 849 3425 919 repuleris,
3458 857 3516 905 at

1951 952 2207 1007 rogamus
2254 952 2323 992 ne
2372 936 2426 991 in
2456 919 2614 993 linem
2646 939 2890 1007 rejicias;
2926 940 3021 995 sed
3051 939 3192 995 bona
3219 955 3384 1013 opera
3414 955 3514 996 no-

1953 1039 2066 1084 stra
2100 1044 2197 1100 pro
2233 1029 2485 1085 universo
2514 1032 2712 1103 populo
2736 1032 2994 1102 accipias.
3020 1031 3197 1103 Atque
3219 1033 3515 1089 observan-

1954 1114 2084 1170 dum
2150 1122 2254 1181 est,
2312 1115 2399 1170 bis
2458 1116 2773 1173 dualitatem
2837 1134 3196 1190 personarum
3224 1122 3517 1177 adumbra-

1953 1223 2024 1264 τι.

278 1288 600 1360 ραδέξασθαι
654 1291 1051 1366 κατορθώματα
1102 1294 1242 1367 ὖπὲρ
1272 1295 1366 1349 τοῦ
1398 1297 1596 1361 παντὸς
1642 1297 1796 1354 λαοῦ.
1846 1298 2313 1371 Ἐπισημήνασθαι
2338 1299 2393 1354 δὲ
2423 1300 2521 1366 δεῖ,
2545 1301 2625 1355 ὅτι
2656 1301 2819 1356 δυάδα
2854 1302 2929 1376 (1)
2960 1303 3261 1377 προσώπων
3290 1306 3321 1359 6
3356 1304 3515 1376 λόγος

271 1381 514 1452 ᾐνίξατο.

347 1500 470 1554 Ἵνα
499 1500 559 1553 τί
583 1500 647 1556 τὸ
663 1504 987 1571 πρόσαπτόν
1007 1518 1124 1560 σου
1148 1506 1546 1577 ἀποστρέφεις
1563 1521 1582 1571 ;
1601 1507 1836 1561 ἐπιλαν-

262 1587 421 1657 θάνῃ
451 1590 562 1657 τῆς
589 1595 884 1662 πτωχείας
904 1594 1072 1665 ἡμῶν
1090 1597 1187 1651 καὶ
1208 1597 1319 1666 τῆς
1348 1600 1608 1668 θλίψεως
1634 1599 1832 1669 ἠμῶν;

271 1677 588 1778 Σύμμαχος·
627 1682 770 1778 ’Ἰνα-
786 1683 846 1736 τι
882 1683 950 1737 τὸ
1004 1686 1328 1753 πρόσωπόν
1363 1705 1480 1778 σου
1534 1689 1830 1757 κρύπτεις,
1860 1723 1904 1778 Β

264 1769 643 1840 ἐπιλανθάνῃ
699 1771 806 1841 τῆς
841 1776 1154 1844 κακώσεως
1180 1777 1346 1846 ἡμῶν
1390 1777 1490 1833 καὶ
1538 1781 1795 1848 θλίψεως
1810 1796 1831 1844 ;

269 1858 550 1931 Κρύπτεις
581 1862 679 1932 μὲν
726 1864 788 1917 τὸ
833 1866 1027 1920 ἑαυτοῦ
1085 1868 1391 1940 πρόσωπον,
1444 1872 1472 1924 6
1528 1870 1680 1935 Θεὸς,
1736 1871 1830 1925 καὶ

266 1952 628 2024 ἀποστρέφεις
688 1957 823 2028 πρὸς
867 1958 928 2012 τὸ
982 1959 1055 2032 μὴ
1105 1961 1320 2031 βλέπειν
1376 1962 1446 2016 τὰ
1496 1963 1694 2035 αἰσχρά
1735 1965 1830 2018 καὶ

267 2043 513 2114 ἀπρεπῆ,
548 2047 760 2119 καὶτῆς
788 2050 887 2120 σῆς
908 2049 1032 2117 θέας
1062 2052 1332 2125 ἀλλότρια.
1377 2054 1512 2107 Ἀλλ’
1529 2057 1648 2110 ἐπεὶ
1669 2058 1828 2127 ἡμεῖς

254 2132 358 2184 -ὲπὶ
390 2135 498 2197 τοῖς
522 2133 751 2207 λεχθεῖσι
802 2138 1182 2211 κατορθώμασι
1235 2142 1542 2213 παρρησίαν
1600 2143 1823 2213 ἄγομεν,

252 2221 363 2276 ἵνα
391 2222 449 2275 τί
473 2222 538 2277 τὸ
581 2226 902 2293 πρόσωπόν
947 2245 1064 2285 σου
1113 2231 1433 2299 κρύπτεις;
1492 2232 1738 2286 Τοσαῦτα
1767 2233 1824 2286 δὲ

255 2312 573 2383 πασχόντων
604 2319 696 2370 καὶ
728 2319 1177 2376 κακοπαθούντων
1198 2323 1296 2394 τῆς
1328 2323 1428 2394 σῆς
1465 2324 1647 2377 ἕνεκεν
1667 2323 1822 2376 εύσεο

253 2402 424 2468 ϐείας,
461 2406 560 2459 ἵνα
586 2408 644 2460 τι
671 2408 1040 2482 ἐπιλανθάνῃ
1096 2411 1205 2481 τῆς
1260 2415 1574 2481 κακώσεως
1620 2414 1820 2484 fuitin“;

245 2494 369 2566 ἤτοι
430 2494 536 2565 τῆς
583 2502 899 2569 πτωχείας,
935 2503 1076 2558 κατά
1130 2507 1256 2569 τοὺς
1302 2504 1719 2578 Ἐϐδομήκοντα.
1755 2506 1818 2560 Εί

250 2583 360 2655 γὰρ
385 2586 477 2639 καὶ
502 2587 713 2657 μεγάλα
737 2590 907 2645 ταῦτα
937 2592 1012 2656 ὡς
1040 2594 1177 2665 πρὸς
1224 2597 1370 2666 ἡμᾶς
1403 2598 1814 2670 κατορθώματα,

246 2675 362 2730 ἀλλ’
391 2676 467 2741 ὡς
499 2679 633 2750 πρὸς
663 2682 722 2734 σὲ
754 2684 931 2738 πάντα
963 2688 1152 2757 πτωχὰ
1194 2689 1285 2741 καὶ
1339 2690 1569 2761 σμικρὰ,
1596 2691 1690 2744 καὶ
1711 2692 1816 2746 ὀλί-

242 2784 430 2835 γιστα.
460 2770 603 2841 Πλὴν
630 2773 705 2836 ὡς
733 2772 792 2838 ἐξ
823 2774 978 2846 ἡμῶν
1009 2779 1237 2848 μεγάλα.
1272 2780 1363 2833 Διὸ
1394 2781 1705 2854 ἱκετεύομεν
1740 2782 1813 2856 μὴ

244 2856 420 2930 λήθην
453 2863 777 2933 ποιήσασθαι
803 2866 903 2936 τῆς
930 2869 1202 2941 ἡμετέρας
1256 2872 1542 2943 πτωχείας·
1576 2874 1814 2948 μνησθῆ-

249 2966 337 3003 ναι
360 2950 416 3004 δὲ
446 2953 659 3024 καὶτῆς
704 2956 932 3027 θλίψεως
976 2961 1153 3031 ἡμῶν,
1206 2959 1275 3037 ἧς
1317 2965 1685 3038 ὑπεμείναμέν
1715 2985 1808 3022 σου

2007 1501 2172 1558 Vens.
2200 1503 2293 1567 26,
2324 1502 2416 1558 25.
2459 1503 2637 1570 Quare
2663 1504 2851 1575 {aciem
2880 1516 3025 1561 tuam
3073 1510 3287 1575 avertis,
3318 1510 3510 1566 obliui-

1937 1596 2097 1650 sceris
2143 1595 2330 1665 inopia:
2361 1609 2559 1652 nostra:
2605 1607 2656 1652 et
2706 1597 3064 1655 tribulationis
3089 1604 3321 1657 nostrae?
3347 1602 3506 1676 Symr

1937 1688 2163 1743 machus
2191 1707 2203 1743 :
2233 1688 2407 1756 Quare
2436 1690 2625 1760 faciem
2651 1701 2797 1745 tuam
2829 1691 3131 1760 abscondis,
3176 1695 3501 1754 Oblivisceris

1930 1780 2226 1851 aﬁlictionis
2293 1791 2487 1836 nostra:
2531 1793 2581 1837 et
2632 1783 3029 1838 tribulationis?
3082 1785 3387 1844 Abscondis
3444 1798 3501 1845 et

1929 1874 2129 1929 avertis
2175 1872 2368 1929 faciem
2404 1882 2571 1941 tuam,
2599 1874 2761 1943 Deus,
2794 1891 2862 1931 ne
2891 1876 3075 1933 videas
3107 1879 3282 1949 turpia
3324 1879 3417 1936 illa
3442 1889 3497 1938 et

1928 1963 2211 2031 indecora,
2241 1973 2464 2036 aspectu
2498 1974 2595 2020 tuo
2620 1966 2815 2022 aliena.
2850 1965 2956 2022 Sed
2989 1969 3117 2038 quia
3143 1985 3245 2026 nos
3268 1970 3324 2026 in
3347 1981 3495 2029 recte

1925 2055 2105 2121 factis,
2144 2064 2205 2111 ut
2230 2057 2434 2112 dictum
2464 2066 2568 2122 est,
2606 2058 2857 2114 ﬁduciam
2898 2059 3183 2127 habemus,
3213 2080 3376 2135 quare
3401 2064 3490 2134 fa-

1923 2151 2053 2205 ciem
2112 2160 2258 2204 tuam
2287 2149 2604 2207 abscondis?
2631 2150 2696 2206 Et
2751 2167 2875 2207 cum
2931 2159 3012 2207 tot
3061 2155 3221 2211 malis
3269 2157 3488 2226 pietatis

1923 2256 2087 2299 causa
2131 2244 2430 2299 alliciamur
2459 2253 2513 2301 et
2539 2245 2933 2316 opprimemur,
2966 2263 3128 2317 quare
3169 2248 3488 2307 Oblivisceris

1922 2333 2250 2403 aﬁlictionem
2281 2335 2559 2388 nostram?
2609 2334 2722 2390 sive
2768 2334 3022 2404 inopiam,
3053 2336 3351 2392 secundum
3386 2338 3487 2395 Se-

1921 2424 2204 2495 ptuaginta
2233 2425 2579 2495 interpretes.
2611 2424 2761 2481 Licet
2786 2425 2953 2493 enim,
2979 2426 3168 2483 isthzec
3193 2428 3334 2484 bona
3355 2445 3486 2501 ope-

1920 2529 2004 2579 ra,
2031 2530 2225 2585 magna
2274 2516 2416 2583 quod
2462 2515 2529 2570 ad
2559 2532 2660 2572 nos
2689 2525 2897 2587 spectat
2930 2518 3359 2590 habenda‘sint;
3387 2539 3482 2579 ve-

1918 2621 2039 2661 rum
2066 2613 2328 2676 quantum
2355 2605 2423 2661 ad
2453 2615 2506 2663 te
2534 2607 2713 2661 omnia
2730 2622 2920 2679 egena,
2943 2609 3154 2664 modica
3184 2622 3237 2666 et
3258 2613 3482 2670 minima

1917 2707 2065 2753 sunt.
2080 2697 2467 2755 Verumtamen
2485 2699 2614 2770 quia
2644 2709 2894 2771 respectu
2916 2701 3089 2756 nostri
3113 2716 3306 2773 magna
3328 2715 3480 2771 sunt,

1916 2789 2038 2846 ideo
2065 2792 2438 2862 supplicamus
2467 2791 2566 2847 tibi
2600 2800 2658 2846 ut
2683 2808 2751 2848 ne
2787 2792 2984 2865 inopia:
3014 2795 3359 2853 obliviscaris
3380 2807 3483 2853 no-

1913 2887 2060 2945 strae,
2101 2892 2265 2953 utque
2314 2880 2642 2947 alllictionis,
2677 2899 2840 2953 quam
2892 2885 2971 2940 tui
3016 2900 3187 2942 causa
3233 2888 3477 2959 perpessi

1911 2987 2123 3036 sumus,
2153 2973 2476 3028 recorderis.
2510 2971 2577 3027 Et
2608 2973 2733 3044 quia
2761 2973 3042 3030 humiliata
3072 2984 3150 3031 est
3184 2978 3239 3031 in
3268 2980 3477 3048 pulvere

238 3044 428 3116 χάριν.
455 3046 566 3099 Καὶ
593 3047 721 3102 ἐπεὶ
750 3052 788 3118 ἡ
822 3050 992 3120 ψυχὴ
1028 3053 1194 3122 ἡμῶν
1241 3058 1327 3122 εις
1366 3058 1519 3126 χοῦν
1552 3061 1812 3114 τεταπεί-

1918 3065 2089 3117 anima
2119 3074 2320 3129 nostra,
2354 3080 2609 3136 rOgamus
2648 3066 3052 3122 inﬁrmitatibus
3083 3068 3289 3125 nostris
3318 3069 3475 3142 igno-

243 3151 447 3201 νωῑαι,
485 3137 787 3207 συγγνῶναι
808 3144 929 3206 ταῖς
957 3143 1258 3210 ἀσθενείαις
1289 3147 1446 3218 ἡμῶν
1473 3148 1801 3221 ἱκετεύομεν.

240 3223 353 3277 Καὶ
388 3225 621 3298 ἀλλαχοῦ
654 3229 708 3282 δὲ
736 3229 814 3301 τῷ
842 3231 990 3303 αὐτῴ
1009 3231 1149 3304 λόγῳ
1167 3235 1403 3290 δυσωπεῖ
1427 3236 1516 3290 τὸν
1537 3237 1687 3304 Θεὸν,
1720 3239 1803 3293 λέ-

232 3332 373 3384 γων·
407 3317 744 3388 Μνήσθητι,
795 3321 882 3375 ὅτι
921 3324 1071 3392 χοῦς
1098 3325 1300 3396 ἐσμεν·
1327 3327 1635 3398 ἅνθρωπος
1664 3332 1805 3387 ὡσεὶ

228 3405 451 3494 ,χόρτος
497 3410 559 3461 a’l
609 3407 817 3478 ἡμέραι
869 3414 1074 3469 αὐτοῦ.
1126 3415 1284 3470 Ἀλλά
1335 3418 1430 3472 καὶ
1488 3421 1528 3489 ἡ
1575 3423 1804 3494 γαστὴρ

232 3493 406 3564 ἡμῶν
431 3496 734 3568 ἐκολλήθη
762 3502 849 3567 εἰς
898 3500 1035 3571 γῆν.
1088 3505 1215 3559 Δέον
1265 3510 1373 3581 γὰρ
1399 3508 1568 3582 αὐτὴν
1598 3493 1804 3584 πεπλη-

229 3586 445 3658 ρῶσθαι
497 3590 752 3661 ναμάτων
780 3593 950 3662 ἁγίων
1000 3596 1095 3650 καὶ
1150 3599 1332 3670 πηγῆς
1388 3600 1577 3667 ὓδατος
1605 3603 1801 3670 ζῶντος

234 3676 528 3767 ἀλλομένου
585 3682 665 3744 είς
722 3681 865 3755 ζωὴν
890 3683 1125 3753 αἰώνιον,
1154 3687 1214 3753 ἐξ
1256 3690 1510 3764 ἀνυδρίας
1533 3695 1801 3767 ὑπερϐαλ-

1908 3170 2052 3211 scas.
2081 3155 2231 3210 Alias
2270 3171 2483 3227 quoque
2529 3157 2664 3228 ipsis
2694 3158 2879 3215 verbis
2903 3157 3070 3215 Deum
3104 3163 3357 3232 obsecrat
3388 3164 3474 3220 di-

1906 3260 2037 3301 cens
2064 3265 2077 3300 :
2104 3244 2399 3301 Recordare
2425 3249 2671 3316 quoniam
2695 3250 2864 3317 pulvis
2894 3267 3075 3306 sumus
3097 3267 3117 3307 :
3149 3253 3302 3310 homo
3332 3257 3468 3310 sicut

1904 3334 2080 3403 fenum
2124 3336 2235 3390 dies
2276 3337 2467 3404 ejus“.
2507 3337 2619 3392 lmo
2651 3340 2813 3392 etiam
2849 3338 3070 3393 adhwsit
3101 3349 3255 3397 terrae
3295 3355 3470 3400 center

1901 3437 2100 3482 noster.
2130 3426 2472 3497 Oportuisset
2500 3443 2631 3483 sane
2651 3428 2914 3498 repletum
2939 3429 3116 3499 ipsum
3144 3446 3266 3487 esse
3294 3434 3468 3489 sacris

1902 3515 2143 3582 ﬂuentis,
2172 3526 2337 3589 atque
2379 3518 2527 3574 fonte
2577 3533 2731 3589 aquae
2776 3518 2912 3573 vim
2941 3519 3188 3576 salientis
3214 3520 3271 3576 in
3298 3521 3467 3576 vitam

1901 3616 2180 3673 aeternam,
2216 3608 2312 3664 sed
2333 3624 2399 3664 ex
2425 3608 2593 3662 nimia
2621 3608 2869 3665 siccitate
2899 3608 3124 3664 adhazsit
3159 3619 3315 3666 teme
3342 3628 3464 3667 ven-

1902 3708 1980 3754 ter
2009 3709 2207 3756 noster.
2232 3699 2336 3756 Per
2364 3708 2605 3756 ventrem
2633 3708 2812 3756 autem
2835 3702 3151 3757 memoriam
3174 3704 3463 3776 intelligas,

228 3766 429 3868 ,λούσης
461 3771 499 3839 ἡ
530 3771 759 3842 γαστὴρ
778 3774 946 3844 ἡμῶν
969 3778 1271 3850 ἐκολλήθη
1288 3784 1376 3849 εις
1400 3781 1533 3852 γῆν.
1552 3766 1797 3860 Γαστέρα

1918 3791 2014 3848 sive
2048 3792 2347 3863 principem
2397 3794 2590 3848 anima:
2635 3802 2866 3864 partem,
2901 3794 2956 3848 in
2995 3810 3100 3865 qua
3144 3795 3464 3868 disciplinas

230 3857 290 3911 δὲ
311 3857 487 3932 ψυχῆς
512 3863 621 3961 νέει
649 3864 711 3917 τὸ
738 3869 1066 3938 μνημονικὸν
1089 3870 1275 3942 αὐτῆς,
1309 3873 1341 3944 ἢ
1389 3875 1483 3927 καὶ
1506 3874 1569 3928 τὸ
1597 3857 1798 3949 ἡγεμο-

1918 3857 2086 3941 νηιηέε
2127 3900 2191 3940 ac
2228 3857 2867 3957 speculationes-colligit
2902 3905 2917 3943 :
2949 3857 3162 3959 in-qua,
3198 3857 3463 3961 concepto

229 3951 400 4017 νικὸν,
426 3956 482 4008 ὲν
536 3948 581 4024 ᾧ
640 3957 816 4013 πάντα
865 3962 1082 4031 συνάγει
1133 3963 1203 4018 τά
1263 3964 1557 4038 μαθήματα
1600 3948 1795 4026 καὶντά

1918 3978 2124 4043 ιεηιίηε,
2150 3948 2435 4049 prae-gneus
2461 3975 2724 4045 efﬁcitur;
2753 3986 2809 4034 et
2836 3962 3119 4051 pbstquam
3147 3982 3457 4051 parturivit,

230 4042 579 4118 θεωρήματα·
601 4052 658 4104 ὲν
684 4043 729 4118 ᾧ
766 4053 859 4106 καὶ¹
889 4054 1109 4125 σπέρμα
1133 4056 1499 4131 ὑποδεξαμένη
1526 4059 1665 4126 κύει,
1699 4062 1794 4116 καὶ

1918 4069 2038 4123 parit
2082 4042 2334 4140 Spiritum
2367 4070 2582 4136 salutis,
2617 4079 2678 4125 ut
2706 4042 3085 4143 dicit-quidam
3271 4076 3460 4133 timore

228 4136 672 4213 τελεσφορήσασα
716 4146 881 4215 γεννᾷ
921 4147 1137 4218 πνεῦμα
1189 4149 1480 4222 σωτηρίας,
1535 4153 1673 4207 κατά
1701 4153 1792 4208 τὸν

1918 4179 2006 4224 uo,
2034 4161 2273 4227 Domine,
2300 4162 2355 4217 in
2381 4171 2529 4216 utero
2558 4163 2887 4233 concepimus
2914 4171 2963 4219 et
2990 4167 3388 4234 parturivimus,
3406 4180 3457 4222 et

226 4231 494 4302 φήσαντα·
537 4229 631 4288 Ἐκ
682 4234 788 4289 τοῦ
811 4234 1001 4300 φόϐου
1048 4255 1185 4305 σου,
1236 4243 1428 4310 Κύριε,
1462 4244 1532 4297 ἐν
1580 4248 1789 4316 γαστρὶ

1918 4254 2179 4322 operimus
2218 4254 2465 4324 spiritum
2508 4254 2700 4309 salutis
2721 4256 2787 4307 ⁶¹.
2821 4254 2946 4310 Haec
2974 4257 3276 4328 supplicum
3304 4274 3457 4315 more

221 4322 515 4395 ἐλάϐομεν
544 4327 641 4382 καὶ
672 4327 1068 4400 ὼδινήσαμεν,
1124 4333 1222 4387 καὶ
1250 4336 1530 4407 ἐτέκομεν
1557 4340 1790 4411 πνεῦμα

1918 4342 1969 4396 Ili
1993 4322 2266 4412 quondam
2299 4343 2580 4413 prophetae
2605 4342 2696 4398 Dei
2736 4352 2791 4400 et
2830 4345 2984 4413 probi
3012 4322 3297 4415 iii—populo
3327 4347 3452 4412 viri,

220 4418 539 4484 σωτηρίας.
563 4420 808 4474 Τοσαῦτα
833 4421 1185 4493 δυσωπητικά
1233 4427 1281 4478 oi
1328 4428 1490 4483 πάλαι
1521 4430 1614 4484 τοῦ
1652 4407 1787 4488 Θεοῦ

1918 4407 2027 4504 ττίρῖ
2052 4407 2328 4504 rogantes,
2359 4407 2678 4503 proferunt:
2705 4407 2851 4503 quod
2876 4434 3040 4488 etiam
3063 4407 3452 4505 impetrarunt;

223 4508 521 4579 προφῆται,
552 4512 645 4564 καὶ
667 4514 716 4565 οῖ
747 4513 1136 4585 κατορθοῦντες
1160 4518 1221 4569 ὲν
1251 4517 1326 4588 τῷ
1351 4517 1463 4591 λαῷ
1486 4521 1787 4593 δεηθέντες,

225 4596 526 4650 ἱκετεύουσι
554 4600 646 4652 καὶ
664 4600 981 4671 λυτρώσεως
1008 4609 1204 4675 τυχεῖν·
1223 4607 1251 4660 ὃ
1278 4608 1341 4680 δὴ
1364 4610 1456 4663 καὶ
1476 4613 1784 4685 γεγένηται·

220 4685 302 4738 ἔτι
358 4685 467 4758 γὰρ
514 4685 812 4743 λαλούντων
862 4692 1037 4747 αὐτῶν
1089 4695 1413 4762 εἰσακούσας
1443 4699 1472 4751 ὁ
1511 4700 1663 4765 Θεὸς,
1693 4720 1790 4773 με-

220 4776 619 4843 ταδάλλειτοὺς
665 4780 928 4851 ὀδυρμοὺς
957 4784 1136 4838 αὐτῶν
1180 4788 1276 4840 ἐπὶ
1320 4788 1383 4841 τὸ
1414 4791 1780 4865 φαιδρότερον.

220 4869 420 4938 Διόπερ
466 4871 592 4942 ἑξῆς
621 4875 670 4925 οί
702 4872 936 4928 τοσαῦτα
989 4878 1457 4953 ἀποκλαυσάμενοι
1512 4884 1653 4957 ὑπὲρ
1676 4887 1784 4943 τῶν

218 4959 727 5034 ἀλλοιωοησομένων
778 4968 1194 5039 προφητεύουσι,
1246 4974 1338 5026 καὶ
1393 4973 1534 5046 ᾠδὴν
1597 4977 1780 5048 ᾄδουσι

213 5051 314 5123 τὴν
347 5053 487 5125 ὑπὲρ
510 5054 601 5107 τοῦ
632 5056 758 5123 ’Δγα
770 5058 957 5128 πητοῦ,
978 5060 1042 5112 δι’
1058 5055 1119 5116 οὗ
1146 5062 1243 5135 τὴν
1268 5065 1451 5120 κακῶν
1472 5065 1781 5141 ἐλευθερίαν

1887 4538 2015 4579 nam
2040 4522 2221 4578 adhuc
2246 4524 2381 4593 ipsis
2404 4523 2773 4591 loquentibus,
2808 4523 3136 4593 propitiatus
3184 4521 3327 4579 Deus
3356 4524 3453 4580 lle-

1888 4622 2003 4669 tum
2028 4629 2216 4668 eorum
2249 4614 2304 4667 in
2337 4614 2576 4668 laetitiam
2612 4615 2792 4670 vertit.
2827 4613 2933 4681 Qui
2963 4615 3107 4670 enim
3135 4622 3214 4670 tot
3236 4630 3295 4671 se
3319 4615 3452 4671 ﬂeti-

1885 4705 1988 4760 bus
2008 4704 2288 4771 dederant,
2320 4705 2422 4762 sub
2450 4706 2566 4761 haec
2587 4705 2654 4762 de
2682 4706 3034 4762 immutandis
3055 4706 3444 4774 vaticinantur,

1883 4798 2263 4869 canticumque
2294 4814 2394 4870 pro
2431 4798 2640 4855 Dilecto
2674 4800 3053 4868 modulantur;
3088 4815 3198 4871 quo
3230 4816 3447 4871 permo-

1884 4897 1977 4946 tus
2001 4889 2178 4946 bonus
2208 4891 2298 4947 ille
2326 4890 2488 4957 Deus,
2514 4892 2799 4949 orantibus
2831 4892 3118 4964 propitius,
3139 4893 3440 4949 libertatem

1885 4995 1916 5033 a
1949 4981 2127 5044 malis,
2162 4988 2216 5036 et
2244 4983 2547 5037 animarum
2576 4984 3000 5055 redemptionem
3032 4985 3128 5040 toti
3162 4985 3439 5042 hominum

1886 5073 2067 5141 generi
2097 5074 2376 5145 elargitur.

215 5147 311 5199 καὶ
340 5145 447 5199 τῶν
470 5146 657 5217 ψυχῶν
684 5147 779 5220 τὴν
816 5150 1186 5223 ἀπολύτρωσιν
1206 5155 1235 5206 ὁ
1270 5156 1471 5224 ἀγαθὸς
1526 5161 1675 5224 Θεὸς,
1732 5162 2040 5228 ἐπακούσας
2070 5163 2177 5218 τῶν
2234 5164 2567 5237 εὐξαμένων,
2591 5167 2670 5240 τῷ
2696 5168 2857 5222 παντὶ
2906 5168 3051 5238 γένει
3079 5170 3186 5225 τῶν
3233 5170 3444 5244 ἀνθρώ-

216 5251 334 5292 πων
360 5237 686 5310 ἐδωρήσατο.

283 5399 329 5430 ⁸⁸
368 5397 513 5455 Psal.
546 5413 659 5463 cn,
695 5398 784 5455 i5.
858 5399 904 5431 “
944 5400 1050 5456 lsa.
1089 5416 1254 5468 xxvi,
1293 5402 1373 5459 18.

283 5551 359 5631 (ι)
399 5551 640 5631 Dualitas
666 5553 756 5609 illa
787 5569 1146 5631 personarum
1175 5555 1465 5631 signiﬁcat,
1490 5558 1618 5615 hinc
1638 5577 1766 5631 pro-

212 5623 402 5700 phetas
438 5622 733 5700 _j_us_tosque
770 5622 941 5689 viros,
974 5628 1069 5700 qui
1102 5622 1258 5700 pauci
1290 5643 1518 5700 numero
1544 5622 1764 5700 pro'po-

213 5693 321 5761 puli
371 5692 581 5751 delictis
626 5692 948 5766 precantur;
981 5692 1764 5773 i'nde'multitudinem'plcbis,

2009 5566 2133 5639 atis‘
2164 5566 2565 5639 sceleribusque
2609 5568 2875 5635 deditam;
2927 5578 2987 5623 ut
3010 5568 3124 5639 jam
3174 5564 3428 5637 superius

1874 5637 2181 5708 "explicavit,
2215 5653 2278 5694 ac
2311 5637 2453 5694 infra
2481 5637 2677 5711 repetit
2709 5640 2995 5697 Eusebius.
