3988 6202
488 278 594 340 391

1173 273 1439 331 EUSEBH
1477 267 1957 330 CASSABIENSlS
1991 266 2097 326 ΟΡ]

2199 265 2367 322 PARS
2432 262 2524 320 IlI.
2560 294 2633 304 --
2670 256 3079 315 EXEGETICA.

3614 252 3727 308 591

497 404 549 461 ι.
588 401 660 458 IN
696 398 927 457 FINEM.
964 394 1105 452 PRO
1128 393 1218 450 IIS
1240 393 1367 459 QUI“
1396 385 2049 461 ΕΟΜΜᾸΙἸῘᾼΒΗΝῙυ-ῑξ,
2082 402 2097 449 l

2199 385 2266 461 I2:
2280 383 2375 461 19
2404 375 2826 461 caestus!
2855 364 3730 461 ,ιεδοιιιέᾼρεεβηξρπιίεὲτειξδ

568 456 765 529 FiLllS
819 467 1026 529 cons,
1086 466 1178 521 AD
1231 456 1756 526 INTELLECTUM,
1816 456 2053 515 CANTI-

562 542 707 601 CUM
744 540 883 595 PRO
921 535 1209 592 DlLEGTO
1246 532 1432 588 XLIV.

562 634 733 689 Vens.
762 619 1131 687 2.°Eructavit
1163 643 1253 688 car
1281 642 1452 679 meum
1482 639 1691 679 vernum
1722 620 1935 683 bonum,
1972 617 2057 670 di-

497 741 557 780 co
599 738 692 791 ego
739 735 896 789 opera
933 734 1050 773 mea
1076 716 1201 786 regi.
1234 713 1438 786 Lingua
1466 731 1581 768 mea
1609 712 1847 767 calamus
1875 707 2061 764 scriba:

498 815 741 872 uelociter
769 810 1063 867 scribentis.
1100 809 1204 875 Qui
1244 808 1301 863 in
1342 807 1721 879 superioribus
1749 811 1830 857 tot
1855 810 2063 856 tantas-

498 922 605 978 que
633 907 901 976 lacrymas
946 901 1272 965 eﬂ‘uderant,
1297 899 1410 969 jam
1438 914 1537 969 pro
1565 898 1813 969 pristinis
1849 895 2064 951 ﬂetibus

499 998 716 1052 cantica
764 1006 817 1050 et
866 994 1168 1049 cantilenas
1220 990 1411 1055 edunt,
1454 999 1743 1046 narrantes
1789 996 2067 1043 auctorem

501 1090 605 1146 sibi
652 1087 970 1143 mutationis
1012 1101 1044 1140 a
1087 1084 1334 1156 pristinis
1366 1084 1769 1139 calamitatibus
1798 1082 2068 1136 Dilectum

502 1181 597 1237 Dei
629 1181 820 1245 fuisse,
852 1195 1015 1251 quem
1040 1177 1161 1233 ideo
1194 1178 1247 1231 in
1280 1178 1383 1233 hoc
1416 1185 1531 1231 toto
1575 1176 1792 1232 cantico
1821 1172 2071 1229 laudibus

501 1271 753 1329 elI‘erunt.
795 1272 864 1324 At
912 1270 1166 1340 quoniam
1216 1267 1405 1323 istinec
1454 1269 1617 1338 longo
1668 1276 1789 1337 post
1829 1274 2075 1333 tempore

503 1373 764 1421 eventura
785 1371 960 1427 erant,
981 1362 1105 1432 jure
1132 1361 1235 1415 hoc
1257 1362 1437 1425 titulo,
1462 1359 1527 1415 In
1544 1361 1719 1428 ﬁnem,
1736 1356 2075 1428 prophetiam

506 1458 744 1520 donant;
777 1456 892 1512 sive
924 1452 1239 1523 triumphale
1270 1454 1557 1517 canticum,
1599 1458 1693 1506 aut
1721 1449 1956 1504 uictoria:
1981 1463 2079 1500 au-

507 1549 660 1611 ctori,
691 1546 1017 1609 inscribunt,
1050 1545 1119 1599 ob
1150 1552 1335 1614 partas
1380 1542 1590 1598 scilicet
1612 1540 1679 1595 de
1705 1540 2081 1609 spiritualibus

525 1638 763 1695 inimicis
811 1637 1089 1692 victorias.
1119 1635 1298 1690 Titulo
1346 1641 1526 1688 autem
1572 1632 1898 1693 addiderunt
1929 1629 2079 1694 illud,

2225 435 2377 509 imi:
2405 451 2588 504 γιοιΣ
2623 435 2828 503 Korn.
2855 441 2965 495 E12:
2997 437 3312 502 ΣΥΝΕΣιΝ,
3357 435 3489 488 mn
3542 435 3735 489 ΥΠΕΡ

2229 525 2364 578 ΤΟΥ
2394 516 2767 576 ΑΓΑΠΗΤΟΥ
2794 511 2925 568 MA'.

2242 612 2636 684 Ἐξηρεύξατο
2659 608 2697 675 ’ἠ
2727 604 2940 674 καρδία
2968 618 3087 672 μου
3116 600 3302 669 λόγον
3353 596 3600 666 ἁγηθὸν,
3631 592 3741 649 λέ-

2161 728 2242 782 τω
2268 706 2382 778 ἐγὼ
2410 705 2481 759 τὰ
2510 704 2654 773 ἔργα
2673 717 2790 771 μου
2818 695 2898 763 τῷ
2925 692 3195 761 βασιλεῖ.
3237 691 3299 747 Ἠ
3320 686 3572 760 γλῶσσά
3613 704 3743 757 μου

2165 776 2432 870 κάλαμος
2480 790 2856 869 γραμματέως
2902 784 3265 856 ὀξυτριὶφου.
3289 782 3354 835 Οἱ
3397 779 3469 833 τὰ
3499 776 3744 832 τοσαῦτα

2165 893 2253 948 διὰ
2289 867 2396 945 τῶν
2422 867 2728 960 ἔμπροσθεν
2776 876 3251 945 ἀποκλαυσάμενοι
3303 870 3552 925 ἐντεῦθεν
3596 867 3742 939 ᾠδὰς
3786 938 3789 939 ν

2168 984 2263 1039 καὶ
2282 984 2500 1056 ᾅσματα
2521 978 2638 1033 ἀντὶ
2663 976 2770 1031 τῶν
2813 971 3092 1047 προτέρων
3119 965 3370 1039 ὀδυρμῶν
3407 963 3616 1036 ᾄδουσιν
3642 960 3744 1030 τῆς

2170 1076 2276 1131 ἀπὸ
2294 1053 2412 1128 ⁷τῶν
2439 1067 2774 1143 σκυθρωπῶν
2804 1062 3100 1138 μεταϐολῆς
3121 1059 3290 1114 αἴτιον
3320 1057 3499 1119 αὐτοῖς
3521 1053 3745 1124 γεγονέ-

2172 1184 2259 1221 ναι
2283 1164 2373 1218 τὸν
2431 1141 2731 1230 Ἀγαπητὸν
2762 1155 2838 1228 (Ι)
2869 1150 2963 1206 τοῦ
2978 1149 3112 1205 Θεοῦ
3135 1146 3438 1221 δηλοῦντες
3464 1143 3525 1197 ὃν
3554 1143 3652 1197 καὶ
3678 1141 3745 1194 δι’

2175 1258 2303 1326 ὅλης
2331 1254 2432 1324 τῆς
2462 1251 2603 1324 ᾠδῆς
2632 1244 2974 1318 ἀνυμνοῦσιν.
3018 1240 3156 1294 Ἀλλ’
3178 1239 3408 1309 ἐπείπερ
3430 1235 3611 1290 ταῦτα
3643 1250 3749 1304 μα-

2176 1351 2330 1422 κροῖς
2351 1345 2574 1415 ὕστερον
2595 1339 2805 1413 χρόνοις
2818 1333 3098 1406 γίγνεσθαι
3122 1330 3376 1402 ἡμελλεν,
3404 1327 3631 1390 εἰκότως
3646 1328 3751 1391 Εἰς

2178 1418 2245 1491 τό
2262 1435 2435 1500 τέλος
2460 1429 2824 1501 ἐπιγράφουσι
2854 1425 2952 1497 τὴν
2975 1419 3329 1494 προφητείαν,
3363 1419 3397 1490 ἢ
3430 1418 3751 1478 ἐπινίκιον,

2181 1531 2216 1602 ἢ
2248 1528 2327 1594 τῷ
2360 1521 2662 1588 νικοποιῷ,
2689 1518 2776 1574 διὰ
2816 1519 2883 1573 τὰ
2916 1516 3058 1571 κατά
3088 1513 3195 1569 τῶν
3227 1513 3431 1584 νοητῶν
3475 1509 3756 1580 πολεμίων

2183 1597 2490 1689 νικητήρια.
2522 1610 2870 1684 Προσέθηκαν
2930 1606 2989 1660 δὲ
3034 1607 3100 1676 τῇ
3152 1603 3424 1674 ἐπιγραφῇ
3468 1598 3553 1661 τὸ,
3600 1597 3759 1669 ὑπὲρ

506 1750 600 1803 pro
634 1732 700 1786 iis
728 1730 817 1800 qui
848 1727 1339 1790 commutabuntur,
1368 1724 1494 1794 quia
1526 1722 1630 1794 ipsi
1660 1724 1822 1777 etiam
1847 1721 1940 1791 qui
1969 1721 2084 1776 haec

2199 1688 2305 1765 τῶκ
2335 1699 2927 1771 ὼλλοιωθησομένων·
2957 1694 3142 1767 ἐπειδὴ
3184 1694 3279 1747 καὶ
3300 1692 3454 1746 αὐτοὶ
3478 1691 3527 1743 οἱ
3583 1688 3759 1743 ταῦτα

509 1830 816 1902 proferunt,
851 1842 883 1880 a
914 1823 1059 1878 tristi
1091 1833 1345 1877 sermone
1371 1816 1438 1871 ad
1460 1816 1634 1871 laetius
1657 1813 1930 1868 canticum
1954 1828 2077 1867 mu-

510 1922 770 1976 tationem
804 1918 1004 1974 fecere.
1029 1912 1144 1966 Imo
1169 1911 1333 1965 etiam
1368 1922 1488 1979 qua:
1516 1907 1574 1961 in
1604 1913 1719 1960 toto
1745 1904 1958 1959 cantico
1995 1902 2079 1958 fe-

512 2018 730 2072 runtur,
757 2006 1059 2063 mutatione
1105 1999 1372 2071 frequenti
1403 1998 1562 2069 plena
1591 2003 1739 2052 sunt.
1770 1992 1904 2047 Nam
1936 1992 2080 2048 Dile-

511 2112 635 2160 ctus
690 2100 807 2165 Dei,
876 2112 1001 2153 cum
1062 2092 1413 2162 semetipsum
1470 2088 1788 2154 exinanivit,
1851 2085 2079 2141 formam

514 2195 660 2252 servi
715 2191 989 2261 accipiens
1037 2199 1092 2245 et
1145 2187 1333 2243 habitu
1378 2184 1631 2240 inventus
1667 2194 1725 2237 ut
1755 2183 1941 2245 homo,
1974 2194 2081 2234 non

513 2300 736 2357 parvam
764 2282 1117 2337 mutationem
1151 2278 1426 2335 sustinere
1450 2277 1605 2334 visus
1633 2284 1739 2340 est,
1767 2275 1871 2332 etsi
1898 2281 2086 2345 utpote

517 2377 683 2442 Deus,
712 2373 1068 2431 immutabilis
1095 2379 1149 2429 et
1176 2369 1512 2426 invariabilis
1534 2368 1626 2425 sit.
1644 2367 1749 2435 Qui
1780 2381 1911 2422 vero
1938 2366 2086 2421 illius

519 2485 684 2543 Opera
716 2485 747 2524 a
781 2468 1095 2539 captivitate
1123 2462 1329 2519 diaboli
1350 2460 1638 2531 redempti,
1667 2458 1735 2513 ad
1782 2458 2087 2514 libertatem

518 2564 758 2620 ﬁliorum
786 2560 881 2615 Dei
914 2557 1167 2612 translati
1191 2561 1344 2620 sunt,
1378 2548 1746 2625 pulcherrima
1771 2550 1932 2623 plane
1968 2564 2090 2603 mu-

518 2654 724 2708 tatione
776 2658 905 2706 sunt
949 2646 1149 2703 atiecti.
1175 2646 1359 2713 Quare
1387 2652 1683 2699 memorata
1726 2642 1817 2698 his
1849 2642 1905 2697 in
1951 2640 2089 2695 locis

521 2745 709 2816 regina
753 2742 975 2813 jubetur
1017 2738 1265 2795 oblivisci
1293 2735 1552 2807 populum
1584 2750 1744 2790 suum
1790 2743 1845 2789 et
1871 2734 2090 2788 domum

522 2838 696 2913 patris
734 2834 841 2898 sui,
869 2840 921 2888 et
958 2832 1064 2885 ﬁlia
1086 2830 1215 2902 Tyri
1246 2828 1550 2898 alienigena
1600 2826 1668 2881 ad
1714 2825 1994 2896 pulchram
2028 2825 2067 2878 il

523 2931 635 2986 lam
666 2929 1021 2985 mutationem
1045 2931 1333 2988 evocatur;
1381 2920 1628 2989 virgines
1659 2931 1877 2987 quoque
1907 2923 1961 2972 et
1999 2915 2093 2969 lilii

526 3021 746 3094 quidam
778 3037 872 3090 pro
901 3016 1141 3089 patribus
1168 3015 1301 3080 nati,
1335 3013 1522 3085 populi
1563 3011 1726 3067 etiam
1772 3007 1882 3064 Deo
1924 3009 2095 3063 conli-

528 3121 726 3179 tentes,
756 3110 943 3167 eadem
972 3108 1269 3163 mutatione
1295 3105 1502 3178 dignati
1525 3110 1673 3159 sunt.
1705 3101 1948 3169 Quorum
1977 3115 2096 3155 om-

528 3202 681 3259 nium
709 3215 874 3256 causa
897 3198 1169 3253 canticum
1192 3212 1287 3262 pro
1319 3196 1386 3250 iis
1417 3195 1505 3267 qui
1534 3191 1996 3248 commutabuntur
2017 3189 2097 3245 in-

531 3293 797 3364 scriptum
827 3298 945 3359 est;
979 3290 1082 3353 vel,
1106 3287 1406 3346 secundum
1445 3285 1719 3356 Aquilam,
1752 3282 1815 3336 de
1833 3281 1994 3345 (iliis;
2024 3280 2099 3335 si-

531 3404 618 3451 ve,
650 3383 951 3441 secundum
985 3380 1394 3453 Symmachum,
1424 3393 1520 3448 pro
1551 3375 1792 3445 ﬂoribus.
1839 3371 1974 3427 Nam
2004 3371 2099 3443 qui

533 3475 856 3533 commutati
895 3481 1046 3538 sunt,
1076 3475 1277 3528 bonum
1331 3471 1604 3542 spirantes
1651 3468 1896 3530 odorem,
1939 3475 2102 3535 atque

533 3586 673 3628 nova
703 3569 959 3626 Ecclesia:
992 3566 1254 3639 plantalio
1276 3564 1474 3628 elIecti,
1504 3563 1609 3616 hoc
1653 3559 1872 3615 nomine
1920 3556 2103 3629 appel-

534 3664 631 3719 lati
660 3671 808 3719 sunt.
834 3661 1015 3728 Quare
1050 3668 1108 3712 ut
1134 3659 1248 3712 inec
1291 3654 1519 3724 intelligi
1568 3658 1816 3723 possent,
1846 3661 2103 3703 necessa-

536 3756 621 3812 rio
649 3756 893 3810 auditum
925 3752 982 3807 in
1010 3750 1169 3807 titulo
1200 3747 1322 3814 fuit,
1353 3746 1422 3800 ad
1461 3744 1822 3805 intellectum;
1853 3747 1913 3794 ut
1946 3736 2106 3793 intel-

538 3849 772 3920 ligamus
824 3851 993 3899 totam
1039 3838 1311 3896 sermonis
1357 3836 1553 3893 seriem
1588 3834 1863 3889 canticum
1897 3843 1997 3900 pro
2026 3826 2110 3880 Di-

540 3943 682 3997 lecto
713 3934 1030 4006 complecti;
1060 3940 1174 3995 aut,
1195 3931 1495 3987 secundum
1532 3925 1939 3999 Symmachum,
1966 3920 2110 3974 (Jan-

543 4036 703 4088 ticum
734 4033 787 4084 in
827 4028 1106 4082 Dilectum.
1140 4024 1253 4079 Hoc
1281 4032 1460 4077 autem
1512 4020 1567 4073 in
1620 4019 1741 4074 loco
1777 4014 1960 4070 omnia
1990 4026 2112 4082 quae

542 4124 611 4179 de
628 4123 836 4178 Dilecto
868 4119 1114 4174 feruntur
1141 4114 1365 4182 colligas
1394 4116 1645 4181 oportet;
1675 4107 1837 4179 quale
1865 4114 1950 4160 est
1978 4101 2111 4157 illud

544 4215 698 4273 Isaiae
725 4231 740 4270 :
776 4210 1013 4267 Cantabo
1044 4222 1169 4262 sane
1200 4203 1404 4258 Dilecto
1445 4202 1712 4255 canticum
1742 4196 1932 4251 Dilecti
1951 4194 2112 4248 vinea:

548 4323 698 4364 meae.
732 4305 894 4361 Vinea
943 4302 1088 4372 facta
1116 4308 1193 4355 est
1225 4296 1514 4351 Dilecta“.
1543 4292 1710 4361 Queis
1750 4287 2110 4361 signiﬁcatur,

546 4402 761 4457 vineam
791 4396 1013 4469 quidem
1042 4408 1166 4451 esse
1193 4391 1412 4447 domum
1443 4385 1629 4452 Israel,
1658 4383 1715 4439 id
1743 4383 1886 4439 enim
1928 4382 1983 4436 in
2027 4395 2109 4435 se-

546 4467 843 4566 quentibus
874 4489 1222 4553 declaratur;
1260 4481 1529 4538 Dilectum
1579 4488 1759 4533 autem
1809 4474 1964 4529 illum
1995 4487 2117 4528 esse
2150 4467 2194 4524 D

550 4564 900 4656 Duigenitum
920 4580 1014 4635 Dei
1044 4577 1264 4641 Filium,
1300 4574 1460 4643 cujus
1485 4569 1662 4642 portio
1685 4582 1750 4622 ac
1770 4566 1920 4638 prior
1943 4564 2116 4619 haere-

552 4653 696 4733 ditas
734 4674 836 4730 fuit
866 4677 1166 4728 memorata
1196 4669 1290 4723 illa
1317 4667 1494 4722 vinea.
1532 4661 1799 4729 Quoniam
1834 4664 2015 4712 autem
2034 4653 2117 4708 di-

552 4770 731 4824 lectus
760 4766 988 4838 quilibet
1016 4763 1332 4833 diligentem
1368 4774 1428 4814 se
1454 4756 1633 4819 habet,
1667 4754 1751 4809 his
1780 4752 1926 4807 clare
1967 4763 2118 4803 com-

557 4836 918 4920 monstratur,
944 4854 1157 4910 vineam
1186 4851 1334 4905 illam
1363 4846 1769 4919 possessionem
1803 4841 1992 4896 Dilecti
2023 4836 2120 4892 Dei

558 4949 752 5015 fuisse,
785 4948 946 5019 cujus
973 4944 1146 5018 gratia
1175 4956 1417 5015 praesens
1450 4939 1743 5001 canticum,
1768 4950 1864 5005 pro
1891 4931 2120 4993 Dilecto,

563 5040 883 5110 inscriptum
913 5047 1016 5095 est.
1040 5038 1100 5092 in
1134 5034 1367 5092 Psalmis
1393 5046 1609 5103 quoque
1629 5029 1832 5084 dictum
1855 5034 1940 5081 est
1972 5041 1985 5078 :
2015 5021 2123 5076 Do-

563 5135 735 5191 minus
762 5131 911 5186 dabit
949 5128 1172 5185 Verbum
1196 5121 1668 5199 euangelizantibus
1700 5119 1889 5175 virtute
1930 5114 2121 5169 multa.

633 5292 683 5324 “
724 5288 829 5345 lsa.
860 5303 917 5353 ν,
948 5285 1001 5343 ι.

636 5452 717 5523 (ι)
746 5441 1113 5523 eum“:
1137 5434 1303 5523 ,Αριιά
1344 5428 1662 5523 ricam.
1690 5414 2129 5523 ίίὲείξιηξέείὲξξῗέξ

569 5486 717 5597 qum
746 5486 1069 5597 causa;
1091 5486 1310 5597 ’ίίῖὲέὶῖ
1328 5486 2129 5597 Psittace;:‘tpli'ﬂ‘iltl‘f

571 5557 1251 5653 'vero:
1270 5557 1407 5653 teste
1446 5557 1759 5653 Athanasio)
1774 5557 1907 5653 tgln,‘
1921 5557 2131 5653 ἦρξ’ιί

574 5626 1472 5718 iiicuseiiie'n‘tia-usu—Venit-vos
1498 5640 1590 5693 illa
1618 5636 1762 5718 apud
1789 5626 2024 5718 Graecos.
2055 5626 2130 5718 T93

570 5697 1332 5799 ἂάὲγῗτὶζᾶξξξῦῗείῖίίιεςἀἷάι
1358 5710 1616 5781 ’Έλληνες
1656 5697 1834 5758 ἴσασιν
1881 5700 1930 5753 οἱ
1972 5697 2134 5751 δεινοὶ

2178 1804 2475 1875 φάσκοντες
2502 1794 2783 1851 ἀλλοίωσιν
2806 1789 2904 1861 τὴν
2929 1786 3037 1850 ἀπὸ
3079 1786 3188 1840 τῶν
3212 1780 3553 1855 σκυθρωπῶν
3585 1779 3761 1847 λόγων

2176 1870 2268 1948 ἐπὶ
2297 1892 2393 1965 τὴν
2416 1885 2776 1960 φαιδροτέραν
2803 1879 2944 1952 ᾠδὴν
2975 1878 3317 1946 πεποίηνται.
3359 1874 3433 1928 Οὐ
3469 1872 3577 1945 μὴν
3624 1870 3763 1925 ἀλλὰ

2178 1987 2270 2040 καὶ
2296 1983 2366 2037 τά
2409 1977 2758 2053 ὲμφερόμενα
2788 1973 2854 2026 δι’
2883 1972 3011 2042 ὅλης
3048 1969 3149 2040 τῆς
3186 1968 3328 2040 ᾠδῆς
3359 1965 3626 2035 πλείπτης
3662 1979 3761 2015 πε-

2180 2079 2283 2150 πλη
2292 2092 2455 2151 ρωται
2479 2068 2831 2131 ἀλλοιώσεως.
2852 2066 2920 2119 "0
2940 2081 3000 2117 τε
3020 2061 3127 2134 γὰρ
3173 2057 3479 2139 ’Δγαπητὸς
3488 2055 3587 2109 τοῦ
3602 2053 3763 2114 Θεοῦ,

2182 2147 2371 2224 ἑαυτὸν
2403 2162 2664 2225 κενώσας,
2692 2159 2787 2212 καὶ
2824 2154 3034 2228 μορφὴν
3061 2151 3248 2206 δούλου
3280 2148 3481 2213 λαδὼν,
3519 2147 3764 2217 σχήματι

2184 2258 2426 2333 εὑρεθεὶς
2453 2255 2528 2318 ὡς
2548 2251 2853 2323 ἅνθρωπος,
2909 2244 3194 2299 ἀλλοίωσιν
3241 2241 3303 2294 οὐ
3341 2238 3441 2311 τὴν
3492 2236 3767 2308 τυχοῦσαν

2184 2325 2361 2415 ἐδόξεν
2395 2342 2706 2413 ὑπομένειν,
2732 2335 3084 2396 ἀναλλοίωτος
3118 2330 3194 2384 ῶν
3222 2331 3316 2384 καὶ
3369 2328 3640 2401 ἄτρεπτος
3690 2325 3771 2388 ὡς

2186 2438 2338 2501 Θεός·
2380 2434 2434 2488 οἴ
2463 2449 2522 2485 τε
2554 2430 2621 2485 δι’
2642 2426 2807 2483 αὐτοῦ
2834 2426 2933 2497 τῆς
2966 2422 3071 2477 ὑπὸ
3090 2422 3181 2475 τὸν
3211 2418 3456 2474 διάϐολον
3488 2417 3771 2489 αἰχμαλω-

2191 2530 2310 2593 σίας
2328 2524 2713 2598 λυτρωθέντες,
2738 2522 2817 2583 είς
2848 2515 3160 2586 ἐλευθερίαν
3192 2530 3251 2566 τε
3281 2512 3380 2582 τὴν
3408 2509 3516 2563 ὑπὸ
3543 2508 3622 2580 τῷ
3648 2506 3771 2579 Θεῷ

2194 2614 2666 2694 μετενηνεγμένα,
2717 2610 2816 2683 τὴν
2865 2608 3159 2678 καλλίστην
3212 2602 3428 2676 ἀληθῶς
3466 2601 3621 2656 αὐτοὶ
3676 2600 3775 2654 ἀλ-

2192 2692 2407 2767 λοίωσιν
2440 2704 2909 2777 ὑπομεμενήκασι.
2940 2697 3033 2750 Διὺ
3074 2695 3169 2749 καὶ
3201 2696 3236 2766 ἡ
3274 2692 3628 2765 ὲμφερομένη
3659 2692 3775 2752 τοῖς

2194 2804 2372 2873 λόγοις
2402 2800 2684 2871 βασίλισσα
2742 2792 3021 2848 κελεύεται
3077 2785 3249 2859 λήθην
3296 2782 3625 2856 ποιήσασθαι
3678 2780 3775 2835 τοῦ

2194 2894 2325 2953 λαοῦ
2355 2893 2550 2963 ἑαυτῆς
2572 2889 2666 2944 καὶ
2713 2885 2808 2941 τοῦ
2861 2884 3011 2939 οἴκου
3044 2881 3140 2936 τοῦ
3173 2878 3377 2952 πατρὸς
3429 2874 3649 2946 ἑαυτῆςο
3680 2872 3776 2927 καὶ

2196 2988 2443 3059 θυγάτηρ
2465 2985 2521 3039 δὲ
2550 2982 2726 3055 Τύρου
2747 2978 3040 3049 ἀλλόφυλος
3066 2975 3158 3029 ἐπὶ
3202 2972 3301 3044 τὴν
3343 2967 3514 3039 καλὴν
3548 2965 3779 3038 μεταδο-

2123 3102 2165 3160 c
2198 3055 2295 3153 λὴν
2323 3055 2523 3149 ταύτην
2556 3076 2816 3129 καλεῖται·
2842 3069 3099 3142 παρθένοι
3127 3083 3187 3119 τε
3219 3064 3315 3119 καὶ
3342 3060 3447 3115 υἱοί
3472 3075 3618 3122 τινες
3642 3055 3779 3112 ἀντὶ

2195 3146 2461 3242 πατέρων
2477 3146 2798 3240 γενόμενοι,
2820 3160 2938 3216 λαοί
2967 3177 3025 3213 τε
3042 3153 3519 3229 ἐξομολογούμενοι
3544 3148 3624 3221 τῷ
3635 3146 3779 3218 Θεῷ,

2198 3266 2296 3337 τῆς
2350 3263 2519 3333 αὐτῆς
2562 3258 2871 3331 ἠξιώθησαν
2931 3251 3290 3314 ἀλλοιώσεως.
3355 3243 3457 3301 Ὧν
3506 3245 3566 3299 δὲ
3612 3242 3783 3296 ἕνεκα

2199 3331 2415 3411 πάντων
2431 3331 2580 3420 ὑπὲρ
2600 3349 2717 3404 τῶν
2730 3340 3304 3412 ἀλλοιωθησομένων
3315 3335 3730 3410 προγέγραπται
3748 3331 3786 3400 ἡ

2200 3450 2330 3523 ᾠδή·
2355 3444 2496 3502 κατά
2519 3444 2575 3497 δὲ
2601 3442 2690 3496 τὸν
2735 3436 2986 3500 Ἀκύλαν,
3034 3432 3134 3488 ἐπὶ
3176 3430 3305 3515 ’τοῖς
3347 3428 3595 3497 κρίνοις
3638 3422 3786 3477 κατά

2200 3515 2257 3594 δὲ
2284 3515 2375 3592 τὸν
2391 3536 2702 3607 Σύμμαχον,
2721 3531 2871 3598 ὑπὲρ
2890 3526 3011 3581 τῶν
3023 3521 3240 3580 ἀνθῶν.
3259 3521 3323 3575 Oi
3342 3519 3452 3591 γάρ
3474 3515 3791 3571 ἀλλοιωθὲν-

2202 3650 2313 3696 τες,
2343 3625 2486 3685 οὗτοι
2516 3627 2738 3689 εὐωδίας
2768 3621 3115 3682 πνεύσαντες,
3147 3617 3242 3670 καὶ
3280 3612 3416 3682 άνθη
3462 3608 3635 3682 νεαρά
3684 3607 3791 3677 τῆς

2217 3721 2542 3794 Ἐκκλησίας
2574 3718 2875 3787 γενόμενοι,
2894 3710 3078 3765 τοῦτον
3119 3704 3513 3777 ὠνομάσθησαν
3542 3701 3634 3755 τὸν
3664 3699 3793 3771 τρό-

2208 3833 2326 3869 πον.
2359 3792 2468 3876 Διὸ,
2502 3812 2589 3863 ἵνα
2620 3806 2793 3859 ταῦτα
2825 3801 3014 3874 νοηθῇ,
3041 3797 3357 3867 ἀναγκαίως
3383 3792 3790 3865 πρόσκειταιτῇ

2212 3903 2501 3976 προγραφῇ
2526 3899 2606 3961 τὸ,
2632 3899 2719 3962 είς
2740 3896 3015 3948 σύνεσιν
3055 3890 3148 3943 καὶ
3188 3888 3275 3941 ἵνα
3330 3883 3603 3955 συνῶμεν,
3630 3882 3713 3947 ὡς
3762 3886 3794 3938 ὁ

2210 4002 2318 4063 πᾶς
2346 3998 2502 4066 λόγος
2525 3993 2664 4065 ᾠδὴν
2720 3989 2962 4062 περιέχει
3024 3985 3165 4057 ὑπὲρ
3225 3980 3321 4035 τοῦ
3386 3976 3725 4050 Ἀγαπητοῦ,
3752 3977 3792 4047 ἦ

2212 4090 2355 4147 κατὰ
2401 4090 2491 4142 τὸν
2545 4085 2858 4156 Σύμμαχον·
2905 4076 3107 4150 τᾼσμα
3158 4077 3243 4141 είς
3276 4072 3383 4127 τὸν
3432 4069 3793 4139 ’Λγαπητόικ

2217 4181 2386 4237 Ἔνθα
2416 4179 2473 4231 δὲ
2491 4175 2795 4246 γενόμενος,
2826 4172 3003 4226 πάντα
3017 4172 3117 4223 ὅσα
3133 4167 3262 4238 περὶ
3300 4160 3610 4234 Ἀγαπητοῦ
3670 4177 3799 4214 συν-

2215 4277 2380 4344 ἀξεις·
2408 4268 2518 4326 οἷον
2543 4271 2600 4323 ἐν
2627 4267 2841 4339 Ἡσαΐᾳ·
2868 4267 3030 4335 ’ᾼσω
3046 4262 3122 4330 δὴ
3146 4259 3223 4326 τῷ
3248 4256 3609 4329 ἠγαπημένῳ
3629 4249 3801 4325 ᾆσμα

2216 4369 2322 4424 τοῦ
2347 4361 2670 4437 Ἀγαπητοῦ
2699 4358 2778 4426 τῷ
2811 4354 3117 4427 ἀμπελῶνί
3150 4370 3289 4423 μου.
3336 4351 3636 4419 Ἀμπελὼν
3671 4347 3804 4417 ἐτε-

2218 4461 2372 4530 νήθη
2410 4457 2490 4524 τῷ
2541 4451 2920 4526 ἠγαπημένῳ·
2972 4447 3039 4500 δι’
3070 4440 3145 4499 ὧν
3170 4442 3488 4515 σημαίνεται
3530 4437 3801 4511 ἀμπελὼν

2226 4556 2320 4624 μὲν
2353 4554 2382 4605 ὁ
2402 4546 2548 4612 οἶκος
2569 4546 2663 4600 τοῦ
2696 4542 2927 4616 Ἰσραήλ·
2952 4538 3109 4592 τοῦτο
3148 4535 3257 4607 γὰρ
3297 4534 3425 4606 ἑξῆς
3454 4536 3484 4587 ό
3527 4532 3686 4601 λόγος
3713 4530 3807 4603 δη-

2222 4646 2322 4698 λοίτ
2360 4639 2710 4713 ἡγαπημένος
2749 4637 2806 4689 δὲ
2831 4635 2925 4689 καὶ
2964 4628 3270 4700 ’Λγαπητὸς
3296 4630 3323 4681 ό
3352 4626 3665 4696 Μονογενὴς
3703 4624 3803 4677 τοῦ

2223 4735 2358 4789 Θεοῦ
2392 4733 2536 4796 Υἱὸς,
2570 4722 2631 4783 οὗ
2668 4727 2823 4799 μερὶς
2880 4723 3070 4792 γέγονε
3100 4719 3192 4774 καὶ
3225 4718 3421 4791 κλῆρος
3486 4716 3749 4788 πρότερος
3775 4717 3808 4768 ὁ

2223 4826 2481 4901 δηλωθεὶς
2510 4821 2788 4894 ἀμπελών.
2854 4816 3008 4871 Ἐπεὶ
3051 4815 3109 4868 δὲ
3167 4813 3277 4876 πᾶς
3319 4814 3506 4882 ηγαπη
3515 4810 3674 4881 μένος
3705 4808 3811 4862 καὶ

2227 4919 2510 4990 ἀγαπητὸς
2565 4914 2678 4984 ἔχει
2708 4912 2799 4965 τὸν
2822 4908 3143 4979 ἀγαπῶντα,
3175 4902 3363 4974 σαφῶς
3391 4902 3482 4957 διὰ
3534 4902 3745 4956 τούτων
3777 4903 3812 4955 ὁ

2226 4988 2380 5080 λόγος
2405 4988 2699 5079 παρίστησι
2720 5003 2811 5056 τὸν
2839 4998 3134 5072 ἀμπελῶνα
3166 4997 3350 5067 κτῆμα
3392 4991 3671 5063 γεγονέναι
3706 4988 3808 5041 τοῦ

2241 5078 2549 5173 ’Λγαπητοῦ
2581 5097 2674 5152 τοῦ
2699 5093 2853 5159 Θεοῦ,
2888 5093 3016 5164 περὶ
3056 5083 3118 5145 οῦ
3159 5092 3194 5161 ἡ
3225 5084 3557 5160 προκειμένη
3586 5080 3701 5153 ᾠδὴ
3726 5078 3812 5133 ει-

2229 5410 2357 5481 περὶ
2386 5408 2486 5473 τάς
2515 5406 2708 5472 λέξεις,
2740 5408 2823 5481 ὅτι
2853 5402 2968 5481 (eo!
3004 5400 3122 5481 ἐστὶ
3149 5398 3227 5471 τῷ
3254 5398 3453 5481 εἰπεῖν,
3482 5389 3807 5473 μονογενήςτ

2230 5461 2491 5536 ῠξὲιέγὼιὶ
2543 5461 2734 5532 norunt
2780 5478 2880 5545 ipsi
2924 5471 3095 5527 (ἔνωοὶ
3121 5512 3136 5532 ,
3176 5461 3281 5545 q'ui
3308 5461 3604 5545 dictionum
3626 5461 3817 5533 periti

2229 5534 2370 5607 sunt.
2406 5551 2656 5604 ditt-ctum
2682 5534 2819 5601 idem
2862 5560 2975 5599 esse
3003 5554 3157 5613 atque
3188 5534 3530 5609 unigenitum.
3566 5534 3674 5591 Pro
3697 5547 3817 5605 qua

2234 5639 2291 5679 re
2320 5620 2598 5693 probanda
2631 5619 2786 5674 aliert
2819 5617 2909 5673 ille
2932 5613 3152 5670 Homeri
3180 5623 3447 5666 carmina.
