4024 6202
475 278 582 336 395

1200 272 1466 332 EUSEBII
1500 267 1976 328 CESARIENSIS
2009 268 2158 366 ΟΡρ.
2198 269 2375 325 PARS
2409 265 2500 328 ιη.
2546 299 2600 309 -
2631 266 3039 325 EXEGETICA.
3109 260 3114 269 ’

3641 260 3753 317 396

481 394 650 451 die".
685 391 935 464 Magnum
969 407 1134 463 porro
1156 407 1293 463 Opus
1325 399 1443 447 erat
1480 390 1659 446 futura
1691 405 1789 460 per
1816 389 2058 459 linguam

2180 390 2339 444 ἕνεκά
2370 405 2485 443 σου
2513 387 2920 455 θανατούμεθα
2967 383 3121 450 ὅλην
3149 382 3261 450 τὴν
3302 380 3550 450 ἡμέραν.
3587 379 3762 448 Μέγα

484 483 796 560 vaticinari,
829 493 991 553 atque
1021 483 1132 554 regi
1168 483 1223 537 in
1275 482 1493 536 cantico
1524 481 1650 536 boni
1679 480 1855 535 nuntii
1890 479 2056 533 mini-

486 585 659 631 strum
690 588 834 630 esse.
869 573 1004 643 Ejus
1037 582 1218 628 autem
1247 573 1388 635 loco,
1414 571 1654 624 calamus
1699 571 1883 624 scribta
1921 570 2058 624 vela-

487 666 614 719 citer
669 665 973 728 scribentis,
1030 663 1250 733 Aquila,
1310 662 1548 717 calamus
1598 661 1784 715 scriba:
1837 663 2056 724 velocis;

491 756 849 828 Symmachus
879 771 1026 819 vero,
1067 756 1246 823 lingua
1273 771 1390 811 mea
1419 753 1588 823 stylus
1619 751 1802 806 scriba:
1849 752 2082 815 velocis._

489 848 754 919 Quodque
790 847 1039 902 mirabile
1090 845 1386 900 admodum
1442 851 1547 908 est,
1605 842 1844 913 linguam
1902 858 2058 897 suam

489 955 599 994 non
631 954 853 994 manum
891 939 1088 994 scribae
1133 936 1356 999 eruditi,
1390 950 1564 1005 neque
1601 933 1837 990 scribam
1869 941 2059 997 vocat,

493 1029 588 1086 sed
621 1031 887 1084 calamum
913 1029 1108 1084 scribae
1140 1027 1398 1082 velociter
1422 1025 1744 1090 scribentis;
1774 1024 2062 1079 declarans

493 1121 734 1190 linguam
782 1120 1184 1190 propheticam,
1242 1116 1468 1171 alterius
1525 1130 1586 1170 ea
1621 1114 1850 1178 utentis,
1885 1112 2062 1170 sancti

493 1210 747 1265 videlicet
775 1209 1038 1280 Spiritus,
1064 1209 1490 1262 instrumentum
1515 1220 1659 1260 esse.
1691 1203 1740 1258 is
1770 1219 1900 1258 sane
1927 1202 2065 1256 scri-

503 1303 596 1365 ba,
627 1300 786 1370 cujus
834 1301 1010 1370 stylus
1044 1308 1098 1353 et
1129 1299 1374 1352 calamus
1404 1303 1520 1350 erat
1549 1293 1936 1364 prophetarum
1968 1291 2068 1346 lin-

498 1405 638 1461 gua;
675 1392 745 1446 ita
800 1394 858 1442 ut
904 1385 1045 1439 alius
1085 1393 1232 1439 esset
1259 1385 1439 1438 scriba
1483 1382 1744 1438 velociter
1796 1381 2064 1446 scribens,

499 1482 758 1536 nimirum
817 1477 1056 1548 Spiritus
1091 1485 1335 1541 sanctus,
1385 1476 1527 1530 alius
1557 1473 1840 1544 propheta,
1873 1472 2068 1526 tertius

497 1573 686 1643 lingua
717 1568 1056 1641 prophetica,
1088 1582 1210 1636 quae
1243 1566 1440 1621 calami
1473 1571 1528 1620 et
1578 1563 1706 1634 styli
1736 1563 1858 1617 loco
1904 1563 2069 1617 habe-

499 1665 684 1727 batur,
717 1669 770 1717 et
794 1662 1216 1716 instrumentum
1249 1656 1489 1727 Spiritus
1517 1655 1714 1722 sancti,
1750 1654 1842 1725 qui
1865 1668 1928 1710 ea
1952 1663 2069 1709 ute-

504 1753 691 1821 batur,
723 1759 860 1810 erat.

2159 483 2215 534 δὲ
2247 477 2312 550 ἦν
2347 480 2504 550 ἔργον
2533 479 2628 533 καὶ
2671 477 2734 530 τδ
2761 476 2849 529 διὰ
2887 473 3133 544 γλώττης
3170 473 3240 526 τὰ
3301 471 3563 542 μέλλοντα
3611 486 3760 541 προσ

2163 553 2436 643 φητεύειν,
2470 573 2567 624 καὶ
2615 569 2695 640 τῷ
2728 568 2939 639 βασιλεῖ
2975 564 3338 619 διακονεῖσθαι
3378 565 3476 634 τὴν
3514 563 3762 631 εὐαγγεο

2161 665 2315 736 λικὴν
2343 664 2509 734 ᾠδήν.
2549 660 2695 714 Ἀντὶ
2757 660 2814 712 δὲ
2867 657 2983 711 τοῦ·
3035 656 3313 724 Κάλαμος
3364 652 3762 723 γραμματέως

2162 753 2526 824 ὀξυπφάεεου,
2576 754 2605 805 ὁ
2638 751 2736 821 μὲν
2781 748 3028 810 Ἀκύλας·
3082 745 3330 814 Σχοῖνος
3369 740 3763 814 γραμματέως

2163 843 2427 915 ταχινοῦ·
2479 845 2506 895 ὁ
2546 843 2604 895 δὲ
2655 841 2969 912 Σύμμαχος·
3005 839 3044 906 ὴ
3085 833 3343 906 γλῶσσά
3390 850 3531 902 μου,
3589 831 3758 902 φησι,

2164 936 2444 1005 γραφεῖον
2467 931 2735 1001 γραφέως
2771 927 3040 999 ταχινοῦ.
3087 925 3299 996 Σφόδρα
3322 923 3379 978 δὲ
3419 922 3760 993 θαυμαστῶς

2163 1026 2260 1096 τὴν
2297 1024 2486 1078 ἑαυτοῦ
2514 1023 2788 1092 γλῶσσαν,
2828 1021 2888 1074 οὐ
2939 1020 3100 1090 χεῖρα
3123 1015 3499 1087 γραμματέως
3528 1015 3765 1085 ἐπιστή-

2169 1135 2346 1188 μονος,
2381 1116 2501 1170 οὐδὲ
2531 1113 2864 1186 γραμματέα
2897 1111 3084 1181 φησὶν,
3118 1108 3254 1161 ἀλλὰ
3307 1107 3552 1176 κάλαμον
3576 1123 3766 1178 γραμο

2171 1207 2381 1278 ματὲως
2399 1205 2727 1276 ὀξυγράφου·
2778 1201 2974 1273 δηλῶν,
3001 1200 3082 1254 ὅτι
3114 1197 3346 1268 ὄργανον
3367 1191 3436 1267 ἦν
3473 1197 3505 1265 ή
3534 1209 3764 1266 προφη-

2169 1293 2292 1364 τικὴ
2312 1291 2529 1362 γλῶσσα
2554 1291 2744 1362 ἐτέρου
2770 1289 2865 1342 τοῦ
2891 1286 3173 1360 χρωμένου
3208 1286 3370 1355 αὐτῇ,
3405 1284 3564 1357 ἁγίου
3587 1281 3765 1336 Πνεύ-

2171 1400 2337 1455 ματος
2359 1402 2371 1415 ·
2404 1384 2542 1453 ὅπερ
2584 1383 2613 1434 ὁ
2649 1380 3030 1452 γραμματεὺς,
3063 1371 3126 1432 οὗ
3169 1379 3430 1447 γραφεῖον
3457 1375 3552 1428 καὶ
3584 1374 3766 1428 κάλα-

2173 1493 2269 1545 μος
2303 1473 2598 1544 ἐτύγχανεν
2625 1475 2657 1544 ἡ
2686 1472 2792 1526 τῶν
2822 1471 3116 1543 προφητῶν
3137 1470 3380 1539 γλῶσσα,
3410 1466 3539 1520 ὥσθ’
3563 1467 3766 1538 ἕτερον

2169 1562 2306 1618 εἶναι
2339 1565 2429 1617 τὸν
2462 1563 2767 1636 ὀξυγρὰφον
2801 1561 3155 1634 γραμματέα,
3205 1559 3406 1630 δηλαδὴ
3439 1558 3501 1611 τὸ
3527 1557 3764 1628 Πνεῦμα

2169 1655 2229 1710 τὸ
2260 1655 2546 1724 ἆγιον,καὶ
2576 1655 2758 1726 ἕτερον
2815 1653 2906 1707 τὸν
2938 1653 3244 1724 προφήτην,
3292 1649 3388 1704 καὶ
3442 1647 3625 1720 τρίτον
3656 1647 3766 1719 τὴν

2098 1734 2143 1791 Β
2172 1743 2418 1812 γλῶσσαν
2446 1745 2546 1816 τὴν
2579 1742 2943 1815 προφητικὴν,
2978 1741 3013 1811 ἡ
3044 1739 3289 1811 καλάμου
3341 1737 3437 1792 καὶ
3485 1739 3762 1809 γραφείου

511 1842 693 1914 χώραν
721 1844 956 1914 ἐπεῖχεν,
1012 1843 1240 1912 ὄργανον
1289 1838 1630 1909 τυγχάνουσα
1659 1836 1750 1891 τοῦ
1798 1835 2079 1918 χρωμένου
2117 1837 2254 1907 αὐτῇ
2281 1836 2439 1904 ἁγίου
2464 1837 2801 1907 Πνεύματος.

577 1931 872 1988 Sciendum
907 1939 1087 1984 autem
1130 1936 1236 1992 est,
1265 1927 1563 1984 secundum
1598 1926 1948 1996 Septuaginta
1981 1924 2069 1979 in-

505 2028 793 2092 terpretes,
824 2019 1148 2073 sententiam
1183 2015 1660 2089 [subsequentem]
1693 2017 1901 2072 calamo
1923 2015 2068 2072 scri—

512 2115 593 2166 bae
645 2109 1018 2178 coniunctam,
1050 2117 1211 2178 atque
1240 2115 1416 2164 totum
1444 2108 1720 2178 eloquium
1765 2121 1876 2162 uno
1908 2121 2070 2162 versu

510 2199 966 2270 comprehensum
987 2213 1140 2261 esse,
1178 2199 1280 2252 hoc
1314 2206 1474 2266 pacto
1505 2215 1517 2251 :
1563 2197 1767 2268 Lingua
1791 2213 1903 2251 mea
1924 2196 2072 2250 cala-

509 2305 628 2343 mus
655 2287 843 2343 scriba:
867 2288 1106 2342 velociter
1131 2289 1430 2355 scribentis,
1457 2291 1720 2361 speciosus
1754 2290 1928 2359 forma
1960 2304 2070 2358 prie

511 2380 638 2449 ﬁliis
666 2379 956 2432 hominum.
995 2379 1062 2432 At
1090 2380 1215 2450 quia
1251 2378 1516 2434 Hebraica
1560 2380 1722 2435 lectio
1772 2388 1826 2436 et
1872 2380 2070 2448 reliqui

511 2468 856 2538 interpretes,
886 2471 1164 2539 superiore
1195 2472 1458 2527 sententia
1493 2472 1932 2542 circumscripta,
1965 2470 2072 2524 alio

511 2561 706 2617 deinde
730 2563 996 2632 principio
1026 2564 1079 2617 in
1105 2560 1444 2633 expositione
1493 2564 1578 2618 usi
1611 2571 1740 2619 sunt
1765 2581 1779 2630 ;
1837 2577 2075 2633 congru-

509 2658 662 2705 cnter
685 2665 787 2707 nos
807 2651 969 2707 etiam
999 2651 1151 2716 illud,
1187 2651 1466 2720 Speciosus
1490 2651 1665 2721 forma
1694 2666 1808 2720 prae
1827 2651 1956 2719 ﬁliis
1977 2650 2073 2704 ho-

509 2743 726 2808 minum,
762 2744 829 2800 ab
879 2744 987 2798 alio
1025 2743 1487 2798 initioduximus.
1535 2743 1732 2813 Aquila
1777 2743 1941 2811 igitur
1973 2743 2075 2796 hac

508 2834 719 2888 ratione
766 2835 1156 2903 interpretatus
1185 2842 1292 2899 est,
1337 2832 1739 2886 Pulchritudine
1776 2843 1994 2886 ornatus
2019 2848 2072 2886 es

511 2941 543 2976 α
582 2925 710 2994 ﬁliis
739 2925 1044 2987 hominum;
1102 2922 1465 2993 Symmachus
1490 2937 1642 2987 vero,
1677 2921 2076 2976 Pulchritudine

510 3017 724 3084 pulcher
767 3033 820 3071 es
861 3023 1056 3085 prwter
1110 3013 1250 3082 filios
1296 3012 1594 3077 hominum;
1648 3015 1721 3068 ita
1768 3021 1826 3068 ut
1872 3030 1992 3084 qua
2021 3016 2075 3070 in

515 3108 733 3162 cantico
787 3106 1216 3178 praemittuntur,
1286 3106 1536 3176 prommii
1595 3105 1769 3160 vicem
1819 3105 2073 3161 habeant.

2242 1926 2450 1979 Εῐδέναι
2481 1925 2538 1980 δὲ
2556 1925 2654 1990 δεῖ,
2688 1925 2764 1988 ὡς
2793 1924 2936 1979 κατὰ
2959 1925 3056 1997 τὴν
3081 1923 3190 1977 τῶν
3228 1923 3637 1995 Ἐὁδομήκοντα
3666 1924 3763 1996 ἐρ·

2175 2017 2399 2089 μηνειαν
2424 2017 2691 2088 συνῆπται
2723 2018 2756 2088 ἡ
2783 2017 2992 2070 διάνοια
3013 2015 3092 2086 τῷ
3123 2015 3356 2087 καλάμῳ
3380 2015 3761 2087 τοῦλγραμμαν

2171 2106 2326 2172 τέως,
2365 2108 2454 2177 ὑφ’
2481 2109 2579 2162 ἕνα
2607 2125 2664 2161 τε
2697 2108 2879 2179 στίχον
2923 2109 2982 2161 τὸ
3010 2108 3129 2161 ὅλον
3163 2107 3498 2176 ἀπείληπται
3553 2106 3758 2178 λόγιονἒ

2172 2196 2344 2260 οὕτως
2367 2196 2506 2267 έχον·
2553 2198 2613 2252 Ἡ
2635 2195 2886 2266 γλῶσσά
2905 2214 3024 2266 μου
3082 2196 3350 2266 κάλαμος
3377 2193 3762 2266 γραμματέως

2175 2287 2539 2358 ὀξυῃοάςρου·
2567 2289 2782 2356 ὡραῖος
2809 2288 3022 2342 κάλλει
3047 2287 3206 2356 παρὰ
3256 2287 3397 2354 τοὺς
3440 2288 3612 2354 υἱοὺς
3638 2286 3764 2342 τῶν

2175 2375 2517 2445 ἀνθρώπων.
2561 2378 2713 2430 Ἐπεὶ
2749 2377 2862 2448 δὲή
2897 2377 3160 2448 Ἐὁραῖκὴ
3211 2375 3356 2440 λέξις
3385 2377 3482 2431 καὶ
3503 2378 3552 2429 οι
3585 2375 3766 2430 λοιποὶ

2175 2467 2527 2539 έρμηνευταὶ,
2556 2467 2653 2538 τὴν
2674 2467 2781 2520 τῶν
2818 2468 3076 2536 ἀνωτέρω
3115 2465 3353 2520 διάνοιαν
3383 2466 3766 2538 περιγράψανο

2174 2574 2284 2620 τες,
2316 2558 2423 2610 ἀπὸ
2469 2557 2658 2630 ἐτέρας
2686 2559 2860 2630 ἀρχῆς
2887 2558 2984 2631 τὴν
3009 2558 3224 2613 ἔκθεσιν
3248 2559 3597 2630 ἐποιήσαντο·
3627 2559 3766 2613 εἰκό-

2174 2666 2280 2712 τως
2315 2650 2407 2702 καὶ
2431 2651 2591 2720 ἡμεῖς
2612 2649 2672 2714 ἐξ
2692 2651 2886 2722 ἐτέρας
2909 2651 3086 2722 ἀρχῆς
3143 2651 3223 2703 τό·
3289 2649 3519 2718 Ὠραῶς
3548 2652 3765 2705 κάλ-ζει

2180 2736 2333 2806 παρὰ
2370 2738 2510 2805 τοὺς
2553 2739 2720 2807 υἱοὺς
2767 2733 2908 2792 τῶν’
2942 2738 3289 2808 ἀνθρώπων,
3344 2739 3764 2810 παρεθήκαμεν.

2190 2830 2246 2883 Ὀ
2281 2829 2378 2900 μὲν
2409 2825 2503 2883 οὖν
2543 2830 2773 2895 Ἀκύλας
2816 2830 3004 2885 τοῦτον
3051 2833 3362 2903 ἡρμήνευσε
3401 2832 3493 2885 τὸν
3537 2828 3770 2902 τρόπον,

2177 2919 2404 2974 Κάλλει
2455 2921 2824 2990 ἐκαλλιώθης
2871 2922 2990 2976 ἀπὸ
3051 2920 3200 2975 υἱῶν
3253 2923 3601 2990 ἀνθρώπων·
3649 2923 3678 2975 ό
3710 2923 3769 2977 δι

2180 3013 2492 3084 Σύμμαχος·
2525 3013 2749 3069 nunc;
2787 3014 2975 3080 καλὸς
3013 3009 3072 3068 εἷ
3087 3014 3246 3083 παρὰ
3277 3015 3419 3081 τοὺς
3442 3015 3617 3082 υἱοὺς
3649 3013 3769 3067 τῶν

2181 3104 2524 3172 ἀνθρώπων·
2558 3103 2699 3158 ὥστε
2749 3100 2888 3159 εἶναι
2947 3104 3017 3158 τὰ
3067 3105 3262 3177 πρῶτα
3323 3108 3419 3175 τῆς
3469 3105 3613 3176 ᾠδῆς
3645 3105 3766 3157 ἀντὶ

483 3195 652 3251 ’ϐωη
683 3175 828 3251 enim
869 3196 1222 3267 propheticus
1255 3175 1458 3252 chorus
1504 3210 1810 3252 sermonem
1839 3194 1904 3251 de
1929 3195 2074 3251 Dilc«

2187 3195 2470 3266 προοιμίου
2527 3195 2844 3266 λελεγμένα.
2878 3175 3125 3249 Μέλλων-
3158 3195 3270 3266 γὰρ
3321 3175 3769 3264 εὐαγγελίζεσθαι

513 3295 604 3343 cto
635 3287 895 3352 initurus,
927 3294 1091 3356 atque
1120 3287 1391 3340 canticum
1414 3285 1480 3341 de
1508 3285 1602 3338 illo
1633 3283 1948 3354 proiaturus
1986 3301 2077 3341 es-

513 3383 614 3442 set,
641 3377 908 3447 prooemio
949 3390 1084 3430 usus
1117 3382 1220 3438 est,
1278 3375 1420 3445 quod
1453 3375 1554 3429 hac
1589 3374 1858 3429 sententia
1893 3375 2080 3429 termi-

510 3475 690 3534 natur,
728 3469 936 3539 Lingua
982 3483 1095 3521 mea
1150 3467 1388 3521 calamus
1445 3464 1632 3520 scribta
1667 3463 1910 3519 velociter
1946 3465 2082 3519 scri-

511 3563 700 3616 bentis.
735 3559 946 3616 Exinde
981 3574 1110 3615 vero
1147 3558 1424 3614 canticum
1475 3557 1530 3612 in
1563 3555 1754 3612 Dilecti
1786 3571 2078 3626 personam

509 3652 741 3715 orditur,
776 3651 966 3719 sicque
1025 3650 1313 3720 compellat
1365 3647 1542 3717 ipsum
1601 3665 1616 3702 :
1677 3645 1970 3716 Speciosus
2020 3661 2080 3700 es

512 3742 704 3805 forma,
765 3740 992 3811 pulcher
1045 3754 1124 3804 es,
1175 3745 1229 3794 et
1273 3736 1681 3807 pulchritudine
1732 3743 1962 3792 ornatus
1996 3751 2076 3799 es,

512 3833 624 3885 sive
653 3829 1063 3901 pulchritudine
1113 3829 1406 3884 decoratus
1439 3841 1520 3892 es,
1564 3842 1597 3881 ο
1654 3827 1881 3891 Dilecte,
1917 3841 2082 3897 super

403 3992 415 4004 ο
515 3919 655 3978 filios
685 3922 988 3976 hominum.
1017 3918 1239 3975 Etiamsi
1274 3918 1420 3974 enim
1464 3925 1591 3973 tute-
1607 3935 1750 3974 unus
1792 3919 1871 3974 sis
1918 3934 1948 3973 e
1978 3933 2083 3974 nu-

516 4026 668 4067 mero
700 4012 934 4067 ﬁliorum
967 4009 1270 4073 hominum,
1300 4015 1463 4078 atque
1485 4009 1552 4064 iis
1581 4009 1672 4079 qui
1704 4011 1759 4063 in
1787 4016 1933 4063 terra
1957 4022 2081 4062 ver-

518 4114 712 4160 santur
745 4106 1142 4157 annumeratus
1183 4103 1295 4168 sis;
1351 4108 1408 4153 at
1443 4099 1588 4152 nulla
1616 4100 1965 4170 pulchritudo
2001 4108 2086 4159 est

515 4202 625 4254 tuae
651 4191 1040 4266 comparanda.
1076 4191 1260 4246 Palam
1294 4196 1476 4244 autem
1509 4199 1592 4245 est
1635 4191 1688 4246 id
1736 4192 1916 4261 quoad
1973 4192 2085 4246 vir-

509 4298 678 4351 tutem
721 4288 866 4355 dici;
903 4299 1082 4356 neque
1111 4283 1258 4340 enim
1289 4281 1358 4337 iis
1388 4279 1614 4336 adversa
1649 4282 1895 4354 proferre
1925 4290 2083 4354 pute-

506 4393 598 4437 tur
623 4381 795 4438 lsaias
823 4377 956 4432 dum
989 4374 1105 4429 ait:
1145 4374 1215 4427 Et
1239 4369 1471 4427 vidimus
1505 4385 1644 4434 eum,
1693 4381 1742 4426 et
1799 4388 1902 4426 non
1929 4371 2087 4426 habe-

507 4476 596 4529 bat
638 4474 881 4544 speciem,
920 4483 1081 4537 ne1ue
1109 4462 1578 4537 pulchritudinem.
1613 4465 1717 4521 Sed
1747 4467 1942 4536 species
1970 4469 2084 4538 ejus

2185 3285 2274 3337 τὸν
2304 3286 2443 3357 ὑπὲρ
2469 3285 2563 3338 τοῦ
2611 3286 2919 3357 Ἀγαπητοῦ
2945 3286 3120 3356 λόγον,
3175 3287 3270 3341 καὶ
3297 3287 3395 3358 τὴν
3425 3287 3567 3358 ὑπὲρ
3599 3284 3767 3341 αὐτοῦ

2189 3377 2480 3448 προφέρειν
2507 3375 2647 3448 ᾠδὴν
2677 3379 2705 3430 δ
2728 3378 3065 3450 προφητικὸς
3088 3378 3268 3449 χορὸς,
3285 3377 3556 3450 προοιμίῳ
3574 3365 3771 3449 uim.

2186 3485 2297 3530 ται,
2336 3468 2540 3539 στήσας
2573 3467 2633 3520 τὸ
2660 3468 2942 3540 προοίμιον
2971 3468 3076 3534 ’ἐως
3101 3466 3216 3521 τοῦ·
3258 3467 3326 3522 ἰι
3364 3467 3620 3538 γλῶσσὰ
3644 3453 3796 3536 μου’

2189 3557 2454 3628 κάλαμος
2501 3557 2883 3628 γραμματέως
2937 3556 3303 3628 ὀξυγράςρου.
3376 3557 3660 3611 Ἐντεῦθεν
3711 3557 3772 3610 δὲ

2188 3649 2373 3703 λοιπὸν
2405 3649 2710 3720 άπάρχεται
2737 3649 2836 3720 τῆς
2876 3650 2956 3714 εἰς
2999 3649 3289 3721 πρόσωπον
3316 3648 3411 3701 τοῦ
3457 3648 3768 3720 Ἀγαπητοῦ

2188 3741 2346 3811 ᾠδῆς·
2382 3739 2660 3808 ἀναφωνεῖ
2681 3757 2742 3792 τε
2780 3737 2915 3811 πρὸς
2960 3739 3141 3794 αὐτόν·
3207 3740 3421 3812 Ὠραῖος
3467 3735 3518 3795 εἷ
3557 3739 3770 3806 κάλλει,

2189 3831 2355 3896 καλὸς
2389 3825 2517 3900 εῒ,ἢ
2547 3829 2734 3884 κάλλει
2767 3829 3124 3901 ὲκαλλιώθης,
3154 3831 3187 3902 ἢ
3217 3831 3404 3885 κάλλει
3455 3831 3768 3903 ὡμιὼθης,

2189 3915 2233 3974 ὦ
2261 3921 2558 3993 Ἀγαπητέ,
2590 3920 2742 3991 παρὰ
2768 3922 2894 3984 τοὺς
2919 3923 3068 3986 υἱοὺς
3094 3921 3204 3975 τῶν
3228 3921 3549 3994 ἀνθρώπων.
3571 3923 3636 3977 Ei
3659 3922 3770 3991 γὰρ

2191 4016 2284 4068 καὶ
2307 4014 2373 4067 τὰ
2405 4009 2640 4084 μάλιστα
2667 4007 2747 4076 εἷς
2777 4030 2860 4077 τις
2885 4013 3116 4082 γέγονας
3161 4014 3256 4067 καὶ
3287 4015 3450 4079 αὐτὸς
3474 4014 3610 4067 υἱῶν
3662 4013 3771 4067 τῶν

2191 4104 2510 4179 ἀνθρώπων,
2541 4106 2634 4159 καὶ
2672 4104 3087 4181 κατῃριθμήθης
3117 4107 3228 4168 τοῖς
3261 4107 3353 4159 ἐπὶ
3395 4107 3500 4178 γῆς
3523 4106 3772 4160 mittatu-

2196 4198 2465 4269 σαμένοις·
2502 4196 2616 4249 ἀλλ’
2643 4197 2743 4249 οὐκ
2787 4196 2901 4250 ἐστι
2950 4195 3320 4266 παραϐάλλειν
3354 4196 3433 4267 τῷ
3457 4196 3645 4252 κάλλει
3677 4215 3771 4252 σου

2191 4288 2396 4358 ἕτερον.
2438 4285 2604 4357 Δῆλον
2655 4284 2733 4348 δὲ,
2783 4281 2866 4338 ὅτι
2925 4285 3067 4338 κατὰ
3107 4283 3204 4355 τὴν
3239 4285 3462 4356 ἀρετήν·
3493 4285 3644 4340 οὕτω
3662 4285 3774 4358 γὰρ

2196 4378 2318 4432 οὗτε
2342 4377 2480 4442 δόξει
2538 4377 2755 4431 ἐναντία
2810 4375 3020 4441 τούτοις
3067 4376 3296 4440 Ἡσαΐας
3338 4377 3518 4446 λέγειν
3570 4379 3770 4448 φήσας·

2193 4472 2301 4549 Καὶ
2337 4471 2541 4539 ἴδομεν
2559 4468 2770 4534 αὑτὸν,
2798 4469 2898 4522 καὶ
2921 4471 3034 4523 οὐκ
3072 4464 3235 4538 εἶχεν
3256 4465 3417 4536 εἶδος
3462 4468 3606 4522 οὐδὲ
3630 4468 3748 4524 κάλ

507 4535 846 4629 inhonorata,
870 4535 1118 4631 deﬁciens
1136 4576 1244 4630 pra’
1270 4558 1402 4628 ﬁliis
1426 4556 1763 4612 hominum“.
1785 4557 1910 4614 Haec
1925 4535 2074 4629 quip-

2190 4546 2316 4628 λος·
2345 4535 2506 4616 ἀλ.λά
2530 4561 2594 4615 τὸ
2623 4557 2783 4626 εἶδος
2812 4557 2998 4614 αὐτοῦ
3042 4535 3276 4628 dripior,
3304 4535 3590 4614 ἐκλεῖπον
3617 4561 3772 4628 παρὰ

509 4670 578 4725 pe
605 4669 820 4708 crucem
847 4660 903 4708 et
923 4651 1232 4720 passionem
1265 4645 1731 4717 praenuntiabant,
1770 4663 1898 4718 qua:
1929 4655 2083 4718 petu-

509 4742 678 4795 lautia
716 4749 769 4795 et
815 4739 1147 4796 contumelia
1195 4738 1366 4806 plenae
1407 4736 1560 4793 fuere
1615 4758 1626 4792 :
1681 4754 1852 4809 quare
1901 4738 2088 4795 subdit

515 4831 778 4904 propheta
796 4830 1050 4895 ",Homo
1077 4829 1131 4880 in
1157 4828 1322 4898 plaga
1352 4829 1630 4895 exsistens,
1657 4831 1730 4884 'ac
1754 4831 1922 4884 sciens
1952 4829 2089 4899 ferre

511 4922 900 4992 inﬁrmitatem,
925 4919 1267 4974 inhonoratus
1304 4937 1395 4974 nec
1429 4930 1701 4988 reputatus
1717 4931 1816 4976 est.
1837 4920 2088 4977 Psaimus

513 5029 648 5071 vero
690 5011 1170 5084 pulchritudinem,
1213 5027 1322 5067 non
1373 5013 1643 5082 corporis,
1693 5015 1774 5068 uti
1821 5013 2083 5080 diximus,

514 5107 790 5169 enuntiat,
815 5103 915 5161 sed
942 5103 1182 5166 virtutis,
1210 5119 1330 5174 quae
1365 5104 1569 5158 nullam
1603 5104 1844 5160 admittit
1873 5105 2083 5174 peccati

515 5196 716 5252 labem.
747 5192 860 5249 Sub
887 5192 1003 5246 haec
1032 5192 1233 5247 dicitur
1265 5213 1277 5248 :
1315 5195 1522 5263 Diffusa
1550 5206 1629 5250 est
1647 5198 1824 5267 gratia
1848 5197 1900 5250 in
1934 5197 2088 5250 labiis

517 5288 645 5349 tuis;
671 5294 950 5355 propterea
981 5279 1242 5336 benedixit
1284 5291 1329 5336 te
1382 5282 1519 5336 Deus
1552 5285 1606 5336 in
1630 5294 1904 5339 internum.
1939 5283 2090 5354 Moy-

515 5395 608 5437 ses
646 5381 813 5451 igitur
840 5375 1074 5448 gratiam
1106 5374 1398 5447 quamdam
1434 5374 1673 5444 invenit;
1705 5375 1816 5440 Noe
1863 5376 2084 5438 iterum,

601 5629 638 5662 "'
676 5627 819 5682 Psal.
853 5640 1011 5691 uiti,
1041 5622 1132 5679 22.
1213 5621 1260 5653 ⁸⁸
1297 5621 1402 5677 lsa.
1442 5635 1536 5676 LIII
1566 5660 1578 5684 ,
1616 5619 1675 5679 2.
1753 5621 1795 5652 ⁸³
1833 5617 1964 5671 ilid.
1999 5616 2052 5669 '5.

2193 4653 2335 4718 τοὺς
2356 4651 2527 4718 υἱοὺς
2553 4650 2670 4705 τῶν
2683 4650 3028 4720 ἀνθρώπων.
3048 4651 3262 4704 Ἐκεῖνα
3284 4650 3393 4722 γὰρ
3421 4650 3772 4722 τὸνοταυρὸν

2192 4746 2285 4798 καὶ
2315 4744 2377 4797 τὸ
2410 4743 2578 4806 πάθος
2601 4741 2997 4814 προανεφώνει,
3048 4741 3091 4796 »ἃ
3120 4741 3406 4813 παροινίας
3433 4742 3527 4795 καὶ
3563 4740 3774 4811 ὕϐρεως

2198 4814 2408 4905 ὑπῆρχε
2465 4833 2657 4903 μεστά·
2704 4832 2784 4885 διὸ
2825 4831 2889 4901 δὴ
2919 4832 3013 4886 καὶ
3072 4833 3353 4901 ἐπήγαγεν
3391 4831 3419 4883 ὁ
3461 4831 3771 4901 προφήτης·

2199 4928 2534 4993 Ἀνθρωπος
2571 4923 2640 4977 έν
2663 4921 2868 4993 πληγῇ
2899 4921 3005 4987 ὢν,
3031 4921 3129 4976 καὶ
3159 4921 3332 4988 εἰδὼς
3358 4920 3562 4991 φέρειν
3581 4924 3772 4990 μαλα-

2194 5018 2350 5082 κίαν,
2382 5015 2680 5084 ἠτιμάσθη
2736 5015 2835 5068 καὶ
2879 5015 2990 5067 οὐκ
3023 5014 3330 5084 ἐλογίσθη.
3385 5012 3445 5068 Ὀ
3477 5014 3533 5066 δὲ
3562 5011 3778 5082 ψαλμδς

2194 5107 2386 5170 κάλλος
2422 5105 2584 5158 αὐτοῦ
2619 5106 2791 5170 καλεῖ,
2820 5105 2940 5158 καθ’
2973 5104 3009 5158 ἃ
3061 5105 3296 5177 εἴρηται,
3333 5106 3395 5159 οὐ
3425 5105 3486 5158 τὸ
3528 5103 3622 5156 τοῦ
3672 5102 3778 5156 σῶ-

2200 5189 2385 5268 ματος,
2420 5196 2556 5249 ἀλλὰ
2579 5196 2637 5249 τὸ
2670 5197 2767 5267 τῆς
2791 5196 3012 5267 ἀρετῆς,
3077 5197 3353 5268 ἁμαρτίας
3387 5197 3446 5249 οὐ
3485 5195 3778 5265 δεξάμενον

2199 5289 2404 5342 σπῖλον.
2461 5287 2680 5351 Τούτοις
2730 5286 2855 5358 ἑξῆς
2913 5287 3145 5358 εἴρηταυ
3209 5286 3498 5358 ’.εξεκῦοη
3531 5287 3571 5354 ἦ
3606 5282 3782 5354 Χάρις

2199 5382 2267 5435 ὲν
2295 5379 2525 5451 χείλεσι
2554 5395 2689 5435 σου·
2725 5379 2820 5432 διὰ
2846 5379 3024 5436 τοῦτο
3043 5377 3346 5449 εὐλόγησέ
3368 5396 3441 5432 σε
3467 5381 3499 5432 ό
3527 5377 3783 5444 Θεὸςεις
