3988 6202
378 266 515 369 ιοδί
1091 313 1365 372 EUSEBll
1405 313 1888 387 QA‘ZSARIENSIS
1926 315 2079 373 opp.
2116 288 2297 373 rans
2334 314 2500 370 lll.-—
2537 312 2950 371 EXEGETICA.
3226 378 3231 387 ,
3539 297 3647 374 iet

372 442 554 507 neque
577 429 719 509 apud
741 435 970 487 caeteros
991 430 1319 502 interpretes
1347 433 1525 490 fertur
1549 452 1564 501 ;
1596 449 1769 506 quare
1794 435 1919 492 obel

2030 494 2031 497 η
2062 436 2232 490 Τοῦτο
2255 438 2347 490 καὶ
2379 434 2668 506 διάχρυσον
2700 434 2729 485 ό
2756 424 2953 504 παρὼν
2971 432 3126 502 λόγος
3157 413 3428 505 ὠνόμασε.
3463 432 3537 488 Τὸ
3562 435 3653 510 δι,

373 529 619 578 notatum
646 528 752 582 est.
1104 572 1111 575 _

2057 525 2527 594 περιϐεϐλημένη
2593 523 2689 576 καὶ
2742 523 3175 593 πεποικιλμένη
3199 564 3213 587 ,
3273 522 3397 578 οὔτε
3461 527 3519 579 ἐν
3574 530 3642 599 τῇ
3732 606 3737 611 ἢ

381 612 643 685 Ἐὃραῖκῇ
694 614 998 684 ἀναγνώσει
1026 614 1151 669 οὔτε
1200 618 1352 689 παρὰ
1373 622 1488 682 τοῖς
1529 619 1738 682 λοιποῖς
1783 619 2148 690 ἐρμηνευταίς
2170 617 2393 687 φέρεται
2418 632 2430 644 ο
2464 614 2544 666 διὸ
2564 612 2875 668 ὠϐἐλισται.

448 708 610 765 Vsus.
635 710 724 766 14.
760 710 946 767 Omnis
974 712 1148 783 gloria
1173 712 1288 782 ejus
1311 713 1440 783 lilia:
1459 714 1597 784 regis
1638 711 1861 779 Esebon,
1894 714 1950 767 in

367 801 594 870 ﬁmbriis
628 803 805 856 aureis
829 804 1234 857 circumamicta
1260 803 1629 859 varietatibus.
1661 802 1949 870 Quomodo

368 895 603 952 fimbriis
646 897 829 953 aureis
858 899 1268 955 eircumornata
1302 899 1397 966 sit,
1431 890 1610 970 probe
1650 900 1946 972 intelligas,

367 987 413 1041 si
448 985 674 1041 Paulum
710 988 903 1046 audias
932 989 1204 1046 dicentem
1237 1006 1249 1041 :
1280 989 1366 1043 Ex
1386 1000 1539 1061 parte
1562 992 1943 1063 cognoscimus.

359 1092 416 1136 et
451 1098 518 1137 ea;
557 1093 708 1153 parte
741 1086 1113 1155 prophetamus
1130 1086 1196 1141 ⁸³.
1230 1084 1366 1140 Nam
1425 1087 1668 1157 cognitio
1710 1103 1833 1159 quae
1877 1104 1946 1144 ex-

364 1184 519 1244 parte
549 1184 657 1243 est,
695 1193 924 1235 aureum
974 1186 1229 1245 ornatum
1275 1179 1332 1233 in
1368 1179 1811 1236 extremitatibus
1838 1180 1944 1251 ipsi

364 1264 751 1336 circumponit.
786 1265 921 1321 Cum
965 1277 1142 1321 autem
1176 1268 1395 1335 venerit,
1433 1268 1636 1339 inquit,
1660 1269 1799 1339 quod
1828 1285 1947 1339 per-

365 1354 557 1417 fectum
584 1365 683 1421 est,
729 1356 1073 1411 evacuabitur
1107 1358 1247 1427 quod
1283 1374 1350 1412 ea:
1394 1367 1547 1428 parte
1586 1358 1746 1415 est“.
1781 1358 1946 1415 Post-

361 1461 527 1517 quam
576 1448 632 1502 in
676 1450 955 1504 caelestem
988 1448 1292 1507 Ecclesiam
1345 1450 1617 1505 translata
1666 1448 1832 1505 fuerit
1854 1465 1942 1514 ea,

361 1542 483 1609 Quae
509 1539 734 1595 in-terra
758 1539 986 1596 infantis
1009 1540 1187 1596 instar
1202 1541 1495 1604 educatur,
1528 1548 1662 1594 tunc
1700 1537 1945 1595 ﬁmbrias

360 1645 558 1686 aureas
581 1670 597 1696 ,
636 1630 893 1687 videlicet
933 1632 1304 1703 cognitionem
1340 1647 1408 1687 ex
1446 1638 1606 1702 parte
1656 1629 1938 1701 deponet;

357 1732 531 1775 aureo
553 1730 731 1775 autem
758 1721 1086 1777 vestimento
1112 1722 1423 1777 ornabitur.

426 1831 594 1890 Vens.
627 1835 712 1904 15,
749 1835 839 1891 16.
870 1835 1215 1891 Adducentur
1241 1835 1369 1908 Regi
1399 1837 1621 1908 virgines
1653 1848 1772 1909 post
1795 1854 1936 1905 eam,

352 1927 612 1993 proxima:
655 1927 769 1996 ejus
804 1927 1092 1996 aﬁ'erentur
1130 1928 1244 1981 tibi.
1281 1926 1421 1983 Filia
1466 1944 1588 2000 qua
1617 1930 1939 2002 plerumque

355 2014 612 2084 superius
656 2023 960 2071 memorata
995 2015 1117 2084 fuit,
1151 2031 1261 2072 non
1296 2032 1525 2089 semper.
1554 2019 1609 2075 in
1633 2027 1778 2074 terra
1813 2034 1938 2090 per-'-

352 2097 559 2173 manet,
593 2105 690 2160 sed
731 2121 833 2162 suo
869 2115 1117 2179 tempore
1155 2109 1546 2166 transferetur.
1579 2110 1649 2165 At
1679 2126 1791 2166 non
1817 2125 1935 2166 om-

351 2197 452 2251 nes
484 2197 654 2251 simul
690 2197 963 2268 ejusmodi
1003 2201 1495 2272 transmigratione
1542 2203 1932 2266 donabuutur;

349 2287 448 2366 sed
487 2306 610 2362 qua:
633 2292 810 2365 primo
838 2293 1009 2367 gradu
1035 2294 1092 2348 in
1124 2294 1228 2349 h‘oc
1249 2310 1419 2365 regno
1451 2295 1631 2368 dignae
1657 2303 1841 2361 erunt,
1866 2311 1932 2350 ex

347 2390 504 2452 parte
534 2368 710 2455 solum
733 2382 1033 2447 afferentur
1048 2383 1204 2456 Hegi.
1233 2383 1326 2447 liae
1357 2400 1483 2442 vero
1511 2396 1643 2442 sunt
1673 2402 1793 2458 quae
1823 2387 1932 2441 vir-

345 2475 630 2547 ginitatem
676 2477 732 2535 in
768 2476 990 2542 Christo
1017 2484 1071 2531 et
1116 2493 1350 2550 corpore
1382 2486 1437 2533 et
1472 2479 1656 2537 anima
1686 2487 1927 2544 servant,

346 2579 412 2619 ac
454 2565 651 2635 spiritu
692 2573 899 2622 sancta:
927 2572 1076 2623 sunt.
1114 2566 1244 2623 Post
1287 2569 1524 2641 primum
1559 2577 1739 2625 autem
1776 2571 1928 2625 ordi-

342 2668 493 2719 nem,
519 2670 640 2725 quae.
669 2655 919 2726 proxime
948 2655 1071 2711 illas
1099 2664 1229 2724 sunt
1257 2656 1551 2713 afferentur
1584 2673 1597 2709 :
1631 2673 1758 2716 nam
1783 2658 1926 2733 apud

344 2744 562 2802 Patrem
593 2750 907 2805 mansiones
935 2749 1122 2803 multa:
1136 2749 1204 2804 ⁸³.
1236 2747 1331 2803 Ha;
1356 2763 1488 2804 vero
1517 2757 1667 2815 sunt,
1689 2765 1810 2821 qua:
1837 2750 1929 2804 lio.

343 2843 514 2892 uesta:
542 2838 992 2908 continentisque
1021 2838 1149 2894 vita:
1194 2853 1358 2893 causa
1410 2840 1723 2909 proximum
1756 2840 1926 2906 virgi-

340 2929 508 2984 nibus
541 2930 722 2985 locum
747 2937 1039 2999 occupant.
1069 2930 1356 2996 Quomodo
1396 2940 1578 2987 autem
1605 2931 1921 2998 afferentur,

1969 1679 2014 1739 B
2044 1679 2100 1768 ὲν

2128 710 2303 766 Πᾶσα
2350 712 2389 780 ἠ
2428 709 2577 773 δόξα
2623 707 2813 777 αὐτῆς
2847 708 3143 779 θυγατρὸς
3184 705 3293 763 τοῦ
3330 707 3661 778 βασιλέως·

2068 800 2327 858 Ἔσεϐὼν
2348 801 2419 854 ἐνν
2451 799 2818 869 κροσσωτοῖς
2858 800 3111 869 χρυσοῖς
3148 800 3639 870 περιϐεϐλημένη,

2056 892 2508 963 πεποικιλμένη.
2562 893 2813 964 Νοήσεις,
2863 893 3020 964 φησι,
3057 892 3173 957 πῷς
3203 896 3457 964 κροσσοῖς
3508 910 3640 965 χρυ-

2058 989 2169 1049 σοῖς
2209 985 2629 1057 περιϐέϐληται,
2668 987 2879 1041 Παύλου
2929 987 3178 1054 λέγοντος
3225 984 3469 1037 ἀκούων·
3532 987 3637 1039 Ἐκ

2050 1075 2269 1145 μέρους
2290 1076 2682 1147 γινώσκομεν,
2704 1079 2801 1132 καὶ
2826 1078 2893 1130 ἐκ
2911 1077 3134 1146 μέρους
3159 1068 3635 1145 προφητεύομεν.

2064 1168 2127 1219 Ἡ
2157 1166 2265 1237 γὰρ
2302 1167 2502 1236 γνῶσις
2521 1170 2554 1240 ἡ
2576 1171 2640 1222 ὲκ
2674 1169 2870 1241 μέρους
2895 1169 2951 1220 ἐν
2979 1168 3167 1238 ἄκροις
3199 1167 3379 1237 μόνοις
3407 1168 3636 1238 χρυσίου

2049 1258 2140 1310 τὸν
2174 1257 2376 1329 κόσμον
2404 1259 2542 1330 αὐτῇ
2572 1259 2910 1332 περιτίθησιν
2930 1275 2943 1288 ·
2983 1258 3166 1310 Ὅταν
3198 1256 3251 1309 δ’
3280 1257 3429 1326 ἔλθῃ
3459 1258 3524 1310 τὸ
3544 1254 3639 1309 τέ·-

2046 1352 2233 1415 λειον,
2269 1352 2421 1419 φησι,
2448 1340 2521 1403 τό
2540 1351 2609 1403 ἐκ
2633 1349 2855 1420 μέρους
2877 1347 3414 1418 καταργηθήσεται.
3452 1348 3636 1403 Ἐπει-

2044 1439 2143 1493 δὰν
2161 1442 2241 1503 εἰς
2267 1440 2363 1511 τὴν
2395 1441 2717 1511 ἐπουράνιον
2761 1439 3085 1510 Ἐκκλησίαν
3140 1442 3379 1509 μεταστῇ
3410 1442 3444 1510 ἠ
3486 1440 3633 1504 τέως

2045 1534 2113 1585 ἐκ
2135 1532 2238 1601 γῆς
2271 1531 2794 1603 παιδοτροφουμένη,
2823 1531 2884 1584 τὸ
2933 1532 3235 1601 τηνικαῦτα
3276 1522 3632 1601 ’ἀποθήσεται

2048 1622 2146 1692 μὲν
2171 1622 2239 1675 τὰ
2266 1621 2554 1693 κροσσωτά
2583 1623 2652 1676 τά
2682 1623 2879 1694 χρυσᾶ,
2913 1621 3011 1693 τὴν
3043 1622 3107 1675 ὲκ
3156 1621 3354 1694 μέρους
3400 1622 3630 1691 γνῶσιν,

2132 1714 2410 1786 ἱματισμῷ
2432 1714 2488 1768 δὲ
2510 1714 2715 1787 χρυσῷ.

2122 1825 2655 1895 Ἀπενεχθήσονται
2682 1827 2764 1893 τῷ
2806 1810 3064 1883 Βασιλεῖ
3093 1827 3376 1897 παρθένοι
3429 1829 3629 1883 ὀπίσω

2039 1918 2249 1987 αὐτῆς,
2279 1922 2628 1987 αὶηπλησίον
2649 1919 2838 1988 αὐτῆς
2857 1918 3380 1990 ἀπενεχθήσονταί
3400 1938 3520 1978 σοι.
3560 1922 3627 1974 Ἡ

2036 2009 2124 2063 διὰ
2164 2009 2274 2063 τῶν
2315 2008 2645 2081 ἔμπροσθεν
2678 2010 2937 2074 πολλάκις
2980 2012 3347 2083 ὠνομασμένη
3375 2000 3627 2084 θυγάτῆρ

2035 2102 2136 2156 οὒκ
2163 2102 2256 2155 ἐπὶ
2284 2102 2388 2174 γῆς
2407 2105 2486 2167 εἰς
2509 2102 2570 2156 τὸ
2601 2103 2862 2167 παντελὲς
2885 2103 3161 2175 διαμένει,
3195 2103 3624 2176 μετατεθὴσεται

2034 2192 2091 2245 δὲ
2112 2193 2253 2247 κατὰ
2279 2193 2487 2265 καιρόν.
2533 2194 2673 2247 Ἀλλ’
2696 2195 2756 2247 οὐ
2789 2196 2939 2248 πᾶσα
2984 2194 3194 2267 ἀθρόως
3229 2195 3328 2266 τῆς
3362 2196 3626 2268 τοιαύτης

2038 2285 2389 2355 μεταϐάσεως
2447 2285 2839 2356 ἀξιωθήσεται·
2906 2288 2965 2339 ἐν
3016 2286 3172 2356 μέρει
3218 2286 3274 2338 δὲ
3317 2288 3372 2339 al
3415 2286 3622 2359 πρώτῳ

2035 2375 2227 2447 βαθμῴ
2256 2379 2312 2430 ὲν
2344 2377 2479 2447 αὐτῇ
2507 2373 2862 2448 τετιμημέναι
2896 2375 3356 2448 ἀπενεχθήσονται
3397 2378 3479 2450 τῷ
3512 2380 3622 2434 Ba—

2034 2468 2186 2520 σιλεῖ.
2217 2461 2388 2523 Αὗται
2428 2469 2484 2523 δέ
2517 2470 2652 2523 εἰσιν
2682 2470 2739 2522 al
2767 2469 2867 2541 τὴν
2886 2471 2943 2523 ἐν
2975 2471 3196 2543 Χριστῷ
3228 2472 3451 2540 ἁγνείαν
3482 2488 3623 2525 κατ-

2042 2558 2349 2631 ορθώσασαι
2399 2559 2543 2632 ψυχῇ
2604 2562 2699 2614 καὶ
2728 2560 2962 2631 σώματι,
3010 2564 3101 2617 καὶ
3162 2564 3433 2641 πνεύματι
3482 2563 3620 2618 καθ-

2031 2651 2385 2723 ηγιασμέναι.
2420 2651 2575 2706 Μετά
2599 2652 2656 2704 δὲ
2706 2651 2769 2705 τὸ
2803 2653 3017 2724 πρῶτον
3070 2654 3253 2727 τάγμα
3306 2657 3363 2708 αἱ
3390 2656 3615 2727 πλησίον

2029 2742 2207 2796 αὖτῶν
2233 2744 2691 2817 ἀπενεχθήσονται
2711 2763 2723 2775 ’
2781 2745 2973 2800 πολλαὶ
3010 2747 3118 2820 γὰρ
3155 2748 3314 2818 μοναὶ
3357 2748 3508 2821 παρὰ
3535 2748 3616 2820 τῷ

2029 2835 2225 2907 Πατρί.
2256 2831 2425 2890 Αὗται
2447 2836 2504 2890 δέ
2531 2840 2668 2892 εἰσιν
2696 2840 2750 2891 al
2780 2838 2869 2892 τὸν
2895 2839 3121 2908 ἔγγιστα
3149 2841 3311 2893 τόπον
3333 2840 3443 2893 τῶν
3472 2856 3617 2911 παρ-

2029 2925 2197 2983 θένων
2252 2926 2544 2999 ἐπέχουσαι
2603 2928 2691 2982 διὰ
2752 2930 2953 3001 σεμνοῦ
3011 2932 3104 2984 καὶ
3156 2930 3433 3003 σώφρονος
3466 2932 3610 3003 βίου.

341 3022 586 3078 declarat
614 3023 826 3089 dicens,
855 3025 914 3077 in
944 3023 1137 3077 latitia
1167 3033 1216 3077 et
1241 3024 1618 3082 exsultatione.
1643 3024 1769 3082 Haec
1791 3043 1922 3083 vero

2030 3018 2217 3083 Ὅπως
2274 3019 2332 3072 δὲ
2374 3020 2840 3093 ἀπενεχθήσονται
2910 3023 3208 3094 παρίστησι
3269 3022 3476 3093 λέγων·
3535 3025 3609 3077 ἐν

341 3127 452 3181 qua
484 3113 698 3168 ratione
727 3113 984 3169 dicantur
1028 3114 1198 3185 probe
1242 3115 1533 3187 intelliges,
1561 3118 1610 3172 si
1656 3118 1921 3188 apostoli-

342 3218 463 3258 cam
501 3203 643 3259 hane
692 3219 879 3261 vocem
939 3221 1187 3278 apponas
1220 3223 1234 3258 :
1268 3205 1551 3276 Rapiemur
1594 3209 1649 3263 in
1693 3210 1919 3266 nubibus

339 3294 547 3350 obviam
585 3296 813 3352 Domino
846 3299 903 3352 in
952 3315 1102 3364 aera,
1128 3308 1178 3353 et
1205 3299 1284 3353 sic
1318 3316 1520 3369 semper
1550 3317 1668 3355 cum
1689 3301 1919 3357 Domino

336 3386 617 3442 erimus“.
655 3386 774 3450 Non
805 3387 952 3444 enim
982 3389 1203 3444 venient
1226 3388 1310 3445 vel
1343 3389 1409 3444 ad
1433 3388 1633 3461 Regem
1657 3389 1919 3447 accedent

316 3476 600 3548 ,virgines,
651 3478 746 3535 sed
794 3478 1110 3548 afferentur,
1144 3481 1269 3537 aliis
1301 3481 1449 3551 ipsas
1492 3481 1914 3549 adducentibus,

337 3566 551 3622 scilicet
581 3569 787 3639 angelis
811 3567 929 3636 Dei,
966 3572 1062 3642 qui
1084 3571 1355 3627 sublimes
1385 3572 1507 3628 illas
1540 3573 1594 3627 in
1619 3573 1789 3628 altum
1822 3574 1918 3630 de-

335 3656 533 3720 ferent,
566 3666 623 3712 ut
644 3674 943 3729 supernum
972 3662 1078 3716 iter
1103 3662 1264 3718 facile
1294 3663 1611 3718 decurrant.
1642 3664 1918 3720 Adduccn-

336 3756 423 3799 tur
452 3762 619 3817 porro
652 3750 706 3802 in
746 3749 937 3803 laztitia
976 3760 1026 3804 et
1058 3753 1431 3819 exsultatione,
1461 3760 1627 3824 atque
1684 3754 1740 3809 in
1773 3763 1913 3810 tem-

334 3837 486 3905 plum
518 3838 686 3906 regis,
718 3839 775 3892 in
805 3840 1012 3908 regiam
1052 3841 1300 3907 domum,
1333 3858 1504 3914 regno
1526 3845 1796 3902 caelorum
1826 3848 1916 3902 do-

336 3933 497 3990 natae,
549 3927 1010 3983 intrutnittentur.
1050 3929 1335 4006 Templum
1364 3949 1552 4002 porro,
1582 3935 1779 3993 domus
1817 3936 1913 3992 Dei

333 4024 437 4079 est,
466 4016 539 4069 ita
569 4025 628 4069 ut
662 4016 775 4071 Rex
802 4019 913 4083 ille,
944 4020 1011 4072 ad
1041 4036 1203 4091 quem
1234 4021 1604 4089 adducuntur,
1638 4024 1784 4081 Deus
1817 4028 1906 4084 sit.

334 4107 441 4161 frias
473 4106 597 4160 itetn
625 4106 926 4172 adducunt,
950 4112 1041 4180 qui
1072 4112 1205 4181 ipsis
1240 4112 1489 4168 instituta
1527 4115 1771 4184 tradunt,
1799 4116 1910 4173 Lex

332 4197 579 4254 videlicet
610 4208 770 4271 atque
802 4201 1096 4273 propheta).

397 4464 566 4524 Vsus.
613 4468 701 4525 l7.
730 4468 839 4525 Pro
890 4470 1131 4540 patribus
1165 4470 1271 4527 tuis
1306 4473 1421 4526 nati
1480 4482 1603 4527 sunt
1650 4474 1746 4527 tibi
1779 4474 1904 4543 ﬁlii.

328 4553 534 4611 Horum
610 4563 936 4617 sententiam
1007 4563 1211 4618 clarius
1263 4563 1449 4619 caeteri
1515 4564 1905 4631 reddiderunt;

326 4648 522 4718 Aquila
552 4653 770 4720 quidem
801 4656 883 4709 sic
922 4656 1155 4720 habens,
1185 4656 1293 4711 Pro
1308 4659 1563 4725 patribus
1604 4660 1711 4714 tuis
1752 4669 1908 4713 erunt

326 4738 421 4792 tibi
467 4739 601 4809 filii,-
633 4739 992 4812 Symmachus
1043 4760 1175 4803 vero
1200 4785 1215 4809 ,
1253 4745 1362 4801 Pro
1401 4750 1644 4818 patribus
1691 4750 1906 4819 fuerunt

323 4827 427 4896 ﬁlii
466 4830 564 4882 tui.
609 4829 735 4885 Hrec
760 4838 847 4887 est
893 4842 1076 4889 autem
1116 4834 1251 4898 dicti
1299 4838 1449 4891 illius
1476 4838 1898 4908 interpretatio:

324 4918 448 4974 Filii
477 4921 557 4974 tui
599 4922 691 4991 qui
737 4923 791 4976 in
833 4931 885 4979 te
915 4933 969 4980 et
1000 4936 1113 4983 ate
1145 4928 1259 4982 nati
1311 4936 1463 4993 sunt,
1504 4944 1604 4998 pro
1648 4932 1899 4999 patribus

321 5008 420 5063 tibi
443 5017 624 5065 crum.
664 5009 800 5064 Nam
848 5012 947 5068 hos
981 5015 1154 5084 ipsos,
1181 5032 1321 5086 quos
1351 5023 1468 5073 tute
1509 5017 1768 5088 genuisti,
1800 5036 1900 5089 pro

325 5100 571 5172 patribus
593 5102 842 5158 habebis.
878 5104 1162 5162 Sermonis
1201 5116 1382 5163 autem
1415 5120 1668 5165 eventum
1701 5113 1901 5167 intelli-

322 5207 441 5263 ges,
488 5192 534 5248 si
580 5192 887 5263 perpendas
915 5211 1026 5265 quo
1056 5207 1219 5267 pacto
1248 5199 1570 5270 alienigenae
1611 5217 1680 5258 ex
1724 5205 1900 5273 genti—

323 5282 447 5347 bus,
473 5279 775 5338 Ecclesiam
801 5281 896 5350 Dei
920 5283 1208 5349 adeuntes,
1235 5286 1292 5341 in
1314 5288 1542 5358 ipsaque
1565 5294 1897 5361 regenerati,

220 5400 229 5405 Α
320 5370 417 5427 ﬁlii
476 5373 598 5444 ejus
653 5372 985 5442 efﬁciantur;
1042 5390 1107 5430 ac
1155 5376 1415 5471 deinccpg
1467 5396 1591 5435 cum
1646 5382 1895 5471 profectu

310 5464 468 5547 'aucti
500 5468 650 5530 sunt,
689 5472 876 5537 patres
899 5466 1075 5538 ipsius
1114 5464 1557 5538 constituantur,
1598 5470 1666 5525 ad
1697 5472 1895 5543 praefe-

318 5564 527 5612 cturam
581 5559 701 5629 ejus
739 5560 995 5629 promoti,
1036 5568 1090 5616 et
1138 5562 1205 5615 ad
1254 5562 1599 5620 sacerdotale
1632 5566 1882 5624 ministe-

386 5710 433 5744 ⁸⁸
499 5710 675 5771 lCor.
713 5731 845 5783 χιιι,
886 5717 936 5777 9.
1017 5719 1061 5752 εδ
1101 5717 1233 5788 ibid.
1276 5719 1358 5779 i0.
1436 5721 1480 5753 ⁸⁸
1520 5719 1675 5777 ioan.
1718 5738 1826 5792 xiv,
1861 5721 1916 5781 Ξ.

2022 3110 2369 3179 εὐφροσύνῃ
2398 3111 2497 3164 καὶ
2525 3112 2902 3180 ἀγαλλιάσει.
2933 3114 3167 3185 Νοήσεις
3190 3114 3248 3167 δέ
3283 3112 3431 3178 ὅπως
3456 3113 3611 3188 εῐρη-

2021 3215 2111 3252 ται
2138 3199 2315 3267 τοῦτο,
2347 3201 2612 3273 παραθεὶς
2639 3203 2736 3274 τὴν
2765 3204 3125 3277 ἀποστολικὴν
3156 3201 3393 3279 φωνὴν
3418 3224 3604 3278 φησιν’

2034 3289 2518 3361 Ἀρπατησόμεθα
2548 3293 2617 3347 ἐν
2659 3295 2941 3363 νεφέλαις
2978 3299 3067 3363 είς
3104 3297 3449 3365 ἀπάντησιν
3496 3299 3609 3355 τοῦ

2017 3380 2239 3447 Κιιοίου
2272 3383 2361 3448 εις
2402 3382 2579 3449 ἀέρα,
2623 3384 2721 3438 καὶ
2775 3383 2925 3437 οὕτω
2973 3384 3229 3438 πάντοτε
3263 3386 3384 3439 σὺν
3408 3387 3611 3455 Κυρίῳ

2017 3471 2297 3540 ἐσόμεθα.
2340 3473 2415 3525 Οὐ
2448 3472 2559 3546 γὰρ
2603 3474 2913 3530 ἐλεύσονται
2955 3474 3074 3529 οὐδὲ
3107 3476 3498 3532 ἀπελεύσονται
3525 3479 3610 3548 τῷ

2018 3563 2237 3617 Βασιλεῖ
2274 3564 2554 3635 παρθένοι,
2582 3565 2696 3619 ἀλλ’
2730 3566 3207 3637 ἀπενεχθήσονται,
3226 3567 3401 3623 ἄλλων
3433 3567 3610 3635 αύτάς

2016 3655 2339 3724 ἁπαγόντων
2357 3673 2370 3686 ’
2409 3656 2657 3725 ἀγγέλων
2711 3657 2911 3728 δηλαδὴ
2957 3657 3118 3711 θείων
3160 3659 3608 3732 μετεωριζόντων

2016 3748 2186 3812 αὑτὰς
2222 3749 2317 3801 καὶ
2375 3751 2455 3814 εἰς
2485 3748 2621 3820 ὕψος
2652 3752 3012 3823 ἐπαιρόντων,
3042 3751 3119 3815 ὡς
3138 3751 3206 3807 ἂν
3250 3754 3469 3829 εὐμαρῆ
3502 3754 3607 3825 τὴν

2014 3839 2126 3893 ἄνω
2166 3840 2484 3910 ποιήσαιντο
2517 3841 2763 3912 πορείαν.
2830 3841 3361 3912 Ἆπενεχθήσονται
3424 3843 3469 3896 δ’
3532 3844 3609 3899 ἐν

2012 3930 2359 3998 εὐφροσύνῃ
2390 3931 2487 3984 καὶ
2517 3931 2897 4000 ἀγαλλιάσει,
2944 3934 3040 3988 καὶ
3078 3934 3496 4005 είσαχθήσονται
3522 3937 3607 4000 εἰς

2012 4018 2137 4074 ναὸν
2167 4018 2450 4089 βασιλέως,
2477 4022 2557 4084 εἰς
2592 4022 2683 4075 τὸν
2732 4019 2888 4112 ρῖκον
2918 4025 3002 4077 τὸν
3038 4023 3313 4112 βασιλικὸν
3327 4064 3349 4112 Αι
3365 4024 3466 4095 τῆς
3491 4025 3609 4079 τῶν

2011 4108 2258 4179 οὐρανῶν
2272 4107 2552 4179 βασιλείας
2580 4110 2837 4177 καταξιού
2845 4129 3020 4183 μεναι.
3042 4107 3193 4177 Nae;
3216 4113 3273 4167 δέ
3295 4109 3443 4179 οἶκος
3462 4114 3606 4170 Θεοῦ

2012 4197 2159 4264 ἐστιν
2184 4213 2197 4226 ·
2212 4195 2362 4261 ὥστε
2385 4198 2518 4263 Θεὸς
2544 4201 2572 4253 ό
2597 4199 2860 4264 Βασιλεὺς
2878 4240 2893 4264 ,
2923 4195 2968 4269 ᾧ
2996 4202 3320 4272 ἀπάγονται.
3372 4204 3607 4272 ’Δγουσι

2013 4287 2070 4344 δὲ
2103 4287 2272 4353 αὐτὰς
2303 4289 2398 4343 καὶ
2417 4292 2467 4347 οἱ
2497 4290 2567 4348 τὰ
2601 4292 2942 4364 παιδεύματα
2976 4294 3357 4366 παραδιδόντες
3383 4296 3602 4363 αὐταῖς,

2011 4382 2042 4434 ό
2071 4398 2130 4446 τε
2165 4381 2347 4453 Νόμος
2370 4384 2463 4438 καὶ
2486 4386 2537 4438 οἱ
2562 4385 2855 4457 προφῆται.
3064 4398 3069 4402 ’
3146 4378 3159 4385 λ

2072 4472 2243 4541 ,Ἀντί
2275 4473 2396 4529 τῶν
2426 4476 2698 4544 πατέρων
2736 4493 2852 4531 σου
2877 4476 3294 4546 ἐγεννήθησάν
3322 4496 3422 4533 σοι
3452 4482 3599 4536 υἱοί.

2013 4564 2231 4639 Τούτων
2274 4566 2375 4637 τὴν
2425 4567 2661 4629 διάνοιαν
2713 4569 3045 4641 σαφέστερον
3089 4569 3500 4640 ἀποδεδώκασιν
3546 4576 3599 4629 ot

2009 4655 2219 4723 λοιποί·
2249 4658 2277 4709 ό
2322 4657 2421 4728 μὲν
2477 4658 2942 4725 ’Δκύλαςείπώψ
2985 4662 3136 4715 Ἀντί
3183 4661 3304 4715 τῶν
3322 4662 3601 4731 πατέρων

2009 4762 2127 4801 σου
2152 4748 2400 4804 ἔσονται
2442 4763 2543 4804 σοι
2565 4752 2685 4804 υἱοί
2704 4768 2719 4794 ι
2755 4754 2785 4804 ὁ
2811 4751 2870 4807 δὲ
2908 4752 3206 4825 Σύμμαχος
3228 4771 3241 4784 ·
3291 4754 3443 4809 Ἀντί
3483 4768 3600 4809 παι

2009 4837 2499 4908 τέρωνοὲτένοντο
2535 4842 2655 4893 υίοί
2678 4854 2816 4894 σου.
2855 4842 2918 4895 Ἢ
2945 4842 2991 4896 δ’
3021 4845 3289 4915 ἑρμηνεία
3317 4844 3412 4898 τοῦ
3433 4844 3596 4914 λόγου

2007 4927 2209 4997 ταύτην
2234 4928 2349 4998 ἔχει
2373 4928 2472 4999 τὴν
2493 4928 2749 4984 διάνοιανο
2782 4932 2845 4985 Οί
2865 4933 2972 4985 υἱοί
2991 4949 3086 4993 σου
3109 4934 3159 4987 ot
3186 4935 3246 4987 ἐν
3265 4934 3350 4987 σοὶ
3366 4936 3462 4997 καὶ
3488 4934 3598 4990 ὑπὸ

2008 5018 2102 5077 σοῦ
2119 5036 2348 5090 γεγεννη
2356 5020 2504 5089 μένοι
2522 5021 2643 5075 ἀντὶ
2666 5024 2921 5096 πατέρων
2940 5025 3260 5097 γενήσονταί
3280 5042 3383 5079 σοι.
3409 5024 3597 5093 Ἓξιις

2004 5107 2115 5180 γὰρ
2148 5108 2347 5172 αὐτοὺς
2383 5109 2646 5182 πατέρας,
2671 5110 2772 5177 οὓς
2803 5114 2942 5185 αὑτὴ
2968 5114 3323 5186 γεγέννηκας.
3358 5115 3599 5187 Νοήσεις

2003 5198 2061 5255 δὲ
2093 5197 2187 5252 τοῦ
2219 5199 2375 5268 λόγου
2425 5201 2487 5255 τὺ
2516 5201 2860 5274 ἀποτέλεσμα
2879 5245 2894 5269 ,
2924 5207 3221 5277 ἐπιστήσας
3252 5208 3483 5271 ὃπωςοί
3531 5207 3597 5271 ἐξ

2005 5291 2176 5346 ἐθνῶν
2229 5292 2536 5363 ἀλλόφυλοι,
2597 5298 2987 5368 προσελθόντες
3046 5301 3106 5370 τῇ
3130 5336 3133 5339 λ
3157 5300 3453 5372 Ἐκκλησία
3494 5300 3592 5353 τοῦ

2003 5383 2161 5448 Θεοῦ,
2197 5387 2291 5439 καὶ
2334 5388 2787 5459 ἀναγεννηθὲντες
2834 5391 2894 5443 ἐν
2950 5392 3107 5463 αὐτῇ,
3142 5393 3249 5445 υἱοὶ
3294 5392 3469 5461 αὐτῆς
3503 5393 3595 5460 γίρ

2000 5492 2250 5543 γνονται·
2285 5478 2521 5532 κᾶπειτα
2543 5480 2871 5546 ἐπιδιδόντες
2912 5486 2977 5553 τῇ
3020 5486 3271 5556 προκοπῇ
3300 5523 3315 5547 ,
3350 5485 3593 5556 πατέρες

1992 5568 2162 5640 αὐτῆς
2190 5570 2565 5637 καθίστανται,
2594 5575 2956 5647 προαγόμενοι
2998 5579 3077 5643 είς
3112 5578 3208 5662 την
3242 5578 3421 5659 αὐτῆς
3449 5594 3588 5659 προ-

1993 5676 2038 5757 ’ί
2079 5723 2317 5785 lTbess.
2353 5741 2427 5795 ιν,
2465 5722 2551 5793 l6.
