  <div class='ocr_page' id='page_1' title='image "/cluster/home/n/w/nwhite01/storage/ocr_20150623/23/hvd.32044073501116/208.png"; bbox 0 0 3988 6202; ppageno 0'>
   <div class='ocr_carea' id='block_1_1' title="bbox 314 223 429 277">
    <p class='ocr_par' dir='ltr' id='par_1_1' title="bbox 314 223 429 277">
     <span class='ocr_line' id='line_1_1' title="bbox 314 223 429 277; baseline 0.017 -2"><span class='ocrx_word' id='word_1_1' title='bbox 314 223 429 277; x_wconf 72' lang='grc' dir='ltr'><strong>4οὸ</strong></span> 
     </span>
    </p>
   </div>
   <div class='ocr_carea' id='block_1_2' title="bbox 1470 201 2461 313">
    <p class='ocr_par' dir='ltr' id='par_1_2' title="bbox 1470 201 2461 313">
     <span class='ocr_line' id='line_1_2' title="bbox 1470 201 2461 313; baseline 0.004 -31"><span class='ocrx_word' id='word_1_2' title='bbox 1470 201 1976 313; x_wconf 61' lang='lat' dir='ltr'><strong>consumma</strong></span> <span class='ocrx_word' id='word_1_3' title='bbox 2012 224 2082 281; x_wconf 85' lang='lat' dir='ltr'><strong>IN</strong></span> <span class='ocrx_word' id='word_1_4' title='bbox 2120 226 2461 286; x_wconf 81' lang='lat' dir='ltr'><strong>PSALMOS.</strong></span> 
     </span>
    </p>
   </div>
   <div class='ocr_carea' id='block_1_3' title="bbox 3478 228 3584 285">
    <p class='ocr_par' dir='ltr' id='par_1_3' title="bbox 3478 228 3584 285">
     <span class='ocr_line' id='line_1_3' title="bbox 3478 228 3584 285; baseline -0.009 0"><span class='ocrx_word' id='word_1_5' title='bbox 3478 228 3584 285; x_wconf 76' lang='grc' dir='ltr'><strong>ιοε</strong></span> 
     </span>
    </p>
   </div>
   <div class='ocr_carea' id='block_1_4' title="bbox 311 318 1885 407">
    <p class='ocr_par' dir='ltr' id='par_1_4' title="bbox 311 330 1885 407">
     <span class='ocr_line' id='line_1_4' title="bbox 311 330 1885 407; baseline 0.003 -21"><span class='ocrx_word' id='word_1_6' title='bbox 311 331 582 395; x_wconf 76' lang='grc' dir='ltr'>στασίαν,</span> <span class='ocrx_word' id='word_1_7' title='bbox 609 330 703 385; x_wconf 81' lang='grc' dir='ltr'>καὶ</span> <span class='ocrx_word' id='word_1_8' title='bbox 725 331 825 400; x_wconf 80' lang='grc' dir='ltr'>τῆς</span> <span class='ocrx_word' id='word_1_9' title='bbox 850 330 1130 402; x_wconf 72' lang='grc' dir='ltr'><strong>ἱερατικῆς</strong></span> <span class='ocrx_word' id='word_1_10' title='bbox 1167 333 1504 405; x_wconf 73' lang='grc' dir='ltr'><strong>λειτουργίας</strong></span> <span class='ocrx_word' id='word_1_11' title='bbox 1548 335 1885 407; x_wconf 60' lang='grc' dir='ltr'>καταξιούμει</span> 
     </span>
    </p>
   </div>
   <div class='ocr_carea' id='block_1_5' title="bbox 1991 318 3584 407">
    <p class='ocr_par' dir='ltr' id='par_1_5' title="bbox 2016 331 3584 407">
     <span class='ocr_line' id='line_1_5' title="bbox 2016 331 3584 407; baseline 0.003 -17"><span class='ocrx_word' id='word_1_12' title='bbox 2016 336 2156 390; x_wconf 91' lang='lat' dir='ltr'><strong>rium</strong></span> <span class='ocrx_word' id='word_1_13' title='bbox 2195 338 2458 407; x_wconf 84' lang='lat' dir='ltr'><strong>cauptati.</strong></span> <span class='ocrx_word' id='word_1_14' title='bbox 2495 336 2779 402; x_wconf 85' lang='lat' dir='ltr'><strong>Quomodo</strong></span> <span class='ocrx_word' id='word_1_15' title='bbox 2814 331 2997 392; x_wconf 77' lang='lat' dir='ltr'><strong>auiem</strong></span> <span class='ocrx_word' id='word_1_16' title='bbox 3040 335 3164 391; x_wconf 89' lang='lat' dir='ltr'><strong>illos</strong></span> <span class='ocrx_word' id='word_1_17' title='bbox 3211 350 3309 405; x_wconf 90' lang='lat' dir='ltr'><strong>pro</strong></span> <span class='ocrx_word' id='word_1_18' title='bbox 3336 337 3584 407; x_wconf 76' lang='lat' dir='ltr'><strong>patribus</strong></span> 
     </span>
    </p>
   </div>
   <div class='ocr_carea' id='block_1_6' title="bbox 317 423 1908 498">
    <p class='ocr_par' dir='ltr' id='par_1_6' title="bbox 317 423 1908 498">
     <span class='ocr_line' id='line_1_6' title="bbox 317 423 1908 498; baseline 0.001 -19"><span class='ocrx_word' id='word_1_19' title='bbox 317 442 424 479; x_wconf 86' lang='grc' dir='ltr'>νοι.</span> <span class='ocrx_word' id='word_1_20' title='bbox 479 424 612 487; x_wconf 80' lang='grc' dir='ltr'><strong>Πῶς</strong></span> <span class='ocrx_word' id='word_1_21' title='bbox 647 423 693 476; x_wconf 67' lang='grc' dir='ltr'>δ’</span> <span class='ocrx_word' id='word_1_22' title='bbox 718 423 861 488; x_wconf 72' lang='grc' dir='ltr'>ἕξεις</span> <span class='ocrx_word' id='word_1_23' title='bbox 897 423 1094 488; x_wconf 79' lang='grc' dir='ltr'>αὐτοὺς</span> <span class='ocrx_word' id='word_1_24' title='bbox 1116 425 1236 478; x_wconf 81' lang='grc' dir='ltr'>ἀντὶ</span> <span class='ocrx_word' id='word_1_25' title='bbox 1272 426 1518 498; x_wconf 82' lang='grc' dir='ltr'><strong>πατέρων</strong></span> <span class='ocrx_word' id='word_1_26' title='bbox 1545 427 1908 498; x_wconf 85' lang='grc' dir='ltr'>διερμηνεύει,</span> 
     </span>
    </p>
   </div>
   <div class='ocr_carea' id='block_1_7' title="bbox 2013 421 3586 496">
    <p class='ocr_par' dir='ltr' id='par_1_7' title="bbox 2013 421 3586 496">
     <span class='ocr_line' id='line_1_7' title="bbox 2013 421 3586 496; baseline 0.001 -18"><span class='ocrx_word' id='word_1_27' title='bbox 2013 425 2268 478; x_wconf 90' lang='lat' dir='ltr'><strong>habitura</strong></span> <span class='ocrx_word' id='word_1_28' title='bbox 2308 426 2408 490; x_wconf 86' lang='lat' dir='ltr'><strong>sis,</strong></span> <span class='ocrx_word' id='word_1_29' title='bbox 2447 424 2692 496; x_wconf 88' lang='lat' dir='ltr'><strong>apertius</strong></span> <span class='ocrx_word' id='word_1_30' title='bbox 2731 425 2968 494; x_wconf 79' lang='lat' dir='ltr'><strong>explicat</strong></span> <span class='ocrx_word' id='word_1_31' title='bbox 3011 424 3097 480; x_wconf 87' lang='lat' dir='ltr'><strong>bis</strong></span> <span class='ocrx_word' id='word_1_32' title='bbox 3127 425 3343 480; x_wconf 80' lang='lat' dir='ltr'><strong>verbis:</strong></span> <span class='ocrx_word' id='word_1_33' title='bbox 3372 421 3586 481; x_wconf 78' lang='lat' dir='ltr'><strong>Consti-</strong></span> 
     </span>
    </p>
   </div>
   <div class='ocr_carea' id='block_1_8' title="bbox 317 512 1885 588">
    <p class='ocr_par' dir='ltr' id='par_1_8' title="bbox 317 515 1885 588">
     <span class='ocr_line' id='line_1_8' title="bbox 317 515 1885 588; baseline 0.001 -17"><span class='ocrx_word' id='word_1_34' title='bbox 317 517 665 588; x_wconf 78' lang='grc' dir='ltr'>σαφέστερον</span> <span class='ocrx_word' id='word_1_35' title='bbox 688 515 862 584; x_wconf 85' lang='grc' dir='ltr'>λέγων</span> <span class='ocrx_word' id='word_1_36' title='bbox 886 533 899 547; x_wconf 78' lang='grc' dir='ltr'><strong>ο</strong></span> <span class='ocrx_word' id='word_1_37' title='bbox 935 515 1349 583; x_wconf 76' lang='grc' dir='ltr'>Καταστήσεις</span> <span class='ocrx_word' id='word_1_38' title='bbox 1367 517 1588 584; x_wconf 84' lang='grc' dir='ltr'>αὐτοὺς</span> <span class='ocrx_word' id='word_1_39' title='bbox 1612 518 1885 588; x_wconf 75' lang='grc' dir='ltr'>ἇρχοντω</span> 
     </span>
    </p>
   </div>
   <div class='ocr_carea' id='block_1_9' title="bbox 1991 512 3586 588">
    <p class='ocr_par' dir='ltr' id='par_1_9' title="bbox 2013 512 3586 584">
     <span class='ocr_line' id='line_1_9' title="bbox 2013 512 3586 584; baseline 0.003 -18"><span class='ocrx_word' id='word_1_40' title='bbox 2013 524 2123 568; x_wconf 82' lang='lat' dir='ltr'><strong>mes</strong></span> <span class='ocrx_word' id='word_1_41' title='bbox 2153 529 2240 568; x_wconf 81' lang='lat' dir='ltr'><strong>eos</strong></span> <span class='ocrx_word' id='word_1_42' title='bbox 2269 515 2529 582; x_wconf 78' lang='lat' dir='ltr'><strong>principes</strong></span> <span class='ocrx_word' id='word_1_43' title='bbox 2579 528 2736 581; x_wconf 86' lang='lat' dir='ltr'><strong>super</strong></span> <span class='ocrx_word' id='word_1_44' title='bbox 2780 529 2982 566; x_wconf 87' lang='lat' dir='ltr'><strong>omnem</strong></span> <span class='ocrx_word' id='word_1_45' title='bbox 3031 522 3249 566; x_wconf 76' lang='lat' dir='ltr'><strong>terram.</strong></span> <span class='ocrx_word' id='word_1_46' title='bbox 3292 512 3389 569; x_wconf 84' lang='lat' dir='ltr'><strong>His</strong></span> <span class='ocrx_word' id='word_1_47' title='bbox 3419 530 3586 584; x_wconf 90' lang='lat' dir='ltr'><strong>porro</strong></span> 
     </span>
    </p>
   </div>
   <div class='ocr_carea' id='block_1_10' title="bbox 310 592 1885 681">
    <p class='ocr_par' dir='ltr' id='par_1_10' title="bbox 310 592 1885 681">
     <span class='ocr_line' id='line_1_10' title="bbox 310 592 1885 681; baseline 0.001 -20"><span class='ocrx_word' id='word_1_48' title='bbox 310 592 410 662; x_wconf 57' lang='grc' dir='ltr'><strong>ὲέιί</strong></span> <span class='ocrx_word' id='word_1_49' title='bbox 449 607 669 663; x_wconf 72' lang='grc' dir='ltr'>πᾶσαν</span> <span class='ocrx_word' id='word_1_50' title='bbox 696 606 814 675; x_wconf 80' lang='grc' dir='ltr'>τὴν</span> <span class='ocrx_word' id='word_1_51' title='bbox 843 606 978 677; x_wconf 71' lang='grc' dir='ltr'>γῆν.</span> <span class='ocrx_word' id='word_1_52' title='bbox 1003 608 1165 677; x_wconf 82' lang='grc' dir='ltr'>Λέγει</span> <span class='ocrx_word' id='word_1_53' title='bbox 1204 607 1261 661; x_wconf 86' lang='grc' dir='ltr'>δὲ</span> <span class='ocrx_word' id='word_1_54' title='bbox 1291 607 1459 663; x_wconf 80' lang='grc' dir='ltr'>ταῦτα</span> <span class='ocrx_word' id='word_1_55' title='bbox 1499 610 1634 681; x_wconf 78' lang='grc' dir='ltr'>πρὸς</span> <span class='ocrx_word' id='word_1_56' title='bbox 1680 611 1778 681; x_wconf 81' lang='grc' dir='ltr'>τὴν</span> <span class='ocrx_word' id='word_1_57' title='bbox 1817 613 1885 663; x_wconf 83' lang='grc' dir='ltr'>ὲπ</span> 
     </span>
    </p>
   </div>
   <div class='ocr_carea' id='block_1_11' title="bbox 1991 592 3584 681">
    <p class='ocr_par' dir='ltr' id='par_1_11' title="bbox 2011 603 3584 675">
     <span class='ocr_line' id='line_1_11' title="bbox 2011 603 3584 675; baseline 0.001 -17"><span class='ocrx_word' id='word_1_58' title='bbox 2011 605 2335 670; x_wconf 86' lang='lat' dir='ltr'><strong>Ecclesiam,</strong></span> <span class='ocrx_word' id='word_1_59' title='bbox 2366 619 2489 675; x_wconf 86' lang='lat' dir='ltr'><strong>quae</strong></span> <span class='ocrx_word' id='word_1_60' title='bbox 2529 605 2583 658; x_wconf 94' lang='lat' dir='ltr'><strong>in</strong></span> <span class='ocrx_word' id='word_1_61' title='bbox 2621 612 2768 659; x_wconf 87' lang='lat' dir='ltr'><strong>terra</strong></span> <span class='ocrx_word' id='word_1_62' title='bbox 2793 611 2900 667; x_wconf 90' lang='lat' dir='ltr'><strong>est,</strong></span> <span class='ocrx_word' id='word_1_63' title='bbox 2933 603 3248 672; x_wconf 82' lang='lat' dir='ltr'><strong>alloquitur,</strong></span> <span class='ocrx_word' id='word_1_64' title='bbox 3295 619 3524 674; x_wconf 71' lang='lat' dir='ltr'><strong>quaeque</strong></span> <span class='ocrx_word' id='word_1_65' title='bbox 3553 622 3584 659; x_wconf 88' lang='lat' dir='ltr'><strong>a</strong></span> 
     </span>
    </p>
   </div>
   <div class='ocr_carea' id='block_1_12' title="bbox 310 696 1907 770">
    <p class='ocr_par' dir='ltr' id='par_1_12' title="bbox 310 696 1907 770">
     <span class='ocr_line' id='line_1_12' title="bbox 310 696 1907 770; baseline -0.006 -7"><span class='ocrx_word' id='word_1_66' title='bbox 310 698 419 768; x_wconf 82' lang='grc' dir='ltr'><strong>γῆς</strong></span> <span class='ocrx_word' id='word_1_67' title='bbox 433 697 770 767; x_wconf 76' lang='grc' dir='ltr'>Ἐκκλησίαν</span> <span class='ocrx_word' id='word_1_68' title='bbox 789 700 818 751; x_wconf 85' lang='lat'><strong>6</strong></span> <span class='ocrx_word' id='word_1_69' title='bbox 836 696 1013 766; x_wconf 82' lang='grc' dir='ltr'><strong>λόγος,</strong></span> <span class='ocrx_word' id='word_1_70' title='bbox 1032 699 1129 769; x_wconf 83' lang='grc' dir='ltr'>τὴν</span> <span class='ocrx_word' id='word_1_71' title='bbox 1147 698 1252 751; x_wconf 85' lang='grc' dir='ltr'>ἀπὸ</span> <span class='ocrx_word' id='word_1_72' title='bbox 1270 699 1521 769; x_wconf 87' lang='grc' dir='ltr'>περάτων</span> <span class='ocrx_word' id='word_1_73' title='bbox 1541 701 1644 763; x_wconf 72' lang='grc' dir='ltr'>ἕως</span> <span class='ocrx_word' id='word_1_74' title='bbox 1656 701 1907 770; x_wconf 87' lang='grc' dir='ltr'>περάτων</span> 
     </span>
    </p>
   </div>
   <div class='ocr_carea' id='block_1_13' title="bbox 310 788 1907 861">
    <p class='ocr_par' dir='ltr' id='par_1_13' title="bbox 310 788 1907 861">
     <span class='ocr_line' id='line_1_13' title="bbox 310 788 1907 861; baseline 0.001 -19"><span class='ocrx_word' id='word_1_75' title='bbox 310 788 614 859; x_wconf 75' lang='grc' dir='ltr'><strong>διήκουσαν</strong></span> <span class='ocrx_word' id='word_1_76' title='bbox 633 805 646 818; x_wconf 72' lang='grc'><strong><em>⁸</em></strong></span> <span class='ocrx_word' id='word_1_77' title='bbox 682 789 768 857; x_wconf 78' lang='grc' dir='ltr'><strong>ἐφ’</strong></span> <span class='ocrx_word' id='word_1_78' title='bbox 798 790 864 859; x_wconf 80' lang='grc' dir='ltr'>ἦν</span> <span class='ocrx_word' id='word_1_79' title='bbox 893 788 1159 859; x_wconf 75' lang='grc' dir='ltr'>ἄρχοντας</span> <span class='ocrx_word' id='word_1_80' title='bbox 1187 790 1285 842; x_wconf 72' lang='grc' dir='ltr'>καὶ</span> <span class='ocrx_word' id='word_1_81' title='bbox 1319 790 1562 861; x_wconf 79' lang='grc' dir='ltr'>πατέρας</span> <span class='ocrx_word' id='word_1_82' title='bbox 1588 792 1713 854; x_wconf 81' lang='grc' dir='ltr'>τοὺς</span> <span class='ocrx_word' id='word_1_83' title='bbox 1746 791 1907 856; x_wconf 81' lang='grc' dir='ltr'>ἰδίους</span> 
     </span>
    </p>
   </div>
   <div class='ocr_carea' id='block_1_14' title="bbox 311 878 1684 951">
    <p class='ocr_par' dir='ltr' id='par_1_14' title="bbox 311 878 1684 951">
     <span class='ocr_line' id='line_1_14' title="bbox 311 878 1684 951; baseline 0.004 -21"><span class='ocrx_word' id='word_1_84' title='bbox 311 879 466 942; x_wconf 74' lang='grc' dir='ltr'>υἱοὺς</span> <span class='ocrx_word' id='word_1_85' title='bbox 499 878 641 949; x_wconf 78' lang='grc' dir='ltr'>αὑτὴ</span> <span class='ocrx_word' id='word_1_86' title='bbox 670 879 706 949; x_wconf 84' lang='grc' dir='ltr'><strong>ἡ</strong></span> <span class='ocrx_word' id='word_1_87' title='bbox 745 878 1038 948; x_wconf 82' lang='grc' dir='ltr'><strong>Ἐκκλησία</strong></span> <span class='ocrx_word' id='word_1_88' title='bbox 1062 878 1155 931; x_wconf 81' lang='grc' dir='ltr'><strong>τοῦ</strong></span> <span class='ocrx_word' id='word_1_89' title='bbox 1180 878 1315 932; x_wconf 80' lang='grc' dir='ltr'>Θεοῦ</span> <span class='ocrx_word' id='word_1_90' title='bbox 1345 879 1684 951; x_wconf 80' lang='grc' dir='ltr'><strong>καθίστησιν.</strong></span> 
     </span>
    </p>
   </div>
   <div class='ocr_carea' id='block_1_15' title="bbox 383 967 1903 1038">
    <p class='ocr_par' dir='ltr' id='par_1_15' title="bbox 383 967 1903 1038">
     <span class='ocr_line' id='line_1_15' title="bbox 383 967 1903 1038; baseline 0.001 -15"><span class='ocrx_word' id='word_1_91' title='bbox 383 971 494 1024; x_wconf 82' lang='grc' dir='ltr'><strong>Διὰ</strong></span> <span class='ocrx_word' id='word_1_92' title='bbox 520 969 697 1023; x_wconf 86' lang='grc' dir='ltr'>τοῦτο</span> <span class='ocrx_word' id='word_1_93' title='bbox 718 969 854 1023; x_wconf 72' lang='grc' dir='ltr'>λαοὶ</span> <span class='ocrx_word' id='word_1_94' title='bbox 890 967 1241 1037; x_wconf 79' lang='grc' dir='ltr'><strong>ὑμνήσουσι</strong></span> <span class='ocrx_word' id='word_1_95' title='bbox 1272 985 1345 1023; x_wconf 87' lang='grc' dir='ltr'><strong>σε</strong></span> <span class='ocrx_word' id='word_1_96' title='bbox 1380 972 1467 1034; x_wconf 84' lang='grc' dir='ltr'><strong>εἰς</strong></span> <span class='ocrx_word' id='word_1_97' title='bbox 1492 969 1678 1023; x_wconf 85' lang='grc' dir='ltr'>αἰῶνα</span> <span class='ocrx_word' id='word_1_98' title='bbox 1704 969 1903 1038; x_wconf 81' lang='grc' dir='ltr'>διηνε-</span> 
     </span>
    </p>
   </div>
   <div class='ocr_carea' id='block_1_16' title="bbox 312 1057 1899 1133">
    <p class='ocr_par' dir='ltr' id='par_1_16' title="bbox 312 1057 1899 1133">
     <span class='ocr_line' id='line_1_16' title="bbox 312 1057 1899 1133; baseline 0.001 -19"><span class='ocrx_word' id='word_1_99' title='bbox 312 1059 453 1125; x_wconf 79' lang='grc' dir='ltr'>κῶς.</span> <span class='ocrx_word' id='word_1_100' title='bbox 506 1060 573 1112; x_wconf 81' lang='grc' dir='ltr'><em>Ἦ</em></span> <span class='ocrx_word' id='word_1_101' title='bbox 607 1057 966 1130; x_wconf 79' lang='grc' dir='ltr'>προλεχθεῖσα</span> <span class='ocrx_word' id='word_1_102' title='bbox 997 1057 1240 1130; x_wconf 83' lang='grc' dir='ltr'><strong>θυγάτηρ</strong></span> <span class='ocrx_word' id='word_1_103' title='bbox 1284 1058 1391 1112; x_wconf 84' lang='grc' dir='ltr'><strong>τῶν</strong></span> <span class='ocrx_word' id='word_1_104' title='bbox 1422 1059 1685 1130; x_wconf 86' lang='grc' dir='ltr'>βασιλέων</span> <span class='ocrx_word' id='word_1_105' title='bbox 1711 1101 1726 1125; x_wconf 92' lang='grc'><strong>,</strong></span> <span class='ocrx_word' id='word_1_106' title='bbox 1762 1061 1899 1133; x_wconf 79' lang='grc' dir='ltr'>αὕτη</span> 
     </span>
    </p>
   </div>
   <div class='ocr_carea' id='block_1_17' title="bbox 311 1145 1900 1222">
    <p class='ocr_par' dir='ltr' id='par_1_17' title="bbox 311 1145 1900 1222">
     <span class='ocr_line' id='line_1_17' title="bbox 311 1145 1900 1222; baseline 0.002 -19"><span class='ocrx_word' id='word_1_107' title='bbox 311 1149 368 1203; x_wconf 75' lang='grc' dir='ltr'>δὲ</span> <span class='ocrx_word' id='word_1_108' title='bbox 400 1145 474 1220; x_wconf 81' lang='grc' dir='ltr'>ἦν</span> <span class='ocrx_word' id='word_1_109' title='bbox 504 1151 538 1219; x_wconf 85' lang='grc' dir='ltr'>ή</span> <span class='ocrx_word' id='word_1_110' title='bbox 573 1150 666 1201; x_wconf 70' lang='grc' dir='ltr'>ἐπὶ</span> <span class='ocrx_word' id='word_1_111' title='bbox 696 1150 801 1218; x_wconf 79' lang='grc' dir='ltr'>γῆς</span> <span class='ocrx_word' id='word_1_112' title='bbox 833 1147 1149 1219; x_wconf 80' lang='grc' dir='ltr'><strong>Ἐκκλησία,</strong></span> <span class='ocrx_word' id='word_1_113' title='bbox 1186 1149 1583 1222; x_wconf 84' lang='grc' dir='ltr'>συναισθομένη</span> <span class='ocrx_word' id='word_1_114' title='bbox 1615 1151 1715 1220; x_wconf 79' lang='grc' dir='ltr'>τῆς</span> <span class='ocrx_word' id='word_1_115' title='bbox 1739 1151 1900 1206; x_wconf 86' lang='grc' dir='ltr'>δυνά-</span> 
     </span>
    </p>
   </div>
   <div class='ocr_carea' id='block_1_18' title="bbox 317 1237 1899 1310">
    <p class='ocr_par' dir='ltr' id='par_1_18' title="bbox 317 1237 1899 1310">
     <span class='ocr_line' id='line_1_18' title="bbox 317 1237 1899 1310; baseline 0.002 -19"><span class='ocrx_word' id='word_1_116' title='bbox 317 1255 463 1308; x_wconf 85' lang='grc' dir='ltr'>μεως</span> <span class='ocrx_word' id='word_1_117' title='bbox 499 1237 592 1292; x_wconf 82' lang='grc' dir='ltr'>τοῦ</span> <span class='ocrx_word' id='word_1_118' title='bbox 621 1237 888 1309; x_wconf 76' lang='grc' dir='ltr'>πατρικοῦ</span> <span class='ocrx_word' id='word_1_119' title='bbox 936 1237 1220 1308; x_wconf 82' lang='grc' dir='ltr'>ὀνόματος,</span> <span class='ocrx_word' id='word_1_120' title='bbox 1251 1239 1550 1310; x_wconf 73' lang='grc' dir='ltr'><strong>ἐπειδήπερ</strong></span> <span class='ocrx_word' id='word_1_121' title='bbox 1576 1240 1899 1309; x_wconf 84' lang='grc' dir='ltr'>ἐχαρίσατο</span> 
     </span>
    </p>
   </div>
   <div class='ocr_carea' id='block_1_19' title="bbox 313 1328 1898 1399">
    <p class='ocr_par' dir='ltr' id='par_1_19' title="bbox 313 1328 1898 1399">
     <span class='ocr_line' id='line_1_19' title="bbox 313 1328 1898 1399; baseline 0.003 -17"><span class='ocrx_word' id='word_1_122' title='bbox 313 1329 476 1395; x_wconf 77' lang='grc' dir='ltr'>αὐτῷ</span> <span class='ocrx_word' id='word_1_123' title='bbox 510 1329 701 1397; x_wconf 82' lang='grc' dir='ltr'>ὄνομα</span> <span class='ocrx_word' id='word_1_124' title='bbox 734 1330 802 1382; x_wconf 83' lang='grc' dir='ltr'>τὸ</span> <span class='ocrx_word' id='word_1_125' title='bbox 827 1328 982 1397; x_wconf 84' lang='grc' dir='ltr'>ὑπὲρ</span> <span class='ocrx_word' id='word_1_126' title='bbox 1009 1328 1134 1384; x_wconf 79' lang='grc' dir='ltr'>πᾶν</span> <span class='ocrx_word' id='word_1_127' title='bbox 1164 1329 1356 1399; x_wconf 83' lang='grc' dir='ltr'>ὄνομα</span> <span class='ocrx_word' id='word_1_128' title='bbox 1379 1347 1391 1358; x_wconf 76' lang='grc'><strong>⁸</strong></span> <span class='ocrx_word' id='word_1_129' title='bbox 1430 1332 1530 1383; x_wconf 75' lang='grc' dir='ltr'>ἵνα</span> <span class='ocrx_word' id='word_1_130' title='bbox 1566 1333 1636 1384; x_wconf 85' lang='grc' dir='ltr'>ἐν</span> <span class='ocrx_word' id='word_1_131' title='bbox 1657 1330 1735 1396; x_wconf 84' lang='grc' dir='ltr'>τῷ</span> <span class='ocrx_word' id='word_1_132' title='bbox 1765 1334 1898 1386; x_wconf 83' lang='grc' dir='ltr'>ὀνό-</span> 
     </span>
    </p>
   </div>
   <div class='ocr_carea' id='block_1_20' title="bbox 310 1418 1898 1490">
    <p class='ocr_par' dir='ltr' id='par_1_20' title="bbox 310 1418 1898 1490">
     <span class='ocr_line' id='line_1_20' title="bbox 310 1418 1898 1490; baseline 0 -16"><span class='ocrx_word' id='word_1_133' title='bbox 310 1437 451 1490; x_wconf 72' lang='grc' dir='ltr'>ματι</span> <span class='ocrx_word' id='word_1_134' title='bbox 487 1419 685 1488; x_wconf 84' lang='grc' dir='ltr'>Ἰησοῦ</span> <span class='ocrx_word' id='word_1_135' title='bbox 706 1419 831 1474; x_wconf 79' lang='grc' dir='ltr'>πᾶν</span> <span class='ocrx_word' id='word_1_136' title='bbox 853 1420 1000 1489; x_wconf 78' lang='grc' dir='ltr'>γόνυ</span> <span class='ocrx_word' id='word_1_137' title='bbox 1027 1418 1236 1490; x_wconf 68' lang='grc' dir='ltr'>κάμψῃ</span> <span class='ocrx_word' id='word_1_138' title='bbox 1258 1419 1632 1486; x_wconf 75' lang='grc' dir='ltr'>ἐπουρανίων</span> <span class='ocrx_word' id='word_1_139' title='bbox 1661 1419 1758 1474; x_wconf 77' lang='grc' dir='ltr'>καὶ</span> <span class='ocrx_word' id='word_1_140' title='bbox 1781 1421 1898 1474; x_wconf 86' lang='grc' dir='ltr'>ἐπι-</span> 
     </span>
    </p>
   </div>
   <div class='ocr_carea' id='block_1_21' title="bbox 315 1508 1898 1583">
    <p class='ocr_par' dir='ltr' id='par_1_21' title="bbox 315 1508 1898 1583">
     <span class='ocr_line' id='line_1_21' title="bbox 315 1508 1898 1583; baseline 0 -19"><span class='ocrx_word' id='word_1_141' title='bbox 315 1513 492 1583; x_wconf 78' lang='grc' dir='ltr'>τείων</span> <span class='ocrx_word' id='word_1_142' title='bbox 515 1511 615 1564; x_wconf 74' lang='grc' dir='ltr'>καὶ</span> <span class='ocrx_word' id='word_1_143' title='bbox 646 1510 1076 1578; x_wconf 74' lang='grc' dir='ltr'>καταχθονίων,</span> <span class='ocrx_word' id='word_1_144' title='bbox 1106 1509 1246 1580; x_wconf 85' lang='grc' dir='ltr'><strong>μετά</strong></span> <span class='ocrx_word' id='word_1_145' title='bbox 1307 1508 1407 1573; x_wconf 79' lang='grc' dir='ltr'><strong>τάς</strong></span> <span class='ocrx_word' id='word_1_146' title='bbox 1436 1511 1572 1581; x_wconf 86' lang='grc' dir='ltr'>πρὸς</span> <span class='ocrx_word' id='word_1_147' title='bbox 1607 1511 1775 1582; x_wconf 80' lang='grc' dir='ltr'>αὐτὴν</span> <span class='ocrx_word' id='word_1_148' title='bbox 1807 1510 1898 1564; x_wconf 85' lang='grc' dir='ltr'>λε·</span> 
     </span>
    </p>
   </div>
   <div class='ocr_carea' id='block_1_22' title="bbox 314 1603 1896 1676">
    <p class='ocr_par' dir='ltr' id='par_1_22' title="bbox 314 1603 1896 1676">
     <span class='ocr_line' id='line_1_22' title="bbox 314 1603 1896 1676; baseline 0 -19"><span class='ocrx_word' id='word_1_149' title='bbox 314 1603 535 1676; x_wconf 78' lang='grc' dir='ltr'>χθείσας</span> <span class='ocrx_word' id='word_1_150' title='bbox 556 1603 905 1673; x_wconf 75' lang='grc' dir='ltr'>ἐπαγγελίας,</span> <span class='ocrx_word' id='word_1_151' title='bbox 918 1603 1251 1657; x_wconf 88' lang='grc' dir='ltr'>πιστεύσασα</span> <span class='ocrx_word' id='word_1_152' title='bbox 1277 1605 1502 1672; x_wconf 79' lang='grc' dir='ltr'>φωναῖς,</span> <span class='ocrx_word' id='word_1_153' title='bbox 1526 1606 1700 1676; x_wconf 80' lang='grc' dir='ltr'>χαρᾶς</span> <span class='ocrx_word' id='word_1_154' title='bbox 1718 1620 1776 1656; x_wconf 89' lang='grc' dir='ltr'><strong>τε</strong></span> <span class='ocrx_word' id='word_1_155' title='bbox 1803 1605 1896 1658; x_wconf 80' lang='grc' dir='ltr'>καὶ</span> 
     </span>
    </p>
   </div>
   <div class='ocr_carea' id='block_1_23' title="bbox 319 1695 1058 1767">
    <p class='ocr_par' dir='ltr' id='par_1_23' title="bbox 319 1695 1058 1767">
     <span class='ocr_line' id='line_1_23' title="bbox 319 1695 1058 1767; baseline 0.003 -18"><span class='ocrx_word' id='word_1_156' title='bbox 319 1696 659 1767; x_wconf 71' lang='grc' dir='ltr'>εὐφροσύνης</span> <span class='ocrx_word' id='word_1_157' title='bbox 690 1695 1058 1766; x_wconf 82' lang='grc' dir='ltr'>πληρωθεῖσα.</span> 
     </span>
    </p>
   </div>
   <div class='ocr_carea' id='block_1_24' title="bbox 323 1765 1892 1874">
    <p class='ocr_par' dir='ltr' id='par_1_24' title="bbox 323 1765 1892 1874">
     <span class='ocr_line' id='line_1_24' title="bbox 323 1765 1892 1874; baseline 0.004 -17"><span class='ocrx_word' id='word_1_158' title='bbox 323 1765 441 1858; x_wconf 64' lang='grc' dir='ltr'>Ειέ</span> <span class='ocrx_word' id='word_1_159' title='bbox 464 1804 554 1858; x_wconf 85' lang='grc' dir='ltr'><strong>ΤΟ</strong></span> <span class='ocrx_word' id='word_1_160' title='bbox 587 1765 816 1861; x_wconf 55' lang='grc' dir='ltr'><strong>ΤΕΛΟΣ.</strong></span> <span class='ocrx_word' id='word_1_161' title='bbox 842 1807 1029 1860; x_wconf 87' lang='grc' dir='ltr'><strong>ΥΠΕΡ</strong></span> <span class='ocrx_word' id='word_1_162' title='bbox 1073 1808 1209 1861; x_wconf 81' lang='grc' dir='ltr'><strong>ΤΩΝ</strong></span> <span class='ocrx_word' id='word_1_163' title='bbox 1247 1808 1408 1861; x_wconf 81' lang='grc' dir='ltr'><strong>ΥΙΩΝ</strong></span> <span class='ocrx_word' id='word_1_164' title='bbox 1447 1765 1662 1874; x_wconf 36' lang='lat' dir='ltr'><strong>KOPE;</strong></span> <span class='ocrx_word' id='word_1_165' title='bbox 1713 1808 1892 1863; x_wconf 81' lang='grc' dir='ltr'><strong>ΥΠΕΡ</strong></span> 
     </span>
    </p>
   </div>
   <div class='ocr_carea' id='block_1_25' title="bbox 343 1876 1599 1941">
    <p class='ocr_par' dir='ltr' id='par_1_25' title="bbox 343 1876 1599 1941">
     <span class='ocr_line' id='line_1_25' title="bbox 343 1876 1599 1941; baseline -0.002 -13"><span class='ocrx_word' id='word_1_166' title='bbox 343 1885 358 1900; x_wconf 65' lang='grc'>⁸</span> <span class='ocrx_word' id='word_1_167' title='bbox 634 1876 762 1929; x_wconf 80' lang='grc' dir='ltr'><strong>ΤΩΝ</strong></span> <span class='ocrx_word' id='word_1_168' title='bbox 789 1877 1113 1941; x_wconf 81' lang='grc' dir='ltr'><strong>ΚΡΥΦΙΩΝ,</strong></span> <span class='ocrx_word' id='word_1_169' title='bbox 1143 1877 1434 1932; x_wconf 76' lang='grc' dir='ltr'><strong>ΨΑΛΜΟΣ</strong></span> <span class='ocrx_word' id='word_1_170' title='bbox 1459 1879 1599 1932; x_wconf 86' lang='lat' dir='ltr'><strong>ME’.</strong></span> 
     </span>
    </p>
   </div>
   <div class='ocr_carea' id='block_1_26' title="bbox 410 1987 1892 2061">
    <p class='ocr_par' dir='ltr' id='par_1_26' title="bbox 410 1987 1892 2061">
     <span class='ocr_line' id='line_1_26' title="bbox 410 1987 1892 2061; baseline 0.005 -21"><span class='ocrx_word' id='word_1_171' title='bbox 410 1987 460 2040; x_wconf 90' lang='lat'><strong>&#39;0</strong></span> <span class='ocrx_word' id='word_1_172' title='bbox 479 1987 619 2054; x_wconf 83' lang='grc' dir='ltr'><strong>Θεὸς</strong></span> <span class='ocrx_word' id='word_1_173' title='bbox 646 1987 813 2056; x_wconf 77' lang='grc' dir='ltr'>ἡμῶν</span> <span class='ocrx_word' id='word_1_174' title='bbox 840 1991 1152 2061; x_wconf 67' lang='grc' dir='ltr'>καταφυγὴ</span> <span class='ocrx_word' id='word_1_175' title='bbox 1181 1991 1279 2046; x_wconf 75' lang='grc' dir='ltr'>καὶ</span> <span class='ocrx_word' id='word_1_176' title='bbox 1330 1991 1583 2061; x_wconf 81' lang='grc' dir='ltr'>δύναμις</span> <span class='ocrx_word' id='word_1_177' title='bbox 1605 2032 1618 2056; x_wconf 94' lang='grc'><strong>,</strong></span> <span class='ocrx_word' id='word_1_178' title='bbox 1659 1993 1892 2061; x_wconf 77' lang='grc' dir='ltr'>,ϐοηθὸς</span> 
     </span>
    </p>
   </div>
   <div class='ocr_carea' id='block_1_27' title="bbox 319 2079 1892 2151">
    <p class='ocr_par' dir='ltr' id='par_1_27' title="bbox 319 2079 1892 2151">
     <span class='ocr_line' id='line_1_27' title="bbox 319 2079 1892 2151; baseline 0.004 -18"><span class='ocrx_word' id='word_1_179' title='bbox 319 2079 392 2133; x_wconf 76' lang='grc' dir='ltr'>ἐν</span> <span class='ocrx_word' id='word_1_180' title='bbox 432 2079 673 2146; x_wconf 75' lang='grc' dir='ltr'>θλίψεσι</span> <span class='ocrx_word' id='word_1_181' title='bbox 712 2079 842 2146; x_wconf 83' lang='grc' dir='ltr'>ταῖς</span> <span class='ocrx_word' id='word_1_182' title='bbox 889 2083 1214 2148; x_wconf 77' lang='grc' dir='ltr'>εὐρούσαις</span> <span class='ocrx_word' id='word_1_183' title='bbox 1268 2080 1426 2151; x_wconf 74' lang='grc' dir='ltr'>ἡμᾶς</span> <span class='ocrx_word' id='word_1_184' title='bbox 1478 2083 1732 2151; x_wconf 71' lang='grc' dir='ltr'>σφόδρα.</span> <span class='ocrx_word' id='word_1_185' title='bbox 1789 2085 1892 2139; x_wconf 81' lang='grc' dir='ltr'><strong>Διὰ</strong></span> 
     </span>
    </p>
   </div>
   <div class='ocr_carea' id='block_1_28' title="bbox 315 2163 1893 2242">
    <p class='ocr_par' dir='ltr' id='par_1_28' title="bbox 315 2163 1893 2242">
     <span class='ocr_line' id='line_1_28' title="bbox 315 2163 1893 2242; baseline 0.003 -18"><span class='ocrx_word' id='word_1_186' title='bbox 315 2170 484 2225; x_wconf 85' lang='grc' dir='ltr'>τοῦτο</span> <span class='ocrx_word' id='word_1_187' title='bbox 510 2173 584 2225; x_wconf 82' lang='grc' dir='ltr'>οὐ</span> <span class='ocrx_word' id='word_1_188' title='bbox 614 2163 1076 2241; x_wconf 75' lang='grc' dir='ltr'>φοϐηθησόμεθα</span> <span class='ocrx_word' id='word_1_189' title='bbox 1100 2173 1171 2226; x_wconf 83' lang='grc' dir='ltr'>ἐν</span> <span class='ocrx_word' id='word_1_190' title='bbox 1196 2173 1276 2239; x_wconf 86' lang='grc' dir='ltr'>τῷ</span> <span class='ocrx_word' id='word_1_191' title='bbox 1324 2173 1735 2240; x_wconf 78' lang='grc' dir='ltr'>ταράσσεσθαι</span> <span class='ocrx_word' id='word_1_192' title='bbox 1775 2174 1893 2242; x_wconf 80' lang='grc' dir='ltr'>τὴν</span> 
     </span>
    </p>
   </div>
   <div class='ocr_carea' id='block_1_29' title="bbox 311 2261 1885 2333">
    <p class='ocr_par' dir='ltr' id='par_1_29' title="bbox 311 2261 1885 2333">
     <span class='ocr_line' id='line_1_29' title="bbox 311 2261 1885 2333; baseline -0.006 -13"><span class='ocrx_word' id='word_1_193' title='bbox 311 2261 445 2330; x_wconf 78' lang='grc' dir='ltr'>γῆν,</span> <span class='ocrx_word' id='word_1_194' title='bbox 473 2261 572 2316; x_wconf 72' lang='grc' dir='ltr'>καὶ</span> <span class='ocrx_word' id='word_1_195' title='bbox 593 2263 1013 2333; x_wconf 81' lang='grc' dir='ltr'>μετατίθεσθαι</span> <span class='ocrx_word' id='word_1_196' title='bbox 1032 2263 1137 2331; x_wconf 81' lang='grc' dir='ltr'>ὅρη</span> <span class='ocrx_word' id='word_1_197' title='bbox 1155 2264 1225 2316; x_wconf 82' lang='grc' dir='ltr'>ἐν</span> <span class='ocrx_word' id='word_1_198' title='bbox 1243 2263 1513 2331; x_wconf 83' lang='grc' dir='ltr'>καρδίαις</span> <span class='ocrx_word' id='word_1_199' title='bbox 1537 2262 1885 2318; x_wconf 74' lang='grc' dir='ltr'>θαλασσῶν,</span> 
     </span>
    </p>
   </div>
   <div class='ocr_carea' id='block_1_30' title="bbox 309 2352 1934 2425">
    <p class='ocr_par' dir='ltr' id='par_1_30' title="bbox 309 2352 1934 2425">
     <span class='ocr_line' id='line_1_30' title="bbox 309 2352 1934 2425; baseline 0.001 -18"><span class='ocrx_word' id='word_1_200' title='bbox 309 2354 740 2425; x_wconf 76' lang='grc' dir='ltr'>Εὖχαριστήριον</span> <span class='ocrx_word' id='word_1_201' title='bbox 779 2352 944 2424; x_wconf 78' lang='grc' dir='ltr'>ὕμνον</span> <span class='ocrx_word' id='word_1_202' title='bbox 971 2353 1284 2424; x_wconf 82' lang='grc' dir='ltr'>ἀναπέμπει</span> <span class='ocrx_word' id='word_1_203' title='bbox 1319 2352 1397 2424; x_wconf 82' lang='grc' dir='ltr'><strong>τῷ</strong></span> <span class='ocrx_word' id='word_1_204' title='bbox 1432 2353 1681 2424; x_wconf 80' lang='grc' dir='ltr'>μεγάλων</span> <span class='ocrx_word' id='word_1_205' title='bbox 1727 2353 1888 2407; x_wconf 81' lang='grc' dir='ltr'>αὑτὸν</span> <span class='ocrx_word' id='word_1_206' title='bbox 1929 2402 1934 2408; x_wconf 84' lang='lat'><strong>.</strong></span> 
     </span>
    </p>
   </div>
   <div class='ocr_carea' id='block_1_31' title="bbox 307 2442 1887 2514">
    <p class='ocr_par' dir='ltr' id='par_1_31' title="bbox 307 2442 1887 2514">
     <span class='ocr_line' id='line_1_31' title="bbox 307 2442 1887 2514; baseline -0.003 -15"><span class='ocrx_word' id='word_1_207' title='bbox 307 2443 710 2508; x_wconf 79' lang='grc' dir='ltr'>καταξιώσαντι</span> <span class='ocrx_word' id='word_1_208' title='bbox 753 2445 782 2496; x_wconf 97' lang='lat'><strong>6</strong></span> <span class='ocrx_word' id='word_1_209' title='bbox 810 2443 993 2512; x_wconf 75' lang='grc' dir='ltr'>λόγος’</span> <span class='ocrx_word' id='word_1_210' title='bbox 1019 2445 1101 2496; x_wconf 81' lang='grc' dir='ltr'>ὅτι</span> <span class='ocrx_word' id='word_1_211' title='bbox 1131 2443 1359 2514; x_wconf 73' lang='grc' dir='ltr'>φροῦδος</span> <span class='ocrx_word' id='word_1_212' title='bbox 1411 2443 1562 2497; x_wconf 70' lang='grc' dir='ltr'>ἔσται</span> <span class='ocrx_word' id='word_1_213' title='bbox 1589 2484 1603 2507; x_wconf 94' lang='grc'><strong>,</strong></span> <span class='ocrx_word' id='word_1_214' title='bbox 1636 2442 1887 2513; x_wconf 82' lang='grc' dir='ltr'>καθάπερ</span> 
     </span>
    </p>
   </div>
   <div class='ocr_carea' id='block_1_32' title="bbox 304 2533 1887 2606">
    <p class='ocr_par' dir='ltr' id='par_1_32' title="bbox 304 2533 1887 2606">
     <span class='ocr_line' id='line_1_32' title="bbox 304 2533 1887 2606; baseline -0.002 -18"><span class='ocrx_word' id='word_1_215' title='bbox 304 2535 411 2588; x_wconf 76' lang='grc' dir='ltr'>τινὶ</span> <span class='ocrx_word' id='word_1_216' title='bbox 436 2533 909 2606; x_wconf 84' lang='grc' dir='ltr'>παραπεμφθεῖσα</span> <span class='ocrx_word' id='word_1_217' title='bbox 944 2533 1110 2605; x_wconf 83' lang='grc' dir='ltr'>βυθῷ,</span> <span class='ocrx_word' id='word_1_218' title='bbox 1149 2536 1183 2604; x_wconf 80' lang='grc' dir='ltr'>ἡ</span> <span class='ocrx_word' id='word_1_219' title='bbox 1211 2535 1374 2588; x_wconf 83' lang='grc' dir='ltr'>πάλαι</span> <span class='ocrx_word' id='word_1_220' title='bbox 1404 2536 1727 2606; x_wconf 84' lang='grc' dir='ltr'>κρατήσασα</span> <span class='ocrx_word' id='word_1_221' title='bbox 1777 2533 1887 2586; x_wconf 85' lang='grc' dir='ltr'>τῶν</span> 
     </span>
    </p>
   </div>
   <div class='ocr_carea' id='block_1_33' title="bbox 301 2623 1882 2700">
    <p class='ocr_par' dir='ltr' id='par_1_33' title="bbox 301 2623 1882 2700">
     <span class='ocr_line' id='line_1_33' title="bbox 301 2623 1882 2700; baseline -0.003 -17"><span class='ocrx_word' id='word_1_222' title='bbox 301 2627 576 2700; x_wconf 75' lang='grc' dir='ltr'>δαιμόνων</span> <span class='ocrx_word' id='word_1_223' title='bbox 595 2625 841 2688; x_wconf 74' lang='grc' dir='ltr'>ἀσέϐεια,</span> <span class='ocrx_word' id='word_1_224' title='bbox 859 2627 893 2696; x_wconf 87' lang='grc' dir='ltr'><strong>ἡ</strong></span> <span class='ocrx_word' id='word_1_225' title='bbox 913 2625 1022 2678; x_wconf 86' lang='grc' dir='ltr'><strong>τῶν</strong></span> <span class='ocrx_word' id='word_1_226' title='bbox 1042 2624 1183 2698; x_wconf 82' lang='grc' dir='ltr'>ὀρῶν</span> <span class='ocrx_word' id='word_1_227' title='bbox 1209 2627 1283 2696; x_wconf 82' lang='lat' dir='ltr'><strong>(l)</strong></span> <span class='ocrx_word' id='word_1_228' title='bbox 1309 2625 1619 2696; x_wconf 84' lang='grc' dir='ltr'>μιμουμένη</span> <span class='ocrx_word' id='word_1_229' title='bbox 1646 2625 1706 2678; x_wconf 77' lang='grc' dir='ltr'><strong>τὸ</strong></span> <span class='ocrx_word' id='word_1_230' title='bbox 1728 2623 1882 2694; x_wconf 75' lang='grc' dir='ltr'>ὕψος,</span> 
     </span>
    </p>
   </div>
   <div class='ocr_carea' id='block_1_34' title="bbox 300 2716 1881 2790">
    <p class='ocr_par' dir='ltr' id='par_1_34' title="bbox 300 2716 1881 2790">
     <span class='ocr_line' id='line_1_34' title="bbox 300 2716 1881 2790; baseline -0.003 -17"><span class='ocrx_word' id='word_1_231' title='bbox 300 2718 396 2773; x_wconf 73' lang='grc' dir='ltr'>καὶ</span> <span class='ocrx_word' id='word_1_232' title='bbox 423 2719 525 2788; x_wconf 83' lang='grc' dir='ltr'>τῆς</span> <span class='ocrx_word' id='word_1_233' title='bbox 545 2717 869 2789; x_wconf 75' lang='grc' dir='ltr'>οἰκουμένης</span> <span class='ocrx_word' id='word_1_234' title='bbox 899 2717 992 2770; x_wconf 74' lang='grc' dir='ltr'><strong>ἐπὶ</strong></span> <span class='ocrx_word' id='word_1_235' title='bbox 1022 2717 1273 2770; x_wconf 82' lang='grc' dir='ltr'>πλεῖστον</span> <span class='ocrx_word' id='word_1_236' title='bbox 1293 2719 1556 2789; x_wconf 75' lang='grc' dir='ltr'>ἐσχηκυῖα</span> <span class='ocrx_word' id='word_1_237' title='bbox 1579 2716 1641 2770; x_wconf 83' lang='grc' dir='ltr'>τὸ</span> <span class='ocrx_word' id='word_1_238' title='bbox 1663 2716 1881 2790; x_wconf 82' lang='grc' dir='ltr'>κράτος.</span> 
     </span>
    </p>
   </div>
   <div class='ocr_carea' id='block_1_35' title="bbox 300 2805 1884 2880">
    <p class='ocr_par' dir='ltr' id='par_1_35' title="bbox 300 2805 1884 2880">
     <span class='ocr_line' id='line_1_35' title="bbox 300 2805 1884 2880; baseline -0.002 -18"><span class='ocrx_word' id='word_1_239' title='bbox 300 2805 436 2863; x_wconf 82' lang='grc' dir='ltr'>Εἶτα</span> <span class='ocrx_word' id='word_1_240' title='bbox 467 2809 616 2876; x_wconf 84' lang='grc' dir='ltr'>λέγει</span> <span class='ocrx_word' id='word_1_241' title='bbox 644 2809 673 2861; x_wconf 92' lang='lat'><strong>6</strong></span> <span class='ocrx_word' id='word_1_242' title='bbox 705 2809 1038 2880; x_wconf 77' lang='grc' dir='ltr'>προφητικὸς</span> <span class='ocrx_word' id='word_1_243' title='bbox 1071 2807 1246 2876; x_wconf 86' lang='grc' dir='ltr'>λόγος,</span> <span class='ocrx_word' id='word_1_244' title='bbox 1282 2807 1357 2870; x_wconf 85' lang='grc' dir='ltr'>ὡς</span> <span class='ocrx_word' id='word_1_245' title='bbox 1396 2807 1465 2860; x_wconf 82' lang='grc' dir='ltr'><strong>τά</strong></span> <span class='ocrx_word' id='word_1_246' title='bbox 1509 2807 1677 2860; x_wconf 73' lang='grc' dir='ltr'>ὕδατα</span> <span class='ocrx_word' id='word_1_247' title='bbox 1717 2806 1884 2878; x_wconf 79' lang='grc' dir='ltr'>ζάλην</span> 
     </span>
    </p>
   </div>
   <div class='ocr_carea' id='block_1_36' title="bbox 297 2893 1882 2966">
    <p class='ocr_par' dir='ltr' id='par_1_36' title="bbox 297 2893 1882 2966">
     <span class='ocr_line' id='line_1_36' title="bbox 297 2893 1882 2966; baseline 0.001 -18"><span class='ocrx_word' id='word_1_248' title='bbox 297 2894 538 2959; x_wconf 66' lang='grc' dir='ltr'>ἐδέξατο,</span> <span class='ocrx_word' id='word_1_249' title='bbox 566 2894 661 2947; x_wconf 79' lang='grc' dir='ltr'>καὶ</span> <span class='ocrx_word' id='word_1_250' title='bbox 681 2893 753 2946; x_wconf 85' lang='grc' dir='ltr'>τὰ</span> <span class='ocrx_word' id='word_1_251' title='bbox 771 2894 869 2966; x_wconf 78' lang='grc' dir='ltr'>ὅρη</span> <span class='ocrx_word' id='word_1_252' title='bbox 899 2893 1084 2948; x_wconf 83' lang='grc' dir='ltr'>κλόνον</span> <span class='ocrx_word' id='word_1_253' title='bbox 1110 2895 1390 2966; x_wconf 83' lang='grc' dir='ltr'>ὑπέμεινε,</span> <span class='ocrx_word' id='word_1_254' title='bbox 1413 2894 1507 2948; x_wconf 82' lang='grc' dir='ltr'>τοῦ</span> <span class='ocrx_word' id='word_1_255' title='bbox 1529 2895 1882 2964; x_wconf 80' lang='grc' dir='ltr'>εὐαγγελικοῦ</span> 
     </span>
    </p>
   </div>
   <div class='ocr_carea' id='block_1_37' title="bbox 1925 1681 1979 1736">
    <p class='ocr_par' dir='ltr' id='par_1_37' title="bbox 1925 1681 1979 1736">
     <span class='ocr_line' id='line_1_37' title="bbox 1925 1681 1979 1736; baseline 0 0"><span class='ocrx_word' id='word_1_256' title='bbox 1925 1681 1979 1736; x_wconf 81' lang='grc' dir='ltr'>Β</span> 
     </span>
    </p>
   </div>
   <div class='ocr_carea' id='block_1_38' title="bbox 2009 695 3580 768">
    <p class='ocr_par' dir='ltr' id='par_1_38' title="bbox 2009 695 3580 768">
     <span class='ocr_line' id='line_1_38' title="bbox 2009 695 3580 768; baseline -0.001 -18"><span class='ocrx_word' id='word_1_257' title='bbox 2009 697 2260 752; x_wconf 91' lang='lat' dir='ltr'><strong>terminis</strong></span> <span class='ocrx_word' id='word_1_258' title='bbox 2296 705 2458 753; x_wconf 76' lang='lat' dir='ltr'><strong>terra:</strong></span> <span class='ocrx_word' id='word_1_259' title='bbox 2501 711 2676 766; x_wconf 83' lang='lat' dir='ltr'><strong>usque</strong></span> <span class='ocrx_word' id='word_1_260' title='bbox 2717 695 2784 749; x_wconf 95' lang='lat' dir='ltr'><strong>ad</strong></span> <span class='ocrx_word' id='word_1_261' title='bbox 2821 696 3089 750; x_wconf 87' lang='lat' dir='ltr'><strong>terminos</strong></span> <span class='ocrx_word' id='word_1_262' title='bbox 3127 695 3247 764; x_wconf 86' lang='lat' dir='ltr'><strong>ejus</strong></span> <span class='ocrx_word' id='word_1_263' title='bbox 3280 698 3536 768; x_wconf 76' lang='lat' dir='ltr'><strong>pertingit</strong></span> <span class='ocrx_word' id='word_1_264' title='bbox 3566 714 3580 749; x_wconf 93' lang='lat'><strong>:</strong></span> 
     </span>
    </p>
   </div>
   <div class='ocr_carea' id='block_1_39' title="bbox 2007 784 3580 856">
    <p class='ocr_par' dir='ltr' id='par_1_39' title="bbox 2007 784 3580 856">
     <span class='ocr_line' id='line_1_39' title="bbox 2007 784 3580 856; baseline 0.002 -16"><span class='ocrx_word' id='word_1_265' title='bbox 2007 787 2061 840; x_wconf 90' lang='lat' dir='ltr'><strong>in</strong></span> <span class='ocrx_word' id='word_1_266' title='bbox 2104 787 2264 855; x_wconf 85' lang='lat' dir='ltr'><strong>cujus</strong></span> <span class='ocrx_word' id='word_1_267' title='bbox 2313 786 2584 856; x_wconf 83' lang='lat' dir='ltr'><strong>principes</strong></span> <span class='ocrx_word' id='word_1_268' title='bbox 2628 794 2682 840; x_wconf 90' lang='lat' dir='ltr'><strong>et</strong></span> <span class='ocrx_word' id='word_1_269' title='bbox 2731 791 2937 855; x_wconf 78' lang='lat' dir='ltr'><strong>patres,</strong></span> <span class='ocrx_word' id='word_1_270' title='bbox 2981 786 3234 856; x_wconf 87' lang='lat' dir='ltr'><strong>proprios</strong></span> <span class='ocrx_word' id='word_1_271' title='bbox 3292 784 3431 840; x_wconf 81' lang='lat' dir='ltr'><strong>filios</strong></span> <span class='ocrx_word' id='word_1_272' title='bbox 3464 789 3580 855; x_wconf 80' lang='lat' dir='ltr'><strong>ipsa</strong></span> 
     </span>
    </p>
   </div>
   <div class='ocr_carea' id='block_1_40' title="bbox 2005 874 2707 930">
    <p class='ocr_par' dir='ltr' id='par_1_40' title="bbox 2005 874 2707 930">
     <span class='ocr_line' id='line_1_40' title="bbox 2005 874 2707 930; baseline -0.001 -3"><span class='ocrx_word' id='word_1_273' title='bbox 2005 874 2098 930; x_wconf 91' lang='lat' dir='ltr'><strong>Dei</strong></span> <span class='ocrx_word' id='word_1_274' title='bbox 2129 875 2375 930; x_wconf 86' lang='lat' dir='ltr'><strong>Ecclesia</strong></span> <span class='ocrx_word' id='word_1_275' title='bbox 2403 874 2707 930; x_wconf 87' lang='lat' dir='ltr'><strong>constituit.</strong></span> 
     </span>
    </p>
   </div>
   <div class='ocr_carea' id='block_1_41' title="bbox 2075 963 3582 1034">
    <p class='ocr_par' dir='ltr' id='par_1_41' title="bbox 2075 963 3582 1034">
     <span class='ocr_line' id='line_1_41' title="bbox 2075 963 3582 1034; baseline 0.001 -16"><span class='ocrx_word' id='word_1_276' title='bbox 2075 963 2243 1021; x_wconf 69' lang='lat' dir='ltr'><strong>Vens.</strong></span> <span class='ocrx_word' id='word_1_277' title='bbox 2278 965 2363 1020; x_wconf 77' lang='grc'><strong>18.</strong></span> <span class='ocrx_word' id='word_1_278' title='bbox 2397 964 2689 1034; x_wconf 78' lang='lat' dir='ltr'><strong>Propterea</strong></span> <span class='ocrx_word' id='word_1_279' title='bbox 2735 964 2918 1033; x_wconf 89' lang='lat' dir='ltr'><strong>populi</strong></span> <span class='ocrx_word' id='word_1_280' title='bbox 2961 964 3348 1032; x_wconf 82' lang='lat' dir='ltr'><strong>conﬁtebuntur</strong></span> <span class='ocrx_word' id='word_1_281' title='bbox 3393 966 3486 1018; x_wconf 72' lang='lat' dir='ltr'><strong>tibi</strong></span> <span class='ocrx_word' id='word_1_282' title='bbox 3525 983 3582 1020; x_wconf 80' lang='grc' dir='ltr'>ιη</span> 
     </span>
    </p>
   </div>
   <div class='ocr_carea' id='block_1_42' title="bbox 2005 1053 3577 1126">
    <p class='ocr_par' dir='ltr' id='par_1_42' title="bbox 2005 1053 3577 1126">
     <span class='ocr_line' id='line_1_42' title="bbox 2005 1053 3577 1126; baseline -0.002 -15"><span class='ocrx_word' id='word_1_283' title='bbox 2005 1065 2256 1111; x_wconf 74' lang='lat' dir='ltr'><strong>azternum</strong></span> <span class='ocrx_word' id='word_1_284' title='bbox 2289 1065 2554 1126; x_wconf 89' lang='lat' dir='ltr'><strong>perpetuo.</strong></span> <span class='ocrx_word' id='word_1_285' title='bbox 2591 1053 2730 1108; x_wconf 89' lang='lat' dir='ltr'><strong>Filia</strong></span> <span class='ocrx_word' id='word_1_286' title='bbox 2761 1070 2948 1125; x_wconf 76' lang='lat' dir='ltr'><strong>regum</strong></span> <span class='ocrx_word' id='word_1_287' title='bbox 2977 1056 3086 1124; x_wconf 84' lang='lat' dir='ltr'><strong>jam</strong></span> <span class='ocrx_word' id='word_1_288' title='bbox 3119 1063 3440 1118; x_wconf 86' lang='lat' dir='ltr'><strong>memorata,</strong></span> <span class='ocrx_word' id='word_1_289' title='bbox 3469 1058 3577 1110; x_wconf 84' lang='lat' dir='ltr'><strong>sci-</strong></span> 
     </span>
    </p>
   </div>
   <div class='ocr_carea' id='block_1_43' title="bbox 2003 1144 3577 1216">
    <p class='ocr_par' dir='ltr' id='par_1_43' title="bbox 2003 1144 3577 1216">
     <span class='ocr_line' id='line_1_43' title="bbox 2003 1144 3577 1216; baseline -0.003 -15"><span class='ocrx_word' id='word_1_290' title='bbox 2003 1147 2131 1202; x_wconf 82' lang='lat' dir='ltr'><strong>licet</strong></span> <span class='ocrx_word' id='word_1_291' title='bbox 2163 1146 2411 1202; x_wconf 87' lang='lat' dir='ltr'><strong>Ecclesia</strong></span> <span class='ocrx_word' id='word_1_292' title='bbox 2440 1147 2497 1200; x_wconf 92' lang='lat' dir='ltr'><strong>in</strong></span> <span class='ocrx_word' id='word_1_293' title='bbox 2522 1153 2668 1202; x_wconf 88' lang='lat' dir='ltr'><strong>terra</strong></span> <span class='ocrx_word' id='word_1_294' title='bbox 2692 1144 2920 1216; x_wconf 78' lang='lat' dir='ltr'><strong>degens,</strong></span> <span class='ocrx_word' id='word_1_295' title='bbox 2955 1145 3166 1214; x_wconf 86' lang='lat' dir='ltr'><strong>paterni</strong></span> <span class='ocrx_word' id='word_1_296' title='bbox 3197 1144 3435 1199; x_wconf 75' lang='lat' dir='ltr'><strong>nominis</strong></span> <span class='ocrx_word' id='word_1_297' title='bbox 3464 1144 3577 1199; x_wconf 84' lang='lat' dir='ltr'><strong>vir-</strong></span> 
     </span>
    </p>
   </div>
   <div class='ocr_carea' id='block_1_44' title="bbox 2000 1234 3577 1305">
    <p class='ocr_par' dir='ltr' id='par_1_44' title="bbox 2000 1234 3577 1305">
     <span class='ocr_line' id='line_1_44' title="bbox 2000 1234 3577 1305; baseline -0.001 -16"><span class='ocrx_word' id='word_1_298' title='bbox 2000 1245 2174 1292; x_wconf 88' lang='lat' dir='ltr'><strong>tutem</strong></span> <span class='ocrx_word' id='word_1_299' title='bbox 2223 1236 2689 1302; x_wconf 88' lang='lat' dir='ltr'><strong>animadvertens,</strong></span> <span class='ocrx_word' id='word_1_300' title='bbox 2747 1234 3009 1305; x_wconf 86' lang='lat' dir='ltr'><strong>quoniam</strong></span> <span class='ocrx_word' id='word_1_301' title='bbox 3062 1235 3206 1288; x_wconf 85' lang='lat' dir='ltr'><strong>dedit</strong></span> <span class='ocrx_word' id='word_1_302' title='bbox 3263 1235 3347 1288; x_wconf 83' lang='lat' dir='ltr'><strong>illi</strong></span> <span class='ocrx_word' id='word_1_303' title='bbox 3388 1250 3577 1288; x_wconf 81' lang='lat' dir='ltr'><strong>nomen</strong></span> 
     </span>
    </p>
   </div>
   <div class='ocr_carea' id='block_1_45' title="bbox 1997 1325 3577 1400">
    <p class='ocr_par' dir='ltr' id='par_1_45' title="bbox 1997 1325 3577 1400">
     <span class='ocr_line' id='line_1_45' title="bbox 1997 1325 3577 1400; baseline -0.001 -18"><span class='ocrx_word' id='word_1_304' title='bbox 1997 1328 2136 1400; x_wconf 87' lang='lat' dir='ltr'><strong>quod</strong></span> <span class='ocrx_word' id='word_1_305' title='bbox 2163 1337 2241 1382; x_wconf 85' lang='lat' dir='ltr'><strong>est</strong></span> <span class='ocrx_word' id='word_1_306' title='bbox 2264 1344 2420 1397; x_wconf 91' lang='lat' dir='ltr'><strong>super</strong></span> <span class='ocrx_word' id='word_1_307' title='bbox 2451 1345 2602 1382; x_wconf 91' lang='lat' dir='ltr'><strong>omne</strong></span> <span class='ocrx_word' id='word_1_308' title='bbox 2631 1343 2848 1391; x_wconf 86' lang='lat' dir='ltr'><strong>nomen;</strong></span> <span class='ocrx_word' id='word_1_309' title='bbox 2873 1339 2929 1379; x_wconf 88' lang='lat' dir='ltr'><strong>ut</strong></span> <span class='ocrx_word' id='word_1_310' title='bbox 2949 1328 3002 1380; x_wconf 91' lang='lat' dir='ltr'><strong>in</strong></span> <span class='ocrx_word' id='word_1_311' title='bbox 3030 1328 3237 1380; x_wconf 82' lang='lat' dir='ltr'><strong>nomine</strong></span> <span class='ocrx_word' id='word_1_312' title='bbox 3267 1325 3396 1381; x_wconf 76' lang='lat' dir='ltr'><strong>Iesu</strong></span> <span class='ocrx_word' id='word_1_313' title='bbox 3426 1342 3577 1380; x_wconf 88' lang='lat' dir='ltr'><strong>omne</strong></span> 
     </span>
    </p>
   </div>
   <div class='ocr_carea' id='block_1_46' title="bbox 1998 1417 3574 1490">
    <p class='ocr_par' dir='ltr' id='par_1_46' title="bbox 1998 1417 3574 1490">
     <span class='ocr_line' id='line_1_46' title="bbox 1998 1417 3574 1490; baseline -0.003 -15"><span class='ocrx_word' id='word_1_314' title='bbox 1998 1437 2130 1490; x_wconf 83' lang='lat' dir='ltr'><strong>genu</strong></span> <span class='ocrx_word' id='word_1_315' title='bbox 2143 1421 2389 1489; x_wconf 82' lang='lat' dir='ltr'><strong>ﬂectatur</strong></span> <span class='ocrx_word' id='word_1_316' title='bbox 2403 1420 2710 1484; x_wconf 77' lang='lat' dir='ltr'><strong>caelestium,</strong></span> <span class='ocrx_word' id='word_1_317' title='bbox 2735 1419 3062 1472; x_wconf 76' lang='lat' dir='ltr'><strong>terrestrium</strong></span> <span class='ocrx_word' id='word_1_318' title='bbox 3090 1427 3138 1472; x_wconf 89' lang='lat' dir='ltr'><strong>et</strong></span> <span class='ocrx_word' id='word_1_319' title='bbox 3163 1419 3214 1470; x_wconf 89' lang='lat' dir='ltr'><strong>in</strong></span> <span class='ocrx_word' id='word_1_320' title='bbox 3221 1417 3489 1486; x_wconf 77' lang='lat' dir='ltr'><strong>femorum</strong></span> <span class='ocrx_word' id='word_1_321' title='bbox 3503 1417 3574 1485; x_wconf 82' lang='grc'><strong>⁸⁷,</strong></span> 
     </span>
    </p>
   </div>
   <div class='ocr_carea' id='block_1_47' title="bbox 1999 1506 3572 1580">
    <p class='ocr_par' dir='ltr' id='par_1_47' title="bbox 1999 1506 3572 1580">
     <span class='ocr_line' id='line_1_47' title="bbox 1999 1506 3572 1580; baseline -0.003 -16"><span class='ocrx_word' id='word_1_322' title='bbox 1999 1518 2121 1580; x_wconf 92' lang='lat' dir='ltr'><strong>post</strong></span> <span class='ocrx_word' id='word_1_323' title='bbox 2145 1509 2302 1563; x_wconf 87' lang='lat' dir='ltr'><strong>datas</strong></span> <span class='ocrx_word' id='word_1_324' title='bbox 2340 1509 2444 1564; x_wconf 85' lang='lat' dir='ltr'><strong>sibi</strong></span> <span class='ocrx_word' id='word_1_325' title='bbox 2473 1508 2889 1578; x_wconf 88' lang='lat' dir='ltr'><strong>promissiones,</strong></span> <span class='ocrx_word' id='word_1_326' title='bbox 2920 1507 3005 1562; x_wconf 90' lang='lat' dir='ltr'><strong>bis</strong></span> <span class='ocrx_word' id='word_1_327' title='bbox 3029 1507 3254 1563; x_wconf 81' lang='lat' dir='ltr'><strong>vocibus</strong></span> <span class='ocrx_word' id='word_1_328' title='bbox 3283 1506 3439 1563; x_wconf 78' lang='lat' dir='ltr'><strong>ﬁdem</strong></span> <span class='ocrx_word' id='word_1_329' title='bbox 3473 1506 3572 1561; x_wconf 83' lang='lat' dir='ltr'><strong>ha-</strong></span> 
     </span>
    </p>
   </div>
   <div class='ocr_carea' id='block_1_48' title="bbox 1999 1597 3149 1671">
    <p class='ocr_par' dir='ltr' id='par_1_48' title="bbox 1999 1597 3149 1671">
     <span class='ocr_line' id='line_1_48' title="bbox 1999 1597 3149 1671; baseline -0.002 -17"><span class='ocrx_word' id='word_1_330' title='bbox 1999 1600 2152 1665; x_wconf 89' lang='lat' dir='ltr'><strong>bens,</strong></span> <span class='ocrx_word' id='word_1_331' title='bbox 2179 1599 2379 1671; x_wconf 77' lang='lat' dir='ltr'><strong>gaudio</strong></span> <span class='ocrx_word' id='word_1_332' title='bbox 2414 1605 2468 1654; x_wconf 91' lang='lat' dir='ltr'><strong>et</strong></span> <span class='ocrx_word' id='word_1_333' title='bbox 2499 1598 2864 1653; x_wconf 79' lang='lat' dir='ltr'><strong>exsultatione</strong></span> <span class='ocrx_word' id='word_1_334' title='bbox 2892 1597 3149 1667; x_wconf 88' lang='lat' dir='ltr'><strong>repletur.</strong></span> 
     </span>
    </p>
   </div>
   <div class='ocr_carea' id='block_1_49' title="bbox 2002 1791 3570 1871">
    <p class='ocr_par' dir='ltr' id='par_1_49' title="bbox 2002 1791 3570 1871">
     <span class='ocr_line' id='line_1_49' title="bbox 2002 1791 3570 1871; baseline 0.007 -24"><span class='ocrx_word' id='word_1_335' title='bbox 2002 1791 2053 1849; x_wconf 75' lang='grc'><strong>1.</strong></span> <span class='ocrx_word' id='word_1_336' title='bbox 2085 1792 2152 1848; x_wconf 83' lang='grc' dir='ltr'><strong>ΙΝ</strong></span> <span class='ocrx_word' id='word_1_337' title='bbox 2180 1793 2391 1854; x_wconf 82' lang='lat' dir='ltr'><strong>FINEM</strong></span> <span class='ocrx_word' id='word_1_338' title='bbox 2429 1800 2567 1856; x_wconf 82' lang='lat' dir='ltr'><strong>PRO</strong></span> <span class='ocrx_word' id='word_1_339' title='bbox 2600 1801 2799 1856; x_wconf 85' lang='lat' dir='ltr'><strong>FlLllS</strong></span> <span class='ocrx_word' id='word_1_340' title='bbox 2831 1802 3033 1868; x_wconf 81' lang='lat' dir='ltr'><strong>CORE,</strong></span> <span class='ocrx_word' id='word_1_341' title='bbox 3074 1798 3210 1859; x_wconf 78' lang='lat' dir='ltr'><strong>PRO</strong></span> <span class='ocrx_word' id='word_1_342' title='bbox 3247 1801 3570 1871; x_wconf 72' lang='lat' dir='ltr'><strong>ABGANIS,</strong></span> 
     </span>
    </p>
   </div>
   <div class='ocr_carea' id='block_1_50' title="bbox 2521 1871 3044 1928">
    <p class='ocr_par' dir='ltr' id='par_1_50' title="bbox 2521 1871 3044 1928">
     <span class='ocr_line' id='line_1_50' title="bbox 2521 1871 3044 1928; baseline -0.011 0"><span class='ocrx_word' id='word_1_343' title='bbox 2521 1871 2842 1928; x_wconf 82' lang='lat' dir='ltr'><strong>PSALMUS</strong></span> <span class='ocrx_word' id='word_1_344' title='bbox 2881 1871 3044 1927; x_wconf 79' lang='lat' dir='ltr'><strong>XLV.</strong></span> 
     </span>
    </p>
   </div>
   <div class='ocr_carea' id='block_1_51' title="bbox 2054 1985 3573 2056">
    <p class='ocr_par' dir='ltr' id='par_1_51' title="bbox 2054 1985 3573 2056">
     <span class='ocr_line' id='line_1_51' title="bbox 2054 1985 3573 2056; baseline 0.001 -18"><span class='ocrx_word' id='word_1_345' title='bbox 2054 1985 2230 2042; x_wconf 63' lang='lat' dir='ltr'><strong>~Visus.</strong></span> <span class='ocrx_word' id='word_1_346' title='bbox 2248 1987 2375 2052; x_wconf 79' lang='lat'><strong>2,5.</strong></span> <span class='ocrx_word' id='word_1_347' title='bbox 2393 1986 2532 2040; x_wconf 89' lang='lat' dir='ltr'><strong>Deus</strong></span> <span class='ocrx_word' id='word_1_348' title='bbox 2566 1995 2743 2042; x_wconf 88' lang='lat' dir='ltr'><strong>noster</strong></span> <span class='ocrx_word' id='word_1_349' title='bbox 2770 1985 3031 2056; x_wconf 80' lang='lat' dir='ltr'><strong>refugium</strong></span> <span class='ocrx_word' id='word_1_350' title='bbox 3066 1995 3115 2040; x_wconf 94' lang='lat' dir='ltr'><strong>et</strong></span> <span class='ocrx_word' id='word_1_351' title='bbox 3144 1987 3333 2052; x_wconf 80' lang='lat' dir='ltr'><strong>virtus,</strong></span> <span class='ocrx_word' id='word_1_352' title='bbox 3357 1985 3573 2055; x_wconf 73' lang='lat' dir='ltr'><strong>adjutor</strong></span> 
     </span>
    </p>
   </div>
   <div class='ocr_carea' id='block_1_52' title="bbox 1992 2077 3574 2148">
    <p class='ocr_par' dir='ltr' id='par_1_52' title="bbox 1992 2077 3574 2148">
     <span class='ocr_line' id='line_1_52' title="bbox 1992 2077 3574 2148; baseline 0.002 -19"><span class='ocrx_word' id='word_1_353' title='bbox 1992 2078 2045 2132; x_wconf 81' lang='lat' dir='ltr'><strong>in</strong></span> <span class='ocrx_word' id='word_1_354' title='bbox 2081 2078 2508 2132; x_wconf 87' lang='lat' dir='ltr'><strong>tribulationibus</strong></span> <span class='ocrx_word' id='word_1_355' title='bbox 2531 2095 2647 2148; x_wconf 76' lang='lat' dir='ltr'><strong>qua:</strong></span> <span class='ocrx_word' id='word_1_356' title='bbox 2665 2079 2968 2132; x_wconf 81' lang='lat' dir='ltr'><strong>invenerunt</strong></span> <span class='ocrx_word' id='word_1_357' title='bbox 2993 2094 3087 2133; x_wconf 85' lang='lat' dir='ltr'><strong>nos</strong></span> <span class='ocrx_word' id='word_1_358' title='bbox 3117 2079 3294 2132; x_wconf 82' lang='lat' dir='ltr'><strong>nimis.</strong></span> <span class='ocrx_word' id='word_1_359' title='bbox 3320 2077 3574 2146; x_wconf 86' lang='lat' dir='ltr'><strong>Propter-</strong></span> 
     </span>
    </p>
   </div>
   <div class='ocr_carea' id='block_1_53' title="bbox 1991 2169 3570 2238">
    <p class='ocr_par' dir='ltr' id='par_1_53' title="bbox 1991 2169 3570 2238">
     <span class='ocr_line' id='line_1_53' title="bbox 1991 2169 3570 2238; baseline 0.001 -17"><span class='ocrx_word' id='word_1_360' title='bbox 1991 2185 2053 2222; x_wconf 88' lang='lat' dir='ltr'><strong>ea</strong></span> <span class='ocrx_word' id='word_1_361' title='bbox 2092 2186 2194 2224; x_wconf 84' lang='lat' dir='ltr'><strong>non</strong></span> <span class='ocrx_word' id='word_1_362' title='bbox 2234 2170 2531 2224; x_wconf 87' lang='lat' dir='ltr'><strong>timebimus</strong></span> <span class='ocrx_word' id='word_1_363' title='bbox 2565 2169 2691 2223; x_wconf 90' lang='lat' dir='ltr'><strong>dum</strong></span> <span class='ocrx_word' id='word_1_364' title='bbox 2721 2170 3023 2224; x_wconf 84' lang='lat' dir='ltr'><strong>turbabitur</strong></span> <span class='ocrx_word' id='word_1_365' title='bbox 3058 2179 3220 2234; x_wconf 86' lang='lat' dir='ltr'><strong>terra,</strong></span> <span class='ocrx_word' id='word_1_366' title='bbox 3243 2179 3293 2224; x_wconf 90' lang='lat' dir='ltr'><strong>et</strong></span> <span class='ocrx_word' id='word_1_367' title='bbox 3338 2169 3570 2238; x_wconf 77' lang='lat' dir='ltr'><strong>transfe—</strong></span> 
     </span>
    </p>
   </div>
   <div class='ocr_carea' id='block_1_54' title="bbox 1991 2259 3570 2331">
    <p class='ocr_par' dir='ltr' id='par_1_54' title="bbox 1991 2259 3570 2331">
     <span class='ocr_line' id='line_1_54' title="bbox 1991 2259 3570 2331; baseline -0.001 -17"><span class='ocrx_word' id='word_1_368' title='bbox 1991 2269 2175 2314; x_wconf 84' lang='lat' dir='ltr'><strong>rentur</strong></span> <span class='ocrx_word' id='word_1_369' title='bbox 2204 2269 2403 2315; x_wconf 83' lang='lat' dir='ltr'><strong>montes</strong></span> <span class='ocrx_word' id='word_1_370' title='bbox 2437 2262 2491 2313; x_wconf 87' lang='lat' dir='ltr'><strong>in</strong></span> <span class='ocrx_word' id='word_1_371' title='bbox 2525 2277 2616 2315; x_wconf 88' lang='lat' dir='ltr'><strong>cor</strong></span> <span class='ocrx_word' id='word_1_372' title='bbox 2656 2261 2905 2317; x_wconf 85' lang='lat' dir='ltr'><strong>marium.</strong></span> <span class='ocrx_word' id='word_1_373' title='bbox 2954 2259 3225 2331; x_wconf 78' lang='lat' dir='ltr'><strong>Hymnum</strong></span> <span class='ocrx_word' id='word_1_374' title='bbox 3270 2260 3570 2329; x_wconf 77' lang='lat' dir='ltr'><strong>gratiarum</strong></span> 
     </span>
    </p>
   </div>
   <div class='ocr_carea' id='block_1_55' title="bbox 1989 2351 3571 2422">
    <p class='ocr_par' dir='ltr' id='par_1_55' title="bbox 1989 2351 3571 2422">
     <span class='ocr_line' id='line_1_55' title="bbox 1989 2351 3571 2422; baseline 0 -17"><span class='ocrx_word' id='word_1_375' title='bbox 1989 2352 2221 2406; x_wconf 85' lang='lat' dir='ltr'><strong>actionis</strong></span> <span class='ocrx_word' id='word_1_376' title='bbox 2262 2351 2460 2407; x_wconf 88' lang='lat' dir='ltr'><strong>emittit</strong></span> <span class='ocrx_word' id='word_1_377' title='bbox 2492 2352 2541 2406; x_wconf 93' lang='lat' dir='ltr'><strong>ei</strong></span> <span class='ocrx_word' id='word_1_378' title='bbox 2576 2353 2670 2422; x_wconf 90' lang='lat' dir='ltr'><strong>qui</strong></span> <span class='ocrx_word' id='word_1_379' title='bbox 2703 2353 2918 2422; x_wconf 86' lang='lat' dir='ltr'><strong>magnis</strong></span> <span class='ocrx_word' id='word_1_380' title='bbox 2958 2353 3136 2422; x_wconf 91' lang='lat' dir='ltr'><strong>ipsum</strong></span> <span class='ocrx_word' id='word_1_381' title='bbox 3169 2351 3447 2408; x_wconf 84' lang='lat' dir='ltr'><strong>beneﬁciis</strong></span> <span class='ocrx_word' id='word_1_382' title='bbox 3475 2365 3571 2406; x_wconf 85' lang='lat' dir='ltr'><strong>or-</strong></span> 
     </span>
    </p>
   </div>
   <div class='ocr_carea' id='block_1_56' title="bbox 1990 2441 3572 2511">
    <p class='ocr_par' dir='ltr' id='par_1_56' title="bbox 1990 2441 3572 2511">
     <span class='ocr_line' id='line_1_56' title="bbox 1990 2441 3572 2511; baseline -0.001 -16"><span class='ocrx_word' id='word_1_383' title='bbox 1990 2448 2233 2508; x_wconf 76' lang='lat' dir='ltr'><strong>navarat,</strong></span> <span class='ocrx_word' id='word_1_384' title='bbox 2254 2442 2380 2511; x_wconf 88' lang='lat' dir='ltr'><strong>quia</strong></span> <span class='ocrx_word' id='word_1_385' title='bbox 2403 2457 2522 2511; x_wconf 67' lang='lat' dir='ltr'><strong>quae</strong></span> <span class='ocrx_word' id='word_1_386' title='bbox 2542 2442 2672 2496; x_wconf 90' lang='lat' dir='ltr'><strong>olim</strong></span> <span class='ocrx_word' id='word_1_387' title='bbox 2705 2456 2889 2496; x_wconf 88' lang='lat' dir='ltr'><strong>rerum</strong></span> <span class='ocrx_word' id='word_1_388' title='bbox 2924 2442 3091 2510; x_wconf 89' lang='lat' dir='ltr'><strong>potita</strong></span> <span class='ocrx_word' id='word_1_389' title='bbox 3115 2450 3233 2497; x_wconf 91' lang='lat' dir='ltr'><strong>erat</strong></span> <span class='ocrx_word' id='word_1_390' title='bbox 3262 2441 3572 2496; x_wconf 74' lang='lat' dir='ltr'><strong>daemonum</strong></span> 
     </span>
    </p>
   </div>
   <div class='ocr_carea' id='block_1_57' title="bbox 1988 2533 3573 2603">
    <p class='ocr_par' dir='ltr' id='par_1_57' title="bbox 1988 2533 3573 2603">
     <span class='ocr_line' id='line_1_57' title="bbox 1988 2533 3573 2603; baseline 0.001 -16"><span class='ocrx_word' id='word_1_391' title='bbox 1988 2533 2259 2603; x_wconf 85' lang='lat' dir='ltr'><strong>impietas,</strong></span> <span class='ocrx_word' id='word_1_392' title='bbox 2291 2540 2345 2588; x_wconf 89' lang='lat' dir='ltr'><strong>et</strong></span> <span class='ocrx_word' id='word_1_393' title='bbox 2391 2533 2662 2587; x_wconf 91' lang='lat' dir='ltr'><strong>montium</strong></span> <span class='ocrx_word' id='word_1_394' title='bbox 2691 2533 3039 2588; x_wconf 90' lang='lat' dir='ltr'><strong>altitudinem</strong></span> <span class='ocrx_word' id='word_1_395' title='bbox 3069 2533 3345 2598; x_wconf 63' lang='lat' dir='ltr'><strong>mmulata,</strong></span> <span class='ocrx_word' id='word_1_396' title='bbox 3377 2533 3472 2588; x_wconf 86' lang='lat' dir='ltr'><strong>diu</strong></span> <span class='ocrx_word' id='word_1_397' title='bbox 3512 2533 3573 2589; x_wconf 87' lang='lat' dir='ltr'><strong>in</strong></span> 
     </span>
    </p>
   </div>
   <div class='ocr_carea' id='block_1_58' title="bbox 1989 2623 3574 2694">
    <p class='ocr_par' dir='ltr' id='par_1_58' title="bbox 1989 2623 3574 2694">
     <span class='ocr_line' id='line_1_58' title="bbox 1989 2623 3574 2694; baseline 0.001 -17"><span class='ocrx_word' id='word_1_398' title='bbox 1989 2625 2179 2679; x_wconf 91' lang='lat' dir='ltr'><strong>orbem</strong></span> <span class='ocrx_word' id='word_1_399' title='bbox 2225 2623 2540 2679; x_wconf 83' lang='lat' dir='ltr'><strong>ordinatum</strong></span> <span class='ocrx_word' id='word_1_400' title='bbox 2579 2623 2930 2690; x_wconf 88' lang='lat' dir='ltr'><strong>obtinuerat;</strong></span> <span class='ocrx_word' id='word_1_401' title='bbox 2957 2623 3068 2692; x_wconf 82' lang='lat' dir='ltr'><strong>jam</strong></span> <span class='ocrx_word' id='word_1_402' title='bbox 3105 2623 3262 2692; x_wconf 92' lang='lat' dir='ltr'><strong>quasi</strong></span> <span class='ocrx_word' id='word_1_403' title='bbox 3299 2624 3354 2676; x_wconf 91' lang='lat' dir='ltr'><strong>in</strong></span> <span class='ocrx_word' id='word_1_404' title='bbox 3385 2624 3574 2694; x_wconf 73' lang='lat' dir='ltr'><strong>gurgi-</strong></span> 
     </span>
    </p>
   </div>
   <div class='ocr_carea' id='block_1_59' title="bbox 1986 2709 3568 2784">
    <p class='ocr_par' dir='ltr' id='par_1_59' title="bbox 1986 2709 3568 2784">
     <span class='ocr_line' id='line_1_59' title="bbox 1986 2709 3568 2784; baseline 0.001 -17"><span class='ocrx_word' id='word_1_405' title='bbox 1986 2721 2094 2768; x_wconf 89' lang='lat' dir='ltr'><strong>tem</strong></span> <span class='ocrx_word' id='word_1_406' title='bbox 2162 2712 2453 2784; x_wconf 90' lang='lat' dir='ltr'><strong>quemdam</strong></span> <span class='ocrx_word' id='word_1_407' title='bbox 2518 2711 2783 2783; x_wconf 75' lang='lat' dir='ltr'><strong>proiecta,</strong></span> <span class='ocrx_word' id='word_1_408' title='bbox 2815 2709 2883 2766; x_wconf 89' lang='lat' dir='ltr'><strong>de</strong></span> <span class='ocrx_word' id='word_1_409' title='bbox 2937 2711 3118 2766; x_wconf 89' lang='lat' dir='ltr'><strong>medio</strong></span> <span class='ocrx_word' id='word_1_410' title='bbox 3179 2710 3396 2766; x_wconf 89' lang='lat' dir='ltr'><strong>sublata</strong></span> <span class='ocrx_word' id='word_1_411' title='bbox 3438 2710 3568 2768; x_wconf 84' lang='lat' dir='ltr'><strong>erit.</strong></span> 
     </span>
    </p>
   </div>
   <div class='ocr_carea' id='block_1_60' title="bbox 1986 2803 3571 2875">
    <p class='ocr_par' dir='ltr' id='par_1_60' title="bbox 1986 2803 3571 2875">
     <span class='ocr_line' id='line_1_60' title="bbox 1986 2803 3571 2875; baseline -0.001 -17"><span class='ocrx_word' id='word_1_412' title='bbox 1986 2803 2192 2860; x_wconf 89' lang='lat' dir='ltr'><strong>Deinde</strong></span> <span class='ocrx_word' id='word_1_413' title='bbox 2226 2811 2414 2861; x_wconf 86' lang='lat' dir='ltr'><strong>narrat</strong></span> <span class='ocrx_word' id='word_1_414' title='bbox 2445 2803 2796 2875; x_wconf 82' lang='lat' dir='ltr'><strong>propheticus</strong></span> <span class='ocrx_word' id='word_1_415' title='bbox 2841 2815 3044 2868; x_wconf 90' lang='lat' dir='ltr'><strong>sermo,</strong></span> <span class='ocrx_word' id='word_1_416' title='bbox 3078 2816 3188 2872; x_wconf 91' lang='lat' dir='ltr'><strong>quo</strong></span> <span class='ocrx_word' id='word_1_417' title='bbox 3219 2810 3378 2872; x_wconf 89' lang='lat' dir='ltr'><strong>pacto</strong></span> <span class='ocrx_word' id='word_1_418' title='bbox 3415 2815 3571 2872; x_wconf 69' lang='lat' dir='ltr'><strong>aqua!</strong></span> 
     </span>
    </p>
   </div>
   <div class='ocr_carea' id='block_1_61' title="bbox 1985 2894 3570 2968">
    <p class='ocr_par' dir='ltr' id='par_1_61' title="bbox 1985 2894 3570 2968">
     <span class='ocr_line' id='line_1_61' title="bbox 1985 2894 3570 2968; baseline -0.003 -16"><span class='ocrx_word' id='word_1_419' title='bbox 1985 2905 2308 2968; x_wconf 88' lang='lat' dir='ltr'><strong>tempestate</strong></span> <span class='ocrx_word' id='word_1_420' title='bbox 2356 2899 2601 2968; x_wconf 66' lang='lat' dir='ltr'><strong>agitatae,</strong></span> <span class='ocrx_word' id='word_1_421' title='bbox 2654 2903 2872 2950; x_wconf 90' lang='lat' dir='ltr'><strong>montes</strong></span> <span class='ocrx_word' id='word_1_422' title='bbox 2931 2894 3358 2950; x_wconf 89' lang='lat' dir='ltr'><strong>commotionem</strong></span> <span class='ocrx_word' id='word_1_423' title='bbox 3419 2894 3570 2966; x_wconf 87' lang='lat' dir='ltr'><strong>passi</strong></span> 
     </span>
    </p>
   </div>
   <div class='ocr_carea' id='block_1_62' title="bbox 297 2984 1885 3062">
    <p class='ocr_par' dir='ltr' id='par_1_62' title="bbox 297 2984 1883 3060">
     <span class='ocr_line' id='line_1_62' title="bbox 297 2984 1883 3060; baseline 0.003 -22"><span class='ocrx_word' id='word_1_424' title='bbox 297 2984 836 3056; x_wconf 74' lang='grc' dir='ltr'>διαπορθμευομένω</span> <span class='ocrx_word' id='word_1_425' title='bbox 888 2985 1259 3056; x_wconf 84' lang='grc' dir='ltr'>κηρύγματος.</span> <span class='ocrx_word' id='word_1_426' title='bbox 1318 2986 1581 3040; x_wconf 75' lang='grc' dir='ltr'>Ἐνταῦθα</span> <span class='ocrx_word' id='word_1_427' title='bbox 1601 2987 1656 3040; x_wconf 85' lang='grc' dir='ltr'>δὲ</span> <span class='ocrx_word' id='word_1_428' title='bbox 1695 2988 1796 3060; x_wconf 74' lang='grc' dir='ltr'>ὅρη</span> <span class='ocrx_word' id='word_1_429' title='bbox 1824 2989 1883 3042; x_wconf 83' lang='grc' dir='ltr'>τὸ</span> 
     </span>
    </p>
   </div>
   <div class='ocr_carea' id='block_1_63' title="bbox 1991 2984 3570 3062">
    <p class='ocr_par' dir='ltr' id='par_1_63' title="bbox 1991 2987 3570 3059">
     <span class='ocr_line' id='line_1_63' title="bbox 1991 2987 3570 3059; baseline -0.004 -14"><span class='ocrx_word' id='word_1_430' title='bbox 1991 2993 2118 3055; x_wconf 88' lang='lat' dir='ltr'><strong>sint,</strong></span> <span class='ocrx_word' id='word_1_431' title='bbox 2157 2989 2287 3044; x_wconf 91' lang='lat' dir='ltr'><strong>dum</strong></span> <span class='ocrx_word' id='word_1_432' title='bbox 2319 2991 2526 3044; x_wconf 89' lang='lat' dir='ltr'><strong>interea</strong></span> <span class='ocrx_word' id='word_1_433' title='bbox 2561 2989 2874 3059; x_wconf 82' lang='lat' dir='ltr'><strong>evangelica</strong></span> <span class='ocrx_word' id='word_1_434' title='bbox 2904 2987 3223 3059; x_wconf 67' lang='lat' dir='ltr'><strong>praedicatio</strong></span> <span class='ocrx_word' id='word_1_435' title='bbox 3249 2988 3412 3042; x_wconf 84' lang='lat' dir='ltr'><strong>latius</strong></span> <span class='ocrx_word' id='word_1_436' title='bbox 3445 3001 3570 3058; x_wconf 89' lang='lat' dir='ltr'><strong>per-</strong></span> 
     </span>
    </p>
   </div>
   <div class='ocr_carea' id='block_1_64' title="bbox 296 3071 1886 3146">
    <p class='ocr_par' dir='ltr' id='par_1_64' title="bbox 296 3071 1886 3146">
     <span class='ocr_line' id='line_1_64' title="bbox 296 3071 1886 3146; baseline 0.004 -21"><span class='ocrx_word' id='word_1_437' title='bbox 296 3071 408 3125; x_wconf 77' lang='grc' dir='ltr'><strong>τῶν</strong></span> <span class='ocrx_word' id='word_1_438' title='bbox 436 3071 705 3141; x_wconf 84' lang='grc' dir='ltr'>δαιμόνων</span> <span class='ocrx_word' id='word_1_439' title='bbox 731 3074 1137 3146; x_wconf 80' lang='grc' dir='ltr'>προσηγόρευσε</span> <span class='ocrx_word' id='word_1_440' title='bbox 1171 3077 1356 3144; x_wconf 78' lang='grc' dir='ltr'>στῖφος</span> <span class='ocrx_word' id='word_1_441' title='bbox 1393 3074 1482 3128; x_wconf 82' lang='grc' dir='ltr'>διὰ</span> <span class='ocrx_word' id='word_1_442' title='bbox 1512 3076 1602 3130; x_wconf 78' lang='grc' dir='ltr'>τὸν</span> <span class='ocrx_word' id='word_1_443' title='bbox 1628 3077 1726 3146; x_wconf 82' lang='grc' dir='ltr'>τῆς</span> <span class='ocrx_word' id='word_1_444' title='bbox 1753 3078 1886 3131; x_wconf 85' lang='grc' dir='ltr'>ἁλα-</span> 
     </span>
    </p>
   </div>
   <div class='ocr_carea' id='block_1_65' title="bbox 298 3162 1885 3238">
    <p class='ocr_par' dir='ltr' id='par_1_65' title="bbox 298 3162 1885 3238">
     <span class='ocr_line' id='line_1_65' title="bbox 298 3162 1885 3238; baseline 0.004 -22"><span class='ocrx_word' id='word_1_445' title='bbox 298 3162 516 3228; x_wconf 82' lang='grc' dir='ltr'>ζονείας</span> <span class='ocrx_word' id='word_1_446' title='bbox 544 3164 706 3232; x_wconf 76' lang='grc' dir='ltr'>ὄγκον</span> <span class='ocrx_word' id='word_1_447' title='bbox 747 3164 967 3218; x_wconf 76' lang='grc' dir='ltr'>καὶτοῦ</span> <span class='ocrx_word' id='word_1_448' title='bbox 1017 3166 1184 3235; x_wconf 83' lang='grc' dir='ltr'>τύφου</span> <span class='ocrx_word' id='word_1_449' title='bbox 1231 3166 1291 3220; x_wconf 81' lang='grc' dir='ltr'>τὸ</span> <span class='ocrx_word' id='word_1_450' title='bbox 1323 3168 1524 3238; x_wconf 61' lang='grc' dir='ltr'>ὑψηλόν</span> <span class='ocrx_word' id='word_1_451' title='bbox 1545 3185 1558 3198; x_wconf 85' lang='grc'><strong>·</strong></span> <span class='ocrx_word' id='word_1_452' title='bbox 1615 3168 1779 3221; x_wconf 82' lang='grc' dir='ltr'>ὕδατα</span> <span class='ocrx_word' id='word_1_453' title='bbox 1828 3170 1885 3223; x_wconf 87' lang='grc' dir='ltr'>δὲ</span> 
     </span>
    </p>
   </div>
   <div class='ocr_carea' id='block_1_66' title="bbox 296 3253 1884 3331">
    <p class='ocr_par' dir='ltr' id='par_1_66' title="bbox 296 3253 1884 3331">
     <span class='ocr_line' id='line_1_66' title="bbox 296 3253 1884 3331; baseline 0.003 -24"><span class='ocrx_word' id='word_1_454' title='bbox 296 3253 420 3307; x_wconf 80' lang='grc' dir='ltr'><strong>τῶν</strong></span> <span class='ocrx_word' id='word_1_455' title='bbox 446 3254 748 3326; x_wconf 84' lang='grc' dir='ltr'>ἀνθρώπων</span> <span class='ocrx_word' id='word_1_456' title='bbox 781 3255 880 3319; x_wconf 72' lang='grc' dir='ltr'><strong>τὰς</strong></span> <span class='ocrx_word' id='word_1_457' title='bbox 914 3254 1159 3326; x_wconf 83' lang='grc' dir='ltr'>γνώμας,</span> <span class='ocrx_word' id='word_1_458' title='bbox 1189 3256 1288 3320; x_wconf 83' lang='grc' dir='ltr'><strong>τάς</strong></span> <span class='ocrx_word' id='word_1_459' title='bbox 1321 3257 1477 3330; x_wconf 88' lang='grc' dir='ltr'>δίκην</span> <span class='ocrx_word' id='word_1_460' title='bbox 1510 3259 1718 3313; x_wconf 82' lang='grc' dir='ltr'>ὑδάτων</span> <span class='ocrx_word' id='word_1_461' title='bbox 1757 3260 1884 3331; x_wconf 85' lang='grc' dir='ltr'>τῇδε</span> 
     </span>
    </p>
   </div>
   <div class='ocr_carea' id='block_1_67' title="bbox 297 3343 1885 3420">
    <p class='ocr_par' dir='ltr' id='par_1_67' title="bbox 297 3343 1885 3420">
     <span class='ocr_line' id='line_1_67' title="bbox 297 3343 1885 3420; baseline 0.004 -24"><span class='ocrx_word' id='word_1_462' title='bbox 297 3343 529 3396; x_wconf 77' lang='grc' dir='ltr'>κάκεῖσε</span> <span class='ocrx_word' id='word_1_463' title='bbox 563 3343 867 3414; x_wconf 81' lang='grc' dir='ltr'>φερομένας</span> <span class='ocrx_word' id='word_1_464' title='bbox 902 3343 1118 3416; x_wconf 78' lang='grc' dir='ltr'>ῥᾳδίως,</span> <span class='ocrx_word' id='word_1_465' title='bbox 1145 3345 1239 3398; x_wconf 77' lang='grc' dir='ltr'>καὶ</span> <span class='ocrx_word' id='word_1_466' title='bbox 1271 3346 1374 3400; x_wconf 79' lang='grc' dir='ltr'><strong>ὑπὸ</strong></span> <span class='ocrx_word' id='word_1_467' title='bbox 1395 3346 1504 3400; x_wconf 85' lang='grc' dir='ltr'>τῶν</span> <span class='ocrx_word' id='word_1_468' title='bbox 1538 3347 1637 3418; x_wconf 83' lang='grc' dir='ltr'><strong>τῆς</strong></span> <span class='ocrx_word' id='word_1_469' title='bbox 1668 3349 1885 3420; x_wconf 83' lang='grc' dir='ltr'>ἀπάτης</span> 
     </span>
    </p>
   </div>
   <div class='ocr_carea' id='block_1_68' title="bbox 295 3433 1883 3508">
    <p class='ocr_par' dir='ltr' id='par_1_68' title="bbox 295 3433 1883 3508">
     <span class='ocr_line' id='line_1_68' title="bbox 295 3433 1883 3508; baseline 0.001 -20"><span class='ocrx_word' id='word_1_470' title='bbox 295 3433 631 3504; x_wconf 77' lang='grc' dir='ltr'>κυκωμένας</span> <span class='ocrx_word' id='word_1_471' title='bbox 659 3433 1001 3505; x_wconf 86' lang='grc' dir='ltr'>πνευμάτων.</span> <span class='ocrx_word' id='word_1_472' title='bbox 1037 3433 1223 3486; x_wconf 82' lang='grc' dir='ltr'>Ταῦτα</span> <span class='ocrx_word' id='word_1_473' title='bbox 1251 3433 1306 3486; x_wconf 84' lang='grc' dir='ltr'>δὲ</span> <span class='ocrx_word' id='word_1_474' title='bbox 1333 3435 1574 3490; x_wconf 86' lang='grc' dir='ltr'>διδάσκει</span> <span class='ocrx_word' id='word_1_475' title='bbox 1615 3438 1761 3508; x_wconf 79' lang='grc' dir='ltr'>ἡμᾶς</span> <span class='ocrx_word' id='word_1_476' title='bbox 1792 3439 1883 3490; x_wconf 79' lang='grc' dir='ltr'>καὶ</span> 
     </span>
    </p>
   </div>
   <div class='ocr_carea' id='block_1_69' title="bbox 295 3524 1883 3598">
    <p class='ocr_par' dir='ltr' id='par_1_69' title="bbox 295 3524 1883 3598">
     <span class='ocr_line' id='line_1_69' title="bbox 295 3524 1883 3598; baseline 0.001 -20"><span class='ocrx_word' id='word_1_477' title='bbox 295 3529 331 3598; x_wconf 76' lang='grc' dir='ltr'><strong>ὴ</strong></span> <span class='ocrx_word' id='word_1_478' title='bbox 359 3525 472 3578; x_wconf 86' lang='grc' dir='ltr'><strong>τῶν</strong></span> <span class='ocrx_word' id='word_1_479' title='bbox 497 3524 781 3594; x_wconf 78' lang='grc' dir='ltr'>Πράξεων</span> <span class='ocrx_word' id='word_1_480' title='bbox 804 3524 1032 3596; x_wconf 75' lang='grc' dir='ltr'>ἱστορία·</span> <span class='ocrx_word' id='word_1_481' title='bbox 1064 3527 1231 3589; x_wconf 82' lang='grc' dir='ltr'>ὅπως,</span> <span class='ocrx_word' id='word_1_482' title='bbox 1255 3525 1363 3579; x_wconf 84' lang='grc' dir='ltr'><strong>τῶν</strong></span> <span class='ocrx_word' id='word_1_483' title='bbox 1386 3525 1883 3598; x_wconf 27' lang='grc' dir='ltr'>ἱερῶν-ἀποστόλων</span> 
     </span>
    </p>
   </div>
   <div class='ocr_carea' id='block_1_70' title="bbox 295 3616 1885 3690">
    <p class='ocr_par' dir='ltr' id='par_1_70' title="bbox 295 3616 1885 3690">
     <span class='ocr_line' id='line_1_70' title="bbox 295 3616 1885 3690; baseline 0.002 -20"><span class='ocrx_word' id='word_1_484' title='bbox 295 3617 403 3688; x_wconf 72' lang='grc' dir='ltr'>τὴν</span> <span class='ocrx_word' id='word_1_485' title='bbox 427 3617 751 3688; x_wconf 72' lang='grc' dir='ltr'>οἰκουμένην</span> <span class='ocrx_word' id='word_1_486' title='bbox 783 3616 1243 3688; x_wconf 83' lang='grc' dir='ltr'>περινοστούντων</span> <span class='ocrx_word' id='word_1_487' title='bbox 1266 3659 1280 3683; x_wconf 92' lang='grc'><strong>,</strong></span> <span class='ocrx_word' id='word_1_488' title='bbox 1325 3618 1494 3689; x_wconf 78' lang='grc' dir='ltr'>ζάλης</span> <span class='ocrx_word' id='word_1_489' title='bbox 1544 3620 1885 3690; x_wconf 77' lang='grc' dir='ltr'>ὲμπίπλαντο</span> 
     </span>
    </p>
   </div>
   <div class='ocr_carea' id='block_1_71' title="bbox 299 3705 1883 3782">
    <p class='ocr_par' dir='ltr' id='par_1_71' title="bbox 299 3705 1883 3782">
     <span class='ocr_line' id='line_1_71' title="bbox 299 3705 1883 3782; baseline 0 -21"><span class='ocrx_word' id='word_1_490' title='bbox 299 3708 399 3761; x_wconf 72' lang='grc' dir='ltr'>καὶ</span> <span class='ocrx_word' id='word_1_491' title='bbox 420 3705 664 3777; x_wconf 84' lang='grc' dir='ltr'>θορύϐων</span> <span class='ocrx_word' id='word_1_492' title='bbox 693 3709 749 3760; x_wconf 86' lang='grc' dir='ltr'><strong>αἰ</strong></span> <span class='ocrx_word' id='word_1_493' title='bbox 798 3707 1002 3770; x_wconf 88' lang='grc' dir='ltr'>πόλεις.</span> <span class='ocrx_word' id='word_1_494' title='bbox 1035 3707 1144 3760; x_wconf 78' lang='grc' dir='ltr'><strong>Καὶ</strong></span> <span class='ocrx_word' id='word_1_495' title='bbox 1179 3706 1289 3777; x_wconf 84' lang='grc' dir='ltr'>γὰρ</span> <span class='ocrx_word' id='word_1_496' title='bbox 1333 3710 1391 3760; x_wconf 80' lang='grc' dir='ltr'>ὲν</span> <span class='ocrx_word' id='word_1_497' title='bbox 1453 3709 1661 3780; x_wconf 83' lang='grc' dir='ltr'>Ἐφέσῳ</span> <span class='ocrx_word' id='word_1_498' title='bbox 1699 3711 1883 3782; x_wconf 81' lang='grc' dir='ltr'>Δημή-</span> 
     </span>
    </p>
   </div>
   <div class='ocr_carea' id='block_1_72' title="bbox 299 3787 1886 3872">
    <p class='ocr_par' dir='ltr' id='par_1_72' title="bbox 299 3787 1886 3872">
     <span class='ocr_line' id='line_1_72' title="bbox 299 3787 1886 3872; baseline 0.002 -21"><span class='ocrx_word' id='word_1_499' title='bbox 299 3815 450 3870; x_wconf 86' lang='grc' dir='ltr'>τριος</span> <span class='ocrx_word' id='word_1_500' title='bbox 480 3800 660 3852; x_wconf 78' lang='grc' dir='ltr'>πᾶσαν</span> <span class='ocrx_word' id='word_1_501' title='bbox 682 3799 780 3868; x_wconf 81' lang='grc' dir='ltr'>τὴν</span> <span class='ocrx_word' id='word_1_502' title='bbox 809 3798 962 3852; x_wconf 90' lang='grc' dir='ltr'>πόλιν</span> <span class='ocrx_word' id='word_1_503' title='bbox 989 3798 1235 3852; x_wconf 76' lang='grc' dir='ltr'>ἐκύκωσε</span> <span class='ocrx_word' id='word_1_504' title='bbox 1254 3815 1268 3833; x_wconf 88' lang='grc'><strong>·</strong></span> <span class='ocrx_word' id='word_1_505' title='bbox 1297 3800 1390 3852; x_wconf 77' lang='grc' dir='ltr'>καὶ</span> <span class='ocrx_word' id='word_1_506' title='bbox 1411 3800 1469 3852; x_wconf 85' lang='grc' dir='ltr'>ὲν</span> <span class='ocrx_word' id='word_1_507' title='bbox 1501 3787 1767 3872; x_wconf 70' lang='grc' dir='ltr'>λύστροις</span> <span class='ocrx_word' id='word_1_508' title='bbox 1790 3802 1886 3854; x_wconf 72' lang='grc' dir='ltr'>καὶ</span> 
     </span>
    </p>
   </div>
   <div class='ocr_carea' id='block_1_73' title="bbox 298 3887 1883 3960">
    <p class='ocr_par' dir='ltr' id='par_1_73' title="bbox 298 3887 1883 3960">
     <span class='ocr_line' id='line_1_73' title="bbox 298 3887 1883 3960; baseline 0.001 -19"><span class='ocrx_word' id='word_1_509' title='bbox 298 3887 477 3960; x_wconf 79' lang='grc' dir='ltr'>Δέρϐῃ</span> <span class='ocrx_word' id='word_1_510' title='bbox 494 3889 660 3941; x_wconf 80' lang='grc' dir='ltr'><strong>ταύτὸ</strong></span> <span class='ocrx_word' id='word_1_511' title='bbox 687 3887 844 3941; x_wconf 82' lang='grc' dir='ltr'>τοῦτο</span> <span class='ocrx_word' id='word_1_512' title='bbox 866 3889 1175 3958; x_wconf 87' lang='grc' dir='ltr'>γεγένηται.</span> <span class='ocrx_word' id='word_1_513' title='bbox 1201 3888 1310 3941; x_wconf 75' lang='grc' dir='ltr'><strong>Καὶ</strong></span> <span class='ocrx_word' id='word_1_514' title='bbox 1339 3887 1497 3957; x_wconf 83' lang='grc' dir='ltr'>πάλιν</span> <span class='ocrx_word' id='word_1_515' title='bbox 1517 3890 1574 3942; x_wconf 77' lang='grc' dir='ltr'>ὲν</span> <span class='ocrx_word' id='word_1_516' title='bbox 1597 3889 1883 3953; x_wconf 79' lang='grc' dir='ltr'>Φιλίπποις</span> 
     </span>
    </p>
   </div>
   <div class='ocr_carea' id='block_1_74' title="bbox 297 3975 1881 4050">
    <p class='ocr_par' dir='ltr' id='par_1_74' title="bbox 297 3975 1881 4050">
     <span class='ocr_line' id='line_1_74' title="bbox 297 3975 1881 4050; baseline 0.001 -21"><span class='ocrx_word' id='word_1_517' title='bbox 297 3977 396 4030; x_wconf 75' lang='grc' dir='ltr'>καὶ</span> <span class='ocrx_word' id='word_1_518' title='bbox 432 3975 821 4046; x_wconf 82' lang='grc' dir='ltr'>Θεσσαλονίκῃ,</span> <span class='ocrx_word' id='word_1_519' title='bbox 856 3976 951 4042; x_wconf 54' lang='grc' dir='ltr'>καὶ.</span> <span class='ocrx_word' id='word_1_520' title='bbox 991 3975 1265 4048; x_wconf 70' lang='grc' dir='ltr'>Ἀθήναις,</span> <span class='ocrx_word' id='word_1_521' title='bbox 1314 3975 1415 4029; x_wconf 62' lang='grc' dir='ltr'>καῖ</span> <span class='ocrx_word' id='word_1_522' title='bbox 1467 3976 1737 4050; x_wconf 84' lang='grc' dir='ltr'>Κορίνθῳ,</span> <span class='ocrx_word' id='word_1_523' title='bbox 1772 3977 1881 4032; x_wconf 84' lang='grc' dir='ltr'><strong>τῶν</strong></span> 
     </span>
    </p>
   </div>
   <div class='ocr_carea' id='block_1_75' title="bbox 296 4051 1884 4139">
    <p class='ocr_par' dir='ltr' id='par_1_75' title="bbox 296 4051 1884 4139">
     <span class='ocr_line' id='line_1_75' title="bbox 296 4051 1884 4139; baseline 0.002 -20"><span class='ocrx_word' id='word_1_524' title='bbox 296 4066 399 4136; x_wconf 81' lang='grc' dir='ltr'>τῆς</span> <span class='ocrx_word' id='word_1_525' title='bbox 445 4065 662 4136; x_wconf 80' lang='grc' dir='ltr'>ἀπάτης</span> <span class='ocrx_word' id='word_1_526' title='bbox 710 4067 1032 4137; x_wconf 80' lang='grc' dir='ltr'>πνευμάτων</span> <span class='ocrx_word' id='word_1_527' title='bbox 1067 4051 1237 4119; x_wconf 80' lang='grc' dir='ltr'>ταῦτα</span> <span class='ocrx_word' id='word_1_528' title='bbox 1273 4065 1644 4139; x_wconf 89' lang='grc' dir='ltr'>διεγειρόντων</span> <span class='ocrx_word' id='word_1_529' title='bbox 1691 4068 1762 4122; x_wconf 90' lang='grc' dir='ltr'><strong>τά</strong></span> <span class='ocrx_word' id='word_1_530' title='bbox 1794 4069 1884 4122; x_wconf 86' lang='grc' dir='ltr'>κύ-</span> 
     </span>
    </p>
   </div>
   <div class='ocr_carea' id='block_1_76' title="bbox 299 4157 1879 4234">
    <p class='ocr_par' dir='ltr' id='par_1_76' title="bbox 299 4157 1879 4234">
     <span class='ocr_line' id='line_1_76' title="bbox 299 4157 1879 4234; baseline 0.003 -24"><span class='ocrx_word' id='word_1_531' title='bbox 299 4174 468 4230; x_wconf 84' lang='grc' dir='ltr'>ματα,</span> <span class='ocrx_word' id='word_1_532' title='bbox 488 4158 598 4213; x_wconf 79' lang='grc' dir='ltr'><strong>ὑπὸ</strong></span> <span class='ocrx_word' id='word_1_533' title='bbox 622 4157 826 4212; x_wconf 84' lang='grc' dir='ltr'>τούτων</span> <span class='ocrx_word' id='word_1_534' title='bbox 840 4158 984 4222; x_wconf 78' lang='grc' dir='ltr'>τινὲς</span> <span class='ocrx_word' id='word_1_535' title='bbox 1005 4158 1229 4230; x_wconf 82' lang='grc' dir='ltr'>ὲνεργού</span> <span class='ocrx_word' id='word_1_536' title='bbox 1237 4176 1384 4230; x_wconf 87' lang='grc' dir='ltr'>μενοι</span> <span class='ocrx_word' id='word_1_537' title='bbox 1413 4160 1553 4214; x_wconf 89' lang='grc' dir='ltr'><strong>κατά</strong></span> <span class='ocrx_word' id='word_1_538' title='bbox 1579 4160 1688 4214; x_wconf 87' lang='grc' dir='ltr'><strong>τῶν</strong></span> <span class='ocrx_word' id='word_1_539' title='bbox 1718 4161 1879 4234; x_wconf 85' lang='grc' dir='ltr'>ίερῶν</span> 
     </span>
    </p>
   </div>
   <div class='ocr_carea' id='block_1_77' title="bbox 297 4248 1877 4320">
    <p class='ocr_par' dir='ltr' id='par_1_77' title="bbox 297 4248 1877 4320">
     <span class='ocr_line' id='line_1_77' title="bbox 297 4248 1877 4320; baseline 0.003 -18"><span class='ocrx_word' id='word_1_540' title='bbox 297 4248 469 4302; x_wconf 66' lang='grc' dir='ltr'>ἐϐόων</span> <span class='ocrx_word' id='word_1_541' title='bbox 498 4248 844 4303; x_wconf 68' lang='grc' dir='ltr'>ἀποστόλων*</span> <span class='ocrx_word' id='word_1_542' title='bbox 883 4253 947 4304; x_wconf 88' lang='lat' dir='ltr'><strong>Ol</strong></span> <span class='ocrx_word' id='word_1_543' title='bbox 981 4249 1096 4318; x_wconf 79' lang='grc' dir='ltr'>τὴν</span> <span class='ocrx_word' id='word_1_544' title='bbox 1135 4251 1500 4320; x_wconf 77' lang='grc' dir='ltr'>οἰκουμένην</span> <span class='ocrx_word' id='word_1_545' title='bbox 1529 4253 1877 4306; x_wconf 83' lang='grc' dir='ltr'>ἀναστατώ-</span> 
     </span>
    </p>
   </div>
   <div class='ocr_carea' id='block_1_78' title="bbox 1985 3080 3570 3151">
    <p class='ocr_par' dir='ltr' id='par_1_78' title="bbox 1985 3080 3570 3151">
     <span class='ocr_line' id='line_1_78' title="bbox 1985 3080 3570 3151; baseline -0.004 -13"><span class='ocrx_word' id='word_1_546' title='bbox 1985 3083 2230 3138; x_wconf 81' lang='lat' dir='ltr'><strong>vaderet.</strong></span> <span class='ocrx_word' id='word_1_547' title='bbox 2284 3081 2382 3136; x_wconf 77' lang='lat' dir='ltr'><strong>llic</strong></span> <span class='ocrx_word' id='word_1_548' title='bbox 2438 3095 2603 3151; x_wconf 90' lang='lat' dir='ltr'><strong>porro</strong></span> <span class='ocrx_word' id='word_1_549' title='bbox 2667 3080 2979 3136; x_wconf 67' lang='lat' dir='ltr'><strong>daemonum</strong></span> <span class='ocrx_word' id='word_1_550' title='bbox 3027 3090 3304 3136; x_wconf 78' lang='lat' dir='ltr'><strong>catervam</strong></span> <span class='ocrx_word' id='word_1_551' title='bbox 3351 3086 3570 3140; x_wconf 74' lang='lat' dir='ltr'><strong>montes</strong></span> 
     </span>
    </p>
   </div>
   <div class='ocr_carea' id='block_1_79' title="bbox 1986 3169 3568 3243">
    <p class='ocr_par' dir='ltr' id='par_1_79' title="bbox 1986 3169 3568 3243">
     <span class='ocr_line' id='line_1_79' title="bbox 1986 3169 3568 3243; baseline 0 -15"><span class='ocrx_word' id='word_1_552' title='bbox 1986 3181 2288 3243; x_wconf 86' lang='lat' dir='ltr'><strong>nuncupat,</strong></span> <span class='ocrx_word' id='word_1_553' title='bbox 2337 3171 2407 3226; x_wconf 94' lang='lat' dir='ltr'><strong>ob</strong></span> <span class='ocrx_word' id='word_1_554' title='bbox 2463 3170 2789 3241; x_wconf 72' lang='lat' dir='ltr'><strong>arrogantia:</strong></span> <span class='ocrx_word' id='word_1_555' title='bbox 2859 3180 3128 3227; x_wconf 89' lang='lat' dir='ltr'><strong>tumorem</strong></span> <span class='ocrx_word' id='word_1_556' title='bbox 3191 3185 3256 3226; x_wconf 90' lang='lat' dir='ltr'><strong>ac</strong></span> <span class='ocrx_word' id='word_1_557' title='bbox 3300 3169 3568 3242; x_wconf 58' lang='lat' dir='ltr'><strong>superbiat</strong></span> 
     </span>
    </p>
   </div>
   <div class='ocr_carea' id='block_1_80' title="bbox 1986 3261 3569 3332">
    <p class='ocr_par' dir='ltr' id='par_1_80' title="bbox 1986 3261 3569 3332">
     <span class='ocr_line' id='line_1_80' title="bbox 1986 3261 3569 3332; baseline -0.001 -15"><span class='ocrx_word' id='word_1_558' title='bbox 1986 3263 2362 3328; x_wconf 89' lang='lat' dir='ltr'><strong>altitudinem;</strong></span> <span class='ocrx_word' id='word_1_559' title='bbox 2390 3276 2562 3332; x_wconf 90' lang='lat' dir='ltr'><strong>aquas</strong></span> <span class='ocrx_word' id='word_1_560' title='bbox 2589 3275 2739 3324; x_wconf 85' lang='lat' dir='ltr'><strong>vero,</strong></span> <span class='ocrx_word' id='word_1_561' title='bbox 2771 3261 3057 3315; x_wconf 86' lang='lat' dir='ltr'><strong>hominum</strong></span> <span class='ocrx_word' id='word_1_562' title='bbox 3093 3262 3414 3325; x_wconf 77' lang='lat' dir='ltr'><strong>sententias,</strong></span> <span class='ocrx_word' id='word_1_563' title='bbox 3447 3276 3569 3331; x_wconf 62' lang='lat' dir='ltr'><strong>qua</strong></span> 
     </span>
    </p>
   </div>
   <div class='ocr_carea' id='block_1_81' title="bbox 1987 3336 3567 3424">
    <p class='ocr_par' dir='ltr' id='par_1_81' title="bbox 1987 3336 3567 3424">
     <span class='ocr_line' id='line_1_81' title="bbox 1987 3336 3567 3424; baseline -0.004 -16"><span class='ocrx_word' id='word_1_564' title='bbox 1987 3369 2255 3424; x_wconf 90' lang='lat' dir='ltr'><strong>aquarum</strong></span> <span class='ocrx_word' id='word_1_565' title='bbox 2285 3353 2457 3407; x_wconf 90' lang='lat' dir='ltr'><strong>instar</strong></span> <span class='ocrx_word' id='word_1_566' title='bbox 2491 3351 2636 3406; x_wconf 90' lang='lat' dir='ltr'><strong>ultro</strong></span> <span class='ocrx_word' id='word_1_567' title='bbox 2678 3353 2927 3422; x_wconf 89' lang='lat' dir='ltr'><strong>citroque</strong></span> <span class='ocrx_word' id='word_1_568' title='bbox 2957 3351 3116 3406; x_wconf 85' lang='lat' dir='ltr'><strong>facile</strong></span> <span class='ocrx_word' id='word_1_569' title='bbox 3151 3349 3423 3413; x_wconf 81' lang='lat' dir='ltr'><strong>feruntur,</strong></span> <span class='ocrx_word' id='word_1_570' title='bbox 3454 3336 3507 3403; x_wconf 81' lang='lat' dir='ltr'><strong>et</strong></span> <span class='ocrx_word' id='word_1_571' title='bbox 3535 3365 3567 3402; x_wconf 86' lang='lat' dir='ltr'><strong>a</strong></span> 
     </span>
    </p>
   </div>
   <div class='ocr_carea' id='block_1_82' title="bbox 1985 3441 3566 3516">
    <p class='ocr_par' dir='ltr' id='par_1_82' title="bbox 1985 3441 3566 3516">
     <span class='ocr_line' id='line_1_82' title="bbox 1985 3441 3566 3516; baseline -0.004 -15"><span class='ocrx_word' id='word_1_572' title='bbox 1985 3445 2272 3516; x_wconf 87' lang='lat' dir='ltr'><strong>spiritibus</strong></span> <span class='ocrx_word' id='word_1_573' title='bbox 2324 3443 2554 3498; x_wconf 79' lang='lat' dir='ltr'><strong>fallaciae</strong></span> <span class='ocrx_word' id='word_1_574' title='bbox 2608 3443 2931 3498; x_wconf 90' lang='lat' dir='ltr'><strong>miscentur.</strong></span> <span class='ocrx_word' id='word_1_575' title='bbox 2990 3441 3116 3496; x_wconf 72' lang='lat' dir='ltr'><strong>limo</strong></span> <span class='ocrx_word' id='word_1_576' title='bbox 3177 3441 3440 3495; x_wconf 86' lang='lat' dir='ltr'><strong>docemur</strong></span> <span class='ocrx_word' id='word_1_577' title='bbox 3498 3441 3566 3494; x_wconf 82' lang='lat' dir='ltr'><strong>ab</strong></span> 
     </span>
    </p>
   </div>
   <div class='ocr_carea' id='block_1_83' title="bbox 1984 3530 3566 3609">
    <p class='ocr_par' dir='ltr' id='par_1_83' title="bbox 1984 3530 3566 3609">
     <span class='ocr_line' id='line_1_83' title="bbox 1984 3530 3566 3609; baseline -0.006 -17"><span class='ocrx_word' id='word_1_578' title='bbox 1984 3539 2212 3592; x_wconf 85' lang='lat' dir='ltr'><strong>Actuum</strong></span> <span class='ocrx_word' id='word_1_579' title='bbox 2250 3536 2481 3592; x_wconf 88' lang='lat' dir='ltr'><strong>historia</strong></span> <span class='ocrx_word' id='word_1_580' title='bbox 2515 3556 2528 3589; x_wconf 92' lang='lat'><strong>:</strong></span> <span class='ocrx_word' id='word_1_581' title='bbox 2567 3533 2838 3604; x_wconf 88' lang='lat' dir='ltr'><strong>quomodo</strong></span> <span class='ocrx_word' id='word_1_582' title='bbox 2864 3533 3071 3589; x_wconf 73' lang='lat' dir='ltr'><strong>scilicet</strong></span> <span class='ocrx_word' id='word_1_583' title='bbox 3093 3545 3215 3593; x_wconf 81' lang='lat' dir='ltr'><strong>cum</strong></span> <span class='ocrx_word' id='word_1_584' title='bbox 3240 3530 3413 3591; x_wconf 84' lang='lat' dir='ltr'><strong>sancti</strong></span> <span class='ocrx_word' id='word_1_585' title='bbox 3434 3545 3566 3609; x_wconf 76' lang='lat' dir='ltr'><strong>apo-</strong></span> 
     </span>
    </p>
   </div>
   <div class='ocr_carea' id='block_1_84' title="bbox 2000 3622 3566 3702">
    <p class='ocr_par' dir='ltr' id='par_1_84' title="bbox 2000 3622 3566 3702">
     <span class='ocr_line' id='line_1_84' title="bbox 2000 3622 3566 3702; baseline -0.004 -19"><span class='ocrx_word' id='word_1_586' title='bbox 2000 3629 2128 3684; x_wconf 86' lang='lat' dir='ltr'><strong>stoli</strong></span> <span class='ocrx_word' id='word_1_587' title='bbox 2185 3629 2372 3682; x_wconf 88' lang='lat' dir='ltr'><strong>orbem</strong></span> <span class='ocrx_word' id='word_1_588' title='bbox 2427 3626 2742 3688; x_wconf 84' lang='lat' dir='ltr'><strong>circuirent,</strong></span> <span class='ocrx_word' id='word_1_589' title='bbox 2795 3631 3116 3702; x_wconf 83' lang='lat' dir='ltr'><strong>tempestate</strong></span> <span class='ocrx_word' id='word_1_590' title='bbox 3167 3630 3329 3693; x_wconf 87' lang='lat' dir='ltr'><strong>atque</strong></span> <span class='ocrx_word' id='word_1_591' title='bbox 3391 3622 3566 3677; x_wconf 87' lang='lat' dir='ltr'><strong>turbis</strong></span> 
     </span>
    </p>
   </div>
   <div class='ocr_carea' id='block_1_85' title="bbox 1985 3711 3564 3788">
    <p class='ocr_par' dir='ltr' id='par_1_85' title="bbox 1985 3711 3564 3788">
     <span class='ocr_line' id='line_1_85' title="bbox 1985 3711 3564 3788; baseline -0.003 -16"><span class='ocrx_word' id='word_1_592' title='bbox 1985 3720 2148 3774; x_wconf 80' lang='lat' dir='ltr'><strong>urbes</strong></span> <span class='ocrx_word' id='word_1_593' title='bbox 2177 3719 2405 3788; x_wconf 80' lang='lat' dir='ltr'><strong>singulae</strong></span> <span class='ocrx_word' id='word_1_594' title='bbox 2433 3717 2804 3787; x_wconf 87' lang='lat' dir='ltr'><strong>replebantur.</strong></span> <span class='ocrx_word' id='word_1_595' title='bbox 2831 3714 3116 3785; x_wconf 90' lang='lat' dir='ltr'><strong>Siquidem</strong></span> <span class='ocrx_word' id='word_1_596' title='bbox 3141 3712 3338 3783; x_wconf 80' lang='lat' dir='ltr'><strong>Ephesi</strong></span> <span class='ocrx_word' id='word_1_597' title='bbox 3370 3711 3564 3768; x_wconf 83' lang='lat' dir='ltr'><strong>Deme-</strong></span> 
     </span>
    </p>
   </div>
   <div class='ocr_carea' id='block_1_86' title="bbox 1985 3802 3564 3880">
    <p class='ocr_par' dir='ltr' id='par_1_86' title="bbox 1985 3802 3564 3880">
     <span class='ocr_line' id='line_1_86' title="bbox 1985 3802 3564 3880; baseline -0.005 -16"><span class='ocrx_word' id='word_1_598' title='bbox 1985 3811 2124 3864; x_wconf 88' lang='lat' dir='ltr'><strong>trius</strong></span> <span class='ocrx_word' id='word_1_599' title='bbox 2150 3817 2316 3864; x_wconf 88' lang='lat' dir='ltr'><strong>totam</strong></span> <span class='ocrx_word' id='word_1_600' title='bbox 2353 3810 2543 3863; x_wconf 85' lang='lat' dir='ltr'><strong>urbem</strong></span> <span class='ocrx_word' id='word_1_601' title='bbox 2596 3807 2818 3862; x_wconf 86' lang='lat' dir='ltr'><strong>miscuit</strong></span> <span class='ocrx_word' id='word_1_602' title='bbox 2848 3826 2860 3860; x_wconf 89' lang='lat'><strong>:</strong></span> <span class='ocrx_word' id='word_1_603' title='bbox 2897 3806 3107 3880; x_wconf 79' lang='lat' dir='ltr'><strong>Lystris</strong></span> <span class='ocrx_word' id='word_1_604' title='bbox 3129 3812 3182 3859; x_wconf 88' lang='lat' dir='ltr'><strong>et</strong></span> <span class='ocrx_word' id='word_1_605' title='bbox 3216 3803 3431 3863; x_wconf 73' lang='lat' dir='ltr'><strong>Derbm.</strong></span> <span class='ocrx_word' id='word_1_606' title='bbox 3481 3802 3564 3856; x_wconf 87' lang='lat' dir='ltr'><strong>id-</strong></span> 
     </span>
    </p>
   </div>
   <div class='ocr_carea' id='block_1_87' title="bbox 1983 3893 3566 3975">
    <p class='ocr_par' dir='ltr' id='par_1_87' title="bbox 1983 3893 3566 3975">
     <span class='ocr_line' id='line_1_87' title="bbox 1983 3893 3566 3975; baseline -0.003 -21"><span class='ocrx_word' id='word_1_607' title='bbox 1983 3902 2162 3971; x_wconf 88' lang='lat' dir='ltr'><strong>ipsum</strong></span> <span class='ocrx_word' id='word_1_608' title='bbox 2185 3900 2409 3972; x_wconf 69' lang='lat' dir='ltr'><strong>contigit</strong></span> <span class='ocrx_word' id='word_1_609' title='bbox 2439 3919 2450 3953; x_wconf 92' lang='lat'><strong>:</strong></span> <span class='ocrx_word' id='word_1_610' title='bbox 2485 3899 2781 3975; x_wconf 85' lang='lat' dir='ltr'><strong>Philippis,</strong></span> <span class='ocrx_word' id='word_1_611' title='bbox 2807 3895 3224 3961; x_wconf 66' lang='lat' dir='ltr'><strong>Thessalonicae,</strong></span> <span class='ocrx_word' id='word_1_612' title='bbox 3256 3893 3480 3949; x_wconf 81' lang='lat' dir='ltr'><strong>Athenis</strong></span> <span class='ocrx_word' id='word_1_613' title='bbox 3513 3902 3566 3949; x_wconf 89' lang='lat' dir='ltr'><strong>et</strong></span> 
     </span>
    </p>
   </div>
   <div class='ocr_carea' id='block_1_88' title="bbox 1983 3979 3565 4058">
    <p class='ocr_par' dir='ltr' id='par_1_88' title="bbox 1983 3979 3565 4058">
     <span class='ocr_line' id='line_1_88' title="bbox 1983 3979 3565 4058; baseline -0.007 -12"><span class='ocrx_word' id='word_1_614' title='bbox 1983 3988 2259 4054; x_wconf 84' lang='lat' dir='ltr'><strong>Corinthi,</strong></span> <span class='ocrx_word' id='word_1_615' title='bbox 2323 3987 2607 4058; x_wconf 85' lang='lat' dir='ltr'><strong>spiritibus</strong></span> <span class='ocrx_word' id='word_1_616' title='bbox 2688 3985 2917 4040; x_wconf 72' lang='lat' dir='ltr'><strong>fallacia:</strong></span> <span class='ocrx_word' id='word_1_617' title='bbox 2983 3980 3300 4054; x_wconf 81' lang='lat' dir='ltr'><strong>hujus‘modi</strong></span> <span class='ocrx_word' id='word_1_618' title='bbox 3365 3979 3565 4035; x_wconf 80' lang='lat' dir='ltr'><strong>fluctus</strong></span> 
     </span>
    </p>
   </div>
   <div class='ocr_carea' id='block_1_89' title="bbox 1983 4073 3564 4149">
    <p class='ocr_par' dir='ltr' id='par_1_89' title="bbox 1983 4073 3564 4149">
     <span class='ocr_line' id='line_1_89' title="bbox 1983 4073 3564 4149; baseline -0.008 -14"><span class='ocrx_word' id='word_1_619' title='bbox 1983 4079 2287 4144; x_wconf 87' lang='lat' dir='ltr'><strong>cientibus,</strong></span> <span class='ocrx_word' id='word_1_620' title='bbox 2323 4077 2546 4149; x_wconf 84' lang='lat' dir='ltr'><strong>quidam</strong></span> <span class='ocrx_word' id='word_1_621' title='bbox 2595 4077 2663 4132; x_wconf 85' lang='lat' dir='ltr'><strong>ab</strong></span> <span class='ocrx_word' id='word_1_622' title='bbox 2693 4075 2890 4132; x_wconf 89' lang='lat' dir='ltr'><strong>iisdem</strong></span> <span class='ocrx_word' id='word_1_623' title='bbox 2939 4073 3152 4130; x_wconf 87' lang='lat' dir='ltr'><strong>obsessi</strong></span> <span class='ocrx_word' id='word_1_624' title='bbox 3197 4080 3390 4126; x_wconf 87' lang='lat' dir='ltr'><strong>contra</strong></span> <span class='ocrx_word' id='word_1_625' title='bbox 3435 4083 3564 4124; x_wconf 90' lang='lat' dir='ltr'><strong>san-</strong></span> 
     </span>
    </p>
   </div>
   <div class='ocr_carea' id='block_1_90' title="bbox 1983 4165 3564 4244">
    <p class='ocr_par' dir='ltr' id='par_1_90' title="bbox 1983 4165 3564 4244">
     <span class='ocr_line' id='line_1_90' title="bbox 1983 4165 3564 4244; baseline -0.013 -15"><span class='ocrx_word' id='word_1_626' title='bbox 1983 4182 2102 4229; x_wconf 85' lang='lat' dir='ltr'><strong>ctos</strong></span> <span class='ocrx_word' id='word_1_627' title='bbox 2137 4172 2415 4244; x_wconf 89' lang='lat' dir='ltr'><strong>apostolos</strong></span> <span class='ocrx_word' id='word_1_628' title='bbox 2449 4169 2760 4225; x_wconf 86' lang='lat' dir='ltr'><strong>clamabant</strong></span> <span class='ocrx_word' id='word_1_629' title='bbox 2795 4186 2808 4222; x_wconf 89' lang='lat'><strong>:</strong></span> <span class='ocrx_word' id='word_1_630' title='bbox 2842 4165 2917 4220; x_wconf 86' lang='lat' dir='ltr'><strong>Hi</strong></span> <span class='ocrx_word' id='word_1_631' title='bbox 2949 4165 3040 4236; x_wconf 87' lang='lat' dir='ltr'><strong>qui</strong></span> <span class='ocrx_word' id='word_1_632' title='bbox 3080 4165 3256 4218; x_wconf 89' lang='lat' dir='ltr'><strong>orbem</strong></span> <span class='ocrx_word' id='word_1_633' title='bbox 3303 4170 3564 4214; x_wconf 87' lang='lat' dir='ltr'><strong>terrarum</strong></span> 
     </span>
    </p>
   </div>
   <div class='ocr_carea' id='block_1_91' title="bbox 1984 4247 3560 4326">
    <p class='ocr_par' dir='ltr' id='par_1_91' title="bbox 1984 4247 3560 4326">
     <span class='ocr_line' id='line_1_91' title="bbox 1984 4247 3560 4326; baseline -0.013 -7"><span class='ocrx_word' id='word_1_634' title='bbox 1984 4267 2371 4326; x_wconf 77' lang='lat' dir='ltr'><strong>subuerterant,</strong></span> <span class='ocrx_word' id='word_1_635' title='bbox 2395 4262 2478 4314; x_wconf 83' lang='lat' dir='ltr'><strong>hic</strong></span> <span class='ocrx_word' id='word_1_636' title='bbox 2515 4255 2706 4314; x_wconf 75' lang='lat' dir='ltr'><strong>adsunt</strong></span> <span class='ocrx_word' id='word_1_637' title='bbox 2723 4259 2788 4310; x_wconf 79' lang='grc'><strong>³⁸.</strong></span> <span class='ocrx_word' id='word_1_638' title='bbox 2816 4256 2942 4311; x_wconf 73' lang='lat' dir='ltr'><strong>Hmc</strong></span> <span class='ocrx_word' id='word_1_639' title='bbox 2972 4255 3135 4310; x_wconf 89' lang='lat' dir='ltr'><strong>etiam</strong></span> <span class='ocrx_word' id='word_1_640' title='bbox 3167 4254 3357 4307; x_wconf 89' lang='lat' dir='ltr'><strong>beatus</strong></span> <span class='ocrx_word' id='word_1_641' title='bbox 3380 4247 3560 4301; x_wconf 81' lang='lat' dir='ltr'><strong>Haba-</strong></span> 
     </span>
    </p>
   </div>
   <div class='ocr_carea' id='block_1_92' title="bbox 294 4324 1885 4423">
    <p class='ocr_par' dir='ltr' id='par_1_92' title="bbox 294 4337 1876 4410">
     <span class='ocr_line' id='line_1_92' title="bbox 294 4337 1876 4410; baseline 0.004 -17"><span class='ocrx_word' id='word_1_642' title='bbox 294 4355 539 4405; x_wconf 75' lang='grc' dir='ltr'>σαντες,</span> <span class='ocrx_word' id='word_1_643' title='bbox 571 4337 737 4396; x_wconf 82' lang='grc' dir='ltr'>οὗτοι</span> <span class='ocrx_word' id='word_1_644' title='bbox 773 4341 874 4395; x_wconf 78' lang='grc' dir='ltr'>καὶ</span> <span class='ocrx_word' id='word_1_645' title='bbox 911 4339 1124 4395; x_wconf 75' lang='grc' dir='ltr'>ἐνθάδε</span> <span class='ocrx_word' id='word_1_646' title='bbox 1173 4341 1433 4410; x_wconf 75' lang='grc' dir='ltr'>πάρεισι,</span> <span class='ocrx_word' id='word_1_647' title='bbox 1488 4343 1671 4398; x_wconf 78' lang='grc' dir='ltr'>Ταῦτα</span> <span class='ocrx_word' id='word_1_648' title='bbox 1725 4344 1818 4398; x_wconf 71' lang='grc' dir='ltr'>καὶ</span> <span class='ocrx_word' id='word_1_649' title='bbox 1849 4348 1876 4399; x_wconf 92' lang='lat'><strong>6</strong></span> 
     </span>
    </p>
   </div>
   <div class='ocr_carea' id='block_1_93' title="bbox 1991 4324 3560 4423">
    <p class='ocr_par' dir='ltr' id='par_1_93' title="bbox 1991 4343 3560 4423">
     <span class='ocr_line' id='line_1_93' title="bbox 1991 4343 3560 4423; baseline -0.012 -14"><span class='ocrx_word' id='word_1_650' title='bbox 1991 4370 2111 4410; x_wconf 86' lang='lat' dir='ltr'><strong>cum</strong></span> <span class='ocrx_word' id='word_1_651' title='bbox 2144 4351 2560 4423; x_wconf 61' lang='lat' dir='ltr'><strong>praenuntiavit:</strong></span> <span class='ocrx_word' id='word_1_652' title='bbox 2580 4364 2704 4402; x_wconf 89' lang='lat' dir='ltr'><strong>nam</strong></span> <span class='ocrx_word' id='word_1_653' title='bbox 2731 4348 2836 4400; x_wconf 86' lang='lat' dir='ltr'><strong>ait:</strong></span> <span class='ocrx_word' id='word_1_654' title='bbox 2873 4344 3142 4398; x_wconf 71' lang='lat' dir='ltr'><strong>Induxiin</strong></span> <span class='ocrx_word' id='word_1_655' title='bbox 3160 4343 3214 4394; x_wconf 90' lang='lat' dir='ltr'><strong>in</strong></span> <span class='ocrx_word' id='word_1_656' title='bbox 3237 4354 3381 4394; x_wconf 89' lang='lat' dir='ltr'><strong>mare</strong></span> <span class='ocrx_word' id='word_1_657' title='bbox 3405 4354 3560 4408; x_wconf 85' lang='lat' dir='ltr'><strong>equos</strong></span> 
     </span>
    </p>
   </div>
   <div class='ocr_carea' id='block_1_94' title="bbox 298 4431 1873 4504">
    <p class='ocr_par' dir='ltr' id='par_1_94' title="bbox 298 4431 1873 4504">
     <span class='ocr_line' id='line_1_94' title="bbox 298 4431 1873 4504; baseline -0.006 -5"><span class='ocrx_word' id='word_1_658' title='bbox 298 4431 572 4503; x_wconf 64' lang='grc' dir='ltr'>μακάριος</span> <span class='ocrx_word' id='word_1_659' title='bbox 619 4432 1021 4504; x_wconf 81' lang='grc' dir='ltr'>προηγόρευσεν</span> <span class='ocrx_word' id='word_1_660' title='bbox 1089 4433 1367 4504; x_wconf 81' lang='grc' dir='ltr'>Ἀϐακούμ</span> <span class='ocrx_word' id='word_1_661' title='bbox 1389 4452 1402 4465; x_wconf 74' lang='grc' dir='ltr'><strong>ο</strong></span> <span class='ocrx_word' id='word_1_662' title='bbox 1463 4437 1873 4502; x_wconf 76' lang='grc' dir='ltr'>Ἐπεϐίσασας,</span> 
     </span>
    </p>
   </div>
   <div class='ocr_carea' id='block_1_95' title="bbox 293 4525 1874 4594">
    <p class='ocr_par' dir='ltr' id='par_1_95' title="bbox 293 4525 1874 4594">
     <span class='ocr_line' id='line_1_95' title="bbox 293 4525 1874 4594; baseline 0.003 -16"><span class='ocrx_word' id='word_1_663' title='bbox 293 4525 402 4593; x_wconf 80' lang='grc' dir='ltr'><strong>γάρ</strong></span> <span class='ocrx_word' id='word_1_664' title='bbox 427 4541 614 4594; x_wconf 81' lang='grc' dir='ltr'>φησιν,</span> <span class='ocrx_word' id='word_1_665' title='bbox 659 4527 748 4590; x_wconf 81' lang='grc' dir='ltr'><strong>είς</strong></span> <span class='ocrx_word' id='word_1_666' title='bbox 787 4525 1108 4579; x_wconf 83' lang='grc' dir='ltr'>θάλασσαν</span> <span class='ocrx_word' id='word_1_667' title='bbox 1155 4526 1297 4592; x_wconf 84' lang='grc' dir='ltr'>τοὺς</span> <span class='ocrx_word' id='word_1_668' title='bbox 1326 4527 1551 4593; x_wconf 80' lang='grc' dir='ltr'>ἵππους</span> <span class='ocrx_word' id='word_1_669' title='bbox 1575 4543 1692 4582; x_wconf 90' lang='grc' dir='ltr'><strong>σου</strong></span> <span class='ocrx_word' id='word_1_670' title='bbox 1715 4569 1729 4592; x_wconf 93' lang='grc'><strong>,</strong></span> <span class='ocrx_word' id='word_1_671' title='bbox 1774 4545 1874 4582; x_wconf 88' lang='grc' dir='ltr'>τα-</span> 
     </span>
    </p>
   </div>
   <div class='ocr_carea' id='block_1_96' title="bbox 285 4613 1870 4691">
    <p class='ocr_par' dir='ltr' id='par_1_96' title="bbox 285 4613 1870 4691">
     <span class='ocr_line' id='line_1_96' title="bbox 285 4613 1870 4691; baseline 0.001 -21"><span class='ocrx_word' id='word_1_672' title='bbox 285 4613 640 4684; x_wconf 76' lang='grc' dir='ltr'>ράσσοντας</span> <span class='ocrx_word' id='word_1_673' title='bbox 668 4616 859 4671; x_wconf 82' lang='grc' dir='ltr'>ὕδατα</span> <span class='ocrx_word' id='word_1_674' title='bbox 887 4617 1106 4672; x_wconf 82' lang='grc' dir='ltr'>πολλά.</span> <span class='ocrx_word' id='word_1_675' title='bbox 1134 4619 1364 4682; x_wconf 86' lang='grc' dir='ltr'>Ἵππους</span> <span class='ocrx_word' id='word_1_676' title='bbox 1401 4618 1458 4671; x_wconf 78' lang='grc' dir='ltr'>δὲ</span> <span class='ocrx_word' id='word_1_677' title='bbox 1498 4618 1870 4691; x_wconf 83' lang='grc' dir='ltr'>προσηγόρευ-</span> 
     </span>
    </p>
   </div>
   <div class='ocr_carea' id='block_1_97' title="bbox 292 4706 1868 4780">
    <p class='ocr_par' dir='ltr' id='par_1_97' title="bbox 292 4706 1868 4780">
     <span class='ocr_line' id='line_1_97' title="bbox 292 4706 1868 4780; baseline 0.001 -18"><span class='ocrx_word' id='word_1_678' title='bbox 292 4721 384 4762; x_wconf 74' lang='grc' dir='ltr'><strong>σεν</strong></span> <span class='ocrx_word' id='word_1_679' title='bbox 412 4708 600 4778; x_wconf 82' lang='grc' dir='ltr'>ϐχημα</span> <span class='ocrx_word' id='word_1_680' title='bbox 642 4706 782 4760; x_wconf 82' lang='grc' dir='ltr'>θετον</span> <span class='ocrx_word' id='word_1_681' title='bbox 827 4708 1224 4778; x_wconf 80' lang='grc' dir='ltr'>γεγενημένους</span> <span class='ocrx_word' id='word_1_682' title='bbox 1266 4709 1391 4772; x_wconf 83' lang='grc' dir='ltr'>τοὺς</span> <span class='ocrx_word' id='word_1_683' title='bbox 1434 4710 1612 4780; x_wconf 80' lang='grc' dir='ltr'>ἱεροὺς</span> <span class='ocrx_word' id='word_1_684' title='bbox 1637 4710 1868 4763; x_wconf 80' lang='grc' dir='ltr'>ἀποστό-</span> 
     </span>
    </p>
   </div>
   <div class='ocr_carea' id='block_1_98' title="bbox 289 4796 1869 4869">
    <p class='ocr_par' dir='ltr' id='par_1_98' title="bbox 289 4796 1869 4869">
     <span class='ocr_line' id='line_1_98' title="bbox 289 4796 1869 4869; baseline 0.002 -20"><span class='ocrx_word' id='word_1_685' title='bbox 289 4796 414 4861; x_wconf 87' lang='grc' dir='ltr'>λους</span> <span class='ocrx_word' id='word_1_686' title='bbox 431 4811 446 4826; x_wconf 87' lang='grc'><strong>·</strong></span> <span class='ocrx_word' id='word_1_687' title='bbox 477 4798 564 4849; x_wconf 76' lang='grc' dir='ltr'><strong>ἐπ’</strong></span> <span class='ocrx_word' id='word_1_688' title='bbox 591 4797 769 4849; x_wconf 76' lang='grc' dir='ltr'>αὐτῶν</span> <span class='ocrx_word' id='word_1_689' title='bbox 789 4797 897 4867; x_wconf 90' lang='grc' dir='ltr'><strong>γάρ</strong></span> <span class='ocrx_word' id='word_1_690' title='bbox 915 4797 1204 4868; x_wconf 81' lang='grc' dir='ltr'>ὀχούμενος</span> <span class='ocrx_word' id='word_1_691' title='bbox 1234 4802 1262 4853; x_wconf 93' lang='lat'><strong>6</strong></span> <span class='ocrx_word' id='word_1_692' title='bbox 1279 4800 1575 4869; x_wconf 85' lang='grc' dir='ltr'>Δεσπότης,</span> <span class='ocrx_word' id='word_1_693' title='bbox 1605 4798 1672 4853; x_wconf 88' lang='grc' dir='ltr'><strong>τά</strong></span> <span class='ocrx_word' id='word_1_694' title='bbox 1700 4799 1869 4852; x_wconf 83' lang='grc' dir='ltr'>πολλά</span> 
     </span>
    </p>
   </div>
   <div class='ocr_carea' id='block_1_99' title="bbox 289 4882 1867 4961">
    <p class='ocr_par' dir='ltr' id='par_1_99' title="bbox 289 4882 1867 4961">
     <span class='ocr_line' id='line_1_99' title="bbox 289 4882 1867 4961; baseline 0.001 -22"><span class='ocrx_word' id='word_1_695' title='bbox 289 4885 384 4939; x_wconf 70' lang='grc' dir='ltr'><strong>καὶ</strong></span> <span class='ocrx_word' id='word_1_696' title='bbox 400 4885 649 4957; x_wconf 47' lang='grc' dir='ltr'>,διάφορα</span> <span class='ocrx_word' id='word_1_697' title='bbox 673 4887 769 4957; x_wconf 84' lang='grc' dir='ltr'><strong>τῆς</strong></span> <span class='ocrx_word' id='word_1_698' title='bbox 795 4887 1051 4951; x_wconf 87' lang='grc' dir='ltr'>ἀσεϐείας</span> <span class='ocrx_word' id='word_1_699' title='bbox 1083 4882 1323 4960; x_wconf 73' lang='grc' dir='ltr'>δόγματα</span> <span class='ocrx_word' id='word_1_700' title='bbox 1349 4889 1676 4944; x_wconf 81' lang='grc' dir='ltr'>διεσκέδασε.</span> <span class='ocrx_word' id='word_1_701' title='bbox 1725 4891 1867 4961; x_wconf 84' lang='grc' dir='ltr'><strong>Νοή-</strong></span> 
     </span>
    </p>
   </div>
   <div class='ocr_carea' id='block_1_100' title="bbox 288 4975 1865 5050">
    <p class='ocr_par' dir='ltr' id='par_1_100' title="bbox 288 4975 1865 5050">
     <span class='ocr_line' id='line_1_100' title="bbox 288 4975 1865 5050; baseline 0.004 -24"><span class='ocrx_word' id='word_1_702' title='bbox 288 4991 402 5048; x_wconf 74' lang='lat' dir='ltr'><strong>eet;</strong></span> <span class='ocrx_word' id='word_1_703' title='bbox 434 4975 494 5028; x_wconf 79' lang='grc' dir='ltr'>δὲ</span> <span class='ocrx_word' id='word_1_704' title='bbox 528 4978 624 5028; x_wconf 71' lang='grc' dir='ltr'>καὶ</span> <span class='ocrx_word' id='word_1_705' title='bbox 654 4976 828 5040; x_wconf 80' lang='grc' dir='ltr'>ἄλλως</span> <span class='ocrx_word' id='word_1_706' title='bbox 857 4977 957 5046; x_wconf 77' lang='grc' dir='ltr'>τὴν</span> <span class='ocrx_word' id='word_1_707' title='bbox 987 4977 1246 5048; x_wconf 75' lang='grc' dir='ltr'>σύγχυσιν</span> <span class='ocrx_word' id='word_1_708' title='bbox 1273 4979 1371 5050; x_wconf 83' lang='grc' dir='ltr'>τῆς</span> <span class='ocrx_word' id='word_1_709' title='bbox 1401 4978 1505 5049; x_wconf 79' lang='grc' dir='ltr'>γῆς</span> <span class='ocrx_word' id='word_1_710' title='bbox 1527 4979 1621 5032; x_wconf 75' lang='grc' dir='ltr'>καὶ</span> <span class='ocrx_word' id='word_1_711' title='bbox 1649 4978 1745 5050; x_wconf 78' lang='grc' dir='ltr'>τὴν</span> <span class='ocrx_word' id='word_1_712' title='bbox 1778 4997 1865 5033; x_wconf 86' lang='grc' dir='ltr'>τα-</span> 
     </span>
    </p>
   </div>
   <div class='ocr_carea' id='block_1_101' title="bbox 289 5065 1863 5138">
    <p class='ocr_par' dir='ltr' id='par_1_101' title="bbox 289 5065 1863 5138">
     <span class='ocr_line' id='line_1_101' title="bbox 289 5065 1863 5138; baseline 0.005 -22"><span class='ocrx_word' id='word_1_713' title='bbox 289 5066 464 5136; x_wconf 70' lang='grc' dir='ltr'>ραχὴν</span> <span class='ocrx_word' id='word_1_714' title='bbox 489 5066 684 5136; x_wconf 78' lang='grc' dir='ltr'>αὐτῆς,</span> <span class='ocrx_word' id='word_1_715' title='bbox 721 5065 932 5120; x_wconf 83' lang='grc' dir='ltr'>ἀκούων</span> <span class='ocrx_word' id='word_1_716' title='bbox 985 5066 1078 5120; x_wconf 79' lang='grc' dir='ltr'>τοῦ</span> <span class='ocrx_word' id='word_1_717' title='bbox 1119 5067 1368 5138; x_wconf 79' lang='grc' dir='ltr'>Σωτῆρος</span> <span class='ocrx_word' id='word_1_718' title='bbox 1410 5068 1688 5137; x_wconf 85' lang='grc' dir='ltr'>λέγοντος·</span> <span class='ocrx_word' id='word_1_719' title='bbox 1735 5069 1863 5136; x_wconf 85' lang='grc' dir='ltr'><strong>Πῦρ</strong></span> 
     </span>
    </p>
   </div>
   <div class='ocr_carea' id='block_1_102' title="bbox 288 5149 1862 5228">
    <p class='ocr_par' dir='ltr' id='par_1_102' title="bbox 288 5149 1862 5228">
     <span class='ocr_line' id='line_1_102' title="bbox 288 5149 1862 5228; baseline 0.003 -21"><span class='ocrx_word' id='word_1_720' title='bbox 288 5149 486 5222; x_wconf 82' lang='grc' dir='ltr'>ἦλθον</span> <span class='ocrx_word' id='word_1_721' title='bbox 502 5155 721 5218; x_wconf 82' lang='grc' dir='ltr'>,ϐαλεῖν</span> <span class='ocrx_word' id='word_1_722' title='bbox 768 5156 867 5210; x_wconf 72' lang='grc' dir='ltr'><strong>ἐπὶ</strong></span> <span class='ocrx_word' id='word_1_723' title='bbox 909 5156 1026 5224; x_wconf 74' lang='grc' dir='ltr'>τὴν</span> <span class='ocrx_word' id='word_1_724' title='bbox 1051 5155 1169 5226; x_wconf 80' lang='grc' dir='ltr'>γῆν</span> <span class='ocrx_word' id='word_1_725' title='bbox 1189 5174 1202 5187; x_wconf 76' lang='grc' dir='ltr'><strong><em>ο</em></strong></span> <span class='ocrx_word' id='word_1_726' title='bbox 1235 5159 1334 5211; x_wconf 84' lang='grc' dir='ltr'><strong>καί</strong></span> <span class='ocrx_word' id='word_1_727' title='bbox 1373 5161 1431 5212; x_wconf 89' lang='grc' dir='ltr'><strong>τί</strong></span> <span class='ocrx_word' id='word_1_728' title='bbox 1458 5159 1611 5215; x_wconf 84' lang='grc' dir='ltr'>θέλω</span> <span class='ocrx_word' id='word_1_729' title='bbox 1639 5164 1692 5214; x_wconf 78' lang='grc' dir='ltr'><strong>εἰ</strong></span> <span class='ocrx_word' id='word_1_730' title='bbox 1747 5159 1862 5228; x_wconf 77' lang='grc' dir='ltr'>ἤδη</span> 
     </span>
    </p>
   </div>
   <div class='ocr_carea' id='block_1_103' title="bbox 286 5243 1865 5322">
    <p class='ocr_par' dir='ltr' id='par_1_103' title="bbox 286 5243 1865 5322">
     <span class='ocr_line' id='line_1_103' title="bbox 286 5243 1865 5322; baseline 0.004 -24"><span class='ocrx_word' id='word_1_731' title='bbox 286 5243 569 5315; x_wconf 53' lang='lat' dir='ltr'><strong>(irrigari;</strong></span> <span class='ocrx_word' id='word_1_732' title='bbox 600 5247 693 5299; x_wconf 75' lang='grc' dir='ltr'>καὶ</span> <span class='ocrx_word' id='word_1_733' title='bbox 722 5247 881 5300; x_wconf 87' lang='grc' dir='ltr'>πάλιν</span> <span class='ocrx_word' id='word_1_734' title='bbox 905 5265 918 5278; x_wconf 88' lang='grc'><strong>·</strong></span> <span class='ocrx_word' id='word_1_735' title='bbox 948 5247 1046 5315; x_wconf 80' lang='grc' dir='ltr'><strong>Μὴ</strong></span> <span class='ocrx_word' id='word_1_736' title='bbox 1072 5249 1378 5321; x_wconf 77' lang='grc' dir='ltr'>νομίσητε,</span> <span class='ocrx_word' id='word_1_737' title='bbox 1408 5251 1495 5304; x_wconf 85' lang='grc' dir='ltr'>ὅτι</span> <span class='ocrx_word' id='word_1_738' title='bbox 1523 5248 1712 5322; x_wconf 77' lang='grc' dir='ltr'>ἦλθον</span> <span class='ocrx_word' id='word_1_739' title='bbox 1751 5252 1865 5316; x_wconf 83' lang='grc' dir='ltr'>,ϐα-</span> 
     </span>
    </p>
   </div>
   <div class='ocr_carea' id='block_1_104' title="bbox 285 5331 1868 5409">
    <p class='ocr_par' dir='ltr' id='par_1_104' title="bbox 285 5331 1868 5409">
     <span class='ocr_line' id='line_1_104' title="bbox 285 5331 1868 5409; baseline 0.007 -24"><span class='ocrx_word' id='word_1_740' title='bbox 285 5332 422 5386; x_wconf 76' lang='grc' dir='ltr'>λεῖν</span> <span class='ocrx_word' id='word_1_741' title='bbox 458 5331 708 5402; x_wconf 81' lang='grc' dir='ltr'>εἰρήνην</span> <span class='ocrx_word' id='word_1_742' title='bbox 738 5336 836 5389; x_wconf 80' lang='grc' dir='ltr'><strong>ἐπὶ</strong></span> <span class='ocrx_word' id='word_1_743' title='bbox 863 5336 977 5406; x_wconf 84' lang='grc' dir='ltr'>τὴν</span> <span class='ocrx_word' id='word_1_744' title='bbox 997 5335 1146 5409; x_wconf 55' lang='grc' dir='ltr'><strong>γῆν</strong></span> <span class='ocrx_word' id='word_1_745' title='bbox 1180 5341 1292 5393; x_wconf 83' lang='grc' dir='ltr'>οὐκ</span> <span class='ocrx_word' id='word_1_746' title='bbox 1315 5335 1503 5409; x_wconf 72' lang='grc' dir='ltr'>ἦλθον</span> <span class='ocrx_word' id='word_1_747' title='bbox 1545 5341 1759 5406; x_wconf 78' lang='grc' dir='ltr'>βαλεῖν</span> <span class='ocrx_word' id='word_1_748' title='bbox 1787 5343 1868 5396; x_wconf 53' lang='lat' dir='ltr'><strong>sla</strong></span> 
     </span>
    </p>
   </div>
   <div class='ocr_carea' id='block_1_105' title="bbox 1987 4429 3562 4507">
    <p class='ocr_par' dir='ltr' id='par_1_105' title="bbox 1987 4429 3562 4507">
     <span class='ocr_line' id='line_1_105' title="bbox 1987 4429 3562 4507; baseline -0.009 -11"><span class='ocrx_word' id='word_1_749' title='bbox 1987 4454 2127 4506; x_wconf 85' lang='lat' dir='ltr'><strong>tuos,</strong></span> <span class='ocrx_word' id='word_1_750' title='bbox 2162 4441 2431 4494; x_wconf 82' lang='lat' dir='ltr'><strong>turbantes</strong></span> <span class='ocrx_word' id='word_1_751' title='bbox 2480 4455 2644 4507; x_wconf 88' lang='lat' dir='ltr'><strong>aquas</strong></span> <span class='ocrx_word' id='word_1_752' title='bbox 2697 4436 2892 4490; x_wconf 88' lang='lat' dir='ltr'><strong>multas</strong></span> <span class='ocrx_word' id='word_1_753' title='bbox 2913 4435 2980 4486; x_wconf 82' lang='grc'><strong>⁸⁸.</strong></span> <span class='ocrx_word' id='word_1_754' title='bbox 3036 4432 3215 4500; x_wconf 88' lang='lat' dir='ltr'><strong>Equos</strong></span> <span class='ocrx_word' id='word_1_755' title='bbox 3253 4444 3383 4485; x_wconf 88' lang='lat' dir='ltr'><strong>vero</strong></span> <span class='ocrx_word' id='word_1_756' title='bbox 3425 4429 3562 4483; x_wconf 80' lang='lat' dir='ltr'><strong>dixit</strong></span> 
     </span>
    </p>
   </div>
   <div class='ocr_carea' id='block_1_106' title="bbox 1984 4518 3560 4602">
    <p class='ocr_par' dir='ltr' id='par_1_106' title="bbox 1984 4518 3560 4602">
     <span class='ocr_line' id='line_1_106' title="bbox 1984 4518 3560 4602; baseline -0.01 -12"><span class='ocrx_word' id='word_1_757' title='bbox 1984 4549 2172 4591; x_wconf 82' lang='lat' dir='ltr'><strong>sacros</strong></span> <span class='ocrx_word' id='word_1_758' title='bbox 2226 4530 2521 4602; x_wconf 90' lang='lat' dir='ltr'><strong>apostolos,</strong></span> <span class='ocrx_word' id='word_1_759' title='bbox 2574 4527 2667 4598; x_wconf 91' lang='lat' dir='ltr'><strong>qui</strong></span> <span class='ocrx_word' id='word_1_760' title='bbox 2728 4525 3042 4581; x_wconf 83' lang='lat' dir='ltr'><strong>vehiculum</strong></span> <span class='ocrx_word' id='word_1_761' title='bbox 3095 4522 3339 4577; x_wconf 86' lang='lat' dir='ltr'><strong>divinum</strong></span> <span class='ocrx_word' id='word_1_762' title='bbox 3382 4518 3560 4576; x_wconf 77' lang='lat' dir='ltr'><strong>eil‘ccti</strong></span> 
     </span>
    </p>
   </div>
   <div class='ocr_carea' id='block_1_107' title="bbox 1984 4613 3563 4692">
    <p class='ocr_par' dir='ltr' id='par_1_107' title="bbox 1984 4613 3563 4692">
     <span class='ocr_line' id='line_1_107' title="bbox 1984 4613 3563 4692; baseline -0.009 -9"><span class='ocrx_word' id='word_1_763' title='bbox 1984 4634 2112 4683; x_wconf 92' lang='lat' dir='ltr'><strong>sunt</strong></span> <span class='ocrx_word' id='word_1_764' title='bbox 2149 4643 2161 4679; x_wconf 89' lang='lat'><strong>:</strong></span> <span class='ocrx_word' id='word_1_765' title='bbox 2202 4623 2286 4678; x_wconf 90' lang='lat' dir='ltr'><strong>his</strong></span> <span class='ocrx_word' id='word_1_766' title='bbox 2325 4621 2524 4692; x_wconf 89' lang='lat' dir='ltr'><strong>quippe</strong></span> <span class='ocrx_word' id='word_1_767' title='bbox 2563 4625 2754 4673; x_wconf 89' lang='lat' dir='ltr'><strong>vectus</strong></span> <span class='ocrx_word' id='word_1_768' title='bbox 2789 4615 3054 4670; x_wconf 87' lang='lat' dir='ltr'><strong>Dominus</strong></span> <span class='ocrx_word' id='word_1_769' title='bbox 3089 4613 3259 4668; x_wconf 88' lang='lat' dir='ltr'><strong>multa</strong></span> <span class='ocrx_word' id='word_1_770' title='bbox 3300 4615 3563 4683; x_wconf 83' lang='lat' dir='ltr'><strong>variaque</strong></span> 
     </span>
    </p>
   </div>
   <div class='ocr_carea' id='block_1_108' title="bbox 1984 4703 3560 4790">
    <p class='ocr_par' dir='ltr' id='par_1_108' title="bbox 1984 4703 3560 4790">
     <span class='ocr_line' id='line_1_108' title="bbox 1984 4703 3560 4790; baseline -0.008 -19"><span class='ocrx_word' id='word_1_771' title='bbox 1984 4714 2279 4790; x_wconf 83' lang='lat' dir='ltr'><strong>impietatis</strong></span> <span class='ocrx_word' id='word_1_772' title='bbox 2322 4712 2575 4782; x_wconf 78' lang='lat' dir='ltr'><strong>dogmata</strong></span> <span class='ocrx_word' id='word_1_773' title='bbox 2626 4707 2934 4778; x_wconf 87' lang='lat' dir='ltr'><strong>dissipavit.</strong></span> <span class='ocrx_word' id='word_1_774' title='bbox 2966 4705 3089 4766; x_wconf 79' lang='lat' dir='ltr'><strong>Alio</strong></span> <span class='ocrx_word' id='word_1_775' title='bbox 3135 4719 3350 4776; x_wconf 89' lang='lat' dir='ltr'><strong>quoque</strong></span> <span class='ocrx_word' id='word_1_776' title='bbox 3395 4703 3560 4758; x_wconf 83' lang='lat' dir='ltr'><strong>modo</strong></span> 
     </span>
    </p>
   </div>
   <div class='ocr_carea' id='block_1_109' title="bbox 1982 4798 3560 4871">
    <p class='ocr_par' dir='ltr' id='par_1_109' title="bbox 1982 4798 3560 4871">
     <span class='ocr_line' id='line_1_109' title="bbox 1982 4798 3560 4871; baseline -0.004 -10"><span class='ocrx_word' id='word_1_777' title='bbox 1982 4816 2144 4862; x_wconf 72' lang='lat' dir='ltr'><strong>terra:</strong></span> <span class='ocrx_word' id='word_1_778' title='bbox 2168 4804 2545 4861; x_wconf 86' lang='lat' dir='ltr'><strong>confusionem</strong></span> <span class='ocrx_word' id='word_1_779' title='bbox 2576 4817 2639 4856; x_wconf 86' lang='lat' dir='ltr'><strong>ac</strong></span> <span class='ocrx_word' id='word_1_780' title='bbox 2671 4799 3142 4871; x_wconf 76' lang='lat' dir='ltr'><strong>perturbatibnem</strong></span> <span class='ocrx_word' id='word_1_781' title='bbox 3170 4798 3476 4864; x_wconf 71' lang='lat' dir='ltr'><strong>intelligas,</strong></span> <span class='ocrx_word' id='word_1_782' title='bbox 3509 4799 3560 4854; x_wconf 84' lang='lat' dir='ltr'><strong>si</strong></span> 
     </span>
    </p>
   </div>
   <div class='ocr_carea' id='block_1_110' title="bbox 1986 4891 3559 4962">
    <p class='ocr_par' dir='ltr' id='par_1_110' title="bbox 1986 4891 3559 4962">
     <span class='ocr_line' id='line_1_110' title="bbox 1986 4891 3559 4962; baseline -0.007 -8"><span class='ocrx_word' id='word_1_783' title='bbox 1986 4899 2325 4955; x_wconf 83' lang='lat' dir='ltr'><strong>Salvatorem</strong></span> <span class='ocrx_word' id='word_1_784' title='bbox 2355 4895 2546 4950; x_wconf 85' lang='lat' dir='ltr'><strong>audias</strong></span> <span class='ocrx_word' id='word_1_785' title='bbox 2577 4894 2690 4948; x_wconf 67' lang='lat' dir='ltr'><strong>haec</strong></span> <span class='ocrx_word' id='word_1_786' title='bbox 2715 4894 2987 4948; x_wconf 88' lang='lat' dir='ltr'><strong>dicentem</strong></span> <span class='ocrx_word' id='word_1_787' title='bbox 3025 4911 3038 4947; x_wconf 90' lang='lat'><strong>:</strong></span> <span class='ocrx_word' id='word_1_788' title='bbox 3080 4892 3262 4962; x_wconf 84' lang='lat' dir='ltr'><strong>Ignem</strong></span> <span class='ocrx_word' id='word_1_789' title='bbox 3294 4893 3407 4947; x_wconf 71' lang='lat' dir='ltr'><strong>ueni</strong></span> <span class='ocrx_word' id='word_1_790' title='bbox 3435 4891 3559 4944; x_wconf 84' lang='lat' dir='ltr'><strong>mit-</strong></span> 
     </span>
    </p>
   </div>
   <div class='ocr_carea' id='block_1_111' title="bbox 1977 4980 3562 5054">
    <p class='ocr_par' dir='ltr' id='par_1_111' title="bbox 1977 4980 3562 5054">
     <span class='ocr_line' id='line_1_111' title="bbox 1977 4980 3562 5054; baseline -0.009 -7"><span class='ocrx_word' id='word_1_791' title='bbox 1977 5004 2082 5048; x_wconf 88' lang='lat' dir='ltr'><strong>tere</strong></span> <span class='ocrx_word' id='word_1_792' title='bbox 2115 4991 2169 5044; x_wconf 89' lang='lat' dir='ltr'><strong>in</strong></span> <span class='ocrx_word' id='word_1_793' title='bbox 2200 4997 2425 5049; x_wconf 87' lang='lat' dir='ltr'><strong>terram;</strong></span> <span class='ocrx_word' id='word_1_794' title='bbox 2470 4993 2518 5038; x_wconf 84' lang='lat' dir='ltr'><strong>et</strong></span> <span class='ocrx_word' id='word_1_795' title='bbox 2568 4983 2691 5054; x_wconf 85' lang='lat' dir='ltr'><strong>quid</strong></span> <span class='ocrx_word' id='word_1_796' title='bbox 2742 4982 2856 5038; x_wconf 81' lang='lat' dir='ltr'><strong>volo</strong></span> <span class='ocrx_word' id='word_1_797' title='bbox 2883 4984 2929 5037; x_wconf 86' lang='lat' dir='ltr'><strong>si</strong></span> <span class='ocrx_word' id='word_1_798' title='bbox 2952 4983 3071 5053; x_wconf 87' lang='lat' dir='ltr'><strong>jam</strong></span> <span class='ocrx_word' id='word_1_799' title='bbox 3102 4999 3351 5036; x_wconf 85' lang='lat' dir='ltr'><strong>accensus</strong></span> <span class='ocrx_word' id='word_1_800' title='bbox 3381 4980 3562 5036; x_wconf 70' lang='lat' dir='ltr'><strong>est&quot;?</strong></span> 
     </span>
    </p>
   </div>
   <div class='ocr_carea' id='block_1_112' title="bbox 1971 5071 3557 5145">
    <p class='ocr_par' dir='ltr' id='par_1_112' title="bbox 1971 5071 3557 5145">
     <span class='ocr_line' id='line_1_112' title="bbox 1971 5071 3557 5145; baseline -0.011 -6"><span class='ocrx_word' id='word_1_801' title='bbox 1971 5084 2037 5138; x_wconf 87' lang='lat' dir='ltr'><strong>Et</strong></span> <span class='ocrx_word' id='word_1_802' title='bbox 2070 5094 2288 5136; x_wconf 85' lang='lat' dir='ltr'><strong>rursum</strong></span> <span class='ocrx_word' id='word_1_803' title='bbox 2323 5097 2336 5132; x_wconf 88' lang='lat'>:</span> <span class='ocrx_word' id='word_1_804' title='bbox 2368 5075 2546 5132; x_wconf 82' lang='lat' dir='ltr'><strong>Nolite</strong></span> <span class='ocrx_word' id='word_1_805' title='bbox 2567 5084 2756 5145; x_wconf 87' lang='lat' dir='ltr'><strong>putare</strong></span> <span class='ocrx_word' id='word_1_806' title='bbox 2784 5074 2947 5144; x_wconf 66' lang='lat' dir='ltr'><strong>&#39;quod</strong></span> <span class='ocrx_word' id='word_1_807' title='bbox 2977 5075 3199 5129; x_wconf 82' lang='lat' dir='ltr'><strong>venerim</strong></span> <span class='ocrx_word' id='word_1_808' title='bbox 3223 5089 3402 5142; x_wconf 86' lang='lat' dir='ltr'><strong>pacem</strong></span> <span class='ocrx_word' id='word_1_809' title='bbox 3433 5071 3557 5124; x_wconf 88' lang='lat' dir='ltr'><strong>mit-</strong></span> 
     </span>
    </p>
   </div>
   <div class='ocr_carea' id='block_1_113' title="bbox 1971 5159 3558 5238">
    <p class='ocr_par' dir='ltr' id='par_1_113' title="bbox 1971 5159 3558 5238">
     <span class='ocr_line' id='line_1_113' title="bbox 1971 5159 3558 5238; baseline -0.011 -9"><span class='ocrx_word' id='word_1_810' title='bbox 1971 5184 2078 5229; x_wconf 87' lang='lat' dir='ltr'><strong>tere</strong></span> <span class='ocrx_word' id='word_1_811' title='bbox 2135 5186 2287 5238; x_wconf 87' lang='lat' dir='ltr'><strong>super</strong></span> <span class='ocrx_word' id='word_1_812' title='bbox 2337 5178 2533 5222; x_wconf 88' lang='lat' dir='ltr'><strong>terram</strong></span> <span class='ocrx_word' id='word_1_813' title='bbox 2577 5183 2595 5220; x_wconf 90' lang='lat'><strong><em>:</em></strong></span> <span class='ocrx_word' id='word_1_814' title='bbox 2647 5183 2750 5221; x_wconf 85' lang='lat' dir='ltr'><strong>non</strong></span> <span class='ocrx_word' id='word_1_815' title='bbox 2815 5168 2930 5221; x_wconf 82' lang='lat' dir='ltr'><strong>veni</strong></span> <span class='ocrx_word' id='word_1_816' title='bbox 2975 5184 3155 5238; x_wconf 74' lang='lat' dir='ltr'><strong>parem</strong></span> <span class='ocrx_word' id='word_1_817' title='bbox 3202 5167 3420 5224; x_wconf 85' lang='lat' dir='ltr'><strong>mittere,</strong></span> <span class='ocrx_word' id='word_1_818' title='bbox 3462 5159 3558 5214; x_wconf 67' lang='lat' dir='ltr'><strong>sed</strong></span> 
     </span>
    </p>
   </div>
   <div class='ocr_carea' id='block_1_114' title="bbox 1937 5260 3551 5338">
    <p class='ocr_par' dir='ltr' id='par_1_114' title="bbox 1937 5260 3551 5338">
     <span class='ocr_line' id='line_1_114' title="bbox 1937 5260 3551 5338; baseline -0.004 -19"><span class='ocrx_word' id='word_1_819' title='bbox 1937 5265 2229 5338; x_wconf 67' lang='lat' dir='ltr'><strong>~gladium.</strong></span> <span class='ocrx_word' id='word_1_820' title='bbox 2275 5262 2402 5316; x_wconf 82' lang='lat' dir='ltr'><strong>Veni</strong></span> <span class='ocrx_word' id='word_1_821' title='bbox 2445 5261 2584 5314; x_wconf 86' lang='lat' dir='ltr'><strong>enim</strong></span> <span class='ocrx_word' id='word_1_822' title='bbox 2638 5275 2886 5328; x_wconf 89' lang='lat' dir='ltr'><strong>separare</strong></span> <span class='ocrx_word' id='word_1_823' title='bbox 2933 5260 3194 5315; x_wconf 80' lang='lat' dir='ltr'><strong>hominem</strong></span> <span class='ocrx_word' id='word_1_824' title='bbox 3240 5274 3270 5309; x_wconf 90' lang='lat' dir='ltr'><strong>a</strong></span> <span class='ocrx_word' id='word_1_825' title='bbox 3302 5262 3468 5324; x_wconf 77' lang='lat' dir='ltr'><strong>patre.</strong></span> <span class='ocrx_word' id='word_1_826' title='bbox 3498 5260 3551 5305; x_wconf 73' lang='grc' dir='ltr'>σε</span> 
     </span>
    </p>
   </div>
   <div class='ocr_carea' id='block_1_115' title="bbox 1973 5340 3552 5430">
    <p class='ocr_par' dir='ltr' id='par_1_115' title="bbox 1973 5340 3552 5430">
     <span class='ocr_line' id='line_1_115' title="bbox 1973 5340 3552 5430; baseline -0.006 -22"><span class='ocrx_word' id='word_1_827' title='bbox 1973 5355 2142 5423; x_wconf 82' lang='lat' dir='ltr'><strong>ﬁliam</strong></span> <span class='ocrx_word' id='word_1_828' title='bbox 2171 5369 2203 5405; x_wconf 92' lang='lat' dir='ltr'><strong>a</strong></span> <span class='ocrx_word' id='word_1_829' title='bbox 2227 5360 2414 5413; x_wconf 88' lang='lat' dir='ltr'><strong>matre,</strong></span> <span class='ocrx_word' id='word_1_830' title='bbox 2447 5361 2494 5405; x_wconf 87' lang='lat' dir='ltr'><strong>et</strong></span> <span class='ocrx_word' id='word_1_831' title='bbox 2524 5367 2716 5404; x_wconf 87' lang='lat' dir='ltr'><strong>nurum</strong></span> <span class='ocrx_word' id='word_1_832' title='bbox 2744 5368 2776 5430; x_wconf 70' lang='grc' dir='ltr'><strong>α</strong></span> <span class='ocrx_word' id='word_1_833' title='bbox 2811 5366 2988 5417; x_wconf 86' lang='lat' dir='ltr'><strong>socru,</strong></span> <span class='ocrx_word' id='word_1_834' title='bbox 3019 5358 3066 5403; x_wconf 84' lang='lat' dir='ltr'><strong>et</strong></span> <span class='ocrx_word' id='word_1_835' title='bbox 3098 5344 3294 5409; x_wconf 72' lang='lat' dir='ltr'><strong>:‘nimtri</strong></span> <span class='ocrx_word' id='word_1_836' title='bbox 3323 5340 3552 5398; x_wconf 68' lang='lat' dir='ltr'><strong>hominis.</strong></span> 
     </span>
    </p>
   </div>
   <div class='ocr_carea' id='block_1_116' title="bbox 355 5491 1885 5573">
    <p class='ocr_par' dir='ltr' id='par_1_116' title="bbox 355 5491 1882 5564">
     <span class='ocr_line' id='line_1_116' title="bbox 355 5491 1882 5564; baseline 0.01 -19"><span class='ocrx_word' id='word_1_837' title='bbox 355 5493 400 5524; x_wconf 79' lang='lat'>&quot;</span> <span class='ocrx_word' id='word_1_838' title='bbox 441 5491 641 5564; x_wconf 87' lang='lat' dir='ltr'><strong>Philip.</strong></span> <span class='ocrx_word' id='word_1_839' title='bbox 675 5510 748 5558; x_wconf 84' lang='grc' dir='ltr'><strong>ιι,</strong></span> <span class='ocrx_word' id='word_1_840' title='bbox 788 5495 871 5551; x_wconf 80' lang='lat' dir='ltr'><strong>io.</strong></span> <span class='ocrx_word' id='word_1_841' title='bbox 945 5496 991 5530; x_wconf 81' lang='grc'><strong>⁸⁸</strong></span> <span class='ocrx_word' id='word_1_842' title='bbox 1028 5497 1148 5554; x_wconf 80' lang='lat' dir='ltr'><strong>Act.</strong></span> <span class='ocrx_word' id='word_1_843' title='bbox 1182 5516 1330 5558; x_wconf 74' lang='lat' dir='ltr'><strong>xrvn</strong></span> <span class='ocrx_word' id='word_1_844' title='bbox 1413 5503 1445 5556; x_wconf 72' lang='grc' dir='ltr'><strong>ὅ</strong></span> <span class='ocrx_word' id='word_1_845' title='bbox 1513 5504 1585 5564; x_wconf 58' lang='grc'><strong>,⁸⁸</strong></span> <span class='ocrx_word' id='word_1_846' title='bbox 1629 5503 1829 5560; x_wconf 74' lang='lat' dir='ltr'><strong>ilabac.</strong></span> <span class='ocrx_word' id='word_1_847' title='bbox 1867 5521 1882 5560; x_wconf 94' lang='grc' dir='ltr'><strong>ι</strong></span> 
     </span>
    </p>
   </div>
   <div class='ocr_carea' id='block_1_117' title="bbox 1991 5491 2664 5573">
    <p class='ocr_par' dir='ltr' id='par_1_117' title="bbox 2003 5491 2664 5573">
     <span class='ocr_line' id='line_1_117' title="bbox 2003 5491 2664 5573; baseline 0.008 -12"><span class='ocrx_word' id='word_1_848' title='bbox 2003 5507 2091 5564; x_wconf 77' lang='lat'><strong>1&#39;5.</strong></span> <span class='ocrx_word' id='word_1_849' title='bbox 2167 5509 2210 5539; x_wconf 81' lang='lat'><strong>’°</strong></span> <span class='ocrx_word' id='word_1_850' title='bbox 2250 5506 2382 5563; x_wconf 86' lang='lat' dir='ltr'><strong>Luc.</strong></span> <span class='ocrx_word' id='word_1_851' title='bbox 2416 5523 2526 5573; x_wconf 80' lang='lat' dir='ltr'><strong>xu,</strong></span> <span class='ocrx_word' id='word_1_852' title='bbox 2565 5491 2664 5567; x_wconf 37' lang='lat' dir='ltr'><strong>i9;</strong></span> 
     </span>
    </p>
   </div>
   <div class='ocr_carea' id='block_1_118' title="bbox 351 5605 662 5675">
    <p class='ocr_par' dir='ltr' id='par_1_118' title="bbox 351 5605 662 5675">
     <span class='ocr_line' id='line_1_118' title="bbox 351 5605 662 5675; baseline 0.006 -18"><span class='ocrx_word' id='word_1_853' title='bbox 351 5606 403 5675; x_wconf 84' lang='lat' dir='ltr'><strong>_(l</strong></span> <span class='ocrx_word' id='word_1_854' title='bbox 417 5614 433 5674; x_wconf 85' lang='lat'><strong><em>)</em></strong></span> <span class='ocrx_word' id='word_1_855' title='bbox 448 5605 662 5674; x_wconf 67' lang='grc' dir='ltr'><strong>’(ιρέων.</strong></span> 
     </span>
    </p>
   </div>
  </div>
