4024 6202
556 323 659 382 ιὶιι
1271 317 1541 377 EUSEBII
1576 316 2058 374 CESARIENSIS
2093 318 2244 376 OPP.
2289 318 2469 411 PARS
2503 319 2598 382 Ill.
2639 349 2712 362 —
2746 320 3157 380 EXEGETICA.
3701 327 3818 383 ιιι

559 433 684 488 Non
705 433 851 487 ultra
888 432 1158 487 vocabitur
1188 449 1372 487 nomen
1389 442 1536 487 tuum
1583 431 1776 500 Iacob,
1835 433 1926 489 sed
1961 433 2092 489 Israc

2195 469 2208 502 ι
2235 436 2364 506 γὰρ,
2388 437 2573 507 φησὶν,
2605 437 2888 510 ἄνθρωπος
2909 441 3027 511 μετ’
3053 440 3239 509 αὐτοῦ,
3263 442 3323 506 ὃς
3345 438 3609 526 καὶ-εἷπεν
3636 445 3808 516 αὐτῷ’

547 526 650 580 crit
675 540 857 578 nomen
881 532 1051 588 tum,
1079 526 1206 595 quia
1233 525 1562 594 prcunluisti
1609 543 1728 580 cum
1762 525 1891 582 Deo.
1917 525 1989 580 Et
2020 545 2092 622 sui

2240 529 2359 579 οὐκ
2388 527 2476 580 ἐτι
2501 528 2874 596 «κληθήσεται
2902 531 2968 584 τὸ
2997 531 3186 601 ὄνομά
3221 528 3338 588 σου
3391 525 3589 589 Ἰακὼϐ
3604 574 3621 598 .
3665 536 3811 622 ἀλλ’

548 609 865 692 gens’Jacob
905 614 1103 667 vocavit
1150 630 1334 668 nomen
1378 613 1478 668 loci
1514 614 1684 678 illius.
1721 613 1954 683 Speciem
2016 615 2092 670 De

2247 615 2481 685 Ἰσραὴλ
2502 617 2674 672 ἔσται
2699 620 2768 705 τά
2799 621 2984 690 δνομὰ
3003 638 3119 676 σου
3143 639 3156 652 '
3185 623 3274 676 ὅτι
3301 624 3636 693 ἐνίσχυσας
3657 619 3810 694 μετὰ

473 741 480 748 .
547 683 725 757 dicens
761 720 780 757 :
823 703 943 757 Vidi
961 705 1098 758 enim
1155 706 1443 759 Dominum
1472 705 1612 774 facie
1638 705 1708 758 ad
1733 706 1924 775 faciem
1947 707 2015 761 ν’.
2045 705 2092 762 8

2234 683 2400 762 Θεοῦ.
2436 710 2544 762 Καὶ
2570 694 2842 777 ἀναστὰς
2885 683 3084 766 ’ίακὼῖ
3111 713 3366 770 ἐκάλεσε
3390 683 3676 785 uibrant;
3698 716 3809 771 τοῦ

547 792 767 861 quidem
801 793 890 847 hic
931 792 1049 864 ipse
1079 803 1164 850 est
1195 796 1287 866 qui
1325 794 1430 850 sub
1463 795 1644 864 specie
1670 795 1910 849 hominis
1929 793 2092 852 Jacob

2229 800 2416 863 τόπου
2461 799 2722 865 ἐκείνου,
2757 799 2933 868 Εἶδος
2993 804 3161 869 Θεοῦ,
3210 802 3424 858 είπώνο
3480 803 3657 862 Εἶδον
3693 807 3809 877 γὰρ

546 884 818 953 apparuit.
851 883 1166 955 lpseautem
1193 894 1276 941 est
1307 886 1561 939 Dominus
1583 886 1832 938 virtutum
1851 885 2092 939 nobiscum

2233 889 2379 942 Θεὸν
2409 895 2732 975 πρόσωπον
2760 892 2909 960 πρὸς
2929 895 3271 979 πρόσωπον.
3305 889 3473 961 Οὗτος
3503 897 3614 970 γὰρ
3643 898 3808 962 αὐτὸς

543 980 598 1025 et
631 973 746 1041 ipse
775 980 858 1026 est
912 984 1183 1042 susceptor
1227 975 1585 1033 noster,’Deus
1617 971 1806 1027 Iacob.
1849 972 1954 1029 Per
1998 991 2092 1032 eun

2230 980 2436 1046 ἐκεῖνος
2475 983 2504 1034 ὁ
2532 971 2589 1035 ἓν
2624 983 2920 1055 ,ἀνθρώπου
2954 971 3190 1058 σχήματι
3220 977 3296 1058 τῷ
3353 987 3548 1042 Ἰακὼϐ
3591 990 3804 1058 φανείς.

544 1065 688 1118 enim
713 1078 879 1132 supra
908 1073 1208 1118 memorata
1236 1065 1419 1117 omnia
1448 1072 1593 1119 recte
1615 1065 1908 1135 gessimus.

2227 1070 2399 1134 Αὐτὸς
2437 1071 2494 1124 δέ
2522 1074 2669 1127 ἐστιν
2717 1077 2749 1128 ό
2800 1076 3016 1143 Κύριος
3068 1075 3188 1130 τῶν
3235 1076 3544 1148 δυνάμεων
3590 1082 3625 1133 ὀ
3671 1081 3805 1148 μεθ’

542 1155 734 1226 ἡμῶν,
773 1158 868 1210 καὶ
897 1157 1058 1222 αὐτός
1121 1159 1267 1211 ἐστιν
1299 1157 1674 1226 ἀηιλήπτωρ
1725 1159 1897 1228 ἡμῶν
1939 1164 1972 1215 ό
1994 1161 2161 1231 ⁸Θεὸς
2211 1163 2422 1222 Ἰακώϐ.
2477 1167 2553 1218 Δι’
2616 1166 2780 1220 αὐτοῦ
2811 1169 2916 1239 γὰρ
2981 1169 3047 1223 τὰ
3106 1173 3570 1244 προγεγραμμένα
3625 1175 3806 1230 πάντα

541 1249 1003 1320 κατωρθώσαμεν.
1429 1315 1435 1320 ,
1885 1290 1891 1294 -
2082 1261 2086 1269 ’
3573 1265 3576 1267 λ

614 1337 778 1395 Vsus.
811 1342 864 1403 9,
903 1341 991 1395 10.
1039 1341 1218 1396 Venite
1253 1353 1301 1398 et
1352 1344 1518 1399 videte
1545 1360 1701 1413 opera
1734 1346 1974 1411 Domini,
2001 1365 2092 1418 qua

2293 1343 2471 1400 Δεῦτε
2501 1348 2601 1401 καὶ
2641 1347 2797 1403 τδετε
2832 1347 2905 1402 τὰ
2937 1351 3082 1419 ἔργα
3105 1351 3212 1404 τοῦ
3261 1354 3481 1420 Κυρίου
3509 1394 3523 1417 ,
3563 1354 3601 1408 ά
3632 1357 3803 1413 ἔθετο

537 1432 709 1484 posuit
755 1431 1000 1502 prodigia
1038 1449 1193 1501 super
1247 1443 1464 1502 terram,
1494 1436 1767 1504 'auferens
1789 1437 1927 1492 bella
1961 1455 2089 1508 usqu

2221 1433 2434 1502 τέρατα
2466 1436 2564 1488 ἐπὶ
2587 1435 2695 1505 τῆς
2727 1436 2861 1506 γῆς,
2907 1438 3280 1506 ἀνταναιρῶν
3301 1443 3603 1510 πολέμους
3619 1445 3801 1514 μέχρι

537 1520 608 1583 ad
640 1523 770 1590 ﬁnes
793 1530 966 1576 terrm.
992 1523 1184 1577 Arcum
1215 1534 1442 1580 conteret
1485 1535 1531 1579 et
1561 1526 1852 1596 confringet
1889 1545 2040 1582 arma
2067 1545 2092 1583 e

2218 1523 2337 1577 τῶν
2366 1525 2634 1594 περάτων
2655 1527 2765 1595 τῆς
2783 1527 2916 1597 γῆς.
2948 1529 3131 1594 Τόξον
3151 1535 3489 1600 συντρίψει,
3516 1534 3614 1589 καί
3646 1551 3798 1617 avt-

535 1619 688 1677 scuta
731 1613 1003 1668 comburet
1055 1615 1186 1685 igni.
1235 1614 1388 1670 Licet
1418 1619 1596 1673 cuivis
1644 1628 1889 1689 tempora
1927 1635 2092 1676 secun

2219 1615 2434 1670 κλάσει
2460 1617 2672 1683 ὅπλον,
2703 1619 2802 1672 καὶ
2828 1619 3077 1687 θυρεοὺς
3120 1625 3480 1677 κατακαύσει
3529 1624 3599 1677 ἐν
3628 1613 3793 1692 πυρί.

535 1707 831 1774 reputanti,
880 1708 994 1763 haec
1032 1710 1100 1763 ad
1144 1711 1380 1764 litteram
1435 1712 1656 1781 impleta
1685 1713 2090 1782 deprehendere

2218 1707 2375 1760 Ἐστι
2396 1724 2480 1775 γε,
2509 1710 2878 1780 ἐπιστήσαντα
2907 1715 3020 1774 τοῖς
3052 1713 3296 1783 χρόνοις,
3344 1715 3439 1767 καὶ
3471 1715 3608 1785 πρὸς
3653 1716 3793 1782 λέξιν

535 1793 816 1866 Siquidem
847 1808 972 1854 ante
1006 1800 1309 1856 Salvatoris
1362 1802 1536 1857 nostri
1568 1805 1881 1872 adventum,
1907 1808 2092 1877 princi

2216 1796 2356 1850 αὐτὰ
2411 1797 2585 1851 ταῦτα
2634 1799 3039 1870 πεπληρωμένα
3101 1802 3469 1873 παραλαόεῖν·
3523 1804 3658 1874 εῖγε
3689 1807 3794 1877 πρὸ

533 1894 693 1955 palus
727 1904 792 1944 ac
819 1888 1060 1943 dominia
1089 1892 1142 1944 in
1190 1891 1420 1961 singulis
1456 1897 1768 1965 regionibus
1800 1909 1854 1952 el.
1887 1900 2092 1953 urbibu:

2221 1889 2320 1958 τῆς
2346 1886 2439 1940 τοῦ
2476 1889 2726 1959 Σωτῆρος
2772 1891 2927 1961 ἡμῶν
2961 1893 3281 1961 ἐπιφανείας
3304 1897 3665 1968 τοποκρατίαι
3697 1899 3790 1953 καὶ

534 1985 692 2030 erant
720 1996 732 2032 :
756 1991 822 2032 ac
848 1979 902 2032 in
930 1981 1174 2048 quolibet
1215 1990 1374 2037 terrae
1434 1987 1633 2055 angulo
1674 1987 1814 2043 bella
1850 1990 2116 2059 gereban-

536 2081 626 2121 tur
649 2087 664 2136 ;
688 2071 761 2123 ita
791 2079 868 2123 ~ut
908 2071 992 2124 vel
1033 2071 1136 2140 ipsi
1197 2067 1394 2128 rustici
1426 2076 1519 2144 qui
1546 2083 1749 2130 terram
1781 2079 2110 2145 incolebant,

531 2159 730 2236 bustis,
760 2163 958 2232 gladiis
989 2165 1249 2234 omnique
1278 2167 1512 2222 telorum
1566 2185 1766 2239 genere
1786 2187 1845 2226 se
1875 2173 2113 2228 instrue-

531 2259 671 2304 rent.
709 2252 774 2304 At
799 2261 922 2322 post
955 2253 1218 2309 [divinum
1255 2255 1555 2312 Salvatoris
1585 2259 1900 2325 adventum,
1945 2279 2114 2320 ιιιυιιιι

530 2337 838 2396 Romanum
870 2345 1157 2415 imperium
1188 2349 1454 2417 plurimas
1481 2358 1672 2420 gentes
1701 2367 1973 2423 occupare
2005 2370 2114 2409 cte-

531 2430 611 2500 pit
641 2446 656 2482 :
691 2431 1152 2506 Evangeliumque
1202 2438 1466 2504 salutare,
1499 2441 1644 2510 quod
1681 2457 1789 2498 uno
1805 2444 2110 2515 eodemque

515 2528 780 2590 .tempore
835 2534 1084 2579 exortum
1139 2535 1244 2592 est,
1271 2529 1326 2581 in
1357 2544 1548 2586 omnes
1604 2539 1794 2601 gentes
1851 2535 2104 2603 pervasit.

531 2607 794 2681 Tuncque
813 2613 1143 2684 implebatur
1159 2619 1264 2672 alia
1300 2620 1604 2689 prophetia,
1638 2620 1790 2677 Isaia:
1829 2638 1961 2690 voce
1982 2640 2109 2694 pro-

523 2696 660 2762 lata,
698 2699 784 2756 bis
822 2703 1039 2759 verbis:
1079 2704 1147 2758 Et
1180 2707 1483 2776 conﬂabunt
1514 2710 1721 2779 gladios
1747 2729 1869 2767 suos
1903 2714 1958 2767 in
1981 2731 2110 2769 ara-

529 2797 636 2852 tra,
665 2798 714 2844 et
745 2790 956 2848 lanceas
1002 2812 1129 2851 suas
1160 2799 1213 2850 in
1239 2798 1424 2867 falces.
1468 2798 1538 2852 Et
1593 2817 1697 2854 non
1739 2805 1955 2871 accipiet
1982 2821 2106 2875 gens

523 2890 708 2934 :ontra
736 2893 938 2952 gentem
989 2887 1246 2956 gladium,
1309 2905 1399 2942 nec
1443 2891 1820 2945 cxercebuntur
1841 2895 1987 2948 ultra
2037 2897 2106 2949 ad

519 2971 764 3040 praelium
783 2975 824 3028 ¹.
851 2973 976 3029 Haec
1008 2976 1175 3045 igitur
1187 2979 1443 3047 praesenti
1461 2996 1716 3036 sermone
1731 2981 2102 3053 declarantur,

520 3070 686 3132 atque
715 3062 876 3118 tinem
908 3067 1102 3119 sortita
1155 3076 1304 3133 sunt,
1333 3070 1400 3124 ad
1435 3071 1670 3127 litteram
1704 3075 1924 3144 quidem
1951 3087 2007 3132 ut
2045 3080 2102 3134 in

2217 1979 2508 2049 τοπαρχίαι
2541 1981 2680 2033 κατά
2709 1979 2890 2052 χώρας
2921 1978 3062 2053 ἦσαν
3100 1985 3194 2037 καὶ
3245 1985 3384 2038 κατὰ
3428 1987 3642 2053 πόλεις·
3696 1989 3765 2042 πό

2216 2065 2371 2138 λεμοί
2406 2087 2465 2122 τε
2495 2071 2812 2126 συνίσταντο
2856 2073 2978 2126 καθ’
3000 2075 3236 2146 ὲνκάστην
3274 2077 3476 2145 γωνίαν
3513 2082 3612 2150 τῆς
3645 2084 3746 2150 γῆς
3769 2098 3784 2112 ⁸

2215 2156 2290 2220 ὼς
2318 2157 2410 2210 καὶ
2444 2158 2638 2220 αὐτοὺς
2659 2161 2786 2223 τοὺς
2814 2163 3144 2229 γεωπόνους,
3185 2163 3505 2237 τὴν“χὼραν
3557 2169 3784 2239 ὲργαζο·

2217 2245 2431 2314 μένους,
2463 2247 2704 2318 δοράτων
2734 2251 2828 2303 καὶ
2855 2250 3023 2320 ξιφῶν
3043 2256 3156 2307 καὶ
3179 2256 3445 2310 παντοίων
3478 2257 3787 2329 πολεμικῶν

2212 2337 2391 2391 ὃπλων
2424 2339 2819 2410 ἐπιμελεῖσθαι.
2859 2344 3012 2396 Μετὰ
3041 2344 3096 2397 δὲ
3139 2346 3238 2416 τὴν
3289 2349 3553 2419 σωτήριον
3592 2349 3789 2419 Deceti-

2211 2443 2358 2480 νειαν
2394 2429 2660 2500 μόναρχος
2684 2431 2780 2500 μὲν
2814 2435 2846 2503 ἡ
2885 2432 3168 2505 Ῥωμαίων
3198 2435 3444 2506 βασιλεία
3469 2440 3786 2511 ἐπικρατεῖν

2211 2517 2479 2572 πλείστων
2517 2520 2686 2574 ἐθνῶν
2723 2523 2954 2593 ἡρξατο·
2999 2525 3241 2597 διέτρεχε
3287 2528 3344 2581 δὲ
3384 2531 3788 2603 συναρξάμενον

2209 2609 2344 2678 αὐτῇ
2391 2610 2453 2664 τὸ
2486 2613 2750 2684 σωτήριον
2783 2615 3114 2684 Εὐαγγέλιω
3154 2621 3236 2682 εἰς
3285 2622 3460 2674 πάντα
3511 2623 3580 2676 τὰ
3636 2624 3786 2696 ἔθνη.

2222 2702 2558 2774 Ἐπληροῦτο
2590 2704 2646 2757 δὲ
2676 2706 2767 2758 καὶ
2793 2705 2926 2776 ἄλλη
2962 2710 3288 2779 προφητεία,
3325 2706 3424 2764 ὧδέ
3463 2731 3538 2785 πη
3568 2715 3789 2785 ἀναφω-

2209 2792 2374 2846 νοῦσα
2403 2793 2494 2847 διὰ
2525 2795 2746 2848 Ἡσαΐου
2768 2813 2779 2826 ·
2804 2796 2913 2850 Καὶ
2946 2800 3330 2867 συγκόψουσι
3358 2801 3466 2868 τὰς
3485 2808 3788 2874 μαχαίρας

2213 2885 2414 2938 αὐτῶν
2437 2888 2523 2951 είς
2551 2887 2789 2955 ἄροτρα,
2819 2889 2916 2941 καὶ
2939 2888 3046 2955 τὰς
3068 2889 3301 2958 (amis-ac
3321 2895 3525 2948 αὐτῶν
3553 2899 3643 2962 εις
3668 2898 3788 2965 ops

2207 2987 2385 3030 παν-α’
2401 2976 2498 3028 καί
2515 2979 2587 3030 οὐ
2601 2977 2686 3047 μὴ
2705 2979 2962 3047 λήψεται
2981 2980 3156 3048 ἔθνος
3170 2983 3267 3036 ἐπὶ
3289 2985 3461 3051 ἔθνος
3463 2985 3784 3057 μάχαιραν,

2207 3064 2306 3118 καὶ
2333 3067 2404 3120 οὐ
2426 3066 2513 3135 μὴ
2529 3067 2805 3136 μάθωσιν
2824 3072 2911 3125 ἔτι
2931 3073 3234 3143 πολεμεῖν.
3264 3073 3445 3129 Ταῦτα
3482 3076 3546 3148 δὴ
3576 3075 3671 3133 οὖν
3693 3082 3786 3134 καὶ

523 3153 756 3208 historia
797 3171 965 3225 supra
1020 3168 1364 3228 memorata;
1407 3163 1552 3232 quod
1594 3165 1662 3219 ad
1690 3163 1946 3222 arcanam
1972 3185 2092 3226 vero

2203 3153 2291 3208 διὰ
2330 3157 2440 3212 τῶν
2503 3159 2788 3229 παρόντων
2814 3161 3086 3233 δηλοῦται,
3120 3165 3212 3217 καὶ
3237 3165 3424 3230 τέλους
3479 3169 3742 3240 ἐτύγχανε
3768 3212 3782 3234 ,

522 3249 784 3308 mentem,
818 3259 915 3313 per
945 3246 1318 3316 spiritualium
1367 3264 1418 3306 et
1457 3253 1813 3310 invisibilium
1848 3257 2103 3315 inimico-

521 3347 642 3386 rum
661 3334 978 3404 perniciem.
1016 3327 1244 3395 Lancea:
1265 3356 1455 3410 porro,
1495 3346 1602 3399 tela
1635 3353 1690 3401 et
1722 3358 1874 3402 scuta
1914 3350 2104 3406 adver-

519 3422 790 3476 sariarum
823 3433 1175 3495 potestatum,
1201 3444 1324 3486 esse
1363 3433 1615 3489 videntur
1635 3437 1929 3492 inanimata
1952 3441 2100 3495 scul-

519 3512 670 3583 ptilia
720 3522 775 3569 et
803 3523 997 3572 statua:
1024 3534 1122 3588 per
1159 3522 1541 3592 multiplicium
1572 3526 1816 3605 ,deOrum
1855 3544 2096 3586 errorem

517 3595 776 3663 invectae;
803 3599 917 3654 sive
949 3602 1115 3654 etiam
1146 3603 1293 3658 athei
1316 3605 1416 3659 viri
1433 3617 1487 3661 et
1508 3600 1688 3679 impiae
1715 3613 2093 3682 cogitationes,

517 3683 975 3744 abluvisibilibus
1026 3690 1312 3758 spiritibus
1345 3693 1400 3747 in
1437 3703 1648 3752 mentes
1705 3697 1986 3754 hominum
2011 3703 2094 3756 in-

515 3777 713 3841 ductae,
745 3778 902 3846 queis
927 3779 1264 3847 jaculantur,
1291 3792 1345 3837 et
1385 3785 1553 3861 ignita
1575 3789 1913 3846 tela'contra
1949 3794 2096 3850 iner-

515 3879 636 3922 mes
665 3866 878 3922 animas
902 3875 955 3922 et
989 3867 1092 3923 lide
1131 3884 1243 3926 non
1274 3860 1514 3930 mutiitas
1548 3875 1883 3951 immittunt”

585 4126 754 4184 Vens.
802 4131 889 4185 ii.
954 4133 1150 4190 Vacate
1207 4145 1260 4191 et
1325 4137 1490 4192 videte
1536 4141 1785 4208 quoniam
1829 4157 1922 4212 ego
1955 4141 2091 4196 sum

512 4219 678 4287 Deus,
729 4222 1009 4278 eaaltabor
1051 4226 1107 4280 in
1158 4226 1399 4296 gentibus
1451 4238 1500 4283 et
1521 4228 1800 4283 exaltabor
1831 4229 1885 4284 in
1923 4240 2086 4286 terra.

510 4311 649 4379 Quia
700 4314 839 4369 bella
866 4315 1095 4389 demutq
1118 4329 1470 4374 cessaverant
1499 4329 1553 4375 et
1593 4323 1928 4390 perturbatio
1957 4322 2090 4378 sub-

509 4404 618 4458 lata
679 4414 817 4472 erat,
873 4422 1086 4478 paxque
1130 4409 1405 4479 profunda
1453 4411 1523 4466 iis
1575 4413 1831 4470 omnibus
1867 4415 1962 4485 qui
2027 4416 2084 4470 in

506 4503 653 4549 terra
678 4499 1038 4553 versabantur
1078 4509 1232 4569 parta
1287 4500 1497 4568 fuerat;
1527 4501 1654 4571 jure
1675 4507 2082 4574 opportunitate

509 4584 577 4636 ad
606 4584 811 4640 bonum
841 4588 942 4651 uti,
965 4601 1128 4659 atque
1155 4592 1328 4645 otium
1369 4593 1565 4649 animae
1597 4595 1838 4652 salutare
1858 4597 2080 4667 assequi

505 4675 730 4742 expetit.
756 4674 937 4740 Quare
955 4679 1064 4732 ait:
1101 4677 1292 4734 Vacate
1305 4690 1353 4734 et
1379 4685 1671 4752 cognoscite
1694 4703 1714 4739 :
1739 4702 1920 4756 neque
1934 4688 2080 4742 enim

461 4779 480 4792 κ
505 4766 682 4834 possit
714 4768 988 4835 quispiam
1022 4769 1221 4825 divina:
1271 4774 1604 4843 cognitionis
1624 4777 1900 4847 particeps
1932 4793 2074 4843 esse,

505 4853 613 4908 nisi
642 4863 801 4909 vacet
825 4856 895 4908 ab
929 4856 1012 4910 cis
1059 4873 1180 4927 qua:
1208 4861 1274 4914 ad
1323 4865 1600 4918 contraria
1655 4866 1898 4920 trahunt.
1926 4865 2078 4922 Unde

503 4945 702 5000 merito
759 4960 854 5000 res
916 4946 1156 5018 Egypti,
1194 4960 1384 5007 contra
1438 4957 1610 5010 otium
1649 4957 2076 5026 bujusmodica-

502 5034 726 5090 lumniis
756 5049 1190 5108 praeoccupatus,
1233 5043 1302 5098 iis
1321 5045 1414 5115 qui
1442 5046 1728 5102 dicebant:
1761 5048 1942 5102 Trium
1965 5049 2076 5103 die-

503 5141 616 5178 rum
663 5127 847 5182 itinere
865 5131 1276 5200 progrediemur,
1312 5145 1360 5190 et
1391 5141 1672 5194 serviemus
1705 5139 1934 5195 Domino
1964 5142 2073 5198 Deo

498 5225 680 5270 nostro
699 5219 718 5249 ³
745 5235 761 5284 ;
796 5218 880 5275 bis
899 5222 1075 5278 verbis
1098 5229 1418 5295 respondet:
1454 5228 1688 5294 Vacatis,
1712 5233 2006 5289 otiosiestis
2028 5236 2070 5290 ⁸.

496 5305 704 5363 Deinde
753 5324 876 5364 cum
916 5316 1085 5369 nollet
1121 5316 1272 5386 ipsos
1303 5317 1416 5374 Deo
1462 5336 1679 5388 vacare,
1709 5326 1825 5380 luto
1854 5329 2068 5384 etlate—

495 5391 618 5445 ritio
658 5407 823 5463 opere
869 5396 1060 5451 atllixit
1103 5413 1220 5453 eos.
1272 5401 1343 5454 At
1388 5403 1551 5460 nobis
1583 5407 1619 5460 i-i
1652 5411 1743 5478 qui
1780 5410 1835 5465 in
1888 5418 2063 5468 totum

495 5484 684 5538 οιειιοω
714 5483 992 5556 principes
1014 5487 1300 5542 constituti
1321 5499 1466 5558 sunt,
1495 5494 1789 5553 inclamant
1820 5508 1878 5554 ut
1902 5517 2064 5558 race-

2206 3244 2385 3316 ῥητῶς
2428 3246 2526 3316 μὲν
2585 3247 2727 3300 κατά
2753 3248 2851 3319 τὴν
2879 3249 3229 3306 ἀποδοθεῖσαν
3283 3253 3539 3325 ἱστορίαν,
3568 3257 3706 3328 πρὸς
3725 3258 3783 3311 δὲ

2200 3335 2454 3402 διάνοιαν,
2473 3339 2612 3392 κατὰ
2642 3339 2739 3411 τὴν
2762 3340 2872 3393 τῶν
2893 3335 3095 3413 νοητῶν
3120 3343 3212 3396 καὶ
3241 3344 3483 3414 ἀοράτων
3507 3349 3782 3418 πολεμίων

2201 3425 2534 3498 καθαίρεσιν.
2577 3429 2788 3500 Δόρατα
2841 3431 2898 3483 δὲ
2941 3434 3033 3484 καὶ
3086 3433 3249 3499 ὅπλα,
3284 3435 3378 3488 καὶ
3413 3435 3641 3508 θυρεοὺς
3671 3439 3780 3493 τῶν

2199 3514 2586 3585 ἀντικειμένων
2638 3517 2918 3588 δυνάμεων
2984 3520 3243 3591 ἐποίησαν
3293 3519 3431 3588 εἶναι
3481 3519 3552 3578 τὰ
3594 3527 3779 3598 ἄψυχα

2201 3602 2369 3668 ξόανα
2387 3607 2478 3658 καὶ
2500 3605 2567 3659 τὰ
2596 3607 2884 3678 ἀγάλματα
2905 3613 3007 3681 τῆς
3029 3611 3290 3665 πολυοέου
3332 3615 3538 3686 πλάνης
3559 3657 3572 3680 ,
3604 3618 3639 3689 ἢ
3681 3621 3778 3672 καὶ

2196 3703 2324 3765 τοὺς
2355 3702 2546 3766 ἀθέους
2599 3703 2793 3775 ἄνδρας
2843 3707 2936 3759 καὶ
2973 3710 3096 3772 τοὺς
3155 3708 3431 3774 δυσσεϐεῖς
3478 3711 3776 3784 λογισμοὺς

2194 3792 2320 3857 τοὺς
2356 3795 2476 3855 ταῖς
2518 3791 2776 3858 διανοίαις
2813 3795 2919 3849 τῶν
2951 3796 3250 3868 ἀνθρώπων
3305 3800 3774 3874 ὑποϐαλλομένους

2195 3882 2300 3935 ὑπὸ
2329 3883 2436 3937 τῶν
2466 3883 2712 3955 ἀοράτων
2742 3887 3087 3957 πνευμάτων,
3121 3889 3189 3942 δι’
3213 3884 3288 3944 ὧν
3319 3892 3771 3958 κατατοξεύουσιν

2193 3975 2560 4040 ἀκοντίζοντες
2589 3975 2656 4029 τὰ
2686 3978 3058 4048 πεπυρωμένα
3093 3979 3221 4051 βέλη
3255 3982 3394 4035 κατὰ
3432 3983 3540 4036 τῶν
3584 3984 3767 4055 tiqu-

2192 4081 2334 4121 κτων
2361 4067 2454 4121 καὶ
2482 4066 2558 4138 μὴ
2589 4070 2656 4138 τῇ
2681 4069 2862 4121 πίστει
2888 4071 3290 4141 πεφραγμένων
3319 4072 3529 4143 ψυχῶν.

2261 4157 2609 4225 Σχολὰσατε
2640 4157 2740 4212 καὶ
2791 4157 2977 4229 γνῶτε
3000 4200 3014 4224 ,
3061 4160 3150 4241 δτι
3179 4161 3291 4232 ἐγώ
3343 4167 3458 4234 ειμι
3499 4169 3535 4219 ὀ
3597 4167 3763 4234 Θεὸς,

2190 4247 2582 4320 ὐψωθήσομᾳι
2607 4250 2677 4302 ἐν
2701 4248 2822 4316 τοῖς
2849 4250 3113 4316 ἔθνεσιν,
3145 4254 3540 4325 ὑψωθήσομαι
3576 4258 3650 4311 ἐν
3688 4258 3765 4328 τῇ

2189 4333 2285 4404 γῇ.
2314 4337 2534 4407 Ἐπειδὴ
2564 4337 2746 4392 λοιπὸν
2772 4339 3016 4393 πέπαυτο
3041 4341 3109 4394 τὰ
3135 4342 3227 4396 τοῦ
3256 4343 3490 4416 πολέμου
3537 4350 3632 4401 καὶ
3673 4350 3762 4404 λέ·-

2187 4424 2312 4477 λυτο
2343 4425 2528 4497 τάαῆς
2556 4431 2818 4500 ταραχῆς,
2868 4431 3054 4502 είρήνη
3097 4431 3152 4484 δὲ
3189 4431 3382 4505 βαρεῖα
3416 4436 3595 4490 δέδοτο
3651 4443 3764 4504 τοῖς

2182 4516 2279 4568 ἐπὶ
2294 4519 2394 4586 γῆς
2421 4515 2620 4571 ἅπασιν
2641 4535 2655 4549 ο
2678 4520 2902 4586 εἰκότως
2927 4521 3172 4592 βούλεται
3198 4527 3276 4590 είς
3301 4527 3503 4594 ἀγαθὸν
3525 4526 3762 4601 χρῆσθαι

2182 4605 2260 4675 τῷ
2290 4607 2486 4677 καιρῷ,
2538 4610 2633 4663 καὶ
2687 4610 2879 4682 σχολὴν
2926 4613 3213 4670 ἀναλαϐεῖν
3241 4615 3418 4688 ψυχῆς
3469 4623 3762 4691 σωτήριον.

2181 4694 2273 4747 Διό
2335 4712 2466 4766 φησι
2487 4713 2500 4727 ·
2525 4698 2873 4767 Σχολάσατε
2892 4703 2989 4756 καί
3022 4704 3226 4773 γνῶτε·
3277 4707 3397 4761 οὐδὲ
3417 4707 3526 4780 γὰρ
3557 4712 3763 4783 ἑτέρως

2183 4785 2297 4838 ἔστι
2323 4786 2575 4855 γνώσεως
2618 4796 2908 4862 μετασχεῖν
2932 4793 3116 4859 θείας,
3149 4797 3223 4867 μὴ
3271 4797 3608 4868 σχολάσαντα
3653 4802 3760 4855 τῶν

2183 4875 2526 4944 ἀφελκόντων
2555 4878 2646 4929 ἐπὶ
2673 4879 2945 4934 τάναντία.
2981 4884 3168 4938 Ἔνθεν
3199 4887 3422 4958 εἰκότως
3466 4891 3494 4942 ό
3520 4893 3620 4960 τῆς
3660 4893 3761 4944 Ai-

2177 4966 2379 5034 γύπτου
2412 4966 2685 5037 βασιλεὺς,
2720 4970 2855 5040 πρὸς
2889 4971 2986 5042 τὴν
3032 4975 3286 5047 τοιαύτην
3331 4978 3759 5052 διαϐεϐλημένος

2177 5057 2390 5128 σχολὴν,
2415 5059 2525 5120 τοῖς
2550 5059 2866 5126 φάσκουσιν
2900 5062 3066 5117 Ὀδὸν
3085 5067 3258 5134 τριῶν
3291 5069 3524 5138 ἡμερῶν
3551 5088 3760 5140 πορευ-

2175 5147 2419 5215 σόμεθα,
2455 5151 2553 5202 καὶ
2585 5153 2998 5222 λατρεύσομεν
3039 5159 3236 5225 Κυρίῳ
3262 5159 3339 5224 τῷ
3389 5159 3510 5226 Θεῷ
3546 5161 3716 5232 ἡμῶν
3739 5203 3755 5226 ,

2173 5238 2525 5309 ἀποκρίνεται
2557 5240 2727 5310 λέγων
2752 5260 2764 5272 ο
2803 5245 3152 5312 Σχολάζετε,
3202 5254 3548 5316 σχολασταί
3587 5253 3754 5308 ἐστε.

2171 5320 2326 5387 Εἶτα,
2359 5325 2434 5397 μὴ
2461 5327 2780 5400 βουλόμενος
2815 5333 3011 5398 αὐτοὺς
3030 5335 3109 5405 τῷ
3141 5337 3258 5408 Θεῴ
3303 5339 3579 5410 σχολάζειν
3599 5380 3617 5405 ,
3658 5359 3763 5396 κα-

2171 5417 2396 5467 ταπονεῖ
2420 5415 2499 5486 τῷ
2527 5417 2680 5489 πηλῷ
2707 5420 2801 5474 καὶ
2827 5425 2893 5493 τῇ
2921 5414 3192 5498 πλινθείᾳ.
3241 5426 3378 5481 Ἀλλ’
3425 5432 3557 5504 ἡμῖν
3601 5446 3667 5500 γε
3695 5432 3754 5484 οι

2174 5507 2539 5572 καταστάντες
2571 5511 2828 5582 ἄρχοντες
2867 5514 2958 5567 ἐπὶ
2991 5517 3168 5570 πᾶσαν
3200 5517 3296 5589 τὴν
3351 5519 3447 5591 γῆν
3488 5519 3753 5576 ἑπιὸοῶσι

565 5632 612 5665 ”
650 5632 783 5691 Gen.
819 5653 1001 5704 xxxn,
1038 5637 1237 5697 28—50..
1304 5645 1317 5676 ¹
1351 5643 1465 5716 ,lsa.
1493 5663 1574 5717 ιι,
1608 5649 1661 5706 ι.
1720 5656 1748 5719 ,²
1790 5653 1959 5717 Exod.
1985 5673 2049 5726 ⁴ν,
2085 5655 2092 5709 ε

2214 5657 2235 5690 ³
2266 5657 2396 5716 ibid.
2437 5619 2553 5718 5-8.
