4024 6202
223 279 344 357 ’με

1365 295 1868 356 COMMENTARIA
1902 295 1972 353 ιη
2011 280 2352 353 Ρεειιιοε

3372 300 3478 356 M4

240 412 541 485 σχολάζειν,
583 395 806 486 ’καρπὸν
859 413 958 487 τῆς
985 387 1179 486 σχολῆς
1207 391 1661 483 ἀπαγγελλόμενα
1702 412 1782 483 τὴι

1904 425 2048 474 mus,
2077 407 2382 464 vacationis
2397 404 2635 466 ιηεωω
2670 406 2996 477 plicantes
3022 404 3264 463 divinam
3288 423 3478 481 ουτω-

237 508 417 562 ἔνθεον
463 508 689 577 γνῶσιν.
721 510 890 563 Λαλεῖ
936 510 992 563 δὲ
1022 512 1051 563 ό
1096 507 1230 571 Θεὸς
1281 506 1347 560 δι’
1395 504 1572 558 αὐτῶν
1600 504 1799 572 λέγων·

235 599 458 664 Γνῶτε,
487 601 575 654 ὅτι
601 600 716 671 ἐγώ
746 604 863 671 ειμι
890 605 924 655 ό
948 596 1120 665 Θεός·
1155 597 1292 652 άλλά
1317 594 1411 651 καὶ
1439 597 1527 650 ὅτι
1563 592 1805 663 ὑψωθήε-

233 692 417 758 ονομαι
463 691 535 745 ἐν
578 692 706 757 τοῖς
755 692 1019 755 ἔθνεσιν,
1064 688 1459 758 ὑψωθήσομαι
1504 686 1573 740 ἐν
1600 683 1677 752 τῇ
1702 683 1800 754 γῇ.

232 778 408 832 Πάλαι
434 782 533 851 μιν
556 782 665 853 γάρ
684 784 836 852 παρά
871 781 1144 845 Ἰουδαίοις
1170 777 1550 847 ὲγινωσκόμην
1600 775 1800 845 μόνοις,

228 868 320 922 ὅτε
352 872 623 939 γνωτὸς
664 871 735 924 ἐν
774 870 849 938 τῇ
897 870 1147 938 Ἰουδαίᾳ
1193 872 1227 923 ὀ
1259 867 1424 933 Θεὸς,
1463 868 1535 921 ἐν
1562 866 1642 931 τῷ
1691 868 1801 920 Ἰσ-

224 958 387 1026 ραὴλ
404 959 557 1029 μέγα
598 960 663 1012 τὸ
691 960 876 1028 ὄνομα
909 959 1125 1013 αὑτοῦ·
1157 960 1278 1011 νυνὶ
1305 958 1366 1011 δὲ
1393 959 1521 1027 ύμῖν
1552 973 1801 1027 παρακε-

226 1047 452 1120 λεύομαι
482 1036 677 1121 σχολὴν
696 1050 869 1117 ἄγειν,
890 1049 964 1112 ὡς
995 1049 1061 1102 ἂν
1092 1048 1315 1119 μάθοιτε
1351 1048 1447 1101 καὶ
1472 1046 1644 1115 γνῶτε
1676 1046 1797 1098 τίνα

221 1141 426 1211 τρόπον
451 1143 544 1194 καὶ
577 1141 729 1211 παρὰ
748 1142 881 1194 πᾶσι
906 1144 1019 1204 τοῖς
1052 1140 1262 1193 ἔθνεσιν
1289 1138 1643 1209 ὑψωθήσομαι
1667 1177 1682 1201 ,
1713 1139 1797 1192 δο-

223 1226 520 1298 ξαζόμενος
542 1229 668 1299 παρ’
687 1228 871 1291 αὐτοῖς
900 1226 1155 1297 μᾶλλονῆ
1196 1224 1346 1296 παρὰ
1372 1227 1484 1287 τοῖς
1527 1222 1693 1277 πάλαι
1728 1240 1794 1294 με

221 1316 422 1371 ειδέναι
453 1318 847 1389 νομιζομένοις.
1270 1312 1281 1318 ’

222 1426 328 1480 ΕΙΣ
369 1427 457 1480 ΤΟ
499 1428 741 1490 ΤΕΛΟΣ,
776 1428 960 1481 ΥΠΕΡ
1004 1428 1139 1479 ΤΩΝ
1187 1426 1349 1480 ΥΙΩΝ
1395 1425 1794 1486 ΚΟΡΕ,ΨΑΛ-

846 1498 989 1551 ΜοΣ
1015 1498 1164 1563 Μαι.

288 1609 493 1666 Πάντα
522 1609 596 1665 τὰ
618 1611 785 1677 ἔθνη,
819 1606 1153 1677 κροτήσατε
1180 1608 1380 1677 χεῖρας
1404 1624 1418 1637 ·
1448 1605 1793 1670 Madcian

221 1700 343 1766 Θεῷ
368 1701 441 1754 ἐν
469 1697 639 1768 φωνῇ
668 1697 1086 1767 ἀγαλλιάσεως
1104 1710 1124 1733 η
1148 1696 1237 1750 ὅτι
1270 1699 1481 1765 Κύριος
1509 1696 1786 1763 ὕψιστος,

1909 501 2134 554 tionem.
2175 497 2296 566 ipse
2315 509 2447 551 vero
2493 493 2639 551 Deus
2669 509 2767 565 per
2808 495 3029 552 eosdem
3066 495 3333 566 loquitur,
3380 499 3475 554 ϋ-

1904 601 2034 642 cens
2062 604 2077 640 :
2108 582 2421 654 Cognoscite
2476 584 2605 655 quia
2650 598 2744 652 ego
2789 599 2908 636 sum
2947 581 3108 648 Deus,
3144 582 3254 638 imo
3284 583 3471 651 etiam,

1900 676 2029 745 quia
2058 672 2339 728 exaltabor
2366 674 2420 727 in
2452 671 2716 743 gentibus,
2739 670 3018 729 mltubor
3041 673 3095 726 in
3126 681 3289 727 terra.
3331 671 3475 729 Olim

1902 764 2121 834 quidem
2141 763 2345 819 Judais
2379 763 2644 818 duntaxat
2678 772 2844 819 notus
2865 777 3038 826 eram,
3069 762 3291 832 quando
3318 772 3472 818 natus

1901 857 1954 909 in
1978 855 2173 909 Judwa
2223 853 2396 915 Deus,
2447 854 2502 907 in
2543 852 2720 907 Israel
2771 868 3023 923 magnum
3053 869 3239 907 nomen
3266 853 3379 922 ejus
3414 844 3499 921 ⁸;’

1898 960 2046 1000 nunc
2093 955 2272 1000 autem
2304 944 2470 1014 iubeo
2527 959 2625 1000 vos
2674 956 2893 1008 vacare,
2944 951 3004 996 ut
3047 942 3472 1013 cognoscatiset

1898 1037 2109 1099 sciatis,
2134 1052 2242 1106 qua
2268 1035 2477 1090 ratione
2508 1035 2650 1105 apud
2679 1048 2869 1090 omnes
2917 1041 3108 1105 gentes
3140 1033 3469 1100 exaltandus

1895 1127 2021 1191 sim,
2061 1126 2270 1196 plusab
2317 1126 2384 1179 iis
2441 1125 2769 1190 celebratus,
2807 1138 2969 1195 quam
3019 1124 3087 1179 ab
3116 1123 3186 1179 iis
3212 1125 3307 1194 qui
3336 1124 3468 1180 olim

1895 1234 2062 1275 nosse
2088 1233 2175 1273 me
2198 1217 2555 1288 putabantur.

1858 1456 1866 1459 Α
1898 1436 1951 1493 ι.
1994 1435 2063 1519 1N
2086 1432 2455 1502 FINEM,PBO
2476 1431 2679 1488 FlLllS
2717 1402 3257 1523 concessimus
3277 1429 3465 1489 XLVI.

1963 1612 2131 1671 Vens.
2159 1613 2216 1680 2,
2244 1614 2297 1668 3.
2335 1610 2528 1667 Omnes
2556 1621 2755 1682 gentes,
2775 1611 3010 1682 plaudite
3038 1611 3303 1675 manibus,
3324 1610 3467 1681 iubi-

1891 1702 1997 1755 late
2026 1701 2135 1757 Deo
2180 1703 2235 1756 in
2286 1717 2407 1756 voce
2463 1698 2858 1755 exsultationis.
2908 1701 3171 1767 Quoniam
3203 1700 3462 1756 Dominus

217 1789 502 1859 φοϐερὸς,
540 1785 838 1851 βασιλεὺς
878 1784 1066 1853 μέγας
1107 1785 1206 1838 ἐπὶ
1255 1783 1460 1838 πᾶσαν
1505 1782 1620 1851 τὴν
1652 1783 1782 1852 γῆν.

1891 1792 2150 1854 excelsus,
2191 1788 2469 1853 terribilis,
2501 1804 2596 1842 rea:
2642 1800 2872 1858 magnus
2899 1804 3053 1857 super
3100 1805 3303 1843 omnem
3353 1798 3461 1844 ter-

216 1883 377 1933 Δοκεῖ
408 1895 497 1949 μοι
525 1876 596 1930 τὰ
624 1877 722 1945 τῆς
755 1876 1075 1946 προγραφῆς
1112 1874 1462 1943 ἐσφαλμένως
1507 1872 1669 1942 ἔχειν.
1713 1873 1789 1927 Ού

217 1969 332 2040 γάρ
362 1968 515 2036 ὑπὲρ
550 1965 669 2021 τῶν
703 1961 849 2021 υἱῶν
868 1964 1037 2032 Κορὲ,
1073 1964 1237 2025 ἀλλὰ,
1280 1963 1403 2029 τοῖς
1435 1963 1586 2029 υιοῑς
1620 1964 1788 2032 Κορὲ,

215 2057 250 2129 ἢ
293 2057 414 2110 τῶν
450 2056 596 2111 υἱῶν
632 2054 812 2124 Κορὲ,
858 2054 1027 2125 ἐχρῆν
1072 2051 1473 2123 ἐπιγεγράφθαι
1524 2051 1663 2107 κατά
1692 2052 1791 2117 τάς

213 2144 893 2221 ἔμπροσθενπρογραφάς.
915 2148 976 2199 0i
1006 2146 1113 2216 γὰρ
1142 2144 1313 2198 λοιποὶ
1341 2145 1673 2215 έρμηνευταὶ
1698 2145 1791 2199 καὶ

212 2238 277 2293 τὸ
326 2237 613 2308 Ἐὁραῖκὺν
658 2233 1091 2307 ὁμοίως-ἔχουσι
1135 2237 1247 2298 τοῖς
1296 2233 1622 2305 ἔμπροσθεν.
1680 2235 1790 2289 Καὶ

214 2329 511 2401 ἐπειδήπερ
544 2328 854 2397 σαφέστατα
884 2329 995 2390 τοῖς
1036 2325 1244 2379 ἔθνεσιν
1283 2329 1312 2380 ό
1343 2326 1499 2395 λόγος
1542 2343 1788 2400 παρακε-

212 2418 431 2473 λεύεται
452 2458 466 2483 ,
496 2418 646 2471 οὐδὲν
684 2418 822 2488 ἔχων
850 2416 1379 2488 ὲπικεκαλυμμένον,
1416 2417 1641 2481 εἰκότως
1669 2416 1788 2471 οὐδὲ

210 2510 283 2563 τά
305 2509 403 2578 τῆς
428 2507 750 2578 προγραφῆς
785 2509 872 2572 είς
898 2506 1155 2560 σύνεσιν
1181 2505 1327 2575 ἡμᾶς
1361 2492 1647 2579 παρορμᾷ,
1666 2505 1786 2561 οὐδὲ

211 2597 366 2666 ὑπὲρ
411 2596 530 2651 τῶν
563 2598 831 2665 κρυφίων
854 2614 866 2625 ·
903 2594 1116 2665 ψαλμὺς
1144 2594 1211 2647 δὲ·
1237 2593 1420 2657 ἁπλῶς
1468 2594 1717 2665 εἴρηται,
1751 2592 1784 2665 ἢ

215 2687 541 2760 μελῴδημα,
576 2685 609 2758 ἢ
646 2682 795 2759 ᾆσμα
826 2685 968 2739 κατά
1003 2686 1131 2748 τοὺς
1172 2684 1413 2748 λοιπούς.
1460 2683 1533 2736 Τὸ
1573 2684 1627 2736 δὲ
1652 2724 1666 2748 ,
1700 2686 1787 2749 εις

208 2774 427 2842 τέλος,
476 2775 787 2844 ἀναγκαίως
834 2775 1157 2847 πρόκειται,
1198 2773 1285 2844 διά
1330 2773 1392 2827 τὸ
1435 2774 1495 2825 ὲν
1536 2773 1784 2844 ὑπέροις

209 2867 425 2938 λρόνοις
500 2862 712 2936 μέλλειν
788 2864 1235 2937 ἀποπληροῦσθαι
1295 2863 1393 2935 τὴν
1456 2864 1781 2935 πρόρρησιν.

208 2953 548 3024 Προστάττει
580 2954 636 3007 δὲ
663 2953 724 3006 τὺ
753 2952 975 3024 Πνεῦμα
1016 2953 1077 3007 τὸ
1119 2952 1271 3022 ἀγιον
1314 2954 1517 3024 σφόδρα
1558 2952 1785 3007 ἀκολού-

209 3050 321 3108 οως
352 3044 491 3117 μετά
530 3044 601 3098 τά
639 3043 1001 3115 προλεχθέντα
1032 3043 1277 3115 περὶτοῦ
1314 3030 1620 3115 ’Δγαπητοῦ
1644 3081 1659 3106 ,
1692 3042 1786 3096 καὶ

1895 1894 2033 1933 ram.
2110 1877 2329 1932 Videtur
2377 1874 2510 1929 mibi
2574 1874 2861 1944 inscriptio
2910 1872 3174 1929 mendose
3241 1873 3456 1944 posita:

1891 1984 2068 2040 neque
2101 1968 2270 2032 enim,
2315 1982 2411 2037 pro
2443 1965 2572 2035 ﬁliis
2617 1964 2771 2029 Core,
2809 1964 2927 2030 sed,
2962 1965 3092 2034 [iliis
3135 1963 3290 2027 Core,
3339 1973 3457 2031 aut,

1892 2062 2130 2130 ﬁliorum
2188 2057 2339 2123 Core,
2382 2057 2610 2127 perinde
2657 2064 2820 2126 atque
2864 2054 2920 2110 in
2949 2056 3226 2126 prioribus
3258 2055 3457 2121 titulis,

1892 2150 2213 2221 inscriptum
2247 2147 2509 2218 oportuit.
2567 2145 2782 2217 Reliqui
2815 2146 2960 2200 enim
3018 2145 3368 2216 interpretes,
3399 2151 3455 2200 et

1889 2237 2215 2295 Hebraicum
2248 2237 2527 2306 exemplar
2568 2235 2807 2291 similem
2845 2232 3122 2304 prioribus
3163 2233 3458 2304 praferunt

1889 2327 2328 2397 inscriptionem.
2384 2323 2451 2378 Et
2508 2323 2637 2393 quia
2698 2322 2985 2393 perspicue
3030 2331 3219 2393 gentes
3273 2337 3456 2378 sermo

1888 2419 2228 2484 cohortatur,
2257 2415 2505 2484 nihilque
2545 2415 2747 2469 occulti
2798 2414 3040 2485 praefert,
3078 2414 3205 2483 jure
3259 2414 3456 2470 inscri-
3487 2465 3502 2475 ,

1887 2508 2091 2578 ptionis
2118 2505 2289 2560 verba
2317 2519 2421 2559 nos
2451 2501 2518 2557 ad
2559 2498 2877 2557 intellectum
2908 2503 3132 2557 minime
3155 2504 3452 2566 concitant,
3488 2554 3495 2559 .

1886 2584 2061 2668 neqbe
2084 2586 2187 2665 pro
2216 2594 2436 2650 occultis
2467 2592 2702 2658 habent;
2732 2591 2830 2647 sed
2854 2592 3100 2662 psalmus
3129 2591 3455 2661 simpliciter

1885 2688 2108 2752 dicitur,
2146 2688 2264 2743 sive
2322 2685 2586 2749 melodia,
2645 2683 2762 2739 sive
2805 2683 3105 2746 canticum,
3149 2681 3495 2736 secundum.

1883 2779 2128 2849 reliquos
2159 2779 2508 2848 interpretes.
2544 2773 2685 2829 Illud
2717 2758 2897 2829 autem
2937 2773 2994 2843 in
3038 2772 3218 2842 ﬁnem,
3261 2787 3453 2827 neces-

1883 2868 2032 2925 sario
2058 2867 2299 2939 positum
2333 2865 2457 2930 fuit,
2490 2864 2619 2935 quia
2644 2862 2941 2935 postremis
2968 2859 3313 2931 temporibus
3351 2860 3455 2914 im-

1884 2946 2144 3030 plendum
2174 2956 2494 3012 vaticinium
2543 2963 2681 3011 erat.
2733 2953 2865 3009 Post
2905 2966 3072 3022 supra
3102 2949 3247 3006 dicta
3286 2965 3453 3021 porro

1885 3046 2179 3102 admodum
2221 3055 2627 3116 consequenter
2674 3043 2913 3116 Spiritus
2953 3053 3180 3099 sanctus
3234 3032 3456 3097 univer?
3553 3083 3567 3095 .

214 3133 343 3205 περὶ
384 3134 493 3187 τῶν
518 3133 706 3188 τούτου
734 3133 987 3205 κηρύκων
1006 3174 1020 3198 ,
1051 3136 1183 3188 πᾶσι
1223 3137 1337 3199 τοῖς
1361 3133 1568 3187 ἔθνεσιν
1591 3133 1782 3204 εὐφρο-

1887 3137 1965 3193 s'is
1987 3136 2240 3207 gentibus
2265 3135 2533 3205 praecipit,
2578 3143 2639 3190 ut
2678 3135 2746 3190 de
2796 3134 3003 3190 Dilecto
3037 3133 3270 3203 ejusque
3306 3122 3451 3202 pste—

213 3223 375 3294 σύνης
418 3222 661 3295 σύμϐολα
693 3225 984 3296 πράττειν,
1030 3225 1121 3279 διά
1157 3224 1252 3278 τοῦ
1280 3228 1494 3296 κροτεῖν
1544 3225 1640 3296 μὲν
1684 3224 1783 3288 τὰς

211 3314 396 3383 χεῖρας
441 3312 515 3376 ὡς
563 3312 655 3365 ἐπὶ
696 3312 894 3384 γάμοις
942 3313 1381 3385 συντελουμένοις
1410 3314 1645 3395 νυμφίου
1692 3315 1785 3368 καὶ

214 3403 455 3473 θύμφηςο
488 3402 777 3466 ἀλαλάζειν
808 3402 864 3455 δὲ
890 3403 969 3475 τῷ
1001 3401 1149 3473 Θεῷ,
1178 3403 1254 3467 ὡς
1280 3404 1373 3456 ἐπὶ
1403 3402 1665 3474 βασιλέως
1691 3405 1782 3457 εύ-

210 3492 562 3563 ρημουμένου
599 3492 691 3546 ἐπὶ
723 3496 787 3564 τῇ
834 3491 977 3547 κατά
1014 3492 1124 3547 τῶν
1170 3492 1443 3564 πολεμίων
1477 3494 1621 3565 νίκῃ.
1673 3495 1782 3547 Καὶ

211 3579 431 3643 εἰκότως
460 3580 598 3651 μετά
620 3580 718 3652 τὴν
748 3581 892 3634 κατά
920 3580 1028 3636 τῶν
1057 3582 1329 3653 πολεμίων
1353 3581 1509 3653 νίκην
1544 3582 1636 3636 τοῦ
1663 3584 1780 3635 Σω-

217 3669 402 3741 τῆρος,
440 3670 657 3740 νύμφην
685 3670 878 3725 ἑαυτοῦ
913 3671 1112 3743 δηλαδὴ
1143 3671 1243 3743 τὴν
1277 3666 1600 3744 Ἐκκλησίαν
1625 3672 1781 3725 ἀπει-

205 3758 471 3827 ληφότος,
524 3761 733 3824 πάντας
783 3761 1085 3833 παρακαλεί
1134 3762 1196 3816 τὸ
1242 3763 1467 3835 Πνεῦμα
1508 3764 1569 3816 τὸ
1624 3763 1778 3832 ἅγιον

207 3846 457 3901 σπεύδειν
481 3850 573 3902 ἐπὶ
600 3848 701 3920 τὴν
732 3851 941 3922 ἑορτήν.
967 3851 1057 3903 Διὸ
1090 3850 1187 3922 βοᾷ
1218 3854 1351 3905 πᾶσι
1377 3855 1489 3916 τοῖς
1511 3851 1651 3904 κατά
1678 3852 1781 3922 τὴν

202 3935 528 4009 οἲκουμένην
555 3936 746 4004 ,ἔθνεσι
787 3939 972 4007 λέγονο
1017 3940 1221 3995 Πάντα
1259 3941 1331 3994 τὰ
1371 3939 1536 4007 ἔθνη,
1567 3941 1777 4008 κροτή-

201 4040 352 4079 dare
378 4026 581 4095 χεῖρας
600 4066 614 4091 ,
643 4027 986 4093 ἀλαλάξατε
1019 4029 1096 4095 τῷ
1139 4028 1258 4094 Θεῷ
1296 4031 1367 4083 ἐν
1387 4028 1557 4099 φωνῇ
1588 4031 1775 4099 ἀγαλ-

199 4112 477 4180 λιάσεως.
521 4114 593 4169 Τὸ
625 4116 670 4169 δ’
700 4115 870 4173 αἴτιον
914 4117 1015 4187 τῆς
1040 4118 1492 4188 παρακελεύσεως
1536 4119 1774 4173 δ.δάσκει

201 4203 329 4273 ἑῇς
354 4206 561 4275 φάσκον
578 4223 592 4238 ·
621 4206 739 4261 Ὅτι
764 4209 980 4276 Κύριος
1004 4194 1282 4277 ὕψιστος,
1305 4200 1576 4279 φοϐερὸς,
1596 4211 1777 4275 ,βασι-

196 4293 344 4360 λεὺς
366 4294 553 4364 μένας
574 4296 671 4352 ἐπὶ
700 4294 909 4351 πᾶσαν
932 4294 1048 4365 τὴν
1072 4295 1204 4367 γῆν.
1230 4297 1500 4369 Πρότερον
1536 4299 1635 4369 μὲν
1666 4299 1775 4370 γὰρ

197 4384 404 4456 Κύριος
432 4385 590 4449 αὐτὸς
612 4388 640 4439 ό
665 4386 888 4457 ὕψιστος
913 4389 1094 4459 ’μόνων
1117 4388 1226 4443 τῶν
1250 4392 1368 4443 κατ’
1397 4391 1624 4460 ούρανὸν
1647 4391 1773 4444 ἐϐα-

203 4473 419 4528 σίλευεν
443 4491 457 4505 ⁸
493 4476 733 4543 ἠγνοεῖτο
759 4478 815 4532 δὲ
846 4483 958 4543 τοῖς
983 4480 1075 4533 ἐπὶ
1102 4481 1202 4552 τῆς
1234 4481 1340 4551 γῆς
1357 4521 1372 4547 ,
1407 4484 1495 4536 ὅτε
1520 4480 1771 4551 δαίμονες

195 4564 466 4638 ἐκράτουν
498 4566 590 4618 ἐπὶ
615 4568 717 4639 γῆς
753 4568 1051 4641 ἀνθρώπων
1074 4585 1090 4600 '
1115 4572 1235 4625 νυνὶ
1270 4571 1327 4624 δὲ
1359 4570 1446 4625 διὰ
1471 4570 1564 4625 τοῦ
1608 4572 1771 4638 Ἀγα-

196 4654 373 4728 πητοῦ
416 4655 699 4735 ἐπέλαμψε
746 4661 855 4722 τοῖς
901 4661 991 4714 ἐπὶ
1020 4662 1125 4731 γῆς
1151 4662 1251 4732 τὴν
1292 4661 1457 4716 αὐτοῦ
1484 4661 1644 4733 χάριν
1677 4662 1772 4715 καὶ

193 4745 357 4808 αὐτὸς
384 4745 710 4814 ό”¹Υψιστος,
743 4748 973 4819 φοϐερὸς
998 4752 1219 4821 γέγονεν
1262 4752 1490 4815 ἐκείνοις
1523 4755 1636 4816 τοῖς
1669 4769 1768 4804 πο-

191 4832 403 4903 λεμίοις
432 4837 545 4897 τοῖς
575 4833 672 4905 τὴν
712 4834 968 4890 πολύθεον
1018 4840 1299 4908 ἐνεργοῦσι
1347 4840 1587 4912 πλάνην⁶
1635 4840 1771 4893 πάν-

190 4939 290 4986 τας
323 4923 432 4994 γάρ
459 4924 654 4988 αὐτοὺς
682 4924 849 4994 ἠλασε
867 4967 884 4989 ,
924 4929 1015 4981 καὶ
1047 4930 1261 5001 μακρὰν
1288 4918 1389 5001 τῆς
1416 4930 1522 4984 τῶν
1557 4930 1765 5000 ἀνθρώ⁴

192 5034 311 5069 πων
340 5017 593 5087 ἐποίησεν
616 5017 833 5087 ἀγέλης.
858 5018 1056 5091 Σχολῆς
1084 5020 1140 5075 δὲ
1161 5024 1486 5094 γενομένης,
1512 5021 1764 5092 βασιλεὺς

192 5105 366 5177 μέγας
397 5107 506 5159 τῶν
537 5107 630 5160 ἐπὶ
661 5109 840 5161 πᾶσαν
869 5110 967 5181 τὴν
998 5111 1102 5182 γῆν
1132 5099 1321 5164 ἐθνῶν
1345 5111 1760 5182 ἀνεκηρύττετο.

188 5198 280 5251 Διὸ
321 5202 434 5263 τοῖς
479 5197 917 5278 βασιλευομένοις
944 5204 1156 5271 κροτεῖν
1186 5205 1303 5264 ταῖς
1338 5202 1521 5272 χερσὶν
1552 5205 1581 5255 ὁ
1610 5202 1766 5270 λόγος

190 5289 641 5361 παρακελεύεται,
668 5290 945 5343 τουτέστιν
965 5289 1147 5360 ἔργοις
1166 5291 1264 5344 καὶ
1287 5290 1515 5363 πράξεσι
1540 5310 1553 5323 ·
1579 5293 1766 5363 ὥσπερ

191 5379 239 5431 εἰ
269 5379 451 5449 φωνάς
483 5379 699 5449 ἀφιέναι
727 5378 881 5444 ἀξίας
907 5380 1003 5451 τῆς
1037 5380 1131 5433 τοῦ
1167 5379 1419 5449 Ὑψίστου
1457 5380 1759 5450 βασιλείας,

190 5470 285 5522 καὶ
358 5469 644 5536 ἀλαλάζειν
708 5471 765 5526 δὲ
837 5470 985 5545 αὐτῷ
1048 5474 1105 5525 ἐν
1174 5475 1320 5546 φωνῇ
1394 5471 1761 5541 ἀγαλλιάσεως

258 5620 283 5651 δ
322 5616 470 5675 Psal.
508 5636 670 5691 ωιτν,
701 5622 756 5677 2.

1888 3226 2119 3281 conibus
2146 3224 2345 3279 latitia:
2376 3223 2623 3294 symbols
2662 3222 2946 3278 conferant
2988 3222 3298 3291 plaudendo
3329 3236 3450 3276 ma-

1890 3316 2075 3380 nibus,
2111 3328 2177 3369 ac
2209 3314 2257 3369 si
2301 3313 2507 3382 nuptiae
2540 3312 2730 3383 sponsi
2774 3321 2829 3368 et
2862 3326 3076 3381 sponsae
3110 3308 3451 3366 celebraren-

1884 3414 2005 3472 tur;
2034 3413 2215 3476 ‘utque
2245 3404 2355 3460 Deo
2390 3404 2642 3474 jubilent,
2693 3404 2849 3473 quasi
2881 3402 2994 3472 regi
3032 3402 3103 3458 ob
3147 3409 3357 3472 parum
3381 3401 3451 3456 de

1883 3498 2122 3555 inimicis
2172 3497 2457 3551 victoriam
2526 3493 3017 3550 acclamationibus
3075 3499 3326 3562 excepto.
3386 3490 3501 3545 Et.

1882 3588 2081 3644 merito
2109 3602 2242 3643 sane
2270 3596 2395 3658 post
2426 3593 2757 3656 reportatam
2790 3599 2820 3638 a
2855 3582 3159 3646 Salvatore,
3205 3581 3301 3650 qui
3336 3582 3457 3637 sci-'

1882 3679 2009 3732 licet
2034 3676 2336 3732 Ecclesiam
2369 3675 2476 3731 sibi
2500 3677 2555 3728 in
2596 3688 2849 3744 sponsam
2890 3670 3119 3741 accepit,
3156 3669 3225 3726 de
3269 3669 3451 3724 lnimi.

1881 3768 1963 3824 cis
2007 3766 2322 3831 victoriam,
2369 3763 2609 3834 Spiritus
2654 3771 2878 3818 sanctus
2918 3776 3111 3816 omnes
3147 3765 3340 3816 evocat
3379 3760 3446 3814 ιιι

1880 3858 2283 3913 celebritatem:
2320 3869 2492 3926 quare
2541 3854 2798 3909 omnibus
2830 3846 2926 3922 per
2971 3852 3159 3907 orbem
3187 3849 3445 3921 sentibus

1881 3948 2139 4003 inclamat
2177 3946 2264 4000 bis
2285 3944 2499 4000 verbis:
2538 3942 2729 3998 Omnes
2761 3951 2960 4013 gentes,
2992 3939 3232 4009 plaudite
3271 3941 3447 3994 meni-

1879 4038 1996 4103 bus,
2017 4036 2246 4107 jubilate
2277 4035 2386 4091 Deo
2415 4036 2472 4089 in
2516 4050 2634 4089 voce
2672 4032 3067 4089 exsultationis.
3109 4030 3241 4098 Qua:
3271 4044 3443 4086 causa

1880 4142 2015 4186 vero
2086 4125 2435 4199 praecipiendi
2490 4123 2677 4188 fuerit,
2747 4122 2805 4178 in
2856 4122 3211 4199 sequentibus
3266 4122 3441 4190 aperit

1875 4195 2103 4276 dicens:—
2138 4195 2402 4285 Quoniam
2452 4215 2710 4270 Dominus
2756 4212 3013 4276 excelsus,
3052 4195 3325 4273 terribilis,
3349 4223 3445 4262 rea:

1875 4324 2096 4379 magnus
2128 4300 2284 4376 super
2326 4318 2534 4360 ontnem
2578 4313 2797 4356 terram.
2852 4299 3103 4353 Primum
3128 4298 3275 4352 enim
3326 4298 3455 4365 ipse-

1877 4396 2137 4451 Dominus
2181 4395 2456 4457 excelsus,
2502 4391 2559 4445 in
2605 4391 2740 4445 solis
2776 4388 3095 4443 caelestibus
3136 4383 3438 4455 regnabat;

1875 4489 1944 4543 ab
1973 4487 2041 4542 iis
2071 4494 2251 4541 autem
2284 4483 2378 4555 qui
2410 4483 2467 4537 in
2521 4489 2664 4536 terra
2704 4484 2869 4533 erant
2907 4474 3283 4545 ignorabatur,
3329 4482 3440 4541 quo

1873 4585 2118 4647 tempore
2146 4575 2420 4630 daemones
2472 4571 2529 4625 in
2564 4578 2707 4625 terra
2731 4564 3048 4621 hominibus
3074 4560 3435 4632 imperabant.

1871 4667 2030 4723 Nunc
2057 4680 2190 4721 vero
2216 4679 2312 4736 per
2337 4662 2604 4717 Dilectum
2646 4657 2909 4715 Excelsus
2933 4668 3050 4719 eos,
3089 4653 3184 4724 qui
3214 4651 3271 4706 in
3292 4658 3437 4707 terra

1870 4765 2026 4822 sunt,
2060 4759 2233 4827 gratia
2265 4768 2365 4810 sua
2413 4749 2730 4814 illustravit,
2767 4744 3029 4803 terribilis
3074 4756 3208 4801 sane
3245 4739 3437 4796 adrer-

1872 4847 2057 4910 sariis,
2085 4845 2178 4916 qui
2233 4845 2528 4899 multorum
2579 4839 2869 4894 numinum
2906 4848 3151 4891 errorem
3214 4831 3457 4887 induce-.

1872 4940 2024 5004 bant,
2054 4938 2278 4993 ell'ectus
2299 4942 2381 4991 est
2401 4951 2417 5001 ;
2450 4933 2736 4988 universos
2757 4928 2901 4984 enim
2922 4926 3152 4995 expulit,
3172 4930 3227 4978 et
3247 4921 3439 4992 procul

1874 5048 1913 5085 a'
1927 5045 2087 5103 grege
2116 5028 2394 5083 hominum
2419 5024 2621 5094 abegit.
2652 5021 2812 5092 .Tum
2837 5025 2993 5089 parta
3012 5013 3434 5103 tranquillitate,

1873 5136 1970 5175 rex
2003 5133 2233 5188 magnus
2281 5115 2526 5171 omnium
2568 5126 2666 5183 per
2707 5110 2896 5167 orbem
2939 5104 3181 5174 gentium
3222 5102 3437 5173 procla-

1875 5216 2058 5263 matus
2086 5214 2206 5261 est»
2247 5203 2429 5270 Quare
2474 5201 2722 5257 subditos
2778 5197 3039 5268 plaudere
3067 5188 3436 5264 jubetmani-

1874 5298 2002 5361 bus,
2034 5294 2091 5350 id
2124 5303 2209 5350 est
2239 5292 2499 5364 operibus
2524 5294 2588 5345 ac
2618 5287 2786 5360 gestis
2821 5284 2979 5357 quasi
3012 5286 3176 5338 voces
3222 5274 3433 5331 Excelsi

1867 5401 2038 5458 regno
2081 5384 2278 5455 dignas
2322 5382 2596 5447 emittere,
2629 5394 2694 5434 ac
2734 5375 2973 5449 jubilare
3023 5369 3129 5460 ipsi
3182 5366 3241 5420 in

1868 5456 2285 5539 exsultationis;
2333 5472 2407 5527 ita
2441 5479 2501 5528 ut
2550 5486 2659 5528 non
2704 5466 2867 5524 modo
2909 5458 3166 5536 operibus
3196 5465 3263 5508 sc
3306 5456 3431 5504 vita
