3988 6202
567 238 673 292 419

1296 232 1564 288 unseen
1601 231 2086 288 cmsamsa'sm
2115 231 2264 290 ore.
2309 232 2489 289 rans
2527 231 2615 288 ιιι.
2636 262 2707 274 ς-
2731 217 3143 290 uxscsnca’.

3737 239 3847 294 ιεο

567 367 798 422 magnus
820 360 923 416 est,
952 350 1199 407 bonitate
1216 388 1232 416 ,
1258 350 1547 406 tolerantia
1574 390 1588 414 ,
1630 351 1942 416 clementia,
1973 361 2134 408 ciete-

2239 354 2407 422 γέθει,
2444 353 2670 422 δυνάμει
2697 352 2753 405 δέ
2783 351 3158 423 ἀκαταλήπτῳ
3178 365 3193 380 ⁶
3229 350 3365 404 ἀλλά
3396 351 3492 405 καί
3539 352 3709 424 σοφίᾳ
3746 357 3844 425 μέ-

563 445 748 514 risque
780 443 835 498 in
860 458 926 498 eo
953 442 1204 514 cogitatis
1234 441 1438 498 divinis
1460 442 1792 505 virtutibus;
1844 459 2014 514 quare
2058 443 2142 498 di-

570 541 716 587 ctum
740 539 825 587 est
853 551 865 585 :
908 530 975 585 Et
1004 531 1412 600 cogitationibus
1444 531 1548 584 tuis
1574 547 1677 585 non
1712 541 1790 586 est
1830 533 1920 600 qui
1946 533 2142 586 similis

564 626 634 678 sit
666 623 760 677 tibi
778 625 821 678 '.

634 831 840 887 Atheos
893 828 1205 902 quosdam,
1261 837 1316 885 et
1363 824 1660 885 daemones
1709 829 2140 884 incantationum

569 941 817 1000 auctores
851 928 1095 1002 [carpit],
1130 927 1222 998 qui
1249 943 1477 999 regnum
1509 943 1669 982 suum
1700 927 1755 980 in
1789 936 1932 982 terra
1960 927 2144 981 ﬁrma-

569 1023 660 1086 vit,
693 1029 745 1076 et
775 1022 958 1074 omnia
989 1021 1141 1092 prius
1174 1027 1492 1100 enumerata
1525 1019 1578 1072 in
1604 1019 1919 1074 hominibus
1945 1019 2138 1090 imple-

570 1119 662 1174 vit.
695 1117 879 1187 Neque
906 1117 1082 1172 solum
1115 1125 1470 1185 magnusest,
1504 1117 1597 1172 sed
1635 1119 1798 1172 etiam
1851 1118 2142 1174 laudabilis

569 1208 722 1262 valde
756 1227 768 1261 :
807 1223 914 1262 non
945 1207 1162 1276 quidem
1203 1208 1345 1277 apud
1379 1223 1574 1264 omnes
1604 1225 1706 1265 nec
1737 1209 1792 1265 in
1825 1212 1974 1263 omni
1997 1210 2139 1274 loco,

569 1297 659 1353 sed
693 1298 746 1350 in
767 1297 990 1352 civitate
1021 1294 1114 1348 Dei
1145 1297 1318 1350 nostri
1357 1308 1411 1352 et
1457 1299 1510 1352 in
1552 1307 1738 1354 monte
1774 1307 1966 1354 sancto
1997 1301 2140 1368 ejus.

568 1387 702 1454 Quia
727 1389 762 1442 ii
793 1388 885 1458 qui
909 1397 1062 1442 extra
1092 1386 1366 1444 civitatem
1389 1390 1509 1460 ejus
1533 1397 1684 1454 sunt,
1709 1390 1906 1445 divina:
1937 1392 2143 1446 doctri-

567 1505 648 1544 na:
684 1488 943 1558 imperiti,
993 1490 1249 1544 nesciunt
1288 1504 1398 1559 quo
1442 1497 1606 1559 pacto
1637 1487 2002 1544 celebrandus
2045 1490 2135 1556 sit,

567 1603 664 1643 nec
691 1589 851 1658 digne
881 1589 1066 1644 divina
1090 1591 1236 1659 loqui
1263 1597 1529 1659 possunt;
1562 1603 1735 1658 quare
1767 1589 2138 1644 venerandum

567 1677 694 1731 illud
722 1692 943 1745 nomen,
975 1678 1041 1732 ad
1067 1679 1422 1732 inanimatam
1457 1677 1740 1732 materiam
1764 1677 2138 1746 proiecerunt,
2178 1696 2218 1750 Β

567 1779 656 1824 aut
703 1770 759 1824 in
796 1772 1116 1824 animalium
1166 1769 1624 1823 irrationabilium
1671 1785 1894 1840 genera,
1931 1771 2047 1824 sive
2084 1770 2138 1824 in

566 1861 848 1926 elementa,
869 1870 1094 1924 terram,
1127 1875 1346 1929 aquam,
1370 1875 1573 1924 aerem,
1606 1860 1784 1930 ignem
1807 1877 1822 1924 ;
1846 1861 1961 1916 sive
1976 1862 2139 1916 etiam

569 1951 625 2006 in
659 1952 845 2005 mundi
877 1960 1060 2020 partes
1089 1969 1102 2003 :
1131 1961 1293 2020 atque
1327 1951 1418 2004 alii
1458 1951 1565 2004 alio
1595 1952 1699 2005 ritu
1747 1951 1815 2006 de
1844 1951 1953 2006 Deo
1978 1951 2141 2020 impie

565 2055 886 2112 senserunt;
920 2047 1126 2102 idcirco
1157 2063 1286 2102 cum
1323 2048 1486 2104 alieni
1506 2057 1690 2102 essent
1716 2062 1747 2100 a
1771 2047 1991 2101 civitate
2009 2045 2137 2110 Dei,

565 2151 594 2189 a
629 2151 758 2190 vero
789 2138 990 2207 hymno
1021 2139 1157 2208 lapsi
1191 2139 1340 2193 sunt.
1373 2139 1580 2194 Civitas
1613 2152 1780 2207 porro
1808 2136 1906 2190 Dei
1940 2138 2137 2204 nostri,

567 2226 811 2282 Ecclesia
857 2237 960 2292 est,
989 2245 1110 2298 qua:
1143 2245 1309 2299 supra
1337 2229 1556 2297 eloquio
1585 2226 1897 2296 hujusmodi
1932 2227 2140 2282 indica-

565 2317 993 2374 turzFluminis
1049 2320 1274 2390 impetus
1325 2321 1604 2389 lwtiﬁcant
1675 2320 1939 2373 ciritatem
1992 2319 2138 2372 Dei:

565 2410 914 2479 sanctiﬁcavit
949 2409 1347 2463 tabernaculum
1377 2425 1529 2462 suum
1549 2407 1858 2462 Altissimus
1876 2407 1917 2460 ⁸.
1944 2406 2008 2460 Ει
2029 2407 2140 2461 haec

564 2500 782 2570 quidem
814 2499 882 2554 de
908 2515 992 2563 ea,
1026 2515 1146 2569 quae
1173 2501 1227 2554 in
1279 2509 1425 2554 terra
1469 2506 1573 2562 est,
1625 2497 1905 2564 Ecclesia;
1938 2497 2005 2553 de
2031 2512 2142 2566 qua

563 2599 768 2656 dictum
819 2609 904 2655 est
953 2620 966 2652 :
1018 2597 1334 2653 Inhabitabo
1389 2599 1444 2651 in
1507 2597 1616 2652 illis
1658 2607 1706 2652 et
1753 2595 2138 2651 inambulabo:

563 2703 609 2746 et
625 2672 714 2746 ero
734 2692 950 2745 illorum
973 2690 1128 2754 Deus,
1150 2698 1198 2743 et
1224 2691 1324 2758 ipsi
1341 2698 1495 2742 erunt
1524 2688 1652 2742 mihi
1673 2688 1895 2757 populus
1915 2689 1959 2740 ’.
1981 2685 2139 2753 Quod

571 2785 616 2840 si
647 2799 754 2854 qua
783 2780 856 2839 sit
878 2784 985 2837 alia
1021 2783 1126 2836 hac
1163 2782 1358 2836 melior
1387 2781 1604 2843 civitas,
1639 2780 1797 2848 cujus
1843 2777 2039 2833 artifex
2085 2784 2140 2832 et

563 2875 818 2931 conditor
854 2877 901 2930 is
932 2876 1049 2944 ipse
1084 2874 1190 2939 sit,
1223 2871 1534 2941 perpende,
1572 2884 1682 2939 quo
1722 2878 1882 2939 pacto
1942 2870 1998 2922 in
2046 2870 2139 2924 illa

561 2979 726 3035 etiam
761 2992 993 3046 magnus
1019 3017 1034 3041 ,
1063 2971 1428 3029 celebrandus
1461 2979 1514 3025 et
1538 2971 1829 3026 laudabilis
1852 2972 1924 3026 sit
1957 2972 2134 3036 valde,

563 3084 686 3124 cum
710 3068 764 3121 in
794 3083 856 3122 ea
883 3082 984 3136 pro
1009 3064 1278 3136 dignitate
1305 3062 1664 3132 intelligatur,
1697 3077 1762 3116 ac
1789 3061 1992 3117 divinis
2015 3078 2138 3116 νει·-
2168 3071 2206 3122 l;

2241 457 2347 512 γας
2383 442 2634 496 ἐστὶεκαί
2671 440 2970 511 ἀγαθότητι
3005 441 3099 494 καὶ
3133 437 3455 510 ἀνεξικακίᾳ
3500 440 3598 492 καὶ
3645 441 3843 508 φιλαν-

2245 530 2488 602 Θρωπίᾳ,
2520 532 2641 594 ταῖς
2669 547 2728 582 τε
2754 530 2969 592 λοιπαῖς
2993 529 3406 599 ἐπινοουμέναις
3454 529 3512 580 ἐν
3542 529 3696 599 αὐτῷ
3727 531 3841 584 Θεῖ-

2246 623 2370 684 καῖς
2393 621 2652 690 δυνάμεσι
2673 635 2685 647 ⁸
2723 620 2803 672 διὸ
2826 619 3102 674 λέλεκται·
3133 621 3241 673 Καὶ
3276 619 3398 684 τοῖς
3419 619 3840 690 διαλογισμοῖς

2245 726 2362 763 σου
2391 712 2502 763 οὐκ
2525 710 2656 763 ἔστι
2690 710 2787 775 τίς
2811 708 3258 778 ὁμοιωθήσεται.

2327 821 2546 885 ’Δθέους
2581 820 2734 884 τινάς
2779 822 2940 884 ὄντας
2977 821 3240 891 δαίμονας
3288 821 3511 892 ἐπῳδῶν
3562 823 3691 892 (sic)
3736 839 3834 878 πε-

2247 911 2572 981 ποιημένους
2617 912 2646 962 ὁ
2684 909 2782 981 τὴν
2817 910 3008 963 ἐαυτοῦ
3053 909 3328 980 βασιλείαν
3355 911 3449 964 ἐπὶ
3487 911 3597 981 γῆν
3629 929 3836 986 συστη-

2248 1003 2506 1071 σάμενος,
2535 1001 2724 1056 καὶ-τά
2757 1002 2876 1054 καθ’
2902 1002 3130 1055 ἕκαστον
3176 1001 3285 1054 τῶν
3315 1002 3629 1074 ἔμπροσθεν
3659 1021 3840 1074 κατη-

2250 1093 2608 1164 ριθμημένων
2642 1094 2700 1144 ἐν
2743 1092 3050 1164 ἀνθρώποις
3080 1093 3414 1156 ἐπιτελέσας.
3462 1095 3536 1148 Οὐ
3580 1093 3744 1164 μόνον
3782 1097 3834 1152 δὲ

2250 1185 2419 1256 μέγας
2447 1185 2614 1248 ἐστὶν,
2637 1183 2772 1237 ἀλλά
2797 1184 2890 1237 καὶ
2918 1183 3155 1255 ὑμνητὸς
3183 1184 3387 1255 σφόδρα
3404 1201 3416 1214 ·
3443 1185 3505 1238 οὐ
3546 1185 3659 1257 μὴν
3683 1191 3837 1257 παρά

2248 1275 2446 1339 πᾶσιν,
2477 1273 2598 1326 οὐδὲ
2636 1275 2693 1326 ἐν
2738 1274 2898 1326 παντί
2943 1274 3129 1344 τόπῳ,
3173 1275 3287 1326 ἀλλ’
3327 1279 3386 1327 ἐν
3431 1279 3494 1346 τῇ
3539 1273 3698 1330 πόλει
3742 1281 3832 1332 τοῦ

2245 1364 2378 1418 Θεοῦ
2411 1364 2566 1435 ἡμῶν
2585 1403 2600 1426 ,
2628 1365 2719 1417 καὶ
2750 1365 2808 1416 ἐν
2839 1365 2918 1434 τῷ
2948 1365 3065 1436 ὄρει
3097 1366 3238 1435 ἀγίῳ
3266 1366 3450 1419 αὑτοῦ.
3491 1369 3761 1442 Ἐπείπερ
3787 1374 3833 1424 οἰ

2245 1452 2351 1519 ἔξω
2377 1454 2477 1524 τῆς
2509 1453 2674 1507 αὐτοῦ
2708 1453 2917 1515 πόλεως
2936 1494 2950 1514 ,
2979 1453 3209 1524 ἀμαθεῖς
3231 1456 3386 1518 ὄντες
3410 1455 3506 1527 τῆς
3539 1456 3729 1512 ἐνθέου
3758 1460 3834 1514 δι-

2245 1545 2542 1610 δασκαλίας
2565 1589 2580 1612 ,
2614 1547 2714 1600 οὐκ
2761 1547 2940 1600 ἴσασιν
2974 1547 3136 1600 αὑτὸν
3171 1548 3395 1616 ὑμνεῖν,
3436 1549 3545 1600 οὐδ’
3589 1550 3832 1615 ἐπαξίως

2247 1635 2549 1706 Θεολογεῖν·
2587 1638 2778 1710 διόπερ
2824 1637 2922 1708 τὴν
2969 1636 3261 1707 σεϐάσμιον
3315 1640 3695 1712 προσηγορίαν
3741 1643 3831 1695 ἐπὶ

2242 1727 2340 1799 τὴν
2365 1727 2570 1798 ἄψυχον
2601 1727 2731 1798 ὓλην
2780 1727 3289 1798 καταϐεϐλήκασιν,
3335 1729 3368 1799 ἢ
3417 1728 3575 1794 ζώων
3616 1731 3830 1801 ἀλόγων

2241 1819 2410 1890 γένη,
2443 1818 2475 1888 ἢ
2503 1819 2595 1871 ἐπὶ
2623 1819 2690 1872 τὰ
2719 1822 2990 1890 στοιχεῖα,
3025 1821 3162 1890 γῆν,
3191 1821 3336 1890 ὕδωρ
3359 1860 3375 1883 ,
3411 1821 3588 1892 ἀέρα.
3623 1823 3825 1894 πῦρνῆ

2243 1911 2338 1986 ἐπὶ
2366 1911 2434 1962 τά
2463 1911 2600 1982 μέρη
2622 1911 2716 1964 τοῦ
2745 1911 2951 1981 κόσμου
2971 1928 2984 1941 ⁸
3023 1912 3117 1964 καί
3145 1911 3292 1966 ἄλλοι
3341 1912 3516 1977 ἄλλως
3542 1933 3666 1977 πως

2241 2003 2376 2056 Θεοῦ
2407 2003 2663 2068 ἐδόξασαν
2691 2004 2904 2068 ἀσεϐῶς
2928 2023 2942 2036 ο
2973 2007 3067 2057 καὶ
3113 2005 3202 2058 διὰ
3239 2005 3423 2068 τοῦτο,
3473 2007 3573 2077 τῆς
3619 2007 3826 2071 πόλεως

2241 2095 2391 2159 ὄντες
2423 2095 2690 2166 ἀλλότριοι
2735 2095 2830 2147 τοῦ
2871 2095 3039 2160 Θεοῦ,
3083 2097 3512 2150 ἀποπεπτώκασι
3554 2097 3653 2150 τοῦ
3699 2099 3827 2167 ἀλη·

2243 2186 2369 2250 ϐοῦς
2409 2184 2599 2256 ὕμνου.
2639 2185 2799 2248 Πόλις
2829 2185 2886 2238 δὲ
2925 2185 3018 2238 τοῦ
3046 2185 3180 2239 Θεοῦ
3209 2187 3373 2257 ἡμῶν
3415 2189 3449 2258 ή
3489 2189 3823 2260 Ἐκκλησία,

2241 2277 2306 2348 ἢν
2332 2277 2425 2329 καὶ
2454 2276 2522 2329 τά
2549 2276 2804 2346 ἀνωτέρω
2827 2275 3014 2347 ἐδήλου
3039 2276 3196 2345 λόγια
3213 2318 3226 2341 ,
3256 2277 3322 2330 δι’
3356 2270 3433 2331 ὧν
3457 2278 3646 2350 εἴρητο
3668 2296 3683 2310 ⁸
3718 2279 3823 2334 Τοῦ

2241 2368 2508 2438 ποταμοῦ
2534 2369 2606 2421 τὰ
2632 2368 2940 2437 όρμήματα
2961 2369 3355 2437 εὐφραίνουσι
3378 2369 3493 2437 τὴν
3508 2373 3698 2423 πόλιν
3722 2369 3822 2426 τοῦ

2244 2458 2391 2514 Θεοῦ
2413 2475 2427 2489 ο
2461 2460 2675 2527 ὴγΙασε
2699 2459 2763 2511 τὸ
2787 2457 3076 2527 σκήνωμα
3107 2459 3294 2513 αὐτοῦ
3317 2463 3350 2513 ό
3375 2462 3688 2528 Ὕψιστος.
3721 2465 3825 2516 Καὶ

2240 2550 2414 2604 ταῦτα
2444 2549 2542 2619 μὲν
2575 2551 2701 2620 περὶ
2735 2551 2831 2620 τῆς
2875 2549 3015 2603 κατά
3049 2549 3154 2619 γῆν
3207 2550 3563 2620 Ἐκκλησίας’
3599 2555 3734 2621 περὶ
3762 2549 3823 2624 ἧς

2241 2643 2457 2714 εἴρηται
2477 2659 2488 2671 ·
2538 2640 2858 2707 Ἐνοικήσω
2881 2641 2951 2694 ὲν
2982 2641 3186 2707 αὐτοῖς
3209 2641 3309 2695 καί
3336 2642 3820 2710 ἐμπεριπατήσωο

2241 2735 2339 2788 καί
2377 2735 2588 2803 ἔσομαι
2627 2731 2826 2786 αὐτῶν
2871 2733 3042 2799 Θεὸς,
3091 2733 3189 2786 καί
3231 2734 3399 2786 αὐτοὶ
3431 2735 3688 2788 ἔσονταί
3729 2754 3823 2805 μοι

2239 2827 2408 2892 λαός.
2435 2827 2498 2878 Ei
2527 2825 2570 2877 δ’
2595 2825 2709 2878 ἐστι
2737 2841 2819 2888 τις
2849 2823 2981 2895 ἄλλη
3013 2825 3277 2896 κρείττων
3310 2825 3514 2895 ταύτης
3551 2827 3736 2892 πόλις,
3761 2824 3822 2899 ἦς

2241 2916 2490 2988 τεχνίτης
2537 2917 2634 2970 καὶ
2684 2914 3012 2986 δημιουργὸς
3052 2915 3247 2978 αὑτός·
3295 2914 3389 2968 θέα
3434 2917 3586 2980 ὃπως
3622 2919 3721 2970 καὶ
3769 2920 3822 2969 ἐν

2239 3009 2412 3082 ταύτῃ
2441 3009 2610 3080 μέγας
2634 3009 2726 3060 καὶ
2772 3007 3009 3077 ὑμνητὸς
3029 3047 3044 3070 ,
3071 3007 3162 3060 καί
3193 3007 3401 3071 αἰνετός
3427 3009 3546 3061 ἐστι
3581 3009 3788 3082 σφόδρα
3805 3049 3822 3073 ,

2242 3100 2360 3150 κατ’
2406 3096 2562 3162 ἀξίαν
2606 3095 2893 3165 νοούμενος
2945 3096 3002 3146 ἐν
3047 3095 3183 3166 αὐτῇ
3231 3097 3326 3148 καί
3377 3096 3819 3168 Θεολογούμενος.

563 3161 648 3215 bis
673 3159 999 3213 celebretur.
1032 3152 1092 3210 ιιι
1121 3170 1230 3225 quo
1267 3159 1448 3208 autem
1482 3162 1642 3208 terra:
1672 3153 1792 3208 loco
1815 3152 2014 3208 civitas
2053 3151 2136 3206 ili:

2240 3187 2338 3240 Ποῖ
2366 3189 2422 3240 δὲ
2572 3151 2915 3258 ᾠκοδόμηται
2949 3186 2982 3256 ἡ
3023 3151 3183 3249 πόλις,
3206 3186 3345 3256 αὕτη
3369 3228 3384 3250 ,
3418 3190 3448 3240 ὁ
3482 3151 3583 3256 μέν
3608 3151 3821 3258 ψιαλμδς

561 3247 653 3311 sit,
689 3247 763 3300 ita
793 3246 950 3301 docet
984 3246 1227 3316 psalmus
1259 3263 1272 3298 :
1309 3241 1376 3296 In
1415 3253 1587 3298 monte
1625 3251 1809 3296 sancto
1845 3242 1961 3308 eius
2010 3241 2135 3296 bene

561 3335 840 3402 radicato,‘
875 3339 929 3394 id
954 3344 1059 3402 est,
1097 3337 1234 3392 bene
1259 3335 1505 3399 fundato,
1543 3342 1598 3390 et
1646 3325 1916 3398 radicato,
1951 3341 2007 3389 et
2043 3349 2137 3388 ex.-

559 3429 847 3487 sultatiane
893 3425 1150 3484 universae
1188 3439 1362 3482 terra.
1403 3427 1594 3493 Qualis
1634 3441 1799 3495 porro
1845 3440 2004 3479 mons
2045 3425 2136 3480 ille

558 3524 652 3587 sit,
693 3539 924 3595 magnus
945 3521 1103 3578 docet
1131 3521 1427 3592 Apostolus
1449 3519 1536 3575 his
1556 3519 1739 3574 verbis
1764 3537 1776 3572 :
1802 3517 2133 3571 Accessimus

558 3615 629 3670 ad
660 3613 788 3670 Sion
809 3623 1037 3670 montem
1057 3653 1073 3678 ,
1102 3622 1152 3666 et
1185 3607 1449 3666 civitatem
1495 3604 1591 3664 Dei
1629 3609 1844 3664 viventis
1864 3649 1879 3673 ,
1910 3606 2135 3662 Jerusa-

557 3708 660 3763 lem
687 3709 965 3772 caelestem,
1001 3718 1051 3762 et
1095 3709 1384 3762 multorum
1422 3709 1652 3762 millium
1691 3706 1994 3777 angelorum
2034 3705 2136 3774 [re-

556 3803 847 3871 quentiam,
899 3810 948 3855 et
1001 3799 1298 3856 Ecclesium
1339 3801 1831 3872 primogenitorum,
1871 3800 1962 3869 qui
2008 3814 2135 3853 con-

556 3901 742 3969 scripti
774 3903 980 3956 suntin
1003 3901 1226 3957 catis".
1254 3902 1512 3957 Eamdem
1550 3917 1682 3957 vero
1699 3915 1822 3956 esse
1852 3899 2132 3954 civitatem

558 3989 652 4044 Dei
676 4006 858 4046 veram
908 3993 1026 4062 ipse
1072 3993 1314 4048 declarat
1355 3993 1546 4048 dicens
1580 3990 1728 4048 :Illa
1771 4000 1968 4056 autem,
2015 4007 2132 4061 qua

556 4095 768 4135 sursum
810 4090 888 4134 est
937 4080 1260 4147 Jerusalem,
1323 4081 1490 4136 libera
1538 4092 1637 4149 est,
1682 4098 1800 4153 qua:
1843 4092 1923 4135 est
1963 4091 2132 4134 mater

557 4173 823 4226 nostra“.
861 4172 1016 4227 Mons
1059 4181 1241 4228 autem
1288 4171 1401 4228 Deo
1440 4173 1670 4243 dignus,
1718 4173 1894 4242 ipsum
1931 4172 2130 4231 celum

555 4271 661 4318 est.
702 4263 841 4330 Quia
868 4279 998 4320 vero
1019 4265 1270 4320 homines
1302 4266 1356 4320 in
1384 4275 1528 4320 terra
1552 4264 1811 4334 degentes
1834 4279 2002 4335 regno
2029 4279 2129 4320 suo

554 4363 880 4436 dedignatus
910 4381 1018 4421 non
1041 4372 1125 4421 est
1148 4383 1163 4432 ;
1187 4365 1240 4420 id
1267 4365 1412 4420 enim
1444 4365 1790 4436 signiﬁcabat
1813 4366 2127 4436 praecedens

2238 3278 2477 3332 διδάσκει
2536 3279 2741 3346 λέγων·
2798 3280 2894 3330 Ἐν
2950 3279 3070 3347 ὄρει
3131 3281 3277 3349 ἁγίῳ
3328 3281 3513 3336 αὐτοῦ
3574 3282 3816 3350 simiqu

2237 3371 2482 3423 τουτέστι
2510 3370 2587 3441 τῷ
2611 3367 2669 3424 εὖ
2700 3372 3146 3442 τεθεμελιωμένῳ
3185 3373 3279 3425 καὶ
3315 3370 3696 3443 ἐρριζωμένῳ,
3729 3374 3822 3427 καὶ

2235 3461 2314 3526 τῷ
2352 3462 2746 3533 ἀγαλλιάματι
2791 3464 2996 3531 πάσης
3030 3463 3140 3530 τῆς
3165 3463 3296 3532 γῆς.
3342 3465 3500 3516 Ποῖον
3543 3463 3589 3515 δ’
3628 3463 3698 3517 ἂν
3736 3468 3820 3536 εἴη

2233 3553 2392 3606 τοῦτο
2424 3555 2482 3607 τὸ
2521 3556 2665 3624 ὅρος,
2716 3558 2744 3608 ὁ
2772 3555 2945 3626 μέγας
2993 3555 3312 3618 Ἀπόστολος
3341 3555 3583 3608 διδάσκει
3613 3551 3818 3624 λέγων’

2234 3648 2779 3715 Προσεληλύθαμεν
2806 3645 2958 3700 Σιὼν
2987 3646 3106 3714 ὄρει
3138 3645 3233 3699 καὶ
3268 3646 3439 3698 πόλει
3480 3645 3632 3699 Θεοῦ
3675 3644 3820 3706 ζῶν-

2235 3753 2340 3804 τος
2373 3736 2759 3806 Ἰερουσαλὴμ
2805 3737 3168 3809 ἐπουρανίῳ,
3200 3736 3301 3792 καί
3327 3735 3619 3805 μυριάσιν
3648 3734 3821 3806 ἀγγέ-

2233 3831 2359 3882 λων
2391 3829 2720 3896 πανηγύρει
2760 3829 2860 3882 καί
2891 3829 3218 3897 Ἐκκλησία
3249 3828 3640 3900 πρωτοτόκων
3665 3828 3820 3882 ἀπο-

2234 3918 2650 3989 γεγραμμένων
2685 3919 2756 3971 ὲν
2786 3919 3082 3986 οὐρανοῖς.
3123 3918 3337 3987 Ταύτην
3371 3918 3428 3970 δὲ
3467 3917 3641 3986 αὐτὴν
3679 3911 3820 3971 εἷναι

2231 4008 2330 4077 τὴν
2360 4008 2512 4062 πόλιν
2541 4007 2634 4079 τοῦ
2657 4005 2792 4060 Θεοῦ
2819 4006 2916 4077 τὴν
2942 4003 3198 4079 ἀληθινὴν
3223 4010 3251 4060 ὁ
3276 4007 3438 4070 αὐτὸς
3463 4009 3708 4080 παρίστη
3730 4009 3819 4064 λέ·

2231 4115 2345 4168 γων
2364 4116 2378 4130 ·
2415 4101 2477 4154 'H
2498 4099 2566 4153 δὲ
2594 4099 2718 4153 ἄνω
2751 4099 3137 4168 Ἰερουσαλὴμ
3160 4099 3443 4166 ἐλευθέρα
3469 4099 3672 4164 ἐστίν,
3687 4101 3819 4168 ἥτις

2231 4193 2361 4248 ἐστί
2386 4192 2583 4261 μήτηρ
2623 4191 2810 4260 ἡμῶν.
2840 4192 3002 4262 Ὄρος
3028 4190 3084 4243 δὲ
3113 4189 3206 4243 τοῦ
3235 4189 3370 4244 Θεοῦ
3398 4190 3620 4256 ἐπάξιον
3652 4192 3818 4256 αὑτὸς

2231 4284 2260 4335 ὁ
2290 4283 2537 4354 οὐρανός.
2576 4283 2792 4354 Ἐπειδὴ
2823 4283 2880 4336 δὲ
2925 4282 3019 4336 καὶ
3059 4283 3184 4345 τοὺς
3227 4283 3317 4334 ἐπὶ
3355 4281 3459 4350 γῆς
3492 4280 3816 4353 ἀνθρώπους

2231 4375 2330 4428 οὐκ
2357 4374 2636 4446 ἀπηξίωσε
2666 4375 2766 4444 τῆς
2801 4373 3007 4436 οἰκείας
3040 4375 3339 4444 βασιλείας
3357 4373 3531 4426 τοῦτο
3557 4374 3670 4445 γάρ
3694 4374 3814 4445 ἐδή-

555 4459 800 4529 psalmus
820 4457 1011 4514 dicens
1039 4457 1182 4514 τηατ
1214 4458 1386 4535 omnis
1412 4469 1565 4514 terra:
1595 4457 1760 4522 Deus,
1792 4459 2009 4526 psallite
2035 4475 2126 4512 sa-

2239 4468 2324 4522 λου
2354 4469 2383 4522 ό
2416 4468 2522 4540 πρὸ
2559 4467 2747 4521 τούτου
2782 4467 2991 4538 ιζαλμὺς
3023 4467 3228 4536 λέγων’
3258 4465 3560 4532 Βασιλεὺς
3606 4465 3814 4533 πάσης

552 4551 755 4615 pienter
778 4564 796 4603 :
819 4551 1051 4620 regnavit
1078 4550 1216 4604 Deus
1247 4566 1406 4619 super
1432 4553 1698 4620 gentes";
1725 4550 1850 4618 jure
1890 4550 1945 4604 in
1980 4557 2123 4604 terra

553 4655 772 4710 quoque
803 4643 999 4698 civitas
1021 4641 1123 4712 ipsi
1157 4643 1458 4695 constituta
1488 4651 1609 4708 est,
1640 4643 1766 4696 vita:
1795 4641 2006 4696 scilicet
2036 4641 2123 4694 in-

553 4730 807 4782 stitutum
849 4729 941 4785 Dei
984 4730 1158 4784 cultui
1209 4731 1510 4796 addictum,
1557 4731 1612 4784 in
1661 4737 1778 4784 toto
1835 4729 1968 4783 orbe
2027 4744 2124 4799 per

551 4819 918 4888 evangelicam
940 4820 1380 4890 praedicationem
1411 4821 1741 4875 consistens.
1765 4819 2003 4876 Montem
2028 4819 2121 4874 Dei

553 4907 610 4962 in
667 4923 776 4978 quo
823 4909 1137 4980 hujusmodi
1183 4911 1497 4965 institutum
1541 4911 1845 4965 stabilitum
1901 4919 2008 4974 est,
2055 4927 2122 4967 ne

549 5011 826 5066 cuncteris
861 5010 1043 5067 dicere
1072 5009 1310 5067 Verbum
1347 5011 1444 5067 Dei
1474 5026 1619 5075 esse,
1666 5011 1918 5066 videlicet
1955 5010 2118 5066 Chri-

547 5106 728 5168 stum;
760 5100 891 5170 quia
917 5116 1081 5172 supra
1113 5108 1322 5171 petram
1340 5101 1563 5158 fundata
1585 5100 1707 5171 ejus
1725 5099 1968 5156 Ecclesia
1997 5107 2113 5156 est:

547 5188 667 5258 ipse
705 5197 886 5256 autem
911 5200 1063 5260 petra
1091 5199 1230 5248 erat.
1270 5191 1426 5248 Ilons
1466 5194 1673 5264 itaque,
1705 5199 1878 5264 petra,
1921 5191 2118 5248 funda-

548 5289 789 5338 mentum
815 5281 1071 5338 Ecclesia
1088 5282 1207 5353 ipse
1232 5284 1383 5341 solus
1403 5283 1588 5347 fuerit,
1613 5292 1673 5339 ut
1695 5285 1917 5356 quidam
1941 5283 2110 5339 dicit:

552 5373 968 5430 Fundamentum
996 5373 1136 5428 enim
1167 5371 1318 5427 aliud
1353 5389 1504 5427 nemo
1537 5384 1707 5440 potest
1741 5389 1952 5443 ponere,
1975 5388 2114 5440 prrs-

521 5526 530 5554 ⁴
611 5550 633 5580 "
671 5550 813 5606 Psnl.
851 5567 1009 5606 suis
1033 5593 1046 5617 ,
1078 5552 1131 5606 6.
1209 5552 1229 5583 ⁸
1269 5549 1411 5606 Psal.
1443 5565 1566 5613 ην,
1599 5551 1653 5607 5.
1728 5550 1750 5582 ’
1787 5546 1958 5604 Levit.
1995 5563 2118 5602 xxvr

2239 5545 2278 5602 Ξ.
2360 5544 2403 5578 ¹⁹
2441 5544 2602 5602 "chr.
2641 5562 2736 5612 xu,
2768 5537 2858 5609 (Ξὲ,
2883 5541 2972 5599 93.
3055 5543 3091 5576 ¹¹
3135 5541 3253 5599 Gal.
3289 5563 3359 5608 ιν,
3395 5546 3486 5600 ἱίϐ.

544 5635 664 5673 sm
688 5661 700 5684 ,
741 5628 794 5674 ὅ.

2229 4558 2341 4626 τῆς
2373 4557 2485 4628 γῆς
2514 4562 2546 4612 ό
2581 4558 2752 4624 Θεὸς,
2790 4557 3022 4627 vitam
3061 4556 3361 4622 συνετῶςο
3404 4557 3812 4611 ἐϐασίλευσεν

2228 4650 2260 4704 ὀ
2289 4647 2433 4712 Θεὸς
2458 4647 2553 4700 ἐπί
2587 4647 2658 4700 τὰ
2681 4647 2824 4712 ἔθνη
2845 4661 2860 4676 ⁶
2886 4646 3110 4710 εἰκότως
3144 4636 3244 4700 καὶ
3283 4646 3374 4698 ἐπὶ
3407 4645 3508 4714 τῆς
3534 4645 3637 4716 γῆς
3686 4661 3812 4697 συν-

2227 4737 2358 4808 έστη
2392 4737 2542 4808 αὐτῷ
2574 4736 2728 4800 πόλις
2748 4775 2761 4798 ,
2813 4737 2873 4788 τὸ
2906 4735 3156 4800 θεοσεὸὲς
3181 4729 3381 4808 δηλαδὴ
3411 4737 3718 4806 πολίτευμα
3750 4737 3809 4788 τὲ

2227 4829 2347 4883 καθ’
2370 4827 2498 4904 ὅλης
2524 4827 2623 4896 τῆς
2645 4826 2967 4898 οἰκουμένης
2989 4828 3077 4881 διά
3099 4826 3192 4880 τοῦ
3216 4823 3572 4894 εὐαγγελικοῦ
3602 4825 3809 4879 συστὰν

2229 4919 2599 4992 κηρύγματος.
2630 4918 2792 4988 Ὄρος
2830 4917 2886 4971 δέ
2923 4917 3017 4972 τοῦ
3056 4917 3191 4972 Θεοῦ
3235 4919 3293 4970 ἐν
3323 4911 3367 4986 ᾧ
3397 4918 3458 4971 τὸ
3503 4917 3808 4986 πολίτευμα

2227 5010 2383 5064 τοῦτο
2413 5009 2728 5079 συνέστηκε,
2750 5009 2824 5080 μὴ
2851 5008 2998 5063 ὄκνει
3025 5007 3203 5075 λέγειν
3223 5009 3314 5062 τὸν
3330 5009 3499 5075 Λόγον
3524 5008 3618 5062 τοῦ
3645 5009 3808 5070 Θεοῦ,

2225 5100 2342 5170 ἦτοι
2368 5097 2456 5152 τὸν
2482 5097 2715 5170 Χριστόν
2737 5115 2750 5129 ·
2775 5098 3005 5170 ἐπείπερ
3042 5099 3135 5152 ἐπὶ
3161 5099 3260 5169 τὴν
3285 5098 3486 5170 πέτραν
3517 5099 3801 5170 ᾠκοδόμηο
3832 5150 3840 5174 ε

2220 5188 2496 5262 ταιγαὺτοῦ
2531 5191 2568 5260 ἡ
2612 5188 2934 5259 Ἐκκλησία·
2962 5189 3124 5252 αὐτός
3151 5206 3211 5242 τε
3240 5185 3308 5259 ἦν
3338 5191 3372 5260 ὴ
3407 5190 3601 5260 πέτρα.
3633 5183 3804 5252 Οὗτος

2222 5277 2315 5335 οὖν
2341 5280 2434 5335 καὶ
2455 5280 2580 5352 ὅρος
2607 5280 2702 5334 καὶ
2724 5279 2900 5350 πέτρα
2926 5280 3019 5333 xui.
3045 5278 3293 5350 θεμέλιος
3317 5280 3416 5352 τῆς
3447 5278 3802 5352 Ἑκκλησίας,

2223 5372 2384 5433 αὐτὸς
2431 5370 2494 5424 ἄν
2545 5372 2702 5442 μόνος
2731 5371 2816 5440 εἴη
2852 5371 2990 5424 κατὰ
3035 5371 3126 5424 τὸν
3165 5371 3441 5438 φάσκοντα
3465 5388 3478 5402 °
3513 5369 3802 5440 Θεμέλιον

3568 5545 3610 5574 ε’
3651 5544 3799 5600 Psal.
