  <div class='ocr_page' id='page_1' title='image "/cluster/home/n/w/nwhite01/storage/ocr_20150623/23/hvd.32044073501116/216.png"; bbox 0 0 4024 6202; ppageno 0'>
   <div class='ocr_carea' id='block_1_1' title="bbox 213 227 320 283">
    <p class='ocr_par' dir='ltr' id='par_1_1' title="bbox 213 227 320 283">
     <span class='ocr_line' id='line_1_1' title="bbox 213 227 320 283; baseline -0.009 -1"><span class='ocrx_word' id='word_1_1' title='bbox 213 227 320 283; x_wconf 64' lang='grc'><strong>621</strong></span> 
     </span>
    </p>
   </div>
   <div class='ocr_carea' id='block_1_2' title="bbox 1353 205 2343 298">
    <p class='ocr_par' dir='ltr' id='par_1_2' title="bbox 1353 205 2343 298">
     <span class='ocr_line' id='line_1_2' title="bbox 1353 205 2343 298; baseline -0.01 -29"><span class='ocrx_word' id='word_1_2' title='bbox 1353 207 1854 269; x_wconf 72' lang='grc' dir='ltr'><strong>(ΞΟΜΜΕΝΤΑΒΙΛ</strong></span> <span class='ocrx_word' id='word_1_3' title='bbox 1897 208 1962 264; x_wconf 81' lang='lat' dir='ltr'><strong>IN</strong></span> <span class='ocrx_word' id='word_1_4' title='bbox 2003 205 2343 298; x_wconf 58' lang='lat' dir='ltr'><strong>DSALMDS.</strong></span> 
     </span>
    </p>
   </div>
   <div class='ocr_carea' id='block_1_3' title="bbox 3384 214 3494 275">
    <p class='ocr_par' dir='ltr' id='par_1_3' title="bbox 3384 214 3494 275">
     <span class='ocr_line' id='line_1_3' title="bbox 3384 214 3494 275; baseline 0.045 -5"><span class='ocrx_word' id='word_1_5' title='bbox 3384 214 3494 275; x_wconf 68' lang='lat'><strong>‘22</strong></span> 
     </span>
    </p>
   </div>
   <div class='ocr_carea' id='block_1_4' title="bbox 229 304 1822 408">
    <p class='ocr_par' dir='ltr' id='par_1_4' title="bbox 229 329 1806 408">
     <span class='ocr_line' id='line_1_4' title="bbox 229 329 1806 408; baseline -0.01 -13"><span class='ocrx_word' id='word_1_6' title='bbox 229 341 328 408; x_wconf 67' lang='grc' dir='ltr'>τὰρ</span> <span class='ocrx_word' id='word_1_7' title='bbox 351 341 547 394; x_wconf 65' lang='grc' dir='ltr'>ἄλλον</span> <span class='ocrx_word' id='word_1_8' title='bbox 571 337 770 402; x_wconf 71' lang='grc' dir='ltr'>οὐδεὶς</span> <span class='ocrx_word' id='word_1_9' title='bbox 793 335 1042 391; x_wconf 72' lang='grc' dir='ltr'>δύναται</span> <span class='ocrx_word' id='word_1_10' title='bbox 1072 333 1258 389; x_wconf 82' lang='grc' dir='ltr'>θεῖναι</span> <span class='ocrx_word' id='word_1_11' title='bbox 1291 331 1451 398; x_wconf 83' lang='grc' dir='ltr'>παρὰ</span> <span class='ocrx_word' id='word_1_12' title='bbox 1479 329 1585 382; x_wconf 82' lang='grc' dir='ltr'>τὸν</span> <span class='ocrx_word' id='word_1_13' title='bbox 1614 329 1806 398; x_wconf 78' lang='grc' dir='ltr'>κείμε-</span> 
     </span>
    </p>
   </div>
   <div class='ocr_carea' id='block_1_5' title="bbox 1926 304 3444 408">
    <p class='ocr_par' dir='ltr' id='par_1_5' title="bbox 1926 324 3444 397">
     <span class='ocr_line' id='line_1_5' title="bbox 1926 324 3444 397; baseline 0.002 -16"><span class='ocrx_word' id='word_1_14' title='bbox 1926 339 1989 381; x_wconf 82' lang='lat' dir='ltr'><strong>‘er</strong></span> <span class='ocrx_word' id='word_1_15' title='bbox 2017 327 2069 379; x_wconf 84' lang='lat' dir='ltr'><strong>id</strong></span> <span class='ocrx_word' id='word_1_16' title='bbox 2107 324 2245 397; x_wconf 81' lang='lat' dir='ltr'><strong>quod</strong></span> <span class='ocrx_word' id='word_1_17' title='bbox 2283 326 2512 394; x_wconf 82' lang='lat' dir='ltr'><strong>positum</strong></span> <span class='ocrx_word' id='word_1_18' title='bbox 2549 333 2648 390; x_wconf 87' lang='lat' dir='ltr'><strong>est,</strong></span> <span class='ocrx_word' id='word_1_19' title='bbox 2679 325 2816 395; x_wconf 77' lang='lat' dir='ltr'><strong>quod</strong></span> <span class='ocrx_word' id='word_1_20' title='bbox 2841 336 2918 382; x_wconf 90' lang='lat' dir='ltr'><strong>est</strong></span> <span class='ocrx_word' id='word_1_21' title='bbox 2942 326 3097 382; x_wconf 74' lang='lat' dir='ltr'><strong>Iesus</strong></span> <span class='ocrx_word' id='word_1_22' title='bbox 3128 326 3368 384; x_wconf 82' lang='lat' dir='ltr'><strong>Christus</strong></span> <span class='ocrx_word' id='word_1_23' title='bbox 3400 331 3444 362; x_wconf 81' lang='lat'>&quot;</span> 
     </span>
    </p>
   </div>
   <div class='ocr_carea' id='block_1_6' title="bbox 228 418 1807 497">
    <p class='ocr_par' dir='ltr' id='par_1_6' title="bbox 228 418 1807 497">
     <span class='ocr_line' id='line_1_6' title="bbox 228 418 1807 497; baseline -0.008 -15"><span class='ocrx_word' id='word_1_24' title='bbox 228 448 330 486; x_wconf 63' lang='lat' dir='ltr'><strong>car</strong></span> <span class='ocrx_word' id='word_1_25' title='bbox 351 471 366 496; x_wconf 92' lang='lat'><strong>,</strong></span> <span class='ocrx_word' id='word_1_26' title='bbox 399 431 468 496; x_wconf 86' lang='grc' dir='ltr'>ὅς</span> <span class='ocrx_word' id='word_1_27' title='bbox 491 430 666 484; x_wconf 79' lang='grc' dir='ltr'>ἐστιν</span> <span class='ocrx_word' id='word_1_28' title='bbox 707 427 939 497; x_wconf 78' lang='grc' dir='ltr'>Ἰησοῦς</span> <span class='ocrx_word' id='word_1_29' title='bbox 961 425 1215 495; x_wconf 83' lang='grc' dir='ltr'>Χριστός</span> <span class='ocrx_word' id='word_1_30' title='bbox 1236 441 1248 452; x_wconf 90' lang='grc'><strong>·</strong></span> <span class='ocrx_word' id='word_1_31' title='bbox 1281 423 1373 474; x_wconf 75' lang='grc' dir='ltr'>καὶ</span> <span class='ocrx_word' id='word_1_32' title='bbox 1411 419 1722 489; x_wconf 82' lang='grc' dir='ltr'>ἅγαλλίαμα</span> <span class='ocrx_word' id='word_1_33' title='bbox 1751 418 1807 471; x_wconf 81' lang='grc' dir='ltr'><strong>δὲ</strong></span> 
     </span>
    </p>
   </div>
   <div class='ocr_carea' id='block_1_7' title="bbox 227 519 980 594">
    <p class='ocr_par' dir='ltr' id='par_1_7' title="bbox 227 519 980 594">
     <span class='ocr_line' id='line_1_7' title="bbox 227 519 980 594; baseline -0.004 -19"><span class='ocrx_word' id='word_1_34' title='bbox 227 524 491 594; x_wconf 64' lang='grc' dir='ltr'>τυγχάνει,</span> <span class='ocrx_word' id='word_1_35' title='bbox 512 523 695 593; x_wconf 82' lang='grc' dir='ltr'>πάσης</span> <span class='ocrx_word' id='word_1_36' title='bbox 726 520 826 590; x_wconf 83' lang='grc' dir='ltr'>τῆς</span> <span class='ocrx_word' id='word_1_37' title='bbox 858 519 980 590; x_wconf 83' lang='grc' dir='ltr'>γῆς.</span> 
     </span>
    </p>
   </div>
   <div class='ocr_carea' id='block_1_8' title="bbox 299 601 1807 682">
    <p class='ocr_par' dir='ltr' id='par_1_8' title="bbox 299 601 1807 682">
     <span class='ocr_line' id='line_1_8' title="bbox 299 601 1807 682; baseline -0.012 -11"><span class='ocrx_word' id='word_1_38' title='bbox 299 617 376 671; x_wconf 81' lang='grc' dir='ltr'><strong><em>Τὰ</em></strong></span> <span class='ocrx_word' id='word_1_39' title='bbox 408 614 643 682; x_wconf 66' lang='grc' dir='ltr'>πλευρὰ</span> <span class='ocrx_word' id='word_1_40' title='bbox 670 611 777 666; x_wconf 85' lang='grc' dir='ltr'>τοῦ</span> <span class='ocrx_word' id='word_1_41' title='bbox 803 609 1012 679; x_wconf 66' lang='lat' dir='ltr'><strong>Eappa.</strong></span> <span class='ocrx_word' id='word_1_42' title='bbox 1045 609 1242 679; x_wconf 83' lang='grc' dir='ltr'><strong>Διόπερ</strong></span> <span class='ocrx_word' id='word_1_43' title='bbox 1271 607 1366 661; x_wconf 75' lang='grc' dir='ltr'>καὶ</span> <span class='ocrx_word' id='word_1_44' title='bbox 1388 605 1456 659; x_wconf 76' lang='grc' dir='ltr'><strong>τὰ</strong></span> <span class='ocrx_word' id='word_1_45' title='bbox 1485 602 1696 674; x_wconf 77' lang='grc' dir='ltr'>πλευρὰ</span> <span class='ocrx_word' id='word_1_46' title='bbox 1715 601 1807 655; x_wconf 84' lang='grc' dir='ltr'>τοῦ</span> 
     </span>
    </p>
   </div>
   <div class='ocr_carea' id='block_1_9' title="bbox 225 695 1810 780">
    <p class='ocr_par' dir='ltr' id='par_1_9' title="bbox 225 695 1810 780">
     <span class='ocr_line' id='line_1_9' title="bbox 225 695 1810 780; baseline -0.01 -18"><span class='ocrx_word' id='word_1_47' title='bbox 225 709 406 780; x_wconf 51' lang='lat' dir='ltr'><strong>nosse</strong></span> <span class='ocrx_word' id='word_1_48' title='bbox 436 705 660 777; x_wconf 80' lang='grc' dir='ltr'>ὲπέχείν</span> <span class='ocrx_word' id='word_1_49' title='bbox 691 704 924 772; x_wconf 82' lang='grc' dir='ltr'>λέγεται.</span> <span class='ocrx_word' id='word_1_50' title='bbox 983 702 1140 773; x_wconf 85' lang='grc' dir='ltr'><strong>Παρὰ</strong></span> <span class='ocrx_word' id='word_1_51' title='bbox 1168 700 1265 770; x_wconf 79' lang='grc' dir='ltr'>μὲν</span> <span class='ocrx_word' id='word_1_52' title='bbox 1298 695 1391 752; x_wconf 78' lang='grc' dir='ltr'>οὖν</span> <span class='ocrx_word' id='word_1_53' title='bbox 1423 701 1536 761; x_wconf 77' lang='grc' dir='ltr'>τοῖς</span> <span class='ocrx_word' id='word_1_54' title='bbox 1561 695 1810 757; x_wconf 82' lang='grc' dir='ltr'>παλαιοῖς</span> 
     </span>
    </p>
   </div>
   <div class='ocr_carea' id='block_1_10' title="bbox 223 784 1810 867">
    <p class='ocr_par' dir='ltr' id='par_1_10' title="bbox 223 784 1810 867">
     <span class='ocr_line' id='line_1_10' title="bbox 223 784 1810 867; baseline -0.009 -15"><span class='ocrx_word' id='word_1_55' title='bbox 223 799 438 867; x_wconf 75' lang='grc' dir='ltr'>ἐλέγετο</span> <span class='ocrx_word' id='word_1_56' title='bbox 462 815 478 832; x_wconf 76' lang='grc' dir='ltr'><strong>ο</strong></span> <span class='ocrx_word' id='word_1_57' title='bbox 550 795 682 851; x_wconf 74' lang='grc' dir='ltr'>Ἀπὸ</span> <span class='ocrx_word' id='word_1_58' title='bbox 716 791 910 863; x_wconf 76' lang='grc' dir='ltr'><strong>Βορῤᾶ</strong></span> <span class='ocrx_word' id='word_1_59' title='bbox 940 793 1378 858; x_wconf 78' lang='grc' dir='ltr'><strong>ἐκκαυθήσεται</strong></span> <span class='ocrx_word' id='word_1_60' title='bbox 1407 789 1480 843; x_wconf 86' lang='grc' dir='ltr'>τὰ</span> <span class='ocrx_word' id='word_1_61' title='bbox 1526 787 1681 840; x_wconf 83' lang='grc' dir='ltr'>κακὰ</span> <span class='ocrx_word' id='word_1_62' title='bbox 1709 784 1810 838; x_wconf 76' lang='grc' dir='ltr'><strong>ἐπὶ</strong></span> 
     </span>
    </p>
   </div>
   <div class='ocr_carea' id='block_1_11' title="bbox 223 877 1806 955">
    <p class='ocr_par' dir='ltr' id='par_1_11' title="bbox 223 877 1806 955">
     <span class='ocr_line' id='line_1_11' title="bbox 223 877 1806 955; baseline -0.009 -12"><span class='ocrx_word' id='word_1_63' title='bbox 223 889 459 955; x_wconf 82' lang='grc' dir='ltr'><strong>πάντας</strong></span> <span class='ocrx_word' id='word_1_64' title='bbox 486 887 628 953; x_wconf 87' lang='grc' dir='ltr'>τοὺς</span> <span class='ocrx_word' id='word_1_65' title='bbox 661 882 1086 949; x_wconf 80' lang='grc' dir='ltr'><strong>κατοικοῦντας</strong></span> <span class='ocrx_word' id='word_1_66' title='bbox 1116 882 1232 950; x_wconf 79' lang='grc' dir='ltr'><strong>τὴν</strong></span> <span class='ocrx_word' id='word_1_67' title='bbox 1262 880 1401 950; x_wconf 78' lang='grc' dir='ltr'><strong>γῆν.</strong></span> <span class='ocrx_word' id='word_1_68' title='bbox 1471 877 1624 932; x_wconf 72' lang='grc' dir='ltr'>Ἐπεὶ</span> <span class='ocrx_word' id='word_1_69' title='bbox 1668 877 1726 931; x_wconf 82' lang='grc' dir='ltr'><strong>δὲ</strong></span> <span class='ocrx_word' id='word_1_70' title='bbox 1773 878 1806 947; x_wconf 84' lang='grc' dir='ltr'>ή</span> 
     </span>
    </p>
   </div>
   <div class='ocr_carea' id='block_1_12' title="bbox 222 970 1807 1051">
    <p class='ocr_par' dir='ltr' id='par_1_12' title="bbox 222 970 1807 1051">
     <span class='ocr_line' id='line_1_12' title="bbox 222 970 1807 1051; baseline -0.009 -17"><span class='ocrx_word' id='word_1_71' title='bbox 222 979 473 1051; x_wconf 73' lang='grc' dir='ltr'>βασιλεία</span> <span class='ocrx_word' id='word_1_72' title='bbox 503 977 597 1032; x_wconf 87' lang='grc' dir='ltr'>τοῦ</span> <span class='ocrx_word' id='word_1_73' title='bbox 623 976 756 1030; x_wconf 83' lang='grc' dir='ltr'>Θεοῦ</span> <span class='ocrx_word' id='word_1_74' title='bbox 776 1017 792 1041; x_wconf 91' lang='grc'><strong>,</strong></span> <span class='ocrx_word' id='word_1_75' title='bbox 821 976 914 1029; x_wconf 75' lang='grc' dir='ltr'><strong>ἐπὶ</strong></span> <span class='ocrx_word' id='word_1_76' title='bbox 942 975 1044 1045; x_wconf 80' lang='grc' dir='ltr'>τῆς</span> <span class='ocrx_word' id='word_1_77' title='bbox 1066 975 1170 1044; x_wconf 80' lang='grc' dir='ltr'>γῆς</span> <span class='ocrx_word' id='word_1_78' title='bbox 1196 973 1462 1035; x_wconf 75' lang='grc' dir='ltr'><strong>συστᾶσα,</strong></span> <span class='ocrx_word' id='word_1_79' title='bbox 1489 970 1655 1041; x_wconf 77' lang='grc' dir='ltr'>ήλασε</span> <span class='ocrx_word' id='word_1_80' title='bbox 1682 970 1807 1032; x_wconf 87' lang='grc' dir='ltr'>τοὺς</span> 
     </span>
    </p>
   </div>
   <div class='ocr_carea' id='block_1_13' title="bbox 228 1060 1807 1142">
    <p class='ocr_par' dir='ltr' id='par_1_13' title="bbox 228 1060 1807 1142">
     <span class='ocr_line' id='line_1_13' title="bbox 228 1060 1807 1142; baseline -0.008 -18"><span class='ocrx_word' id='word_1_81' title='bbox 228 1071 291 1124; x_wconf 75' lang='grc' dir='ltr'><strong>τὰ</strong></span> <span class='ocrx_word' id='word_1_82' title='bbox 320 1069 532 1142; x_wconf 77' lang='grc' dir='ltr'>πλευρὰ</span> <span class='ocrx_word' id='word_1_83' title='bbox 559 1068 652 1122; x_wconf 87' lang='grc' dir='ltr'>τοῦ</span> <span class='ocrx_word' id='word_1_84' title='bbox 683 1068 862 1139; x_wconf 74' lang='grc' dir='ltr'><strong>Βορῤἄ</strong></span> <span class='ocrx_word' id='word_1_85' title='bbox 893 1066 1058 1120; x_wconf 81' lang='grc' dir='ltr'>πάλαι</span> <span class='ocrx_word' id='word_1_86' title='bbox 1087 1064 1424 1136; x_wconf 79' lang='grc' dir='ltr'><strong>κρατοῦντας</strong></span> <span class='ocrx_word' id='word_1_87' title='bbox 1449 1101 1463 1124; x_wconf 95' lang='grc'><strong>,</strong></span> <span class='ocrx_word' id='word_1_88' title='bbox 1496 1062 1590 1114; x_wconf 74' lang='grc' dir='ltr'>καὶ</span> <span class='ocrx_word' id='word_1_89' title='bbox 1623 1061 1712 1114; x_wconf 74' lang='grc' dir='ltr'><strong>τὸν</strong></span> <span class='ocrx_word' id='word_1_90' title='bbox 1748 1060 1807 1112; x_wconf 80' lang='grc' dir='ltr'>ὲν</span> 
     </span>
    </p>
   </div>
   <div class='ocr_carea' id='block_1_14' title="bbox 225 1153 1808 1231">
    <p class='ocr_par' dir='ltr' id='par_1_14' title="bbox 225 1153 1808 1231">
     <span class='ocr_line' id='line_1_14' title="bbox 225 1153 1808 1231; baseline -0.008 -14"><span class='ocrx_word' id='word_1_91' title='bbox 225 1163 407 1226; x_wconf 79' lang='grc' dir='ltr'>αὐτοῖς</span> <span class='ocrx_word' id='word_1_92' title='bbox 453 1161 652 1231; x_wconf 79' lang='grc' dir='ltr'>λέϐητα</span> <span class='ocrx_word' id='word_1_93' title='bbox 683 1159 773 1213; x_wconf 81' lang='grc' dir='ltr'><strong>τὸν</strong></span> <span class='ocrx_word' id='word_1_94' title='bbox 805 1158 1161 1228; x_wconf 85' lang='grc' dir='ltr'>ὑποκείμενον</span> <span class='ocrx_word' id='word_1_95' title='bbox 1193 1155 1382 1208; x_wconf 78' lang='grc' dir='ltr'>ἔσϐεσε</span> <span class='ocrx_word' id='word_1_96' title='bbox 1405 1193 1420 1218; x_wconf 93' lang='grc'><strong>,</strong></span> <span class='ocrx_word' id='word_1_97' title='bbox 1456 1153 1717 1224; x_wconf 78' lang='grc' dir='ltr'><strong>κρείττων</strong></span> <span class='ocrx_word' id='word_1_98' title='bbox 1747 1169 1808 1204; x_wconf 86' lang='grc' dir='ltr'><strong>τε</strong></span> 
     </span>
    </p>
   </div>
   <div class='ocr_carea' id='block_1_15' title="bbox 226 1241 1810 1321">
    <p class='ocr_par' dir='ltr' id='par_1_15' title="bbox 226 1241 1810 1321">
     <span class='ocr_line' id='line_1_15' title="bbox 226 1241 1810 1321; baseline -0.007 -17"><span class='ocrx_word' id='word_1_99' title='bbox 226 1243 516 1321; x_wconf 80' lang='grc' dir='ltr'>γεγένηται</span> <span class='ocrx_word' id='word_1_100' title='bbox 545 1248 653 1302; x_wconf 85' lang='grc' dir='ltr'><strong>τῶν</strong></span> <span class='ocrx_word' id='word_1_101' title='bbox 667 1246 852 1301; x_wconf 85' lang='grc' dir='ltr'>κακῶν</span> <span class='ocrx_word' id='word_1_102' title='bbox 873 1246 983 1299; x_wconf 84' lang='grc' dir='ltr'>τῶν</span> <span class='ocrx_word' id='word_1_103' title='bbox 1006 1245 1174 1300; x_wconf 86' lang='grc' dir='ltr'>πάλαι</span> <span class='ocrx_word' id='word_1_104' title='bbox 1196 1245 1288 1298; x_wconf 87' lang='grc' dir='ltr'>τὸν</span> <span class='ocrx_word' id='word_1_105' title='bbox 1314 1244 1524 1315; x_wconf 75' lang='grc' dir='ltr'>Βορρᾶν</span> <span class='ocrx_word' id='word_1_106' title='bbox 1545 1242 1650 1314; x_wconf 86' lang='grc' dir='ltr'><strong>πλη</strong></span> <span class='ocrx_word' id='word_1_107' title='bbox 1660 1241 1810 1313; x_wconf 81' lang='grc' dir='ltr'>ρούν-</span> 
     </span>
    </p>
   </div>
   <div class='ocr_carea' id='block_1_16' title="bbox 225 1332 1810 1408">
    <p class='ocr_par' dir='ltr' id='par_1_16' title="bbox 225 1332 1810 1408">
     <span class='ocr_line' id='line_1_16' title="bbox 225 1332 1810 1408; baseline -0.006 -14"><span class='ocrx_word' id='word_1_108' title='bbox 225 1358 356 1394; x_wconf 86' lang='grc' dir='ltr'>των·</span> <span class='ocrx_word' id='word_1_109' title='bbox 392 1340 618 1402; x_wconf 82' lang='grc' dir='ltr'>είκότως</span> <span class='ocrx_word' id='word_1_110' title='bbox 637 1337 872 1392; x_wconf 76' lang='grc' dir='ltr'>ἐνταῦθα</span> <span class='ocrx_word' id='word_1_111' title='bbox 902 1337 964 1390; x_wconf 85' lang='grc' dir='ltr'><strong>τὸ</strong></span> <span class='ocrx_word' id='word_1_112' title='bbox 997 1334 1293 1408; x_wconf 82' lang='grc' dir='ltr'>προλεχθὲν</span> <span class='ocrx_word' id='word_1_113' title='bbox 1320 1333 1444 1405; x_wconf 73' lang='grc' dir='ltr'>ὅρος</span> <span class='ocrx_word' id='word_1_114' title='bbox 1473 1333 1678 1404; x_wconf 85' lang='grc' dir='ltr'>διήκειν</span> <span class='ocrx_word' id='word_1_115' title='bbox 1721 1332 1810 1385; x_wconf 86' lang='grc' dir='ltr'>λέ-</span> 
     </span>
    </p>
   </div>
   <div class='ocr_carea' id='block_1_17' title="bbox 227 1424 1810 1500">
    <p class='ocr_par' dir='ltr' id='par_1_17' title="bbox 227 1424 1810 1500">
     <span class='ocr_line' id='line_1_17' title="bbox 227 1424 1810 1500; baseline -0.006 -13"><span class='ocrx_word' id='word_1_116' title='bbox 227 1449 381 1500; x_wconf 83' lang='grc' dir='ltr'>γεται</span> <span class='ocrx_word' id='word_1_117' title='bbox 411 1433 506 1486; x_wconf 74' lang='grc' dir='ltr'><strong>ἐπὶ</strong></span> <span class='ocrx_word' id='word_1_118' title='bbox 538 1432 608 1486; x_wconf 80' lang='grc' dir='ltr'><strong>τὰ</strong></span> <span class='ocrx_word' id='word_1_119' title='bbox 641 1428 853 1500; x_wconf 83' lang='grc' dir='ltr'>πλευρὰ</span> <span class='ocrx_word' id='word_1_120' title='bbox 880 1427 974 1482; x_wconf 87' lang='grc' dir='ltr'>τοῦ</span> <span class='ocrx_word' id='word_1_121' title='bbox 1004 1429 1209 1499; x_wconf 76' lang='grc' dir='ltr'>Βορρᾶ.</span> <span class='ocrx_word' id='word_1_122' title='bbox 1257 1425 1409 1479; x_wconf 74' lang='grc' dir='ltr'>Ἐπεὶ</span> <span class='ocrx_word' id='word_1_123' title='bbox 1440 1425 1496 1478; x_wconf 83' lang='grc' dir='ltr'>δὲ</span> <span class='ocrx_word' id='word_1_124' title='bbox 1527 1426 1618 1478; x_wconf 72' lang='grc' dir='ltr'><strong>καὶ</strong></span> <span class='ocrx_word' id='word_1_125' title='bbox 1651 1424 1810 1496; x_wconf 80' lang='grc' dir='ltr'>μέχρι</span> 
     </span>
    </p>
   </div>
   <div class='ocr_carea' id='block_1_18' title="bbox 227 1515 1810 1590">
    <p class='ocr_par' dir='ltr' id='par_1_18' title="bbox 227 1515 1810 1590">
     <span class='ocr_line' id='line_1_18' title="bbox 227 1515 1810 1590; baseline -0.005 -16"><span class='ocrx_word' id='word_1_126' title='bbox 227 1524 332 1581; x_wconf 82' lang='grc' dir='ltr'><strong>τῶν</strong></span> <span class='ocrx_word' id='word_1_127' title='bbox 375 1523 547 1577; x_wconf 79' lang='grc' dir='ltr'>πάλαι</span> <span class='ocrx_word' id='word_1_128' title='bbox 581 1519 986 1590; x_wconf 82' lang='grc' dir='ltr'>είδωλολατρῶν</span> <span class='ocrx_word' id='word_1_129' title='bbox 1016 1518 1186 1572; x_wconf 71' lang='grc' dir='ltr'>ἐθνῶν</span> <span class='ocrx_word' id='word_1_130' title='bbox 1215 1519 1249 1587; x_wconf 86' lang='grc' dir='ltr'><strong>ή</strong></span> <span class='ocrx_word' id='word_1_131' title='bbox 1281 1516 1376 1569; x_wconf 88' lang='grc' dir='ltr'>τοῦ</span> <span class='ocrx_word' id='word_1_132' title='bbox 1413 1515 1672 1586; x_wconf 82' lang='grc' dir='ltr'>βασιλέως</span> <span class='ocrx_word' id='word_1_133' title='bbox 1698 1515 1810 1580; x_wconf 81' lang='grc' dir='ltr'><strong>ἐξε-</strong></span> 
     </span>
    </p>
   </div>
   <div class='ocr_carea' id='block_1_19' title="bbox 226 1604 1810 1684">
    <p class='ocr_par' dir='ltr' id='par_1_19' title="bbox 226 1604 1810 1684">
     <span class='ocr_line' id='line_1_19' title="bbox 226 1604 1810 1684; baseline -0.008 -17"><span class='ocrx_word' id='word_1_134' title='bbox 226 1612 361 1684; x_wconf 82' lang='grc' dir='ltr'>χύθη</span> <span class='ocrx_word' id='word_1_135' title='bbox 387 1611 550 1682; x_wconf 73' lang='grc' dir='ltr'>χάρις</span> <span class='ocrx_word' id='word_1_136' title='bbox 573 1628 586 1642; x_wconf 89' lang='grc'>·</span> <span class='ocrx_word' id='word_1_137' title='bbox 623 1610 716 1664; x_wconf 86' lang='grc' dir='ltr'><strong>δύο</strong></span> <span class='ocrx_word' id='word_1_138' title='bbox 743 1609 800 1662; x_wconf 78' lang='grc' dir='ltr'><strong>δὲ</strong></span> <span class='ocrx_word' id='word_1_139' title='bbox 832 1608 1139 1678; x_wconf 77' lang='grc' dir='ltr'>νοουμένων</span> <span class='ocrx_word' id='word_1_140' title='bbox 1164 1604 1308 1659; x_wconf 76' lang='grc' dir='ltr'>κατὰ</span> <span class='ocrx_word' id='word_1_141' title='bbox 1332 1604 1428 1668; x_wconf 78' lang='grc' dir='ltr'>τὰς</span> <span class='ocrx_word' id='word_1_142' title='bbox 1461 1604 1810 1675; x_wconf 78' lang='grc' dir='ltr'>γεωγραφίας</span> 
     </span>
    </p>
   </div>
   <div class='ocr_carea' id='block_1_20' title="bbox 227 1662 1884 1771">
    <p class='ocr_par' dir='ltr' id='par_1_20' title="bbox 227 1662 1884 1771">
     <span class='ocr_line' id='line_1_20' title="bbox 227 1662 1884 1771; baseline -0.007 -17"><span class='ocrx_word' id='word_1_143' title='bbox 620 1662 927 1770; x_wconf 81' lang='grc' dir='ltr'>μερῶν,τοῦ</span> <span class='ocrx_word' id='word_1_144' title='bbox 954 1662 1052 1766; x_wconf 71' lang='grc' dir='ltr'>μὲν</span> <span class='ocrx_word' id='word_1_145' title='bbox 1081 1693 1220 1748; x_wconf 85' lang='grc' dir='ltr'>κατὰ</span> <span class='ocrx_word' id='word_1_146' title='bbox 1243 1694 1303 1746; x_wconf 78' lang='grc' dir='ltr'><strong>τὸ</strong></span> <span class='ocrx_word' id='word_1_147' title='bbox 1328 1662 1812 1764; x_wconf 58' lang='grc' dir='ltr'>μεσημϐρινὸνκαλ</span> <span class='ocrx_word' id='word_1_148' title='bbox 1845 1662 1884 1716; x_wconf 69' lang='grc' dir='ltr'>υ</span> 
     </span>
    </p>
   </div>
   <div class='ocr_carea' id='block_1_21' title="bbox 225 1781 1809 1863">
    <p class='ocr_par' dir='ltr' id='par_1_21' title="bbox 225 1781 1809 1863">
     <span class='ocr_line' id='line_1_21' title="bbox 225 1781 1809 1863; baseline -0.009 -15"><span class='ocrx_word' id='word_1_149' title='bbox 225 1794 402 1848; x_wconf 71' lang='grc' dir='ltr'>νότιον</span> <span class='ocrx_word' id='word_1_150' title='bbox 425 1792 620 1863; x_wconf 85' lang='grc' dir='ltr'>κλίμα,</span> <span class='ocrx_word' id='word_1_151' title='bbox 647 1790 675 1843; x_wconf 76' lang='grc' dir='ltr'>ὃ</span> <span class='ocrx_word' id='word_1_152' title='bbox 696 1791 759 1862; x_wconf 85' lang='grc' dir='ltr'><strong>δή</strong></span> <span class='ocrx_word' id='word_1_153' title='bbox 778 1805 940 1857; x_wconf 67' lang='grc' dir='ltr'>φασιν</span> <span class='ocrx_word' id='word_1_154' title='bbox 967 1781 1104 1839; x_wconf 83' lang='grc' dir='ltr'>εἶναι</span> <span class='ocrx_word' id='word_1_155' title='bbox 1123 1785 1220 1855; x_wconf 82' lang='grc' dir='ltr'>τῆς</span> <span class='ocrx_word' id='word_1_156' title='bbox 1245 1781 1664 1852; x_wconf 84' lang='grc' dir='ltr'>ἀντοικουμένης</span> <span class='ocrx_word' id='word_1_157' title='bbox 1686 1798 1698 1810; x_wconf 73' lang='grc' dir='ltr'>ο</span> <span class='ocrx_word' id='word_1_158' title='bbox 1717 1783 1809 1834; x_wconf 86' lang='grc' dir='ltr'>τοῦ</span> 
     </span>
    </p>
   </div>
   <div class='ocr_carea' id='block_1_22' title="bbox 229 1871 1811 1956">
    <p class='ocr_par' dir='ltr' id='par_1_22' title="bbox 229 1871 1811 1956">
     <span class='ocr_line' id='line_1_22' title="bbox 229 1871 1811 1956; baseline -0.01 -17"><span class='ocrx_word' id='word_1_159' title='bbox 229 1886 268 1938; x_wconf 80' lang='grc' dir='ltr'><strong>δ’</strong></span> <span class='ocrx_word' id='word_1_160' title='bbox 296 1885 485 1956; x_wconf 72' lang='grc' dir='ltr'>ἑτέρου</span> <span class='ocrx_word' id='word_1_161' title='bbox 515 1881 658 1936; x_wconf 82' lang='grc' dir='ltr'>κατὰ</span> <span class='ocrx_word' id='word_1_162' title='bbox 677 1880 737 1933; x_wconf 80' lang='grc' dir='ltr'><strong>τὸ</strong></span> <span class='ocrx_word' id='word_1_163' title='bbox 763 1879 1028 1951; x_wconf 79' lang='grc' dir='ltr'>βόρῤειον,</span> <span class='ocrx_word' id='word_1_164' title='bbox 1045 1875 1073 1928; x_wconf 75' lang='grc' dir='ltr'><strong>ὃ</strong></span> <span class='ocrx_word' id='word_1_165' title='bbox 1099 1872 1349 1942; x_wconf 78' lang='grc' dir='ltr'><strong>οἰκοῦμεν</strong></span> <span class='ocrx_word' id='word_1_166' title='bbox 1376 1873 1554 1942; x_wconf 74' lang='grc' dir='ltr'>ἡμεῖς·</span> <span class='ocrx_word' id='word_1_167' title='bbox 1586 1871 1811 1934; x_wconf 77' lang='grc' dir='ltr'><strong>εἰκότως</strong></span> 
     </span>
    </p>
   </div>
   <div class='ocr_carea' id='block_1_23' title="bbox 230 1960 1810 2042">
    <p class='ocr_par' dir='ltr' id='par_1_23' title="bbox 230 1960 1810 2042">
     <span class='ocr_line' id='line_1_23' title="bbox 230 1960 1810 2042; baseline -0.009 -14"><span class='ocrx_word' id='word_1_168' title='bbox 230 1976 258 2027; x_wconf 83' lang='grc' dir='ltr'><strong>ὁ</strong></span> <span class='ocrx_word' id='word_1_169' title='bbox 289 1972 480 2042; x_wconf 84' lang='grc' dir='ltr'>παρὼν</span> <span class='ocrx_word' id='word_1_170' title='bbox 521 1971 678 2040; x_wconf 81' lang='grc' dir='ltr'>λόγος</span> <span class='ocrx_word' id='word_1_171' title='bbox 707 1969 807 2039; x_wconf 86' lang='grc' dir='ltr'>τὴν</span> <span class='ocrx_word' id='word_1_172' title='bbox 851 1966 972 2023; x_wconf 88' lang='grc' dir='ltr'>καθ’</span> <span class='ocrx_word' id='word_1_173' title='bbox 1005 1965 1150 2036; x_wconf 74' lang='grc' dir='ltr'>ἡμᾶς</span> <span class='ocrx_word' id='word_1_174' title='bbox 1181 1962 1502 2032; x_wconf 78' lang='grc' dir='ltr'>οἰκουμένην</span> <span class='ocrx_word' id='word_1_175' title='bbox 1533 1960 1810 2032; x_wconf 84' lang='grc' dir='ltr'>σημαίνων</span> 
     </span>
    </p>
   </div>
   <div class='ocr_carea' id='block_1_24' title="bbox 231 2052 1812 2136">
    <p class='ocr_par' dir='ltr' id='par_1_24' title="bbox 231 2052 1812 2136">
     <span class='ocr_line' id='line_1_24' title="bbox 231 2052 1812 2136; baseline -0.008 -18"><span class='ocrx_word' id='word_1_176' title='bbox 231 2053 299 2127; x_wconf 72' lang='grc' dir='ltr'>τὰ</span> <span class='ocrx_word' id='word_1_177' title='bbox 323 2063 537 2136; x_wconf 73' lang='grc' dir='ltr'>πλευρὰ</span> <span class='ocrx_word' id='word_1_178' title='bbox 561 2061 654 2116; x_wconf 85' lang='grc' dir='ltr'>τοῦ</span> <span class='ocrx_word' id='word_1_179' title='bbox 690 2060 871 2132; x_wconf 76' lang='grc' dir='ltr'>Βορῥᾶ</span> <span class='ocrx_word' id='word_1_180' title='bbox 898 2058 1200 2128; x_wconf 83' lang='grc' dir='ltr'>ὠνόμασεν.</span> <span class='ocrx_word' id='word_1_181' title='bbox 1246 2053 1454 2118; x_wconf 80' lang='grc' dir='ltr'>Ἀλλως</span> <span class='ocrx_word' id='word_1_182' title='bbox 1475 2053 1533 2106; x_wconf 83' lang='grc' dir='ltr'><strong>δὲ</strong></span> <span class='ocrx_word' id='word_1_183' title='bbox 1566 2053 1665 2105; x_wconf 83' lang='grc' dir='ltr'><strong>οὐκ</strong></span> <span class='ocrx_word' id='word_1_184' title='bbox 1697 2052 1812 2105; x_wconf 80' lang='grc' dir='ltr'>ἐστι</span> 
     </span>
    </p>
   </div>
   <div class='ocr_carea' id='block_1_25' title="bbox 230 2143 1814 2222">
    <p class='ocr_par' dir='ltr' id='par_1_25' title="bbox 230 2143 1814 2222">
     <span class='ocr_line' id='line_1_25' title="bbox 230 2143 1814 2222; baseline -0.009 -14"><span class='ocrx_word' id='word_1_185' title='bbox 230 2153 400 2208; x_wconf 79' lang='grc' dir='ltr'>ταῦτα</span> <span class='ocrx_word' id='word_1_186' title='bbox 427 2152 681 2218; x_wconf 80' lang='grc' dir='ltr'>δέξασθαι</span> <span class='ocrx_word' id='word_1_187' title='bbox 706 2151 738 2222; x_wconf 81' lang='grc' dir='ltr'>ἢ</span> <span class='ocrx_word' id='word_1_188' title='bbox 772 2150 948 2221; x_wconf 82' lang='grc' dir='ltr'>μόνως</span> <span class='ocrx_word' id='word_1_189' title='bbox 967 2147 1139 2208; x_wconf 79' lang='grc' dir='ltr'>οὕτως</span> <span class='ocrx_word' id='word_1_190' title='bbox 1157 2164 1170 2177; x_wconf 86' lang='grc'><strong>·</strong></span> <span class='ocrx_word' id='word_1_191' title='bbox 1196 2145 1495 2216; x_wconf 73' lang='grc' dir='ltr'>ἐπειδήπερ</span> <span class='ocrx_word' id='word_1_192' title='bbox 1521 2145 1553 2214; x_wconf 84' lang='grc' dir='ltr'>ἡ</span> <span class='ocrx_word' id='word_1_193' title='bbox 1587 2143 1814 2214; x_wconf 84' lang='grc' dir='ltr'>Ἐκκλη-</span> 
     </span>
    </p>
   </div>
   <div class='ocr_carea' id='block_1_26' title="bbox 239 2230 1814 2324">
    <p class='ocr_par' dir='ltr' id='par_1_26' title="bbox 239 2230 1814 2324">
     <span class='ocr_line' id='line_1_26' title="bbox 239 2230 1814 2324; baseline -0.008 -24"><span class='ocrx_word' id='word_1_194' title='bbox 239 2246 323 2324; x_wconf 59' lang='grc' dir='ltr'><strong>σία</strong></span> <span class='ocrx_word' id='word_1_195' title='bbox 349 2245 440 2299; x_wconf 88' lang='grc' dir='ltr'>τοῦ</span> <span class='ocrx_word' id='word_1_196' title='bbox 466 2244 625 2308; x_wconf 83' lang='grc' dir='ltr'>Θεοῦ,</span> <span class='ocrx_word' id='word_1_197' title='bbox 659 2243 1051 2314; x_wconf 85' lang='grc' dir='ltr'>πεπληρωκυῖα</span> <span class='ocrx_word' id='word_1_198' title='bbox 1069 2237 1139 2293; x_wconf 82' lang='grc' dir='ltr'>τὰ</span> <span class='ocrx_word' id='word_1_199' title='bbox 1164 2237 1372 2310; x_wconf 73' lang='grc' dir='ltr'>πλευρὰ</span> <span class='ocrx_word' id='word_1_200' title='bbox 1395 2230 1489 2290; x_wconf 86' lang='grc' dir='ltr'>τοῦ</span> <span class='ocrx_word' id='word_1_201' title='bbox 1514 2236 1694 2308; x_wconf 77' lang='grc' dir='ltr'>Βορῤᾶ</span> <span class='ocrx_word' id='word_1_202' title='bbox 1720 2235 1814 2289; x_wconf 74' lang='grc' dir='ltr'>καὶ</span> 
     </span>
    </p>
   </div>
   <div class='ocr_carea' id='block_1_27' title="bbox 237 2326 1815 2406">
    <p class='ocr_par' dir='ltr' id='par_1_27' title="bbox 237 2326 1815 2406">
     <span class='ocr_line' id='line_1_27' title="bbox 237 2326 1815 2406; baseline -0.006 -15"><span class='ocrx_word' id='word_1_203' title='bbox 237 2338 409 2391; x_wconf 72' lang='grc' dir='ltr'>πᾶσαν</span> <span class='ocrx_word' id='word_1_204' title='bbox 436 2337 533 2406; x_wconf 80' lang='grc' dir='ltr'>τὴν</span> <span class='ocrx_word' id='word_1_205' title='bbox 555 2336 796 2406; x_wconf 70' lang='grc' dir='ltr'>βὸῥρειον</span> <span class='ocrx_word' id='word_1_206' title='bbox 817 2331 1159 2402; x_wconf 72' lang='grc' dir='ltr'>οἰκουμένην,</span> <span class='ocrx_word' id='word_1_207' title='bbox 1177 2329 1471 2400; x_wconf 67' lang='grc' dir='ltr'>ὀφθαλμοῖς</span> <span class='ocrx_word' id='word_1_208' title='bbox 1489 2329 1702 2399; x_wconf 79' lang='grc' dir='ltr'>ὁρᾶται·</span> <span class='ocrx_word' id='word_1_209' title='bbox 1727 2326 1815 2381; x_wconf 74' lang='grc' dir='ltr'><strong>διὰ</strong></span> 
     </span>
    </p>
   </div>
   <div class='ocr_carea' id='block_1_28' title="bbox 238 2416 1813 2500">
    <p class='ocr_par' dir='ltr' id='par_1_28' title="bbox 238 2416 1813 2500">
     <span class='ocr_line' id='line_1_28' title="bbox 238 2416 1813 2500; baseline -0.007 -18"><span class='ocrx_word' id='word_1_210' title='bbox 238 2430 510 2500; x_wconf 67' lang='grc' dir='ltr'>λέλεκταισ</span> <span class='ocrx_word' id='word_1_211' title='bbox 568 2431 713 2496; x_wconf 79' lang='grc' dir='ltr'>Ὀρη</span> <span class='ocrx_word' id='word_1_212' title='bbox 758 2425 943 2491; x_wconf 83' lang='grc' dir='ltr'>Σιὼν,</span> <span class='ocrx_word' id='word_1_213' title='bbox 993 2423 1066 2478; x_wconf 83' lang='grc' dir='ltr'>τὰ</span> <span class='ocrx_word' id='word_1_214' title='bbox 1096 2421 1328 2490; x_wconf 77' lang='grc' dir='ltr'>πλευρὰ</span> <span class='ocrx_word' id='word_1_215' title='bbox 1364 2419 1468 2474; x_wconf 84' lang='grc' dir='ltr'>τοῦ</span> <span class='ocrx_word' id='word_1_216' title='bbox 1511 2416 1739 2494; x_wconf 72' lang='grc' dir='ltr'>Βορῤᾶ,</span> <span class='ocrx_word' id='word_1_217' title='bbox 1774 2418 1813 2485; x_wconf 78' lang='grc' dir='ltr'><strong><em>ἠ</em></strong></span> 
     </span>
    </p>
   </div>
   <div class='ocr_carea' id='block_1_29' title="bbox 239 2508 1763 2588">
    <p class='ocr_par' dir='ltr' id='par_1_29' title="bbox 239 2508 1763 2588">
     <span class='ocr_line' id='line_1_29' title="bbox 239 2508 1763 2588; baseline -0.007 -12"><span class='ocrx_word' id='word_1_218' title='bbox 239 2508 410 2588; x_wconf 72' lang='grc' dir='ltr'>πόλις</span> <span class='ocrx_word' id='word_1_219' title='bbox 450 2521 555 2575; x_wconf 84' lang='grc' dir='ltr'>τοῦ</span> <span class='ocrx_word' id='word_1_220' title='bbox 577 2518 884 2584; x_wconf 71' lang='grc' dir='ltr'>,ϐασιλέως</span> <span class='ocrx_word' id='word_1_221' title='bbox 907 2516 1015 2571; x_wconf 87' lang='grc' dir='ltr'>τοῦ</span> <span class='ocrx_word' id='word_1_222' title='bbox 1039 2513 1330 2586; x_wconf 76' lang='grc' dir='ltr'>μεγάλου.</span> <span class='ocrx_word' id='word_1_223' title='bbox 1692 2548 1699 2555; x_wconf 77' lang='grc' dir='ltr'><strong>ι</strong></span> <span class='ocrx_word' id='word_1_224' title='bbox 1755 2538 1763 2547; x_wconf 86' lang='grc'><strong>-</strong></span> 
     </span>
    </p>
   </div>
   <div class='ocr_carea' id='block_1_30' title="bbox 255 2602 1812 2680">
    <p class='ocr_par' dir='ltr' id='par_1_30' title="bbox 255 2602 1812 2680">
     <span class='ocr_line' id='line_1_30' title="bbox 255 2602 1812 2680; baseline -0.009 -12"><span class='ocrx_word' id='word_1_225' title='bbox 255 2657 286 2680; x_wconf 78' lang='grc'>,.</span> <span class='ocrx_word' id='word_1_226' title='bbox 318 2612 380 2667; x_wconf 91' lang='lat'><strong>&#39;0</strong></span> <span class='ocrx_word' id='word_1_227' title='bbox 421 2610 566 2677; x_wconf 82' lang='grc' dir='ltr'>Θεὸς</span> <span class='ocrx_word' id='word_1_228' title='bbox 611 2609 682 2662; x_wconf 82' lang='grc' dir='ltr'><strong>ἐν</strong></span> <span class='ocrx_word' id='word_1_229' title='bbox 731 2607 860 2674; x_wconf 77' lang='grc' dir='ltr'>ταῖς</span> <span class='ocrx_word' id='word_1_230' title='bbox 888 2605 1150 2676; x_wconf 80' lang='grc' dir='ltr'>,ϐάρεσιν</span> <span class='ocrx_word' id='word_1_231' title='bbox 1200 2603 1393 2673; x_wconf 84' lang='grc' dir='ltr'>αὐτῆς</span> <span class='ocrx_word' id='word_1_232' title='bbox 1442 2602 1812 2673; x_wconf 74' lang='grc' dir='ltr'>γινώσκεται.</span> 
     </span>
    </p>
   </div>
   <div class='ocr_carea' id='block_1_31' title="bbox 241 2693 1818 2772">
    <p class='ocr_par' dir='ltr' id='par_1_31' title="bbox 241 2693 1818 2772">
     <span class='ocr_line' id='line_1_31' title="bbox 241 2693 1818 2772; baseline -0.009 -14"><span class='ocrx_word' id='word_1_233' title='bbox 241 2704 406 2772; x_wconf 78' lang='grc' dir='ltr'>Πάλιν</span> <span class='ocrx_word' id='word_1_234' title='bbox 439 2701 717 2759; x_wconf 67' lang='grc' dir='ltr'>κάνταῦθα</span> <span class='ocrx_word' id='word_1_235' title='bbox 742 2703 944 2772; x_wconf 87' lang='grc' dir='ltr'>σημεῖα</span> <span class='ocrx_word' id='word_1_236' title='bbox 965 2700 1073 2769; x_wconf 62' lang='grc' dir='ltr'>’τῆς</span> <span class='ocrx_word' id='word_1_237' title='bbox 1103 2697 1408 2768; x_wconf 78' lang='grc' dir='ltr'>παρουσίας</span> <span class='ocrx_word' id='word_1_238' title='bbox 1439 2695 1532 2748; x_wconf 88' lang='grc' dir='ltr'>τοῦ</span> <span class='ocrx_word' id='word_1_239' title='bbox 1561 2693 1695 2748; x_wconf 86' lang='grc' dir='ltr'>Θεοῦ</span> <span class='ocrx_word' id='word_1_240' title='bbox 1717 2693 1818 2762; x_wconf 81' lang='grc' dir='ltr'>τῆς</span> 
     </span>
    </p>
   </div>
   <div class='ocr_carea' id='block_1_32' title="bbox 235 2785 1818 2865">
    <p class='ocr_par' dir='ltr' id='par_1_32' title="bbox 235 2785 1818 2865">
     <span class='ocr_line' id='line_1_32' title="bbox 235 2785 1818 2865; baseline -0.008 -17"><span class='ocrx_word' id='word_1_241' title='bbox 235 2797 296 2848; x_wconf 72' lang='grc' dir='ltr'>ἐν</span> <span class='ocrx_word' id='word_1_242' title='bbox 339 2797 406 2865; x_wconf 75' lang='grc' dir='ltr'>τῇ</span> <span class='ocrx_word' id='word_1_243' title='bbox 444 2793 594 2846; x_wconf 82' lang='grc' dir='ltr'>πόλει</span> <span class='ocrx_word' id='word_1_244' title='bbox 631 2790 794 2845; x_wconf 83' lang='grc' dir='ltr'>αὑτοῦ</span> <span class='ocrx_word' id='word_1_245' title='bbox 822 2793 890 2860; x_wconf 78' lang='grc' dir='ltr'><strong>τῇ</strong></span> <span class='ocrx_word' id='word_1_246' title='bbox 926 2788 1281 2859; x_wconf 76' lang='grc' dir='ltr'>προλεχθείσῃ</span> <span class='ocrx_word' id='word_1_247' title='bbox 1311 2785 1542 2839; x_wconf 82' lang='grc' dir='ltr'>δίδωσιν.</span> <span class='ocrx_word' id='word_1_248' title='bbox 1609 2785 1818 2854; x_wconf 81' lang='grc' dir='ltr'>’Ὠσπερ</span> 
     </span>
    </p>
   </div>
   <div class='ocr_carea' id='block_1_33' title="bbox 247 2873 1818 2959">
    <p class='ocr_par' dir='ltr' id='par_1_33' title="bbox 247 2873 1818 2959">
     <span class='ocr_line' id='line_1_33' title="bbox 247 2873 1818 2959; baseline -0.006 -21"><span class='ocrx_word' id='word_1_249' title='bbox 247 2883 350 2959; x_wconf 59' lang='grc' dir='ltr'>γὰρ</span> <span class='ocrx_word' id='word_1_250' title='bbox 379 2887 437 2938; x_wconf 74' lang='grc' dir='ltr'>ὲν</span> <span class='ocrx_word' id='word_1_251' title='bbox 464 2886 576 2947; x_wconf 83' lang='grc' dir='ltr'>τοῖς</span> <span class='ocrx_word' id='word_1_252' title='bbox 618 2881 872 2951; x_wconf 79' lang='grc' dir='ltr'>ἀνωτέρω</span> <span class='ocrx_word' id='word_1_253' title='bbox 904 2879 1120 2949; x_wconf 75' lang='grc' dir='ltr'>εἴρητοο</span> <span class='ocrx_word' id='word_1_254' title='bbox 1157 2878 1210 2930; x_wconf 89' lang='lat'><strong>&#39;0</strong></span> <span class='ocrx_word' id='word_1_255' title='bbox 1246 2875 1392 2942; x_wconf 83' lang='grc' dir='ltr'><strong>Θεὸς</strong></span> <span class='ocrx_word' id='word_1_256' title='bbox 1418 2875 1489 2929; x_wconf 85' lang='grc' dir='ltr'><strong>ἐν</strong></span> <span class='ocrx_word' id='word_1_257' title='bbox 1512 2873 1682 2943; x_wconf 79' lang='grc' dir='ltr'>μέσῳ</span> <span class='ocrx_word' id='word_1_258' title='bbox 1708 2877 1818 2928; x_wconf 86' lang='grc' dir='ltr'><strong>αὑ·-</strong></span> 
     </span>
    </p>
   </div>
   <div class='ocr_carea' id='block_1_34' title="bbox 243 2964 1817 3044">
    <p class='ocr_par' dir='ltr' id='par_1_34' title="bbox 243 2964 1817 3044">
     <span class='ocr_line' id='line_1_34' title="bbox 243 2964 1817 3044; baseline -0.009 -13"><span class='ocrx_word' id='word_1_259' title='bbox 243 2975 352 3044; x_wconf 78' lang='grc' dir='ltr'>τῆς</span> <span class='ocrx_word' id='word_1_260' title='bbox 371 3016 386 3040; x_wconf 90' lang='grc'><strong>,</strong></span> <span class='ocrx_word' id='word_1_261' title='bbox 415 2975 513 3028; x_wconf 73' lang='grc' dir='ltr'><strong>καί</strong></span> <span class='ocrx_word' id='word_1_262' title='bbox 532 2976 604 3028; x_wconf 84' lang='grc' dir='ltr'><strong>οὐ</strong></span> <span class='ocrx_word' id='word_1_263' title='bbox 633 2971 1100 3037; x_wconf 66' lang='grc' dir='ltr'>σαλευθήσεταιι</span> <span class='ocrx_word' id='word_1_264' title='bbox 1124 2967 1419 3036; x_wconf 78' lang='grc' dir='ltr'>,ϐοηθήσει</span> <span class='ocrx_word' id='word_1_265' title='bbox 1441 2964 1594 3033; x_wconf 79' lang='grc' dir='ltr'>αὐτῇ</span> <span class='ocrx_word' id='word_1_266' title='bbox 1616 2968 1648 3018; x_wconf 88' lang='grc' dir='ltr'><em>ὀ</em></span> <span class='ocrx_word' id='word_1_267' title='bbox 1675 2964 1817 3029; x_wconf 85' lang='grc' dir='ltr'>Θεὸς</span> 
     </span>
    </p>
   </div>
   <div class='ocr_carea' id='block_1_35' title="bbox 241 3055 1824 3136">
    <p class='ocr_par' dir='ltr' id='par_1_35' title="bbox 241 3055 1824 3136">
     <span class='ocr_line' id='line_1_35' title="bbox 241 3055 1824 3136; baseline -0.011 -13"><span class='ocrx_word' id='word_1_268' title='bbox 241 3067 307 3124; x_wconf 71' lang='grc' dir='ltr'><strong>δ’ὁ</strong></span> <span class='ocrx_word' id='word_1_269' title='bbox 335 3066 488 3136; x_wconf 81' lang='grc' dir='ltr'>πρὸς</span> <span class='ocrx_word' id='word_1_270' title='bbox 517 3063 667 3132; x_wconf 80' lang='grc' dir='ltr'>πρωῒ</span> <span class='ocrx_word' id='word_1_271' title='bbox 685 3063 850 3130; x_wconf 78' lang='grc' dir='ltr'>πρωΐ.</span> <span class='ocrx_word' id='word_1_272' title='bbox 893 3059 1346 3128; x_wconf 79' lang='grc' dir='ltr'>Ἐταράχθησαν</span> <span class='ocrx_word' id='word_1_273' title='bbox 1371 3057 1540 3123; x_wconf 76' lang='grc' dir='ltr'>ἔθνη,</span> <span class='ocrx_word' id='word_1_274' title='bbox 1570 3055 1824 3108; x_wconf 72' lang='grc' dir='ltr'>έκλιναν</span> 
     </span>
    </p>
   </div>
   <div class='ocr_carea' id='block_1_36' title="bbox 243 3141 1819 3223">
    <p class='ocr_par' dir='ltr' id='par_1_36' title="bbox 243 3141 1819 3223">
     <span class='ocr_line' id='line_1_36' title="bbox 243 3141 1819 3223; baseline -0.016 -6"><span class='ocrx_word' id='word_1_275' title='bbox 243 3157 547 3223; x_wconf 58' lang='lat' dir='ltr'><strong>Buculeius</strong></span> <span class='ocrx_word' id='word_1_276' title='bbox 567 3196 580 3221; x_wconf 96' lang='lat'><strong>,</strong></span> <span class='ocrx_word' id='word_1_277' title='bbox 613 3154 798 3209; x_wconf 69' lang='grc' dir='ltr'>ἔδωκε</span> <span class='ocrx_word' id='word_1_278' title='bbox 822 3152 1032 3221; x_wconf 73' lang='grc' dir='ltr'><em>φωνὴν</em></span> <span class='ocrx_word' id='word_1_279' title='bbox 1056 3149 1242 3205; x_wconf 86' lang='grc' dir='ltr'>αὐτοῦ</span> <span class='ocrx_word' id='word_1_280' title='bbox 1261 3188 1276 3211; x_wconf 93' lang='grc'><strong>,</strong></span> <span class='ocrx_word' id='word_1_281' title='bbox 1310 3147 1608 3212; x_wconf 79' lang='grc' dir='ltr'><strong>ἐσαλεύθη</strong></span> <span class='ocrx_word' id='word_1_282' title='bbox 1639 3145 1678 3211; x_wconf 73' lang='grc' dir='ltr'>ἡ</span> <span class='ocrx_word' id='word_1_283' title='bbox 1707 3141 1782 3212; x_wconf 76' lang='grc' dir='ltr'>γῆ</span> <span class='ocrx_word' id='word_1_284' title='bbox 1803 3157 1819 3174; x_wconf 79' lang='grc' dir='ltr'><strong>ο</strong></span> 
     </span>
    </p>
   </div>
   <div class='ocr_carea' id='block_1_37' title="bbox 245 3233 1826 3317">
    <p class='ocr_par' dir='ltr' id='par_1_37' title="bbox 245 3233 1826 3317">
     <span class='ocr_line' id='line_1_37' title="bbox 245 3233 1826 3317; baseline -0.014 -11"><span class='ocrx_word' id='word_1_285' title='bbox 245 3251 330 3306; x_wconf 75' lang='grc' dir='ltr'><strong>τὸν</strong></span> <span class='ocrx_word' id='word_1_286' title='bbox 364 3249 527 3304; x_wconf 79' lang='grc' dir='ltr'>αὑτὸν</span> <span class='ocrx_word' id='word_1_287' title='bbox 561 3247 761 3317; x_wconf 80' lang='grc' dir='ltr'>τρόπον</span> <span class='ocrx_word' id='word_1_288' title='bbox 793 3243 886 3297; x_wconf 73' lang='grc' dir='ltr'>καὶ</span> <span class='ocrx_word' id='word_1_289' title='bbox 919 3241 1014 3295; x_wconf 87' lang='grc' dir='ltr'>νῦν</span> <span class='ocrx_word' id='word_1_290' title='bbox 1044 3240 1106 3293; x_wconf 77' lang='grc' dir='ltr'><strong>τὸ</strong></span> <span class='ocrx_word' id='word_1_291' title='bbox 1134 3240 1364 3310; x_wconf 79' lang='grc' dir='ltr'>ἐναργὲς</span> <span class='ocrx_word' id='word_1_292' title='bbox 1393 3237 1492 3306; x_wconf 83' lang='grc' dir='ltr'>τῆς</span> <span class='ocrx_word' id='word_1_293' title='bbox 1526 3233 1826 3305; x_wconf 83' lang='grc' dir='ltr'>παρουσίας</span> 
     </span>
    </p>
   </div>
   <div class='ocr_carea' id='block_1_38' title="bbox 248 3305 1880 3405">
    <p class='ocr_par' dir='ltr' id='par_1_38' title="bbox 248 3305 1880 3405">
     <span class='ocr_line' id='line_1_38' title="bbox 248 3305 1880 3405; baseline -0.013 -11"><span class='ocrx_word' id='word_1_294' title='bbox 248 3305 334 3395; x_wconf 74' lang='grc' dir='ltr'>τοῦ</span> <span class='ocrx_word' id='word_1_295' title='bbox 367 3336 502 3392; x_wconf 84' lang='grc' dir='ltr'>Θεοῦ</span> <span class='ocrx_word' id='word_1_296' title='bbox 557 3305 617 3388; x_wconf 74' lang='grc' dir='ltr'>ὲν</span> <span class='ocrx_word' id='word_1_297' title='bbox 647 3335 714 3405; x_wconf 78' lang='grc' dir='ltr'>τῇ</span> <span class='ocrx_word' id='word_1_298' title='bbox 759 3332 909 3385; x_wconf 88' lang='grc' dir='ltr'>πόλει</span> <span class='ocrx_word' id='word_1_299' title='bbox 954 3327 1119 3382; x_wconf 85' lang='grc' dir='ltr'>αὐτοῦ</span> <span class='ocrx_word' id='word_1_300' title='bbox 1154 3305 1457 3398; x_wconf 80' lang='grc' dir='ltr'>παρίστησι</span> <span class='ocrx_word' id='word_1_301' title='bbox 1494 3324 1703 3391; x_wconf 73' lang='grc' dir='ltr'>λέγων’</span> <span class='ocrx_word' id='word_1_302' title='bbox 1773 3323 1825 3373; x_wconf 88' lang='lat'><strong>&#39;0</strong></span> <span class='ocrx_word' id='word_1_303' title='bbox 1873 3305 1880 3324; x_wconf 82' lang='grc'><em>’</em></span> 
     </span>
    </p>
   </div>
   <div class='ocr_carea' id='block_1_39' title="bbox 243 3413 1828 3498">
    <p class='ocr_par' dir='ltr' id='par_1_39' title="bbox 243 3413 1828 3498">
     <span class='ocr_line' id='line_1_39' title="bbox 243 3413 1828 3498; baseline -0.015 -12"><span class='ocrx_word' id='word_1_304' title='bbox 243 3431 389 3498; x_wconf 79' lang='grc' dir='ltr'>Θεὸς</span> <span class='ocrx_word' id='word_1_305' title='bbox 406 3431 478 3484; x_wconf 81' lang='grc' dir='ltr'><strong>ἐν</strong></span> <span class='ocrx_word' id='word_1_306' title='bbox 491 3425 756 3494; x_wconf 78' lang='grc' dir='ltr'>,βάρεσιν</span> <span class='ocrx_word' id='word_1_307' title='bbox 778 3421 966 3489; x_wconf 79' lang='grc' dir='ltr'>αὐτῆς</span> <span class='ocrx_word' id='word_1_308' title='bbox 985 3415 1364 3491; x_wconf 77' lang='grc' dir='ltr'><strong>γινώσκεται,</strong></span> <span class='ocrx_word' id='word_1_309' title='bbox 1389 3413 1535 3467; x_wconf 80' lang='grc' dir='ltr'>ὅταν</span> <span class='ocrx_word' id='word_1_310' title='bbox 1555 3413 1828 3482; x_wconf 81' lang='grc' dir='ltr'>ἀντιλαμ-</span> 
     </span>
    </p>
   </div>
   <div class='ocr_carea' id='block_1_40' title="bbox 231 3504 1828 3590">
    <p class='ocr_par' dir='ltr' id='par_1_40' title="bbox 231 3504 1828 3590">
     <span class='ocr_line' id='line_1_40' title="bbox 231 3504 1828 3590; baseline -0.015 -12"><span class='ocrx_word' id='word_1_311' title='bbox 231 3522 491 3590; x_wconf 70' lang='grc' dir='ltr'>ἐάνηται</span> <span class='ocrx_word' id='word_1_312' title='bbox 515 3517 723 3586; x_wconf 82' lang='grc' dir='ltr'>αὐτῆς.</span> <span class='ocrx_word' id='word_1_313' title='bbox 767 3513 914 3568; x_wconf 78' lang='grc' dir='ltr'>Ἀντὶ</span> <span class='ocrx_word' id='word_1_314' title='bbox 939 3512 995 3566; x_wconf 81' lang='grc' dir='ltr'><strong>δὲ</strong></span> <span class='ocrx_word' id='word_1_315' title='bbox 1016 3508 1132 3575; x_wconf 88' lang='grc' dir='ltr'>τοῦ,</span> <span class='ocrx_word' id='word_1_316' title='bbox 1170 3510 1271 3562; x_wconf 80' lang='grc' dir='ltr'><em>Ἐν</em></span> <span class='ocrx_word' id='word_1_317' title='bbox 1295 3505 1422 3572; x_wconf 83' lang='grc' dir='ltr'>ταῖς</span> <span class='ocrx_word' id='word_1_318' title='bbox 1442 3504 1702 3572; x_wconf 78' lang='grc' dir='ltr'>,βάρεσιν</span> <span class='ocrx_word' id='word_1_319' title='bbox 1722 3505 1828 3556; x_wconf 82' lang='grc' dir='ltr'><strong>αὺ-</strong></span> 
     </span>
    </p>
   </div>
   <div class='ocr_carea' id='block_1_41' title="bbox 247 3594 1830 3681">
    <p class='ocr_par' dir='ltr' id='par_1_41' title="bbox 247 3594 1830 3681">
     <span class='ocr_line' id='line_1_41' title="bbox 247 3594 1830 3681; baseline -0.012 -15"><span class='ocrx_word' id='word_1_320' title='bbox 247 3611 356 3680; x_wconf 85' lang='grc' dir='ltr'>τῆς</span> <span class='ocrx_word' id='word_1_321' title='bbox 373 3651 388 3676; x_wconf 91' lang='grc'><strong>,</strong></span> <span class='ocrx_word' id='word_1_322' title='bbox 409 3613 438 3665; x_wconf 84' lang='grc' dir='ltr'>ὁ</span> <span class='ocrx_word' id='word_1_323' title='bbox 451 3609 750 3681; x_wconf 85' lang='grc' dir='ltr'>Σύμμαχος</span> <span class='ocrx_word' id='word_1_324' title='bbox 767 3623 780 3635; x_wconf 89' lang='grc'><strong>·</strong></span> <span class='ocrx_word' id='word_1_325' title='bbox 844 3605 948 3660; x_wconf 83' lang='grc' dir='ltr'><strong>Ἐν</strong></span> <span class='ocrx_word' id='word_1_326' title='bbox 967 3601 1092 3668; x_wconf 86' lang='grc' dir='ltr'>τοῖς</span> <span class='ocrx_word' id='word_1_327' title='bbox 1119 3598 1461 3665; x_wconf 75' lang='grc' dir='ltr'>,βασιλείοις</span> <span class='ocrx_word' id='word_1_328' title='bbox 1479 3594 1670 3663; x_wconf 82' lang='grc' dir='ltr'>αὐτῆς</span> <span class='ocrx_word' id='word_1_329' title='bbox 1689 3611 1830 3663; x_wconf 71' lang='grc' dir='ltr'>τινω-</span> 
     </span>
    </p>
   </div>
   <div class='ocr_carea' id='block_1_42' title="bbox 247 3682 1830 3771">
    <p class='ocr_par' dir='ltr' id='par_1_42' title="bbox 247 3682 1830 3771">
     <span class='ocr_line' id='line_1_42' title="bbox 247 3682 1830 3771; baseline -0.013 -16"><span class='ocrx_word' id='word_1_330' title='bbox 247 3703 557 3768; x_wconf 79' lang='grc' dir='ltr'>σθήσεται,</span> <span class='ocrx_word' id='word_1_331' title='bbox 588 3700 826 3771; x_wconf 77' lang='grc' dir='ltr'>εἴρηκεν,</span> <span class='ocrx_word' id='word_1_332' title='bbox 844 3691 1111 3764; x_wconf 77' lang='grc' dir='ltr'>Ἀφανοῦς</span> <span class='ocrx_word' id='word_1_333' title='bbox 1138 3690 1248 3762; x_wconf 85' lang='grc' dir='ltr'>γὰρ</span> <span class='ocrx_word' id='word_1_334' title='bbox 1279 3686 1429 3751; x_wconf 74' lang='grc' dir='ltr'>ὄντος</span> <span class='ocrx_word' id='word_1_335' title='bbox 1448 3685 1541 3740; x_wconf 86' lang='grc' dir='ltr'>τοῦ</span> <span class='ocrx_word' id='word_1_336' title='bbox 1569 3682 1704 3739; x_wconf 83' lang='grc' dir='ltr'>Θεοῦ</span> <span class='ocrx_word' id='word_1_337' title='bbox 1734 3682 1830 3737; x_wconf 71' lang='grc' dir='ltr'>καὶ</span> 
     </span>
    </p>
   </div>
   <div class='ocr_carea' id='block_1_43' title="bbox 246 3774 1826 3865">
    <p class='ocr_par' dir='ltr' id='par_1_43' title="bbox 246 3774 1826 3865">
     <span class='ocr_line' id='line_1_43' title="bbox 246 3774 1826 3865; baseline -0.014 -19"><span class='ocrx_word' id='word_1_338' title='bbox 246 3793 503 3865; x_wconf 79' lang='grc' dir='ltr'>ἀοράτου,</span> <span class='ocrx_word' id='word_1_339' title='bbox 530 3790 650 3842; x_wconf 75' lang='grc' dir='ltr'>τότε</span> <span class='ocrx_word' id='word_1_340' title='bbox 676 3786 911 3859; x_wconf 80' lang='grc' dir='ltr'>μάλιστα</span> <span class='ocrx_word' id='word_1_341' title='bbox 933 3785 967 3853; x_wconf 79' lang='grc' dir='ltr'><strong>ἡ</strong></span> <span class='ocrx_word' id='word_1_342' title='bbox 993 3779 1265 3853; x_wconf 86' lang='grc' dir='ltr'>παρουσία</span> <span class='ocrx_word' id='word_1_343' title='bbox 1288 3775 1451 3865; x_wconf 79' lang='grc' dir='ltr'>αὐτοῦ</span> <span class='ocrx_word' id='word_1_344' title='bbox 1479 3774 1826 3843; x_wconf 84' lang='grc' dir='ltr'>γινώσκεται,</span> 
     </span>
    </p>
   </div>
   <div class='ocr_carea' id='block_1_44' title="bbox 247 3862 1832 3949">
    <p class='ocr_par' dir='ltr' id='par_1_44' title="bbox 247 3862 1832 3949">
     <span class='ocr_line' id='line_1_44' title="bbox 247 3862 1832 3949; baseline -0.014 -13"><span class='ocrx_word' id='word_1_345' title='bbox 247 3862 398 3943; x_wconf 65' lang='grc' dir='ltr'>ὅταν,</span> <span class='ocrx_word' id='word_1_346' title='bbox 429 3877 703 3949; x_wconf 77' lang='grc' dir='ltr'>πολεμίων</span> <span class='ocrx_word' id='word_1_347' title='bbox 721 3871 1057 3942; x_wconf 74' lang='grc' dir='ltr'>ἐπιθεμένων</span> <span class='ocrx_word' id='word_1_348' title='bbox 1077 3871 1144 3939; x_wconf 81' lang='grc' dir='ltr'>τῇ</span> <span class='ocrx_word' id='word_1_349' title='bbox 1169 3865 1334 3922; x_wconf 82' lang='grc' dir='ltr'>αὑτοῦ</span> <span class='ocrx_word' id='word_1_350' title='bbox 1361 3864 1511 3918; x_wconf 84' lang='grc' dir='ltr'>πόλει</span> <span class='ocrx_word' id='word_1_351' title='bbox 1529 3902 1543 3928; x_wconf 90' lang='grc'><strong>,</strong></span> <span class='ocrx_word' id='word_1_352' title='bbox 1572 3862 1668 3934; x_wconf 79' lang='grc' dir='ltr'>τὴν</span> <span class='ocrx_word' id='word_1_353' title='bbox 1690 3862 1832 3930; x_wconf 68' lang='grc' dir='ltr'><strong>ἀντί⁸</strong></span> 
     </span>
    </p>
   </div>
   <div class='ocr_carea' id='block_1_45' title="bbox 247 3951 1830 4043">
    <p class='ocr_par' dir='ltr' id='par_1_45' title="bbox 247 3951 1830 4043">
     <span class='ocr_line' id='line_1_45' title="bbox 247 3951 1830 4043; baseline -0.013 -18"><span class='ocrx_word' id='word_1_354' title='bbox 247 3971 410 4043; x_wconf 76' lang='grc' dir='ltr'>ληψιν</span> <span class='ocrx_word' id='word_1_355' title='bbox 441 3971 576 4040; x_wconf 79' lang='grc' dir='ltr'>αὐτῇ</span> <span class='ocrx_word' id='word_1_356' title='bbox 609 3966 858 4038; x_wconf 81' lang='grc' dir='ltr'>παρέχει.</span> <span class='ocrx_word' id='word_1_357' title='bbox 903 3964 1096 4034; x_wconf 83' lang='grc' dir='ltr'>Βάρεις</span> <span class='ocrx_word' id='word_1_358' title='bbox 1126 3961 1182 4015; x_wconf 78' lang='grc' dir='ltr'><strong>δὲ</strong></span> <span class='ocrx_word' id='word_1_359' title='bbox 1215 3959 1312 4030; x_wconf 82' lang='grc' dir='ltr'>τῆς</span> <span class='ocrx_word' id='word_1_360' title='bbox 1342 3956 1547 4018; x_wconf 75' lang='grc' dir='ltr'>πόλεως</span> <span class='ocrx_word' id='word_1_361' title='bbox 1581 3953 1733 4016; x_wconf 83' lang='grc' dir='ltr'>τίνας</span> <span class='ocrx_word' id='word_1_362' title='bbox 1764 3951 1830 4006; x_wconf 81' lang='grc' dir='ltr'>ἂν</span> 
     </span>
    </p>
   </div>
   <div class='ocr_carea' id='block_1_46' title="bbox 247 4043 1831 4131">
    <p class='ocr_par' dir='ltr' id='par_1_46' title="bbox 247 4043 1831 4131">
     <span class='ocr_line' id='line_1_46' title="bbox 247 4043 1831 4131; baseline -0.013 -15"><span class='ocrx_word' id='word_1_363' title='bbox 247 4063 421 4126; x_wconf 80' lang='grc' dir='ltr'>ιῐποις</span> <span class='ocrx_word' id='word_1_364' title='bbox 437 4061 469 4131; x_wconf 83' lang='grc' dir='ltr'>ἢ</span> <span class='ocrx_word' id='word_1_365' title='bbox 486 4061 584 4123; x_wconf 81' lang='grc' dir='ltr'>τὰς</span> <span class='ocrx_word' id='word_1_366' title='bbox 604 4055 989 4130; x_wconf 73' lang='grc' dir='ltr'>ἀφωρισμένος</span> <span class='ocrx_word' id='word_1_367' title='bbox 1009 4053 1151 4108; x_wconf 86' lang='grc' dir='ltr'>κατὰ</span> <span class='ocrx_word' id='word_1_368' title='bbox 1170 4049 1352 4120; x_wconf 79' lang='grc' dir='ltr'>χώρας</span> <span class='ocrx_word' id='word_1_369' title='bbox 1367 4048 1462 4118; x_wconf 67' lang='grc' dir='ltr'>καὶ</span> <span class='ocrx_word' id='word_1_370' title='bbox 1482 4044 1621 4100; x_wconf 81' lang='grc' dir='ltr'>κατὰ</span> <span class='ocrx_word' id='word_1_371' title='bbox 1635 4043 1831 4105; x_wconf 86' lang='grc' dir='ltr'>τόπους</span> 
     </span>
    </p>
   </div>
   <div class='ocr_carea' id='block_1_47' title="bbox 249 4134 1832 4223">
    <p class='ocr_par' dir='ltr' id='par_1_47' title="bbox 249 4134 1832 4223">
     <span class='ocr_line' id='line_1_47' title="bbox 249 4134 1832 4223; baseline -0.015 -15"><span class='ocrx_word' id='word_1_372' title='bbox 249 4152 574 4223; x_wconf 53' lang='lat' dir='ltr'><strong>induciae;</strong></span> <span class='ocrx_word' id='word_1_373' title='bbox 608 4149 682 4203; x_wconf 84' lang='grc' dir='ltr'>Τὸ</span> <span class='ocrx_word' id='word_1_374' title='bbox 730 4149 829 4219; x_wconf 82' lang='grc' dir='ltr'>μὲν</span> <span class='ocrx_word' id='word_1_375' title='bbox 875 4147 984 4217; x_wconf 77' lang='grc' dir='ltr'><strong>γὰρ</strong></span> <span class='ocrx_word' id='word_1_376' title='bbox 1027 4146 1134 4198; x_wconf 81' lang='grc' dir='ltr'>πᾶν</span> <span class='ocrx_word' id='word_1_377' title='bbox 1167 4141 1415 4204; x_wconf 79' lang='grc' dir='ltr'>θεοσεὸὲς</span> <span class='ocrx_word' id='word_1_378' title='bbox 1441 4138 1742 4206; x_wconf 85' lang='grc' dir='ltr'>πολίτευμα</span> <span class='ocrx_word' id='word_1_379' title='bbox 1772 4134 1832 4186; x_wconf 75' lang='grc' dir='ltr'>τὸ</span> 
     </span>
    </p>
   </div>
   <div class='ocr_carea' id='block_1_48' title="bbox 250 4228 1831 4314">
    <p class='ocr_par' dir='ltr' id='par_1_48' title="bbox 250 4228 1831 4314">
     <span class='ocr_line' id='line_1_48' title="bbox 250 4228 1831 4314; baseline -0.013 -16"><span class='ocrx_word' id='word_1_380' title='bbox 250 4243 372 4299; x_wconf 83' lang='grc' dir='ltr'>καθ’</span> <span class='ocrx_word' id='word_1_381' title='bbox 400 4243 528 4314; x_wconf 83' lang='grc' dir='ltr'>ὅλης</span> <span class='ocrx_word' id='word_1_382' title='bbox 552 4242 648 4312; x_wconf 75' lang='grc' dir='ltr'>τῆς</span> <span class='ocrx_word' id='word_1_383' title='bbox 681 4237 1006 4308; x_wconf 71' lang='grc' dir='ltr'>οἰκουμένης</span> <span class='ocrx_word' id='word_1_384' title='bbox 1037 4233 1303 4296; x_wconf 86' lang='grc' dir='ltr'>συνεστὼς</span> <span class='ocrx_word' id='word_1_385' title='bbox 1332 4234 1365 4302; x_wconf 82' lang='grc' dir='ltr'>ἢ</span> <span class='ocrx_word' id='word_1_386' title='bbox 1400 4229 1608 4302; x_wconf 84' lang='grc' dir='ltr'>μεγάλη</span> <span class='ocrx_word' id='word_1_387' title='bbox 1633 4228 1831 4280; x_wconf 83' lang='grc' dir='ltr'>νοεῖται</span> 
     </span>
    </p>
   </div>
   <div class='ocr_carea' id='block_1_49' title="bbox 1911 418 3106 491">
    <p class='ocr_par' dir='ltr' id='par_1_49' title="bbox 1911 418 3106 491">
     <span class='ocr_line' id='line_1_49' title="bbox 1911 418 3106 491; baseline -0.002 -17"><span class='ocrx_word' id='word_1_388' title='bbox 1911 419 2154 490; x_wconf 90' lang='lat' dir='ltr'><strong>itemque</strong></span> <span class='ocrx_word' id='word_1_389' title='bbox 2183 418 2481 473; x_wconf 74' lang='lat' dir='ltr'><strong>exsultatio</strong></span> <span class='ocrx_word' id='word_1_390' title='bbox 2513 427 2597 473; x_wconf 89' lang='lat' dir='ltr'><strong>est</strong></span> <span class='ocrx_word' id='word_1_391' title='bbox 2633 418 2902 491; x_wconf 76' lang='lat' dir='ltr'><strong>universa:</strong></span> <span class='ocrx_word' id='word_1_392' title='bbox 2931 427 3106 475; x_wconf 67' lang='lat' dir='ltr'><strong>terrae.</strong></span> 
     </span>
    </p>
   </div>
   <div class='ocr_carea' id='block_1_50' title="bbox 1979 596 3481 669">
    <p class='ocr_par' dir='ltr' id='par_1_50' title="bbox 1979 596 3481 669">
     <span class='ocr_line' id='line_1_50' title="bbox 1979 596 3481 669; baseline 0.003 -16"><span class='ocrx_word' id='word_1_393' title='bbox 1979 600 2174 654; x_wconf 77' lang='lat' dir='ltr'><strong>Latere</strong></span> <span class='ocrx_word' id='word_1_394' title='bbox 2222 598 2514 669; x_wconf 73' lang='lat' dir='ltr'><strong>Aquilonis.</strong></span> <span class='ocrx_word' id='word_1_395' title='bbox 2561 596 2741 665; x_wconf 74' lang='lat' dir='ltr'><strong>Quare</strong></span> <span class='ocrx_word' id='word_1_396' title='bbox 2783 599 2952 652; x_wconf 84' lang='lat' dir='ltr'><strong>latera</strong></span> <span class='ocrx_word' id='word_1_397' title='bbox 3002 599 3277 669; x_wconf 87' lang='lat' dir='ltr'><strong>aquilonis</strong></span> <span class='ocrx_word' id='word_1_398' title='bbox 3331 603 3481 658; x_wconf 87' lang='lat' dir='ltr'><strong>cohi-</strong></span> 
     </span>
    </p>
   </div>
   <div class='ocr_carea' id='block_1_51' title="bbox 1912 687 3483 760">
    <p class='ocr_par' dir='ltr' id='par_1_51' title="bbox 1912 687 3483 760">
     <span class='ocr_line' id='line_1_51' title="bbox 1912 687 3483 760; baseline 0.001 -13"><span class='ocrx_word' id='word_1_399' title='bbox 1912 693 2038 747; x_wconf 87' lang='lat' dir='ltr'><strong>bere</strong></span> <span class='ocrx_word' id='word_1_400' title='bbox 2083 691 2276 746; x_wconf 80' lang='lat' dir='ltr'><strong>fertur.</strong></span> <span class='ocrx_word' id='word_1_401' title='bbox 2329 687 2609 758; x_wconf 85' lang='lat' dir='ltr'><strong>Siquidem</strong></span> <span class='ocrx_word' id='word_1_402' title='bbox 2657 687 2799 760; x_wconf 89' lang='lat' dir='ltr'><strong>apud</strong></span> <span class='ocrx_word' id='word_1_403' title='bbox 2849 689 3105 759; x_wconf 78' lang='lat' dir='ltr'><strong>antiquos</strong></span> <span class='ocrx_word' id='word_1_404' title='bbox 3161 690 3483 749; x_wconf 75' lang='lat' dir='ltr'><strong>dicebatur:</strong></span> 
     </span>
    </p>
   </div>
   <div class='ocr_carea' id='block_1_52' title="bbox 1910 780 3485 839">
    <p class='ocr_par' dir='ltr' id='par_1_52' title="bbox 1910 780 3485 839">
     <span class='ocr_line' id='line_1_52' title="bbox 1910 780 3485 839; baseline -0.001 -1"><span class='ocrx_word' id='word_1_405' title='bbox 1910 784 1953 838; x_wconf 81' lang='grc' dir='ltr'><em>Α</em></span> <span class='ocrx_word' id='word_1_406' title='bbox 1995 784 2151 839; x_wconf 81' lang='lat' dir='ltr'><strong><em>borea</em></strong></span> <span class='ocrx_word' id='word_1_407' title='bbox 2193 781 2544 836; x_wconf 84' lang='lat' dir='ltr'><strong>accendentur</strong></span> <span class='ocrx_word' id='word_1_408' title='bbox 2573 782 2719 834; x_wconf 90' lang='lat' dir='ltr'><strong>mala</strong></span> <span class='ocrx_word' id='word_1_409' title='bbox 2763 781 2817 834; x_wconf 85' lang='lat' dir='ltr'><strong>in</strong></span> <span class='ocrx_word' id='word_1_410' title='bbox 2849 796 3026 834; x_wconf 87' lang='lat' dir='ltr'><strong>omnes</strong></span> <span class='ocrx_word' id='word_1_411' title='bbox 3055 780 3348 836; x_wconf 71' lang='lat' dir='ltr'><strong>[cubitantes</strong></span> <span class='ocrx_word' id='word_1_412' title='bbox 3386 792 3485 837; x_wconf 82' lang='lat' dir='ltr'><strong>ter-</strong></span> 
     </span>
    </p>
   </div>
   <div class='ocr_carea' id='block_1_53' title="bbox 1912 868 3486 939">
    <p class='ocr_par' dir='ltr' id='par_1_53' title="bbox 1912 868 3486 939">
     <span class='ocr_line' id='line_1_53' title="bbox 1912 868 3486 939; baseline 0.001 -13"><span class='ocrx_word' id='word_1_413' title='bbox 1912 889 2025 926; x_wconf 83' lang='lat' dir='ltr'><strong>ram</strong></span> <span class='ocrx_word' id='word_1_414' title='bbox 2056 872 2120 926; x_wconf 74' lang='grc'><strong>¹⁸.</strong></span> <span class='ocrx_word' id='word_1_415' title='bbox 2157 870 2422 936; x_wconf 86' lang='lat' dir='ltr'><strong>Quoniam</strong></span> <span class='ocrx_word' id='word_1_416' title='bbox 2453 884 2584 924; x_wconf 88' lang='lat' dir='ltr'><strong>vero</strong></span> <span class='ocrx_word' id='word_1_417' title='bbox 2617 884 2842 939; x_wconf 92' lang='lat' dir='ltr'><strong>regnum</strong></span> <span class='ocrx_word' id='word_1_418' title='bbox 2886 868 2984 923; x_wconf 87' lang='lat' dir='ltr'><strong>Dei</strong></span> <span class='ocrx_word' id='word_1_419' title='bbox 3029 869 3081 922; x_wconf 90' lang='lat' dir='ltr'><strong>in</strong></span> <span class='ocrx_word' id='word_1_420' title='bbox 3129 877 3274 925; x_wconf 89' lang='lat' dir='ltr'><strong>terra</strong></span> <span class='ocrx_word' id='word_1_421' title='bbox 3306 873 3486 928; x_wconf 82' lang='lat' dir='ltr'><strong>consi-</strong></span> 
     </span>
    </p>
   </div>
   <div class='ocr_carea' id='block_1_54' title="bbox 1912 959 3485 1029">
    <p class='ocr_par' dir='ltr' id='par_1_54' title="bbox 1912 959 3485 1029">
     <span class='ocr_line' id='line_1_54' title="bbox 1912 959 3485 1029; baseline 0 -11"><span class='ocrx_word' id='word_1_422' title='bbox 1912 970 2084 1026; x_wconf 86' lang='lat' dir='ltr'><strong>stens,</strong></span> <span class='ocrx_word' id='word_1_423' title='bbox 2119 961 2324 1029; x_wconf 80' lang='lat' dir='ltr'><strong>expulit</strong></span> <span class='ocrx_word' id='word_1_424' title='bbox 2351 975 2445 1014; x_wconf 89' lang='lat' dir='ltr'><strong>eos</strong></span> <span class='ocrx_word' id='word_1_425' title='bbox 2471 959 2564 1029; x_wconf 89' lang='lat' dir='ltr'><strong>qui</strong></span> <span class='ocrx_word' id='word_1_426' title='bbox 2599 959 2769 1013; x_wconf 86' lang='lat' dir='ltr'><strong>latera</strong></span> <span class='ocrx_word' id='word_1_427' title='bbox 2817 959 3090 1029; x_wconf 87' lang='lat' dir='ltr'><strong>aquilonis</strong></span> <span class='ocrx_word' id='word_1_428' title='bbox 3123 960 3252 1015; x_wconf 87' lang='lat' dir='ltr'><strong>olim</strong></span> <span class='ocrx_word' id='word_1_429' title='bbox 3274 962 3485 1018; x_wconf 78' lang='lat' dir='ltr'><strong>obtine-</strong></span> 
     </span>
    </p>
   </div>
   <div class='ocr_carea' id='block_1_55' title="bbox 1909 1049 3486 1124">
    <p class='ocr_par' dir='ltr' id='par_1_55' title="bbox 1909 1049 3486 1124">
     <span class='ocr_line' id='line_1_55' title="bbox 1909 1049 3486 1124; baseline 0 -15"><span class='ocrx_word' id='word_1_430' title='bbox 1909 1053 2062 1116; x_wconf 89' lang='lat' dir='ltr'><strong>bant,</strong></span> <span class='ocrx_word' id='word_1_431' title='bbox 2112 1059 2167 1107; x_wconf 91' lang='lat' dir='ltr'><strong>et</strong></span> <span class='ocrx_word' id='word_1_432' title='bbox 2210 1050 2374 1105; x_wconf 85' lang='lat' dir='ltr'><strong>ollam</strong></span> <span class='ocrx_word' id='word_1_433' title='bbox 2408 1050 2612 1104; x_wconf 82' lang='lat' dir='ltr'><strong>eisdem</strong></span> <span class='ocrx_word' id='word_1_434' title='bbox 2659 1049 2967 1118; x_wconf 89' lang='lat' dir='ltr'><strong>subjectam</strong></span> <span class='ocrx_word' id='word_1_435' title='bbox 3007 1051 3288 1116; x_wconf 78' lang='lat' dir='ltr'><strong>exstinxit,</strong></span> <span class='ocrx_word' id='word_1_436' title='bbox 3324 1061 3486 1124; x_wconf 83' lang='lat' dir='ltr'><strong>atque</strong></span> 
     </span>
    </p>
   </div>
   <div class='ocr_carea' id='block_1_56' title="bbox 1911 1139 3490 1210">
    <p class='ocr_par' dir='ltr' id='par_1_56' title="bbox 1911 1139 3490 1210">
     <span class='ocr_line' id='line_1_56' title="bbox 1911 1139 3490 1210; baseline -0.001 -14"><span class='ocrx_word' id='word_1_437' title='bbox 1911 1142 1978 1198; x_wconf 93' lang='lat' dir='ltr'><strong>iis</strong></span> <span class='ocrx_word' id='word_1_438' title='bbox 1999 1142 2178 1205; x_wconf 89' lang='lat' dir='ltr'><strong>malis,</strong></span> <span class='ocrx_word' id='word_1_439' title='bbox 2204 1155 2324 1210; x_wconf 69' lang='lat' dir='ltr'><strong>qua:</strong></span> <span class='ocrx_word' id='word_1_440' title='bbox 2349 1139 2476 1193; x_wconf 89' lang='lat' dir='ltr'><strong>olim</strong></span> <span class='ocrx_word' id='word_1_441' title='bbox 2501 1140 2718 1194; x_wconf 87' lang='lat' dir='ltr'><strong>boream</strong></span> <span class='ocrx_word' id='word_1_442' title='bbox 2749 1139 3065 1209; x_wconf 89' lang='lat' dir='ltr'><strong>replebant,</strong></span> <span class='ocrx_word' id='word_1_443' title='bbox 3088 1141 3340 1210; x_wconf 84' lang='lat' dir='ltr'><strong>superius</strong></span> <span class='ocrx_word' id='word_1_444' title='bbox 3361 1156 3490 1204; x_wconf 85' lang='lat' dir='ltr'><strong>eva-_</strong></span> 
     </span>
    </p>
   </div>
   <div class='ocr_carea' id='block_1_57' title="bbox 1911 1227 3488 1300">
    <p class='ocr_par' dir='ltr' id='par_1_57' title="bbox 1911 1227 3488 1300">
     <span class='ocr_line' id='line_1_57' title="bbox 1911 1227 3488 1300; baseline 0.001 -15"><span class='ocrx_word' id='word_1_445' title='bbox 1911 1231 2022 1296; x_wconf 88' lang='lat' dir='ltr'><strong>sit,</strong></span> <span class='ocrx_word' id='word_1_446' title='bbox 2047 1230 2172 1298; x_wconf 88' lang='lat' dir='ltr'><strong>jure</strong></span> <span class='ocrx_word' id='word_1_447' title='bbox 2207 1243 2367 1284; x_wconf 91' lang='lat' dir='ltr'><strong>mons</strong></span> <span class='ocrx_word' id='word_1_448' title='bbox 2407 1227 2705 1298; x_wconf 66' lang='lat' dir='ltr'><strong>praedictus</strong></span> <span class='ocrx_word' id='word_1_449' title='bbox 2740 1228 2912 1284; x_wconf 88' lang='lat' dir='ltr'><strong>latera</strong></span> <span class='ocrx_word' id='word_1_450' title='bbox 2957 1229 3230 1300; x_wconf 88' lang='lat' dir='ltr'><strong>aquilonis</strong></span> <span class='ocrx_word' id='word_1_451' title='bbox 3263 1242 3488 1300; x_wconf 70' lang='lat' dir='ltr'><strong>praeter-</strong></span> 
     </span>
    </p>
   </div>
   <div class='ocr_carea' id='block_1_58' title="bbox 1911 1316 3492 1392">
    <p class='ocr_par' dir='ltr' id='par_1_58' title="bbox 1911 1316 3492 1392">
     <span class='ocr_line' id='line_1_58' title="bbox 1911 1316 3492 1392; baseline -0.001 -16"><span class='ocrx_word' id='word_1_452' title='bbox 1911 1316 2058 1392; x_wconf 82' lang='lat' dir='ltr'><strong>gredi</strong></span> <span class='ocrx_word' id='word_1_453' title='bbox 2085 1319 2307 1375; x_wconf 89' lang='lat' dir='ltr'><strong>dicitur.</strong></span> <span class='ocrx_word' id='word_1_454' title='bbox 2343 1317 2796 1388; x_wconf 86' lang='lat' dir='ltr'><strong>Quandoquidem</strong></span> <span class='ocrx_word' id='word_1_455' title='bbox 2831 1328 3011 1374; x_wconf 86' lang='lat' dir='ltr'><strong>autem</strong></span> <span class='ocrx_word' id='word_1_456' title='bbox 3051 1321 3196 1390; x_wconf 81' lang='lat' dir='ltr'><strong>regis</strong></span> <span class='ocrx_word' id='word_1_457' title='bbox 3219 1322 3394 1391; x_wconf 90' lang='lat' dir='ltr'><strong>gratia</strong></span> <span class='ocrx_word' id='word_1_458' title='bbox 3417 1320 3492 1376; x_wconf 72' lang='lat' dir='ltr'><strong>ad:</strong></span> 
     </span>
    </p>
   </div>
   <div class='ocr_carea' id='block_1_59' title="bbox 1909 1409 3490 1481">
    <p class='ocr_par' dir='ltr' id='par_1_59' title="bbox 1909 1409 3490 1481">
     <span class='ocr_line' id='line_1_59' title="bbox 1909 1409 3490 1481; baseline -0.002 -13"><span class='ocrx_word' id='word_1_459' title='bbox 1909 1427 2004 1468; x_wconf 88' lang='lat' dir='ltr'><strong>eas</strong></span> <span class='ocrx_word' id='word_1_460' title='bbox 2035 1427 2207 1481; x_wconf 90' lang='lat' dir='ltr'><strong>usque</strong></span> <span class='ocrx_word' id='word_1_461' title='bbox 2231 1417 2441 1481; x_wconf 87' lang='lat' dir='ltr'><strong>gentes,</strong></span> <span class='ocrx_word' id='word_1_462' title='bbox 2467 1425 2588 1478; x_wconf 67' lang='lat' dir='ltr'><strong>quae</strong></span> <span class='ocrx_word' id='word_1_463' title='bbox 2617 1410 2744 1464; x_wconf 89' lang='lat' dir='ltr'><strong>olim</strong></span> <span class='ocrx_word' id='word_1_464' title='bbox 2779 1409 3077 1465; x_wconf 73' lang='lat' dir='ltr'><strong>idololatrze</strong></span> <span class='ocrx_word' id='word_1_465' title='bbox 3105 1420 3284 1477; x_wconf 77' lang='lat' dir='ltr'><strong>erant,</strong></span> <span class='ocrx_word' id='word_1_466' title='bbox 3318 1411 3490 1467; x_wconf 79' lang='lat' dir='ltr'><strong>eﬂ‘usa</strong></span> 
     </span>
    </p>
   </div>
   <div class='ocr_carea' id='block_1_60' title="bbox 1911 1501 3487 1571">
    <p class='ocr_par' dir='ltr' id='par_1_60' title="bbox 1911 1501 3487 1571">
     <span class='ocr_line' id='line_1_60' title="bbox 1911 1501 3487 1571; baseline -0.001 -13"><span class='ocrx_word' id='word_1_467' title='bbox 1911 1511 2034 1571; x_wconf 85' lang='lat' dir='ltr'><strong>est,</strong></span> <span class='ocrx_word' id='word_1_468' title='bbox 2076 1517 2140 1557; x_wconf 89' lang='lat' dir='ltr'><strong>ac</strong></span> <span class='ocrx_word' id='word_1_469' title='bbox 2191 1501 2493 1557; x_wconf 87' lang='lat' dir='ltr'><strong>secundum</strong></span> <span class='ocrx_word' id='word_1_470' title='bbox 2545 1501 2926 1571; x_wconf 83' lang='lat' dir='ltr'><strong>geographiam</strong></span> <span class='ocrx_word' id='word_1_471' title='bbox 2974 1502 3244 1558; x_wconf 71' lang='lat' dir='ltr'><strong>universa:</strong></span> <span class='ocrx_word' id='word_1_472' title='bbox 3307 1511 3487 1567; x_wconf 71' lang='lat' dir='ltr'><strong>terrae,</strong></span> 
     </span>
    </p>
   </div>
   <div class='ocr_carea' id='block_1_61' title="bbox 1913 1591 3489 1664">
    <p class='ocr_par' dir='ltr' id='par_1_61' title="bbox 1913 1591 3489 1664">
     <span class='ocr_line' id='line_1_61' title="bbox 1913 1591 3489 1664; baseline -0.001 -16"><span class='ocrx_word' id='word_1_473' title='bbox 1913 1594 2032 1648; x_wconf 61' lang='lat' dir='ltr'><strong>dua:</strong></span> <span class='ocrx_word' id='word_1_474' title='bbox 2072 1592 2317 1664; x_wconf 85' lang='lat' dir='ltr'><strong>ejusdem</strong></span> <span class='ocrx_word' id='word_1_475' title='bbox 2342 1601 2502 1647; x_wconf 70' lang='lat' dir='ltr'><strong>terra:</strong></span> <span class='ocrx_word' id='word_1_476' title='bbox 2540 1600 2725 1659; x_wconf 83' lang='lat' dir='ltr'><strong>partes</strong></span> <span class='ocrx_word' id='word_1_477' title='bbox 2757 1606 2878 1647; x_wconf 85' lang='lat' dir='ltr'><strong>esse</strong></span> <span class='ocrx_word' id='word_1_478' title='bbox 2911 1591 3322 1662; x_wconf 88' lang='lat' dir='ltr'><strong>intelliguntur;</strong></span> <span class='ocrx_word' id='word_1_479' title='bbox 3355 1608 3489 1663; x_wconf 71' lang='lat' dir='ltr'><strong>qua~</strong></span> 
     </span>
    </p>
   </div>
   <div class='ocr_carea' id='block_1_62' title="bbox 1919 1682 3490 1754">
    <p class='ocr_par' dir='ltr' id='par_1_62' title="bbox 1919 1682 3490 1754">
     <span class='ocr_line' id='line_1_62' title="bbox 1919 1682 3490 1754; baseline 0.001 -17"><span class='ocrx_word' id='word_1_480' title='bbox 1919 1700 2038 1738; x_wconf 90' lang='lat' dir='ltr'><strong>rum</strong></span> <span class='ocrx_word' id='word_1_481' title='bbox 2070 1685 2240 1740; x_wconf 85' lang='lat' dir='ltr'><strong>altera</strong></span> <span class='ocrx_word' id='word_1_482' title='bbox 2288 1683 2353 1738; x_wconf 87' lang='lat' dir='ltr'><strong>ad</strong></span> <span class='ocrx_word' id='word_1_483' title='bbox 2389 1682 2746 1738; x_wconf 88' lang='lat' dir='ltr'><strong>meridionale</strong></span> <span class='ocrx_word' id='word_1_484' title='bbox 2776 1692 2828 1737; x_wconf 91' lang='lat' dir='ltr'><strong>et</strong></span> <span class='ocrx_word' id='word_1_485' title='bbox 2859 1683 3096 1737; x_wconf 84' lang='lat' dir='ltr'><strong>australe</strong></span> <span class='ocrx_word' id='word_1_486' title='bbox 3131 1685 3290 1737; x_wconf 88' lang='lat' dir='ltr'><strong>clima</strong></span> <span class='ocrx_word' id='word_1_487' title='bbox 3344 1683 3490 1754; x_wconf 89' lang='lat' dir='ltr'><strong>quod</strong></span> 
     </span>
    </p>
   </div>
   <div class='ocr_carea' id='block_1_63' title="bbox 1919 1773 3489 1845">
    <p class='ocr_par' dir='ltr' id='par_1_63' title="bbox 1919 1773 3489 1845">
     <span class='ocr_line' id='line_1_63' title="bbox 1919 1773 3489 1845; baseline -0.001 -16"><span class='ocrx_word' id='word_1_488' title='bbox 1919 1776 2361 1845; x_wconf 79' lang='grc' dir='ltr'>ἀντοικουμένης,</span> <span class='ocrx_word' id='word_1_489' title='bbox 2393 1775 2506 1830; x_wconf 81' lang='lat' dir='ltr'><strong>sive</strong></span> <span class='ocrx_word' id='word_1_490' title='bbox 2544 1773 2806 1844; x_wconf 66' lang='lat' dir='ltr'><strong>oppositae</strong></span> <span class='ocrx_word' id='word_1_491' title='bbox 2847 1776 3018 1842; x_wconf 77' lang='lat' dir='ltr'><strong>partis</strong></span> <span class='ocrx_word' id='word_1_492' title='bbox 3057 1783 3285 1840; x_wconf 75' lang='lat' dir='ltr'><strong>vocant;</strong></span> <span class='ocrx_word' id='word_1_493' title='bbox 3321 1775 3489 1830; x_wconf 88' lang='lat' dir='ltr'><strong>altera</strong></span> 
     </span>
    </p>
   </div>
   <div class='ocr_carea' id='block_1_64' title="bbox 1887 1865 3492 1938">
    <p class='ocr_par' dir='ltr' id='par_1_64' title="bbox 1887 1865 3492 1938">
     <span class='ocr_line' id='line_1_64' title="bbox 1887 1865 3492 1938; baseline -0.003 -14"><span class='ocrx_word' id='word_1_494' title='bbox 1887 1893 1889 1895; x_wconf 57' lang='grc' dir='ltr'><strong>ί</strong></span> <span class='ocrx_word' id='word_1_495' title='bbox 1919 1868 1984 1925; x_wconf 87' lang='lat' dir='ltr'><strong>ad</strong></span> <span class='ocrx_word' id='word_1_496' title='bbox 2017 1867 2232 1921; x_wconf 80' lang='lat' dir='ltr'><strong>bore&#39;ale</strong></span> <span class='ocrx_word' id='word_1_497' title='bbox 2257 1866 2400 1936; x_wconf 84' lang='lat' dir='ltr'><strong>quod</strong></span> <span class='ocrx_word' id='word_1_498' title='bbox 2433 1882 2533 1921; x_wconf 92' lang='lat' dir='ltr'><strong>nos</strong></span> <span class='ocrx_word' id='word_1_499' title='bbox 2562 1865 2878 1930; x_wconf 88' lang='lat' dir='ltr'><strong>incolimus;</strong></span> <span class='ocrx_word' id='word_1_500' title='bbox 2901 1873 3267 1934; x_wconf 77' lang='lat' dir='ltr'><strong>congruenter</strong></span> <span class='ocrx_word' id='word_1_501' title='bbox 3292 1866 3380 1920; x_wconf 83' lang='lat' dir='ltr'><strong>hic</strong></span> <span class='ocrx_word' id='word_1_502' title='bbox 3395 1881 3492 1938; x_wconf 89' lang='lat' dir='ltr'><strong>per</strong></span> 
     </span>
    </p>
   </div>
   <div class='ocr_carea' id='block_1_65' title="bbox 1918 1953 3495 2026">
    <p class='ocr_par' dir='ltr' id='par_1_65' title="bbox 1918 1953 3495 2026">
     <span class='ocr_line' id='line_1_65' title="bbox 1918 1953 3495 2026; baseline 0 -17"><span class='ocrx_word' id='word_1_503' title='bbox 1918 1956 2086 2010; x_wconf 86' lang='lat' dir='ltr'><strong>latera</strong></span> <span class='ocrx_word' id='word_1_504' title='bbox 2119 1955 2387 2026; x_wconf 68' lang='lat' dir='ltr'><strong>ai&#39;juilonis</strong></span> <span class='ocrx_word' id='word_1_505' title='bbox 2427 1963 2626 2010; x_wconf 87' lang='lat' dir='ltr'><strong>terram</strong></span> <span class='ocrx_word' id='word_1_506' title='bbox 2681 1969 2842 2024; x_wconf 89' lang='lat' dir='ltr'><strong>quam</strong></span> <span class='ocrx_word' id='word_1_507' title='bbox 2879 1953 3167 2008; x_wconf 89' lang='lat' dir='ltr'><strong>incolimus</strong></span> <span class='ocrx_word' id='word_1_508' title='bbox 3213 1954 3495 2019; x_wconf 72' lang='lat' dir='ltr'><strong>indicavit;</strong></span> 
     </span>
    </p>
   </div>
   <div class='ocr_carea' id='block_1_66' title="bbox 1918 2044 3489 2117">
    <p class='ocr_par' dir='ltr' id='par_1_66' title="bbox 1918 2044 3489 2117">
     <span class='ocr_line' id='line_1_66' title="bbox 1918 2044 3489 2117; baseline 0.001 -17"><span class='ocrx_word' id='word_1_509' title='bbox 1918 2044 2108 2116; x_wconf 83' lang='lat' dir='ltr'><strong>Neque</strong></span> <span class='ocrx_word' id='word_1_510' title='bbox 2141 2046 2367 2100; x_wconf 78' lang='lat' dir='ltr'><strong>Omnino</strong></span> <span class='ocrx_word' id='word_1_511' title='bbox 2415 2055 2646 2117; x_wconf 88' lang='lat' dir='ltr'><strong>possunt</strong></span> <span class='ocrx_word' id='word_1_512' title='bbox 2681 2044 2873 2100; x_wconf 74' lang='lat' dir='ltr'><strong>istbazc</strong></span> <span class='ocrx_word' id='word_1_513' title='bbox 2923 2045 3030 2099; x_wconf 88' lang='lat' dir='ltr'><strong>alio</strong></span> <span class='ocrx_word' id='word_1_514' title='bbox 3062 2045 3225 2101; x_wconf 88' lang='lat' dir='ltr'><strong>modo</strong></span> <span class='ocrx_word' id='word_1_515' title='bbox 3274 2047 3489 2117; x_wconf 86' lang='lat' dir='ltr'><strong>accipi:</strong></span> 
     </span>
    </p>
   </div>
   <div class='ocr_carea' id='block_1_67' title="bbox 1919 2129 3492 2208">
    <p class='ocr_par' dir='ltr' id='par_1_67' title="bbox 1919 2129 3492 2208">
     <span class='ocr_line' id='line_1_67' title="bbox 1919 2129 3492 2208; baseline 0.001 -17"><span class='ocrx_word' id='word_1_516' title='bbox 1919 2137 2178 2207; x_wconf 88' lang='lat' dir='ltr'><strong>quoniam</strong></span> <span class='ocrx_word' id='word_1_517' title='bbox 2206 2129 2451 2192; x_wconf 83' lang='lat' dir='ltr'><strong>Ecclesia</strong></span> <span class='ocrx_word' id='word_1_518' title='bbox 2489 2135 2606 2200; x_wconf 91' lang='lat' dir='ltr'><strong>Dei,</strong></span> <span class='ocrx_word' id='word_1_519' title='bbox 2649 2152 2769 2206; x_wconf 65' lang='lat' dir='ltr'><strong>quae</strong></span> <span class='ocrx_word' id='word_1_520' title='bbox 2817 2137 2985 2192; x_wconf 87' lang='lat' dir='ltr'><strong>latera</strong></span> <span class='ocrx_word' id='word_1_521' title='bbox 3021 2138 3293 2208; x_wconf 82' lang='lat' dir='ltr'><strong>aquilonis</strong></span> <span class='ocrx_word' id='word_1_522' title='bbox 3319 2146 3372 2192; x_wconf 91' lang='lat' dir='ltr'><strong>et</strong></span> <span class='ocrx_word' id='word_1_523' title='bbox 3401 2152 3492 2192; x_wconf 85' lang='lat' dir='ltr'><strong>se-</strong></span> 
     </span>
    </p>
   </div>
   <div class='ocr_carea' id='block_1_68' title="bbox 1920 2227 3496 2299">
    <p class='ocr_par' dir='ltr' id='par_1_68' title="bbox 1920 2227 3496 2299">
     <span class='ocr_line' id='line_1_68' title="bbox 1920 2227 3496 2299; baseline 0.001 -16"><span class='ocrx_word' id='word_1_524' title='bbox 1920 2228 2337 2299; x_wconf 89' lang='lat' dir='ltr'><strong>ptentrionalem</strong></span> <span class='ocrx_word' id='word_1_525' title='bbox 2385 2236 2551 2282; x_wconf 87' lang='lat' dir='ltr'><strong>totam</strong></span> <span class='ocrx_word' id='word_1_526' title='bbox 2586 2227 2796 2298; x_wconf 78' lang='lat' dir='ltr'><strong>plagam</strong></span> <span class='ocrx_word' id='word_1_527' title='bbox 2839 2237 3089 2298; x_wconf 76' lang='lat' dir='ltr'><strong>occupat,</strong></span> <span class='ocrx_word' id='word_1_528' title='bbox 3143 2228 3278 2298; x_wconf 88' lang='lat' dir='ltr'><strong>ipsis</strong></span> <span class='ocrx_word' id='word_1_529' title='bbox 3319 2227 3496 2285; x_wconf 85' lang='lat' dir='ltr'><strong>oculis</strong></span> 
     </span>
    </p>
   </div>
   <div class='ocr_carea' id='block_1_69' title="bbox 1924 2315 3493 2389">
    <p class='ocr_par' dir='ltr' id='par_1_69' title="bbox 1924 2315 3493 2389">
     <span class='ocr_line' id='line_1_69' title="bbox 1924 2315 3493 2389; baseline -0.001 -16"><span class='ocrx_word' id='word_1_530' title='bbox 1924 2317 2262 2389; x_wconf 90' lang='lat' dir='ltr'><strong>percipitur;</strong></span> <span class='ocrx_word' id='word_1_531' title='bbox 2292 2318 2644 2387; x_wconf 75' lang='lat' dir='ltr'><strong>quamobrem</strong></span> <span class='ocrx_word' id='word_1_532' title='bbox 2679 2315 2886 2370; x_wconf 85' lang='lat' dir='ltr'><strong>dictum</strong></span> <span class='ocrx_word' id='word_1_533' title='bbox 2933 2326 3019 2371; x_wconf 88' lang='lat' dir='ltr'><strong>est</strong></span> <span class='ocrx_word' id='word_1_534' title='bbox 3053 2336 3066 2370; x_wconf 90' lang='lat'><strong>:</strong></span> <span class='ocrx_word' id='word_1_535' title='bbox 3100 2315 3306 2372; x_wconf 73' lang='lat' dir='ltr'><strong>Montes</strong></span> <span class='ocrx_word' id='word_1_536' title='bbox 3341 2315 3493 2383; x_wconf 79' lang='lat' dir='ltr'><strong>Sion,</strong></span> 
     </span>
    </p>
   </div>
   <div class='ocr_carea' id='block_1_70' title="bbox 1922 2407 3023 2479">
    <p class='ocr_par' dir='ltr' id='par_1_70' title="bbox 1922 2407 3023 2479">
     <span class='ocr_line' id='line_1_70' title="bbox 1922 2407 3023 2479; baseline 0 -17"><span class='ocrx_word' id='word_1_537' title='bbox 1922 2410 2092 2464; x_wconf 88' lang='lat' dir='ltr'><strong>latera</strong></span> <span class='ocrx_word' id='word_1_538' title='bbox 2127 2408 2413 2479; x_wconf 80' lang='lat' dir='ltr'><strong>aquilonis,</strong></span> <span class='ocrx_word' id='word_1_539' title='bbox 2447 2407 2631 2461; x_wconf 80' lang='lat' dir='ltr'><strong>civitas</strong></span> <span class='ocrx_word' id='word_1_540' title='bbox 2663 2407 2796 2478; x_wconf 86' lang='lat' dir='ltr'><strong>regis</strong></span> <span class='ocrx_word' id='word_1_541' title='bbox 2828 2408 3023 2475; x_wconf 86' lang='lat' dir='ltr'><strong>magni.</strong></span> 
     </span>
    </p>
   </div>
   <div class='ocr_carea' id='block_1_71' title="bbox 1925 2571 3504 2655">
    <p class='ocr_par' dir='ltr' id='par_1_71' title="bbox 1925 2571 3504 2655">
     <span class='ocr_line' id='line_1_71' title="bbox 1925 2571 3504 2655; baseline -0.003 -11"><span class='ocrx_word' id='word_1_542' title='bbox 1925 2571 1946 2644; x_wconf 62' lang='grc' dir='ltr'>ζ</span> <span class='ocrx_word' id='word_1_543' title='bbox 1992 2589 2160 2644; x_wconf 75' lang='lat' dir='ltr'><strong>Vens.</strong></span> <span class='ocrx_word' id='word_1_544' title='bbox 2193 2585 2352 2642; x_wconf 75' lang='grc'><strong>4-8.</strong></span> <span class='ocrx_word' id='word_1_545' title='bbox 2398 2585 2540 2640; x_wconf 93' lang='lat' dir='ltr'><strong>Deus</strong></span> <span class='ocrx_word' id='word_1_546' title='bbox 2595 2587 2648 2638; x_wconf 88' lang='lat' dir='ltr'><strong>in</strong></span> <span class='ocrx_word' id='word_1_547' title='bbox 2698 2583 2942 2638; x_wconf 77' lang='lat' dir='ltr'><strong>domibus</strong></span> <span class='ocrx_word' id='word_1_548' title='bbox 2981 2584 3096 2652; x_wconf 89' lang='lat' dir='ltr'><strong>ejus</strong></span> <span class='ocrx_word' id='word_1_549' title='bbox 3149 2571 3504 2655; x_wconf 21' lang='lat' dir='ltr'><strong>cognosciru&#39;.‘</strong></span> 
     </span>
    </p>
   </div>
   <div class='ocr_carea' id='block_1_72' title="bbox 1924 2673 3484 2749">
    <p class='ocr_par' dir='ltr' id='par_1_72' title="bbox 1924 2673 3484 2749">
     <span class='ocr_line' id='line_1_72' title="bbox 1924 2673 3484 2749; baseline -0.003 -12"><span class='ocrx_word' id='word_1_550' title='bbox 1924 2681 2026 2736; x_wconf 83' lang='lat' dir='ltr'><strong>Hic</strong></span> <span class='ocrx_word' id='word_1_551' title='bbox 2057 2694 2273 2736; x_wconf 86' lang='lat' dir='ltr'><strong>rursum</strong></span> <span class='ocrx_word' id='word_1_552' title='bbox 2301 2679 2456 2749; x_wconf 82' lang='lat' dir='ltr'><strong>signa</strong></span> <span class='ocrx_word' id='word_1_553' title='bbox 2486 2676 2786 2747; x_wconf 60' lang='lat' dir='ltr'><strong>praesentia:</strong></span> <span class='ocrx_word' id='word_1_554' title='bbox 2819 2673 2914 2729; x_wconf 89' lang='lat' dir='ltr'><strong>Dei</strong></span> <span class='ocrx_word' id='word_1_555' title='bbox 2947 2675 3002 2729; x_wconf 87' lang='lat' dir='ltr'><strong>in</strong></span> <span class='ocrx_word' id='word_1_556' title='bbox 3042 2685 3338 2730; x_wconf 89' lang='lat' dir='ltr'><strong>memorata</strong></span> <span class='ocrx_word' id='word_1_557' title='bbox 3367 2677 3484 2732; x_wconf 81' lang='lat' dir='ltr'><strong>civi-</strong></span> 
     </span>
    </p>
   </div>
   <div class='ocr_carea' id='block_1_73' title="bbox 1925 2761 3501 2840">
    <p class='ocr_par' dir='ltr' id='par_1_73' title="bbox 1925 2761 3501 2840">
     <span class='ocr_line' id='line_1_73' title="bbox 1925 2761 3501 2840; baseline -0.005 -12"><span class='ocrx_word' id='word_1_558' title='bbox 1925 2780 2038 2829; x_wconf 88' lang='lat' dir='ltr'><strong>tate</strong></span> <span class='ocrx_word' id='word_1_559' title='bbox 2081 2785 2183 2826; x_wconf 89' lang='lat' dir='ltr'><strong>sua</strong></span> <span class='ocrx_word' id='word_1_560' title='bbox 2239 2768 2571 2840; x_wconf 86' lang='lat' dir='ltr'><strong>suppeditat.</strong></span> <span class='ocrx_word' id='word_1_561' title='bbox 2621 2761 2776 2820; x_wconf 87' lang='lat' dir='ltr'><strong>Sicut</strong></span> <span class='ocrx_word' id='word_1_562' title='bbox 2823 2765 2968 2820; x_wconf 88' lang='lat' dir='ltr'><strong>enim</strong></span> <span class='ocrx_word' id='word_1_563' title='bbox 3017 2765 3270 2834; x_wconf 85' lang='lat' dir='ltr'><strong>superius</strong></span> <span class='ocrx_word' id='word_1_564' title='bbox 3295 2764 3501 2820; x_wconf 89' lang='lat' dir='ltr'><strong>dictum</strong></span> 
     </span>
    </p>
   </div>
   <div class='ocr_carea' id='block_1_74' title="bbox 1925 2854 3500 2927">
    <p class='ocr_par' dir='ltr' id='par_1_74' title="bbox 1925 2854 3500 2927">
     <span class='ocr_line' id='line_1_74' title="bbox 1925 2854 3500 2927; baseline -0.008 -7"><span class='ocrx_word' id='word_1_565' title='bbox 1925 2870 2009 2921; x_wconf 87' lang='lat' dir='ltr'><strong>est</strong></span> <span class='ocrx_word' id='word_1_566' title='bbox 2051 2881 2066 2916; x_wconf 88' lang='lat'><strong>:</strong></span> <span class='ocrx_word' id='word_1_567' title='bbox 2100 2861 2238 2916; x_wconf 81' lang='lat' dir='ltr'><strong>Deus</strong></span> <span class='ocrx_word' id='word_1_568' title='bbox 2275 2861 2338 2919; x_wconf 74' lang='lat' dir='ltr'><strong>in,</strong></span> <span class='ocrx_word' id='word_1_569' title='bbox 2360 2859 2531 2914; x_wconf 87' lang='lat' dir='ltr'><strong>medio</strong></span> <span class='ocrx_word' id='word_1_570' title='bbox 2563 2858 2703 2927; x_wconf 84' lang='lat' dir='ltr'><strong>ejus,</strong></span> <span class='ocrx_word' id='word_1_571' title='bbox 2735 2871 2840 2909; x_wconf 90' lang='lat' dir='ltr'><strong>non</strong></span> <span class='ocrx_word' id='word_1_572' title='bbox 2868 2854 3318 2910; x_wconf 81' lang='lat' dir='ltr'><strong>commovebitur:</strong></span> <span class='ocrx_word' id='word_1_573' title='bbox 3347 2855 3500 2924; x_wconf 77' lang='lat' dir='ltr'><strong>adju-</strong></span> 
     </span>
    </p>
   </div>
   <div class='ocr_carea' id='block_1_75' title="bbox 1927 2945 3511 3016">
    <p class='ocr_par' dir='ltr' id='par_1_75' title="bbox 1927 2945 3511 3016">
     <span class='ocr_line' id='line_1_75' title="bbox 1927 2945 3511 3016; baseline -0.008 -5"><span class='ocrx_word' id='word_1_574' title='bbox 1927 2957 2067 3011; x_wconf 81' lang='lat' dir='ltr'><strong>aabit</strong></span> <span class='ocrx_word' id='word_1_575' title='bbox 2093 2971 2213 3009; x_wconf 89' lang='lat' dir='ltr'><strong>eam</strong></span> <span class='ocrx_word' id='word_1_576' title='bbox 2240 2950 2383 3006; x_wconf 89' lang='lat' dir='ltr'><strong>Deus</strong></span> <span class='ocrx_word' id='word_1_577' title='bbox 2409 2966 2564 3004; x_wconf 88' lang='lat' dir='ltr'><strong>mane</strong></span> <span class='ocrx_word' id='word_1_578' title='bbox 2591 2949 2845 3001; x_wconf 83' lang='lat' dir='ltr'><strong>diluculo.</strong></span> <span class='ocrx_word' id='word_1_579' title='bbox 2876 2945 3223 3002; x_wconf 71' lang='lat' dir='ltr'><strong>Conturbatar</strong></span> <span class='ocrx_word' id='word_1_580' title='bbox 3243 2955 3366 3000; x_wconf 85' lang='lat' dir='ltr'><strong>sunt</strong></span> <span class='ocrx_word' id='word_1_581' title='bbox 3388 2961 3511 3016; x_wconf 79' lang='lat' dir='ltr'><strong>gen-.</strong></span> 
     </span>
    </p>
   </div>
   <div class='ocr_carea' id='block_1_76' title="bbox 1930 3037 3504 3110">
    <p class='ocr_par' dir='ltr' id='par_1_76' title="bbox 1930 3037 3504 3110">
     <span class='ocr_line' id='line_1_76' title="bbox 1930 3037 3504 3110; baseline -0.007 -9"><span class='ocrx_word' id='word_1_582' title='bbox 1930 3055 2006 3110; x_wconf 86' lang='lat' dir='ltr'><strong>tes</strong></span> <span class='ocrx_word' id='word_1_583' title='bbox 2033 3054 2082 3100; x_wconf 90' lang='lat' dir='ltr'><strong>et</strong></span> <span class='ocrx_word' id='word_1_584' title='bbox 2108 3045 2365 3099; x_wconf 76' lang='lat' dir='ltr'><strong>inclinata</strong></span> <span class='ocrx_word' id='word_1_585' title='bbox 2391 3051 2514 3096; x_wconf 90' lang='lat' dir='ltr'><strong>sunt</strong></span> <span class='ocrx_word' id='word_1_586' title='bbox 2556 3053 2752 3109; x_wconf 85' lang='lat' dir='ltr'><strong>regna;</strong></span> <span class='ocrx_word' id='word_1_587' title='bbox 2787 3037 2931 3092; x_wconf 79' lang='lat' dir='ltr'><strong>dedit</strong></span> <span class='ocrx_word' id='word_1_588' title='bbox 2958 3054 3129 3092; x_wconf 82' lang='lat' dir='ltr'><strong>uocem</strong></span> <span class='ocrx_word' id='word_1_589' title='bbox 3158 3053 3331 3100; x_wconf 89' lang='lat' dir='ltr'><strong>suam,</strong></span> <span class='ocrx_word' id='word_1_590' title='bbox 3361 3045 3504 3090; x_wconf 86' lang='lat' dir='ltr'><strong>mota</strong></span> 
     </span>
    </p>
   </div>
   <div class='ocr_carea' id='block_1_77' title="bbox 1929 3124 3504 3198">
    <p class='ocr_par' dir='ltr' id='par_1_77' title="bbox 1929 3124 3504 3198">
     <span class='ocr_line' id='line_1_77' title="bbox 1929 3124 3504 3198; baseline -0.007 -6"><span class='ocrx_word' id='word_1_591' title='bbox 1929 3124 2007 3192; x_wconf 87' lang='lat' dir='ltr'><strong>est</strong></span> <span class='ocrx_word' id='word_1_592' title='bbox 2050 3144 2194 3189; x_wconf 86' lang='lat' dir='ltr'><strong>terra</strong></span> <span class='ocrx_word' id='word_1_593' title='bbox 2226 3135 2293 3198; x_wconf 81' lang='lat'><strong>“’,</strong></span> <span class='ocrx_word' id='word_1_594' title='bbox 2343 3132 2532 3189; x_wconf 90' lang='lat' dir='ltr'><strong>eadem</strong></span> <span class='ocrx_word' id='word_1_595' title='bbox 2593 3130 2806 3184; x_wconf 83' lang='lat' dir='ltr'><strong>ratione</strong></span> <span class='ocrx_word' id='word_1_596' title='bbox 2865 3137 2920 3184; x_wconf 88' lang='lat' dir='ltr'><strong>et</strong></span> <span class='ocrx_word' id='word_1_597' title='bbox 2954 3144 3102 3184; x_wconf 90' lang='lat' dir='ltr'><strong>nunc</strong></span> <span class='ocrx_word' id='word_1_598' title='bbox 3149 3127 3504 3197; x_wconf 83' lang='lat' dir='ltr'><strong>conspicuam</strong></span> 
     </span>
    </p>
   </div>
   <div class='ocr_carea' id='block_1_78' title="bbox 1931 3217 3505 3290">
    <p class='ocr_par' dir='ltr' id='par_1_78' title="bbox 1931 3217 3505 3290">
     <span class='ocr_line' id='line_1_78' title="bbox 1931 3217 3505 3290; baseline -0.005 -12"><span class='ocrx_word' id='word_1_599' title='bbox 1931 3221 2026 3280; x_wconf 89' lang='lat' dir='ltr'><strong>Dei</strong></span> <span class='ocrx_word' id='word_1_600' title='bbox 2064 3224 2120 3278; x_wconf 89' lang='lat' dir='ltr'><strong>in</strong></span> <span class='ocrx_word' id='word_1_601' title='bbox 2147 3222 2371 3278; x_wconf 83' lang='lat' dir='ltr'><strong>civitate</strong></span> <span class='ocrx_word' id='word_1_602' title='bbox 2402 3235 2500 3276; x_wconf 88' lang='lat' dir='ltr'><strong>sua</strong></span> <span class='ocrx_word' id='word_1_603' title='bbox 2527 3220 2870 3290; x_wconf 69' lang='lat' dir='ltr'><strong>praesentiam</strong></span> <span class='ocrx_word' id='word_1_604' title='bbox 2911 3219 3153 3273; x_wconf 88' lang='lat' dir='ltr'><strong>declarat</strong></span> <span class='ocrx_word' id='word_1_605' title='bbox 3181 3218 3268 3273; x_wconf 88' lang='lat' dir='ltr'><strong>bis</strong></span> <span class='ocrx_word' id='word_1_606' title='bbox 3299 3217 3505 3280; x_wconf 86' lang='lat' dir='ltr'><strong>verbis,</strong></span> 
     </span>
    </p>
   </div>
   <div class='ocr_carea' id='block_1_79' title="bbox 1932 3307 3506 3380">
    <p class='ocr_par' dir='ltr' id='par_1_79' title="bbox 1932 3307 3506 3380">
     <span class='ocr_line' id='line_1_79' title="bbox 1932 3307 3506 3380; baseline -0.006 -12"><span class='ocrx_word' id='word_1_607' title='bbox 1932 3313 2075 3368; x_wconf 83' lang='lat' dir='ltr'><strong>Deus</strong></span> <span class='ocrx_word' id='word_1_608' title='bbox 2128 3313 2183 3366; x_wconf 89' lang='lat' dir='ltr'><strong>in</strong></span> <span class='ocrx_word' id='word_1_609' title='bbox 2243 3309 2484 3365; x_wconf 85' lang='lat' dir='ltr'><strong>domibus</strong></span> <span class='ocrx_word' id='word_1_610' title='bbox 2540 3311 2652 3380; x_wconf 86' lang='lat' dir='ltr'><strong>ejus</strong></span> <span class='ocrx_word' id='word_1_611' title='bbox 2702 3309 3052 3380; x_wconf 83' lang='lat' dir='ltr'><strong>cognoscitur,</strong></span> <span class='ocrx_word' id='word_1_612' title='bbox 3096 3323 3213 3360; x_wconf 87' lang='lat' dir='ltr'><strong>cum</strong></span> <span class='ocrx_word' id='word_1_613' title='bbox 3263 3307 3506 3375; x_wconf 84' lang='lat' dir='ltr'><strong>suscipiet</strong></span> 
     </span>
    </p>
   </div>
   <div class='ocr_carea' id='block_1_80' title="bbox 1932 3394 3506 3473">
    <p class='ocr_par' dir='ltr' id='par_1_80' title="bbox 1932 3394 3506 3473">
     <span class='ocr_line' id='line_1_80' title="bbox 1932 3394 3506 3473; baseline -0.006 -14"><span class='ocrx_word' id='word_1_614' title='bbox 1932 3420 2070 3459; x_wconf 87' lang='lat' dir='ltr'><strong>eam.</strong></span> <span class='ocrx_word' id='word_1_615' title='bbox 2121 3401 2254 3473; x_wconf 84' lang='lat' dir='ltr'><strong>Ejus</strong></span> <span class='ocrx_word' id='word_1_616' title='bbox 2293 3409 2475 3457; x_wconf 90' lang='lat' dir='ltr'><strong>autem</strong></span> <span class='ocrx_word' id='word_1_617' title='bbox 2517 3401 2660 3466; x_wconf 86' lang='lat' dir='ltr'><strong>loco,</strong></span> <span class='ocrx_word' id='word_1_618' title='bbox 2690 3401 2748 3454; x_wconf 86' lang='lat' dir='ltr'><strong>in</strong></span> <span class='ocrx_word' id='word_1_619' title='bbox 2789 3400 3030 3453; x_wconf 85' lang='lat' dir='ltr'><strong>domibus</strong></span> <span class='ocrx_word' id='word_1_620' title='bbox 3078 3397 3215 3466; x_wconf 88' lang='lat' dir='ltr'><strong>ejus,</strong></span> <span class='ocrx_word' id='word_1_621' title='bbox 3271 3394 3506 3468; x_wconf 82' lang='lat' dir='ltr'><strong>Symma-</strong></span> 
     </span>
    </p>
   </div>
   <div class='ocr_carea' id='block_1_81' title="bbox 1935 3487 3509 3561">
    <p class='ocr_par' dir='ltr' id='par_1_81' title="bbox 1935 3487 3509 3561">
     <span class='ocr_line' id='line_1_81' title="bbox 1935 3487 3509 3561; baseline -0.008 -10"><span class='ocrx_word' id='word_1_622' title='bbox 1935 3495 2094 3560; x_wconf 82' lang='lat' dir='ltr'><strong>chus,</strong></span> <span class='ocrx_word' id='word_1_623' title='bbox 2128 3495 2185 3548; x_wconf 83' lang='lat' dir='ltr'><strong>in</strong></span> <span class='ocrx_word' id='word_1_624' title='bbox 2220 3495 2364 3561; x_wconf 85' lang='lat' dir='ltr'><strong>regia</strong></span> <span class='ocrx_word' id='word_1_625' title='bbox 2403 3491 2517 3551; x_wconf 84' lang='lat' dir='ltr'><strong>eius</strong></span> <span class='ocrx_word' id='word_1_626' title='bbox 2565 3498 2924 3560; x_wconf 87' lang='lat' dir='ltr'><strong>cognoscetur,</strong></span> <span class='ocrx_word' id='word_1_627' title='bbox 2976 3487 3364 3556; x_wconf 87' lang='lat' dir='ltr'><strong>interpretatus</strong></span> <span class='ocrx_word' id='word_1_628' title='bbox 3402 3491 3509 3539; x_wconf 83' lang='lat' dir='ltr'><strong>est.</strong></span> 
     </span>
    </p>
   </div>
   <div class='ocr_carea' id='block_1_82' title="bbox 1935 3578 3510 3651">
    <p class='ocr_par' dir='ltr' id='par_1_82' title="bbox 1935 3578 3510 3651">
     <span class='ocr_line' id='line_1_82' title="bbox 1935 3578 3510 3651; baseline -0.008 -8"><span class='ocrx_word' id='word_1_629' title='bbox 1935 3586 2070 3643; x_wconf 90' lang='lat' dir='ltr'><strong>Cum</strong></span> <span class='ocrx_word' id='word_1_630' title='bbox 2100 3585 2245 3640; x_wconf 89' lang='lat' dir='ltr'><strong>enim</strong></span> <span class='ocrx_word' id='word_1_631' title='bbox 2277 3583 2422 3639; x_wconf 87' lang='lat' dir='ltr'><strong>Deus</strong></span> <span class='ocrx_word' id='word_1_632' title='bbox 2449 3595 2558 3636; x_wconf 89' lang='lat' dir='ltr'><strong>non</strong></span> <span class='ocrx_word' id='word_1_633' title='bbox 2581 3587 2842 3651; x_wconf 88' lang='lat' dir='ltr'><strong>appareat</strong></span> <span class='ocrx_word' id='word_1_634' title='bbox 2871 3593 3047 3648; x_wconf 90' lang='lat' dir='ltr'><strong>neque</strong></span> <span class='ocrx_word' id='word_1_635' title='bbox 3075 3578 3346 3640; x_wconf 89' lang='lat' dir='ltr'><strong>videatur,</strong></span> <span class='ocrx_word' id='word_1_636' title='bbox 3378 3582 3510 3630; x_wconf 86' lang='lat' dir='ltr'><strong>tunc</strong></span> 
     </span>
    </p>
   </div>
   <div class='ocr_carea' id='block_1_83' title="bbox 1935 3667 3512 3746">
    <p class='ocr_par' dir='ltr' id='par_1_83' title="bbox 1935 3667 3512 3746">
     <span class='ocr_line' id='line_1_83' title="bbox 1935 3667 3512 3746; baseline -0.007 -14"><span class='ocrx_word' id='word_1_637' title='bbox 1935 3677 2175 3733; x_wconf 82' lang='lat' dir='ltr'><strong>maxime</strong></span> <span class='ocrx_word' id='word_1_638' title='bbox 2203 3675 2326 3746; x_wconf 87' lang='lat' dir='ltr'><strong>ejus</strong></span> <span class='ocrx_word' id='word_1_639' title='bbox 2368 3672 2661 3745; x_wconf 63' lang='lat' dir='ltr'><strong>prasentia</strong></span> <span class='ocrx_word' id='word_1_640' title='bbox 2697 3669 3065 3741; x_wconf 70' lang='lat' dir='ltr'><strong>cognoscitur,</strong></span> <span class='ocrx_word' id='word_1_641' title='bbox 3097 3682 3221 3722; x_wconf 89' lang='lat' dir='ltr'><strong>cum</strong></span> <span class='ocrx_word' id='word_1_642' title='bbox 3256 3667 3512 3737; x_wconf 84' lang='lat' dir='ltr'><strong>ingruen-</strong></span> 
     </span>
    </p>
   </div>
   <div class='ocr_carea' id='block_1_84' title="bbox 1937 3751 3511 3833">
    <p class='ocr_par' dir='ltr' id='par_1_84' title="bbox 1937 3751 3511 3833">
     <span class='ocr_line' id='line_1_84' title="bbox 1937 3751 3511 3833; baseline -0.007 -10"><span class='ocrx_word' id='word_1_643' title='bbox 1937 3767 2085 3823; x_wconf 86' lang='lat' dir='ltr'><strong>tibus</strong></span> <span class='ocrx_word' id='word_1_644' title='bbox 2119 3766 2328 3828; x_wconf 81' lang='lat' dir='ltr'><strong>civitati</strong></span> <span class='ocrx_word' id='word_1_645' title='bbox 2355 3779 2468 3821; x_wconf 69' lang='lat' dir='ltr'><strong>suaa</strong></span> <span class='ocrx_word' id='word_1_646' title='bbox 2496 3751 2758 3825; x_wconf 85' lang='lat' dir='ltr'><strong>inimicis,</strong></span> <span class='ocrx_word' id='word_1_647' title='bbox 2787 3760 2962 3833; x_wconf 86' lang='lat' dir='ltr'><strong>ipsius</strong></span> <span class='ocrx_word' id='word_1_648' title='bbox 2990 3757 3351 3829; x_wconf 87' lang='lat' dir='ltr'><strong>patrocinium</strong></span> <span class='ocrx_word' id='word_1_649' title='bbox 3381 3771 3511 3812; x_wconf 85' lang='lat' dir='ltr'><strong>sus-</strong></span> 
     </span>
    </p>
   </div>
   <div class='ocr_carea' id='block_1_85' title="bbox 1939 3850 3510 3930">
    <p class='ocr_par' dir='ltr' id='par_1_85' title="bbox 1939 3850 3510 3930">
     <span class='ocr_line' id='line_1_85' title="bbox 1939 3850 3510 3930; baseline -0.006 -14"><span class='ocrx_word' id='word_1_650' title='bbox 1939 3860 2095 3930; x_wconf 87' lang='lat' dir='ltr'><strong>cipit.</strong></span> <span class='ocrx_word' id='word_1_651' title='bbox 2149 3857 2356 3913; x_wconf 88' lang='lat' dir='ltr'><strong>Domus</strong></span> <span class='ocrx_word' id='word_1_652' title='bbox 2409 3863 2592 3912; x_wconf 88' lang='lat' dir='ltr'><strong>autem</strong></span> <span class='ocrx_word' id='word_1_653' title='bbox 2648 3855 2886 3910; x_wconf 84' lang='lat' dir='ltr'><strong>civitatis</strong></span> <span class='ocrx_word' id='word_1_654' title='bbox 2933 3866 3072 3923; x_wconf 89' lang='lat' dir='ltr'><strong>quas</strong></span> <span class='ocrx_word' id='word_1_655' title='bbox 3108 3850 3314 3906; x_wconf 82' lang='lat' dir='ltr'><strong>dixeris</strong></span> <span class='ocrx_word' id='word_1_656' title='bbox 3365 3864 3510 3914; x_wconf 81' lang='lat' dir='ltr'><strong>esse,</strong></span> 
     </span>
    </p>
   </div>
   <div class='ocr_carea' id='block_1_86' title="bbox 1936 3939 3513 4019">
    <p class='ocr_par' dir='ltr' id='par_1_86' title="bbox 1936 3939 3513 4019">
     <span class='ocr_line' id='line_1_86' title="bbox 1936 3939 3513 4019; baseline -0.007 -12"><span class='ocrx_word' id='word_1_657' title='bbox 1936 3951 2044 4007; x_wconf 87' lang='lat' dir='ltr'><strong>nisi</strong></span> <span class='ocrx_word' id='word_1_658' title='bbox 2073 3949 2338 4005; x_wconf 87' lang='lat' dir='ltr'><strong>ecclesias</strong></span> <span class='ocrx_word' id='word_1_659' title='bbox 2372 3963 2468 4019; x_wconf 87' lang='lat' dir='ltr'><strong>per</strong></span> <span class='ocrx_word' id='word_1_660' title='bbox 2509 3947 2754 4002; x_wconf 84' lang='lat' dir='ltr'><strong>diversas</strong></span> <span class='ocrx_word' id='word_1_661' title='bbox 2780 3944 3030 4014; x_wconf 74' lang='lat' dir='ltr'><strong>regiones</strong></span> <span class='ocrx_word' id='word_1_662' title='bbox 3061 3949 3224 4012; x_wconf 88' lang='lat' dir='ltr'><strong>atque</strong></span> <span class='ocrx_word' id='word_1_663' title='bbox 3253 3941 3370 3996; x_wconf 89' lang='lat' dir='ltr'><strong>loca</strong></span> <span class='ocrx_word' id='word_1_664' title='bbox 3399 3939 3513 3996; x_wconf 48' lang='lat' dir='ltr'><strong>disc</strong></span> 
     </span>
    </p>
   </div>
   <div class='ocr_carea' id='block_1_87' title="bbox 1939 4032 3513 4107">
    <p class='ocr_par' dir='ltr' id='par_1_87' title="bbox 1939 4032 3513 4107">
     <span class='ocr_line' id='line_1_87' title="bbox 1939 4032 3513 4107; baseline -0.006 -13"><span class='ocrx_word' id='word_1_665' title='bbox 1939 4038 2212 4094; x_wconf 86' lang='lat' dir='ltr'><strong>tributas?</strong></span> <span class='ocrx_word' id='word_1_666' title='bbox 2271 4035 2406 4092; x_wconf 80' lang='lat' dir='ltr'><strong>Nam</strong></span> <span class='ocrx_word' id='word_1_667' title='bbox 2460 4034 2776 4107; x_wconf 86' lang='lat' dir='ltr'><strong>religiosum</strong></span> <span class='ocrx_word' id='word_1_668' title='bbox 2841 4048 3004 4088; x_wconf 88' lang='lat' dir='ltr'><strong>omne</strong></span> <span class='ocrx_word' id='word_1_669' title='bbox 3059 4032 3370 4088; x_wconf 90' lang='lat' dir='ltr'><strong>institutum</strong></span> <span class='ocrx_word' id='word_1_670' title='bbox 3418 4044 3513 4102; x_wconf 86' lang='lat' dir='ltr'><strong>per</strong></span> 
     </span>
    </p>
   </div>
   <div class='ocr_carea' id='block_1_88' title="bbox 1944 4120 3514 4194">
    <p class='ocr_par' dir='ltr' id='par_1_88' title="bbox 1944 4120 3514 4194">
     <span class='ocr_line' id='line_1_88' title="bbox 1944 4120 3514 4194; baseline -0.009 -7"><span class='ocrx_word' id='word_1_671' title='bbox 1944 4130 2266 4187; x_wconf 88' lang='lat' dir='ltr'><strong>universum</strong></span> <span class='ocrx_word' id='word_1_672' title='bbox 2296 4129 2486 4183; x_wconf 89' lang='lat' dir='ltr'><strong>orbem</strong></span> <span class='ocrx_word' id='word_1_673' title='bbox 2521 4127 2853 4188; x_wconf 88' lang='lat' dir='ltr'><strong>consistens,</strong></span> <span class='ocrx_word' id='word_1_674' title='bbox 2901 4122 3065 4194; x_wconf 79' lang='lat' dir='ltr'><strong>Regis</strong></span> <span class='ocrx_word' id='word_1_675' title='bbox 3097 4137 3292 4192; x_wconf 86' lang='lat' dir='ltr'><strong>magna</strong></span> <span class='ocrx_word' id='word_1_676' title='bbox 3321 4120 3514 4176; x_wconf 84' lang='lat' dir='ltr'><strong>civitas</strong></span> 
     </span>
    </p>
   </div>
   <div class='ocr_carea' id='block_1_89' title="bbox 1941 4211 3513 4291">
    <p class='ocr_par' dir='ltr' id='par_1_89' title="bbox 1941 4211 3513 4291">
     <span class='ocr_line' id='line_1_89' title="bbox 1941 4211 3513 4291; baseline -0.01 -16"><span class='ocrx_word' id='word_1_677' title='bbox 1941 4219 2269 4291; x_wconf 84' lang='lat' dir='ltr'><strong>intelligitur</strong></span> <span class='ocrx_word' id='word_1_678' title='bbox 2315 4232 2461 4273; x_wconf 87' lang='lat' dir='ltr'><strong>esse.</strong></span> <span class='ocrx_word' id='word_1_679' title='bbox 2521 4215 2774 4271; x_wconf 79' lang='lat' dir='ltr'><strong>Ecclesiae</strong></span> <span class='ocrx_word' id='word_1_680' title='bbox 2805 4227 2935 4267; x_wconf 86' lang='lat' dir='ltr'><strong>vero</strong></span> <span class='ocrx_word' id='word_1_681' title='bbox 2966 4227 3059 4282; x_wconf 86' lang='lat' dir='ltr'><strong>per</strong></span> <span class='ocrx_word' id='word_1_682' title='bbox 3088 4211 3402 4265; x_wconf 80' lang='lat' dir='ltr'><strong>universum</strong></span> <span class='ocrx_word' id='word_1_683' title='bbox 3433 4222 3513 4261; x_wconf 83' lang='lat' dir='ltr'><strong>or-</strong></span> 
     </span>
    </p>
   </div>
   <div class='ocr_carea' id='block_1_90' title="bbox 250 4297 1822 4409">
    <p class='ocr_par' dir='ltr' id='par_1_90' title="bbox 250 4297 1822 4409">
     <span class='ocr_line' id='line_1_90' title="bbox 250 4297 1822 4409; baseline -0.013 -19"><span class='ocrx_word' id='word_1_684' title='bbox 250 4297 405 4400; x_wconf 68' lang='grc' dir='ltr'>πολις</span> <span class='ocrx_word' id='word_1_685' title='bbox 551 4297 813 4405; x_wconf 70' lang='grc' dir='ltr'>βασιλέως</span> <span class='ocrx_word' id='word_1_686' title='bbox 828 4297 851 4362; x_wconf 44' lang='grc'><strong>’-</strong></span> <span class='ocrx_word' id='word_1_687' title='bbox 876 4331 932 4385; x_wconf 86' lang='grc' dir='ltr'><strong>αί</strong></span> <span class='ocrx_word' id='word_1_688' title='bbox 1047 4325 1188 4381; x_wconf 69' lang='grc' dir='ltr'>κατὰ</span> <span class='ocrx_word' id='word_1_689' title='bbox 1205 4297 1368 4379; x_wconf 82' lang='grc' dir='ltr'>τόπον</span> <span class='ocrx_word' id='word_1_690' title='bbox 1389 4297 1676 4394; x_wconf 65' lang='grc' dir='ltr'>ἐκκλησίαι</span> <span class='ocrx_word' id='word_1_691' title='bbox 1705 4335 1822 4409; x_wconf 82' lang='grc' dir='ltr'>τυγ-</span> 
     </span>
    </p>
   </div>
   <div class='ocr_carea' id='block_1_91' title="bbox 1926 4297 3516 4409">
    <p class='ocr_par' dir='ltr' id='par_1_91' title="bbox 1943 4297 3516 4409">
     <span class='ocr_line' id='line_1_91' title="bbox 1943 4297 3516 4380; baseline -0.011 -14"><span class='ocrx_word' id='word_1_692' title='bbox 1943 4311 2064 4367; x_wconf 86' lang='lat' dir='ltr'><strong>bem</strong></span> <span class='ocrx_word' id='word_1_693' title='bbox 2095 4311 2427 4380; x_wconf 70' lang='lat' dir='ltr'><strong>constitutae,</strong></span> <span class='ocrx_word' id='word_1_694' title='bbox 2460 4307 2656 4364; x_wconf 90' lang='lat' dir='ltr'><strong>domus</strong></span> <span class='ocrx_word' id='word_1_695' title='bbox 2682 4306 2789 4359; x_wconf 66' lang='lat' dir='ltr'><strong>illa</strong></span> <span class='ocrx_word' id='word_1_696' title='bbox 2819 4310 2967 4368; x_wconf 89' lang='lat' dir='ltr'><strong>sunt,</strong></span> <span class='ocrx_word' id='word_1_697' title='bbox 2995 4303 3049 4357; x_wconf 91' lang='lat' dir='ltr'><strong>in</strong></span> <span class='ocrx_word' id='word_1_698' title='bbox 3079 4315 3310 4372; x_wconf 91' lang='lat' dir='ltr'><strong>quarum</strong></span> <span class='ocrx_word' id='word_1_699' title='bbox 3338 4297 3516 4352; x_wconf 87' lang='lat' dir='ltr'><strong>medio</strong></span> 
     </span>
     <span class='ocr_line' id='line_1_92' title="bbox 2301 4386 3514 4409; baseline 0 0"><span class='ocrx_word' id='word_1_700' title='bbox 2301 4399 2313 4409; x_wconf 69' lang='grc' dir='ltr'><strong>α</strong></span> <span class='ocrx_word' id='word_1_701' title='bbox 2357 4407 2363 4409; x_wconf 86' lang='grc'>.</span> <span class='ocrx_word' id='word_1_702' title='bbox 2506 4397 2542 4409; x_wconf 69' lang='lat' dir='ltr'><strong>n</strong></span> <span class='ocrx_word' id='word_1_703' title='bbox 2773 4395 2786 4406; x_wconf 74' lang='grc' dir='ltr'>ο</span> <span class='ocrx_word' id='word_1_704' title='bbox 2846 4393 2906 4409; x_wconf 58' lang='lat'><strong>,0-</strong></span> <span class='ocrx_word' id='word_1_705' title='bbox 3026 4390 3123 4409; x_wconf 64' lang='grc' dir='ltr'><strong>Ινιε</strong></span> <span class='ocrx_word' id='word_1_706' title='bbox 3170 4389 3264 4409; x_wconf 64' lang='grc' dir='ltr'><strong>Δ..Δ</strong></span> <span class='ocrx_word' id='word_1_707' title='bbox 3300 4386 3377 4409; x_wconf 74' lang='grc' dir='ltr'><strong>..-Ι</strong></span> <span class='ocrx_word' id='word_1_708' title='bbox 3413 4395 3514 4409; x_wconf 67' lang='grc' dir='ltr'><strong>Α---</strong></span> 
     </span>
    </p>
   </div>
   <div class='ocr_carea' id='block_1_92' title="bbox 250 4408 1836 4498">
    <p class='ocr_par' dir='ltr' id='par_1_92' title="bbox 250 4408 1836 4498">
     <span class='ocr_line' id='line_1_93' title="bbox 250 4408 1836 4498; baseline -0.013 -17"><span class='ocrx_word' id='word_1_709' title='bbox 250 4426 504 4498; x_wconf 76' lang='grc' dir='ltr'>χάνουσιν</span> <span class='ocrx_word' id='word_1_710' title='bbox 528 4427 584 4477; x_wconf 87' lang='grc' dir='ltr'><strong>αί</strong></span> <span class='ocrx_word' id='word_1_711' title='bbox 615 4425 800 4497; x_wconf 85' lang='grc' dir='ltr'>βάρεις</span> <span class='ocrx_word' id='word_1_712' title='bbox 818 4462 832 4486; x_wconf 98' lang='grc'><strong>,</strong></span> <span class='ocrx_word' id='word_1_713' title='bbox 861 4414 937 4475; x_wconf 82' lang='grc' dir='ltr'>ὧν</span> <span class='ocrx_word' id='word_1_714' title='bbox 963 4420 1126 4492; x_wconf 88' lang='grc' dir='ltr'>μέσος</span> <span class='ocrx_word' id='word_1_715' title='bbox 1145 4416 1234 4472; x_wconf 73' lang='grc' dir='ltr'><strong>ἀεὶ</strong></span> <span class='ocrx_word' id='word_1_716' title='bbox 1255 4414 1329 4475; x_wconf 80' lang='grc' dir='ltr'>ὣν</span> <span class='ocrx_word' id='word_1_717' title='bbox 1353 4416 1382 4467; x_wconf 84' lang='grc' dir='ltr'><strong>ὸ</strong></span> <span class='ocrx_word' id='word_1_718' title='bbox 1410 4409 1645 4483; x_wconf 73' lang='grc' dir='ltr'>εἰρηκὼς</span> <span class='ocrx_word' id='word_1_719' title='bbox 1664 4408 1796 4470; x_wconf 79' lang='grc' dir='ltr'>Θεὸς</span> <span class='ocrx_word' id='word_1_720' title='bbox 1815 4423 1836 4474; x_wconf 55' lang='grc' dir='ltr'><em>ἡ</em></span> 
     </span>
    </p>
   </div>
   <div class='ocr_carea' id='block_1_93' title="bbox 258 4500 1834 4582">
    <p class='ocr_par' dir='ltr' id='par_1_93' title="bbox 258 4500 1834 4582">
     <span class='ocr_line' id='line_1_94' title="bbox 258 4500 1834 4582; baseline -0.011 -12"><span class='ocrx_word' id='word_1_721' title='bbox 258 4517 448 4570; x_wconf 77' lang='grc' dir='ltr'>Ὅπου</span> <span class='ocrx_word' id='word_1_722' title='bbox 480 4513 588 4568; x_wconf 82' lang='grc' dir='ltr'><strong>δύο</strong></span> <span class='ocrx_word' id='word_1_723' title='bbox 616 4514 652 4582; x_wconf 83' lang='grc' dir='ltr'>ἢ</span> <span class='ocrx_word' id='word_1_724' title='bbox 687 4513 838 4581; x_wconf 82' lang='grc' dir='ltr'>τρεῖς</span> <span class='ocrx_word' id='word_1_725' title='bbox 869 4509 1258 4580; x_wconf 77' lang='grc' dir='ltr'>συνηγμένοι,</span> <span class='ocrx_word' id='word_1_726' title='bbox 1286 4504 1416 4560; x_wconf 82' lang='grc' dir='ltr'>ἐκεῖ</span> <span class='ocrx_word' id='word_1_727' title='bbox 1432 4505 1552 4573; x_wconf 77' lang='grc' dir='ltr'>ειμι</span> <span class='ocrx_word' id='word_1_728' title='bbox 1578 4504 1647 4556; x_wconf 82' lang='grc' dir='ltr'><strong>ἐν</strong></span> <span class='ocrx_word' id='word_1_729' title='bbox 1665 4500 1834 4571; x_wconf 82' lang='grc' dir='ltr'>μέσῳ</span> 
     </span>
    </p>
   </div>
   <div class='ocr_carea' id='block_1_94' title="bbox 253 4591 1834 4674">
    <p class='ocr_par' dir='ltr' id='par_1_94' title="bbox 253 4591 1834 4674">
     <span class='ocr_line' id='line_1_95' title="bbox 253 4591 1834 4674; baseline -0.013 -10"><span class='ocrx_word' id='word_1_730' title='bbox 253 4606 453 4664; x_wconf 78' lang='grc' dir='ltr'>αὐτῶν</span> <span class='ocrx_word' id='word_1_731' title='bbox 471 4623 484 4636; x_wconf 90' lang='grc'><strong>·</strong></span> <span class='ocrx_word' id='word_1_732' title='bbox 520 4606 632 4670; x_wconf 76' lang='grc' dir='ltr'>καὶ,</span> <span class='ocrx_word' id='word_1_733' title='bbox 676 4604 832 4658; x_wconf 82' lang='grc' dir='ltr'><strong>Ἰδοὺ</strong></span> <span class='ocrx_word' id='word_1_734' title='bbox 869 4603 982 4674; x_wconf 49' lang='lat' dir='ltr'><strong>ent)</strong></span> <span class='ocrx_word' id='word_1_735' title='bbox 1001 4603 1132 4672; x_wconf 77' lang='grc' dir='ltr'>μεθ’</span> <span class='ocrx_word' id='word_1_736' title='bbox 1159 4597 1326 4670; x_wconf 79' lang='grc' dir='ltr'><strong>ὑμῶν</strong></span> <span class='ocrx_word' id='word_1_737' title='bbox 1353 4598 1468 4666; x_wconf 74' lang='grc' dir='ltr'>εἰμι</span> <span class='ocrx_word' id='word_1_738' title='bbox 1496 4593 1698 4660; x_wconf 80' lang='grc' dir='ltr'>πάσας</span> <span class='ocrx_word' id='word_1_739' title='bbox 1729 4591 1834 4656; x_wconf 87' lang='grc' dir='ltr'>τὰς</span> 
     </span>
    </p>
   </div>
   <div class='ocr_carea' id='block_1_95' title="bbox 256 4684 1837 4769">
    <p class='ocr_par' dir='ltr' id='par_1_95' title="bbox 256 4684 1837 4769">
     <span class='ocr_line' id='line_1_96' title="bbox 256 4684 1837 4769; baseline -0.015 -14"><span class='ocrx_word' id='word_1_740' title='bbox 256 4699 478 4769; x_wconf 78' lang='grc' dir='ltr'>ἡμέρας</span> <span class='ocrx_word' id='word_1_741' title='bbox 499 4695 605 4762; x_wconf 77' lang='grc' dir='ltr'>ἕως</span> <span class='ocrx_word' id='word_1_742' title='bbox 639 4694 748 4762; x_wconf 81' lang='grc' dir='ltr'>τῆς</span> <span class='ocrx_word' id='word_1_743' title='bbox 777 4695 1129 4758; x_wconf 76' lang='grc' dir='ltr'>συντελείας</span> <span class='ocrx_word' id='word_1_744' title='bbox 1177 4689 1281 4751; x_wconf 81' lang='grc' dir='ltr'>τοῦ</span> <span class='ocrx_word' id='word_1_745' title='bbox 1325 4686 1564 4750; x_wconf 67' lang='grc' dir='ltr'>αἰῶνοςο</span> <span class='ocrx_word' id='word_1_746' title='bbox 1597 4684 1719 4738; x_wconf 84' lang='grc' dir='ltr'>τότε</span> <span class='ocrx_word' id='word_1_747' title='bbox 1751 4697 1837 4749; x_wconf 89' lang='grc' dir='ltr'>γι-</span> 
     </span>
    </p>
   </div>
   <div class='ocr_carea' id='block_1_96' title="bbox 256 4770 1836 4854">
    <p class='ocr_par' dir='ltr' id='par_1_96' title="bbox 256 4770 1836 4854">
     <span class='ocr_line' id='line_1_97' title="bbox 256 4770 1836 4854; baseline -0.014 -10"><span class='ocrx_word' id='word_1_748' title='bbox 256 4788 555 4850; x_wconf 81' lang='grc' dir='ltr'>νώσκεται,</span> <span class='ocrx_word' id='word_1_749' title='bbox 592 4786 831 4850; x_wconf 64' lang='grc' dir='ltr'>ἐπειδὰν,</span> <span class='ocrx_word' id='word_1_750' title='bbox 863 4782 1133 4854; x_wconf 83' lang='grc' dir='ltr'>πολεμίων</span> <span class='ocrx_word' id='word_1_751' title='bbox 1173 4777 1544 4849; x_wconf 75' lang='grc' dir='ltr'>ἐπιθεμένων,</span> <span class='ocrx_word' id='word_1_752' title='bbox 1576 4770 1836 4840; x_wconf 79' lang='grc' dir='ltr'>ἀντιλαμ-</span> 
     </span>
    </p>
   </div>
   <div class='ocr_carea' id='block_1_97' title="bbox 258 4865 1762 4952">
    <p class='ocr_par' dir='ltr' id='par_1_97' title="bbox 258 4865 1762 4952">
     <span class='ocr_line' id='line_1_98' title="bbox 258 4865 1762 4952; baseline -0.011 -19"><span class='ocrx_word' id='word_1_753' title='bbox 258 4881 490 4952; x_wconf 74' lang='grc' dir='ltr'>ϐάνηται</span> <span class='ocrx_word' id='word_1_754' title='bbox 512 4879 608 4949; x_wconf 84' lang='grc' dir='ltr'>τῆς</span> <span class='ocrx_word' id='word_1_755' title='bbox 634 4875 829 4932; x_wconf 76' lang='grc' dir='ltr'>ἑαυτοῦ</span> <span class='ocrx_word' id='word_1_756' title='bbox 854 4875 1058 4937; x_wconf 83' lang='grc' dir='ltr'>πόλεως</span> <span class='ocrx_word' id='word_1_757' title='bbox 1084 4866 1179 4927; x_wconf 63' lang='grc' dir='ltr'><strong>καλ⁸</strong></span> <span class='ocrx_word' id='word_1_758' title='bbox 1201 4871 1309 4926; x_wconf 84' lang='grc' dir='ltr'><strong>τῶν</strong></span> <span class='ocrx_word' id='word_1_759' title='bbox 1335 4868 1546 4942; x_wconf 79' lang='grc' dir='ltr'>βάρεων</span> <span class='ocrx_word' id='word_1_760' title='bbox 1574 4865 1762 4952; x_wconf 69' lang='grc' dir='ltr'>αὐτῆς.</span> 
     </span>
    </p>
   </div>
   <div class='ocr_carea' id='block_1_98' title="bbox 338 4950 1840 5038">
    <p class='ocr_par' dir='ltr' id='par_1_98' title="bbox 338 4950 1840 5038">
     <span class='ocr_line' id='line_1_99' title="bbox 338 4950 1840 5038; baseline 0.005 -34"><span class='ocrx_word' id='word_1_761' title='bbox 338 4950 500 5038; x_wconf 64' lang='grc' dir='ltr'><strong>Ἑξῆς</strong></span> <span class='ocrx_word' id='word_1_762' title='bbox 527 4965 739 5034; x_wconf 59' lang='grc' dir='ltr'><strong>τούτοις</strong></span> <span class='ocrx_word' id='word_1_763' title='bbox 770 4964 1036 5033; x_wconf 80' lang='grc' dir='ltr'>συνῆπται</span> <span class='ocrx_word' id='word_1_764' title='bbox 1063 4963 1098 5031; x_wconf 81' lang='grc' dir='ltr'>ἡ</span> <span class='ocrx_word' id='word_1_765' title='bbox 1133 4959 1241 5013; x_wconf 83' lang='grc' dir='ltr'>τῶν</span> <span class='ocrx_word' id='word_1_766' title='bbox 1267 4955 1540 5028; x_wconf 82' lang='grc' dir='ltr'>πολεμίων</span> <span class='ocrx_word' id='word_1_767' title='bbox 1569 4950 1712 5006; x_wconf 80' lang='grc' dir='ltr'>κατὰ</span> <span class='ocrx_word' id='word_1_768' title='bbox 1742 4950 1840 5020; x_wconf 79' lang='grc' dir='ltr'><strong>τῆς</strong></span> 
     </span>
    </p>
   </div>
   <div class='ocr_carea' id='block_1_99' title="bbox 269 5039 1842 5129">
    <p class='ocr_par' dir='ltr' id='par_1_99' title="bbox 269 5039 1842 5129">
     <span class='ocr_line' id='line_1_100' title="bbox 269 5039 1842 5129; baseline -0.013 -15"><span class='ocrx_word' id='word_1_769' title='bbox 269 5057 598 5129; x_wconf 83' lang='grc' dir='ltr'>Ἐκκλησίας</span> <span class='ocrx_word' id='word_1_770' title='bbox 633 5054 729 5108; x_wconf 87' lang='grc' dir='ltr'>τοῦ</span> <span class='ocrx_word' id='word_1_771' title='bbox 759 5052 896 5107; x_wconf 86' lang='grc' dir='ltr'>Θεοῦ</span> <span class='ocrx_word' id='word_1_772' title='bbox 929 5051 1142 5122; x_wconf 72' lang='grc' dir='ltr'>ἔφοδος·</span> <span class='ocrx_word' id='word_1_773' title='bbox 1181 5049 1394 5119; x_wconf 79' lang='grc' dir='ltr'>εἴρηται</span> <span class='ocrx_word' id='word_1_774' title='bbox 1417 5063 1429 5075; x_wconf 87' lang='grc'><strong>·</strong></span> <span class='ocrx_word' id='word_1_775' title='bbox 1488 5045 1606 5098; x_wconf 77' lang='grc' dir='ltr'>Ὀτι</span> <span class='ocrx_word' id='word_1_776' title='bbox 1634 5039 1763 5096; x_wconf 79' lang='grc' dir='ltr'>ίδσὺ</span> <span class='ocrx_word' id='word_1_777' title='bbox 1789 5041 1842 5094; x_wconf 79' lang='grc' dir='ltr'>οι</span> 
     </span>
    </p>
   </div>
   <div class='ocr_carea' id='block_1_100' title="bbox 251 5130 1841 5217">
    <p class='ocr_par' dir='ltr' id='par_1_100' title="bbox 251 5130 1841 5217">
     <span class='ocr_line' id='line_1_101' title="bbox 251 5130 1841 5217; baseline -0.015 -10"><span class='ocrx_word' id='word_1_778' title='bbox 251 5149 536 5217; x_wconf 61' lang='grc' dir='ltr'>,βασιλεῖς</span> <span class='ocrx_word' id='word_1_779' title='bbox 589 5144 1028 5215; x_wconf 72' lang='grc' dir='ltr'>συνήχθησαν,</span> <span class='ocrx_word' id='word_1_780' title='bbox 1063 5137 1396 5206; x_wconf 51' lang='lat' dir='ltr'><strong>omnem”</strong></span> <span class='ocrx_word' id='word_1_781' title='bbox 1443 5135 1543 5189; x_wconf 73' lang='grc' dir='ltr'><strong>ἐπὶ</strong></span> <span class='ocrx_word' id='word_1_782' title='bbox 1574 5132 1640 5187; x_wconf 82' lang='grc' dir='ltr'><strong>τὸ</strong></span> <span class='ocrx_word' id='word_1_783' title='bbox 1673 5130 1841 5186; x_wconf 86' lang='grc' dir='ltr'>αὐτό.</span> 
     </span>
    </p>
   </div>
   <div class='ocr_carea' id='block_1_101' title="bbox 1939 4386 3518 4472">
    <p class='ocr_par' dir='ltr' id='par_1_101' title="bbox 1939 4386 3518 4472">
     <span class='ocr_line' id='line_1_102' title="bbox 1939 4386 3518 4472; baseline -0.01 -16"><span class='ocrx_word' id='word_1_784' title='bbox 1939 4416 2158 4472; x_wconf 80' lang='lat' dir='ltr'><strong>semper</strong></span> <span class='ocrx_word' id='word_1_785' title='bbox 2201 4399 2473 4454; x_wconf 81' lang='lat' dir='ltr'><strong>exsistens</strong></span> <span class='ocrx_word' id='word_1_786' title='bbox 2505 4397 2648 4450; x_wconf 89' lang='lat' dir='ltr'><strong>Deus</strong></span> <span class='ocrx_word' id='word_1_787' title='bbox 2696 4395 2788 4462; x_wconf 87' lang='lat' dir='ltr'><strong>qui</strong></span> <span class='ocrx_word' id='word_1_788' title='bbox 2837 4393 2913 4447; x_wconf 90' lang='lat' dir='ltr'><strong>ait</strong></span> <span class='ocrx_word' id='word_1_789' title='bbox 2959 4410 2972 4445; x_wconf 91' lang='lat'>:</span> <span class='ocrx_word' id='word_1_790' title='bbox 3023 4390 3123 4444; x_wconf 79' lang='lat' dir='ltr'><strong>Ubi</strong></span> <span class='ocrx_word' id='word_1_791' title='bbox 3163 4389 3267 4441; x_wconf 86' lang='lat' dir='ltr'><strong>duo</strong></span> <span class='ocrx_word' id='word_1_792' title='bbox 3299 4386 3377 4441; x_wconf 81' lang='lat' dir='ltr'><strong>vel</strong></span> <span class='ocrx_word' id='word_1_793' title='bbox 3412 4395 3518 4442; x_wconf 80' lang='lat' dir='ltr'><strong>tres</strong></span> 
     </span>
    </p>
   </div>
   <div class='ocr_carea' id='block_1_102' title="bbox 1939 4477 3514 4564">
    <p class='ocr_par' dir='ltr' id='par_1_102' title="bbox 1939 4477 3514 4564">
     <span class='ocr_line' id='line_1_103' title="bbox 1939 4477 3514 4564; baseline -0.013 -14"><span class='ocrx_word' id='word_1_794' title='bbox 1939 4491 2242 4564; x_wconf 81' lang='lat' dir='ltr'><strong>congregati</strong></span> <span class='ocrx_word' id='word_1_795' title='bbox 2270 4489 2490 4558; x_wconf 73' lang='lat' dir='ltr'><strong>fuerint,</strong></span> <span class='ocrx_word' id='word_1_796' title='bbox 2532 4486 2646 4539; x_wconf 82' lang='lat' dir='ltr'><strong>illic</strong></span> <span class='ocrx_word' id='word_1_797' title='bbox 2669 4501 2785 4539; x_wconf 86' lang='lat' dir='ltr'><strong>sum</strong></span> <span class='ocrx_word' id='word_1_798' title='bbox 2822 4484 2876 4536; x_wconf 83' lang='lat' dir='ltr'><strong>in</strong></span> <span class='ocrx_word' id='word_1_799' title='bbox 2904 4481 3073 4536; x_wconf 86' lang='lat' dir='ltr'><strong>medio</strong></span> <span class='ocrx_word' id='word_1_800' title='bbox 3103 4495 3282 4534; x_wconf 87' lang='lat' dir='ltr'><strong>eorum</strong></span> <span class='ocrx_word' id='word_1_801' title='bbox 3310 4477 3393 4543; x_wconf 80' lang='grc'><strong>⁸⁶;</strong></span> <span class='ocrx_word' id='word_1_802' title='bbox 3422 4488 3514 4532; x_wconf 87' lang='lat' dir='ltr'><strong>et:</strong></span> 
     </span>
    </p>
   </div>
   <div class='ocr_carea' id='block_1_103' title="bbox 1942 4568 3516 4653">
    <p class='ocr_par' dir='ltr' id='par_1_103' title="bbox 1942 4568 3516 4653">
     <span class='ocr_line' id='line_1_104' title="bbox 1942 4568 3516 4653; baseline -0.012 -13"><span class='ocrx_word' id='word_1_803' title='bbox 1942 4585 2078 4640; x_wconf 87' lang='lat' dir='ltr'><strong>Ecce</strong></span> <span class='ocrx_word' id='word_1_804' title='bbox 2104 4599 2197 4653; x_wconf 88' lang='lat' dir='ltr'><strong>ego</strong></span> <span class='ocrx_word' id='word_1_805' title='bbox 2246 4580 2512 4635; x_wconf 81' lang='lat' dir='ltr'><strong>vobiscum</strong></span> <span class='ocrx_word' id='word_1_806' title='bbox 2546 4591 2663 4630; x_wconf 89' lang='lat' dir='ltr'><strong>sum</strong></span> <span class='ocrx_word' id='word_1_807' title='bbox 2713 4572 2953 4629; x_wconf 85' lang='lat' dir='ltr'><strong>omnibus</strong></span> <span class='ocrx_word' id='word_1_808' title='bbox 3003 4570 3185 4625; x_wconf 88' lang='lat' dir='ltr'><strong>diebus</strong></span> <span class='ocrx_word' id='word_1_809' title='bbox 3235 4585 3396 4641; x_wconf 86' lang='lat' dir='ltr'><strong>usque</strong></span> <span class='ocrx_word' id='word_1_810' title='bbox 3446 4568 3516 4622; x_wconf 83' lang='lat' dir='ltr'><strong>ad</strong></span> 
     </span>
    </p>
   </div>
   <div class='ocr_carea' id='block_1_104' title="bbox 1943 4659 3516 4732">
    <p class='ocr_par' dir='ltr' id='par_1_104' title="bbox 1943 4659 3516 4732">
     <span class='ocr_line' id='line_1_105' title="bbox 1943 4659 3516 4732; baseline -0.011 0"><span class='ocrx_word' id='word_1_811' title='bbox 1943 4672 2447 4732; x_wconf 87' lang='lat' dir='ltr'><strong>consummationem</strong></span> <span class='ocrx_word' id='word_1_812' title='bbox 2487 4665 2668 4722; x_wconf 74' lang='lat' dir='ltr'><strong>swculi</strong></span> <span class='ocrx_word' id='word_1_813' title='bbox 2695 4664 2774 4731; x_wconf 78' lang='lat'><strong>&quot;;</strong></span> <span class='ocrx_word' id='word_1_814' title='bbox 2823 4670 2955 4716; x_wconf 91' lang='lat' dir='ltr'><strong>tunc</strong></span> <span class='ocrx_word' id='word_1_815' title='bbox 3000 4661 3117 4732; x_wconf 89' lang='lat' dir='ltr'><strong>ipse</strong></span> <span class='ocrx_word' id='word_1_816' title='bbox 3144 4659 3516 4730; x_wconf 88' lang='lat' dir='ltr'><strong>cognoscitur,</strong></span> 
     </span>
    </p>
   </div>
   <div class='ocr_carea' id='block_1_105' title="bbox 1941 4743 3519 4821">
    <p class='ocr_par' dir='ltr' id='par_1_105' title="bbox 1941 4743 3519 4821">
     <span class='ocr_line' id='line_1_106' title="bbox 1941 4743 3519 4821; baseline -0.01 -5"><span class='ocrx_word' id='word_1_817' title='bbox 1941 4775 2066 4816; x_wconf 91' lang='lat' dir='ltr'><strong>cum</strong></span> <span class='ocrx_word' id='word_1_818' title='bbox 2117 4756 2332 4815; x_wconf 87' lang='lat' dir='ltr'><strong>scilicet</strong></span> <span class='ocrx_word' id='word_1_819' title='bbox 2375 4747 2809 4821; x_wconf 84' lang='lat' dir='ltr'><strong>irrumpentibus</strong></span> <span class='ocrx_word' id='word_1_820' title='bbox 2844 4745 3106 4812; x_wconf 86' lang='lat' dir='ltr'><strong>inimicis,</strong></span> <span class='ocrx_word' id='word_1_821' title='bbox 3155 4743 3365 4799; x_wconf 89' lang='lat' dir='ltr'><strong>civitati</strong></span> <span class='ocrx_word' id='word_1_822' title='bbox 3406 4760 3519 4800; x_wconf 64' lang='lat' dir='ltr'><strong>sua:</strong></span> 
     </span>
    </p>
   </div>
   <div class='ocr_carea' id='block_1_106' title="bbox 1942 4841 2868 4919">
    <p class='ocr_par' dir='ltr' id='par_1_106' title="bbox 1942 4841 2868 4919">
     <span class='ocr_line' id='line_1_107' title="bbox 1942 4841 2868 4919; baseline -0.014 -11"><span class='ocrx_word' id='word_1_823' title='bbox 1942 4850 2303 4919; x_wconf 83' lang='lat' dir='ltr'><strong>domibusque</strong></span> <span class='ocrx_word' id='word_1_824' title='bbox 2327 4844 2448 4916; x_wconf 85' lang='lat' dir='ltr'><strong>ejus</strong></span> <span class='ocrx_word' id='word_1_825' title='bbox 2475 4841 2868 4914; x_wconf 85' lang='lat' dir='ltr'><strong>patrocinatur.</strong></span> 
     </span>
    </p>
   </div>
   <div class='ocr_carea' id='block_1_107' title="bbox 2016 4924 3522 5009">
    <p class='ocr_par' dir='ltr' id='par_1_107' title="bbox 2016 4924 3522 5009">
     <span class='ocr_line' id='line_1_108' title="bbox 2016 4924 3522 5009; baseline -0.009 -14"><span class='ocrx_word' id='word_1_826' title='bbox 2016 4940 2282 5009; x_wconf 87' lang='lat' dir='ltr'><strong>Deinceps</strong></span> <span class='ocrx_word' id='word_1_827' title='bbox 2304 4949 2434 4993; x_wconf 82' lang='lat' dir='ltr'><strong>vero</strong></span> <span class='ocrx_word' id='word_1_828' title='bbox 2461 4932 2810 5003; x_wconf 86' lang='lat' dir='ltr'><strong>subjungitur</strong></span> <span class='ocrx_word' id='word_1_829' title='bbox 2832 4928 3182 4984; x_wconf 85' lang='lat' dir='ltr'><strong>inimicorum</strong></span> <span class='ocrx_word' id='word_1_830' title='bbox 3201 4935 3394 4982; x_wconf 88' lang='lat' dir='ltr'><strong>contra</strong></span> <span class='ocrx_word' id='word_1_831' title='bbox 3420 4924 3522 4981; x_wconf 52' lang='lat' dir='ltr'><strong>Ec.</strong></span> 
     </span>
    </p>
   </div>
   <div class='ocr_carea' id='block_1_108' title="bbox 1945 5017 3524 5090">
    <p class='ocr_par' dir='ltr' id='par_1_108' title="bbox 1945 5017 3524 5090">
     <span class='ocr_line' id='line_1_109' title="bbox 1945 5017 3524 5090; baseline -0.013 -1"><span class='ocrx_word' id='word_1_832' title='bbox 1945 5032 2166 5089; x_wconf 89' lang='lat' dir='ltr'><strong>clesiam</strong></span> <span class='ocrx_word' id='word_1_833' title='bbox 2193 5029 2284 5085; x_wconf 90' lang='lat' dir='ltr'><strong>Dei</strong></span> <span class='ocrx_word' id='word_1_834' title='bbox 2313 5028 2572 5082; x_wconf 87' lang='lat' dir='ltr'><strong>incursus</strong></span> <span class='ocrx_word' id='word_1_835' title='bbox 2597 5041 2612 5090; x_wconf 86' lang='lat'><strong>;</strong></span> <span class='ocrx_word' id='word_1_836' title='bbox 2646 5037 2771 5077; x_wconf 89' lang='lat' dir='ltr'><strong>nam</strong></span> <span class='ocrx_word' id='word_1_837' title='bbox 2794 5021 2871 5075; x_wconf 87' lang='lat' dir='ltr'><strong>ait</strong></span> <span class='ocrx_word' id='word_1_838' title='bbox 2897 5039 2910 5074; x_wconf 89' lang='lat'><strong>:</strong></span> <span class='ocrx_word' id='word_1_839' title='bbox 2939 5017 3206 5085; x_wconf 83' lang='lat' dir='ltr'><strong>Quoniam</strong></span> <span class='ocrx_word' id='word_1_840' title='bbox 3233 5031 3349 5072; x_wconf 86' lang='lat' dir='ltr'><strong>eccs</strong></span> <span class='ocrx_word' id='word_1_841' title='bbox 3383 5032 3524 5086; x_wconf 86' lang='lat' dir='ltr'><strong>reges</strong></span> 
     </span>
    </p>
   </div>
   <div class='ocr_carea' id='block_1_109' title="bbox 1946 5106 3523 5194">
    <p class='ocr_par' dir='ltr' id='par_1_109' title="bbox 1946 5106 3523 5194">
     <span class='ocr_line' id='line_1_110' title="bbox 1946 5106 3523 5194; baseline -0.014 -15"><span class='ocrx_word' id='word_1_842' title='bbox 1946 5121 2245 5194; x_wconf 81' lang='lat' dir='ltr'><strong>congregati</strong></span> <span class='ocrx_word' id='word_1_843' title='bbox 2287 5127 2450 5183; x_wconf 86' lang='lat' dir='ltr'><strong>sunt,</strong></span> <span class='ocrx_word' id='word_1_844' title='bbox 2493 5119 2837 5170; x_wconf 81' lang='lat' dir='ltr'><strong>convenerunt</strong></span> <span class='ocrx_word' id='word_1_845' title='bbox 2879 5111 2932 5166; x_wconf 88' lang='lat' dir='ltr'><strong>in</strong></span> <span class='ocrx_word' id='word_1_846' title='bbox 2966 5125 3148 5165; x_wconf 81' lang='lat' dir='ltr'><strong>unum.</strong></span> <span class='ocrx_word' id='word_1_847' title='bbox 3209 5106 3523 5165; x_wconf 81' lang='lat' dir='ltr'><strong>Secundum</strong></span> 
     </span>
    </p>
   </div>
   <div class='ocr_carea' id='block_1_110' title="bbox 258 5202 1822 5307">
    <p class='ocr_par' dir='ltr' id='par_1_110' title="bbox 258 5202 1822 5307">
     <span class='ocr_line' id='line_1_111' title="bbox 258 5202 1822 5307; baseline -0.015 -10"><span class='ocrx_word' id='word_1_848' title='bbox 258 5202 626 5297; x_wconf 19' lang='grc' dir='ltr'><strong>*δὲ’τδν</strong></span> <span class='ocrx_word' id='word_1_849' title='bbox 671 5202 1198 5307; x_wconf 24' lang='grc' dir='ltr'><strong>ΣῦμνμαχονοψἸδοὺ</strong></span> <span class='ocrx_word' id='word_1_850' title='bbox 1226 5227 1370 5300; x_wconf 78' lang='grc' dir='ltr'>τὰρ,</span> <span class='ocrx_word' id='word_1_851' title='bbox 1411 5226 1605 5296; x_wconf 66' lang='grc' dir='ltr'>φησιν,</span> <span class='ocrx_word' id='word_1_852' title='bbox 1640 5224 1694 5277; x_wconf 82' lang='grc' dir='ltr'><strong>οι</strong></span> <span class='ocrx_word' id='word_1_853' title='bbox 1730 5219 1822 5286; x_wconf 80' lang='grc' dir='ltr'>,ϐα</span> 
     </span>
    </p>
   </div>
   <div class='ocr_carea' id='block_1_111' title="bbox 1926 5202 3522 5307">
    <p class='ocr_par' dir='ltr' id='par_1_111' title="bbox 1951 5202 3522 5286">
     <span class='ocr_line' id='line_1_112' title="bbox 1951 5202 3522 5286; baseline -0.012 -17"><span class='ocrx_word' id='word_1_854' title='bbox 1951 5212 2340 5286; x_wconf 86' lang='lat' dir='ltr'><strong>Symmachum</strong></span> <span class='ocrx_word' id='word_1_855' title='bbox 2379 5215 2582 5272; x_wconf 89' lang='lat' dir='ltr'><strong>autem,</strong></span> <span class='ocrx_word' id='word_1_856' title='bbox 2619 5205 2750 5260; x_wconf 79' lang='lat' dir='ltr'><strong>Ecce</strong></span> <span class='ocrx_word' id='word_1_857' title='bbox 2782 5203 2940 5280; x_wconf 76' lang='lat' dir='ltr'><strong>enim,</strong></span> <span class='ocrx_word' id='word_1_858' title='bbox 2993 5202 3090 5266; x_wconf 75' lang='lat' dir='ltr'><strong>ait,</strong></span> <span class='ocrx_word' id='word_1_859' title='bbox 3134 5218 3276 5273; x_wconf 85' lang='lat' dir='ltr'><strong>reges</strong></span> <span class='ocrx_word' id='word_1_860' title='bbox 3310 5215 3522 5253; x_wconf 71' lang='lat' dir='ltr'><strong>consen-</strong></span> 
     </span>
    </p>
   </div>
   <div class='ocr_carea' id='block_1_112' title="bbox 257 5311 1842 5400">
    <p class='ocr_par' dir='ltr' id='par_1_112' title="bbox 257 5311 1842 5400">
     <span class='ocr_line' id='line_1_113' title="bbox 257 5311 1842 5400; baseline -0.016 -11"><span class='ocrx_word' id='word_1_861' title='bbox 257 5331 454 5400; x_wconf 68' lang='lat' dir='ltr'><strong>athi&#39;g</strong></span> <span class='ocrx_word' id='word_1_862' title='bbox 478 5327 890 5394; x_wconf 73' lang='grc' dir='ltr'>συνετάξαντο</span> <span class='ocrx_word' id='word_1_863' title='bbox 913 5367 928 5392; x_wconf 93' lang='grc'><strong>,</strong></span> <span class='ocrx_word' id='word_1_864' title='bbox 950 5321 1142 5397; x_wconf 72' lang='grc' dir='ltr'>ἦλθον</span> <span class='ocrx_word' id='word_1_865' title='bbox 1164 5318 1332 5392; x_wconf 70' lang='grc' dir='ltr'>ἐμοῦ.</span> <span class='ocrx_word' id='word_1_866' title='bbox 1356 5319 1506 5372; x_wconf 84' lang='grc' dir='ltr'>Ποῖοι</span> <span class='ocrx_word' id='word_1_867' title='bbox 1527 5316 1583 5369; x_wconf 72' lang='grc' dir='ltr'><strong>δὲ</strong></span> <span class='ocrx_word' id='word_1_868' title='bbox 1607 5311 1842 5384; x_wconf 79' lang='grc' dir='ltr'>βασιλεῖς</span> 
     </span>
    </p>
   </div>
   <div class='ocr_carea' id='block_1_113' title="bbox 256 5404 1844 5494">
    <p class='ocr_par' dir='ltr' id='par_1_113' title="bbox 256 5404 1844 5494">
     <span class='ocr_line' id='line_1_114' title="bbox 256 5404 1844 5494; baseline -0.014 -15"><span class='ocrx_word' id='word_1_869' title='bbox 256 5423 294 5494; x_wconf 74' lang='grc' dir='ltr'><strong>ἢ</strong></span> <span class='ocrx_word' id='word_1_870' title='bbox 323 5425 372 5478; x_wconf 75' lang='lat' dir='ltr'><strong>oi</strong></span> <span class='ocrx_word' id='word_1_871' title='bbox 405 5422 593 5494; x_wconf 67' lang='grc' dir='ltr'>ἐχθροὶ</span> <span class='ocrx_word' id='word_1_872' title='bbox 619 5419 714 5474; x_wconf 85' lang='grc' dir='ltr'>τοῦ</span> <span class='ocrx_word' id='word_1_873' title='bbox 749 5415 1032 5481; x_wconf 72' lang='grc' dir='ltr'>θεοσεϐοῦς</span> <span class='ocrx_word' id='word_1_874' title='bbox 1064 5410 1454 5481; x_wconf 79' lang='grc' dir='ltr'>πολιτεύματος</span> <span class='ocrx_word' id='word_1_875' title='bbox 1490 5404 1844 5470; x_wconf 77' lang='grc' dir='ltr'>συνετάξαντο</span> 
     </span>
    </p>
   </div>
   <div class='ocr_carea' id='block_1_114' title="bbox 1951 5287 3501 5367">
    <p class='ocr_par' dir='ltr' id='par_1_114' title="bbox 1951 5287 3501 5367">
     <span class='ocr_line' id='line_1_115' title="bbox 1951 5287 3501 5367; baseline -0.011 -6"><span class='ocrx_word' id='word_1_876' title='bbox 1951 5313 2153 5366; x_wconf 75' lang='lat' dir='ltr'><strong>serunt,</strong></span> <span class='ocrx_word' id='word_1_877' title='bbox 2181 5310 2426 5359; x_wconf 76' lang='lat' dir='ltr'><strong>uenerunt</strong></span> <span class='ocrx_word' id='word_1_878' title='bbox 2465 5297 2644 5356; x_wconf 74' lang='lat' dir='ltr'><strong>simul.</strong></span> <span class='ocrx_word' id='word_1_879' title='bbox 2671 5293 2785 5363; x_wconf 73' lang='lat' dir='ltr'><strong>Qui</strong></span> <span class='ocrx_word' id='word_1_880' title='bbox 2814 5309 2992 5367; x_wconf 84' lang='lat' dir='ltr'><strong>reges,</strong></span> <span class='ocrx_word' id='word_1_881' title='bbox 3027 5292 3134 5351; x_wconf 86' lang='lat' dir='ltr'><strong>nisi</strong></span> <span class='ocrx_word' id='word_1_882' title='bbox 3178 5291 3280 5363; x_wconf 64' lang='lat' dir='ltr'><strong>pia:</strong></span> <span class='ocrx_word' id='word_1_883' title='bbox 3310 5287 3501 5357; x_wconf 73' lang='lat' dir='ltr'><strong>religio</strong></span> 
     </span>
    </p>
   </div>
   <div class='ocr_carea' id='block_1_115' title="bbox 1951 5379 3499 5460">
    <p class='ocr_par' dir='ltr' id='par_1_115' title="bbox 1951 5379 3499 5460">
     <span class='ocr_line' id='line_1_116' title="bbox 1951 5379 3499 5460; baseline -0.015 -7"><span class='ocrx_word' id='word_1_884' title='bbox 1951 5400 2038 5453; x_wconf 87' lang='lat' dir='ltr'><strong>nis</strong></span> <span class='ocrx_word' id='word_1_885' title='bbox 2060 5394 2291 5460; x_wconf 89' lang='lat' dir='ltr'><strong>inimici,</strong></span> <span class='ocrx_word' id='word_1_886' title='bbox 2321 5399 2509 5448; x_wconf 89' lang='lat' dir='ltr'><strong>mutuo</strong></span> <span class='ocrx_word' id='word_1_887' title='bbox 2534 5393 2955 5452; x_wconf 86' lang='lat' dir='ltr'><strong>consenserunt,</strong></span> <span class='ocrx_word' id='word_1_888' title='bbox 2987 5386 3239 5456; x_wconf 78' lang='lat' dir='ltr'><strong>legesque</strong></span> <span class='ocrx_word' id='word_1_889' title='bbox 3263 5379 3330 5433; x_wconf 79' lang='lat' dir='ltr'><strong>ad</strong></span> <span class='ocrx_word' id='word_1_890' title='bbox 3355 5392 3499 5449; x_wconf 82' lang='lat' dir='ltr'><strong>oppn</strong></span> 
     </span>
    </p>
   </div>
   <div class='ocr_carea' id='block_1_116' title="bbox 334 5492 1822 5605">
    <p class='ocr_par' dir='ltr' id='par_1_116' title="bbox 334 5492 1799 5605">
     <span class='ocr_line' id='line_1_117' title="bbox 334 5492 1799 5605; baseline -0.014 -7"><span class='ocrx_word' id='word_1_891' title='bbox 334 5545 377 5576; x_wconf 82' lang='lat'><strong>&quot;</strong></span> <span class='ocrx_word' id='word_1_892' title='bbox 417 5492 596 5600; x_wconf 77' lang='lat' dir='ltr'><strong>lcor.</strong></span> <span class='ocrx_word' id='word_1_893' title='bbox 633 5556 728 5605; x_wconf 85' lang='lat' dir='ltr'><strong>ut,</strong></span> <span class='ocrx_word' id='word_1_894' title='bbox 771 5539 857 5593; x_wconf 82' lang='grc' dir='ltr'><strong>Η.</strong></span> <span class='ocrx_word' id='word_1_895' title='bbox 972 5537 1016 5569; x_wconf 72' lang='grc'><strong>¹⁸</strong></span> <span class='ocrx_word' id='word_1_896' title='bbox 1053 5531 1257 5590; x_wconf 79' lang='lat' dir='ltr'><strong>Jerem.</strong></span> <span class='ocrx_word' id='word_1_897' title='bbox 1298 5546 1352 5594; x_wconf 91' lang='grc' dir='ltr'><strong>ι,</strong></span> <span class='ocrx_word' id='word_1_898' title='bbox 1406 5528 1493 5583; x_wconf 68' lang='lat' dir='ltr'><strong>ﬂ.</strong></span> <span class='ocrx_word' id='word_1_899' title='bbox 1572 5525 1615 5558; x_wconf 82' lang='grc'><strong>¹¹</strong></span> <span class='ocrx_word' id='word_1_900' title='bbox 1654 5523 1799 5581; x_wconf 74' lang='lat' dir='ltr'><strong>Psal.</strong></span> 
     </span>
    </p>
   </div>
   <div class='ocr_carea' id='block_1_117' title="bbox 1926 5492 3524 5605">
    <p class='ocr_par' dir='ltr' id='par_1_117' title="bbox 1926 5492 3524 5584">
     <span class='ocr_line' id='line_1_118' title="bbox 1926 5492 3524 5584; baseline -0.016 -12"><span class='ocrx_word' id='word_1_901' title='bbox 1926 5534 1989 5584; x_wconf 65' lang='lat' dir='ltr'><strong>,v,</strong></span> <span class='ocrx_word' id='word_1_902' title='bbox 2024 5516 2080 5580; x_wconf 83' lang='lat'><strong>6,</strong></span> <span class='ocrx_word' id='word_1_903' title='bbox 2288 5515 2333 5546; x_wconf 83' lang='grc'><strong>¹⁶</strong></span> <span class='ocrx_word' id='word_1_904' title='bbox 2373 5511 2563 5566; x_wconf 78' lang='lat' dir='ltr'><strong>Matth.</strong></span> <span class='ocrx_word' id='word_1_905' title='bbox 2601 5523 2736 5563; x_wconf 78' lang='lat' dir='ltr'><strong>xvm</strong></span> <span class='ocrx_word' id='word_1_906' title='bbox 2761 5545 2776 5571; x_wconf 88' lang='lat'><strong>,</strong></span> <span class='ocrx_word' id='word_1_907' title='bbox 2821 5504 2912 5559; x_wconf 77' lang='grc'><strong>20.</strong></span> <span class='ocrx_word' id='word_1_908' title='bbox 3017 5503 3056 5534; x_wconf 80' lang='grc'><strong>⁸⁷</strong></span> <span class='ocrx_word' id='word_1_909' title='bbox 3100 5496 3524 5560; x_wconf 51' lang='grc' dir='ltr'>Μυιιιιλχγιιι,</span> 
     </span>
    </p>
   </div>
  </div>
