4024 6202
247 328 341 382 6'15

1356 326 1855 388 COMMENTARIA
1888 329 1953 385 IN
1988 331 2322 390 PSALMOS.

3345 342 3447 398 £26

245 447 357 532 μοῖς
372 446 602 516 ὁρῶντες
629 448 759 516 φασί
781 465 794 478 ·
816 449 1087 518 Καθάπερ
1109 451 1468 521 ἠκούσαμεν,
1491 453 1678 520 οὕτως
1694 458 1788 509 καὶ

1905 455 2153 513 vidimus.
2183 457 2363 524 Quare
2405 459 2519 515 hate
2558 458 2803 517 dicentes
2826 460 2911 516 sic
2938 461 3232 532 alloquitur
3263 462 3450 521 Salva-

243 525 489 606 ἐῖδομεν.
538 539 630 592 Διὸ
654 543 767 603 τοῖς
796 541 965 596 ταῦτα
993 543 1283 610 φάσκουσιν
1309 542 1492 612 ἔλεγεν
1516 547 1545 598 6
1566 544 1760 617 Σωτήρ
1776 561 1790 575 ·

241 627 457 680 Πολλοὶ
488 627 784 697 προφῆται
832 631 930 684 καὶ
973 631 1184 685 δίκαιοι
1231 634 1620 704 ἐπεθύμησαν
1650 636 1798 691 ἰδεῖν

239 715 275 769 t!
299 716 466 785 ὑμεῖς
485 718 745 781 ,βλέπετε
766 736 779 750 ο
819 722 913 775 καὶ
935 761 951 786 ,
997 722 1187 790 ’Υμῶν
1212 723 1282 777 δὲ
1304 725 1583 794 μακάριοι
1607 730 1662 781 οἱ
1692 728 1798 797 ὀφ-

240 809 447 878 θαλμοὶ
466 849 482 873 ,
516 810 603 865 ὅτι
619 811 977 875 βλέπουσιν.
1036 814 1285 887 Ἀρμόζοι
1311 817 1355 870 δ’
1386 818 1452 872 ἀν
1490 819 1583 872 καὶ
1607 821 1735 890 ἡμῖν
1761 820 1815 891 η’

239 901 454 974 τοιαύτη
482 903 631 975 φωνὴ
650 947 667 969 ,
700 906 766 958 τά
789 907 946 977 ὃμοια
970 908 1312 979 τεθεαμένοις
1338 911 1476 965 κατά
1503 913 1627 975 τοὺς
1661 915 1795 985 ἡμε-

238 991 292 1044 τέ
301 1010 424 1062 ρους
450 995 667 1067 χρόνους
684 1014 699 1027 ο
721 996 756 1049 ἀ
780 996 841 1070 δὴ
870 1000 964 1052 καὶ
995 1000 1292 1071 ἐπληροῦτο
1314 1005 1373 1055 ἐν
1394 1005 1458 1073 τῇ
1488 1004 1793 1074 προλεχθεί-

232 1098 305 1156 ’σῃ
334 1086 511 1153 πόλει,
547 1089 614 1159 ἢν
642 1090 743 1142 οὐκ
767 1090 1048 1167 ἄνθρωπος
1068 1133 1082 1156 ,
1117 1093 1231 1147 ἀλλ’
1264 1094 1423 1158 αὐτὸς
1448 1096 1477 1147 6
1503 1096 1634 1160 Θεὸς
1674 1096 1795 1150 ἐθε-

237 1177 497 1247 μελίωσεν
532 1182 611 1244 είς
636 1182 727 1235 τὸν
750 1182 941 1236 αἰῶνα.
1012 1184 1258 1239 Μάλιστα
1306 1186 1414 1254 γὰρ
1454 1188 1574 1242 τότε
1624 1187 1793 1260 αὐτῆς

234 1269 475 1336 φαίνεται
501 1271 530 1323 6
548 1270 794 1344 θεμέλιος
818 1273 1051 1340 αἰώνιος,
1070 1277 1106 1346 ἥ
1124 1293 1182 1329 τε
1208 1276 1457 1349 οἰκοδομὴ
1484 1280 1583 1332 οὐκ
1613 1279 1671 1346 ἐξ
1695 1280 1792 1333 ἀν-

228 1359 458 1431 θρώπων
489 1362 745 1437 ἱδρυμένη
766 1405 781 1430 ,
818 1366 931 1419 ἀλλ’
957 1366 1016 1433 ἐξ
1038 1367 1201 1421 αὑτοῦ
1243 1367 1335 1421 τοῦ
1360 1367 1492 1421 Θεοῦ
1512 1408 1527 1431 ,
1555 1370 1791 1434 ἐπειδὰν,

230 1452 494 1508 τοσούτων
543 1455 814 1527 πολεμίων
860 1457 1286 1529 πολιορκούντων
1310 1500 1324 1525 ,
1396 1450 1659 1532 ἀήττητος
1703 1464 1794 1517 καὶ

232 1543 588 1616 ἀκαθαίρετος
625 1543 873 1619 διαμένῃ.

301 1634 458 1687 Κατὰ
483 1632 550 1686 τό
578 1634 764 1703 ὄνομά
789 1652 904 1688 σου
923 1677 939 1701 ,
973 1639 1006 1688 ὁ
1028 1635 1170 1701 Θεὸς
1192 1678 1205 1700 ,
1238 1637 1421 1703 οὕτως
1452 1639 1548 1693 καὶ
1579 1641 1616 1705 ἡ
1644 1640 1794 1694 αἴνε-

232 1724 332 1790 σίς
351 1742 469 1779 σου
484 1726 581 1778 ἐπὶ
607 1727 679 1780 τὰ
698 1726 1043 1795 πέρατατῆς
1068 1727 1178 1798 γῆς
1195 1746 1209 1758 ⁸
1233 1727 1615 1798 δικαιοσύνης
1641 1732 1791 1798 πλή-

1896 557 2027 605 tor:
2077 548 2238 604 Multi
2288 553 2548 621 propheta:
2589 564 2640 608 et
2687 554 2817 622 iusti
2844 555 3115 610 uoluerunt
3140 558 3311 612 videre
3335 574 3449 627 qua:

1895 657 1983 695 vos
2015 640 2197 696 videtis
2220 642 2264 674 ²⁰
2291 660 2306 709 ;
2335 650 2418 698 et:
2462 642 2637 698 Vestri
2668 653 2845 698 autem
2870 645 3007 700 beati
3033 647 3194 712 oculi,
3216 647 3343 717 quia
3373 650 3451 701 oi-

1897 730 2018 785 dent
2043 733 2108 785 ἰ.
2142 730 2308 788 Nobis
2331 748 2549 805 quoque
2586 734 2703 789 htec
2732 750 2836 797 vox
2864 736 3156 806 cempetat,
3187 737 3281 807 qui
3311 744 3451 793 tem-

1896 824 2123 894 poribus
2146 825 2349 882 nostris
2377 826 2577 881 similia
2610 827 2847 884 vidimus
2871 827 2927 883 in
2953 827 3208 898 praedicta
3230 828 3447 884 civitate

1895 913 2148 984 impleta;
2179 932 2340 986 quam
2372 933 2478 972 non
2519 918 2701 985 homo,
2736 920 2828 975 sed
2876 920 2991 990 ipse
3018 919 3158 974 Deus
3202 919 3448 977 fundavit

1896 1006 1951 1060 in
1997 1007 2277 1063 saeculum.
2329 1004 2480 1063 Tunc
2528 1025 2693 1080 porro
2745 1011 2981 1065 maxime
3035 1010 3444 1067 fundamentum

1893 1096 2015 1165 ejus
2039 1106 2325 1163 aeternum,
2368 1108 2751 1173 structuraque
2798 1103 2945 1159 illius
2979 1118 3087 1158 non
3116 1103 3185 1159 ab
3212 1103 3446 1160 bomini~

1893 1188 1999 1246 bus
2033 1191 2269 1246 excitata
2298 1191 2534 1257 videtur,
2572 1194 2665 1251 sed
2697 1195 2767 1250 ab
2807 1195 2927 1265 ipso
2955 1194 3099 1261 Deo;
3131 1212 3253 1251 cum
3291 1197 3443 1252 obsi-

1892 1278 2150 1335 dentibus
2207 1286 2288 1335 tot
2343 1282 2599 1349 inimicis,
2658 1285 2856 1341 invicta
2902 1293 2956 1342 et
3012 1287 3443 1358 inexpugnabilis

1892 1377 2094 1425 manet.

1964 1627 2125 1684 Vens.
2156 1629 2239 1694 lt,
2269 1628 2353 1683 19..
2383 1629 2678 1685 Secundum
2706 1650 2888 1689 nomen
2919 1637 3262 1704 tuum,Deus,
3294 1641 3367 1694 sic
3394 1648 3445 1694 et

1891 1722 2010 1776 laus
2036 1729 2129 1775 tua
2146 1721 2201 1774 in
2221 1722 2349 1791 ﬁnes
2370 1730 2523 1777 terra:
2544 1739 2563 1776 :
2575 1722 2798 1793 justitia
2820 1727 2976 1796 plena
3000 1738 3075 1782 est
3098 1728 3314 1783 dextera
3331 1740 3445 1788 tua.

230 1834 342 1883 ρης
362 1817 402 1883 ’ἡ
431 1816 599 1880 δεξιά
616 1834 750 1873 σου,
795 1818 1168 1890 Ἐπειδήπερὴ
1195 1820 1340 1887 δεξιὰ
1358 1820 1518 1875 αὐτοῦ
1536 1863 1550 1886 ,
1579 1824 1612 1893 ἡ
1640 1824 1788 1894 εὐερ-

1896 1821 2165 1889 Quoniam
2217 1821 2455 1877 benefica
2509 1821 2627 1891 ejus
2678 1822 2921 1887 dextera,
2951 1838 3070 1894 quae
3096 1824 3237 1879 bona
3262 1823 3441 1877 omnia

234 1908 422 1978 γετικὴ
452 1908 543 1961 καὶ
582 1910 793 1963 πάντων
826 1912 932 1964 τῶν
958 1912 1172 1980 ἀγαθῶν
1207 1915 1471 1984 πάροχος,
1506 1914 1791 1986 πεπλήρω-

235 2016 323 2052 ται
359 2000 595 2070 ἰσότητος
627 2003 720 2054 καὶ
749 2002 1086 2073 δικαιοσύνης
1107 2042 1122 2067 ,
1147 2005 1248 2058 οὐκ
1273 2003 1386 2058 ἔστι
1415 2022 1471 2058 τε
1502 2020 1791 2077 προσωπο-

232 2085 400 2158 ληψία
423 2089 549 2160 παρ’
568 2089 714 2159 αὐτῷ
729 2106 743 2120 ·
769 2091 990 2155 εἰκότως
1015 2091 1077 2145 τὸ
1130 2093 1453 2162 Εὑαγγέλιον
1481 2095 1643 2148 πᾶσιν
1666 2095 1793 2165 ἐκη-

230 2177 455 2249 ρύττετο
474 2183 585 2244 τοῖς
602 2176 795 2234 ἔθνεσι.
830 2182 923 2236 Διό
941 2200 1103 2254 φησιν
1122 2185 1158 2239 ,ό
1192 2182 1513 2250 Ἀπόστολος
1531 2202 1544 2215 ⁸
1576 2187 1657 2240 οὐ
1684 2187 1792 2255 τὰρ

222 2264 658 2339 ἐπαισχύνομαι
686 2271 754 2325 τὸ
780 2274 1165 2345 Euan-6.1m.
1217 2277 1473 2346 Δύναμις
1503 2277 1613 2346 γὰρ
1642 2278 1791 2334 Θεοῦ

220 2359 397 2413 ἐστιν
425 2362 511 2427 εὶς
553 2362 855 2429 σωτηρίαν
883 2365 1059 2418 παντὶ
1088 2364 1169 2431 τῷ
1198 2367 1540 2420 πιστεύοντι
1566 2407 1581 2431 ,
1646 2367 1789 2422 ’1ου-

224 2447 372 2517 datr,»
392 2467 455 2504 τε
473 2450 703 2519 πρῶτον
719 2453 817 2506 καὶ
839 2456 1105 2523 Ἕλληνι.
1130 2459 1487 2525 Δικαιοσύνη
1511 2458 1621 2527 γὰρ
1643 2458 1791 2513 Θεοῦ

221 2540 297 2593 ἐν
318 2541 476 2607 αὐτῷ
495 2543 992 2602 ἀποκαλύπτεται.
1044 2546 1261 2612 Τούτοις
1280 2549 1583 2612 ἀκολούθως
1607 2550 1788 2603 ὲπιλέ-

228 2649 381 2700 γεται
416 2630 575 2703 ἑξῆς
612 2635 1011 2705 Eligam-615m)
1034 2640 1180 2704 ὅρος
1211 2641 1395 2693 Σιών⁸
1427 2640 1583 2694 τοῦτο
1609 2642 1667 2695 δὲ
1697 2642 1793 2694 καὶ

222 2726 315 2779 διὰ
347 2726 453 2779 τῶν
486 2726 791 2797 ἔμπροσθεν
834 2729 1082 2800 ἐδηλιῦτο
1104 2770 1118 2794 ,
1171 2731 1256 2801 ἐφ’
1302 2725 1347 2800 ᾧ
1373 2731 1724 2803 τεθεμελίωτο
1755 2736 1789 2805 ἡ

239 2818 551 2889 Ἐκκλησία.
628 2819 693 2873 Ἦ
725 2819 897 2888 πέτρα
927 2815 1016 2874 οὖν
1072 2824 1167 2876 καὶ
1196 2824 1258 2877 τὸ
1287 2824 1411 2896 ὅρος
1461 2823 1620 2888 αὐτὸς
1662 2821 1729 2897 ἦν
1761 2828 1791 2880 6

225 2903 478 2977 Χριστός.
536 2907 727 2979 Χαίρει
756 2908 933 2961 τοίνυν
960 2909 1052 2961 καὶ
1082 2911 1261 2980 πάσης
1290 2912 1621 2984 εὐφροσύνης
1651 2915 1787 2985 πλη-

222 2997 419 3068 ροῦται
474 2997 566 3049 ἐπὶ
614 3000 678 3068 τῇ
715 2999 922 3072 μεγάλῃ
955 3002 1041 3053 ἐπ’
1070 3000 1218 3071 αὐτῷ
1245 3004 1495 3075 οἰκοδομῇ
1519 3044 1534 3067 ,
1586 3006 1678 3058 καὶ
1720 3009 1787 3078 τῇ

214 3090 637 3160 ἀκαταμαχήτῳ
666 3089 849 3153 πόλει,
890 3092 983 3144 καὶ
1027 3092 1306 3163 συγχαίρει
1328 3095 1441 3157 τοῖς
1470 3093 1789 3165 σωζομένοις

1892 1914 2176 1986 elargitur,
2212 1913 2580 1983 aequabilitate
2608 1920 2664 1970 et
2697 1914 2911 1984 justitia
2941 1915 3103 1986 plena
3131 1922 3237 1978 est,
3269 1930 3444 1985 neque

1893 2004 2003 2058 ulla
2052 2013 2139 2061 est
2187 2002 2332 2075 apud
2383 2003 2562 2074 ipsum
2608 2019 2966 2076 personarum
3002 2004 3280 2074 acceptio;
3322 2003 3444 2074 jure

1892 2092 2237 2167 Evangelium
2262 2094 2515 2151 omnibus
2541 2095 2793 2169 gentibus
2814 2093 3225 2166 praedicabatur.
3239 2092 3443 2160 Quam-

1888 2186 2073 2241 obrem
2145 2185 2323 2256 inquit
2367 2184 2665 2256 Apostolus
2728 2203 2741 2239 :
2803 2183 2929 2240 Non
2984 2186 3122 2239 enim
3200 2181 3443 2239 erubesco

1891 2274 2254 2346 Evangelium.
2298 2275 2474 2330 Virtus
2499 2277 2638 2330 enim
2668 2275 2766 2331 Dei
2816 2286 2895 2332 est
2931 2278 2988 2332 in
3034 2275 3256 2331 salutem
3303 2275 3444 2330 omni

1891 2365 2141 2433 credenti,
2174 2363 2366 2421 Juda'o
2396 2367 2622 2435 primum
2673 2375 2723 2422 et
2770 2367 2973 2422 Greco.
3027 2365 3252 2420 Iustitia
3306 2365 3444 2419 enim

1888 2457 1989 2514 Dei
2036 2458 2093 2512 in
2133 2473 2192 2512 eo
2240 2457 2499 2513 reoetatur
2528 2460 2595 2512 ²¹.
2634 2458 3044 2527 Consequenter
3077 2465 3258 2511 autem
3290 2455 3444 2510 addi-

1889 2559 1981 2605 tur
2011 2570 2026 2606 :
2060 2550 2289 2606 Laztetur
2317 2565 2466 2605 mons
2501 2548 2630 2606 Sion
2664 2565 2682 2602 :
2726 2550 2870 2619 quod
2912 2565 2981 2604 ex
3018 2547 3443 2618 praecedentibus

1889 2640 2229 2696 declaratum
2260 2649 2366 2705 est,
2397 2654 2523 2696 cum
2554 2638 2622 2694 de
2648 2637 2966 2693 fundatione
3009 2636 3266 2691 Ecclesia:
3316 2650 3442 2706 age-

1891 2738 2061 2787 retur.
2109 2729 2270 2787 Petra
2328 2730 2498 2800 igitur
2553 2736 2608 2784 et
2655 2742 2811 2784 mons
2851 2729 2969 2800 ipse
3008 2726 3262 2783 Christus
3303 2734 3440 2784 erat.

1889 2820 2098 2878 Gaudet
2126 2822 2310 2893 itaque
2351 2829 2406 2877 et
2448 2819 2599 2874 omni
2650 2820 2836 2874 laetitia
2886 2818 3126 2889 repletur
3154 2817 3219 2873 de
3246 2832 3443 2888 magna

1888 2916 1943 2970 in
1967 2930 2027 2971 se
2054 2913 2277 2969 fundata
2307 2921 2607 2975 structura,
2655 2926 2719 2966 ac
2763 2910 2830 2967 de
2881 2909 3286 2982 inexpugnabili
3318 2908 3443 2964 civi-

1888 3007 2032 3067 tate;
2064 3007 2229 3070 atque
2255 3001 2485 3055 salutem
2524 3000 2702 3054 nactis
2734 2999 2931 3055 salutis
2957 3007 3152 3054 auctor
3180 2998 3442 3055 Dominus

1888 3088 2225 3158 gratulatur;
2266 3089 2375 3143 imo
2422 3089 2584 3149 etiam
2615 3088 2738 3143 ﬁlia:
2763 3088 2961 3143 Iudaea:
2991 3089 3265 3143 exsultant
3314 3102 3443 3158 pro-

214 3178 252 3230 6
286 3172 477 3239 σώζων
505 3178 697 3243 αὐτοὺς
721 3179 923 3252 Κύριος
943 3196 957 3209 ⁸
1001 3180 1134 3235 ἀλλὰ
1166 3183 1258 3235 καὶ
1285 3184 1341 3237 αἱ
1370 3183 1663 3256 θυγατέρες
1692 3185 1788 3256 τῆς

1891 3186 2011 3250 pter
2026 3179 2233 3249 judicia
2259 3178 2371 3234 Dei.
2399 3178 2654 3245 Quanam
2689 3180 2793 3234 illm
2818 3179 3023 3235 fuerint
3048 3181 3153 3236 nisi
3181 3180 3443 3251 apostoli-

235 3268 494 3333 Ἰουδαίας
512 3258 867 3340 ἀγαλλιῶνται
887 3273 1069 3326 ἕνεκεν
1090 3274 1196 3327 τῶν
1221 3276 1501 3347 χριμάτων
1520 3276 1615 3331 τοῦ
1631 3277 1783 3331 Θεοῦ.

174 3380 181 3389 ·
219 3361 384 3424 Τίνες
432 3362 477 3414 δ’
506 3362 571 3416 ἂν
598 3361 705 3418 εῐεν
746 3360 902 3420 αὗται
935 3365 1049 3419 ἀλλ’
1077 3366 1109 3437 ἢ
1154 3369 1210 3420 αἱ
1244 3368 1592 3424 ἀποστολικαὶ
1621 3368 1787 3441 ψυχαὶ

216 3452 320 3505 καὶ
340 3455 448 3516 πᾶς
465 3453 493 3506 ὁ
519 3453 626 3509 τῶν
648 3458 900 3530 μαθητῶν
921 3461 1015 3515 καὶ
1039 3461 1433 3530 εὐαγγελιστῶν
1463 3460 1558 3514 τοῦ
1584 3463 1785 3533 Κυρίου

216 3545 319 3598 καὶ
341 3545 588 3619 Σωτῆρος
618 3550 774 3630 ἡμῶν
801 3553 971 3624 Ἰησοῦ
994 3554 1226 3625 Χριστοῦ
1253 3554 1411 3626 χορὸς
1433 3552 1494 3618 ἐξ
1523 3554 1786 3609 Ἰουδαίων

214 3639 582 3709 γεγενημένος
600 3657 614 3706 ;
636 3642 887 3715 Ἕχαιρόν
900 3663 962 3716 γε
981 3644 1087 3720 μὴν
1108 3648 1201 3701 καὶ
1223 3648 1401 3721 πάσης
1419 3648 1786 3717 ἀγαλλιάσεως

219 3726 323 3780 καὶ
350 3727 611 3800 θυμηδίας
641 3733 970 3805 ἐπληροῦντο
1000 3737 1088 3792 διὰ
1118 3737 1187 3792 τὰ
1212 3738 1395 3793 δίκαια
1432 3739 1667 3812 κρίματα
1691 3743 1784 3794 τοῦ

213 3821 361 3876 Θεοῦ
382 3838 396 3851 ⁸
432 3823 660 3896 ἐπείπερ
691 3825 754 3877 δι’
777 3827 954 3880 αὐτῶν
988 3831 1151 3884 πᾶσιν
1181 3830 1316 3901 ὁμοῦ
1344 3834 1454 3895 τοῖς
1486 3831 1660 3885 ἔθνεσι
1693 3835 1785 3887 καὶ

216 3915 389 3968 πᾶσιν
414 3914 715 3987 ἀνθρώποις
729 3920 1051 3990 ἐκηρύττετο
1071 3922 1130 3975 τὸ
1155 3924 1417 3993 σωτήριον
1437 3923 1779 3992 Εύαγγέλιον.

293 4029 651 4084 Κυκλὼσατε
686 4032 869 4095 Σιὼν,
914 4034 1009 4087 καὶ
1038 4034 1377 4103 περαάὸετε
1402 4036 1621 4105 αὐτὴν,
1669 4038 1787 4105 διη-

210 4119 491 4190 γήσασθε
517 4123 588 4176 ἐν
610 4122 735 4189 τοῖς
770 4125 1014 4194 πύργοις
1040 4127 1247 4196 αὐτῆς.
1283 4128 1467 4184 Θέσθε
1502 4130 1608 4196 τὰς
1644 4147 1783 4199 καρ-

206 4211 357 4280 δίας
381 4211 546 4283 ὑμῶν
579 4216 667 4281 εις
688 4213 801 4284 τὴν
836 4216 1091 4288 δύναμιν
1124 4217 1311 4289 αὐτῆς
1334 4261 1349 4285 ,
1372 4220 1478 4275 καὶ
1513 4220 1782 4276 καταδιέ-

208 4308 405 4360 λεσθε
434 4305 541 4373 τὰς
588 4307 797 4376 ,βάρεις
842 4307 1030 4379 αὐτῆς
1054 4349 1069 4371 ,
1108 4311 1266 4377 ὅπως
1297 4311 1372 4365 ἂν
1416 4313 1784 4383 διηγήσησθε

208 4399 309 4463 εις
329 4397 542 4465 γενεὰν
567 4397 791 4467 ἑτέραν.
826 4400 951 4453 Ὅτι
977 4395 1156 4467 οὗτός
1180 4402 1348 4455 ἐστιν
1365 4405 1398 4456 ὀ
1425 4402 1566 4468 Θεὸς
1594 4404 1780 4473 ἡμῶν,

1891 3284 1968 3325 τε
1995 3271 2205 3335 animae,
2241 3277 2499 3340 totusque
2524 3266 2916 3341 discipulorum
2960 3270 3441 3339 evangelistarum-

1888 3378 1995 3434 que
2025 3360 2238 3417 Domini
2268 3368 2323 3417 et
2360 3360 2661 3416 Salvatoris
2703 3361 2878 3415 nostri
2911 3358 3040 3415 Jesu
3071 3358 3275 3413 Christi
3304 3357 3441 3412 cho-

1888 3470 2005 3518 rus,
2027 3470 2094 3510 ex
2118 3452 2319 3509 Iudaeis
2347 3452 2541 3508 ortus?
2582 3451 2930 3506 Laetabantur
2976 3465 3160 3520 porro,
3196 3464 3261 3503 ac
3294 3449 3440 3503 omni

1888 3545 2249 3601 exsultatione
2281 3551 2338 3599 et
2376 3544 2543 3600 animi
2589 3542 2789 3615 gaudio
2819 3542 3187 3615 replebantur,
3221 3549 3441 3611 prepter

1883 3636 2038 3708 justa
2073 3635 2168 3694 Dei
2201 3636 2436 3707 judicia,
2483 3635 2612 3707 quia
2651 3635 2893 3706 ipsorum
2927 3634 3229 3689 ministerio
3265 3632 3440 3687 omni-

1886 3731 1989 3786 bus
2011 3744 2122 3784 una
2151 3729 2421 3800 gentibus,
2450 3727 2813 3798 omnibusque
2863 3725 3174 3781 hominibus
3203 3724 3438 3781 salutare

1890 3818 2241 3890 Evangelium
2272 3818 2720 3873 annuntiabatur.

1962 4023 2131 4080 Vens.
2192 4024 2374 4079 13-15.
2439 4023 2773 4079 Circumdate
2836 4023 2985 4088 Sion,
3032 4035 3083 4079 et
3136 4024 3434 4093 complecti-
3520 4030 3525 4035 ‘

1886 4118 2015 4170 mini
2038 4133 2175 4180 eam,
2223 4125 2439 4170 narrate
2487 4117 2540 4169 in
2586 4116 2819 4170 turribus
2868 4116 3002 4186 ejus.
3056 4114 3243 4169 Ponite
3273 4117 3435 4170 corda

1885 4214 2054 4260 vestra
2093 4208 2147 4260 in
2196 4207 2380 4261 virtute
2410 4207 2545 4275 ejus,
2583 4215 2635 4259 et
2676 4206 2974 4259 distribuite
3003 4204 3183 4259 domos
3210 4205 3345 4268 eius,
3379 4216 3434 4257 ut

1882 4299 2139 4352 enarretis
2178 4299 2231 4351 in
2268 4299 2509 4369 progenie
2552 4298 2741 4351 altera.
2778 4298 3042 4364 Quoniam
3064 4297 3146 4349 hic
3174 4305 3251 4349 est
3295 4295 3434 4350 Deus

1886 4388 2025 4443 Deus
2051 4399 2247 4467 noster,
2279 4391 2387 4456 ipse
2420 4398 2596 4456 pascet
2626 4405 2720 4442 nos
2750 4390 2804 4440 in
2832 4387 3050 4442 swcula.
3097 4385 3228 4452 Quae
3271 4400 3435 4455 supra

206 4486 410 4550 αὐτὸς
443 4491 713 4557 ποιμανεῖ
751 4491 905 4559 ἡμᾶς
939 4493 1026 4558 εἰς
1072 4491 1213 4557 τοὺς
1249 4491 1483 4561 αἰῶνας.
1562 4495 1642 4548 Τά
1685 4496 1784 4566 μὲν

1891 4479 2029 4535 dicta
2085 4487 2213 4534 sunt
2256 4480 2460 4543 omnia,
2512 4477 2839 4547 theologiam
2873 4477 3152 4531 continent
3183 4476 3303 4546 ejus
3341 4477 3434 4547 qui

203 4577 584 4651 πφλεχθέντα
603 4582 776 4634 πάντα
796 4584 1062 4652 θεολογίαν
1079 4583 1319 4655 περιέχει
1341 4584 1434 4639 τοῦ
1460 4585 1531 4639 τὰ
1549 4564 1785 4641 τοσαῦτα

1891 4577 1966 4624 tot
1993 4576 2251 4639 tantaque
2275 4577 2425 4638 gesta
2460 4567 2515 4621 in
2541 4566 2851 4622 hominibus
2883 4564 3071 4622 edidit.
3103 4564 3229 4620 Haec
3255 4575 3433 4623 autem

204 4672 279 4725 ὲν
301 4670 608 4744 ἀνθρώποις
635 4674 1076 4746 κατωρθωκότος·
1100 4676 1170 4730 τὰ
1269 4677 1597 4749 προκείμενα
1616 4694 1781 4750 προσ-

1891 4662 2089 4733 profert
2111 4660 2177 4715 ad
2210 4674 2494 4731 personam
2521 4658 2901 4730 quorumdam,
2938 4666 2998 4713 ut
3027 4659 3092 4714 ad
3120 4659 3434 4731 praedictam

208 4766 480 4833 φωνεῖται
514 4764 593 4826 εἱς
622 4763 907 4834 πρόσωπόν
954 4782 1133 4829 τινων,
1162 4750 1241 4829 ὡς
1259 4765 1325 4819 ἂν
1349 4767 1446 4838 τὴν
1473 4766 1780 4838 προλεχθεῖ-

1891 4752 1979 4809 Dei
2024 4752 2296 4807 civitatem
2340 4750 2640 4807 concedant
2673 4750 3079 4807 circumdantes
3110 4753 3301 4821 ipsam,
3354 4753 3435 4824 ip-

204 4872 321 4908 σαν
352 4854 504 4907 πόλιν
536 4852 628 4907 τοῦ
661 4854 792 4906 Θεοῦ
835 4854 1133 4909 διαλάϐοιεν
1176 4857 1547 4922 κυκλώσαντες
1586 4858 1776 4929 αὐτὴν,

1891 4845 2071 4915 sisque
2098 4844 2349 4900 manibus
2375 4844 2828 4915 complectantur,
2867 4852 2925 4897 ut
2965 4843 3433 4902 circumsistentes

202 4944 314 4998 καὶ
346 4946 460 5008 ταῖς
489 4944 642 5015 χερσὶ
669 4945 1046 5015 περιλαϐόντες
1064 4962 1077 4974 ·
1113 4946 1187 5010 ὡς
1210 4947 1296 5010 ἂν,
1327 4948 1655 5020 πανταχόθεν
1679 4950 1776 5001 αὐ-

199 5034 315 5106 τὴν
344 5035 889 5105 περιστοιχισάμενοι,
908 5035 1240 5104 φυλάττοιεν.
1255 5038 1374 5090 Τίσι
1391 5038 1446 5090 δὲ
1474 5033 1581 5109 ἆρα
1607 5054 1775 5111 προσ-

200 5126 468 5180 τάττεται
495 5124 666 5179 ταῦτα
695 5129 898 5193 ποιεῖνς
921 5122 1083 5197 Οἶμαι
1103 5164 1118 5189 ,
1163 5127 1244 5179 ὅτι
1273 5130 1392 5190 ταῖς
1419 5128 1516 5197 τὴν
1552 5129 1776 5201 Ἐκκλη-

1883 4937 2142 5006 undique,
2187 4937 2357 5007 ipsam
2392 4946 2665 4991 tueantur.
2713 4935 3051 5002 Quibusnam
3107 4936 3223 4991 haec
3277 4952 3435 5008 agere

1882 5030 2163 5101 praecipit?
2193 5028 2398 5084 Divinis
2428 5030 2665 5084 arbitror
2692 5029 3078 5099 potestatibus,
3102 5043 3223 5099 quae
3248 5027 3433 5084 Eccle-

1882 5120 2019 5175 siam
2074 5120 2166 5175 Dei
2225 5119 2450 5189 ejusque
2518 5118 2831 5190 religiosum
2894 5121 3202 5175 institutum
3256 5126 3432 5175 custo-

201 5218 340 5273 σίαν
386 5217 480 5270 τοῦ
526 5217 659 5270 Θεοῦ
712 5218 891 5271 καὶτὸ
934 5219 990 5270 ὲν
1022 5217 1157 5289 αὐτῇ
1192 5217 1437 5281 θεοσεϐὲς
1480 5220 1775 5294 πολίτευμα

1891 5210 2059 5272 diunt,
2094 5212 2404 5281 sanctisque
2430 5212 2556 5267 item
2615 5211 2838 5283 angelis.
2891 5210 3001 5268 Hos
3048 5213 3232 5283 itaque
3281 5211 3430 5280 ipsos

200 5306 578 5381 φρουρούσαις
612 5310 782 5374 θείαις
818 5310 1106 5380 δυνάμεσιν
1134 5350 1148 5373 ,
1212 5308 1460 5377 ἀγγέλοις
1493 5328 1552 5363 τε
1582 5311 1773 5380 ἁγίοις.

1891 5298 2117 5374 Spiritus
2151 5310 2373 5358 sanctus
2401 5305 2688 5375 compellat
2719 5304 2808 5361 his
2837 5304 3018 5361 verbis
3044 5324 3057 5359 :
3094 5300 3427 5359 Circumdate

199 5400 439 5466 Τούτοις
469 5397 560 5455 οῦν
612 5400 792 5464 αὐτοῖς
845 5401 905 5454 τὸ
937 5398 1158 5471 Πνεῦμα
1189 5399 1249 5452 τὸ
1279 5398 1430 5468 ἅγιον
1477 5407 1781 5472 προσφωνεῖ

1891 5395 2033 5460 Sion,
2060 5402 2110 5448 et
2131 5394 2531 5464 compleotimini
2554 5412 2703 5460 eam;
2736 5397 2871 5459 sive,
2922 5397 3085 5449 muris
3116 5395 3423 5448 circummu-

195 5492 373 5561 λέγον
389 5510 403 5523 σ
465 5490 826 5547 Κυκλώσατε
863 5489 1033 5553 Σιὼν,
1063 5490 1160 5543 καὶ
1196 5488 1536 5557 περιλάϐετε
1558 5492 1775 5559 αὐτήν·

1891 5490 2005 5555 nite,
2038 5487 2332 5544 secundum
2359 5489 2761 5559 Symmachum.
2795 5488 2899 5542 Pro
2924 5489 3017 5542 illo
3045 5493 3246 5546 autem,
3297 5495 3421 5536 nar-

195 5583 383 5651 ἧγουν
403 5623 418 5647 ,
453 5583 881 5653 περιτειχίσατε
901 5622 928 5645 ,.
955 5582 1092 5635 κατά
1119 5582 1207 5635 τὸν
1254 5580 1563 5653 Σύμμαχον.
1640 5583 1780 5637 Ἀντὶ

1891 5585 2078 5638 ratein
2121 5584 2353 5639 turribus
2399 5584 2533 5652 ejus,
2593 5585 2807 5655 Aquila,
2862 5588 3171 5650 computata,
3226 5573 3421 5645 inquit,

284 5743 334 5773 ιο
373 5740 504 5795 Luc.
545 5756 616 5804 ι,
654 5739 743 5795 2t.
818 5740 861 5771 ιι
904 5739 1035 5795 ibid.
1066 5736 1154 5792 εδ.
1230 5740 1276 5770 η
1318 5738 1474 5793 nom.
1508 5736 1685 5805 κιο,
1720 5737 1788 5790 ιτ

492 5836 761 5896 Ρλτιιοι.
795 5835 910 5897 Gn.
958 5834 1194 5899 XXIII.

3081 5814 3154 5875 ιι
