3988 6202
609 361 639 414 ε.
648 362 708 412 -37

1299 357 1561 416 EUSEBII
1599 359 2075 420 C/ESARIENSIS
2111 362 2481 424 OPPXPARS
2518 366 2607 425 111.
2650 396 2717 410 —-
2743 371 3146 425 EXEGE'I'IUA.

3742 373 3850 429 428

608 491 785 530 muros
813 477 963 545 ejus;
1005 474 1363 548 Symmachus
1395 491 1544 542 vero,
1581 489 1869 534 numerate.
1923 479 1986 535 Et
2040 497 2150 537 verr

2267 485 2324 538 δὲ
2351 485 2470 538 τοῦ·
2510 487 2884 555 Διηγήσασθε
2909 485 2978 538 ἐν
3016 484 3139 550 τοῖς
3164 484 3412 554 πύργοις
3433 483 3623 552 αὐτῆς
3641 523 3658 546 ,
3691 485 3722 538 6
3749 485 3841 555 μὲι

608 567 985 636 prastantiora
1030 568 1264 623 maxime
1291 568 1540 632 adiﬁcia,
1575 584 1638 624 ac
1683 586 1802 640 qua
1853 572 1908 626 in
1944 572 2167 629 civitate

607 659 901 715 munitiora
930 667 1104 723 erant,
1134 667 1322 730 utpote
1353 662 1575 731 majoris
1606 665 1866 718 momenti
1897 679 1962 720 ac
1984 681 2171 723 neces-

605 751 782 807 sitatis
798 767 960 822 quam
986 759 1204 815 catera,
1241 753 1556 809 memoratis
1589 755 1910 812 custodibus
1937 772 2166 814 numero

605 844 803 898 tradita
832 853 959 900 sunt
987 845 1053 899 ad
1079 846 1334 911 tutelam;
1362 845 1690 900 nttraditum
1721 847 1823 902 sibi
1853 863 2162 916 numerum,

605 936 812 992 salvum
844 936 1226 1008 integrumque
1257 938 1631 993 restituerent.
1664 937 1790 994 Hac
1823 954 1988 1010 porro
2016 940 2164 996 dicta

603 1039 669 1081 ex
709 1025 1010 1084 Salvatoris
1039 1045 1172 1085 voce
1201 1030 1490 1100 intelligas,
1528 1045 1637 1101 qua
1668 1032 1817 1102 ipsos
1862 1033 2164 1103 discipulos

601 1127 655 1174 et
681 1121 979 1190 apostolos,
1010 1123 1104 1190 qui
1131 1136 1230 1175 ceu
1273 1129 1456 1177 turres
1489 1123 1698 1178 cateris
1731 1123 1975 1182 adiﬁciis
2027 1142 2164 1196 pra-

603 1210 837 1277 stabant,
871 1213 952 1268 sic
996 1212 1373 1282 alloquebatur
1400 1231 1411 1266 :
1456 1212 1628 1268 Vestri
1659 1223 1832 1268 autem
1862 1216 2044 1286 capilli
2072 1233 2166 1269 ca-

599 1303 722 1370 piris
745 1319 925 1358 omnes
951 1303 1210 1356 numerati
1241 1312 1362 1357 sunt
1390 1304 1454 1356 ".
1484 1302 1618 1357 Nam
1649 1305 1740 1374 qui
1771 1306 1922 1374 ipsos
1952 1307 2018 1359 ad
2045 1313 2163 1360 tan-

602 1400 712 1445 tam
747 1393 1133 1447 sublimitatem
1183 1393 1384 1455 evexit,
1435 1404 1488 1448 et
1541 1392 1802 1448 Ecclesia
1835 1408 1950 1448 sua
1981 1401 2176 1452 turres.

601 1485 906 1548 constituit,
962 1500 1030 1539 ne
1077 1485 1208 1556 quid
1265 1485 1334 1540 ab
1381 1485 1618 1539 inimicis
1655 1486 1780 1539 mali
1812 1493 2157 1556 paterentur,

599 1577 900 1647 majoribus
953 1578 1101 1647 ipsos
1147 1577 1487 1640 custodibus,
1521 1575 1773 1630 videlicet
1822 1577 2025 1632 sanctis
2058 1592 2159 1632 an-

597 1671 730 1742 gelis
761 1669 944 1726 tradit.
990 1666 1144 1725 Unde
1200 1670 1253 1724 in
1304 1668 1530 1722 Actibus
1574 1670 1964 1739 apostolorum,
2001 1668 2158 1740 gnari

2281 576 2529 641 Ἀκύλας,
2541 577 2870 646 Ψηφίσατε,
2894 576 3046 648 φησὶ,
3065 576 3325 645 πύργους
3341 574 3550 643 αὺτῆςο
3575 578 3604 628 6
3625 563 3688 629 δὲ
3704 577 3827 648 Σύμ

2269 684 2472 738 μαχος’
2518 668 2930 738 Ἀριθμήσατε.
2985 666 3235 722 Μάλιστα
3266 667 3372 738 γάρ
3420 667 3489 720 τὰ
3537 666 3838 739 ἐξοχώτατα

2263 757 2372 812 τῶν
2429 758 2875 830 οἰκοδομημάτων
2908 759 3000 812 καὶ
3031 757 3098 810 τὰ
3126 758 3440 830 ὀχυρώτατα
3482 758 3582 828 τῆς
3614 759 3836 828 πόλεως,

2265 850 2341 914 ὡς
2365 851 2429 904 ἀν
2456 850 2735 922 κρείττονα
2760 850 2853 902 καὶ
2879 850 2986 902 τῶν
3019 848 3221 903 λοιπῶν
3245 850 3665 923 ἀναγκαιότερα,
3696 851 3828 905 δέδο-

2261 960 2354 996 ται
2393 943 2490 997 σὺν
2522 943 2742 1015 ἀριθμῷ
2772 945 2883 1006 τοῖς
2929 943 3237 1014 εἰρημένοις
3265 947 3518 1014 φρουροῖς
3551 943 3838 1014 φυλάττειν

2264 1031 2556 1103 ἐπιμελῶς,
2586 1032 2662 1096 ῶς
2689 1031 2753 1085 ἂν
2781 1031 3089 1104 παραδῶσιν
3110 1033 3340 1103 ἔμπαλιν
3370 1032 3505 1087 σῶον
3534 1035 3631 1087 καὶ
3658 1036 3837 1107 πλήρη

2262 1122 2320 1175 ὃν
2369 1121 2736 1194 παρειλήφασι
2788 1122 3036 1194 ἀριθμόν.
3114 1123 3344 1194 Νοήσεις
3375 1123 3431 1176 δὲ
3462 1123 3522 1177 τὸ
3549 1124 3850 1196 λεγόμενον

2261 1212 2370 1265 ἀπὸ
2409 1213 2506 1282 τῆς
2541 1212 2805 1283 σωτηρίου
2850 1212 3064 1282 φωνῆς,
3098 1211 3164 1264 δι’
3191 1207 3259 1283 ἧς
3287 1215 3398 1276 τοῖς
3447 1214 3630 1278 αὐτοῖς
3667 1214 3814 1287 μαθη

2261 1308 2379 1369 ταῖς
2413 1305 2507 1358 καὶ
2537 1305 2883 1371 ἀποστόλοις,
2917 1307 3030 1368 τοῖς
3066 1304 3305 1376 ὡσπερεὶ
3337 1304 3566 1378 πύργοις
3593 1306 3835 1377 ὲξέχουσι

2261 1400 2356 1451 καὶ
2382 1398 2691 1470 διαφέρουσι
2720 1399 2816 1469 τῆς
2844 1397 3034 1468 λοιπῆς
3068 1395 3372 1466 οἰκοδομῆς,
3404 1397 3585 1465 ἔλεγεν
3606 1415 3621 1426 ·
3653 1397 3853 1466 ’Υμῶν

2259 1491 2328 1546 δὲ
2358 1493 2453 1545 καὶ
2481 1493 2539 1544 al
2564 1491 2756 1560 τρίχες
2791 1488 2899 1558 τῆς
2929 1487 3201 1557 κεφαλῆς
3233 1485 3419 1542 πᾶσαι
3444 1487 3832 1557 ἠριθμημέναι

2259 1583 2434 1635 εἰσίν.
2498 1581 2554 1634 '0
2586 1581 2693 1651 γὰρ
2713 1581 2793 1644 είς
2821 1580 3069 1633 τοσοῦτον
3103 1579 3235 1650 ὕψος
3258 1579 3452 1642 αὐτοὺς
3476 1579 3708 1650 ἐπάρας,
3743 1582 3834 1634 καὶ

2261 1673 2498 1744 πύργους
2530 1673 2626 1743 τῆς
2679 1671 3000 1744 Ἐκκλησίας
3033 1671 3195 1724 αὑτοῦ
3229 1671 3575 1740 καταστήσας
3600 1711 3615 1736 ,
3663 1671 3742 1735 ὡς
3773 1672 3832 1726 ἂν

599 1762 842 1832 singulos
879 1760 1186 1816 Scrva‘toris
1227 1760 1524 1831 discipulos
1569 1760 1896 1831 quibusdam
1952 1763 2150 1834 angelis

2266 1766 2338 1836 μή
2372 1779 2490 1816 τινα
2524 1763 2744 1816 πάθοιεν
2779 1762 2881 1815 ὑπὸ
2913 1761 3018 1815 τῶν
3051 1759 3288 1832 ἐχθρῶν,
3345 1759 3584 1830 μείζοσιν
3638 1761 3836 1825 αὐτοὺς

596 1855 825 1908 traditos
856 1869 996 1917 esse,
1038 1854 1386 1908 renuntiante
1417 1853 1618 1924 puella,
1650 1852 1870 1908 Petrum
1892 1869 2035 1919 esse,
2063 1856 2150 1925 qui

2259 1853 2509 1923 φύλαξιν,
2566 1854 2740 1923 ἁγίοις
2765 1853 3015 1923 ἀγγέλοις
3037 1893 3052 1917 ,
3096 1853 3477 1924 παραδίδωσιν.
3551 1851 3748 1905 Ἔνθεν
3778 1854 3836 1905 ἐν

592 1946 813 2013 januam
838 1945 1170 2014 pulsaverat,
1189 1944 1385 2015 reliqui
1424 1944 1676 2016 discipuli
1705 1945 1982 2011 dixerunt,
2013 1945 2156 1999 Num

596 2038 810 2107 angelus
836 2037 948 2106 ejus
981 2046 1058 2091 est
1080 2037 1165 2090 ³δῖ
1190 2034 1304 2092 lmo
1331 2037 1496 2093 etiam
1523 2038 1590 2092 de
1620 2039 1832 2108 pusillis
1863 2038 1918 2092 in
1969 2037 2158 2094 Eccle-

594 2131 673 2184 sia
705 2127 963 2184 Servator
1009 2129 1124 2186 hac
1169 2129 1335 2185 tradit
1367 2148 1382 2186 :
1418 2127 1563 2184 Nam
1604 2131 1777 2201 angeli
1808 2147 1990 2184 eorum
2018 2147 2155 2185 sem-

592 2233 682 2273 uer
711 2219 886 2274 vident
920 2220 1111 2290 faciem
1139 2219 1316 2274 Patris
1339 2221 1462 2286 mei,
1487 2221 1576 2290 qui
1602 2221 1657 2273 in
1685 2221 1828 2274 caelis
1856 2230 1934 2274 est
1962 2221 2030 2276 ⁸⁸.
2058 2219 2156 2275 Iu-

591 2326 651 2366 re
679 2327 810 2382 ergo
842 2312 909 2368 iis
945 2313 1201 2382 prasenti
1250 2327 1502 2370 sermone
1545 2312 1862 2382 pracipitur
1897 2330 1910 2366 :
1951 2311 2154 2366 Nume-

591 2416 705 2458 rate
747 2414 918 2459 turres
967 2405 1101 2473 ejus.
1151 2404 1412 2477 Deinceps
1438 2420 1607 2460 vero:
1643 2403 1832 2459 Ponite
1860 2403 2023 2459 corda
2069 2422 2152 2460 ue-

590 2507 702 2551 stra
733 2498 786 2551 in
815 2499 1004 2551 uirtute
1035 2499 1170 2565 ejus,
1213 2506 1262 2550 et
1291 2497 1592 2550 distribuite
1643 2497 1826 2551 domos
1879 2498 2029 2566 ejus;
2065 2513 2152 2553 se-

588 2589 827 2642 cundum
864 2588 1251 2660 Symmachum
1291 2598 1494 2653 autem,
1530 2589 1717 2642 Ponite
1764 2589 1927 2642 corda
1977 2597 2151 2643 uestra

587 2684 643 2735 in
668 2679 921 2734 ambitum
951 2680 1106 2750 ejus:
1136 2678 1392 2734 metimini
1427 2681 1622 2750 regiam
1651 2680 1784 2748 ejus.
1815 2679 1938 2734 Hac
1969 2680 2150 2734 omnia

588 2788 748 2839 agere
777 2771 1040 2841 jubentur
1063 2772 1319 2826 custodes
1343 2769 1600 2826 Ecclesia
1629 2791 1640 2825 :
1668 2770 2150 2826 Castrametabitur

585 2863 728 2918 enim
765 2862 980 2932 angelus
1016 2861 1228 2915 Domini
1260 2863 1313 2915 in
1343 2863 1568 2915 circuitu
1598 2863 1891 2916 timentium
1928 2879 2068 2928 eum,
2098 2873 2148 2918 et

585 2954 766 3021 eripiet
821 2970 907 3008 eos
938 2954 1003 3007 ’°.
1053 2953 1201 3018 Quas
1252 2960 1430 3008 autem
1459 2953 1656 3009 domus
1690 2954 1915 3018 indicat,
1942 2955 2049 3009 nisi
2081 2954 2149 3011 de

584 3045 784 3116 quibus
813 3060 976 3114 supra
1007 3043 1312 3109 dicebatur,
1359 3045 1499 3099 Deus
1530 3046 1584 3100 in
1627 3045 1868 3100 domibus
1907 3045 2021 3116 ejus
2052 3063 2146 3102 co-

578 3141 872 3208 gnoscitur,
911 3155 1028 3192 cum
1064 3139 1311 3208 suscipiet
1351 3141 1506 3193 eam?
1533 3137 1652 3193 Iam
1683 3137 2002 3195 dicebamus
2046 3153 2142 3210 per

583 3232 855 3287 civitatem
888 3231 982 3287 Dei
1033 3231 1257 3303 intelligi
1287 3231 1603 3302 religiosum
1641 3247 1802 3287 omne
1829 3231 2140 3287 institutum

581 3321 641 3378 in
679 3325 933 3379 universa
986 3331 1131 3379 terra
1182 3322 1509 3389 stabililum;
1565 3337 1662 3393 per
1707 3322 1898 3378 domos
1933 3329 2138 3390 autem,

581 3415 842 3471 ecclesias
889 3415 1132 3486 singulas
1159 3415 1326 3470 variis
1373 3415 1430 3468 in
1474 3415 1607 3470 locis
1637 3414 1866 3484 positas.
1903 3413 2142 3486 Singula

583 3515 764 3563 autem
799 3508 904 3563 illa
945 3506 1210 3579 ,prasenti
1265 3521 1517 3561 sermone
1566 3505 1821 3560 distribui
1856 3505 2135 3575 iubentur.

573 3592 709 3648 "Vult
757 3595 902 3650 enim
956 3595 1202 3666 singulos
1233 3594 1456 3665 angelos
1489 3594 1847 3650 ecclesiarum
1897 3595 2141 3665 singula-

581 3702 700 3740 rum
729 3673 837 3741 sibi
864 3687 1284 3742 commissarum
1314 3689 1567 3744 custodes
1619 3705 1762 3744 esse.
1818 3687 2013 3744 Postea
2059 3690 2138 3745 sic

580 3777 806 3840 claudit,
843 3787 900 3830 ut
924 3779 1180 3833 enarretis
1205 3779 1268 3832 in
1297 3781 1541 3850 progenie
1579 3781 1769 3836 altera.
1807 3780 2138 3851 Angelorum

581 3867 725 3921 enim
764 3877 882 3924 erat
929 3869 1158 3926 virtutes
1191 3869 1285 3926 Dei
1342 3886 1436 3941 per
1476 3872 1721 3928 diversas
1759 3873 2139 3943 generationes

580 3974 833 4016 enarrare
863 3974 1045 4029 posse.
1084 3961 1151 4014 Et
1181 3963 1430 4032 quoniam
1462 3964 1543 4016 hic
1574 3972 1650 4017 est
1680 3964 1820 4018 Deus
1859 3964 1998 4019 Deus
2031 3981 2141 4020 no—

580 4060 686 4103 stcr
714 4053 768 4104 in
798 4061 1051 4106 aeternum
1093 4063 1142 4107 et
1180 4054 1233 4106 in
1276 4055 1528 4107 saxulum
1563 4057 1745 4110 swculi
1768 4095 1784 4119 ,
1823 4057 1930 4124 ipse
1961 4066 2140 4124 pascet

579 4157 674 4195 nos
705 4143 760 4195 in
787 4143 984 4196 sacula
1018 4159 1036 4196 :
1086 4159 1184 4199 vos
1214 4144 1436 4213 quidem
1468 4160 1567 4200 ceu
1604 4154 1813 4202 tutores
1845 4146 2056 4204 fueritis
2085 4157 2139 4204 et

578 4234 732 4303 quasi
765 4234 1017 4290 custodes
1044 4235 1255 4306 gregis;
1281 4251 1536 4306 pecorum
1571 4245 1753 4292 autem
1781 4247 1970 4309 pastor
1997 4241 2138 4296 alius

577 4326 760 4383 fuerit.
780 4328 1040 4395 Quisnam
1067 4329 1154 4384 ille
1174 4331 1276 4386 nisi
1307 4331 1400 4400 qui
1419 4331 1553 4386 dixit
1578 4333 1620 4362 ’⁷
1650 4352 1662 4385 :
1690 4331 1800 4404 Ego
1822 4349 1935 4386 sum
1953 4343 2136 4403 pastor

575 4420 784 4478 bonus?

2257 1948 2375 2008 ταῖς
2419 1943 2657 2016 Πράξεσι
2687 1944 2794 1997 τῶν
2838 1943 3145 1997 ἀποστόλων
3166 1983 3180 2005 ,
3223 1942 3417 2007 εἰδότες
3438 1983 3452 2006 ,
3493 1943 3568 2006 ὡς
3603 1944 3839 2005 ἕκαστος

2255 2032 2362 2086 τῶν
2387 2032 2638 2103 μαθητῶν
2659 2031 2752 2086 τοῦ
2778 2033 3024 2103 Σωτῆρος
3044 2032 3293 2101 ἀγγέλοις
3315 2033 3422 2085 τισὶ
3448 2033 3814 2103 παραδέδοται

2253 2124 2350 2195 τῆς
2383 2124 2668 2195 παιδίσκης
2714 2123 3121 2194 ἀπαγγειλάσης
3143 2163 3158 2186 ,
3191 2123 3265 2187 ὡς
3311 2123 3416 2194 ἀρα
3448 2123 3659 2194 Πέτρος
3689 2125 3772 2195 εἴη
3798 2133 3827 2184 6

2255 2215 2352 2287 τὴν
2371 2214 2538 2288 θύραν
2560 2215 2842 2280 παίσας,οί
2863 2214 3037 2268 λοιποὶ
3063 2213 3297 2286 μαθηταὶ
3320 2214 3526 2283 έφασαν
3544 2232 3557 2244 ·
3586 2213 3824 2281 Μήποτε

2259 2309 2511 2380 ἅγγελος
2539 2309 2724 2363 αὐτοῦ
2753 2311 2917 2372 ἐστι;
2965 2309 3211 2363 Διδάσκει
3239 2308 3284 2362 δ’
3313 2304 3404 2361 οὖν
3437 2308 3527 2360 καὶ
3558 2309 3694 2378 περὶ
3728 2308 3826 2360 τῶι

2257 2397 2466 2467 μικρῶν
2513 2397 2570 2449 ἐν
2613 2400 2678 2467 τῇ
2723 2396 3012 2469 Ἐκκλησία
3040 2400 3068 2451 6
3097 2396 3283 2469 Σωτὴρ
3330 2397 3534 2465 λέγων’
3601 2400 3665 2450 Ol
3723 2398 3826 2467 γὰρ

2251 2490 2487 2560 ἄγγελοι
2516 2489 2715 2544 αὐτῶν
2733 2489 2828 2543 διὰ
2853 2488 3079 2555 παντὸς
3091 2488 3390 2553 βλέπουσι
3410 2488 3476 2541 τὸ
3499 2489 3824 2556 πρόσωπον

2250 2580 2357 2634 τοῦ
2377 2584 2604 2649 Πατρός
2626 2600 2745 2652 μου
2773 2582 2878 2636 τοῦ
2903 2582 2972 2634 ὲν
2999 2581 3122 2648 τοῖς
3146 2580 3438 2648 οὐρανοῖς.
3466 2580 3712 2643 Εἰκότως
3739 2575 3826 2634 οὖν

2251 2675 2571 2745 προστάττει
2618 2676 2646 2727 6
2695 2673 2886 2746 παρὼν
2925 2673 3080 2742 λόγος
3128 2673 3334 2736 τούτοις
3385 2673 3566 2735 αὐτοῖς
3617 2671 3823 2741 λέγων·

2261 2765 2649 2836 Ἀριθμήσατε
2700 2766 2841 2832 τοὺς
2883 2767 3148 2836 πύργους
3176 2763 3394 2833 αὐτῆς·
3442 2760 3542 2817 εἷθ’
3575 2763 3706 2835 ἑξῆς
3732 2766 3822 2819 τό·

2254 2859 2472 2925 Τάξατε
2492 2859 2597 2926 τὰς
2622 2858 2869 2926 καρδίας
2895 2859 3058 2928 ὑμῶν
3079 2861 3164 2924 είς
3193 2856 3305 2924 τὴν
3328 2856 3588 2925 δύναμιν
3611 2857 3823 2924 αὐτῆς,

2248 2953 2348 3007 καί
2372 2952 2792 3008 καταδιέλεσθε
2819 2952 2924 3018 τὰς
2949 2951 3158 3019 βάρεις
3189 2947 3376 3015 αὐτῆς
3403 2964 3420 2982 ·
3470 2948 3618 3002 κατά
3647 2949 3708 3002 δὲ
3738 2948 3825 3001 τὸν

2225 3025 2568 3115 Σύμμαχον·
2635 3040 2854 3106 Τάξατε
2899 3039 3004 3105 τὰς
3056 3039 3298 3108 καρδίας
3350 3036 3517 3106 ὑμῶν
3576 3040 3668 3102 εις
3722 3036 3823 3089 τὸν

2246 3140 2562 3206 περίϐολον
2571 3134 2721 3204 αὺτῆ
2729 3152 2776 3201 ς·
2795 3131 3218 3202 διαμετρήσατε
3230 3130 3298 3184 τὰ
3307 3129 3597 3194 βασίλεια
3615 3126 3822 3194 αὐτῆς.

2245 3233 2428 3287 Πάντα
2473 3229 2644 3283 ταῦτα
2678 3227 3098 3300 προστάττονται
3149 3226 3315 3277 ποιεῖν
3345 3223 3394 3274 οἱ
3451 3222 3683 3291 φρουροὶ
3729 3219 3820 3289 τῆς

2259 3324 2580 3395 Ἐκκλησίας
2647 3318 3020 3391 Παρεμϐαλεῐ
3054 3319 3161 3389 γάρ
3188 3317 3438 3386 ἅγγελος
3466 3315 3696 3382 Κυρίου
3726 3317 3821 3369 κύο

2245 3420 2370 3484 adq)
2398 3414 2516 3469 τῶν
2537 3412 2920 3484 φοϐουμένων
2941 3409 3144 3474 αὑτὸν,
3176 3409 3271 3462 καὶ
3294 3409 3548 3484 ῥύσεται
3577 3407 3820 3472 αὐτούς.

2245 3483 2411 3572 Ποίας
2436 3507 2491 3560 δὲ
2511 3483 2695 3577 βάρεις
2729 3502 2966 3576 φησὶν,ἧ
2995 3500 3118 3571 περὶ
3145 3494 3218 3553 ὧν
3247 3483 3339 3552 καὶ
3364 3499 3622 3569 ἀνωτέρω
3645 3498 3818 3567 ἐλέγε-

2243 3618 2336 3654 το’
2383 3600 2445 3653 '0
2489 3599 2632 3665 Θεὸς
2674 3598 2744 3652 ἐν
2775 3595 2902 3663 ταῖς
2929 3593 3186 3662 ,ϐάρεσιν
3216 3592 3402 3658 αὐτῆς
3448 3590 3822 3661 γινώσκεται,

2247 3692 2394 3746 ὅταν
2423 3689 2924 3760 ἀντιλαμϐἁνηται
2957 3685 3188 3753 αὑτῆς;
3236 3685 3523 3754 Ἐλέγομεν
3575 3684 3631 3736 δὲ
3668 3684 3823 3737 πόλιν

2248 3788 2346 3860 μὲν
2373 3786 2608 3841 νοεῖσθαι
2639 3787 2746 3838 πᾶν
2771 3785 2830 3836 τὸ
2864 3781 3109 3844 θεοσεϐὲς
3137 3779 3432 3848 πολίτευμα
3459 3777 3519 3830 τὸ
3548 3777 3672 3831 καθ’
3697 3779 3824 3848 ὅλης

2243 3881 2344 3951 τῆς
2368 3879 2708 3949 οἰκουμένης,
2743 3877 2926 3948 βάρεις
2951 3875 3006 3927 δὲ
3035 3872 3201 3942 αὐτῆς
3230 3871 3327 3934 τὰς
3357 3870 3495 3924 κατά
3530 3871 3698 3942 μέρος
3731 3872 3821 3923 καὶ

2245 3967 2386 4020 κατὰ
2414 3967 2577 4020 τόπον
2605 3963 2915 4036 ἐκκλησίας.
2987 3961 3156 4024 Αὐτὸς
3199 3956 3290 4012 οὖν
3315 3960 3513 4023 ταύτας
3547 3961 3644 4023 τας
3679 3960 3821 4013 κατά

2249 4059 2412 4130 μέρος
2435 4062 2464 4113 6
2489 4058 2678 4129 παρὼν
2707 4057 3025 4130 προστάττει
3054 4056 3208 4124 λόγος
3232 4053 3660 4110 καταδιελὲσθαι.
3690 4051 3821 4104 Βού-

2244 4153 2392 4207 λεται
2421 4153 2528 4224 γάρ
2555 4153 2785 4208 ’ἑκαστον
2813 4151 2918 4204 τῶν
2940 4151 3183 4220 ἀγγέλων
3206 4149 3598 4221 ἀφωρισμένως
3628 4147 3821 4218 ἐκκλη-

2245 4245 2374 4299 σιῶν
2395 4263 2554 4299 τινων
2581 4244 2812 4316 φρουρὸν
2831 4243 3136 4314 ἐπιστῆσαι.
3173 4239 3282 4296 Εἶτ’
3306 4241 3545 4309 ἐπιλέγει
3569 4239 3783 4302 τούτοις
3802 4255 3816 4268 ο

2245 4339 2441 4404 Ὅπως
2463 4337 2539 4391 ἂν
2568 4336 2941 4406 διηγήσησθε
2977 4337 3062 4401 εὶς
3089 4334 3298 4402 γενεὰν
3334 4332 3565 4399 ἑτέραν.
3627 4329 3819 4398 Ἀγγέ-

2242 4430 2346 4484 λων
2378 4431 2485 4503 γάρ
2531 4426 2617 4502 [ἦν
2649 4431 2708 4482 τὸ
2739 4431 2819 4493 εἰς
2864 4427 3053 4498 γενεὰς
3094 4425 3378 4496 διαφόρους
3423 4421 3682 4475 δύνασθαι
3720 4421 3820 4484 τάς

573 4519 773 4588 ἀρετάς
807 4519 899 4573 τοῦ
950 4519 1083 4573 Θεοῦ
1121 4519 1496 4592 διηγήσασθαι.
1537 4522 1645 4575 Καὶ
1685 4522 1772 4578 ὅτι
1819 4521 1996 4594 οὗτός
2031 4527 2200 4581 ἐστιν
2237 4530 2270 4579 ό
2310 4528 2452 4594 Θεὸς
2507 4531 2540 4582 ὁ
2586 4527 2728 4592 Θεὸς
2775 4523 2942 4595 ἡμῶν
2976 4526 3062 4590 είς
3090 4522 3395 4577 τὸν-αἰῶνα
3417 4520 3514 4574 καί
3562 4523 3654 4588 είς
3709 4519 3807 4572 τὼ

576 4606 757 4662 αἰῶνα
791 4609 897 4663 τοῦ
919 4609 1157 4678 αἰῶνος·
1219 4614 1398 4679 αὐτὸς
1435 4616 1710 4684 ποιμανεῖ
1747 4617 1900 4687 ἡμᾶς
1936 4623 2022 4687 εἰς
2057 4619 2198 4686 τοὺς
2240 4621 2479 4688 αἰῶνας.
2532 4623 2716 4693 Ὑμεῖς
2776 4622 2871 4692 μὲν
2908 4619 3017 4691 γὰρ
3049 4617 3275 4690 φρουροὶ
3300 4615 3365 4670 ἂν
3393 4615 3540 4678 εἴητε
3578 4615 3676 4667 καὶ
3705 4613 3809 4665 ὥσ.

576 4717 679 4794 περ
717 4701 949 4794 ποίμνης
1005 4702 1238 4772 φύλακες
1261 4723 1274 4736 ο
1305 4705 1332 4756 6
1369 4706 1425 4758 δὲ
1457 4707 1563 4761 τῶν
1596 4707 1920 4781 θρεμμάτων
1955 4716 2155 4788 ποιμὴν
2183 4716 2342 4781 ἀλλος
2371 4717 2435 4769 ἂν
2464 4716 2568 4786 εἴη.
2612 4714 2708 4778 Τίς
2733 4713 2788 4766 δὲ
2809 4705 3014 4783 οὗτοςῆ
3037 4714 3065 4766 6
3084 4709 3252 4764 εἰπών
3270 4727 3283 4740 ο
3321 4707 3465 4777 Ἐγώ
3487 4709 3602 4776 ειμι
3626 4708 3659 4759 ό
3679 4719 3804 4759 ποι-

572 4793 698 4862 μὴν
714 4798 745 4848 ὁ
767 4795 951 4861 καλός
977 4817 994 4864 ;
2169 4815 2212 4869 D
2541 4863 2544 4867 γ
3666 4798 3672 4805 ”

619 4906 667 4960 1.
691 4904 758 4960 IN
797 4903 1030 4983 FINEDL
1047 4907 1244 4965 FlLllS
1281 4910 1460 4966 CORE
1501 4912 1816 4971 PSALMUS
1856 4918 2080 4977 XLVIII.

645 5017 894 5088 Oportuit
926 5019 1064 5076 lilios
1090 5021 1252 5087 Core,
1277 5026 1368 5094 qui
1401 5026 1572 5094 prima
1613 5044 1712 5083 suo
1744 5038 1984 5101 tempore
2015 5051 2136 5103 pro-

576 5112 834 5176 tulerant,
863 5122 916 5168 et
946 5115 1184 5169 secunda
1215 5118 1622 5184 annuntiarant,
1665 5137 1726 5176 ac
1755 5115 1974 5194 insuper
2007 5142 2139 5196 gen-

562 5207 709 5261 tium
738 5209 1077 5264 vocationem
1119 5209 1570 5280 pradicaverant,
1595 5221 1650 5269 et
1681 5231 1800 5286 qua
1833 5215 2135 5274 Ecclesiam

517 5299 668 5355 "Dei
695 5301 1013 5370 spectabant
1044 5301 1417 5369 tradiderant;
1451 5315 1571 5374 post
1617 5305 1733 5362 hac
1762 5307 1828 5363 de
1878 5324 2137 5366 consum.-

2241 4921 2348 4974 ΕΙΣ
2376 4921 2462 4972 TU
2496 4916 2896 4983 ΤΕΛΟΣ,ΤΟῘΣ
2927 4914 3105 4968 Tlle
3136 4911 3317 4966 KOPE
3347 4907 3642 4961 ¹1¹ἈΛΜΟΣ
3671 4906 3813 4964 MH’.

2314 5033 2460 5086 Ἔδει
2483 5032 2538 5085 δὲ
2562 5031 2685 5095 τοὺς
2710 5031 2858 5094 υἱοὺς
2895 5029 3066 5100 Κορὲ,
3119 5027 3185 5079 τά
3223 5024 3412 5097 πρῶτα
3444 5021 3586 5076 κατά
3621 5021 3811 5093 καιρὸν

2236 5124 2563 5195 Ἲὲκθεμένους
2581 5163 2594 5185 ,
2639 5121 2732 5175 καὶ
2761 5121 2826 5175 τά
2856 5120 3079 5191 δεύτερα
3107 5114 3666 5186 εὺαγγελισαμὲνους,
3724 5115 3812 5167 ἐπὶ

2239 5219 2446 5280 τούτοις
2467 5232 2526 5268 τε
2547 5215 2644 5287 τὴν
2673 5214 2780 5267 τῶν
2803 5213 2970 5266 ὲθνῶν
2989 5211 3179 5281 κλῆσιν
3200 5207 3559 5280 κηρύξαντας,
3583 5204 3655 5257 τά
3680 5206 3813 5276 περὶ

2232 5307 2330 5380 τῆς
2376 5308 2700 5380 Ἐκκλησίας
2733 5307 2827 5361 τοῦ
2871 5304 3004 5359 Θεοῦ
3045 5302 3413 5375 παραδόντας,
3452 5298 3590 5368 μετά
3631 5298 3815 5352 πάντα

574 5393 1115 5464 ηιοιίοηολρικωεεηιίε
1138 5395 1260 5450 vita
1279 5405 1335 5451 et
1364 5395 1532 5451 divini
1552 5397 1742 5466 judicii
1764 5400 2133 5457 testimonium

2253 5400 2690 5474 ἱιαμαρτύρεσθαι
2715 5401 2784 5454 τά
2809 5399 2936 5470 περὶ
2961 5398 3060 5468 τῆς
3091 5393 3390 5456 συντελείας
3413 5390 3507 5444 τοῦ
3538 5389 3816 5460 παρόντος

573 5485 714 5542 ferre
747 5503 760 5537 :
797 5485 852 5540 in
881 5501 990 5558 quo
1020 5503 1223 5541 omnem
1270 5496 1568 5574 creaturam
1619 5493 1840 5547 adducet
1887 5489 2031 5544 Deus
2078 5495 2133 5548 in

2253 5493 2350 5548 Βίου
2384 5494 2478 5550 καὶ⁵
2503 5494 2596 5548 τοῦ
2625 5493 2769 5548 θείου
2799 5489 3202 5562 δικαιωτηρίου’
3240 5489 3297 5540 ὲν
3325 5478 3369 5554 ᾧ
3395 5483 3517 5539 πᾶν
3541 5481 3610 5536 τὸ
3635 5482 3817 5549 ποίη-

568 5574 905 5645 iudicium",
933 5586 983 5632 et
1013 5593 1187 5633 omnes
1223 5576 1479 5632 tribunali
1524 5575 1620 5632 Dei
1649 5579 1916 5646 sistentur,
1961 5592 2019 5636 ιιι
2047 5600 2129 5638 re-

2253 5604 2311 5642 ια
2341 5586 2468 5652 ἄξει
2502 5591 2535 5641 ὀ
2565 5587 2708 5659 Θεὸς
2727 5588 2813 5652 εις
2852 5583 3085 5653 κρίσιν,
3117 5582 3214 5635 καί
3244 5578 3463 5642 πάντες
3495 5589 3817 5644 παραστη-

514 5705 686 5848 τττωη
715 5729 910 5848 natm.
944 5747 998 5788 ι.
1033 5733 1120 5789 ⁵ο.
1199 5735 1244 5766 ει
1283 5731 1402 5790 Aci,
1441 5750 1538 5802 ιιι,
1572 5733 1655 5789 15.
1733 5737 1988 5798 "Matth.
2024 5758 2150 5800 xvm

661 5843 678 5872 ο
784 5834 800 5847 .

2253 5744 2322 5803 0s
2396 5745 2442 5779 ³⁸
2479 5743 2622 5802 Psal.
2655 5742 2934 5811 xxxni,'8.
3013 5742 3055 5775 ³⁷
3089 5738 3247 5799 Joan.
3278 5731 3457 5807 x,§ll.
3535 5730 3582 5763 ⁸⁸
3622 5729 3812 5787 Eccle.
