3988 6202
254 254 370 317 455

2398 176 2455 186 -σκ

1379 237 1871 301 COMMENTARIA
1911 236 1977 292 lN
2014 198 2384 292 nsanos."
3388 220 3482 277 tsi

251 370 384 427 τῶν
431 367 785 436 κατατρῖψαι
816 363 975 433 ᾅδην
1012 361 1080 418 ἐκ
1112 364 1564 430 κατοικητηρίου
1610 359 1815 415 αὐτῶν⁴

1930 372 1996 410 ea:
2044 353 2345 408 habitacula
2373 365 2573 405 eorum.
2604 346 2739 400 Nam
2773 345 3056 400 character
3082 356 3242 413 quem
3281 340 3383 396 sibi
3411 342 3492 395 cf—

265 463 330 516 Ὄ
364 461 475 532 γὰρ
505 459 794 532 χαρακτὴρ
825 458 1004 512 αὐτῶν
1033 457 1092 510 ὃν
1124 459 1331 520 ἑαυτοῖς
1359 455 1722 519 ὲξετύπωσαν,
1762 454 1825 507 τδ

259 554 363 625 μὲν
405 550 526 605 κατ’
565 549 750 602 εἰκόνα
787 551 880 602 καὶ
923 548 1183 620 ὁμοίωσιν
1230 548 1322 601 τοῦ
1348 545 1482 600 Θεοῦ
1526 546 1584 612 ἐξ
1645 544 1824 598 αὐτῶν

253 643 647 715 ἀφανίσαντες,
686 641 803 714 εῐδη
837 641 893 695 δὲ
923 640 1018 695 καὶ
1052 640 1263 713 μορφὰς
1300 639 1508 709 ἀλόγων
1542 637 1694 702 ζώων
1731 637 1823 691 καὶ

257 734 506 810 ἑρπετῶν
529 733 616 787 διὰ
644 734 859 804 τρόπων
884 733 1180 805 μοχθηρίας
1198 736 1262 805 τῇ
1287 731 1430 803 ψυχῇ
1458 731 1819 802 περιθέμενοι,

256 826 719 898 κατατριϐήσεται
748 827 803 877 ὲν
834 824 914 896 τῷ
941 825 1338 896 κατοικητηρίῳ
1366 821 1460 877 τοῦ
1490 822 1636 894 ᾆδον.
1666 822 1822 876 Κατά

256 919 315 973 δὲ
348 917 666 987 Σύμμαχον·
717 915 788 969 Τὸ
828 915 895 968 δὲ
938 914 1222 984 κρατερόν
1261 912 1459 968 αὐτῶν
1498 911 1823 966 παλαιώσει

258 1009 412 1077 ᾅδης
446 1009 565 1063 ἀπὸ
597 1007 709 1075 τῆς
746 1006 1034 1072 οἰκήσεως
1067 1005 1175 1075 τῆς
1216 1005 1457 1076 ἐντίμου
1501 1005 1705 1060 αὐτοῦ.
1756 1006 1821 1057 Ὃ

256 1101 371 1171 γὰρ
398 1100 584 1167 ἔδοξαν
616 1101 918 1171 περιποιεῖν
950 1100 1159 1162 ἑαυτοῖς
1190 1098 1447 1171 κραταιὸν
1476 1097 1563 1153 διὰ
1592 1098 1693 1167 τῆς
1725 1098 1822 1169 ὲμ-

254 1188 487 1259 φυείσης
513 1190 572 1242 ἐν
594 1189 778 1250 αὐτοῖς
812 1186 1025 1249 κακίας,
1050 1186 1207 1240 τοῦτο
1232 1185 1528 1240 παλαιώσει
1551 1188 1579 1240 6
1612 1186 1743 1258 ᾅδης
1764 1188 1820 1239 ἐν

252 1280 377 1341 ταῖς
415 1279 663 1345 οἰκήσεσι
700 1280 818 1340 ταῖς
856 1277 994 1347 παρ’
1026 1275 1193 1346 αὐτῷ.
1232 1277 1343 1331 Καὶ
1385 1275 1544 1331 τοῦτο
1583 1277 1683 1347 μὲν
1711 1276 1820 1331 τῶν

255 1368 471 1424 ἀσεϐῶν
505 1371 568 1422 τὸ
596 1369 769 1432 τέλος.
803 1370 865 1423 Oi
897 1369 952 1421 δὲ
980 1367 1223 1432 εὐσεϐεῖς
1250 1368 1369 1424 κατ’
1410 1370 1586 1424 ἐκεῖνο
1627 1369 1817 1441 καιροῦ

256 1461 473 1532 πρωΐας
519 1460 843 1528 ἀξιωθέντες
883 1461 976 1514 καὶ
1010 1460 1130 1514 νέου
1179 1460 1375 1530 φωτὸς,
1420 1460 1683 1533 ἀνατολῆς
1719 1462 1819 1533 τῆς

242 1553 365 1605 ’τῶν
408 1551 621 1606 ἀσεϐῶν
664 1552 1175 1624 κατακυριεύσουσι·
1212 1552 1246 1624 ἢ
1280 1552 1422 1607 κατά
1447 1553 1538 1607 τὸν
1568 1553 1816 1607 ’Δκύλαψ

255 1641 345 1695 ἐνί
366 1640 797 1711 κρατήσουσιν,
825 1641 857 1713 ἢ
878 1640 1017 1695 κατά
1035 1640 1125 1694 τὸν
1152 1640 1464 1713 Σύμμαχον·
1481 1640 1815 1707 ὐποτάξου-

1932 450 2223 509 ﬁnxerunt,
2253 444 2534 501 eliminata
2554 457 2620 497 ex
2648 439 2843 510 seipsis
2871 438 2967 493 Dei
2990 436 3229 506 imagine
3256 448 3320 490 ac
3347 433 3494 490 simi-

1926 541 2180 605 iitudine,
2226 546 2390 608 atque
2432 532 2889 589 irrationabilium
2935 527 3274 590 animalium,
3317 525 3489 595 repti-

1928 634 2169 701 liumque
2197 628 2388 683 formis
2418 642 2513 698 per
2542 625 2722 679 varios
2768 619 3137 691 improbitatis
3157 616 3348 671 modos
3375 614 3491 669 ani-

1928 739 2030 779 mae
2062 739 2175 778 suae
2222 720 2431 780 ascitis,
2478 718 2532 773 in
2579 712 2888 770 babitaculo
2919 709 3117 765 inferni
3154 712 3487 761 conteretur.

1931 815 2241 871 Secundum
2281 809 2666 884 Symmachum
2705 812 2883 859 autem
2904 844 2920 870 ,
2944 801 3104 856 robur
3143 814 3323 854 eorum
3349 797 3489 849 anti-

1927 906 2106 979 quabit
2158 904 2395 975 infernus
2445 918 2476 955 a
2526 901 2754 972 pretioso
2814 893 3116 949 habitacula
3167 892 3301 960 ejus.
3354 888 3489 943 Nam

1926 1000 2095 1054 robur
2117 997 2271 1063 illud,
2291 994 2434 1066 quod
2461 992 2566 1049 sibi
2594 991 2664 1045 ob
2682 989 2900 1045 insitam
2919 985 3181 1039 malitiam
3208 983 3491 1053 acquirere

1924 1092 2270 1152 videbantur,
2328 1085 2633 1157 antiquabit
2672 1080 2919 1136 infernus
2968 1083 3022 1131 in
3068 1073 3490 1130 habitationibus

1925 1182 2123 1238 ibidem
2153 1178 2370 1251 positis.
2409 1176 2474 1230 Et
2517 1175 2605 1229 hic
2647 1171 2869 1243 quidem
2912 1169 3201 1238 impiorum
3238 1165 3381 1220 linis.
3408 1163 3489 1218 Pii

1925 1281 2105 1329 autem
2142 1273 2237 1327 illo
2273 1280 2536 1340 tempore,
2570 1263 2832 1319 matutina
2872 1272 2924 1316 et
2953 1274 3090 1314 nova
3130 1258 3252 1311 luce
3279 1255 3488 1319 donati,

1925 1364 2125 1422 orienti
2169 1363 2458 1435 impiorum
2503 1358 2968 1418 dominabuntur;
3012 1353 3146 1418 sive,
3187 1348 3487 1406 secundum

1923 1456 2196 1528 Aquilam,
2217 1453 2582 1527 imperabunt;
2603 1446 3040 1515 sive,secundum
3077 1441 3488 1515 Symmachum,

1923 1546 2198 1618 subiicient
2232 1544 2354 1602 sibi.
2392 1542 2525 1597 Nam
2567 1556 2691 1596 cum
2722 1538 2874 1609 impii
2921 1535 3010 1590 hic
3045 1534 3337 1605 proborum
3370 1532 3487 1584 ani-

1924 1654 2042 1695 mas
2066 1635 2455 1708 depresscrint,
2491 1634 2604 1687 illic
2633 1632 2865 1685 animam
2886 1629 3100 1700 piorum
3124 1622 3397 1685 liberabit,
3429 1631 3487 1674 ut

260 1748 366 1787 σιν·
397 1731 622 1799 αὐτοῖς.
655 1731 772 1788 Τῶν
803 1731 912 1805 γὰρ
940 1731 1173 1788 ἐνταῦθα
1217 1733 1665 1788 ταπεινωσάντων
1697 1734 1815 1798 τοὺς

1923 1746 1991 1786 ne
2017 1745 2123 1785 una
2154 1745 2277 1785 cum
2315 1727 2503 1797 impiis
2527 1724 2892 1787 abducantur;
2923 1719 3025 1776 sed.
3048 1719 3103 1774 in
3131 1715 3252 1773 aliis
3274 1714 3486 1770 lociset

263 1823 449 1888 εύθεῖς
479 1823 707 1889 ἀσεϐῶν,
737 1826 847 1879 ἐκεῖ
896 1824 1116 1897 ῥύσεται
1148 1825 1247 1897 τῆν
1275 1826 1452 1898 ψυχὴν
1491 1827 1629 1899 πρὸς
1657 1827 1718 1879 τὸ
1747 1827 1822 1900 μὴ

271 1913 680 1987 συναπαχθῆναι
717 1917 823 1979 τοῖς
862 1915 1135 1983 ἀσεϐέσιν,
1176 1916 1290 1970 ἀλλ’
1334 1919 1392 1971 ὲν
1426 1917 1632 1988 ἑτέροις
1681 1914 1821 1974 εἶναι

269 2005 495 2076 χωρίοις
517 2021 576 2060 τε
606 2005 694 2060 καί
722 2008 1010 2078 ποιμνίοις.

340 2096 471 2150 Ὀτι
497 2096 712 2166 ἡψυχὴ
738 2098 925 2152 αὐτοῦ
939 2099 1010 2152 ἐν
1029 2099 1107 2167 τῇ
1131 2097 1246 2168 ζωῇ
1275 2100 1460 2155 αὐτοῦ
1491 2100 1819 2171 εὐλογηθή-

261 2199 452 2249 σεται,
467 2184 970 2257 ἐξομολογήσεται
999 2203 1098 2243 σοι
1135 2190 1282 2246 ὅταν
1306 2190 1609 2259 ἀγαθύνῃς
1638 2188 1815 2255 αὐτῷ.

267 2273 327 2327 ὀ
345 2272 448 2345 μὲν
481 2272 690 2339 δίκαιος
712 2276 923 2346 εὐλογεῖ
948 2278 1037 2331 τὸν
1064 2279 1266 2352 Κύριον
1298 2280 1355 2334 ἐν
1383 2281 1541 2334 παντὶ
1573 2280 1765 2352 καιρῷ·
1791 2284 1820 2334 6

251 2359 310 2414 δὲ
339 2361 661 2434 ἁμαρτωλὸς
703 2366 1059 2435 τοτηνικαῦτα
1086 2366 1403 2439 ὲξομολογου
1412 2370 1590 2440 μένος,
1612 2370 1820 2440 εύλογεῖ

250 2450 344 2508 ὼν
365 2450 498 2507 Θεὸν
514 2455 748 2527 ὁπηνίκα
776 2456 841 2510 ἂν
878 2458 1077 2527 ἀγαθόν
1104 2476 1157 2512 τι
1187 2460 1333 2533 αὑτῷ
1359 2461 1422 2514 ὲκ
1449 2461 1583 2515 Θεοῦ
1613 2463 1811 2534 ἀποϐῇ.

636 2566 927 2621 ΨΔΛΜΟΣ
964 2569 1050 2622 ΤΩ
1085 2570 1259 2623 ΑΣΑΦ
1296 2570 1428 2625 ΜΘ¹.

318 2659 383 2714 οι
422 2658 891 2731 ἐπιγεγραμμένοι
910 2660 1003 2713 τοῦ
1045 2661 1215 2732 Ἀσάφ
1271 2664 1377 2717 εἰσι
1415 2663 1513 2735 μὲν
1537 2664 1588 2718 οἰ
1621 2662 1818 2729 πάντες

248 2746 340 2805 τὸν
372 2749 605 2822 ἀριθμὸν
640 2750 724 2802 ιϐ’·
754 2750 949 2821 ἐφεξῆς
976 2751 1033 2805 δὲ
1055 2753 1104 2807 οἱ
1134 2760 1201 2806 ια’
1227 2753 1516 2826 ἀρχόμενοι
1558 2756 1664 2810 ἀπὸ
1722 2755 1816 2810 τοῦ

249 2842 347 2896 οϐ’·
384 2842 444 2910 ἐξ
479 2836 555 2897 ὧν
586 2844 615 2896 6
648 2841 838 2914 παρὼν
869 2843 1192 2917 ἀπεσπάσθη
1231 2845 1579 2918 ψαλμδς,οὒχ
1608 2846 1813 2911 ἁπλῶς·

246 2931 378 2991 ἀλλ’
418 2933 649 3006 ἐπείπερ
692 2936 721 2987 6
762 2932 869 3006 πρό
907 2934 1095 2988 τούτου
1153 2935 1365 3008 ψαλμὸς
1411 2937 1540 3011 περὶ
1582 2937 1816 3010 κρίσεως

245 3023 349 3078 τοῦ
370 3025 512 3118 Θεοῦ
528 3024 878 3118 διεστέλλετο,
902 3027 1139 3092 τοιοῦτος
1160 3029 1224 3086 δὲ
1248 3030 1343 3083 καὶ
1368 3030 1397 3082 6
1428 3028 1639 3102 παρὼν,
1670 3032 1815 3085 εἰκός
1843 3060 1885 3118 C

243 3132 361 3180 τως
390 3115 527 3170 κατά
555 3116 715 3171 τοῦτο
751 3117 1072 3173 ἀκολουθίαν
1112 3120 1357 3185 ἐδέξατο.
1405 3120 1564 3175 Ἀλλά
1594 3122 1688 3179 καὶ
1717 3121 1816 3194 τὴν

243 3207 335 3263 διὰ
359 3209 636 3275 Μωῦσέως
670 3210 986 3283 ἀνατρέπων
1012 3211 1349 3283 νομοθεσίαν,
1368 3213 1697 3286 παραδίδωσι
1718 3215 1816 3287 τῆς

241 3301 442 3371 καινῆς
486 3302 762 3375 Διαθήκης
808 3303 900 3356 τὸν
950 3304 1187 3371 δοθέντα.
1220 3309 1332 3370 τοῖς
1378 3305 1553 3360 ἔθνεσι
1593 3309 1812 3381 τρόπον.

243 3391 358 3447 Καὶ
384 3392 545 3445 τοῦτο
575 3392 633 3449 δὲ
676 3390 745 3466 ἦν
778 3397 836 3448 ὲν
871 3399 979 3461 τοῖς
1010 3396 1118 3450 τῶν
1158 3397 1287 3451 υἱῶν
1352 3399 1494 3471 Κορὲ
1551 3399 1807 3471 ψαλμοῖς·

239 3479 441 3547 οἵτινες
463 3485 558 3536 καὶ
587 3485 738 3539 αὐτοὶ
764 3486 1085 3558 τυγχάνουσι
1113 3488 1209 3559 μὲν
1237 3488 1322 3543 ιϐ’.
1366 3490 1498 3543 Ἀλλ’
1524 3498 1573 3561 η’
1608 3494 1656 3545 οἱ
1683 3510 1815 3563 προ-

243 3572 501 3638 λαϐόντες
521 3576 715 3646 ἐφεξῆς
739 3578 1137 3651 Μτετάγησαν,
1160 3574 1234 3635 ὧν
1282 3582 1725 3648 ἀποσπασθέντες
1763 3588 1811 3638 οἱ

245 3661 527 3729 λείποντες
566 3667 851 3739 τέσσαρες,
898 3669 1034 3740 μετὰ
1064 3671 1187 3735 τοὺς
1227 3671 1322 3724 τοῦ
1359 3672 1529 3743 Ἀσάφ
1568 3673 1813 3744 ψαλμοὺς

245 3757 645 3828 ιατετάγησαν·
676 3750 805 3824 ἴσως
825 3762 945 3815 ἐπεὶ
973 3763 1022 3814 οἱ
1051 3761 1145 3816 τοῦ
1199 3763 1355 3834 Ασάφ
1390 3766 1606 3832 πάντες,
1632 3766 1705 3830 ὡς
1736 3768 1812 3819 εἰ·

241 3849 388 3912 πεῖν,
431 3847 530 3902 τοῦ
578 3850 791 3923 Ἰσραὴλ
822 3851 1105 3918 ἐθέσπιζον
1136 3853 1235 3925 τῆν
1262 3854 1530 3926 ἀποϐολὴν
1551 3899 1565 3923 ,
1595 3858 1689 3910 καὶ
1713 3857 1812 3928 τὴν

241 3942 325 4004 εἰς
350 3940 530 3995 πάντα
557 3941 628 3995 τὰ
658 3942 783 4014 ἔθνη
823 3943 1143 4016 διασπορὰν,
1192 3945 1311 4016 μεθ’
1343 3946 1412 4018 ἦν
1441 3949 1474 4018 ἡ
1516 3947 1675 4019 χάρις
1716 3948 1809 4002 τοῦ

241 4031 383 4086 Θεοῦ
419 4031 492 4087 τὰ
532 4032 658 4105 ἔθνη
705 4034 877 4089 πάντα
907 4034 1188 4107 μετῆλθεν·
1234 4034 1355 4089 ὅθεν
1396 4037 1445 4090 οἱ
1485 4035 1660 4089 λοιποὶ
1700 4037 1809 4090 τῶν

240 4126 377 4197 οἰῶν
408 4126 557 4197 Κορὲ
582 4125 786 4198 ψαλμοὶ
815 4126 1134 4194 διεδέξαντο,
1165 4127 1263 4200 τὴν
1294 4128 1405 4182 τῶν
1432 4129 1602 4183 ἐθνῶν
1633 4130 1808 4185 ἀπάν-

237 4231 350 4271 των
378 4215 838 4286 προαγορεύοντες
855 4217 1065 4288 κλῆσιν.

310 4306 461 4373 Θεὸς
479 4306 629 4361 θεῶν
640 4308 853 4376 Κύριος
864 4308 1138 4379 ἐλάληοε,
1154 4309 1252 4364 καί
1269 4309 1522 4366 ἐκάλεσε
1540 4311 1654 4380 τὴν
1673 4310 1813 4382 γῆν..

1922 1822 2154 1878 ovilibus
2176 1819 2401 1891 degant.

1990 2088 2157 2145 Vsus.
2192 2088 2279 2144 19.
2314 2087 2463 2155 Quia-
2489 2087 2671 2140 anima
2697 2085 2809 2149 eius
2843 2084 2897 2136 in
2935 2082 3043 2136 vita
3078 2080 3245 2149 ipsius
3277 2077 3484 2132 benedi-

1920 2192 2084 2248 cetur,
2126 2180 2462 2250 conﬁtebitur
2504 2176 2598 2232 tibi
2649 2193 2765 2231 cum
2804 2175 2928 2230 bene
2965 2173 3150 2245 feceris
3184 2172 3251 2226 ei.
3295 2169 3485 2226 Justus

1909 2274 2065 2357 ⁸οιιιιιὶ
2097 2282 2337 2342 tempore
2381 2271 2653 2326 benedicit
2689 2268 2837 2334 Deo;
2873 2273 3127 2338 peccator
3151 2273 3327 2317 autem
3356 2271 3485 2318 tunc

1918 2366 2186 2422 conﬁtens
2227 2367 2403 2420 solum
2432 2363 2702 2418 benedicit
2734 2361 2861 2424 Deo,
2898 2376 3021 2414 cum
3060 2357 3189 2429 quid
3221 2358 3348 2412 boni
3382 2356 3487 2412 sibi

1919 2474 1949 2512 a
1972 2457 2081 2513 Deo
2120 2457 2424 2512 obvenerit.

2232 2572 2283 2624 i.
2309 2563 2629 2622 PSALMUS
2666 2562 2891 2619 ASAPH
2932 2562 3119 2618 XLIX.

1986 2662 2091 2730 Qui
2116 2661 2296 2733 Asapb
2341 2658 2592 2730 inscripti
2623 2664 2774 2723 sunt,
2803 2670 2993 2711 omnes
3019 2668 3249 2709 numero
3281 2654 3483 2709 duode-

1916 2754 2024 2809 cim
2054 2761 2294 2811 exstant.
2339 2752 2399 2808 In
2430 2749 2785 2823 sequentibus
2813 2762 2943 2804 vero
2971 2746 3062 2801 alii
3104 2738 3355 2801 undecim
3387 2744 3485 2799 ba—

1917 2848 2133 2912 bentur,
2160 2847 2253 2918 qui
2293 2861 2324 2901 a
2354 2860 2501 2901 um
2553 2842 2827 2915 incipiunt
2857 2861 2872 2898 :
2903 2858 2973 2898 es
3012 2839 3211 2914 quibus
3242 2853 3484 2910 praesens

1916 2940 2159 3012 psalmus
2188 2938 2410 2996 avulsus
2431 2944 2536 3002 est,
2558 2951 2662 2993 nec
2682 2935 2801 2992 sine
2827 2949 3014 2990 causa.
3052 2930 3158 2989 Sed
3186 2930 3313 3003 quia
3346 2945 3483 3001 pra:-

1917 3032 2116 3088 cedens
2142 3032 2390 3102 psalmus
2416 3030 2484 3086 de
2506 3029 2601 3085 Dei
2630 3027 2844 3100 judicio
2871 3024 3228 3085 edisserebat,
3251 3037 3315 3076 ac
3345 3036 3482 3093 prae-

1923 3140 2049 3181 sens
2076 3124 2274 3180 similis
2310 3130 2396 3179 est
2427 3121 2765 3192 argumenti;
2792 3118 2986 3172 merito
3016 3124 3139 3188 post
3170 3115 3321 3169 illum
3352 3128 3484 3168 con-

1921 3223 2212 3287 sequenter
2237 3216 2447 3284 positus
2470 3221 2574 3268 est.
2602 3210 2892 3266 Enimvero
2910 3224 3098 3265 eversa
3112 3206 3315 3278 Moysis
3341 3206 3478 3276 lege,

1919 3307 2042 3362 novi
2065 3305 2390 3364 Testamenti
2419 3300 2639 3357 modum
2673 3301 2925 3373 gentibus
2964 3299 3221 3355 traditum
3252 3297 3480 3368 profert.

1918 3398 2093 3470 Atque
2144 3396 2380 3468 idipsum
2428 3394 2608 3451 evenit
2648 3393 2704 3447 in
2750 3392 2974 3463 psalmis
3021 3390 3257 3446 ﬁliorum
3298 3388 3477 3443 Core:

1917 3492 2008 3560 qui
2057 3499 2111 3544 et
2160 3490 2260 3558 ipsi
2304 3502 2535 3542 numero
2582 3483 2892 3540 duodecim.
2946 3481 3051 3537 Sed
3097 3489 3222 3536 octo
3268 3479 3480 3550 priores

1916 3582 2174 3651 deinceps
2213 3581 2376 3653 positi
2409 3586 2556 3641 sunt,
2591 3593 2619 3630 ιι
2652 3576 2853 3647 quibus
2886 3575 3059 3631 avulsi
3091 3581 3327 3645 quatuor
3354 3573 3481 3629 reli-

1915 3674 2030 3743 qui.
2060 3682 2181 3745 post
2203 3673 2446 3743 psalmos
2473 3669 2654 3740 Asaph
2686 3678 2814 3725 sunt
2842 3667 3127 3724 constituti
3155 3665 3330 3722 :forte
3350 3666 3479 3734 quia

1915 3765 2118 3834 Asapbi
2151 3764 2263 3819 fere
2293 3778 2504 3826 omnes,
2535 3761 2757 3817 Israelis
2796 3760 3152 3830 abjectionem
3183 3764 3237 3813 et
3275 3758 3329 3811 in
3363 3773 3477 3810 om-

1914 3873 2011 3912 nes
2034 3867 2222 3928 gentes
2252 3854 2643 3924 dispersionem
2666 3853 3121 3913 vaticinabantur,
3145 3849 3282 3922 post
3316 3865 3477 3921 quam

1916 3948 2008 4005 Dei
2037 3948 2211 4019 gratia
2242 3962 2434 4003 omnes
2471 3955 2660 4018 gentes
2697 3945 2869 4011 adiit;
2905 3959 3075 4014 quare
3114 3943 3315 4014 reliqui
3349 3941 3476 3998 ﬁlio-

1915 4056 2031 4094 rum
2063 4038 2209 4095 Core
2228 4039 2421 4109 psalmi
2447 4039 2572 4095 illos
2599 4046 2952 4108 exceperunt,
2976 4036 3069 4106 qui
3099 4035 3476 4091 universarum

1914 4133 2155 4204 gentium
2186 4133 2527 4188 vocationem
2563 4132 2946 4202 praenuntiant.

1982 4311 2146 4385 Vens.
2170 4314 2223 4368 2.
2250 4313 2389 4368 Deus
2418 4314 2631 4367 deorum
2670 4313 2917 4367 Dominus
2949 4314 3151 4367 locutus
3186 4321 3286 4375 est,
3317 4322 3366 4365 et
3391 4328 3471 4365 ro-

237 4400 302 4452 οι
327 4398 510 4453 λοιποὶ
540 4400 594 4454 δὲ
626 4405 772 4473 τρεῖς
795 4404 1161 4475 ἡρμήνευσαν·
1181 4403 1450 4475 Ἰσχιφὸς
1468 4405 1609 4471 Θεὸς
1628 4404 1815 4471 λαλή-

1923 4407 2058 4459 cavit
2105 4418 2318 4463 terram.
2355 4407 2570 4477 Reliqui
2624 4418 2732 4462 tres
2786 4411 2866 4463 sic
2916 4406 3251 4473 interpretati
3305 4412 3473 4459 sunt:

236 4510 358 4560 σας
380 4492 640 4549 ἐκάλεσε
682 4496 798 4563 τὴν
840 4496 977 4568 γῆν.
1032 4501 1094 4553 Οἱ
1130 4499 1187 4553 δὲ
1224 4501 1626 4572 Ἑϐδομήκοντα
1655 4502 1810 4567 θεοὺς

236 4586 510 4641 ἐκάλεσαν
523 4587 651 4652 τούς
678 4605 736 4641 τε
757 4589 1021 4662 ἄρχοντας
1042 4592 1138 4652 καὶ1
1161 4593 1371 4665 κριτὰς,
1396 4594 1530 4667 ὅπερ
1555 4595 1681 4649 ἴδιον
1710 4596 1807 4667 μό-

235 4695 333 4731 νου
375 4676 532 4732 Θεοῦ.
586 4679 886 4752 Τοιγαροῦν
925 4685 984 4737 ὲν
1016 4691 1106 4738 πα¹
1146 4684 1343 4756 ψαλμῷ
1388 4688 1699 4759 προφήσας·
1742 4689 1805 4742 '0

239 4770 386 4836 Θεός
409 4769 559 4838 ἔστη
585 4770 657 4823 ἐν
683 4773 1003 4844 συναγωγῇ
1034 4774 1201 4842 θεῶν,
1239 4776 1309 4831 ἐν
1344 4777 1513 4847 μέσῳ
1538 4776 1606 4832 δὲ
1630 4779 1808 4846 θεοὺς

233 4860 527 4930 διακρίνει
543 4903 559 4927 ,
599 4865 874 4937 ἐπήγαγεν
896 4882 909 4895 ·
955 4866 1101 4934 Ἕως
1119 4868 1264 4923 πότε
1288 4871 1517 4938 κρίνετε
1536 4870 1805 4945 ἀδικίαν;

229 4951 393 5007 οὕτω
428 4952 522 5007 καὶ
545 4955 576 5007 6
604 4955 767 5027 νόμος
787 4956 1115 5031 διαγορεύει·
1150 4960 1333 5029 Θεοὺς
1369 4963 1441 5017 οὐ
1471 4963 1805 5033 κακολογή-

230 5058 387 5110 σεις,
409 5046 510 5099 καὶ
532 5045 825 5117 ἄρχοντας
838 5050 945 5104 τοῦ
964 5050 1118 5107 λαοῦ
1143 5068 1256 5106 σου
1279 5054 1389 5107 οὐκ
1410 5052 1564 5122 ἐρεῖς
1583 5053 1799 5120 κακῶς.

232 5135 491 5206 Εύλήγως
521 5137 567 5191 δ’
599 5138 667 5193 ἀν
697 5139 942 5211 κληθεῖεν
967 5145 1017 5196 οἱ
1050 5144 1112 5198 τὸ
1155 5146 1275 5199 κατ’
1314 5144 1497 5199 εἰκόνα
1544 5144 1802 5214 φυλάξανα

229 5243 327 5292 τις
350 5245 366 5258 ·
393 5232 425 5283 6
451 5229 654 5284 τούτων
695 5231 823 5297 Θεὸς
874 5237 1053 5290 πᾶσαν
1107 5236 1324 5305 συνάγει
1363 5235 1459 5308 τὴν
1482 5236 1802 5308 οἰκουμένην

230 5321 315 5384 εις
338 5322 403 5375 τὸ
434 5324 743 5394 κριτήριον·
772 5324 933 5390 αὐτὸς
955 5326 1028 5383 ὢν
1051 5333 1080 5380 6
1106 5330 1306 5402 Κύριος
1332 5331 1360 5383 ὁ
1400 5326 1494 5382 τοῦ
1517 5333 1533 5351 ’
1553 5328 1687 5383 Θεοῦ
1703 5329 1803 5383 Λό-

230 5428 331 5480 γος
362 5413 789 5487 ἀνανθρωπήσας
837 5419 1062 5491 ὲλάλησε
1090 5419 1178 5475 διά
1208 5420 1301 5475 τοῦ
1334 5420 1689 5489 Εύαγγελίου,
1709 5421 1801 5474 καὶ

232 5504 447 5569 πάντας
473 5506 571 5575 μὲν
596 5507 766 5572 καλεῖ,
790 5510 849 5563 ού
876 5512 1072 5577 πάντες
1101 5513 1413 5582 ὑπήκουσαν
1457 5512 1534 5583 τῷ
1558 5513 1800 5580 Εύατγε-

307 5661 356 5695 ⁸³
388 5663 537 5719 Psat.
578 5681 758 5729 tam,
796 5666 844 5720 Ι.
924 5667 967 5697 ³⁵
1008 5667 1137 5721 ibid.
1171 5666 1221 5720 2.
1302 5669 1343 5699 ³⁵
1386 5666 1553 5721 Exod.
1590 5680 1720 5730 un,
1756 5665 1843 5721 ‘28.

1918 4496 2096 4552 Fortis
2121 4498 2257 4553 Deus
2282 4500 2491 4570 loquens
2514 4501 2707 4553 vocavit
2723 4509 2935 4553 terram.
2965 4496 3105 4551 LXX
3134 4504 3312 4551 autem
3340 4494 3475 4552 deos

1913 4598 2177 4645 vocarunt
2208 4590 2482 4660 principes
2504 4606 2568 4644 ac
2604 4590 2838 4659 judices,
2878 4589 3024 4659 quod
3065 4589 3343 4662 pr0prium
3377 4602 3472 4641 so-

1908 4683 2014 4738 lius
2053 4681 2148 4738 Dei
2184 4690 2288 4737 est.
2323 4681 2603 4753 Siquidem
2639 4683 2694 4737 in
2737 4698 2901 4737 um
2934 4683 3145 4752 psalmo
3183 4688 3469 4752 postquam

1909 4775 2144 4838 dixerat,
2183 4773 2323 4828 Deus
2345 4775 2490 4828 stetit
2530 4776 2584 4828 in
2619 4791 2886 4845 synagoga
2927 4774 3163 4837 deorum,
3208 4774 3264 4826 in
3301 4773 3471 4828 medio

1911 4878 2085 4923 autem
2114 4867 2240 4923 deos
2279 4866 2543 4934 diiudicat
2557 4866 2636 4934 ³³;
2686 4867 2998 4937 subiunxit,
3029 4864 3301 4936 Usqueq-uo
3322 4865 3469 4935 judi-

1908 4962 2042 5016 catis
2083 4960 2507 5032 iniquitatem“?
2537 4957 2630 5014 Sic
2655 4968 2709 5013 et
2746 4959 2831 5015 lex
2876 4958 3121 5029 praecipit
3159 4974 3172 5009 :
3203 4956 3321 5012 Diis
3372 4974 3469 5012 non

1907 5050 2208 5115 maledicas,
2240 5061 2291 5106 et
2327 5050 2648 5121 principibus
2685 5051 2869 5121 papuli
2903 5052 2978 5105 tui
3014 5067 3117 5105 non
3147 5050 3466 5105 conviciaba-

1907 5146 1983 5199 ris
1998 5144 2064 5199 ³⁸.
2096 5144 2227 5200 Jure
2271 5147 2353 5201 sic
2396 5152 2656 5199 vocentur
2677 5143 2773 5213 qui
2827 5144 3114 5214 imaginem
3152 5143 3300 5197 illam
3337 5143 3390 5196 in
3417 5158 3465 5198 ει

1906 5237 2263 5299 servaverint,
2284 5250 2516 5306 quorum
2542 5234 2686 5290 Deus
2715 5243 2885 5290 totum
2914 5234 3100 5290 orbem
3123 5233 3189 5288 ad
3207 5233 3467 5302 judicium

1907 5340 2099 5384 evocat
2130 5346 2142 5381 :
2180 5330 2405 5399 ipseque
2450 5328 2714 5385 Dominus
2752 5328 2846 5384 Dei
2868 5329 3118 5391 Verbum,
3157 5328 3466 5382 incarnatus

1908 5437 2003 5492 per
2025 5419 2375 5491 Evangelium
2422 5421 2639 5478 locutus
2672 5430 2758 5478 est
2790 5429 2881 5477 :et
2904 5435 3097 5476 omnes
3124 5416 3339 5487 quidem
3376 5428 3463 5468 vo-

1908 5520 2015 5576 cat,
2062 5512 2154 5568 sed
2186 5527 2293 5567 non
2327 5526 2517 5568 omnes
2566 5514 2811 5568 obsecuti
2840 5520 2967 5567 sunt
3016 5506 3323 5575 Evangelia.
3363 5503 3465 5559 Sed
