4024 6202
533 5492 548 5641 ἓ

525 5654 538 5689 i

553 304 662 363 ιεε

1250 311 1513 371 EUSEBII
1549 316 2018 376 CtESARIENSlS
2059 319 2207 377 OPP.
2246 318 2425 375 PARS
2456 319 2542 375 [11.
2568 350 2638 362 -
2664 317 3065 377 EXEGETICA.

3698 210 3729 239 δ

3654 316 3761 372 456

553 422 651 492 qui
701 421 1043 492 obedierunt,
1094 425 1364 495 promissa
1405 430 1835 502 nanciscuntur;
1883 436 1951 492 iis
1982 452 2109 494 vero

2216 436 2326 507 λίῳ.
2388 436 2593 489 Ἀλλόἱ
2625 434 2722 505 μὲν
2750 432 3150 496 ὑπακούσαντες
3193 433 3298 485 τῶν
3344 431 3766 503 ἐπηγγελμένων

555 512 646 584 qui
676 514 903 583 gratiam
919 524 1380 588 contempserunt,
1408 522 1463 576 in
1487 523 1724 592 glorioso
1749 542 1851 582 suo
1871 528 2103 584 adventu

555 605 732 674 ignem
779 605 1163 672 comminatur,
1206 618 1470 668 venturus
1497 630 1564 669 ex
1600 618 1809 674 caelesti
1861 618 2012 686 Sion,
2038 622 2105 677 de

553 711 660 768 qua
685 696 888 753 Paulus
913 700 987 753 ait
1016 721 1030 755 :
1063 699 1144 755 Ea
1171 718 1312 767 vero,
1332 720 1449 774 qua
1477 722 1687 761 sursum
1708 720 1785 763 est
1810 709 2105 767 Jerusalem

552 787 718 842 libera
743 798 842 853 est,
875 807 992 860 qua:
1012 801 1090 847 est
1109 803 1276 848 mater
1296 804 1477 850 nostra
1490 798 1555 863 ³⁶;
1586 806 1639 853 et
1665 820 1677 853 :
1705 799 2009 858 Accessistis
2038 805 2107 858 ad

555 877 684 934 Sion
707 890 931 935 montem
958 891 1007 936 et
1029 885 1288 939 ciuitatem
1319 885 1414 940 Dei
1432 888 1662 950 viventis,
1694 892 1988 948 Jerusalem
2008 911 2108 949 ca—

554 972 817 1027 lestem".
853 971 1056 1043 Species
1111 987 1289 1033 autem
1329 979 1532 1035 decoris
1580 990 1663 1038 est
1708 984 1945 1053 gloriosa
1990 987 2108 1057 ejus

552 1063 904 1132 theopbania,
937 1080 1101 1135 quam
1135 1076 1320 1137 aperte
1362 1070 1603 1126 declarat
1632 1074 1763 1129 illud
1797 1075 1975 1132 :Deus
2004 1095 2110 1132 ma-

551 1152 739 1221 nifeste
773 1156 959 1210 veniet.
1004 1154 1063 1209 In
1093 1158 1270 1226 primo
1320 1160 1502 1230 itaque
1548 1163 1781 1219 adventu
1830 1182 1951 1232 suo,
1980 1169 2109 1223 dum

548 1243 618 1298 ab
662 1243 974 1302 hominibus
992 1247 1199 1315 judicio
1228 1252 1653 1319 examinaretur,
1699 1258 1912 1323 silebat,
1941 1267 2112 1315 tauta-

547 1347 660 1402 que
695 1348 993 1404 perpessus
1019 1354 1127 1393 non
1158 1355 1281 1396 sese
1321 1342 1703 1408 ulciscebatur,
1730 1361 1832 1401 nec
1858 1349 2110 1404 omnibus

548 1439 713 1480 suam
743 1426 1032 1483 exhibebat
1077 1429 1350 1487 deitatem.
1387 1433 1549 1499 Tunc,
1595 1436 1690 1500 ait,
1732 1438 2002 1507 manifeste
2031 1456 2113 1494 ve-

552 1515 657 1569 niet
690 1524 739 1571 et
759 1533 862 1571 non
891 1519 1083 1575 silebit.
1106 1521 1257 1593 Ignis
1290 1531 1470 1580 autem
1506 1535 1854 1595 praeverteris,
1887 1545 2111 1600 regnum

555 1608 679 1690 ejus
705 1619 991 1682 expurgat,
1041 1627 1280 1679 omnem,
1314 1631 1434 1684 quae
1471 1616 1554 1670 uri
1598 1625 1793 1687 potest,
1835 1622 2112 1676 materiem

558 1700 866 1763 absumens.
898 1710 956 1756 ut
984 1719 1159 1774 neque
1180 1705 1345 1774 ligna,
1371 1717 1543 1774 neque
1565 1707 1768 1771 fenum,
1805 1727 1978 1781 neque
2014 1729 2111 1782 pa-

2207 528 2557 598 τυγχάνουσι·
2587 528 2698 589 τοῖς
2718 525 2775 578 δὲ
2800 524 2894 595 τὴν
2919 524 3075 595 χάριν
3101 521 3369 587 άθετοῦσι,
3401 523 3462 577 τὺ
3484 523 3594 596 πῦρ
3614 522 3792 587 άπειοέ

2209 621 2290 673 λεί
2314 596 2457 673 κατὰ
2482 618 2578 689 τὴν
2610 616 2815 682 ἔνδοξον
2845 615 3008 671 αὐτοῦ
3042 615 3357 687 παρουσίαν,
3393 616 3539 686 ἥξων
3570 619 3635 670 ἐκ
3663 596 3794 688 si“!

2212 709 2530 783 ἐπουρανίου
2579 708 2715 762 Σιὼν
2736 748 2752 773 ,
2787 708 2914 779 περὶ
2939 703 3006 778 ἧς
3030 707 3060 759 ό
3110 705 3318 771 Παῦλος
3364 705 3526 776 φησίν
3546 723 3561 737 ο
3605 707 3666 761 Ἠ
3698 707 3770 760 δὲ

2211 802 2331 856 ἄνω
2361 800 2739 870 Ἰερουσαλὴμ
2758 798 3039 866 ἐλευθέρα
3058 798 3248 860 ἐστὶν,
3276 797 3402 864 ἥτις
3421 798 3555 852 ἐστὶ
3566 797 3772 867 μήτηρ

2212 893 2406 963 ἡμῶν·
2443 892 2557 955 καὶ,
2604 891 3095 959 Προσεληλύθατε
3114 887 3266 942 Σιὼν
3289 888 3410 956 ὄρει
3453 889 3551 944 καὶ
3592 891 3773 943 πόλει

2216 985 2363 1040 Θεοῦ
2385 983 2615 1049 ζῶντος,
2654 981 3037 1051 Ἰερουσαλὴμ
3065 980 3412 1048 ἐπουρανίῳ.
3428 979 3774 1046 Εὐπρέπεια

2213 1077 2270 1131 δέ
2291 1075 2695 1144 ὡραιότητοςή
2721 1072 2925 1136 ἔνδοξος
2940 1070 3103 1125 αὐτοῦ
3126 1071 3408 1141 θεοφάνεια
3424 1089 3437 1101 ·
3459 1070 3773 1144 ταύῖῃνκαὶ

2214 1169 2293 1232 τὸ,
2330 1135 2395 1220 ⁵ο
2422 1135 2561 1231 θεός
2579 1135 2851 1234 έέιεᾰανῶς
2879 1164 3029 1231 ἣξει,
3049 1163 3210 1235 δηλοῖ.
3230 1135 3397 1216 ’Κατά
3427 1163 3524 1232 μὲν
3550 1135 3645 1215 οτδῖι
3665 1163 3772 1235 τὴν

2218 1259 2436 1331 πρώτην
2476 1257 2637 1310 αὐτοῦ
2666 1255 2959 1325 παρουσίαν
2996 1255 3101 1308 ὑπὸ
3124 1253 3419 1326 ἀνθρώπων
3449 1254 3773 1324 κρινόμενος

2216 1343 2421 1398 ἐσιώπα
2438 1361 2449 1375 ·
2479 1343 2596 1395 ούδέ
2619 1342 2850 1396 τοσαῦτα
2877 1342 3094 1411 πάσχων
3112 1341 3388 1413 ἠμύνατο,
3440 1342 3559 1395 οὐδὲ
3603 1345 3773 1397 πᾶσιν

2216 1435 2421 1489 ἐδείκνυ
2446 1434 2545 1504 τὴν
2578 1433 2711 1486 ἰδίαν
2738 1432 2962 1501 θεότητα
2980 1450 2993 1462 ·
3023 1433 3157 1486 Τότε
3174 1431 3260 1495 δὲ,
3287 1432 3467 1503 φησὶν,
3493 1432 3771 1502 ἐμφανῶς

2219 1524 2367 1591 ἣξει,
2399 1523 2494 1578 καὶ
2516 1524 2588 1577 οὺ
2614 1522 3154 1590 παρασιωπήσεται.
3181 1521 3564 1595 Προλαμδάνον
3610 1524 3665 1577 δὲ
3704 1525 3773 1578 τὸ

2219 1615 2326 1686 πῦρ
2356 1613 2450 1685 τὴν
2472 1613 2635 1674 αὑτοῦ
2667 1612 2936 1684 βασιλείαν
2970 1613 3239 1684 καθαίρει,
3282 1615 3457 1667 πᾶσαν
3481 1613 3612 1685 ὕλην
3636 1632 3773 1668 καυ-

2221 1706 2348 1777 στὴν
2367 1704 2665 1769 ἀναλίσκον,
2698 1705 2831 1775 πρὸς
2858 1703 2918 1757 τὸ
2944 1704 3017 1776 μὴ
3040 1704 3189 1770 ξύλα,
3217 1704 3289 1775 μὴ
3317 1705 3523 1777 χόρτον,
3562 1706 3638 1776 μὴ
3662 1724 3769 1759 κα-

556 1790 660 1857 lea,
695 1800 821 1848 ante
852 1800 1207 1863 conspectum
1242 1795 1362 1864 ejus
1388 1806 1669 1867 appareat.
1695 1800 1897 1871 Arguet
1936 1813 2114 1858 autem

2223 1795 2401 1866 λάμην
2435 1797 2538 1867 πρὸ
2576 1793 2861 1867 προσώπου
2890 1793 3051 1850 αὐτοῦ
3083 1794 3380 1863 φαίνεσθαι.
3443 1795 3676 1863 Ἐλέγξει
3710 1796 3767 1849 δέ

558 1880 719 1936 simul
746 1889 801 1938 et
841 1884 1182 1953 approbabit,
1217 1885 1340 1939 aliis
1378 1872 1587 1951 dicens,
1626 1888 1822 1954 Venite,
1860 1892 2113 1947 benedicti

558 1973 740 2028 Patris
766 1976 866 2027 mei
883 1975 964 2040 '3;
996 1974 1118 2030 aliis
1161 1989 1312 2039 vero,
1354 1976 1615 2033 Discedite
1644 1996 1677 2032 a
1705 1997 1786 2034 me
1802 1982 1867 2037 υ.
1894 1981 2036 2053 Ignis
2058 1984 2113 2038 in

557 2076 833 2133 conspectu
854 2065 969 2133 ejus
1001 2065 1322 2120 exardescet.
1364 2065 1545 2136 Ignem
1584 2086 1699 2124 veni
1731 2077 1935 2126 mittere
1963 2088 2115 2140 super

560 2163 753 2209 terram
769 2155 836 2208 ⁵⁸.
878 2154 1059 2225 Ignem
1094 2155 1183 2211 hic
1235 2165 1393 2211 vocat
1430 2159 1737 2214 doctrinam
1777 2160 1871 2217 Dei
1905 2160 2109 2218 Verbi:

558 2246 689 2316 quia
723 2247 863 2317 ignis
887 2246 1105 2317 quidem
1136 2262 1333 2317 pravos
1380 2249 1600 2306 habitus
1636 2251 1926 2319 comburit,
1958 2269 2117 2307 mun-

559 2342 659 2396 dos
687 2340 867 2394 autem
897 2339 1108 2409 probat.
1152 2338 1441 2410 Propterea
1481 2344 1537 2396 in
1572 2344 1798 2397 circuitu
1842 2344 1954 2414 ejus
1996 2351 2116 2398 teni-

556 2438 734 2497 pestas
777 2426 974 2481 ualida.
1023 2425 1302 2499 Quotquot
1334 2431 1480 2484 enim
1532 2433 1710 2486 volunt
1752 2434 1835 2501 pie
1880 2435 2043 2488 vivere
2061 2435 2115 2487 in

558 2517 791 2579 Christo,
811 2518 1214 2587 persecutionem
1247 2521 1568 2587 patienturM
1588 2539 1603 2584 ;
1623 2522 1716 2577 sed
1730 2524 1894 2577 etiam
1919 2524 2113 2594 inquit,

560 2610 971 2665 Tribulationem
992 2609 1242 2664 habebitis
1272 2614 1327 2664 in
1358 2611 1548 2666 mundo
1562 2613 1626 2669 δ’.

628 2698 792 2755 Vens.
823 2699 877 2763 4,
914 2700 967 2755 5.
998 2699 1285 2755 Advocabit
1306 2703 1490 2755 calum
1515 2702 1811 2766 desursum,
1842 2715 1890 2759 et
1922 2716 2117 2761 terram

557 2793 854 2846 discernere
885 2792 1136 2861 populum
1186 2810 1359 2847 suum.
1415 2792 1733 2864 Congregate
1778 2796 1860 2849 illi
1908 2809 2117 2853 sanctos

558 2885 693 2953 ejus,
728 2885 819 2954 qui
856 2884 1106 2938 ordinant
1130 2893 1496 2939 testamentum
1516 2886 1629 2951 ejus
1658 2902 1810 2954 super
1832 2891 2116 2958 sacriﬁcia.

559 2977 682 3030 Alio
710 2977 891 3040 modo,
943 2976 1144 3047 prioris
1190 2978 1372 3047 p0puli
1406 2978 1683 3047 proprium
1727 2978 1990 3048 judicium
2022 2980 2117 3036 de-

2211 1889 2245 1958 ἢ
2278 1887 2607 1953 ἀποδέξεται,
2635 1890 2746 1949 τοῖς
2778 1886 2874 1958 μὲν
2908 1885 3078 1955 λέγων
3103 1904 3115 1916 ·
3148 1885 3341 1949 Δεῦτε,
3361 1890 3413 1940 οἱ
3444 1886 3769 1957 εὐλογημέ-

2211 1996 2303 2032 νοι
2344 1979 2449 2033 τοῦ
2480 1978 2705 2047 Πατρός
2720 1996 2859 2047 μου,
2891 1979 2999 2041 τοῖς
3026 1976 3104 2041 δέ,
3124 1978 3456 2046 Πορεύεσθε
3482 1978 3581 2031 ἀπ’
3598 1978 3767 2047 ἐμοῦ.

2211 2069 2336 2137 Πῦρ
2362 2070 2637 2123 ἐναντίον
2666 2068 2849 2124 αὑτοῦ
2881 2066 3271 2134 καυθήσεται·
3310 2069 3427 2136 πῦρ
3457 2064 3773 2139 ἦλθονβα-

2212 2161 2343 2215 ,πεῖν
2364 2162 2463 2214 ἐπὶ
2485 2161 2599 2229 τὴν
2614 2160 2750 2230 γῆν.
2788 2160 2905 2233 Πῦρ
2943 2162 3000 2215 δὲ
3043 2159 3274 2214 ἐνταῦθα
3295 2159 3391 2231 τὴν
3420 2159 3770 2215 διδασκαλίαν

2212 2252 2304 2305 τοῦ
2330 2251 2463 2305 Θεοῦ
2486 2252 2654 2321 Λόγου
2680 2252 2847 2321 λέγει·
2882 2252 2963 2305 ὅτι
2992 2269 3096 2323 περ
3116 2251 3225 2323 πῦρ
3253 2252 3393 2304 καίει
3427 2250 3520 2320 μὲν
3542 2251 3638 2313 τὰς
3660 2268 3770 2319 μο-

2213 2341 2416 2412 χθηρὰς
2448 2341 2607 2407 ἔξεις,
2642 2342 2921 2413 δοκιμάζει
2943 2342 2998 2396 δὲ
3022 2343 3148 2405 τοὺς
3194 2340 3486 2413 καθαρούς.
3530 2339 3623 2392 Διὰ
3653 2339 3775 2411 γὰρ

2213 2431 2389 2495 τοῦτο,
2432 2434 2633 2499 κύκλῳ
2652 2432 2836 2486 αὑτοῦ
2869 2432 3132 2500 καταιγὶς
3182 2431 3415 2500 σφόδρα
3439 2448 3451 2459 ·
3488 2430 3601 2483 ὅσοι
3658 2430 3774 2501 γὰρ

2215 2523 2459 2577 θέλουσι
2494 2524 2754 2589 εὐσεϐῶς
2781 2514 2971 2584 ζῆνέν
3012 2522 3267 2591 Χριστῷ,
3306 2520 3769 2591 διωχθήσονταιδ

2215 2615 2349 2669 ἀλλὰ
2380 2616 2473 2670 καὶ
2494 2617 2721 2683 θλίψιν,
2754 2616 2936 2685 φησὶν,
2959 2614 3122 2679 ἕξετε
3151 2615 3220 2667 ἐν
3239 2613 3318 2679 τῷ
3349 2613 3570 2681 κόσμῳ.

2285 2704 2765 2774 Προσκαλέσεται
2800 2704 2906 2759 τὸν
2937 2704 3194 2772 οὐρανὸν
3220 2703 3360 2765 ἄνω,
3395 2704 3491 2755 καί
3521 2701 3629 2768 τὴν
3651 2697 3778 2769 γῆν

2215 2798 2506 2865 διακρῖναι
2526 2797 2634 2849 τὸν
2657 2795 2812 2850 λαὸν
2835 2794 3037 2849 αὐτοῦ.
3062 2793 3427 2863 Συναγάγετε
3452 2791 3606 2856 αὐτῷ
3626 2789 3777 2857 τοὺς

2217 2888 2420 2957 ἁγίους
2446 2885 2652 2951 αὑτοῦ,
2678 2886 2818 2951 τοὺς
2858 2882 3293 2953 διατιθεμένους
3332 2883 3445 2950 τὴν
3478 2881 3779 2948 Διαθήκην

2218 2977 2399 3032 αὐτοῦ
2429 2976 2526 3029 ἐπὶ
2559 2977 2814 3041 θυσίαις.
2849 2975 3075 3039 Ἀλλως,
3108 2974 3201 3027 τοῦ
3229 2975 3489 3045 προτέρου
3518 2972 3647 3025 λαοῦ
3674 2971 3777 3043 τὴν

561 3070 755 3135 clarat,
801 3068 1002 3124 cmlum
1032 3070 1302 3125 advocans
1336 3077 1387 3125 et
1416 3077 1637 3137 terram,
1691 3073 1945 3141 quoniam
1996 3088 2115 3129 cum

2221 3067 2399 3139 κρίσιν
2428 3066 2732 3132 ἰδιάζουσαν
2757 3066 3014 3129 δείκνυσι,
3052 3066 3142 3118 τὸν
3174 3064 3397 3137 οὐρανὸν
3438 3062 3779 3135 προσκαλού-

561 3162 735 3232 legem
774 3176 871 3232 per
900 3159 1139 3232 Moysem
1170 3161 1507 3225 tradidisset,
1537 3140 1748 3218 dicebat
1774 3183 1787 3218 :
1826 3162 2006 3218 Testor
2034 3181 2115 3219 vo-

2224 3176 2379 3231 μενος
2417 3159 2510 3212 καὶ
2540 3159 2637 3229 τὴν
2684 3159 2821 3228 γῆν·
2858 3157 3043 3229 ἐπειδὴ
3071 3157 3165 3210 τὸν
3187 3156 3349 3227 νόμον
3378 3155 3465 3209 διὰ
3500 3155 3782 3219 Μωΰσόως

564 3252 644 3305 bis
672 3251 824 3306 hodie
851 3252 1035 3306 caelum
1073 3262 1123 3306 et
1152 3261 1344 3307 terram
1369 3254 1434 3308 ι’.
1466 3252 1544 3308 Ac
1573 3270 1789 3309 rursum
1829 3255 1882 3309 in
1928 3271 2115 3326 magno

2223 3249 2545 3322 παραδιδοὺς
2578 3247 2729 3317 ἔλεγε
2749 3265 2762 3281 ·
2793 3249 3165 3329 Μαρτύρομαι
3186 3246 3329 3316 ὑμῖν
3363 3244 3625 3314 σήμερον
3672 3245 3786 3299 τόν

563 3341 780 3396 cantico
809 3361 823 3397 :
852 3341 1096 3405 Attende,
1129 3342 1336 3406 calum,
1367 3352 1415 3397 et
1446 3344 1629 3415 loquar
1652 3361 1671 3405 ξ
1694 3355 1743 3398 et
1777 3344 1960 3398 audiat
1982 3355 2115 3400 terra

2222 3364 2284 3400 τε
2314 3344 2572 3413 οὐρανὸν
2588 3345 2683 3397 καὶ
2713 3343 2826 3413 τὴν
2852 3343 2968 3413 γῆν
2985 3360 2999 3373 ·
3028 3343 3121 3396 καὶ
3151 3342 3309 3396 πάλιν
3335 3343 3392 3395 ἐν
3418 3339 3620 3411 μεγάλῃ
3641 3339 3782 3411 ᾠδῇ·

563 3433 719 3487 rerba
750 3449 815 3489 ea:
844 3450 934 3489 ore
959 3451 1071 3489 meo
1091 3433 1157 3488 “.
1195 3434 1557 3501 Qtlamobrem
1595 3436 1668 3490 ait
1708 3436 1917 3491 Isaias:
1960 3437 2119 3500 Audi,

564 3523 831 3586 caelum,et
856 3523 1071 3579 auribus
1091 3525 1482 3592 percipe,terra,
1506 3528 1760 3581 Dominus
1785 3527 1985 3582 locutus
2006 3538 2083 3582 est
2102 3545 2121 3581 :

563 3614 735 3669 Filios
766 3616 919 3686 genui
939 3626 988 3670 et
1019 3617 1268 3679 exultavi,
1305 3618 1405 3684 ipsi
1442 3627 1615 3672 autem
1632 3628 1929 3686 spreverunt
1958 3636 2039 3672 me
2053 3620 2119 3674 “.

562 3703 721 3758 Nunc
752 3721 969 3775 quoque
1006 3706 1224 3762 eosdem
1277 3707 1523 3762 evocabit
1554 3716 1723 3764 testes
1753 3727 1768 3776 ;
1824 3724 1888 3763 ac
1931 3725 2120 3779 quem-

565 3795 858 3851 admodum
881 3794 1139 3850 Servator
1159 3798 1213 3851 in
1244 3797 1553 3869 Evangeliis
1575 3800 1717 3854 ovile
1739 3815 1896 3855 suum
1925 3801 2127 3857 discer-

2220 3439 2506 3506 Πρόσεχε,
2535 3436 2770 3504 οὐρανὲ,
2800 3436 2896 3488 καὶ
2936 3433 3221 3499 λαλήσωο
3254 3433 3351 3486 καί
3390 3431 3650 3486 ἀκουέτω
3704 3431 3785 3501 τῆ

2215 3528 2453 3597 ῥήματα
2477 3528 2545 3581 ἐκ
2567 3528 2861 3595 στόματός
2883 3542 3023 3595 μου.
3048 3525 3140 3577 Διὸ
3154 3526 3246 3577 καὶ
3274 3523 3523 3585 Ἡσαΐας,
3551 3523 3786 3585 Ἄκουε,

2223 3621 2404 3690 φησὶν,
2438 3617 2673 3688 οὐρανὲ,
2698 3618 2793 3671 καὶ
2819 3615 3118 3680 ἐνωτίζου,
3154 3618 3192 3684 ἡ
3218 3615 3313 3686 γῆ,
3356 3618 3388 3668 o'
3415 3616 3627 3682 Κύριος
3642 3613 3788 3667 ἐλά-

2222 3716 2445 3780 λησεν
2485 3710 2653 3775 Υιοὺς
2680 3709 2980 3779 ἐγέννησα
3006 3709 3103 3762 καὶ
3129 3708 3365 3776 ὕψωσα,
3396 3706 3564 3760 αὐτοὶ
3612 3702 3679 3758 δέ
3705 3722 3788 3773 με

2222 3798 2542 3868 ἠθέτησαν.
2560 3799 2669 3851 Kal
2702 3797 2797 3851 νῦν
2815 3797 2993 3850 τοίνυν
3015 3797 3141 3861 τοὺς
3174 3797 3368 3859 αὐτοὺς
3404 3793 3785 3848 ἐπικαλέσεται

563 3889 670 3949 nit,
727 3890 937 3944 scilicet
988 3905 1085 3944 eos
1115 3894 1208 3959 qui
1239 3889 1494 3946 Ecclesiae
1542 3900 1693 3956 sunt,
1722 3907 1849 3949 oves
1882 3902 2115 3950 statuens

2228 3891 2505 3961 μάρτυρας
2527 3906 2541 3919 ·
2577 3890 2671 3941 καὶ
2699 3888 2888 3959 ὥσπερ
2914 3890 2943 3941 ὁ
2967 3887 3156 3959 Σωτὴρ
3209 3888 3267 3939 ἐν
3314 3885 3665 3965 Εὐαγγελίοις
3721 3885 3789 3937 τὸ

567 3997 597 4033 a
625 3980 857 4044 dextris,
912 3981 1097 4037 haedos
1134 3992 1312 4037 autem
1344 3997 1375 4036 a
1434 3984 1712 4051 sinistris;
1742 3985 1929 4041 eodem
1964 3986 2115 4041 modo

2226 3980 2471 4051 ποίμνιον
2503 3980 2665 4033 αὐτοῦ
2698 3979 2980 4051 διακρίνει,
3010 3978 3207 4049 δηλαδὴ
3235 3978 3361 4040 τοὺς
3396 3976 3498 4046 τῆς
3553 3975 3783 4045 Ἐκκληο

566 4071 686 4141 ipse
735 4070 997 4129 Dominus
1042 4074 1155 4143 jam
1205 4074 1469 4129 discernit
1515 4077 1772 4146 populant
1805 4093 1983 4132 suum.
2019 4076 2127 4133 He-

566 4163 814 4218 braicum
844 4166 1121 4237 exemplar
1160 4172 1214 4221 et
1239 4167 1468 4236 reliqui,
1500 4179 1809 4238 congregato
1854 4170 2003 4235 mihi,
2040 4169 2126 4223 in-

2228 4070 2367 4134 σίας,
2397 4070 2465 4123 τὰ
2502 4069 2746 4140 πρόϐατα
2782 4068 2877 4137 μὲν
2909 4067 3071 4120 ἱστῶν
3090 4069 3155 4119 ἐκ
3181 4064 3390 4132 δεξιῶν,
3423 4065 3491 4118 τά
3518 4064 3577 4118 δὲ
3603 4065 3788 4136 ἐρίφια

2225 4160 2284 4227 ἐξ
2319 4160 2633 4230 εὐωνύμων·
2663 4160 2752 4212 τὸν
2785 4158 2946 4211 αὐτὸν
2967 4158 3164 4229 τρόπον
3194 4158 3222 4208 ὁ
3254 4156 3412 4218 αὐτὸς
3443 4155 3647 4226 Κύριος
3694 4155 3793 4207 καὶ

565 4256 781 4327 quiunt.
817 4255 970 4312 Sicut
1021 4258 1163 4313 enim
1214 4259 1269 4312 in
1318 4258 1610 4330 Evangelio
1659 4260 1861 4315 dictum
1893 4269 1976 4316 est
2007 4281 2020 4316 :
2056 4260 2115 4314 Et

2226 4250 2319 4305 νῦν
2367 4251 2625 4322 διακρίνει
2674 4250 2763 4303 τὸν
2786 4250 2911 4304 λαὸν
2941 4247 3128 4303 αὐτοῦ.
3169 4249 3242 4301 Τὸ
3276 4246 3561 4317 Ἐδραῖκὸν
3595 4246 3690 4298 καὶ
3739 4247 3793 4297 οἱ

565 4350 741 4404 mittet
768 4349 978 4420 angelos
1004 4367 1147 4416 suos,
1178 4360 1226 4404 et
1249 4350 1631 4421 congregabunt
1658 4368 1831 4406 omnes
1854 4362 2028 4423 gentes
2054 4354 2122 4418 “;

2226 4343 2418 4408 λοιποὶ,
2446 4342 2815 4411 Συναγάγετέ
2840 4358 2961 4410 μοι,
2997 4340 3157 4409 φασίν
3182 4356 3196 4369 ’
3231 4339 3305 4403 ὡς
3325 4338 3431 4408 γὰρ
3456 4340 3514 4389 ἐν
3547 4337 3793 4403 Εὐαγγε-

563 4443 641 4497 ita
694 4448 748 4497 et
774 4456 922 4497 nunc
957 4441 1150 4497 iisdem
1199 4442 1463 4512 praecipit.
1511 4441 1639 4497 Vult
1686 4450 1867 4497 autem
1904 4453 2115 4501 sanctos

2226 4433 2358 4497 λίοις
2391 4433 2601 4503 εἴρηται
2625 4449 2639 4462 θ
2665 4431 2772 4485 Kal
2804 4428 3128 4484 ἀποστελεῖ
3154 4427 3295 4493 τοὺς
3340 4426 3636 4496 ἀγγέλους
3680 4427 3791 4525 αξι-

563 4535 721 4605 prius
761 4549 922 4604 quam
953 4534 1151 4606 impios
1185 4534 1481 4607 segregari,
1519 4542 1706 4605 utpote
1736 4536 1829 4606 qui
1859 4537 2115 4606 promissa

2226 4524 2355 4589 τοῦ,
2384 4523 2483 4578 καὶ
2517 4522 2855 4586 συνάξουσι
2888 4518 3083 4573 πάντα
3120 4518 3192 4573 τὰ
3222 4520 3363 4585 ἔθνη
3382 4535 3395 4548 ο
3417 4516 3558 4570 οὕτω
3581 4516 3675 4568 καὶ
3695 4516 3793 4569 νῦν

567 4626 827 4697 consequi
855 4626 1106 4683 debeant.

642 4879 808 4935 Vsus.
846 4884 932 4938 15.
970 4882 1222 4954 Nunquid
1262 4885 1587 4941 manducabo
1617 4904 1800 4942 carnes
1832 4898 2124 4952 taurorum,

2226 4619 2337 4679 τοῖς
2386 4615 2569 4679 αὐτοῖς
2599 4612 2893 4667 ἐπιτάττει.
2930 4609 3182 4682 Πρώτους
3217 4609 3274 4663 δὲ
3324 4608 3568 4679 βούλεται
3601 4608 3791 4676 ἀφορι-

2229 4706 2418 4776 σθῆναι
2448 4705 2552 4777 πρὸ
2599 4704 2705 4757 τῶν
2731 4697 2941 4757 ἀσεϐῶν
2986 4702 3112 4765 τοὺς
3147 4701 3326 4764 ὁσίους
3360 4698 3524 4752 αὑτοῦ
3548 4739 3564 4764 ,
3604 4699 3793 4768 τυχεῖν

2225 4796 2334 4850 τῶν
2367 4795 2787 4867 ἐπηγγελμένων
2811 4792 3138 4861 ὀφείλοντας.

2296 4887 2392 4953 Μὴ
2410 4886 2668 4957 φάτομαι
2701 4884 2845 4953 κρέα
2879 4886 3130 4952 ταύρων,
3158 4883 3196 4951 ἢ
3239 4880 3382 4952 αἷμα
3404 4881 3632 4951 τράγων
3658 4880 3791 4933 πίο-

572 4982 662 5027 aut
690 4975 996 5044 sanguinem
1034 4976 1299 5032 hircorum
1330 4978 1519 5047 potabo
1546 4981 1571 5034 ?
1618 4978 1755 5035 Esca
1802 4980 1896 5035 Dei
1944 4992 2027 5038 est
2059 4983 2115 5038 de

2222 4995 2364 5050 gat;
2391 4977 2574 5049 Τροφὴ
2597 4978 2653 5031 δὲ
2678 4976 2812 5031 Θεοῦ
2846 4978 2973 5047 περὶ
3004 4971 3073 5047 ἧς
3101 4972 3250 5029 εἶπεν
3269 4992 3282 5005 ·
3320 4975 3655 5037 Ἐπείνασα,
3694 4972 3791 5025 καί

570 5078 676 5134 qua
724 5063 901 5119 dixit:
956 5064 1187 5133 Esurivi,
1236 5077 1287 5123 et
1330 5070 1548 5124 dedistis
1591 5072 1719 5125 mihi
1767 5072 2125 5138 manducare;

567 5155 731 5217 sitivi,
768 5164 817 5209 et
844 5153 1061 5209 dedistis
1101 5157 1228 5211 mihi
1261 5158 1428 5213 bibere
1454 5160 1521 5224 ⁵⁷,
1542 5168 1673 5228 etc.;
1702 5176 1734 5215 a
1764 5162 1963 5231 quibus
1991 5178 2126 5217 enu-

569 5246 733 5301 tritus
756 5246 954 5301 dicam:
979 5245 1046 5300 In
1074 5258 1326 5318 quantum
1347 5249 1547 5317 fecistis
1570 5252 1660 5305 uni
1687 5267 1751 5306 ea:
1768 5252 1848 5307 his
1872 5253 2124 5316 minimis,

2223 5069 2481 5128 ἐδώκατέ
2512 5088 2614 5139 μοι
2633 5069 2842 5139 φαγεῖν
2864 5087 2877 5100 ·
2918 5069 3200 5137 ἐδίψησα,
3232 5067 3328 5121 καὶ
3356 5064 3673 5119 ἐποτίσατέ
3695 5080 3790 5132 με·

2170 5222 2175 5227 ,
2228 5166 2317 5233 ὑφ’
2344 5158 2421 5218 ὧν
2447 5165 2775 5235 τρεφόμενος
2795 5164 2933 5231 λέξω
2954 5180 2967 5193 ·
3010 5163 3125 5232 Ἐφ’
3155 5162 3305 5217 ὅσον
3351 5162 3677 5229 ἐποιήσατε
3702 5160 3793 5212 ἐνὶ

2231 5257 2457 5309 τούτων
2486 5254 2604 5309 τῶν
2631 5255 2984 5325 ἐλαχίστων,
3015 5254 3143 5324 ἐμοὶ
3174 5252 3513 5321 ἐποιήσατε.
3551 5253 3708 5305 Ἐστι
3736 5251 3795 5304 δὲ

570 5339 701 5392 mihi
728 5337 929 5408 fecistis
952 5338 1017 5392 ⁸³.
1069 5338 1338 5395 lmmolari
1369 5348 1547 5394 autem
1586 5351 1764 5412 potest
1793 5361 1888 5415 per
1914 5345 2115 5399 divinos

2235 5344 2394 5397 θῦσαι
2430 5345 2658 5415 λογικῶς
2710 5347 2804 5399 καὶ
2833 5346 2924 5399 διὰ
2956 5345 3232 5413 θεολογίας
3282 5344 3375 5397 καὶ
3406 5342 3791 5414 εὐχαριστίαςο

572 5431 854 5486 sbrmones
882 5445 946 5484 ac
976 5430 1270 5501 gratiarum
1322 5432 1589 5488 actionem
1619 5452 1633 5500 ;
1688 5451 1811 5489 cum
1857 5436 2126 5506 quispiam

645 5590 690 5621 ³⁸
730 5588 906 5644 Galat.
941 5606 1014 5655 tv,
1044 5588 1137 5643 96.
1214 5589 1256 5619 ³⁷
1300 5588 1457 5642 Hebr.
1496 5605 1601 5645 xu.
1629 5591 1718 5644 22.

578 5658 667 5712 12.
743 5658 979 5714 "Joau.
1042 5672 1161 5712 υτ.
1228 5660 1313 5713 35.

593 5730 635 5762 ⁸⁷
670 5726 860 5785 Matth.
899 5747 1021 5794 xxv,
1051 5729 1235 5784 55-56.
1312 5729 1355 5759 ⁸⁸³
1386 5730 1514 5783 ibid.
1548 5731 1634 5783 41).

1821 5592 1864 5623 ⁸⁸
1907 5590 2092 5646 Matth.
2126 5607 2251 5653 xxv,
2284 5592 2371 5645 54.

1389 5661 1433 5690 ⁸³
1474 5658 1624 5713 Deut.
1661 5677 1796 5715 xxx.
1854 5661 1937 5715 19.
2015 5662 2056 5693 ’⁸⁸
2097 5660 2251 5716 Deut.
2312 5678 2491 5723 xxxii,
2550 5663 2600 5716 l.

2233 5437 2325 5488 καὶ
2351 5436 2469 5489 ἐπεὶ
2496 5436 2540 5489 δ’
2574 5438 2639 5491 άν
2658 5455 2740 5501 τις
2759 5436 2836 5507 τῷ
2857 5436 2976 5507 Θεῷ
3000 5436 3201 5505 πρέπον
3225 5434 3589 5504 ὑποσχόμενος
3614 5432 3799 5502 ἔργοις

2469 5592 2511 5623 ³⁸
2549 5591 2679 5645 Luc.
2714 5606 2822 5655 xtl,
2858 5591 2943 5644 £9.

2475 5700 2490 5716 .
2550 5663 2600 5716 l.
2675 5662 2717 5693 “
2758 5661 2860 5716 lsa.
2906 5676 2957 5716 ι.
3012 5661 3045 5713 2

3051 5590 3095 5622 ⁵ο
3137 5589 3266 5643 ibid.
3368 5589 3411 5619 “
3450 5585 3493 5640 11
3529 5585 3678 5641 Tim.
3709 5601 3796 5647 In,

3142 5657 3399 5712 “Matth.
3461 5673 3627 5720 utv,
3700 5656 3795 5710 51.
