3988 6202
330 135 468 193 437

1480 147 1968 206 ΕΟΜΜΕΝΤΑΒΙΔ
2006 153 2073 208 IN
2111 154 2442 210 PSALMOS.

3453 158 3562 214 438

332 245 743 313 ἐπιτελέσειεν.
787 254 962 326 Εὐχάς
1007 257 1116 329 γὰρ
1147 260 1181 330 ἡ
1221 247 1410 332 Γραφὴ
1449 261 1546 326 τὰς
1589 267 1904 335 ἐπαγγελίας

2016 288 2135 342 qua:
2187 272 2296 326 Deo
2342 271 2615 340 pollicitus
2665 280 2768 338 est,
2815 287 2977 344 opere
3002 271 3367 344 compleverit.
3421 271 3558 328 Vota

344 344 550 414 φησὶν,
582 344 659 408 ὡς
691 347 747 398 ὲν
775 347 852 416 τῷ
874 365 887 377 ·
931 349 1070 403 Ἐὰν
1097 351 1246 420 εὔξῃ
1277 353 1486 422 εὐχὴν,
1504 355 1590 424 μὴ
1614 359 1920 429 ,βραδύνῃς

343 434 709 489 ὶποδοῦναι.
755 437 978 505 Ἀγαθὸν
1007 440 1068 492 τὺ
1095 441 1168 512 μὴ
1201 441 1472 508 εὔξασθαι,
1505 444 1538 516 ἢ
1569 446 1630 499 τὸ
1668 446 1920 514 εὔξασθαι

345 527 451 579 (αἱ
493 527 567 596 μὴ
589 527 895 582 ἀποδοῦναι.
931 529 1114 594 Οὕτως
1135 528 1225 585 οὖν
1266 534 1492 605 σπείρας
1537 539 1616 601 είς
1652 539 1918 595 δικαιοσύ-

349 631 483 687 δην,
518 616 700 682 ἔλπιζε
721 621 1012 691 τρυγήσειν
1041 624 1247 692 καρπὸν
1273 625 1434 700 ζωῆς.

437 801 524 867 Τῷ
537 801 605 854 δέ
626 802 950 872 ἀμαρτωλῷ
963 802 1177 861 εἶπενδ
1205 812 1373 877 Θεός’
1392 812 1515 866 ἰνα
1541 817 1598 869 τι
1626 817 1706 870 σὺ
1734 819 1910 888 διηγῇ

346 890 433 946 τὰ
457 892 812 962 δικαιώματὰ
839 913 976 964 μου,
1006 899 1100 950 καί
1151 900 1602 971 ἀντιλαμϐάνεις
1646 906 1758 974 τὴν
1790 911 1917 961 Δια-

348 984 561 1052 θήκην
579 1003 696 1054 μου
736 986 834 1040 διὰ
875 989 979 1042 τοῦ
1014 992 1304 1058 στόματός
1333 1009 1488 1059 σονς
1537 999 1844 1053 Μετάϐασιν
1887 1003 1915 1052 ὁ

349 1073 516 1141 λόγος
563 1074 674 1144 ἔχει
722 1076 828 1128 ἀπὸ
864 1075 956 1129 τοῦ
992 1078 1098 1130 τῶν
1138 1079 1360 1134 δικαίων
1401 1085 1673 1155 τάγματος
1719 1089 1810 1140 ἐπὶ⁹
1854 1089 1915 1142 τὸ

352 1166 544 1235 τάγμα
575 1160 682 1217 τῶν
710 1165 980 1236 πονηρῶν.
1028 1169 1228 1223 Ἐκεῖνο
1255 1172 1360 1244 γάρ
1378 1191 1430 1227 τι
1456 1175 1614 1230 πλέον
1642 1177 1784 1248 ἔσχε,
1816 1179 1914 1249 τῆς

357 1256 554 1327 καινῆς
583 1256 854 1327 Διαθήκης
885 1257 982 1328 τὴν
1006 1259 1333 1332 ἐπιστήμην.
1393 1265 1729 1337 Ἀμαρτωλδν
1764 1270 1818 1323 δὲ
1853 1272 1910 1323 οὐ

359 1346 451 1399 τὸν
477 1347 751 1418 ἀλλότριον
784 1346 890 1399 τῶν
917 1348 1169 1418 Γραφῶν,
1202 1351 1336 1406 ἀλλὰ
1357 1354 1447 1407 τὸν
1481 1359 1799 1430 παραϐάτην
1825 1379 1916 1415 κα-

361 1436 458 1492 λεῖ.
501 1438 740 1508 Ἔλεγχει
771 1439 828 1491 δὲ
862 1439 1022 1492 αὐτὸν
1047 1443 1144 1494 οὐκ
1169 1443 1259 1496 ἐπὶ
1297 1447 1600 1516 παραϐάσει
1638 1451 1914 1507 σαϐϐάτων

363 1529 639 1600 ἢθυσιῶν,
679 1529 954 1599 ἢτοιῶνδε
989 1530 1308 1603 βρωμάτων,
1340 1537 1473 1591 ἀλλὰ
1524 1540 1631 1595 τῶν
1680 1545 1914 1612 φυσικῶν

2015 364 2160 420 enim
2190 365 2580 434 promissiones
2627 363 2904 433 Scriptura
2950 370 3123 425 vocat,
3176 370 3233 416 ut
3280 376 3400 416 cum
3434 365 3507 416 ait
3543 381 3557 395 ·

2017 456 2076 510 Si
2105 465 2275 508 votum
2308 470 2510 518 uoveas,
2542 452 2790 508 netardes
2815 452 3028 507 reddere
3052 453 3139 506 ⁸⁸⁸.
3171 451 3360 507 Melius
3392 454 3560 522 siqui-

2015 543 2135 596 dem
2167 549 2381 597 estnon
2410 559 2623 609 vovere,
2666 557 2827 612 quam
2866 557 3063 597 vovere
3090 551 3143 596 et
3177 557 3284 595 non
3315 541 3554 597 reddere.

2017 632 2108 688 Sic
2139 634 2302 702 igitur
2337 647 2458 688 cum
2490 632 2842 692 seminaveris
2873 633 2940 688 ad
2966 632 3256 703 justitiam,
3289 648 3472 704 speres
3507 640 3558 688 te

2015 722 2250 778 fructum
2283 724 2408 778 vitae
2437 724 2812 778 collecturum.

2083 815 2247 870 Vens.
2286 805 2369 870 1θῖ
2409 816 2681 873 Peccatori
2708 826 2880 870 autem
2909 815 3042 869 dixit
3075 815 3208 871 Deus
3237 831 3254 868 :
3296 815 3470 882 Quare
3505 824 3559 867 tu

2012 923 2227 961 enarras
2240 909 2481 975 justitias
2506 925 2666 970 meas,
2696 918 2744 962 et
2765 909 2986 962 assumis
3011 917 3371 962 testamentum
3393 923 3558 960 meum

2011 1013 2100 1066 per
2128 1014 2184 1051 os
2217 999 2406 1051 tuum?
2436 997 2836 1052 Transitionem
2873 1014 3052 1052 sermo
3085 999 3242 1055 habet
3274 998 3341 1051 ab
3373 998 3561 1052 ordine

2007 1087 2280 1157 justorum
2339 1089 2405 1142 ad
2445 1087 2690 1143 ordinem
2728 1088 3120 1157 improborum.
3155 1087 3246 1143 Ille
3288 1088 3431 1143 enim
3464 1089 3562 1141 ali-

2013 1179 2141 1248 quid
2164 1179 2394 1249 amplius
2413 1179 2622 1243 habuit,
2649 1180 2856 1234 scilicet
2884 1180 3007 1233 novi
3034 1179 3364 1235 Testamenti
3384 1179 3562 1233 scien-

2013 1270 2164 1323 tiam.
2196 1268 2541 1323 Pcccatorcm
2571 1276 2771 1331 autem,
2796 1284 2903 1322 non
2933 1269 3163 1324 alienum
3187 1283 3214 1321 a
3241 1267 3556 1339 Scripturis,

2013 1357 2111 1413 sed
2142 1357 2614 1427 praevaricatorem
2643 1364 2821 1411 vocat.
2854 1356 3116 1428 Illumque
3143 1358 3406 1428 coarguit,
3451 1373 3559 1412 non

2013 1447 2079 1504 de
2113 1448 2548 1518 transgressione
2599 1447 2745 1501 circa
2785 1448 3010 1502 sabbata
3056 1457 3149 1503 aut
3191 1448 3413 1514 hostias,
3468 1457 3560 1503 aut

2015 1541 2220 1596 similes
2243 1556 2398 1596 escas
2427 1579 2442 1604 ,
2471 1540 2565 1594 sed
2595 1540 2660 1596 de
2689 1541 2862 1610 legum
2893 1542 3220 1595 naturalium
3249 1541 3556 1606 violatione,

364 1625 562 1690 νόμων,
598 1623 678 1690 ἐφ’
705 1616 781 1684 οἷς
810 1622 1011 1692 ἀνόητα
1037 1618 1106 1694 ἦν
1137 1625 1282 1696 αὺτῷ
1321 1628 1412 1681 τοῦ
1459 1631 1592 1685 Θεοῦ
1642 1633 1708 1687 τὰ
1745 1636 1904 1707 μαθή-

2015 1647 2246 1703 quarum
2280 1631 2622 1703 disciplinam
2673 1649 2702 1686 a
2759 1631 2866 1687 Deo
2922 1633 3170 1686 traditam
3218 1648 3313 1704 pro
3369 1635 3560 1689 insana

368 1727 543 1781 ματα·
592 1709 757 1763 ταῦτα
787 1711 891 1780 γὰρ
949 1713 1273 1784 ἁμαρτάνων
1321 1719 1643 1791 ἀπέρῤιπτε.
1685 1725 1911 1789 Φυσικὸς

371 1802 484 1874 γὰρ
522 1805 551 1856 ὁ
578 1803 736 1873 νόμος
770 1804 824 1856 τὸ
855 1805 928 1877 μὴ
959 1805 1068 1858 δεῖν
1104 1812 1294 1876 ποιεῖν,
1319 1810 1354 1864 δι
1385 1810 1448 1884 δὴ
1483 1815 1671 1869 παθεῖν
1703 1817 1762 1870 οὐ
1795 1818 1914 1889 βου-

372 1895 595 1966 λόμεθα.
620 1897 799 1966 Μοιχοὶ
827 1898 884 1950 δὲ
929 1903 1021 1955 καὶ
1061 1906 1109 1958 οί
1149 1903 1296 1958 ἄθεοι
1337 1906 1742 1981 είδωλολάτραι’
1794 1909 1913 1964 κλέ-

373 2000 502 2036 πται
530 1983 585 2035 δὲ
613 1983 700 2035 καὶ
723 1986 769 2036 οί
815 1986 1135 2056 κλέπτοντες
1166 1993 1262 2065 τὴν
1301 1993 1572 2066 ἀλήθειαν.
1623 1999 1758 2051 Ποτὲ
1814 2000 1910 2069 μὲν

366 2072 492 2140 οὖν,
539 2078 986 2152 ἘΜρῤησιάζοψ
1036 2083 1186 2154 φησὶ,
1211 2087 1276 2155 τῇ
1309 2085 1495 2157 κακία,
1542 2087 1669 2140 ποτὲ
1702 2089 1777 2150 δὲ,
1813 2092 1908 2142 Δο-

359 2167 487 2232 λίως
535 2171 905 2237 ἐπεϐούλευες,
952 2176 1272 2245 προσεποιοῦ
1331 2178 1385 2231 δὲ
1436 2179 1668 2250 γνησίως
1715 2182 1806 2234 καὶ
1835 2181 1910 2246 ὼς

355 2259 603 2328 ἀδελφοῖς
655 2264 862 2334 ὁμιλεῖν
887 2304 901 2327 ,
965 2264 1138 2337 λάθρα
1179 2267 1380 2322 τούτων
1430 2270 1740 2324 καταλαλῶν
1762 2289 1774 2301 °
1823 2273 1908 2324 ὲν-

354 2352 579 2424 ἠδρευες
620 2354 677 2408 δὲ
732 2357 824 2409 καὶ
855 2358 978 2421 τοὺς
1000 2359 1063 2411 ὲκ
1094 2359 1192 2429 τῆς
1216 2362 1380 2432 αὐτῆς
1411 2379 1488 2414 σοι
1521 2363 1743 2435 μητρὸς,
1793 2365 1908 2435 ἦτοι

354 2449 695 2517 συναγωγῆς,
722 2449 755 2520 ἢ
787 2450 879 2502 καὶ
924 2449 1213 2520 ἐκκλησίας
1233 2469 1246 2483 ·
1293 2454 1376 2522 ἐφ’
1403 2450 1484 2517 οἷς
1511 2455 1642 2525 ἐμοῦ
1673 2456 1910 2510 σιωπῶν-

352 2552 442 2600 τος
469 2539 630 2607 ἡνίκα
658 2541 1079 2614 ὲνηνθρώπησαο
1106 2545 1138 2614 ἢ
1170 2546 1261 2598 καὶ
1287 2545 1486 2610 ἄλλως·
1540 2547 1660 2600 Ἐπὶ
1698 2548 1758 2600 τὸ
1798 2551 1907 2618 χεῖ-

354 2646 446 2700 ρον
474 2629 719 2695 ἐϐάδιζες
752 2637 1100 2707 ναταφρονῶν
1129 2637 1225 2708 τῆς
1258 2638 1395 2709 ἐμῆς
1426 2640 1783 2710 χρηστότητος
1815 2642 1906 2694 καὶ

350 2721 449 2791 τῆς
502 2722 703 2792 ἀνοχῆς
754 2724 972 2795 καὶτῆς
1031 2726 1439 2798 μακροθυμίας’
1474 2728 1553 2781 διὸ
1584 2728 1768 2783 λοιπὸν
1809 2732 1906 2785 οὐκ

350 2811 630 2882 ἀνέξομαι.
671 2814 782 2867 Kal.
809 2814 914 2886 γὰρ
939 2815 1169 2868 διέκεισό
1200 2833 1264 2886 με
1296 2815 1395 2880 τὰς
1427 2817 1525 2880 σάς
1556 2817 1907 2889 ἀποδέχεσθαι

2016 1724 2286 1779 habebat:
2331 1723 2471 1776 hanc
2521 1724 2664 1778 enim
2717 1723 3254 1794 peccando/abiecit.
3287 1723 3558 1780 Naturalis

2011 1815 2210 1886 quippe
2244 1815 2328 1870 lex
2352 1830 2414 1871 ea
2438 1822 2543 1878 est,
2575 1815 2776 1870 nemini
2808 1814 2983 1868 facere
3009 1830 3130 1884 quae
3157 1815 3270 1884 pati
3299 1815 3554 1871 nolimus.

2010 1903 2203 1958 Mmchi
2232 1914 2408 1959 autem
2441 1913 2586 1966 sunt,
2620 1904 2768 1974 impii
2799 1905 3094 1960 idololatra:
3118 1949 3132 1973 ,
3169 1913 3223 1961 et
3256 1905 3422 1972 fures,
3458 1907 3555 1977 qui

2007 1996 2287 2050 veritatem
2340 1994 2694 2050 suil'urautur.
2726 1995 2882 2050 Modo
2915 1996 3080 2066 igitur
3110 1997 3184 2049 ait
3214 2017 3226 2051 :
3263 1998 3321 2051 In
3353 1999 3558 2053 malitia

2008 2087 2343 2155 confidebas;
2367 2103 2519 2142 mox:
2550 2087 2741 2144 Dolose
2763 2088 3128 2152 insidiabaris,
3158 2087 3557 2160 simulabasque

2007 2186 2061 2233 te
2093 2179 2305 2234 sincere
2334 2187 2385 2234 et
2417 2179 2574 2249 quasi
2604 2194 2726 2234 cum
2762 2177 3024 2234 fratribus
3056 2179 3314 2248 colloqui,
3347 2180 3557 2234 etclam

2007 2268 2074 2323 iis
2103 2269 2500 2337 maledicehas;
2527 2269 2754 2325 insidias
2782 2270 3032 2325 struebas
3066 2271 3134 2326 iis
3158 2271 3249 2341 qui
3276 2285 3339 2325 ex
3371 2272 3556 2326 eadem

2006 2374 2168 2429 quam
2199 2367 2256 2413 tu
2286 2368 2458 2415 matre
2486 2360 2592 2415 orti
2623 2367 2770 2425 sunt,
2798 2360 2912 2416 sive
2931 2376 2995 2416 ex
3024 2359 3325 2432 Synagoga,
3352 2361 3464 2417 sive
3491 2376 3557 2417 ex

2007 2449 2294 2507 Ecclesia:
2325 2451 2391 2506 de
2436 2451 2635 2522 quibus
2673 2467 2772 2523 ego
2801 2452 3048 2518 silebam,
3101 2452 3318 2523 quando
3365 2454 3556 2509 huma-

2004 2554 2128 2593 nam
2160 2540 2429 2610 assumpsi
2462 2550 2730 2594 naturam.
2761 2540 2883 2594 Sive
2908 2541 3013 2598 alio
3037 2543 3197 2598 modo
3223 2563 3236 2597 :
3267 2544 3348 2597 Ad
3374 2544 3556 2614 pejora

2004 2631 2340 2700 gradiebare,
2375 2631 2872 2693 mansuetudinem,
2900 2631 3208 2700 patientiam
3238 2642 3290 2687 et
3320 2615 3555 2687 toleran-

2006 2723 2132 2777 tiam
2162 2739 2333 2779 meam
2360 2724 2668 2794 despiciens
2695 2743 2706 2778 ε
2746 2739 2915 2793 quare
2950 2723 3180 2779 ulterius
3213 2738 3321 2778 non
3357 2725 3550 2793 patiar.

2003 2813 2137 2868 Nam
2172 2817 2251 2870 sic
2271 2814 2496 2870 allectus
2521 2831 2665 2880 eras,
2691 2824 2748 2870 ut
2778 2824 2997 2886 putares
3022 2829 3107 2870 me
3132 2823 3280 2884 gesta
3327 2816 3554 2885 probare

352 2901 599 2972 πράξεις,
626 2903 660 2974 ἢ
691 2905 782 2957 καὶ
815 2905 1018 2975 μηδένα
1050 2905 1250 2959 τούτων
1279 2908 1601 2978 μεμνῆσθαι.
1633 2909 1769 2961 Ἀλλ’
1794 2909 1903 2978 ἐγώ

2006 2916 2116 2972 tua,
2152 2918 2244 2962 aut
2273 2908 2542 2962 neminem
2570 2923 2757 2963 eorum
2791 2907 3226 2963 recordaturum.
3273 2909 3339 2961 At
3371 2924 3469 2979 ego
3503 2917 3554 2964 te

357 3009 421 3046 σε
448 2993 728 3067 διελέγχων
751 2997 852 3068 πρὸ
880 2996 988 3051 τῶν
1017 2998 1122 3051 σῶν
1160 2975 1454 3069 ὀφθαλμῶν.
1483 3001 1692 3055 ἅπαντα
1734 2975 1900 3073 θήσω,

2005 3013 2260 3070 arguens,
2295 3001 2474 3054 omnia
2505 2999 2604 3054 tibi
2629 3001 2698 3055 ob
2721 3001 2909 3057 oculos
2942 3016 3157 3072 ponam,
3197 3009 3274 3066 ut,
3313 3001 3397 3056 his
3425 3016 3553 3055 con-

350 3085 504 3151 ὅπως
536 3089 674 3158 ὁρῶν
704 3090 1011 3163 αἰσχυνθῇς.

487 3218 596 3272 ΕΙΣ
633 3217 720 3275 ΤΟ
755 3220 1294 3294 ΤΕΛΟΣ,ΨΑΛΜΟΣ
1333 3225 1417 3278 ΤΩ
1454 3226 1648 3278 ΔΑΥΙΔ
1687 3226 1769 3281 N'.

359 3309 466 3371 Ἐν
494 3310 573 3376 τῷ
606 3313 801 3386 ἐλθεῖν
835 3315 1192 3386 πρὸς-*αὺτὸν
1210 3317 1411 3370 Ναϐὰν
1437 3316 1550 3369 τὸν
1569 3316 1899 3386 προφήτην,

656 3385 834 3451 ἡνίκα
862 3384 1107 3444 εἰσῆλθε
1127 3386 1276 3454 πρὸς
1298 3386 1616 3455 Βηρσαϐεέ.

432 3494 722 3562 Ἐλέησόν
747 3514 843 3566 με.
882 3502 914 3552 ό
944 3499 1106 3564 Θεὸς,
1129 3503 1278 3554 κατὰ
1307 3500 1370 3554 τὸ
1392 3500 1544 3570 μέγα
1570 3501 1738 3565 ἔλεός
1763 3517 1897 3556 σου.

357 3587 447 3649 Ὠς
469 3587 561 3639 ἐπὶ
581 3588 798 3660 μεγάλῳ
817 3589 872 3642 δὲ
898 3590 1070 3662 ψυχῆς
1102 3592 1369 3664 τραύματι
1428 3592 1658 3664 μεγάλου
1698 3593 1900 3646 δεῖσθαι

343 3676 498 3729 ἐλέου
525 3677 789 3747 ὁμολογεῖ.

428 3766 554 3819 Ἐπὶ
578 3767 788 3821 πλεῖον
829 3768 1062 3823 meret»
1079 3788 1156 3840 με
1183 3771 1299 3826 ἀπὸ
1330 3770 1437 3840 τῆς
1473 3773 1720 3843 ἀνομίας
1759 3792 1896 3844 μου,

344 3855 591 3910 καὶνάπὸ
617 3855 723 3924 τῆς
750 3859 1030 3928 ἁμαρτίας
1044 3880 1162 3931 μου
1195 3861 1519 3931 καθάρισόν
1538 3881 1633 3933 με.
1667 3865 1804 3936 Ὅρα
1843 3865 1900 3918 δὲ

342 3948 483 4018 πρὸς
507 3947 569 4001 τὸ
601 3949 832 4020 Χριστοῦ
864 3952 1021 4005 πάλιν
1051 3955 1374 4026 μυστήριον·
1398 3954 1496 4026 τὴν
1519 3957 1626 4027 γὰρ
1669 3957 1726 4009 ὲν
1753 3956 1901 4028 νόμῳ

342 4040 611 4111 κάθαρσιν
640 4041 788 4112 ὴτοῦ
820 4042 1186 4115 βαπτίσματος
1225 4045 1619 4117 ὑπερϐαίνουσα
1651 4047 1897 4119 δύναμις,

341 4133 436 4185 καί
461 4133 664 4205 ταύτης
691 4134 787 4205 τῆς
812 4134 988 4205 ψυχῆς
1021 4136 1305 4206 ἐργάζεται
1349 4137 1629 4210 κάθαρσιν.
1689 4139 1899 4209 Ἐκείνη

340 4224 452 4296 γὰρ
478 4225 614 4295 πρὸς
644 4226 742 4296 τῆς
770 4226 942 4297 ψυχῆς
966 4229 1434 4299 προσελαμϐάνετο
1465 4229 1826 4301 καθαρότητα.

2003 3091 2225 3161 speetis,
2259 3090 2465 3158 pudore
2496 3091 2766 3146 alliciaris.

2182 3223 2232 3276 1.
2271 3220 2338 3275 IN
2375 3220 2945 3283 FINEM,PSALMUS
2988 3222 3196 3278 DAVID
3231 3223 3297 3280 L.

2077 3316 2132 3370 2.
2162 3315 2292 3371 Cum
2322 3317 2456 3370 venit
2482 3313 2549 3368 ad
2574 3332 2689 3368 eum
2726 3315 2943 3386 Nuthan
2972 3316 3243 3385 propheta,
3267 3317 3474 3386 quando

2467 3387 2675 3440 intravit
2705 3386 2773 3439 ad
2806 3385 3078 3441 Bersabee.

2069 3494 2235 3550 Vens.
2268 3495 2319 3549 5.
2356 3493 2605 3549 Miserere
2640 3495 2759 3558 mei,
2798 3493 2960 3558 Deus,
2994 3494 3273 3549 secundum
3306 3511 3550 3566 magnam

2001 3583 2413 3642 misericordiam
2447 3593 2610 3636 tuam.
2645 3581 2812 3650 Quasi
2856 3596 2954 3653 pro
2982 3597 3179 3654 magno
3209 3583 3402 3638 anima:
3434 3585 3551 3640 vul-

2000 3691 2150 3738 nere,
2182 3689 2373 3746 magna
2404 3674 2779 3730 misericordia
2807 3690 2944 3745 opus
2971 3690 3098 3730 esse
3125 3673 3432 3730 conﬁtetur.

2070 3767 2234 3824 Vens.
2269 3769 2322 3823 4.
2347 3767 2586 3836 Amplius
2617 3767 2735 3821 lava
2764 3784 2843 3822 me
2874 3766 2953 3821 ab
2973 3767 3244 3838 iniquitate
3274 3783 3407 3830 mea,
3437 3777 3485 3822 et
3516 3785 3548 3820 a

1998 3869 2206 3928 peccato
2235 3875 2346 3913 meo
2379 3858 2575 3913 munda
2613 3875 2713 3913 me.
2750 3857 2984 3928 Respice
3027 3858 3218 3912 iterum
3254 3858 3319 3910 ad
3348 3855 3548 3911 Christi

2000 3951 2354 4022 mysterium;
2406 3966 2528 4009 nam
2561 3950 2892 4021 purgatione.
2908 3949 3042 4019 legis
3073 3949 3413 4020 praestantior
3454 3948 3550 4002 ba-

2000 4044 2178 4112 ptismi
2203 4044 2398 4104 virtus,
2432 4042 2592 4112 hujus
2622 4033 2813 4097 anima:
2839 4041 3278 4096 emundationem
3315 4038 3543 4109 perﬁcit.

1997 4133 2130 4188 Nam
2155 4135 2242 4187 illa
2264 4133 2328 4188 ad
2351 4133 2542 4188 animae
2574 4134 2860 4203 puritatem
2894 4131 3118 4187 advecta
3147 4137 3248 4186 est.

415 4317 519 4375 Σοὶ
544 4318 707 4386 μόνῳ
729 4318 986 4388 ἥμαρτον
1016 4320 1112 4372 καὶ
1141 4320 1206 4373 τὸ
1228 4321 1491 4389 πονηρὸν
1516 4321 1770 4375 ἐνώπιόν
1785 4335 1900 4374 σου

2072 4314 2233 4369 Vens.
2267 4313 2322 4369 6.
2355 4313 2470 4368 Tibi
2496 4314 2596 4368 soli
2620 4315 2824 4384 peccavi
2852 4323 2900 4366 et
2923 4313 3120 4365 malum
3149 4325 3324 4364 coram
3352 4318 3400 4362 te
3425 4308 3544 4376 feci,

338 4408 619 4475 ἐποίησα,
655 4407 812 4475 ὅπως
832 4408 908 4463 ἂν
933 4409 1247 4479 δικαιωθῇς
1273 4412 1341 4465 ἐν
1365 4412 1487 4478 τοῖς
1522 4413 1724 4480 λόγοις
1760 4427 1896 4475 σου,

339 4500 441 4552 καὶ
468 4493 729 4567 ἡκήσῃς
757 4500 828 4553 ἐν·
857 4499 935 4566 τῷ
959 4503 1264 4571 κρίνεσθαί
1289 4519 1381 4558 σε.
1408 4505 1481 4557 Οὐ
1518 4502 1674 4556 τοῦτό
1715 4521 1894 4574 φησιν,

340 4588 423 4641 ὃτι
443 4587 533 4643 τὸν
553 4591 753 4661 Οὐρίαν
780 4591 879 4644 οὑκ
910 4592 1168 4663 ἠδίκησω
1218 4593 1330 4646 ἀλλ’
1358 4595 1440 4646 ὃτι
1481 4595 1578 4666 τὴν
1639 4594 1895 4664 μεγίστην

341 4682 684 4752 παρανομίαν
713 4683 790 4744 είς
817 4683 974 4735 αὐτὸν
1004 4683 1299 4755 τετόλμηκε
1329 4685 1418 4737 τὸν
1440 4685 1590 4748 Θεὸν,
1625 4684 1731 4737 ἀπὸ
1759 4701 1892 4756 προ-

338 4771 548 4829 ϐατέως
597 4771 695 4842 μὲν
742 4773 1029 4843 γενόμενος
1075 4775 1343 4845 βασιλεὺς,
1373 4778 1651 4849 κρατήσας
1699 4777 1754 4832 δὲ
1786 4776 1893 4829 τῶν

339 4861 570 4932 ἐχθρῶν,
596 4864 951 4927 παντοδαποῖς
983 4865 1040 4918 δὲ
1068 4868 1359 4937 κοσμηθεὶς
1383 4867 1626 4937 ἀγαθοῖς,
1659 4868 1751 4921 καὶ
1785 4885 1894 4922 τοι·

337 4950 516 5014 οὐτοις
539 4951 629 5003 τὸν
662 4951 954 5024 εὐεργέτην
979 4955 1363 5027 ἀμειψάμενος.
1413 4959 1485 5010 Τὸ
1522 4958 1599 5022 δὲ,
1640 4956 1893 5010 ἐνώπιόν

337 5055 478 5104 σου,
509 5041 602 5093 καὶ
627 5042 684 5093 ὲν
704 5045 768 5112 τῇ
789 5043 998 5114 ἱστορίᾳ
1023 5044 1310 5115 δεδήλωται
1333 5061 1344 5072 ’
1379 5045 1691 5126 Ὠφθτηγάρ
1739 5048 1891 5118 φησὶ,

338 5137 409 5191 τὸ
434 5133 675 5201 γεγονὸς
707 5135 968 5202 πονηρὸν
1003 5135 1255 5191 ἐνώπιον
1290 5140 1528 5206 Κυρίου.
1573 5140 1644 5192 ’Ἠ
1688 5138 1858 5202 οὕτως
1880 5157 1892 5169 ·

349 5223 600 5278 Ἕδόκουν
629 5242 712 5287 τις
741 5222 875 5279 εἶναι
901 5227 1066 5280 πάλαι
1091 5229 1417 5301 σκεπόμενος
1446 5231 1550 5283 ὑπὸ
1578 5229 1693 5284 σοῦ.
1725 5229 1892 5283 Nava-

344 5333 482 5386 μικα
503 5314 759 5372 δὶλοιηὸν
783 5320 1070 5384 ἀσάλευτος
1097 5316 1235 5376 εἶναι
1263 5363 1276 5386 ,
1316 5323 1486 5392 λέγων
1513 5324 1582 5376 ἐν
1608 5322 1683 5391 τῇ
1724 5324 1892 5388 εὐθη-

339 5412 445 5474 νίᾳ
484 5422 601 5472 μου
625 5448 638 5460 .
675 5411 755 5462 Οὐ
791 5413 876 5478 μὴ
909 5395 1224 5476 ’σαλευθῷ
1284 5413 1362 5465 διὸ
1399 5414 1778 5482 ἀπέστρεψας
1825 5413 1893 5467 τὸ

2004 4415 2060 4458 ιιι
2083 4405 2389 4473 justificeris
2425 4406 2478 4458 in
2503 4403 2823 4458 sermonibus
2853 4405 2955 4456 tuis
2985 4410 3034 4456 et
3063 4402 3237 4456 vincas
3266 4415 3382 4452 cum
3397 4397 3547 4466 judi-

2002 4496 2164 4550 caris.
2202 4493 2319 4552 Non
2351 4493 2452 4548 hoc
2500 4493 2610 4547 ait:
2647 4493 2789 4546 Urite
2823 4492 3076 4560 injuriam
3130 4503 3237 4542 non
3268 4485 3410 4546 feci.
3451 4487 3544 4541 sed

1999 4586 2128 4656 quia
2155 4600 2414 4656 magnum
2455 4586 2633 4641 scelus
2656 4584 2731 4639 in
2762 4584 2930 4640 Deum
2980 4579 3192 4652 aggredi
3238 4594 3403 4634 ausus
3431 4587 3544 4639 est,

1998 4679 2089 4750 qui
2119 4693 2186 4732 ex
2215 4685 2431 4749 pastore
2461 4676 2826 4739 rexeﬂ‘eetus,
2849 4673 3087 4729 inimicis
3114 4671 3361 4735 devictis,
3388 4675 3548 4737 atque

1997 4769 2162 4828 nullis
2191 4783 2300 4823 non
2327 4777 2553 4822 ornatus
2576 4764 2877 4826 beneficiis,
2903 4761 3142 4817 beneﬁco
3161 4776 3255 4831 per
3280 4759 3387 4814 tale
3418 4759 3550 4813 faci-

1997 4874 2102 4914 nus
2145 4836 2373 4929 gratiam
2415 4857 2743 4928 rependerit.
2777 4854 2912 4910 Illud
2963 4861 3141 4908 autem
3181 4868 3357 4908 coram
3393 4859 3461 4916 te,
3494 4850 3546 4904 in

1997 4953 2225 5009 historia
2248 4951 2592 5021 explicatur:
2629 4948 2808 5003 Visum
2834 4958 2932 5011 est,
2965 4946 3158 5017 inquit,
3185 4943 3321 5016 quod
3351 4943 3547 5012 fastum

1992 5056 2090 5110 est,
2126 5046 2323 5100 malum
2348 5060 2525 5099 coram
2555 5042 2781 5097 Domino
2805 5042 2873 5096 ".
2905 5039 3001 5095 ἵει
3032 5039 3112 5094 sic
3143 5036 3545 5108 interpreteris:

1992 5136 2226 5192 Videbar
2257 5135 2457 5205 aliquis
2483 5151 2604 5191 esse
2635 5149 2760 5189 cum
2804 5148 2834 5186 a
2866 5140 2920 5188 te
2947 5141 3279 5202 protegerer,
3311 5126 3547 5184 aestima-

1993 5231 2225 5299 bamque
2255 5226 2472 5286 demum
2512 5241 2597 5282 me
2624 5225 2954 5282 immobilem
2987 5239 3128 5288 esse,
3153 5236 3277 5278 cum
3310 5220 3543 5274 dicerem

1992 5322 2045 5373 in
2077 5319 2405 5372 abundantia
2434 5332 2591 5373 mea:
2625 5316 2746 5371 Non
2786 5316 3061 5378 movebar;
3112 5326 3278 5383 quare
3315 5304 3544 5359 αυεΐιίειέ

1995 5412 2179 5481 faciem
2219 5420 2361 5464 tuam
2403 5429 2432 5464 a
2471 5429 2549 5466 me
2579 5419 2626 5466 et
2669 5411 2839 5479 factus
2884 5424 2995 5462 sum
3037 5402 3375 5460 conturbatus
3400 5396 3479 5447 ‘°:
3511 5409 3542 5451 a

414 5566 477 5596 “°
517 5565 668 5622 Deut.
709 5582 858 5633 uin,
890 5567 976 5621 2i.
1058 5569 1097 5602 δν
1137 5570 1178 5624 11
1214 5567 1342 5637 Reg.
1376 5584 1463 5634 xl,
1494 5567 1580 5621 Ἦ.
1658 5570 1700 5602 ⁸⁸)
1741 5568 1883 5625 Psal.

2005 5585 2089 5632 Ix,
2128 5567 2223 5637 7,:
