3988 6202
266 262 373 319 ιιι

1392 256 1888 317 COMMENTARIA
1928 259 1995 314 ΙΝ
2034 261 2368 322 PSALMOS.

3394 281 3501 336 ΝΞ

262 378 519 450 νωμένης
546 379 638 432 καὶ
686 375 1149 447 συντετριμμένης
1200 375 1442 446 καρδίας.
1480 375 1589 429 Καὶ
1644 372 1819 439 ἐπειδὴ

1931 373 2218 433 bumiliati.
2268 378 2404 446 Quia
2438 397 2569 439 vero
2591 386 2895 442 secundum
2936 388 3342 462 Symmachum,
3376 413 3501 450 con-

265 471 592 541 κατεαγυῖα
615 467 861 540 γέγονεν
888 470 927 536 ἠ
953 468 1165 537 καρδία
1188 486 1328 537 μου,
1356 466 1496 522 κατὰ
1519 468 1831 538 Σύμμαχον,

265 568 495 630 εἰκότως
527 564 769 635 εὐξάμην
809 563 1038 633 καρδίαν
1065 561 1309 633 καθαρὰν
1364 563 1420 614 ὲν
1454 562 1576 632 ἐμοὶ
1616 563 1644 614 6
1701 559 1832 621 Θεὸς

263 660 389 717 ἀντὶ
414 659 514 731 τῆς
539 656 899 725 κατεαγυίας’
929 654 1022 708 καὶ
1064 655 1183 708 ἀντὶ
1235 652 1329 706 τοῦ
1378 651 1831 724 συντετριμμένον

267 752 595 823 πνεύματος,
653 747 793 803 κατὰ
838 745 1166 816 Σύμμαχον,
1206 745 1414 813 ἔλεγον-
1458 744 1566 798 Kal
1598 743 1833 813 πνεῦμα

265 844 440 910 εὐθὲς
459 842 807 913 ἐτκαίνισον
820 840 892 892 ἐν
917 838 1040 903 τοῖς
1059 836 1330 906 ἐγχάτοις
1342 854 1481 906 μου.
1500 837 1831 907 Συντετριμ-

270 940 429 1012 μένον
459 937 518 990 δὲ
546 935 761 1006 πνεῦμα
788 932 849 987 τὸ
867 933 934 987 δι’
966 931 1398 1003 ὲξομολογήσεως
1422 928 1583 983 ἑαυτὸ
1621 929 1834 1000 συντρί-

265 1034 357 1084 ὁον
378 1029 635 1100 τυγχάνει
655 1044 668 1057 -
693 1024 919 1094 τοιαύτη
943 1024 1035 1077 καὶ
1058 1025 1091 1093 ἡ
1137 1021 1223 1073 διὰ
1258 1021 1356 1090 τῆς
1388 1020 1676 1091 μετανοίας
1702 1021 1831 1074 ἑαυ-

260 1124 360 1194 τὴν
389 1117 720 1174 ταπεινοῦσα
741 1115 957 1189 καρδία.
993 1113 1257 1185 Τοιαύτην
1278 1112 1387 1185 γὰρ
1406 1112 1572 1183 αὐτὴν
1600 1112 1830 1183 γενομέ-

261 1230 360 1279 νην
391 1210 531 1284 μετὰ
557 1209 618 1262 τὸ
639 1209 738 1280 τῆς
762 1205 1034 1279 ἁμαρτίας
1060 1204 1259 1275 οἴδημα
1286 1204 1406 1258 ἀντὶ
1440 1203 1628 1267 θυσίας
1660 1220 1833 1275 προσ-

260 1305 470 1372 δέξεται
503 1304 534 1355 6
564 1301 717 1365 Θεός.

335 1396 474 1449 Τότε
495 1380 863 1459 ίεὺδοκήσεις
897 1390 1116 1445 θυσίαν
1152 1388 1539 1456 δικαιοσύνης
1559 1427 1573 1450 ,
1602 1387 1830 1456 ἀναφο-

254 1486 372 1555 ρὰν
390 1486 491 1540 καὶ
522 1481 1002 1553 ὁλοκαυτώματα.
1050 1479 1209 1536 Ἀλλὰ
1237 1481 1372 1553 πρὸς
1408 1480 1579 1534 ταῦτα
1608 1480 1833 1551 φήσειεν

261 1577 327 1633 ἄν
350 1595 456 1641 τις,
480 1574 598 1639 πῶς
626 1574 829 1645 ἀρτίως
862 1572 1028 1626 εἰπών
1048 1612 1063 1635 ,
1106 1573 1247 1637 Ὅτι,
1281 1575 1334 1626 εί
1377 1572 1684 1640 ἠθέλησας
1726 1577 1833 1628 θυ-

1939 467 2166 536 fractum
2193 471 2295 540 fuit
2326 490 2417 526 cor
2449 492 2651 545 meum,
2700 483 2897 537 merito
2951 493 3203 553 precatus
3253 504 3395 555 sum,
3442 497 3500 544 ut

1938 577 2036 631 pro
2088 564 2390 633 confracto,
2436 571 2697 626 mundum
2734 590 2831 630 cor
2862 578 3086 633 habeam
3116 598 3137 647 ;
3163 589 3218 636 et
3244 598 3342 652 pro
3370 599 3499 639 con-

1940 653 2066 709 trito
2112 656 2329 725 spiritu,
2368 661 2668 717 secundum
2718 666 3099 736 Symmachum
3129 671 3263 735 dixi,
3293 682 3343 727 et
3386 676 3496 743 δρία

1938 746 2098 800 ritum
2124 759 2319 803 rectum
2356 751 2545 807 innova
2587 756 2639 808 in
2691 758 2971 816 visceribus
3020 766 3166 818 meis.
3217 764 3496 823 Contritus

1938 845 2116 891 autem
2148 841 2371 910 spiritus
2395 851 2497 911 est,
2530 847 2621 915 qui
2660 864 2780 905 sese
2810 868 2905 921 per
2936 855 3334 912 confessionem
3363 874 3494 913 con-

1937 928 2093 993 terit;
2118 930 2400 1004 simileque
2427 946 2511 991 est
2539 952 2655 1002 cor,
2688 943 2830 1009 quod
2863 961 2957 1013 per
2979 950 3347 1016 paenitentiam
3374 968 3498 1008 sese

1938 1016 2206 1077 bumiliat.
2242 1023 2374 1078 lllud
2407 1027 2577 1091 enim,
2611 1040 2734 1099 post
2761 1036 2966 1101 peccati
2998 1044 3261 1095 tumorem
3303 1042 3377 1095 ita
3413 1041 3497 1096 al-
3542 1022 3547 1027 ’

1937 1108 2138 1166 fectum
2176 1128 2274 1184 pro
2307 1118 2577 1176 sacriﬁcio
2609 1123 2752 1181 Deus
2782 1126 3045 1184 admittet.

2005 1371 2173 1430 Vens.
2218 1376 2307 1432 2L
2345 1378 2491 1437 Tunc
2539 1388 2833 1456 acceptabis
2882 1392 3203 1462 sacrificium
3238 1393 3497 1464 justitiw,

1936 1464 2252 1560 oblationem
2277 1480 2327 1526 et
2356 1473 2687 1536 holocausta.
2732 1481 2833 1537 Sed
2874 1484 2940 1538 ad
2974 1485 3087 1540 lucc
3119 1487 3313 1543 dixerit
3343 1490 3501 1560 quis-

1934 1558 2100 1627 piam,
2141 1578 2310 1633 quare
2338 1575 2624 1640 postquam
2657 1575 2815 1629 modo
2843 1576 2998 1645 dixit,
3033 1578 3294 1646 Quoniam
3325 1558 3373 1636 si
3401 1600 3491 1637 vo-

259 1670 429 1728 θίαν,
458 1668 651 1722 ἔδωκα
680 1668 776 1732 ἂν,
796 1665 890 1719 νῦν
922 1666 999 1730 ὡς
1031 1664 1312 1736 μέλλοντος
1353 1664 1540 1719 θυσίαν
1577 1664 1819 1737 δέχεσθαι

1937 1651 2123 1708 luisset
2153 1658 2497 1729 sacrificium,
2528 1661 2784 1720 dedissem
2815 1669 3027 1740 utique;
3054 1672 3167 1741 jam
3194 1673 3346 1742 quasi
3381 1672 3491 1730 Deo

258 1762 359 1816 τοῦ
395 1761 534 1814 Θεοῦ
583 1759 718 1832 μετὰ
764 1760 823 1813 τὸ
858 1760 961 1831 τὴν
1008 1759 1159 1815 πόλιν
1205 1757 1591 1830 ἀνακτισθῆναι
1617 1801 1631 1825 ,
1674 1758 1819 1829 φησὶ1

1934 1745 2262 1805 sacriﬁcium
2291 1763 2584 1829 accepturo
2606 1769 2729 1829 post
2751 1760 2990 1817 civitatis
3016 1765 3489 1832 restaurationem,

267 1853 416 1909 Τότε
458 1851 798 1918 εὐδοκήσεις
833 1850 1091 1912 θυσίαν;
1148 1851 1288 1903 Ἀλλ’
1340 1852 1436 1922 οὐχ
1482 1850 1671 1915 ἁπλῶς
1725 1850 1829 1924 ἔφη

269 1944 521 2006 Θυσίαν,
545 1941 674 1995 ἀλλὰ
693 1941 1091 2009 δικαιοσύνης.
1119 1942 1246 1995 Ὅτε
1274 1941 1382 2012 γὰρ
1402 1940 1710 2013 εὐδοκήσεις
1729 1941 1829 2013 τὴν

270 2036 415 2089 Σιὼν
444 2036 535 2088 καὶ
560 2035 867 2107 οίκοδομηθῇ
896 2037 963 2091 τὰ
991 2036 1144 2107 τείχη
1185 2034 1532 2107 Ἰερουσαλὴμ
1554 2077 1570 2100 ,
1609 2036 1826 2108 τοιαύτη

266 2145 354 2184 σοι
386 2128 543 2182 θυσία
571 2128 1075 2208 προσενεχθήσεται.
1115 2127 1188 2180 Τὸ
1236 2126 1345 2197 γὰρ
1382 2127 1631 2191 θεοσεϐὲς
1674 2126 1829 2182 πολί-

258 2237 438 2290 τευμα
461 2220 662 2273 σείκόνα
711 2219 866 2292 φέροι
900 2219 965 2272 ἂν
982 2220 1081 2289 τῆς
1115 2220 1437 2292 ἐπουρανίου
1473 2218 1678 2284 πόλεως
1730 2219 1827 2274 τοῦ

256 2312 392 2367 Θεοῦ
416 2330 430 2342 ·
454 2313 538 2366 διὸ
563 2313 660 2367 καὶ
688 2313 891 2384 ταύτης
923 2312 1208 2385 ὁμώνυμος
1236 2315 1270 2385 ἡ
1300 2313 1394 2367 τοῦ
1427 2312 1562 2367 Θεοῦ
1604 2314 1828 2384 Ἐκκλη-

258 2405 369 2465 σία,
390 2400 460 2476 ἦς
492 2405 648 2475 τείχη
670 2402 817 2474 λέγει
839 2406 965 2469 τοὺς
989 2407 1452 2479 περιφράττοντας
1492 2406 1694 2478 ταύτην
1727 2409 1827 2477 ἀγ-

253 2499 443 2571 γέλους
509 2498 544 2568 ἢ
588 2500 683 2551 καὶ
739 2498 864 2560 τοὺς
896 2498 1217 2569 ἱερωμένους
1268 2498 1360 2551 καὶ
1411 2499 1824 2570 προμαχοῦντας

254 2587 788 2662 αὑτῆς,11ροσδέξῃ
823 2587 898 2650 δὲ,
934 2583 1104 2649 εἶπεν,
1136 2589 1255 2640 ἀντὶ
1291 2586 1382 2639 τοῦ
1402 2629 1415 2651 ,
1446 2585 1820 2653 εὐδοκήσετς,

252 2685 282 2737 6
309 2682 623 2753 ΣύμμαχοςΔ
653 2682 762 2733 Καὶ
798 2681 894 2751 τὴν
940 2679 1214 2751 ἀναφορὰν
1262 2680 1338 2746 δὲ,
1374 2682 1466 2734 καὶ
1499 2681 1565 2733 τὰ
1594 2681 1820 2734 ὁλοκαυ-

251 2774 500 2845 τώματα,
523 2770 911 2841 δικαιοσύνης
926 2771 1163 2840 νοητῶν,
1195 2770 1287 2823 καὶ
1314 2770 1537 2841 προσέτι
1573 2769 1697 2832 τοὺς
1734 2770 1821 2839 μό-

255 2883 437 2936 σχους.
466 2865 652 2917 Πάντα
677 2858 1175 2934 γὰρδικαιοσύνης
1193 2860 1510 2928 ὲκτελεῖται,
1557 2861 1697 2915 κατὰ
1720 2860 1820 2924 τὰς

249 2952 517 3022 ἀναίμους
543 2953 637 3005 ttat
660 2952 1031 3023 πνευματικὰς
1052 2950 1258 3016 θυσίας,
1275 2950 1379 3015 τὰς¹
1398 2952 1455 3005 ὲν
1479 2954 1546 3024 τῇ
1566 2949 1659 3004 τοῦ
1684 2950 1817 3005 Θεοῦ

260 3042 561 3116 Ἐκκλνσίᾳ
589 3044 715 3099 καθ’
741 3044 867 3116 ὅλης
886 3044 982 3114 τῆς
1003 3043 1323 3115 οἰκουμένης
1351 3043 1810 3115 προσφερομένας.
1840 3069 1888 3132 c

248 3136 364 3190 Καὶ
399 3137 459 3189 ἐν
484 3135 626 3209 ἄλλῳ
653 3136 763 3207 γὰρ
794 3136 1007 3205 εἴρηται
1044 3135 1181 3206 πρὸς
1224 3134 1509 3197 Ἰουδαίους
1537 3135 1809 3207 προφήτῃ·

251 3228 377 3280 Οὐκ
401 3225 538 3281 ἔστι
556 3244 676 3296 μου
696 3227 923 3295 θέλημα
946 3226 1017 3279 ἐν
1041 3226 1200 3295 ὑμῖν,
1227 3225 1386 3296 λέγει
1412 3226 1627 3295 Κύριος
1670 3243 1816 3280 παν-

243 3316 568 3387 τοκράτωρ,
606 3317 705 3372 καὶ
735 3319 949 3385 θυσίας
1007 3320 1079 3373 οὐ
1125 3318 1524 3388 προσδέξομαι
1572 3319 1641 3373 ἐκ
1698 3317 1816 3372 τῶν

243 3412 465 3483 χειρῶν
507 3412 691 3483 ὑμῶν.
741 3413 894 3466 Διότι
941 3412 1064 3468 ἀπὸ
1104 3410 1414 3467 ἀνατολῶν
1438 3413 1613 3481 ἡλίου
1637 3412 1814 3482 μέχρι

242 3502 499 3573 δυσμῶν
523 3503 879 3569 δεδόξασται
912 3504 976 3558 τὸ
1010 3503 1195 3573 ὄνομά
1214 3522 1335 3573 μου
1354 3503 1423 3557 ἐν
1438 3502 1562 3569 τοῖς
1592 3503 1811 3559 ἔθνεσι·

240 3596 341 3651 καί
380 3597 454 3650 ἐν
483 3595 664 3649 παντί
682 3596 842 3661 τόπῳ
867 3595 1127 3665 θυμίαμα
1151 3594 1545 3664 προσφέρεται
1568 3594 1647 3661 τῷ
1680 3597 1814 3651 ὀνό-

238 3689 386 3758 ματί
406 3706 549 3758 μου,
572 3687 670 3742 καὶ
695 3687 878 3741 θυσία
907 3686 1153 3755 καθαρά.
1181 3687 1328 3759 Αὐτὴ
1358 3686 1452 3740 νῦν
1480 3685 1694 3757 λέγεται
1714 3690 1818 3744 θυ-

240 3776 890 3847 σίαδικαιοσύνηςἘστι
926 3778 982 3831 δὲ
1010 3780 1102 3833 καὶ
1128 3778 1385 3841 αἰνέσεως
1408 3818 1423 3843 ,
1466 3778 1606 3833 καθὰ
1646 3777 1816 3850 πρόσ-

242 3868 335 3924 θεν
362 3870 545 3938 ἔλεγε’
576 3869 779 3924 Θῦσον
804 3869 883 3936 τῷ
916 3869 1038 3937 Θεῷ
1065 3872 1284 3926 θυσίαν
1305 3871 1611 3939 αίνέσεως.

270 3986 351 4053 (1)
379 3985 489 4039 ΕΙΣ
520 3986 608 4039 ΤΟ
645 3985 1241 4047 ΤΕΔΟΣ,ΣΥΡΕΣΕΩΣ
1273 3986 1360 4038 ΤΩ
1396 3986 1593 4039 ΔΑΥΙΔ
1629 3987 1756 4042 NA'.

254 4079 354 4137 Ἐν
385 4078 465 4143 τῷ
490 4078 691 4151 ἐξλθεῖν
709 4080 884 4151 ξΔωὴκ
907 4078 1020 4151 τὸν
1058 4077 1521 4151 ’1ᾷουμιιῖρηριαὶ
1546 4081 1813 4151 ἀναγγεῖ-

311 4154 415 4204 λαι
452 4149 534 4215 τῷ
578 4149 797 4210 Σαοὺλ,
826 4148 923 4203 καὶ
970 4148 1158 4202 εἰπεῖν
1186 4145 1377 4214 αὐτῷ·
1413 4145 1590 4209 Ἦλθε
1634 4145 1814 4206 Δάυῒδ

309 4223 401 4286 εις
431 4220 540 4274 τὸν
570 4216 740 4272 οἷκον
779 4218 1099 4289 Ἀχιμέλεχ.

323 4314 384 4368 ὐ
424 4313 526 4384 μὲν
559 4312 640 4382 λγ¹
672 4312 882 4384 ψαλμὸς
916 4312 1127 4384 εἴρηται
1166 4313 1245 4384 τῷ
1286 4312 1465 4380 Δαυῖδ,
1500 4315 1679 4369 ὁπότε
1707 4316 1814 4383 ήλ-

1933 1838 2029 1901 ait,
2064 1839 2209 1895 Tunc
2235 1846 2525 1915 acceptabis
2551 1852 2870 1921 sacriﬁcium
2898 1856 2924 1910 ?
2947 1854 3015 1908 At
3054 1872 3161 1911 non
3194 1855 3331 1911 dixit
3357 1859 3489 1913 sint-

1930 1931 2145 2002 pliciter
2171 1938 2537 2008 sacriﬁcium;
2565 1943 2660 1999 sed
2714 1946 2942 2012 addidit,
2967 1947 3214 2017 justitiaz.
3260 1950 3491 2017 Quando

1930 2028 2298 2095 acceptaveris
2332 2027 2488 2097 Sion,
2532 2041 2585 2089 et
2612 2035 2858 2091 aediﬁcati
2913 2037 3113 2093 fuerint
3159 2045 3298 2096 muri
3327 2040 3486 2097 Jeru-

1930 2115 2121 2183 salem,
2156 2119 2264 2175 tale
2293 2121 2392 2176 tibi
2421 2123 2676 2181 oﬂeretur
2707 2130 3058 2190 sacriﬁcium.
3088 2132 3330 2204 Namque
3357 2137 3455 2192 reli
3474 2168 3486 2177 —

1926 2202 2139 2287 giosum
2178 2207 2504 2278 institutum,
2535 2215 2821 2287 imaginem
2855 2235 2986 2276 sane
3023 2202 3221 2278 referat
3244 2202 3491 2283 cali-stis

1926 2285 2022 2351 Dei
2074 2298 2351 2371 civitatis;
2396 2319 2566 2374 quare
2597 2305 2837 2365 Ecclesia
2880 2310 2973 2368 Dei
3029 2314 3217 2370 eodem
3268 2318 3491 2373 nomine

1925 2384 2181 2452 donatur,
2233 2392 2392 2461 cujus
2451 2409 2640 2451 muros
2689 2398 2822 2453 dicit
2874 2416 2996 2456 esse
3040 2406 3259 2474 angelos
3311 2408 3483 2477 ipsam

1924 2475 2416 2547 circumsistentes,
2464 2485 2579 2540 sive
2635 2500 2823 2545 sacros
2876 2492 2999 2549 illos
3057 2475 3489 2567 propugnatores

1922 2569 2060 2638 ejus.
2102 2572 2460 2644 Symmachus
2493 2588 2669 2632 autem
2709 2581 2864 2648 dixit,
2892 2584 3142 2652 accipies,
3164 2587 3284 2642 loco
3313 2590 3480 2654 illius,

1922 2664 2236 2732 acceptabis.
2271 2667 2608 2724 Oblationem
2639 2686 2767 2726 vero
2796 2682 2849 2728 et
2894 2674 3231 2738 holocausta.
3253 2680 3482 2747 jus-tilia:

1922 2751 2131 2807 scilicet
2201 2756 2476 2826 suppleas,
2536 2768 2697 2830 atque
2754 2762 2975 2833 insuper
3022 2766 3238 2823 vitulos.
3286 2768 3483 2826 O'mnia

1920 2844 2119 2914 quippe
2143 2860 2264 2916 qua:
2301 2850 2708 2920 persolvuntur,
2717 2853 2950 2923 justitia:
2978 2864 3125 2923 sunt,
3147 2874 3245 2929 pro
3270 2861 3481 2919 ratione

1918 2933 2331 2993 incruentorum
2364 2946 2417 2995 et
2431 2942 2798 3012 spiritualium
2824 2946 3243 3010 sacriﬁciorum.
3273 2966 3393 3022 qua:
3424 2953 3483 3009 in

1919 3026 2160 3083 Ecclesia
2187 3028 2283 3085 Dei
2312 3046 2410 3102 per
2456 3035 2769 3090 universum
2815 3037 3001 3092 orbem
3049 3039 3365 3097 offeruntur.
3418 3042 3478 3099 ln

1920 3119 2028 3175 alio
2064 3136 2280 3193 quoque
2310 3125 2570 3194 propheta
2601 3128 2668 3181 ad
2700 3125 2915 3186 Iudaeos
2947 3130 3153 3187 dictum
3187 3141 3270 3190 est
3298 3154 3311 3190 :
3355 3134 3481 3192 Non
3590 3134 3614 3156 ⁸

1914 3220 1993 3265 est
2021 3212 2263 3269 voluntas
2286 3231 2401 3270 mea
2426 3216 2481 3269 in
2507 3217 2669 3286 vobis,
2691 3219 2819 3274 dicit
2847 3221 3107 3277 Dominus
3131 3206 3474 3295 omnipoletts,

1913 3314 1964 3360 et
2003 3305 2205 3363 hostias
2235 3325 2337 3363 non
2381 3312 2638 3381 accipiam
2688 3312 2752 3368 de
2795 3331 2953 3370 manu
2995 3327 3185 3374 vestra.
3231 3318 3309 3372 Ab
3357 3330 3476 3373 ortu

1913 3397 2051 3450 enint
2089 3398 2216 3454 solis
2247 3416 2407 3471 usque
2438 3405 2509 3454 ad
2535 3419 2779 3456 occasum
2810 3405 3160 3475 gloriﬁcatum
3184 3416 3261 3463 est
3293 3426 3479 3466 nomen

1914 3507 2085 3546 meum
2108 3492 2162 3546 in
2195 3493 2432 3564 gentibus
2454 3510 2473 3548 :
2504 3504 2555 3549 et
2591 3496 2645 3550 in
2678 3498 2820 3551 omni
2858 3499 2969 3552 loco
3003 3500 3291 3570 thymiama
3318 3504 3477 3573 o/fer-

1914 3593 2002 3636 tttr
2029 3585 2227 3638 nomint
2264 3602 2396 3651 meo,
2428 3595 2478 3641 et
2526 3591 2848 3658 sacriﬁcium
2898 3591 3150 3666 mundum
3172 3594 3236 3647 ".
3291 3593 3475 3666 Ipsum

1914 3691 2060 3730 nunc
2088 3675 2287 3731 dicitur
2316 3679 2641 3749 sacri/icium
2660 3681 2892 3752 justitiw
2916 3698 2934 3736 :
2964 3694 3048 3740 est
3081 3687 3245 3740 etiam
3274 3688 3473 3753 laudis,

1913 3777 1972 3821 ut
2001 3782 2163 3839 supra
2196 3769 2411 3826 dicebat
2438 3790 2450 3825 :
2479 3770 2707 3827 lmmola
2734 3772 2845 3829 Deo
2874 3777 3191 3846 sacriﬁcium
3226 3778 3475 3837 laudis".

2050 3989 2100 4043 Ι.
2143 3986 2207 4043 IN
2250 3987 2490 4057 FINEM,
2526 3990 3008 4051 INTELLECTUS
3037 3994 3247 4051 DAVID
3270 3997 3356 4052 LI.

1909 4080 1965 4135 2.
2016 4081 2149 4136 Cum
2179 4083 2316 4137 venit
2339 4082 2483 4139 Doec
2517 4082 2810 4148 Idume-us,
2833 4096 2882 4141 et
2915 4088 3174 4142 nuntiavit
3203 4088 3357 4145 Sauli
3405 4109 3480 4147 ac

1979 4149 2115 4206 dixit
2143 4154 2224 4208 ei:
2265 4152 2416 4208 Venit
2438 4154 2609 4210 David
2640 4157 2694 4211 in
2718 4156 2931 4211 domum
2973 4159 3316 4214 Achimelech.

1979 4307 2231 4366 Psalmus
2270 4310 2582 4382 trigesimus
2630 4312 2825 4367 tertius
2849 4326 2880 4366 a
2924 4310 3123 4370 Davide
3151 4329 3477 4384 pronuntia:

236 4408 461 4465 Jolwe
500 4405 569 4459 τὸ
605 4407 926 4474 πρόσωπον
956 4406 1141 4460 αὑτοῦ
1177 4406 1452 4461 ἐναντίον
1494 4406 1805 4477 Ἀϐιμέλεχ,

1922 4405 1999 4453 lus
2022 4407 2127 4465 est,
2158 4400 2369 4469 quando
2409 4401 2703 4454 immutavit
2725 4401 2923 4454 vultum
2956 4418 3108 4456 suum
3149 4420 3325 4457 coram
3345 4406 3473 4461 Abi-

241 4500 340 4554 ιαί
398 4498 715 4555 ἀπέλυσεν
772 4499 989 4563 αὐτὸν,
1033 4500 1131 4555 καὶ
1189 4500 1480 4570 ἀπῆλθεν.
1516 4496 1683 4565 Οὗτος
1746 4501 1801 4555 δὲ

242 4592 433 4662 ἰκτίνῳ
469 4589 756 4653 ἀκόλουθος
796 4588 861 4643 ἂν
896 4589 982 4662 εἴη
1016 4591 1154 4645 κατὰ
1198 4593 1296 4663 τὴν
1341 4594 1594 4665 ἱστορίαν.
1640 4594 1801 4662 Λέγει

237 4685 347 4754 γὰρ
371 4685 404 4754 η
430 4684 618 4756 Γραφὴ
659 4683 766 4735 τῶν
807 4683 1116 4748 Βασιλειῶν,
1159 4685 1265 4738 Καὶ
1312 4685 1439 4738 ἐκεῖ
1467 4682 1544 4755 ἦν
1582 4685 1651 4740 ἒν
1687 4686 1804 4740 τῶν

238 4772 565 4840 παιδαρίων
593 4776 696 4825 τοῦ
727 4773 942 4837 Σαοὺλ,
975 4774 1045 4826 ἐν
1074 4772 1147 4841 τῇ
1178 4773 1364 4843 ἡμέρᾳ
1392 4774 1611 4844 ἐκείνῃ.
1651 4776 1801 4831 Ἐπι-

239 4862 559 4931 σημαίνεται
594 4863 652 4915 δὲ
694 4864 784 4915 τὸν
821 4863 1008 4934 καιρὸν
1058 4866 1115 4918 ὲν
1145 4858 1188 4931 ᾧ
1229 4859 1357 4935 ἦλθε
1402 4864 1561 4917 Δαυῒδ
1597 4867 1675 4929 είς
1711 4865 1801 4918 τὸν

234 4950 384 5008 οἷκον
407 4953 501 5006 τοῦ
543 4954 846 5025 Ἀϐιμέλεχ,
880 4956 971 5009 καὶ
998 4957 1121 5018 τοὺς
1146 4954 1341 5027 ἄρτους
1366 4955 1466 5027 τῆς
1496 4956 1800 5028 προθέσεως

234 5046 407 5115 ἔφαγε
439 5044 618 5098 λαϐὼν
662 5046 812 5117 παρὰ
858 5045 949 5100 τοῦ
992 5047 1305 5120 ἀρχιερέως.
1356 5050 1487 5102 Κατ’
1525 5048 1655 5103 αὐτὸ
1694 5049 1801 5120 γὰρ

234 5143 413 5194 ἐκεῖνο
449 5140 545 5195 τοῦ
587 5140 773 5213 καιροῦ
813 5140 1022 5211 φθάσας
1065 5141 1222 5212 Δωὴκ
1256 5144 1284 5195 6
1323 5141 1509 5213 Σύρος,
1550 5143 1579 5194 6
1623 5143 1800 5214 νέμων

231 5232 335 5296 τὰς
367 5233 624 5303 ἡμιόνους
665 5233 855 5297 Σαοὺλ,
897 5234 991 5286 καὶ
1034 5232 1199 5286 ἐλθὼν
1233 5232 1365 5303 πρὸς
1412 5234 1581 5288 Σαοὺλ
1616 5228 1795 5287 εἶπεν⁸

244 5325 506 5395 Ἑώρακα
533 5327 639 5381 τὸν
668 5328 800 5381 olor
832 5328 1045 5382 Ἰεσσαὶ
1080 5328 1554 5398 παραγενόμενον
1581 5330 1667 5394 είς
1692 5332 1802 5383 Νο-

230 5417 348 5473 σὰν
383 5418 535 5486 πρὸς
580 5419 868 5489 Ἀϐιμέλεχ
900 5419 1006 5473 τὸν
1033 5419 1163 5473 υίὸν
1206 5417 1438 5487 Ἀχιτὼϐ
1478 5418 1585 5472 τὸν
1621 5423 1795 5489 ίερέα,

229 5510 334 5565 καί
376 5510 611 5577 πάντας
650 5510 790 5577 τοὺς
824 5511 992 5578 υἱοὺς
1045 5510 1149 5565 τοῦ
1184 5509 1405 5576 πατρὸς
1445 5510 1655 5566 αὐτοῦ’
1702 5516 1798 5569 καὶ

1909 4488 2125 4554 melcch,
2156 4498 2204 4543 et
2228 4490 2430 4544 dimisit
2465 4507 2601 4557 eum,
2631 4501 2680 4543 et
2711 4491 2841 4543 abiit
2860 4490 2928 4545 ⁸⁸.

1908 4584 2038 4640 dum
2070 4582 2356 4636 historiam
2406 4582 2558 4636 illum
2601 4581 2973 4651 subsequitur.
3007 4582 3098 4637 Ait
3140 4585 3285 4639 enim
3330 4588 3469 4642 scri-

1908 4683 2067 4747 ptura
2105 4672 2453 4745 Regnorum:
2487 4673 2558 4728 Et
2607 4674 2682 4728 ibi
2717 4684 2828 4728 erat
2863 4691 2998 4730 unus
3038 4692 3103 4730 ex
3131 4680 3305 4747 pueris
3333 4680 3469 4737 Saul

1908 4768 1963 4821 in
2023 4765 2108 4820 die
2166 4766 2347 4821 illa”.
2412 4764 2800 4838 Signiﬁcatque
2859 4781 2968 4837 quo
3032 4775 3274 4839 tempore
3318 4774 3467 4827 venit

1908 4859 2079 4914 David
2107 4860 2162 4914 in
2193 4860 2411 4914 domum
2436 4858 2772 4922 Abimelecb,
2804 4865 2856 4913 et
2878 4869 3132 4932 acceptos
3155 4874 3185 4916 ιι
3218 4864 3468 4937 principe

1907 4952 2249 5010 sacerdotum
2290 4966 2458 5023 panes
2493 4950 2882 5022 propositionis
2908 4954 3160 5009 comedit.
3207 4954 3285 5011 Eo
3318 4959 3464 5013 enim

1908 5046 2032 5119 ipso
2059 5053 2307 5116 tempore
2345 5043 2622 5115 profectus
2654 5041 2797 5098 Doec
2840 5042 3033 5117 Syrus,
3066 5049 3157 5117 qui
3204 5050 3465 5119 pascebat

1906 5140 2084 5195 mulas
2110 5136 2306 5205 Saulis,
2332 5136 2507 5206 ipsum
2539 5133 2756 5191 Saulem
2786 5137 2920 5191 adiit
2944 5153 3007 5193 ac
3032 5139 3168 5195 dixit
3197 5142 3246 5196 ei
3274 5160 3287 5196 :
3343 5141 3462 5196 Vidi
3566 5164 3573 5171 -

1908 5233 2077 5303 ﬁlium
2128 5229 2293 5285 Jessw
2343 5226 2696 5282 advenientem
2765 5226 2976 5284 Nobam
3036 5233 3107 5286 ad
3142 5233 3458 5297 Abimeleclt,

1908 5323 2076 5394 ﬁlium
2116 5318 2334 5373 Achitob
2373 5315 2718 5382 sacerdotem,
2780 5327 2829 5373 et
2884 5337 3061 5377 omnes
3107 5324 3245 5393 ﬁlios
3284 5325 3463 5391 patris

1906 5400 2039 5485 ejus:
2072 5413 2158 5483 qui
2187 5410 2451 5466 consuluit
2480 5425 2576 5479 pro
2602 5427 2661 5465 eo
2692 5409 2997 5480 Dominum,
3020 5424 3067 5469 et
3090 5416 3289 5469 cibaria
3312 5413 3454 5468 dedit

1906 5512 1973 5567 ei.
2012 5506 2079 5561 Et
2108 5506 2250 5560 misit
2282 5519 2373 5559 rex
2410 5511 2649 5557 vocatum
2691 5502 2988 5559 Abimelech
3029 5506 3369 5571 sacerdotem,
3404 5515 3455 5560 et

304 5649 352 5681 ⁸⁸
391 5646 624 5702 Halach.
658 5663 708 5712 ι,
742 5647 828 5713 l0,
852 5647 937 5702 ll.
1011 5648 1055 5679 "
1094 5645 1240 5703 Psal.
1276 5662 1436 5715 χιιι,
1474 5647 1559 5702 id.
1644 5648 1689 5680 "
1717 5648 1737 5703 l
1769 5649 1819 5703 Ri

1933 5663 2049 5713 nt,
2083 5645 2231 5700 7-15.
2307 5642 2352 5674 ⁸⁹
2392 5640 2525 5697 ibid.
2560 5640 2609 5697 7.

307 5766 384 5831 ll)
418 5763 519 5821 llic
553 5763 745 5833 incipit
787 5763 954 5821 codex
984 5763 1407 5822 Eminentissimi
1439 5765 1587 5821 card.
1625 5762 1692 5821 de
1725 5763 1956 5821 Coislin.
1984 5761 2049 5818 de
2082 5775 2189 5833 quo
2221 5738 2466 5832 pluribus
2501 5759 2556 5817 in
2584 5759 2917 5832 praefatione.

2991 4490 3089 4546 Hic
3117 4508 3245 4547 vero
3276 4510 3469 4553 sccun-
3580 4506 3589 4517 ‘
