4024 6202
545 257 664 314 413

1242 254 1511 315 ευεεειι
1544 253 2021 314 CESARIENSlS
2051 255 2202 314 OPP.
2241 254 2423 312 PARS
2458 252 2548 312 Ill.
2594 285 2668 296 -—
2700 252 3109 313 EXEGETICA.

3666 256 3778 313 ω

548 387 728 427 omnes
751 373 891 442 ﬁlios
911 372 1081 442 patris
1104 370 1220 442 ejus
1251 372 1546 428 sacerdotes
1578 373 1633 427 in
1665 371 1842 439 Naba,
1867 373 1958 444 qui
1984 372 2104 427 uni-

2208 371 2393 442 ἠρώτα
2426 371 2585 439 αὐτῷ
2616 370 2713 425 διὰ
2748 371 2855 427 τοῦ
2886 371 3053 435 Θεοῦ,
3081 369 3180 425 καὶ
3221 367 3603 439 ἐπισιτισμὸν
3627 368 3777 425 560-

545 463 685 520 versi
717 473 959 547 uenerunt
987 462 1056 517 ad
1072 480 1240 535 regem
1263 466 1331 522 ⁸ο.
1366 463 1646 534 Tuncque,
1675 464 1896 534 jubente
1920 461 2100 529 Saule,

549 554 669 625 ipse
710 552 859 611 Doec
903 555 1108 611 occidit
1146 554 1462 611 sacerdotes
1500 554 1716 610 Domini
1762 563 2013 608 trecentos
2055 561 2106 608 et

496 718 499 719 ν
551 649 776 716 quinque
805 647 943 702 viros
983 647 1206 716 ferentes
1247 644 1433 714 ephod,
1488 654 1540 699 et
1591 644 1800 699 Nobam
1846 645 2105 699 ciuitatem

494 738 504 803 ς
549 736 883 794 sacerdotum
928 740 1192 809 percussit
1233 739 1288 792 in
1316 754 1406 792 ore
1435 736 1602 808 gladii
1629 755 1661 791 a
1691 737 1801 792 uiro
1830 753 1992 807 usque
2036 735 2105 789 ad

550 830 845 895 mulierem,
875 848 908 885 a
941 847 1102 901 puero
1144 847 1311 901 usque
1349 812 1427 884 ad.
1458 830 1762 893 laetantem,
1806 836 1855 882 et
1886 828 2105 881 uitulum

549 929 601 975 et
625 921 834 975 asinum
859 930 908 976 et
934 923 1168 978 ovem“.
1215 921 1341 977 Haec
1381 937 1505 976 cum
1540 921 1779 976 audisset
1811 919 1978 974 David
2011 918 2103 972 tali

549 1014 715 1068 modo
733 1022 882 1084 gesta
910 1030 1051 1077 esse,
1084 1014 1186 1069 hos
1219 1013 1428 1084 profert
1472 1029 1771 1079 sermones,
1800 1013 1891 1082 qui
1929 1026 2105 1082 neque

549 1106 846 1167 canticum,
894 1121 1073 1175 neque
1113 1102 1368 1176 hy'mnus,
1417 1120 1591 1176 neque
1638 1105 1769 1176 quid
1802 1104 1980 1161 simile
2021 1103 2107 1158 in—

550 1198 886 1253 scribuntur.
950 1198 1052 1264 Qui
1095 1198 1238 1253 enim
1293 1198 1490 1268 potuit,
1544 1198 1598 1252 in
1646 1205 1725 1251 tot
1763 1196 2106 1251 sacerdotum

551 1290 885 1355 calamitate,
927 1291 1143 1345 cantica
1190 1296 1285 1344 aut
1330 1291 1581 1361 psalmos.
1615 1305 1714 1360 pro
1756 1289 1825 1344 iis
1866 1288 2110 1343 canere?

550 1379 732 1445 Quare
751 1381 932 1436 nullus
955 1380 1265 1450 hujusmodi
1300 1382 1491 1436 titulus
1514 1380 1829 1450 praemissus
1858 1386 1975 1444 est,
2014 1377 2108 1433 sed

551 1470 728 1525 solum
761 1471 814 1523 in
840 1471 996 1539 ﬁnem
1020 1472 1239 1536 dicitur,
1264 1479 1317 1527 et
1338 1472 1655 1533 intellectus,
1685 1472 1813 1541 quia
1849 1485 1970 1540 qua:
2000 1470 2108 1525 sub

552 1561 715 1617 ﬁnem
744 1562 1013 1618 habentur
1056 1564 1196 1619 bona
1240 1565 1576 1625 renuntiant,
1605 1564 1692 1617 ubi
1732 1562 1959 1620 dicitur:
1996 1559 2107 1632 Ego

553 1665 728 1709 autem
758 1656 894 1710 sicut
949 1656 1085 1712 oliva
1127 1656 1426 1726 fructifera,
1458 1664 1512 1710 et
1563 1663 1777 1710 caetera.
1824 1653 2107 1709 lntellectu

2202 483 2309 520 κεν
2334 465 2621 533 αὺτῷ.Καὶ
2649 465 3001 520 ἀπέστειλεν
3022 467 3055 518 ό
3075 460 3369 528 ,βασιλεὺς
3392 459 3643 516 καλέσαι
3668 460 3782 517 τὸν

2217 555 2509 625 Ἀϐιμέλεχ
2536 554 2642 609 τὸν
2679 554 2853 621 ἱερέα,
2900 553 2999 607 καὶ
3044 552 3272 618 πάντας
3301 550 3441 618 τοὺς
3468 552 3637 617 υίοὺς
3670 551 3781 606 τοῦ

2204 644 2426 712 πατρὸς
2474 644 2659 698 αὐτοῦ
2716 643 2855 709 τοὺς
2900 641 3076 710 ἱερεῖς
3125 642 3231 696 τοῦ
3274 642 3490 710 Κυρίου
3528 640 3673 706 τοὺς,
3705 641 3783 695 ἐν

2203 737 2430 800 Νοόὰν,
2459 735 2554 788 καὶ
2596 734 2989 805 παρεγένοντο
3021 732 3239 799 πάντες
3284 732 3431 810 πρὸς
3463 732 3570 785 τὸν
3591 732 3780 795 ,βασι-

2203 826 2333 883 λέα·
2369 827 2497 881 Ὅτε
2516 824 2868 889 κελεύσαντος
2911 822 3002 878 τοῦ
3042 823 3244 891 Σαοὺλ,
3292 822 3454 888 αὐτὸς
3498 824 3699 888 ἐκεῖνος
3748 825 3782 878 ὁ

2205 920 2360 992 Δωὴκ
2381 960 2397 985 ,
2438 918 2740 973 ἐθανάτωσε
2787 919 2914 983 τοὺς
2961 919 3124 990 ἱερεῖς
3160 916 3252 972 τοῦ
3287 916 3492 988 Κυρίου
3521 923 3569 970 τ’
3604 917 3701 971 καὶ
3732 934 3768 970 ε

2205 1010 2427 1080 ἄνδρας
2472 1010 2765 1081 φέροντας
2811 1009 3017 1079 ἐφοὺδ,
3068 1010 3167 1064 καὶ
3206 1008 3321 1078 τὴν
3350 1008 3549 1064 Νοϐὰν
3597 1010 3783 1063 πόλιν

2205 1102 2325 1157 τῶν
2366 1102 2566 1172 ἱερέων
2591 1101 2885 1167 ἐπάταξεν
2925 1102 2995 1156 ἐν
3041 1103 3289 1171 στόματι
3320 1101 3619 1171 ῥομφαίας
3653 1102 3778 1156 ἀπὸ

2205 1192 2435 1261 ἀνδρὸς
2460 1193 2571 1260 ἕως
2609 1193 2909 1265 γυναικός,
2938 1194 3055 1249 ἀπὸ
3090 1194 3309 1261 νηπίου
3340 1193 3453 1259 ἕως
3489 1191 3779 1261 (in-ldibr-

2207 1302 2328 1353 τος,
2353 1285 2451 1339 καὶ
2473 1287 2706 1356 μόσχου
2733 1287 2830 1340 καὶ
2856 1285 3000 1340 ὄνου
3024 1286 3120 1339 καὶ
3144 1283 3462 1353 προϐάτου.
3491 1284 3654 1337 Ταῦτ’
3679 1280 3783 1338 οὖν

2211 1376 2405 1448 μαθὼν
2432 1377 2593 1431 Δαυῒδ
2632 1377 2817 1432 τοῦτον
2863 1378 3228 1449 πεπραγμένα
3279 1377 3370 1429 τὸν
3405 1377 3623 1447 τρόπον,
3647 1377 3778 1441 τοὺς

2208 1470 2599 1541 προκειμένους
2643 1469 3004 1540 προσφέρεται
3052 1469 3259 1539 λόγους,
3284 1466 3405 1521 οὕτε
3445 1467 3587 1540 ᾠδὴν
3620 1485 3778 1541 περιε-

2209 1557 2449 1629 ἐχοντας,
2482 1558 2605 1613 οὔτε
2639 1558 2823 1631 ὕμνον,
2866 1558 2989 1612 οὔτε
3030 1557 3156 1612 ἄλλο
3197 1557 3452 1612 τοιοῦτον.
3500 1558 3626 1623 Πῶς
3666 1559 3777 1629 γὰρ

2208 1653 2303 1707 καὶ
2341 1648 2450 1705 οἷόν
2487 1669 2546 1705 τε
2577 1648 2644 1724 ἦν
2676 1652 2773 1706 ἐπὶ
2807 1653 3061 1723 συμφορᾷ
3094 1650 3360 1705 τοσούτων
3392 1650 3602 1723 ἱερέων,
3633 1651 3777 1723 ᾠδάς

553 1752 734 1801 autem
767 1762 831 1802 ex
860 1746 971 1801 Deo
1000 1757 1119 1819 eget
1142 1746 1489 1817 praesentium
1531 1759 1843 1802 sermonum
1888 1752 2104 1801 senten-

2208 1744 2384 1799 αύτῶν
2424 1746 2517 1799 καὶ
2551 1744 2797 1816 ψαλμοὺς
2836 1745 3013 1816 ᾀδεινς
3057 1743 3137 1797 διὸ
3185 1742 3343 1798 οὐδὲν,
3374 1742 3612 1797 τοιοῦτον
3659 1745 3776 1796 ἐπι-

552 1836 647 1889 tia.
701 1834 835 1890 Cum
867 1838 1049 1906 itaque
1072 1835 1211 1906 apud
1246 1835 1560 1891 Abimelecb
1590 1835 1979 1891 sacerdotalem
2008 1850 2107 1906 gu-

554 1927 719 1981 stavit
761 1927 963 1991 cibum,
1019 1934 1228 1982 mutato
1254 1934 1417 1990 gustu
1468 1942 1591 1989 suo,
1628 1928 1743 1983 sive
1789 1943 1939 1982 more
1983 1942 2107 1993 suo,

553 2018 850 2073 secundum
902 2019 1239 2088 reliquorum
1306 2018 1831 2089 tnterpretationem,
1891 2020 2114 2075 benedi-

555 2110 763 2164 rtiones
792 2116 846 2164 et
877 2111 1173 2179 gratiarum
1221 2111 1463 2165 actiones
1509 2108 1622 2164 Deo
1666 2110 1849 2165 emisit
1885 2110 2109 2166 dicens:

555 2198 871 2253 Benedicam
896 2200 1181 2255 Dominum
1225 2202 1278 2255 in
1312 2202 1454 2256 omni
1481 2211 1726 2271 tempore,
1762 2218 1967 2271 semper
1994 2203 2111 2257 laus

563 2289 679 2360 ejus
707 2291 763 2344 in
791 2307 880 2345 ore
924 2308 1060 2359 meo,
1084 2301 1138 2348 et
1161 2303 1355 2348 extera
1380 2294 1446 2349 ⁸³.
1477 2292 1631 2349 Nune
1663 2303 1864 2357 autem,
1894 2294 2112 2363 cognito

555 2381 968 2439 calumniatoris
1013 2384 1154 2439 Doee
1202 2383 1463 2449 facinore,
1512 2401 1620 2456 quo
1667 2394 1826 2456 pacto
1881 2385 2109 2452 scilicet,

553 2470 829 2530 diabolico
871 2490 1004 2530 usus
1038 2476 1261 2541 scelere,
1302 2483 1380 2531 tot
1422 2477 1735 2532 sacerdotes
1779 2476 2109 2545 occidisset;

551 2573 846 2634 praesentes
889 2583 1171 2623 sermones
1199 2569 1267 2625 ad
1302 2568 1477 2639 ipsum
1506 2567 1690 2640 dirigit
1717 2569 1944 2626 dicens:

2203 1838 2545 1910 γέγραπται·
2571 1838 2730 1909 μόνον
2759 1838 2815 1891 δὲ
2848 1840 2935 1905 είς
2957 1836 3025 1891 τὸ
3052 1838 3225 1902 τέλος
3249 1836 3462 1908 εἴρηται
3503 1837 3598 1889 καὶ
3622 1851 3773 1890 συν·-

2205 1931 2415 1998 ἐσεως·
2445 1931 2632 2003 ἐπειδὴ
2659 1930 2727 1985 τὰ
2749 1930 3028 1985 τελευταῖα
3052 1928 3159 1982 τῶν
3181 1928 3354 1997 λόγων
3387 1928 3605 1997 ἀγαθῶν
3629 1930 3778 1981 ἐστιν

2210 2023 2583 2092 ἀπαγγελτικά
2635 2026 2693 2077 ἐν
2739 2019 2830 2088 οἷς·
2878 2041 3074 2095 φησιν·
3121 2021 3262 2093 Ἐγὼ
3307 2020 3376 2074 δὲ
3418 2022 3559 2076 ὡσεὶ
3605 2022 3779 2080 ἐλαία

2215 2114 2612 2184 κατάκαρπος,
2644 2117 2737 2170 καλ⁸
2760 2116 2827 2170 τὰ
2860 2116 3006 2187 ἑξῆς.
3040 2114 3151 2169 Kal.
3196 2113 3460 2177 συνέσεως
3490 2112 3548 2166 δὲ
3581 2115 3685 2184 τῆς
3714 2115 3779 2168 ἐκ

2215 2203 2350 2257 Θεοῦ
2379 2204 2547 2259 δεῖται
2582 2206 2614 2276 ἠ
2648 2206 2754 2260 τῶν
2784 2204 3167 2277 ἐμφερομένων
3192 2202 3361 2272 λόγων
3387 2202 3608 2257 διάνοια.
3651 2203 3779 2256 Ὅτε

2219 2298 2316 2369 μὲν
2346 2290 2438 2351 οὖν
2467 2298 2616 2369 παρὰ
2657 2298 2733 2369 τῷ
2766 2297 3047 2368 Ἀὂιμέλεχ
3093 2298 3398 2368 γενόμενος,
3442 2295 3541 2367 τῆς
3579 2297 3781 2365 [apart-.-

2212 2386 2315 2457 κῆς
2342 2387 2679 2455 ἀπεγεύσατο
2710 2388 2931 2458 τροφῆς,
2965 2386 3260 2450 ἀλλοιώσας
3281 2386 3380 2458 τὴν
3403 2384 3587 2455 γεῦσιν
3612 2382 3779 2437 αὐτοῦ

2211 2479 2244 2550 ἦ
2279 2479 2369 2532 τὸν
2396 2464 2591 2552 τρόπον
2623 2478 2784 2533 αὐτοῦ
2807 2479 2946 2533 κατά
2976 2477 3073 2551 τὴν
3100 2478 3206 2531 τῶν
3231 2477 3429 2531 λοιπῶν
3462 2476 3777 2549 ἑρμηνείαν·

2210 2570 2457 2640 εὐλογίας
2484 2572 2575 2625 καὶ
2598 2571 2948 2644 εὐχαριστίας
2979 2570 3287 2641 ἀνέπεμπεν
3318 2567 3396 2639 τῷ
3424 2568 3541 2638 Θεῷ
3571 2568 3743 2636 λέγων
3760 2583 3777 2599 ο

548 2658 879 2731 Εὐλογήσω
894 2659 999 2712 τὸν
1026 2660 1244 2727 Κύριον
1265 2660 1336 2713 ἐν
1358 2660 1533 2713 παντὶ
1549 2660 1750 2730 καιρῷ,
1775 2661 2097 2730 διαπαντὸς
2117 2665 2154 2734 ἡ
2173 2666 2406 2732 alr-eat;-
2424 2663 2608 2720 αὐτοῦ
2634 2662 2794 2730 ἐντῷ
2820 2662 3067 2732 στόματί
3089 2680 3227 2732 μου,
3260 2661 3354 2715 καὶ
3381 2660 3448 2714 τὰ
3466 2659 3609 2732 ἑξῆς.
3645 2660 3781 2716 Νυνὶ

547 2751 626 2817 δὲ,
664 2753 751 2806 ὅτε
783 2749 875 2806 τοῦ
912 2750 1157 2805 διαϐόλου
1198 2751 1355 2823 Δωὴκ
1385 2753 1482 2825 τὴν
1529 2753 1724 2825 πρᾶξιν
1767 2753 1938 2823 ἐγνω,
1978 2758 2071 2811 καὶ
2112 2758 2186 2822 ὡς
2222 2757 2504 2823 τοσούτους
2547 2756 2753 2813 ἀνεῖλεν
2800 2758 2999 2828 ἱερεῖς,
3024 2755 3168 2828 ἔργῳ
3199 2754 3477 2825 διαδολικῷ
3506 2754 3783 2825 χρησάμε-

549 2858 673 2907 νος,
719 2842 794 2906 ὡς
843 2841 979 2914 πρὸς
1031 2841 1188 2895 αὐτὸν
1236 2842 1515 2897 συντάττει
1555 2845 1685 2907 τοὺς
1729 2848 2117 2918 προκειμένους
2151 2849 2340 2921 λόγους
2363 2851 2613 2921 φάσκων·

621 2950 789 3010 Vens.
830 2954 887 3009 5.
923 2952 1062 3020 Quid
1084 2953 1330 3024 gloriaris
1356 2955 1411 3010 in
1434 2955 1663 3022 malitia,
1689 2958 1779 3029 qui
1804 2967 1985 3029 potens
2010 2963 2105 3017 es?

2286 2965 2346 3018 Τί
2408 2960 2675 3033 ἐγκαυχᾷ
2726 2962 2796 3016 ἐν
2850 2961 3045 3030 κακίᾳ,
3104 2964 3137 3016 ό
3189 2961 3476 3028 δυνατός-ς
3528 2960 3783 3031 ἀνομίαν

551 3045 882 3116 iniquitatem
933 3053 1043 3098 tota
1091 3044 1176 3100 die
1209 3056 1257 3100 et
1288 3045 1600 3114 injustitiam
1619 3049 1870 3118 cogitavit
1922 3050 2102 3121 lingua

2208 3054 2360 3123 ὅλην
2406 3053 2521 3123 τὴν
2563 3052 2826 3123 ἡμέραν.
2900 3051 2998 3105 καὶ
3059 3050 3298 3105 ἀδικίαν
3367 3051 3686 3122 ἐλογίσατο
3732 3053 3768 3119 ἡ

552 3148 682 3192 tua:
708 3135 774 3190 Et
820 3136 934 3191 haec
967 3136 1184 3207 quidem
1223 3138 1394 3192 multo
1424 3147 1548 3195 ante
1574 3141 1718 3196 dicta
1758 3149 1906 3205 sunt,
1941 3158 2104 3214 quam

551 3226 781 3282 historia
826 3226 1265 3298 quinquagesimi
1314 3229 1505 3298 psalmi
1556 3231 1913 3303 contingeret.
1968 3232 2103 3288 Nam

551 3321 731 3377 adhuc
785 3321 1077 3392 superstite
1121 3319 1283 3376 Saule
1326 3333 1379 3377 et
1429 3324 1582 3393 prius
1611 3339 1773 3394 quam
1819 3324 1989 3380 David
2022 3343 2106 3383 re-

426 3400 434 3407 ’
548 3417 759 3483 gnaret,
796 3418 850 3466 et
876 3426 963 3466 res
991 3418 1162 3481 gesta,
1195 3418 1247 3466 et
1273 3411 1517 3481 psalmus
1550 3412 1729 3469 dictus
1759 3422 1863 3470 est.
1892 3413 1970 3469 Ac
1992 3415 2107 3471 diu-

551 3504 730 3559 turnis
777 3514 964 3576 postea
1020 3502 1382 3573 temporibus,
1442 3511 1567 3574 post
1622 3503 1801 3562 Saulis
1871 3505 2101 3575 obitum,

547 3595 950 3667 postremisque
998 3595 1150 3666 regni
1201 3595 1289 3650 sui
1341 3597 1522 3660 annis,
1588 3596 1992 3653 confessionem
2048 3597 2104 3652 in

548 3686 1003 3757 quinquagesimo
1051 3685 1264 3755 psalmo
1296 3700 1611 3757 expressam
1661 3686 1829 3743 David
1856 3689 2103 3760 protulit,

550 3791 713 3848 quam
764 3786 943 3831 tamen
988 3777 1117 3830 huic
1165 3776 1375 3845 psalmo
1409 3778 1688 3848 praemisit,
1720 3789 1940 3852 propter
1986 3780 2106 3851 ejus

549 3882 675 3922 cum
706 3864 1125 3937 quadragesimo
1169 3881 1316 3920 nono
1367 3869 1579 3937 psalmo
1635 3870 1977 3937 afﬁnitatem,
2026 3871 2106 3926 uti

546 3958 661 4029 jam
709 3964 1197 4013 commonstratum
1247 3965 1351 4013 est.
1416 3958 1617 4014 Psalmi
1674 3976 1803 4016 vero
1861 3976 1891 4015 a
1921 3976 1973 4016 LI
2038 3960 2106 4015 ad

551 4064 680 4113 nx,
716 4048 911 4120 viginti
960 4065 1210 4115 numero,
1278 4050 1499 4106 Davidis
1566 4053 1851 4125 inscripti,‘
1892 4055 1960 4108 ab
2000 4055 2107 4109 alio

553 4140 824 4212 principio
868 4149 1245 4212 argumentum
1278 4144 1510 4197 mutuati
1551 4152 1714 4209 sunt,
1750 4145 2106 4219 videnturque

550 4232 770 4288 vivente
796 4231 975 4288 adhuc
1009 4230 1174 4287 Saule
1206 4234 1544 4304 pronuntiati
1591 4234 1781 4303 fuisse,
1816 4246 2102 4309 antequam

549 4324 721 4381 David
759 4335 1029 4397 regnaret.
1113 4324 1247 4379 Nam
1298 4327 1366 4389 is,
1412 4342 1570 4397 quem
1618 4328 1731 4397 jam
1785 4337 2102 4395 tractamus,

2211 3144 2458 3216 γλῶσσά
2499 3158 2634 3198 σου.
2682 3144 2793 3198 Καὶ
2830 3142 3073 3196 λέλεκται
3125 3144 3222 3214 μὲν
3272 3141 3343 3196 τὰ
3410 3142 3545 3213 μετά
3593 3144 3777 3213 χεῖρας

2212 3234 2346 3290 πολὺ
2388 3235 2650 3306 πρότερον
2708 3238 2820 3298 τοῖς
2868 3235 3077 3307 χρόνοις
3137 3234 3237 3305 τῆς
3298 3233 3536 3305 ἱστορίας
3582 3232 3681 3286 τοῦ
3735 3222 3777 3287 ν’

2211 3324 2445 3395 ψαλμοῦ.
2499 3325 2617 3377 Ἔτι
2651 3323 2756 3395 γὰρ
2784 3323 2983 3389 ζῶντος
3012 3323 3106 3377 τοῦ
3142 3323 3334 3387 Σαοὺλ,
3398 3323 3491 3377 καὶ
3540 3323 3651 3395 πρὸ
3680 3323 3773 3377 τοῦ

2213 3418 2524 3489 βασιλεῦσαι
2551 3416 2641 3470 τὸν
2666 3415 2845 3481 Δαυῒδ,
2878 3417 2972 3469 καὶ
2998 3417 3281 3488 πέπρακτο
3313 3416 3404 3469 καὶ
3435 3416 3640 3486 εῐρητο.
3666 3418 3777 3472 Ma-

2211 3512 2364 3582 κροῖς
2398 3508 2456 3561 δέ
2488 3509 2710 3579 ὕστερον
2752 3508 2980 3579 χρόνοις,
3018 3506 3155 3579 μετά
3195 3507 3284 3560 τὸν
3316 3506 3544 3560 Θάνατον
3582 3507 3774 3569 Σαοὺλ,

2211 3601 2304 3656 καὶ
2354 3601 2489 3674 πρὸς
2525 3602 2637 3665 τοῖς
2681 3599 3006 3664 τελευταίοις
3054 3599 3154 3669 τῆς
3204 3596 3367 3653 αὑτοῦ
3410 3597 3701 3668 βασιλείας,
3746 3603 3777 3653 ό

2211 3690 2372 3745 Δαυῖδ
2402 3689 2501 3761 τὴν
2543 3691 2601 3743 ἐν
2631 3688 2709 3760 τῷ
2736 3695 2777 3742 ν’
2816 3691 3044 3742 ποιεῖται
3093 3687 3494 3760 ἐξομολόγησιν,
3523 3689 3590 3760 ῆν
3611 3689 3778 3761 προίδ-

2213 3782 2341 3849 ταξε
2416 3781 2505 3836 διὰ
2561 3780 2659 3852 τὴν
2698 3780 2833 3850 πρὸς
2876 3781 2968 3834 τὸν
3021 3779 3108 3852 μθ⁹
3161 3779 3372 3851 ψαλμὸν
3427 3779 3772 3845 ἀκολουθίαν,

2211 3871 2395 3943 ὥσπερ
2434 3866 2526 3924 οὖν
2562 3871 2655 3923 καὶ
2698 3869 3085 3923 ἀποδέδεικται.
3128 3871 3193 3923 οι
3237 3869 3280 3922 δ’
3320 3868 3427 3923 ἀπὸ
3470 3868 3566 3922 τοῦ
3599 3876 3646 3922 α’
3681 3870 3776 3923 καὶ

2212 3969 2253 4017 ν’
2292 3963 2381 4017 τὸν
2429 3961 2657 4034 ἀριθμὸν
2701 3960 2893 4024 εἴκοσι,
2943 3959 3037 4014 τοῦ
3083 3959 3244 4015 Δαυῖδ
3287 3961 3770 4033 ἐπιγεγραμμένοι,

2214 4055 2376 4127 μέχρι
2405 4053 2497 4107 τοῦ
2536 4059 2576 4106 o'
2617 4051 2676 4118 ἐξ
2717 4051 2904 4124 ἐτέρας
2935 4051 3109 4123 ἀρχῆς
3138 4052 3233 4124 τὴν
3265 4052 3519 4107 ὑπόθεσιν
3552 4054 3776 4125 εἰλήφει.

2213 4160 2327 4198 σιν·
2374 4143 2580 4196 ἐοίκασι
2615 4142 2745 4211 γοῦν
2778 4142 2856 4197 ἔτι
2898 4142 3096 4207 ζῶντος
3137 4142 3307 4196 Σαοὺλ
3344 4142 3614 4215 εἰρῆσθαι,
3644 4146 3774 4216 πρὶν

2210 4234 2244 4306 ἢ
2280 4232 2588 4304 βασιλεῦσαι
2614 4232 2702 4286 τὸν
2743 4233 2921 4287 Δαυῖδ.
2955 4235 3023 4288 Ὅ
3060 4251 3120 4288 τε
3148 4233 3257 4306 γὰρ
3288 4233 3426 4304 μετά
3473 4237 3661 4307 χεῖρας
3692 4237 3772 4290 ἐτι

2211 4323 2406 4389 ζῶντος
2451 4324 2619 4378 Σαοὺλ
2661 4324 2851 4395 ἐλέχθη
2875 4365 2890 4390 ,
2925 4326 3021 4379 Ἐν
3070 4324 3150 4392 τῷ
3192 4325 3393 4380 ἐλθεῖν
3444 4326 3614 4397 Accipe
3665 4328 3774 4381 τὸν

548 4419 769 4475 vivente
806 4416 970 4474 Saule
997 4419 1178 4475 dictus
1205 4425 1310 4482 est,
1346 4416 1478 4474 Cum
1502 4420 1637 4475 venit
1667 4419 1801 4476 Doec
1832 4421 2102 4479 Idumaeas

2216 4415 2545 4485 Ἰδουμαῖον
2585 4417 2681 4470 καὶ
2714 4416 3057 4487 ἀναγγεῖλαι
3104 4416 3184 4483 τῷ
3230 4417 3450 4483 Σαοὺλ,
3487 4418 3577 4471 ὅτι
3622 4413 3772 4488 ἦλθε

547 4519 599 4565 et
626 4511 885 4565 nuntiavit
930 4508 1104 4575 Sauli,
1132 4528 1193 4564 ac
1221 4511 1356 4565 dixit
1385 4512 1489 4566 'ei:
1533 4511 1680 4567 Venit
1713 4512 1885 4568 David
1926 4515 1981 4569 in
2008 4514 2105 4570 (ιο⁴

551 4616 696 4654 mum
723 4600 1019 4657 Abimelech
1037 4602 1099 4655 ⁸³.
1144 4601 1251 4658 Sed
1276 4604 1439 4658 etiam
1465 4619 1583 4670 un,
1617 4612 1751 4660 tunc
1778 4608 2102 4676 pronuntia-

552 4702 641 4747 tus
665 4699 768 4757 est,
797 4692 931 4748 Cum
957 4694 1211 4748 uenissent
1241 4693 1461 4763 Zipluei,
1492 4706 1542 4751 et
1568 4696 1824 4752 dixissent
1845 4697 1914 4753 ad
1937 4697 2101 4755 Saul:

554 4781 742 4838 Nonne
779 4782 950 4837 David
976 4783 1312 4840 absconditus
1339 4798 1416 4840 est
1442 4787 1581 4856 apud
1601 4805 1694 4843 nos
1710 4789 1793 4843 “‘l
1829 4789 2104 4861 Quinqua-

551 4875 792 4946 gesimus
814 4891 943 4931 vero
971 4876 1195 4946 quintus
1236 4877 1316 4933 sic
1367 4880 1666 4950 inscriptus
1692 4888 1813 4936 est:
1862 4881 1994 4937 Cum
2026 4891 2104 4937 te-

551 4975 774 5021 nuerunt
799 4966 951 5021 illum
979 4968 1245 5040 Allophyli
1278 4971 1333 5024 in
1368 4969 1534 5026 Geth:
1564 4986 1672 5042 quo
1704 4981 1946 5044 tempore
1965 4990 2101 5030 non-

512 5052 515 5053 ⁷
551 5056 679 5111 dum
703 5058 962 5129 regnabat
999 5060 1190 5126 David,
1223 5060 1386 5118 Saule
1403 5064 1713 5134 superstite.
1755 5061 2101 5136 Quinquage-

551 5148 724 5206 simus
749 5158 928 5206 autem
960 5159 1146 5208 sextus
1168 5153 1247 5208 sic
1275 5153 1488 5208 titulum
1525 5154 1705 5216 habet,
1743 5152 1932 5221 David,
1978 5170 2097 5208 cum

512 5302 521 5310 ί
548 5244 747 5313 fugeret
766 5259 798 5295 a
823 5242 957 5311 [acie
977 5242 1109 5298 Saul
1129 5246 1182 5299 in
1210 5248 1527 5314 speluncam.
1560 5243 1820 5300 Similiter
1850 5254 1903 5299 et
1938 5260 2091 5313 tvm,

550 5331 776 5399 Quando
808 5334 949 5387 misit
981 5332 1131 5399 Saul,
1165 5335 1260 5399 ait,
1307 5345 1356 5390 et
1395 5334 1671 5390 custodiuit
1702 5334 1915 5388 domum
1959 5334 2094 5403 ejus,

549 5435 608 5478 ut
652 5441 769 5480 eum
798 5426 1127 5496 interﬁceret.
1180 5426 1680 5498 Quinquagesimus
1720 5440 1847 5480 vero
1894 5442 2094 5489 nonus,

550 5515 762 5573 etiamsi
794 5527 917 5588 post
968 5526 1196 5573 mortem
1238 5519 1419 5575 Saulis
1478 5519 1866 5588 pronuntiatus
1909 5515 2094 5581 fuerit,

624 5670 668 5705 "
704 5669 725 5726 l
756 5671 883 5744 Reg.
914 5689 1045 5742 un,
1076 5674 1225 5731 9-H.
1303 5674 1343 5707 “
1383 5672 1516 5731 ibid.
1557 5671 1756 5737 18,19.
1832 5672 1875 5703 ⁶²
1911 5668 2055 5726 Psal.
2093 5686 2300 5735 sum,
2331 5671 2383 5724 2.

2206 4507 2387 4565 Δαυϊδ
2423 4511 2510 4575 είς
2536 4508 2641 4562 τὸν
2681 4505 2847 4562 οἷκον
2887 4508 3208 4579 Ἀϐιμέλεχ.
3255 4508 3414 4563 Ἀλλά
3457 4510 3551 4564 καὶ
3592 4512 3621 4564 ὁ
3655 4517 3767 4580 vr“

2219 4600 2315 4653 Ἐν
2356 4598 2436 4666 τῷ
2483 4599 2680 4654 ἐλθεῖν
2736 4599 2873 4666 τοὺς
2921 4600 3237 4669 Ζιφαίους,
3304 4599 3402 4654 καί
3453 4599 3642 4653 εἰπεῖν
3686 4599 3770 4666 τῷ

2207 4692 2433 4746 Σαούλ·
2483 4691 2627 4760 Οὐχὶ
2663 4689 2789 4743 ίδοὺ
2818 4690 2997 4744 Δαυῒδ
3044 4688 3367 4759 κέκρυπται
3414 4689 3550 4757 παρ’
3588 4689 3771 4759 meite;

2207 4784 2407 4855 εἴρητο.
2445 4782 2555 4836 Καὶ
2590 4785 2619 4837 ὁ
2659 4789 2699 4835 ε’
2731 4783 2788 4837 δὲ
2826 4783 2919 4836 καὶ
2945 4790 3018 4837 ν’·
3048 4784 3185 4836 Ὅτε
3213 4781 3552 4851 ἐκράτησαν
3581 4782 3774 4836 αὐτὸν

2208 4877 2265 4930 οἱ
2298 4876 2644 4945 Ἀλλόφυλοι
2691 4875 2763 4929 ἐν
2799 4875 2938 4940 Γὲθ,
2977 4875 3407 4947 ἐπιγέγραπται·
3456 4871 3522 4948 ἦν
3563 4875 3621 4928 δὲ
3670 4874 3772 4929 καὶ

2205 4963 2357 5031 οὗτος
2388 4975 2416 5026 ὁ
2450 4968 2639 5039 χρόνος
2681 4968 2710 5020 ὁ
2750 4967 2854 5039 πρὸ
2900 4967 3000 5039 τῆς
3040 4967 3308 5037 βασιλείας
3338 4967 3430 5021 τοῦ
3470 4966 3651 5030 Δαυτδ,
3684 4965 3767 5019 ἔτι

2205 5057 2297 5111 τοῦ
2331 5058 2501 5111 Σαοὺλ
2539 5058 2817 5129 περιόντος
2844 5056 2922 5129 τῷ
2958 5057 3075 5129 βίῳ,
3114 5058 3206 5112 καὶ
3240 5061 3269 5111 ό
3311 5064 3396 5122 νς¹
3441 5057 3767 5129 ἐπιγράφει·

2211 5150 2296 5216 Τῷ
2327 5150 2523 5215 Δαυῒδ,
2550 5151 2620 5204 ἐν
2640 5148 2719 5216 τῷ
2752 5150 2936 5204 αὐτὰ·
2961 5148 3419 5218 ἀποδιδράσκειν
3440 5148 3555 5203 ἀπὸ
3580 5164 3771 5216 προσ-

2199 5240 2364 5296 ώπου
2417 5240 2613 5297 Σαοὺλ
2663 5244 2751 5308 είς
2791 5241 2855 5296 τὸ
2902 5241 3221 5308 σπήλαιον.
3267 5241 3538 5303 Ὡσαύτως
3585 5240 3683 5292 καὶ
3737 5239 3773 5291 ὁ

2204 5340 2315 5405 νηὀ
2345 5333 2573 5399 Ὁπότε,
2614 5334 2801 5404 φησιν,
2842 5332 3159 5389 ἀπέστειλε
3196 5332 3440 5395 Σαοὺλ,
3465 5332 3573 5386 καὶ
3621 5331 3773 5400 ego.

2204 5424 2352 5488 .laEe
2378 5424 2485 5479 τὸν
2513 5421 2680 5479 οἷκον
2705 5424 2909 5489 αὐτοῦ,
2948 5424 3054 5479 τοῦ
3092 5423 3423 5479 θανατῶσαι
3456 5425 3671 5478 αὐτόν.
3700 5422 3774 5476 Ὀ

2205 5531 2268 5583 γε
2309 5513 2414 5586 μὴν
2458 5515 2554 5579 νϐ’,
2576 5517 2624 5569 εί
2657 5517 2750 5570 καὶ
2802 5515 2939 5586 μετά
2980 5515 3071 5569 τὸν
3113 5514 3338 5589 θάνατον
3364 5512 3533 5570 Σαοὺλ
3557 5512 3776 5587 εἴρητο,

2462 5671 2505 5703 ⁵³
2544 5669 2560 5723 l
2592 5669 2722 5740 Reg.
2760 5687 2872 5739 ut,
2910 5671 2960 5727 l.
3037 5672 3079 5705 ⁸·
3119 5669 3250 5727 ibid.
3287 5669 3370 5724 ll.
