4024 6202
313 273 439 350 ’με

1434 284 1926 345 COMMENTARIA
1964 285 2032 341 IN
2070 282 2408 340 PSALMOS’.

3417 278 3547 336 μσς

323 414 425 485 ἤδη
458 413 823 484 βασιλευοντος
853 405 944 464 τοῦ
975 407 1154 472 Δαυῖδ,
1177 406 1314 462 ’ἀλλά
1350 406 1441 460 καὶ
1467 406 1626 472 αὐτὸς
1652 406 1756 477 πρὸ
1779 407 1875 479 τῆς

1981 407 2084 475 iam
2114 408 2378 474 regnante
2416 400 2621 457 Davi'de
2654 419 2669 469 ;
2700 410 2756 455 at
2780 401 2893 471 ipse
2928 414 3141 471 quoque
3169 398 3543 454 ante'atlntis-~

325 505 464 560 κατὰ
489 505 581 559 τὸν
613 503 812 576 Οὐρίαν
841 500 1120 573 πράξεως·
1150 497 1179 552 ὃ
1208 499 1270 571 δὴ
1300 498 1618 570 σημαίνεται
1640 499 1746 552 ἀπὸ
1770 499 1870 568 τῆς

323 595 669 667 προγραφῆς,
691 594 810 664 ἥτις
833 592 980 663 δηλοῖ
1001 591 1089 645 τὸν
1118 591 1299 662 χρόνον
1325 588 1602 657 φάσκουσα
1619 605 1632 618 ·
1672 589 1876 641 Ὁπότε

321 687 639 755 ἐνεπύρισε
683 682 795 753 τὴν
835 680 1286 749 Μεσοποταμίαν
1330 679 1545 746 Συρίας
1563 719 1577 742 ,
1621 678 1718 730 καὶ
1763 676 1877 744 τὴν

325 778 548 845 Συρίαν
589 774 751 830 Σωόᾶ
772 816 786 840 ,
834 774 928 827 καὶ
973 772 1350 840 ἀπέστρεψεν
1392 771 1548 824 ἰωὰϐ
1593 770 1689 822 καὶ
1736 767 1877 822 emi-

325 870 466 934 ταεε
510 868 625 937 τὴν
653 867 917 938 φάραγγα
959 865 1077 919 τῶν
1091 863 1290 929 Ἁλῶν,
1321 863 1546 917 δώδεκα
1577 861 1873 931 χιλιάδας.

323 959 508 1015 Ταῦτα
554 958 609 1012 δὲ
647 960 757 1020 τοῖς
788 956 996 1028 χρόνοις
1039 953 1266 1026 προάγει
1304 954 1401 1025 τὴν
1431 953 1486 1005 ὲν
1508 950 1583 1022 τῷ
1607 957 1649 1005 ν’
1678 949 1875 1021 ψαλμῷ

324 1050 720 1122 ἐξομολόγησιν.
751 1050 869 1102 Ἔτι
902 1049 1006 1119 μὴν
1037 1048 1128 1101 καὶ
1157 1048 1186 1099 ὁ
1214 1045 1289 1113 ξδ’
1327 1044 1536 1115 ψαλμὸς
1577 1043 1763 1115 ἐλέχθη
1797 1041 1876 1113 τῷ

325 1140 481 1195 Δαυῖδ
503 1142 573 1194 ἐν
603 1139 681 1205 τῷ
705 1135 856 1193 εἶναι
896 1137 1082 1192 αὐτὸν
1120 1138 1189 1190 ἐν
1223 1135 1296 1204 τῇ
1337 1134 1531 1204 ἐρήμῳ
1559 1133 1666 1201 τῆς
1702 1133 1875 1188 Ἰδου-

328 1232 516 1298 μαίας,
546 1228 744 1294 ζῶντος
785 1229 863 1282 ἔτι
903 1228 994 1282 τοῦ
1030 1227 1214 1282 Σαούλ,
1243 1226 1353 1279 Καὶ
1382 1225 1479 1279 θέα
1518 1225 1663 1287 ὅπως
1695 1224 1875 1294 σχεδὸν

328 1325 373 1376 οἱ
406 1323 638 1375 πλεῖστοι
667 1321 761 1375 τοῦ
788 1320 1033 1393 δευτέρου
1070 1318 1387 1392 μέρουςιτῆς
1416 1316 1591 1388 βίϐλου
1610 1315 1721 1370 τῶν
1742 1314 1875 1385 ψαλ-

330 1414 440 1485 μῶν
464 1413 554 1467 τοῦ
572 1413 751 1476 Δαυῖδ,
777 1413 1042 1484 παρεκτὸς
1060 1412 1152 1464 τοῦ
1187 1418 1249 1476 ν’.
1279 1411 1404 1473 τοὺς
1435 1408 1707 1480 πρόπαλαι
1731 1408 1879 1480 είρτΓ

331 1505 519 1575 μένους
548 1505 695 1577 αὐτῷ
721 1505 826 1575 πρὸ
860 1504 968 1556 τῶν
1001 1504 1204 1574 χρόνων
1234 1502 1332 1572 τῆς
1369 1499 1510 1555 κατὰ
1550 1500 1637 1554 τὸν
1681 1500 1878 1572 Οὐρίαν

326 1598 574 1669 πράξεως
605 1596 1000 1667 περιειλήφασι.
1035 1594 1108 1646 Τό
1129 1610 1192 1661 γε
1226 1592 1328 1663 μὴν
1357 1592 1565 1664 πρῶτον
1595 1593 1755 1664 μέρος
1781 1592 1881 1662 τῆς

326 1689 495 1758 αὐτῆς
526 1687 704 1757 βίϐλου
744 1686 804 1740 τὸ
848 1686 953 1739 ἀπὸ
998 1683 1213 1757 πρώτου
1257 1684 1348 1737 καὶ
1383 1684 1539 1755 μέχρι
1575 1691 1626 1754 μ’
1669 1684 1768 1754 τὴν
1795 1684 1878 1735 ὲν-

1977 512 2096 553 sum
2122 496 2178 550 in
2219 495 2404 551 Uriam
2437 492 2649 549 facinus
2682 493 2861 565 editus
2891 502 3001 548 est:
3033 490 3178 562 quod
3208 506 3271 546 ex
3318 490 3520 546 inscri~

1975 589 2157 659 ptione
2201 586 2557 658 signiﬁcatur,
2615 584 2878 656 temporis
2946 590 3130 637 notam
3186 580 3391 634 ferente
3438 579 3541 635 his

1975 676 2187 731 verbis:
2237 673 2369 730 Cum
2409 673 2678 728 succendit
2724 672 3165 742 Mesopotamiam
3226 667 3415 738 Syriar,
3473 677 3525 721 et

1976 766 2187 837 Syriam
2233 763 2372 820 Soba
2418 775 2518 819 :et
2555 780 2829 819 conversus
2864 761 3000 817 Joab
3045 762 3298 830 percussit
3338 759 3541 814 vallem
3636 811 3640 815 ι

1976 856 2307 923 Salinarum,
2339 857 2611 912 duodecim
2655 855 2846 912 millia.
2894 855 3020 910 Haec
3073 867 3237 923 porro
3280 858 3543 921 tempore:

1973 955 2297 1017 praevertunt
2323 947 2716 1002 confessionem
2760 945 2816 999 in
2855 960 2888 998 ι.
2937 943 3147 1015 psalmo
3178 939 3394 994 factam.
3430 940 3512 991 ιι..

1975 1051 2141 1105 super
2176 1051 2285 1089 ιω
2318 1050 2349 1088 a
2404 1034 2603 1088 Davide
2624 1033 2803 1088 dictus
2827 1039 2933 1096 est,
2949 1046 3065 1084 cum
3090 1037 3222 1084 esset
3251 1026 3543 1080 its-deserto-

1976 1127 2248 1191 Idumwaa,
2285 1128 2498 1183 vivente
2553 1126 2729 1180 adhuc
2773 1125 2955 1181 Saule.
3009 1124 3089 1179 Ac
3118 1120 3254 1177 mihi
3296 1133 3528 1190 perpen-

1975 1220 2072 1275 das
2105 1220 2287 1283 velim,
2326 1235 2435 1289 quo
2478 1225 2636 1288 pacto
2675 1217 2919 1288 plerique
2967 1217 3023 1270 in
3080 1212 3318 1270 secunda
3373 1217 3528 1281 parte

1974 1311 2118 1373 libri,
2150 1313 2482 1380 psalmorum
2542 1308 2761 1364 Davidis
2812 1306 2973 1378 positi
3027 1303 3243 1377 psalmi,
3297 1307 3545 1371 excepto.

1976 1404 2453 1475 quinquagesimo,
2480 1418 2577 1459 eos
2621 1403 2715 1473 qui
2760 1402 2829 1457 ab
2875 1401 2995 1470 ipso
3029 1398 3122 1452 diu
3151 1404 3277 1451 ante
3315 1402 3530 1465 tempus

1975 1496 2111 1565 gesti
2142 1495 2198 1548 in
2230 1492 2410 1548 Uriam
2446 1492 2705 1548 facinoris
2749 1489 3082 1561 pronuntiati
3121 1486 3355 1548 fuerant,
3389 1498 3545 1554 prae-gl

1976 1585 2382 1657 occupaverint.
2456 1584 2637 1638 Prima
2695 1598 2827 1638 sane
2874 1597 2999 1651 pars
3045 1578 3287 1648 ejusdem
3336 1575 3460 1630 libri
3497 1588 3535 1628 a

1977 1677 2153 1747 primo
2199 1677 2265 1731 ad
2299 1675 2799 1746 quadragesimum,
2832 1672 3168 1727 contrarium
3189 1669 3351 1724 habet
3378 1666 3531 1722 ordi-

272 1822 279 1827 .
327 1757 513 1833 αντίαν
545 1774 656 1848 εἶχε
691 1777 875 1842 τάξινο
905 1778 1030 1840 τοὺς
1065 1775 1173 1847 γὰρ
1203 1775 1339 1846 μετὰ
1376 1775 1471 1846 τὴν
1500 1774 1878 1847 ἐξομολόγησιν

1981 1782 2134 1821 nem:
2170 1781 2402 1836 namque
2424 1780 2550 1836 pars
2585 1766 2675 1818 illa
2703 1778 2820 1827 eos,
2844 1762 2938 1833 qui
2969 1768 3092 1833 post
3132 1757 3529 1814 confessionem

326 1867 423 1921 τοῦ
456 1875 498 1922 ν’
531 1869 702 1921 ἐκεῖνο
730 1870 963 1940 περιεῖχε
992 1868 1052 1920 τὸ
1085 1867 1265 1938 μέρος.
1312 1866 1367 1920 '0
1390 1867 1519 1935 γοῦν
1549 1866 1727 1939 τρίτος
1747 1866 1879 1937 ψαλ-

334 1959 433 2029 μδς
473 1956 687 2011 λέλεκτο
738 1958 815 2028 τῷ
854 1956 1009 2011 Δαυῒδ
1024 1996 1039 2020 ,
1077 1957 1253 2010 ὁπότε
1291 1956 1723 2024 ἀπεδίδρασκεν
1760 1955 1879 2011 ἀπὸ

328 2052 648 2120 προσώπου
685 2053 1053 2117 Ἆϐεσσαλὼμ
1097 2050 1201 2105 τοῦ
1241 2050 1372 2105 υίοῦ
1404 2049 1607 2104 αὐτοῦ.
1642 2051 1878 2119 Ἔφευγε

326 2141 381 2196 δὲ
413 2144 503 2195 τὸν
525 2144 636 2196 υἱὸν
668 2141 804 2214 μετὰ
830 2143 923 2214 τὴν
939 2142 1170 2213 ἱστορίαν
1182 2141 1273 2195 τοῦ
1302 2142 1517 2214 Οὐρίου.
1536 2141 1692 2194 Ἀλλὰ
1706 2141 1799 2194 καὶ
1822 2143 1879 2194 ἐν

323 2232 402 2303 τῷ
428 2240 479 2298 ς’
507 2235 602 2304 τῆς
624 2235 790 2302 αὐτῆς
820 2234 975 2287 ἕνεκα
996 2233 1242 2304 πράξεως
1268 2232 1600 2303 ἀπεκλάετοῖ(
1610 2233 1662 2304 1)
1678 2233 1876 2301 λέγων·

338 2326 655 2379 Ἐκοπίασα
677 2325 746 2377 ἐν
772 2323 850 2388 τῷ
875 2322 1181 2391 στεναγμῷ
1201 2341 1315 2393 μου
1333 2363 1347 2388 ,
1379 2324 1579 2377 λούσω
1612 2323 1737 2377 καθ’
1755 2322 1883 2375 ἐκά-

326 2431 481 2486 στην
506 2419 691 2472 νύκτα
714 2417 828 2485 τὴν
851 2417 1066 2485 κλίνην
1087 2434 1225 2487 μου,
1250 2415 1318 2468 ἐν
1349 2414 1602 2482 δάκρυσί
1622 2430 1743 2483 μου
1768 2413 1880 2480 τὴν

327 2508 640 2578 στρωμνήν
658 2526 776 2578 μου
797 2508 1012 2577 βρέξω.
1048 2509 1156 2561 Καὶ
1176 2509 1205 2560 ὁ
1230 2506 1272 2570 ζ’
1297 2506 1352 2559 δέ
1373 2523 1386 2537 ο
1434 2504 1596 2574 Ὑπὲρ
1637 2503 1755 2558 τῶν
1780 2488 1907 2559 λά(

328 2617 447 2671 νων
497 2600 680 2655 Χουσὶ
728 2600 859 2655 υἱοῦ
897 2599 1122 2669 Ἰεμινεὶ
1166 2597 1481 2669 λελεγμένος
1503 2638 1518 2662 ,
1555 2595 1662 2649 τῶν
1702 2594 1879 2649 αὐτῶν

327 2691 413 2762 εἴη
444 2691 509 2745 ἂν
540 2692 763 2764 χρόνων.
798 2692 964 2745 Χουσὶ
999 2690 1107 2762 γὰρ
1138 2691 1476 2761 ἀρχιεταῖρος
1512 2685 1749 2756 γεγονὼς
1786 2686 1879 2740 τοῦ

327 2784 507 2847 Δαυῒδ,
550 2783 628 2855 τῷ
669 2782 1017 2853 ’Δὸεσσαλὼμ
1062 2783 1388 2851 συνεγένετο.
1435 2781 1554 2833 Ἔτι
1589 2780 1693 2852 μὴν
1733 2780 1824 2835 κα)⁵
1851 2782 1881 2834 ό

331 2872 397 2938 ιζ’
433 2873 798 2928 ἀποδέδεικται
843 2874 970 2944 περὶ
999 2872 1065 2925 τὰ
1097 2871 1375 2926 τελευταῖα
1411 2872 1508 2942 τῆς
1554 2871 1697 2943 ζωῆς
1723 2871 1881 2924 Δαυῒδ

328 2964 668 3034 λελεγμένος.
711 2964 867 3017 Ἀλλὰ
919 2965 1012 3017 καὶ¹
1055 2965 1084 3016 ὁ
1134 2962 1229 3027 λζ’,
1283 2963 1748 3035 ἐπιγεγραμμένος
1795 2966 1883 3029 είς

327 3054 687 3124 ἀνάμνησιν,
714 3053 808 3125 τὴν
832 3053 997 3125 αὐτὴν
1029 3052 1163 3124 ἔχων
1187 3053 1420 3106 διάνοιαν
1446 3053 1523 3123 τῷ
1551 3054 1627 3118 ς’,
1660 3054 1881 3124 ἄρχεται

1976 1858 2407 1929 quinquagesimi
2459 1856 2651 1927 psalmi
2714 1855 2844 1910 dicti
2901 1861 3049 1919 sunt,
3125 1848 3529 1920 complectitur.

1979 1948 2195 2005 Tertius
2225 1950 2406 2019 itaque
2435 1949 2677 2019 psalmus
2715 1961 2747 2000 a
2768 1944 2967 2000 Davide
3007 1942 3393 2013 pronuntiatus
3420 1946 3529 2001 est.

1978 2059 2095 2097 eum
2135 2043 2331 2115 fugeret
2362 2060 2393 2096 a
2416 2042 2551 2111 [acie
2591 2039 2872 2094 Absalonis
2910 2037 3010 2107 ﬁlii
3040 2036 3143 2090 sui.
3177 2032 3335 2104 Fugit
3353 2039 3533 2086 autem

1979 2149 2010 2188 a
2044 2135 2156 2189 ﬁlio
2188 2145 2311 2205 post
2358 2134 2648 2189 historiam
2702 2130 2863 2186 Uriae.
2915 2127 3027 2184 lmo
3059 2128 3224 2183 etiam
3269 2125 3322 2178 in
3379 2129 3537 2179 sexto

1978 2244 2077 2299 pro
2115 2230 2301 2285 eodem
2361 2228 2605 2283 facinore
2653 2227 2814 2282 flebat
2885 2224 3111 2279 dicens:
3164 2218 3422 2274 Laboraoi
3476 2216 3533 2270 in

1977 2323 2170 2392 gemitu
2221 2337 2373 2376 meo:
2433 2320 2617 2375 lavabo
2677 2335 2768 2388 per
2834 2316 3068 2385 singulas
3117 2322 3290 2367 noctes
3344 2310 3535 2364 lectum

1979 2427 2183 2476 meum;
2251 2412 2496 2482 lacrymis
2566 2410 2693 2463 meis
2761 2416 2986 2463 stratum
3039 2420 3208 2458 meum
3262 2399 3442 2471 rigabo
3465 2398 3569 2453 "..

1981 2503 2255 2574 Septimus
2311 2502 2480 2565 item,
2527 2516 2620 2569 pro
2691 2500 2859 2553 verbis
2935 2495 3096 2551 Chusi
3155 2494 3255 2563 ﬁlii
3337 2490 3535 2544 Jemini

1979 2593 2179 2657 dictus,
2213 2589 2456 2661 ejusdem
2506 2587 2767 2656 temporis
2801 2583 2981 2639 fuerit.
3033 2580 3201 2637 Cbusi
3251 2576 3398 2634 enim
3442 2574 3536 2645 qui

1980 2683 2229 2754 princeps
2273 2682 2573 2736 amicorum
2621 2675 2790 2730 David
2834 2673 3045 2736 fuerat,
3099 2684 3222 2724 cum
3269 2665 3537 2721 Absalone

1975 2773 2202 2845 junctus
2232 2779 2334 2828 est.
2365 2770 2431 2824 Et
2451 2771 2563 2840 jam
2593 2767 2811 2839 quidem
2842 2769 3322 2820 commonstratum
3345 2766 3430 2814 est
3445 2757 3538 2811 de-

1979 2867 2177 2921 cimum
2207 2864 2496 2935 septimum
2530 2860 2679 2916 circa
2701 2858 2863 2914 ﬁnem
2888 2858 3011 2913 vita:
3032 2855 3199 2910 David
3222 2854 3425 2908 dictum
3456 2848 3539 2904 fu-

1978 2956 2107 3012 isse.
2160 2952 2529 3022 Similiterque
2560 2949 2871 3005 tricesimus
2914 2945 3206 3017 septimus,
3242 2941 3537 3011 inscriptus

1980 3045 2035 3098 in
2066 3043 2565 3105 rememorationem,
2597 3038 2840 3095 eamdem
2881 3035 3173 3108 praeferens
3214 3048 3375 3104 quam
3417 3045 3539 3087 sex-

331 3146 430 3219 μὲν
441 3119 569 3199 vent
604 3144 710 3199 τῶν
734 3119 908 3199 αθτῶν
948 3119 1200 3218 ῥημάτων
1231 3144 1401 3214 λέγων
1418 3161 1432 3175 ⁶
1468 3119 1660 3212 Κύριε,
1804 3142 1882 3208 τῷ

1982 3142 2072 3189 tus
2096 3132 2441 3196 sententiam,
2475 3132 2669 3186 iisdem
2711 3128 2892 3185 verbis
2944 3126 3133 3196 incipit
3167 3124 3353 3179 dicens
3381 3141 3393 3176 :
3427 3119 3539 3174 Do-

329 3235 491 3307 θυμῷ
518 3252 635 3291 σου
658 3236 908 3307 ἐλέγξῃς
927 3255 1023 3307 με,
1056 3236 1209 3307 μηδὲ
1239 3235 1315 3305 τῇ
1339 3235 1483 3306 ὀργῇ
1516 3253 1630 3290 σου
1655 3233 1882 3289 παιδεύ-

326 3344 448 3397 σῃς
468 3346 562 3398 με.
594 3329 803 3401 Προϊὼν
855 3328 913 3382 δὲ
960 3329 1057 3400 τὴν
1098 3328 1265 3401 αὐτὴν
1313 3328 1692 3399 ἐξομολόγησιν
1724 3330 1791 3398 τῇ
1825 3329 1883 3380 ὲν

325 3420 466 3493 τῷν
494 3420 763 3492 φερομένῃ
797 3424 1024 3473 ποιεῖται
1059 3419 1115 3474 ἕν
1145 3437 1205 3472 τε
1235 3422 1347 3482 τοῖς
1379 3419 1557 3482 ἄλλοις
1586 3420 1679 3472 καὶ
1708 3419 1776 3471 δι’
1807 3412 1883 3472 ὧν

224 3563 228 3566 ι
328 3528 524 3582 φησιν’
557 3512 681 3565 Ὅτι
710 3515 766 3564 ai
806 3511 1037 3580 ἀνομίαι
1065 3528 1184 3580 μου
1218 3507 1530 3579 ὑπερῆσαν
1558 3508 1672 3578 τὴν
1701 3500 1882 3579 κεφα-

326 3602 449 3670 λὴν
474 3618 616 3673 μου.
643 3600 1030 3671 Προσώζεσαν
1053 3600 1155 3654 καὶ
1179 3599 1499 3667 ἐσάπησαν
1522 3604 1573 3654 οἱ
1598 3597 1882 3669 among

323 3713 443 3765 μου
483 3695 600 3750 ἀπὸ
627 3694 944 3764 προσώπου
978 3692 1085 3761 τῆς
1121 3694 1465 3762 ἀφροσύνης
1488 3710 1623 3762 μου.
1665 3693 1773 3745 Καὶ
1819 3692 1883 3745 σὺ

327 3785 373 3839 δ’
408 3787 472 3840 ἂν
499 3786 638 3841 κατὰ
671 3788 863 3841 σαυτὸν
898 3784 1215 3854 συναγαγὼν
1248 3784 1426 3856 εὕροις
1458 3784 1523 3839 ἂν
1560 3784 1630 3837 τὰ
1662 3783 1884 3838 πλεῖστα

327 3877 439 3931 τῶν
464 3879 518 3931 ὲν
537 3878 616 3951 τῷ
646 3877 844 3950 πρώτῳ
874 3879 1025 3949 μέρει
1065 3877 1172 3931 τῶν
1203 3876 1430 3949 ψαλμῶν
1457 3875 1591 3947 μετὰ
1614 3876 1739 3939 τοὺς
1762 3875 1885 3946 χρό⁴

327 3986 455 4034 νους
491 3971 587 4042 τῆς
618 3970 753 4024 κατὰ
779 3971 868 4024 τὸν
898 3970 1096 4042 Οὐρίαν
1135 3969 1374 4040 ἱστορίας
1413 3966 1693 4039 εἰρημένα,
1724 3967 1794 4020 τὰ
1828 3966 1885 4019 δὲ

330 4060 472 4132 μετὰ
492 4061 584 4113 τὴν
608 4067 652 4113 ν’
679 4063 790 4124 τοῖς
816 4061 1022 4132 χρόνοις
1047 4060 1351 4132 προάγοντα
1374 4058 1470 4130 τὴν
1502 4057 1641 4111 κατὰ
1669 4058 1758 4111 τὸν
1783 4057 1885 4111 Οὑ-

331 4150 453 4221 ρίαν
479 4150 692 4223 πρᾶξιν.
722 4150 785 4202 Τί
809 4150 1006 4222 δήποτε
1028 4146 1119 4205 οὖν
1152 4152 1213 4203 οὐ
1251 4148 1391 4204 κατὰ
1421 4149 1519 4218 τὴν
1545 4148 1654 4201 τῶν
1681 4147 1885 4219 χρόνων

326 4240 646 4295 ἀκολουθίαν
671 4242 720 4294 οἱ
743 4240 945 4312 πρῶτοι
976 4243 1086 4305 τοῖς
1120 4241 1327 4312 χρόνοις
1357 4238 1561 4312 πρῶτοι
1589 4239 1886 4309 κατετὰγη-

329 4347 460 4385 σαψ
485 4330 598 4385 ἀλλ’
622 4331 673 4384 οἱ
707 4330 804 4402 τὴν
830 4329 1033 4401 πρῶτοι
1055 4330 1365 4400 λελεγμένοι
1390 4330 1468 4382 ἔτι
1500 4328 1696 4392 ζῶντος
1719 4326 1886 4381 Σαοὺλ

327 4422 389 4474 ἑν
413 4419 491 4492 τῷ
508 4421 739 4493 δευτέρῳ
762 4420 916 4491 μέρει
939 4420 1046 4473 τῶν
1066 4418 1320 4491 ψαλμῶν·
1347 4421 1403 4472 ὲν
1426 4418 1482 4471 δὲ
1506 4418 1585 4488 τῷ
1612 4416 1810 4488 πρώτῳ
1835 4418 1884 4470 οἱ

1982 3225 2120 3279 mine
2138 3263 2153 3288 ,
2198 3239 2261 3277 ne
2287 3223 2345 3276 in
2368 3221 2544 3291 furore
2576 3232 2662 3274 tuo
2694 3235 2887 3290 arguas
2917 3234 3031 3282 me,
3065 3232 3223 3286 neque
3251 3216 3308 3268 in
3335 3214 3417 3267 ira
3446 3221 3538 3266 tua

1982 3314 2238 3382 corripias
2269 3329 2368 3367 me.
2399 3311 2456 3366 lu
2477 3311 2830 3381 sequentibus
2851 3322 2980 3362 vero
3004 3307 3269 3368 eamdem,
3300 3317 3461 3373 quam
3484 3302 3539 3354 in

1982 3405 2190 3475 psalmo
2218 3402 2672 3474 quinquagesimo
2691 3439 2706 3465 ,
2738 3396 3134 3453 confessionem
3162 3394 3308 3457 edit,
3342 3394 3454 3447 sive
3485 3391 3542 3444 in

1983 3496 2137 3560 aliis,
2187 3496 2302 3550 sive
2329 3496 2386 3549 in
2420 3494 2523 3549 hoc
2559 3492 2702 3546 dicto
2738 3509 2751 3544 :
2788 3488 3050 3554 Quoniam
3082 3485 3384 3555 iniquitates
3417 3496 3543 3535 mea:

1982 3600 2329 3656 supergressa:
2373 3592 2496 3639 sunt
2541 3590 2696 3651 caput
2745 3595 2935 3633 meum.
2992 3576 3309 3629 Putruerunt
3344 3582 3392 3626 et
3426 3587 3544 3625 cor-

1983 3685 2152 3747 rupta
2181 3688 2301 3732 sunt
2327 3675 2599 3730 cicatrices
2620 3690 2745 3727 mete
2774 3690 2807 3726 a
2830 3671 2965 3741 facie
2992 3666 3306 3736 insipientiw
3324 3680 3452 3719 mea:
3477 3663 3539 3717 “.

1980 3769 2060 3825 Ac
2090 3770 2138 3825 si
2167 3767 2351 3823 eadem
2385 3781 2483 3838 per
2509 3773 2562 3820 te
2587 3762 2813 3832 colligas
2833 3800 2849 3825 ,
2892 3758 3060 3814 multa
3105 3758 3162 3811 in
3195 3755 3369 3827 prima
3393 3764 3545 3826 parte

1982 3859 2107 3915 libri
2137 3858 2470 3929 psalmorum
2494 3851 2892 3925 deprehendas,
2926 3864 3046 3921 qua:
3067 3854 3191 3919 post
3217 3854 3431 3916 tempus
3459 3844 3545 3898 bi-

1983 3951 2164 4007 storize
2208 3949 2276 4003 de
2328 3948 2459 4003 Uria
2501 3947 2714 4018 prolata
2765 3950 2932 4009 sunt,
2984 3948 3148 4011 atque
3186 3953 3248 3994 ea
3272 3952 3392 4008 qua:
3422 3944 3545 4007 post

1982 4040 2487 4111 quinquagesimum
2519 4035 2693 4108 posita
2726 4040 2890 4098 sunt,
2934 4039 3144 4102 gestum
3173 4029 3229 4083 in
3256 4026 3438 4081 Uriam
3463 4025 3544 4080 fa-

1982 4132 2137 4187 cinus
2186 4140 2425 4202 tempore
2466 4138 2791 4200 praevertere
2834 4123 3160 4195 comperies.
3212 4118 3352 4186 Quid
3380 4117 3545 4187 igitur

1982 4238 2160 4279 causae
2187 4231 2291 4288 est,
2332 4221 2479 4292 quod
2519 4236 2628 4276 non
2660 4216 2961 4274 secundum
2989 4223 3296 4284 temporum
3323 4207 3542 4267 seriem.

1983 4315 2075 4385 qui
2105 4314 2267 4384 primi
2298 4320 2540 4382 tempore
2566 4317 2697 4367 sunt
2720 4350 2735 4376 ,
2764 4306 2926 4377 primi
2953 4304 3116 4375 positi
3150 4302 3292 4363 sint,
3322 4298 3416 4353 sed
3451 4298 3543 4366 qui

1984 4406 2167 4475 primi,
2201 4403 2497 4473 superstite
2521 4400 2687 4455 Saule
2712 4396 2845 4452 dicti
2875 4402 3021 4458 sunt,
3055 4392 3111 4446 in
3138 4387 3375 4446 secunda
3399 4387 3548 4457 psal-

327 4512 440 4574 τοῖς
461 4479 675 4582 χρόνοις
711 4479 967 4574 iterant;
1014 4479 1251 4580 ἠγοῦμαι
1280 4508 1336 4561 δὲ
1376 4479 1576 4577 ταύτην
1610 4479 1882 4578 εἰληφέναι

1987 4511 2198 4551 morum
2232 4501 2386 4565 parte
2419 4492 2529 4546 sint
2560 4489 2876 4554 constituti;
2901 4493 2955 4541 et
2984 4485 3038 4539 in
3066 4482 3262 4554 prima,
3290 4479 3383 4551 qui
3410 4486 3548 4535 tem-

326 4598 428 4671 τὴν
470 4599 641 4665 τάξιν,
678 4599 751 4663 ὡς
793 4600 858 4654 ἂν
902 4599 975 4672 μὴ
1013 4600 1120 4653 ἀπὸ
1168 4598 1276 4653 τῶν
1328 4598 1646 4670 κρειττόνων
1689 4598 1780 4650 ἐπὶ
1820 4595 1889 4650 τὰ

328 4692 496 4763 χείρω
520 4692 733 4762 φέροιτο
763 4693 791 4745 ὁ
826 4690 980 4759 λόγος
997 4708 1009 4721 ·
1039 4691 1099 4747 τὸ
1118 4690 1247 4764 γὰρ.
1273 4693 1358 4756 είς
1385 4689 1449 4743 τὸ
1476 4688 1647 4755 τέλος
1665 4687 1751 4758 μὴ
1766 4687 1891 4741 δια-

328 4781 595 4851 φθείρῃς,
631 4783 722 4835 καὶ
766 4781 857 4836 ἐπὶ
895 4781 993 4851 τῆς
1017 4780 1124 4834 τῶν
1156 4779 1381 4851 ψαλμῶν
1411 4778 1616 4844 τάξεως
1656 4776 1893 4845 πεφυλά-

328 4871 455 4942 χθαι
475 4872 664 4929 ἔοικεν.
700 4873 789 4927 Διὸ
830 4873 921 4927 καὶ
951 4873 1019 4926 τὰ
1051 4872 1468 4944 σκυθρωπότερα
1503 4870 1696 4942 πρῶτα
1722 4867 1891 4922 τέθει-

326 4976 444 5017 cur
482 4961 568 5016 ἵνα.
596 4962 820 5034 δεύτερα
850 4962 919 5016 τὰ
941 4963 1275 5034 χρηστότερα
1315 4960 1578 5031 φυλαχθῇ,
1619 4957 1886 5013 καλυπτο-

330 5052 506 5123 μένων
538 5053 1111 5124 καὶὲξαφανιζομένων
1137 5052 1244 5105 τῶν
1274 5052 1549 5123 χειρόνων,
1578 5050 1665 5104 διὰ
1687 5048 1793 5102 τῶν
1830 5048 1888 5100 ὲν

322 5145 440 5206 τοῖς
484 5143 754 5214 δευτέροις
804 5145 1143 5215 κρειττόνων.
1201 5142 1360 5205 Εἰκὸς
1407 5141 1461 5196 δὲ
1504 5141 1596 5194 τὸν
1630 5137 1790 5193 Δαυῒδ
1829 5138 1890 5191 τὸ

322 5232 713 5307 πλημμεληθὲν
737 5236 885 5307 αὐτῷ
917 5235 1140 5306 ὕστερον
1170 5233 1257 5287 διὰ
1281 5232 1388 5285 τῶν
1421 5232 1694 5304 προτέρων
1727 5228 1889 5285 αὑτοῦ

320 5327 762 5398 κατορθωμάτων
790 5329 989 5384 ἐθέλειν
1019 5325 1331 5382 καλύπτειν.
1351 5322 1505 5377 Εἴποι
1522 5325 1566 5378 δ’
1588 5324 1652 5378 ἄν
1678 5341 1782 5389 τις,
1809 5322 1890 5375 ὅτι

399 5485 448 5517 ⁸⁸
483 5484 625 5542 Psal.
660 5501 744 5550 vr,
785 5484 837 5537 7.
914 5483 957 5515 ⁶⁶
994 5481 1138 5537 Psal.
1173 5496 1390 5547 χχχιιι,
1428 5480 1480 5545 5,
1522 5479 1575 5534 6.

1988 4600 2120 4657 pore
2147 4583 2475 4654 posteriores
2494 4579 2682 4636 erant?
2712 4577 2825 4648 Ego
2849 4590 2978 4632 vero
3006 4574 3240 4628 arbitror
3262 4571 3382 4626 ideo
3402 4569 3547 4625 hunc

1988 4676 2233 4733 ordinem
2265 4682 2539 4744 sumptum
2569 4684 2713 4735 esse,
2743 4679 2804 4722 nt
2836 4681 2904 4722 ne
2934 4680 2964 4720 a
2993 4661 3457 4736 praestantioribus
3478 4662 3547 4717 ad

1990 4767 2179 4838 pejora
2233 4778 2413 4819 sermo
2443 4761 2764 4818 declinaret.
2813 4754 2948 4811 Illud
2979 4753 3122 4810 enim
3158 4771 3172 4807 :
3203 4749 3270 4806 In
3298 4751 3453 4821 ﬁnem
3483 4767 3549 4806 ne

1993 4855 2290 4927 disperdas,
2312 4854 2475 4910 etiam
2504 4867 2604 4925 pro
2628 4850 2958 4921 psalmorum
2990 4844 3181 4900 ordine
3202 4842 3545 4898 observatum

1995 4952 2231 5009 videtur.
2293 4946 2472 5016 Quare
2499 4944 2740 5002 tristiora
2768 4940 2945 5013 primo
2971 4937 3146 5009 posita
3169 4944 3328 5001 sunt,
3359 4942 3419 4990 ut
3445 4934 3547 4989 mi-

1994 5046 2135 5100 tiora
2162 5059 2261 5115 pro
2303 5039 2559 5098 secundis
2586 5041 2951 5097 servarentur,
2990 5029 3277 5086 occultatis
3302 5034 3356 5083 et
3387 5025 3547 5082 oblit-

1992 5137 2187 5193 teratis
2216 5131 2492 5205 pejoribus
2519 5144 2617 5201 per
2644 5126 2864 5182 meliora
2901 5123 2992 5178 illa
3036 5122 3275 5179 secundo
3302 5121 3421 5175 loco
3449 5132 3547 5189 po-

1994 5229 2121 5285 sita.
2165 5225 2472 5282 Verisimile
2502 5229 2678 5278 autem
2704 5226 2788 5275 est
2813 5216 3067 5271 Davidem
3098 5216 3165 5270 ab
3193 5230 3250 5271 se
3275 5217 3545 5283 patratum

1995 5326 2183 5393 postea
2206 5317 2420 5375 facinus
2450 5331 2545 5389 per
2571 5315 2751 5387 priora
2772 5310 2864 5365 illa
2886 5308 3034 5411 bona
3059 5321 3220 5380 opera
3245 5312 3426 5373 tegere
3452 5310 3547 5351 vo-

406 5636 479 5708 (l)
517 5638 595 5692 ita
633 5637 942 5708 frequenter
984 5639 1036 5693 in
1068 5646 1169 5694 noc
1214 5638 1607 5692 commentario
1649 5637 1882 5692 ἀποκλάο

1981 5654 2011 5702 ι,
2053 5650 2150 5707 pro
2183 5633 2547 5703 ἀποκλαίομαι
2597 5631 2818 5699 legitur.
2846 5632 2900 5681 et
2944 5618 3167 5691 quidem
3204 5615 3255 5668 in
3289 5607 3545 5666 omnibus

329 5708 757 5779 manuscriptis.
