4024 6202
508 277 613 331 4n
1186 282 1452 339 EUSEBII
1488 281 1967 340 CESARIENSIS
2001 282 2152 340 OPP.
2184 284 2362 343 PARS
2399 285 2488 344 Ill.
2527 316 2600 333 -
2635 273 3061 351 EXEGETICA:
3140 298 3147 307 “
3612 293 3728 358 ΗΒ

521 400 705 454 luisse.
756 403 940 455 Potest
971 398 1136 454 etiam
1175 401 1303 464 dici,
1335 417 1401 457 ex
1442 401 1660 457 sublimi
1692 402 1891 472 pietate
1915 402 2060 459 Davi‘

2177 405 2298 459 καθ’
2326 405 2624 476 ὑπερϐολὴν
2647 405 2926 468 εὐλαϐείας
2952 403 3169 477 πρώτας
3199 409 3385 461 ἔταττε
3418 405 3516 470 τὰς
3544 405 3742 475 ἐξομο-

519 491 635 546 detn
666 492 1042 547 confessiones
1072 507 1202 549 suas
1228 495 1435 563 primas
1454 495 1731 560 statuisse,
1754 496 1880 565 quia
1894 495 2060 567 justut

2174 495 2419 566 λογήσεις
2450 493 2670 550 ἑαυτοῦ·
2707 493 2937 560 Ἐπειδὴ
2967 495 3192 561 δίκαιος
3226 496 3442 553 ἑαυτοῦ
3483 499 3740 568 κατήγο-

517 582 565 636 iu
597 582 855 651 principio
883 585 1139 638 sermonis
1169 593 1449 640 accusator
1475 597 1554 641 est
1580 588 1664 641 sui
1679 587 1743 641 ".
1769 587 1903 643 Cum
1927 595 2060 643 tanta

2165 605 2274 657 ρος
2294 588 2364 641 ἐν
2385 588 2767 657 πρωτολογίᾳ.
2793 588 2951 642 Ἀλλά
2970 588 3234 642 τοσούτων
3256 590 3384 659 ἡμῖν
3405 592 3482 653 είς
3500 590 3597 662 τὴν
3613 594 3739 645 ἀπο-

515 689 676 744 porro
706 674 775 730 de
799 675 992 732 ordine
1036 675 1369 745 psalmorum
1403 693 1433 731 a
1459 680 1615 734 nobis
1647 680 1919 750 exquisita
1960 680 2076 734 fue-

514 766 649 828 riut,
694 766 809 835 jam
833 777 1045 838 tempus
1070 770 1247 827 estad
1268 770 1578 842 propositas
1608 785 1660 824 LI
1695 771 1888 841 psalmi
1915 786 2076 827 voces

514 860 790 917 accedere.

579 950 707 1007 Haec
753 953 937 1025 itaque
987 957 1219 1023 scribit,
1257 972 1381 1012 cum
1417 958 1733 1015 edidicisset
1772 975 1893 1031 quze
1933 958 2077 1016 Doec

513 1042 702 1115 Syrus,
722 1046 949 1101 structis
963 1055 1153 1102 contra
1173 1063 1232 1104 se
1252 1048 1563 1114 calumniis,
1578 1058 1840 1121 gesserat.
1873 1050 2074 1118 Quam-

512 1137 693 1192 obrem
732 1152 834 1193 ceu
879 1139 1058 1209 ipsum
1105 1140 1393 1210 alloquens
1421 1142 1535 1197 ait:
1568 1143 1712 1209 Quid
1743 1143 1989 1215 gloriaris
2017 1147 2075 1199 in

510 1230 746 1295 malitia,
789 1233 879 1302 qui
908 1242 1089 1299 potens
1137 1233 1233 1288 es?
1283 1236 1396 1289 sive
1426 1235 1589 1289 etiam
1617 1235 1891 1290 diabolum
1925 1252 2073 1291 com-

509 1322 689 1392 pellat,
721 1325 814 1392 qui
845 1325 900 1378 in
929 1325 1048 1395 ipso
1081 1326 1432 1397 operabatur.
1481 1325 1601 1383 Non
1628 1327 1909 1384 nesciebat
1928 1314 2073 1384 enim

508 1413 654 1466 illum
694 1413 797 1469 sibi
834 1430 1050 1486 semper
1081 1417 1451 1473 adversarium
1482 1434 1640 1481 esse,
1666 1428 1722 1476 et
1752 1420 1973 1476 assidue
2014 1435 2077 1476 se

507 1518 841 1575 impugnare,
886 1508 1047 1562 modo
1072 1524 1169 1579 per
1195 1508 1439 1572 Saulem,
1488 1513 1653 1565 modo
1687 1526 1785 1581 per
1811 1510 2073 1577 Doecum,

464 1654 467 1657 _
506 1608 566 1649 ac
597 1596 915 1668 plerumque
933 1599 1164 1654 aliorum
1197 1602 1526 1657 ministerio.
1578 1601 1682 1669 Qui
1712 1619 1842 1675 ergo
1875 1604 1932 1659 in
1957 1619 2074 1660 ma-

505 1686 617 1739 litia
653 1687 923 1753 infirmus,
957 1691 1229 1747 invalidus
1260 1707 1326 1747 ac
1353 1693 1549 1751 debilis
1580 1703 1699 1761 est,
1724 1711 1848 1752 cum
1883 1698 2072 1753 melio-

2172 678 2411 734 δοθεῖσαν
2450 678 2601 743 τάξιν
2643 679 3133 751 γεγυμνασμένων,
3177 680 3363 751 καιρὸς
3389 680 3492 752 ήδη
3524 683 3615 736 καὶ
3643 682 3739 736 ἐπὶ

2172 770 2270 836 τὰς
2298 769 2663 842 προκειμένας
2693 770 2879 839 φωνὰς
2903 769 2995 823 τοῦ
3034 777 3112 824 vo.’
3145 768 3454 841 παρελθεῖν.

2241 954 2443 1035 Γράφει
2485 953 2659 1010 τοίνυν
2693 956 2818 1020 τοὺς
2864 956 3250 1029 προκειμένους
3298 957 3511 1027 λόγους,
3550 957 3745 1030 μαθὼν

2171 1050 2328 1103 ὁποῖα
2360 1050 2680 1122 διεπράξατο
2720 1051 2876 1124 Δωὴκ
2906 1055 2933 1106 6
2975 1052 3142 1124 Σύρος
3178 1054 3236 1107 ὲν
3273 1056 3391 1118 ταῖς
3418 1056 3539 1109 κατ’
3570 1053 3739 1110 αὐτοῦ

2171 1140 2460 1207 διαϐολαῖς.
2511 1143 2602 1196 Διὸ
2646 1143 2722 1207 ώς
2765 1143 2901 1215 πρὸς
2938 1144 3100 1198 αὑτὸν
3145 1146 3477 1201 ἀποτείνεται
3526 1146 3737 1217 λέγων·

2178 1233 2239 1287 Τί
2280 1230 2543 1303 ἐγκαυχᾷ
2581 1234 2651 1287 ὲν
2673 1236 2869 1301 κακίᾳ,
2906 1239 2939 1289 ό
2975 1235 3261 1303 ovs-atde;
3292 1230 3439 1308 ῆ’ὼς
3473 1239 3608 1310 πρὸς
3646 1240 3742 1294 τὸν

2172 1328 2538 1399 ὲνεργήσαντα
2582 1328 2639 1381 ὲν
2685 1328 2834 1401 αὐτῷ
2880 1328 3138 1385 διάϐολον.
3175 1334 3248 1386 Οὐ
3291 1331 3396 1402 γάρ
3425 1334 3603 1403 ἠγνόει
3647 1334 3739 1388 τὸν

2171 1419 2398 1473 πάντοτε
2446 1418 2593 1491 αὐτῷ
2630 1420 3017 1493 ἀντικείμενον,
3066 1425 3159 1479 καὶ
3203 1425 3290 1479 διά
3331 1426 3529 1489 παντὸς
3573 1427 3747 1481 αὑτὸν
3782 1420 3787 1425 ’

2171 1508 2526 1580 πολεμοῦντα,
2556 1510 2687 1564 ποτε
2718 1511 2815 1582 μὲν
2845 1511 2934 1567 διὰ
2963 1512 3056 1567 τοῦ
3082 1514 3272 1579 Σαοὺλ,
3297 1516 3411 1569 νυνὶ
3437 1516 3493 1571 δὲ
3522 1516 3610 1584 διᾲ
3638 1515 3737 1573 τοῦ

2170 1602 2348 1674 Δωὴκ,
2379 1603 2471 1657 καὶ
2493 1603 2677 1659 ἄλλοτε
2707 1603 2878 1669 άλλως
2909 1604 2975 1657 δι’
3006 1606 3227 1679 ἐτέρων.
3264 1607 3320 1662 Ὀ
3354 1607 3451 1679 μὲν
3488 1603 3580 1662 οῦν
3607 1609 3721 1662 ἀδύο

2170 1709 2327 1757 νατος
2359 1694 2452 1748 καὶ
2474 1693 2657 1758 ἄτονος
2690 1694 2782 1747 καὶ
2818 1693 2995 1762 ὀλίγος
3036 1696 3094 1748 ὲν
3135 1694 3321 1768 κακίᾳ,
3355 1695 3743 1763 πλεονάζοντος

505 1791 588 1833 res
618 1779 671 1831 in
699 1778 817 1849 ipso
848 1797 1028 1836 mores
1063 1785 1413 1853 pnevaleant,
1464 1794 1652 1856 utpote
1683 1790 1780 1859 qui
1821 1788 1876 1843 in
1920 1789 2060 1844 mali-

2170 1786 2228 1839 ὲν
2256 1784 2404 1855 αύτῷ
2436 1784 2530 1838 τοῦ
2565 1785 2868 1857 κρείττονος
2892 1786 3114 1859 τρόπου,
3150 1787 3226 1852 ὡς
3254 1787 3320 1844 ἂν
3352 1788 3737 1862 ἀσθενέστερος

503 1869 574 1922 tia
617 1869 883 1927 infirmior
912 1874 1018 1939 sit,
1061 1875 1189 1929 dum
1238 1886 1427 1945 peccat
1482 1894 1605 1935 sese
1651 1880 1983 1947 occultabit,
2013 1888 2069 1936 et

502 1971 770 2033 pungente
794 1967 1132 2022 conscientia
1161 1967 1394 2027 fortasse
1424 1972 1728 2043 resipiscet,
1757 1982 1920 2044 atque
1950 1989 2069 2028 ma-

502 2051 629 2118 litiae
667 2075 781 2115 sua:
818 2062 1119 2117 remedium
1152 2081 1249 2137 per
1276 2065 1677 2122 confessionem
1710 2083 1774 2122 ac
1798 2068 2068 2123 sinceram

505 2153 869 2221 paenitentiam
900 2158 1249 2227 echgitabit.
1287 2157 1393 2213 Sed
1423 2160 1515 2229 qui
1548 2167 1744 2229 potens
1776 2166 1861 2215 est
1887 2161 1940 2213 in
1965 2159 2068 2213 ini-

503 2242 738 2312 quitate,
770 2244 825 2298 in
862 2244 981 2316 ipsa
1011 2247 1259 2317 superbit
1289 2257 1343 2303 et
1374 2249 1672 2320 gloriatur,
1699 2258 1754 2305 et
1780 2251 1935 2321 quasi
1959 2267 2069 2305 ma-

503 2349 607 2406 gno
640 2336 788 2391 edito
814 2336 1057 2393 facinore
1078 2354 1200 2394 sese
1241 2347 1497 2395 ostentat.
1547 2340 1627 2394 Ac
1668 2342 1881 2397 videtur
1910 2340 2065 2405 mihi,

502 2442 553 2481 in
583 2429 835 2497 praesenti
859 2446 1111 2485 sermone
1138 2431 1472 2487 contrarium
1499 2432 1734 2488 describi
1760 2448 1986 2497 morem,
2016 2432 2068 2488 ei

501 2519 587 2587 qui
622 2519 675 2573 in
706 2522 914 2592 psalmo
943 2537 972 2575 L
1002 2522 1070 2577 de
1117 2525 1411 2581 confitente
1460 2525 1802 2595 designatur.
1866 2522 1925 2579 In
1973 2525 2069 2579 illo

500 2626 730 2682 namque
777 2614 870 2683 qui
917 2615 1086 2670 semel
1134 2615 1190 2671 in
1241 2618 1506 2672 malitiam
1549 2619 1738 2689 lapsus
1790 2626 1928 2687 erat,
1962 2619 2068 2674 ali-

498 2702 713 2772 quando
748 2704 1136 2775 resipiscebat,
1169 2721 1233 2760 ac
1262 2722 1385 2763 sese
1432 2710 1744 2764 macerabat
1772 2709 1825 2763 in
1851 2708 2068 2765 confes-

497 2795 671 2858 sione,
724 2809 933 2865 suaque
975 2794 1127 2850 mala
1180 2795 1436 2855 deﬂebat.
1492 2799 1564 2853 At
1593 2800 1641 2854 ei
1668 2799 1736 2855 de
1765 2814 1874 2870 quo
1923 2817 2070 2857 nunc

497 2902 696 2950 sermo,
729 2888 785 2943 in
810 2889 1017 2944 malitia
1041 2891 1256 2964 degenti
1278 2891 1484 2947 dicitur
1513 2911 1527 2948 :

566 2979 728 3037 Vens.
797 2982 908 3037 7-9.
970 2982 1041 3037 Et
1103 2985 1283 3038 eradet
1337 2992 1384 3039 te
1433 2983 1496 3039 de
1553 2983 1893 3041 tabernaculo
1954 2993 2068 3050 tuo,

2173 1878 2231 1931 ὲν
2262 1877 2447 1949 κακίᾳ,
2474 1876 2834 1947 ὲγκαλύψεται
2863 1879 3206 1949 ἁμαρτάνων,
3239 1881 3329 1934 καὶ
3356 1881 3460 1935 ὑπὸ
3489 1881 3587 1952 τῆς
3616 1900 3731 1935 συν-

2172 1969 2429 2041 ειδήσεως
2480 1970 2867 2041 κεντούμενος,
2924 1974 3303 2043 μετανοήσειεν
3353 1972 3451 2037 ἀν,
3498 1975 3591 2028 καὶ
3638 1974 3733 2044 τῆς

2171 2058 2362 2114 ἑαυτοῦ
2400 2060 2594 2123 κακίας
2625 2063 2992 2134 περινοήσειεν
3025 2063 3201 2134 ἐαυτῷ
3232 2063 3517 2135 φάρμακον
3548 2064 3612 2117 δι’
3647 2063 3726 2129 ἐξ.

2171 2150 2540 2223 ομολογήσεως
2573 2153 2664 2205 καὶ
2693 2153 3010 2225 εἰλικρινοῦς
3034 2154 3319 2225 μετανοίας
3338 2172 3352 2185 ·
3376 2156 3406 2208 6
3428 2154 3484 2208 δὲ
3515 2154 3731 2209 δυνατὸς

2171 2245 2228 2298 ὲν
2257 2243 2425 2316 κακίᾳ
2445 2244 2702 2312 τυφοῦται
2735 2244 2820 2296 ἐπ’
2846 2245 3010 2317 αὐτῇ,
3036 2247 3127 2299 καὶ
3159 2247 3510 2317 ὲγκαυχᾶται,
3538 2246 3611 2310 ὡς
3639 2248 3729 2299 ὲπῖ

2173 2337 2393 2409 μεγάλῳ
2424 2336 2804 2409 κατορθώματι
2852 2340 3264 2409 σεμνυνόμενος.
3311 2339 3420 2392 Καί
3462 2357 3548 2411 μοι
3585 2339 3749 2394 δοκεί

2169 2428 2261 2482 τὸν
2308 2428 2549 2483 ἐναντίον
2587 2428 2786 2500 τρόπον
2828 2429 3143 2500 διαγράφειν
3180 2432 3208 2483 6
3241 2430 3430 2503 παρὼν
3469 2431 3623 2500 λόγος
3655 2433 3731 2504 τῆν

2171 2517 2790 2592 προεξομολογησαμένῳ
2823 2522 2880 2574 ὲν
2903 2520 2982 2591 τῷ
3012 2528 3051 2574 ν’
3085 2521 3403 2592 ψαλμῷ.Ἐν
3429 2522 3619 2593 ἐκείνῳ
3639 2525 3727 2595 μὲι

2170 2612 2277 2683 γὰρ
2318 2609 2605 2682 ὀλισθήσας
2654 2614 2711 2666 ὲν
2761 2613 2929 2685 κακίᾳ.
2973 2612 3136 2679 ἅπαξ,
3176 2612 3307 2668 ποτε
3350 2613 3717 2685 μετεγίνωσκε

2170 2706 2264 2759 καὶ
2289 2706 2477 2759 ἑαυτὸν
2508 2704 2735 2760 ἔκοπτεν
2767 2705 3267 2778 ἐξομολογούμενος,
3310 2706 3402 2760 καὶ⁸
3443 2707 3513 2761 τά
3544 2709 3728 2763 ἑαυτοῖ

2170 2797 2315 2849 κακὰ
2347 2794 2751 2867 ἀποκλαόμενος
2781 2788 2898 2868 (εἷο)
2918 2813 2931 2826 ·
2962 2798 2991 2851 6
3030 2795 3088 2851 δὲ
3126 2794 3313 2869 παρὼν
3356 2799 3414 2852 ὲν
3464 2799 3631 2872 κακίᾳ
3659 2801 3746 2859 tiu

2252 2902 2338 2939 σι·

2252 2903 2338 2939 σι·

2170 2903 2349 3035 “Kal
2415 2979 2710 3046 ἀποξύσει
2760 2996 2836 3036 σε
2899 2981 3020 3037 ἀπὸ
3057 2980 3168 3052 τῆς
3220 2983 3477 3053 σκηνῆς,
3514 2983 3616 3039 καί
3640 2984 3712 3040 ἐκ

495 3082 540 3129 et
570 3074 858 3129 eradicabit
915 3084 964 3130 te
994 3076 1058 3130 de
1096 3085 1239 3131 terra
1279 3077 1556 3132 viventium
1603 3078 1659 3132 in
1689 3086 1972 3142 internum;
2010 3085 2060 3132 ut

2163 3070 2391 3144 ριζῶσει
2416 3087 2492 3129 σε
2529 3074 2598 3129 ἐκ
2632 3072 2744 3144 τῆς
2785 3072 3011 3136 ζώντων
3037 3076 3242 3131 eludet“
3274 3076 3360 3132 ἵνα
3386 3075 3585 3131 δίκαιοι
3613 3076 3725 3149 βλι.

495 3165 743 3223 videntes
787 3169 923 3238 justi
1008 3184 1223 3241 semper
1269 3171 1531 3235 timeant,
1582 3171 1870 3243 ipsumque
1920 3170 2066 3227 deri-

495 3255 687 3323 deant,
724 3272 786 3313 ac
820 3259 1005 3314 dicant
1037 3264 1061 3316 τ’
1089 3260 1222 3317 Ecce
1249 3261 1424 3326 homo,
1448 3261 1539 3333 qui
1562 3279 1667 3317 non
1693 3264 1867 3332 posuit
1896 3262 2065 3318 Deum

493 3353 733 3407 virtutem
761 3371 912 3408 suam
931 3396 946 3421 ,
996 3355 1087 3411 sed
1131 3361 1359 3427 speravit
1409 3358 1463 3411 in
1490 3356 1823 3412 multitudine
1848 3356 2065 3412 divitia-

492 3460 610 3499 rum
657 3461 899 3510 suarum,
946 3458 996 3502 et
1028 3450 1304 3519 prwvaluit
1353 3450 1410 3504 in
1456 3448 1762 3504 calamitate
1788 3465 1906 3505 sua.
1940 3448 2064 3505 Haec

490 3554 653 3610 porro
679 3540 837 3610 quasi
868 3540 936 3596 de
966 3539 1108 3597 Doec
1137 3542 1281 3597 diota
1310 3553 1458 3606 sunt,
1491 3542 1583 3613 qui
1616 3558 1812 3614 genere
1844 3543 2063 3613 quidem

491 3628 664 3701 Syrus
707 3638 847 3696 erat,
879 3631 975 3688 sed
1018 3633 1072 3686 in
1105 3633 1288 3689 medio
1317 3634 1531 3689 Israclis
1566 3633 1916 3700 Versabatur;
1953 3634 2064 3688 imo

489 3720 723 3778 fortasse
748 3724 892 3794 piam
918 3724 1232 3796 religionem
1268 3726 1554 3789 simulans,
1586 3739 1695 3780 una
1725 3740 1849 3779 cum
1881 3724 2063 3779 multi-

489 3814 679 3869 tudine
728 3817 783 3869 in
828 3815 1240 3870 tabernaculum
1273 3816 1363 3871 Dei
1396 3825 1763 3872 concesserat.
1827 3817 1891 3870 Et
1931 3833 2061 3873 sane

489 3906 634 3962 dicta
659 3918 788 3964 sunt
817 3908 1005 3962 isthazc
1036 3909 1101 3962 ad
1146 3925 1415 3981 quemque
1441 3912 1494 3964 in
1526 3911 1733 3964 malitia
1764 3918 2058 3981 potentem,

489 3998 579 4068 qui
609 3998 791 4067 lingua
823 4014 921 4070 pro
958 3999 1138 4069 gladio
1184 4007 1367 4053 utatur
1417 3999 1484 4053 ad
1527 4000 1830 4054 animarum
1878 4000 2061 4071 perni-

488 4090 649 4155 ciem,
674 4106 833 4160 quem
862 4106 962 4145 ceu
986 4091 1275 4162 quamdam
1312 4107 1551 4144 amaram
1580 4102 1635 4146 et
1660 4093 1942 4146 exitiosam
1966 4108 2057 4146 ra-

488 4181 688 4248 dicem,
716 4183 1020 4235 animarum
1057 4181 1294 4252 agricola
1322 4181 1545 4248 evellet,
1573 4182 1785 4237 etiamsi
1812 4181 2060 4237 videatur

486 4273 552 4329 ad
592 4274 756 4328 breve
791 4281 1003 4344 tempus
1046 4272 1099 4327 in
1142 4273 1494 4327 tabernaculo
1526 4272 1618 4329 Dei
1645 4279 1697 4327 et
1733 4276 1786 4327 in
1817 4272 2056 4330 Ecclesia

485 4367 658 4440 Ipsius
688 4367 967 4436 plantatus
1001 4363 1189 4419 fuisse.
1258 4363 1492 4421 Evulsus
1527 4372 1707 4420 autem
1743 4366 1867 4420 talis
1895 4366 2057 4422 homo

2167 3182 2360 3230 ποντες
2394 3166 2483 3221 ἀεὶ
2515 3166 2805 3237 φοϐῶνται,
2836 3168 2930 3223 καὶ
2965 3168 3343 3238 καταγελῶσιν.
3359 3168 3521 3223 αὑτοῦ
3553 3168 3726 3238 λέγον⁴

2164 3274 2282 3323 τες·
2319 3257 2465 3314 Ἰδοὺ
2514 3259 2822 3329 ἄνθρωπος
2842 3298 2859 3325 ,
2915 3259 2984 3328 ὃς
3020 3262 3093 3315 οὐ
3137 3260 3413 3330 προέθετο
3447 3261 3551 3315 τὸν
3585 3262 3729 3317 Θεὸν

2166 3351 2351 3421 ἰσχὺν
2389 3351 2574 3408 αὑτοῦ
2593 3368 2607 3383 ο
2655 3353 2794 3408 ἀλλ’
2841 3352 3202 3421 ἐπεποίθησε
3247 3352 3327 3419 τῷ
3373 3352 3587 3422 πλήθει
3626 3357 3747 3411 τοῦ

2164 3443 2431 3499 πλούτου
2471 3442 2675 3506 αὐτοῦ,
2709 3444 2808 3498 καί
2845 3444 3315 3515 ἐνισχυρεύοατο
3344 3441 3421 3513 τῇ
3458 3440 3740 3514 συμφροᾷ

2163 3528 2398 3588 ἑαυτοῦ.
2421 3533 2681 3588 Λέλεκται
2708 3534 2765 3589 δὲ
2792 3534 2963 3589 ταῦτα
3005 3536 3081 3599 ὡς
3107 3534 3242 3608 πρὸς
3273 3535 3362 3590 τὸν
3402 3535 3580 3607 Δωὴκ,
3604 3536 3741 3590 ὄντα

2166 3626 2267 3697 μὲν
2293 3625 2461 3699 Σύρον
2491 3626 2553 3679 τὸ
2575 3626 2750 3696 γένος,
2780 3627 3253 3698 ἀναστρεφόμενον
3284 3626 3340 3680 δὲ
3367 3627 3425 3679 ἐν
3459 3626 3608 3699 μέσῳ
3633 3625 3720 3679 τοί

2176 3718 2424 3791 Ἰσραήλο
2453 3719 2547 3773 καί
2579 3736 2682 3773 που
2712 3719 2852 3792 τάχα
2898 3721 2991 3774 καὶ
3025 3719 3437 3791 παραϐάλλοντα
3476 3720 3614 3791 μετά
3636 3720 3721 3773 τοῖ

2162 3812 2400 3885 πλήθους
2418 3814 2497 3877 είς
2524 3812 2623 3883 τὴν
2649 3813 2852 3885 σκηνὴν
2875 3812 2968 3867 τοῦ
3000 3813 3155 3875 Θεοῦ,
3187 3812 3455 3867 θεοσεϐεῖν
3478 3830 3538 3866 τε
3566 3830 3710 3885 προσ

2161 3904 2498 3978 ποιούμενον.
2526 3904 2791 3959 Λέλεκται
2822 3904 2879 3959 δὲ
2927 3906 3021 3959 καὶ
3054 3906 3186 3977 πρὸς
3226 3905 3401 3959 πάντα
3426 3904 3516 3958 τὸν
3538 3907 3595 3958 ὲν
3627 3921 3731 3959 κα-

2160 3999 2257 4071 κίᾳ
2292 3998 2535 4062 δυνατὸν,
2569 4000 2635 4069 τῇ
2678 3996 2897 4071 γλώσσῃ
2936 3996 3214 4069 χρώμενον
3254 3998 3374 4051 ἀντὶ
3414 3996 3601 4068 ξίφους
3636 3997 3723 4051 se.

2157 4091 2345 4163 ψυχῶν
2372 4091 2636 4162 ἀπωλείᾳ,
2666 4091 2853 4164 ὥσπερ
2884 4091 3005 4145 τινά
3046 4091 3246 4162 πικράν
3274 4092 3369 4146 καὶ
3397 4090 3732 4165 λυμαντικὴν

2161 4187 2334 4259 ῥίζαν,
2364 4189 2393 4240 6
2422 4186 2531 4240 τῶν
2556 4184 2743 4256 ψυχῶν
2769 4183 3009 4255 γεωργὸς
3048 4184 3274 4246 ὲκτῖλαι,
3300 4184 3403 4238 κᾶν
3433 4184 3561 4256 δοκῇ
3594 4185 3731 4256 πρὸς

2161 4279 2365 4353 βραχύν
2392 4296 2511 4332 τινα
2542 4278 2730 4349 χρόνον
2771 4278 2828 4331 ἐν
2867 4276 2943 4347 τῷ
2974 4275 3289 4348 σκηνώματι
3330 4274 3423 4328 τοῦ
3463 4275 3599 4334 Θεοῦ
3636 4272 3732 4328 καὶ

2158 4377 2217 4429 ὲν
2246 4377 2311 4446 τῇ
2353 4372 2644 4445 Ἐκκλησία
2669 4370 2831 4425 αὐτοῦ
2873 4368 3259 4440 πεφυτεῦσθαι.
3299 4367 3576 4430 Ἐκταλεὶς
3606 4367 3717 4439 (sic‘

485 4477 548 4516 ac
580 4460 769 4532 procul
801 4459 1151 4515 tabernaculo
1201 4464 1514 4513 sanctorum
1546 4458 1775 4527 ejectus,
1809 4458 1862 4512 in
1890 4459 2056 4513 mise-

2163 4462 2211 4517 δὲ
2237 4464 2265 4517 6
2295 4461 2531 4524 τοιοῦτος
2559 4462 2651 4514 καὶ
2687 4460 2900 4533 μακρὰν
2932 4460 3257 4533 ἀπορριφεὶς
3282 4457 3377 4511 τοῦ
3414 4457 3522 4512 τῶν
3555 4458 3715 4526 ἀγίωι

484 4556 655 4610 rabile
681 4554 1045 4625 spectaculum
1075 4560 1307 4624 ponetur
1328 4551 1395 4605 ad
1426 4553 1712 4606 utilitatem
1742 4561 1795 4607 et
1821 4553 2052 4622 castiga-

484 4650 691 4705 tionem
717 4648 1013 4703 videntium
1064 4664 1077 4701 :
1134 4646 1227 4715 qui
1265 4646 1503 4700 terribile
1530 4645 1621 4700 Dei
1653 4645 1915 4700 adversus
1944 4645 2048 4698 liu-

484 4739 721 4811 jusmodi
765 4740 1039 4793 hominem
1067 4738 1333 4809 judicium
1360 4738 1534 4793 oculis
1570 4737 1932 4808 percipientes
1952 4778 1966 4802 ,
1996 4737 2049 4791 id

484 4832 781 4891 curabunt,
817 4831 869 4886 id
919 4830 1210 4893 cavebunt,
1248 4837 1308 4885 ut
1347 4845 1415 4885 ue
1463 4830 1520 4883 in
1572 4830 1725 4901 paria
1779 4829 2045 4886 incidant.

484 4919 689 4978 Deinde
724 4921 1003 4990 pristinam
1037 4923 1269 4990 potentis
1307 4922 1360 4976 in
1403 4923 1605 4978 malitia
1637 4927 2036 4996 arrogantiam,

485 5014 866 5073 sublimitatem
915 5022 967 5068 et
1022 5015 1327 5084 superbiam
1388 5017 1646 5071 memoria
1702 5026 2036 5088 repetentes,

479 5116 646 5178 atque
689 5107 1025 5164 advertentes
1056 5125 1197 5173 eam,
1231 5125 1352 5180 qua:
1392 5122 1573 5180 postea
1617 5112 1788 5182 ipsum
1819 5112 2033 5175 invasit,

480 5198 838 5271 objectionem
867 5215 930 5253 ac
953 5202 1268 5269 perniciem,
1288 5201 1394 5255 risu
1421 5202 1641 5273 dignum
1668 5204 2035 5269 aestimabunt,

479 5294 889 5349 considerantes
912 5311 973 5347 ex
1002 5293 1257 5364 qualibus
1286 5292 1340 5346 in
1366 5293 1546 5362 qualia
1574 5294 1870 5364 deciderit;
1897 5296 2047 5367 judi-

479 5387 623 5442 cium
660 5387 753 5443 Dei
798 5389 1139 5458 probabunt,
1175 5387 1495 5457 justumque
1542 5400 1666 5445 esse
1710 5370 2043 5447 fatebuntur.

480 5478 593 5533 Sub
617 5478 731 5533 haec
760 5480 1130 5533 calamitatum
1154 5478 1308 5550 impii
1352 5494 1549 5536 causas
1588 5482 1926 5552 expendent,
1963 5497 2045 5536 re-

476 5580 623 5628 ctum
677 5586 800 5627 esse
838 5572 1106 5641 judicium
1161 5570 1256 5629 Dei
1296 5574 1674 5643 praedicantes.
1719 5574 2043 5646 Oportuerat

548 5745 592 5778 "
633 5745 791 5800 Prov.
834 5765 1005 5816 xvm,
1043 5749 1132 5805 i7.

2158 4553 2545 4625 σκηνώματος,
2594 4553 2771 4624 θέαμα
2820 4553 3060 4607 κείσεται
3106 4551 3320 4623 οἰκτρὸν
3371 4550 3454 4605 ἐπ’
3495 4550 3732 4618 ὠφελείᾳ

2155 4649 2250 4702 καὶ
2281 4644 2639 4718 σωφρονισμῷ
2666 4645 2772 4699 τῶν
2803 4644 3072 4716 ὁρώντων,
3098 4645 3170 4708 οἶ,
3200 4642 3298 4715 τὴν
3328 4643 3599 4714 ἀπότομον
3630 4644 3712 4695 τοί

2153 4738 2289 4794 θεοῦ
2316 4737 2456 4793 κατὰ
2485 4737 2579 4791 τοῦ
2605 4737 2844 4791 τοιούτου
2873 4736 3050 4809 κρίσιν
3076 4734 3369 4807 ὀφθαλμοῖς
3394 4733 3733 4806 παραλαϐόν-

2152 4849 2242 4896 τες
2262 4873 2277 4897 ,
2316 4832 2675 4901 ἀγωνιάσηυσι
2729 4830 2823 4883 καὶ
2865 4829 3184 4899 φυλάξονται
3231 4828 3305 4900 μὴ
3358 4829 3471 4890 τοῖς
3518 4825 3715 4898 όμοίοιι

2152 4927 2486 4997 περιπεσεῖν.
2530 4919 2662 4977 Εἶτα
2700 4922 3060 4994 ἀναφέροντες
3084 4924 3149 4993 τῇ
3181 4921 3369 4993 μνήμῃ
3399 4919 3499 4990 τὴν
3525 4916 3725 4991 προτέ-

2153 5034 2253 5090 ραν
2299 5017 2393 5071 τοῦ
2434 5015 2656 5069 δυνατοῦ
2696 5018 2753 5069 ὲν
2786 5015 2953 5089 κακίᾳ
2984 5013 3372 5087 μεγαλαυχίαν,
3397 5012 3460 5066 τό
3496 5029 3557 5065 τε
3589 5010 3713 5081 ῦψοτ

2152 5111 2246 5167 καὶ
2274 5111 2373 5183 τὴν
2401 5108 2775 5181 ὑπερηφανίαν
2800 5107 2986 5171 αὑτοῦ,
3012 5106 3241 5179 ὁρῶντες
3261 5105 3319 5160 δὲ
3348 5104 3442 5159 καὶ
3460 5104 3560 5176 τὴν
3584 5105 3733 5176 μετά

2150 5202 2324 5257 ταῦτα
2363 5199 2723 5273 μετελθοῦσαν
2763 5198 2924 5253 αὐτὸν
2961 5196 3285 5251 ταπείνωσιν
3325 5213 3385 5250 τε
3432 5197 3525 5250 καὶ
3569 5194 3710 5249 armis

2147 5297 2316 5360 λειαν,
2360 5293 2761 5363 καταγέλαστον
2803 5292 2962 5346 αὐτὸν
3010 5292 3325 5363 ἡγήσονται,
3360 5288 3418 5355 ἐξ
3463 5288 3593 5342 οἵων
3639 5289 3732 5341 είς

2144 5382 2231 5441 οἷα
2267 5385 2657 5457 μεταπέπτωκε
2683 5383 2972 5452 θεώμενον
3000 5378 3344 5446 ἀποδέξονται
3376 5377 3434 5431 δὲ
3464 5374 3557 5428 τοῦ
3584 5374 3735 5428 Θεοιὶ

2143 5482 2242 5552 τὴν
2272 5479 2469 5551 κρίσιν,
2499 5476 2713 5531 δικαίαν
2761 5474 2930 5546 αὐτὴν
2969 5469 3104 5527 εἶναι
3147 5469 3545 5543 ὁμολογοῦντες.
3584 5462 3732 5524 Εἷτῦ

2145 5574 2235 5627 καὶ
2266 5573 2364 5637 τάς
2396 5572 2574 5635 αἰτίας
2610 5568 2989 5633 διελεύσονται,
3022 5567 3089 5620 δι’
3131 5566 3197 5629 ἃς
3232 5565 3403 5620 ταῦτα
3449 5561 3705 5631 πέπονθε*
