4024 6202
301 281 406 335 “9

1409 260 1905 322 COMMENTARIA
1941 259 2006 316 IN
2053 253 2392 314 PSALMOS.

3414 242 3516 298 450

299 397 325 448 ό
356 391 574 463 ἀσεϐὴς,
602 386 930 450 δικαιοῦντες
960 383 1059 456 τὴν
1086 369 1180 439 τοῦ
1211 379 1342 438 Θεοῦ
1375 381 1571 453 κρίσιν.
1598 380 1726 434 Δέον
1749 378 1857 451 γὰρ

1975 375 2103 429 :nim
2144 387 2254 426 non
2299 378 2410 424 tam
2453 367 2628 424 eﬂ‘erri
2674 367 2740 423 de
2765 365 3000 428 divitiis,
3033 377 3133 417 nec
3179 360 3246 416 de
3281 368 3519 414 vanitate

302 485 375 556 μὴ
403 484 493 536 ἐπὶ
524 480 736 552 πλούτῳ
762 478 900 550 μέγα
923 479 1154 547 φρονεῖν,
1182 473 1298 544 μηδ’
1323 471 1413 525 ἐπὶ
1437 473 1503 542 τῇ
1543 468 1861 541 ματαιότητι

297 575 390 628 τοῦ
425 573 684 645 παρόντος
720 570 834 641 βίου
880 565 1230 638 ἐπαίρεσθαι,
1288 564 1448 635 μόνον
1492 562 1549 614 δὲ
1596 561 1686 614 τὸν
1731 558 1862 612 Θεὸν

297 666 486 719 ἐλπίδα
518 666 610 718 καὶ
636 645 826 735 βοηθὸν
855 659 1017 714 αὑτοῦ
1054 656 1312 717 τίθεσθαι,
1344 656 1440 709 καὶ
1462 653 1555 706 ἐπὶ
1587 651 1758 724 ταύτῃ
1790 650 1864 721 μὴ

298 757 542 811 σαλεύειν
577 758 641 827 τῇ
676 753 880 807 ἐλπίδι·
925 753 953 804 ό
995 749 1050 802 δὲ
1098 749 1195 818 τὴν
1231 749 1327 819 μὲν
1366 744 1573 816 ἀγαθὴν
1620 744 1864 814 ἄγκυραν

297 849 397 918 τῆς
451 846 639 901 ἐαυτοῦ
695 845 867 915 ψυχῆς
917 840 1334 901 καταλέλοιπεν,
1392 837 1485 888 ἐπὶ¹
1544 835 1753 906 ματαίῳ
1807 833 1864 886 δὲ

299 938 511 1010 πλούτῳ
569 938 666 1000 τὰς
724 933 939 996 ἐλπίδας
1005 932 1348 1002 ἀναρτήσας,
1399 924 1586 978 ἐαυτὸν
1641 921 1860 985 ἔπαιξε,

298 1032 458 1085 πλέον
502 1030 712 1099 ούδὲνῆ
758 1027 968 1097 γέλωτα
1017 1023 1256 1092 ὀφλήσας
1301 1020 1393 1073 ἐπὶ
1431 1020 1497 1088 τῇ
1551 1015 1714 1069 αὑτοῦ
1760 1031 1863 1086 μα-

298 1124 426 1195 ταίᾳ
453 1124 544 1176 καὶ
571 1122 762 1192 ἄφρονι
799 1117 1155 1191 μεγαλαυχίᾳ.

381 1215 519 1286 Ἐγὼ
556 1214 643 1276 δὲ,
685 1213 827 1267 ὡσεὶ
873 1210 1047 1263 ἐλαία
1086 1207 1464 1274 κατάκαρπος
1501 1203 1570 1256 ἐν
1603 1197 1681 1266 τῷ
1723 1199 1865 1262 οῑκφ

301 1307 406 1361 τοῦ
436 1306 602 1371 Θεοῦ,
633 1304 867 1373 ἤλπισα
894 1301 990 1354 ἐπὶ
1022 1299 1088 1353 τὸ
1123 1301 1292 1364 ἕλεος
1327 1296 1432 1350 τοῦ
1470 1291 1619 1348 Θεοῦ
1653 1294 1739 1358 εἰς
1760 1289 1867 1343 τὸν

299 1395 498 1459 αἰῶνα,
538 1394 634 1448 καί
671 1396 757 1460 εἰς
800 1391 906 1446 τὸν
957 1389 1141 1469 αἰῶνα
1186 1388 1289 1442 τοῦ
1324 1385 1556 1451 αἰῶνος.
1591 1383 1650 1437 Ὃ
1685 1382 1780 1453 μὲν
1809 1383 1866 1434 ἐν

301 1487 466 1558 κακία
501 1486 720 1548 δυνατὸς
764 1481 946 1537 ὁποίου
994 1481 1183 1544 τέλους
1218 1478 1484 1544 τεύξεται,
1522 1476 1610 1530 διὰ
1641 1475 1747 1528 τῶν
1787 1475 1867 1527 εί-

301 1580 551 1651 ρημένων
613 1574 1022 1649 μεμαθήκαμεν.
1084 1571 1224 1640 Ἐγὼ
1271 1571 1349 1634 δὲ,
1398 1569 1560 1641 φησὶν
1604 1569 1633 1621 ὁ
1686 1565 1864 1631 Δαυτδ,

299 1670 474 1724 ταῦτα
515 1667 823 1728 παιδευθείς
859 1665 992 1737 πρὸς
1038 1663 1129 1717 τοῦ
1172 1663 1325 1730 ἁγίου
1370 1660 1698 1731 Πνεύματος,
1741 1657 1864 1711 οὔτε

1961 467 2085 522 vita:
2115 463 2396 533 prmentis
2428 461 2645 524 extolli;
2672 459 2765 514 sed
2797 473 2961 512 unum
2989 455 3156 510 Deum
3199 453 3253 506 in
3287 467 3433 521 spem
3464 458 3523 505 et

1963 557 2220 612 auxilium
2276 555 2379 610 sibi
2423 568 2652 624 ponere,
2711 559 2870 620 atque
2911 549 2968 602 in
3015 547 3106 600 tali
3153 559 3248 613 spe
3277 558 3386 596 non
3415 541 3520 596 llu-

1962 661 2170 706 ctnare.
2213 649 2303 703 Ille
2332 661 2460 702 vero
2489 647 2630 700 bona
2654 644 2846 698 anima:
2876 654 2987 696 sua:
3007 638 3245 692 anchora
3273 633 3520 697 dimissa,

1963 751 2123 812 atque
2167 741 2220 794 in
2261 739 2464 794 divitiis
2493 735 2746 790 inanibus
2777 747 2871 802 Spe
2906 729 3164 800 reposita,
3197 724 3302 781 sibi
3329 722 3431 792 ipsi
3458 721 3523 775 il-

1964 835 2120 899 lusit;
2165 833 2406 901 nihilque
2452 828 2598 883 aliud
2646 827 2714 881 de
2757 839 2894 880 vana
2935 823 3026 876 illa
3064 830 3117 878 et
3152 819 3342 872 insana
3372 824 3523 868 arru-

1961 927 2144 998 gantia
2177 924 2378 992 retulit,
2407 937 2566 993 quam
2594 919 2740 990 quod
2770 933 2829 973 se
2855 915 3143 970 ridiculum
3170 910 3452 980 praeberet.

2034 1202 2199 1256 Vens.
2246 1197 2334 1253 10.
2392 1194 2503 1264 Ego
2555 1200 2728 1245 autem
2775 1190 2908 1242 sicut
2956 1185 3093 1240 oliva
3140 1181 3418 1252 fructifera
3471 1178 3528 1234 in

1963 1294 2116 1348 domo
2148 1291 2276 1354 Dei,
2328 1287 2531 1358 speravi
2576 1287 2626 1338 in
2674 1279 3034 1336 misericordia
3065 1276 3160 1329 Dei
3190 1277 3243 1328 in
3275 1284 3528 1328 wternum

1963 1398 2010 1442 et
2039 1387 2092 1440 in
2123 1383 2373 1439 sarculum
2403 1378 2602 1434 swculi.
2657 1373 2759 1441 Qui
2788 1373 2908 1426 linis
2945 1371 3160 1424 futurus
3184 1368 3258 1420 sit
3287 1367 3407 1434 ejus
3431 1363 3526 1435 qui

1964 1485 2156 1548 potens
2191 1481 2275 1529 est
2311 1473 2365 1525 in
2410 1469 2715 1538 iniquitate,
2759 1479 2822 1518 ex
2851 1462 2961 1530 jam
2987 1459 3147 1513 dictis
3179 1455 3526 1511 edidicimus.

1966 1569 2076 1641 Ego
2101 1564 2394 1630 autem,ait
2425 1559 2609 1622 David,
2635 1558 2720 1612 his
2743 1554 2991 1610 eruditus
3025 1567 3055 1605 a
3079 1548 3283 1620 Spiritu
3315 1554 3527 1608 sancto,

1965 1640 2141 1732 neque
2187 1658 2256 1713 de
2298 1651 2644 1710 multitudine
2684 1658 3157 1717 temporanearum
3196 1640 3529 1702 divitiarum,

303 1761 398 1813 ἐπὶ
445 1759 634 1829 πλήθει
683 1731 913 1809 πλούτου
970 1753 1300 1825 προσκαίρου
1358 1750 1652 1822 ἐπαρθείην
1703 1749 1866 1814 ποτέ,

1975 1767 2146 1823 neque
2190 1750 2257 1805 de
2301 1747 2540 1802 vanitate
2586 1740 2832 1796 mortalis
2879 1738 3004 1792 vita:
3058 1749 3295 1805 unquam
3359 1731 3533 1788 extol-

303 1851 428 1904 οὗτε
475 1851 568 1902 ἐπὶ
619 1847 930 1920 ματαιότητι
972 1845 1064 1898 τοῦ
1113 1841 1304 1914 θνητοῦ
1353 1842 1499 1913 βίου’
1536 1843 1869 1908 Ματαιότης

306 1945 418 2014 γὰρ
465 1941 866 2012 ματαιοτήτων
886 1978 900 2001 ,
947 1938 1018 1992 τὰ
1065 1937 1259 1991 πάντα
1309 1936 1650 2006 ματαιότης.
1712 1932 1870 1986 Ἀλλά

306 2035 402 2087 καὶ
458 2033 670 2104 φεύγων
721 2034 819 2105 τὴν
850 2033 968 2087 ὁδὸν
1008 2029 1101 2085 τοῦ
1157 2028 1380 2083 δυνατοῦ
1436 2029 1495 2080 ἐν
1524 2027 1711 2098 κακία,
1771 2026 1870 2096 τὴν

301 2123 540 2194 ἐμαυτοῦ
590 2123 833 2193 γλῶτταν
885 2124 980 2176 καὶ
1039 2121 1109 2175 τὰ
1161 2121 1380 2192 ῥήματα
1441 2119 1542 2172 οὐκ
1593 2119 1673 2181 εἰς
1722 2116 1871 2170 ἀπώ-

298 2218 450 2273 λειαν
475 2216 673 2288 ἐτέρων
725 2217 1073 2287 ἀκονήσαιμι,
1097 2213 1213 2268 ἀλλ’
1261 2213 1350 2265 ἐπ’
1375 2210 1612 2282 ὠφελείᾳ
1662 2208 1868 2280 ψυχῶν,

298 2312 397 2364 καὶ
426 2312 505 2374 είς
526 2309 797 2364 διακονίαν
823 2307 1104 2380 σωτηρίων
1139 2305 1332 2374 λόγων.
1382 2305 1493 2359 Καὶ
1511 2307 1630 2366 ταῖς
1660 2303 1871 2366 λοιπαῖς

297 2401 644 2474 δὲιπράξεσιν
675 2401 848 2464 οὕτως
880 2399 946 2455 ἂν
973 2398 1232 2471 γενοίμην
1267 2396 1498 2468 εὐθαλὴς
1550 2395 1642 2448 καὶ
1669 2393 1869 2465 εύκαρ-

300 2511 424 2561 πος,
472 2495 547 2558 ὡς
594 2492 1033 2567 παραϐάλλεσθαι
1094 2510 1194 2565 μου
1254 2491 1351 2563 τὴν
1403 2487 1577 2560 ψυχὴν
1636 2486 1876 2541 ἀειθαλεῖ

316 2589 401 2642 καὶ
437 2588 768 2658 πολυκάρπῳ
801 2585 950 2657 φυτῷ
1005 2587 1062 2639 ἐν
1101 2584 1233 2656 οἴκῳ
1279 2583 1413 2637 Θεοῦ
1458 2581 1868 2651 πεφυτευμένῳ.

300 2679 394 2732 Διό
428 2696 587 2750 φημι’
631 2677 776 2747 Ἐγὼ
802 2677 871 2730 δὲ
901 2676 1042 2730 ὡσεὶ
1063 2676 1234 2730 ἐλαία
1282 2673 1656 2741 κατάκαρπος
1683 2672 1753 2724 ἐν
1793 2672 1874 2738 τῷ

298 2773 449 2835 οῑκῳ
475 2771 580 2824 τοῦ
607 2769 774 2824 Θεοῦ·
807 2771 840 2840 ἢ
867 2770 1005 2822 κατά
1024 2769 1112 2822 τὸν
1138 2768 1448 2840 Σύμμαχον·
1483 2765 1622 2836 Ἐγὼ
1643 2764 1712 2818 δὲ
1731 2764 1874 2818 ὡσεί

299 2862 482 2916 ἐλαία
502 2859 762 2926 εὐθαλὴς
800 2859 869 2911 ἐν
894 2856 974 2922 τῷ
1006 2860 1148 2922 οῑκῳ
1209 2859 1315 2913 τοῦ
1367 2856 1533 2912 Θεοῦ.
1587 2857 1722 2910 Οὐδὲ
1765 2857 1872 2930 γὰρ

304 2951 568 3005 ἀπένευον
598 2949 690 3002 τοῦ
717 2948 866 3002 οἴκου
917 2948 1011 3001 τοῦ
1070 2948 1223 3002 Θεοῦο
1284 2949 1399 3002 ἀλλ’
1445 2949 1592 3002 ἔνδον
1633 2951 1690 3001 ἐν
1725 2947 1874 3019 αύτῷ

299 3045 499 3116 ὥσπερ
522 3048 578 3098 ἐν
605 3043 856 3115 γεωργίῳ
882 3041 1014 3096 Θεοῦ
1051 3041 1474 3111 πεφυτευμένης,
1507 3041 1600 3092 καὶ
1645 3039 1754 3092 τῶν
1782 3056 1875 3092 να-

1969 1822 2118 1898 lari:
2172 1855 2297 1896 nam
2353 1838 2558 1892 vanitas
2605 1833 2936 1893 vanitatum,
2989 1828 3166 1883 omnia
3208 1825 3416 1880 vanitas
3464 1822 3530 1874 ⁸⁸.

1969 1935 2082 1989 lmo
2109 1947 2238 1989 vero
2288 1933 2430 1985 viam
2465 1927 2699 1999 potentis
2746 1925 2800 1979 in
2849 1922 3130 1992 iniquitate
3162 1919 3397 1989 fugiens,
3430 1916 3534 1970 lin-

1968 2043 2127 2100 guam
2151 2033 2204 2083 et
2231 2026 2393 2081 verba
2425 2039 2541 2078 mea
2571 2036 2679 2077 non
2730 2021 2783 2073 in
2831 2016 3125 2088 perniciem
3177 2013 3410 2067 aliorum.
3439 2023 3535 2064 ex-

1970 2135 2194 2186 acuam;
2230 2117 2326 2174 sed
2358 2118 2423 2172 ad
2453 2116 2734 2170 utilitatem
2771 2111 3073 2164 animarum
3102 2115 3154 2160 et
3183 2105 3249 2159 ad
3287 2102 3536 2157 ministe-

1969 2212 2109 2264 rium
2139 2209 2393 2265 salutaris
2420 2204 2712 2261 sermonis.
2736 2200 2801 2253 Et
2834 2200 2888 2253 in
2913 2198 3138 2267 reliquis
3169 2194 3425 2266 operibus
3455 2191 3536 2247 sic

1971 2301 2172 2358 virens.
2225 2299 2306 2353 sic
2337 2294 2583 2352 fructifei'
2613 2292 2858 2353 evadam,
2905 2295 2964 2342 ut
2988 2287 3167 2341 anima
3201 2299 3317 2339 mea
3353 2280 3536 2337 arbori

1970 2407 2181 2462 semper
2222 2390 2417 2444 virenti
2457 2403 2521 2442 ac
2565 2383 2860 2440 fructiferae
2885 2382 2938 2435 in
2972 2381 3135 2435 domo
3164 2377 3254 2434 Dei
3288 2377 3537 2446 plantat:

1971 2493 2338 2556 comparetur.
2405 2479 2765 2548 Quamobrem
2815 2475 2938 2528 dico
2987 2491 3000 2526 :
3050 2471 3160 2540 Ego
3197 2479 3372 2523 autem
3404 2472 3537 2522 sicut

1972 2579 2111 2634 oliva
2141 2575 2421 2647 fructifera
2454 2573 2507 2628 in
2537 2571 2690 2623 domo
2719 2566 2851 2630 Dei;
2887 2564 3021 2626 sive,
3048 2561 3344 2616 secundum
3377 2559 3538 2630 Sym-

1971 2671 2250 2734 machum,
2278 2668 2393 2739 Ego
2427 2675 2602 2720 autem
2625 2664 2762 2716 sicut
2790 2658 2928 2712 oliva
2952 2657 3123 2710 virens
3149 2655 3205 2708 in
3237 2654 3392 2706 domo
3428 2653 3538 2708 Dei.

1970 2765 2156 2836 Neque
2187 2762 2331 2817 enim
2373 2759 2593 2813 domum
2634 2754 2729 2809 Dei
2774 2750 3117 2814 abnuebant;
3164 2747 3257 2801 sed
3306 2745 3454 2798 intus
3487 2746 3540 2798 in

1972 2859 2089 2928 ipsa
2118 2855 2276 2927 quasi
2312 2853 2369 2907 in
2401 2865 2529 2923 agro
2556 2846 2649 2903 Dei
2675 2847 2970 2916 plantatus,
3024 2846 3078 2895 et
3125 2839 3258 2893 rivis
3289 2837 3458 2893 fontis
3487 2838 3540 2892 in

1971 2949 2134 3004 domo
2156 2945 2250 3000 Dei
2288 2939 2642 3000 scaturientia
2693 2938 2902 3000 fruens,
2947 2932 3194 2989 fructifer
3234 2947 3298 2986 ac
3332 2945 3540 2998 semper

1972 3039 2160 3093 virens
2181 3035 2353 3098 evasi,
2377 3032 2627 3102 exemplo
2657 3029 2870 3084 arboris
2896 3027 3072 3089 olivae,
3099 3040 3218 3095 qua:
3246 3025 3386 3078 inter
3406 3036 3542 3076 sem-

305 3114 498 3205 μάτων
524 3136 622 3207 τῆς
657 3114 822 3204 ἐντῷ
857 3134 989 3204 οἴκῳ
1039 3133 1130 3186 τοῦ
1175 3132 1309 3186 Θεοῦ
1337 3132 1519 3202 πηγῆς
1566 3131 1872 3196 ἀπολαύων,

1978 3146 2072 3201 per
2091 3129 2327 3182 virentes
2354 3131 2767 3180 annumeratur.
2795 3122 3064 3175 Observes
3095 3119 3253 3172 velim
3284 3114 3541 3168 Davidem

304 3227 658 3299 πολύκαρπος
685 3226 943 3297 ἐγινόμην
979 3225 1070 3279 καὶ
1123 3225 1397 3295 ἀειθαλὴς,
1433 3224 1574 3278 κατὰ
1600 3223 1661 3276 τὺ
1700 3224 1876 3291 παρά-

300 3323 505 3391 δειγμα
521 3319 614 3374 τοῦ
641 3319 740 3390 τῆς
763 3319 948 3382 ἐλαίας
981 3318 1170 3388 φυτοῦ,
1202 3320 1337 3389 ὅπερ
1377 3320 1434 3372 ἐν
1464 3320 1576 3382 τοῖς
1603 3316 1874 3371 ἀειθαλέσι

306 3412 691 3484 παρείληπται.
739 3411 905 3482 Τήρει
937 3411 1012 3475 δέ,
1072 3411 1152 3463 ὅτι
1202 3410 1374 3463 ταῦτα
1419 3408 1590 3477 λέγων
1631 3409 1659 3460 ὁ
1690 3405 1871 3470 Δαυῒδ,

305 3503 429 3556 οὔτε
478 3503 569 3556 ἐπὶ⁴
619 3503 718 3573 τῆς
760 3501 1112 3574 Ἰερουσαλὴμ
1143 3500 1466 3571 ἐτύγχανεν,
1521 3500 1588 3570 ἣν
1630 3496 1874 3568 ἐνόμιζον

307 3592 449 3651 εἶναι
491 3595 757 3648 Ἰουδαίων
806 3595 990 3658 παῖδες
1043 3591 1188 3648 οἷκον
1252 3593 1342 3647 τοῦ
1388 3591 1542 3645 Θεοῦο
1594 3590 1717 3644 οὔτε
1767 3591 1875 3661 γὰρ

305 3688 637 3761 ᾠκοδόμητο·
673 3686 786 3740 ἀλλ’
819 3686 938 3739 οὐδὲ
984 3687 1042 3739 ἐν
1074 3688 1138 3757 τῇ
1169 3687 1338 3756 σκηνῇ
1367 3686 1432 3756 τῇ
1467 3684 1570 3736 ὑπὸ
1600 3682 1876 3745 Μωῦσέως

307 3766 805 3852 κατεσκευασμένῃ,
845 3776 1012 3830 εἰσέτι
1049 3776 1170 3830 τότε
1220 3775 1375 3846 παρὰ
1423 3775 1691 3838 Ἰουδαίοις
1717 3772 1871 3846 οὔσῃ.

308 3872 530 3941 Φεύγων
555 3871 662 3941 γάρ
695 3870 784 3923 τὸν
819 3868 989 3923 Σαοὺλ
1030 3869 1156 3941 παρ’
1200 3867 1404 3938 ἑτέροις
1445 3865 1545 3929 τάς
1593 3864 1875 3936 διατριϐὰς

311 3968 568 4019 ἐποιεῖτοο
592 3963 740 4033 ὅμως
764 3961 807 4014 δ’
828 3956 922 4015 οὖν
951 3960 1052 4013 οὐκ
1083 3960 1264 4030 ἠγνόει
1310 3957 1498 4012 ἐαυτὸν
1531 3959 1589 4011 ἐν
1636 3956 1714 4028 τῷ
1743 3956 1877 4026 οἴκῳ

307 4055 399 4108 τοῦ
427 4053 568 4107 Θεοῦ
602 4051 1020 4123 πεφυτευμένον·
1055 4047 1201 4105 οἶκον
1225 4047 1359 4103 Θεοῦ
1382 4048 1518 4103 νοῶν
1544 4048 1606 4102 τὸ
1629 4047 1876 4111 θεοσεϐὲς

311 4145 634 4216 πολίτευμα.
651 4145 760 4199 Καὶ
788 4143 1080 4216 ἐπειδήπερ
1108 4143 1478 4214 κατάκαρπος,
1503 4141 1623 4195 οὐδὲ
1649 4141 1876 4212 πικροὺς

311 4241 496 4308 φέρων
516 4238 780 4309 καρποὺς,
815 4237 1028 4305 γλυκεῖς
1063 4235 1121 4289 δέ
1150 4235 1246 4289 καὶ
1276 4235 1473 4306 πολλῆς
1496 4234 1763 4304 γέμοντας
1791 4250 1877 4301 φι-

309 4332 445 4386 λανθ
455 4331 681 4403 ρωπίας,
717 4329 937 4392 εἰκότως
958 4328 1138 4392 ἐλαίας
1164 4328 1314 4400 φυτῷ
1339 4327 1680 4398 κατακάρπῳ
1731 4342 1875 4397 παρ-

314 4423 590 4485 εδάλλετο,
619 4422 711 4475 τὸν
743 4423 821 4484 είς
850 4421 976 4483 τοὺς
1007 4419 1176 4483 πέλας
1211 4419 1356 4472 ἐλεον
1382 4420 1751 4489 σημαίνοντος,
1786 4417 1878 4470 καὶ

1980 3223 2094 3277 haec
2133 3221 2402 3276 dicentem
2432 3233 2542 3272 non
2578 3215 2748 3270 fuisse
2795 3214 2850 3267 in
2890 3210 3213 3274 Jerusalem,
3253 3223 3414 3278 quam
3445 3207 3544 3261 doc

1981 3328 2127 3368 mum
2154 3311 2248 3365 Dei
2278 3324 2400 3365 esse
2437 3308 2844 3363 arbitrabantur
2889 3301 3096 3366 Judaei;
3129 3302 3368 3355 nondum
3399 3299 3542 3353 enim

1979 3403 2244 3461 aedificata
2273 3401 2475 3466 fuerat;
2512 3400 2606 3455 sed
2642 3413 2816 3467 neque
2846 3398 2902 3451 in
2935 3393 3334 3450 tabernaculoa
3363 3390 3546 3460 Moyse

1981 3501 2213 3555 structo,
2243 3491 2388 3561 quod
2419 3488 2598 3544 adhuc
2625 3502 2794 3558 penes
2821 3486 3037 3541 Judzeos
3067 3491 3204 3539 erat.
3233 3481 3368 3536 Cum
3402 3480 3546 3534 enim

1983 3588 2192 3658 fugeret
2241 3601 2271 3640 a
2297 3564 2482 3648 Saule,
2533 3583 2675 3654 apud
2717 3583 2857 3637 alios
2892 3581 3248 3635 morabatur:
3282 3584 3337 3632 et
3367 3584 3547 3629 tamen

1985 3697 2090 3735 non
2127 3679 2405 3749 ignorabat
2431 3693 2490 3748 se
2529 3677 2582 3730 in
2625 3675 2787 3729 domo
2813 3674 2905 3728 Dei
2939 3674 3238 3744 plantatum
3267 3684 3426 3736 esse;
3463 3669 3549 3723 in-

1983 3772 2231 3841 telligens
2272 3771 2492 3823 domum
2533 3766 2629 3822 Dei
2674 3764 2984 3836 religiosum
3035 3777 3158 3819 esse
3212 3761 3542 3817 institutum.

1982 3864 2048 3919 Et
2076 3864 2330 3934 quoniam
2360 3860 2606 3915 fructifer
2643 3869 2777 3923 erat,
2819 3875 2994 3929 neque
3024 3871 3262 3920 amaros,
3295 3854 3390 3912 sed
3419 3855 3544 3908 dul-

1982 3973 2075 4013 ces
2097 3965 2150 4012 et
2179 3955 2513 4011 humanitate
2541 3956 2729 4026 plenos
2771 3953 2982 4009 fructus
3011 3952 3235 4019 ferebat,
3282 3950 3406 4020 jure
3428 3947 3548 4002 fru-

1982 4059 2186 4106 ctuosae
2230 4049 2413 4105 arbori
2453 4048 2607 4103 oliva:
2638 4049 3076 4120 comparabatur,
3111 4047 3358 4115 exemplo
3381 4044 3547 4100 mise-

1981 4143 2272 4197 ricordiam
2302 4143 2356 4196 in
2387 4143 2683 4212 proximos,
2737 4149 2792 4196 et
2834 4139 3226 4195 humanitatem
3274 4139 3328 4192 in
3356 4151 3546 4191 omnes

1984 4234 2340 4306 significante.
2398 4233 2594 4304 Utpote
2624 4234 2787 4303 igitur
2823 4233 2915 4303 qui
2947 4239 3027 4285 tot
3053 4232 3211 4285 bonis
3244 4231 3547 4283 instructus

1983 4334 2150 4390 esset,
2188 4335 2589 4396 consequenter
2623 4325 2785 4379 infert
2817 4343 2830 4378 :
2859 4323 3074 4392 Speraui
3109 4325 3160 4376 in
3184 4319 3546 4376 misericordia

1987 4417 2080 4471 Dei
2112 4418 2165 4469 in
2195 4406 2448 4472 attentum
2475 4426 2522 4469 et
2557 4416 2611 4467 in
2639 4414 2890 4467 sa’culum
2913 4415 3122 4467 swcuii.

314 4515 408 4587 τὴν
453 4515 531 4576 εἰς
589 4514 828 4576 ἅπαντας
879 4512 1282 4583 φιλανθρωπίαν
1311 4510 1402 4564 τοῦ
1437 4509 1887 4583 παραδείγματος.
1940 4509 2026 4572 Ὡς
2058 4503 2148 4561 οὖν
2178 4506 2448 4569 τοσούτοις
2506 4504 2704 4575 βρίθων
2764 4503 3008 4572 ἀγαθοῖς,
3038 4500 3340 4566 ἀκολούθως
3368 4500 3548 4557 ἐπιλέ-

310 4624 419 4678 γειο
454 4609 719 4661 ’Πλπισα
741 4605 837 4658 ἐπὶ
869 4605 934 4658 τὸ
963 4605 1134 4671 ἕλεος
1154 4604 1260 4658 τοῦ
1283 4603 1428 4657 Θεοῦ
1457 4605 1541 4668 είς
1569 4602 1675 4655 τὸν
1695 4601 1876 4655 αἰῶνα
1913 4601 2010 4655 καί
2033 4603 2120 4667 εὶς
2150 4600 2256 4653 τὸν
2281 4597 2464 4652 αἰῶνα
2493 4597 2598 4652 τοῦ
2621 4595 2852 4662 αἰῶνος.
3133 4634 3139 4643 κ
3229 4649 3234 4653 .

387 4701 497 4756 Τοῦ
527 4702 622 4773 μὲν
642 4701 748 4772 γὰρ
774 4701 832 4752 ἐν
863 4701 1030 4772 κακίᾳ
1078 4697 1303 4754 δυνατοῦ
1326 4697 1387 4750 τὸ
1410 4697 1563 4760 τέλος
1596 4696 1872 4767 ἐκρίζωσικ

2058 4693 2192 4748 Nam
2214 4694 2360 4747 illius
2385 4692 2624 4763 quidem,
2675 4690 2771 4762 qui
2821 4696 3014 4760 potens
3043 4696 3125 4744 est
3154 4689 3208 4741 in
3235 4687 3541 4758 iniquitate,

317 4792 467 4862 αὐτῷ
517 4793 609 4845 καὶ
659 4790 958 4860 ἀφανισμὸν
991 4789 1193 4862 ἐδήλου.
1246 4787 1442 4860 Ἐχρῆν
1495 4787 1599 4857 γὰρ
1640 4785 1738 4856 τὴν
1774 4784 1882 4836 τῶν

321 4883 531 4955 πικρῶν
559 4881 799 4953 οἱστικὴν
836 4879 989 4952 ῥίζαν
1017 4881 1244 4953 καρπῶν
1289 4881 1425 4952 πρὸς
1457 4878 1551 4932 τοῦ
1592 4877 1700 4930 τῶν
1745 4876 1882 4930 ὅλων

323 4976 484 5045 σοφοῦ
512 4973 756 5049 γεωργοῦ
783 4973 1149 5044 ἀποκταλῆναι
1167 4974 1261 5044 (1).
1291 4975 1348 5027 '0
1361 4974 1417 5026 δὲ
1447 4972 1578 5024 (best
1599 4969 1752 5025 ἐλαία
1784 4986 1882 5023 κα-

319 5073 597 5142 τάκαρπος
625 5071 682 5123 ἐν
712 5067 791 5138 τῷ
813 5069 945 5138 οἴκῳ
973 5065 1065 5120 τοῦ
1092 5065 1249 5129 Θεοῦ,
1275 5065 1498 5136 ἢλπισεν
1525 5063 1616 5116 ἐπὶ
1646 5061 1708 5115 τὸ
1735 5062 1880 5125 ἕλεος

321 5162 413 5215 τοῦ
439 5161 572 5215 Θεοῦ
605 5163 684 5224 εἰς
705 5161 793 5212 τὸν
826 5159 996 5212 αἰῶνα
1023 5157 1115 5210 καὶ
1141 5158 1220 5218 εἰς
1247 5156 1336 5208 τὸν
1357 5153 1524 5207 αίῶνα
1542 5152 1634 5206 τοῦ
1668 5152 1879 5217 αἰῶνος,

321 5253 616 5308 αθανασίαν
659 5251 754 5304 καὶ
782 5249 925 5321 ζωὴν
969 5247 1183 5302 αἰώνιον
1242 5245 1590 5316 ποριζόμενος
1625 5244 1732 5297 ἀπὸ
1783 5243 1883 5313 τῆς

324 5343 531 5414 ἀγαθῆς
579 5341 828 5404 ἐλπίδος,
886 5336 954 5413 ἦς
1014 5337 1208 5392 οὔποτε
1251 5338 1578 5389 ἐκπεσεῖταιο
1652 5336 1718 5390 'H
1772 5336 1881 5407 γὰρ

323 5434 519 5501 cumq,
559 5435 697 5489 κατὰ
731 5433 821 5486 τὸν
867 5431 1204 5492 Ἀπόστολον,
1234 5431 1305 5481 οὐ
1344 5427 1743 5494 καταισχύνει.
1766 5421 1878 5480 Εἶθ’

325 5527 400 5591 ὡς
420 5527 505 5580 ἐπ’
531 5527 753 5596 ἀγαθοῖς
785 5527 1034 5598 καρποῖς,
1071 5522 1276 5591 ἀγαθὰς
1296 5519 1513 5581 ἐλπίδας
1547 5519 1720 5590 ἐαυτῷ
1747 5521 1878 5572 ὑπο-

399 5647 445 5678 ⁶⁸
479 5647 656 5703 Eccle.
693 5664 742 5708 ι,
773 5645 827 5698 2.
903 5645 947 5676 ”
985 5644 1140 5698 Rom.
1177 5658 1232 5705 v,
1263 5641 1316 5696 5.

400 5738 475 5804 (l)
519 5735 963 5806 Ἀποκταλῆναι.
1008 5737 1160 5791 Anne
1192 5730 1594 5801 ἀποκταθῆναιῗ
1617 5728 1772 5782 Ent'r.

1992 4789 2147 4843 finem
2171 4787 2510 4858 signiﬁcabat
2542 4800 2663 4841 esse
2690 4781 3109 4839 eradicationem
3139 4788 3192 4835 et
3217 4781 3544 4836 destructio-

1987 4897 2147 4947 nem;
2193 4879 2428 4934 radieem
2463 4878 2606 4933 enim
2642 4891 2948 4931 amarorum
2983 4874 3252 4928 fructuum
3286 4873 3540 4940 feracem,

1988 4974 2293 5042 asapiente
2349 4969 2592 5024 omnium
2650 4966 2886 5038 agricola
2941 4964 3207 5021 eradicari
3238 4964 3538 5033 oportebat.

1988 5064 2089 5131 Qui
2124 5080 2253 5134 ycro
2277 5064 2418 5118 sicut
2445 5063 2585 5116 oliva
2617 5058 2895 5115 fructifera
2928 5060 2982 5113 in
3012 5059 3172 5114 domo
3207 5057 3321 5121 Dei,
3352 5072 3542 5126 spera.

1965 5158 2061 5210 ‘vit
2087 5157 2139 5210 in
2176 5153 2546 5210 misericordia
2584 5152 2676 5208 Dei
2728 5152 2780 5206 in
2832 5161 3091 5206 aeternum
3116 5158 3168 5206 et
3197 5151 3248 5203 in
3283 5149 3538 5203 saeculum

1989 5249 2190 5310 szeculi,
2214 5246 2672 5302 immortalitatem
2721 5255 2774 5299 et
2809 5245 2973 5298 vitam
2994 5252 3249 5298 arternam
3279 5241 3442 5294 refert
3469 5236 3542 5289 ob

1987 5341 2183 5395 bonam
2217 5354 2388 5408 spem,
2423 5353 2528 5410 qua
2565 5353 2838 5407 nunquam
2873 5337 3121 5400 excidet;
3153 5346 3276 5386 nam
3298 5369 3311 5392 ,
3344 5342 3540 5381 secun-
3572 5371 3576 5376 .

1986 5430 2114 5486 dum
2147 5430 2486 5500 Apostolum,
2543 5448 2656 5501 spes
2701 5446 2803 5482 non
2857 5425 3126 5495 confundit
3184 5421 3266 5479 ⁰⁹;
3321 5415 3536 5476 (Ῐιδίηιίας

1989 5531 2173 5593 utpote
2207 5521 2274 5577 de
2303 5521 2460 5578 bonis
2497 5522 2785 5587 fructibus,
2837 5519 3033 5574 bonam
3081 5511 3180 5567 sibi
3215 5522 3364 5577 spem
3403 5521 3540 5559 cou-
