4024 6202
545 279 617 335 1ἓί
628 281 649 334 ι

1203 273 1468 330 EUSEBII
1504 269 1974 329 CESARIENSIS
2019 268 2170 328 OPP.
2204 269 2396 326 PARS
2454 260 2546 327 Ill.
2586 300 2654 310 —-
2686 266 3028 326 EXEGETIC
3084 312 3089 317 .

3655 267 3764 329 459

553 399 798 468 signans,
835 406 1027 450 norum
1069 404 1291 448 causam
1323 391 1587 446 bonorum
1619 390 1862 445 omnium
1895 390 2099 447 submi-

2199 390 2606 459 τυπωσάμενος,
2652 388 2749 459 τὴν
2808 387 2985 443 αἰτίαν
3038 385 3254 450 ἐξάπτει
3286 383 3365 456 τῷ
3404 385 3618 439 πάντων
3656 385 3765 440 τῶν

555 481 834 539 nistratori
876 481 1099 537 ascribit
1129 479 1315 535 dicens
1348 499 1361 535 :
1392 478 1702 549 Conﬁtebor
1732 478 1829 534 tibi
1856 481 1910 533 in
1934 496 2103 535 saecu-

546 573 684 634 ‘lum,
712 571 839 640 quia
870 569 1059 639 fecisti.
1088 567 1272 639 Neque
1292 567 1434 622 enim
1462 582 1587 637 ego,-
1614 568 1810 638 inquit,
1847 583 1934 623 me
1964 568 2107 624 sicut

555 660 1103 719 olivam-fructiferam
1132 659 1432 729 composui,
1454 658 1559 715 se‘d
1574 666 1638 713 tu
1667 658 1842 713 fecisti
1883 676 1896 710 :
1926 658 2023 714 abs
2052 667 2107 713 te

538 754 698 810 'enim
723 753 895 823 gratia
919 770 935 819 ;
958 736 1125 823 quare
1161 766 1438 823 nunquam
1470 751 1627 805 linem
1648 749 1842 805 faciam
1868 749 1967 806 tibi
1983 765 2107 820 gra-

542 846 660 903 “tias
690 846 921 901 habendi
979 860 1043 900 ac
1072 844 1376 901 (conﬁtendi
1413 860 1426 896 :
1471 844 1563 899 sed
1619 851 1905 914 postquam
1938 843 2105 898 semel

554 939 767 1010 speravi
789 939 845 993 in
863 938 1238 993 misericordia
1280 935 1395 1004 Dei,
1411 936 1727 1003 exspectabo
1752 953 1937 992 nomen
1966 936 2101 1007 ejus.

552 1029 688 1085 Nam
718 1044 842 1084 cum
867 1029 1011 1086 bona
1035 1044 1159 1100 spes
1201 1028 1397 1092 subsit,
1433 1029 1693 1099 patientia
1743 1028 1900 1085 nobis
1944 1044 2101 1100 opus.

551 1119 893 1191 Quapropter
920 1120 1224 1190 exspectabo
1275 1136 1459 1174 nomen
1513 1129 1680 1185 tuam,
1732 1120 1827 1184 ait,
1856 1122 2102 1192 quoniam

542 1214 744 1267 bonum
759 1222 836 1268 est
862 1216 919 1268 in
947 1223 1219 1282 conspectu
1242 1222 1542 1268 sanctorum
1592 1221 1839 1277 tuorum;
1871 1212 1985 1269 sive
2013 1227 2102 1268 se-

552 1305 793 1360 cundum
839 1303 1243 1376 Symmachum,
1277 1304 1538 1370 Quoniam
1561 1304 1748 1357 bonum
1784 1311 1868 1358 est
1919 1320 2105 1358 nomen

554 1396 782 1466 tuum_iu
798 1405 1069 1463 conspectu
1083 1404 1380 1449 sanctorum
1404 1404 1629 1447 tuorum.
1653 1392 1867 1449 Gnarus
1922 1393 2106 1464 itaque

554 1484 734 1556 ipsum
759 1485 962 1541 bonum
1002 1500 1124 1540 esse
1168 1492 1222 1540 et
1245 1485 1510 1539 honorum
1529 1491 1825 1548 auctorem,
1866 1498 1975 1538 non
2008 1498 2104 1554 po-

538 1576 791 1633 ‘tcntibus
829 1577 885 1631 in
915 1576 1140 1640 malitia,
1189 1591 1300 1631 non
1348 1575 1574 1645 abiectis
1626 1573 1958 1639 hominibus,
2010 1574 2105 1629 sed

553 1669 795 1736 sanctis;
833 1669 957 1739 jure
993 1668 1298 1737 exspectabo
1340 1684 1525 1723 nomen
1583 1676 1758 1733 tuum,
1805 1667 1954 1722 bona
2010 1683 2107 1739 spe

2204 475 2420 543 ἀγαθῶν
2456 475 2673 547 χορηγῷ
2704 476 2898 544 λέγων·
2954 473 3496 545 Ἑξομολογήσομαί
3551 492 3651 530 σοι
3679 479 3769 543 εις

2203 568 2310 621 τὸν
2338 567 2542 632 αἰῶνα,
2580 568 2670 622 ὅτι
2729 569 3041 637 ἐποίησας.
3098 569 3169 622 Οὐ
3229 567 3337 639 γὰρ
3390 566 3525 636 ἐγὼ,
3580 570 3766 640 φησὶν,

2204 662 2433 733 ἐποίησα
2466 662 2698 731 ἐμαυτὸν
2728 660 2860 715 ὡσεὶ
2890 661 3071 714 ἐλαίαν
3107 661 3477 731 κατάκαρπον,
3532 660 3668 716 ἀλλά
3698 664 3768 717 σὺ

2203 751 2479 822 ἐποίησας’
2508 750 2658 823 παρά
2694 748 2788 806 σοῦ
2809 750 2915 823 γὰιρ
2941 754 2973 822 ὴ
3006 751 3179 822 χάρις·
3212 750 3292 804 διὸ
3343 751 3597 805 οὐδέποτε
3623 753 3769 806 παῦ-

2203 843 2366 914 σομαί
2389 859 2473 896 σοι
2504 842 2601 914 τὴν
2626 842 2784 915 χάριν
2814 841 2984 907 εἰδὼς,
3012 837 3103 896 καί
3150 860 3230 896 σοι
3255 840 3765 913 ἐξομολογούμενος·

2203 934 2348 1002 ἅπαξ
2376 935 2434 989 δέ
2457 934 2679 998 ἐλπίσας
2701 934 2793 987 ἐπὶ
2822 934 2881 987 τὸ
2910 933 3055 997 ἕλεος
3074 931 3167 986 τοῦ
3191 931 3349 998 Θεοῦ,
3386 930 3662 1002 ὑπομενῶ
3699 935 3769 988 τό

2202 1027 2388 1097 ὄνομα
2419 1026 2623 1081 αὐτοῦ.
2643 1022 2754 1097 Τῆς
2776 1025 2884 1097 γὰρ
2908 1024 3117 1095 ἀγαθῆς
3145 1021 3355 1089 ἐλπίδος
3379 1023 3771 1097 ὑποκειμένης,

2202 1120 2476 1192 ὑπομονῆς
2504 1120 2635 1191 ἡμῖν
2667 1119 2841 1190 χρεία.
2866 1117 2959 1175 Διὸ
2982 1115 3255 1186 ὑπομενῶ
3295 1117 3362 1170 τὸ
3408 1117 3594 1188 ὄνομά
3625 1134 3771 1184 σου,

2201 1214 2385 1284 φησὶν,
2403 1211 2489 1264 ὅτι
2518 1210 2784 1280 χρηστόν
2796 1209 2968 1265 ἐστιν
2986 1208 3260 1261 ἐναντίον
3279 1207 3398 1261 τῶν
3426 1210 3610 1263 ὁσίων
3628 1227 3773 1265 σου·

2200 1304 2234 1375 ἢ
2264 1302 2404 1356 κατὰ
2425 1299 2515 1355 τὸν
2547 1300 2859 1372 Σύμμαχον,
2888 1300 3007 1351 Ὅτι
3038 1298 3266 1369 ἀγαθὸν
3291 1298 3357 1352 τὸ
3411 1299 3597 1370 ὄνομά
3648 1317 3773 1356 σου

2200 1395 2482 1463 ἄντικρυς
2539 1392 2655 1447 τῶν
2689 1393 2875 1446 ὁσίων
2920 1404 3056 1444 σου.
3112 1390 3280 1455 Εἰδὼς
3308 1386 3421 1453 οῦν,
3446 1393 3527 1445 ὅτι
3557 1393 3771 1462 ἀγαθόν

2202 1487 2337 1550 ἐστι,
2368 1486 2461 1538 καὶ
2493 1483 2711 1554 ἀγαθῶν
2734 1481 3031 1552 ποιητικὸν,
3068 1482 3127 1534 οὺ
3157 1480 3268 1545 τοῖς
3307 1479 3549 1548 δυνατοῖς
3576 1486 3637 1539 ἐν
3666 1503 3773 1541 κα-

2202 1577 2314 1649 κίᾳ,
2343 1576 2461 1629 οὐδέ
2511 1578 2624 1639 τοῖς
2672 1575 2996 1647 ἀποϐλήτοις
3046 1574 3153 1627 τῶν
3212 1574 3446 1640 ζώντων,
3498 1576 3635 1630 ἀλλά
3653 1581 3773 1643 τοῖς

2202 1667 2387 1731 ὁσίοις,
2415 1667 2637 1731 εἰκότως
2663 1664 2938 1736 ὑπομενῶ
2973 1665 3039 1720 τὸ
3063 1664 3247 1735 ὄνομά
3269 1680 3404 1732 σου,
3444 1666 3661 1734 εὔελπις
3688 1670 3771 1725 ὣν

553 1760 741 1818 fruens
770 1777 856 1817 me
890 1776 1168 1829 nunquam
1214 1761 1493 1831 lapsuram
1529 1775 1560 1814 a
1588 1759 1957 1815 misericordia
1988 1768 2099 1814 tua.

2206 1758 2415 1829 μήποτε
2469 1759 2717 1811 ἐκπεσεῖν
2771 1757 2864 1811 τοῦ
2901 1756 2994 1810 σοῦ
3058 1755 3259 1820 ἐλέους.
3303 1756 3462 1813 Οῦτω
3506 1759 3636 1828 γοῦν
3666 1762 3767 1832 ἤλ-

539 1854 647 1912 Sic
676 1856 858 1927 itaque
885 1856 943 1910 in
970 1854 1092 1925 ipso
1123 1854 1336 1923 speravi
1370 1854 1435 1908 in
1462 1861 1725 1910 aeternum
1750 1853 1893 1910 etin
1925 1869 2098 1910 saecu-

550 1947 664 2001 lum
691 1947 896 2004 saeculi.

552 2054 613 2111 1.·
646 2055 713 2110 ΙΝ
762 2054 1005 2120 FINEM,
1041 2053 1181 2110 PRO
1218 2053 1626 2122 MAHELETH,
1664 2054 2102 2111 INTELLIGEN-

1066 2124 1201 2180 TUE
1240 2123 1445 2179 DAVID
1483 2125 1591 2180 LII.

625 2217 788 2274 Vsus.
813 2218 933 2274 2-6.
967 2218 1116 2273 Dixit
1143 2219 1390 2286 insipiens
1437 2219 1492 2273 in
1537 2219 1690 2273 corde
1711 2235 1807 2274 suo
1835 2235 1854 2273 :
1884 2217 2006 2275 Non
2023 2230 2100 2276 est

552 2312 714 2367 Deus.
742 2309 987 2381 Corrupti
1010 2320 1129 2365 sunt
1163 2320 1212 2364 et
1238 2309 1611 2365 abominabiles
1632 2310 1761 2380 facti
1779 2320 1898 2365 sunt
1920 2312 1976 2366 in
2000 2313 2103 2367 ini-

484 2418 485 2421 ‘
550 2404 857 2477 quitatibus,
880 2419 982 2456 non
1025 2411 1104 2458 est
1140 2404 1229 2473 qui
1269 2402 1433 2472 faciat
1463 2401 1673 2458 bonum.
1705 2402 2102 2476 Quinquagesi-

546 2509 675 2550 mus
701 2494 941 2564 psalmus
972 2493 1329 2549 confessionis
1354 2495 1573 2550 modum
1616 2495 1756 2566 ejus,
1813 2512 1973 2568 quem
2006 2497 2103 2552 ad-

543 2584 703 2639 missi
738 2583 944 2654 peccati
982 2584 1225 2654 pteuitet,
1256 2584 1673 2654 complectitur;
1720 2600 1954 2656 sequens
1974 2602 2101 2643 vero

544 2676 605 2731 in
628 2677 832 2731 malitia
847 2677 1079 2747 potentis
1104 2684 1158 2733 et
1189 2676 1341 2747 impii
1372 2679 1540 2733 moris
1602 2678 1870 2734 insaniam
1902 2679 2104 2735 deseri-

544 2767 665 2835 hit;
694 2783 758 2823 ac
777 2769 973 2839 qualis,
1001 2783 1124 2822 cum
1151 2768 1337 2833 istum,
1368 2777 1481 2823 tum
1510 2770 1769 2839 priorem,
1796 2770 1918 2826 linis
1944 2786 2103 2827 exce-

546 2862 708 2932 perit.
739 2860 872 2915 Nam
901 2862 950 2917 ei
969 2863 1061 2932 qui
1085 2863 1141 2917 in
1176 2863 1333 2918 malis
1363 2864 1477 2918 suis
1511 2865 1845 2935 gloriabatur
1897 2866 2103 2922 dictum

544 2961 631 3006 est
659 2968 673 3004 :
710 2949 994 3021 Propterea
1028 2950 1164 3006 Deus
1188 2952 1418 3008 destruet
1456 2963 1504 3007 te
1532 2955 1586 3007 in
1618 2951 1798 3023 'ﬁnem,
1829 2956 2009 3011 evellet
2032 2969 2099 3023 te,

545 3052 596 3098 et
617 3044 890 3114 emigravit
922 3054 969 3099 te
982 3044 1048 3098 de
1092 3044 1526 3111 tabernaculo";
1556 3064 1622 3103 ex
1652 3064 1883 3120 persona
1921 3061 2101 3108 autem

2200 1867 2334 1904 πισα
2367 1850 2452 1903 ἐπ’
2474 1849 2622 1920 αὒτῷ
2652 1852 2731 1914 εἰς
2784 1850 2875 1904 τὸν
2923 1848 3092 1903 αἰῶνα
3120 1849 3212 1902 καὶ
3242 1851 3323 1914 εἰς
3363 1849 3450 1904 τὸν
3475 1852 3645 1907 αἰῶνα
3670 1855 3769 1909 τοῦ

2197 1938 2414 2003 αἰῶνος.

2204 2050 2312 2105 ΕΙΣ
2348 2052 2435 2105 ΤΟ
2475 2052 2717 2121 ΤΕΛΟΣ,
2756 2054 2939 2109 ΥΠΕΡ
2978 2051 3641 2115 ΜΔΕΑΕΘ,ΣΥΝΕΣΕΩΣ
3679 2059 3771 2112 ΤΩ

2816 2125 3016 2179 ΔΑΥΙΔ
3051 2122 3157 2177 NB’

2268 2233 2453 2292 Εἶπεν
2488 2237 2776 2308 ἄφρωνέν
2806 2239 3017 2308 καρδιᾳ
3038 2241 3244 2296 αὐτοῦ·
3280 2243 3400 2295 Οὐκ
3427 2242 3551 2296 ἐστι
3589 2244 3766 2312 Θεός.

2201 2325 2610 2395 Διεφθάρησαν
2634 2327 2730 2381 καὶ
2757 2328 3208 2398 ἐΰδελύχθησαν
3236 2332 3307 2385 ἐν
3331 2332 3617 2401 ἁνομίαις,
3646 2336 3772 2388 οὐκ

2201 2416 2333 2471 ἐστι
2359 2415 2543 2471 ποιῶν
2569 2418 2813 2488 ἀγαθόν.
2854 2419 2911 2472 '0
2946 2421 3043 2490 μὲν
3082 2428 3124 2475 ν’
3148 2422 3531 2495 ἐξομολόγησιν
3560 2424 3770 2497 τρόπου

2205 2509 2694 2579 μεταγινώσκοντπ
2745 2514 2832 2581 ἐφ’
2864 2507 2945 2577 οἷς
2999 2514 3268 2586 ἥμαρτεν,
3328 2502 3621 2589 περιεῖχεν·
3656 2521 3687 2573 ὁ
3710 2519 3772 2573 δὲ

2203 2600 2329 2670 ἐξῆς
2357 2599 2524 2672 αὐτῷ,
2553 2600 2809 2657 ἀπόνοιαν
2833 2603 2927 2658 τοῦ
2958 2606 3016 2659 ἐν
3044 2606 3211 2677 κακίᾳ
3232 2607 3452 2662 δυνατοῦ
3482 2609 3578 2664 καὶ
3604 2610 3770 2666 ἀθέου

2200 2692 2419 2764 τρόπου·
2466 2692 2646 2746 ὁποῖόν
2705 2711 2763 2747 τε
2812 2695 2996 2751 τοῦτον
3041 2678 3304 2769 διεδέχετο
3356 2699 3418 2752 τὸ
3468 2699 3642 2765 τέλος,
3675 2704 3773 2757 καὶ

2202 2785 2381 2839 ὁποῖον
2402 2783 2491 2837 τὸν
2534 2785 2816 2858 πρότερον.
2848 2784 2938 2858 Τῷ
2973 2788 3070 2859 μὲν
3091 2788 3198 2861 γὰρ
3237 2792 3638 2865 καυχησαμένῳ
3675 2794 3772 2847 ἐπὶ

2202 2876 2312 2936 τοῖς
2335 2873 2528 2928 ἐαυτοῦ
2553 2878 2739 2939 κακοῖς
2765 2876 2994 2946 ἐλέγετο·
3024 2879 3330 2933 Διὰ“τοῦτο
3372 2884 3404 2934 ό
3453 2882 3600 2951 Θεὸς
3627 2888 3769 2938 καθ-

2211 2965 2342 3019 ελεῖ
2359 2980 2434 3019 σε
2457 2969 2547 3032 εις
2575 2966 2765 3033 τέλος,
2787 2967 3011 3023 ἐκτῖλαι
3038 2986 3112 3024 σε
3140 2970 3239 3025 καὶ
3282 2974 3772 3043 μεταναστεῦσαί

2201 3070 2277 3107 σε
2303 3053 2421 3108 ἀπὸ
2446 3055 2856 3125 σκηνώματος·
2889 3060 2953 3111 ἐκ
3003 3060 3292 3132 προσώπου
3319 3062 3376 3115 δέ
3404 3064 3497 3117 τοῦ
3520 3066 3771 3136 ἐξομολο-

546 3135 860 3190 contitentis
876 3136 1238 3207 subiungitur,
1261 3136 1369 3208 Ego
1398 3148 1569 3193 autent
1595 3141 1727 3194 sicut
1746 3143 1881 3197 oliva
1913 3143 2099 3209 fructi-

2203 3146 2513 3218 γησαμένου
2542 3150 2779 3219 ἐπήγετο
2806 3148 2931 3222 ἐξῆς
2986 3152 3067 3218 τὸ,
3131 3152 3272 3224 Ἐγὼ
3306 3154 3373 3208 δὲ
3420 3158 3560 3211 ὡσεὶ
3592 3135 3771 3213 ἐλαία

548 3230 665 3296 fera
679 3230 734 3283 in
751 3228 904 3283 domo
933 3226 1049 3294 Dei,
1081 3229 1281 3297 speravi
1298 3229 1356 3283 in
1388 3231 1749 3286 misericordia
1768 3234 1880 3303 ejus
1905 3237 1958 3290 in
1996 3255 2100 3292 ste-

540 3319 815 3374 culum".
852 3317 950 3372 Hic
984 3332 1108 3375 vero
1170 3319 1266 3390 qui
1296 3320 1557 3391 psalmus
1609 3338 1717 3379 non
1771 3334 1875 3391 est,
1924 3343 2101 3398 neque

542 3413 689 3468 enim
720 3411 794 3466 ita
825 3411 1175 3480 inscribitur;
1222 3412 1318 3469 sed
1366 3429 1540 3484 neque
1571 3417 1842 3472 canticum
1865 3459 1880 3484 ,
1926 3436 2099 3491 neque

538 3506 673 3579 quid
709 3506 917 3573 simile,
981 3506 1236 3564 salutaris
1285 3505 1382 3563 Dei
1436 3509 1702 3566 adventus
1756 3514 2098 3584 prophetiam

542 3596 785 3654 continet
815 3635 832 3660 ,
881 3611 1042 3666 quem
1077 3596 1232 3652 multi
1262 3599 1536 3667 propheta:
1569 3606 1623 3654 et
1647 3599 1780 3670 justi
1812 3603 2099 3660 voluerunt

456 3720 463 3728 ο
539 3687 741 3744 videre.
771 3687 1019 3742 Praesens
1036 3688 1237 3758 itaque,
1263 3690 1421 3759 quasi
1451 3691 1507 3744 in
1547 3694 1787 3748 omnium
1817 3693 2095 3750 hominum

541 3777 726 3841 ruina,
753 3785 807 3832 et
831 3763 984 3847 quasi
1022 3777 1100 3831 in
1129 3781 1401 3833 communi
1431 3780 1714 3853 naufragio
1760 3784 1876 3840 haec
1905 3801 2096 3855 preca-

543 3876 674 3923 tur:
703 3868 835 3934 Quis
856 3867 1002 3921 dabit
1028 3884 1096 3923 ex
1125 3868 1254 3924 Sion
1283 3869 1530 3927 Salutare
1572 3872 1787 3929 Israel?
1826 3894 1943 3930 cum
1972 3894 2097 3932 con-

539 3959 750 4013 verterit
780 3958 1033 4014 Dominus
1078 3961 1428 4027 captivitatem
1449 3964 1613 4031 plebis
1648 3983 1778 4031 suta,
1809 3969 2097 4025 exsultabit

456 4094 459 4099 .
542 4049 711 4105 Jacob
740 4059 788 4104 et
818 4050 1084 4103 laztabitur
1106 4049 1315 4106 Israel:
1347 4055 1563 4123 quando
1612 4056 1876 4114 conﬁtens
1917 4060 2095 4115 decla-

547 4154 783 4210 ransque
806 4148 1026 4210 peccata
1049 4155 1166 4206 sua,
1199 4156 1294 4211 per
1318 4146 1614 4201 salutarem
1658 4146 1753 4202 Dei
1802 4148 2094 4206 adventum

540 4233 916 4307 purgationem
941 4241 1336 4290 consecuturus
1366 4243 1521 4303 erat;
1551 4237 1767 4308 quando
1789 4239 1940 4310 impii
1963 4252 2015 4297 et
2038 4243 2094 4297 in

434 4360 439 4365 .
538 4323 747 4379 malitia
775 4322 1344 4394 potenteshominum
1403 4341 1603 4394 mores,
1653 4344 1763 4384 non
1805 4345 1901 4400 per
1929 4334 2092 4389 alium

537 4431 704 4489 quam
752 4432 851 4488 per
902 4431 1068 4472 unum
1122 4416 1481 4484 Salvatorem,
1542 4420 1635 4490 qui
1698 4420 2092 4482 insanabilibus

2200 3238 2576 3308 κατάκαρπος
2607 3239 2677 3293 ἐν
2706 3239 2787 3306 τῷ
2812 3241 2956 3307 οἴκῳ
2978 3243 3082 3297 τοῦ
3123 3243 3292 3309 Θεοῦ,
3319 3246 3546 3314 ἤλπισα
3566 3248 3671 3302 ἐπὶ
3700 3249 3769 3304 τὸ

2197 3326 2367 3394 ἕλεος
2397 3330 2581 3384 αὐτοῦ
2603 3333 2690 3397 είς
2717 3330 2824 3385 τόν
2872 3332 3074 3388 αἰῶνα.
3120 3335 3178 3389 '0
3226 3337 3283 3390 δὲ
3339 3338 3523 3411 παρὼν
3563 3341 3669 3395 οὐκ
3693 3343 3769 3397 ὢν

2196 3419 2427 3491 ψαλμὸς,
2457 3423 2518 3475 οὐ
2565 3422 2673 3495 γὰρ
2705 3423 2877 3489 οὕτως
2907 3428 3328 3501 ἐπιγέγραπται,
3358 3432 3473 3486 ἀλλ’
3495 3432 3614 3487 οὐδὲ
3633 3434 3768 3506 ᾠδὴ,

2195 3512 2317 3566 οὐδέ
2340 3531 2391 3566 τι
2420 3513 2527 3567 τῶν
2551 3515 2824 3582 τοιούτων,
2871 3521 3203 3591 προφητείαν
3234 3523 3474 3595 περιέχει
3525 3525 3625 3597 τῆς
3662 3542 3771 3581 σω-

2196 3604 2383 3675 τηρίου
2410 3605 2742 3675 θεοφανείας,
2799 3611 2865 3683 ἢν
2902 3612 3084 3665 πολλοὶ
3129 3614 3400 3686 προφῆται
3457 3617 3552 3670 καὶ
3570 3617 3770 3674 δίκαιοι

2197 3696 2549 3769 ἐπεθύμησαν
2579 3701 2724 3755 ίδεῖν.
2762 3703 2969 3776 ’Ὠσπερ
2995 3702 3087 3760 οὖν
3116 3708 3210 3761 καὶ
3237 3709 3265 3760 ὁ
3300 3708 3436 3778 μετά
3460 3711 3645 3783 χεῖρας
3674 3712 3774 3766 ἐπὶ

2196 3792 2262 3861 τῇ
2291 3791 2506 3846 πάντων
2555 3793 2853 3867 ἀνθρώπων
2911 3799 3224 3865 διαπτώσει,
3286 3802 3378 3855 καὶ
3433 3800 3622 3875 ὥσπερ
3671 3805 3771 3858 ἐπὶ

2198 3882 2361 3954 κοινῷ
2392 3886 2633 3957 ναυαγίῳ
2665 3888 2956 3960 εὐχόμενος
2988 3892 3080 3945 καὶ
3125 3892 3315 3963 λέγων·
3358 3895 3453 3960 Τίς
3487 3895 3665 3951 δώσει
3695 3898 3769 3952 ἐκ

2197 3975 2351 4029 Σιὼν
2380 3976 2447 4029 τό
2482 3977 2778 4047 Σωτήριον
2801 3981 2908 4036 τοῦ
2949 3983 3224 4053 Ἰσραήλ;
3270 3986 3341 4039 ἐν
3385 3985 3467 4052 τῷ
3497 3988 3773 4059 ὲπιστρέο

2195 4069 2304 4135 ψαι
2336 4069 2552 4137 Κύριον
2597 4072 2713 4140 τὴν
2755 4076 3173 4143 αἰχμαλωσίαν
3229 4078 3333 4131 τοῦ
3371 4081 3526 4135 λαοῦ
3554 4084 3768 4150 αὐτοῦ,

2202 4160 2632 4230 ἀγαλλιάσεται
2656 4164 2873 4229 Ἰακὼϐ,
2891 4166 2986 4220 καί
3001 4168 3471 4236 εὐφρανθήσεται
3500 4174 3768 4243 Ἰσραήλ·

2203 4252 2293 4305 ὅτε
2337 4252 2464 4325 γὰρ,
2509 4254 2995 4329 ἐξομολογούμενος
3037 4262 3133 4314 καί¹
3179 4262 3514 4336 ἐξαγορεύων
3544 4267 3615 4321 τά
3641 4271 3770 4322 ἐαυ-

2195 4343 2286 4396 τοῦ
2318 4345 2687 4418 ἁμαρτήματα
2732 4348 2819 4403 διὰ
2850 4349 2947 4420 τῆς
2976 4353 3244 4425 σωτηρίου
3294 4355 3632 4428 θεοφανείας,
3663 4379 3769 4415 κα-

2197 4433 2438 4507 θάρσεως
2471 4438 2659 4509 ἔμελλε
2707 4441 3006 4507 τεύξεσθαι·
3043 4445 3131 4498 ὅτε
3176 4447 3330 4513 ἄθεος
3359 4452 3416 4504 ἐν
3459 4452 3770 4524 ἀνθρώποις

448 4554 457 4561 .
537 4508 736 4563 anima:
785 4509 990 4567 morbis
1042 4508 1246 4564 mederi
1288 4510 1450 4579 valet,
1501 4514 1681 4568 curari
1715 4525 1985 4585 poterant.
2026 4518 2092 4573 Et

2199 4527 2289 4579 ml.
2309 4528 2367 4581 ἐν
2389 4508 2557 4603 κακίᾳ
2606 4532 2829 4598 δυνατὸς
2856 4535 3055 4606 τρόπος
3092 4538 3197 4591 οὐδ’
3240 4508 3413 4604 ἄλλως
3455 4508 3576 4605 οἷός.
3604 4560 3664 4597 τε

538 4598 654 4655 haec
678 4599 746 4655 de
769 4601 909 4656 serie
934 4600 1080 4655 dicta
1092 4601 1220 4657 sint.

609 4859 848 4918 Observa
907 4880 1067 4936 porro
1123 4869 1262 4928 hanc
1315 4876 1653 4946 prophetiam
1716 4880 1801 4938 bis
1855 4899 1911 4937 In
1951 4884 2092 4941 libro

537 4950 878 5010 Psalmorum
914 4956 1061 5024 ferri,
1118 4960 1172 5016 in
1226 4965 1398 5034 prima
1433 4976 1603 5037 parte,
1660 4973 1870 5040 psalmo
1929 4978 2090 5032 tertio

537 5043 784 5114 decimo;
823 5047 877 5102 in
906 5051 1165 5119 secunda,
1186 5070 1252 5111 eo
1282 5073 1441 5128 quem
1459 5060 1571 5129 jam
1601 5068 1919 5121 tractamus.
1948 5066 2084 5124 Nam

538 5150 570 5189 a
605 5136 870 5210 principio
898 5141 965 5196 ad
997 5144 1175 5211 linem,
1205 5147 1397 5205 iisdem
1426 5150 1536 5208 fere
1562 5155 1742 5211 verbis
1773 5156 1919 5226 jacet
1942 5159 2091 5215 deci-

536 5244 661 5285 mus
694 5231 885 5288 tertius
916 5248 979 5290 ac
1031 5252 1265 5307 praesens
1298 5243 1573 5313 psalmus;
1611 5246 1696 5303 his
1733 5250 1912 5309 verbis
1959 5253 2093 5309 inci-

537 5323 712 5393 piens,
743 5323 889 5380 Dixit
919 5328 1170 5399 insipiens
1196 5333 1251 5387 in
1290 5336 1444 5391 corde
1475 5354 1569 5393 suo
1592 5357 1611 5394 :
1636 5338 1762 5397 Non
1804 5353 1883 5399 est
1911 5345 2088 5413 Deus;

535 5414 621 5471 bis
638 5431 764 5472 vero
778 5416 1052 5486 desinens,
1073 5422 1204 5489 Quis
1225 5424 1378 5479 dabit
1389 5443 1448 5480 ex
1468 5428 1596 5486 Sion
1607 5431 1853 5491 Salutare
1874 5436 2046 5494 Israel
2067 5441 2092 5493 ?

531 5519 651 5559 cum
672 5510 978 5565 converterit
1006 5511 1262 5568 Dominus
1285 5520 1643 5587 captivitatem
1658 5524 1822 5593 plebis
1834 5544 1966 5598 sure,
1996 5545 2089 5585 ex-

600 5662 648 5695 "
691 5661 837 5721 Psal.
872 5682 959 5737 ιι,
996 5667 1045 5722 7.
1122 5669 1165 5703 ⁷³
1202 5668 1333 5729 ibid.
1370 5674 1458 5733 10.

2197 4617 2231 4689 ἢ
2264 4618 2351 4674 διὰ
2387 4621 2544 4692 μόνου
2571 4623 2664 4677 τοῦ
2702 4626 2949 4698 Σωτῆρος
2975 4628 3271 4701 θεραπείας
3298 4635 3502 4703 τυχεῖν,
3538 4634 3635 4688 τοῦ
3672 4640 3771 4692 καὶ

2196 4711 2265 4765 τὰ
2293 4712 2486 4769 ἀνίατα
2505 4715 2603 4787 τῆς
2629 4717 2805 4790 ψυχῆς
2836 4720 2981 4792 πάθη
3019 4721 3271 4776 ίάσασθαι
3295 4723 3610 4796 δυναμένου.
3654 4729 3771 4784 Καὶ

2190 4804 2365 4859 ταῦτα
2397 4808 2496 4879 μὲν
2515 4810 2594 4873 εἰς
2614 4811 2709 4883 τὴν
2734 4814 3049 4871 ἀκολουθίαν
3081 4820 3199 4889 είρή
3209 4819 3337 4873 σθω.

2266 4897 2552 4972 Σημειώσῃ
2575 4902 2653 4967 δέ,
2690 4904 2770 4957 ὅτι
2803 4905 3051 4979 δεύτερον
3075 4909 3175 4979 ἤδη
3199 4910 3232 4981 ἡ
3258 4913 3597 4984 προκειμένη
3629 4932 3766 4986 προ-

2197 4988 2393 5057 φητεία
2425 4988 2666 5059 ἔγκειται
2688 4995 2753 5064 τῇ
2784 4993 2951 5067 βίϐλῳ
2981 4998 3090 5052 τῶν
3141 4999 3403 5071 Ψαλμῶν·
3441 5004 3498 5054 ἐν
3530 5004 3628 5074 μὲν
3687 5004 3767 5075 τῷ

2197 5081 2395 5154 πρώτῳ
2421 5084 2575 5155 μέρει
2625 5085 2766 5139 κατά
2801 5086 2891 5140 τὸν
2925 5095 3013 5157 ιγ’,
3056 5090 3114 5143 ἐν
3153 5091 3209 5145 δέ
3234 5092 3312 5163 τῷ
3339 5092 3575 5166 δευτέρῳ
3621 5098 3765 5151 κατά

2197 5172 2263 5226 τὰ
2285 5174 2633 5245 προκείμενα.
2683 5177 2876 5247 Σχεδὸν
2903 5179 3010 5251 γὰρ
3048 5182 3228 5246 αὐτοῖς
3255 5185 3491 5256 ῥήμασιν
3522 5189 3618 5241 ἀπ’
3662 5191 3765 5261 ἀρ·-

2197 5264 2297 5335 κῆς
2324 5266 2483 5337 μέχρι
2523 5267 2708 5332 τέλους
2739 5271 2832 5324 καὶ
2866 5273 2895 5325 ό
2930 5278 2995 5341 ιγ’
3028 5271 3228 5344 ὁμοίως
3255 5276 3368 5347 ἔχει
3398 5276 3477 5348 τῷ
3505 5280 3757 5350 παρόντι.

2194 5355 2492 5425 ἀρχόμενος
2531 5359 2627 5429 μὲν
2652 5361 2759 5414 ἀπὸ
2797 5361 2912 5415 τοῦ·
2967 5361 3153 5418 Εἶπεν
3199 5365 3402 5435 ἄφρων
3442 5368 3514 5421 ἐν
3547 5370 3761 5438 καρδίᾳ

2195 5446 2397 5502 αὐτοῦ·
2434 5452 2557 5505 Οὐκ
2607 5450 2739 5507 ἔστι
2785 5456 2947 5521 Θεός·
3011 5456 3275 5512 τελευτῶν
3325 5457 3380 5513 δέ
3408 5460 3488 5525 είς
3536 5461 3618 5515 τό·
3665 5464 3762 5530 ﬁt;

2195 5533 2371 5592 δώσει
2400 5538 2469 5594 ἐκ
2501 5540 2654 5597 Σιὼν
2675 5543 2742 5597 τὸ
2776 5544 3075 5616 Σωτήρων
3096 5547 3201 5603 τοῦ
3253 5550 3495 5620 Ἰσραήλ
3518 5578 3538 5628 ;
3585 5553 3652 5608 ἐν
3676 5553 3759 5621 τῷ
