4024 6202
541 313 649 365 455
1244 307 1509 364 EUSEBII
1541 304 2016 364 CAESARIENSIS
2052 302 2200 361 ΟΡΡ.
2232 301 2413 358 PARS
2451 298 2625 359 "L—
2651 298 3030 357 EXEGm‘lCA
3664 302 3770 356 43.6

541 444 760 501 quoque
803 428 1036 499 erogari.
1097 428 1351 483 Decimus
1402 428 1598 483 tertius
1649 427 1809 481 etiam
1854 441 2073 498 magnam

2203 424 2309 478 τοῦ
2347 423 2640 490 Σωτηρίου
2655 438 2789 476 σου·
2824 422 2883 473 ἐν
2911 420 3059 491 δέτῷ
3086 417 3419 490 ιιιιροκειμεένιτ
3446 431 3459 445 ·
3479 414 3574 483 Τις
3590 414 3772 471 δώσει

541 536 666 577 cum
697 520 1038 591 prmcedenti,
1074 520 1281 575 scilicet
1302 534 1426 574 cum
1449 519 1791 583 duodecimo,
1825 520 1987 576 habet
2018 521 2073 576 al‘

2205 519 2274 572 ἐκ
2301 517 2454 572 Σιὼν
2500 518 2565 570 τὸ
2600 516 2901 584 Σωτήριον
2954 516 3059 569 τοῦ
3100 513 3373 582 ’1σραήλ;
3425 510 3629 582 Ηὺχετο
3657 513 3772 584 γάρ

543 610 821 670 ﬁnitatem.
858 609 990 666 Nam
1036 618 1323 682 postquam
1352 613 1564 683 rogavit
1598 613 1737 667 idem
1788 611 1842 667 in
1896 614 2071 670 duode

2206 609 2299 663 καὶ
2328 607 2474 678 αὐτῷ
2500 608 2713 679 δοθῆναι
2738 609 2798 661 τῗ)
2822 608 2997 661 κοινὸν
3016 607 3232 675 ἀγαθόν.
3266 605 3374 659 Καὶ
3404 607 3431 658 ό
3458 611 3525 673 ιγ’
3556 604 3611 657 δέ
3632 604 3773 675 πρὸς

540 704 703 766 cimo,
734 718 797 758 ac
838 702 995 767 dixit,
1038 702 1340 773 Usquequo,
1394 703 1641 769 Domine,
1672 705 1989 760 obliviscaris
2020 724 2073 759 m.

2203 699 2295 752 τὸν
2319 700 2423 771 πρὸ
2456 698 2640 763 αὑτοῦ,
2664 698 2805 766 λέγω
2829 699 2884 751 δέ
2911 698 3001 751 τὸν
3026 699 3115 753 ιϐ’.
3144 697 3340 767 πολλὴν
3366 690 3508 767 εἶχεν
3539 696 3770 749 ἀκολου-

536 795 594 848 in
623 797 821 865 ﬁnem?
860 812 1121 865 usquequo
1163 797 1352 850 avertis
1411 797 1599 867 faciem
1647 807 1789 851 tuam
1831 815 1863 852 a
1904 816 1983 853 me
2016 800 2063 831 ⁷⁸

2200 792 2343 846 θίαν.
2377 792 2681 862 Εὑξάμενος
2708 790 2817 862 γάρ
2863 792 2922 843 ἐν
2947 789 3025 860 τῷ
3057 790 3144 851 ιϐ’,
3170 790 3199 842 ὁ
3256 788 3416 851 αὑτὸς
3450 788 3544 841 καὶ
3572 787 3766 841 εἰπών’

539 888 860 957 quibusdam
894 896 1083 957 postea
1116 887 1337 952 additis,
1380 889 1454 943 ita
1502 890 1742 943 claudit:
1777 889 1884 960 Ego
1927 900 2073 944 auten

2204 886 2357 951 Ἕως
2393 888 2555 947 πότε,
2590 885 2785 951 Κύριε,
2824 882 3089 949 ἐπιλήσῃ
3130 899 3248 950 μου
3300 882 3388 945 εἰς
3412 878 3626 945 τέλος;
3653 879 3771 945 ἕως

537 980 592 1032 in
622 979 983 1033 misericordia
1022 988 1113 1032 tua
1141 981 1361 1049 speravi.
1395 979 1695 1034 Exsultabit
1725 999 1813 1035 cor
1844 1000 2010 1037 meum
2042 985 2073 1037 it

2200 978 2344 1030 πότε
2372 974 2764 1043 ἀποστρέφεις
2809 972 2875 1027 τὸ
2933 973 3253 1041 πρόσωπόν
3287 986 3402 1025 σου
3445 969 3547 1025 ἀπ’
3578 968 3724 1038 ἐμοῦ
3747 984 3771 1032 ;
3797 1022 3804 1041 ,

537 1072 781 1127 Salutari
824 1083 913 1128 tuo
932 1075 998 1131 ⁷⁸.
1026 1074 1091 1129 Ει
1117 1078 1242 1145 quia
1274 1076 1327 1129 in
1356 1075 1675 1130 duodecimo
1691 1074 1938 1132 Salutare
1964 1080 2073 1133 illm

2202 1066 2395 1121 καὶτὰ
2453 1066 2661 1130 τούτοις
2694 1065 2822 1135 ἑξῆς
2851 1064 3122 1133 συνάψας,
3190 1061 3446 1130 ἐπιλέγει·
3495 1058 3645 1130 Ἐγὼ
3694 1056 3771 1111 δὲ

535 1167 944 1232 memoravit,in
973 1168 1186 1223 decimo
1210 1168 1368 1223 tertio
1399 1180 1793 1239 consequenter
1812 1172 1885 1224 ait
1912 1190 1925 1226 :
1965 1171 2073 1238 Qui

2199 1156 2295 1208 ἐπὶ
2326 1155 2405 1222 τῷ
2426 1156 2581 1210 ἐλέει
2618 1171 2734 1209 σου
2768 1155 3016 1225 ἤλπισα.
3057 1153 3506 1224 Ἀγαλλιάσεται
3542 1153 3582 1220 ἠ
3618 1168 3771 1220 καρ-

533 1258 681 1313 dabit
701 1275 766 1314 ea:
786 1259 915 1315 Sion
947 1259 1192 1314 Salutare
1229 1261 1439 1316 Israel?

2199 1248 2300 1302 δία
2321 1266 2440 1318 μου
2468 1249 2566 1302 ἐπὶ
2588 1249 2667 1314 τῷ
2699 1250 2967 1317 Σωτηρίῳ
2985 1264 3119 1302 σου.
3152 1247 3258 1300 Καὶ
3280 1246 3571 1319 ἐπειδήπερ
3596 1246 3772 1316 ἐμνη-

534 1354 762 1424 μόνευσε
794 1355 888 1409 τοῦ
926 1356 1197 1428 Σωτηρίου
1228 1357 1286 1411 ἐν
1316 1356 1395 1427 τῷ
1419 1356 1505 1423 ιϐ’,
1561 1358 1620 1411 ἐν
1668 1358 1742 1430 τῷ
1771 1366 1835 1428 ιγ’
1866 1361 2170 1429 ἀκολούθως
2206 1366 2369 1437 φησί·
2429 1366 2523 1433 Τίς
2580 1366 2758 1422 δώσει
2816 1366 2884 1420 ἐκ
2947 1364 3100 1420 Σιὼν
3166 1364 3232 1419 τὸ
3297 1362 3592 1432 Σωτήρων
3655 1360 3771 1416 τοῦ

542 1449 779 1521 Ἰσραήλ
800 1467 821 1517 ;

601 1542 892 1616 inscriptio
925 1544 1127 1615 itaque,
1158 1560 1279 1616 quae
1327 1544 1494 1600 multa
1528 1552 1649 1618 eget
1699 1546 2073 1620 intelligentia.

2276 1548 2339 1603 'H
2380 1549 2479 1622 μὲν
2501 1544 2593 1604 οῦν
2620 1547 2937 1621 προγραφὴ,
2966 1545 3161 1618 πολλῆς
3210 1546 3473 1610 συνέσεως
3508 1544 3764 1619 δεομένη,

524 1650 631 1706 .pro
672 1634 870 1689 chorea
911 1634 1192 1691 dicebatur
1239 1650 1337 1706 per
1367 1633 1616 1692 Salutare
1673 1637 1726 1691 in
1777 1638 2073 1694 hominibus

2198 1640 2337 1713 ὑπὲρ
2365 1641 2460 1712 τῆς
2499 1640 2713 1713 χορείας
2753 1640 2986 1709 ἐλέγετο,
3042 1638 3142 1709 τῆς
3195 1637 3491 1710 μελλούσης
3548 1638 3635 1693 διὰ
3666 1639 3766 1693 τοῦ

526 1728 931 1793 constituenda,
960 1742 1025 1783 ac
1054 1735 1178 1799 post
1206 1726 1508 1785 Salvatoris
1539 1731 1713 1785 nostri
1733 1730 1860 1787 Jesu
1892 1731 2073 1789 Christ

2196 1732 2468 1805 Σωτηρίου
2501 1732 2845 1785 συνίστασθαι
2880 1734 2937 1785 ἐν
2985 1729 3308 1802 ἀνθρώποις·
3345 1730 3465 1801 ἥτις
3495 1730 3643 1802 ἔργῳ
3666 1734 3768 1785 ἐττς⁵

522 1820 820 1875 adventum
865 1834 1028 1890 Opere
1073 1819 1341 1890 perlecta;
1394 1836 1491 1891 per
1543 1837 1703 1892 quem
1752 1822 1807 1877 in
1840 1825 2073 1880 universe

2194 1823 2448 1894 ετελὲσθη
2483 1824 2621 1894 μετά
2668 1823 2767 1893 τὴν
2818 1822 3132 1891 ἐπιφάνειαν
3170 1821 3264 1875 τοῦ
3302 1822 3550 1893 Σωτῆρος
3603 1824 3767 1893 ἡμῶν

521 1912 660 1968 orbe
693 1928 797 1966 una
821 1911 1067 1968 constitit
1100 1911 1209 1967 Deo
1232 1913 1451 1977 chorea,
1469 1915 1645 1983 qualis
1667 1914 1782 1968 visa
1814 1932 2073 1988 nunquan

2182 1914 2377 1987 ’Ἰησοῦ
2414 1915 2670 1989 Χριστοῦο
2700 1914 2765 1969 δι’
2795 1910 2854 1971 οὗ
2871 1915 2990 1969 καθ’
3019 1914 3146 1985 ὅλης
3172 1914 3269 1985 τῆς
3304 1913 3628 1987 οἰκουμένης
3663 1918 3765 1987 μία

526 2004 726 2069 fuerat,
758 2004 968 2060 scilicet
992 2004 1264 2059 catholica
1289 2003 1529 2062 Ecclesia
1559 2006 1672 2072 Dei,
1699 2023 1861 2078 supra
1888 2008 2073 2063 ﬁrman

2195 2009 2425 2081 συνέστη
2483 2008 2560 2080 τῷ
2595 2009 2712 2080 Θεῷ
2753 2008 2961 2081 χορεία,
2994 2008 3081 2061 οἵα
3130 2006 3488 2071 οὐδεπώποτε,
3540 2009 3573 2079 ἡ
3627 2008 3766 2062 καθα

527 2095 967 2167 immobilemque
986 2096 1242 2153 salutaris
1272 2099 1419 2153 verbi
1451 2108 1659 2170 petram
1687 2098 1931 2155 fundata.
1961 2097 2073 2167 Qua

2193 2099 2350 2173 ολικὴ
2374 2098 2470 2153 τοῦ
2498 2099 2631 2154 Θεοῦ
2676 2099 2971 2171 Ἐκκλησία
2994 2099 3087 2153 ἐπὶ
3124 2097 3221 2170 τὴν
3249 2097 3463 2170 ἀρραγῆ
3486 2099 3578 2151 καὶ
3601 2098 3727 2153 deet
3751 2134 3764 2142 -

524 2193 709 2241 autem
739 2186 895 2241 initio
924 2187 1233 2258 prophetia
1264 2190 1558 2253 dicuntur,
1614 2191 1858 2245 omnium
1908 2192 2001 2261 qui
2036 2192 2089 2244 in

523 2284 673 2333 terra
725 2285 851 2334 sunt
884 2278 1164 2334 hominum
1198 2282 1358 2351 quasi
1410 2281 1751 2354 naufragium
1801 2282 2087 2337 inducunt.

523 2365 663 2423 Nam
692 2370 806 2425 ait:
852 2370 1002 2425 Dixit
1054 2372 1305 2441 insipiens
1354 2374 1408 2428 in
1457 2375 1612 2429 corde
1652 2392 1747 2429 suo
1774 2391 1793 2429 :
1846 2373 1968 2430 Non
2009 2383 2087 2430 est

523 2460 688 2518 Deus.
716 2462 968 2535 ϐατταριὶ
1017 2475 1143 2520 sunt
1195 2476 1244 2520 et
1287 2467 1666 2523 abominabiles
1714 2469 1844 2539 facti
1878 2479 1999 2523 sunt
2033 2469 2087 2523 in

522 2555 799 2626 iniquitate
827 2572 846 2610 :
877 2572 980 2609 non
1022 2565 1099 2611 est
1132 2558 1223 2622 qui
1259 2556 1422 2627 faciat
1472 2556 1683 2614 bonum.
1728 2557 1924 2614 Eadem
1957 2574 2087 2614 vero

521 2647 580 2703 in
613 2663 710 2702 xm
770 2647 1079 2715 habentur,
1117 2650 1351 2705 maxime
1405 2650 1700 2705 secundum
1763 2650 2084 2707 llebraicam

519 2740 798 2810 linguam,
840 2739 899 2794 in
935 2755 1043 2810 qua
1089 2740 1277 2796 eadem
1331 2742 1515 2805 verba,
1552 2744 1752 2798 eadem
1805 2743 1994 2799 littera:
2030 2744 2085 2798 in

518 2830 787 2886 ambobus
821 2831 1046 2901 psalmis
1074 2830 1353 2897 feruntur;
1386 2836 1485 2887 etsi
1537 2834 1590 2887 in
1618 2835 1866 2889 versione
1898 2845 2085 2890 nostra

515 2920 783 2993 quasdam
810 2922 1055 2977 diversas
1084 2937 1244 2977 voces
1293 2923 1546 2992 praeferre
1593 2925 1892 2980 videantur.
1949 2926 2083 2982 Nam

517 3028 618 3083 pro
646 3014 736 3066 illo
755 3054 769 3078 ,
804 3011 1054 3079 Corrupti
1083 3021 1204 3066 sunt
1233 3024 1280 3067 ct
1317 3013 1696 3069 abominabiles
1716 3016 1845 3084 facti
1874 3026 1996 3071 sunt
2027 3018 2082 3071 in

2193 2207 2316 2244 στον
2347 2190 2551 2263 πέτραν
2584 2190 2678 2245 τοῦ
2707 2190 2972 2262 σωτηρίου
3004 2189 3160 2258 λόγου
3190 2189 3642 2260 τεθεμελιωμὲνη.
3673 2190 3762 2244 Τὰ

2189 2282 2246 2336 δέ
2273 2283 2330 2335 ἐν
2356 2284 2496 2355 ἀρχῇ
2542 2280 2639 2354 τῆς
2689 2281 3020 2354 προφητείας
3056 2278 3323 2352 λεγόμενα
3354 2281 3597 2335 ἁπάντων
3638 2280 3760 2334 τῶν

2189 2373 2281 2427 ἐπὶ
2316 2373 2419 2444 γῆς
2453 2372 2753 2445 ἀνθρώπιον
2781 2371 2969 2444 ῶσπερ
2997 2390 3049 2427 τι
3079 2373 3334 2441 ναυάγιον
3362 2370 3583 2441 εἰσάγει.
3609 2367 3759 2425 Eius

2187 2466 2315 2537 γάρ*
2349 2464 2543 2533 Φησίν
2570 2464 2771 2534 ἄφρων
2820 2464 2890 2517 ἐν
2942 2463 3155 2533 καρδίᾳ
3184 2463 3390 2518 αὐτοῦ’
3448 2466 3568 2517 Οὐκ
3617 2464 3755 2518 ἐστι

2188 2556 2351 2623 Θεός.
2377 2554 2788 2625 Διεφθάρησαν
2810 2554 2907 2607 καί
2940 2553 3388 2622 ἐϐδελύχθησαν
3417 2552 3486 2607 ἐν
3511 2553 3754 2621 circle/gr

2186 2650 2296 2702 οὐκ
2321 2647 2452 2701 ἐστι
2490 2644 2675 2699 ποιῶν
2730 2646 2969 2715 ἀγαθόν.
3005 2644 3084 2698 Τά
3118 2644 3256 2699 αὑτά
3277 2645 3332 2697 δὲ
3354 2645 3447 2697 καὶ
3481 2646 3539 2697 ἐν
3575 2643 3653 2715 τῷ
3683 2650 3754 2712 ιγ

2186 2737 2458 2810 ἐδηλοῦτο,
2490 2736 2722 2809 μάλιστα
2748 2736 2888 2790 κατά
2926 2737 3023 2806 τὴν
3072 2736 3361 2809 Ἐϐραῖκὴν
3382 2736 3655 2805 γλῶσσαν,
3689 2739 3755 2789 ἐν

2185 2825 2218 2905 ᾖ
2255 2834 2308 2885 αἰ
2334 2831 2495 2886 αὑταὶ
2520 2829 2692 2896 λέξεις
2719 2830 3046 2902 ἐμφέρονται
3101 2832 3195 2884 καὶ
3236 2829 3302 2883 τὰ
3330 2831 3468 2883 αὐτὰ
3512 2834 3751 2901 στοιχεῖα

2184 2925 2241 2977 ἐν
2275 2923 2633 2993 ἀμφοτέροις’
2676 2925 2723 2975 εἰ
2762 2924 2854 2976 καὶ
2880 2922 3111 2992 μάλιστα
3138 2923 3231 2992 τῆς
3252 2922 3379 2990 παρ’
3418 2923 3549 2992 ἡμῖν
3583 2923 3753 2993 ἑρμη-

2183 3015 2350 3078 νείας,
2407 3014 2578 3078 λέξεις
2614 3014 2763 3077 τινὰς
2803 3013 3204 3084 ἐνηλλαγμένας
3255 3014 3531 3084 περιέχειν
3580 3015 3745 3069 δοκεῖ.

516 3106 831 3176 iniquitate;
872 3104 1117 3160 decimus
1156 3107 1376 3170 tertius,
1427 3105 1676 3177 Corrupti
1721 3119 1843 3162 sunt
1885 3119 1935 3163 et
1989 3110 2073 3164 nb-

2195 3105 2338 3158 Ἀντὶ
2375 3105 2481 3176 γὰρ
2508 3103 2622 3167 τοῦ,
2671 3103 3012 3173 Διέφθειραν
3049 3104 3145 3158 καὶ
3183 3104 3637 3173 ἐϐδελύχθησαν
3675 3106 3750 3158 ἐν

513 3196 826 3252 ominabiles
864 3196 997 3266 facti
1035 3206 1158 3251 sunt
1197 3197 1469 3253 in‘studiis
1503 3200 1549 3230 ⁷⁵
1579 3217 1592 3253 ;
1625 3216 1689 3253 ac
1732 3217 1949 3256 rursum
1983 3217 2081 3272 pro

516 3289 639 3350 illo,
683 3285 804 3342 Non
824 3297 901 3341 est
923 3289 1011 3357 qui
1040 3288 1205 3354 faciat
1232 3288 1442 3353 bonum,
1471 3290 1631 3346 habet
1663 3292 1751 3347 ille
1774 3331 1789 3355 ,
1845 3290 1966 3346 Non
2005 3304 2081 3348 est

508 3381 603 3452 qui
636 3379 799 3450 faciat
827 3379 1112 3435 bonitatem
1137 3380 1221 3435 "z
1258 3396 1383 3434 nam
1415 3380 1703 3438 diversitas
1734 3382 1875 3453 apud
1908 3384 2072 3439 inter-

513 3478 695 3543 pretes
742 3472 916 3527 solum
952 3470 1272 3527 'l'ertur.llis
1316 3488 1481 3543 porro
1524 3475 1864 3546 signiﬁcatur
1895 3480 2078 3549 lapsas

513 3579 741 3635 prorsus
769 3562 936 3618 fuisse
963 3577 1283 3620 communes
1322 3564 1390 3620 de
1418 3564 1528 3621 Deo
1555 3567 1941 3638 cogitationes;
1991 3578 2077 3624 at-

508 3670 619 3726 que
644 3656 862 3725 impiam
892 3655 1359 3727 irreligiosamque
1384 3659 1629 3713 omnium
1649 3660 1926 3716 hominum
1953 3679 2079 3719 sen—

512 3748 739 3804 tentiam
769 3757 893 3804 ante
911 3748 1210 3805 Salvatoris
1221 3750 1404 3806 nostri
1433 3751 1724 3807 adventum
1750 3754 2072 3812 obtinuisse.

510 3838 650 3893 Nam
710 3853 836 3893 cum
902 3838 1044 3894 Deus
1099 3839 1155 3892 in
1213 3840 1596 3899 communibus
1657 3844 2076 3914 cogitationibus

512 3929 658 3986 bona
688 3929 1010 4000 cognitionis
1041 3946 1153 3986 suae
1199 3933 1405 3988 semina
1429 3932 1624 4003 jecerit
1651 3978 1667 4002 ,
1717 3952 1986 4007 quemque
2004 3924 2074 3994 'in

512 4019 825 4077 hominibus
860 4021 1202 4091 insipientem
1243 4031 1394 4077 tanta
1446 4025 1730 4082 subversio
1774 4042 2075 4098 occupave-

513 4123 619 4180 rat,
649 4119 708 4167 ut
741 4113 960 4182 impiam
1000 4116 1324 4170 sententiam
1366 4116 1421 4171 in
1453 4128 1631 4173 mente
1665 4134 1763 4173 sua
1797 4129 2071 4189 servaret,

512 4221 577 4261 ac
609 4204 818 4260 nullum
861 4220 1004 4271 esse,
1046 4222 1146 4262 nec
1174 4208 1232 4263 in
1279 4210 1534 4267 universo
1568 4213 1848 4269 exstitisse
1875 4212 2068 4280 Deum,

505 4300 794 4371 cogitaret.
834 4299 900 4356 Et
928 4301 1019 4357 hic
1051 4317 1183 4357 sane
1214 4317 1340 4357 vere
1371 4304 1561 4359 atbeus
1600 4313 1655 4359 et
1686 4319 1909 4374 prorsus
1937 4308 2071 4363 msi-

507 4393 664 4465 piens
699 4402 839 4460 erat,
870 4395 963 4467 qui
999 4410 1177 4467 neque
1204 4396 1596 4467 providentiam
1630 4399 1813 4453 omnia
1858 4401 2071 4470 prospi-

2182 3199 2417 3267 ἀνομίᾳ,
2444 3199 2472 3251 ὁ
2500 3205 2587 3267 ιγ’,
2614 3196 3027 3267 Διεερθάρησαν
3065 3198 3158 3251 καί
3189 3196 3640 3266 ἑϐδελύχθησαν
3673 3198 3752 3250 ἐν·

2180 3288 2626 3358 ἑπιτηδεύμασν
2654 3290 2747 3341 καὶ
2771 3289 2930 3342 πάλιν
2961 3290 3079 3341 ἀντὶ
3106 3287 3219 3351 τοῦ,
3253 3292 3374 3343 Οὐκ
3403 3289 3527 3343 ἐστι
3554 3288 3750 3342 ποιῶν

2180 3381 2421 3451 ἀγαθὸν,
2460 3383 2580 3433 Οὐκ
2609 3380 2738 3434 ἔστι
2792 3378 2977 3434 ποιῶν
3032 3380 3429 3449 χρηστότητα,
3474 3381 3743 3452 περιέχει·

2180 3470 2332 3542 παρὰ
2360 3470 2468 3541 γάρ
2504 3471 2629 3535 τοὺς
2658 3470 3097 3542 ἑρμηνεύσαντας
3129 3472 3161 3543 ἠ
3191 3470 3451 3542 ἐναλλαγὴ
3491 3472 3740 3543 φέρεται.

2181 3560 2437 3632 Σημαίνει
2468 3560 2523 3614 δὲ
2551 3560 2638 3615 διὰ
2688 3560 2889 3615 τούτων
2915 3563 2944 3614 ὁ
2970 3559 3123 3630 λόγος
3168 3561 3264 3632 τὴν
3303 3560 3574 3615 ἔκπτωσιν
3632 3562 3745 3616 τῶν

2179 3652 2372 3707 κοινῶν
2421 3654 2547 3726 περὶ
2593 3652 2728 3707 Θεοῦ
2766 3651 2980 3707 ἐννοιῶν
3000 3694 3015 3719 ,
3079 3652 3173 3705 καὶ
3219 3651 3313 3706 τὸν
3359 3652 3589 3725 δυσσεϐῆ
3643 3654 3743 3708 καὶ

2178 3744 2335 3799 ἄθεον
2353 3743 2608 3816 λογισμὸν
2651 3746 2750 3816 τῆς
2781 3744 3195 3815 ἀνθρωπότητος
3226 3744 3442 3814 ἁπάσης
3482 3745 3587 3816 πρὸ
3637 3746 3743 3817 τῆς

2175 3835 2270 3891 τοῦ
2293 3838 2540 3910 Σωτῆρος
2568 3837 2726 3909 ἡμῶν
2758 3837 3077 3907 ἐπιφανείας
3108 3838 3565 3909 ἐπικρατήσαντα.
3628 3838 3741 3891 Τοῦ

2175 3928 2282 4001 γὰρ
2307 3926 2443 3981 Θεοῦ
2475 3930 2595 3992 ταῖς
2634 3931 2836 3992 κοιναῖς
2864 3927 3089 3993 ἐννοίαις
3120 3927 3299 3997 ἀγαθά
3323 3929 3611 3998 σπέρματα
3637 3927 3741 3998 τῆς

2175 4023 2303 4093 περὶ
2350 4020 2513 4075 αὑτοῦ
2550 4021 2804 4090 γνώσεως
2851 4019 3341 4092 καταϐαλλομένου,
3379 4020 3615 4091 τοσαύτη
3653 4038 3741 4085 τος

2173 4117 2435 4188 κατέσχεν
2452 4116 2748 4188 διαστροφὴ
2770 4116 2945 4169 πάντα
2977 4114 3067 4168 τὸν
3102 4116 3160 4168 ἐν
3181 4113 3484 4188 ἀνθρώποις
3505 4115 3737 4185 ἄφρονα,

2172 4210 2248 4275 ὡς
2266 4209 2423 4276 δόξαν
2463 4208 2622 4263 ἄθεον
2671 4209 2728 4262 ἐν
2751 4206 2829 4279 τῷ
2859 4206 3049 4261 ἐαυτοῦ
3115 4206 3358 4277 λογισμῷ
3409 4204 3737 4278 κτήσασθαι,

2171 4304 2265 4371 καὶ
2293 4303 2375 4357 ὅτι
2413 4302 2597 4374 μηδείς
2628 4303 2743 4356 ἐστι
2779 4300 2913 4372 μηδέ
2955 4298 3253 4369 ὑφέστηκεν
3288 4299 3346 4351 ἐν
3374 4297 3452 4368 τῷ
3507 4298 3671 4351 παντὶ
3707 4300 3739 4352 6

2171 4397 2301 4461 Θεὸς
2319 4395 2680 4467 διανοηθῆναι.
2731 4389 2899 4457 Οὗτος
2954 4393 3051 4464 μὲν
3079 4387 3173 4445 οὖν
3219 4390 3431 4460 ἀληθῶς
3462 4390 3621 4454 sese;
3646 4406 3738 4454 τις

504 4487 761 4555 cientem,
790 4504 967 4559 neque
1002 4500 1236 4545 mentem
1267 4489 1414 4544 illam
1452 4490 1842 4556 universalem,
1891 4507 2068 4563 neque

2175 4481 2237 4559 ἢν
2265 4459 2359 4541 καὶ
2409 4459 2683 4551 παντελῶς
2735 4459 2967 4557 ἄφρων,⁷
3000 4481 3124 4537 οὔτε
3165 4484 3417 4555 πρόνοιαν
3457 4482 3523 4536 τὰ
3557 4484 3737 4537 πάντα

504 4577 866 4632 substantiam
903 4578 1084 4639 omnia
1117 4589 1530 4649 exsuperantem
1567 4582 1918 4651 omnimnque
1949 4584 2068 4652 opi-

506 4667 700 4731 ﬁcem,
742 4668 1007 4724 exsistere
1056 4669 1324 4725 definiret.
1381 4669 1593 4740 Reliqui
1641 4685 1769 4725 vero
1814 4671 2065 4727 homines

506 4758 798 4812 multorum
817 4760 1101 4813 numinum
1119 4761 1290 4815 errori
1324 4777 1418 4831 per
1438 4762 1793 4818 idololatrian!
1812 4779 1933 4820 sese
1953 4773 2065 4818 tra-

502 4849 719 4913 dentes,
750 4850 856 4904 alio
881 4850 1204 4920 insipientia:
1227 4852 1390 4905 modo
1419 4854 1471 4907 in
1502 4856 1702 4909 nullius
1733 4854 1825 4910 Dei
1858 4858 2063 4910 cultum

507 4939 740 5008 prolapsi
773 4946 933 4995 sunt:
967 4942 1056 5009 qui
1095 4941 1256 4995 etiam
1304 4958 1494 5011 sparsa
1534 4944 1622 4996 illa
1662 4945 1714 4997 in
1765 4962 1822 5000 se
1851 4948 1918 5001 de
1960 4946 2066 5000 Deo

503 5043 636 5084 sana
668 5032 872 5085 semina
901 5032 1278 5087 exstinxerunt
1303 5072 1317 5095 ,
1360 5048 1423 5085 ac
1458 5042 1790 5089 mortuorum
1838 5037 2060 5091 simula-

499 5137 721 5178 crorum
774 5123 1162 5178 abominationi
1211 5139 1271 5179 se
1315 5124 1658 5189 dediderunt,
1688 5143 1808 5197 qua:
1856 5128 2060 5183 nullius

498 5213 660 5285 pretii
680 5221 733 5268 et
755 5228 881 5269 vere
908 5216 1237 5270 exsecranda
1259 5226 1438 5279 erant,
1471 5219 1730 5274 colentes.
1762 5219 1941 5286 Quare
1971 5219 2059 5297 di—

492 5320 647 5363 ctum
683 5314 806 5361 est:
838 5306 1084 5375 Corrupti
1122 5320 1308 5363 suntet
1337 5312 1716 5366 abominabiles
1765 5315 1894 5381 [acti
1935 5323 2058 5367 sunt

492 5403 545 5454 in
583 5400 874 5470 iniquitate.
931 5398 1084 5465 Quod
1132 5402 1333 5458 clarius
1379 5403 1763 5473 interpretatus
1809 5404 2056 5475 Symma-

2170 4578 2471 4650 ἐφορῶσαν,
2506 4575 2631 4630 οὔτε
2653 4576 2775 4630 νοῦν
2794 4575 2885 4629 τὸν
2909 4574 3158 4638 καθόλου,
3179 4573 3301 4628 οὔτε
3357 4574 3454 4645 τὴν
3479 4574 3734 4627 ἐπέκεινα

2168 4668 2275 4722 τῶν
2306 4669 2439 4722 ὅλων
2461 4667 2647 4723 οὑσίαν
2700 4666 2797 4739 τὴν
2824 4665 3076 4720 ἁπάντων
3100 4665 3402 4736 ποιητικὴν,
3439 4664 3732 4733 ὑφεστάναι

2166 4764 2498 4836 ὁριζόμενος·
2553 4764 2602 4816 οἰ
2644 4762 2701 4815 δὲ
2754 4761 2931 4815 λοιποὶ
2972 4760 3078 4813 τῶν
3117 4757 3435 4830 ἀνθρώπων,
3488 4758 3734 4828 πολυθέῳ

2170 4857 2342 4928 πλάνῃ
2373 4858 2437 4927 τῇ
2471 4855 2609 4910 κατά
2633 4855 2731 4926 τὴν
2753 4852 3187 4925 εἰδωλολατρείαν
3216 4851 3439 4914 ἐαυτοὺς
3463 4851 3730 4912 ἐκδόντες,

2167 4949 2338 5019 ἑτέρῳ
2364 4946 2671 5019 ἀφροσύνης
2715 4945 2896 5016 τρόπῳ
2928 4946 3006 5008 εἰς
3053 4942 3317 5013 ἀθεότητα
3354 4940 3727 4995 πεπτώκασιν·

2164 5041 2212 5092 οἳ
2242 5042 2334 5094 καὶ
2362 5041 2512 5094 αὐτοὶ
2546 5039 2856 5108 διέφθειραν
2886 5036 2953 5089 τὰ
2981 5034 3251 5105 σπαρέντα
3301 5035 3359 5086 ἐν
3398 5033 3580 5096 αὐτοῖς
3599 5033 3728 5104 ὑγιῆ

2163 5129 2291 5201 περὶ
2314 5127 2447 5181 Θεοῦ
2482 5129 2789 5199 σπέρματα,
2820 5126 2915 5179 καὶ
2968 5126 3032 5195 τῇ
3086 5123 3192 5176 τῶν
3229 5122 3436 5195 νεκρῶν
3494 5122 3728 5176 εἰδώλων

2165 5218 2415 5291 βδελυρία
2435 5220 2658 5283 ἑαυτοὺς
2704 5216 3167 5291 παραδεδώκασιν,
3200 5216 3370 5287 ἄτιμα
3395 5216 3491 5268 καί⁸
3508 5215 3728 5286 ἀληθῶς

2162 5308 2502 5380 βδελύγματα
2544 5309 2915 5373 σεϐασθέντες.
2971 5308 3061 5361 Διὸ
3110 5308 3339 5379 είρηται’
3381 5305 3725 5375 Διέρθειραν

2158 5405 2255 5458 καὶ
2284 5402 2735 5472 ἑϐδελὺχθησαν
2783 5402 2853 5455 ἐν
2913 5400 3146 5469 ἀνομίᾳο
3206 5398 3235 5451 ὃ
3284 5397 3349 5470 δὴ
3396 5397 3726 5468 σαφέστερον

492 5493 627 5545 rbus
662 5499 746 5546 est
779 5491 863 5544 his
892 5490 1107 5557 verbis,
1143 5491 1389 5561 Corrupti
1427 5508 1543 5548 sunt
1586 5504 1636 5549 et
1678 5494 2057 5549 abominationi

2175 5495 2500 5564 ίγρμήνευσεν
2556 5496 2582 5547 ὑ
2618 5494 2908 5563 Σύμμαχος
2948 5489 3133 5543 εἰπών·
3169 5486 3582 5558 Διεφθάρησαν
3621 5488 3720 5542 καί

493 5584 804 5637 studuerunt
820 5598 936 5635 cum
950 5582 1238 5652 iniquitate.
1256 5584 1657 5641 Abominationi
1682 5601 1915 5657 namque
1941 5594 2057 5641 stu-

566 5738 611 5767 "
649 5735 791 5794 Psal.
824 5754 932 5810 xu,
966 5741 1019 5797 1.
1093 5742 1139 5774 ⁷⁸
1177 5741 1306 5798 ibid.
1343 5741 1396 5797 6.

2154 5586 2487 5656 βδελιιρίαν
2522 5586 2933 5653 ἐπετήδευσαν
2970 5581 3121 5653 μετὰ
3167 5580 3415 5647 ἀδικίας.
3489 5580 3722 5659 Ἐπετῄ-

1473 5742 1519 5774 τ⁵
1560 5740 1701 5795 Psal.
1740 5755 1867 5806 xm,
1907 5741 1956 5795 i.
2034 5741 2079 5772 ⁷⁸
2117 5739 2247 5796 ibid.
2281 5742 2333 5796 3.
