4024 6202
478 294 580 349 iss
597 365 601 368 λ

1187 283 1454 339 EUSEBII
1488 275 1963 334 CESARIENSIS
1987 277 2018 328 ιι

2123 319 2138 335 .
2169 277 2348 334 mus
2385 279 2470 336 ιιι.
2509 313 2576 323 —
2611 282 3013 340 exsomnes.
3188 354 3190 356 ν
3607 284 3710 342 to:

475 424 606 480 ergo
635 422 857 477 semper
895 406 974 460 sic
1009 412 1228 476 agentes
1269 400 1731 472 perseverabunt?
1761 399 1892 454 Esto
1932 400 2018 467 jan

2120 447 2121 450 η
2151 397 2469 466 επράξαντο.
2499 401 2646 469 Μήτι
2668 397 2760 454 οὖν
2790 403 2882 455 καὶ
2899 403 2978 464 εἰς
2999 402 3059 454 τὸ
3080 401 3334 463 παντελὲς
3348 401 3517 454 ταῦτα
3538 403 3711 472 πράτ-

478 500 649 556 Deum
684 513 792 552 non
827 497 1251 560 invocaverunt,
1287 492 1396 547 Deo
1426 487 1696 547 contraria
1737 497 1791 546 et
1827 491 2043 544 inimica

475 593 706 662 operati,
742 603 926 652 annon
955 587 1192 657 quodam
1229 594 1469 654 tempore
1516 591 1845 652 cognoscent
1884 582 2045 635 ultio-

473 699 598 739 nem
647 681 783 752 ipsis
834 679 1203 736 inferendam?
1247 677 1390 732 Sane
1435 685 1648 746 tempus
1691 676 1794 730 erit
1832 676 1885 730 in
1935 688 2043 744 quo

471 773 824 844 trepidabunt
873 773 1090 826 timore.
1146 769 1432 836 Quodnam
1464 767 1632 830 illud,
1675 766 1781 822 nisi
1823 765 2042 836 quando

470 863 826 918 illucescente
865 860 1127 924 Salutari,
1158 859 1342 912 nullus
1373 858 1516 912 ultra
1551 864 1726 910 metus
1750 855 2039 924 pecoribus

471 953 606 1010 meis
641 952 854 1016 aderit,
886 953 1008 1006 illas
1052 950 1544 1005 autemsimmanes
1584 949 1746 1011 feras,
1791 949 2038 1004 occultos

469 1051 524 1098 et
543 1042 843 1097 invisibiles
861 1042 1135 1096 daemones
1163 1042 1324 1094 timor
1349 1039 1643 1107 corripiet,
1675 1039 1766 1093 ubi
1801 1054 1907 1093 non
1935 1039 2038 1093 erit

470 1134 696 1190 timendi
727 1133 916 1189 locus?
956 1131 1110 1186 Tunc
1156 1132 1298 1186 enim
1353 1131 1420 1185 iis
1460 1131 1679 1200 quidem
1737 1133 1830 1201 qui
1881 1132 2039 1186 bonis

468 1235 630 1281 erunt
674 1227 823 1296 digni
866 1226 1051 1280 nullus
1099 1224 1202 1278 erit
1234 1232 1444 1289 metus;
1473 1224 1542 1279 iis
1579 1237 1732 1291 vero,
1787 1225 1881 1292 qui
1923 1223 2036 1293 jam

468 1327 661 1373 contra
686 1318 944 1388 populum
968 1332 1145 1371 meum
1175 1317 1482 1382 eriguntur,
1508 1315 1722 1382 ingruet
1749 1314 1912 1368 timor
1943 1314 2035 1368 ira:

468 1412 618 1480 ipsos
650 1410 938 1470 invasuraz,
971 1423 1092 1476 qua:
1122 1411 1353 1469 instans,
1390 1405 1670 1473 dissipabit
1696 1420 1816 1458 ossa
1853 1419 2034 1457 eorum

465 1500 555 1570 qui
609 1497 905 1552 hominibus
945 1497 1188 1565 placent;
1238 1509 1344 1565 qua
1415 1490 1850 1553 confundentur;
1902 1489 2031 1558 quia

465 1602 598 1647 tunc
629 1591 874 1646 omnium
904 1589 1068 1657 judex
1100 1589 1248 1659 ipsos
1279 1586 1432 1640 nihili
1468 1583 1650 1637 faciet.
1672 1582 1776 1635 Pro
1813 1582 1904 1635 illo
1931 1596 2032 1634 au-

2146 507 2329 553 τοντες
2350 491 2781 558 διατελέσουσιν;
2839 494 3017 546 Ἔστω
3058 492 3113 543 δὲ
3159 490 3281 555 νῦν,
3325 492 3414 544 τὸν
3447 491 3579 543 Θεὸν
3614 493 3713 544 οὐκ

2147 582 2570 645 ἐπεκαλέσαντο,
2601 584 2859 638 τάναντία
2887 583 2962 654 τῷ
3000 582 3117 652 Θεῷ
3150 583 3241 635 καὶ
3273 582 3338 634 τά
3369 582 3536 653 ἐχθρά
3563 584 3712 654 αὐτῷ

2145 673 2512 745 ἐνεργοῦντες,
2541 675 2614 745 μὴ
2641 675 2761 745 οὐχὶ
2793 675 3088 744 γνώσονται
3113 673 3287 743 καιρῷ
3313 691 3417 726 τινι
3466 673 3562 745 τὴν
3613 676 3712 727 ἐπ-

2143 764 2505 836 ελευσομένην
2527 766 2706 829 αὐτοῖς
2732 766 2915 835 δίκην;
2949 767 3056 818 Καὶ
3091 767 3197 836 μὴν
3227 765 3376 818 ἔσται
3410 765 3616 836 καιρὸς,
3652 768 3709 818 ἐν

2139 850 2184 924 ᾧ
2214 857 2610 927 φοϐηθήσονται
2660 857 2843 925 φόϐον.
2898 859 3055 920 Ποῖος
3116 857 3160 909 δ’
3224 857 3289 909 ἂν
3336 856 3419 927 εἴη
3471 851 3625 919 οὗτος
3674 858 3708 927 ἢ

2140 947 2344 1010 ἐκεῖνος
2387 946 2506 999 καθ’
2531 947 2588 1000 ὃν
2632 947 3034 1018 ἐπιλάμψαντος
3065 945 3156 998 τοῦ
3199 946 3492 1017 Σωτηρίου,
3526 947 3706 999 οὐκέτι

2139 1041 2252 1101 τοῖς
2277 1041 2429 1112 ἐμοῖς
2474 1039 2753 1110 θρέμμασι
2792 1039 2953 1108 φόϐος
2993 1039 3364 1107 ἐπιστήσεται⁸
3411 1039 3605 1098 αὐτοὺς
3649 1039 3707 1089 δὲ

2137 1129 2263 1191 τοὺς
2289 1129 2495 1191 δεινοὺς
2528 1129 2700 1200 θῆρας
2747 1131 2844 1183 καὶ
2877 1132 2999 1192 τοὺς
3048 1130 3270 1198 ἀφανεῖς
3311 1128 3404 1181 καὶ
3446 1129 3709 1198 ἀοράτους

2136 1217 2394 1286 δαίμονας
2427 1217 2587 1284 φόϐος
2618 1217 2840 1287 λήψεται
2891 1219 3005 1269 ἐκεῖ
3062 1211 3122 1269 οὗ
3173 1217 3272 1268 ούκ
3315 1215 3462 1270 ἔσται
3507 1217 3705 1284 φόϐος;

2136 1307 2269 1358 Τότε
2295 1306 2403 1377 γὰρ
2431 1309 2542 1369 τοῖς
2575 1306 2672 1375 μὲν
2692 1305 2798 1358 τῶν
2849 1305 3064 1375 ἀγαθῶν
3095 1304 3265 1368 ἀξίοις
3291 1305 3388 1356 ούκ
3429 1305 3576 1357 ἔσται
3612 1305 3708 1373 φό-

2135 1397 2248 1460 ϐος,
2274 1400 2383 1460 τοῖς
2413 1396 2467 1450 δὲ
2499 1395 2592 1466 νῦν
2613 1396 2992 1467 ἐπαιρομένοις
3013 1395 3153 1448 κατά
3185 1394 3277 1449 τοῦ
3299 1395 3426 1448 λαοῦ
3462 1413 3561 1465 μου
3589 1398 3707 1448 ἐπι-

2133 1491 2377 1541 πεσεῖται
2417 1487 2577 1558 φόϐος
2616 1490 2644 1540 6
2671 1488 2770 1557 τῆς
2807 1487 3266 1558 μετελευσομένης
3300 1487 3493 1550 αὐτοὺς
3511 1487 3703 1557 ὀργῆς.

2133 1582 2254 1650 ἥτις
2319 1581 2590 1633 ἐπιστᾶσα
2665 1579 3083 1648 διασκορπίσει
3161 1579 3311 1633 ὀστᾶ
3389 1580 3702 1647 ἀνθρωπα-

463 1691 594 1748 tem,
624 1682 887 1748 Quoniam
919 1680 1054 1734 Deus
1082 1677 1358 1746 dissipavit
1409 1691 1530 1728 ossa
1567 1690 1771 1736 eorum,
1809 1673 1897 1743 qui
1937 1671 2018 1724 Ito-

2127 1670 2385 1737 ρέσκων·
2445 1672 2503 1722 ἐν
2533 1664 2682 1742 ᾖκαὶ
2715 1669 3287 1740 καταισχυνθήσονται,
3338 1669 3524 1739 ἐπειδὴ
3579 1670 3698 1722 τότε

464 1739 692 1828 minibus
723 1773 949 1841 placent,
987 1739 1347 1840 Symmachus
1381 1765 1454 1819 ita
1495 1739 1879 1832 interpretatus
1905 1770 2018 1816 est:

2133 1761 2331 1823 αὐτοὺς
2361 1763 2390 1813 6
2428 1739 2807 1814 τῶν-ἀπάντων
2853 1739 3195 1825 ἐξουδενώσει
3224 1760 3433 1829 κριτής.
3477 1759 3618 1811 Ἀντὶ
3644 1759 3701 1811 δὲ

467 1859 610 1914 Nam
646 1861 782 1914 Deus
807 1857 1089 1924 dissipabit
1117 1871 1238 1909 ossa
1283 1869 1464 1907 eorum
1509 1852 1598 1921 qui
1637 1859 2026 1905 eastrametan-

462 1964 548 2006 tur
580 1955 721 2006 circa
751 1961 798 2004 te
824 1967 840 2004 :
864 1946 1205 2016 confunderis
1233 1945 1357 2015 quia
1394 1942 1534 1997 Deus
1583 1941 1876 2009 reprobavit
1914 1957 2020 1994 eos.

460 2043 654 2112 Aquila
705 2049 884 2094 autem
959 2038 1135 2094 eidem
1223 2034 1509 2090 sententias
1554 2033 1722 2087 haeret
1786 2032 2019 2087 dicens:

461 2132 725 2199 Quoniam
776 2129 912 2182 Deus
963 2128 1236 2196 dissipavit
1289 2143 1410 2182 ossa
1455 2142 1635 2179 eorum
1676 2126 1764 2193 qui
1820 2134 2025 2178 castra-

459 2224 642 2278 ntelati
662 2232 783 2275 sunt
806 2223 947 2274 circa
971 2231 1019 2274 te
1040 2236 1058 2273 :
1082 2221 1329 2288 confusus
1351 2235 1426 2282 es,
1447 2218 1695 2288 quoniam
1713 2217 1850 2271 Deus
1881 2216 2024 2284 abje-

459 2316 530 2368 cit
561 2331 671 2369 eos.
699 2311 979 2367 Sermonis
1003 2318 1182 2366 autem
1227 2309 1499 2365 sententia
1539 2308 1800 2371 declarat,
1827 2307 2022 2378 praedi-

458 2410 671 2455 ctorum
705 2400 887 2470 populi
936 2398 1341 2466 insidiatorum,
1365 2398 1620 2453 videlicet
1667 2397 2021 2451 invisibilium

456 2493 801 2549 inimicorum
854 2501 909 2545 et
954 2491 1295 2546 occultorum
1349 2489 1610 2554 hostium,
1651 2489 1883 2543 virtutes
1928 2486 2023 2542 de—

455 2585 646 2640 lendas
669 2600 810 2639 esse.
845 2583 979 2637 Nam
1016 2597 1143 2637 ossa
1173 2581 1519 2636 inimicorum
1559 2579 1843 2649 dissipata,
1868 2577 2022 2630 mali-

450 2675 540 2731 tiae
582 2690 772 2731 eorum
815 2676 1046 2729 virtutes
1083 2673 1316 2737 fuerint,
1368 2687 1506 2742 quas
1543 2678 1730 2730 notato
1779 2677 2022 2738 tempore

452 2766 618 2822 Deum
649 2765 1038 2836 dissipaturum
1076 2765 1459 2819 comminatur.
1485 2761 1640 2815 Tunc
1666 2775 1830 2830 porro
1856 2759 2020 2814 etiam

450 2856 874 2915 confundentur,
903 2871 1028 2909 cum
1073 2853 1213 2909 Deus
1255 2870 1351 2909 eos
1411 2852 1807 2922 reprobaverit,
1833 2867 1896 2906 ac
1926 2850 2019 2905 de-

450 2946 707 3017 spexerit,
755 2945 890 2998 nihil
926 2960 1022 2999 eos
1059 2960 1183 2999 esse
1224 2943 1606 3012 comprobans.
1651 2940 1774 2995 llaec
1824 2941 2018 2994 merito

451 3038 836 3094 interminatus
882 3044 964 3091 est
1013 3036 1292 3089 hominum
1338 3042 1560 3088 curator
1605 3033 1697 3088 Dei
1752 3033 2010 3110 verbum;

451 3129 707 3198 quoniam
756 3127 1096 3197 prospiciens
1142 3126 1208 3181 de
1248 3113 1386 3180 cielo
1436 3140 1601 3194 super
1653 3124 1793 3179 ﬁlios
1840 3126 2015 3179 homi-

450 3233 601 3280 num,
627 3233 692 3272 ac
731 3218 1068 3287 perlustrans
1107 3231 1237 3270 num
1276 3216 1400 3286 quis
1440 3223 1584 3270 esset
1630 3217 1773 3271 inter
1803 3231 1896 3272 eos
1933 3216 2014 3271 in-

449 3309 696 3378 telligens
732 3316 825 3362 aut
852 3309 1135 3378 requirens
1169 3307 1359 3372 Deum,
1399 3308 1607 3362 nullum
1642 3308 1880 3376 invenit;
1918 3309 2012 3364 sed

447 3398 804 3468 deprehendit
835 3415 1027 3455 omnes
1071 3399 1286 3455 insidiis
1326 3399 1672 3454 inimicorum
1705 3400 2014 3457 declinasse

446 3499 509 3538 ac
550 3485 770 3541 inutiles
812 3486 986 3542 factos
1028 3503 1169 3552 esse,
1214 3495 1273 3543 ut
1317 3503 1387 3543 ne
1431 3490 1516 3544 vel
1568 3504 1711 3546 unus
1757 3490 2011 3547 residuus

444 3584 589 3630 esset
614 3575 774 3632 bonis
805 3578 1066 3648 Operibus
1091 3577 1330 3634 deditus.
1371 3579 1562 3634 Priora
1594 3581 1780 3652 itaque
1815 3583 2009 3638 tertius

443 3667 689 3722 decimus
731 3669 892 3722 etiam
930 3670 1310 3738 complectitur
1341 3691 1354 3724 :
1381 3686 1502 3740 quas
1543 3681 1849 3740 sequuntur
1882 3687 2010 3727 vero

444 3758 585 3812 inter
611 3773 670 3812 se
695 3757 971 3812 dillerunt.
996 3757 1131 3812 Nam
1157 3760 1212 3813 in
1243 3759 1454 3815 decimo
1476 3763 1636 3816 tertio
1666 3762 1751 3818 his
1781 3762 2010 3831 subjun-

441 3846 587 3916 gitur
609 3847 773 3900 illud:
806 3846 1067 3912 Quoniam
1097 3848 1240 3904 Deus
1271 3852 1325 3904 in
1347 3853 1681 3920 generatione
1721 3853 1876 3918 justa
1905 3863 2005 3918 est,

2126 1853 2240 1906 τοῦθ
2277 1855 2404 1906 Ὅτι
2447 1855 2480 1906 ὀ
2529 1851 2673 1917 Θεὸς
2727 1852 3150 1920 διεσκόρπισεν
3204 1849 3354 1905 ὀστᾶ
3390 1853 3700 1919 ἀνθρωπα.

2118 1945 2378 2010 ρέσκων,
2409 1943 2438 1994 6
2469 1942 2759 2012 Σύμμαχος
2790 1941 2977 1994 τοῦτον
3005 1942 3314 2014 ἡρμήνευσε
3343 1943 3432 1994 τὸν
3474 1943 3696 2010 τρόπον’

2136 2035 2188 2086 Ὀ
2222 2033 2331 2102 γὰρ
2371 2033 2512 2099 Θεὸς
2551 2032 2966 2101 διασκορπίσει
3009 2030 3160 2087 ὀστᾶ
3199 2033 3318 2086 τῶν
3361 2035 3697 2102 παρεμϐαλ-

2123 2127 2355 2179 λόντων
2398 2125 2530 2192 περὶ
2588 2124 2679 2177 σέο
2743 2124 3261 2192 καταισχυνθήσῃ,
3311 2124 3398 2176 ὅτι
3460 2125 3494 2176 ὁ
3551 2123 3697 2188 Θεὸς

2121 2214 2568 2283 ἀπεδοκίμασεν
2592 2216 2830 2280 αὐτούς.
2890 2215 2998 2267 Καὶ
3059 2217 3086 2267 6
3129 2213 3355 2276 Ἀκύλας
3381 2215 3437 2266 δὲ
3472 2215 3566 2284 τῆς
3598 2215 3696 2267 αύ-

2121 2309 2219 2378 τῆς
2253 2308 2433 2378 ἔχεται
2465 2307 2700 2370 διανοίας
2728 2308 2920 2376 λέγων·
2956 2309 3129 2360 Ὄτιό
3163 2308 3306 2372 Θεὸς
3330 2307 3694 2374 ἐσκόρπισεν

2122 2396 2274 2452 ὀστᾶ
2300 2401 2867 2468 παρεμϐεϐληκότων
2887 2416 3022 2452 σου·
3056 2400 3354 2467 ᾔσχυνας,
3384 2397 3471 2450 ὅτι
3493 2403 3526 2452 ὁ
3549 2401 3695 2465 Θεὸς

2121 2490 2448 2558 ἀπέρριψεν
2477 2491 2716 2556 αὐτούς.
2759 2492 2824 2544 Ἣ
2876 2491 2933 2544 δέ
2976 2488 3069 2543 τοῦ
3117 2490 3274 2559 λόγου
3318 2489 3520 2543 διάνοια
3560 2508 3692 2562 παρ-

2125 2577 2244 2648 ίστη
2254 2595 2304 2629 σι
2327 2577 2433 2630 τῶν
2467 2577 2864 2649 προλεχθέντων
2899 2578 3192 2631 ἐπιϐούλων
3214 2578 3306 2632 τοῦ
3326 2579 3476 2643 λαοῦ,
3494 2578 3692 2650 δηλαδὴ

2121 2667 2228 2719 τῶν
2254 2666 2498 2736 ἀοράτων
2544 2666 2752 2736 ἐχθρῶν
2777 2668 2869 2719 καὶ
2901 2667 3009 2720 τῶν
3024 2668 3242 2735 ἀφανῶν
3275 2668 3566 2738 πολεμίων,
3593 2669 3691 2731 τὰς

2119 2757 2375 2827 δυνάμεις
2397 2757 2906 2828 καθαιρεθήσεσθαι.
2973 2760 3134 2811 Ὀστᾶ
3172 2758 3278 2829 γὰρ
3317 2758 3689 2828 διασκορπιζό-

2123 2849 2388 2919 μεναστῶν
2419 2849 2625 2920 ἐχθρῶν
2651 2845 2761 2901 εἶεν
2785 2849 2849 2902 ἂν
2877 2850 2932 2903 αἱ
2955 2851 3052 2921 τῆς
3081 2851 3276 2914 κακίας
3320 2851 3496 2903 αὐτῶν
3527 2852 3689 2905 δυνά-

2123 2942 2350 3012 μεις,ἂς
2376 2941 2778 3012 διασκορπίξειν
2808 2941 2947 2994 κατὰ
2994 2942 3084 2994 τὸν
3132 2942 3526 3012 σημαινόμενον
3575 2962 3667 2998 και

2121 3033 2212 3104 ρὸν
2241 3035 2269 3084 6
2290 3032 2445 3101 λόγος
2476 3033 2708 3085 ἀπειλεῖ.
2732 3031 2862 3084 Τότε
2894 3032 2949 3084 δέ
2982 3035 3074 3086 καὶ
3119 3034 3689 3104 καταισχυνθήσονται,

2116 3125 2335 3178 ἐπειδὰν
2356 3125 2730 3196 ἀποδοκιμάσῃ
2759 3128 2954 3190 αὐτοὺς
2979 3127 3007 3177 6
3025 3128 3156 3188 Θεὸς
3177 3127 3209 3197 ἦ
3241 3127 3587 3199 ἐξουθενήσῃ,
3622 3129 3685 3180 τὸ

2117 3218 2286 3288 μηθὲν
2317 3219 2515 3282 αὐτοὺς
2552 3213 2690 3273 εἶναι
2719 3218 3021 3281 ἀποδείξας.
3058 3218 3240 3270 Ταῦτα
3283 3219 3507 3280 εἰκότως
3532 3219 3685 3286 ἠπεί-

2113 3311 2274 3382 λησεν
2297 3313 2325 3363 6
2349 3309 2457 3363 τῶν
2505 3308 2803 3380 ἀνθρώπων
2863 3309 3111 3380 κηδεμὼν
3161 3309 3252 3361 τοῦ
3309 3309 3443 3362 Θεοῦ
3505 3310 3684 3378 λόγος’

2113 3400 2298 3470 ἐπειδὴ
2322 3399 2586 3468 διακύψας
2623 3402 2686 3452 ἐκ
2738 3399 2832 3452 τοῦ
2861 3399 3088 3467 ούρανοῦ
3116 3400 3208 3452 ἐπὶ
3241 3402 3365 3464 τοὺς
3405 3401 3550 3464 υίοὺς
3577 3401 3688 3456 τῶν

2111 3490 2433 3561 ἀνθρώπων,
2467 3490 2704 3560 ζητήσας
2749 3507 2807 3542 τε
2858 3491 2916 3542 ἐν
2954 3491 3134 3553 αὐτοῖς
3161 3492 3209 3543 εἰ
3256 3491 3366 3543 ἐστι
3400 3491 3594 3543 συνιὼν
3647 3493 3683 3562 ἢ

2111 3581 2288 3651 ζητῶν
2319 3581 2409 3633 τὸν
2436 3581 2587 3644 Θεὸν,
2617 3581 2806 3634 οὐδένα
2838 3573 2984 3654 εὗρεο
3016 3580 3278 3635 κατέλαϐε
3317 3582 3372 3633 δὲ
3399 3584 3522 3644 τοὺς
3544 3583 3681 3635 πάν-

2107 3691 2208 3737 τας
2227 3675 2284 3740 ἐξ
2309 3673 2601 3743 ἐπιϐουλῆς
2628 3672 2838 3744 ἐχθρῶν
2859 3672 3200 3736 ἐκκλίνοντας
3238 3674 3329 3725 καὶ
3356 3673 3684 3743 ἀχρειωθέν-

2110 3781 2227 3827 τας,
2259 3765 2334 3827 ὡς
2371 3764 2504 3834 μηδέ
2539 3765 2642 3827 ἕως
2677 3764 2793 3826 ἐνὸς
2815 3764 3223 3835 περιλείπεσθαι
3255 3763 3476 3831 ἀγαθῶν
3503 3763 3682 3835 ἔργων

2110 3857 2360 3926 ποιητήν.
2393 3841 2472 3906 Τᾶ
2506 3855 2602 3927 μὲν
2624 3851 2716 3907 οὖν
2741 3853 2928 3924 πρῶτα
2958 3854 3157 3923 ὁμοίως
3199 3854 3292 3906 καί
3341 3855 3368 3906 6
3415 3862 3483 3923 ιγ’
3523 3872 3680 3925 περι-

441 3937 721 3989 consilium
759 3939 928 4006 inopis
959 3939 1294 4007 confudistis,
1325 3941 1574 4011 quoniam
1610 3942 1865 3997 Dominus
1889 3960 2006 4012 spes

2120 3945 2242 4014 ἔχει’
2271 3944 2644 4015 παρηλλακται
2662 3944 2716 3998 δὲ
2740 3944 2806 3996 τὰ
2835 3943 2977 4014 ἑξῆς.
2997 3945 3083 3996 Ἐν
3103 3945 3199 4014 μὲν
3227 3945 3333 4015 γὰρ
3353 3945 3428 4016 τῷ
3457 3953 3524 4014 ιγ’
3555 3963 3679 3998 συν-

439 4027 555 4095 ejus
582 4028 752 4090 est";
799 4028 888 4082 hic
917 4043 1068 4093 vero,
1102 4030 1366 4096 Quoniam
1397 4031 1846 4100 Deus'dissipavit
1882 4050 2005 4088 ossa

2120 4030 2275 4100 ἧπται
2322 4031 2530 4094 τούτοις
2585 4033 2665 4096 τὸ,
2707 4033 2832 4084 ’Ὅτι
2877 4035 2909 4085 ὀ
2940 4033 3082 4098 Θεὸς
3109 4033 3179 4084 ἐν
3231 4030 3404 4101 γενεᾷ
3453 4032 3674 4098 δικαίᾳ,

381 4147 392 4157 ο
439 4130 620 4169 eorum
645 4116 738 4186 qui
770 4116 1066 4172 hominibus
1090 4120 1318 4186 placent,
1348 4120 1556 4186 confusi
1589 4130 1710 4174 sunt
1754 4124 2004 4191 quoniam

2120 4120 2348 4188 Βουλὴν
2376 4121 2614 4190 πτωχοῦ
2661 4123 3098 4189 κατῃσχύνατε,
3130 4121 3218 4174 ὅτι
3258 4122 3471 4190 Κύριος
3499 4123 3678 4188 ἐλπίς

437 4201 580 4257 Deus
634 4205 824 4272 sprevit
863 4221 972 4260 eos.
1006 4204 1110 4261 Sed
1141 4223 1262 4278 qua:
1303 4209 1522 4263 tertium
1562 4210 1833 4265 decimum
1882 4228 2005 4282 spe-

2120 4211 2292 4265 αὑτοῦ
2332 4213 2522 4266 ἐστιν’
2558 4212 2792 4265 ἐνταῦθα
2816 4211 3052 4275 δέ,.⁰’οτι
3081 4215 3113 4265 ὀ
3163 4211 3305 4278 Θεὸς
3337 4211 3678 4280 διεσκόρπι-

434 4300 588 4348 ctant
615 4294 732 4350 suis
759 4296 894 4351 locis
917 4299 1135 4368 propria
1155 4299 1600 4369 interpretatione
1631 4301 1830 4356 donata
1850 4312 2000 4360 sunt.

2120 4314 2218 4353 τεν
2246 4300 2394 4355 ὀστᾶ
2427 4300 2958 4370 ἁνθρωπαρέσκων,
2994 4304 3538 4371 κατῃσχύνθησαν,
3586 4305 3678 4358 ὅτι

435 4381 566 4447 Quae
593 4399 724 4438 vero
748 4384 861 4453 jam
895 4393 1220 4452 tractantur,
1255 4404 1361 4459 qua
1399 4391 1609 4448 ratione
1639 4393 1996 4463 cxplicaveri-

2120 4394 2137 4444 5
2176 4390 2320 4455 Θεὸς
2339 4391 2748 4454 ἐξουδένωσεν
2767 4394 3004 4458 αὐτούς.
3046 4393 3204 4445 Ἀλλὰ
3234 4393 3329 4462 μὲν
3366 4395 3445 4456 είς
3464 4394 3555 4446 τὸν
3606 4402 3676 4462 ιγ’

434 4490 580 4540 mus,
612 4477 809 4547 cuique
835 4477 1028 4550 legenti
1059 4481 1233 4550 palam
1259 4490 1360 4538 est.

442 4756 446 4760 -
511 4731 672 4789 Vens.
709 4735 758 4792 7.
779 4737 909 4804 Quis
935 4737 1081 4792 dabit
1109 4755 1173 4794 ex
1203 4739 1332 4796 Sion
1361 4741 1610 4798 Satutare
1641 4743 1812 4799 Israel
1829 4749 1854 4802 Ρ
1881 4763 2000 4801 cum

434 4827 741 4880 converterit
778 4827 916 4883 Deus
947 4831 1300 4896 captivitatem
1332 4835 1495 4900 plebis
1532 4853 1642 4890 sua:
1663 4877 1677 4900 ,
1712 4839 1998 4893 exsultabit

431 4913 601 4967 Jacob
635 4927 684 4971 et
718 4917 985 4974 laztabitur
1019 4921 1213 4979 Israel.
1249 4925 1386 4979 Cum
1430 4923 1702 4997 Propheta
1739 4945 1804 4984 ex
1845 4946 1998 4987 reve-

434 5007 635 5063 latione
679 5008 915 5078 Spiritus
962 5017 1138 5070 sancti
1189 5031 1384 5088 magna
1427 5020 1767 5088 concepisset
1807 5022 1994 5077 animo

433 5095 501 5150 de
550 5099 792 5166 pernicie
829 5102 1174 5158 inimicorum
1219 5106 1444 5161 humani
1497 5111 1751 5178 generis,
1801 5111 1997 5167 deinde

430 5187 638 5282 addidit
681 5191 848 5258 illud,
881 5193 1012 5260 Quis
1054 5197 1199 5250 dabit
1242 5216 1308 5254 ex
1352 5201 1480 5256 Sion
1510 5203 1758 5258 Salutare
1781 5206 1807 5256 3’
1849 5219 1912 5259 ac
1943 5205 1990 5282 s.i

427 5279 671 5346 diceret,
701 5283 827 5352 quis
864 5283 1016 5340 dabit
1045 5288 1159 5342 haec
1183 5290 1295 5358 jam
1327 5307 1490 5360 opere
1531 5295 1835 5363 compleri?
1875 5279 1993 5349 Non

428 5376 575 5430 enim
608 5377 714 5432 alia
748 5379 961 5435 ratione
993 5383 1244 5438 liberatio
1293 5400 1323 5437 a
1369 5387 1524 5440 malis
1565 5397 1684 5440 rata
1727 5389 1830 5442 erit
1866 5387 1993 5442 ﬁliis

430 5465 710 5523 hominum
734 5510 750 5537 ,
778 5471 881 5526 nisi
911 5487 1006 5542 per
1030 5474 1206 5529 solum
1229 5475 1522 5531 adventum
1554 5478 1826 5534 Salutaris
1856 5478 1948 5534 Dei
1973 5519 1988 5544 ,

495 5643 539 5676 "
583 5644 724 5700 Psal.
763 5663 896 5713 xm.
932 5647 985 5705 8.

2105 4481 2310 4544 οίκείας
2339 4481 2525 4552 ἔτυχεν
2552 4484 2846 4554 ἑρμηνείας
2874 4484 3014 4536 κατὰ
3039 4485 3164 4546 τοὺς
3193 4484 3423 4546 οἰκείους
3449 4485 3672 4548 τόπους·

2105 4571 2174 4624 τά
2230 4571 2286 4624 δὲ
2342 4574 2700 4643 προκείμενα,
2733 4574 2879 4638 ὅπως
2914 4577 3044 4645 ἡμῖν
3087 4572 3352 4644 παρέστη,
3386 4574 3673 4645 πρόκειται

2101 4667 2215 4726 τοῖς
2243 4664 2682 4734 ἐντυγχάνουσιν.

2153 4749 2156 4751 Α
2177 4754 2272 4818 Τίς
2297 4751 2473 4807 δώσει
2494 4755 2562 4807 ἐκ
2591 4753 2743 4808 Σιὼν
2763 4754 2826 4808 τὸ
2852 4753 3146 4822 Σωτήρων
3163 4754 3272 4808 τοῦ
3313 4756 3673 4823 ’1σραήλ;ἐν

2099 4839 2178 4905 τῷ
2213 4841 2569 4910 ἐπιστρέψαι
2603 4842 2710 4896 τὸν
2740 4842 2888 4895 Θεὸν
2933 4841 3046 4910 τὴν
3090 4845 3505 4912 αἰχμαλωσίαν
3561 4845 3670 4898 τοῦ

2097 4933 2251 4986 λαοῦ
2272 4933 2478 4996 αὐτοῦ,
2500 4933 2923 5002 ἀγηλλιάσεται
2951 4933 3178 4998 Ἰακὼϐ,
3213 4935 3309 4988 καί
3334 4936 3672 5002 εὐφρανθή-

2101 5039 2269 5076 σεται
2307 5023 2574 5091 Ἰσραήλ.
2617 5024 2840 5092 Μεγάλα
2865 5024 3191 5093 φαντασθεὶς
3225 5025 3254 5076 6
3283 5025 3572 5095 Προφήτης
3601 5027 3668 5078 ἐκ

2095 5116 2194 5185 τῆς
2231 5114 2325 5166 τοῦ
2353 5115 2506 5183 ἁγίου
2529 5114 2840 5184 Πνεύματος
2877 5115 3263 5184 ἀποκαλύψεως
3297 5118 3420 5186 περὶ
3445 5116 3544 5186 τῆς
3567 5117 3668 5169 ἀπ-

2096 5205 2291 5267 ωλείας
2317 5203 2424 5256 τῶν
2455 5203 2662 5274 ἐχθρῶν
2690 5204 2782 5256 τοῦ
2819 5205 2926 5257 τῶν
2967 5205 3267 5276 ἀνθρώπων
3296 5207 3505 5274 γένους,
3539 5206 3667 5276 ἑῇς

2099 5297 2346 5366 ἐπήγαγε
2370 5296 2453 5360 τὸ,
2491 5298 2585 5362 Τίς
2607 5295 2783 5350 δώσει
2810 5296 2878 5349 ἐκ
2907 5295 3054 5349 Σιὼν
3076 5297 3139 5349 τὸ
3165 5281 3456 5364 Σωτ-ήριον
3471 5313 3492 5360 ;
3528 5296 3666 5349 ὡσεὶ

2095 5385 2280 5453 ἐλεγεο
2313 5387 2408 5449 Τίς
2449 5385 2609 5440 δώσει
2649 5386 2747 5456 ἤδη
2792 5385 2922 5438 ποτὲ
2960 5384 3136 5440 ταῦτα
3171 5386 3239 5438 δι’
3280 5386 3456 5458 ἔργων
3482 5385 3665 5456 χωρῆ-

2071 5494 2215 5542 σσαις
2251 5477 2325 5530 οὐ
2353 5477 2462 5548 γὰρ
2489 5477 2662 5540 ἄλλως
2702 5476 2972 5532 σεσῶσθαι
2995 5475 3182 5533 κακῶν
3209 5477 3521 5549 ἐλευθερίαν
3549 5478 3666 5540 τοῖς
