4024 6202
342 297 441 355 461

1464 284 1964 347 COMMENTARIA
2003 280 2069 339 IN
2108 276 2238 339 PSA
2249 273 2448 337 LMOS.

3460 271 3566 335 £61

342 414 478 476 υἱοῖς
506 409 614 464 τῶν
647 406 1000 483 ἀνθρώπωνῆ
1034 402 1123 463 διὰ
1154 409 1315 483 μόνης
1349 390 1445 479 τῆς
1470 409 1787 478 ἐπιφανείας
1811 404 1905 460 τοῦ

2013 403 2075 467 de
2100 417 2209 473 quo
2237 401 2405 455 multa
2438 399 2686 454 feruntur
2712 398 2768 453 in
2796 396 3047 452 omnibus
3081 393 3400 467 Seripturis.
3431 395 3565 451 Pre-

341 502 618 573 Σωτηρίου
634 499 728 554 τοῦ
741 499 897 565 Θεοῦ,
915 502 1039 572 περὶ
1055 496 1117 556 οὗ
1130 500 1290 564 πολὺς
1301 502 1330 553 ό
1344 498 1497 569 λόγος
1510 500 1597 553 διὰ
1611 498 1799 553 πασῶν
1810 498 1905 567 φέ-

347 593 618 669 ρεταιτῶν
657 592 905 665 Γραφῶν.
936 592 1249 663 Ἐπεύχεται
1266 592 1444 645 τοίνυν
1463 591 1666 660 λέγων’
1692 590 1786 655 Τίς
1800 589 1905 642 δὼ-

343 703 441 741 σει
464 686 530 740 ἐκ
546 685 697 745 Σιὼν
715 683 781 738 τὸ
802 682 1099 752 Σωτήρων
1120 682 1225 736 τοῦ
1259 683 1539 751 ’1σραήλ;
1554 679 1816 742 Πολλάκις
1847 679 1905 732 δὲ

345 778 475 845 ἡμῖν
497 774 727 846 εἴρηται,
752 774 826 836 ὡς
847 775 875 826 ό
899 773 1128 842 Χριστὸς
1147 771 1240 825 τοῦ
1266 771 1422 836 Θεοῦ,
1441 768 1671 840 ὁΣωτὴρ
1688 770 1779 821 καὶ
1790 768 1903 820 Κύ-

345 883 461 936 ριος
492 867 520 935 ἡ
528 865 642 935 μῶν
665 863 849 919 τοῦτον
874 864 930 915 ἐν
950 864 1069 925 ταῖς
1093 861 1452 932 προφητείαις
1479 858 1903 931 προαγορεύεται

340 956 434 1008 τὸν
466 955 659 1026 τρόπον
678 971 690 982 ·
725 954 995 1024 Σωτήρων
1024 943 1133 1023 γάρ
1161 951 1322 1005 αὐτὸν
1356 949 1540 1004 καλεῖν
1566 948 1814 1001 εἰώθασιν
1835 962 1850 977 ⁸
1875 945 1905 998 ὃ

342 1050 437 1102 καὶ
456 1051 586 1102 πᾶσι
600 1050 709 1110 τοῖς
725 1046 899 1101 ἔθνεσι
915 1043 1324 1116 γνωσθήσεσθαι
1351 1042 1756 1113 προεκήρυττον
1776 1038 1832 1091 ἐν
1842 1052 1901 1090 τε

341 1143 451 1202 τοῖς
468 1138 643 1201 ἄλλοις
658 1139 751 1190 καὶ
771 1137 827 1190 ἐν
843 1131 923 1199 οἷς
942 1135 1182 1207 εἴρηται·
1204 1136 1425 1203 Ι’ᾼοίιτίε
1445 1131 1525 1196 τῷ
1540 1132 1732 1197 Κυρίῳ
1741 1123 1905 1197 ᾆσμα

334 1229 570 1294 καινὸν,
587 1228 771 1295 ᾆσατε
791 1225 870 1292 τῷ
885 1226 1097 1293 Κυρίῳ,
1117 1223 1283 1279 πᾶσα
1304 1225 1342 1291 ἠ
1366 1223 1459 1292 γῆ.
1472 1224 1680 1292 ’ᾼσατε
1693 1219 1772 1286 τῷ
1792 1223 1905 1273 Κυ-

336 1320 468 1387 ρΙφ,
494 1316 869 1386 εὐλογήσατε
890 1315 956 1369 τὸ
985 1316 1172 1385 ὄνομα
1196 1314 1397 1369 αὐτοῦ.
1422 1312 1904 1382 Εὐαγγελίσασθε

344 1408 573 1477 ἡμέραν
617 1407 687 1470 ἐξ
734 1405 957 1476 ἡμέρας
994 1406 1058 1459 τὸ
1098 1404 1394 1472 Σωτήρων
1445 1401 1652 1456 αὐτοῦ.
1720 1401 1905 1469 Ἁναγκ

342 1496 576 1565 τείλατε
599 1494 724 1560 τοῖς
748 1495 954 1547 ἔθνεσι
982 1492 1099 1559 τὴν
1127 1490 1316 1555 δόξαν
1338 1488 1553 1543 αὐτοῦ’
1587 1488 1682 1542 καὶ
1712 1488 1873 1541 πάλιν
1892 1509 1903 1520 η

347 1589 559 1655 ᾍσατε
607 1583 688 1649 τῷ
732 1584 929 1650 Κυρίῳ
960 1576 1126 1650 ἆσμα
1187 1580 1394 1634 καινὸν
1412 1621 1427 1644 ,
1462 1580 1550 1633 ὅτι
1596 1580 1906 1648 θαυμαστὰ

340 1675 648 1741 ἐποίησεν.
691 1671 1002 1741 Ἐγνὼρισε
1024 1673 1242 1738 Κύριος
1268 1671 1333 1723 τὸ
1370 1667 1664 1736 Σωτήρων
1696 1668 1901 1733 αὐτοῦ,

2010 502 2170 551 catur
2201 494 2384 562 itaque
2422 491 2649 546 dicens:
2691 489 2824 556 Quis
2862 487 3008 541 dabit
3046 503 3110 542 ex
3145 486 3276 541 Sion
3316 486 3566 543 Saluta"

2013 586 2235 640 Israel?
2260 583 2585 652 Plerumque
2614 591 2793 636 autem
2823 581 3089 645 diximus,
3126 579 3404 635 Christum
3433 577 3529 635 Dei
3547 612 3563 645 ,

2014 674 2348 730 Salvatorem
2381 680 2434 727 et
2462 669 2749 725 Dominum
2777 680 3027 724 nostrum
3059 670 3162 724 hoc
3191 670 3245 723 in
3272 668 3568 742 prophetiis

2012 766 2172 822 modo
2201 762 2459 836 appellari
2485 780 2500 829 ;
2530 776 2652 815 nam
2682 761 2835 815 illum
2858 756 3112 815 Salutare
3137 774 3334 814 vocare
3357 760 3565 815 solent:

2010 858 2154 928 quod
2197 858 2265 911 ab
2302 854 2555 910 omnibus
2593 851 2847 923 gentibus
2892 851 3166 923 cognitum
3213 852 3279 906 iri
3319 864 3603 921 praenunr

2009 948 2222 1001 tiabant
2268 946 2387 1000 sive
2426 945 2481 998 in
2514 943 2670 1009 aliis,
2712 942 2828 997 sive
2874 942 2928 995 in
2983 943 3085 997 hoc
3123 942 3270 997 dicto
3301 960 3314 996 :
3348 941 3573 996 Cantate

2010 1036 2236 1091 Domino
2270 1036 2533 1089 canticum
2579 1047 2799 1096 novum,
2844 1042 3056 1086 cantate
3089 1032 3315 1087 Domino
3335 1072 3350 1097 ,
3401 1033 3569 1087 omnis
3596 1066 3599 1069 -

2010 1136 2173 1183 terra.
2206 1126 2432 1183 Cantate
2462 1125 2684 1180 Domino
2705 1162 2721 1188 ,
2752 1122 3036 1177 benedicite
3064 1123 3264 1176 nomini
3292 1122 3405 1192 ejus
3426 1163 3442 1188 ,
3475 1138 3571 1175 una

2012 1221 2251 1275 nuntiate
2275 1218 2338 1272 de
2366 1219 2449 1273 die
2479 1219 2534 1273 in
2562 1218 2696 1271 diem
2730 1215 2979 1270 Salutare
3005 1215 3140 1283 ejus.
3164 1216 3489 1269 Annuntiate
3514 1216 3570 1269 iit
3615 1256 3627 1265 .

2005 1310 2247 1381 gentibus
2278 1310 2502 1381 gloriam
2539 1308 2651 1377 ejus
2678 1308 2766 1361 “:
2801 1323 2864 1363 ac
2893 1322 3111 1363 rursum
3133 1345 3149 1372 ,
3192 1305 3417 1361 Cantate
3466 1305 3571 1360 Ποι-

2009 1402 2150 1455 mino
2177 1403 2445 1454 canticum
2475 1416 2699 1466 novum,
2732 1402 2857 1471 quia
2884 1400 3154 1455 mirabilia
3188 1399 3329 1470 fecit.
3369 1398 3572 1455 Notum

2011 1491 2132 1559 fecit
2168 1491 2422 1546 Dominus
2453 1489 2707 1546 Salutare
2738 1506 2891 1544 suum
2910 1530 2925 1554 ,
2956 1491 3011 1544 in
3040 1499 3313 1558 conspectu
3341 1491 3570 1561 gentium

2011 1583 2256 1637 reuelauit
2278 1577 2550 1650 justitiam
2583 1593 2733 1634 suum
2763 1580 2804 1612 "
2838 1588 2953 1643 ,‘vet
3002 1579 3174 1634 Isaias
3206 1600 3219 1634 :
3270 1579 3532 1634 Rerelabit
3553 1614 3569 1643 ,

2014 1673 2225 1743 inquit,
2271 1672 2530 1727 Dominus
2575 1670 2845 1725 brachium
2886 1677 3131 1724 sanctum
3174 1686 3325 1729 suum
3356 1671 3413 1724 in
3450 1684 3573 1725 cons

342 1764 622 1816 ἐναντίον
642 1762 762 1816 τῶν
791 1761 979 1815 ἐθνῶν
1012 1759 1364 1829 ἀπεκάλυψε
1385 1758 1497 1827 τὴν
1517 1759 1908 1827 δικαιοσύνην

2013 1771 2187 1832 spectu
2215 1763 2449 1816 omnium
2472 1762 2540 1826 ",
2570 1771 2623 1817 et
2648 1768 2863 1816 caetera.
2890 1760 2957 1814 Et
2977 1761 3090 1831 jam
3118 1772 3261 1831 saepe
3286 1762 3572 1816 verborum

344 1853 566 1909 αὐτοῦ·
594 1853 687 1906 καὶ
720 1853 749 1905 ὁ
785 1852 1027 1914 Ἡσαΐας,
1067 1842 1489 1918 Ἀποκαζὶύψει,
1517 1850 1670 1919 φησὶ,
1691 1850 1907 1917 Κύριος

332 1943 455 2017 ⁷ιτύν
477 1943 771 2012 βραχίονα
796 1944 902 1996 τὸν
924 1942 1090 2012 ἅγιον
1134 1940 1320 1996 αὐτοῦ
1360 1940 1616 1994 ἐνώπιον
1670 1939 1908 1995 πάντων

340 2031 463 2085 τῶν
486 2026 694 2096 ἐθνῶν,
719 2030 903 2085 καὶτὰ
934 2029 1077 2102 ἑξῆς.
1122 2031 1259 2103 ’Ἤδη
1288 2029 1345 2082 δὲ
1377 2029 1636 2094 πολλάκις
1665 2047 1905 2101 παρατε-

340 2120 573 2192 θείμεθα
596 2122 703 2178 τῶν
729 2120 902 2190 λόγων
950 2120 1011 2175 τὸ
1042 2121 1386 2191 ἀποτέλεσμα
1411 2161 1426 2186 ,
1466 2120 1906 2191 μαρτυρούμενον

339 2207 450 2265 ὑπὸ
476 2212 569 2266 τοῦ
601 2212 844 2284 Συμεῶν,
871 2212 949 2277 ὃς,
974 2213 1066 2266 τὸν
1099 2212 1326 2283 Σωτῆρα
1362 2212 1457 2265 xui.
1498 2210 1703 2282 Κύριον
1748 2209 1907 2287 ἡμῶν

352 2300 560 2369 Ἰησοῦν
587 2301 839 2370 Χριστὸν,
862 2301 940 2353 ἔτι
967 2301 1159 2371 νήπιον
1191 2299 1340 2361 ὄντα,
1374 2300 1495 2362 ταῖς
1525 2297 1792 2366 ἀγκάλαις
1809 2297 1904 2349 λα-

339 2389 473 2453 ϐὼν,
508 2390 818 2461 ἀνεφώνησε
842 2388 1015 2459 λέγων
1033 2406 1047 2420 '
1087 2389 1213 2444 Νῦν
1235 2389 1523 2454 ἀπολύεις
1549 2389 1656 2442 τὸν
1680 2387 1905 2443 δοῦλόν

2012 1861 2264 1908 eventum
2296 1852 2669 1923 exposuimus,
2703 1851 3018 1907 testimonio
3049 1850 3322 1908 Simeonis
3352 1849 3570 1915 nilum.

2012 1942 2107 2011 qui
2141 1942 2477 1997 Salvatorem
2511 1949 2565 1997 et
2593 1940 2883 1996 Dominum
2925 1948 3171 1998 nostrum
3199 1942 3384 1998 Jesum
3413 1941 3574 1996 Chris

2013 2042 2156 2088 stum
2187 2032 2367 2087 adhuc
2392 2032 2652 2086 infantem
2672 2071 2688 2096 ,
2720 2029 2776 2087 in
2807 2032 2952 2087 ulnis
2982 2033 3253 2103 accipiens
3272 2075 3286 2098 ,
3319 2032 3399 2088 sic
3429 2032 3576 2087 voci.

2011 2120 2218 2177 feratus
2249 2129 2365 2185 est,
2400 2119 2559 2174 Nunc
2591 2121 2817 2175 dimittis
2857 2136 3063 2176 servum
3102 2131 3247 2176 tuum
3270 2162 3285 2188 ,
3319 2121 3568 2184 Domine.

2010 2212 2297 2266 secundum
2323 2212 2533 2266 verbum
2561 2220 2707 2265 tuum
2738 2213 2793 2266 in
2816 2228 2983 2282 pace:
3013 2214 3137 2284 quia
3165 2215 3405 2269 viderunt
3435 2210 3575 2267 oculi

2011 2302 2115 2355 mei
2145 2301 2426 2367 Salutare,
2457 2302 2594 2373 quod
2624 2304 2832 2372 parasti
2864 2313 2986 2358 ante
3000 2304 3189 2372 facient
3217 2305 3447 2359 omnium
3472 2319 3572 2373 po-

2009 2392 2253 2461 palorum
2276 2392 2346 2449 ⁸⁸.

336 2493 482 2543 σου,
504 2478 790 2544 Δέσποτα,
821 2481 970 2535 κατὰ
996 2480 1060 2533 τὸ
1091 2478 1277 2548 ὄνομα
1308 2494 1424 2533 σου
1453 2480 1523 2533 ἐν
1548 2479 1777 2549 εἰρήνῃ·
1813 2476 1903 2533 ὅτι
1938 2477 2104 2537 εἶδον
2131 2487 2187 2537 oi
2213 2484 2505 2554 ὀφθαλμοί
2518 2500 2638 2552 μου
2699 2482 2765 2536 τὸ
2815 2483 3139 2551 Σωτήρων,
3182 2485 3213 2538 ὃ
3246 2483 3576 2554 ἡτοίμασας

336 2570 493 2623 κατὰ
517 2571 839 2637 πρόσωπον
866 2569 1107 2622 πάντων
1138 2567 1257 2622 τῶν
1285 2568 1492 2626 ἐθνῶν.

425 2682 585 2736 Ἀλλά
614 2684 786 2736 ταῦτα
819 2684 914 2754 μὲν
937 2684 995 2736 ἐν
1027 2684 1376 2752 Εὑαγγελὶοις
1405 2683 1724 2756 ἐπληροῦτο.
1755 2686 1820 2739 Οἵ
1842 2703 1905 2754 γε

335 2776 452 2847 μὴν
479 2774 698 2828 παλαιοὶ
724 2774 1016 2846 προφῆται,
1050 2776 1111 2828 τὸ
1134 2774 1323 2847 μέλλον
1351 2777 1430 2847 τῷ
1459 2778 1732 2848 Πνεῦματι
1775 2796 1908 2850 προ-

332 2865 676 2936 θεωροῦντες
700 2905 714 2930 ,
740 2864 832 2918 καὶ
876 2866 982 2920 τῶν
1011 2866 1230 2934 ἀγαθῶν
1261 2870 1339 2931 εις
1382 2868 1558 2939 ἔρωτα
1604 2870 1697 2923 καὶ
1747 2870 1907 2923 πόθον

332 2955 652 3027 ἐρχόμενοι,
687 2954 927 3008 ὲπεὸόων
951 2957 1007 3008 ἐν
1032 2956 1237 3026 εὐχαῖς,
1275 2957 1395 3010 τοτέ
1432 2959 1529 3027 μὲν
1573 2959 1868 3027 φάσκοντες
1889 2972 1903 2992 ⁸

2085 2684 2192 2741 Sed
2222 2685 2337 2740 haec
2366 2683 2582 2755 quidem
2617 2685 2671 2739 in
2700 2674 3003 2755 Evangeliis
3033 2684 3250 2755 impleta
3280 2694 3426 2743 sunt.
3460 2680 3574 2742 Αιιι

2013 2776 2149 2847 tiqui
2176 2790 2307 2831 vero
2333 2774 2608 2846 prOphetze
2635 2771 2839 2844 Spiritu
2862 2774 3005 2844 quod
3037 2773 3277 2830 futurum
3305 2778 3421 2831 erat
3447 2786 3579 2847 pm

2012 2866 2290 2933 videntes,
2335 2877 2389 2923 et
2429 2868 2695 2923 bonorum
2742 2862 3018 2924 desiderio
3058 2880 3354 2940 amoreque
3393 2871 3575 2941 capti,

2013 2956 2320 3014 clamabant
2345 2959 2400 3013 in
2428 2954 2772 3014 orationibus
2792 3000 2808 3025 ,
2840 2955 3004 3014 modo
3032 2959 3251 3029 quidem
3284 2953 3418 3015 illud
3450 2976 3577 3031 pros

308 3042 554 3107 Aerior
579 3043 756 3112 ἡμῖν,
788 3045 985 3111 Κύριε,
1011 3044 1077 3099 τὸ
1112 3046 1282 3112 ἔλεός
1308 3061 1423 3098 σου
1447 3085 1463 3110 ,
1493 3041 1589 3099 καὶ
1621 3046 1684 3099 τὸ
1715 3046 1907 3117 Σωτή-

2013 3047 2281 3112 ferentes,
2330 3048 2556 3105 Ostende
2603 3049 2790 3116 nobis,
2845 3028 3101 3113 Domine,
3156 3028 3577 3106 misericordiam

322 3134 478 3202 ριόν
515 3148 631 3188 σου
655 3133 812 3202 δῴης
828 3134 1005 3204 ἡμῖν’
1037 3130 1156 3189 τοτέ
1179 3130 1236 3188 δὲ
1263 3136 1321 3188 ἐν
1349 3133 1477 3207 εὐχῇ
1500 3132 1745 3202 λέγοντες
1763 3153 1775 3165 ·
1819 3139 1910 3202 Τίς

327 3225 531 3280 δώσει’
550 3227 618 3280 ἐκ
641 3227 796 3281 Σιὼν
828 3227 892 3281 τὸ
922 3228 1221 3297 Σωτήρων
1250 3220 1661 3296 τρῦἻσραήλς
1699 3228 1765 3281 Τί
1806 3230 1913 3300 γὰρ

329 3315 439 3372 καὶ
497 3316 689 3389 ἔμελλε
740 3316 1020 3388 γίγνεσθαι
1069 3319 1424 3387 ἐπιφανέντος
1470 3318 1563 3373 τοῦ
1613 3320 1909 3391 Σωτηρίου,

329 3406 476 3478 ἑξῆς
507 3410 536 3460 ὁ
564 3404 720 3476 λόγος
755 3408 1051 3481 παρίστησι
1086 3410 1310 3478 φάσκων
1333 3425 1347 3438 '
1390 3410 1487 3469 Ἐν
1533 3408 1612 3474 τῷ
1642 3408 1913 3477 ἐπιστρέ-

330 3501 454 3568 ψαι
484 3497 593 3551 τὸν
604 3497 823 3566 Κύριον
842 3498 957 3565 τὴν
978 3498 1394 3567 αἰχμαλωσίαν
1411 3498 1518 3552 τοῦ
1536 3498 1688 3552 λαοῦ
1703 3499 1908 3562 αὐτοῦ,

329 3586 774 3659 ἀγαλλιάσεται
802 3587 1014 3651 Ἰακὼϐ,
1034 3589 1133 3641 καὶ
1153 3587 1626 3656 εὐφρανθήσεται
1654 3587 1909 3655 Ἰσραήλ.

341 3677 523 3751 ὀρᾷς
543 3718 557 3741 ,
591 3677 698 3743 ὡς,
733 3676 1087 3745 ἐπιφανέντος
1118 3676 1212 3743 τοῦ
1246 3677 1543 3748 Σωτηρίου,
1577 3676 1911 3748 ἐπιστροφὴν

329 3763 672 3836 γενήσεσθαι
703 3764 800 3835 τῆς
827 3763 1196 3835 αἰχμαλωσίας
1230 3763 1473 3827 θεσπίζει
1512 3764 1651 3818 κατὰ
1684 3764 1779 3835 τὴν
1809 3780 1914 3818 σω-

262 3916 273 3921 κ
328 3858 535 3928 τήριον
569 3854 747 3925 φωνὴν
780 3854 878 3924 τὴν
909 3855 1284 3926 ἐμφερομένην
1314 3856 1370 3909 ἐν
1394 3854 1471 3926 τῷ
1497 3855 1707 3924 λέγοντι
1742 3855 1799 3922 ἐξ
1824 3855 1916 3909 αὐ-

328 3944 435 3997 τοῦ
474 3941 767 4012 προσώπου
809 3942 1087 4013 προφήτῃ·
1120 3941 1360 4011 Πνεῦμα
1400 3942 1620 4009 Κυρίου
1667 3940 1757 3994 ἐπ’
1787 3938 1910 4008 ἐμὲ,

327 4031 411 4090 οὗ
475 4032 709 4086 εἵνεκεν
749 4030 958 4100 ἕχρισέ
990 4048 1085 4101 με,
1137 4032 1612 4101 εὐαγγελίζεσθαι
1659 4030 1910 4098 πτωχοῖς

327 4118 695 4181 ἀπέσταλκέ
716 4139 812 4191 με,
841 4122 1093 4191 κηρῦξαι
1120 4124 1515 4192 αἰχμαλώτοις
1547 4122 1786 4190 ἄφεσιν,
1817 4138 1913 4176 τυ-

324 4215 528 4287 φλοῖς
558 4211 928 4283 animali-tr;
974 4214 1039 4283 ἢν
1069 4214 1206 4284 μετὰ
1246 4217 1433 4284 χεῖρας
1475 4212 1636 4276 αὐτὸς
1667 4216 1695 4267 ὁ
1725 4213 1913 4284 Σωτὴρ

323 4307 433 4362 ἐπὶ
469 4303 571 4376 τῆς
597 4304 919 4373 συναγωγῆς
965 4303 1076 4356 τῶν
1117 4304 1383 4357 Ἰουδαίων
1413 4301 1625 4367 λαϐὼν,
1680 4303 1774 4356 καὶ
1821 4301 1912 4356 τὸν

320 4363 768 4453 «δύστον’ῦιελθὼν
825 4363 1265 4465 ἐπεσφραγίσατο
1317 4395 1520 4464 φήσας
1564 4363 1831 4462 Σήμερον
1870 4394 1910 4460 ή
1944 4363 1988 4417 D

320 4483 559 4553 Γραφὴ
581 4482 729 4549 αὕτη
757 4482 1133 4551 πεπλήρωται
1166 4482 1236 4534 ἐν
1262 4481 1385 4546 τοῖς
1414 4479 1565 4534 ὠσίν
1585 4479 1768 4550 ὑμῶν.
1806 4478 1916 4550 Τῆς

320 4572 429 4630 οὖν
466 4572 847 4644 αἰχμαλωσίας
887 4572 1191 4643 ἀνεθείσης,
1214 4574 1421 4643 χορεῖαι
1446 4571 1629 4624 λοιπὸν
1665 4570 1724 4636 ἐξ
1749 4566 1916 4641 άῦτῆς

324 4664 728 4726 συνίστανται,
758 4664 884 4725 τοὺς
925 4661 1127 4732 ὕμνους
1154 4662 1569 4731 ἀναπέμπουσαι
1601 4659 1677 4730 τῷ
1699 4658 1912 4713 ἐλευθε-

322 4757 495 4827 ρωτῇ
530 4752 753 4822 βασιλεῖ.
796 4754 932 4806 Τότε
979 4750 1047 4803 δὲ
1074 4752 1171 4805 καὶ
1208 4747 1638 4820 ἀγαλλιάσεται
1694 4748 1908 4813 Ἰακὼϐ,

319 4844 437 4903 καὶ
472 4840 953 4910 εὐφρανθήσεται
990 4841 1242 4908 Ἰσραήλ.
1268 4841 1401 4894 Τότε
1426 4840 1506 4907 δὲ,
1529 4840 1678 4901 πότε,
1707 4839 1740 4908 ἢ
1774 4838 1914 4892 κατὰ

223 5004 243 5012 ἢ
318 4933 428 4986 τὸν
456 4929 654 5001 καιρὸν
684 4928 784 4999 τῆς
815 4928 1145 5012 δηλουμένης
1169 4929 1481 5000 ἐλευθερίας
1525 4927 1616 4982 τοῦ
1656 4927 1786 4981 λαοῦ
1818 4928 1911 4982 τοῦ

318 5020 504 5083 Θεοῦ,
535 5017 612 5082 ὡς
637 5022 774 5072 νοεῖν
808 5035 865 5072 σε
893 5019 1077 5090 ἕτερον
1115 5020 1211 5089 μὲν
1235 5015 1373 5072 εἶναι
1404 5021 1494 5073 τὸν
1517 5018 1908 5091 ἐλευθεροῦμε-

274 5180 279 5185 ο
318 5125 425 5165 νον
457 5106 615 5171 λαὸν,
659 5106 750 5159 καὶ
806 5105 1025 5177 ἐτέρους
1066 5108 1190 5169 τοὺς
1222 5108 1315 5160 ἐπὶ
1345 5110 1412 5178 τῇ
1470 5108 1633 5163 αὐτοῦ
1669 5107 1913 5181 σωτηρίᾳ

311 5192 834 5271 αὐφραινομένουςς
890 5197 1061 5250 Τοῦτο
1115 5196 1225 5267 γὰρ
1270 5199 1308 5267 ἡ
1356 5197 1561 5251 διάνοια
1621 5198 1911 5252 ὑποϐάλλει

314 5292 645 5362 φάσκοντος
669 5285 764 5365 τοῦ
784 5284 942 5355 λόγου
959 5303 973 5317 ο
1024 5288 1120 5340 Ἐν
1146 5286 1227 5351 τῷ
1253 5286 1605 5355 ἐπιστρέψαι
1632 5289 1738 5343 τὸν
1760 5291 1907 5343 Θεὸν

311 5381 450 5448 τὴν
483 5380 902 5447 αἰχμαλωσίαν
930 5378 1038 5433 τοῦ
1069 5376 1224 5431 λαοῦ
1265 5377 1480 5441 αὐτοῦ,
1530 5378 1622 5430 καὶ
1652 5377 1720 5431 τὰ
1762 5378 1927 5449 ἑξῆς.»

484 5551 536 5584 ⁸⁸
574 5548 719 5606 Psal.
767 5566 890 5614 xcv,
946 5552 1061 5609 ἐστι.
1158 5554 1202 5587 ⁸¹
1244 5549 1389 5609 Psal.
1415 5561 1591 5614 nevit.
1630 5553 1699 5621 1,Δ
1721 5552 1776 5606 2.
1863 5554 1908 5585 ⁸³

2013 5568 2052 5607 ι.
2086 5568 2156 5610 ιιι
2181 5594 2196 5621 ,
2234 5554 2320 5611 io.

311 5626 366 5658 ⁸⁸
405 5623 531 5678 In.
564 5636 675 5688 ut,
714 5622 736 5676 Ι
773 5640 786 5690 ;
834 5622 966 5678 Luc.
1004 5639 1075 5690 Iv,
1114 5623 1199 5691 l8,
1228 5623 1309 5680 l9.
1399 5622 1446 5655 “
1471 5621 1603 5677 Luc.
1638 5616 1715 5689 ιθ
1746 5622 1836 5677 91.

2012 3147 2187 3203 tuam,
2214 3148 2264 3192 et
2291 3138 2541 3194 Salutare
2569 3150 2714 3194 tuum
2744 3138 2814 3192 da
2841 3138 2988 3195 nobis
3015 3140 3097 3204 ”;
3127 3139 3287 3196 modo
3314 3150 3492 3197 autem
3520 3140 3574 3195 in

2010 3224 2254 3284 oratione
2296 3227 2539 3285 dicentes
2579 3246 2593 3283 :
2647 3229 2778 3295 Quis
2823 3228 2972 3282 dabit
3026 3242 3091 3283 ea:
3164 3229 3292 3283 Sion
3323 3231 3574 3285 Salutare

2011 3315 2223 3374 Israel?
2244 3316 2383 3383 Quid
2397 3319 2538 3374 enim
2557 3330 2678 3389 post
2694 3316 2959 3375 Salutaris
2978 3319 3265 3374 adventum
3285 3332 3576 3376 evastlrum

2010 3416 2186 3473 esset,
2219 3409 2271 3463 in
2304 3408 2660 3478 sequentibus
2690 3423 2873 3464 sermo
2904 3406 3147 3462 declarat
3179 3405 3365 3465 dicens
3392 3430 3404 3465 :
3445 3408 3578 3466 Cum

2010 3500 2316 3576 conuerterit
2346 3498 2602 3553 Dominus
2634 3496 2990 3568 captivitatem
3022 3494 3185 3567 plebis
3227 3512 3371 3563 sure.
3401 3501 3580 3556 exsule

2013 3588 2143 3641 tabit
2185 3584 2351 3641 Iacob
2392 3595 2442 3642 et
2484 3584 2752 3642 lwtabitur
2797 3583 2988 3643 Israel.
3039 3584 3230 3643 Viden‘
3268 3604 3378 3658 quo
3418 3594 3579 3660 pacto

2011 3684 2135 3749 post
2190 3677 2458 3733 Salutaris
2506 3680 2830 3743 adventum,
2887 3679 3302 3734 conversionem
3351 3681 3579 3751 captivis

2014 3766 2142 3821 tatis
2171 3763 2405 3819 futuram
2435 3779 2559 3821 esse
2584 3766 2935 3830 vaticinatur,
2960 3766 3259 3821 secundum
3288 3768 3431 3821 illam
3457 3767 3578 3822 Sala-

2013 3852 2216 3906 vatoris
2258 3867 2444 3925 vocem
2468 3892 2485 3917 ,
2529 3868 2649 3922 quae
2690 3855 2745 3907 in
2787 3854 3047 3923 propheta
3088 3867 3153 3910 ex
3193 3856 3312 3925 ejus
3340 3866 3575 3926 persona

2013 3941 2266 4010 loquente
2294 3942 2465 3998 fertur
2492 3962 2505 3998 :
2535 3942 2762 4013 Spiritus
2790 3939 3002 4000 Domini
3027 3959 3182 4015 super
3212 3960 3292 4002 me
3310 3988 3325 4012 ,
3354 3960 3413 4001 eo
3438 3946 3577 4018 quod

2014 4033 2222 4087 auxerit
2255 4049 2367 4097 me,
2402 4034 2763 4105 euangelizare
2794 4034 3108 4105 pauperibus
3134 4038 3276 4092 misit
3306 4056 3414 4104 me,
3438 4048 3575 4107 prte—

2014 4123 2193 4178 dicare
2226 4125 2445 4194 captivis
2478 4122 2840 4181 dimissionem
2861 4168 2876 4192 ,
2917 4130 3068 4183 cacis
3104 4130 3244 4184 visus
3285 4131 3577 4184 restitutio~

2014 4200 2208 4299 nemr'"
2235 4215 2259 4267 2’
2290 4212 2462 4280 Quam
2514 4215 2852 4285 pmplietiam
2902 4213 3154 4270 Salvator
3200 4217 3253 4270 in
3303 4227 3575 4286 synagoga

2013 4300 2358 4368 Iudaeorum,
2404 4304 2657 4360 manibus
2708 4305 3022 4373 accipiens,
3067 4312 3353 4373 postquam
3401 4304 3577 4355 locum

2016 4393 2269 4462 legisset,
2302 4394 2610 4463 obsignavit
2645 4390 2873 4449 dicens:
2928 4392 3095 4448 Hodie
3141 4395 3252 4446 Iure
3299 4392 3578 4461 Scriptura

2016 4480 2234 4547 impleta
2280 4488 2357 4533 est
2401 4480 2456 4532 in
2507 4481 2725 4535 auribus
2770 4480 2954 4534 vestris
2988 4481 3052 4552 3f.
3103 4478 3350 4537 Remissa
3396 4481 3618 4551 itaque'

2016 4567 2333 4637 captivitate
2356 4591 2403 4632 ,κ
2425 4583 2491 4622 ex
2536 4576 2835 4638 eapostea
2886 4570 3099 4626 choreae
3151 4572 3577 4637 conslituuntur,

2017 4672 2139 4726 quae
2166 4656 2398 4726 hymnos
2428 4657 2709 4713 liberatori
2743 4656 2875 4729 Regi
2907 4661 3179 4715 emittunt.
3224 4655 3367 4716 Tunc
3398 4663 3593 4717 exsulo'

2019 4746 2152 4800 tabit
2172 4745 2362 4814 Iacob,
2386 4756 2437 4802 et
2463 4748 2730 4803 (celabitur
2760 4748 2951 4805 Israel.
2979 4750 3163 4815 Tune,
3190 4753 3575 4823 quandonam,

2020 4835 2128 4891 nisi
2157 4842 2398 4907 tempore
2428 4847 2740 4894 memoratae
2767 4841 2915 4896 illius
2938 4840 3206 4899 libertatis
3237 4844 3421 4914 populi
3445 4838 3572 4911 Dei,

2019 4927 2092 4982 ita
2141 4934 2201 4982 ut
2249 4926 2521 4999 intelligas
2578 4929 2906 4986 alium'esse
2956 4932 3239 4988 liberatum
3284 4935 3575 5005 pupulum,

2019 5017 2156 5073 alios
2188 5032 2285 5073 eos
2314 5017 2407 5087 qui
2439 5018 2504 5072 de
2538 5019 2711 5088 ipsius
2744 5019 2919 5076 salute
2953 5020 3249 5077 laetantur?
3276 5023 3401 5080 llaec
3430 5024 3577 5079 enim

2019 5109 2286 5162 sententia
2318 5108 2709 5164 “subindieatur
2748 5122 2871 5165 cum
2911 5110 3148 5167 dicitur:
3193 5110 3324 5170 Cum
3369 5125 3581 5168 conver—

2019 5197 2139 5250 terit
2190 5196 2331 5253 Deus
2383 5199 2736 5266 captivitatem
2783 5200 2949 5270 plebis
2994 5219 3133 5268 sua,
3179 5212 3233 5259 et
3260 5212 3471 5259 caetera.
3511 5199 3576 5253 l'Ii
3642 5198 3649 5203 ’

2018 5301 2252 5358 namque
2273 5287 2601 5346 laetabuntur
2623 5298 2747 5345 cum
2771 5293 3099 5347 converterit
3118 5291 3377 5347 Dominus
3405 5275 3579 5357 capti-

2016 5378 2236 5432 vitatem
2272 5377 2445 5448 plebis
2474 5393 2605 5435 suae.
2641 5379 2738 5436 His
2763 5381 2948 5453 itaque
2979 5382 3120 5439 duos
3144 5381 3364 5437 ordines
3390 5376 3576 5432 decla‘

2428 5552 2474 5587 ⁸³
2509 5553 2639 5611 Luc.
2680 5571 2758 5623 ιι,
2788 5554 2879 5612 29.
2992 5551 3216 5651 ⁸⁸⁸Ρι31.
3254 5565 3483 5623 Lxxnv,
3517 5553 3572 5614 8.
