3988 6202
425 237 531 294 ωδ

1133 233 1402 291 EUSEBII
1439 225 1918 296 CESARIEN'SIS
1955 237 2106 295 OPP.
2145 236 2323 292 PARS
2352 235 2439 292 ιιι.
2479 266 2545 276 -
2584 232 2986 290 EXEGETICA.

3555 232 3662 290 ιθι

424 362 544 418 rat,
577 351 739 404 alium
769 363 958 405 eorum
989 350 1081 419 qui
1114 348 1168 402 in
1211 349 1581 419 captivitatem
1623 350 1840 405 abducti
1883 367 1982 407 non

2095 344 2253 404 Οὗτοι
2286 349 2394 421 γὰρ
2436 348 2901 420 εὐφρανθήσονται
2943 347 3000 399 ἐν
3045 344 3122 416 τῷ
3162 345 3511 415 ἐπιστρέφειν
3546 344 3662 399 Κύ-

424 450 582 509 sunt;
615 442 778 523 alium
809 454 996 494 eorum
1013 440 1104 509 qui
1127 439 1344 494 abducti
1371 439 1588 509 quidem
1609 449 1756 503 sunt,
1777 441 1872 498 sed
1895 459 1988 512 per

425 534 673 589 Salutate
698 531 1002 587 libertatem
1031 537 1159 586 sunt
1175 530 1475 586 consecuti.
1499 528 1656 586 Dicas
1681 531 1847 602 igitur
1867 532 1989 588 illos

421 625 549 678 olim
586 623 880 693 prophetas
902 662 917 687 ,
955 622 1136 691 justos
1162 661 1177 686 ,
1215 622 1593 693 patriarchas,
1625 632 1678 677 et
1722 630 1990 693 quotquot

421 717 490 770 ab
533 730 719 770 errore
748 714 1066 768 idololatriae
1098 714 1221 783 puri
1253 713 1504 775 fuerunt,
1537 712 1688 782 ipsos
1732 728 1855 768 esse
1895 713 1988 783 qui

421 806 479 862 in
527 806 899 875 captivitatem
951 819 982 858 a
1041 803 1420 874 spiritualibus
1478 803 1718 860 inimicis
1767 804 1988 859 abducti

423 913 530 952 non
563 906 690 951 sunt
717 915 730 950 :
767 911 864 951 eos
895 910 1026 951 vero
1056 909 1120 950 ex
1157 895 1410 964 gentibus
1436 895 1530 965 qui
1564 895 1620 948 in
1658 895 1864 952 nullius
1893 895 1986 950 Dei

423 989 632 1045 cultum
679 1002 802 1043 sese
849 993 1175 1050 verterunt;
1221 998 1316 1038 eos
1367 984 1496 1038 item
1546 984 1640 1053 qui
1691 985 1986 1038 multorum

422 1079 707 1133 numinum
750 1077 924 1132 errori
965 1091 1024 1130 se
1065 1074 1401 1141 subdidere;
1448 1075 1564 1130 sive
1598 1075 1762 1130 etiam
1796 1075 1889 1145 qui
1919 1091 1983 1130 ex

420 1168 839 1225 circumcisione
870 1166 1111 1237 peccatis
1143 1164 1258 1221 suis
1291 1165 1493 1220 venditi
1531 1173 1699 1228 sunt;
1734 1173 1898 1235 atque
1932 1167 1985 1218 in

421 1275 633 1314 summa
661 1274 883 1322 omnes,
918 1257 985 1312 de
1013 1257 1213 1326 quibus
1240 1257 1494 1324 superius
1523 1256 1726 1310 dictum
1754 1265 1868 1320 est,
1901 1255 1988 1310 Di-

421 1351 502 1404 xit
536 1350 786 1418 insipiens
820 1349 876 1402 in
905 1347 1060 1402 corde
1093 1359 1189 1401 suo
1214 1363 1232 1399 :
1277 1345 1400 1406 Non
1432 1355 1510 1400 est
1546 1345 1722 1410 Deus;
1756 1347 1988 1414 corrupti

421 1449 545 1496 sunt
581 1451 631 1494 et
674 1438 1051 1494 abominabiles
1091 1439 1224 1508 facti
1258 1448 1381 1492 sunt
1420 1439 1474 1490 in
1509 1437 1823 1506 iniquitate,
1854 1451 1984 1502 eos,

421 1531 682 1601 inquam,
713 1545 836 1585 esse
860 1529 952 1599 qui
996 1529 1361 1598 captivitatem
1406 1527 1555 1596 passi
1597 1533 1745 1581 sunt.
1778 1524 1988 1590 Quibus

420 1638 518 1692 per
549 1623 842 1679 salutarem
875 1620 1170 1675 adventum
1199 1619 1450 1673 liberatis
1470 1658 1486 1684 ,
1517 1617 1721 1672 chorus
1751 1617 1988 1687 prophe-

2093 459 2205 513 ριον
2229 440 2325 510 τὴν
2352 439 2725 511 αἰχμαλωσίαν
2753 438 2846 492 τοῦ
2878 437 3004 490 λαοῦ
3037 436 3219 491 αὑτοῦ.
3253 438 3358 490 Δύο
3374 437 3554 491 τοίνυν
3574 437 3666 491 διὰ

2089 532 2292 586 τούτων
2334 531 2660 603 παρίσταται
2689 531 2964 601 τάγματα,
3000 528 3061 582 τὸ
3089 529 3186 599 μὲν
3215 528 3324 581 τῶν
3358 528 3434 599 μὴ
3459 529 3667 583 ὑποπε-

2091 623 2382 677 πτωκότων
2412 625 2479 694 τῇ
2505 621 2870 692 αἰχμαλωσίᾳ,
2899 621 2960 672 τὸ
2986 620 3042 672 δὲ
3063 621 3170 686 τῶν
3187 619 3665 676 ὑποπεπτωκότων

2094 713 2214 783 μὲν,
2241 710 2554 781 ἐλευθερίας
2589 711 2646 763 δὲ
2681 709 3057 780 τετυχηκότων
3103 709 3190 764 διὰ
3230 709 3323 762 τοῦ
3357 696 3663 779 Σωτηρίου.

2103 805 2278 875 Ἐρεῖς
2321 797 2412 855 οὖν
2453 801 2578 864 τοὺς
2616 801 2712 871 μὲν
2749 800 2915 852 πάλαι
2950 802 3232 872 προφήτας
3262 800 3356 854 καὶ
3391 800 3661 863 δικαίους.

2089 893 2183 946 καὶ
2210 892 2571 964 πατριάρχας,
2591 893 2684 943 καὶ
2713 891 2918 953 πάντας
2933 891 3057 954 τοὺς
3087 889 3356 962 καθαροὺς
3387 876 3488 958 τῆς
3513 889 3667 942 εἰδω-

2091 984 2355 1054 λολάτρου
2392 983 2600 1057 πλάνης
2627 982 2972 1052 γενομένους,
3006 982 3202 1045 αὐτοὺς
3240 977 3378 1034 εἶναι
3425 981 3550 1043 τοὺς
3589 979 3665 1050 μὴ

2089 1074 2553 1136 ὑποπεπτωκότας
2594 1075 2660 1143 τῇ
2704 1073 2810 1124 τῶν
2856 1071 3061 1141 νοητῶν
3113 1072 3384 1142 πολεμίων
3429 1069 3662 1124 ἁλώσειο

2088 1165 2214 1225 τοὺς
2239 1163 2295 1215 δὲ
2324 1161 2384 1226 ἐξ
2426 1161 2595 1214 ἐθνῶν
2633 1164 2714 1224 είς
2745 1161 3012 1230 ἀθεότητα
3055 1161 3510 1233 περιτραπέντας,
3536 1159 3668 1223 τούς

2087 1267 2148 1302 τε
2186 1253 2251 1320 τῇ
2283 1248 2525 1320 πολυθέῳ
2554 1249 2729 1320 πλάνῃ
2758 1248 3278 1312 καταδουλωθέντας,
3312 1250 3345 1319 ἥ
3396 1251 3492 1310 καὶ
3535 1250 3667 1312 τοὺς

2089 1341 2152 1392 ἐκ
2181 1342 2479 1412 περιτομῆς
2502 1341 2628 1404 τοὺς
2673 1343 2791 1403 ταῖς
2828 1340 3036 1393 ἑαυτῶν
3085 1341 3380 1411 ἁμαρτίαις
3424 1339 3665 1409 πραθέν-

2052 1493 2058 1503 ,
2087 1451 2205 1496 τας,
2232 1434 2323 1485 καὶ
2351 1433 2683 1498 ἁπαξαπλῶς
2706 1434 2968 1496 ἅπαντας,
3003 1433 3132 1503 περὶ
3156 1426 3230 1486 ὧν
3265 1431 3522 1502 ἀνωτέρω
3544 1431 3665 1485 ἐλέ-

2089 1539 2213 1590 γετο
2233 1539 2245 1551 ·
2293 1518 2479 1577 Εἶπεν
2506 1521 2710 1591 ἄφρων
2736 1521 2806 1575 ἐν
2837 1521 3049 1589 καρδίᾳ
3087 1521 3273 1584 αὑτοῦ
3294 1538 3308 1551 ·
3363 1523 3484 1575 Οὐκ
3528 1521 3666 1576 ἐστι

2091 1612 2256 1678 Θεὸς,
2310 1612 2646 1680 διέφθειραν
2673 1612 2768 1665 καὶ
2825 1611 3278 1680 ἐϐδελύχθησαν
3318 1612 3388 1665 ἐν
3413 1612 3664 1679 ἀνομίᾳ,

421 1713 564 1767 tieus
593 1711 832 1782 quijam
869 1711 998 1765 olim
1031 1710 1086 1762 in
1129 1707 1238 1762 Deo
1269 1705 1572 1776 requievit,
1606 1706 1809 1778 quippe
1857 1719 1982 1776 pro-

2087 1703 2304 1765 τούτους
2331 1703 2618 1773 τυγχάνειν
2646 1704 2770 1764 τοὺς
2792 1703 2887 1772 τὴν
2909 1701 3280 1772 αἰχμαλωσίαν
3303 1701 3663 1764 πεπονθότας.

421 1803 538 1871 prie
563 1801 732 1856 Jaeob
760 1810 813 1856 et
846 1799 1011 1855 Israel
1031 1838 1045 1861 ,
1077 1799 1147 1853 ob
1179 1813 1266 1855 res
1298 1812 1394 1867 per
1424 1796 1645 1851 nomina
1673 1795 1987 1865 hujusmodi

302 1889 305 1892 ”
419 1891 786 1960 signiﬁcatas,
824 1891 1150 1960 appellatur,
1181 1887 1476 1943 exsultabit
1506 1894 1560 1940 et
1585 1885 1895 1948 laetabitur,
1928 1892 1986 1937 ut

420 1982 658 2051 propriis
703 1982 965 2036 membris
1004 1979 1310 2050 gratulatus
1355 1978 1422 2032 iis
1465 1978 1558 2048 qui
1595 1993 1692 2046 per
1735 1976 1985 2031 Salutare

420 2071 723 2126 libertatem
752 2071 900 2124 nacti
933 2076 1083 2124 sunt.

2094 1789 2194 1846 '(lv
2228 1793 2696 1864 ἐλευθερουμένων
2735 1793 2823 1846 διὰ
2850 1794 2948 1862 τῆς
2978 1793 3073 1845 τοῦ
3107 1794 3382 1865 Σωτηρίου
3428 1793 3667 1863 ἐπιλάμ-

2090 1883 2254 1952 ψεως,
2286 1886 2314 1936 ὁ
2345 1884 2510 1937 πάλαι
2548 1883 2698 1955 παρὰ
2736 1883 2854 1954 Θεῷ
2885 1885 2984 1955 ἤδη
3028 1871 3481 1954 ἀναπεπαυμένος
3529 1901 3669 1954 προ-

2092 1978 2318 2047 φητικὸς
2344 1977 2525 2048 χορὸς,
2571 1976 2763 2030 Ἰακὼϐ
2795 1978 2888 2032 καὶ
2926 1969 3140 2048 Ἰσραὴλ
3170 1961 3375 2048 κυρίως
3406 1976 3668 2047 ὀνομαζό-

2094 2084 2248 2136 μενος
2278 2067 2364 2119 διά
2395 2066 2463 2118 τὰ
2485 2068 2547 2119 ἐκ
2579 2067 2683 2120 τῶν
2700 2066 2977 2136 ὀνομάτων
2997 2068 3368 2138 σημαινόμενα
3401 2067 3667 2137 πράγμα-

419 2177 522 2227 τα,
567 2159 956 2229 ἀγαλλιάσεται
986 2160 1081 2215 καὶ
1105 2159 1569 2230 εὐφρανθήσεται,
1608 2158 1911 2231 συγχαίρων
1931 2157 2005 2223 ὡς
2042 2160 2256 2222 οἰκείοις
2287 2159 2470 2230 μέλεσι
2490 2163 2599 2222 τοῖς
2628 2159 2714 2213 διὰ
2740 2160 2832 2214 τοῦ
2864 2160 3137 2231 Σωτηρίου
3172 2159 3668 2230 ἐλευθερουμένοις.

420 2301 471 2355 1.
514 2299 580 2354 ΙΝ
620 2300 830 2356 FINEM
865 2301 934 2356 IN
975 2299 1254 2363 HYMNIS.
1286 2299 1762 2354 INTELLECTUS
1800 2298 1991 2352 DAVl-

489 2370 576 2426 Di.
617 2373 670 2426 2.
713 2371 856 2424 CUM
899 2371 1281 2425 VENISSENT
1323 2370 1608 2431 ZIPHAEI.
1654 2369 1738 2422 ET
1782 2369 1991 2422 DIXIS-

490 2438 666 2497 SENT
715 2441 808 2494 AD
862 2441 1040 2495 SAUL
1083 2459 1096 2494 :
1141 2439 1370 2494 NONNE
1425 2438 1632 2493 DAVID
1686 2437 1982 2494 ABSCON-

492 2508 696 2564 DITUS
733 2509 864 2563 EST
903 2509 1089 2564 APUD
1128 2509 1303 2562 NOS?
1337 2508 1469 2562 Llll.

487 2620 656 2678 Vsus.
688 2623 741 2688 ὅ,
767 2624 820 2677 ι.
861 2621 1004 2676 Deus
1039 2622 1096 2675 in
1137 2623 1346 2678 nomine
1385 2630 1473 2677 tuo
1508 2624 1711 2676 saluum
1748 2639 1827 2677 me
1865 2625 1981 2691 fac,

2092 2302 2199 2354 ΕΙΣ
2254 2302 2340 2355 ΤΟ
2395 2302 2614 2355 ΤΕΛΟΣ
2667 2304 2757 2355 ΕΝ
2814 2303 3113 2367 ΥΜΝυΙΣ,
3168 2299 3520 2353 ΣΥΝΕΣΕΩΣ
3579 2298 3667 2366 TD

2159 2373 2356 2424 ΔΑΥῙΔ
2381 2411 2394 2433 ,
2433 2373 2525 2425 ΕΝ
2564 2373 2650 2424 ΤΩ
2689 2372 2937 2425 ΕΛΘΕΙΝ
2978 2373 3154 2424 ΤΟΥΣ
3192 2369 3506 2424 ΖΙΦΑΙΟΥΣ
3544 2369 3666 2422 ΚΑΙ

2159 2442 2392 2493 ΕΙΠΕΙΝ
2445 2443 2531 2494 ΤΩ
2585 2443 2837 2495 ΣΑΟΥΛ·
2880 2441 3019 2495 υΥΚ
3072 2439 3226 2494 ΙΔΟΥ
3283 2439 3482 2492 ΔΑΥΙΔ
3537 2438 3664 2490 ΚΕ-

2161 2511 2469 2563 ΚΡΥΠΤΑΙ
2510 2512 2662 2563 IIAP‘
2702 2511 2915 2576 BMiN;
2959 2511 3081 2562 NI".

2171 2617 2224 2670 '0
2257 2618 2419 2683 Θεὸς,
2441 2618 2511 2672 ἐν
2537 2619 2616 2684 τῷ
2644 2620 2888 2704 dropace?
2915 2635 3030 2673 σου
3074 2618 3279 2674 σῶσον
3314 2637 3412 2689 με,
3457 2621 3558 2673 καὶ
3593 2621 3664 2674 ἐν

415 2722 464 2766 et
498 2715 552 2766 in
591 2714 783 2768 virtute
818 2723 910 2768 tua
942 2714 1131 2783 judico
1167 2731 1270 2770 me.
1317 2713 1488 2767 Sicuti
1533 2714 1776 2784 psalmos
1803 2714 1898 2783 qui
1928 2713 1982 2768 in

2091 2705 2165 2775 τῇ
2197 2707 2523 2776 δυναστείᾳ
2547 2726 2664 2763 σου
2694 2709 2900 2778 κρῒνόν
2915 2728 3011 2780 με.
3036 2712 3206 2764 Ὥσπε
3216 2728 3246 2782 ρ
3279 2710 3665 2765 ἀπεδείκνυντο

420 2803 595 2871 prima
645 2814 795 2872 parte
847 2804 969 2858 libri
1023 2811 1189 2870 sunt,
1235 2811 1357 2872 post
1396 2803 1611 2871 lapsum
1656 2804 1712 2857 in
1759 2817 1981 2858 uxorem

2089 2801 2137 2852 οἱ
2195 2801 2337 2854 κατά
2384 2801 2444 2854 τὸ
2467 2801 2680 2873 πρῶτον
2727 2803 2890 2873 μέρος
2923 2803 3022 2872 τῆς
3055 2803 3234 2872 βίϐλου
3279 2803 3384 2857 τῶν
3410 2804 3662 2875 Ψαλμῶν

421 2893 568 2948 Urite
598 2894 983 2963 pronuntiatos
1014 2893 1188 2949 fuisse
1220 2910 1284 2949 ex
1319 2893 1659 2962 singulorum
1700 2893 1861 2946 titulo
1890 2893 1982 2947 de-

2093 2891 2229 2960 μετά
2261 2893 2322 2944 τὸ
2353 2897 2598 2964 πταῖσμα
2627 2895 2687 2947 τὸ
2721 2896 2799 2958 είς
2824 2894 2921 2966 τὴν
2953 2894 3046 2948 τοῦ
3077 2895 3273 2966 Οὐρίου
3317 2896 3542 2964 γεγονὸς
3572 2897 3663 2950 λε-

420 2991 782 3037 monstratum
838 2995 967 3048 est;
1030 2984 1105 3037 ita
1158 2998 1305 3038 nunc
1359 2997 1579 3053 quoque
1643 2983 1978 3054 singulorum

2087 2976 2340 3052 λεγμένοι
2385 2985 2449 3037 ἐκ
2496 2986 2598 3054 τῆς
2643 2986 2727 3054 ἐφ’
2751 2986 2964 3056 ἑκάστῳ
2997 2986 3254 3056 κειμένης
3299 2986 3659 3057 προγραφῆς·

419 3074 754 3142 psalmorum
823 3073 1242 3144 inscriptiones,
1307 3081 1492 3128 notam
1552 3075 1813 3144 temporis
1874 3090 1982 3145 quo

2087 3073 2228 3128 οὕτω
2255 3075 2350 3128 καὶ
2377 3075 2471 3128 νῦν
2509 3079 2563 3130 αἱ
2587 3075 2709 3128 καθ’
2733 3075 2960 3130 ἕκαστον
2983 3076 3194 3146 ψαλμὸν
3223 3077 3538 3146 προγραφαὶ
3561 3077 3659 3148 δη·

417 3163 629 3216 recitati
669 3171 817 3228 sum,
862 3164 1177 3234 praferunt.
1227 3163 1478 3219 Praesens
1518 3163 1702 3234 itaque
1739 3165 1983 3234 psalmus

416 3267 519 3309 nos
557 3254 742 3309 statim
782 3254 1011 3308 remittit
1039 3254 1106 3310 ad
1135 3254 1372 3324 primum
1405 3251 1715 3324 Regnorum
1751 3255 1982 3319 librum,

416 3350 478 3398 ut
514 3344 639 3398 inde
681 3344 996 3410 discamus,
1042 3345 1240 3415 quibus
1284 3346 1352 3400 de
1397 3347 1565 3402 rebus
1619 3346 1765 3400 bunc
1823 3346 1980 3417 hym»

417 3449 546 3488 num
577 3432 744 3488 David
773 3435 1032 3490 emiserit.
1069 3434 1307 3491 Historia
1338 3450 1502 3504 porro
1536 3436 1617 3491 sic
1663 3435 1824 3491 habet
1861 3454 1874 3489 :
1915 3435 1984 3489 Et

413 3524 560 3578 sedes
581 3523 806 3578 habebat
837 3523 1006 3578 David
1031 3526 1085 3579 in
1108 3525 1310 3580 deserto
1341 3523 1586 3580 Masedec
1618 3525 1672 3578 in
1698 3526 1935 3594 angustis
1963 3542 1981 3578 :

413 3625 464 3668 et
490 3615 802 3669 morabatur
819 3616 872 3670 in
900 3627 1094 3680 monte,
1129 3617 1183 3669 in
1209 3615 1413 3671 deserto
1446 3615 1580 3684 Ziph
1606 3617 1671 3670 θ’.
1697 3615 1900 3672 Deinde
1926 3626 1985 3671 ut

415 3707 555 3760 venit
585 3705 857 3760 Jonathan
888 3707 1035 3775 ﬁlius
1081 3705 1214 3760 Saul
1262 3706 1332 3759 ad
1377 3707 1568 3774 ipsum,
1603 3714 1653 3760 et
1683 3705 1822 3759 dixit
1853 3706 1936 3760 illi
1966 3723 1984 3759 :

419 3796 504 3851 Ne
529 3799 747 3858 timeas;
768 3813 928 3866 neque
947 3797 1084 3850 enim
1113 3806 1160 3849 te
1190 3797 1411 3851 inveniet
1433 3814 1630 3855 manus
1661 3797 1793 3852 Saul
1817 3799 1985 3864 patris

416 3886 520 3938 mei
555 3900 572 3937 :
599 3896 649 3939 et
693 3895 747 3940 tu
772 3885 1015 3955 regnabis
1042 3901 1197 3952 super
1229 3884 1426 3948 Israel,
1449 3895 1499 3938 et
1523 3903 1614 3955 ego
1651 3903 1740 3939 ero
1774 3877 1869 3940 tibi
1901 3902 1984 3940 se-

412 3974 698 4036 cundus,et
721 3974 852 4028 Saut
878 3983 1027 4041 pater
1054 3990 1196 4028 meus
1218 3975 1316 4028 scit
1333 3975 1502 4028 hoc“.
1523 3974 1591 4028 Et
1619 3984 1984 4044 percusserunt

371 4057 374 4062 ’
412 4063 567 4118 ambo
591 4063 759 4131 [actus
787 4079 966 4116 coram
996 4062 1241 4126 Domino,
1267 4064 1561 4132 mansitque
1585 4062 1778 4127 David,
1807 4074 1856 4119 et
1884 4063 1984 4116 Ιο-

411 4152 612 4207 natium
649 4151 779 4205 abiit
825 4154 877 4205 in
909 4151 1120 4206 domum
1157 4169 1330 4208 suam.
1365 4151 1577 4218 Quibus
1610 4153 1803 4208 deinde
1848 4154 1982 4209 sub-

407 4243 589 4315 iungit
616 4262 627 4298 :
660 4241 726 4296 Et
759 4242 1104 4296 ascenderunt
1131 4241 1333 4312 Ziphwi
1359 4259 1423 4298 ex
1445 4243 1597 4298 arido
1619 4243 1732 4298 loco
1757 4244 1824 4298 ad
1850 4243 1984 4300 Saul

408 4336 466 4389 in
492 4335 678 4390 collem
724 4333 954 4389 dicentes
985 4351 1003 4388 :
1038 4334 1225 4390 Nonne
1257 4350 1372 4388 ecce
1417 4334 1589 4388 David
1630 4335 1808 4389 latitat
1827 4336 1977 4404 ‘apud

2087 3165 2313 3220 λωτικαὶ
2344 3167 2670 3237 τυγχάνουσι
2699 3166 2792 3220 τοῦ
2837 3167 3026 3238 χρόνου
3061 3167 3182 3221 καθ’
3233 3167 3293 3220 ὃν
3338 3166 3657 3237 ἐλέχθησαν.

2085 3256 2294 3310 Αὐτίκα
2327 3257 2457 3325 γοῦν
2481 3257 2576 3311 καὶ
2606 3258 2635 3309 ὁ
2671 3257 3024 3327 προκείμενος
3077 3258 3390 3328 ἀνέπεμψεν
3432 3259 3527 3310 ἐπὶ
3559 3258 3661 3329 τὴν

2085 3346 2306 3417 πρώτην
2335 3347 2512 3418 βίϐλον
2533 3348 2639 3401 τῶν
2671 3348 2961 3402 Βασιλειῶν
2979 3367 2992 3380 ·
3023 3349 3098 3412 ὼς
3130 3349 3196 3402 ἂν
3229 3349 3436 3403 ἐκεῖθεν
3467 3349 3660 3420 μάθοι-

2089 3453 2208 3504 μεν,
2241 3438 2323 3505 ἐφ’
2370 3437 2502 3499 οἵοις
2549 3437 2836 3508 πράγμασι
2868 3437 2960 3491 τὸν
3017 3436 3375 3508 προκείμενον
3409 3436 3578 3508 ὕμνον
3629 3440 3660 3493 ὁ

2085 3525 2248 3579 Δαυῒδ
2269 3527 2602 3597 ἀνέπεμψεν.
2627 3529 2778 3596 Ἔχει
2811 3529 2867 3580 δὲ
2890 3530 2923 3598 ἡ
2959 3529 3166 3599 ἱστορία
3199 3531 3386 3584 τοῦτον
3411 3531 3504 3583 τὸν
3532 3531 3660 3598 τρό-

2085 3631 2182 3667 πον
2204 3631 2218 3645 ο
2248 3615 2355 3668 Kal
2386 3616 2627 3671 ἐκάθισε
2650 3617 2830 3670 Δαυῒδ
2860 3618 2930 3670 ἐν
2953 3617 3026 3686 τῇ
3059 3617 3254 3688 ἐρήμῳ
3282 3619 3561 3673 Μασεδὲκ
3589 3620 3662 3671 ἐν

2085 3702 2206 3767 τοῖς
2231 3703 2468 3769 στενοῖς
2487 3721 2499 3733 ·
2530 3704 2627 3757 καὶ
2651 3701 2905 3773 ἐκάθητο
2927 3706 2995 3758 ἐν
3017 3705 3098 3771 τῷ
3123 3706 3241 3774 ὄρει
3264 3707 3334 3760 ἐν
3357 3706 3432 3774 τῇ
3459 3707 3663 3776 ἐρήμῳ

2085 3794 2251 3861 Ζείφ.
2281 3790 2394 3846 Εἶθ’
2422 3792 2497 3856 ὡς
2516 3791 2704 3864 ἦλθεν
2742 3795 3016 3851 Ἰωνάθαν
3036 3799 3068 3848 ό
3100 3795 3231 3863 υἱὸς
3263 3797 3462 3850 Σαοὺλ
3504 3797 3660 3864 πρὸς

2082 3884 2288 3947 αὑτὸν,
2311 3885 2408 3938 καὶ
2433 3886 2601 3939 εἶπεν
2622 3885 2780 3951 αὐτῷ
2798 3902 2811 3916 ο
2837 3885 2934 3954 Μὴ
2959 3886 3166 3956 φοϐοῦ,
3190 3886 3279 3941 ὅτι
3310 3889 3381 3941 οὐ
3396 3887 3484 3957 μὴ
3507 3888 3657 3955 εὕρῃ

2083 3989 2156 4027 σε
2189 3975 2226 4042 ἡ
2253 3976 2382 4043 χεὶρ
2416 3975 2612 4030 Σαοὺλ
2649 3975 2755 4029 τοῦ
2785 3978 3006 4044 πατρός
3026 3994 3166 4046 μου,
3194 3978 3294 4032 xal
3341 3977 3421 4032 σὺ
3467 3978 3656 4042 ,βασι-

2081 4065 2325 4131 λεύσεις
2347 4066 2444 4119 ἐπὶ
2488 4066 2752 4134 Ἰσραὴλ,
2786 4067 2883 4120 καὶ
2909 4067 3024 4136 ἐγὼ
3048 4068 3265 4136 ἔσομαί
3297 4084 3396 4122 σοι
3417 4072 3503 4136 εὶς
3525 4068 3663 4123 δεύ-

2082 4171 2273 4223 τερον,
2310 4155 2408 4207 καὶ
2440 4154 2638 4209 Σαοὺλ
2671 4159 2702 4209 ὀ
2732 4154 2924 4223 πατήρ
2941 4173 3058 4224 μου
3099 4152 3262 4208 οἶδεν
3293 4156 3503 4221 οὕτως.
3544 4157 3659 4211 Kal

2082 4244 2408 4298 συνέθεντο
2440 4245 2756 4313 ἀμφότεροι
2781 4243 3080 4311 διαθήκην
3110 4245 3366 4299 ἐνώπιον
3405 4239 3654 4314 Κυρίου,

2082 4319 2181 4387 καί
2207 4333 2386 4387 Δαυῒδ
2400 4333 2682 4400 ἐκάθητο,
2711 4333 2810 4388 καὶ
2842 4333 3123 4387 Ἰωνάθαν
3143 4332 3412 4402 ἀπῆλθεν
3433 4338 3521 4400 εὶς
3546 4336 3658 4390 τὸν

406 4444 504 4483 nos
550 4429 606 4482 in
645 4427 861 4481 Mesara
897 4429 953 4482 in
981 4429 1242 4499 angustis,
1266 4430 1322 4482 in
1361 4445 1496 4484 nova
1525 4429 1615 4482 8"t
1665 4427 1821 4495 Quod
1850 4445 1974 4484 cum

2087 4421 2247 4479 οἷκον
2274 4425 2459 4479 αὑτοῦ
2481 4442 2492 4454 ·
2518 4419 2598 4488 οἷς
2628 4423 2756 4494 ἐξῆς
2787 4423 3055 4492 ἐπιλέγει·
3091 4425 3198 4478 Kal
3244 4425 3554 4494 ἀνέϐησαν
3595 4430 3654 4481 οι

408 4517 694 4573 didicisset
739 4517 890 4582 Saul,
927 4518 995 4573 ad
1041 4519 1297 4574 Davidem
1349 4518 1745 4587 insequendum
1784 4534 1976 4574 versus

407 4615 514 4663 est.
538 4607 766 4677 Jamque
786 4609 1092 4677 proximum
1124 4615 1240 4664 erat
1269 4615 1330 4662 ut
1371 4624 1496 4664 eum
1527 4615 1786 4680 caperet;
1841 4609 1978 4664 scri-

407 4705 560 4767 ptum
587 4698 730 4751 enim
761 4706 845 4752 est
870 4691 1069 4763 :Quod
1092 4715 1211 4752 cum
1234 4699 1467 4754 audisset
1499 4698 1653 4763 Saul,
1676 4709 1974 4768 persecutus

406 4797 487 4841 est
522 4787 693 4842 Dauid
735 4790 787 4842 in
839 4789 1043 4843 deserto
1095 4789 1275 4846 Maon.
1326 4791 1396 4845 Et
1445 4792 1590 4846 ibant
1625 4791 1758 4847 Saul
1799 4803 1848 4851 et
1876 4793 1977 4848 viri

407 4880 522 4950 ejus
557 4895 621 4933 ex
649 4889 796 4948 parte
822 4883 1014 4936 montis
1042 4881 1198 4951 hujus
1227 4899 1245 4936 :
1276 4891 1327 4937 et
1363 4892 1479 4937 erat
1515 4882 1684 4937 David
1719 4883 1971 4948 obtectus,

407 4976 465 5022 ut
495 4967 662 5021 abiret
693 4985 725 5020 a
747 4968 882 5036 facie
913 4968 1076 5032 Saul;
1098 4979 1147 5022 et
1172 4969 1307 5026 Saul
1335 4980 1385 5025 et
1421 4969 1519 5025 viri
1551 4971 1664 5040 ejus
1685 4980 1976 5026 castrame-

407 5055 661 5112 labantur
684 5065 870 5109 contra
902 5057 1070 5112 David
1096 5070 1143 5112 et
1161 5059 1312 5114 viros
1341 5059 1479 5128 ejus,
1503 5069 1561 5114 ut
1593 5068 1832 5128 caperent
1861 5077 1969 5115 eos.

407 5147 479 5203 Et
511 5148 727 5202 nuntius
766 5149 902 5202 venit
941 5149 1011 5203 ad
1047 5151 1181 5206 Saul
1216 5151 1392 5206 dicens
1433 5167 1452 5205 :
1487 5150 1707 5207 Festina
1733 5161 1782 5206 et
1837 5153 1972 5219 veni,

405 5244 532 5312 quia
588 5240 888 5310 irruperunt
946 5241 1200 5312 allopltgti
1241 5243 1296 5296 in
1357 5244 1583 5296 terram!
1630 5242 1698 5298 Et
1737 5259 1972 5298 reversus

322 5336 330 5342 ’
404 5342 480 5387 est
511 5331 666 5400 Saut,
692 5331 947 5387 desistens
972 5334 1207 5402 persequi
1235 5332 1406 5391 David
1435 5348 1455 5387 :
1479 5343 1529 5388 ct
1555 5336 1778 5402 perrexit
1807 5334 1858 5387 in
1885 5350 1976 5386 oc-

2079 4517 2310 4585 Ζιφαῖοι
2333 4517 2402 4570 ἐκ
2429 4514 2538 4585 τῆς
2567 4514 2920 4585 αὐχμώδους
2960 4515 3109 4583 πρὸς
3151 4516 3349 4571 Σαοὺλ
3392 4517 3492 4570 ἐπὶ
3542 4521 3653 4572 τὸν

2069 4607 2323 4670 βουνὸν,
2342 4607 2619 4675 λέγοντες
2633 4623 2646 4638 ο
2665 4608 2785 4659 Οὐκ
2810 4604 2937 4658 ἰδοὺ
2959 4605 3137 4658 Δαυῒδ
3165 4606 3486 4673 κέκρυπται
3511 4608 3650 4675 παρ’

2075 4694 2221 4762 ἡμῖν
2250 4695 2322 4748 ἐν
2347 4694 2594 4762 Μεσαρᾱ
2613 4695 2682 4747 ἐν
2706 4693 2830 4758 τοῖς
2853 4693 3110 4759 στενοῖς.
3138 4695 3208 4748 ὲν
3233 4694 3305 4762 τῇ
3335 4695 3510 4765 καινῇ
3535 4714 3555 4759 ;
3583 4699 3652 4751 Ὀ

2076 4785 2140 4856 δὴ
2167 4785 2349 4857 μαθὼν
2375 4787 2547 4839 Σαοὺλ
2574 4787 2666 4838 ἐπὶ
2691 4785 2870 4849 δίωξιν
2919 4787 3132 4857 ἐτράπη
3165 4787 3256 4840 τοῦ
3292 4789 3474 4846 Δαυῒδ.
3505 4791 3652 4861 Ἤδη

2074 4893 2135 4928 τε
2167 4877 2349 4930 λοιπὸν
2381 4877 2546 4944 ἐγγὺς
2577 4873 2644 4948 ἦν
2674 4877 2768 4930 τοῦ
2801 4878 2982 4933 λαϐεῖν
3005 4880 3164 4933 αὐτὸν
3189 4880 3524 4951 ὑποχείριον·
3553 4881 3651 4948 γέ-

2075 4951 2316 5038 γραπται
2337 4968 2446 5039 γάρ
2467 4985 2480 4998 ·
2509 4968 2620 5022 Kal
2647 4969 2876 5037 ἤκουσε
2903 4971 3101 5026 Σαοὺλ
3142 4973 3240 5025 καὶ
3292 4973 3650 5038 κατεδίωξεν

2077 5057 2268 5108 ὀπίσω
2297 5056 2476 5110 Δαυῒδ
2510 5059 2596 5122 εἰς
2623 5058 2737 5126 τὴν
2757 5060 2982 5130 ἔρημον
3001 5060 3199 5114 Matina
3231 5061 3340 5114 Kal
3369 5063 3650 5128 πορεύονο

2076 5163 2168 5200 ται
2193 5146 2392 5200 Σαοὺλ
2439 5149 2536 5201 καὶ
2567 5151 2623 5202 οι
2657 5148 2871 5218 ἄνδρες
2917 5150 3102 5205 αὐτοῦ
3148 5152 3217 5206 ἐκ
3259 5151 3480 5220 μέρους
3537 5151 3648 5206 τοῦ

2074 5237 2251 5306 ὄρους
2297 5240 2510 5294 τούτου
2531 5258 2542 5269 ⁸
2592 5240 2687 5294 καὶ
2719 5241 2954 5311 ἐγένετο
2989 5242 3168 5296 Διῑυῒδ
3209 5241 3650 5310 συνταξάμενος

2075 5330 2429 5396 πορεύεσθαι
2457 5331 2575 5383 ἀπὸ
2601 5331 2921 5399 προσώπου
2945 5334 3143 5385 Σαούλ
3168 5345 3180 5358 °
3210 5331 3308 5384 καὶ
3330 5331 3527 5384 Σαοὺλ
3547 5331 3649 5384 καὶ

405 5438 615 5476 cursum
657 5424 1044 5496 allaphglorum
1082 5423 1149 5477 ³⁸.
1187 5421 1312 5477 Ηωο
1344 5429 1472 5477 sunt
1522 5438 1644 5494 qua:
1689 5425 1972 5478 historiam

2087 5422 2127 5472 at
2169 5419 2380 5489 ἄνδρες
2424 5420 2607 5476 αὑτοῦ
2661 5422 3112 5490 παρενέϐαλλον
3163 5423 3260 5476 ἐπὶ
3310 5419 3496 5476 Δαυῖδ
3543 5421 3643 5475 καὶ

480 5596 562 5650 Ι⁵⁷1
593 5597 727 5667 Reg.
755 5598 1021 5666 “111,14.
1092 5599 1136 5632 ⁸³
1177 5598 1309 5656 ibid.
1341 5596 1528 5654 {6-18.
1609 5598 1654 5631 "
1693 5596 1824 5654 ibid.
1860 5597 1946 5652 19.

2105 5596 2235 5654 ibid.
2266 5589 2456 5653 23-28.
