4024 6202
323 322 426 375 465

1452 321 1954 378 COMMENTARIA
1995 320 2060 375 IN
2101 320 2440 376 PSALMOS.

3457 321 3562 377 ιϐιὶ

322 447 462 511 τοὺς
485 445 708 514 ἄνδρας
739 444 948 506 αὑτοῦ,
971 442 1301 498 συλλαϐεῖν
1344 445 1584 509 αὐτούς.
1639 444 1751 497 Καὶ
1795 443 1885 512 ἆγε

1999 451 2262 512 spectant.
2296 441 2506 508 Quibus
2539 439 2607 496 de
2631 441 2811 497 causis
2841 449 3058 512 ereptus
3090 441 3254 497 David
3288 459 3352 499 ex
3396 455 3560 497 manu

321 539 497 605 τελος
514 531 663 605 ἦλθε
681 534 832 602 πρὸς
852 534 1048 588 Σαοὺλ
1065 532 1258 600 λέγων
1273 549 1286 564 ⁸
1318 532 1548 586 Σπεῦδε
1571 533 1666 585 καὶ
1696 531 1894 598 δεῦρο,

321 627 410 680 δτι
441 624 722 680 ἐπέθεντο
769 626 1105 692 ἀλλόφυλοι
1137 621 1233 675 ἐπὶ
1283 621 1398 688 τὴν
1441 619 1574 692 γῆν.
1645 620 1753 672 Καὶ
1789 621 1895 674 άν-

320 717 578 786 έστρεψε
607 717 803 772 Σαοὺλ
821 715 906 785 μὴ
936 713 1320 768 καταδιώκειν
1341 713 1532 766 ὀπίσω
1553 712 1729 766 Δαυῒδ
1751 717 1774 774 ,’
1795 713 1894 767 καὶ

318 808 609 875 ἐπορεύθη
632 811 716 874 εὶς
745 805 1126 873 συνάντησιν
1149 803 1280 872 τῶνξ
1300 804 1688 870 ἀλλοφύλων.
1708 803 1894 857 Ταῦτα

323 898 421 968 μὲν
445 897 514 951 τὰ
548 898 653 951 ἀπὸ
687 898 786 966 τῆς
823 897 1083 968 ἱστορίας.
1133 895 1245 964 Ἐφ’
1282 891 1364 957 οἷς
1409 895 1500 946 τὸν
1530 893 1891 964 προκείμενον

321 989 488 1060 ὕμνον
518 988 800 1052 διασωθεὶς
827 990 890 1041 ἐκ
916 988 1100 1059 χειρὸς
1125 986 1296 1040 Σαοὺλ
1321 987 1350 1038 ὁ
1385 984 1546 1039 Δαυῒδ
1577 987 1760 1055 γραφῇ
1791 1001 1892 1037 πα-

324 1079 625 1151 ραδίδωσιν,
645 1068 1124 1150 ἐπισημηνάμενος
1145 1077 1234 1130 τὸν
1255 1075 1445 1147 καιρὸν
1472 1075 1566 1128 καὶ
1588 1075 1647 1127 τὸ
1664 1077 1892 1145 πρᾶγμα

319 1170 563 1240 δηλώσας
613 1169 698 1222 διὰ
729 1169 828 1239 τῆς
864 1167 1212 1240 προγραφῆς.
1274 1167 1363 1218 Διὸ
1395 1166 1487 1218 καὶ
1540 1165 1631 1217 ἐπὶ
1679 1165 1892 1218 σύνεσιν

322 1258 348 1322 ἢ
356 1259 463 1327 μᾶς
488 1258 745 1328 παρορμᾷ
766 1256 873 1309 τῶν
890 1255 1302 1326 ἐμφερομένων,
1328 1253 1500 1321 λέγων
1525 1271 1537 1282 ⁸
1572 1255 1673 1319 Εὶς
1691 1253 1756 1306 τὸ
1794 1253 1890 1306 τέ-

315 1351 420 1412 λυς
445 1347 513 1400 ἐν
559 1349 770 1416 ὕμνοις
797 1347 1106 1412 συνέσεως
1138 1344 1217 1410 τῷ
1243 1345 1442 1400 Δαυΐδ.
1496 1345 1650 1398 Κατά
1692 1345 1748 1398 δὲ
1795 1345 1886 1398 τὸν

328 1439 586 1491 Ἀκύλαν·
624 1437 708 1504 Τῷ
743 1438 1027 1503 νικοποιῴ
1072 1437 1143 1490 ὲν
1180 1436 1442 1505 ψαλμοῖς
1487 1435 1888 1505 ἐπιστήμονος

315 1527 420 1581 τοῦ
447 1528 654 1582 Δαυΐδ·
683 1532 824 1581 κατὰ
849 1529 905 1581 δέ
932 1529 1025 1580 τὸν
1055 1528 1348 1598 Σύμμαχον
1367 1543 1380 1556 ⁸
1440 1528 1766 1580 Ἔπινίκιον
1793 1526 1889 1580 διὰ

315 1623 661 1691 ψαλτηρίων
688 1621 820 1689 περὶ
854 1619 1160 1685 συνέσεως
1187 1619 1294 1673 τοῦ
1309 1619 1508 1673 Δαυΐδ.
1553 1619 1766 1690 Ἐπειδὴ
1795 1619 1890 1671 καὶ

1999 530 2180 587 Saulis
2227 533 2371 586 hunc
2414 531 2672 602 hymnum
2719 532 2920 600 scripto
2962 531 3207 593 tradidit,
3244 539 3440 586 notans
3470 547 3565 601 per

1996 624 2408 694 inscriptionem
2446 632 2662 694 tempus
2693 639 2756 677 ac
2793 637 2904 678 rem
2936 627 3129 693 ipsam.
3167 621 3345 688 Quare
3373 623 3440 676 ad
3479 622 3563 676 in-

1992 713 2263 767 tellectum
2297 713 2373 766 rei
2411 727 2532 782 qua:
2561 719 2814 766 narratur
2845 726 2946 767 nos
2999 717 3278 780 provocat,
3313 709 3502 766 dicens
3541 729 3553 764 :

1993 803 2058 858 In
2086 805 2262 873 ﬁnem,
2294 805 2348 858 in
2393 804 2622 874 hymnis,
2659 804 2953 858 intellectus
2989 802 3199 859 Davidi;
3253 801 3560 856 Secundum

1988 896 2236 966 Aquilam
2266 909 2417 958 vero,
2466 894 2706 948 Victorii:
2736 895 2962 957 auctori,
3000 895 3054 947 in
3082 895 3320 963 psalmis,
3349 891 3560 947 scientis

1988 983 2242 1047 Davidis;
2300 983 2599 1038 secundum
2650 983 3034 1053 Symmachum
3083 991 3285 1047 autem,
3351 981 3563 1035 Trium-

1986 1073 2160 1142 phale,
2198 1087 2290 1141 per
2318 1072 2591 1141 psalteria,
2642 1071 2706 1126 de
2755 1072 3102 1142 intelligentia
3139 1071 3379 1127 Davidis.
3424 1070 3563 1138 Quia

1988 1165 2227 1236 fugiens,
2276 1172 2334 1219 et
2382 1162 2656 1218 desertum
2718 1170 3126 1228 transcurrens,
3175 1178 3274 1234 pro
3307 1161 3562 1232 praesidio

1990 1255 2230 1327 psalterii
2292 1255 2716 1310 instrumentum
2755 1269 2941 1308 secum
2993 1253 3204 1322 agebat,
3258 1253 3376 1321 ipso
3402 1268 3557 1318 usus.

1989 1355 2153 1416 atque
2187 1346 2417 1416 hymnos
2449 1361 2544 1414 per
2591 1344 2723 1398 illud
2771 1343 2882 1397 Deo
2913 1344 3168 1397 emittens
3199 1361 3212 1395 :
3246 1343 3459 1397 cantica
3506 1351 3562 1399 et

1990 1437 2233 1507 psalmos
2266 1436 2580 1506 spirituales
2615 1448 2714 1504 pro
2758 1433 3028 1487 sacriﬁcio
3070 1433 3418 1502 persolvens;
3461 1447 3561 1501 pro

1989 1527 2341 1598 thymiamate
2373 1533 2554 1580 autem
2589 1525 2715 1578 boni
2743 1523 2950 1589 odoris,
2976 1539 3072 1593 per
3093 1524 3368 1580 orationes
3399 1522 3560 1592 spiri-

1991 1617 2138 1672 tuale
2166 1615 2534 1671 ministerium
2566 1615 2778 1670 obiens.

315 1707 531 1779 φεύγων
559 1714 651 1767 καὶ
687 1713 785 1783 τὴν
814 1712 1016 1783 ἔρημον
1051 1711 1412 1782 μεταδιώκων,
1447 1713 1566 1764 ἀντὶ
1606 1711 1970 1781 φυλακτηρίου
1992 1697 2266 1780 ’ἐπήγετο
2325 1708 2387 1760 τὺ
2447 1707 2539 1760 τοῦ
2603 1697 2900 1776 ψαλτηρίου
2922 1706 3171 1777 ὄργανον,
3215 1706 3361 1777 αὐτῷ
3413 1703 3560 1778 χρώς-

316 1817 472 1870 μενος
529 1803 622 1854 καὶ
662 1805 772 1864 τοῖς
807 1801 874 1854 δι’
935 1800 1099 1854 αὑτοῦ
1145 1802 1226 1863 είς
1266 1800 1395 1853 Θεὸν
1463 1799 1939 1869 ἀναπεμπομένοις
1977 1797 2164 1868 ὕμνοις
2191 1813 2205 1826 ⁸
2260 1795 2355 1848 καὶ
2412 1794 2574 1864 ᾠδαῖς
2610 1794 2710 1864 μὲν
2763 1795 2858 1845 καὶ
2889 1793 3124 1863 ψαλμοῖς
3168 1796 3558 1864 πνευματικοῖς

312 1895 437 1948 ἀντὶ
469 1894 658 1957 θυσίας
684 1893 978 1966 χρώμενος,
1012 1893 1130 1947 ἀντὶ
1166 1893 1222 1946 δέ
1269 1892 1497 1956 εὐώδους
1539 1892 1882 1963 Θυμιάματος
1919 1891 1985 1945 δι’
2025 1889 2198 1960 εὐχῶν
2237 1889 2334 1960 τὴν
2365 1887 2739 1959 πνευματικὴν
2788 1887 3062 1941 ἀποτελῶν
3092 1888 3448 1960 λειτουργίαν.

401 1987 497 2037 Ἐν
526 1984 606 2054 τῷ
624 1984 823 2038 ἐλθεῖν
849 1984 1054 2038 τοίνυν
1071 1983 1213 2048 τοὺς
1240 1983 1522 2052 Ζιφαίους
1564 1983 1659 2036 καὶ
1698 1979 1885 2035 εἰπεῖν

2063 1979 2194 2033 Cum
2220 1980 2473 2033 venissent
2503 1994 2626 2047 ergo
2657 1976 2876 2047 Zipha-i,
2913 1995 2974 2030 ac
3001 1979 3255 2032 dixissent
3281 1977 3349 2030 ad
3377 1977 3510 2033 Saul
3537 1992 3559 2031 :

310 2076 396 2142 τῷ
433 2079 633 2131 Σαούλ
653 2091 670 2108 ⁸
695 2080 815 2130 Οὐκ
847 2076 972 2129 ἰδοὺ
994 2075 1174 2130 Δαυῒδ
1208 2078 1530 2143 κέκρυπται
1558 2077 1694 2143 παρ’
1717 2073 1884 2142 ήμῖν;

307 2167 485 2221 Τοῦτο
510 2167 695 2238 μαθὼν
717 2171 745 2222 ό
775 2168 937 2221 Δαυῒδ
967 2169 1083 2239 ἦτοι
1106 2167 1164 2232 ἐξ
1184 2167 1576 2235 ἀποκαλύψεως
1604 2166 1697 2219 τοῦ
1732 2165 1888 2220 πνεύο

310 2275 480 2329 ματος
511 2258 603 2311 τοῦ
636 2257 972 2330 προφητικώ
1007 2257 1038 2326 ἢ
1072 2256 1136 2310 ἐκ
1167 2274 1309 2320 τινος
1340 2256 1447 2311 τῶν
1491 2257 1591 2319 τὰς
1633 2257 1886 2320 τοιαύτας

308 2347 651 2416 ἀπαγγελίας
673 2348 942 2402 διακονεῖν
969 2348 1238 2402 εἰωθότων
1256 2387 1271 2412 ,
1317 2348 1377 2400 τὸ
1422 2348 1719 2420 ψαλτήριον
1747 2347 1886 2418 μετά

307 2441 389 2509 χεῖ
397 2456 498 2510 ρας
521 2439 860 2510 παραχρῆμα
885 2432 1084 2502 λαϐὼν,
1117 2440 1183 2493 δι’
1209 2437 1372 2492 αὐτοῦ
1387 2439 1464 2510 τῷ
1480 2438 1598 2508 Θεῷ
1618 2438 1714 2509 τὴν
1738 2438 1885 2506 λογι-

307 2531 411 2601 κὴν
434 2531 692 2602 ἀναφέρει
720 2531 907 2584 Θυσίαν
922 2531 1094 2600 λέγων
1110 2531 1177 2584 τὰ
1195 2532 1549 2601 προκείμενα,
1567 2530 1632 2582 δι’
1652 2523 1726 2584 ὧν
1749 2529 1889 2594 ἀξιοῖ

309 2621 552 2691 σωθῆναι
579 2621 681 2674 ὑπὸ
705 2621 798 2674 τοῦ
830 2620 986 2686 Θεοῦ,
1009 2621 1109 2674 ούκ
1137 2621 1309 2684 ἄλλως
1343 2621 1374 2691 ἢ
1404 2621 1491 2675 διὰ
1516 2620 1608 2673 τοῦ
1625 2621 1885 2690 ὀνόματος

303 2713 472 2769 αὐτοῦ
488 2729 501 2742 ⁸
525 2711 604 2764 διό
625 2727 698 2781 φη
708 2705 806 2764 τιν’
843 2711 904 2763 '0
935 2711 1176 2776 Θεὸς,ὲν
1195 2709 1274 2776 τῷ
1287 2711 1528 2779 ὀνόματί
1548 2727 1663 2764 σου
1681 2709 1887 2763 σῶσόν

300 2817 378 2870 με
397 2819 410 2831 ⁸
442 2801 557 2872 ᾔδει
576 2799 684 2870 γὰρ
700 2795 835 2853 εἷναί
853 2817 905 2853 τι
925 2800 1092 2870 ὄνομα
1110 2800 1168 2852 τὸ
1189 2800 1326 2871 ὑπὲρ
1343 2802 1449 2853 πᾶν
1464 2800 1650 2870 ὄνομα.
1679 2800 1884 2871 Ὥσπερ

301 2893 416 2962 γάρ
437 2891 554 2945 ἐστί
577 2908 695 2943 τινα
714 2894 770 2944 ἐν
797 2893 918 2954 ταῖς
943 2892 1176 2960 ἐπῳδαῖς
1194 2892 1332 2945 κατὰ
1350 2892 1455 2944 τῶν
1487 2891 1704 2944 ἰοϐόλων
1733 2893 1888 2962 ἑρπε-

300 2981 418 3034 τῶν
446 2982 512 3050 ρή
523 2995 662 3050 ματα
683 2981 776 3032 καὶ
803 2980 1061 3048 ὀνόματα,
1085 2980 1349 3052 τοσαύτην
1377 2982 1703 3051 ἐμφαίνοντα
1732 2981 1885 3034 awa-

302 3085 462 3139 μεως
488 3068 661 3136 ἰσχὺν,
696 3067 770 3129 ὡς
792 3069 1196 3138 κατακοιμίζειν
1229 3069 1373 3139 ﬁnal.
1397 3070 1621 3141 νεκροῦν
1645 3071 1712 3123 τὰ
1730 3070 1886 3138 φοϐε-

301 3156 532 3229 ρώτατα
554 3155 661 3208 τῶν
687 3156 928 3227 ἑρπετῶν
946 3173 959 3186 ⁸
994 3156 1084 3212 τὸν
1113 3158 1274 3210 αὑτὸν
1294 3158 1493 3228 τρόπον
1531 3160 1622 3212 καὶ
1642 3159 1702 3211 τὸ
1719 3159 1885 3228 ὄνομα

298 3248 363 3300 τὸ
400 3248 545 3318 ὑπὲρ
578 3249 686 3299 πᾶν
721 3247 889 3318 ὄνομα
921 3247 1186 3317 ἠπίστατο
1221 3250 1486 3319 σωτήριον
1532 3251 1630 3320 μὲν
1679 3249 1884 3319 τυγχά-

299 3358 416 3394 νειν
462 3339 573 3392 τῶν
619 3340 890 3410 σωτηρίας
919 3339 1101 3404 ἀξίων,
1127 3340 1233 3393 τῶν
1264 3341 1321 3393 δὲ
1351 3342 1562 3412 ἐχθρῶν
1591 3343 1686 3396 καὶ
1732 3345 1884 3396 ἐναν-
1910 3331 1950 3386 C

300 3432 436 3485 τίων
463 3430 746 3502 δυνάμεων
770 3429 1116 3485 ἀπελατικόν.
1157 3429 1439 3483 Ἐϐούλετο
1486 3432 1662 3484 τοίνυν
1708 3431 1883 3502 σωθῆ-

301 3539 390 3574 ναι
421 3524 480 3574 ἐν
515 3520 591 3590 τῷ
616 3521 837 3590 ὀνόματι
860 3519 954 3571 τοῦ
975 3516 1131 3582 Θεοῦ,
1159 3519 1251 3571 καὶ
1271 3519 1371 3572 οὐκ
1397 3519 1634 3590 ἀκρίτως
1655 3535 1712 3571 τε
1735 3518 1883 3571 ἐϐού-

301 3612 428 3665 λετο
446 3631 460 3643 ⁸
491 3611 605 3666 ἀλλ’
630 3613 678 3663 εί
700 3612 847 3678 ἄξιος
873 3611 1179 3682 εὑρίσκοιτο
1202 3611 1302 3681 τῆς
1325 3613 1614 3682 σωτηρίας.
1643 3612 1733 3664 Διὸ
1761 3613 1880 3666 ἐπι-

301 3703 482 3773 λέγει⁸
518 3703 627 3757 Καὶ
676 3703 744 3756 ἐν
792 3702 867 3770 τῇ
898 3703 1224 3769 δυναστείᾳ
1261 3719 1376 3756 σου
1432 3704 1650 3770 κρινεῖς
1689 3705 1877 3774 μοιοῆ

219 3800 224 3804 “
302 3793 448 3846 κατὰ
473 3795 601 3855 τοὺς
632 3792 850 3856 λοιποὺς
876 3793 1233 3863 ἐρμηνευτὰς,
1280 3792 1546 3859 δικάσεις
1578 3811 1699 3863 μοι.
1743 3795 1881 3863 Πρό-

298 3900 462 3956 τερον
493 3883 604 3954 γάρ
641 3881 780 3948 ἀξιοῖ
808 3881 1082 3954 κρίνεσθαι
1113 3884 1205 3934 καὶ
1229 3883 1542 3946 δικάζεσθαι
1590 3883 1724 3953 πρὸς
1755 3884 1881 3945 τοὺς

300 3973 633 4036 ἐλαύνοντας
666 3973 698 4042 ἢ
724 3973 816 4025 καὶ
843 3972 1267 4042 διαϐεϐληκότας
1289 3974 1450 4027 αὐτόν
1467 3990 1480 4003 ⁸
1512 3971 1609 4026 εἷθ’
1633 3973 1802 4037 οὕτως
1831 3975 1879 4026 εί

299 4064 495 4133 φάνειε
524 4064 873 4135 ἀδικούμενος
901 4063 1232 4133 ἐκδικήσεως
1256 4067 1436 4134 τυχεῖν
1459 4065 1557 4135 τῆς
1601 4063 1751 4135 παρὰ
1784 4063 1878 4116 τοῦ

299 4153 522 4226 κριτοῦ,
556 4156 949 4226 μετερχομένων
978 4159 1102 4219 τοὺς
1121 4155 1457 4217 ἀδικοῦντας.
1490 4154 1654 4209 Ταῦτ’
1685 4153 1876 4220 εἰπὼν,

299 4243 632 4314 προστίθησι
666 4243 837 4312 λέγων
861 4262 873 4274 ⁸
912 4246 964 4298 Ὁ
997 4245 1158 4307 Θεὸς,
1177 4245 1543 4298 εἰσάκουσον
1565 4243 1674 4312 τῆς
1695 4259 1880 4310 προσ-

297 4337 496 4405 ευχῆς
539 4354 678 4404 μου,
725 4334 1000 4390 ἐνώτισαι
1048 4337 1118 4390 τὰ
1155 4337 1394 4405 ῥήματα
1437 4335 1542 4390 τοῦ
1585 4337 1880 4404 στόματός

292 4444 451 4496 μου·
515 4427 701 4497 ῶσπερ
735 4426 1095 4495 δικαιολογίαν
1142 4425 1457 4496 ποιούμενος
1514 4425 1743 4478 ἐνώπιον
1785 4425 1879 4478 τοῦ

303 4520 590 4589 κρίνοντος
623 4518 771 4588 αύτῷ
799 4535 859 4570 τε
893 4519 984 4572 καὶ
1015 4521 1126 4582 τοῖς
1154 4517 1426 4571 ἀδικοῦσιν
1454 4518 1636 4571 αὐτόν.
1658 4516 1769 4570 Καὶ
1795 4517 1880 4570 ἵνα

299 4628 365 4679 γε
403 4611 479 4664 τὰ
506 4611 605 4680 τῆς
629 4610 989 4678 δικαιολογίας
1015 4610 1349 4682 παραδεχθῇ,
1397 4608 1491 4680 τὴν
1533 4609 1698 4680 εὐχὴν
1747 4610 1881 4662 ἀνα-

1988 2070 2177 2126 Nonne
2217 2087 2331 2125 ecce
2365 2069 2534 2124 David
2571 2068 2908 2124 absconditus
2948 2079 3026 2123 est
3077 2069 3215 2137 apud
3251 2071 3390 2124 nos?
3431 2068 3558 2126 Haec

1985 2177 2108 2216 cum
2143 2161 2332 2226 David,
2359 2160 2474 2217 sive
2498 2169 2574 2216 er
2607 2161 2938 2216 revelatione
2971 2153 3198 2232 spiritus
3226 2160 3555 2230 prephetici,

1986 2255 2100 2308 sive
2142 2269 2206 2307 ex
2255 2254 2511 2323 qquiam
2552 2254 2679 2307 talia
2727 2253 2980 2308 nuntiare
3028 2253 3192 2308 solito
3218 2251 3554 2327 edidicisset.

1987 2355 2213 2416 accepto
2245 2346 2428 2400 statim
2470 2360 2580 2414 prae
2631 2345 2883 2400 manibus
2935 2345 3213 2414 psalterio,
3273 2359 3366 2413 per
3420 2343 3556 2399 illud

1986 2436 2098 2490 Deo
2134 2436 2456 2513 rationabile
2512 2435 2840 2490 sacriﬁcium
2902 2434 3080 2498 oll‘ert,
3133 2435 3246 2489 huic
3303 2436 3554 2505 loquens,

1987 2527 2184 2596 quibus
2207 2541 2237 2579 a
2267 2525 2376 2580 Dco
2404 2526 2632 2580 salutem
2657 2525 2920 2589 obtinere,
2954 2539 3062 2578 non
3095 2542 3188 2595 per
3208 2526 3351 2579 aliud
3381 2524 3556 2595 quod-

1985 2619 2152 2687 piam,
2189 2630 2353 2688 quam
2397 2631 2492 2686 per
2543 2630 2740 2670 nomen
2783 2615 2900 2684 ejus
2949 2617 3204 2684 postulat,
3236 2631 3415 2691 (ιιιιιτο⁴
3431 2599 3553 2671 ait:

1986 2707 2147 2770 Deus,
2180 2709 2232 2761 in
2262 2707 2468 2761 nomine
2501 2715 2590 2760 tuo
2620 2704 2823 2758 salvum
2846 2721 2925 2759 me
2954 2704 3076 2773 fac;
3109 2719 3312 2778 gnarus
3345 2706 3557 2762 scilicet

1984 2813 2106 2853 esse
2137 2797 2411 2867 quoddam
2455 2810 2691 2859 nomen,
2734 2796 2878 2865 quod
2915 2803 3000 2850 est
3047 2810 3212 2865 super
3245 2810 3406 2850 omne
3460 2811 3560 2852 no-

1986 2903 2130 2943 men.
2170 2887 2642 2954 Quemadmodum
2671 2885 2817 2940 enim
2845 2886 2899 2940 in
2930 2884 3394 2940 incantationibus
3422 2901 3556 2940 con-

1984 2987 2067 3033 tra
2102 2979 2315 3048 reptilia
2351 2992 2645 3043 venenosa,
2679 2977 2923 3047 quredam
2973 2976 3248 3044 assignata
3292 2974 3557 3040 vocabula

1984 3079 2039 3125 et
2089 3071 2309 3124 nomina
2369 3079 2516 3132 sunt,
2571 3075 2720 3122 tanta
2754 3067 2802 3120 vi
2838 3066 3122 3136 potestatis
3172 3064 3458 3126 instructa,
3499 3069 3557 3116 ut

1989 3161 2260 3230 rcptilium
2287 3158 2687 3214 terribilissima
2710 3157 2794 3212 vel
2821 3156 3038 3227 sopiant
3063 3156 3145 3211 vel
3172 3156 3553 3225 exstinguant;

1988 3252 2067 3306 sic
2095 3258 2149 3305 et
2191 3250 2280 3304 ille
2321 3250 2488 3319 probe
2533 3249 2740 3302 sciebat
2781 3263 2976 3302 nomen
3014 3246 3145 3300 illud
3194 3261 3358 3314 super
3394 3259 3556 3299 omne

1986 3357 2206 3406 nomen,
2243 3339 2730 3410 salutare'quidem
2780 3339 2846 3394 iis
2878 3352 3000 3392 esse
3041 3336 3134 3405 qui
3183 3336 3357 3391 salute
3404 3332 3554 3403 digni

1988 3442 2153 3499 sunt,
2189 3433 2437 3486 inimicos
2479 3445 2608 3486 vero
2649 3439 2700 3484 et
2747 3427 3089 3482 adversarius
3130 3432 3425 3495 potestates
3468 3422 3558 3477 fu-

1985 3539 2132 3594 gare.
2163 3521 2391 3576 Volebat
2428 3522 2614 3590 itaque
2642 3519 2871 3574 salutem
2900 3518 2957 3571 in
2986 3516 3205 3570 nomine
3239 3513 3331 3568 Dei
3360 3527 3557 3569 conse-

1986 3613 2102 3682 qui,
2149 3613 2310 3684 idque
2337 3628 2447 3667 non
2479 3613 2598 3668 sine
2629 3610 2880 3666 examine
2906 3626 2920 3676 ;
2955 3609 3046 3665 sed
3083 3608 3129 3663 si
3155 3607 3353 3676 dignus
3381 3604 3556 3660 salute

1986 3703 2496 3772 deprehenderetur.
2538 3699 2902 3766 Quamobrem
2946 3695 3115 3763 addit,
3154 3694 3221 3749 Et
3267 3696 3321 3748 in
3366 3695 3556 3748 virtute

1987 3803 2078 3846 tua
2109 3792 2366 3856 iudicabis
2399 3791 2564 3854 mihi;
2601 3790 2716 3846 sive
2752 3789 3052 3844 secundum
3099 3787 3340 3856 reliquos
3380 3786 3540 3839 inter-

1986 3889 2166 3952 pretes
2201 3900 2215 3936 :
2233 3884 2326 3948 jus
2368 3879 2509 3934 dices
2551 3879 2698 3932 milii.
2735 3877 2870 3931 Nam
2924 3876 3076 3944 prius
3118 3872 3274 3943 rogat
3320 3869 3551 3941 judicari

1985 3989 2045 4030 se
2081 3981 2135 4027 ct
2159 3973 2250 4041 jus
2290 3971 2398 4026 dici
2444 3970 2547 4026 sibi
2608 3969 2871 4023 adversus
2899 3964 3223 4034 impulsores
3249 3968 3304 4017 et
3345 3960 3554 4016 calum-

1985 4042 2226 4116 niatores
2291 4079 2304 4115 :
2358 4075 2423 4113 ac
2452 4058 2648 4113 deinde
2692 4057 2739 4112 si
2777 4055 2975 4125 injuria
3007 4052 3231 4107 aIIectus
3255 4049 3551 4112 videretur,

1984 4165 2016 4205 a
2054 4151 2236 4221 judice
2274 4149 2562 4211 vindicari,
2597 4149 2691 4217 qui
2722 4145 2923 4216 injuria
2955 4159 3014 4200 se
3043 4143 3341 4198 allicientes
3367 4140 3552 4194 adori-

1984 4249 2155 4296 retur.
2202 4239 2298 4316 ilis
2330 4241 2493 4294 dictis
2541 4238 2778 4308 adjicit:
2813 4236 2976 4299 Deus,
3022 4233 3216 4290 exaudi
3261 4231 3553 4284 orationem

1984 4345 2175 4393 meam,
2207 4330 2427 4383 auribus
2456 4331 2663 4398 percipe
2698 4326 2853 4382 verba
2876 4327 2983 4379 oris
3014 4325 3155 4386 mei;
3189 4319 3351 4390 quasi
3377 4319 3558 4372 disce-

1984 4432 2146 4493 ptans
2171 4437 2270 4491 pro
2300 4435 2467 4475 causa
2495 4435 2592 4474 sua
2643 4419 2697 4471 in
2747 4422 3045 4483 conspectu
3084 4413 3170 4466 sui
3211 4418 3266 4464 et
3302 4405 3556 4461 inimico-

1985 4528 2107 4567 rum
2140 4526 2363 4565 suorum
2388 4509 2612 4578 judicis.
2648 4507 2718 4561 Ut
2746 4513 2926 4559 autem
2953 4501 3198 4558 defensio
3223 4513 3321 4554 sua
3356 4495 3556 4550 admit-

1988 4610 2154 4664 tatur,
2190 4601 2520 4666 orationem,
2561 4612 2726 4667 quam
2753 4593 3002 4651 exaudiri
3036 4598 3216 4662 rogat,
3245 4587 3445 4644 emittit
3467 4586 3555 4642 di-

297 4673 621 4772 πὲμπει,ἧν
653 4703 746 4754 καὶ
766 4673 1182 4771 εἰσακουσθῆναι
1214 4673 1356 4764 ἀξιοῖ
1373 4673 1545 4768 λέγων
1567 4717 1580 4730 ⁸
1712 4699 1875 4765 Θεὸς,

1986 4707 2116 4747 cens
2159 4710 2172 4745 :
2218 4689 2384 4753 Deus,
2436 4687 2653 4751 exaudi,
2698 4693 2807 4741 etc.
2863 4684 3002 4751 Quid
3030 4697 3192 4754 porro
3240 4680 3344 4736 sibi
3397 4679 3556 4734 vellet

283 4789 692 4852 εἰσάκουσον,
723 4789 816 4842 καὶ
846 4789 913 4842 τὰ
944 4789 1092 4859 ἑξῆς.
1124 4790 1188 4842 Τί
1209 4790 1251 4842 δ’
1276 4788 1341 4843 ἂν
1371 4787 1620 4841 ἐϐούλετο
1648 4791 1680 4858 ἡ
1708 4805 1876 4859 προσ-

1984 4783 2183 4846 oratio,
2213 4789 2267 4837 et
2294 4796 2458 4852 quam
2505 4779 2883 4835 defensionem
2925 4776 3258 4839 institueret,
3299 4771 3400 4827 sub
3439 4770 3555 4825 hanc

295 4877 457 4948 ευχὴ,
506 4878 599 4929 καὶ
632 4877 790 4930 ποίαν
831 4875 1191 4944 δικαιολογίαν
1221 4874 1368 4947 εἶχε,
1407 4875 1533 4946 ἑξῆς
1582 4874 1875 4946 παρίστησι

1986 4874 2215 4944 explicat
2248 4873 2334 4930 bis
2361 4871 2543 4928 verbis
2570 4890 2582 4926 :

294 4967 479 5036 λέγων
495 4985 510 4998 ⁸

355 5061 496 5112 Ὅτι
525 5059 824 5128 ἀλλότριοι
858 5059 1284 5127 ἐπανέστησαν
1320 5059 1410 5112 ἐπ’
1442 5058 1568 5127 ἐμὲ,
1605 5057 1701 5110 καὶ
1733 5072 1876 5124 κρα-

288 5151 449 5206 tam!
513 5148 813 5219 ἐζήτησαν
882 5152 996 5220 τὴν
1053 5136 1266 5219 ψυχήν
1307 5166 1448 5217 μου,
1483 5149 1580 5213 καὶ
1627 5149 1698 5202 οὺ
1733 5163 1877 5215 προ-

288 5243 509 5298 έθεντο
530 5241 638 5296 τὸν
671 5241 816 5296 Θεὸν
836 5240 1092 5295 ἐνώπιον
1122 5238 1338 5293 αὐτῶν.
1368 5236 1530 5291 Ταῦτ’
1559 5234 1627 5309 ἦν
1655 5237 1722 5292 τὰ
1780 5238 1878 5308 τῆς

286 5335 690 5404 δικαιολογίας.
725 5337 835 5390 Καὶ
859 5336 961 5406 ὅρα
996 5332 1114 5396 πῶς
1141 5333 1203 5384 οὺ
1255 5330 1344 5384 διὰ
1383 5330 1605 5402 μακρῶν
1648 5331 1878 5384 ἐκτείνει

289 5430 424 5492 τοὺς
441 5425 661 5495 λόγους,
687 5426 802 5481 ἀλλ’
832 5425 929 5480 ἀτε
966 5422 1083 5494 Θεῷ
1115 5421 1194 5493 τῷ
1223 5419 1400 5474 πάντα
1436 5419 1596 5471 εἰδότι
1631 5419 1875 5488 διαλεγό-

295 5536 493 5588 μενος,
529 5516 676 5587 αὐτῷ
708 5517 866 5586 μόνον
895 5515 1199 5586 ὑπόμνησιν
1228 5513 1476 5573 ποιεῖται,
1523 5510 1615 5581 τὴν
1662 5509 1876 5581 μακρὰν

292 5608 407 5661 τῶν
443 5609 787 5678 πραγμάτων
821 5604 1150 5660 ἀποσιωπῶν
1170 5601 1534 5657 διδατκαλίαν.
1560 5601 1783 5670 Μήποτε
1815 5599 1874 5652 δὲ

299 5700 430 5756 τοὺς
463 5696 560 5750 μὲν
577 5695 890 5756 ἀλλοτοίους
906 5695 1154 5755 ἠνίσσετο
1173 5693 1296 5756 τοὺς
1320 5691 1573 5755 Ζιφαίους
1592 5691 1716 5754 τοὺς
1743 5689 1874 5754 ποὺς

2050 5049 2216 5107 Vens.
2253 5050 2389 5106 5-7.
2429 5050 2693 5117 Quoniam
2738 5046 2898 5100 alieni
2929 5046 3334 5099 insurrexerunt
3367 5038 3554 5094 adver-

1982 5159 2100 5198 sum
2133 5159 2234 5207 me,
2267 5151 2316 5196 et
2347 5141 2509 5211 fortes
2529 5139 2848 5210 quwsierunt
2876 5135 3109 5189 animam
3145 5149 3337 5198 meam,
3371 5140 3421 5186 et
3451 5146 3552 5186 non

1983 5240 2359 5304 proposuerunt
2412 5229 2580 5284 Deum
2631 5238 2752 5283 ante
2805 5235 3137 5295 conspectum
3195 5238 3362 5279 suum.
3430 5219 3552 5273 Haec

1984 5333 2102 5382 erat
2135 5312 2480 5394 disCeptatio.
2519 5322 2596 5376 Ac
2634 5321 2756 5377 vide
2785 5320 2917 5375 mihi
2950 5335 3058 5389 quo
3086 5325 3247 5390 pacto
3291 5326 3399 5368 non
3431 5310 3552 5362 lon-

1989 5431 2116 5488 gum
2149 5415 2390 5486 proferat
2427 5429 2770 5480 sermonem;
2809 5413 2906 5469 sed
2947 5419 3134 5482 utpote
3162 5409 3330 5461 Deum
3374 5397 3550 5453 omni-

1987 5506 2161 5562 scium
2215 5503 2519 5574 alloquens,
2579 5519 2692 5558 rem
2756 5503 2861 5573 ipsi
2905 5501 3082 5556 solum
3136 5499 3546 5554 commemorat,

1986 5597 2314 5666 longamdue
2364 5595 2568 5666 negotii
2611 5593 3024 5664 explicationem
3072 5581 3288 5641 silentio
3327 5578 3545 5647 premit.

1983 5686 2119 5742 Num
2171 5701 2296 5743 vero
2355 5701 2452 5756 per
2509 5685 2716 5740 alienos
2775 5679 3084 5758 subindicat
3134 5669 3405 5742 Ziphzcos,
3449 5667 3544 5738 qui
