3988 6202
409 339 515 398 407

1106 340 1371 398 EUSEBII
1407 333 1882 394 CESARIENSIS
1919 331 2068 388 ουρ.
2110 329 2288 387 PARS
2326 328 2408 385 Ill.
2439 359 2510 371 -—
2549 325 2954 380 EXEGETEA.

3553 319 3666 375 468

409 460 590 529 ipsum
615 458 756 528 apud
795 459 1012 514 Saulem
1045 458 1474 513 incusaverant?
1501 456 1577 509 Ac
1602 470 1695 524 per
1723 460 1889 508 rortes
1911 454 1975 504 li-

2084 451 2166 504 τὸν
2201 450 2370 502 Σαοὺλ
2413 445 2851 505 ἐνδιαὸἀλλοντας
2879 440 3077 504 uti-:01;
3111 440 3231 502 τοὺς
3260 438 3316 490 δέ
3367 439 3665 506 κραταιοῦς

410 542 494 604 los
526 550 762 603 animam
807 550 981 619 ipsius
1031 557 1362 619 quaerentes,
1401 547 1616 601 Saulem
1657 553 1710 599 et
1754 543 1981 598 comites

409 641 549 708 ejus,
585 640 678 709 qui
713 639 881 709 Deum
909 656 1017 695 non
1058 649 1421 711 proponentes
1457 646 1582 692 ante
1627 643 1980 706 conspectum

407 745 593 793 suum,
645 731 1074 801 insequebantur
1112 748 1233 788 eum
1288 733 1380 800 qui
1434 731 1567 784 nihil
1623 728 1725 783 sibi
1771 725 1983 794 injuriae

405 821 714 888 intulisset;
749 837 813 877 ac
861 839 926 878 eo
960 838 1082 879 sese
1136 822 1415 884 fallebant,
1447 819 1592 889 quod
1632 827 1885 888 putarent
1923 831 1982 870 se

407 928 570 984 posse
605 922 800 983 prarter
830 914 922 970 Dei
968 915 1298 970 voluntatem
1335 910 1542 982 aliquid
1577 911 1655 964 illi
1687 909 1811 963 mali
1841 907 1982 962 inﬂi-

406 1004 576 1073 gere?
607 1003 659 1058 ld
692 1020 824 1058 sane
858 1016 975 1058 erat
1008 1005 1288 1058 hominum
1317 1005 1410 1072 qui
1451 1016 1560 1056 non
1585 1007 1982 1072 proposuerant

407 1092 578 1148 Deum
615 1102 741 1149 ante
773 1104 1128 1164 conspectum
1160 1108 1342 1150 suum.

479 1185 610 1240 Haec
647 1202 804 1253 porro
837 1189 1034 1253 scripta
1056 1195 1200 1251 sunt,
1233 1185 1406 1254 inquit
1440 1182 1751 1252 Apostolus,
1792 1181 1845 1232 in
1882 1180 1979 1232 ad-

407 1277 747 1330 monitionem
801 1286 1035 1331 nostram
1084 1278 1151 1335 ει,
1208 1283 1264 1327 ut
1320 1274 1620 1327 imitatores
1669 1277 1980 1324 sanctorum

405 1367 724 1432 eﬂiciamur,
758 1370 803 1422 si
831 1367 1052 1436 quando
1083 1367 1136 1420 in
1189 1365 1391 1420 similia
1441 1363 1814 1418 inciderimus.
1863 1358 1980 1412 Non

405 1467 490 1520 est
529 1473 661 1513 sane
710 1466 948 1528 tempus,
981 1473 1090 1527 quo
1139 1457 1233 1528 qui
1279 1456 1469 1509 volunt
1520 1453 1606 1524 pie
1643 1453 1825 1506 vivere
1871 1464 1981 1503 non

407 1549 850 1618 persecutionem
882 1550 1180 1619 patiantur,
1217 1556 1272 1602 et
1314 1562 1422 1600 non
1453 1544 1580 1598 odio
1632 1543 1834 1611 injuste
1886 1540 1984 1593 ha-

405 1639 639 1694 beantur
663 1641 732 1694 ab
762 1641 851 1703 iis,
881 1641 975 1709 qui
1011 1639 1344 1695 contrariam
1378 1636 1500 1689 vitae
1528 1634 1794 1688 rationem
1827 1631 1984 1722 iusti.-

407 1738 648 1792 tuerunt.
675 1730 740 1784 Et
763 1746 892 1786 vero
916 1729 1224 1786 necessaria
1247 1729 1362 1782 haec
1385 1727 1542 1781 nobis
1565 1733 1692 1781 sunt
1719 1724 1785 1777 ad
1816 1721 1982 1777 disci-

408 1822 634 1891 plinam,
668 1830 728 1876 ut
759 1823 966 1877 scilicet
992 1837 1094 1875 nos
1120 1834 1337 1890 quoque
1360 1819 1459 1872 hac
1488 1833 1588 1872 ceu
1618 1814 1982 1869 incantatione

409 1926 663 1976 utamur;
705 1912 1021 1983 hujusmodi
1061 1926 1225 1966 voces
1268 1911 1375 1966 Deo
1405 1910 1736 1969 amittentes,
1767 1921 1890 1961 cum
1926 1905 1982 1960 in

406 2020 606 2061 manus
651 2005 1001 2086 inimicorum
1036 2003 1271 2072 delapsi,
1325 2016 1514 2057 eorum
1553 1999 1767 2054 insidiis
1807 2009 1858 2052 et
1889 2011 1981 2050 ca-

407 2098 628 2182 lumniis
681 2082 807 2177 cum
857 2096 1100 2165 periculo
1154 2095 1496 2164 impetimur;
1563 2090 1806 2162 persuasi
1871 2082 1997 2143 non"

406 2180 619 2240 inutilia
657 2185 770 2240 fore
797 2186 1062 2239 orationis
1097 2185 1281 2250 verba,
1317 2183 1412 2239 sed
1436 2181 1642 2237 auxilio
1668 2180 1825 2234 nobis
1859 2193 1980 2231 ma-

406 2292 515 2352 gno
547 2276 755 2345 futura,
792 2285 980 2347 utpote
1010 2276 1105 2347 qui
1153 2277 1311 2347 primi
1348 2274 1583 2330 orationi
1627 2288 1727 2326 nos
1765 2271 1980 2325 dederi-

409 2384 554 2424 mus.
588 2368 710 2424 llzec
747 2378 1000 2439 precatus
1053 2370 1234 2438 itaque
1268 2367 1460 2433 David,
1497 2365 1756 2421 continuo
1794 2362 1979 2433 prapi-

405 2459 543 2514 tium
573 2461 763 2515 habuit
791 2461 981 2523 Deum,
1015 2468 1069 2515 et
1095 2461 1215 2530 ejus
1251 2475 1354 2529 ope
1394 2459 1652 2529 dignatus
1697 2465 1799 2510 est.
1844 2454 1979 2507 Nam

405 2564 531 2604 cum
564 2552 869 2620 proximum
904 2559 1051 2606 esset
1089 2559 1148 2605 ut
1175 2557 1464 2620 caperetur
1501 2557 1556 2603 et
1594 2547 1776 2600 Saulis
1803 2547 1981 2600 mani-

405 2639 508 2696 bus
545 2641 873 2705 traderetur,
924 2641 1204 2710 insperato
1240 2648 1490 2696 servatur
1535 2654 1564 2692 a
1607 2638 1738 2701 Deo,
1788 2637 1982 2692 nuntio

406 2728 626 2786 Sautem
671 2733 737 2785 ad
771 2731 878 2784 alia
923 2731 1136 2801 negotia
1175 2731 1512 2797 abducente,
1562 2729 1860 2785 secundum
1897 2727 1978 2780 hi-

403 2823 632 2876 storiam
679 2822 791 2890 jam
844 2829 1175 2877 enarratam.
1220 2820 1584 2886 Quamobrem
1627 2821 1703 2872 ait
1747 2827 1977 2888 postea:

406 2911 541 2965 Ecce
565 2913 704 2965 enim
744 2911 887 2964 Deus
916 2911 1136 2978 adjuvat
1167 2927 1266 2971 me.
1301 2910 1562 2962 Dominus
1591 2918 1863 2977 susceptor
1905 2918 1981 2961 est

405 3003 597 3055 anima:
628 3017 774 3054 mete.
812 3000 1023 3053 Arertet
1052 3001 1196 3053 mala
1228 3000 1459 3052 inimicis
1491 3000 1642 3061 meis,
1681 3009 1729 3052 et
1759 3001 1812 3052 in
1849 3000 1981 3052 veri-

2083 542 2180 612 τὴν
2212 540 2387 610 ψυχὴν
2419 538 2582 592 αὑτοῦ
2611 537 2904 608 ζητοῦντας
2931 533 3090 585 αὑτὸν
3110 531 3199 583 τὸν
3225 530 3397 582 Σαοὺλ
3421 531 3517 582 καὶ
3538 531 3666 592 τοὺς

2086 632 2184 684 σὺν
2218 631 2366 700 αὑτῷ
2390 668 2403 690 .
2436 631 2484 682 οἶ
2507 671 2520 694 ,
2553 629 2626 699 μὴ
2661 626 2983 697 προθέμενοι
3011 623 3102 676 τὸν
3127 621 3276 673 ’Θεὸν
3303 619 3534 672 ἐνώπιον
3563 620 3664 672 αὒ-

2081 723 2218 786 τῶν,
2251 722 2478 792 ἡλαυνον
2505 721 2596 773 τὸν
2624 718 2788 789 μηδὲν
2831 717 3028 777 αὐτοὺς
3055 711 3352 783 ἠδικηκότα
3379 751 3394 773 ,
3435 710 3666 775 ἑαυτοὺς

2084 811 2401 874 ἀπατῶντες
2427 809 2503 879 τῷ
2527 807 2788 879 νομίζειν,
2817 807 2897 859 ὅτι
2929 806 3020 858 καλ⁵
3036 803 3186 874 παρὰ
3210 803 3270 855 τὸ
3296 801 3546 872 βούλημα
3575 800 3668 852 τοῦ

2085 896 2220 952 Θεοῦ
2251 895 2569 967 δυνήσονταί
2597 913 2648 948 τι
2674 893 2793 946 κατ’
2823 891 2987 945 αὑτοῦ
3013 910 3026 956 ;
3062 891 3230 944 Τοῦτο
3261 890 3306 942 δ’
3345 886 3413 961 ἦν
3457 889 3668 961 ἀνδρῶν

2087 989 2162 1060 μὴ
2198 988 2550 1059 προθεμένων
2582 988 2672 1040 τὸν
2705 987 2835 1040 Θεὸν
2859 984 3088 1038 ἐνώπιον
3115 982 3312 1036 αὐτῶν.

2168 1185 2424 1254 ἚΊῬάρη
2452 1185 2520 1237 δὲ
2547 1185 2750 1247 ταῦτα,
2778 1186 2939 1255 φησὶν
2964 1185 2992 1236 ό
3033 1183 3351 1246 Ἀπόστολος
3370 1223 3384 1246 ,
3413 1184 3504 1247 είς
3525 1197 3672 1237 νουι

2085 1278 2297 1330 ﬂeo-{ar
2315 1275 2502 1346 ἡμῶν,
2534 1278 2606 1340 ὡς
2636 1277 2700 1330 ἂν
2728 1277 2961 1348 μιμηταὶ
2987 1275 3303 1344 γιγνοίμεθα
3333 1275 3442 1327 τῶν
3467 1276 3668 1342 ἁγίων,

2084 1368 2265 1420 εἴποτε
2300 1370 2412 1431 τοῖς
2445 1367 2651 1437 ὁμοίοις
2682 1367 3123 1438 περιπίπτοιμεν.
3148 1367 3260 1418 Οὐκ
3288 1365 3401 1416 ἐστι
3433 1365 3544 1434 γὰρ
3572 1365 3665 1418 ὅτε

2086 1458 2283 1518 πάντες
2315 1458 2360 1508 ot
2385 1455 2627 1518 θέλοντες
2655 1454 2893 1518 εὐσεϐῶς
2926 1455 3024 1524 ζῇν
3056 1455 3174 1523 οὐχὶ
3215 1453 3530 1517 διώκονται,
3569 1455 3666 1507 καὶ

2089 1546 2162 1618 μὴ
2193 1546 2475 1617 μισοῦνται
2503 1549 2665 1616 μῖσος
2697 1545 2880 1599 ἄδικον
2915 1543 3019 1596 ὑπὸ
3051 1544 3159 1597 τῶν
3181 1543 3272 1597 τὸν
3301 1544 3544 1596 ἐναντίον
3576 1545 3664 1594 αἱ·

2087 1637 2362 1708 ρουμένων
2393 1637 2525 1705 βίον.
2559 1635 2669 1688 Καὶ
2693 1635 2963 1701 ἀναγκαῖά
2986 1650 3047 1701 γε
3074 1635 3206 1703 ἡμῖν
3228 1631 3298 1685 τὰ
3322 1631 3668 1701 προκείμενα

2087 1730 2167 1790 είς
2201 1727 2547 1780 διδασκαλίαν
2568 1745 2581 1756 ο
2617 1727 2689 1790 ὡς
2721 1725 2785 1778 ἂν
2820 1727 2913 1778 καὶ
2943 1726 3094 1779 αὐτοὶ
3115 1725 3269 1795 δίκην
3291 1725 3508 1795 ἐπῳδῆς
3539 1726 3664 1776 ἐαυ-

2083 1821 2195 1880 τοῖς
2229 1817 2516 1889 ἐπᾴδοιμεν
2545 1823 2644 1880 τας
2659 1816 2914 1879 τοιαύτας
2945 1816 3128 1884 φωνὰς
3145 1815 3564 1884 ἀναπέμποντες
3585 1814 3665 1884 τῷ

2083 1908 2222 1978 Θεῷ,
2261 1908 2479 1961 ἐπειδὰν
2511 1907 2724 1979 ἐχθροῖς
2763 1907 3149 1977 περιπεσόντες
3180 1905 3664 1975 ἐπιόουλευοίμεθα

2085 2001 2175 2053 ὑπ’
2217 2000 2422 2065 αὐτῶν,
2471 2001 2566 2053 καὶ
2615 1999 3057 2070 διαϐαλλοίμεθα,
3090 2000 3184 2053 καὶ
3222 1999 3662 2070 κινδυνεύωμεν·

2084 2091 2438 2162 πεπεισμένοι
2471 2093 2569 2144 οὐκ
2599 2092 2743 2164 ἀργὰ
2769 2091 2986 2143 ἔσεσθαι
3013 2091 3079 2143 τὰ
3111 2091 3331 2161 ῥήματα
3360 2091 3460 2160 τῆς
3493 2107 3663 2162 προσ-

2083 2184 2266 2254 ευχῆς,
2291 2184 2359 2237 τά
2392 2184 2599 2255 μεγάλα
2632 2184 2688 2236 δέ
2721 2182 3121 2254 συμϐαλοῦνται
3151 2185 3301 2252 ἡμῖν,
3346 2182 3540 2253 ὥσπερ
3570 2176 3665 2237 οὖν

2083 2276 2178 2328 καὶ
2202 2276 2385 2339 αὐτοῖς
2412 2278 2524 2339 τοῖς
2552 2273 2787 2345 πρώτοις
2815 2274 3155 2345 εὐξαμένοις.
3184 2274 3390 2326 Λύτίκα
3418 2274 3553 2342 γοῦν
3577 2275 3662 2326 εὖ·

2086 2367 2313 2438 ξάμενος
2353 2368 2521 2422 ταῦτα
2561 2371 2589 2420 ὁ
2616 2367 2806 2432 Δαυῒδ,
2833 2369 3174 2439 παραχρῆμα
3224 2367 3464 2436 ἐπηκόου
3501 2367 3666 2438 ἔτυχε

2081 2461 2173 2514 τοῦ
2226 2459 2383 2525 Θεοῦ,
2423 2461 2515 2514 καὶ
2563 2459 2802 2524 ἀξιοῦται
2847 2459 2948 2528 τῆς
2995 2460 3123 2529 παρ’
3174 2457 3334 2512 αὑτοῦ
3383 2457 3662 2528 βοηθείας.

2087 2550 2225 2618 Ἤδη
2282 2550 2390 2620 γὰρ
2424 2549 2630 2619 μέλλων
2677 2547 2991 2602 ἁλίσκεσθαι
3035 2545 3128 2599 καὶ⁴
3176 2549 3295 2609 ταῖς
3343 2545 3437 2599 τοῦ
3486 2547 3664 2599 Σαοὺλ

2082 2641 2236 2710 χερσὶ
2290 2638 2693 2710 παραδίδοσθαι,
2757 2637 3073 2708 παραδόξως
3131 2639 3194 2689 ἐκ
3222 2636 3356 2689 Θεοῦ
3403 2636 3662 2700 σώζεται,

2081 2731 2336 2799 ἀγγελίας
2366 2731 2452 2784 τὸν
2468 2731 2637 2783 Σαοὺλ
2664 2729 3058 2800 ἀπαγαγοῦσης
3081 2731 3165 2800 ἐφ’
3189 2729 3380 2800 ἐτέρας
3403 2728 3664 2798 ἀσχολίας

2083 2821 2223 2873 κατὰ
2273 2822 2366 2892 τὴν
2409 2819 2810 2892 παρατεθεῖσαν
2863 2820 3119 2891 ἱστορίαν.
3164 2819 3254 2871 Διὸ
3283 2819 3408 2887 rga;
3461 2834 3657 2886 φησιν·

2093 2913 2238 2966 Ἰδοὺ
2264 2913 2371 2982 γὰρ
2404 2915 2436 2965 ό
2467 2912 2609 2977 Θεὸς
2629 2911 2976 2980 ,ϐοηθεῖμοι,
3019 2912 3232 2978 Κύριος
3277 2907 3659 2976 ὼτιλήπτωρ

2081 2998 2188 3068 τῆς
2208 3000 2414 3069 ψυχῆς
2427 3018 2566 3069 μου.
2605 3001 2984 3068 Ἀποστρέψδει
3005 2999 3075 3052 τὰ
3098 3000 3250 3053 κακὰ
3277 2998 3399 3064 τοῖς
3423 2998 3662 3068 ἐχθροῖς

405 3099 514 3143 tate
537 3101 627 3142 tua
658 3089 899 3158 disperde
924 3088 1065 3143 illos.
1097 3088 1430 3158 Diapsalma.
1463 3088 1774 3160 Diapsalma
1808 3097 1980 3143 muta-

2084 3108 2216 3160 μου,
2241 3092 2338 3144 καὶ
2363 3093 2433 3144 ἐν
2450 3091 2524 3159 τῇ
2543 3093 2792 3160 ἀληθείᾳ
2809 3109 2924 3145 σου
2946 3091 3386 3158 ἐξολόθρευοηοι·-
3408 3093 3656 3158 αὐτούς.

404 3181 608 3235 tionem
640 3181 922 3235 sententia:
952 3181 1183 3235 induxit.
1212 3181 1305 3234 llla
1335 3181 1479 3234 enim
1505 3197 1601 3236 ceu
1634 3181 1841 3236 orando
1870 3180 1980 3237 Deo

2084 3181 2414 3251 Διάψ-αλμα.
2444 3183 2517 3235 Τὸ
2543 3182 2818 3253 διάψαλμα
2868 3182 3166 3252 μεταϐολὴν
3211 3182 3506 3252 εἰργάσατο
3556 3181 3660 3250 τῆς

399 3272 700 3336 emiserat;
751 3272 866 3326 haec
923 3287 1047 3326 vere
1101 3271 1257 3342 quasi
1308 3272 1624 3341 prophetice
1676 3272 1977 3342 subjungit,

403 3380 527 3440 qua:
553 3367 784 3420 salutem
827 3364 1074 3435 precanti
1124 3353 1490 3434 praenuntiant
1511 3406 1525 3428 ,
1560 3364 1798 3420 inimicis
1827 3381 1977 3428 vero,

402 3471 434 3508 e
465 3468 700 3524 quorum
737 3454 992 3509 manibus
1038 3454 1177 3524 eripi
1222 3455 1455 3525 rogavit,
1488 3455 1806 3523 perniciem.
1852 3451 1981 3507 Haec

405 3545 572 3616 igitur
609 3544 850 3615 Spiritus
903 3545 1081 3600 sancti
1132 3545 1314 3599 aﬂlatu
1365 3545 1730 3609 vaticinatur;
1783 3543 1868 3597 his
1915 3558 1978 3597 ea

404 3635 722 3705 signiﬁcans
754 3651 875 3705 qua:
897 3651 955 3691 se
983 3645 1296 3706 spectarent
1327 3655 1340 3689 :
1377 3635 1510 3688 Ecce
1536 3636 1676 3690 enim
1716 3634 1856 3689 Deus
1884 3633 1981 3687 ad-

399 3727 549 3794 juvat
579 3744 680 3790 me,
720 3727 973 3781 Dominus
1018 3737 1287 3795 susceptor
1317 3737 1396 3782 est
1441 3729 1633 3789 anime
1666 3743 1814 3780 meae.
1851 3725 1981 3790 Qua:

406 3835 535 3875 vero
593 3820 658 3874 ad
717 3821 970 3876 inimicos
1036 3836 1168 3875 suos
1201 3822 1494 3891 pertinent,
1544 3822 1755 3876 scilicet
1791 3821 1858 3875 ad
1892 3821 1980 3873 Zi-

409 3908 616 3982 phzros,
648 3907 742 3976 qui
781 3907 960 3976 ipsum
1000 3908 1143 3978 apud
1184 3907 1404 3964 Saulem
1437 3909 1751 3965 calumniati
1809 3917 1976 3973 sunt;

405 3993 524 4047 sive
553 3991 620 4045 ad
653 3993 966 4060 spirituales
1000 3996 1264 4064 quosdam
1297 4007 1350 4051 et
1373 3998 1622 4052 occultos
1651 3998 1858 4062 hostes,
1886 3999 1978 4067 qui

401 4082 524 4151 ejus
566 4082 864 4138 secundum
899 4083 1066 4138 Deum
1112 4085 1381 4155 profectui
1439 4086 1774 4149 invidebant,
1817 4095 1981 4154 atque

407 4171 530 4227 ideo
557 4174 1019 4245 conspirationem
1056 4176 1320 4230 adversus
1360 4190 1483 4229 cum
1522 4175 1863 4239 conﬂabant,
1896 4176 1979 4230 his

405 4263 586 4320 verbis
619 4265 775 4320 eﬂ'ert
812 4267 1050 4319 :Avertet
1085 4266 1226 4319 mala
1256 4267 1480 4320 inimicis
1512 4267 1661 4328 meis,
1691 4276 1739 4320 et
1770 4267 1823 4319 in
1846 4268 1980 4320 veri-

404 4363 515 4408 tate
561 4364 655 4408 tua
701 4354 944 4427 disperde
990 4356 1132 4412 illas.
1189 4357 1502 4412 Secundum
1545 4374 1672 4412 vero
1729 4357 1981 4430 Symma-

2082 3275 2339 3336 διανοίας.
2370 3273 2448 3326 Τά
2493 3274 2592 3344 μὲν
2640 3273 2746 3345 γὰρ
2776 3274 2851 3336 ὼς
2891 3275 2947 3326 ἐν
2994 3277 3267 3344 προσευχῇ
3309 3273 3661 3343 ἀνεπέμπετο

2080 3365 2158 3435 τῷ
2179 3365 2296 3435 Θεῷ
2315 3382 2328 3395 ο
2356 3365 2422 3418 τὰ
2451 3365 2507 3418 δέ
2536 3364 2891 3434 προφητικῶς
2916 3365 3192 3434 ἐπιλέγει,
3227 3365 3294 3418 τὰ
3333 3365 3662 3426 θεσπίζοντα

2082 3455 2355 3524 σωτηρίαν
2390 3454 2486 3524 μὲν
2510 3452 2585 3522 τῷ
2617 3453 2918 3524 εὐξαμένῳ,
2952 3454 3157 3506 πτῶσιν
3188 3455 3245 3506 δέ
3277 3457 3389 3516 τοῖς
3419 3453 3659 3526 ἐχθροῖς,

2082 3546 2174 3616 ἀφ’
2203 3539 2276 3598 ὧν
2300 3546 2562 3616 ρυσθῆναι
2587 3545 2806 3618 ηὔξατο.
2833 3547 2995 3599 Ταῦτ’
3021 3543 3113 3599 οὖν
3145 3546 3204 3610 ἐξ
3226 3547 3376 3615 ἁγίου
3404 3547 3664 3616 Πνεῦμας

2080 3653 2171 3699 τος
2208 3636 2569 3706 προφητεύει,
2628 3636 2697 3690 τά
2753 3637 2851 3706 μὲν
2904 3637 3032 3708 περὶ
3064 3638 3224 3690 αὑτὸν
3272 3639 3548 3708 σημαίνων
3597 3639 3664 3690 ἐφ

2079 3724 2290 3788 τούτοις
2314 3743 2325 3755 ·
2371 3726 2514 3778 Ἰδοὺ
2547 3725 2656 3795 γὰρ
2692 3730 2723 3779 o'
2747 3726 2889 3792 Θεὸς
2907 3726 3126 3793 ,ϐοηθεῖ
3143 3743 3266 3794 μοι,
3308 3728 3522 3792 Κύριος
3553 3726 3664 3778 ἀν-

2081 3815 2375 3884 τιλήπτωρ
2404 3816 2514 3884 τῆς
2539 3817 2743 3885 ψυχῆς
2759 3835 2878 3886 μου
2895 3834 2910 3849 ⁸
2935 3817 3002 3870 τὰ
3028 3817 3084 3869 δέ
3106 3817 3232 3888 περὶ
3266 3816 3371 3870 τῶν
3400 3817 3663 3869 ἐναντίων

2080 3907 2250 3976 αὐτῷ,
2305 3908 2422 3976 ἦτοι
2455 3908 2582 3976 περὶ
2646 3908 2751 3961 τῶν
2787 3909 3028 3977 Ζιφαίων
3072 3907 3180 3958 τῶν
3221 3906 3660 3976 διαδεδληκότων

2082 3999 2241 4050 αὑτὸν
2290 4000 2427 4069 πρὸς
2475 3999 2566 4052 τὸν
2616 4000 2822 4062 Σαοὺλ,
2871 4001 3028 4071 ἦκα).
3061 3998 3268 4067 νοητῶν
3309 4017 3466 4050 τινων
3496 4000 3531 4069 ἢ
3563 4000 3662 4051 καὶ

2081 4091 2300 4160 ἀφανῶν
2333 4091 2538 4162 ἐχθρῶν
2569 4091 2677 4144 τῶν
2711 4091 3177 4162 διαφθονουμένων
3210 4091 3373 4144 αὑτοῦ
3416 4096 3484 4162 τῇ
3513 4091 3664 4144 κατὰ

2081 4181 2211 4234 Θεὸν
2242 4185 2511 4252 προκοπῇ,
2540 4183 2631 4236 καὶ
2663 4183 2750 4236 διά
2782 4184 2937 4236 τοῦτο
2961 4182 3439 4253 συσκευαζομένων
3466 4183 3658 4242 αὑτὸν.

2081 4273 2140 4324 ἐν
2159 4271 2236 4341 τῷ
2257 4311 2270 4331 .
2309 4273 2690 4342 Ἀποστρέψει
2717 4273 2788 4327 τὰ
2820 4275 2976 4329 κακὰ
2997 4275 3117 4340 τοῖς
3131 4274 3365 4343 ἐχθροῖς
3387 4292 3530 4342 μου,
3555 4275 3660 4326 καὶ

2079 4362 2148 4415 ἐν
2179 4361 2253 4429 τῇ
2272 4364 2521 4431 ἀληθείᾳ
2547 4381 2662 4418 σου
2684 4365 3123 4433 ἐξολόθρευσον
3143 4367 3382 4432 αὐτούς.
3410 4367 3571 4420 Κατά
3598 4367 3662 4420 δὲ

403 4447 607 4501 chum:
649 4445 936 4512 Retribuet,
970 4449 1166 4518 inquit,
1199 4449 1342 4502 mala
1389 4450 1454 4503 iis
1501 4451 1590 4520 qui
1625 4450 1752 4503 mihi
1799 4467 1978 4503 muros

2084 4452 2172 4505 τὸν
2213 4454 2538 4524 Σύμμαχον·
2597 4455 3042 4519 Ἀνταποδώσει,
3101 4459 3264 4532 φησι,
3323 4458 3480 4510 κακὰ
3531 4457 3663 4523 τοῖς

403 4537 701 4604 auferunt:
742 4541 796 4592 in
831 4543 1046 4597 veritate
1105 4550 1197 4594 tua
1254 4541 1409 4595 silere
1463 4541 1549 4609 fac
1595 4557 1702 4594 eos.
1741 4541 1806 4593 Et
1835 4542 1977 4606 vide,

404 4641 533 4684 num
595 4630 710 4686 haec
774 4645 898 4688 cum
953 4632 1182 4685 historia
1243 4633 1533 4701 quadrent.
1593 4631 1726 4687 Nam
1778 4633 1981 4702 Ziphazi

407 4718 584 4796 ipsum
618 4721 760 4794 apud
789 4738 848 4777 se
878 4723 1092 4776 latitare
1124 4723 1414 4785 volentem,
1448 4724 1606 4793 quasi
1641 4724 1980 4780 denudantes

403 4815 458 4862 et
487 4824 673 4864 muros
707 4812 810 4880 ipsi
842 4813 1174 4875 auferentes,
1205 4814 1382 4882 ipsum
1411 4815 1700 4870 calumniis
1726 4824 1778 4870 et
1800 4817 1980 4870 verbis

405 4898 691 4955 diabolicis
736 4902 1070 4972 impetebant
1120 4903 1262 4972 apud
1319 4902 1536 4958 Saulem
1575 4925 1588 4958 :
1631 4919 1801 4974 quare
1857 4907 1980 4960 illos

402 4993 527 5064 jure
549 4992 918 5048 subindieavit
948 4995 1034 5049 his
1060 4995 1242 5048 verbis
1279 5013 1292 5048 :
1323 4995 1590 5048 Retribuat
1624 4996 1767 5054 mala
1798 4997 1862 5049 iis
1891 4997 1980 5066 qui

406 5082 535 5146 mihi
587 5099 764 5144 muros
809 5085 1084 5163 auferunt,
1125 5096 1173 5143 et
1209 5088 1261 5138 in
1292 5087 1506 5140 veritate
1547 5096 1642 5139 tua
1694 5087 1850 5140 silere
1893 5088 1980 5156 [ac

405 5193 514 5232 eos.
549 5174 754 5236 Bonum
795 5176 928 5255 ipsis
978 5177 1250 5240 silentium
1285 5185 1390 5240 est,
1435 5186 1494 5233 ut
1548 5195 1616 5232 ne
1647 5177 1848 5234 talibus
1879 5177 1979 5231 ad-

407 5284 621 5324 versum
661 5283 747 5323 me
796 5269 1086 5325 calumniis
1140 5278 1382 5328 utantur.
1437 5272 1743 5326 Admodum
1798 5280 1978 5326 autem

406 5368 771 5431 congruenter
798 5358 968 5414 Deum
999 5368 1400 5430 susceptor-em,
1437 5363 1551 5417 sive
1589 5363 1820 5430 fulcrum
1861 5363 1980 5415 ani-

406 5467 508 5512 ma:
563 5468 700 5518 suae,
756 5452 1057 5508 secundum
1118 5451 1506 5525 Symmachum
1567 5455 1795 5509 vocavit.
1840 5453 1976 5518 Quia

408 5542 551 5602 enim
595 5543 851 5623 superius
878 5541 1046 5599 fortes
1071 5542 1386 5624 quaerebant
1432 5543 1667 5597 animam
1697 5542 1850 5622 ejus;
1883 5557 1980 5596 ne-

483 5718 524 5751 “
568 5717 744 5779 lCor.
787 5738 840 5789 τ,
893 5724 949 5781 lt

2081 4544 2521 4613 ἀποτειχίζουσί
2550 4563 2646 4614 με,
2679 4547 2748 4599 ἐν
2778 4545 2849 4614 τῇ
2878 4547 3127 4613 ἀληθείᾳ
3155 4563 3270 4599 σου
3305 4545 3660 4611 ἀποσιώπη-

2081 4650 2198 4690 σον
2215 4639 2453 4704 αὐτούς.
2481 4639 2590 4691 Καὶ
2619 4639 2720 4708 ὅρα
2738 4638 2785 4689 εί
2814 4637 2888 4707 μὴ
2910 4639 3190 4707 συμφωνεῖ
3221 4635 3392 4688 ταῦτα
3414 4640 3479 4707 τῇ
3512 4639 3664 4688 ἱστο-

2084 4725 2195 4795 ρίᾳ.
2229 4725 2556 4797 Ἐπειδήπερ
2579 4728 2628 4777 οἱ
2653 4727 2864 4794 Ζιφαῑοι
2891 4725 3210 4797 βουλόμενον
3234 4725 3395 4778 αὑτὸν
3427 4726 3665 4796 κρύπτε-

2084 4814 2206 4868 σθαι
2230 4819 2358 4887 παρ’
2381 4817 2581 4878 αὐτοῖς,
2610 4816 2798 4888 ῶσπερ
2822 4817 3262 4888 ἀπογυμνοῦντες
3301 4820 3394 4871 καὶ
3433 4819 3660 4872 ἀποτει-

2081 4906 2340 4975 χίζοντες,
2369 4906 2640 4958 διέϐαλλον
2675 4907 2810 4977 πρὸς
2839 4908 2928 4961 τὸν
2963 4909 3156 4970 Σαοὺλ,
3195 4907 3370 4977 λόγοις
3415 4908 3660 4963 διαϐολιο-

2081 5001 2195 5061 κοῖς
2227 4999 2345 5050 κατ’
2373 4996 2535 5050 αὐτοῦ
2563 4997 2865 5068 χρώμενον
2896 4999 3084 5071 διόπερ
3108 5000 3322 5062 αὐτοὺς,
3373 4999 3448 5062 ὼς
3482 4999 3655 5063 εἰκὸς,

2080 5090 2444 5166 αἰνιττόμενος
2471 5089 2651 5157 ἔλεγεν
2670 5107 2682 5118 ·
2733 5090 3154 5143 Ἄνταποδὼσει
3177 5090 3332 5142 κακὰ
3357 5087 3475 5153 τοῖς
3503 5089 3658 5141 ἀπο⁴

2080 5177 2398 5246 τειχίζουσι
2424 5195 2521 5248 με,
2567 5179 2665 5232 καὶ
2687 5180 2755 5232 ἐν
2777 5178 2851 5246 τῇ
2876 5180 3127 5248 ἀληθείᾳ
3158 5193 3274 5231 σου
3300 5175 3618 5242 ἀποσιὼπη
3638 5206 3658 5216 ς

2079 5285 2196 5323 σον
2210 5270 2448 5336 αὐτούς.
2488 5270 2639 5340 Καλὴ
2673 5271 2779 5341 γὰρ
2809 5271 2991 5334 αὐτοῖς
3014 5273 3046 5339 ὴ
3077 5269 3274 5339 σιωπὴ,
3311 5269 3398 5320 ἵνα
3438 5269 3511 5338 μὴ
3536 5283 3656 5319 τοι⁴

2080 5361 2271 5424 αύταις
2300 5362 2536 5434 χρῶνται
2558 5365 2678 5415 κατ’
2718 5362 2851 5432 ἐμοῦ
2882 5361 3177 5426 διαϐολαῖς.
3196 5361 3405 5431 Σφόδρα
3432 5361 3489 5414 δέ
3517 5377 3658 5414 κατ-

2081 5455 2323 5524 αλλήλως
2354 5456 2443 5508 τὸν
2466 5454 2596 5508 Θεὸν
2628 5453 3014 5523 ἀντιλήπτορα,
3051 5453 3084 5522 ἢ
3109 5453 3462 5521 ὑπέρεισμα,
3511 5453 3662 5506 κατά

2080 5548 2170 5613 τὸν
2197 5547 2510 5624 Σύμμαχον,
2544 5546 2793 5619 ὠνόμασε
2814 5545 2912 5617 τῆς
2951 5543 3144 5598 ἑαυτοῦ
3176 5544 3373 5615 ψυχῆς.
3432 5542 3662 5614 Ἐπειδὴ
