4024 6202
444 259 538 316 ΠΙ

1133 257 1406 317 EUSEBII
1443 260 1922 319 CAESABIENSIS
1957 264 2108 320 OPP.
2151 257 2330 324 PARS
2369 267 2455 324 Ill.
2495 300 2565 310 —
2603 268 3008 327 EXEGETICA.

3565 275 3670 330 ιη

439 381 624 436 storia:
655 379 920 434 rationem
950 379 1066 435 haec
1090 380 1344 436 videnlur
1373 397 1403 434 a
1440 381 1643 440 Davide
1668 383 1812 439 dicta
1844 385 2014 442 fuisse

2115 388 2254 459 ρίαν,
2281 389 2480 453 δόξειεν
2513 390 2580 442 ἂν
2620 389 2688 444 τὰ
2733 391 3066 460 προκείμενα
3110 391 3358 462 εἰρῆσθαι
3395 391 3475 464 τῷ
3512 393 3676 447 Δαυῒδ

438 485 551 540 quo
586 478 832 538 tempore
868 470 1083 541 fugiens
1110 486 1142 524 a
1179 472 1319 526 facie
1355 471 1538 527 Saulis
1569 474 1624 528 in
1653 475 1873 529 deserto
1914 491 2004 530 se-

437 562 536 616 des
562 560 812 614 habebat.
844 561 900 616 ln
933 562 1290 632 sequentibus
1328 564 1511 632 itaque
1548 565 1664 618 ait:
1703 562 1837 619 Ecce
1862 565 2007 618 eton-

437 652 554 720 ναοί
585 651 810 721 fugiens,
833 661 883 706 et
923 655 1096 707 mansi
1143 653 1196 705 in
1227 652 1529 727 solitudine.
1571 654 1836 718 Quoniam
1877 671 2009 710 vero

441 740 571 795 Saul
607 757 782 811 usque
806 743 873 797 ad
907 750 1137 798 mortem
1157 731 1270 814 ipsi
1312 743 1603 799 insidiatus
1629 753 1716 800 est
1744 760 1868 800 cum
1907 747 2047 813 οὐκ

437 831 708 886 ministris
733 833 872 895 suis,
904 833 1110 888 dixisse
1132 833 1346 888 videtur
1373 850 1440 888 ex
1479 850 1713 904 persona
1747 838 1960 906 propria
1990 854 2005 891 :

439 919 797 977 Contristatus
826 940 940 978 sum
979 926 1033 978 in
1065 925 1439 979 exercitatione
1468 943 1602 988 mea,
1647 936 1696 980 et
1729 926 2009 980 conturba-

439 1022 525 1066 tus
559 1030 676 1066 sum
709 1031 742 1067 a
785 1031 905 1069 voce
936 1016 1140 1068 inimici
1169 1025 1218 1069 et
1251 1032 1282 1067 a
1323 1015 1663 1070 tribulatione
1692 1017 2005 1084 peccatoris.

439 1100 704 1167 Quoniam
740 1102 1130 1158 declinaverunt
1164 1104 1217 1156 in
1259 1120 1339 1158 me
1384 1105 1734 1174 iniquitatem,
1759 1116 1809 1158 et
1841 1107 1896 1159 in
1926 1107 2008 1159 ira

437 1194 646 1250 molesti
677 1203 828 1246 erant
863 1194 1008 1248 milii.
1048 1193 1171 1247 llaec
1214 1210 1347 1249 sane
1378 1193 1597 1264 quidem
1633 1193 1853 1250 Davidis
1887 1210 2011 1265 per-

439 1300 588 1340 sona:
619 1291 895 1352 coaptare,
934 1299 1038 1338 non
1071 1285 1168 1338 abs
1202 1300 1260 1338 re
1307 1293 1484 1347 esset;
1538 1294 1592 1338 at
1638 1301 1746 1338 non
1790 1301 1854 1339 ea
1885 1301 2007 1354 quae

439 1383 563 1446 post
634 1375 917 1445 subjungit
976 1394 988 1428 :
1063 1375 1329 1440 Quoniam
1399 1375 1506 1428 ridi
1578 1376 1909 1444 iniquitatem
1963 1383 2012 1428 et

438 1465 913 1522 contradictionem
995 1467 1050 1520 in
1123 1467 1334 1520 civitate
1393 1465 1478 1519 die
1556 1483 1618 1520 ac
1686 1468 2012 1521 nocte:cir-

438 1559 710 1616 cumdabit
756 1576 870 1614 eam
907 1577 1063 1630 super
1093 1577 1269 1614 muros
1315 1560 1452 1628 ejus,
1487 1568 1536 1612 et
1568 1561 1818 1628 iniquitas
1849 1569 1898 1614 et
1932 1558 2014 1612 la-

440 1651 556 1719 bar.
580 1654 636 1704 in
679 1649 849 1704 medio
901 1650 1035 1718 ejus.
1105 1648 1174 1702 Et
1205 1667 1307 1702 non
1342 1648 1532 1718 defecit
1579 1648 1641 1702 de
1677 1649 1866 1717 plateis
1898 1651 2012 1717 ejus

440 1716 604 1794 usura
647 1749 696 1795 et
728 1716 934 1794 dolus;
963 1740 1227 1806 Quoniam
1275 1740 1322 1792 si
1366 1716 1610 1792 inimicus
1659 1716 2013 1793 maledixisset
2046 1716 2086 1769 η

440 1830 592 1896 tui/ti,
650 1832 1020 1884 sustinuissent
1057 1829 1253 1912 utique,
1289 1835 1344 1882 et
1371 1837 1582 1882 caetera.
1630 1825 1802 1892 Quam
1833 1827 2018 1880 civita-

354 1935 356 1938 '
440 1932 547 1974 tem
579 1920 888 1990 signiﬁcare
917 1920 1074 1985 velit,
1105 1918 1160 1972 in
1184 1933 1290 1988 qua
1336 1919 1448 1972 haec
1469 1919 1583 1971 visa
1623 1918 1760 1984 sint,
1791 1932 1912 1987 quae
1935 1916 2011 1972 vi-

439 2012 589 2067 disse
628 2027 688 2066 se
727 2018 1145 2072 commemorat,
1203 2024 1312 2064 non
1353 2017 1527 2079 potest
1552 2008 1675 2078 quis
1701 2023 1766 2063 ex
1788 2009 2014 2063 historia

441 2100 734 2170 expiscari.
791 2099 927 2166 Quis
974 2113 1104 2153 vero
1141 2098 1232 2153 ille
1270 2113 1431 2167 quem
1472 2097 1553 2151 sic
1590 2097 1904 2166 alloquitur,
1937 2097 2015 2150 Tu

441 2205 561 2244 vero
601 2188 755 2241 homo
798 2189 1064 2241 unanimis
1085 2226 1100 2251 ,
1137 2187 1247 2240 dua:
1277 2202 1422 2240 meus
1463 2195 1511 2239 et
1543 2195 1698 2240 notus
1725 2202 1899 2248 meus,
1925 2185 2017 2254 qui

441 2280 605 2336 simul
647 2297 847 2334 mecum
896 2279 1076 2334 dulces
1127 2279 1371 2350 cupiebas
1403 2279 1592 2334 cibos?
1642 2277 1699 2332 Si
1740 2277 1907 2340 enim,
1937 2275 2016 2330 in-

441 2375 583 2444 quit,
610 2373 746 2439 hzec,
780 2373 1004 2427 inimico
1026 2371 1312 2435 inferente,
1335 2371 1474 2425 mala
1493 2383 1784 2440 perpessus
1799 2383 2011 2433 essem;

443 2473 538 2519 aut
584 2465 632 2521 si
673 2464 798 2535 quis
838 2463 964 2519 odio
995 2478 1080 2518 me
1117 2463 1317 2518 habere
1345 2462 1627 2532 professus
1654 2459 2011 2530 designasset,

441 2556 522 2610 nil
549 2554 746 2609 mirum
767 2562 934 2610 esset.
968 2552 1123 2608 Nunc
1153 2561 1334 2608 autem
1361 2567 1538 2622 neque
1567 2552 1812 2606 infensus
1839 2565 2014 2620 neque

443 2645 701 2700 inimicus
722 2644 877 2708 mihi,
894 2643 990 2698 sed
1017 2659 1248 2700 consors
1270 2652 1324 2698 et
1349 2643 1578 2705 amicus,
1601 2644 1711 2696 imo
1735 2657 1862 2696 vero
1887 2655 2016 2695 una-

443 2734 628 2797 nimis,
662 2743 715 2790 et
755 2733 865 2788 dux
914 2748 944 2786 a
992 2749 1078 2788 me
1103 2734 1454 2796 constitutus,
1501 2732 1777 2786 communi
1824 2745 2013 2785 mensa

442 2823 718 2892 dignatus,
743 2832 795 2877 et
837 2822 1093 2885 fortasse,
1128 2824 1221 2892 qui
1251 2837 1358 2876 una
1405 2836 1616 2875 mecum
1645 2821 1923 2889 ingressus
1957 2821 2012 2873 in

443 2913 665 2967 domum
705 2912 795 2966 Dei
839 2920 894 2967 et
935 2913 1198 2967 orationis
1245 2926 1475 2966 consors
1515 2919 1664 2975 erat,
1697 2911 1896 2964 taliane
1925 2911 2017 2965 ad-

443 3016 666 3056 versum
700 3015 786 3054 me
828 2999 1046 3070 aggredi
1097 3015 1264 3055 ausus
1291 2999 1388 3055 es?
1417 2997 1542 3052 Haec
1562 2997 1754 3067 :autem
1795 2999 2011 3068 propria
2039 3027 2080 3085 ο

444 3104 678 3160 persona
714 3091 895 3146 dicere
916 3089 1192 3155 Davldem,
1217 3105 1325 3144 non
1351 3090 1507 3144 video
1527 3104 1636 3158 qua
1657 3090 1867 3144 ratione
1889 3105 2014 3144 con-

446 3189 596 3235 stare
645 3179 837 3249 possit.
890 3178 1074 3249 Neque
1119 3179 1263 3233 enim
1311 3177 1439 3232 Saul
1477 3178 1752 3232 unanimis
1783 3179 1886 3248 ipsi
1924 3185 2016 3232 aut

445 3269 660 3326 amicus
712 3276 862 3336 erat;
907 3271 1022 3324 sive
1059 3269 1359 3325 secundum
1409 3267 1815 3339 Symmachum,
1861 3271 2014 3325 unius

448 3357 634 3411 moris.
667 3356 926 3423 Quaenam
956 3372 1168 3412 morum
1191 3357 1492 3413 similitudo
1529 3357 1692 3414 fuerit
1716 3359 1856 3414 inter
1879 3359 2016 3414 duo-

447 3464 568 3503 rum
599 3451 785 3512 vitam,
814 3452 908 3519 qui
958 3456 1166 3503 tantum
1196 3449 1340 3504 inter
1361 3464 1420 3504 se
1444 3448 1740 3504 diﬂ‘erunt?
1786 3449 1889 3504 Sed
1920 3466 2016 3506 ne-

445 3555 551 3610 que
584 3540 860 3595 unanimis
909 3538 1096 3594 Davidi
1147 3554 1385 3608 unquam
1417 3539 1518 3593 fuit
1549 3538 1700 3604 Saul,
1739 3556 1914 3610 neque
1941 3542 2016 3595 le.

443 3631 590 3700 gitur
634 3629 846 3700 uspiam
897 3629 953 3683 in
1000 3629 1249 3693 historia,
1287 3629 1434 3698 ipsos
1475 3642 1600 3683 cum
1645 3644 1915 3685 consensu
1958 3631 2015 3685 in

445 3719 729 3775 domoDei
753 3719 1083 3775 ambulasse.
1119 3718 1225 3774 Sed
1250 3719 1414 3789 liquet
1434 3717 1650 3774 Saulem
1675 3735 1888 3789 semper
1908 3719 2013 3774 Da-

444 3811 554 3864 viii
585 3817 770 3880 aperte
815 3809 1098 3863 inimicum
1135 3809 1338 3875 fuisse;
1387 3809 1511 3878 jure
1535 3824 1664 3878 ergo
1699 3808 2016 3881 lugiehatet

446 3901 816 3956 abscondehat
855 3915 916 3956 se
961 3901 1030 3956 ab
1071 3901 1198 3964 illo,
1243 3901 1398 3970 quasi
1431 3916 1461 3954 a
1488 3901 1774 3956 manifesto
1796 3903 2016 3968 inimico

445 4000 649 4040 cavens
692 3985 816 4039 sibi.
874 3984 978 4040 Sed
1007 3987 1170 4040 etiam
1217 4003 1338 4057 qua:
1367 3988 1432 4041 de
1462 3999 1756 4043 memorata
1785 3991 1916 4045 urbe
1944 3990 2018 4046 fe-

444 4083 665 4141 runtur,
696 4091 1037 4146 nequaquam
1064 4076 1282 4133 Davidis
1307 4078 1550 4133 historia:
1577 4082 1920 4136 conveniant.
1951 4081 2013 4136 In

444 4180 554 4237 qua
585 4165 732 4221 enim
781 4167 1001 4222 civitate
1055 4166 1226 4233 illam,
1261 4183 1423 4238 quam
1473 4169 1628 4232 dicit,
1677 4170 2012 4240 iniquitatem

443 4255 580 4311 vidit
608 4262 662 4310 et
690 4255 1200 4323 contradictionem,
1228 4273 1336 4312 non
1365 4258 1453 4313 die
1485 4259 1684 4321 solum,
1717 4261 1812 4315 sed
1851 4262 2013 4316 etiam

2106 479 2227 532 καθ’
2250 479 2344 543 οὓς
2365 480 2721 550 ἀπεδίδρασκε
2749 481 2990 552 χρόνους,
3015 480 3227 549 φεύγων
3254 481 3360 534 ἀπὸ
3383 483 3669 553 προσώπου

2110 571 2315 633 Σαοὺλ,
2367 573 2424 623 ἐν
2455 575 2571 635 ταῖς
2607 574 2833 642 ἐρήμοις
2875 572 2975 634 τὰς
3007 571 3288 641 διατριϐὰς
3333 572 3664 644 ποιούμενος.

2106 660 2268 727 Λέγει
2289 660 2334 713 δ’
2361 656 2453 713 οὖν
2487 660 2612 730 ἐξῆς
2647 660 2880 732 προϊώνο
2937 660 3082 714 Ἰδοὺ
3127 660 3430 730 ἐμάκρυνα
3479 681 3668 732 φυγα-

2105 749 2315 810 δεύων,
2371 751 2467 803 καί
2508 753 2816 819 ηὑλίσθην
2854 753 2926 804 ἐν
2965 749 3041 818 τῇ
3082 750 3296 820 ἐρήμῳ.
3344 754 3452 806 Καὶ
3483 755 3670 827 ἐπειδὴ

2112 843 2272 913 μέχρι
2298 841 2529 895 θανάτου
2557 841 2915 896 ἐπεϐούλευεν
2953 842 3102 911 αὐτῷ
3124 841 3294 895 Σαοὺλ
3331 842 3424 896 καὶ
3455 845 3503 896 0!
3535 861 3671 914 συμ-

2109 931 2436 1000 πράττοντες
2466 930 2634 1000 αὐτῷ,
2666 927 2817 983 εἶπεν
2842 931 2908 984 ἂν
2939 931 2995 996 ἐξ
3023 931 3222 984 οἰκείου
3263 931 3552 1003 προσώπου
3576 935 3670 988 καὶ

2106 1019 2187 1082 τὸ,
2231 1020 2575 1087 Ἐλυπήθην
2599 1019 2762 1087 ἐνῖῇ
2795 1020 3122 1089 ἀδολεσχίᾳ
3151 1038 3292 1088 μου,
3331 1023 3428 1074 καὶ
3459 1024 3670 1091 ἐταρά-

2108 1115 2262 1180 χθην
2303 1111 2419 1165 ἀπὸ
2443 1111 2648 1180 φωνῆς
2671 1111 2888 1180 ἐχθροῦ
2921 1113 3018 1164 καί
3051 1112 3170 1166 ἀπὸ
3206 1113 3462 1180 θλίψεως
3489 1115 3673 1183 ἀμαρ-

2109 1201 2320 1255 τωλοῦ.
2366 1203 2492 1254 Ὅτι
2530 1201 2848 1265 ἐξέκλιναν
2886 1203 2978 1254 ἐπ’
3010 1203 3115 1270 ἐμε
3151 1203 3422 1271 ἀνομίαν,
3466 1205 3562 1258 καὶ
3601 1207 3674 1258 ὲν

2109 1290 2254 1359 ὀργῇ
2270 1293 2588 1344 ἐνεκ6τουν
2599 1308 2718 1360 μοι.
2749 1291 2934 1344 Ταῦτα
2972 1292 3070 1361 μὲν
3097 1287 3188 1344 οὖν
3218 1293 3452 1363 ἁρμόσαι
3473 1293 3550 1363 τῷ
3576 1295 3670 1348 τοῦ

2109 1379 2268 1434 Δαυῒδ
2299 1379 2572 1451 προσώπῳ
2599 1381 2658 1434 ού
2681 1381 2968 1451 δυσχερές·
2999 1381 3060 1434 ού
3093 1381 3197 1452 μὴν
3222 1383 3316 1434 καὶ
3333 1382 3403 1435 τὰ
3431 1381 3574 1454 ἑξῆς,
3611 1387 3672 1437 ἐν

2109 1462 2188 1532 οἷς
2211 1469 2481 1536 ἐπιλέγει·
2522 1470 2648 1520 "Ott
2677 1465 2840 1522 εἶδον
2879 1470 3135 1537 ἀνομίαν
3180 1469 3280 1522 καί
3326 1471 3674 1541 ἀντιλογίαν

2109 1558 2180 1611 ὲν
2205 1557 2280 1625 τῇ
2311 1559 2482 1612 πόλει
2507 1558 2727 1628 ἡμέρας
2756 1558 2854 1612 καὶ
2872 1561 3091 1626 νυκτός
3109 1577 3123 1590 ·
3145 1561 3443 1616 κυκλώσει
3478 1565 3674 1629 αὐτὴν

2111 1647 2214 1700 ἐπὶ
2231 1647 2300 1700 τὰ
2327 1648 2494 1715 τείχη
2514 1647 2722 1714 αὐτῆς,
2749 1647 2847 1700 καὶ
2865 1648 3082 1716 ἀνομία
3101 1649 3195 1701 καί
3220 1649 3404 1714 κόπος
3420 1651 3674 1720 ἐνμέσῳ

2115 1737 2320 1806 αὐτῆς.
2348 1743 2455 1792 Καὶ
2481 1741 2590 1793 οὐκ
2611 1739 2888 1804 ἐξέλιπεν
2915 1740 2983 1793 ἐκ
3017 1739 3132 1794 τῶν
3156 1741 3453 1794 πλατειῶν
3482 1741 3673 1809 αὐτῆς

2115 1828 2289 1894 τόκος
2345 1828 2442 1881 καί
2498 1829 2695 1894 δόλος.
2738 1831 2877 1894 Ὅτι,
2933 1831 2985 1883 εί
3009 1830 3222 1898 ἐχθρὸς
3257 1830 3526 1885 ὀνείδισέ
3573 1850 3670 1900 με,

2114 1915 2421 1985 ὑπήνεγκα
2450 1916 2544 1980 ἂν,
2576 1919 2668 1969 καὶ
2695 1919 2763 1970 τὸ.
2793 1917 2936 1988 ἐξῆς.
2973 1918 3137 1971 Ποίαν
3165 1919 3273 1988 γὰρ
3299 1919 3452 1970 πόλιν
3491 1919 3674 1989 βούλε-

2113 2023 2201 2059 ται
2227 2007 2526 2077 σημαίνειν,
2559 2008 2643 2076 ἐφ’
2661 2003 2729 2080 ἦς
2755 2008 2926 2060 ταῦτα
2948 2007 3218 2070 τεθέαται,
3245 2009 3280 2061 ἆ
3305 2025 3466 2077 φησιν
3497 2009 3672 2078 ἑωρα-

2115 2096 2286 2162 κέναι,
2308 2099 2406 2149 οὐκ
2437 2097 2502 2150 ἂν
2526 2097 2638 2166 ἔχοι
2671 2115 2755 2161 τις
2796 2099 2904 2150 ἀπὸ
2931 2097 3030 2168 τῆς
3079 2099 3312 2168 ἱστορίας
3349 2101 3540 2154 είπεῖν.
3576 2099 3672 2163 Τίς

2111 2186 2168 2240 δὲ
2186 2181 2339 2250 οὗτος
2363 2183 2429 2259 ἦν
2460 2182 2506 2256 ᾧ
2537 2187 2871 2258 προσεφώνει
2901 2189 3108 2256 λέγων’
3139 2189 3223 2242 Σὺ
3255 2188 3318 2242 δὲ
3345 2231 3360 2253 ,
3404 2189 3673 2257 ἄνθρωπε

2116 2280 2392 2347 ίσόψυυχε,
2421 2278 2654 2347 ἡγεμών
2672 2297 2793 2348 μου
2818 2279 2918 2332 καὶ
2943 2280 3172 2348 γνωσῖέ
3195 2298 3334 2348 μου,
3377 2280 3444 2347 ὃς
3469 2280 3566 2334 ἐπὶ
3602 2280 3673 2335 τὸ

2112 2368 2254 2422 αὐτὸ
2293 2369 2628 2437 ἐγλύκανὰς
2666 2387 2767 2438 μοι
2795 2368 3129 2438 ἐδέσματα;
3163 2371 3226 2423 El
3279 2372 3374 2440 μὲν
3420 2372 3531 2442 γὰρ
3579 2371 3673 2425 ὑπ’

2112 2459 2304 2529 ἐχθροῦ
2343 2459 2494 2512 ταῦτ’
2539 2460 2796 2530 ἔπασχον,
2849 2460 3094 2532 φησὶν,ἢ
3140 2462 3188 2512 εί
3220 2463 3372 2530 μῖσος
3399 2460 3676 2530 ὁμολογῶν

2111 2566 2193 2613 τις
2223 2549 2364 2618 ἔχειν
2389 2550 2525 2619 πρός
2561 2565 2628 2621 με
2663 2550 2812 2604 ταῦτ’
2843 2552 3035 2616 ἐποίει,
3069 2551 3223 2604 οὐδὲν
3245 2547 3311 2620 ἦν
3340 2550 3671 2620 θαυμαστόν·

2112 2641 2227 2694 νυνὶ
2257 2640 2314 2693 δὲ
2350 2639 2472 2692 οὔτε
2505 2641 2675 2710 μισῶν
2696 2640 2819 2694 οὔτε
2843 2639 3064 2712 ἐχθρὸς,
3098 2641 3332 2711 συνήθης
3375 2641 3430 2693 δέ
3471 2640 3548 2694 ὢν
3578 2643 3676 2695 καὶ

2113 2729 2282 2798 φίλος,
2320 2729 2568 2800 ἰσόψυχός
2591 2747 2650 2782 τε
2683 2732 2776 2784 καὶ
2803 2730 3022 2801 ἡγεμὼν
3051 2731 3142 2784 ὑπ’
3169 2731 3302 2800 ἐμοῦ
3335 2730 3674 2802 καθεσταμέ-

2111 2837 2220 2885 νος,
2251 2820 2436 2889 κοινῆς
2462 2838 2519 2872 τε
2559 2820 2836 2891 τραπέζης
2869 2821 3081 2891 ἀξίωμα
3105 2820 3264 2890 ἔχων,
3316 2821 3428 2872 ἴσον
3463 2822 3592 2890 μιᾶς
3613 2837 3675 2874 τε

2113 2911 2203 2963 καὶ
2231 2909 2326 2980 τῆς
2365 2910 2531 2980 αὐτῆς
2576 2911 2634 2961 ἐν
2661 2909 2738 2979 τῷ
2760 2910 2893 2980 οἴκῳ
2923 2910 3015 2963 τοῦ
3044 2909 3179 2962 Θεοῦ
3214 2909 3414 2962 εἰσόδου
3454 2926 3545 2977 μοι
3581 2911 3676 2963 καὶ

2113 3000 2277 3070 εὐχῆς
2313 3000 2719 3070 κεκοινωνηκὼς
2744 3041 2758 3066 ,
2808 3001 3029 3055 τοιαῦτα
3057 3002 3136 3064 είς
3167 3001 3266 3072 ἐμὲ
3297 3000 3672 3071 τετόλμηκαςς

2114 3091 2297 3146 Ταῦτα
2321 3091 2377 3144 δὲ
2411 3091 2502 3145 τὸν
2533 3091 2694 3144 Δαυῖδ
2717 3092 2893 3160 λέγειν
2915 3089 2974 3156 ἐξ
3000 3091 3198 3144 οίκείου
3227 3090 3536 3162 προσώπου,
3575 3091 3677 3143 οὐκ

2112 3174 2206 3231 οἷδ’
2227 3177 2280 3230 εἴ
2303 3195 2422 3231 τινα
2448 3178 2559 3248 ἐχοι
2591 3178 2766 3246 λόγον.
2796 3178 2932 3232 Οὔτε
2960 3178 3067 3251 γὰρ
3094 3179 3264 3232 Σαοὺλ
3306 3179 3553 3249 ίσόψυχος
3578 3181 3677 3232 αύ-

2112 3266 2206 3320 τοῦ
2240 3267 2272 3338 ῆ
2304 3267 2474 3336 φίλος,
2501 3269 2558 3337 ἢ,
2590 3267 2730 3321 κατὰ
2759 3268 2850 3321 τὸν
2877 3269 3191 3339 Σύμμαχον,
3226 3270 3550 3336 ὁμότροπος
3576 3264 3667 3339 ἦν.

2114 3358 2248 3411 Ποία
2290 3357 2398 3428 γὰρ
2433 3359 2783 3430 ὀμοιοτροπία
2812 3360 3005 3427 γένοιτ’
3058 3359 3125 3413 ἂν
3175 3362 3231 3411 ἐν
3265 3362 3374 3422 τοῖς
3404 3359 3678 3429 ἑκατέρων

2116 3446 2249 3516 βίοις
2298 3448 2553 3518 πάμπολυ
2589 3448 3022 3514 διαλλάττουσινς
3080 3449 3216 3501 Ἀλλ’
3262 3450 3381 3502 οὐδὲ
3426 3451 3678 3520 ίσόψυχος

2114 3537 2330 3591 πώποτε
2370 3538 2555 3607 γέγονε
2587 3538 2665 3609 τῷ
2693 3537 2854 3592 Δαυῒδ
2879 3541 2908 3592 ό
2939 3538 3109 3592 Σαοὺλ
3127 3579 3140 3604 ,
3171 3539 3289 3592 οὐδὲ
3327 3541 3385 3592 ἐν
3414 3539 3494 3609 τῷ
3542 3538 3676 3608 οῐκῳ

2113 3627 2206 3681 τοῦ
2236 3627 2370 3681 Θεοῦ
2403 3629 2738 3700 ίστοροῦνται
2769 3627 2986 3682 πώποτε
3021 3627 3413 3699 πεπορευμένοι
3455 3630 3511 3680 ἐν
3541 3630 3675 3697 ὁμο⁸

2114 3723 2249 3792 vola.
2287 3721 2582 3793 Προφανῶς
2607 3721 2652 3774 δ’
2682 3720 2872 3792 ἐχθρὸς
2897 3723 2924 3774 ό
2949 3720 3118 3774 Σαοὺλ
3138 3720 3230 3772 τοῦ
3257 3719 3416 3772 Δαυῖδ
3447 3721 3674 3773 πάντοτε

2115 3812 2362 3880 φαίνεται
2396 3809 2630 3878 γεγονώς
2655 3827 2668 3840 ’
2698 3809 2894 3878 ἔφευγε
2919 3808 2964 3861 δ’
2982 3804 3074 3861 οὖν
3103 3807 3263 3860 αὑτὸν
3294 3807 3515 3870 εἰκότως
3534 3847 3548 3867 ,
3580 3806 3675 3858 καὶ

2114 3902 2436 3970 ἐκρύπτετο,
2476 3899 2551 3962 ὠς
2583 3899 2814 3970 φανερὸν
2846 3899 3036 3970 ἐχθρὸν
3066 3898 3480 3968 φυλαττόμενος.
3535 3898 3674 3950 Ἀλλ’

2113 3991 2233 4045 οὐδὲ
2257 3991 2324 4044 τὰ
2347 3991 2474 4061 περὶ
2500 3991 2600 4060 τῆς
2632 3990 2926 4062 εἰρημένης
2955 3991 3160 4053 πόλεως
3180 3989 3482 4061 ἐφαρμόσαι
3506 3989 3572 4042 ἄν
3593 4006 3677 4052 τις

2113 4084 2178 4153 τῇ
2203 4081 2343 4135 κατὰ
2376 4082 2467 4135 τὸν
2505 4079 2666 4134 Δαυῒδ
2701 4081 2928 4152 ἱστορίᾳ,
2972 4082 3060 4134 Ἐν
3085 4080 3212 4152 ποίᾳ
3243 4080 3351 4148 γὰρ
3385 4075 3491 4132 εἶδε
3525 4078 3676 4131 πόλει

2112 4172 2180 4242 ἦν
2207 4188 2370 4242 φησιν
2393 4170 2620 4241 ἀνομίαν
2649 4171 2742 4223 καὶ
2765 4169 3068 4238 ἀντιλογίαν
3087 4211 3102 4235 ,
3143 4172 3205 4223 ού
3249 4169 3406 4240 μόνον
3443 4169 3674 4240 ἡμέρας,

2114 4262 2249 4316 ἀλλὰ
2278 4263 2372 4316 καὶ
2392 4263 2604 4327 νυκτὸς,
2630 4262 2797 4315 κόπον
2829 4278 2889 4314 τε
2928 4263 3022 4314 καὶ
3056 4262 3236 4325 πόνον,
3261 4260 3471 4314 ἀδικίαν
3493 4276 3556 4312 τε
3584 4259 3678 4311 καὶ

441 4356 637 4414 nocte;
692 4348 936 4402 laborem
988 4348 1115 4403 item
1157 4356 1211 4403 et
1255 4349 1520 4413 dolorem,
1576 4349 1918 4421 iniquitatem
1961 4362 2014 4410 et

2112 4353 2268 4407 τόκον
2297 4354 2361 4404 ἐκ
2383 4352 2489 4406 τῶν
2513 4353 2782 4406 πλατειῶν
2804 4351 2976 4422 αὐτῆς
3003 4353 3076 4424 μὴ
3105 4351 3419 4404 ἐκλείποντα
3441 4366 3456 4414 ;
3483 4350 3548 4402 Ἦ
3580 4350 3676 4419 μὲν

443 4452 666 4492 usuram
695 4452 762 4492 ex
789 4436 980 4507 plateis
1010 4437 1130 4507 ejus
1155 4451 1261 4491 non
1301 4436 1677 4494 deﬁcientem?
1719 4438 1853 4494 Nam
1882 4440 2012 4498 urbs

443 4527 662 4596 quidem
695 4511 900 4593 Saulis,
951 4526 1121 4582 Ruina
1166 4529 1452 4584 dicebatur
1474 4547 1629 4595 esse;
1678 4531 2012 4587 domicilium

443 4618 584 4685 ejus,
612 4615 812 4683 Gabec,
839 4633 962 4673 cum
995 4619 1236 4674 nondum
1257 4618 1558 4676 Jerusalem
1582 4620 1769 4678 lsraeii
1797 4622 2012 4679 subdita

444 4717 610 4772 esset,
644 4707 736 4763 sed
760 4708 826 4760 ad
849 4709 1150 4778 allophylos
1180 4711 1493 4779 pertineret.

513 4796 669 4862 Quod
719 4805 898 4850 autem
937 4797 1185 4853 videatur
1227 4797 1396 4854 David
1427 4800 1578 4855 diras
1619 4800 1910 4872 imprecari
1937 4801 2014 4856 di-

444 4903 578 4943 cens
613 4904 626 4942 :
671 4887 858 4942 Veniat
888 4905 1028 4942 mors
1063 4903 1220 4958 super
1254 4889 1396 4954 illos,
1427 4900 1476 4944 et
1510 4890 1823 4946 descendant
1861 4897 1913 4945 iu
1939 4893 2016 4946 iu-

445 4978 651 5049 [eruum
686 4979 935 5046 viventes,
965 4995 1126 5050 quam
1157 4979 1470 5036 aliinitatem
1503 4983 1699 5037 haheat
1724 4998 1846 5038 cum
1878 4999 2014 5053 prae-

445 5072 592 5125 clara
611 5070 701 5124 illa
723 5070 843 5138 ejus
865 5071 1245 5143 celebrataque
1274 5075 1494 5138 virtute,
1521 5089 1630 5144 qua
1655 5074 1862 5130 dixisse
1885 5075 2016 5130 scri-

446 5157 594 5212 bitur
626 5175 638 5211 :
669 5155 731 5212 Si
760 5159 963 5212 reddidi
988 5161 1393 5217 retribucntibus
1419 5165 1544 5218 mihi
1574 5165 1747 5231 mala,
1776 5163 2014 5219 decidum

2113 4445 2220 4516 γὰρ
2253 4444 2406 4507 πόλις
2451 4443 2545 4496 τοῦ
2597 4443 2768 4498 Σαοὺλ
2800 4443 3017 4511 ἐλέγετο
3047 4439 3184 4495 εἶναι
3213 4444 3246 4513 ἡ
3288 4441 3464 4512 Ῥαμὰ
3485 4480 3502 4506 ,
3531 4441 3592 4494 τὸ
3630 4441 3677 4494 δ’

2112 4537 2423 4607 οἰκητήριον
2465 4533 2627 4588 αὐτοῦ
2655 4537 2688 4605 ή
2733 4533 2936 4598 Γαδεέ,
2985 4532 3135 4586 οῠπω
3178 4533 3275 4602 τῆς
3328 4531 3678 4601 Ἰερουσαλὴμ

2113 4612 2219 4680 ὑπό
2268 4625 2347 4696 τῷ
2410 4625 2624 4697 Ἰσραὴλ
2686 4624 2984 4695 γενομένης
3005 4663 3022 4688 ,
3085 4623 3196 4676 ἀλλ’
3250 4621 3330 4674 ἐτι
3367 4621 3676 4689 ἀλλοφύλων

2111 4715 2296 4787 οὔσης.

2182 4807 2256 4860 Τὸ
2279 4808 2323 4862 δ’
2349 4808 2659 4878 ἐπαρᾶσθαι
2679 4806 2854 4859 δοκεῖν
2880 4805 2970 4860 τὸν
2993 4803 3173 4868 Δαυῖδ,
3195 4803 3288 4856 καὶ
3315 4801 3514 4869 λέγειν’
3547 4804 3675 4855 Ἐλο

2114 4899 2258 4955 θέτω
2290 4897 2544 4963 θάνατος
2569 4897 2661 4949 ἐπ’
2686 4895 2934 4961 αὐτοὺς,
2978 4895 3073 4949 καὶ
3120 4892 3547 4958 καταϐήτωσαν
3591 4893 3674 4956 εις

2114 4990 2262 5057 ᾅδου
2294 4988 2502 5053 ζῶντες
2527 5026 2541 5049 ,
2573 4987 2730 5039 ποίαν
2753 4985 2866 5055 ἐχοι
2902 4984 3216 5054 συμφωνίαν
3250 4982 3384 5053 πρὸς
3403 4981 3464 5035 τὸ
3493 4997 3675 5051 σεμνο-

2113 5077 2332 5148 λόγημα
2360 5076 2458 5146 τῆς
2485 5075 2826 5146 ὑμνουμένης
2853 5072 3017 5125 αὑτοῦ
3049 5071 3268 5142 ἀρετῆς,
3302 5070 3388 5137 ἐφ’
3411 5063 3480 5138 ἦς
3503 5067 3674 5135 λέγων

2113 5164 2522 5234 ἀναγέγραπται
2542 5179 2554 5190 ·
2579 5164 2649 5214 El
2663 5159 3048 5216 ἁνταπέδωκα
3062 5159 3185 5224 τοῖς
3209 5154 3673 5212 ἀνταποδιδοῦσί

447 5255 510 5302 «Δ
537 5249 766 5303 inimicis
805 5251 931 5304 meis
964 5249 1183 5308 inanis?
1242 5251 1378 5306 Nam
1409 5255 1545 5310 tales
1596 5241 2015 5326 imprecationes

2112 5271 2207 5324 μοι
2227 5257 2401 5314 κακὰ,
2431 5251 2803 5319 ἀποπεσείην
2840 5248 2954 5317 ἄρα
2989 5248 3107 5304 ἀπὸ
3146 5247 3264 5302 τῶν
3303 5245 3530 5316 ἐχθρῶν
3556 5262 3670 5314 μου

449 5339 501 5392 in
528 5339 715 5395 hostes
740 5339 934 5404 edere,
973 5357 1081 5398 non
1126 5342 1448 5412 injuriarum
1501 5345 1836 5400 immemoris
1858 5344 2015 5399 Davi-

447 5431 534 5486 dis
561 5431 742 5487 fuerit.
770 5431 894 5498 Qui,
921 5440 980 5489 ut
1003 5433 1059 5488 in
1084 5434 1311 5490 historia
1341 5445 1615 5502 narratur,
1645 5452 1860 5507 semper
1883 5436 2016 5491 Sau-

447 5519 554 5574 lem
583 5522 637 5576 in
664 5523 871 5580 honore
897 5533 952 5579 et
977 5525 1152 5594 pretio
1196 5524 1404 5589 habuit,
1445 5534 1505 5579 ut
1535 5541 1603 5582 ne
1635 5527 1857 5582 auderet
1891 5528 2013 5596 qui-

450 5608 568 5664 dem
619 5613 722 5682 ipsi
762 5629 958 5670 manus
987 5614 1210 5682 inferre,
1261 5613 1422 5673 etiam
1446 5631 1572 5672 cum
1604 5617 1754 5674 illum
1783 5618 1838 5673 in
1871 5626 2014 5689 pote-

2115 5345 2325 5410 κενός;
2357 5342 2418 5395 τὸ
2444 5343 2551 5413 γὰρ
2577 5341 2830 5405 τοιαύτας
2872 5341 3010 5411 ἀρὰς
3048 5336 3405 5408 κατεύχεσθαι
3439 5336 3550 5388 τῶν
3584 5336 3670 5406 ἐχ-

2114 5436 2277 5509 θρῶν,
2307 5437 2406 5490 οὐκ
2433 5434 2499 5488 ἂν
2525 5435 2612 5504 εἴη
2638 5432 2730 5486 τοῦ
2757 5431 3077 5498 ἀνεξικάκου
3114 5428 3274 5484 Δαυτδ
3297 5469 3312 5492 ,
3342 5428 3399 5491 ός
3445 5427 3670 5482 πάντοτε

2111 5526 2286 5598 τιμῶν
2329 5527 2423 5580 καὶ
2461 5525 2622 5588 σέϐας
2657 5524 2794 5594 ἔχων
2842 5521 2938 5576 τοῦ
2970 5521 3158 5580 Σαοὺλ,
3195 5518 3271 5582 ὡς
3318 5518 3452 5594 μηδέ
3474 5517 3672 5586 τολμᾷν

2116 5618 2425 5676 ἐπιϐάλλειν
2452 5615 2600 5687 αὐτῷ
2621 5619 2826 5687 χεῖρας,
2848 5615 2936 5668 ὅτε
2959 5613 3054 5671 καί
3074 5608 3202 5669 ποτε
3241 5610 3544 5683 ὑποχείριον
3581 5609 3672 5662 αὖ.
