4024 6202
248 307 345 364 us
709 251 727 271 ’
1277 365 1279 369 η
1363 277 1837 355 somnumnon

1900 291 1967 347 lN
2006 287 2344 347 PSALMOS.
3371 289 3478 343 ιτι

249 421 331 474 τὸν
353 419 594 492 εἴληφεν,
640 421 700 488 ἐξ
731 421 903 490 αὐτῆς
929 421 1203 474 δείκνυται
1250 417 1348 486 τῆς
1375 416 1633 487 ἱστορίας.
1688 411 1798 466 Καὶ
1826 437 1838 469 ι

1899 415 2040 462 state
2066 406 2276 461 habuit.
2342 404 2408 458 Et
2436 403 2490 457 in
2514 388 2866 473 sequentibus
2899 402 3052 458 addit
3085 422 3096 456 :
3130 401 3326 455 Ποίιὶιί
3355 412 3479 454 sunt

249 508 446 580 προῖὼν
477 511 534 564 δὲ
563 511 802 579 ἐπιλέγει
825 527 838 541 ·
877 495 1330 573 Ἠπαλῦνθησαν
1359 508 1414 559 oi
1431 506 1597 574 λόγιοι
1619 500 1806 556 αὑτοῦ

1908 512 2171 552 sermones
2187 496 2300 564 ejus
2318 510 2473 563 super
2495 494 2689 557 oleum,
2708 504 2756 547 et
2782 495 2882 562 ipsi
2896 503 3018 548 sunt
3034 493 3243 562 jacula.
3277 492 3479 558 Quem-

249 597 394 666 ὑπὲρ
421 599 650 662 ἔλαιον,
675 599 774 653 καί
794 599 965 654 αὐτοι
995 599 1112 650 εἱσι
1154 593 1419 660 βολίὸες.
1450 594 1584 646 Τίνα
1621 587 1714 645 οὖν
1742 591 1807 645 άν

1907 601 2034 640 nam
2069 584 2314 654 proferre
2343 584 2471 654 quis
2501 583 2679 638 valeat
2707 583 2798 653 qui
2841 583 2955 637 haec
2987 583 3041 636 in
3079 581 3333 635 Davidem
3363 597 3482 650 ege-

246 705 326 752 τις
352 688 463 760 ἔχοι
500 688 668 755 δεῖξαι
694 691 783 742 τὸν
810 688 980 742 ταῦτα
1006 687 1084 758 τῷ
1109 685 1268 739 Δαυῒδ
1297 684 1665 755 πεποιηκότας
1719 680 1809 746 Ἐξ

1908 677 2014 730 rit?
2039 675 2114 729 Ex
2143 675 2343 745 quibus
2366 673 2624 730 omnibus
2655 679 2866 728 testimo
2895 689 3004 726 non
3038 687 3199 742 posse
3229 670 3297 724 ad
3328 669 3483 724 Davi-

156 767 164 776 ’
247 773 318 834 ῶν
342 780 596 834 ἁπάντων
626 780 861 850 ἠγοῦμαι
904 778 978 850 μὴ
1030 777 1212 849 χώραν
1247 777 1392 848 ἔχειν
1436 772 1744 845 άναφέρεσθ

1907 767 1994 822 dis
2021 783 2306 835 personam
2352 769 2465 822 haec
2496 765 2726 832 relerri;
2767 767 2862 820 sed
2916 765 3231 835 prophetica
3260 764 3313 816 vi
3342 763 3482 817 arbi-

248 871 311 925 τά
345 871 678 942 προκείμενα
710 873 803 925 ἐπὶ
826 872 886 924 τὸ
913 872 1007 924 τοῦ
1038 871 1200 926 Δαυῒδ
1229 871 1517 942 πρόσωπον
1539 885 1555 900 ·
1593 885 1809 940 προφη-

1907 866 2024 913 tror
2073 860 2219 914 dicta
2268 873 2412 920 esse.
2463 867 2518 912 et
2566 859 2621 912 in
2676 873 2784 911 uno
2814 855 3096 910 Salvatore
3151 864 3204 910 et
3251 853 3485 908 Domino

247 965 366 1034 τικῇ
398 964 455 1017 δὲ
484 960 635 1035 οἶμαι
656 965 880 1035 δυνάμει
905 964 1154 1034 λελέχθαι
1188 962 1325 1016 αὐτὰ
1349 1001 1364 1024 ,
1393 964 1486 1015 καὶ
1525 962 1618 1014 ἐπὶ
1651 961 1806 1032 μόνον

1906 959 2098 1004 nostro
2125 950 2414 1018 completa,
2443 948 2666 1019 quando
2696 947 2939 1002 Iudaicae
2967 947 3146 1017 gentis
3180 946 3478 1016 principes.

247 1052 331 1106 τδν
362 1054 589 1125 Σωτῆρα
610 1056 705 1108 καὶ
734 1053 936 1124 Κύριον
961 1053 1116 1124 ἡμῶν
1138 1052 1486 1106 συνίστασθαι
1513 1051 1806 1120 πεπληρωο

1905 1045 2294 1116 Πὶυιοοεοιγιιιαι
2317 1045 2374 1116 in
2389 1059 2554 1097 unum
2577 1041 2915 1112 congregati,
2934 1055 3255 1094 consessum
3279 1054 3343 1093 ac
3355 1053 3483 1093 con-

249 1143 402 1213 μένα,
425 1146 535 1209 ὅτε,
566 1149 704 1200 κατὰ
721 1146 782 1199 τὸ
815 1145 947 1199 αὐτὸ
968 1144 1319 1213 συναχθέντες
1337 1145 1388 1197 οί
1414 1143 1507 1198 τοῦ
1543 1143 1806 1196 Ἰουδαίων

1906 1138 2088 1191 silium
2141 1137 2415 1198 inierunt,
2443 1134 2716 1203 quomodo
2750 1149 2873 1187 eum
2907 1133 3196 1202 perderent
3233 1149 3246 1184 :
3293 1131 3347 1184 in
3373 1145 3481 1198 quo

247 1233 426 1297 εθνους
481 1235 737 1306 ἄρχοντες
792 1237 883 1288 ἐπὶ
933 1235 1033 1305 τῆς
1095 1233 1470 1305 Ἰερουσαλὴμ,
1535 1233 1806 1304 συνέδριον

1906 1227 1996 1280 alii
2027 1225 2245 1296 quidem
2284 1225 2483 1296 capitis
2508 1225 2871 1288 damnabant;
2905 1223 2997 1276 alii
3027 1221 3389 1280 obsistebant,
3425 1229 3482 1274 ut

247 1327 564 1396 ἐποιήσαντο
588 1328 683 1380 καὶ
715 1327 926 1396 σκέψιν,
970 1327 1116 1389 ὅπως
1149 1325 1310 1379 αὐτὸν
1340 1323 1674 1378 ἀπολέσωσιν
1695 1341 1709 1354 ·
1747 1326 1807 1376 ὲν

1906 1318 2236 1372 Nicodemus
2257 1317 2348 1384 qui
2380 1316 2596 1369 dicebat
2626 1334 2640 1369 :
2679 1312 2931 1382 Nunquid
2946 1313 3041 1366 λετ
3066 1322 3252 1366 nostra
3270 1309 3481 1380 judicat

246 1409 288 1483 ᾧ
314 1418 360 1469 οί
394 1418 492 1490 μὲν
534 1418 762 1472 θάνατον
792 1417 958 1471 αὐτοῦ
1007 1417 1477 1487 κατεψηφίσαντο’
1519 1415 1699 1486 ἕτεροι
1752 1415 1808 1468 δὲ

1907 1411 2189 1472 hominem,
2222 1409 2328 1462 nisi
2356 1409 2505 1476 prius
2530 1406 2759 1460 audierit
2795 1406 2857 1459 ab
2881 1407 2992 1473 ipso
3015 1405 3103 1460 ’³2
3146 1403 3270 1458 Haec
3301 1404 3482 1472 itaque

245 1511 545 1578 ἀντέλεγον,
600 1512 676 1573 ὡς
726 1513 756 1563 ό
776 1570 779 1572 _
803 1511 1108 1579 Νικόδημος
1162 1508 1365 1576 λέγων’
1411 1505 1510 1574 Μὴ
1553 1509 1586 1560 ό
1629 1507 1810 1575 νόμος

1907 1501 2221 1573 praphctice
2253 1502 2491 1570 Spiritus
2535 1506 2762 1555 sanctus
2795 1489 2947 1553 hisce
2991 1497 3177 1551 verbis
3222 1495 3482 1550 vaticina-

248 1597 410 1666 ἡμῶν
429 1599 771 1666 κατακρίνει
796 1598 904 1652 τὸν
940 1597 1274 1664 ἄνθρωπον,
1307 1599 1360 1650 εὶ
1373 1596 1460 1664 μή
1490 1613 1544 1649 τι
1574 1595 1808 1661 ἀκούσῃ

1910 1605 2015 1654 tur.
2053 1594 2316 1660 Quoniam
2342 1594 2449 1647 vidi
2479 1591 2809 1661 iniquitatem
2835 1598 2884 1644 et
2926 1587 3392 1642 contradictionem
3425 1586 3483 1639 in

245 1689 375 1755 παρ’
404 1690 628 1753 αὐτοῦ;
661 1689 825 1742 Ταῦτ’
872 1685 965 1742 οὖν
998 1686 1351 1759 προφητικῶς
1379 1688 1442 1740 τὸ
1493 1685 1714 1760 Πνεῦμα
1745 1685 1807 1739 τὸ

1908 1687 2119 1742 civitate
2153 1685 2238 1739 die
2281 1701 2344 1739 ac
2384 1694 2550 1738 nocte.
2599 1684 2798 1753 Aperte
2843 1695 3007 1750 porro
3037 1678 3312 1748 Evangelii
3350 1679 3485 1732 scrio

245 1743 398 1842 ἂγίον
430 1743 786 1840 ἀποθεσπίζει
816 1775 904 1828 διὰ
934 1743 1055 1829 τῶν.
1067 1743 1434 1846 προκειμένων
1459 1743 1651 1842 λέγονῖ
1677 1776 1806 1828 Ὅτι

1907 1785 2064 1847 ptura
2093 1774 2428 1845 prephe'tiam
2456 1743 2671 1832 asserit,
2697 1769 2812 1823 hate
2833 1743 2901 1822 de
2923 1743 3360 1836 proditore'Juda
3392 1780 3485 1818 ac-

239 1861 405 1918 εἶδον
427 1867 683 1934 ἀνομίαν
703 1867 799 1920 καί
819 1867 1166 1936 ἀντιλογίαν
1189 1867 1260 1919 ἐν
1286 1865 1359 1933 τῇ
1382 1868 1553 1919 πόλει
1583 1865 1807 1935 ἡμέρας

1906 1868 2114 1936 cipiens
2135 1906 2150 1930 ,
2201 1867 2263 1919 Si
2287 1864 2531 1918 inimicus
2556 1877 2698 1915 meus
2731 1859 3094 1913 maledixisset
3137 1856 3289 1919 mihi,
3326 1859 3487 1910 susti-

242 1957 343 2007 καὶ
368 1958 605 2022 νυκτός.
639 1958 826 2026 Σαφῶς
847 1959 903 2011 δὲ
943 1959 1034 2011 καὶ
1067 1959 1100 2027 ἡ
1125 1957 1218 2009 τοῦ
1257 1957 1588 2024 Εὐαγγελῐου
1619 1957 1806 2028 γραφὴ

1906 1958 2134 2012 nuissem
2152 1956 2330 2026 utique
2355 1971 2372 2007 :
2402 1963 2451 2007 et
2476 1954 2523 2006 si
2547 1953 2592 2006 is
2614 1952 2703 2022 qui
2734 1951 2916 2004 oderat
2944 1965 3046 2013 me,
3079 1963 3234 2015 super
3261 1963 3342 2000 me
3363 1964 3483 2000 ma-

244 2050 512 2118 μαρτυρεί
555 2051 620 2119 τῇ
672 2050 1007 2120 προφητείᾳ,
1045 2050 1138 2102 ἐπὶ
1166 2049 1258 2101 τὸν
1302 2049 1565 2120 προδότην
1606 2048 1806 2102 Ἰούδαν

1905 2066 2009 2119 grta
2070 2049 2278 2102 locutus
2338 2047 2561 2116 fuisset,
2599 2043 2987 2098 abscondissem
3036 2057 3118 2095 me
3162 2040 3388 2109 forsitan
3417 2039 3483 2092 ab

239 2136 545 2190 ὲκλαὸοὖσα
567 2137 647 2199 τὸ,
671 2140 738 2190 El
769 2143 803 2191 ὁ
835 2137 1045 2206 ἐχθρὸς
1072 2137 1346 2191 ὠνείδισέ
1363 2153 1440 2205 με
1459 2177 1472 2201 ,
1497 2136 1807 2206 ὑπήνεγκα

1905 2155 1984 2194 eo.
2051 2139 2129 2193 Tu
2157 2155 2275 2193 vero
2304 2137 2459 2191 homo
2503 2135 2806 2197 unanimis,
2859 2142 2912 2188 et
2937 2141 3156 2186 caatera.
3213 2130 3481 2197 Quoniam

238 2226 344 2279 ἀν·
381 2227 478 2279 καί
510 2229 564 2280 εί
587 2230 620 2280 ό
641 2222 840 2295 μισῶν
867 2245 965 2296 με,
995 2227 1088 2279 ἐπ’
1117 2226 1223 2295 ἐμὲ
1258 2227 1808 2296 ἐμεγαλορῤημόνηα

1906 2243 2036 2297 ergo
2064 2224 2354 2282 verborum
2393 2225 2589 2280 seriem
2621 2239 2729 2277 non
2757 2223 2864 2276 alio
2897 2222 3078 2285 modo,
3113 2237 3276 2292 quam
3305 2223 3358 2274 in
3387 2221 3485 2275 ad-

238 2333 368 2381 σεν,
395 2318 658 2385 ἐκρύόην
689 2317 767 2370 ἂν
792 2319 894 2372 ἀπ’
917 2316 1125 2372 αὐτοῦ.
1155 2317 1238 2371 Σὺ
1267 2316 1354 2381 δὲ,
1390 2317 1662 2385 ἄνθρωπε
1692 2319 1809 2372 lad-

1907 2318 2094 2374 missis
2135 2327 2326 2372 contra
2386 2315 2724 2370 Salvatorem
2775 2312 3151 2376 facinoribus,
3205 2312 3481 2382 impletam

238 2411 418 2476 ψυχε,
443 2409 538 2462 καὶ
565 2407 634 2462 τὰ
673 2407 818 2478 ἑξῆς.
867 2409 1019 2462 ‘Enai.
1047 2409 1228 2460 τοίνυν
1273 2409 1368 2461 καὶ
1407 2410 1440 2479 ἡ
1495 2410 1808 2479 σύμφρασις

1906 2411 2030 2463 esse
2056 2407 2477 2476 comprobatur;
2524 2413 2688 2474 atque
2717 2403 3044 2474 evangelica:
3087 2403 3370 2459 sententia:
3402 2409 3485 2457 te-

239 2494 346 2550 τῶν
369 2495 542 2564 λόγων
578 2497 679 2550 οὐκ
721 2497 896 2560 ἄλλως
938 2497 1330 2569 πεπληρῶσθαι
1366 2497 1802 2569 ἀποδείκνυταιῆ

1907 2499 2223 2554 stimouium
2279 2505 2634 2552 memoratam
2689 2496 2938 2550 lectionis
2973 2503 3182 2565 partem
3216 2495 3282 2549 ad
3307 2493 3483 2564 prodi-

237 2584 323 2638 διὰ
343 2585 449 2639 τῶν
475 2588 554 2648 είς
577 2586 666 2638 τὸν
692 2587 920 2656 Σωτῆρα
941 2587 1365 2657 πεπραγμένων,
1390 2588 1424 2657 ἧ
1443 2604 1504 2640 τε
1535 2589 1806 2660 μαρτυρία

1907 2599 2078 2644 torem
2109 2589 2304 2652 refert;
2335 2596 2763 2642 consentaneum
2797 2602 2931 2641 sane
2953 2586 3118 2640 luerit
3137 2599 3240 2638 nos
3265 2599 3484 2653 quoque

237 2676 334 2745 τῆς
361 2676 719 2746 εύαγγελικῆς
748 2678 1102 2749 παραθέσεως
1128 2679 1220 2731 ἐπὶ
1257 2679 1346 2731 τὸν
1371 2679 1635 2750 προδότην
1680 2681 1808 2732 ἀνα-

1906 2675 1974 2731 de
1997 2685 2243 2746 tempore
2265 2674 2535 2729 Salutaris
2563 2673 2838 2742 passionis
2859 2673 2999 2726 hanc
3021 2671 3360 2741 prophetiam
3393 2685 3487 2724 ac-

238 2765 390 2834 φέρει
410 2765 473 2818 τὸ
495 2763 786 2836 προλεχθὲν
828 2765 991 2835 μέρος
1035 2763 1130 2819 τοῦ
1170 2763 1629 2834 άναγνώσματος·
1679 2764 1808 2817 άκό-

1906 2780 2110 2835 cipere,
2127 2776 2289 2834 atque
2317 2769 2755 2818 commonstrare
2781 2761 2992 2831 singula
3027 2761 3101 2815 ibi
3135 2761 3320 2825 allata,
3349 2767 3487 2814 tem--

237 2850 425 2906 λουθον
451 2855 517 2906 ἂν
551 2854 635 2922 εἴη
661 2852 755 2904 καλ⁵
777 2854 924 2921 ημᾶς
952 2847 1159 2906 ὲπΥτδν
1191 2853 1378 2924 καιρὸν
1409 2854 1500 2906 τοῦ
1529 2854 1804 2926 Σωτηρίου

1906 2870 2038 2925 pore
2063 2856 2386 2910 insidiarum
2417 2861 2609 2907 contra
2639 2852 2978 2907 Salvatorem
3007 2857 3291 2914 nostrum,
3327 2850 3485 2903 liuent

235 2943 444 3004 πάθους
470 2943 570 3011 τὴν
597 2940 875 3010 παροῦσαν
899 2941 1145 2994 ἐκλαϐεῖν
1171 2943 1524 3012 προφητείαν,
1551 2943 1719 3008 δεῖξαί
1744 2962 1804 2998 τε

1906 2947 2205 3015 accepisse.
2239 2943 2620 3014 lnscriptionis
2652 2944 2836 3011 itaque
2863 2941 3025 2996 verba
3047 2940 3161 3010 jam
3192 2941 3259 2994 ad
3286 2939 3489 2994 intelli-

233 3032 448 3083 ἓκαστα
479 3030 594 3083 τῶν
620 3032 678 3083 ὲν
707 3029 878 3102 ταύτῃ
899 3031 1209 3101 φερομένων
1237 3035 1294 3084 ὲν
1336 3033 1510 3102 καιρῷ
1538 3034 1635 3102 τῆς
1665 3033 1804 3087 κατὰ

1908 3038 2142 3105 gentiam
2176 3030 2447 3092 dictorum
2495 3035 2598 3089 nos
2644 3041 2961 3105 provocant,
2998 3039 3162 3103 atque
3210 3031 3279 3086 ad
3325 3032 3485 3086 linem

233 3120 328 3174 τοῦ
359 3120 613 3192 Σωτῆρος
635 3120 788 3191 ἡμῶν
815 3119 1103 3196 ἐπιϐουλῆς
1130 3120 1314 3183 τέλους
1339 3123 1691 3193 τετυχηκότα.
1727 3124 1808 3176 Τὰ

1909 3127 2210 3190 remittunt,
2244 3128 2373 3196 quia
2409 3126 2522 3179 haec
2555 3126 2607 3178 in
2634 3125 3108 3178 consummatione
3139 3123 3323 3178 seculi
3367 3123 3486 3192 ipso

239 3209 336 3277 μὲν
385 3204 480 3260 οὖν
525 3209 622 3278 τῆς
653 3208 973 3278 προγραφῆς
1017 3209 1110 3262 καὶ
1156 3209 1250 3262 νῦν
1291 3212 1436 3279 ἡμᾶς
1469 3210 1562 3262 ἐπὶ
1597 3210 1810 3264 σύνεσιν

1911 3231 2076 3286 opere
2111 3215 2352 3285 perlecta
2387 3223 2534 3268 sunt.
2599 3213 2821 3287 Dictum
2847 3229 2976 3268 vero
3004 3222 3124 3278 est,
3159 3214 3213 3266 in
3238 3209 3484 3282 hymnis;

237 3298 491 3370 διεγείρει
518 3297 627 3352 τῶν
665 3299 1072 3372 ἐμφερομένων,
1113 3301 1207 3353 καὶ
1235 3303 1314 3363 είς
1346 3301 1408 3355 τὸ
1439 3301 1590 3365 τέλος
1611 3303 1668 3354 δὲ
1703 3319 1810 3354 πα-

1911 3309 2046 3370 sive,
2085 3307 2385 3362 secundum
2418 3305 2702 3374 Aquilam,
2739 3306 2792 3357 in
2821 3305 3078 3372 psalmis;
3115 3305 3229 3358 sive
3249 3343 3264 3368 ,
3290 3318 3489 3357 secun-

242 3391 541 3460 ραπέμπει,
575 3389 662 3443 διὰ
688 3391 748 3443 τὸ
776 3391 868 3442 επὶ
889 3390 1167 3461 συντελείᾳ
1196 3390 1289 3444 τοῦ
1319 3390 1512 3454 αἰῶνος
1537 3392 1606 3444 δι’
1633 3390 1812 3462 ἔργων

1915 3399 2042 3453 dum
2077 3396 2488 3468 Symmachum,
2522 3410 2612 3463 per
2639 3395 2897 3462 psalteria
2917 3433 2932 3458 ,
2971 3395 3098 3463 quia
3126 3393 3249 3446 linis
3276 3394 3489 3461 passio-

243 3480 378 3532 αὐτὰ
405 3479 820 3551 πεπληρῶσθαι.
846 3481 1075 3551 Εἴρηται
1130 3481 1189 3533 δὲ
1237 3482 1330 3534 καὶ
1368 3481 1438 3535 ἐν
1475 3481 1716 3549 ὕμνοιςο
1749 3483 1802 3552 ἢ,

1913 3489 2000 3544 nis
2030 3487 2321 3546 Salutaris,
2351 3495 2572 3554 propter
2607 3484 3069 3538 resurrectionem
3103 3497 3167 3536 ac
3189 3483 3492 3550 redempto-

245 3570 380 3623 κατὰ
408 3572 502 3624 τὸν
543 3571 793 3637 Ἀκύλαν,
821 3575 890 3626 ἐν
926 3573 1186 3642 ψαλμοῖς
1209 3593 1222 3605 ·
1251 3575 1309 3645 ἢ,
1338 3575 1479 3628 κατὰ
1529 3578 1620 3630 τὸν
1659 3577 1805 3647 Σύμ-

1915 3595 2036 3632 rum
2061 3578 2314 3640 salutem,
2349 3575 2586 3645 hymnis,
2611 3572 2886 3642 psalteriis
2908 3578 2960 3625 et
2993 3570 3223 3625 canticis
3247 3570 3492 3625 celebra-

247 3676 432 3731 μαχον,
467 3661 565 3716 διὰ
591 3663 937 3730 ψαλτηρίων
953 3680 968 3693 θ
1004 3664 1192 3734 emat;
1217 3664 1278 3717 τὸ
1305 3663 1456 3728 τέλος
1482 3665 1573 3718 τοῦ
1605 3667 1809 3731 πάθους

1438 3683 1456 3728 ;
1482 3665 1573 3718 τοῦ
1605 3667 1809 3731 πάθους
1919 3678 2026 3722 tur.
2063 3666 2129 3720 Et
2162 3666 2279 3720 haec
2305 3663 2526 3734 quidem
2557 3663 2623 3716 de
2649 3663 3027 3731 inscriptione.

243 3753 331 3806 τοῦ
361 3755 640 3826 Σωτηρίου
665 3756 848 3826 ὓμνων
869 3757 961 3810 καὶ
986 3757 1320 3828 ψαλτηρίων,
1363 3759 1457 3812 καὶ
1488 3759 1638 3830 ᾠδῶν
1687 3766 1900 3833 μετεῖχε
1961 3763 2061 3832 τῆς
2110 3777 2170 3813 τε
2235 3758 2583 3820 ἀναστάσεως
2624 3756 2790 3810 αὐτοῦ
2851 3757 3012 3809 ἕνεκα
3046 3755 3142 3808 καὶ
3178 3755 3280 3825 τῆς
3318 3773 3491 3829 σωτηει

246 3846 360 3916 pla;
389 3848 503 3902 τῶν
527 3849 594 3902 δι’
623 3851 792 3920 αὐτῆς
818 3849 1256 3922 λελυτρωμένων.
1299 3853 1409 3905 Καὶ
1449 3854 1670 3907 τοιαῦτα
1711 3857 1809 3925 μὲν
1847 3857 1914 3911 τὰ
1941 3857 2038 3925 τῆς
2059 3853 2408 3926 προγραφῆς·

311 3940 392 3993 Τὰ
415 3943 479 3994 δὲ
503 3943 602 4013 τῆς
623 3945 959 4012 προφητείας
990 3943 1298 4016 παρακαλεῖ
1319 3945 1410 3998 τὸν
1451 3946 1585 3999 Θεὸν
1627 3949 1814 4001 ἐνωτί-

1987 3947 2142 4013 Quod
2171 3946 2508 4016 prophetiam
2539 3959 2670 4000 vero
2698 3951 2943 4013 spectat,
2979 3950 3134 4014 rogat
3169 3941 3335 3997 Deum
3358 3981 3374 4006 ,
3410 3941 3488 3996 uti

248 4033 439 4086 σασθαι
473 4033 568 4086 τοῦ
599 4033 866 4102 λέγοντος,
894 4036 988 4087 καὶ
1021 4035 1164 4088 τοῦτ’
1190 4036 1338 4106 αύτῷ
1375 4037 1591 4110 πρῶτον
1638 4057 1815 4110 παρα-

1919 4054 1978 4094 se
2003 4039 2316 4107 loquentem
2349 4035 2641 4097 exaudiat,
2675 4043 2730 4088 et
2760 4033 2863 4087 hoc
2889 4035 3123 4103 primum
3170 4033 3274 4088 sibi
3305 4031 3491 4086 conle-

249 4125 387 4190 σχεῖν
410 4141 423 4154 ·
459 4119 578 4176 εἷτα
607 4123 875 4195 δεύτερον,
904 4123 1107 4192 γνῶναι
1135 4126 1230 4197 τὴν
1259 4127 1346 4180 διὰ
1375 4128 1472 4199 τῆς
1504 4131 1812 4199 προσευχῆς

1919 4139 2032 4197 rat;
2063 4127 2326 4191 secundo,
2356 4136 2415 4182 ut
2441 4119 2687 4182 attendat
2718 4125 3084 4181 obsecrationi
3121 4140 3184 4182 ac
3214 4125 3488 4195 supplica-

243 4210 706 4282 ἀναπεμπομένην
733 4212 914 4280 δέησιν
943 4213 1036 4265 καὶ
1068 4214 1347 4284 ἱκετηρίαν
1372 4253 1387 4277 ,
1425 4215 1499 4285 μὴ
1538 4217 1813 4285 ὑπεριδεῖν

1919 4218 2052 4273 tioni
2083 4218 2150 4271 ab
2175 4233 2232 4272 se
2263 4231 2358 4286 per
2399 4217 2701 4270 orationem
2737 4214 2970 4276 cmissze,
3008 4229 3108 4267 nec
3137 4227 3257 4266 eam
3305 4210 3488 4280 despi-

245 4317 300 4352 τε
327 4303 501 4372 αὐτήν
522 4319 536 4332 ·
569 4303 662 4356 καὶ
682 4304 883 4374 τρίτον,
913 4304 1012 4375 τὴν
1041 4303 1373 4357 κατάστασιν
1402 4304 1694 4360 θεάσασθαι
1717 4307 1811 4360 τοῦ

1915 4309 2052 4374 ciat;
2086 4309 2276 4371 tertio,
2311 4307 2521 4361 orantis
2566 4305 2815 4359 allectum
2858 4305 3200 4365 consideret,
3229 4310 3282 4356 et
3309 4305 3382 4354 ita
3406 4303 3489 4354 di-

245 4390 340 4459 τήν
371 4392 682 4464 προσευχὴν
705 4394 1136 4463 ἀναπέμποντος,
1170 4395 1264 4448 καὶ
1288 4393 1458 4458 οὕτως
1487 4397 1644 4449 αὑτὸν
1682 4414 1812 4450 κατ-

1916 4407 2116 4468 gnetur
2150 4412 2334 4450 aurem
2367 4397 2606 4464 praebere
2629 4433 2644 4457 ,
2677 4408 2845 4462 quare
2875 4394 2954 4446 sic
2983 4393 3226 4456 claudit,
3269 4389 3486 4444 Intende

248 4479 475 4545 αξιῶσαι
506 4484 605 4553 τῆς
642 4483 840 4537 ἑαυτοῦ
871 4485 1071 4556 ἀκοῆς·
1107 4485 1188 4538 διὸ
1229 4486 1469 4554 ἐπιλέγει
1495 4504 1508 4518 ο
1540 4489 1814 4556 Πρόσχες

1915 4489 2044 4541 ηιιηί
2090 4497 2138 4540 et
2185 4485 2380 4540 exaudi
2430 4501 2531 4539 me.
2581 4483 2717 4537 Nam
2761 4483 2854 4550 qui
2895 4483 3197 4535 orationem
3237 4479 3483 4546 elluudit,

241 4587 340 4638 μοι
368 4574 472 4627 καί
505 4573 872 4628 εἰσάκουσον
901 4593 1040 4644 μου.
1077 4577 1286 4646 Ὥσπερ
1317 4578 1424 4648 γὰρ
1459 4578 1696 4631 δυσωπεῖ
1722 4579 1813 4632 τὸν

1958 4579 2072 4632 uasi
2101 4576 2210 4631 Deo
2234 4591 2356 4630 sese
2383 4571 2829 4644 conspiciendum
2855 4572 3121 4640 prazbens,
3153 4571 3405 4626 obsecrat
3432 4582 3486 4628 et
3543 4623 3547 4626 .

248 4660 373 4716 Θεὸν
425 4664 618 4717 ἑαυτὸν
664 4665 871 4729 δεικνὺς
903 4668 931 4718 ό
966 4666 1063 4738 τὴν
1099 4668 1406 4738 προσευχὴν
1455 4667 1812 4739 ἀναπέμπων,

1917 4667 1994 4720 ait
2023 4665 2148 4736 ipsi,
2188 4662 2562 4736 lntende‘mihi
2592 4678 2611 4716 :
2644 4669 2958 4730 statumque
2988 4676 3146 4715 suum
3180 4671 3367 4732 postea
3389 4664 3483 4719 de-

248 4754 338 4807 καὶ
381 4756 558 4824 λέγων
600 4757 679 4827 τῷ
712 4757 862 4828 Θεῷο
901 4759 1173 4828 Πρόσχες
1206 4776 1309 4828 μοι
1330 4775 1344 4788 ·
1394 4759 1492 4831 τὴν
1525 4760 1580 4813 δὲ
1624 4761 1813 4814 ἑαυτοῦ

1918 4759 2090 4813 clarat
2134 4758 2321 4812 dicens
2362 4775 2377 4812 :
2425 4754 2787 4809 Contristatus
2830 4771 2948 4808 sum
2996 4755 3051 4807 in
3107 4756 3481 4814 exercitatione

249 4845 576 4900 κατάστασιν
602 4847 897 4920 παρίστησι
925 4849 1018 4901 καὶ
1054 4849 1181 4919 ἑξῆς
1219 4849 1423 4918 λέγων·
1474 4850 1818 4918 Ἐλυπήθην

1919 4865 2054 4911 mea,
2084 4857 2131 4902 et
2162 4847 2502 4902 conturbatus
2534 4863 2651 4901 sum
2680 4864 2713 4900 a
2745 4863 2862 4900 voce
2883 4847 3106 4911 inimici,
3132 4858 3180 4901 et
3211 4864 3244 4900 a
3269 4847 3493 4902 tribula-

247 4934 316 4986 ἐν
346 4934 420 5005 τῇ
445 4927 775 5008 ἀδόλεσχίᾳ
799 4957 941 5007 μου,
974 4940 1072 4992 καί
1096 4941 1429 5010 ἐταράχθην
1457 4943 1576 4997 ἀπὸ
1616 4933 1818 5012 φωνῆς

1922 4942 2060 4995 tione
2100 4941 2410 5010 peccatoris.
2472 4938 2609 4993 Nam
2654 4939 2896 4993 dolorem
2927 4947 3085 4994 suum
3113 4938 3222 4994 Deo
3257 4941 3478 4996 exhibet

183 5099 194 5113 _
249 5026 484 5095 ἐχθροῦ,
512 5029 608 5082 καί
631 5029 750 5083 ἀπὸ
780 5033 1040 5099 θλίψεως
1062 5033 1429 5102 ἀμαρτωλοῦ.
1458 5034 1567 5105 Τὴν
1597 5032 1706 5104 γάρ
1729 5031 1772 5084 λι

1923 5047 2137 5087 necnon
2193 5032 2664 5087 conturbationem
2689 5069 2704 5093 ,
2735 5039 2788 5084 et
2813 5045 2932 5084 eam
2957 5045 3119 5100 quam
3151 5039 3310 5086 vocat
3334 5048 3487 5087 exer-

251 5132 356 5188 πην
388 5119 583 5172 ἑαυτοῦ
611 5121 848 5174 δείκνυσι
875 5121 953 5192 τῷ
979 5122 1097 5193 Θεῷ
1126 5123 1219 5175 καὶ
1264 5124 1362 5195 τὴν
1402 5128 1645 5197 ταραχὴν
1665 5165 1681 5190 ,
1724 5127 1820 5180 καὶ

1921 5124 2272 5188 citatione-tn,
2319 5130 2506 5198 utpote
2553 5137 2673 5191 quae
2716 5121 2882 5192 digna
2940 5123 3050 5176 sint
3102 5123 3491 5194 conspecti-bus

247 5207 313 5276 ῆν
335 5207 500 5280 φησιν
523 5211 832 5283 ἀδολεσχίαν
856 5255 872 5282 ,
906 5214 1000 5267 καὶ
1031 5214 1107 5278 ὡς
1135 5213 1261 5278 ἄξια
1309 5216 1410 5285 τῆς
1453 5217 1645 5270 ἑαυτοῦ
1687 5217 1823 5271 θεω-

1921 5215 2062 5284 ejus.
2099 5215 2302 5283 Quare,
2337 5215 2447 5277 his,
2479 5215 2678 5285 inquit,
2710 5214 2949 5278 intende,
2984 5216 3258 5284 quomodo
3289 5214 3484 5270 contri-

253 5301 390 5369 ρίας.
421 5304 532 5368 Διὸ,
561 5303 790 5369 τούτοις,
830 5306 1015 5378 φησιν,
1039 5307 1293 5377 πρόσχες,
1335 5307 1483 5372 ὅπως
1510 5308 1807 5380 ἐλυπήθην,

1922 5315 2100 5362 status
2131 5306 2257 5369 sim,
2295 5306 2570 5376 quomodo
2606 5307 2986 5373 conturbatus,
3022 5316 3076 5362 et
3105 5304 3498 5363 exercitatione

251 5391 394 5456 ὅπως
443 5395 770 5467 ἐταράχθην,
826 5397 975 5460 ὅπως
1040 5397 1350 5467 ἀδολεσχίας
1417 5397 1779 5471 πεπλήρωμαι
1803 5403 1831 5430 ·’

1922 5397 2210 5467 repletus:
2248 5405 2411 5468 atque
2463 5397 2550 5453 his
2598 5397 2918 5467 acceptatis,
2963 5396 3160 5453 exaudi
3203 5407 3308 5448 me.
3369 5389 3493 5443 Haec

252 5480 650 5554 ἀτωδεξάμενός
695 5504 754 5540 τε
796 5487 988 5555 ταῦτα,
1030 5487 1337 5543 ὲπάκουσόν
1389 5505 1510 5560 μου.
1561 5490 1722 5560 Λέγει
1765 5489 1822 5543 δὲ

1929 5504 2094 5560 porro
2127 5471 2346 5561 Spiritu‘
2369 5489 2554 5546 divino
2585 5489 2800 5547 albatus
2841 5489 3100 5560 propheta
3133 5487 3299 5549 dicit,
3347 5483 3492 5536 lutu-

320 5639 369 5670 ἰ
407 5638 566 5696 Joan.
595 5655 674 5696 vu
695 5680 711 5708 ,
743 5642 832 5699 Si.
