4024 6202
499 286 606 342 475

1136 284 1401 339 EUSEBI‘I
1437 282 1909 340 CAESABIENSIS
1945 285 2092 340 OPP.
2133 285 2309 339 PARS
2346 284 2430 339 Ill.
2453 314 2539 371 ‘—
2579 283 2982 339 EXEGETICA.

3586 246 3591 250 ι
3614 290 3720 343 476

501 417 593 457 ros
636 400 944 455 Iudaeorum
973 389 1178 454 contra
1208 399 1401 453 Filium
1435 398 1527 454 Dei
1561 415 1728 456 ausus
1754 403 1911 470 quasi
1945 402 2039 470 jan

2158 403 2327 453 ταύτα
2352 401 2622 468 Πνεύματι
2652 399 2781 470 θείῳ
2813 403 2841 453 ὁ
2862 402 3172 471 προφήτης,
3205 401 3272 454 τὰ
3305 402 3444 455 κατὰ
3467 403 3559 456 τοῦ
3591 405 3720 458 Υίοῦ

499 494 792 559 praesentes
845 488 1183 558 prospiciens
1217 506 1230 540 :
1264 488 1466 557 quibus
1497 487 1762 544 confusus
1791 500 1843 542 et
1871 490 2061 542 turba-

499 593 620 642 tus,
656 579 844 634 dolore
873 587 926 633 et
956 580 1204 648 angustia
1224 618 1239 642 ,
1290 594 1452 647 quam
1494 579 1938 634 exercitationem
1970 595 2064 633 vo-

496 680 606 734 cat,
641 672 879 741 repletur
913 671 1160 740 degebat.
1196 669 1568 726 Contristatus
1597 685 1747 740 ergo,
1769 671 2064 724 conturba—

495 769 608 824 tus,
655 761 1044 816 exercitatione
1075 767 1129 815 et
1159 761 1410 828 angustia
1443 756 1656 830 plenus
1682 767 1799 814 erat
1829 761 1899 814 oh
1931 760 2064 816 facie-

496 867 652 918 nora,
683 867 801 921 qua:
829 866 951 905 mox
991 861 1238 906 recenset
1267 851 1455 905 dicens
1505 869 1519 905 :
1583 851 1702 904 Vidi
1733 852 2061 921 iniquitatem

493 955 542 998 et
577 944 1043 997 contradictionem
1074 943 1129 994 in
1149 942 1378 1005 civitate,
1406 950 1460 996 et
1482 949 1700 1004 caetera,
1732 957 1852 1011 quae
1877 951 2061 1010 postea

494 1049 658 1103 opere
692 1033 956 1102 completa
988 1039 1137 1088 sunt.
1193 1031 1528 1086 Praevertens
1567 1031 1736 1102 igitur
1766 1032 1821 1085 in
1855 1031 2059 1100 Spiritu

494 1133 682 1179 sancto
697 1124 975 1192 propheta,
994 1123 1885 1188 contristabatur,conturbabatur,
1907 1136 2060 1176 exer-

492 1217 781 1279 citabatur,
811 1216 997 1270 dolore
1023 1215 1216 1284 plenus
1247 1213 1300 1266 in
1333 1229 1428 1269 eos
1459 1213 1550 1282 qui
1583 1214 1711 1266 talia
1751 1213 2058 1283 aggressuri

482 1303 668 1358 “erant.
685 1301 1231 1371 QuamobremlDeum
1251 1310 1425 1356 status
1446 1302 1529 1355 sui
1554 1302 1913 1371 inspectorem
1937 1314 2060 1355 esse

493 1393 848 1464 rogatdicens
880 1411 892 1445 :
926 1391 1156 1455 Exaudi,
1187 1391 1345 1456 Deus,
1374 1393 1664 1446 orationem
1693 1407 1884 1453 meam,
1921 1401 1970 1445 et
1995 1408 2058 1445 ne

491 1483 784 1551 despexeris
810 1481 1222 1550 deprecationem
1245 1497 1410 1534 meam
1436 1497 1454 1533 :
1487 1480 1691 1533 intende
1734 1479 1860 1534 milii
1887 1488 1937 1533 et
1965 1496 2058 1534 ex-

491 1572 617 1626 audi
650 1589 748 1626 me.
803 1571 860 1626 In
894 1572 996 1626 hac
1024 1572 1337 1625 conditione
1360 1586 1542 1624 rerum
1575 1571 1787 1640 positus
1807 1611 1822 1636 ,
1853 1571 1933 1626 sic
1957 1572 2055 1626 de-

2163 490 2254 543 τοῦ
2280 489 2413 541 Θεοῦ
2452 489 2708 559 μέλλοντα
2731 489 2835 541 ὑπὸ
2873 490 3136 542 Ἰουδαίων
3176 491 3494 560 τολμᾶσθαι,
3515 494 3589 557 ὡς
3619 496 3723 565 ἤδη

2163 581 2406 649 παρόντα
2426 580 2634 649 βλέπων
2653 597 2666 610 ⁸
2703 581 2788 649 ἐφ’
2815 575 2894 644 οἷς
2940 582 3297 651 συγχεόμενος
3331 584 3426 637 καὶ
3455 586 3724 654 ταραττό-

2165 687 2342 740 μενος,
2369 670 2542 740 λύπης
2562 687 2620 722 τε
2643 669 3013 740 πληρούμενος
3039 671 3132 724 καὶ
3153 671 3478 741 ἀμηχανίας,
3516 673 3580 743 ἢν
3601 675 3730 728 ἀδο-

2161 758 2378 829 λεσχίαν
2399 759 2665 829 ὠνόμασε,
2700 759 2942 812 διετέλει.
2987 758 3262 811 Ἑλυπεῖτο
3288 759 3418 826 γοῦν
3457 762 3550 813 καὶ
3594 763 3723 816 ἐτα-

2161 849 2408 920 ράττετο,
2429 849 2522 901 καὶ
2546 848 2698 918 ῆδολέ
2707 865 2820 917 σχει
2831 849 3121 918 ἀμηχανῶν
3137 849 3228 902 καὶ
3255 850 3471 919 ἀπορῶν
3491 851 3584 903 ἐπὶ
3608 856 3722 914 τοῖς

2159 939 2542 1010 τολμωμένοις,
2589 939 2624 992 ἆ
2675 939 2864 1010 μικρὸν
2913 939 3135 1010 ὕστερον
3185 940 3403 1006 διέξεισι
3461 941 3716 1009 φάσκων·

2160 1026 2340 1085 Εἶδον
2360 1029 2612 1097 ἀνομίαν
2640 1029 2736 1082 καὶ
2759 1030 3102 1098 ἀντιλογίαν
3118 1030 3188 1083 ἐν
3214 1029 3287 1096 τῇ
3315 1032 3507 1091 πόλει,
3537 1032 3631 1083 καὶ
3653 1033 3721 1086 τὰ

2159 1123 2312 1192 ἐξῆςο
2368 1123 2530 1192 ἅπερ,
2587 1121 2809 1192 ὕστερόν
2858 1139 2983 1174 ποτε
3032 1122 3096 1174 δι’
3136 1121 3307 1192 ἔργων
3339 1124 3716 1193 κεχωρηκότα,

2158 1211 2440 1282 προλαϐὼν
2488 1212 2564 1282 τῷ
2611 1211 2884 1282 Πνεύματι
2935 1211 3013 1280 τῷ
3047 1211 3182 1282 ἁγίῳ
3205 1213 3233 1264 ὁ
3263 1213 3562 1282 προφήτης,
3592 1212 3720 1266 ἐλυο

2157 1304 2308 1354 πείτο
2333 1303 2427 1354 καὶ
2455 1300 2778 1372 ἐταράττετο
2819 1303 2909 1354 καὶ
2929 1301 3202 1371 ήδολέσχει
3225 1340 3238 1364 ,
3283 1301 3518 1371 ἀθυμίας
3552 1304 3719 1376 ὲμπιέ

2156 1394 2425 1464 πλάμενος
2449 1397 2539 1448 ἐπὶ
2569 1397 2678 1458 τοῖς
2731 1393 2797 1447 τὰ
2827 1394 3050 1446 τοιαῦτα
3068 1392 3322 1462 τολμῶσι.
3366 1392 3456 1443 Διὸ
3498 1393 3587 1444 καὶ
3625 1395 3716 1446 τὸν

2155 1483 2284 1536 Θεὸν
2303 1484 2541 1555 ἐπόπτην
2569 1485 2666 1554 τῆς
2689 1484 2879 1536 ἑαυτοῦ
2906 1479 3286 1544 καταστάσεως
3320 1481 3569 1550 γενέσθαι
3606 1501 3715 1537 πα-

2158 1574 2381 1646 ρακαλεῖ
2408 1575 2576 1642 λέγων
2595 1592 2608 1606 ο
2645 1575 2962 1639 Ἐνώτισιιι,
2985 1577 3017 1629 ὁ
3037 1573 3199 1638 Θεὸς,
3224 1572 3338 1640 τὴν
3364 1573 3714 1645 προσευχήν

490 1663 617 1718 inde
646 1664 972 1733 precabatur
1008 1683 1020 1717 :
1064 1662 1348 1730 Prwcipita
1366 1700 1381 1724 ,
1409 1659 1648 1723 Domine,
1677 1672 1725 1716 et
1753 1662 1924 1716 divide
1951 1662 2039 1715 lin-

2149 1681 2288 1733 μου,
2323 1665 2418 1717 καὶ
2441 1665 2526 1732 μὴ
2558 1664 2846 1733 ύπερίδῃς
2876 1664 2988 1732 τὴν
3018 1663 3231 1730 δέησίν
3259 1679 3410 1731 μου·
3447 1664 3713 1732 πρόσχες

486 1767 620 1822 guas
647 1769 846 1808 eorum.
891 1752 1055 1817 Queis
1090 1759 1244 1820 rogat
1274 1765 1462 1804 eorum
1492 1759 1680 1804 contra
1714 1751 2039 1806 Salvatorem

2150 1730 2248 1826 μοι
2276 1757 2374 1809 καὶ
2404 1730 2766 1810 είσιίκουσόν
2983 1755 3070 1807 Ἕν
3116 1730 3336 1824 τοιαύτη
3379 1754 3436 1806 δὲ
3475 1730 3712 1821 γεγονὼς

486 1839 836 1894 concordiam
866 1840 1142 1907 dissipari,
1181 1838 1490 1907 superbiam
1517 1845 1572 1893 et
1611 1841 1932 1910 arrogantiae
1962 1848 2044 1894 tu-

487 1945 694 1984 morem
722 1929 969 1999 deprimi,
1001 1943 1068 1982 ne
1100 1929 1214 1996 ipse
1238 1936 1581 1994 attereretur,
1603 1940 1657 1984 et
1689 1931 1830 1984 mala
1859 1945 2048 1986 eorum

486 2027 833 2089 augerentur.
882 2017 1014 2072 Cum
1043 2033 1208 2087 porro
1242 2018 1439 2072 rationi
1465 2027 1827 2074 consentanea
1863 2029 2050 2090 postu-

485 2110 656 2173 laret,
703 2109 1045 2179 supplicabat
1073 2124 1142 2162 ne
1171 2108 1577 2178 despiceretur;
1627 2112 1720 2164 sed
1762 2111 1926 2165 etiam
1953 2111 2050 2166 do-

485 2201 618 2264 lore,
669 2199 1112 2268 perturbatione,
1161 2199 1551 2254 exercitatione
1592 2200 1922 2269 replebatur,
1965 2202 2050 2255 di-

482 2305 635 2357 cens,
670 2291 712 2343 A
745 2306 862 2344 voce
887 2290 1087 2343 inimici
1112 2299 1162 2343 et
1191 2307 1224 2342 a
1243 2289 1581 2344 tribulatione
1602 2292 1912 2358 peccatoris,
1938 2292 2047 2345 ini-

482 2382 609 2436 mici
657 2381 868 2436 scilicet
913 2390 967 2436 et
1015 2381 1318 2449 peccatoris
1366 2382 1550 2450 populi
1606 2401 1618 2434 :
1669 2397 1793 2435 nam
1828 2382 2046 2451 spiritui

471 2470 800 2543 “prophetico
824 2471 1127 2524 molestiam
1151 2468 1455 2523 inferebant
1477 2471 1569 2539 qui
1600 2471 1729 2524 talia
1751 2471 2044 2527 audebant.

481 2561 686 2616 Deinde
734 2561 1013 2631 subjungit
1059 2579 1070 2613 :
1127 2560 1389 2625 Quoniam
1443 2561 1838 2616 declinaverunt
1883 2565 1937 2616 in
1967 2580 2047 2617 me

479 2653 830 2722 iniquitatem,
861 2662 908 2704 et
935 2653 988 2705 in
1016 2653 1098 2704 ira
1125 2651 1328 2704 molesti
1348 2661 1496 2704 erant
1529 2653 1677 2714 mihi,
1709 2668 1830 2721 quae
1856 2660 2045 2706 contra

481 2742 818 2796 Salvatorem
871 2750 1022 2811 gesta
1073 2750 1201 2796 sunt
1247 2751 1300 2795 ut
1355 2743 1571 2812 propria
1599 2744 1703 2798 sibi
1739 2745 2043 2801 ascrihens.

477 2833 653 2902 Atque
681 2846 747 2885 ex
774 2829 1073 2885 Salvatoris
1106 2847 1336 2900 persona
1358 2840 1588 2900 possunt
1616 2848 1738 2886 cum
1773 2833 1876 2886 alia
1910 2834 2042 2898 dici,

478 2934 592 2976 tum
626 2921 756 2974 illud
788 2940 802 2975 :
831 2921 1092 2986 Quoniam
1128 2921 1519 2975 declinaverunt
1567 2924 1621 2974 in
1673 2937 1752 2976 me
1795 2923 2046 2992 iniquita-

479 3023 579 3066 tem
602 3052 617 3077 ,
661 3020 710 3064 et
742 3012 798 3063 in
830 3012 915 3064 ira
940 3010 1145 3063 molesti
1173 3022 1323 3064 erant
1353 3012 1507 3073 mihi;
1551 3013 1667 3066 sive
1687 3051 1701 3074 ,
1744 3012 2041 3067 secundum

480 3102 886 3174 Symmachum,
923 3102 1182 3168 Quoniam
1205 3104 1581 3170 inscripserunt
1610 3113 1795 3158 contra
1833 3121 1912 3158 me
1942 3106 2044 3157 im-

476 3193 743 3260 pietatem,
775 3200 823 3244 et
857 3208 973 3245 cum
1001 3193 1082 3245 ira
1111 3194 1365 3246 contrarii
1395 3193 1541 3260 fuere
1572 3193 1719 3246 mihi.
1741 3194 1848 3248 Cor
1877 3211 2044 3248 meum

476 3280 847 3337 conturbatum
873 3291 950 3336 est
985 3283 1040 3335 in
1064 3299 1166 3347 me,
1199 3291 1247 3336 et
1276 3283 1504 3351 formido
1534 3285 1720 3338 mortis
1744 3285 1928 3338 cecidit
1952 3303 2044 3339 su-

476 3386 569 3441 per
595 3389 694 3436 me,
720 3380 773 3427 et
796 3381 1009 3426 caetera.
1056 3372 1179 3428 Haec
1208 3374 1388 3428 omnia
1413 3389 1632 3443 passum
1665 3391 1725 3430 se
1754 3377 2042 3432 conlitetur

476 3464 761 3534 propheta,
790 3464 935 3534 quod
964 3465 1158 3533 spiritu
1194 3465 1510 3534 prophetico
1539 3467 1891 3535 praevidisset,
1927 3483 2040 3523 me-

475 3563 741 3609 moratam
790 3565 977 3625 postea
1040 3556 1313 3610 civitatem
1379 3557 1693 3625 iniquitate,
1761 3557 2038 3612 contradi—

473 3631 676 3710 ctione,
711 3646 914 3709 labore,
939 3647 1127 3702 dolore
1157 3655 1212 3702 et
1246 3647 1515 3715 injustitia
1551 3649 1844 3718 repletam;
1875 3659 2037 3718 atque

473 3738 784 3791 unanimem
817 3739 967 3791 illum
993 3746 1044 3792 et
1069 3746 1260 3792 notum
1285 3739 1575 3803 Salvatori,
1598 3741 1712 3809 pari
1742 3749 1904 3810 atque
1935 3742 2037 3802 ini-

474 3828 598 3880 mici
634 3833 689 3881 et
715 3827 902 3883 hostes
933 3829 1112 3882 animo
1159 3829 1506 3884 instructum.
1570 3828 1732 3883 Suam
1771 3832 1914 3884 enim
1949 3831 2034 3886 his

471 3915 539 3968 de
569 3916 734 3968 rebus
763 3916 1288 3970 commiserationem
1326 3916 1434 3972 Deo
1455 3919 1725 3982 declarat,
1754 3929 1914 3988 atque
1943 3935 2031 3972 ra-

471 4005 1052 4058 tioniconsentaneam
1083 4005 1538 4073 perturbationem
1585 4023 1746 4076 quam
1790 4007 2032 4076 patieba-

471 4104 579 4158 tur,
613 4095 681 4148 de
709 4109 818 4163 qua
852 4097 1103 4163 superius
1125 4097 1340 4150 dicebat
1383 4098 1411 4150 ε’
1434 4097 1791 4152 Contristatus
1831 4115 1947 4152 sum
1976 4101 2032 4153 in

465 4186 837 4240 exercitatione
878 4201 1023 4249 mea,
1053 4195 1102 4239 et
1143 4185 1484 4239 conturbatus
1513 4203 1660 4250 sum;
1685 4195 1738 4242 et
1761 4188 1872 4256 jam
1908 4204 2020 4244 rur-

464 4290 587 4330 sum
617 4293 630 4328 :
665 4273 771 4329 Cor
800 4291 969 4329 meum
989 4275 1355 4329 conturbatum
1383 4285 1459 4329 est
1488 4277 1540 4329 in
1573 4292 1686 4339 me;
1729 4279 2025 4333 secundum

2155 1848 2503 1912 καταστάσει,
2530 1847 2680 1916 ⁴ἠξίου
2711 1843 2884 1914 λέγων
2911 1845 3061 1915 ἑξῆς·
3098 1845 3566 1906 Καταπόντισον,
3597 1845 3712 1896 Κύ-

2147 1953 2259 2004 ριε,
2295 1938 2392 1991 καὶ
2431 1935 2739 1990 καταδιελε
2787 1935 2894 2000 τὰς
2949 1933 3233 2003 γλώσσας
3285 1931 3507 1987 αὑτῶν-
3541 1932 3607 1984 δι’
3635 1925 3710 1985 ὧν

2157 2027 2363 2080 ἱκέτευε
2389 2027 2489 2097 τὴν
2527 2027 2839 2096 συμφωνίαν
2872 2025 3048 2080 αὐτῶν
3068 2024 3166 2096 τὴν
3186 2023 3322 2077 κατὰ
3345 2023 3439 2076 τοῦ
3462 2023 3711 2093 Σωτῆρος

2151 2113 2614 2184 διασκεδασθῆναι,
2647 2116 2745 2184 τήν
2783 2131 2843 2165 τε
2891 2111 3253 2183 μεγαλαυχίαν
3285 2110 3463 2164 αὐτῶν
3506 2109 3710 2162 καὶ-τὸ

2152 2205 2250 2274 τῆς
2288 2204 2599 2268 ἀλαζονείας
2635 2203 2856 2273 ἔπαρμα
2895 2201 3326 2270 ταπεινωθῆναι,
3369 2200 3506 2270 πρὸς
3538 2201 3598 2252 τὸ
3633 2201 3711 2270 μὴ

2152 2295 2541 2365 ὲπιτρίϐεσθαι,
2575 2296 2665 2349 καὶ
2689 2293 2868 2358 αὒξειν
2897 2294 3071 2347 αὐτῶν
3086 2293 3154 2347 τὰ
3175 2294 3341 2346 κακά.
3371 2290 3578 2358 Εύλογα
3598 2291 3712 2343 τοί-

2151 2401 2244 2436 νυν
2277 2383 2459 2445 αἰτῶν,
2489 2382 2576 2436 διά
2603 2385 2701 2453 τῆς
2725 2384 2960 2453 δεήσεως
2981 2381 3129 2450 ἠξίου
3164 2381 3237 2452 μὴ
3270 2379 3709 2450 ὑπεροραθῆναι·

2151 2472 2285 2526 ἀλλὰ
2315 2475 2406 2526 καὶ
2450 2473 2626 2542 λύπης
2650 2472 2948 2542 ἐπληροῦτο
2977 2473 3068 2526 καὶ
3100 2473 3369 2542 ταραχῆς,
3404 2471 3498 2524 καὶ
3527 2469 3710 2523 ἀδολεσ-

2153 2563 2327 2632 σχίας,
2355 2563 2575 2630 φάσκων
2596 2578 2609 2592 ’
2658 2562 2791 2615 Ἀπὸ
2821 2560 3018 2630 φωνῆς
3057 2561 3273 2630 ἐχθροῦ
3307 2561 3402 2613 καὶ
3437 2560 3554 2614 ἀπὸ
3583 2560 3711 2612 θλί-

2149 2655 2310 2717 ψεως
2342 2649 2690 2718 άμαρτωλοῦ
2713 2689 2727 2713 ,
2767 2648 2958 2721 ἐχθροῦ
3009 2647 3207 2718 δηλαδὴ
3249 2648 3341 2700 καὶ
3386 2645 3709 2717 ἁμαρτωλοῦ

2150 2740 2276 2793 λαοῦ
2294 2758 2306 2770 ’
2347 2739 2522 2809 θλίψιν
2570 2739 2674 2811 γὰρ
2701 2743 2954 2811 παρεῖχον
2986 2738 3062 2808 τῷ
3092 2738 3356 2807 πνεύματι
3385 2738 3462 2807 τῷ
3493 2753 3707 2807 προφη-

2147 2828 2283 2898 τικῷ
2322 2830 2371 2881 οἱ
2394 2830 2461 2881 τὰ
2489 2829 2711 2881 τοιαῦτα
2742 2828 3064 2898 τολμῶντες.
3109 2823 3221 2880 Εἶτ’
3259 2827 3497 2894 ἐπιλέγει
3541 2826 3666 2896 ἑξῆς
3689 2841 3706 2858 ο

2153 2919 2276 2970 Ὅτι
2300 2917 2616 2982 ἐξέκλιναν
2638 2919 2728 2971 ἐπ’
2749 2918 2852 2986 ἐμὲ
2875 2918 3147 2986 ἀνομίαν,
3183 2916 3280 2969 καὶ
3331 2917 3401 2970 ἐν
3434 2913 3580 2983 ὀργῆ
3608 2916 3706 2968 ἐν·

2148 3010 2398 3063 εκότουν
2431 3027 2554 3078 μοι,
2579 3008 2994 3077 ίδιοποιούμενον
3045 3007 3113 3060 τὰ
3151 3006 3291 3060 κατά
3329 3001 3418 3060 τοῦ
3454 3005 3706 3075 Σωτῆρος

2144 3099 2533 3169 τετολμημένα.
2570 3101 2678 3152 Καὶ
2700 3099 2764 3150 ἐκ
2783 3096 3069 3169 προσώπου
3094 3097 3150 3148 δέ
3171 3098 3263 3148 τοῦ
3285 3095 3532 3167 Σωτῆρος
3549 3094 3705 3147 δύνα-

2142 3207 2228 3242 ται
2249 3190 2496 3257 λέγεσθαι
2529 3188 2598 3241 τά
2621 3205 2677 3240 τε
2702 3188 2833 3242 ἄλλα
2864 3187 2958 3240 καὶ
2987 3186 3077 3239 τό·
3117 3185 3236 3238 Ὅτι
3265 3184 3585 3248 ἐξέκλιναν
3610 3182 3703 3234 ἐπ’

2140 3277 2244 3346 ἐμὲ
2262 3278 2533 3346 ἀνομίαν,
2549 3277 2644 3330 καὶ
2663 3277 2732 3329 ἐν
2749 3273 2893 3345 ὀργῇ
2915 3275 3232 3327 ἐνεκότουν
3245 3290 3347 3342 μοι
3361 3290 3375 3302 ’
3399 3272 3431 3342 ἢ
3453 3270 3591 3323 κατὰ
3613 3270 3704 3324 τὸν

2140 3370 2457 3439 Σύμμαχον·
2505 3353 2630 3420 Ὅτι
2656 3367 3000 3434 ἐπέγραψαν
3044 3365 3169 3417 κατ’
3207 3362 3352 3430 ἐμοῦ
3399 3363 3699 3426 ἀσέϐειαν,

2140 3459 2237 3513 καί
2260 3459 2386 3526 μετ’
2422 3455 2601 3526 ὀργῆς
2617 3454 3072 3522 ἠναντιώθησάν
3093 3472 3210 3522 μοι.
3256 3453 3325 3506 Ἡ
3345 3451 3555 3519 καρδία
3578 3471 3699 3521 μου

2136 3547 2425 3615 ἐταράχθη
2452 3548 2522 3599 ἐν
2543 3546 2694 3614 ἐμοὶ,
2729 3546 2825 3598 καί
2877 3545 3068 3598 δειλία
3100 3543 3355 3598 θανάτου
3401 3543 3699 3597 ἐπέπεσεν

2136 3639 2226 3690 ἐπ’
2247 3637 2368 3706 ἐμὲ,
2415 3637 2507 3689 καὶ
2534 3636 2603 3689 τά
2660 3635 2839 3689 λοιπά.
2874 3635 3059 3688 Πάντα
3109 3633 3281 3687 ταῦτα
3319 3633 3638 3686 πεπονθέναι
3668 3636 3699 3686 ὁ

2137 3729 2418 3798 προφήτης
2460 3727 2728 3796 ὁμολογεῖ,
2771 3727 2867 3780 διά-
2888 3727 2949 3779 τὸ
2985 3716 3392 3796 προεωρακέναι
3427 3724 3505 3793 τῷ
3534 3725 3696 3776 πνεύ-

2136 3835 2264 3886 ματι
2288 3817 2364 3886 τῷ
2391 3815 2709 3886 προφητικῷ
2737 3815 2833 3886 τὴν
2872 3815 2999 3884 ἑξῆς
3029 3813 3359 3884 δηλουμένην
3385 3812 3536 3864 πόλιν
3565 3814 3693 3864 ἀνο-

2135 3908 2263 3977 μίας
2295 3907 2671 3977 πληρουμένην
2705 3906 2799 3959 καὶ
2832 3905 3164 3972 ἀντιλογίας,
3210 3904 3303 3956 καὶ⁵
3335 3904 3503 3954 κόπου
3524 3942 3539 3966 ,
3597 3903 3691 3954 καὶ

2131 3998 2315 4062 πόνου,
2369 3999 2461 4050 καὶ
2509 3997 2747 4059 ἀδικίας⁶
2799 3997 2892 4048 καὶ
2923 3995 3012 4047 τὸν
3041 3995 3289 4064 ἰσόψυχον
3315 3993 3409 4046 καὶ
3451 3993 3691 4061 γνωστὸν

2129 4087 2222 4140 τοῦ
2254 4090 2500 4158 Σωτῆρος
2551 4086 2706 4157 ήμῶν
2734 4086 2803 4139 τὰ
2841 4085 3048 4155 ἐχθρῶν
3087 4085 3248 4138 αὐτὸν
3279 4086 3373 4136 καὶ
3421 4084 3691 4152 πολεμίων

2128 4172 2427 4226 δατιθέντα.
2495 4175 2616 4226 Ἐπὶ
2645 4174 2849 4236 τούτοις
2879 4173 2986 4242 γὰρ
3012 4173 3108 4243 τὴν
3144 4171 3483 4242 συμπάθειαν
3523 4170 3688 4223 αὐτοῦ

2127 4263 2364 4316 δείκνυσι
2393 4263 2469 4334 τῷ
2491 4264 2629 4334 Θεῷ,
2660 4265 2752 4318 καὶ
2777 4267 2841 4334 ἢν
2869 4263 3155 4332 ὑπέμεινεν
3178 4262 3395 4331 εὕλογον
3422 4263 3684 4334 ταραχήν·

459 4367 712 4436 Aquilam
741 4381 866 4422 vero
895 4367 989 4432 ait,
1026 4365 1132 4422 Cor
1160 4384 1329 4421 meum
1348 4369 1628 4436 parturivit
1657 4369 1711 4420 in
1742 4369 2022 4423 visceribus

2140 4354 2254 4424 περὶ
2303 4349 2369 4423 ἧς
2419 4353 2512 4406 καὶ
2561 4353 2815 4424 ἀνωτέρω
2848 4352 3060 4419 ἔλεγεν
3127 4351 3467 4418 Ἐλυπήθην
3503 4353 3575 4404 ἐν
3611 4351 3690 4420 τῇ

460 4458 624 4520 meis;
655 4458 952 4527 secundum
984 4472 1112 4512 vero
1137 4457 1544 4527 Symmachum,
1597 4455 1702 4512 Cor
1737 4473 1904 4511 meum
1933 4473 2026 4512 ex-

405 4599 428 4618 ,
459 4547 936 4618 agitabatur'intra
957 4564 1057 4600 me.
1097 4545 1204 4601 Sed
1233 4549 1394 4601 etiam
1410 4546 1644 4601 formido
1661 4549 1851 4602 mortis
1877 4549 2022 4603 ceci-

457 4637 538 4690 dit
567 4651 731 4705 super
774 4651 896 4690 eum
918 4676 933 4700 ,
983 4638 1037 4691 id
1066 4646 1171 4700 est,
1202 4635 1468 4692 Salutaris
1499 4638 1710 4704 mortis,
1739 4638 1808 4692 ob
1836 4653 2019 4706 quam,

456 4723 725 4792 Propheta
775 4726 1010 4780 humana
1059 4728 1385 4796 cogitatione
1431 4723 1771 4795 commotus,
1807 4729 1921 4783 sive
1952 4728 2023 4782 ob

456 4823 683 4868 mortem
734 4816 1060 4880 animarum,
1116 4831 1236 4886 quae
1286 4831 1386 4887 pro
1435 4817 1528 4871 tali
1590 4833 1728 4873 ausu
1770 4820 2022 4888 peritura:

454 4910 631 4966 erant,
684 4905 878 4960 timore
915 4907 1243 4976 replebatur.
1300 4907 1414 4961 imo
1460 4922 1588 4961 vero
1633 4911 1798 4962 timor
1825 4917 1879 4964 et
1910 4918 2020 4963 tre-

457 5005 598 5058 mor,
630 4992 700 5046 ob
722 4993 938 5061 pietatis
967 4995 1336 5057 eminentiam,
1377 4994 1572 5049 cecidit
1599 5009 1764 5064 super
1786 4995 2018 5066 prophe-

455 5091 585 5145 tam,
617 5097 741 5137 cum
773 5083 979 5138 videret
1005 5084 1265 5140 Dilectum
1302 5085 1392 5140 Dei
1431 5086 1559 5140 talia
1591 5085 1661 5140 ab
1703 5087 1885 5156 impiis
1917 5101 2017 5157 pa-

449 5173 694 5229 tientem.
745 5172 1002 5228 Tenebrae
1050 5183 1229 5229 autem
1272 5183 1634 5230 contexerunt
1673 5190 1834 5238 eum,
1877 5177 2012 5239 sive,

448 5261 747 5316 secundum
796 5259 1087 5330 Aquilam,
1139 5263 1470 5328 convolutio;
1522 5273 1655 5329 aut,
1713 5265 2012 5320 secundum

449 5351 857 5423 Symmachum,
888 5353 1093 5419 horror,
1123 5362 1310 5423 utpote
1357 5355 1451 5422 qui
1477 5354 1747 5410 horrenda
1775 5372 1840 5409 ac
1862 5365 2014 5410 tene-

445 5445 558 5500 bris
585 5445 746 5515 digna
773 5452 964 5498 contra
1011 5444 1343 5500 Salvatorem
1374 5452 1526 5514 gesta
1554 5455 1818 5501 cerneret.
1886 5445 2011 5500 Haec

445 5548 608 5611 porro
635 5535 779 5589 dicta
823 5549 1011 5588 eorum
1041 5536 1309 5605 exemplo,
1345 5551 1465 5605 qua:
1493 5535 1653 5590 nobis
1694 5537 1749 5589 in
1779 5536 2008 5591 somniis

443 5623 781 5691 contingunt,
814 5624 1100 5691 intelligas.
1149 5622 1282 5678 Nam
1308 5624 1624 5691 plerumque
1647 5622 2003 5688 somniantes,

2125 4441 2454 4510 ἀδολεσχίᾳ
2490 4460 2641 4511 μου,
2688 4443 2784 4496 καί
2815 4439 3179 4509 ἐτιιράχθηνο
3230 4441 3322 4493 καὶ
3369 4441 3464 4494 νῦν
3497 4441 3683 4494 πάλιν·

2137 4527 2203 4580 Ἠ
2227 4529 2440 4596 καρδία
2450 4548 2566 4598 μου
2586 4528 2876 4596 ἐταράχθη
2892 4530 2960 4580 ἐν
2978 4529 3110 4596 ἐμοί
3126 4545 3140 4557 ο
3169 4527 3310 4580 κατά
3336 4527 3391 4578 δὲ
3411 4528 3502 4578 τὸν
3530 4525 3688 4578 Ἀκύ-

2125 4622 2245 4682 λαν,
2290 4621 2358 4674 '11
2385 4619 2595 4686 καρδιά
2619 4636 2758 4688 μου,
2803 4619 2984 4688 φησὶν,
3014 4617 3308 4684 ὼδίνησεν
3351 4617 3420 4668 ἐν
3457 4616 3687 4685 ἐγκάτῳ

2115 4729 2267 4781 μου·
2305 4709 2443 4764 κατά
2476 4710 2532 4762 δέ
2566 4709 2656 4761 τὸν
2703 4709 2993 4778 Σύμμαχον
3021 4725 3035 4739 ο
3098 4708 3158 4762 Ἡ
3197 4708 3408 4773 καρδία
3449 4702 3566 4774 μοι)
3606 4705 3688 4758 δι-

2120 4801 2464 4870 εστρωφᾶτο
2489 4800 2666 4855 ἔνδον
2681 4819 2823 4869 μου.
2843 4799 2999 4851 Ἀλλὰ
3021 4799 3112 4851 καὶ
3137 4798 3306 4850 δειλία
3321 4797 3546 4850 θανάτου
3569 4801 3682 4849 εἰσ-

2120 4892 2315 4944 έπεσεν
2345 4893 2433 4944 ἐπ’
2466 4891 2625 4944 αὐτόν
2646 4907 2660 4920 ⁸
2689 4873 2811 4960 ῆτοι
2857 4888 2947 4941 τοῦ
2985 4889 3256 4959 Σωτηρίου
3297 4887 3557 4950 θανάτου,
3597 4889 3682 4956 ἐφ’

2115 4975 2160 5049 ᾧ
2186 4982 2384 5045 δειλίας
2399 4983 2426 5032 ὁ
2449 4982 2730 5050 προφήτης
2755 4979 3073 5050 ἐπληροῦτο,
3091 4978 3411 5048 ἀνθρωπίνῳ
3438 4977 3681 5047 λογισμῷ

2117 5074 2457 5143 κινούμενος,
2503 5073 2536 5141 ἢ
2569 5072 2665 5124 τού
2687 5067 2794 5123 τῶν
2826 5071 3009 5140 ψυχῶν
3047 5069 3273 5123 θανάτου
3311 5069 3420 5122 τῶν
3452 5069 3682 5122 ἀπόλλυ-

2117 5165 2237 5217 σθαι
2261 5163 2558 5234 μελλόντων
2584 5163 2669 5216 διὰ
2694 5162 2759 5215 τά
2783 5162 3003 5215 τοιαῦτα
3026 5161 3364 5231 τολμήματα.
3404 5159 3564 5212 Ἀλλὰ
3587 5159 3679 5212 καὶ

2115 5254 2278 5323 φόϐος
2308 5255 2403 5308 καὶ⁵
2428 5255 2627 5325 τρόμος
2656 5254 2724 5306 δι’
2751 5251 3056 5325 ὑπερϐολὴν
3089 5250 3375 5314 εὐλαϐείας
3407 5252 3677 5304 ἐπέπιπτε

2111 5347 2188 5417 τῷ
2227 5347 2498 5418 προφήτῃ,
2522 5345 2716 5415 ὁρῶντι
2733 5345 2821 5397 τὸν
2850 5345 3155 5415 Ἀγαπητὺν
3182 5344 3274 5398 τοῦ
3301 5342 3433 5396 Θεοῦ
3454 5341 3678 5394 τοιαῦτα

2113 5441 2218 5493 ὑπὸ
2246 5438 2351 5493 τῶν
2370 5435 2580 5490 ἀσεϐῶν
2613 5435 2906 5503 πάσχοντα.
2952 5434 3246 5487 Ἐκάλυπτέ
3278 5449 3335 5485 τε
3368 5432 3532 5485 αὐτὸν
3554 5430 3678 5483 σκό-

2111 5548 2220 5593 τος,
2260 5531 2314 5599 ἢ,
2348 5527 2486 5581 κατά
2517 5527 2606 5580 τὸν
2642 5527 2898 5590 Ἀκύλαν,
2934 5523 3296 5591 είλίνδησις·
3321 5525 3378 5593 ἦ,
3407 5523 3548 5578 κατὰ
3585 5523 3674 5574 τὸν

2109 5622 2423 5691 Σύμμαχον,
2457 5621 2634 5687 φρίκη
2660 5634 2672 5648 ’
2703 5616 2901 5670 ὡσανεὶ
2926 5615 3128 5687 φρικτὰ
3161 5617 3251 5669 καὶ
3282 5615 3504 5677 σκότους
3544 5613 3673 5682 ἀλη-
