3988 6202
205 308 333 365 επ

1357 297 1861 360 COMMENTABIA
1896 296 1965 354 IN
1990 293 2346 353 ΡεΑωιοε.

3363 289 3468 346 478

202 421 328 485 θῶς
360 419 492 485 ἀξια
515 419 585 474 τά
620 417 761 473 κατά
776 416 875 471 τοῦ
898 417 1151 489 Σωτῆρος
1175 417 1427 489 δρώμενα
1465 414 1791 487 θεωροῦντα.

1923 425 1960 465 ιε
1970 409 2215 478 quadam
2229 403 2492 462 terribilia
2508 400 2970 463 cernentes.verhi
2993 384 3170 470 gratia
3187 399 3470 469 insequen-

204 511 455 582 Νοήσεις
473 510 532 563 δὲ
550 509 621 562 τά
638 508 910 578 λεγόμενα
937 509 1001 561 ἑκ
1042 506 1479 578 παραδείγματος
1517 503 1624 557 τῶν
1659 502 1800 561 κατὰ

202 603 349 665 τοὺς
396 599 641 671 ὀνείρους
683 599 815 669 ἡμῖν
874 596 1277 668 συμϐαινόντων
1292 605 1315 624 ·’
1365 595 1489 647 imi.
1545 593 1804 656 πολλάκις

202 690 655 763 ὀνειρώττοντες,
696 689 933 743 κάπειτά
956 706 1078 742 τινα
1113 687 1345 759 δρῶντες
1368 685 1592 758 φοϐερὰ,
1642 685 1675 755 ἢ
1707 683 1806 754 θῆ-

206 798 326 854 pa;
348 780 680 842 διώκοντας,
696 779 731 851 ἢ
751 777 1029 851 ἑρπετὰ,ἦ
1060 776 1351 847 πολεμίους
1369 776 1622 838 ἐπιόντας
1646 776 1800 845 ἡμῖν,

206 870 606 944 θορυϐούμεθα
626 869 726 940 τὴν
762 868 940 939 ψυχὴν
970 868 1066 922 καὶ
1094 865 1442 937 ὲξιστάμεθα.
1474 865 1677 936 τρόμου
1704 865 1799 918 καὶ

208 963 483 1032 ἀγωνίας,
500 963 597 1016 καὶ
627 961 853 1031 ἱδρῶτος
880 958 1309 1030 ἐμπιπλάμενοι.
1332 955 1490 1009 Κατά
1516 955 1605 1008 τὸν
1633 954 1796 1008 αὑτὸν

210 1055 352 1126 γὰρ,
388 1050 569 1124 οἶμαι,
608 1052 811 1124 τρόπον
860 1051 952 1105 καὶ
996 1051 1095 1121 τὴν
1138 1049 1233 1103 τοῦ
1298 1049 1578 1121 προφήτου
1617 1046 1796 1117 ψυχὴν

211 1146 331 1199 τῶν
388 1145 619 1216 μηδέπω
674 1143 957 1215 παρόντων
975 1181 990 1205 ,
1051 1140 1348 1212 μελλόντων
1397 1139 1455 1192 δὲ
1511 1136 1796 1206 γίγνεσθαι

1904 510 1987 558 tes
2006 501 2171 563 feras,
2197 499 2278 554 vel
2317 496 2530 565 reptilia
2549 535 2564 558 ,
2584 493 2666 549 vel
2691 491 2943 547 inimicos
2979 490 3272 554 irruentes,
3288 491 3474 546 animo

1904 594 2188 649 turbamur
2216 599 2271 645 et
2289 585 2758 657 obstupescimus,
2797 594 3029 646 terrore,
3067 581 3475 636 concertatione

1903 700 1967 739 ac
1990 683 2193 739 sudore
2221 679 2436 750 repleti.
2496 677 2701 732 Eodem
2728 674 2969 729 arbitror
2990 672 3175 735 modo
3200 671 3475 740 prophetae

1903 774 2162 834 animam,
2198 784 2321 840 quae
2348 768 2589 823 nondum
2623 763 2970 835 praesentium
2993 800 3007 825 ,
3040 760 3135 815 sed
3167 759 3475 814 futurarum

1903 879 2087 919 rerum
2120 859 2646 930 colitemplationem
2676 868 2996 925 expressam
3030 850 3332 922 prophetici
3366 851 3477 920 spi-

1902 955 2042 1008 ritus
2073 951 2275 1006 lumine
2302 951 2358 1005 in
2389 948 2589 1005 mentis
2603 946 2780 1002 oculis
2804 943 3161 1014 percipiebat,
3182 940 3475 1003 turbatam,

1903 1054 2067 1115 atque
2090 1044 2163 1099 ob
2201 1041 2469 1101 malorum
2512 1054 2632 1109 quae
2660 1036 2875 1091 videbat
2910 1031 3382 1103 exsuperantiam,
3410 1030 3480 1084 ti-
3566 1071 3571 1076 .

1902 1149 2072 1196 more,
2097 1140 2246 1187 metu
2276 1120 2593 1199 temoreqtte
2622 1128 2882 1196 repletam
2909 1139 3051 1180 esse.
3548 1122 3549 1125 ‘

213 1209 588 1306 πραγμάτων,
645 1209 1009 1305 τὴν-θεωρίαν
1051 1209 1191 1300 φωτὶ
1232 1228 1325 1283 τοῦ
1368 1226 1707 1300 προφητικοῦ
1763 1225 2074 1297 πνεύματος
2131 1225 2246 1286 τοῖς
2286 1223 2386 1293 τῆς
2437 1219 2673 1281 διανοίας
2727 1214 3026 1286 ὀφθαλμοῖς
3074 1209 3480 1281 ἱντυπουμένην

216 1302 801 1396 ὁρῶντατεταράχθαι,
825 1320 921 1376 καί
935 1319 1100 1389 φόϐου
1126 1318 1221 1372 καὶ
1242 1318 1467 1381 δειλίας,
1492 1318 1588 1370 καὶ
1611 1318 1816 1389 τρόμου
1855 1313 2247 1383 πεπληρῶσθαι
2278 1311 2367 1365 διὰ
2392 1312 2492 1381 τὴν
2530 1310 2639 1364 τῶν
2671 1306 3059 1379 θεωρουμένων
3081 1302 3267 1358 κακῶν
3307 1304 3479 1373 ὑπερ-

220 1416 405 1489 ϐολήν.

292 1505 411 1562 Εἶθ’
435 1493 632 1578 ὥσπερ
664 1505 829 1578 μέσος
848 1501 1184 1573 ἀποληφθεὶς
1209 1500 1318 1555 τῶν
1338 1496 1510 1553 ταῦτα
1528 1493 1804 1571 δρώντων,

227 1598 506 1670 μηδεμίαν
541 1614 604 1651 τε
635 1596 774 1667 ἔχων
806 1593 1118 1664 ἀποφυγὴν,
1154 1590 1289 1663 μηδὲ
1308 1590 1433 1643 ὅποι
1456 1586 1643 1647 κλίνας
1675 1584 1805 1638 ἐαυ-

223 1689 318 1742 τὸν
337 1688 501 1751 έκτδς
523 1685 633 1739 τῶν
663 1684 851 1739 κακῶν
898 1683 1126 1751 γένοιτο,
1155 1678 1371 1751 εΰχεται
1407 1674 1676 1749 μετέωρος
1704 1673 1804 1745 ἀρ-

228 1777 419 1849 θῆναι,
454 1777 653 1846 πτηνός
676 1792 736 1829 τε
777 1774 843 1829 δι’
877 1772 1038 1844 ἀέρος
1081 1772 1360 1840 ἐκφυγεῖν.
1400 1766 1492 1820 Διὸ
1516 1763 1803 1831 ιὲπιλέγειο

310 1952 427 2007 Kal
447 1947 606 2006 εἷπεν
627 1951 716 2015 Τίς
726 1949 905 2011 δώσει
918 1965 1022 2017 μοι
1035 1945 1330 2016 πτέρυγας
1348 1936 1808 2010 ὁκιπεριστερᾶς,

236 2046 343 2101 και
395 2040 861 2112 πετασθήσομαι,
886 2039 985 2093 καὶ
1035 2038 1432 2100 καταπαύσω;
1477 2031 1810 2105 Περιστερᾶς

233 2136 349 2207 γὰρ
375 2134 533 2203 δίκην
560 2132 770 2186 ἀκάκου
803 2129 1081 2202 πτέρυγας
1119 2127 1378 2197 έκφεῦξαι
1408 2125 1505 2180 καὶ
1534 2121 1810 2207 πετασθῆ-

232 2204 344 2289 ναι,
372 2224 458 2287 "to;
488 2223 558 2277 ἀν
589 2222 752 2292 φύγοι
782 2222 850 2276 τά
883 2220 1049 2285 κακὰ,
1082 2218 1256 2290 ἠξίου.
1291 2216 1498 2273 Οὐκοῦν
1541 2216 1633 2270 καὶ⁵
1676 2204 1812 2285 περὶ

230 2314 422 2371 τούτου
449 2312 711 2384 ἀνωτέρω
728 2311 883 2379 ἔλεγε
914 2310 1005 2374 τὸ,
1053 2307 1354 2362 Ἐνώτισαι
1377 2348 1393 2373 ,
1436 2310 1469 2361 ό
1498 2305 1661 2371 Θεὸς,
1698 2301 1813 2371 τὴν

231 2401 592 2473 προσευχήν
607 2419 748 2471 μου,
780 2401 857 2464 ὡς
888 2400 957 2454 ἂν
981 2399 1133 2470 τύχοι
1154 2397 1442 2469 πτερύγων
1486 2396 1811 2467 περιστερᾶς

234 2502 332 2555 καὶ
356 2498 684 2569 πετασθείη·
718 2484 894 2568 μόνως
939 2494 1049 2565 γὰρ
1072 2492 1274 2556 οὕτως,
1323 2491 1416 2545 καὶ⁵
1453 2490 1574 2543 οὐδὲ
1615 2488 1809 2553 ἄλλως,

235 2593 430 2664 πόρρω
458 2589 709 2659 γίνεσθαι
728 2592 828 2659 τῆς
854 2587 962 2641 τῶν
988 2584 1202 2641 ἀσεϐῶν
1232 2584 1436 2647 πόλεως
1481 2578 1594 2643 οἷός
1632 2597 1692 2633 τε
1719 2576 1808 2650 ἦν.

238 2684 398 2739 Κατὰ
424 2682 483 2735 δὲ
502 2682 594 2735 τὸν
619 2681 915 2750 Σύμμαχον
936 2692 951 2707 '
985 2678 1094 2732 Kal
1112 2673 1311 2731 εἶπον·
1348 2675 1443 2740 Τις
1486 2672 1667 2726 δώσει
1708 2687 1810 2739 μοι

238 2775 536 2849 πτέρυγας
568 2774 651 2838 ὠς
674 2768 1045 2840 περιστερᾶς,
1074 2765 1443 2834 ,σπασθῆναι
1468 2803 1483 2828 ,
1515 2763 1613 2817 καί
1643 2760 1812 2829 έδραμ-

238 2863 465 2931 σθῆναι
482 2881 502 2928 ;
522 2864 726 2932 Πόῤῥω
752 2862 830 2916 ἂν
852 2860 1112 2929 ἐποίησα
1135 2858 1249 2926 τὴν
1274 2854 1658 2926 ἀναχώρησιν
1670 2869 1811 2922 μου,

238 2951 573 3021 ηὑλιζόμην
594 2952 671 3005 ἂν
695 2951 765 3003 ἐν
790 2949 866 3018 τῇ
902 2948 1119 3018 ἐρήμῳ.
1149 2945 1438 3015 Ἐξαίφνης
1483 2943 1549 2997 ἂν
1581 2942 1814 3011 ἐποίησα

238 3042 341 3113 τὴν
365 3040 618 3111 ἕκφευξίν
643 3057 743 3110 μου
778 3040 887 3093 ἀπὸ
910 3038 1218 3108 πνεύματος
1246 3036 1561 3105 ἐπαίροντος
1581 3050 1594 3063 ·
1626 3031 1814 3102 πόρρω
1840 3052 1883 3110 C

239 3132 355 3204 γὰρ
384 3132 449 3187 ἂν
476 3132 723 3202 ἐποίησα,
757 3132 909 3201 φησὶ,
938 3129 1038 3200 τὴν
1062 3123 1407 3198 ἀναχώρησίν
1442 3139 1541 3199 μου
1563 3161 1578 3181 .
1612 3122 1662 3175 εἰ
1695 3120 1816 3173 έτυ-

244 3241 340 3295 χον
361 3224 668 3294 πτερύγων,
694 3221 908 3291 φεύγων
930 3221 1057 3282 τοὺς
1079 3220 1148 3273 τὰ
1173 3213 1537 3289 προλεχθέντα
1578 3210 1819 3281 τολμῶν-

243 3333 366 3380 τας,
404 3314 621 3378 καὶτὰς
663 3314 899 3385 ἐρήμους
937 3312 1133 3382 μᾶλλον
1158 3310 1255 3380 τῆς
1277 3306 1574 3379 εἰρημένης
1612 3304 1819 3365 πόλεως

244 3406 579 3479 προετίμων.
609 3404 794 3466 Οὕτως
817 3420 879 3456 τε
908 3405 965 3455 ὲν
989 3405 1053 3474 τῇ
1094 3401 1285 3472 ἐρήμῳ
1326 3395 1594 3467 γεγονὼς,
1637 3406 1820 3461 προσ-

244 3496 545 3565 εδεχόμην
577 3493 653 3547 ἂν
676 3492 782 3546 τὸν
815 3488 1075 3552 σώζοντὰ
1104 3506 1180 3557 με
1219 3487 1336 3542 ἀπὸ
1372 3483 1494 3553 ,τῆς
1519 3483 1819 3553 γενομένης

252 3602 345 3657 μοι
390 3583 789 3652 ὀλιγοψυχίας
811 3622 826 3645 ,
860 3580 959 3634 καί
991 3580 1111 3635 ἀπὸ
1133 3577 1243 3646 τῆς
1286 3574 1702 3644 καταλαϐούσης
1754 3587 1821 3641 με

250 3673 610 3745 καταιγίδος.
636 3672 1108 3733 Καταπόντισον,
1140 3670 1333 3735 Κύριε,
1373 3665 1472 3719 καὶ
1512 3662 1823 3717 mendicus

250 3768 359 3833 τὰς
377 3766 663 3837 γλώσσας
685 3761 903 3826 αὐτῶν,
937 3762 1029 3814 καὶ
1059 3759 1127 3813 τὰ
1147 3758 1294 3828 ἑξῆς.
1323 3756 1433 3826 Τὴν
1465 3753 1640 3808 αἰτίαν
1664 3752 1728 3804 δι’
1757 3750 1823 3822 ἢν

250 3857 460 3929 ηὔξατο
477 3854 765 3924 πτερύγων
789 3854 993 3921 τυχεῖν,
1023 3850 1100 3911 ὡς
1118 3847 1185 3902 ἂν
1205 3844 1496 3914 πετασθείη
1524 3842 1617 3894 καὶ
1640 3840 1821 3910 φύγοι,

252 3948 463 4020 ἔρημόν
480 3963 541 3999 τε
577 3943 774 4017 μᾶλλον
799 3944 968 3996 οἰκεῖν
997 3938 1212 3993 ἑλέσθαι
1260 3937 1294 4007 ἢ
1342 3937 1441 4007 τὴν
1492 3932 1825 4005 δηλουμένην

252 4036 431 4105 πόλιν,
463 4036 553 4091 διὰ
577 4036 684 4093 τῶν
724 4034 1096 4105 προκειμένων
1118 4030 1354 4084 διδάσκει
1372 4028 1574 4095 λέγων’
1614 4022 1825 4093 Ἐπειδὴ

252 4130 382 4186 eas:
412 4129 506 4183 καὶ
531 4127 656 4181 τάδε
690 4122 1106 4197 προγνώσειτοῦ
1152 4116 1484 4190 προφητικοῦ
1521 4114 1828 4184 πνεύματος

253 4220 571 4290 ιθεασάμην
602 4215 1022 4290 πραχθησόμενα
1051 4215 1109 4267 ὲν
1134 4214 1199 4282 τῇ
1231 4210 1412 4273 πόλει,
1447 4206 1637 4261 τούτου
1668 4204 1828 4275 χάριν

252 4310 508 4365 ἐντεῦθεν
570 4308 667 4379 ἢδη
696 4306 915 4376 φεύγειν
959 4303 1306 4373 διανενόημαι
1352 4300 1450 4370 τὴν
1501 4297 1610 4350 τῶν
1639 4290 1827 4348 κακῶν

1979 1487 2186 1544 Deinde
2208 1488 2369 1558 quasi
2395 1485 2609 1542 medius
2639 1485 2973 1556 interceptus
3001 1487 3093 1542 ille
3123 1486 3265 1542 inter
3291 1488 3481 1543 talium

1908 1579 2212 1637 facinorum
2248 1585 2523 1641 auctores,
2572 1593 2696 1632 cum
2732 1578 2941 1633 nullum
2975 1578 3282 1650 perfugiunt
3317 1579 3484 1634 habe-

1908 1678 2014 1734 ret,
2061 1685 2240 1739 neque
2286 1684 2397 1738 quo
2441 1667 2742 1725 declinaret
2789 1668 2858 1723 ab
2890 1668 3273 1739 ingruentibus
3302 1671 3481 1734 malis,
3586 1652 3599 1661 ’

1910 1764 2166 1827 precatur
2187 1771 2249 1812 se
2271 1756 2559 1812 sublimem
2592 1756 2814 1820 elevari,
2849 1763 3012 1826 atque
3035 1759 3276 1815 volucris
3309 1758 3487 1816 instar

1910 1863 2008 1920 per
2032 1863 2213 1904 aerem
2239 1847 2497 1918 effugere.
2529 1846 3003 1913 Quamobrem-ait
3037 1868 3050 1903 :

1977 1936 2147 1993 Vsus.
2180 1936 2359 1992 7-12.
2399 1935 2469 1990 Et
2491 1936 2607 1989 dixi
2637 1951 2656 1989 :
2677 1936 2808 2003 Quis
2822 1936 2969 1990 dabit
2999 1938 3127 1991 mihi
3149 1953 3347 2005 mnus
3373 1938 3486 1994 sic-

1910 2037 1968 2085 ut
2000 2028 2276 2092 columbae,
2303 2036 2355 2081 et
2385 2026 2591 2091 volabo,
2622 2036 2671 2081 et
2696 2028 3021 2097 requiescam
3040 2028 3296 2084 ?Pennas
3312 2029 3490 2085 instar

1910 2116 2173 2172 columbae
2201 2114 2438 2171 innoxiae
2467 2114 2537 2169 ad
2567 2114 2884 2185 fugiendum
2913 2123 2968 2170 et
3005 2114 3297 2171 velandum
3335 2126 3485 2186 pete-

1911 2207 2028 2274 bat,
2070 2214 2129 2260 ut
2158 2207 2317 2262 malis
2343 2222 2402 2263 se
2433 2206 2759 2276 proriperet.
2816 2206 3051 2277 Ideoque
3096 2207 3354 2277 superius
3386 2207 3491 2264 hac

1910 2299 1979 2355 de
2008 2314 2173 2355 causa
2195 2299 2434 2362 dicebat,
2472 2297 2683 2352 Exaudi
2703 2336 2719 2361 ,
2753 2297 2893 2352 Deus
2914 2339 2929 2363 ,
2963 2300 3257 2354 orationem
3296 2315 3487 2360 meam,

1910 2402 1971 2447 ut
1995 2393 2111 2449 alas
2137 2391 2404 2447 columbae
2431 2391 2728 2454 obtineret,
2771 2399 2826 2445 et
2865 2393 3075 2448 volaret
3108 2411 3122 2446 :
3154 2393 3263 2448 hoc
3287 2392 3492 2463 quippe

1910 2480 2074 2536 modo
2100 2486 2334 2545 tantum,
2369 2488 2425 2535 et
2446 2496 2555 2535 non
2579 2482 2706 2545 alio,
2734 2496 2764 2535 a
2784 2480 3008 2536 civitate
3041 2482 3335 2552 impiorum
3363 2497 3493 2552 pro-

1910 2569 2003 2624 cul
2048 2567 2304 2623 recedere
2338 2576 2571 2638 poterat.
2614 2567 2926 2623 Secundum
2973 2568 3363 2639 Symmachum
3392 2585 3493 2626 au-

1911 2665 2019 2714 tem
2054 2675 2067 2710 :
2106 2656 2173 2710 Et
2201 2656 2316 2711 dixi
2348 2672 2367 2709 :
2398 2656 2531 2722 Quis
2555 2656 2704 2711 dabit
2726 2656 2853 2710 mihi
2871 2671 3070 2724 pennas
3086 2657 3221 2711 sicut
3238 2656 3494 2714 columba:

1914 2748 1982 2802 ad
2012 2747 2292 2802 velandum
2320 2756 2370 2801 et
2409 2745 2784 2803 insidendum?
2830 2745 3006 2816 Longe
3045 2746 3289 2815 fecissem
3323 2762 3485 2801 seces-

1913 2839 2113 2893 sionem
2155 2854 2347 2901 meam,
2393 2838 2706 2891 mansissent
2738 2837 2794 2890 in
2821 2834 3127 2892 solitudine.
3189 2833 3492 2890 Confestim

1912 2927 2225 2997 effugissem
2256 2926 2505 2981 elevante
2533 2941 2620 2980 me
2649 2925 2876 2994 spiritu;
2908 2925 3068 2994 longe
3094 2924 3297 2994 quippe
3326 2923 3492 2979 fecis-

1917 3033 2031 3074 sem
2065 3016 2433 3073 secessionem
2473 3030 2672 3078 meam,
2706 3015 2805 3078 ait,
2864 3014 2911 3068 si
2957 3015 3075 3069 alas
3113 3015 3492 3077 obtinuisscm,

1919 3107 2134 3179 fugiens
2163 3107 2323 3163 abiis
2350 3107 2446 3177 qui
2473 3107 2587 3176 jam
2619 3104 2766 3160 dicta
2813 3104 3036 3176 aggredi
3068 3105 3375 3165 audebant,
3410 3111 3497 3157 at-

1917 3213 2024 3267 que
2051 3196 2376 3253 solitudines
2402 3196 2642 3266 praefatae
2662 3187 2870 3251 civitaii
2895 3196 3293 3251 anletulissem.
3326 3193 3420 3249 Sic
3441 3195 3497 3250 in

1918 3288 2138 3345 deserto
2181 3288 2520 3343 constitutus
2569 3285 2944 3356 exspectabam
2981 3303 3141 3352 eum,
3174 3287 3264 3357 qui
3289 3285 3499 3340 salvum

1919 3396 2001 3433 me
2029 3380 2161 3449 facit
2196 3396 2229 3434 a
2255 3379 2703 3449 pusillanimitate
2746 3393 2869 3448 quae
2899 3394 2988 3433 me
3027 3377 3353 3442 invadebat,
3381 3385 3431 3431 et
3465 3394 3498 3430 a

1922 3468 2226 3542 tempestate
2269 3486 2392 3540 qua:
2439 3485 2527 3524 me
2572 3471 2954 3539 interceperat,
3019 3460 3343 3536 Praecipua,
3388 3466 3492 3522 Do.-

1921 3565 2084 3627 mine,
2107 3573 2156 3618 et
2187 3560 2360 3617 divide
2390 3561 2599 3631 linguas
2640 3575 2846 3622 eorum,
2886 3565 2941 3614 et
2980 3567 3197 3613 caetera.
3264 3556 3498 3613 Causam

1923 3652 2097 3723 aperit
2142 3666 2243 3706 cur
2285 3649 2401 3704 alas
2450 3648 2701 3705 obtinere
2724 3648 2998 3719 rogaverit
3028 3645 3096 3700 ad
3125 3646 3417 3701 velandum
3445 3653 3502 3700 et

1922 3740 2310 3812 efi‘ugiendum,
2333 3747 2389 3796 et
2412 3756 2510 3796 cur
2534 3739 2851 3795 solitudinis
2879 3737 3271 3793 habitationem
3296 3752 3497 3792 memo-

1923 3840 2055 3891 ratae
2107 3829 2317 3884 civitati
2368 3828 2706 3893 antetulerit,
2755 3826 2842 3882 his
2890 3833 3051 3901 utens
3105 3825 3323 3881 verbis:
3354 3824 3503 3891 Quo-

1924 3919 2072 3973 niam
2097 3919 2213 3975 haec
2250 3927 2305 3974 et
2343 3918 2437 3975 illa
2469 3934 2536 3974 ex
2568 3916 2871 3988 prophetici
2902 3915 3132 3985 Spiritus
3145 3915 3492 3984 praescientia

1927 4011 1981 4065 in
2010 4011 2233 4069 civitate
2252 4010 2490 4080 gerenda
2512 4023 2636 4064 esse
2661 4007 2889 4078 cegnovi
2913 4023 2928 4072 ;
2956 4006 3079 4061 ideo
3110 4006 3239 4059 hinc
3268 4004 3505 4075 effugere

1926 4111 1981 4158 et
2012 4102 2279 4157 malorum
2313 4099 2648 4155 multitudini
2670 4114 2754 4154 me
2772 4096 3076 4155 subducere
3107 4096 3361 4165 cogitavi.
3381 4095 3503 4150 Pri-

1929 4209 2072 4248 mam
2096 4193 2240 4249 enim
2273 4193 2606 4264 impietatem
2646 4191 2954 4246 futurorum
2986 4188 3233 4256 ejusdem
3264 4187 3505 4243 civitatis

1930 4283 2269 4347 incolarum,
2314 4298 2382 4338 es
2431 4281 2616 4351 lingua
2665 4295 2855 4335 eorum
2901 4278 3269 4349 profecturam
3324 4275 3501 4330 video.
3604 4319 3611 4325 .

255 4400 490 4473 πληθύν.
524 4368 743 4470 Πρῶτόν
774 4368 882 4467 γάρ
909 4368 1290 4465 ἀσέϐημα
1446 4383 1819 4458 προλεχθεῖσαι

1931 4377 2133 4431 Omnes
2162 4374 2362 4445 quippe
2396 4374 2451 4428 in
2476 4373 2618 4427 malo
2640 4371 3066 4431 consentientes,
3087 4368 3326 4438 linguam
3348 4380 3503 4420 suam

256 4492 418 4547 ⁴ιοόλιν
465 4490 801 4560 οἰκησάντων
835 4487 944 4558 ὁρῶ
985 4485 1047 4539 τὸ
1078 4488 1144 4538 ὲκ
1191 4482 1291 4552 τῆς
1334 4478 1578 4550 γλώττης
1625 4473 1825 4529 αὐτῶν.

259 4583 472 4644 Πάντες
501 4580 609 4652 γὰρ
640 4577 848 4644 ῶξυναν
873 4576 1077 4630 ἑαυτῶν
1094 4574 1200 4626 ’ἐπὶ
1241 4568 1396 4640 κακῷ
1436 4567 1830 4637 συμφωνήσαν-
1858 4614 1862 4619 .

257 4690 361 4736 τες
380 4674 482 4736 τὰς
508 4671 755 4740 γλώττας
777 4669 918 4723 κατά
939 4668 1034 4721 τοῦ
1063 4665 1195 4719 Υἱοῦ
1242 4662 1340 4716 τοῦ
1387 4659 1522 4714 Θεοῦ
1547 4677 1561 4690 ·
1594 4657 1696 4722 διδ,
1752 4653 1828 4725 μὴ

260 4763 445 4835 φέρων
470 4762 649 4817 αὐτῶν
668 4761 766 4832 τὴν
792 4759 1067 4832 μοχθηρὰν
1098 4754 1302 4826 ταύτην
1344 4755 1440 4806 καὶ
1469 4748 1644 4818 ἀσεϐῆ
1694 4763 1831 4815 συμ-

260 4853 493 4925 φωνίαν,
512 4852 740 4927 εὔχομαι
783 4850 983 4919 λέγων·
1010 4843 1077 4900 Ὦ
1120 4847 1297 4914 Κύριε
1317 4884 1331 4909 ,
1389 4839 1833 4927 καταπόντισον

261 4945 364 4999 καί
391 4943 703 4997 καταδιελε
731 4940 836 5006 τὰς
865 4938 1149 5009 γλώσσας
1173 4932 1389 4991 αὐτῶν.
1424 4933 1517 4995 Ἦ,
1564 4927 1706 4984 κατά
1741 4925 1833 4978 τὸν

261 5034 585 5106 Σύμμαχον⁸
618 5027 1177 5095 Καταποντισθῆναι
1205 5025 1466 5091 ποίησον
1489 5061 1505 5085 ,
1533 5019 1831 5079 Δέσποτα,

260 5127 364 5181 καί
409 5126 775 5194 ἀσύμφωνον
815 5122 1078 5188 ποίησον
1126 5116 1241 5185 τὴν
1283 5114 1572 5187 γλῶσσαν
1612 5107 1831 5164 αὐτῶν.

259 5216 377 5287 Τῆς
400 5214 508 5286 γὰρ
540 5212 818 5285 μοχθηρᾶς
851 5209 1167 5282 συμφωνίας
1200 5206 1333 5261 πολὺ
1362 5206 1604 5276 κρεῖττον
1640 5197 1834 5269 γένοιτ’

256 5306 328 5361 ἂν
362 5307 397 5377 η
423 5302 746 5375 ἀσυμφωνία
763 5343 778 5367 ,
809 5300 1144 5372 ἀτονωτέραν
1173 5297 1268 5352 καὶ⁸
1304 5291 1695 5377 ἀσθενεστέραν
1733 5305 1835 5342 κα-

257 5375 393 5453 κίαν
419 5395 861 5468 ἀπεργαζομένη.
885 5393 1055 5446 Τοῦτο
1082 5391 1179 5462 μὲν
1203 5384 1297 5442 οὖν
1319 5386 1380 5439 τὸ
1401 5382 1616 5455 πρῶτον
1647 5375 1716 5450 ἦν
1739 5379 1836 5433 αύ-

258 5489 371 5544 τῶν
386 5490 595 5543 κακόν.
631 5487 775 5540 οἵτε
808 5484 917 5556 γὰρ
938 5482 1034 5539 τοῦ
1056 5481 1239 5544 ἔθνους
1266 5473 1605 5549 προεστῶτες
1628 5510 1643 5533 ,
1674 5484 1835 5538 νομο-

259 5579 577 5635 διδάσκαλοι
611 5578 707 5632 καὶ¹
752 5577 1049 5648 ἀρχιερεῖς,
1086 5574 1180 5629 καὶ
1216 5572 1390 5625 λοιποὶ
1436 5569 1693 5638 ἄρχοντες
1744 5560 1837 5616 τοῦ

263 5672 416 5739 λαοῦ,
442 5671 633 5735 δολίως
653 5668 798 5740 αὐτῷ
826 5670 1161 5740 προσιόντες,
1189 5662 1461 5735 πειράζειν
1496 5658 1658 5714 αὐτὸν
1689 5653 1838 5709 ἐτόλ-

1931 4474 2269 4522 exacuerunt
2331 4471 2524 4518 contra
2578 4460 2773 4516 Filium
2837 4456 2931 4512 Dei
2996 4475 3009 4511 :
3068 4470 3239 4526 quare
3282 4453 3504 4523 impiam

1933 4572 2121 4613 eorum
2162 4562 2216 4610 et
2264 4556 2586 4610 sceleratam
2623 4548 2971 4607 concordiam
3003 4563 3113 4601 non
3148 4545 3350 4608 ferens,
3392 4544 3508 4598 haec

1936 4661 2130 4717 precor
2163 4664 2176 4698 :
2208 4643 2253 4699 0
2284 4643 2526 4704 Domine,
2575 4641 2849 4712 pra’cipita
2895 4648 2944 4692 et
2969 4637 3141 4691 divide
3173 4635 3384 4704 linguas
3420 4612 3555 4688 eo-.

1937 4753 2090 4801 rum;
2134 4738 2271 4799 sive,
2323 4734 2623 4791 secundum
2678 4731 3083 4805 Symmachum,
3120 4726 3232 4782 Fac
3257 4727 3509 4796 demergi,

1936 4830 2184 4894 Domine,
2204 4838 2252 4883 et
2273 4826 2566 4882 discordem
2591 4842 2721 4895 pane
2746 4825 2984 4894 linguam
3001 4838 3203 4876 eorum.
3221 4818 3359 4875 Nam
3388 4832 3481 4873 see
3498 4847 3511 4857 -

1937 4923 2108 4975 lerata
2132 4918 2425 4981 concordia
2457 4917 2628 4970 multo
2648 4914 2995 4986 puestautior
3020 4910 3297 4968 discordia
3328 4909 3510 4971 fuerit,
3594 4972 3597 4979 ι

1938 5025 2060 5080 quia:
2113 5008 2470 5063 infirmiorem
2523 5004 2955 5072 debilioremque
2999 5002 3264 5055 malitiam
3301 4997 3512 5053 reddat.

1942 5102 2057 5157 Hoc
2083 5100 2318 5173 primum
2336 5098 2602 5153 malorum
2623 5097 2800 5150 inerat
2828 5094 2982 5163 ipsis.
3008 5091 3143 5147 Nam
3164 5090 3515 5160 magistratus

1941 5194 2140 5266 gentis,
2161 5193 2295 5263 legis
2316 5191 2571 5246 doctores
2588 5227 2604 5252 ,
2622 5185 2898 5258 principes
2928 5182 3272 5239 sacerdotum
3298 5196 3361 5234 ac
3388 5177 3516 5232 reli-

1942 5285 2034 5356 qui
2053 5282 2232 5354 populi
2248 5281 2524 5352 principes
2545 5279 2613 5332 ad
2629 5292 2752 5333 eum
2770 5291 2894 5331 cum
2908 5275 3034 5329 dolo
3050 5269 3514 5356 adeuntes,ipsum

1944 5355 2154 5431 tentare
2180 5375 2472 5435 audebant,
2501 5370 2847 5426 occasionem
2875 5372 3182 5436 captantes,
3206 5368 3261 5416 et
3291 5355 3516 5412 insidias

1943 5470 1999 5525 in
2023 5483 2147 5525 eum
2178 5477 2474 5524 struentes.
2537 5463 2692 5532 Quod
2729 5461 2870 5516 alius
2898 5471 3117 5528 quoque
3138 5445 3517 5508 subindicabat

1945 5561 2209 5631 psalmus,
2257 5575 2325 5614 ex
2354 5557 2600 5627 ejusdem
2633 5565 2865 5625 persona
2894 5549 3024 5631 talia
3053 5545 3197 5598 fatus
3222 5536 3514 5631 :‘Circttur-

1946 5625 2201 5708 dederunt
2241 5666 2321 5707 me
2358 5625 2499 5705 tauri
2536 5646 2713 5711 multi,
2754 5641 2904 5699 vituli
2939 5625 3153 5709 pingues
3205 5626 3516 5683 obsederunt
