4024 6202
472 274 581 331 Πθ

1142 272 1417 330 Ευδεθιι
1452 268 2103 328 ΒΑΕΞΑἎΕΜΙΘΟΡΡ.
2144 271 2327 327 PARS
2363 268 2454 325 1H.
2494 299 2565 313 —
2602 267 3014 325 EXEGETICA.

3611 258 3719 321 ω

472 408 574 448 me.
625 390 952 460 Aperuerunt
980 402 1136 456 super
1164 404 1247 451 me
1271 405 1331 443 os
1374 404 1529 443 suum
1557 391 1695 444 sicut
1726 389 1807 445 leo
1836 392 2039 459 rapiant

2152 404 2290 459 μων,
2334 386 2503 451 λαϐὰς
2551 385 2899 458 θηρώμενοι,
2944 380 3041 437 καὶ
3072 379 3369 444 ἐπιϐουλὰς
3412 380 3529 434 κατ’
3556 379 3722 434 αὑτοῦ

468 487 521 532 et
553 478 761 548 rugiens
778 480 847 531 “.
868 476 1002 537 Nam
1020 476 1091 531 ibi
1118 491 1337 547 quoque
1362 478 1639 547 principes
1654 479 1836 549 populi
1852 480 2039 534 adum-

2154 478 2630 549 αυσκευαζόμενοι.
2667 479 2735 531 ⁸ο
2779 476 2845 548 δὴ
2874 476 2971 530 καὶ
3006 476 3194 547 ἔτερος
3222 473 3474 544 ᾐνίττετο
3508 471 3726 544 ψαλμλς

468 567 664 622 ῠτοιιοι
708 584 722 621 :
774 567 1137 638 quamobrem
1175 581 1370 622 rursus
1414 582 1480 623 os
1524 581 1719 622 eorum
1760 576 2046 636 memorat,

467 655 541 712 ob
582 656 815 711 consilia
861 662 917 711 et
962 654 1194 711 insidias
1241 669 1432 711 eorum
1479 654 1770 713 adversum
1800 671 1863 713 se
1901 667 2051 715 stru-

467 754 611 802 ειεε.

2151 568 2394 635 ἑξκαίδτοῦ
2415 566 2706 641 προσώπου
2730 556 2910 640 φήξςις
2927 584 2943 601 ο
2967 562 3465 635 Περιεκύκλωσάν
3487 579 3566 634 με
3586 563 3728 618 ταί-

2143 677 2241 729 ροι
2268 661 2506 725 πολλοὶ,
2528 662 2750 730 μόσχοι
2788 660 2997 725 πίονες
3034 656 3360 727 περιέσχον
3395 670 3492 722 με.
3527 656 3723 710 Ἦνοιο

2153 751 2271 817 ξαν
2294 752 2387 804 ἐπ’
2415 750 2521 821 ἐμὲ
2550 751 2618 814 sb
2660 753 2857 820 στόμα
2886 747 3087 804 αὐτῶν
3126 749 3208 814 ὡς
3252 746 3411 801 λέων
3451 742 3728 813 ἁρπάζων

466 840 566 893 καὶ
600 839 955 908 ἀρυόμενος·
981 840 1160 893 Κάκεῖ
1188 840 1298 914 γὰρ
1318 842 1461 906 τοὺς
1495 841 1765 914 ἄρχοντας
1802 843 2049 915 ᾐνίττετο
2074 845 2170 900 τοῦ
2202 846 2332 901 λαοῦ
2359 863 2373 878 ο
2402 847 2483 901 διὸ
2537 847 2698 903 πάλιν
2752 847 2848 901 τοῦ
2876 846 3144 920 στόματος
3172 843 3353 899 αὐτῶν
3384 842 3726 915 ἓμνημόνευε

465 930 557 985 διὰ
586 929 684 994 τὰς
715 932 835 984 κατ’
860 929 1025 985 αὐτοῦ
1056 931 1349 996 ἐπιϐουλάς
1375 949 1436 986 τε
1466 934 1557 987 καὶ
1591 932 1831 1003 σκέψεις.

543 1019 608 1076 Et
626 1036 760 1109 sane
785 1022 1096 1092 cuiusmodi
1126 1038 1291 1080 voces
1314 1025 1379 1078 ad
1408 1023 1662 1080 Pontium
1695 1024 1931 1081 Pilatum
1954 1032 2045 1081 to—

465 1119 558 1165 tus
589 1108 1171 1183 Judaeorum‘populus
1209 1124 1402 1169 contra
1444 1130 1570 1172 eum
1614 1116 1869 1183 ediderit,
1906 1110 2042 1173 ’ᾖπ-

468 1211 591 1257 rant
646 1203 966 1275 Evangelia.
1028 1204 1195 1272 Quod.
1230 1205 1360 1260 item
1430 1208 1486 1263 in
1543 1207 1808 1265 vicesimo
1865 1209 2071 1281 primo

464 1294 676 1363 psalmo
703 1294 1019 1350 declarabat
1038 1295 1229 1352 dicens
1256 1315 1271 1351 :
1296 1297 1562 1363 Quoniam
1582 1298 2043 1354 circumdederunt

462 1401 546 1440 me
594 1402 749 1440 canes
803 1386 988 1448 multi.
1046 1388 1328 1442 concilium
1374 1390 1788 1459 malignantium
1840 1390 2045 1446 obsedit

464 1493 545 1531 me
564 1477 630 1530 ’⁸.
662 1475 730 1530 Et
751 1475 866 1531 haec
885 1480 1067 1531 omnia
1094 1477 1150 1532 in
1181 1468 1480 1534 memorata
1508 1480 1645 1535 urbe
1675 1480 2035 1552 gerebantur:

460 1584 633 1640 quare
674 1569 730 1623 in
777 1570 1030 1639 praesenti
1068 1570 1295 1634 dicitur,
1345 1570 1653 1641 Prcecipita,
1695 1571 1941 1637 Domine,
1985 1582 2038 1628 et

463 1661 639 1716 divide
670 1661 877 1732 linguas
920 1678 1125 1717 eorum.
1175 1661 1379 1717 Deinde
1409 1664 1694 1734 subiungit
1725 1683 1737 1718 :
1763 1664 2033 1731 Quoniam

461 1755 568 1809 uidi
607 1756 939 1825 iniquitatem
978 1764 1029 1809 et
1072 1753 1547 1809 contradictionem
1576 1754 1633 1809 in
1673 1754 1927 1811 civitate:
1951 1756 2039 1812 die

462 1861 526 1899 ac
576 1854 727 1899 nocte
764 1845 1119 1900 circumdabit
1150 1861 1291 1912 eam,
1332 1852 1389 1901 et
1426 1853 1651 1913 caetera;
1697 1862 1798 1917 pro
1834 1847 2038 1919 quibus

463 1935 826 2006 Symmachus
847 1937 929 1992 sic
952 1936 1345 2006 interpretatus
1372 1944 1457 1992 est
1479 1956 1494 1991 :
1520 1935 1785 2003 Quoniam
1807 1938 1915 1992 vidi
1931 1939 2039 1993 vio-

460 2026 659 2080 lentam
689 2026 1021 2097 iniquitatem
1050 2033 1101 2079 et
1137 2025 1458 2094 injustitiam
1498 2026 1557 2080 in
1601 2028 1831 2092 civitate,
1853 2027 1939 2083 die
1975 2045 2039 2083 ac

459 2127 609 2172 nocte
628 2116 1041 2171 circumdantem
1068 2133 1246 2172 muros
1266 2117 1403 2187 ejus,
1425 2116 1665 2174 dolorem
1696 2128 1747 2174 et
1769 2120 2037 2175 miseriam

459 2216 603 2268 intra
635 2215 827 2281 ipsam,
858 2214 1224 2283 improbitates
1265 2212 1411 2271 intra
1449 2214 1643 2283 ipsam.
1680 2215 2038 2285 inseparabile

458 2320 494 2358 a
522 2303 715 2376 plateis
741 2303 855 2374 ejus
889 2303 1147 2358 damnum
1196 2314 1245 2358 et
1275 2304 1558 2359 insultum.
1597 2304 1911 2374 iniquitatis
1940 2321 2037 2360 au-

460 2400 570 2448 tem
618 2407 782 2461 opera
820 2399 1000 2455 erant,
1038 2391 1282 2447 admissa
1322 2393 1378 2447 in
1430 2391 1770 2448 Salvatorem
1804 2395 2033 2461 scelera,

457 2491 513 2537 et
542 2482 780 2537 violenta
830 2497 955 2537 vere
989 2483 1270 2552 iniquitas.
1301 2480 1436 2535 Nam
1475 2499 1570 2552 pro
1594 2499 1655 2536 eo
1704 2494 1760 2536 ut
1798 2501 1879 2539 me
1910 2485 2040 2538 dili-

456 2582 655 2644 gerent,
683 2571 878 2642 inquit,
899 2570 1245 2625 detrahebant
1274 2572 1439 2636 milti;
1473 2583 1521 2627 et
1547 2584 1834 2642 posuerunt
1861 2574 2038 2629 adrer-

455 2681 575 2720 sum
620 2680 701 2719 me
749 2663 893 2718 mala
952 2679 1047 2733 pro
1099 2661 1270 2728 bonis,
1314 2673 1365 2718 et
1403 2664 1583 2719 odium
1621 2682 1718 2735 pro
1760 2665 2038 2720 dilectione

458 2772 574 2811 mea
594 2755 663 2811 ".
696 2752 1073 2810 Contradictio
1120 2764 1305 2808 autem
1346 2762 1401 2809 et
1434 2755 1707 2824 injustitia
1743 2756 1884 2826 apud
1914 2756 2036 2813 illos

455 2857 595 2913 erat,
626 2848 816 2915 multis
852 2846 1086 2901 testibus
1121 2855 1316 2899 contra
1349 2861 1474 2899 eum
1506 2846 1914 2913 accedentibus,
1954 2850 2041 2902 ni-

459 2938 644 3008 hilque
685 2951 873 2991 verum
923 2942 1018 2988 aut
1066 2943 1501 2990 consentaneum
1549 2935 1881 2992 dicentibus.
1912 2936 2037 2992 limo

457 3041 589 3081 vero
630 3040 738 3079 non
771 3022 860 3078 die
902 3023 1101 3078 solum.
1158 3027 1254 3077 sed
1295 3033 1463 3077 noctu
1515 3040 1734 3095 quoque
1772 3025 2037 3096 gereban-
2064 3050 2105 3104 ρ

461 3127 569 3169 tur.
603 3114 697 3171 Sic
721 3115 866 3170 enim
887 3122 1052 3169 noctu
1078 3128 1298 3180 quoque
1319 3112 1516 3168 Petrus
1539 3115 1792 3186 abnegat,
1818 3115 2037 3185 quando

457 3203 628 3259 Judas
661 3210 801 3258 ‘cum
847 3204 1072 3258 laternts
1122 3213 1176 3256 et
1222 3202 1568 3272 lampadibus
1611 3204 1865 3259 accessit.
1918 3202 2038 3258 Nox

458 3295 588 3350 item
621 3303 740 3349 erat
773 3311 897 3349 cum
937 3295 1100 3350 modo
1122 3298 1189 3347 ad
1218 3295 1452 3357 Annam,
1487 3294 1649 3349 modo
1680 3293 1746 3348 ad
1775 3294 2035 3365 Caipham

458 3385 807 3440 adducebant
828 3402 976 3450 eum,
1006 3387 1174 3441 nullis
1205 3401 1314 3439 non
1337 3386 1687 3440 contumeliis
1716 3385 2033 3441 allicientes.

462 3469 619 3527 Mane
648 3483 823 3527 autem
852 3474 1017 3543 facta,
1050 3464 1633 3544 ligantesadduxerunt
1656 3490 1774 3528 eum
1790 3482 1839 3527 et
1865 3474 2037 3527 tradi-

460 3563 648 3621 derunt
681 3563 859 3618 Pilato
880 3566 1019 3629 ",et
1051 3572 1249 3619 castera
1273 3579 1392 3633 (lus:
1418 3565 1726 3633 passionem
1759 3570 2036 3634 spectant,

460 3640 713 3727 egerunt.
746 3655 879 3723 Quae
924 3656 1108 3710 omnia
1159 3656 1356 3725 spiritu
1387 3655 1734 3725 prospiciens
1773 3655 2037 3725 pr0pl|eta

461 3748 543 3802 sic
574 3746 975 3803 vociferabatur
1003 3766 1016 3801 :
1051 3747 1312 3813 Quoniam
1343 3746 1450 3801 vidi
1475 3746 1806 3817 iniquitatem
1836 3756 1884 3801 et
1912 3762 2039 3800 con-

462 3836 829 3891 tradictionem
880 3838 934 3890 in
968 3838 1202 3901 ciuitate,
1245 3837 1330 3891 die
1370 3854 1434 3892 ac
1469 3847 1617 3892 nocte
1645 3836 2036 3891 circumdantcs

462 3930 654 3998 ipsam,
691 3928 993 3984 secundum
1026 3928 1436 4000 Symmachum.
1472 3929 1534 3983 Et
1576 3931 1691 3984 haec
1721 3914 1942 4007 quidem
1978 3930 2034 3985 in

462 4021 703 4075 civitate.
744 4020 909 4075 Circa
949 4036 1139 4077 muros
1170 4021 1294 4090 ejus
1342 4030 1521 4075 autem
1563 4022 1825 4090 iniquitas
1873 4032 1927 4077 et
1954 4012 2035 4077 la-

463 4112 593 4175 hor;
624 4109 740 4165 sive
768 4111 1070 4166 secundum
1094 4110 1505 4181 Symmachum,
1531 4112 1686 4165 dolor
1710 4122 1759 4165 et
1782 4114 1997 4167 miseria
2018 4129 2037 4168 :

461 4199 846 4271 signiﬁcatque
869 4215 935 4254 ea
961 4214 1083 4269 quae
1119 4207 1274 4255 extra
1306 4185 1494 4255 urbem
1526 4211 1680 4272 gesta
1726 4211 1879 4266 sunt,
1912 4218 2036 4258 cum

457 4293 754 4349 etlucenles
812 4294 989 4362 ipsum
1013 4293 1361 4349 adduxerunt
1387 4293 1440 4347 in
1475 4294 1658 4349 locum
1683 4294 1888 4367 dictum
1911 4294 2037 4351 Gol-

2216 1026 2327 1080 Kal
2340 1027 2368 1078 ὁ
2390 1027 2498 1090 πᾶς
2512 1026 2571 1079 δὲ
2584 1024 2693 1079 τῶν
2718 1025 2982 1079 Ἰουδαίων
2995 1023 3125 1087 λαὸς
3144 1022 3336 1085 ὁποίας
3354 1023 3447 1075 ἐπὶ
3471 1021 3568 1074 τοῦ
3585 1023 3723 1075 ﬂav-

2146 1117 2261 1170 τίου
2286 1116 2519 1170 Πιλάτου
2547 1119 2669 1171 κατ’
2685 1115 2849 1170 αὑτοῦ
2873 1117 3186 1186 προσήκατο
3204 1113 3410 1185 φωνὰς,
3431 1114 3634 1184 ίπορεῖ
3655 1113 3728 1168 τὰ

2146 1210 2472 1279 Εὐαγγέλια.
2513 1211 2579 1263 ⁸0
2614 1208 2677 1279 δὴ
2710 1208 2802 1262 καὶ
2833 1206 2964 1261 αὐτὸ
2995 1206 3232 1277 παρίστη
3259 1206 3317 1258 ὲν
3343 1209 3445 1259 κα⁹
3463 1203 3669 1275 ψαλμῷ
3694 1205 3728 1258 δ

2146 1299 2344 1354 εἰπών·
2390 1301 2533 1355 "Ott.
2559 1297 2913 1353 ἐκύκλωσαν
2949 1314 3026 1367 με
3054 1298 3237 1364 κύνες
3264 1296 3481 1350 πολλοὶ
3507 1335 3523 1360 ,
3569 1310 3725 1349 συν-

2146 1389 2345 1459 αγωγὴ
2388 1388 2885 1461 πονηρευομένων
2934 1387 3259 1456 περιέσχον
3282 1404 3378 1456 με.
3407 1387 3519 1439 Καὶ
3547 1385 3723 1438 ταῦτα

2145 1482 2320 1538 πάντα
2345 1484 2403 1537 ὲν
2418 1484 2486 1554 τῇ
2506 1480 2805 1553 δηλουμένη
2829 1480 3128 1552 ἐπράττετο
3151 1477 3306 1532 πόλει
3324 1495 3339 1508 ·
3365 1477 3446 1530 διδ
3470 1476 3723 1529 λέλεκται

2140 1577 2199 1631 ὲν
2226 1579 2338 1639 τοῖς
2366 1575 2780 1647 προκειμένοιςσ
2829 1575 3316 1635 Καταπόντισον,
3363 1572 3569 1638 Κύριε,
3620 1568 3725 1623 καὶ

2069 1713 2111 1772 Β
2140 1667 2452 1722 uarat?!st
2481 1666 2587 1734 τὰς
2610 1664 2895 1737 γλώσσας
2914 1663 3129 1719 αὐτῶν.
3161 1659 3534 1767 Εἴθ’-ἐπιλέγει
3557 1677 3573 1692 ·
3600 1661 3721 1772 ὀἷι

2136 1756 2301 1812 εἶδον
2326 1758 2586 1826 ἀνομίαν
2612 1757 2708 1810 καί
2747 1755 3097 1825 ἀντιλογίαν
3132 1754 3204 1807 ἐν
3228 1751 3304 1822 τῇ
3333 1756 3506 1807 πόλει
3524 1769 3539 1783 ’
3575 1750 3720 1821 ἠμέ-

2129 1866 2245 1917 ρας
2265 1848 2363 1903 καί
2391 1847 2614 1914 νυκτὸς
2637 1845 2938 1902 κυκλώσει
2959 1843 3155 1912 αὐτὴν
3169 1883 3184 1909 ,
3212 1844 3308 1897 καὶ
3325 1843 3394 1895 τὰ
3417 1843 3544 1914 ἑξῆς
3562 1859 3574 1873 ·
3601 1840 3720 1894 ἀνθ’

2137 1933 2214 1994 ὧν
2239 1941 2268 1994 ὀ
2307 1938 2602 2011 Σύμμαχος
2635 1936 2824 1992 τοῦτον
2856 1937 3166 2009 ἡρμήνευσε
3201 1934 3294 1988 τὸν
3315 1932 3518 2005 τρόπον
3538 1933 3721 1985 "’On

2137 2030 2439 2100 ἐθεώρησα
2478 2031 2686 2095 βίαιον
2737 2027 2980 2084 ἀδικίαν
3033 2024 3134 2080 καί
3186 2023 3511 2080 ἀδικασίαν
3538 2023 3609 2077 ἐν
3645 2021 3724 2090 τῇ

2136 2122 2306 2176 πόλει
2332 2161 2346 2187 ,
2404 2120 2630 2190 ἡμέρας
2660 2117 3015 2198 καίίνυκτὸς
3047 2115 3391 2171 κυκλοῦντα
3418 2111 3610 2182 αὐτῆς
3648 2113 3721 2168 τὰ

2136 2215 2326 2284 τείχη,
2353 2211 2578 2281 ὀδύνην
2595 2212 2691 2265 καί
2721 2210 3119 2279 ταλαιπωρίαν
3139 2204 3319 2263 ἔνδον
3340 2204 3548 2273 αὐτῆς,
3571 2206 3720 2273 ἐπη-

2128 2305 2299 2372 ρείας
2322 2302 2502 2358 ἔνδον
2524 2299 2716 2368 αὐτῆς
2741 2340 2755 2364 ,
2779 2295 3255 2368 ἀχὼριστονάπὸ
3282 2293 3402 2349 τῶν
3424 2293 3724 2369 πλατειῶν

2136 2395 2328 2464 αὐτῆς
2373 2392 2586 2464 ζημίαν
2615 2390 2714 2445 καί
2742 2390 3035 2444 ἐπίθεσιν.
3112 2386 3367 2457 ’Δνομίας
3397 2385 3455 2439 δὲ
3484 2385 3622 2456 ἔργα
3651 2381 3722 2457 ἧν

2136 2484 2206 2540 τά
2233 2484 2373 2538 κατὰ
2398 2482 2492 2536 τοῦ
2522 2480 2773 2552 Σωτῆρος
2799 2477 3145 2549 τολμώμενα,
3173 2477 3266 2530 καὶ
3298 2476 3472 2548 βίαιος
3494 2476 3571 2539 ὡς
3595 2476 3723 2548 ἁλη-

2140 2566 2248 2640 θῶς
2273 2575 2472 2629 ἀδικία.
2515 2573 2664 2626 Ἀντὶ
2683 2571 2788 2644 γὰρ
2811 2569 2919 2625 τοῦ
2948 2567 3206 2640 ἀγαπᾷν,
3223 2569 3404 2640 φησὶν,
3425 2566 3724 2622 ἐνδιέδαλ-

2135 2669 2252 2721 λόν
2277 2682 2381 2736 με·
2417 2665 2515 2718 καὶ
2547 2664 2751 2718 ἔθεντο
2785 2663 2914 2716 κατ’
2943 2659 3086 2731 ἐμοῦ
3113 2659 3269 2714 κακὰ
3298 2658 3433 2713 ἀντὶ
3460 2658 3719 2729 ἀγαθῶν,

2137 2757 2234 2812 καί
2252 2757 2431 2828 μῖσος
2449 2755 2583 2812 ἀντὶ
2602 2753 2712 2823 τῆς
2731 2751 3086 2823 ἀταπήσεώς
3106 2768 3237 2819 μου.
3269 2750 3567 2819 ’Λντιλογία
3581 2751 3639 2804 δὲ
3652 2745 3723 2821 ἦν

2137 2848 2196 2900 ὲν
2213 2847 2396 2911 αὐτοῖς
2424 2845 2517 2899 καί
2540 2838 2793 2898 άδικασία
2817 2883 2833 2905 ,
2864 2840 3073 2896 πολλῶν
3100 2840 3394 2913 μαρτύρων
3411 2840 3723 2911 παριόντων

2138 2935 2260 2988 κατ’
2275 2932 2460 2998 αὑτοῦ,
2482 2934 2575 2987 καὶ
2597 2932 2765 3004 μηδὲν
2783 2931 2978 3003 ἀληθὲς
2993 2931 3282 3003 σύμφωνον
3296 2929 3585 3000 λεγόντων.
3610 2930 3721 2983 Καὶ

2137 3022 2312 3077 ταῦτα
2345 3022 2643 3095 ἐπράττετο
2686 3022 2745 3075 οὐ
2779 3021 2846 3074 δι’
2878 3020 3091 3092 ἡμέρας
3123 3020 3309 3090 μόνον,
3344 3013 3483 3074 ἀλλὰ
3509 3018 3605 3072 καὶ
3636 3019 3724 3072 διὰ

2144 3113 2362 3176 νυκτός.
2397 3110 2553 3166 Οὕτω
2573 3111 2680 3183 γὰρ
2703 3112 2759 3165 ὲν
2779 3111 2933 3165 νυκτὶ
2950 3109 3152 3180 Πέτρος
3178 3096 3453 3181 ἀρνεῖται,
3478 3109 3566 3162 ὅτε
3600 3108 3729 3171 Ἰού,

2136 3203 2232 3266 δας
2260 3190 2397 3274 μετὰ
2427 3200 2609 3272 φανῶν
2633 3203 2726 3255 καὶ
2754 3200 3055 3271 λαμπάδων
3082 3200 3261 3271 ἐπῄει.
3309 3198 3467 3252 Ἀλλά
3496 3195 3723 3264 καὶννῦξ

2135 3290 2204 3366 ἦν
2246 3295 2333 3346 ὅτε
2361 3294 2572 3363 ἀπῆγον
2599 3292 2761 3346 αὐτὸν
2789 3292 2917 3346 ποτὲ
2951 3292 3049 3362 μὲν
3077 3291 3215 3362 πρὸς
3242 3291 3470 3354 'Awav,
3502 3290 3635 3343 ποτὲ
3662 3289 3721 3343 δὲ

2138 3386 2233 3438 καὶ
2272 3384 2410 3457 πρὸς
2439 3383 2691 3452 Καϊάφαν
2714 3424 2729 3447 ,
2778 3381 2968 3454 ὖσρεᾱι
3012 3382 3289 3448 παντοίαις
3338 3380 3716 3453 ἀτιμάζοντεςι

2139 3478 2367 3545 Πρωΐας
2383 3493 2445 3529 τε
2472 3474 2818 3547 γενομένης,
2837 3473 3135 3541 δήσαντες
3158 3474 3345 3529 αὐτὸν
3367 3473 3599 3544 ἤγαγον
3620 3475 3716 3528 καὶ

2138 3566 2490 3637 παρέδωκαν
2507 3566 2762 3631 Πιλάτῳ,
2786 3566 2855 3619 τά
2879 3580 2935 3618 τε
2967 3564 3107 3618 κατά
3138 3565 3200 3618 τὸ
3230 3563 3400 3628 πάθος
3433 3565 3713 3637 ἐνήργουν.

2144 3660 2211 3712 Ἃ
2239 3658 2304 3730 δὴ
2334 3659 2511 3712 πάντα
2539 3655 2618 3728 τῷ
2663 3655 2931 3727 πνεύματι
2963 3652 3195 3727 προϊδὼν
3229 3656 3257 3707 ὁ
3284 3656 3568 3727 προφήτης
3585 3695 3600 3716 ,
3626 3655 3707 3708 ἀν-

2137 3749 2334 3820 εφώνει
2363 3750 2554 3818 λέγων’
2609 3750 2738 3802 Ὅτι
2779 3744 2943 3802 εἶδον
2967 3736 3220 3817 ἀνομίαν
3243 3747 3343 3801 καὶ
3367 3748 3727 3816 ἀντιλογίαν

2136 3841 2207 3895 ἐν
2232 3839 2304 3907 τῇ
2321 3841 2493 3893 πόλει
2508 3839 2730 3909 ἡμέρας
2753 3839 2852 3892 καί
2878 3838 3099 3904 νυκτὸς
3122 3839 3467 3893 κυκλοῦντο
3497 3836 3715 3906 αὐτὴν-ν

2138 3931 2282 4006 κατὰ
2298 3931 2388 3984 τὸν
2407 3930 2721 4001 Σύμμαχον.
2748 3931 2858 3983 Καὶ
2876 3928 3046 3983 ταῦτα
3076 3931 3173 4001 μὲν
3201 3933 3257 3984 ὲν
3279 3932 3343 4001 τῇ
3374 3930 3527 3983 πόλει
3547 3946 3561 3961 ’
3588 3930 3714 4001 περὶ

2137 4020 2196 4074 δὲ
2226 4019 2294 4074 τὰ
2312 4019 2464 4091 τείχη
2495 4018 2666 4089 αὐτῆς
2692 4020 2890 4090 ἀνομία
2911 4020 3005 4073 καὶ
3022 4019 3207 4084 κόπος,
3230 4019 3286 4090 ἢ,
3305 4019 3445 4073 κατᾶ
3466 4018 3560 4072 τὸν
3580 4020 3714 4089 Σύμ-

2140 4128 2312 4182 μαχον
2335 4151 2350 4176 ,
2399 4110 2585 4178 ὀδύνη
2615 4110 2714 4164 καὶ
2745 4112 3129 4179 ταλαιπωρία.
3156 4110 3417 4181 Σημαίνει
3449 4109 3508 4163 δὲ
3533 4111 3601 4163 τά
3633 4111 3719 4162 ὲκ-

2136 4203 2228 4267 τὸς
2256 4202 2356 4272 τῆς
2384 4202 2591 4265 πόλεως
2619 4200 2981 4272 πεπραγμένα
3001 4239 3015 4265 ,
3054 4199 3288 4271 ὁπηνίκα
3316 4199 3717 4267 κατεξαγαγόν-

2136 4312 2227 4359 τες
2271 4294 2431 4350 αὑτὸν
2462 4293 2665 4365 ἧγαγον
2698 4292 2781 4356 είς
2800 4291 2898 4348 τὸν
2946 4292 3234 4361 λεγόμενον
3264 4291 3429 4344 τόπον
3455 4289 3710 4360 Γολγοθά.

459 4378 642 4454 galba.
686 4382 753 4438 Et
786 4399 909 4454 qua:
949 4383 1088 4441 foris
1137 4393 1260 4439 acta
1303 4392 1433 4441 sunt
1462 4380 1617 4440 talia
1656 4392 1833 4455 erant,
1875 4389 2032 4458 plena

2136 4390 2246 4443 Kal
2262 4389 2331 4443 τὰ
2361 4388 2458 4459 μὲν
2483 4385 2588 4454 ἔξω
2608 4385 2832 4440 τοιαῦτα
2850 4382 2940 4456 ἦν,
2970 4382 3144 4456 μεστά
3168 4383 3382 4454 ἀληθῶς
3407 4382 3602 4454 ὀδύνης
3624 4383 3713 4435 καὶ

458 4487 592 4527 sane
625 4472 818 4528 dolore
857 4489 922 4528 ac
955 4474 1177 4530 miseria
1206 4490 1365 4545 :quae
1396 4491 1523 4530 vero
1556 4476 1727 4540 intus,
1770 4478 2033 4548 improbi-

444 4570 596 4624 Jate.
629 4563 829 4633 inquit,
856 4564 1058 4620 damno
1085 4570 1142 4621 et
1173 4565 1380 4621 insultu
1406 4568 1607 4636 repleta
1637 4568 1779 4634 vidi;
1810 4568 2032 4637 injusti-

462 4649 536 4702 tia
558 4651 688 4705 item
718 4653 773 4705 in
803 4653 984 4708 medio
1007 4655 1149 4723 ejus,
1180 4666 1231 4708 et
1258 4673 1362 4709 non
1398 4655 1586 4726 defecit
1616 4671 1680 4711 ex
1701 4656 1892 4726 plateis
1919 4657 2033 4728 ejus

463 4755 629 4794 usura
642 4751 693 4794 et
722 4743 913 4807 dolus;
937 4760 1036 4814 pro
1062 4761 1174 4814 quo
1195 4747 1413 4816 Aquila,
1445 4747 1675 4802 debitum
1701 4757 1751 4802 et
1780 4748 2035 4803 insultum

463 4829 856 4900 interpretatus
878 4843 997 4900 est;
1030 4831 1394 4906 Symmachus
1418 4854 1571 4902 vero,
1594 4838 1848 4893 damnum
1876 4852 1928 4894 et
1950 4840 2034 4893 in-

361 4984 364 4987 ,
464 4914 686 4979 saltum.
718 4920 877 4978 Omni
911 4927 1112 4997 quippe
1143 4928 1410 4983 malorum
1444 4944 1643 5000 genere
1672 4931 2034 5000 implebantur

466 5012 820 5083 qui'insidias
846 5015 902 5070 in
930 5015 1267 5074 Salvatorem
1297 5026 1544 5075 nostrum
1574 5030 1915 5078 struxerunt.

536 5190 705 5256 Vsus.
735 5194 923 5249 13-15.
987 5195 1252 5261 Quoniam
1297 5197 1345 5250 si
1385 5198 1630 5254 inimicus
1678 5214 1824 5254 meus
1871 5200 2037 5255 male-

464 5281 877 5351 dixissetmibi,
916 5287 1283 5342 sustinuissent
1309 5289 1518 5359 utique;
1545 5300 1592 5344 et
1621 5292 1668 5345 si
1696 5289 1764 5354 is,
1798 5292 1886 5362 qui
1918 5291 2036 5346 ode-

466 5383 553 5429 rat
586 5392 687 5440 me,
720 5362 875 5445 super
901 5392 982 5432 me
1022 5393 1213 5443 magna
1246 5378 1452 5433 locutus
1485 5381 1691 5449 (uisset,
1722 5381 2032 5436 abscondis-

468 5484 576 5523 sem
597 5484 678 5523 me
692 5468 921 5538 forsitan
949 5467 1014 5523 ab
1038 5485 1120 5525 eo.
1147 5468 1225 5527 Tu
1254 5486 1393 5535 vero,
1422 5470 1573 5526 homo
1609 5472 1896 5538 unanimis,
1924 5471 2034 5526 dua:

2128 4476 2501 4548 ταλαιπωρίας
2524 4493 2537 4506 ο
2559 4475 2722 4530 πάλιν
2735 4475 2791 4529 δὲ
2805 4475 2873 4528 τὰ
2888 4473 3033 4527 ἔνδον
3048 4473 3217 4544 αὐτῆς
3236 4512 3249 4534 ,
3272 4471 3557 4542 ἐπηρείας,
3581 4471 3713 4541 φησὶ

2129 4571 2226 4624 uai.
2276 4569 2478 4640 ζημίας
2507 4569 2601 4623 καὶ
2646 4566 2941 4630 ἐπιθέσεως
2987 4560 3126 4618 εἶδον
3172 4562 3379 4634 μεστάο
3418 4563 3605 4625 ἀδικία
3652 4574 3709 4613 τε

2129 4652 2198 4728 ἦν
2222 4657 2279 4709 ιν
2306 4656 2455 4727 μέσῳ
2480 4655 2652 4725 αὐτῆς
2672 4694 2688 4719 ,
2728 4654 2826 4708 καί
2856 4654 2967 4708 οὐκ
2998 4650 3277 4716 ἐξέλιπεν
3310 4651 3381 4704 ἐκ
3414 4648 3538 4704 τῶν
3560 4652 3709 4703 πλα-

2131 4744 2304 4801 τειῶν
2316 4745 2503 4814 αὐτῆς
2528 4747 2704 4812 τόκος
2718 4744 2820 4799 καί
2833 4743 3016 4810 δόλος
3031 4760 3046 4774 ·
3067 4742 3186 4796 ἀνθ’
3200 4735 3262 4795 οὗ
3280 4743 3310 4794 ὁ
3330 4742 3430 4813 μὲν
3458 4740 3709 4803 Ἀκύλας.

2133 4834 2374 4905 ὄφλημα
2401 4835 2500 4889 καὶ
2530 4835 2819 4898 ἐπίθεσιν,
2852 4834 3226 4904 ἡρμήνευσενο
3261 4835 3291 4886 δ
3316 4830 3372 4886 δὲ
3398 4829 3707 4903 Σύμμαχος.

2136 4924 2346 4996 ζημίαν
2358 4927 2456 4980 καί
2477 4926 2576 4979 ἐπί
2579 4920 2766 4980 θεσιν.
2793 4924 3016 4978 Πάντων
3034 4923 3142 4994 γάρ
3160 4922 3335 4992 πεπλή
3345 4938 3517 4993 ρωντο
3530 4921 3711 4975 κακῶν

2135 5017 2184 5069 οἱ
2217 5017 2316 5088 τὴν
2356 5010 2499 5071 κατὰ
2533 5016 2626 5071 τοῦ
2655 5016 2904 5088 Σωτῆρος
2940 5014 3095 5087 ἡμῶν
3122 5012 3411 5086 ἐπιϐουλὴν
3445 5028 3710 5067 συσκευα-

2138 5108 2381 5179 σάμενοι.
3322 5118 3332 5129 “

2213 5200 2361 5263 Ὅτι,
2393 5201 2444 5254 εί
2467 5199 2678 5269 ἐχθρὸς
2705 5199 2975 5254 ὠνείδισέ
3006 5216 3112 5269 με,
3143 5198 3454 5269 ὑπήνεγκα
3486 5197 3584 5262 ἂν,
3617 5192 3710 5248 καί

2137 5295 2190 5346 εὶ
2216 5295 2249 5346 ὁ
2274 5290 2471 5362 μισῶν
2493 5309 2571 5362 με
2597 5294 2689 5347 ἐπ’
2720 5291 2825 5362 ἐμὲ
2849 5290 3485 5362 ἐμηνλορῤιῃιόνησεν
3501 5329 3517 5353 ,
3543 5286 3706 5354 ἐκρύ-

2142 5385 2256 5451 ϐην
2280 5381 2358 5436 ἂν
2387 5381 2713 5437 ἀπἀὐτοιλ
2736 5381 2819 5436 Σὺ
2850 5381 2938 5448 δὲ,
2968 5381 3239 5449 ἄνθρωπε
3270 5381 3550 5448 ίοςόψυχε.
3580 5378 3705 5443 ἠγε-

2134 5472 2267 5543 μὼν
2310 5490 2431 5543 μου
2461 5473 2559 5528 καί
2591 5471 2817 5543 γνωστέ
2836 5489 2976 5543 μου,
3010 5471 3079 5537 ὃς
3105 5471 3205 5527 ἐπὶ
3230 5470 3296 5527 τὸ
3333 5468 3483 5526 αὐτὸ
3503 5467 3705 5522 ἐλίπο-

536 5646 585 5678 ”
622 5644 767 5704 Psal.
799 5665 927 5715 xxi,
963 5651 1047 5718 i3,
1079 5652 1161 5707 14.
1240 5651 1286 5683 ’⁸
1324 5650 1456 5718 ibid.
1498 5651 1580 5707 l7.
1657 5653 1701 5685 ’⁸
1742 5651 1888 5710 Psal.
1923 5668 2039 5709 cvn‘

2136 5654 2251 5720 με.
2329 5655 2373 5688 ³⁷
2417 5653 2607 5711 Matth.
2646 5667 2817 5718 xxvn,
2865 5651 2915 5720 ί,
2951 5649 3005 5705 2.
