4024 6202
259 313 348 369 η,
865 320 868 323 ·
1369 301 1862 362 COMMENTARIA
1903 302 1970 356 IN
2010 303 2352 362 PSA’LMOS.

3377 320 3486 374 68!

259 427 361 492 νάς
401 442 504 495 μοι
547 423 844 492 ἐδέσματα
868 461 884 486 ,
935 423 1005 477 ὲν
1054 439 1134 487 τῳ
1179 422 1320 486 olm»
1349 423 1452 477 τοῦ
1487 423 1634 476 Θεοῦ
1681 423 1817 475 ἐπο-

1924 439 2064 477 meus
2089 433 2139 476 et
2169 433 2323 477 notus
2355 439 2501 478 meus
2529 441 2548 478 :
2571 428 2660 495 qui
2688 429 2846 482 simul
2875 447 3071 484 mecum
3115 433 3291 488 dulces
3320 438 3484 504 capie-

251 519 542 588 ρεύθημσν
563 517 636 571 ἐν
662 514 922 586 ὁμονοίᾳ.
963 515 1056 577 Είς
1084 513 1274 567 ἑαυτοῦ
1303 515 1591 586 πρόσωπον
1617 513 1817 567 ἀναλα-

257 609 361 664 6ὼν
405 612 434 664 6
461 610 754 680 Προφήτης
783 607 849 661 τά
877 606 1014 661 κατά
1038 599 1148 659 τοῦ⁸
1163 606 1410 677 Σωτῆρος
1437 605 1594 676 ἡμῶν
1618 605 1818 676 τολμη-

255 703 530 773 θησόμενα
551 743 567 767 ,
622 702 842 764 εἰκότως
868 701 1069 769 ἔφασκε
1118 699 1448 770 τεταράχθαι
1498 699 1594 752 καὶ
1619 699 1819 762 δειλίας

254 797 480 850 θανάτου
513 793 914 866 πεπληρῶσθαι.
969 791 1219 846 Μάλιστα
1255 792 1351 861 μὲν
1383 790 1492 860 γὰρ
1525 789 1620 843 καὶ
1647 792 1814 854 πᾶσα,

255 885 434 957 φησὶν,
464 887 496 956 ὴ
523 886 676 948 πόλις
695 885 1016 955 πεπλήρωτο
1039 883 1266 951 ἀνομίας
1290 882 1384 934 καὶ
1406 880 1730 950 ἀντιλογίας,
1757 880 1817 933 ού

253 977 315 1029 δι’
343 978 556 1047 ἡμέρας
584 977 761 1047 μόνον,
812 971 946 1028 ἀλλά
975 973 1068 1026 καὶ
1101 973 1188 1026 διά
1219 972 1413 1034 νυκτός
1437 989 1450 1002 ·
1498 971 1564 1024 τὰ
1593 973 1637 1024 δ’
1663 973 1818 1034 ἐκτὸς

253 1069 346 1139 τῆς
371 1067 578 1130 πόλεως
604 1066 746 1136 ἀμφὶ
776 1065 846 1119 τά
877 1064 1028 1135 τείχη
1059 1065 1228 1134 αὐτῆς
1259 1063 1488 1133 ἀνομίας
1519 1061 1726 1132 ἔμπλεα
1751 1059 1818 1134 ἦν

254 1159 341 1211 καὶ
365 1156 558 1226 ὀδύνης
583 1158 676 1209 καὶ
699 1155 1100 1226 ταλαιπωρίας·
1167 1155 1226 1206 οὐ
1266 1155 1370 1224 μὴν
1392 1153 1528 1206 ἀλλά
1559 1155 1652 1206 καὶ
1679 1156 1815 1208 πάν-

254 1264 352 1300 των
377 1245 556 1300 αὐτῶν
581 1248 637 1300 at
661 1247 830 1317 ψυχαὶ
856 1245 1058 1316 ζημίας
1090 1245 1382 1315 ἐτύγχανον
1413 1247 1506 1298 καὶ
1525 1245 1819 1308 ἐπιθέσεως

259 1337 462 1408 μεσταί.
519 1337 592 1391 Τὺ
614 1338 671 1390 δὲ
695 1338 911 1391 πάντων
937 1337 1208 1406 χείριστον
1229 1376 1244 1399 ,
1297 1337 1378 1388 ὅτι
1413 1336 1506 1388 καὶ
1537 1336 1643 1388 τῶν
1669 1336 1818 1406 ἐμῶν

258 1427 517 1498 ισοψύχων
533 1423 644 1492 εἷς,
676 1427 784 1480 τῶν
807 1444 866 1479 τε
895 1427 1097 1497 σφόδρα
1125 1427 1415 1497 γνωρίμων
1449 1428 1541 1480 καὶ
1565 1429 1819 1494 γνωστῶν

254 1518 368 1588 ιμοὶ
394 1559 410 1582 .
451 1518 675 1572 τοιαῦτα
701 1520 822 1572 κατ’
851 1519 985 1588 ὲμου
1017 1517 1413 1588 πεπαρῴνηκεν
1436 1557 1450 1578 ,
1479 1517 1552 1581 ὡς
1575 1518 1821 1590 ἀφόρητα

253 1602 385 1659 εἶναι
414 1647 428 1670 ,
465 1607 560 1664 καὶ
604 1596 905 1659 οὐκοίστάέ
979 1605 1062 1657 Τά
1095 1605 1192 1674 μὲν
1225 1605 1334 1675 γὰρ
1377 1606 1466 1659 ὑπ’
1491 1607 1698 1678 ἐχθρῶν
1727 1609 1820 1661 καὶ

133 1745 140 1749 .
250 1697 651 1767 ὁμολογούντων
679 1694 1046 1749 ἐναντιοῦσθαι
1070 1696 1166 1749 καὶ
1198 1699 1371 1766 μισεῖν
1399 1700 1461 1750 ὲκ
1489 1698 1580 1751 τοῦ
1615 1715 1820 1771 προφα-

1917 517 2011 567 bas
2040 513 2208 576 cibos,
2242 514 2298 566 in
2326 514 2483 567 domo
2517 515 2616 569 Dei
2645 517 3026 573 ambulavimus
3055 538 3172 575 eum
3205 540 3483 582 consensu.

1918 605 1995 659 Ad
2047 605 2130 660 sui
2183 622 2472 675 personam
2515 608 2759 664 referens
2798 610 3067 682 Pmphet'a
3116 594 3486 674 admittendos

1918 704 2108 749 contra
2142 695 2478 752 Salvatorem
2515 707 2762 754 nostrum
2795 715 2981 762 ausus.
3015 704 3137 773 jure
3170 706 3245 759 ait
3287 723 3347 761 se
3373 719 3486 761 tur-

1919 783 2104 837 batum
2147 793 2200 839 et
2241 787 2531 843 formidine
2571 790 2765 844 mortis
2797 792 3062 860 repletum
3090 810 3232 850 esse.
3266 794 3330 848 Et
3356 812 3484 851 vero

1924 881 2059 936 tota,
2112 873 2309 945 inquit,
2363 878 2558 934 civitas
2601 880 2891 949 iniquitate
2945 890 2998 937 et
3050 886 3486 944 contradictione

1919 967 2076 1034 plena
2111 976 2249 1032 erat,
2298 983 2403 1022 non
2435 970 2522 1023 die
2563 973 2762 1036 solum,
2804 974 2898 1029 sed
2932 975 3094 1030 etiam
3145 989 3322 1032 nocte.
3356 979 3487 1045 Quze

1919 1066 2098 1111 autem
2129 1066 2281 1110 extra
2311 1059 2607 1127 civitatem,
2636 1064 2782 1117 eirea
2805 1080 2992 1120 muros
3013 1066 3152 1135 ejus,
3177 1068 3482 1139 iniquitate,

1918 1146 2106 1200 dolore
2135 1156 2188 1202 et
2228 1149 2448 1204 miseria
2493 1154 2692 1221 repleta
2727 1165 2917 1223 erant;
2957 1157 3067 1211 imo
3096 1160 3258 1213 etiam
3292 1177 3482 1216 eorum

1919 1239 2160 1291 omnium
2193 1240 2389 1295 anima:
2416 1243 2614 1298 damno
2646 1254 2699 1301 et
2725 1247 2931 1302 insultu
2975 1249 3205 1306 refertae.
3240 1252 3307 1305 At
3337 1252 3483 1323 quod

1918 1331 2160 1380 Ouinium
2187 1331 2486 1396 pessimum
2526 1343 2662 1398 erat,
2695 1346 2925 1393 unus'e‘x
2970 1341 3035 1395 iis
3069 1344 3158 1411 qui
3197 1345 3486 1400 unanimes

1917 1426 1970 1470 et
2012 1417 2303 1472 admodum
2353 1423 2468 1476 noti
2518 1426 2649 1478 mihi
2693 1437 2869 1495 erant,
2905 1433 3108 1487 talibus
3159 1443 3350 1488 contra
3397 1451 3485 1493 me

1919 1506 2287 1587 debacchatus
2311 1520 2413 1575 est,
2443 1531 2563 1584 quae
2589 1517 2945 1574 intolerabilia
2976 1532 3028 1576 et
3060 1525 3374 1580 nullatenus
3406 1527 3486 1582 fe-

1920 1599 2087 1654 renda
2125 1602 2255 1655 sint.
2291 1603 2500 1659 Etenim
2528 1608 2597 1662 ab
2635 1609 2872 1666 inimicis
2899 1620 2953 1666 et
2984 1614 3050 1666 iis
3083 1616 3176 1684 qui
3222 1632 3280 1671 se
3306 1619 3482 1686 palam

1922 1689 2264 1747 adversarios
2311 1702 2366 1748 et
2413 1696 2658 1753 infensos
2703 1715 2824 1755 esse
2868 1702 3211 1771 profitentur,
3261 1706 3485 1761 ferenda

247 1755 392 1850 νοῦς,
411 1755 569 1840 οἰστά
590 1788 656 1840 ἂν
669 1787 908 1854 γένοιντό
924 1801 1051 1838 ποτε
1066 1802 1079 1815 ο
1105 1755 1227 1838 ἐπεὶ
1244 1787 1334 1840 καὶ
1353 1755 1817 1857 προφυλάττεσθαι

1924 1775 2150 1834 forsitan
2180 1793 2384 1847 essent,
2419 1786 2547 1854 quia
2584 1787 2836 1843 inimicos
2879 1807 3076 1848 cavere
3123 1794 3189 1847 ab
3219 1795 3396 1864 iisque
3425 1811 3486 1850 se

246 1877 376 1939 τοὺς
404 1876 631 1948 ἠχθροὺς
661 1875 994 1946 κρύπτεσθαί
1027 1893 1085 1928 τε
1116 1876 1209 1928 ἀπ’
1241 1876 1417 1930 αὐτῶν
1447 1876 1692 1941 δυνατὸν,
1724 1879 1818 1930 καὶ

251 1967 422 2037 μηδὲν
451 1965 600 2032 ξένον
628 1965 874 2036 ἡγεῖσθαι
896 1967 1020 2028 τοὺς
1046 1965 1156 2018 τῶν
1195 1965 1404 2037 ἐχθρῶν
1444 1967 1779 2038 ὁνειδισμούς
1799 1985 1813 1998 ·

243 2057 376 2110 ὅταν
405 2058 462 2110 δὲ
500 2057 650 2125 φίλος
683 2056 930 2126 ίσόψυχος
953 2095 967 2118 ,
1001 2057 1128 2110 ὅταν
1157 2059 1186 2110 6
1219 2057 1318 2128 τῆς
1347 2060 1473 2130 παρ’
1502 2060 1625 2128 ἐμοὶ
1653 2060 1818 2130 τιμῆς

244 2161 307 2202 τε
339 2147 436 2200 καὶ
455 2145 685 2216 ἐκλογῆς
709 2145 1110 2214 κατηξιωμένος
1128 2186 1142 2210 ,
1172 2147 1298 2199 ὅταν
1318 2145 1690 2218 ὁμοτράπεζος
1716 2165 1819 2214 μα-

250 2233 419 2304 θητὴς
435 2275 450 2297 ,
475 2237 603 2288 ὅταν
631 2237 659 2287 6
683 2236 1036 2289 συνεισελθὼν
1067 2236 1192 2305 ἐμοὶ
1223 2236 1483 2298 πολλάκις
1510 2238 1590 2298 είς
1611 2236 1700 2288 τὸν
1725 2235 1817 2288 τοῦ

247 2323 384 2378 Θεοῦ
411 2321 577 2388 οἷκον,
612 2325 1159 2396 συμπροσευξάμενός
1185 2343 1246 2378 τε
1272 2326 1367 2380 καὶ
1393 2326 1660 2396 μυστικῆς
1687 2327 1820 2378 ἀπο-

249 2412 450 2476 λαύσας
476 2415 680 2485 τροφῆς
698 2454 713 2477 ,
748 2416 921 2483 λόγων
950 2432 1010 2468 τε
1041 2417 1368 2486 ἀπορρήτων
1413 2415 1521 2468 τῶν
1561 2431 1627 2468 πε
1637 2417 1690 2485 ρὶ
1720 2416 1820 2486 τῆς

251 2506 523 2578 βασιλείας
544 2507 649 2561 τῶν
673 2507 916 2577 οὐρανῶν
949 2507 1261 2576 μετασχὼν,
1293 2507 1518 2561 τοιαῦτα
1539 2509 1657 2561 κατ’
1684 2508 1818 2578 ἐμοῦ

247 2595 390 2667 δρῶν
408 2635 424 2657 ,
453 2597 629 2649 οὐκέτ’
653 2597 716 2649 ἂν
745 2597 954 2664 γένοιτο
979 2598 1200 2654 ἀνεκτά.
1231 2598 1417 2652 Ταῦτα
1437 2600 1492 2652 δὲ
1505 2599 1820 2662 ’ἀκολούθως

249 2687 390 2755 μετὰ
418 2688 484 2740 τὰ
521 2687 884 2758 προλεχθὲντα
918 2689 1045 2759 περὶ
1073 2688 1180 2741 τῶν
1212 2689 1268 2741 ὲν
1291 2692 1356 2759 τῇ
1389 2689 1538 2762 πόλει
1562 2688 1823 2758 τετολμη-

249 2776 451 2844 μένων,
486 2778 630 2841 ἰδίως
665 2779 794 2849 περὶ
833 2778 927 2832 τοῦ
976 2766 1234 2848 προδότου
1275 2779 1442 2832 Ἰούδα
1485 2773 1818 2841 ὲθεσπίξετο.

249 2868 317 2920 "A
333 2867 401 2938 δὴ
423 2868 516 2920 καὶ
539 2867 676 2921 αύτά
694 2867 880 2920 τοῦτον
903 2869 931 2920 6
947 2868 1234 2939 Σύμμαχος
1257 2871 1565 2940 ἡρμήνευσε
1586 2869 1675 2922 τὸν
1695 2869 1790 2939 τρό
1804 2899 1820 2910 -

243 2974 381 3010 πονο
424 2961 507 3012 Ob
562 2957 670 3027 γὰρ
703 2958 917 3026 ἐχθρὸς
944 2959 1386 3026 προεπηλάκωέ
1411 2978 1519 3029 με,
1573 2961 1672 3013 ἵνα
1709 2961 1822 3025 βα·-

239 3047 486 3112 στάεωο
545 3047 686 3101 οὐδὲ
713 3048 810 3101 διὰ
855 3049 1076 3116 μίσους
1099 3067 1203 3116 μοι
1232 3050 1324 3102 ἐπ’
1353 3051 1456 3120 ἐμὲ
1495 3051 1824 3120 ἐμετάλυνε
1851 3082 1892 3136 c

243 3137 638 3208 πτερνισμόν,
671 3139 771 3192 ἵνα
805 3139 1098 3208 κρύϐωμαι
1126 3141 1331 3197 αὐτόν.
1379 3141 1552 3195 Ἀλλὰ
1582 3141 1684 3206 σὺ,
1719 3141 1824 3195 ἇν-

244 3233 465 3299 θρωπε,
494 3231 881 3299 όμοιότροπός
911 3246 1020 3299 μοι
1041 3269 1056 3294 ,
1104 3230 1379 3299 συνήθης
1405 3231 1505 3286 καὶ
1537 3231 1825 3302 γνώριμός

242 3340 340 3390 μοι
361 3361 378 3386 ,
413 3323 633 3388 alterae
669 3323 1203 3394 ἐκοινολογούμεθα
1231 3322 1518 3393 γλυκεῖαν
1549 3323 1822 3392 ὁμιλίαν

245 3413 314 3465 ἐν
346 3411 428 3478 τῷ
455 3413 602 3476 οικῳ
635 3413 742 3466 τοῦ
772 3413 921 3467 Θεοῦ
952 3414 1443 3483 ἀναστρεφόμεθα
1475 3411 1826 3468 συνδιαιτώ-

244 3520 427 3570 μενοι.

331 3595 586 3650 Ἐλθέτω
614 3595 869 3662 θάνατος
895 3597 987 3650 ἐπ’
1007 3595 1247 3661 αὐτοὺς,
1273 3596 1376 3649 καὶ
1399 3596 1827 3662 καταϐήτωσαν

250 3687 332 3751 εις
362 3687 516 3753 ᾅδου
555 3687 764 3754 ζῶντες
791 3705 803 3718 ·
840 3688 929 3742 ὅτι
956 3689 1210 3756 πονηρία
1232 3687 1301 3740 ἐν
1339 3686 1467 3752 ταῖς
1492 3687 1827 3754 παροικίαις

251 3777 468 3842 αὐτῶν,
491 3779 561 3831 ἐν
577 3779 745 3847 μέσῳ
764 3778 981 3832 αὐτῶν.
1016 3779 1156 3850 Ἤδη
1181 3778 1436 3841 πολλάκις
1463 3781 1594 3849 ἡμῖν
1619 3779 1713 3831 καὶ
1738 3777 1826 3830 διὰ

251 3867 355 3920 τῶν
411 3869 723 3940 ἔμπροσθεν
773 3870 1187 3932 ἀποδέδεικται,
1237 3872 1318 3923 ὅτι
1362 3870 1432 3923 τὰ
1481 3868 1825 3941 προῤῥητικὰ

253 3960 640 4030 προστακτικῷ
659 3962 843 4032 τρόπῳ
864 3961 984 4025 ἔθος
1001 3967 1066 4034 τῇ
1089 3962 1208 4034 θείᾳ
1223 3963 1410 4032 Γραφῇ
1424 3961 1790 4033 προφέρεσθαι
1808 3977 1823 3992 ⁸

253 4049 344 4101 καὶ
375 4049 616 4103 ἐνταῦθα
649 4051 826 4105 τοίνυν
858 4053 976 4106 ἀντὶ
1016 4053 1107 4107 τοῦ
1127 4092 1142 4115 ,
1199 4054 1537 4108 Ἐλεύσεται
1572 4051 1824 4119 θάνατος

253 4141 340 4194 ἐπ’
378 4143 608 4214 αὐτοὺς
633 4181 646 4205 ,
695 4143 791 4197 καὶ
830 4144 1270 4211 καταϐήσονται
1302 4146 1388 4209 είς
1420 4143 1566 4210 ᾅδου
1592 4142 1824 4208 ζῶντες,

253 4215 675 4300 προστακτικῶς
720 4233 932 4302 εἴρηται
981 4233 1047 4286 τὰ
1079 4234 1430 4305 προκείμενα.
1484 4233 1739 4297 Θεσπίζει
1770 4233 1826 4286 δὲ

259 4321 311 4374 τὸ
350 4320 580 4392 Πνεῦμα
614 4324 675 4375 τὸ
704 4323 858 4391 ἆγιον
899 4323 968 4376 ea:
1001 4324 1385 4393 συμϐησόμενα
1429 4326 1540 4387 τοῖς
1591 4324 1656 4376 τὰ
1689 4341 1824 4396 προ-

1919 1871 2198 1925 occultare
2235 1873 2289 1926 in
2321 1884 2571 1945 promptu
2602 1887 2705 1946 est,
2744 1889 2906 1950 atque
2941 1885 3232 1952 opprobria
3277 1886 3485 1941 inimici

1921 1975 2030 2015 non
2058 1978 2156 2030 pro
2185 1981 2242 2020 re
2270 1968 2444 2020 aliena
2487 1979 2539 2033 et
2569 1969 2826 2026 inusitata
2862 1973 3146 2030 habentur.
3181 1977 3247 2029 At
3279 1993 3402 2032 cum
3439 1980 3486 2034 is

1920 2055 2013 2123 qui
2040 2056 2248 2113 amicus
2280 2062 2576 2126 unanimis,
2623 2079 2747 2118 cum
2781 2065 2826 2120 is
2858 2067 2952 2136 qui
2985 2083 3014 2120 a
3059 2083 3146 2123 me
3194 2068 3400 2125 honore
3429 2079 3484 2125 et

1919 2146 2181 2203 electione
2212 2149 2468 2219 dignatus
2508 2161 2612 2215 est,
2641 2169 2764 2209 cum
2813 2171 3014 2213 mensa:
3042 2172 3271 2215 consors
3308 2143 3483 2216 disci-

1921 2235 2102 2302 pulus,
2145 2239 2315 2307 quiin
2353 2240 2573 2296 domum
2617 2242 2708 2297 Dei
2759 2260 2899 2315 saepe
2948 2263 3159 2302 mecum
3203 2250 3482 2316 ingressus

1919 2334 2024 2390 est,
2069 2335 2231 2395 atque
2275 2345 2382 2383 una
2433 2343 2706 2399 precatus,
2753 2339 2983 2406 mystico
3032 2340 3155 2394 cibo
3202 2358 3357 2406 usus,
3388 2345 3481 2415 qui

1921 2431 2120 2470 arcana
2160 2418 2229 2474 de
2271 2435 2439 2490 regno
2484 2423 2745 2477 caelorum
2793 2427 2959 2481 verba
3007 2442 3312 2498 acceperat,
3355 2435 3483 2488 talia

1921 2515 2111 2562 contra
2144 2525 2229 2563 me
2250 2513 2457 2579 egerit;
2483 2529 2545 2566 ea
2579 2529 2708 2568 sane
2745 2532 2852 2570 non
2883 2518 3127 2574 ferenda.
3164 2521 3288 2576 Haec
3319 2541 3485 2594 porro

1921 2606 2320 2667 consequenter
2347 2609 2466 2669 post
2511 2617 2574 2656 ea
2608 2619 2728 2671 quae
2771 2606 2838 2659 de
2882 2606 3220 2665 facinoribus
3261 2613 3316 2665 in
3349 2613 3487 2668 civi-

1923 2697 2034 2744 tate
2053 2690 2312 2744 admissis
2335 2691 2594 2760 praedicta
2624 2703 2772 2756 sunt,
2804 2697 2872 2750 de
2892 2699 3170 2765 proditore
3196 2699 3332 2754 Juda
3360 2717 3482 2772 spe-

1921 2780 2103 2834 ciatim
2152 2781 2570 2857 vaticinabatur.
2621 2783 2752 2848 Quae
2784 2783 3142 2856 Symmachus
3177 2788 3279 2844 hoc
3325 2801 3485 2859 pacto

1924 2871 2312 2941 interpretatus
2341 2882 2463 2928 est:
2513 2873 2635 2927 Non
2664 2876 2905 2929 inimicus
2942 2879 3248 2948 vituperavit
3285 2899 3385 2945 me,
3429 2893 3482 2937 ut

1922 2964 2120 3032 feram;
2157 2983 2320 3035 neque
2353 2981 2443 3033 per
2474 2966 2651 3020 odium
2694 2969 2793 3021 mei
2840 2970 3193 3040 magniﬁeavit
3234 2989 3388 3040 super
3408 2989 3489 3029 me

1923 3057 2421 3125 supplantationem,
2463 3066 2518 3110 ut
2542 3057 2838 3113 abscondar
2877 3059 2942 3114 ab
2982 3077 3062 3117 eo.
3107 3060 3210 3116 Sed
3243 3071 3295 3116 ιιι
3322 3059 3506 3117 Ἰιοηιο·

1927 3147 2082 3200 unius
2117 3149 2302 3209 moris,
2332 3148 2619 3215 familiaris
2648 3159 2696 3203 et
2725 3160 2880 3204 notus
2912 3152 3060 3213 mihi,
3089 3154 3180 3223 qui
3199 3153 3350 3209 dulce
3378 3155 3488 3209 col-

1927 3235 2158 3303 loquium
2189 3238 2532 3292 miseebamus
2567 3254 2585 3291 :
2618 3240 2673 3293 iu
2713 3241 2868 3295 domo
2901 3241 2998 3296 Dei
3027 3259 3296 3299 versamur
3327 3245 3492 3303 simul

1924 3329 2165 3384 viventes.

1998 3594 2164 3650 Vsus.
2197 3595 2284 3650 16.
2333 3594 2521 3648 Veniat
2549 3605 2702 3648 mors
2733 3611 2886 3663 super
2910 3595 3051 3662 illos,
3091 3605 3140 3651 et
3175 3596 3492 3651 descendant

1927 3687 1982 3739 in
2013 3686 2278 3754 infernum
2317 3688 2578 3740 viventes:
2627 3688 2874 3756 quoniam
2915 3689 3144 3756 nequitia
3185 3689 3240 3741 in
3282 3688 3494 3742 habita—

1927 3774 2156 3828 tionibus
2203 3791 2405 3835 eorum,
2437 3776 2491 3829 in
2543 3776 2713 3830 medio
2749 3791 2952 3832 eorum.
2995 3774 3114 3828 Jam
3166 3777 3421 3846 superius
3460 3792 3491 3831 a

1927 3865 2088 3920 nobis
2119 3866 2439 3935 plerumque
2481 3867 2912 3921 demonstratum
2960 3875 3064 3930 est,
3101 3867 3281 3921 futura
3317 3870 3492 3938 impe-

1927 3955 2102 4010 rativo
2148 3956 2308 4010 modo
2350 3957 2588 4010 divinam
2626 3955 2967 4026 Scripturam
2998 3957 3242 4026 proferre
3276 3959 3492 4026 solere;

1928 4045 2017 4100 hic
2045 4045 2213 4115 igitur
2234 4046 2353 4099 loco
2387 4047 2554 4108 illius,
2592 4045 2772 4098 Veniet
2802 4062 2940 4100 mors
2969 4061 3124 4114 super
3148 4047 3292 4110 illos,
3325 4057 3374 4101 et
3404 4046 3495 4102 de-

1927 4136 2170 4190 scendent
2221 4137 2275 4190 in
2321 4136 2582 4205 infernum
2629 4137 2872 4200 viventes,
2926 4137 3114 4192 eadem
3173 4138 3495 4206 imperativo

1927 4227 2088 4282 modo
2125 4227 2267 4283 dicta
2291 4240 2436 4282 sunt.
2467 4227 2806 4282 Vaticinatur
2829 4243 2990 4297 porro
3013 4227 3250 4298 Spiritus
3273 4235 3497 4281 sanctus

1928 4337 2050 4392 qua:
2080 4327 2342 4376 eventura
2369 4319 2480 4374 sint
2502 4319 2592 4382 iis,
2628 4319 2720 4388 qui
2755 4334 2918 4387 supra
2946 4326 3243 4372 memorata
3274 4315 3494 4385 aggredi

254 4411 512 4482 λεχθέντα
544 4414 949 4485 τετολμηκότι-ιν.
1021 4415 1077 4468 '0
1114 4414 1245 4478 γοῦν
1288 4415 1514 4477 Ἀκύλας
1546 4415 1823 4486 ὀρθότερον

1935 4406 2053 4462 ausi
2089 4413 2240 4461 sunt.
2293 4405 2489 4473 Aquila
2539 4414 2688 4458 certe
2736 4403 2940 4457 rectius
2983 4402 3371 4468 interpretatus
3411 4407 3498 4453 est

255 4503 599 4575 ἡρμήνευσεν
643 4504 841 4559 είπὼν·
906 4503 1137 4568 Ἐπάξει
1171 4505 1430 4560 θάνατον
1460 4506 1551 4558 ἐπ’
1576 4507 1824 4571 αὐτούς.

255 4591 347 4656 Τίς
379 4595 437 4648 δὲ
468 4593 696 4648 Θάνατον
724 4595 912 4661 ἐπάξει
960 4596 1045 4648 ἐπ’
1074 4596 1270 4659 αὐτοὺς
1298 4596 1330 4666 ἢ
1359 4597 1425 4649 τά
1455 4595 1590 4668 ἔργα
1616 4595 1824 4662 αὑτῶνς

256 4684 402 4738 Δύτά
425 4683 537 4754 γὰρ
564 4685 746 4749 αὐτοῖς
767 4686 914 4738 αῐτια
937 4687 1224 4756 γεγένηται
1256 4687 1506 4745 Θανάτου.
1531 4687 1564 4756 ἢ
1587 4689 1616 4740 6
1637 4687 1827 4758 κρίνας

256 4776 452 4840 αὐτοὺς
469 4775 698 4830 θανάτου
721 4777 901 4842 ἀξίους
921 4778 1006 4832 διὰ
1027 4780 1124 4843 τὰς
1143 4780 1358 4843 ἀσεϐεῖς
1379 4777 1606 4848 πράξεις
1626 4777 1824 4837 αὐτῶν.

257 4862 499 4929 Θάνατος
535 4866 592 4920 δὲ
623 4869 748 4930 τοὺς
784 4868 997 4933 ἀσεϐεῖς
1032 4871 1424 4942 μετερχόμενος
1463 4872 1561 4939 οὐχ
1592 4872 1620 4922 6
1651 4869 1830 4931 κοινὸς

259 4951 323 5004 ἀν
349 4953 562 5024 λέγοιτο
580 4973 592 4987 ·
617 4952 770 5021 οὗτος
793 4957 900 5029 γὰρ
928 4960 1022 5012 καὶ
1047 4963 1172 5024 τοὺς
1195 4961 1434 5024 δικαίους
1463 4961 1708 5022 ἅπαντας
1736 4976 1832 5029 με-

256 5038 453 5108 τῆλθεν
473 5057 486 5071 ’
530 5043 578 5095 οἳ
625 5044 719 5098 καὶ⁵
762 5046 899 5114 μετά
927 5047 1019 5102 τὸν
1065 5049 1239 5102 κοινὸν
1265 5049 1490 5102 θάνατον
1519 5047 1654 5113 ζῶσι
1681 5048 1829 5118 παρᾶ

257 5127 335 5198 τῷ
353 5130 504 5201 Θεῷ·
533 5131 720 5204 ὥσπερ
741 5130 833 5188 οὗν
855 5135 1088 5204 ὲδιδαξεν
1106 5141 1134 5191 6
1158 5139 1347 5209 Σωτὴρ
1372 5138 1537 5194 εἰπών
1552 5157 1565 5170 ·
1602 5141 1664 5194 '0
1687 5137 1830 5204 Θεὸς

269 5219 557 5292 Ἀϐραὰμ,
587 5225 684 5280 καὶ
717 5230 750 5281 ὁ
775 5228 919 5295 Θεὸς
961 5230 1164 5284 Ἰσαὰκ
1182 5271 1196 5294 ,
1227 5231 1324 5284 καὶ
1359 5233 1391 5284 ὀ
1419 5232 1562 5298 Θεὸς
1605 5230 1828 5294 Ἰακὼϐ,

253 5312 371 5365 οὐκ
411 5314 546 5368 ἔστι
591 5318 734 5383 Θεὸς
759 5319 988 5388 νεκρῶν
1011 5360 1025 5383 ,
1060 5321 1220 5378 ἀλλὰ
1251 5320 1508 5382 ζώντων·
1565 5322 1751 5392 ψυχῶν
1775 5322 1832 5375 δὲ

233 5399 492 5469 ςθάνατος
523 5409 616 5462 καὶ
651 5409 804 5480 παρά
827 5411 907 5481 τῷ
947 5412 1193 5485 Ἐζεκιὴλ
1219 5412 1512 5483 δεδήλωται
1539 5415 1798 5482 φάσκοντι
1815 5429 1828 5442 ·

1937 4499 2022 4553 his
2050 4495 2232 4550 verbis
2260 4514 2272 4549 :
2301 4494 2522 4548 Inducet
2554 4504 2774 4547 mortem
2807 4506 2961 4558 super
2981 4506 3086 4543 eos.
3117 4488 3251 4554 Quis
3277 4487 3498 4543 inducet

1933 4595 2164 4646 mortem
2194 4600 2359 4655 super
2382 4599 2502 4645 eos,
2534 4583 2639 4637 nisi
2680 4596 2845 4650 opera
2876 4579 3156 4650 ipsorum?
3183 4578 3309 4634 Hazc
3350 4581 3497 4634 enim
3551 4613 3558 4618 -

1933 4680 2068 4750 ipsis
2110 4677 2302 4734 mortis
2349 4689 2515 4730 causa
2567 4681 2730 4730 erunt
2782 4672 3177 4743 potius-quam
3227 4670 3273 4726 is
3304 4670 3396 4740 qui
3427 4671 3498 4725 ob

1900 4772 2101 4839 -impia
2149 4776 2300 4838 gesta
2349 4775 2524 4822 morte
2555 4766 2748 4836 dignos
2785 4763 3068 4834 judicavit.
3123 4761 3267 4818 Mors
3315 4760 3498 4818 autem

1936 4861 2134 4931 impios
2164 4859 2450 4922 invadens,
2483 4871 2592 4911 non
2629 4853 2936 4910 communis
2981 4852 3336 4921 aestimanda;
3372 4869 3497 4907 nam

1934 4967 1998 5007 ea
2021 4952 2200 5020 justos
2229 4963 2447 5019 quoque
2470 4960 2660 5001 omnes
2689 4944 2841 5010 adiit,
2872 4943 2966 5012 qui
2992 4943 3154 4997 etiam
3197 4949 3321 5013 post
3350 4957 3504 4996 com-

1937 5058 2154 5099 munem
2197 5047 2429 5096 mortem
2481 5038 2674 5091 vivunt
2709 5035 2851 5106 apud
2891 5033 3092 5101 Deum;
3141 5031 3503 5105 quemadmo-

1935 5136 2062 5191 dum
2101 5133 2285 5188 docuit
2312 5129 2562 5186 Salvator
2591 5128 2778 5184 dicens
2807 5146 2822 5183 :
2847 5127 2982 5183 Deus
3020 5126 3314 5188 Abraham,
3363 5122 3502 5176 Deus

1938 5228 2119 5288 Isaac,
2156 5235 2204 5280 et
2233 5225 2372 5279 Deus
2403 5221 2593 5286 Iacob,
2636 5238 2737 5275 non
2766 5229 2844 5276 est
2868 5219 3008 5275 Deus
3038 5228 3388 5276 mortuorum,
3411 5210 3501 5266 sed

1937 5319 2170 5373 vivorum
2190 5318 2235 5349 ⁸⁸
2277 5324 2374 5370 :et
2423 5314 2566 5386 apud
2613 5311 2949 5368 Ezechielem
2995 5327 3146 5367 mors
3197 5308 3506 5363 animarum

1940 5410 2245 5468 declaratur
2276 5408 2360 5463 his
2391 5407 2574 5463 verbis
2607 5425 2622 5460 :
2649 5407 2840 5470 Anima
2887 5420 3004 5474 qute
3046 5395 3352 5470 peccaverit,
3387 5392 3504 5461 ipsa

266 5494 447 5566 Ψυχὴ
503 5497 932 5567 ἁμαρτάνουσα
956 5542 972 5567 ,
1025 5503 1176 5572 αὕτη
1226 5504 1626 5579 ἀποθανεῖται.
1685 5503 1823 5558 Ἐπεῖ

1940 5502 2194 5557 morietur
2215 5501 2282 5554 ".
2309 5497 2579 5568 Quoniam
2611 5499 2774 5570 igitur
2808 5497 2868 5561 ii,
2905 5494 2974 5549 de
3012 5491 3210 5564 quibus
3248 5485 3504 5552 supra,‘a

336 5676 382 5707 ’⁸
423 5675 612 5758 Matth.
648 5688 806 5744 χχιι,
840 5678 929 5734 32.
1005 5683 1050 5714 ”
1093 5679 1289 5735 Ezech.
1324 5694 1490 5745 mu,
1527 5680 1582 5734 4.
