4024 6202
491 297 596 351 483

1172 297 1436 353 EUSEBII
1474 297 1947 355 CASSARIENSIS
1983 301 2129 356 OI’P.
2177 300 2355 358 PARS
2391 302 2479 358 Ill.
2519 334 2587 346 --
2623 302 3034 357 EXEGETICA.

3627 306 3735 364 ιιι
3753 298 3760 302 ’

491 412 600 462 vita
657 407 866 478 scipsos
907 417 1284 477 segregarunt,
1323 409 1683 479 Salvatorque
1731 419 1916 466 noster
1945 412 2036 466 vit:

2158 416 2335 468 τοίνυν
2368 416 2590 477 ἑαυτοὺς
2621 414 2719 484 τῆς
2751 413 2897 484 ζωῆς
2917 414 2967 466 οἱ
2998 411 3314 484 δηλούμενοι
3343 413 3732 484 κεχωρίκασινν

488 507 644 564 erat;
676 515 799 552 nam
829 499 969 568 quod
1004 501 1202 568 factum
1233 512 1324 554 est-
1345 503 1400 554 in
1427 503 1540 570 ipso
1573 503 1680 556 uita
1709 513 1846 565 erat,
1867 514 1916 558 ct
1948 507 2053 558 uita

485 599 601 643 erat
632 589 724 641 tux
745 588 1016 643 hominum
1042 592 1055 620 ⁸
1084 608 1096 656 ;
1129 591 1251 658 jure
1288 606 1411 644 cum
1441 607 1562 647 sese
1591 593 1658 647 ab
1683 595 1802 663 ipso
1837 609 2055 664 separa-

486 679 684 743 verint,
726 681 886 732 morti
938 680 1133 734 animae
1188 680 1374 734 traditi
1415 689 1582 736 sunt:
1611 695 1720 736 non
1748 684 1892 751 quod
1935 683 2053 752 ipsa

484 778 869 839 corrumpatur
899 779 993 825 aut
1024 773 1290 832 deleatur,
1329 772 1382 826 in
1415 773 1645 845 nihilum
1681 774 1929 842 redacta;
1959 775 2052 830 sed

483 859 628 929 quod
671 862 856 916 vivens
903 861 993 914 illa
1037 871 1090 916 et
1133 863 1428 915 immortali
1479 851 1672 916 natura
1708 866 1954 934 praedita,
1998 866 2051 919 in

485 949 742 1022 pradicta
771 960 950 1006 morte
973 959 1243 1006 versetur.
1273 951 1454 1016 Quare
1487 953 1691 1008 dictum
1717 963 1799 1008 est
1828 974 1840 1008 :
1874 954 1940 1007 Et
1960 955 2052 1008 de-

483 1043 734 1097 scendant
759 1045 810 1097 in
845 1046 1106 1113 infernum
1139 1046 1376 1099 viventes.
1417 1044 1533 1101 Non
1561 1047 1706 1101 enim
1744 1041 2048 1101 animarum

481 1134 910 1189 destructionem
947 1135 1030 1189 his
1082 1136 1422 1205 significabat
1456 1157 1468 1191 :
1510 1137 1694 1191 Veniat
1720 1155 1860 1192 mors
1898 1155 2050 1207 super

480 1226 638 1289 illos;
692 1227 785 1282 sed
841 1228 1240 1296 separationcm
1301 1244 1330 1282 a
1381 1230 1512 1290 vita,
1571 1246 1691 1298 quae
1751 1231 2048 1284 secundum

481 1315 648 1370 Deum
689 1325 791 1381 est,
839 1325 892 1371 et
925 1317 1320 1373 habitationem
1366 1319 1422 1372 in
1470 1317 1704 1373 inferno.
1737 1319 1876 1372 Num
1913 1319 2050 1374 forte

478 1407 712 1470 dicatur,
755 1407 861 1462 alio
908 1409 1068 1461 modo
1097 1409 1342 1464 viventes
1372 1412 1522 1479 ipsos
1567 1411 1618 1463 in
1651 1411 1923 1464 infernum
1957 1411 2052 1465 de-

479 1497 780 1560 scendisse,
817 1499 869 1552 in
897 1499 1088 1552 notitia
1116 1500 1325 1554 scilicet
1359 1507 1672 1568 peccantes,
1706 1514 1769 1553 ac
1811 1500 2049 1555 scientes

475 1591 696 1659 quidem
741 1589 1078 1644 Salvatoretn
1119 1606 1242 1646 esse
1285 1590 1563 1644 Christum
1624 1589 1750 1653 Dei,
1799 1591 1891 1644 sed
1938 1606 2047 1645 non

475 1697 598 1736 esse
635 1682 996 1737 simulantes?
1026 1683 1206 1747 Quare
1262 1681 1485 1750 perinde
1533 1692 1695 1751 atque
1739 1681 1948 1736 Dathan
1993 1691 2047 1737 et

2153 502 2220 576 ἦν
2251 507 2308 559 δὲ
2329 509 2358 558 ὁ
2385 507 2573 577 Σωτὴρ
2599 505 2754 575 ἡμῶν
2785 509 2818 575 ἡ
2843 505 2954 576 ζωή
2974 522 2987 535 ·
3027 507 3095 557 Ὃ
3116 504 3322 574 γέγονε
3345 506 3453 575 γὰρ
3478 506 3550 558 ἐν
3573 508 3734 573 αὐτῷ

2156 597 2268 663 ζωὴ
2303 594 2381 666 ἦν
2406 637 2419 659 ,
2471 599 2566 650 καὶ
2615 601 2655 666 ὴ
2696 593 2830 665 ζωὴ
2856 595 2935 666 ἦν
2962 602 3027 650 τὸ
3063 597 3186 666 φῶς
3223 596 3342 650 τῶν
3367 596 3727 662 ἀνθρώπων·

2156 689 2406 749 εἰκότως,
2432 687 2836 758 ἀποτμηθέντες
2866 685 3030 740 αὐτοῦ
3047 727 3062 750 ,
3092 686 3169 757 τῷ
3195 687 3295 756 τῆς
3317 687 3494 758 ψυχῆς
3516 689 3731 759 θανάτῳ

2155 777 2420 848 παρεδόθη
2429 794 2526 830 σαν
2546 794 2558 806 ·
2578 778 2674 847 ούχ
2693 776 2833 830 ὥστε
2851 777 3123 846 φθαρῆναι
3139 777 3306 848 αὐτὴν
3325 780 3418 831 καλ⁵
3433 778 3729 848 άφανισθῆ·

2154 886 2238 921 ναι
2267 869 2347 930 είς
2370 867 2432 919 τὸ
2461 866 2534 937 μὴ
2555 867 2613 919 ὃν
2634 869 2960 938 χωρήσασαν
2981 903 2996 928 ,
3031 866 3144 918 ἀλλ’
3177 865 3318 919 ὥστε
3350 867 3532 932 ζῶσαν
3557 869 3729 941 αὐτὴν

2153 961 2247 1014 καὶ
2278 959 2540 1012 ἀθάνατον
2572 959 2670 1030 τὴν
2700 959 2886 1011 οὐσίαν
2919 958 3262 1028 κεκτημένην
3295 960 3352 1010 ὲν
3379 958 3457 1027 τῷ
3482 958 3728 1029 λεχθέντι

2153 1049 2367 1120 θανάτῳ
2397 1049 2624 1117 διάγειν.
2692 1049 2784 1102 Διὸ
2818 1049 3070 1101 λέλεκται
3093 1066 3106 1078 ο
3160 1049 3268 1102 Kal
3293 1049 3726 1118 καταόήτωσαν

2151 1143 2236 1207 εις
2267 1141 2413 1208 ᾅδου
2446 1139 2672 1206 ζῶντες.
2721 1142 2795 1194 Ού
2853 1140 2942 1193 τὸν
2972 1139 3277 1210 ἀφανισμὸν
3306 1139 3490 1210 ψυχῶν
3534 1140 3726 1210 ἐδήλου

2151 1233 2324 1300 λέγων
2343 1249 2356 1262 ·
2399 1230 2652 1286 Ἐλθέτω
2677 1231 2932 1296 θάνατος
2955 1231 3047 1284 ἐπ’
3073 1230 3292 1296 αὐτοὺς
3311 1270 3326 1291 ,
3351 1230 3485 1283 ἀλλὰ
3504 1231 3596 1284 τὸν
3616 1231 3727 1285 ἀπὸ

2152 1324 2250 1392 τῆς
2278 1322 2414 1376 κατά
2444 1321 2576 1374 Θεὸν
2605 1319 2750 1392 ζωῆς
2778 1319 3053 1391 χωρισμὸν
3074 1357 3090 1382 ,
3119 1321 3213 1372 καὶ
3245 1320 3344 1390 τὴν
3369 1320 3449 1383 εις
3473 1319 3565 1372 τὸν
3589 1321 3725 1390 ᾅδην

2151 1415 2484 1484 κατοίκησιν.
2535 1415 2758 1482 Μήποτε
2800 1412 2856 1464 δὲ
2888 1411 2982 1465 καὶ
3013 1411 3186 1474 ἄλλως
3230 1410 3430 1474 ζῶντες
3459 1413 3538 1474 είς
3590 1412 3723 1482 ᾅδου

2149 1502 2419 1573 κατῄεσαν
2441 1541 2456 1563 ,
2491 1503 2547 1554 ὲν
2577 1499 2775 1568 γνώσει
2799 1501 3199 1572 ἁμαρτάνοντες
3218 1540 3233 1566 ,
3255 1501 3359 1560 ,καὶ
3385 1499 3584 1563 εἰδότες
3621 1500 3724 1570 μιν

2147 1594 2238 1648 τὸν
2267 1595 2492 1664 Σωτῆρα
2517 1593 2592 1655 ὡς
2623 1592 2783 1655 αὐτὸς
2809 1587 2861 1644 εἴ
2884 1593 2914 1643 ὁ
2945 1591 3177 1662 Χριστὸς
3207 1590 3300 1644 τοῦ
3328 1590 3463 1644 Θεοῦ
3487 1631 3501 1654 ,
3554 1607 3724 1661 προσ-

2149 1686 2457 1756 ποιούμενοι
2482 1683 2537 1736 δὲ
2568 1684 2641 1753 μὴ
2671 1678 2846 1745 εἷναι;
2874 1682 2966 1734 Διὸ
2988 1682 3079 1734 καὶ
3105 1682 3306 1751 ὁμοίως
3329 1683 3444 1744 τοῖς
3469 1682 3596 1752 περὶ
3614 1685 3720 1734 Δα-

475 1771 678 1825 Abiron
701 1773 721 1802 ³
748 1772 896 1841 ipsos
934 1762 1334 1840 deglutiendos,
1367 1780 1529 1840 atque
1573 1773 1627 1825 in
1658 1772 1930 1826 infernum
1965 1774 2036 1826 vi-

2145 1777 2244 1830 θὰν
2274 1777 2369 1830 καὶ
2413 1774 2658 1847 Ἀσηρὼν
2712 1772 3186 1844 καταποθήσεσθαι
3216 1774 3311 1826 καὶ
3359 1774 3586 1838 αὐτοὺς,
3638 1775 3722 1837 εἰς

474 1871 661 1914 ventes
696 1860 1060 1914 descensuros
1101 1875 1225 1914 esse
1259 1860 1603 1928 praenuntiat.
1654 1860 1760 1914 Pro
1809 1862 1901 1914 illo
1942 1877 2043 1916 au-

474 1959 602 2016 tem,
631 1950 896 2020 Nequitia?
923 1951 976 2003 in
1005 1950 1420 2004 habitationibus
1449 1968 1650 2014 eorum,
1678 1955 1732 2006 in
1762 1954 1932 2007 medio
1959 1970 2047 2007 eo—

474 2057 592 2093 rum
617 2058 635 2104 ;
666 2056 791 2094 nam
833 2052 1137 2096 conventus
1163 2050 1216 2096 et
1241 2043 1473 2096 concilia
1501 2043 1767 2097 adversus
1802 2042 2045 2099 Salvato-

472 2146 588 2184 rem
625 2131 869 2200 improba
913 2132 1083 2194 fuere,
1121 2132 1314 2201 Aquila
1359 2133 1492 2186 dicit
1524 2152 1536 2186 :
1572 2133 1836 2199 Quoniam
1871 2137 2046 2204 nequi-

471 2222 562 2274 tia!
588 2221 640 2273 in
667 2223 1058 2275 conversatione
1081 2239 1280 2278 eorum.
1309 2223 1446 2289 Quia
1476 2239 1606 2294 ergo
1636 2240 1742 2278 non
1781 2240 1877 2293 pro
1898 2227 2043 2279 bono

471 2315 898 2379 conveniebant,
951 2325 1005 2367 et
1050 2315 1498 2368 conversationes
1545 2315 1890 2384 conciliaque
1938 2316 2043 2369 im-

471 2400 638 2468 proba
672 2399 903 2464 inibant,
931 2399 1056 2468 jure
1081 2401 1411 2455 vaticinatur
1449 2401 1541 2470 qui
1595 2400 1718 2457 linis
1757 2417 1852 2457 eos
1888 2417 2042 2457 exce-

470 2498 680 2558 pturus.
701 2490 794 2545 sit.

538 2685 704 2743 Vens.
742 2688 921 2743 17-20.
964 2688 1076 2759 Ego
1115 2689 1186 2742 ad
1217 2687 1380 2741 Deum
1404 2689 1653 2754 clamavi,
1685 2697 1734 2742 et
1781 2688 2036 2741 Dominus

465 2771 689 2832 saluauit
723 2797 822 2845 me,
849 2790 903 2834 et
931 2789 1147 2834 caetera.
1183 2779 1430 2841 Etiamsi,
1473 2779 1672 2846 inquit,
1701 2778 1893 2846 spiritu
1921 2793 2040 2847 pro-

465 2871 684 2940 phetico
736 2871 1066 2933 illustrante,
1119 2870 1357 2923 futuram
1401 2869 1454 2921 in
1499 2875 1798 2921 memorata
1821 2867 2038 2921 civitate

465 2961 807 3031 iniquitatem
845 2960 1203 3031 prospiciens,
1252 2959 1545 3013 admodum
1581 2960 1944 3014 contristatus
1979 2959 2034 3012 in
2069 3021 2072 3024 ,

464 3054 858 3108 exercitatione
884 3069 1024 3116 mea,
1053 3063 1107 3107 et
1137 3053 1497 3108 conturbatus
1534 3053 1672 3118 sim;
1700 3059 1937 3107 attamen
1975 3053 2038 3106 li-

2151 1866 2277 1937 ᾆδου
2307 1882 2367 1917 τε
2397 1865 2604 1929 ζῶντας
2637 1862 3036 1934 καταϐήσεσθαι
3069 1862 3449 1933 προαγορεύει.
3489 1864 3634 1915 Ἀντὶ
3660 1863 3721 1916 δὲ

2149 1956 2243 2008 τοῦ
2264 1998 2278 2022 ,
2312 1957 2594 2023 Πονηρίαι
2627 1956 2697 2007 ὲν
2718 1953 2848 2019 ταῖς
2879 1952 3210 2020 παροικίαις
3241 1949 3438 2005 αὐτῶν
3459 1951 3535 2002 ἐν
3553 1950 3724 2019 μέσῳ

2148 2043 2374 2100 αὐτῶν
2409 2044 2519 2096 τῶν
2571 2044 2678 2114 γὰρ
2726 2041 2868 2096 κατὰ
2906 2040 3000 2092 τοῦ
3039 2040 3289 2111 Σωτῆρος
3323 2039 3630 2110 γενομένων
3661 2040 3721 2092 αἱ

2151 2133 2439 2195 συστάσεις
2471 2132 2566 2186 καὶ
2589 2135 2646 2184 αἱ
2680 2133 2821 2184 κατὰ
2869 2129 2930 2182 τὸ
2960 2129 3093 2182 αὐτὸ
3118 2128 3322 2180 σύνοδοι
3356 2128 3589 2198 πονηραὶ
3621 2143 3721 2196 γε-

2149 2223 2372 2291 γόνασι,
2401 2221 2482 2275 διὸ
2510 2224 2604 2275 καὶ
2633 2223 2661 2274 ὁ
2701 2220 2932 2282 Ἀκύλας
2961 2219 3125 2289 φησίν
3145 2237 3158 2248 ⁸
3192 2220 3310 2272 Ὅτι
3345 2220 3622 2286 πονηρίαι
3647 2218 3723 2273 ἐν

2147 2311 2465 2380 συστροφῇ
2522 2311 2737 2365 αὐτῶν.
2814 2311 2966 2363 Ἐπεὶ
3031 2311 3207 2362 τοίνυν
3271 2311 3371 2362 οὐκ
3410 2309 3507 2362 ἐπὶ
3566 2308 3720 2379 καλῷ

2149 2403 2495 2472 συνήρχοντο,
2554 2401 2859 2472 συστροφάς
2906 2417 2968 2453 τε
3014 2401 3109 2453 καὶ
3147 2400 3431 2462 συστάσεις
3476 2400 3720 2470 πονηρὰς

2145 2491 2456 2556 ἐποιοῦντο,
2514 2491 2738 2555 εἰκότως
2794 2491 3076 2545 ἐθέσπισεν
3117 2491 3299 2546 ὁποῖον
3355 2491 3552 2554 αὐτοὺς
3597 2491 3719 2542 δια-

2147 2579 2372 2650 λήψεται
2405 2582 2574 2644 τέλος.

2227 2693 2374 2762 Ἐγὼ
2402 2693 2550 2761 πρὸς
2573 2695 2721 2747 Θεὸν
2748 2694 3058 2762 ἐκέκραξα,
3089 2694 3188 2746 καὶ
3219 2697 3251 2747 ό
3280 2698 3498 2763 Κυριος
3518 2695 3718 2749 ἔσωσέ

2139 2801 2214 2853 με
2235 2823 2250 2849 ,
2281 2784 2374 2836 καὶ
2407 2784 2475 2836 τὰ
2503 2784 2649 2854 ἑξῆς.
2688 2785 2748 2837 El
2777 2786 2870 2838 καὶ
2896 2785 2964 2837 τὰ
2996 2779 3246 2854 μάλιστα,
3281 2786 3436 2856 φησὶ,
3459 2787 3537 2856 τῷ
3559 2786 3719 2839 πνεύ-

2147 2893 2276 2945 ματι
2321 2877 2398 2946 τῷ
2431 2876 2750 2948 προφητικῷ
2776 2878 2874 2948 τὴν
2907 2877 3203 2947 μέλλουσαν
3233 2877 3556 2948 γενήσεσθαι
3589 2880 3715 2932 ἀνο-

2146 2964 2272 3036 μίαν
2306 2967 2362 3018 ὲν
2385 2969 2448 3036 τῇ
2474 2965 2829 3038 προλεχθείσῃ
2860 2965 3011 3018 πόλει
3039 2966 3399 3035 θεασάμενος,
3431 2965 3712 3038 ἐλυπήθη)

2140 3058 2198 3109 ὲν
2229 3060 2293 3128 τῇ
2341 3057 2623 3128 ἀδολεσχίᾳ
2672 3074 2769 3128 μου
2792 3097 2805 3121 ,
2842 3059 2933 3109 καὶ
2965 3057 3297 3128 ἐταράχθην·
3331 3057 3482 3127 ὅμως
3512 3057 3556 3109 δ’
3591 3047 3705 3122 οὖν,

467 3160 590 3198 nem
619 3144 937 3213 exitumque
972 3159 1154 3198 rerum
1196 3144 1568 3213 conspicatus,
1611 3143 1748 3198 bene
1780 3145 1905 3198 novi
1946 3159 2033 3200 me

2139 3146 2201 3199 τὰ
2236 3145 2361 3216 τέλη
2396 3145 2620 3200 συνιδὼν
2648 3145 2754 3197 τῶν
2784 3145 3119 3215 πραγμάτιον
3138 3184 3153 3208 ,
3184 3139 3242 3197 εὖ
3275 3140 3391 3208 οἷδ’,
3431 3145 3511 3196 ὅτι
3533 3183 3547 3205 ,
3582 3143 3710 3215 βοή-

466 3238 790 3291 clamantem
821 3236 887 3289 ad
921 3234 1108 3298 Deum,
1142 3249 1250 3288 non
1276 3235 1594 3290 derelictum
1621 3236 1721 3300 iri;
1760 3236 1853 3290 sed
1883 3250 2036 3290 com-

469 3327 652 3382 munis
697 3325 995 3381 Salvatoris
1024 3326 1200 3396 gratia
1231 3326 1298 3380 ad
1326 3343 1410 3381 me
1445 3342 1620 3396 usque
1661 3327 2031 3397 perveniente,

465 3417 693 3470 salutem
733 3430 1014 3486 assequar.
1053 3417 1176 3471 llaec
1219 3426 1400 3472 autem
1429 3417 1699 3488 Propheta
1733 3418 2033 3473 secundum

464 3505 604 3559 LXX
630 3507 781 3572 dicit,
813 3507 958 3576 quod
989 3506 1228 3562 futurum
1254 3515 1372 3562 erat
1399 3509 1552 3576 quasi
1583 3508 1914 3578 praeteritum
1940 3523 2034 3562 ex-

462 3597 711 3667 plicans;
739 3613 908 3666 quare
936 3598 1142 3651 dictum
1186 3605 1270 3652 est
1297 3615 1308 3648 :
1332 3597 1443 3668 Ego
1486 3597 1555 3651 ad
1590 3598 1753 3652 Deum
1782 3600 2030 3664 clamaui,

460 3695 509 3738 ct
539 3685 794 3740 Dontinus
826 3686 1047 3740 saluauit
1083 3703 1162 3739 nte
1195 3701 1214 3738 :
1241 3694 1294 3738 at
1337 3687 1638 3741 secundum
1672 3689 1910 3758 reliquos
1945 3689 2033 3741 in-

462 3762 750 3848 terpretes,
784 3779 897 3832 haac
933 3779 1112 3831 futura
1143 3779 1490 3834 vaticinatur.
1523 3779 1716 3848 Aquila
1747 3788 1893 3833 certe
1918 3780 2027 3833 ait:

463 3868 575 3937 Ego
598 3869 666 3920 ad
693 3869 857 3921 Deum
882 3871 1091 3934 uocabo,
1115 3879 1163 3922 et
1187 3869 1442 3923 Dominus
1466 3870 1691 3924 saluabit
1719 3886 1829 3933 me;
1854 3870 2032 3924 Theo-

461 3961 616 4014 dotio
660 3969 842 4014 autem
879 3959 1026 4031 :Ego
1062 3961 1130 4013 ad
1164 3960 1331 4014 Deum
1367 3961 1628 4024 clamabo,
1680 3972 1727 4014 et
1771 3961 2029 4014 Dominus

460 4051 685 4105 satuabit
747 4066 846 4103 me.
892 4049 1029 4103 Cum
1078 4051 1220 4104 enim
1269 4050 1398 4103 talia
1451 4061 1641 4104 contra
1691 4050 2029 4104 Salvatorem

461 4139 823 4208 perpetranda
848 4141 978 4204 sint,
1002 4157 1101 4212 ego
1127 4143 1219 4212 qui
1243 4145 1394 4210 prius
1411 4141 1676 4204 dixeram,
1738 4140 1839 4194 Cor
1863 4157 2030 4194 meum

399 4246 408 4254 ·
459 4229 831 4281 conturbatum
859 4241 936 4284 est
966 4233 1018 4284 in
1047 4247 1144 4294 me,
1173 4243 1219 4284 et
1248 4231 1477 4300 formido
1503 4231 1688 4284 mortis
1725 4230 1908 4282 cecidit
1937 4247 2029 4282 su-

453 4335 546 4387 per
579 4337 659 4374 me
682 4336 700 4372 .'
730 4322 886 4374 timor
919 4332 966 4375 et
999 4331 1194 4375 ινεηιον
1219 4332 1466 4376 uenerunt
1505 4339 1661 4391 super
1698 4338 1798 4385 me,
1832 4333 1878 4375 et
1907 4339 2028 4376 εοιιο

457 4422 696 4466 texerunt
729 4430 808 4466 me
840 4413 1091 4477 tenebrae;
1126 4412 1240 4467 haec
1273 4428 1470 4482 passus
1499 4415 1569 4466 ob
1595 4413 2022 4483 speculationem

2139 3253 2238 3300 σας
2269 3238 2406 3308 πρὸς
2431 3236 2521 3290 τὸν
2547 3236 2714 3300 Θεὸν,
2762 3235 2822 3287 οὐ
2856 3235 3357 3306 καταλειφθήσομαι
3379 3274 3394 3300 ,
3447 3236 3707 3306 τεύξομαι

2135 3328 2190 3382 δὲ
2227 3328 2494 3398 σωτηρίας
2515 3366 2529 3389 ,
2573 3326 2674 3397 τῆς
2720 3327 2814 3379 τοῦ
2846 3326 3021 3379 κοινοῦ
3060 3326 3309 3397 Σωτῆρος
3339 3328 3559 3397 χάριτος
3612 3329 3709 3381 καὶ

2138 3420 2328 3490 μέχρις
2356 3417 2490 3488 ἐμοῦ
2524 3418 2933 3489 διαδησομένης.
2971 3418 3131 3486 Λέγει
3158 3417 3214 3470 δὲ
3240 3416 3412 3470 ταῦτα
3444 3419 3473 3470 ὀ
3504 3420 3710 3488 προφή-
3749 3458 3754 3460 .

2133 3526 2232 3580 της
2250 3548 2264 3564 .
2294 3508 2434 3562 κατά
2459 3510 2555 3578 μὲν
2585 3509 2710 3572 τοὺς
2742 3509 3165 3579 Ἑϐδομήκοντα,
3188 3509 3248 3561 τὸ
3279 3509 3469 3578 μέλλον
3488 3508 3706 3561 ἔσεσθαι

2133 3599 2210 3662 ώς
2243 3599 2568 3669 παρῳχηκὸς
2593 3597 2907 3669 ἑρμηνεύων
2925 3615 2938 3627 ·
2971 3591 3051 3650 διὸ
3079 3597 3344 3650 λέλεκταιο
3393 3597 3532 3665 Ἐγὼ
3555 3595 3707 3663 πρὸς

2133 3689 2238 3741 τὸν
2263 3689 2412 3742 Θεὸν
2435 3688 2746 3756 ἐκέκραξα,
2777 3688 2874 3740 καὶ
2900 3690 2933 3741 ό
2963 3689 3176 3755 Κύριος
3200 3687 3396 3740 ἔσωσέ
3417 3704 3494 3755 με
3513 3704 3526 3717 ο
3565 3687 3707 3740 κατὰ

2130 3777 2188 3830 δὲ
2213 3779 2339 3841 τοὺς
2360 3778 2576 3841 λοιποὺς
2600 3775 2937 3849 ἐρμηνευτάς
2962 3819 2975 3840 ,
3010 3777 3348 3848 μελλητικῶς
3372 3778 3706 3848 προφητεύει

2131 3870 2224 3919 καὶ
2254 3867 2446 3920 ταῦτα.
2504 3867 2560 3920 '0
2592 3867 2721 3934 γοῦν
2767 3867 2994 3928 Ἀκύλας
3023 3867 3184 3937 φησίν
3203 3883 3217 3897 ο
3254 3865 3400 3934 Ἐγὼ
3419 3865 3571 3933 πρὸς
3597 3867 3705 3920 τὸν

2133 3960 2280 4013 Θεὸν
2299 3958 2555 4023 καλέσω,
2570 3960 2665 4012 καὶ
2684 3961 2896 4025 Κύριος
2915 3958 3100 4012 σώσει
3113 3975 3209 4027 με’
3228 3958 3321 4010 καὶ
3335 3960 3363 4011 ὁ
3376 3958 3667 4011 Θεοδοτίων
3686 3975 3701 3990 ·

2143 4051 2288 4120 Ἐγὼ
2305 4051 2454 4119 πρὸς
2473 4051 2578 4104 τὸν
2595 4052 2736 4105 Θεὸν
2755 4049 3110 4119 κεκράξομαι
3127 4089 3140 4113 ,
3164 4050 3260 4103 καὶ
3282 4051 3500 4117 Κύριος
3520 4049 3704 4104 σώσει

2123 4160 2218 4211 με.
2276 4143 2396 4196 Τῶν
2441 4143 2550 4214 γὰρ
2588 4143 2728 4197 κατὰ
2778 4142 2872 4195 τοῦ
2915 4142 3168 4213 Σωτῆρος
3212 4142 3705 4214 τολμηθησομένων

2129 4235 2381 4288 τοιούτων
2404 4234 2570 4287 ὄντων
2587 4276 2601 4298 ,
2629 4233 2737 4302 ἐγὼ
2762 4235 2790 4286 ὁ
2819 4232 3079 4302 πρότερον
3101 4231 3335 4302 εἰρηκὼς
3355 4270 3370 4291 ,
3401 4233 3473 4284 Ἦ
3489 4231 3706 4300 καρδία

2122 4341 2242 4394 μου
2266 4323 2558 4392 ἐταράχθη
2585 4324 2656 4376 ἐν
2683 4323 2833 4392 ἐμοὶ,
2863 4323 2960 4374 καὶ
2983 4323 3177 4375 δειλία
3205 4319 3465 4375 θανάτου
3487 4321 3703 4377 ἐπέπε-

2128 4429 2242 4468 σεν
2263 4414 2356 4467 ἐπ’
2373 4413 2477 4482 ἐμέ
2490 4429 2504 4444 ο
2551 4415 2736 4482 φόϐος
2756 4412 2854 4466 καὶ
2881 4414 3094 4481 τρόμος
3112 4409 3300 4482 ἦλθεν
3321 4412 3413 4464 ἐπ’
3432 4413 3539 4480 ἐμὲ
3559 4454 3575 4478 ,
3599 4413 3701 4468 καὶ

455 4504 816 4558 revelatarum
861 4521 1070 4569 rerum,
1124 4504 1191 4558 ad
1245 4504 1409 4559 Deum
1463 4504 1716 4560 clamavi.
1762 4504 1854 4558 Ille
1900 4521 2025 4559 vero

2139 4503 2396 4572 ἐκάλυψέ
2409 4521 2486 4572 με
2507 4506 2755 4570 σκότος,
2781 4504 2952 4557 ταῦτα
2977 4503 3162 4558 παθὼν
3185 4503 3272 4558 διὰ
3300 4505 3398 4574 τὴν
3426 4504 3536 4556 τῶν
3564 4505 3703 4557 om.

455 4607 564 4644 non
611 4591 939 4662 deSpiciens,
974 4593 1230 4662 dignatus
1263 4600 1348 4646 est
1393 4593 1506 4647 hzec
1543 4593 1672 4646 mihi
1725 4595 2024 4663 conspicua

454 4697 679 4750 ponere,
722 4691 780 4736 ut
810 4685 1054 4737 tristiora
1089 4685 1240 4753 prius
1269 4685 1662 4751 declaraverat,
1705 4685 1784 4740 sic
1816 4687 2023 4740 laztiora

449 4773 563 4841 jam
596 4773 825 4837 obtulit;
868 4788 1062 4841 nempe
1110 4771 1416 4826 Salvatoris
1448 4775 1933 4839 resurrectionem,
1969 4785 2023 4830 et

452 4849 573 4931 ejus
610 4863 751 4932 apud
786 4860 1002 4916 Patrem
1042 4864 1289 4932 gloriam.
1325 4865 1504 4934 Atque
1541 4865 1654 4918 haec
1681 4865 1892 4932 videns,
1927 4882 2018 4922 sa-

452 4952 619 5004 lutem
649 4955 843 5005 n'actus
885 4965 1004 5004 sum
1033 4970 1045 5004 :
1072 4966 1242 5024 quare
1269 4953 1409 5014 dico,
1446 4951 1556 5022 Ego
1587 4953 1655 5004 ad
1701 4952 1868 5006 Deum
1901 4955 2016 5007 cla-

451 5043 610 5105 maui,
640 5051 687 5096 et
721 5041 972 5095 Dominus
995 5042 1216 5096 saluauit
1242 5059 1341 5096 me.
1368 5041 1614 5098 Salutem
1641 5059 1768 5098 vero
1796 5055 2014 5110 nactus,

447 5133 688 5188 nondum
740 5143 918 5190 tamen
976 5135 1219 5207 quiesco,
1279 5151 1452 5206 neque
1502 5151 1719 5190 cessare
1757 5151 2014 5206 possum;

445 5226 540 5280 sed
577 5227 812 5295 praedico
833 5228 1194 5295 omnibusque
1226 5226 1539 5281 hominibus
1563 5227 1847 5292 annuntio,
1881 5244 2011 5280 nar-

442 5332 574 5372 rans
617 5318 846 5388 singulis
897 5319 1090 5372 diebus
1127 5325 1180 5370 et
1210 5318 1382 5378 boris.
1424 5325 1588 5386 atque
1619 5319 1873 5374 omnibus
1927 5335 2021 5379 re-_

442 5411 700 5464 nuntians
744 5410 1014 5463 mirabilia
1053 5416 1107 5462 et
1142 5407 1432 5476 stupenda,
1463 5424 1583 5478 quae
1630 5410 1684 5462 in
1735 5420 1926 5465 sancto
1957 5418 2011 5465 et

441 5501 759 5570 praphetico
791 5500 988 5571 spiritu
1018 5498 1418 5566 contemplatus
1463 5513 1607 5552 sum.
1639 5499 2006 5565 Quamobrem

515 5655 530 5684 ¹
572 5651 726 5705 Juan.
764 5667 816 5715 ι,
855 5652 907 5718 '5,
934 5652 985 5706 4.
1065 5653 1084 5680 ²
1123 5648 1282 5704 Num.
1316 5664 1475 5716 xxvi,
1510 5651 1589 5722 9.]

2127 4594 2504 4664 καλυφθέντων
2539 4609 2626 4665 μοι
2659 4594 2784 4647 θέαν
2810 4633 2824 4657 ,
2855 4595 2991 4665 πρὸς
3021 4593 3110 4646 τὸν
3133 4593 3264 4646 Θεὸν
3301 4592 3590 4665 ἐκέκραξα.
3639 4595 3700 4646 ὐ

2125 4687 2202 4750 δὲ,
2241 4687 2313 4757 μὴ
2339 4687 2580 4758 παριδών
2615 4704 2702 4756 με,
2736 4685 3036 4756 κατηξίωσε
3060 4686 3271 4756 φανερά
3305 4701 3394 4755 μοι
3423 4685 3699 4754 καταστῆ-

2126 4795 2247 4843 σαι,
2271 4778 2458 4850 ὥσπερ
2477 4778 2546 4832 τά
2569 4775 2864 4848 σκυθρωπά
2890 4776 3152 4847 πρότερον
3177 4775 3385 4828 ἐδείκνυ
3405 4815 3420 4840 ,
3438 4777 3580 4828 οὕτω
3599 4778 3695 4830 καὶ
3761 4839 3764 4844 _

2123 4869 2192 4922 τὰ
2223 4870 2547 4940 φαιδρότερα
2569 4885 2583 4898 ·
2619 4869 2759 4935 λέγω
2786 4867 2843 4920 δὲ
2871 4867 2967 4920 καὶ¹
3001 4867 3098 4936 τὴν
3129 4866 3425 4919 ἀνάστασιν
3454 4866 3546 4918 τοῦ
3576 4866 3692 4918 Σωο

2124 4960 2286 5030 τῆρος
2315 4961 2408 5012 καὶ
2443 4958 2539 5030 τὴν
2570 4958 2720 5030 παρὰ
2751 4957 2828 5027 τῷ
2861 4957 3035 5027 Πατρὶ
3057 4955 3234 5022 δόξαν.
3293 4957 3404 5010 Καὶ
3434 4954 3602 5010 ταῦτα
3632 4955 3691 5008 δὲ

2127 5046 2249 5099 ἰδὼν
2269 5086 2283 5110 ,
2314 5047 2520 5116 ἐσώθην
2539 5063 2554 5076 ο
2583 5047 2663 5099 διό
2692 5063 2832 5116 φημι
2852 5063 2866 5076 ⁸
2913 5045 3058 5113 Ἐγὼ
3085 5045 3233 5112 πρὸς
3260 5045 3366 5098 τὸν
3394 5046 3545 5099 Θεὸν
3564 5046 3694 5098 ἐκέ-

2123 5137 2331 5204 κραξα,
2362 5139 2458 5190 καὶ
2479 5138 2693 5204 Κύριος
2713 5137 2910 5190 ἔσωσέ
2927 5153 3022 5204 με.
3043 5134 3240 5198 Σωθεὶς
3267 5135 3324 5188 δὲ
3348 5136 3530 5188 οὐκέτι
3557 5137 3688 5205 ἠρε-

2122 5229 2207 5298 μῶ
2231 5269 2246 5293 ,
2281 5228 2398 5282 οὐδὲ
2425 5228 2652 5298 ἡσυχίαν
2671 5229 2822 5295 ἄγειν
2848 5227 3082 5298 δύναμαι
3099 5243 3112 5256 ο
3163 5225 3300 5279 ἀλλὰ
3320 5226 3573 5297 κηρύττω
3595 5225 3688 5279 καὶ

2119 5320 2322 5381 πάντας
2348 5317 2666 5388 ἀνθρώπους
2707 5318 3162 5387 εὐαγγελίζομαι,
3209 5315 3564 5386 διηγούμενος
3597 5318 3686 5384 ἐφ’

2118 5411 2352 5480 ἑκάστης
2383 5409 2592 5481 ἡμέρας
2624 5410 2718 5464 καὶ
2744 5408 2892 5480 ὥρας
2915 5448 2930 5473 ,
2965 5408 3323 5477 ἀπαγγέλλων
3353 5424 3411 5461 τε
3444 5411 3523 5472 είς
3550 5408 3687 5460 πάν-

2116 5517 2213 5564 τας
2243 5501 2382 5571 ειπερ
2415 5503 2473 5554 ἐν
2508 5503 2644 5572 άγίῳ
2673 5501 2940 5572 πνεύματι
2966 5500 3046 5570 τῷ
3074 5500 3394 5571 προφητικῷ
3419 5499 3682 5569 τεθέαμαι
