  <div class='ocr_page' id='page_1' title='image "/cluster/home/n/w/nwhite01/storage/ocr_20150623/23/hvd.32044073501116/248.png"; bbox 0 0 4024 6202; ppageno 0'>
   <div class='ocr_carea' id='block_1_1' title="bbox 251 305 352 361">
    <p class='ocr_par' dir='ltr' id='par_1_1' title="bbox 251 305 352 361">
     <span class='ocr_line' id='line_1_1' title="bbox 251 305 352 361; baseline -0.01 0"><span class='ocrx_word' id='word_1_1' title='bbox 251 305 352 361; x_wconf 72' lang='grc'><strong>685</strong></span> 
     </span>
    </p>
   </div>
   <div class='ocr_carea' id='block_1_2' title="bbox 1363 276 2335 347">
    <p class='ocr_par' dir='ltr' id='par_1_2' title="bbox 1363 276 2335 347">
     <span class='ocr_line' id='line_1_2' title="bbox 1363 276 2335 347; baseline -0.013 -1"><span class='ocrx_word' id='word_1_2' title='bbox 1363 276 1863 347; x_wconf 64' lang='grc' dir='ltr'><strong>(ῙΟΜΜΕΝΤΔΙΚΙΔ</strong></span> <span class='ocrx_word' id='word_1_3' title='bbox 1900 276 1965 332; x_wconf 83' lang='lat' dir='ltr'><strong>IN</strong></span> <span class='ocrx_word' id='word_1_4' title='bbox 1993 278 2335 335; x_wconf 76' lang='lat' dir='ltr'><strong>PSALMOS.</strong></span> 
     </span>
    </p>
   </div>
   <div class='ocr_carea' id='block_1_3' title="bbox 3359 281 3483 338">
    <p class='ocr_par' dir='ltr' id='par_1_3' title="bbox 3359 281 3483 338">
     <span class='ocr_line' id='line_1_3' title="bbox 3359 281 3483 338; baseline -0.024 1"><span class='ocrx_word' id='word_1_5' title='bbox 3359 281 3483 338; x_wconf 66' lang='lat'><strong>486-</strong></span> 
     </span>
    </p>
   </div>
   <div class='ocr_carea' id='block_1_4' title="bbox 253 400 1827 500">
    <p class='ocr_par' dir='ltr' id='par_1_4' title="bbox 253 406 1797 500">
     <span class='ocr_line' id='line_1_4' title="bbox 253 406 1797 500; baseline -0.017 -15"><span class='ocrx_word' id='word_1_6' title='bbox 253 426 534 500; x_wconf 79' lang='grc' dir='ltr'>θαυμαστὰ</span> <span class='ocrx_word' id='word_1_7' title='bbox 563 424 660 481; x_wconf 81' lang='grc' dir='ltr'>καὶ</span> <span class='ocrx_word' id='word_1_8' title='bbox 681 418 978 492; x_wconf 65' lang='grc' dir='ltr'>παράδοξα.</span> <span class='ocrx_word' id='word_1_9' title='bbox 1031 416 1123 471; x_wconf 82' lang='grc' dir='ltr'><strong>Διὸ</strong></span> <span class='ocrx_word' id='word_1_10' title='bbox 1153 429 1319 486; x_wconf 65' lang='grc' dir='ltr'>φημν</span> <span class='ocrx_word' id='word_1_11' title='bbox 1379 412 1664 478; x_wconf 80' lang='grc' dir='ltr'>Ἐσπέρας</span> <span class='ocrx_word' id='word_1_12' title='bbox 1700 406 1797 500; x_wconf 80' lang='grc' dir='ltr'>καὶ</span> 
     </span>
    </p>
   </div>
   <div class='ocr_carea' id='block_1_5' title="bbox 1925 400 3469 500">
    <p class='ocr_par' dir='ltr' id='par_1_5' title="bbox 1925 400 3469 470">
     <span class='ocr_line' id='line_1_5' title="bbox 1925 400 3469 470; baseline 0.003 -15"><span class='ocrx_word' id='word_1_13' title='bbox 1925 401 2026 456; x_wconf 90' lang='lat' dir='ltr'><strong>lico</strong></span> <span class='ocrx_word' id='word_1_14' title='bbox 2053 421 2066 456; x_wconf 89' lang='lat'><strong>:</strong></span> <span class='ocrx_word' id='word_1_15' title='bbox 2095 401 2313 470; x_wconf 73' lang='lat' dir='ltr'><strong>Vespere</strong></span> <span class='ocrx_word' id='word_1_16' title='bbox 2339 409 2390 456; x_wconf 86' lang='lat' dir='ltr'><strong>et</strong></span> <span class='ocrx_word' id='word_1_17' title='bbox 2419 416 2569 455; x_wconf 87' lang='lat' dir='ltr'><strong>mane</strong></span> <span class='ocrx_word' id='word_1_18' title='bbox 2596 409 2645 455; x_wconf 85' lang='lat' dir='ltr'><strong>et</strong></span> <span class='ocrx_word' id='word_1_19' title='bbox 2667 400 2899 468; x_wconf 75' lang='lat' dir='ltr'><strong>meridie,</strong></span> <span class='ocrx_word' id='word_1_20' title='bbox 2929 402 3161 456; x_wconf 79' lang='lat' dir='ltr'><strong><em>narrabo</em></strong></span> <span class='ocrx_word' id='word_1_21' title='bbox 3187 412 3237 456; x_wconf 87' lang='lat' dir='ltr'><strong>et</strong></span> <span class='ocrx_word' id='word_1_22' title='bbox 3260 420 3469 458; x_wconf 84' lang='lat' dir='ltr'><strong>annun-</strong></span> 
     </span>
    </p>
   </div>
   <div class='ocr_carea' id='block_1_6' title="bbox 254 499 1805 589">
    <p class='ocr_par' dir='ltr' id='par_1_6' title="bbox 254 499 1805 589">
     <span class='ocr_line' id='line_1_6' title="bbox 254 499 1805 589; baseline -0.014 -14"><span class='ocrx_word' id='word_1_23' title='bbox 254 499 395 589; x_wconf 75' lang='grc' dir='ltr'>πρωὶ</span> <span class='ocrx_word' id='word_1_24' title='bbox 429 519 529 574; x_wconf 70' lang='grc' dir='ltr'>καὶ</span> <span class='ocrx_word' id='word_1_25' title='bbox 553 514 924 587; x_wconf 75' lang='grc' dir='ltr'>μεσημϐρίας</span> <span class='ocrx_word' id='word_1_26' title='bbox 950 507 1306 578; x_wconf 79' lang='grc' dir='ltr'>διηγήσομαι</span> <span class='ocrx_word' id='word_1_27' title='bbox 1338 504 1434 559; x_wconf 77' lang='grc' dir='ltr'>καὶ</span> <span class='ocrx_word' id='word_1_28' title='bbox 1468 499 1805 569; x_wconf 75' lang='grc' dir='ltr'><strong>ἀπαγγελῶ.</strong></span> 
     </span>
    </p>
   </div>
   <div class='ocr_carea' id='block_1_7' title="bbox 266 594 1810 686">
    <p class='ocr_par' dir='ltr' id='par_1_7' title="bbox 266 594 1810 686">
     <span class='ocr_line' id='line_1_7' title="bbox 266 594 1810 686; baseline -0.017 -17"><span class='ocrx_word' id='word_1_29' title='bbox 266 614 428 686; x_wconf 84' lang='grc' dir='ltr'><strong>Ἑμοῦ</strong></span> <span class='ocrx_word' id='word_1_30' title='bbox 454 612 510 666; x_wconf 68' lang='grc' dir='ltr'>δὲ</span> <span class='ocrx_word' id='word_1_31' title='bbox 537 610 706 664; x_wconf 82' lang='grc' dir='ltr'>ταῦτα</span> <span class='ocrx_word' id='word_1_32' title='bbox 735 605 962 677; x_wconf 82' lang='grc' dir='ltr'>βοῶντος</span> <span class='ocrx_word' id='word_1_33' title='bbox 987 604 1066 665; x_wconf 88' lang='grc' dir='ltr'>είς</span> <span class='ocrx_word' id='word_1_34' title='bbox 1090 601 1292 661; x_wconf 81' lang='grc' dir='ltr'><strong>πάντας</strong></span> <span class='ocrx_word' id='word_1_35' title='bbox 1317 597 1464 663; x_wconf 68' lang='grc' dir='ltr'>ἐξότε</span> <span class='ocrx_word' id='word_1_36' title='bbox 1492 596 1587 649; x_wconf 72' lang='grc' dir='ltr'>καὶ</span> <span class='ocrx_word' id='word_1_37' title='bbox 1619 594 1810 686; x_wconf 81' lang='grc' dir='ltr'>μέχρις</span> 
     </span>
    </p>
   </div>
   <div class='ocr_carea' id='block_1_8' title="bbox 254 685 1814 773">
    <p class='ocr_par' dir='ltr' id='par_1_8' title="bbox 254 685 1814 773">
     <span class='ocr_line' id='line_1_8' title="bbox 254 685 1814 773; baseline -0.015 -14"><span class='ocrx_word' id='word_1_38' title='bbox 254 705 489 773; x_wconf 73' lang='grc' dir='ltr'>ἑσπέρας</span> <span class='ocrx_word' id='word_1_39' title='bbox 510 743 525 761; x_wconf 86' lang='grc'><strong><em>.</em></strong></span> <span class='ocrx_word' id='word_1_40' title='bbox 558 703 618 755; x_wconf 80' lang='grc' dir='ltr'>ὲν</span> <span class='ocrx_word' id='word_1_41' title='bbox 657 701 804 771; x_wconf 80' lang='grc' dir='ltr'><strong>αὐτῷ</strong></span> <span class='ocrx_word' id='word_1_42' title='bbox 840 715 900 752; x_wconf 88' lang='grc' dir='ltr'>τε</span> <span class='ocrx_word' id='word_1_43' title='bbox 931 695 1007 765; x_wconf 79' lang='grc' dir='ltr'><strong>τῷ</strong></span> <span class='ocrx_word' id='word_1_44' title='bbox 1042 691 1391 763; x_wconf 79' lang='grc' dir='ltr'><strong>ἀκμαιοτάτῳ</strong></span> <span class='ocrx_word' id='word_1_45' title='bbox 1420 686 1560 756; x_wconf 72' lang='grc' dir='ltr'>φωτὶ</span> <span class='ocrx_word' id='word_1_46' title='bbox 1588 685 1686 755; x_wconf 83' lang='grc' dir='ltr'>τῆς</span> <span class='ocrx_word' id='word_1_47' title='bbox 1725 700 1814 753; x_wconf 83' lang='grc' dir='ltr'>με-</span> 
     </span>
    </p>
   </div>
   <div class='ocr_carea' id='block_1_9' title="bbox 257 774 1810 863">
    <p class='ocr_par' dir='ltr' id='par_1_9' title="bbox 257 774 1810 863">
     <span class='ocr_line' id='line_1_9' title="bbox 257 774 1810 863; baseline -0.016 -16"><span class='ocrx_word' id='word_1_48' title='bbox 257 792 557 863; x_wconf 75' lang='grc' dir='ltr'>σημϐρινῆς</span> <span class='ocrx_word' id='word_1_49' title='bbox 610 780 821 861; x_wconf 67' lang='grc' dir='ltr'>ἡμέρας</span> <span class='ocrx_word' id='word_1_50' title='bbox 850 786 917 839; x_wconf 81' lang='grc' dir='ltr'>τὰ</span> <span class='ocrx_word' id='word_1_51' title='bbox 970 784 1211 852; x_wconf 82' lang='grc' dir='ltr'>σωτήρια</span> <span class='ocrx_word' id='word_1_52' title='bbox 1259 778 1389 846; x_wconf 82' lang='grc' dir='ltr'>τέλη</span> <span class='ocrx_word' id='word_1_53' title='bbox 1420 774 1810 863; x_wconf 85' lang='grc' dir='ltr'>κηρύττοντος,</span> 
     </span>
    </p>
   </div>
   <div class='ocr_carea' id='block_1_10' title="bbox 254 862 1814 947">
    <p class='ocr_par' dir='ltr' id='par_1_10' title="bbox 254 862 1814 947">
     <span class='ocr_line' id='line_1_10' title="bbox 254 862 1814 947; baseline -0.015 -10"><span class='ocrx_word' id='word_1_54' title='bbox 254 862 663 936; x_wconf 67' lang='grc' dir='ltr'>είάακούσσται</span> <span class='ocrx_word' id='word_1_55' title='bbox 681 879 790 947; x_wconf 81' lang='grc' dir='ltr'>τῆς</span> <span class='ocrx_word' id='word_1_56' title='bbox 814 875 1018 945; x_wconf 75' lang='grc' dir='ltr'>φωνῆς</span> <span class='ocrx_word' id='word_1_57' title='bbox 1034 890 1152 942; x_wconf 81' lang='grc' dir='ltr'><strong>μου</strong></span> <span class='ocrx_word' id='word_1_58' title='bbox 1170 874 1200 925; x_wconf 91' lang='lat'><strong>6</strong></span> <span class='ocrx_word' id='word_1_59' title='bbox 1222 869 1424 939; x_wconf 97' lang='grc' dir='ltr'>ταύτης</span> <span class='ocrx_word' id='word_1_60' title='bbox 1443 865 1544 934; x_wconf 82' lang='grc' dir='ltr'><strong>τῆς</strong></span> <span class='ocrx_word' id='word_1_61' title='bbox 1562 862 1814 933; x_wconf 84' lang='grc' dir='ltr'>γνώσεως</span> 
     </span>
    </p>
   </div>
   <div class='ocr_carea' id='block_1_11' title="bbox 257 952 1813 1036">
    <p class='ocr_par' dir='ltr' id='par_1_11' title="bbox 257 952 1813 1036">
     <span class='ocr_line' id='line_1_11' title="bbox 257 952 1813 1036; baseline -0.013 -12"><span class='ocrx_word' id='word_1_62' title='bbox 257 970 615 1036; x_wconf 68' lang='grc' dir='ltr'><strong>καταξιώσας⁸</strong></span> <span class='ocrx_word' id='word_1_63' title='bbox 635 968 728 1021; x_wconf 76' lang='grc' dir='ltr'><strong>καὶ</strong></span> <span class='ocrx_word' id='word_1_64' title='bbox 747 965 927 1019; x_wconf 77' lang='grc' dir='ltr'>οὐκέτι</span> <span class='ocrx_word' id='word_1_65' title='bbox 953 963 1051 1033; x_wconf 78' lang='grc' dir='ltr'>μὲν</span> <span class='ocrx_word' id='word_1_66' title='bbox 1064 958 1422 1030; x_wconf 82' lang='grc' dir='ltr'><strong>ταράττεσθαι</strong></span> <span class='ocrx_word' id='word_1_67' title='bbox 1444 957 1500 1009; x_wconf 75' lang='grc' dir='ltr'>ὲν</span> <span class='ocrx_word' id='word_1_68' title='bbox 1522 954 1645 1023; x_wconf 67' lang='grc' dir='ltr'>ἐμοὶ</span> <span class='ocrx_word' id='word_1_69' title='bbox 1665 952 1813 1005; x_wconf 80' lang='grc' dir='ltr'>ὲάσει</span> 
     </span>
    </p>
   </div>
   <div class='ocr_carea' id='block_1_12' title="bbox 256 1041 1815 1129">
    <p class='ocr_par' dir='ltr' id='par_1_12' title="bbox 256 1041 1815 1129">
     <span class='ocr_line' id='line_1_12' title="bbox 256 1041 1815 1129; baseline -0.014 -17"><span class='ocrx_word' id='word_1_70' title='bbox 256 1060 350 1129; x_wconf 84' lang='grc' dir='ltr'><strong>τὴν</strong></span> <span class='ocrx_word' id='word_1_71' title='bbox 379 1057 602 1128; x_wconf 80' lang='grc' dir='ltr'><strong>καρδίαν</strong></span> <span class='ocrx_word' id='word_1_72' title='bbox 637 1072 738 1126; x_wconf 88' lang='grc' dir='ltr'><strong>μου</strong></span> <span class='ocrx_word' id='word_1_73' title='bbox 757 1094 772 1118; x_wconf 90' lang='grc'><strong>,</strong></span> <span class='ocrx_word' id='word_1_74' title='bbox 815 1053 937 1107; x_wconf 80' lang='grc' dir='ltr'><strong>οὐδὲ</strong></span> <span class='ocrx_word' id='word_1_75' title='bbox 966 1051 1065 1121; x_wconf 80' lang='grc' dir='ltr'><strong>τὴν</strong></span> <span class='ocrx_word' id='word_1_76' title='bbox 1090 1047 1288 1101; x_wconf 81' lang='grc' dir='ltr'>δειλίαν</span> <span class='ocrx_word' id='word_1_77' title='bbox 1313 1045 1406 1098; x_wconf 82' lang='grc' dir='ltr'><strong>τοῦ</strong></span> <span class='ocrx_word' id='word_1_78' title='bbox 1440 1042 1665 1111; x_wconf 83' lang='grc' dir='ltr'>θανάτου</span> <span class='ocrx_word' id='word_1_79' title='bbox 1694 1041 1815 1092; x_wconf 83' lang='grc' dir='ltr'>ὲπι-</span> 
     </span>
    </p>
   </div>
   <div class='ocr_carea' id='block_1_13' title="bbox 257 1134 1816 1219">
    <p class='ocr_par' dir='ltr' id='par_1_13' title="bbox 257 1134 1816 1219">
     <span class='ocr_line' id='line_1_13' title="bbox 257 1134 1816 1219; baseline -0.013 -15"><span class='ocrx_word' id='word_1_80' title='bbox 257 1150 464 1204; x_wconf 76' lang='grc' dir='ltr'><strong>κεῖσθαι</strong></span> <span class='ocrx_word' id='word_1_81' title='bbox 497 1166 605 1219; x_wconf 88' lang='grc' dir='ltr'>μοι.</span> <span class='ocrx_word' id='word_1_82' title='bbox 634 1145 817 1200; x_wconf 78' lang='grc' dir='ltr'>Ταῦτα</span> <span class='ocrx_word' id='word_1_83' title='bbox 834 1145 889 1198; x_wconf 84' lang='grc' dir='ltr'>δὲ</span> <span class='ocrx_word' id='word_1_84' title='bbox 905 1143 1081 1196; x_wconf 83' lang='grc' dir='ltr'>πάντα</span> <span class='ocrx_word' id='word_1_85' title='bbox 1100 1135 1434 1210; x_wconf 86' lang='grc' dir='ltr'>παραγαγὼν</span> <span class='ocrx_word' id='word_1_86' title='bbox 1456 1174 1471 1199; x_wconf 93' lang='grc'><strong>,</strong></span> <span class='ocrx_word' id='word_1_87' title='bbox 1490 1136 1583 1187; x_wconf 75' lang='grc' dir='ltr'>καὶ</span> <span class='ocrx_word' id='word_1_88' title='bbox 1601 1134 1816 1186; x_wconf 84' lang='grc' dir='ltr'>διασκε-</span> 
     </span>
    </p>
   </div>
   <div class='ocr_carea' id='block_1_14' title="bbox 257 1224 1814 1311">
    <p class='ocr_par' dir='ltr' id='par_1_14' title="bbox 257 1224 1814 1311">
     <span class='ocr_line' id='line_1_14' title="bbox 257 1224 1814 1311; baseline -0.008 -24"><span class='ocrx_word' id='word_1_89' title='bbox 257 1242 420 1304; x_wconf 57' lang='lat' dir='ltr'><strong>ad”;</strong></span> <span class='ocrx_word' id='word_1_90' title='bbox 437 1241 538 1311; x_wconf 69' lang='grc' dir='ltr'><strong>τῆς</strong></span> <span class='ocrx_word' id='word_1_91' title='bbox 572 1240 709 1310; x_wconf 65' lang='grc' dir='ltr'>ἐμῆς</span> <span class='ocrx_word' id='word_1_92' title='bbox 746 1236 954 1306; x_wconf 76' lang='grc' dir='ltr'>ψυχῆς,</span> <span class='ocrx_word' id='word_1_93' title='bbox 989 1230 1319 1302; x_wconf 84' lang='grc' dir='ltr'>λυτρώσεται</span> <span class='ocrx_word' id='word_1_94' title='bbox 1345 1227 1513 1296; x_wconf 81' lang='grc' dir='ltr'>αὐτὴν</span> <span class='ocrx_word' id='word_1_95' title='bbox 1538 1226 1595 1277; x_wconf 75' lang='grc' dir='ltr'>ἐν</span> <span class='ocrx_word' id='word_1_96' title='bbox 1626 1224 1814 1295; x_wconf 77' lang='grc' dir='ltr'>εἰρήνῃ</span> 
     </span>
    </p>
   </div>
   <div class='ocr_carea' id='block_1_15' title="bbox 256 1313 1816 1403">
    <p class='ocr_par' dir='ltr' id='par_1_15' title="bbox 256 1313 1816 1403">
     <span class='ocr_line' id='line_1_15' title="bbox 256 1313 1816 1403; baseline -0.014 -15"><span class='ocrx_word' id='word_1_97' title='bbox 256 1335 362 1387; x_wconf 72' lang='grc' dir='ltr'><strong>ἀπὺ</strong></span> <span class='ocrx_word' id='word_1_98' title='bbox 377 1333 484 1386; x_wconf 84' lang='grc' dir='ltr'>τῶν</span> <span class='ocrx_word' id='word_1_99' title='bbox 500 1330 744 1403; x_wconf 78' lang='grc' dir='ltr'>θορυϐεῖν</span> <span class='ocrx_word' id='word_1_100' title='bbox 761 1328 931 1397; x_wconf 81' lang='grc' dir='ltr'>αὐτὴν</span> <span class='ocrx_word' id='word_1_101' title='bbox 947 1324 1252 1378; x_wconf 75' lang='grc' dir='ltr'>ἐθελόντων.</span> <span class='ocrx_word' id='word_1_102' title='bbox 1277 1320 1368 1372; x_wconf 87' lang='grc' dir='ltr'><strong>Διό</strong></span> <span class='ocrx_word' id='word_1_103' title='bbox 1400 1334 1558 1387; x_wconf 82' lang='grc' dir='ltr'>φημι·</span> <span class='ocrx_word' id='word_1_104' title='bbox 1588 1313 1816 1382; x_wconf 83' lang='grc' dir='ltr'>Λυτρώ-</span> 
     </span>
    </p>
   </div>
   <div class='ocr_carea' id='block_1_16' title="bbox 258 1404 1818 1490">
    <p class='ocr_par' dir='ltr' id='par_1_16' title="bbox 258 1404 1818 1490">
     <span class='ocr_line' id='line_1_16' title="bbox 258 1404 1818 1490; baseline -0.015 -11"><span class='ocrx_word' id='word_1_105' title='bbox 258 1438 422 1479; x_wconf 77' lang='grc' dir='ltr'>σεται</span> <span class='ocrx_word' id='word_1_106' title='bbox 444 1423 558 1490; x_wconf 82' lang='grc' dir='ltr'>τὴν</span> <span class='ocrx_word' id='word_1_107' title='bbox 575 1418 787 1489; x_wconf 70' lang='grc' dir='ltr'><strong>ψυχήν</strong></span> <span class='ocrx_word' id='word_1_108' title='bbox 806 1433 926 1486; x_wconf 82' lang='grc' dir='ltr'><strong>μου</strong></span> <span class='ocrx_word' id='word_1_109' title='bbox 950 1414 1019 1467; x_wconf 82' lang='grc' dir='ltr'>ἐν</span> <span class='ocrx_word' id='word_1_110' title='bbox 1046 1414 1251 1481; x_wconf 74' lang='grc' dir='ltr'>εἰρήνῃ</span> <span class='ocrx_word' id='word_1_111' title='bbox 1277 1407 1396 1464; x_wconf 83' lang='grc' dir='ltr'>ἀπὸ</span> <span class='ocrx_word' id='word_1_112' title='bbox 1425 1407 1543 1460; x_wconf 84' lang='grc' dir='ltr'><strong>τῶν</strong></span> <span class='ocrx_word' id='word_1_113' title='bbox 1566 1404 1818 1490; x_wconf 49' lang='grc' dir='ltr'>ἐγγιζόνς</span> 
     </span>
    </p>
   </div>
   <div class='ocr_carea' id='block_1_17' title="bbox 257 1487 1819 1582">
    <p class='ocr_par' dir='ltr' id='par_1_17' title="bbox 257 1487 1819 1582">
     <span class='ocr_line' id='line_1_17' title="bbox 257 1487 1819 1582; baseline -0.014 -14"><span class='ocrx_word' id='word_1_114' title='bbox 257 1531 373 1568; x_wconf 78' lang='grc' dir='ltr'><strong>των</strong></span> <span class='ocrx_word' id='word_1_115' title='bbox 397 1487 532 1582; x_wconf 46' lang='grc' dir='ltr'>μοι)</span> <span class='ocrx_word' id='word_1_116' title='bbox 564 1487 652 1564; x_wconf 61' lang='grc' dir='ltr'><strong>ὅτι</strong></span> <span class='ocrx_word' id='word_1_117' title='bbox 677 1510 748 1561; x_wconf 83' lang='grc' dir='ltr'>ἐν</span> <span class='ocrx_word' id='word_1_118' title='bbox 791 1504 1045 1569; x_wconf 70' lang='grc' dir='ltr'>πολλοῖς</span> <span class='ocrx_word' id='word_1_119' title='bbox 1070 1499 1234 1571; x_wconf 81' lang='grc' dir='ltr'>ἦσαν</span> <span class='ocrx_word' id='word_1_120' title='bbox 1276 1498 1397 1553; x_wconf 86' lang='grc' dir='ltr'>σὺν</span> <span class='ocrx_word' id='word_1_121' title='bbox 1424 1496 1553 1565; x_wconf 77' lang='grc' dir='ltr'>ἐμοί</span> <span class='ocrx_word' id='word_1_122' title='bbox 1570 1511 1584 1525; x_wconf 72' lang='grc'><strong><em>³</em></strong></span> <span class='ocrx_word' id='word_1_123' title='bbox 1615 1493 1729 1547; x_wconf 83' lang='grc' dir='ltr'>ἀνθ’</span> <span class='ocrx_word' id='word_1_124' title='bbox 1758 1487 1819 1547; x_wconf 79' lang='lat' dir='ltr'><strong>o6</strong></span> 
     </span>
    </p>
   </div>
   <div class='ocr_carea' id='block_1_18' title="bbox 257 1582 1820 1669">
    <p class='ocr_par' dir='ltr' id='par_1_18' title="bbox 257 1582 1820 1669">
     <span class='ocr_line' id='line_1_18' title="bbox 257 1582 1820 1669; baseline -0.014 -13"><span class='ocrx_word' id='word_1_125' title='bbox 257 1603 512 1669; x_wconf 61' lang='grc' dir='ltr'>ἐξέδωκεν</span> <span class='ocrx_word' id='word_1_126' title='bbox 523 1604 552 1655; x_wconf 87' lang='lat'><strong>6</strong></span> <span class='ocrx_word' id='word_1_127' title='bbox 566 1600 637 1652; x_wconf 86' lang='grc' dir='ltr'>Σύ</span> <span class='ocrx_word' id='word_1_128' title='bbox 646 1613 857 1669; x_wconf 83' lang='grc' dir='ltr'>μμαχος</span> <span class='ocrx_word' id='word_1_129' title='bbox 873 1613 887 1626; x_wconf 92' lang='grc'><strong>·</strong></span> <span class='ocrx_word' id='word_1_130' title='bbox 908 1590 1244 1665; x_wconf 60' lang='grc' dir='ltr'>Πολλοστοί</span> <span class='ocrx_word' id='word_1_131' title='bbox 1258 1588 1367 1659; x_wconf 81' lang='grc' dir='ltr'><strong>τὰρ</strong></span> <span class='ocrx_word' id='word_1_132' title='bbox 1380 1585 1654 1658; x_wconf 56' lang='grc' dir='ltr'>ἐγένοντο</span> <span class='ocrx_word' id='word_1_133' title='bbox 1672 1582 1820 1650; x_wconf 80' lang='grc' dir='ltr'>πρὸς</span> 
     </span>
    </p>
   </div>
   <div class='ocr_carea' id='block_1_19' title="bbox 254 1673 1891 1776">
    <p class='ocr_par' dir='ltr' id='par_1_19' title="bbox 254 1673 1891 1776">
     <span class='ocr_line' id='line_1_19' title="bbox 254 1673 1891 1776; baseline -0.015 -28"><span class='ocrx_word' id='word_1_134' title='bbox 254 1695 378 1763; x_wconf 82' lang='grc' dir='ltr'><strong>ἐμέ.</strong></span> <span class='ocrx_word' id='word_1_135' title='bbox 440 1695 503 1746; x_wconf 83' lang='grc' dir='ltr'>οι</span> <span class='ocrx_word' id='word_1_136' title='bbox 528 1690 638 1761; x_wconf 73' lang='grc' dir='ltr'>γὰρ</span> <span class='ocrx_word' id='word_1_137' title='bbox 685 1686 955 1776; x_wconf 55' lang='grc' dir='ltr'>θορυϐεῖν</span> <span class='ocrx_word' id='word_1_138' title='bbox 987 1680 1295 1765; x_wconf 70' lang='grc' dir='ltr'>ἐθέλοντές</span> <span class='ocrx_word' id='word_1_139' title='bbox 1316 1697 1433 1747; x_wconf 82' lang='grc' dir='ltr'><strong>μου</strong></span> <span class='ocrx_word' id='word_1_140' title='bbox 1459 1676 1575 1744; x_wconf 81' lang='grc' dir='ltr'>τὴν</span> <span class='ocrx_word' id='word_1_141' title='bbox 1610 1673 1819 1776; x_wconf 49' lang='grc' dir='ltr'>ψυχῖἧν</span> <span class='ocrx_word' id='word_1_142' title='bbox 1848 1722 1891 1776; x_wconf 71' lang='grc' dir='ltr'>Β</span> 
     </span>
    </p>
   </div>
   <div class='ocr_carea' id='block_1_20' title="bbox 248 1757 1817 1852">
    <p class='ocr_par' dir='ltr' id='par_1_20' title="bbox 248 1757 1817 1852">
     <span class='ocr_line' id='line_1_20' title="bbox 248 1757 1817 1852; baseline -0.013 -14"><span class='ocrx_word' id='word_1_143' title='bbox 248 1757 373 1852; x_wconf 47' lang='lat' dir='ltr'><strong>nov</strong></span> <span class='ocrx_word' id='word_1_144' title='bbox 397 1757 646 1849; x_wconf 57' lang='grc' dir='ltr'>,ϐραγεῗς</span> <span class='ocrx_word' id='word_1_145' title='bbox 690 1770 1039 1845; x_wconf 80' lang='grc' dir='ltr'>τινες·ἧσαν</span> <span class='ocrx_word' id='word_1_146' title='bbox 1054 1813 1069 1835; x_wconf 91' lang='grc'><strong>,</strong></span> <span class='ocrx_word' id='word_1_147' title='bbox 1103 1757 1210 1836; x_wconf 57' lang='lat' dir='ltr'><strong>oi);</strong></span> <span class='ocrx_word' id='word_1_148' title='bbox 1239 1772 1272 1823; x_wconf 81' lang='grc' dir='ltr'><em>ό</em></span> <span class='ocrx_word' id='word_1_149' title='bbox 1300 1769 1443 1834; x_wconf 83' lang='grc' dir='ltr'>Θεὸς</span> <span class='ocrx_word' id='word_1_150' title='bbox 1471 1771 1504 1821; x_wconf 83' lang='grc' dir='ltr'><em>ὁ</em></span> <span class='ocrx_word' id='word_1_151' title='bbox 1533 1766 1647 1835; x_wconf 82' lang='grc' dir='ltr'>πρὸ</span> <span class='ocrx_word' id='word_1_152' title='bbox 1698 1764 1817 1818; x_wconf 81' lang='grc' dir='ltr'>τῶν</span> 
     </span>
    </p>
   </div>
   <div class='ocr_carea' id='block_1_21' title="bbox 255 1854 1813 1937">
    <p class='ocr_par' dir='ltr' id='par_1_21' title="bbox 255 1854 1813 1937">
     <span class='ocr_line' id='line_1_21' title="bbox 255 1854 1813 1937; baseline -0.009 -14"><span class='ocrx_word' id='word_1_153' title='bbox 255 1872 488 1927; x_wconf 79' lang='grc' dir='ltr'>αιώνων</span> <span class='ocrx_word' id='word_1_154' title='bbox 514 1867 800 1937; x_wconf 75' lang='grc' dir='ltr'><em>ὑπάρχων</em></span> <span class='ocrx_word' id='word_1_155' title='bbox 826 1861 1171 1918; x_wconf 78' lang='grc' dir='ltr'><strong>ταπεινώσει</strong></span> <span class='ocrx_word' id='word_1_156' title='bbox 1191 1900 1206 1925; x_wconf 91' lang='grc'><strong>,</strong></span> <span class='ocrx_word' id='word_1_157' title='bbox 1240 1858 1349 1928; x_wconf 81' lang='grc' dir='ltr'>τῆς</span> <span class='ocrx_word' id='word_1_158' title='bbox 1376 1856 1525 1926; x_wconf 80' lang='grc' dir='ltr'>ἐμῆς</span> <span class='ocrx_word' id='word_1_159' title='bbox 1552 1854 1813 1926; x_wconf 69' lang='grc' dir='ltr'>κραυγῆς</span> 
     </span>
    </p>
   </div>
   <div class='ocr_carea' id='block_1_22' title="bbox 257 1962 626 2024">
    <p class='ocr_par' dir='ltr' id='par_1_22' title="bbox 257 1962 626 2024">
     <span class='ocr_line' id='line_1_22' title="bbox 257 1962 626 2024; baseline -0.014 -9"><span class='ocrx_word' id='word_1_160' title='bbox 257 1962 626 2024; x_wconf 73' lang='grc' dir='ltr'>ἐπακούσας.</span> 
     </span>
    </p>
   </div>
   <div class='ocr_carea' id='block_1_23' title="bbox 331 2036 1819 2119">
    <p class='ocr_par' dir='ltr' id='par_1_23' title="bbox 331 2036 1819 2119">
     <span class='ocr_line' id='line_1_23' title="bbox 331 2036 1819 2119; baseline -0.011 -15"><span class='ocrx_word' id='word_1_161' title='bbox 331 2050 514 2104; x_wconf 84' lang='grc' dir='ltr'>Ταῦτα</span> <span class='ocrx_word' id='word_1_162' title='bbox 546 2049 646 2119; x_wconf 80' lang='grc' dir='ltr'>μὲν</span> <span class='ocrx_word' id='word_1_163' title='bbox 668 2040 761 2101; x_wconf 68' lang='grc' dir='ltr'><strong>οὖν</strong></span> <span class='ocrx_word' id='word_1_164' title='bbox 790 2045 866 2109; x_wconf 83' lang='grc' dir='ltr'><strong>ὼς</strong></span> <span class='ocrx_word' id='word_1_165' title='bbox 895 2042 987 2098; x_wconf 81' lang='grc' dir='ltr'>τοῦ</span> <span class='ocrx_word' id='word_1_166' title='bbox 1016 2042 1298 2113; x_wconf 79' lang='grc' dir='ltr'>Προφήτου</span> <span class='ocrx_word' id='word_1_167' title='bbox 1331 2036 1389 2104; x_wconf 72' lang='grc' dir='ltr'><strong>ἐξ</strong></span> <span class='ocrx_word' id='word_1_168' title='bbox 1419 2037 1618 2092; x_wconf 78' lang='grc' dir='ltr'><strong>οἰκείου</strong></span> <span class='ocrx_word' id='word_1_169' title='bbox 1649 2052 1819 2108; x_wconf 91' lang='grc' dir='ltr'>προσ-</span> 
     </span>
    </p>
   </div>
   <div class='ocr_carea' id='block_1_24' title="bbox 253 2126 1822 2212">
    <p class='ocr_par' dir='ltr' id='par_1_24' title="bbox 253 2126 1822 2212">
     <span class='ocr_line' id='line_1_24' title="bbox 253 2126 1822 2212; baseline -0.011 -16"><span class='ocrx_word' id='word_1_170' title='bbox 253 2142 409 2196; x_wconf 86' lang='grc' dir='ltr'>ώπου</span> <span class='ocrx_word' id='word_1_171' title='bbox 438 2141 539 2212; x_wconf 73' lang='grc' dir='ltr'><strong>τὰς</strong></span> <span class='ocrx_word' id='word_1_172' title='bbox 569 2135 929 2211; x_wconf 78' lang='grc' dir='ltr'><strong>προκειμένας</strong></span> <span class='ocrx_word' id='word_1_173' title='bbox 963 2133 1142 2203; x_wconf 79' lang='grc' dir='ltr'>φωνὰς</span> <span class='ocrx_word' id='word_1_174' title='bbox 1168 2127 1653 2201; x_wconf 80' lang='grc' dir='ltr'>προενηνεγμένου.</span> <span class='ocrx_word' id='word_1_175' title='bbox 1680 2128 1744 2180; x_wconf 81' lang='lat' dir='ltr'><strong>Ei</strong></span> <span class='ocrx_word' id='word_1_176' title='bbox 1764 2126 1822 2179; x_wconf 72' lang='grc' dir='ltr'>δὲ</span> 
     </span>
    </p>
   </div>
   <div class='ocr_carea' id='block_1_25' title="bbox 254 2218 1823 2298">
    <p class='ocr_par' dir='ltr' id='par_1_25' title="bbox 254 2218 1823 2298">
     <span class='ocr_line' id='line_1_25' title="bbox 254 2218 1823 2298; baseline -0.02 -1"><span class='ocrx_word' id='word_1_177' title='bbox 254 2232 317 2298; x_wconf 62' lang='grc' dir='ltr'><strong>ἔξ</strong></span> <span class='ocrx_word' id='word_1_178' title='bbox 348 2231 511 2285; x_wconf 79' lang='grc' dir='ltr'>αὐτοῦ</span> <span class='ocrx_word' id='word_1_179' title='bbox 534 2230 630 2284; x_wconf 80' lang='grc' dir='ltr'><strong>τοῦ</strong></span> <span class='ocrx_word' id='word_1_180' title='bbox 658 2228 908 2298; x_wconf 79' lang='grc' dir='ltr'><strong>Σωτῆρος</strong></span> <span class='ocrx_word' id='word_1_181' title='bbox 929 2224 1099 2279; x_wconf 80' lang='grc' dir='ltr'>ταῦτα</span> <span class='ocrx_word' id='word_1_182' title='bbox 1129 2223 1338 2290; x_wconf 82' lang='grc' dir='ltr'><strong>λέγοιτο</strong></span> <span class='ocrx_word' id='word_1_183' title='bbox 1368 2220 1456 2273; x_wconf 80' lang='grc' dir='ltr'>διὰ</span> <span class='ocrx_word' id='word_1_184' title='bbox 1484 2218 1579 2271; x_wconf 82' lang='grc' dir='ltr'><strong>τοῦ</strong></span> <span class='ocrx_word' id='word_1_185' title='bbox 1610 2234 1823 2288; x_wconf 78' lang='grc' dir='ltr'>προφη-</span> 
     </span>
    </p>
   </div>
   <div class='ocr_carea' id='block_1_26' title="bbox 253 2306 1825 2388">
    <p class='ocr_par' dir='ltr' id='par_1_26' title="bbox 253 2306 1825 2388">
     <span class='ocr_line' id='line_1_26' title="bbox 253 2306 1825 2388; baseline -0.01 -15"><span class='ocrx_word' id='word_1_186' title='bbox 253 2320 410 2375; x_wconf 74' lang='grc' dir='ltr'>τικυῦ</span> <span class='ocrx_word' id='word_1_187' title='bbox 436 2320 762 2388; x_wconf 80' lang='grc' dir='ltr'>πνεύματος,</span> <span class='ocrx_word' id='word_1_188' title='bbox 792 2313 1087 2384; x_wconf 76' lang='grc' dir='ltr'><strong>ἐπειδήπερ</strong></span> <span class='ocrx_word' id='word_1_189' title='bbox 1117 2310 1176 2375; x_wconf 73' lang='grc' dir='ltr'>ἐξ</span> <span class='ocrx_word' id='word_1_190' title='bbox 1207 2307 1372 2363; x_wconf 74' lang='grc' dir='ltr'>αὑτοῦ</span> <span class='ocrx_word' id='word_1_191' title='bbox 1402 2307 1616 2375; x_wconf 68' lang='grc' dir='ltr'>ἐλέγετο</span> <span class='ocrx_word' id='word_1_192' title='bbox 1644 2306 1724 2367; x_wconf 87' lang='lat'><strong>:6,</strong></span> <span class='ocrx_word' id='word_1_193' title='bbox 1756 2306 1825 2358; x_wconf 80' lang='lat' dir='ltr'><em>El</em></span> 
     </span>
    </p>
   </div>
   <div class='ocr_carea' id='block_1_27' title="bbox 252 2395 1822 2480">
    <p class='ocr_par' dir='ltr' id='par_1_27' title="bbox 252 2395 1822 2480">
     <span class='ocr_line' id='line_1_27' title="bbox 252 2395 1822 2480; baseline -0.011 -16"><span class='ocrx_word' id='word_1_194' title='bbox 252 2411 470 2480; x_wconf 78' lang='grc' dir='ltr'><strong>ἐχθρὸς</strong></span> <span class='ocrx_word' id='word_1_195' title='bbox 511 2405 782 2462; x_wconf 76' lang='grc' dir='ltr'>ὠνείδισέ</span> <span class='ocrx_word' id='word_1_196' title='bbox 805 2422 882 2474; x_wconf 80' lang='grc' dir='ltr'><strong>με</strong></span> <span class='ocrx_word' id='word_1_197' title='bbox 905 2444 920 2468; x_wconf 94' lang='grc'><strong>,</strong></span> <span class='ocrx_word' id='word_1_198' title='bbox 953 2401 1264 2471; x_wconf 78' lang='grc' dir='ltr'>ὑπήνεγκα</span> <span class='ocrx_word' id='word_1_199' title='bbox 1295 2399 1372 2453; x_wconf 82' lang='grc' dir='ltr'>ἂν</span> <span class='ocrx_word' id='word_1_200' title='bbox 1394 2438 1409 2461; x_wconf 88' lang='grc'><strong>,</strong></span> <span class='ocrx_word' id='word_1_201' title='bbox 1456 2398 1549 2451; x_wconf 75' lang='grc' dir='ltr'>καὶ</span> <span class='ocrx_word' id='word_1_202' title='bbox 1580 2395 1648 2449; x_wconf 80' lang='grc' dir='ltr'>τὰ</span> <span class='ocrx_word' id='word_1_203' title='bbox 1678 2395 1822 2465; x_wconf 78' lang='grc' dir='ltr'>ἑξῆς,</span> 
     </span>
    </p>
   </div>
   <div class='ocr_carea' id='block_1_28' title="bbox 254 2483 1824 2569">
    <p class='ocr_par' dir='ltr' id='par_1_28' title="bbox 254 2483 1824 2569">
     <span class='ocr_line' id='line_1_28' title="bbox 254 2483 1824 2569; baseline -0.014 -13"><span class='ocrx_word' id='word_1_204' title='bbox 254 2501 563 2562; x_wconf 78' lang='grc' dir='ltr'><strong>ἀκολούθως</strong></span> <span class='ocrx_word' id='word_1_205' title='bbox 594 2498 688 2551; x_wconf 82' lang='grc' dir='ltr'>καὶ</span> <span class='ocrx_word' id='word_1_206' title='bbox 723 2495 895 2549; x_wconf 79' lang='grc' dir='ltr'>ταῦτα</span> <span class='ocrx_word' id='word_1_207' title='bbox 935 2494 1157 2564; x_wconf 81' lang='grc' dir='ltr'>φήσειεν</span> <span class='ocrx_word' id='word_1_208' title='bbox 1203 2489 1269 2569; x_wconf 63' lang='grc' dir='ltr'><strong>ἀν</strong></span> <span class='ocrx_word' id='word_1_209' title='bbox 1309 2488 1339 2539; x_wconf 96' lang='lat'><strong>6</strong></span> <span class='ocrx_word' id='word_1_210' title='bbox 1368 2487 1586 2556; x_wconf 57' lang='grc' dir='ltr'><strong>Σωτήρ</strong></span> <span class='ocrx_word' id='word_1_211' title='bbox 1647 2485 1768 2536; x_wconf 81' lang='grc' dir='ltr'><strong>Ὅτι</strong></span> <span class='ocrx_word' id='word_1_212' title='bbox 1795 2483 1824 2535; x_wconf 87' lang='lat'><strong>6</strong></span> 
     </span>
    </p>
   </div>
   <div class='ocr_carea' id='block_1_29' title="bbox 256 2572 1823 2663">
    <p class='ocr_par' dir='ltr' id='par_1_29' title="bbox 256 2572 1823 2663">
     <span class='ocr_line' id='line_1_29' title="bbox 256 2572 1823 2663; baseline -0.011 -20"><span class='ocrx_word' id='word_1_213' title='bbox 256 2593 359 2663; x_wconf 71' lang='grc' dir='ltr'>μὲν</span> <span class='ocrx_word' id='word_1_214' title='bbox 383 2592 482 2643; x_wconf 80' lang='grc' dir='ltr'><strong>οὐκ</strong></span> <span class='ocrx_word' id='word_1_215' title='bbox 505 2588 696 2661; x_wconf 68' lang='grc' dir='ltr'><strong>ἐχθρὸς</strong></span> <span class='ocrx_word' id='word_1_216' title='bbox 714 2627 729 2651; x_wconf 92' lang='grc'><strong>,</strong></span> <span class='ocrx_word' id='word_1_217' title='bbox 762 2585 896 2639; x_wconf 86' lang='grc' dir='ltr'><strong>ἀλλά</strong></span> <span class='ocrx_word' id='word_1_218' title='bbox 927 2583 1077 2652; x_wconf 84' lang='grc' dir='ltr'><strong>φίλος</strong></span> <span class='ocrx_word' id='word_1_219' title='bbox 1096 2597 1112 2613; x_wconf 77' lang='grc'><em>’</em></span> <span class='ocrx_word' id='word_1_220' title='bbox 1144 2581 1237 2635; x_wconf 77' lang='grc' dir='ltr'>καὶ</span> <span class='ocrx_word' id='word_1_221' title='bbox 1261 2580 1359 2649; x_wconf 81' lang='grc' dir='ltr'><strong>οὐχ</strong></span> <span class='ocrx_word' id='word_1_222' title='bbox 1387 2579 1415 2629; x_wconf 91' lang='lat'><strong>6</strong></span> <span class='ocrx_word' id='word_1_223' title='bbox 1451 2574 1622 2646; x_wconf 81' lang='grc' dir='ltr'>μισῶν</span> <span class='ocrx_word' id='word_1_224' title='bbox 1646 2611 1661 2637; x_wconf 94' lang='grc'><strong>,</strong></span> <span class='ocrx_word' id='word_1_225' title='bbox 1709 2572 1823 2663; x_wconf 77' lang='grc' dir='ltr'>ἀλλ’</span> 
     </span>
    </p>
   </div>
   <div class='ocr_carea' id='block_1_30' title="bbox 251 2661 1826 2751">
    <p class='ocr_par' dir='ltr' id='par_1_30' title="bbox 251 2661 1826 2751">
     <span class='ocr_line' id='line_1_30' title="bbox 251 2661 1826 2751; baseline -0.014 -17"><span class='ocrx_word' id='word_1_226' title='bbox 251 2661 281 2734; x_wconf 86' lang='lat'><strong>6</strong></span> <span class='ocrx_word' id='word_1_227' title='bbox 316 2679 500 2751; x_wconf 85' lang='grc' dir='ltr'>μικρῷ</span> <span class='ocrx_word' id='word_1_228' title='bbox 532 2677 765 2749; x_wconf 87' lang='grc' dir='ltr'>πρόσθεν</span> <span class='ocrx_word' id='word_1_229' title='bbox 801 2673 1059 2743; x_wconf 83' lang='grc' dir='ltr'>ἀγαπῶν,</span> <span class='ocrx_word' id='word_1_230' title='bbox 1084 2669 1311 2724; x_wconf 80' lang='grc' dir='ltr'>τοιαῦτα</span> <span class='ocrx_word' id='word_1_231' title='bbox 1334 2667 1451 2721; x_wconf 84' lang='grc' dir='ltr'>κατ’</span> <span class='ocrx_word' id='word_1_232' title='bbox 1482 2663 1614 2735; x_wconf 76' lang='grc' dir='ltr'>ἐμοῦ</span> <span class='ocrx_word' id='word_1_233' title='bbox 1645 2661 1826 2714; x_wconf 84' lang='grc' dir='ltr'>τετόλ-</span> 
     </span>
    </p>
   </div>
   <div class='ocr_carea' id='block_1_31' title="bbox 256 2753 1826 2842">
    <p class='ocr_par' dir='ltr' id='par_1_31' title="bbox 256 2753 1826 2842">
     <span class='ocr_line' id='line_1_31' title="bbox 256 2753 1826 2842; baseline -0.013 -17"><span class='ocrx_word' id='word_1_234' title='bbox 256 2787 457 2842; x_wconf 88' lang='grc' dir='ltr'>μηκεν.</span> <span class='ocrx_word' id='word_1_235' title='bbox 525 2767 668 2838; x_wconf 86' lang='grc' dir='ltr'><strong>Ἐγὼ</strong></span> <span class='ocrx_word' id='word_1_236' title='bbox 708 2767 763 2820; x_wconf 78' lang='grc' dir='ltr'>δὲ</span> <span class='ocrx_word' id='word_1_237' title='bbox 796 2766 955 2818; x_wconf 81' lang='grc' dir='ltr'><strong>πλέον</strong></span> <span class='ocrx_word' id='word_1_238' title='bbox 998 2762 1149 2814; x_wconf 79' lang='grc' dir='ltr'>οὐδὲν</span> <span class='ocrx_word' id='word_1_239' title='bbox 1181 2760 1443 2831; x_wconf 79' lang='grc' dir='ltr'>ἔπραττον</span> <span class='ocrx_word' id='word_1_240' title='bbox 1464 2799 1479 2823; x_wconf 87' lang='grc'><strong>,</strong></span> <span class='ocrx_word' id='word_1_241' title='bbox 1515 2755 1629 2808; x_wconf 83' lang='grc' dir='ltr'>ἀλλ’</span> <span class='ocrx_word' id='word_1_242' title='bbox 1659 2753 1826 2806; x_wconf 71' lang='grc' dir='ltr'>ἐϐόων</span> 
     </span>
    </p>
   </div>
   <div class='ocr_carea' id='block_1_32' title="bbox 252 2844 1819 2932">
    <p class='ocr_par' dir='ltr' id='par_1_32' title="bbox 252 2844 1819 2932">
     <span class='ocr_line' id='line_1_32' title="bbox 252 2844 1819 2932; baseline -0.013 -18"><span class='ocrx_word' id='word_1_243' title='bbox 252 2861 397 2932; x_wconf 82' lang='grc' dir='ltr'>πρὸς</span> <span class='ocrx_word' id='word_1_244' title='bbox 429 2860 522 2912; x_wconf 83' lang='grc' dir='ltr'>τὸν</span> <span class='ocrx_word' id='word_1_245' title='bbox 549 2858 680 2910; x_wconf 85' lang='grc' dir='ltr'>Θεόν</span> <span class='ocrx_word' id='word_1_246' title='bbox 699 2874 711 2887; x_wconf 88' lang='grc'><strong>·</strong></span> <span class='ocrx_word' id='word_1_247' title='bbox 741 2852 883 2924; x_wconf 80' lang='grc' dir='ltr'>εἶχόν</span> <span class='ocrx_word' id='word_1_248' title='bbox 916 2870 974 2905; x_wconf 86' lang='grc' dir='ltr'><strong>τε</strong></span> <span class='ocrx_word' id='word_1_249' title='bbox 1003 2853 1163 2906; x_wconf 81' lang='grc' dir='ltr'>αὑτὸν</span> <span class='ocrx_word' id='word_1_250' title='bbox 1190 2846 1276 2902; x_wconf 73' lang='grc' dir='ltr'>οἷα</span> <span class='ocrx_word' id='word_1_251' title='bbox 1318 2847 1541 2918; x_wconf 78' lang='grc' dir='ltr'>Πατέρα,</span> <span class='ocrx_word' id='word_1_252' title='bbox 1564 2844 1819 2914; x_wconf 80' lang='grc' dir='ltr'>ἐπήκοον.</span> 
     </span>
    </p>
   </div>
   <div class='ocr_carea' id='block_1_33' title="bbox 263 2930 1826 3014">
    <p class='ocr_par' dir='ltr' id='par_1_33' title="bbox 263 2930 1826 3014">
     <span class='ocr_line' id='line_1_33' title="bbox 263 2930 1826 3014; baseline -0.013 -11"><span class='ocrx_word' id='word_1_253' title='bbox 263 2930 435 3002; x_wconf 57' lang='lat' dir='ltr'><strong>vim:</strong></span> <span class='ocrx_word' id='word_1_254' title='bbox 461 2947 557 3000; x_wconf 74' lang='grc' dir='ltr'>καὶ</span> <span class='ocrx_word' id='word_1_255' title='bbox 584 2947 632 2998; x_wconf 88' lang='grc' dir='ltr'>οί</span> <span class='ocrx_word' id='word_1_256' title='bbox 661 2946 756 3014; x_wconf 84' lang='grc' dir='ltr'>μὲν</span> <span class='ocrx_word' id='word_1_257' title='bbox 780 2940 1129 2995; x_wconf 74' lang='grc' dir='ltr'>ἐπεϐούλευον</span> <span class='ocrx_word' id='word_1_258' title='bbox 1151 2938 1294 3008; x_wconf 73' lang='grc' dir='ltr'>ἐμοὶ,</span> <span class='ocrx_word' id='word_1_259' title='bbox 1313 2943 1340 2990; x_wconf 87' lang='lat'><strong>6</strong></span> <span class='ocrx_word' id='word_1_260' title='bbox 1364 2935 1420 2988; x_wconf 85' lang='grc' dir='ltr'>δὲ</span> <span class='ocrx_word' id='word_1_261' title='bbox 1442 2932 1608 2998; x_wconf 79' lang='grc' dir='ltr'>ἔσωζέ</span> <span class='ocrx_word' id='word_1_262' title='bbox 1636 2947 1723 3001; x_wconf 78' lang='grc' dir='ltr'>με’</span> <span class='ocrx_word' id='word_1_263' title='bbox 1747 2930 1826 2984; x_wconf 81' lang='grc' dir='ltr'>διὸ</span> 
     </span>
    </p>
   </div>
   <div class='ocr_carea' id='block_1_34' title="bbox 246 3018 1897 3110">
    <p class='ocr_par' dir='ltr' id='par_1_34' title="bbox 246 3018 1897 3110">
     <span class='ocr_line' id='line_1_34' title="bbox 246 3018 1897 3110; baseline -0.013 -20"><span class='ocrx_word' id='word_1_264' title='bbox 246 3039 315 3091; x_wconf 87' lang='lat'><strong>06</strong></span> <span class='ocrx_word' id='word_1_265' title='bbox 350 3036 634 3104; x_wconf 82' lang='grc' dir='ltr'>παύσομαι</span> <span class='ocrx_word' id='word_1_266' title='bbox 666 3026 902 3101; x_wconf 77' lang='grc' dir='ltr'><strong>ἑσπέρας</strong></span> <span class='ocrx_word' id='word_1_267' title='bbox 929 3028 1022 3082; x_wconf 79' lang='grc' dir='ltr'><strong>καὶ</strong></span> <span class='ocrx_word' id='word_1_268' title='bbox 1052 3028 1195 3098; x_wconf 76' lang='grc' dir='ltr'>πρωὶ</span> <span class='ocrx_word' id='word_1_269' title='bbox 1231 3025 1326 3078; x_wconf 75' lang='grc' dir='ltr'><strong>καὶ</strong></span> <span class='ocrx_word' id='word_1_270' title='bbox 1359 3021 1699 3093; x_wconf 72' lang='grc' dir='ltr'>μεσημϐρίας</span> <span class='ocrx_word' id='word_1_271' title='bbox 1729 3018 1827 3081; x_wconf 84' lang='grc' dir='ltr'><strong>τὰς</strong></span> <span class='ocrx_word' id='word_1_272' title='bbox 1853 3051 1897 3110; x_wconf 72' lang='lat' dir='ltr'>c</span> 
     </span>
    </p>
   </div>
   <div class='ocr_carea' id='block_1_35' title="bbox 247 3112 1827 3196">
    <p class='ocr_par' dir='ltr' id='par_1_35' title="bbox 247 3112 1827 3196">
     <span class='ocr_line' id='line_1_35' title="bbox 247 3112 1827 3196; baseline -0.013 -15"><span class='ocrx_word' id='word_1_273' title='bbox 247 3127 351 3182; x_wconf 79' lang='grc' dir='ltr'>τοῦ</span> <span class='ocrx_word' id='word_1_274' title='bbox 376 3124 593 3196; x_wconf 83' lang='grc' dir='ltr'>Πατρὸς</span> <span class='ocrx_word' id='word_1_275' title='bbox 612 3121 810 3193; x_wconf 77' lang='grc' dir='ltr'>ἀρετὰς</span> <span class='ocrx_word' id='word_1_276' title='bbox 839 3118 1188 3189; x_wconf 84' lang='grc' dir='ltr'>διηγούμενος</span> <span class='ocrx_word' id='word_1_277' title='bbox 1214 3117 1292 3177; x_wconf 81' lang='grc' dir='ltr'>είς</span> <span class='ocrx_word' id='word_1_278' title='bbox 1324 3114 1555 3175; x_wconf 80' lang='grc' dir='ltr'>πάντας,</span> <span class='ocrx_word' id='word_1_279' title='bbox 1588 3112 1827 3162; x_wconf 82' lang='grc' dir='ltr'>εἰσακου-</span> 
     </span>
    </p>
   </div>
   <div class='ocr_carea' id='block_1_36' title="bbox 253 3200 1826 3280">
    <p class='ocr_par' dir='ltr' id='par_1_36' title="bbox 253 3200 1826 3280">
     <span class='ocr_line' id='line_1_36' title="bbox 253 3200 1826 3280; baseline -0.013 -10"><span class='ocrx_word' id='word_1_280' title='bbox 253 3217 383 3270; x_wconf 79' lang='grc' dir='ltr'>στόν</span> <span class='ocrx_word' id='word_1_281' title='bbox 434 3231 496 3266; x_wconf 88' lang='grc' dir='ltr'><strong>τε</strong></span> <span class='ocrx_word' id='word_1_282' title='bbox 552 3215 716 3266; x_wconf 83' lang='grc' dir='ltr'>πᾶσιν</span> <span class='ocrx_word' id='word_1_283' title='bbox 763 3207 1066 3280; x_wconf 86' lang='grc' dir='ltr'>ἀνθρώποις</span> <span class='ocrx_word' id='word_1_284' title='bbox 1112 3205 1395 3277; x_wconf 83' lang='grc' dir='ltr'>κηρύττων</span> <span class='ocrx_word' id='word_1_285' title='bbox 1451 3202 1511 3254; x_wconf 86' lang='lat'><strong>:6</strong></span> <span class='ocrx_word' id='word_1_286' title='bbox 1566 3200 1826 3269; x_wconf 79' lang='grc' dir='ltr'>σωτήριον</span> 
     </span>
    </p>
   </div>
   <div class='ocr_carea' id='block_1_37' title="bbox 252 3290 1829 3375">
    <p class='ocr_par' dir='ltr' id='par_1_37' title="bbox 252 3290 1829 3375">
     <span class='ocr_line' id='line_1_37' title="bbox 252 3290 1829 3375; baseline -0.013 -14"><span class='ocrx_word' id='word_1_287' title='bbox 252 3305 589 3375; x_wconf 83' lang='grc' dir='ltr'>Εὐαγγέλιον</span> <span class='ocrx_word' id='word_1_288' title='bbox 607 3321 621 3334; x_wconf 69' lang='grc' dir='ltr'><strong>ν</strong></span> <span class='ocrx_word' id='word_1_289' title='bbox 656 3304 748 3356; x_wconf 69' lang='grc' dir='ltr'><strong>κού⁴</strong></span> <span class='ocrx_word' id='word_1_290' title='bbox 778 3299 981 3370; x_wconf 84' lang='grc' dir='ltr'>ταύτης</span> <span class='ocrx_word' id='word_1_291' title='bbox 1015 3315 1116 3368; x_wconf 89' lang='grc' dir='ltr'><strong>μου</strong></span> <span class='ocrx_word' id='word_1_292' title='bbox 1147 3297 1242 3367; x_wconf 81' lang='grc' dir='ltr'>τῆς</span> <span class='ocrx_word' id='word_1_293' title='bbox 1268 3294 1448 3364; x_wconf 83' lang='grc' dir='ltr'>φωνῆς</span> <span class='ocrx_word' id='word_1_294' title='bbox 1470 3290 1775 3351; x_wconf 81' lang='grc' dir='ltr'>ἐπακούσας</span> <span class='ocrx_word' id='word_1_295' title='bbox 1799 3290 1829 3341; x_wconf 90' lang='lat'><strong>6</strong></span> 
     </span>
    </p>
   </div>
   <div class='ocr_carea' id='block_1_38' title="bbox 253 3376 1827 3467">
    <p class='ocr_par' dir='ltr' id='par_1_38' title="bbox 253 3376 1827 3467">
     <span class='ocr_line' id='line_1_38' title="bbox 253 3376 1827 3467; baseline -0.014 -17"><span class='ocrx_word' id='word_1_296' title='bbox 253 3396 452 3467; x_wconf 80' lang='grc' dir='ltr'>Πατὴρ</span> <span class='ocrx_word' id='word_1_297' title='bbox 470 3436 486 3461; x_wconf 86' lang='grc'><strong>,</strong></span> <span class='ocrx_word' id='word_1_298' title='bbox 515 3392 880 3461; x_wconf 77' lang='grc' dir='ltr'>λυτρώσεται</span> <span class='ocrx_word' id='word_1_299' title='bbox 900 3389 970 3442; x_wconf 82' lang='grc' dir='ltr'>ἐν</span> <span class='ocrx_word' id='word_1_300' title='bbox 984 3385 1191 3454; x_wconf 72' lang='grc' dir='ltr'>εἰρήνῃ</span> <span class='ocrx_word' id='word_1_301' title='bbox 1214 3383 1327 3451; x_wconf 82' lang='grc' dir='ltr'>τὴν</span> <span class='ocrx_word' id='word_1_302' title='bbox 1346 3380 1555 3450; x_wconf 73' lang='grc' dir='ltr'>ψυχήν</span> <span class='ocrx_word' id='word_1_303' title='bbox 1569 3395 1687 3447; x_wconf 78' lang='grc' dir='ltr'><strong>μου</strong></span> <span class='ocrx_word' id='word_1_304' title='bbox 1710 3376 1827 3467; x_wconf 63' lang='grc' dir='ltr'><strong>ἀπο</strong></span> 
     </span>
    </p>
   </div>
   <div class='ocr_carea' id='block_1_39' title="bbox 252 3465 1829 3557">
    <p class='ocr_par' dir='ltr' id='par_1_39' title="bbox 252 3465 1829 3557">
     <span class='ocr_line' id='line_1_39' title="bbox 252 3465 1829 3557; baseline -0.016 -14"><span class='ocrx_word' id='word_1_305' title='bbox 252 3487 377 3543; x_wconf 79' lang='grc' dir='ltr'><strong>τῶν</strong></span> <span class='ocrx_word' id='word_1_306' title='bbox 397 3465 745 3557; x_wconf 55' lang='grc' dir='ltr'>ἐγγιζόντων</span> <span class='ocrx_word' id='word_1_307' title='bbox 763 3498 887 3551; x_wconf 80' lang='grc' dir='ltr'>μοι,</span> <span class='ocrx_word' id='word_1_308' title='bbox 924 3476 1199 3531; x_wconf 79' lang='grc' dir='ltr'>τουτέστιν</span> <span class='ocrx_word' id='word_1_309' title='bbox 1220 3474 1329 3527; x_wconf 82' lang='grc' dir='ltr'>ἀπὸ</span> <span class='ocrx_word' id='word_1_310' title='bbox 1349 3471 1455 3525; x_wconf 82' lang='grc' dir='ltr'><strong>τῶν</strong></span> <span class='ocrx_word' id='word_1_311' title='bbox 1477 3468 1703 3538; x_wconf 75' lang='grc' dir='ltr'>ἐγγύθεν</span> <span class='ocrx_word' id='word_1_312' title='bbox 1733 3465 1829 3520; x_wconf 76' lang='grc' dir='ltr'>καὶ</span> 
     </span>
    </p>
   </div>
   <div class='ocr_carea' id='block_1_40' title="bbox 253 3557 1825 3651">
    <p class='ocr_par' dir='ltr' id='par_1_40' title="bbox 253 3557 1825 3651">
     <span class='ocr_line' id='line_1_40' title="bbox 253 3557 1825 3651; baseline -0.017 -16"><span class='ocrx_word' id='word_1_313' title='bbox 253 3575 617 3651; x_wconf 75' lang='grc' dir='ltr'>οὐπόρῤωθέν</span> <span class='ocrx_word' id='word_1_314' title='bbox 641 3590 707 3644; x_wconf 85' lang='grc' dir='ltr'><strong>με</strong></span> <span class='ocrx_word' id='word_1_315' title='bbox 745 3569 1119 3640; x_wconf 83' lang='grc' dir='ltr'>πολεμούντων</span> <span class='ocrx_word' id='word_1_316' title='bbox 1136 3582 1150 3596; x_wconf 74' lang='grc' dir='ltr'><strong><em>ο</em></strong></span> <span class='ocrx_word' id='word_1_317' title='bbox 1167 3558 1502 3633; x_wconf 77' lang='grc' dir='ltr'>οἶτινεςῆσαν</span> <span class='ocrx_word' id='word_1_318' title='bbox 1520 3557 1825 3612; x_wconf 78' lang='grc' dir='ltr'>πολλοστοίο</span> 
     </span>
    </p>
   </div>
   <div class='ocr_carea' id='block_1_41' title="bbox 255 3651 1829 3736">
    <p class='ocr_par' dir='ltr' id='par_1_41' title="bbox 255 3651 1829 3736">
     <span class='ocr_line' id='line_1_41' title="bbox 255 3651 1829 3736; baseline -0.014 -8"><span class='ocrx_word' id='word_1_319' title='bbox 255 3673 351 3736; x_wconf 78' lang='grc' dir='ltr'><strong>οὓς</strong></span> <span class='ocrx_word' id='word_1_320' title='bbox 398 3671 497 3725; x_wconf 71' lang='grc' dir='ltr'>καὶ</span> <span class='ocrx_word' id='word_1_321' title='bbox 543 3665 863 3722; x_wconf 83' lang='grc' dir='ltr'>ταπεινώσει</span> <span class='ocrx_word' id='word_1_322' title='bbox 893 3665 921 3717; x_wconf 87' lang='lat'><strong>6</strong></span> <span class='ocrx_word' id='word_1_323' title='bbox 953 3659 1320 3733; x_wconf 82' lang='grc' dir='ltr'>προῦπάρχων</span> <span class='ocrx_word' id='word_1_324' title='bbox 1348 3655 1454 3726; x_wconf 81' lang='grc' dir='ltr'>πρὸ</span> <span class='ocrx_word' id='word_1_325' title='bbox 1479 3654 1586 3707; x_wconf 86' lang='grc' dir='ltr'><strong>τῶν</strong></span> <span class='ocrx_word' id='word_1_326' title='bbox 1618 3651 1829 3707; x_wconf 78' lang='grc' dir='ltr'>αἰώνων</span> 
     </span>
    </p>
   </div>
   <div class='ocr_carea' id='block_1_42' title="bbox 256 3744 1829 3829">
    <p class='ocr_par' dir='ltr' id='par_1_42' title="bbox 256 3744 1829 3829">
     <span class='ocr_line' id='line_1_42' title="bbox 256 3744 1829 3829; baseline -0.015 -11"><span class='ocrx_word' id='word_1_327' title='bbox 256 3762 412 3827; x_wconf 80' lang='grc' dir='ltr'>Θεὸς.</span> <span class='ocrx_word' id='word_1_328' title='bbox 444 3760 581 3815; x_wconf 80' lang='grc' dir='ltr'><strong>Οὐδὲ</strong></span> <span class='ocrx_word' id='word_1_329' title='bbox 604 3758 712 3828; x_wconf 82' lang='grc' dir='ltr'><strong>γὰρ</strong></span> <span class='ocrx_word' id='word_1_330' title='bbox 739 3754 932 3829; x_wconf 77' lang='grc' dir='ltr'>ἡπρὸς</span> <span class='ocrx_word' id='word_1_331' title='bbox 953 3753 1130 3821; x_wconf 80' lang='grc' dir='ltr'><strong>ὀλίγον</strong></span> <span class='ocrx_word' id='word_1_332' title='bbox 1149 3750 1329 3810; x_wconf 80' lang='grc' dir='ltr'>αὐτοῖς</span> <span class='ocrx_word' id='word_1_333' title='bbox 1357 3745 1618 3815; x_wconf 77' lang='grc' dir='ltr'>γενομένη</span> <span class='ocrx_word' id='word_1_334' title='bbox 1642 3744 1829 3797; x_wconf 82' lang='grc' dir='ltr'>εὐκαι-</span> 
     </span>
    </p>
   </div>
   <div class='ocr_carea' id='block_1_43' title="bbox 258 3837 1829 3930">
    <p class='ocr_par' dir='ltr' id='par_1_43' title="bbox 258 3837 1829 3930">
     <span class='ocr_line' id='line_1_43' title="bbox 258 3837 1829 3930; baseline -0.017 -16"><span class='ocrx_word' id='word_1_335' title='bbox 258 3859 353 3930; x_wconf 87' lang='grc' dir='ltr'>ρία</span> <span class='ocrx_word' id='word_1_336' title='bbox 371 3899 386 3921; x_wconf 93' lang='grc'><strong>,</strong></span> <span class='ocrx_word' id='word_1_337' title='bbox 443 3854 566 3910; x_wconf 83' lang='grc' dir='ltr'>καθ’</span> <span class='ocrx_word' id='word_1_338' title='bbox 594 3855 662 3923; x_wconf 80' lang='grc' dir='ltr'>ἢν</span> <span class='ocrx_word' id='word_1_339' title='bbox 714 3846 1164 3921; x_wconf 79' lang='grc' dir='ltr'>ὲμεγαλαύχησαν</span> <span class='ocrx_word' id='word_1_340' title='bbox 1186 3882 1202 3908; x_wconf 95' lang='grc'><strong>,</strong></span> <span class='ocrx_word' id='word_1_341' title='bbox 1255 3842 1347 3895; x_wconf 78' lang='grc' dir='ltr'><strong>καὶ</strong></span> <span class='ocrx_word' id='word_1_342' title='bbox 1378 3839 1703 3911; x_wconf 72' lang='grc' dir='ltr'>ἐπλήρωσαν</span> <span class='ocrx_word' id='word_1_343' title='bbox 1730 3837 1829 3907; x_wconf 78' lang='grc' dir='ltr'>τὴν</span> 
     </span>
    </p>
   </div>
   <div class='ocr_carea' id='block_1_44' title="bbox 257 3929 1831 4013">
    <p class='ocr_par' dir='ltr' id='par_1_44' title="bbox 257 3929 1831 4013">
     <span class='ocr_line' id='line_1_44' title="bbox 257 3929 1831 4013; baseline -0.017 -8"><span class='ocrx_word' id='word_1_344' title='bbox 257 3929 476 4004; x_wconf 61' lang='grc' dir='ltr'>ἑαυτῶν</span> <span class='ocrx_word' id='word_1_345' title='bbox 528 3946 682 4000; x_wconf 83' lang='grc' dir='ltr'>πόλιν</span> <span class='ocrx_word' id='word_1_346' title='bbox 718 3941 944 4013; x_wconf 80' lang='grc' dir='ltr'>ἀνομίας</span> <span class='ocrx_word' id='word_1_347' title='bbox 993 3939 1086 3992; x_wconf 75' lang='grc' dir='ltr'><strong>καὶ</strong></span> <span class='ocrx_word' id='word_1_348' title='bbox 1134 3933 1438 4002; x_wconf 82' lang='grc' dir='ltr'>ἀντιλογίας</span> <span class='ocrx_word' id='word_1_349' title='bbox 1457 3970 1472 3996; x_wconf 93' lang='grc'><strong>,</strong></span> <span class='ocrx_word' id='word_1_350' title='bbox 1527 3929 1831 4000; x_wconf 84' lang='grc' dir='ltr'>παραμενεῖ</span> 
     </span>
    </p>
   </div>
   <div class='ocr_carea' id='block_1_45' title="bbox 255 4015 1828 4104">
    <p class='ocr_par' dir='ltr' id='par_1_45' title="bbox 255 4015 1828 4104">
     <span class='ocr_line' id='line_1_45' title="bbox 255 4015 1828 4104; baseline -0.019 -7"><span class='ocrx_word' id='word_1_351' title='bbox 255 4044 450 4104; x_wconf 75' lang='grc' dir='ltr'>αὐτοῖς</span> <span class='ocrx_word' id='word_1_352' title='bbox 469 4056 485 4070; x_wconf 89' lang='grc'><strong>·</strong></span> <span class='ocrx_word' id='word_1_353' title='bbox 525 4039 647 4091; x_wconf 82' lang='grc' dir='ltr'>ὅσον</span> <span class='ocrx_word' id='word_1_354' title='bbox 673 4035 732 4088; x_wconf 82' lang='grc' dir='ltr'>δὲ</span> <span class='ocrx_word' id='word_1_355' title='bbox 754 4032 907 4087; x_wconf 75' lang='grc' dir='ltr'>οὖπω</span> <span class='ocrx_word' id='word_1_356' title='bbox 932 4026 1456 4097; x_wconf 74' lang='grc' dir='ltr'>ταπεινωθήσονται,</span> <span class='ocrx_word' id='word_1_357' title='bbox 1490 4021 1588 4092; x_wconf 79' lang='grc' dir='ltr'><strong>τῆς</strong></span> <span class='ocrx_word' id='word_1_358' title='bbox 1612 4022 1676 4072; x_wconf 78' lang='grc' dir='ltr'>ὲκ</span> <span class='ocrx_word' id='word_1_359' title='bbox 1694 4015 1828 4069; x_wconf 81' lang='grc' dir='ltr'><strong>Θεοῦ</strong></span> 
     </span>
    </p>
   </div>
   <div class='ocr_carea' id='block_1_46' title="bbox 256 4108 1826 4205">
    <p class='ocr_par' dir='ltr' id='par_1_46' title="bbox 256 4108 1826 4205">
     <span class='ocr_line' id='line_1_46' title="bbox 256 4108 1826 4205; baseline -0.019 -18"><span class='ocrx_word' id='word_1_360' title='bbox 256 4133 435 4205; x_wconf 82' lang='grc' dir='ltr'>ὀργῆς</span> <span class='ocrx_word' id='word_1_361' title='bbox 470 4125 929 4201; x_wconf 79' lang='grc' dir='ltr'>μετελευσομένης</span> <span class='ocrx_word' id='word_1_362' title='bbox 963 4120 1159 4182; x_wconf 78' lang='grc' dir='ltr'><strong>αὐτοὺς</strong></span> <span class='ocrx_word' id='word_1_363' title='bbox 1185 4116 1279 4169; x_wconf 76' lang='grc' dir='ltr'><strong>καὶ</strong></span> <span class='ocrx_word' id='word_1_364' title='bbox 1306 4115 1406 4185; x_wconf 84' lang='grc' dir='ltr'>τὴν</span> <span class='ocrx_word' id='word_1_365' title='bbox 1430 4112 1580 4165; x_wconf 85' lang='grc' dir='ltr'>πόλιν</span> <span class='ocrx_word' id='word_1_366' title='bbox 1619 4108 1826 4171; x_wconf 78' lang='grc' dir='ltr'>αὐτῶν,</span> 
     </span>
    </p>
   </div>
   <div class='ocr_carea' id='block_1_47' title="bbox 252 4197 1831 4287">
    <p class='ocr_par' dir='ltr' id='par_1_47' title="bbox 252 4197 1831 4287">
     <span class='ocr_line' id='line_1_47' title="bbox 252 4197 1831 4287; baseline -0.02 -7"><span class='ocrx_word' id='word_1_367' title='bbox 252 4197 579 4287; x_wconf 24' lang='grc' dir='ltr'>ώςνκαὶττὸν</span> <span class='ocrx_word' id='word_1_368' title='bbox 603 4221 659 4272; x_wconf 78' lang='grc' dir='ltr'>ἐν</span> <span class='ocrx_word' id='word_1_369' title='bbox 689 4217 826 4285; x_wconf 75' lang='grc' dir='ltr'><strong>αὐτῇ</strong></span> <span class='ocrx_word' id='word_1_370' title='bbox 869 4211 1148 4280; x_wconf 77' lang='grc' dir='ltr'>διαϐόητον</span> <span class='ocrx_word' id='word_1_371' title='bbox 1176 4206 1308 4260; x_wconf 84' lang='grc' dir='ltr'>νεὼν</span> <span class='ocrx_word' id='word_1_372' title='bbox 1352 4199 1708 4272; x_wconf 78' lang='grc' dir='ltr'>ἀφανισθῆναι</span> <span class='ocrx_word' id='word_1_373' title='bbox 1738 4197 1831 4251; x_wconf 78' lang='grc' dir='ltr'>καὶ</span> 
     </span>
    </p>
   </div>
   <div class='ocr_carea' id='block_1_48' title="bbox 256 4288 1834 4381">
    <p class='ocr_par' dir='ltr' id='par_1_48' title="bbox 256 4288 1834 4381">
     <span class='ocr_line' id='line_1_48' title="bbox 256 4288 1834 4381; baseline -0.019 -10"><span class='ocrx_word' id='word_1_374' title='bbox 256 4318 443 4370; x_wconf 77' lang='grc' dir='ltr'>πᾶσαν</span> <span class='ocrx_word' id='word_1_375' title='bbox 480 4312 576 4381; x_wconf 83' lang='grc' dir='ltr'>τὴν</span> <span class='ocrx_word' id='word_1_376' title='bbox 614 4312 671 4363; x_wconf 79' lang='grc' dir='ltr'>ὲν</span> <span class='ocrx_word' id='word_1_377' title='bbox 710 4304 857 4375; x_wconf 81' lang='grc' dir='ltr'>αὐτῷ</span> <span class='ocrx_word' id='word_1_378' title='bbox 886 4299 1304 4370; x_wconf 69' lang='grc' dir='ltr'>ἐπιτελουμένην</span> <span class='ocrx_word' id='word_1_379' title='bbox 1331 4293 1581 4366; x_wconf 88' lang='grc' dir='ltr'>λατρείαν</span> <span class='ocrx_word' id='word_1_380' title='bbox 1609 4288 1834 4381; x_wconf 84' lang='grc' dir='ltr'>καταλυ-</span> 
     </span>
    </p>
   </div>
   <div class='ocr_carea' id='block_1_49' title="bbox 256 4391 1102 4478">
    <p class='ocr_par' dir='ltr' id='par_1_49' title="bbox 256 4391 1102 4478">
     <span class='ocr_line' id='line_1_49' title="bbox 256 4391 1102 4478; baseline -0.011 -18"><span class='ocrx_word' id='word_1_381' title='bbox 256 4401 659 4478; x_wconf 78' lang='grc' dir='ltr'><strong>θῆναι.’οὖτως</strong></span> <span class='ocrx_word' id='word_1_382' title='bbox 690 4393 803 4459; x_wconf 77' lang='grc' dir='ltr'>οὖν,</span> <span class='ocrx_word' id='word_1_383' title='bbox 831 4395 931 4465; x_wconf 84' lang='grc' dir='ltr'><strong>τῆς</strong></span> <span class='ocrx_word' id='word_1_384' title='bbox 967 4391 1102 4462; x_wconf 80' lang='grc' dir='ltr'><strong>ὲμῆς</strong></span> 
     </span>
    </p>
   </div>
   <div class='ocr_carea' id='block_1_50' title="bbox 254 4486 825 4550">
    <p class='ocr_par' dir='ltr' id='par_1_50' title="bbox 254 4486 825 4550">
     <span class='ocr_line' id='line_1_50' title="bbox 254 4486 825 4550; baseline -0.023 0"><span class='ocrx_word' id='word_1_385' title='bbox 254 4491 591 4550; x_wconf 83' lang='grc' dir='ltr'>ταπεινώσει</span> <span class='ocrx_word' id='word_1_386' title='bbox 614 4486 825 4548; x_wconf 84' lang='grc' dir='ltr'>αὐτούς.</span> 
     </span>
    </p>
   </div>
   <div class='ocr_carea' id='block_1_51' title="bbox 333 4556 1833 4649">
    <p class='ocr_par' dir='ltr' id='par_1_51' title="bbox 333 4556 1833 4649">
     <span class='ocr_line' id='line_1_51' title="bbox 333 4556 1833 4649; baseline -0.021 -11"><span class='ocrx_word' id='word_1_387' title='bbox 333 4587 423 4638; x_wconf 83' lang='grc' dir='ltr'><strong>Οὐ</strong></span> <span class='ocrx_word' id='word_1_388' title='bbox 479 4577 590 4649; x_wconf 74' lang='grc' dir='ltr'>γάρ</span> <span class='ocrx_word' id='word_1_389' title='bbox 638 4578 809 4630; x_wconf 81' lang='grc' dir='ltr'>ἐστιν</span> <span class='ocrx_word' id='word_1_390' title='bbox 846 4568 1050 4633; x_wconf 83' lang='grc' dir='ltr'>αὐτοῖς</span> <span class='ocrx_word' id='word_1_391' title='bbox 1092 4562 1505 4630; x_wconf 73' lang='grc' dir='ltr'><strong>ἀντάλλαγμα,</strong></span> <span class='ocrx_word' id='word_1_392' title='bbox 1567 4557 1666 4611; x_wconf 75' lang='grc' dir='ltr'><strong>καί</strong></span> <span class='ocrx_word' id='word_1_393' title='bbox 1723 4556 1833 4608; x_wconf 83' lang='grc' dir='ltr'><strong>οὐκ</strong></span> 
     </span>
    </p>
   </div>
   <div class='ocr_carea' id='block_1_52' title="bbox 256 4647 1834 4749">
    <p class='ocr_par' dir='ltr' id='par_1_52' title="bbox 256 4647 1834 4749">
     <span class='ocr_line' id='line_1_52' title="bbox 256 4647 1834 4749; baseline -0.023 -15"><span class='ocrx_word' id='word_1_394' title='bbox 256 4647 659 4749; x_wconf 64' lang='grc' dir='ltr'>ἐφοϐήθησαν</span> <span class='ocrx_word' id='word_1_395' title='bbox 706 4668 812 4723; x_wconf 79' lang='grc' dir='ltr'>τὸν</span> <span class='ocrx_word' id='word_1_396' title='bbox 851 4665 1019 4726; x_wconf 79' lang='grc' dir='ltr'>Θεὸν,</span> <span class='ocrx_word' id='word_1_397' title='bbox 1054 4660 1148 4715; x_wconf 75' lang='grc' dir='ltr'>καὶ</span> <span class='ocrx_word' id='word_1_398' title='bbox 1192 4657 1259 4711; x_wconf 84' lang='grc' dir='ltr'><strong>τὰ</strong></span> <span class='ocrx_word' id='word_1_399' title='bbox 1307 4655 1452 4724; x_wconf 80' lang='grc' dir='ltr'><strong>ἑξῆς.</strong></span> <span class='ocrx_word' id='word_1_400' title='bbox 1498 4647 1834 4749; x_wconf 71' lang='grc' dir='ltr'>Ταπεινώσει</span> 
     </span>
    </p>
   </div>
   <div class='ocr_carea' id='block_1_53' title="bbox 254 4738 1835 4837">
    <p class='ocr_par' dir='ltr' id='par_1_53' title="bbox 254 4738 1835 4837">
     <span class='ocr_line' id='line_1_53' title="bbox 254 4738 1835 4837; baseline -0.023 -11"><span class='ocrx_word' id='word_1_401' title='bbox 254 4738 389 4833; x_wconf 74' lang='lat'><strong>:66;</strong></span> <span class='ocrx_word' id='word_1_402' title='bbox 421 4738 817 4837; x_wconf 55' lang='grc' dir='ltr'>πώλεχθέντας</span> <span class='ocrx_word' id='word_1_403' title='bbox 860 4753 1073 4816; x_wconf 78' lang='grc' dir='ltr'>ἀσεϐεῖς</span> <span class='ocrx_word' id='word_1_404' title='bbox 1105 4753 1135 4805; x_wconf 90' lang='lat'><strong>6</strong></span> <span class='ocrx_word' id='word_1_405' title='bbox 1166 4745 1535 4837; x_wconf 72' lang='grc' dir='ltr'>προῦπάρχων</span> <span class='ocrx_word' id='word_1_406' title='bbox 1578 4740 1686 4812; x_wconf 85' lang='grc' dir='ltr'>πρὸ</span> <span class='ocrx_word' id='word_1_407' title='bbox 1715 4738 1835 4837; x_wconf 54' lang='grc' dir='ltr'>τῶν</span> 
     </span>
    </p>
   </div>
   <div class='ocr_carea' id='block_1_54' title="bbox 256 4828 1835 4916">
    <p class='ocr_par' dir='ltr' id='par_1_54' title="bbox 256 4828 1835 4916">
     <span class='ocr_line' id='line_1_54' title="bbox 256 4828 1835 4916; baseline -0.023 -1"><span class='ocrx_word' id='word_1_408' title='bbox 256 4859 482 4915; x_wconf 73' lang='grc' dir='ltr'>αἰώνων</span> <span class='ocrx_word' id='word_1_409' title='bbox 514 4854 644 4916; x_wconf 88' lang='grc' dir='ltr'>Θεός</span> <span class='ocrx_word' id='word_1_410' title='bbox 663 4845 937 4902; x_wconf 76' lang='grc' dir='ltr'>’.ἔσονταί</span> <span class='ocrx_word' id='word_1_411' title='bbox 971 4860 1033 4897; x_wconf 89' lang='grc' dir='ltr'><strong>τε</strong></span> <span class='ocrx_word' id='word_1_412' title='bbox 1078 4839 1324 4895; x_wconf 78' lang='grc' dir='ltr'>ταπεινοὶ</span> <span class='ocrx_word' id='word_1_413' title='bbox 1366 4837 1459 4889; x_wconf 74' lang='grc' dir='ltr'>καὶ</span> <span class='ocrx_word' id='word_1_414' title='bbox 1496 4828 1835 4902; x_wconf 78' lang='grc' dir='ltr'>διαμενοῦσιν</span> 
     </span>
    </p>
   </div>
   <div class='ocr_carea' id='block_1_55' title="bbox 253 5104 1839 5203">
    <p class='ocr_par' dir='ltr' id='par_1_55' title="bbox 253 5104 1839 5203">
     <span class='ocr_line' id='line_1_55' title="bbox 253 5104 1839 5203; baseline -0.021 -16"><span class='ocrx_word' id='word_1_415' title='bbox 253 5130 467 5203; x_wconf 84' lang='grc' dir='ltr'>λύτρον</span> <span class='ocrx_word' id='word_1_416' title='bbox 488 5124 679 5181; x_wconf 73' lang='grc' dir='ltr'>ἑαυτὸν</span> <span class='ocrx_word' id='word_1_417' title='bbox 696 5122 868 5186; x_wconf 77' lang='grc' dir='ltr'>διδοὺς</span> <span class='ocrx_word' id='word_1_418' title='bbox 889 5119 982 5173; x_wconf 73' lang='grc' dir='ltr'>καὶ</span> <span class='ocrx_word' id='word_1_419' title='bbox 1001 5114 1351 5183; x_wconf 80' lang='grc' dir='ltr'>ἀντάλλαγμα</span> <span class='ocrx_word' id='word_1_420' title='bbox 1375 5105 1644 5203; x_wconf 64' lang='grc' dir='ltr'>ύπὲρτῶν</span> <span class='ocrx_word' id='word_1_421' title='bbox 1663 5104 1839 5203; x_wconf 79' lang='grc' dir='ltr'>ἀμαρ-</span> 
     </span>
    </p>
   </div>
   <div class='ocr_carea' id='block_1_56' title="bbox 253 5196 1835 5286">
    <p class='ocr_par' dir='ltr' id='par_1_56' title="bbox 253 5196 1835 5286">
     <span class='ocr_line' id='line_1_56' title="bbox 253 5196 1835 5286; baseline -0.02 -9"><span class='ocrx_word' id='word_1_422' title='bbox 253 5196 480 5283; x_wconf 71' lang='grc' dir='ltr'>τωλῶν,</span> <span class='ocrx_word' id='word_1_423' title='bbox 500 5217 628 5279; x_wconf 76' lang='grc' dir='ltr'>τοὺς</span> <span class='ocrx_word' id='word_1_424' title='bbox 656 5215 754 5286; x_wconf 79' lang='grc' dir='ltr'>μὲν</span> <span class='ocrx_word' id='word_1_425' title='bbox 780 5213 860 5277; x_wconf 81' lang='grc' dir='ltr'><strong>είς</strong></span> <span class='ocrx_word' id='word_1_426' title='bbox 882 5208 1041 5264; x_wconf 74' lang='grc' dir='ltr'>αὑτὸν</span> <span class='ocrx_word' id='word_1_427' title='bbox 1069 5199 1493 5261; x_wconf 84' lang='grc' dir='ltr'>πεπιστευκότας</span> <span class='ocrx_word' id='word_1_428' title='bbox 1516 5196 1835 5286; x_wconf 76' lang='grc' dir='ltr'>ἐξηγόρασε,</span> 
     </span>
    </p>
   </div>
   <div class='ocr_carea' id='block_1_57' title="bbox 256 5284 1839 5369">
    <p class='ocr_par' dir='ltr' id='par_1_57' title="bbox 256 5284 1839 5369">
     <span class='ocr_line' id='line_1_57' title="bbox 256 5284 1839 5369; baseline -0.02 -3"><span class='ocrx_word' id='word_1_429' title='bbox 256 5312 491 5366; x_wconf 78' lang='grc' dir='ltr'>πάντων</span> <span class='ocrx_word' id='word_1_430' title='bbox 513 5323 576 5360; x_wconf 89' lang='grc' dir='ltr'><strong>τε</strong></span> <span class='ocrx_word' id='word_1_431' title='bbox 596 5284 793 5366; x_wconf 68' lang='grc' dir='ltr'>αὖτοὺς</span> <span class='ocrx_word' id='word_1_432' title='bbox 813 5299 923 5353; x_wconf 85' lang='grc' dir='ltr'>τῶν</span> <span class='ocrx_word' id='word_1_433' title='bbox 952 5294 1231 5369; x_wconf 81' lang='grc' dir='ltr'>προτέρων</span> <span class='ocrx_word' id='word_1_434' title='bbox 1256 5287 1665 5361; x_wconf 79' lang='grc' dir='ltr'>ἁμαρτημάτων</span> <span class='ocrx_word' id='word_1_435' title='bbox 1691 5284 1839 5354; x_wconf 78' lang='grc' dir='ltr'>ἠλευ-</span> 
     </span>
    </p>
   </div>
   <div class='ocr_carea' id='block_1_58' title="bbox 256 5376 1837 5473">
    <p class='ocr_par' dir='ltr' id='par_1_58' title="bbox 256 5376 1837 5473">
     <span class='ocr_line' id='line_1_58' title="bbox 256 5376 1837 5473; baseline -0.022 -16"><span class='ocrx_word' id='word_1_436' title='bbox 256 5401 547 5473; x_wconf 76' lang='grc' dir='ltr'>θέρωσεν·</span> <span class='ocrx_word' id='word_1_437' title='bbox 579 5397 707 5458; x_wconf 79' lang='grc' dir='ltr'>τοὺς</span> <span class='ocrx_word' id='word_1_438' title='bbox 741 5392 801 5446; x_wconf 76' lang='grc' dir='ltr'>δὲ</span> <span class='ocrx_word' id='word_1_439' title='bbox 833 5390 985 5444; x_wconf 81' lang='grc' dir='ltr'>εῐασε</span> <span class='ocrx_word' id='word_1_440' title='bbox 1014 5383 1326 5445; x_wconf 77' lang='grc' dir='ltr'>ταπεινοὺς,</span> <span class='ocrx_word' id='word_1_441' title='bbox 1381 5377 1504 5431; x_wconf 74' lang='grc' dir='ltr'>ἐπεὶ</span> <span class='ocrx_word' id='word_1_442' title='bbox 1550 5376 1837 5473; x_wconf 45' lang='grc' dir='ltr'>μὴῌπροσ-</span> 
     </span>
    </p>
   </div>
   <div class='ocr_carea' id='block_1_59' title="bbox 257 5464 1838 5567">
    <p class='ocr_par' dir='ltr' id='par_1_59' title="bbox 257 5464 1838 5567">
     <span class='ocr_line' id='line_1_59' title="bbox 257 5464 1838 5567; baseline -0.022 -17"><span class='ocrx_word' id='word_1_443' title='bbox 257 5464 478 5567; x_wconf 56' lang='lat' dir='ltr'><strong>11an</strong></span> <span class='ocrx_word' id='word_1_444' title='bbox 520 5489 622 5561; x_wconf 82' lang='grc' dir='ltr'>τὴν</span> <span class='ocrx_word' id='word_1_445' title='bbox 651 5485 790 5555; x_wconf 70' lang='grc' dir='ltr'>ὑπὲρ</span> <span class='ocrx_word' id='word_1_446' title='bbox 836 5479 1014 5536; x_wconf 82' lang='grc' dir='ltr'>αὐτῶν</span> <span class='ocrx_word' id='word_1_447' title='bbox 1043 5475 1286 5531; x_wconf 79' lang='grc' dir='ltr'>δοθεῖσαν</span> <span class='ocrx_word' id='word_1_448' title='bbox 1320 5469 1504 5567; x_wconf 72' lang='grc' dir='ltr'>τιμὴν,</span> <span class='ocrx_word' id='word_1_449' title='bbox 1542 5464 1838 5567; x_wconf 30' lang='grc' dir='ltr'>μηδὲέπί-</span> 
     </span>
    </p>
   </div>
   <div class='ocr_carea' id='block_1_60' title="bbox 264 5553 1838 5643">
    <p class='ocr_par' dir='ltr' id='par_1_60' title="bbox 264 5553 1838 5643">
     <span class='ocr_line' id='line_1_60' title="bbox 264 5553 1838 5643; baseline -0.021 -6"><span class='ocrx_word' id='word_1_450' title='bbox 264 5553 511 5637; x_wconf 59' lang='grc' dir='ltr'>έτευσαν</span> <span class='ocrx_word' id='word_1_451' title='bbox 548 5553 629 5640; x_wconf 69' lang='grc' dir='ltr'>είς</span> <span class='ocrx_word' id='word_1_452' title='bbox 669 5574 734 5628; x_wconf 87' lang='lat'><strong>:6</strong></span> <span class='ocrx_word' id='word_1_453' title='bbox 758 5553 947 5643; x_wconf 68' lang='grc' dir='ltr'>τίμιον</span> <span class='ocrx_word' id='word_1_454' title='bbox 978 5564 1118 5638; x_wconf 77' lang='grc' dir='ltr'>αἷμα</span> <span class='ocrx_word' id='word_1_455' title='bbox 1153 5564 1248 5617; x_wconf 79' lang='grc' dir='ltr'>τοῦ</span> <span class='ocrx_word' id='word_1_456' title='bbox 1293 5560 1509 5615; x_wconf 82' lang='grc' dir='ltr'>πάντων</span> <span class='ocrx_word' id='word_1_457' title='bbox 1539 5553 1838 5627; x_wconf 87' lang='grc' dir='ltr'>ἀνθρώπων</span> 
     </span>
    </p>
   </div>
   <div class='ocr_carea' id='block_1_61' title="bbox 266 5645 1836 5741">
    <p class='ocr_par' dir='ltr' id='par_1_61' title="bbox 266 5645 1836 5741">
     <span class='ocr_line' id='line_1_61' title="bbox 266 5645 1836 5741; baseline -0.022 -12"><span class='ocrx_word' id='word_1_458' title='bbox 266 5668 568 5741; x_wconf 77' lang='grc' dir='ltr'>Λυτρωτοῦ</span> <span class='ocrx_word' id='word_1_459' title='bbox 598 5666 692 5722; x_wconf 63' lang='grc' dir='ltr'><strong>κα)⁵</strong></span> <span class='ocrx_word' id='word_1_460' title='bbox 723 5663 989 5731; x_wconf 78' lang='grc' dir='ltr'>Σωτῆρος.</span> <span class='ocrx_word' id='word_1_461' title='bbox 1024 5657 1114 5712; x_wconf 76' lang='grc' dir='ltr'><strong>Διό</strong></span> <span class='ocrx_word' id='word_1_462' title='bbox 1154 5670 1285 5726; x_wconf 82' lang='grc' dir='ltr'>φησι</span> <span class='ocrx_word' id='word_1_463' title='bbox 1319 5652 1447 5721; x_wconf 76' lang='grc' dir='ltr'>περὶ</span> <span class='ocrx_word' id='word_1_464' title='bbox 1489 5645 1666 5704; x_wconf 81' lang='grc' dir='ltr'>αὐτῶν</span> <span class='ocrx_word' id='word_1_465' title='bbox 1691 5646 1718 5697; x_wconf 82' lang='lat'><strong>6</strong></span> <span class='ocrx_word' id='word_1_466' title='bbox 1750 5645 1836 5697; x_wconf 84' lang='grc' dir='ltr'><strong>λό-</strong></span> 
     </span>
    </p>
   </div>
   <div class='ocr_carea' id='block_1_62' title="bbox 1908 488 3468 547">
    <p class='ocr_par' dir='ltr' id='par_1_62' title="bbox 1908 488 3468 547">
     <span class='ocr_line' id='line_1_62' title="bbox 1908 488 3468 547; baseline 0.003 -4"><span class='ocrx_word' id='word_1_467' title='bbox 1908 489 2072 544; x_wconf 86' lang='lat' dir='ltr'><strong>tiabo.</strong></span> <span class='ocrx_word' id='word_1_468' title='bbox 2120 488 2201 544; x_wconf 79' lang='lat' dir='ltr'><strong>Me</strong></span> <span class='ocrx_word' id='word_1_469' title='bbox 2249 498 2430 544; x_wconf 91' lang='lat' dir='ltr'><strong>autem</strong></span> <span class='ocrx_word' id='word_1_470' title='bbox 2474 491 2604 544; x_wconf 89' lang='lat' dir='ltr'><strong>talia</strong></span> <span class='ocrx_word' id='word_1_471' title='bbox 2654 491 2907 546; x_wconf 86' lang='lat' dir='ltr'><strong>omnibus</strong></span> <span class='ocrx_word' id='word_1_472' title='bbox 2947 491 3214 544; x_wconf 87' lang='lat' dir='ltr'><strong>clamante</strong></span> <span class='ocrx_word' id='word_1_473' title='bbox 3255 506 3320 545; x_wconf 83' lang='lat' dir='ltr'><strong>ex</strong></span> <span class='ocrx_word' id='word_1_474' title='bbox 3366 494 3468 547; x_wconf 89' lang='lat' dir='ltr'><strong>hac</strong></span> 
     </span>
    </p>
   </div>
   <div class='ocr_carea' id='block_1_63' title="bbox 1909 575 3469 648">
    <p class='ocr_par' dir='ltr' id='par_1_63' title="bbox 1909 575 3469 648">
     <span class='ocr_line' id='line_1_63' title="bbox 1909 575 3469 648; baseline 0.003 -20"><span class='ocrx_word' id='word_1_475' title='bbox 1909 576 2040 629; x_wconf 89' lang='lat' dir='ltr'><strong>hora</strong></span> <span class='ocrx_word' id='word_1_476' title='bbox 2074 592 2246 646; x_wconf 87' lang='lat' dir='ltr'><strong>usque</strong></span> <span class='ocrx_word' id='word_1_477' title='bbox 2285 575 2353 629; x_wconf 85' lang='lat' dir='ltr'><strong>ad</strong></span> <span class='ocrx_word' id='word_1_478' title='bbox 2384 592 2688 647; x_wconf 81' lang='lat' dir='ltr'><strong>vesperam,</strong></span> <span class='ocrx_word' id='word_1_479' title='bbox 2729 586 2892 648; x_wconf 90' lang='lat' dir='ltr'><strong>atque</strong></span> <span class='ocrx_word' id='word_1_480' title='bbox 2926 578 2980 631; x_wconf 91' lang='lat' dir='ltr'><strong>in</strong></span> <span class='ocrx_word' id='word_1_481' title='bbox 3027 577 3469 647; x_wconf 85' lang='lat' dir='ltr'><strong>splendidissima</strong></span> 
     </span>
    </p>
   </div>
   <div class='ocr_carea' id='block_1_64' title="bbox 1909 664 3467 735">
    <p class='ocr_par' dir='ltr' id='par_1_64' title="bbox 1909 664 3467 735">
     <span class='ocr_line' id='line_1_64' title="bbox 1909 664 3467 735; baseline 0.003 -17"><span class='ocrx_word' id='word_1_482' title='bbox 1909 664 2035 719; x_wconf 85' lang='lat' dir='ltr'><strong>luce</strong></span> <span class='ocrx_word' id='word_1_483' title='bbox 2085 674 2139 719; x_wconf 90' lang='lat' dir='ltr'><strong>et</strong></span> <span class='ocrx_word' id='word_1_484' title='bbox 2193 666 2246 719; x_wconf 92' lang='lat' dir='ltr'><strong>in</strong></span> <span class='ocrx_word' id='word_1_485' title='bbox 2295 666 2522 721; x_wconf 84' lang='lat' dir='ltr'><strong>meridie</strong></span> <span class='ocrx_word' id='word_1_486' title='bbox 2558 666 2853 721; x_wconf 74' lang='lat' dir='ltr'><strong>salutarem</strong></span> <span class='ocrx_word' id='word_1_487' title='bbox 2903 665 3062 720; x_wconf 84' lang='lat' dir='ltr'><strong>linem</strong></span> <span class='ocrx_word' id='word_1_488' title='bbox 3118 668 3467 735; x_wconf 63' lang='lat' dir='ltr'><strong>praedicante,</strong></span> 
     </span>
    </p>
   </div>
   <div class='ocr_carea' id='block_1_65' title="bbox 1909 755 3471 828">
    <p class='ocr_par' dir='ltr' id='par_1_65' title="bbox 1909 755 3471 828">
     <span class='ocr_line' id='line_1_65' title="bbox 1909 755 3471 828; baseline 0.002 -18"><span class='ocrx_word' id='word_1_489' title='bbox 1909 755 2153 813; x_wconf 71' lang='lat' dir='ltr'><strong>exaudiet</strong></span> <span class='ocrx_word' id='word_1_490' title='bbox 2190 772 2362 810; x_wconf 82' lang='lat' dir='ltr'><strong>vocem</strong></span> <span class='ocrx_word' id='word_1_491' title='bbox 2392 772 2582 821; x_wconf 87' lang='lat' dir='ltr'><strong>meam,</strong></span> <span class='ocrx_word' id='word_1_492' title='bbox 2626 758 2720 826; x_wconf 87' lang='lat' dir='ltr'><strong>qui</strong></span> <span class='ocrx_word' id='word_1_493' title='bbox 2751 758 2845 810; x_wconf 90' lang='lat' dir='ltr'><strong>tali</strong></span> <span class='ocrx_word' id='word_1_494' title='bbox 2875 772 2959 812; x_wconf 92' lang='lat' dir='ltr'><strong>me</strong></span> <span class='ocrx_word' id='word_1_495' title='bbox 2988 758 3182 812; x_wconf 90' lang='lat' dir='ltr'><strong>notitia</strong></span> <span class='ocrx_word' id='word_1_496' title='bbox 3211 758 3471 828; x_wconf 78' lang='lat' dir='ltr'><strong>dignatus</strong></span> 
     </span>
    </p>
   </div>
   <div class='ocr_carea' id='block_1_66' title="bbox 1911 847 3468 916">
    <p class='ocr_par' dir='ltr' id='par_1_66' title="bbox 1911 847 3468 916">
     <span class='ocr_line' id='line_1_66' title="bbox 1911 847 3468 916; baseline 0.001 -13"><span class='ocrx_word' id='word_1_497' title='bbox 1911 854 2233 916; x_wconf 81' lang='lat' dir='ltr'><strong>est-neque</strong></span> <span class='ocrx_word' id='word_1_498' title='bbox 2283 847 2425 902; x_wconf 76' lang='lat' dir='ltr'><strong>sinet</strong></span> <span class='ocrx_word' id='word_1_499' title='bbox 2457 849 2597 901; x_wconf 89' lang='lat' dir='ltr'><strong>ultra</strong></span> <span class='ocrx_word' id='word_1_500' title='bbox 2627 847 2835 901; x_wconf 87' lang='lat' dir='ltr'><strong>turbari</strong></span> <span class='ocrx_word' id='word_1_501' title='bbox 2884 847 2939 901; x_wconf 92' lang='lat' dir='ltr'><strong>in</strong></span> <span class='ocrx_word' id='word_1_502' title='bbox 2989 863 3076 903; x_wconf 89' lang='lat' dir='ltr'><strong>me</strong></span> <span class='ocrx_word' id='word_1_503' title='bbox 3125 863 3223 902; x_wconf 89' lang='lat' dir='ltr'><strong>cor</strong></span> <span class='ocrx_word' id='word_1_504' title='bbox 3267 865 3468 911; x_wconf 90' lang='lat' dir='ltr'><strong>meum,</strong></span> 
     </span>
    </p>
   </div>
   <div class='ocr_carea' id='block_1_67' title="bbox 1911 936 3477 1010">
    <p class='ocr_par' dir='ltr' id='par_1_67' title="bbox 1911 936 3477 1010">
     <span class='ocr_line' id='line_1_67' title="bbox 1911 936 3477 1010; baseline 0.001 -19"><span class='ocrx_word' id='word_1_505' title='bbox 1911 951 2090 1006; x_wconf 88' lang='lat' dir='ltr'><strong>neque</strong></span> <span class='ocrx_word' id='word_1_506' title='bbox 2140 936 2485 992; x_wconf 81' lang='lat' dir='ltr'><strong>formidinem</strong></span> <span class='ocrx_word' id='word_1_507' title='bbox 2524 939 2715 993; x_wconf 89' lang='lat' dir='ltr'><strong>mortis</strong></span> <span class='ocrx_word' id='word_1_508' title='bbox 2756 938 2962 994; x_wconf 87' lang='lat' dir='ltr'><strong>instare</strong></span> <span class='ocrx_word' id='word_1_509' title='bbox 2992 940 3144 997; x_wconf 88' lang='lat' dir='ltr'><strong>mihi.</strong></span> <span class='ocrx_word' id='word_1_510' title='bbox 3186 939 3283 995; x_wconf 83' lang='lat' dir='ltr'><strong>His</strong></span> <span class='ocrx_word' id='word_1_511' title='bbox 3308 952 3477 1010; x_wconf 84' lang='lat' dir='ltr'><strong>porro</strong></span> 
     </span>
    </p>
   </div>
   <div class='ocr_carea' id='block_1_68' title="bbox 1911 1024 3477 1096">
    <p class='ocr_par' dir='ltr' id='par_1_68' title="bbox 1911 1024 3477 1096">
     <span class='ocr_line' id='line_1_68' title="bbox 1911 1024 3477 1096; baseline 0.004 -17"><span class='ocrx_word' id='word_1_512' title='bbox 1911 1027 2168 1080; x_wconf 89' lang='lat' dir='ltr'><strong>omnibus</strong></span> <span class='ocrx_word' id='word_1_513' title='bbox 2195 1024 2443 1081; x_wconf 81' lang='lat' dir='ltr'><strong>abductis</strong></span> <span class='ocrx_word' id='word_1_514' title='bbox 2459 1035 2513 1081; x_wconf 93' lang='lat' dir='ltr'><strong>et</strong></span> <span class='ocrx_word' id='word_1_515' title='bbox 2531 1027 2811 1096; x_wconf 87' lang='lat' dir='ltr'><strong>dissipatis</strong></span> <span class='ocrx_word' id='word_1_516' title='bbox 2847 1043 2914 1084; x_wconf 82' lang='lat' dir='ltr'><strong>ex</strong></span> <span class='ocrx_word' id='word_1_517' title='bbox 2951 1029 3132 1084; x_wconf 90' lang='lat' dir='ltr'><strong>anima</strong></span> <span class='ocrx_word' id='word_1_518' title='bbox 3157 1045 3297 1094; x_wconf 87' lang='lat' dir='ltr'><strong>mea,</strong></span> <span class='ocrx_word' id='word_1_519' title='bbox 3326 1030 3477 1086; x_wconf 55' lang='lat' dir='ltr'><strong>redi.</strong></span> 
     </span>
    </p>
   </div>
   <div class='ocr_carea' id='block_1_69' title="bbox 1912 1115 3477 1187">
    <p class='ocr_par' dir='ltr' id='par_1_69' title="bbox 1912 1115 3477 1187">
     <span class='ocr_line' id='line_1_69' title="bbox 1912 1115 3477 1187; baseline 0.004 -20"><span class='ocrx_word' id='word_1_520' title='bbox 1912 1123 2022 1169; x_wconf 88' lang='lat' dir='ltr'><strong>met</strong></span> <span class='ocrx_word' id='word_1_521' title='bbox 2053 1130 2173 1169; x_wconf 89' lang='lat' dir='ltr'><strong>eam</strong></span> <span class='ocrx_word' id='word_1_522' title='bbox 2211 1115 2267 1168; x_wconf 92' lang='lat' dir='ltr'><strong>in</strong></span> <span class='ocrx_word' id='word_1_523' title='bbox 2310 1129 2442 1184; x_wconf 85' lang='lat' dir='ltr'><strong>pace</strong></span> <span class='ocrx_word' id='word_1_524' title='bbox 2506 1115 2573 1170; x_wconf 81' lang='lat' dir='ltr'><strong>ab</strong></span> <span class='ocrx_word' id='word_1_525' title='bbox 2608 1117 2676 1171; x_wconf 89' lang='lat' dir='ltr'><strong>iis</strong></span> <span class='ocrx_word' id='word_1_526' title='bbox 2718 1118 2812 1187; x_wconf 90' lang='lat' dir='ltr'><strong>qui</strong></span> <span class='ocrx_word' id='word_1_527' title='bbox 2853 1131 2972 1173; x_wconf 89' lang='lat' dir='ltr'><strong>eam</strong></span> <span class='ocrx_word' id='word_1_528' title='bbox 3017 1121 3344 1175; x_wconf 76' lang='lat' dir='ltr'><strong>conturbare</strong></span> <span class='ocrx_word' id='word_1_529' title='bbox 3385 1136 3477 1174; x_wconf 82' lang='lat' dir='ltr'><strong>vo-</strong></span> 
     </span>
    </p>
   </div>
   <div class='ocr_carea' id='block_1_70' title="bbox 1884 1205 3477 1277">
    <p class='ocr_par' dir='ltr' id='par_1_70' title="bbox 1884 1205 3477 1277">
     <span class='ocr_line' id='line_1_70' title="bbox 1884 1205 3477 1277; baseline 0.007 -23"><span class='ocrx_word' id='word_1_530' title='bbox 1884 1245 1897 1254; x_wconf 87' lang='lat'><strong>.</strong></span> <span class='ocrx_word' id='word_1_531' title='bbox 1916 1205 2132 1260; x_wconf 86' lang='lat' dir='ltr'><strong>luerint.</strong></span> <span class='ocrx_word' id='word_1_532' title='bbox 2166 1205 2348 1271; x_wconf 84' lang='lat' dir='ltr'><strong>Quare</strong></span> <span class='ocrx_word' id='word_1_533' title='bbox 2368 1206 2492 1261; x_wconf 88' lang='lat' dir='ltr'><strong>dico</strong></span> <span class='ocrx_word' id='word_1_534' title='bbox 2519 1226 2530 1260; x_wconf 93' lang='lat'><strong>:</strong></span> <span class='ocrx_word' id='word_1_535' title='bbox 2559 1206 2787 1262; x_wconf 80' lang='lat' dir='ltr'><strong>Redimet</strong></span> <span class='ocrx_word' id='word_1_536' title='bbox 2821 1210 2873 1262; x_wconf 88' lang='lat' dir='ltr'><strong>in</strong></span> <span class='ocrx_word' id='word_1_537' title='bbox 2894 1225 3020 1277; x_wconf 83' lang='lat' dir='ltr'><strong>pace</strong></span> <span class='ocrx_word' id='word_1_538' title='bbox 3048 1213 3282 1265; x_wconf 90' lang='lat' dir='ltr'><strong>animam</strong></span> <span class='ocrx_word' id='word_1_539' title='bbox 3306 1228 3477 1265; x_wconf 83' lang='lat' dir='ltr'><strong>meam</strong></span> 
     </span>
    </p>
   </div>
   <div class='ocr_carea' id='block_1_71' title="bbox 1916 1292 3476 1367">
    <p class='ocr_par' dir='ltr' id='par_1_71' title="bbox 1916 1292 3476 1367">
     <span class='ocr_line' id='line_1_71' title="bbox 1916 1292 3476 1367; baseline 0.004 -21"><span class='ocrx_word' id='word_1_540' title='bbox 1916 1292 1980 1346; x_wconf 89' lang='lat' dir='ltr'><strong>ab</strong></span> <span class='ocrx_word' id='word_1_541' title='bbox 2012 1293 2099 1356; x_wconf 78' lang='lat' dir='ltr'><strong>iis,</strong></span> <span class='ocrx_word' id='word_1_542' title='bbox 2137 1294 2228 1361; x_wconf 83' lang='lat' dir='ltr'><strong>qui</strong></span> <span class='ocrx_word' id='word_1_543' title='bbox 2270 1295 2692 1365; x_wconf 73' lang='lat' dir='ltr'><strong>appropinquant</strong></span> <span class='ocrx_word' id='word_1_544' title='bbox 2716 1297 2879 1361; x_wconf 71' lang='lat' dir='ltr'><strong>mihi;</strong></span> <span class='ocrx_word' id='word_1_545' title='bbox 2906 1301 3155 1367; x_wconf 85' lang='lat' dir='ltr'><strong>quoniam</strong></span> <span class='ocrx_word' id='word_1_546' title='bbox 3184 1300 3319 1353; x_wconf 85' lang='lat' dir='ltr'><strong>inter</strong></span> <span class='ocrx_word' id='word_1_547' title='bbox 3337 1301 3476 1353; x_wconf 80' lang='lat' dir='ltr'><strong>mul-</strong></span> 
     </span>
    </p>
   </div>
   <div class='ocr_carea' id='block_1_72' title="bbox 1918 1383 3476 1457">
    <p class='ocr_par' dir='ltr' id='par_1_72' title="bbox 1918 1383 3476 1457">
     <span class='ocr_line' id='line_1_72' title="bbox 1918 1383 3476 1457; baseline 0.006 -22"><span class='ocrx_word' id='word_1_548' title='bbox 1918 1392 1995 1436; x_wconf 78' lang='lat' dir='ltr'><strong>tos</strong></span> <span class='ocrx_word' id='word_1_549' title='bbox 2025 1392 2176 1436; x_wconf 80' lang='lat' dir='ltr'><strong>erant</strong></span> <span class='ocrx_word' id='word_1_550' title='bbox 2199 1383 2532 1439; x_wconf 85' lang='lat' dir='ltr'><strong>mecum.Pro</strong></span> <span class='ocrx_word' id='word_1_551' title='bbox 2557 1401 2665 1455; x_wconf 90' lang='lat' dir='ltr'><strong>quo</strong></span> <span class='ocrx_word' id='word_1_552' title='bbox 2696 1385 3053 1457; x_wconf 87' lang='lat' dir='ltr'><strong>Symmachus</strong></span> <span class='ocrx_word' id='word_1_553' title='bbox 3081 1390 3290 1444; x_wconf 79' lang='lat' dir='ltr'><strong>edidit:</strong></span> <span class='ocrx_word' id='word_1_554' title='bbox 3315 1389 3476 1444; x_wconf 74' lang='lat' dir='ltr'><strong>Multi</strong></span> 
     </span>
    </p>
   </div>
   <div class='ocr_carea' id='block_1_73' title="bbox 1916 1472 3475 1547">
    <p class='ocr_par' dir='ltr' id='par_1_73' title="bbox 1916 1472 3475 1547">
     <span class='ocr_line' id='line_1_73' title="bbox 1916 1472 3475 1547; baseline 0.006 -24"><span class='ocrx_word' id='word_1_555' title='bbox 1916 1472 2055 1524; x_wconf 85' lang='lat' dir='ltr'><strong>enim</strong></span> <span class='ocrx_word' id='word_1_556' title='bbox 2101 1472 2415 1528; x_wconf 77' lang='lat' dir='ltr'><strong>accedebant</strong></span> <span class='ocrx_word' id='word_1_557' title='bbox 2447 1473 2517 1527; x_wconf 83' lang='lat' dir='ltr'><strong>ad</strong></span> <span class='ocrx_word' id='word_1_558' title='bbox 2552 1492 2653 1530; x_wconf 88' lang='lat' dir='ltr'><strong>me.</strong></span> <span class='ocrx_word' id='word_1_559' title='bbox 2684 1474 2828 1529; x_wconf 85' lang='lat' dir='ltr'><strong>Nam</strong></span> <span class='ocrx_word' id='word_1_560' title='bbox 2867 1478 2955 1547; x_wconf 89' lang='lat' dir='ltr'><strong>qui</strong></span> <span class='ocrx_word' id='word_1_561' title='bbox 2987 1479 3198 1534; x_wconf 85' lang='lat' dir='ltr'><strong>turbare</strong></span> <span class='ocrx_word' id='word_1_562' title='bbox 3239 1479 3475 1534; x_wconf 80' lang='lat' dir='ltr'><strong>volebant</strong></span> 
     </span>
    </p>
   </div>
   <div class='ocr_carea' id='block_1_74' title="bbox 1919 1564 3474 1640">
    <p class='ocr_par' dir='ltr' id='par_1_74' title="bbox 1919 1564 3474 1640">
     <span class='ocr_line' id='line_1_74' title="bbox 1919 1564 3474 1640; baseline 0.005 -24"><span class='ocrx_word' id='word_1_563' title='bbox 1919 1564 2150 1616; x_wconf 85' lang='lat' dir='ltr'><strong>animam</strong></span> <span class='ocrx_word' id='word_1_564' title='bbox 2200 1578 2391 1626; x_wconf 82' lang='lat' dir='ltr'><strong>meam.</strong></span> <span class='ocrx_word' id='word_1_565' title='bbox 2434 1566 2638 1618; x_wconf 85' lang='lat' dir='ltr'><strong>minimi</strong></span> <span class='ocrx_word' id='word_1_566' title='bbox 2669 1566 2883 1636; x_wconf 83' lang='lat' dir='ltr'><strong>quidam</strong></span> <span class='ocrx_word' id='word_1_567' title='bbox 2930 1579 3102 1634; x_wconf 84' lang='lat' dir='ltr'><strong>erant,</strong></span> <span class='ocrx_word' id='word_1_568' title='bbox 3142 1585 3270 1640; x_wconf 79' lang='lat' dir='ltr'><strong>quos</strong></span> <span class='ocrx_word' id='word_1_569' title='bbox 3310 1568 3474 1634; x_wconf 71' lang='lat' dir='ltr'><strong>Deus,</strong></span> 
     </span>
    </p>
   </div>
   <div class='ocr_carea' id='block_1_75' title="bbox 1918 1654 3477 1796">
    <p class='ocr_par' dir='ltr' id='par_1_75' title="bbox 1918 1654 3477 1796">
     <span class='ocr_line' id='line_1_75' title="bbox 1918 1654 3477 1796; baseline 0.006 -90"><span class='ocrx_word' id='word_1_570' title='bbox 1918 1654 2007 1723; x_wconf 86' lang='lat' dir='ltr'><strong>qui</strong></span> <span class='ocrx_word' id='word_1_571' title='bbox 2020 1665 2179 1796; x_wconf 41' lang='lat' dir='ltr'><strong>z“inte</strong></span> <span class='ocrx_word' id='word_1_572' title='bbox 2217 1655 2414 1710; x_wconf 75' lang='lat' dir='ltr'><strong>swcula</strong></span> <span class='ocrx_word' id='word_1_573' title='bbox 2459 1666 2560 1721; x_wconf 73' lang='lat' dir='ltr'><strong>est,</strong></span> <span class='ocrx_word' id='word_1_574' title='bbox 2607 1656 2926 1723; x_wconf 81' lang='lat' dir='ltr'><strong>humiliabit,</strong></span> <span class='ocrx_word' id='word_1_575' title='bbox 2971 1661 3255 1715; x_wconf 87' lang='lat' dir='ltr'><strong>clamorem</strong></span> <span class='ocrx_word' id='word_1_576' title='bbox 3305 1676 3477 1715; x_wconf 82' lang='lat' dir='ltr'><strong>meum</strong></span> 
     </span>
     <span class='ocr_line' id='line_1_76' title="bbox 1918 1758 2223 1796; baseline 0 0"><span class='ocrx_word' id='word_1_577' title='bbox 1918 1758 2015 1796; x_wconf 72' lang='lat' dir='ltr'><strong>exn</strong></span> <span class='ocrx_word' id='word_1_578' title='bbox 2095 1760 2223 1796; x_wconf 70' lang='lat' dir='ltr'><strong>rem.</strong></span> 
     </span>
    </p>
   </div>
   <div class='ocr_carea' id='block_1_76' title="bbox 1917 1758 2223 1798">
    <p class='ocr_par' dir='ltr' id='par_1_76' title="bbox 1917 1758 2223 1798">
     <span class='ocr_line' id='line_1_77' title="bbox 1917 1758 2223 1798; baseline -0.003 -1"><span class='ocrx_word' id='word_1_579' title='bbox 1917 1758 2223 1798; x_wconf 72' lang='lat' dir='ltr'><strong>exaudiens.</strong></span> 
     </span>
    </p>
   </div>
   <div class='ocr_carea' id='block_1_77' title="bbox 1991 2024 3478 2097">
    <p class='ocr_par' dir='ltr' id='par_1_77' title="bbox 1991 2024 3478 2097">
     <span class='ocr_line' id='line_1_78' title="bbox 1991 2024 3478 2097; baseline 0.007 -19"><span class='ocrx_word' id='word_1_580' title='bbox 1991 2024 2116 2080; x_wconf 67' lang='lat' dir='ltr'><strong>Haec</strong></span> <span class='ocrx_word' id='word_1_581' title='bbox 2146 2026 2333 2096; x_wconf 86' lang='lat' dir='ltr'><strong>itaque</strong></span> <span class='ocrx_word' id='word_1_582' title='bbox 2369 2028 2528 2097; x_wconf 88' lang='lat' dir='ltr'><strong>quasi</strong></span> <span class='ocrx_word' id='word_1_583' title='bbox 2560 2042 2590 2081; x_wconf 87' lang='lat' dir='ltr'><strong>a</strong></span> <span class='ocrx_word' id='word_1_584' title='bbox 2624 2026 2894 2093; x_wconf 80' lang='lat' dir='ltr'><strong>Propheta</strong></span> <span class='ocrx_word' id='word_1_585' title='bbox 2930 2028 3075 2085; x_wconf 88' lang='lat' dir='ltr'><strong>dicta</strong></span> <span class='ocrx_word' id='word_1_586' title='bbox 3115 2030 3338 2097; x_wconf 82' lang='lat' dir='ltr'><strong>fuerint,</strong></span> <span class='ocrx_word' id='word_1_587' title='bbox 3378 2048 3478 2088; x_wconf 89' lang='lat' dir='ltr'><strong>ceu</strong></span> 
     </span>
    </p>
   </div>
   <div class='ocr_carea' id='block_1_78' title="bbox 1921 2114 3479 2189">
    <p class='ocr_par' dir='ltr' id='par_1_78' title="bbox 1921 2114 3479 2189">
     <span class='ocr_line' id='line_1_79' title="bbox 1921 2114 3479 2189; baseline 0.004 -20"><span class='ocrx_word' id='word_1_588' title='bbox 1921 2128 1986 2169; x_wconf 74' lang='lat' dir='ltr'><strong>ex</strong></span> <span class='ocrx_word' id='word_1_589' title='bbox 2039 2114 2258 2183; x_wconf 87' lang='lat' dir='ltr'><strong>propria</strong></span> <span class='ocrx_word' id='word_1_590' title='bbox 2301 2128 2533 2183; x_wconf 83' lang='lat' dir='ltr'><strong>persona</strong></span> <span class='ocrx_word' id='word_1_591' title='bbox 2580 2130 2744 2170; x_wconf 85' lang='lat' dir='ltr'><strong>voces</strong></span> <span class='ocrx_word' id='word_1_592' title='bbox 2792 2117 3096 2186; x_wconf 83' lang='lat' dir='ltr'><strong>propositas</strong></span> <span class='ocrx_word' id='word_1_593' title='bbox 3150 2119 3479 2189; x_wconf 80' lang='lat' dir='ltr'><strong>proferente.</strong></span> 
     </span>
    </p>
   </div>
   <div class='ocr_carea' id='block_1_79' title="bbox 1924 2202 3484 2277">
    <p class='ocr_par' dir='ltr' id='par_1_79' title="bbox 1924 2202 3484 2277">
     <span class='ocr_line' id='line_1_80' title="bbox 1924 2202 3484 2277; baseline 0.003 -21"><span class='ocrx_word' id='word_1_594' title='bbox 1924 2203 2079 2268; x_wconf 86' lang='lat' dir='ltr'><strong>Quod</strong></span> <span class='ocrx_word' id='word_1_595' title='bbox 2116 2205 2161 2257; x_wconf 88' lang='lat' dir='ltr'><strong>si</strong></span> <span class='ocrx_word' id='word_1_596' title='bbox 2194 2204 2262 2257; x_wconf 92' lang='lat' dir='ltr'><strong>ab</strong></span> <span class='ocrx_word' id='word_1_597' title='bbox 2294 2205 2414 2274; x_wconf 89' lang='lat' dir='ltr'><strong>ipso</strong></span> <span class='ocrx_word' id='word_1_598' title='bbox 2457 2202 2741 2259; x_wconf 86' lang='lat' dir='ltr'><strong>Salvatore</strong></span> <span class='ocrx_word' id='word_1_599' title='bbox 2768 2220 2867 2274; x_wconf 87' lang='lat' dir='ltr'><strong>per</strong></span> <span class='ocrx_word' id='word_1_600' title='bbox 2896 2205 3272 2275; x_wconf 88' lang='lat' dir='ltr'><strong>pr0pheticum</strong></span> <span class='ocrx_word' id='word_1_601' title='bbox 3317 2207 3484 2277; x_wconf 86' lang='lat' dir='ltr'><strong>spiri-</strong></span> 
     </span>
    </p>
   </div>
   <div class='ocr_carea' id='block_1_80' title="bbox 1927 2290 3482 2367">
    <p class='ocr_par' dir='ltr' id='par_1_80' title="bbox 1927 2290 3482 2367">
     <span class='ocr_line' id='line_1_81' title="bbox 1927 2290 3482 2367; baseline 0.004 -18"><span class='ocrx_word' id='word_1_602' title='bbox 1927 2307 2039 2350; x_wconf 86' lang='lat' dir='ltr'><strong>tum</strong></span> <span class='ocrx_word' id='word_1_603' title='bbox 2072 2294 2186 2347; x_wconf 70' lang='lat' dir='ltr'><strong>hrec</strong></span> <span class='ocrx_word' id='word_1_604' title='bbox 2208 2294 2354 2347; x_wconf 90' lang='lat' dir='ltr'><strong>dicta</strong></span> <span class='ocrx_word' id='word_1_605' title='bbox 2385 2294 2619 2357; x_wconf 83' lang='lat' dir='ltr'><strong>fuerint;</strong></span> <span class='ocrx_word' id='word_1_606' title='bbox 2653 2294 2920 2364; x_wconf 89' lang='lat' dir='ltr'><strong>siquidem</strong></span> <span class='ocrx_word' id='word_1_607' title='bbox 2954 2311 3019 2351; x_wconf 81' lang='lat' dir='ltr'><strong>ex</strong></span> <span class='ocrx_word' id='word_1_608' title='bbox 3050 2295 3224 2366; x_wconf 86' lang='lat' dir='ltr'><strong>ipsius</strong></span> <span class='ocrx_word' id='word_1_609' title='bbox 3249 2290 3482 2367; x_wconf 73' lang='lat' dir='ltr'><strong>persona</strong></span> 
     </span>
    </p>
   </div>
   <div class='ocr_carea' id='block_1_81' title="bbox 1926 2383 3485 2457">
    <p class='ocr_par' dir='ltr' id='par_1_81' title="bbox 1926 2383 3485 2457">
     <span class='ocr_line' id='line_1_82' title="bbox 1926 2383 3485 2457; baseline 0.004 -20"><span class='ocrx_word' id='word_1_610' title='bbox 1926 2383 2208 2438; x_wconf 82' lang='lat' dir='ltr'><strong>dicebatur</strong></span> <span class='ocrx_word' id='word_1_611' title='bbox 2239 2384 2393 2447; x_wconf 89' lang='lat' dir='ltr'><strong>illud,</strong></span> <span class='ocrx_word' id='word_1_612' title='bbox 2418 2383 2478 2439; x_wconf 90' lang='lat' dir='ltr'><strong>Si</strong></span> <span class='ocrx_word' id='word_1_613' title='bbox 2513 2385 2756 2439; x_wconf 76' lang='lat' dir='ltr'><strong>inimicus</strong></span> <span class='ocrx_word' id='word_1_614' title='bbox 2793 2386 3152 2441; x_wconf 71' lang='lat' dir='ltr'><strong>maledixisset</strong></span> <span class='ocrx_word' id='word_1_615' title='bbox 3182 2389 3331 2457; x_wconf 82' lang='lat' dir='ltr'><strong>mihi,</strong></span> <span class='ocrx_word' id='word_1_616' title='bbox 3364 2405 3485 2443; x_wconf 70' lang='lat' dir='ltr'><strong>aus-</strong></span> 
     </span>
    </p>
   </div>
   <div class='ocr_carea' id='block_1_82' title="bbox 1929 2472 3527 2547">
    <p class='ocr_par' dir='ltr' id='par_1_82' title="bbox 1929 2472 3527 2547">
     <span class='ocr_line' id='line_1_83' title="bbox 1929 2472 3527 2547; baseline 0.007 -22"><span class='ocrx_word' id='word_1_617' title='bbox 1929 2472 2199 2526; x_wconf 75' lang='lat' dir='ltr'><strong>tinuissem</strong></span> <span class='ocrx_word' id='word_1_618' title='bbox 2252 2474 2449 2543; x_wconf 83' lang='lat' dir='ltr'><strong>utique,</strong></span> <span class='ocrx_word' id='word_1_619' title='bbox 2510 2482 2566 2530; x_wconf 89' lang='lat' dir='ltr'><strong>et</strong></span> <span class='ocrx_word' id='word_1_620' title='bbox 2613 2482 2838 2544; x_wconf 68' lang='lat' dir='ltr'><strong>caetera;</strong></span> <span class='ocrx_word' id='word_1_621' title='bbox 2907 2490 3304 2547; x_wconf 85' lang='lat' dir='ltr'><strong>consequenter</strong></span> <span class='ocrx_word' id='word_1_622' title='bbox 3352 2495 3486 2536; x_wconf 84' lang='lat' dir='ltr'><strong>sane</strong></span> <span class='ocrx_word' id='word_1_623' title='bbox 3514 2509 3527 2519; x_wconf 56' lang='grc' dir='ltr'>κ</span> 
     </span>
    </p>
   </div>
   <div class='ocr_carea' id='block_1_83' title="bbox 1928 2563 3485 2634">
    <p class='ocr_par' dir='ltr' id='par_1_83' title="bbox 1928 2563 3485 2634">
     <span class='ocr_line' id='line_1_84' title="bbox 1928 2563 3485 2634; baseline 0.005 -17"><span class='ocrx_word' id='word_1_624' title='bbox 1928 2564 2044 2618; x_wconf 70' lang='lat' dir='ltr'><strong>haec</strong></span> <span class='ocrx_word' id='word_1_625' title='bbox 2078 2563 2328 2619; x_wconf 83' lang='lat' dir='ltr'><strong>Salvator</strong></span> <span class='ocrx_word' id='word_1_626' title='bbox 2359 2565 2560 2621; x_wconf 78' lang='lat' dir='ltr'><strong>dixerit</strong></span> <span class='ocrx_word' id='word_1_627' title='bbox 2591 2565 2896 2631; x_wconf 84' lang='lat' dir='ltr'><strong>:Quoniam</strong></span> <span class='ocrx_word' id='word_1_628' title='bbox 2930 2582 3039 2620; x_wconf 88' lang='lat' dir='ltr'><strong>non</strong></span> <span class='ocrx_word' id='word_1_629' title='bbox 3070 2568 3350 2634; x_wconf 85' lang='lat' dir='ltr'><strong>inimicus,</strong></span> <span class='ocrx_word' id='word_1_630' title='bbox 3385 2569 3485 2625; x_wconf 82' lang='lat' dir='ltr'><strong>sed</strong></span> 
     </span>
    </p>
   </div>
   <div class='ocr_carea' id='block_1_84' title="bbox 1928 2654 3489 2725">
    <p class='ocr_par' dir='ltr' id='par_1_84' title="bbox 1928 2654 3489 2725">
     <span class='ocr_line' id='line_1_85' title="bbox 1928 2654 3489 2725; baseline 0.003 -18"><span class='ocrx_word' id='word_1_631' title='bbox 1928 2654 2169 2719; x_wconf 88' lang='lat' dir='ltr'><strong>amicus;</strong></span> <span class='ocrx_word' id='word_1_632' title='bbox 2205 2669 2312 2707; x_wconf 89' lang='lat' dir='ltr'><strong>non</strong></span> <span class='ocrx_word' id='word_1_633' title='bbox 2344 2654 2436 2723; x_wconf 89' lang='lat' dir='ltr'><strong>qui</strong></span> <span class='ocrx_word' id='word_1_634' title='bbox 2469 2654 2594 2708; x_wconf 87' lang='lat' dir='ltr'><strong>odio</strong></span> <span class='ocrx_word' id='word_1_635' title='bbox 2634 2655 2879 2708; x_wconf 82' lang='lat' dir='ltr'><strong>haberet.</strong></span> <span class='ocrx_word' id='word_1_636' title='bbox 2916 2656 3007 2709; x_wconf 86' lang='lat' dir='ltr'><strong>sed</strong></span> <span class='ocrx_word' id='word_1_637' title='bbox 3042 2656 3134 2717; x_wconf 85' lang='lat' dir='ltr'><strong>qui</strong></span> <span class='ocrx_word' id='word_1_638' title='bbox 3164 2656 3325 2725; x_wconf 90' lang='lat' dir='ltr'><strong>paulo</strong></span> <span class='ocrx_word' id='word_1_639' title='bbox 3361 2665 3489 2713; x_wconf 84' lang='lat' dir='ltr'><strong>ante</strong></span> 
     </span>
    </p>
   </div>
   <div class='ocr_carea' id='block_1_85' title="bbox 1928 2743 3489 2816">
    <p class='ocr_par' dir='ltr' id='par_1_85' title="bbox 1928 2743 3489 2816">
     <span class='ocr_line' id='line_1_86' title="bbox 1928 2743 3489 2816; baseline 0.003 -19"><span class='ocrx_word' id='word_1_640' title='bbox 1928 2743 2198 2815; x_wconf 74' lang='lat' dir='ltr'><strong>diligeret,</strong></span> <span class='ocrx_word' id='word_1_641' title='bbox 2232 2745 2361 2798; x_wconf 88' lang='lat' dir='ltr'><strong>talia</strong></span> <span class='ocrx_word' id='word_1_642' title='bbox 2387 2757 2577 2799; x_wconf 86' lang='lat' dir='ltr'><strong>contra</strong></span> <span class='ocrx_word' id='word_1_643' title='bbox 2613 2761 2698 2800; x_wconf 91' lang='lat' dir='ltr'><strong>me</strong></span> <span class='ocrx_word' id='word_1_644' title='bbox 2723 2760 2892 2801; x_wconf 87' lang='lat' dir='ltr'><strong>ausus</strong></span> <span class='ocrx_word' id='word_1_645' title='bbox 2922 2754 3025 2800; x_wconf 91' lang='lat' dir='ltr'><strong>est.</strong></span> <span class='ocrx_word' id='word_1_646' title='bbox 3058 2744 3166 2816; x_wconf 80' lang='lat' dir='ltr'><strong>Ego</strong></span> <span class='ocrx_word' id='word_1_647' title='bbox 3196 2753 3377 2800; x_wconf 85' lang='lat' dir='ltr'><strong>autem</strong></span> <span class='ocrx_word' id='word_1_648' title='bbox 3403 2749 3489 2801; x_wconf 88' lang='lat' dir='ltr'><strong>ni-</strong></span> 
     </span>
    </p>
   </div>
   <div class='ocr_carea' id='block_1_86' title="bbox 1927 2833 3521 2904">
    <p class='ocr_par' dir='ltr' id='par_1_86' title="bbox 1927 2833 3521 2904">
     <span class='ocr_line' id='line_1_87' title="bbox 1927 2833 3521 2904; baseline 0.003 -18"><span class='ocrx_word' id='word_1_649' title='bbox 1927 2834 2004 2887; x_wconf 77' lang='lat' dir='ltr'><strong>hil</strong></span> <span class='ocrx_word' id='word_1_650' title='bbox 2043 2835 2164 2902; x_wconf 87' lang='lat' dir='ltr'><strong>plus</strong></span> <span class='ocrx_word' id='word_1_651' title='bbox 2208 2834 2451 2904; x_wconf 76' lang='lat' dir='ltr'><strong>agebam.</strong></span> <span class='ocrx_word' id='word_1_652' title='bbox 2483 2848 2643 2902; x_wconf 89' lang='lat' dir='ltr'><strong>quam</strong></span> <span class='ocrx_word' id='word_1_653' title='bbox 2671 2835 2814 2904; x_wconf 85' lang='lat' dir='ltr'><strong>quod</strong></span> <span class='ocrx_word' id='word_1_654' title='bbox 2860 2833 3157 2888; x_wconf 88' lang='lat' dir='ltr'><strong>clamabam</strong></span> <span class='ocrx_word' id='word_1_655' title='bbox 3186 2834 3256 2887; x_wconf 88' lang='lat' dir='ltr'><strong>ad</strong></span> <span class='ocrx_word' id='word_1_656' title='bbox 3290 2833 3521 2901; x_wconf 83' lang='lat' dir='ltr'><strong>Deum;.</strong></span> 
     </span>
    </p>
   </div>
   <div class='ocr_carea' id='block_1_87' title="bbox 1926 2920 3491 2992">
    <p class='ocr_par' dir='ltr' id='par_1_87' title="bbox 1926 2920 3491 2992">
     <span class='ocr_line' id='line_1_88' title="bbox 1926 2920 3491 2992; baseline 0 -16"><span class='ocrx_word' id='word_1_657' title='bbox 1926 2936 2159 2992; x_wconf 85' lang='lat' dir='ltr'><strong>eumque</strong></span> <span class='ocrx_word' id='word_1_658' title='bbox 2199 2931 2386 2992; x_wconf 88' lang='lat' dir='ltr'><strong>utpote</strong></span> <span class='ocrx_word' id='word_1_659' title='bbox 2421 2920 2656 2988; x_wconf 84' lang='lat' dir='ltr'><strong>Patrem,</strong></span> <span class='ocrx_word' id='word_1_660' title='bbox 2701 2923 2993 2992; x_wconf 90' lang='lat' dir='ltr'><strong>propitium</strong></span> <span class='ocrx_word' id='word_1_661' title='bbox 3047 2922 3335 2979; x_wconf 77' lang='lat' dir='ltr'><strong>habebam.</strong></span> <span class='ocrx_word' id='word_1_662' title='bbox 3385 2920 3491 2977; x_wconf 86' lang='lat' dir='ltr'><strong>Sed</strong></span> 
     </span>
    </p>
   </div>
   <div class='ocr_carea' id='block_1_88' title="bbox 1930 3013 3491 3094">
    <p class='ocr_par' dir='ltr' id='par_1_88' title="bbox 1930 3013 3491 3094">
     <span class='ocr_line' id='line_1_89' title="bbox 1930 3013 3491 3094; baseline 0.001 -29"><span class='ocrx_word' id='word_1_663' title='bbox 1930 3013 2005 3094; x_wconf 73' lang='lat' dir='ltr'><strong>illi</strong></span> <span class='ocrx_word' id='word_1_664' title='bbox 2051 3014 2269 3083; x_wconf 85' lang='lat' dir='ltr'><strong>quidem</strong></span> <span class='ocrx_word' id='word_1_665' title='bbox 2317 3013 2719 3068; x_wconf 88' lang='lat' dir='ltr'><strong>insidiabantur</strong></span> <span class='ocrx_word' id='word_1_666' title='bbox 2768 3014 2929 3080; x_wconf 90' lang='lat' dir='ltr'><strong>mihi;</strong></span> <span class='ocrx_word' id='word_1_667' title='bbox 2972 3013 3067 3068; x_wconf 86' lang='lat' dir='ltr'><strong>hic</strong></span> <span class='ocrx_word' id='word_1_668' title='bbox 3093 3029 3226 3068; x_wconf 87' lang='lat' dir='ltr'><strong>vero</strong></span> <span class='ocrx_word' id='word_1_669' title='bbox 3278 3013 3491 3068; x_wconf 85' lang='lat' dir='ltr'><strong>salvum</strong></span> 
     </span>
    </p>
   </div>
   <div class='ocr_carea' id='block_1_89' title="bbox 1931 3101 3492 3172">
    <p class='ocr_par' dir='ltr' id='par_1_89' title="bbox 1931 3101 3492 3172">
     <span class='ocr_line' id='line_1_90' title="bbox 1931 3101 3492 3172; baseline 0.001 -18"><span class='ocrx_word' id='word_1_670' title='bbox 1931 3102 2163 3157; x_wconf 77' lang='lat' dir='ltr'><strong>faciebat</strong></span> <span class='ocrx_word' id='word_1_671' title='bbox 2196 3118 2282 3156; x_wconf 90' lang='lat' dir='ltr'><strong>me</strong></span> <span class='ocrx_word' id='word_1_672' title='bbox 2316 3121 2329 3156; x_wconf 86' lang='lat'><strong>:</strong></span> <span class='ocrx_word' id='word_1_673' title='bbox 2356 3118 2526 3172; x_wconf 86' lang='lat' dir='ltr'><strong>quare</strong></span> <span class='ocrx_word' id='word_1_674' title='bbox 2555 3118 2802 3172; x_wconf 78' lang='lat' dir='ltr'><strong>vespere,</strong></span> <span class='ocrx_word' id='word_1_675' title='bbox 2835 3116 2994 3156; x_wconf 90' lang='lat' dir='ltr'><strong>mane</strong></span> <span class='ocrx_word' id='word_1_676' title='bbox 3023 3110 3078 3156; x_wconf 89' lang='lat' dir='ltr'><strong>et</strong></span> <span class='ocrx_word' id='word_1_677' title='bbox 3122 3101 3349 3155; x_wconf 88' lang='lat' dir='ltr'><strong>meridie</strong></span> <span class='ocrx_word' id='word_1_678' title='bbox 3380 3117 3492 3155; x_wconf 89' lang='lat' dir='ltr'><strong>non</strong></span> 
     </span>
    </p>
   </div>
   <div class='ocr_carea' id='block_1_90' title="bbox 1933 3189 3489 3257">
    <p class='ocr_par' dir='ltr' id='par_1_90' title="bbox 1933 3189 3489 3257">
     <span class='ocr_line' id='line_1_91' title="bbox 1933 3189 3489 3257; baseline -0.002 -11"><span class='ocrx_word' id='word_1_679' title='bbox 1933 3192 2093 3246; x_wconf 79' lang='lat' dir='ltr'><strong>linem</strong></span> <span class='ocrx_word' id='word_1_680' title='bbox 2119 3192 2336 3257; x_wconf 31' lang='lat' dir='ltr'><strong>,l&#39;aciam</strong></span> <span class='ocrx_word' id='word_1_681' title='bbox 2386 3190 2565 3246; x_wconf 89' lang='lat' dir='ltr'><strong>Patris</strong></span> <span class='ocrx_word' id='word_1_682' title='bbox 2605 3192 2836 3245; x_wconf 72' lang='lat' dir='ltr'><strong>virtutes</strong></span> <span class='ocrx_word' id='word_1_683' title='bbox 2883 3189 3172 3244; x_wconf 87' lang='lat' dir='ltr'><strong>enarrandi</strong></span> <span class='ocrx_word' id='word_1_684' title='bbox 3201 3190 3489 3254; x_wconf 79' lang='lat' dir='ltr'><strong>omnibus;</strong></span> 
     </span>
    </p>
   </div>
   <div class='ocr_carea' id='block_1_91' title="bbox 1932 3279 3491 3351">
    <p class='ocr_par' dir='ltr' id='par_1_91' title="bbox 1932 3279 3491 3351">
     <span class='ocr_line' id='line_1_92' title="bbox 1932 3279 3491 3351; baseline -0.003 -15"><span class='ocrx_word' id='word_1_685' title='bbox 1932 3290 2096 3351; x_wconf 88' lang='lat' dir='ltr'><strong>atque</strong></span> <span class='ocrx_word' id='word_1_686' title='bbox 2135 3282 2373 3337; x_wconf 90' lang='lat' dir='ltr'><strong>salutare</strong></span> <span class='ocrx_word' id='word_1_687' title='bbox 2414 3281 2763 3350; x_wconf 77' lang='lat' dir='ltr'><strong>Evangelium</strong></span> <span class='ocrx_word' id='word_1_688' title='bbox 2809 3279 2876 3333; x_wconf 92' lang='lat' dir='ltr'><strong>ad</strong></span> <span class='ocrx_word' id='word_1_689' title='bbox 2920 3296 3081 3336; x_wconf 82' lang='lat' dir='ltr'><strong>aures</strong></span> <span class='ocrx_word' id='word_1_690' title='bbox 3113 3281 3491 3334; x_wconf 84' lang='lat' dir='ltr'><strong>universorum</strong></span> 
     </span>
    </p>
   </div>
   <div class='ocr_carea' id='block_1_92' title="bbox 1930 3368 3495 3441">
    <p class='ocr_par' dir='ltr' id='par_1_92' title="bbox 1930 3368 3495 3441">
     <span class='ocr_line' id='line_1_93' title="bbox 1930 3368 3495 3441; baseline -0.003 -15"><span class='ocrx_word' id='word_1_691' title='bbox 1930 3372 2213 3427; x_wconf 88' lang='lat' dir='ltr'><strong>hominum</strong></span> <span class='ocrx_word' id='word_1_692' title='bbox 2259 3369 2584 3441; x_wconf 67' lang='lat' dir='ltr'><strong>praedicandi</strong></span> <span class='ocrx_word' id='word_1_693' title='bbox 2629 3390 2641 3423; x_wconf 90' lang='lat'><strong>:</strong></span> <span class='ocrx_word' id='word_1_694' title='bbox 2683 3384 2915 3437; x_wconf 85' lang='lat' dir='ltr'><strong>eamque</strong></span> <span class='ocrx_word' id='word_1_695' title='bbox 2957 3384 3146 3421; x_wconf 85' lang='lat' dir='ltr'><strong>vocem</strong></span> <span class='ocrx_word' id='word_1_696' title='bbox 3195 3368 3495 3421; x_wconf 83' lang='lat' dir='ltr'><strong>exaudiens</strong></span> 
     </span>
    </p>
   </div>
   <div class='ocr_carea' id='block_1_93' title="bbox 1930 3457 3493 3531">
    <p class='ocr_par' dir='ltr' id='par_1_93' title="bbox 1930 3457 3493 3531">
     <span class='ocr_line' id='line_1_94' title="bbox 1930 3457 3493 3531; baseline -0.006 -12"><span class='ocrx_word' id='word_1_697' title='bbox 1930 3464 2116 3531; x_wconf 87' lang='lat' dir='ltr'><strong>Pater,</strong></span> <span class='ocrx_word' id='word_1_698' title='bbox 2162 3462 2379 3517; x_wconf 85' lang='lat' dir='ltr'><strong>redimet</strong></span> <span class='ocrx_word' id='word_1_699' title='bbox 2409 3463 2464 3514; x_wconf 83' lang='lat' dir='ltr'><strong>in</strong></span> <span class='ocrx_word' id='word_1_700' title='bbox 2509 3475 2636 3528; x_wconf 88' lang='lat' dir='ltr'><strong>pace</strong></span> <span class='ocrx_word' id='word_1_701' title='bbox 2680 3459 2916 3511; x_wconf 89' lang='lat' dir='ltr'><strong>animam</strong></span> <span class='ocrx_word' id='word_1_702' title='bbox 2964 3474 3133 3512; x_wconf 85' lang='lat' dir='ltr'><strong>meam</strong></span> <span class='ocrx_word' id='word_1_703' title='bbox 3179 3457 3242 3510; x_wconf 88' lang='lat' dir='ltr'><strong>ab</strong></span> <span class='ocrx_word' id='word_1_704' title='bbox 3284 3458 3370 3520; x_wconf 76' lang='lat' dir='ltr'><strong>iis,</strong></span> <span class='ocrx_word' id='word_1_705' title='bbox 3403 3458 3493 3525; x_wconf 86' lang='lat' dir='ltr'><strong>qui</strong></span> 
     </span>
    </p>
   </div>
   <div class='ocr_carea' id='block_1_94' title="bbox 1934 3548 3493 3625">
    <p class='ocr_par' dir='ltr' id='par_1_94' title="bbox 1934 3548 3493 3625">
     <span class='ocr_line' id='line_1_95' title="bbox 1934 3548 3493 3625; baseline -0.006 -14"><span class='ocrx_word' id='word_1_706' title='bbox 1934 3557 2351 3625; x_wconf 83' lang='lat' dir='ltr'><strong>appropinquant</strong></span> <span class='ocrx_word' id='word_1_707' title='bbox 2381 3553 2531 3618; x_wconf 81' lang='lat' dir='ltr'><strong>mihi,</strong></span> <span class='ocrx_word' id='word_1_708' title='bbox 2562 3551 2613 3606; x_wconf 88' lang='lat' dir='ltr'><strong>id</strong></span> <span class='ocrx_word' id='word_1_709' title='bbox 2648 3557 2733 3605; x_wconf 89' lang='lat' dir='ltr'><strong>est</strong></span> <span class='ocrx_word' id='word_1_710' title='bbox 2769 3548 2838 3602; x_wconf 89' lang='lat' dir='ltr'><strong>ab</strong></span> <span class='ocrx_word' id='word_1_711' title='bbox 2870 3548 2937 3603; x_wconf 88' lang='lat' dir='ltr'><strong>iis</strong></span> <span class='ocrx_word' id='word_1_712' title='bbox 2967 3550 3057 3616; x_wconf 87' lang='lat' dir='ltr'><strong>qui</strong></span> <span class='ocrx_word' id='word_1_713' title='bbox 3093 3548 3362 3619; x_wconf 81' lang='lat' dir='ltr'><strong>proxime,</strong></span> <span class='ocrx_word' id='word_1_714' title='bbox 3382 3562 3493 3602; x_wconf 86' lang='lat' dir='ltr'><strong>non</strong></span> 
     </span>
    </p>
   </div>
   <div class='ocr_carea' id='block_1_95' title="bbox 1933 3638 3494 3716">
    <p class='ocr_par' dir='ltr' id='par_1_95' title="bbox 1933 3638 3494 3716">
     <span class='ocr_line' id='line_1_96' title="bbox 1933 3638 3494 3716; baseline -0.005 -15"><span class='ocrx_word' id='word_1_715' title='bbox 1933 3638 2147 3716; x_wconf 82' lang='lat' dir='ltr'><strong>procul,</strong></span> <span class='ocrx_word' id='word_1_716' title='bbox 2188 3646 2506 3714; x_wconf 75' lang='lat' dir='ltr'><strong>impugnant</strong></span> <span class='ocrx_word' id='word_1_717' title='bbox 2552 3655 2674 3706; x_wconf 88' lang='lat' dir='ltr'><strong>me;</strong></span> <span class='ocrx_word' id='word_1_718' title='bbox 2706 3638 2858 3692; x_wconf 87' lang='lat' dir='ltr'><strong>multi</strong></span> <span class='ocrx_word' id='word_1_719' title='bbox 2901 3653 3031 3692; x_wconf 87' lang='lat' dir='ltr'><strong>sane</strong></span> <span class='ocrx_word' id='word_1_720' title='bbox 3067 3651 3318 3701; x_wconf 88' lang='lat' dir='ltr'><strong>numero,</strong></span> <span class='ocrx_word' id='word_1_721' title='bbox 3353 3653 3494 3705; x_wconf 84' lang='lat' dir='ltr'><strong>quos</strong></span> 
     </span>
    </p>
   </div>
   <div class='ocr_carea' id='block_1_96' title="bbox 1934 3725 3493 3803">
    <p class='ocr_par' dir='ltr' id='par_1_96' title="bbox 1934 3725 3493 3803">
     <span class='ocr_line' id='line_1_97' title="bbox 1934 3725 3493 3803; baseline -0.005 -13"><span class='ocrx_word' id='word_1_722' title='bbox 1934 3735 2242 3790; x_wconf 90' lang='lat' dir='ltr'><strong>bumiliabit</strong></span> <span class='ocrx_word' id='word_1_723' title='bbox 2281 3733 2372 3803; x_wconf 89' lang='lat' dir='ltr'><strong>qui</strong></span> <span class='ocrx_word' id='word_1_724' title='bbox 2405 3738 2491 3786; x_wconf 90' lang='lat' dir='ltr'><strong>est</strong></span> <span class='ocrx_word' id='word_1_725' title='bbox 2531 3737 2658 3784; x_wconf 89' lang='lat' dir='ltr'><strong>ante</strong></span> <span class='ocrx_word' id='word_1_726' title='bbox 2688 3729 2886 3784; x_wconf 64' lang='lat' dir='ltr'><strong>saecula</strong></span> <span class='ocrx_word' id='word_1_727' title='bbox 2932 3726 3095 3783; x_wconf 89' lang='lat' dir='ltr'><strong>Deus.</strong></span> <span class='ocrx_word' id='word_1_728' title='bbox 3127 3725 3314 3796; x_wconf 83' lang='lat' dir='ltr'><strong>Neque</strong></span> <span class='ocrx_word' id='word_1_729' title='bbox 3346 3742 3493 3782; x_wconf 76' lang='lat' dir='ltr'><strong>emm</strong></span> 
     </span>
    </p>
   </div>
   <div class='ocr_carea' id='block_1_97' title="bbox 1934 3814 3493 3889">
    <p class='ocr_par' dir='ltr' id='par_1_97' title="bbox 1934 3814 3493 3889">
     <span class='ocr_line' id='line_1_98' title="bbox 1934 3814 3493 3889; baseline -0.008 -10"><span class='ocrx_word' id='word_1_730' title='bbox 1934 3825 2025 3880; x_wconf 90' lang='lat' dir='ltr'><strong>illa</strong></span> <span class='ocrx_word' id='word_1_731' title='bbox 2048 3824 2115 3878; x_wconf 90' lang='lat' dir='ltr'><strong>ad</strong></span> <span class='ocrx_word' id='word_1_732' title='bbox 2140 3824 2304 3878; x_wconf 85' lang='lat' dir='ltr'><strong>breve</strong></span> <span class='ocrx_word' id='word_1_733' title='bbox 2326 3830 2537 3889; x_wconf 90' lang='lat' dir='ltr'><strong>tempus</strong></span> <span class='ocrx_word' id='word_1_734' title='bbox 2568 3818 2703 3888; x_wconf 88' lang='lat' dir='ltr'><strong>ipsis</strong></span> <span class='ocrx_word' id='word_1_735' title='bbox 2728 3817 2854 3870; x_wconf 88' lang='lat' dir='ltr'><strong>data</strong></span> <span class='ocrx_word' id='word_1_736' title='bbox 2872 3814 3275 3884; x_wconf 85' lang='lat' dir='ltr'><strong>opportunitas,</strong></span> <span class='ocrx_word' id='word_1_737' title='bbox 3306 3814 3362 3869; x_wconf 91' lang='lat' dir='ltr'><strong>in</strong></span> <span class='ocrx_word' id='word_1_738' title='bbox 3385 3829 3493 3883; x_wconf 87' lang='lat' dir='ltr'><strong>qua</strong></span> 
     </span>
    </p>
   </div>
   <div class='ocr_carea' id='block_1_98' title="bbox 1935 3905 3493 3986">
    <p class='ocr_par' dir='ltr' id='par_1_98' title="bbox 1935 3905 3493 3986">
     <span class='ocr_line' id='line_1_99' title="bbox 1935 3905 3493 3986; baseline -0.008 -18"><span class='ocrx_word' id='word_1_739' title='bbox 1935 3915 2148 3986; x_wconf 73' lang='lat' dir='ltr'><strong>gloriati</strong></span> <span class='ocrx_word' id='word_1_740' title='bbox 2180 3920 2329 3972; x_wconf 84' lang='lat' dir='ltr'><strong>sunt,</strong></span> <span class='ocrx_word' id='word_1_741' title='bbox 2365 3917 2421 3964; x_wconf 91' lang='lat' dir='ltr'><strong>et</strong></span> <span class='ocrx_word' id='word_1_742' title='bbox 2444 3909 2717 3964; x_wconf 86' lang='lat' dir='ltr'><strong>civitatem</strong></span> <span class='ocrx_word' id='word_1_743' title='bbox 2754 3920 2907 3961; x_wconf 88' lang='lat' dir='ltr'><strong>suam</strong></span> <span class='ocrx_word' id='word_1_744' title='bbox 2948 3905 3237 3975; x_wconf 87' lang='lat' dir='ltr'><strong>iniquitate</strong></span> <span class='ocrx_word' id='word_1_745' title='bbox 3266 3912 3320 3959; x_wconf 90' lang='lat' dir='ltr'><strong>et</strong></span> <span class='ocrx_word' id='word_1_746' title='bbox 3357 3919 3493 3957; x_wconf 90' lang='lat' dir='ltr'><strong>con-</strong></span> 
     </span>
    </p>
   </div>
   <div class='ocr_carea' id='block_1_99' title="bbox 1933 3996 3495 4073">
    <p class='ocr_par' dir='ltr' id='par_1_99' title="bbox 1933 3996 3495 4073">
     <span class='ocr_line' id='line_1_100' title="bbox 1933 3996 3495 4073; baseline -0.009 -9"><span class='ocrx_word' id='word_1_747' title='bbox 1933 4006 2255 4063; x_wconf 86' lang='lat' dir='ltr'><strong>tradictione</strong></span> <span class='ocrx_word' id='word_1_748' title='bbox 2275 4003 2641 4073; x_wconf 85' lang='lat' dir='ltr'><strong>repleverunt,</strong></span> <span class='ocrx_word' id='word_1_749' title='bbox 2665 3999 2759 4054; x_wconf 89' lang='lat' dir='ltr'><strong>diu</strong></span> <span class='ocrx_word' id='word_1_750' title='bbox 2784 3998 3150 4069; x_wconf 88' lang='lat' dir='ltr'><strong>permanebit;</strong></span> <span class='ocrx_word' id='word_1_751' title='bbox 3177 3996 3270 4052; x_wconf 89' lang='lat' dir='ltr'><strong>sed</strong></span> <span class='ocrx_word' id='word_1_752' title='bbox 3296 4013 3495 4067; x_wconf 77' lang='lat' dir='ltr'><strong>prope-</strong></span> 
     </span>
    </p>
   </div>
   <div class='ocr_carea' id='block_1_100' title="bbox 1934 4088 3494 4159">
    <p class='ocr_par' dir='ltr' id='par_1_100' title="bbox 1934 4088 3494 4159">
     <span class='ocr_line' id='line_1_101' title="bbox 1934 4088 3494 4159; baseline -0.01 -5"><span class='ocrx_word' id='word_1_753' title='bbox 1934 4099 2077 4155; x_wconf 89' lang='lat' dir='ltr'><strong>diem</strong></span> <span class='ocrx_word' id='word_1_754' title='bbox 2102 4094 2556 4156; x_wconf 89' lang='lat' dir='ltr'><strong>humiliabuntur,</strong></span> <span class='ocrx_word' id='word_1_755' title='bbox 2591 4092 2671 4145; x_wconf 89' lang='lat' dir='ltr'><strong>ira</strong></span> <span class='ocrx_word' id='word_1_756' title='bbox 2703 4088 2801 4143; x_wconf 87' lang='lat' dir='ltr'><strong>Dei</strong></span> <span class='ocrx_word' id='word_1_757' title='bbox 2831 4089 2982 4159; x_wconf 89' lang='lat' dir='ltr'><strong>ipsos</strong></span> <span class='ocrx_word' id='word_1_758' title='bbox 3010 4096 3064 4143; x_wconf 88' lang='lat' dir='ltr'><strong>et</strong></span> <span class='ocrx_word' id='word_1_759' title='bbox 3092 4088 3367 4143; x_wconf 89' lang='lat' dir='ltr'><strong>civitatem</strong></span> <span class='ocrx_word' id='word_1_760' title='bbox 3398 4104 3494 4143; x_wconf 84' lang='lat' dir='ltr'><strong>eo-</strong></span> 
     </span>
    </p>
   </div>
   <div class='ocr_carea' id='block_1_101' title="bbox 1934 4177 3493 4251">
    <p class='ocr_par' dir='ltr' id='par_1_101' title="bbox 1934 4177 3493 4251">
     <span class='ocr_line' id='line_1_102' title="bbox 1934 4177 3493 4251; baseline -0.01 -6"><span class='ocrx_word' id='word_1_761' title='bbox 1934 4206 2053 4244; x_wconf 87' lang='lat' dir='ltr'><strong>rum</strong></span> <span class='ocrx_word' id='word_1_762' title='bbox 2084 4187 2391 4250; x_wconf 88' lang='lat' dir='ltr'><strong>invadente,</strong></span> <span class='ocrx_word' id='word_1_763' title='bbox 2424 4185 2498 4238; x_wconf 89' lang='lat' dir='ltr'><strong>ita</strong></span> <span class='ocrx_word' id='word_1_764' title='bbox 2534 4190 2594 4238; x_wconf 89' lang='lat' dir='ltr'><strong>ut</strong></span> <span class='ocrx_word' id='word_1_765' title='bbox 2624 4179 2885 4251; x_wconf 89' lang='lat' dir='ltr'><strong>templum</strong></span> <span class='ocrx_word' id='word_1_766' title='bbox 2917 4180 3049 4234; x_wconf 91' lang='lat' dir='ltr'><strong>illud</strong></span> <span class='ocrx_word' id='word_1_767' title='bbox 3089 4179 3301 4249; x_wconf 77' lang='lat' dir='ltr'><strong>insigne</strong></span> <span class='ocrx_word' id='word_1_768' title='bbox 3340 4177 3394 4231; x_wconf 90' lang='lat' dir='ltr'><strong>in</strong></span> <span class='ocrx_word' id='word_1_769' title='bbox 3429 4193 3493 4230; x_wconf 78' lang='lat' dir='ltr'><strong>ea</strong></span> 
     </span>
    </p>
   </div>
   <div class='ocr_carea' id='block_1_102' title="bbox 1935 4267 3495 4349">
    <p class='ocr_par' dir='ltr' id='par_1_102' title="bbox 1935 4267 3495 4349">
     <span class='ocr_line' id='line_1_103' title="bbox 1935 4267 3495 4349; baseline -0.01 -17"><span class='ocrx_word' id='word_1_770' title='bbox 1935 4278 2170 4349; x_wconf 87' lang='lat' dir='ltr'><strong>positum</strong></span> <span class='ocrx_word' id='word_1_771' title='bbox 2199 4276 2469 4337; x_wconf 90' lang='lat' dir='ltr'><strong>diruatur,</strong></span> <span class='ocrx_word' id='word_1_772' title='bbox 2511 4281 2563 4326; x_wconf 91' lang='lat' dir='ltr'><strong>et</strong></span> <span class='ocrx_word' id='word_1_773' title='bbox 2588 4272 2767 4326; x_wconf 89' lang='lat' dir='ltr'><strong>cultus</strong></span> <span class='ocrx_word' id='word_1_774' title='bbox 2806 4269 3002 4323; x_wconf 87' lang='lat' dir='ltr'><strong>ibidem</strong></span> <span class='ocrx_word' id='word_1_775' title='bbox 3035 4268 3265 4338; x_wconf 88' lang='lat' dir='ltr'><strong>persolvi</strong></span> <span class='ocrx_word' id='word_1_776' title='bbox 3298 4267 3495 4320; x_wconf 82' lang='lat' dir='ltr'><strong>solitus</strong></span> 
     </span>
    </p>
   </div>
   <div class='ocr_carea' id='block_1_103' title="bbox 1134 4352 1827 4451">
    <p class='ocr_par' dir='ltr' id='par_1_103' title="bbox 1134 4352 1827 4451">
     <span class='ocr_line' id='line_1_104' title="bbox 1134 4352 1827 4451; baseline -0.013 -10"><span class='ocrx_word' id='word_1_777' title='bbox 1134 4352 1444 4447; x_wconf 58' lang='grc' dir='ltr'>ἐπακούσας</span> <span class='ocrx_word' id='word_1_778' title='bbox 1469 4386 1498 4436; x_wconf 88' lang='grc' dir='ltr'>ὁ</span> <span class='ocrx_word' id='word_1_779' title='bbox 1519 4381 1649 4444; x_wconf 82' lang='grc' dir='ltr'>Θεὸς</span> <span class='ocrx_word' id='word_1_780' title='bbox 1680 4379 1827 4451; x_wconf 79' lang='grc' dir='ltr'>βοῆς,</span> 
     </span>
    </p>
   </div>
   <div class='ocr_carea' id='block_1_104' title="bbox 1925 4352 3495 4451">
    <p class='ocr_par' dir='ltr' id='par_1_104' title="bbox 1934 4352 3495 4426">
     <span class='ocr_line' id='line_1_105' title="bbox 1934 4352 3495 4426; baseline -0.01 -6"><span class='ocrx_word' id='word_1_781' title='bbox 1934 4365 2002 4420; x_wconf 87' lang='lat' dir='ltr'><strong>de</strong></span> <span class='ocrx_word' id='word_1_782' title='bbox 2049 4365 2228 4419; x_wconf 91' lang='lat' dir='ltr'><strong>medio</strong></span> <span class='ocrx_word' id='word_1_783' title='bbox 2261 4363 2502 4417; x_wconf 86' lang='lat' dir='ltr'><strong>tollatur.</strong></span> <span class='ocrx_word' id='word_1_784' title='bbox 2537 4360 2629 4413; x_wconf 84' lang='lat' dir='ltr'><strong>Sic</strong></span> <span class='ocrx_word' id='word_1_785' title='bbox 2662 4359 2847 4426; x_wconf 88' lang='lat' dir='ltr'><strong>itaque</strong></span> <span class='ocrx_word' id='word_1_786' title='bbox 2897 4355 3041 4410; x_wconf 91' lang='lat' dir='ltr'><strong>Deus</strong></span> <span class='ocrx_word' id='word_1_787' title='bbox 3079 4370 3164 4408; x_wconf 90' lang='lat' dir='ltr'><strong>me</strong></span> <span class='ocrx_word' id='word_1_788' title='bbox 3196 4352 3495 4408; x_wconf 81' lang='lat' dir='ltr'><strong>exaudiens</strong></span> 
     </span>
    </p>
   </div>
   <div class='ocr_carea' id='block_1_105' title="bbox 1935 4454 2383 4509">
    <p class='ocr_par' dir='ltr' id='par_1_105' title="bbox 1935 4454 2383 4509">
     <span class='ocr_line' id='line_1_106' title="bbox 1935 4454 2383 4509; baseline -0.018 0"><span class='ocrx_word' id='word_1_789' title='bbox 1935 4454 2241 4509; x_wconf 84' lang='lat' dir='ltr'><strong>bumiliabit</strong></span> <span class='ocrx_word' id='word_1_790' title='bbox 2268 4467 2383 4506; x_wconf 90' lang='lat' dir='ltr'><strong>eos.</strong></span> 
     </span>
    </p>
   </div>
   <div class='ocr_carea' id='block_1_106' title="bbox 2009 4529 3495 4600">
    <p class='ocr_par' dir='ltr' id='par_1_106' title="bbox 2009 4529 3495 4600">
     <span class='ocr_line' id='line_1_107' title="bbox 2009 4529 3495 4600; baseline -0.009 -5"><span class='ocrx_word' id='word_1_791' title='bbox 2009 4540 2171 4595; x_wconf 71' lang='lat' dir='ltr'><strong>Vsus.</strong></span> <span class='ocrx_word' id='word_1_792' title='bbox 2203 4540 2294 4600; x_wconf 58' lang='grc' dir='ltr'><strong>ξι,</strong></span> <span class='ocrx_word' id='word_1_793' title='bbox 2319 4538 2410 4591; x_wconf 73' lang='lat'><strong>22.</strong></span> <span class='ocrx_word' id='word_1_794' title='bbox 2450 4535 2574 4588; x_wconf 85' lang='lat' dir='ltr'><strong>Non</strong></span> <span class='ocrx_word' id='word_1_795' title='bbox 2610 4535 2747 4588; x_wconf 84' lang='lat' dir='ltr'><strong>enim</strong></span> <span class='ocrx_word' id='word_1_796' title='bbox 2776 4539 2854 4585; x_wconf 81' lang='lat' dir='ltr'><strong>est</strong></span> <span class='ocrx_word' id='word_1_797' title='bbox 2885 4531 2992 4586; x_wconf 81' lang='lat' dir='ltr'><strong>illis</strong></span> <span class='ocrx_word' id='word_1_798' title='bbox 3023 4529 3364 4584; x_wconf 84' lang='lat' dir='ltr'><strong>commutatio</strong></span> <span class='ocrx_word' id='word_1_799' title='bbox 3384 4569 3399 4590; x_wconf 91' lang='lat'><strong>,</strong></span> <span class='ocrx_word' id='word_1_800' title='bbox 3445 4536 3495 4582; x_wconf 85' lang='lat' dir='ltr'><strong>et</strong></span> 
     </span>
    </p>
   </div>
   <div class='ocr_carea' id='block_1_107' title="bbox 1935 4620 3496 4690">
    <p class='ocr_par' dir='ltr' id='par_1_107' title="bbox 1935 4620 3496 4690">
     <span class='ocr_line' id='line_1_108' title="bbox 1935 4620 3496 4690; baseline -0.008 0"><span class='ocrx_word' id='word_1_801' title='bbox 1935 4651 2040 4690; x_wconf 85' lang='lat' dir='ltr'><strong>non</strong></span> <span class='ocrx_word' id='word_1_802' title='bbox 2068 4633 2349 4685; x_wconf 81' lang='lat' dir='ltr'><strong>timuerunt</strong></span> <span class='ocrx_word' id='word_1_803' title='bbox 2405 4626 2590 4690; x_wconf 88' lang='lat' dir='ltr'><strong>Deum,</strong></span> <span class='ocrx_word' id='word_1_804' title='bbox 2622 4632 2675 4679; x_wconf 91' lang='lat' dir='ltr'><strong>et</strong></span> <span class='ocrx_word' id='word_1_805' title='bbox 2703 4629 2918 4677; x_wconf 58' lang='lat' dir='ltr'><strong>caetera.</strong></span> <span class='ocrx_word' id='word_1_806' title='bbox 2948 4620 3271 4676; x_wconf 84' lang='lat' dir='ltr'><strong>Memoralos</strong></span> <span class='ocrx_word' id='word_1_807' title='bbox 3302 4620 3496 4690; x_wconf 84' lang='lat' dir='ltr'><strong>impios</strong></span> 
     </span>
    </p>
   </div>
   <div class='ocr_carea' id='block_1_108' title="bbox 1933 4712 3496 4789">
    <p class='ocr_par' dir='ltr' id='par_1_108' title="bbox 1933 4712 3496 4789">
     <span class='ocr_line' id='line_1_109' title="bbox 1933 4712 3496 4789; baseline -0.01 -9"><span class='ocrx_word' id='word_1_808' title='bbox 1933 4719 2243 4779; x_wconf 86' lang='lat' dir='ltr'><strong>bumiliabit</strong></span> <span class='ocrx_word' id='word_1_809' title='bbox 2270 4719 2360 4789; x_wconf 89' lang='lat' dir='ltr'><strong>qui</strong></span> <span class='ocrx_word' id='word_1_810' title='bbox 2390 4724 2474 4773; x_wconf 87' lang='lat' dir='ltr'><strong>est</strong></span> <span class='ocrx_word' id='word_1_811' title='bbox 2515 4723 2640 4769; x_wconf 89' lang='lat' dir='ltr'><strong>ante</strong></span> <span class='ocrx_word' id='word_1_812' title='bbox 2669 4714 2864 4769; x_wconf 64' lang='lat' dir='ltr'><strong>saecula</strong></span> <span class='ocrx_word' id='word_1_813' title='bbox 2901 4712 3065 4777; x_wconf 89' lang='lat' dir='ltr'><strong>Deus,</strong></span> <span class='ocrx_word' id='word_1_814' title='bbox 3096 4719 3365 4781; x_wconf 90' lang='lat' dir='ltr'><strong>eruntque</strong></span> <span class='ocrx_word' id='word_1_815' title='bbox 3398 4713 3496 4765; x_wconf 85' lang='lat' dir='ltr'><strong>hu-</strong></span> 
     </span>
    </p>
   </div>
   <div class='ocr_carea' id='block_1_109' title="bbox 1935 4802 3496 4877">
    <p class='ocr_par' dir='ltr' id='par_1_109' title="bbox 1935 4802 3496 4877">
     <span class='ocr_line' id='line_1_110' title="bbox 1935 4802 3496 4877; baseline -0.009 -7"><span class='ocrx_word' id='word_1_816' title='bbox 1935 4816 2113 4877; x_wconf 87' lang='lat' dir='ltr'><strong>miles,</strong></span> <span class='ocrx_word' id='word_1_817' title='bbox 2138 4826 2202 4866; x_wconf 90' lang='lat' dir='ltr'><strong>ac</strong></span> <span class='ocrx_word' id='word_1_818' title='bbox 2230 4810 2367 4864; x_wconf 88' lang='lat' dir='ltr'><strong>tales</strong></span> <span class='ocrx_word' id='word_1_819' title='bbox 2419 4807 2511 4861; x_wconf 89' lang='lat' dir='ltr'><strong>diu</strong></span> <span class='ocrx_word' id='word_1_820' title='bbox 2569 4804 2983 4875; x_wconf 88' lang='lat' dir='ltr'><strong>permanebunt,</strong></span> <span class='ocrx_word' id='word_1_821' title='bbox 3025 4803 3153 4872; x_wconf 85' lang='lat' dir='ltr'><strong>quia</strong></span> <span class='ocrx_word' id='word_1_822' title='bbox 3182 4802 3365 4857; x_wconf 89' lang='lat' dir='ltr'><strong>nullus</strong></span> <span class='ocrx_word' id='word_1_823' title='bbox 3391 4803 3496 4857; x_wconf 85' lang='lat' dir='ltr'><strong>erit</strong></span> 
     </span>
    </p>
   </div>
   <div class='ocr_carea' id='block_1_110' title="bbox 1778 4892 3495 4976">
    <p class='ocr_par' dir='ltr' id='par_1_110' title="bbox 1778 4892 3495 4976">
     <span class='ocr_line' id='line_1_111' title="bbox 1778 4892 3495 4976; baseline -0.008 -17"><span class='ocrx_word' id='word_1_824' title='bbox 1778 4918 1835 4969; x_wconf 64' lang='grc' dir='ltr'><strong>ὑ-</strong></span> <span class='ocrx_word' id='word_1_825' title='bbox 1936 4905 2030 4976; x_wconf 91' lang='lat' dir='ltr'><strong>qui</strong></span> <span class='ocrx_word' id='word_1_826' title='bbox 2060 4904 2150 4958; x_wconf 89' lang='lat' dir='ltr'><strong>det</strong></span> <span class='ocrx_word' id='word_1_827' title='bbox 2188 4916 2287 4973; x_wconf 91' lang='lat' dir='ltr'><strong>pro</strong></span> <span class='ocrx_word' id='word_1_828' title='bbox 2325 4899 2432 4954; x_wconf 91' lang='lat' dir='ltr'><strong>illis</strong></span> <span class='ocrx_word' id='word_1_829' title='bbox 2459 4894 2960 4951; x_wconf 85' lang='lat' dir='ltr'><strong>commutationem.</strong></span> <span class='ocrx_word' id='word_1_830' title='bbox 3004 4892 3138 4947; x_wconf 85' lang='lat' dir='ltr'><strong>Nam</strong></span> <span class='ocrx_word' id='word_1_831' title='bbox 3172 4908 3296 4947; x_wconf 91' lang='lat' dir='ltr'><strong>cum</strong></span> <span class='ocrx_word' id='word_1_832' title='bbox 3329 4894 3495 4948; x_wconf 89' lang='lat' dir='ltr'><strong>semel</strong></span> 
     </span>
    </p>
   </div>
   <div class='ocr_carea' id='block_1_111' title="bbox 1806 4983 3497 5054">
    <p class='ocr_par' dir='ltr' id='par_1_111' title="bbox 1806 4983 3497 5054">
     <span class='ocr_line' id='line_1_112' title="bbox 1806 4983 3497 5054; baseline -0.016 0"><span class='ocrx_word' id='word_1_833' title='bbox 1806 5008 1835 5054; x_wconf 78' lang='grc' dir='ltr'>ὖ</span> <span class='ocrx_word' id='word_1_834' title='bbox 1936 4998 2031 5053; x_wconf 86' lang='lat' dir='ltr'><strong>Dei</strong></span> <span class='ocrx_word' id='word_1_835' title='bbox 2063 4994 2234 5050; x_wconf 85' lang='lat' dir='ltr'><strong>Filius</strong></span> <span class='ocrx_word' id='word_1_836' title='bbox 2257 5007 2377 5048; x_wconf 85' lang='lat' dir='ltr'><strong>sese</strong></span> <span class='ocrx_word' id='word_1_837' title='bbox 2405 4987 2617 5044; x_wconf 87' lang='lat' dir='ltr'><strong>dederit</strong></span> <span class='ocrx_word' id='word_1_838' title='bbox 2637 4986 2691 5039; x_wconf 90' lang='lat' dir='ltr'><strong>in</strong></span> <span class='ocrx_word' id='word_1_839' title='bbox 2720 4983 3147 5054; x_wconf 85' lang='lat' dir='ltr'><strong>redemptionem</strong></span> <span class='ocrx_word' id='word_1_840' title='bbox 3177 4991 3231 5038; x_wconf 89' lang='lat' dir='ltr'><strong>et</strong></span> <span class='ocrx_word' id='word_1_841' title='bbox 3252 4998 3497 5038; x_wconf 84' lang='lat' dir='ltr'><strong>commu-</strong></span> 
     </span>
    </p>
   </div>
   <div class='ocr_carea' id='block_1_112' title="bbox 1926 5074 3497 5155">
    <p class='ocr_par' dir='ltr' id='par_1_112' title="bbox 1926 5074 3497 5155">
     <span class='ocr_line' id='line_1_113' title="bbox 1926 5074 3497 5155; baseline -0.011 -11"><span class='ocrx_word' id='word_1_842' title='bbox 1926 5086 2192 5144; x_wconf 69' lang='lat' dir='ltr'><strong>tationem</strong></span> <span class='ocrx_word' id='word_1_843' title='bbox 2244 5100 2341 5155; x_wconf 90' lang='lat' dir='ltr'><strong>pro</strong></span> <span class='ocrx_word' id='word_1_844' title='bbox 2391 5078 2802 5152; x_wconf 90' lang='lat' dir='ltr'><strong>peccatoribus;</strong></span> <span class='ocrx_word' id='word_1_845' title='bbox 2858 5089 2953 5130; x_wconf 87' lang='lat' dir='ltr'><strong>eos</strong></span> <span class='ocrx_word' id='word_1_846' title='bbox 2979 5076 3195 5145; x_wconf 89' lang='lat' dir='ltr'><strong>quidem</strong></span> <span class='ocrx_word' id='word_1_847' title='bbox 3224 5076 3316 5145; x_wconf 88' lang='lat' dir='ltr'><strong>qui</strong></span> <span class='ocrx_word' id='word_1_848' title='bbox 3352 5074 3405 5127; x_wconf 88' lang='lat' dir='ltr'><strong>in</strong></span> <span class='ocrx_word' id='word_1_849' title='bbox 3438 5089 3497 5128; x_wconf 88' lang='lat' dir='ltr'><strong>se</strong></span> 
     </span>
    </p>
   </div>
   <div class='ocr_carea' id='block_1_113' title="bbox 1937 5161 3498 5240">
    <p class='ocr_par' dir='ltr' id='par_1_113' title="bbox 1937 5161 3498 5240">
     <span class='ocr_line' id='line_1_114' title="bbox 1937 5161 3498 5240; baseline -0.015 -3"><span class='ocrx_word' id='word_1_850' title='bbox 1937 5179 2284 5237; x_wconf 89' lang='lat' dir='ltr'><strong>crediderunt</strong></span> <span class='ocrx_word' id='word_1_851' title='bbox 2313 5173 2532 5236; x_wconf 79' lang='lat' dir='ltr'><strong>exemit,</strong></span> <span class='ocrx_word' id='word_1_852' title='bbox 2557 5181 2717 5240; x_wconf 91' lang='lat' dir='ltr'><strong>atque</strong></span> <span class='ocrx_word' id='word_1_853' title='bbox 2748 5183 2779 5221; x_wconf 89' lang='lat' dir='ltr'><strong>a</strong></span> <span class='ocrx_word' id='word_1_854' title='bbox 2813 5166 3055 5236; x_wconf 88' lang='lat' dir='ltr'><strong>pristinis</strong></span> <span class='ocrx_word' id='word_1_855' title='bbox 3085 5166 3301 5221; x_wconf 82' lang='lat' dir='ltr'><strong>delictis</strong></span> <span class='ocrx_word' id='word_1_856' title='bbox 3327 5161 3498 5219; x_wconf 86' lang='lat' dir='ltr'><strong>omni-</strong></span> 
     </span>
    </p>
   </div>
   <div class='ocr_carea' id='block_1_114' title="bbox 1937 5251 3496 5332">
    <p class='ocr_par' dir='ltr' id='par_1_114' title="bbox 1937 5251 3496 5332">
     <span class='ocr_line' id='line_1_115' title="bbox 1937 5251 3496 5332; baseline -0.017 -4"><span class='ocrx_word' id='word_1_857' title='bbox 1937 5273 2041 5328; x_wconf 89' lang='lat' dir='ltr'><strong>bus</strong></span> <span class='ocrx_word' id='word_1_858' title='bbox 2088 5266 2378 5332; x_wconf 84' lang='lat' dir='ltr'><strong>liberavit;</strong></span> <span class='ocrx_word' id='word_1_859' title='bbox 2430 5264 2566 5317; x_wconf 91' lang='lat' dir='ltr'><strong>alios</strong></span> <span class='ocrx_word' id='word_1_860' title='bbox 2621 5274 2752 5316; x_wconf 85' lang='lat' dir='ltr'><strong>vero</strong></span> <span class='ocrx_word' id='word_1_861' title='bbox 2808 5254 3040 5328; x_wconf 80' lang='lat' dir='ltr'><strong>reliquit</strong></span> <span class='ocrx_word' id='word_1_862' title='bbox 3073 5258 3337 5327; x_wconf 73' lang='lat' dir='ltr'><strong>abiectos,</strong></span> <span class='ocrx_word' id='word_1_863' title='bbox 3371 5251 3496 5320; x_wconf 74' lang='lat' dir='ltr'><strong>quin</strong></span> 
     </span>
    </p>
   </div>
   <div class='ocr_carea' id='block_1_115' title="bbox 1939 5349 3495 5436">
    <p class='ocr_par' dir='ltr' id='par_1_115' title="bbox 1939 5349 3495 5436">
     <span class='ocr_line' id='line_1_116' title="bbox 1939 5349 3495 5436; baseline -0.017 -17"><span class='ocrx_word' id='word_1_864' title='bbox 1939 5364 2170 5436; x_wconf 89' lang='lat' dir='ltr'><strong>pretium</strong></span> <span class='ocrx_word' id='word_1_865' title='bbox 2205 5374 2304 5431; x_wconf 90' lang='lat' dir='ltr'><strong>pro</strong></span> <span class='ocrx_word' id='word_1_866' title='bbox 2332 5373 2391 5413; x_wconf 88' lang='lat' dir='ltr'><strong>se</strong></span> <span class='ocrx_word' id='word_1_867' title='bbox 2418 5355 2603 5409; x_wconf 83' lang='lat' dir='ltr'><strong>datum</strong></span> <span class='ocrx_word' id='word_1_868' title='bbox 2630 5368 2738 5408; x_wconf 90' lang='lat' dir='ltr'><strong>non</strong></span> <span class='ocrx_word' id='word_1_869' title='bbox 2780 5349 3139 5413; x_wconf 81' lang='lat' dir='ltr'><strong>admiserunt,</strong></span> <span class='ocrx_word' id='word_1_870' title='bbox 3168 5358 3339 5413; x_wconf 81' lang='lat' dir='ltr'><strong>neque</strong></span> <span class='ocrx_word' id='word_1_871' title='bbox 3370 5353 3495 5393; x_wconf 69' lang='grc' dir='ltr'><strong>ονο-</strong></span> 
     </span>
    </p>
   </div>
   <div class='ocr_carea' id='block_1_116' title="bbox 1939 5430 3496 5520">
    <p class='ocr_par' dir='ltr' id='par_1_116' title="bbox 1939 5430 3496 5520">
     <span class='ocr_line' id='line_1_117' title="bbox 1939 5430 3496 5520; baseline -0.004 -9"><span class='ocrx_word' id='word_1_872' title='bbox 1939 5430 2194 5511; x_wconf 79' lang='lat' dir='ltr'><strong>diderunt</strong></span> <span class='ocrx_word' id='word_1_873' title='bbox 2235 5452 2289 5505; x_wconf 92' lang='lat' dir='ltr'><strong>iu</strong></span> <span class='ocrx_word' id='word_1_874' title='bbox 2321 5448 2615 5520; x_wconf 86' lang='lat' dir='ltr'><strong>pretiosum</strong></span> <span class='ocrx_word' id='word_1_875' title='bbox 2661 5444 2980 5517; x_wconf 82' lang='lat' dir='ltr'><strong>sanguinem</strong></span> <span class='ocrx_word' id='word_1_876' title='bbox 3015 5430 3496 5520; x_wconf 48' lang='lat' dir='ltr'><strong>Redcull’wﬁ5___“&quot;t</strong></span> 
     </span>
    </p>
   </div>
   <div class='ocr_carea' id='block_1_117' title="bbox 1941 5516 3497 5600">
    <p class='ocr_par' dir='ltr' id='par_1_117' title="bbox 1941 5516 3497 5600">
     <span class='ocr_line' id='line_1_118' title="bbox 1941 5516 3497 5600; baseline -0.019 0"><span class='ocrx_word' id='word_1_877' title='bbox 1941 5543 2239 5600; x_wconf 80' lang='lat' dir='ltr'><strong>Salvatoris</strong></span> <span class='ocrx_word' id='word_1_878' title='bbox 2272 5516 2514 5595; x_wconf 80' lang='lat' dir='ltr'><strong>omnium</strong></span> <span class='ocrx_word' id='word_1_879' title='bbox 2546 5536 2847 5592; x_wconf 89' lang='lat' dir='ltr'><strong>hominum.</strong></span> <span class='ocrx_word' id='word_1_880' title='bbox 2898 5526 3255 5594; x_wconf 85' lang='lat' dir='ltr'><strong>Quamobrem</strong></span> <span class='ocrx_word' id='word_1_881' title='bbox 3290 5519 3357 5572; x_wconf 91' lang='lat' dir='ltr'><strong>de</strong></span> <span class='ocrx_word' id='word_1_882' title='bbox 3390 5516 3497 5571; x_wconf 87' lang='lat' dir='ltr'><strong>illis</strong></span> 
     </span>
    </p>
   </div>
   <div class='ocr_carea' id='block_1_118' title="bbox 1940 5610 3618 5703">
    <p class='ocr_par' dir='ltr' id='par_1_118' title="bbox 1940 5610 3618 5703">
     <span class='ocr_line' id='line_1_119' title="bbox 1940 5610 3618 5703; baseline -0.021 -11"><span class='ocrx_word' id='word_1_883' title='bbox 1940 5636 2170 5691; x_wconf 84' lang='lat' dir='ltr'><strong>dicitur:</strong></span> <span class='ocrx_word' id='word_1_884' title='bbox 2208 5630 2327 5686; x_wconf 82' lang='lat' dir='ltr'><strong>Non</strong></span> <span class='ocrx_word' id='word_1_885' title='bbox 2351 5631 2486 5687; x_wconf 86' lang='lat' dir='ltr'><strong>enim</strong></span> <span class='ocrx_word' id='word_1_886' title='bbox 2513 5638 2589 5683; x_wconf 81' lang='lat' dir='ltr'><strong>est</strong></span> <span class='ocrx_word' id='word_1_887' title='bbox 2615 5626 2722 5682; x_wconf 72' lang='lat' dir='ltr'><strong>illis</strong></span> <span class='ocrx_word' id='word_1_888' title='bbox 2738 5615 3096 5703; x_wconf 72' lang='lat' dir='ltr'><strong>commutatio.</strong></span> <span class='ocrx_word' id='word_1_889' title='bbox 3114 5610 3291 5676; x_wconf 70' lang='lat' dir='ltr'><strong>Quare</strong></span> <span class='ocrx_word' id='word_1_890' title='bbox 3314 5612 3493 5661; x_wconf 84' lang='lat' dir='ltr'><strong>autem</strong></span> <span class='ocrx_word' id='word_1_891' title='bbox 3601 5673 3618 5690; x_wconf 25' lang='grc' dir='ltr'><strong>κ</strong></span> 
     </span>
    </p>
   </div>
  </div>
