3988 6202
198 308 314 365 4‘30

1342 313 1845 370 COMMENTARIA
1883 317 1948 371 IN
1992 317 2327 374 PSALMOS.

3340 330 3445 384 ιοο

197 425 297 479 καὶ
331 422 624 494 ὑποκρίσει
669 421 1037 490 ἀπαλύνοντες
1084 425 1293 480 ἑαυτῶν
1335 430 1460 495 τοὺς
1501 430 1691 500 λόγους
1722 432 1785 486 ἐκ

1892 434 2033 491 tione
2064 436 2370 492 mollientes
2405 438 2578 508 palam
2636 456 2914 499 sermones
2948 459 3102 507 suos,
3143 445 3269 500 dum
3302 447 3446 503 intus

194 515 292 570 τοῦ
342 514 604 585 φανεροῦ,
639 514 841 570 ἔσωθεν
880 517 938 570 δέ
983 519 1177 583 αὐτοὺς
1224 521 1601 587 ἀκοντίσαντες
1646 526 1786 597 ὑπὲρ

194 608 448 680 βολίδας,
498 607 636 661 ἀλλά
683 609 777 661 καὶ
816 610 978 673 αὐτὸς
1019 614 1047 664 ὁ
1086 611 1349 683 προδότης
1395 616 1634 683 γεγονὼς
1690 618 1785 671 τοῦ

191 702 483 774 Σωτῆρος,
517 700 707 755 ὁποίου
733 701 921 767 τέλους
958 703 1236 768 τεύξονται
1268 705 1594 777 δεδήλωται·
1625 710 1688 763 σὺ
1729 708 1787 763 δέ

188 797 219 848 ὁ
270 793 489 847 τούτων
534 793 906 866 ἀκροώμενος,
960 796 1344 866 σωφρονισθεὶς
1385 799 1493 851 ἀπὸ
1535 798 1629 853 τοῦ
1679 799 1787 854 τῶν

190 883 658 955 προλελεγμένων
710 885 922 949 τέλους,
975 887 1068 939 καὶ
1113 889 1142 940 ὁ
1194 887 1272 958 τῷ
1329 892 1786 962 προφητευομένῳ

188 977 321 1029 ὅλον
354 976 555 1030 σαυτὸν
597 976 890 1041 ἐπιδιδοὺς,
924 977 1133 1052 θάρσει,
1163 978 1263 1050 τὴν
1300 981 1496 1034 σαυτοῦ
1531 983 1787 1053 φροντίδα

194 1067 504 1140 ὲπερῤἱψας
540 1069 628 1121 ἐπ’
676 1068 861 1133 αὐτὸν,
895 1064 982 1122 οἷα
1024 1070 1474 1149 ΚαινῇΔιαθήκῃ
1519 1074 1788 1145 μαθητευ-

194 1159 337 1225 θεὶς,
374 1161 441 1214 δι’
470 1156 540 1234 ἧς
569 1162 734 1226 αὐτὸς
770 1164 797 1216 ὁ
822 1161 1010 1235 Σωτὴρ
1039 1164 1283 1218 παιδεύει
1307 1165 1478 1235 λέγων
1498 1185 1511 1198 ·
1547 1166 1644 1234 Μὴ
1690 1185 1788 1237 με·

193 1252 535 1322 ριμνήσητε
585 1253 644 1306 τί
694 1252 939 1323 φάγητε,
980 1254 1134 1324 μηδὲ
1181 1257 1237 1309 τί
1288 1257 1488 1325 πίητε·
1533 1259 1647 1323 καὶ,
1687 1258 1785 1327 Μὴ

199 1345 515 1413 κτήσησθε
557 1344 793 1413 χρυσὸν
831 1345 987 1415 μηδὲ
1038 1346 1315 1419 ἄργυρον,
1358 1350 1514 1418 μηδὲ
1558 1351 1788 1421 χαλκὸν

201 1441 290 1504 εἷς
346 1437 674 1505 τὰς-,ζώνας
718 1436 902 1508 ὑμῶν.
941 1438 1103 1493 Ταῦτ’
1138 1438 1230 1496 οὖν
1276 1443 1534 1509 φυλάξας,
1567 1444 1788 1512 culpet-

201 1534 326 1600 ψον
353 1530 454 1583 ἐπὶ
489 1530 711 1597 Κύριον
736 1528 853 1597 τὴν
885 1531 1180 1601 μέριμναν
1211 1548 1348 1598 σου,
1374 1533 1471 1586 καὶ
1510 1536 1691 1600 αὑτός
1714 1549 1788 1588 σε

203 1622 534 1691 διαθρέψει,
564 1622 652 1675 τὸν
686 1621 851 1694 ἄρτον
896 1640 979 1677 σοι
1011 1624 1187 1689 διδοὺς
1230 1626 1321 1678 τὸν
1363 1626 1655 1691 ἐπιούσιον,
1694 1626 1787 1681 καὶ

207 1714 309 1783 τὴν
354 1713 578 1784 λογικὴν
625 1712 718 1765 καὶ
763 1714 1083 1785 ἐπουράνιον
1141 1715 1378 1787 τροφήν·
1428 1715 1685 1789 ἐπαρκῶν
1729 1716 1784 1768 δὲ

211 1777 308 1863 καὶ
326 1809 398 1862 τὲ
414 1777 551 1880 πρὸς
564 1810 654 1862 τὸν
675 1809 780 1879 βίον
797 1777 1052 1881 χρειώδη.
1072 1777 1264 1880 Toxica;
1367 1809 1475 1880 γὰρ
1516 1777 1784 1882 ἐπήγγελ-

216 1917 311 1953 ται
352 1901 561 1970 φήσας·
608 1897 731 1955 Οἵδε
772 1903 884 1970 γὰρ
924 1904 957 1955 ὀ
997 1900 1199 1969 Πατὴρ
1231 1902 1397 1971 ὑμῶν
1439 1904 1472 1956 ό
1506 1900 1783 1970 οὐράνιος

221 1986 311 2045 ὧν
335 1993 543 2062 χρείαν
567 1993 725 2062 ἔχετε
755 1993 869 2060 πρὸ
900 1992 1007 2046 τοῦ
1038 2011 1091 2046 τι
1119 1992 1303 2046 αὐτὸν
1333 1991 1571 2061 αἰτῆσαι
1606 1991 1779 2063 ὑμᾶς.

223 2085 415 2150 Αὐτός
449 2100 521 2137 σε
561 2084 625 2138 δὲ
661 2082 986 2153 διαθρέψει,
1034 2084 1109 2148 ὡς
1169 2084 1263 2139 καὶ
1315 2084 1492 2138 πάντα
1538 2084 1741 2140 δίκαιον
1765 2102 1780 2117 ο

217 2175 401 2229 οὐδένα
440 2176 546 2248 γὰρ
589 2176 809 2229 πώποτε
857 2176 964 2229 τῶν
996 2173 1218 2228 δικαίων
1251 2175 1659 2240 καταλέλοιπεν,
1710 2176 1786 2240 ὡς

214 2270 500 2342 ὑπομεῖναι
533 2272 694 2326 αὐτὸν
730 2270 892 2325 σάλον
931 2270 1067 2343 πρὸς
1108 2270 1169 2323 τὸ
1216 2269 1540 2340 σαλευθῆναι
1576 2269 1671 2323 καὶ
1702 2271 1788 2323 ἐκ·

209 2366 414 2417 πεσεῖν.
446 2363 538 2416 Διὸ
570 2363 818 2418 λέλεκται
850 2362 976 2433 ἐξῆς
999 2378 1013 2393 ο
1050 2364 1132 2417 Οὺ
1156 2361 1334 2416 δώσει
1366 2365 1451 2429 εὶς
1473 2360 1578 2416 τὸν
1603 2361 1788 2416 αἰῶνα

207 2454 405 2508 σάλον
446 2454 526 2521 τῷ
574 2454 814 2522 δικαίῳ·
863 2454 896 2523 ἢ
943 2454 1085 2508 κατά
1134 2454 1227 2509 τὸν
1273 2454 1602 2525 Σύμμαχον’
1663 2456 1786 2508 Οὐκ

208 2544 460 2600 ἐκδώσει
505 2548 592 2611 εις
617 2545 806 2598 αιῶνα
848 2544 1204 2613 κλεισθῆναι
1254 2544 1504 2601 δίκαιον.
1562 2545 1653 2599 Διὸ
1702 2545 1791 2599 λέ-

209 2635 396 2692 λεκται
443 2639 503 2690 ἐν
545 2637 751 2708 ἑτέροις
775 2654 787 2665 ·
837 2635 1131 2704 Νεώτερος
1173 2637 1485 2706 ἐγενόμην,
1534 2637 1632 2691 καὶ
1680 2637 1789 2706 γὰρ

207 2729 499 2799 ἐγήρασα,
539 2730 637 2785 καὶ
669 2731 781 2783 οὐκ
820 2725 983 2784 εἶδον
1009 2729 1241 2783 δίκαιον
1263 2729 1790 2800 ἐγκαταλελειμμέ-

210 2838 342 2883 νον,
378 2820 521 2874 οὐδὲ
547 2820 615 2874 τὸ
643 2820 882 2891 σπέρμα
902 2820 1088 2878 αὐτοῦ
1119 2820 1332 2889 ζητοῦν
1355 2821 1594 2890 ἄρτους.
1624 2820 1787 2875 Ταῦτ’

210 2910 402 2973 εἰπὼν,
432 2912 561 2982 ἑξῆς
603 2912 800 2981 ἐπάγει
831 2913 960 2985 περὶ
1004 2912 1112 2966 τῶν
1158 2913 1458 2967 ἐπιϐούλων
1486 2912 1582 2968 τοῦ
1609 2915 1790 2986 Σωτῆ-

214 3021 306 3073 ρος
329 3004 412 3068 τὸ,
443 3004 529 3058 Σὺ
564 3004 633 3057 δὲ
675 3008 707 3058 ὁ
753 3005 896 3071 Θεὸς
934 3004 1210 3072 κατάξεις
1239 3005 1461 3073 αὐτοὺς
1486 3009 1573 3073 εις
1606 3006 1790 3076 φρέαρ

1888 536 2213 583 exacuerent
2248 529 2369 598 plus
2393 546 2553 599 quam
2585 533 2722 599 tela,
2754 533 2862 587 imo
2896 535 3058 589 etiam
3110 536 3226 607 ipse
3261 539 3447 594 Salva-

1886 618 2023 673 toris
2050 619 2317 687 proditor,
2354 637 2513 691 quem
2550 622 2708 678 tinem
2752 627 2964 681 nacturi
2992 627 3101 681 sint
3142 629 3248 693 iam
3279 630 3451 684 declao

1886 716 2062 762 ratum
2092 717 2212 776 est;
2250 720 2305 765 tu
2338 727 2466 767 vero
2492 714 2584 783 qui
2626 713 2739 768 hmo
2767 716 3066 778 auscultas.
3093 733 3281 772 eorum
3313 736 3451 789 quos

1886 791 2227 855 narravimus
2255 804 2402 857 exitu
2438 804 2678 873 prudens
2702 805 2927 862 effectus
2952 850 2966 872 ,
3012 814 3065 862 et
3100 809 3349 879 quisquis
3399 812 3447 866 ei

1887 882 1979 958 qui
2022 891 2077 943 in
2108 890 2363 946 vaticiuio
2400 892 2569 953 fertur
2620 901 2672 949 te
2730 901 2901 950 totum
2932 895 3168 962 dedisti,
3215 899 3446 963 conﬁde,

1886 979 2110 1035 edoctus
2127 996 2155 1034 a
2172 979 2320 1036 Novo
2349 980 2695 1038 Testamento
2725 999 2911 1039 curam
2930 993 3078 1041 tuam
3112 1002 3276 1057 super
3300 988 3452 1042 illum

1882 1070 2113 1139 jactare,
2149 1071 2237 1125 ubi
2272 1072 2387 1142 ipse
2422 1072 2671 1128 Salvator
2721 1076 2863 1131 hanc
2899 1076 3203 1132 doctrinam
3245 1077 3448 1134 tradit:

1891 1159 2072 1216 Nolite
2104 1163 2319 1216 solliciti
2350 1180 2461 1218 esse
2487 1166 2609 1235 quid
2644 1167 2989 1233 manducetis,
3027 1180 3119 1222 aut
3150 1169 3274 1240 quid
3305 1169 3452 1223 biba-

1890 1252 1958 1306 tis
1990 1254 2010 1284 ³
2038 1271 2051 1317 ;
2108 1262 2161 1308 et
2204 1272 2218 1308 :
2262 1253 2441 1309 Nolite
2464 1258 2730 1325 possidere
2768 1276 2954 1314 aurum
2975 1300 2990 1325 ,
3022 1277 3112 1314 nec
3149 1272 3448 1332 argentum,

1888 1362 2048 1416 neque
2080 1363 2151 1400 ars
2180 1348 2233 1400 in
2282 1349 2427 1401 zonis
2457 1359 2641 1405 vestris
2675 1352 2714 1405 ⁸.
2748 1350 2874 1408 Haec
2904 1353 3087 1423 itaque
3115 1370 3237 1408 cum
3268 1368 3452 1409 serva-

1887 1440 2053 1501 veris,
2081 1439 2235 1508 jacta
2269 1456 2422 1509 super
2447 1441 2729 1497 Dominum
2756 1460 2936 1499 curam
2964 1455 3130 1509 tuam,
3171 1456 3220 1501 et
3258 1448 3367 1516 ipse
3404 1454 3453 1503 te

1888 1533 2117 1585 enutriet
2146 1571 2161 1593 ,
2210 1532 2348 1587 dans
2378 1534 2475 1587 tibi
2522 1550 2714 1603 panem
2751 1538 3327 1609 supersubstantialem
3351 1579 3367 1602 ,
3401 1549 3455 1595 et

1888 1623 2205 1678 rationalem
2272 1624 2659 1697 caelestemque
2730 1629 2961 1697 cibum;
3030 1631 3454 1687 subministrans

1890 1730 2108 1785 quoque
2141 1731 2203 1771 ea
2246 1733 2365 1787 qua:
2403 1729 2529 1773 sunt
2557 1719 2622 1774 ad
2652 1722 2813 1776 vitam
2845 1723 3193 1778 necessaria:
3230 1724 3283 1779 id
3308 1725 3453 1779 enim

1886 1806 2161 1875 pollicitus
2183 1807 2267 1863 his
2299 1809 2482 1863 verbis
2513 1818 2598 1865 est
2625 1830 2638 1863 :
2667 1808 2779 1865 Scit
2816 1815 2953 1867 enim
2990 1815 3152 1869 Pater
3177 1825 3342 1870 vester
3363 1833 3458 1871 cte-

1884 1896 2031 1951 lestis
2054 1914 2275 1967 quorum
2306 1915 2432 1968 opus
2471 1899 2693 1967 habetis,
2720 1913 2994 1975 antequam
3016 1906 3139 1976 quid
3159 1924 3244 1961 vos
3266 1908 3455 1976 petatis

1887 1987 1952 2042 ab
1980 1989 2092 2057 ipso
2121 1991 2164 2045 '.
2197 1989 2318 2060 Ipse
2353 2001 2400 2047 te
2420 1995 2663 2057 enutriet,
2700 2004 2759 2050 ut
2803 2004 2856 2050 et
2890 2000 3186 2068 quemlibet
3219 2001 3454 2071 justum;

1886 2082 2157 2138 neminem
2187 2085 2332 2140 enim
2371 2086 2647 2157 justorum
2691 2104 2930 2159 unquam
2987 2091 3061 2145 ita
3107 2093 3356 2163 reliquit,
3396 2100 3459 2148 ut

1886 2174 2292 2234 ﬂuctuationem
2338 2188 2635 2249 pateretur,
2673 2196 2737 2235 ac
2787 2183 3068 2239 vacillaret
3121 2192 3175 2239 et
3218 2184 3453 2240 caderet.

1888 2268 2068 2351 Quare
2091 2271 2193 2325 sub
2222 2270 2337 2327 haec
2363 2271 2569 2328 dictum
2606 2282 2726 2328 est:
2769 2273 2891 2329 Non
2934 2275 3080 2329 dabit
3112 2278 3167 2330 in
3205 2286 3458 2331 retentum

1888 2360 2281 2427 ﬂuctuationem
2303 2362 2479 2427 iusto;
2504 2363 2617 2418 sive
2643 2371 2700 2417 ut
2729 2363 3125 2435 Symmachus:
3158 2366 3280 2421 Non
3310 2366 3459 2422 dabit

1890 2452 1943 2505 in
1972 2460 2222 2507 teternum
2244 2452 2421 2506 claudi
2435 2454 2662 2523 justum.
2690 2453 2816 2511 Ideo
2845 2456 2972 2509 alibi
2996 2456 3197 2511 dicitur
3222 2474 3237 2512 :
3265 2456 3459 2513 Junior

1890 2538 1989 2608 fui,
2015 2541 2203 2595 etenim
2232 2544 2410 2608 senui,
2455 2554 2504 2595 et
2547 2559 2649 2596 non
2702 2543 2808 2597 vidi
2854 2544 3061 2613 justum
3114 2544 3455 2613 derelictum,

1890 2647 1981 2684 nec
2009 2647 2179 2685 semen
2208 2632 2322 2701 ejus
2350 2649 2585 2703 quwrens
2633 2649 2793 2701 panes
2841 2634 2882 2687 ⁸.
2941 2632 3036 2690 His
3067 2636 3292 2704 prolatis
3316 2678 3332 2702 ,
3389 2633 3458 2693 de

1889 2719 2300 2778 insidiatoribus
2326 2721 2626 2781 Salvatoris
2646 2724 2748 2780 hoc
2772 2724 2959 2795 adjicit
2984 2744 2996 2780 :
3033 2725 3111 2779 Tu
3131 2742 3267 2794 vero,
3297 2726 3455 2794 Deus,

1890 2813 2110 2869 deduces
2152 2832 2239 2870 eos
2285 2816 2341 2870 in
2378 2826 2591 2885 puteum
2639 2818 2917 2881 interitus;
2957 2817 3100 2883 sive,
3157 2818 3457 2875 secundum

1892 2902 2298 2976 Symmachum,
2333 2906 2411 2961 Tu
2441 2924 2579 2974 vero,
2612 2907 2754 2963 Deus
2774 2948 2788 2974 ,
2832 2908 3042 2979 dejicies
3071 2922 3157 2963 eos
3184 2910 3238 2962 in
3282 2908 3459 2962 Iucum

1890 2997 2133 3052 interitus
2164 3000 2226 3052 9:
2281 2999 2348 3054 de
2396 3016 2504 3070 quo
2542 3001 2662 3055 lacu
2717 3009 2971 3058 sexcenta
3024 3000 3273 3071 superius
3315 3000 3458 3055 dicta

210 3094 536 3165 διαφθορᾶς
558 3114 572 3125 ·
607 3097 642 3168 ἢ
675 3096 819 3150 κατά
845 3097 935 3151 τὸν
972 3098 1301 3171 Σύμμαχονο
1335 3099 1419 3154 Σὺ
1459 3099 1527 3154 δὲ
1570 3104 1604 3154 ὁ
1646 3102 1787 3169 θεὸς

1894 3098 2055 3154 sunt,
2091 3091 2322 3162 exempli
2352 3092 2526 3163 gratia
2553 3112 2565 3147 :
2601 3092 2923 3162 Exspectans
2956 3093 3245 3161 exspectavi
3276 3090 3460 3147 Domi-

214 3186 589 3256 κατενέγκεις
628 3188 852 3254 αὐτοὺς
882 3191 967 3255 εὶς
993 3189 1225 3257 λάκκον
1266 3189 1619 3260 διαφθορᾶς·
1669 3193 1796 3263 περὶ

212 3270 275 3331 οὗ
300 3277 503 3332 λάκκου
536 3279 707 3350 μυρία
736 3279 826 3333 διὰ
852 3278 959 3334 τῶν
992 3281 1298 3354 ἔμπροσθεν
1332 3281 1543 3354 εἴρηται
1563 3298 1577 3314 ο
1602 3281 1790 3355 ὥσπερ

218 3371 276 3422 ἐν
319 3370 424 3442 τῷο
488 3371 822 3441 Ύπομένων
870 3372 1158 3443 ὑπέμεινα
1213 3374 1321 3428 τὸν
1377 3375 1633 3443 Κύριον,
1695 3375 1793 3430 καὶ

218 3463 525 3534 προσέσχε
553 3482 676 3533 μοι,
722 3466 823 3519 καὶ
859 3464 1120 3536 ἀνήγαγέ
1145 3484 1222 3536 με
1244 3467 1314 3521 ἐκ
1335 3467 1565 3522 λάκκου
1594 3472 1793 3523 ταλαι-

218 3556 460 3623 πωρίας,
507 3556 609 3610 καὶ
641 3556 761 3611 ἀπὸ
793 3557 991 3625 πηλοῦ
1038 3559 1239 3626 ίλύος·
1292 3560 1386 3614 καὶ
1423 3561 1584 3615 πάλιν
1606 3579 1619 3592 ο
1672 3562 1793 3630 Μή-

220 3663 359 3700 ποτε
394 3648 879 3719 παρασιωπήσης
904 3651 1005 3724 ἄξι’
1031 3650 1196 3720 ἐμοῦ,
1229 3653 1326 3706 καὶ
1357 3653 1794 3722 όμοιωθήσομαι

218 3740 338 3807 τοῖς
378 3742 847 3796 καταϐαίνουσιν
888 3745 975 3808 είς
1006 3742 1265 3798 λάκκον-⁸
1303 3745 1399 3798 καὶ
1449 3740 1602 3809 αὖθις
1621 3762 1634 3774 ·
1675 3745 1793 3799 Κύ-

216 3847 319 3896 ριε.
346 3829 649 3900 ἀνήγαγες
684 3831 755 3896 ἐξ
785 3831 932 3899 ᾅδου
972 3833 1087 3902 τὴν
1126 3834 1339 3904 ψυχήν
1378 3853 1517 3905 μου,
1553 3834 1795 3902 ἕσωσάς

216 3938 285 3989 με
313 3920 434 3975 ἀπὸ
474 3922 593 3975 τῶν
639 3924 1118 3995 καταϐαινόντων
1152 3927 1239 3990 είς
1282 3923 1533 3979 λάκκον.
1596 3924 1732 3978 Ἀλλ’
1766 3927 1794 3978 ὁ

219 4013 315 4081 μὲν
339 4012 557 4077 δίκαιος
584 4012 905 4076 διασώζεται
939 4014 1074 4087 πρὸς
1103 4015 1164 4068 τὸ
1199 4015 1273 4087 μὴ
1306 4015 1694 4088 κατενεχθῆναι
1716 4017 1794 4080 εἰς

216 4104 304 4156 τδν
328 4103 664 4175 δηλούμενον
687 4105 888 4159 λάκκον
907 4122 918 4136 ·
950 4108 999 4159 οἰ
1026 4107 1082 4159 δὲ
1114 4107 1330 4171 ἀσεϐεῖς
1361 4108 1511 4161 κάτω
1541 4108 1792 4180 φέρονται

219 4198 292 4259 είς
314 4196 503 4259 αὐτὸν,
531 4196 637 4249 ὑπὸ
660 4196 755 4250 τοῦ
781 4196 915 4251 Θεοῦ
939 4199 1523 4271 καταρασσόμενοι,έὼς
1551 4202 1631 4265 εἰς
1664 4219 1794 4255 κατ-

217 4288 443 4359 άλληλον
480 4289 666 4352 αὐτοῖς
704 4290 923 4361 χωρίον.
958 4289 1173 4344 Λάκκον
1212 4291 1269 4346 δέ
1293 4292 1669 4365 ταλαιπωρίας
1703 4293 1794 4346 καὶ

217 4382 383 4452 πηλὸν
433 4381 600 4445 ἰλύος,
645 4383 739 4436 καὶ
772 4383 950 4456 φρέαρ
976 4384 1272 4456 διαφθορᾶς
1306 4385 1399 4438 τὸν
1423 4384 1515 4439 τοῦ
1561 4385 1791 4440 θανάτου

214 4472 378 4528 τόπον
412 4474 599 4528 καλεῖν
650 4475 837 4530 εἴωθεν
865 4477 894 4529 ὁ
937 4475 1125 4545 λόγος·
1153 4479 1234 4541 εἰς
1274 4477 1333 4531 ὃν
1365 4478 1792 4532 καταϐάλλονται

214 4565 370 4634 δίκην
410 4565 524 4619 τῶν
573 4565 780 4619 ἄνωθεν
820 4568 1278 4640 καταφερομένων
1319 4570 1376 4622 ἐν
1417 4571 1529 4633 τοῖς
1572 4568 1794 4634 λάκκοις

218 4655 427 4709 ὑδάτων
472 4657 529 4708 αἱ
575 4654 684 4708 τῶν
729 4657 937 4710 ἀσεϐῶν
968 4659 1157 4729 ψυχαί.
1210 4659 1322 4712 Καὶ
1362 4660 1659 4732 ἐπειδήπερ
1708 4660 1795 4714 διὰ

213 4743 323 4796 τῶν
366 4744 678 4815 ἔμπροσθεν
720 4745 845 4809 τοὺς
888 4745 1149 4815 φονευτάς
1195 4747 1289 4801 τοῦ
1339 4749 1590 4821 Σωτῆρος
1638 4748 1793 4821 ἡμῶν

215 4835 426 4907 ἐδήλου,
461 4835 772 4900 ἀκολούθως
806 4837 896 4891 καὶ
927 4837 1024 4892 νῦν
1052 4839 1182 4912 περ).
1224 4839 1333 4893 τῶν
1367 4841 1545 4895 αὐτῶν
1594 4858 1788 4912 φησιν·

216 4926 459 4995 Ἄνδρες
488 4926 753 4998 αἱμάτων
777 4929 873 4983 καί
902 4929 1245 4998 δολιότητος
1266 4948 1280 4961 ⁸
1312 4934 1384 4987 οὐ
1410 4931 1498 5002 μὴ
1544 4934 1793 5002 ἡμιεσεύ-

210 5035 372 5074 σωσι
413 5021 521 5086 τὰς
553 5019 776 5089 ἡμέρας
811 5021 1041 5076 αὐτῶν·
1086 5024 1118 5094 ἢ
1155 5023 1296 5077 κατά
1326 5025 1415 5079 τὸν
1456 5025 1750 5097 Σύμμαχον
1774 5043 1788 5056 ⁸

210 5115 539 5181 Μιαιςςόνοι
586 5112 685 5166 καὶ
717 5112 906 5167 δόλιοι
935 5116 1049 5184 οὐχ
1085 5116 1463 5184 ήμισεύσωσι
1508 5118 1615 5183 τὰς
1656 5119 1796 5187 1W—

201 5222 327 5273 ρας
354 5201 557 5258 αὐτῶν
575 5220 588 5232 ο
618 5204 652 5274 ἠ
680 5203 820 5257 κατά
844 5204 934 5257 τὸν
969 5204 1195 5259 ’Δκύλαν
1216 5224 1229 5236 ·
1270 5205 1510 5276 Ἄνδρες
1536 5207 1795 5278 αἱμάτων

210 5295 315 5349 καὶ
358 5292 685 5360 ἐπιθέσεως
725 5296 837 5363 οὐχ
874 5296 1289 5363 ἡμισεύσωσιν
1319 5298 1541 5368 ἡμέρας
1576 5300 1792 5357 αὐτῶν.

209 5386 456 5457 Νοήσεις
486 5386 543 5439 δὲ
573 5386 721 5450 ὅπως
763 5387 1096 5459 ἐπληροῦντο
1122 5392 1218 5444 καὶ
1254 5389 1428 5443 ταῦτα.
1474 5391 1795 5462 ἐπιστίλσας,

209 5480 293 5542 ὡς
327 5469 675 5551 παραχρῆμα
708 5479 803 5532 καὶ
830 5481 945 5550 μετ’
973 5481 1035 5534 οὐ
1070 5481 1236 5537 πολὺν
1283 5483 1471 5553 χρόνον
1513 5489 1610 5552 τῆς
1656 5484 1810 5565 ιιιιτᾶι⁸

1377 5594 1398 5625 ⁷
1437 5591 1568 5648 Luc.
1604 5593 1814 5656 311,30.

288 5594 312 5623 ⁸
352 5590 551 5646 Matth.
587 5606 642 5643 v1
678 5589 768 5645 25.
855 5591 875 5621 °
913 5591 1111 5646 Matth.
1144 5592 1267 5659 x,9.

210 5678 410 5724 ISXK,
472 5662 525 5715 ί.
606 5661 646 5691 ⁸⁸
686 5659 826 5715 Psal.
864 5677 1026 5726 xxix,
1061 5662 1117 5716 4.

295 5756 375 5824 (1)
416 5754 631 5815 Τούτῳ.
673 5750 943 5821 lnterpres
970 5752 1168 5823 legisse
1197 5751 1415 5807 videtur
1449 5764 1623 5805 τουτο.
1668 5747 1827 5803 Enn.

567 5848 837 5909 ΡΑτιιοι..
872 5848 988 5910 Gn.
1023 5846 1263 5910 XXIII.

1824 4524 1870 4581 D

1890 3200 2034 3245 num,
2061 3193 2109 3237 et
2133 3184 2359 3238 intendit
2388 3184 2536 3249 mihi,
2552 3195 2601 3240 et
2629 3186 2808 3240 eduxit
2838 3202 2918 3240 me
2942 3185 3005 3241 de
3025 3186 3143 3240 lacu
3168 3186 3388 3239 miseria:
3409 3196 3458 3239 et

1894 3271 1958 3326 de
1985 3277 2093 3326 luto
2115 3272 2263 3341 {wris
2300 3273 2373 3341 ”;
2396 3288 2460 3327 ac
2489 3289 2708 3329 rursum
2742 3291 2756 3325 :
2789 3272 3080 3345 Nequando
3107 3284 3280 3327 taceas
3305 3291 3336 3326 α
3356 3288 3457 3336 me.

1892 3372 1942 3419 et
1968 3363 2303 3420 assimilabor
2326 3363 2756 3421 descendentibus
2786 3366 2839 3418 in
2878 3365 3052 3420 lacum
3096 3365 3171 3428 “;
3232 3364 3461 3419 iterum-

1892 3473 2036 3529 que:
2070 3457 2308 3523 Domine,
2342 3458 2571 3513 eduxisti
2607 3457 2672 3512 ab
2717 3458 2920 3527 inferno
2962 3458 3194 3511 animam
3252 3473 3417 3510 meam
3439 3495 3455 3519 ,

1893 3548 2115 3603 salvasti
2145 3565 2226 3603 me
2258 3566 2291 3603 a
2319 3548 2745 3603 descendentibus
2788 3548 2842 3601 in
2893 3547 3086 3601 lacum.
3136 3544 3240 3601 Sed
3275 3546 3459 3617 justus

1895 3640 2110 3711 quidem
2135 3643 2367 3708 eruitur,
2397 3649 2553 3696 utne
2599 3641 2656 3695 in
2704 3648 3061 3696 memoratum
3096 3640 3271 3694 lacum
3310 3638 3461 3695 defe-

1892 3741 2079 3802 ratur;
2109 3733 2259 3804 impii
2289 3748 2417 3789 vero
2464 3732 2518 3786 in
2543 3732 2720 3803 ipsum
2751 3731 3102 3801 dejiciuntur,
3131 3746 3162 3786 a
3186 3730 3295 3788 Deo
3329 3747 3463 3802 prato

1894 3825 2105 3896 cipitati
2131 3824 2291 3896 quasi
2339 3825 2395 3880 in
2440 3833 2825 3897 congruentem
2858 3824 2962 3879 sibi
2993 3823 3194 3879 locum.
3257 3822 3459 3877 Lacum

1895 3927 2074 3973 autem
2104 3919 2368 3983 miseriae,
2400 3919 2570 3972 lutum
2607 3916 2754 3972 faecis
2807 3923 2862 3972 et
2910 3924 3131 3986 puteum
3162 3916 3418 3971 interitus
3441 3954 3459 3977 .

1895 4013 2087 4066 mortis
2129 4010 2306 4066 locum
2338 4026 2534 4067 vocare
2588 4011 2724 4066 solet
2759 4008 3059 4080 Scriptura,
3094 4008 3149 4063 in
3179 4023 3339 4079 quem
3371 4007 3467 4063 de‘

1891 4103 2157 4172 jiciuntur
2204 4104 2400 4159 anima:
2432 4103 2752 4174 impiorum,
2798 4101 2972 4157 instar
3007 4115 3196 4156 eorum
3252 4099 3345 4170 qui
3392 4099 3465 4153 ab

1896 4196 2007 4251 alto
2041 4196 2160 4251 loco
2214 4195 2270 4249 in
2314 4196 2512 4261 lacum
2540 4209 2805 4265 aquarum
2855 4193 3285 4263 pmcipitantur.
3324 4191 3462 4256 Quia

1896 4303 2025 4344 vero
2056 4287 2308 4358 superius
2332 4287 2631 4342 Salvatoris
2656 4286 2833 4343 nostri
2858 4285 3238 4340 interfectores
3264 4298 3461 4339 memo-

1894 4380 2058 4444 ravit,
2084 4386 2481 4450 consequenter
2508 4379 2619 4446 jam
2648 4376 2715 4432 de
2741 4375 2935 4431 iisdem
2960 4376 3035 4428 ait
3059 4392 3072 4427 :
3115 4374 3228 4426 Viri
3255 4374 3464 4443 sangui-

1898 4488 2023 4525 num
2053 4481 2101 4524 et
2128 4471 2299 4525 dolosi
2331 4486 2434 4523 non
2457 4467 2812 4521 dimidiabunt
2840 4465 2950 4519 dies
2980 4479 3135 4529 suos;
3179 4464 3324 4527 sive.
3377 4478 3465 4519 se-

1898 4561 2137 4617 cundum
2173 4560 2589 4633 Symmachum,
2629 4557 2974 4630 Sanguinarii
2999 4567 3045 4611 et
3071 4556 3242 4610 dolosi
3263 4572 3366 4611 non
3392 4554 3468 4608 di-

1897 4654 2194 4709 midiabunt
2223 4652 2335 4707 dies
2359 4667 2514 4716 suos;
2552 4652 2638 4707 vel
2683 4649 2982 4707 secundum
3036 4648 3317 4719 Aquilam,
3352 4646 3467 4702 Vin

1900 4746 2210 4816 sanguinum
2237 4752 2286 4799 et
2304 4743 2529 4798 insultas
2550 4759 2653 4797 non
2669 4740 3019 4796 dimidiabunt
3040 4740 3148 4796 dies
3171 4755 3317 4795 suos.
3340 4737 3469 4793 Ilaec

1900 4848 1959 4892 ut
1990 4837 2210 4908 impleta
2241 4836 2464 4903 fuerint,
2499 4836 2789 4906 intelliges,
2819 4834 2863 4890 si
2895 4833 3227 4904 perpendas,
3258 4832 3464 4893 statim,

1901 4944 2001 4984 nec
2028 4928 2211 4998 elapso
2239 4925 2409 4981 multo
2428 4935 2669 4995 tempore
2698 4923 2768 4978 ab
2791 4922 3001 4978 insidiis
3020 4929 3208 4976 contra
3222 4918 3468 4974 Salvato-

1900 5035 2015 5075 rem
2038 5028 2308 5085 nostrum,
2331 5026 2504 5073 totum
2526 5031 2695 5088 genus
2735 5021 3159 5069 memoratorum
3184 5011 3466 5066 hominum

1902 5112 2159 5183 perniciei
2193 5111 2440 5166 funditus
2470 5109 2730 5165 traditum
2751 5122 2903 5172 esse,
2938 5104 3225 5161 invadente
3266 5118 3361 5159 eos
3390 5103 3470 5157 ira

1903 5205 1957 5258 in
2008 5202 2291 5259 obsidione
2345 5201 2609 5257 Romanis
2653 5200 2853 5255 bellum
2914 5194 3270 5253 inferentibus
3303 5192 3465 5247 facta.

1904 5296 2017 5352 Imo
2058 5295 2223 5352 etiam
2266 5296 2320 5351 iu
2382 5293 2637 5367 praesenti
2668 5303 2912 5362 tempore
2949 5287 3194 5344 mortalis
3243 5283 3469 5351 hujusce

1905 5393 2048 5455 vitae,
2078 5403 2202 5443 cum
2224 5402 2291 5443 ne
2325 5386 2608 5443 dimidium
2642 5385 2862 5456 quidem
2894 5380 3105 5436 dierum
3139 5378 3466 5445 exegissent,

1905 5479 2216 5551 hujusmodi
2250 5479 2512 5551 perniciei
2544 5477 2641 5535 viri
2697 5477 2774 5533 illi
2812 5473 3134 5545 sanguinem
3188 5473 3243 5520 et
3288 5460 3473 5519 dolosi

1929 5594 1950 5624 ⁸
1989 5591 2134 5651 Psal.
2169 5591 2459 5673 xxxv1,25.
2558 5591 2580 5622 ⁹
2619 5586 2763 5646 Psal.
2799 5598 3041 5647 Lxxxvn,
3075 5578 3129 5634 7.
3235 5575 3278 5607 ¹⁰
3316 5557 3469 5634 Ρεεί.

3109 5834 3182 5896 16
