3988 6202
559 334 653 387 Hi

1234 325 1501 387 EUSEBII
1539 323 2019 381 CESARIENSIS
2058 323 2205 379 OPP.
2242 322 2427 379 PARS
2462 321 2548 378 lll.
2591 353 2662 364 -
2697 320 3104 379 EXEGETICA.

3659 316 3774 374 d9!

557 446 742 503 traditi
769 454 913 503 sunt.
946 445 1073 501 Post
1102 454 1328 501 mortem
1377 460 1506 500 vero
1533 456 1780 515 quamam
1823 443 1971 513 ipsos
1999 457 2104 496 ma-

2213 441 2306 495 τοῦ
2353 442 2600 512 Σωτῆρος
2641 440 2797 512 ἡμῶν
2841 438 3127 510 ἐπιϐουλῆς
3162 436 3327 509 ἄρδην
3370 434 3429 487 τὸ
3461 434 3568 487 πᾶν
3613 431 3777 500 γένος

486 612 490 617 _
557 546 737 604 neant,
756 549 880 595 ante
903 539 1233 595 declaratum
1256 544 1341 592 cst
1360 535 1446 592 his
1461 535 1671 591 verbis:
1698 535 1773 589 Tu
1796 550 1937 598 vero,
1953 533 2113 595 Deus,

555 636 772 691 deduces
820 653 907 691 eos
950 637 1001 690 in
1047 644 1257 705 puteum
1305 633 1565 687 interitus.
1609 630 1733 686 Haec
1772 630 1990 700 quidem
2038 628 2114 682 illi

552 730 824 800 patientur
855 744 868 780 :
910 727 1021 798 Ego
1083 736 1257 782 autem
1313 726 1530 796 sperabo
1568 724 1623 777 in
1654 732 1736 786 te;
1775 722 1889 777 sive
1920 722 1968 777 is
2024 719 2113 789 qui

554 820 882 875 vaticinatur
942 819 1249 891 Propheta,
1316 817 1431 874 sive
1480 816 1527 872 is
1591 815 1686 886 qui
1742 813 1798 869 in
1855 809 2112 868 vaticinio

554 910 753 967 fertur.
1848 906 1853 915 ’

2215 532 2321 587 τῶν
2369 531 2771 604 προλεχθέντων
2812 529 3015 602 ὀλέθρῳ
3071 526 3360 599 παρεδόθη,
3413 521 3780 595 μετελθούσης

2215 623 2410 686 αὐτοὺς
2436 622 2535 693 τῆς
2555 623 2720 693 ὀργῆς
2736 622 2800 674 ’ὲν
2832 622 2895 691 τῇ
2924 615 3305 691 καταλαϐούσῃ
3334 614 3528 677 αύτοῢς
3561 607 3784 685 πολιορ-

2214 715 2307 787 κια
2349 712 2491 768 κατὰ
2538 713 2629 766 τὸν
2668 710 2969 783 Ῥωμαϊκὸν
3013 708 3271 779 πόλεμον.
3328 707 3438 761 Καὶ
3484 704 3623 768 τέως
3672 703 3787 774 μὲν

2214 805 2353 860 κατὰ
2389 804 2478 859 τὸν
2505 802 2745 876 παρόντα
2771 801 2978 873 καιρὸν,
3010 800 3105 854 καὶ
3129 799 3220 853 τὸν
3257 797 3447 871 θνητὸν
3477 800 3536 851 ὲν
3562 793 3788 866 ἀνθρὼ-

2212 915 2335 962 ποις
2364 896 2496 968 βίον,
2529 894 2661 967 μηδὲ
2680 892 3068 965 ημισεύσαντες
3086 890 3185 954 τὰς
3217 890 3426 962 ἡμέρας
3458 887 3630 942 αὐτῶν
3658 903 3789 939 τοι-

554 1003 692 1075 αύτη
762 1003 1131 1076 παρεδόθησαν
1172 1000 1415 1070 ἀπωλείᾳ
1445 1001 1494 1053 οἱ
1537 998 1728 1071 ἄνδρες
1762 996 2025 1075 αἱμάτων
2059 993 2154 1047 καὶ
2189 990 2521 1060 δολιότητοςο
2572 987 2709 1059 μετὰ
2778 986 2835 1039 δὲ
2882 985 2980 1057 τὴν
3033 983 3265 1076 ἐνταῦθα
3305 981 3579 1076 τελευτὴν,
3593 981 3792 1076 fricta.

554 1068 749 1158 αὐτοὺς
795 1068 1110 1161 διαδέξεται,
1146 1068 1541 1164 προδεδήλωται
1589 1068 1677 1144 δια
1713 1088 1828 1152 τοῦ,
1860 1086 1943 1141 Σὺ
1985 1074 2052 1139 δὲ
2081 1088 2114 1139 ό
2152 1082 2294 1148 Θεὸς
2316 1080 2591 1147 κατάξεις
2611 1077 2828 1145 αὐτοὺς
2848 1080 2934 1144 εὶς
2955 1076 3136 1147 φρέαρ
3195 1070 3533 1143 διαφθορᾶς.
3592 1068 3793 1123 Ταῦτα

557 1190 656 1257 μὲν
684 1185 775 1244 οὖν
809 1190 1003 1243 ἐκεῖνοι
1037 1189 1313 1243 πείσονται
1333 1204 1346 1218 ’
1395 1186 1536 1257 Ἐγὼ
1563 1185 1632 1239 δὲ
1657 1182 1841 1239 ἐλπιῶ
1876 1181 1972 1235 ἐπὶ
2009 1178 2110 1234 σε’
2149 1180 2268 1249 ἦτοι
2290 1178 2319 1231 ὁ
2342 1176 2511 1231 ταῦτα
2544 1174 2811 1239 θεσπίζων
2831 1168 3187 1245 προφήτηςῶ
3215 1169 3308 1222 καὶ
3334 1165 3495 1229 αὐτὸς
3555 1165 3583 1216 ὁ
3642 1178 3794 1234 προ-

554 1283 938 1355 φητευόμενος.

553 1400 605 1456 ι.
646 1399 716 1454 1N
754 1400 988 1463 “seu,
1041 1401 1178 1459 pno
1232 1401 1525 1462 eorum.
1575 1398 1692 1467 QUI
1731 1399 1775 1453 A
1813 1392 2101 1467 sucus

624 1469 850 1524 LONGE
885 1470 1156 1530 FACTUS
1202 1474 1356 1533 EST.
1398 1463 1618 1525 DAVID'
1643 1469 1709 1524 IN
1748 1465 1977 1522 TlTULl
2010 1463 2105 1519 IN-

626 1540 1100 1604 SCRIPTIONEM,
1163 1543 1306 1600 CUM
1344 1540 1765 1597 TENUERUNT
1801 1538 1946 1594 EUM
1982 1535 2103 1590 AL—

621 1609 918 1665 LOl’llYLl
941 1612 1007 1667 ΙΝ
1039 1613 1243 1670 GETH.
1273 1613 1380 1668 LV.

620 1721 787 1780 Vens.
828 1725 949 1781 2-4.
992 1725 1239 1782 Miserere
1265 1728 1385 1793 mei,
1416 1727 1555 1783 Deus
1581 1770 1596 1796 ,
1623 1729 1868 1799 quoniam
1897 1746 2109 1783 concul-

2206 1384 2319 1441 ΕΙΣ
2341 1383 2429 1434 T0
2457 1380 2678 1433 ΤΕΛΟΣ
2701 1378 2884 1432 ΥΠΕΡ
2914 1375 3050 1430 ΤΟΥ
3072 1375 3277 1439 ΛΑΟΥ,
3307 1374 3444 1429 ΤΟΥ
3468 1373 3605 1429 ΔΠΟ
3635 1376 3791 1431 ΤΩΝ

2278 1450 2480 1506 APION
2525 1445 3190 1508 ΜΕΜΔΚΡΥΜΜΕΝΟΥ,
3236 1446 3373 1499 ΤΟΥ
3416 1446 3612 1499 ΔΑΪἹΔ
3673 1447 3794 1499 ΕΙΣ

2282 1524 2366 1576 ΣΤ
2372 1518 2827 1582 ΗΛΟΓΡΑΦΙΑΝ,
2853 1516 3076 1569 υΠΟΤΕ
3096 1516 3510 1569 ΕΚΡΑΤΗΣΑΝ
3541 1516 3794 1571 ΔΥΤυΝ

2284 1594 2349 1647 01
2382 1590 2771 1643 ΑΔΛΟΦΥΛΟΙ
2812 1588 2901 1640 ΕΝ
2927 1585 3077 1639 ΓΕΘ.
3104 1586 3229 1639 NE’.

2299 1732 2587 1801 Ἐλέησόν
2606 1745 2703 1799 με,
2743 1730 2775 1783 ὁ
2825 1728 2988 1794 Θεὸς,
3028 1726 3119 1781 ὅτι
3149 1720 3525 1791 κατεπάτησέ
3559 1740 3637 1793 με
3677 1721 3793 1776 ἇν-

552 1817 685 1869 cavit
715 1833 795 1870 me
834 1816 986 1871 homo
1010 1858 1025 1883 ,
1057 1827 1168 1873 tota
1218 1817 1302 1873 die
1344 1822 1654 1890 impugnans
1708 1822 1976 1878 tribulauit
2008 1841 2104 1881 me.

2213 1829 2460 1895 θρωπος,
2494 1823 2647 1890 ὅλην
2691 1819 2805 1888 τὴν
2848 1818 3074 1889 ἡμέραν
3117 1815 3392 1887 πολεμῶν
3420 1813 3632 1883 ἐθλιψέ
3680 1830 3785 1884 με.

551 1906 792 1977 Populus
825 1910 974 1979 quia
1020 1911 1225 1966 sanctis
1257 1912 1415 1984 longe
1466 1912 1644 1969 factus
1686 1924 1803 1982 est,
1846 1923 2110 1986 quantum

552 1998 619 2051 ad
654 1999 959 2064 historiam,
989 2001 1207 2056 videtur
1250 2003 1297 2059 is
1337 2018 1460 2059 esse
1487 2006 1581 2076 qui
1610 2021 1733 2061 cum
1790 2006 1991 2063 Davide
2020 2006 2108 2063 fu-

550 2089 727 2159 giebat
757 2104 787 2143 a
811 2088 950 2146 facie
979 2090 1192 2159 Saulis;
1226 2102 1577 2151 erantautem
1607 2097 1710 2152 viri
1738 2113 1964 2154 numero
1987 2115 2111 2155 sex-

551 2179 715 2244 centi,
748 2188 809 2235 ut
862 2188 1092 2237 testatur
1142 2182 1449 2256 Regnorum
1505 2187 1794 2257 scriptura.
1844 2188 2111 2254 Quoniam

550 2285 680 2325 vero
708 2271 794 2325 bis
822 2273 965 2342 apud
985 2271 1232 2332 Gethaeos
1265 2277 1566 2349 allophylos
1594 2278 1730 2348 fuit;
1765 2281 1961 2352 primo,
1983 2296 2108 2336 cum

551 2362 702 2417 solus
729 2362 1096 2435 deprehensus
1122 2367 1261 2422 intra
1283 2377 1488 2438 portas,
1518 2370 1783 2425 insaniam
1814 2372 2108 2441 simulavit,

550 2453 770 2522 quando
797 2470 895 2511 ceu
928 2465 1183 2527 tympano
1214 2459 1465 2528 pulsabat
1511 2461 1567 2515 in
1617 2462 1789 2532 portis
1836 2462 1987 2517 urbis
2010 2502 2026 2526 ,
2055 2470 2109 2518 et

549 2545 852 2601 deﬂuebant
907 2549 1089 2604 saliva:
1138 2550 1258 2619 ejus
1316 2552 1372 2605 in
1415 2552 1637 2608 barbam
1672 2554 1750 2621 ";
1797 2553 1933 2609 alias
1978 2569 2109 2610 vero

542 2641 767 2711 quando
792 2657 914 2697 cum
941 2644 1211 2700 sexcentis
1229 2644 1361 2700 viris
1384 2645 1451 2700 ad
1495 2661 1675 2716 regem
1726 2644 1862 2701 Geth
1914 2644 2108 2702 conlu-

550 2731 628 2802 git
647 2732 712 2797 ¹³,
755 2733 846 2802 qui
864 2734 1161 2805 assignavit
1181 2736 1258 2791 illi
1285 2737 1337 2790 in
1359 2736 1729 2791 habitaculum
1753 2736 2109 2794 Sicela.Vide-

551 2834 642 2877 tur
665 2838 905 2893 praesens
946 2824 1231 2901 inscriptio
1252 2826 1365 2881 haec
1379 2825 1563 2881 Davidi
1578 2828 1870 2893 ascribere,
1891 2826 2108 2897 quando

550 2929 674 2969 cum
699 2914 971 2972 sexcentis
990 2917 1123 2973 viris
1148 2932 1331 2973 secum
1351 2916 1680 2990 fugientibus
1696 2918 1835 2989 apud
1859 2917 2106 2976 Getbzeos

550 3007 997 3078 peregrinabatur
1023 3047 1039 3074 ,
1070 3007 1165 3078 qui
1193 3007 1371 3078 ipsum
1404 3018 1731 3080 exceperunt
1769 3017 1823 3067 et
1863 3009 2005 3082 apud
2047 3026 2107 3067 se

552 3105 610 3152 ut
640 3098 873 3153 amicum
900 3099 1248 3156 detinuerunt
1270 3141 1285 3164 ,
1329 3117 1437 3172 quo
1487 3109 1727 3172 tempore
1756 3116 1789 3156 a
1815 3117 1941 3170 rege
1969 3100 2106 3159 Geth

2210 1919 2352 1983 Λαὸς
2381 1919 2489 1971 ἀπὸ
2530 1917 2638 1970 τῶν
2674 1915 2845 1984 ἁγίων
2876 1912 3355 1987 μεμακρυμμὲνος,
3384 1911 3506 1964 ὅσον
3547 1910 3643 1962 ἐπὶ
3684 1909 3789 1980 τῆς

2213 2010 2467 2084 ἱστορίας,
2498 2009 2672 2063 ἔοικεν
2717 2006 2853 2060 εἶναι
2900 2007 2929 2060 ὀ
2958 2008 3054 2060 σὺν
3098 2003 3175 2075 τῷ
3220 2000 3380 2056 Δαυῒδ
3421 1999 3635 2072 φεύγων
3673 2000 3789 2053 ἀπὸ

2210 2101 2499 2176 προσώπου
2541 2100 2744 2155 Σαούλ·
2781 2095 2919 2172 ἦσαν
2952 2098 3008 2150 δὲ
3037 2097 3127 2149 τὸν
3155 2093 3383 2167 ἀριθμὸν
3423 2093 3615 2163 ἄνδρες
3650 2091 3787 2157 ἑξα-

2209 2196 2400 2258 κόσιοι,
2422 2192 2558 2264 ὠςή
2596 2191 2785 2263 Γραφῇ
2827 2190 3093 2262 μαρτυρεῖ
3121 2187 3228 2240 τῶν
3268 2182 3579 2238 Βασιλειῶν.
3621 2182 3788 2235 Ἐπεὶ

2209 2286 2266 2340 δὲ
2296 2286 2382 2349 δὶς
2410 2285 2629 2354 γέγονεν
2664 2280 2815 2355 παρὰ
2844 2282 2957 2344 τοῖς
2982 2280 3042 2332 ἑν
3074 2278 3171 2331 Γὲθ
3213 2274 3558 2345 ἀλλοφύλοις·
3600 2274 3786 2337 ἅπαξ,

2208 2374 2298 2428 ὅτε
2339 2373 2500 2445 μόνος
2540 2368 2871 2440 ἀποληφθεὶς
2913 2367 3042 2420 εἴσω
3098 2364 3310 2430 πυλῶν,
3359 2364 3551 2435 μανίαν
3604 2379 3789 2434 προσ-

2210 2464 2558 2537 εποιήθη,δτε
2586 2462 2680 2516 καὶ
2708 2458 3074 2533 ὲτυμπάνιζεν
3102 2461 3158 2512 ἐν
3184 2461 3303 2521 ταῖς
3332 2456 3524 2519 πύλαις
3551 2455 3655 2525 τῆς
3686 2456 3789 2508 πό.

2208 2557 2363 2619 λεως,
2389 2557 2483 2610 καὶ
2521 2555 2777 2627 κατέρρει
2817 2553 2884 2607 τὰ
2924 2551 3073 2606 σίελα
3102 2550 3263 2605 αὐτοῦ
3295 2551 3385 2603 ἐπὶ
3413 2548 3502 2603 τὸν
3533 2547 3791 2615 πώγωνα

2207 2647 2397 2703 αὑτοῦ·
2422 2647 2609 2701 ἄλλοτε
2639 2646 2715 2712 δὲ,
2748 2647 2837 2699 ὅτε
2868 2645 2963 2698 σὺν
2996 2642 3248 2713 ἀνδράσιν
3277 2647 3322 2711 χ’
3357 2638 3661 2711 προσέφυγε
3700 2638 3792 2709 τῷ

2211 2737 2417 2808 βασιλεῖ
2457 2736 2557 2808 τῆς
2598 2736 2722 2800 Γὲθ,
2752 2733 2992 2806 ἀφώρισέ
3037 2751 3094 2788 τε
3134 2730 3282 2802 αὐτῷ
3312 2731 3613 2801 οἰκητήριον
3666 2730 3788 2800 τὴν

2207 2825 2421 2879 Σίκελα.
2461 2824 2623 2878 Ταῦτ’
2650 2824 2822 2878 ἔοικεν
2850 2825 2883 2893 ἡ
2915 2822 3244 2894 προκειμένη
3281 2818 3651 2891 στηλογραῖιὶα
3699 2821 3790 2872 εἰ-

2210 2917 2406 2989 ρῆσθαι
2429 2917 2506 2988 τῷ
2539 2916 2719 2984 Δαυῒδ,
2744 2915 2866 2969 καθ’
2892 2915 2950 2969 ὃν
2984 2914 3170 2986 καιρὸν
3188 2913 3303 2983 ἅμα
3333 2914 3445 2975 τοῖς
3473 2918 3519 2981 χ’
3540 2912 3656 2973 τοῖς
3683 2912 3790 2964 σὺν

2207 3010 2353 3083 αὐτῷ
2398 3011 2688 3081 φεύγουσιν
2728 3011 2988 3082 ἐπεδήμει
3032 3013 3142 3074 τοῖς
3187 3011 3244 3062 ὲν
3275 3008 3375 3062 Γέθ
3400 3026 3413 3039 ·
3452 3005 3787 3073 ὑπεδέξαντό

2207 3120 2266 3156 τε
2308 3103 2470 3158 αὑτὸν
2518 3103 2609 3158 καὶ
2659 3104 2922 3173 κατέσχον
2966 3102 3096 3173 παρ’
3126 3102 3336 3161 ἑαυτοῖς
3365 3098 3440 3163 ὡς
3475 3099 3647 3167 φίλον,
3692 3099 3783 3152 ὅτε

550 3188 606 3242 in
640 3189 812 3258 pretio
855 3188 1073 3245 habitus
1103 3196 1205 3245 est.
1247 3188 1427 3254 Quare
1458 3189 1741 3256 inscriptio
1773 3190 1853 3245 sic
1898 3189 2098 3244 habet:

2209 3195 2297 3248 καὶ
2318 3195 2483 3265 τιμῆς
2509 3192 2751 3259 ἀξιοῦται
2779 3193 2928 3264 παρὰ
2958 3191 3035 3262 τῷ
3063 3190 3270 3262 βασιλεῖ
3300 3189 3421 3242 Γέθ.
3454 3189 3548 3243 Διὸ
3578 3189 3648 3243 τὰ
3682 3190 3787 3261 τῆς

550 3279 618 3335 1η
645 3282 824 3351 ﬁnem,
848 3297 941 3351 pro
971 3282 1183 3353 populo,
1214 3283 1303 3353 qui
1338 3299 1370 3335 a
1402 3282 1598 3336 sanctis
1625 3281 1774 3351 longe
1803 3280 1975 3350 factus
2005 3290 2103 3347 est,

546 3370 742 3427 Davidi
779 3373 833 3425 in
869 3372 1010 3428 tituli
1038 3372 1455 3443 inscriptionem,
1504 3389 1623 3426 cum
1674 3379 1944 3426 tenuerunt
1988 3386 2106 3425 eum

548 3463 801 3535 allophyli
823 3466 879 3519 in
912 3462 1061 3519 Geth.
1091 3462 1399 3520 Secundum
1429 3462 1675 3535 Aquilam
1718 3477 1848 3517 vero
1867 3462 2101 3518 dicitur:

558 3554 802 3610 Victoria:
827 3555 1030 3610 auctori
1060 3572 1155 3625 pro
1174 3553 1414 3610 columba
1438 3563 1603 3616 muta,
1633 3553 2106 3625 peregrinationum

547 3648 768 3704 Doridis
798 3649 1011 3702 humilis
1043 3648 1287 3717 perfecti,
1333 3666 1449 3703 cum
1492 3657 1766 3703 tenuerunt
1803 3664 1919 3702 eum
1965 3647 2107 3718 Phy-

548 3743 706 3797 listwi
732 3744 784 3809 in
807 3740 966 3805 Geth;
991 3742 1289 3798 secundum
1308 3740 1690 3814 Symmachum
1710 3757 1838 3798 vero
1859 3761 1871 3796 :
1903 3741 2106 3797 Trium-

546 3834 701 3903 phale
731 3850 825 3902 pro
857 3832 1119 3898 columba,
1149 3848 1244 3902 pro
1272 3841 1418 3904 gente
1438 3834 1647 3903 repulsa
1670 3832 1910 3898 Davidis,
1939 3834 2106 3886 humi-

548 3924 616 3978 lis
649 3933 697 3977 et
730 3923 1014 3991 inculpati:
1045 3922 1254 3993 quando
1301 3922 1631 3977 detinuerunt
1662 3941 1777 3978 eum
1828 3923 2105 3994 Pltylistwi

547 4015 601 4068 in
632 4012 780 4069 Gelli.
814 4012 1012 4080 Quinta
1042 4021 1221 4068 autem
1252 4013 1418 4069 editio
1447 4032 1461 4069 :
1496 4013 1742 4070 Victoria:
1771 4019 1979 4070 auctori
2009 4034 2102 4088 pro

545 4105 787 4160 columba
820 4104 1076 4174 impedin
1107 4105 1317 4175 lingula,
1344 4105 1767 4160 absconditorum
1802 4107 2015 4174 Davidi,
2048 4111 2104 4163 in

547 4197 689 4252 tituli
720 4197 1131 4267 inscriptionem,
1154 4196 1362 4268 quando
1387 4206 1658 4252 tenuerunt
1685 4214 1801 4252 eum
1844 4197 2104 4269 allophyli

544 4292 601 4346 in
638 4288 766 4346 Gelli
793 4305 812 4353 ;
845 4288 1143 4346 'l‘heodotio
1172 4290 1292 4345 loco
1327 4288 1502 4356 illius,
1541 4287 1649 4344 Pro
1678 4289 1897 4359 populo,
1949 4292 2039 4362 qui
2070 4309 2103 4345 a

544 4383 743 4437 sanctis
773 4381 927 4453 longe
955 4381 1127 4453 factus
1155 4395 1254 4442 est.
1279 4380 1482 4451 pariter
1525 4395 1647 4435 cum
1683 4380 1826 4448 aliis,
1870 4396 1965 4451 pro
2010 4399 2099 4439 co-

530 4473 724 4539 lumba
770 4474 1153 4545 interpretatus
1184 4481 1287 4529 est.
1321 4470 1573 4530 Fortasse
1603 4489 1732 4530 vero
1760 4476 1854 4545 qui
1889 4475 2101 4530 colum-

544 4563 669 4625 bam
704 4573 929 4631 mutam,
957 4574 1049 4620 aut
1076 4566 1271 4636 lingua:
1294 4565 1562 4636 impedita:
1588 4566 1896 4633 ediderunt,
1923 4569 2099 4639 ipsum

545 4651 802 4710 Davidem
830 4657 971 4725 apud
1019 4654 1316 4726 allaphylos
1362 4665 1664 4711 versantem
1721 4656 2102 4725 subindicant;

547 4744 639 4800 ubi
673 4755 936 4801 consueto
983 4761 1132 4800 more
1173 4761 1281 4800 non
1338 4754 1548 4816 poterat
1581 4746 1636 4801 in
1678 4748 1883 4818 Spiritu
1914 4755 2103 4804 sancto

542 4835 856 4907 prophetiae
872 4853 1043 4906 neque
1059 4836 1388 4893 conﬁdenter
1402 4837 1630 4909 hymnos
1646 4837 1906 4907 proferre.
1925 4838 2104 4905 Quare

545 4929 850 4990 columbam
868 4930 1064 5001 lingua:
1081 4929 1275 4999 impedi
1283 4938 1349 4986 tte
1364 4931 1477 4986 sive
1492 4937 1698 4984 mutam
1715 4944 1930 5001 quoque
1948 4946 2099 4985 voca-

547 5020 683 5075 bant
704 5020 903 5088 ipsum.
924 5018 981 5074 ln
1002 5020 1325 5091 praecedenti
1347 5036 1475 5075 sane
1490 5019 1700 5090 psalmo
1727 5019 1934 5075 dictum
1966 5029 2050 5077 est
2080 5041 2092 5076 :

548 5110 679 5177 Quis
729 5109 876 5164 dabit
903 5112 1030 5164 milii
1060 5126 1255 5179 pennas
1312 5114 1450 5167 sicut
1483 5112 1777 5169 columbae?
1810 5111 1878 5168 Et
1914 5113 2095 5169 volabo

540 5210 592 5254 et
636 5200 974 5270 requiescam.
1026 5199 1196 5270 Longe
1236 5201 1468 5270 fecissem
1515 5203 1853 5259 secessionem
1898 5220 2095 5271 meam,

542 5291 862 5344 habitassem
900 5290 954 5344 in
999 5288 1200 5344 deserto
1232 5291 1310 5357 “,
1343 5294 1636 5348 secundum
1689 5292 2093 5366 Symmachum.

547 5383 813 5449 Quoniam
863 5382 1029 5453 igitur
1058 5380 1292 5452 Spiritus
1323 5394 1562 5451 sanctus,
1594 5386 1687 5456 qui
1729 5386 1783 5442 in
1828 5385 2095 5457 Propheta

541 5474 905 5543 operabatur,
951 5472 1152 5542 quique
1197 5470 1544 5527 incolumi-ne
1599 5476 1778 5544 specie
1810 5475 1864 5528 in
1899 5472 2095 5528 Serva-

540 5571 714 5619 torcm
769 5563 1117 5620 descendisse
1164 5571 1456 5629 narratur,
1522 5579 1646 5619 cum
1694 5564 1959 5620 delicatus
2012 5565 2096 5620 in-

2207 3286 2526 3357 προγραφῆς
2554 3284 2792 3356 περιέχει
2809 3301 2821 3314 ·
2852 3287 2957 3351 Εἰς
2978 3282 3045 3336 τὸ
3073 3283 3259 3349 τέλος,
3279 3281 3430 3350 ὑπὲρ
3463 3281 3572 3336 τοῦ
3599 3283 3787 3349 λαοῦ,

2204 3374 2310 3429 τοῦ
2356 3373 2474 3429 ἀπὸ
2525 3372 2635 3427 τῶν
2677 3373 2858 3442 ἁγίων
2897 3370 3415 3442 μεμακρυμμένου,
3469 3371 3548 3442 τῷ
3592 3372 3783 3436 Δαυῒδ,

2207 3465 2594 3538 στηλογραφία,
2623 3466 2711 3519 ὅτε
2750 3464 3059 3536 ἐκράτησαν
3106 3463 3266 3517 αὐτὸν
3313 3464 3361 3517 οἱ
3393 3462 3687 3532 ἀλλόφυλοι
3727 3466 3786 3518 ὲν

2205 3557 2329 3612 Γέθ.
2376 3555 2535 3612 Κατὰ
2580 3556 2636 3609 δὲ
2686 3556 2777 3610 τὸν
2815 3556 3043 3611 Ἀκύλαν
3084 3557 3295 3629 εἴρηται
3321 3574 3337 3587 θ
3379 3555 3461 3622 Τῷ
3491 3556 3787 3624 νικοποιῷ

2203 3647 2355 3715 ὑπὲρ
2381 3642 2735 3714 περιστερᾶς
2762 3644 3014 3710 ἀλάλου,
3042 3645 3413 3716 μακρυσμῶν
3455 3645 3562 3699 τοῦ
3592 3647 3788 3700 Δαυῒδ

2204 3737 2505 3803 ταπεινοῦ,
2528 3738 2781 3803 τελείου,
2823 3738 2893 3792 ἐν
2921 3737 3001 3804 τῷ
3044 3736 3338 3807 κρατῆσαι
3379 3735 3560 3791 αὐτὸν
3592 3739 3788 3791 Φυλι-

2203 3830 2449 3895 σταίους
2477 3829 2547 3883 ἐν
2572 3828 2689 3885 Γέθ
2712 3847 2725 3860 ·
2762 3829 2903 3884 κατὰ
2942 3829 2998 3883 δὲ
3049 3828 3140 3882 τὸν
3177 3827 3500 3899 Σύμμαχον·
3547 3827 3788 3881 Ἐπιγί-

2203 3938 2335 3975 mor
2357 3922 2508 3990 ὑπὲρ
2535 3920 2647 3990 τῆς
2688 3921 3058 3991 περιστερᾶς,
3087 3920 3238 3989 ὑπὲρ
3261 3921 3367 3975 τοῦ
3398 3921 3598 3989 φύλου
3623 3920 3790 3975 dxi.»

2201 4012 2429 4083 σμένου
2472 4014 2578 4069 τοῦ
2613 4012 2813 4078 Δαυῒδ,
2860 4013 2964 4067 τοῦ
3020 4014 3484 4082 ταπειιοόερρονος
3528 4014 3626 4067 καὶ
3681 4015 3787 4085 ἀμ·

2200 4104 2379 4173 ὡμου,
2408 4103 2505 4158 ὅτε
2535 4099 2832 4174 κατέθχον
2847 4103 3033 4159 αὐτὸν
3058 4106 3112 4157 οἱ
3150 4102 3492 4158 Φυλισταῖοι
3521 4103 3594 4157 ἐν
3619 4106 3781 4160 Γέθ·

2201 4197 2233 4265 ἡ
2266 4194 2322 4247 δὲ
2348 4195 2570 4267 πέμπτη
2607 4195 2842 4260 ἔκδοσις·
2885 4194 2968 4259 Τῷ
2991 4193 3274 4261 νικοποιῷ
3305 4194 3456 4263 ὑπὲρ
3480 4192 3590 4262 τῆς
3617 4211 3789 4265 πεμ-

2202 4283 2419 4354 στερᾶς
2463 4285 2571 4355 τῆς
2601 4285 2953 4357 μοτιλάλου,
2975 4287 3394 4357 κεκρυμμένων
3444 4286 3525 4353 τῷ
3570 4289 3784 4353 Acuta,

2200 4378 2288 4443 εἰς
2334 4380 2802 4448 στηλογραερίαν,
2854 4381 3033 4434 ὁπότε
3082 4378 3424 4447 ἐκράτησαν
3478 4379 3680 4433 αὐτὸν
3733 4385 3788 4436 οι

2202 4465 2539 4535 ἀλλόφυλοι
2573 4467 2643 4521 ἐν
2678 4468 2822 4522 Γέθ·
2870 4469 2963 4522 καὶ
2999 4470 3028 4522 ὁ
3070 4466 3361 4522 Θεοδοτίων
3401 4467 3460 4521 δὲ
3505 4470 3631 4523 ἀντὶ
3662 4469 3788 4534 τοῦ,

2132 4530 2175 4587 D
2215 4530 2379 4626 Ὑπὲρ
2416 4558 2522 4613 τοῦ
2561 4559 2715 4614 λαοῦ
2745 4559 2861 4615 ἀπὸ
2899 4561 3018 4617 τῶν
3045 4561 3229 4631 ἁγίων
3248 4530 3787 4630 μεμακρυμμένου,

2202 4648 2354 4718 ὑπὲρ
2380 4649 2489 4718 τῆς
2515 4651 2881 4721 περιστερᾶς,
2914 4652 3113 4724 ὁμοίως
3140 4654 3251 4717 τοῖς
3284 4651 3488 4717 λοιποῖς
3515 4652 3789 4717 ἐξέδωκε.

2204 4740 2354 4811 Τάχα
2403 4740 2462 4794 δέ
2508 4759 2610 4795 που
2653 4743 2979 4797 αἰνίττονται
3030 4744 3079 4797 oi
3136 4742 3463 4814 περιστερὰν
3510 4743 3720 4798 ἄλαλον
3754 4744 3790 4815 ἦ

2206 4831 2490 4902 μογιλάλον
2520 4833 2800 4903 εἰρηκότες
2827 4833 2988 4886 αὐτὸν
3018 4832 3110 4887 τὸν
3138 4832 3296 4887 Δαυῒδ
3339 4832 3488 4904 παρὰ
3531 4834 3651 4897 τοῖς
3680 4834 3791 4888 ἀλ-

2204 4922 2450 4993 λοφύλοις
2476 4923 2624 4987 ὅντα,
2652 4923 2747 4978 καὶ
2781 4922 2853 4995 μὴ
2876 4924 3170 4995 δυνάμενον
3193 4924 3371 4978 λαλεῖν
3405 4924 3658 4997 συνήθως
3681 4926 3792 4991 τὰς

2202 5018 2261 5069 ὲν
2295 5015 2435 5085 ἁγίῳ
2471 5014 2750 5086 Πνεύματι
2783 5016 3135 5087 προφητεὴς,
3181 5016 3312 5089 μηδὲ
3351 5016 3448 5070 σὺν
3485 5016 3791 5089 παρρησίᾳ

2202 5107 2324 5172 τοὺς
2346 5106 2545 5178 ὕμνους
2557 5108 2958 5178 προσφέρεσθαι
2977 5107 3074 5178 (l).
3095 5108 3187 5161 Διὸ
3205 5106 3489 5179 μογιλάλον
3514 5123 3794 5179 περιστε-

2205 5197 2304 5269 ρὰν
2330 5198 2366 5270 ἢ
2405 5200 2498 5252 καὶ
2542 5199 2735 5253 ἄλαλον
2769 5199 2929 5253 αὑτὸν
2972 5199 3270 5270 ὠνόμαζον.
3316 5199 3425 5253 Καὶ
3464 5201 3525 5252 ὲν
3548 5199 3631 5269 τῷ
3669 5202 3792 5272 πρὸ

2200 5290 2386 5345 τούτου
2415 5291 2472 5345 δὲ
2502 5290 2700 5362 ψαλμῷ
2723 5290 2938 5344 λέλεκτο
2957 5306 2969 5320 ·
3008 5291 3104 5355 Τίς
3132 5289 3310 5344 δώσει
3340 5307 3444 5360 μοι
3468 5289 3794 5357 πτέρυγας

2200 5382 2341 5436 ὡσεὶ
2370 5382 2755 5452 περιστερᾶς;
2782 5382 2889 5436 Kal
2918 5381 3365 5452 πετασθήσομαι
3400 5381 3439 5451 ἢ
3467 5381 3567 5436 καὶ
3597 5381 3795 5451 ἕδραν

2201 5474 2518 5545 σθήσομαι.
2569 5475 2769 5543 Πόίρω
2812 5473 2889 5527 ἂν
2930 5474 3187 5541 ἐποίησα
3236 5473 3351 5540 τὴν·
3382 5471 3796 5543 ἀναχώρησιν

2194 5582 2330 5637 μου,
2361 5564 2683 5638 ηὐλιζὸμψ·
2713 5564 2790 5622 ἂν
2812 5567 2883 5620 ἐν
2908 5564 2983 5637 τῇ
3004 5565 3223 5637 ἐρήμῳ,
3250 5563 3392 5622 κατὰ
3424 5564 3516 5621 τὸν
3540 5564 3793 5637 Σύμμα-

618 5676 660 5707 ¹²
699 5673 716 5728 ι
754 5673 887 5747 Reg.
923 5691 1052 5743 κη,
1090 5676 1177 5732 13.
1254 5675 1297 5708 ³³
1335 5658 1517 5747 Πίος.
1554 5691 1735 5739 xxvrr,
1771 5675 1826 5729 2.
1903 5678 1946 5708 ¹⁶
1985 5675 2104 5734 Psal

2209 5697 2291 5746 Iv,
2325 5680 2379 5746 7,
2413 5680 2466 5735 8.

616 5770 692 5834 (ί)
724 5771 1189 5839 Προσφέρτιτθαι.
1224 5770 1385 5827 Forte
1414 5768 1795 5839 προφέρεσθαι,
1830 5778 1888 5826 ιιι
1923 5779 1976 5826 et
2012 5772 2104 5826 intt

2209 5787 2278 5829 es
2302 5772 2495 5837 legisse
2523 5770 2752 5830 videtur.
2782 5772 2938 5829 hair.
