4024 6202
282 328 384 383 89⁸5

1401 328 1908 387 COMMENTARIA
1945 328 2010 384 ΙΝ
2050 327 2388 386 PSALMOS.

3417 336 3521 391 ιθι

282 464 389 518 χον.
432 446 584 500 Ἐπεὶ
620 447 799 500 τοίνυν
822 447 882 498 τὸ
907 445 1131 517 Πνεῦμα
1157 445 1217 499 τὺ
1258 447 1407 515 ἅγιον
1436 448 1495 500 τὸ
1528 448 1586 500 ὲν
1618 447 1694 519 τῷ
1718 449 1849 520 Προ-

1958 464 2271 519 uocensque
2299 450 2391 511 sit,
2429 463 2458 502 a
2496 446 2658 503 Saule
2689 445 2944 504 Davidem
2993 448 3314 518 insequente
3356 454 3525 522 pelle-

280 539 425 609 φήτῃ
451 535 726 609 ἐνεργοῦν,
752 536 782 590 6
805 538 900 591 καὶ
923 539 980 590 ὲν
1005 537 1135 590 εῖδει
1161 539 1487 609 περιστερᾶς
1516 538 1610 590 ἐπὶ
1629 539 1719 592 τὸν
1748 540 1853 593 Σω-

278 633 417 703 τῆρα
458 630 881 702 κατεληλυθέναι
915 634 1293 703 μαρτυρεῖται,
1334 633 1610 705 ’τρυφερὸν
1653 631 1711 685 ὂν
1758 633 1853 686 καὶ

277 724 505 788 ἄκακον,
555 723 820 794 ἠλαύνετο
871 725 975 777 ὑπὸ
1021 723 1115 777 τοῦ
1166 724 1339 777 Σαοὺλ
1375 724 1709 796 διωκομένου
1757 724 1851 778 τοῦ

275 813 457 878 Δαυῒδ,
488 813 839 886 ὲλαυνόμενόν
858 830 919 867 τε
952 815 1051 868 οὐκ
1077 813 1335 885 ἠμύνετο,
1363 813 1477 867 ἀλλ’
1501 810 1662 885 ὲῷκει
1693 832 1855 886 περι-

273 908 442 978 στερᾷ
464 906 645 978 ἀλάλῳ
685 907 1070 980 μακρυνομὲνῃ
1103 907 1199 960 καὶ
1220 905 1440 962 ἀπωθου
1450 904 1585 979 μένῃ
1616 907 1721 962 ὑπὸ
1741 908 1850 963 τῶν

273 999 577 1054 διωκόντων
598 1017 611 1030 ·
645 999 836 1053 τούτου
871 1000 1029 1071 χάριν
1060 999 1203 1054 κατὰ
1256 999 1382 1063 τοὺς
1421 998 1644 1063 λοιποὺς
1676 1001 1850 1071 ἑρμη-

280 1092 484 1157 ιευτὰς,
507 1092 658 1161 ὑπὲρ
683 1090 790 1159 τῆς
810 1090 1182 1161 περιστερᾶς,
1206 1090 1440 1164 εἴρηται.
1477 1092 1620 1149 Ἀντὶ
1645 1093 1702 1146 δὲ
1731 1093 1847 1159 τοῦ,

274 1187 358 1251 εὶς
394 1186 865 1256 στηλογραερίαν,
909 1185 938 1236 6
986 1185 1085 1256 μὲν
1134 1184 1384 1249 Ἀκύλας,
1436 1186 1717 1240 ταπεινοῦ
1754 1203 1848 1239 τεά

275 1278 441 1332 λείου
461 1295 474 1307 ο
532 1279 561 1331 6
607 1278 664 1331 δὲ
710 1277 1024 1349 Σύμμαχος,
1076 1278 1182 1332 τοῦ
1227 1279 1691 1347 ταπεινόφρονος
1750 1278 1846 1333 καὶ

275 1371 534 1441 ἀμώμου,
563 1373 929 1444 ἡρμήνευσεν,
973 1371 1065 1424 τὸν
1108 1370 1309 1442 τρόπον
1353 1370 1638 1442 δηλοῦντες
1681 1372 1747 1425 δι’
1788 1372 1846 1425 ὃν

273 1462 462 1537 ὥσπερ
487 1464 686 1535 στήλης
715 1463 811 1517 καὶ
835 1463 1060 1527 αἰωνιας
1097 1463 1317 1535 μνήμης
1342 1462 1559 1534 ἠξιοῦτο
1596 1462 1744 1535 παρὰ
1769 1464 1847 1535 τῷ

274 1555 391 1628 Θεῷ
435 1559 468 1629 ἡ
501 1556 594 1611 τοῦ
642 1557 931 1628 Προφήτου
961 1556 1151 1627 ἀρετή.
1193 1554 1268 1607 Τὸ
1310 1555 1419 1627 γὰρ
1461 1556 1715 1626 μέγιστον
1751 1556 1844 1609 τοῦ

271 1647 434 1700 Δαυῖδ
462 1648 794 1719 κατόρθωμα
820 1650 854 1719 ἡ
881 1647 1205 1718 ταπεινότης
1225 1642 1294 1718 ῆν
1315 1648 1407 1701 καὶ
1435 1649 1469 1719 ή
1491 1664 1845 1718 ταπεινοφρο-

1954 543 2133 603 batur,
2163 542 2464 611 pulsusque
2510 556 2619 595 non
2667 540 3005 602 obsistebat,
3053 539 3149 596 sed
3185 542 3377 597 similis
3407 554 3523 599 erat

1953 633 2219 688 columbae
2246 639 2410 686 muta:
2440 631 2630 701 procul
2661 631 2886 695 abactae,
2914 638 2968 685 et
2996 631 3063 686 ab
3105 630 3526 702 insequentibus

1954 725 2194 795 depulsae
2217 742 2232 791 ;
2259 724 2380 780 ideo
2409 739 2438 777 a
2465 724 2693 794 reliquis
2716 723 3104 794 interpretibus
3141 740 3234 793 pro
3284 725 3528 781 columba

1955 817 2161 872 dictum
2190 827 2295 874 est.
2322 816 2430 872 Pro
2464 818 2557 872 illo
2580 824 2760 871 autem
2778 856 2792 879 .
2819 818 2873 871 in
2908 816 3049 870 tituli
3096 818 3489 887 inscriptionem
3510 859 3524 878 .

1955 909 2169 980 Aquila,
2206 910 2418 965 humilis
2452 910 2707 979 perfecti;
2744 907 3104 983 Symmachus
3133 925 3284 974 vero,
3313 910 3527 965 humilis

1947 1012 2001 1057 et
2036 1002 2309 1071 inculpati,
2336 1002 2675 1073 interpretati
2707 1013 2867 1069 sunt;
2902 1003 3271 1075 signiﬁcantes
3303 1019 3410 1073 qua
3439 1018 3529 1058 ra-

1948 1096 2099 1150 tione
2118 1094 2399 1165 Propheta:
2428 1097 2621 1160 virtus,
2643 1098 2800 1167 quasi
2821 1097 3001 1167 cippo,
3034 1097 3102 1151 ad
3131 1106 3385 1152 teternam
3413 1114 3527 1153 me-

1951 1189 2180 1243 moriam
2206 1188 2348 1258 apud
2382 1188 2548 1243 Deum
2581 1188 2777 1247 donata
2813 1190 2902 1245 sit.
2932 1188 3223 1246 Enimvero
3252 1189 3526 1260 praecipua

1951 1279 2170 1336 Davidis
2211 1281 2470 1352 perfectio
2520 1288 2640 1337 erat
2695 1282 2971 1337 humilitas
3031 1290 3083 1337 et
3131 1282 3384 1351 abjcctio,
3418 1297 3526 1352 qua

1953 1375 2257 1429 absolutam
2291 1376 2550 1430 virtutem
2596 1374 2731 1429 nulli
2776 1375 3185 1445 reprehensioni
3233 1375 3525 1430 obnoxiam

1949 1466 2260 1521 exhibebat.
2303 1465 2484 1533 Quare
2511 1466 2612 1522 hos
2654 1481 2954 1529 sermones,
2981 1466 3275 1522 eminentis
3302 1481 3365 1521 ac
3402 1481 3527 1535 per~

1950 1558 2105 1614 lecta:
2170 1559 2495 1614 humilitatis
2552 1561 2819 1614 rationem
2890 1560 3355 1627 complectentes,
3415 1557 3525 1613 Deo

1947 1652 2144 1706 emittit
2159 1692 2173 1712 .

272 1739 429 1812 σύνη,
464 1740 586 1794 καθ’
654 1742 720 1810 ῆν
754 1738 964 1792 τελείαν
1033 1738 1372 1793 ἐπεδείκνυτο
1420 1739 1641 1811 ἀρετὴν,
1687 1736 1875 1793 οὐδένα
1915 1742 2104 1813 μῶμον
2160 1744 2520 1817 ἐπαγομένην.
2560 1746 2650 1799 Διὸ
2684 1747 2809 1808 τοὺς
2871 1746 3260 1818 προκειμένους
3311 1744 3519 1813 λόγους,

266 1829 720 1900 ’ὑπερϐαλλούσης
778 1828 871 1883 καὶ
921 1828 1132 1891 τελείας
1182 1828 1683 1901 ταπεινοφροσύνης
1737 1829 2006 1902 δείγματα
2036 1832 2404 1906 περιέχοντας,
2445 1838 2726 1908 ἀνέπεμπε
2772 1838 2851 1909 τῷ
2884 1839 3002 1909 Θεῴ
3040 1839 3211 1908 λέγων
3236 1856 3249 1870 ο

358 1924 648 1994 Ἐλέησόν
682 1942 778 1995 με,
826 1928 860 1978 ό
899 1923 1059 1990 Θεὸς,
1097 1924 1184 1978 ὅτι
1229 1923 1604 1993 κατεπάτησέ
1628 1943 1705 1994 με
1743 1924 1848 1979 ἇν-

2022 1929 2272 1985 Miserere
2299 1933 2420 1993 mei,
2441 1932 2601 1996 Deus,
2621 1934 2869 2001 quoniam
2894 1935 3223 1989 conculcarit
3242 1951 3321 1989 me
3344 1934 3521 1989 homo,

273 2024 528 2088 θρωπος,
567 2018 642 2082 ὡς
680 2017 815 2089 πρὸς
857 2016 954 2089 τὴν
996 2016 1141 2080 λέξιν
1186 2017 1277 2069 τὸν
1322 2017 1494 2070 Σαοὺλ
1543 2018 1846 2089 σημαίνων,

269 2110 624 2164 ὲπαναόάντα
667 2109 834 2180 αύτῷ,
885 2109 979 2162 καὶ
1011 2109 1070 2162 ού
1123 2109 1252 2179 μίαν
1295 2109 1529 2182 ἡμέραν,
1579 2110 1714 2163 ἀλλὰ
1759 2111 1852 2163 καὶ

271 2200 475 2265 πολλὰς
502 2201 823 2272 ἐπιθέμενον
847 2199 927 2271 τῷ
967 2202 1084 2254 κατ’
1120 2199 1287 2253 αὐτοῦ
1321 2200 1542 2271 πολέμῳ
1565 2219 1579 2232 ·
1615 2201 1694 2254 διὸ
1734 2204 1851 2255 ἑπι-

265 2293 446 2362 λέγει·
496 2295 680 2363 Ὅλην
727 2293 839 2362 τὴν
888 2292 1117 2363 ἡμέραν
1170 2292 1449 2363 πολεμῶν
1497 2294 1710 2364 ἔθλιψέ
1751 2313 1846 2365 με.

265 2384 384 2443 Εἶτ’
420 2387 717 2460 ἐπειδήπερ
751 2388 827 2459 τῷ
875 2388 1003 2458 θείῳ
1038 2387 1319 2458 Πνεύματι
1348 2387 1595 2459 συνεώρα
1625 2389 1723 2459 οὐχ
1762 2388 1851 2442 ού·-

261 2497 379 2543 τως
402 2480 493 2533 τὸν
525 2480 699 2534 Σαοὺλ
730 2479 902 2534 αἴτιον
933 2480 1062 2533 ὄντα
1086 2480 1188 2550 τῆς
1229 2482 1498 2552 τοσαύτης
1537 2481 1654 2534 κατ’
1684 2479 1849 2533 αὐτοῦ

268 2573 526 2644 σπουδῆς,
577 2574 700 2627 ὅσον
741 2573 966 2643 ἀφανεῖς
1013 2589 1167 2636 τινας
1216 2572 1309 2625 καὶ
1360 2573 1583 2643 νοητοὺς
1622 2561 1850 2644 ἐχθροὺς

263 2667 558 2738 ἀοράτους,
592 2666 792 2738 δηλαδὴ
830 2667 1090 2738 δυνάμεις
1142 2667 1234 2719 καὶ
1272 2666 1559 2736 πνεύματα
1615 2663 1845 2736 πονηρὰ,

257 2757 360 2811 τὸν
393 2758 564 2812 Σαοὺλ
610 2758 937 2830 ἐνεργοῦντα
973 2760 1068 2812 καὶ
1101 2757 1435 2829 διεγείροντα
1466 2757 1559 2810 ἐπὶ
1598 2756 1689 2810 τὸν
1727 2759 1847 2810 κατ’

262 2852 436 2906 αὐτοῦ
497 2853 762 2923 πόλεμον,
814 2852 1038 2915 εἰκότως
1060 2851 1349 2920 ,ἐπιλέγειο
1412 2848 1850 2918 Κατεπάτησάν

254 2962 340 3015 με
374 2949 431 3000 οἱ
472 2944 673 3013 ἐχθροί
708 2961 826 3013 μου
868 2942 1020 3010 ὅλην
1050 2943 1164 3011 τὴν
1208 2943 1460 3012 ἡμέραν·
1499 2942 1532 3010 ἣ
1578 2940 1721 2995 κατὰ
1758 2942 1847 2996 τὸν
1890 3008 1894 3012 .

257 3036 602 3107 Σύμμαχον·
651 3034 983 3103 Ἐπέτριόον
1012 3038 1066 3089 οἱ
1094 3034 1400 3100 θλίϐοντές
1440 3052 1516 3104 με
1558 3036 1706 3088 κατὰ
1734 3032 1847 3088 πᾶ-

254 3142 395 3182 σαν
427 3126 677 3197 ἡμέραν.
708 3128 863 3191 Τίνες
889 3126 945 3180 δὲ
972 3128 1019 3180 οἱ
1054 3127 1235 3200 ἐχθροὶ
1269 3127 1364 3180 καὶ
1386 3128 1433 3179 οἱ
1459 3126 1731 3190 Θλξϐοντες
1754 3127 1849 3178 αύ-

258 3220 379 3284 τὺν,
412 3220 463 3272 οἱ
494 3219 584 3272 τὸν
613 3218 785 3272 Σαοὺλ
810 3217 1175 3291 ἐνεργοῦντες,
1211 3218 1463 3286 διασαφεῖ
1496 3215 1623 3288 ἑξῆς
1645 3216 1844 3287 λέγων·

261 3314 391 3366 Ὅτι
429 3312 648 3371 πολλοὶ
693 3315 747 3365 οἱ
790 3310 1195 3381 πολεμοῦντες
1228 3327 1305 3380 με
1350 3309 1468 3364 ἀπὸ
1500 3310 1716 3378 ὕψους.
1772 3311 1844 3363 Ού

261 3403 376 3476 γὰρ
413 3404 621 3475 ἠγνόει,
647 3403 724 3468 ὠς
761 3404 861 3458 οὐκ
889 3399 956 3474 ἦν
990 3403 1196 3475 αύτῷή
1232 3402 1376 3473 πάλη
1413 3400 1547 3473 πρὸς
1581 3395 1720 3472 αἷμα
1752 3403 1848 3456 καὶ

264 3498 474 3571 σάρκα,
496 3496 631 3556 ἀλλὰ
653 3497 790 3570 πρὸς
815 3495 915 3560 τὰς
941 3495 1115 3568 ἀρχὰς
1145 3496 1239 3549 καὶ
1268 3494 1534 3561 ἐξουσίας,
1562 3495 1699 3566 πρὸς
1721 3496 1847 3558 τοὺς

261 3591 718 3663 κοσμοκράτορας
747 3589 842 3643 τοῦ
883 3589 1106 3651 σκότους
1150 3586 1363 3650 τούτου,
1399 3587 1535 3658 πρὸς
1585 3584 1652 3638 τὰ
1687 3602 1849 3638 πνευ-

265 3682 478 3753 ματικὰ
508 3683 609 3753 τῆς
650 3682 933 3754 πονηρίας,
964 3680 1054 3749 ὑφ’
1081 3673 1156 3733 ὦν
1185 3682 1213 3733 6
1265 3678 1438 3733 Σαοὺλ
1476 3676 1843 3749 ἀκονώμενος,

262 3774 356 3828 τὸν
386 3774 557 3847 μηδὲν
597 3773 745 3844 αύτῷ
783 3771 1122 3845 λελυπηκότα
1163 3771 1382 3825 πώποτε
1423 3771 1599 3843 μάτην
1650 3770 1846 3840 ἤλαυνε

263 3868 361 3921 καὶ
394 3865 674 3937 ἐπολέμει.
710 3861 825 3919 Εἶθ’
850 3863 976 3936 ἑξῆς
1001 3881 1194 3936 φησιν·
1238 3862 1481 3933 Ἡμέρας
1511 3861 1849 3932 φοϐηθήσοο

256 3976 388 4028 μαι,
417 3957 536 4027 ἐγὼ
559 3957 627 4012 δὲ
652 3955 838 4012 tanta;
862 3957 963 4012 ἐπὶ
991 3957 1085 4012 σέ.
1130 3958 1194 4010 Ὅ
1224 3956 1287 4028 δὴ
1313 3955 1639 4026 διεσάφησεν
1663 3956 1692 4008 6
1712 3953 1850 4026 Σύμ-

264 4070 442 4124 μαχος
491 4050 694 4104 εἰπών·
738 4045 895 4122 Ἐνῇ
941 4051 1017 4104 ἂν
1055 4052 1246 4120 ἡμέρᾳ
1289 4048 1545 4118 φοϐηθῶ,
1595 4047 1693 4101 σοὶ
1744 4046 1847 4100 πέ-

262 4150 468 4200 ποιθα.
512 4143 574 4197 El
616 4143 725 4215 γὰρ
757 4142 948 4197 καὶτὰ
995 4143 1226 4214 μάλιστα
1267 4142 1410 4195 δοκεῖ
1453 4140 1739 4211 ἄνθρωπός
1781 4157 1847 4209 με

261 4236 813 4307 καταπεπατηκὲιαι,
874 4234 1039 4298 πολὺς
1102 4235 1388 4304 γενόμενος
1449 4232 1569 4286 κατ’
1625 4230 1759 4303 ἐμοῦ
1818 4234 1847 4285 ὁ

263 4327 470 4395 Σαοὺλ,
516 4327 630 4381 ἀλλ’
679 4328 726 4380 οξ
773 4325 958 4399 ἐχθροί
1007 4343 1107 4397 μου
1153 4326 1246 4379 καί
1286 4326 1335 4377 οἱ
1379 4323 1739 4395 πολεμοῦντές
1780 4342 1847 4395 με

263 4420 502 4484 ἄνωθεν,
538 4419 645 4472 ἀπὸ
691 4418 858 4487 ὕψους
889 4417 961 4470 τὰ
1004 4416 1211 4470 ἑαυτῶν
1248 4415 1374 4486 βέλη
1410 4414 1550 4469 κατὰ
1582 4416 1681 4484 τῆς
1712 4415 1848 4486 ἐμῆς

267 4513 565 4584 βάλλοντες
615 4510 791 4583 ψυχῆς
844 4509 1083 4563 πλεῖστοι
1129 4508 1472 4580 τυγχάνουσι.
1522 4507 1738 4562 Τούτων
1795 4508 1851 4562 δὲ

1953 2024 2155 2080 diserte
2185 2026 2343 2096 quasi
2373 2025 2589 2081 Saulem
2631 2027 2901 2088 indicans,
2936 2028 3031 2096 qui
3082 2028 3134 2081 in
3172 2043 3230 2082 se
3263 2027 3523 2098 impetum

1952 2115 2203 2181 faciebat,
2234 2134 2412 2189 neque
2450 2136 2561 2174 uno
2591 2128 2824 2183 tantum,
2857 2121 2954 2177 sed
2989 2122 3175 2177 multis
3220 2120 3414 2176 diebus
3454 2118 3523 2174 ad

1951 2209 2153 2264 bellum
2203 2212 2308 2267 sibi
2359 2211 2700 2269 inferendum
2751 2214 3137 2274 incumbebat:
3187 2229 3359 2284 quare
3392 2213 3525 2269 sub—

1947 2303 2152 2373 jungit,
2185 2304 2408 2359 dicens:
2462 2305 2597 2359 Tota
2641 2306 2726 2360 die
2760 2307 3074 2377 impugnans
3114 2306 3388 2360 tribulavit
3418 2320 3519 2360 me.

1953 2394 2158 2451 Deinde
2213 2398 2341 2465 quia
2389 2396 2597 2467 Spiritu
2660 2407 2852 2454 sancto
2888 2408 3230 2454 monstrante
3281 2397 3519 2457 videbat.

1951 2496 2192 2541 nontam
2224 2485 2445 2542 Saulem
2494 2490 2629 2543 tanti
2663 2488 2953 2544 adversum
2998 2505 3057 2543 se
3088 2489 3386 2543 moliminis
3420 2503 3520 2541 au—

1951 2586 2160 2633 ctorem
2191 2594 2336 2643 esse,
2367 2595 2529 2649 quam
2556 2579 2802 2632 occultos
2833 2577 3096 2648 quosdam
3125 2586 3180 2629 et
3206 2578 3522 2647 spirituales

1950 2671 2368 2741 invisibilesque
2433 2670 2707 2735 inimicos,
2778 2668 3030 2722 videlicet
3096 2676 3395 2737 potestates
3456 2682 3521 2722 ac

1951 2763 2178 2833 spiritus
2218 2763 2487 2833 malignos
2517 2762 2734 2816 Saulem
2765 2759 3104 2829 exagitantes
3132 2767 3187 2813 et
3217 2758 3521 2814 excitantes

1950 2855 2016 2910 ad
2049 2856 2252 2911 bellum
2300 2855 2401 2911 sibi
2444 2854 2807 2917 movendum,
2849 2852 2973 2922 jure
3024 2852 3105 2907 sic
3147 2850 3354 2922 pergit:
3391 2850 3524 2904 Con-

1948 2948 2283 3002 cnlcaverunt
2309 2963 2390 3001 me
2411 2947 2613 3000 inimici
2642 2946 2744 3001 mei
2764 2954 2875 2998 tota
2905 2944 3025 3009 die‘;
3060 2934 3195 3010 sive,
3219 2944 3519 2999 secundum

1952 3040 2359 3111 Symmachum,
2395 3040 2708 3094 Atterebant
2748 3055 2829 3093 me
2857 3039 2946 3110 qui
2976 3037 3302 3091 tribulabant
3336 3053 3415 3090 me
3431 3050 3523 3103 per

1951 3148 2155 3186 onmem
2197 3132 2356 3186 diem.
2416 3130 2650 3197 Quinam
2685 3145 2815 3185 vero
2853 3129 3059 3184 inimici
3114 3136 3300 3184 essent
3340 3127 3521 3182 tribu-

1953 3226 2128 3280 lautes
2184 3225 2386 3295 ipsum,
2443 3225 2535 3295 qui
2595 3223 2816 3277 Saulem
2878 3223 3215 3286 excitabant,
3265 3221 3522 3291 deinceps

1952 3315 2215 3379 declarat,
2245 3315 2432 3370 dicens
2461 3334 2474 3369 :
2510 3314 2774 3380 Quoniam
2797 3315 2949 3367 multi
2968 3313 3219 3367 bellantes
3244 3313 3522 3368 adversum

1953 3425 2034 3463 me
2080 3407 2145 3461 ab
2204 3408 2507 3462 altitudine.
2550 3405 2667 3461 Non
2703 3407 2850 3462 enim
2887 3407 3175 3476 ignorabat
3226 3420 3337 3460 non
3393 3421 3520 3461 esse

1952 3500 2057 3555 sibi
2091 3500 2292 3554 luctam
2343 3499 2609 3554 adversus
2641 3512 2860 3554 carnem
2906 3505 2960 3552 ct
3007 3496 3362 3567 sanguinem;
3424 3495 3519 3552 sed

1952 3593 2216 3647 adversus
2260 3591 2600 3662 principatus
2628 3598 2682 3645 et
2706 3596 3026 3660 potestates,
3066 3597 3309 3644 rectores
3332 3585 3521 3643 mundi

1953 3684 2304 3740 tenebrarum
2338 3682 2554 3744 barum,
2588 3691 2780 3738 contra
2827 3681 3132 3751 spiritualia
3174 3679 3452 3749 nequitiae,
3488 3694 3519 3732 a

1953 3775 2155 3846 quibus
2198 3772 2329 3827 Saul
2362 3772 2687 3836 concitatus,
2738 3785 2861 3826 eum
2894 3770 2986 3840 qui
3027 3772 3131 3827 sibi
3162 3770 3301 3825 nihil
3330 3770 3519 3825 damni

1952 3866 2249 3931 intulisset,
2274 3865 2393 3921 sine
2409 3878 2571 3919 causa
2588 3860 2821 3933 pellebat
2842 3870 2894 3917 et
2925 3862 3294 3933 impugnabat.
3321 3859 3524 3917 Deinde

1952 3959 2029 4013 ait
2070 3978 2082 4011 :
2127 3956 2225 4012 Die
2250 3956 2461 4023 timebo,
2488 3974 2579 4027 ego
2612 3972 2727 4010 vero
2756 3958 2811 4009 in
2856 3964 2904 4009 te
2932 3955 3173 4025 sperabo.
3221 3954 3379 4023 Quod
3409 3955 3522 4010 cla-

1952 4052 2069 4106 rius
2094 4049 2459 4122 Symmachus
2492 4048 2786 4119 explicavit
2810 4046 2897 4101 his
2926 4047 3108 4103 verbis
3148 4064 3161 4098 :
3199 4045 3265 4101 In
3293 4062 3523 4118 quacun-

1950 4161 2047 4214 que
2071 4142 2153 4199 die
2184 4143 2390 4207 timebo,
2441 4143 2495 4197 in
2542 4151 2588 4196 te
2616 4140 2839 4210 speravi.
2895 4137 3119 4195 Etiamsi
3160 4140 3304 4194 enim
3335 4139 3510 4194 homo

1952 4253 2036 4291 me
2069 4237 2412 4307 impugnare,
2467 4234 2708 4305 Saulque
2755 4233 2925 4287 multa
2980 4240 3172 4287 contra
3207 4247 3295 4287 me
3339 4231 3519 4285 moliri

1952 4328 2242 4395 videatur;
2283 4329 2381 4384 sed
2432 4327 2644 4381 inimici
2683 4325 2813 4389 mei,
2847 4334 2901 4379 et
2942 4326 3035 4392 qui
3072 4326 3139 4377 ab
3166 4324 3278 4376 alto
3304 4337 3391 4376 me
3416 4322 3521 4376 iui-

1954 4428 2218 4491 pugnant,
2262 4421 2367 4475 tela
2414 4434 2514 4473 sua
2546 4417 2810 4471 adversus
2840 4416 3075 4468 animam
3112 4428 3284 4467 meam
3317 4413 3524 4466 immit-

1954 4521 2154 4576 tcntes,
2185 4513 2339 4565 multi
2376 4524 2606 4563 numero
2657 4517 2804 4562 sunt.
2841 4506 2951 4560 llos
2981 4520 3146 4576 porro
3179 4518 3372 4559 omnes
3397 4517 3526 4573 pro—

262 4606 492 4659 πάντων
521 4601 878 4673 καταφρονεῖν
908 4598 1200 4671 μεμάθηκα
1230 4598 1317 4653 διὰ
1349 4599 1407 4652 σὲ
1434 4597 1525 4651 τὸν
1559 4597 1690 4670 ἐμὸν
1718 4598 1849 4669 πρό-

1957 4612 2077 4676 pter
2119 4612 2170 4657 te
2198 4606 2664 4672 propugnatorem
2717 4604 2770 4651 et
2811 4604 3172 4666 protectorem
3206 4609 3385 4649 meum
3424 4593 3522 4647 de-

268 4713 449 4767 μαχον
484 4694 578 4748 καὶ
615 4694 1046 4768 ύπερασπιστήν.
1078 4692 1168 4745 Σοὶ
1198 4690 1307 4764 γὰρ
1341 4689 1636 4754 πεποιθὼς,
1664 4688 1849 4745 εἴποτε

262 4788 506 4858 ἐμπέσοι
541 4785 702 4856 φόϐος
729 4788 796 4857 τῇ
830 4786 936 4857 ἐμῇ
966 4783 1502 4857 ψυχῇ,διακρούομαι
1524 4783 1733 4847 τοῦτον,
1767 4786 1849 4838 σοὶ

248 4880 326 4952 τῷ
378 4880 767 4950 ὑπερασπιστῇ
808 4896 909 4949 μου
939 4876 1175 4948 θαρρῶν.

293 4970 325 4998 ·’
350 4978 454 5030 Ἐν
484 4970 565 5037 τῷ
605 4974 802 5041 Κυρίῳ
831 4969 1128 5024 ἐπαινέσω
1158 4970 1298 5038 τοὺς
1327 4970 1550 5042 λόγους
1586 4988 1729 5040 μου,
1750 4969 1851 5023 ἐπὶ

245 5068 328 5136 τῷ
380 5066 509 5134 Θεῷ
551 5066 813 5136 ἤλπισαο
848 5065 921 5118 οὐ
954 5062 1366 5134 φοϐηθήσομαι
1399 5066 1457 5118 τί
1486 5063 1723 5131 ποιήσει
1749 5080 1851 5133 μοι

248 5161 454 5231 σάρξ.
495 5159 638 5213 ’Δντὶ
685 5158 802 5222 τοῦ.
845 5158 914 5211 ἐν
952 5155 1032 5223 τῷ
1066 5155 1187 5222 Θεῷ
1223 5157 1519 5211 ἐπαινέσω
1558 5156 1700 5223 τοὺς
1747 5155 1850 5209 λό-

264 5272 421 5323 γους
449 5269 588 5324 μου,
615 5252 645 5304 6
677 5252 775 5322 μὲν
805 5249 1120 5322 Σύμμαχος,
1152 5247 1248 5302 διὰ
1275 5248 1381 5303 τοῦ
1417 5249 1563 5303 Θεοῦ
1601 5247 1852 5319 ὑμνήσω

262 5345 377 5399 τὸν
430 5346 619 5414 λόγον
665 5341 885 5398 αὐτοῦ’
943 5344 971 5396 6
1023 5342 1081 5395 δὲ
1153 5340 1383 5405 Ἀκύλας
1412 5358 1425 5369 ·
1477 5341 1547 5394 ἐν
1602 5340 1682 5407 τῷ
1730 5338 1854 5405 Θεῷ

263 5434 530 5505 ὑμνήσω
575 5435 812 5505 ῥήματα
845 5434 1066 5489 αὐτοῦ’
1116 5434 1211 5487 καὶ
1257 5435 1290 5503 ή
1330 5431 1555 5502 πέμπτη
1602 5430 1848 5494 ἔκδοσις·

266 5526 342 5583 ἐν
385 5526 473 5592 τῷ
517 5525 641 5593 Θεῷ
671 5525 972 5582 ἐπαινέσω
1019 5526 1127 5580 τόν
1165 5526 1351 5592 λόγον
1378 5540 1516 5593 μου,
1547 5521 1848 5577 ἐπιδεδώκα-

270 5635 378 5673 σιν.
411 5618 486 5672 Εἴ
517 5634 668 5682 ποτε,
715 5618 870 5690 φησὶ,
906 5617 1069 5688 φόϐος
1090 5618 1157 5671 ὲκ
1200 5615 1302 5686 τῆς
1336 5613 1442 5669 τῶν
1473 5611 1849 5683 πολεμούντων

270 5726 341 5780 με
369 5710 619 5782 ταραχῆς
660 5710 917 5764 ἐνέπιπτὲ
955 5726 1064 5781 μοι,
1107 5707 1463 5780 διεκρουόμην
1499 5705 1660 5760 αὐτὸν
1702 5697 1853 5761 9m"-

270 5798 386 5862 ζων
442 5799 535 5854 ἐπὶ
581 5802 641 5855 σί
664 5819 678 5832 ·
726 5802 817 5855 καὶ
869 5801 989 5855 ἀντὶ
1038 5799 1254 5870 ἐπῳδῆς
1297 5801 1390 5856 καὶ
1447 5798 1848 5883 φυλακττλρςων,

1951 4696 2166 4766 Spicere
2194 4691 2377 4748 didici.
2413 4689 2549 4746 Nam
2583 4691 2636 4744 in
2667 4697 2721 4744 te
2747 4687 3006 4752 conlisus,
3033 4687 3077 4743 si
3102 4685 3322 4757 quando
3344 4694 3523 4742 metus

1952 4788 2006 4841 in
2033 4785 2267 4838 animam
2302 4779 2510 4836 incidat
2548 4794 2748 4843 meam,
2800 4778 2948 4831 hunc
2995 4776 3227 4847 depello,
3263 4775 3360 4830 tibi
3394 4792 3523 4847 pro-

1955 4876 2242 4949 pugnatori
2275 4888 2396 4930 meo
2425 4873 2665 4928 innixus.

2026 4966 2187 5024 Vens.
2223 4969 2277 5030 ii,
2309 4964 2362 5021 6.
2406 4964 2466 5019 In
2521 4965 2739 5019 Domino
2771 4960 2999 5017 laudabo
3040 4976 3306 5015 sermones
3355 4976 3518 5020 meos,

1954 5061 2006 5114 in
2036 5060 2144 5114 Deo
2173 5059 2403 5129 speravi,
2438 5074 2540 5110 non
2571 5056 2755 5110 timebo
2809 5053 2933 5125 quid
2975 5053 3139 5123 faciat
3195 5052 3323 5106 mihi
3371 5067 3516 5106 caro.

1954 5152 2060 5207 Pro
2094 5152 2206 5214 illo,
2242 5152 2296 5203 in
2344 5148 2455 5203 Deo
2486 5147 2713 5202 laudabo
2744 5163 3005 5201 sermones
3035 5162 3221 5211 meos;
3268 5144 3519 5217 Symma—

1953 5244 2111 5306 chus,
2138 5259 2229 5312 per
2256 5240 2422 5294 Deum
2477 5239 2748 5293 celebrabo
2788 5254 3077 5293 sermonem
3117 5239 3274 5308 ejus;
3325 5232 3517 5302 Aquila

1951 5348 2102 5395 vero,
2140 5332 2194 5385 in
2242 5330 2351 5384 Deo
2400 5328 2668 5385 celebrabo
2700 5330 2856 5385 verba
2913 5330 3064 5396 ejus;
3109 5327 3300 5398 quinta
3327 5320 3516 5381 editio,

1954 5428 2006 5479 in
2061 5423 2170 5479 Deo
2221 5422 2448 5477 laudabo
2509 5438 2796 5478 sermonem
2835 5438 3004 5481 meum
3032 5438 3051 5486 ;
3082 5419 3395 5476 ediderunt.
3459 5410 3521 5467 Si

1955 5518 2196 5590 quando,
2249 5518 2444 5589 inquit,
2474 5534 2537 5574 ex
2574 5518 2917 5573 inimicorum
2951 5526 3195 5568 meorum
3236 5505 3521 5579 perturba-

1960 5612 2106 5665 tione
2137 5617 2314 5665 metus
2355 5610 2585 5665 instaret
2636 5608 2789 5670 mihi,
2851 5606 3031 5676 ipsum
3072 5603 3128 5655 in
3156 5610 3209 5655 te
3247 5596 3521 5666 sperando

1964 5703 2379 5774 propulsabam.
2440 5717 2503 5757 ac
2558 5716 2656 5771 pro
2710 5695 3085 5753 incantatione
3132 5699 3186 5746 et
3245 5689 3519 5772 amuletis,

1960 5796 2192 5869 hymnos
2219 5796 2631 5867 perSolvebam;
2675 5806 2798 5846 nam
2844 5804 2967 5844 cum
3025 5785 3355 5843 celebrarem
3393 5797 3519 5838 'ser-
