3988 6202
532 314 640 372 495
1147 308 1155 316 ’
1239 310 1507 367 EL‘SEBII
1541 308 2014 366 C/ESARIENSIS
2052 309 2078 365 ί

2187 352 2198 363 .
2242 308 2418 363 PARS
2458 308 2544 364 Ill.
2586 340 2657 350 —-
2695 308 3099 367 EXEGETICA.
3652 314 3750 369 ηε

534 445 748 485 monem
773 423 946 491 tuum',
976 426 1208 496 juvahar
1240 436 1299 481 ut
1341 445 1369 482 a
1399 435 1842 499 persequentium
1876 431 2078 484 nemine

2192 429 2392 500 ὕμνους
2426 429 2655 501 διεξῄειν
2675 445 2687 458 ·
2726 428 2909 499 ὑμνῶν
2939 429 3045 499 γὰρ
3070 427 3159 482 τὸν
3191 430 3345 497 λόγον
3382 445 3475 483 σου
3505 429 3758 502 ἐϐοηθούε

534 529 831 575 averterem
882 533 987 573 me.
1032 516 1107 571 Ita
1171 532 1396 587 sperans
1446 518 1503 573 in
1528 517 1658 586 Deo,
1705 530 1761 574 et
1809 533 2078 574 sermones

2197 538 2323 591 μην,
2368 521 2444 584 ὡς
2479 522 2680 593 μηδένα
2713 522 2820 574 τῶν
2849 521 3150 574 διωκόντων
3183 521 3623 591 ἐπιστρέφεσθαι.
3658 523 3750 577 Οὖι

532 614 651 680 eius
687 611 741 665 in
770 624 865 666 ore
896 625 1016 666 meo
1049 608 1250 673 ferens,
1299 624 1489 666 omnes
1528 610 1813 665 hominum
1856 610 2078 665 insidias

2190 631 2297 677 τως
2329 613 2420 666 ἐπὶ
2449 612 2526 683 τῷ
2553 612 2670 684 Θεῴ
2695 613 2949 678 ἐλπίζων,
2978 612 3073 665 καὶ
3097 614 3223 676 τοὺς
3247 611 3435 679 λόγους
3464 612 3632 667 αὐτοῦ
3665 614 3758 685 φέ-

530 703 924 774 despiciebam,
967 718 1074 758 non
1121 702 1318 759 timens
1370 702 1495 774 quid
1542 703 1708 773 faciat
1762 703 1890 758 mihi
1943 720 2078 760 caro.

2193 723 2300 778 ρων
2333 706 2391 758 ἐν
2431 704 2510 776 τῷ
2557 706 2781 776 στόματί
2831 721 2953 776 μου,
2997 705 3177 775 πάσης
3224 705 3323 775 τῆς
3366 704 3426 772 ἐξ
3456 704 3761 777 ἀνθρώπων

530 797 672 863 Quid
719 796 863 853 enim
900 799 1073 867 possit
1094 812 1230 852 caro
1268 805 1324 852 et
1377 797 1601 868 sanguis
1655 804 1845 852 contra
1917 796 2078 852 Deum

2189 798 2480 870 ἐπιϐουλῆς
2524 798 2906 870 κατεφρόνουν,
2950 798 3010 850 οὐ
3046 795 3374 867 φοϐούμενος
3421 799 3478 850 τί
3518 797 3759 864 ποιήσει

529 889 928 959 opitulantem?
961 887 1096 944 Nam
1136 890 1183 943 si
1229 887 1370 942 Deus
1407 904 1501 957 pro
1542 888 1710 953 nobis,
1761 889 1876 966 quis
1905 897 2078 941 contra

2184 908 2285 959 μοι
2317 890 2493 959 σάρξ.
2543 891 2608 943 Τί
2660 889 2767 961 γὰρ
2814 890 2879 943 ἂν
2928 890 3019 942 καὶ
3058 888 3271 942 δύναιτο
3318 888 3451 960 σὰρξ
3485 888 3583 943 καὶ
3622 884 3761 960 αἷμα

527 981 744 1035 nos”?
786 981 963 1052 inquit
1012 982 1326 1053 Apostolus.
1376 981 1518 1037 Caro
1569 989 1753 1038 autem
1791 993 1907 1038 erat
1935 982 2078 1050 Saul,

2190 980 2326 1053 πρὸς
2358 981 2488 1035 Θεὸν
2521 980 2747 1053 βοηθόνς
2780 982 2848 1034 El
2879 979 2987 1051 γὰρ
3029 982 3061 1033 ό
3092 978 3235 1045 Θεὸς
3262 978 3412 1047 ὑπὲρ
3444 978 3637 1049 ἡμῶν,
3667 981 3762 1046 τίς

527 1074 619 1141 qui
664 1087 726 1127 ea
751 1088 871 1143 qua:
898 1075 1082 1130 carnis
1111 1081 1239 1129 sunt
1269 1074 1545 1144 sapiebat:
1577 1074 1723 1145 quod
1746 1090 1878 1131 sane
1908 1075 2078 1131 decla-

2188 1073 2316 1126 καθ’
2338 1063 2534 1141 ήλιῶντ
2562 1071 2721 1142 φησὶν
2741 1071 2770 1123 6
2800 1067 3140 1131 Ἀπόστολος.
3171 1066 3314 1139 Σὰρξ
3336 1067 3394 1120 δὲ
3418 1063 3487 1138 ἦν
3510 1069 3539 1120 6
3562 1067 3757 1133 Σαοὺλ,

526 1173 614 1218 rat
641 1164 938 1235 Apostolus
968 1168 1036 1221 ad
1065 1167 1382 1223 Corinthios
1430 1168 1712 1225 scribens:
1768 1168 1901 1223 Cum
1950 1169 2087 1223 enim

526 1258 593 1309 sit
632 1258 766 1311 inter
794 1274 880 1311 vos
915 1257 1133 1312 zelus‘et
1156 1260 1440 1324 contentio,
1472 1261 1915 1327 nonatt‘carnales
1936 1261 2083 1325 estis,

524 1358 574 1402 et
619 1349 900 1403 secundum
937 1349 1199 1404 hominem
1233 1350 1517 1407 ambulatis
1541 1353 1621 1406 "?
1674 1352 1773 1407 Hic
1799 1368 1929 1409 vero
1951 1352 2088 1407 Sau-

526 1443 632 1498 lem
670 1458 886 1513 quoque
916 1444 1033 1499 zelo
1070 1451 1126 1499 et
1156 1447 1507 1500 contentione
1535 1446 1777 1516 plenum,
1828 1446 1927 1517 qui
1960 1446 2085 1502 ideo

509 1532 782 1589 Davidem
822 1534 1073 1604 pellebat,
1121 1550 1338 1591 carnem
1376 1537 1608 1600 vocavit,
1646 1536 1834 1592 dicens
1887 1556 1901 1590 :
1960 1536 2085 1591 Non

526 1621 715 1675 timebo
741 1621 867 1692 quid
902 1623 1067 1693 faciat
1103 1624 1231 1677 mihi
1260 1641 1405 1679 caro.
1446 1624 1650 1681 Deinde
1675 1626 1783 1680 ait:
1822 1626 1959 1680 Tota
1998 1625 2084 1681 die

524 1714 677 1768 verba
697 1732 818 1769 mea
845 1717 1275 1783 exsecrabantur,
1318 1716 1593 1771 adversum
1628 1734 1708 1772 me
1740 1735 1914 1773 omnes
1943 1721 2086 1790 cogi-

2187 1164 2254 1218 τὰ
2283 1165 2381 1234 τῆς
2417 1163 2618 1236 σαρκὸς
2646 1160 2888 1233 φρονῶν·
2917 1160 2945 1213 ὃ
2979 1159 3043 1231 δὴ
3076 1160 3399 1230 παρίστησιν
3432 1161 3461 1212 6
3502 1159 3760 1213 Ἀπόστο-

2186 1254 2275 1318 λος
2308 1255 2533 1326 γράφων
2561 1253 2864 1326 Κορινθίοις
2886 1270 2900 1283 ’
2936 1253 3125 1306 Ὅπου
3156 1250 3266 1321 γὰρ
3292 1252 3361 1304 ἐν
3394 1250 3538 1320 ὑμῖν
3574 1249 3760 1319 ζῆλος

2185 1344 2285 1398 καὶ
2311 1344 2454 1413 ἔρις,
2479 1345 2613 1413 οὐχὶ
2652 1342 2925 1411 σάρκινοί
2948 1342 3108 1406 ἐστε,
3142 1340 3238 1395 καί
3271 1342 3421 1394 κατὰ
3440 1340 3759 1410 ἄνθρωπον

2184 1435 2555 1505 περιπατεῖτε
2573 1451 2593 1499 ;
2630 1436 2688 1487 '0
2719 1435 2775 1488 δὲ
2809 1434 2899 1488 καὶ
2930 1434 3019 1487 τὸν
3053 1432 3225 1487 Σαοὺλ
3258 1432 3421 1503 ζήλου
3459 1432 3758 1503 πεπληρω-

2189 1529 2348 1598 μένον
2385 1528 2480 1582 καὶ
2531 1527 2721 1599 ἔριδος,
2765 1526 2857 1581 καὶ
2906 1526 2993 1580 διὰ
3033 1525 3217 1579 ταῦτα.
3252 1524 3343 1579 τὸν
3388 1524 3552 1579 Δαυῖδ
3597 1523 3757 1579 ἐλαύ-

2184 1636 2372 1685 νοντα,
2421 1620 2598 1693 σάρκα
2643 1618 2921 1690 ὠνόμασεν
2968 1617 3169 1672 εἰπών’
3215 1620 3297 1673 Οὐ
3339 1617 3756 1688 φοϐηθήσομαι

2185 1709 2243 1763 τί
2273 1709 2507 1775 ποιήσει
2532 1727 2632 1779 μοι
2665 1708 2842 1777 σάρξ.
2874 1705 3007 1766 Εἶτά
3038 1725 3198 1778 φησιν
3217 1726 3230 1738 °
3265 1710 3448 1776 Ὅλην
3473 1709 3589 1777 τὴν
3612 1710 3758 1777 ἡμέ-

526 1807 748 1861 tationes
775 1824 957 1861 eorum
982 1808 1037 1860 in
1069 1808 1289 1863 malum.
1329 1806 1486 1873 Quod
1512 1823 1644 1864 sane
1682 1809 1888 1865 clarius
1915 1811 2078 1866 inter-

2181 1818 2296 1868 ραν
2326 1800 2468 1867 τοὺς
2503 1802 2725 1871 λόγους
2767 1820 2887 1871 μου
2933 1799 3393 1866 ἐϐδελύσσοντο,
3438 1800 3567 1854 κατ’
3603 1800 3755 1868 ἐμοῦ

510 1906 771 1970 πριιοιοιυε
797 1906 882 1955 est
900 1898 1296 1970 Symmachus,
1325 1899 1511 1956 dicens
1535 1919 1547 1955 :
1584 1899 1688 1955 Per
1710 1918 1912 1956 omnem
1945 1902 2083 1956 diem

508 2006 784 2044 sermones
812 1988 877 2045 de
904 2007 984 2044 me
1014 1990 1269 2045 curabant
1296 2007 1313 2044 :
1353 2002 1537 2046 contra
1566 2009 1647 2047 nte
1677 1994 1845 2047 omnis
1876 1995 2082 2064 cogita-

506 2083 600 2136 étio
628 2099 811 2138 eorum
841 2084 895 2137 in
925 2084 1145 2139 malum.
1199 2086 1277 2137 Ac
1311 2084 1357 2141 si
1395 2085 1541 2139 enim
1574 2085 1715 2140 nihil
1747 2084 1895 2140 aliud
1947 2084 2082 2156 ipsis

524 2171 795 2243 agendum
829 2181 1167 2243 suppeteret,
1205 2189 1380 2246 neque
1437 2176 1505 2230 de
1553 2176 1679 2231 aliis
1729 2191 1913 2232 sermo
1967 2192 2084 2231 mo-

524 2262 732 2318 vendus
774 2271 951 2330 esset;
1006 2263 1178 2319 otium
1209 2281 1369 2321 suum
1410 2273 1583 2321 totum
1625 2268 1680 2320 in
1730 2266 2000 2337 loquendo
2030 2274 2084 2322 et

522 2353 814 2424 cogitando
852 2353 920 2410 de
950 2370 1036 2409 me
1062 2355 1428 2423 insumebant,
1456 2358 1589 2412 nihil
1621 2358 1749 2414 boni
1776 2359 1831 2413 iu
1863 2374 1947 2413 me
1972 2374 2085 2415 mo-

521 2445 746 2511 lientes;
776 2446 871 2501 sed
898 2446 953 2500 in
985 2446 1188 2502 malum
1237 2457 1292 2503 et
1333 2464 1438 2520 pro
1481 2449 1625 2505 malo
1683 2459 1852 2506 totam
1891 2466 2080 2506 curam

444 2534 453 2542 ’
503 2536 905 2606 impendebant
938 2553 1120 2597 suam.

591 2710 759 2770 Vnus.
786 2715 846 2779 7,
875 2714 929 2770 8.
950 2714 1346 2773 iltthabitabunt
1378 2728 1429 2773 et
1460 2719 1805 2787 abscondent,
1839 2720 1941 2791 ipsi
1969 2720 2082 2774 cal-

502 2820 739 2858 caneum
768 2822 939 2859 meum
981 2807 1345 2863 observabant.
1382 2809 1530 2863 Sicut
1558 2813 1919 2865 sustinuerunt
1963 2812 2081 2865 ani-

519 2912 662 2949 mam
691 2911 856 2949 meam
889 2912 984 2965 pro
1008 2897 1172 2952 nihilo
1200 2899 1373 2952 salvos
1406 2899 1568 2967 facies
1599 2901 1753 2966 illos;
1786 2903 1841 2955 in
1882 2903 1964 2955 ira
1993 2918 2082 2971 po-

496 2986 670 3054 .pulos
701 2986 1017 3057 confringes,
1050 2986 1213 3053 Deus.
1267 2987 1391 3043 Haec
1425 2989 1660 3047 obscure
1682 2991 1825 3062 apud
1851 2990 2079 3064 Septua-

517 3077 669 3147 ginta
710 3076 1037 3149 [interpretes
1070 3079 1236 3147 dicta,
1268 3082 1513 3151 apertius
1550 3085 1940 3154 interpretatus
1993 3091 2077 3141 est

2183 1891 2404 1958 πάντες
2423 1895 2477 1946 ol
2501 1891 2873 1961 διαλογισμοὶ
2913 1890 3111 1945 αὐτῶν
3136 1893 3221 1957 εὶς
3251 1890 3469 1943 κακόν·
3499 1890 3528 1943 ὃ
3558 1890 3623 1961 δὴ
3651 1908 3756 1943 σα-

2183 1982 2440 2053 φέστερον
2470 1984 2811 2054 ἡρμήνευσεν
2833 1983 2861 2034 6
2887 1982 3178 2053 Σύμμαχος
3202 1982 3395 2036 εἰπών·
3423 1981 3525 2035 Διὰ
3545 1981 3757 2049 πάσης

2182 2075 2406 2144 ἡμέρας
2433 2076 2652 2143 λόγους
2693 2072 2825 2143 περὶ
2866 2074 3010 2143 ἐμοῦ
3040 2073 3403 2143 ἐφρόντιζον
3446 2074 3573 2127 κατ’
3601 2072 3757 2143 ἐμοῦ

2181 2164 2300 2231 πᾶς
2325 2164 2709 2236 διαλογισμὸς
2736 2166 2933 2220 αὐτῶν
2956 2168 3044 2233 εἰς
3071 2169 3275 2221 κακόν.
3318 2166 3404 2231 Ὠς
3435 2166 3540 2239 γὰρ
3578 2167 3759 2238 μηδὲν

2182 2255 2394 2326 ἔχοντες
2425 2255 2610 2327 ἕτερον
2650 2256 2928 2327 πράττειν,
2968 2256 3100 2327 μηδὲ
3143 2255 3271 2328 περὶ
3310 2256 3504 2327 ἐτέρων
3548 2255 3760 2324 λόγους

2181 2350 2369 2413 κινεῖν,
2399 2348 2496 2419 τὴν
2527 2349 2703 2402 πᾶσαν
2734 2347 2941 2401 ἑαυτῶν
2969 2348 3161 2419 σχολὴν
3191 2350 3304 2410 τοῖς
3335 2348 3461 2419 περὶ
3490 2346 3620 2419 ἐμοῦ
3653 2348 3761 2403 λό-

2181 2458 2296 2509 γοις
2326 2441 2420 2494 καὶ
2456 2443 2565 2504 τοῖς
2607 2440 2726 2494 κατ’
2764 2440 2896 2511 ἐμοῦ
2930 2439 3205 2511 λογισμοῖς
3235 2440 3563 2504 ἀνετίθεσαν,
3596 2440 3758 2498 οὐδὲν

2178 2532 2381 2600 ἀγαθὸν
2435 2533 2561 2603 περὶ
2608 2531 2742 2603 ἐμοῦ
2797 2532 3190 2604 βουλευόμενοι.
3252 2532 3396 2585 Ἀλλ’
3450 2534 3530 2596 εἰς
3576 2533 3756 2589 κακὸν

2180 2624 2274 2678 καὶ
2309 2625 2400 2677 ἐπὶ
2426 2623 2579 2695 κακῷ
2608 2624 2705 2697 τὴν
2736 2623 2942 2678 ἑαυτῶν
2977 2624 3355 2689 ἀναλίσκοντες
3384 2624 3632 2695 σπουδήν.

2248 2715 2695 2784 Παροικήσουσι
2736 2716 2834 2769 καὶ
2877 2716 3386 2785 κατακρύψουσιν,
3424 2715 3585 2770 αὐτοὶ
3624 2716 3754 2785 τὴν

2160 2806 2440 2873 πτέρναν
2494 2824 2612 2876 μου
2671 2805 3029 2876 φυλάξουσι.
3093 2806 3370 2875 Καθάπερ
3422 2806 3753 2876 ὑπέμειναν

2178 2894 2293 2963 τὴν
2328 2895 2538 2965 ψυχήν
2576 2914 2714 2965 μου,
2761 2897 2913 2965 ὑπὲρ
2941 2895 3047 2950 τοῦ
3086 2895 3345 2966 μηδενὸς
3386 2896 3607 2963 σώσεις
3642 2901 3757 2953 αὑ-

2178 2987 2319 3053 τούς
2338 3004 2351 3016 ·
2379 2988 2449 3042 ἐν
2472 2986 2619 3056 ὀργῇ
2645 2987 2834 3054 λαοὺς
2865 2987 3159 3054 κατάξεις,
3185 2991 3217 3042 ό
3245 2988 3407 3061 Θεάς.
3440 2991 3554 3043 Καὶ
3576 2990 3755 3045 ταῦτα

2178 3081 2402 3151 ἀσαφῶς
2434 3082 2693 3153 εἰρημένα
2723 3082 2871 3153 παρὰ
2889 3085 3000 3146 τοῖς
3034 3082 3452 3155 Ἐϐδομήκοντα,
3495 3084 3752 3137 λευκότε-

501 3168 882 3240 -Symmacbus
928 3171 1014 3228 his
1043 3172 1225 3228 verbis
1259 3191 1275 3230 :
1305 3172 1689 3231 Conveniebant
1728 3176 1888 3238 clam,
1920 3185 1968 3231 et
1997 3193 2078 3231 ve-

2181 3188 2274 3243 ρον
2314 3171 2707 3245 διηρμήνευσεν
2746 3175 2773 3226 6
2811 3172 3122 3244 Σύμμαχος,
3160 3172 3361 3228 εἰπών·
3405 3174 3755 3244 Συνήγοντο

514 3262 677 3332 stigia
708 3279 823 3317 mea
855 3262 1221 3332 observabant,
1248 3278 1604 3337 exspectantes
1634 3269 1867 3323 anintam
1911 3286 2080 3325 meam

500 3363 731 3423 propter
762 3356 1119 3426 iniquitatem.
1171 3358 1361 3414 Libera
1385 3359 1449 3413 ab
1493 3359 1626 3426 illis,
1664 3362 1718 3415 in
1750 3363 1833 3415 ira
1860 3362 2077 3432 populos

515 3446 771 3517 deprime,
833 3447 998 3509 Deus.
1044 3453 1125 3507 lta
1165 3453 1332 3518 enim,
1376 3452 1574 3524 inquit,
1630 3460 1744 3510 tota
1806 3455 1893 3510 die
1946 3455 2078 3510 mihi

516 3539 907 3617 [Observando]
950 3545 1238 3611 vacabant,
1262 3560 1541 3602 sermones
1563 3545 1629 3601 de
1658 3562 1745 3602 me
1775 3555 2076 3613 moventes,

518 3641 574 3687 et
603 3643 719 3689 tota
743 3638 1002 3707 cogitatio
1032 3653 1225 3693 eorum
1268 3646 1459 3694 contra
1507 3655 1595 3695 me
1619 3647 1771 3707 erat;
1807 3647 1868 3696 ut
1888 3639 2080 3694 stude-

515 3731 639 3777 rent
682 3740 791 3779 una
824 3726 987 3780 simul
1027 3726 1318 3782 adversum
1340 3743 1425 3782 me
1454 3729 1919 3798 conSpirationem
1953 3744 2080 3784 con-

498 3812 686 3869 .ﬂare:
725 3830 901 3884 neque
928 3832 994 3871 eo
1026 3815 1291 3873 sisterent
1330 3819 1599 3888 gradum;
1634 3820 1730 3876 sed
1769 3821 1930 3875 etiam
1964 3822 2078 3875 cal-

517 3917 749 3959 caneum
793 3906 909 3962 sive
938 3906 1063 3961 vitae
1095 3922 1343 3977 gressum
1376 3908 1753 3978 observarent,
1783 3928 1912 3969 num
1948 3928 2078 3983 sup-

515 3994 814 4065 plantando
863 3984 1107 4066 dejicere
1153 4012 1240 4053 me
1281 4007 1526 4067 possent.
1582 3998 1824 4070 Vestigia
1856 4017 2075 4073 quoque

515 4098 659 4150 mea,
690 4093 745 4140 et
795 4100 903 4156 quo
953 4102 1257 4157 pergerem,
1314 4089 1701 4157 observabant,
1752 4100 1813 4146 ut
1858 4109 2077 4164 quoquo

513 4174 678 4231 modo
725 4192 812 4232 me
844 4176 1387 4247 comprehenderent.
1434 4177 1563 4235 Haec
1598 4180 1676 4235 illi
1715 4182 1808 4252 qui
1841 4199 1929 4239 me
1960 4185 2077 4241 sine

513 4269 1178 4340 causapersequebantur
1204 4278 1395 4325 contra
1440 4286 1527 4327 me
1561 4272 1936 4344 designabant.
1994 4274 2076 4332 Tu

513 4366 720 4427 autem,
752 4357 1002 4424 Domine,
1032 4376 1158 4431 spes
1212 4376 1354 4428 mea,
1390 4376 1477 4417 me
1528 4362 1599 4419 ab
1649 4362 1857 4433 injusta
1885 4380 2075 4423 eorum

510 4452 918 4523 conspiratione
954 4453 1198 4520 liberes;
1253 4453 1403 4523 ipsos
1444 4463 1625 4510 autem
1672 4457 1756 4511 ira
1786 4464 1880 4512 tua
1922 4460 2076 4514 inva-

2179 3263 2389 3331 λάθρα,
2425 3263 2523 3317 καὶ
2552 3266 2621 3318 τὰ
2653 3265 2790 3335 ιχνη
2810 3282 2929 3334 μου
2973 3262 3345 3333 παρετήρουν
3370 3264 3758 3332 προσδοκῶν-

2179 3371 2277 3420 τες
2312 3354 2426 3423 τὴν
2464 3354 2674 3425 ψυχήν
2703 3374 2819 3426 μου
2853 3356 2950 3411 διὰ
2980 3356 3096 3424 τὴν
3121 3356 3376 3411 ἀδικίαν.
3415 3356 3621 3411 Ῥῦσαι
3647 3359 3754 3412 ἀπ’

2179 3445 2397 3512 αὐτῶν,
2436 3449 2506 3501 ἐν
2548 3447 2694 3519 ὀργῇ
2734 3450 2922 3516 λαοὺς
2954 3447 3266 3519 χατάγαγε,
3313 3451 3346 3502 ό
3376 3450 3537 3514 Θεός.
3566 3450 3758 3515 Οὕτως

2179 3538 2309 3610 γὰρ,
2346 3538 2499 3610 φησὶ,
2535 3540 2623 3593 διὰ
2667 3542 2844 3612 πάσης
2874 3540 3086 3613 ἡμέρας
3125 3540 3246 3611 ἐμοὶ
3279 3540 3590 3609 ἐσχόλαζον,
3624 3543 3759 3605 τοὺς

2180 3648 2245 3682 πε
2250 3630 2308 3702 pl.
2333 3629 2463 3700 ἐμοῦ
2493 3629 2681 3699 λόγους
2710 3630 3002 3696 κινοῦντες,
3030 3631 3124 3685 καὶ
3147 3633 3255 3694 πᾶς
3282 3631 3630 3701 διαλογισμὸς
3653 3634 3760 3685 αὑ-

2176 3721 2284 3771 τῶν
2313 3720 2433 3772 κατ’
2476 3718 2609 3788 ἐμοῦ
2645 3719 2916 3788 ἐγίγνετο⁸
2950 3720 3025 3785 ὡς
3059 3720 3377 3786 σπουδάζειν
3420 3721 3756 3789 συνάγεσθαι

2179 3811 2376 3875 αὐτοὺς
2400 3810 2533 3881 ὁμοῦ
2563 3812 2827 3875 συσκευάς
2852 3828 2865 3841 ⁸
2891 3811 2985 3865 καὶ
3018 3812 3092 3884 μὴ
3129 3812 3288 3887 μέχρι
3310 3814 3495 3867 τούτου
3520 3816 3755 3884 χωρεῖν,

2178 3901 2313 3955 ἀλλὰ
2346 3903 2438 3955 καὶ
2472 3902 2924 3974 περιεργάζεσθαι
2955 3921 3053 3973 μου
3082 3902 3180 3975 τὴν
3211 3904 3467 3976 πτέρναν,
3498 3904 3757 3959 τουτέστι

2176 3993 2274 4063 τὴν
2298 3992 2391 4045 τοῦ
2428 3992 2559 4063 βίου,
2585 3994 2830 4066 πορείαν,
2867 3994 2921 4045 εί
2950 4012 3066 4058 πως
3094 3994 3435 4059 σκελίσαντες
3472 3995 3757 4066 δυνηθεῖεν

2178 4086 2500 4141 καταϐαλεῖν
2529 4104 2618 4157 με.
2650 4088 2759 4140 Καὶ
2783 4086 2851 4140 τὰ
2883 4087 3002 4157 ἴχνη
3026 4086 3082 4140 δέ
3109 4106 3209 4159 μου
3236 4090 3602 4161 παρετήρουν,
3623 4090 3755 4144 ὅποι

2172 4179 2243 4233 ἂν
2285 4178 2573 4250 βαδίζοιμι,
2608 4181 2700 4234 καὶ
2742 4180 2807 4233 ἵν’
2838 4180 2985 4242 ὅπως
3024 4178 3361 4233 ὲπιλάϐοιντό
3403 4198 3525 4251 μου.
3561 4182 3755 4236 Ταῦτα

2178 4271 2276 4340 μὲν
2306 4265 2396 4323 οὖν
2424 4271 2473 4322 οἱ
2505 4270 2679 4342 μάτην
2711 4270 2994 4337 διώκοντες
3020 4276 3142 4327 κατ’
3173 4273 3305 4346 ἐμοῦ
3347 4275 3635 4346 ἔπραττον.
3679 4278 3755 4331 Σῦ

2176 4360 2252 4424 δὲ,
2303 4360 2494 4432 Κύριε,
2527 4363 2560 4432 ἠ
2591 4361 2698 4434 ἐμὴ
2729 4363 2900 4430 ἐλπὶς,
2931 4365 3030 4436 ἐμὲ
3064 4367 3160 4437 μὲν
3201 4366 3301 4437 τῆς
3343 4366 3529 4420 ἀδίκου
3563 4368 3755 4421 αὐτῶν

2180 4452 2447 4522 ωσκευῆς
2503 4453 2682 4524 ῥῦσαι,
2732 4455 2926 4520 αὐτοὺς
2974 4457 3031 4510 δέ
3083 4457 3352 4529 μετελθὼν
3398 4460 3464 4530 τῇ
3512 4461 3755 4514 σεαυτοῦ

511 4542 668 4609 dens,
699 4560 762 4600 ex
788 4561 853 4600 ea
880 4547 1190 4617 arrogantia
1214 4555 1268 4604 et
1301 4550 1556 4620 superbia
1598 4549 1773 4620 dejice
1800 4570 1813 4605 :
1840 4551 1895 4607 id
1928 4552 2074 4608 enim

2181 4542 2335 4614 ὀργῇ,
2366 4510 2638 4596 κατέϐαλε
2666 4510 2766 4615 τῆς
2800 4510 3167 4617 μεγαλαυχίας
3192 4510 3282 4601 καὶ
3308 4547 3407 4619 τῆς
3436 4510 3760 4621 ἔφηλοῴρᾷ

511 4634 648 4703 ipsis
683 4637 812 4692 utile
833 4639 958 4693 erit.
1011 4637 1290 4709 Siquidem
1321 4642 1451 4697 elati
1478 4657 1542 4697 ac
1578 4650 1876 4710 tumentes,
1918 4642 1973 4699 id
2013 4644 2070 4699 in

511 4738 668 4779 suam
711 4728 1009 4796 perniciem
1050 4730 1320 4801 agebant:
1380 4733 1584 4788 etenim
1639 4732 1783 4789 Deus
1834 4734 2071 4803 superbis

512 4816 732 4885 resistit,
763 4818 1049 4874 humilibus
1074 4831 1249 4875 autem
1271 4822 1365 4876 dat
1392 4825 1621 4893 gratiam
1639 4824 1717 4880 ηε
1749 4840 1917 4894 quare
1939 4841 2073 4897 rogo

511 4922 703 4963 omnes
752 4908 1096 4980 insurgentes
1139 4912 1197 4967 in
1239 4928 1326 4968 me
1366 4913 1675 4983 deprimes;
1702 4916 1836 4980 sive,
1874 4932 2073 4973 secun-

511 5000 641 5053 dum
673 4999 948 5070 Aquilam,
1000 5002 1257 5072 dejicias;
1281 5012 1342 5059 ut
1369 5004 1669 5063 modestius
1696 5014 1859 5078 atque
1889 5008 2074 5063 humi-

512 5092 619 5149 lius
651 5094 975 5162 sentientes,
1007 5112 1261 5168 magnam
1297 5099 1589 5155 utilitatem
1626 5101 1956 5173 percipiant.

579 5288 745 5346 Vens.
782 5287 838 5354 9,
885 5288 971 5345 10.
1018 5289 1192 5345 Vitam
1241 5307 1410 5345 meam
1455 5293 1762 5348 annuntiavi
1818 5292 1934 5358 tibi,
1978 5308 2073 5362 po-

509 5383 664 5438 suisti
694 5383 956 5452 lacrgmas
996 5397 1137 5436 meas
1183 5382 1238 5435 in
1285 5392 1559 5451 conspectu
1590 5394 1714 5449 tuo;
1738 5384 1871 5438 sicut
1914 5392 1964 5437 et
2014 5383 2068 5438 in

506 5475 989 5542 promissione,tua,
1018 5482 1376 5529 convertentur
1407 5475 1606 5529 inimici
1634 5477 1732 5530 mei
1759 5485 2065 5539 retrorsum,

506 5566 563 5620 in
588 5583 892 5639 quacunque
912 5568 997 5623 die
1014 5567 1317 5624 invocavero
1342 5576 1411 5622 te.
1436 5565 1560 5623 Hazc
1588 5568 1790 5626 clarius
1823 5566 2071 5640 Symma-

582 5721 628 5754 ’δ
669 5723 829 5779 Rom.
859 5741 975 5792 vm,
1004 5725 1094 5783 51.

1189 5725 1229 5757 ⁸⁵
1266 5722 1435 5781 lCor.
1471 5740 1552 5790 ιιι,
1591 5723 1642 5780 3.
1724 5726 1740 5758 ¹
1783 5723 1801 5777 Ι
1836 5723 1985 5781 Petr.
2023 5742 2078 5792 ν,
2116 5727 2165 5781 5.

2180 4632 2371 4704 σύνηςο
2419 4635 2574 4688 τοῦτο
2606 4634 2713 4706 γὰρ
2753 4636 2933 4701 αὐτοῖς
2987 4639 3238 4693 συνοίσει.
3273 4639 3593 4711 ’Υψούμενοι
3634 4642 3757 4715 γὰρ

2178 4723 2271 4777 καὶ
2304 4725 2673 4796 ἐπαιρόμενοι,
2705 4727 2790 4779 ἐπ’
2814 4725 3017 4798 ὀλέθρῳ
3041 4728 3118 4800 τῷ
3139 4730 3346 4783 ἑαυτῶν
3370 4731 3520 4784 ταῦτ’
3549 4731 3760 4802 ἐπρατ-

2175 4830 2265 4865 τον
2278 4828 2297 4843 ··
2314 4817 2345 4868 ὁ
2359 4815 2464 4886 γὰρ
2497 4814 2639 4881 Θεὸς
2654 4815 3055 4885 ὑπερηφάνοις
3069 4816 3509 4883 ἀντιτάσσεται,
3539 4836 3759 4876 ταπει-

2176 4903 2607 4970 νοῖςδὲδίδωσι
2629 4908 2835 4976 χάριν·
2890 4908 2991 4972 διὸ,
3045 4909 3293 4974 ἱκετεύω,
3346 4910 3556 4976 πάντας
3614 4917 3759 4979 τοὺς

2176 4998 2632 5069 ἐπανισταμένους
2663 5016 2752 5070 μοι
2769 5000 3042 5071 κατάγαγε
3066 5018 3081 5032 ·
3111 5002 3167 5073 ἢ,
3199 5002 3338 5057 κατὰ
3364 5003 3454 5057 τὸν
3491 5003 3757 5071 Ἀκύλαν,

2176 5089 2604 5144 καταϐίϐασον·
2651 5092 2726 5154 ὡς
2772 5092 2857 5157 ἂν,
2909 5092 3125 5164 μέτριον
3176 5094 3429 5166 φρόνημα
3484 5094 3760 5161 λαϐόντες

2175 5182 2268 5235 καὶ
2294 5183 2524 5237 ταπεινὰ
2557 5184 2899 5257 φρονοῦντες,
2938 5185 3008 5238 τὰ
3041 5187 3253 5257 μεγάλα
3284 5186 3638 5258 ὼφεληθείεν.

2249 5296 2368 5366 Τὴν
2392 5297 2541 5365 ζωήν
2564 5318 2682 5369 μου
2712 5300 3029 5372 ἐξήττειλά
3058 5319 3176 5367 σοι,
3226 5303 3364 5357 ἔθου
3402 5304 3477 5356 τὰ
3510 5302 3763 5372 δάκρυά

2167 5406 2286 5458 μου
2317 5388 2570 5445 ἐνώπιόν
2605 5408 2740 5446 σουο
2790 5395 2870 5459 ὡς
2906 5394 3007 5448 καὶ
3052 5394 3121 5447 ἐν
3148 5392 3223 5462 τῇ
3256 5393 3579 5464 ἐπαγγελίᾳ
3600 5411 3757 5463 σου,

2173 5480 2645 5551 ἐπιστρέφουσιν
2674 5487 2725 5539 οἱ
2754 5486 2955 5555 ἐχθροί
2989 5504 3109 5557 μου
3138 5490 3224 5553 εις
3247 5486 3319 5542 τὰ
3346 5488 3559 5553 ὀπίσω,
3597 5488 3675 5541 ὲν
3715 5484 3762 5561 ᾖ

2174 5572 2253 5627 ἂν
2289 5573 2473 5643 ἡμέρᾳ
2496 5576 2932 5647 ἐπικαλέσωμαι
2949 5592 3040 5633 σε.
3062 5580 3173 5635 Καὶ
3190 5579 3360 5635 ταῦτα
3385 5581 3412 5634 ό
3445 5578 3763 5653 Σύμμαχος
