3988 6202
256 322 363 379 497

1390 319 1889 378 COMMENTARIA
1934 325 1997 379 ΙΝ
2040 322 2380 379 PSAIMOS.

3390 320 3497 376 ινδ

248 438 591 510 σαφέστερον
612 436 974 508 ήρμήνευσεν,
1005 438 1175 502 οὕτως
1215 437 1489 495 εἰπών’Τὰ
1514 439 1700 530 ἐνδοη
1704 458 1823 510 μου

1947 444 2065 499 :lms
2120 444 2509 511 interpretatus
2553 445 2637 494 est
2681 438 2769 494 bis
2798 438 2979 493 verbis
3017 456 3030 492 :
3072 437 3335 497 Interiora
3386 456 3500 493 nisa

249 532 670 600 ἑξηρίθμησας
694 547 706 559 ·
770 529 851 584 σὺ
910 530 1051 585 ἔθου
1084 531 1155 585 τὰ
1181 530 1409 599 δάκρυὰ
1430 548 1550 601 μου
1580 532 1835 588 ἐνώπιόν

247 640 391 679 σου.
420 620 523 689 Μὴ
551 620 689 691 οὐχί
742 619 889 674 ὅταν
926 618 1268 690 ὲξαριθμῇς,
1296 621 1429 674 τότε
1453 621 1837 691 ἀποστραφήυ

250 732 466 772 vortas
499 718 555 770 ol
591 715 793 784 ἐχθροί
839 731 958 784 μου
1001 715 1212 780 ὀπίσω,
1241 709 1282 786 ᾖ
1313 713 1391 767 ἂν
1420 714 1610 784 ἡμέρᾳ
1629 716 1834 769 ἐπικα-

247 807 525 877 λέσωμαι
551 822 670 871 de;
716 807 780 859 Οί
807 806 903 877 μὲν
949 805 1131 877 ἐχθροί
1162 823 1283 877 μου,
1308 806 1460 876 φησὶ,
1512 806 1600 859 διά
1657 805 1837 876 πάσης

250 903 470 971 ημὲρας
495 896 687 967 λόγους
711 897 842 969 περὶ
890 897 1024 968 ἐμοῦ
1055 897 1354 961 ἁνεκίνουν,
1403 898 1497 951 καὶ
1554 899 1673 951 κατ’
1702 896 1835 968 ἐμοῦ

250 990 458 1055 πάντες
482 991 532 1044 οἱ
559 989 897 1060 διαλογισμοὶ
954 988 1130 1042 αὐτῶν
1175 984 1334 1060 ἦσαν’
1384 988 1494 1059 ἐγὼ
1539 989 1594 1042 δέ
1621 990 1837 1053 ὁποίους

249 1082 311 1135 ἐν
337 1080 567 1153 ἐμαυτῷ
598 1080 828 1149 συνῆγον
856 1079 1146 1149 λογισμοὺς
1178 1081 1270 1133 καὶ
1294 1080 1486 1143 ὁποίας
1513 1079 1838 1151 ἐνθυμήσεις

251 1169 426 1245 εἶχον,
454 1173 522 1226 σὺ
578 1172 761 1236 αὐτὸς,
801 1171 877 1234 ὼς
909 1169 1345 1243 καρδιογνώστης
1385 1171 1536 1235 Θεὸς,
1566 1167 1731 1235 οἶδας.
1758 1170 1841 1224 Τά

252 1267 364 1338 γὰρ
387 1266 539 1319 ἐνδον
576 1281 678 1335 μου
702 1264 797 1333 ἐξη
807 1262 1073 1335 ρίθμησας
1094 1262 1290 1327 πάντα,
1311 1263 1404 1317 καὶ
1422 1262 1492 1317 τὰ
1515 1264 1721 1335 κρύφιά
1740 1283 1839 1336 μου

254 1360 350 1412 καὶ
374 1358 478 1420 τὰς
502 1355 826 1427 ἐνθυμήσεις
850 1354 949 1425 τῆς
972 1353 1147 1427 ψυχῆς
1186 1371 1284 1427 μου
1312 1354 1596 1423 γινώσκεις
1612 1373 1625 1386 ο
1650 1356 1842 1428 διόπερ

252 1450 377 1504 ἔθου
399 1448 471 1501 τὰ
496 1446 710 1518 δάκρυά
745 1462 848 1516 μου
874 1444 1101 1501 ἐνώπιόν
1137 1462 1253 1508 σου,
1293 1445 1385 1499 καὶ
1427 1446 1527 1499 οὐκ
1570 1447 1845 1517 ἀπεστρά-

254 1559 363 1613 φης
391 1539 552 1594 αύτά·
586 1537 700 1590 ἀλλ’
726 1535 928 1606 ὥσπερ
961 1539 1018 1592 ἐν
1040 1541 1105 1609 τῇ
1129 1536 1429 1607 ἐπαγγελίᾳ
1463 1555 1554 1590 σου
1579 1537 1841 1609 ὑπισχνοῦ

252 1626 449 1695 λέγων’
477 1626 599 1677 Ἔτι
648 1624 986 1691 λαλοῦντός
1028 1641 1143 1679 σου
1180 1623 1311 1693 ἐρεῖν
1382 1624 1537 1680 Ἰδοὺ
1586 1626 1841 1695 πάρειμι,

254 1716 433 1781 οὕτως
460 1713 725 1769 ἀκόλουθα
749 1715 1004 1786 πράττων
1029 1718 1149 1779 ταῖς
1172 1718 1289 1779 σαῖς
1314 1716 1687 1785 ἐπαγγελίαις,
1703 1719 1843 1772 ἔθου

1934 535 2299 588 enumerasti:
2341 539 2395 583 tu
2436 528 2660 598 posuisti
2706 528 2969 598 lacrymas
3016 544 3158 582 meas
3217 544 3394 581 coram
3429 538 3496 580 te-

1934 627 2121 680 Annon
2152 640 2270 677 cum
2316 622 2715 686 enumeraveris,
2745 630 2866 675 tunc
2908 628 3265 675 convertentur
3303 621 3501 674 inimici

1934 719 2035 772 mei
2065 727 2375 781 retrorsum,
2410 716 2468 768 in
2506 730 2811 785 quacunque
2835 713 2919 768 die
2953 715 3256 769 invocavera
3284 716 3371 771 te?
3412 711 3500 768 In-

1936 809 2082 864 imici
2113 807 2330 879 quidem
2364 807 2493 871 mei,
2526 806 2725 877 inquit,
2756 813 2869 860 tota
2901 805 2988 861 die
3010 821 3293 862 sermones
3324 804 3392 861 de
3417 821 3502 860 me

1936 904 2250 967 movebant,
2276 909 2330 958 et
2355 908 2547 956 contra
2585 915 2670 954 me
2698 898 3060 969 cogitationes
3097 913 3285 953 eorum
3309 906 3501 966 erant;

1936 1011 2035 1067 ego
2057 1010 2187 1051 vero
2213 995 2393 1065 qualia
2416 995 2468 1048 in
2502 1010 2589 1049 me
2620 993 2906 1048 ratiocinia
2935 992 3270 1064 collegerim,
3294 1002 3347 1048 et
3368 1006 3507 1064 qua-

1936 1087 2017 1143 les
2053 1086 2412 1156 cogitationes
2442 1085 2746 1149 habuerim,
2782 1091 2863 1149 tu,
2901 1092 3086 1155 utpote
3120 1084 3366 1140 cordium
3412 1100 3516 1164 co-,

1940 1180 2121 1249 gnitor
2166 1177 2330 1243 Deus,
2364 1178 2531 1232 nosti.
2561 1175 2696 1230 Nam
2744 1192 2864 1247 quae
2920 1178 3059 1231 intra
3091 1192 3176 1232 me
3210 1186 3339 1231 sunt
3369 1192 3504 1231 enu-

1937 1269 2163 1324 merasti
2193 1268 2395 1331 omnia,
2428 1276 2483 1322 et
2508 1268 2721 1322 occulta
2744 1282 2863 1322 mea
2894 1268 3361 1338 cogitationesque
3386 1267 3503 1320 ani-

1939 1375 2041 1415 mae
2068 1374 2201 1415 mea:
2227 1361 2512 1430 cognoscis
2546 1379 2559 1414 :
2586 1359 2937 1429 quamobrem
2976 1358 3207 1429 posuisti
3238 1359 3504 1430 lacrymas

1940 1465 2090 1506 meas
2122 1451 2177 1505 in
2203 1457 2501 1519 conspectu
2530 1457 2645 1514 tuo,
2682 1464 2783 1504 nec
2830 1456 3114 1504 aversatus
3154 1463 3249 1504 eas
3278 1464 3373 1515 es;
3408 1448 3504 1504 sed

1941 1546 2076 1599 sicut
2120 1550 2172 1599 et
2224 1544 2281 1597 in
2328 1542 2693 1612 promissione
2724 1552 2814 1597 tua
2855 1542 3136 1612 professus
3158 1558 3237 1608 es,
3269 1542 3456 1598 dicens
3487 1557 3502 1593 :

1942 1635 2126 1689 Adhuc
2157 1644 2205 1689 te
2237 1634 2473 1704 loquente
2505 1633 2681 1687 dicam
2717 1650 2735 1687 :
2776 1632 2910 1687 Ecce
2954 1632 3141 1687 adsum
3167 1634 3242 1701 ¹⁷;
3271 1633 3351 1689 sic
3375 1647 3506 1687 con-
3548 1694 3556 1702 ,

1944 1732 2233 1794 sequenter
2262 1723 2328 1778 ad
2356 1722 2627 1793 promissa
2663 1731 2774 1789 tua,
2801 1724 3022 1792 posuisti
3066 1722 3330 1794 lacrymas
3363 1740 3506 1779 meas

256 1810 337 1863 τὰ
357 1807 592 1876 δάκρυά
634 1826 746 1876 μου
797 1806 1055 1861 ἐνώπιόν
1106 1823 1242 1861 σου.
1277 1809 1385 1861 Καὶ
1435 1809 1577 1862 κατὰ
1601 1810 1701 1882 τὴν
1727 1810 1837 1864 τῶν

1947 1815 1995 1868 in
2029 1823 2306 1883 conspectu
2368 1822 2475 1869 tuo.
2534 1810 2613 1867 Ac
2661 1812 2960 1868 secundum
3005 1813 3504 1884 interpretationem

275 1897 683 1967 Ἕϐδομήκοντα
722 1895 779 1950 δὲ
809 1895 1125 1967 ἑρμηνείαν,
1157 1894 1276 1963 Τὴν
1300 1895 1452 1963 ζωήν
1470 1915 1610 1966 μου,
1650 1898 1833 1968 φησὶν,

268 1986 592 2056 ἐξήπτεαά
639 2002 751 2052 σοι,
806 1987 884 2050 ὡς
928 1986 994 2042 ἂν
1056 1986 1361 2057 παρρησίαν
1418 1986 1564 2057 ἄγων
1623 1989 1714 2041 καὶ
1762 1988 1836 2060 μὴ

272 2079 719 2150 ἐπαισχυνόμενος
741 2078 837 2131 ἐπὶ
857 2080 923 2149 τῇ
948 2078 1184 2149 ἐμαυτοῦ
1212 2078 1347 2149 ζωῇ.
1381 2076 1453 2131 Σύ
1493 2095 1554 2131 τε
1573 2078 1836 2149 ἀποδεχό-

272 2172 434 2242 μενός
454 2188 554 2242 μου
583 2171 680 2243 τὴν
704 2171 871 2242 ζωὴν,
921 2169 990 2223 τὰ
1020 2169 1232 2241 δάκρυά
1264 2188 1364 2241 μου
1394 2170 1494 2223 ούκ
1542 2169 1835 2236 ἀπεσείσω,

264 2262 401 2317 ἀλλά
424 2261 530 2334 πρὸ
555 2261 664 2314 τῶν
691 2262 800 2317 σῶν
822 2259 1112 2331 ὀφθαλμῶν
1144 2260 1266 2316 ἐθου
1294 2262 1450 2326 αὐτὰ,
1484 2260 1839 2332 πιστούμενος

258 2353 361 2419 τὰς
383 2354 484 2418 σάς
505 2352 854 2422 ἐπαγγελίας.
872 2351 962 2405 Διὸ
984 2350 1314 2416 συνέϐαινεν,
1339 2350 1472 2423 ἐμοῦ
1493 2352 1844 2420 είσακουομέ-

260 2462 379 2511 νου,
412 2445 540 2508 τοὺς
587 2443 813 2517 ἐχθρούς
878 2458 977 2514 μου
1012 2444 1091 2506 είς
1117 2442 1188 2496 τὰ
1237 2442 1412 2496 ὀπίσω
1460 2444 1674 2513 χωρεῖν
1718 2441 1841 2495 ὃθεν

262 2534 426 2605 φημί·
465 2535 564 2588 Ἐν
582 2528 622 2604 ᾖ
653 2532 730 2586 ἀν
766 2528 955 2600 ἡμέρᾳ
980 2529 1422 2600 ἐπικαλέσωμαι
1444 2545 1538 2595 σε,
1572 2531 1844 2600 ἐπιστρέ..

261 2628 496 2693 ψουσιν
517 2627 569 2678 ol
590 2623 791 2692 ἐχθροί
810 2638 931 2691 μου
978 2623 1065 2687 είς
1090 2621 1163 2675 τὰ
1199 2622 1410 2676 ὀπίσω⁸
1445 2621 1588 2676 κατά
1633 2621 1691 2675 δὲ
1745 2622 1841 2677 τὸν

261 2715 581 2787 Σύμμαχον·
616 2712 715 2782 Μὴ
754 2711 889 2782 οὐχὶ
923 2711 1090 2777 ὅταν,
1119 2713 1304 2783 φησὶν,
1337 2711 1681 2782 ἐξαριθμῇς,
1711 2714 1843 2767 τότε

262 2802 839 2873 ἀποστραφήσονται
863 2804 916 2855 ol
941 2802 1142 2871 εχθοοί
1175 2817 1296 2871 μου
1329 2801 1556 2862 dalata;
1593 2801 1843 2855 Ἐπειδὰν

266 2893 602 2966 φυλοκρινῶν
620 2891 953 2965 διακαθάρῃς
968 2892 1238 2962 ἀφορίζων
1250 2891 1375 2955 τοὺς
1396 2890 1621 2945 σεαυτοῦ
1639 2891 1841 2959 ἀξίους,

265 2986 363 3039 καὶ
392 2985 750 3059 ἐξαρίθμησιν
792 2982 1109 3053 ποιούμενος
1159 2981 1267 3036 τῶν
1305 2982 1604 3053 μελλόντων
1656 2985 1735 3047 εἰς
1776 2982 1846 3036 τὰ

264 3074 415 3139 δεξιά
469 3073 740 3138 ἵστασθαι,
796 3070 1025 3126 καὶτῶν
1080 3072 1159 3135 είς
1203 3070 1466 3143 ἀριστερὰ
1508 3072 1844 3143 χωρούντων,

1941 1904 2082 1959 LXX
2105 1945 2120 1970 ,
2167 1905 2344 1958 Vitam
2370 1921 2561 1970 meam,
2598 1905 2795 1975 inquit,
2823 1906 3131 1959 annuntiavi
3173 1904 3285 1969 tibi,
3321 1912 3508 1976 utpote

1940 1996 2033 2069 qui
2065 2012 2188 2051 cum
2224 1996 2418 2051 ﬁducia
2439 2011 2676 2067 agerem,
2712 2011 2813 2051 nec
2846 1995 2914 2051 de
2933 1996 3045 2052 vita
3081 2011 3200 2051 mea
3220 1997 3510 2056 erubesce-

1942 2102 2080 2143 rem.
2114 2086 2198 2141 Tu
2227 2102 2356 2142 vero
2385 2102 2510 2141 cum
2542 2086 2710 2141 vitam
2741 2087 3077 2158 approbares
3104 2105 3302 2156 meam,
3335 2091 3510 2161 lacry-

1943 2193 2063 2235 mas
2117 2193 2268 2233 meas
2318 2194 2427 2233 non
2476 2168 2747 2249 repulisti,
2781 2177 2877 2234 sed
2927 2179 2999 2235 ob
3043 2180 3233 2236 oculos
3277 2181 3510 2252 posuisti

1942 2276 2087 2332 tuos,
2122 2269 2204 2325 sic
2236 2270 2524 2340 promissis
2572 2270 2683 2324 tuis
2736 2270 2894 2325 tidem
2946 2272 3267 2328 concilians.
3332 2271 3512 2339 Quare

1944 2360 2192 2430 contigit,
2225 2375 2351 2415 cum
2382 2361 2669 2417 exauditus
2716 2376 2914 2429 essem,
2943 2361 3198 2418 inimicos
3246 2380 3397 2421 meos
3424 2381 3511 2421 re-

1945 2456 2032 2501 tro
2062 2448 2255 2503 cedere
2281 2466 2297 2517 ;
2328 2448 2451 2503 ideo
2480 2450 2603 2504 dico
2636 2469 2651 2506 :
2679 2449 2745 2504 In
2765 2467 3069 2522 quacunque
3096 2453 3179 2508 die
3208 2454 3510 2510 invocavero

1948 2549 2015 2603 te,
2072 2548 2433 2595 convertentur
2466 2541 2669 2596 inimici
2712 2544 2813 2597 mei
2848 2555 3184 2622 retrorsum;
3209 2548 3512 2604 secundum

1949 2630 2331 2704 Symmachum
2348 2648 2478 2688 vero
2505 2653 2519 2688 :
2544 2634 2731 2688 Annon
2752 2650 2869 2688 cum
2888 2639 3291 2698 enumeraveris.
3310 2638 3508 2709 inquit,

1947 2735 2309 2779 convertentur
2325 2726 2529 2780 mimici
2555 2726 2655 2779 mei
2683 2733 2966 2780 retrorsum
2988 2729 3013 2781 .9
3040 2726 3175 2782 Cum
3199 2743 3293 2797 per
3322 2728 3511 2799 singu-

1948 2816 2031 2870 las
2061 2815 2236 2871 tribus
2265 2831 2580 2881 secernens,
2604 2830 2700 2871 eos
2730 2816 2823 2886 qui
2852 2824 2907 2871 te
2935 2817 3085 2887 digni
3134 2825 3262 2872 sunt
3307 2818 3512 2891 selege-

1948 2907 2049 2971 ris,
2068 2913 2124 2963 et
2147 2907 2558 2963 enumeraveris
2587 2922 2682 2962 eos
2710 2907 2801 2976 qui
2821 2907 2887 2961 ad
2912 2907 3189 2964 dexteram
3212 2907 3509 2973 statuendi,

1950 3006 2005 3055 et
2031 3013 2128 3054 eos
2160 3000 2253 3070 qui
2283 3000 2351 3055 ad
2382 2999 2663 3055 sinistram
2711 2999 2987 3055 recessuri
3038 3009 3187 3067 sunt,
3212 3010 3355 3065 tunc,
3386 3016 3511 3055 cum

1949 3091 2116 3171 talem
2160 3092 2629 3150 enumerationem
2670 3092 2871 3158 facies,
2918 3103 3279 3147 convertentur
3315 3090 3514 3148 inimici

265 3168 433 3237 τότε,
495 3167 554 3221 ἐν
608 3165 688 3237 τῷ
744 3164 804 3217 σέ
855 3164 953 3235 τὴν
994 3162 1349 3235 ἐξαρίθμησιν
1407 3162 1607 3235 ταύτην
1678 3166 1846 3218 ποιεῖ-

1948 3184 2050 3238 mei
2084 3168 2395 3238 retrorsum.

267 3259 430 3327 σθαι,
481 3255 1050 3326 ἁποστραφήσονται
1103 3258 1157 3310 oi
1215 3254 1416 3326 ἐχθροί
1464 3273 1583 3325 μου
1636 3257 1723 3334 είς
1768 3255 1841 3311 τὰ

268 3348 487 3404 ὀπίσω.

351 3462 498 3517 Ἰδοὺ
526 3462 740 3532 ἔγνων,
767 3461 856 3515 ὅτι
882 3463 1025 3528 Θεός
1048 3461 1154 3531 μοι
1183 3460 1372 3515 ἐστιν.
1434 3460 1564 3517 Ἐπὶ
1614 3461 1694 3528 τῷ
1722 3461 1844 3529 Θεῷ

266 3555 492 3609 αινέσω
510 3553 697 3624 ῥῆμα,
721 3554 820 3608 ἐπὶ
856 3554 936 3620 τῷ
978 3555 1172 3621 Κυρίῳ
1209 3553 1427 3608 αίνέσω
1483 3556 1686 3624 λόγον·
1743 3556 1843 3610 ἐπὶ

269 3645 350 3712 τῷ
373 3646 570 3714 Κυρίῳ
604 3644 856 3713 ἤλπισα,
875 3647 947 3700 οὐ
972 3644 1385 3715 φοϐηθήσομαι
1405 3646 1462 3700 τί
1484 3645 1732 3713 ποιήσει,
1743 3664 1846 3716 μοι

269 3738 603 3808 ἅνθρωπος.
648 3738 806 3792 Κατά
866 3737 924 3792 δὲ
955 3738 1047 3791 τὸν
1096 3736 1391 3808 Σύμμαχον
1442 3736 1603 3791 τοῦτό
1659 3755 1843 3811 φησιν’

274 3827 440 3894 οἶδα,
468 3831 558 3884 ὅτι
581 3831 713 3884 ἐστι
741 3830 883 3896 Θεός
909 3848 1031 3900 μοι.
1070 3829 1181 3884 Τὸν
1229 3830 1376 3885 Θεὸν
1428 3831 1845 3903 ὑμνολογήσω,

270 3923 372 3978 διὰ
429 3921 539 3977 τοῦ
606 3921 754 3976 Θεοῦ
812 3920 1291 3992 ὑμνοποιήσομαι
1336 3924 1541 3993 λόγον·
1581 3922 1662 3990 τῷ
1728 3922 1850 3989 Θεῷ

272 4015 551 4077 πέποιθα,
586 4015 658 4068 οὐ
683 4014 1096 4083 φοϐηθήσομαι
1128 4016 1186 4069 τι
1227 4014 1467 4083 ποιήσει
1493 4032 1593 4085 μοι
1630 4014 1852 4084 ἅνθρω-

272 4121 409 4172 πος.
437 4105 630 4167 Ᾱύτοῖς
653 4103 854 4174 ἔργοις,
879 4105 1032 4175 φησὶ,
1053 4105 1382 4177 παρείληφα,
1402 4106 1496 4158 καὶ
1524 4105 1695 4173 ἔγνων
1725 4104 1859 4175 ἀλη-

274 4198 407 4263 θῶς,
427 4199 511 4252 ὅτι
536 4199 638 4251 οὐκ
662 4197 753 4250 ἐπὶ
787 4197 997 4268 ματαίῳ
1048 4197 1271 4267 ἧλπισω
1318 4195 1455 4250 ἀλλά
1499 4196 1630 4249 Θεὸν
1662 4194 1859 4267 βοηθὸν

273 4291 615 4363 ἐκτησάμην.
641 4288 841 4343 Τούτου
862 4289 917 4343 δὲ
944 4288 1183 4360 ἔλεγχος,
1215 4289 1335 4342 ἐπεὶ
1358 4289 1498 4342 ἔθου
1530 4286 1603 4341 τὰ
1624 4283 1861 4355 δάκρυά

272 4402 394 4455 μου
426 4381 685 4437 ἐνώπιόν
712 4398 848 4436 σου.
879 4376 1011 4434 Εἶτα
1057 4379 1195 4449 ἐμοῦ
1226 4380 1322 4450 μὲν
1351 4380 1585 4450 ἐπήκοος
1608 4378 1851 4447 ἐγίγνου,

275 4478 329 4529 οἱ
353 4476 412 4529 δέ
437 4473 620 4546 ἐχθροί
671 4491 771 4544 μου
798 4471 1035 4544 ἐχώρουν
1079 4472 1159 4534 είς
1207 4471 1277 4524 τὰ
1300 4471 1491 4524 ὀπίσω·
1526 4470 1605 4522 διὸ
1641 4468 1741 4523 ἐπὶ
1773 4468 1853 4535 τῷ

280 4566 405 4632 Θεῷ
427 4565 650 4621 αίνέσω
662 4564 846 4634 ῥῆμα*
905 4564 962 4635 ἢ,
997 4564 1136 4617 κατά
1165 4563 1257 4618 τὸν
1296 4562 1562 4616 Ἀκύλαν-ο
1605 4562 1707 4615 Ἑν
1738 4559 1861 4627 Θεῷ

279 4656 663 4727 καυχήσομαι
709 4654 895 4725 ῥῆμα⁶
953 4655 1095 4710 κατὰ
1150 4654 1208 4708 δὲ
1255 4653 1345 4709 τὸν
1384 4653 1676 4725 Σύμμαχον
1696 4665 1711 4679 ·
1746 4650 1860 4705 Τὸν

282 4749 438 4804 Θεόν
460 4747 871 4818 ὐμνολογήσω·
886 4747 1022 4802 ἀλλά
1044 4748 1135 4801 καὶ
1156 4748 1252 4801 ἐπὶ
1282 4746 1388 4800 τὸν
1402 4746 1617 4813 Κύριον
1639 4742 1857 4798 αίνέσω

278 4840 488 4907 λόγον’
522 4837 584 4908 ἢ,
627 4835 771 4891 κατά
812 4835 904 4891 τὸν
961 4836 1211 4901 Ἀκύλαν,
1260 4835 1330 4890 ἐν
1370 4834 1566 4902 Κυρίῳ
1605 4832 1856 4903 ὑμνήσω

279 4932 489 5000 λόγον·
518 4931 575 5002 ἢ,
599 4929 742 4984 κατά
762 4929 1175 5001 τδνσΣύμμαχον,
1197 4929 1295 4983 διὰ
1316 4927 1424 4982 τοῦ
1446 4926 1665 4995 Κυρίου
1685 4928 1857 4995 ὑμνο-

282 5023 611 5091 ποιήσομαι
637 5023 840 5093 λόγον’
883 5023 980 5076 καὶ
1001 5021 1182 5087 πάλιν,
1207 5021 1283 5086 ὡς
1313 5020 1567 5092 ἀνωτέρω
1593 5036 1681 5090 μοι
1704 5017 1854 5090 είρη-

278 5130 397 5167 ται·
448 5112 572 5166 Ἐπὶ
614 5112 695 5179 τῷ
752 5112 872 5179 Θεῷ
931 5112 1184 5182 ἤλπισα,
1231 5114 1305 5167 οὐ
1337 5110 1749 5183 φοϐηθήσομαι
1796 5110 1854 5163 τι

282 5202 528 5268 ποιήσει
548 5221 649 5273 μοι
697 5203 877 5273 σάρξι
931 5204 1024 5257 καὶ
1074 5203 1169 5258 νῦν
1221 5221 1382 5276 φημι,
1439 5204 1562 5257 Ἐπὶ
1612 5202 1693 5268 τῷ
1736 5199 1857 5267 Θεῷ

280 5294 548 5366 ἤλπισα,
587 5295 660 5348 οὺ
691 5294 1103 5363 φοϐηθήσομαι
1133 5294 1190 5348 τί
1216 5294 1455 5360 ποιήσει
1508 5310 1608 5363 μοι
1640 5291 1863 5359 ἄνθρω-

280 5403 422 5452 ετος.
462 5383 608 5455 Σάρξ
626 5383 735 5457 γὰρ
782 5385 876 5438 καὶ
924 5384 1209 5457 ἄνθρωπος
1239 5385 1298 5439 ἓν
1329 5385 1423 5438 καὶ
1472 5383 1667 5437 ταυτόν
1692 5383 1860 5445 ἐστιν,

281 5475 477 5544 ἐπειδὴ
511 5474 778 5528 λέλεκταν
820 5475 1016 5545 Ὑμεῖς
1055 5474 1124 5529 δὲ
1168 5476 1249 5541 ὡς
1280 5475 1572 5542 ἄνθρωποι
1603 5470 1863 5538 ἀποθνή-

284 5580 491 5622 σκετεο
537 5566 652 5629 καὶ,
693 5566 866 5620 Ὅταν
897 5567 1007 5637 γὰρ
1032 5561 1076 5639 ᾗ
1101 5566 1173 5620 ἐν
1199 5565 1341 5634 ὑμῖν
1378 5563 1552 5634 ζῆλος
1592 5563 1685 5619 καὶ
1718 5565 1860 5632 ἔρις,

361 5726 403 5757 ιτ
445 5723 570 5782 lsai.
611 5738 776 5794 Lvm,
803 5726 857 5782 9.
934 5727 998 5759 ³⁷⁸
1026 5723 1168 5781 Paul.
1198 5740 1377 5792 um,
1407 5724 1455 5781 Ἰ.

2021 3476 2184 3535 Vens.
2212 3480 2298 3537 Η.
2325 3478 2458 3535 Ecce
2488 3496 2700 3550 cognovi
2722 3480 2967 3550 quoniam
2998 3477 3140 3532 Deus
3166 3476 3292 3532 mihi
3313 3483 3411 3530 est.
3446 3472 3516 3529 In

1948 3579 2060 3637 Deo
2088 3580 2318 3636 laudabo
2349 3582 2579 3647 verbum,
2605 3581 2659 3635 in
2684 3579 2911 3636 Domino
2932 3579 3161 3633 laudabo
3183 3591 3471 3633 sermonem
3493 3590 3513 3628 :

1950 3683 2007 3737 in
2031 3681 2255 3737 Domino
2272 3683 2498 3753 speravi,
2516 3699 2620 3737 non
2636 3680 2821 3735 timebo
2848 3679 2973 3751 quid
2997 3679 3162 3749 faciat
3188 3677 3317 3732 mihi
3338 3676 3513 3731 homo.

1954 3781 2267 3839 Secundum
2301 3780 2682 3854 Symmachum
2727 3787 2907 3835 autem
2941 3780 3021 3835 sic
3062 3779 3139 3833 ait
3168 3776 3346 3834 :Novi
3377 3776 3517 3847 quod

1953 3880 2021 3935 sit
2052 3878 2193 3934 Deus
2223 3878 2373 3933 mihi.
2411 3877 2575 3933 Deum
2598 3877 2887 3943 celebrabo,
2916 3893 3007 3947 per
3035 3874 3202 3929 Deum
3230 3889 3519 3929 sermonem

1954 3972 2009 4027 in
2039 3972 2292 4044 hymnum
2329 3979 2665 4035 convertam;
2690 3972 2745 4025 in
2769 3969 2880 4025 Deo
2913 3968 3138 4037 speravi,
3187 3983 3290 4023 non
3330 3965 3518 4020 timebo

1953 4064 2078 4137 quid
2108 4064 2277 4132 faciet.
2298 4063 2427 4118 mihi
2449 4063 2622 4119 homo.
2646 4062 2785 4133 ipsis
2811 4061 3089 4133 operibus,
3113 4060 3309 4131 inquit,
3334 4057 3521 4128 accepi

1955 4168 2015 4214 et
2037 4174 2164 4214 vere
2196 4158 2323 4223 novi
2367 4173 2457 4213 me
2502 4172 2615 4212 non
2652 4155 2858 4212 frustra
2908 4170 3162 4226 sperasse
3186 4194 3201 4220 ,
3233 4152 3326 4209 sed
3349 4151 3522 4206 Deum

1957 4247 2261 4317 adjutorem
2313 4246 2640 4303 obtinuisse.
2666 4244 2958 4315 Cujus-rei
3007 4249 3383 4313 argumentum
3413 4246 3520 4302 est,

1958 4341 2104 4411 quod
2132 4342 2356 4411 posuisti
2382 4342 2645 4412 lacrymas
2667 4355 2809 4393 meas
2832 4340 2887 4392 in
2911 4344 3190 4406 conspectu
3227 4344 3335 4388 tuo.
3358 4331 3520 4386 Dein-

1959 4428 2028 4484 de
2057 4428 2192 4485 mihi
2222 4429 2444 4500 quidem
2493 4428 2767 4500 propitius
2802 4426 2991 4493 fuisti;
3020 4423 3227 4480 inimici
3266 4423 3523 4478 veromei

1888 4535 1933 4591 ι)
1960 4526 2109 4576 retro
2164 4527 2495 4577 cesserunt:
2543 4535 2714 4590 quare
2758 4519 2816 4573 in
2858 4517 2968 4572 Deo
3002 4515 3231 4570 laudabo
3280 4512 3523 4577 verbum;

1964 4610 2100 4678 sive,
2117 4612 2418 4667 secundum
2436 4611 2687 4681 Aquilam
2704 4628 2719 4664 :
2743 4607 2811 4663 In
2826 4607 2935 4663 Deo
2951 4606 3258 4679 glosiﬁeabo
3279 4603 3485 4660 verbum
3505 4621 3523 4668 ;

1963 4702 2264 4759 secundum
2316 4699 2697 4774 Symmachum
2751 4709 2931 4755 autem
2966 4718 2981 4753 ι
3022 4697 3191 4752 Deum
3218 4695 3525 4750 celebrabo:

1960 4791 2056 4848 sed
2100 4795 2261 4848 etiam
2294 4793 2351 4847 in
2395 4791 2621 4847 Domino
2661 4789 2891 4844 laudabo
2922 4802 3245 4851 sermonem;
3275 4792 3390 4849 aut,
3440 4798 3530 4840 se-

1960 4890 2201 4938 cundum
2230 4883 2507 4953 Aquilam,
2533 4884 2588 4937 in
2621 4880 2849 4935 Domino
2891 4879 3160 4934 celebrabo
3214 4892 3526 4940 sermonem,

1958 4974 2093 5043 sive,
2112 4976 2407 5031 secundum
2426 4976 2827 5048 Symmachum,
2839 4990 2928 5044 per
2943 4972 3227 5026 Dominum
3241 4985 3527 5026 sermonem

1957 5068 2010 5118 in
2064 5066 2313 5136 hymnum
2371 5073 2662 5119 convertam
2698 5080 2717 5117 :
2776 5079 2840 5118 ac
2882 5076 3122 5127 rursum,
3182 5068 3244 5116 ut
3278 5060 3529 5132 superius

1960 5155 2072 5211 dixi
2108 5176 2120 5210 :
2154 5154 2223 5210 In
2269 5155 2379 5210 Deo
2412 5155 2637 5226 speravi,
2673 5171 2777 5209 non
2806 5153 2994 5208 timebo
3037 5152 3162 5223 quid
3199 5152 3366 5223 faciat
3401 5150 3530 5204 mihi

1963 5261 2123 5300 caro:
2165 5245 2246 5301 sic
2282 5246 2396 5316 jam
2438 5245 2562 5299 dico
2602 5263 2616 5298 :
2654 5243 2721 5298 In
2777 5243 2886 5298 Deo
2934 5244 3160 5313 speravi,
3191 5260 3294 5297 non
3343 5239 3528 5293 timebo

1966 5347 2090 5420 quid
2113 5341 2271 5418 faciet
2303 5347 2431 5402 mihi
2456 5348 2632 5407 homo.
2663 5348 2807 5404 Caro
2848 5347 2994 5403 enim
3016 5357 3070 5402 et
3106 5345 3267 5401 homo
3292 5342 3525 5411 idipsum

1969 5460 2117 5522 sunt,
2140 5452 2580 5523 quandoquidem
2609 5451 2817 5507 dictum
2854 5458 2981 5507 est:
3030 5450 3132 5505 Vos
3171 5455 3343 5501 autem
3391 5442 3526 5495 sicut

1969 5559 2199 5617 homines
2221 5559 2517 5617 moriemini
2553 5559 2655 5626 57‘;
2708 5565 2782 5627 ct,
2829 5555 2961 5613 Cum
3011 5555 3146 5610 enim
3183 5553 3251 5607 sit
3294 5547 3435 5604 zelus
3474 5563 3539 5608 es.
