4024 6202
456 249 567 309 ωε

1169 253 1440 312 EUSEBII
1471 249 1946 310 CESARIENSIS
1983 248 2131 305 CPP.
2173 249 2375 305 PARS.
2417 248 2506 305 ΙΙΙ.
2549 280 2621 293 --
2658 250 3060 310 EXEGETICA.

3594 255 3698 314 500

455 371 717 424 contentio
749 371 882 424 inter
904 388 1011 434 vos.
1039 389 1207 429 nonne
1229 374 1470 429 carnales
1493 375 1641 439 estis,
1667 384 1716 427 et
1739 370 2022 427 secundum

2136 374 2257 442 οὐχί
2281 374 2556 443 σαρκικοί
2593 373 2754 440 ἐστε,
2786 374 2884 429 καί
2921 374 3070 430 κατὰ
3100 373 3411 445 ἄνθρωπον
3449 389 3699 445 περιπα·

454 460 719 515 hominem
754 460 1043 518 ambulatis
1064 464 1107 496 ¹⁸
1130 465 1154 517 'l

529 571 691 628 Vens.
726 571 923 640 12,13.
949 575 1015 630 In
1046 594 1126 632 me
1154 587 1296 645 sunt,
1317 578 1481 647 Deus,
1508 590 1625 636 vota
1644 597 1758 652 qua:
1787 579 2028 645 reddam,

456 664 792 721 laudationes
839 668 954 722 tibi.
1008 669 1272 736 Quoniam
1328 674 1570 744 eripuisti
1598 675 1831 727 animam
1860 690 2030 727 meam

454 754 521 807 de
551 765 737 822 morte,
772 766 821 811 et
854 757 1006 826 pedes
1028 776 1168 815 meos
1201 760 1265 816 de
1294 762 1466 831 lapsu,
1494 774 1550 817 ut
1577 765 1815 832 placeam
1849 780 2029 817 coram

456 842 565 899 Deo
599 845 652 899 in
677 847 874 902 lumine
906 849 1205 905 viventium.
1239 851 1345 907 Pro
1373 853 1466 907 illo
1494 873 1506 907 :
1536 851 1600 907 In
1630 870 1710 907 me
1737 863 1858 907 sunt
1888 853 2029 909 Deus

456 945 598 1001 vota,
629 954 746 1007 qua:
780 939 997 994 reddam
1054 941 1382 999 laudationis
1440 945 1553 1009 tibi,
1579 945 1821 1015 apertius
1866 942 2029 1018 Sym-

456 1029 684 1087 machus
734 1032 1127 1105 interpretatus
1176 1045 1283 1102 est,
1317 1037 1541 1093 dicens:
1580 1036 1810 1106 Recipio,
1863 1037 2028 1101 Deus,

456 1138 576 1193 qua:
621 1134 867 1192 precatus
897 1144 1014 1180 sum
1040 1141 1060 1180 :
1096 1127 1313 1183 reddam
1347 1129 1678 1186 laudationes
1736 1131 1851 1187 tibi.
1908 1130 2029 1186 Non

456 1215 606 1269 enim
632 1217 858 1285 oblitus,
885 1220 982 1284 ait,
1009 1235 1201 1277 eorum
1236 1236 1357 1292 quze
1382 1232 1636 1292 precatus
1665 1239 1784 1279 sum
1811 1242 1825 1291 ;
1855 1223 1950 1280 sed
1977 1225 2031 1278 in

457 1321 544 1361 me
565 1316 714 1372 sunt,
744 1317 799 1364 et
837 1310 1020 1364 omnia
1051 1309 1107 1364 in
1140 1312 1401 1366 memoria
1435 1313 1644 1368 retineo
1691 1329 2031 1387 quaecunque

455 1402 731 1468 precando
779 1405 1005 1473 promist
1057 1421 1068 1456 :
1122 1421 1241 1475 qua:
1294 1422 1392 1461 ceu
1441 1405 1713 1476 quoddam
1761 1407 2028 1474 debitum,

456 1492 663 1548 hostias
689 1493 867 1550 laudis
896 1494 1171 1551 oﬂ‘ercndo
1220 1496 1547 1567 persolvant,
1589 1498 1888 1552 secundum
1919 1500 2032 1554 elo-

455 1584 645 1654 quium
673 1586 803 1643 illud
826 1608 838 1642 :
862 1586 1090 1642 Immola
1112 1588 1221 1643 Deo
1240 1590 1563 1659 sacriﬁcium
1585 1590 1785 1655 laudis,
1805 1600 1856 1646 et
1878 1591 2032 1647 redde

456 1676 683 1732 Domino
715 1691 834 1733 vota
866 1690 954 1733 tua
977 1682 1042 1738 ιο.
1066 1680 1299 1737 Oll‘eram
1323 1681 1506 1752 itaque
1530 1682 1625 1737 tibi
1653 1683 1890 1739 hostiam
1914 1684 2033 1738 lau-

457 1768 565 1835 dis,
597 1774 786 1839 utpote
815 1772 1072 1827 conscius
1105 1787 1192 1826 me
1226 1773 1396 1827 multa
1426 1789 1524 1843 pro
1560 1774 1737 1830 salute
1770 1789 1890 1830 mea
1929 1774 2029 1830 de-

457 1858 609 1913 bere.
643 1856 821 1929 Ipsam
852 1870 999 1916 certe
1015 1862 1253 1916 animam
1278 1878 1456 1918 meam
1488 1878 1520 1917 a
1551 1872 1726 1920 morte
1761 1864 2027 1921 liberasti.

455 1946 593 2003 Nam
626 1949 836 2006 inimici
887 1954 995 2009 mei
1044 1968 1143 2023 pro
1177 1954 1386 2009 viribus
1431 1954 1608 2026 ipsam
1652 1957 1948 2027 pellebant,
1977 1965 2032 2012 et

455 2053 655 2110 magna
678 2041 734 2095 vi
764 2044 1033 2098 curabant
1062 2059 1179 2099 eam
1217 2045 1273 2099 in
1302 2053 1536 2102 mortem
1570 2047 2032 2120 dejicere.Siqui-

458 2130 583 2186 dem
609 2130 738 2186 dum
767 2147 854 2188 me
881 2134 1163 2204 pellerent,
1191 2143 1557 2209 cogeremque
1588 2139 1656 2194 ad
1678 2138 2030 2208 habitandum

458 2222 515 2276 in
548 2222 730 2277 medio
758 2223 1161 2297 allophylorum
1199 2235 1253 2282 et
1275 2228 1733 2301 alienigenarum,
1766 2240 2029 2301 quantum

461 2314 520 2367 in
546 2313 681 2382 ipsis
715 2322 834 2369 erat
857 2317 1096 2372 animam
1129 2321 1432 2376 enecabant
1464 2337 1638 2378 meam
1665 2341 1680 2390 ;
1719 2324 2032 2395 proximum

459 2404 660 2475 quippe
683 2414 802 2461 erat
829 2416 886 2463 ut
913 2407 982 2462 ad
1016 2410 1411 2483 allophylorum
1464 2414 1827 2473 idololatriam
1876 2433 2033 2476 acce-

461 2498 669 2562 derem,
725 2500 780 2555 in
827 2502 1006 2557 medio
1049 2518 1238 2559 eorum
1299 2507 1734 2581 habitans:quo
1791 2519 2033 2583 tempore

461 2586 606 2656 apud
631 2588 820 2645 Aelius
862 2589 915 2644 in
956 2591 1095 2647 Geth
1128 2601 1180 2649 et
1208 2595 1354 2665 apud
1398 2598 1704 2670 allophylos
1746 2600 2030 2672 degebam,

456 2678 569 2749 jam
600 2681 809 2752 pridem
864 2683 932 2738 ab
987 2700 1074 2749 ea,
1099 2703 1220 2757 quae
1254 2703 1423 2758 penes
1453 2698 1506 2746 te
1537 2700 1640 2757 est,
1675 2693 1786 2746 vita
1825 2693 2029 2764 lapsus,

463 2774 646 2828 anima
674 2783 925 2831 mortuus
954 2792 1129 2832 essem
1156 2795 1169 2832 :
1203 2779 1298 2834 sed
1347 2780 1522 2849 gratia
1572 2788 1627 2836 et
1655 2782 2032 2838 misericordia

462 2872 559 2921 tua
587 2865 641 2921 id
675 2854 992 2938 contingere
1021 2883 1131 2924 non
1154 2870 1896 2942 permisit;quaudoquidem
1923 2890 2031 2940 me,

463 2958 628 3012 etiam
681 2958 825 3028 apud
874 2959 1177 3028 allophylos
1221 2968 1553 3027 versantem,
1596 2966 1939 3034 protegebas,
1973 2974 2033 3019 ut

2128 463 2276 517 τεῖτε
2292 480 2311 527 ;

2194 582 2296 634 Ἐν
2319 579 2467 649 ἐμοὶ,
2485 583 2518 634 ό
2534 579 2697 646 Θεὸς,
2715 581 2779 634 al
2794 579 2989 649 εὐχαὶ,
3008 579 3083 647 ἅς
3107 579 3396 635 ἀποδώσω
3417 579 3702 649 αινέσεώς

2129 689 2245 727 σοι.
2285 671 2405 724 Ὅτι
2452 671 2683 739 appono
2738 670 2853 739 τὴν
2879 669 3091 739 ψυχήν
3129 689 3248 741 μου
3296 671 3367 725 ἐκ
3416 671 3698 736 θανάτου,

2128 764 2227 817 καί
2254 762 2395 829 τοὺς
2418 762 2607 828 πόδας
2625 780 2744 831 μου
2784 761 2854 826 ἐξ
2890 761 3313 832 ὀλισθήματος,
3350 762 3456 817 τοῦ
3499 764 3703 831 εὐαρε-

2129 855 2359 924 στῆσαι
2386 853 2643 909 ἐνώπιον
2666 855 2772 910 τοῦ
2798 855 2943 910 Θεοῦ
2978 856 3047 909 ἐν
3077 854 3223 925 φωτὶ
3264 853 3510 915 ζώντων.
3556 854 3706 909 Ἀντὶ

2127 947 2242 1011 τοῦ,
2284 950 2379 1002 Ἐν
2402 947 2555 1017 ἐμοὶ,
2589 950 2622 1001 ὁ
2655 947 2815 1014 Θεὸς,
2842 949 2902 1001 al
2919 947 3114 1016 εὐχαὶ,
3148 945 3221 1013 ἃς
3243 944 3533 1001 ἀποδώσω
3554 945 3687 1000 αι’-ἐ

2130 1041 2284 1108 σεώς
2322 1058 2441 1107 σοι,
2477 1041 2806 1114 σαφέστερον
2839 1042 3181 1114 ήρμήνευσεν
3233 1043 3262 1094 ὀ
3303 1042 3596 1112 Σύμμαχος
3623 1044 3704 1095 εἱ-

2129 1132 2265 1187 πώψ
2351 1132 2750 1203 Ἁναδέχομαι,
2799 1132 2923 1199 Θεὲ,
2977 1131 3022 1186 ἄλ
3056 1130 3353 1202 ηὐξάμην
3413 1131 3707 1187 ἀποδώσω

2127 1226 2389 1291 αὶνέσεις
2414 1239 2532 1279 σοι.
2563 1226 2636 1280 Οὐ
2678 1225 2787 1297 γὰρ
2814 1224 3193 1296 ἐπιλέλησμαι,
3239 1224 3400 1295 φησὶ,
3421 1217 3498 1277 ὧν
3534 1224 3710 1293 mea-

2132 1333 2259 1387 μήν’
2286 1315 2402 1370 ἀλλ’
2431 1317 2491 1370 ὲν
2516 1317 2647 1388 ἐμοί
2667 1318 2793 1381 εἰσι,
2845 1316 2940 1370 καὶ⁹
2976 1315 3190 1386 κατέχω
3218 1318 3284 1387 τῇ
3317 1316 3502 1387 μνήμῃ
3528 1316 3705 1369 πάντα

2126 1410 2227 1462 ὅσα
2251 1409 2663 1481 ἐπηγγειλάμην
2695 1407 3010 1480 εὐξάμενος·
3042 1407 3079 1462 ἃ
3107 1408 3200 1462 καὶ
3228 1407 3417 1479 ὥσπερ
3440 1425 3491 1460 τι
3542 1409 3712 1478 χρέος

2129 1501 2410 1566 ἀποδώσω,
2440 1501 2630 1564 θυσίας
2657 1502 2942 1574 ἀναφέρων
2960 1502 3058 1565 τὰς
3072 1502 3139 1556 δι’
3157 1502 3432 1564 αίνέσεως,
3451 1502 3543 1554 καὶ
3560 1501 3701 1555 κατὰ

2129 1596 2189 1650 τὸ
2220 1596 2426 1665 φάσκον
2480 1594 2679 1664 λόγιον·
2738 1596 2941 1650 Θῦσον
2990 1595 3070 1662 τῷ
3119 1593 3241 1660 Θεῷ
3287 1595 3507 1648 θυσίαν
3544 1592 3703 1647 αἰνέ-

2133 1701 2306 1752 σεως,
2325 1685 2422 1739 καὶ
2445 1685 2671 1752 ἀπόδος
2689 1686 2769 1752 τῷ
2800 1686 2994 1755 Κυρίῳ
3012 1685 3119 1752 τὰς
3154 1684 3340 1756 εὐχάς
3369 1698 3505 1738 σου.
3544 1684 3707 1737 Ἀπο-

2130 1777 2287 1833 δώσω
2344 1779 2524 1833 τοίνυν
2574 1777 2833 1842 αίνέσεώς
2863 1794 2964 1831 σοι’
3020 1777 3208 1849 ἐπειδὴ
3264 1775 3432 1830 πολλά
3492 1776 3704 1829 σύνοιδα

2130 1871 2348 1944 ἐμαυτῷ
2368 1870 2635 1942 ὀφείλοντι
2664 1871 2804 1943 ὑπὲρ
2822 1872 2922 1942 τῆς
2943 1870 3182 1942 ἐμαυτοῦ
3212 1868 3501 1941 σωτηρίας.
3527 1869 3705 1940 Αὐτὴν

2130 1967 2259 2036 γοῦν
2289 1965 2388 2037 τὴν
2414 1964 2591 2036 ψυχήν
2625 1980 2726 2035 μου
2755 1962 2973 2035 ὲρῤύσω
2998 1963 3063 2016 ὲκ
3093 1961 3344 2016 θανάτου.
3380 1962 3441 2015 Oi
3468 1961 3567 2032 μὲν
3599 1960 3708 2031 γὰρ

2131 2055 2312 2126 ἐχθροί
2339 2071 2440 2126 μου
2481 2055 2542 2108 τὸ
2589 2054 2713 2108 ὅσον
2757 2053 2843 2107 ἐπ’
2895 2053 3080 2116 αὐτοῖς
3127 2051 3355 2123 ἤλαυνον
3381 2051 3572 2121 αὐτὴν,
3614 2052 3709 2105 καὶ

2130 2145 2465 2212 ὲξεόιάζοντο
2515 2145 2594 2208 εἰς
2636 2143 2862 2198 θάνατον
2913 2144 3187 2196 ἐκπεσεῖν.
3247 2141 3590 2206 Ἐλαύνοντές
3641 2158 3708 2212 με

2130 2235 2258 2307 γὰρ,
2281 2235 2375 2289 καὶ
2409 2234 2571 2306 μέσον
2606 2231 2914 2302 ἀλλοφύλων
2957 2232 3052 2285 καὶ
3096 2227 3398 2300 ἀλλογενῶν
3428 2229 3602 2282 ἐθνῶν
3634 2232 3711 2283 οὶ-

2132 2331 2248 2382 κεῖν
2271 2326 2791 2396 καταναγκάζοντες,
2822 2324 2884 2377 τὸ
2929 2325 3015 2377 ἐπ’
3039 2324 3226 2387 αὐτοῖς
3250 2323 3349 2396 τὴν
3393 2322 3573 2394 ψυχήν
3608 2339 3706 2393 μου

2132 2422 2446 2476 ὲθανάτουνο
2477 2421 2644 2491 ήγουν
2679 2415 2913 2490 ἤμελλον
2958 2416 3330 2472 συνάπτεσθαι
3355 2417 3418 2487 τῇ
3450 2414 3562 2468 τῶν
3612 2415 3709 2469 ἀλ-

2132 2514 2374 2583 λοφύλων
2423 2509 2852 2582 είδωλολατρείᾳ,
2911 2508 3073 2580 μέσος
3123 2508 3302 2562 αὐτῶν
3354 2506 3539 2569 οἰκῶν,
3586 2506 3707 2561 καθ’

2133 2605 2225 2669 οὓς
2268 2604 2491 2676 χρόνους
2538 2602 2689 2674 παρά
2738 2600 2817 2672 τῷ
2875 2600 3065 2671 Ἀχοῦς
3098 2598 3217 2671 (sic)
3257 2599 3349 2652 καὶ
3387 2598 3446 2650 ὲν
3490 2599 3557 2668 τῇ
3603 2597 3707 2650 Γὲθ

2134 2697 2284 2769 παρὰ
2312 2697 2425 2760 τοῖς
2445 2694 2758 2764 ἀλλοφύλοις
2780 2692 3077 2764 ἐποιούμην
3105 2691 3203 2755 τὰς
3223 2688 3515 2759 διατριϐὰς,
3538 2688 3704 2742 πάλαι

2133 2787 2199 2843 ἂν
2225 2788 2323 2860 τὴν
2348 2786 2526 2858 ψυχήν
2579 2802 2679 2857 μου
2736 2783 3037 2855 τεθνήκειν,
3096 2782 3197 2851 τῆς
3252 2779 3403 2851 παρὰ
3449 2779 3531 2834 σοὶ
3561 2779 3707 2847 ζωῆς

2134 2877 2403 2933 ἐκπεσών·
2440 2877 2553 2931 ἀλλ’
2587 2878 2620 2948 ή
2659 2876 2725 2948 σὴ
2756 2876 2915 2946 χάρις
2943 2874 3038 2928 καὶ
3083 2873 3144 2927 τὸ
3172 2872 3263 2926 σὺν
3292 2871 3438 2936 ἔλεος
3485 2872 3548 2925 οὐ
3585 2887 3711 2923 συν-

2133 2970 2378 3043 εχώρησε
2407 2969 2563 3022 τοῦτο
2590 2967 2861 3037 γενέσθαι·
2882 2966 3006 3019 ἐπεὶ
3039 2965 3133 3018 καὶ
3160 2963 3309 3036 παρά
3333 2964 3446 3026 τοῖς
3474 2959 3709 3031 ἀλλοφύ-

462 3048 603 3107 nihil
628 3048 763 3102 mihi
802 3047 1112 3104 detrimenti
1142 3064 1207 3105 ex
1253 3066 1443 3105 eorum
1483 3055 1756 3109 consortio
1816 3056 2032 3113 accede-

2136 3062 2245 3129 λοις
2279 3079 2345 3134 με
2388 3062 2518 3115 ὄντα
2567 3060 2980 3133 περιέφραττες,
3031 3056 3107 3120 ὡς
3144 3056 3308 3126 μηδὲν
3334 3053 3712 3107 καταϐλάπτε-

464 3147 570 3193 rct.
625 3137 968 3209 Quapropter
1002 3138 1167 3194 dico:
1205 3140 1412 3196 Eruisti
1461 3145 1695 3199 animam
1747 3163 1918 3201 meam
1971 3147 2033 3203 de

464 3238 663 3294 morte;
692 3229 822 3300 quin
852 3231 1014 3285 etiam
1045 3232 1238 3286 eruisti
1263 3233 1418 3300 pedes
1442 3250 1579 3289 meos
1606 3236 1669 3290 de
1699 3237 1871 3304 lapsu.
1899 3239 2032 3306 Quis

2136 3155 2256 3209 σθαι
2289 3156 2354 3208 ὲκ
2386 3154 2485 3224 τῆς
2521 3151 2725 3206 τούτων
2755 3150 3060 3213 συνουσίας.
3104 3149 3194 3202 Διό
3248 3162 3411 3218 φημι”
3447 3147 3711 3214 Ἐρῤὐσω

2134 3247 2248 3316 τὴν
2273 3244 2486 3315 ψυχήν
2512 3261 2631 3314 μου
2652 3244 2721 3297 ἐκ
2747 3240 3027 3299 θανάτουο
3062 3239 3196 3295 ἀλλὰ
3222 3240 3315 3293 καὶ
3351 3238 3488 3303 τοὺς
3513 3236 3712 3302 πόδας

465 3321 612 3375 enim
669 3336 780 3375 non
825 3336 1116 3390 perversus
1169 3331 1358 3389 esset,
1405 3340 1507 3381 ceu
1556 3327 1613 3382 in
1664 3329 1838 3384 lutum
1894 3330 2034 3385 dela-

2136 3357 2246 3409 μου
2274 3337 2486 3409 ἐρρύσω
2513 3335 2583 3400 ἐξ
2612 3333 3035 3403 ὀλισθήματος.
3087 3333 3183 3395 Τίς
3238 3331 3345 3402 γὰρ
3369 3330 3465 3382 οὐκ
3505 3327 3571 3382 ἂν
3624 3328 3709 3381 δι-

466 3425 622 3479 psus,
649 3418 704 3475 et
732 3410 941 3467 lubrica
993 3413 1048 3467 in
1098 3413 1217 3468 loca
1258 3413 1524 3485 dejectus,
1553 3419 1766 3475 medius
1809 3421 2034 3477 relictus

2136 3427 2369 3500 ετράπη,
2424 3426 2610 3496 ὥσπερ
2655 3425 2736 3487 εἰς
2764 3423 2933 3493 πηλὸν
2985 3422 3198 3491 ἐμϐὰς,
3253 3423 3345 3475 καὶ
3402 3418 3711 3492 ὀλισθηροῖς

468 3504 614 3561 inter
640 3510 723 3558 tot
747 3504 937 3559 atheos
961 3513 1017 3560 et
1054 3504 1376 3564 idololatras
1398 3509 1586 3564 viros?
1607 3508 1810 3566 Verum
1847 3511 1904 3566 in
1932 3512 2037 3567 hac

467 3610 649 3652 verum
673 3595 988 3651 conditione
1013 3596 1201 3653 aderat
1230 3598 1609 3656 misericordia
1633 3609 1686 3656 et
1712 3604 1887 3674 gratia
1918 3611 2033 3668 tua,

472 3703 673 3745 cruens
706 3688 872 3760 pedes
913 3704 1065 3747 meos
1093 3691 1161 3746 de
1190 3692 1377 3762 lapsu;
1427 3708 1606 3764 neque
1655 3696 1801 3751 enim
1847 3697 2036 3752 virtuti

471 3781 587 3837 haec
611 3782 829 3838 ascribo
859 3797 1026 3848 mete;
1060 3783 1189 3853 quia
1224 3798 1333 3838 non
1362 3784 1437 3839 ita
1472 3784 1629 3842 fortis
1660 3788 1845 3843 animo
1864 3803 2035 3857 eram,

469 3881 533 3934 ut
556 3874 913 3930 immutabilis
941 3889 1239 3938 manerem,
1264 3891 1390 3930 cum
1432 3877 1490 3932 in
1537 3878 1778 3934 medium
1806 3887 1887 3935 tot
1931 3881 2036 3935 ho.

468 3964 682 4020 minum
734 3964 1024 4022 devolutus
1075 3981 1274 4031 essem,
1305 3969 1411 4023 nisi
1467 3977 1525 4023 tu
1567 3972 1771 4027 auxilio
1814 3972 2036 4030 fuisses.

472 4058 654 4125 Quare
675 4059 941 4115 conﬁtens
970 4060 1178 4129 gratias
1206 4076 1327 4132 ago,
1364 4062 1622 4132 quoniam
1660 4064 1910 4134 eripuisti
1940 4081 2038 4137 pe-

472 4152 569 4207 des
610 4164 764 4205 meos
788 4149 855 4205 de
895 4151 1071 4221 lapsu.
1120 4150 1354 4222 Haecque
1381 4152 1517 4207 mihi
1547 4154 1921 4211 misericordia
1946 4165 2039 4212 tua

472 4243 773 4308 concessit,
796 4252 855 4297 ut
874 4241 1112 4312 placeam
1143 4260 1323 4299 coram
1344 4252 1391 4298 te
1420 4244 1476 4298 in
1499 4244 1695 4300 lumine
1724 4246 2038 4313 viventium;

473 4337 607 4401 sive,
644 4334 946 4393 secundum
988 4336 1396 4409 Symmachum,
1425 4340 1484 4391 ut
1519 4338 1759 4394 incedam
1810 4341 1866 4394 in
1912 4358 2039 4396 con-

2138 3518 2446 3593 περιπεσὼν
2506 3517 2743 3589 χωρίοις,
2818 3514 2981 3585 μέσος
3031 3512 3301 3566 τοσούτων
3358 3510 3713 3580 ἀπολειφθεὶς

2136 3612 2310 3666 ἀθέων
2341 3612 2435 3664 καὶ
2463 3603 2860 3679 εἰδωλολατρῶν
2902 3605 3141 3677 ἀνδρῶν;
3186 3605 3324 3658 Ἀλλ’
3354 3599 3421 3675 ἦν
3457 3604 3565 3675 ἄρα
3611 3601 3715 3657 καὶ,

2138 3706 2195 3757 ὲν
2218 3702 2391 3773 τούτῳ
2416 3701 2477 3755 τὸ
2506 3700 2596 3754 σὺν
2628 3699 2795 3762 ἕλεος,
2826 3698 2920 3752 καὶ
2943 3700 2977 3769 ἡ
3022 3699 3089 3770 σὴ
3119 3698 3279 3769 χάρις
3314 3696 3550 3767 ῥυομένη
3602 3710 3708 3764 μου

2136 3795 2263 3858 τοὺς
2291 3794 2454 3857 πόδας
2489 3792 2548 3857 ἐξ
2568 3792 2943 3864 ὀλισθήματος·
2975 3791 3036 3844 ού
3083 3790 3192 3862 γὰρ
3222 3788 3459 3860 ἐμαυτοῦ
3482 3788 3715 3856 δυνάμει,

2139 3887 2427 3957 ἐπιγράψω
2483 3885 2671 3939 ταῦτα·
2708 3884 2830 3938 ἐπεὶ
2892 3883 3012 3955 μηδ’
3062 3880 3235 3944 οὕτως
3283 3881 3430 3952 ήμην
3485 3878 3708 3949 meet;

2138 3976 2235 4048 τὴν
2257 3976 2432 4047 ψυχὴν
2459 3976 2533 4040 ὠς
2553 3974 2873 4047 ἀδιὰτρεπος
2896 3974 3094 4044 μένειν,
3122 3973 3180 4023 ὲν
3197 3969 3275 4041 τῷ
3296 3968 3496 4041 μεταξὺ
3525 3966 3712 4021 τοσού-

2138 4086 2246 4121 των
2278 4068 2543 4140 εἱλῆσθαι,
2575 4070 2623 4121 εί
2659 4066 2735 4138 μὴ
2780 4066 2844 4119 σὺ
2886 4062 3028 4136 ἦσθα
3062 4062 3271 4135 βοηθός.
3335 4060 3423 4114 Διὸ
3460 4058 3715 4129 ἐξομολο-

2140 4160 2402 4230 γούμενος
2429 4157 2753 4229 εὐχαριστῶ,
2777 4158 2859 4210 ὅτι
2902 4156 3116 4229 ὲρῤύσω
3154 4156 3278 4218 τοὺς
3307 4154 3472 4216 πόδας
3526 4169 3624 4224 μου
3651 4152 3719 4217 ἐξ

2141 4248 2518 4320 ὀλισθήματος.
2568 4249 2677 4302 Καὶ
2703 4246 2879 4301 ταῦτά
2907 4264 2995 4317 μοι
3050 4246 3109 4299 τὸ
3140 4245 3231 4298 σὸν
3256 4244 3402 4308 ἕλεος
3435 4244 3721 4313 ἐδωρεῖτο,

2142 4338 2294 4409 ὑπὲρ
2321 4339 2426 4395 τοῦ
2447 4339 2846 4408 εὐαρεστῆσαι
2883 4337 3137 4392 ἐνώπιόν
3163 4353 3279 4391 σου
3302 4337 3374 4391 ἐν
3402 4335 3546 4404 φωτὶ
3576 4333 3718 4395 ζών-

471 4440 648 4499 spectu
674 4429 773 4484 Dei
799 4445 891 4499 per
906 4429 1083 4485 lunten
1104 4432 1243 4486 vitae.
1267 4430 1449 4486 Moras
1479 4431 1643 4503 igitur
1667 4431 1875 4490 faciens
1894 4434 2034 4506 apud

2143 4450 2279 4487 των’
2301 4432 2363 4502 ἢ,
2391 4431 2533 4487 κατὰ
2563 4432 2654 4486 τὸν
2677 4432 2989 4504 Σύμμαχον,
3011 4431 3091 4497 ὡς
3129 4429 3197 4483 τὸ
3238 4427 3468 4484 ὁδεύειν
3498 4426 3721 4495 ἐμπρο-

471 4522 801 4593 allophylos,
834 4537 865 4575 a
912 4531 1061 4578 recta
1087 4533 1140 4578 et
1172 4525 1319 4595 regia
1349 4524 1438 4578 via
1478 4540 1587 4580 non
1616 4525 1887 4592 declinat;
1919 4527 2036 4593 sed,

473 4621 548 4674 ait
580 4640 593 4674 ε
627 4617 751 4676 Tibi
780 4620 981 4691 placito
1020 4635 1173 4676 more
1197 4621 1513 4679 incedebam
1543 4623 1742 4679 ductus
1772 4624 1871 4680 abs
1909 4633 1960 4680 te
1986 4633 2040 4680 et

472 4713 815 4780 illustratus;
847 4730 956 4769 non
991 4715 1114 4769 luce
1143 4716 1321 4770 solum
1376 4715 1467 4770 illa
1500 4718 1780 4772 communi
1828 4717 2036 4783 fruens,

474 4804 729 4860 omnibus
755 4813 1045 4874 praesente,
1076 4808 1495 4869 rationabilibus
1523 4815 1576 4863 et
1598 4809 1800 4875 brutis,
1832 4809 1963 4867 feris
1985 4820 2040 4866 et

475 4895 781 4964 reptilibus,
823 4896 1057 4951 mortuis
1092 4907 1146 4952 et
1206 4899 1560 4965 inanimatis;
1590 4898 1686 4955 sed
1731 4899 1825 4954 illa
1875 4903 2040 4957 etiam

474 5001 595 5055 qua:
627 4992 840 5039 tantum
864 4984 952 5051 iis,
982 4987 1076 5056 qui
1114 4988 1257 5058 apud
1296 4995 1350 5043 te
1380 4989 1590 5052 vivunt,
1622 4989 1894 5045 destinata
1936 4999 2039 5046 est.

477 5076 683 5133 Lumen
710 5091 872 5146 porro
905 5078 1039 5138 illud
1064 5080 1384 5147 viventium,
1424 5096 1533 5152 quo
1573 5079 1742 5136 David
1773 5088 1826 5137 et
1853 5096 2045 5138 omnes

478 5166 589 5225 Deo
609 5166 817 5236 accepti
846 5170 1121 5238 propheta:
1140 5178 1195 5229 et.
1210 5171 1345 5240 justi
1374 5172 1633 5227 illustrati
1682 5180 1811 5235 sunt
1851 5172 2048 5227 intelli-

477 5275 591 5332 ges,
620 5258 668 5314 si
702 5259 955 5315 attendas
991 5263 1337 5333 evangelista:
1369 5262 1570 5318 dicenti
1609 5284 1623 5320 :
1654 5264 1808 5331 Quod
1842 5264 2043 5335 factum

477 5363 556 5413 est
600 5353 656 5406 in
705 5352 818 5420 ipso
837 5353 904 5418 ‘°,
935 5354 1142 5409 scilicet
1175 5353 1273 5418 Dei
1298 5354 1480 5415 Verbo
1512 5359 1655 5428 quod
1687 5361 1741 5414 in
1773 5360 2046 5431 principio

479 5445 626 5516 apud
666 5444 837 5501 Deum
870 5455 1011 5511 erat,
1042 5446 1154 5503 rita
1194 5457 1329 5513 erat,
1367 5458 1420 5503 et
1471 5451 1580 5511 vita
1611 5463 1724 5507 erat
1764 5458 1858 5508 tua:
1883 5453 2046 5508 homi-

481 5554 606 5595 num
633 5538 674 5570 ¹¹
710 5552 817 5592 :ac
850 5553 1071 5594 rursum
1099 5556 1114 5595 :
1154 5537 1288 5593 Erat
1334 5540 1427 5595 lux
1460 5558 1580 5596 vera
1628 5560 1744 5615 qua:
1779 5545 2047 5600 illuminat

2145 4530 2294 4583 σθεν
2321 4526 2428 4582 τοῦ
2481 4526 2629 4580 Θεοῦ
2677 4524 2775 4579 διὰ
2804 4522 2998 4594 φωτὸς
3034 4521 3145 4591 τῆς
3198 4519 3365 4589 ζωῆς.
3413 4519 3718 4591 Διατρίϐων

2145 4617 2274 4686 γοῦν
2302 4616 2396 4671 καὶ
2418 4615 2571 4688 παρά
2589 4618 2701 4680 τοῖς
2732 4614 3071 4684 ἀλλοφύλοις,
3096 4613 3195 4684 τῆς
3243 4611 3410 4683 ὀρθῆς
3436 4610 3531 4664 καὶ
3554 4608 3717 4679 βασι-

2144 4710 2298 4781 λικῆς
2328 4708 2448 4764 ὀδοῦ
2477 4709 2537 4762 οὐ
2569 4705 2896 4780 παρέξεισινο
2913 4705 3048 4760 ἀλλά
3074 4706 3156 4759 σοὶ
3183 4702 3489 4775 εὐαρέστως
3517 4700 3722 4753 ὥδευον

2147 4801 2252 4857 ὑπὸ
2278 4799 2371 4854 σοῦ
2406 4797 2804 4869 ποδηγούμενος
2858 4795 2954 4848 καὶ
3015 4791 3400 4864 φωτιζόμενος,
3428 4791 3606 4861 φωτός
3654 4806 3718 4843 τε

2150 4891 2570 4971 μεταλαγχάνων
2594 4890 2654 4943 ού
2679 4888 2773 4943 τοῦ
2818 4885 2996 4941 κοινοῦ
3047 4886 3142 4939 καὶ
3175 4885 3341 4938 πᾶσιν
3370 4881 3718 4952 ἐγκειμένου,

2144 4988 2380 5055 λογικοῖς
2402 5002 2462 5038 τε
2487 4982 2581 5037 καὶ
2612 4982 2844 5051 ἀλόγοις,
2879 4979 3086 5052 θηρίοις
3111 4995 3169 5032 τε
3211 4977 3306 5031 καὶ
3329 4977 3600 5047 ἑρπετοῖς,
3631 4990 3725 5026 νε-

2147 5080 2297 5148 κροῖς
2321 5092 2383 5130 τε
2407 5076 2500 5131 καὶ
2537 5072 2782 5144 ἀψύχοις,
2812 5070 2947 5124 ἀλλά
2976 5068 3070 5124 τοῦ
3102 5069 3281 5141 μόνοις
3304 5070 3417 5131 τοῖς
3444 5065 3597 5137 παρά
3619 5064 3722 5119 σοῦ

2147 5169 2311 5234 ζῶσιν
2337 5165 2740 5237 ἀφωρισμένον.
2770 5164 2998 5235 Νοήσεις
3021 5163 3078 5216 δὲ
3107 5163 3168 5215 τὸ
3199 5161 3313 5231 φῶς
3339 5159 3444 5212 τῶν
3472 5156 3720 5222 ζώντων,

2149 5267 2206 5320 ἐν
2224 5258 2269 5332 ᾧ
2290 5264 2383 5319 καὶ
2408 5260 2569 5319 Δαυῖδ
2597 5260 2691 5314 καὶ⁸
2720 5258 2917 5322 πάντες
2944 5258 2995 5311 οἱ
3027 5256 3290 5326 θεοφιλεῖς
3321 5253 3596 5326 προφῆται
3620 5252 3724 5305 καὶ

2149 5356 2346 5410 δίκαιοι
2377 5354 2775 5427 ὲφωτίσθησαν,
2806 5354 3103 5425 ἐπιστήσας
3138 5349 3215 5422 τῷ
3240 5347 3595 5417 εύαγγελιστῇ
3638 5344 3723 5398 λέ-

2151 5464 2318 5515 γοντι·
2367 5450 2426 5500 Ὄ
2458 5446 2703 5517 γέγονεν
2740 5448 2809 5501 ἐν
2834 5444 3015 5511 αὐτῷ,
3076 5442 3275 5515 δηλαδὴ
3328 5438 3405 5510 τῷ
3437 5438 3594 5507 Λόγῳ
3618 5434 3719 5491 τοῦ

2151 5538 2285 5595 Θεοῦ
2312 5538 2389 5611 τῷ
2420 5542 2478 5593 ἐν
2500 5541 2639 5611 ἀρχῇ
2676 5538 2807 5610 πρὸς
2837 5537 2926 5591 τὸν
2957 5534 3086 5590 Θεὸν
3110 5533 3241 5601 ὄντι,
3271 5531 3381 5600 ζωὴ
3408 5528 3505 5603 ἦν,
3547 5527 3644 5584 καί
3678 5529 3724 5604 ἠ

559 5692 603 5729 υ
639 5692 815 5753 lCur.
849 5710 947 5765 ut,
986 5695 1038 5752 5.
1119 5697 1160 5730 υ
1198 5694 1342 5757 Psal.
1379 5713 1540 5768 XLIX,
1581 5699 1659 5758 Η.
1742 5701 1785 5734 ²⁰
1824 5699 1981 5761 Joan.
2021 5716 2034 5758 ι

2136 5726 2168 5767 .,
2199 5698 2250 5759 ι.
2329 5700 2367 5732 υ
2415 5696 2545 5757 ibid.
