3988 6202
309 191 413 245 501
1447 198 1868 261 COMMENTAB
1881 209 1948 264 lA
1991 215 2057 270 IN
2095 213 2430 271 PSALMOS.
3426 219 3534 278 93?.

294 486 630 555 ἐρχόμενον
665 489 751 552 εὶς
776 488 884 540 τὸν
898 492 1146 559 κόσμον.
1184 494 1278 546 Ἐν
1305 495 1384 562 τῷ
1416 499 1621 567 κόσμῳ
1645 498 1741 571 ἦν,
1779 523 1841 558 κο

1978 510 2201 565 mundus
2231 528 2346 564 eum
2367 527 2468 564 non
2493 512 2729 581 cognovit
2750 513 2816 568 ”.
2849 515 2979 567 Erat
3016 514 3181 584 igitur
3217 515 3272 569 in
3296 520 3530 575 mundo:

295 582 332 633 ό
363 580 598 646 κόσμος
623 578 698 632 δι’
719 580 907 634 αὑτοῦ
930 583 1183 653 ἐγένετο,
1215 588 1313 642 καὶ
1359 594 1393 644 ὁ
1445 595 1672 663 κόσμος
1692 597 1841 650 αὐτὸ

1973 608 2027 658 et
2082 603 2182 658 hoc
2227 604 2449 666 lumine,
2493 578 2587 675 qui
2638 605 2747 659 vita
2799 605 2891 660 illa
2937 578 3077 676 apud
3133 606 3300 662 Deum
3347 610 3531 667 donati

291 671 410 724 οὐκ
435 671 609 740 ἔγνω.
635 671 841 726 Οὐκοῦν
865 669 932 744 ἦν
955 677 1011 728 ὲν
1039 676 1115 747 τῷ
1139 679 1344 752 κόσμῳ⁹
1365 685 1600 757 κάκείνῳ
1629 686 1706 758 τῷ
1735 706 1841 756 φωτ

1971 701 2146 757 erant,
2177 693 2635 749 illuminabantur.
2674 694 2872 752 Deinde
2916 698 2969 750 in
3011 698 3222 766 propria
3264 701 3433 764 venit;
3483 710 3531 768 et

291 763 345 814 οἱ
370 763 472 832 τῆς
504 764 656 835 παρὰ
684 763 761 836 τῷ
785 765 904 838 Θεῴ
927 768 1070 839 ζωῆς
1095 771 1504 845 καταξιούμενοι
1527 778 1841 847 ἑφωτξζοντι

1972 793 2231 855 quotquot
2263 796 2558 854 receperunt
2608 804 2745 852 eum,
2765 787 2906 842 dedit
2936 763 3019 842 eis
3054 763 3360 856 potestatem
3393 763 3530 860 ﬁlios

296 853 570 924 ’Ὕστερον
593 854 651 907 δὲ
678 856 772 909 καὶ
803 860 890 923 εἰς
927 859 998 912 τὰ
1057 860 1177 915 ἴδια
1223 861 1427 933 ἦλθεν·
1471 866 1604 922 ὅσοι
1651 887 1713 924 τε
1749 872 1841 926 ἐδέ

1969 876 2069 930 Dei
2090 879 2225 945 ﬁeri.
2253 875 2425 932 Tanta
2454 879 2629 934 virtus
2663 880 2856 934 lumini
2897 881 3187 936 viventium
3243 883 3440 946 inerat,
3474 864 3539 936 uti

291 944 482 1008 ξαντο
517 946 709 1000 αὑτὸν
736 948 959 1003 ἔδωκεν
979 953 1180 1020 αὐτοῖς
1197 954 1488 1018 ἐξουσίαν
1513 960 1694 1016 τέκνα
1727 967 1841 1018 Θεοι

1972 980 2066 1022 eos
2091 944 2188 1037 qui
2219 983 2278 1023 se
2305 969 2610 1039 reciperent
2642 969 2782 1024 ﬁlios
2808 970 2901 1025 Dei
2931 970 3160 1026 efﬁceret
3199 991 3210 1025 :
3238 971 3382 1042 quod
3407 988 3529 1026 cum

292 1033 594 1137 Z'E‘It'éO'Uat.
651 1037 895 1122 Τοσαύτη
949 1039 1174 1112 δύναμις
1228 1048 1407 1118 παρῆν
1445 1048 1523 1119 τῷ
1577 1052 1713 1119 φωτὶ
1762 1055 1841 1107 τῶ

1968 1033 2132 1112 sciret
2165 1058 2354 1124 David.
2393 1033 2446 1114 in
2476 1069 2602 1117 voto
2631 1062 2842 1128 habuit,
2865 1071 2924 1118 ut
2955 1065 3193 1134 placeret
3226 1033 3401 1118 coram
3423 1063 3527 1120 De»

291 1121 535 1187 ζώντων,
569 1125 646 1188 ὡς
668 1127 833 1180 τέκνα
864 1128 996 1182 Θεοῦ
1056 1131 1462 1204 ἀπεργάζεσθαι
1486 1140 1611 1202 τοὺς
1649 1142 1841 1197 καταδε

1970 1149 2023 1201 in
2052 1149 2248 1205 lumine
2273 1153 2568 1209 viventium.

289 1218 558 1371 Ξομένους
605 1220 758 1273 αὐτὼ
810 1221 946 1294 ὅπερ
1009 1224 1162 1290 εἰδὼς
1203 1230 1231 1280 ὁ
1277 1229 1440 1285 Δαυίδ
1493 1232 1560 1286 δι’
1595 1234 1760 1306 εὐχῆς
1818 1233 1940 1309 εἶχε»
1967 1242 2060 1296 τοῦ
2112 1246 2469 1317 εὐαρεστῆσαι
2543 1246 2796 1302 ἐνώπιον
2878 1248 2981 1303 τοῦ
3035 1251 3181 1305 Θεοῦ
3245 1251 3313 1304 ἐν
3378 1237 3524 1322 ετρωτι

317 1327 541 1364 ωντων.

317 1327 541 1364 ωντων.

291 1449 398 1504 El}:
429 1453 518 1506 το
543 1454 783 1517 ΤΕΛΟΣ,
823 1458 926 1512 Mll
975 1462 1394 1532 ΔΙΑΦΘΕῘΡΗΣ,
1420 1471 1505 1524 To
1537 1474 1731 1528 ΔΑΥω
1761 1478 1841 1530 El}

358 1522 890 1594 ΣτιιᾼυΓΡΑψῐΑΝ
932 1531 1023 1583 EN
1054 1533 1139 1585 'm
1174 1537 1406 1592 AI‘TON
1456 1543 1841 1594 ΑΠυΔιΑΡΑΣ.

1974 1480 2024 1532 1.
2068 1477 2135 1531 ΙΝ
2170 1478 2402 1540 FINEM,
2443 1478 2532 1532 NE
2569 1480 2986 1544 DlSPERDAS,
3038 1483 3243 1538 DAVID
3302 1485 3370 1540 IN
3427 1487 3520 1544 Tl-

2042 1548 2201 1594 Tnm
2265 1549 2825 1594 INSCRIPTIONRM,
2887 1553 3030 1594 Cll“
3105 1555 3422 1594 mmmm'r
3485 1561 3513 1594 Α

502 1547 1405 1614 ἓψηιιίίνιὲλὲέξωιέρήευΑιξζρΝ
1440 1547 1865 1614 anulum—
2042 1548 2201 1604 TULI
2263 1549 2828 1614 INSCRIPTIONEM,
2887 1553 3031 1609 cun
3105 1555 3422 1614 succum
3477 1561 3522 1613 A

359 1592 530 1646 KEIN
563 1595 700 1648 suo
743 1597 1106 1655 npoxnror
1156 1605 1379 1662 ΣΑΟΥΛ
1437 1592 1834 1670 mmsis

361 1663 759 1734 AAIONJNG'.
1424 1673 1426 1675 '

2035 1592 2240 1674 ἑιίὅῑε
2263 1592 2569 1676 ’ὲῖὗίῖίή
2587 1592 3034 1679 ’ἔρἤίίιιᾶἔέὶῖ
3078 1592 3208 1680 ιξνῖξ

377 1753 664 1856 Ἐλέησόν
693 1775 783 1828 με,
818 1763 852 1814 ό
876 1761 1040 1827 Θεὸς,
1083 1765 1342 1835 ἐλέησόν
1370 1789 1468 1840 με,
1501 1774 1587 1828 ὅτι
1633 1777 1730 1831 ἐπὶ
1765 1796 1840 1833 σο

2035 1775 2203 1833 Vens.
2228 1777 2284 1833 ἓ.
2314 1777 2566 1834 Miserere
2609 1782 2730 1845 mei,
2758 1785 2917 1849 Deus,
2965 1785 3207 1838 miserere
3239 1785 3360 1850 mei,
3393 1799 3520 1856 quo-

291 1843 587 1941 πεποιθεν
611 1849 858 1941 ῄμψυχή
908 1871 1048 1922 μου.
1095 1857 1301 1931 Ὥσπερ
1356 1863 1462 1916 ἀπὸ
1501 1866 1599 1936 τῆς
1626 1869 1841 1940 ἱστορίαε

1963 1870 2106 1923 niam
2155 1870 2210 1923 in
2263 1881 2311 1924 te
2339 1873 2554 1941 conﬁdit
2591 1874 2773 1927 anima
2817 1891 2952 1928 mea.
2987 1873 3140 1930 Sicut
3183 1892 3249 1932 ex
3293 1878 3520 1933 historia

297 1936 574 2029 ἐδείκνυτο
600 1939 835 2014 δεύτερον
879 1947 1158 2018 γινόμενος
1202 1954 1230 2005 ὁ
1272 1954 1435 2009 Δανῒδ
1472 1958 1622 2029 παρὰ
1649 1936 1759 2026 τοῖς
1804 1966 1862 2016 ἐν

296 2027 404 2081 Γὲθ
432 2030 751 2126 ἀλλοφύλοις,
785 2041 913 2109 παρ’
941 2034 1020 2104 οἷς
1044 2042 1330 2114 διατρίϐων
1356 2048 1445 2102 τὸν
1466 2059 1535 2104 νε¹
1557 2027 1861 2126 ἀναγέγρα-

294 2134 425 2218 πται
699 2127 954 2198 εἰρηκώς·
976 2131 1115 2186 οὕτω
1143 2135 1223 2199 δὶς
1248 2139 1495 2206 φαίνεται
1527 2144 1583 2196 ὲν
1717 2121 1858 2218 σπη-

285 2209 421 2284 ὶαέῳ
443 2213 733 2285 ἐληλυθώς·
763 2219 908 2287 ἅπαξ
936 2222 1053 2291 μὲν,
1071 2226 1180 2289 ὅτε,
1211 2229 1404 2298 μανίαν
1450 2209 1854 2305 προσποιηθεὶς,

281 2304 381 2368 τὰς
414 2308 603 2378 χεῖρας
657 2309 750 2363 τοῦ
814 2312 1040 2383 Ἀγχοῦς
1087 2316 1204 2387 (sic)
1246 2320 1342 2373 καὶ
1393 2322 1500 2376 τῶν
1543 2325 1601 2378 ἐν
1635 2304 1734 2379 Γὲο
1764 2327 1858 2380 ἀλ-

278 2393 526 2490 λοφύλων
555 2399 859 2470 διαφεύγειο
894 2407 1146 2461 κάκεῖθεν
1169 2409 1487 2488 διασώζεται
1514 2417 1592 2480 εἰς
1614 2417 1674 2469 τὸ
1725 2420 1858 2490 σπή·

287 2488 441 2542 λαιον
471 2491 532 2543 τὸ
580 2492 860 2566 Ὀδολλὰμ,
883 2496 1008 2552 ἔνθα
1041 2499 1262 2569 πάντες
1285 2501 1339 2558 οἱ
1373 2506 1620 2576 ἀδελφοὶ
1647 2488 1851 2575 αὐτοῦ,

277 2578 377 2631 καὶ
404 2578 526 2646 πᾶς
557 2584 590 2635 ὁ
617 2582 782 2648 οἶκος
808 2585 914 2639 τοῦ
939 2587 1161 2655 πατρὸς
1210 2591 1395 2645 αὐτοῦ
1427 2595 1854 2648 καταϐαίνουσι

275 2670 428 2738 πρὸς
467 2674 674 2727 αὐτόν.
730 2677 1073 2747 Συνήγοντό
1120 2698 1184 2734 τε
1227 2685 1360 2751 παρ’
1415 2685 1572 2752 αὐτῷ
1635 2685 1753 2752 πᾶς
1783 2687 1854 2739 ἐν

275 2762 508 2833 ἀνάγκη
541 2765 647 2829 ὢν,
691 2767 790 2820 καὶ
827 2767 945 2835 πᾶς
992 2772 1320 2842 ὑπόχρεως,
1367 2777 1465 2832 καὶ
1505 2777 1673 2833 πᾶσα
1715 2797 1853 2834 κατ-

274 2854 498 2920 ώδυνος
526 2858 719 2927 ψυχή·
739 2862 834 2914 καὶ
857 2859 935 2933 ἦν
951 2864 1042 2917 ἐπ’
1071 2866 1266 2922 αὐτῶν
1284 2871 1630 2941 ἡγούμενος.
1650 2868 1851 2926 *Ησαν

272 2947 342 3002 δὲ
377 2950 458 3015 ὡς
483 2955 849 3019 τετρακόσιοι
878 2955 1092 3026 ἄνδρες
1113 2976 1128 2990 ο
1162 2960 1410 3033 δεύτερον
1442 2963 1520 3029 δὲ,
1592 2965 1691 3020 ὅτε
1738 2966 1846 3020 ἀν-

270 3038 572 3111 έστρεψεν
601 3047 635 3098 ό
661 3047 858 3100 Σαοὺλ
883 3048 999 3102 ἀπὸ
1034 3051 1282 3106 ὄπισθεν
1306 3053 1424 3108 τῶν
1459 3057 1842 3126 ἀλλοφύλων,

269 3135 368 3188 καὶ
398 3136 711 3206 ἀπηγγέλη
740 3133 921 3206 αὐτῷ,
949 3141 1216 3211 ὅτιἸδοὺ
1257 3147 1438 3201 Δαυῒδ
1455 3149 1524 3201 ἐν
1551 3125 1625 3218 τῆ
1644 3148 1840 3218 ἐρήμῳ
1870 3125 1911 3183 c

270 3226 349 3293 τῇ
375 3228 584 3282 Γαδδίο
620 3231 717 3285 καὶ
768 3232 947 3287 ἔλαϐε
981 3238 1109 3304 μεθ’
1134 3237 1350 3293 ἑαυτοῦ
1381 3241 1535 3309 τρεῖς
1570 3247 1844 3316 χιλιάδας

268 3318 506 3411 ανὸρῶν
535 3321 835 3378 ἐκλεκτῶν
876 3326 942 3380 ἐκ
985 3328 1090 3382 τοῦ
1128 3331 1382 3400 Ἰσραὴλ,
1428 3335 1525 3387 καὶ
1552 3336 1841 3411 ἐπορεύθη

267 3405 458 3476 ζητῶν
510 3413 620 3466 τὸν
668 3416 850 3472 Δαυῒδ
921 3420 1018 3473 καὶ
1064 3421 1205 3488 τοὺς
1258 3422 1480 3493 ἄνδρας
1517 3405 1701 3484 αὐτοῦ
1741 3405 1840 3488 ἐπὶ

264 3506 595 3571 πρόσωπον
622 3510 846 3562 Αὶλείν.
884 3512 990 3564 Kal
1024 3509 1210 3584 ἦλθεν
1235 3519 1322 3582 εἰς
1349 3518 1455 3584 τὰς
1478 3519 1698 3589 ἀγέλας
1723 3525 1842 3580 τῶν

265 3599 560 3664 ποιμνίων
584 3599 690 3665 τὰς
721 3600 822 3653 ἐπὶ
869 3601 980 3670 Tn";-
1013 3603 1174 3658 ὀδοῦ.
1238 3606 1348 3660 Kal
1385 3603 1464 3678 ἦν
1511 3611 1639 3664 ἐκεῖ
1677 3615 1839 3682 σπή-

263 3690 462 3755 λαιον,
499 3691 595 3744 καὶ
627 3692 874 3760 εἰσῆλθε
895 3696 1094 3751 Σαοὺλ
1122 3701 1717 3766 παρασκευάσασθαι·
1742 3709 1838 3762 καὶ

266 3780 448 3834 Δαυτδ
487 3782 585 3838 καὶ
615 3787 670 3837 οὶ
700 3784 905 3854 ἄνδρε(
974 3789 1154 3844 αὐτοῦ
1209 3791 1486 3862 ἐσώτεροι
1542 3797 1647 3851 τοῦ
1683 3815 1840 3867 σπη-

263 3873 445 3924 λαίου
468 3872 780 3942 ἐκάθηντο.
831 3879 940 3932 Kal
964 3878 1142 3934 εἶπαν
1164 3885 1219 3936 οὶ
1249 3883 1464 3954 ἄνδρες
1484 3887 1664 3942 Δαυῒδ
1688 3891 1838 3958 πρὸς

263 3967 470 4018 αὐτόν·
523 3967 676 4022 Ἰδοὺ
701 3973 738 4038 ἡ
765 3972 950 4040 ἡμέρα
975 3974 1146 4043 αὕτη,
1172 3973 1254 4042 ἣν
1288 3975 1417 4032 εἷπε
1450 3981 1662 4048 Κύριος
1687 3982 1836 4050 πρὸς

265 4055 362 4122 σὲ,
398 4059 764 4127 παραδοῦναι
806 4064 911 4117 τὸν
959 4066 1176 4135 ἐχθρόν
1204 4084 1320 4125 σου
1376 4074 1462 4138 εὶς
1500 4073 1607 4138 τὰς
1634 4073 1836 4142 χεῖράς

264 4164 404 4213 σου,
439 4153 536 4204 καὶ
566 4153 839 4222 ποιήσεις
866 4153 1022 4227 αὐτῷ
1049 4160 1128 4226 ὠς
1167 4161 1390 4230 ἀγαθὸν
1414 4164 1484 4217 ὲν
1507 4165 1834 4234 ὀφθαλμοῖς

261 4255 402 4294 σου.
444 4243 552 4296 Kal
583 4245 804 4314 ἀνέστη
835 4248 1014 4303 Δαυῒδ
1040 4250 1140 4304 καὶ
1168 4252 1374 4321 ἀφεῖλε
1403 4255 1470 4308 τὸ
1522 4257 1835 4326 πτερύγιον

261 4331 374 4398 τῆς
420 4333 727 4404 διπλοΐδος
787 4341 981 4395 Σαοὺλ
1041 4345 1351 4412 λαθραίως.
1412 4347 1520 4400 Καὶ
1579 4347 1830 4418 ἐγενήθη

1958 1970 2423 2020 commonstratur
2470 1965 2853 2024 Davidem-bis
2913 1968 3055 2038 apud
3108 1969 3406 2040 allophylos
3463 1972 3517 2024 in

1958 2051 2095 2106 Geth
2135 2052 2326 2120 fuisse,
2360 2055 2543 2126 ibique
2570 2056 2852 2128 degentem
2896 2060 3166 2129 psalmum
3193 2076 3259 2115 Lv
3293 2063 3520 2116 recitas-

1957 2161 2016 2200 se
2045 2147 2308 2216 scriptum
2346 2155 2468 2204 est:
2498 2149 2577 2206 sic
2623 2150 2708 2206 bis
2737 2150 2794 2205 in
2851 2153 3165 2221 speluncam
3197 2156 3409 2210 venisse
3439 2156 3520 2210 vi-

1957 2235 2145 2304 detur;
2179 2237 2357 2308 primo
2386 2254 2509 2292 cum
2530 2279 2545 2302 ,
2575 2239 2790 2294 insania
2845 2241 3120 2304 simulata,
3157 2256 3350 2297 manus
3407 2243 3518 2296 An-

1955 2325 2093 2380 cbus
2136 2333 2189 2380 et
2245 2325 2588 2382 Gethaeorum
2646 2329 3044 2400 allophylorum
3099 2331 3307 2402 effugit,
3354 2341 3517 2402 atque

1955 2415 2080 2470 inde
2109 2416 2162 2470 in
2192 2419 2506 2487 speluncam
2539 2417 2784 2474 Odollam
2823 2437 2882 2477 se
2905 2422 3186 2487 subduxit,
3219 2423 3312 2477 ubi
3339 2438 3517 2479 omnes

1953 2509 2148 2577 fratres
2185 2509 2299 2579 ejus
2341 2519 2389 2564 et
2439 2511 2680 2564 universa
2721 2511 2908 2566 domus
2935 2513 3104 2580 patris
3133 2513 3245 2581 ejus
3272 2528 3389 2567 eum
3417 2526 3517 2566 ...τιν

1951 2601 2142 2656 ierunt.
2175 2600 2246 2654 Et
2266 2611 2611 2656 convenerunt
2661 2602 2729 2656 ad
2779 2620 2896 2657 eum
2932 2620 3106 2657 omnes
3137 2604 3225 2673 qui
3268 2613 3418 2657 erant
3455 2603 3514 2659 its

1952 2693 2201 2764 angustia
2223 2694 2518 2758 constituti,
2546 2703 2594 2749 et
2619 2695 2850 2764 oppressi
2889 2711 2990 2749 tere
3025 2695 3216 2758 alieno,
3249 2703 3298 2749 et
3327 2708 3510 2747 amaro

1951 2781 2125 2834 animo
2156 2797 2174 2834 :
2197 2790 2247 2835 et
2274 2792 2387 2836 erat
2410 2799 2589 2837 eorum
2613 2783 2744 2838 dux.
2769 2782 2941 2839 Erant
2969 2793 3143 2839 autem
3187 2785 3338 2855 quasi
3379 2802 3513 2855 qua-

1949 2874 2210 2944 dringenti
2262 2875 2362 2929 viri
2391 2876 2457 2930 ’3.
2493 2874 2747 2931 Secundo
2772 2885 2974 2942 autem,
3025 2893 3142 2930 cum
3169 2894 3402 2931 reversus
3430 2887 3512 2932 est

1949 2963 2084 3019 Saul
2111 2965 2307 3036 fugatis
2349 2965 2652 3037 allophglis,
2681 2976 2730 3021 et
2778 2969 3077 3021 nuntiatum
3121 2977 3199 3022 est
3248 2970 3339 3023 ei:
3374 2969 3510 3023 Ecce

1949 3057 2121 3110 David
2171 3060 2223 3112 in
2278 3057 2482 3114 deserto
2531 3057 2739 3124 Caddi;
2771 3069 2821 3113 et
2849 3061 3136 3130 assumpsit
3181 3077 3355 3115 secum
3406 3063 3509 3116 tria

1945 3151 2117 3204 millia
2147 3150 2433 3204 electorum
2464 3167 2528 3204 ea:
2562 3150 2758 3214 Israel,
2786 3153 3116 3221 perrexitque
3164 3151 3231 3204 ad
3272 3167 3511 3221 quaren-

1946 3241 2071 3294 dum
2100 3240 2272 3295 David
2301 3251 2350 3296 et
2396 3242 2533 3296 viros
2564 3243 2699 3311 ejus,
2724 3242 2792 3295 ad
2821 3243 3010 3311 faciem
3052 3241 3223 3297 ίΕιὶη.
3259 3243 3326 3295 Et
3373 3246 3510 3297 venit

1944 3332 2013 3386 ad
2043 3349 2220 3403 greges
2244 3333 2478 3397 ovilium,
2521 3349 2638 3404 quae
2674 3344 2824 3387 erant
2871 3335 2925 3387 in
2959 3343 3100 3387 terra
3133 3335 3241 3387 viae.
3272 3332 3515 3404 Eratque-

1941 3425 2015 3479 ibi
2049 3426 2316 3494 spelunca,
2347 3434 2397 3479 et
2450 3426 2830 3495 ingressus'est
2859 3423 2993 3479 Saul
3037 3424 3104 3477 ad
3148 3442 3201 3479 se
3240 3441 3505 3495 apparan-

1942 3517 2067 3571 dum
2090 3517 2164 3589 (Ι)
2194 3558 2210 3584 ,
2245 3527 2294 3572 et
2337 3517 2503 3571 David
2532 3527 2578 3571 et
2605 3518 2702 3570 viri
2729 3519 2843 3587 ejus
2874 3519 2926 3570 in
2957 3517 3199 3570 interiore
3219 3527 3368 3586 parte
3390 3531 3507 3585 spe-

1943 3609 2109 3663 lunca:
2126 3608 2391 3663 sedebant.
2411 3607 2477 3661 Et
2495 3607 2742 3662 dixerunt
2771 3608 2868 3661 viri
2891 3607 3055 3663 David
3087 3607 3153 3661 ad
3177 3624 3294 3660 eum
3319 3623 3337 3661 :
3370 3606 3504 3661 Ecce

1940 3700 2072 3764 dies,
2104 3702 2167 3754 de
2196 3717 2300 3768 qua
2324 3699 2530 3755 locutus
2565 3693 2824 3754 Dominus
2848 3700 2914 3754 ad
2941 3709 3007 3762 te,
3041 3699 3178 3768 quod
3199 3699 3376 3753 tradat
3399 3701 3502 3754 ini-

1938 3796 2129 3848 micum
2160 3805 2306 3849 tuum
2336 3797 2392 3849 in
2413 3810 2598 3848 manus
2621 3803 2762 3858 tuas,
2785 3804 2844 3848 ut
2871 3794 3041 3863 facias
3070 3795 3118 3848 ei
3138 3795 3503 3863 sicutplacue—

1939 3887 2009 3941 rit
2042 3889 2097 3942 in
2141 3889 2308 3942 oculis
2355 3889 2481 3941 tuis.
2516 3887 2763 3943 Surrexit
2792 3904 2914 3956 ergo
2946 3886 3118 3941 David
3165 3897 3213 3942 et
3259 3886 3499 3957 pra'cidit

1937 3996 2086 4033 oram
2115 3979 2366 4049 diploidis
2398 3978 2580 4034 Saulis
2613 3979 2772 4034 clam.
2818 3977 2884 4030 Et
2910 3979 3110 4048 factum
3140 3986 3216 4032 est
3244 3984 3422 4046 postea
3448 3983 3500 4027 et

1935 4074 2191 4143 percussit
2213 4072 2468 4128 Davidem
2497 4090 2588 4128 cor
2617 4069 2752 4142 ejus,
2772 4073 2897 4142 quia
2924 4070 3214 4125 abstulerat
3243 4069 3388 4123 oram
3416 4068 3500 4120 di-

1933 4164 2124 4232 ploidis
2167 4165 2358 4233 ipsius.
2408 4163 2659 4234 Dixitque
2680 4161 2852 4216 David
2884 4163 2952 4215 ad
2981 4164 3117 4216 viros
3151 4177 3316 4216 suos:
3351 4161 3499 4214 Absit

1934 4257 2063 4310 mihi
2095 4273 2128 4310 a
2176 4255 2425 4321 Domino,
2454 4256 2501 4308 si
2544 4255 2743 4323 faciam
2786 4252 2923 4306 hanc
2959 4269 3066 4307 rem
3121 4255 3330 4306 domino
3360 4267 3493 4314 meo,

1936 4347 2135 4402 christo
2172 4347 2411 4411 Domini,
2446 4357 2506 4400 ut
2541 4348 2770 4416 inferam
2812 4360 3026 4398 manum
3063 4361 3231 4398 meam
3258 4345 3311 4396 in
3337 4359 3494 4404 eum;

255 4426 410 4494 μετὰ
441 4427 657 4494 ταῦτα,
703 4431 802 4484 καὶ
850 4433 1108 4499 ἐπάταξε
1135 4437 1348 4504 καρδία
1395 4439 1575 4493 Δαυῒδ
1624 4441 1829 4508 αὐτὸν,

1941 4438 2057 4508 quia
2086 4437 2328 4491 Christus
2353 4435 2566 4490 Domini
2587 4443 2664 4488 est
2692 4434 2796 4489 hic.
2830 4432 2900 4485 Et
2937 4435 3196 4502 persuasit
3220 4432 3391 4486 David
3417 4433 3496 4486 vi-

260 4518 351 4571 ὄτι
383 4520 592 4587 ἀφεῖλε
645 4520 711 4575 τὸ
767 4526 1082 4595 πτερύγιον
1133 4526 1242 4595 τῆς
1289 4529 1595 4597 διπλοΐδος
1621 4533 1825 4587 αὐτοῦ.

258 4612 370 4665 Kal
398 4608 530 4667 εἶπε
554 4614 734 4668 Δαυῒδ
754 4617 900 4685 πρὸς
926 4619 1067 4686 τοὺς
1108 4619 1332 4690 ἄνδρας
1382 4624 1590 4678 αὐτοῦ’
1637 4624 1831 4693 Μηδαο

251 4701 383 4772 μῶς
407 4723 506 4773 μοι
538 4708 695 4774 παρὰ
725 4711 965 4778 Κυρίου,
981 4715 1046 4778 ,εὶ
1072 4715 1303 4780 ποιήσω
1336 4716 1402 4770 τὸ
1453 4715 1614 4785 ῥῆμα
1650 4717 1826 4772 τοῦτο

255 4793 337 4859 τῷ
369 4798 551 4865 κυρίῳ
599 4817 716 4868 μου
761 4794 841 4867 τῷ
898 4797 1120 4872 κριστῷ
1174 4808 1393 4874 Κυρίου
1413 4849 1428 4873 ,
1481 4808 1826 4878 ἐπενεγκεῖν

253 4887 427 4956 χεῖρά
445 4907 563 4958 μου
592 4891 684 4943 ἐπ’
722 4895 924 4948 αὐτόν·
977 4896 1066 4949 ὅτι
1099 4898 1349 4966 Χριστὸς
1384 4901 1604 4968 Κυρίου
1651 4901 1825 4954 ἐστὶν

251 4977 457 5044 οὗτος.
494 4983 604 5036 Kal
651 4984 854 5041 ἔπεισε
893 4989 1072 5043 Δαυῒδ
1095 4990 1235 5056 τοὺς
1273 4990 1497 5060 ἄνδρας
1545 4991 1726 5047 αὐτοῦ
1753 4993 1824 5046 ὲν

250 5075 487 5143 λόγοις,
548 5082 643 5134 καὶ
697 5083 806 5136 οὐκ
867 5081 1087 5137 ἔδωκεν
1151 5084 1370 5151 αὐτοὺς
1442 5086 1821 5153 ἀναστάντας

250 5165 592 5220 θανατῶσαι
617 5168 725 5222 τὸν
749 5171 966 5225 Σαούλ.
1013 5171 1280 5243 Ζητητέον
1342 5168 1434 5227 οὖν
1471 5176 1609 5230 κατὰ
1635 5177 1822 5239 ποίους

246 5254 479 5323 χρόνους
504 5257 603 5328 τὴν
625 5261 986 5333 προκειμένην
1012 5262 1410 5334 στηλογραφίαν
1437 5266 1466 5317 ὁ
1517 5265 1676 5320 Δαυῒδ
1724 5268 1819 5321 ἁν-

244 5345 481 5418 ἐγραψε,
504 5351 598 5402 καὶ
623 5353 681 5404 ὲν
711 5353 847 5423 ποίῳ
873 5354 1121 5426 σπηλαίῳ
1159 5354 1465 5424 διατρίϐων
1505 5356 1729 5426 πότερον
1759 5361 1817 5411 ὲν

1937 4529 2009 4583 ris
2031 4530 2142 4582 suis
2166 4527 2513 4592 sermonibus,
2537 4535 2584 4580 et
2609 4542 2712 4580 non
2739 4524 2974 4593 permisit
3003 4534 3060 4577 ut
3082 4526 3405 4594 insurgerent
3436 4525 3493 4577 in

1936 4620 2070 4676 Saul
2099 4621 2168 4674 ad
2194 4618 2535 4674 occidendum
2566 4635 2685 4673 eum
2711 4618 2779 4674 “.
2806 4617 3166 4685 Quaerendum
3200 4617 3365 4686 igitur
3383 4631 3493 4686 quo

1932 4721 2193 4783 tempore,
2225 4720 2279 4768 et
2310 4714 2364 4766 in
2395 4727 2503 4782 qua
2532 4711 2789 4782 spelunca
2812 4710 3034 4780 degens.
3069 4709 3208 4762 hanc
3243 4708 3385 4762 tituli
3415 4709 3495 4763 in-

1930 4805 2281 4874 scriptionem
2300 4804 2470 4859 David
2499 4804 2816 4870 scripserit;
2858 4818 2926 4857 an
2957 4803 3012 4856 in
3039 4803 3299 4874 spelunca
3329 4798 3495 4856 Odol-

1929 4899 2058 4960 lam,
2089 4913 2159 4951 an
2182 4899 2238 4952 in
2269 4898 2533 4968 spelunca
2558 4896 2821 4967 Engaddi.
2843 4893 3042 4949 Verum
3069 4896 3195 4963 quia
3215 4892 3324 4946 duo
3347 4893 3494 4962 psal-

1927 4989 2002 5044 mi
2032 4989 2100 5044 ab
2127 5005 2193 5045 eo
2212 4990 2265 5044 in
2291 4990 2550 5059 spelunca
2592 4988 2724 5042 dicti
2763 4995 2925 5054 sunt;
2949 4986 3037 5040 hic
3069 4985 3277 5040 scilicet
3299 4984 3392 5055 qui
3421 4985 3491 5036 ti~

1927 5080 2024 5134 tuli
2057 5081 2342 5151 inscriptio
2374 5087 2478 5147 est,
2527 5087 2580 5135 et
2617 5094 2767 5141 cxm,
2807 5078 3145 5148 inscriptus:
3182 5074 3489 5130 Intellectus

1927 5169 2120 5228 Davidi
2164 5171 2217 5224 in
2255 5172 2520 5239 spelunca,
2561 5171 2770 5233 oratio;
2819 5175 3242 5225 consentaneum
3261 5174 3347 5224 est
3371 5167 3487 5220 dis-

1923 5263 2150 5334 quirere
2172 5305 2188 5330 ,
2227 5279 2297 5319 an
2333 5264 2372 5318 ii
2405 5265 2596 5320 eodem
2635 5272 2879 5334 tempore
2907 5262 3242 5334 pronuntiati
3262 5259 3480 5320 fuerint,

1926 5367 1979 5413 et
1999 5373 2130 5412 num
2155 5358 2208 5414 in
2233 5360 2496 5430 spelunca
2524 5375 2750 5418 versans
2777 5367 3068 5433 utrumque
3096 5352 3477 5429 composuerit.

320 5486 368 5516 υ
409 5485 542 5542 ibid.
579 5487 735 5554 9,10.
812 5491 855 5522 ’³
895 5493 914 5544 Ι
951 5490 1081 5564 Reg.
1114 5509 1261 5560 χχιι,
1301 5494 1425 5558 1,2.
1501 5497 1543 5526 “
1584 5495 1601 5550 Ι
1635 5496 1767 5569 Reg.
1806 5514 1947 5565 xxxv,
1988 5497 2106 5553 2-8.

317 5601 396 5671 (Ι)
439 5603 493 5660 ιιι
530 5613 636 5670 εει,
671 5609 736 5660 ad
768 5609 938 5664 alvum
969 5623 1370 5668 excutiendam.
