4024 6202
450 248 557 305 505

1149 259 1421 319 EUSEBII
1457 251 1926 314 CESARIENSIS
1959 251 2107 310 OPP.
2140 254 2321 310 PARS
2355 253 2444 312 ill.
2477 285 2547 295 —
2584 248 2988 319 EXEGETICA.

3573 249 3675 304 5οι

453 376 682 435 Videtur
710 391 839 449 ergo
878 377 1037 442 mihi,
1087 377 1434 433 moventibus
1474 375 1763 446 utriusque
1817 374 1999 445 psalmi

2112 374 2194 445 τῷ
2223 374 2470 445 σπηλαίῳ
2531 373 2612 445 τῷ
2686 373 2966 445 Ὀδολλὰμ,
3008 373 3042 444 ἢ
3100 372 3156 426 ἐν
3197 369 3275 442 τῷ
3321 371 3569 443 σπηλαίῳ
3595 371 3679 442 τῷ

448 471 651 536 verbis,
681 470 821 525 banc
850 469 990 523 tituli
1026 469 1437 539 inscriptionem
1469 468 1526 523 in
1553 467 1815 538 spelunca
1851 464 2017 521 Odoi-

446 565 553 617 lam
582 562 780 617 dictam
813 560 1025 625 fuisse;
1060 563 1362 617 orationem
1407 577 1535 616 vero
1556 561 1611 614 in
1649 574 1772 613 εχει
1800 560 2009 629 psalmo

443 653 699 723 positam,
723 649 782 706 in
811 651 1070 720 spelunca
1095 650 1360 722 Engaddi,
1382 666 1530 715 cum,
1566 649 1732 705 Saule
1755 664 1879 705 sese
1913 664 2009 719 ap-

430 752 692 814 parante,
725 744 781 798 in
820 744 1080 813 spelunca
1131 745 1307 800 latens
1339 745 1716 814 deprehensus
1746 753 1851 799 est.
1893 741 2010 798 Sic-

425 856 459 909 q
480 852 547 893 ue
577 837 706 891 mihi
741 852 1059 907 persuasum
1089 844 1174 892 est
1197 853 1263 892 ex
1285 837 1447 891 dictis
1472 837 1757 906 utriusque
1790 834 2004 907 psalmi.

431 929 495 982 Et
548 928 768 998 quidem
816 943 941 982 σιω
976 928 1191 983 videtur
1233 928 1366 983 mihi
1417 936 1549 983 tunc
1586 927 1852 998 prolatus,
1882 942 2005 981 cum

430 1020 610 1076 David
634 1021 691 1076 in
723 1022 977 1093 angustia
1010 1036 1205 1092 magna
1234 1028 1290 1075 et
1318 1022 1725 1075 concertatione
1753 1020 2003 1090 degeret;

432 1114 515 1169 sic
548 1112 693 1168 enim
720 1113 794 1168 ibi
826 1113 1069 1183 loquitur
1100 1132 1113 1167 :
1153 1110 1286 1166 Voce
1320 1128 1435 1166 mea
1474 1109 1543 1165 ad
1573 1110 1856 1165 Dominum
1895 1110 2010 1163 cla-

432 1205 597 1272 mavi,
629 1220 748 1258 voce
764 1221 880 1259 mea
906 1204 974 1258 ad
1006 1203 1292 1258 Dominum
1314 1201 1622 1273 deprecatus
1651 1218 1788 1256 sum.
1820 1200 2009 1269 Effun-

432 1295 500 1348 (ιο
548 1295 605 1347 in
653 1304 928 1363 conspectu
973 1292 1085 1361 ejus
1117 1293 1409 1347 orationem
1454 1308 1622 1346 meam
1654 1306 1671 1343 :
1702 1290 2003 1344 tribulatio-

435 1400 554 1437 nem
614 1400 786 1438 meam
830 1392 951 1437 ante
981 1385 1153 1452 ipsum
1183 1379 1559 1452 pronuntiabo.
1617 1380 1683 1435 In
1720 1379 2005 1449 deﬁcientia

436 1487 500 1527 es
530 1489 609 1527 me
630 1473 875 1542 spiritum
905 1489 1094 1538 meum,
1115 1481 1164 1526 et
1187 1482 1242 1525 tu
1281 1472 1564 1544 cognovisti
1594 1472 1809 1525 semitas
1840 1488 2001 1525 meas.

442 1563 507 1619 In
536 1566 621 1619 via
667 1565 788 1629 hac,
813 1582 917 1636 qua
946 1564 1307 1630 ambulabam,
1338 1563 1725 1618 absconderunt
1762 1563 2004 1635 laqueum

437 1656 566 1709 mihi
590 1656 656 1713 “.
697 1655 795 1713 His
831 1657 1031 1728 quippe
1060 1656 1372 1727 angustiam
1395 1670 1502 1726 qua
1532 1657 1882 1725 premebatur
1909 1654 2002 1710 de—

436 1748 607 1802 clarat
626 1763 642 1814 ;
662 1746 893 1805 maxime
916 1753 1097 1802 autem
1120 1747 1176 1800 in
1211 1746 1565 1816 sequentibus
1598 1745 1748 1801 hisce
1772 1745 1952 1802 verbis
1984 1763 1996 1798 :

2119 466 2378 535 Ἐνγαδδί.
2452 465 2611 520 Ἀλλὰ
2656 467 2751 520 καὶ
2800 466 2983 537 ἐπειδὴ
3036 464 3126 518 δύο
3175 465 3416 537 εἴρηνται
3469 463 3678 535 ψαλμοὶ

2109 556 2254 629 αὐτῷ
2276 560 2334 611 ἐν
2358 556 2435 627 τῷ
2460 557 2729 629 σπηλαίῳ,
2750 559 2779 610 ὁ
2804 557 2902 628 μὲν
2930 555 3286 627 προκείμενος
3304 554 3676 628 στηλογραφία

2107 648 2408 718 τυγχάνων,
2457 650 2486 702 ὁ
2532 648 2589 701 δὲ
2623 656 2749 720 ρμα¹
2799 647 3271 721 ἐπιγεγραμμένος
3289 687 3305 709 ,
3362 646 3676 713 Συνέσεως

2107 737 2187 810 τῷ
2223 742 2401 796 Δαυῒδ
2441 743 2509 795 ἐν
2558 738 2637 810 τῷ
2681 744 2962 810 σπηλαίῳ
2992 739 3319 810 προσευχήο
3342 739 3575 812 ζητήσαι
3606 739 3673 794 άν

2106 851 2189 898 τις
2237 833 2470 901 εὐλόγως
2494 834 2542 886 εί
2574 832 2714 888 κατὰ
2746 833 2836 887 τὸν
2866 833 3026 887 αὐτὸν
3068 834 3309 903 εἴρηνται
3342 832 3552 904 χρόνον,
3578 830 3675 885 καὶ

2106 928 2228 980 εἰέν
2254 926 2333 997 τῷ
2356 926 2603 998 σπηλαίῳ
2633 927 2914 997 τυγχάνων
2967 926 3307 997 ἀμφοτέρους
3360 923 3670 989 συνέταξεν.

2105 1017 2262 1068 Δοκεῖ
2284 1015 2462 1069 τοίνυν
2489 1017 2633 1087 ἐμοὶ,
2667 1016 2965 1087 κινουμένῳ
2992 1017 3055 1068 ἐκ
3078 1015 3184 1069 τῶν
3213 1017 3269 1068 ἐν
3298 1015 3542 1087 ἐκατέρῳ
3573 1033 3672 1085 φε-

2110 1109 2349 1181 ρομένων
2369 1110 2562 1179 λόγων,
2601 1110 2635 1179 ἡ
2670 1109 2767 1180 μὲν
2802 1108 2939 1179 μετὰ
2983 1110 3173 1179 χεῖρας
3212 1107 3587 1179 στηλογραφία
3614 1110 3674 1161 ἐν

2103 1200 2182 1271 τῷ
2212 1200 2459 1271 σπηλαίῳ
2480 1200 2559 1271 τῷ
2589 1199 2850 1271 Ὀδολλὰμ
2876 1198 3146 1270 εἰρῆσθαι,
3179 1200 3211 1269 ἡ
3238 1198 3295 1251 δὲ
3334 1198 3392 1251 ὲν
3419 1196 3496 1267 τῷ
3523 1205 3669 1269 ρμα’,

2105 1292 2399 1363 προσευχὴ,
2429 1294 2486 1345 ἐν
2512 1292 2590 1363 τῷ
2613 1293 2858 1365 σπηλαίῳ
2881 1290 3234 1363 τῷἘνγαδδὶ,
3249 1293 3360 1355 ὅτε,
3388 1290 3479 1344 τοῦ
3501 1292 3673 1345 Σαοὺλ

2105 1384 2677 1456 παρασκευαζομένου,
2706 1386 2762 1438 ἐν
2786 1385 2864 1455 τῷ
2909 1383 3154 1455 σπηλαίῳ
3183 1381 3329 1436 ἔνδον
3360 1383 3669 1454 κρυπτόμε-

2103 1491 2192 1539 νος
2216 1475 2463 1547 εὖρηται.
2489 1476 2642 1530 Οὕτω
2668 1476 2723 1529 δέ
2754 1495 2842 1548 μοι
2870 1476 3114 1547 παρέστη
3164 1475 3433 1547 κινηθέντι
3461 1477 3521 1528 ἐκ
3556 1475 3670 1529 τῶν

2104 1568 2231 1639 παρ’
2266 1567 2510 1639 ἐκατέρῳ
2538 1567 2850 1640 φερομένων
2883 1566 3075 1636 λόγων.
3119 1567 3175 1620 Ὀ
3206 1566 3303 1637 μὲν
3332 1573 3455 1638 ρμα¹
3486 1567 3671 1635 φαίνε-

2101 1670 2191 1709 ται
2213 1656 2498 1727 εἰρημένος
2528 1658 2585 1709 ἐν
2612 1655 2775 1728 πολλῇ
2799 1658 2994 1727 συνοχῇ
3020 1654 3112 1708 καὶ
3161 1656 3330 1724 ἀγῶνι
3356 1656 3675 1726 τυγχάνοντι

2102 1744 2179 1817 τῷ
2201 1748 2382 1800 Δαυῖδο
2416 1748 2550 1820 φησὶ⁸
2575 1746 2704 1816 γοῦν
2731 1750 2789 1801 ἐν
2816 1748 2979 1819 αὐτῷ·
3022 1747 3194 1817 Φωνῇ
3226 1766 3343 1818 μου
3380 1748 3527 1817 πρὸς
3553 1751 3670 1803 Κύ-

437 1838 606 1895 Periit
633 1839 762 1909 fuga
784 1855 817 1892 a
839 1856 939 1893 me.
963 1837 1263 1895 Obsidente
1279 1853 1517 1908 namque
1540 1836 1701 1893 Saule
1728 1838 1999 1909 speluncae

2099 1854 2229 1905 ριον
2272 1839 2582 1907 ἐκέκραεασ
2626 1838 2795 1909 φωνῇ
2842 1857 2961 1908 μου
3011 1840 3159 1908 πρὸς
3191 1842 3298 1894 τὸν
3337 1840 3484 1894 Θεὸν
3508 1840 3674 1907 ἐδεή-

436 1930 660 1994 ostium,
694 1931 842 1986 intus
877 1931 1054 1986 latens
1089 1930 1227 2002 ipse,
1267 1929 1505 2001 effugere
1533 1945 1591 1986 se
1620 1945 1781 1999 posse
1811 1929 2004 2000 despe-

434 2021 612 2076 rabat.
643 2019 911 2076 Caeterum
934 2036 1057 2075 cum
1080 2020 1147 2075 de
1179 2021 1304 2091 fuga
1328 2013 1669 2090 desperaret,
1699 2021 1767 2075 ad
1797 2021 2002 2076 saluta-

432 2126 550 2166 rem
580 2119 800 2181 portum
850 2110 1128 2183 confugit;
1164 2127 1335 2185 quare
1377 2097 1667 2184 subjungit
1699 2131 1718 2170 ε,
1761 2111 2003 2167 Clamavi

434 2202 505 2257 ad
556 2211 629 2268 te,
670 2203 913 2269 Domine,
959 2203 1072 2258 dixi
1117 2221 1135 2258 :
1190 2204 1269 2259 Tu
1315 2221 1369 2259 es
1403 2220 1517 2274 spes
1572 2220 1724 2267 mea;
1779 2215 1833 2258 et
1888 2204 2003 2260 haec

435 2292 624 2363 adjicit
657 2312 671 2348 :
706 2292 854 2352 Educ
883 2294 946 2349 de
988 2295 1233 2350 custodia
1289 2292 1524 2350 animam
1584 2311 1776 2351 meam.
1808 2293 2001 2349 Videu‘

434 2385 707 2455 quomodo
762 2401 918 2441 suam
970 2386 1025 2441 in
1088 2389 1348 2458 spelunca
1403 2388 1812 2443 conclusionem
1861 2387 2004 2442 indi-

433 2477 561 2530 cat?
592 2475 723 2533 lure
774 2478 959 2550 itaque
1009 2480 1125 2536 haec
1169 2481 1315 2538 dicta
1369 2482 1672 2538 orationem
1727 2482 2000 2546 inscribit,

432 2575 649 2640 tempus
678 2570 1032 2643 inscriptione
1071 2573 1170 2627 illa
1191 2572 1495 2631 declarans.
1521 2574 1612 2630 Ait
1664 2575 1831 2646 igitur
1859 2594 1872 2630 :
1908 2574 2001 2629 In-

432 2660 667 2717 tellectus
699 2661 911 2730 Davidi,
959 2680 1079 2718 cum
1108 2676 1241 2720 esset
1293 2667 1347 2720 in
1394 2665 1665 2735 spelunca,
1711 2669 1902 2721 oratio.
1936 2665 2002 2719 Et

429 2753 548 2811 haec
581 2755 799 2825 quidem
833 2764 1022 2812 notato
1069 2765 1313 2828 tempore
1349 2769 1604 2829 precatus
1649 2767 1753 2824 est,
1805 2775 2001 2830 magno

431 2846 487 2900 in
524 2848 767 2916 periculo
814 2849 1171 2905 constitutus.
1213 2848 1339 2904 Haec
1371 2864 1503 2904 vero
1541 2851 1684 2904 tituli
1714 2852 2001 2922 inscriptio

431 2939 503 2993 ab
529 2953 595 2993 eo
619 2939 846 2993 recitata
871 2946 976 3002 est,
1005 2949 1064 2993 ut
1090 2939 1321 3004 aestimo,
1345 2955 1467 2994 cum
1491 2946 1637 2997 esset
1663 2941 1719 2995 in
1741 2943 1998 3013 spelunca

432 3027 702 3093 Odollam,
737 3043 801 3083 ac
826 3030 1119 3099 recepisset
1150 3042 1341 3086 omnes
1368 3030 1564 3089 fratres
1607 3047 1759 3097 suos,
1791 3048 1997 3106 cogna-

2100 1935 2231 2000 θην.
2278 1930 2491 2001 Ἑκχεῶ
2514 1930 2767 1986 ἐνώπιον
2809 1932 2992 1987 αὐτοῦ
3012 1933 3125 2000 τὴν
3150 1932 3365 2001 δέησίν
3395 1950 3531 2002 μου·
3559 1932 3676 2001 τὴν

2099 2025 2310 2091 θλίψιν
2355 2042 2475 2094 μου
2524 2023 2779 2078 ἐνώπιον
2828 2025 3014 2080 αὑτοῦ
3077 2025 3409 2096 ἀπαγγελῶ.
3463 2027 3564 2080 Ἐν
3591 2025 3676 2093 τῷ

2098 2120 2400 2174 ἐκλείπειν
2438 2118 2509 2184 ἐξ
2531 2120 2678 2189 ἐμοῦ
2715 2119 2780 2172 τὸ
2816 2119 3051 2190 πνεῦμά
3092 2138 3233 2189 μου,
3280 2120 3379 2173 καὶ
3428 2119 3508 2174 σὺ
3556 2120 3678 2189 ἐτί-

2099 2226 2331 2278 νωσκες
2380 2210 2487 2278 τὰς
2545 2213 2782 2280 τρίϐους
2828 2230 2966 2282 μου·
3036 2214 3138 2268 Ἔν
3203 2206 3323 2279 (δδῷ
3374 2214 3581 2282 ταύτην
3632 2207 3676 2283 ᾖ

2098 2306 2490 2377 ἐπορευόμην,
2516 2308 2793 2377 ἔκρυψαν
2815 2305 3035 2376 παγίδα
3056 2323 3177 2376 μοι.
3211 2306 3311 2361 Διὰ
3333 2305 3538 2359 τούτων
3565 2307 3676 2377 γάρ

2099 2398 2195 2470 τὴν
2226 2399 2450 2471 συνοχὴν
2480 2401 2538 2454 ἐν
2656 2398 2944 2471 ἐξητάζετο
2972 2398 3285 2470 παρίστησιο
3315 2398 3407 2452 καὶ
3429 2398 3509 2451 ἔτι
3537 2399 3678 2468 μᾶλ-

2099 2493 2188 2547 λον
2216 2493 2282 2547 δι’
2309 2486 2384 2547 ὧν
2411 2493 2604 2562 ἐπάγει
2628 2491 2802 2562 λέγων
2851 2492 2997 2562 ἐξῆς⁶
3038 2489 3320 2545 Ἀπώλετο
3380 2490 3542 2560 φυγὴ
3570 2490 3674 2545 ἀπ’

2096 2584 2261 2654 ἐμοῦ·
2278 2585 2383 2657 πρὸ
2405 2584 2513 2639 τῶν
2537 2584 2716 2657 θυρῶν
2744 2583 2853 2656 γὰρ
2875 2583 2970 2637 τοῦ
3004 2582 3269 2655 σπηλαίου
3303 2582 3673 2652 καθεζομένου

2098 2677 2192 2732 τοῦ
2215 2678 2405 2741 Σαοὺλ,
2431 2677 2576 2731 ἔνδον
2633 2675 3027 2748 κρυπτόμενος,
3063 2673 3373 2743 ἀπεγνώκει
3412 2674 3503 2743 τὴν
3535 2674 3671 2726 ἐαυ-

2098 2770 2191 2825 τοῦ
2222 2771 2417 2841 φυγήν.
2439 2770 2587 2839 Πλὴν
2607 2769 2705 2838 τὴν
2735 2767 2910 2838 φυγὴν
2930 2767 3222 2833 ἀπογνοὺς,
3254 2767 3347 2819 ἐπὶ
3376 2765 3460 2819 τὸν
3491 2766 3671 2833 σωτὴ-

2102 2880 2213 2936 ριον
2246 2862 2436 2933 λιμένα
2493 2861 2849 2931 καταφεύγειο
2896 2860 2978 2913 διὸ
3027 2858 3286 2927 ἐπιλέγειο
3350 2856 3677 2925 Ἐκέκραξα

2100 2953 2248 3022 πρὸς
2279 2953 2373 3019 σὲ,
2435 2955 2647 3021 Κύριε,
2704 2949 2871 3006 εἶπα·
2937 2951 3022 3005 Σὺ
3060 2950 3118 3004 εἷ
3169 2949 3346 3014 ἐλπίς
3393 2965 3546 3017 μουο
3576 2947 3672 2999 καὶ

2100 3044 2421 3118 προστίθησι
2495 3043 2690 3113 λέγων·
2773 3042 3052 3112 Ἐξάγαγε
3105 3041 3174 3094 ἐκ
3233 3037 3512 3108 φυλακῆς
3557 3037 3677 3105 τὴν

431 3128 520 3177 tos
565 3121 693 3176 item
749 3136 814 3176 ac
857 3123 1100 3193 reliquos
1152 3123 1455 3194 fugitivos;
1498 3125 1593 3196 qui
1644 3125 1879 3183 fortasse
1910 3130 1995 3185 sui

2099 3138 2308 3208 ψυχήν
2349 3155 2509 3208 μου.-
2546 3137 2710 3208 Ὁρᾷς
2750 3136 2897 3199 ὅπως
2929 3135 3021 3189 τὸν
3078 3133 3207 3186 εἴσω
3258 3130 3352 3185 τοῦ
3406 3131 3672 3201 σπηλαίου

431 3228 599 3269 causa
628 3213 844 3270 insidiis
874 3214 1059 3271 Saulis
1084 3218 1477 3287 appetebantur
1501 3237 1516 3285 ;
1549 3220 1845 3290 quinetiam
1873 3223 1997 3292 qui-

432 3304 520 3359 vis
548 3303 782 3360 alllictus
806 3306 988 3361 animo
1011 3314 1066 3362 et
1091 3307 1347 3378 iniuriam
1372 3324 1587 3379 passus,
1622 3310 1758 3383 fugae
1778 3311 1996 3369 Davidis

431 3411 660 3452 consors
691 3406 828 3453 erat.
867 3398 1003 3453 Nam
1034 3415 1157 3456 eum
1217 3401 1394 3457 virum
1420 3403 1652 3473 justum,
1699 3420 1739 3459 a.
1759 3404 1871 3460 Deo
1899 3406 1998 3461 ho-

433 3494 706 3553 noratum,
763 3489 964 3559 injuria
1014 3504 1046 3544 a
1093 3490 1257 3547 Saule
1288 3493 1503 3562 pulsum
1549 3494 1883 3561 videntibus,
1932 3511 1996 3552 ea

432 3579 570 3648 ipsis
593 3582 898 3637 consolatio
920 3583 974 3637 in
1004 3584 1164 3640 malis
1188 3592 1326 3641 erat.
1358 3585 1496 3641 Tum
1525 3587 1627 3657 ipsi
1656 3604 1873 3659 quoque
1902 3590 1995 3661 qui

431 3689 464 3727 a
498 3672 823 3729 laedentibus
851 3690 910 3730 se
936 3674 1234 3746 fugiebant,
1275 3675 1463 3733 Davidi
1504 3680 1816 3744 studebant,
1848 3681 1997 3752 ejus-

430 3780 537 3835 que
562 3773 745 3835 partes
777 3766 1283 3835 amplectebantur;
1311 3770 1688 3842 malebantque
1713 3772 1839 3842 pelli
1869 3788 1994 3827 cum

428 3854 572 3925 ipso,
618 3870 783 3926 quam
827 3856 1137 3927 insequenti
1197 3860 1420 3916 haerere.
1473 3860 1609 3917 Cum
1647 3878 1778 3934 ergo
1822 3864 1995 3919 otium

430 3954 615 4017 ageret
649 3947 705 4002 in
744 3948 1003 4018 spelunca
1049 3948 1315 4017 Odollam,
1366 3963 1686 4022 praesentem
1737 3956 1883 4011 tituli
1913 3958 1997 4011 in-

429 4040 785 4111 scriptionem
814 4045 1075 4102 exaravit.
1100 4044 1256 4110 Quod
1280 4060 1412 4102 sane
1439 4047 1720 4104 declarant
1746 4058 1859 4105 tum
1891 4052 1995 4105 alia

428 4148 551 4204 quae
584 4133 792 4204 adjicit.
825 4142 940 4190 tum
971 4137 1159 4192 isthac
1188 4157 1201 4192 :
1230 4136 1382 4192 Misit
1411 4138 1475 4193 de
1502 4140 1652 4200 caelo.
1677 4150 1728 4195 et
1757 4141 1995 4196 liberavit

426 4241 549 4283 me:
574 4242 640 4282 ac
664 4243 886 4283 rursum
918 4249 930 4285 :
962 4229 1113 4285 Misit
1138 4230 1279 4285 Deus
1307 4232 1725 4287 misericordiam
1768 4251 1919 4288 suam
1946 4245 1996 4290 et

428 4320 698 4373 ceritatem
727 4336 903 4385 suam,
949 4329 999 4375 et
1024 4322 1217 4390 eripuit
1251 4324 1486 4377 animam
1522 4341 1691 4379 meam
1735 4325 1799 4379 de
1829 4326 1996 4381 medio

427 4411 726 4466 catulorum
756 4411 984 4468 leonum.
1027 4411 1191 4471 Vides
1217 4430 1366 4479 eum,
1413 4431 1538 4471 cum
1570 4415 1822 4474 Getbaros
1862 4420 1997 4474 allo-

429 4502 622 4573 phylos
649 4502 954 4574 effugisset,
986 4514 1173 4577 utpote
1197 4508 1250 4561 in
1285 4515 1404 4563 tuto
1435 4509 1696 4579 positum,
1729 4525 1795 4565 ac
1821 4511 1992 4565 otium
2026 4538 2069 4593 ο

429 4603 697 4664 agentem,
747 4595 1062 4666 huiusmodi
1115 4613 1281 4654 voces
1319 4601 1591 4666 emisisse,
1642 4618 1707 4657 ac
1755 4603 1991 4660 maxime

429 4687 669 4740 omnium
696 4701 791 4741 eas
821 4703 942 4757 quae
975 4699 1299 4759 sequuntur,
1334 4698 1389 4745 et
1429 4692 1510 4747 sic
1538 4693 1778 4749 habent:
1816 4695 1990 4748 Para-

428 4787 537 4831 tum
572 4792 663 4830 cor
691 4794 882 4844 meum,
924 4779 1087 4845 Deus,
1121 4783 1344 4837 cantabo
1390 4793 1441 4838 et
1483 4785 1746 4854 psalmum
1791 4786 1985 4843 dicam.

348 4930 354 4944 Ι
428 4865 688 4937 Exsurge,
719 4869 891 4938 gloria
916 4886 1051 4935 mea,
1075 4888 1316 4943 exsurge,
1344 4875 1657 4943 psalterium
1685 4888 1735 4931 et
1759 4878 1985 4943 cithara,

428 4973 709 5028 exsurgant
736 4959 994 5018 diutculo.
1024 4962 1325 5034 Conﬁtebor
1356 4967 1410 5020 in
1456 4969 1693 5036 populis,
1741 4968 1985 5035 Domine,

428 5050 689 5108 psalmum
715 5051 889 5110 dicam
925 5057 1020 5110 tibi
1051 5057 1108 5112 in
1133 5058 1391 5129 gentibus.
1425 5058 1551 5117 Herc
1578 5062 1724 5117 enim
1757 5062 1985 5118 multum

429 5140 621 5205 otium,
671 5142 781 5198 imo
825 5147 989 5201 etiam
1037 5149 1206 5204 animi
1256 5152 1609 5222 voluptatem,
1658 5154 1997 5225 significant,

429 5233 517 5287 Ait
542 5233 708 5305 igitur
741 5250 894 5292 sacer
922 5241 1201 5308 apostolus
1227 5259 1239 5293 :
1273 5240 1636 5298 Contristatur
1662 5246 1780 5315 quis
1812 5247 1866 5299 in
1896 5263 1987 5300 vo-

429 5324 506 5381 bis
529 5327 557 5382 2
599 5336 729 5383 oret.
762 5327 938 5399 Equo
980 5331 1157 5385 animo
1199 5335 1323 5391 est?
1350 5335 1547 5389 psalle:
1568 5336 1615 5367 “
1673 5335 1779 5391 Sed
1815 5353 1991 5407 neque

429 5426 638 5488 poterat
670 5419 786 5490 haec
810 5421 1011 5490 dicere,
1040 5437 1164 5477 cum
1192 5424 1248 5479 in
1282 5426 1538 5495 spelunca
1568 5427 1812 5500 Engaddi
1850 5429 1989 5484 deti-

429 5520 649 5568 neretur
682 5527 713 5567 a
765 5511 928 5570 Saule
976 5521 1101 5570 ante
1147 5517 1348 5571 ostium
1396 5517 1634 5575 sedente.
1667 5520 1796 5587 Quae
1846 5521 1987 5579 enim

502 5692 545 5730 ³⁸
584 5691 727 5751 Psal.
763 5713 881 5755 εδει
906 5739 919 5765 ,
952 5698 1064 5758 EH.
1180 5701 1223 5736 “
1262 5699 1376 5758 Jac.
1414 5717 1465 5769 ν,
1506 5703 1587 5758 15.

2096 3231 2462 3301 ἀποκλεισμὸν
2488 3228 2775 3301 σημαίνει;
2827 3227 3065 3290 Εἰκότως
3086 3220 3177 3279 οὖν
3209 3224 3303 3278 καὶ⁸
3366 3224 3674 3295 προσευχὴν

2095 3324 2387 3393 ἐπιγράφει
2435 3323 2562 3385 τοὺς
2603 3320 2815 3389 λόγους,
2842 3318 3017 3391 δηλῶν
3067 3317 3156 3371 διὰ
3212 3317 3311 3387 τῆς
3346 3315 3675 3388 προγραφῆς

2095 3416 2186 3469 τὸν
2227 3413 2435 3485 καιρόν.
2496 3412 2659 3481 Λέγει
2691 3410 2841 3479 γοῦν·
2877 3408 3186 3474 Συνέσεως
3240 3402 3319 3474 τῷ
3357 3405 3556 3465 Δαυῒδ.
3600 3406 3675 3457 ἐν

2095 3501 2174 3573 τῷ
2198 3501 2348 3559 εἶναι
2376 3502 2563 3559 αὑτὸν
2596 3502 2665 3555 ἐν
2693 3493 2773 3568 τῷ
2801 3500 3082 3568 σπηλαίῳ
3099 3538 3113 3561 ,
3142 3496 3472 3566 προσευχὴ.
3510 3495 3674 3549 Ἀλλά

2095 3596 2265 3651 ταῦτα
2292 3597 2389 3666 μὲν
2448 3593 2789 3669 προσηύξατο
2849 3595 2907 3647 ἐν
2964 3591 3183 3664 μεγάλῳ
3204 3589 3464 3663 περιστὰς
3496 3588 3671 3657 ἀγῶνι

2098 3690 2239 3745 κατὰ
2268 3690 2358 3743 τὸν
2380 3689 2686 3761 δηλωθέντα
2732 3686 2941 3759 χρόνον·
2987 3688 3020 3754 ἡ
3077 3685 3133 3738 δὲ
3165 3683 3301 3755 μετὰ
3327 3685 3513 3754 χεῖρας
3540 3698 3673 3753 στη-

2096 3780 2365 3853 λογραφία
2390 3779 2609 3833 λέλεκτο
2655 3764 2824 3846 αὐτῷ,
2868 3776 2943 3839 ὡς
2985 3770 3159 3846 οἶμαι,
3187 3773 3300 3827 ὃντι
3327 3776 3385 3826 ἐν
3416 3771 3489 3842 τῷ
3523 3788 3673 3841 am;-

2097 3875 2243 3944 λαίῳ.
2276 3872 2354 3943 τῷ
2398 3871 2677 3942 Ὀδολλὰμ,
2706 3870 2913 3932 πάντας
2953 3885 3011 3922 τε
3039 3865 3414 3936 ὑποδεχομένῳ
3451 3863 3572 3925 τοὺς
3605 3879 3671 3915 τε

2098 3962 2357 4033 ἀδελφοὺς
2385 3962 2548 4017 αὑτοῦ
2597 3964 2691 4016 καὶ
2732 3962 2858 4025 τοὺς
2886 3961 3163 4028 συγγενεῖς
3190 3958 3281 4010 καὶ
3304 3957 3430 4018 τοὺς
3450 3955 3674 4018 λοιποὺς

2099 4054 2361 4124 φυγάδας,
2391 4056 2531 4124 τάχα
2560 4070 2661 4107 που
2712 4052 2778 4105 δι’
2808 4051 2970 4105 αὐτὸν
3015 4044 3529 4116 ἐπιϐουλευομένους
3563 4043 3677 4097 ὑπὸ

2097 4146 2191 4200 τοῦ
2216 4145 2408 4200 Σαούλ*
2454 4144 2591 4199 ἀλλὰ
2624 4144 2719 4198 καὶ
2764 4144 2871 4207 πᾶς
2911 4140 3213 4202 κατώδυνος
3244 4136 3390 4207 ψυχὴ
3419 4137 3514 4189 καὶ
3562 4136 3674 4197 πᾶς

2098 4236 2445 4308 ἀδικούμενος
2468 4236 2720 4299 κοινωνὸς
2741 4234 2985 4302 ἐγίγνετο
3023 4232 3119 4301 τῆς
3148 4229 3242 4282 τοῦ
3278 4227 3440 4282 Δαυῖδ
3469 4227 3677 4297 φυγῆς.

2099 4327 2314 4381 Δίκαιον
2340 4326 2449 4399 γὰρ
2470 4327 2638 4398 ἄνδρα
2689 4326 2783 4381 καὶ
2835 4324 2986 4397 παρὰ
3010 4323 3087 4393 τῷ
3119 4321 3237 4392 Θεῷ
3284 4321 3679 4392 τετιμημένον,

2099 4418 2450 4490 ἐλαυνόμενον
2482 4419 2586 4472 ὑπὸ
2613 4419 2706 4473 τοῦ
2738 4417 2910 4472 Σαοὺλ
2939 4416 3135 4479 ἀδίκως
3171 4413 3426 4486 ὁρῶντες,
3455 4412 3525 4465 τὰ
3544 4415 3675 4466 ἐαυ-

2099 4512 2207 4566 τῶν
2240 4512 2652 4585 παρεμυθοῦντο
2692 4509 2857 4566 κακά.
2900 4504 3032 4564 Εἶτα
3060 4508 3155 4561 καὶ
3206 4506 3361 4559 αὐτοὶ
3396 4506 3524 4568 τοὺς
3551 4505 3672 4558 ἀδι-

2096 4604 2324 4667 κοῦντας
2386 4604 2581 4666 αὐτοὺς
2632 4600 2921 4671 φεύγοντές
2954 4616 3034 4663 τε,
3091 4599 3183 4652 τὸν
3227 4595 3390 4650 Δαυῖδ
3421 4594 3685 4666 ἐζήλουνλ

2092 4696 2394 4767 ἠσπάζοντό
2419 4712 2480 4748 τε
2504 4694 2603 4765 τὴν
2629 4695 2723 4747 σὺν
2754 4690 2903 4761 αὐτῷ
2938 4690 3150 4763 μερίδα,
3195 4689 3392 4760 μᾶλλον
3411 4686 3673 4756 ἀγαπῶν-

2092 4803 2183 4848 τες
2210 4784 2527 4839 ἐλαύνεσθαι
2558 4785 2652 4837 σὺν
2674 4779 2844 4850 αὐτῷ,
2889 4780 2922 4851 ἢ
2966 4780 3045 4849 τῷ
3096 4779 3370 4832 ἐλαύνοντι
3401 4779 3668 4831 συνεῖναι.

2108 4875 2228 4928 Ἐπὶ
2267 4873 2459 4946 σχολῆς
2484 4872 2661 4926 τοίνυν
2689 4871 2890 4939 διάγων
2922 4871 2980 4922 ἐν
2999 4867 3076 4938 τῷ
3098 4867 3344 4940 σπηλαίῳ
3365 4869 3446 4938 τῷ
3488 4867 3671 4922 Ὀδολ-

2092 4969 2205 5040 λὰμ
2226 4970 2323 5039 τὴν
2347 4966 2625 5039 παροῦσαν
2659 4964 2865 5036 ἔγραφε
2901 4961 3324 5034 στηλογραφίαν.
3366 4960 3673 5031 Παρίστησι

2093 5062 2149 5115 δὲ
2174 5060 2333 5114 τοῦτο
2363 5061 2432 5115 τὰ
2462 5057 2843 5128 ἐπιλεγόμενα,
2880 5056 2949 5110 τά
2974 5072 3035 5108 τε
3077 5055 3212 5109 ἄλλα
3246 5054 3342 5109 καὶ
3366 5054 3434 5107 δι’
3456 5047 3532 5107 ὧν
3559 5070 3671 5124 φη-

2096 5170 2197 5208 σιν·
2239 5151 2691 5216 Ἐεαπέστειλεν
2733 5148 2802 5213 ἐξ
2845 5148 3127 5215 οὐρανοῦ,
3175 5147 3272 5201 καὶ
3323 5145 3521 5218 ξσωσέ
3565 5159 3671 5213 με*

2095 5246 2189 5298 καὶ
2218 5243 2397 5298 πάλιν·
2446 5240 2903 5307 Ἐξαπέστειλεν
2943 5244 2976 5295 ό
3016 5239 3160 5306 Θεὸς
3187 5238 3252 5293 τὸ
3276 5238 3449 5304 ἕλεος
3474 5233 3679 5290 αὑτοῦ.

2097 5336 2195 5388 καὶ
2223 5333 2336 5403 τὴν
2377 5333 2662 5401 ἀλήθειαν
2694 5332 2900 5397 αὐτοῦ,
2928 5332 3029 5386 καὶ
3063 5332 3357 5400 spelaeum
3391 5327 3508 5395 τὴν
3548 5329 3667 5393 ψυ-

2097 5427 2215 5498 χήν
2266 5428 2476 5497 μσυέκ
2507 5426 2697 5492 μέσου
2740 5427 3044 5495 σκύμνων.
3082 5426 3263 5496 Ὁρᾷς,
3314 5423 3385 5487 ὡς
3432 5421 3558 5483 τοὺς
3604 5419 3665 5472 ἐν

2095 5520 2203 5574 res
2251 5518 2577 5590 ἀλλοφύλους
2633 5518 2935 5588 διαφυγὼν,
3007 5517 3101 5572 ἅτε
3159 5515 3224 5586 δὴ
3286 5518 3343 5569 ἐν
3395 5509 3669 5583 ἀσφαλείᾳ
