3988 6202
194 269 321 327 503
1338 252 1833 313 COMMENTABIA
1872 253 1940 308 IN
1979 251 2319 309 PSALMOS.
3344 242 3450 309 506

189 378 518 450 τυγχάνων,
565 376 658 430 xal
681 377 737 429 ἑν
781 374 963 428 ἀνέσει
996 371 1092 437 ὣν,
1120 372 1369 435 τοιαύτας
1399 370 1546 440 ἠφίει
1576 368 1776 439 φωνὰς,

1881 376 2014 425 tunc
2064 366 2447 438 opportunitas
2491 365 2560 422 ad
2607 365 2926 437 psalterium
2987 366 3358 438 accipiendum
3401 380 3455 425 et

191 476 300 529 καὶ
324 474 409 526 ἑτι
444 471 644 543 μᾶλλον
666 469 763 532 τάς
791 468 917 539 ἑξῆς
946 466 1342 539 ἐπιφερομένας
1368 465 1434 518 δι’
1455 457 1528 517 ὧν
1547 463 1776 534 είρηται·

1881 459 2147 514 citharam
2173 459 2244 518 ei,
2281 458 2374 527 qui
2426 457 2482 511 in
2530 457 2806 527 speluncae
2838 459 3031 513 intimo
3068 459 3312 513 latebat?
3336 468 3395 513 ut
3421 475 3455 515 ο

193 563 456 632 -Ἐτοίμη
478 562 516 630 ἡ
540 559 753 628 καρδία
770 574 911 627 μου,
934 560 966 611 ό
989 556 1154 622 Θεὸς,
1197 554 1417 623 ᾄσομαι
1452 553 1550 607 καὶ
1584 550 1776 621 ψαλῶ.

1883 551 2163 606 contrario
2192 550 2341 604 nulla
2372 548 2515 603 ratio
2566 548 2775 612 fuisset,
2824 550 2878 604 in
2919 550 3031 605 otio
3058 557 3112 604 et
3140 551 3454 621 tranquilli-
3517 575 3521 580 -

206 653 596 724 Ἔξεγερθητι
632 651 671 718 ἡ
708 648 857 714 δόξα
893 666 1033 719 μου,
1071 645 1411 717 ἐξεγέρθητι
1452 642 1776 713 ⁴ψαλτήριον

1883 650 1995 698 tate
2023 641 2305 711 degentem
2338 641 2393 694 in
2435 641 2693 711 spelunca
2727 639 2996 706 Odollam,
3025 656 3149 695 cum
3195 642 3457 711 quadrin-

194 746 301 800 καὶ
329 749 571 814 κιθάρα,
615 739 1075 812 ἐξεγερθήσομαι
1117 740 1351 809 ὄρθρου.
1392 735 1776 808 Ἐξομολογή-

1885 734 2063 805 gentis
2092 733 2247 797 viris,
2279 733 2462 787 dicere
2496 752 2509 786 :
2542 731 2709 785 Periit
2731 735 2858 804 luga
2897 750 2930 786 a
2957 750 3038 788 me
3064 733 3107 764 ²⁷
3134 751 3149 801 ;
3181 743 3273 789 et:
3306 733 3456 790 Educ

194 855 389 909 σομαι
432 839 503 892 ἐν
554 835 744 901 λαοῖς,
802 835 999 901 Κύριε,
1047 830 1221 901 ψαλῶ
1277 845 1377 885 σοι
1432 831 1502 883 ἐν
1561 830 1776 883 ἔθνεσι.

1885 824 1948 880 de
1976 824 2221 879 custodia
2253 824 2483 877 animam
2510 839 2677 877 meam
2701 824 2765 877 ".

196 931 395 986 Ταῦτα
431 930 542 1001 γάρ
599 926 803 997 πολλῆς
848 925 1042 996 σχολῆς
1093 922 1371 995 ἑμφατικὰ
1402 920 1676 990 τυγχάνει,
1708 916 1844 972 ἀλλά
1880 917 1973 970 καί
1996 915 2279 987 θυμηδίας.
2309 914 2472 983 Λέγει
2501 914 2629 982 γοῦν
2661 916 2689 967 ὁ
2721 915 2861 986 ἱερὸς
2923 914 3238 979 ἀπόστολος⁸
3270 919 3456 970 Κακο-

195 1025 388 1081 παθεῖ
413 1043 504 1091 τις
546 1024 617 1077 ἐν
666 1021 845 1091 imis“;
897 1018 1339 1088 προσευχέσθωσ
1393 1013 1638 1084 εὐθυμεῖ
1660 1029 1783 1079 τις;
1820 1009 2089 1080 ψαλάτω.
2136 1007 2275 1060 Ἀλλ’
2305 1006 2425 1059 οὐδὲ
2453 1001 2563 1069 οἶός
2602 1022 2660 1058 τε
2702 1001 2768 1077 ἦν
2791 1005 2960 1059 ταῦτα
2990 1005 3165 1074 λέγειν
3254 1008 3311 1060 ἑν
3381 1007 3456 1078 τῷ

197 1115 461 1189 σπηλαίῳ
515 1114 591 1186 τῷ
637 1112 874 1181 Ἐνγαδδί
934 1111 1283 1181 συνεχόμενος
1317 1108 1423 1161 ὑπὸ
1480 1105 1573 1160 τοῦ
1605 1103 1773 1158 Σαοὺλ
1812 1102 1917 1173 πρὸ
1948 1101 2047 1171 τῆς
2080 1099 2284 1153 εἰσόδου
2342 1096 2727 1168 καθεζομένου.
2771 1098 2906 1150 Ποία
2934 1096 3041 1169 γὰρ
3073 1094 3139 1169 ἦν
3202 1097 3455 1170 εὐκαιρία

194 1215 347 1277 τότε,
382 1210 778 1282 ὼςψαλτὴριον
800 1206 1199 1277 ἀναλαμϐάνειν
1256 1204 1349 1259 καὶ
1405 1201 1655 1272 κιθάραν,
1724 1196 2167 1271 κρυπαζὸμενον
2214 1193 2477 1246 ἐνδοτάτω
2523 1192 2617 1245 τοῦ
2674 1191 2975 1263 σπηλαίου;
3029 1193 3104 1256 ὡς
3160 1189 3223 1246 αὖ
3293 1193 3456 1248 πάλιν

197 1308 301 1363 οὐκ
330 1303 443 1376 εἶχε
470 1305 647 1373 λόγον,
683 1304 740 1355 ἑν
792 1300 951 1371 σχολῇ
1000 1298 1092 1352 καὶ
1126 1297 1305 1351 ἀνέσει
1338 1296 1587 1362 διάγοντα
1655 1291 1811 1346 αὐτὸν
1848 1291 1906 1343 ἑν
1937 1288 2015 1359 τῷ
2048 1284 2292 1356 σπηλαίῳ
2321 1284 2397 1354 τῷ
2447 1284 2704 1354 Ὀδολλὰμ
2754 1285 2891 1354 μετά
2946 1284 3304 1355 τετρακοσίων
3364 1286 3455 1338 ἀν·

199 1403 337 1475 δρῶν
407 1400 518 1454 τῶν
584 1397 850 1451 συνόντων
904 1394 1073 1466 αὐτῷ,
1117 1394 1313 1462 λέγειν·
1361 1390 1645 1446 Ἀπώλετο
1682 1386 1843 1458 φυγὴ
1880 1385 1980 1441 ἀπ’
2025 1384 2194 1454 ἐμοῦ,
2244 1383 2357 1449 καὶ,
2404 1381 2688 1451 Ἐξάγαγε
2732 1383 2801 1435 ἐκ
2843 1382 3120 1451 φυλακῆς
3176 1382 3290 1452 τὴν
3337 1384 3456 1451 ψυ-

204 1493 328 1565 κήν
351 1511 491 1560 μου.

276 1607 466 1660 Ταῦτα
517 1606 611 1677 μὲν
658 1600 750 1660 οὖν
779 1604 1015 1676 εἰρήσθω
1065 1605 1144 1666 είς
1190 1603 1287 1672 τὴν
1346 1599 1607 1674 διαφορὰν
1673 1597 1776 1652 τῶν

1953 1591 2079 1648 Haec
2100 1605 2263 1663 porro
2285 1590 2428 1645 dicta
2452 1588 2563 1645 sint
2590 1588 2656 1643 de
2678 1588 2997 1643 discrimine
3021 1597 3449 1659 pr0posdorum.

205 1700 601 1771 προκειμένων.
647 1700 845 1769 Ἴωμεν
896 1696 951 1749 δὲ
1014 1695 1106 1749 ἐπὶ
1157 1694 1251 1766 τὴν
1284 1693 1377 1747 τοῦ
1410 1694 1545 1765 μετὰ
1596 1695 1776 1766 χεῖρας

1883 1684 2001 1739 Jam
2026 1683 2371 1755 prmsetttittm
2397 1696 2591 1735 vocum
2614 1682 3027 1750 explicationem
3050 1684 3448 1754 aggrediamur.

208 1792 495 1863 ἐξήγησιν.
530 1793 631 1855 Eli;
660 1788 720 1842 τό
756 1787 950 1853 τέλος,
971 1786 1058 1857 μὴ
1090 1785 1455 1854 διαφθείρῃς,
1486 1778 1564 1853 τῷ
1594 1783 1773 1837 Δαυῒδ

1884 1777 1953 1833 1η
1981 1779 2159 1847 ﬁnem,
2211 1792 2273 1829 ne
2305 1772 2600 1843 disperdas,
2631 1772 2821 1826 Davidi
2867 1774 2922 1827 in
2962 1774 3103 1827 tituli
3152 1776 3453 1844 inscriptio-

213 1888 310 1949 είς
363 1883 815 1953 στηλογραφίαν,
868 1881 962 1935 καὶ
1014 1879 1080 1936 τὰ
1146 1879 1288 1951 ἑξῆς.
1347 1878 1580 1931 Ἥλαυνε
1628 1876 1725 1948 μὲν
1749 1877 1776 1927 0

1883 1887 2019 1933 nem,
2055 1880 2108 1924 et
2142 1875 2358 1922 caetera.
2412 1865 2653 1920 Pellebat
2684 1865 2812 1920 Saul
2857 1864 3112 1919 Davidem
3166 1868 3258 1936 qui
3316 1867 3449 1924 illud

1880 1979 2043 2034 opere
2069 1962 2368 2032 complens,
2396 1957 2454 2013 Si
2483 1976 2570 2013 vos
2594 1968 2973 2029 persequantur
2994 1974 3060 2012 ea:
3090 1958 3187 2012 hac
3218 1960 3446 2026 civitate,

1882 2052 2044 2124 fugite
2079 2055 2135 2106 in
2175 2053 2338 2106 aliam
2383 2051 2450 2116 '9,
2488 2050 2721 2121 aufugit,
2768 2065 2836 2104 ne
2883 2065 3122 2119 praesens
3166 2050 3450 2106 inimicum

1881 2148 2143 2209 irritaret,
2175 2144 2387 2215 ipsique
2414 2141 2580 2197 caedis
2612 2156 2776 2196 causa
2807 2147 2972 2196 esset.
3001 2138 3140 2195 lllud
3167 2141 3333 2206 enim,
3366 2141 3451 2196 Ne

1882 2233 2139 2288 accendas
2187 2232 2437 2286 carbones
2485 2232 2776 2300 peccatoris
2823 2232 2889 2296 '°,
2952 2230 3147 2285 melius
3196 2231 3450 2287 omnibus

1882 2326 2087 2380 sciebat
2112 2324 2282 2378 David
2312 2341 2324 2376 :
2350 2336 2520 2392 quare
2551 2322 2781 2376 cedebat
2809 2329 2861 2375 et
2897 2321 3203 2385 secedebat,
3231 2323 3450 2379 etiamsi

1880 2432 1911 2471 a
1943 2423 2056 2470 tota
2094 2422 2252 2484 gente
2321 2413 2658 2483 diligeretur,
2711 2418 2765 2466 et
2811 2412 3010 2465 multos
3080 2412 3304 2467 haberet
3353 2412 3447 2482 qui

1882 2512 1937 2566 in
1969 2518 2177 2581 partem
2213 2508 2417 2563 doloris
2455 2508 2870 2576 aﬂlictionisque
2918 2508 3038 2576 ejus
3071 2509 3338 2569 venirent,
3390 2516 3448 2563 et

1880 2609 2103 2671 possent
2142 2615 2265 2654 eum
2301 2598 2447 2653 domi
2482 2596 2623 2667 apud
2678 2612 2737 2650 se
2765 2596 3032 2664 excipere,
3066 2605 3119 2651 et
3149 2598 3446 2652 occultare.

1881 2690 1987 2744 Sed
2014 2691 2059 2743 is
2086 2705 2153 2743 ne
2179 2699 2232 2743 et
2264 2688 2386 2742 aliis
2415 2686 2714 2757 periculum
2748 2693 2977 2749 crearet,
3006 2686 3060 2739 in
3091 2687 3305 2739 deserta
3327 2687 3449 2740 loca

1882 2780 2142 2852 fugiebat,
2171 2790 2223 2835 et
2251 2780 2307 2834 in
2342 2780 2614 2850 specubus
2662 2779 2909 2832 habitare
2938 2778 3250 2848 cooptabat.
3281 2776 3448 2832 Vide-

1877 2883 2079 2944 turque
2135 2874 2270 2927 mihi
2328 2873 2643 2927 memoriam
2715 2871 2834 2939 ejus
2894 2869 3154 2924 refricare
3222 2877 3446 2925 sanctus

1885 2966 2178 3037 Apostolus
2224 2964 2311 3020 his
2340 2963 2557 3017 verbis:
2597 2960 2663 3015 In
2698 2960 3067 3015 solitudinibus
3097 2970 3351 3023 errantes,
3395 2969 3447 3012 et

219 1974 397 2029 Σαοὺλ
430 1976 517 2029 τὸν
548 1975 713 2028 Δαυῖδ·
736 1975 765 2027 0
785 1974 831 2026 δ’
866 1973 1046 2045 ἔργοις
1071 1970 1332 2026 ἐπιτελῶν
1365 1969 1445 2035 τὸ,
1481 1971 1620 2024 Ἐὰν
1647 1969 1779 2022 διώ-

220 2083 409 2121 κωσιν
430 2064 578 2136 ὑμᾶς
602 2066 672 2119 ἐκ
722 2064 834 2133 τῆς
864 2067 1093 2129 πόλεως
1139 2064 1379 2130 ταύτης,
1405 2062 1652 2132 φεύγετε
1694 2064 1782 2127 είς

219 2158 332 2227 τὴν
350 2159 574 2227 ἑτέραν,
598 2157 1010 2229 ἀπεδίδρασκεν,
1046 2155 1120 2219 ώς
1162 2154 1227 2208 ἂν
1269 2154 1343 2226 μὴ
1386 2152 1574 2227 παρὼν
1602 2152 1781 2223 ὲρεθί-

211 2251 293 2316 ζοι
314 2252 402 2304 τὸν
434 2251 647 2322 ἐχθρὸν,
682 2249 852 2312 αῐτιὸς
880 2264 941 2301 τε
986 2246 1133 2317 αὐτῷ
1164 2246 1403 2316 γίγνοιτο
1452 2245 1779 2316 μιαιφονίας.

207 2344 282 2396 Τὸ
308 2344 436 2415 γὰρ,
466 2343 564 2410 Μὴ
589 2343 793 2397 ἔκλαιε
821 2340 1121 2408 ἄνθρακας
1171 2338 1543 2409 ἀμαρτωλοῦ,
1568 2337 1782 2391 πάντων

207 2435 404 2508 μᾶλλον
434 2434 597 2489 Δαυῖδ
621 2433 905 2503 ἠπίστατο·
931 2432 1022 2486 διὸ
1038 2430 1311 2503 ὑπεχώρει
1335 2430 1429 2483 καὶ
1450 2428 1779 2503 παρεχώρει,

205 2530 408 2600 καίπερ
431 2526 799 2598 ἀγαπώμενος
817 2526 920 2579 ὑπὸ
934 2525 1133 2588 παντὸς
1154 2522 1247 2578 τοῦ
1272 2524 1478 2588 ἔθνους,
1499 2524 1782 2587 πλείστους

200 2637 260 2675 τε
292 2621 432 2693 ἔχων
455 2622 584 2683 τοὺς
620 2618 1037 2689 συμπάσχοντας
1062 2617 1155 2670 καὶ⁹
1182 2617 1598 2686 συναλγοῦντας,
1624 2616 1782 2668 δυνα-

206 2715 396 2785 μένους
424 2731 486 2766 τε
520 2712 683 2766 αὑτὸν
708 2711 844 2764 οἴκοι
880 2711 1009 2782 παρ’
1044 2711 1253 2772 ἑαυτοῖς
1278 2708 1627 2779 ὑποδέχεσθαι
1688 2709 1781 2761 καὶ

201 2809 483 2882 κρύπτειν.
532 2806 692 2861 Ἀλλά
721 2806 807 2859 ἵνα
854 2805 926 2876 μὴ
971 2806 1066 2858 καὶ
1094 2804 1299 2875 ἑτέροις
1322 2802 1493 2866 αἴτιος
1543 2804 1781 2871 γίγνοιτο

202 2903 480 2966 κινδύνων,
518 2900 717 2969 ἔφυγεν
739 2899 832 2952 ἑπὶ
872 2897 970 2961 τάς
1012 2897 1253 2967 ἐρήμους
1310 2894 1512 2967 χώρας,
1548 2896 1641 2950 καὶ⁴
1680 2896 1778 2957 τὰς

200 2996 256 3049 ἐν
280 2997 395 3057 τοῖς
420 2992 708 3064 σπηλαίοις
731 2987 1004 3061 ἠσπάζετο
1029 2987 1323 3059 διατριϐάς.
1356 2987 1464 3040 Καί
1499 3004 1589 3057 μοι
1630 2988 1777 3041 δοκεῖ

199 3088 291 3140 καὶ
320 3049 488 3138 αύταῦ
525 3049 639 3153 ’τὴν
689 3049 909 3153 μνήμην
965 3049 1293 3133 αἰνίττεσθαι
1345 3049 1518 3146 λέγων
1571 3079 1599 3130 0
1634 3078 1775 3149 ἱερὸς

1879 3055 2180 3119 montibus,
2238 3064 2289 3108 et
2343 3054 2625 3120 speluncis,
2652 3060 2701 3105 et
2767 3050 3117 3121 foraminibus
3188 3060 3340 3106 terra:
3376 3049 3445 3106 ³⁸.

213 3176 559 3239 Ἀπόστολος’
599 3176 703 3227 Ἐν
744 3172 1010 3241 ἐρημίαις
1041 3168 1419 3238 πλανώμενοι
1468 3169 1564 3222 καὶ
1613 3168 1777 3237 ὄρεσι

202 3271 295 3324 καὶ
320 3268 652 3335 σπηλαίοις
688 3266 787 3319 καὶ
829 3264 956 3330 ταῖς
978 3262 1151 3327 ὀπαῖς
1177 3259 1283 3329 τῆς
1314 3260 1446 3329 γῆς.
1490 3260 1696 3331 Ὠσπερ
1720 3260 1777 3313 δὲ

201 3363 227 3417 0
248 3358 693 3431 προτεταγμένος
718 3355 812 3410 τοῦ
840 3353 1126 3426 παρόντος,
1150 3351 1362 3423 ψαλμὸς
1377 3352 1476 3405 οὐκ
1515 3346 1605 3422 ἦν,
1644 3351 1779 3405 ἀλλά

200 3452 635 3523 στηλοτραφία,
653 3451 788 3522 ὅπερ
809 3448 1145 3521 ἡρμήνευσεν
1164 3447 1192 3498 0
1227 3445 1477 3508 Ἀκύλας,
1497 3443 1776 3497 ταπεινοῦ

200 3547 458 3600 πλείον’
501 3546 532 3596 0
555 3543 614 3596 δὲ
648 3541 962 3612 Σύμμαχος,
1007 3536 1113 3592 τοῦ
1171 3537 1638 3604 ταπεινόφρονος
1679 3535 1775 3588 καὶ

203 3635 464 3706 ἀμώμοψ
522 3632 696 3694 οὕτως
727 3634 823 3685 καὶ
852 3633 880 3684 0
914 3629 1101 3703 παρὼν
1164 3629 1341 3697 λόγος,
1371 3630 1470 3699 τὴν
1504 3630 1583 3692 είς
1611 3628 1776 3699 ἀκρον

204 3730 511 3800 πραότητος
545 3725 638 3779 καί
666 3723 1009 3791 ἀνεξικακίας
1038 3720 1130 3776 τοῦ
1152 3721 1311 3774 Δαυῖδ
1343 3719 1560 3790 ἀρετὴν,
1587 3735 1776 3773 ταπει-

202 3819 288 3877 ωῦ
323 3819 561 3883 τελείου,
594 3816 1008 3887 ταπεινόφρονος
1044 3814 1139 3868 καὶ
1170 3811 1422 3883 ἀμώμουο
1446 3807 1542 3864 εἷθ’
1590 3810 1776 3881 ὥσπερ

201 3914 423 3969 αἰωνίου
465 3913 686 3984 μνήμης
736 3910 835 3980 τὴν
865 3906 1360 3978 ταπεινοφροσύνην
1402 3904 1557 3970 ἀξίαν
1595 3902 1779 3956 ἀνατί-

201 4005 323 4079 θησι
361 4000 756 4074 στηλογραφία.
790 3999 910 4052 Ἐπὶ
929 3998 1099 4069 ταύτῃ
1131 3998 1188 4050 δὲ
1216 4000 1281 4068 τῇ
1316 3997 1483 4068 ἀρετῇ
1507 3994 1602 4049 καὶ
1616 3996 1777 4048 Mom-

204 4099 295 4169 σῆς
320 4096 711 4168 ἐμαρτυρεῖτο,
748 4091 840 4144 καὶ
869 4092 897 4143 0
922 4089 1111 4160 Σωτὴρ
1140 4088 1197 4142 δὲ
1231 4087 1327 4141 καὶ
1358 4086 1561 4159 Κύριος
1619 4086 1776 4157 ήμῶν

199 4191 287 4245 ἐπὶ
313 4188 528 4258 ταύτην
553 4182 848 4256 παρεκάλει
886 4179 1076 4249 λέγων·
1112 4178 1339 4235 Μὰθετε
1366 4179 1466 4233 ἀπ’
1499 4177 1665 4246 ἐμοῦ,
1688 4177 1777 4230 ὅτι

200 4281 392 4351 πρᾶός
455 4281 571 4348 ειμι
628 4275 726 4330 καὶ
790 4271 1068 4339 ταπεινὸς
1118 4270 1194 4339 τῇ
1234 4268 1471 4337 καρδίᾳ.
1517 4268 1670 4320 Ἐπεὶ
1719 4267 1776 4321 δὲ

199 4376 371 4428 ἐδεῖτο
393 4368 719 4443 παραμονῆς
742 4356 836 4421 καὶ
887 4366 983 4437 τῆς
1009 4364 1101 4417 ἐπὶ
1151 4364 1411 4434 μήκιστον
1441 4361 1683 4431 φυλακῆς
1743 4361 1775 4431 ἡ

198 4426 428 4535 τοιαύτη
451 4426 621 4535 ἀρετὴ
653 4426 715 4528 (δ
751 4458 857 4530 γὰρ
879 4426 1323 4525 ὑετομειναςέὶς
1349 4426 1555 4518 τέλος,
1600 4426 1775 4517 οὗτοξ
1806 4442 1849 4495 D
1878 4438 2057 4506 ﬁnem,
2086 4450 2149 4488 ne
2187 4430 2484 4501 disperdas.
2517 4426 2650 4481 Mult

198 4558 543 4623 σωθήσεται
562 4552 601 4623 ·)
632 4551 720 4604 διὰ
743 4549 897 4603 τοῦτο
919 4548 1341 4618 ἐπιγέγραπται,
1370 4546 1473 4609 Εἰς
1494 4542 1555 4596 τὸ
1579 4541 1770 4609 τέλος,

196 4648 276 4717 μὴ
322 4645 694 4716 διαφθείρῃς.
743 4641 931 4696 Πολλοὶ¹
986 4640 1114 4711 γὰρ,
1161 4636 1340 4700 καλῶς
1366 4635 1679 4706 ἀρξάμενοι,
1710 4634 1771 4686 οὑ

197 4736 495 4807 διήρκεσαν
520 4735 601 4797 εἰς
629 4731 799 4795 τέλος.
840 4729 998 4783 Ἀλλά
1023 4728 1083 4782 τὸ
1136 4726 1359 4797 Πνεῦμα
1383 4725 1443 4779 τὸ
1479 4726 1652 4794 ἅγιον,
1678 4723 1771 4777 τοῦ

198 4826 363 4880 Δαυῒδ
394 4825 493 4894 τὴν
526 4824 702 4894 φυγὴν
735 4823 826 4876 καὶ
850 4821 949 4891 τὴν
974 4823 1031 4874 ἑν
1054 4819 1309 4891 ἑρημίαις
1339 4815 1638 4886 διατριϐὴν,
1671 4816 1771 4884 τήν

198 4928 256 4970 τε
279 4918 346 4969 ὲν
378 4914 665 4984 σπηλαίοις
715 4910 1189 4985 καρτερικωτάτην
1213 4908 1423 4977 οἴκησιν
1446 4904 1777 4975 ἀποδεχόμε-

199 5024 310 5074 νον,
344 5005 513 5076 φησὶν
554 5003 720 5074 αὐτῷ,
779 5005 882 5069 Είς
915 5000 980 5055 τὸ
1046 4999 1239 5064 τέλος,
1282 4996 1368 5067 μὴ
1407 4995 1770 5065 διαφθείρῃς,

202 5097 332 5169 μένε
366 5096 425 5149 δὲ
452 5094 518 5148 δι’
535 5093 658 5147 ὅλου
688 5091 943 5154 τοιοῦτος,
972 5088 1047 5151 ὡς
1069 5087 1134 5142 ἂν
1165 5085 1349 5157 τύχοις
1373 5083 1774 5156 στηλογραφίας

199 5191 292 5243 καὶ
325 5189 550 5260 μνήμης
575 5184 812 5239 αἰωνίου.
849 5183 908 5235 Ὀ
936 5181 993 5234 δὲ
1023 5181 1116 5233 ἐπὶ
1156 5178 1385 5241 τούτοις,
1409 5178 1469 5231 ού
1496 5175 1636 5230 κατὰ
1658 5177 1773 5229 Ku-

198 5283 388 5345 νικοὺς
418 5278 528 5332 τῶν
555 5278 655 5348 τὴν
689 5275 879 5345 σοφίαν
916 5273 1010 5328 τοῦ
1066 5271 1258 5334 αἰῶνος
1287 5268 1477 5323 τούτου
1515 5284 1774 5343 μετερχο-

201 5374 386 5445 μένων
415 5368 751 5438 τυφούμενος
779 5363 917 5435 (sic),
942 5362 1064 5417 οὐδὲ
1096 5361 1239 5433 μέγα
1265 5357 1474 5431 φρονῶν
1503 5359 1596 5411 καὶ⁵
1618 5358 1773 5429 βρεν-

202 5464 465 5537 θυόμενος
488 5461 584 5514 ἐπὶ
606 5464 674 5531 τῇ
704 5458 797 5513 τοῦ
829 5458 943 5529 βίου
973 5453 1257 5528 καρτερίᾳ,
1282 5452 1391 5505 οὐδ’
1422 5451 1504 5503 ὅτι
1558 5449 1773 5513 πλείους

1880 3146 2346 3217 Quemadmodum
2378 3159 2506 3200 vero
2532 3144 2624 3214 qui
2654 3143 2799 3198 hunc
2828 3144 3103 3212 praecedit,
3147 3159 3256 3198 non
3302 3147 3447 3215 psal-

1880 3255 2003 3294 mus
2041 3244 2178 3303 erat,
2212 3236 2304 3291 sed
2337 3236 2480 3288 tituli
2524 3235 2818 3304 inscriptio,
2856 3235 3001 3304 quod
3052 3235 3246 3305 Aquila
3277 3238 3448 3293 inter-

1877 3339 2141 3403 pretatur,
2173 3328 2385 3381 humilis
2412 3327 2669 3396 perfecti;
2701 3326 3059 3397 Symmachus
3085 3343 3234 3391 vero,
3268 3328 3446 3384 Itami-

1877 3423 1944 3476 lis
1974 3431 2023 3476 et
2068 3420 2367 3488 inculpati;
2421 3420 2495 3472 ita
2530 3417 2619 3471 hic
2653 3432 2852 3480 sermo,
2903 3432 3168 3471 summam
3223 3417 3443 3475 Davidis

1876 3513 2315 3569 mansuetudinis
2336 3518 2389 3565 et
2414 3509 2717 3565 tolerantia:
2750 3508 3004 3563 virtutem
3040 3508 3308 3572 indicans,
3342 3509 3444 3563 hu-

1877 3607 2021 3663 milis
2059 3604 2286 3676 perfecti
2338 3610 2442 3666 est,
2496 3611 2551 3656 et
2584 3601 2804 3656 humilis
2836 3607 2891 3655 et
2938 3599 3272 3653 immaculati
3307 3616 3321 3664 ;
3377 3615 3442 3654 ac

1877 3698 2120 3767 insuper,
2148 3693 2306 3766 quasi
2329 3704 2531 3748 aeterna
2558 3692 2814 3747 memoria
2842 3690 3058 3760 dignam
3084 3689 3440 3745 humilitatem

1875 3790 2096 3845 exhibet
2124 3788 2269 3842 tituli
2298 3786 2606 3856 inscriptio.
2634 3782 2746 3838 Hac
2771 3783 2895 3838 item
2926 3786 3122 3836 virtute
3153 3782 3440 3850 prmditum

1877 3883 2100 3954 Moysen
2138 3880 2310 3936 fuisse
2351 3877 2667 3934 testimonio
2706 3875 2903 3940 fertur,
2938 3874 3004 3928 ad
3038 3889 3262 3943 eamque
3312 3874 3441 3927 hor-

1877 3976 2093 4030 tabatur
2143 3973 2392 4029 Salvator
2439 3979 2492 4027 et
2543 3969 2804 4023 Dominus
2851 3974 3037 4021 noster
3077 3966 3162 4020 his
3214 3965 3432 4020 verbis:

1877 4067 2078 4122 Discite
2126 4084 2158 4120 a
2208 4082 2288 4120 me
2336 4065 2463 4135 quia
2500 4063 2641 4116 mitis
2697 4076 2812 4114 sum
2859 4067 2907 4113 et
2943 4057 3156 4112 humilis
3192 4057 3347 4112 corde
3369 4056 3436 4111 ³¹.

1877 4160 2016 4229 Quia
2043 4174 2175 4215 vero
2222 4156 2626 4229 perseverantia
2656 4162 2711 4208 et
2753 4151 3009 4206 diuturna
3041 4150 3288 4203 custodia
3324 4149 3439 4203 haec

1876 4254 2206 4322 virtus'opus
2237 4248 2471 4304 habebat
2491 4246 2636 4317 (nam
2661 4244 2750 4315 qui
2776 4241 3174 4312 perseveraverit
3203 4254 3362 4309 usque
3383 4240 3439 4292 in

1878 4345 2054 4415 ﬁnem,
2089 4344 2171 4397 hic
2199 4341 2377 4395 salvus
2424 4337 2639 4407 erit”),
2676 4335 2797 4389 ideo
2840 4332 3161 4401 inscriptum
3191 4339 3315 4384 est:
3370 4327 3437 4382 In

2654 4426 2669 4479 i
2719 4438 2954 4492 namque
2981 4438 3040 4476 re
3072 4422 3209 4475 bene
3258 4428 3436 4486 erepta

1877 4544 1987 4584 non
2032 4530 2453 4598 perseverantur
2504 4531 2677 4587 usque
2728 4514 2783 4568 in
2819 4514 3022 4576 tinem;
3072 4510 3167 4566 sed
3201 4508 3437 4578 Spiritus

1878 4631 2099 4677 sanetus
2124 4614 2344 4669 Davidis
2371 4612 2574 4681 fugam,
2597 4619 2777 4660 moras
2804 4604 2860 4659 in
2888 4603 3137 4665 desertis,
3170 4601 3436 4655 diutinam

1876 4712 2022 4767 illam
2055 4717 2109 4763 et
2142 4711 2484 4762 constantem
2515 4703 2899 4756 habitationem
2934 4684 2987 4747 in
3023 4692 3302 4764 speluncis
3339 4706 3438 4761 ap-

1875 4801 2135 4872 probans,
2189 4798 2265 4851 ait
2309 4795 2415 4849 illi:
2451 4792 2519 4847 In
2564 4793 2740 4862 finem,
2788 4804 2850 4843 ne
2892 4784 3186 4848 disperdas,
3224 4796 3436 4851 semper

1878 4896 2003 4950 talis
2032 4907 2275 4957 maneas,
2308 4898 2367 4944 ut
2406 4888 2549 4943 tituli
2590 4883 3000 4952 inscriptionem
3031 4884 3083 4933 et
3114 4875 3437 4931 memoriam

1874 4991 2129 5041 aeternam
2158 4982 2424 5036 obtineas.
2458 4978 2559 5045 Qui
2591 4984 2768 5030 autem
2817 4972 2870 5027 in
2903 4970 2988 5025 his
3025 4974 3274 5023 versatur
3326 4981 3435 5020 non

1876 5076 2204 5148 Cynicorum
2236 5087 2408 5135 more,
2442 5071 2534 5141 qui
2563 5065 2882 5138 sapientiam
2909 5061 3073 5131 hujus
3104 5057 3286 5113 saeculi
3317 5072 3439 5126 pro-

1878 5168 2122 5229 ﬁtentur,
2184 5171 2397 5217 tumore
2450 5161 2666 5227 elatus;
2721 5170 2899 5225 neque
2948 5153 3115 5207 altum
3172 5149 3431 5219 sapiens,

1874 5256 2309 5328 superbiensque
2331 5254 2398 5308 de
2416 5250 2701 5308 tolerantia
2731 5248 2854 5304 vita:
2874 5265 2888 5314 ;
2912 5259 3089 5314 neque
3113 5242 3184 5297 ob
3242 5246 3431 5328 astan-

1874 5327 1982 5406 tem
2013 5356 2340 5404 sectatorum
2371 5354 2424 5401 et
2452 5343 2842 5413 discipulorum
2871 5335 3101 5393 instituti
3138 5331 3223 5387 sui
3250 5327 3433 5382 multi-

1877 5446 2120 5501 tudinem
2153 5439 2390 5509 intlatus,
2426 5453 2598 5509 neque
2630 5435 2697 5490 iis
2721 5448 2820 5488 ceu
2850 5426 3173 5486 satellitibus
3198 5426 3253 5475 et
3275 5431 3426 5473 com-

277 5623 322 5655 ⁸⁷
361 5618 514 5675 Psal.
549 5614 767 5675 cxu,5.
842 5612 887 5646 ³⁸
926 5609 1059 5668 ibid.
1096 5609 1151 5667 8.
1225 5607 1270 5640 ²⁹
1315 5604 1503 5663 Matth.
1537 5603 1697 5660 Χλῗῆ

1878 5601 2028 5658 Eccli.
2066 5614 2192 5665 vni,
2233 5597 2315 5652 ιδ.
2394 5595 2433 5627 ιι
2478 5552 2651 5649 πουτί
2682 5588 2864 5659 ngas.
2940 5585 2984 5617 ιι
3021 5575 3305 5639 Matth.x1,
3332 5569 3427 5628 29.

210 5694 252 5725 ³³
286 5691 480 5746 Matth.
519 5704 590 5752 ι,
622 5686 712 5740 ‘22.
