3988 6202
538 220 639 277 507

1201 222 1468 278 EUSEBII
1492 219 1966 278 CESARIENSlS
2002 219 2152 276 OPP.
2193 219 2370 278 PARS
2402 219 2492 277 ill.
2530 251 2601 264 -—
2632 218 3039 276 EXEGETICA.

3667 218 3782 276 508

537 339 878 397 militonibus
910 339 1188 396 conlidens
1222 359 1237 408 ;
1289 342 1384 398 sed
1413 349 1767 407 mansuetum
1802 356 1883 407 se,
1926 341 2100 397 humi-

2205 342 2329 405 τοὺς
2355 342 2485 413 παρ’
2516 338 2664 410 αὑτῷ
2717 316 3085 410 συνηγμένους
3121 347 3360 407 μιμητάς
3388 352 3487 389 και
3531 337 3788 406 μαθητὰς

539 434 644 489 lem
676 434 978 503 perlectum
1008 448 1072 488 ac
1099 448 1225 489 vere
1272 434 1359 490 sui
1384 433 1774 504 despicientem
1823 445 1878 492 et
1909 437 2103 491 imma-

535 525 776 580 culatum
806 540 972 594 opere
992 525 1351 588 exhibens,ad
1372 526 1538 581 Deum
1563 529 1853 595 clamabat,
1877 530 2100 586 dicens:

536 613 791 670 Miserere
838 615 961 676 mei,
997 615 1159 680 Deus,
1205 618 1456 688 quoniam
1487 619 1543 672 in
1578 628 1627 674 te
1672 620 1886 690 confidit
1926 622 2107 676 anima

536 723 673 772 mea,
715 717 765 762 et
812 710 866 762 in
915 709 1103 764 umbra
1151 710 1364 764 alarum
1417 720 1629 765 tuarum
1676 711 1916 781 sperabo.
1969 711 2105 770 Novi

536 801 682 854 enim
708 800 822 856 alas
849 808 971 856 tuas
1001 809 1055 857 et
1097 809 1469 872 tegumentum
1506 811 1662 856 tuum
1696 802 1955 873 perfectis
1986 804 2105 859 ani-

535 891 732 946 mabus
762 891 1032 947 destinata
1058 907 1181 947 esse
1207 910 1219 946 :
1253 907 1352 960 ego
1382 907 1512 947 vero
1547 907 1745 962 parvus
1776 900 1830 947 et
1857 892 2101 958 humilis,

533 999 645 1039 non
676 984 730 1039 in
760 984 863 1040 alis
903 983 1035 1047 tuis,
1058 984 1155 1040 scd
1196 985 1251 1039 in
1284 984 1471 1037 umbra
1503 986 1709 1039 alarum
1737 992 1948 1038 tuarum
1989 1002 2106 1053 spe-

536 1075 701 1139 rabo,
758 1076 919 1130 donec
989 1085 1225 1130 transeat
1285 1077 1577 1146 iniquitas;
1634 1076 1769 1139 sive,
1803 1076 2102 1131 secundum

533 1168 811 1239 Aquilam,
844 1169 1005 1223 donec
1034 1178 1309 1223 transeant
1361 1167 1608 1232 insidias;
1656 1168 1763 1230 vel,
1801 1167 2102 1222 secundum

538 1259 921 1331 Symmachum
951 1299 967 1322 ,
1026 1259 1189 1314 donec
1242 1269 1477 1314 transeat
1540 1259 1914 1314 calumniator.
1966 1258 2101 1312 Cum

535 1360 717 1407 autem
762 1351 1039 1407 transierit
1082 1352 1364 1423 iniquitas,
1409 1360 1573 1422 atque
1604 1351 1815 1409 insidiae
1847 1352 1980 1407 mihi
2009 1366 2106 1422 pa-

534 1452 709 1509 ratae,
768 1442 966 1513 illeque
1013 1442 1376 1497 calumniator
1425 1442 1648 1508 dictus;
1699 1450 1831 1496 tunc
1880 1457 1988 1496 non
2048 1440 2101 1495 in

534 1534 763 1601 umbra,
815 1535 909 1589 sed
961 1534 1017 1589 in
1066 1534 1202 1605 ipsis
1257 1534 1359 1590 alis
1411 1534 1560 1596 tuis,
1619 1540 1805 1603 utpote
1853 1533 2104 1604 profectu

534 1632 730 1681 auctus
767 1625 1139 1696 liberatusque
1169 1625 1238 1681 ab
1280 1624 1428 1679 omni
1464 1625 1679 1681 actione
1728 1625 1916 1695 iniqua
1952 1626 2022 1681 ἐι
2071 1639 2102 1679 a

534 1724 779 1788 peccato,
810 1718 1063 1787 sperabo.

2203 430 2296 484 τοῦ
2320 430 2518 485 οἰκείου
2568 430 2768 503 τρόπου
2799 428 3059 499 ἐκέκτητο
3122 424 3503 497 χαυνούμενος·
3530 426 3649 479 οὐδὲ
3706 427 3793 491 ὡς

2203 523 2296 575 ἐπὶ
2318 522 2633 593 δορυφόροις
2666 521 2761 574 καὶ
2788 519 3097 591 συμμάχοις
3131 517 3363 589 θαρσῶν·
3395 518 3487 571 τὸν
3515 517 3570 571 δέ
3602 519 3794 589 πρᾶον

2204 614 2297 668 καὶ
2325 613 2597 676 ταπεινὸν,
2616 610 2797 665 τέλεόν
2817 628 2877 664 τε
2911 611 3005 664 καὶ
3035 609 3111 673 ὡς
3144 607 3355 680 άληθῶς
3381 610 3795 681 ταπεινόςρρονα

2204 704 2299 758 καὶ
2327 703 2553 775 ἄμωμον
2587 704 2731 775 ἔργῳ
2761 701 3053 774 παριστὰς,
3092 700 3223 755 ἐὸόα
3260 701 3395 772 πρὸς
3420 702 3512 754 τὸν
3534 701 3665 757 Θεὸν
3698 704 3796 757 λέ-

2203 813 2333 866 γων’
2379 795 2669 864 Ἐλέησόν
2698 812 2797 866 με,
2828 797 2861 849 ό
2888 793 3052 860 Θεὸς,
3094 792 3183 846 ὅτι
3231 792 3329 847 ἐπὶ
3365 794 3463 847 σοὶ
3497 794 3798 850 πέποιθεν

2203 890 2242 957 ἠ
2268 886 2437 957 ψυχή
2475 905 2615 957 μου,
2652 887 2747 941 καὶ
2784 886 2853 939 ἐν
2898 885 2974 953 τῇ
3006 882 3150 952 σκιᾷ
3184 882 3302 937 τῶν
3330 886 3633 955 πτερύγων⁹
3661 902 3794 941 σου

2202 980 2407 1035 ἐλπιῶ.
2435 974 2565 1033 Οἶδα
2596 979 2693 1048 μὲν
2728 977 2835 1049 γὰρ
2865 976 2963 1039 τὰς
2983 975 3082 1039 σὰς
3115 973 3388 1045 πτέρυγας
3414 975 3509 1029 καὶ
3539 977 3638 1048 τὴν
3684 977 3789 1048 σὴν

2207 1071 2414 1141 σκέπην
2446 1069 2675 1133 τελείαις
2701 1069 2899 1139 ψυχαῖς
2929 1067 3332 1139 ἀφωρισμένας’
3352 1067 3462 1135 ἐγὼ
3485 1067 3561 1129 δὲ,
3584 1069 3787 1139 μικρὸς

2203 1162 2277 1215 ὢν
2310 1164 2402 1217 καὶ
2425 1161 2692 1225 ταπεινὸς,
2731 1161 2831 1213 οὐκ
2887 1160 2980 1212 ἐπὶ
3016 1162 3135 1221 ταῖς
3170 1161 3288 1223 σαῖς
3335 1158 3611 1230 πτέρυξιν,
3663 1160 3786 1212 ἀλλ’

2202 1254 2300 1308 ἐπὶ
2340 1252 2416 1323 τῇ
2457 1251 2601 1319 σκιᾷ
2652 1252 2769 1308 τῶν
2800 1253 3104 1322 πτερύγων
3156 1267 3271 1306 σου
3305 1251 3510 1317 ἐλπιῶ,
3548 1252 3663 1317 ἕως
3706 1252 3787 1305 ἂν

2205 1347 2472 1416 παρέλθῃ
2500 1347 2539 1415 ἡ
2569 1346 2803 1415 ἀνομία·
2834 1346 2889 1417 ἢ,
2933 1345 3072 1398 κατὰ
3124 1343 3216 1398 τὸν
3254 1343 3504 1408 Ἀκύλαν,
3557 1344 3666 1410 ἕως
3701 1344 3787 1399 ἂν

2204 1436 2467 1507 παρέλθῃ
2503 1438 2541 1503 ή
2563 1437 2872 1503 ἐπιϐουλή·
2907 1436 3043 1490 κατὰ
3076 1435 3133 1488 δὲ
3180 1436 3271 1489 τὸν
3294 1435 3609 1507 Σύμμαχον,
3668 1437 3785 1504 ἕως

2204 1531 2281 1585 ἂν
2302 1528 2568 1598 παρέλθῃ
2596 1526 2997 1597 ἐπηρεαστής.
3051 1526 3300 1580 Ἐπειδὰν
3345 1528 3401 1581 δὲ
3435 1526 3687 1599 παρέλθῃ
3744 1531 3781 1599 ἡ

2204 1622 2422 1694 ἀνομία,
2448 1622 2540 1676 καὶ
2560 1624 2594 1692 ἡ
2622 1622 2740 1675 κατ’
2771 1619 2904 1691 ἐμοῦ
2936 1619 3214 1691 ἐπιϐουλὴ,
3266 1619 3359 1673 καὶ
3393 1622 3423 1673 ὁ
3449 1619 3784 1690 ὠνομασμέ-

2133 1694 2176 1749 B
2205 1731 2294 1779 νος
2332 1712 2694 1786 ἐπηρεαστὴς,
2751 1712 2933 1767 οὐκέτι
2964 1714 3021 1766 ἐν
3047 1714 3115 1782 τῇ
3144 1713 3292 1783 σκιᾷ,
3334 1710 3449 1766 ἀλλ’
3481 1713 3540 1766 ἐν
3588 1712 3788 1775 αὐταῖς

531 1786 651 1873 ταῖς
685 1812 805 1874 σαῖς
846 1786 1136 1881 πτέρυξιν,
1176 1810 1252 1874 ὡς
1314 1808 1379 1863 ἂν
1446 1786 1724 1880 προκόψας
1774 1807 1870 1863 καὶ
1920 1806 2363 1879 ὴλευθερωμένος
2416 1806 2597 1878 πάσης
2658 1806 2862 1877 ἀνόμου
2907 1804 3157 1877 πράξεώς
3203 1822 3263 1859 τε
3313 1804 3408 1858 καὶ
3477 1805 3782 1878 ἅμαρτίαςι

533 1899 725 1954 ἐλπιῶ.

609 1997 774 2054 Vens.
816 1996 871 2058 5,
895 1996 949 2050 4.
978 1992 1233 2050 Clamabo
1265 1993 1335 2048 ad
1362 1993 1529 2049 Deum
1557 1995 1899 2060 altissimum,
1932 1996 2099 2052 Deum

534 2093 624 2164 qui
655 2090 903 2160 benefecit
938 2089 1083 2143 mihi.
1121 2087 1271 2143 Misit
1318 2087 1382 2143 de
1441 2088 1566 2143 coelo
1617 2098 1667 2144 et
1719 2089 1939 2144 saluauit
1996 2108 2098 2156 me,

535 2183 680 2237 dedit
708 2183 761 2236 in
814 2180 1149 2251 opprobrium
1193 2181 1557 2235 conculcantes
1605 2198 1705 2237 me.
1762 2180 2097 2251 Diapsalma.

535 2274 820 2330 Clamores
848 2279 902 2327 et
927 2271 1348 2327 vociferationes
1376 2274 1624 2328 emittere
1653 2271 1762 2328 Deo
1795 2274 1971 2329 solent
2000 2273 2101 2328 viri

531 2366 688 2436 justi,
726 2380 835 2419 non
882 2365 990 2418 alta
1028 2379 1182 2429 voce,
1217 2363 1311 2419 sed
1352 2364 1613 2420 eminenti
1640 2365 1834 2419 anima:
1877 2364 2100 2421 virtute.

534 2457 717 2525 Quare
745 2458 908 2513 etiam
939 2457 1163 2514 silentes
1184 2456 1525 2527 plerumque,
1556 2456 1749 2528 spiritu
1773 2456 2102 2513 clamabant.

534 2549 657 2622 Ipse
716 2564 951 2620 namque
1021 2547 1258 2619 Spiritus
1316 2547 1594 2618 gemitibus
1656 2547 2104 2603 inenarrabilibus

532 2640 767 2710 postulat
795 2639 903 2694 Deo
917 2639 982 2705 “,
1002 2638 1301 2695 secundum
1317 2636 1758 2708 Apostolum.Sic
1787 2638 1968 2709 itaque
2002 2636 2105 2691 Da-

535 2732 626 2787 vid
682 2733 748 2787 ad
803 2730 969 2787 Deum
1004 2730 1292 2785 clamabat.
1345 2729 1567 2797 Deinde,
1604 2736 1665 2783 ut
1709 2731 1801 2800 qui
1850 2730 2104 2800 pleraque

534 2827 905 2896 experimenta
960 2822 1266 2878 Servatoris
1312 2822 1396 2877 sui
1435 2821 1662 2892 ceperit,
1711 2830 1867 2893 grato
1917 2823 2100 2878 animo

535 2916 732 2987 pergit,
766 2914 929 2968 Deum
959 2914 1049 2983 qui
1076 2912 1324 2982 benefacit
1358 2912 1505 2966 mihi.
1536 2912 1672 2967 Cum
1716 2913 1849 2967 dicit
1898 2922 2099 2980 autem,

537 3008 686 3063 Misit
717 3005 781 3060 de
800 3006 946 3070 creto,
976 3014 1025 3060 et
1055 3005 1276 3059 salvavit
1302 3020 1411 3068 me;
1443 3003 1672 3059 missum
1704 3020 1735 3058 a
1770 3003 1880 3060 Deo
1915 3004 2103 3060 Salva-

538 3112 709 3156 torem
739 3096 1030 3170 quemdam
1067 3096 1292 3153 indicat.
1324 3095 1458 3163 Quis
1482 3112 1609 3153 vero
1636 3096 1707 3151 sit
1737 3097 1826 3152 ille
1851 3096 1963 3167 jam
1991 3113 2103 3154 non

536 3192 800 3253 declarat,
829 3205 1017 3245 verum
1040 3190 1095 3243 in
1124 3189 1233 3244 alio
1260 3189 1439 3253 docet,
1464 3190 1552 3244 ubi
1584 3189 1686 3243 ait:
1711 3187 1859 3243 Misit
1894 3190 2101 3244 verbum

536 3301 714 3351 suum,
741 3292 791 3338 et
822 3283 1029 3338 sanavit
1059 3299 1169 3344 eos,
1205 3290 1253 3336 et
1283 3282 1473 3351 eripuit
1501 3298 1588 3336 eos
1623 3281 1686 3336 de
1715 3282 2101 3338 interitionibus

536 3394 716 3433 eorum
735 3377 800 3430 ³⁸.
838 3374 1074 3431 Verbum
1110 3374 1291 3446 itaque
1320 3372 1415 3428 Dei
1448 3381 1587 3438 erat,
1630 3373 1774 3444 quod
1807 3375 1936 3429 olim
1969 3375 2098 3429 mit-

536 3469 795 3533 tebatur,
844 3475 900 3523 et
954 3481 1142 3521 eorum
1198 3466 1291 3537 qui
1339 3472 1495 3521 erant
1554 3466 1729 3521 salute
1754 3466 1873 3536 ejus
1923 3465 2096 3536 digni,

537 3562 789 3617 Salvator
814 3558 1064 3616 effectum
1092 3567 1195 3615 est.
1226 3559 1380 3625 Quod
1409 3574 1533 3613 cum
1560 3558 1727 3629 probe
1766 3567 1954 3615 nosset
1998 3558 2100 3613 Da-

534 3654 647 3719 vid,
693 3655 903 3709 aiebat:
942 3652 1085 3706 Misit
1116 3651 1179 3706 de
1223 3652 1371 3717 caelo,
1402 3662 1450 3707 et
1501 3651 1723 3707 salvavit
1771 3668 1871 3707 me.
1914 3650 2099 3721 Itaque

534 3746 713 3802 salute
764 3744 987 3813 dignum
1041 3758 1137 3813 per
1191 3740 1530 3797 Salvatorcm
1597 3741 1807 3796 salvum
1863 3740 2098 3796 faciebat

532 3834 889 3891 Altissimus:
925 3836 1150 3905 ipseque
1169 3833 1317 3903 juste
1354 3834 1629 3904 judicans,
1664 3833 2007 3902 insurgentes
2042 3837 2098 3887 et

534 3925 921 3980 conculcantes
945 3924 1154 3994 justum
1183 3922 1346 3977 dabat
1373 3923 1428 3977 in
1465 3922 1814 3993 opprobrium
1844 3940 1855 3975 :
1888 3922 2096 3975 utinam

533 4022 589 4072 et
625 4015 878 4070 meliores
907 4013 1252 4077 reddidisset,
1285 4012 1705 4083 cpprobriisque
1732 4010 1879 4083 ipsos
1905 4011 2098 4082 resipi-

534 4122 692 4164 scere
726 4106 946 4162 l'ecisset
973 4108 985 4159 ε

2273 1995 2645 2066 Κεκράξομαι
2695 1995 2844 2065 πρὸς
2871 1996 2978 2049 τὸν
3006 1992 3155 2048 Θεὸν
3209 1992 3315 2047 τόν
3351 1995 3638 2063 ὕψιστον,
3679 1996 3789 2051 τὸν

2207 2087 2357 2143 Θεὸν
2370 2086 2474 2141 τὸν
2488 2086 2963 2157 εὐεργετήσαηά
2973 2103 3069 2156 με.
3106 2084 3570 2150 Ἐξαπέστειλεν
3597 2086 3671 2150 ἐξ
3685 2090 3791 2141 οὐν

2198 2178 2388 2250 ρανοῦ
2443 2179 2540 2233 καὶ
2588 2178 2785 2233 ἔσωσέ
2817 2196 2914 2249 με,
2944 2177 3166 2232 ἔδωκεν
3230 2181 3318 2244 εὶς
3363 2178 3597 2245 ὄνειδος
3640 2180 3788 2246 τοὺς

2208 2269 2697 2337 καταπατοῦντάς
2720 2287 2817 2341 με.
2852 2270 3189 2339 Acciri-auium
3232 2269 3492 2340 Κραυγὰς
3521 2271 3618 2325 καὶ
3651 2272 3786 2342 βοάς

2207 2362 2457 2416 εἰώθασιν
2500 2363 2547 2415 οἱ
2576 2361 2772 2414 δίκαιοι
2801 2360 2878 2431 τῷ
2928 2361 3046 2429 Θεῷ
3077 2360 3334 2429 πέμπειν.
3380 2359 3441 2411 οὐ
3468 2361 3785 2432 γεγωνῷτῇ

2209 2455 2478 2527 φωνῇῌ),
2492 2455 2716 2525 δυνάμει
2730 2454 2789 2508 δὲ
2802 2454 2978 2526 ψυχῆς
2999 2453 3524 2528 ὑπερϐαλλούσῃΔιδ
3544 2455 3638 2507 καὶ
3657 2472 3789 2508 οιως⁵

2207 2547 2417 2610 πῶντες
2449 2546 2706 2609 πολλάκις
2728 2545 2807 2616 τῷ
2839 2544 3107 2617 πνεύματι
3159 2544 3344 2599 ἐϐόων·
3406 2545 3537 2599 αὐτὸ
3574 2545 3690 2617 γὰρ
3723 2546 3790 2599 τὸ

2206 2639 2447 2709 Πνεῦμα
2488 2638 2843 2710 στεναγμοῖς
2905 2637 3234 2705 ἀλαλήτοις
3271 2637 3793 2708 ὑπερεντυγχάνει

2205 2724 2287 2797 τῷ
2318 2726 2457 2799 Θεῷ,
2515 2731 2657 2784 κατὰ
2707 2733 2796 2785 τὸν
2838 2731 3175 2785 Ἀπόστολον.
3226 2730 3413 2795 Οῦτως
3465 2726 3552 2784 οὗν
3600 2733 3708 2784 καὶ
3755 2734 3790 2785 ὁ

2206 2822 2368 2876 Δαυῖδ
2393 2824 2681 2895 ἐκεκράγει
2709 2824 2841 2895 πρὸς
2866 2823 2957 2877 τὸν
2977 2823 3125 2877 Θεόν.
3146 2819 3256 2876 Εἶθ’
3299 2823 3497 2876 ὡσανεὶ
3516 2821 3789 2887 πολλάκις

2208 2916 2403 2987 πεῖραν
2444 2914 2677 2984 εἰληφὼς
2722 2914 2815 2967 τοῦ
2867 2915 3060 2968 ἐαυτοῦ
3106 2915 3374 2985 Σωτῆρος,
3420 2915 3790 2984 εὐγνωμόνως

2210 3007 2405 3076 ἐπάγει
2460 3007 2655 3076 λέγων,
2710 3007 2817 3061 τὸν
2857 3006 3004 3061 Θεὸν
3040 3007 3148 3061 τὸν
3166 3005 3649 3077 εὐεργετήσαηὰ
3682 3024 3781 3075 με.

2211 3097 2394 3153 Εἰπὼν
2421 3100 2498 3163 δὲ,
2556 3100 3012 3165 Ἑξαπέστειλεν
3061 3100 3129 3165 ἐξ
3150 3099 3401 3168 οὐρανοῦ
3460 3099 3559 3152 καὶ
3583 3100 3786 3154 ἐσωσέ

2204 3208 2301 3259 με,
2334 3192 2586 3262 ἐμφαίνει
2615 3191 2947 3246 ἀπεστάλθαι
2977 3191 3099 3245 τινὰ
3154 3191 3380 3263 Σωτῆρα
3405 3192 3468 3244 ἐκ
3492 3189 3589 3243 τοῦ
3618 3189 3781 3244 θεοῦ.

2209 3283 2341 3337 Τίνα
2374 3285 2430 3338 δὲ
2459 3284 2645 3338 τοῦτον
2674 3284 2767 3338 νῦν
2792 3286 2890 3356 μὲν
2911 3285 2971 3338 οὐ
3006 3283 3366 3355 παρέστησεν,
3412 3284 3468 3335 ἐν
3524 3282 3702 3354 ἐτέρῳ
3723 3284 3782 3337 δὲ

2205 3378 2468 3441 διδάσκει,
2486 3378 2613 3433 ἔνθα
2641 3379 2822 3449 φησιν·
2864 3378 3199 3433 Ἀπέστειλε
3223 3378 3328 3432 τὸν
3355 3378 3541 3448 λόγον
3567 3378 3780 3443 αὑτοῦ,

2205 3471 2303 3524 καὶ
2338 3470 2545 3527 ἰάσατο
2572 3471 2810 3538 αὐτοὺς,
2852 3471 2950 3525 καὶ
2986 3471 3276 3540 ἐρρύσατο
3303 3470 3527 3536 αὐτοὺς
3562 3469 3633 3523 ἐκ
3662 3468 3784 3522 τῶν

2198 3560 2536 3631 διαφθορῶν
2552 3561 2770 3616 αὐτῶν.
2808 3560 3016 3614 Οὐκοῦν
3066 3560 3225 3630 λόγος
3275 3556 3342 3632 ἦν
3373 3562 3532 3626 Θεοῦ,
3584 3562 3613 3615 ὁ
3682 3562 3783 3617 καὶ

2201 3651 2367 3705 πάλαι
2400 3651 2985 3722 ἁποστελλόμενος,καὶ
3004 3651 3114 3705 τῶν
3143 3649 3306 3716 ἀξίων
3339 3651 3437 3722 τῆς
3464 3650 3630 3705 αὐτοῦ
3668 3670 3782 3707 σω-

2198 3742 2390 3812 τηρίας
2422 3742 2610 3813 Σωτὴρ
2661 3742 2999 3813 γιγνόμενος,
3048 3744 3108 3796 δν
3152 3745 3246 3797 καὶ
3272 3745 3301 3797 ὁ
3346 3743 3507 3796 Δαυῖδ
3530 3743 3783 3811 ἀκριϐῶς

2198 3832 2352 3897 εἰδὼς
2378 3832 2581 3901 ἔλεγεν*
2613 3833 3066 3898 Ἐξαπέστειλεν
3082 3834 3152 3899 ἐξ
3171 3835 3429 3903 οὐρανοῦ
3455 3835 3549 3889 καὶ
3570 3835 3784 3891 ἐσωσέ

2195 3940 2289 3993 με.
2323 3923 2426 3977 Τὸν
2454 3924 2554 3995 μὲν
2581 3920 2672 3978 οὖν
2712 3925 2987 3997 σωτηρίας
3016 3925 3164 3991 ἄξιον
3191 3924 3358 3991 ἔσωζε
3388 3926 3477 3981 διὰ
3508 3925 3601 3981 τοῦ
3655 3928 3779 3981 Σωο

2200 4015 2361 4087 τῆρος
2383 4018 2412 4070 ὁ
2444 4016 2722 4086 Ὕψιστοςο
2754 4020 2783 4071 ὁ
2825 4018 2882 4072 δὲ
2910 4019 3092 4083 αὐτὸς,
3141 4019 3322 4073 δίκαια
3369 4018 3593 4092 κρίνων,
3650 4021 3779 4084 τοὺς

2201 4106 2659 4179 ἐπανισταμένους
2687 4109 2780 4162 καὶ
2827 4110 3273 4175 καταπατοῦντας
3299 4112 3390 4165 τὸν
3429 4111 3641 4165 δίκαιον
3673 4110 3780 4165 εδε-

532 4202 625 4258 δου
675 4203 755 4267 εἰς
799 4200 1030 4266 ὄνειδος,
1070 4198 1276 4271 ὤφελον
1317 4198 1412 4253 καὶ
1452 4197 1688 4269 βελτίους
1720 4196 2183 4272 ἀπεργαζόμενος,
2214 4200 2302 4255 διὰ
2356 4202 2449 4257 τοῦ
2510 4204 2788 4269 ὀνειδίζειν
2811 4207 2904 4259 καὶ
2948 4206 3297 4277 ἐπιστρέφειν
3331 4208 3411 4271 εἰς
3442 4207 3663 4261 ἐαυτὸν.

604 4297 772 4356 Vens.
802 4298 855 4354 5.
892 4296 1038 4351 Misit
1070 4295 1208 4351 Deus
1240 4294 1654 4351 misericordiam
1684 4312 1836 4349 suam
1882 4304 1931 4349 et
1967 4295 2099 4351 veri-

2284 4298 2739 4363 Ἐξαπέστειλεν
2771 4304 2804 4355 ὁ
2832 4300 2976 4368 Θεὸς
3005 4301 3073 4355 τὸ
3105 4301 3277 4368 ἕλεος
3302 4301 3490 4355 αὐτοῦ
3532 4303 3632 4357 καὶ
3663 4302 3780 4370 τὴν

535 4403 698 4450 tatem
726 4408 900 4456 suam,
943 4400 993 4445 et
1022 4390 1213 4459 eripuit
1242 4389 1478 4443 animam
1510 4404 1680 4443 meam
1708 4386 1772 4442 de
1801 4387 1971 4443 medio
2010 4405 2100 4442 ca-

537 4486 768 4544 tutorum
797 4484 1025 4550 leonum,
1056 4490 1111 4538 et
1149 4488 1363 4537 cetera.
1411 4479 1745 4536 Sententiam
1780 4495 1901 4551 quae
1938 4496 2103 4551 supe-

537 4579 655 4635 rius
682 4577 966 4633 deliciebat
1014 4575 1099 4630 bis
1130 4573 1398 4645 exposuit.
1431 4572 1565 4627 Cum
1595 4580 1927 4644 quaereretur
1952 4571 2099 4627 enim

538 4683 829 4739 quemnam
860 4666 1098 4722 misisset
1124 4664 1191 4720 dc
1223 4665 1364 4718 cmlo
1385 4663 1451 4719 ad
1474 4663 1811 4734 eripiendum
1844 4656 2099 4717 Davidem

536 4757 628 4814 hic
679 4755 956 4810 declarat:
1014 4753 1163 4807 Misit
1214 4751 1353 4806 Deus
1401 4752 1818 4809 misericordiam
1867 4768 2022 4807 suam
2051 4760 2101 4804 et

537 4846 809 4904 veritatem
828 4859 1000 4900 suam.
1026 4842 1396 4898 Misericordia
1418 4850 1595 4899 autem
1625 4851 1679 4898 et
1705 4843 1908 4898 veritas
1933 4843 2098 4897 missa

538 4948 787 5007 quaenam
816 4932 1019 4988 fuerint
1045 4932 1150 4988 nisi
1178 4930 1272 4988 Dei
1302 4932 1632 4996 verbum,de
1658 4947 1768 5003 quo
1791 4933 2094 4997 dicebatur,

539 5025 693 5080 Misit
735 5024 945 5079 verbum
983 5040 1157 5088 suum,
1176 5034 1227 5079 et
1258 5026 1464 5081 sanavit
1494 5034 1671 5089 eos,et
1697 5026 1887 5095 eripuit
1920 5042 2006 5079 eos
2035 5024 2099 5081 de

538 5117 927 5177 interitionibus
957 5134 1137 5172 eorum
1161 5119 1186 5171 Ρ
1209 5115 1496 5189 Ipsumque
1530 5118 1779 5174 similiter
1806 5118 1897 5172 lux
1931 5118 2100 5174 missa

538 5208 738 5265 dicitur
780 5207 836 5261 in
887 5207 1095 5277 psalmo
1124 5207 1216 5277 qui
1269 5207 1387 5261 ait:
1434 5207 1626 5263 Emitte
1657 5208 1823 5264 lucem
1858 5220 2005 5264 tuam
2048 5218 2099 5263 et

538 5302 806 5360 veritatem
856 5307 1021 5362 tuam,
1072 5299 1189 5367 ipsa
1242 5315 1323 5353 me
1347 5299 1597 5354 deducent
1621 5301 1685 5355 “.
1741 5301 1859 5356 Lux
1916 5310 2094 5358 autem

537 5392 741 5452 \critas
782 5397 838 5445 et
886 5389 1337 5455 verbum,-missa
1370 5392 1439 5445 ab
1491 5392 1758 5448 altissimo
1802 5393 1931 5461 Deo,
1984 5409 2095 5449 non

607 5548 652 5581 “
689 5546 848 5604 Rom.
880 5562 1010 5615 rm,
1040 5545 1131 5603 26.
1204 5545 1250 5580 ³⁸
1286 5545 1431 5603 Psal.
1463 5562 1576 5613 ενι,
1607 5548 1696 5604 εο.

2198 4390 2488 4458 ἀλήθειαν
2518 4393 2723 4457 αὑτοῦ,
2754 4394 2850 4447 καὶ
2895 4395 3188 4463 ἐρρύσατο
3234 4394 3349 4462 τὴν
3394 4395 3610 4465 ψυχήν
3655 4414 3779 4466 μου

2198 4482 2266 4536 ἐκ
2288 4483 2484 4551 μέσου
2508 4486 2817 4554 σκύμνων,
2848 4485 2941 4538 καὶ
2970 4485 3038 4539 τὰ
3066 4486 3214 4555 ἐξῆς.
3244 4485 3354 4557 Τὴν
3384 4487 3647 4558 ἀνωτέρω
3671 4488 3780 4541 λεί-

2200 4590 2406 4629 πουσαν
2442 4574 2677 4630 διάνοιαν
2708 4575 2797 4630 διὰ
2854 4576 2962 4629 τῶν
3014 4577 3388 4648 προκειμένων
3442 4577 3777 4632 ἀποδέδωκε.

2202 4665 2541 4737 Ζητουμένου
2572 4666 2680 4737 γάρ
2719 4668 2839 4721 τίνα
2891 4666 3268 4731 ἐξαπέστειλεν
3296 4667 3361 4720 ἐκ
3392 4667 3487 4720 τοῦ
3517 4668 3778 4739 οὐρανοῦ,

2203 4755 2297 4808 καὶ
2326 4754 2493 4809 ἔσωσε
2523 4756 2614 4809 τὸν
2653 4756 2833 4821 Δαυῒδ,
2887 4757 3228 4829 παρέστησεν
3282 4757 3519 4811 ἐνταῦθα
3578 4757 3775 4812 εἰπών·

2217 4845 2675 4911 Ἐξαπέστειλεν
2711 4852 2745 4903 ὁ
2773 4847 2915 4915 Θεὸς
2956 4849 3022 4903 τὸ
3047 4850 3222 4916 ἕλεος
3266 4850 3453 4904 αὑτοῦ
3509 4848 3609 4904 καὶ
3661 4850 3780 4918 τὴν

2202 4937 2489 5004 ἀλήθειαν
2516 4939 2721 4993 αὐτοῦ.
2771 4940 2959 5005 Ἔλεος
2984 4940 3039 4994 δὲ
3064 4940 3158 4994 καὶ
3187 4940 3409 5012 ἀλήθεια
3449 4939 3780 5006 ἐξαποστελ-

2202 5027 2400 5100 λομένη
2418 5029 2501 5093 τίς
2525 5028 2590 5083 ἂν
2619 5030 2702 5102 εἴη
2727 5031 2760 5103 ἢ
2794 5034 2824 5085 ὁ
2848 5031 2941 5085 τοῦ
2971 5031 3107 5085 Θεοῦ
3149 5032 3323 5102 λόγος,
3382 5034 3513 5105 περὶ
3569 5027 3632 5087 οῦ
3668 5034 3779 5087 eis-

2203 5137 2348 5189 γετο,
2397 5121 2817 5187 Ἐξαπέστειλε
2836 5124 2941 5177 τὸν
2981 5126 3169 5195 λόγον
3185 5125 3390 5188 αὐτοῦ,
3425 5126 3523 5179 καὶ
3558 5125 3779 5180 ἰάσατο

2201 5211 2443 5278 αὐτοὺς,
2477 5213 2574 5267 καὶ
2600 5214 2889 5283 ἐρρύσατο
2913 5216 3134 5283 αὐτοὺς
3180 5216 3249 5270 ἐκ
3284 5215 3404 5269 τῶν
3434 5215 3781 5285 διαφθορῶι·

2201 5302 2431 5369 αὐτῶν;
2470 5304 2526 5358 '0
2557 5304 2601 5358 δ’
2632 5305 2793 5370 αὐτὸς
2817 5306 3017 5377 ὁμοίως
3041 5308 3136 5361 καὶ
3162 5306 3277 5376 φῶς
3303 5305 3781 5377 ἀποστελλόμενον

2200 5396 2414 5467 εἴρηται
2441 5399 2499 5450 ἐν
2522 5396 2600 5468 τῷ
2636 5398 2894 5467 φάσκοντι
2940 5397 3159 5470 ψαλμῷθ
3195 5398 3666 5465 Ἐεαπόστειλον
3707 5400 3780 5453 τὸ

1808 5548 1853 5581 ³⁸
1890 5548 2032 5605 Psal.
2073 5565 2215 5617 χιιι,
2245 5550 2301 5609 ’5.

612 5642 687 5715 (l)
728 5639 972 5712 Γεγωνῷ
990 5637 1066 5709 τῇ
1086 5636 1271 5710 φωνῇ.
1302 5637 1378 5696 lta
1406 5640 1740 5697 correximus
1770 5640 1913 5711 quod
1948 5641 2079 5696 editi

2204 5642 2360 5698 libent
2393 5645 2646 5714 γεγονοτῇ
2680 5647 2850 5716 φωνῇ,
2885 5638 3039 5700 Eon.
