3988 6202
176 262 298 320 509

1326 253 1825 313 COMMENTARIA
1862 253 1931 309 ΙΝ
1969 252 2305 310 PSALMOS.

3327 256 3433 311 5H)

172 380 314 454 φῶς
335 394 462 435 σου
487 394 586 432 κα.
616 377 728 444 τὴν
757 373 1045 441 ἀλήθειάν
1078 388 1217 437 σου,
1269 372 1421 427 αὐτά
1451 389 1529 443 με
1549 367 1763 440 ὁδηγή-

1869 367 1988 423 sine
2039 366 2300 434 essentia,
2355 381 2457 423 nec
2514 367 2635 424 sine
2687 370 2993 426 substantia
3030 378 3200 427 sunt:
3256 386 3433 442 neque

172 490 298 530 σει.
327 471 457 534 ΙΙιῶς
487 470 545 524 δὲ
588 471 682 523 καὶ
731 466 958 539 ἀλήθεια
998 467 1093 521 καὶ
1145 465 1300 534 λόγος
1331 464 1764 535 ἀποστελλόμενα

175 564 337 637 παρά
363 566 464 617 τοῦ
524 561 748 631 ὑψίστου
805 558 962 623 θεοῦ,
995 560 1095 612 οὐκ
1126 557 1377 622 ἀνούσια,
1414 556 1535 610 οὑδέ
1563 555 1763 611 ἀνυπό-

179 671 383 711 σταταο
414 654 476 708 οὐ
510 652 619 725 γὰρ
642 648 752 705 οἷόν
772 668 833 704 τε
855 647 923 722 ἦν
972 651 1201 722 πρᾶγμα
1243 649 1610 703 ἀνυπόστατον
1634 648 1766 701 am.

178 742 529 799 στέλλεσθαι.
558 742 768 814 Ὠσπερ
787 741 844 795 δὲ
871 741 1040 810 Λόγος
1076 742 1273 793 νοεῖται
1318 738 1511 801 ἰάσεως
1543 738 1635 791 καὶ
1656 755 1763 791 σω-

177 836 384 906 τηρίας
414 835 716 907 ποιητικὸς,
772 832 944 898 οὕτως
977 832 1068 885 ἐπὶ
1110 830 1204 886 τοῦ
1246 831 1513 903 παρόντος
1541 832 1569 884 6
1600 830 1763 893 αὐτὸς

178 925 331 991 ἕλεος
365 926 703 998 ὠνόμασται,
727 925 803 989 ὡς
831 924 896 979 ἂν
935 924 1259 996 ὑπηρετικὸς
1285 921 1360 977 ὢν
1401 923 1499 994 τῆς
1530 921 1624 975 τοῦ
1651 923 1762 975 Πας

178 1015 309 1088 τρὸς
335 1006 772 1087 φιλανθρωπίας·
819 1015 1016 1086 ὁμοίως
1061 1015 1118 1069 δὲ
1164 1015 1257 1067 καὶ
1290 1012 1535 1085 ἀλήθεια,
1588 1013 1664 1076 ὡς
1696 1011 1761 1066 ἂν

179 1109 405 1180 ἀληθῶς
436 1108 685 1178 ὑφεστὼς
712 1109 805 1162 καὶ
837 1109 957 1162 κατ’
988 1108 1263 1179 ἐνέργειαν
1309 1107 1659 1177 οὑσιωμένος.
1704 1106 1761 1160 '0

178 1199 311 1268 γοῦν
338 1199 612 1270 ἡμέτερος
636 1199 795 1268 λόγος
829 1197 926 1261 ὢν,
953 1198 1240 1263 συλλαϐαῖς
1286 1198 1379 1253 καὶ⁹
1405 1201 1609 1270 ῥήμασι
1667 1199 1760 1252 καὶ⁹

180 1292 409 1361 ὀνόμασι
440 1291 542 1363 τὴν
569 1292 867 1346 ὑπόστασιν
917 1290 1077 1362 ἔχων,
1108 1292 1202 1345 καὶ
1251 1291 1340 1345 διὰ
1397 1290 1639 1361 γλώττης
1667 1290 1760 1343 καὶ

183 1384 368 1454 φωνῆς
394 1383 781 1455 ἐξηχούμενος,
813 1384 912 1437 οὐκ
942 1382 1008 1437 ἂν
1042 1382 1256 1453 λεχθείη
1281 1383 1484 1454 κυρίως
1509 1383 1601 1435 καὶ
1625 1382 1759 1451 άλη-

184 1472 293 1537 θῶς
332 1473 506 1543 λόγος.
544 1473 698 1544 Ἔχει
748 1470 875 1540 γοῦν
937 1470 1120 1544 ἕτερον
1152 1471 1241 1525 τὸν
1278 1469 1549 1540 γεννῶντα
1577 1471 1756 1532 αὐτὸν,

183 1563 241 1620 δν
270 1566 366 1619 καὶ
397 1564 605 1639 κυρίως
664 1566 729 1620 ἄν
765 1582 848 1629 τις
876 1566 1018 1619 εἷποι
1062 1564 1237 1636 ἀληθῆ
1282 1563 1455 1632 λόγον’
1505 1562 1690 1618 τοῦτον
1714 1564 1757 1617 δ’

183 1653 330 1711 εἷναί
350 1675 483 1727 φασι
536 1658 627 1712 τὸν
654 1656 978 1712 ἐνδιάθετον.
1005 1657 1218 1728 ’Ὠσπερ
1243 1651 1336 1709 οὖν
1371 1658 1400 1709 6
1431 1657 1489 1710 ἐν
1519 1657 1648 1725 ἡμῖν
1683 1656 1761 1706 ἐν-

1868 459 2014 516 enim
2047 466 2262 530 poterat
2291 475 2379 515 res
2411 461 2531 516 sine
2565 461 2867 517 substantia
2893 463 3053 519 mitti.
3076 456 3437 528 Quemadmo-

1867 550 1998 605 dum
2053 558 2232 624 autem
2274 548 2515 605 Verbum
2549 551 2872 622 intelligitur
2905 552 3207 606 curationis
3239 560 3294 607 et
3346 569 3436 607 sa-

1866 639 1999 695 lutis
2030 628 2293 708 eﬂector;
2345 641 2424 696 sic
2454 650 2508 695 et
2544 640 2599 695 in
2643 642 2895 711 praesenti
2936 641 3077 697 idem
3121 640 3434 697 misericor-

1868 732 1956 787 dia
1976 730 2221 796 vocalur,
2241 740 2428 802 utpote
2449 740 2685 802 paterna:
2713 749 2839 804 erga
2868 734 3117 789 homines
3138 732 3438 788 clementia:

1866 825 2157 882 minister:
2189 825 2440 881 similiter
2465 833 2519 880 et
2552 827 2752 881 veritas
2779 826 2999 890 dicitur,
3033 834 3092 880 ut
3140 841 3266 880 vere
3304 825 3435 880 sub-

1824 913 1844 936 '
1868 920 2091 985 sistens,
2137 927 2190 974 et
2222 919 2521 975 secundum
2562 920 2753 990 agendi
2790 921 2897 973 vim
2950 920 3251 975 substantia
3299 934 3437 988 pra:-

1867 1012 2062 1067 ditum.
2092 1010 2350 1066 Nostrum
2389 1011 2572 1080 itaque
2600 1010 2849 1076 verbum,
2886 1011 3130 1081 syllabis,
3169 1009 3350 1065 verbis
3382 1017 3436 1063 et

1868 1105 2182 1159 nominibus
2243 1104 2602 1161 substantiam
2658 1104 2883 1170 habens,
2945 1104 3126 1174 lingua
3184 1111 3237 1159 et
3298 1117 3435 1158 voce

1866 1198 2149 1261 emissum,
2202 1213 2312 1253 non
2371 1198 2589 1266 preprie
2636 1210 2700 1250 ac
2751 1211 2875 1250 vere
2930 1196 3153 1250 verbum
3196 1195 3429 1253 dicatur.

1870 1286 2040 1343 Habet
2091 1288 2234 1343 enim
2271 1289 2417 1343 aliud
2457 1304 2515 1344 se
2549 1289 2797 1359 gignens,
2854 1288 3000 1358 quod
3049 1288 3172 1359 quis
3218 1288 3435 1358 proprie

1865 1393 1929 1433 ac
1981 1396 2109 1435 vere
2155 1380 2382 1436 verbum
2434 1380 2802 1451 appellaverit,
2835 1381 2979 1449 quod
3016 1381 3170 1434 aiunt
3206 1380 3431 1435 insitum

1865 1487 2007 1528 esse.
2044 1471 2199 1527 Sicut
2230 1473 2454 1529 insitum
2486 1473 2537 1526 in
2570 1473 2728 1528 nobis
2762 1473 3009 1538 verbum,
3043 1471 3187 1543 quod
3212 1472 3430 1542 proprie

1864 1566 2089 1620 verbum
2122 1566 2339 1631 dicitur,
2371 1566 2731 1621 substantiam
2762 1565 2942 1629 habet,
2973 1580 3096 1619 cum
3134 1563 3433 1619 secundum

1864 1658 2156 1712 essentiam
2191 1657 2485 1720 subsistat,
2528 1656 2783 1726 aliudque
2830 1657 2901 1711 sit
2952 1656 3019 1710 ab
3053 1671 3119 1710 eo
3159 1655 3254 1725 qui
3285 1655 3433 1709 misit

185 1747 437 1811 διάθετος
455 1747 607 1814 λόγος
623 1746 718 1816 (1),
733 1748 763 1799 6
782 1747 877 1800 καὶ
910 1745 1115 1818 κυρίως
1140 1745 1204 1800 ἂν
1223 1744 1407 1817 ῥηθεὶς
1429 1743 1642 1815 ἀληθῶς
1672 1744 1759 1797 λό-

1863 1750 2037 1819 ipsum
2068 1790 2081 1805 .
2118 1765 2288 1820 quare
2319 1749 2573 1820 superius
2597 1749 2902 1813 dicebatur,
2941 1748 3089 1802 Misit
3114 1746 3176 1801 de
3204 1748 3352 1809 cwlo,
3383 1758 3434 1802 et

190 1852 323 1906 γος,
347 1837 638 1900 ὕπόστατος
668 1837 939 1906 τυγχάνει,
981 1838 1101 1890 κατ’
1132 1836 1318 1891 ούσίαν
1353 1835 1623 1904 ὑφεστὼς,
1644 1835 1762 1888 ἐτε-

201 1928 303 1998 ρός
336 1944 392 1980 τε
431 1927 505 1979 ὢν
540 1924 680 1998 παρὰ
703 1927 795 1980 τὸν
847 1927 1241 1982 ἀποστέλλοντα
1273 1927 1455 1982 αὐτόν’
1495 1927 1575 1981 διὸ
1625 1927 1761 1980 ἀνωο

198 2019 353 2091 τέρω
374 2019 467 2091 μὲν
513 2020 734 2088 ἐλέγετο,
781 2019 1233 2084 Ἐξαπέστειλεν
1269 2019 1338 2085 ἐξ
1366 2019 1623 2089 οὐρανοῦ
1664 2019 1761 2073 καί

199 2110 397 2165 ἔσωσέ
438 2128 535 2180 με.
572 2111 704 2165 Τίνα
728 2110 787 2165 δὲ
839 2110 1203 2177 ἐξαπέστειλε,
1245 2112 1338 2167 ἐπὶ
1369 2111 1461 2165 τοῦ
1498 2111 1760 2184 παρόντος

196 2202 424 2258 διδάσκει
483 2204 726 2273 φάσκων·
775 2204 1192 2269 Ἐξαπέστειλε
1248 2204 1314 2258 τὸ
1369 2205 1540 2270 ἕλεος
1574 2204 1760 2259 αὐτοῦ

190 2295 289 2351 καὶ
329 2295 434 2365 τὴν
457 2295 748 2363 ἀλήθειαν
776 2296 980 2362 αὑτοῦ,
1029 2296 1126 2352 καὶ
1171 2296 1462 2365 apponam
1502 2295 1616 2363 τὴν
1646 2299 1762 2365 ψυ-

187 2387 308 2457 χήν
335 2404 448 2457 μου
494 2388 564 2441 ἐκ
606 2386 798 2457 μέσου
824 2388 1124 2457 σκύμνων·
1155 2381 1229 2440 ὧν
1288 2386 1449 2457 μέσος
1475 2386 1763 2457 γενόμενος

185 2480 523 2551 ἐκοιμήθην,
556 2481 711 2552 φησὶ,
768 2479 1215 2555 τεταραγμένος.
1246 2479 1425 2542 Μέσος
1483 2477 1587 2549 γάρ
1628 2478 1761 2533 ἀπο-

185 2573 407 2645 ληφθεὶς
441 2571 699 2642 σκύμνων
723 2571 832 2626 τῶν
862 2573 920 2625 ἐν
972 2570 1072 2626 Γὲθ
1109 2569 1439 2639 ἀλλοφύλων,
1466 2569 1498 2640 ἢ
1530 2569 1635 2623 τῶν
1663 2568 1759 2623 ἄλ-

185 2665 695 2737 λωςπολεμούντων
741 2681 805 2736 με
851 2662 1080 2735 ἐχθρῶν,
1134 2664 1195 2716 τὸ
1244 2663 1365 2716 ὅσον
1401 2661 1485 2714 ἐπ’
1513 2661 1635 2732 ἐμοὶ
1667 2662 1761 2715 καὶ

186 2763 247 2832 τῇ
276 2753 594 2832 ἀνθρωπίνῃ
644 2756 915 2829 ἀσθενείᾳ,
948 2755 1272 2826 ἐκοιμήθην
1309 2750 1758 2822 τεταραγμένος.

197 2850 254 2905 '0
278 2852 337 2906 δὲ
367 2849 596 2920 ὕψιστος
641 2850 792 2913 Θεὸς.
850 2849 941 2903 τὸν
1008 2846 1371 2922 προλεχθέντα
1416 2845 1572 2914 λόγον
1595 2844 1759 2899 αὑτοῦ

186 2941 275 2995 καὶ
304 2940 406 3011 τὴν
443 2939 704 3010 ἀλήθειαν
734 2951 825 2993 και
849 2941 939 2993 τὸν
958 2939 1108 2993 ἔλεον
1158 2935 1564 3005 ἐξαποστείλας,
1600 2935 1762 3009 ἐρρύ-

187 3048 312 3087 σατο
340 3032 445 3104 τὴν
466 3032 644 3104 ψυχήν
675 3049 798 3104 μου,
830 3032 904 3096 ὼς
932 3031 1094 3103 μηδὲν
1110 3028 1280 3100 αὐτὴν
1308 3028 1497 3082 παθεῖν
1542 3029 1607 3083 ἐκ
1664 3028 1762 3099 τῆς
1787 3067 1830 3127 c

184 3127 425 3198 ταραχῆς
470 3126 577 3179 τῶν
608 3126 882 3197 σκύμνων.
925 3122 1083 3178 Κατά
1107 3122 1163 3177 δὲ
1189 3124 1315 3186 τοὺς
1344 3121 1561 3184 λοιποὺς
1584 3122 1757 3192 ἐρμη-

185 3218 392 3281 νευτάςο
438 3218 510 3271 Οὐ
564 3215 985 3299 τεταραγμένος,
1028 3214 1213 3286 φησὶν,
1266 3212 1549 3267 ἐκάθευδον
1597 3212 1761 3281 μέσος

186 3310 520 3382 ἀποληφθεὶς
578 3310 827 3371 λεόντων,
881 3307 994 3362 ἀλλ’
1030 3306 1296 3376 ἀπτόητος
1336 3306 1482 3377 ήμην
1551 3304 1643 3357 καὶ
1671 3304 1761 3356 εὐ-

186 3400 410 3474 θαρσὴς.
447 3401 610 3470 Λέγει
640 3399 770 3470 γοῦν
797 3401 825 3452 6
862 3397 1109 3462 Ἀκύλας·
1158 3398 1253 3451 Ἐν
1300 3396 1468 3467 μέσῳ
1506 3393 1762 3451 λεαινῶν

187 3494 622 3563 κοιμηθήσομαι
658 3492 909 3561 λάϐρων·
938 3493 966 3545 6
993 3490 1049 3545 δὲ
1101 3490 1414 3562 Σύμμαχος⁹
1457 3491 1559 3544 Ἑν
1590 3490 1759 3559 μέσῳ

186 3589 449 3641 λεόντων
466 3584 778 3655 εὐθαρσῶν
808 3583 1152 3654 ἐκοιμήθην.
1201 3583 1355 3647 Τίνες
1410 3582 1467 3636 δὲ
1524 3578 1663 3654 ἦσαν
1704 3584 1755 3636 οἱ

188 3672 418 3740 λέοντες,
448 3676 481 3746 ἢ
509 3677 558 3729 oi
604 3675 836 3746 σκύμνοι
890 3677 986 3729 κα)⁸
1017 3676 1073 3730 αἱ
1097 3672 1326 3740 λέαιναι,
1352 3674 1605 3745 διασαφεί
1633 3673 1760 3744 ἐξῆς

188 3769 371 3838 λέγων’
405 3769 525 3823 Υἱοὶ
557 3768 883 3839 ἀνθρώπων
927 3770 983 3823 οἱ
1034 3767 1275 3835 ὀδόντες
1327 3768 1524 3822 αὐτῶν
1567 3766 1762 3821 ὅπλον

188 3861 276 3917 καί
300 3860 493 3927 βέλη,
521 3859 620 3915 καὶ
645 3861 684 3929 ἠ
742 3858 991 3931 γλῶσσα
1033 3857 1230 3913 αὐτῶν
1250 3859 1515 3930 μάχαιρα
1574 3857 1756 3922 ὀξεῖα.

189 3953 390 4017 Παντὸς
415 3954 519 4025 γὰρ
553 3951 717 4024 θηρὸς
744 3951 932 4023 ἀγρίου
970 3950 1171 4004 ίοϐόλου
1202 3967 1262 4004 τε
1285 3949 1535 4023 ἑρπετοῦ,
1566 3949 1760 4022 χείρων

188 4043 249 4096 ἂν
280 4045 498 4112 γένοιτο
525 4043 728 4113 φαῦλος
754 4043 845 4097 καὶ
873 4042 1106 4114 πονηρὸς
1138 4042 1446 4115 ἄνθρωπος,
1476 4041 1707 4114 μάλιστα
1732 4045 1760 4096 6

186 4135 457 4201 διαϐολαῖς
513 4136 607 4191 καὶ
659 4136 1010 4202 καταλαλιαῖς
1044 4136 1335 4208 σχολάζων,
1374 4137 1466 4190 καὶ
1508 4138 1627 4200 ταῖς
1653 4135 1760 4190 τῶν

189 4224 450 4298 θεοφιλῶν
473 4226 668 4299 ψυχαῖς
692 4226 1073 4291 ἐπιϐουλεύων,
1124 4227 1222 4297 οὐχ
1248 4226 1431 4290 ὅπλοις
1462 4225 1519 4279 δέ
1548 4227 1641 4279 καί¹
1669 4226 1759 4280 δό-

188 4335 328 4391 ρασι,
365 4320 767 4392 κεκρυμμένοις
787 4321 844 4374 δὲ
866 4321 959 4374 καὶ
989 4318 1307 4373 λανθάνουσι
1338 4322 1449 4383 τοῖς
1475 4319 1562 4373 διὰ
1588 4319 1758 4388 λόγων

1860 1842 2084 1895 salvavit
2111 1859 2211 1896 me.
2256 1840 2427 1908 Quem
2457 1857 2586 1896 vero
2613 1840 2847 1908 miserit,
2897 1840 2951 1893 in
2982 1841 3234 1910 praesenti
3274 1838 3433 1893 docet

1859 1933 2089 1989 dicens:
2150 1933 2300 1988 Misit
2355 1934 2775 1989 misericordiam
2826 1949 3011 1996 suam,
3060 1942 3109 1987 et
3164 1933 3433 1987 veritatem

1859 2042 2033 2090 suam,
2064 2027 2297 2080 animum
2320 2042 2487 2080 meam
2509 2026 2700 2095 eripuit
2718 2024 2781 2078 de
2812 2023 2979 2079 medio
3003 2023 3299 2077 catulorum
3325 2024 3435 2076 leo-

1860 2134 1983 2172 num
2007 2132 2026 2171 :
2074 2118 2127 2172 in
2163 2133 2396 2189 quorum
2452 2116 2634 2172 medio
2669 2117 3000 2180 consistens,
3047 2115 3160 2169 ait:
3193 2114 3433 2168 Dormivi

1860 2209 2222 2265 conturbatus.
2284 2208 2421 2264 Nam
2473 2210 2530 2264 in
2595 2209 2776 2264 medio
2828 2208 3136 2264 catulorum
3208 2207 3431 2261 leonum

1860 2297 2199 2353 Getliazorum
2232 2300 2441 2355 scilicet
2484 2300 2878 2370 allophylorum
2909 2295 3303 2366 deprehensus,
3337 2310 3434 2349 seu

1862 2389 2209 2444 inimicorum
2240 2405 2325 2445 me
2355 2391 2459 2444 alia
2508 2391 2719 2444 ratione
2749 2388 3209 2457 impugnantium,
3260 2402 3436 2456 quan-

1862 2488 1978 2534 tum
2010 2478 2141 2533 mihi
2175 2494 2269 2548 per
2295 2480 2586 2535 humanam
2616 2478 2982 2533 inﬁrmitatem
3008 2476 3186 2538 licuit,
3212 2476 3435 2531 dormivi

1860 2569 2226 2626 conturbatus.
2267 2570 2586 2626 Altissimus
2624 2584 2755 2624 vero
2784 2567 2928 2623 Deus
2960 2568 3276 2637 przedictum
3312 2585 3436 2623 vero

1862 2659 2018 2724 bum,
2064 2659 2494 2715 misericordiam
2550 2665 2605 2714 et
2655 2658 2936 2712 veritatem
2988 2672 3141 2711 suam
3188 2657 3431 2721 mittens,

1861 2750 2063 2820 eripuit
2095 2748 2329 2803 animam
2367 2762 2564 2815 meam,
2596 2756 2656 2801 ut
2685 2762 2749 2802 ex
2781 2745 3189 2818 perturbatione
3217 2745 3434 2800 catulo-

1861 2857 1980 2896 rum
2032 2840 2247 2896 leonum
2302 2839 2438 2894 nihil
2489 2847 2786 2910 pateretur.
2840 2837 3149 2893 Secundum
3193 2837 3435 2907 reliquos

1861 2941 2043 2987 autem
2080 2932 2408 3001 interpretes
2436 2948 2448 2983 :
2488 2929 2606 2985 Non
2639 2929 3029 2992 conturbatus,
3062 2927 3259 2997 inquit,
3305 2926 3435 2981 dor-

1862 3024 2095 3078 miebam
2129 3023 2185 3077 in
2215 3022 2390 3078 medio
2412 3021 2630 3076 leonum
2663 3020 3075 3091 deprehensus;
3109 3018 3203 3074 sed
3233 3019 3435 3090 imper-

1864 3116 2087 3170 territus
2131 3122 2184 3169 et
2215 3112 2493 3169 conlidens
2543 3128 2712 3167 eram.
2750 3112 2841 3165 Ait
2888 3112 3055 3184 igitur
3099 3111 3293 3182 Aquila
3323 3130 3339 3166 :
3367 3109 3434 3166 In

1862 3204 2029 3259 medio
2076 3204 2362 3258 letrnarum
2409 3203 2676 3257 dormiam
2710 3203 3019 3265 voracium;
3071 3200 3433 3272 Symmachus

1859 3312 1989 3354 vero
2019 3315 2033 3352 :
2070 3294 2136 3350 In
2176 3295 2347 3349 medio
2380 3298 2587 3347 leonum
2615 3293 2880 3361 conﬁdens
2924 3293 3164 3345 dormivi.
3199 3292 3432 3357 Quinam

1859 3398 2046 3448 essent
2075 3390 2284 3455 leones,
2334 3387 2420 3443 vel
2447 3385 2614 3440 catuli
2663 3386 2881 3439 leonum
2927 3392 2981 3438 et
3014 3384 3211 3444 leaenae,
3246 3392 3434 3452 postea

1860 3484 2125 3543 declarat,
2146 3481 2334 3536 dicens
2359 3498 2370 3533 :
2403 3477 2533 3531 Filii
2561 3477 2830 3530 hominum
2858 3474 3034 3528 dentes
3060 3489 3240 3528 eorum
3274 3475 3431 3526 telum

1860 3585 1910 3629 et
1945 3575 2175 3646 sagittw,
2207 3581 2258 3627 et
2303 3572 2482 3638 lingua
2524 3585 2702 3624 eorum
2733 3566 2941 3638 gladius
2980 3575 3187 3619 acutus.
3245 3562 3432 3634 Siqui-

1861 3667 1982 3723 dem
2012 3665 2161 3720 omni
2198 3663 2311 3719 fera
2339 3661 2562 3733 agresti,
2596 3671 2867 3714 venenosa
2896 3664 2950 3711 et
2989 3654 3167 3724 reptili
3200 3653 3437 3708 deterior

1862 3760 2028 3816 luerit
2055 3757 2338 3828 improbus
2367 3763 2420 3809 et
2450 3768 2683 3824 nequam
2708 3752 2891 3813 homo,
2946 3748 3292 3816 maximeque
3338 3746 3434 3815 qui

1861 3849 2153 3906 calumniis
2181 3855 2233 3903 et
2263 3845 2566 3901 maledictis
2600 3850 2778 3907 vacat,
2805 3848 2860 3896 et
2889 3838 2982 3910 qui
3017 3836 3288 3905 religiosis
3317 3836 3435 3893 ani-

1862 3942 2057 3997 mabus
2090 3937 2402 4000 insidiatur,
2440 3952 2549 3990 non
2585 3933 2705 3989 telis
2742 3940 2797 3987 et
2829 3929 3024 3991 hastis,
3075 3926 3170 3982 sed
3204 3926 3437 3983 occultis

1860 4041 1915 4091 et
1965 4032 2263 4089 latentibus
2314 4031 2607 4086 verborum
2657 4021 2983 4095 perniciosis
3028 4019 3433 4074 instrumentis.

1862 4126 1928 4181 lli
1957 4127 2139 4197 itaque
2173 4124 2418 4180 dentium
2446 4120 2651 4175 ambitu
2682 4117 2839 4188 quasi
2874 4113 3042 4168 armis
3077 4119 3307 4165 utuntur
3333 4110 3437 4164 cir-

1862 4214 2403 4278 cummunientibus,
2453 4218 2508 4266 et
2559 4205 3016 4264 concludentibus
3066 4201 3230 4257 verba
3293 4201 3434 4255 intra

1863 4305 2107 4363 dentium
2138 4314 2350 4377 septum
2379 4302 2633 4366 latentia;
2668 4300 2848 4369 lingua
2877 4310 3008 4348 vero
3034 4291 3436 4359 calumniisque

189 4378 557 4486 ἀναιρετικοῖς
573 4378 842 4483 δργάνοις.
876 4412 1186 4484 Κέχρηνται
1214 4411 1343 4481 γοῦν
1370 4378 1676 4465 οίτοιοῦτοι
1695 4413 1759 4482 τῇ

1865 4413 1932 4454 ex
1959 4414 2023 4453 ea
2050 4397 2288 4461 emissis,
2319 4410 2416 4450 ceu
2460 4390 2785 4464 quibusdam
2837 4386 2959 4442 telis
2990 4384 3317 4453 jaculantur.
3358 4378 3434 4433 Ea

192 4505 286 4575 μὲν
309 4505 428 4559 τῶν
454 4504 678 4559 ὀδόντων
727 4504 980 4577 περιϐολῇ
1029 4502 1216 4575 ὥσπερ
1262 4504 1371 4557 τινὶ
1419 4502 1568 4575 ὅπλῳ
1611 4520 1768 4575 περι-

190 4595 503 4665 φράττοντι,
532 4595 626 4648 xui.
659 4593 1016 4665 περικλείοντι
1043 4594 1169 4658 τοὺς
1223 4594 1353 4647 ετσω
1397 4592 1507 4647 τῶν
1539 4593 1767 4647 ὀδόντων

190 4683 602 4756 κρυπτομένους
636 4684 844 4754 λόγους·
872 4687 937 4757 τῇ
961 4684 1019 4738 δὲ
1042 4683 1256 4756 γλώττῃ
1292 4683 1386 4737 καὶ
1411 4688 1528 4748 ταῖς
1551 4685 1615 4738 ἐκ
1636 4684 1768 4738 ταύ-

191 4789 284 4845 της
310 4774 787 4845 διαπεμπομέναις
816 4773 1116 4839 διαϐολαῖς,
1162 4773 1351 4846 ὥσπερ
1385 4774 1495 4827 τισὶ
1560 4773 1768 4844 βέλεσιν

191 4863 646 4935 ἀκοντιζομένοις.
696 4866 761 4919 Ἡ
821 4865 868 4919 δ’
894 4865 1033 4936 αὐτὴ
1090 4865 1200 4918 τῶν
1246 4863 1504 4918 τοιούτων
1557 4863 1769 4935 γλῶττα

193 4957 474 5028 μαχαίρας
503 4955 764 5026 ὀξυτάτης
785 4958 935 5011 οὐδὲν
959 4957 1024 5011 ἂν
1053 4956 1303 5029 διαφέροι
1331 4956 1640 5028 κεντούσης,
1676 4958 1769 5010 καὶ

190 5047 258 5101 τὰ
282 5048 425 5121 πρὸς
452 5048 679 5103 θάνατον
710 5049 1053 5121 ἐνεργούσης.
1096 5047 1235 5100 Ἀλλ’
1269 5049 1316 5112 οἱ
1353 5048 1451 5118 μὲν
1496 5047 1769 5120 ἀνθρώπι-

191 5158 270 5195 νοι
299 5142 520 5206 λέοντες
544 5142 635 5195 καὶ
655 5142 1027 5215 ὠνομασμένοι
1056 5141 1283 5212 σκύμνοι
1325 5139 1574 5196 τοιοῦτοι.
1626 5139 1767 5210 Ἐγὼ

192 5232 246 5286 δὲ
268 5234 455 5288 αὐτῶν
498 5233 744 5307 διέφερον
796 5234 893 5309 τὴν
941 5233 1252 5307 ἐπιϐουλὴν,
1300 5232 1387 5287 διὰ
1436 5233 1525 5287 τὸν
1581 5235 1646 5287 ἐκ
1671 5231 1766 5286 τοῦ

1866 4510 1998 4552 vero
2026 4494 2141 4564 ipsa
2165 4507 2352 4548 eorum
2384 4490 2588 4558 lingua,
2617 4499 2647 4538 a
2679 4481 2859 4554 gladio
2889 4484 3050 4533 acuto
3079 4483 3133 4530 et
3163 4479 3437 4544 pungente

1870 4587 2177 4655 aedemque
2205 4586 2573 4654 perpetraute,
2603 4576 2736 4631 nihil
2772 4571 3004 4628 dill‘erat.
3041 4568 3184 4625 Sane
3213 4564 3434 4636 quidem

1870 4677 2007 4731 tales
2037 4681 2166 4730 sunt
2195 4670 2419 4727 humani
2454 4669 2658 4728 leones,
2702 4673 2755 4720 et
2792 4661 3077 4717 memorati
3119 4656 3284 4711 catuli
3319 4655 3433 4709 leo-

1873 4783 2022 4823 num.
2058 4764 2168 4835 Ego
2197 4778 2328 4819 vero
2351 4775 2540 4817 eorum
2575 4755 2800 4813 insidias
2830 4750 3098 4809 declinavi
3134 4746 3443 4803 Salvatoris

1873 4875 1903 4914 a
1929 4859 2039 4913 Deo
2070 4856 2226 4911 missi
2264 4868 2450 4925 opera,
2501 4851 2593 4923 qui
2642 4849 2845 4919 eripuit
2877 4846 3112 4900 animam
3162 4857 3335 4897 meam
3368 4840 3448 4897 de

1872 4951 2050 5006 medio
2079 4949 2383 5004 catulorum
2418 4947 2657 5000 leonum.
2691 4943 2772 4996 An
2801 4942 2915 4995 haec
2952 4938 3019 4993 de
3050 4935 3214 4991 Sanle
3240 4934 3434 4991 dican-

1871 5054 1981 5108 tur,
2031 5041 2146 5099 sive
2175 5040 2241 5095 de
2266 5039 2333 5093 iis
2373 5037 2467 5108 qui
2515 5033 2768 5089 Davidem
2800 5030 2941 5101 apud
2981 5028 3198 5084 Saulem
3228 5026 3435 5081 calum—

1868 5134 2000 5191 niati
2051 5139 2217 5196 sunt,
2278 5131 2392 5185 sive
2440 5127 2509 5183 de
2565 5124 2854 5196 allophylis
2923 5119 3180 5183 Gethaais,
3229 5133 3325 5172 seu
3370 5114 3449 5171 de»

1870 5223 2239 5282 invisibilihus
2274 5219 2550 5285 inimicis;
2576 5228 2631 5272 tu
2665 5218 2782 5286 ipse
2813 5211 3115 5285 perpendas
3147 5209 3329 5265 velim.

193 5328 328 5383 θεοῦ
351 5330 757 5401 ἀπεσταλμένον
784 5348 875 5401 μοι
928 5329 1177 5401 Σωτῆρα,
1209 5330 1299 5382 τὸν
1330 5327 1626 5399 ῥυσάμενον
1658 5327 1756 5400 τὴν
1792 5325 1969 5396 ψυχήν
1997 5335 2097 5390 μου
2121 5319 2184 5371 ἐκ
2214 5317 2376 5387 μέσου
2404 5315 2674 5385 σκύμνων.
2703 5311 2827 5364 Εἴτε
2849 5309 2906 5363 δὲ
2956 5308 3138 5402 ταῦταΔ
3343 5315 3441 5402 “fu

195 5418 369 5472 Σαοὺλ
396 5392 636 5491 ἐλέγετο,
667 5392 924 5493 εἴτενπερὶ
954 5392 1501 5474 τῶν-’διαϐαλλόντων
1553 5417 1641 5471 τὸν
1657 5392 1819 5471 Δαυῒδ
1856 5392 2006 5484 παρὰ
2044 5410 2138 5464 τὸν
2187 5407 2377 5473 Σαοὺλ,
2441 5408 2549 5460 εἴτε
2604 5405 2732 5477 περὶ
2787 5403 2896 5456 τῶν
2944 5403 3002 5455 ἐν
3047 5397 3146 5452 rte
3200 5392 3436 5458 ἀλλοφῠ“

196 5514 321 5581 λων,
349 5518 461 5570 εἴτε
510 5515 642 5587 περὶ
697 5513 941 5584 ἀοράτων
991 5511 1220 5585 ἐχθρῶν,
1283 5510 1377 5566 καὶ
1434 5510 1595 5574 αὐτὸς
1656 5508 1990 5578 ἐπιστήσεις.

268 5663 348 5728 (ll
374 5658 978 5734 _‘Er6¢ai0etoc._tdroc,
1010 5654 1231 5710 insitum
1244 5651 1471 5734 verbum,
1492 5649 1690 5707 dicitur
1719 5667 1763 5707 at

1863 5647 2178 5705 ilTerentiam
2208 5646 2298 5701 τοῦ
2326 5641 2677 5719 προῳρικοῦ,
2707 5640 2919 5714 prolati.
2943 5636 3144 5692 ﬂorum
3175 5626 3442 5698 frequens.

206 5737 343 5812 apud
372 5732 564 5789 Patres
590 5746 741 5788 usus.
776 5729 933 5784 Em.
