4024 6202
245 296 344 352 513

1371 290 1879 361 COMMENTARIA
1908 291 1975 347 IN
2015 290 2354 349 PSALMOS.

3385 303 3491 359 5H

250 410 617 485 ίῖαράκλητον,
665 411 726 464 τὸ
778 409 1133 482 apemtum,
1181 410 1391 481 ἕτοιμον
1443 406 1578 463 εἷναι
1629 411 1810 464 ἑαυτὸν

1925 411 2045 479 pice
2082 385 2178 463 eor
2206 409 2491 481 Scriptura
2523 412 2661 467 solet
2683 414 2955 482 appellare
2983 433 2996 470 :
3027 416 3170 486 quod
3199 418 3285 473 his
3317 423 3492 492 signi-

246 502 463 572 φάσκων
496 503 577 565 εἰς
604 500 866 573 ὑποδοχὴν
888 498 1071 554 αὑτοῦ·
1110 498 1443 571 κεκαθᾱῳθαι
1472 499 1579 572 γὰρ
1604 499 1696 552 τὸν
1756 500 1814 553 ὲν

240 593 384 665 αὐτῷ
407 594 535 648 ναὸν
563 595 659 648 καὶ
708 594 770 647 τὸ
800 594 1005 665 δοχεῖον
1051 592 1148 663 τῆς
1190 591 1351 645 αὑτοῦ
1383 591 1581 663 ψυχῆςο
1612 589 1811 663 δηλαδὴ

238 688 331 759 τὴν
358 686 528 759 αὐτὴν
553 687 810 751 διάνοιαν,
839 688 905 757 ἢν
925 684 1195 757 τροπικῶς
1221 684 1447 757 καρδίαν
1488 680 1675 736 εῐωθεν
1700 682 1815 736 ὀνο-

237 776 430 849 μάζειν
485 782 513 833 ὁ
575 779 749 849 λόγος’
792 778 821 831 ὃ
865 778 930 849 δὴ
982 778 1275 849 παρίστησι
1324 776 1517 844 λέγων·
1576 775 1812 843 Ἐτοίμη

235 875 272 941 ἡ
300 872 519 942 καρδία
562 891 703 942 μου,
739 875 772 926 ὁ
810 871 973 937 Θεὸς,
1008 871 1212 941 ἑτοίμη
1240 872 1278 938 ἠ
1306 868 1520 937 καρδία
1558 885 1697 938 μου.
1747 868 1814 921 Ἡ

236 967 333 1036 μὲν
391 961 486 1019 οὖν
533 965 641 1037 ὲμὴ
698 965 893 1036 καρδία
949 964 1044 1017 καὶ
1100 964 1161 1015 τὸ
1209 962 1546 1033 διανοητικὸν
1597 962 1813 1032 ἕτοιμον

164 1097 170 1102 .
234 1056 510 1127 τυγχάνει,
560 1057 712 1128 φησί.
777 1057 848 1109 Σὺ
898 1056 954 1109 δὲ
1000 1055 1183 1109 λοιπὸν
1228 1052 1557 1124 κατάπεμπέ
1608 1071 1701 1107 σου
1754 1053 1814 1107 τὸ

234 1149 476 1219 Πνεῦμα.
541 1148 889 1212 Ἐπιστάντος
932 1149 1041 1219 γάρ
1074 1147 1238 1202 αὑτοῦ
1293 1147 1385 1200 καὶ
1450 1146 1810 1217 ὲποχουμένου

232 1245 300 1314 τῇ
338 1244 441 1313 ὲμῇ
463 1243 629 1313 ψυχῇ,
664 1242 910 1314 συνήθως
930 1240 1150 1310 ᾄσομαι
1174 1240 1271 1294 καὶ
1297 1238 1495 1309 ψαλῶ,
1526 1240 1622 1309 τὴν
1644 1240 1813 1310 ἐμαυ-

232 1332 328 1386 τοῦ
349 1333 616 1387 διακονίαν
640 1334 734 1386 καί⁹
774 1332 1073 1405 ὑπηρεσίαν
1102 1332 1352 1404 παρέχων
1378 1334 1445 1401 τῇ
1466 1330 1689 1399 δυνάμει
1718 1330 1810 1383 τοῦ

232 1422 571 1495 προφητικοῦ
597 1422 736 1476 Πνεύ
747 1440 934 1495 ματος.
949 1423 1058 1476 Καὶ
1089 1424 1242 1476 ταῦτ’
1260 1420 1449 1485 εἰπὼν,
1473 1421 1814 1492 παραχρῆμά

233 1529 295 1567 τε
356 1514 727 1578 εἰσακουσθεὶς
781 1515 921 1568 κατὰ
971 1515 1065 1579 τὸ,
1121 1516 1251 1568 Ἔτι
1296 1512 1635 1580 λαλοῦντός
1696 1531 1813 1569 σου

230 1604 360 1675 ἐρῶ·
411 1608 553 1661 Ἰδοὺ
582 1607 841 1678 πάρειμι,
867 1607 1161 1677 συνήσθετο
1204 1607 1305 1677 τῆς
1344 1605 1436 1659 τοῦ
1462 1607 1614 1675 ἁγίου
1645 1606 1813 1659 Πνεῦ-

234 1713 405 1767 ματος
434 1696 757 1767 παρουσίας.
793 1691 906 1748 Εἷθ’
959 1694 1144 1766 ὥσπερ
1184 1695 1277 1747 ἐπὶ
1328 1693 1518 1765 Θύραις
1557 1693 1808 1757 ἑστῶτος,

1922 503 2066 570 ﬂeat,
2100 502 2358 558 Paratum
2386 521 2478 558 cor
2502 522 2695 568 meum,
2718 506 2878 572 Deus,
2909 520 3158 577 paratum
3183 528 3273 564 cor
3298 530 3488 571 meum.

1919 594 2028 651 Cor
2091 597 2256 667 igitur
2299 614 2502 662 meum,
2537 614 2601 653 ac
2649 599 2734 653 vis
2785 601 3121 671 intelligendi
3159 615 3347 673 parata
3386 618 3490 663 est.

1920 687 2003 741 Tu
2042 705 2172 743 vero
2224 690 2442 745 tandem
2492 692 2681 746 emitte
2718 689 2983 761 Spiritum
3039 701 3216 750 tuum.
3262 694 3492 754 Astante

1920 781 2121 852 quippe
2154 782 2266 849 illo,
2286 793 2340 837 et
2370 783 2566 839 animae
2596 801 2729 841 mea:
2759 787 3053 851 insidente,
3092 804 3191 857 pro
3225 799 3493 843 consueto

1919 891 2071 930 more
2092 877 2315 931 cantabo
2346 889 2395 932 et
2434 879 2698 949 psalmum
2729 881 2929 946 dicam,
2952 898 3219 952 opemque
3243 892 3495 938 meamet

1919 968 2287 1023 ministerium
2341 972 2531 1024 virtuti
2581 974 2886 1044 prophetici
2926 974 3155 1044 spiritus
3202 976 3489 1043 przestabo.

1920 1060 2126 1132 Hisque
2159 1063 2343 1126 dictis,
2387 1069 2570 1119 statim
2621 1067 2933 1131 exauditus,
2986 1068 3287 1123 secundum
3334 1068 3490 1133 illud,

1918 1154 2103 1208 Adhuc
2139 1165 2189 1209 te
2228 1156 2488 1226 loquente,
2513 1158 2688 1211 dicam
2714 1172 2733 1210 :
2765 1158 2900 1213 Ecce
2940 1158 3211 1222 adsum“,
3252 1156 3492 1229 Spiritus

1918 1246 2095 1299 sancti
2124 1250 2472 1315 prmsentiam
2507 1249 2911 1304 animadvertit.
2943 1249 3148 1305 Deinde
3179 1251 3335 1319 quasi
3373 1252 3492 1320 ipso

1904 1339 1972 1397 .in
1998 1340 2185 1407 januis
2218 1348 2421 1405 stante,
2455 1343 2795 1396 convertitur
2826 1341 3123 1411 Propheta,
3153 1358 3385 1410 seseque
3419 1342 3489 1397 ad

1920 1432 2287 1487 ministerium
2319 1433 2618 1503 prophetia:
2647 1434 2848 1487 excitat
2883 1453 2894 1487 :
2931 1449 3102 1503 quare
3151 1433 3435 1503 subjungit
3470 1452 3485 1488 :

1920 1518 2180 1592 Exsurge,
2225 1522 2397 1593 gloria
2442 1541 2579 1579 mea.
2617 1522 2801 1579 Gloria
2850 1540 2967 1578 mea
3015 1533 3097 1579 est
3140 1525 3486 1596 prephetare.

1917 1614 2080 1669 Addit
2112 1625 2322 1685 postea,
2360 1614 2619 1686 Exsurge,
2651 1617 2961 1686 psalterium
2992 1630 3038 1671 et
3064 1618 3310 1673 cithara:
3337 1620 3489 1688 psal-

1917 1707 2058 1759 terio
2123 1707 2384 1770 animam,
2429 1708 2639 1761 cithara
2696 1723 2897 1777 corpus
2953 1710 3490 1776 subiudicans;sivo

227 1791 624 1861 ἐπιστρέφεται
656 1791 685 1841 ὁ
714 1788 1027 1860 Προφήτης,
1045 1787 1136 1839 καὶ
1154 1786 1403 1858 διεγείρει
1432 1786 1594 1849 αὐτὸς
1620 1786 1810 1840 ἑαυτὸν

1919 1797 2034 1852 ἰιεεο
2068 1799 2181 1867 ipsa
2206 1799 2367 1853 solita
2394 1799 2758 1852 instrumenta
2796 1776 3049 1855 inanibus
3094 1805 3384 1872 arripiens,
3418 1803 3487 1859 ad

226 1881 327 1934 ἐπὶ
376 1880 476 1952 τὴν
533 1880 808 1933 διακονίαν
850 1881 948 1949 τῆς
1002 1878 1354 1950 προφητείας
1402 1877 1481 1932 διὸ
1538 1879 1809 1951 ἐπιφέρει·

243 1971 640 2041 Ἔξεγέροητι,
674 1970 886 2048 ἠδόξει
899 1987 1035 2040 μου.
1068 1969 1203 2034 Δόξα
1235 1986 1334 2042 μου
1364 1969 1478 2023 ἐστὶ
1511 1969 1572 2022 τὸ
1600 1987 1813 2042 προφη-

226 2064 435 2118 τεύειν.
468 2061 581 2118 Εἶτ’
607 2063 864 2131 ἐπιλέγει·
905 2062 1290 2132 Ἐξεγέρθητι,
1336 2062 1674 2131 ψαλτήριον
1713 2062 1812 2116 καί

226 2156 463 2225 κιθάρα·
504 2159 602 2229 τὴν
635 2157 732 2227 μὲν
761 2156 938 2227 ψυχὴν
971 2156 1058 2209 διὰ
1108 2154 1200 2209 τοῦ
1254 2154 1576 2227 ψαλτηρίου,
1608 2154 1705 2227 τὴν
1756 2155 1814 2208 δὲ

226 2250 464 2322 κιθάραν
490 2250 578 2304 διὰ
632 2249 725 2302 τοῦ
758 2249 1008 2320 σώματος
1058 2247 1445 2318 αἰνιττόμενος
1484 2247 1639 2318 ἢκαὶ
1678 2245 1815 2300 αὐτὰ

226 2344 299 2396 τὰ
333 2342 537 2413 συνήθη
563 2342 767 2414 ὄργανα
797 2345 917 2405 ταῖς
945 2341 1133 2414 χερσὶν
1165 2339 1584 2411 ἀναλαμϐάνων,
1614 2340 1707 2392 ἐπὶ
1736 2337 1814 2410 τῷ

229 2432 669 2506 ἁνακροὺσασθαι
687 2433 756 2486 τὰ
781 2433 885 2487 ὑπὸ
912 2432 1006 2486 τοῦ
1034 2432 1174 2486 Πνεύ
1183 2449 1351 2503 ματος
1382 2430 1810 2502 ὑποϐαλλόμενα.

230 2527 342 2580 Καὶ
364 2525 574 2589 τούτοις
607 2525 929 2598 προστίθησι
950 2524 1145 2594 λέγων·
1190 2524 1679 2595 Ἑξεγερθήσομαι
1719 2508 1814 2594 ὅρ-

230 2623 395 2688 θροιυ.
429 2620 588 2692 Ἀρτι
618 2619 728 2690 γὰρ
778 2618 1068 2686 φωτισθείς
1096 2618 1184 2672 διὰ
1225 2619 1324 2690 τῆς
1351 2618 1446 2671 τοῦ
1495 2617 1812 2687 Πνεύματος

226 2713 557 2782 παρουσίας.
612 2715 669 2765 ὲν
715 2711 896 2783 ἡμέρα
951 2728 1010 2763 τε
1064 2711 1208 2764 θείου
1264 2710 1439 2780 φωτὸς
1500 2710 1810 2779 γενόμενος,

226 2804 446 2875 ἕτοιμός
476 2805 590 2875 εἰμι
614 2803 997 2875 προφητεύειν.
1031 2804 1141 2856 Καὶ
1164 2801 1315 2856 ταῦτ’
1341 2800 1533 2869 εἰπὼν,
1558 2800 1813 2872 ἀνατίθη-

228 2914 318 2950 σιν
344 2897 463 2950 ὃλον
493 2897 684 2949 ἑαυτὸν
716 2896 793 2968 τῷ
836 2896 1132 2966 Πνεύματι·
1178 2896 1239 2949 τὸ
1269 2894 1324 2948 δὲ
1363 2896 1437 2960 ὡς
1492 2895 1557 2949 δι’
1580 2894 1809 2967 ὀργάνου

1917 1903 1979 1943 ea
2002 1888 2266 1958 pulsanda
2302 1906 2421 1960 qum
2457 1888 2692 1960 Spiritus
2740 1894 3091 1961 suggesserit.
3137 1893 3233 1949 His
3278 1894 3485 1965 adjicit,

1917 1978 2499 2052 Exsurgamdiluculo.
2538 1983 2697 2036 Modo
2720 1984 2864 2037 enim
2917 1982 3154 2053 Spiritus
3198 1990 3487 2057 przesentia

1914 2070 2276 2135 illuminat'us,
2305 2081 2358 2127 et
2387 2073 2441 2127 in
2467 2072 2556 2127 die
2597 2071 2797 2128 divina:
2820 2074 2961 2127 lucis
2991 2075 3226 2142 positus,
3261 2083 3485 2144 paratus

1914 2178 2033 2217 sum
2066 2165 2130 2219 ad
2188 2166 2647 2236 proplietandum.
2685 2164 2890 2235 Hisque
2917 2165 3102 2233 dictis,
3159 2181 3281 2221 sese
3308 2173 3485 2220 totum

1916 2250 2140 2321 Spiritui
2168 2255 2370 2309 addicit
2410 2273 2424 2310 :
2463 2255 2553 2310 ille
2584 2271 2711 2310 vero
2740 2270 2834 2325 per
2878 2253 3204 2325 Prophetam
3250 2271 3351 2310 ceu
3390 2271 3487 2327 per

1913 2345 2364 2410 instrumentum,
2403 2346 2543 2400 bona
2572 2348 2881 2407 annuntiat,
2912 2347 3279 2417 omnibusque
3314 2348 3488 2417 genti-

1912 2437 2017 2491 bus
2049 2438 2387 2507 evangelizat
2420 2437 2609 2493 dicens
2645 2458 2658 2492 :
2690 2425 2991 2507 Confitebor
3029 2438 3125 2492 tibi
3164 2441 3220 2492 in
3252 2440 3482 2508 populis,

1912 2526 2155 2591 Domine,
2186 2527 2415 2596 psallam
2441 2527 2535 2580 tibi
2564 2529 2617 2580 in
2642 2527 2903 2597 gentibus.
2935 2528 3073 2592 Quia
3103 2529 3247 2582 enim
3274 2530 3327 2583 in
3349 2546 3487 2600 prae-

1913 2619 2054 2674 senti
2086 2617 2313 2673 Iudaica
2344 2634 2479 2691 gens
2507 2627 2560 2673 et
2581 2618 2817 2689 populus
2846 2618 3139 2688 prophetas
3166 2621 3312 2688 pellit
3335 2628 3483 2684 tuos,

1912 2720 1973 2764 ut
2037 2710 2221 2765 nullus
2273 2711 2343 2765 iis
2389 2712 2542 2766 locus
2587 2710 2818 2781 perfugii
2873 2711 3486 2782 relinquatur;eritque

1912 2812 2124 2873 tempus
2154 2818 2265 2874 quo
2295 2819 2486 2859 omnes
2518 2805 2964 2860 universzeterrze
2991 2812 3182 2876 gentes
3208 2812 3261 2859 et
3293 2820 3486 2861 omnes

1911 2896 1967 2951 in
2014 2896 2327 2953 hominibus
2358 2897 2566 2968 populi,
2598 2898 2988 2953 misericordize
3034 2905 3140 2953 tua:
3189 2899 3486 2968 participes

218 2990 321 3042 διὰ
354 2989 448 3043 τοῦ
479 2990 756 3061 προφήτου
807 2987 1027 3057 άγαθῶν
1077 2987 1428 3056 ἀπαγγέλλει,
1482 2986 1587 3041 ἀνὰ
1646 2988 1810 3040 πᾶσιν

1913 2997 2092 3053 erunt,
2128 2991 2202 3044 ita
2235 2998 2294 3043 ut
2321 3005 2422 3061 ego
2450 2990 2804 3061 propheticus
2851 2991 3079 3061 spiritus
3123 2997 3486 3061 praenuntiata

222 3079 645 3149 εὐαγγελίζεται
686 3082 797 3143 τοῖς
851 3078 1028 3134 ἔθνεσι
1065 3079 1293 3148 φάσκοψ
1338 3075 1811 3147 Ἐξομολογήσο-

216 3174 338 3245 μαί
362 3188 462 3227 σοι
499 3174 570 3226 ἐν
610 3172 800 3239 λαοῖς,
854 3174 1050 3241 Κύριε,
1094 3171 1271 3241 ψαλῶ
1325 3188 1422 3226 σοι
1450 3171 1518 3223 ἐν
1547 3170 1806 3224 ἔθνεσιν.

244 3263 466 3336 Ἐπειδὴ
493 3262 601 3334 γὰρ
638 3263 732 3316 ἐπὶ
790 3261 883 3316 τοῦ
944 3261 1210 3336 παρόντος
1250 3261 1310 3314 τὸ
1369 3260 1634 3314 Ἰουδαίων
1662 3259 1812 3324 ἔθνος

229 3358 327 3412 καὶ
362 3359 391 3409 ὁ
422 3355 625 3409 τούτων
678 3355 804 3419 λαὸς
824 3356 951 3418 τοὺς
975 3356 1101 3418 σοὺς
1126 3353 1337 3407 ἐλαύνει
1372 3355 1677 3425 προφήτας,
1737 3352 1813 3417 ὡς

232 3448 465 3520 μηδενὸς
488 3448 655 3501 τόπου
707 3450 1052 3519 παραχωρεῖν
1099 3447 1299 3511 αὐτοῖς’
1332 3446 1482 3500 ἔσται
1526 3446 1583 3500 δὲ
1622 3446 1813 3519 καιρὸς

227 3540 356 3596 καθ’
385 3540 443 3594 ὃν
475 3542 653 3595 πάντα
679 3539 747 3593 ἰὰ
774 3541 866 3592 ἐπὶ
900 3542 1003 3611 γῆς
1034 3539 1160 3611 ἔθνη
1188 3540 1282 3593 καὶ
1315 3530 1520 3602 πάντες
1539 3540 1587 3591 οἰ
1630 3540 1688 3594 ὲν
1718 3539 1812 3591 ἀν-

227 3631 473 3705 θρώποις
503 3632 620 3686 λαοὶ
652 3632 745 3686 τοῦ
783 3630 875 3684 σοῦ
923 3631 1071 3684 ὲλέου
1131 3631 1467 3703 μεθέξουσιν,
1502 3630 1576 3694 ὡς
1603 3630 1701 3701 ἐμὲ
1750 3629 1811 3683 τὸ

227 3725 570 3798 προφητικὸν
597 3723 820 3795 Πνεῦμα
844 3723 1054 3787 πάντας
1074 3723 1284 3795 ἁθρόως
1318 3722 1485 3787 λαοὺς
1526 3721 1809 3793 πληρῶσαι

228 3818 414 3891 καιρῷ
442 3818 519 3890 τῷ
571 3817 964 3890 θεσπιζομένῳ,
1025 3818 1314 3888 γενόμενον
1363 3820 1423 3871 ὲν
1478 3818 1680 3880 αὐτοῖς,
1716 3816 1810 3869 καὶ

228 3909 733 3982 ἐξομολογήσασθαι
766 3927 846 3963 σοι
866 3912 959 3963 καὶ
974 3909 1385 3981 εὐχαριστῆσαι,
1428 3910 1516 3963 ὅτε
1541 3910 1635 3962 καὶ
1654 3907 1810 3979 ψαλῶ

229 4017 341 4063 σοι,
375 4002 474 4055 οὐκ
502 4003 559 4056 ὲν
591 4001 669 4072 τῷ
706 4001 974 4055 Ἰουδαίων
1001 4001 1137 4072 λαῷ,
1159 4000 1273 4055 ἀλλ’
1299 4002 1357 4054 ἐν
1385 4001 1519 4054 πᾶσι
1548 4002 1657 4063 τοῖς
1686 3999 1807 4053 καθ’

226 4094 363 4165 ὅλης
417 4095 511 4165 τῆς
559 4093 881 4165 οἰκουμένης
946 4093 1154 4147 ἔθνεσι·
1214 4092 1404 4146 τούτου
1459 4092 1619 4165 χάριν
1643 4090 1806 4163 φημί·

239 4185 786 4257 Ἐξομολογήσομαί
829 4203 927 4240 σοι
967 4186 1036 4239 ἐν
1062 4186 1251 4254 λαοῖς,
1286 4187 1479 4255 Κύριε,
1514 4185 1690 4255 ψαλῶ
1712 4200 1812 4239 σοι

224 4280 303 4335 ἐν
332 4279 558 4336 ἔθνεσι.
592 4280 665 4333 Τὸ
692 4280 747 4333 δὲ
774 4278 968 4332 τούτου
991 4281 1183 4343 αἴτιον,
1214 4280 1359 4350 λέγω
1417 4279 1474 4333 δὲ
1497 4281 1558 4333 τὸ
1593 4281 1650 4331 ὲν
1673 4279 1808 4331 πᾶσι

224 4373 346 4435 τοῖς
379 4370 500 4424 καθ’
531 4369 658 4442 ὅλης
682 4369 781 4441 τῆς
805 4368 1127 4440 οἰκουμένης
1173 4368 1320 4433 λαοῖς
1365 4368 1460 4423 καὶ
1496 4369 1646 4441 παρὰ
1675 4368 1808 4420 πᾶσι

1912 3086 2157 3152 tempore
2180 3097 2372 3138 omnes
2406 3098 2512 3136 una
2536 3084 2768 3152 pepulos
2799 3083 2989 3140 adiens
3023 3084 3283 3154 repleam,
3312 3083 3487 3139 couti-

1914 3180 2140 3243 tcarque
2170 3188 2233 3229 ac
2268 3174 2472 3244 gratias
2502 3189 2657 3243 agam
2691 3175 2812 3237 tibi,
2845 3176 3065 3245 quando
3098 3177 3325 3246 psallam
3360 3176 3482 3241 tibi,

1912 3279 2023 3318 non
2046 3265 2100 3319 in
2126 3266 2325 3335 populo
2347 3263 2600 3331 Iudaico,
2640 3266 2734 3320 sed
2764 3268 2817 3321 in
2848 3266 3103 3322 omnibus
3135 3284 3229 3338 per
3260 3269 3483 3324 univer-

1913 3374 2034 3414 sum
2072 3358 2261 3412 orbem
2306 3357 2595 3428 gentibus;
2623 3357 2745 3413 ideo
2768 3358 2914 3423 dico,
2965 3358 3266 3429 Conﬁtebor
3292 3360 3388 3415 tibi
3426 3363 3483 3415 in

1911 3451 2141 3521 populis,
2173 3449 2415 3515 Domine,
2446 3450 2675 3518 psallam
2703 3449 2797 3503 tibi
2832 3451 2883 3504 in
2918 3451 3178 3521 gentibus.
3202 3451 3484 3523 Hujusque

1911 3536 2252 3600 reicausam
2286 3558 2408 3598 esse
2439 3544 2583 3606 dico,
2620 3541 2763 3612 quod
2820 3543 2875 3597 in
2908 3544 3161 3599 omnibus
3184 3559 3280 3613 per
3297 3545 3484 3599 orbem

1910 3635 2128 3704 populis
2160 3643 2214 3689 et
2250 3632 2391 3704 apud
2428 3648 2620 3689 omnes
2650 3642 2843 3703 gentes
2878 3635 3232 3705 propheticus
3255 3636 3483 3706 spiritus

1910 3734 2179 3783 versetur.
2216 3726 2573 3797 Proplieticos
2618 3734 2801 3782 autem
2836 3728 2965 3781 olim
2998 3728 3241 3798 prolatos
3270 3742 3481 3783 sermo-

1910 3837 2010 3877 nes
2056 3835 2221 3890 opere
2271 3819 2624 3889 complendas
2654 3836 2774 3875 esse
2815 3828 2938 3891 post
2970 3820 3213 3876 declarat
3241 3821 3429 3878 dicens
3462 3842 3477 3879 :

1911 3914 2176 3981 Quoniam
2213 3914 2554 3983 magniﬁcata
2586 3922 2664 3967 est
2686 3930 2850 3983 usque
2873 3913 2942 3967 ad
2983 3927 3137 3969 ca’tos
3177 3917 3480 3973 misericor-

1909 4005 2002 4059 dia
2031 4015 2142 4069 tua,
2167 4014 2217 4059 et
2232 4022 2393 4077 usque
2415 4004 2485 4059 ad
2513 4005 2672 4061 nubes
2698 4009 2889 4061 veritas
2915 4016 3025 4061 tua.
3056 4006 3190 4061 Nam
3221 4010 3365 4080 quod
3393 4009 3481 4065 in-

1909 4097 2174 4153 credibile
2217 4097 2501 4163 videatur,
2547 4099 2786 4154 emlestia
2838 4100 3215 4178 misericordia
3257 4101 3479 4173 dignata

1911 4188 2081 4248 fuisse
2103 4188 2250 4256 dixi;
2278 4195 2520 4253 terrena,
2546 4190 2794 4245 veritate.
2831 4189 2942 4246 Etsi
2974 4193 3117 4246 enim
3156 4208 3220 4247 ea
3250 4208 3479 4264 praeser-

1911 4282 2030 4346 tim,
2067 4298 2188 4353 qua:
2222 4282 2280 4336 in
2310 4283 2451 4337 caelo
2474 4290 2623 4347 sunt,
2659 4290 2891 4353 purgata
2918 4282 3229 4348 videantur,
3267 4285 3479 4353 omnia-

1910 4391 2015 4445 que
2041 4375 2301 4444 perfecta,
2328 4382 2382 4431 et
2407 4374 2474 4427 ad
2513 4376 2734 4427 virtutis
2753 4390 3027 4429 summum
3046 4389 3372 4444 progressa;
3404 4384 3481 4427 at-

225 4467 347 4528 τοῖς
367 4463 573 4517 ἔθνεσιν
606 4460 1055 4529 ἐμπολιτεύεσθαι
1083 4462 1144 4514 τὸ
1180 4461 1513 4534 προφητικὸν
1542 4515 1546 4518 .
1570 4458 1801 4530 πνεῦμα.

1913 4473 2092 4519 tamen
2122 4464 2241 4533 ipsa
2274 4479 2371 4534 per
2402 4463 2836 4518 misericordiam
2865 4470 3014 4515 tuam
3050 4463 3146 4516 tali
3190 4466 3246 4527 in
3286 4461 3479 4517 condi-

226 4556 346 4609 Καὶ
370 4556 498 4618 τοὺς
539 4555 706 4609 πάλαι
748 4553 1197 4625 άναφωνηθέντας
1222 4554 1593 4624 προφητικοὺς
1614 4551 1807 4620 λόγους

226 4647 317 4709 εἰς
336 4645 471 4717 ἔργα
500 4646 767 4717 χωρήσειν
796 4644 922 4711 ἑξῆς
960 4643 1213 4714 διασαφεῖ
1257 4644 1485 4713 φάσκον’
1520 4642 1650 4695 ’Ὅτι
1676 4641 1807 4709 ἐμε-

224 4728 502 4810 ἓγαλύνθη
554 4738 664 4803 ἕως
710 4735 827 4791 τῶν
864 4737 1134 4806 οὐρανῶν
1184 4734 1251 4790 τὸ
1309 4735 1483 4802 ἔλεός
1529 4750 1665 4799 σου,
1709 4733 1806 4787 καὶ

222 4831 347 4897 ἕως
381 4829 500 4884 τῶν
523 4828 797 4900 νεφελῶν
828 4831 867 4899 ἢ
911 4828 1159 4895 ἀλήθειά
1197 4844 1335 4886 σου.
1386 4827 1460 4882 Τὸ
1496 4826 1604 4899 γὰρ
1629 4824 1808 4898 παρά-

220 4922 386 4989 ὃθξον
449 4922 592 4976 τοῦτ’
637 4919 725 4995 ἦν,
769 4924 851 4976 ὃτι
906 4921 975 4976 τὰ
1028 4919 1125 4991 μὲν
1154 4920 1378 4991 οὐράνια
1431 4919 1615 4982 ἐλέους
1665 4917 1807 4989 φημί

224 5016 536 5084 ἀξιοῦσθαι,
560 5017 627 5070 τὰ
658 5018 713 5070 δὲ
736 5016 949 5086 ἐπίγεια
998 5014 1097 5085 τῆς
1129 5013 1403 5084 ἀληθείας.
1441 5013 1504 5066 Εἰ
1545 5012 1653 5083 γὰρ
1712 5010 1807 5064 καὶ

224 5110 303 5165 τὰ
346 5110 577 5180 μάλιστα
642 5111 787 5164 δοκεί
859 5108 927 5162 τὰ
995 5110 1051 5162 ὲν
1109 5107 1356 5178 οὐρανοῖς
1420 5105 1805 5177 κεκαθαρμένα

221 5202 540 5273 τυγχάνειν,
592 5202 688 5256 καὶ
725 5201 901 5255 πάντα
939 5200 1120 5253 τέλεια
1156 5200 1249 5253 καὶ
1291 5200 1369 5262 εἰς
1411 5200 1576 5269 ἄκρον
1603 5195 1806 5269 ἀρετῆς

223 5295 553 5365 ἐληλακόται
590 5296 739 5367 ὅμως
762 5296 806 5349 δ’
837 5290 928 5349 οὖν
969 5296 1063 5349 καὶ
1090 5292 1232 5347 αὐτὰ
1264 5292 1353 5346 διὰ
1411 5292 1501 5344 τὸν
1543 5291 1631 5344 σὺν
1658 5285 1805 5343 ἔλεον

224 5386 457 5441 τοιαῦτα
492 5387 618 5441 ὄντα
673 5386 1026 5457 καθέστηκεν.
1058 5386 1131 5439 Οὐ
1180 5384 1290 5457 γὰρ
1340 5383 1399 5449 ἐξ
1449 5383 1647 5446 αὐτῶν,
1682 5381 1803 5435 οὐδὲ

224 5482 364 5551 παρ.
401 5479 607 5534 ἑαυτῶν
648 5481 748 5550 τῆς
797 5477 1053 5550 τοιαύτης
1112 5478 1325 5550 μετέχει
1380 5477 1800 5549 μακαριότητος,

230 5570 370 5628 me
398 5570 549 5643 παρὰ
600 5569 696 5625 σοῦ
724 5570 818 5626 τοῦ
871 5570 1087 5625 πάντων
1151 5568 1368 5638 ἀγαθῶν
1428 5568 1682 5640 χορηγοῦ.
1732 5568 1805 5622 Ἦ

303 5754 350 5787 ⁸⁸
389 5754 474 5810 lsn
535 5768 697 5821 LVIII,
733 5754 786 5810 9.

1912 4557 2058 4611 tione
2089 4556 2265 4625 posita
2306 4564 2456 4612 sunt.
2479 4553 2666 4624 Neque
2688 4555 2834 4609 enim
2866 4570 2931 4609 ex
2964 4569 3022 4608 se
3059 4561 3113 4610 et
3148 4570 3248 4609 sua
3284 4555 3334 4610 vi
3383 4556 3478 4612 tali

1910 4645 2148 4717 gaudent
2176 4644 2454 4712 felicitate,
2482 4645 2575 4700 sed
2594 4646 2692 4700 abs
2714 4651 2767 4699 te
2796 4645 3037 4698 omnium
3061 4644 3325 4700 bonorum
3347 4650 3477 4703 sub.

1910 4738 2300 4793 ministratore.
2337 4734 2463 4793 Sive
2493 4737 2598 4792 alio
2632 4736 2814 4802 modo,
2839 4736 3102 4803 Quoniam
3132 4741 3475 4811 magniﬁcam

1908 4841 1985 4886 est
2011 4846 2171 4901 usque
2201 4828 2269 4883 ad
2300 4829 2453 4884 cazlos
2488 4829 2851 4885 misericordia
2880 4838 2991 4892 tua.
3017 4829 3185 4885 effusa
3216 4833 3269 4887 in
3301 4833 3477 4889 homi-

1909 4938 2007 4977 nes
2044 4937 2253 4977 omnes.
2292 4920 2464 4987 Quam
2489 4921 2615 4975 item
2649 4920 2901 4990 superius
2934 4921 3157 4977 missam
3182 4940 3305 4980 esse
3329 4926 3478 4982 dice-

1909 5013 2069 5068 batur
2101 5013 2187 5070 his
2214 5014 2417 5076 verbis,
2447 5011 2595 5067 Misit
2625 5000 2763 5066 Deus
2799 5014 3218 5070 misericordiam
3249 5034 3399 5072 suam
3424 5029 3475 5075 et

1909 5106 2177 5159 reritatem
2212 5121 2384 5158 suam.
2416 5102 2591 5157 Tanta
2618 5103 2764 5158 enim
2818 5104 2875 5157 in
2910 5104 3224 5162 hominibus
3260 5108 3477 5163 miseri-

1909 5197 2094 5253 cordia
2127 5197 2217 5250 illa
2248 5197 2416 5250 missa
2453 5195 2643 5259 edidit,
2679 5202 2738 5250 ut
2770 5197 2824 5251 in
2856 5198 3111 5255 omnibus
3134 5200 3349 5270 populis
3374 5214 3475 5268 ego

1910 5288 2150 5359 Spiritus
2173 5293 2400 5342 sanctus
2429 5287 2691 5342 conﬁtear
2724 5287 2846 5348 tibi.
2876 5296 2930 5342 et
2970 5289 3022 5342 in
3054 5290 3309 5344 omnibus
3335 5303 3471 5356 gen-

1907 5384 2053 5439 tibus
2082 5382 2310 5454 psallam
2340 5380 2435 5436 tibi
2466 5398 2484 5435 :
2510 5380 2654 5437 unde
2680 5381 2879 5437 factum
2916 5389 2974 5435 ut
2999 5384 3342 5453 magnilieata
3380 5377 3472 5431 illa

1908 5475 1979 5531 sit
2014 5489 2185 5546 usque
2220 5472 2289 5528 ad
2329 5472 2533 5539 ccelos;
2558 5473 2685 5543 quia
2717 5487 2889 5543 usque
2913 5471 2982 5524 ad
3008 5471 3177 5523 emlos
3205 5464 3472 5536 pertraxit

1908 5567 2156 5625 homines
2183 5570 2274 5639 qui
2300 5564 2676 5638 proﬁciebant;
2700 5565 2774 5620 ita
2793 5571 2852 5619 ut
2877 5561 3009 5634 ipsis
3034 5559 3184 5630 regni
3206 5555 3469 5611 calorum
