4024 6202
523 330 635 390 διε

1195 328 1464 387 EUSEBII
1503 325 1984 385 CAESA‘NENSIS
2024 326 2174 384 OPP.
2227 328 2409 385 PARS
2448 330 2535 385 lll.
2565 361 2636 375 -
2667 329 3076 397 EXEGETICA.

3663 330 3770 390 διο

520 451 815 526 promissio
866 448 995 505 data
1045 450 1138 508 sit.
1174 449 1282 504 Sed
1323 449 1513 513 etiam,
1552 450 1751 520 inqttit,
1796 464 1970 520 usque
2023 450 2090 504 ad

2195 449 2386 515 ἄλλως,
2421 451 2551 506 ὀτι
2612 452 2987 521 ἐμεγαλὺνθη
3044 450 3155 520 ἕως
3208 467 3326 505 των
3381 449 3656 521 οὐρανῶν
3702 452 3772 507 τὸ

519 542 694 597 nubes
725 540 927 596 veritas
959 540 1283 597 tua.‘Nubes
1317 552 1517 609 autem,
1558 542 1755 597 divina:
1801 540 2098 599 Providen-

516 636 605 688 tia:
621 632 885 687 voluntati
902 648 1119 703 operam
1136 633 1544 703 dantes,pluvia:
1562 633 1882 688 inserviunt.
1908 630 1984 688 Eo
2006 647 2098 687 au-

513 733 623 780 tem
641 733 1100 781 commonstratur
1125 725 1265 781 Deus
1289 726 1597 781 hominibus
1613 725 1917 797 providere,
1953 727 2094 796 quod

515 817 877 887 dispensatio.
917 826 972 873 et
1001 818 1203 873 veritas
1255 818 1608 888 inspectionis
1655 819 1774 889 ejus
1815 835 1989 891 usque
2030 822 2096 876 ad

517 909 744 963 nubium
789 908 1149 964 ministerium
1184 909 1473 979 pertingat.
1513 911 1661 966 Alias
1690 927 1927 982 quoque,
1970 930 2095 985 per-

522 1000 691 1056 iectas
721 1001 774 1055 in
817 1001 1133 1057 hominibus
1189 1003 1426 1065 animas,
1476 1004 1826 1073 propheticas
1861 1006 2093 1072 scilicet,

520 1108 641 1164 quae
668 1090 761 1147 Dei
793 1092 1099 1147 doctrinam
1132 1108 1230 1148 ceu
1279 1094 1515 1163 pluviam
1557 1096 1844 1165 egentibus
1879 1099 2092 1152 anima-

522 1187 624 1241 bus
671 1186 1118 1245 subministrant.
1156 1186 1329 1240 nubes
1377 1186 1516 1241 solet
1576 1186 1863 1258 Scriptura
1903 1191 2091 1260 appel-

520 1280 654 1333 lare.
723 1278 858 1332 Cum
910 1292 1039 1348 ergo
1082 1276 1251 1331 Isaias
1310 1277 1570 1347 propheta
1639 1281 1951 1335 vastitatem
1994 1280 2093 1337 Ju-

517 1369 678 1424 daico
724 1369 924 1440 populo
957 1369 1290 1429 minabatur,
1327 1366 1492 1422 Deum
1547 1368 1620 1423 ita
1664 1369 1973 1440 loquentem
2006 1368 2121 1426 in-'

520 1461 709 1516 duxit.
747 1460 1031 1515 Destruam
1056 1476 1227 1531 sepem
1252 1461 1389 1530 ejus,
1422 1473 1472 1516 et
1500 1463 1601 1516 erit
1623 1464 1678 1516 in
1711 1462 2089 1532 direptionem;

518 1561 569 1607 et
598 1553 869 1605 destruant
908 1568 1115 1617 matrum
1147 1550 1284 1621 ejus,
1311 1561 1361 1606 et
1391 1554 1490 1605 erit
1524 1552 1577 1605 in
1616 1553 2085 1609 conculcationem.

521 1641 589 1695 Et
619 1643 885 1695 dimittam
909 1642 1111 1695 vineam
1149 1659 1340 1706 meam,
1377 1652 1426 1697 et
1460 1660 1561 1696 non
1598 1644 1892 1712 putabitur,
1926 1662 2089 1717 neque

520 1736 783 1804 fodietur:
817 1744 865 1788 et
913 1734 1155 1788 ascendet
1200 1735 1253 1787 in
1288 1735 1403 1801 ipsa
1442 1735 1595 1805 quasi
1640 1736 1866 1800 inculta,
1909 1739 2085 1806 spina.

2198 541 2372 608 ἔλεός
2409 556 2547 607 σου,
2568 542 2627 596 τὸ
2653 543 2813 613 χυθὲν
2840 544 2921 606 εἰς
2980 543 3187 606 πάντας
3211 541 3550 615 ἀνθρώπους.
3597 544 3664 596 Ὀ
3704 542 3771 617 δὴ

2198 631 2292 684 καὶ
2316 633 2573 704 ἀνωτέρω
2594 632 2926 687 ἀπεστάλθαι
2952 633 3169 703 ἐλέγετο
3187 634 3243 685 ὲν
3265 632 3362 704 τῷ,
3409 632 3775 696 Ἐξαπέστει-

2195 725 2307 777 λεν
2331 725 2364 776 ό
2394 724 2537 789 Θεὸς
2567 722 2633 777 τὸ
2657 724 2830 790 ἕλεος
2861 723 3047 778 αὑτοῦ
3078 722 3179 777 καὶ
3211 721 3326 790 τὴν
3348 721 3638 788 ἀλήθειαν
3664 726 3773 777 αὑ-

2196 812 2325 868 τοῦ.
2357 812 2592 867 Τοιαῦτα
2622 814 2730 887 γὰρ
2758 815 2816 867 ὲν
2857 813 3166 886 ἀνθρώποις
3188 812 3520 885 κατώρθωσε
3547 814 3609 868 τὸ
3636 816 3774 868 ἀπο-

2199 904 2388 959 σταλὲν
2407 905 2572 970 ἔλεος,
2600 906 2675 971 ὡς
2702 908 2758 959 ἐν
2815 908 2947 960 πᾶσι
2978 909 3091 970 τοῖς
3138 905 3286 971 λαοῖς
3336 906 3435 977 ἐμὲ
3466 905 3527 960 τὸ
3551 906 3775 979 Πνεῦμα

2194 998 2255 1051 τὸ
2294 997 2448 1067 ἅγιον
2470 995 2963 1071 ἐξομολογήσασθαι
2985 1015 3085 1063 σοι,
3100 1000 3195 1052 καὶ
3221 1001 3278 1051 ὲν
3302 999 3434 1052 πᾶσι
3462 1002 3575 1063 τοῖς
3597 984 3795 1053 ἔθνεσί

2193 1088 2361 1159 ψάλαι
2383 1105 2485 1142 σοι·
2521 1089 2643 1143 ὅθεν
2669 1090 3009 1161 ὲμεγαλύνθη
3060 1090 3164 1155 ἕως
3197 1090 3304 1144 τῶν
3350 1090 3615 1163 οὐρανῶνο
3652 1092 3775 1145 ἐπεὶ

2197 1180 2357 1252 μέχρι
2389 1181 2496 1234 τῶν
2522 1182 2766 1254 οὐρανῶν
2795 1184 2922 1246 τοὺς
2955 1185 3011 1236 ὲν
3037 1181 3343 1256 ἀνθρώποις
3394 1184 3772 1256 προκόψαντας

2192 1273 2458 1337 εῖλκυσεν,
2483 1274 2562 1338 ὠς
2586 1275 2680 1328 καὶ
2733 1274 3064 1344 ἐπαγγελίαν
3110 1276 3292 1339 αὐτοῖς
3349 1275 3589 1329 δεδόσθαι
3618 1276 3775 1347 βασι·

2192 1366 2340 1431 λείας
2378 1366 2641 1439 οὐρανῶν.
2679 1366 2841 1419 Ἀλλά
2863 1366 2956 1419 καὶ
2978 1366 3082 1431 ἓως
3116 1365 3223 1420 τῶν
3249 1366 3505 1437 νεφελῶν,
3531 1369 3718 1438 φησὶν,
3736 1369 3773 1440 ἡ

2190 1455 2418 1526 ἀλήθειά
2436 1471 2550 1510 σου.
2569 1454 2805 1523 Νεφέλαι
2822 1453 2878 1507 δὲ
2896 1454 3223 1526 ὑπηρετικαὶ
3236 1452 3587 1525 τυγχάνουσιν
3603 1452 3772 1524 ὑετῷ,

2189 1546 2266 1619 τῷ
2281 1548 2378 1619 τῆς
2394 1547 2540 1610 θείας
2566 1546 2824 1617 Προνοίας
2853 1546 3152 1618 βουλήματι
3166 1546 3593 1618 διακονούμεναι.
3612 1546 3777 1601 Οῦτω

2188 1640 2246 1693 δὲ
2267 1638 2597 1710 παρίστησιν
2615 1640 2645 1692 ὁ
2658 1639 2811 1707 λόγος
2840 1642 3089 1711 προνοεῖν
3109 1639 3408 1710 ἀνθρώπων
3423 1639 3510 1692 τὸν
3532 1639 3682 1703 Θεὸν,
3708 1640 3777 1695 ἐκ

2188 1728 2280 1783 τοῦ
2303 1729 2461 1801 μέχρι
2473 1729 2579 1783 τῶν
2597 1729 2831 1799 νεφελῶν
2845 1730 3174 1784 ὲκτείνεσθαι
3197 1730 3360 1784 αὑτοῦ
3374 1729 3469 1802 τὴν
3488 1730 3773 1803 διοίκησιν,

522 1826 591 1883 Et
620 1826 843 1881 nubibus
876 1825 1138 1880 mandabo
1179 1842 1241 1879 ne
1262 1826 1448 1893 pluant
1470 1842 1624 1895 super
1653 1844 1769 1881 eam
1791 1828 2087 1885 imbrem“.

2196 1824 2289 1877 καὶ
2314 1822 2412 1894 τὴν
2444 1822 2699 1893 ἀλήθειαν
2749 1823 2850 1893 τῆς
2901 1824 3210 1895 ἐπισκοπῆς
3265 1822 3429 1877 αὑτοῦ
3475 1823 3634 1897 μέχρι
3674 1824 3776 1895 τῆς

520 1918 705 1974 Palam
736 1919 886 1974 hisce
918 1917 1103 1972 verbis
1140 1915 1312 1971 divini
1342 1917 1623 1987 prophetae
1668 1918 1841 1974 nubes
1891 1934 2092 1974 vocan—

520 2020 654 2065 tur:
692 2011 808 2081 qui,
848 2010 1044 2081 spiritu
1078 2009 1293 2064 caelesti
1325 2008 1532 2079 repleti,
1581 2009 1869 2065 animabus
1919 2010 2096 2065 homi-

519 2119 652 2160 num
684 2103 1039 2158 rationabiles
1070 2102 1282 2172 pluvias
1327 2101 1771 2172 suppeditabant.
1821 2103 2092 2170 Quoniam

520 2196 687 2266 igitur
723 2195 926 2250 veritas
957 2193 1048 2248 Dei
1083 2201 1138 2248 et
1171 2193 1549 2248 misericordia
1599 2193 1742 2262 ejus,
1792 2193 1860 2249 de
1891 2196 2093 2265 quibus

520 2288 687 2359 paulo
719 2295 845 2341 ante
872 2286 1109 2351 dicebat,
1139 2284 1290 2339 Misit
1319 2284 1460 2340 Deus
1494 2284 1913 2339 misericordiam
1938 2302 2093 2340 suam

516 2386 571 2433 et
603 2378 874 2432 veritatem
897 2392 1073 2438 suam.
1111 2386 1159 2430 et
1185 2378 1382 2445 eripuit
1416 2377 1654 2431 animam
1687 2393 1856 2430 meam
1894 2376 1956 2432 de
1980 2394 2092 2432 me-

516 2470 610 2523 dio
640 2468 939 2523 catulorum
971 2468 1201 2533 leonum,
1242 2469 1372 2524 olim
1402 2468 1621 2539 quidem
1663 2470 1901 2523 animam
1935 2468 2095 2524 Davi-

523 2558 608 2613 dis
650 2558 880 2629 eripuit,
933 2557 1291 2629 futurumque
1323 2569 1443 2614 erat
1491 2567 1550 2612 ut
1609 2566 1798 2629 postea
1848 2559 2093 2615 visitaret

520 2665 716 2706 omnes
748 2659 974 2723 gentes;
1006 2652 1131 2722 jure
1165 2650 1408 2720 Spiritus
1458 2661 1687 2707 sanctus
1721 2652 1812 2721 qui
1849 2652 1964 2707 haec
1996 2666 2094 2706 an-

521 2745 760 2809 nuntiat,
819 2752 873 2798 et
918 2744 993 2799 ait
1050 2744 1167 2798 fore
1201 2752 1259 2797 ut
1295 2745 1347 2797 in
1382 2744 1600 2814 populis
1642 2742 1997 2810 conﬁteatur,
2040 2747 2096 2798 et

522 2839 719 2908 psallat
756 2837 863 2893 Deo
914 2838 968 2892 in
1024 2837 1280 2892 omnibus
1325 2838 1613 2906 gentibus;
1650 2835 1816 2905 hujus
1843 2836 1924 2892 rei
1958 2851 2094 2890 cau-

516 2946 637 2986 sam
672 2931 899 3001 apponit
949 2930 1171 2984 dicens:
1223 2929 1485 2995 Quantam
1522 2928 1868 3000 magniﬁcata
1897 2937 1974 2982 est
2004 2943 2097 2981 us-

520 3037 619 3091 que
647 3020 714 3073 ad
762 3019 918 3074 cwlos
948 3017 1314 3073 misericordia
1363 3027 1475 3084 tua,
1506 3025 1561 3074 et
1607 3028 1827 3073 (uetera.
1887 3017 2096 3073 Deinde

2191 1912 2299 1966 τῶν
2333 1912 2573 1983 νεφελῶν
2605 1914 2907 1985 ὑπηρεσίας
2952 1913 3193 1984 φθάνειν.
3228 1914 3338 1967 Kal.
3373 1912 3548 1977 ἄλλως
3581 1914 3637 1966 δὲ
3676 1913 3779 1979 τὰς

2193 2007 2251 2059 ὲν
2275 2004 2580 2077 ἀνθρώποις
2613 2004 2823 2068 τελείας
2853 2005 3050 2076 ψυχὰς,
3087 2005 3185 2068 τὰς
3218 2005 3561 2077 προφητικὰς
3588 2005 3780 2076 ῶσπερ

2194 2095 2381 2159 ὑετοὺς
2435 2094 2533 2158 τὰς
2592 2097 2657 2148 ὲκ
2703 2094 2838 2148 Θεοῦ
2882 2096 3228 2160 διδασκαλίας
3275 2097 3617 2169 χορηγούσας
3656 2103 3781 2163 ταῖς

2192 2186 2396 2240 τούτων
2426 2186 2693 2257 δεομένων
2724 2187 2942 2258 ψυχαῖς,
2986 2189 3211 2258 νεφέλας
3243 2188 3434 2243 εἴωθεν
3486 2188 3778 2261 ὀνομάζειν

2191 2281 2224 2350 ἡ
2262 2279 2472 2352 Γραφή.
2500 2280 2628 2334 Ὅτε
2662 2279 2792 2349 γοῦν
2818 2280 3030 2350 ἠπείλει
3057 2280 3135 2353 τῷ
3180 2282 3448 2336 Ἰουδαίων
3477 2282 3618 2336 ἔθνει
3641 2285 3775 2356 ἐρη-

2197 2370 2323 2441 μίαν
2350 2372 2378 2424 ὁ
2412 2372 2695 2443 προφήτης
2735 2372 2983 2437 Ἡσαΐας,
3009 2373 3267 2433 τὸν,Θεὺν
3300 2373 3487 2444 εἰσῆγε
3515 2373 3777 2443 λὲγονταο

2195 2459 2435 2515 Καθελῶ
2484 2461 2591 2517 τὸν
2628 2463 2903 2533 φραγμὸν
2935 2464 3141 2527 αὐτοῦ,
3174 2463 3269 2517 καί
3301 2464 3470 2518 ἔσται
3498 2467 3585 2531 εἰς
3613 2464 3784 2534 διαρ-

2193 2554 2421 2623 παγὴν·
2460 2554 2557 2607 καὶ
2602 2555 2835 2609 καθελῶ
2866 2556 2975 2610 τὸν
3006 2556 3208 2626 τοῖχον
3233 2557 3439 2622 αὑτοῦ,
3473 2557 3568 2611 καί
3603 2557 3785 2612 ἔσται

2192 2647 2279 2711 εἱς
2324 2645 2739 2716 καταπὰτημα.
2775 2648 2883 2702 Kal
2913 2647 3120 2714 ἀνήσω
3144 2647 3251 2702 τόν
3278 2647 3595 2716 ἀμπελῶνα
3626 2667 3781 2717 μου,

2195 2734 2293 2788 καὶ
2324 2738 2395 2790 οὐ
2420 2735 2508 2806 μὴ
2544 2734 2759 2805 τμηθῇ,
2789 2736 2932 2792 οὐδὲ
2962 2737 3048 2807 μὴ
3079 2736 3289 2807 mussri]
3309 2755 3323 2770 ·
3355 2739 3449 2792 καί
3477 2739 3786 2804 ἀναϐήσε-

2193 2843 2289 2880 ται
2330 2828 2418 2893 εἰς
2463 2826 2650 2882 αὑτὸν
2709 2828 2852 2882 ὡσεί
2909 2828 3134 2898 χέρσον
3187 2829 3436 2884 ἄκανθα.
3490 2828 3599 2883 Καὶ
3647 2829 3786 2896 ταῖς

2193 2915 2477 2986 νεφέλαις
2533 2917 2889 2989 ἐντελοῦμαι
2941 2920 3048 2975 τοῦ
3097 2920 3185 2991 μὴ
3225 2920 3441 2990 ,βρέξαι
3467 2920 3560 2973 ἐπ’
3592 2921 3785 2980 αὐτὸν

2195 3006 2391 3062 ὑετόν.
2428 3008 2723 3081 Ἀντικρυς
2754 3009 2842 3063 διὰ
2887 3009 3093 3064 τούτων
3116 3011 3224 3066 τῶν
3259 3010 3417 3065 θείων
3460 3009 3779 3082 προφητῶν,

523 3112 610 3168 his
636 3128 737 3168 ccu
772 3111 1012 3183 sigillum
1044 3111 1232 3181 adjicit
1259 3111 1347 3167 his
1378 3110 1600 3167 verbis:
1650 3110 1909 3165 Exaltare
1940 3124 2094 3179 super

2196 3099 2433 3170 νεφελῶν
2466 3101 2889 3174 ὠνομασμένων,
2914 3104 2964 3156 οί
3000 3103 3311 3175 πνεύματος
3346 3103 3601 3175 οὐρανίου
3640 3102 3779 3175 πλη-

520 3204 702 3270 ccelos,
756 3203 920 3272 Deus,
963 3213 1012 3258 et
1057 3220 1211 3275 super
1261 3220 1467 3258 omnem
1509 3212 1708 3258 terram
1757 3204 1932 3275 gloria
1975 3214 2087 3271 tua,

2196 3191 2445 3264 ρούμενοι
2472 3191 2722 3262 λογικοὺς
2746 3194 2932 3259 ὑετοὺς
2957 3198 3076 3260 ταῖς
3103 3196 3210 3249 τῶν
3239 3194 3539 3267 ἀνθρώπων
3573 3196 3775 3267 ἐχορή-

522 3297 774 3353 eumdem
832 3296 900 3352 de
959 3296 1070 3353 Deo
1126 3312 1435 3354 sermonem
1510 3296 1754 3354 secundo
1817 3304 2088 3368 repetens.

2195 3301 2324 3354 γουν
2349 3283 2566 3356 ψυχαῖς.
2616 3285 2831 3356 Ἐπειδὴ
2856 3287 3034 3341 τοίνυν
3068 3289 3101 3358 ἡ
3130 3287 3358 3359 ἀλήθεια
3383 3286 3478 3341 τοῦ
3512 3286 3648 3341 Θεοῦ
3676 3287 3775 3340 καὶ

520 3386 668 3452 Tibi,
704 3389 902 3459 inquit,
949 3390 1211 3445 convenit
1247 3390 1501 3457 exaltari,
1547 3390 1766 3446 tametsi
1804 3390 2091 3445 hominum

2196 3379 2257 3431 τὸ
2290 3377 2437 3441 ἕλεος
2468 3377 2653 3443 αὐτοῦ,
2673 3380 2801 3452 περὶ
2826 3372 2900 3434 ὧν
2926 3380 3119 3454 μικρὸν
3148 3380 3381 3452 πρόσθεν
3409 3380 3613 3449 ἔλεγεν,
3651 3379 3784 3443 Ἐξ-

519 3495 691 3534 causa
752 3488 804 3534 te
868 3487 1070 3536 nostrae
1111 3480 1405 3550 abjectioni
1458 3489 1807 3550 attemperas,
1863 3480 2093 3551 populos

2197 3462 2556 3530 απέστειλεν
2578 3475 2612 3526 ό
2641 3474 2785 3539 Θεὸς
2831 3472 2898 3526 τὸ
2931 3473 3102 3541 ἕλεος
3130 3473 3445 3554 αὑτοῦικαί
3469 3474 3585 3543 τὴν
3626 3474 3781 3539 (LM-

524 3584 690 3643 atque
748 3582 934 3644 gentes
960 3574 1136 3643 gratia
1186 3580 1278 3627 tua
1312 3589 1537 3628 vocans.
1582 3570 1783 3629 Verum
1831 3576 2091 3636 exaltare,

522 3664 782 3720 thronum
842 3673 1024 3735 repete
1064 3675 1239 3720 tuum.
1317 3664 1408 3720 Sic
1444 3666 1590 3722 enim
1641 3667 1697 3721 in
1732 3667 1888 3723 caelis
1938 3644 2093 3721 man-

525 3756 734 3812 sionem
791 3756 1022 3818 habens,
1084 3757 1138 3811 in
1196 3764 1399 3826 tuaque
1433 3756 1657 3824 deitate,
1699 3759 1754 3812 in
1799 3766 1895 3812 tuo
1925 3772 2095 3827 regno

523 3848 859 3909 consistens,
901 3846 1074 3916 gloria
1106 3855 1200 3901 tua
1264 3848 1578 3902 universam
1629 3856 1831 3902 terram
1886 3848 2095 3917 replere

525 3937 753 3993 valebis.
791 3936 946 4003 Quod
978 3938 1104 3993 item
1152 3937 1366 4011 Moyses
1400 3938 1683 4004 describit,
1727 3937 1896 3993 Deum
1928 3938 2091 3993 indu-

523 4047 659 4087 cens
687 4032 753 4087 de
789 4030 991 4086 Judaeis
1036 4032 1252 4101 quidem
1292 4031 1362 4086 ob
1388 4030 1678 4086 conﬂatum
1705 4032 1933 4086 vitulum
1983 4032 2096 4086 htec

526 4123 826 4178 (licentem:
888 4121 1109 4176 Dimitte
1142 4139 1246 4187 me,
1299 4131 1347 4176 et
1389 4122 1631 4175 incensus
1692 4123 1774 4175 ira
1826 4131 2095 4177 conteram

525 4216 759 4287 ipsos“;
791 4215 858 4270 de
895 4215 1181 4270 vocatione
1239 4222 1420 4269 autem
1449 4214 1690 4283 gentium
1749 4211 2095 4283 adjicientem

526 4308 682 4373 illud,
724 4306 849 4362 Vivo
877 4324 970 4379 ego
995 4316 1044 4361 et
1070 4307 1192 4361 vivit
1229 4321 1415 4360 nomen
1452 4320 1644 4367 meum,
1689 4305 1815 4374 quia
1858 4303 2099 4375 implebi-

528 4409 614 4456 tur
663 4398 837 4471 gloria
887 4414 1004 4451 mea
1044 4398 1290 4451 universa
1339 4404 1499 4449 terra.
1541 4392 1700 4464 Apud
1742 4391 1936 4448 Isaiam
1968 4408 2098 4449 vero

525 4496 822 4564 seraphim,
877 4508 997 4564 qua:
1053 4491 1341 4547 Dominum
1405 4487 1647 4544 Sabaoth
1730 4487 2095 4553 circumdant,

2200 3566 2364 3618 θείαν
2417 3563 2627 3630 αὐτοῦ,
2663 3564 2761 3619 καὶ.
2812 3565 3105 3635 ἐῤῥύσατο
3149 3566 3264 3635 τὴν
3303 3566 3515 3636 ψυχήν
3549 3583 3671 3635 μου
3710 3566 3783 3619 ἐκ

2194 3656 2389 3728 μέσου
2436 3638 2756 3726 σκύμνῶν·
2807 3658 2976 3712 πάλαι
3011 3658 3111 3730 μὲν
3159 3659 3259 3729 τὴν
3291 3657 3467 3730 ψυχὴν
3509 3657 3783 3730 ἐρρύσατο

2198 3749 2292 3803 τοῦ
2319 3748 2502 3815 Δαυῖδ,
2528 3749 2727 3822 ἤμελλε
2757 3750 2815 3804 δὲ
2842 3751 2937 3806 καὶ
2973 3752 3110 3822 μετὰ
3134 3750 3305 3804 ταῦτα
3332 3752 3426 3804 καὶ
3454 3750 3625 3803 πάντα
3656 3750 3785 3803 ἑπι-

2202 3844 2424 3897 σκοπεῖν
2448 3841 2518 3896 τὰ
2548 3841 2703 3915 ἐθνηο
2729 3843 2953 3906 εἰκότως
2974 3844 3034 3897 τὸ
3062 3843 3286 3915 Πνεῦμα
3317 3843 3375 3898 τὸ
3402 3843 3572 3912 ἅγιον,
3601 3843 3781 3897 ταῦτα

2200 3934 2702 4007 εὐαγγελιζόμενον,
2734 3935 2826 3990 καὶ
2877 3936 2959 3989 ὃτι
3016 3938 3074 3990 ἐν
3123 3936 3272 4001 λαοῖς
3300 3935 3777 4009 ἐξομολογήσεται,

2201 4027 2294 4080 καὶ
2336 4028 2394 4079 ὲν
2442 4028 2574 4080 πᾶσι
2623 4029 2734 4091 τοῖς
2772 4025 2948 4080 ἔθνεσι
2985 4025 3147 4096 ψαλεῖ
3177 4026 3253 4098 τῷ
3279 4026 3417 4097 Θεῷ,
3460 4025 3558 4097 τὴν
3598 4027 3778 4081 αἰτίαν

2203 4118 2521 4192 προστίθησι
2559 4119 2742 4189 λέγον·
2782 4120 2909 4174 Ὅτι
2955 4120 3327 4190 sperauit}qu
3359 4119 3470 4186 ἕως
3507 4119 3629 4174 τῶν
3676 4121 3779 4174 οὐ-

2193 4211 2398 4282 ρανῶν
2447 4212 2514 4267 τὸ
2558 4212 2730 4279 ἔλεός
2760 4227 2900 4276 σου,
2952 4213 3047 4266 καὶ
3095 4211 3163 4265 τὰ
3206 4211 3351 4282 ἑξῆς.
3386 4207 3523 4264 Εἶτα
3565 4211 3779 4274 τούτοις

2203 4306 2373 4360 ἅπασι
2416 4304 2478 4359 τὸ
2518 4304 2934 4378 ὲπισφράγισμα
2986 4304 3180 4373 ἐπάγει
3233 4300 3421 4373 λέγον·
3482 4302 3780 4374 ’Υψὼθητι

2201 4398 2298 4452 ἐπὶ
2337 4397 2478 4465 τοὺς
2511 4398 2825 4466 οὐρανοὺς,
2860 4401 2894 4453 ὁ
2934 4397 3097 4464 Θεὸς,
3144 4397 3242 4451 καί
3273 4397 3373 4451 ἐπὶ
3413 4396 3621 4453 πᾶσαν
3663 4395 3780 4464 τὴν

2204 4487 2321 4559 γῆν
2363 4490 2403 4558 ἡ
2453 4488 2602 4554 δόξα
2649 4504 2786 4554 σου,
2817 4488 3066 4561 δεύτερον
3090 4487 3447 4543 ὲπαναλαϐὼν
3478 4488 3578 4560 τὴν
3609 4487 3777 4559 αὐτὴν

522 4588 863 4644 clamabant:
892 4584 1141 4649 Sanctus,
1169 4592 1407 4646 sanctus,
1438 4590 1652 4635 sanctus
1676 4579 1928 4635 Dominus
1956 4578 2094 4633 Deus

2201 4551 2495 4650 θεολογίαν.
2533 4551 2622 4635 Σοὶ
2661 4551 2788 4654 γὰρ,
2833 4551 2989 4654 φησὶ,
3018 4581 3215 4653 πρέπει
3268 4551 3554 4651 occisam,
3602 4583 3651 4634 εἰ
3684 4551 3778 4633 καὶ

526 4675 785 4738 Sabaoth.
816 4676 972 4744 plena
1005 4684 1083 4729 est
1129 4673 1301 4728 omnis
1337 4683 1480 4727 terra
1516 4673 1691 4743 gloria
1735 4671 1849 4741 ejus
1865 4669 1929 4725 “.
1964 4669 2099 4736 Qui-

528 4771 635 4825 bus
662 4764 839 4823 allinia
874 4770 929 4824 in
954 4785 1077 4823 ιιιι
1133 4768 1363 4837 psalmo,
1404 4767 1471 4823 de
1517 4766 1737 4822 Christo
1775 4767 1923 4821 clare
1963 4780 2093 4820 nar-

530 4871 706 4923 rante,
724 4861 867 4915 dicta
892 4869 1022 4916 sunt
1037 4858 1083 4891 δ”
1102 4878 1115 4913 :
1133 4858 1443 4912 Benedictus
1465 4857 1717 4910 Dominus
1736 4854 1877 4909 Deus
1903 4853 2094 4921 Israel,

2199 4672 2268 4727 τὰ
2299 4674 2529 4745 μάλιστα
2548 4674 2615 4728 δι’
2641 4672 2956 4747 ἀνθρώπους
2973 4674 3423 4744 συγκαταϐαίνεις
3445 4676 3508 4745 τῇ
3534 4675 3779 4748 ἡμετέρᾳ

2199 4765 2724 4832 ταπεινώσει,λαοὺς
2751 4766 2847 4820 καὶ
2877 4765 3003 4840 ἔθνη
3035 4765 3511 4839 προσκαλούμενος
3547 4768 3614 4837 τῇ
3644 4783 3780 4819 σαυ-

2196 4857 2291 4913 τοῦ
2314 4858 2514 4932 χάριτι.
2558 4858 2698 4912 Ἀλλ’
2726 4857 2991 4931 ὑψώθητι,
3026 4860 3120 4913 καὶ
3147 4858 3501 4929 ἀπολάμϐανε
3528 4858 3620 4912 τὸν
3648 4875 3783 4912 σαυ-

528 4964 580 5012 et
613 4953 936 5008 benedictum
972 4969 1158 5007 nomen
1186 4951 1372 5023 gloria:
1409 4948 1549 5020 ejus,
1576 4958 1628 5003 et
1667 4947 1952 5016 replebitur
1983 4964 2094 5003 om-

2198 4950 2291 5004 τοῦ
2331 4951 2535 5023 θρόνον.
2569 4950 2678 5005 Kal.
2720 4950 2891 5015 οὕτως
2922 4951 3030 5023 γάρ
3076 4951 3135 5004 ὲν
3161 4951 3410 5024 οὐρανοῖς
3439 4950 3541 5014 τὰς
3572 4950 3782 5020 διατρι-

530 5046 614 5104 ttis
638 5054 777 5098 terra
802 5043 973 5114 gloria
1021 5044 1157 5113 ejus.
1205 5041 1329 5098 Haec
1374 5043 1542 5113 igitur
1572 5040 1822 5108 obsignat
1857 5053 2094 5108 praesens

2203 5041 2303 5106 es;
2332 5041 2670 5114 ποιούμενος,
2701 5043 2796 5097 καὶ
2833 5044 2891 5097 ὲν
2912 5046 2980 5116 τῇ
3012 5042 3208 5097 σαυτοῦ
3244 5043 3525 5115 τυγχάνων
3561 5039 3781 5110 θεότητί

532 5135 816 5211 prOphetia
845 5135 1072 5190 dicens:
1111 5133 1367 5189 Exattare
1402 5148 1562 5201 super
1593 5131 1774 5196 caelos,
1824 5128 1989 5197 Deus,
2046 5138 2094 5184 et

2200 5149 2257 5185 τε
2315 5135 2407 5186 καὶ
2460 5132 2739 5207 βασιλείᾳ,
2789 5136 2969 5188 πᾶσαν
3013 5135 3112 5207 τὴν
3154 5136 3256 5206 γῆν
3292 5134 3531 5207 πληροῦν
3566 5132 3784 5204 δυνήσῃ

532 5222 692 5298 Sttpr
714 5243 916 5283 omnem
949 5236 1141 5280 terram
1163 5224 1335 5297 gloria
1375 5235 1487 5279 tua.

2201 5224 2298 5296 τῆς
2344 5223 2540 5278 σαυτοῦ
2594 5225 2768 5297 δόξης.
2806 5228 2872 5280 "0
2911 5226 2976 5298 δὴ
3006 5228 3100 5280 καὶ
3124 5226 3328 5297 Μωσῆς
3354 5225 3657 5298 ἀναγράφει
3687 5222 3784 5275 τὸν

531 5321 666 5378 Θεὸν
708 5322 942 5389 εἰσάγων
994 5321 1119 5392 περὶ
1157 5320 1254 5391 μὲν
1293 5318 1558 5374 Ἰουδαίων
1623 5317 1846 5388 λέγοντα
1901 5317 1968 5371 δι’
2026 5317 2091 5389 ἣν
2138 5317 2461 5389 εἰργάσαντο
2515 5319 2864 5389 μοσχοποιίαν
2889 5337 2902 5349 ·
2943 5321 3166 5375 Ἔασόν
3213 5336 3305 5389 με,
3342 5318 3438 5373 καί
3490 5316 3783 5387 θυμωθεὶς

532 5416 680 5488 ὀργῆ
710 5417 966 5486 ἐκτρίψω
1000 5415 1252 5481 αὐτούς’
1284 5414 1411 5486 περὶ
1434 5413 1489 5468 δὲ
1518 5414 1618 5486 τῆς
1638 5413 1744 5468 τῶν
1763 5412 1934 5468 ἐθνῶν
1974 5411 2216 5484 κλήσεως
2262 5414 2532 5483 ἐπάγοντα
2552 5413 2632 5479 τὸ,
2680 5415 2770 5467 Ζῶ
2810 5415 2944 5485 ἐγὼ,
2986 5415 3087 5470 καί
3147 5414 3215 5484 (ﬁ
3280 5414 3346 5469 τὸ
3381 5412 3566 5484 ὄνομά
3627 5430 3776 5483 μου,

534 5508 624 5564 ὅτι
649 5508 1099 5578 πληρωθήσεται
1124 5506 1236 5577 τῆς
1263 5506 1448 5576 δόξης
1474 5525 1594 5578 μου
1620 5506 1787 5564 πᾶσα
1808 5509 1846 5576 ἡ
1874 5507 2099 5578 τῆ.Καὶ
2135 5507 2287 5579 παρὰ
2318 5507 2396 5580 τῷ
2438 5509 2632 5580 Ἡσαΐᾳ
2661 5509 2718 5563 δὲ
2747 5511 2815 5565 τὰ
2850 5502 3110 5583 σεραφίμ,
3147 5510 3450 5565 κυκλοῦντα
3510 5509 3603 5562 τὸν
3662 5506 3785 5561 Κύ-

537 5622 651 5678 ριον
682 5603 929 5672 Σαϐαὼθ,
968 5605 1127 5661 ἐϐόα·
1153 5605 1369 5674 Ἄγιος,
1393 5603 1578 5674 ἅγιος,
1601 5605 1766 5676 ἅγιος
1802 5605 2016 5673 Κύριος
2053 5602 2197 5670 Θεὸς
2231 5603 2492 5669 Σαϐαὼθ,
2533 5603 2768 5675 πλήρης
2805 5606 2973 5662 πᾶσα
3004 5608 3043 5675 ἠ
3085 5606 3161 5678 γῆ
3203 5606 3318 5678 τῆς
3349 5605 3535 5674 δόξης
3560 5604 3778 5662 αὐτοῦ.

608 5760 653 5843 ξι
694 5760 796 5822 Isti.
828 5776 884 5831 γ,
916 5759 1043 5831 5,6.
1108 5753 1162 5850 ,δ’
1202 5755 1369 5818 Exod.
1405 5776 1581 5825 χχχιι,
1620 5757 1705 5815 ιθ.
1755 5758 1845 5839 ,δ”
1872 5757 1976 5817 lsa’.
2013 5775 2094 5829 rt,

2206 5743 2483 5843 βψω.
2518 5774 2676 5826 usi,
2724 5751 2923 5826 18,1θ.
