3988 6202
216 369 344 427 5U

1361 356 1859 415 COMMENTARIA
1896 356 1960 413 IN
1983 356 2328 414 .PSALMOS.

3363 352 3468 410 518

218 481 333 549 οἷς
410 482 712 554 συμφώνως
749 478 841 534 καὶ
905 480 964 532 ἐν
1024 479 1103 533 οα¹
1132 477 1328 550 ψαλμῷ
1369 478 1438 532 τὰ
1475 478 1604 548 περὶ
1630 476 1724 531 τοῦ
1764 477 2000 549 Χριστοῦ
2036 475 2220 546 σαφῶς
2281 472 2944 546 διαγορεύοντιρλλεκται·
2976 471 3315 541 Εὐλογητὸς
3348 473 3463 526 1w-

208 599 359 649 ριος
381 582 419 635 ό
446 578 590 645 Θεὸς
617 575 885 645 Ἰσραὴλ.
902 573 1001 629 καὶ
1023 572 1353 645 εὐλοτητὸν
1382 572 1450 627 τὸ
1477 573 1661 643 ὄνομα
1685 571 1791 641 τῆς
1823 572 2005 641 δόξης
2031 569 2236 634 αὐτοῦ,
2295 571 2391 623 καὶ
2450 567 2902 637 πληρωθήσεται
2932 566 3042 636 τῆς
3065 568 3250 636 δόξης
3282 568 3465 622 αὐτοῦ

211 672 408 729 πᾶσα
441 671 483 743 ἡ
660 669 822 723 Ταῦτ’
867 664 959 723 οὖν
1011 669 1104 723 καὶ
1147 671 1179 739 ή
1225 668 1474 740 παροῦσα
1507 667 1808 739 προφητεία
1845 666 2295 740 ἐπισφραγίζεται
2325 665 2587 733 λέγουσα·
2631 663 2922 732 ’Υψώθητι
2958 664 3056 717 ἐπὶ
3108 663 3249 729 τοὺς
3295 664 3465 731 οὐρα-

212 767 334 822 ςοοὺ
348 788 409 835 ς,
429 769 464 822 ὀ
491 765 654 832 Θεὸς,
672 765 769 818 καί
788 763 889 817 ἐπὶ
916 762 1119 818 πᾶσαν
1146 762 1260 831 τὴν
1286 762 1402 833 γῆν
1429 764 1468 831 ἡ
1490 762 1638 827 δόξα
1665 777 1802 817 σου.

214 883 331 936 ΕΙΣ
382 884 473 938 ΤΟ
510 880 750 943 ΤΕΛΟΣ,
776 881 879 934 ΜΗ
903 879 1299 933 ΔΙΑΦΘΕῙΡΗΣ
1336 880 1422 933 ΤΩ
1450 879 1665 944 ΔΑΥΙΔ,
1698 879 1800 932 ΕΙΣ

1904 875 1957 930 ι.
1997 873 2064 929 IN
2104 867 3035 944 manune_prsrenpas_,__ta
3074 866 3308 923 TITULI
3363 867 3463 924 IN-

675 950 1213 1005 ΣΤΗΛΟΓΡΑΦΙΑΝ.
1252 951 1297 1003 Ν
1303 950 1376 1003 Z'.

286 1066 379 1118 (El
406 1061 645 1131 ἀληθῶς
673 1061 788 1131 ἄρα
801 1062 1190 1131 δικαιοσύνην
1206 1063 1464 1127 λαλεῖτε,
1491 1065 1666 1119 εὐθέα
1685 1065 1809 1132 κρί-

214 1172 389 1221 νετε,
407 1154 523 1210 υἱοὶ
550 1154 671 1209 τῶν
696 1154 1036 1223 ἀνθρώπων.
1062 1155 1156 1218 El;
1180 1154 1240 1207 τὸ
1271 1149 1428 1217 ’τέλος
1462 1155 1538 1226 μὴ
1564 1155 1806 1226 διαφθεί-

224 1264 373 1318 ρειν,
428 1247 719 1317 φυλάττειν
762 1246 818 1299 δὲ
861 1245 1088 1299 ἕκαστον
1116 1247 1184 1299 τὰ
1233 1245 1424 1299 ἐαυτοῦ
1467 1245 1618 1318 τέλη,
1648 1247 1740 1299 καὶ
1778 1247 1808 1299 ὀ

225 1338 427 1410 παρὼν
454 1341 713 1410 παραινεῖ
741 1337 915 1407 λόγος.
953 1338 1151 1408 ¹Ἄμφω
1182 1338 1258 1402 δὲ,
1292 1339 1320 1391 ὅ
1351 1355 1409 1391 τε
1451 1338 1587 1410 μετὰ
1622 1340 1807 1411 χεῖρας

226 1434 331 1487 καὶ
360 1434 389 1484 ὁ
414 1432 521 1505 πρὸ
551 1431 718 1487 αὐτοῦ
751 1433 848 1505 τὴν
879 1432 999 1503 ἴσην
1030 1433 1210 1503 ἔχουσι
1241 1436 1580 1507 προγραφὴν,
1609 1436 1807 1506 ὁμοίως

226 1523 313 1589 τὸ,
337 1525 444 1589 Εἰς
475 1522 540 1576 τὸ
567 1523 761 1588 τέλος,
773 1521 859 1591 μὴ
887 1521 1233 1593 διαφθείρῃς
1258 1522 1337 1588 τῷ
1365 1523 1565 1590 Δαυῖδ,
1597 1526 1690 1578 καὶ
1720 1523 1802 1587 τὸ,

224 1615 318 1680 εις
354 1613 822 1682 στηλογραφίαν,
870 1611 1229 1682 περιέχοντες.
1259 1612 1327 1665 ’⁸0
1355 1629 1417 1682 γε
1450 1612 1553 1684 μὴν
1591 1613 1799 1683 χρόνος,

222 1704 283 1755 εἰ
311 1702 410 1755 καὶ
442 1702 514 1773 μὴ
537 1702 592 1755 ἐν
616 1701 691 1773 τῷ
713 1703 959 1773 παρόντι,
978 1701 1088 1755 ἀλλ’
1114 1704 1172 1755 ἐν
1199 1701 1276 1773 τῷ
1304 1703 1407 1775 πρὸ
1436 1703 1621 1757 τούτου
1650 1704 1803 1775 δεδή-

231 1792 411 1846 λωται
447 1792 585 1846 κατὰ
608 1793 701 1863 τὴν
727 1791 1042 1865 προσθήκην
1142 1810 1324 1864 φησιν,
1375 1795 1475 1848 Ἐν
1504 1794 1582 1860 τῷ
1618 1794 1805 1849 αὐτὸν

238 1882 700 1952 ἀποδιδράσκειν
726 1884 842 1938 ἀπὸ
873 1883 1193 1952 προσώπου
1228 1885 1426 1941 Σαοὺλ
1453 1888 1538 1953 εἰς
1561 1886 1624 1940 τὸ
1646 1887 1802 1956 σπή-

237 1977 441 2027 λαιον.
474 1972 623 2028 Κατὰ
670 1974 758 2029 τὸν
803 1974 961 2028 αὐτὸν
1007 1971 1099 2029 οὖν
1142 1975 1389 2048 εἰρῆσθαι
1426 1977 1612 2048 χρόνον
1644 1978 1736 2031 καὶ
1767 1978 1798 2031 ὁ

234 2066 612 2136 προκείμενος,
645 2067 705 2119 οὐ
756 2066 915 2137 μόνον
945 2068 1009 2120 ἐκ
1032 2066 1138 2120 τῶν
1170 2069 1469 2141 εἰρημένων
1502 2068 1649 2122 δοκεῖ
1688 2086 1798 2140 μοι,

2348 939 2708 996 SLRIPTION
2720 939 2831 993 ΕΜ.
2875 938 3028 994 LVII.

1977 1056 2143 1113 Vens.
2187 1056 2243 1119 2,
2290 1056 2343 1111 5.
2394 1053 2457 1109 Si
2486 1070 2599 1108 vere
2650 1055 2826 1124 utique
2859 1052 3127 1122 justitiam
3159 1052 3460 1122 loquimini,

1907 1158 2049 1203 recta
2086 1147 2347 1217 judicate,
2404 1145 2506 1215 ﬁlii
2572 1144 2858 1198 hominum.
2917 1143 3174 1197 Hortatur
3225 1160 3463 1214 pra'sens

1908 1254 2088 1293 sermo
2112 1238 2376 1307 singulos,
2409 1244 2467 1289 ut
2501 1251 2569 1288 ne
2600 1235 2654 1288 in
2681 1234 2839 1288 ﬁnem
2870 1234 3207 1303 disperdant,
3238 1234 3331 1289 sed
3372 1237 3442 1289 ob

1906 1340 2082 1385 servet
2105 1331 2336 1399 quisque
2355 1328 2486 1383 ﬁnes
2500 1343 2649 1383 suos.
2669 1327 2843 1381 Ambo
2855 1328 3071 1396 quippe,
3087 1334 3199 1379 tum
3219 1327 3327 1390 hic,
3348 1338 3459 1380 tum

1904 1418 2238 1489 praecedens,
2276 1418 2505 1472 similem
2546 1418 2839 1487 praeferunt
2870 1417 3300 1485 inscriptionem,
3353 1416 3463 1469 sci--

1907 1509 2054 1571 licet,
2088 1508 2154 1563 In
2186 1510 2364 1578 ﬁnem,
2391 1525 2453 1562 ne
2476 1507 2749 1576 disperdas
2782 1507 2970 1573 David,
3012 1516 3195 1576 atque,
3233 1508 3285 1561 in
3315 1507 3459 1560 tituli

1904 1603 2319 1671 inscriptionem.
2374 1599 2611 1671 Tempus
2651 1609 2852 1663 autem,
2909 1602 3009 1655 etsi
3055 1616 3165 1654 non
3214 1600 3268 1653 in
3323 1615 3461 1670 pra:—

1906 1696 2067 1757 senti,
2096 1704 2150 1748 at
2180 1695 2233 1748 in
2266 1692 2589 1764 praecedenti
2615 1693 2942 1755 declaratur,
2977 1682 3105 1745 d'um
3141 1692 3254 1746 haec
3285 1692 3457 1756 addit,

1904 1788 2036 1844 Cum
2066 1789 2266 1859 fugeret
2324 1805 2356 1841 a
2413 1788 2547 1857 facie
2583 1786 2763 1841 Saulis
2790 1788 2842 1840 in
2881 1784 3202 1855 speluncam.
3255 1784 3455 1840 Eodem

1902 1880 2086 1949 itaque
2149 1887 2393 1948 tempore
2455 1875 2864 1946 pronuntiatum
2922 1875 3086 1927 etiam
3136 1883 3457 1943 praesentem

1900 1968 2092 2037 fuisse,
2128 1985 2235 2024 non
2304 1970 2481 2023 solum
2540 1984 2604 2023 ex
2654 1966 2765 2035 jam
2822 1966 3004 2030 dictis,
3061 1980 3246 2019 verum
3292 1966 3456 2019 etiam

1898 2077 1966 2118 ex
1996 2076 2120 2115 mox
2146 2059 2434 2116 aﬂ‘erendis
2462 2061 2680 2129 planum
2709 2058 2839 2112 mihi
2865 2058 3102 2112 videtur.
3143 2055 3283 2122 Quia
3309 2057 3457 2111 enim

229 2157 374 2210 ἀλλὰ
402 2158 490 2211 καὶ
518 2159 579 2212 ἐκ
600 2158 706 2212 τῶν
737 2157 862 2229 ἑξῆς
892 2160 1319 2230 ἐπιφερομένων.
1368 2159 1579 2231 Ἐπειδὴ
1609 2160 1716 2232 γὰρ
1763 2162 1798 2232 ἠ

1900 2151 1953 2205 in
1983 2150 2310 2221 praecedenti
2342 2150 2482 2203 tituli
2534 2147 2819 2218 inscriptio
2866 2148 2932 2201 de
2992 2147 3117 2201 ﬁliis
3169 2146 3455 2199 hominum

230 2249 338 2321 πρὸ
391 2249 575 2302 τούτου
625 2225 1146 2322 στηλογνραφίαπερί
1171 2250 1277 2304 τῶν
1303 2250 1431 2304 υἱῶν
1453 2225 1797 2323 cer/obeso:

1900 2243 2131 2305 dicebat,
2176 2240 2308 2295 Filii
2345 2241 2634 2307 hominum,
2683 2239 2861 2293 dentes
2898 2254 3077 2293 eorum
3105 2253 3256 2291 arma
3289 2246 3338 2290 et
3371 2253 3458 2290 sa-

226 2358 343 2393 πων
357 2339 560 2409 ἔλεγεν,
576 2341 691 2395 Υἱοὶ
708 2339 1049 2409 ἀνθρώπων,
1069 2345 1120 2395 ol
1139 2341 1379 2408 ὀδόντες
1396 2341 1592 2395 αὐτῶν
1608 2341 1798 2397 ὅπλον

224 2432 323 2485 καὶ
342 2430 502 2499 ,ϐέλη
521 2448 535 2462 ·
562 2432 784 2496 εἰκότως
806 2434 897 2487 καὶ
918 2434 950 2504 ἠ
981 2431 1119 2503 μετὰ
1137 2435 1323 2504 χεῖρας
1338 2437 1449 2498 τοῖς
1471 2434 1649 2500 αὐτοῖς
1664 2438 1799 2501 υἱοῖς

226 2524 335 2575 τῶν
360 2522 663 2594 ἀνθρώπων
686 2523 843 2588 εὐθὺς
878 2527 934 2578 ἐν
956 2526 1094 2598 ἀρχῆ
1113 2528 1420 2596 προσφωνεῖ
1432 2526 1664 2595 λέγουσα
1682 2546 1694 2558 ο
1726 2530 1798 2582 El

220 2611 466 2679 άληθῶς
488 2613 605 2681 ἄρα
631 2612 1019 2682 δικαιοσύνην
1038 2614 1296 2679 λαλεῖτε,
1330 2615 1505 2670 εὐθέα
1546 2618 1795 2684 κρίνετε,

225 2707 277 2756 ol
306 2704 421 2757 υἱοὶ
452 2703 574 2758 τῶν
602 2704 938 2773 ἀνθρώπων.
964 2704 1070 2758 Καὶ
1118 2706 1410 2778 ἐπειδήπερ
1455 2709 1511 2760 ἐν
1566 2707 1644 2779 τῷ
1690 2708 1797 2779 πρὸ

224 2793 415 2847 τούτου
437 2794 672 2864 ἐλέγετο·
692 2796 1005 2864 Ἐρρύσατο
1032 2794 1147 2863 τὴν
1161 2796 1370 2866 ψυχήν
1379 2815 1496 2867 μου
1515 2798 1583 2852 ἐκ
1602 2797 1796 2868 μέσου

218 2888 533 2955 σκύμνων,
560 2887 616 2958 ἢ,
637 2888 705 2941 ἐκ
725 2887 916 2957 μέσου
941 2888 1221 2953 λεόντων,
1252 2890 1393 2944 κατὰ
1409 2891 1533 2956 τοὶς
1557 2890 1796 2959 λοιποὺς,

222 2981 453 3044 εἰκότως
486 2982 543 3032 ἐν
571 2979 649 3051 τῷ
681 2980 813 3050 μετὰ
843 2984 1032 3052 χεῖρας
1075 2981 1408 3054 ἐπιφέρεται,
1459 2986 1567 3049 Τὰς
1595 2985 1796 3053 μύλας

226 3071 350 3125 τῶν
378 3072 646 3126 λεόντων
675 3071 1025 3128 συνέθλασε
1054 3074 1286 3141 Κύριος.
1321 3075 1468 3128 Ἔδει
1507 3075 1614 3147 γὰρ
1647 3077 1794 3147 ἡμᾶς

230 3162 426 3234 μαθεῖν
452 3164 599 3226 ὅπως
628 3163 894 3235 ἐρρύσατο
917 3165 1013 3237 τὴν
1038 3165 1212 3237 ψυχὴν
1242 3164 1335 3218 τοῦ
1362 3163 1522 3219 Δαυῖδ
1546 3167 1609 3218 ἐκ
1629 3165 1791 3237 μέσου

230 3255 507 3326 σκύμνων.
536 3254 642 3307 Καὶ
668 3255 825 3309 πάλιν
846 3256 1101 3328 περὶτῶν
1131 3256 1356 3311 ὀδόντων
1384 3256 1490 3310 τῶν
1520 3256 1795 3312 ἐνδιαϐαλ-

226 3345 430 3400 λόντων
460 3347 619 3401 αὐτὸν
643 3349 701 3400 ἐν
727 3348 822 3418 μὲν
850 3347 924 3417 τῷ
949 3348 1053 3419 πρὸ
1082 3334 1290 3412 τούτου,
1316 3350 1431 3402 Υἱοὶ
1451 3348 1791 3418 ἀνθρώπων,

185 3436 195 3443 ’
226 3439 283 3491 οἱ
313 3434 556 3502 ὀδόντες
602 3435 798 3492 αὐτῶν
825 3436 1017 3492 ὅπλον
1060 3438 1154 3493 καὶ
1178 3438 1358 3507 βέλη,
1389 3439 1622 3509 ἐλέγετο,
1654 3444 1711 3495 ἐν
1736 3440 1793 3493 δὲ

227 3529 310 3635 rt?
340 3530 490 3635 μετὰ.
509 3533 696 3630 χεῖρας
717 3547 732 3562 ·
774 3529 828 3582 ’0
862 3529 1004 3597 Θεὸς
1021 3531 1337 3599 συντρίψει
1356 3531 1514 3635 *τοὺς
1545 3531 1793 3597 ὀδόντας
1824 3579 1866 3635 C

229 3619 430 3674 αὐτῶν
462 3620 535 3674 ἐν
561 3619 642 3687 τῷ
671 3620 916 3690 στόματι
946 3619 1160 3675 αὐτῶν.
1195 3621 1309 3691 Ἀφ’
1349 3615 1423 3675 ὧν
1459 3620 1728 3676 δείκνυται
1761 3624 1795 3694 ἡ

230 3714 293 3768 ἐν
332 3712 668 3784 ἀμφοτέραις
722 3715 843 3776 ταῖς
880 3713 1301 3786 στηλογραφίαις
1351 3714 1655 3785 συμφωνία.
1687 3714 1796 3768 Καὶ

229 3806 407 3871 ἄλλως
435 3806 481 3860 δ’
510 3802 602 3861 οὖν
633 3823 716 3871 τις
761 3807 922 3874 εἴποι,
972 3810 1156 3880 ἐπειδὴ
1199 3812 1232 3882 ἡ
1274 3809 1379 3882 πρὸ
1407 3808 1594 3863 τούτου
1648 3826 1798 3881 περι-

231 3899 352 3971 έχει
376 3900 477 3972 τὴν
499 3898 687 3971 κλῆσιν
706 3900 810 3953 τῶν
843 3899 1029 3967 ἐθνῶν,
1054 3901 1276 3964 εἰκότως
1301 3903 1367 3972 τῇ
1395 3899 1616 3973 τοιαύτῃ
1666 3917 1799 3972 προ-

232 3991 432 4063 φητείᾳ
479 3994 514 4062 ὴ
555 3991 804 4063 παροῦσα
851 3991 1223 4063 στηλογραφία
1279 3992 1567 4061 συνῆπται,
1611 3992 1796 4061 διαγο-

233 4083 468 4155 ρεύουσα
492 4087 605 4149 τοῖς
639 4085 774 4147 υἱοῖς
800 4082 907 4137 τῶν
949 4082 1247 4155 ἀνθρώπων
1278 4083 1369 4137 τὸν
1398 4083 1526 4156 περὶ
1570 4082 1671 4154 τῆς
1716 4083 1797 4137 δι-

231 4174 577 4245 καιοκρισίας
608 4173 702 4228 τοῦ
730 4173 863 4227 Θεοῦ
896 4173 1071 4242 λόγον,
1107 4172 1517 4246 διαστελλομένη
1564 4191 1624 4226 τε
1666 4175 1798 4229 πᾶσι

230 4270 345 4331 τοῖς
366 4268 515 4331 λαοῖς
538 4269 633 4321 σὺν
658 4265 880 4338 ἀληθινῇ
917 4267 1228 4338 προαιρέσει
1249 4266 1343 4318 καὶ
1369 4265 1668 4336 συνειδήσει
1701 4281 1798 4318 κα-

231 4359 375 4431 θαρᾷ
417 4361 487 4430 τῇ
525 4357 616 4411 τοῦ
668 4357 823 4426 λόγου
874 4356 1153 4429 προσιέναι
1195 4355 1528 4428 διδασκαλίᾳ,
1571 4356 1664 4409 καὶ
1722 4356 1795 4426 μὴ

232 4451 729 4523 καθυποκρίνεσθαι
765 4449 861 4521 τὴν
910 4449 1238 4504 θεοσέϐειαν.
1281 4448 1372 4501 Διὸ
1409 4446 1542 4521 πρὸς
1592 4446 1800 4510 πάντας

230 4548 357 4609 τοὺς
386 4544 644 4618 ἀνωτέρω
672 4543 830 4608 λαοὺς
862 4543 1278 4614 ὠνομασμένους
1313 4541 1407 4594 καὶ
1436 4539 1571 4612 πρὸς
1624 4539 1799 4593 πάντα

230 4638 298 4691 τὰ
337 4637 486 4709 ἔθνη,
544 4637 672 4709 περὶ
719 4630 792 4690 ὧν
843 4636 1075 4705 ἐλέγετο,
1124 4632 1670 4704 Ἐξομολογήσομαι
1701 4648 1800 4686 σοι

228 4730 301 4785 ἐν
343 4730 535 4797 λαοῖς,
569 4730 765 4797 Κύριε,
796 4727 972 4797 ψαλῶ
1013 4742 1112 4781 σοι
1138 4727 1210 4781 ἐν
1237 4726 1458 4787 ἔθνεσι,
1496 4723 1594 4795 τὴν
1636 4739 1801 4794 προσ-

234 4823 475 4895 φώνησιν
513 4821 884 4892 ποιούμενοςό
913 4816 1101 4889 παρὼν
1149 4817 1306 4885 λόγος
1370 4813 1798 4887 διαμαρτύρεται

1894 2336 2041 2404 gitta:
2060 2334 2138 2399 “;
2173 2333 2288 2388 haec
2330 2334 2456 2388 item
2490 2332 2628 2386 tituli
2667 2332 2953 2400 inscriptio
2985 2334 3166 2383 statim
3200 2332 3268 2383 ab
3296 2343 3458 2383 exor-

1895 2425 1985 2480 dio
2032 2424 2253 2479 eosdem
2294 2424 2432 2478 ﬁlios
2475 2424 2756 2477 hominum
2797 2423 3084 2491 compellat
3135 2421 3361 2476 dicens:
3394 2420 3455 2475 Si

1895 2534 2007 2573 acre
2034 2519 2209 2587 utique
2248 2516 2506 2580 iustitiam
2540 2515 2833 2585 loquimini,
2888 2526 3027 2568 recta
3054 2514 3317 2582 judtcale,
3356 2513 3460 2581 filii

1894 2610 2183 2664 hominum.
2229 2607 2293 2662 Et
2340 2608 2597 2678 quoniam
2655 2607 2709 2661 in
2758 2606 3080 2676 praecedenti
3134 2606 3453 2667 dicebatur,

1896 2702 2105 2771 Eripuit
2161 2703 2391 2756 animum
2452 2716 2621 2755 meam
2669 2698 2733 2752 de
2780 2698 2948 2751 medio
3006 2698 3301 2751 catulorum
3347 2699 3454 2751 leo-

1896 2808 2017 2846 num
2056 2791 2123 2855 ⁸⁸,
2185 2791 2332 2860 siveg,
2385 2789 2448 2843 de
2494 2787 2664 2842 medio
2701 2786 2938 2849 leonum,
3001 2786 3299 2840 secundum
3362 2802 3449 2842 re-

1894 2883 2094 2954 liquos,
2135 2890 2529 2951 consequenter
2571 2879 2626 2932 in
2683 2876 2933 2948 praesenti
2979 2876 3232 2938 infertur,
3277 2875 3454 2931 Malas

1896 2974 2101 3030 leonum
2130 2974 2383 3044 confregit
2408 2971 2677 3026 Dominus.
2739 2967 2988 3039 Oportuit
3016 2969 3159 3022 cuitu
3207 2970 3453 3024 ediscere

1895 3084 2017 3133 nos,
2049 3082 2158 3139 quo
2207 3076 2366 3138 pacto
2398 3064 2657 3134 eripuerit
2686 3063 2917 3116 animam
2943 3060 3159 3116 Davidis
3186 3060 3251 3116 de
3277 3061 3457 3117 medio

1900 3158 2209 3213 catulorum
2244 3157 2478 3209 leonum.
2531 3153 2605 3206 Ac
2647 3166 2862 3205 rursum
2901 3150 2967 3205 de
3003 3151 3455 3204 calumniatorum

1917 3264 2143 3305 suorum
2176 3246 2428 3301 dentibus
2461 3245 2515 3297 in
2540 3241 2862 3312 praecedenti
2901 3241 3097 3306 aiebat,
3134 3240 3263 3294 Filii
3286 3240 3456 3294 homi-

1897 3354 2041 3403 num,
2089 3335 2264 3391 dentes
2299 3349 2475 3388 eorum
2513 3332 2673 3385 telum
2723 3340 2774 3385 et
2812 3332 3053 3400 sagittte;
3100 3330 3153 3384 in
3196 3332 3454 3400 przesenti

1896 3444 2047 3495 vero,
2086 3428 2224 3482 Deus
2260 3434 2487 3480 conteret
2515 3422 2691 3476 dentes
2731 3437 2910 3475 eorum
2962 3422 3016 3475 in
3062 3438 3150 3474 ore
3195 3423 3449 3490 ipsorum.

1899 3519 2107 3587 Quibus
2160 3518 2441 3572 ambarum
2492 3514 2631 3569 tituli
2686 3513 3103 3583 inscriptionum
3149 3527 3461 3568 consensus

1899 3616 2057 3685 plane
2105 3609 2509 3681 comprobatur.
2575 3605 2642 3662 Et
2688 3607 2792 3660 alia
2838 3621 3053 3675 quoque
3110 3606 3317 3660 ratione
3372 3604 3458 3660 di-

1898 3704 2038 3759 xerit
2089 3702 2381 3771 quispiam.
2417 3698 2543 3768 quia
2585 3694 2896 3766 praecedens
2927 3695 3171 3766 gentium
3222 3696 3460 3750 vocatio-

1897 3809 2020 3851 nem
2066 3792 2466 3862 complectitur,
2488 3790 2611 3859 jure
2639 3786 2953 3856 bujusmodi
2992 3786 3284 3857 prophetia:
3313 3801 3453 3856 pra:-

1899 3892 2105 3940 sentem
2128 3881 2271 3935 tituli
2313 3878 2727 3948 inscriptionem
2762 3875 3073 3944 adjunctam
3107 3872 3297 3936 fuisse,
3332 3886 3462 3942 quae

1898 3974 2022 4030 ﬁliis
2052 3971 2331 4027 hominum
2355 3968 2488 4039 justi
2526 3966 2717 4038 judicii
2759 3964 2853 4020 Dei
2894 3964 3162 4019 rationem
3209 3969 3451 4025 enarret,

1898 4067 2261 4135 omnibusque
2305 4060 2523 4134 populis
2553 4058 2853 4130 pratcipiat,
2902 4064 2961 4111 ut
3007 4057 3216 4111 sincera
3257 4055 3457 4108 volunt-

1899 4168 2009 4216 tate
2033 4167 2085 4214 et
2122 4171 2259 4228 pura
2304 4153 2643 4209 conscientia
2673 4151 2740 4205 ad
2779 4149 2933 4205 verbi
2961 4147 3268 4202 doctrinam
3296 4160 3459 4201 acce-

1898 4254 2049 4318 dant,
2073 4266 2249 4320 neque
2278 4249 2536 4319 pietatem
2577 4258 2705 4314 erga
2732 4240 2900 4296 Deum
2953 4239 3226 4295 simulent.
3276 4236 3462 4302 Quare

1899 4360 2088 4400 onmes
2141 4355 2307 4411 supra
2354 4344 2683 4393 memoratos
2740 4332 2991 4402 populos,
3056 4329 3457 4395 universasque

1897 4444 2087 4509 gentes
2110 4433 2177 4486 de
2206 4429 2407 4501 quibus
2435 4426 2737 4487 dicebatur,
2767 4420 3067 4490 Conﬁtebor
3095 4418 3187 4472 tibi
3216 4417 3269 4470 in
3300 4429 3458 4509 popu-

1901 4507 1987 4592 iis,
2019 4526 2264 4586 Domine,
2297 4520 2523 4590 psallam
2549 4517 2643 4570 tibi
2673 4515 2727 4569 in
2751 4512 2988 4584 gentibus
3004 4511 3072 4576 ⁸⁷,
3123 4507 3461 4578 οοωιιοιιιζιιεη

1900 4633 2081 4677 sermo
2106 4629 2366 4687 praesens,
2399 4610 2706 4664 obtestatur
2756 4605 2982 4659 dicens:
3035 4599 3097 4656 Si
3134 4613 3246 4653 uere
3276 4597 3465 4667 utique

1894 4710 2162 4783 justitiam
2209 4703 2500 4775 loquimini,
2535 4707 2677 4754 recta
2712 4695 2976 4767 judicate,
3028 4692 3129 4762 ﬁlii
3163 4689 3454 4744 hominum.

1900 4779 2032 4860 Nam
2069 4803 2113 4859 si
2149 4815 2275 4855 vere
2298 4796 2567 4868 justitiam
2592 4792 2716 4864 quis
2737 4790 3075 4861 proﬁteatur,
3100 4798 3209 4839 non
3238 4779 3465 4837 aliunde

232 4874 440 4983 {thyioer
458 4874 790 4980 Ϋεὶὰληίὶῶς
809 4874 923 4978 «ipa
941 4874 1332 4977 διθιαιοσύνην⁴
1349 4874 1608 4967 λαλεῖτε,
1625 4874 1800 4959 εὐθέα

1903 4892 2364 4966 comprobabitur,
2417 4902 2578 4958 quam
2629 4900 2698 4940 ex
2734 4898 2799 4937 eo
2830 4878 2975 4951 quod
3023 4884 3173 4932 recta
3228 4874 3458 4946 iudicet.

232 5009 484 5075 κρίνετε,
524 5004 644 5059 υἱοὶ
680 5003 797 5057 τῶν
834 5000 1173 5071 ἀνθρώπων.
1213 5002 1274 5056 Εἰ
1319 5000 1428 5070 γὰρ
1470 4996 1686 5069 ἀληθῶς
1713 5013 1798 5061 τις

230 5100 577 5170 δικαιοσύνην
609 5094 1011 5165 ἐπαγγέλλοιτο,
1056 5093 1164 5147 οὐδ’
1190 5093 1407 5147 ἄλλοθεν
1438 5090 1797 5162 δειχθήσεται,

230 5196 264 5266 ἥ
304 5193 415 5248 ἀπὸ
468 5190 563 5244 τοῦ
606 5190 811 5260 κρίνειν
846 5186 1026 5259 εὐθέα.
1061 5184 1247 5256 Κρίνει
1279 5184 1335 5237 δὲ
1357 5182 1516 5235 εὐθέα
1544 5184 1573 5235 ὁ
1607 5180 1796 5252 κρίνας

231 5287 365 5357 παρ’
401 5280 578 5353 ἐαυτῷ
601 5282 698 5352 τὴν
726 5279 866 5334 κατὰ
891 5278 982 5331 τὸν
1014 5277 1168 5349 ὀρθὸν
1200 5275 1374 5343 λόγον,
1409 5275 1502 5327 καὶ
1522 5272 1655 5344 μηδέ
1682 5288 1800 5325 σκο-

227 5377 345 5433 λιδν
403 5374 539 5446 μηδὲ
589 5372 907 5443 διάστροφον
948 5368 1223 5439 πράττειν.
1258 5361 1371 5418 Εἶθ’
1422 5364 1496 5427 ὡς
1527 5363 1634 5416 τῶν
1666 5361 1796 5415 υἱῶν

226 5470 340 5523 τῶν
383 5464 687 5539 ἀνθρώπων
713 5462 848 5535 ὀρθὰ
873 5460 969 5533 μὲν
989 5458 1286 5514 λαλούντων
1316 5459 1426 5519 τοῖς
1458 5454 1679 5526 χείλεσι,
1707 5453 1801 5507 καὶ

227 5563 308 5634 τῷ
342 5561 572 5631 στόματι
598 5556 938 5627 δικαιοσύνην
969 5551 1469 5624 ἐπαγγελλομένων,
1503 5548 1796 5619 ἐλεγχομὲο

225 5678 338 5715 νων
389 5657 449 5711 δὲ
501 5654 610 5710 ἀπὸ
638 5653 745 5708 τῶν
766 5652 960 5724 ἔργων,
992 5649 1073 5703 ὅτι
1106 5643 1366 5700 τάναντία
1390 5640 1531 5696 κατὰ
1561 5641 1798 5695 διάνοιαν

292 5816 342 5848 ⁸⁸
380 5813 526 5870 Psal.
560 5826 679 5879 ινι,
710 5809 762 5869 ὅ.
838 5809 883 5842 ⁸⁸
922 5804 1053 5863 ibid.
1129 5800 1172 5835 "
1212 5799 1344 5858 ibid.
1386 5799 1472 5855 ιο.

1904 4990 2069 5046 Recta
2095 5001 2226 5042 vero
2248 4983 2479 5055 iudicat,
2504 4978 2598 5050 qui
2631 4974 2771 5046 apud
2800 4989 2858 5031 se
2880 4969 3146 5043 judicavit
3173 4983 3237 5022 ac
3270 4968 3460 5022 decre-

1902 5083 1998 5146 vit,
2026 5079 2298 5151 justitiam
2343 5090 2409 5130 ex
2439 5079 2588 5128 recta
2620 5068 2854 5131 ratione,
2897 5078 2998 5120 nec
3027 5060 3307 5133 quidpiam
3335 5066 3450 5111 tor-

1903 5184 2123 5229 tuosum
2157 5178 2252 5225 aut
2296 5180 2612 5239 perversum
2667 5160 2849 5217 edere.
2907 5153 3114 5212 Deinde
3141 5168 3291 5216 vero,
3333 5163 3459 5204 cum

1902 5266 1997 5322 ﬁlii
2029 5263 2309 5318 hominum
2343 5257 2504 5313 labiis
2544 5253 2763 5326 quidem
2803 5257 2951 5306 recta
2990 5248 3368 5317 loquerentur,
3403 5247 3459 5293 et

1901 5374 1995 5415 ore
2022 5355 2287 5427 justitiam
2321 5350 2723 5422 proﬁterentur,
2759 5343 2853 5400 sed
2888 5341 3021 5413 ipsis
3062 5337 3321 5410 operibus
3362 5330 3461 5427 de-

1904 5420 2370 5525 prelienderentur
2409 5444 2636 5498 adversa
2674 5439 2934 5509 cogitare,
2981 5430 3262 5500 subiungit
3302 5442 3317 5478 :
3355 5420 3459 5521 lit-

1903 5523 2041 5599 enim
2068 5542 2120 5593 in
2160 5535 2315 5591 corde
2353 5533 2655 5604 iniquitates
2681 5525 2970 5598 operamini
3000 5525 3053 5577 in
3084 5529 3257 5573 terra:
3301 5523 3464 5604 cupis

1902 5634 2015 5700 rei,
2043 5630 2254 5707 inquit,
2283 5628 2660 5699 argumentum
2690 5628 2816 5675 sunt
2847 5628 3011 5685 Opera
3060 5614 3265 5671 vestra,
3307 5600 3463 5672 luju-s
