  <div class='ocr_page' id='page_1' title='image "/cluster/home/n/w/nwhite01/storage/ocr_20150623/23/hvd.32044073501116/265.png"; bbox 0 0 4024 6202; ppageno 0'>
   <div class='ocr_carea' id='block_1_1' title="bbox 454 319 559 376">
    <p class='ocr_par' dir='ltr' id='par_1_1' title="bbox 454 319 559 376">
     <span class='ocr_line' id='line_1_1' title="bbox 454 319 559 376; baseline -0.019 0"><span class='ocrx_word' id='word_1_1' title='bbox 454 319 559 376; x_wconf 70' lang='grc'><strong>519</strong></span> 
     </span>
    </p>
   </div>
   <div class='ocr_carea' id='block_1_2' title="bbox 1110 222 2986 355">
    <p class='ocr_par' dir='ltr' id='par_1_2' title="bbox 1110 222 2986 355">
     <span class='ocr_line' id='line_1_2' title="bbox 1110 222 2986 355; baseline -0.016 0"><span class='ocrx_word' id='word_1_2' title='bbox 1110 295 1379 355; x_wconf 81' lang='lat' dir='ltr'><strong>EUSEBll</strong></span> <span class='ocrx_word' id='word_1_3' title='bbox 1418 282 1899 349; x_wconf 64' lang='lat' dir='ltr'><strong>CESARZENSIS</strong></span> <span class='ocrx_word' id='word_1_4' title='bbox 1935 282 2085 338; x_wconf 79' lang='lat' dir='ltr'><strong>OPP.</strong></span> <span class='ocrx_word' id='word_1_5' title='bbox 2119 278 2301 335; x_wconf 78' lang='lat' dir='ltr'><strong>PARS</strong></span> <span class='ocrx_word' id='word_1_6' title='bbox 2336 274 2428 331; x_wconf 82' lang='lat' dir='ltr'><strong>ill.</strong></span> <span class='ocrx_word' id='word_1_7' title='bbox 2471 304 2540 316; x_wconf 86' lang='lat'><strong>—-</strong></span> <span class='ocrx_word' id='word_1_8' title='bbox 2577 222 2986 328; x_wconf 64' lang='lat' dir='ltr'><strong>EXECETICA.</strong></span> 
     </span>
    </p>
   </div>
   <div class='ocr_carea' id='block_1_3' title="bbox 3590 263 3694 319">
    <p class='ocr_par' dir='ltr' id='par_1_3' title="bbox 3590 263 3694 319">
     <span class='ocr_line' id='line_1_3' title="bbox 3590 263 3694 319; baseline -0.029 0"><span class='ocrx_word' id='word_1_9' title='bbox 3590 263 3694 319; x_wconf 76' lang='lat'><strong>520</strong></span> 
     </span>
    </p>
   </div>
   <div class='ocr_carea' id='block_1_4' title="bbox 456 379 2047 493">
    <p class='ocr_par' dir='ltr' id='par_1_4' title="bbox 456 403 2047 493">
     <span class='ocr_line' id='line_1_4' title="bbox 456 403 2047 493; baseline -0.025 -1"><span class='ocrx_word' id='word_1_10' title='bbox 456 437 663 493; x_wconf 85' lang='lat' dir='ltr'><strong>stitiam</strong></span> <span class='ocrx_word' id='word_1_11' title='bbox 696 442 885 483; x_wconf 83' lang='lat' dir='ltr'><strong>manus</strong></span> <span class='ocrx_word' id='word_1_12' title='bbox 918 431 1101 478; x_wconf 79' lang='lat' dir='ltr'><strong>vestra:</strong></span> <span class='ocrx_word' id='word_1_13' title='bbox 1146 414 1481 485; x_wconf 85' lang='lat' dir='ltr'><strong>complicaut.</strong></span> <span class='ocrx_word' id='word_1_14' title='bbox 1530 408 1701 464; x_wconf 80' lang='lat' dir='ltr'><strong>Recta</strong></span> <span class='ocrx_word' id='word_1_15' title='bbox 1753 419 1886 475; x_wconf 80' lang='lat' dir='ltr'><strong>ergo</strong></span> <span class='ocrx_word' id='word_1_16' title='bbox 1925 403 2047 473; x_wconf 15' lang='lat' dir='ltr'><strong>ju-l</strong></span> 
     </span>
    </p>
   </div>
   <div class='ocr_carea' id='block_1_5' title="bbox 2146 379 3700 493">
    <p class='ocr_par' dir='ltr' id='par_1_5' title="bbox 2146 379 3700 467">
     <span class='ocr_line' id='line_1_5' title="bbox 2146 379 3700 467; baseline -0.014 -15"><span class='ocrx_word' id='word_1_17' title='bbox 2146 397 2436 467; x_wconf 76' lang='grc' dir='ltr'>ογίζονται,</span> <span class='ocrx_word' id='word_1_18' title='bbox 2467 392 2734 462; x_wconf 79' lang='grc' dir='ltr'>ἐπιλέγει·</span> <span class='ocrx_word' id='word_1_19' title='bbox 2768 389 2875 446; x_wconf 78' lang='grc' dir='ltr'><strong>Καὶ</strong></span> <span class='ocrx_word' id='word_1_20' title='bbox 2920 386 3033 458; x_wconf 79' lang='grc' dir='ltr'>γὰρ</span> <span class='ocrx_word' id='word_1_21' title='bbox 3073 384 3141 440; x_wconf 78' lang='grc' dir='ltr'><strong>ἐν</strong></span> <span class='ocrx_word' id='word_1_22' title='bbox 3181 380 3393 453; x_wconf 77' lang='grc' dir='ltr'>καρδίᾳ</span> <span class='ocrx_word' id='word_1_23' title='bbox 3444 379 3700 448; x_wconf 76' lang='grc' dir='ltr'><strong>ἀνομίας</strong></span> 
     </span>
    </p>
   </div>
   <div class='ocr_carea' id='block_1_6' title="bbox 455 471 2047 587">
    <p class='ocr_par' dir='ltr' id='par_1_6' title="bbox 455 471 2024 587">
     <span class='ocr_line' id='line_1_6' title="bbox 456 471 1934 493; baseline -0.023 -3"><span class='ocrx_word' id='word_1_24' title='bbox 456 471 663 493; x_wconf 83' lang='grc'>..........</span> <span class='ocrx_word' id='word_1_25' title='bbox 699 471 884 483; x_wconf 60' lang='grc' dir='ltr'>.......π-</span> <span class='ocrx_word' id='word_1_26' title='bbox 1262 471 1273 485; x_wconf 83' lang='grc'><strong>,</strong></span> <span class='ocrx_word' id='word_1_27' title='bbox 1823 471 1844 475; x_wconf 70' lang='lat'>_</span> <span class='ocrx_word' id='word_1_28' title='bbox 1930 471 1934 473; x_wconf 14' lang='grc' dir='ltr'><strong>γ</strong></span> 
     </span>
     <span class='ocr_line' id='line_1_7' title="bbox 455 502 2024 587; baseline -0.025 -4"><span class='ocrx_word' id='word_1_29' title='bbox 455 528 668 587; x_wconf 78' lang='lat' dir='ltr'><strong>dicate,</strong></span> <span class='ocrx_word' id='word_1_30' title='bbox 704 518 801 573; x_wconf 73' lang='lat' dir='ltr'><strong>lilii</strong></span> <span class='ocrx_word' id='word_1_31' title='bbox 831 514 1140 572; x_wconf 81' lang='lat' dir='ltr'><strong>hominum,</strong></span> <span class='ocrx_word' id='word_1_32' title='bbox 1186 515 1240 561; x_wconf 91' lang='lat' dir='ltr'><strong>et</strong></span> <span class='ocrx_word' id='word_1_33' title='bbox 1282 503 1565 559; x_wconf 86' lang='lat' dir='ltr'><strong>vobiscum</strong></span> <span class='ocrx_word' id='word_1_34' title='bbox 1596 502 1865 567; x_wconf 88' lang='lat' dir='ltr'><strong>reputate,</strong></span> <span class='ocrx_word' id='word_1_35' title='bbox 1892 507 2024 547; x_wconf 85' lang='lat' dir='ltr'><strong>num</strong></span> 
     </span>
    </p>
   </div>
   <div class='ocr_carea' id='block_1_7' title="bbox 2146 471 3699 587">
    <p class='ocr_par' dir='ltr' id='par_1_7' title="bbox 2146 471 3699 561">
     <span class='ocr_line' id='line_1_8' title="bbox 2146 471 3699 561; baseline -0.006 -19"><span class='ocrx_word' id='word_1_36' title='bbox 2146 487 2427 561; x_wconf 74' lang='grc' dir='ltr'>ργάζεσθε</span> <span class='ocrx_word' id='word_1_37' title='bbox 2464 486 2535 539; x_wconf 75' lang='grc' dir='ltr'>ἐν</span> <span class='ocrx_word' id='word_1_38' title='bbox 2569 484 2645 554; x_wconf 80' lang='grc' dir='ltr'>τῇ</span> <span class='ocrx_word' id='word_1_39' title='bbox 2695 482 2803 555; x_wconf 79' lang='grc' dir='ltr'><strong>τῇ·</strong></span> <span class='ocrx_word' id='word_1_40' title='bbox 2832 480 3021 536; x_wconf 85' lang='grc' dir='ltr'>τούτου</span> <span class='ocrx_word' id='word_1_41' title='bbox 3049 478 3128 544; x_wconf 78' lang='grc' dir='ltr'><strong>δὲ,</strong></span> <span class='ocrx_word' id='word_1_42' title='bbox 3160 476 3344 547; x_wconf 74' lang='grc' dir='ltr'>φησὶν,</span> <span class='ocrx_word' id='word_1_43' title='bbox 3387 471 3609 541; x_wconf 77' lang='grc' dir='ltr'>ἐλεγχος</span> <span class='ocrx_word' id='word_1_44' title='bbox 3642 471 3699 525; x_wconf 70' lang='grc' dir='ltr'><strong>αἱ</strong></span> 
     </span>
    </p>
   </div>
   <div class='ocr_carea' id='block_1_8' title="bbox 455 561 2047 676">
    <p class='ocr_par' dir='ltr' id='par_1_8' title="bbox 455 561 2017 676">
     <span class='ocr_line' id='line_1_9' title="bbox 455 561 1677 587; baseline -0.032 -3"><span class='ocrx_word' id='word_1_45' title='bbox 455 561 668 587; x_wconf 65' lang='grc' dir='ltr'><strong>υιιαιν,</strong></span> <span class='ocrx_word' id='word_1_46' title='bbox 1660 561 1677 567; x_wconf 96' lang='lat'>_</span> 
     </span>
     <span class='ocr_line' id='line_1_10' title="bbox 455 584 2017 676; baseline -0.025 -1"><span class='ocrx_word' id='word_1_47' title='bbox 455 629 740 676; x_wconf 89' lang='lat' dir='ltr'><strong>sermones</strong></span> <span class='ocrx_word' id='word_1_48' title='bbox 786 609 954 666; x_wconf 88' lang='lat' dir='ltr'><strong>vestri</strong></span> <span class='ocrx_word' id='word_1_49' title='bbox 998 620 1121 659; x_wconf 88' lang='lat' dir='ltr'><strong>cum</strong></span> <span class='ocrx_word' id='word_1_50' title='bbox 1168 599 1427 671; x_wconf 85' lang='lat' dir='ltr'><strong>operibus</strong></span> <span class='ocrx_word' id='word_1_51' title='bbox 1473 595 1801 647; x_wconf 77' lang='lat' dir='ltr'><strong>consonent.</strong></span> <span class='ocrx_word' id='word_1_52' title='bbox 1877 584 2017 639; x_wconf 86' lang='lat' dir='ltr'><strong>Nam</strong></span> 
     </span>
    </p>
   </div>
   <div class='ocr_carea' id='block_1_9' title="bbox 2146 561 3705 676">
    <p class='ocr_par' dir='ltr' id='par_1_9' title="bbox 2146 561 3705 676">
     <span class='ocr_line' id='line_1_11' title="bbox 2146 561 3705 653; baseline -0.012 -22"><span class='ocrx_word' id='word_1_53' title='bbox 2146 582 2383 653; x_wconf 64' lang='grc' dir='ltr'>νμέτεραι</span> <span class='ocrx_word' id='word_1_54' title='bbox 2435 576 2687 651; x_wconf 82' lang='grc' dir='ltr'>πράξεις·</span> <span class='ocrx_word' id='word_1_55' title='bbox 2739 573 3004 629; x_wconf 82' lang='grc' dir='ltr'><strong>Ἀδικίαν</strong></span> <span class='ocrx_word' id='word_1_56' title='bbox 3034 572 3093 624; x_wconf 81' lang='lat' dir='ltr'><strong>ai</strong></span> <span class='ocrx_word' id='word_1_57' title='bbox 3124 566 3317 637; x_wconf 81' lang='grc' dir='ltr'>χεῖρες</span> <span class='ocrx_word' id='word_1_58' title='bbox 3341 561 3509 633; x_wconf 78' lang='grc' dir='ltr'>ὑμῶν</span> <span class='ocrx_word' id='word_1_59' title='bbox 3546 576 3705 629; x_wconf 83' lang='grc' dir='ltr'>συμ-</span> 
     </span>
     <span class='ocr_line' id='line_1_12' title="bbox 2192 648 3681 676; baseline 0 0"><span class='ocrx_word' id='word_1_60' title='bbox 2192 674 2205 676; x_wconf 84' lang='grc'><strong>-</strong></span> <span class='ocrx_word' id='word_1_61' title='bbox 2229 672 2238 676; x_wconf 90' lang='grc'><strong>-</strong></span> <span class='ocrx_word' id='word_1_62' title='bbox 2487 668 2529 676; x_wconf 85' lang='grc'><strong>--</strong></span> <span class='ocrx_word' id='word_1_63' title='bbox 2582 666 2593 676; x_wconf 87' lang='grc'><strong>.</strong></span> <span class='ocrx_word' id='word_1_64' title='bbox 2796 659 2821 676; x_wconf 74' lang='grc' dir='ltr'><strong>τ</strong></span> <span class='ocrx_word' id='word_1_65' title='bbox 2916 662 2928 676; x_wconf 68' lang='lat'><strong>9</strong></span> <span class='ocrx_word' id='word_1_66' title='bbox 2945 660 2970 676; x_wconf 78' lang='grc' dir='ltr'><strong>Λ</strong></span> <span class='ocrx_word' id='word_1_67' title='bbox 2988 659 2999 676; x_wconf 74' lang='grc' dir='ltr'><strong>ι</strong></span> <span class='ocrx_word' id='word_1_68' title='bbox 3126 656 3189 676; x_wconf 72' lang='lat' dir='ltr'><strong>o_\</strong></span> <span class='ocrx_word' id='word_1_69' title='bbox 3229 654 3333 676; x_wconf 59' lang='grc' dir='ltr'>-.αἠ.</span> <span class='ocrx_word' id='word_1_70' title='bbox 3381 648 3619 676; x_wconf 65' lang='grc' dir='ltr'>Δ-.Λ-.¹.-.</span> <span class='ocrx_word' id='word_1_71' title='bbox 3637 665 3681 676; x_wconf 65' lang='grc' dir='ltr'><strong>ι..</strong></span> 
     </span>
    </p>
   </div>
   <div class='ocr_carea' id='block_1_10' title="bbox 454 676 2023 779">
    <p class='ocr_par' dir='ltr' id='par_1_10' title="bbox 454 676 2023 779">
     <span class='ocr_line' id='line_1_13' title="bbox 454 676 2023 779; baseline -0.024 -13"><span class='ocrx_word' id='word_1_72' title='bbox 454 715 501 768; x_wconf 90' lang='lat' dir='ltr'><strong>si</strong></span> <span class='ocrx_word' id='word_1_73' title='bbox 534 706 804 779; x_wconf 86' lang='lat' dir='ltr'><strong>justitiam</strong></span> <span class='ocrx_word' id='word_1_74' title='bbox 840 697 1147 770; x_wconf 87' lang='lat' dir='ltr'><strong>loquimini,</strong></span> <span class='ocrx_word' id='word_1_75' title='bbox 1183 708 1284 747; x_wconf 86' lang='lat' dir='ltr'><strong>cur</strong></span> <span class='ocrx_word' id='word_1_76' title='bbox 1323 704 1518 745; x_wconf 88' lang='lat' dir='ltr'><strong>manus</strong></span> <span class='ocrx_word' id='word_1_77' title='bbox 1558 691 1758 741; x_wconf 71' lang='lat' dir='ltr'><strong>vestrae</strong></span> <span class='ocrx_word' id='word_1_78' title='bbox 1801 676 2023 747; x_wconf 84' lang='lat' dir='ltr'><strong>injusti-</strong></span> 
     </span>
    </p>
   </div>
   <div class='ocr_carea' id='block_1_11' title="bbox 453 767 2026 865">
    <p class='ocr_par' dir='ltr' id='par_1_11' title="bbox 453 767 2026 865">
     <span class='ocr_line' id='line_1_14' title="bbox 453 767 2026 865; baseline -0.023 -9"><span class='ocrx_word' id='word_1_79' title='bbox 453 804 587 857; x_wconf 89' lang='lat' dir='ltr'><strong>tiam</strong></span> <span class='ocrx_word' id='word_1_80' title='bbox 618 792 985 865; x_wconf 87' lang='lat' dir='ltr'><strong>complicant?</strong></span> <span class='ocrx_word' id='word_1_81' title='bbox 1037 788 1112 842; x_wconf 79' lang='lat' dir='ltr'><strong>Ex</strong></span> <span class='ocrx_word' id='word_1_82' title='bbox 1157 800 1266 856; x_wconf 85' lang='lat' dir='ltr'><strong>quo</strong></span> <span class='ocrx_word' id='word_1_83' title='bbox 1294 797 1425 838; x_wconf 88' lang='lat' dir='ltr'><strong>sane</strong></span> <span class='ocrx_word' id='word_1_84' title='bbox 1447 779 1626 850; x_wconf 80' lang='lat' dir='ltr'><strong>palam</strong></span> <span class='ocrx_word' id='word_1_85' title='bbox 1672 783 1756 829; x_wconf 88' lang='lat' dir='ltr'><strong>est</strong></span> <span class='ocrx_word' id='word_1_86' title='bbox 1787 786 1887 825; x_wconf 88' lang='lat' dir='ltr'><strong>vos</strong></span> <span class='ocrx_word' id='word_1_87' title='bbox 1920 767 2026 823; x_wconf 88' lang='lat' dir='ltr'><strong>iui-</strong></span> 
     </span>
    </p>
   </div>
   <div class='ocr_carea' id='block_1_12' title="bbox 452 863 2024 967">
    <p class='ocr_par' dir='ltr' id='par_1_12' title="bbox 452 863 2024 967">
     <span class='ocr_line' id='line_1_15' title="bbox 452 863 2024 967; baseline -0.024 -18"><span class='ocrx_word' id='word_1_88' title='bbox 452 896 693 967; x_wconf 86' lang='lat' dir='ltr'><strong>quitates</strong></span> <span class='ocrx_word' id='word_1_89' title='bbox 737 863 791 942; x_wconf 77' lang='lat' dir='ltr'><strong>in</strong></span> <span class='ocrx_word' id='word_1_90' title='bbox 842 882 1009 939; x_wconf 90' lang='lat' dir='ltr'><strong>corde</strong></span> <span class='ocrx_word' id='word_1_91' title='bbox 1059 879 1319 948; x_wconf 81' lang='lat' dir='ltr'><strong>cogitare,</strong></span> <span class='ocrx_word' id='word_1_92' title='bbox 1350 880 1403 927; x_wconf 80' lang='lat' dir='ltr'><strong>et.</strong></span> <span class='ocrx_word' id='word_1_93' title='bbox 1441 870 1546 924; x_wconf 87' lang='lat' dir='ltr'><strong>alia</strong></span> <span class='ocrx_word' id='word_1_94' title='bbox 1576 863 1796 937; x_wconf 88' lang='lat' dir='ltr'><strong>quidem</strong></span> <span class='ocrx_word' id='word_1_95' title='bbox 1842 866 2024 914; x_wconf 84' lang='lat' dir='ltr'><strong>mente</strong></span> 
     </span>
    </p>
   </div>
   <div class='ocr_carea' id='block_1_13' title="bbox 454 952 2023 1051">
    <p class='ocr_par' dir='ltr' id='par_1_13' title="bbox 454 952 2023 1051">
     <span class='ocr_line' id='line_1_16' title="bbox 454 952 2023 1051; baseline -0.028 -6"><span class='ocrx_word' id='word_1_96' title='bbox 454 1001 664 1051; x_wconf 87' lang='lat' dir='ltr'><strong>tenere,</strong></span> <span class='ocrx_word' id='word_1_97' title='bbox 708 984 815 1038; x_wconf 88' lang='lat' dir='ltr'><strong>alia</strong></span> <span class='ocrx_word' id='word_1_98' title='bbox 852 994 948 1035; x_wconf 86' lang='lat' dir='ltr'><strong>ore</strong></span> <span class='ocrx_word' id='word_1_99' title='bbox 978 972 1248 1048; x_wconf 86' lang='lat' dir='ltr'><strong>proloqui.</strong></span> <span class='ocrx_word' id='word_1_100' title='bbox 1309 967 1370 1022; x_wconf 91' lang='lat' dir='ltr'><strong>Si</strong></span> <span class='ocrx_word' id='word_1_101' title='bbox 1419 977 1550 1032; x_wconf 68' lang='lat' dir='ltr'><strong>ergo</strong></span> <span class='ocrx_word' id='word_1_102' title='bbox 1599 974 1714 1013; x_wconf 92' lang='lat' dir='ltr'><strong>vere</strong></span> <span class='ocrx_word' id='word_1_103' title='bbox 1747 952 2023 1025; x_wconf 78' lang='lat' dir='ltr'><strong>justitiam</strong></span> 
     </span>
    </p>
   </div>
   <div class='ocr_carea' id='block_1_14' title="bbox 457 1041 2026 1154">
    <p class='ocr_par' dir='ltr' id='par_1_14' title="bbox 457 1041 2026 1154">
     <span class='ocr_line' id='line_1_17' title="bbox 457 1041 2026 1154; baseline -0.03 -15"><span class='ocrx_word' id='word_1_104' title='bbox 457 1080 753 1154; x_wconf 80' lang='lat' dir='ltr'><strong>loquimini,</strong></span> <span class='ocrx_word' id='word_1_105' title='bbox 784 1078 920 1131; x_wconf 85' lang='lat' dir='ltr'><strong>heus</strong></span> <span class='ocrx_word' id='word_1_106' title='bbox 946 1071 1074 1126; x_wconf 82' lang='lat' dir='ltr'><strong>vos!</strong></span> <span class='ocrx_word' id='word_1_107' title='bbox 1122 1074 1261 1121; x_wconf 85' lang='lat' dir='ltr'><strong>recta</strong></span> <span class='ocrx_word' id='word_1_108' title='bbox 1285 1059 1545 1131; x_wconf 86' lang='lat' dir='ltr'><strong>judicate,</strong></span> <span class='ocrx_word' id='word_1_109' title='bbox 1599 1060 1653 1107; x_wconf 91' lang='lat' dir='ltr'><strong>et</strong></span> <span class='ocrx_word' id='word_1_110' title='bbox 1696 1063 1817 1119; x_wconf 72' lang='lat' dir='ltr'><strong>qua:</strong></span> <span class='ocrx_word' id='word_1_111' title='bbox 1850 1041 2026 1113; x_wconf 82' lang='lat' dir='ltr'><strong>loqui-</strong></span> 
     </span>
    </p>
   </div>
   <div class='ocr_carea' id='block_1_15' title="bbox 456 1149 2029 1245">
    <p class='ocr_par' dir='ltr' id='par_1_15' title="bbox 456 1149 2029 1245">
     <span class='ocr_line' id='line_1_18' title="bbox 456 1149 2029 1245; baseline -0.029 -12"><span class='ocrx_word' id='word_1_112' title='bbox 456 1178 591 1233; x_wconf 87' lang='lat' dir='ltr'><strong>mini</strong></span> <span class='ocrx_word' id='word_1_113' title='bbox 620 1173 884 1245; x_wconf 85' lang='lat' dir='ltr'><strong>peragite.</strong></span> <span class='ocrx_word' id='word_1_114' title='bbox 928 1178 1103 1233; x_wconf 92' lang='lat' dir='ltr'><strong>neque</strong></span> <span class='ocrx_word' id='word_1_115' title='bbox 1150 1161 1205 1213; x_wconf 89' lang='lat' dir='ltr'><strong>in</strong></span> <span class='ocrx_word' id='word_1_116' title='bbox 1261 1155 1425 1211; x_wconf 87' lang='lat' dir='ltr'><strong>corde</strong></span> <span class='ocrx_word' id='word_1_117' title='bbox 1469 1149 1785 1219; x_wconf 84' lang='lat' dir='ltr'><strong>iniquitates</strong></span> <span class='ocrx_word' id='word_1_118' title='bbox 1840 1150 2029 1207; x_wconf 90' lang='lat' dir='ltr'><strong>opere-</strong></span> 
     </span>
    </p>
   </div>
   <div class='ocr_carea' id='block_1_16' title="bbox 456 1228 2024 1333">
    <p class='ocr_par' dir='ltr' id='par_1_16' title="bbox 456 1228 2024 1333">
     <span class='ocr_line' id='line_1_19' title="bbox 456 1228 2024 1333; baseline -0.034 -7"><span class='ocrx_word' id='word_1_119' title='bbox 456 1228 645 1333; x_wconf 47' lang='lat' dir='ltr'><strong>mini,‘</strong></span> <span class='ocrx_word' id='word_1_120' title='bbox 683 1279 784 1319; x_wconf 89' lang='lat' dir='ltr'><strong>nec</strong></span> <span class='ocrx_word' id='word_1_121' title='bbox 846 1271 1042 1314; x_wconf 90' lang='lat' dir='ltr'><strong>manus</strong></span> <span class='ocrx_word' id='word_1_122' title='bbox 1072 1256 1266 1307; x_wconf 79' lang='lat' dir='ltr'><strong>vestrae</strong></span> <span class='ocrx_word' id='word_1_123' title='bbox 1322 1239 1644 1314; x_wconf 83' lang='lat' dir='ltr'><strong>injustitiam</strong></span> <span class='ocrx_word' id='word_1_124' title='bbox 1677 1228 2024 1299; x_wconf 84' lang='lat' dir='ltr'><strong>compliceut.</strong></span> 
     </span>
    </p>
   </div>
   <div class='ocr_carea' id='block_1_17' title="bbox 458 1305 2636 1418">
    <p class='ocr_par' dir='ltr' id='par_1_17' title="bbox 458 1305 2636 1418">
     <span class='ocr_line' id='line_1_20' title="bbox 459 1305 1394 1333; baseline -0.029 -7"><span class='ocrx_word' id='word_1_125' title='bbox 459 1305 614 1333; x_wconf 76' lang='grc' dir='ltr'>ιιιιιιι,</span> <span class='ocrx_word' id='word_1_126' title='bbox 683 1305 784 1319; x_wconf 79' lang='grc' dir='ltr'>ιινν</span> <span class='ocrx_word' id='word_1_127' title='bbox 849 1305 1037 1314; x_wconf 48' lang='grc' dir='ltr'><strong>..η---ν-</strong></span> <span class='ocrx_word' id='word_1_128' title='bbox 1088 1305 1158 1307; x_wconf 38' lang='grc' dir='ltr'>.Ἢ</span> <span class='ocrx_word' id='word_1_129' title='bbox 1377 1305 1394 1314; x_wconf 80' lang='lat'>_</span> 
     </span>
     <span class='ocr_line' id='line_1_21' title="bbox 458 1305 2636 1418; baseline -0.03 1"><span class='ocrx_word' id='word_1_130' title='bbox 458 1364 530 1417; x_wconf 87' lang='grc' dir='ltr'>τὰ</span> <span class='ocrx_word' id='word_1_131' title='bbox 580 1359 777 1418; x_wconf 82' lang='grc' dir='ltr'><strong>εὐθέα,</strong></span> <span class='ocrx_word' id='word_1_132' title='bbox 840 1348 884 1406; x_wconf 77' lang='grc' dir='ltr'>ὧ</span> <span class='ocrx_word' id='word_1_133' title='bbox 936 1342 1102 1410; x_wconf 68' lang='grc' dir='ltr'>οὗτοι,</span> <span class='ocrx_word' id='word_1_134' title='bbox 1138 1342 1234 1396; x_wconf 72' lang='grc' dir='ltr'><strong>καὶ</strong></span> <span class='ocrx_word' id='word_1_135' title='bbox 1272 1339 1415 1407; x_wconf 73' lang='grc' dir='ltr'>ειπερ</span> <span class='ocrx_word' id='word_1_136' title='bbox 1456 1332 1688 1391; x_wconf 82' lang='grc' dir='ltr'><strong>λαλεῖτε,</strong></span> <span class='ocrx_word' id='word_1_137' title='bbox 1722 1321 1896 1378; x_wconf 78' lang='grc' dir='ltr'>ταῦτα</span> <span class='ocrx_word' id='word_1_138' title='bbox 1940 1314 2032 1369; x_wconf 70' lang='grc' dir='ltr'><strong>καὶ</strong></span> <span class='ocrx_word' id='word_1_139' title='bbox 2071 1314 2361 1384; x_wconf 86' lang='grc' dir='ltr'><strong>πράττετε,</strong></span> <span class='ocrx_word' id='word_1_140' title='bbox 2408 1305 2542 1379; x_wconf 82' lang='grc' dir='ltr'>μηδὲ</span> <span class='ocrx_word' id='word_1_141' title='bbox 2579 1306 2636 1357; x_wconf 85' lang='grc' dir='ltr'><strong>ὲν</strong></span> 
     </span>
    </p>
   </div>
   <div class='ocr_carea' id='block_1_18' title="bbox 456 1428 1701 1526">
    <p class='ocr_par' dir='ltr' id='par_1_18' title="bbox 456 1428 1701 1526">
     <span class='ocr_line' id='line_1_22' title="bbox 456 1428 1701 1526; baseline -0.029 -14"><span class='ocrx_word' id='word_1_142' title='bbox 456 1459 515 1511; x_wconf 88' lang='grc' dir='ltr'>αἱ</span> <span class='ocrx_word' id='word_1_143' title='bbox 554 1458 735 1526; x_wconf 82' lang='grc' dir='ltr'>χεῖρες</span> <span class='ocrx_word' id='word_1_144' title='bbox 766 1446 920 1520; x_wconf 80' lang='grc' dir='ltr'>ὑμῶν</span> <span class='ocrx_word' id='word_1_145' title='bbox 954 1439 1182 1510; x_wconf 77' lang='grc' dir='ltr'><strong>ἀνομίαν</strong></span> <span class='ocrx_word' id='word_1_146' title='bbox 1219 1428 1701 1504; x_wconf 83' lang='grc' dir='ltr'>συμπλεκέτωσαν.</span> 
     </span>
    </p>
   </div>
   <div class='ocr_carea' id='block_1_19' title="bbox 528 1513 2033 1603">
    <p class='ocr_par' dir='ltr' id='par_1_19' title="bbox 528 1513 2033 1603">
     <span class='ocr_line' id='line_1_23' title="bbox 528 1513 2033 1603; baseline -0.031 1"><span class='ocrx_word' id='word_1_147' title='bbox 528 1549 695 1603; x_wconf 73' lang='lat' dir='ltr'><strong>Vens.</strong></span> <span class='ocrx_word' id='word_1_148' title='bbox 719 1545 753 1599; x_wconf 73' lang='grc'>4</span> <span class='ocrx_word' id='word_1_149' title='bbox 784 1542 836 1597; x_wconf 84' lang='grc'><strong>6.</strong></span> <span class='ocrx_word' id='word_1_150' title='bbox 872 1535 1105 1594; x_wconf 82' lang='lat' dir='ltr'><strong>Alienati</strong></span> <span class='ocrx_word' id='word_1_151' title='bbox 1137 1540 1257 1587; x_wconf 84' lang='lat' dir='ltr'><strong>sunt</strong></span> <span class='ocrx_word' id='word_1_152' title='bbox 1287 1533 1581 1598; x_wconf 82' lang='lat' dir='ltr'><strong>peccatores</strong></span> <span class='ocrx_word' id='word_1_153' title='bbox 1617 1536 1649 1571; x_wconf 92' lang='lat' dir='ltr'><strong>a</strong></span> <span class='ocrx_word' id='word_1_154' title='bbox 1683 1513 1857 1574; x_wconf 84' lang='lat' dir='ltr'><strong>vulva,</strong></span> <span class='ocrx_word' id='word_1_155' title='bbox 1884 1522 2033 1564; x_wconf 84' lang='lat' dir='ltr'><strong>erra-</strong></span> 
     </span>
    </p>
   </div>
   <div class='ocr_carea' id='block_1_20' title="bbox 457 1585 2160 1701">
    <p class='ocr_par' dir='ltr' id='par_1_20' title="bbox 457 1585 2160 1701">
     <span class='ocr_line' id='line_1_24' title="bbox 457 1585 2160 1701; baseline -0.029 -1"><span class='ocrx_word' id='word_1_156' title='bbox 457 1651 641 1701; x_wconf 80' lang='lat' dir='ltr'><strong>verunt</strong></span> <span class='ocrx_word' id='word_1_157' title='bbox 673 1641 736 1694; x_wconf 84' lang='lat' dir='ltr'><strong>ab</strong></span> <span class='ocrx_word' id='word_1_158' title='bbox 762 1647 933 1699; x_wconf 83' lang='lat' dir='ltr'><strong>utero,</strong></span> <span class='ocrx_word' id='word_1_159' title='bbox 958 1628 1121 1685; x_wconf 79' lang='lat' dir='ltr'><strong>locuti</strong></span> <span class='ocrx_word' id='word_1_160' title='bbox 1157 1632 1279 1680; x_wconf 86' lang='lat' dir='ltr'><strong>sunt</strong></span> <span class='ocrx_word' id='word_1_161' title='bbox 1311 1622 1475 1690; x_wconf 77' lang='lat' dir='ltr'><strong>falsa.</strong></span> <span class='ocrx_word' id='word_1_162' title='bbox 1522 1614 1646 1668; x_wconf 64' lang='lat' dir='ltr'><strong>Haec</strong></span> <span class='ocrx_word' id='word_1_163' title='bbox 1669 1620 1884 1680; x_wconf 88' lang='lat' dir='ltr'><strong>quoque</strong></span> <span class='ocrx_word' id='word_1_164' title='bbox 1909 1601 2033 1655; x_wconf 79' lang='lat' dir='ltr'><strong>[iliis</strong></span> 
     </span>
    </p>
   </div>
   <div class='ocr_carea' id='block_1_21' title="bbox 456 1693 2033 1798">
    <p class='ocr_par' dir='ltr' id='par_1_21' title="bbox 456 1693 2033 1798">
     <span class='ocr_line' id='line_1_25' title="bbox 456 1693 2033 1798; baseline -0.03 -6"><span class='ocrx_word' id='word_1_165' title='bbox 456 1736 741 1793; x_wconf 84' lang='lat' dir='ltr'><strong>hominum</strong></span> <span class='ocrx_word' id='word_1_166' title='bbox 767 1727 1023 1798; x_wconf 79' lang='lat' dir='ltr'><strong>applicat,</strong></span> <span class='ocrx_word' id='word_1_167' title='bbox 1054 1719 1147 1791; x_wconf 90' lang='lat' dir='ltr'><strong>qui</strong></span> <span class='ocrx_word' id='word_1_168' title='bbox 1191 1731 1250 1772; x_wconf 91' lang='lat' dir='ltr'><strong>se</strong></span> <span class='ocrx_word' id='word_1_169' title='bbox 1300 1714 1467 1767; x_wconf 88' lang='lat' dir='ltr'><strong>Deum</strong></span> <span class='ocrx_word' id='word_1_170' title='bbox 1493 1706 1693 1769; x_wconf 91' lang='lat' dir='ltr'><strong>colere,</strong></span> <span class='ocrx_word' id='word_1_171' title='bbox 1728 1708 1781 1755; x_wconf 90' lang='lat' dir='ltr'><strong>et</strong></span> <span class='ocrx_word' id='word_1_172' title='bbox 1806 1693 2033 1768; x_wconf 69' lang='lat' dir='ltr'><strong>iustitiae</strong></span> 
     </span>
    </p>
   </div>
   <div class='ocr_carea' id='block_1_22' title="bbox 458 1792 1815 1899">
    <p class='ocr_par' dir='ltr' id='par_1_22' title="bbox 458 1792 1815 1899">
     <span class='ocr_line' id='line_1_26' title="bbox 458 1792 1815 1899; baseline -0.029 -14"><span class='ocrx_word' id='word_1_173' title='bbox 458 1830 608 1899; x_wconf 81' lang='lat' dir='ltr'><strong>leges</strong></span> <span class='ocrx_word' id='word_1_174' title='bbox 629 1824 779 1879; x_wconf 89' lang='lat' dir='ltr'><strong>adire</strong></span> <span class='ocrx_word' id='word_1_175' title='bbox 803 1792 1153 1891; x_wconf 75' lang='lat' dir='ltr'><strong>proﬁtentur,</strong></span> <span class='ocrx_word' id='word_1_176' title='bbox 1184 1820 1363 1877; x_wconf 89' lang='lat' dir='ltr'><strong>neque</strong></span> <span class='ocrx_word' id='word_1_177' title='bbox 1381 1812 1561 1857; x_wconf 87' lang='lat' dir='ltr'><strong>tamen</strong></span> <span class='ocrx_word' id='word_1_178' title='bbox 1587 1802 1735 1851; x_wconf 89' lang='lat' dir='ltr'><strong>recte</strong></span> <span class='ocrx_word' id='word_1_179' title='bbox 1757 1792 1815 1862; x_wconf 89' lang='lat' dir='ltr'><strong>ju</strong></span> 
     </span>
    </p>
   </div>
   <div class='ocr_carea' id='block_1_23' title="bbox 457 1885 1823 1991">
    <p class='ocr_par' dir='ltr' id='par_1_23' title="bbox 457 1885 1823 1991">
     <span class='ocr_line' id='line_1_27' title="bbox 457 1885 1823 1991; baseline -0.029 -13"><span class='ocrx_word' id='word_1_180' title='bbox 457 1885 567 1977; x_wconf 62' lang='lat' dir='ltr'><strong>Eos</strong></span> <span class='ocrx_word' id='word_1_181' title='bbox 599 1920 763 1991; x_wconf 79' lang='lat' dir='ltr'><strong>igitur</strong></span> <span class='ocrx_word' id='word_1_182' title='bbox 810 1885 901 1968; x_wconf 76' lang='lat' dir='ltr'><strong>sic</strong></span> <span class='ocrx_word' id='word_1_183' title='bbox 941 1905 1230 1977; x_wconf 83' lang='lat' dir='ltr'><strong>compellat</strong></span> <span class='ocrx_word' id='word_1_184' title='bbox 1265 1921 1277 1955; x_wconf 90' lang='lat'>:</span> <span class='ocrx_word' id='word_1_185' title='bbox 1312 1897 1459 1952; x_wconf 82' lang='lat' dir='ltr'><strong>Heus</strong></span> <span class='ocrx_word' id='word_1_186' title='bbox 1505 1892 1636 1947; x_wconf 85' lang='lat' dir='ltr'><strong>vos!</strong></span> <span class='ocrx_word' id='word_1_187' title='bbox 1699 1885 1823 1941; x_wconf 91' lang='lat' dir='ltr'><strong>audi</strong></span> 
     </span>
    </p>
   </div>
   <div class='ocr_carea' id='block_1_24' title="bbox 455 1970 2035 2084">
    <p class='ocr_par' dir='ltr' id='par_1_24' title="bbox 455 1970 2035 2084">
     <span class='ocr_line' id='line_1_28' title="bbox 458 1970 1085 1991; baseline -0.03 5"><span class='ocrx_word' id='word_1_188' title='bbox 458 1970 565 1977; x_wconf 66' lang='lat'><strong>—&quot;&#39;</strong></span> <span class='ocrx_word' id='word_1_189' title='bbox 600 1970 711 1991; x_wconf 42' lang='lat'><strong>&#39;0&#39;”</strong></span> <span class='ocrx_word' id='word_1_190' title='bbox 1068 1970 1085 1977; x_wconf 82' lang='lat'><strong>-</strong></span> 
     </span>
     <span class='ocr_line' id='line_1_29' title="bbox 455 1970 2035 2084; baseline -0.03 -12"><span class='ocrx_word' id='word_1_191' title='bbox 455 2015 727 2084; x_wconf 85' lang='lat' dir='ltr'><strong>justitiam</strong></span> <span class='ocrx_word' id='word_1_192' title='bbox 752 2024 845 2063; x_wconf 91' lang='lat' dir='ltr'><strong>ore</strong></span> <span class='ocrx_word' id='word_1_193' title='bbox 876 2014 1036 2060; x_wconf 89' lang='lat' dir='ltr'><strong>tenus</strong></span> <span class='ocrx_word' id='word_1_194' title='bbox 1088 1991 1396 2067; x_wconf 86' lang='lat' dir='ltr'><strong>loquimini,</strong></span> <span class='ocrx_word' id='word_1_195' title='bbox 1424 1986 1679 2041; x_wconf 88' lang='lat' dir='ltr'><strong>manibus</strong></span> <span class='ocrx_word' id='word_1_196' title='bbox 1711 1991 1842 2034; x_wconf 87' lang='lat' dir='ltr'><strong>vero</strong></span> <span class='ocrx_word' id='word_1_197' title='bbox 1891 1970 2035 2040; x_wconf 85' lang='lat' dir='ltr'><strong>inju-</strong></span> 
     </span>
    </p>
   </div>
   <div class='ocr_carea' id='block_1_25' title="bbox 402 2079 2035 2173">
    <p class='ocr_par' dir='ltr' id='par_1_25' title="bbox 402 2079 2035 2173">
     <span class='ocr_line' id='line_1_30' title="bbox 402 2079 2035 2173; baseline -0.028 -9"><span class='ocrx_word' id='word_1_198' title='bbox 402 2096 405 2099; x_wconf 17' lang='grc' dir='ltr'><strong><em>γ</em></strong></span> <span class='ocrx_word' id='word_1_199' title='bbox 459 2108 667 2164; x_wconf 83' lang='lat' dir='ltr'><strong>stitiam</strong></span> <span class='ocrx_word' id='word_1_200' title='bbox 691 2097 1018 2173; x_wconf 85' lang='lat' dir='ltr'><strong>operamini,</strong></span> <span class='ocrx_word' id='word_1_201' title='bbox 1080 2091 1361 2157; x_wconf 89' lang='lat' dir='ltr'><strong>multaque</strong></span> <span class='ocrx_word' id='word_1_202' title='bbox 1411 2079 1576 2137; x_wconf 91' lang='lat' dir='ltr'><strong>simul</strong></span> <span class='ocrx_word' id='word_1_203' title='bbox 1624 2081 1846 2146; x_wconf 88' lang='lat' dir='ltr'><strong>peccata</strong></span> <span class='ocrx_word' id='word_1_204' title='bbox 1883 2081 2035 2122; x_wconf 89' lang='lat' dir='ltr'><strong>eom-</strong></span> 
     </span>
    </p>
   </div>
   <div class='ocr_carea' id='block_1_26' title="bbox 460 2158 2035 2275">
    <p class='ocr_par' dir='ltr' id='par_1_26' title="bbox 460 2158 2035 2275">
     <span class='ocr_line' id='line_1_31' title="bbox 460 2158 2035 2275; baseline -0.031 -15"><span class='ocrx_word' id='word_1_205' title='bbox 460 2200 678 2275; x_wconf 85' lang='lat' dir='ltr'><strong>plicatis</strong></span> <span class='ocrx_word' id='word_1_206' title='bbox 700 2158 933 2265; x_wconf 55' lang='lat' dir='ltr'><strong>;inagno</strong></span> <span class='ocrx_word' id='word_1_207' title='bbox 953 2188 1122 2262; x_wconf 71' lang='lat' dir='ltr'><strong>jutlici</strong></span> <span class='ocrx_word' id='word_1_208' title='bbox 1148 2188 1277 2239; x_wconf 87' lang='lat' dir='ltr'><strong>latet</strong></span> <span class='ocrx_word' id='word_1_209' title='bbox 1306 2178 1442 2235; x_wconf 88' lang='lat' dir='ltr'><strong>nihil</strong></span> <span class='ocrx_word' id='word_1_210' title='bbox 1467 2186 1656 2230; x_wconf 89' lang='lat' dir='ltr'><strong>eorum</strong></span> <span class='ocrx_word' id='word_1_211' title='bbox 1691 2180 1811 2237; x_wconf 67' lang='lat' dir='ltr'><strong>quae</strong></span> <span class='ocrx_word' id='word_1_212' title='bbox 1833 2158 2035 2231; x_wconf 84' lang='lat' dir='ltr'><strong>singuli</strong></span> 
     </span>
     <span class='ocr_line' id='line_1_32' title="bbox 1373 2249 2013 2275; baseline -0.031 0"><span class='ocrx_word' id='word_1_213' title='bbox 1373 2269 1383 2275; x_wconf 91' lang='lat'><strong>.</strong></span> <span class='ocrx_word' id='word_1_214' title='bbox 1570 2263 1580 2274; x_wconf 87' lang='lat'><strong>.</strong></span> <span class='ocrx_word' id='word_1_215' title='bbox 1867 2249 2013 2275; x_wconf 51' lang='lat' dir='ltr'><strong>LM“:</strong></span> 
     </span>
    </p>
   </div>
   <div class='ocr_carea' id='block_1_27' title="bbox 462 2249 2037 2348">
    <p class='ocr_par' dir='ltr' id='par_1_27' title="bbox 462 2249 2037 2348">
     <span class='ocr_line' id='line_1_33' title="bbox 462 2249 2037 2348; baseline -0.03 0"><span class='ocrx_word' id='word_1_216' title='bbox 462 2249 519 2348; x_wconf 58' lang='lat' dir='ltr'><strong>in</strong></span> <span class='ocrx_word' id='word_1_217' title='bbox 536 2298 718 2345; x_wconf 90' lang='lat' dir='ltr'><strong>mente</strong></span> <span class='ocrx_word' id='word_1_218' title='bbox 747 2289 987 2341; x_wconf 79' lang='lat' dir='ltr'><strong>versant.</strong></span> <span class='ocrx_word' id='word_1_219' title='bbox 1021 2275 1248 2332; x_wconf 87' lang='lat' dir='ltr'><strong>Etiamsi</strong></span> <span class='ocrx_word' id='word_1_220' title='bbox 1299 2269 1445 2325; x_wconf 89' lang='lat' dir='ltr'><strong>enim</strong></span> <span class='ocrx_word' id='word_1_221' title='bbox 1492 2263 1616 2334; x_wconf 89' lang='lat' dir='ltr'><strong>quis</strong></span> <span class='ocrx_word' id='word_1_222' title='bbox 1661 2255 1834 2313; x_wconf 89' lang='lat' dir='ltr'><strong>oculis</strong></span> <span class='ocrx_word' id='word_1_223' title='bbox 1867 2249 2037 2305; x_wconf 91' lang='lat' dir='ltr'><strong>homi-</strong></span> 
     </span>
    </p>
   </div>
   <div class='ocr_carea' id='block_1_28' title="bbox 460 2350 2037 2436">
    <p class='ocr_par' dir='ltr' id='par_1_28' title="bbox 460 2350 2037 2436">
     <span class='ocr_line' id='line_1_34' title="bbox 460 2350 2037 2436; baseline -0.028 0"><span class='ocrx_word' id='word_1_224' title='bbox 460 2396 594 2436; x_wconf 86' lang='lat' dir='ltr'><strong>num</strong></span> <span class='ocrx_word' id='word_1_225' title='bbox 652 2379 819 2432; x_wconf 82' lang='lat' dir='ltr'><strong>latere</strong></span> <span class='ocrx_word' id='word_1_226' title='bbox 872 2371 1160 2434; x_wconf 84' lang='lat' dir='ltr'><strong>videatur;</strong></span> <span class='ocrx_word' id='word_1_227' title='bbox 1210 2371 1264 2419; x_wconf 88' lang='lat' dir='ltr'><strong>at</strong></span> <span class='ocrx_word' id='word_1_228' title='bbox 1319 2361 1459 2417; x_wconf 89' lang='lat' dir='ltr'><strong>sciat</strong></span> <span class='ocrx_word' id='word_1_229' title='bbox 1515 2350 1739 2409; x_wconf 90' lang='lat' dir='ltr'><strong>immani</strong></span> <span class='ocrx_word' id='word_1_230' title='bbox 1766 2363 1825 2402; x_wconf 91' lang='lat' dir='ltr'><strong>se</strong></span> <span class='ocrx_word' id='word_1_231' title='bbox 1852 2355 2037 2398; x_wconf 88' lang='lat' dir='ltr'><strong>errore</strong></span> 
     </span>
    </p>
   </div>
   <div class='ocr_carea' id='block_1_29' title="bbox 465 2436 2040 2538">
    <p class='ocr_par' dir='ltr' id='par_1_29' title="bbox 465 2436 2040 2538">
     <span class='ocr_line' id='line_1_35' title="bbox 465 2436 2040 2538; baseline -0.028 -9"><span class='ocrx_word' id='word_1_232' title='bbox 465 2472 591 2529; x_wconf 92' lang='lat' dir='ltr'><strong>duci</strong></span> <span class='ocrx_word' id='word_1_233' title='bbox 611 2482 837 2538; x_wconf 84' lang='lat' dir='ltr'><strong>seseque</strong></span> <span class='ocrx_word' id='word_1_234' title='bbox 888 2464 1159 2531; x_wconf 85' lang='lat' dir='ltr'><strong>decipere.</strong></span> <span class='ocrx_word' id='word_1_235' title='bbox 1190 2456 1377 2525; x_wconf 87' lang='lat' dir='ltr'><strong>Neque</strong></span> <span class='ocrx_word' id='word_1_236' title='bbox 1398 2450 1543 2507; x_wconf 85' lang='lat' dir='ltr'><strong>enim</strong></span> <span class='ocrx_word' id='word_1_237' title='bbox 1575 2457 1771 2513; x_wconf 86' lang='lat' dir='ltr'><strong>magno</strong></span> <span class='ocrx_word' id='word_1_238' title='bbox 1824 2436 2040 2492; x_wconf 83' lang='lat' dir='ltr'><strong>univer-</strong></span> 
     </span>
    </p>
   </div>
   <div class='ocr_carea' id='block_1_30' title="bbox 460 2534 2038 2631">
    <p class='ocr_par' dir='ltr' id='par_1_30' title="bbox 460 2534 2038 2631">
     <span class='ocr_line' id='line_1_36' title="bbox 460 2534 2038 2631; baseline -0.025 -11"><span class='ocrx_word' id='word_1_239' title='bbox 460 2579 649 2620; x_wconf 88' lang='lat' dir='ltr'><strong>sorum</strong></span> <span class='ocrx_word' id='word_1_240' title='bbox 673 2534 846 2631; x_wconf 78' lang='lat' dir='ltr'><strong>judici</strong></span> <span class='ocrx_word' id='word_1_241' title='bbox 883 2556 1133 2613; x_wconf 82' lang='lat' dir='ltr'><strong>occultus</strong></span> <span class='ocrx_word' id='word_1_242' title='bbox 1155 2552 1281 2612; x_wconf 87' lang='lat' dir='ltr'><strong>erit,</strong></span> <span class='ocrx_word' id='word_1_243' title='bbox 1313 2546 1381 2602; x_wconf 93' lang='lat' dir='ltr'><strong>ad</strong></span> <span class='ocrx_word' id='word_1_244' title='bbox 1400 2544 1560 2613; x_wconf 84' lang='lat' dir='ltr'><strong>cujus</strong></span> <span class='ocrx_word' id='word_1_245' title='bbox 1582 2534 1820 2593; x_wconf 84' lang='lat' dir='ltr'><strong>tribunal</strong></span> <span class='ocrx_word' id='word_1_246' title='bbox 1847 2543 2038 2586; x_wconf 90' lang='lat' dir='ltr'><strong>omnes</strong></span> 
     </span>
    </p>
   </div>
   <div class='ocr_carea' id='block_1_31' title="bbox 462 2628 2037 2718">
    <p class='ocr_par' dir='ltr' id='par_1_31' title="bbox 462 2628 2037 2718">
     <span class='ocr_line' id='line_1_37' title="bbox 462 2628 2037 2718; baseline -0.025 -5"><span class='ocrx_word' id='word_1_247' title='bbox 462 2658 745 2714; x_wconf 86' lang='lat' dir='ltr'><strong>sistemur.</strong></span> <span class='ocrx_word' id='word_1_248' title='bbox 771 2648 1057 2718; x_wconf 86' lang='lat' dir='ltr'><strong>Quomodo</strong></span> <span class='ocrx_word' id='word_1_249' title='bbox 1087 2651 1267 2698; x_wconf 86' lang='lat' dir='ltr'><strong>autem</strong></span> <span class='ocrx_word' id='word_1_250' title='bbox 1294 2638 1406 2693; x_wconf 92' lang='lat' dir='ltr'><strong>Deo</strong></span> <span class='ocrx_word' id='word_1_251' title='bbox 1435 2638 1606 2690; x_wconf 87' lang='lat' dir='ltr'><strong>latere</strong></span> <span class='ocrx_word' id='word_1_252' title='bbox 1645 2628 1878 2701; x_wconf 87' lang='lat' dir='ltr'><strong>possint,</strong></span> <span class='ocrx_word' id='word_1_253' title='bbox 1911 2634 2037 2677; x_wconf 91' lang='lat' dir='ltr'><strong>cum</strong></span> 
     </span>
    </p>
   </div>
   <div class='ocr_carea' id='block_1_32' title="bbox 463 2714 2042 2823">
    <p class='ocr_par' dir='ltr' id='par_1_32' title="bbox 463 2714 2042 2823">
     <span class='ocr_line' id='line_1_38' title="bbox 463 2714 2042 2823; baseline -0.024 -19"><span class='ocrx_word' id='word_1_254' title='bbox 463 2753 784 2823; x_wconf 88' lang='lat' dir='ltr'><strong>priusquam</strong></span> <span class='ocrx_word' id='word_1_255' title='bbox 810 2745 864 2797; x_wconf 89' lang='lat' dir='ltr'><strong>in</strong></span> <span class='ocrx_word' id='word_1_256' title='bbox 911 2730 1087 2795; x_wconf 81' lang='lat' dir='ltr'><strong>lucem</strong></span> <span class='ocrx_word' id='word_1_257' title='bbox 1118 2733 1420 2806; x_wconf 86' lang='lat' dir='ltr'><strong>prodirent,</strong></span> <span class='ocrx_word' id='word_1_258' title='bbox 1447 2727 1520 2790; x_wconf 90' lang='lat' dir='ltr'><strong>ei,</strong></span> <span class='ocrx_word' id='word_1_259' title='bbox 1556 2723 1648 2795; x_wconf 88' lang='lat' dir='ltr'><strong>qui</strong></span> <span class='ocrx_word' id='word_1_260' title='bbox 1678 2718 1863 2777; x_wconf 90' lang='lat' dir='ltr'><strong>omnia</strong></span> <span class='ocrx_word' id='word_1_261' title='bbox 1888 2714 2042 2772; x_wconf 76' lang='lat' dir='ltr'><strong>norit</strong></span> 
     </span>
    </p>
   </div>
   <div class='ocr_carea' id='block_1_33' title="bbox 465 2819 2041 2912">
    <p class='ocr_par' dir='ltr' id='par_1_33' title="bbox 465 2819 2041 2912">
     <span class='ocr_line' id='line_1_39' title="bbox 465 2819 2041 2912; baseline -0.025 -13"><span class='ocrx_word' id='word_1_262' title='bbox 465 2854 757 2912; x_wconf 84' lang='lat' dir='ltr'><strong>antequam</strong></span> <span class='ocrx_word' id='word_1_263' title='bbox 802 2839 961 2897; x_wconf 85' lang='lat' dir='ltr'><strong>llant,</strong></span> <span class='ocrx_word' id='word_1_264' title='bbox 1020 2831 1225 2903; x_wconf 72' lang='lat' dir='ltr'><strong>cogniti</strong></span> <span class='ocrx_word' id='word_1_265' title='bbox 1268 2822 1495 2882; x_wconf 80' lang='lat' dir='ltr'><strong>essent?</strong></span> <span class='ocrx_word' id='word_1_266' title='bbox 1548 2819 1729 2884; x_wconf 84' lang='lat' dir='ltr'><strong>Quare</strong></span> <span class='ocrx_word' id='word_1_267' title='bbox 1748 2820 2041 2880; x_wconf 87' lang='lat' dir='ltr'><strong>antequam</strong></span> 
     </span>
    </p>
   </div>
   <div class='ocr_carea' id='block_1_34' title="bbox 465 2901 2042 2998">
    <p class='ocr_par' dir='ltr' id='par_1_34' title="bbox 465 2901 2042 2998">
     <span class='ocr_line' id='line_1_40' title="bbox 465 2901 2042 2998; baseline -0.023 -7"><span class='ocrx_word' id='word_1_268' title='bbox 465 2939 677 2998; x_wconf 82' lang='lat' dir='ltr'><strong>tierent,</strong></span> <span class='ocrx_word' id='word_1_269' title='bbox 706 2946 824 2993; x_wconf 88' lang='lat' dir='ltr'><strong>eos,</strong></span> <span class='ocrx_word' id='word_1_270' title='bbox 857 2926 1012 2998; x_wconf 89' lang='lat' dir='ltr'><strong>quasi</strong></span> <span class='ocrx_word' id='word_1_271' title='bbox 1032 2901 1145 2992; x_wconf 83' lang='lat' dir='ltr'><strong>jam</strong></span> <span class='ocrx_word' id='word_1_272' title='bbox 1176 2918 1521 2975; x_wconf 78' lang='lat' dir='ltr'><strong>exsisterent,</strong></span> <span class='ocrx_word' id='word_1_273' title='bbox 1545 2909 1679 2965; x_wconf 89' lang='lat' dir='ltr'><strong>tales</strong></span> <span class='ocrx_word' id='word_1_274' title='bbox 1704 2904 1820 2961; x_wconf 75' lang='lat' dir='ltr'><strong>fore</strong></span> <span class='ocrx_word' id='word_1_275' title='bbox 1852 2901 2042 2972; x_wconf 89' lang='lat' dir='ltr'><strong>quales</strong></span> 
     </span>
    </p>
   </div>
   <div class='ocr_carea' id='block_1_35' title="bbox 462 2996 2041 3101">
    <p class='ocr_par' dir='ltr' id='par_1_35' title="bbox 462 2996 2041 3101">
     <span class='ocr_line' id='line_1_41' title="bbox 462 2996 2041 3101; baseline -0.024 -18"><span class='ocrx_word' id='word_1_276' title='bbox 462 3032 573 3101; x_wconf 84' lang='lat' dir='ltr'><strong>jam</strong></span> <span class='ocrx_word' id='word_1_277' title='bbox 591 2996 720 3081; x_wconf 81' lang='lat' dir='ltr'><strong>sunt</strong></span> <span class='ocrx_word' id='word_1_278' title='bbox 748 2996 1145 3094; x_wconf 80' lang='lat' dir='ltr'><strong>prospiciebat:</strong></span> <span class='ocrx_word' id='word_1_279' title='bbox 1177 3010 1373 3065; x_wconf 79' lang='lat' dir='ltr'><strong>exinde</strong></span> <span class='ocrx_word' id='word_1_280' title='bbox 1411 3002 1665 3071; x_wconf 89' lang='lat' dir='ltr'><strong>verojam</strong></span> <span class='ocrx_word' id='word_1_281' title='bbox 1695 2996 1839 3069; x_wconf 88' lang='lat' dir='ltr'><strong>apud</strong></span> <span class='ocrx_word' id='word_1_282' title='bbox 1863 2997 2041 3067; x_wconf 89' lang='lat' dir='ltr'><strong>ipsum</strong></span> 
     </span>
    </p>
   </div>
   <div class='ocr_carea' id='block_1_36' title="bbox 468 3095 2112 3189">
    <p class='ocr_par' dir='ltr' id='par_1_36' title="bbox 468 3095 2112 3189">
     <span class='ocr_line' id='line_1_42' title="bbox 468 3095 2112 3189; baseline -0.024 -15"><span class='ocrx_word' id='word_1_283' title='bbox 468 3095 741 3189; x_wconf 73' lang='lat' dir='ltr'><strong>reprobati</strong></span> <span class='ocrx_word' id='word_1_284' title='bbox 793 3118 971 3168; x_wconf 87' lang='lat' dir='ltr'><strong>erant.</strong></span> <span class='ocrx_word' id='word_1_285' title='bbox 1016 3104 1247 3161; x_wconf 79' lang='lat' dir='ltr'><strong>Alienati</strong></span> <span class='ocrx_word' id='word_1_286' title='bbox 1302 3106 1425 3153; x_wconf 86' lang='lat' dir='ltr'><strong>sunt</strong></span> <span class='ocrx_word' id='word_1_287' title='bbox 1471 3095 1636 3166; x_wconf 84' lang='lat' dir='ltr'><strong>igitur</strong></span> <span class='ocrx_word' id='word_1_288' title='bbox 1677 3096 1972 3161; x_wconf 84' lang='lat' dir='ltr'><strong>peccatores</strong></span> <span class='ocrx_word' id='word_1_289' title='bbox 2010 3100 2043 3137; x_wconf 94' lang='lat' dir='ltr'><strong>a</strong></span> <span class='ocrx_word' id='word_1_290' title='bbox 2070 3121 2112 3180; x_wconf 64' lang='grc' dir='ltr'>α</span> 
     </span>
    </p>
   </div>
   <div class='ocr_carea' id='block_1_37' title="bbox 469 3178 2043 3263">
    <p class='ocr_par' dir='ltr' id='par_1_37' title="bbox 469 3178 2043 3263">
     <span class='ocr_line' id='line_1_43' title="bbox 469 3178 2043 3263; baseline -0.024 0"><span class='ocrx_word' id='word_1_291' title='bbox 469 3178 639 3263; x_wconf 60' lang='lat' dir='ltr'><strong>valva.</strong></span> <span class='ocrx_word' id='word_1_292' title='bbox 673 3205 750 3258; x_wconf 85' lang='lat' dir='ltr'><strong>Ac</strong></span> <span class='ocrx_word' id='word_1_293' title='bbox 766 3198 982 3258; x_wconf 85' lang='lat' dir='ltr'><strong>etiamsi</strong></span> <span class='ocrx_word' id='word_1_294' title='bbox 1015 3194 1175 3251; x_wconf 89' lang='lat' dir='ltr'><strong>hodie</strong></span> <span class='ocrx_word' id='word_1_295' title='bbox 1203 3188 1471 3262; x_wconf 86' lang='lat' dir='ltr'><strong>justitiam</strong></span> <span class='ocrx_word' id='word_1_296' title='bbox 1524 3181 1779 3239; x_wconf 86' lang='lat' dir='ltr'><strong>simulate</strong></span> <span class='ocrx_word' id='word_1_297' title='bbox 1810 3178 2043 3247; x_wconf 82' lang='lat' dir='ltr'><strong>loquan-</strong></span> 
     </span>
    </p>
   </div>
   <div class='ocr_carea' id='block_1_38' title="bbox 471 3268 2042 3368">
    <p class='ocr_par' dir='ltr' id='par_1_38' title="bbox 471 3268 2042 3368">
     <span class='ocr_line' id='line_1_44' title="bbox 471 3268 2042 3368; baseline -0.024 -12"><span class='ocrx_word' id='word_1_298' title='bbox 471 3312 580 3364; x_wconf 88' lang='lat' dir='ltr'><strong>tur,</strong></span> <span class='ocrx_word' id='word_1_299' title='bbox 615 3296 871 3368; x_wconf 90' lang='lat' dir='ltr'><strong>operibus</strong></span> <span class='ocrx_word' id='word_1_300' title='bbox 913 3287 1189 3345; x_wconf 88' lang='lat' dir='ltr'><strong>contraria</strong></span> <span class='ocrx_word' id='word_1_301' title='bbox 1236 3279 1647 3353; x_wconf 77' lang='lat' dir='ltr'><strong>aggredientes;</strong></span> <span class='ocrx_word' id='word_1_302' title='bbox 1682 3281 1738 3326; x_wconf 89' lang='lat' dir='ltr'><strong>at</strong></span> <span class='ocrx_word' id='word_1_303' title='bbox 1785 3285 1894 3325; x_wconf 92' lang='lat' dir='ltr'><strong>non</strong></span> <span class='ocrx_word' id='word_1_304' title='bbox 1930 3268 2042 3337; x_wconf 88' lang='lat' dir='ltr'><strong>jam</strong></span> 
     </span>
    </p>
   </div>
   <div class='ocr_carea' id='block_1_39' title="bbox 469 3363 2045 3467">
    <p class='ocr_par' dir='ltr' id='par_1_39' title="bbox 469 3363 2045 3467">
     <span class='ocr_line' id='line_1_45' title="bbox 469 3363 2045 3467; baseline -0.022 -19"><span class='ocrx_word' id='word_1_305' title='bbox 469 3395 556 3467; x_wconf 97' lang='lat' dir='ltr'><strong>pri</strong></span> <span class='ocrx_word' id='word_1_306' title='bbox 580 3363 714 3447; x_wconf 46' lang='lat' dir='ltr'><strong>uu-m</strong></span> <span class='ocrx_word' id='word_1_307' title='bbox 742 3389 884 3459; x_wconf 86' lang='lat' dir='ltr'><strong>apud</strong></span> <span class='ocrx_word' id='word_1_308' title='bbox 909 3385 1075 3440; x_wconf 90' lang='lat' dir='ltr'><strong>Deum</strong></span> <span class='ocrx_word' id='word_1_309' title='bbox 1104 3380 1246 3435; x_wconf 86' lang='lat' dir='ltr'><strong>tales</strong></span> <span class='ocrx_word' id='word_1_310' title='bbox 1279 3391 1401 3432; x_wconf 88' lang='lat' dir='ltr'><strong>esse</strong></span> <span class='ocrx_word' id='word_1_311' title='bbox 1426 3372 1715 3427; x_wconf 88' lang='lat' dir='ltr'><strong>videntur:</strong></span> <span class='ocrx_word' id='word_1_312' title='bbox 1741 3365 1833 3421; x_wconf 81' lang='lat' dir='ltr'><strong>sed</strong></span> <span class='ocrx_word' id='word_1_313' title='bbox 1864 3363 2045 3434; x_wconf 88' lang='lat' dir='ltr'><strong>prius-</strong></span> 
     </span>
    </p>
   </div>
   <div class='ocr_carea' id='block_1_40' title="bbox 468 3454 2045 3556">
    <p class='ocr_par' dir='ltr' id='par_1_40' title="bbox 468 3454 2045 3556">
     <span class='ocr_line' id='line_1_46' title="bbox 468 3454 2045 3556; baseline -0.023 -14"><span class='ocrx_word' id='word_1_314' title='bbox 468 3502 633 3556; x_wconf 83' lang='lat' dir='ltr'><strong>quam</strong></span> <span class='ocrx_word' id='word_1_315' title='bbox 693 3500 760 3539; x_wconf 83' lang='lat' dir='ltr'><strong>ex</strong></span> <span class='ocrx_word' id='word_1_316' title='bbox 808 3489 967 3536; x_wconf 89' lang='lat' dir='ltr'><strong>utero</strong></span> <span class='ocrx_word' id='word_1_317' title='bbox 1026 3476 1342 3548; x_wconf 85' lang='lat' dir='ltr'><strong>prodirent;</strong></span> <span class='ocrx_word' id='word_1_318' title='bbox 1375 3470 1510 3540; x_wconf 85' lang='lat' dir='ltr'><strong>quin</strong></span> <span class='ocrx_word' id='word_1_319' title='bbox 1544 3473 1599 3519; x_wconf 88' lang='lat' dir='ltr'><strong>et</strong></span> <span class='ocrx_word' id='word_1_320' title='bbox 1642 3469 1933 3529; x_wconf 86' lang='lat' dir='ltr'><strong>antequam</strong></span> <span class='ocrx_word' id='word_1_321' title='bbox 1988 3454 2045 3508; x_wconf 93' lang='lat' dir='ltr'><strong>in</strong></span> 
     </span>
    </p>
   </div>
   <div class='ocr_carea' id='block_1_41' title="bbox 469 3567 2049 3646">
    <p class='ocr_par' dir='ltr' id='par_1_41' title="bbox 469 3567 2049 3646">
     <span class='ocr_line' id='line_1_47' title="bbox 469 3567 2049 3646; baseline -0.021 -10"><span class='ocrx_word' id='word_1_322' title='bbox 469 3581 643 3636; x_wconf 64' lang='lat' dir='ltr'><strong>vulva:</strong></span> <span class='ocrx_word' id='word_1_323' title='bbox 673 3573 1018 3646; x_wconf 70' lang='lat' dir='ltr'><strong>receptaculo</strong></span> <span class='ocrx_word' id='word_1_324' title='bbox 1039 3569 1463 3638; x_wconf 83' lang='lat' dir='ltr'><strong>conciperentur</strong></span> <span class='ocrx_word' id='word_1_325' title='bbox 1479 3603 1494 3625; x_wconf 91' lang='lat'><strong>,</strong></span> <span class='ocrx_word' id='word_1_326' title='bbox 1521 3576 1585 3614; x_wconf 79' lang='lat' dir='ltr'><strong>ex</strong></span> <span class='ocrx_word' id='word_1_327' title='bbox 1608 3569 1836 3613; x_wconf 91' lang='lat' dir='ltr'><strong>numero</strong></span> <span class='ocrx_word' id='word_1_328' title='bbox 1857 3567 2049 3608; x_wconf 89' lang='lat' dir='ltr'><strong>erran-</strong></span> 
     </span>
    </p>
   </div>
   <div class='ocr_carea' id='block_1_42' title="bbox 472 3648 2049 3736">
    <p class='ocr_par' dir='ltr' id='par_1_42' title="bbox 472 3648 2049 3736">
     <span class='ocr_line' id='line_1_48' title="bbox 472 3648 2049 3736; baseline -0.017 -9"><span class='ocrx_word' id='word_1_329' title='bbox 472 3675 607 3727; x_wconf 89' lang='lat' dir='ltr'><strong>tium</strong></span> <span class='ocrx_word' id='word_1_330' title='bbox 635 3672 788 3725; x_wconf 90' lang='lat' dir='ltr'><strong>abeo</strong></span> <span class='ocrx_word' id='word_1_331' title='bbox 838 3665 1252 3736; x_wconf 89' lang='lat' dir='ltr'><strong>reputabautur,</strong></span> <span class='ocrx_word' id='word_1_332' title='bbox 1287 3666 1340 3714; x_wconf 90' lang='lat' dir='ltr'><strong>et</strong></span> <span class='ocrx_word' id='word_1_333' title='bbox 1368 3655 1515 3727; x_wconf 92' lang='lat' dir='ltr'><strong>quod</strong></span> <span class='ocrx_word' id='word_1_334' title='bbox 1556 3654 1692 3708; x_wconf 88' lang='lat' dir='ltr'><strong>tales</strong></span> <span class='ocrx_word' id='word_1_335' title='bbox 1742 3648 1912 3704; x_wconf 81' lang='lat' dir='ltr'><strong>futuri</strong></span> <span class='ocrx_word' id='word_1_336' title='bbox 1961 3662 2049 3701; x_wconf 91' lang='lat' dir='ltr'><strong>es-</strong></span> 
     </span>
    </p>
   </div>
   <div class='ocr_carea' id='block_1_43' title="bbox 471 3742 2051 3828">
    <p class='ocr_par' dir='ltr' id='par_1_43' title="bbox 471 3742 2051 3828">
     <span class='ocr_line' id='line_1_49' title="bbox 471 3742 2051 3828; baseline -0.017 -11"><span class='ocrx_word' id='word_1_337' title='bbox 471 3769 597 3817; x_wconf 70' lang='lat' dir='ltr'><strong>sent</strong></span> <span class='ocrx_word' id='word_1_338' title='bbox 649 3777 772 3825; x_wconf 54' lang='lat' dir='ltr'><strong>non,</strong></span> <span class='ocrx_word' id='word_1_339' title='bbox 800 3757 1083 3828; x_wconf 76' lang='lat' dir='ltr'><strong>ignorabat</strong></span> <span class='ocrx_word' id='word_1_340' title='bbox 1137 3753 1271 3822; x_wconf 90' lang='lat' dir='ltr'><strong>ipse.</strong></span> <span class='ocrx_word' id='word_1_341' title='bbox 1318 3746 1423 3801; x_wconf 85' lang='lat' dir='ltr'><strong>Sed</strong></span> <span class='ocrx_word' id='word_1_342' title='bbox 1459 3744 1528 3798; x_wconf 89' lang='lat' dir='ltr'><strong>ab</strong></span> <span class='ocrx_word' id='word_1_343' title='bbox 1569 3759 1634 3798; x_wconf 89' lang='lat' dir='ltr'><strong>eo</strong></span> <span class='ocrx_word' id='word_1_344' title='bbox 1664 3742 1776 3811; x_wconf 90' lang='lat' dir='ltr'><strong>jam</strong></span> <span class='ocrx_word' id='word_1_345' title='bbox 1808 3748 2051 3807; x_wconf 89' lang='lat' dir='ltr'><strong>tempore</strong></span> 
     </span>
    </p>
   </div>
   <div class='ocr_carea' id='block_1_44' title="bbox 474 3834 2052 3910">
    <p class='ocr_par' dir='ltr' id='par_1_44' title="bbox 474 3834 2052 3910">
     <span class='ocr_line' id='line_1_50' title="bbox 474 3834 2052 3910; baseline -0.018 0"><span class='ocrx_word' id='word_1_346' title='bbox 474 3861 703 3910; x_wconf 83' lang='lat' dir='ltr'><strong>noverat</strong></span> <span class='ocrx_word' id='word_1_347' title='bbox 723 3867 818 3905; x_wconf 90' lang='lat' dir='ltr'><strong>eos</strong></span> <span class='ocrx_word' id='word_1_348' title='bbox 842 3850 977 3902; x_wconf 79' lang='lat' dir='ltr'><strong>falsa</strong></span> <span class='ocrx_word' id='word_1_349' title='bbox 997 3848 1300 3904; x_wconf 87' lang='lat' dir='ltr'><strong>locuturos,</strong></span> <span class='ocrx_word' id='word_1_350' title='bbox 1340 3848 1394 3894; x_wconf 94' lang='lat' dir='ltr'><strong>et</strong></span> <span class='ocrx_word' id='word_1_351' title='bbox 1434 3837 1673 3891; x_wconf 78' lang='lat' dir='ltr'><strong>furorem</strong></span> <span class='ocrx_word' id='word_1_352' title='bbox 1706 3834 1839 3903; x_wconf 89' lang='lat' dir='ltr'><strong>ipsis</strong></span> <span class='ocrx_word' id='word_1_353' title='bbox 1867 3846 2052 3885; x_wconf 61' lang='lat' dir='ltr'><strong>secuno</strong></span> 
     </span>
    </p>
   </div>
   <div class='ocr_carea' id='block_1_45' title="bbox 473 3921 2053 4005">
    <p class='ocr_par' dir='ltr' id='par_1_45' title="bbox 473 3921 2053 4005">
     <span class='ocr_line' id='line_1_51' title="bbox 473 3921 2053 4005; baseline -0.016 -4"><span class='ocrx_word' id='word_1_354' title='bbox 473 3947 601 4001; x_wconf 72' lang='lat' dir='ltr'><strong>dum</strong></span> <span class='ocrx_word' id='word_1_355' title='bbox 624 3940 1022 4003; x_wconf 71' lang='lat' dir='ltr'><strong>similitudinem</strong></span> <span class='ocrx_word' id='word_1_356' title='bbox 1038 3935 1288 4005; x_wconf 73' lang='lat' dir='ltr'><strong>serpentis</strong></span> <span class='ocrx_word' id='word_1_357' title='bbox 1315 3933 1449 3986; x_wconf 80' lang='lat' dir='ltr'><strong>fore.</strong></span> <span class='ocrx_word' id='word_1_358' title='bbox 1478 3928 1660 3999; x_wconf 85' lang='grc' dir='ltr'>Θυμὸν</span> <span class='ocrx_word' id='word_1_359' title='bbox 1674 3935 1851 3980; x_wconf 88' lang='lat' dir='ltr'><strong>autem</strong></span> <span class='ocrx_word' id='word_1_360' title='bbox 1879 3921 2053 3979; x_wconf 55' lang='lat' dir='ltr'><strong>Graeci</strong></span> 
     </span>
    </p>
   </div>
   <div class='ocr_carea' id='block_1_46' title="bbox 477 4017 2053 4097">
    <p class='ocr_par' dir='ltr' id='par_1_46' title="bbox 477 4017 2053 4097">
     <span class='ocr_line' id='line_1_52' title="bbox 477 4017 2053 4097; baseline -0.018 -3"><span class='ocrx_word' id='word_1_361' title='bbox 477 4039 659 4094; x_wconf 88' lang='lat' dir='ltr'><strong>solent</strong></span> <span class='ocrx_word' id='word_1_362' title='bbox 685 4036 848 4090; x_wconf 87' lang='lat' dir='ltr'><strong>etiam</strong></span> <span class='ocrx_word' id='word_1_363' title='bbox 875 4033 1113 4086; x_wconf 88' lang='lat' dir='ltr'><strong>animam</strong></span> <span class='ocrx_word' id='word_1_364' title='bbox 1146 4024 1440 4097; x_wconf 86' lang='lat' dir='ltr'><strong>appellare.</strong></span> <span class='ocrx_word' id='word_1_365' title='bbox 1470 4020 1737 4087; x_wconf 86' lang='lat' dir='ltr'><strong>Quoniam</strong></span> <span class='ocrx_word' id='word_1_366' title='bbox 1762 4017 1930 4088; x_wconf 78' lang='lat' dir='ltr'><strong>igitur</strong></span> <span class='ocrx_word' id='word_1_367' title='bbox 1952 4030 2053 4068; x_wconf 90' lang='lat' dir='ltr'><strong>an-</strong></span> 
     </span>
    </p>
   </div>
   <div class='ocr_carea' id='block_1_47' title="bbox 476 4110 2052 4203">
    <p class='ocr_par' dir='ltr' id='par_1_47' title="bbox 476 4110 2052 4203">
     <span class='ocr_line' id='line_1_53' title="bbox 476 4110 2052 4203; baseline -0.015 -17"><span class='ocrx_word' id='word_1_368' title='bbox 476 4133 666 4203; x_wconf 78' lang='lat' dir='ltr'><strong>tiqbus</strong></span> <span class='ocrx_word' id='word_1_369' title='bbox 682 4122 909 4196; x_wconf 78' lang='lat' dir='ltr'><strong>serpens</strong></span> <span class='ocrx_word' id='word_1_370' title='bbox 958 4123 1053 4193; x_wconf 91' lang='lat' dir='ltr'><strong>qui</strong></span> <span class='ocrx_word' id='word_1_371' title='bbox 1082 4120 1250 4175; x_wconf 85' lang='lat' dir='ltr'><strong>Evam</strong></span> <span class='ocrx_word' id='word_1_372' title='bbox 1283 4116 1529 4187; x_wconf 89' lang='lat' dir='ltr'><strong>decepit,</strong></span> <span class='ocrx_word' id='word_1_373' title='bbox 1553 4113 1711 4170; x_wconf 81' lang='lat' dir='ltr'><strong>suavi</strong></span> <span class='ocrx_word' id='word_1_374' title='bbox 1742 4110 1962 4180; x_wconf 87' lang='lat' dir='ltr'><strong>quidem</strong></span> <span class='ocrx_word' id='word_1_375' title='bbox 1997 4116 2052 4163; x_wconf 89' lang='lat' dir='ltr'><strong>et</strong></span> 
     </span>
    </p>
   </div>
   <div class='ocr_carea' id='block_1_48' title="bbox 478 4204 2050 4280">
    <p class='ocr_par' dir='ltr' id='par_1_48' title="bbox 478 4204 2050 4280">
     <span class='ocr_line' id='line_1_54' title="bbox 478 4204 2050 4280; baseline -0.017 1"><span class='ocrx_word' id='word_1_376' title='bbox 478 4225 656 4280; x_wconf 89' lang='lat' dir='ltr'><strong>amica</strong></span> <span class='ocrx_word' id='word_1_377' title='bbox 687 4222 937 4277; x_wconf 87' lang='lat' dir='ltr'><strong>oratione</strong></span> <span class='ocrx_word' id='word_1_378' title='bbox 987 4216 1241 4272; x_wconf 82' lang='lat' dir='ltr'><strong>simulate</strong></span> <span class='ocrx_word' id='word_1_379' title='bbox 1267 4211 1542 4271; x_wconf 81' lang='lat' dir='ltr'><strong>utebatur,</strong></span> <span class='ocrx_word' id='word_1_380' title='bbox 1577 4207 1671 4261; x_wconf 89' lang='lat' dir='ltr'><strong>Dei</strong></span> <span class='ocrx_word' id='word_1_381' title='bbox 1721 4204 2050 4259; x_wconf 84' lang='lat' dir='ltr'><strong>mentionem</strong></span> 
     </span>
    </p>
   </div>
   <div class='ocr_carea' id='block_1_49' title="bbox 477 4292 2054 4378">
    <p class='ocr_par' dir='ltr' id='par_1_49' title="bbox 477 4292 2054 4378">
     <span class='ocr_line' id='line_1_55' title="bbox 477 4292 2054 4378; baseline -0.017 -6"><span class='ocrx_word' id='word_1_382' title='bbox 477 4315 736 4378; x_wconf 79' lang='lat' dir='ltr'><strong>faciebat,</strong></span> <span class='ocrx_word' id='word_1_383' title='bbox 803 4319 857 4367; x_wconf 93' lang='lat' dir='ltr'><strong>et</strong></span> <span class='ocrx_word' id='word_1_384' title='bbox 899 4324 1024 4364; x_wconf 87' lang='lat' dir='ltr'><strong>eum</strong></span> <span class='ocrx_word' id='word_1_385' title='bbox 1089 4305 1327 4377; x_wconf 89' lang='lat' dir='ltr'><strong>quadam</strong></span> <span class='ocrx_word' id='word_1_386' title='bbox 1387 4298 1604 4371; x_wconf 85' lang='lat' dir='ltr'><strong>pietatis</strong></span> <span class='ocrx_word' id='word_1_387' title='bbox 1637 4295 1817 4367; x_wconf 85' lang='lat' dir='ltr'><strong>specie</strong></span> <span class='ocrx_word' id='word_1_388' title='bbox 1840 4292 2054 4347; x_wconf 88' lang='lat' dir='ltr'><strong>mulieri</strong></span> 
     </span>
    </p>
   </div>
   <div class='ocr_carea' id='block_1_50' title="bbox 478 4384 2057 4471">
    <p class='ocr_par' dir='ltr' id='par_1_50' title="bbox 478 4384 2057 4471">
     <span class='ocr_line' id='line_1_56' title="bbox 478 4384 2057 4471; baseline -0.018 -5"><span class='ocrx_word' id='word_1_389' title='bbox 478 4410 734 4466; x_wconf 85' lang='lat' dir='ltr'><strong>dicebat:</strong></span> <span class='ocrx_word' id='word_1_390' title='bbox 769 4405 947 4471; x_wconf 85' lang='lat' dir='ltr'><strong>Quare</strong></span> <span class='ocrx_word' id='word_1_391' title='bbox 969 4402 1106 4455; x_wconf 78' lang='lat' dir='ltr'><strong>dixit</strong></span> <span class='ocrx_word' id='word_1_392' title='bbox 1144 4397 1324 4452; x_wconf 87' lang='lat' dir='ltr'><strong>Deus:</strong></span> <span class='ocrx_word' id='word_1_393' title='bbox 1361 4393 1442 4448; x_wconf 88' lang='lat' dir='ltr'><strong>Ne</strong></span> <span class='ocrx_word' id='word_1_394' title='bbox 1471 4389 1759 4446; x_wconf 82' lang='lat' dir='ltr'><strong>comedatis</strong></span> <span class='ocrx_word' id='word_1_395' title='bbox 1800 4402 1866 4441; x_wconf 80' lang='lat' dir='ltr'><strong>ea:</strong></span> <span class='ocrx_word' id='word_1_396' title='bbox 1912 4384 2057 4439; x_wconf 87' lang='lat' dir='ltr'><strong>omni</strong></span> 
     </span>
    </p>
   </div>
   <div class='ocr_carea' id='block_1_51' title="bbox 480 4478 2051 4574">
    <p class='ocr_par' dir='ltr' id='par_1_51' title="bbox 480 4478 2051 4574">
     <span class='ocr_line' id='line_1_57' title="bbox 480 4478 2051 4574; baseline -0.018 -16"><span class='ocrx_word' id='word_1_397' title='bbox 480 4504 643 4574; x_wconf 76' lang='lat' dir='ltr'><strong>ligno,</strong></span> <span class='ocrx_word' id='word_1_398' title='bbox 664 4499 801 4572; x_wconf 82' lang='lat' dir='ltr'><strong>quod</strong></span> <span class='ocrx_word' id='word_1_399' title='bbox 834 4507 911 4553; x_wconf 86' lang='lat' dir='ltr'><strong>est</strong></span> <span class='ocrx_word' id='word_1_400' title='bbox 934 4498 988 4550; x_wconf 88' lang='lat' dir='ltr'><strong>iu</strong></span> <span class='ocrx_word' id='word_1_401' title='bbox 1022 4491 1275 4565; x_wconf 82' lang='lat' dir='ltr'><strong>paradiso</strong></span> <span class='ocrx_word' id='word_1_402' title='bbox 1305 4489 1385 4543; x_wconf 69' lang='lat' dir='ltr'><strong>u‘?</strong></span> <span class='ocrx_word' id='word_1_403' title='bbox 1422 4502 1486 4542; x_wconf 87' lang='lat' dir='ltr'><strong>ac</strong></span> <span class='ocrx_word' id='word_1_404' title='bbox 1545 4497 1764 4539; x_wconf 90' lang='lat' dir='ltr'><strong>rursum</strong></span> <span class='ocrx_word' id='word_1_405' title='bbox 1794 4499 1807 4534; x_wconf 92' lang='lat'>:</span> <span class='ocrx_word' id='word_1_406' title='bbox 1843 4478 2051 4535; x_wconf 82' lang='lat' dir='ltr'><strong>Sciebat</strong></span> 
     </span>
    </p>
   </div>
   <div class='ocr_carea' id='block_1_52' title="bbox 478 4578 2057 4662">
    <p class='ocr_par' dir='ltr' id='par_1_52' title="bbox 478 4578 2057 4662">
     <span class='ocr_line' id='line_1_58' title="bbox 478 4578 2057 4662; baseline -0.019 -9"><span class='ocrx_word' id='word_1_407' title='bbox 478 4598 618 4653; x_wconf 85' lang='lat' dir='ltr'><strong>enim</strong></span> <span class='ocrx_word' id='word_1_408' title='bbox 636 4595 797 4659; x_wconf 85' lang='lat' dir='ltr'><strong>Deus,</strong></span> <span class='ocrx_word' id='word_1_409' title='bbox 820 4590 956 4662; x_wconf 85' lang='lat' dir='ltr'><strong>quod</strong></span> <span class='ocrx_word' id='word_1_410' title='bbox 971 4601 1275 4659; x_wconf 84' lang='lat' dir='ltr'><strong>quacunque</strong></span> <span class='ocrx_word' id='word_1_411' title='bbox 1294 4583 1379 4636; x_wconf 83' lang='lat' dir='ltr'><strong>die</strong></span> <span class='ocrx_word' id='word_1_412' title='bbox 1394 4578 1724 4635; x_wconf 82' lang='lat' dir='ltr'><strong>comederitis</strong></span> <span class='ocrx_word' id='word_1_413' title='bbox 1748 4591 1813 4629; x_wconf 73' lang='lat' dir='ltr'><strong>ex</strong></span> <span class='ocrx_word' id='word_1_414' title='bbox 1834 4590 1914 4639; x_wconf 88' lang='lat' dir='ltr'><strong>eo,</strong></span> <span class='ocrx_word' id='word_1_415' title='bbox 1934 4587 2057 4640; x_wconf 86' lang='lat' dir='ltr'><strong>ape-</strong></span> 
     </span>
    </p>
   </div>
   <div class='ocr_carea' id='block_1_53' title="bbox 483 4668 2057 4755">
    <p class='ocr_par' dir='ltr' id='par_1_53' title="bbox 483 4668 2057 4755">
     <span class='ocr_line' id='line_1_59' title="bbox 483 4668 2057 4755; baseline -0.017 -10"><span class='ocrx_word' id='word_1_416' title='bbox 483 4694 689 4745; x_wconf 86' lang='lat' dir='ltr'><strong>rientur</strong></span> <span class='ocrx_word' id='word_1_417' title='bbox 705 4686 842 4740; x_wconf 85' lang='lat' dir='ltr'><strong>oculi</strong></span> <span class='ocrx_word' id='word_1_418' title='bbox 871 4684 1047 4755; x_wconf 79' lang='lat' dir='ltr'><strong>vestri,</strong></span> <span class='ocrx_word' id='word_1_419' title='bbox 1075 4690 1123 4735; x_wconf 80' lang='lat' dir='ltr'><strong>et</strong></span> <span class='ocrx_word' id='word_1_420' title='bbox 1143 4680 1289 4734; x_wconf 84' lang='lat' dir='ltr'><strong>eritis</strong></span> <span class='ocrx_word' id='word_1_421' title='bbox 1306 4677 1442 4730; x_wconf 85' lang='lat' dir='ltr'><strong>sicut</strong></span> <span class='ocrx_word' id='word_1_422' title='bbox 1478 4674 1578 4739; x_wconf 84' lang='lat' dir='ltr'><strong>dii,</strong></span> <span class='ocrx_word' id='word_1_423' title='bbox 1604 4672 1821 4727; x_wconf 82' lang='lat' dir='ltr'><strong>scientes</strong></span> <span class='ocrx_word' id='word_1_424' title='bbox 1865 4668 2057 4722; x_wconf 85' lang='lat' dir='ltr'><strong>bonum</strong></span> 
     </span>
    </p>
   </div>
   <div class='ocr_carea' id='block_1_54' title="bbox 485 4767 2059 4844">
    <p class='ocr_par' dir='ltr' id='par_1_54' title="bbox 485 4767 2059 4844">
     <span class='ocr_line' id='line_1_60' title="bbox 485 4767 2059 4844; baseline -0.012 -6"><span class='ocrx_word' id='word_1_425' title='bbox 485 4791 536 4838; x_wconf 86' lang='lat' dir='ltr'><strong>et</strong></span> <span class='ocrx_word' id='word_1_426' title='bbox 566 4779 844 4835; x_wconf 76' lang='lat' dir='ltr'><strong>malum“.</strong></span> <span class='ocrx_word' id='word_1_427' title='bbox 886 4780 952 4830; x_wconf 78' lang='lat' dir='ltr'><strong>Et</strong></span> <span class='ocrx_word' id='word_1_428' title='bbox 1004 4775 1202 4830; x_wconf 89' lang='lat' dir='ltr'><strong>talibus</strong></span> <span class='ocrx_word' id='word_1_429' title='bbox 1234 4773 1453 4844; x_wconf 90' lang='lat' dir='ltr'><strong>quidem</strong></span> <span class='ocrx_word' id='word_1_430' title='bbox 1485 4769 1647 4824; x_wconf 90' lang='lat' dir='ltr'><strong>dictis</strong></span> <span class='ocrx_word' id='word_1_431' title='bbox 1675 4767 1960 4829; x_wconf 88' lang='lat' dir='ltr'><strong>simulans,</strong></span> <span class='ocrx_word' id='word_1_432' title='bbox 2004 4772 2059 4821; x_wconf 90' lang='lat' dir='ltr'><strong>et</strong></span> 
     </span>
    </p>
   </div>
   <div class='ocr_carea' id='block_1_55' title="bbox 484 4863 2057 4939">
    <p class='ocr_par' dir='ltr' id='par_1_55' title="bbox 484 4863 2057 4939">
     <span class='ocr_line' id='line_1_61' title="bbox 484 4863 2057 4939; baseline -0.008 -12"><span class='ocrx_word' id='word_1_433' title='bbox 484 4874 656 4930; x_wconf 88' lang='lat' dir='ltr'><strong>Deum</strong></span> <span class='ocrx_word' id='word_1_434' title='bbox 680 4889 737 4926; x_wconf 90' lang='lat' dir='ltr'><strong>se</strong></span> <span class='ocrx_word' id='word_1_435' title='bbox 754 4885 916 4926; x_wconf 89' lang='lat' dir='ltr'><strong>nosse</strong></span> <span class='ocrx_word' id='word_1_436' title='bbox 966 4866 1282 4939; x_wconf 62' lang='lat' dir='ltr'><strong>praeferens,</strong></span> <span class='ocrx_word' id='word_1_437' title='bbox 1323 4865 1604 4920; x_wconf 90' lang='lat' dir='ltr'><strong>mulierem</strong></span> <span class='ocrx_word' id='word_1_438' title='bbox 1642 4863 2057 4932; x_wconf 86' lang='lat' dir='ltr'><strong>alloquebatur;</strong></span> 
     </span>
    </p>
   </div>
   <div class='ocr_carea' id='block_1_56' title="bbox 486 4956 2058 5031">
    <p class='ocr_par' dir='ltr' id='par_1_56' title="bbox 486 4956 2058 5031">
     <span class='ocr_line' id='line_1_62' title="bbox 486 4956 2058 5031; baseline -0.009 -9"><span class='ocrx_word' id='word_1_439' title='bbox 486 4969 545 5022; x_wconf 93' lang='lat' dir='ltr'><strong>in</strong></span> <span class='ocrx_word' id='word_1_440' title='bbox 563 4964 730 5019; x_wconf 89' lang='lat' dir='ltr'><strong>corde</strong></span> <span class='ocrx_word' id='word_1_441' title='bbox 750 4971 929 5018; x_wconf 85' lang='lat' dir='ltr'><strong>autem</strong></span> <span class='ocrx_word' id='word_1_442' title='bbox 959 4961 1276 5031; x_wconf 89' lang='lat' dir='ltr'><strong>iniquitates</strong></span> <span class='ocrx_word' id='word_1_443' title='bbox 1318 4957 1671 5029; x_wconf 86' lang='lat' dir='ltr'><strong>operabatur,</strong></span> <span class='ocrx_word' id='word_1_444' title='bbox 1714 4970 1777 5009; x_wconf 91' lang='lat' dir='ltr'><strong>ac</strong></span> <span class='ocrx_word' id='word_1_445' title='bbox 1800 4956 2058 5024; x_wconf 87' lang='lat' dir='ltr'><strong>operibus</strong></span> 
     </span>
    </p>
   </div>
   <div class='ocr_carea' id='block_1_57' title="bbox 487 5050 2063 5128">
    <p class='ocr_par' dir='ltr' id='par_1_57' title="bbox 487 5050 2063 5128">
     <span class='ocr_line' id='line_1_63' title="bbox 487 5050 2063 5128; baseline -0.008 -14"><span class='ocrx_word' id='word_1_446' title='bbox 487 5056 812 5128; x_wconf 89' lang='lat' dir='ltr'><strong>injustitiam</strong></span> <span class='ocrx_word' id='word_1_447' title='bbox 844 5055 1224 5125; x_wconf 86' lang='lat' dir='ltr'><strong>complicabat.</strong></span> <span class='ocrx_word' id='word_1_448' title='bbox 1259 5052 1451 5108; x_wconf 79' lang='lat' dir='ltr'><strong>Merito</strong></span> <span class='ocrx_word' id='word_1_449' title='bbox 1472 5051 1525 5105; x_wconf 91' lang='lat' dir='ltr'><strong>hi</strong></span> <span class='ocrx_word' id='word_1_450' title='bbox 1558 5065 1775 5121; x_wconf 88' lang='lat' dir='ltr'><strong>quoque</strong></span> <span class='ocrx_word' id='word_1_451' title='bbox 1805 5050 2063 5104; x_wconf 86' lang='lat' dir='ltr'><strong>dicuntur</strong></span> 
     </span>
    </p>
   </div>
   <div class='ocr_carea' id='block_1_58' title="bbox 490 5144 2064 5214">
    <p class='ocr_par' dir='ltr' id='par_1_58' title="bbox 490 5144 2064 5214">
     <span class='ocr_line' id='line_1_64' title="bbox 490 5144 2064 5214; baseline -0.004 -9"><span class='ocrx_word' id='word_1_452' title='bbox 490 5152 732 5205; x_wconf 82' lang='lat' dir='ltr'><strong>furorem</strong></span> <span class='ocrx_word' id='word_1_453' title='bbox 754 5157 808 5201; x_wconf 92' lang='lat' dir='ltr'><strong>et</strong></span> <span class='ocrx_word' id='word_1_454' title='bbox 839 5148 1077 5202; x_wconf 88' lang='lat' dir='ltr'><strong>animam</strong></span> <span class='ocrx_word' id='word_1_455' title='bbox 1107 5147 1307 5201; x_wconf 90' lang='lat' dir='ltr'><strong>habere</strong></span> <span class='ocrx_word' id='word_1_456' title='bbox 1362 5153 1667 5201; x_wconf 86' lang='lat' dir='ltr'><strong>memorato</strong></span> <span class='ocrx_word' id='word_1_457' title='bbox 1713 5144 1954 5214; x_wconf 85' lang='lat' dir='ltr'><strong>serpenti</strong></span> <span class='ocrx_word' id='word_1_458' title='bbox 1988 5145 2064 5199; x_wconf 90' lang='lat' dir='ltr'><strong>si-</strong></span> 
     </span>
    </p>
   </div>
   <div class='ocr_carea' id='block_1_59' title="bbox 489 5237 2061 5310">
    <p class='ocr_par' dir='ltr' id='par_1_59' title="bbox 489 5237 2061 5310">
     <span class='ocr_line' id='line_1_65' title="bbox 489 5237 2061 5310; baseline -0.003 -13"><span class='ocrx_word' id='word_1_459' title='bbox 489 5242 694 5297; x_wconf 88' lang='lat' dir='ltr'><strong>milem.</strong></span> <span class='ocrx_word' id='word_1_460' title='bbox 717 5237 870 5306; x_wconf 88' lang='lat' dir='ltr'><strong>Quod</strong></span> <span class='ocrx_word' id='word_1_461' title='bbox 901 5239 1078 5307; x_wconf 88' lang='lat' dir='ltr'><strong>ipsum</strong></span> <span class='ocrx_word' id='word_1_462' title='bbox 1109 5238 1251 5294; x_wconf 88' lang='lat' dir='ltr'><strong>Deus</strong></span> <span class='ocrx_word' id='word_1_463' title='bbox 1278 5240 1618 5308; x_wconf 64' lang='lat' dir='ltr'><strong>pnescientia</strong></span> <span class='ocrx_word' id='word_1_464' title='bbox 1651 5254 1746 5294; x_wconf 89' lang='lat' dir='ltr'><strong>sua</strong></span> <span class='ocrx_word' id='word_1_465' title='bbox 1782 5252 2061 5310; x_wconf 69' lang='lat' dir='ltr'><strong>praeoccu-</strong></span> 
     </span>
    </p>
   </div>
   <div class='ocr_carea' id='block_1_60' title="bbox 491 5330 2064 5402">
    <p class='ocr_par' dir='ltr' id='par_1_60' title="bbox 491 5330 2064 5402">
     <span class='ocr_line' id='line_1_66' title="bbox 491 5330 2064 5402; baseline -0.001 -15"><span class='ocrx_word' id='word_1_466' title='bbox 491 5335 659 5402; x_wconf 87' lang='lat' dir='ltr'><strong>pavit.</strong></span> <span class='ocrx_word' id='word_1_467' title='bbox 677 5330 812 5387; x_wconf 81' lang='lat' dir='ltr'><strong>Nam</strong></span> <span class='ocrx_word' id='word_1_468' title='bbox 835 5332 913 5398; x_wconf 90' lang='lat' dir='ltr'><strong>hi,</strong></span> <span class='ocrx_word' id='word_1_469' title='bbox 937 5331 1139 5387; x_wconf 88' lang='lat' dir='ltr'><strong>auditis</strong></span> <span class='ocrx_word' id='word_1_470' title='bbox 1163 5331 1362 5387; x_wconf 91' lang='lat' dir='ltr'><strong>divinis</strong></span> <span class='ocrx_word' id='word_1_471' title='bbox 1393 5331 1759 5396; x_wconf 88' lang='lat' dir='ltr'><strong>sermonibus,</strong></span> <span class='ocrx_word' id='word_1_472' title='bbox 1781 5332 2064 5401; x_wconf 86' lang='lat' dir='ltr'><strong>sacrisque</strong></span> 
     </span>
    </p>
   </div>
   <div class='ocr_carea' id='block_1_61' title="bbox 490 5424 2063 5495">
    <p class='ocr_par' dir='ltr' id='par_1_61' title="bbox 490 5424 2063 5495">
     <span class='ocr_line' id='line_1_67' title="bbox 490 5424 2063 5495; baseline -0.002 -15"><span class='ocrx_word' id='word_1_473' title='bbox 490 5427 674 5481; x_wconf 80' lang='lat' dir='ltr'><strong>verbis</strong></span> <span class='ocrx_word' id='word_1_474' title='bbox 728 5425 951 5492; x_wconf 90' lang='lat' dir='ltr'><strong>eruditi,</strong></span> <span class='ocrx_word' id='word_1_475' title='bbox 992 5424 1128 5479; x_wconf 88' lang='lat' dir='ltr'><strong>nihil</strong></span> <span class='ocrx_word' id='word_1_476' title='bbox 1189 5424 1255 5478; x_wconf 89' lang='lat' dir='ltr'><strong>ad</strong></span> <span class='ocrx_word' id='word_1_477' title='bbox 1314 5424 1601 5478; x_wconf 87' lang='lat' dir='ltr'><strong>utilitatem</strong></span> <span class='ocrx_word' id='word_1_478' title='bbox 1658 5428 1892 5495; x_wconf 86' lang='lat' dir='ltr'><strong>parient.</strong></span> <span class='ocrx_word' id='word_1_479' title='bbox 1934 5424 2063 5494; x_wconf 91' lang='lat' dir='ltr'><strong>quia</strong></span> 
     </span>
    </p>
   </div>
   <div class='ocr_carea' id='block_1_62' title="bbox 494 5517 2062 5590">
    <p class='ocr_par' dir='ltr' id='par_1_62' title="bbox 494 5517 2062 5590">
     <span class='ocr_line' id='line_1_68' title="bbox 494 5517 2062 5590; baseline 0.001 -17"><span class='ocrx_word' id='word_1_480' title='bbox 494 5536 655 5576; x_wconf 80' lang='lat' dir='ltr'><strong>aures</strong></span> <span class='ocrx_word' id='word_1_481' title='bbox 701 5520 1034 5584; x_wconf 88' lang='lat' dir='ltr'><strong>occludunt,</strong></span> <span class='ocrx_word' id='word_1_482' title='bbox 1061 5534 1237 5590; x_wconf 87' lang='lat' dir='ltr'><strong>neque</strong></span> <span class='ocrx_word' id='word_1_483' title='bbox 1279 5517 1590 5574; x_wconf 89' lang='lat' dir='ltr'><strong>divinarum</strong></span> <span class='ocrx_word' id='word_1_484' title='bbox 1631 5521 2062 5576; x_wconf 89' lang='lat' dir='ltr'><strong>incantationum</strong></span> 
     </span>
    </p>
   </div>
   <div class='ocr_carea' id='block_1_63' title="bbox 493 5611 2066 5685">
    <p class='ocr_par' dir='ltr' id='par_1_63' title="bbox 493 5611 2066 5685">
     <span class='ocr_line' id='line_1_69' title="bbox 493 5611 2066 5685; baseline 0.003 -21"><span class='ocrx_word' id='word_1_485' title='bbox 493 5611 726 5668; x_wconf 86' lang='lat' dir='ltr'><strong>virtutes</strong></span> <span class='ocrx_word' id='word_1_486' title='bbox 760 5612 1057 5683; x_wconf 88' lang='lat' dir='ltr'><strong>recipiunt,</strong></span> <span class='ocrx_word' id='word_1_487' title='bbox 1088 5611 1183 5668; x_wconf 90' lang='lat' dir='ltr'><strong>sed</strong></span> <span class='ocrx_word' id='word_1_488' title='bbox 1204 5613 1413 5670; x_wconf 90' lang='lat' dir='ltr'><strong>similes</strong></span> <span class='ocrx_word' id='word_1_489' title='bbox 1443 5619 1571 5669; x_wconf 84' lang='lat' dir='ltr'><strong>sunt</strong></span> <span class='ocrx_word' id='word_1_490' title='bbox 1603 5613 1778 5685; x_wconf 88' lang='lat' dir='ltr'><strong>aspidi</strong></span> <span class='ocrx_word' id='word_1_491' title='bbox 1804 5613 1985 5669; x_wconf 65' lang='lat' dir='ltr'><strong>surdae</strong></span> <span class='ocrx_word' id='word_1_492' title='bbox 2015 5622 2066 5668; x_wconf 89' lang='lat' dir='ltr'><strong>et</strong></span> 
     </span>
    </p>
   </div>
   <div class='ocr_carea' id='block_1_64' title="bbox 569 5769 1391 5841">
    <p class='ocr_par' dir='ltr' id='par_1_64' title="bbox 569 5769 1391 5841">
     <span class='ocr_line' id='line_1_70' title="bbox 569 5769 1391 5841; baseline 0.004 -15"><span class='ocrx_word' id='word_1_493' title='bbox 569 5770 613 5803; x_wconf 77' lang='lat'>“</span> <span class='ocrx_word' id='word_1_494' title='bbox 652 5769 785 5827; x_wconf 85' lang='lat' dir='ltr'><strong>Gen.</strong></span> <span class='ocrx_word' id='word_1_495' title='bbox 824 5789 922 5841; x_wconf 86' lang='grc' dir='ltr'>ιιι,</span> <span class='ocrx_word' id='word_1_496' title='bbox 956 5773 1007 5830; x_wconf 76' lang='grc'>1.</span> <span class='ocrx_word' id='word_1_497' title='bbox 1080 5775 1126 5807; x_wconf 73' lang='grc'>⁸⁸</span> <span class='ocrx_word' id='word_1_498' title='bbox 1166 5773 1300 5832; x_wconf 87' lang='lat' dir='ltr'><strong>ibid.</strong></span> <span class='ocrx_word' id='word_1_499' title='bbox 1338 5774 1391 5831; x_wconf 78' lang='lat'><strong>5.</strong></span> 
     </span>
    </p>
   </div>
   <div class='ocr_carea' id='block_1_65' title="bbox 2126 648 3703 736">
    <p class='ocr_par' dir='ltr' id='par_1_65' title="bbox 2126 648 3703 736">
     <span class='ocr_line' id='line_1_71' title="bbox 2126 648 3703 736; baseline -0.015 -12"><span class='ocrx_word' id='word_1_500' title='bbox 2126 672 2441 724; x_wconf 75' lang='grc' dir='ltr'><strong>πλέκουσι.</strong></span> <span class='ocrx_word' id='word_1_501' title='bbox 2487 666 2722 736; x_wconf 86' lang='grc' dir='ltr'>Κρίνατε</span> <span class='ocrx_word' id='word_1_502' title='bbox 2764 659 2857 716; x_wconf 78' lang='grc' dir='ltr'><strong>οὖν</strong></span> <span class='ocrx_word' id='word_1_503' title='bbox 2878 659 3060 723; x_wconf 78' lang='grc' dir='ltr'>εὐθέα,</span> <span class='ocrx_word' id='word_1_504' title='bbox 3091 656 3198 711; x_wconf 85' lang='grc' dir='ltr'><strong>υίοὶ</strong></span> <span class='ocrx_word' id='word_1_505' title='bbox 3227 654 3333 707; x_wconf 86' lang='grc' dir='ltr'><strong>τῶν</strong></span> <span class='ocrx_word' id='word_1_506' title='bbox 3377 648 3703 721; x_wconf 85' lang='grc' dir='ltr'>ἀνθρώπων,</span> 
     </span>
    </p>
   </div>
   <div class='ocr_carea' id='block_1_66' title="bbox 2134 736 3725 829">
    <p class='ocr_par' dir='ltr' id='par_1_66' title="bbox 2134 736 3725 829">
     <span class='ocr_line' id='line_1_72' title="bbox 2134 736 3725 829; baseline -0.016 -12"><span class='ocrx_word' id='word_1_507' title='bbox 2134 763 2229 817; x_wconf 76' lang='grc' dir='ltr'>καὶ</span> <span class='ocrx_word' id='word_1_508' title='bbox 2272 758 2557 829; x_wconf 80' lang='grc' dir='ltr'>λογίσασθε</span> <span class='ocrx_word' id='word_1_509' title='bbox 2593 757 2718 827; x_wconf 77' lang='grc' dir='ltr'>παρ’</span> <span class='ocrx_word' id='word_1_510' title='bbox 2743 756 2973 817; x_wconf 79' lang='grc' dir='ltr'>ἑαυτοῖς,</span> <span class='ocrx_word' id='word_1_511' title='bbox 3013 753 3061 805; x_wconf 85' lang='grc' dir='ltr'><strong>εί</strong></span> <span class='ocrx_word' id='word_1_512' title='bbox 3084 751 3195 812; x_wconf 89' lang='grc' dir='ltr'>τοῖς</span> <span class='ocrx_word' id='word_1_513' title='bbox 3221 744 3507 816; x_wconf 78' lang='grc' dir='ltr'><strong>ὑμετέροις</strong></span> <span class='ocrx_word' id='word_1_514' title='bbox 3525 736 3725 810; x_wconf 75' lang='grc' dir='ltr'>λόγοιςι</span> 
     </span>
    </p>
   </div>
   <div class='ocr_carea' id='block_1_67' title="bbox 2134 829 3704 925">
    <p class='ocr_par' dir='ltr' id='par_1_67' title="bbox 2134 829 3704 925">
     <span class='ocr_line' id='line_1_73' title="bbox 2134 829 3704 925; baseline -0.016 -18"><span class='ocrx_word' id='word_1_515' title='bbox 2134 853 2417 925; x_wconf 74' lang='grc' dir='ltr'><strong>συμφωνεῖ</strong></span> <span class='ocrx_word' id='word_1_516' title='bbox 2459 849 2526 902; x_wconf 87' lang='grc' dir='ltr'><strong>τὰ</strong></span> <span class='ocrx_word' id='word_1_517' title='bbox 2570 848 2724 919; x_wconf 74' lang='grc' dir='ltr'>ἔργα.</span> <span class='ocrx_word' id='word_1_518' title='bbox 2754 846 2816 899; x_wconf 81' lang='lat' dir='ltr'><strong>Ei</strong></span> <span class='ocrx_word' id='word_1_519' title='bbox 2845 844 2953 915; x_wconf 83' lang='grc' dir='ltr'>γὰρ</span> <span class='ocrx_word' id='word_1_520' title='bbox 2978 836 3317 904; x_wconf 84' lang='grc' dir='ltr'>δικαιοσύνην</span> <span class='ocrx_word' id='word_1_521' title='bbox 3338 832 3567 896; x_wconf 80' lang='grc' dir='ltr'>λαλεῖτε,</span> <span class='ocrx_word' id='word_1_522' title='bbox 3586 829 3704 895; x_wconf 82' lang='grc' dir='ltr'><strong>πῶς</strong></span> 
     </span>
    </p>
   </div>
   <div class='ocr_carea' id='block_1_68' title="bbox 2132 918 3703 1016">
    <p class='ocr_par' dir='ltr' id='par_1_68' title="bbox 2132 918 3703 1016">
     <span class='ocr_line' id='line_1_74' title="bbox 2132 918 3703 1016; baseline -0.016 -17"><span class='ocrx_word' id='word_1_523' title='bbox 2132 918 2394 1016; x_wconf 39' lang='grc' dir='ltr'>αί”χεῖρες</span> <span class='ocrx_word' id='word_1_524' title='bbox 2444 918 2841 1010; x_wconf 15' lang='grc' dir='ltr'>ύμῶννάδικίαν</span> <span class='ocrx_word' id='word_1_525' title='bbox 2884 931 3315 1005; x_wconf 85' lang='grc' dir='ltr'>συμπλέκουσιν;</span> <span class='ocrx_word' id='word_1_526' title='bbox 3345 926 3461 995; x_wconf 81' lang='grc' dir='ltr'><strong>Ἀφ’</strong></span> <span class='ocrx_word' id='word_1_527' title='bbox 3492 918 3554 979; x_wconf 72' lang='grc' dir='ltr'><strong>οἶ»</strong></span> <span class='ocrx_word' id='word_1_528' title='bbox 3591 921 3703 977; x_wconf 85' lang='grc' dir='ltr'>δεί-</span> 
     </span>
    </p>
   </div>
   <div class='ocr_carea' id='block_1_69' title="bbox 2134 1013 3706 1102">
    <p class='ocr_par' dir='ltr' id='par_1_69' title="bbox 2134 1013 3706 1102">
     <span class='ocr_line' id='line_1_75' title="bbox 2134 1013 3706 1102; baseline -0.016 -14"><span class='ocrx_word' id='word_1_529' title='bbox 2134 1013 2334 1090; x_wconf 80' lang='grc' dir='ltr'>κνύσθε</span> <span class='ocrx_word' id='word_1_530' title='bbox 2357 1032 2584 1102; x_wconf 76' lang='grc' dir='ltr'><strong>ἀνομίας</strong></span> <span class='ocrx_word' id='word_1_531' title='bbox 2617 1032 2673 1082; x_wconf 83' lang='grc' dir='ltr'>ὲν</span> <span class='ocrx_word' id='word_1_532' title='bbox 2702 1030 2766 1098; x_wconf 82' lang='grc' dir='ltr'>τῇ</span> <span class='ocrx_word' id='word_1_533' title='bbox 2799 1025 2996 1098; x_wconf 73' lang='grc' dir='ltr'>καρδίᾳ</span> <span class='ocrx_word' id='word_1_534' title='bbox 3022 1020 3375 1090; x_wconf 78' lang='grc' dir='ltr'>λογιζόμενοι,</span> <span class='ocrx_word' id='word_1_535' title='bbox 3413 1015 3508 1068; x_wconf 70' lang='grc' dir='ltr'><strong>καί</strong></span> <span class='ocrx_word' id='word_1_536' title='bbox 3538 1013 3706 1083; x_wconf 83' lang='grc' dir='ltr'>’ἐτερα</span> 
     </span>
    </p>
   </div>
   <div class='ocr_carea' id='block_1_70' title="bbox 2146 1102 3704 1192">
    <p class='ocr_par' dir='ltr' id='par_1_70' title="bbox 2146 1102 3704 1192">
     <span class='ocr_line' id='line_1_76' title="bbox 2146 1102 3704 1192; baseline -0.017 -13"><span class='ocrx_word' id='word_1_537' title='bbox 2146 1126 2244 1187; x_wconf 74' lang='grc' dir='ltr'>μὲν</span> <span class='ocrx_word' id='word_1_538' title='bbox 2275 1121 2662 1192; x_wconf 79' lang='grc' dir='ltr'>διανοούμενοι,</span> <span class='ocrx_word' id='word_1_539' title='bbox 2691 1120 2854 1189; x_wconf 70' lang='grc' dir='ltr'>ἔτερα</span> <span class='ocrx_word' id='word_1_540' title='bbox 2897 1115 2954 1167; x_wconf 84' lang='grc' dir='ltr'>δὲ</span> <span class='ocrx_word' id='word_1_541' title='bbox 2998 1111 3075 1182; x_wconf 81' lang='grc' dir='ltr'>τῷ</span> <span class='ocrx_word' id='word_1_542' title='bbox 3128 1110 3352 1180; x_wconf 82' lang='grc' dir='ltr'>στόματι</span> <span class='ocrx_word' id='word_1_543' title='bbox 3398 1102 3704 1164; x_wconf 78' lang='grc' dir='ltr'>λαλοῦντες.</span> 
     </span>
    </p>
   </div>
   <div class='ocr_carea' id='block_1_71' title="bbox 2135 1197 3710 1285">
    <p class='ocr_par' dir='ltr' id='par_1_71' title="bbox 2135 1197 3710 1285">
     <span class='ocr_line' id='line_1_77' title="bbox 2135 1197 3710 1285; baseline -0.017 -13"><span class='ocrx_word' id='word_1_544' title='bbox 2135 1221 2206 1272; x_wconf 73' lang='lat' dir='ltr'><strong>Et</strong></span> <span class='ocrx_word' id='word_1_545' title='bbox 2238 1215 2314 1285; x_wconf 83' lang='grc' dir='ltr'>δὴ</span> <span class='ocrx_word' id='word_1_546' title='bbox 2348 1210 2440 1269; x_wconf 81' lang='grc' dir='ltr'><strong>οὖν</strong></span> <span class='ocrx_word' id='word_1_547' title='bbox 2465 1211 2702 1280; x_wconf 76' lang='grc' dir='ltr'>άληθῶς</span> <span class='ocrx_word' id='word_1_548' title='bbox 2729 1206 3119 1270; x_wconf 67' lang='grc' dir='ltr'>δικαιοσύνην</span> <span class='ocrx_word' id='word_1_549' title='bbox 3158 1199 3429 1262; x_wconf 71' lang='grc' dir='ltr'>λαλεῖτε,</span> <span class='ocrx_word' id='word_1_550' title='bbox 3467 1197 3710 1265; x_wconf 77' lang='grc' dir='ltr'>κρίνατε</span> 
     </span>
    </p>
   </div>
   <div class='ocr_carea' id='block_1_72' title="bbox 2686 1284 3709 1373">
    <p class='ocr_par' dir='ltr' id='par_1_72' title="bbox 2686 1284 3709 1373">
     <span class='ocr_line' id='line_1_78' title="bbox 2686 1284 3709 1373; baseline -0.018 -18"><span class='ocrx_word' id='word_1_551' title='bbox 2686 1300 2882 1373; x_wconf 72' lang='grc' dir='ltr'>καρδίᾳ</span> <span class='ocrx_word' id='word_1_552' title='bbox 2912 1296 3138 1368; x_wconf 80' lang='grc' dir='ltr'>ἀνομίας</span> <span class='ocrx_word' id='word_1_553' title='bbox 3191 1289 3505 1365; x_wconf 74' lang='grc' dir='ltr'>ἐργάζεσθε,</span> <span class='ocrx_word' id='word_1_554' title='bbox 3568 1284 3709 1357; x_wconf 80' lang='grc' dir='ltr'>μηδὲ</span> 
     </span>
    </p>
   </div>
   <div class='ocr_carea' id='block_1_73' title="bbox 2219 1472 3701 1559">
    <p class='ocr_par' dir='ltr' id='par_1_73' title="bbox 2219 1472 3701 1559">
     <span class='ocr_line' id='line_1_79' title="bbox 2219 1472 3701 1559; baseline -0.016 -12"><span class='ocrx_word' id='word_1_555' title='bbox 2219 1487 2816 1559; x_wconf 65' lang='grc' dir='ltr'>Ἇπηλλοτριώθησαν</span> <span class='ocrx_word' id='word_1_556' title='bbox 2852 1485 2906 1537; x_wconf 80' lang='lat' dir='ltr'><strong>oi</strong></span> <span class='ocrx_word' id='word_1_557' title='bbox 2938 1476 3267 1551; x_wconf 75' lang='grc' dir='ltr'>ἁμαρτωλοί</span> <span class='ocrx_word' id='word_1_558' title='bbox 3296 1473 3414 1529; x_wconf 83' lang='grc' dir='ltr'><strong>ἀπὸ</strong></span> <span class='ocrx_word' id='word_1_559' title='bbox 3435 1472 3663 1543; x_wconf 76' lang='grc' dir='ltr'>μήτρας</span> <span class='ocrx_word' id='word_1_560' title='bbox 3681 1508 3701 1536; x_wconf 84' lang='lat'><strong>,</strong></span> 
     </span>
    </p>
   </div>
   <div class='ocr_carea' id='block_1_74' title="bbox 2163 1563 3705 1648">
    <p class='ocr_par' dir='ltr' id='par_1_74' title="bbox 2163 1563 3705 1648">
     <span class='ocr_line' id='line_1_80' title="bbox 2163 1563 3705 1648; baseline -0.012 -10"><span class='ocrx_word' id='word_1_561' title='bbox 2163 1580 2568 1648; x_wconf 69' lang='grc' dir='ltr'>πλανήθησαν</span> <span class='ocrx_word' id='word_1_562' title='bbox 2616 1576 2734 1632; x_wconf 82' lang='grc' dir='ltr'><strong>ἀπὸ</strong></span> <span class='ocrx_word' id='word_1_563' title='bbox 2779 1573 3037 1645; x_wconf 60' lang='grc' dir='ltr'>γαστρὸς</span> <span class='ocrx_word' id='word_1_564' title='bbox 3058 1612 3073 1635; x_wconf 94' lang='grc'><strong>,</strong></span> <span class='ocrx_word' id='word_1_565' title='bbox 3126 1568 3437 1632; x_wconf 69' lang='grc' dir='ltr'>ἐλάλησαν</span> <span class='ocrx_word' id='word_1_566' title='bbox 3481 1563 3705 1634; x_wconf 70' lang='grc' dir='ltr'>ψευδῆ.</span> 
     </span>
    </p>
   </div>
   <div class='ocr_carea' id='block_1_75' title="bbox 2133 1654 3714 1744">
    <p class='ocr_par' dir='ltr' id='par_1_75' title="bbox 2133 1654 3714 1744">
     <span class='ocr_line' id='line_1_81' title="bbox 2133 1654 3714 1744; baseline -0.015 -12"><span class='ocrx_word' id='word_1_567' title='bbox 2133 1679 2242 1732; x_wconf 55' lang='lat' dir='ltr'><strong>Kak</strong></span> <span class='ocrx_word' id='word_1_568' title='bbox 2279 1676 2452 1729; x_wconf 79' lang='grc' dir='ltr'>ταῦτα</span> <span class='ocrx_word' id='word_1_569' title='bbox 2498 1671 2635 1744; x_wconf 77' lang='grc' dir='ltr'>πρὸς</span> <span class='ocrx_word' id='word_1_570' title='bbox 2670 1670 2796 1731; x_wconf 77' lang='grc' dir='ltr'>τοὺς</span> <span class='ocrx_word' id='word_1_571' title='bbox 2823 1667 2974 1730; x_wconf 74' lang='grc' dir='ltr'>υἱοὺς</span> <span class='ocrx_word' id='word_1_572' title='bbox 3018 1662 3128 1716; x_wconf 89' lang='grc' dir='ltr'><strong>τῶν</strong></span> <span class='ocrx_word' id='word_1_573' title='bbox 3158 1658 3458 1732; x_wconf 85' lang='grc' dir='ltr'>ἀνθρώπων</span> <span class='ocrx_word' id='word_1_574' title='bbox 3490 1654 3714 1709; x_wconf 80' lang='grc' dir='ltr'>ἀποτεί-</span> 
     </span>
    </p>
   </div>
   <div class='ocr_carea' id='block_1_76' title="bbox 1821 1746 3713 1845">
    <p class='ocr_par' dir='ltr' id='par_1_76' title="bbox 1821 1746 3713 1845">
     <span class='ocr_line' id='line_1_82' title="bbox 1821 1746 3713 1845; baseline -0.017 -16"><span class='ocrx_word' id='word_1_575' title='bbox 1821 1746 2027 1845; x_wconf 41' lang='lat' dir='ltr'><strong>ﬁgam,</strong></span> <span class='ocrx_word' id='word_1_576' title='bbox 2065 1774 2106 1833; x_wconf 84' lang='grc' dir='ltr'><strong>Β</strong></span> <span class='ocrx_word' id='word_1_577' title='bbox 2139 1784 2288 1824; x_wconf 87' lang='grc' dir='ltr'>νεται</span> <span class='ocrx_word' id='word_1_578' title='bbox 2314 1768 2441 1829; x_wconf 81' lang='grc' dir='ltr'>τοὺς</span> <span class='ocrx_word' id='word_1_579' title='bbox 2472 1757 2970 1831; x_wconf 74' lang='grc' dir='ltr'>ἐπαγγελλομένους</span> <span class='ocrx_word' id='word_1_580' title='bbox 2998 1751 3299 1815; x_wconf 77' lang='grc' dir='ltr'>θεοσεὸεῖν,</span> <span class='ocrx_word' id='word_1_581' title='bbox 3341 1750 3436 1804; x_wconf 71' lang='grc' dir='ltr'><strong>καὶ</strong></span> <span class='ocrx_word' id='word_1_582' title='bbox 3460 1748 3585 1811; x_wconf 80' lang='grc' dir='ltr'>τοὺς</span> <span class='ocrx_word' id='word_1_583' title='bbox 3609 1746 3713 1817; x_wconf 79' lang='grc' dir='ltr'>τῆς</span> 
     </span>
    </p>
   </div>
   <div class='ocr_carea' id='block_1_77' title="bbox 1829 1836 3713 1949">
    <p class='ocr_par' dir='ltr' id='par_1_77' title="bbox 1829 1836 3713 1949">
     <span class='ocr_line' id='line_1_83' title="bbox 1829 1836 3713 1949; baseline -0.019 -25"><span class='ocrx_word' id='word_1_584' title='bbox 2131 1858 2477 1928; x_wconf 79' lang='grc' dir='ltr'>δικαιοσύνης</span> <span class='ocrx_word' id='word_1_585' title='bbox 2526 1849 2883 1926; x_wconf 81' lang='grc' dir='ltr'>μετέρχεσθαι</span> <span class='ocrx_word' id='word_1_586' title='bbox 2926 1847 3164 1918; x_wconf 87' lang='grc' dir='ltr'>νόμους,</span> <span class='ocrx_word' id='word_1_587' title='bbox 3200 1841 3275 1914; x_wconf 83' lang='grc' dir='ltr'>μὴ</span> <span class='ocrx_word' id='word_1_588' title='bbox 3322 1841 3607 1912; x_wconf 85' lang='grc' dir='ltr'>κρίνοντας</span> <span class='ocrx_word' id='word_1_589' title='bbox 3651 1836 3713 1890; x_wconf 79' lang='grc' dir='ltr'>δὲ</span> 
     </span>
    </p>
   </div>
   <div class='ocr_carea' id='block_1_78' title="bbox 2132 1924 3711 2025">
    <p class='ocr_par' dir='ltr' id='par_1_78' title="bbox 2132 1924 3711 2025">
     <span class='ocr_line' id='line_1_84' title="bbox 2132 1924 3711 2025; baseline -0.015 -19"><span class='ocrx_word' id='word_1_590' title='bbox 2132 1952 2325 2025; x_wconf 83' lang='grc' dir='ltr'>ὀρθῶς.</span> <span class='ocrx_word' id='word_1_591' title='bbox 2356 1924 2640 2021; x_wconf 14' lang='grc' dir='ltr'>Φηνσὶνήοῦν</span> <span class='ocrx_word' id='word_1_592' title='bbox 2671 1942 2807 2016; x_wconf 83' lang='grc' dir='ltr'>πρὸς</span> <span class='ocrx_word' id='word_1_593' title='bbox 2834 1937 3032 2001; x_wconf 82' lang='grc' dir='ltr'>αύτούς</span> <span class='ocrx_word' id='word_1_594' title='bbox 3049 1954 3064 1968; x_wconf 78' lang='grc' dir='ltr'><strong>ο</strong></span> <span class='ocrx_word' id='word_1_595' title='bbox 3104 1933 3396 1989; x_wconf 82' lang='grc' dir='ltr'>Ἀκούσατε</span> <span class='ocrx_word' id='word_1_596' title='bbox 3416 1974 3431 1997; x_wconf 87' lang='grc'><strong>,</strong></span> <span class='ocrx_word' id='word_1_597' title='bbox 3455 1925 3501 1985; x_wconf 81' lang='grc' dir='ltr'><strong>ὦ</strong></span> <span class='ocrx_word' id='word_1_598' title='bbox 3529 1924 3711 1996; x_wconf 80' lang='grc' dir='ltr'>οὗτοι,</span> 
     </span>
    </p>
   </div>
   <div class='ocr_carea' id='block_1_79' title="bbox 2132 2020 3713 2109">
    <p class='ocr_par' dir='ltr' id='par_1_79' title="bbox 2132 2020 3713 2109">
     <span class='ocr_line' id='line_1_85' title="bbox 2132 2020 3713 2109; baseline -0.016 -10"><span class='ocrx_word' id='word_1_599' title='bbox 2132 2020 2182 2099; x_wconf 76' lang='lat' dir='ltr'><strong>oi</strong></span> <span class='ocrx_word' id='word_1_600' title='bbox 2223 2040 2512 2102; x_wconf 80' lang='grc' dir='ltr'>λαλοῦντες</span> <span class='ocrx_word' id='word_1_601' title='bbox 2552 2037 2649 2109; x_wconf 83' lang='grc' dir='ltr'><strong>μὲν</strong></span> <span class='ocrx_word' id='word_1_602' title='bbox 2678 2030 3022 2100; x_wconf 88' lang='grc' dir='ltr'>δικαιοσύνην</span> <span class='ocrx_word' id='word_1_603' title='bbox 3050 2026 3126 2098; x_wconf 81' lang='grc' dir='ltr'>τῷ</span> <span class='ocrx_word' id='word_1_604' title='bbox 3171 2026 3436 2095; x_wconf 85' lang='grc' dir='ltr'>στόματι,</span> <span class='ocrx_word' id='word_1_605' title='bbox 3483 2020 3713 2094; x_wconf 82' lang='grc' dir='ltr'>ἐργαζό-</span> 
     </span>
    </p>
   </div>
   <div class='ocr_carea' id='block_1_80' title="bbox 2141 2112 3712 2208">
    <p class='ocr_par' dir='ltr' id='par_1_80' title="bbox 2141 2112 3712 2208">
     <span class='ocr_line' id='line_1_86' title="bbox 2141 2112 3712 2208; baseline -0.016 -18"><span class='ocrx_word' id='word_1_606' title='bbox 2141 2151 2291 2208; x_wconf 87' lang='grc' dir='ltr'>μενοι</span> <span class='ocrx_word' id='word_1_607' title='bbox 2332 2133 2388 2186; x_wconf 81' lang='grc' dir='ltr'>δὲ</span> <span class='ocrx_word' id='word_1_608' title='bbox 2412 2134 2532 2194; x_wconf 88' lang='grc' dir='ltr'>ταῖς</span> <span class='ocrx_word' id='word_1_609' title='bbox 2573 2128 2757 2200; x_wconf 72' lang='grc' dir='ltr'>χερσῖν</span> <span class='ocrx_word' id='word_1_610' title='bbox 2800 2122 3042 2185; x_wconf 79' lang='grc' dir='ltr'>ἀδικίαν,</span> <span class='ocrx_word' id='word_1_611' title='bbox 3098 2118 3192 2173; x_wconf 71' lang='grc' dir='ltr'><strong>καὶ</strong></span> <span class='ocrx_word' id='word_1_612' title='bbox 3234 2116 3433 2180; x_wconf 81' lang='grc' dir='ltr'>πολλὰς</span> <span class='ocrx_word' id='word_1_613' title='bbox 3471 2114 3612 2168; x_wconf 85' lang='grc' dir='ltr'>κατὰ</span> <span class='ocrx_word' id='word_1_614' title='bbox 3648 2112 3712 2167; x_wconf 80' lang='grc' dir='ltr'>τὸ</span> 
     </span>
    </p>
   </div>
   <div class='ocr_carea' id='block_1_81' title="bbox 2136 2204 3712 2296">
    <p class='ocr_par' dir='ltr' id='par_1_81' title="bbox 2136 2204 3712 2296">
     <span class='ocr_line' id='line_1_87' title="bbox 2136 2204 3712 2296; baseline -0.016 -14"><span class='ocrx_word' id='word_1_615' title='bbox 2136 2204 2266 2282; x_wconf 79' lang='grc' dir='ltr'>αὐτὸ</span> <span class='ocrx_word' id='word_1_616' title='bbox 2300 2223 2702 2296; x_wconf 79' lang='grc' dir='ltr'>συμπλέκοντες</span> <span class='ocrx_word' id='word_1_617' title='bbox 2730 2215 3003 2287; x_wconf 84' lang='grc' dir='ltr'>ἁμαρτίας</span> <span class='ocrx_word' id='word_1_618' title='bbox 3026 2230 3039 2242; x_wconf 88' lang='grc'>·</span> <span class='ocrx_word' id='word_1_619' title='bbox 3066 2211 3154 2266; x_wconf 81' lang='grc' dir='ltr'><strong>τὸν</strong></span> <span class='ocrx_word' id='word_1_620' title='bbox 3190 2210 3364 2281; x_wconf 82' lang='grc' dir='ltr'>μέγαν</span> <span class='ocrx_word' id='word_1_621' title='bbox 3393 2206 3586 2278; x_wconf 81' lang='grc' dir='ltr'>κριτὴν</span> <span class='ocrx_word' id='word_1_622' title='bbox 3617 2204 3712 2258; x_wconf 73' lang='grc' dir='ltr'><strong>οὐ-</strong></span> 
     </span>
    </p>
   </div>
   <div class='ocr_carea' id='block_1_82' title="bbox 2136 2297 3711 2374">
    <p class='ocr_par' dir='ltr' id='par_1_82' title="bbox 2136 2297 3711 2374">
     <span class='ocr_line' id='line_1_88' title="bbox 2136 2297 3711 2374; baseline -0.017 0"><span class='ocrx_word' id='word_1_623' title='bbox 2136 2320 2222 2374; x_wconf 82' lang='grc' dir='ltr'><strong>δὲν</strong></span> <span class='ocrx_word' id='word_1_624' title='bbox 2250 2317 2501 2371; x_wconf 80' lang='grc' dir='ltr'>λανθάνει</span> <span class='ocrx_word' id='word_1_625' title='bbox 2521 2312 2626 2368; x_wconf 87' lang='grc' dir='ltr'><strong>τῶν</strong></span> <span class='ocrx_word' id='word_1_626' title='bbox 2646 2309 2789 2364; x_wconf 84' lang='grc' dir='ltr'>κατὰ</span> <span class='ocrx_word' id='word_1_627' title='bbox 2820 2309 3055 2362; x_wconf 87' lang='grc' dir='ltr'>διάνοιαν</span> <span class='ocrx_word' id='word_1_628' title='bbox 3080 2302 3294 2371; x_wconf 78' lang='grc' dir='ltr'>ἑκάστῳ</span> <span class='ocrx_word' id='word_1_629' title='bbox 3320 2297 3711 2369; x_wconf 77' lang='grc' dir='ltr'>λογιζομένων.</span> 
     </span>
    </p>
   </div>
   <div class='ocr_carea' id='block_1_83' title="bbox 2138 2391 3714 2481">
    <p class='ocr_par' dir='ltr' id='par_1_83' title="bbox 2138 2391 3714 2481">
     <span class='ocr_line' id='line_1_89' title="bbox 2138 2391 3714 2481; baseline -0.016 -15"><span class='ocrx_word' id='word_1_630' title='bbox 2138 2410 2256 2466; x_wconf 82' lang='grc' dir='ltr'>Κᾶν</span> <span class='ocrx_word' id='word_1_631' title='bbox 2283 2410 2392 2481; x_wconf 84' lang='grc' dir='ltr'><strong>γὰρ</strong></span> <span class='ocrx_word' id='word_1_632' title='bbox 2420 2408 2550 2477; x_wconf 83' lang='grc' dir='ltr'>δοκῇ</span> <span class='ocrx_word' id='word_1_633' title='bbox 2590 2421 2674 2467; x_wconf 83' lang='grc' dir='ltr'><strong>τις</strong></span> <span class='ocrx_word' id='word_1_634' title='bbox 2719 2399 3022 2473; x_wconf 82' lang='grc' dir='ltr'>ἀνθρώπων</span> <span class='ocrx_word' id='word_1_635' title='bbox 3062 2395 3373 2467; x_wconf 75' lang='grc' dir='ltr'>ὀφθαλμοὺς</span> <span class='ocrx_word' id='word_1_636' title='bbox 3413 2391 3714 2464; x_wconf 81' lang='grc' dir='ltr'>κρύπτειν,</span> 
     </span>
    </p>
   </div>
   <div class='ocr_carea' id='block_1_84' title="bbox 2139 2481 3719 2567">
    <p class='ocr_par' dir='ltr' id='par_1_84' title="bbox 2139 2481 3719 2567">
     <span class='ocr_line' id='line_1_90' title="bbox 2139 2481 3719 2567; baseline -0.012 -9"><span class='ocrx_word' id='word_1_637' title='bbox 2139 2504 2251 2559; x_wconf 84' lang='grc' dir='ltr'>ἀλλ’</span> <span class='ocrx_word' id='word_1_638' title='bbox 2306 2502 2473 2564; x_wconf 78' lang='grc' dir='ltr'>ἴστω,</span> <span class='ocrx_word' id='word_1_639' title='bbox 2528 2501 2607 2553; x_wconf 83' lang='grc' dir='ltr'>ὅτι</span> <span class='ocrx_word' id='word_1_640' title='bbox 2652 2496 2831 2567; x_wconf 75' lang='grc' dir='ltr'>δεινὴν</span> <span class='ocrx_word' id='word_1_641' title='bbox 2878 2494 3087 2564; x_wconf 85' lang='grc' dir='ltr'>πλάνην</span> <span class='ocrx_word' id='word_1_642' title='bbox 3132 2488 3468 2558; x_wconf 83' lang='grc' dir='ltr'>πεπλάνηται</span> <span class='ocrx_word' id='word_1_643' title='bbox 3521 2481 3719 2539; x_wconf 75' lang='grc' dir='ltr'>ἑαυτὸν</span> 
     </span>
    </p>
   </div>
   <div class='ocr_carea' id='block_1_85' title="bbox 2138 2575 3719 2661">
    <p class='ocr_par' dir='ltr' id='par_1_85' title="bbox 2138 2575 3719 2661">
     <span class='ocr_line' id='line_1_91' title="bbox 2138 2575 3719 2661; baseline -0.015 -12"><span class='ocrx_word' id='word_1_644' title='bbox 2138 2594 2382 2650; x_wconf 82' lang='grc' dir='ltr'>ἀπατῶν.</span> <span class='ocrx_word' id='word_1_645' title='bbox 2423 2592 2498 2645; x_wconf 85' lang='grc' dir='ltr'><strong>Ού</strong></span> <span class='ocrx_word' id='word_1_646' title='bbox 2529 2590 2636 2661; x_wconf 86' lang='grc' dir='ltr'>γὰρ</span> <span class='ocrx_word' id='word_1_647' title='bbox 2682 2587 2772 2641; x_wconf 80' lang='grc' dir='ltr'><strong>τὸν</strong></span> <span class='ocrx_word' id='word_1_648' title='bbox 2806 2586 2978 2658; x_wconf 83' lang='grc' dir='ltr'>μέγαν</span> <span class='ocrx_word' id='word_1_649' title='bbox 3015 2581 3124 2636; x_wconf 85' lang='grc' dir='ltr'><strong>τῶν</strong></span> <span class='ocrx_word' id='word_1_650' title='bbox 3155 2580 3289 2635; x_wconf 87' lang='grc' dir='ltr'>δλων</span> <span class='ocrx_word' id='word_1_651' title='bbox 3322 2576 3509 2652; x_wconf 81' lang='grc' dir='ltr'>κριτὴν</span> <span class='ocrx_word' id='word_1_652' title='bbox 3546 2575 3719 2646; x_wconf 84' lang='grc' dir='ltr'>λήσε-</span> 
     </span>
    </p>
   </div>
   <div class='ocr_carea' id='block_1_86' title="bbox 2138 2665 3713 2752">
    <p class='ocr_par' dir='ltr' id='par_1_86' title="bbox 2138 2665 3713 2752">
     <span class='ocr_line' id='line_1_92' title="bbox 2138 2665 3713 2752; baseline -0.012 -11"><span class='ocrx_word' id='word_1_653' title='bbox 2138 2706 2262 2752; x_wconf 84' lang='grc' dir='ltr'>ται,</span> <span class='ocrx_word' id='word_1_654' title='bbox 2310 2681 2371 2740; x_wconf 74' lang='grc' dir='ltr'>οὗ</span> <span class='ocrx_word' id='word_1_655' title='bbox 2413 2684 2611 2745; x_wconf 82' lang='grc' dir='ltr'>πάντες</span> <span class='ocrx_word' id='word_1_656' title='bbox 2659 2679 2764 2752; x_wconf 80' lang='grc' dir='ltr'><strong>πρὸ</strong></span> <span class='ocrx_word' id='word_1_657' title='bbox 2799 2678 2893 2731; x_wconf 82' lang='grc' dir='ltr'>τοῦ</span> <span class='ocrx_word' id='word_1_658' title='bbox 2939 2676 3179 2747; x_wconf 80' lang='grc' dir='ltr'>βήματος</span> <span class='ocrx_word' id='word_1_659' title='bbox 3224 2665 3713 2743; x_wconf 80' lang='grc' dir='ltr'>παραστησόμεθα.</span> 
     </span>
    </p>
   </div>
   <div class='ocr_carea' id='block_1_87' title="bbox 2141 2761 3719 2843">
    <p class='ocr_par' dir='ltr' id='par_1_87' title="bbox 2141 2761 3719 2843">
     <span class='ocr_line' id='line_1_93' title="bbox 2141 2761 3719 2843; baseline -0.013 -9"><span class='ocrx_word' id='word_1_660' title='bbox 2141 2780 2266 2843; x_wconf 87' lang='grc' dir='ltr'>Πῶς</span> <span class='ocrx_word' id='word_1_661' title='bbox 2287 2780 2330 2832; x_wconf 89' lang='grc' dir='ltr'>δ’</span> <span class='ocrx_word' id='word_1_662' title='bbox 2356 2777 2420 2832; x_wconf 83' lang='grc' dir='ltr'><strong>ἂν</strong></span> <span class='ocrx_word' id='word_1_663' title='bbox 2448 2776 2542 2830; x_wconf 76' lang='grc' dir='ltr'>καὶ</span> <span class='ocrx_word' id='word_1_664' title='bbox 2577 2772 2788 2828; x_wconf 85' lang='grc' dir='ltr'>λάθοιεν</span> <span class='ocrx_word' id='word_1_665' title='bbox 2809 2769 2900 2823; x_wconf 80' lang='grc' dir='ltr'><strong>τὸν</strong></span> <span class='ocrx_word' id='word_1_666' title='bbox 2930 2769 3060 2822; x_wconf 76' lang='grc' dir='ltr'>Θεὸν</span> <span class='ocrx_word' id='word_1_667' title='bbox 3087 2762 3249 2829; x_wconf 71' lang='grc' dir='ltr'>οὗτοι,</span> <span class='ocrx_word' id='word_1_668' title='bbox 3283 2764 3441 2819; x_wconf 83' lang='grc' dir='ltr'>ὁπότε</span> <span class='ocrx_word' id='word_1_669' title='bbox 3462 2762 3554 2815; x_wconf 73' lang='grc' dir='ltr'>καὶ</span> <span class='ocrx_word' id='word_1_670' title='bbox 3580 2761 3719 2832; x_wconf 66' lang='grc' dir='ltr'>πρὶν</span> 
     </span>
    </p>
   </div>
   <div class='ocr_carea' id='block_1_88' title="bbox 2142 2851 3723 2941">
    <p class='ocr_par' dir='ltr' id='par_1_88' title="bbox 2142 2851 3723 2941">
     <span class='ocr_line' id='line_1_94' title="bbox 2142 2851 3723 2941; baseline -0.015 -15"><span class='ocrx_word' id='word_1_671' title='bbox 2142 2874 2221 2935; x_wconf 88' lang='grc' dir='ltr'><strong>είς</strong></span> <span class='ocrx_word' id='word_1_672' title='bbox 2246 2870 2361 2941; x_wconf 81' lang='grc' dir='ltr'><strong>φῶς</strong></span> <span class='ocrx_word' id='word_1_673' title='bbox 2384 2866 2663 2941; x_wconf 85' lang='grc' dir='ltr'>προελθεῖν</span> <span class='ocrx_word' id='word_1_674' title='bbox 2684 2863 2899 2925; x_wconf 75' lang='grc' dir='ltr'>αὐτοὺς,</span> <span class='ocrx_word' id='word_1_675' title='bbox 2927 2859 3106 2913; x_wconf 80' lang='grc' dir='ltr'>πάντα</span> <span class='ocrx_word' id='word_1_676' title='bbox 3132 2857 3295 2911; x_wconf 81' lang='grc' dir='ltr'>εἰδότι</span> <span class='ocrx_word' id='word_1_677' title='bbox 3326 2855 3429 2927; x_wconf 85' lang='grc' dir='ltr'><strong>πρὸ</strong></span> <span class='ocrx_word' id='word_1_678' title='bbox 3449 2851 3723 2923; x_wconf 86' lang='grc' dir='ltr'>γενέσεως</span> 
     </span>
    </p>
   </div>
   <div class='ocr_carea' id='block_1_89' title="bbox 2143 2943 3720 3031">
    <p class='ocr_par' dir='ltr' id='par_1_89' title="bbox 2143 2943 3720 3031">
     <span class='ocr_line' id='line_1_95' title="bbox 2143 2943 3720 3031; baseline -0.016 -12"><span class='ocrx_word' id='word_1_679' title='bbox 2143 2963 2322 3020; x_wconf 83' lang='grc' dir='ltr'>αὐτῶν</span> <span class='ocrx_word' id='word_1_680' title='bbox 2363 2958 2757 3031; x_wconf 80' lang='grc' dir='ltr'>ἐγνωρίζοντο;</span> <span class='ocrx_word' id='word_1_681' title='bbox 2797 2953 2887 3006; x_wconf 77' lang='grc' dir='ltr'>Διὸ</span> <span class='ocrx_word' id='word_1_682' title='bbox 2937 2952 3064 3023; x_wconf 76' lang='grc' dir='ltr'>πρὶν</span> <span class='ocrx_word' id='word_1_683' title='bbox 3108 2947 3435 3019; x_wconf 81' lang='grc' dir='ltr'>γεννηθῆναι</span> <span class='ocrx_word' id='word_1_684' title='bbox 3484 2943 3720 3007; x_wconf 74' lang='grc' dir='ltr'>αὐτοὺς,</span> 
     </span>
    </p>
   </div>
   <div class='ocr_carea' id='block_1_90' title="bbox 2144 3032 3720 3126">
    <p class='ocr_par' dir='ltr' id='par_1_90' title="bbox 2144 3032 3720 3126">
     <span class='ocr_line' id='line_1_96' title="bbox 2144 3032 3720 3126; baseline -0.015 -17"><span class='ocrx_word' id='word_1_685' title='bbox 2144 3057 2219 3120; x_wconf 86' lang='grc' dir='ltr'>ὼς</span> <span class='ocrx_word' id='word_1_686' title='bbox 2245 3055 2345 3126; x_wconf 79' lang='grc' dir='ltr'><strong>ήδη</strong></span> <span class='ocrx_word' id='word_1_687' title='bbox 2373 3049 2688 3122; x_wconf 80' lang='grc' dir='ltr'>ὑφεστῶτας</span> <span class='ocrx_word' id='word_1_688' title='bbox 2706 3089 2722 3112; x_wconf 91' lang='grc'><strong>,</strong></span> <span class='ocrx_word' id='word_1_689' title='bbox 2752 3046 2847 3101; x_wconf 59' lang='grc' dir='ltr'><strong>καί⁸</strong></span> <span class='ocrx_word' id='word_1_690' title='bbox 2870 3042 3142 3105; x_wconf 83' lang='grc' dir='ltr'>τοιούτους</span> <span class='ocrx_word' id='word_1_691' title='bbox 3179 3040 3335 3103; x_wconf 71' lang='grc' dir='ltr'>ὄντας</span> <span class='ocrx_word' id='word_1_692' title='bbox 3366 3032 3468 3092; x_wconf 75' lang='grc' dir='ltr'>οἷοι</span> <span class='ocrx_word' id='word_1_693' title='bbox 3492 3035 3587 3089; x_wconf 81' lang='grc' dir='ltr'><strong>νῦν</strong></span> <span class='ocrx_word' id='word_1_694' title='bbox 3614 3035 3720 3087; x_wconf 78' lang='grc' dir='ltr'>εἰσι</span> 
     </span>
    </p>
   </div>
   <div class='ocr_carea' id='block_1_91' title="bbox 2146 3123 3720 3219">
    <p class='ocr_par' dir='ltr' id='par_1_91' title="bbox 2146 3123 3720 3219">
     <span class='ocr_line' id='line_1_97' title="bbox 2146 3123 3720 3219; baseline -0.014 -19"><span class='ocrx_word' id='word_1_695' title='bbox 2146 3123 2401 3219; x_wconf 79' lang='grc' dir='ltr'>προεώρα</span> <span class='ocrx_word' id='word_1_696' title='bbox 2419 3161 2439 3204; x_wconf 74' lang='grc'>·,</span> <span class='ocrx_word' id='word_1_697' title='bbox 2473 3143 2572 3214; x_wconf 79' lang='grc' dir='ltr'><strong>ήδη</strong></span> <span class='ocrx_word' id='word_1_698' title='bbox 2614 3156 2673 3193; x_wconf 88' lang='grc' dir='ltr'><strong>τε</strong></span> <span class='ocrx_word' id='word_1_699' title='bbox 2721 3137 2781 3203; x_wconf 82' lang='grc' dir='ltr'><strong>ἐξ</strong></span> <span class='ocrx_word' id='word_1_700' title='bbox 2822 3137 3031 3191; x_wconf 86' lang='grc' dir='ltr'>ἐκείνου</span> <span class='ocrx_word' id='word_1_701' title='bbox 3074 3132 3367 3202; x_wconf 78' lang='grc' dir='ltr'>ἀπόϐλητοι</span> <span class='ocrx_word' id='word_1_702' title='bbox 3409 3123 3547 3199; x_wconf 82' lang='grc' dir='ltr'>ἦσαν</span> <span class='ocrx_word' id='word_1_703' title='bbox 3586 3127 3720 3197; x_wconf 81' lang='grc' dir='ltr'>παρ’</span> 
     </span>
    </p>
   </div>
   <div class='ocr_carea' id='block_1_92' title="bbox 2143 3215 3718 3308">
    <p class='ocr_par' dir='ltr' id='par_1_92' title="bbox 2143 3215 3718 3308">
     <span class='ocr_line' id='line_1_98' title="bbox 2143 3215 3718 3308; baseline -0.015 -15"><span class='ocrx_word' id='word_1_704' title='bbox 2143 3215 2312 3308; x_wconf 79' lang='grc' dir='ltr'>αύτῷ.</span> <span class='ocrx_word' id='word_1_705' title='bbox 2334 3215 2941 3303; x_wconf 72' lang='grc' dir='ltr'>Ἆπηλλοτριώθησαν</span> <span class='ocrx_word' id='word_1_706' title='bbox 2965 3225 3095 3296; x_wconf 77' lang='grc' dir='ltr'>γοῦν</span> <span class='ocrx_word' id='word_1_707' title='bbox 3127 3227 3181 3278; x_wconf 82' lang='lat' dir='ltr'><strong>cl</strong></span> <span class='ocrx_word' id='word_1_708' title='bbox 3219 3218 3552 3291; x_wconf 73' lang='grc' dir='ltr'>ἁμαρτωλοί</span> <span class='ocrx_word' id='word_1_709' title='bbox 3599 3215 3718 3270; x_wconf 75' lang='grc' dir='ltr'><strong>ἀπὸ</strong></span> 
     </span>
    </p>
   </div>
   <div class='ocr_carea' id='block_1_93' title="bbox 2141 3310 3720 3403">
    <p class='ocr_par' dir='ltr' id='par_1_93' title="bbox 2141 3310 3720 3403">
     <span class='ocr_line' id='line_1_99' title="bbox 2141 3310 3720 3403; baseline -0.016 -16"><span class='ocrx_word' id='word_1_710' title='bbox 2141 3333 2394 3403; x_wconf 79' lang='grc' dir='ltr'>μήτρας.</span> <span class='ocrx_word' id='word_1_711' title='bbox 2416 3329 2527 3381; x_wconf 73' lang='grc' dir='ltr'><strong>Καὶ</strong></span> <span class='ocrx_word' id='word_1_712' title='bbox 2554 3328 2601 3379; x_wconf 80' lang='grc' dir='ltr'>εἰ</span> <span class='ocrx_word' id='word_1_713' title='bbox 2623 3324 2717 3378; x_wconf 60' lang='grc' dir='ltr'><strong>κα)⁵</strong></span> <span class='ocrx_word' id='word_1_714' title='bbox 2745 3320 2815 3375; x_wconf 79' lang='grc' dir='ltr'>τὰ</span> <span class='ocrx_word' id='word_1_715' title='bbox 2847 3320 3080 3391; x_wconf 83' lang='grc' dir='ltr'>μάλιστα</span> <span class='ocrx_word' id='word_1_716' title='bbox 3111 3317 3347 3389; x_wconf 77' lang='grc' dir='ltr'>σήμερον</span> <span class='ocrx_word' id='word_1_717' title='bbox 3373 3310 3720 3380; x_wconf 81' lang='grc' dir='ltr'>δικαιοσύνην</span> 
     </span>
    </p>
   </div>
   <div class='ocr_carea' id='block_1_94' title="bbox 2146 3406 3724 3494">
    <p class='ocr_par' dir='ltr' id='par_1_94' title="bbox 2146 3406 3724 3494">
     <span class='ocr_line' id='line_1_100' title="bbox 2146 3406 3724 3494; baseline -0.016 -16"><span class='ocrx_word' id='word_1_718' title='bbox 2146 3424 2327 3479; x_wconf 85' lang='grc' dir='ltr'>λαλεῖν</span> <span class='ocrx_word' id='word_1_719' title='bbox 2353 3417 2794 3494; x_wconf 80' lang='grc' dir='ltr'>προσποιοῦνται,</span> <span class='ocrx_word' id='word_1_720' title='bbox 2822 3416 2933 3477; x_wconf 87' lang='grc' dir='ltr'>τοῖς</span> <span class='ocrx_word' id='word_1_721' title='bbox 2960 3412 3141 3485; x_wconf 76' lang='grc' dir='ltr'>ἔργοις</span> <span class='ocrx_word' id='word_1_722' title='bbox 3169 3408 3238 3461; x_wconf 83' lang='grc' dir='ltr'><strong>τὰ</strong></span> <span class='ocrx_word' id='word_1_723' title='bbox 3276 3406 3496 3459; x_wconf 85' lang='grc' dir='ltr'>ἐναντία</span> <span class='ocrx_word' id='word_1_724' title='bbox 3528 3418 3724 3474; x_wconf 87' lang='grc' dir='ltr'>μετερ-</span> 
     </span>
    </p>
   </div>
   <div class='ocr_carea' id='block_1_95' title="bbox 2146 3494 3723 3590">
    <p class='ocr_par' dir='ltr' id='par_1_95' title="bbox 2146 3494 3723 3590">
     <span class='ocr_line' id='line_1_101' title="bbox 2146 3494 3723 3590; baseline -0.016 -18"><span class='ocrx_word' id='word_1_725' title='bbox 2146 3518 2389 3590; x_wconf 86' lang='grc' dir='ltr'>χόμενοι,</span> <span class='ocrx_word' id='word_1_726' title='bbox 2425 3512 2537 3567; x_wconf 68' lang='grc' dir='ltr'>ἀλλ’</span> <span class='ocrx_word' id='word_1_727' title='bbox 2565 3512 2627 3564; x_wconf 86' lang='grc' dir='ltr'><strong>ού</strong></span> <span class='ocrx_word' id='word_1_728' title='bbox 2664 3509 2758 3563; x_wconf 76' lang='grc' dir='ltr'><strong>καὶ</strong></span> <span class='ocrx_word' id='word_1_729' title='bbox 2792 3506 2942 3578; x_wconf 67' lang='grc' dir='ltr'>παρὰ</span> <span class='ocrx_word' id='word_1_730' title='bbox 2968 3502 3085 3574; x_wconf 83' lang='grc' dir='ltr'>Θεῷ</span> <span class='ocrx_word' id='word_1_731' title='bbox 3116 3501 3210 3556; x_wconf 76' lang='grc' dir='ltr'>νῦν</span> <span class='ocrx_word' id='word_1_732' title='bbox 3244 3499 3521 3570; x_wconf 76' lang='grc' dir='ltr'>ἐφάνησαν</span> <span class='ocrx_word' id='word_1_733' title='bbox 3542 3494 3723 3549; x_wconf 83' lang='grc' dir='ltr'>τοιοῦ-</span> 
     </span>
    </p>
   </div>
   <div class='ocr_carea' id='block_1_96' title="bbox 2148 3587 3724 3680">
    <p class='ocr_par' dir='ltr' id='par_1_96' title="bbox 2148 3587 3724 3680">
     <span class='ocr_line' id='line_1_102' title="bbox 2148 3587 3724 3680; baseline -0.016 -16"><span class='ocrx_word' id='word_1_734' title='bbox 2148 3587 2229 3664; x_wconf 55' lang='lat' dir='ltr'><strong>rei</strong></span> <span class='ocrx_word' id='word_1_735' title='bbox 2254 3625 2267 3641; x_wconf 82' lang='lat'><strong><em>°</em></strong></span> <span class='ocrx_word' id='word_1_736' title='bbox 2298 3608 2424 3680; x_wconf 79' lang='grc' dir='ltr'>πρὶν</span> <span class='ocrx_word' id='word_1_737' title='bbox 2451 3604 2508 3659; x_wconf 85' lang='grc' dir='ltr'><strong>δέ</strong></span> <span class='ocrx_word' id='word_1_738' title='bbox 2548 3603 2655 3657; x_wconf 79' lang='grc' dir='ltr'><strong>ἀπὸ</strong></span> <span class='ocrx_word' id='word_1_739' title='bbox 2687 3599 2924 3671; x_wconf 75' lang='grc' dir='ltr'>γαστρὸς</span> <span class='ocrx_word' id='word_1_740' title='bbox 2953 3594 3231 3667; x_wconf 85' lang='grc' dir='ltr'>προελθεῖν</span> <span class='ocrx_word' id='word_1_741' title='bbox 3268 3591 3482 3654; x_wconf 76' lang='grc' dir='ltr'>αὐτοὺς,</span> <span class='ocrx_word' id='word_1_742' title='bbox 3519 3587 3724 3659; x_wconf 81' lang='grc' dir='ltr'>μᾶλλον</span> 
     </span>
    </p>
   </div>
   <div class='ocr_carea' id='block_1_97' title="bbox 2148 3678 3721 3772">
    <p class='ocr_par' dir='ltr' id='par_1_97' title="bbox 2148 3678 3721 3772">
     <span class='ocr_line' id='line_1_103' title="bbox 2148 3678 3721 3772; baseline -0.017 -16"><span class='ocrx_word' id='word_1_743' title='bbox 2148 3702 2206 3756; x_wconf 80' lang='grc' dir='ltr'>δὲ</span> <span class='ocrx_word' id='word_1_744' title='bbox 2235 3678 2465 3772; x_wconf 10' lang='grc' dir='ltr'>καὶήπρδ</span> <span class='ocrx_word' id='word_1_745' title='bbox 2504 3696 2597 3750; x_wconf 79' lang='grc' dir='ltr'>τοῦ</span> <span class='ocrx_word' id='word_1_746' title='bbox 2639 3691 3006 3763; x_wconf 75' lang='grc' dir='ltr'>συλληφθῆναι</span> <span class='ocrx_word' id='word_1_747' title='bbox 3039 3692 3096 3743; x_wconf 82' lang='grc' dir='ltr'><strong>ἐν</strong></span> <span class='ocrx_word' id='word_1_748' title='bbox 3140 3685 3221 3757; x_wconf 83' lang='grc' dir='ltr'>τῷ</span> <span class='ocrx_word' id='word_1_749' title='bbox 3256 3685 3355 3756; x_wconf 81' lang='grc' dir='ltr'>τῆς</span> <span class='ocrx_word' id='word_1_750' title='bbox 3392 3682 3597 3754; x_wconf 84' lang='grc' dir='ltr'>μήτρας</span> <span class='ocrx_word' id='word_1_751' title='bbox 3627 3678 3721 3731; x_wconf 63' lang='grc' dir='ltr'>δοι</span> 
     </span>
    </p>
   </div>
   <div class='ocr_carea' id='block_1_98' title="bbox 2150 3769 3723 3865">
    <p class='ocr_par' dir='ltr' id='par_1_98' title="bbox 2150 3769 3723 3865">
     <span class='ocr_line' id='line_1_104' title="bbox 2150 3769 3723 3865; baseline -0.017 -18"><span class='ocrx_word' id='word_1_752' title='bbox 2150 3793 2314 3865; x_wconf 85' lang='grc' dir='ltr'>χείῳ,</span> <span class='ocrx_word' id='word_1_753' title='bbox 2343 3769 2865 3857; x_wconf 20' lang='grc' dir='ltr'>ἐνῇπεπλανημένοις</span> <span class='ocrx_word' id='word_1_754' title='bbox 2895 3779 3250 3850; x_wconf 87' lang='grc' dir='ltr'>ἐλογίσθησαν</span> <span class='ocrx_word' id='word_1_755' title='bbox 3280 3776 3408 3846; x_wconf 77' lang='grc' dir='ltr'>παρ’</span> <span class='ocrx_word' id='word_1_756' title='bbox 3430 3769 3596 3841; x_wconf 74' lang='grc' dir='ltr'>αὐτῷ,</span> <span class='ocrx_word' id='word_1_757' title='bbox 3619 3769 3723 3822; x_wconf 73' lang='grc' dir='ltr'>καὶ</span> 
     </span>
    </p>
   </div>
   <div class='ocr_carea' id='block_1_99' title="bbox 2154 3860 3724 3956">
    <p class='ocr_par' dir='ltr' id='par_1_99' title="bbox 2154 3860 3724 3956">
     <span class='ocr_line' id='line_1_105' title="bbox 2154 3860 3724 3956; baseline -0.016 -17"><span class='ocrx_word' id='word_1_758' title='bbox 2154 3860 2436 3956; x_wconf 76' lang='grc' dir='ltr'>μέλλοντες</span> <span class='ocrx_word' id='word_1_759' title='bbox 2469 3879 2685 3934; x_wconf 74' lang='grc' dir='ltr'>ἔσεσθαι</span> <span class='ocrx_word' id='word_1_760' title='bbox 2717 3874 2944 3930; x_wconf 76' lang='grc' dir='ltr'>τοιοῦτοι</span> <span class='ocrx_word' id='word_1_761' title='bbox 2971 3874 3070 3926; x_wconf 79' lang='grc' dir='ltr'><strong>οὐκ</strong></span> <span class='ocrx_word' id='word_1_762' title='bbox 3103 3862 3558 3941; x_wconf 80' lang='grc' dir='ltr'>ήγνοοῦντο.Ἧδη</span> <span class='ocrx_word' id='word_1_763' title='bbox 3578 3861 3636 3915; x_wconf 77' lang='grc' dir='ltr'><strong>δέ</strong></span> <span class='ocrx_word' id='word_1_764' title='bbox 3661 3860 3724 3929; x_wconf 80' lang='grc' dir='ltr'><strong>ἐξ</strong></span> 
     </span>
    </p>
   </div>
   <div class='ocr_carea' id='block_1_100' title="bbox 2152 3952 3728 4042">
    <p class='ocr_par' dir='ltr' id='par_1_100' title="bbox 2152 3952 3728 4042">
     <span class='ocr_line' id='line_1_106' title="bbox 2152 3952 3728 4042; baseline -0.016 -11"><span class='ocrx_word' id='word_1_765' title='bbox 2152 3952 2359 4030; x_wconf 87' lang='grc' dir='ltr'>ἐκείνου</span> <span class='ocrx_word' id='word_1_766' title='bbox 2409 3973 2483 4038; x_wconf 83' lang='grc' dir='ltr'><strong>ὡς</strong></span> <span class='ocrx_word' id='word_1_767' title='bbox 2526 3972 2591 4026; x_wconf 86' lang='grc' dir='ltr'><strong>ἂν</strong></span> <span class='ocrx_word' id='word_1_768' title='bbox 2639 3969 2924 4042; x_wconf 86' lang='grc' dir='ltr'>μέλλοντες</span> <span class='ocrx_word' id='word_1_769' title='bbox 2970 3965 3038 4018; x_wconf 87' lang='grc' dir='ltr'>τὰ</span> <span class='ocrx_word' id='word_1_770' title='bbox 3092 3962 3260 4033; x_wconf 79' lang='grc' dir='ltr'>ψευδῆ</span> <span class='ocrx_word' id='word_1_771' title='bbox 3311 3957 3493 4012; x_wconf 87' lang='grc' dir='ltr'>λαλεῖν</span> <span class='ocrx_word' id='word_1_772' title='bbox 3536 3952 3728 4023; x_wconf 78' lang='grc' dir='ltr'>ἐγινῶο</span> 
     </span>
    </p>
   </div>
   <div class='ocr_carea' id='block_1_101' title="bbox 2155 4045 3728 4132">
    <p class='ocr_par' dir='ltr' id='par_1_101' title="bbox 2155 4045 3728 4132">
     <span class='ocr_line' id='line_1_107' title="bbox 2155 4045 3728 4132; baseline -0.016 -10"><span class='ocrx_word' id='word_1_773' title='bbox 2155 4083 2376 4130; x_wconf 87' lang='grc' dir='ltr'>σκοντο,</span> <span class='ocrx_word' id='word_1_774' title='bbox 2414 4065 2507 4119; x_wconf 78' lang='grc' dir='ltr'><strong>καὶ</strong></span> <span class='ocrx_word' id='word_1_775' title='bbox 2531 4063 2606 4127; x_wconf 80' lang='grc' dir='ltr'>ὡς</span> <span class='ocrx_word' id='word_1_776' title='bbox 2637 4060 2807 4132; x_wconf 82' lang='grc' dir='ltr'>θυμὸς</span> <span class='ocrx_word' id='word_1_777' title='bbox 2839 4059 3021 4120; x_wconf 82' lang='grc' dir='ltr'>αὐτοῖς</span> <span class='ocrx_word' id='word_1_778' title='bbox 3054 4057 3171 4109; x_wconf 87' lang='grc' dir='ltr'>ἐστι</span> <span class='ocrx_word' id='word_1_779' title='bbox 3204 4051 3353 4106; x_wconf 80' lang='grc' dir='ltr'>κατὰ</span> <span class='ocrx_word' id='word_1_780' title='bbox 3377 4048 3494 4117; x_wconf 75' lang='grc' dir='ltr'><strong>τὴν</strong></span> <span class='ocrx_word' id='word_1_781' title='bbox 3520 4045 3728 4117; x_wconf 77' lang='grc' dir='ltr'>ὁμοίω-</span> 
     </span>
    </p>
   </div>
   <div class='ocr_carea' id='block_1_102' title="bbox 2153 4138 3727 4228">
    <p class='ocr_par' dir='ltr' id='par_1_102' title="bbox 2153 4138 3727 4228">
     <span class='ocr_line' id='line_1_108' title="bbox 2153 4138 3727 4228; baseline -0.016 -14"><span class='ocrx_word' id='word_1_782' title='bbox 2153 4176 2257 4214; x_wconf 75' lang='grc' dir='ltr'>σιν</span> <span class='ocrx_word' id='word_1_783' title='bbox 2282 4159 2387 4213; x_wconf 86' lang='grc' dir='ltr'>τοῦ</span> <span class='ocrx_word' id='word_1_784' title='bbox 2426 4158 2634 4228; x_wconf 66' lang='grc' dir='ltr'>ὄφεως.</span> <span class='ocrx_word' id='word_1_785' title='bbox 2663 4153 2845 4225; x_wconf 73' lang='grc' dir='ltr'>Θυμδν</span> <span class='ocrx_word' id='word_1_786' title='bbox 2874 4150 2930 4204; x_wconf 78' lang='grc' dir='ltr'>δὲ</span> <span class='ocrx_word' id='word_1_787' title='bbox 2956 4149 3050 4203; x_wconf 70' lang='grc' dir='ltr'><strong>καὶ</strong></span> <span class='ocrx_word' id='word_1_788' title='bbox 3079 4147 3177 4218; x_wconf 84' lang='grc' dir='ltr'>τὴν</span> <span class='ocrx_word' id='word_1_789' title='bbox 3212 4142 3387 4215; x_wconf 69' lang='grc' dir='ltr'>ψυχὴν</span> <span class='ocrx_word' id='word_1_790' title='bbox 3418 4140 3512 4195; x_wconf 74' lang='grc' dir='ltr'>καὶ</span> <span class='ocrx_word' id='word_1_791' title='bbox 3541 4138 3727 4200; x_wconf 77' lang='grc' dir='ltr'>παῖδες</span> 
     </span>
    </p>
   </div>
   <div class='ocr_carea' id='block_1_103' title="bbox 2165 4232 3729 4320">
    <p class='ocr_par' dir='ltr' id='par_1_103' title="bbox 2165 4232 3729 4320">
     <span class='ocr_line' id='line_1_109' title="bbox 2165 4232 3729 4320; baseline -0.015 -16"><span class='ocrx_word' id='word_1_792' title='bbox 2165 4250 2428 4320; x_wconf 86' lang='grc' dir='ltr'>Ἐλλήνων</span> <span class='ocrx_word' id='word_1_793' title='bbox 2465 4246 2648 4301; x_wconf 78' lang='grc' dir='ltr'>καλεῖν</span> <span class='ocrx_word' id='word_1_794' title='bbox 2692 4243 2967 4299; x_wconf 78' lang='grc' dir='ltr'>εἰώθασιν.</span> <span class='ocrx_word' id='word_1_795' title='bbox 3019 4240 3171 4294; x_wconf 75' lang='grc' dir='ltr'>Ἐπεὶ</span> <span class='ocrx_word' id='word_1_796' title='bbox 3209 4235 3389 4290; x_wconf 83' lang='grc' dir='ltr'>τοίνυν</span> <span class='ocrx_word' id='word_1_797' title='bbox 3420 4234 3515 4287; x_wconf 73' lang='grc' dir='ltr'><strong>καὶ</strong></span> <span class='ocrx_word' id='word_1_798' title='bbox 3560 4232 3589 4284; x_wconf 85' lang='grc' dir='ltr'>ὁ</span> <span class='ocrx_word' id='word_1_799' title='bbox 3623 4247 3729 4282; x_wconf 80' lang='grc' dir='ltr'>πα-</span> 
     </span>
    </p>
   </div>
   <div class='ocr_carea' id='block_1_104' title="bbox 2154 4322 3727 4410">
    <p class='ocr_par' dir='ltr' id='par_1_104' title="bbox 2154 4322 3727 4410">
     <span class='ocr_line' id='line_1_110' title="bbox 2154 4322 3727 4410; baseline -0.015 -14"><span class='ocrx_word' id='word_1_800' title='bbox 2154 4342 2302 4404; x_wconf 78' lang='grc' dir='ltr'>λαιὸς</span> <span class='ocrx_word' id='word_1_801' title='bbox 2339 4340 2492 4410; x_wconf 76' lang='grc' dir='ltr'>ὄφις,</span> <span class='ocrx_word' id='word_1_802' title='bbox 2537 4337 2636 4410; x_wconf 83' lang='grc' dir='ltr'><strong>τὴν</strong></span> <span class='ocrx_word' id='word_1_803' title='bbox 2670 4336 2813 4391; x_wconf 74' lang='grc' dir='ltr'>Εὕαν</span> <span class='ocrx_word' id='word_1_804' title='bbox 2845 4336 3161 4404; x_wconf 85' lang='grc' dir='ltr'>ἀπατήσας,</span> <span class='ocrx_word' id='word_1_805' title='bbox 3210 4326 3590 4398; x_wconf 89' lang='grc' dir='ltr'>προσεποιεῖτο</span> <span class='ocrx_word' id='word_1_806' title='bbox 3626 4322 3727 4393; x_wconf 84' lang='grc' dir='ltr'>μὲν</span> 
     </span>
    </p>
   </div>
   <div class='ocr_carea' id='block_1_105' title="bbox 2085 4418 3726 4529">
    <p class='ocr_par' dir='ltr' id='par_1_105' title="bbox 2085 4418 3726 4529">
     <span class='ocr_line' id='line_1_111' title="bbox 2085 4418 3726 4529; baseline -0.011 -42"><span class='ocrx_word' id='word_1_807' title='bbox 2085 4433 2382 4529; x_wconf 58' lang='grc' dir='ltr'><strong>ι)γλυκείξι</strong></span> <span class='ocrx_word' id='word_1_808' title='bbox 2431 4432 2525 4485; x_wconf 76' lang='grc' dir='ltr'>καὶ</span> <span class='ocrx_word' id='word_1_809' title='bbox 2577 4429 2765 4500; x_wconf 84' lang='grc' dir='ltr'>φιλικῇ</span> <span class='ocrx_word' id='word_1_810' title='bbox 2814 4424 3113 4497; x_wconf 78' lang='grc' dir='ltr'>κεχρῆσθαι</span> <span class='ocrx_word' id='word_1_811' title='bbox 3158 4419 3372 4491; x_wconf 80' lang='grc' dir='ltr'>ὁμιλίᾳ,</span> <span class='ocrx_word' id='word_1_812' title='bbox 3410 4418 3629 4489; x_wconf 84' lang='grc' dir='ltr'>μνήμην</span> <span class='ocrx_word' id='word_1_813' title='bbox 3665 4431 3726 4469; x_wconf 72' lang='grc' dir='ltr'><strong>τε</strong></span> 
     </span>
    </p>
   </div>
   <div class='ocr_carea' id='block_1_106' title="bbox 2159 4507 3722 4581">
    <p class='ocr_par' dir='ltr' id='par_1_106' title="bbox 2159 4507 3722 4581">
     <span class='ocr_line' id='line_1_112' title="bbox 2159 4507 3722 4581; baseline -0.012 -4"><span class='ocrx_word' id='word_1_814' title='bbox 2159 4522 2295 4577; x_wconf 77' lang='grc' dir='ltr'>Θεοῦ</span> <span class='ocrx_word' id='word_1_815' title='bbox 2344 4520 2643 4581; x_wconf 74' lang='grc' dir='ltr'>ποιεῖσθαι,</span> <span class='ocrx_word' id='word_1_816' title='bbox 2677 4520 2769 4573; x_wconf 87' lang='grc' dir='ltr'><strong>καί</strong></span> <span class='ocrx_word' id='word_1_817' title='bbox 2813 4534 2933 4571; x_wconf 88' lang='grc' dir='ltr'>τινα</span> <span class='ocrx_word' id='word_1_818' title='bbox 2956 4510 3358 4568; x_wconf 79' lang='grc' dir='ltr'>ἐπιδείκνυσθαι</span> <span class='ocrx_word' id='word_1_819' title='bbox 3403 4507 3722 4572; x_wconf 79' lang='grc' dir='ltr'>εὐλάϐειαν,</span> 
     </span>
    </p>
   </div>
   <div class='ocr_carea' id='block_1_107' title="bbox 2158 4599 3726 4686">
    <p class='ocr_par' dir='ltr' id='par_1_107' title="bbox 2158 4599 3726 4686">
     <span class='ocr_line' id='line_1_113' title="bbox 2158 4599 3726 4686; baseline -0.009 -17"><span class='ocrx_word' id='word_1_820' title='bbox 2158 4615 2329 4684; x_wconf 84' lang='grc' dir='ltr'>λέγων</span> <span class='ocrx_word' id='word_1_821' title='bbox 2378 4618 2445 4686; x_wconf 79' lang='grc' dir='ltr'>τῇ</span> <span class='ocrx_word' id='word_1_822' title='bbox 2490 4612 2741 4683; x_wconf 72' lang='grc' dir='ltr'>γυναικίο</span> <span class='ocrx_word' id='word_1_823' title='bbox 2793 4611 2853 4665; x_wconf 84' lang='grc' dir='ltr'>Τί</span> <span class='ocrx_word' id='word_1_824' title='bbox 2885 4608 2975 4663; x_wconf 87' lang='grc' dir='ltr'>ὅτι</span> <span class='ocrx_word' id='word_1_825' title='bbox 3009 4603 3178 4661; x_wconf 78' lang='grc' dir='ltr'>εἶπεν</span> <span class='ocrx_word' id='word_1_826' title='bbox 3213 4607 3244 4658; x_wconf 86' lang='grc' dir='ltr'><strong>ό</strong></span> <span class='ocrx_word' id='word_1_827' title='bbox 3291 4603 3468 4669; x_wconf 74' lang='grc' dir='ltr'>Θεόςο</span> <span class='ocrx_word' id='word_1_828' title='bbox 3512 4603 3595 4655; x_wconf 77' lang='grc' dir='ltr'><strong>Οὐ</strong></span> <span class='ocrx_word' id='word_1_829' title='bbox 3637 4599 3726 4671; x_wconf 78' lang='grc' dir='ltr'><strong>μὴ</strong></span> 
     </span>
    </p>
   </div>
   <div class='ocr_carea' id='block_1_108' title="bbox 2161 4690 3730 4776">
    <p class='ocr_par' dir='ltr' id='par_1_108' title="bbox 2161 4690 3730 4776">
     <span class='ocr_line' id='line_1_114' title="bbox 2161 4690 3730 4776; baseline -0.011 -16"><span class='ocrx_word' id='word_1_830' title='bbox 2161 4705 2384 4776; x_wconf 71' lang='grc' dir='ltr'>φάγητε</span> <span class='ocrx_word' id='word_1_831' title='bbox 2409 4703 2526 4759; x_wconf 76' lang='grc' dir='ltr'><strong>ἀπὸ</strong></span> <span class='ocrx_word' id='word_1_832' title='bbox 2553 4702 2779 4768; x_wconf 75' lang='grc' dir='ltr'>παντὸς</span> <span class='ocrx_word' id='word_1_833' title='bbox 2804 4700 2994 4765; x_wconf 73' lang='grc' dir='ltr'>ξύλου</span> <span class='ocrx_word' id='word_1_834' title='bbox 3029 4699 3134 4752; x_wconf 82' lang='grc' dir='ltr'>τοῦ</span> <span class='ocrx_word' id='word_1_835' title='bbox 3150 4696 3219 4750; x_wconf 80' lang='grc' dir='ltr'><strong>ὲν</strong></span> <span class='ocrx_word' id='word_1_836' title='bbox 3239 4693 3318 4760; x_wconf 87' lang='grc' dir='ltr'>τῷ</span> <span class='ocrx_word' id='word_1_837' title='bbox 3353 4690 3730 4761; x_wconf 64' lang='grc' dir='ltr'>παραδείσοις</span> 
     </span>
    </p>
   </div>
   <div class='ocr_carea' id='block_1_109' title="bbox 2160 4780 3732 4867">
    <p class='ocr_par' dir='ltr' id='par_1_109' title="bbox 2160 4780 3732 4867">
     <span class='ocr_line' id='line_1_115' title="bbox 2160 4780 3732 4867; baseline -0.01 -16"><span class='ocrx_word' id='word_1_838' title='bbox 2160 4798 2254 4851; x_wconf 80' lang='grc' dir='ltr'>καὶ</span> <span class='ocrx_word' id='word_1_839' title='bbox 2286 4796 2477 4850; x_wconf 71' lang='grc' dir='ltr'>πάλινι</span> <span class='ocrx_word' id='word_1_840' title='bbox 2514 4794 2680 4867; x_wconf 82' lang='grc' dir='ltr'>’ᾙδει</span> <span class='ocrx_word' id='word_1_841' title='bbox 2723 4792 2834 4862; x_wconf 74' lang='grc' dir='ltr'>γὰρ</span> <span class='ocrx_word' id='word_1_842' title='bbox 2871 4796 2903 4846; x_wconf 88' lang='grc' dir='ltr'><strong>ό</strong></span> <span class='ocrx_word' id='word_1_843' title='bbox 2929 4790 3073 4856; x_wconf 74' lang='grc' dir='ltr'>Θεὸς</span> <span class='ocrx_word' id='word_1_844' title='bbox 3093 4829 3108 4854; x_wconf 90' lang='grc'><strong>,</strong></span> <span class='ocrx_word' id='word_1_845' title='bbox 3139 4789 3227 4842; x_wconf 83' lang='grc' dir='ltr'>ὅτι</span> <span class='ocrx_word' id='word_1_846' title='bbox 3258 4780 3299 4858; x_wconf 82' lang='grc' dir='ltr'><em>ᾗ</em></span> <span class='ocrx_word' id='word_1_847' title='bbox 3335 4785 3387 4839; x_wconf 84' lang='grc' dir='ltr'>δ’</span> <span class='ocrx_word' id='word_1_848' title='bbox 3421 4784 3499 4839; x_wconf 82' lang='grc' dir='ltr'><strong>ἂν</strong></span> <span class='ocrx_word' id='word_1_849' title='bbox 3539 4783 3732 4853; x_wconf 79' lang='grc' dir='ltr'>ἡμέρᾳ</span> 
     </span>
    </p>
   </div>
   <div class='ocr_carea' id='block_1_110' title="bbox 2161 4872 3734 4957">
    <p class='ocr_par' dir='ltr' id='par_1_110' title="bbox 2161 4872 3734 4957">
     <span class='ocr_line' id='line_1_116' title="bbox 2161 4872 3734 4957; baseline -0.011 -15"><span class='ocrx_word' id='word_1_850' title='bbox 2161 4886 2384 4957; x_wconf 72' lang='grc' dir='ltr'>φάγητε</span> <span class='ocrx_word' id='word_1_851' title='bbox 2433 4885 2533 4940; x_wconf 77' lang='grc' dir='ltr'><strong>ἀπ’</strong></span> <span class='ocrx_word' id='word_1_852' title='bbox 2597 4881 2815 4949; x_wconf 78' lang='grc' dir='ltr'>αὐτοῦ,</span> <span class='ocrx_word' id='word_1_853' title='bbox 2878 4876 3397 4947; x_wconf 63' lang='grc' dir='ltr'>διανοιχθήσοκται</span> <span class='ocrx_word' id='word_1_854' title='bbox 3452 4872 3620 4943; x_wconf 80' lang='grc' dir='ltr'>ὑμῶν</span> <span class='ocrx_word' id='word_1_855' title='bbox 3678 4874 3734 4925; x_wconf 83' lang='grc' dir='ltr'>οι</span> 
     </span>
    </p>
   </div>
   <div class='ocr_carea' id='block_1_111' title="bbox 2163 4966 3735 5048">
    <p class='ocr_par' dir='ltr' id='par_1_111' title="bbox 2163 4966 3735 5048">
     <span class='ocr_line' id='line_1_117' title="bbox 2163 4966 3735 5048; baseline -0.01 -15"><span class='ocrx_word' id='word_1_856' title='bbox 2163 4977 2453 5048; x_wconf 47' lang='grc' dir='ltr'>ὀφθαλμοὶ</span> <span class='ocrx_word' id='word_1_857' title='bbox 2474 5015 2490 5040; x_wconf 92' lang='grc'><strong>,</strong></span> <span class='ocrx_word' id='word_1_858' title='bbox 2534 4976 2631 5030; x_wconf 80' lang='grc' dir='ltr'>καὶ</span> <span class='ocrx_word' id='word_1_859' title='bbox 2656 4976 2875 5030; x_wconf 76' lang='grc' dir='ltr'>ἔσεσθε</span> <span class='ocrx_word' id='word_1_860' title='bbox 2908 4971 2987 5037; x_wconf 86' lang='grc' dir='ltr'>ὡς</span> <span class='ocrx_word' id='word_1_861' title='bbox 3009 4970 3161 5034; x_wconf 74' lang='grc' dir='ltr'>θεοὶ,</span> <span class='ocrx_word' id='word_1_862' title='bbox 3192 4966 3584 5040; x_wconf 75' lang='grc' dir='ltr'>γινώσκοντες</span> <span class='ocrx_word' id='word_1_863' title='bbox 3628 4979 3735 5018; x_wconf 76' lang='grc' dir='ltr'>κα-</span> 
     </span>
    </p>
   </div>
   <div class='ocr_carea' id='block_1_112' title="bbox 2161 5056 3731 5135">
    <p class='ocr_par' dir='ltr' id='par_1_112' title="bbox 2161 5056 3731 5135">
     <span class='ocr_line' id='line_1_118' title="bbox 2161 5056 3731 5135; baseline -0.011 -10"><span class='ocrx_word' id='word_1_864' title='bbox 2161 5070 2276 5125; x_wconf 71' lang='grc' dir='ltr'><strong>λὸν</strong></span> <span class='ocrx_word' id='word_1_865' title='bbox 2300 5068 2398 5123; x_wconf 82' lang='grc' dir='ltr'>καὶ</span> <span class='ocrx_word' id='word_1_866' title='bbox 2426 5067 2716 5135; x_wconf 81' lang='grc' dir='ltr'>πονηρόν·</span> <span class='ocrx_word' id='word_1_867' title='bbox 2748 5065 2841 5120; x_wconf 71' lang='grc' dir='ltr'><strong>καὶ</strong></span> <span class='ocrx_word' id='word_1_868' title='bbox 2879 5061 3102 5117; x_wconf 77' lang='grc' dir='ltr'>τοιαῦτα</span> <span class='ocrx_word' id='word_1_869' title='bbox 3137 5061 3233 5131; x_wconf 83' lang='grc' dir='ltr'>μὲν</span> <span class='ocrx_word' id='word_1_870' title='bbox 3271 5056 3731 5131; x_wconf 77' lang='grc' dir='ltr'>ὑποκρινόμενος,</span> 
     </span>
    </p>
   </div>
   <div class='ocr_carea' id='block_1_113' title="bbox 2162 5148 3736 5226">
    <p class='ocr_par' dir='ltr' id='par_1_113' title="bbox 2162 5148 3736 5226">
     <span class='ocr_line' id='line_1_119' title="bbox 2162 5148 3736 5226; baseline -0.011 -12"><span class='ocrx_word' id='word_1_871' title='bbox 2162 5162 2257 5215; x_wconf 74' lang='grc' dir='ltr'><strong>καὶ</strong></span> <span class='ocrx_word' id='word_1_872' title='bbox 2286 5158 2376 5212; x_wconf 81' lang='grc' dir='ltr'><strong>τὸν</strong></span> <span class='ocrx_word' id='word_1_873' title='bbox 2404 5158 2537 5211; x_wconf 84' lang='grc' dir='ltr'>Θεὸν</span> <span class='ocrx_word' id='word_1_874' title='bbox 2570 5156 2765 5210; x_wconf 83' lang='grc' dir='ltr'>εἰδέναι</span> <span class='ocrx_word' id='word_1_875' title='bbox 2794 5150 3259 5226; x_wconf 82' lang='grc' dir='ltr'>προσποιούμενος</span> <span class='ocrx_word' id='word_1_876' title='bbox 3277 5191 3292 5215; x_wconf 90' lang='grc'><strong>,</strong></span> <span class='ocrx_word' id='word_1_877' title='bbox 3323 5148 3515 5220; x_wconf 82' lang='grc' dir='ltr'>ὡμίλει</span> <span class='ocrx_word' id='word_1_878' title='bbox 3534 5149 3609 5218; x_wconf 79' lang='grc' dir='ltr'><strong>,τῇ</strong></span> <span class='ocrx_word' id='word_1_879' title='bbox 3635 5162 3736 5214; x_wconf 85' lang='grc' dir='ltr'>γυ-</span> 
     </span>
    </p>
   </div>
   <div class='ocr_carea' id='block_1_114' title="bbox 2164 5240 3735 5321">
    <p class='ocr_par' dir='ltr' id='par_1_114' title="bbox 2164 5240 3735 5321">
     <span class='ocr_line' id='line_1_120' title="bbox 2164 5240 3735 5321; baseline -0.01 -15"><span class='ocrx_word' id='word_1_880' title='bbox 2164 5253 2343 5314; x_wconf 75' lang='grc' dir='ltr'>ναικὶ,</span> <span class='ocrx_word' id='word_1_881' title='bbox 2391 5253 2448 5304; x_wconf 83' lang='grc' dir='ltr'><strong>ἐν</strong></span> <span class='ocrx_word' id='word_1_882' title='bbox 2492 5249 2689 5321; x_wconf 75' lang='grc' dir='ltr'>καρδίᾳ</span> <span class='ocrx_word' id='word_1_883' title='bbox 2733 5248 2791 5302; x_wconf 83' lang='grc' dir='ltr'>δὲ</span> <span class='ocrx_word' id='word_1_884' title='bbox 2845 5246 3074 5318; x_wconf 85' lang='grc' dir='ltr'>ἀνομίας</span> <span class='ocrx_word' id='word_1_885' title='bbox 3117 5242 3431 5316; x_wconf 74' lang='grc' dir='ltr'>εἰργάζετο,</span> <span class='ocrx_word' id='word_1_886' title='bbox 3478 5242 3573 5295; x_wconf 74' lang='grc' dir='ltr'>καὶ</span> <span class='ocrx_word' id='word_1_887' title='bbox 3617 5240 3735 5300; x_wconf 85' lang='grc' dir='ltr'>τοῖς</span> 
     </span>
    </p>
   </div>
   <div class='ocr_carea' id='block_1_115' title="bbox 2164 5334 3734 5417">
    <p class='ocr_par' dir='ltr' id='par_1_115' title="bbox 2164 5334 3734 5417">
     <span class='ocr_line' id='line_1_121' title="bbox 2164 5334 3734 5417; baseline -0.01 -18"><span class='ocrx_word' id='word_1_888' title='bbox 2164 5346 2344 5417; x_wconf 75' lang='grc' dir='ltr'>ἔργοις</span> <span class='ocrx_word' id='word_1_889' title='bbox 2365 5344 2576 5399; x_wconf 81' lang='grc' dir='ltr'>ἀδικίαν</span> <span class='ocrx_word' id='word_1_890' title='bbox 2603 5341 2931 5396; x_wconf 87' lang='grc' dir='ltr'>συνέπλεκεν</span> <span class='ocrx_word' id='word_1_891' title='bbox 2952 5357 2964 5371; x_wconf 71' lang='grc'><strong><em>⁸</em></strong></span> <span class='ocrx_word' id='word_1_892' title='bbox 2980 5337 3203 5401; x_wconf 74' lang='grc' dir='ltr'>εἰκότως</span> <span class='ocrx_word' id='word_1_893' title='bbox 3228 5337 3323 5390; x_wconf 73' lang='grc' dir='ltr'><strong>καὶ</strong></span> <span class='ocrx_word' id='word_1_894' title='bbox 3350 5335 3459 5388; x_wconf 78' lang='grc' dir='ltr'>οἶδε</span> <span class='ocrx_word' id='word_1_895' title='bbox 3487 5334 3734 5402; x_wconf 83' lang='grc' dir='ltr'>λέγονται</span> 
     </span>
    </p>
   </div>
   <div class='ocr_carea' id='block_1_116' title="bbox 2167 5426 3731 5509">
    <p class='ocr_par' dir='ltr' id='par_1_116' title="bbox 2167 5426 3731 5509">
     <span class='ocr_line' id='line_1_122' title="bbox 2167 5426 3731 5509; baseline -0.009 -17"><span class='ocrx_word' id='word_1_896' title='bbox 2167 5438 2335 5509; x_wconf 64' lang='grc' dir='ltr'>θυμὸν</span> <span class='ocrx_word' id='word_1_897' title='bbox 2363 5436 2506 5509; x_wconf 77' lang='grc' dir='ltr'>ἔχειν</span> <span class='ocrx_word' id='word_1_898' title='bbox 2537 5439 2629 5490; x_wconf 83' lang='grc' dir='ltr'><strong>καὶ</strong></span> <span class='ocrx_word' id='word_1_899' title='bbox 2656 5435 2833 5506; x_wconf 74' lang='grc' dir='ltr'>ψυχὴν</span> <span class='ocrx_word' id='word_1_900' title='bbox 2864 5432 3055 5504; x_wconf 86' lang='grc' dir='ltr'>ὁμοίαν</span> <span class='ocrx_word' id='word_1_901' title='bbox 3084 5430 3162 5503; x_wconf 82' lang='grc' dir='ltr'>τῷ</span> <span class='ocrx_word' id='word_1_902' title='bbox 3192 5429 3543 5503; x_wconf 83' lang='grc' dir='ltr'>προλεχθέντι</span> <span class='ocrx_word' id='word_1_903' title='bbox 3574 5426 3694 5495; x_wconf 79' lang='grc' dir='ltr'>όφει</span> <span class='ocrx_word' id='word_1_904' title='bbox 3713 5440 3731 5455; x_wconf 76' lang='grc' dir='ltr'><strong>ο</strong></span> 
     </span>
    </p>
   </div>
   <div class='ocr_carea' id='block_1_117' title="bbox 2166 5517 3742 5601">
    <p class='ocr_par' dir='ltr' id='par_1_117' title="bbox 2166 5517 3742 5601">
     <span class='ocr_line' id='line_1_123' title="bbox 2166 5517 3742 5601; baseline -0.008 -18"><span class='ocrx_word' id='word_1_905' title='bbox 2166 5529 2194 5583; x_wconf 82' lang='grc' dir='ltr'><strong>ὃ</strong></span> <span class='ocrx_word' id='word_1_906' title='bbox 2225 5530 2287 5601; x_wconf 83' lang='grc' dir='ltr'>δὴ</span> <span class='ocrx_word' id='word_1_907' title='bbox 2314 5530 2407 5584; x_wconf 81' lang='grc' dir='ltr'><strong>καὶ</strong></span> <span class='ocrx_word' id='word_1_908' title='bbox 2438 5527 2569 5582; x_wconf 82' lang='grc' dir='ltr'>αὐτὸ</span> <span class='ocrx_word' id='word_1_909' title='bbox 2594 5527 2921 5599; x_wconf 73' lang='grc' dir='ltr'>προείληφεν</span> <span class='ocrx_word' id='word_1_910' title='bbox 2941 5525 2970 5576; x_wconf 86' lang='grc' dir='ltr'><strong>ό</strong></span> <span class='ocrx_word' id='word_1_911' title='bbox 3000 5522 3132 5586; x_wconf 85' lang='grc' dir='ltr'>Θεὸς</span> <span class='ocrx_word' id='word_1_912' title='bbox 3163 5524 3228 5595; x_wconf 82' lang='grc' dir='ltr'>τῇ</span> <span class='ocrx_word' id='word_1_913' title='bbox 3266 5519 3588 5594; x_wconf 85' lang='grc' dir='ltr'>προγνώσει.</span> <span class='ocrx_word' id='word_1_914' title='bbox 3614 5517 3742 5571; x_wconf 82' lang='grc' dir='ltr'><strong>Τῶν</strong></span> 
     </span>
    </p>
   </div>
   <div class='ocr_carea' id='block_1_118' title="bbox 2167 5609 3744 5695">
    <p class='ocr_par' dir='ltr' id='par_1_118' title="bbox 2167 5609 3744 5695">
     <span class='ocr_line' id='line_1_124' title="bbox 2167 5609 3744 5695; baseline -0.01 -17"><span class='ocrx_word' id='word_1_915' title='bbox 2167 5623 2275 5695; x_wconf 77' lang='grc' dir='ltr'><strong>γὰρ</strong></span> <span class='ocrx_word' id='word_1_916' title='bbox 2299 5622 2456 5678; x_wconf 86' lang='grc' dir='ltr'>θείων</span> <span class='ocrx_word' id='word_1_917' title='bbox 2492 5620 2866 5684; x_wconf 80' lang='grc' dir='ltr'>είσακούοντες</span> <span class='ocrx_word' id='word_1_918' title='bbox 2905 5617 3077 5688; x_wconf 86' lang='grc' dir='ltr'>λόγων</span> <span class='ocrx_word' id='word_1_919' title='bbox 3106 5615 3200 5673; x_wconf 73' lang='grc' dir='ltr'><strong>καὶ</strong></span> <span class='ocrx_word' id='word_1_920' title='bbox 3228 5619 3338 5680; x_wconf 85' lang='grc' dir='ltr'>τοῖς</span> <span class='ocrx_word' id='word_1_921' title='bbox 3370 5615 3535 5693; x_wconf 85' lang='grc' dir='ltr'>ἱεροῖς</span> <span class='ocrx_word' id='word_1_922' title='bbox 3564 5609 3744 5695; x_wconf 79' lang='grc' dir='ltr'>μαθη-</span> 
     </span>
    </p>
   </div>
  </div>
