4024 6202
344 213 443 270 521

1479 202 1981 271 (ῖοδιΜΕΝτΑιιιΑ
2016 213 2083 268 IN
2127 212 2472 270 PSALMOS.

3501 209 3608 267 522

325 328 616 399 τευόμενοι
643 329 874 400 ῥήμασι,
897 331 1048 385 οὐδὲν
1081 331 1422 402 τικτήσονται
1458 331 1593 401 πρὸς
1628 329 1898 400 ὠφελείας

2025 327 2306 382 obturanti
2330 341 2492 380 aures
2521 339 2672 390 suas,
2707 333 2765 378 ut
2793 341 2903 379 non
2937 323 3190 380 exaudiat
3217 337 3380 379 voces
3413 322 3603 376 incau-

333 421 422 474 διά
448 421 510 474 τὸ
542 420 691 491 βύειν
712 422 780 476 τὰ
802 417 938 488 ὦτα,
961 425 1054 477 καὶ
1089 424 1162 493 μὴ
1197 421 1591 492 καταδέχεσθαι
1619 421 1728 474 τῶν
1756 421 1918 474 θείων

334 510 557 582 ἐπῳδῶν
593 511 691 575 τὰς
723 513 1014 583 δυνάμεις,
1049 512 1437 582 ἀφομοιοῦσθαι
1476 512 1534 564 δὲ
1555 513 1740 566 ἀσπίδι
1758 514 1914 582 κωφῇ

332 600 428 652 καὶ
463 599 668 672 βυούσῃ
698 601 766 654 τά
797 597 912 655 ὦτα
946 602 1138 671 αὐτῆς,
1169 602 1305 674 πρὸς
1330 603 1393 657 τὸ
1426 603 1500 673 μὴ
1535 602 1765 656 ἀκοῦσαι
1800 621 1914 672 φω-

331 689 433 759 νῆς
461 690 791 761 ἐπᾳδόντων,
836 693 1246 762 φαριιακΟὗται
1275 694 1348 764 (1)
1381 695 1914 762 φαρμακευομένου

329 781 492 848 παρὰ
531 782 748 850 σοφοῦ.
907 783 1004 854 μὲν
1037 779 1128 838 οὖν
1155 785 1277 854 ὄφει
1309 784 1671 860 ὠμοιώθησαν
1697 785 1787 838 διὰ
1816 785 1914 856 τὴν

329 868 620 939 ὑπόκρισιν
650 871 743 923 καὶ
766 871 864 941 τὴν
891 871 1225 924 ἐπίπλαστον
1259 871 1388 942 περὶ
1415 870 1550 923 θεοῦ
1581 871 1818 946 ὁμιλίαν,
1843 873 1910 942 τῇ

325 957 382 1010 δὲ
410 959 596 1012 ἀσπίδι
627 959 716 1013 διά
741 962 800 1014 τὸ
836 961 1100 1034 κρύπτειν
1126 965 1184 1016 ἐν
1209 962 1394 1025 αὐτοῖς
1417 962 1510 1015 τὸν
1539 961 1912 1033 θανατηφόρον

329 1051 426 1103 ἰόν.
468 1052 607 1105 Ἀλλ’
643 1055 691 1104 εί
724 1055 822 1123 μὲν
856 1055 1042 1119 ἁπλῶς
1068 1056 1256 1108 ἀσπίδι
1287 1055 1731 1125 παρεόλήθησαν,
1755 1055 1913 1118 ἐλπὶς

325 1139 392 1194 ἀν
415 1136 484 1212 ἦν
513 1159 642 1195 ποτε
673 1143 1152 1215 ὠφεληθήσεσθαιο
1184 1145 1307 1197 ἐπεὶ
1339 1145 1433 1197 καὶ
1462 1144 1522 1197 τὸ
1554 1144 1722 1197 δεινὸν
1749 1145 1913 1216 ἑρπε-

323 1228 414 1282 τὸν
449 1231 625 1284 ἐκεῖνό
653 1234 801 1285 ἐστιν
839 1234 925 1286 ὅτε
963 1232 1023 1296 ἐξ
1047 1233 1259 1304 ἐπῳδῆς
1293 1233 1390 1285 καὶ
1419 1232 1764 1300 κατασκευῆς
1795 1233 1912 1286 ἐτέ-

327 1337 434 1390 ρων
465 1321 627 1375 τινῶν
656 1317 990 1395 ἀπορρίπτει
1038 1325 1126 1378 τὸν
1157 1326 1252 1387 ἱὸν,
1285 1327 1377 1378 καὶ
1411 1325 1502 1378 τὸν
1527 1325 1696 1394 θυμὸν
1725 1307 1912 1377 ἀποτί-

323 1409 495 1475 θεται,
529 1414 622 1466 καὶ
653 1413 843 1485 ὥσπερ
877 1415 1277 1485 ἀπονεκροῦται
1307 1416 1404 1484 τὴν
1436 1416 1632 1468 κακίαν
1652 1432 1666 1446 ·
1701 1417 1749 1468 εἰ
1790 1415 1847 1468 δὲ
1877 1417 1909 1486 ή

319 1501 546 1572 τοιαύτη
599 1503 702 1574 τῆς
746 1497 976 1568 ἀσπίδος
1022 1506 1217 1576 πικρία
1259 1507 1481 1577 δυνάμει
1535 1508 1708 1575 λόγων
1751 1507 1910 1561 τινῶν

322 1593 606 1660 ἐξασθενεῖ
639 1599 731 1652 καὶ
760 1598 1220 1670 ἀπομαραίνεται,
1246 1600 1335 1651 τὸν
1365 1601 1438 1652 ἰόν
1458 1617 1517 1652 τε
1549 1599 1906 1670 ἀπορρίπτει,

2020 419 2276 480 tantium,
2307 431 2484 485 neque
2527 416 2754 485 recipiat
2786 415 3068 470 remedium
3118 432 3150 466 α
3188 416 3417 481 sapiente
3442 429 3605 482 para-

2019 521 2152 564 tum.
2184 509 2434 579 Serpenti
2461 509 2625 578 igitur
2647 507 2858 562 similes
2893 515 3044 570 sunt,
3091 506 3163 560 ob
3189 506 3526 576 hypocrisin,
3549 517 3605 560 et

2015 600 2334 656 ‘simulatum
2378 599 2509 654 illud
2546 597 2614 653 de
2655 597 2764 653 Deo
2805 599 3172 668 colloquium;
3224 597 3402 667 aspidi
3447 612 3598 657 vero,

2017 695 2144 763 quia
2201 693 2362 747 letale
2417 706 2688 746 venenum
2729 692 2784 744 in
2833 706 2892 746 se
2952 690 3251 746 occultant.
3307 687 3508 744 Verum
3553 690 3599 743 si

2018 783 2194 853 aspidi
2225 783 2492 836 duntaxat
2540 779 2896 851 comparandi
2923 787 3129 843 essent,
3163 794 3290 849 spes
3322 778 3462 833 foret
3505 793 3602 833 eos

2017 874 2308 944 aliquando
2348 873 2634 926 utilitatem
2669 879 3026 941 percepturos
3062 887 3074 921 :
3119 870 3389 939 siquidem
3421 867 3596 924 ferum

2015 967 2149 1021 illud
2190 966 2401 1034 reptile,
2461 980 2529 1019 ex
2585 963 2957 1018 incantatione
2979 971 3032 1017 et
3067 960 3299 1018 artiﬁcio
3333 975 3596 1030 quorum-

2013 1058 2165 1121 dam,
2216 1059 2368 1111 virus
2408 1071 2802 1126 nonnunquam
2839 1055 3050 1126 abjicit,
3107 1053 3458 1122 furoremque
3497 1052 3594 1106 de-

2014 1149 2189 1219 ponit,
2223 1158 2274 1202 et
2309 1147 2466 1218 quasi
2501 1147 2871 1217 exstinguitur
2903 1145 3084 1217 quoad
3118 1144 3403 1200 malitiam.
3437 1142 3590 1208 Quod

2019 1238 2067 1293 si
2094 1238 2221 1292 talis
2257 1238 2531 1292 acerbitas
2577 1237 2783 1312 aspidis
2821 1239 2872 1291 vi
2907 1236 3268 1307 quorumdam
3299 1235 3589 1288 verborum

2012 1329 2328 1384 debilitatur
2351 1337 2405 1384 et
2458 1330 2770 1390 marcescit,
2811 1342 3190 1397 venenumque
3221 1326 3430 1395 abiicit,
3461 1323 3593 1394 quid

2017 1420 2306 1479 dicendum
2337 1421 2405 1474 de
2432 1421 2616 1474 anima
2641 1418 2901 1482 hominis,
2935 1427 3055 1488 Quae
3078 1416 3144 1470 ad
3179 1416 3466 1486 imaginem
3496 1412 3591 1467 Dei

2015 1509 2155 1563 facta
2182 1519 2287 1571 est,
2321 1509 2428 1563 nisi
2456 1523 2576 1563 eam
2602 1509 2774 1561 multo
2807 1507 2988 1578 potius
3011 1522 3174 1577 quam
3207 1504 3403 1574 reptile
3457 1503 3591 1557 illud

2011 1612 2204 1668 genus,
2232 1597 2481 1667 deposito
2504 1597 2726 1651 malitiae
2756 1612 2985 1659 veneno,
3043 1597 3097 1651 in
3148 1595 3340 1648 melius
3371 1602 3592 1648 mutan-

317 1687 372 1738 τί
402 1688 508 1757 χρὴ
538 1687 719 1756 λέγειν
750 1659 889 1759 περὶ,
907 1659 1426 1760 ἀνθρώπουψυχῆς,
1449 1691 1549 1758 τῆς
1574 1659 1898 1764 κατ”είκόνα

2009 1689 2135 1744 dam
2168 1704 2324 1752 esse;
2353 1690 2398 1744 si
2430 1697 2611 1742 tamen
2665 1701 2789 1743 sese
2836 1688 3145 1742 divinarum
3173 1685 3588 1754 disciplinarum

317 1773 458 1827 Θεοῦ
489 1774 865 1845 γεγενημένης
890 1817 904 1838 ,
931 1775 1043 1828 ἀλλ’
1074 1777 1154 1828 ὅτι
1183 1776 1276 1827 καὶ
1307 1775 1441 1845 αὐτὴ
1471 1775 1607 1828 πολὺ
1645 1775 1844 1846 μᾶλλον
1868 1776 1900 1847 ἢ

315 1863 383 1914 τὸ
434 1865 760 1933 ἐρπυστικὸν
803 1867 979 1918 ὲκεῖνο
1021 1865 1176 1934 γένος
1235 1864 1524 1935 μετέϐαλεν
1580 1863 1646 1918 ἂν
1690 1867 1783 1918 ἐπὶ
1842 1866 1904 1918 τὸ

319 1955 606 2024 κρεῖττον,
651 1955 752 2024 τῆς
786 1955 982 2018 κακίας
1035 1945 1112 2008 ίδν
1157 1954 1500 2026 ἀποθεμένη,
1543 1957 1593 2008 εί
1642 1958 1902 2028 παρεῖχεν

314 2042 524 2114 δαυτὴν
554 2047 618 2114 τῇ
663 2045 727 2097 ἐκ
772 2045 880 2098 τῶν
913 2045 1070 2098 θείων
1112 2044 1448 2115 μαθημάτων
1485 2045 1752 2117 ὠφελείᾳ,
1806 2047 1902 2100 καὶ

311 2136 439 2197 ταῖς
467 2132 684 2205 ἀληθῶς
715 2134 1092 2199 θεοπνεύστοις
1125 2136 1398 2205 ὲπι;›δαῖς;
1430 2138 1522 2188 Διὸ
1550 2137 1614 2208 δὴ
1655 2137 1899 2209 ἀκριϐῶς

309 2226 341 2277 6
366 2224 524 2293 λόγος
564 2227 663 2296 οὐχ
693 2225 880 2290 ἅπλῶς
908 2227 1094 2281 ἀσπίδι
1139 2228 1238 2298 τὴν
1281 2227 1538 2298 τοιαύτην
1572 2227 1897 2297 παρέϐαλεν,

313 2313 430 2366 ἀλλ’
480 2315 666 2368 ἀσπίδι
712 2317 867 2389 κωερῇ
895 2355 909 2381 ,
939 2318 1038 2370 οὐκ
1084 2318 1150 2370 ὲκ
1192 2316 1406 2385 φύσεως
1457 2317 1594 2390 οῦσῂ
1640 2317 1894 2390 τοιαύτῃ,

312 2403 427 2456 ἀλλ’
466 2405 530 2456 ὲκ
563 2408 940 2476 προαιρέσεως
973 2392 1172 2478 ἑαυτὴν
1201 2407 1586 2480 ἀποκωφούσῃ.
1625 2407 1717 2460 Διὸ
1744 2407 1895 2478 εἴρη-

311 2506 433 2554 ται,
493 2492 588 2558 Ὠς
623 2493 885 2559 ἀσπίδος
929 2493 1136 2562 κωφῆς
1185 2494 1286 2547 καὶ
1335 2497 1616 2562 βυούσης
1663 2495 1735 2549 τὰ
1778 2491 1898 2548 ὦτα

309 2579 522 2648 aet-77¢.
573 2582 729 2635 Οὕτω
767 2583 878 2654 γάρ
929 2600 1062 2636 ποτε
1112 2583 1207 2636 καὶ⁸
1252 2567 1537 2656 ἄνθρωπος
1579 2585 1687 2638 τῶν
1736 2585 1896 2638 θείων

306 2671 541 2742 ἀνήκοος
570 2671 763 2740 λόγων,
790 2675 852 2726 οὐ
893 2673 1046 2744 παρά
1079 2674 1140 2726 τὸ
1169 2674 1532 2744 κεκωφῶσθαι
1561 2675 1658 2746 τὴν
1690 2674 1893 2746 ψυχὴν,

307 2750 600 2833 ἐστέρηται
631 2765 728 2833 τῆς
752 2764 944 2835 ἀκοῆς,
975 2763 1125 2835 παρά
1155 2765 1210 2818 δὲ
1245 2766 1343 2836 τὴν
1365 2766 1572 2820 οἰκείαν
1603 2766 1856 2837 βούλησιν
1877 2783 1890 2798 ’

307 2849 454 2906 ἑκὼν
488 2852 600 2923 γὰρ
641 2853 829 2907 ἑαυτὸν
867 2856 1154 2925 ἀποκωφοί
1201 2855 1517 2927 βιαζόμενος
1559 2856 1656 2928 τὴν
1696 2853 1892 2912 ἑαυτοῦ

307 2941 494 3036 φύσιν.
547 2943 680 3036 θεὸς
862 2945 1062 3036 κωφὴν
1091 2946 1268 3016 ψυχὴν
1308 2948 1407 3002 οὐκ
1447 2949 1768 3030 εἰργάσατο,
1815 2950 1892 3012 ὡς
1919 2981 1960 3036 C

302 3031 430 3084 οὐδὲ
461 3032 824 3104 τυφλὴν,οὑδὲ
846 3035 1124 3106 ἀνάπηρον
1141 3077 1154 3100 ,
1183 3037 1303 3089 οὐδὲ
1325 3037 1461 3100 ὅλως
1483 3028 1886 3110 λελωϐημένηνο

305 3111 634 3195 ἐρρωμένην
657 3125 714 3178 δὲ
740 3125 882 3178 κατὰ
907 3125 1085 3190 πάσας
1121 3127 1290 3197 αὐτῆς
1321 3127 1420 3191 τὰς
1444 3129 1706 3199 δυνάμεις
1727 3146 1740 3158 ·
1770 3119 1892 3183 ἐπεὶ

305 3216 426 3268 κατ’
460 3215 648 3268 εἰκόνα
673 3217 768 3269 καὶ
798 3217 920 3271 καθ’
952 3217 1210 3287 ὁμοίωσιν
1237 3218 1336 3290 τὴν
1365 3218 1530 3272 αὑτοῦ
1571 3220 1661 3272 τὸν
1685 3221 1893 3292 ἄνθρω-

307 3320 406 3358 πον
443 3304 811 3376 ὑπεστήσατοι
863 3309 1132 3370 Ἕκαστος
1158 3308 1215 3360 δὲ
1251 3309 1452 3361 ἑαυτὸν
1484 3307 1770 3380 ἀποκωφοῖ
1798 3313 1891 3379 καὶ

303 3397 496 3465 τυφλοῖ
519 3438 534 3462 ,
585 3400 678 3452 καὶ
720 3400 818 3471 τὴν
868 3401 1054 3454 οὐσίαν
1081 3403 1180 3473 τῆς
1205 3402 1400 3456 ἑαυτοῦ
1425 3403 1602 3475 ψυχῆς
1629 3405 1886 3461 λωϐᾶται.

305 3486 472 3542 τοῦτο
498 3488 561 3541 δὲ
603 3489 692 3544 διά
729 3491 948 3544 Ἠσαίου
981 3492 1075 3545 τοῦ
1107 3495 1384 3564 προφήτου
1418 3498 1446 3548 6
1485 3499 1550 3550 ὲκ
1588 3499 1890 3569 περιτομῆς

304 3578 668 3649 ἀπελέγχεται
713 3582 968 3652 πράττων
1006 3582 1154 3646 λαός.
1205 3585 1296 3638 Διὸ
1337 3585 1586 3640 λέλεκται
1620 3590 1756 3659 πρὸς
1794 3591 1892 3644 αὺ-

304 3669 456 3734 τούς·
504 3672 848 3756 Ἐπαχύνθη
888 3675 926 3741 ή
959 3675 1174 3742 καρδία
1202 3675 1306 3730 τοῦ
1337 3677 1492 3732 λαοῦ
1525 3681 1761 3744 τούτου,
1788 3684 1888 3736 καὶ

304 3759 423 3825 τοῖς
453 3761 572 3814 ὠσὶ
611 3761 846 3832 ,ϐαρέως
890 3763 1200 3833 ἥκουσαν,
1239 3770 1334 3822 καὶ
1365 3771 1507 3836 τοὺς
1544 3773 1890 3842 ὀφθαλμοὺς

303 3848 690 3920 ἐκάμμυσαν,
722 3854 820 3907 καί
848 3855 920 3908 τὰ
941 3851 1062 3910 ὦτα
1087 3859 1386 3926 ἐϐάρυναν
1410 3878 1424 3890 ·
1451 3861 1684 3930 μήποτε
1717 3861 1887 3919 ἴδωσι

303 3940 423 4008 τοῖς
450 3944 786 4013 ὀφθαλμοῖς
804 3984 818 4008 ,
851 3947 949 4000 καὶ
980 3948 1105 4015 τοῖς
1126 3951 1278 4004 ὠσὶν
1301 3953 1610 4008 ἀκούσωσι
1632 3994 1646 4017 ,
1673 3955 1773 4010 καὶ
1811 3955 1886 4024 τῇ

305 4033 515 4100 καρδίᾳ
565 4035 829 4102 συνῶσι,
879 4039 976 4091 καὶ
1011 4040 1446 4110 excerptum“
1495 4045 1591 4097 καί
1635 4045 1885 4116 ἰάσωμαι

302 4123 552 4191 αὐτούς.’
569 4125 754 4193 Οὕτως
777 4125 870 4183 οὖν
891 4131 1076 4184 ἀσπίδι
1101 4137 1257 4204 κωφῇ
1293 4129 1495 4206 ἑαυτὴν,
1513 4138 1884 4212 ἀποκωςρούσῃ

301 4213 331 4264 6
371 4213 478 4267 τῶν
525 4214 688 4270 θείων
729 4218 960 4289 ἀνήκοος
998 4221 1171 4288 λόγων
1205 4225 1751 4293 παρωμοίωται.’Διὸ
1794 4228 1881 4280 λέ-

2008 1780 2253 1846 utilitati,
2289 1789 2343 1834 et
2373 1779 2636 1834 divinitus
2651 1794 2776 1833 vere
2807 1778 3088 1847 inSpiratis
3119 1775 3589 1829 incantationibus

2005 1869 2280 1940 applicet?
2339 1868 2703 1934 Quamobrem
2739 1875 2996 1922 accurate
3031 1880 3212 1922 sermo
3263 1880 3372 1918 non
3407 1863 3586 1932 aspidi

2005 1960 2327 2031 simpliciter
2356 1961 2522 2015 talem
2585 1960 2822 2013 animam
2868 1957 3240 2028 comparavit,
3267 1956 3362 2010 sed
3408 1955 3585 2026 aspidi

2003 2048 2206 2112 surdaz,
2239 2064 2361 2119 quae
2407 2065 2516 2102 non
2567 2064 2633 2102 ex
2694 2055 2888 2101 natura
2937 2062 3036 2102 sua
3072 2044 3237 2099 surda
3269 2044 3360 2110 sit,
3397 2044 3492 2100 sed
3517 2059 3586 2098 ex

2001 2137 2222 2205 propria
2271 2137 2553 2190 voluntate
2584 2136 2709 2190 talis
2742 2136 2997 2192 evaserit.
3036 2134 3217 2200 Quare
3241 2133 3446 2188 dictum
3478 2142 3609 2199 est,‘

2003 2223 2149 2279 Sicut
2205 2226 2404 2294 aspidis
2439 2227 2616 2278 surda:
2668 2235 2717 2290 et
2756 2225 3054 2279 obturantis
3101 2237 3256 2277 aures
3304 2237 3450 2277 suas.
3491 2212 3584 2275 Sic

1999 2315 2145 2368 enim
2181 2313 2474 2384 aliquando
2494 2315 2657 2369 homo
2679 2316 2841 2370 verba
2860 2315 3043 2368 divina
3075 2329 3180 2367 non
3206 2313 3455 2373 audiens,
3473 2327 3582 2365 non

2001 2403 2145 2473 quod
2174 2404 2355 2457 anima
2382 2403 2583 2458 surdus
2611 2407 2866 2468 evaserit,
2886 2405 3072 2459 auditu
3099 2404 3368 2473 privatur,
3409 2402 3502 2458 sed
3527 2403 3582 2456 id

2000 2495 2233 2564 propriae
2263 2495 2561 2548 voluntatis
2583 2499 2701 2559 est;
2733 2503 2928 2563 sponte
2954 2509 3192 2564 namque
3233 2501 3443 2548 natura:
3469 2493 3582 2548 ‘vim

1998 2585 2240 2642 inferens
2259 2601 2371 2640 sua:
2399 2583 2761 2640 obsurdescit.
2782 2570 2992 2638 Etenim
3026 2581 3167 2638 Deus
3196 2597 3304 2637 non
3334 2583 3578 2646 surdam,

1997 2693 2106 2732 non
2138 2693 2360 2739 caecam,
2393 2693 2503 2731 non
2537 2676 2779 2729 mutilam
2806 2675 2888 2729 vel
2909 2688 3156 2728 mancam
3181 2675 3452 2738 animam;
3485 2673 3579 2728 sed

1997 2768 2232 2823 validam
2270 2770 2590 2837 cunctisque
2642 2765 2760 2820 suis
2787 2761 3088 2820 virtutibus
3134 2763 3416 2834 praeditam
3449 2762 3579 2817 effe-

1995 2859 2098 2927 cit;
2130 2876 2256 2919 nam
2282 2863 2350 2915 ad
2379 2859 2674 2928 imaginem
2715 2864 2770 2911 et
2819 2855 3233 2913 similitudinem
3281 2867 3435 2909 suam
3477 2855 3580 2908 ho-

1997 2954 2200 3010 minem
2229 2952 2496 3008 condidit.
2557 2950 2801 3020 Quisque
2830 2964 2959 3004 vero
2989 2948 3308 3004 surditatem
3335 2947 3438 3002 sibi
3471 2963 3577 3002 ca:-

1997 3046 2329 3115 citatemque
2357 3049 2638 3113 procurat,
2689 3040 2993 3109 animaeque
3048 3053 3162 3094 suae
3205 3037 3571 3093 substantiam

1994 3137 2301 3200 labefactat.
2329 3134 2484 3201 Quod
2520 3136 2753 3204 populus
2799 3148 2864 3187 ex
2919 3130 3342 3186 circumcisione
3377 3127 3574 3183 fecisse

1992 3239 2088 3299 per
2111 3228 2306 3283 Isaiam
2334 3226 2584 3296 arguitur
2611 3225 2698 3278 his
2720 3224 2902 3279 verbis
2936 3241 2949 3278 :
2983 3221 3352 3276 Incrassatum
3376 3229 3452 3274 est
3482 3237 3573 3273 cor

1991 3315 2170 3383 populi
2193 3314 2372 3382 hujus,
2396 3322 2445 3366 et
2465 3313 2682 3367 auribus
2713 3313 2941 3382 graviter
2973 3310 3278 3374 audierunt,
3310 3318 3359 3362 et
3392 3309 3571 3362 oculos

1991 3406 2327 3468 clauserunt,
2368 3422 2430 3458 ne
2470 3405 2606 3473 forte
2646 3403 2852 3458 videant
2893 3401 3081 3465 oculis,
3137 3410 3187 3454 et
3231 3399 3450 3454 auribus
3475 3417 3574 3452 au-

1991 3494 2163 3559 diant,
2189 3504 2250 3549 et,
2268 3495 2422 3549 corde
2445 3495 2765 3563 intelligant,
2799 3503 2846 3546 et
2876 3500 3276 3556 convertantur,
3311 3500 3359 3544 et
3390 3503 3572 3544 sanem

1990 3601 2078 3638 eos
2104 3586 2170 3638 ⁸ο.
2208 3583 2300 3638 Sic
2350 3600 2481 3655 ergo
2531 3584 2708 3654 aspidi
2743 3584 2923 3639 surdae
2968 3593 3023 3638 et
3079 3581 3357 3636 obturanti
3412 3596 3573 3637 aures

1991 3665 2363 3745 comparatur,
2423 3677 2514 3745 qui
2538 3657 2721 3729 divina
2749 3673 2912 3729 verba
2941 3680 3051 3729 non
3076 3673 3247 3727 audit.
3279 3672 3460 3738 Qiiare
3491 3687 3575 3728 se-

1990 3768 2232 3822 cundum
2271 3767 2659 3839 Symmachum
2704 3767 2947 3821 dicitur:
2983 3764 3132 3820 Sicut
3154 3764 3330 3834 aspidi
3366 3762 3566 3828 surdw,

1989 3858 2266 3913 obturanti
2293 3857 2593 3911 auriculam
2643 3861 2817 3922 suam,
2844 3863 2902 3910 ut
2937 3873 2999 3910 ne
3047 3856 3232 3909 audiat
3275 3870 3446 3909 vocem
3477 3869 3564 3908 stt-

1988 3949 2340 4013 surrantium,
2371 3963 2679 4018 unoquoque
2713 3947 3101 4000 incantationes
3142 3946 3404 4014 sapienter
3437 3944 3566 3997 edo-

1987 4047 2092 4090 cto.
2125 4036 2324 4092 Verum
2359 4038 2524 4091 homo
2549 4051 2694 4090 nunc
2717 4029 3008 4100 exsisten’s,
3034 4035 3124 4105 qui
3155 4049 3275 4090 sese
3293 4031 3386 4086 tali
3407 4031 3569 4086 modo

1988 4127 2296 4192 constituit,
2329 4126 2459 4181 dum
2490 4127 2605 4182 hate
2638 4128 2748 4197 agit
2780 4142 2810 4180 a
2837 4126 3025 4181 multis
3054 4125 3334 4189 noscitur;
3374 4131 3428 4175 at
3456 4120 3566 4176 Deo

1984 4211 2146 4274 etiam
2180 4227 2307 4273 ante
2331 4226 2513 4275 ortum
2541 4229 2737 4284 notus;
2771 4219 2881 4273 imo
2908 4232 3037 4272 vero
3059 4217 3152 4270 diu
3188 4219 3478 4282 antequam
3508 4213 3565 4265 in

299 4299 478 4359 λεκται
533 4306 683 4360 κατά
733 4308 823 4362 τὸν
874 4297 1200 4380 Σῦμμαχοψ
1263 4312 1355 4377 Ὡς
1405 4298 1617 4368 ἀσπίδι
1675 4316 1843 4385 κωφῇ
1863 4358 1877 4380 ν

2000 4317 2143 4365 itero
2173 4310 2576 4378 conciperetur,
2619 4310 2766 4378 quod
2789 4296 2914 4363 talis
2942 4307 3159 4361 futurus
3185 4311 3349 4362 esset.
3384 4303 3454 4355 ab
3495 4316 3563 4356 eo

300 4391 541 4462 βυούσῃ
565 4393 742 4447 ὠτίον
773 4395 984 4463 αὐτῆς,
1030 4397 1131 4450 ἵνα
1155 4397 1242 4466 μὴ
1286 4399 1522 4469 ἀκούσῃ
1549 4400 1760 4468 φωνὴν
1785 4404 1880 4468 ψι-

301 4481 670 4549 ωριζώτων,
702 4483 959 4539 ἑκάστου
990 4485 1227 4555 ἐπῳδὰς
1251 4489 1721 4558 σεσοφισμένου.
1738 4487 1877 4542 Ἀλλ’

300 4570 328 4621 6
359 4571 453 4639 μὲν
483 4572 582 4626 νῦν
616 4573 866 4642 ὑφεστὼς
911 4576 1226 4647 ἄνθρωπος,
1276 4579 1370 4631 καὶ
1401 4579 1644 4632 τοιοῦτον
1687 4579 1878 4633 ἑαυτὸν

304 4661 713 4726 κατασκευάσας
734 4702 748 4726 ,
779 4664 870 4715 ὅτε
900 4665 1071 4718 ταῦτα
1109 4668 1339 4739 πράττει
1358 4707 1372 4730 ,
1404 4670 1514 4731 τοῖς
1547 4667 1758 4730 πολλοῖς
1795 4685 1880 4735 γι-

1985 4400 2441 4470 cognoscebatur.
2474 4397 2758 4452 Incassum
2804 4411 2934 4466 ergo
2980 4395 3084 4448 sibi
3117 4394 3219 4462 ipsi
3261 4391 3442 4444 illudit
3468 4391 3562 4460 qui

1981 4490 2252 4560 justitiam
2283 4505 2379 4546 ore
2411 4487 2696 4558 profitetur
2721 4530 2736 4554 ,
2772 4486 2902 4541 dum
2959 4485 3214 4538 manibus
3237 4482 3560 4551 iniustitiam

1985 4579 2298 4649 complicat,
2330 4579 2636 4649 deindeque
2667 4576 3012 4648 iniquitatem
3044 4575 3099 4628 in
3132 4573 3295 4629 corde
3323 4572 3562 4627 occultat

1985 4684 2107 4732 suo,
2135 4683 2202 4724 ac
2225 4669 2270 4724 si
2307 4670 2360 4724 in
2392 4669 2578 4724 divino
2609 4667 2869 4725 tribunali
2895 4665 2998 4737 ipsi
3028 4663 3140 4720 Deo
3163 4665 3332 4719 latere
3362 4664 3559 4734 possit.

302 4746 566 4802 νὼσκεται
589 4765 601 4782 ’
643 4750 720 4820 τῷ
749 4751 806 4804 δὲ
837 4751 956 4824 Θεῷ
1021 4757 1116 4808 καὶ
1167 4757 1274 4827 πρὸ
1314 4757 1611 4824 γενέσεως,
1649 4759 1743 4811 καὶ
1776 4759 1909 4812 πολὺ
1949 4761 2214 4831 πρότερον
2257 4761 2362 4833 πρὸ
2393 4761 2494 4831 τῆς
2538 4761 2680 4814 κατὰ
2710 4758 2944 4829 γαστρὸς
2977 4755 3290 4827 συλλήψεως
3310 4794 3324 4818 ,
3386 4754 3560 4808 τοιοῦ-

299 4848 387 4897 τθς
423 4837 678 4906 ἐσόμενος
713 4840 1056 4910 ὲγνωρίζετο.
1089 4835 1282 4917 Μάτην
1313 4847 1422 4918 ἄρα
1453 4845 1646 4900 ἑαυτὸν
1688 4849 1873 4919 ἀπατᾷ
1908 4851 1937 4903 6
1979 4850 2161 4903 λαλεῖν
2196 4851 2293 4922 μὲν
2341 4850 2688 4920 δικαιοσύνην
2741 4847 3210 4917 ἐπαγγελλόμενος
3231 4887 3246 4912 ,
3314 4848 3432 4907 ταῖς
3498 4845 3555 4897 δὲ

302 4929 482 4997 χερσὶν
513 4929 686 4986 αὑτοῦ
753 4933 1080 5002 συμπλέκων
1123 4937 1366 4991 ἀδικίαν·
1401 4939 1590 4995 ἔπειτα
1636 4940 1892 5010 κρύπτων
1929 4943 1987 4996 ὲν
2011 4946 2076 5014 τῇ
2140 4944 2336 5015 καρδίᾳ.
2367 4943 2559 4997 ἑαυτοῦ
2597 4942 2693 5011 τὴν
2727 4941 2987 5010 ἀνομίαν,
3025 4940 3100 5004 ὡς
3159 4941 3252 4992 καὶ
3294 4940 3384 4992 τὸν
3428 4940 3557 4995 Θεὸν

303 5015 592 5088 λησόμενος
615 5022 673 5073 ὲν
696 5022 774 5093 τῷ
802 5024 931 5098 θείῳ
956 5028 1216 5101 δικαιωτη
1226 5031 1342 5102 ρίῳ.

387 5127 439 5180 '0
487 5132 630 5198 Θεὸς
679 5138 1000 5204 συντρίψει
1027 5139 1170 5205 τοὺς
1194 5139 1446 5208 ὀδόντας
1481 5144 1679 5199 αὐτῶν
1698 5145 1769 5199 ἐν
1788 5145 1874 5210 ’τῷ

304 5219 550 5286 στόματι
581 5223 813 5289 αὐτῶν,
843 5227 938 5281 καὶ
966 5227 1035 5280 τά
1062 5227 1208 5298 ἑξῆς.
1247 5230 1328 5284 Τά
1367 5235 1733 5304 προλεχθὼτα
1768 5253 1874 5306 μα-

375 5390 420 5421 ⁸⁰
458 5390 563 5450 lsa.
595 5411 680 5464 vr,
715 5399 802 5454 {0.

373 5544 448 5612 (l)
479 5543 639 5618 Lege,
671 5552 963 5620 φαρμάκου
991 5569 1072 5606 τε.
1105 5551 1308 5622 Estque
1347 5555 1509 5610 lectio
1533 5553 1938 5633 Tlteodotionis.

617 5640 882 5704 ΡΑτιιυι.
932 5643 1049 5704 Gn.
1086 5643 1300 5703 XXIII.

2055 5145 2219 5201 γης.
2258 5146 2310 5209 7,
2342 5142 2397 5200 8.
2456 5144 2598 5199 Deus
2645 5154 2874 5200 conteret
2907 5144 3084 5201 dentes
3142 5163 3323 5203 eorum
3369 5149 3423 5201 in
3465 5165 3554 5203 ore

1981 5236 2236 5304 ipsorum,
2277 5245 2331 5292 et
2367 5243 2583 5291 caetera.
2618 5234 2731 5291 Hac
2751 5227 2817 5292 de
2840 5237 3223 5306 peccatoribus
3253 5237 3445 5293 notitia
3468 5238 3552 5290 in-

3163 5664 3235 5719 17
