3988 6202
484 280 599 346 323

1190 273 1461 365 Bessan
1498 252 1982 329 cassiimsn'srs
2022 217 2389 322 oremus
2427 254 2514 320 ιιι.
2563 294 2632 303 -
2677 255 3069 318 exeamus

3632 252 3740 310 ΒΞΔ

489 399 685 459 structi
729 370 821 451 tilii
850 395 1153 462 hominum,
1185 394 1327 465 quod
1354 392 1564 447 scilicet
1608 405 1638 445 a
1682 389 1791 444 Deo
1857 403 2066 458 praeno-

2179 386 2345 448 )όντες
2379 383 2508 454 περὶ
2533 383 2641 436 τῶν
2684 378 3020 451 ἁμαρτωλῶν
3042 378 3105 430 ὀἱ
3134 376 3241 429 υἱοὶ
3266 374 3376 428 τῶν
3404 371 3742 446 ἀνθρώπων,

488 497 742 549 scantnr,
765 494 818 541 et
845 480 992 556 quod
1034 492 1321 554 antequam
1355 482 1422 535 ad
1456 480 1707 534 homines
1740 479 2058 539 transirent,

491 587 679 636 notum
701 577 777 630 illi
807 586 954 632 esset
1010 576 1145 629 tales
1185 576 1333 643 ipsos
1363 571 1611 635 futuros,
1645 568 1829 623 audite
1874 568 2061 635 cujus-

489 667 638 723 modi
663 666 768 721 ﬁne
804 665 963 720 iidem
1018 663 1327 732 excipiendi
1350 662 1479 716 sint.
1504 658 1771 726 Quoniam
1822 657 1966 712 enim
2005 657 2065 710 li-

487 751 619 806 bera
640 757 695 804 et
724 748 808 805 sui
835 748 1047 803 arbitrii
1078 755 1273 802 natura
1305 745 1541 816 praediti,
1574 744 1625 797 vi
1653 740 2063 798 internoscendi

488 841 619 896 boni
647 847 701 896 et
738 840 996 897 contrarii
1023 839 1298 901 instructi,
1323 845 1484 908 atque
1504 837 1728 893 liberam
1762 836 1827 889 ad
1856 844 2067 889 utrum-

489 922 1060 1014 libetinclinationem
1088 930 1256 993 nacti,
1281 944 1388 984 non
1406 936 1553 983 recte
1573 927 1782 996 judicio
1805 942 1908 982 suo
1934 934 2064 983 sunt

491 1026 601 1091 usi,
630 1039 808 1094 neque
825 1030 1030 1078 rectam
1057 1021 1222 1085 viam,
1253 1020 1356 1074 etsi
1378 1024 1563 1073 notam
1581 1018 1705 1084 sibi,
1733 1018 2061 1080 dilexerunt,

491 1133 669 1188 neque
719 1116 980 1186 operibus
1024 1112 1295 1182 justitiam
1356 1110 1632 1174 adierunt,
1693 1125 1856 1180 quam
1884 1109 2065 1163 verbis

491 1210 758 1264 duntaxat
790 1215 845 1261 et
871 1206 1031 1261 labiis
1063 1211 1191 1259 sunt
1227 1200 1483 1272 professi,
1516 1201 1799 1270 veterique
1826 1200 2064 1271 serpenti

493 1300 720 1363 similes,
757 1298 947 1369 aspide
982 1295 1149 1352 surda
1183 1295 1484 1349 deteriores
1508 1296 1733 1349 evasere
1757 1309 1773 1358 ;
1794 1292 1916 1346 ideo
1944 1306 2067 1360 quae

489 1392 628 1464 ipsis
678 1399 937 1446 eventura
984 1389 1093 1443 sint
1123 1388 1328 1450 audite,
1375 1385 1702 1455 disciteque,
1739 1383 1809 1439 ab
1845 1384 2066 1439 univer-

493 1494 679 1535 sorum
698 1478 885 1547 judice
904 1476 1015 1533 Deo
1042 1474 1405 1531 conterendos
1422 1488 1546 1529 esse
1576 1472 1819 1543 ipsorum
1850 1472 2062 1535 dentes,

493 1568 761 1639 quinibil
796 1583 1022 1638 prorsus
1058 1582 1088 1621 a
1134 1565 1385 1621 leonibus
1434 1563 1768 1632 discrepant,
1822 1571 1875 1619 et
1922 1563 2065 1633 quod

494 1666 617 1728 post
637 1657 751 1711 haec
789 1656 972 1709 omnia
1006 1656 1183 1711 instar
1229 1668 1385 1725 aqua:
1428 1651 1698 1708 emuentis
1729 1652 2065 1708 dissolvendi

2174 477 2266 530 καὶ
2292 477 2367 539 ὡς
2386 515 2401 537 ,
2430 472 2878 549 ,προγνωσθέντες
2903 465 3008 523 ὑπὸ
3036 467 3132 521 soi}
3163 466 3297 520 Θεοῦ
3314 505 3329 529 ,
3359 460 3464 520 ’καὶ
3504 466 3633 535 πρὶν
3659 467 3744 532 εἰς

2171 568 2489 640 ἀνθρώπους
2540 563 2830 636 παρελθεῖν
2854 600 2869 624 ,
2911 558 3263 640 ἐγνωρίζοντο
3304 556 3455 625 αὐτῷ
3493 556 3745 625 ἐσόμενοι

2170 659 2436 723 τοιοῦτοι,
2478 657 2704 711 ἀκούετε
2750 656 2930 707 ὁποῖον
2968 651 3123 714 τέλος
3165 651 3362 711 αὐτοὺς
3403 648 3741 716 διαλήψεται.

2184 747 2399 816 Ἐπειδὴ
2452 747 2592 815 γὰρ,
2647 742 2859 813 φύσεως
2904 740 3193 808 ἐλευθέρας
3250 724 3357 791 και
3395 734 3746 799 αύτεξουσίου

2170 842 2471 914 γενόμενοι,
2489 836 2809 909 διακριτικοί
2832 854 2891 889 τε
2913 834 3008 888 τοῦ
3040 830 3202 886 κοιλοῦ
3228 831 3322 884 καὶ
3351 828 3445 882 τοῦ
3478 827 3744 888 ἐναντίω,

2171 929 2271 999 τήν
2297 944 2356 980 τε
2388 928 2467 989 εἰς
2493 924 2730 995 ἑκάτερα
2758 922 2929 994 ῥοπὴν
2954 920 3052 992 τὴν
3071 922 3128 972 ὲν
3148 920 3357 979 ἑαυτοῖς
3387 915 3746 984 κεκτημένοι,

2170 1021 2271 1074 οὐκ
2315 1018 2487 1089 ὀρθῶς
2517 1018 2814 1088 ἐχρήσαντο
2848 1013 2925 1084 τῷ
2955 1010 3225 1083 κριτηρίῳ
3247 1047 3263 1072 ,
3287 1007 3409 1061 οὐδὲ
3447 1007 3748 1077 ἠγάπησαν

2169 1112 2267 1182 τὴν
2294 1110 2535 1171 εὐθεῖαν,
2571 1107 2774 1174 καίπερ
2803 1103 3011 1172 εἰδότης
3040 1099 3229 1170 αὐτὴν,
3252 1097 3360 1151 οὐδ’
3394 1096 3581 1168 ἔργοις
3617 1110 3747 1167 μετ·

2171 1199 2333 1272 ἦλθον
2382 1199 2481 1269 τὴν
2528 1195 2893 1265 δικαιοσύνην,
2927 1192 2995 1263 ἣν
3024 1190 3166 1259 λόγῳ
3203 1189 3349 1258 μόνῳ
3375 1186 3472 1240 καὶ
3510 1184 3747 1256 χείλεσιν

2172 1289 2584 1360 ἐπηγγέλλοντο,
2607 1286 2687 1357 τῷ
2711 1282 2923 1353 παλαιῷ
2946 1282 3007 1335 δὲ
3036 1281 3159 1349 ὁφει
3180 1276 3561 1349 ὁμοιωθέντες,
3578 1276 3747 1328 ἀσπί-

2172 1380 2263 1443 δος
2292 1378 2483 1447 κωςςῆς
2501 1376 2713 1446 χείρους
2733 1371 2979 1441 ἐγένοντο
2995 1388 3010 1401 ·
3034 1369 3225 1423 τούτου
3250 1368 3408 1439 χάριν
3433 1365 3748 1420 ἐπακούσα-

2171 1487 2232 1522 τε
2262 1469 2384 1521 τίνα
2419 1467 2513 1520 καί
2546 1466 2745 1527 αὐτοὺς
2777 1461 3093 1534 περιμένει,
3144 1460 3442 1531 μαθόντες,
3462 1457 3543 1519 ὠς
3575 1457 3607 1508 ὁ
3637 1455 3747 1508 τῶν

2171 1562 2307 1615 ὅλων
2332 1557 2527 1630 κριτὴς
2559 1554 2692 1617 Θεὸς
2720 1552 2997 1622 συντρίψει
3024 1553 3149 1613 τοὺς
3175 1549 3401 1611 ὀδόντας
3420 1545 3605 1599 αὐτῶν
3626 1544 3747 1598 κατ’

2172 1653 2328 1706 οὐδὲν
2349 1648 2710 1719 διαφερόντων
2738 1645 2967 1697 λεόντων
2984 1684 2999 1706 ,
3030 1642 3125 1695 καὶ
3150 1641 3227 1704 ὡς
3257 1638 3396 1710 μετὰ
3424 1637 3606 1690 πάντα
3636 1635 3750 1688 δαι-

496 1746 627 1801 sint.
655 1744 791 1799 Nam
819 1747 965 1801 illius
985 1747 1126 1809 loco,
1161 1744 1247 1797 Ad
1266 1743 1490 1798 nihilum
1522 1742 1790 1797 devenient
1821 1753 2071 1815 tanquam

2179 1746 2494 1816 λυθήσονται
2543 1742 2699 1811 δίκην
2742 1738 2930 1801 ὓδατος
2962 1736 3261 1808 ἐκρέοντος.
3301 1730 3448 1785 ’Δντὶ
3480 1729 3593 1801 γάρ
3619 1729 3746 1792 τοῦ,

496 1852 635 1907 aqua
668 1836 973 1898 decurrens,
1005 1835 1368 1906 Symmachus
1399 1834 1479 1889 sic
1509 1833 1917 1904 interpretatur,
1947 1835 2072 1889 Dis-

495 1928 769 1981 sotvantur
815 1928 951 1981 sicut
990 1941 1129 1995 aqua
1181 1926 1538 1994 pertransiens
1586 1926 1709 1980 sibi.
1744 1924 1879 1993 Quia
1922 1926 2071 1980 enim

494 2033 593 2073 ore
623 2025 785 2072 tenus
825 2016 1094 2085 justitiam
1119 2017 1401 2081 simulant,
1427 2017 1552 2086 jure
1582 2016 1726 2072 Deus
1753 2017 1947 2073 dentes
1972 2031 2069 2073 co-

494 2124 620 2164 rum
659 2109 717 2163 in
744 2123 840 2164 ore
859 2108 1103 2178 ipsorum
1131 2115 1396 2163 conteret.
1434 2108 1502 2162 Et
1525 2109 1652 2178 quia
1678 2122 1786 2163 non
1809 2115 1893 2163 sat
1935 2109 2071 2179 ipsis

498 2197 623 2262 fuit,
661 2197 807 2268 quod
826 2192 1066 2266 serpenti
1090 2203 1144 2250 et
1167 2207 1480 2253 memoratae
1500 2197 1673 2267 aspidi
1689 2199 1870 2253 surdae
1885 2198 2069 2264 collati

496 2294 720 2354 essent;
752 2301 876 2341 cum
904 2286 1017 2356 jam
1046 2287 1279 2343 aliorum
1306 2288 1601 2358 perniciem
1623 2288 1929 2352 molientes,
1965 2289 2072 2343 leo-

496 2378 662 2434 nibus
692 2386 745 2434 et
767 2378 964 2433 catulis
979 2378 1195 2456 leonum
1222 2384 1632 2449 comparentur;
1664 2393 1694 2432 a
1723 2379 1922 2449 quibus
1951 2379 2062 2434 ani-

499 2462 642 2526 mam
674 2470 791 2526 erui
825 2485 981 2525 suam
1046 2469 1212 2525 David
1242 2470 1316 2524 ita
1370 2476 1626 2539 precatur
1652 2470 1707 2540 in
1745 2469 2069 2539 praecedenti

498 2563 734 2633 psalmo,
754 2560 820 2615 Et
835 2563 1025 2631 eripuit
1043 2563 1274 2616 animam
1297 2577 1466 2615 meam
1490 2560 1554 2614 de
1577 2560 1747 2614 medio
1773 2561 2071 2616 catulorum

501 2653 709 2707 leonum
767 2653 846 2719 ⁸¹;
889 2659 1002 2715 aut,
1050 2651 1115 2706 de
1162 2651 1332 2705 medio
1391 2652 1631 2714 leonum;
1663 2652 1838 2706 molas
1880 2665 2071 2707 eorum

499 2744 911 2801 contracturum
936 2758 1059 2799 esse
1103 2743 1273 2798 Deum
1308 2743 1532 2806 dicitur,
1554 2742 1807 2797 videlicet
1828 2747 2071 2811 potesta-

501 2843 585 2889 tes
643 2830 862 2888 m‘alitia)
893 2849 1107 2898 eorum,
1149 2826 1304 2903 queis
1343 2834 1400 2887 in
1454 2832 1747 2885 multorum
1775 2831 2071 2900 perniciem

501 2925 818 2979 utebantur.
854 2923 991 2979 Cum
1017 2933 1199 2978 autem
1230 2922 1418 2977 dentes
1441 2928 1496 2976 et
1515 2920 1688 2976 molas
1723 2937 1909 2977 eorum
1943 2936 2073 2975 con-

2184 1832 2795 1899 Ἐξουδενωθήσονται
2837 1828 2918 1893 ὡς
2963 1827 3119 1894 ὕδωρ
3160 1821 3748 1892 παραπορευόμενον,

2171 1926 2199 1978 ὁ
2246 1924 2539 1995 Σύμμαχος
2569 1921 2918 1992 ἡρμήνευσε,
2976 1912 3439 1979 Διαλυθήτωσαν
3465 1910 3553 1974 ὡς
3592 1908 3752 1976 ὕδωρ

2171 2017 2614 2085 παρερχόμενον
2639 2009 2850 2074 ἐαυτῷ.
2867 2005 3080 2076 Ἐπειδὴ
3111 2004 3220 2074 γὰρ
3250 2002 3329 2073 τῷ
3356 2000 3593 2072 στόματι
3622 1999 3755 2053 καθ·

2172 2104 2549 2175 υποκρίνονται
2589 2100 2688 2169 τὴν
2728 2095 3096 2166 δικαιοσύνην,
3120 2092 3342 2155 εἰκότως
3370 2091 3501 2153 τοὺς
3531 2088 3754 2150 ὀδόντας

2171 2195 2350 2251 αὐτῶν
2386 2194 2417 2246 ὁ
2448 2193 2580 2255 Θεὸς
2622 2192 2684 2243 ὲν
2719 2188 2798 2259 τῷ
2830 2188 3061 2256 στόματι
3093 2183 3273 2238 αὐτῶν
3304 2179 3612 2252 συντρίψει.
3645 2178 3755 2233 Καὶ

2172 2285 2295 2339 ἐπεὶ
2333 2283 2406 2353 μὴ
2442 2282 2755 2352 ἀπήρκεσεν
2795 2278 2978 2339 αὐτοῖς
3005 2272 3340 2345 ὁμοιωθῆναι
3368 2269 3449 2339 τῷ
3488 2269 3617 2336 ὕφει
3660 2267 3756 2320 καὶ

2171 2378 2237 2447 τῇ
2272 2370 2634 2444 προλεχθείσῃ
2658 2366 2843 2422 ἀσπίδι
2870 2367 3050 2435 κωφῇ,
3073 2362 3173 2434 ήδη
3202 2362 3259 2414 δὲ
3285 2361 3379 2414 καὶ
3402 2358 3633 2428 ἑτέρους
3663 2357 3757 2409 λυ-

2176 2463 2511 2536 μαινόμενοι,
2547 2461 2729 2514 λέουσι
2760 2453 3182 2527 παρεὸλήθησαν
3211 2451 3305 2504 καὶ
3333 2450 3629 2521 σκύμνοις,
3663 2448 3756 2517 ἀφ’

2172 2826 2270 2888 λας
2315 2823 2495 2877 αὐτῶν
2529 2819 2846 2874 συνθλάσειν
2887 2816 3100 2884 λέγεται
3144 2814 3173 2866 ὁ
3204 2810 3337 2874 Θεὸς
3358 2848 3374 2872 ,
3409 2807 3614 2878 δηλαδὴ
3654 2804 3758 2868 τὰς

2174 2917 2273 2987 τῆς
2307 2914 2506 2976 κακίας
2534 2909 2714 2966 αὐτῶν
2759 2906 3014 2977 δυνάμεις
3035 2942 3049 2967 ,
3078 2898 3166 2966 αἷς
3193 2902 3279 2955 ἐπ’
3305 2898 3511 2968 ὀλέθρῳ
3546 2894 3759 2949 πολλῶν

502 3011 719 3067 triverit
749 3010 915 3075 Deus,
946 3008 1080 3064 tunc
1135 3009 1353 3064 demum
1385 3023 1485 3063 ceu
1516 3008 1715 3063 mortui
1749 3008 1815 3062 ad
1842 3006 2073 3061 nihilum

2179 3009 2498 3080 ἐχρήσαντο.
2533 3002 2782 3057 Ἐπειδὰν
2812 3000 2869 3054 δὲ
2902 2999 3029 3061 τοὺς
3060 2995 3275 3057 ὀδόντας
3304 2990 3484 3045 αὐτῶν
3525 2991 3622 3043 καὶ
3658 2988 3760 3050 τὰς

502 3104 811 3167 devenient,
854 3111 909 3157 et
947 3102 1091 3158 sicut
1117 3086 1257 3171 aqua
1311 3100 1415 3155 sibi
1459 3100 1833 3172 pertransiens
1876 3100 2074 3156 dissol-

2181 3067 2352 3170 μύλας
2373 3094 2636 3166 συντρίψῃ
2656 3093 2685 3145 ὁ
2704 3091 2855 3153 Θεὸς,
2879 3089 2999 3141 τότε
3025 3086 3225 3141 λοιπὸνλ
3239 3081 3761 3150 ὲξουδενωθήσονται

501 3202 722 3250 ventur.
747 3192 816 3246 Et
863 3193 910 3248 is
944 3192 1164 3262 quidem
1225 3191 1442 3246 futurus
1487 3190 1778 3261 impiorum
1829 3182 2074 3245 omnium

504 3284 651 3340 ﬁnis.
680 3282 843 3350 Quod
875 3298 1007 3339 sane
1027 3297 1125 3337 vos
1157 3281 1297 3336 seire
1318 3295 1542 3335 necesse
1580 3287 1685 3341 est.
1715 3295 1749 3334 ο
1781 3279 1874 3334 ﬁlii
1897 3278 2070 3333 homi-

505 3391 670 3439 num,
701 3382 782 3435 nt,
835 3374 882 3426 si
942 3389 1056 3426 vere
1110 3371 1566 3441 utiquejustitiam
1600 3370 1895 3440 loquimini,
1933 3378 2077 3423 recta

502 3467 783 3538 iudicetis,
809 3480 984 3535 neque
1006 3464 1391 3535 praedictorum
1439 3463 1720 3518 hominum
1746 3462 1888 3517 viam
1927 3463 2078 3515 inea-

504 3561 599 3623 tis,
644 3574 817 3628 neque
851 3558 906 3611 in
940 3556 1106 3614 corde
1154 3555 1474 3625 iniquitates
1536 3554 1858 3625 operemini,
1900 3568 2077 3622 neque

505 3649 829 3717 iniustitiam
861 3652 1058 3703 m’anus
1113 3657 1309 3701 vestra:
1339 3645 1685 3714 complicent,
1732 3659 1834 3700 nec
1876 3658 1975 3698 vos
1997 3644 2076 3696 si-

505 3741 665 3795 miles
684 3740 921 3809 serpenti
948 3739 1272 3802 exhibeatis,
1296 3753 1394 3793 nec
1417 3738 1697 3793 sitissicut
1722 3736 1869 3806 aspis
1887 3736 2073 3797 surda,

506 3829 773 3881 ubturans
795 3840 955 3880 aures
1000 3842 1148 3884 suas.
1183 3842 1285 3880 nec
1314 3842 1437 3881 cum
1485 3826 1799 3880 memoratis
1825 3825 2005 3895 impiis
2027 3835 2085 3880 et“

511 3912 891 3986 peccatoribus
944 3932 1051 3970 una
1106 3917 1490 3970 auducamini:
1546 3932 1684 3985 quos
1738 3916 2077 3986 prmscientia

509 4021 609 4060 sua
634 4014 965 4075 prievertens
987 4005 1148 4068 Deus,
1169 3998 1456 4073 antequam
1481 4005 1534 4058 in
1556 4007 1741 4060 lucem
1777 4006 2078 4073 prodirent,

511 4098 649 4151 tales
679 4096 892 4151 futuros
919 4110 1043 4151 esse
1072 4103 1327 4162 noverat;
1359 4096 1454 4150 sed
1484 4105 1665 4151 tamen
1712 4098 1987 4152 concessit
2022 4105 2082 4152 ut

433 4250 436 4251 ν
488 4192 874 4241 .noscerentur
902 4200 967 4239 ac
1001 4184 1056 4239 in
1083 4184 1257 4238 lucem
1307 4184 1576 4246 venirent,
1626 4185 1800 4254 gratia
1822 4199 1921 4238 sua
1951 4185 2083 4253 ipsis

509 4266 727 4345 quoque
761 4288 1025 4329 concessa
1045 4311 1059 4338 ,
1089 4279 1147 4325 ut
1172 4271 1348 4341 palam
1392 4286 1589 4326 eorum
1626 4272 1964 4341 propositum
1990 4274 2085 4327 lle-

510 4373 613 4419 ret.
643 4363 923 4433 Siquidem
945 4370 999 4416 et
1036 4360 1280 4417 ordinem
1303 4361 1578 4430 justorum
1623 4367 1830 4415 rectam
1865 4374 1930 4414 ac
1979 4359 2084 4413 mi-

2176 3190 2253 3254 ὡς
2282 3190 2351 3249 ἃν,
2377 3185 2758 3256 νεκρωθέντες,
2785 3180 2875 3233 καὶ
2900 3177 3312 3248 διαλυθήσονται
3334 3174 3411 3236 ὡς
3433 3172 3584 3240 ὕδωρ
3616 3187 3759 3241 παρ-

2179 3278 2472 3349 ερχόμενον
2517 3271 2712 3341 ἐαυτῷ.
2763 3269 2876 3322 Καὶ
2906 3265 3146 3321 τοιοῦτον
3181 3265 3279 3335 μὲν
3301 3262 3451 3315 ἔσται
3484 3260 3600 3312 τῶν
3630 3261 3761 3312 ἀσε-

2177 3369 2287 3422 ϐῶν
2318 3368 2534 3420 πάντων
2566 3364 2627 3416 τὸ
2646 3363 2818 3423 τέλος.
2840 3363 2919 3412 *“O
2950 3358 3013 3428 δὴ
3040 3357 3332 3423 ἀναγκαῖον
3355 3352 3501 3422 ὑμᾶς
3528 3351 3757 3419 γνῶναι,

2177 3453 2222 3513 ὦ
2250 3460 2357 3512 uici
2394 3456 2501 3509 τῶν
2532 3450 2865 3525 ἀνθρώπων,
2894 3449 2970 3501 »ἵν’
2991 3487 3006 3510 ,
3053 3449 3105 3500 εἰ
3132 3441 3367 3511 ἀληθῶς
3394 3442 3511 3508 ἄρα
3544 3440 3761 3493 δικαιο-

2179 3549 2380 3614 σύνην
2410 3542 2670 3609 λαλεῖτε,
2696 3538 2873 3594 εὐθέα
2905 3537 3151 3605 κρίνητε,
3185 3532 3280 3586 καὶ
3311 3531 3384 3600 μὴ
3415 3528 3761 3599 μετέρχησθε

2179 3640 2276 3710 τὴν
2295 3638 2404 3691 τῶν
2430 3634 2733 3707 εἰρημένων
2757 3627 2963 3699 ἀνδρῶν
2988 3626 3126 3689 ὁδὸν,
3153 3622 3290 3694 μηδὲ
3322 3622 3380 3673 ὲν
3405 3618 3609 3710 καρδίᾳ
3641 3618 3765 3670 ἀνο-

2186 3709 2312 3803 μίας
2339 3723 2643 3800 ὲργάζησθε
2662 3762 2677 3787 ,
2715 3714 2857 3791 ’μηδὲ
2900 3715 3113 3771 ἀδικίαν
3145 3716 3200 3766 αἱ
3224 3714 3401 3783 χεῖρες
3429 3709 3587 3779 ὑμῶν
3618 3723 3761 3803 cup:

2182 3795 2422 3875 πλέκωσι
2444 3859 2459 3882 ,
2505 3816 2637 3888 μηδὲ
2674 3813 2898 3873 ἑαυτοὺς
2944 3803 3391 3872 κατασκευάζητε
3425 3795 3761 3888 ὁμοίουςᾼῷ

2181 3912 2323 3981 ὄφει,
2362 3881 2763 3980 μηδὲ-γένησθε
2792 3902 2866 3963 ὼς
2896 3898 3062 3959 ἀσπὶς
3089 3895 3247 3964 κωφὴ
3288 3890 3492 3981 βύουσα
3533 3888 3607 3942 τὰ
3648 3881 3763 3941 ὦτα

2185 3980 2355 4071 αύτῆς
2374 4041 2389 4065 ,
2421 3997 2553 4070 μηδὲ
2580 3997 2692 4055 τοῖς
2719 3988 3094 4063 προλεχθεῖσιν
3117 3984 3338 4038 ἀσεϐέσι
3380 3980 3475 4034 καὶ
3503 3980 3766 4050 ἁμαρτιας

2184 4095 2298 4157 λοῖς
2315 4066 2720 4155 ’συναπάγοισθε
2743 4100 2757 4112 ο
2789 4072 2881 4143 οὒς
2904 4075 3189 4148 προλαϐὼν
3211 4076 3240 4126 ὁ
3261 4071 3392 4134 Θεὸς
3415 4074 3482 4140 τῇ
3513 4066 3764 4157 προγνώ-

2187 4183 2448 4253 σει,-πρὶν
2480 4180 2558 4241 εἰς
2588 4173 2703 4245 φῶς
2731 4169 3034 4243 προελθεῖν,
3057 4167 3198 4235 ἔγνω
3230 4162 3329 4233 μὲν
3347 4159 3630 4222 τοιούτους
3648 4156 3769 4211 ὲσο-

2190 4250 2422 4344 μένους,
2454 4270 2602 4338 ὅμως
2624 4264 2669 4316 δ’
2696 4258 2788 4315 οὖν
2822 4257 3165 4329 συνεχώρησε
3196 4251 3523 4322 γεννηθῆναι
3562 4250 3661 4304 καὶ
3688 4250 3767 4310 εἰς

2188 4338 2306 4430 ξρῶς
2340 4357 2642 4431 προελθεῖν,
2668 4351 2767 4423 τὴν
2795 4352 2925 4420 παρ’
2951 4344 3115 4400 αὐτοῦ
3141 4344 3301 4414 χάριν
3326 4341 3423 4394 καὶ
3460 4340 3651 4402 αὐτοῖς
3673 4338 3771 4395 δω-

508 4461 657 4514 nime
686 4457 948 4512 deﬂexam
978 4440 1120 4509 viam
1148 4463 1343 4524 suapte
1367 4453 1646 4508 voluntate
1667 4453 1926 4508 initurum
1944 4465 2074 4524 pra:-

2190 4427 2517 4525 ρησάμενος,
2539 4447 2618 4510 εἰς
2647 4444 2708 4497 τὸ
2738 4440 3003 4512 φανεροὺς
3029 4432 3393 4525 γενέσθαι-τὴν
3420 4431 3764 4525 προαίρεσιν.

506 4558 729 4604 vertens
762 4547 907 4603 Deus
960 4553 1207 4603 noverat.
1241 4544 1444 4600 Deinde
1490 4546 1712 4615 utrique
1742 4545 1921 4599 ordini
1948 4544 2082 4600 libe-

508 4657 632 4696 rum
659 4637 869 4693 arbitrii
892 4644 1100 4690 motum
1134 4636 1361 4700 dimisit,
1399 4634 1707 4690 concedens
1729 4642 1788 4689 ut
1815 4636 1870 4689 in
1904 4634 2083 4689 stadio

511 4748 736 4788 cursum
763 4729 1115 4786 conﬁcerent.
1169 4727 1247 4781 Ac
1280 4738 1417 4780 cum
1453 4727 1740 4783 universos
1778 4733 1974 4781 natura
2007 4727 2083 4781 si-

509 4823 670 4875 miles
734 4816 1108 4873 constituisset
1146 4854 1162 4878 ,
1209 4815 1489 4869 voluntate
1541 4815 1761 4883 propria
1812 4829 2083 4883 quemque

510 4911 738 4965 meliora
762 4908 999 4977 deligere
1018 4907 1226 4976 pariter
1270 4903 1538 4974 permisit.
1573 4903 1656 4956 illi
1707 4918 1860 4969 vero,
1897 4910 2085 4973 utpote

511 5003 607 5071 qui
629 5001 712 5055 sui
738 5001 980 5069 ipsorum
1032 4997 1262 5061 domini,
1301 4997 1384 5052 sui
1426 4984 1663 5065 jurisac
1711 4995 1869 5053 liberi
1906 4994 2084 5064 quoad

513 5099 721 5146 motum
743 5097 949 5153 essent,
1001 5088 1266 5142 arbitratu
1301 5103 1402 5142 suo
1453 5086 1716 5156 disjuncti
1762 5094 1915 5149 sunt,
1963 5085 2084 5140 aliis

484 5188 742 5245 'rectam,
792 5177 1070 5247 obliquam
1128 5178 1253 5233 aliis
1308 5175 1904 5247 viamcooptantibus.
1961 5174 2123 5230 ideo.

511 5272 697 5341 justus
727 5268 818 5323 ille
841 5266 1030 5336 judex,
1058 5266 1277 5334 utrique
1316 5264 1498 5320 ordini
1525 5280 1625 5320 ceu
1653 5264 1971 5319 conaminis
1998 5277 2089 5315 ar--

514 5360 678 5421 biter,
711 5355 1034 5426 congruenti
1062 5368 1126 5407 ac
1148 5353 1330 5407 debito
1365 5352 1471 5407 tlne
1502 5351 1696 5422 dignos
1738 5357 2084 5406 remunerat:

514 5466 627 5507 non
654 5446 938 5503 hominum
972 5444 1080 5498 ritu
1102 5458 1171 5497 ex
1204 5451 1426 5498 actuum
1452 5449 1650 5497 eventu
1672 5441 1941 5510 cujusque
1968 5452 2088 5491 mo-

1007 5598 1039 5617 ρ

592 5604 633 5636 ⁵⁸
674 5601 817 5658 I‘sal.
856 5614 965 5663 ινι,
1007 5601 1062 5652 5.

2198 4520 2350 4593 Ἔπεὶ
2376 4537 2470 4590 καὶ
2496 4535 2558 4588 τὸ
2602 4531 2712 4585 τῶν
2730 4529 2961 4584 δικαίων
2988 4527 3172 4595 τάγμα
3191 4563 3208 4586 ,
3247 4522 3308 4586 ἐξ
3333 4520 3544 4583 οἰκείας
3569 4536 3767 4590 προαιι

2188 4629 2390 4701 ρέσεως
2422 4624 2521 4696 τὴν
2548 4623 2715 4695 ὁρθὴν
2748 4621 2842 4674 καί
2888 4617 3244 4687 άδιάστροφον
3294 4610 3489 4701 μέλλον
3538 4609 3765 4671 ὁδεύειν,

2187 4698 2472 4791 προλαϐὼν
2503 4717 2532 4768 ὁ
2557 4713 2688 4776 Θεὸς
2717 4711 2878 4779 ἔγνω.
2919 4703 3031 4761 Εἶτ’
3067 4701 3394 4781 ἀμφοτέρων
3421 4698 3533 4791 τῶν
3554 4699 3771 4791 ταγμᾲο

2184 4790 2293 4864 των
2315 4810 2416 4880 τὴν
2446 4804 2790 4870 αὐτεξούσιον
2827 4798 3002 4871 ὁρμὴν
3030 4794 3321 4864 ἐλευθέραν
3348 4790 3574 4860 ἀνῆκεν,
3608 4790 3693 4880 ὡς
3711 4790 3769 4880 ἐν

2193 4878 2392 4972 σταδίῴ
2423 4896 2692 4952 ποιεῖσθαι
2723 4896 2816 4946 τὸν
2845 4891 3042 4961 δρόμον
3070 4883 3369 4955 ἐπιτρέψας
3401 4881 3611 4972 αὐτοῖς.
3656 4878 3770 4972 Καὶ

2190 4967 2373 5052 αὐτὸς*
2388 4988 2484 5058 μὲν
2509 4985 2728 5055 ὁμοίους
2754 4982 2853 5052 τὴν
2885 4980 3045 5048 φύσιν
3073 4978 3200 5039 τοὺς
3228 4975 3437 5034 πάντας
3460 4967 3770 5058 ὑποστησά-

2193 5096 2353 5150 μενος
2376 5056 2398 5140 ,ἡ
2430 5073 2747 5146 προαιρέσει
2794 5069 2972 5139 οἰκείᾳ
3032 5063 3267 5137 χρῆσθαι
3312 5062 3451 5131 πρὸς
3497 5059 3598 5150 την
3661 5056 3770 5111 τῶν

2192 5148 2514 5240 κρειττόνων
2542 5165 2753 5235 αἵρεσιν
2776 5164 2890 5222 τοῖς
2920 5160 3081 5212 πᾶσιν
3096 5155 3296 5229 ὁμοίως
3318 5148 3768 5221 συγκεχώρηκεν*

2191 5238 2244 5313 οἰ
2268 5240 2363 5320 δὲ,
2390 5257 2484 5310 ἆτε
2510 5255 2689 5326 κύριοι
2720 5250 2931 5306 ἑαυτῶν
2958 5245 3330 5313 καθεστῶτες,
3373 5241 3565 5309 ἄφετοι
3588 5255 3647 5291 τε
3676 5238 3772 5292 καὶ

2195 5342 2466 5414 ἐλεύθεροι
2496 5342 2593 5410 τὴν
2625 5338 2823 5410 ὁρμὴν,
2863 5332 3306 5405 αὐτοπροαιρέτῳ
3331 5327 3530 5398 γνώμῃ
3558 5327 3774 5396 διέστη-

2196 5450 2314 5501 σαν,
2346 5433 2395 5485 οί
2427 5433 2525 5501 μὲν
2554 5429 2652 5500 τὴν
2676 5427 2889 5481 εὐθεῖαν
2917 5423 3144 5487 ὁδεύειν,
3167 5423 3215 5475 οἱ
3234 5420 3300 5474 ’δὲ
3321 5418 3418 5489 τὴν
3444 5417 3777 5485 διάστροφον
