3988 6202
243 257 361 336 εεε

1405 286 1907 368 ΕΟΜΜΕῌΤΑΒΙΛ
1943 286 2012 342 l-N
2045 287 2384 345 PSALMOS.

3409 282 3571 350 526f

208 392 213 395 ’
241 398 516 467 ἑλόμενοι.
555 397 747 450 ιόυτου
779 396 938 470 χάριν
962 397 992 452 ὁ
1014 397 1221 466 δίκαιος
1243 404 1453 474 κριτὴς,
1486 406 1823 473 ἁγωνοθετῶι

1938 422 2027 463 res
2048 404 2303 462 edisccns
2323 446 2341 477 ,γ
2362 420 2549 459 verum
2582 413 2767 474 utpote
2789 397 2931 462 Deus
2951 402 3136 458 omnia
3171 418 3516 475 cognoscens
3552 386 3559 389 ﬁ

240 488 494 559 ἑκατέρῳ
527 486 792 559 τάγματι,
818 489 897 561 τῷ
922 492 1245 565 καταλλήλῳ
1276 494 1375 547 καὶ
1396 496 1726 567 προσήκοντι
1747 494 1836 551 τέ-

239 580 327 633 λει
362 581 494 643 τοὺς
529 575 720 647 ἀξίους
750 579 1148 654 παραδίδωσιν·
1181 582 1240 639 οὐ
1264 586 1514 660 καθάπερ
1557 585 1835 658 ἄνθρωποι

243 670 442 741 μαθὼν
475 671 540 724 ἐκ
568 666 670 741 τῆς
710 667 823 728 τῶν
860 676 1203 745 πραγμάτων
1233 672 1557 743 ἀποϐάσεως
1586 675 1678 733 τὸν
1707 676 1835 733 ἑκά-

242 775 377 811 στου
403 757 641 830 τρόπον,
685 755 774 813 οἷα
808 759 866 813 δὲ
906 758 1040 824 Θεὸς
1077 762 1170 815 καὶ
1212 761 1319 835 πρὸ
1358 764 1628 834 γενέσεως
1679 763 1835 831 εἰδὼς

241 848 487 901 ᾶπανταζ
516 847 606 902 Διὸ
640 851 688 903 οἱ
715 848 816 920 μὲν
842 848 1360 925 ἀπηλλοτριώθησαν
1393 857 1525 928 παρ’
1561 857 1712 929 αὐτῷ
1741 859 1834 912 καὶ

241 940 382 1010 πρὶν
419 940 448 1010 ἢ
485 941 600 1004 τοῖς
634 941 847 1004 λοιποῖς
868 941 1211 1013 γνωσθῆναι·
1251 946 1300 998 οἱ
1325 946 1384 999 δὲ
1420 946 1569 1015 ἅγιοι
1600 947 1834 1018 ἐκλογῆς

240 1028 561 1101 ἠξιώθησαν
593 1032 797 1102 ὁμοίως
835 1032 1074 1104 Ἱερεμίᾳ
1112 1034 1192 1105 τῷ
1218 1038 1473 1109 προφήτῃ
1494 1076 1508 1099 ,
1538 1031 1583 1105 ᾧ
1610 1055 1775 1109 φησιν
1805 1041 1834 1091 ὁ

239 1120 380 1183 Θεὸς
397 1141 409 1151 -
436 1121 558 1189 Πρὸ
590 1122 698 1175 τοῦ
719 1139 797 1192 με
824 1122 1053 1177 πλάσαι
1074 1139 1147 1178 σε
1171 1126 1242 1178 ἐν
1273 1128 1491 1196 κοιλίῃ,
1507 1129 1834 1199 ἐπίσταμαί

238 1224 318 1263 σε
337 1249 355 1273 ,
385 1211 486 1264 καὶ
528 1211 647 1279 πρὸ
676 1212 784 1267 τοῦ
818 1228 893 1267 σε
919 1214 1190 1279 ἐξελθεῖν
1215 1217 1284 1271 ὲκ
1304 1218 1570 1287 μήτρας,
1613 1221 1834 1291 ἡγίακά

240 1316 340 1356 σε.
371 1302 485 1355 Καὶ
508 1305 538 1357 ό
572 1304 894 1368 Ἀπόστολος
920 1305 1081 1360 τοῦτο
1124 1308 1311 1379 ἐδήλου
1340 1311 1597 1380 φάσκων·
1626 1314 1832 1380 Καθὼς

239 1393 567 1459 ἐξελέξατο
590 1395 753 1464 ἡμᾶς
771 1397 842 1449 ἐν
873 1396 1036 1463 αὑτῷ
1058 1398 1173 1466 πρὸ
1206 1401 1545 1471 καταϐολῆς
1572 1405 1828 1474 κόσμου,

240 1481 399 1539 εἶναι
446 1485 608 1555 τΜς
644 1487 855 1557 ἁγίους
885 1489 983 1542 καὶ
1017 1488 1297 1559 ἀμώμους
1331 1493 1699 1549 κατενώπιον
1726 1499 1833 1551 αὐ-

240 1577 352 1630 τοῦ
384 1577 458 1630 ἐν
485 1577 711 1647 ἀγάπῃ,
743 1581 1070 1648 προορίσας
1099 1578 1259 1652 ἡμᾶς
1278 1582 1366 1650 είς
1395 1585 1704 1657 υἱοθεσίαν
1733 1583 1831 1641 διὰ

254 1667 455 1735 Ἰησοῦ
488 1669 748 1736 Χριστοῦ
768 1684 783 1699 '
812 1671 905 1724 καὶ
932 1672 1125 1726 πάλιν·
1158 1670 1255 1728 Ἐν
1291 1667 1340 1741 ᾧ
1368 1676 1467 1730 καὶ
1493 1676 1830 1748 ἐκληρώθη-

1937 504 2063 552 ante
2079 495 2367 567 originem.
2400 496 2580 561 Quare
2601 497 2689 550 alii
2716 495 2934 565 quidem
2962 502 3254 564 antequam
3302 497 3517 551 caeteris

1936 587 2051 640 noti
2083 591 2290 651 essent,
2324 586 2393 638 ab
2421 601 2486 640 eo
2515 586 2739 639 alienati
2768 593 2929 651 sunt;
2988 586 3167 639 sancti
3198 600 3352 648 vero,
3412 586 3518 640 ele-

1935 675 2118 732 ctione
2150 676 2359 746 dignati
2385 716 2401 741 ,
2430 676 2593 732 sicuti
2624 670 2891 732 Jeremias
2920 675 3185 745 propheta
3209 715 3223 739 ,
3259 675 3347 730 cui
3375 674 3515 729 dixit

1937 765 2079 822 Deus
2115 782 2129 818 :
2164 766 2457 837 Antequam
2488 776 2534 821 te
2567 766 2854 837 formarem
2884 767 2941 820 in
3005 775 3177 829 utero,
3213 767 3333 819 novi
3360 776 3430 830 te,
3464 775 3513 819 et

1935 866 2213 929 antequam
2242 860 2408 912 etires
2431 858 2493 911 de
2523 859 2695 923 vulva,
2728 857 3056 922 sanctiﬁcavi
3080 866 3127 910 te
3148 858 3215 910 ⁸⁵.
3242 856 3298 913 ld
3330 858 3510 927 ipsam

1934 951 2231 1021 Apostolus
2271 951 2516 1006 declarat
2565 950 2652 1007 his
2704 950 2885 1006 verbis
2928 969 2940 1004 :
2975 948 3297 1019 Sicutelegit
3336 945 3431 1004 nos
3456 950 3512 1003 in
3543 1011 3559 1024 ,

1933 1043 2047 1112 ipso
2077 1050 2198 1097 ante
2224 1040 2404 1095 mundi
2433 1042 2882 1103 constitutionem,
2923 1049 2980 1095 ut
3013 1055 3244 1096 essemus
3267 1042 3438 1095 sancti
3460 1048 3512 1095 e8

1933 1133 2265 1187 immaculali
2288 1132 2343 1186 in
2373 1140 2652 1200 conspectu
2695 1132 2809 1199 ejus
2843 1132 2898 1184 in
2928 1130 3188 1184 charitate
3217 1147 3235 1183 :
3258 1132 3347 1198 qui
3370 1130 3521 1198 μησί

1880 1217 1885 1222 ’
1933 1221 2217 1274 destinavit
2269 1236 2363 1274 nos
2412 1217 2466 1272 in
2516 1218 2850 1287 adoptionem
2905 1218 3140 1287 ﬁliorum
3185 1232 3276 1286 per
3325 1217 3510 1271 Jesum

1936 1309 2200 1366 Sliristum
2220 1310 2265 1342 ⁸⁸
2286 1326 2300 1375 ;
2322 1324 2386 1364 ac
2418 1324 2638 1365 rursum
2665 1325 2678 1361 :
2719 1307 2787 1363 In
2819 1325 2919 1379 quo
2944 1316 2995 1363 et
3030 1325 3123 1362 nos
3156 1308 3294 1378 forte
3340 1309 3511 1362 vocati

1931 1413 2134 1462 sumus,
2189 1396 2552 1468 prtrdestinati
2606 1394 2889 1450 secundum
2956 1394 3340 1463 prazscientiam
3394 1393 3509 1461 ejus

1931 1489 2020 1559 qui
2055 1497 2308 1557 operatur
2353 1487 2534 1541 omnia
2552 1485 2841 1540 secundum
2898 1484 3175 1538 consilium
3222 1482 3509 1536 voluntatis

1931 1587 2136 1644 sure,ut
2166 1579 2333 1632 simus
2362 1578 2414 1630 in
2440 1576 2650 1631 laudem
2680 1577 2864 1647 gloria:
2901 1576 3016 1640 eius
3056 1574 3121 1630 “.
3152 1573 3343 1628 Viden”
3370 1588 3509 1643 quo-

1932 1670 2094 1726 modo
2136 1678 2261 1724 ante
2291 1668 2482 1723 mundi
2544 1666 3013 1729 constitutionem,
3049 1666 3255 1720 electos
3284 1671 3338 1718 et
3370 1679 3508 1733 pra:-

234 1774 361 1826 μεν
380 1756 834 1827 προορισθέντες
859 1762 1010 1817 κατὰ
1038 1762 1384 1833 πρόγνωσιν
1401 1767 1509 1822 τοῦ
1527 1768 1601 1822 τὰ
1628 1743 1823 1823 πάντα

1929 1759 2237 1829 destinatos
2260 1758 2409 1813 dicat
2442 1757 2509 1811 ad
2539 1757 2888 1827 adoptionem
2915 1756 3173 1821 ﬁliorum,
3202 1755 3505 1811 secundum

196 1918 203 1921 _
240 1843 642 1913 ἐνεργοῦντος
676 1842 774 1902 καὶ
823 1849 975 1902 κατὰ
1034 1849 1149 1918 τὴν
1201 1853 1451 1924 βουλὴν
1489 1855 1596 1910 τοῦ
1646 1859 1826 1927 θελή,

237 1948 444 2000 ματος
463 1934 663 1999 αὐτοῦ,
683 1938 770 2003 είς
795 1937 862 1991 τὸ
888 1935 1043 1995 εἶναι
1077 1941 1237 2010 ἡμᾶς
1257 1946 1345 2008 είς
1371 1943 1624 2000 ἔπαινον
1641 1946 1828 2016 δόξης

242 2026 459 2097 αὐτοῦ.
523 2027 679 2100 Ὁρᾷς
729 2030 880 2095 ὅπως
927 2033 1032 2105 πρὸ
1060 2034 1389 2106 ,καταϐολῆς
1431 2036 1639 2109 κόσμου
1690 2041 1827 2108 ἐξει-

241 2114 436 2187 λέχθαι
468 2119 563 2172 καὶ
595 2122 933 2192 προωρίσθαι
959 2125 1040 2187 εἰς
1071 2124 1367 2193 υἱοθεσίαν,
1399 2129 1540 2182 κατὰ
1573 2130 1826 2202 πρόθεσιν

238 2203 336 2261 τοῦ
371 2209 548 2263 πάντα
578 2209 929 2282 ἐνεργοῦντος
950 2232 1083 2285 φησι
1103 2232 1117 2279 ;
1136 2215 1235 2287 τὴν
1254 2218 1427 2289 αὐτὴν
1450 2219 1506 2272 δὲ
1528 2221 1825 2294 παρίστησι

236 2294 478 2352 διάνοιαν
506 2301 537 2352 ὁ
568 2296 733 2364 αὐτὸς
754 2301 929 2370 λέγων
950 2320 965 2334 ·
1003 2304 1259 2374 Οἴδαμεν
1296 2305 1366 2359 δὲ
1383 2347 1399 2371 ,
1424 2306 1511 2360 ὅτι
1540 2308 1664 2375 τοῖς
1683 2311 1826 2381 ἁγα-

238 2387 400 2442 πῶσι
448 2388 558 2443 τὸν
598 2390 751 2446 Θεὸν
781 2390 978 2448 πᾶντα
1022 2396 1308 2465 συνεργεῖ
1328 2399 1417 2463 εἰς
1446 2398 1670 2468 ἀγαθὸν
1699 2400 1825 2467 τοῖς

238 2478 393 2532 κατὰ
425 2480 718 2547 πρόθεσιν
759 2483 1003 2561 κλητοῖς
1030 2479 1210 2540 οὖσιν
1227 2501 1245 2517 ·
1276 2487 1364 2539 ὅτι
1408 2487 1514 2554 οὒς
1558 2488 1825 2559 προέγνω

233 2572 343 2623 καὶ
378 2570 674 2641 προώρισε
698 2576 1092 2645 συμμόρφους
1123 2576 1234 2646 τῆς
1274 2579 1508 2646 εἰκόνος
1540 2581 1648 2635 τοῦ
1686 2581 1823 2636 Υἱοῦ

232 2662 452 2727 αὐτοῦ,
472 2664 562 2730 είς
588 2663 654 2718 τὸ
683 2661 835 2719 εἶναι
858 2667 1045 2722 αὐτὸν
1076 2670 1456 2736 πρωτοτόκον
1479 2671 1551 2723 ἐν
1571 2670 1824 2737 πολλοῖς

231 2751 546 2823 ἀδελφοῖς.
579 2755 698 2821 Οὓς
715 2755 784 2809 δὲ
805 2756 1118 2826 προώρισε,
1144 2760 1397 2827 τούτους
1420 2761 1518 2815 καὶ
1544 2756 1820 2827 ἐκάλεσε,

232 2845 339 2898 καὶ
372 2846 483 2911 οὓς
510 2846 771 2923 ἐκάλεσε
794 2889 809 2914 ,
838 2850 1089 2915 τούτους
1122 2852 1219 2904 καὶ
1248 2851 1563 2906 ἐδικαίωσε
1580 2893 1595 2918 ,
1622 2852 1824 2919 οὒς,δὲ

228 2929 578 3001 ἐδικαίωσε,
608 2932 858 3005 τούτους
894 2940 997 2995 καὶ
1032 2940 1309 3005 ἑδόξασε.
1345 2945 1426 2997 Ta
1455 2943 1618 3014 ὅμοια
1643 2944 1699 2997 δὲ
1729 2944 1823 2997 καὶ

232 3026 369 3097 περὶ
413 3023 607 3081 ἑαυτοῦ
648 3027 886 3082 διδάσκει
931 3029 990 3082 ἐν
1034 3018 1117 3092 οἷς
1143 3032 1309 3103 φησίν
1333 3049 1346 3060 ·
1377 3034 1507 3086 Ὅτε
1543 3033 1613 3086 δὲ
1644 3033 1821 3102 ηὐδό·
1847 3064 1905 3122 c.

230 3131 436 3182 κησεν
483 3118 517 3170 ό
565 3118 867 3188 ἀφορίσας
897 3118 979 3188 με’
1000 3119 1070 3172 ἐκ
1114 3124 1350 3187 κοιλίας
1388 3123 1617 3192 μητρός
1658 3139 1820 3191 μου,

229 3207 633 3277 ἀποκαλύψαι
667 3210 777 3264 τὸν
814 3210 952 3263 Υἱὸν
984 3211 1172 3266 αὑτοῦ
1210 3212 1282 3265 ἐν
1305 3212 1457 3282 ἐμοί.
1488 3214 1698 3286 Ὥσπερ
1726 3210 1821 3268 οὖν

156 3316 161 3323 ν
231 3292 467 3359 τούτους
494 3299 765 3368 προγνοὺς
799 3298 1091 3369 μέλλοντας
1127 3299 1349 3371 ἀγαπᾷν
1385 3301 1549 3356 αὐτὸν
1577 3302 1821 3376 προώρι-

230 3391 353 3449 ἄεν,
386 3385 533 3440 οὕτω
565 3388 803 3452 καὶτοὺς
830 3386 1046 3453 ἀσεϐεῖς
1068 3430 1084 3454 ,
1119 3391 1306 3463 ἐπειδὴ
1336 3393 1585 3461 προέγνω
1612 3393 1824 3464 μέλλον-

230 3491 336 3537 τας
377 3475 564 3530 λαλεῖν
604 3477 950 3550 δικαιοσύνην
980 3480 1069 3533 διὰ
1096 3480 1157 3534 τὺ
1186 3481 1475 3551 γινώσκειν
1512 3483 1683 3555 αὐτὴν
1704 3524 1719 3549 ,
1756 3486 1819 3539 οὐ

232 3564 349 3635 μὴν
382 3566 478 3618 καὶ
508 3569 623 3631 τοῖς
651 3568 834 3640 ἔργοις
863 3568 1031 3641 αὐτὴν
1063 3572 1555 3644 μετελευσομένους
1574 3615 1588 3638 ,
1631 3573 1719 3627 διὰ
1759 3575 1822 3627 τὸ

229 3658 357 3718 ταῖς
388 3657 577 3727 χερσὶν
610 3658 826 3712 ἀδικίαν
848 3660 1202 3731 συμπλέκειν,
1234 3661 1423 3715 τοῦτου
1458 3663 1616 3733 χάριν
1641 3665 1819 3734 ἀπηλ-

230 3747 534 3820 λοτρίωσεν
566 3751 676 3806 ἀπὸ
707 3754 920 3824 μήτρας
938 3794 952 3818 ,
979 3755 1074 3808 καὶ
1110 3755 1169 3807 ἐν
1194 3755 1570 3826 πλανωμένοις
1598 3757 1692 3809 καὶ
1723 3755 1820 3808 λα-

231 3836 390 3891 λοῦσι
419 3839 592 3911 πυδῆ
618 3845 749 3914 παρ’
775 3843 954 3914 ἐαυτῷ
985 3845 1365 3917 κατηρίθμησε
1387 3847 1518 3918 πρὶν
1544 3846 1817 3914 γενέσθαι·

234 3926 593 3999 συνεχώρησε
621 3946 679 3982 τε
714 3930 870 3994 εἰδὼς
896 3931 1095 3996 αὐτοὺς
1122 3933 1394 3998 τοιούτους
1418 3935 1709 4004 ἐσομένους
1740 3937 1820 3998 εἰς
1857 3990 1862 3995 ,

232 4017 477 4089 φανερὸν
510 4018 712 4085 ἐλθεῖν,
751 4019 826 4084 ὡς
863 4021 929 4074 ἄν
957 4023 1017 4075 τὸ
1054 4022 1309 4095 διάφορον
1333 4023 1443 4078 τῶν
1469 4024 1693 4078 δικαίων
1727 4025 1820 4078 καὶ

230 4106 511 4162 θεοσεϐῶν
540 4109 753 4178 ἀνδρῶν
785 4111 850 4164 ὲκ
889 4113 988 4182 τῆς
1017 4112 1126 4166 τῶν
1167 4113 1421 4185 χειρόνων
1466 4113 1820 4185 παραθέσεως

227 4198 582 4269 ὂιαλάμψειε.
607 4200 755 4264 Med;
774 4200 883 4272 γὰρ
909 4201 1060 4265 ὄντες
1085 4203 1300 4271 φύσεως
1327 4205 1378 4256 οἱ
1407 4204 1695 4271 πάντες,οζ
1717 4204 1818 4274 μὲν

224 4288 458 4354 ὲκόντες
490 4291 701 4355 εἵλαντρ
728 4291 796 4346 τὰ
828 4293 1079 4365 κρείττω,
1098 4296 1147 4347 oi
1180 4294 1236 4347 δὲ
1253 4294 1352 4365 τὴν
1379 4295 1627 4349 ἐναντίαν
1650 4291 1818 4348 ὥδευ-

1929 1854 2267 1925 propositum
2320 1853 2441 1921 ejus
2489 1850 2582 1921 qui
2624 1851 2756 1904 talia
2783 1849 3081 1919 operatur?
3136 1848 3507 1919 Eamdemque

1929 1932 2047 2017 ipse
2079 1945 2403 2001 sententiam
2429 1943 2640 2013 profert
2678 1943 2766 1999 his
2805 1943 2986 1998 verbis
3012 1959 3025 1994 :
3053 1941 3264 1996 Scimus
3327 1951 3505 1997 autem

1925 2039 2174 2110 quoniam
2196 2036 2536 2109 diligentibus
2564 2035 2731 2090 Deum
2752 2035 2932 2088 omnia
2952 2042 3300 2103 cooperantur
3327 2034 3385 2087 in
3414 2033 3507 2085 bo-

1928 2147 2051 2184 num
2083 2131 2151 2184 iis
2171 2117 2261 2200 qui
2288 2126 2575 2183 secundum
2622 2126 2947 2196 propositum
2972 2125 3142 2178 vocati
3171 2133 3310 2179 sunt.
3359 2123 3503 2178 Nam

1925 2235 2054 2290 quos
2076 2218 2340 2288 prtcscivit
2370 2227 2420 2271 et
2469 2213 3174 2285 pra'destinavitconformes
3206 2216 3324 2281 ﬁeri
3363 2216 3506 2269 ima-

1924 2310 2034 2380 gini
2062 2308 2195 2363 Filii
2210 2309 2317 2372 sui,
2344 2318 2402 2361 ut
2428 2309 2499 2362 sit
2519 2310 2631 2376 ipse
2658 2308 3038 2379 primogenitus
3079 2308 3135 2361 in
3168 2306 3351 2361 multis
3382 2306 3501 2375 [τοο-
3599 2343 3603 2347 -

1927 2400 2044 2454 bus.
2075 2396 2220 2464 Quos
2256 2406 2431 2450 autem
2451 2397 2870 2466 prwdestinavit,
2912 2397 3007 2450 hos
3059 2404 3110 2449 et
3154 2396 3399 2458 vocavit;
3453 2404 3504 2449 et

1924 2501 2055 2556 quos
2082 2484 2416 2551 vocavit,hos
2453 2494 2503 2538 et
2510 2483 2823 2554 justificavit
2844 2498 2864 2549 ;
2912 2501 3042 2554 quos
3081 2492 3259 2538 autem
3295 2484 3506 2554 justiﬁ-

1925 2575 2082 2639 cavit,
2100 2572 2221 2627 illos
2257 2582 2306 2627 et
2330 2572 2648 2642 gloriﬁcavit
2672 2571 2742 2626 ".
2772 2571 2985 2625 Similia
3008 2571 3077 2628 de
3094 2587 3154 2627 se
3182 2571 3302 2641 ipse
3315 2571 3501 2626 decla-

1925 2673 2011 2718 rat
2030 2662 2222 2717 dicens
2253 2680 2265 2715 :
2297 2659 2431 2717 Cum
2452 2672 2625 2715 autem
2650 2659 2851 2730 placuit
2873 2659 2942 2725 ei,
2973 2663 3063 2730 qui
3095 2675 3176 2713 me
3214 2662 3503 2730 segregavit

1922 2770 1989 2808 ea;
2017 2762 2165 2809 utero
2187 2754 2375 2808 matris
2411 2769 2558 2820 meae,
2586 2738 2816 2809 revelare
2847 2752 3050 2807 Filium
3074 2737 3229 2806 suum
3251 2753 3306 2806 in
3333 2768 3417 2807 me
3430 2752 3497 2807 ³⁸.

1924 2844 2392 2913 Quemadmodum
2455 2845 2621 2916 igitur
2672 2859 2798 2900 cum
2843 2860 2938 2901 eos
2966 2843 3352 2915 praescivisset,
3405 2844 3497 2913 qui

1925 2936 2161 2992 amatori
2188 2937 2366 3007 ipsum
2386 2945 2568 3011 erant.
2624 2936 2789 2992 etiam
2851 2933 3401 3008 prredestinavit;sic
3444 2943 3504 2990 et

1925 3027 2122 3099 impios
2148 3042 2275 3082 cum
2312 3027 2654 3097 prtevidisset
2674 3027 2945 3099 justitiam
2980 3027 3284 3091 locuturos,
3313 3033 3500 3096 utpote

1924 3120 2020 3190 qui
2060 3126 2283 3175 nossent
2307 3118 2455 3173 illam
2482 3159 2497 3184 ,
2536 3120 2630 3175 sed
2675 3121 2851 3190 ipsam
2899 3126 3083 3173 tamen
3107 3133 3216 3174 non
3239 3118 3500 3188 operibus

1924 3207 2172 3277 adituros
2205 3222 2351 3273 esse,
2377 3209 2505 3278 quia
2528 3208 2855 3278 injustitiam
2901 3207 3159 3263 manibus
3202 3207 3502 3278 complica-

1925 3298 2033 3353 turi
2066 3310 2244 3363 erant,
2268 3299 2392 3354 ideo
2420 3295 2681 3354 alienavit
2741 3312 2837 3353 eos
2886 3311 2915 3351 a
2944 3298 3124 3361 vulva,
3155 3305 3210 3352 et
3234 3298 3319 3352 vel
3344 3304 3501 3351 ante-
3596 3374 3603 3385 r

1923 3405 2086 3460 quam
2151 3389 2365 3455 tierent,
2392 3389 2455 3444 in
2492 3389 2796 3445 errantium
2852 3397 2906 3443 et
2963 3388 3246 3444 mendacia
3270 3389 3499 3458 loquen-

1923 3481 2060 3535 tium
2110 3496 2340 3537 numero
2371 3481 2427 3535 in
2475 3496 2536 3537 se
2584 3479 2959 3551 computavit;
3025 3479 3382 3553 permisitque
3414 3485 3498 3530 ta-

1923 3588 2069 3634 men,
2090 3571 2194 3627 etsi
2229 3572 2367 3627 tales
2396 3570 2614 3627 futuros
2646 3585 2771 3627 esse
2818 3578 3031 3632 nosset,
3066 3578 3123 3624 ut
3149 3562 3324 3639 palam
3366 3583 3497 3639 pro-

1922 3662 2126 3727 dirent,
2162 3678 2272 3733 quo
2331 3660 2955 3732 priestantiajustorum
3003 3661 3498 3731 religiosorumque

1923 3754 2203 3810 hominum
2228 3768 2296 3809 ex
2330 3753 2579 3823 peiorum
2622 3752 3035 3822 comparatione
3066 3752 3325 3816 eluceret.
3359 3748 3497 3804 Nam

1922 3860 2046 3900 cum
2076 3860 2142 3899 ex
2175 3858 2283 3898 una
2310 3859 2504 3899 omnes
2543 3850 2741 3898 natura
2783 3848 3105 3898 constarent
3126 3880 3141 3905 ,
3195 3841 3374 3896 libero
3408 3838 3495 3897 usi

1922 3929 2297 3995 arbitrio,'alii
2343 3929 2566 4002 quidem
2603 3940 2797 4003 sponte
2830 3931 3033 3987 bonum
3074 3931 3377 4001 elegerunt,
3402 3929 3497 3986 alii

1920 4023 2254 4078 contrariam
2280 4012 2457 4083 iniere
2481 4023 2646 4093 viam.
2691 4023 2763 4076 At
2790 4023 3043 4079 excelsus
3077 4028 3132 4078 et
3147 4036 3381 4093 magnus
3406 4021 3497 4076 ille

1920 4112 2511 4191 universorumjudex,
2549 4110 2767 4184 utrique
2822 4111 3004 4181 ordini
3031 4111 3357 4182 praesidens,
3393 4126 3495 4183 pro

1918 4203 2116 4259 merito
2162 4202 2362 4274 cuique
2399 4202 2613 4261 tribuit.
2662 4203 2845 4270 Quare
2887 4203 2974 4258 sui
3020 4210 3295 4259 amatores
3324 4204 3498 4273 gloria

1920 4293 2123 4357 aﬂ'ecit,
2153 4284 2467 4349 cenformes
2497 4293 2720 4364 imagini
2739 4290 2963 4347 Filiisui
2986 4293 3274 4356 exhibens,
3297 4292 3497 4361 quippe

226 4397 356 4443 σαν,
388 4380 725 4452 αὖτεξουσίῳ
752 4384 1070 4455 προαιρέσει
1098 4382 1453 4455 χρησᾶμενοι.
1491 4385 1727 4456 Ὑψηλὸς
1754 4385 1813 4439 δὲ

1924 4386 2014 4456 qui
2038 4400 2281 4440 amorem
2303 4400 2431 4455 erga
2450 4400 2510 4440 se
2523 4384 2794 4454 operibus
2810 4382 3291 4453 comprobaverint
3318 4398 3333 4447 ;
3357 4380 3495 4435 alios

220 4468 254 4521 ὃ
283 4470 464 4541 μέγας
504 4471 616 4525 τῶν
641 4472 779 4527 ὅλων
807 4474 1032 4551 κριτὴς,
1064 4472 1534 4546 προκαθεζόμενος
1566 4475 1813 4546 ἑκατέρῳ

223 4561 499 4630 τάγματι,
530 4562 791 4632 βραϐεύει
832 4564 903 4617 τὰ
942 4564 1236 4635 πρέποντα.
1270 4564 1364 4618 Διὸ
1393 4566 1521 4629 τοὺς
1548 4565 1649 4636 μὲν
1673 4566 1812 4635 ἀγα-

218 4653 519 4723 πήσαντας
546 4654 709 4707 αὑτὸν
736 4654 974 4723 ἐδόξασε,
1009 4655 1364 4728 συμμόρφους
1392 4654 1683 4721 ἀποδείξας
1708 4652 1811 4727 τῆς

219 4742 441 4806 εἰκόνος
477 4742 572 4796 τοῦ
616 4743 747 4797 Υἱοῦ
791 4745 955 4798 αὑτοῦ
975 4785 991 4810 ,
1026 4746 1103 4809 ὡς
1135 4746 1202 4800 ἂν
1234 4746 1381 4818 ἔργῳ
1404 4745 1503 4817 τὴν
1537 4743 1618 4809 εἰς
1647 4746 1811 4817 αὑτὸν

218 4833 647 4904 ἐνδειξαμένους
676 4833 899 4905 ἀγάπην
915 4853 929 4866 °
954 4836 1082 4899 τοὺς
1111 4836 1167 4890 δὲ
1194 4836 1486 4899 ἐναντίους,
1505 4836 1581 4899 ὡς
1604 4835 1670 4888 ἂν
1693 4837 1812 4889 ἑαυ-

215 4923 356 4984 τοὺς
400 4922 950 4993 ἀπαλλοτριῶσαντας
993 4923 1092 4994 τῆς
1129 4924 1293 4978 αὑτοῦ
1341 4925 1561 4996 χάριτος
1581 4964 1597 4988 ,
1643 4943 1812 4979 κατα-

215 5010 419 5065 ϐάλλει
447 5012 747 5084 συντρίϐων
774 5013 952 5067 αὐτῶν
973 5014 1097 5076 τοὺς
1121 5015 1358 5080 ὀδόντας,
1388 5011 1471 5080 οἷς
1489 5016 1550 5069 οὐ
1582 5014 1808 5081 δεόντως

214 5103 572 5174 ἐχρήσαντο,
602 5103 699 5155 καὶ
736 5102 974 5157 συνθλῶν
1004 5102 1103 5167 τὰς
1154 5102 1325 5175 μύλας
1365 5106 1574 5171 αὐτῶν,
1619 5107 1687 5159 δι’
1733 5093 1810 5162 ὧν

1921 4490 2051 4531 vero
2080 4474 2216 4545 ipsis
2230 4476 2537 4544 oppositos,
2568 4482 2760 4543 utpote
2804 4474 2901 4543 qui
2924 4473 3142 4529 seseab
3171 4472 3292 4540 ejus
3316 4472 3494 4542 gratia

1921 4564 2377 4639 abalienaverint,
2407 4564 2595 4633 dejicit
2629 4580 2644 4618 :
2676 4564 2868 4621 dentes
2889 4576 3104 4626 eorum,
3130 4562 3333 4634 quibus
3381 4576 3491 4618 non

1922 4665 1980 4710 ut
2019 4670 2119 4726 par
2141 4662 2259 4711 erat
2288 4655 2375 4711 usi
2427 4661 2579 4719 sunt,
2615 4653 2872 4715 conterit.
2934 4651 3219 4721 molasque
3275 4666 3492 4716 eorum,

1919 4745 2076 4813 queis
2111 4745 2298 4800 multis
2343 4744 2642 4816 perniciem
2692 4743 3017 4806 intulerunt,
3059 4741 3395 4813 confringit:
3430 4757 3496 4795 ac

1917 4836 2136 4890 demum
2158 4835 2214 4891 in
2227 4835 2480 4900 nihilum,
2514 4836 2569 4893 in
2593 4834 2764 4889 risum
2796 4844 2851 4889 et
2873 4833 3226 4903 opprobrium
3248 4831 3489 4893 deducit,

1916 4926 2135 4999 quando
2179 4918 2446 4983 ﬂuxarum
2491 4934 2543 4980 et
2584 4930 2716 4981 ’non
2773 4924 3192 4979 consistentium
3223 4938 3487 4994 aquarum

1919 5017 2094 5077 instar
2143 5007 2388 5073 deﬂuunt
2426 5015 2575 5085 :ipsi
2623 5015 2787 5070 talem
2848 5014 3011 5070 tinem
3033 5004 3353 5087 exitumque
3383 5011 3488 5068 sibi

1917 5115 2304 5178 procurarunt.
3210 5096 3219 5103 ’

214 5191 446 5255 πολλοῖς
469 5190 806 5263 ἐλυμήναντο
822 5209 837 5221 ·
857 5192 950 5245 καὶ
978 5192 1129 5255 τέλος
1153 5195 1232 5256 εἰς
1246 5192 1590 5259 ὲξουδένωσιν
1607 5195 1805 5258 αὐτοὺς
1839 5195 2166 5266 παραδιδοὺς
2221 5194 2314 5250 καὶ
2367 5195 2563 5267 χλεύην
2601 5194 2693 5248 καὶ
2719 5194 2946 5259 ὄνειδοςο
2965 5196 3055 5249 ὅτε
3082 5195 3177 5250 καὶ
3199 5195 3358 5265 δίκην
3378 5191 3486 5250 τῶν

210 5281 474 5356 ῥευστῶν
497 5280 592 5331 καὶ
621 5280 719 5349 οὐχ
745 5279 993 5333 ἑστώτων
1020 5280 1225 5334 ὑδάτων
1250 5282 1629 5354 ἀπορρέουσιν,
1648 5281 1804 5340 αὐτοὶ
1837 5277 2048 5345 ἑαυτοῖς
2110 5282 2170 5333 τὸ
2194 5281 2431 5336 τοιοῦτον
2462 5280 2890 5361 προξενήσαντες
2917 5284 3087 5347 τέλος,

303 5369 585 5424 Ἑντενεῒ
597 5370 663 5423 τὸ
689 5371 869 5435 τόξον
884 5369 1073 5425 αὐτοῦ
1099 5372 1212 5438 ἓως
1238 5368 1311 5427 οὗ
1332 5372 1802 5438 ἀσθενήσουσιν.

222 5459 395 5515 Ὡσει
444 5459 631 5539 κηρὸς
680 5461 877 5526 τακεὶς
934 5462 1540 5531 ἀνταναιρεθήσονται
1558 5480 1571 5493 ·
1624 5463 1807 5518 ἔπεσε

1984 5373 2152 5428 Vsus.
2181 5373 2237 5436 9,
2265 5372 2353 5427 10.
2401 5372 2643 5427 Intendet
2696 5390 2876 5427 arcum
2915 5392 3069 5437 suum
3125 5376 3288 5429 donec
3328 5372 3479 5439 in‘ﬁr-

1913 5473 2140 5517 mentur.
2166 5460 2313 5515 Sicut
2341 5478 2461 5516 cera
2477 5478 2593 5532 qua:
2609 5463 2751 5531 ﬂuit,
2786 5465 3090 5532 auferentur
3108 5480 3125 5517 :
3142 5460 3477 5530 supercecidit

291 5612 345 5644 ⁸⁸
383 5608 499 5669 Jer.
537 5627 594 5677 t,
633 5612 688 5667 5.
764 5614 810 5647 ⁸³
849 5613 1045 5682 Ephes.
1084 5631 1132 5681 I,
1165 5616 1218 5671 4.
1295 5616 1343 5653 ⁸⁸
1381 5616 1512 5672 ibid.
1553 5615 1735 5669 II-ﬁ.
1813 5618 1823 5649 '

1924 5618 2051 5673 tom.
2090 5631 2219 5681 vm,
2251 5614 2447 5675 2839.
2524 5617 2571 5650 ⁸³
2608 5615 2724 5670 Gal.
2766 5630 2816 5681 ι,
2853 5616 2939 5669 i5.
