4024 6202
328 327 439 381 555

1454 326 1957 387 COMMENTABIA
2005 324 2069 379 l'N
2111 320 2451 378 I’SALMOS.

3460 314 3563 370 53}

328 440 702 512 περιέχοντας,
730 443 1014 515 δευτέρους
1035 444 1198 509 Evn;
1227 446 1304 515 τῷ
1326 446 1530 517 χρόνῳ
1572 445 1698 506 τοὺς
1735 442 1792 495 δὲ
1823 441 1881 511 τίῖ

2001 435 2218 490 etiamsi
2273 431 2606 501 posteriores
2638 435 2879 498 tempore
2915 434 3126 493 essent;
3154 442 3250 483 eos
3297 441 3428 482 vero
3469 427 3567 497 qui

328 532 506 600 Χρόνῳ
522 532 796 603 πρώτους.
820 535 1103 605 δευτέρους
1135 535 1356 605 συνῆψε.
1390 536 1465 598 ὡς
1489 535 1557 588 ἂν
1577 533 1900 587 καλύπτοιτο

328 620 397 672 τὰ
429 621 529 690 τῆς
574 622 1009 695 ὲξομολογήσεως
1036 626 1123 680 διὰ
1166 627 1264 696 τῆς
1306 625 1415 679 τῶν
1460 621 1899 694 κατορθωμάτων

258 714 265 719 “
331 712 573 780 μνήμης.
604 714 775 767 Τοῦτο
812 716 985 770 τοίνυν
1026 718 1119 770 καὶ
1150 718 1179 769 ὁ
1227 715 1413 787 παρὼν
1442 714 1720 782 συνίστησι
1759 712 1898 782 ψαλ-

331 802 432 869 μός
450 818 463 831 ⁸
495 804 738 874 συνήθως
766 804 821 856 δὲ
859 808 1113 877 εἰρήσθω,
1143 807 1372 878 ἐπείπερ
1402 806 1496 859 καὶ
1527 803 1689 866 αὐτὸς
1711 803 1898 881 στηλο-

328 890 536 960 Ϋραφία
572 895 846 964 τυγχάνει,
899 898 1388 967 ὲπισημαινόμενος
1437 894 1558 948 καθ’
1597 893 1656 946 ὃν
1702 892 1894 963 ἐλέχθη

326 982 539 1052 καιρόν·
570 979 638 1054 ἦν
675 979 926 1050 δὲοῦτος,
961 987 1172 1041 Ὁπότε
1210 970 1532 1041 ἆπέστειλε
1569 984 1768 1037 Σαοὺλ
1795 984 1892 1037 καὶ

324 1073 587 1139 ἐφύλαξε
614 1073 722 1128 τὸν
750 1071 919 1128 οἶκον
949 1076 1157 1143 αὐτοῦ,
1190 1075 1296 1129 τοῦ
1316 1072 1651 1128 θανατῶσαι
1688 1072 1891 1127 αὑτὸν.

328 1160 663 1231 Πλατύτερον
682 1163 738 1215 δὲ
782 1162 879 1234 τὴν
918 1163 1158 1234 ἱστορίαν
1188 1166 1221 1234 ἠ
1248 1162 1439 1233 πρώτη
1465 1162 1573 1215 τῶν
1602 1161 1892 1215 Βασιλειῶν

327 1248 638 1319 παρίστησι,
663 1250 849 1304 τοῦτον
865 1251 1060 1321 ἔχουσα
1091 1253 1179 1305 τὸν
1194 1252 1413 1323 τρόπον’
1439 1251 1550 1304 Kal
1571 1251 1892 1319 προσέθετο

324 1338 584 1405 πόλεμος
609 1339 905 1407 γενέσθαιο
936 1341 1032 1394 καὶ
1060 1342 1395 1409 κατίσχυσε
1415 1339 1614 1403 Δαυϊδ,
1647 1340 1745 1393 καὶ
1763 1342 1895 1394 ἐπο-

322 1421 549 1491 λέμησε
592 1426 732 1492 τοὺς
778 1429 1186 1496 ἀλλοφύλους,
1216 1430 1313 1481 καὶ
1340 1427 1637 1492 ἐπάταξεν
1674 1429 1893 1495 αὐτοὺς

322 1515 568 1582 πληγὴν
588 1516 863 1586 μεγάλην
894 1518 1149 1586 σφόδρα,
1186 1519 1284 1572 καὶ
1318 1517 1547 1586 ἔφυγον
1594 1519 1664 1571 ἐκ
1704 1532 1893 1586 προσο

1999 523 2161 593 primi
2216 529 2484 590 tempore,
2535 516 2807 574 secundos
2855 516 3100 586 adjectos
3160 531 3305 580 esse,
3335 526 3396 570 ιιι
3416 524 3567 576 recte

1999 615 2268 667 factorum
2300 610 2562 666 memoria
2616 623 2681 664 ea
2729 622 2850 677 quae
2878 606 3281 662 confessionem
3314 606 3566 661 contine-

1999 711 2119 757 rent
2174 702 2578 770 obteg'erentur.
2622 697 2735 751 Hoc
2805 698 2991 767 itaque
3034 695 3289 766 praesenti
3355 696 3568 766 psalmo

1998 792 2406 862 comprobatur,
2462 790 2631 860 (quod
2674 796 2944 844 consueto
3002 802 3153 842 more
3204 786 3421 857 dictum,
3474 787 3567 855 sit)

1996 885 2123 951 quia
2153 882 2296 935 tituli
2327 880 2618 950 inscriptio
2662 888 2780 945 est;
2811 888 3106 947 notamque
3145 878 3403 947 temporis
3435 892 3571 947 prte-

1995 969 2100 1024 fert
2134 984 2240 1038 quo
2258 969 2440 1024 editus
2471 968 2594 1030 iuit,
2631 967 2878 1033 scilicet,
2900 966 3126 1032 Quando
3155 967 3297 1019 misit
3328 965 3485 1029 Saul,
3518 977 3571 1021 et

1993 1060 2276 1113 custodiuit
2305 1059 2527 1124 domum
2549 1060 2687 1128 ejus,
2717 1067 2776 1111 ut
2808 1073 2928 1111 eum
2963 1058 3304 1126 interﬁceret.
3338 1056 3447 1111 Sed
3487 1055 3576 1111 fu-

1992 1151 2109 1205 sius
2135 1149 2418 1205 historiam
2451 1157 2673 1203 enarrat
2709 1148 2920 1217 primus
2946 1147 3259 1217 Regnorum
3293 1148 3452 1213 liber,
3476 1146 3573 1218 qui

1992 1239 2072 1292 sic
2104 1239 2269 1292 habet
2302 1256 2316 1291 :
2360 1235 2668 1305 Metumque
2706 1245 2786 1290 est
2822 1246 2996 1290 autem
3042 1237 3235 1290 iterum
3263 1236 3453 1289 bellum
3471 1244 3569 1298 ;,et

1990 1330 2252 1396 superavit
2280 1327 2476 1394 David,
2502 1327 2881 1396 debellavitque
2902 1314 3225 1396 allophylbs,
3264 1335 3313 1380 et
3357 1341 3572 1393 percus-

1990 1420 2057 1472 sit
2087 1437 2174 1474 eos
2196 1421 2358 1489 plaga
2390 1435 2586 1488 magna
2602 1416 2839 1481 valde,et
2867 1416 3113 1485 fugerunt
3143 1414 3329 1484 afacie
3343 1416 3479 1484 ejus.
3501 1414 3571 1473 Et

1988 1510 2163 1578 factus
2197 1518 2277 1561 est
2305 1508 2530 1576 spiritus
2560 1505 2733 1559 malus
2758 1508 2815 1559 in
2833 1504 2965 1559 Saul
2985 1506 3188 1575 :etipse
3204 1507 3266 1583 in
3290 1505 3448 1559 domo
3469 1522 3571 1560 sua

319 1602 484 1659 ὡπου
532 1607 738 1660 αὑτοῦ.
784 1607 895 1660 Kal
938 1608 1175 1677 ἐγένετο
1227 1607 1459 1676 πνεῦμα
1485 1608 1749 1675 πονηρὸν
1790 1609 1881 1661 ἐπι

1989 1596 2370 1662 dormiebat,et
2383 1596 2570 1650 lancea
2587 1596 2642 1648 in
2658 1611 2818 1648 manu
2832 1594 2945 1663 ejus
2962 1609 3150 1662 :porro
3174 1594 3341 1648 David
3373 1594 3570 1663 psalle-

320 1693 540 1746 Σαούλ·
567 1695 665 1748 καὶ
688 1694 871 1759 αὐτὸς
895 1696 964 1747 ἐν
998 1696 1140 1762 οῖκῳ
1170 1695 1491 1759 καθεύδων,
1520 1698 1618 1749 καὶ
1654 1697 1798 1765 δόρυ
1815 1698 1881 1749 ἐν

1991 1688 2078 1740 bat
2098 1685 2339 1740 manibus
2363 1686 2494 1740 suis.
2517 1684 2584 1738 Et
2602 1685 2872 1755 quazrebat
2892 1679 3304 1753 Saulpercntere
3316 1683 3570 1740 Davidcm

318 1778 395 1846 τῇ
427 1782 578 1848 χειρὶ
626 1782 812 1835 αὐτοῦ
834 1801 847 1814 ·
877 1783 974 1836 καὶ
1010 1759 1137 1837 ἰδού
1161 1785 1340 1838 Δαυΐδ
1360 1787 1630 1852 ἔψαλλεν
1656 1759 1734 1840 ἐ)ἐ
1761 1771 1881 1852 ταῖς

1991 1779 2172 1832 lancea
2191 1792 2208 1829 :
2229 1785 2277 1831 et
2292 1776 2570 1830 declinavit
2588 1775 2760 1828 David
2780 1792 2810 1827 a
2833 1775 2968 1842 facie
2985 1774 3140 1839 Saul,
3169 1784 3219 1829 et
3240 1775 3422 1829 lancea
3447 1791 3569 1844 per-

319 1873 535 1938 χερσὶν
545 1873 752 1926 αὐτοῦ.
773 1874 877 1928 Kal
890 1872 1071 1940 ἐζήτει
1085 1874 1282 1928 Σαοὺλ
1293 1874 1546 1939 πατάξω
1562 1875 1627 1927 τὸ
1646 1876 1791 1944 δόρυ
1801 1879 1881 1943 εὶς

1989 1868 2153 1920 cussit
2172 1867 2445 1935 parietem.
2485 1865 2653 1920 David
2687 1874 2865 1918 autem
2901 1866 3112 1919 recessit
3138 1875 3186 1944 et
3209 1866 3446 1919 salvatus
3467 1875 3565 1918 est.

321 1960 521 2014 Δαυῒδ-
542 1963 640 2016 καὶ
654 1963 884 2031 ἀπέστη
908 1965 1088 2018 Δαυῒδ
1109 1965 1176 2017 ἐκ
1201 1964 1522 2034 προσώπου
1548 1940 1767 2031 Σαοὺλ,
1786 1940 1881 2019 real

1987 1955 2057 2009 Et
2092 1956 2294 2024 factum
2329 1964 2407 2010 est
2436 1955 2492 2008 in
2519 1962 2668 2008 nocte
2698 1954 2817 2019 illa,
2855 1953 2998 2007 misit
3020 1940 3232 2007 nuntios
3267 1954 3318 2006 ist
3353 1952 3569 2006 domum

318 2050 580 2115 ἐπάταξε
596 2052 665 2105 τὸ
674 2051 820 2119 δόρυ
843 2055 931 2119 εὶς
944 2053 1050 2107 τὸν
1062 2036 1282 2123 τοῖχονέ.
1314 2055 1424 2108 Kal
1449 2055 1630 2108 Δαυτδ
1656 2057 1881 2124 ἀνεχώ-

1988 2046 2176 2108 David,
2210 2046 2302 2116 qui
2334 2043 2659 2099 custodirent
2688 2044 2861 2106 illum,
2893 2052 2951 2096 ut
2991 2044 3372 2111 interﬁceretur
3392 2059 3565 2099 mane.

311 2155 341 2205 ί
356 2155 466 2206 nae
478 2140 586 2193 καὶ
601 2139 870 2209 διεσώθη.
885 2142 995 2196 Kal
1011 2142 1261 2213 ἐγενήθη
1281 2144 1354 2197 ἐν
1374 2143 1448 2212 τῇ
1467 2145 1639 2197 νυκτὶ
1661 2145 1881 2213 ἐκείνῃ,

1987 2134 2053 2188 Ει
2082 2136 2398 2189 renuntiavit
2437 2134 2629 2187 Davidi
2683 2132 2933 2197 Melcltol,
2973 2148 3109 2186 uxor
3153 2132 3290 2201 ejus,
3336 2132 3514 2187 dicens
3545 2147 3566 2186 :

313 2228 412 2280 καὶ
436 2228 793 2287 ἀπέστειλεν
810 2231 1103 2300 ἀγγέλους
1123 2237 1211 2303 εις
1232 2235 1403 2288 οἷκον
1419 2235 1599 2288 Δαυῒδ
1620 2235 1881 2303 φυλάξαι

1986 2229 2107 2284 Nisi
2139 2231 2427 2284 salvaveris
2458 2229 2691 2282 animam
2726 2238 2870 2281 tuam
2899 2227 2999 2280 hac
3028 2236 3210 2291 nocte,
3244 2243 3363 2281 cras
3396 2228 3564 2281 inter-

310 2318 513 2384 αὑτὸν,
541 2320 648 2374 τοῦ
670 2322 1005 2377 θανατῶσαι
1034 2326 1222 2379 αὐτὸν
1245 2327 1411 2393 πρωΐ.
1424 2325 1534 2379 Kal
1563 2324 1881 2396 ἀνήγγειλε

1983 2323 2199 2390 ﬁcieris.
2242 2321 2310 2374 Et
2343 2321 2554 2375 demisit
2579 2320 2808 2375 Melchol
2838 2318 3090 2373 Davidem
3128 2334 3219 2387 per
3255 2309 3561 2387 fenestram,

312 2405 391 2471 τῷ
415 2408 593 2462 Δαυῒδ
627 2411 892 2479 Μελχὸλ,
926 2415 964 2481 ἠ
1003 2414 1155 2482 γυνὴ
1180 2415 1390 2479 αὐτοῦ,
1419 2414 1703 2485 λέγουσα·
1751 2417 1884 2471 Ἐὰν

306 2495 393 2563 μὴ
439 2496 522 2550 σὺ
567 2499 769 2569 σωθῇς
804 2500 919 2568 τὴν
965 2503 1179 2572 ψυχὴν
1222 2505 1483 2560 σεαυτοῦ
1531 2505 1646 2574 τὴν
1693 2506 1882 2559 νύκτα

313 2587 553 2654 ταύτην,
581 2588 791 2655 αὔριον
818 2592 1233 2662 θανατωθήσῃ.
1256 2594 1363 2648 Kal
1393 2594 1632 2663 κατάγει
1658 2596 1696 2662 ἡ
1719 2598 1879 2648 Μελ-

312 2676 427 2745 χὸλ
455 2677 561 2730 τὸν
594 2677 776 2731 Δαυτδ
799 2677 897 2730 διὰ
930 2678 1040 2746 τῆς
1065 2681 1324 2748 θυρίδος,
1369 2684 1468 2735 καὶ
1504 2683 1739 2751 ἀπῆλθε
1779 2686 1877 2737 καὶ

311 2766 495 2836 ἔφυγε
520 2807 535 2832 ,
583 2768 681 2822 καὶ
731 2767 977 2829 σώζεται
1000 2785 1015 2799 ο
1076 2771 1166 2823 ὅτε
1226 2773 1320 2826 καὶ
1363 2772 1462 2844 τὴν
1511 2775 1880 2845 προκειμένην

316 2855 716 2933 στηλογραιρίαν
747 2858 1057 2931 συντάττει-
1086 2859 1168 2912 διὺ
1197 2862 1614 2932 προγέγραπται
1639 2879 1651 2893 ⁸
1683 2866 1786 2930 Εἰς
1812 2863 1878 2917 τὸ

312 2941 503 3007 τέλος,
518 2942 603 3010 μὴ
620 2942 982 3012 διαφθείρῃς,
998 2945 1078 3011 τῷ
1101 2947 1283 3001 Δαυῒδ
1301 2951 1388 3015 εὶς
1403 2954 1876 3021 στηλοτραφίαν,

1980 2428 2139 2480 porro
2167 2413 2257 2467 ille
2284 2412 2418 2465 abiit
2447 2420 2496 2465 et
2523 2411 2753 2481 aufugit,
2787 2419 2942 2480 atque
2963 2411 3197 2464 salvatus
3225 2416 3302 2463 est
3330 2409 3394 2463 ".
3443 2408 3567 2473 Quo

1982 2510 2225 2569 tempore
2251 2501 2393 2555 hanc
2433 2501 2577 2554 tituli
2602 2501 3017 2569 inscriptionem
3046 2499 3214 2554 edidit
3241 2518 3254 2553 :
3287 2513 3455 2568 quare
3483 2497 3577 2553 sic,

1982 2592 2175 2647 titulus
2201 2591 2364 2645 habet
2392 2611 2405 2645 :
2451 2590 2513 2643 In
2541 2592 2722 2658 finem,
2748 2606 2808 2643 ne
2824 2590 3121 2655 disperdas,
3142 2588 3313 2641 David
3339 2589 3395 2641 in
3420 2586 3565 2640 tituli.

1980 2684 2392 2751 inscriptionem,
2421 2682 2631 2753 quando
2662 2682 2806 2734 misit
2837 2680 2999 2743 Saul,
3051 2689 3102 2733 et
3132 2679 3411 2733 custodiuit
3461 2676 3562 2731 do-

1981 2790 2123 2827 mum
2153 2775 2267 2844 ejus
2293 2814 2309 2839 ,
2348 2784 2405 2829 ut
2434 2790 2554 2828 eum
2586 2773 2926 2841 interﬁceret.
2963 2769 3096 2825 Illud
3130 2784 3281 2848 ergo,
3316 2770 3370 2822 in
3405 2769 3562 2836 ﬁnem

1979 2865 2171 2922 Davidi
2191 2907 2206 2930 ,
2241 2878 2296 2921 et
2328 2865 2486 2929 illud,
2530 2876 2592 2919 ne
2618 2863 2894 2933 disperdas
2915 2902 2932 2928 ,
2963 2869 3017 2917 et
3073 2860 3216 2914 tituli
3250 2860 3561 2926 inscriptio,

1974 2959 2086 3029 jam
2117 2959 2279 3014 tertio
2317 2964 2720 3027 consequenter
2742 2956 2946 3011 dictum
2982 2964 3087 3011 est.
3112 2954 3179 3007 At
3203 2944 3379 3024 primo
3414 2952 3560 3005 aliud

300 3031 491 3130 -όπὸτε
514 3031 835 3091 ἀπέστειλε
858 3036 1059 3089 Σαοὺλ
1081 3076 1096 3101 ,
1124 3038 1223 3097 καὶ
1255 3039 1523 3107 ἐφύλαξε
1565 3042 1674 3095 τὸν
1710 3043 1879 3119 οἶκον

1980 3056 2203 3117 tempus
2235 3046 2521 3111 indicavit,
2543 3061 2640 3116 per
2669 3046 2887 3100 titulum
2918 3044 3127 3101 scilicet
3151 3045 3245 3114 qui
3270 3045 3353 3098 sic
3377 3043 3560 3108 habet,

310 3125 494 3175 αὑτοῦ
531 3125 636 3174 τοῦ
682 3125 1021 3176 θανατῶσαι
1063 3125 1268 3179 αὐτόν.
1314 3127 1387 3179 Τὸ
1426 3128 1524 3196 μὲν
1551 3125 1672 3197 οὖν,
1700 3133 1787 3197 εὶς
1813 3133 1876 3185 τὸ

1982 3137 2208 3204 Quando
2242 3147 2517 3212 tenuerunt
2530 3154 2659 3193 eum
2688 3136 2943 3205 allophyli
2999 3137 3052 3189 in
3085 3135 3214 3190 Geth
3246 3137 3325 3203 “;
3367 3149 3563 3189 secun-

310 3208 483 3274 τέλος
528 3208 605 3274 τῷ
647 3211 847 3277 Δαυῒδ,
893 3215 1104 3279 καὶτὸ,
1144 3215 1230 3284 μὴ
1280 3216 1656 3287 διαφθείρῃς,
1701 3221 1795 3274 καὶ
1839 3222 1878 3289 ἡ

309 3300 739 3368 στηλογραερία,
787 3300 967 3372 τρίτον
994 3302 1092 3374 ἤδη
1127 3306 1339 3375 εἴρηται
1383 3306 1582 3377 ἐφεξῆς
1604 3325 1618 3338 ’
1654 3308 1789 3362 ἀλλὰ
1817 3311 1880 3364 τὸ

312 3383 412 3452 μὲν
442 3386 683 3455 πρῶτον,
726 3389 912 3461 ἕτερον
959 3392 1197 3462 ὲσήμανε
1231 3394 1422 3465 καιρὸν
1445 3432 1461 3458 ,
1504 3394 1563 3447 ὃν
1608 3396 1793 3466 ἐδήλου
1841 3401 1876 3468 η

310 3473 600 3543 προγραφὴ
652 3475 915 3543 λέγουσα·
983 3479 1185 3535 Ὁπότε
1230 3483 1574 3554 ἐκράτησαν
1607 3485 1794 3540 αὐτὸν
1824 3491 1878 3541 ol

308 3559 643 3629 ἀλλόφυλοι
671 3566 740 3618 ἐν
766 3566 883 3620 Γέθ
903 3584 917 3597 ·
951 3568 1011 3624 τὸ
1042 3569 1098 3622 δὲ
1129 3570 1400 3645 δεύτερον,
1439 3574 1535 3627 Ἐν
1564 3573 1644 3640 τῷ
1673 3575 1878 3629 ἀποδι-

307 3648 596 3724 δράσκειν
650 3655 837 3709 αὐτὸν
899 3657 1017 3711 ἀπὸ
1064 3658 1387 3727 προσώπου
1433 3663 1631 3718 Σαοὺλ
1677 3666 1765 3730 εις
1809 3664 1877 3720 τὸ

307 3741 643 3818 σπήλαιον·
680 3745 912 3800 ἐνταῦθα
937 3747 1017 3812 δὲ,
1062 3748 1276 3804 Ὀπότε
1299 3751 1618 3807 ἀπέστειλε
1653 3754 1875 3819 Σαοὺλ,

307 3831 405 3883 καὶ
461 3833 725 3900 ἐφύλαξε
770 3836 879 3890 τὸν
924 3839 1092 3893 οἷκον
1135 3841 1321 3901 αὑτοῦ
1378 3842 1485 3896 τοῦ
1541 3843 1876 3899 θανατῶσαι

305 3923 510 3976 αὐτόν.
539 3924 610 4001 To
638 3925 693 3978 δὲ
718 3926 887 3980 αἴτιον
934 3928 1034 3999 τῆς
1067 3930 1161 3991 τοῦ
1196 3933 1367 3986 Σαοὺλ
1410 3932 1549 3987 κατὰ
1594 3934 1687 3988 τοῦ
1715 3935 1876 3988 Δαυῖδ

304 4012 595 4084 ἐπιϐουλῆς
636 4015 828 4087 φθόνος
869 4012 969 4090 ἦν.,
1009 4020 1225 4093 Ἐπειδὴ
1274 4022 1384 4092 γὰρ
1432 4024 1532 4094 τὴν
1592 4025 1735 4078 κατὰ
1778 4025 1874 4079 τοῦ

303 4102 602 4173 ἀλλοφύλου
634 4106 825 4159 Γολιὰο
856 4109 1026 4178 ἤρατο
1052 4111 1241 4181 νίκην,
1267 4113 1487 4183 ὑμνεῖτό
1512 4131 1570 4169 τε
1601 4115 1693 4168 ἐπὶ
1719 4115 1875 4169 τοῦτο

304 4194 456 4266 παρὰ
501 4198 615 4259 τοῖς
667 4199 825 4263 πᾶσι,
859 4201 1049 4254 τούτου
1091 4202 1251 4273 χάριν
1299 4204 1524 4275 ὡρμᾶτο
1569 4204 1873 4260 θανατῶσαι

303 4283 498 4338 αὐτόν·
546 4287 641 4340 καὶ
684 4289 920 4358 μάλιστα
954 4290 1043 4344 ὅτε
1088 4288 1248 4357 εἶδεν,
1275 4274 1595 4366 ὡςἾΚύριος
1639 4292 1707 4368 ἦν
1738 4297 1876 4367 μετὰ

1978 3228 2049 3281 do
2069 3227 2223 3291 item,
2247 3225 2380 3280 Cum
2404 3227 2602 3296 fugeret
2640 3242 2672 3277 a
2697 3225 2832 3293 facie
2853 3222 3033 3278 Saulis
3061 3226 3116 3277 in
3145 3223 3445 3292 speluncam
3475 3221 3558 3286 ‘7;

1980 3312 2068 3367 hic
2105 3328 2256 3378 vero,
2286 3312 2513 3379 Quando
2542 3311 2689 3364 misit
2741 3310 2905 3375 Saul,
2952 3319 3002 3364 et
3032 3311 3312 3364 custodivit
3343 3309 3558 3362 domum

1977 3402 2091 3470 ejus
2114 3440 2130 3465 ,
2181 3411 2239 3455 ut
2272 3419 2391 3456 eum
2418 3402 2777 3471 interﬁceret.,
2809 3400 2986 3454 Causa
3022 3414 3186 3468 porro
3231 3391 3556 3452 insidiarum

1982 3487 2163 3544 Saulis
2203 3490 2258 3545 in
2293 3490 2571 3555 Davidem,
2596 3489 2802 3544 invidia
2835 3495 2973 3544 erat.
3004 3488 3140 3542 Cum
3169 3489 3314 3542 enim
3345 3472 3413 3541 de
3442 3486 3552 3541 Go-

1979 3580 2113 3634 liath
2149 3580 2438 3650 Allophylo
2468 3579 2753 3634 victoriam
2789 3577 3085 3640 retulisset,
3122 3583 3176 3631 et
3210 3576 3279 3629 ab
3306 3575 3560 3631 omnibus

1977 3684 2041 3723 ea
2068 3667 2135 3723 de
2171 3681 2339 3724 causa
2367 3667 2771 3732 celebraretur,
2809 3666 2932 3720 ideo
2970 3665 3037 3736 ad
3069 3664 3190 3733 ejus
3210 3654 3409 3717 caedem
3440 3663 3559 3717 ani-

1977 3774 2126 3812 mum
2160 3757 2409 3828 appulit:
2446 3756 2684 3811 maxime
2715 3770 2845 3811 vero
2868 3770 2994 3831 cum
3036 3750 3244 3814 videret
3270 3752 3560 3807 Dominum

1975 3864 2098 3904 esse
2134 3864 2259 3903 cum
2291 3847 2496 3904 Davide
2519 3886 2536 3913 ,
2589 3862 2654 3902 ac
2692 3862 2806 3902 rem
2858 3846 3146 3917 perspicue
3199 3842 3557 3916 intelligeret,

1977 3940 2378 4008 universusque
2422 3938 2593 3993 lsrael
2644 3945 2698 3993 et
2748 3936 2886 3990 Juda
2939 3935 3195 3991 Davidem
3255 3928 3563 3994 adamaret.

1976 4030 2132 4084 Tunc
2163 4045 2289 4084 vero
2318 4029 2591 4099 praecipue
2618 4026 2954 4095 inﬂammata
2997 4026 3272 4083 mmulatio
3298 4033 3569 4089 est,,cum.

1975 4120 2283 4175 adverteret
2310 4134 2433 4174 eum
2457 4135 2561 4189 ope
2579 4125 2635 4174 et
2661 4119 2875 4175 auxilio.
2888 4116 2984 4175 Dei
3015 4117 3267 4175 inbellis
3300 4117 3553 4189 superio-

1975 4224 2090 4263 rem
2128 4223 2271 4264 esse.
2306 4208 2396 4261 Ait
2429 4222 2561 4279 ergo
2594 4204 2919 4277 Scriptura:
2962 4205 3032 4261 Et
3079 4205 3207 4260 vidit
3251 4204 3386 4259 Saul
3416 4202 3574 4273 quod;

1975 4297 2233 4352 Dominus
2276 4307 2409 4351 esset
2438 4287 2766 4350 cum'David
2792 4336 2808 4363 ,
2849 4305 2900 4348 et
2945 4296 3116 4348 omnis
3152 4292 3328 4347 Israel
3368 4291 3556 4359 dilige-

299 4374 395 4427 τοῦ
425 4375 604 4441 Δαυτδ,
621 4379 715 4432 καὶ
736 4381 897 4443 αὐτὸς
925 4382 1123 4453 συνῆκε
1151 4383 1373 4456 σφόδρα,
1402 4384 1495 4438 καὶ
1515 4388 1623 4449 πᾶς
1663 4388 1878 4459 Ἰσραὴλ

1980 4397 2054 4441 ret
2103 4404 2243 4441 eum.
2282 4386 2350 4439 Et
2400 4387 2550 4455 coepit
2599 4386 2768 4454 magis
2805 4386 2984 4437 timere
3029 4382 3200 4436 David
3230 4421 3245 4444 ,
3286 4391 3336 4434 et
3380 4380 3553 4448 factus

301 4467 399 4521 καὶ
440 4468 608 4523 Ἰούδα
636 4472 824 4539 ἠγάπα
858 4473 949 4525 τὸν
978 4475 1157 4528 Δαυῖδ.
1186 4476 1308 4531 Ἔτι
1338 4493 1398 4529 τε
1433 4477 1629 4546 μᾶλλον
1661 4479 1868 4549 ἐξήφθη

1980 4487 2042 4531 ιιι
2071 4476 2238 4530 David
2258 4476 2502 4530 inimicus
2516 4474 2648 4528 Saul
2665 4472 2905 4526 omnibus
2921 4471 3101 4525 diebus
3119 4472 3183 4524 ⁸⁸.
3210 4469 3345 4524 Cum
3369 4477 3551 4523 autem

298 4556 369 4609 τὰ
412 4558 509 4629 τῆς
549 4559 913 4631 ζηλοτυπίας,
957 4564 1033 4627 ὡς
1078 4564 1225 4637 ἑώρα
1270 4567 1431 4623 αὐτὸν
1477 4552 1778 4639 κρατοῦντα
1812 4572 1869 4621 ὲν

1980 4564 2159 4617 iterum
2204 4568 2407 4641 motum
2462 4569 2539 4613 est
2588 4559 2821 4620 bellum,
2860 4565 2910 4609 et
2939 4558 3205 4625 superat-it
3232 4555 3427 4623 David,
3458 4556 3551 4609 de-

299 4643 557 4716 πολέμοις
590 4648 879 4720 συνεργειᾳ
922 4652 1015 4706 καὶ
1062 4652 1284 4724 βοηθείᾳ
1321 4652 1476 4706 Θεοῦ.
1506 4656 1667 4722 Λέγει
1702 4655 1745 4707 δ’
1779 4652 1872 4711 οὖν

1980 4652 2285 4719 bellavitque
2324 4648 2647 4718 allopltylos,
2687 4656 2736 4701 et
2778 4647 3036 4715 percussit
3092 4662 3178 4709 eos
3230 4646 3389 4716 plaga
3437 4648 3552 4700 ‘ma-
3650 4668 3653 4669 ν

295 4736 330 4805 ἠ
357 4735 547 4807 Γραφή
566 4754 579 4767 -
611 4738 721 4790 Kal
744 4735 865 4809 εἶδε
890 4740 1109 4809 Σαοὺλ,
1137 4741 1226 4795 ὅτι
1261 4734 1478 4810 Κύριος
1496 4745 1647 4812 μετὰ
1666 4745 1868 4809 Δαυῒδ,

1980 4757 2095 4810 qua,
2131 4748 2180 4794 et
2216 4739 2460 4808 fugerunt
2507 4755 2539 4790 a
2596 4737 2733 4806 facie
2785 4737 2898 4806 ejus
2929 4739 3017 4803 ⁶⁹;
3058 4737 3283 4808 spiritus
3333 4737 3561 4795 invidiae.

293 4821 398 4876 καὶ
438 4822 556 4889 πᾶς
593 4825 830 4893 Ἰσραὴλ
884 4826 1087 4898 ἠγάπα
1136 4833 1342 4886 αὐτόν.
1393 4833 1504 4886 Kal
1543 4834 1871 4901 προσέθετο

1980 4846 2164 4885 rursus
2195 4829 2413 4885 Saulcm
2443 4827 2765 4892 suﬂocahat,
2802 4839 2860 4881 ut
2884 4829 2997 4897 jam
3027 4844 3192 4882 manu
3222 4830 3439 4903 propria
3468 4830 3548 4884 vi-

292 4915 681 4971 εύλαϐεἷσθαι
725 4918 841 4971 ἀπὸ
888 4922 1069 4975 Δαυϊδ
1104 4924 1213 4977 ἐτι.
1257 4925 1364 4979 Kal
1405 4923 1641 4993 ἐγένετο
1690 4923 1872 4978 Δαυτδ

291 5004 511 5073 ἐχθρὸς
549 5005 653 5058 τοῦ
706 5008 904 5062 Σαοὺλ
948 5010 1152 5077 πάσας
1190 5011 1298 5078 τὰς
1346 5013 1588 5083 ἡμέρας.
1628 5013 1782 5066 Ἐπεὶ
1812 5013 1869 5066 δὲ

291 5096 392 5148 καὶ
417 5083 591 5161 αὖθις
614 5099 937 5164 προσέθετο
963 5104 1227 5172 πόλεμος
1253 5104 1550 5171 γενέσθαι,
1592 5106 1689 5158 καὶ
1729 5122 1890 5158 κατ--Δ

290 5183 401 5249 Ισχ
412 5198 521 5235 υσε
546 5184 746 5249 Δαυϊδ,
771 5189 869 5241 καὶ
911 5190 1253 5259 ἐπολέμησε
1289 5192 1428 5257 τοὺς
1455 5193 1864 5262 ἀλλοφύλους,

289 5270 392 5322 καὶ
434 5270 734 5338 ἐπάταξεν
777 5276 846 5328 ἐν
884 5278 1088 5345 αὐτοῖς
1125 5279 1370 5349 πληγὴν
1406 5280 1714 5350 μεγάλην,
1744 5281 1861 5334 ’καὶ

288 5358 522 5428 ἔφυγον
544 5363 613 5416 ἐκ
656 5366 978 5433 προσώπου
1007 5370 1218 5424 αὑτοῦ·
1248 5370 1409 5424 πάλιν
1441 5371 1501 5423 τὸ
1525 5366 1738 5441 πνεῦμα
1768 5358 1862 5424 τοῦ
1890 5364 1891 5367 “

290 5446 491 5517 φθόνου
535 5451 626 5507 τὸν
659 5455 829 5510 Σαοὺλ
877 5457 1135 5528 ἔπνιγεν,
1183 5460 1260 5524 ὡς
1302 5460 1402 5530 ἤδη
1436 5460 1528 5513 καὶ
1573 5462 1863 5533 αὐτόχειρα

293 5539 425 5695 ﬂ:
450 5556 640 5684 ἔκαε.
673 5583 795 5634 xix,
853 5569 1009 5625 8—12.
1100 5573 1167 5645 ﬂ“
1203 5570 1346 5628 Psal.
1388 5548 1487 5640 sv,
1514 5573 1559 5627 1.

1382 5747 1389 5752 ,
1404 5742 1433 5749 ρ

1622 5578 1625 5583 ⁷
1675 5575 1717 5605 ⁸⁷
1758 5572 1897 5628 Psal.

1968 4935 2091 4977 rum
2119 4917 2409 4974 confodere
2449 4919 2627 4973 vellet.
2673 4918 2926 4973 Tentavit
2967 4934 3098 4989 ergo
3136 4920 3323 4976 lancea
3355 4934 3549 4993 percu-

1970 5017 2101 5075 tere,
2139 5018 2192 5065 et
2229 5026 2351 5067 cum
2377 5010 2690 5070 aberrasset
2723 5010 2792 5062 ab
2820 5009 2953 5072 ictu,
2985 5026 3092 5063 non
3121 5011 3261 5067 clam
3294 5010 3543 5073 ulterius,

1968 5099 2063 5153 sed
2093 5101 2290 5169 palam,
2323 5096 2591 5152 missisiu
2627 5097 2848 5153 domum
2874 5096 3041 5155 David
3064 5100 3416 5160 satellitibus,
3446 5088 3543 5152 ne-

1967 5203 2083 5242 cem
2113 5187 2314 5243 inl’erre
2347 5186 2573 5258 cupivit.
2609 5185 2701 5242 Ille
2731 5203 2860 5242 vero
2894 5187 2947 5241 in
2977 5188 3294 5258 hujusmodi
3322 5185 3544 5243 calami-

1968 5286 2077 5332 tate
2109 5285 2429 5346 praasettem
2472 5278 2612 5331 tituli
2646 5278 3060 5347 inscriptionem
3090 5280 3280 5342 edidit,
3309 5275 3542 5331 emisso-
3616 5270 3619 5279 ’

1967 5384 2072 5439 que
2100 5368 2338 5421 clamore
2362 5366 2531 5422 Deum
2577 5376 2831 5437 precatus
2865 5368 2952 5423 his
2994 5370 3176 5423 verbis
3207 5374 3333 5422 est:
3383 5360 3543 5427 Eripe

1968 5472 2048 5509 me
2073 5454 2136 5510 de
2174 5455 2406 5509 inimicis
2456 5456 2605 5521 meis,
2642 5455 2781 5510 Deus
2808 5496 2823 5521 ,
2857 5449 2913 5510 et
2961 5456 3027 5509 ab
3058 5449 3440 5523 insurgentibus
3484 5450 3537 5501 in

1961 5587 2081 5637 LVI,
2120 5570 2165 5622 ι.
2247 5564 2509 5640 “tuos.
2579 5584 2743 5635 mu,
2786 5569 2880 5633 ιι,
2940 5552 3039 5632 ts,
3106 5565 3189 5617 es.
3271 5558 3533 5634 οοιιιιηε.
