4024 6202
461 307 561 365 959

1135 300 1402 357 EUSEBII
1441 296 1922 356 C/ESARIENSIS
1959 297 2117 354 OPP.’
2141 298 2319 353 PARS
2354 297 2441 354 111.
2483 327 2552 339 -—
2596 295 2998 354 EXEGETICA.

3249 261 3281 271 ,ν
3315 261 3323 264 ν

3593 299 3696 355 540

461 431 688 473 numero
734 411 1169 484 comprehendit,
1217 425 1433 467 necnon
1482 426 1577 466 eos
1622 411 1717 481 qui
1747 411 1838 465 tali
1866 411 2028 465 modo

2130 410 2450 478 κτειρήσῃς
2498 416 2731 475 πάντας
2770 410 2910 475 τοὺς
2951 406 3370 477 ἐργαζομένους
3411 407 3525 476 τήν
3559 410 3700 463 ἀνο-

460 507 588 560 olim
612 506 666 558 in
694 504 893 559 lsraele
930 503 1107 557 allecti
1128 508 1305 556 erant.
1331 498 1474 567 Quid
1498 501 1643 555 enim
1667 500 1902 569 amplius
1949 501 2031 554 fa-

460 603 607 649 ctum
642 592 792 646 Sauli
815 591 941 654 fuit,
970 592 1063 660 qui
1092 605 1290 661 genere
1333 590 1556 659 quidem
1584 590 1653 643 ab
1680 589 1851 643 Israel
1871 597 2030 644 ortus

456 687 601 742 erat,
633 694 697 734 ex
729 679 877 737 tribu
908 677 1209 746 Benjamin,
1239 676 1331 746 qui
1372 677 1509 730 tanti
1538 676 1722 745 populi
1750 689 1846 728 rex
1876 675 2033 728 inau-

459 777 687 836 guratus
703 767 901 832 fuerat,
925 769 1129 837 quique
1156 775 1308 820 tanta
1331 767 1387 820 in
1409 779 1628 820 cassum
1651 771 1704 820 et
1730 764 1847 819 sine
1864 778 2031 819 causa

460 858 726 913 adversus
774 873 920 920 eum,
955 858 1049 927 qui
1085 872 1144 912 se
1187 855 1326 910 nihil
1379 855 1633 921 laesisset,
1683 854 2029 908 machinatus

461 947 677 1002 fuerat?
703 947 858 1012 Quod
888 949 932 1003 si
976 948 1069 1001 alii
1122 954 1314 1016 postea
1345 946 1693 1015 reperiantur
1726 944 1821 1014 qui
1879 942 2030 999 Sauli

460 1036 633 1106 gestis
659 1035 838 1090 allinia
868 1037 1200 1091 meditentur
1221 1035 1307 1090 vel
1337 1042 1628 1105 peragant;
1672 1049 1781 1089 non
1805 1049 1871 1088 eo
1894 1033 2029 1087 tales

461 1127 694 1183 salutem
721 1128 984 1199 consequi
1026 1141 1316 1182 necessum
1358 1133 1466 1190 est,
1495 1125 1638 1195 quod
1672 1139 1737 1179 es
1764 1132 1856 1178 tua
1904 1139 2030 1193 por-

464 1217 614 1272 tione
644 1231 769 1273 esse
792 1224 1145 1286 reputentur;
1188 1225 1246 1270 ut
1280 1230 1312 1271 e
1339 1206 1608 1269 converso
1663 1213 1710 1267 si
1740 1213 1832 1282 qui
1888 1212 2030 1267 inter

460 1312 761 1365 extraneas
805 1314 995 1376 gentes
1047 1305 1212 1361 saluti
1275 1303 1458 1359 idonei
1514 1308 1670 1365 sunt,
1700 1300 1839 1355 nihil
1882 1301 2030 1355 obsit

460 1399 780 1470 quominus,
817 1413 916 1469 pro
948 1399 1159 1452 ratione
1193 1396 1440 1466 iustitiae,
1484 1394 1796 1450 visitatione
1825 1400 1917 1445 tua
1947 1392 2027 1445 di.

457 1496 716 1560 gnentur.
743 1487 935 1557 ,Quare
962 1487 1108 1552 dico,
1142 1485 1352 1543 intende
1405 1485 1474 1539 ad
1514 1481 1803 1543 visitandns
1854 1498 2029 1537 omnes

459 1587 670 1648 gentes;
702 1580 772 1634 iis
803 1593 933 1633 vero
960 1578 1053 1647 qui
1081 1575 1776 1654 cperanturiuiquitatem,
1802 1588 1869 1627 ex
1894 1587 2031 1641 quo-

462 1670 544 1724 vis
572 1684 772 1739 genere
800 1669 907 1723 orti
930 1668 1067 1733 sint,
1093 1682 1165 1727 ne
1207 1665 1541 1722 miserearis.
1572 1662 1873 1731 Operantes
1901 1676 2030 1716 vero

2125 500 2288 568 μίαν.
2317 499 2502 573 Δέγων
2524 498 2581 551 δὲ
2609 499 2945 571 ἀδιορίστως,
2971 498 3218 561 πάντας,
3244 497 3339 550 καὶ
3360 497 3451 550 τὸν
3484 498 3707 568 Ἰσραὴλ

2133 588 2678 659 συμπαραλαμβάνει,
2720 590 2812 643 καὶ
2843 591 2970 652 τοὺς
3004 591 3062 641 ἐν
3095 586 3242 657 αὐτῷ
3270 587 3435 640 πάλαι
3465 590 3696 657 γενομέδ

2129 695 2253 740 νους
2278 678 2573 741 τοιούτους.
2604 680 2669 731 Τί
2695 679 2804 751 γὰρ
2836 682 2930 731 καὶ
2972 678 3132 731 πλέον
3175 677 3388 749 γέγονε,
3429 678 3583 747 φησὶ,
3616 678 3697 747 τῷ

2128 769 2321 843 Σαοὺλ,
2343 768 2404 821 τὺ
2435 769 2530 839 μὲν
2556 770 2709 836 γένος
2736 769 2843 821 ἀπὸ
2872 768 2966 821 τοῦ
3006 767 3218 838 Ἰσραὴλ
3246 768 3572 839 ὁρμωμένῳ,
3600 769 3696 820 καὶ

2129 856 2301 927 φυλῆς
2328 858 2604 928 Βενιαμὶν,
2636 858 2847 928 βασιλεῖ
2873 859 2928 911 δὲ
2958 858 3051 911 τοῦ
3081 857 3333 910 τοσούτου
3359 857 3543 922 ἔθνους
3562 850 3695 911 καθ-

2133 946 2421 1016 ισταμένῳ,
2455 945 2691 1000 τοσαῦτα
2722 947 2779 999 δὲ
2811 947 2932 1016 εἰκῆ
2960 947 3052 999 καὶ
3081 946 3254 1015 μάτην
3283 945 3424 999 κατά
3454 945 3554 999 τοῦ
3594 964 3697 1016 μη-

2128 1036 2217 1090 δὲν
2248 1036 2565 1108 ἠδικηκότος
2594 1037 2992 1109 ἐπιχειροῦντι;
3035 1037 3098 1089 El
3141 1036 3197 1088 δὲ
3242 1031 3333 1089 οὖν
3374 1036 3444 1090 τὰ
3494 1037 3698 1106 ἀδελφά

2127 1127 2206 1198 τῷ
2230 1127 2403 1181 Σαοὺλ
2425 1127 2745 1198 φρονοῦντές
2768 1144 2826 1179 τε
2850 1127 2941 1180 καὶ
2959 1125 3289 1197 πράττοντες
3307 1126 3545 1194 γένοιντό
3564 1145 3693 1180 ποτε

2128 1218 2326 1289 ἕτεροι,
2357 1218 2419 1271 οὐ
2454 1217 2602 1286 παρὰ
2632 1204 2787 1271 τοῦτο
2829 1214 3092 1280 σώζεσθαι
3141 1217 3337 1280 αὐτοὺς
3369 1218 3577 1287 ἀνάγκη
3607 1218 3697 1270 διά

2127 1311 2188 1363 τὸ
2211 1308 2522 1379 νομίζεσθαι
2551 1309 2650 1378 τῆς
2684 1308 2783 1377 σῆς
2813 1308 3027 1378 μερίδος
3065 1303 3223 1359 εἶναι·
3263 1306 3339 1369 ὼς
3376 1306 3606 1377 ἔμπαλιν
3634 1310 3696 1360 ἐν

2127 1399 2240 1461 τοῖς
2266 1395 2582 1465 ἀλλοφύλοις
2632 1396 2860 1460 ἔθνεσιν,
2893 1396 2942 1448 εί
2974 1393 3306 1465 εὑρίσκοιντο
3332 1409 3470 1456 τινες
3498 1395 3698 1461 ἐπιτη-

2128 1485 2285 1547 δείως
2317 1485 2528 1554 ἔχοντες
2571 1483 2709 1554 πρὸς
2749 1484 3043 1554 σωτηρίαν,
3082 1480 3235 1535 οὐδὲν
3266 1481 3332 1535 ἂν
3366 1481 3554 1534 κωλύοι
3587 1481 3697 1550 τῆς

2131 1575 2226 1645 σῆς
2260 1574 2566 1644 ἐπισκοπῆς
2598 1574 2794 1637 αὐτοὺς
2829 1575 3012 1643 τυχεῖν
3056 1572 3199 1626 κατά
3239 1573 3330 1626 τὸν
3366 1572 3459 1625 τοῦ
3486 1571 3695 1625 δικαίου

2080 1712 2087 1736 1
2129 1667 2305 1735 λόγον.
2325 1666 2415 1718 Διό
2432 1683 2593 1736 φημι·
2614 1667 2885 1733 Πρόσχες
2911 1664 3017 1718 τοῦ
3039 1663 3483 1732 ἐπισκέψασθαι
3501 1662 3698 1718 πάντα

461 1734 804 1825 iniquitatem
838 1771 1004 1825 supra
1043 1768 1262 1824 quoque
1296 1746 1563 1808 memorat
1597 1752 1786 1807 dicens
1824 1769 1837 1804 :
1870 1748 2028 1817 Eripe

2130 1734 2211 1809 τάί
2229 1757 2392 1824 έθνηι
2416 1734 2542 1818 τοδε
2564 1755 2623 1810 δὲ
2645 1751 3039 1826 ἐργαζομένους
3061 1754 3160 1823 τὴν
3186 1753 3437 1823 ἀνομίαν,
3465 1752 3586 1806 ὅθεν
3602 1752 3697 1823 δή-

462 1860 543 1901 nte
568 1844 632 1899 de
657 1845 996 1913 operantibus
1028 1844 1380 1913 iniquitatem,
1411 1842 1540 1895 etde
1571 1841 1697 1894 viris
1713 1839 2026 1908 sanguinum

2133 1864 2264 1900 ποτε
2296 1844 2425 1911 εἶεν,
2463 1845 2541 1916 μὴ
2574 1846 2939 1918 οίκτειρήοῃς.
2985 1844 3272 1914 Μέμνηται
3302 1843 3360 1896 δὲ
3388 1843 3496 1896 τῶν
3534 1844 3701 1913 ἐργα-

461 1935 615 1988 salva
641 1949 741 1987 me.
776 1934 870 1988 Sic
900 1933 1131 1987 vocabat
1157 1946 1253 1987 eos
1284 1932 1377 1999 qui
1413 1930 1681 1984 Salvatori
1710 1936 1900 1983 nostro
1927 1929 2031 1981 im-

2134 1936 2374 2005 ζομένων
2394 1935 2492 2005 τὴν
2513 1935 2741 2005 ἀνομίαν
2769 1936 2864 1988 καὶ
2895 1934 3149 2004 ἀνωτέρω
3169 1933 3359 2001 λέγων’
3395 1933 3606 1995 Ῥῦσαί
3620 1949 3700 2000 με

462 2025 582 2096 pias
611 2025 844 2079 intulere
876 2036 1092 2077 manus.
1135 2020 1365 2076 Eosdem
1392 2036 1610 2091 quoque
1651 2017 2031 2075 subindicahat

2130 2026 2200 2079 ἐκ
2222 2025 2341 2079 τῶν
2373 2024 2780 2093 ἐργαζομένων
2801 2024 2918 2094 τὴν
2947 2024 3223 2092 ἀνομίαν,
3252 2023 3352 2075 καὶ
3372 2014 3441 2085 ἐξ
3464 2020 3701 2090 ἀνδρῶν

464 2116 520 2167 in
545 2130 633 2168 Ltv
656 2115 865 2187 psalmo
915 2112 1125 2175 dicens,
1187 2111 1461 2176 Quoniam
1487 2109 1594 2165 vidi
1626 2110 1954 2178 iniquitatem
1981 2116 2031 2165 et

462 2203 933 2259 contradictionem
959 2203 1015 2255 in
1069 2201 1276 2257 civitate
1299 2217 1317 2253 :
1352 2202 1435 2261 die
1465 2215 1526 2252 ac
1555 2208 1703 2253 nocte
1729 2198 2029 2251 circumda-

464 2292 539 2346 bit
561 2288 679 2346 eam
699 2292 775 2356 7";
802 2306 865 2345 ac
882 2304 1103 2357 rursus;
1144 2291 1640 2346 Contaminaverunt
1663 2298 2029 2343 testamentum

462 2385 598 2450 ejus,
622 2384 776 2437 divisi
798 2391 919 2437 sunt
955 2383 1020 2435 ab
1052 2385 1135 2437 ira
1187 2383 1362 2438 vultus
1382 2384 1509 2451 ejus
1540 2382 1626 2449 7';
1679 2382 1985 2451 iterumque
2012 2399 2026 2436 :

476 2476 590 2531 Viri
621 2475 935 2545 sanguinum
958 2483 1006 2528 et
1027 2473 1198 2529 dolosi
1228 2492 1332 2530 non
1358 2472 1714 2529 dimidiabunt
1736 2473 1848 2527 dies
1873 2489 2026 2527 suos:

461 2581 554 2635 ego
580 2574 755 2618 autem
784 2566 841 2617 in
869 2574 918 2619 te
944 2564 1164 2633 sperabo
1194 2565 1261 2618 ⁷⁸.

2133 2116 2391 2184 αίμάτων
2423 2114 2631 2169 σῶσόν
2663 2132 2759 2184 με.
2791 2114 2947 2168 Οὕτω
2971 2114 3029 2168 δὲ
3063 2113 3246 2168 ἐκάλει
3275 2114 3403 2175 τοὺς
3432 2112 3575 2166 κατά
3600 2113 3696 2164 τοῦ

2134 2204 2385 2273 Σωτῆρος
2430 2203 2587 2273 ἡμῶν
2635 2202 2826 2266 ἀθέους
2866 2202 3266 2270 ἐπενέγκαντας
3307 2201 3509 2271 χεῖρας.
3556 2201 3694 2262 Τοὺς

2134 2291 2329 2354 αὐτοὺς
2360 2289 2416 2342 δὲ
2452 2290 2695 2360 ᾐνίττετο
2722 2290 2815 2341 καὶ
2845 2291 2903 2343 ἐν
2936 2288 3007 2342 νδ⁹
3037 2288 3233 2359 ψαλμῷ
3255 2285 3446 2356 λέγων·
3477 2289 3595 2340 Ὅτι
3615 2283 3698 2340 εἷ-

2133 2381 2242 2435 δον
2267 2381 2521 2450 ἀνομίαν
2546 2380 2645 2434 καί
2670 2380 3105 2449 ἀντιλογίανὲν
3126 2378 3203 2447 τῇ
3230 2380 3422 2433 πόλει.
3456 2378 3695 2447 Ἡμέρας

2134 2472 2234 2526 καί
2263 2472 2484 2538 νυκτὸς
2520 2471 2818 2525 κυκλώσει
2854 2468 3066 2536 αὐτήνο
3108 2470 3204 2523 καὶ
3235 2469 3414 2524 πάλιν·
3473 2468 3703 2534 Ἐϐεϐή-

2143 2565 2341 2616 ιωσαν
2376 2562 2489 2630 τὴν
2528 2560 2819 2629 διαθήκην
2857 2559 3064 2628 αὑτοῦ,
3103 2559 3565 2631 διεμερίσθησαν
3595 2560 3698 2613 ἀπ’

463 2660 649 2729 ὀργῆς
694 2659 800 2714 τοῦ
836 2658 1161 2729 προσώπου
1204 2660 1413 2714 αὐτοῦ’
1457 2659 1551 2712 καὶ
1588 2654 1762 2721 αὖθις·
1834 2655 2071 2725 Ἄνδρες
2105 2657 2374 2729 αΙμάτων
2397 2655 2493 2711 καὶ
2542 2654 2890 2725 δολιότητος
2926 2655 2999 2709 σύ
3028 2652 3115 2725 μὴ
3156 2654 3530 2725 ᾐμισεύσωσι
3592 2651 3703 2716 τὰς

464 2750 688 2820 ἡμέρας
712 2747 928 2804 αὐτῶν·
962 2747 1079 2817 ἐγὼ
1101 2748 1170 2801 δὲ
1199 2749 1293 2801 ἐπὶ
1326 2748 1401 2801 σὲ
1421 2745 1628 2800 ἐλπιῶ.

536 2860 701 2916 Vens.
738 2861 792 2924 Ἰ,
824 2861 910 2915 12.
947 2858 1326 2915 Convertentur
1353 2856 1421 2910 ad
1448 2873 1732 2925 vesperam,
1756 2869 1805 2911 et
1839 2859 2031 2925 {alitem

464 2952 735 3027 patientur
766 2960 822 3003 ut
854 2950 1024 3011 canis,
1053 2956 1103 3001 et
1125 2947 1417 3001 circuibunt
1436 2946 2031 3016 civitatempostquam

2222 2854 2718 2922 Ἐπιστρέψουσιν
2751 2857 2840 2921 είς
2880 2854 3162 2924 ἑσπέραν,
3202 2853 3300 2941 καί
3335 2854 3705 2924 λιμώξουσιν

2136 2949 2219 3013 ὡς
2245 2948 2423 3013 κύων,
2463 2946 2559 2999 καὶ
2592 2944 2979 2999 κυκλώσουσι
3014 2947 3215 2999 πόλιν.
3246 2944 3458 3015 Σφόδρα
3484 2945 3705 2998 ἀκολούο

466 3041 837 3095 visitationem
875 3038 1117 3109 gentium
1145 3045 1202 3091 et
1258 3036 1520 3091 ultionem
1554 3037 1894 3106 operantium
1928 3037 2031 3089 iui-

2133 3036 2240 3101 θως
2277 3033 2580 3104 ἐπισκοπὴν
2621 3034 2730 3087 τῶν
2770 3033 2937 3087 ἐθνῶν
2980 3032 3260 3096 ίκετεύσας
3291 3032 3563 3101 γενέσθαι,
3594 3034 3705 3087 τῶν

467 3129 733 3197 quitatem
766 3126 881 3181 ﬁeri
916 3126 1146 3196 rogavit,
1189 3124 1481 3180 admodum
1512 3134 1911 3195 consequenter
1963 3124 2033 3180 ita

471 3226 657 3288 postea
683 3217 1012 3272 vaticinatur
1043 3233 1057 3271 :
1090 3214 1468 3274 Convertentur
1492 3216 1562 3268 ad
1595 3231 1872 3285 vesperam.
1903 3216 2035 3282 Qui.

468 3319 597 3360 nam
643 3304 744 3369 illi,
796 3304 904 3358 nisi
947 3304 1044 3374 qui
1092 3311 1390 3373 operantur
1440 3304 1809 3374 iniquitatem,
1844 3314 1898 3359 et
1935 3305 2035 3358 viri

464 3395 832 3465 sanguinum'!
856 3393 967 3448 Cur
999 3400 1181 3447 autem
1212 3392 1282 3446 ad
1326 3409 1591 3463 vesperam
1610 3397 1636 3449 ἓ
1658 3385 1789 3464 quia
1813 3396 1876 3448 in
1899 3410 2034 3451 con-

467 3482 833 3563 summatione
861 3482 1044 3537 saeculi
1063 3481 1176 3541 haec
1195 3480 1374 3535 futura
1390 3491 1564 3537 erant.
1584 3481 1689 3536 Pro
1715 3483 1808 3537 illo
1829 3492 2033 3549 autem,

467 3555 540 3631 Εῖ
557 3575 747 3645 [amem
765 3576 1031 3645 patientur
1053 3583 1110 3627 ut
1135 3575 1304 3638 canis,
1331 3573 1548 3644 Aquila,
1567 3574 1635 3629 Et
1658 3576 2037 3631 tumultuentur

467 3675 525 3719 ut
577 3667 758 3729 canis;
813 3664 1195 3735 Symmachus,
1241 3663 1311 3716 Et
1363 3674 1689 3735 constrepent
1744 3674 1803 3718 ut
1847 3681 2033 3729 canes;

467 3752 793 3818 Theodotio,
863 3752 933 3805 Et
987 3752 1415 3821 vociferabantur
1441 3762 1498 3807 ut
1558 3754 1725 3817 canis,
1760 3762 1814 3811 et
1846 3758 2034 3822 quinta

467 3844 636 3897 editio
668 3842 937 3905 similiter,
966 3841 1049 3901 ,Et
1076 3841 1496 3909 vociferabantur
1525 3853 1581 3896 ut
1627 3860 1803 3898 canes.
1833 3843 2035 3913 Propa-

470 3933 581 3986 lam
594 3932 747 3987 hisce
763 3931 977 3993 verbis,
1008 3946 1105 3986 eos
1129 3932 1221 4001 qui
1250 3946 1375 3985 sero
1404 3934 1644 3998 tandem,
1667 3942 1911 4001 tempore
1938 3932 2034 3987 ad-

470 4025 667 4075 ventus
693 4017 997 4077 Salvatoris
1023 4018 1222 4080 nostri,
1252 4018 1474 4086 perinde
1504 4026 1668 4089 atque
1700 4018 1829 4074 Saul
1876 4020 2034 4074 inno-

374 4122 379 4131 ·
469 4107 1151 4177 centem‘insequebatur,
1205 4107 1282 4161 ita
1307 4115 1363 4162 et
1410 4108 1512 4177 ipsi
1540 4104 1741 4163 bellum
1771 4110 2033 4167 adversus

463 4198 745 4254 Christum
768 4196 865 4253 Dei
899 4196 1206 4265 suscepturi
1247 4204 1426 4262 erant,
1477 4212 1643 4254 canes
1672 4202 2030 4268 nuncupavit.

465 4289 778 4357 Quinetiam
841 4303 939 4357 per
1002 4288 1320 4357 prophetam
1379 4287 1573 4342 Isaiam
1624 4290 1741 4357 ipse
1796 4290 2033 4358 Spiritus

465 4389 691 4438 sanctus
713 4380 829 4435 haec
846 4379 1091 4435 declarat
1126 4394 1141 4432 :
1177 4378 1369 4434 Omnes
1399 4396 1553 4433 canes
1590 4381 1723 4433 muti
1750 4384 2032 4440 nescientes

352 4498 361 4503 ~
468 4469 668 4525 latrare
699 4469 781 4534 7’;
808 4478 862 4522 et
890 4468 943 4521 in
978 4482 1070 4520 nt
1111 4467 1344 4537 psalmo,
1380 4469 1472 4537 qui
1506 4466 1808 4525 Salvatoris
1857 4473 2032 4527 nostri

464 4559 748 4613 cruciatus
777 4557 1063 4621 describit,
1086 4571 1154 4612 ex
1201 4556 1333 4627 ejus-
1358 4555 1657 4613 Salvatoris
1684 4575 1916 4628 persona
1949 4562 2034 4616 di-

465 4646 610 4700 citur
654 4661 668 4696 :
723 4644 1193 4698 Circumdederunt
1236 4663 1319 4700 me
1350 4662 1503 4700 canes
1535 4650 1711 4713 multi,
1754 4648 2030 4703 comitium

466 4735 871 4802 malignantium
901 4734 1100 4787 obsedit
1135 4725 1221 4789 nte
1256 4736 1325 4789 ".
1375 4735 1479 4802 Qui
1536 4738 1702 4808 igitur
1738 4748 2032 4807 operantur

466 4821 911 4888 iniquitatem,et
964 4820 1069 4874 viri
1122 4823 1475 4893 sanguinum,
1508 4827 1614 4880 etsi
1656 4827 2030 4896 jam.multum

465 4910 676 4964 viribus
718 4910 919 4967 valere.
968 4918 1025 4965 et
1068 4912 1135 4966 ad
1167 4912 1408 4982 presens
1466 4925 1680 4985 tempus
1711 4932 1936 4987 regnum
1971 4927 2030 4973 ut

468 4997 600 5052 Saul
619 4997 863 5053 obtinere
894 4999 1207 5067 videantur;
1255 5010 1310 5056 at
1358 5011 1629 5074 quotquot
1655 5005 1832 5059 allinia
1857 4996 2029 5076 ipsius

465 5086 634 5157 gestis
658 5086 966 5151 ediderunt,
983 5099 1375 5147 convertentur
1397 5095 1638 5159 tandem,
1670 5102 1724 5150 et
1753 5095 1820 5150 ad
1839 5112 2030 5167 vespc~

466 5192 580 5230 ram
591 5178 1086 5249 tumultuabuntur,
1101 5195 1165 5237 ac
1176 5182 1645 5247 vociferabantur:
1662 5187 1796 5241 nihil
1811 5189 2028 5258 quidem

465 5268 795 5339 articulatim
838 5270 1153 5340 loquentur,
1186 5288 1363 5352 neque
1409 5292 1475 5330 cx
1508 5279 1816 5335 rationabili
1849 5289 2030 5339 mente

406 5370 417 5379 ’
463 5359 937 5427 verha‘memoria
986 5360 1152 5432 digna
1192 5362 1506 5432 prolérent;
1566 5368 1662 5424 sed
1714 5371 1940 5439 perinde
1971 5379 2030 5426 ut

464 5459 628 5501 canes
688 5445 927 5504 ululatus
983 5450 1230 5506 emittent
1276 5467 1552 5524 vocesque
1604 5460 2028 5517 contumeliosas

2133 3142 2192 3179 τε
2222 3123 2603 3195 ἐργαζομένων
2632 3123 2731 3195 τὴν
2760 3113 2992 3194 ἀνομίαν
3025 3121 3321 3194 ἐκδίκησιν,
3356 3120 3485 3195 ἑξῆς
3515 3120 3703 3174 θεσπί-

2135 3214 2216 3279 ζει
2260 3210 2502 3283 φάσκωνλ
2561 3213 3065 3281 Ἐπιστρέψουσιν
3099 3214 3186 3279 εὶς
3221 3210 3501 3279 ἑσπέραν.
3546 3211 3705 3275 Τίνες

2132 3304 2190 3357 δὲ
2228 3298 2372 3358 οῦτοι
2413 3302 2527 3356 ἀλλ’
2555 3305 2602 3355 οί
2632 3301 2988 3379 ἐργαζόμενοι
3016 3302 3113 3373 τὴν
3146 3303 3373 3372 ἀνομίαν
3408 3302 3503 3355 καὶ
3531 3303 3580 3355 οί
3606 3302 3703 3355 άν-

2132 3394 2256 3463 δρες
2295 3393 2403 3446 τῶν
2445 3392 2725 3463 αἱμάτων;
2768 3392 2867 3447 Διά
2905 3393 2957 3446 τί
2992 3392 3050 3446 δὲ
3078 3395 3162 3456 είς
3184 3391 3481 3460 ἐσπέραν;
3513 3391 3703 3462 ἐπειδὴ

2133 3484 2227 3536 ἐπὶ
2263 3482 2536 3553 συντελείᾳ
2573 3481 2667 3536 τοῦ
2709 3482 2901 3547 αίῶνος
2948 3483 3148 3555 ἤμελλε
3189 3482 3361 3537 ταῦτα
3398 3481 3699 3551 γίγνεσθαι.

2146 3573 2290 3626 ’Δντὶ
2309 3573 2366 3626 δὲ
2391 3574 2506 3638 τοῦ,
2536 3574 2645 3628 Kal
2671 3573 3134 3642 λιμώξουσινὼς
3157 3574 3336 3636 κύων,
3363 3574 3393 3625 δ
3414 3573 3513 3643 μὲν
3544 3570 3706 3624 ’Δκύ-

2134 3663 2252 3727 λας,
2276 3663 2385 3716 Kal
2419 3663 2858 3730 όχλασάτωσαν
2883 3663 2963 3728 ὡς
2990 3664 3171 3727 κύων,
3202 3662 3564 3733 ἡρμήνευσεν⁹
3589 3662 3619 3712 ὁ
3643 3660 3702 3713 δὲ

2135 3753 2448 3825 Σύμμαχος,
2482 3756 2594 3809 Kal
2621 3755 3089 3824 συνηχήσουσιν
3109 3754 3190 3820 ὡς
3213 3754 3427 3818 κύνες-⁷
3443 3754 3471 3804 ὁ
3495 3752 3552 3805 δὲ
3574 3751 3705 3804 Θεο-

2132 3844 2342 3911 δοτίων,
2381 3844 2492 3898 Καὶ
2534 3844 2882 3913 ήχήσουσιν
2919 3846 3000 3910 ὡς
3046 3846 3225 3897 κύων·
3273 3845 3367 3896 καὶ
3402 3846 3438 3913 ἡ
3478 3843 3702 3913 πέμπτη

2133 3934 2341 3998 ἐκδοσις
2379 3936 2601 4006 ὁμοίως,
2629 3935 2739 3990 Kal
2778 3922 3125 4005 ἠχήσουσιν
3157 3936 3237 4001 ὠς
3277 3936 3475 3999 κύνες.
3522 3934 3704 3985 Ἀντι-

2133 4042 2268 4097 κρυς
2291 4026 2349 4079 δὲ
2375 4026 2463 4080 διὰ
2487 4026 2688 4081 τούτων
2711 4025 2839 4089 τοὺς
2868 4025 2966 4095 ὀψέ
2992 4042 3123 4079 ποτε
3157 4024 3298 4077 κατά
3328 4026 3458 4087 τοὺς
3481 4023 3703 4095 χρόνους

2132 4116 2232 4185 τῆς
2273 4115 2366 4169 τοῦ
2418 4117 2668 4186 Σωτῆρος
2719 4115 2877 4186 ⁴ἡμῶν
2922 4115 3159 4184 ἀφίξεως
3205 4114 3408 4185 ὁμοίως
3454 4113 3546 4185 τῷ,
3580 4114 3701 4166 τότε

2132 4206 2326 4272 Σαοὺλ,
2365 4206 2456 4259 τὸν
2482 4206 2721 4259 ἀναίτιον
2747 4205 3018 4271 διώξαντι,
3052 4204 3343 4276 μέλλοντας
3376 4205 3473 4258 καὶ
3507 4204 3704 4266 αὐτοὺς

2133 4295 2223 4350 τὸν
2258 4297 2491 4367 Χριστὸν
2535 4296 2629 4349 τοῦ
2672 4296 2807 4349 Θεοῦ
2862 4296 3138 4367 πολεμεῖν,
3185 4295 3352 4361 κύνας
3399 4295 3697 4365 ὠνόμασεν.

2066 4369 2109 4424 D
2149 4385 2302 4438 Ἐπεὶ
2342 4385 2436 4438 καὶ
2476 4384 2565 4437 διὰ
2595 4383 2693 4437 τοῦ
2728 4386 3006 4456 προφήτου
3046 4385 3265 4438 Ἡσαΐου
3298 4385 3363 4437 τὸ
3392 4385 3524 4439 αὐτὸ
3551 4385 3703 4453 ἅγιον

2138 4474 2360 4544 Πνεῦμα
2406 4476 2535 4545 περὶ
2578 4474 2687 4527 τῶν
2737 4475 2916 4529 αὐτῶν
2958 4474 3199 4528 διδάσκει
3247 4473 3424 4541 λέγονο
3475 4474 3704 4539 Πάντες

2136 4563 2317 4627 κύνες
2341 4563 2495 4616 ἐνεοί
2524 4565 2641 4616 οὐκ
2670 4563 2895 4629 ειδότες
2924 4561 3228 4617 ὑλακτεῖν·
3262 4562 3356 4615 καὶ
3375 4564 3435 4615 ἐν
3457 4569 3545 4616 κα¹
3564 4562 3701 4630 ψαλ-

2139 4652 2244 4723 μῷ,
2274 4651 2343 4705 τὰ
2374 4652 2518 4723 πάθη
2549 4652 2642 4705 τοῦ
2671 4653 2921 4724 Σωτῆρος
2943 4652 3099 4724 ἡμῶν
3125 4653 3496 4723 διαγράφοντι,
3521 4653 3579 4719 ἐξ
3606 4654 3703 4706 αὺ-

2133 4743 2226 4795 τοῦ
2259 4743 2546 4814 προσώπου
2583 4744 2828 4809 λέλεκται
2865 4743 2960 4796 τοῦ
2994 4743 3264 4814 Σωτῆρος·
3300 4744 3702 4811 Περιεκύκςιω-

2134 4831 2256 4886 σάν
2275 4850 2352 4902 με
2377 4835 2558 4899 κύνες
2587 4833 2825 4896 πολλοὶ,
2855 4834 3175 4902 συναγωγὴ
3209 4833 3711 4919 πονηρευομένων.

2134 4923 2455 4992 περιέσχον
2473 4940 2565 4992 με.
2606 4926 2668 4976 υἱ
2702 4920 2795 4976 οὖν
2826 4922 3182 4994 ἐργαζόμενοι
3219 4927 3319 4996 τὴν
3353 4925 3580 4995 ἀνομίαν
3609 4924 3703 4978 καὶ

2134 5016 2184 5068 οί
2212 5014 2403 5085 ἄνδρες
2428 5014 2537 5067 τῶν
2560 5014 2827 5084 αἱμάτων,
2857 5016 2907 5067 εί
2927 5016 3020 5068 καὶ
3048 5013 3120 5067 τά
3153 5014 3385 5085 μάλιστα
3410 5014 3506 5069 νῦν
3534 5015 3701 5068 πολλά
3780 5075 3799 5086 ,

2133 5107 2388 5160 δύνασθαι
2423 5106 2660 5170 δοκοῦσι,
2690 5107 2784 5159 καὶ
2810 5106 2907 5177 τῆς
2938 5105 3214 5175 βασιλείας
3248 5107 3470 5177 κρατεῖν
3510 5106 3702 5178 ὥσπερ

2135 5197 2308 5250 Σαοὺλ
2347 5197 2485 5261 τέως
2525 5197 2618 5250 ἐπὶ
2644 5196 2737 5250 τοῦ
2770 5197 3052 5268 παρόντος,
3078 5195 3213 5249 ἀλλά
3237 5197 3438 5261 πάντες
3467 5214 3531 5265 γε
3552 5198 3598 5249 ol
3631 5196 3701 5248 τὰ

2134 5286 2335 5355 ἀδελφά
2353 5286 2527 5356 τούτῳ
2551 5287 2855 5358 πράξαντες
2874 5287 3289 5356 ἐπιστρέφουσιν
3307 5288 3406 5356 ὀψέ
3429 5304 3579 5351 ποτε,
3604 5286 3697 5339 καὶ

2134 5373 2212 5435 είς
2252 5372 2489 5443 ἑσπέραν
2525 5373 2812 5443 ὀχλάσουσί
2852 5391 2914 5427 τε
2948 5376 3063 5427 καὶ
3091 5377 3505 5446 συνηχήσουσιν,
3543 5374 3696 5427 οὐδὲν

2137 5463 2233 5532 μὲν
2291 5462 2550 5535 ἔναρθρον
2602 5463 2981 5535 φθεγγόμενοι,
3037 5465 3159 5518 οὐδὲ
3206 5468 3273 5519 ἐκ
3325 5467 3549 5537 λογικῆς
3580 5465 3697 5519 δια-

536 5599 581 5630 "
618 5597 762 5656 Psa‘.
800 5619 910 5671 xw,
948 5603 1033 5675 10,
1066 5607 1145 5661 11.
1225 5610 1269 5642 ⁷³
1308 5609 1443 5668 ibid.
1478 5611 1681 5680 Ἠλὶ.
1759 5618 1804 5649 ⁷⁵
1843 5613 1983 5671 P51“-
2024 5632 2031 5671 1

2130 5617 2253 5675 ‘21.
2300 5620 2376 5703 _"
2416 5617 2520 5674 lsa.
2554 5633 2670 5687 ινι,
2710 5619 2792 5675 10.
2859 5620 2913 5651 ⁷⁸
2953 5618 3093 5675 l‘sal.
3132 5635 3253 5689 ut,
3294 5619 3375 5675 ΓΙ.
