4024 6202
279 303 378 359 5H

1397 296 1913 364 COMMENTABIA'
1938 302 2005 358 IN
2045 299 2385 357 PSALMOS.

3422 312 3528 369 542

278 418 424 482 νοίας
470 418 664 489 λόγους
712 421 894 487 ἀξίους
935 425 1156 495 μνήμης
1183 425 1603 496 προσφέροντες,
1639 423 1765 475 κυσὶ
1798 422 1851 474 δὲ

1955 426 2009 473 et
2053 418 2417 489 impudentes.
2448 417 2633 484 Quare
2661 418 2859 475 famem
2898 423 3194 491 patientur,
3232 406 3369 493 pane
3392 406 3527 483 vita:

258 508 676 579 παραπλησίως
704 511 982 581 ύλαγμοὺς
1013 514 1284 581 ἀφιέντες,
1312 514 1495 582 φωνάς
1517 530 1576 569 τε
1608 512 1853 583 ὑϐριστι-

277 597 382 661 κὰς
412 600 506 653 καὶ
537 602 792 665 ἀναιδεῖς.
839 603 930 654 Διὸ
968 604 1062 656 καὶ
1095 602 1419 673 λιμὼξουσιν
1448 603 1544 657 τοῦ
1575 603 1675 671 τῆς
1708 601 1855 670 ζωῆς

275 685 446 756 ἄρτου
478 688 861 758 στερηθέντες’
894 691 1018 744 ἐπεὶ
1050 691 1123 761 μὴ
1155 692 1519 762 παρεδέξαντο
1545 691 1646 763 τὴν
1674 693 1853 761 σωτή-

278 792 397 837 ριον
424 780 517 830 καὶ
539 779 785 849 οὐράνιον
807 781 1029 852 τροφὴν,
1064 782 1226 835 αὐτὸν
1257 782 1348 835 τὸν
1375 781 1637 852 εἰρηκότα
1653 798 1667 810 ·
1717 779 1857 849 Ἐγώ

275 868 396 934 εἰμι
440 871 474 921 ό
513 868 692 935 ἄρτος
741 873 775 924 ό
816 872 886 924 ἐκ
936 871 1043 925 τοῦ
1092 872 1357 941 οὐρανοῦ
1408 870 1700 935 καταϐὰς,
1754 870 1852 924 καί

275 954 483 1022 διδοὺς
526 957 680 1025 ζωὴν
711 960 841 1027 τοῖς
887 962 1244 1030 ἀνθρώποις.
1306 962 1470 1015 Ὅθεν
1520 962 1616 1014 καὶ
1666 961 1853 1031 ἔτερος

278 1052 564 1120 προφήτης
593 1051 685 1104 τὸν
712 1050 868 1121 λιμὸν
894 1052 1083 1107 τοῦτον
1107 1053 1479 1123 αἰνιττόμενος
1506 1052 1636 1105 ἐϐόα
1658 1051 1864 1121 λέγων

290 1134 445 1189 Ἰδοὺ
486 1140 540 1191 οἰ
580 1138 977 1208 δουλεύοντές
1027 1160 1130 1211 μοι
1187 1141 1475 1211 φάγονται
1498 1181 1515 1207 ο
1566 1141 1734 1210 ὑμεῖς
1783 1139 1853 1193 δὲ

277 1222 593 1280 πεινάσετε
611 1243 625 1257 ·
689 1228 819 1281 ἰδοὺ
874 1233 929 1283 οι
981 1229 1382 1294 ὄουλεύοντές
1428 1245 1531 1297 μοι
1586 1229 1819 1284 ximat
1835 1268 1852 1292 ο

277 1313 447 1382 ὑμεῖς
497 1315 566 1369 δὲ
619 1317 933 1386 διψήσετε.
981 1320 1342 1391 Στερηθὲντες
1385 1318 1442 1372 δὲ
1485 1318 1589 1389 τῆς
1635 1318 1853 1372 αἰωνίου

277 1406 482 1475 τροφῆς
528 1408 623 1461 καὶ
665 1409 757 1461 τὸν
798 1409 962 1480 ἄρτον
1006 1410 1106 1481 τῆς
1152 1410 1300 1480 ζωῆς
1352 1409 1851 1480 παραιτησάμενοι,

276 1493 456 1546 οὐκέθ’
487 1495 563 1560 ὡς
594 1498 844 1569 πρόϐατα
880 1501 1201 1569 γενήσονται
1233 1499 1327 1551 τοῦ
1358 1497 1524 1552 καλοῦ
1565 1499 1818 1568 ποιμένος
1836 1513 1851 1528 ο

277 1587 791 1658 παραϐληθήσονται
821 1588 879 1639 δὲ
908 1589 1086 1643 κυσίν.
1134 1583 1270 1640 Εἶτα
1295 1587 1351 1641 δὲ
1382 1587 1477 1641 καὶ
1520 1588 1621 1657 τῆς
1647 1587 1854 1649 ἑαυτῶν

222 1698 256 1719 ι·
276 1674 483 1739 πόλεως
501 1713 516 1739 ,
546 1678 614 1746 ἣν
644 1676 833 1740 κακῶς
877 1676 1124 1747 ᾤκησαν,
1169 1675 1634 1745 ἀπελασθήσονται
1657 1690 1671 1705 ο
1721 1676 1855 1727 ἀπο-

1955 509 2174 579 privati,
2204 509 2332 579 quia
2366 509 2659 564 salutarem
2680 518 2735 565 et
2767 510 3043 568 cmlcstetn
3071 513 3252 568 cibum
3296 532 3404 573 non
3429 533 3525 573 ac-

1955 606 2237 668 ceperunt,
2292 599 2470 668 ipsum
2499 600 2711 656 scilicet
2750 602 2843 670 qui
2886 603 2961 655 ait
2997 622 3010 655 :
3050 602 3309 673 Egorsum
3353 608 3527 675 panis,

1954 689 2045 757 qui
2078 687 2143 742 de
2167 689 2293 742 ctelo
2318 682 2617 755 descendit;
2640 700 2688 744 et
2709 691 2800 760 qui
2824 691 2915 743 dat
2954 693 3113 746 vitam
3141 694 3438 757 hominibus
3460 698 3527 750 ".

1957 776 2137 842 Quare
2158 778 2296 833 alius
2318 780 2577 849 propheta
2618 780 2932 849 bujusmodi
2970 781 3164 836 famem
3196 784 3531 841 adumbratis

1955 868 2226 923 clamabat
2258 870 2448 925 dicens
2478 888 2491 924 :
2530 868 2665 924 Ecce
2689 872 2780 939 qui
2817 873 3048 925 serviunt
3078 873 3207 926 mihi
3234 875 3528 939 comedent,

1954 975 2043 1013 vos
2074 969 2249 1013 autem
2298 962 2584 1015 esurietis:
2630 977 2745 1015 ecce
2782 962 2874 1031 qui
2902 964 3133 1016 serviunt
3170 964 3301 1017 mihi
3332 964 3529 1030 bibent,

1955 1064 2044 1102 vos
2080 1057 2254 1102 autem
2280 1049 2469 1103 sitiett's
2494 1050 2562 1104 ⁸ο.
2594 1034 2820 1103 ΛΕιειἸιιι
2849 1057 3030 1104 autem
3057 1066 3181 1104 esca
3213 1051 3433 1120 privati,
3466 1067 3531 1111 ac

1954 1151 2097 1206 pane
2125 1138 2250 1191 vitae
2276 1137 2506 1205 reiecto,
2537 1153 2645 1191 non
2688 1137 2831 1192 ultra
2866 1146 2923 1192 ut
2967 1153 3097 1194 oves
3130 1139 3260 1193 boni
3292 1141 3531 1210 pastoris

1952 1225 2371 1294 reputabuntur,
2414 1228 2508 1281 sed
2539 1227 2768 1282 canibus
2798 1228 3281 1297 comparabuntur;
3324 1228 3543 1286 Deinde.

1953 1327 2086 1367 vero
2116 1328 2183 1367 ex
2218 1314 2442 1376 civitate
2472 1330 2592 1374 sua.
2628 1330 2789 1383 quam
2818 1315 3063 1384 improbe
3084 1318 3400 1382 coluerunt,
3431 1333 3532 1373 ει·-

1954 1404 2325 1457 turbabuntur
2360 1422 2373 1457 :
2409 1413 2591 1474 atque
2620 1406 2695 1458 ita
2749 1406 3129 1471 excludentur,‘
3165 1415 3224 1461 ut
3265 1423 3335 1463 ne
3383 1408 3530 1462 ultra

1959 1494 2113 1548 adire
2144 1494 2290 1547 illam
2325 1495 2563 1549 audeant
2600 1513 2615 1547 :
2648 1495 2777 1565 quia
2832 1495 2937 1565 ipsi
2966 1497 3087 1565 ejus
3140 1498 3352 1560 incolae,
3407 1511 3529 1551 eam

1953 1585 2217 1655 sanguine
2259 1584 2627 1653 repleverunt.
2673 1582 2854 1649 Quare
2908 1584 2963 1639 in
3023 1600 3188 1656 supra
3210 1597 3529 1643 memorato

1953 1676 2074 1728 loco
2099 1673 2421 1726 dicebatur:
2451 1673 2718 1738 Quoniam
2750 1675 2857 1727 vidi
2878 1675 3207 1741 iniquitatem
3231 1687 3281 1731 et
3314 1690 3532 1733 contra-

275 1743 687 1835 κλεισθήσονταί
713 1782 775 1818 τε
806 1743 998 1834 αὐτῆς,
1031 1766 1105 1828 ὡς
1135 1765 1330 1835 μηκέτ’
1354 1743 1524 1831 αὐτῆς
1553 1762 1850 1816 ἐπιϐαίνειν

1951 1763 2234 1817 dictionem
2266 1763 2320 1816 in
2347 1763 2559 1816 civitate
2578 1764 2644 1815 ⁸⁸.
2682 1763 2896 1819 Atenint
2926 1766 3002 1819 ibi
3032 1766 3250 1822 lsraelis
3291 1758 3530 1825 inilcru-

272 1852 506 1923 τολμᾷν
576 1855 876 1925 ἐπειδήπερ
926 1858 975 1909 οἰ
1036 1855 1309 1916 οἰκοῦντες
1367 1855 1537 1921 αὐτὴν
1597 1854 1849 1922 αἱμάτων

271 1939 445 2009 αὐτὴν
493 1940 783 2011 ἐπλήρουν.
836 1942 928 1994 Διὸ
969 1944 1026 1994 ἐν
1065 1942 1143 2011 τῷ
1177 1941 1574 2012 προδηλωθέντι
1608 1941 1844 2009 ἐλέγετο·

276 2030 399 2082 ’Ότι
428 2027 595 2084 εἶδον
631 2032 884 2100 ἀνομίαν
926 2032 1023 2084 καί
1064 2031 1411 2100 ἀντιλογίαν
1445 2031 1516 2083 ἐν
1540 2029 1616 2098 τῇ
1648 2033 1843 2085 πόλει.

284 2118 424 2170 Ἀλλ’
457 2121 577 2171 ἐκεῖ
619 2122 718 2190 μὲν
765 2119 834 2171 τὰ
873 2119 1210 2190 τολμηθέντα
1246 2118 1325 2190 τῷ
1356 2120 1590 2191 ,Ἰσραὴλ
1621 2123 1681 2173 ἐν
1707 2121 1845 2191 αὐτῇ
1875 2155 1881 2160 -

250 2208 705 2285 ,τῇἹερουσαλὴμ
736 2209 875 2261 κατὰ
902 2208 997 2261 τοῦ
1022 2210 1271 2281 Σωτῆρος
1301 2210 1582 2281 ἐδηλοῦτοο
1615 2211 1847 2265 ἐνταῦθα

264 2297 323 2349 δὲ
360 2297 420 2349 τὸ
453 2297 800 2367 συμϐεϐηκὸς
822 2368 827 2373 ⁸
847 2298 1034 2361 αὐτοῖς
1079 2300 1221 2370 μετὰ
1258 2299 1434 2353 ταῦτα
1460 2303 1526 2371 τῇ
1560 2300 1656 2354 τοῦ
1689 2302 1845 2370 ἁγίου

266 2385 583 2456 Πνεύματος
624 2387 947 2458 προγνώσει,
972 2391 1005 2459 ή
1043 2390 1232 2460 Γραφὴ
1277 2390 1609 2460 στηλιτεύεν
1644 2392 1725 2445 διὸ
1751 2394 1847 2445 καὶ

262 2479 683 2547 στηλογραφια
705 2478 989 2550 κέκληται.
1017 2479 1124 2533 Τοῦ
1153 2480 1211 2533 δὲ
1238 2480 1397 2550 λόγου
1421 2482 1482 2535 τὸ
1501 2482 1847 2554 ἀποτέλεσμα

262 2570 598 2641 παρίστησιν
644 2572 677 2642 ἠ
710 2571 833 2625 τῶν
870 2573 1210 2643 πραγμάτων
1244 2572 1486 2636 ἔκϐασις.
1534 2573 1693 2627 Μετὰ
1715 2574 1847 2643 γοῦν

263 2661 363 2730 τὴν
395 2661 537 2715 κατὰ
573 2661 668 2715 τοῦ
693 2663 945 2733 Σωτῆρος
971 2663 1127 2734 ἡμῶν
1161 2663 1455 2735 ἐπιϐουλὴν
1486 2664 1687 2729 αὐτῶν,
1721 2665 1846 2717 ἐπι-

266 2752 490 2815 στάντες
550 2753 808 2823 Ῥωμαῖοι
862 2752 1015 2813 τέλος
1075 2754 1280 2821 ἐπῆγον
1330 2756 1443 2818 τοῖς
1492 2756 1847 2824 προφητικοῖς

264 2835 462 2904 λόγοις.
497 2836 702 2907 Νόμοις
740 2838 871 2906 γοῦν
909 2837 1017 2892 τῶν
1057 2839 1405 2909 κρατούντων
1438 2841 1497 2908 ἐξ
1540 2842 1761 2895 ἐκείνου
1784 2843 1848 2896 τὸ

260 2928 369 2981 πᾶν
409 2927 678 2983 Ἰουδαίων
716 2929 869 2994 ἔθνος
918 2932 1292 3002 ἀπηγόρευται
1334 2937 1448 2997 τοῖς
1489 2934 1676 2999 τόποις
1721 2937 1846 2989 ἐπι-

260 3018 495 3116 ϐαίνειν,
531 3021 908 3116 ἀπαραιτήτου
951 3024 1224 3094 τιμωρίας
1252 3026 1706 3096 ἐπαιωρουμένης
1735 3029 1845 3089 τοῖς
1876 3059 1914 3116 C

257 3109 353 3163 τοῦ
388 3110 557 3182 νόμου
585 3112 950 3182 παραϐάταις.
983 3114 1075 3165 Διὸ
1102 3114 1269 3169 εἰσέτι
1302 3115 1399 3168 καὶ
1429 3116 1668 3186 σήμερον
1699 3116 1845 3185 ἀμφὶ

266 3201 361 3260 stu
416 3203 545 3265 τοὺς
598 3203 758 3274 ὅρους
810 3205 905 3257 καὶ
968 3204 1152 3275 κύκλῳ
1208 3205 1502 3277 παριόντες
1562 3206 1847 3277 πόρρωθεν

260 3290 544 3351 ἵστανται*
596 3292 719 3361 μηδ’
761 3292 821 3357 ἐξ
852 3292 1100 3348 ἀπόπτου
1140 3292 1203 3346 τὸ
1244 3294 1415 3348 πάλαι
1459 3295 1846 3365 νενομισμένον

257 3381 450 3444 αὐτοῖς
486 3382 629 3451 ἱερὸν
662 3381 1185 3451 ἔδαφοςθεάσασθαι
1219 3383 1636 3455 καταξιούμενοι
1655 3401 1670 3415 ο
1707 3382 1843 3449 ἐξω-

258 3468 351 3524 θεν
379 3470 443 3523 δὲ
469 3470 815 3541 κυκλοῦντες,
852 3473 1035 3526 πίστιν
1080 3474 1345 3543 ἐπάγουσι
1376 3477 1443 3545 τῇ
1479 3473 1616 3544 μετά
1656 3478 1845 3545 χεῖρας

258 3558 501 3634 λεγούσῃ
558 3564 780 3635 Γραφῇ·
852 3563 1356 3639 Ἐἴπω-τρέφουσιν
1416 3565 1505 3629 εἰς
1557 3563 1841 3630 ἑσπέραν,

259 3655 361 3708 καί
428 3654 805 3723 λιμώξουσιν
874 3656 957 3722 ὡς
1019 3655 1214 3718 κύων,
1287 3654 1386 3708 καί
1458 3652 1844 3708 κυκλώσουσι

260 3756 467 3809 πόλιν,
513 3748 624 3802 Καὶ
667 3746 879 3809 τούτοις
926 3745 1053 3817 ἑξῆς
1094 3746 1407 3816 ἐπιλέγεται
1440 3745 1646 3817 ήαίτία
1683 3744 1748 3797 δι’
1780 3745 1847 3815 ἢν

258 3841 442 3896 ταῦτα
474 3838 778 3891 πείσονται·
823 3835 969 3890 Ἰδοὺ
996 3837 1125 3907 γὰρ,
1157 3836 1342 3905 φησὶν,
1369 3832 1847 3901 άπορθέγξονται

258 3932 335 3983 ἐν
371 3929 458 3998 τῷ
497 3931 745 3998 στόματι
785 3926 1005 3991 αὐτῶν,
1042 3927 1140 3980 καὶ
1174 3926 1443 3995 ,ῥομφαία
1472 3924 1543 3977 ἐν
1564 3922 1690 3988 τοῖς
1721 3923 1844 3991 χει-

256 4027 442 4077 λεσιν
487 4022 706 4084 αὐτῶν,
738 4019 828 4073 ὄτι
875 4020 968 4085 τίς
992 4017 1258 4087 ἦκουσε;
1292 4015 1464 4069 ταῦτα
1492 4013 1601 4086 γὰρ
1632 4014 1848 4067 ἅπαντα

259 4113 569 4168 πεπόνθασι
620 4110 710 4163 διὰ
772 4109 872 4172 τὰς
921 4108 1116 4170 ἀθέους
1173 4106 1353 4160 αὐτῶν
1418 4106 1511 4158 καὶ
1565 4104 1847 4168 δυσσεϐεῖς

257 4206 473 4273 φωνὰς,
507 4203 581 4266 ἃς.
600 4201 742 4256 κατὰ
765 4200 859 4253 τοῦ
891 4200 1139 4268 Σωτῆρος
1157 4196 1315 4268 ήμῶν
1344 4196 1594 4265 ἠφίεσαν,
1627 4196 1721 4248 ἐπὶ
1752 4195 1845 4249 τοῦ

258 4296 504 4349 Πιλάτου
538 4294 767 4365 βοῶντες
790 4309 804 4322 ·
841 4288 998 4357 Αἶρε,
1045 4285 1194 4357 αἶρε,
1240 4289 1597 4355 σταύρωσον
1636 4289 1851 4341 αὐτόν..

1952 1853 2121 1909 salem
2167 1860 2359 1907 contra
2397 1852 2733 1909 Salvatorem
2780 1855 3024 1910 facinora
3060 1859 3525 1927 recensebantur;

1951 1944 2041 1996 hic
2073 1958 2201 1997 vero
2236 1958 2358 2012 quae
2403 1944 2538 2013 ipsis
2580 1955 2769 2013 postea
2809 1947 3143 2017 contigerint
3189 1966 3255 2004 ex
3287 1950 3529 2020 Spiritus

1951 2034 2127 2088 sancti
2165 2033 2495 2089 revelatione
2522 2032 2807 2105 Scriptura
2834 2050 2932 2091 ceu
2966 2037 3021 2091 in
3051 2038 3212 2109 cippo
3241 2040 3525 2109 inscribit;

1947 2140 2117 2196 quare
2139 2126 2282 2179 tituli
2304 2127 2582 2196 inscriptio
2604 2127 2823 2183 dicitur.
2855 2128 3194 2199 Completum
3226 2146 3388 2202 porro
3410 2148 3527 2187 ser-

1948 2230 2161 2270 monem
2201 2232 2324 2272 esse
2354 2232 2536 2272 rerum
2565 2225 2794 2274 eventus
2820 2219 3080 2274 declarat.
3116 2220 3250 2274 Nam
3276 2229 3399 2291 post
3434 2222 3523 2277 in-

1949 2307 2122 2362 sidias
2159 2306 2230 2361 ab
2270 2306 2340 2362 iis
2369 2316 2559 2373 contra
2594 2308 2931 2364 Salvatorem
2972 2321 3216 2380 paratas,
3253 2312 3529 2367 irruentes

1947 2396 2202 2458 Romani,
2230 2396 2397 2452 dictis
2433 2399 2765 2467 propheticis
2792 2398 2950 2453 linem
2977 2399 3283 2455 intulerunt
3312 2419 3325 2454 :
3361 2401 3523 2469 siqui-

1946 2486 2069 2542 dem
2108 2486 2378 2547 victorum
2427 2488 2543 2557 lege
2592 2488 2859 2543 universae
2913 2487 3156 2543 Iudaica:
3198 2490 3345 2558 genti
3375 2491 3526 2545 aditu

1948 2577 2194 2632 locorum
2227 2574 2577 2631 interdictum
2610 2585 2727 2641 est;
2776 2577 3109 2634 inevitabilis
3139 2580 3343 2647 quippe
3389 2581 3529 2650 legis

1948 2666 2477 2736 transgressoribus'
2507 2668 2784 2737 impendet
2831 2668 2986 2721 ultio.
3041 2668 3406 2733 Quamobrem
3457 2670 3526 2723 ad

1947 2758 2090 2813 banc
2117 2774 2294 2829 usque
2336 2759 2501 2823 diem,
2524 2759 2608 2813 'ad
2641 2766 2822 2815 certos
2873 2758 3141 2814 terminos
3175 2759 3254 2815 in
3290 2759 3526 2813 circuitu

1948 2849 2293 2917 accedentes,
2321 2850 2513 2921 procul
2551 2850 2862 2904 consistant
2897 2864 2911 2899 :
2944 2865 3125 2917 neque
3162 2849 3339 2905 solum
3366 2850 3524 2911 illud,

1946 2942 2094 3012 quod
2129 2958 2347 2998 sacrum
2386 2941 2515 2995 olim
2550 2938 2929 3009 reputabatur,
2964 2939 3050 2995 vel
3079 2940 3271 3010 procul
3301 2939 3527 3009 conspi-

1947 3022 2075 3082 cere
2092 3026 2226 3097 ipsis
2248 3026 2567 3081 conceditur
2615 3025 2720 3080 Sed
2749 3026 2896 3082 foras
2920 3025 3345 3092 circumeuntes,
3376 3025 3528 3081 Scri-

1947 3123 2121 3185 ptura:
2165 3129 2288 3184 quae
2326 3114 2437 3183 jam
2493 3113 2674 3182 agitur
2724 3114 2883 3168 tidem
2936 3114 3233 3168 conciliant
3264 3114 3520 3168 dicenti:

1947 3204 2324 3260 Convertentur
2349 3202 2417 3254 ad
2446 3218 2732 3270 vesperam,
2755 3212 2805 3255 et
2833 3203 3029 3272 famem
3057 3205 3325 3272 patientur
3353 3211 3411 3257 ut
3433 3220 3522 3259 ca.

1946 3295 2052 3358 nis,
2084 3301 2134 3346 et
2164 3291 2463 3344 circuibunt
2495 3290 2799 3344 civitatem;
2835 3290 3039 3346 Deinde
3064 3305 3193 3345 vero
3233 3291 3524 3362 subjungi-

1947 3394 2038 3437 tur
2064 3390 2227 3436 tanta:
2247 3381 2574 3436 calamitatis
2597 3396 2767 3437 causa
2797 3399 2811 3436 :
2842 3396 2967 3439 nam
2991 3381 3068 3435 ait
3097 3400 3110 3435 :
3138 3380 3270 3435 Ecce
3308 3381 3526 3451 loquen-

1946 3483 2034 3525 tur
2063 3473 2118 3525 in
2150 3487 2239 3525 ore
2269 3487 2386 3535 suo,
2413 3480 2464 3524 et
2508 3470 2719 3541 gladius
2761 3471 2815 3524 in
2856 3470 3011 3524 labiis
3037 3486 3242 3533 eorum,
3272 3473 3525 3537 quoniam

1944 3563 2060 3633 quis
2114 3562 2358 3617 audivit?
2407 3561 2697 3617 Enimvero
2742 3562 2857 3616 haec
2888 3562 3071 3615 omnia
3102 3559 3251 3630 passi
3295 3569 3428 3614 sunt
3456 3564 3527 3616 ob

1948 3652 2144 3721 impias
2172 3652 2294 3707 illas
2330 3658 2385 3708 et
2418 3652 2657 3708 nefarias
2692 3667 2876 3719 voces,
2912 3668 3053 3723 quas
3096 3665 3289 3712 contra
3330 3657 3526 3711 Salva~

1946 3751 2121 3797 torem
2146 3750 2396 3798 nostrum
2425 3744 2792 3813 protulerunt,
2826 3742 2892 3797 ad
2920 3741 3151 3800 Pilatum
3182 3747 3483 3802 clamantes
3508 3767 3522 3801 :

1952 3832 2121 3897 Tolle,
2163 3833 2310 3895 tolle,
2340 3833 2605 3902 \cruciﬁge
2644 3849 2763 3886 eum
2809 3834 2876 3888 ".
2922 3833 3152 3906 Sanguis
3194 3839 3310 3908 ejus
3368 3855 3530 3908 super

1949 3940 2042 3979 nos
2053 3933 2270 3991 etsuper
2283 3924 2424 3992 ﬁlios
2447 3934 2655 3978 nostros
2668 3923 2733 3975 ⁸³.
2758 3923 2915 3989 Quod
2940 3924 3025 3982 bis
3050 3928 3231 3983 verbis
3253 3929 3530 4003 signiﬁca-

1950 4023 2042 4069 tur
2073 4032 2086 4069 :
2126 4013 2261 4077 Ecce
2289 4014 2567 4084 loquentur
2598 4015 2651 4067 in
2684 4029 2774 4067 ore
2807 4019 2923 4079 tuo,
2958 4027 3007 4069 et
3040 4016 3250 4086 gladius
3286 4021 3340 4072 in
3371 4020 3530 4074 labiis

1946 4100 2161 4160 eorum;
2189 4104 2296 4159 Pro
2337 4106 2428 4160 illo
2471 4112 2671 4168 autem,
2708 4104 2970 4171 Quoniam
2993 4109 3109 4178 quis
3136 4110 3336 4165 audivit
3355 4114 3381 4166 2
3404 4111 3528 4163 cla-

1950 4196 2067 4250 rius
2092 4194 2452 4266 Symmachus
2485 4198 2879 4268 interpretatus
2907 4198 2992 4252 bis
3022 4200 3205 4255 verbis
3235 4210 3335 4266 est,
3360 4202 3533 4265 Quasi

1952 4285 2100 4339 nullo
2130 4286 2376 4342 audiente
2402 4288 2731 4342 clamabant.
2766 4287 2919 4342 Talia
2955 4288 3155 4357 quippe
3184 4299 3374 4342 contra
3412 4289 3534 4341 Sal-

265 4386 336 4440 Τὸ
401 4381 552 4454 αἷμα
610 4380 799 4439 αὑτοῦ
855 4379 948 4448 ἐφ’
997 4377 1156 4447 ἡμᾶς
1220 4376 1319 4430 καί
1381 4376 1479 4429 ἐπὶ
1542 4376 1614 4430 τὰ
1668 4376 1851 4430 τέκνα

1954 4384 2194 4432 vatorem
2224 4377 2589 4454 oblatrabant,
2626 4376 2785 4444 quasi
2831 4376 3048 4429 nemine
3092 4376 3439 4443 inspiciente,
3481 4380 3535 4427 et

259 4474 465 4542 ἡμῶν·
494 4471 522 4524 δ
549 4471 613 4542 δὴ
647 4468 902 4541 σημαίνει
939 4467 1163 4536 φάσκων
1206 4466 1237 4517 ό
1264 4465 1422 4533 λόγος
1441 4482 1454 4495 ·
1528 4465 1674 4519 Ἰδοὺ
1703 4466 1849 4519 ἀπο-

255 4565 625 4636 φθέγξονται
647 4563 717 4615 ἐν
738 4562 987 4629 στόματι
1011 4558 1211 4613 αὐτῶν
1234 4557 1334 4611 καί
1355 4556 1621 4625 ῥομφαία
1638 4556 1710 4609 ἐν
1725 4555 1848 4621 τοῖς

257 4657 544 4725 χείλεσιν
582 4650 800 4708 αὐτῶν.
864 4649 1010 4704 Ἀντὶ
1039 4649 1096 4702 δὲ
1129 4648 1245 4712 τοῦ,
1284 4649 1405 4700 Ὅτι
1443 4647 1537 4712 τίς
1580 4645 1850 4713 ἥκουσε;

258 4746 607 4815 σαφέστερον
663 4743 1005 4813 ήρμήνευσεν
1066 4741 1095 4793 ό
1148 4739 1444 4809 Σύμμαχος
1505 4734 1704 4789 εἰπών’
1757 4735 1852 4801 Ὡς

254 4834 523 4899 οὐδε-νὸς
562 4834 890 4899 ἀκούοντος
933 4832 1136 4885 ἐϐόων.
1172 4830 1408 4885 Τοιαῦτα
1437 4828 1547 4897 γὰρ
1586 4826 1728 4880 κατὰ
1757 4824 1852 4880 τοῦ

255 4926 530 4995 Σωτῆρος
576 4924 860 4986 ὑλάκτουν,
895 4923 971 4985 ὡς
999 4921 1226 4993 μηδενὸς
1269 4920 1582 4990 ὁφορῶντος
1603 4956 1618 4979 ,
1654 4919 1750 4971 καὶ
1777 4916 1853 4979 ὡς

256 5017 337 5088 μὴ
366 5017 480 5086 τῆς
505 5016 688 5087 φωνῆς
715 5015 894 5069 αὐτῶν
922 5012 1343 5085 ἐπακροωμένου
1387 5011 1479 5064 τοῦ
1508 5009 1671 5064 Θεοῦ.
1715 5008 1852 5061 Ἀλλ’

254 5111 476 5163 ἐκεῖνοι
529 5110 629 5178 μὲν
674 5107 751 5171 ὡς
795 5105 1023 5178 μηδενὸς
1076 5103 1363 5166 ἀκούοντος
1415 5101 1583 5155 ἐϐόων
1605 5119 1618 5132 ·
1680 5100 1744 5153 σὺ
1795 5099 1854 5153 δὲ

1956 4466 2111 4535 quasi
2144 4482 2211 4520 ne
2242 4465 2325 4519 vel
2360 4450 2475 4533 ipse
2517 4464 2659 4519 Deus
2688 4479 2873 4518 vocem
2918 4479 3106 4517 corum
3153 4463 3385 4516 audiret.
3425 4461 3530 4516 Ve-

1958 4572 2079 4610 rum
2107 4555 2183 4609 illi
2215 4553 2437 4623 quidem
2483 4563 2540 4608 ut
2566 4554 2786 4609 nemine
2813 4552 3070 4608 audiente
3098 4551 3443 4618 clamabant;
3481 4561 3535 4604 at

1958 4655 2018 4702 tu
2047 4647 2292 4701 omnium
2330 4647 2609 4715 inspector
2637 4656 2687 4700 et
2713 4645 2901 4715 judex,
2928 4660 3037 4698 non
3069 4646 3245 4698 solum
3274 4644 3401 4697 talia
3437 4646 3535 4697 ob-

1959 4738 2224 4793 latrantes
2270 4736 2555 4799 audiebas,
2592 4735 2685 4790 sed
2720 4734 2985 4790 ridiculos
3019 4734 3236 4806 agebas.
3294 4732 3358 4786 Et
3399 4747 3541 4802 quod

1960 4828 2126 4883 modo
2177 4843 2286 4883 non
2334 4827 2576 4891 ridiculi,
2626 4827 2719 4897 qui
2776 4832 3033 4896 putarent
3084 4834 3163 4879 tot
3198 4824 3532 4880 mirabiliuin

1961 4922 2235 4993 Opiﬁccm,
2285 4936 2343 4977 se
2376 4920 2580 4974 malitia
2624 4934 2721 4974 sua
2774 4918 3179 4987 superaturos?
3223 4914 3279 4970 In
3325 4918 3536 4986 psalmo

1961 5010 2204 5071 secundo
2236 5009 2490 5064 similiter
2518 5007 2723 5062 dicitur
2744 5023 2764 5059 :
2790 5005 2894 5071 Qui
2925 5004 3129 5058 habitat
3159 5006 3211 5059 in
3237 5006 3379 5060 catis
3412 5006 3536 5059 irri-

1959 5100 2101 5154 debit
2127 5117 2235 5166 eos,
2262 5111 2309 5153 et
2334 5098 2589 5153 Dominus
2618 5095 2965 5150 subsannabit
2990 5096 3077 5149 eos
3107 5098 3176 5152 ⁸⁵.

250 5206 435 5268 αὐτὸς
474 5206 505 5257 6
534 5205 753 5258 πάντων
790 5203 983 5273 ἔφορος
1020 5201 1213 5274 κριτής
1254 5200 1315 5253 ού
1361 5199 1518 5269 μόνον
1554 5199 1755 5270 ἤκουες
1781 5197 1849 5251 τὰ
1885 5196 2110 5250 τοιαῦτα
2142 5196 2535 5275 ὑλακτούντων,
2567 5193 2699 5248 ἀλλὰ
2746 5192 2839 5246 καὶ
2885 5190 3321 5260 καταγελάστους
3386 5188 3536 5241 ἐποί-

254 5314 362 5362 εις.
416 5299 534 5351 Καὶ
575 5298 692 5361 πῶς
720 5297 829 5369 γὰρ
865 5299 966 5350 οὐκ
1002 5293 1142 5367 ἦσαν
1184 5293 1574 5361 καταγέλαστοι
1615 5294 1664 5345 οἱ
1730 5291 2043 5362 νομίζοντες
2103 5288 2360 5343 δύνασθαι
2394 5288 2485 5341 τὸν
2515 5287 2624 5340 τῶν
2655 5286 2921 5340 τοσούτων
2988 5283 3305 5355 παραδόξων
3362 5280 3536 5348 ἔργων

255 5389 511 5460 ποιητὴν
541 5392 607 5460 τῇ
646 5384 858 5443 ἐαυτῶν
889 5388 1132 5457 νικήσειν
1185 5385 1389 5456 κακίᾳ;
1419 5385 1531 5436 Καὶ
1563 5384 1621 5436 ἐν
1684 5384 1763 5437 τῶ
1796 5383 1843 5436 ϐ’
1868 5383 1926 5437 δὲ
1963 5383 2179 5454 εἴρηται
2226 5381 2426 5453 ψαλμῷ
2447 5398 2463 5414 ο
2523 5382 2576 5467 Ὁ
2610 5378 2902 5435 κατοικῶν
2943 5379 3014 5433 ἐν
3058 5374 3335 5445 οὐρανοῖς
3375 5371 3565 5461 ἐκτεχ

256 5482 531 5538 ,ἰάσεται
583 5483 839 5549 αὐτοὺς,
890 5482 989 5536 καί
1030 5482 1243 5550 Κύριος
1294 5477 1678 5549 ἐκμυκτηριεῖ
1722 5479 1964 5545 αὐτούς.
2006 5496 2015 5511 τ
2102 5504 2105 5505 ν
2970 5484 2975 5489 ’

331 5595 585 5667 "_Juan.
619 5612 706 5667 vt,
741 5596 831 5651 il.
906 5595 951 5626 ⁸ο
992 5592 1094 5648 lsa.
1133 5608 1256 5657 va,
1298 5591 1378 5646 l3.
1455 5591 1494 5621 ⁸¹
1540 5586 1684 5642 Psal.
1724 5602 1832 5651 ιιν,

1951 5628 1957 5641 ,
2036 5586 2258 5643 "Juau.
2295 5604 2418 5653 xu,
2459 5586 2541 5641 15.
2619 5585 2665 5617 ⁸³
2705 5572 2893 5638 Μιιιιιι.
2935 5594 3111 5641 xxvn,
3140 5576 3231 5631 25.
3308 5573 3354 5605 ”
3390 5570 3536 5628 Psal.

263 5682 343 5735 ιι,
384 5665 445 5720 ιι.
