4024 6202
438 255 550 313 ⁸83

1164 249 1433 307 EUSEBI!
1463 248 1946 309 CESARIENSIS
1981 250 2131 307 ore.
2182 249 2487 306 PARS-Ill.
2517 280 2585 291 —
2606 225 3035 309 EXEUETICA;

3595 253 3695 311 5H

508 367 593 423 Ad
632 366 854 421 nihilum
883 363 1106 419 deducas
1139 378 1317 418 omnes
1371 371 1565 432 gentes.
1621 361 1730 417 Pro
1777 363 1872 418 illo
1922 378 2020 419 au-

2201 360 2659 427 Ὲεουδενώσεις
2719 363 2914 416 πάντα
2947 360 3032 414 κτὰ
3070 361 3236 428 ἔθνη.
3294 362 3440 415 ’Δντὶ
3482 363 3542 417 δί
3584 366 3708 453 τοῦ,ς

441 468 576 521 tem,
605 455 690 509 Ad
707 454 931 508 nihilum
952 452 1176 508 deduces
1200 469 1378 506 omnes
1411 462 1606 522 gentes,
1636 451 2019 524 Symmachus,

436 549 690 604 Obstruet
713 546 954 598 omnibus
995 543 1256 614 gentibus,
1285 544 1694 614 interpretatur.
1732 542 1828 598 His
1857 559 2023 614 porro

435 636 808 707 significatur,
839 633 1244 703 correptionem
1276 649 1308 687 a
1337 633 1448 688 Deo
1479 633 1736 701 omnibus
1769 634 2023 704 gentibus

435 726 778 780 inferendam
818 740 961 779 esse.
995 724 1135 790 Quia
1171 725 1318 778 enim
1358 740 1526 794 supra
1570 723 1878 786 dicebatur,
1925 722 2014 777 In-

436 812 587 866 tende
621 815 688 866 ad
717 813 1010 866 visitandas
1041 829 1220 866 omnes
1253 822 1465 882 gentes;
1495 820 1897 883 consequenter
1923 814 2022 876 do-

433 910 544 965 cet,
579 902 749 977 Qeum
795 903 1158 972 inspectorem
1203 904 1357 972 prius
1401 919 1595 958 omnes
1640 913 2021 973 correpturum

438 1001 651 1061 gentes,
677 990 875 1044 deinde
907 1006 1001 1046 eas
1038 1006 1068 1043 a
1100 993 1396 1046 multorum
1439 994 1726 1048 numinum
1757 1001 1812 1048 et
1845 994 2023 1048 idolo-

437 1098 561 1138 rum
603 1098 792 1138 errore
840 1097 1236 1138 conversurum
1289 1099 1432 1138 esse.
1490 1083 1811 1140 sermonem
1856 1101 2022 1155 porro

435 1173 770 1242 completum
803 1171 1194 1240 deprehendet,
1224 1171 1268 1224 si
1291 1173 1417 1240 quis
1448 1172 1869 1239 animadvertat,
1898 1182 2023 1244 post

437 1262 733 1324 adventum
771 1260 1074 1316 Salvatoris
1105 1261 1303 1325 nostri,
1351 1270 1556 1345 gentes.
1584 1265 1880 1340 multorum
1927 1281 2025 1322 nu.

436 1351 649 1406 minum
674 1354 849 1405 errori
891 1351 1125 1406 maxime
1161 1351 1394 1416 deditas,
1441 1353 1544 1406 sub
1575 1353 1790 1412 initium
1821 1355 2022 1424 pracdi-

435 1441 672 1496 cationis
705 1441 930 1494 verbum
972 1441 1216 1510 recipere
1265 1441 1591 1506 abnuentes,
1642 1443 2023 1498 obsidionibus

432 1539 491 1585 et
518 1530 849 1600 quibusdam
903 1530 1028 1585 aliis
1075 1533 1338 1586 aerumnis
1381 1532 1649 1587 deductas
1696 1533 2019 1603 resipuisse.

437 1617 552 1674 Deo
584 1621 658 1674 ita
690 1621 838 1690 ipsas
873 1622 1184 1690 alloqueute
1217 1629 1384 1691 atque
1419 1622 1753 1690 castigante;
1786 1623 1866 1676 sic
1892 1637 2022 1692 ergo

2134 451 2588 516 Ἐξουδενώσεις
2611 453 2809 506 πάντα
2834 452 2907 505 τὰ
2928 452 3100 517 ἔθνη,
3132 451 3161 501 ὁ
3191 451 3507 522 Σύμμαχος,
3547 454 3702 508 Ἐπι-

2119 541 2332 610 ςρράεει
2377 540 2528 596 πᾶσι
2577 541 2703 608 τοῖς
2757 543 3018 604 ἔθνεσιν,
3067 542 3402 612 ἡρμήνευσε.
3459 543 3622 612 Δηλοτ
3647 545 3702 597 δὲ

2120 635 2149 686 ὁ
2175 632 2332 700 λόγος
2381 632 2696 702 ὲπιτίμησίν
2741 649 2864 685 τινα
2919 629 3014 683 τοῦ
3054 631 3189 685 Θεοῦ
3232 634 3369 704 πρὸς
3410 635 3592 687 πάντα
3635 635 3702 690 τὰ

2121 723 2269 794 ἔθνη.
2319 722 2534 792 Ἐπειδὴ
2578 722 2686 794 γὰρ
2713 722 2968 798 ἀνωτέρω
3001 722 3250 792 ὲλέγετο·
3285 725 3560 792 Πρόσχες
3599 725 3704 778 τοῦ

2121 811 2568 879 ἐπισκέψασθαι
2598 811 2794 866 πάντα
2820 812 2891 865 τὰ
2918 812 3082 879 ἐθνηο
3105 812 3415 876 ἀκολούθως
3441 814 3702 880 διδάσκει,

2119 903 2195 966 ὡς
2226 901 2538 957 ἐπισκοπῶν
2571 905 2599 956 ὁ
2625 902 2757 967 Θεὸς
2789 905 3103 973 ἐπιτιμήσει
3140 904 3404 974 πρότερον
3431 906 3567 958 πᾶσι
3593 909 3706 970 τοῖς

2121 994 2350 1058 ἔθνεσιν,
2382 992 2478 1046 εἶτ’
2512 994 2830 1065 ἐπιστρέψει
2861 993 2999 1047 αὐτὰ
3023 994 3121 1065 τῆς
3147 995 3406 1048 πολυθέου
3433 995 3528 1048 καὶ
3553 995 3706 1048 εἰδω-

2119 1085 2380 1159 λολάτρου
2417 1085 2645 1154 πλάνης.
2677 1085 2886 1138 Γνῶναι
2915 1085 2973 1142 δέ
2997 1087 3114 1143 ἐστι
3142 1084 3238 1139 τοῦ
3281 1085 3443 1154 λόγου
3482 1087 3546 1139 τὸ
3572 1088 3708 1139 ἀπο-

2120 1179 2359 1248 τέλεσμα
2399 1179 2806 1248 ἐπιστήσαντα,
2839 1177 2914 1239 ὡς
2945 1175 3084 1246 μετὰ
3127 1176 3229 1246 τὴν
3267 1177 3570 1247 παρουσίαν
3608 1175 3705 1230 τοῦ

2120 1266 2374 1336 Σωτῆρος
2437 1263 2629 1335 ἡμῶν,
2666 1265 2759 1317 τὰ
2821 1264 3058 1334 μάλιστα
3112 1263 3241 1332 περὶ
3291 1262 3390 1332 τὴν
3443 1259 3706 1314 πολύθεον

2123 1349 2330 1429 πλάνην
2355 1355 2670 1426 ὲπτοημένα
2695 1355 2842 1426 ἒθνη,
2875 1355 2995 1420 κατ’
3025 1353 3198 1424 ἀρχὰς
3229 1353 3324 1406 τοῦ
3353 1353 3708 1424 κηρύγματος

2121 1448 2516 1502 ὲναντιωθέντα
2561 1451 2628 1519 τῇ
2678 1447 2773 1501 τοῦ
2811 1445 2971 1513 λόγου
3019 1443 3321 1514 παραδοχῇ,
3370 1442 3709 1513 πολιορκίαις

2123 1540 2216 1593 καί
2252 1557 2392 1592 τισιν
2425 1539 2612 1602 ἄλλαις
2647 1538 3100 1608 ἐπιστρεπτικαῖς
3137 1533 3520 1604 περιστάσεσιν
3563 1535 3704 1587 ὲσωο

2124 1631 2410 1702 φρονίσθη,
2433 1629 2526 1684 τοῦ
2553 1629 2690 1682 Θεοῦ
2723 1629 2910 1682 τοῦτον
2943 1628 3035 1681 τὸν
3061 1627 3266 1697 τρόπον
3303 1625 3704 1695 ὲπιφθεγγομέυ

437 1709 507 1768 ad
541 1711 822 1766 meliorem
860 1711 1066 1782 frugem
1101 1727 1160 1765 se
1191 1720 1381 1780 postea
1408 1711 1758 1780 recipientes,
1792 1711 2020 1765 salutari

2126 1739 2214 1776 νου
2247 1723 2343 1774 καὶ
2373 1722 2733 1791 ἐπιτιμῶντος
2767 1722 2947 1783 αὐτοῖς
2968 1737 2981 1750 ο
3015 1718 3158 1772 οὕτω
3184 1717 3335 1785 γοῦν,
3369 1717 3507 1786 μετὰ
3537 1716 3706 1768 ταῦτα

438 1800 604 1858 verbo
638 1800 870 1855 subditae
917 1808 1065 1854 sunt.
1096 1800 1463 1869 Quamobrem
1491 1799 1688 1855 deinde
1733 1799 2021 1871 subiungi-

435 1900 530 1949 tur
555 1907 621 1946 ex
655 1907 890 1962 persona
925 1889 1230 1948 Salvatoris
1260 1905 1276 1947 :
1316 1889 1714 1950 Fortitudinem
1743 1907 1910 1948 meam
1951 1891 2020 1945 ad

438 1989 489 2040 te
525 1979 849 2043 custodiam,
905 1980 1033 2050 quia
1076 1977 1218 2033 Deus
1255 1989 1528 2048 susceptor
1571 1996 1716 2034 meus
1755 1996 1832 2037 es.
1877 1979 2020 2036 Deus

439 2087 604 2136 meus,
642 2070 1006 2124 misericordia
1039 2069 1152 2138 ejus
1180 2072 1455 2138 praeveniet
1485 2087 1584 2124 me.
1610 2069 1752 2123 Deus
1786 2070 2018 2124 ostendet

437 2161 566 2215 milii
603 2161 657 2214 in
685 2159 912 2214 inimicis
943 2160 1106 2223 meis;
1135 2161 1583 2225 sive,secuudum
1608 2159 2018 2230 Symmachum,

438 2250 717 2321 Despicere
751 2267 829 2304 me
851 2250 1011 2318 faciet
1037 2267 1125 2305 eos
1153 2258 1243 2323 qui
1269 2268 1447 2306 muros
1493 2251 1622 2306 mihi
1669 2250 2018 2307 abstulerant.

435 2343 581 2409 Alibi
613 2358 832 2413 quoque
875 2341 1080 2395 dictum
1117 2351 1202 2397 est
1233 2360 1245 2395 :
1287 2341 1358 2400 Et
1397 2342 1632 2411 despexit
1667 2342 1850 2397 oculus
1877 2358 2022 2396 meus

438 2435 768 2504 insurgentes
809 2433 862 2486 in
892 2449 973 2486 me
1003 2433 1380 2502 malignantes,
1415 2434 1591 2488 audiet
1631 2435 1776 2487 auris
1816 2449 1931 2487 mea
1954 2433 2021 2490 ⁸⁸.

449 2521 558 2580 Sed
594 2523 761 2578 etiam
792 2522 960 2578 David
989 2521 1178 2580 Saulis.
1206 2525 1420 2580 ruinam
1443 2532 1498 2580 et
1529 2533 1758 2580 mortem
1789 2524 2021 2594 aspexit,

444 2621 503 2669 ct
529 2627 722 2669 casum
753 2615 950 2670 mortis
985 2613 1106 2682 ejus
1149 2613 1417 2686 despexit.
1456 2613 1539 2668 Ne
1571 2614 1782 2669 occidas
1813 2631 1922 2679 eos,
1964 2630 2025 2668 ne

438 2707 657 2776 quando
684 2706 1068 2761 obliviscantur
1096 2707 1279 2775 populi
1315 2708 1412 2760 tui.
1446 2704 1684 2762 Rursum
1716 2707 2021 2776 pluraliter,

439 2814 504 2852 ne
531 2798 880 2863 occidaseos,
904 2797 1103 2866 inquit,
1121 2797 1358 2866 disperge
1392 2797 1537 2860 illos,
1568 2806 1618 2850 et
1645 2797 1841 2864 depone
1864 2798 2020 2860 illos;

438 2900 567 2939 cun
600 2897 780 2938 tamen
806 2900 916 2952 quo
940 2891 1187 2952 tempore
1218 2884 1332 2936 bare
1363 2883 1804 2954 proferebantur,
1838 2886 2022 2940 nullus

439 2971 586 3028 alius
633 2987 700 3026 ex
755 2971 985 3025 historia
1022 2970 1209 3024 Davidi
1261 2971 1518 3026 inimicus
1562 2971 1792 3040 feratur,
1823 2984 2020 3046 praeter

2125 1810 2603 1880 σωφρονισθέντες,
2645 1809 3105 1879 καθυπετάγησαν
3138 1807 3214 1876 τῷ
3249 1806 3501 1877 σωτηρίῳ
3539 1805 3702 1876 λόγῳ,

2127 1897 2218 1948 Διὸ
2245 1896 2554 1964 ἐπιλέγεται
2594 1896 2720 1967 ἑξῆς
2751 1898 2817 1950 ἐκ
2854 1895 3144 1967 προσώπου
3186 1895 3280 1948 τοῦ
3311 1894 3591 1965 Σωτῆρος·
3637 1894 3708 1949 Τὸ

2131 1984 2348 2051 κράτος
2388 2002 2508 2054 μου
2552 1985 2703 2052 πρὸς
2741 1985 2817 2039 σὲ
2856 1985 3137 2053 φυλάξω,
3171 1985 3262 2038 ὅτι
3301 1988 3333 2038 d
3364 1985 3508 2050 Θεὸς
3543 1985 3708 2039 ἀντι-

2131 2074 2375 2142 λήεπτωρ
2406 2090 2560 2142 μου,
2611 2077 2643 2127 ὀ
2680 2075 2825 2139 Θεός
2850 2091 3006 2142 μου,
3028 2075 3093 2127 τὸ
3123 2073 3298 2139 ἕλεος
3337 2073 3524 2128 αὑτοῦ
3563 2091 3707 2141 προ-

2131 2165 2348 2234 φθάσει
2375 2181 2452 2234 με
2471 2181 2484 2194 ·
2522 2167 2554 2218 ό
2582 2164 2726 2230 Θεὸς
2751 2163 2934 2228 δείξει
2951 2181 3052 2234 μοι
3074 2164 3144 2216 ἐν
3165 2163 3288 2230 τοῖς
3308 2163 3543 2232 ἐχθροῖς
3563 2178 3707 2233 μου·

2131 2253 2336 2325 ἢκατὰ
2382 2253 2473 2306 τὸν
2511 2253 2835 2330 Σύμμαχον,
2877 2252 3132 2306 Ἐπιδεῖν
3181 2253 3420 2316 ποιήσει
3467 2270 3544 2322 με
3583 2253 3712 2318 τοῖς

2129 2341 2574 2410 ἀποτειχίζουσι
2614 2358 2709 2412 με.
2757 2343 2867 2394 Καὶ
2909 2343 2968 2394 ὲν
3011 2341 3182 2410 ἑτέρῳ
3227 2340 3284 2394 δὲ
3313 2340 3556 2411 εἴρηται·
3597 2339 3709 2395 Καὶ

2126 2433 2368 2488 ἐπεῖδεν
2405 2436 2436 2487 ό
2465 2433 2773 2502 ὀφθαλμός
2795 2449 2916 2500 μου
2947 2433 3018 2485 ἐν
3044 2430 3168 2496 σοῖς
3212 2429 3710 2498 ὲπανισταμένοτς

2127 2527 2220 2581 ἐπ’
2251 2525 2358 2596 ἐμὲ
2402 2523 2908 2594 πονηρευομένοις
2926 2563 2941 2588 ,
3016 2523 3438 2576 είσακούσεται
3481 2520 3548 2574 τὸ
3595 2515 3710 2586 οὖς

2120 2635 2262 2686 μου.
2320 2614 2484 2669 Ἀλλὰ
2518 2615 2612 2674 καὶ
2651 2617 2680 2667 ό
2709 2613 2872 2668 Δαυῒδ
2919 2612 3010 2668 τοῦ
3035 2612 3209 2670 Σαοὺλ
3247 2611 3345 2680 τὴν
3379 2610 3585 2664 πτῶσιν
3612 2611 3710 2664 καὶ

2124 2707 2223 2779 τὴν
2261 2706 2513 2777 τελευτὴν
2555 2701 2713 2768 εἶδεν,
2765 2704 2942 2759 ὲπεῖδέ
2975 2718 3033 2758 τε
3062 2702 3228 2757 αὑτοῦ
3254 2706 3320 2773 τῇ
3356 2704 3706 2773 καταστροφῇ

2124 2799 2219 2856 τοῦ
2264 2798 2516 2855 Θανάτου.
2575 2798 2674 2866 Μὴ
2729 2797 3092 2866 ἀποκτείνῃς
3151 2795 3416 2861 αὐτοὺς,
3474 2793 3712 2864 μήποτε

2124 2887 2519 2942 ἐπιλάθωνται
2564 2885 2671 2941 τοῦ
2709 2885 2864 2940 λαοῦ
2909 2901 3045 2940 σου.
3094 2885 3262 2938 Πάλιν
3306 2884 3709 2956 πληθυντικῶς,

2125 2980 2224 3049 Μὴ
2259 2980 2623 3046 ἀποκτείνῃς
2652 2977 2908 3041 αὐτοὺς,
2927 2976 3111 3047 φησι,
3142 2976 3239 3029 καί
3273 2975 3714 3041 arae-Mp1:th

442 3078 611 3117 unum
647 3062 888 3117 Saulem.
918 3061 1120 3117 Verum
1163 3062 1279 3116 haec
1311 3063 1476 3118 etiam
1509 3079 1577 3122 ex
1625 3081 1861 3134 persona
1904 3066 2022 3121 Sale

2126 3072 2367 3137 αὐτοὺς,
2401 3071 2500 3124 καὶ
2533 3067 2828 3136 κατάταγε
2864 3069 3086 3133 αὐτούς
3107 3085 3119 3097 ·
3169 3066 3380 3128 οὐδενὸς
3406 3063 3603 3136 ἐχθροῦ
3633 3063 3713 3132 τῷ

441 3153 653 3208 vatoris
686 3152 926 3224 Spiritus
959 3153 1312 3223 propheticus
1344 3154 1699 3219 vociferatur,
1730 3156 1798 3211 de
1827 3158 1895 3214 iis
1913 3160 2027 3214 sci-

443 3244 592 3309 licet,
618 3245 712 3315 qui
745 3235 1008 3300 adversus
1047 3260 1106 3302 se
1147 3247 1586 3309 insurrexerunt,
1617 3247 1684 3300 de
1710 3249 1910 3317 quibus
1942 3249 2023 3304 di-

450 3341 601 3387 ctum
644 3351 658 3388 :
705 3332 776 3386 Et
818 3335 1000 3402 populi
1043 3334 1282 3388 meditati
1322 3344 1445 3392 sunt
1494 3336 1697 3390 inania.
1733 3337 2026 3394 Astiterunt

441 3438 584 3492 reges
611 3431 768 3477 terra:
799 3437 848 3477 et
882 3425 1143 3492 principes
1187 3435 1534 3478 convenerunt
1569 3426 1622 3477 in
1651 3442 1810 3479 unum
1843 3428 2028 3482 adrer-

441 3531 532 3574 sus
560 3514 848 3569 Dominum
871 3525 918 3570 et
950 3517 1202 3570 adversus
1235 3515 1504 3570 Christum
1533 3515 1648 3584 ejus
1684 3518 1750 3571 ⁸⁸.
1782 3517 1895 3574 llos
1927 3520 2026 3588 igi-

441 3612 535 3659 tur
581 3606 676 3675 qui
717 3607 997 3662 incassum
1031 3606 1347 3678 prophetias
1387 3607 1562 3678 ipsius
1595 3608 1835 3667 meditati
1873 3620 2024 3673 sunt,

442 3711 511 3759 ac
550 3697 830 3767 principes
859 3696 1139 3766 ducesque
1171 3713 1360 3751 eorum
1400 3715 1463 3751 ne
1509 3698 1743 3762 occidas,
1801 3699 1895 3754 sed
1945 3701 2028 3754 di-

443 3798 639 3855 sperge
671 3791 726 3837 et
762 3783 993 3854 depone.
1031 3782 1294 3839 Precatur
1324 3793 1506 3838 autem
1551 3785 1700 3854 ipsos
1747 3796 1812 3839 ex
1856 3787 2025 3856 gradu

441 3873 614 3943 dejici
650 3893 664 3927 :
701 3865 848 3942 quod
885 3873 1058 3928 etiam
1106 3871 1311 3928 factum
1363 3883 1467 3928 est.
1529 3872 1648 3930 Non
1685 3874 2028 3943 ultraigitur

445 3979 569 4027 rex,
601 3979 711 4017 non
737 3963 1015 4034 principes
1046 3963 1418 4026 sacerdotum,
1452 3978 1562 4019 non
1601 3964 1894 4034 prOpheta;
1930 3965 2025 4019 sed

445 4070 626 4126 neque
679 4054 909 4121 Scribae,
961 4055 1223 4114 Pharisaei
1271 4063 1326 4110 et
1361 4055 1646 4111 Sadduczci
1685 4071 1852 4126 penes
1901 4057 2026 4114 illos

443 4153 597 4202 sunt.
642 4145 758 4200 Nec
805 4154 988 4202 tamen
1032 4148 1184 4217 ipsos
1217 4146 1395 4201 occidi
1433 4156 1608 4215 rogat.
1640 4146 1820 4219 Quare
1853 4163 2025 4217 genus

441 4252 636 4293 eorum
669 4238 946 4303 subsistit,
973 4246 1029 4293 et
1052 4238 1287 4296 ﬁliorum
1311 4237 1590 4296 successio
1613 4238 1894 4292 accrescit.
1918 4237 2025 4293 Ne-

442 4344 550 4398 que
575 4329 722 4383 enim
745 4316 947 4391 occisi,
965 4328 1045 4382 vel
1071 4326 1138 4382 de
1159 4327 1340 4383 medio
1365 4327 1644 4382 hominum
1669 4328 1896 4396 sublati;
1929 4329 2024 4385 sed

2127 3162 2290 3216 Δαυῒδ
2321 3161 2443 3215 καθ’
2469 3161 2528 3215 ὃν
2552 3160 2745 3234 καιρὸν
2787 3158 2960 3212 ταῦτα
3002 3157 3219 3224 ἐλέγετο
3269 3155 3617 3224 δεικνυμένου
3645 3153 3732 3212 ὲκ,

2125 3255 2224 3323 τῆς
2287 3253 2531 3323 ἱστορίας
2577 3251 2610 3321 ἢ
2671 3251 2833 3320 μόνου
2885 3245 2981 3302 τοῦ
3028 3247 3218 3300 Σαούλ.
3265 3245 3426 3298 Ἀλλὰ
3471 3245 3581 3314 γὰρ
3615 3244 3712 3296 καὶ

2125 3344 2298 3396 ταῦτα
2333 3343 2394 3395 τὸ
2436 3341 2654 3412 πνεῦμα
2694 3342 2757 3396 τὸ
2803 3339 3140 3413 προφητικὸν
3182 3340 3246 3391 ὲκ
3280 3334 3574 3407 προσώπου
3612 3332 3709 3386 τοῦ

2127 3433 2379 3502 Σωτῆρος
2422 3434 2694 3498 ἁναφωνεῐ
2741 3431 2869 3500 περὶ
2911 3429 3018 3482 τῶν
3065 3426 3485 3480 ἐπαναστάντων
3536 3422 3706 3492 αὐτῷ.

2128 3523 2257 3590 περὶ
2308 3517 2383 3573 ὧν
2429 3521 2644 3588 ἐλέγετο
2671 3539 2684 3551 ·
2748 3521 2858 3573 Καὶ
2896 3517 3045 3573 ’λαοὶ
3104 3515 3480 3584 ἐμελέτησαν
3538 3507 3706 3564 κενά.

2129 3607 2530 3675 Παρέστησαν
2571 3614 2626 3662 οἱ
2656 3609 2940 3674 βασιλεῖς
2973 3605 3083 3674 τῆς
3107 3603 3238 3675 γῆς,
3273 3604 3370 3656 καί
3404 3604 3459 3654 οἱ
3489 3600 3708 3667 ἄρχον-

2128 3717 2225 3764 τες
2271 3699 2671 3766 συνέστησαν
2714 3700 2811 3752 ἐπὶ
2864 3699 2931 3752 τὸ
2977 3697 3131 3751 αὑτὸν
3161 3695 3327 3749 κατὰ-
3356 3692 3461 3746 τοῦ
3477 3684 3710 3756 ‘chlov

2128 3789 2228 3844 καὶ
2265 3789 2412 3842 κατὰ
2439 3789 2544 3842 τοῦ
2566 3790 2824 3857 Χριστοῦ
2857 3787 3065 3843 αὐτοῦ.
3083 3785 3314 3849 Τούτους
3341 3780 3434 3837 οὖν
3470 3782 3596 3843 τοὺς
3627 3781 3710 3842 είς

2128 3878 2283 3932 κενὸν
2335 3877 2434 3940 τὰς
2487 3879 2614 3948 περὶ
2668 3878 2831 3930 αὑτοῦ
2894 3875 3232 3947 προφητείας
3285 3873 3706 3944 μελετήσαντας,

2128 3969 2253 4032 τούς
2305 3986 2364 4021 τε
2425 3969 2691 4039 ἄρχοντας
2746 3969 2926 4022 αὐτῶν
2981 3969 3076 4021 καὶ
3135 3964 3580 4035 καθηγουμένους
3619 3958 3708 4029 μὴ

2127 4061 2507 4127 ἀποκτείνῃς,
2562 4061 2748 4129 φησὶν,
2804 4059 2940 4113 ἀλλὰ
2991 4057 3378 4127 διασκόρπισον
3432 4053 3527 4106 καὶ
3571 4067 3708 4104 κατ-

2127 4153 2324 4220 άγαγε.
2375 4153 2610 4222 Εῡχεται
2649 4152 2705 4204 δὲ
2745 4152 2960 4212 αὐτοὺςκ
2989 4147 3382 4218 καθαιρεθῆναι
3412 4144 3506 4198 τοῦ
3549 4139 3713 4206 disdi-

2131 4261 2327 4313 ματος’
2363 4243 2391 4296 ὃ
2423 4244 2480 4296 δὲ
2511 4243 2606 4296 καὶ
2634 4243 2874 4310 γέγονεν.
2909 4239 3106 4294 Οὐκέτι
3132 4237 3261 4306 γοῦν
3290 4235 3564 4308 βασιλεὺς,
3581 4229 3711 4284 οὐδὲ

2129 4334 2439 4404 ἀρχιερεὺς,
2496 4333 2616 4386 οὐδὲ
2671 4335 2978 4404 προφήτης,
3037 4330 3151 4383 ἀλλ’
3200 4329 3319 4380 οὐδὲ
3362 4324 3709 4397 γραμματεῖς

442 4421 712 4485 hactenus
753 4418 1079 4488 superstites
1118 4425 1273 4482 sunt;
1310 4417 1386 4470 ita
1420 4425 1601 4471 tamen
1631 4428 1688 4472 ut
1718 4419 1786 4473 ab
1821 4418 2022 4476 honore

2133 4403 2228 4478 καὶ
2270 4403 2570 4495 Φαρισαῖοι,
2605 4403 2727 4476 και
2757 4423 3103 4476 Σαδδουκαῖοι
3145 4420 3275 4488 παρ’
3314 4417 3498 4478 αὐτοῖς
3547 4416 3708 4467 εἰσιν.

442 4526 554 4581 quo
594 4510 783 4565 donati
813 4509 942 4582 olim
984 4523 1014 4565 a
1057 4507 1165 4562 Deo
1209 4506 1446 4572 fuerant,
1474 4508 1674 4578 dejecti
1705 4524 1768 4564 ac
1811 4509 2023 4580 depulsi

446 4602 580 4657 sint.
614 4599 722 4654 Sed
753 4600 919 4653 etiam
952 4598 1205 4671 disperge
1238 4596 1382 4658 illos,
1422 4598 1518 4660 ait,
1562 4600 1617 4652 in
1660 4599 1864 4654 virtute
1896 4609 2020 4666 tua;

446 4690 583 4753 sive,
613 4687 914 4742 secundum
944 4683 1355 4757 Symmachum,
1388 4686 1643 4742 Extorres
1673 4688 1759 4754 [ac
1789 4705 1878 4743 eos
1920 4690 2024 4742 vir-

448 4787 560 4834 tute
580 4788 693 4830 tua.
723 4775 881 4841 Quod
921 4789 1089 4829 verno
1116 4777 1311 4844 quovis
1349 4777 1555 4854 clarius
1591 4793 1770 4832 rerum
1796 4787 2024 4834 eventus

447 4869 716 4934 declarat,
745 4866 974 4922 Judaico
1005 4868 1208 4937 populo
1241 4883 1340 4937 per
1366 4884 1560 4924 omnes
1596 4880 1785 4940 gentes
1811 4871 2026 4940 disper-

450 4973 537 5023 so,
574 4965 738 5028 atque
772 4966 993 5022 extorre
1036 4956 1214 5026 facto;
1239 4958 1315 5014 ita
1367 4967 1450 5025 ut,
1498 4961 1545 5015 si
1577 4976 1641 5016 ea
1671 4963 1738 5016 de
1767 4977 1828 5016 re
1853 4961 2024 5018 Judaei

352 5073 371 5096 υ
450 5050 624 5113 altum
656 5049 872 5118 sapiant
936 5048 1079 5120 quod
1112 5064 1304 5106 omnes
1332 5054 1821 5123 gentes’repleant,
1853 5055 2026 5124 apud-

451 5155 562 5220 que
603 5139 872 5196 barbaros
913 5147 967 5194 et
1012 5139 1068 5194 in
1105 5141 1285 5196 medio
1319 5143 1636 5210 mimorum
1669 5145 1870 5217 degant
1895 5188 1910 5209 ,
1974 5155 2029 5201 at

451 5233 634 5290 sciant
662 5231 1063 5289 maledictionis
1086 5236 1313 5290 vocibus
1353 5235 1408 5289 id
1429 5236 1499 5291 de
1526 5237 1660 5306 ipsis
1687 5239 2028 5307 praenuntia-

452 5328 569 5377 tum
602 5322 793 5378 fuisse.
818 5321 946 5378 llrec
979 5324 1162 5394 itaque
1187 5325 1471 5395 prophetia
1508 5328 1588 5382 sic
1621 5328 1689 5383 de
1724 5327 1918 5383 iisdem
1942 5330 2023 5385 lo-

452 5411 642 5479 quitur
673 5429 688 5467 :
727 5410 973 5483 Disperge
1002 5412 1124 5467 illos
1158 5413 1210 5466 in
1240 5413 1428 5467 uirtute
1460 5423 1570 5481 tua,
1595 5426 1643 5470 et
1681 5415 1882 5486 depone
1910 5434 2023 5486 eos,

503 5584 587 5674 ,⁸⁸
609 5585 754 5646 Psal.
791 5605 911 5667 rei,
947 5591 1154 5678 12.“?
1183 5591 1338 5678 .Psal.
1374 5609 1436 5661 ll,
1469 5593 1603 5681 με,

2132 4515 2204 4566 Οὐ
2250 4514 2356 4585 μὴν
2391 4514 2488 4567 καὶ
2540 4513 2944 4582 ἀποκτανθῆναι
2984 4509 3180 4572 αὐτούς
3230 4524 3382 4578 φησι.
3445 4505 3538 4558 Διὸ
3584 4519 3710 4557 συν-

2130 4607 2360 4676 έστηκεν
2411 4603 2590 4657 αὐτῶν
2628 4603 2689 4656 τὸ
2750 4603 2928 4670 γένος,
2996 4600 3090 4654 καὶ
3125 4598 3233 4651 τῶν
3280 4597 3486 4650 παίδων
3531 4597 3566 4664 ὴ
3587 4595 3714 4648 δια-

2088 4734 2090 4738 τ
2130 4697 2260 4767 δοχὴ
2331 4694 2608 4766 πληθύνει.
2669 4694 2744 4747 Οὐ
2797 4693 2906 4764 γὰρ
2951 4689 3409 4758 ἀπεκτάνθησαν,
3475 4684 3596 4738 οὐδὲ
3647 4681 3708 4747 ἐξ

2133 4786 2433 4854 ἀνθρώπων
2484 4783 2926 4854 ἀτιεσϐἐσθησαν”
2982 4781 3094 4834 ἀλλ’
3136 4781 3242 4832 εἰσὶ
3301 4779 3398 4849 μὲν
3454 4778 3550 4839 καὶ
3601 4777 3707 4844 ὑφ’

2134 4878 2460 4947 εστήκασιψ
2503 4873 2644 4926 οὕτω
2696 4873 2751 4926 δὲ
2792 4874 2867 4936 ὡς
2925 4869 3387 4938 καταϐεϐλημένα
3435 4869 3529 4921 καὶ
3578 4883 3711 4919 κατ-

2134 4965 2486 5036 ενηνεγμένοι
2547 4957 2615 5036 ἦς
2675 4963 2840 5018 πάλαι
2891 4962 3119 5032 ὴξίωντο
3171 4960 3318 5031 παρὰ
3363 4959 3482 5028 Θεῷ
3519 4958 3707 5027 τιμῆς.

2149 5055 2308 5108 Ἀλλὰ
2358 5055 2452 5108 καὶ
2511 5055 2904 5126 διασκόρπισον.
2955 5051 3151 5116 αὐτοὺς
3179 5091 3194 5115 ,
3256 5051 3449 5121 φησιν,
3513 5049 3571 5101 ὲν
3642 5050 3712 5118 τῇ

2135 5145 2383 5214 δυνάμει
2448 5162 2563 5200 σου
2581 5163 2595 5176 ·
2654 5145 2687 5217 ἢ
2726 5145 2864 5199 κατὰ
2917 5144 3008 5198 τὸν
3038 5143 3360 5214 Σύμμαχον·
3431 5137 3711 5194 Ἀναστόυ

2135 5254 2331 5291 τωσον
2374 5236 2595 5302 αὐτοὺς
2633 5234 2705 5303 τῇ
2739 5234 2996 5304 δυνάμει
3041 5251 3178 5288 σου.
3219 5233 3284 5285 "0
3320 5231 3385 5302 δὴ
3438 5229 3531 5283 καὶ
3573 5227 3712 5294 αὐτὸ

2131 5328 2191 5380 τὸ
2219 5329 2452 5398 πρᾶγμα
2487 5328 2875 5398 ἐναργέστερον
2909 5325 3110 5388 παντὸς
3150 5324 3308 5393 λόγου
3357 5323 3708 5393 παρίστησιν,

2131 5419 2443 5492 ἅπανταχοῦ
2462 5421 2566 5491 γῆς
2587 5419 2680 5474 τοῦ
2708 5419 2975 5474 Ἰουδαίων
2997 5418 3180 5482 ἔθνους
3202 5411 3710 5486 διεσκορπισμένου,
