  <div class='ocr_page' id='page_1' title='image "/cluster/home/n/w/nwhite01/storage/ocr_20150623/23/hvd.32044073501116/280.png"; bbox 0 0 4024 6202; ppageno 0'>
   <div class='ocr_carea' id='block_1_1' title="bbox 288 242 3531 304">
    <p class='ocr_par' dir='ltr' id='par_1_1' title="bbox 288 242 3531 304">
     <span class='ocr_line' id='line_1_1' title="bbox 288 242 3531 304; baseline -0.001 -1"><span class='ocrx_word' id='word_1_1' title='bbox 288 244 389 303; x_wconf 63' lang='lat'><strong>519</strong></span> <span class='ocrx_word' id='word_1_2' title='bbox 1407 242 1904 304; x_wconf 77' lang='lat' dir='ltr'><strong>COMMENTARIA</strong></span> <span class='ocrx_word' id='word_1_3' title='bbox 1944 245 2013 302; x_wconf 86' lang='lat' dir='ltr'><strong>IN</strong></span> <span class='ocrx_word' id='word_1_4' title='bbox 2050 244 2392 302; x_wconf 77' lang='lat' dir='ltr'><strong>PSALMOS.</strong></span> <span class='ocrx_word' id='word_1_5' title='bbox 3422 243 3531 301; x_wconf 74' lang='lat'><strong>550</strong></span> 
     </span>
    </p>
   </div>
   <div class='ocr_carea' id='block_1_2' title="bbox 258 348 1859 445">
    <p class='ocr_par' dir='ltr' id='par_1_2' title="bbox 258 348 1849 445">
     <span class='ocr_line' id='line_1_2' title="bbox 258 348 1849 445; baseline 0 -28"><span class='ocrx_word' id='word_1_6' title='bbox 258 438 261 443; x_wconf 21' lang='grc' dir='ltr'><strong>Δ</strong></span> <span class='ocrx_word' id='word_1_7' title='bbox 287 363 464 426; x_wconf 80' lang='grc' dir='ltr'>αὐτοῖς</span> <span class='ocrx_word' id='word_1_8' title='bbox 488 359 688 445; x_wconf 75' lang='grc' dir='ltr'>ἔργοις,</span> <span class='ocrx_word' id='word_1_9' title='bbox 715 360 797 416; x_wconf 82' lang='grc' dir='ltr'>ὅτι</span> <span class='ocrx_word' id='word_1_10' title='bbox 828 348 859 415; x_wconf 85' lang='lat'><strong>6</strong></span> <span class='ocrx_word' id='word_1_11' title='bbox 886 359 1052 416; x_wconf 79' lang='grc' dir='ltr'>πάλαι</span> <span class='ocrx_word' id='word_1_12' title='bbox 1084 361 1216 424; x_wconf 77' lang='grc' dir='ltr'>Θεὸς</span> <span class='ocrx_word' id='word_1_13' title='bbox 1260 360 1451 414; x_wconf 81' lang='grc' dir='ltr'>Ἰακὼὸ</span> <span class='ocrx_word' id='word_1_14' title='bbox 1476 363 1849 434; x_wconf 78' lang='grc' dir='ltr'><strong>χρηματίζων,</strong></span> 
     </span>
    </p>
   </div>
   <div class='ocr_carea' id='block_1_3' title="bbox 1963 348 3527 445">
    <p class='ocr_par' dir='ltr' id='par_1_3' title="bbox 1963 358 3527 445">
     <span class='ocr_line' id='line_1_3' title="bbox 1963 358 3527 445; baseline 0.001 -30"><span class='ocrx_word' id='word_1_15' title='bbox 1963 365 2099 417; x_wconf 82' lang='lat' dir='ltr'><strong>uiam</strong></span> <span class='ocrx_word' id='word_1_16' title='bbox 2130 361 2459 445; x_wconf 67' lang='lat' dir='ltr'><strong>prwvuluisti</strong></span> <span class='ocrx_word' id='word_1_17' title='bbox 2491 375 2607 415; x_wconf 87' lang='lat' dir='ltr'><strong>cum</strong></span> <span class='ocrx_word' id='word_1_18' title='bbox 2640 358 2770 427; x_wconf 86' lang='lat' dir='ltr'><strong>Deo,</strong></span> <span class='ocrx_word' id='word_1_19' title='bbox 2804 370 2853 416; x_wconf 88' lang='lat' dir='ltr'><strong>et</strong></span> <span class='ocrx_word' id='word_1_20' title='bbox 2881 378 2996 417; x_wconf 87' lang='lat' dir='ltr'><strong>cum</strong></span> <span class='ocrx_word' id='word_1_21' title='bbox 3021 363 3527 435; x_wconf 70' lang='lat' dir='ltr'><strong>hominibuspotens</strong></span> 
     </span>
    </p>
   </div>
   <div class='ocr_carea' id='block_1_4' title="bbox 286 444 1859 536">
    <p class='ocr_par' dir='ltr' id='par_1_4' title="bbox 286 446 1858 516">
     <span class='ocr_line' id='line_1_4' title="bbox 286 446 1858 516; baseline -0.003 -11"><span class='ocrx_word' id='word_1_22' title='bbox 286 446 435 516; x_wconf 75' lang='grc' dir='ltr'>οὗτος</span> <span class='ocrx_word' id='word_1_23' title='bbox 460 453 621 515; x_wconf 80' lang='grc' dir='ltr'>αὐτὸς</span> <span class='ocrx_word' id='word_1_24' title='bbox 667 452 920 515; x_wconf 79' lang='grc' dir='ltr'>δεσπόζει</span> <span class='ocrx_word' id='word_1_25' title='bbox 968 450 1152 503; x_wconf 81' lang='grc' dir='ltr'>οὐκέτι</span> <span class='ocrx_word' id='word_1_26' title='bbox 1190 448 1281 503; x_wconf 82' lang='grc' dir='ltr'>τοῦ</span> <span class='ocrx_word' id='word_1_27' title='bbox 1333 449 1562 513; x_wconf 78' lang='grc' dir='ltr'>Ἰακὼϐ,</span> <span class='ocrx_word' id='word_1_28' title='bbox 1606 449 1726 502; x_wconf 80' lang='grc' dir='ltr'><strong>οὐδέ</strong></span> <span class='ocrx_word' id='word_1_29' title='bbox 1762 448 1858 501; x_wconf 77' lang='grc' dir='ltr'><strong>τοῦ</strong></span> 
     </span>
    </p>
   </div>
   <div class='ocr_carea' id='block_1_5' title="bbox 1963 444 3529 536">
    <p class='ocr_par' dir='ltr' id='par_1_5' title="bbox 1963 444 3529 536">
     <span class='ocr_line' id='line_1_5' title="bbox 1963 444 3529 536; baseline 0.001 -29"><span class='ocrx_word' id='word_1_30' title='bbox 1963 454 2061 507; x_wconf 82' lang='lat' dir='ltr'><strong>eris</strong></span> <span class='ocrx_word' id='word_1_31' title='bbox 2082 454 2147 505; x_wconf 75' lang='lat'><strong>&quot;.</strong></span> <span class='ocrx_word' id='word_1_32' title='bbox 2175 453 2226 507; x_wconf 86' lang='lat' dir='ltr'><strong>Is</strong></span> <span class='ocrx_word' id='word_1_33' title='bbox 2256 453 2371 521; x_wconf 88' lang='lat' dir='ltr'><strong>ipse</strong></span> <span class='ocrx_word' id='word_1_34' title='bbox 2402 444 2569 521; x_wconf 76' lang='lat' dir='ltr'><strong>igitur</strong></span> <span class='ocrx_word' id='word_1_35' title='bbox 2598 453 2692 522; x_wconf 89' lang='lat' dir='ltr'><strong>qui</strong></span> <span class='ocrx_word' id='word_1_36' title='bbox 2728 448 2870 509; x_wconf 87' lang='lat' dir='ltr'><strong>Deus</strong></span> <span class='ocrx_word' id='word_1_37' title='bbox 2910 450 3429 536; x_wconf 47' lang='lat' dir='ltr'><strong>Jacobjocabatur,</strong></span> <span class='ocrx_word' id='word_1_38' title='bbox 3466 454 3529 508; x_wconf 86' lang='lat' dir='ltr'><strong>ﬁ-</strong></span> 
     </span>
    </p>
   </div>
   <div class='ocr_carea' id='block_1_6' title="bbox 260 538 1859 624">
    <p class='ocr_par' dir='ltr' id='par_1_6' title="bbox 260 538 1859 624">
     <span class='ocr_line' id='line_1_6' title="bbox 260 538 1859 624; baseline -0.002 -29"><span class='ocrx_word' id='word_1_39' title='bbox 260 618 265 624; x_wconf 26' lang='lat'><em>.</em></span> <span class='ocrx_word' id='word_1_40' title='bbox 297 543 532 613; x_wconf 81' lang='grc' dir='ltr'>Ἰσραὴλ,</span> <span class='ocrx_word' id='word_1_41' title='bbox 567 543 704 596; x_wconf 79' lang='grc' dir='ltr'>ἀλλὰ</span> <span class='ocrx_word' id='word_1_42' title='bbox 747 542 965 595; x_wconf 83' lang='grc' dir='ltr'>πάντων</span> <span class='ocrx_word' id='word_1_43' title='bbox 1013 541 1120 593; x_wconf 84' lang='grc' dir='ltr'><strong>τῶν</strong></span> <span class='ocrx_word' id='word_1_44' title='bbox 1152 540 1402 611; x_wconf 77' lang='grc' dir='ltr'><strong>περάτων</strong></span> <span class='ocrx_word' id='word_1_45' title='bbox 1428 538 1531 610; x_wconf 89' lang='grc' dir='ltr'><strong>τῆς</strong></span> <span class='ocrx_word' id='word_1_46' title='bbox 1565 540 1690 610; x_wconf 88' lang='grc' dir='ltr'>γῆς.</span> <span class='ocrx_word' id='word_1_47' title='bbox 1728 539 1859 592; x_wconf 82' lang='grc' dir='ltr'>Θεὸν</span> 
     </span>
    </p>
   </div>
   <div class='ocr_carea' id='block_1_7' title="bbox 1963 538 3529 624">
    <p class='ocr_par' dir='ltr' id='par_1_7' title="bbox 1963 542 3529 614">
     <span class='ocr_line' id='line_1_7' title="bbox 1963 542 3529 614; baseline 0.001 -17"><span class='ocrx_word' id='word_1_48' title='bbox 1963 545 2123 597; x_wconf 90' lang='lat' dir='ltr'><strong>nibus</strong></span> <span class='ocrx_word' id='word_1_49' title='bbox 2161 550 2321 599; x_wconf 70' lang='lat' dir='ltr'><strong>terra:</strong></span> <span class='ocrx_word' id='word_1_50' title='bbox 2363 542 2754 607; x_wconf 84' lang='lat' dir='ltr'><strong>dominabitur,</strong></span> <span class='ocrx_word' id='word_1_51' title='bbox 2805 545 3057 614; x_wconf 88' lang='lat' dir='ltr'><strong>apudque</strong></span> <span class='ocrx_word' id='word_1_52' title='bbox 3102 556 3294 597; x_wconf 89' lang='lat' dir='ltr'><strong>omnes</strong></span> <span class='ocrx_word' id='word_1_53' title='bbox 3341 551 3529 613; x_wconf 79' lang='lat' dir='ltr'><strong>gentes</strong></span> 
     </span>
    </p>
   </div>
   <div class='ocr_carea' id='block_1_8' title="bbox 283 629 1862 704">
    <p class='ocr_par' dir='ltr' id='par_1_8' title="bbox 283 629 1862 704">
     <span class='ocr_line' id='line_1_8' title="bbox 283 629 1862 704; baseline -0.006 -14"><span class='ocrx_word' id='word_1_54' title='bbox 283 636 337 690; x_wconf 85' lang='grc' dir='ltr'><strong>δὲ</strong></span> <span class='ocrx_word' id='word_1_55' title='bbox 370 634 567 688; x_wconf 76' lang='grc' dir='ltr'>Ἰακὼϐ</span> <span class='ocrx_word' id='word_1_56' title='bbox 595 635 689 688; x_wconf 74' lang='grc' dir='ltr'><strong>καὶ</strong></span> <span class='ocrx_word' id='word_1_57' title='bbox 719 634 815 689; x_wconf 83' lang='grc' dir='ltr'>νῦν</span> <span class='ocrx_word' id='word_1_58' title='bbox 851 632 1120 704; x_wconf 81' lang='grc' dir='ltr'><strong>εὐκαίρως</strong></span> <span class='ocrx_word' id='word_1_59' title='bbox 1170 631 1452 701; x_wconf 85' lang='grc' dir='ltr'>ὠνόμασε,</span> <span class='ocrx_word' id='word_1_60' title='bbox 1494 631 1587 683; x_wconf 83' lang='grc' dir='ltr'><strong>τὸν</strong></span> <span class='ocrx_word' id='word_1_61' title='bbox 1629 629 1862 700; x_wconf 81' lang='grc' dir='ltr'>Χριστὸν</span> 
     </span>
    </p>
   </div>
   <div class='ocr_carea' id='block_1_9' title="bbox 281 718 1863 797">
    <p class='ocr_par' dir='ltr' id='par_1_9' title="bbox 281 718 1863 797">
     <span class='ocr_line' id='line_1_9' title="bbox 281 718 1863 797; baseline -0.006 -19"><span class='ocrx_word' id='word_1_62' title='bbox 281 724 560 797; x_wconf 80' lang='grc' dir='ltr'><strong>δηλώσας·</strong></span> <span class='ocrx_word' id='word_1_63' title='bbox 592 725 753 787; x_wconf 78' lang='grc' dir='ltr'>αὐτὸς</span> <span class='ocrx_word' id='word_1_64' title='bbox 776 725 884 795; x_wconf 77' lang='grc' dir='ltr'><strong>γὰρ</strong></span> <span class='ocrx_word' id='word_1_65' title='bbox 923 719 991 794; x_wconf 79' lang='grc' dir='ltr'>ἦν</span> <span class='ocrx_word' id='word_1_66' title='bbox 1020 725 1048 775; x_wconf 98' lang='lat'><strong>6</strong></span> <span class='ocrx_word' id='word_1_67' title='bbox 1079 724 1136 775; x_wconf 90' lang='grc' dir='ltr'><strong>ἐν</strong></span> <span class='ocrx_word' id='word_1_68' title='bbox 1182 721 1471 793; x_wconf 78' lang='grc' dir='ltr'>ἀνθρώπου</span> <span class='ocrx_word' id='word_1_69' title='bbox 1518 718 1758 788; x_wconf 88' lang='grc' dir='ltr'>σχήματί</span> <span class='ocrx_word' id='word_1_70' title='bbox 1801 734 1863 769; x_wconf 85' lang='grc' dir='ltr'><strong>τε</strong></span> 
     </span>
    </p>
   </div>
   <div class='ocr_carea' id='block_1_10' title="bbox 282 807 1860 887">
    <p class='ocr_par' dir='ltr' id='par_1_10' title="bbox 282 807 1860 887">
     <span class='ocr_line' id='line_1_10' title="bbox 282 807 1860 887; baseline -0.006 -18"><span class='ocrx_word' id='word_1_71' title='bbox 282 815 378 870; x_wconf 75' lang='grc' dir='ltr'><strong>καὶ</strong></span> <span class='ocrx_word' id='word_1_72' title='bbox 408 819 588 887; x_wconf 80' lang='grc' dir='ltr'>μορφῇ</span> <span class='ocrx_word' id='word_1_73' title='bbox 632 815 710 886; x_wconf 82' lang='grc' dir='ltr'><strong>τῷ</strong></span> <span class='ocrx_word' id='word_1_74' title='bbox 752 812 1061 885; x_wconf 79' lang='grc' dir='ltr'>πατριάρχῃ</span> <span class='ocrx_word' id='word_1_75' title='bbox 1100 810 1294 865; x_wconf 80' lang='grc' dir='ltr'>Ἰακὼϐ</span> <span class='ocrx_word' id='word_1_76' title='bbox 1336 811 1557 880; x_wconf 76' lang='grc' dir='ltr'>ὀφθεὶς,</span> <span class='ocrx_word' id='word_1_77' title='bbox 1593 809 1682 861; x_wconf 82' lang='grc' dir='ltr'>ὅτε</span> <span class='ocrx_word' id='word_1_78' title='bbox 1722 807 1860 861; x_wconf 87' lang='grc' dir='ltr'>ἐπά-</span> 
     </span>
    </p>
   </div>
   <div class='ocr_carea' id='block_1_11' title="bbox 281 898 1860 978">
    <p class='ocr_par' dir='ltr' id='par_1_11' title="bbox 281 898 1860 978">
     <span class='ocr_line' id='line_1_11' title="bbox 281 898 1860 978; baseline -0.007 -17"><span class='ocrx_word' id='word_1_79' title='bbox 281 908 433 962; x_wconf 82' lang='grc' dir='ltr'>λαιεν</span> <span class='ocrx_word' id='word_1_80' title='bbox 461 907 745 978; x_wconf 80' lang='grc' dir='ltr'>ἄνθρωπος</span> <span class='ocrx_word' id='word_1_81' title='bbox 790 906 909 976; x_wconf 88' lang='grc' dir='ltr'>μετ’</span> <span class='ocrx_word' id='word_1_82' title='bbox 949 902 1139 957; x_wconf 80' lang='grc' dir='ltr'>αὐτοῦ.</span> <span class='ocrx_word' id='word_1_83' title='bbox 1187 899 1564 971; x_wconf 77' lang='grc' dir='ltr'>Μετονομάζει</span> <span class='ocrx_word' id='word_1_84' title='bbox 1610 915 1669 951; x_wconf 85' lang='grc' dir='ltr'><strong>τε</strong></span> <span class='ocrx_word' id='word_1_85' title='bbox 1700 898 1860 951; x_wconf 80' lang='grc' dir='ltr'>αὐτὸν</span> 
     </span>
    </p>
   </div>
   <div class='ocr_carea' id='block_1_12' title="bbox 280 988 1857 1067">
    <p class='ocr_par' dir='ltr' id='par_1_12' title="bbox 280 988 1857 1067">
     <span class='ocr_line' id='line_1_12' title="bbox 280 988 1857 1067; baseline -0.006 -16"><span class='ocrx_word' id='word_1_86' title='bbox 280 997 458 1067; x_wconf 80' lang='grc' dir='ltr'>λέγων</span> <span class='ocrx_word' id='word_1_87' title='bbox 477 1015 490 1028; x_wconf 83' lang='lat'><strong><em>°</em></strong></span> <span class='ocrx_word' id='word_1_88' title='bbox 528 996 739 1051; x_wconf 80' lang='grc' dir='ltr'><strong>Οὐκέτι</strong></span> <span class='ocrx_word' id='word_1_89' title='bbox 771 996 1139 1064; x_wconf 73' lang='grc' dir='ltr'>κληθήσεται</span> <span class='ocrx_word' id='word_1_90' title='bbox 1170 992 1238 1045; x_wconf 87' lang='grc' dir='ltr'>τὸ</span> <span class='ocrx_word' id='word_1_91' title='bbox 1273 989 1462 1060; x_wconf 77' lang='grc' dir='ltr'>ὄνομά</span> <span class='ocrx_word' id='word_1_92' title='bbox 1491 1006 1608 1043; x_wconf 92' lang='grc' dir='ltr'>σου</span> <span class='ocrx_word' id='word_1_93' title='bbox 1642 988 1857 1052; x_wconf 78' lang='grc' dir='ltr'>Ἰακὼϐ,</span> 
     </span>
    </p>
   </div>
   <div class='ocr_carea' id='block_1_13' title="bbox 280 1080 1861 1159">
    <p class='ocr_par' dir='ltr' id='par_1_13' title="bbox 280 1080 1861 1159">
     <span class='ocr_line' id='line_1_13' title="bbox 280 1080 1861 1159; baseline -0.008 -15"><span class='ocrx_word' id='word_1_94' title='bbox 280 1091 417 1143; x_wconf 73' lang='grc' dir='ltr'><strong>ἀλλ’</strong></span> <span class='ocrx_word' id='word_1_95' title='bbox 451 1086 685 1155; x_wconf 73' lang='grc' dir='ltr'>Ἰσραὴλ</span> <span class='ocrx_word' id='word_1_96' title='bbox 718 1088 887 1141; x_wconf 78' lang='grc' dir='ltr'>ἔσται</span> <span class='ocrx_word' id='word_1_97' title='bbox 912 1085 979 1139; x_wconf 86' lang='grc' dir='ltr'>τὸ</span> <span class='ocrx_word' id='word_1_98' title='bbox 1004 1083 1193 1159; x_wconf 78' lang='grc' dir='ltr'>ὄνομά</span> <span class='ocrx_word' id='word_1_99' title='bbox 1218 1098 1335 1136; x_wconf 90' lang='grc' dir='ltr'>σου</span> <span class='ocrx_word' id='word_1_100' title='bbox 1356 1099 1370 1112; x_wconf 82' lang='grc'><strong><em>⁸</em></strong></span> <span class='ocrx_word' id='word_1_101' title='bbox 1406 1081 1495 1134; x_wconf 84' lang='grc' dir='ltr'>ὅτι</span> <span class='ocrx_word' id='word_1_102' title='bbox 1524 1080 1861 1149; x_wconf 76' lang='grc' dir='ltr'>ἐνίσχυσας</span> 
     </span>
    </p>
   </div>
   <div class='ocr_carea' id='block_1_14' title="bbox 186 1169 1855 1255">
    <p class='ocr_par' dir='ltr' id='par_1_14' title="bbox 186 1169 1855 1255">
     <span class='ocr_line' id='line_1_14' title="bbox 186 1169 1855 1255; baseline -0.005 -22"><span class='ocrx_word' id='word_1_103' title='bbox 186 1252 191 1255; x_wconf 85' lang='lat'>_</span> <span class='ocrx_word' id='word_1_104' title='bbox 276 1179 427 1247; x_wconf 83' lang='grc' dir='ltr'>μετὰ</span> <span class='ocrx_word' id='word_1_105' title='bbox 476 1178 583 1231; x_wconf 87' lang='grc' dir='ltr'>τοῦ</span> <span class='ocrx_word' id='word_1_106' title='bbox 638 1177 820 1241; x_wconf 83' lang='grc' dir='ltr'><strong>Θεοῦ,</strong></span> <span class='ocrx_word' id='word_1_107' title='bbox 862 1175 961 1229; x_wconf 76' lang='grc' dir='ltr'>καὶ</span> <span class='ocrx_word' id='word_1_108' title='bbox 1004 1172 1156 1244; x_wconf 80' lang='grc' dir='ltr'>μετὰ</span> <span class='ocrx_word' id='word_1_109' title='bbox 1205 1171 1530 1239; x_wconf 80' lang='grc' dir='ltr'>ἀνθρώπων</span> <span class='ocrx_word' id='word_1_110' title='bbox 1579 1169 1855 1234; x_wconf 84' lang='grc' dir='ltr'>δυνατός.</span> 
     </span>
    </p>
   </div>
   <div class='ocr_carea' id='block_1_15' title="bbox 281 1258 1859 1335">
    <p class='ocr_par' dir='ltr' id='par_1_15' title="bbox 281 1258 1859 1335">
     <span class='ocr_line' id='line_1_15' title="bbox 281 1258 1859 1335; baseline -0.006 -14"><span class='ocrx_word' id='word_1_111' title='bbox 281 1268 450 1332; x_wconf 77' lang='grc' dir='ltr'>Αὐτὸς</span> <span class='ocrx_word' id='word_1_112' title='bbox 475 1260 566 1321; x_wconf 75' lang='grc' dir='ltr'><strong>οὖν</strong></span> <span class='ocrx_word' id='word_1_113' title='bbox 592 1269 798 1330; x_wconf 87' lang='grc' dir='ltr'>ἐκεῖνος</span> <span class='ocrx_word' id='word_1_114' title='bbox 826 1269 854 1321; x_wconf 94' lang='lat'><strong>6</strong></span> <span class='ocrx_word' id='word_1_115' title='bbox 882 1266 959 1335; x_wconf 83' lang='grc' dir='ltr'><strong>τῷ</strong></span> <span class='ocrx_word' id='word_1_116' title='bbox 994 1263 1189 1319; x_wconf 79' lang='grc' dir='ltr'><strong>Ἰακὼϐ</strong></span> <span class='ocrx_word' id='word_1_117' title='bbox 1212 1260 1561 1334; x_wconf 86' lang='grc' dir='ltr'>χρηματίσας</span> <span class='ocrx_word' id='word_1_118' title='bbox 1588 1259 1719 1322; x_wconf 79' lang='grc' dir='ltr'>Θεὸς</span> <span class='ocrx_word' id='word_1_119' title='bbox 1749 1258 1859 1312; x_wconf 82' lang='grc' dir='ltr'>τῶν</span> 
     </span>
    </p>
   </div>
   <div class='ocr_carea' id='block_1_16' title="bbox 282 1349 1860 1430">
    <p class='ocr_par' dir='ltr' id='par_1_16' title="bbox 282 1349 1860 1430">
     <span class='ocr_line' id='line_1_16' title="bbox 282 1349 1860 1430; baseline -0.006 -19"><span class='ocrx_word' id='word_1_120' title='bbox 282 1359 531 1430; x_wconf 80' lang='grc' dir='ltr'>περάτων</span> <span class='ocrx_word' id='word_1_121' title='bbox 561 1358 659 1429; x_wconf 86' lang='grc' dir='ltr'><strong>τῆς</strong></span> <span class='ocrx_word' id='word_1_122' title='bbox 691 1359 793 1428; x_wconf 86' lang='grc' dir='ltr'>γῆς</span> <span class='ocrx_word' id='word_1_123' title='bbox 826 1356 980 1427; x_wconf 73' lang='grc' dir='ltr'>ἄρξει</span> <span class='ocrx_word' id='word_1_124' title='bbox 1009 1352 1495 1425; x_wconf 87' lang='grc' dir='ltr'>κυριολογούμενος</span> <span class='ocrx_word' id='word_1_125' title='bbox 1536 1349 1687 1421; x_wconf 80' lang='grc' dir='ltr'>παρὰ</span> <span class='ocrx_word' id='word_1_126' title='bbox 1728 1350 1860 1402; x_wconf 79' lang='grc' dir='ltr'>πᾶσι</span> 
     </span>
    </p>
   </div>
   <div class='ocr_carea' id='block_1_17' title="bbox 282 1432 1855 1516">
    <p class='ocr_par' dir='ltr' id='par_1_17' title="bbox 282 1432 1855 1516">
     <span class='ocr_line' id='line_1_17' title="bbox 282 1432 1855 1516; baseline -0.006 -14"><span class='ocrx_word' id='word_1_127' title='bbox 282 1451 393 1513; x_wconf 80' lang='grc' dir='ltr'>τοῖς</span> <span class='ocrx_word' id='word_1_128' title='bbox 436 1447 635 1510; x_wconf 75' lang='grc' dir='ltr'>ἔθνεσι,</span> <span class='ocrx_word' id='word_1_129' title='bbox 678 1432 1031 1516; x_wconf 79' lang='grc' dir='ltr'>δεσπότηςτε</span> <span class='ocrx_word' id='word_1_130' title='bbox 1065 1444 1159 1496; x_wconf 74' lang='grc' dir='ltr'><strong>καὶ</strong></span> <span class='ocrx_word' id='word_1_131' title='bbox 1193 1442 1398 1514; x_wconf 83' lang='grc' dir='ltr'>Κύριος</span> <span class='ocrx_word' id='word_1_132' title='bbox 1438 1440 1855 1512; x_wconf 79' lang='grc' dir='ltr'>ὀνομαζόμενος.</span> 
     </span>
    </p>
   </div>
   <div class='ocr_carea' id='block_1_18' title="bbox 285 1531 1859 1610">
    <p class='ocr_par' dir='ltr' id='par_1_18' title="bbox 285 1531 1859 1610">
     <span class='ocr_line' id='line_1_18' title="bbox 285 1531 1859 1610; baseline -0.007 -16"><span class='ocrx_word' id='word_1_133' title='bbox 285 1541 466 1610; x_wconf 77' lang='grc' dir='ltr'>’Λπερ</span> <span class='ocrx_word' id='word_1_134' title='bbox 492 1541 580 1594; x_wconf 85' lang='grc' dir='ltr'>ἴνα</span> <span class='ocrx_word' id='word_1_135' title='bbox 620 1538 921 1610; x_wconf 72' lang='grc' dir='ltr'>ὀφθαλμοῖς</span> <span class='ocrx_word' id='word_1_136' title='bbox 970 1534 1359 1607; x_wconf 78' lang='grc' dir='ltr'>παραλάῦωσιν</span> <span class='ocrx_word' id='word_1_137' title='bbox 1401 1534 1451 1587; x_wconf 80' lang='grc' dir='ltr'>οἱ</span> <span class='ocrx_word' id='word_1_138' title='bbox 1492 1531 1859 1603; x_wconf 79' lang='grc' dir='ltr'>ἀρνησάμενοι</span> 
     </span>
    </p>
   </div>
   <div class='ocr_carea' id='block_1_19' title="bbox 280 1621 1856 1699">
    <p class='ocr_par' dir='ltr' id='par_1_19' title="bbox 280 1621 1856 1699">
     <span class='ocr_line' id='line_1_19' title="bbox 280 1621 1856 1699; baseline -0.008 -16"><span class='ocrx_word' id='word_1_139' title='bbox 280 1630 468 1694; x_wconf 73' lang='grc' dir='ltr'>αὐτὸν,</span> <span class='ocrx_word' id='word_1_140' title='bbox 499 1629 811 1699; x_wconf 81' lang='grc' dir='ltr'><strong>ἀναγκαίως</strong></span> <span class='ocrx_word' id='word_1_141' title='bbox 833 1623 1184 1697; x_wconf 82' lang='grc' dir='ltr'>προείρηται·</span> <span class='ocrx_word' id='word_1_142' title='bbox 1230 1622 1328 1691; x_wconf 79' lang='grc' dir='ltr'><strong>Μὴ</strong></span> <span class='ocrx_word' id='word_1_143' title='bbox 1369 1622 1726 1689; x_wconf 74' lang='grc' dir='ltr'>ἀποκτείνῃς</span> <span class='ocrx_word' id='word_1_144' title='bbox 1749 1621 1856 1691; x_wconf 75' lang='grc' dir='ltr'>αύ-</span> 
     </span>
    </p>
   </div>
   <div class='ocr_carea' id='block_1_20' title="bbox 1962 633 3531 705">
    <p class='ocr_par' dir='ltr' id='par_1_20' title="bbox 1962 633 3531 705">
     <span class='ocr_line' id='line_1_20' title="bbox 1962 633 3531 705; baseline 0.001 -19"><span class='ocrx_word' id='word_1_145' title='bbox 1962 633 2226 690; x_wconf 89' lang='lat' dir='ltr'><strong>Dominus</strong></span> <span class='ocrx_word' id='word_1_146' title='bbox 2270 635 2631 705; x_wconf 90' lang='lat' dir='ltr'><strong>princepsque</strong></span> <span class='ocrx_word' id='word_1_147' title='bbox 2679 634 2982 689; x_wconf 83' lang='lat' dir='ltr'><strong>vocabitur.</strong></span> <span class='ocrx_word' id='word_1_148' title='bbox 3027 633 3180 699; x_wconf 87' lang='lat' dir='ltr'><strong>Quod</strong></span> <span class='ocrx_word' id='word_1_149' title='bbox 3234 642 3295 686; x_wconf 89' lang='lat' dir='ltr'><strong>ut</strong></span> <span class='ocrx_word' id='word_1_150' title='bbox 3356 634 3531 687; x_wconf 84' lang='lat' dir='ltr'><strong>oculis</strong></span> 
     </span>
    </p>
   </div>
   <div class='ocr_carea' id='block_1_21' title="bbox 1961 722 3530 792">
    <p class='ocr_par' dir='ltr' id='par_1_21' title="bbox 1961 722 3530 792">
     <span class='ocr_line' id='line_1_21' title="bbox 1961 722 3530 792; baseline -0.003 -17"><span class='ocrx_word' id='word_1_151' title='bbox 1961 722 2265 791; x_wconf 77' lang='lat' dir='ltr'><strong>percipiant</strong></span> <span class='ocrx_word' id='word_1_152' title='bbox 2318 722 2354 775; x_wconf 94' lang='lat' dir='ltr'><strong>ii</strong></span> <span class='ocrx_word' id='word_1_153' title='bbox 2406 722 2502 792; x_wconf 88' lang='lat' dir='ltr'><strong>qui</strong></span> <span class='ocrx_word' id='word_1_154' title='bbox 2554 722 2732 792; x_wconf 84' lang='lat' dir='ltr'><strong>ipsum</strong></span> <span class='ocrx_word' id='word_1_155' title='bbox 2792 722 3155 791; x_wconf 73' lang='lat' dir='ltr'><strong>abnegarunt,</strong></span> <span class='ocrx_word' id='word_1_156' title='bbox 3214 724 3530 787; x_wconf 76' lang='lat' dir='ltr'><strong>necessarie</strong></span> 
     </span>
    </p>
   </div>
   <div class='ocr_carea' id='block_1_22' title="bbox 1962 812 3535 883">
    <p class='ocr_par' dir='ltr' id='par_1_22' title="bbox 1962 812 3535 883">
     <span class='ocr_line' id='line_1_22' title="bbox 1962 812 3535 883; baseline -0.001 -18"><span class='ocrx_word' id='word_1_157' title='bbox 1962 814 2305 881; x_wconf 69' lang='lat' dir='ltr'><strong>praemissum</strong></span> <span class='ocrx_word' id='word_1_158' title='bbox 2355 814 2458 867; x_wconf 81' lang='lat' dir='ltr'><strong>fuit</strong></span> <span class='ocrx_word' id='word_1_159' title='bbox 2506 812 2793 869; x_wconf 82' lang='lat' dir='ltr'><strong>illud:Ne</strong></span> <span class='ocrx_word' id='word_1_160' title='bbox 2838 813 3048 868; x_wconf 81' lang='lat' dir='ltr'><strong>occidas</strong></span> <span class='ocrx_word' id='word_1_161' title='bbox 3096 830 3205 876; x_wconf 88' lang='lat' dir='ltr'><strong>eos,</strong></span> <span class='ocrx_word' id='word_1_162' title='bbox 3258 813 3535 883; x_wconf 82' lang='lat' dir='ltr'><strong>nequando</strong></span> 
     </span>
    </p>
   </div>
   <div class='ocr_carea' id='block_1_23' title="bbox 1962 903 3535 972">
    <p class='ocr_par' dir='ltr' id='par_1_23' title="bbox 1962 903 3535 972">
     <span class='ocr_line' id='line_1_23' title="bbox 1962 903 3535 972; baseline -0.001 -16"><span class='ocrx_word' id='word_1_163' title='bbox 1962 903 2339 957; x_wconf 76' lang='lat' dir='ltr'><strong>obliviscantur</strong></span> <span class='ocrx_word' id='word_1_164' title='bbox 2377 906 2556 972; x_wconf 78' lang='lat' dir='ltr'><strong>populi</strong></span> <span class='ocrx_word' id='word_1_165' title='bbox 2596 906 2738 969; x_wconf 87' lang='lat' dir='ltr'><strong>mei;</strong></span> <span class='ocrx_word' id='word_1_166' title='bbox 2770 904 2861 959; x_wconf 92' lang='lat' dir='ltr'><strong>bic</strong></span> <span class='ocrx_word' id='word_1_167' title='bbox 2900 919 3052 967; x_wconf 81' lang='lat' dir='ltr'><strong>vero,</strong></span> <span class='ocrx_word' id='word_1_168' title='bbox 3105 903 3173 956; x_wconf 83' lang='lat' dir='ltr'><strong>Et</strong></span> <span class='ocrx_word' id='word_1_169' title='bbox 3212 904 3373 957; x_wconf 85' lang='lat' dir='ltr'><strong>scient</strong></span> <span class='ocrx_word' id='word_1_170' title='bbox 3410 904 3535 971; x_wconf 90' lang='lat' dir='ltr'><strong>quia</strong></span> 
     </span>
    </p>
   </div>
   <div class='ocr_carea' id='block_1_24' title="bbox 1960 988 3537 1068">
    <p class='ocr_par' dir='ltr' id='par_1_24' title="bbox 1960 988 3537 1068">
     <span class='ocr_line' id='line_1_24' title="bbox 1960 988 3537 1068; baseline 0 -21"><span class='ocrx_word' id='word_1_171' title='bbox 1960 995 2102 1049; x_wconf 85' lang='lat' dir='ltr'><strong>Deus</strong></span> <span class='ocrx_word' id='word_1_172' title='bbox 2129 995 2297 1050; x_wconf 75' lang='lat' dir='ltr'><strong>Iacob</strong></span> <span class='ocrx_word' id='word_1_173' title='bbox 2329 995 2689 1068; x_wconf 73' lang='lat' dir='ltr'><strong>dominabitur</strong></span> <span class='ocrx_word' id='word_1_174' title='bbox 2721 997 2908 1065; x_wconf 80' lang='lat' dir='ltr'><strong>ﬁnium</strong></span> <span class='ocrx_word' id='word_1_175' title='bbox 2950 1007 3123 1050; x_wconf 77' lang='lat' dir='ltr'><strong>terrce.</strong></span> <span class='ocrx_word' id='word_1_176' title='bbox 3158 988 3537 1050; x_wconf 81' lang='lat' dir='ltr'><strong>Convertentur</strong></span> 
     </span>
    </p>
   </div>
   <div class='ocr_carea' id='block_1_25' title="bbox 1961 1083 3532 1155">
    <p class='ocr_par' dir='ltr' id='par_1_25' title="bbox 1961 1083 3532 1155">
     <span class='ocr_line' id='line_1_25' title="bbox 1961 1083 3532 1155; baseline 0.002 -18"><span class='ocrx_word' id='word_1_177' title='bbox 1961 1085 2031 1137; x_wconf 88' lang='lat' dir='ltr'><strong>ad</strong></span> <span class='ocrx_word' id='word_1_178' title='bbox 2063 1102 2350 1153; x_wconf 78' lang='lat' dir='ltr'><strong>vesperam,</strong></span> <span class='ocrx_word' id='word_1_179' title='bbox 2385 1095 2435 1139; x_wconf 92' lang='lat' dir='ltr'><strong>et</strong></span> <span class='ocrx_word' id='word_1_180' title='bbox 2474 1086 2667 1155; x_wconf 89' lang='lat' dir='ltr'><strong>famem</strong></span> <span class='ocrx_word' id='word_1_181' title='bbox 2698 1088 2969 1153; x_wconf 84' lang='lat' dir='ltr'><strong>patientur</strong></span> <span class='ocrx_word' id='word_1_182' title='bbox 3012 1097 3071 1140; x_wconf 91' lang='lat' dir='ltr'><strong>ut</strong></span> <span class='ocrx_word' id='word_1_183' title='bbox 3124 1089 3295 1150; x_wconf 90' lang='lat' dir='ltr'><strong>canis,</strong></span> <span class='ocrx_word' id='word_1_184' title='bbox 3343 1096 3392 1141; x_wconf 88' lang='lat' dir='ltr'><strong>et</strong></span> <span class='ocrx_word' id='word_1_185' title='bbox 3428 1083 3532 1141; x_wconf 81' lang='lat' dir='ltr'><strong>cir-</strong></span> 
     </span>
    </p>
   </div>
   <div class='ocr_carea' id='block_1_26' title="bbox 1960 1172 3536 1231">
    <p class='ocr_par' dir='ltr' id='par_1_26' title="bbox 1960 1172 3536 1231">
     <span class='ocr_line' id='line_1_26' title="bbox 1960 1172 3536 1231; baseline 0.004 -6"><span class='ocrx_word' id='word_1_186' title='bbox 1960 1173 2176 1226; x_wconf 83' lang='lat' dir='ltr'><strong>cuibunt</strong></span> <span class='ocrx_word' id='word_1_187' title='bbox 2208 1174 2493 1227; x_wconf 83' lang='lat' dir='ltr'><strong>civitatem.</strong></span> <span class='ocrx_word' id='word_1_188' title='bbox 2528 1172 2793 1229; x_wconf 88' lang='lat' dir='ltr'><strong>Nimirum</strong></span> <span class='ocrx_word' id='word_1_189' title='bbox 2830 1175 2898 1229; x_wconf 94' lang='lat' dir='ltr'><strong>ad</strong></span> <span class='ocrx_word' id='word_1_190' title='bbox 2940 1175 3409 1231; x_wconf 89' lang='lat' dir='ltr'><strong>conﬁrmationem</strong></span> <span class='ocrx_word' id='word_1_191' title='bbox 3442 1189 3536 1231; x_wconf 79' lang='lat' dir='ltr'><strong>eo-</strong></span> 
     </span>
    </p>
   </div>
   <div class='ocr_carea' id='block_1_27' title="bbox 1959 1266 3534 1338">
    <p class='ocr_par' dir='ltr' id='par_1_27' title="bbox 1959 1266 3534 1338">
     <span class='ocr_line' id='line_1_27' title="bbox 1959 1266 3534 1338; baseline 0.003 -21"><span class='ocrx_word' id='word_1_192' title='bbox 1959 1279 2104 1327; x_wconf 87' lang='lat' dir='ltr'><strong>rum,</strong></span> <span class='ocrx_word' id='word_1_193' title='bbox 2146 1280 2273 1337; x_wconf 58' lang='lat' dir='ltr'><strong>qua;</strong></span> <span class='ocrx_word' id='word_1_194' title='bbox 2296 1280 2461 1335; x_wconf 86' lang='lat' dir='ltr'><strong>supra</strong></span> <span class='ocrx_word' id='word_1_195' title='bbox 2504 1266 2737 1330; x_wconf 77' lang='lat' dir='ltr'><strong>dixerat,</strong></span> <span class='ocrx_word' id='word_1_196' title='bbox 2784 1280 3092 1323; x_wconf 84' lang='lat' dir='ltr'><strong>sermonem</strong></span> <span class='ocrx_word' id='word_1_197' title='bbox 3123 1268 3341 1338; x_wconf 80' lang='lat' dir='ltr'><strong>repetit,</strong></span> <span class='ocrx_word' id='word_1_198' title='bbox 3384 1283 3534 1323; x_wconf 84' lang='lat' dir='ltr'><strong>eam-</strong></span> 
     </span>
    </p>
   </div>
   <div class='ocr_carea' id='block_1_28' title="bbox 1961 1354 3531 1424">
    <p class='ocr_par' dir='ltr' id='par_1_28' title="bbox 1961 1354 3531 1424">
     <span class='ocr_line' id='line_1_28' title="bbox 1961 1354 3531 1424; baseline 0.005 -15"><span class='ocrx_word' id='word_1_199' title='bbox 1961 1354 2193 1423; x_wconf 82' lang='lat' dir='ltr'><strong>demque</strong></span> <span class='ocrx_word' id='word_1_200' title='bbox 2238 1356 2580 1424; x_wconf 80' lang='lat' dir='ltr'><strong>prophetiam</strong></span> <span class='ocrx_word' id='word_1_201' title='bbox 2627 1357 2879 1421; x_wconf 84' lang='lat' dir='ltr'><strong>resumit,</strong></span> <span class='ocrx_word' id='word_1_202' title='bbox 2927 1372 2992 1412; x_wconf 88' lang='lat' dir='ltr'><strong>ac</strong></span> <span class='ocrx_word' id='word_1_203' title='bbox 3024 1358 3360 1412; x_wconf 74' lang='lat' dir='ltr'><strong>vaticinatur</strong></span> <span class='ocrx_word' id='word_1_204' title='bbox 3413 1373 3531 1418; x_wconf 85' lang='lat' dir='ltr'><strong>eos.</strong></span> 
     </span>
    </p>
   </div>
   <div class='ocr_carea' id='block_1_29' title="bbox 1960 1442 3537 1515">
    <p class='ocr_par' dir='ltr' id='par_1_29' title="bbox 1960 1442 3537 1515">
     <span class='ocr_line' id='line_1_29' title="bbox 1960 1442 3537 1515; baseline 0.002 -19"><span class='ocrx_word' id='word_1_205' title='bbox 1960 1458 2069 1496; x_wconf 89' lang='lat' dir='ltr'><strong>non</strong></span> <span class='ocrx_word' id='word_1_206' title='bbox 2098 1442 2167 1497; x_wconf 88' lang='lat' dir='ltr'><strong>de</strong></span> <span class='ocrx_word' id='word_1_207' title='bbox 2203 1442 2385 1498; x_wconf 80' lang='lat' dir='ltr'><strong>medio</strong></span> <span class='ocrx_word' id='word_1_208' title='bbox 2424 1442 2705 1497; x_wconf 78' lang='lat' dir='ltr'><strong>hominum</strong></span> <span class='ocrx_word' id='word_1_209' title='bbox 2739 1445 3029 1508; x_wconf 89' lang='lat' dir='ltr'><strong>tollendos,</strong></span> <span class='ocrx_word' id='word_1_210' title='bbox 3059 1460 3237 1515; x_wconf 89' lang='lat' dir='ltr'><strong>neque</strong></span> <span class='ocrx_word' id='word_1_211' title='bbox 3281 1444 3537 1499; x_wconf 87' lang='lat' dir='ltr'><strong>occiden-</strong></span> 
     </span>
    </p>
   </div>
   <div class='ocr_carea' id='block_1_30' title="bbox 1960 1530 3536 1596">
    <p class='ocr_par' dir='ltr' id='par_1_30' title="bbox 1960 1530 3536 1596">
     <span class='ocr_line' id='line_1_30' title="bbox 1960 1530 3536 1596; baseline 0.003 -13"><span class='ocrx_word' id='word_1_212' title='bbox 1960 1530 2060 1585; x_wconf 89' lang='lat' dir='ltr'><strong>dos</strong></span> <span class='ocrx_word' id='word_1_213' title='bbox 2083 1572 2097 1593; x_wconf 94' lang='lat'><strong>,</strong></span> <span class='ocrx_word' id='word_1_214' title='bbox 2134 1532 2229 1586; x_wconf 90' lang='lat' dir='ltr'><strong>sed</strong></span> <span class='ocrx_word' id='word_1_215' title='bbox 2262 1546 2604 1596; x_wconf 78' lang='lat' dir='ltr'><strong>reversuros,</strong></span> <span class='ocrx_word' id='word_1_216' title='bbox 2637 1533 2689 1586; x_wconf 93' lang='lat' dir='ltr'><strong>id</strong></span> <span class='ocrx_word' id='word_1_217' title='bbox 2723 1542 2808 1588; x_wconf 84' lang='lat' dir='ltr'><strong>est</strong></span> <span class='ocrx_word' id='word_1_218' title='bbox 2858 1532 2926 1587; x_wconf 87' lang='lat' dir='ltr'><strong>ad</strong></span> <span class='ocrx_word' id='word_1_219' title='bbox 2968 1550 3189 1590; x_wconf 89' lang='lat' dir='ltr'><strong>sensum</strong></span> <span class='ocrx_word' id='word_1_220' title='bbox 3220 1534 3438 1590; x_wconf 90' lang='lat' dir='ltr'><strong>tandem</strong></span> <span class='ocrx_word' id='word_1_221' title='bbox 3480 1541 3536 1590; x_wconf 90' lang='lat' dir='ltr'><strong>et</strong></span> 
     </span>
    </p>
   </div>
   <div class='ocr_carea' id='block_1_31' title="bbox 1959 1621 3534 1693">
    <p class='ocr_par' dir='ltr' id='par_1_31' title="bbox 1959 1621 3534 1693">
     <span class='ocr_line' id='line_1_31' title="bbox 1959 1621 3534 1693; baseline 0.004 -20"><span class='ocrx_word' id='word_1_222' title='bbox 1959 1635 2186 1691; x_wconf 86' lang='lat' dir='ltr'><strong>vespere</strong></span> <span class='ocrx_word' id='word_1_223' title='bbox 2243 1621 2541 1693; x_wconf 68' lang='lat' dir='ltr'><strong>redituros.</strong></span> <span class='ocrx_word' id='word_1_224' title='bbox 2589 1621 2659 1676; x_wconf 84' lang='lat' dir='ltr'><strong>Et</strong></span> <span class='ocrx_word' id='word_1_225' title='bbox 2700 1624 2895 1692; x_wconf 89' lang='lat' dir='ltr'><strong>famem</strong></span> <span class='ocrx_word' id='word_1_226' title='bbox 2946 1626 3215 1693; x_wconf 83' lang='lat' dir='ltr'><strong>patientur</strong></span> <span class='ocrx_word' id='word_1_227' title='bbox 3256 1634 3314 1693; x_wconf 84' lang='lat' dir='ltr'><strong>ut</strong></span> <span class='ocrx_word' id='word_1_228' title='bbox 3353 1625 3534 1690; x_wconf 83' lang='lat' dir='ltr'><strong>canis;</strong></span> 
     </span>
    </p>
   </div>
   <div class='ocr_carea' id='block_1_32' title="bbox 277 1698 1859 1789">
    <p class='ocr_par' dir='ltr' id='par_1_32' title="bbox 277 1698 1859 1789">
     <span class='ocr_line' id='line_1_32' title="bbox 277 1698 1859 1789; baseline -0.008 -15"><span class='ocrx_word' id='word_1_229' title='bbox 277 1721 455 1784; x_wconf 78' lang='grc' dir='ltr'>τοὺς.</span> <span class='ocrx_word' id='word_1_230' title='bbox 498 1720 733 1789; x_wconf 78' lang='grc' dir='ltr'>μήποτε</span> <span class='ocrx_word' id='word_1_231' title='bbox 772 1714 1167 1771; x_wconf 77' lang='grc' dir='ltr'>ἐπιλάθωνται</span> <span class='ocrx_word' id='word_1_232' title='bbox 1209 1712 1315 1767; x_wconf 86' lang='grc' dir='ltr'>τοῦ</span> <span class='ocrx_word' id='word_1_233' title='bbox 1363 1710 1518 1766; x_wconf 76' lang='grc' dir='ltr'><strong>,2αοῦ</strong></span> <span class='ocrx_word' id='word_1_234' title='bbox 1564 1726 1718 1779; x_wconf 82' lang='grc' dir='ltr'><strong>μου⁸</strong></span> <span class='ocrx_word' id='word_1_235' title='bbox 1765 1698 1859 1763; x_wconf 77' lang='grc' dir='ltr'><strong>καὶ</strong></span> 
     </span>
    </p>
   </div>
   <div class='ocr_carea' id='block_1_33' title="bbox 1963 1698 3535 1789">
    <p class='ocr_par' dir='ltr' id='par_1_33' title="bbox 1963 1702 3535 1784">
     <span class='ocr_line' id='line_1_33' title="bbox 1963 1702 3535 1784; baseline 0.004 -18"><span class='ocrx_word' id='word_1_236' title='bbox 1963 1702 2096 1779; x_wconf 88' lang='lat' dir='ltr'><strong>sive,</strong></span> <span class='ocrx_word' id='word_1_237' title='bbox 2131 1713 2430 1767; x_wconf 87' lang='lat' dir='ltr'><strong>secundum</strong></span> <span class='ocrx_word' id='word_1_238' title='bbox 2460 1713 2736 1784; x_wconf 79' lang='lat' dir='ltr'><strong>Aquilam,</strong></span> <span class='ocrx_word' id='word_1_239' title='bbox 2766 1715 3231 1770; x_wconf 85' lang='lat' dir='ltr'><strong>tumultuabuntur</strong></span> <span class='ocrx_word' id='word_1_240' title='bbox 3261 1723 3319 1770; x_wconf 89' lang='lat' dir='ltr'><strong>ut</strong></span> <span class='ocrx_word' id='word_1_241' title='bbox 3353 1709 3535 1783; x_wconf 77' lang='lat' dir='ltr'><strong>canis;</strong></span> 
     </span>
    </p>
   </div>
   <div class='ocr_carea' id='block_1_34' title="bbox 275 1796 1859 1878">
    <p class='ocr_par' dir='ltr' id='par_1_34' title="bbox 275 1796 1852 1878">
     <span class='ocr_line' id='line_1_34' title="bbox 275 1796 1852 1878; baseline -0.008 -14"><span class='ocrx_word' id='word_1_242' title='bbox 275 1811 510 1866; x_wconf 77' lang='grc' dir='ltr'>ἐνταῦθα</span> <span class='ocrx_word' id='word_1_243' title='bbox 528 1829 542 1842; x_wconf 77' lang='grc' dir='ltr'><strong>ο</strong></span> <span class='ocrx_word' id='word_1_244' title='bbox 574 1806 687 1863; x_wconf 75' lang='grc' dir='ltr'><strong>Καὶ</strong></span> <span class='ocrx_word' id='word_1_245' title='bbox 718 1796 1074 1878; x_wconf 62' lang='grc' dir='ltr'><strong>γνώσονται,⁸</strong></span> <span class='ocrx_word' id='word_1_246' title='bbox 1105 1796 1191 1863; x_wconf 74' lang='grc' dir='ltr'>ὅτι</span> <span class='ocrx_word' id='word_1_247' title='bbox 1230 1801 1497 1863; x_wconf 76' lang='grc' dir='ltr'>δεσπόζει</span> <span class='ocrx_word' id='word_1_248' title='bbox 1526 1801 1643 1855; x_wconf 84' lang='grc' dir='ltr'><strong>τῶν</strong></span> <span class='ocrx_word' id='word_1_249' title='bbox 1671 1800 1852 1869; x_wconf 80' lang='grc' dir='ltr'>περά-</span> 
     </span>
    </p>
   </div>
   <div class='ocr_carea' id='block_1_35' title="bbox 1963 1796 3533 1878">
    <p class='ocr_par' dir='ltr' id='par_1_35' title="bbox 1963 1803 3533 1874">
     <span class='ocr_line' id='line_1_35' title="bbox 1963 1803 3533 1874; baseline 0.004 -19"><span class='ocrx_word' id='word_1_250' title='bbox 1963 1810 2075 1866; x_wconf 87' lang='lat' dir='ltr'><strong>aut,</strong></span> <span class='ocrx_word' id='word_1_251' title='bbox 2109 1804 2409 1858; x_wconf 89' lang='lat' dir='ltr'><strong>secundum</strong></span> <span class='ocrx_word' id='word_1_252' title='bbox 2446 1803 2860 1874; x_wconf 82' lang='lat' dir='ltr'><strong>Symmachum,</strong></span> <span class='ocrx_word' id='word_1_253' title='bbox 2887 1805 3240 1860; x_wconf 82' lang='lat' dir='ltr'><strong>turbabuntur</strong></span> <span class='ocrx_word' id='word_1_254' title='bbox 3267 1817 3325 1860; x_wconf 89' lang='lat' dir='ltr'><strong>ut</strong></span> <span class='ocrx_word' id='word_1_255' title='bbox 3355 1824 3533 1873; x_wconf 86' lang='lat' dir='ltr'><strong>canes,</strong></span> 
     </span>
    </p>
   </div>
   <div class='ocr_carea' id='block_1_36' title="bbox 197 1892 1859 1970">
    <p class='ocr_par' dir='ltr' id='par_1_36' title="bbox 197 1892 1850 1970">
     <span class='ocr_line' id='line_1_36' title="bbox 197 1892 1850 1970; baseline -0.008 -13"><span class='ocrx_word' id='word_1_256' title='bbox 197 1924 211 1937; x_wconf 62' lang='grc' dir='ltr'><strong>ι</strong></span> <span class='ocrx_word' id='word_1_257' title='bbox 274 1920 399 1956; x_wconf 85' lang='grc' dir='ltr'><strong>των</strong></span> <span class='ocrx_word' id='word_1_258' title='bbox 427 1900 536 1968; x_wconf 79' lang='grc' dir='ltr'><strong>τῆς</strong></span> <span class='ocrx_word' id='word_1_259' title='bbox 564 1899 678 1970; x_wconf 70' lang='grc' dir='ltr'><strong>τῆς</strong></span> <span class='ocrx_word' id='word_1_260' title='bbox 711 1903 745 1954; x_wconf 82' lang='grc' dir='ltr'><em>ὀ</em></span> <span class='ocrx_word' id='word_1_261' title='bbox 777 1896 1168 1965; x_wconf 74' lang='grc' dir='ltr'>ΘεὸςἺακώὸ.</span> <span class='ocrx_word' id='word_1_262' title='bbox 1226 1893 1727 1962; x_wconf 61' lang='grc' dir='ltr'>Ἐπιστρέψουσιν</span> <span class='ocrx_word' id='word_1_263' title='bbox 1762 1892 1850 1957; x_wconf 79' lang='grc' dir='ltr'>εις</span> 
     </span>
    </p>
   </div>
   <div class='ocr_carea' id='block_1_37' title="bbox 1963 1892 3537 1970">
    <p class='ocr_par' dir='ltr' id='par_1_37' title="bbox 1963 1892 3537 1967">
     <span class='ocr_line' id='line_1_37' title="bbox 1963 1892 3537 1967; baseline 0.005 -21"><span class='ocrx_word' id='word_1_264' title='bbox 1963 1900 2003 1946; x_wconf 77' lang='lat' dir='ltr'><strong>et</strong></span> <span class='ocrx_word' id='word_1_265' title='bbox 2047 1892 2342 1946; x_wconf 85' lang='lat' dir='ltr'><strong>circuibunt</strong></span> <span class='ocrx_word' id='word_1_266' title='bbox 2390 1893 2684 1949; x_wconf 85' lang='lat' dir='ltr'><strong>civitatem.</strong></span> <span class='ocrx_word' id='word_1_267' title='bbox 2727 1893 2855 1950; x_wconf 66' lang='lat' dir='ltr'><strong>Haec</strong></span> <span class='ocrx_word' id='word_1_268' title='bbox 2893 1910 3059 1966; x_wconf 89' lang='lat' dir='ltr'><strong>porro</strong></span> <span class='ocrx_word' id='word_1_269' title='bbox 3111 1898 3365 1966; x_wconf 88' lang='lat' dir='ltr'><strong>superius</strong></span> <span class='ocrx_word' id='word_1_270' title='bbox 3397 1914 3537 1967; x_wconf 50' lang='lat' dir='ltr'><strong>quo.</strong></span> 
     </span>
    </p>
   </div>
   <div class='ocr_carea' id='block_1_38' title="bbox 274 1979 1859 2059">
    <p class='ocr_par' dir='ltr' id='par_1_38' title="bbox 274 1979 1851 2059">
     <span class='ocr_line' id='line_1_38' title="bbox 274 1979 1851 2059; baseline -0.008 -13"><span class='ocrx_word' id='word_1_271' title='bbox 274 1990 546 2059; x_wconf 75' lang='grc' dir='ltr'><strong>ἑσπέραν</strong></span> <span class='ocrx_word' id='word_1_272' title='bbox 576 1990 673 2052; x_wconf 69' lang='grc' dir='ltr'>καὶ</span> <span class='ocrx_word' id='word_1_273' title='bbox 726 1987 1092 2059; x_wconf 78' lang='grc' dir='ltr'>λιμώξουσιν</span> <span class='ocrx_word' id='word_1_274' title='bbox 1131 1984 1212 2052; x_wconf 88' lang='grc' dir='ltr'><strong>ὠς</strong></span> <span class='ocrx_word' id='word_1_275' title='bbox 1247 1984 1436 2047; x_wconf 83' lang='grc' dir='ltr'>κύων,</span> <span class='ocrx_word' id='word_1_276' title='bbox 1486 1983 1584 2037; x_wconf 71' lang='grc' dir='ltr'><strong>καί</strong></span> <span class='ocrx_word' id='word_1_277' title='bbox 1624 1979 1851 2037; x_wconf 74' lang='grc' dir='ltr'>κυκλώ-</span> 
     </span>
    </p>
   </div>
   <div class='ocr_carea' id='block_1_39' title="bbox 1963 1979 3537 2059">
    <p class='ocr_par' dir='ltr' id='par_1_39' title="bbox 1963 1983 3537 2056">
     <span class='ocr_line' id='line_1_39' title="bbox 1963 1983 3537 2056; baseline 0.007 -21"><span class='ocrx_word' id='word_1_278' title='bbox 1963 1998 2063 2052; x_wconf 82' lang='lat' dir='ltr'><strong>que</strong></span> <span class='ocrx_word' id='word_1_279' title='bbox 2116 1983 2673 2052; x_wconf 79' lang='lat' dir='ltr'><strong>pramunliabantur:</strong></span> <span class='ocrx_word' id='word_1_280' title='bbox 2713 1986 2807 2041; x_wconf 84' lang='lat' dir='ltr'><strong>se‘d</strong></span> <span class='ocrx_word' id='word_1_281' title='bbox 2841 1986 2913 2041; x_wconf 91' lang='lat' dir='ltr'><strong>ibi</strong></span> <span class='ocrx_word' id='word_1_282' title='bbox 2952 1997 3141 2056; x_wconf 89' lang='lat' dir='ltr'><strong>postea</strong></span> <span class='ocrx_word' id='word_1_283' title='bbox 3196 2003 3362 2044; x_wconf 88' lang='lat' dir='ltr'><strong>causa</strong></span> <span class='ocrx_word' id='word_1_284' title='bbox 3405 1989 3537 2046; x_wconf 83' lang='lat' dir='ltr'><strong>sub-</strong></span> 
     </span>
    </p>
   </div>
   <div class='ocr_carea' id='block_1_40' title="bbox 273 2074 1859 2149">
    <p class='ocr_par' dir='ltr' id='par_1_40' title="bbox 273 2075 1850 2149">
     <span class='ocr_line' id='line_1_40' title="bbox 273 2075 1850 2149; baseline -0.005 -14"><span class='ocrx_word' id='word_1_285' title='bbox 273 2098 461 2135; x_wconf 87' lang='grc' dir='ltr'>σουσι</span> <span class='ocrx_word' id='word_1_286' title='bbox 490 2081 688 2133; x_wconf 68' lang='grc' dir='ltr'>πόλιν.</span> <span class='ocrx_word' id='word_1_287' title='bbox 721 2080 814 2143; x_wconf 75' lang='grc' dir='ltr'><strong>Εἰς</strong></span> <span class='ocrx_word' id='word_1_288' title='bbox 846 2079 1131 2149; x_wconf 77' lang='grc' dir='ltr'>βεϐαίωσιν</span> <span class='ocrx_word' id='word_1_289' title='bbox 1156 2075 1262 2130; x_wconf 80' lang='grc' dir='ltr'>τῶν</span> <span class='ocrx_word' id='word_1_290' title='bbox 1290 2076 1690 2148; x_wconf 83' lang='grc' dir='ltr'>προλεχθέντων</span> <span class='ocrx_word' id='word_1_291' title='bbox 1727 2075 1850 2128; x_wconf 86' lang='grc' dir='ltr'>δευ-</span> 
     </span>
    </p>
   </div>
   <div class='ocr_carea' id='block_1_41' title="bbox 1963 2074 3536 2149">
    <p class='ocr_par' dir='ltr' id='par_1_41' title="bbox 1963 2075 3536 2147">
     <span class='ocr_line' id='line_1_41' title="bbox 1963 2075 3536 2147; baseline 0.005 -19"><span class='ocrx_word' id='word_1_292' title='bbox 1963 2075 2199 2146; x_wconf 81' lang='lat' dir='ltr'><strong>iungitur</strong></span> <span class='ocrx_word' id='word_1_293' title='bbox 2246 2076 2331 2131; x_wconf 85' lang='lat' dir='ltr'><strong>his</strong></span> <span class='ocrx_word' id='word_1_294' title='bbox 2380 2076 2599 2131; x_wconf 84' lang='lat' dir='ltr'><strong>verbis:</strong></span> <span class='ocrx_word' id='word_1_295' title='bbox 2640 2075 2774 2131; x_wconf 82' lang='lat' dir='ltr'><strong>Ecce</strong></span> <span class='ocrx_word' id='word_1_296' title='bbox 2802 2078 3080 2147; x_wconf 85' lang='lat' dir='ltr'><strong>loquentur</strong></span> <span class='ocrx_word' id='word_1_297' title='bbox 3122 2080 3176 2133; x_wconf 87' lang='lat' dir='ltr'><strong>in</strong></span> <span class='ocrx_word' id='word_1_298' title='bbox 3209 2096 3298 2134; x_wconf 88' lang='lat' dir='ltr'><strong>ore</strong></span> <span class='ocrx_word' id='word_1_299' title='bbox 3327 2098 3443 2145; x_wconf 92' lang='lat' dir='ltr'><strong>suo,</strong></span> <span class='ocrx_word' id='word_1_300' title='bbox 3485 2090 3536 2136; x_wconf 80' lang='lat' dir='ltr'><strong>et</strong></span> 
     </span>
    </p>
   </div>
   <div class='ocr_carea' id='block_1_42' title="bbox 270 2165 1859 2243">
    <p class='ocr_par' dir='ltr' id='par_1_42' title="bbox 270 2166 1849 2243">
     <span class='ocr_line' id='line_1_42' title="bbox 270 2166 1849 2243; baseline -0.003 -18"><span class='ocrx_word' id='word_1_301' title='bbox 270 2174 423 2243; x_wconf 83' lang='grc' dir='ltr'>τεροί</span> <span class='ocrx_word' id='word_1_302' title='bbox 452 2170 543 2224; x_wconf 75' lang='grc' dir='ltr'>τὸν</span> <span class='ocrx_word' id='word_1_303' title='bbox 575 2168 754 2239; x_wconf 78' lang='grc' dir='ltr'>λόγον,</span> <span class='ocrx_word' id='word_1_304' title='bbox 789 2166 1142 2223; x_wconf 74' lang='grc' dir='ltr'>ἐπαναλαὸὼν</span> <span class='ocrx_word' id='word_1_305' title='bbox 1167 2169 1266 2240; x_wconf 79' lang='grc' dir='ltr'>τὴν</span> <span class='ocrx_word' id='word_1_306' title='bbox 1294 2168 1465 2239; x_wconf 78' lang='grc' dir='ltr'>αὐτὴν</span> <span class='ocrx_word' id='word_1_307' title='bbox 1492 2166 1849 2238; x_wconf 80' lang='grc' dir='ltr'>προφητείαν,</span> 
     </span>
    </p>
   </div>
   <div class='ocr_carea' id='block_1_43' title="bbox 1963 2165 3536 2243">
    <p class='ocr_par' dir='ltr' id='par_1_43' title="bbox 1963 2165 3536 2240">
     <span class='ocr_line' id='line_1_43' title="bbox 1963 2165 3536 2240; baseline 0.006 -22"><span class='ocrx_word' id='word_1_308' title='bbox 1963 2166 2159 2235; x_wconf 62' lang='lat' dir='ltr'><strong>gladius</strong></span> <span class='ocrx_word' id='word_1_309' title='bbox 2192 2166 2246 2219; x_wconf 87' lang='lat' dir='ltr'><strong>in</strong></span> <span class='ocrx_word' id='word_1_310' title='bbox 2272 2165 2427 2219; x_wconf 80' lang='lat' dir='ltr'><strong>labiis</strong></span> <span class='ocrx_word' id='word_1_311' title='bbox 2450 2182 2651 2240; x_wconf 78' lang='lat' dir='ltr'><strong>eorum,</strong></span> <span class='ocrx_word' id='word_1_312' title='bbox 2684 2177 2735 2221; x_wconf 90' lang='lat' dir='ltr'><strong>et</strong></span> <span class='ocrx_word' id='word_1_313' title='bbox 2796 2178 3006 2238; x_wconf 81' lang='lat' dir='ltr'><strong>propter</strong></span> <span class='ocrx_word' id='word_1_314' title='bbox 3026 2169 3272 2223; x_wconf 86' lang='lat' dir='ltr'><strong>delictum</strong></span> <span class='ocrx_word' id='word_1_315' title='bbox 3304 2172 3413 2225; x_wconf 89' lang='lat' dir='ltr'><strong>oris</strong></span> <span class='ocrx_word' id='word_1_316' title='bbox 3442 2188 3536 2228; x_wconf 83' lang='lat' dir='ltr'><strong>eo--</strong></span> 
     </span>
    </p>
   </div>
   <div class='ocr_carea' id='block_1_44' title="bbox 267 2244 1859 2333">
    <p class='ocr_par' dir='ltr' id='par_1_44' title="bbox 267 2244 1853 2330">
     <span class='ocr_line' id='line_1_44' title="bbox 267 2244 1853 2330; baseline -0.003 -14"><span class='ocrx_word' id='word_1_317' title='bbox 267 2262 521 2326; x_wconf 71' lang='grc' dir='ltr'>θεσπίζει</span> <span class='ocrx_word' id='word_1_318' title='bbox 565 2277 647 2325; x_wconf 85' lang='grc' dir='ltr'><strong>τε,</strong></span> <span class='ocrx_word' id='word_1_319' title='bbox 684 2263 765 2315; x_wconf 83' lang='grc' dir='ltr'><strong>ὅτι</strong></span> <span class='ocrx_word' id='word_1_320' title='bbox 813 2262 914 2314; x_wconf 81' lang='grc' dir='ltr'><strong>οὐκ</strong></span> <span class='ocrx_word' id='word_1_321' title='bbox 953 2244 1415 2330; x_wconf 64' lang='grc' dir='ltr'>ἀφάνισθήσονται</span> <span class='ocrx_word' id='word_1_322' title='bbox 1462 2259 1521 2326; x_wconf 79' lang='grc' dir='ltr'><strong>ἐξ</strong></span> <span class='ocrx_word' id='word_1_323' title='bbox 1552 2257 1853 2329; x_wconf 80' lang='grc' dir='ltr'>ἀνθρώπων</span> 
     </span>
    </p>
   </div>
   <div class='ocr_carea' id='block_1_45' title="bbox 1963 2244 3530 2333">
    <p class='ocr_par' dir='ltr' id='par_1_45' title="bbox 1963 2256 3530 2333">
     <span class='ocr_line' id='line_1_45' title="bbox 1963 2256 3530 2333; baseline 0.006 -26"><span class='ocrx_word' id='word_1_324' title='bbox 1963 2271 2092 2317; x_wconf 86' lang='lat' dir='ltr'><strong>rum,</strong></span> <span class='ocrx_word' id='word_1_325' title='bbox 2128 2265 2177 2308; x_wconf 87' lang='lat' dir='ltr'><strong>et</strong></span> <span class='ocrx_word' id='word_1_326' title='bbox 2205 2272 2494 2310; x_wconf 80' lang='lat' dir='ltr'><strong>sermonem</strong></span> <span class='ocrx_word' id='word_1_327' title='bbox 2518 2256 2778 2311; x_wconf 86' lang='lat' dir='ltr'><strong>labiorum</strong></span> <span class='ocrx_word' id='word_1_328' title='bbox 2814 2261 3088 2328; x_wconf 88' lang='lat' dir='ltr'><strong>ipsorum;</strong></span> <span class='ocrx_word' id='word_1_329' title='bbox 3119 2261 3209 2315; x_wconf 90' lang='lat' dir='ltr'><strong>hic</strong></span> <span class='ocrx_word' id='word_1_330' title='bbox 3247 2278 3379 2317; x_wconf 82' lang='lat' dir='ltr'><strong>vero</strong></span> <span class='ocrx_word' id='word_1_331' title='bbox 3407 2270 3530 2333; x_wconf 86' lang='lat' dir='ltr'><strong>post</strong></span> 
     </span>
    </p>
   </div>
   <div class='ocr_carea' id='block_1_46' title="bbox 267 2338 1859 2423">
    <p class='ocr_par' dir='ltr' id='par_1_46' title="bbox 267 2348 1850 2423">
     <span class='ocr_line' id='line_1_46' title="bbox 267 2348 1850 2423; baseline -0.005 -16"><span class='ocrx_word' id='word_1_332' title='bbox 267 2353 395 2407; x_wconf 69' lang='grc' dir='ltr'><strong>οὐδὲ</strong></span> <span class='ocrx_word' id='word_1_333' title='bbox 424 2351 961 2423; x_wconf 82' lang='grc' dir='ltr'>ἀποκτανθήσονται,</span> <span class='ocrx_word' id='word_1_334' title='bbox 997 2348 1385 2421; x_wconf 63' lang='grc' dir='ltr'>ἐπιστρέφουσι</span> <span class='ocrx_word' id='word_1_335' title='bbox 1434 2348 1490 2401; x_wconf 87' lang='grc' dir='ltr'><strong>δὲ</strong></span> <span class='ocrx_word' id='word_1_336' title='bbox 1510 2389 1525 2414; x_wconf 89' lang='grc'><strong>,</strong></span> <span class='ocrx_word' id='word_1_337' title='bbox 1554 2348 1850 2410; x_wconf 79' lang='grc' dir='ltr'>τουτέστιν,</span> 
     </span>
    </p>
   </div>
   <div class='ocr_carea' id='block_1_47' title="bbox 1963 2338 3535 2423">
    <p class='ocr_par' dir='ltr' id='par_1_47' title="bbox 1963 2338 3535 2419">
     <span class='ocr_line' id='line_1_47' title="bbox 1963 2338 3535 2419; baseline 0.004 -19"><span class='ocrx_word' id='word_1_338' title='bbox 1963 2346 2111 2408; x_wconf 86' lang='lat' dir='ltr'><strong>illud,</strong></span> <span class='ocrx_word' id='word_1_339' title='bbox 2143 2355 2505 2400; x_wconf 69' lang='lat' dir='ltr'><strong>convertentur</strong></span> <span class='ocrx_word' id='word_1_340' title='bbox 2536 2347 2606 2401; x_wconf 91' lang='lat' dir='ltr'><strong>ad</strong></span> <span class='ocrx_word' id='word_1_341' title='bbox 2648 2365 2937 2417; x_wconf 86' lang='lat' dir='ltr'><strong>vesperam,</strong></span> <span class='ocrx_word' id='word_1_342' title='bbox 2970 2338 3020 2404; x_wconf 84' lang='lat' dir='ltr'><strong>et</strong></span> <span class='ocrx_word' id='word_1_343' title='bbox 3044 2350 3239 2417; x_wconf 86' lang='lat' dir='ltr'><strong>famem</strong></span> <span class='ocrx_word' id='word_1_344' title='bbox 3264 2354 3535 2419; x_wconf 85' lang='lat' dir='ltr'><strong>patientur</strong></span> 
     </span>
    </p>
   </div>
   <div class='ocr_carea' id='block_1_48' title="bbox 269 2434 1859 2511">
    <p class='ocr_par' dir='ltr' id='par_1_48' title="bbox 269 2434 1851 2511">
     <span class='ocr_line' id='line_1_48' title="bbox 269 2434 1851 2511; baseline -0.006 -16"><span class='ocrx_word' id='word_1_345' title='bbox 269 2445 356 2507; x_wconf 78' lang='grc' dir='ltr'>εἰς</span> <span class='ocrx_word' id='word_1_346' title='bbox 396 2438 747 2511; x_wconf 78' lang='grc' dir='ltr'>συναίσθησιν</span> <span class='ocrx_word' id='word_1_347' title='bbox 787 2438 1095 2492; x_wconf 76' lang='grc' dir='ltr'>ἐλεύσονται</span> <span class='ocrx_word' id='word_1_348' title='bbox 1136 2438 1234 2508; x_wconf 75' lang='grc' dir='ltr'><strong>ὀψέ</strong></span> <span class='ocrx_word' id='word_1_349' title='bbox 1270 2455 1399 2490; x_wconf 85' lang='grc' dir='ltr'>ποτε</span> <span class='ocrx_word' id='word_1_350' title='bbox 1434 2438 1526 2490; x_wconf 75' lang='grc' dir='ltr'>καὶ</span> <span class='ocrx_word' id='word_1_351' title='bbox 1574 2434 1811 2506; x_wconf 79' lang='grc' dir='ltr'>ἑσπέραν</span> <span class='ocrx_word' id='word_1_352' title='bbox 1836 2448 1851 2464; x_wconf 90' lang='grc'><strong>·</strong></span> 
     </span>
    </p>
   </div>
   <div class='ocr_carea' id='block_1_49' title="bbox 1963 2434 3537 2511">
    <p class='ocr_par' dir='ltr' id='par_1_49' title="bbox 1963 2437 3537 2510">
     <span class='ocr_line' id='line_1_49' title="bbox 1963 2437 3537 2510; baseline 0.005 -21"><span class='ocrx_word' id='word_1_353' title='bbox 1963 2445 2013 2489; x_wconf 85' lang='grc' dir='ltr'><strong>ιιι</strong></span> <span class='ocrx_word' id='word_1_354' title='bbox 2044 2437 2212 2498; x_wconf 86' lang='lat' dir='ltr'><strong>canis,</strong></span> <span class='ocrx_word' id='word_1_355' title='bbox 2244 2444 2292 2489; x_wconf 91' lang='lat' dir='ltr'><strong>et</strong></span> <span class='ocrx_word' id='word_1_356' title='bbox 2330 2437 2623 2490; x_wconf 84' lang='lat' dir='ltr'><strong>circuibunt</strong></span> <span class='ocrx_word' id='word_1_357' title='bbox 2654 2439 2940 2504; x_wconf 83' lang='lat' dir='ltr'><strong>civitatem,</strong></span> <span class='ocrx_word' id='word_1_358' title='bbox 2974 2440 3253 2509; x_wconf 85' lang='lat' dir='ltr'><strong>adjicitur,</strong></span> <span class='ocrx_word' id='word_1_359' title='bbox 3292 2442 3394 2510; x_wconf 87' lang='lat' dir='ltr'><strong>ipsi</strong></span> <span class='ocrx_word' id='word_1_360' title='bbox 3421 2443 3537 2497; x_wconf 84' lang='lat' dir='ltr'><strong>dis—</strong></span> 
     </span>
    </p>
   </div>
   <div class='ocr_carea' id='block_1_50' title="bbox 271 2519 1859 2600">
    <p class='ocr_par' dir='ltr' id='par_1_50' title="bbox 271 2519 1850 2600">
     <span class='ocr_line' id='line_1_50' title="bbox 271 2519 1850 2600; baseline -0.009 -15"><span class='ocrx_word' id='word_1_361' title='bbox 271 2530 615 2600; x_wconf 79' lang='grc' dir='ltr'>Λιμώξουσί</span> <span class='ocrx_word' id='word_1_362' title='bbox 664 2545 729 2582; x_wconf 81' lang='grc' dir='ltr'><strong>τε</strong></span> <span class='ocrx_word' id='word_1_363' title='bbox 776 2529 857 2594; x_wconf 86' lang='grc' dir='ltr'><strong>ὡς</strong></span> <span class='ocrx_word' id='word_1_364' title='bbox 906 2528 1097 2581; x_wconf 83' lang='grc' dir='ltr'>κύων·</span> <span class='ocrx_word' id='word_1_365' title='bbox 1149 2524 1209 2595; x_wconf 79' lang='grc' dir='ltr'>ἢ,</span> <span class='ocrx_word' id='word_1_366' title='bbox 1244 2524 1384 2578; x_wconf 84' lang='grc' dir='ltr'>κατὰ</span> <span class='ocrx_word' id='word_1_367' title='bbox 1442 2523 1534 2576; x_wconf 80' lang='grc' dir='ltr'><strong>τὸν</strong></span> <span class='ocrx_word' id='word_1_368' title='bbox 1584 2519 1850 2590; x_wconf 76' lang='grc' dir='ltr'><strong>⁸Ἀκύλαν,</strong></span> 
     </span>
    </p>
   </div>
   <div class='ocr_carea' id='block_1_51' title="bbox 1963 2519 3536 2600">
    <p class='ocr_par' dir='ltr' id='par_1_51' title="bbox 1963 2522 3536 2598">
     <span class='ocr_line' id='line_1_51' title="bbox 1963 2522 3536 2598; baseline 0.003 -20"><span class='ocrx_word' id='word_1_369' title='bbox 1963 2535 2230 2594; x_wconf 81' lang='lat' dir='ltr'><strong>pergentur</strong></span> <span class='ocrx_word' id='word_1_370' title='bbox 2277 2522 2347 2577; x_wconf 86' lang='lat' dir='ltr'><strong>ad</strong></span> <span class='ocrx_word' id='word_1_371' title='bbox 2397 2524 2823 2579; x_wconf 84' lang='lat' dir='ltr'><strong>manducandum</strong></span> <span class='ocrx_word' id='word_1_372' title='bbox 2874 2543 2893 2579; x_wconf 90' lang='lat'><strong><em>:</em></strong></span> <span class='ocrx_word' id='word_1_373' title='bbox 2934 2528 2981 2579; x_wconf 88' lang='lat' dir='ltr'><strong>si</strong></span> <span class='ocrx_word' id='word_1_374' title='bbox 3026 2544 3145 2581; x_wconf 81' lang='lat' dir='ltr'><strong>vero</strong></span> <span class='ocrx_word' id='word_1_375' title='bbox 3191 2545 3297 2582; x_wconf 82' lang='lat' dir='ltr'><strong>non</strong></span> <span class='ocrx_word' id='word_1_376' title='bbox 3338 2531 3536 2598; x_wconf 82' lang='lat' dir='ltr'><strong>fuerint</strong></span> 
     </span>
    </p>
   </div>
   <div class='ocr_carea' id='block_1_52' title="bbox 283 2608 1859 2688">
    <p class='ocr_par' dir='ltr' id='par_1_52' title="bbox 283 2608 1851 2688">
     <span class='ocr_line' id='line_1_52' title="bbox 283 2608 1851 2688; baseline -0.009 -18"><span class='ocrx_word' id='word_1_377' title='bbox 283 2617 690 2688; x_wconf 70' lang='grc' dir='ltr'>Ὀχλὰσούσιν</span> <span class='ocrx_word' id='word_1_378' title='bbox 735 2616 816 2682; x_wconf 85' lang='grc' dir='ltr'>ὡς</span> <span class='ocrx_word' id='word_1_379' title='bbox 862 2618 1048 2669; x_wconf 84' lang='grc' dir='ltr'>κύων·</span> <span class='ocrx_word' id='word_1_380' title='bbox 1092 2614 1151 2684; x_wconf 82' lang='grc' dir='ltr'>ἢ,</span> <span class='ocrx_word' id='word_1_381' title='bbox 1191 2611 1333 2666; x_wconf 82' lang='grc' dir='ltr'>κατὰ</span> <span class='ocrx_word' id='word_1_382' title='bbox 1377 2611 1469 2664; x_wconf 77' lang='grc' dir='ltr'>τὸν</span> <span class='ocrx_word' id='word_1_383' title='bbox 1522 2608 1851 2677; x_wconf 74' lang='grc' dir='ltr'>Σύμμαχον,</span> 
     </span>
    </p>
   </div>
   <div class='ocr_carea' id='block_1_53' title="bbox 1963 2608 3534 2688">
    <p class='ocr_par' dir='ltr' id='par_1_53' title="bbox 1963 2613 3534 2687">
     <span class='ocr_line' id='line_1_53' title="bbox 1963 2613 3534 2687; baseline 0.004 -21"><span class='ocrx_word' id='word_1_384' title='bbox 1963 2616 2210 2678; x_wconf 69' lang='lat' dir='ltr'><strong>naturali,</strong></span> <span class='ocrx_word' id='word_1_385' title='bbox 2242 2625 2292 2668; x_wconf 91' lang='lat' dir='ltr'><strong>et</strong></span> <span class='ocrx_word' id='word_1_386' title='bbox 2316 2613 2744 2669; x_wconf 85' lang='lat' dir='ltr'><strong>murmurabunt.</strong></span> <span class='ocrx_word' id='word_1_387' title='bbox 2773 2614 2877 2669; x_wconf 90' lang='lat' dir='ltr'><strong>Pro</strong></span> <span class='ocrx_word' id='word_1_388' title='bbox 2905 2632 3016 2685; x_wconf 88' lang='lat' dir='ltr'><strong>quo</strong></span> <span class='ocrx_word' id='word_1_389' title='bbox 3044 2614 3406 2687; x_wconf 84' lang='lat' dir='ltr'><strong>Symmachus</strong></span> <span class='ocrx_word' id='word_1_390' title='bbox 3428 2620 3534 2673; x_wconf 82' lang='lat' dir='ltr'><strong>hac</strong></span> 
     </span>
    </p>
   </div>
   <div class='ocr_carea' id='block_1_54' title="bbox 274 2688 1859 2777">
    <p class='ocr_par' dir='ltr' id='par_1_54' title="bbox 274 2688 1856 2777">
     <span class='ocr_line' id='line_1_54' title="bbox 274 2688 1856 2777; baseline -0.01 -15"><span class='ocrx_word' id='word_1_391' title='bbox 274 2706 798 2777; x_wconf 77' lang='grc' dir='ltr'>Θορυόηθήσονται</span> <span class='ocrx_word' id='word_1_392' title='bbox 838 2708 919 2772; x_wconf 81' lang='grc' dir='ltr'><strong>ὡς</strong></span> <span class='ocrx_word' id='word_1_393' title='bbox 956 2707 1159 2771; x_wconf 78' lang='grc' dir='ltr'>κύνες,</span> <span class='ocrx_word' id='word_1_394' title='bbox 1189 2703 1287 2755; x_wconf 80' lang='grc' dir='ltr'><strong>καὶ</strong></span> <span class='ocrx_word' id='word_1_395' title='bbox 1334 2688 1856 2767; x_wconf 79' lang='grc' dir='ltr'>περικυκλῶσουσι</span> 
     </span>
    </p>
   </div>
   <div class='ocr_carea' id='block_1_55' title="bbox 1963 2688 3535 2777">
    <p class='ocr_par' dir='ltr' id='par_1_55' title="bbox 1963 2705 3535 2775">
     <span class='ocr_line' id='line_1_55' title="bbox 1963 2705 3535 2775; baseline 0.003 -17"><span class='ocrx_word' id='word_1_396' title='bbox 1963 2705 2169 2759; x_wconf 86' lang='lat' dir='ltr'><strong>ratione</strong></span> <span class='ocrx_word' id='word_1_397' title='bbox 2189 2706 2578 2774; x_wconf 85' lang='lat' dir='ltr'><strong>interpretatus</strong></span> <span class='ocrx_word' id='word_1_398' title='bbox 2596 2715 2683 2761; x_wconf 86' lang='lat' dir='ltr'><strong>est</strong></span> <span class='ocrx_word' id='word_1_399' title='bbox 2709 2726 2721 2760; x_wconf 89' lang='lat'><strong>:</strong></span> <span class='ocrx_word' id='word_1_400' title='bbox 2752 2705 3111 2775; x_wconf 80' lang='lat' dir='ltr'><strong>Deﬂectantur</strong></span> <span class='ocrx_word' id='word_1_401' title='bbox 3129 2708 3182 2760; x_wconf 87' lang='lat' dir='ltr'><strong>in</strong></span> <span class='ocrx_word' id='word_1_402' title='bbox 3203 2707 3308 2772; x_wconf 87' lang='lat' dir='ltr'><strong>die,</strong></span> <span class='ocrx_word' id='word_1_403' title='bbox 3342 2710 3535 2762; x_wconf 85' lang='lat' dir='ltr'><strong>tumul-</strong></span> 
     </span>
    </p>
   </div>
   <div class='ocr_carea' id='block_1_56' title="bbox 273 2780 1859 2866">
    <p class='ocr_par' dir='ltr' id='par_1_56' title="bbox 273 2780 1853 2861">
     <span class='ocr_line' id='line_1_56' title="bbox 273 2780 1853 2861; baseline -0.011 -11"><span class='ocrx_word' id='word_1_404' title='bbox 273 2798 475 2850; x_wconf 71' lang='grc' dir='ltr'>πόλιν.</span> <span class='ocrx_word' id='word_1_405' title='bbox 500 2794 689 2851; x_wconf 81' lang='grc' dir='ltr'>Ταῦτα</span> <span class='ocrx_word' id='word_1_406' title='bbox 717 2795 772 2847; x_wconf 81' lang='grc' dir='ltr'><strong>δὲ</strong></span> <span class='ocrx_word' id='word_1_407' title='bbox 799 2794 893 2847; x_wconf 78' lang='grc' dir='ltr'><strong>καὶ</strong></span> <span class='ocrx_word' id='word_1_408' title='bbox 924 2793 1012 2847; x_wconf 80' lang='grc' dir='ltr'>διὰ</span> <span class='ocrx_word' id='word_1_409' title='bbox 1040 2793 1146 2845; x_wconf 85' lang='grc' dir='ltr'><strong>τῶν</strong></span> <span class='ocrx_word' id='word_1_410' title='bbox 1171 2787 1478 2861; x_wconf 79' lang='grc' dir='ltr'>ἔμπροσθεν</span> <span class='ocrx_word' id='word_1_411' title='bbox 1511 2780 1853 2848; x_wconf 78' lang='grc' dir='ltr'>ἐοεσπίξετοο</span> 
     </span>
    </p>
   </div>
   <div class='ocr_carea' id='block_1_57' title="bbox 1963 2780 3530 2866">
    <p class='ocr_par' dir='ltr' id='par_1_57' title="bbox 1963 2788 3530 2866">
     <span class='ocr_line' id='line_1_57' title="bbox 1963 2788 3530 2866; baseline 0.003 -20"><span class='ocrx_word' id='word_1_412' title='bbox 1963 2802 2173 2847; x_wconf 85' lang='lat' dir='ltr'><strong>tuentur</strong></span> <span class='ocrx_word' id='word_1_413' title='bbox 2205 2804 2261 2847; x_wconf 90' lang='lat' dir='ltr'><strong>ut</strong></span> <span class='ocrx_word' id='word_1_414' title='bbox 2294 2810 2449 2848; x_wconf 82' lang='lat' dir='ltr'><strong>canes</strong></span> <span class='ocrx_word' id='word_1_415' title='bbox 2491 2788 2885 2851; x_wconf 71' lang='lat' dir='ltr'><strong>circumeuntes</strong></span> <span class='ocrx_word' id='word_1_416' title='bbox 2924 2797 3187 2851; x_wconf 80' lang='lat' dir='ltr'><strong>civitatem</strong></span> <span class='ocrx_word' id='word_1_417' title='bbox 3212 2796 3530 2866; x_wconf 79' lang='lat' dir='ltr'><strong>uagabundi,</strong></span> 
     </span>
    </p>
   </div>
   <div class='ocr_carea' id='block_1_58' title="bbox 270 2872 1859 2956">
    <p class='ocr_par' dir='ltr' id='par_1_58' title="bbox 270 2872 1857 2955">
     <span class='ocr_line' id='line_1_58' title="bbox 270 2872 1857 2955; baseline -0.007 -15"><span class='ocrx_word' id='word_1_418' title='bbox 270 2888 385 2941; x_wconf 76' lang='grc' dir='ltr'>ἀλλ’</span> <span class='ocrx_word' id='word_1_419' title='bbox 420 2888 538 2939; x_wconf 80' lang='grc' dir='ltr'>ἐκεῖ</span> <span class='ocrx_word' id='word_1_420' title='bbox 578 2886 677 2954; x_wconf 86' lang='grc' dir='ltr'><strong>μὲν</strong></span> <span class='ocrx_word' id='word_1_421' title='bbox 722 2872 1016 2955; x_wconf 72' lang='grc' dir='ltr'>ἀνεφέρετο</span> <span class='ocrx_word' id='word_1_422' title='bbox 1044 2883 1171 2953; x_wconf 79' lang='grc' dir='ltr'>ἑξῆς</span> <span class='ocrx_word' id='word_1_423' title='bbox 1200 2882 1234 2951; x_wconf 83' lang='grc' dir='ltr'>ἡ</span> <span class='ocrx_word' id='word_1_424' title='bbox 1281 2880 1431 2933; x_wconf 77' lang='grc' dir='ltr'>αἰτία</span> <span class='ocrx_word' id='word_1_425' title='bbox 1473 2878 1532 2930; x_wconf 81' lang='grc' dir='ltr'><strong>ἐν</strong></span> <span class='ocrx_word' id='word_1_426' title='bbox 1562 2876 1660 2947; x_wconf 84' lang='grc' dir='ltr'>τῷ,</span> <span class='ocrx_word' id='word_1_427' title='bbox 1711 2875 1857 2931; x_wconf 81' lang='grc' dir='ltr'><strong>Ἰδοὺ</strong></span> 
     </span>
    </p>
   </div>
   <div class='ocr_carea' id='block_1_59' title="bbox 1963 2872 3536 2956">
    <p class='ocr_par' dir='ltr' id='par_1_59' title="bbox 1963 2884 3536 2956">
     <span class='ocr_line' id='line_1_59' title="bbox 1963 2884 3536 2956; baseline 0.003 -19"><span class='ocrx_word' id='word_1_428' title='bbox 1963 2901 2022 2938; x_wconf 89' lang='lat' dir='ltr'><strong>ne</strong></span> <span class='ocrx_word' id='word_1_429' title='bbox 2067 2885 2314 2938; x_wconf 86' lang='lat' dir='ltr'><strong>insatiati</strong></span> <span class='ocrx_word' id='word_1_430' title='bbox 2361 2894 2684 2953; x_wconf 86' lang='lat' dir='ltr'><strong>pernoctent.</strong></span> <span class='ocrx_word' id='word_1_431' title='bbox 2722 2884 2965 2955; x_wconf 88' lang='lat' dir='ltr'><strong>Dispersi</strong></span> <span class='ocrx_word' id='word_1_432' title='bbox 3015 2885 3200 2956; x_wconf 86' lang='lat' dir='ltr'><strong>itaque</strong></span> <span class='ocrx_word' id='word_1_433' title='bbox 3245 2886 3302 2941; x_wconf 92' lang='lat' dir='ltr'><strong>in</strong></span> <span class='ocrx_word' id='word_1_434' title='bbox 3342 2900 3536 2943; x_wconf 87' lang='lat' dir='ltr'><strong>omnes</strong></span> 
     </span>
    </p>
   </div>
   <div class='ocr_carea' id='block_1_60' title="bbox 270 2966 1859 3047">
    <p class='ocr_par' dir='ltr' id='par_1_60' title="bbox 270 2966 1859 3046">
     <span class='ocr_line' id='line_1_60' title="bbox 270 2966 1859 3046; baseline -0.008 -15"><span class='ocrx_word' id='word_1_435' title='bbox 270 2976 753 3046; x_wconf 68' lang='grc' dir='ltr'>ἐποφθέτξονται</span> <span class='ocrx_word' id='word_1_436' title='bbox 780 2974 858 3039; x_wconf 86' lang='grc' dir='ltr'>τῷ</span> <span class='ocrx_word' id='word_1_437' title='bbox 895 2975 1143 3042; x_wconf 85' lang='grc' dir='ltr'>στόματι</span> <span class='ocrx_word' id='word_1_438' title='bbox 1185 2969 1383 3023; x_wconf 82' lang='grc' dir='ltr'>αὐτῶν</span> <span class='ocrx_word' id='word_1_439' title='bbox 1405 3007 1420 3030; x_wconf 93' lang='grc'><strong>,</strong></span> <span class='ocrx_word' id='word_1_440' title='bbox 1457 2967 1553 3021; x_wconf 73' lang='grc' dir='ltr'>καί</span> <span class='ocrx_word' id='word_1_441' title='bbox 1590 2966 1859 3035; x_wconf 67' lang='grc' dir='ltr'>ῥομφαία</span> 
     </span>
    </p>
   </div>
   <div class='ocr_carea' id='block_1_61' title="bbox 1963 2966 3536 3047">
    <p class='ocr_par' dir='ltr' id='par_1_61' title="bbox 1963 2975 3536 3047">
     <span class='ocr_line' id='line_1_61' title="bbox 1963 2975 3536 3047; baseline 0.001 -18"><span class='ocrx_word' id='word_1_442' title='bbox 1963 2983 2175 3045; x_wconf 76' lang='lat' dir='ltr'><strong>gentes,</strong></span> <span class='ocrx_word' id='word_1_443' title='bbox 2222 2976 2397 3029; x_wconf 87' lang='lat' dir='ltr'><strong>instar</strong></span> <span class='ocrx_word' id='word_1_444' title='bbox 2433 2990 2634 3030; x_wconf 92' lang='lat' dir='ltr'><strong>canum</strong></span> <span class='ocrx_word' id='word_1_445' title='bbox 2690 2975 3066 3031; x_wconf 83' lang='lat' dir='ltr'><strong>famelicorum</strong></span> <span class='ocrx_word' id='word_1_446' title='bbox 3120 2991 3301 3032; x_wconf 92' lang='lat' dir='ltr'><strong>escam</strong></span> <span class='ocrx_word' id='word_1_447' title='bbox 3338 2979 3536 3047; x_wconf 64' lang='lat' dir='ltr'><strong>quaeri-</strong></span> 
     </span>
    </p>
   </div>
   <div class='ocr_carea' id='block_1_62' title="bbox 268 3048 1859 3139">
    <p class='ocr_par' dir='ltr' id='par_1_62' title="bbox 268 3058 1854 3137">
     <span class='ocr_line' id='line_1_62' title="bbox 268 3058 1854 3137; baseline -0.009 -15"><span class='ocrx_word' id='word_1_448' title='bbox 268 3070 339 3121; x_wconf 81' lang='grc' dir='ltr'><strong>ἐν</strong></span> <span class='ocrx_word' id='word_1_449' title='bbox 362 3067 488 3134; x_wconf 82' lang='grc' dir='ltr'>τοῖς</span> <span class='ocrx_word' id='word_1_450' title='bbox 512 3068 781 3137; x_wconf 79' lang='grc' dir='ltr'>χείλεσιν</span> <span class='ocrx_word' id='word_1_451' title='bbox 808 3063 1006 3119; x_wconf 80' lang='grc' dir='ltr'>αὐτῶν</span> <span class='ocrx_word' id='word_1_452' title='bbox 1024 3104 1039 3127; x_wconf 90' lang='grc'><strong>,</strong></span> <span class='ocrx_word' id='word_1_453' title='bbox 1071 3061 1168 3115; x_wconf 81' lang='grc' dir='ltr'><strong>καὶ</strong></span> <span class='ocrx_word' id='word_1_454' title='bbox 1198 3061 1272 3114; x_wconf 82' lang='grc' dir='ltr'><strong>δι’</strong></span> <span class='ocrx_word' id='word_1_455' title='bbox 1308 3059 1601 3128; x_wconf 80' lang='grc' dir='ltr'>ἁμαρτίαν</span> <span class='ocrx_word' id='word_1_456' title='bbox 1634 3058 1854 3125; x_wconf 82' lang='grc' dir='ltr'>στόμα-</span> 
     </span>
    </p>
   </div>
   <div class='ocr_carea' id='block_1_63' title="bbox 1963 3048 3637 3139">
    <p class='ocr_par' dir='ltr' id='par_1_63' title="bbox 1963 3060 3637 3139">
     <span class='ocr_line' id='line_1_63' title="bbox 1963 3060 3637 3139; baseline 0.002 -22"><span class='ocrx_word' id='word_1_457' title='bbox 1963 3073 2073 3119; x_wconf 88' lang='lat' dir='ltr'><strong>lant</strong></span> <span class='ocrx_word' id='word_1_458' title='bbox 2109 3084 2122 3120; x_wconf 88' lang='lat'><strong>:</strong></span> <span class='ocrx_word' id='word_1_459' title='bbox 2160 3082 2224 3121; x_wconf 87' lang='lat' dir='ltr'><strong>ac</strong></span> <span class='ocrx_word' id='word_1_460' title='bbox 2273 3081 2383 3121; x_wconf 92' lang='lat' dir='ltr'><strong>non</strong></span> <span class='ocrx_word' id='word_1_461' title='bbox 2408 3076 2643 3137; x_wconf 73' lang='lat' dir='ltr'><strong>reperto</strong></span> <span class='ocrx_word' id='word_1_462' title='bbox 2690 3067 3002 3121; x_wconf 86' lang='lat' dir='ltr'><strong>rationabili</strong></span> <span class='ocrx_word' id='word_1_463' title='bbox 3036 3060 3199 3129; x_wconf 85' lang='lat' dir='ltr'><strong>cibo,</strong></span> <span class='ocrx_word' id='word_1_464' title='bbox 3246 3067 3529 3122; x_wconf 83' lang='lat' dir='ltr'><strong>deﬁciunt.</strong></span> <span class='ocrx_word' id='word_1_465' title='bbox 3634 3134 3637 3139; x_wconf 10' lang='grc' dir='ltr'>ἴ</span> 
     </span>
    </p>
   </div>
   <div class='ocr_carea' id='block_1_64' title="bbox 270 3146 1853 3225">
    <p class='ocr_par' dir='ltr' id='par_1_64' title="bbox 270 3146 1853 3225">
     <span class='ocr_line' id='line_1_64' title="bbox 270 3146 1853 3225; baseline -0.009 -12"><span class='ocrx_word' id='word_1_466' title='bbox 270 3177 375 3225; x_wconf 84' lang='grc' dir='ltr'><strong>τος</strong></span> <span class='ocrx_word' id='word_1_467' title='bbox 422 3157 643 3220; x_wconf 82' lang='grc' dir='ltr'>αὐτῶν,</span> <span class='ocrx_word' id='word_1_468' title='bbox 691 3157 789 3211; x_wconf 80' lang='grc' dir='ltr'><strong>καὶ</strong></span> <span class='ocrx_word' id='word_1_469' title='bbox 827 3156 1014 3224; x_wconf 69' lang='grc' dir='ltr'>λόγον</span> <span class='ocrx_word' id='word_1_470' title='bbox 1058 3150 1311 3221; x_wconf 73' lang='grc' dir='ltr'>χειλέων</span> <span class='ocrx_word' id='word_1_471' title='bbox 1351 3148 1581 3203; x_wconf 57' lang='grc' dir='ltr'><strong>αὐτῶνᾳ</strong></span> <span class='ocrx_word' id='word_1_472' title='bbox 1620 3146 1853 3200; x_wconf 79' lang='grc' dir='ltr'>ἐνταῦθα</span> 
     </span>
    </p>
   </div>
   <div class='ocr_carea' id='block_1_65' title="bbox 270 3238 1850 3320">
    <p class='ocr_par' dir='ltr' id='par_1_65' title="bbox 270 3238 1850 3320">
     <span class='ocr_line' id='line_1_65' title="bbox 270 3238 1850 3320; baseline -0.008 -17"><span class='ocrx_word' id='word_1_473' title='bbox 270 3250 327 3303; x_wconf 79' lang='grc' dir='ltr'><strong>δὲ</strong></span> <span class='ocrx_word' id='word_1_474' title='bbox 383 3249 523 3320; x_wconf 69' lang='grc' dir='ltr'>μετὰ</span> <span class='ocrx_word' id='word_1_475' title='bbox 563 3250 660 3313; x_wconf 82' lang='grc' dir='ltr'><strong>τὸ,</strong></span> <span class='ocrx_word' id='word_1_476' title='bbox 720 3244 1231 3313; x_wconf 70' lang='grc' dir='ltr'>Ἐπιστρέψουσιν</span> <span class='ocrx_word' id='word_1_477' title='bbox 1274 3242 1363 3306; x_wconf 82' lang='grc' dir='ltr'><strong>εις</strong></span> <span class='ocrx_word' id='word_1_478' title='bbox 1410 3239 1706 3307; x_wconf 81' lang='grc' dir='ltr'>ἑσπέραν,</span> <span class='ocrx_word' id='word_1_479' title='bbox 1753 3238 1850 3291; x_wconf 74' lang='grc' dir='ltr'>καὶ</span> 
     </span>
    </p>
   </div>
   <div class='ocr_carea' id='block_1_66' title="bbox 269 3332 1850 3412">
    <p class='ocr_par' dir='ltr' id='par_1_66' title="bbox 269 3332 1850 3412">
     <span class='ocr_line' id='line_1_66' title="bbox 269 3332 1850 3412; baseline -0.009 -16"><span class='ocrx_word' id='word_1_480' title='bbox 269 3342 647 3412; x_wconf 76' lang='grc' dir='ltr'>,ιιμώξουσιν</span> <span class='ocrx_word' id='word_1_481' title='bbox 690 3341 771 3404; x_wconf 86' lang='grc' dir='ltr'><strong>ὠς</strong></span> <span class='ocrx_word' id='word_1_482' title='bbox 812 3339 1008 3399; x_wconf 87' lang='grc' dir='ltr'>κύων,</span> <span class='ocrx_word' id='word_1_483' title='bbox 1045 3334 1144 3387; x_wconf 78' lang='grc' dir='ltr'><strong>καὶ</strong></span> <span class='ocrx_word' id='word_1_484' title='bbox 1199 3332 1585 3387; x_wconf 74' lang='grc' dir='ltr'>κυκλώσουσι</span> <span class='ocrx_word' id='word_1_485' title='bbox 1634 3332 1850 3392; x_wconf 76' lang='grc' dir='ltr'>πόλιν,</span> 
     </span>
    </p>
   </div>
   <div class='ocr_carea' id='block_1_67' title="bbox 270 3420 1854 3504">
    <p class='ocr_par' dir='ltr' id='par_1_67' title="bbox 270 3420 1854 3504">
     <span class='ocr_line' id='line_1_67' title="bbox 270 3420 1854 3504; baseline -0.008 -19"><span class='ocrx_word' id='word_1_486' title='bbox 270 3434 634 3504; x_wconf 83' lang='grc' dir='ltr'>ἐπενήνεκται</span> <span class='ocrx_word' id='word_1_487' title='bbox 656 3449 671 3464; x_wconf 77' lang='grc' dir='ltr'><strong>ο</strong></span> <span class='ocrx_word' id='word_1_488' title='bbox 701 3420 881 3485; x_wconf 71' lang='grc' dir='ltr'>Αὐτοὶ</span> <span class='ocrx_word' id='word_1_489' title='bbox 912 3424 1565 3493; x_wconf 74' lang='grc' dir='ltr'>διασκορπισθήσονται</span> <span class='ocrx_word' id='word_1_490' title='bbox 1597 3420 1703 3475; x_wconf 87' lang='grc' dir='ltr'>τοῦ</span> <span class='ocrx_word' id='word_1_491' title='bbox 1739 3437 1854 3489; x_wconf 71' lang='grc' dir='ltr'><strong>φα-</strong></span> 
     </span>
    </p>
   </div>
   <div class='ocr_carea' id='block_1_68' title="bbox 269 3510 1859 3593">
    <p class='ocr_par' dir='ltr' id='par_1_68' title="bbox 269 3514 1849 3593">
     <span class='ocr_line' id='line_1_68' title="bbox 269 3514 1849 3593; baseline -0.007 -18"><span class='ocrx_word' id='word_1_492' title='bbox 269 3523 429 3593; x_wconf 67' lang='grc' dir='ltr'>τεῖνη</span> <span class='ocrx_word' id='word_1_493' title='bbox 459 3522 568 3576; x_wconf 80' lang='grc' dir='ltr'>ἐὰν</span> <span class='ocrx_word' id='word_1_494' title='bbox 610 3522 678 3575; x_wconf 82' lang='grc' dir='ltr'><em>δὲ</em></span> <span class='ocrx_word' id='word_1_495' title='bbox 717 3520 804 3589; x_wconf 75' lang='grc' dir='ltr'>μὴ</span> <span class='ocrx_word' id='word_1_496' title='bbox 852 3517 1233 3589; x_wconf 83' lang='grc' dir='ltr'>χορτασθῶσι</span> <span class='ocrx_word' id='word_1_497' title='bbox 1287 3515 1385 3570; x_wconf 74' lang='grc' dir='ltr'>καὶ</span> <span class='ocrx_word' id='word_1_498' title='bbox 1428 3514 1849 3585; x_wconf 65' lang='grc' dir='ltr'>γοησύσουσιν.</span> 
     </span>
    </p>
   </div>
   <div class='ocr_carea' id='block_1_69' title="bbox 1963 3510 3534 3593">
    <p class='ocr_par' dir='ltr' id='par_1_69' title="bbox 1963 3510 3534 3580">
     <span class='ocr_line' id='line_1_69' title="bbox 1963 3510 3534 3580; baseline -0.003 -11"><span class='ocrx_word' id='word_1_499' title='bbox 1963 3516 2086 3569; x_wconf 84' lang='lat' dir='ltr'><strong>olim</strong></span> <span class='ocrx_word' id='word_1_500' title='bbox 2143 3516 2197 3569; x_wconf 91' lang='lat' dir='ltr'><strong>in</strong></span> <span class='ocrx_word' id='word_1_501' title='bbox 2251 3514 2472 3569; x_wconf 90' lang='lat' dir='ltr'><strong>deserto</strong></span> <span class='ocrx_word' id='word_1_502' title='bbox 2530 3518 2969 3568; x_wconf 87' lang='lat' dir='ltr'><strong>murmurarunt.</strong></span> <span class='ocrx_word' id='word_1_503' title='bbox 3016 3510 3154 3565; x_wconf 80' lang='lat' dir='ltr'><strong>Nam</strong></span> <span class='ocrx_word' id='word_1_504' title='bbox 3203 3510 3259 3565; x_wconf 90' lang='lat' dir='ltr'><strong>id</strong></span> <span class='ocrx_word' id='word_1_505' title='bbox 3297 3510 3434 3580; x_wconf 89' lang='lat' dir='ltr'><strong>ipsis</strong></span> <span class='ocrx_word' id='word_1_506' title='bbox 3477 3511 3534 3564; x_wconf 88' lang='lat' dir='ltr'><strong>in</strong></span> 
     </span>
    </p>
   </div>
   <div class='ocr_carea' id='block_1_70' title="bbox 284 3599 1859 3683">
    <p class='ocr_par' dir='ltr' id='par_1_70' title="bbox 284 3604 1847 3683">
     <span class='ocr_line' id='line_1_70' title="bbox 284 3604 1847 3683; baseline -0.006 -17"><span class='ocrx_word' id='word_1_507' title='bbox 284 3613 427 3666; x_wconf 72' lang='lat' dir='ltr'><strong>‘Avﬁ‘</strong></span> <span class='ocrx_word' id='word_1_508' title='bbox 455 3605 517 3666; x_wconf 73' lang='grc' dir='ltr'>οὗ</span> <span class='ocrx_word' id='word_1_509' title='bbox 542 3613 571 3665; x_wconf 93' lang='lat'><strong>6</strong></span> <span class='ocrx_word' id='word_1_510' title='bbox 609 3613 903 3683; x_wconf 87' lang='grc' dir='ltr'>Σύμμαχος</span> <span class='ocrx_word' id='word_1_511' title='bbox 932 3608 1117 3664; x_wconf 75' lang='grc' dir='ltr'>τοῦτον</span> <span class='ocrx_word' id='word_1_512' title='bbox 1144 3608 1458 3679; x_wconf 82' lang='grc' dir='ltr'>ἡρμήνευσε</span> <span class='ocrx_word' id='word_1_513' title='bbox 1497 3605 1587 3660; x_wconf 83' lang='grc' dir='ltr'><strong>τὸν</strong></span> <span class='ocrx_word' id='word_1_514' title='bbox 1616 3604 1815 3676; x_wconf 85' lang='grc' dir='ltr'>τρόπον</span> <span class='ocrx_word' id='word_1_515' title='bbox 1834 3621 1847 3635; x_wconf 80' lang='grc'><em>’</em></span> 
     </span>
    </p>
   </div>
   <div class='ocr_carea' id='block_1_71' title="bbox 1963 3599 3537 3683">
    <p class='ocr_par' dir='ltr' id='par_1_71' title="bbox 1963 3599 3537 3672">
     <span class='ocr_line' id='line_1_71' title="bbox 1963 3599 3537 3672; baseline -0.001 -14"><span class='ocrx_word' id='word_1_516' title='bbox 1963 3621 2107 3660; x_wconf 90' lang='lat' dir='ltr'><strong>more</strong></span> <span class='ocrx_word' id='word_1_517' title='bbox 2138 3605 2256 3659; x_wconf 81' lang='lat' dir='ltr'><strong>fuit.</strong></span> <span class='ocrx_word' id='word_1_518' title='bbox 2289 3603 2471 3670; x_wconf 85' lang='lat' dir='ltr'><strong>Quare</strong></span> <span class='ocrx_word' id='word_1_519' title='bbox 2498 3602 2578 3660; x_wconf 91' lang='lat' dir='ltr'><strong>sic</strong></span> <span class='ocrx_word' id='word_1_520' title='bbox 2602 3619 2702 3660; x_wconf 89' lang='lat' dir='ltr'><strong>nos</strong></span> <span class='ocrx_word' id='word_1_521' title='bbox 2726 3603 3024 3672; x_wconf 83' lang='lat' dir='ltr'><strong>Apostolus</strong></span> <span class='ocrx_word' id='word_1_522' title='bbox 3057 3599 3355 3672; x_wconf 86' lang='lat' dir='ltr'><strong>alloquitur</strong></span> <span class='ocrx_word' id='word_1_523' title='bbox 3379 3620 3395 3657; x_wconf 70' lang='grc' dir='ltr'><strong>τ</strong></span> <span class='ocrx_word' id='word_1_524' title='bbox 3422 3601 3537 3657; x_wconf 85' lang='lat' dir='ltr'><strong>Ne-</strong></span> 
     </span>
    </p>
   </div>
   <div class='ocr_carea' id='block_1_72' title="bbox 284 3684 1859 3772">
    <p class='ocr_par' dir='ltr' id='par_1_72' title="bbox 284 3684 1850 3772">
     <span class='ocr_line' id='line_1_72' title="bbox 284 3684 1850 3772; baseline -0.006 -15"><span class='ocrx_word' id='word_1_525' title='bbox 284 3684 852 3772; x_wconf 77' lang='grc' dir='ltr'>Ἁνακαμπτέτωσαν</span> <span class='ocrx_word' id='word_1_526' title='bbox 887 3703 975 3767; x_wconf 84' lang='grc' dir='ltr'><strong>εις</strong></span> <span class='ocrx_word' id='word_1_527' title='bbox 1020 3698 1268 3769; x_wconf 73' lang='grc' dir='ltr'>ἡμέραν,</span> <span class='ocrx_word' id='word_1_528' title='bbox 1308 3697 1743 3765; x_wconf 78' lang='grc' dir='ltr'>θορυόείτωσαν</span> <span class='ocrx_word' id='word_1_529' title='bbox 1770 3695 1850 3760; x_wconf 86' lang='grc' dir='ltr'>ὡς</span> 
     </span>
    </p>
   </div>
   <div class='ocr_carea' id='block_1_73' title="bbox 1963 3684 3537 3772">
    <p class='ocr_par' dir='ltr' id='par_1_73' title="bbox 1963 3691 3537 3766">
     <span class='ocr_line' id='line_1_73' title="bbox 1963 3691 3537 3766; baseline -0.002 -18"><span class='ocrx_word' id='word_1_530' title='bbox 1963 3694 2557 3766; x_wconf 74' lang='lat' dir='ltr'><strong>que&#39;murmuravcritis,</strong></span> <span class='ocrx_word' id='word_1_531' title='bbox 2590 3694 2727 3748; x_wconf 82' lang='lat' dir='ltr'><strong>sicut</strong></span> <span class='ocrx_word' id='word_1_532' title='bbox 2759 3691 2979 3763; x_wconf 85' lang='lat' dir='ltr'><strong>quidam</strong></span> <span class='ocrx_word' id='word_1_533' title='bbox 3007 3708 3188 3747; x_wconf 87' lang='lat' dir='ltr'><strong>eorum</strong></span> <span class='ocrx_word' id='word_1_534' title='bbox 3232 3707 3537 3746; x_wconf 81' lang='lat' dir='ltr'><strong>murmura-</strong></span> 
     </span>
    </p>
   </div>
   <div class='ocr_carea' id='block_1_74' title="bbox 271 3782 1859 3864">
    <p class='ocr_par' dir='ltr' id='par_1_74' title="bbox 271 3785 1845 3864">
     <span class='ocr_line' id='line_1_74' title="bbox 271 3785 1845 3864; baseline -0.006 -15"><span class='ocrx_word' id='word_1_535' title='bbox 271 3794 457 3862; x_wconf 79' lang='grc' dir='ltr'>κύνες</span> <span class='ocrx_word' id='word_1_536' title='bbox 476 3835 490 3859; x_wconf 92' lang='grc'><strong>,</strong></span> <span class='ocrx_word' id='word_1_537' title='bbox 519 3797 959 3864; x_wconf 75' lang='grc' dir='ltr'>περιερχόμενοι</span> <span class='ocrx_word' id='word_1_538' title='bbox 995 3792 1175 3845; x_wconf 81' lang='grc' dir='ltr'>πόλιν</span> <span class='ocrx_word' id='word_1_539' title='bbox 1202 3792 1554 3858; x_wconf 79' lang='grc' dir='ltr'>ρεμόόμενοι</span> <span class='ocrx_word' id='word_1_540' title='bbox 1574 3826 1588 3852; x_wconf 92' lang='grc'><strong>,</strong></span> <span class='ocrx_word' id='word_1_541' title='bbox 1630 3788 1732 3839; x_wconf 79' lang='grc' dir='ltr'>ἵνα</span> <span class='ocrx_word' id='word_1_542' title='bbox 1757 3785 1845 3853; x_wconf 82' lang='grc' dir='ltr'>μὴ</span> 
     </span>
    </p>
   </div>
   <div class='ocr_carea' id='block_1_75' title="bbox 1963 3782 3033 3864">
    <p class='ocr_par' dir='ltr' id='par_1_75' title="bbox 1963 3782 3033 3852">
     <span class='ocr_line' id='line_1_75' title="bbox 1963 3782 3033 3852; baseline -0.001 -14"><span class='ocrx_word' id='word_1_543' title='bbox 1963 3794 2153 3847; x_wconf 73' lang='lat' dir='ltr'><strong>verunt,</strong></span> <span class='ocrx_word' id='word_1_544' title='bbox 2184 3793 2234 3838; x_wconf 88' lang='lat' dir='ltr'><strong>et</strong></span> <span class='ocrx_word' id='word_1_545' title='bbox 2258 3794 2297 3837; x_wconf 87' lang='lat' dir='ltr'><strong>&#39;a</strong></span> <span class='ocrx_word' id='word_1_546' title='bbox 2332 3783 2653 3851; x_wconf 80' lang='lat' dir='ltr'><strong>serpentibus</strong></span> <span class='ocrx_word' id='word_1_547' title='bbox 2684 3784 2949 3852; x_wconf 88' lang='lat' dir='ltr'><strong>perierunt</strong></span> <span class='ocrx_word' id='word_1_548' title='bbox 2968 3782 3033 3837; x_wconf 80' lang='grc'>⁸⁸.</span> 
     </span>
    </p>
   </div>
   <div class='ocr_carea' id='block_1_76' title="bbox 269 3872 3537 3958">
    <p class='ocr_par' dir='ltr' id='par_1_76' title="bbox 269 3872 3537 3958">
     <span class='ocr_line' id='line_1_76' title="bbox 269 3872 3537 3958; baseline -0.003 -16"><span class='ocrx_word' id='word_1_549' title='bbox 269 3876 632 3958; x_wconf 76' lang='grc' dir='ltr'>ἀχόρταστοι</span> <span class='ocrx_word' id='word_1_550' title='bbox 692 3884 1052 3940; x_wconf 72' lang='grc' dir='ltr'>αὐλισθῶσι.</span> <span class='ocrx_word' id='word_1_551' title='bbox 1120 3882 1645 3954; x_wconf 79' lang='grc' dir='ltr'>Διασκορπισθέντες</span> <span class='ocrx_word' id='word_1_552' title='bbox 1681 3877 1812 3947; x_wconf 81' lang='grc' dir='ltr'>γοῦν</span> <span class='ocrx_word' id='word_1_553' title='bbox 1840 3880 1919 3942; x_wconf 86' lang='grc' dir='ltr'>εἰς</span> <span class='ocrx_word' id='word_1_554' title='bbox 1957 3878 2136 3931; x_wconf 87' lang='grc' dir='ltr'>πάντα</span> <span class='ocrx_word' id='word_1_555' title='bbox 2170 3878 2237 3930; x_wconf 85' lang='grc' dir='ltr'><strong>τὰ</strong></span> <span class='ocrx_word' id='word_1_556' title='bbox 2285 3877 2415 3948; x_wconf 81' lang='grc' dir='ltr'><strong>ἔθνη</strong></span> <span class='ocrx_word' id='word_1_557' title='bbox 2456 3878 2614 3949; x_wconf 83' lang='grc' dir='ltr'>δίκην</span> <span class='ocrx_word' id='word_1_558' title='bbox 2666 3872 2849 3931; x_wconf 82' lang='grc' dir='ltr'>κυνῶν</span> <span class='ocrx_word' id='word_1_559' title='bbox 2894 3875 3268 3948; x_wconf 83' lang='grc' dir='ltr'>λιμωττόντων</span> <span class='ocrx_word' id='word_1_560' title='bbox 3313 3876 3537 3948; x_wconf 78' lang='grc' dir='ltr'>ζητοῦσι</span> 
     </span>
    </p>
   </div>
   <div class='ocr_carea' id='block_1_77' title="bbox 268 3958 3537 4047">
    <p class='ocr_par' dir='ltr' id='par_1_77' title="bbox 268 3958 3537 4047">
     <span class='ocr_line' id='line_1_77' title="bbox 268 3958 3537 4047; baseline -0.003 -16"><span class='ocrx_word' id='word_1_561' title='bbox 268 3977 364 4031; x_wconf 80' lang='grc' dir='ltr'>τοῦ</span> <span class='ocrx_word' id='word_1_562' title='bbox 423 3958 656 4047; x_wconf 75' lang='grc' dir='ltr'>φαγεῖνο</span> <span class='ocrx_word' id='word_1_563' title='bbox 719 3976 792 4046; x_wconf 81' lang='grc' dir='ltr'>μὴ</span> <span class='ocrx_word' id='word_1_564' title='bbox 840 3975 1184 4046; x_wconf 80' lang='grc' dir='ltr'>εὑρίσκοντες</span> <span class='ocrx_word' id='word_1_565' title='bbox 1237 3974 1292 4027; x_wconf 83' lang='grc' dir='ltr'><strong>δὲ</strong></span> <span class='ocrx_word' id='word_1_566' title='bbox 1342 3973 1547 4044; x_wconf 82' lang='grc' dir='ltr'>τροφὴν</span> <span class='ocrx_word' id='word_1_567' title='bbox 1590 3972 1859 4042; x_wconf 61' lang='grc' dir='ltr'>λογικὴν,</span> <span class='ocrx_word' id='word_1_568' title='bbox 1909 3970 2272 4024; x_wconf 83' lang='grc' dir='ltr'>ἐκλείπουσιν.</span> <span class='ocrx_word' id='word_1_569' title='bbox 2315 3971 2379 4023; x_wconf 78' lang='lat' dir='ltr'><strong>El</strong></span> <span class='ocrx_word' id='word_1_570' title='bbox 2423 3970 2480 4023; x_wconf 86' lang='grc' dir='ltr'><strong>δὲ</strong></span> <span class='ocrx_word' id='word_1_571' title='bbox 2527 3969 2620 4023; x_wconf 87' lang='grc' dir='ltr'><strong>καί</strong></span> <span class='ocrx_word' id='word_1_572' title='bbox 2659 3986 2789 4022; x_wconf 88' lang='grc' dir='ltr'>ποτε</span> <span class='ocrx_word' id='word_1_573' title='bbox 2846 3968 2956 4021; x_wconf 84' lang='grc' dir='ltr'><strong>ἀπὸ</strong></span> <span class='ocrx_word' id='word_1_574' title='bbox 2993 3968 3154 4039; x_wconf 75' lang='grc' dir='ltr'>ψιλῆς</span> <span class='ocrx_word' id='word_1_575' title='bbox 3196 3969 3305 4024; x_wconf 86' lang='grc' dir='ltr'>τῶν</span> <span class='ocrx_word' id='word_1_576' title='bbox 3377 3968 3537 4022; x_wconf 83' lang='grc' dir='ltr'>θείων</span> 
     </span>
    </p>
   </div>
   <div class='ocr_carea' id='block_1_78' title="bbox 269 4060 3536 4144">
    <p class='ocr_par' dir='ltr' id='par_1_78' title="bbox 269 4060 3536 4144">
     <span class='ocr_line' id='line_1_78' title="bbox 269 4060 3536 4144; baseline -0.003 -20"><span class='ocrx_word' id='word_1_577' title='bbox 269 4072 506 4144; x_wconf 84' lang='grc' dir='ltr'>Γραφῶν</span> <span class='ocrx_word' id='word_1_578' title='bbox 560 4068 919 4140; x_wconf 80' lang='grc' dir='ltr'>ἀναγνώσεως</span> <span class='ocrx_word' id='word_1_579' title='bbox 970 4068 1327 4139; x_wconf 74' lang='grc' dir='ltr'>μεταλάϐοιεν</span> <span class='ocrx_word' id='word_1_580' title='bbox 1407 4067 1648 4144; x_wconf 78' lang='grc' dir='ltr'>τροφῆς,</span> <span class='ocrx_word' id='word_1_581' title='bbox 1717 4066 1906 4136; x_wconf 84' lang='grc' dir='ltr'>ὅμως,</span> <span class='ocrx_word' id='word_1_582' title='bbox 1968 4064 2181 4127; x_wconf 81' lang='grc' dir='ltr'>οὐδενὸς</span> <span class='ocrx_word' id='word_1_583' title='bbox 2234 4062 2463 4136; x_wconf 72' lang='grc' dir='ltr'>στερροῦ</span> <span class='ocrx_word' id='word_1_584' title='bbox 2538 4062 3042 4133; x_wconf 76' lang='grc' dir='ltr'>μεταλαμϐάνοντες</span> <span class='ocrx_word' id='word_1_585' title='bbox 3093 4060 3217 4115; x_wconf 75' lang='grc' dir='ltr'>οὔτε</span> <span class='ocrx_word' id='word_1_586' title='bbox 3270 4060 3536 4126; x_wconf 82' lang='grc' dir='ltr'>ζωοποιοῦ</span> 
     </span>
    </p>
   </div>
   <div class='ocr_carea' id='block_1_79' title="bbox 269 4142 3535 4231">
    <p class='ocr_par' dir='ltr' id='par_1_79' title="bbox 269 4142 3535 4231">
     <span class='ocr_line' id='line_1_79' title="bbox 269 4142 3535 4231; baseline -0.002 -20"><span class='ocrx_word' id='word_1_587' title='bbox 269 4142 439 4231; x_wconf 77' lang='grc' dir='ltr'>ἄρτου</span> <span class='ocrx_word' id='word_1_588' title='bbox 488 4159 916 4230; x_wconf 86' lang='grc' dir='ltr'>ἁπογευὸμενοι,</span> <span class='ocrx_word' id='word_1_589' title='bbox 970 4160 1295 4229; x_wconf 84' lang='grc' dir='ltr'>ἀχόρταστοι</span> <span class='ocrx_word' id='word_1_590' title='bbox 1364 4142 1712 4227; x_wconf 82' lang='grc' dir='ltr'>διαμένουσι·</span> <span class='ocrx_word' id='word_1_591' title='bbox 1781 4155 1856 4227; x_wconf 80' lang='grc' dir='ltr'><strong>μῆ</strong></span> <span class='ocrx_word' id='word_1_592' title='bbox 1896 4153 2287 4226; x_wconf 75' lang='grc' dir='ltr'>χορταζόμενοι</span> <span class='ocrx_word' id='word_1_593' title='bbox 2338 4153 2425 4218; x_wconf 81' lang='grc' dir='ltr'><strong>δὲ,</strong></span> <span class='ocrx_word' id='word_1_594' title='bbox 2463 4152 2997 4222; x_wconf 76' lang='grc' dir='ltr'>καταγογγύζουσιν,</span> <span class='ocrx_word' id='word_1_595' title='bbox 3045 4151 3233 4222; x_wconf 83' lang='grc' dir='ltr'>ὥσπερ</span> <span class='ocrx_word' id='word_1_596' title='bbox 3270 4149 3363 4205; x_wconf 82' lang='grc' dir='ltr'><strong>οὖν</strong></span> <span class='ocrx_word' id='word_1_597' title='bbox 3405 4169 3535 4204; x_wconf 90' lang='grc' dir='ltr'>κατ-</span> 
     </span>
    </p>
   </div>
   <div class='ocr_carea' id='block_1_80' title="bbox 271 4243 3531 4324">
    <p class='ocr_par' dir='ltr' id='par_1_80' title="bbox 271 4243 3531 4324">
     <span class='ocr_line' id='line_1_80' title="bbox 271 4243 3531 4324; baseline -0.004 -18"><span class='ocrx_word' id='word_1_598' title='bbox 271 4254 583 4323; x_wconf 80' lang='grc' dir='ltr'>εγόγγυσάν</span> <span class='ocrx_word' id='word_1_599' title='bbox 617 4272 747 4308; x_wconf 88' lang='grc' dir='ltr'>ποτε</span> <span class='ocrx_word' id='word_1_600' title='bbox 816 4254 908 4307; x_wconf 71' lang='grc' dir='ltr'>ἐπὶ</span> <span class='ocrx_word' id='word_1_601' title='bbox 942 4253 1042 4323; x_wconf 88' lang='grc' dir='ltr'><strong>τῆς</strong></span> <span class='ocrx_word' id='word_1_602' title='bbox 1070 4254 1299 4324; x_wconf 84' lang='grc' dir='ltr'>ἐρήμου.</span> <span class='ocrx_word' id='word_1_603' title='bbox 1329 4252 1498 4305; x_wconf 82' lang='grc' dir='ltr'>Τοῦτο</span> <span class='ocrx_word' id='word_1_604' title='bbox 1536 4251 1645 4321; x_wconf 79' lang='grc' dir='ltr'><strong>γάρ</strong></span> <span class='ocrx_word' id='word_1_605' title='bbox 1676 4251 1857 4313; x_wconf 76' lang='grc' dir='ltr'>αὐτοῖς</span> <span class='ocrx_word' id='word_1_606' title='bbox 1896 4252 2067 4303; x_wconf 83' lang='grc' dir='ltr'>ποιεῖν</span> <span class='ocrx_word' id='word_1_607' title='bbox 2096 4248 2344 4319; x_wconf 76' lang='grc' dir='ltr'>σύνηθες.</span> <span class='ocrx_word' id='word_1_608' title='bbox 2371 4248 2464 4301; x_wconf 82' lang='grc' dir='ltr'>Διὸ</span> <span class='ocrx_word' id='word_1_609' title='bbox 2490 4247 2627 4318; x_wconf 80' lang='grc' dir='ltr'>πρὸς</span> <span class='ocrx_word' id='word_1_610' title='bbox 2690 4248 2836 4318; x_wconf 81' lang='grc' dir='ltr'>ἡμᾶς</span> <span class='ocrx_word' id='word_1_611' title='bbox 2868 4262 3030 4315; x_wconf 81' lang='grc' dir='ltr'>φησιν</span> <span class='ocrx_word' id='word_1_612' title='bbox 3069 4246 3098 4297; x_wconf 89' lang='lat'><strong>6</strong></span> <span class='ocrx_word' id='word_1_613' title='bbox 3176 4243 3493 4305; x_wconf 85' lang='grc' dir='ltr'>’Δπόστολος</span> <span class='ocrx_word' id='word_1_614' title='bbox 3517 4269 3531 4284; x_wconf 79' lang='grc' dir='ltr'><strong><em>ο</em></strong></span> 
     </span>
    </p>
   </div>
   <div class='ocr_carea' id='block_1_81' title="bbox 270 4327 2883 4415">
    <p class='ocr_par' dir='ltr' id='par_1_81' title="bbox 270 4327 2883 4415">
     <span class='ocr_line' id='line_1_81' title="bbox 270 4327 2883 4415; baseline -0.005 -16"><span class='ocrx_word' id='word_1_615' title='bbox 270 4344 447 4413; x_wconf 76' lang='grc' dir='ltr'><strong>Μηδὲ</strong></span> <span class='ocrx_word' id='word_1_616' title='bbox 478 4342 814 4415; x_wconf 74' lang='grc' dir='ltr'>γογγύζητε,</span> <span class='ocrx_word' id='word_1_617' title='bbox 856 4343 1051 4409; x_wconf 84' lang='grc' dir='ltr'>καθὼς</span> <span class='ocrx_word' id='word_1_618' title='bbox 1082 4341 1243 4407; x_wconf 80' lang='grc' dir='ltr'>τινὲς</span> <span class='ocrx_word' id='word_1_619' title='bbox 1270 4339 1467 4395; x_wconf 84' lang='grc' dir='ltr'>αὐτῶν</span> <span class='ocrx_word' id='word_1_620' title='bbox 1492 4339 1852 4410; x_wconf 73' lang='grc' dir='ltr'><strong>ἐγόγγυσαν,</strong></span> <span class='ocrx_word' id='word_1_621' title='bbox 1893 4327 2005 4392; x_wconf 58' lang='grc' dir='ltr'><strong>καί</strong></span> <span class='ocrx_word' id='word_1_622' title='bbox 2025 4336 2337 4392; x_wconf 76' lang='grc' dir='ltr'>ἀπώλοντο</span> <span class='ocrx_word' id='word_1_623' title='bbox 2374 4335 2495 4390; x_wconf 80' lang='grc' dir='ltr'><strong>ὑπὸ</strong></span> <span class='ocrx_word' id='word_1_624' title='bbox 2521 4334 2639 4388; x_wconf 88' lang='grc' dir='ltr'>τῶν</span> <span class='ocrx_word' id='word_1_625' title='bbox 2667 4335 2883 4403; x_wconf 74' lang='grc' dir='ltr'>ὄφεων.</span> 
     </span>
    </p>
   </div>
   <div class='ocr_carea' id='block_1_82' title="bbox 356 4412 1859 4507">
    <p class='ocr_par' dir='ltr' id='par_1_82' title="bbox 356 4412 1859 4507">
     <span class='ocr_line' id='line_1_82' title="bbox 356 4412 1859 4507; baseline -0.007 -15"><span class='ocrx_word' id='word_1_626' title='bbox 356 4412 510 4507; x_wconf 75' lang='grc' dir='ltr'><strong>Ἐ’γῶ</strong></span> <span class='ocrx_word' id='word_1_627' title='bbox 644 4437 866 4507; x_wconf 75' lang='grc' dir='ltr'>ᾄσομαι</span> <span class='ocrx_word' id='word_1_628' title='bbox 898 4435 1013 4504; x_wconf 79' lang='grc' dir='ltr'><strong>τὴν</strong></span> <span class='ocrx_word' id='word_1_629' title='bbox 1052 4433 1310 4504; x_wconf 82' lang='grc' dir='ltr'>δύναμίν</span> <span class='ocrx_word' id='word_1_630' title='bbox 1338 4447 1482 4495; x_wconf 83' lang='grc' dir='ltr'>σου,</span> <span class='ocrx_word' id='word_1_631' title='bbox 1534 4430 1634 4485; x_wconf 73' lang='grc' dir='ltr'>καὶ</span> <span class='ocrx_word' id='word_1_632' title='bbox 1676 4431 1859 4500; x_wconf 65' lang='grc' dir='ltr'>ἁναλο</span> 
     </span>
    </p>
   </div>
   <div class='ocr_carea' id='block_1_83' title="bbox 1963 4412 3537 4507">
    <p class='ocr_par' dir='ltr' id='par_1_83' title="bbox 2034 4412 3537 4497">
     <span class='ocr_line' id='line_1_83' title="bbox 2034 4412 3537 4497; baseline -0.005 -15"><span class='ocrx_word' id='word_1_633' title='bbox 2034 4427 2200 4483; x_wconf 73' lang='lat' dir='ltr'><strong>Vens.</strong></span> <span class='ocrx_word' id='word_1_634' title='bbox 2250 4427 2338 4490; x_wconf 80' lang='lat' dir='ltr'><strong>l7,</strong></span> <span class='ocrx_word' id='word_1_635' title='bbox 2391 4425 2477 4481; x_wconf 80' lang='lat' dir='ltr'><strong>l8.</strong></span> <span class='ocrx_word' id='word_1_636' title='bbox 2520 4424 2632 4497; x_wconf 83' lang='lat' dir='ltr'><strong>Ego</strong></span> <span class='ocrx_word' id='word_1_637' title='bbox 2684 4435 2861 4479; x_wconf 88' lang='lat' dir='ltr'><strong>autem</strong></span> <span class='ocrx_word' id='word_1_638' title='bbox 2905 4412 3130 4477; x_wconf 77' lang='lat' dir='ltr'><strong>cantabo</strong></span> <span class='ocrx_word' id='word_1_639' title='bbox 3170 4419 3537 4490; x_wconf 83' lang='lat' dir='ltr'><strong>fortitudinem</strong></span> 
     </span>
    </p>
   </div>
   <div class='ocr_carea' id='block_1_84' title="bbox 246 4512 1859 4605">
    <p class='ocr_par' dir='ltr' id='par_1_84' title="bbox 246 4520 1859 4605">
     <span class='ocr_line' id='line_1_84' title="bbox 246 4520 1859 4605; baseline -0.007 -22"><span class='ocrx_word' id='word_1_640' title='bbox 246 4529 565 4605; x_wconf 61' lang='grc' dir='ltr'>,λιάσομαι</span> <span class='ocrx_word' id='word_1_641' title='bbox 608 4528 691 4593; x_wconf 86' lang='grc' dir='ltr'>τῷ</span> <span class='ocrx_word' id='word_1_642' title='bbox 731 4526 878 4595; x_wconf 75' lang='grc' dir='ltr'>πρωὶ</span> <span class='ocrx_word' id='word_1_643' title='bbox 916 4526 979 4579; x_wconf 83' lang='grc' dir='ltr'>τὸ</span> <span class='ocrx_word' id='word_1_644' title='bbox 1023 4525 1195 4590; x_wconf 77' lang='grc' dir='ltr'><strong>ἔλεός</strong></span> <span class='ocrx_word' id='word_1_645' title='bbox 1242 4538 1389 4577; x_wconf 84' lang='grc' dir='ltr'>σου·</span> <span class='ocrx_word' id='word_1_646' title='bbox 1438 4521 1528 4574; x_wconf 84' lang='grc' dir='ltr'>ὅτι</span> <span class='ocrx_word' id='word_1_647' title='bbox 1571 4520 1859 4590; x_wconf 73' lang='grc' dir='ltr'>ἐγενήθης</span> 
     </span>
    </p>
   </div>
   <div class='ocr_carea' id='block_1_85' title="bbox 1963 4512 3538 4605">
    <p class='ocr_par' dir='ltr' id='par_1_85' title="bbox 1966 4512 3538 4582">
     <span class='ocr_line' id='line_1_85' title="bbox 1966 4512 3538 4582; baseline -0.005 -8"><span class='ocrx_word' id='word_1_648' title='bbox 1966 4529 2134 4581; x_wconf 86' lang='lat' dir='ltr'><strong>tuam,</strong></span> <span class='ocrx_word' id='word_1_649' title='bbox 2164 4526 2213 4571; x_wconf 93' lang='lat' dir='ltr'><strong>et</strong></span> <span class='ocrx_word' id='word_1_650' title='bbox 2250 4514 2525 4571; x_wconf 76' lang='lat' dir='ltr'><strong>exsultabo</strong></span> <span class='ocrx_word' id='word_1_651' title='bbox 2568 4533 2721 4571; x_wconf 86' lang='lat' dir='ltr'><strong>mane</strong></span> <span class='ocrx_word' id='word_1_652' title='bbox 2758 4512 3174 4568; x_wconf 87' lang='lat' dir='ltr'><strong>misericordiam</strong></span> <span class='ocrx_word' id='word_1_653' title='bbox 3207 4519 3374 4576; x_wconf 88' lang='lat' dir='ltr'><strong>tuam,</strong></span> <span class='ocrx_word' id='word_1_654' title='bbox 3411 4513 3538 4582; x_wconf 79' lang='lat' dir='ltr'><strong>quia</strong></span> 
     </span>
    </p>
   </div>
   <div class='ocr_carea' id='block_1_86' title="bbox 1959 3153 3534 3225">
    <p class='ocr_par' dir='ltr' id='par_1_86' title="bbox 1959 3153 3534 3225">
     <span class='ocr_line' id='line_1_86' title="bbox 1959 3153 3534 3225; baseline 0.001 -20"><span class='ocrx_word' id='word_1_655' title='bbox 1959 3153 2113 3218; x_wconf 87' lang='lat' dir='ltr'><strong>Quod</strong></span> <span class='ocrx_word' id='word_1_656' title='bbox 2146 3155 2192 3206; x_wconf 93' lang='lat' dir='ltr'><strong>si</strong></span> <span class='ocrx_word' id='word_1_657' title='bbox 2233 3153 2454 3223; x_wconf 85' lang='lat' dir='ltr'><strong>quando</strong></span> <span class='ocrx_word' id='word_1_658' title='bbox 2493 3170 2559 3209; x_wconf 81' lang='lat' dir='ltr'><strong>ex</strong></span> <span class='ocrx_word' id='word_1_659' title='bbox 2600 3155 2746 3209; x_wconf 84' lang='lat' dir='ltr'><strong>nuda</strong></span> <span class='ocrx_word' id='word_1_660' title='bbox 2775 3153 3082 3209; x_wconf 87' lang='lat' dir='ltr'><strong>divinarum</strong></span> <span class='ocrx_word' id='word_1_661' title='bbox 3124 3154 3534 3225; x_wconf 87' lang='lat' dir='ltr'><strong>Scripturarum</strong></span> 
     </span>
    </p>
   </div>
   <div class='ocr_carea' id='block_1_87' title="bbox 1958 3242 3537 3312">
    <p class='ocr_par' dir='ltr' id='par_1_87' title="bbox 1958 3242 3537 3312">
     <span class='ocr_line' id='line_1_87' title="bbox 1958 3242 3537 3312; baseline 0.001 -16"><span class='ocrx_word' id='word_1_662' title='bbox 1958 3244 2191 3297; x_wconf 88' lang='lat' dir='ltr'><strong>lectione</strong></span> <span class='ocrx_word' id='word_1_663' title='bbox 2220 3244 2401 3298; x_wconf 88' lang='lat' dir='ltr'><strong>cibum</strong></span> <span class='ocrx_word' id='word_1_664' title='bbox 2433 3242 2686 3312; x_wconf 88' lang='lat' dir='ltr'><strong>capiant;</strong></span> <span class='ocrx_word' id='word_1_665' title='bbox 2714 3250 2951 3298; x_wconf 87' lang='lat' dir='ltr'><strong>attamen</strong></span> <span class='ocrx_word' id='word_1_666' title='bbox 2983 3258 3161 3312; x_wconf 90' lang='lat' dir='ltr'><strong>neque</strong></span> <span class='ocrx_word' id='word_1_667' title='bbox 3189 3244 3403 3296; x_wconf 86' lang='lat' dir='ltr'><strong>ﬁrmum</strong></span> <span class='ocrx_word' id='word_1_668' title='bbox 3439 3259 3537 3297; x_wconf 88' lang='lat' dir='ltr'><strong>ne-</strong></span> 
     </span>
    </p>
   </div>
   <div class='ocr_carea' id='block_1_88' title="bbox 1960 3332 3531 3403">
    <p class='ocr_par' dir='ltr' id='par_1_88' title="bbox 1960 3332 3531 3403">
     <span class='ocr_line' id='line_1_88' title="bbox 1960 3332 3531 3403; baseline 0 -16"><span class='ocrx_word' id='word_1_669' title='bbox 1960 3349 2066 3403; x_wconf 88' lang='lat' dir='ltr'><strong>que</strong></span> <span class='ocrx_word' id='word_1_670' title='bbox 2086 3333 2360 3387; x_wconf 84' lang='lat' dir='ltr'><strong>viviﬁcum</strong></span> <span class='ocrx_word' id='word_1_671' title='bbox 2385 3347 2581 3402; x_wconf 89' lang='lat' dir='ltr'><strong>panem</strong></span> <span class='ocrx_word' id='word_1_672' title='bbox 2605 3333 2980 3403; x_wconf 76' lang='lat' dir='ltr'><strong>degustantes,</strong></span> <span class='ocrx_word' id='word_1_673' title='bbox 3013 3332 3254 3387; x_wconf 88' lang='lat' dir='ltr'><strong>insatiati</strong></span> <span class='ocrx_word' id='word_1_674' title='bbox 3277 3341 3531 3387; x_wconf 89' lang='lat' dir='ltr'><strong>manent:</strong></span> 
     </span>
    </p>
   </div>
   <div class='ocr_carea' id='block_1_89' title="bbox 1960 3412 3533 3491">
    <p class='ocr_par' dir='ltr' id='par_1_89' title="bbox 1960 3412 3533 3491">
     <span class='ocr_line' id='line_1_89' title="bbox 1960 3412 3533 3491; baseline -0.003 -13"><span class='ocrx_word' id='word_1_675' title='bbox 1960 3439 2069 3487; x_wconf 87' lang='lat' dir='ltr'><strong>non</strong></span> <span class='ocrx_word' id='word_1_676' title='bbox 2124 3424 2355 3480; x_wconf 89' lang='lat' dir='ltr'><strong>saturati</strong></span> <span class='ocrx_word' id='word_1_677' title='bbox 2414 3438 2586 3488; x_wconf 84' lang='lat' dir='ltr'><strong>vero,</strong></span> <span class='ocrx_word' id='word_1_678' title='bbox 2632 3418 3021 3488; x_wconf 76' lang='lat' dir='ltr'><strong>murmurant,</strong></span> <span class='ocrx_word' id='word_1_679' title='bbox 3074 3412 3533 3491; x_wconf 80' lang='lat' dir='ltr'><strong>quemadmodum</strong></span> 
     </span>
    </p>
   </div>
   <div class='ocr_carea' id='block_1_90' title="bbox 270 4609 1861 4686">
    <p class='ocr_par' dir='ltr' id='par_1_90' title="bbox 270 4609 1861 4686">
     <span class='ocr_line' id='line_1_90' title="bbox 270 4609 1861 4686; baseline -0.007 -13"><span class='ocrx_word' id='word_1_680' title='bbox 270 4618 658 4686; x_wconf 73' lang='grc' dir='ltr'>ἁντιλήπτωρ</span> <span class='ocrx_word' id='word_1_681' title='bbox 702 4635 825 4686; x_wconf 85' lang='grc' dir='ltr'>μου</span> <span class='ocrx_word' id='word_1_682' title='bbox 867 4615 966 4669; x_wconf 78' lang='grc' dir='ltr'>καὶ</span> <span class='ocrx_word' id='word_1_683' title='bbox 1019 4612 1333 4684; x_wconf 66' lang='grc' dir='ltr'>καταφυγή</span> <span class='ocrx_word' id='word_1_684' title='bbox 1378 4629 1496 4681; x_wconf 85' lang='grc' dir='ltr'>μου</span> <span class='ocrx_word' id='word_1_685' title='bbox 1553 4611 1624 4664; x_wconf 85' lang='grc' dir='ltr'>ἐν</span> <span class='ocrx_word' id='word_1_686' title='bbox 1668 4609 1861 4679; x_wconf 68' lang='grc' dir='ltr'>ἡμέρᾳ</span> 
     </span>
    </p>
   </div>
   <div class='ocr_carea' id='block_1_91' title="bbox 273 4699 1861 4778">
    <p class='ocr_par' dir='ltr' id='par_1_91' title="bbox 273 4699 1861 4778">
     <span class='ocr_line' id='line_1_91' title="bbox 273 4699 1861 4778; baseline -0.006 -16"><span class='ocrx_word' id='word_1_687' title='bbox 273 4708 543 4778; x_wconf 68' lang='grc' dir='ltr'><strong>θλίψεώς</strong></span> <span class='ocrx_word' id='word_1_688' title='bbox 568 4726 701 4776; x_wconf 83' lang='grc' dir='ltr'>μου.</span> <span class='ocrx_word' id='word_1_689' title='bbox 748 4704 977 4775; x_wconf 69' lang='grc' dir='ltr'><strong>Βοηθός</strong></span> <span class='ocrx_word' id='word_1_690' title='bbox 1021 4724 1160 4775; x_wconf 89' lang='grc' dir='ltr'>μου,</span> <span class='ocrx_word' id='word_1_691' title='bbox 1192 4703 1290 4759; x_wconf 75' lang='grc' dir='ltr'><strong>σοί</strong></span> <span class='ocrx_word' id='word_1_692' title='bbox 1338 4699 1514 4772; x_wconf 74' lang='grc' dir='ltr'><strong>ψαλῶ</strong></span> <span class='ocrx_word' id='word_1_693' title='bbox 1539 4741 1553 4763; x_wconf 89' lang='grc'><strong>,</strong></span> <span class='ocrx_word' id='word_1_694' title='bbox 1598 4701 1686 4754; x_wconf 84' lang='grc' dir='ltr'>ὅτι</span> <span class='ocrx_word' id='word_1_695' title='bbox 1716 4700 1861 4767; x_wconf 84' lang='grc' dir='ltr'>Θεὸς</span> 
     </span>
    </p>
   </div>
   <div class='ocr_carea' id='block_1_92' title="bbox 271 4792 1856 4871">
    <p class='ocr_par' dir='ltr' id='par_1_92' title="bbox 271 4792 1856 4871">
     <span class='ocr_line' id='line_1_92' title="bbox 271 4792 1856 4871; baseline -0.007 -17"><span class='ocrx_word' id='word_1_696' title='bbox 271 4799 660 4871; x_wconf 62' lang='grc' dir='ltr'>ἁντιλήπτωρ</span> <span class='ocrx_word' id='word_1_697' title='bbox 707 4817 828 4868; x_wconf 87' lang='grc' dir='ltr'>μου</span> <span class='ocrx_word' id='word_1_698' title='bbox 873 4794 945 4862; x_wconf 75' lang='grc' dir='ltr'>εἴ,</span> <span class='ocrx_word' id='word_1_699' title='bbox 981 4801 1014 4852; x_wconf 82' lang='grc' dir='ltr'><em>ὁ</em></span> <span class='ocrx_word' id='word_1_700' title='bbox 1050 4794 1192 4862; x_wconf 85' lang='grc' dir='ltr'>Θεός</span> <span class='ocrx_word' id='word_1_701' title='bbox 1227 4814 1346 4865; x_wconf 85' lang='grc' dir='ltr'>μου</span> <span class='ocrx_word' id='word_1_702' title='bbox 1381 4792 1455 4847; x_wconf 74' lang='grc' dir='ltr'>τὰ</span> <span class='ocrx_word' id='word_1_703' title='bbox 1496 4792 1667 4857; x_wconf 75' lang='grc' dir='ltr'>ἔλεός</span> <span class='ocrx_word' id='word_1_704' title='bbox 1716 4809 1856 4861; x_wconf 86' lang='grc' dir='ltr'>μου.</span> 
     </span>
    </p>
   </div>
   <div class='ocr_carea' id='block_1_93' title="bbox 273 4880 1862 4961">
    <p class='ocr_par' dir='ltr' id='par_1_93' title="bbox 273 4880 1862 4961">
     <span class='ocr_line' id='line_1_93' title="bbox 273 4880 1862 4961; baseline -0.008 -17"><span class='ocrx_word' id='word_1_705' title='bbox 273 4891 471 4948; x_wconf 71' lang='grc' dir='ltr'>Ταῦτα</span> <span class='ocrx_word' id='word_1_706' title='bbox 501 4890 601 4961; x_wconf 87' lang='grc' dir='ltr'><strong>μὲν</strong></span> <span class='ocrx_word' id='word_1_707' title='bbox 631 4887 724 4944; x_wconf 76' lang='grc' dir='ltr'>οὖν</span> <span class='ocrx_word' id='word_1_708' title='bbox 750 4891 799 4943; x_wconf 89' lang='grc' dir='ltr'>οἱ</span> <span class='ocrx_word' id='word_1_709' title='bbox 840 4888 1239 4950; x_wconf 77' lang='grc' dir='ltr'>ἐπαναστάντες</span> <span class='ocrx_word' id='word_1_710' title='bbox 1275 4904 1362 4957; x_wconf 90' lang='grc' dir='ltr'><strong>μοι</strong></span> <span class='ocrx_word' id='word_1_711' title='bbox 1399 4885 1711 4949; x_wconf 75' lang='grc' dir='ltr'>πείσονται·</span> <span class='ocrx_word' id='word_1_712' title='bbox 1749 4880 1862 4949; x_wconf 84' lang='grc' dir='ltr'>ἐγὼ</span> 
     </span>
    </p>
   </div>
   <div class='ocr_carea' id='block_1_94' title="bbox 271 4970 1864 5053">
    <p class='ocr_par' dir='ltr' id='par_1_94' title="bbox 271 4970 1864 5053">
     <span class='ocr_line' id='line_1_94' title="bbox 271 4970 1864 5053; baseline -0.009 -18"><span class='ocrx_word' id='word_1_713' title='bbox 271 4981 330 5034; x_wconf 75' lang='grc' dir='ltr'><strong>ὁὶ</strong></span> <span class='ocrx_word' id='word_1_714' title='bbox 366 4981 469 5051; x_wconf 79' lang='grc' dir='ltr'>τὴν</span> <span class='ocrx_word' id='word_1_715' title='bbox 496 4980 725 5053; x_wconf 88' lang='grc' dir='ltr'>δύναμίν</span> <span class='ocrx_word' id='word_1_716' title='bbox 767 4997 860 5033; x_wconf 89' lang='grc' dir='ltr'><strong>σου</strong></span> <span class='ocrx_word' id='word_1_717' title='bbox 889 4978 981 5032; x_wconf 80' lang='grc' dir='ltr'>τοῦ</span> <span class='ocrx_word' id='word_1_718' title='bbox 1021 4977 1155 5048; x_wconf 83' lang='grc' dir='ltr'>ἐμοῦ</span> <span class='ocrx_word' id='word_1_719' title='bbox 1200 4975 1409 5047; x_wconf 83' lang='grc' dir='ltr'>Πατρὸς</span> <span class='ocrx_word' id='word_1_720' title='bbox 1443 4974 1665 5046; x_wconf 75' lang='grc' dir='ltr'>ᾄσομαι.</span> <span class='ocrx_word' id='word_1_721' title='bbox 1696 4970 1864 5039; x_wconf 77' lang='grc' dir='ltr'><strong>Λέγε-</strong></span> 
     </span>
    </p>
   </div>
   <div class='ocr_carea' id='block_1_95' title="bbox 272 5059 1864 5143">
    <p class='ocr_par' dir='ltr' id='par_1_95' title="bbox 272 5059 1864 5143">
     <span class='ocr_line' id='line_1_95' title="bbox 272 5059 1864 5143; baseline -0.004 -19"><span class='ocrx_word' id='word_1_722' title='bbox 272 5089 370 5126; x_wconf 83' lang='grc' dir='ltr'><strong>ται</strong></span> <span class='ocrx_word' id='word_1_723' title='bbox 404 5071 463 5124; x_wconf 85' lang='grc' dir='ltr'><strong>δέ</strong></span> <span class='ocrx_word' id='word_1_724' title='bbox 494 5070 668 5126; x_wconf 76' lang='grc' dir='ltr'>ταῦτα</span> <span class='ocrx_word' id='word_1_725' title='bbox 699 5073 764 5125; x_wconf 85' lang='grc' dir='ltr'><strong>ἐκ</strong></span> <span class='ocrx_word' id='word_1_726' title='bbox 811 5069 1103 5143; x_wconf 87' lang='grc' dir='ltr'>προσώπου</span> <span class='ocrx_word' id='word_1_727' title='bbox 1144 5067 1234 5122; x_wconf 78' lang='grc' dir='ltr'>τοῦ</span> <span class='ocrx_word' id='word_1_728' title='bbox 1259 5067 1510 5137; x_wconf 83' lang='grc' dir='ltr'>Σωτῆρος</span> <span class='ocrx_word' id='word_1_729' title='bbox 1544 5059 1864 5137; x_wconf 81' lang='grc' dir='ltr'>προφητικῷ</span> 
     </span>
    </p>
   </div>
   <div class='ocr_carea' id='block_1_96' title="bbox 280 5151 1860 5231">
    <p class='ocr_par' dir='ltr' id='par_1_96' title="bbox 280 5151 1860 5231">
     <span class='ocr_line' id='line_1_96' title="bbox 280 5151 1860 5231; baseline -0.007 -16"><span class='ocrx_word' id='word_1_730' title='bbox 280 5161 596 5231; x_wconf 78' lang='grc' dir='ltr'>πνεύματι,</span> <span class='ocrx_word' id='word_1_731' title='bbox 646 5161 722 5226; x_wconf 83' lang='grc' dir='ltr'>ὡς</span> <span class='ocrx_word' id='word_1_732' title='bbox 779 5162 873 5214; x_wconf 71' lang='grc' dir='ltr'><strong>καὶ</strong></span> <span class='ocrx_word' id='word_1_733' title='bbox 934 5161 993 5213; x_wconf 89' lang='grc' dir='ltr'><strong>ἐν</strong></span> <span class='ocrx_word' id='word_1_734' title='bbox 1035 5157 1241 5231; x_wconf 76' lang='grc' dir='ltr'>ἑτέροις</span> <span class='ocrx_word' id='word_1_735' title='bbox 1290 5157 1508 5225; x_wconf 84' lang='grc' dir='ltr'>ἐλέγετο</span> <span class='ocrx_word' id='word_1_736' title='bbox 1553 5154 1611 5221; x_wconf 82' lang='grc' dir='ltr'><strong>ἐξ</strong></span> <span class='ocrx_word' id='word_1_737' title='bbox 1659 5151 1860 5208; x_wconf 80' lang='grc' dir='ltr'>αὑτοῦ·</span> 
     </span>
    </p>
   </div>
   <div class='ocr_carea' id='block_1_97' title="bbox 1965 4599 3538 4678">
    <p class='ocr_par' dir='ltr' id='par_1_97' title="bbox 1965 4599 3538 4678">
     <span class='ocr_line' id='line_1_97' title="bbox 1965 4599 3538 4678; baseline -0.005 -17"><span class='ocrx_word' id='word_1_738' title='bbox 1965 4609 2138 4678; x_wconf 86' lang='lat' dir='ltr'><strong>factus</strong></span> <span class='ocrx_word' id='word_1_739' title='bbox 2182 4622 2235 4659; x_wconf 89' lang='lat' dir='ltr'><strong>es</strong></span> <span class='ocrx_word' id='word_1_740' title='bbox 2272 4612 2543 4672; x_wconf 85' lang='lat' dir='ltr'><strong>susceptor</strong></span> <span class='ocrx_word' id='word_1_741' title='bbox 2573 4620 2741 4668; x_wconf 87' lang='lat' dir='ltr'><strong>meus,</strong></span> <span class='ocrx_word' id='word_1_742' title='bbox 2775 4612 2825 4657; x_wconf 91' lang='lat' dir='ltr'><strong>et</strong></span> <span class='ocrx_word' id='word_1_743' title='bbox 2854 4600 3113 4670; x_wconf 77' lang='lat' dir='ltr'><strong>refugium</strong></span> <span class='ocrx_word' id='word_1_744' title='bbox 3146 4614 3318 4653; x_wconf 84' lang='lat' dir='ltr'><strong>meum</strong></span> <span class='ocrx_word' id='word_1_745' title='bbox 3365 4600 3423 4652; x_wconf 88' lang='lat' dir='ltr'><strong>in</strong></span> <span class='ocrx_word' id='word_1_746' title='bbox 3452 4599 3538 4653; x_wconf 86' lang='lat' dir='ltr'><strong>die</strong></span> 
     </span>
    </p>
   </div>
   <div class='ocr_carea' id='block_1_98' title="bbox 1966 4689 3538 4762">
    <p class='ocr_par' dir='ltr' id='par_1_98' title="bbox 1966 4689 3538 4762">
     <span class='ocr_line' id='line_1_98' title="bbox 1966 4689 3538 4762; baseline -0.005 -11"><span class='ocrx_word' id='word_1_747' title='bbox 1966 4695 2324 4751; x_wconf 85' lang='lat' dir='ltr'><strong>tribulationis</strong></span> <span class='ocrx_word' id='word_1_748' title='bbox 2359 4711 2507 4748; x_wconf 67' lang='lat' dir='ltr'><strong>mea’.</strong></span> <span class='ocrx_word' id='word_1_749' title='bbox 2538 4694 2769 4762; x_wconf 82' lang='lat' dir='ltr'><strong>Adjutor</strong></span> <span class='ocrx_word' id='word_1_750' title='bbox 2810 4709 2957 4747; x_wconf 87' lang='lat' dir='ltr'><strong>meus</strong></span> <span class='ocrx_word' id='word_1_751' title='bbox 2987 4690 3081 4744; x_wconf 88' lang='lat' dir='ltr'><strong>tibi</strong></span> <span class='ocrx_word' id='word_1_752' title='bbox 3121 4689 3374 4759; x_wconf 89' lang='lat' dir='ltr'><strong>psallam,</strong></span> <span class='ocrx_word' id='word_1_753' title='bbox 3413 4690 3538 4759; x_wconf 83' lang='lat' dir='ltr'><strong>quia</strong></span> 
     </span>
    </p>
   </div>
   <div class='ocr_carea' id='block_1_99' title="bbox 1966 4780 3540 4855">
    <p class='ocr_par' dir='ltr' id='par_1_99' title="bbox 1966 4780 3540 4855">
     <span class='ocr_line' id='line_1_99' title="bbox 1966 4780 3540 4855; baseline -0.004 -14"><span class='ocrx_word' id='word_1_754' title='bbox 1966 4788 2106 4843; x_wconf 89' lang='lat' dir='ltr'><strong>Deus</strong></span> <span class='ocrx_word' id='word_1_755' title='bbox 2149 4794 2418 4855; x_wconf 85' lang='lat' dir='ltr'><strong>susceptor</strong></span> <span class='ocrx_word' id='word_1_756' title='bbox 2469 4802 2613 4838; x_wconf 88' lang='lat' dir='ltr'><strong>meus</strong></span> <span class='ocrx_word' id='word_1_757' title='bbox 2658 4802 2736 4849; x_wconf 86' lang='lat' dir='ltr'><strong>es,</strong></span> <span class='ocrx_word' id='word_1_758' title='bbox 2794 4784 2935 4837; x_wconf 87' lang='lat' dir='ltr'><strong>Deus</strong></span> <span class='ocrx_word' id='word_1_759' title='bbox 2978 4798 3121 4836; x_wconf 88' lang='lat' dir='ltr'><strong>meus</strong></span> <span class='ocrx_word' id='word_1_760' title='bbox 3172 4780 3540 4835; x_wconf 88' lang='lat' dir='ltr'><strong>misericordia</strong></span> 
     </span>
    </p>
   </div>
   <div class='ocr_carea' id='block_1_100' title="bbox 1966 4872 3538 4946">
    <p class='ocr_par' dir='ltr' id='par_1_100' title="bbox 1966 4872 3538 4946">
     <span class='ocr_line' id='line_1_100' title="bbox 1966 4872 3538 4946; baseline -0.003 -15"><span class='ocrx_word' id='word_1_761' title='bbox 1966 4895 2100 4932; x_wconf 90' lang='lat' dir='ltr'><strong>mea.</strong></span> <span class='ocrx_word' id='word_1_762' title='bbox 2124 4876 2249 4932; x_wconf 62' lang='lat' dir='ltr'><strong>Haec</strong></span> <span class='ocrx_word' id='word_1_763' title='bbox 2271 4876 2453 4946; x_wconf 90' lang='lat' dir='ltr'><strong>itaque</strong></span> <span class='ocrx_word' id='word_1_764' title='bbox 2474 4875 2750 4945; x_wconf 87' lang='lat' dir='ltr'><strong>patientur</strong></span> <span class='ocrx_word' id='word_1_765' title='bbox 2774 4875 2866 4945; x_wconf 87' lang='lat' dir='ltr'><strong>qui</strong></span> <span class='ocrx_word' id='word_1_766' title='bbox 2894 4873 3313 4927; x_wconf 77' lang='lat' dir='ltr'><strong>insurrexerunt</strong></span> <span class='ocrx_word' id='word_1_767' title='bbox 3341 4872 3395 4925; x_wconf 92' lang='lat' dir='ltr'><strong>in</strong></span> <span class='ocrx_word' id='word_1_768' title='bbox 3432 4887 3538 4926; x_wconf 89' lang='lat' dir='ltr'><strong>me.</strong></span> 
     </span>
    </p>
   </div>
   <div class='ocr_carea' id='block_1_101' title="bbox 1973 4962 3537 5037">
    <p class='ocr_par' dir='ltr' id='par_1_101' title="bbox 1973 4962 3537 5037">
     <span class='ocr_line' id='line_1_101' title="bbox 1973 4962 3537 5037; baseline -0.004 -18"><span class='ocrx_word' id='word_1_769' title='bbox 1973 4967 2084 5037; x_wconf 78' lang='lat' dir='ltr'><strong>Ego</strong></span> <span class='ocrx_word' id='word_1_770' title='bbox 2112 4981 2242 5021; x_wconf 84' lang='lat' dir='ltr'><strong>vero</strong></span> <span class='ocrx_word' id='word_1_771' title='bbox 2271 4972 2418 5019; x_wconf 89' lang='lat' dir='ltr'><strong>tuam</strong></span> <span class='ocrx_word' id='word_1_772' title='bbox 2450 4964 2630 5019; x_wconf 87' lang='lat' dir='ltr'><strong>Patris</strong></span> <span class='ocrx_word' id='word_1_773' title='bbox 2663 4964 2768 5018; x_wconf 88' lang='lat' dir='ltr'><strong>mei</strong></span> <span class='ocrx_word' id='word_1_774' title='bbox 2808 4962 3244 5017; x_wconf 87' lang='lat' dir='ltr'><strong>misericordiam</strong></span> <span class='ocrx_word' id='word_1_775' title='bbox 3282 4962 3537 5016; x_wconf 87' lang='lat' dir='ltr'><strong>cantabo.</strong></span> 
     </span>
    </p>
   </div>
   <div class='ocr_carea' id='block_1_102' title="bbox 1970 5051 3544 5127">
    <p class='ocr_par' dir='ltr' id='par_1_102' title="bbox 1970 5051 3544 5127">
     <span class='ocr_line' id='line_1_102' title="bbox 1970 5051 3544 5127; baseline -0.007 -15"><span class='ocrx_word' id='word_1_776' title='bbox 1970 5056 2101 5123; x_wconf 82' lang='lat' dir='ltr'><strong>Quae</strong></span> <span class='ocrx_word' id='word_1_777' title='bbox 2147 5056 2467 5127; x_wconf 87' lang='lat' dir='ltr'><strong>prophetico</strong></span> <span class='ocrx_word' id='word_1_778' title='bbox 2500 5054 2698 5125; x_wconf 88' lang='lat' dir='ltr'><strong>spiritu</strong></span> <span class='ocrx_word' id='word_1_779' title='bbox 2742 5069 2808 5109; x_wconf 83' lang='lat' dir='ltr'><strong>ex</strong></span> <span class='ocrx_word' id='word_1_780' title='bbox 2841 5068 3074 5123; x_wconf 89' lang='lat' dir='ltr'><strong>persona</strong></span> <span class='ocrx_word' id='word_1_781' title='bbox 3117 5052 3423 5109; x_wconf 73' lang='lat' dir='ltr'><strong>Salvatoris</strong></span> <span class='ocrx_word' id='word_1_782' title='bbox 3459 5051 3544 5102; x_wconf 86' lang='lat' dir='ltr'><strong>di-</strong></span> 
     </span>
    </p>
   </div>
   <div class='ocr_carea' id='block_1_103' title="bbox 1974 5141 3535 5213">
    <p class='ocr_par' dir='ltr' id='par_1_103' title="bbox 1974 5141 3535 5213">
     <span class='ocr_line' id='line_1_103' title="bbox 1974 5141 3535 5213; baseline -0.008 -12"><span class='ocrx_word' id='word_1_783' title='bbox 1974 5155 2213 5212; x_wconf 88' lang='lat' dir='ltr'><strong>cuntur;</strong></span> <span class='ocrx_word' id='word_1_784' title='bbox 2240 5153 2301 5200; x_wconf 90' lang='lat' dir='ltr'><strong>ut</strong></span> <span class='ocrx_word' id='word_1_785' title='bbox 2339 5153 2394 5199; x_wconf 90' lang='lat' dir='ltr'><strong>et</strong></span> <span class='ocrx_word' id='word_1_786' title='bbox 2420 5144 2548 5198; x_wconf 82' lang='lat' dir='ltr'><strong>alibi</strong></span> <span class='ocrx_word' id='word_1_787' title='bbox 2572 5159 2638 5198; x_wconf 80' lang='lat' dir='ltr'><strong>ex</strong></span> <span class='ocrx_word' id='word_1_788' title='bbox 2670 5142 2915 5213; x_wconf 85' lang='lat' dir='ltr'><strong>ejusdem</strong></span> <span class='ocrx_word' id='word_1_789' title='bbox 2948 5157 3180 5213; x_wconf 87' lang='lat' dir='ltr'><strong>persona</strong></span> <span class='ocrx_word' id='word_1_790' title='bbox 3212 5141 3535 5196; x_wconf 74' lang='lat' dir='ltr'><strong>dicebatur:</strong></span> 
     </span>
    </p>
   </div>
   <div class='ocr_carea' id='block_1_104' title="bbox 288 5223 1859 5320">
    <p class='ocr_par' dir='ltr' id='par_1_104' title="bbox 288 5223 1859 5320">
     <span class='ocr_line' id='line_1_104' title="bbox 288 5223 1859 5320; baseline -0.005 -16"><span class='ocrx_word' id='word_1_791' title='bbox 288 5223 635 5320; x_wconf 61' lang='grc' dir='ltr'><strong>Ἀπαγγελῶ</strong></span> <span class='ocrx_word' id='word_1_792' title='bbox 662 5223 729 5304; x_wconf 72' lang='grc' dir='ltr'>τι)</span> <span class='ocrx_word' id='word_1_793' title='bbox 769 5248 959 5319; x_wconf 80' lang='grc' dir='ltr'>ὄνομά</span> <span class='ocrx_word' id='word_1_794' title='bbox 988 5265 1104 5303; x_wconf 89' lang='grc' dir='ltr'><strong>σου</strong></span> <span class='ocrx_word' id='word_1_795' title='bbox 1132 5223 1264 5312; x_wconf 51' lang='grc' dir='ltr'>’τοῖς</span> <span class='ocrx_word' id='word_1_796' title='bbox 1304 5223 1588 5313; x_wconf 72' lang='grc' dir='ltr'><strong>ἀδελφοῖς</strong></span> <span class='ocrx_word' id='word_1_797' title='bbox 1610 5260 1759 5312; x_wconf 87' lang='grc' dir='ltr'>μου,</span> <span class='ocrx_word' id='word_1_798' title='bbox 1798 5244 1859 5297; x_wconf 76' lang='grc' dir='ltr'><strong>ἐν</strong></span> 
     </span>
    </p>
   </div>
   <div class='ocr_carea' id='block_1_105' title="bbox 1963 5223 3539 5320">
    <p class='ocr_par' dir='ltr' id='par_1_105' title="bbox 1983 5223 3539 5299">
     <span class='ocr_line' id='line_1_105' title="bbox 1983 5223 3539 5299; baseline -0.008 -9"><span class='ocrx_word' id='word_1_799' title='bbox 1983 5236 2225 5291; x_wconf 66' lang='lat' dir='ltr'><strong>Varrabo</strong></span> <span class='ocrx_word' id='word_1_800' title='bbox 2261 5252 2446 5290; x_wconf 85' lang='lat' dir='ltr'><strong>nomen</strong></span> <span class='ocrx_word' id='word_1_801' title='bbox 2472 5244 2617 5288; x_wconf 87' lang='lat' dir='ltr'><strong>tuum</strong></span> <span class='ocrx_word' id='word_1_802' title='bbox 2652 5232 2909 5299; x_wconf 82' lang='lat' dir='ltr'><strong>fratribus</strong></span> <span class='ocrx_word' id='word_1_803' title='bbox 2953 5225 3124 5296; x_wconf 65' lang='lat' dir='ltr'><strong>meis,</strong></span> <span class='ocrx_word' id='word_1_804' title='bbox 3151 5233 3205 5286; x_wconf 83' lang='lat' dir='ltr'><strong>in</strong></span> <span class='ocrx_word' id='word_1_805' title='bbox 3238 5230 3404 5284; x_wconf 87' lang='lat' dir='ltr'><strong>medio</strong></span> <span class='ocrx_word' id='word_1_806' title='bbox 3434 5223 3539 5276; x_wconf 57' lang='lat' dir='ltr'><strong>Ec-</strong></span> 
     </span>
    </p>
   </div>
   <div class='ocr_carea' id='block_1_106' title="bbox 269 5333 1866 5411">
    <p class='ocr_par' dir='ltr' id='par_1_106' title="bbox 269 5333 1866 5411">
     <span class='ocr_line' id='line_1_106' title="bbox 269 5333 1866 5411; baseline -0.005 -17"><span class='ocrx_word' id='word_1_807' title='bbox 269 5338 453 5411; x_wconf 82' lang='grc' dir='ltr'>μέσῳ</span> <span class='ocrx_word' id='word_1_808' title='bbox 484 5340 851 5409; x_wconf 72' lang='grc' dir='ltr'>Ἐκκλησίας</span> <span class='ocrx_word' id='word_1_809' title='bbox 880 5338 1127 5409; x_wconf 74' lang='grc' dir='ltr'>ὑμνήσω</span> <span class='ocrx_word' id='word_1_810' title='bbox 1159 5351 1252 5395; x_wconf 85' lang='grc' dir='ltr'><strong>σε.</strong></span> <span class='ocrx_word' id='word_1_811' title='bbox 1292 5334 1400 5390; x_wconf 79' lang='lat' dir='ltr'><strong>Kal</strong></span> <span class='ocrx_word' id='word_1_812' title='bbox 1427 5333 1866 5404; x_wconf 71' lang='grc' dir='ltr'>ἀγαλλιάσομαι</span> 
     </span>
    </p>
   </div>
   <div class='ocr_carea' id='block_1_107' title="bbox 277 5422 1867 5501">
    <p class='ocr_par' dir='ltr' id='par_1_107' title="bbox 277 5422 1867 5501">
     <span class='ocr_line' id='line_1_107' title="bbox 277 5422 1867 5501; baseline -0.001 -17"><span class='ocrx_word' id='word_1_813' title='bbox 277 5430 397 5498; x_wconf 75' lang='grc' dir='ltr'><strong>δὲ,“</strong></span> <span class='ocrx_word' id='word_1_814' title='bbox 415 5428 684 5501; x_wconf 50' lang='lat' dir='ltr'><strong>meum</strong></span> <span class='ocrx_word' id='word_1_815' title='bbox 715 5424 858 5499; x_wconf 62' lang='grc' dir='ltr'>πρωὶ</span> <span class='ocrx_word' id='word_1_816' title='bbox 892 5429 956 5483; x_wconf 87' lang='grc' dir='ltr'>τὸ</span> <span class='ocrx_word' id='word_1_817' title='bbox 989 5429 1157 5496; x_wconf 72' lang='grc' dir='ltr'><strong>ἔλεός</strong></span> <span class='ocrx_word' id='word_1_818' title='bbox 1177 5444 1294 5483; x_wconf 89' lang='grc' dir='ltr'>σου</span> <span class='ocrx_word' id='word_1_819' title='bbox 1315 5444 1327 5457; x_wconf 96' lang='grc'><strong>·</strong></span> <span class='ocrx_word' id='word_1_820' title='bbox 1361 5427 1498 5495; x_wconf 87' lang='grc' dir='ltr'>ὅπερ</span> <span class='ocrx_word' id='word_1_821' title='bbox 1520 5424 1549 5476; x_wconf 91' lang='lat'><strong>6</strong></span> <span class='ocrx_word' id='word_1_822' title='bbox 1571 5422 1867 5498; x_wconf 78' lang='grc' dir='ltr'>Σύμμαχος</span> 
     </span>
    </p>
   </div>
   <div class='ocr_carea' id='block_1_108' title="bbox 1971 5312 3539 5397">
    <p class='ocr_par' dir='ltr' id='par_1_108' title="bbox 1971 5312 3539 5397">
     <span class='ocr_line' id='line_1_108' title="bbox 1971 5312 3539 5397; baseline -0.014 -14"><span class='ocrx_word' id='word_1_823' title='bbox 1971 5329 2143 5383; x_wconf 74' lang='lat' dir='ltr'><strong>clesite</strong></span> <span class='ocrx_word' id='word_1_824' title='bbox 2166 5324 2564 5379; x_wconf 81' lang='lat' dir='ltr'><strong>laudabo.te°°.</strong></span> <span class='ocrx_word' id='word_1_825' title='bbox 2601 5322 2671 5379; x_wconf 78' lang='lat' dir='ltr'><strong>Et</strong></span> <span class='ocrx_word' id='word_1_826' title='bbox 2694 5323 2994 5397; x_wconf 76' lang='lat' dir='ltr'><strong>exsultabo,</strong></span> <span class='ocrx_word' id='word_1_827' title='bbox 3030 5323 3228 5392; x_wconf 88' lang='lat' dir='ltr'><strong>inquit,</strong></span> <span class='ocrx_word' id='word_1_828' title='bbox 3260 5330 3410 5371; x_wconf 87' lang='lat' dir='ltr'><strong>mane</strong></span> <span class='ocrx_word' id='word_1_829' title='bbox 3437 5312 3539 5363; x_wconf 85' lang='lat' dir='ltr'><strong>mi-</strong></span> 
     </span>
    </p>
   </div>
   <div class='ocr_carea' id='block_1_109' title="bbox 1973 5407 3537 5493">
    <p class='ocr_par' dir='ltr' id='par_1_109' title="bbox 1973 5407 3537 5493">
     <span class='ocr_line' id='line_1_109' title="bbox 1973 5407 3537 5493; baseline -0.013 -22"><span class='ocrx_word' id='word_1_830' title='bbox 1973 5415 2319 5471; x_wconf 88' lang='lat' dir='ltr'><strong>sericordiam</strong></span> <span class='ocrx_word' id='word_1_831' title='bbox 2352 5424 2541 5470; x_wconf 82' lang='lat' dir='ltr'><strong>tuam:</strong></span> <span class='ocrx_word' id='word_1_832' title='bbox 2580 5416 2725 5493; x_wconf 84' lang='lat' dir='ltr'><strong>quod</strong></span> <span class='ocrx_word' id='word_1_833' title='bbox 2755 5415 2832 5469; x_wconf 88' lang='lat' dir='ltr'><strong>ita</strong></span> <span class='ocrx_word' id='word_1_834' title='bbox 2868 5411 3230 5485; x_wconf 85' lang='lat' dir='ltr'><strong>Symmachus</strong></span> <span class='ocrx_word' id='word_1_835' title='bbox 3269 5407 3537 5472; x_wconf 87' lang='lat' dir='ltr'><strong>interpre-</strong></span> 
     </span>
    </p>
   </div>
   <div class='ocr_carea' id='block_1_110' title="bbox 355 5590 2065 5673">
    <p class='ocr_par' dir='ltr' id='par_1_110' title="bbox 355 5590 2065 5673">
     <span class='ocr_line' id='line_1_110' title="bbox 355 5590 2065 5673; baseline -0.009 -9"><span class='ocrx_word' id='word_1_836' title='bbox 355 5608 407 5642; x_wconf 86' lang='grc'><strong>⁸⁸</strong></span> <span class='ocrx_word' id='word_1_837' title='bbox 444 5607 578 5663; x_wconf 85' lang='lat' dir='ltr'><strong>Ge&#39;n.</strong></span> <span class='ocrx_word' id='word_1_838' title='bbox 615 5621 801 5673; x_wconf 70' lang='lat' dir='ltr'><strong>nm,</strong></span> <span class='ocrx_word' id='word_1_839' title='bbox 830 5606 919 5662; x_wconf 70' lang='lat'><strong>28.</strong></span> <span class='ocrx_word' id='word_1_840' title='bbox 995 5608 1042 5642; x_wconf 76' lang='grc'><strong>⁸⁸</strong></span> <span class='ocrx_word' id='word_1_841' title='bbox 1078 5606 1256 5663; x_wconf 82' lang='lat' dir='ltr'><strong>lCor.</strong></span> <span class='ocrx_word' id='word_1_842' title='bbox 1294 5620 1349 5670; x_wconf 82' lang='lat' dir='ltr'><strong>x,</strong></span> <span class='ocrx_word' id='word_1_843' title='bbox 1391 5600 1473 5657; x_wconf 90' lang='lat' dir='ltr'><strong>l0.</strong></span> <span class='ocrx_word' id='word_1_844' title='bbox 1550 5600 1596 5632; x_wconf 80' lang='lat'><strong><em>°°</em></strong></span> <span class='ocrx_word' id='word_1_845' title='bbox 1634 5596 1781 5659; x_wconf 78' lang='lat' dir='ltr'><strong>Psal.</strong></span> <span class='ocrx_word' id='word_1_846' title='bbox 1815 5608 1944 5661; x_wconf 71' lang='lat' dir='ltr'><strong>xxx,</strong></span> <span class='ocrx_word' id='word_1_847' title='bbox 1976 5590 2065 5649; x_wconf 75' lang='lat' dir='ltr'><strong>S3.</strong></span> 
     </span>
    </p>
   </div>
  </div>
