4024 6202
333 332 442 390 555

336 463 429 518 ρος
461 447 538 519 τῷ
569 445 730 502 Δαυῒδ
754 451 834 514 είς
861 448 1078 515 δούλους
1104 453 1366 524 φέροντας
1396 453 1562 540 ξένια.
1599 457 1708 512 Kal
1730 459 1864 512 ἐσωο

1966 462 2086 522 ,cis
2133 461 2434 532 interjectis
2471 464 2692 522 additur
2738 488 2751 524 :

332 539 539 612 Κύριος
579 540 671 595 τὸν
699 542 861 596 Δαυτδ
892 545 949 596 ὲν
977 548 1139 598 πᾶσιν
1162 542 1242 609 οίς
1269 539 1579 620 ἐπορεύετο.
1630 568 1649 601 ι
1684 549 1903 617 Τούτοις

331 631 460 702 ἑξῆς
517 634 656 704 μετά
713 634 918 706 βραχέα
974 638 1316 707 ἐπιλέγεται’
1366 659 1385 692 ι
1427 642 1535 694 Kal
1585 642 1902 698 ἐϐασίλευσε

328 723 492 777 Δαυῖδ
537 727 629 779 ἐπὶ
669 726 918 800 Ἰσραήλ·
951 730 1044 783 καὶ
1069 725 1136 801 ἦν
1176 731 1340 786 Δαυῒδ
1383 733 1554 788 ποιῶν
1591 738 1766 806 κρῖμα
1808 739 1902 792 καὶ

327 814 672 890 δικαιοσύνην
723 821 813 874 ἐπὶ
851 821 1026 876 πάντα
1051 824 1140 876 τὸν
1181 823 1308 879 λαὸν
1357 825 1544 882 αὐτοῦ.
1595 828 1704 882 Kal
1742 831 1900 884 ’1ωά6

326 908 440 972 υἱὸς
467 911 732 983 Σαρουϊας
764 914 857 966 ἐπὶ
902 915 1001 984 τῆς
1031 917 1343 987 στρατείας.
1385 936 1404 969 ι
1437 920 1549 972 Καὶ
1594 916 1748 984 αὖθις
1781 922 1898 992 μεθ’

323 999 489 1074 ἕτερα
525 1003 771 1076 εἴρηταιο
821 1025 840 1058 ς
884 1007 992 1061 Kal
1025 1009 1350 1064 ἀπέστειλαν
1392 1012 1441 1064 oi
1484 1014 1588 1066 uiol
1650 1014 1895 1086 Ἄμμων,

323 1096 415 1149 καὶ
467 1096 836 1168 ἐμισθώσαντο
880 1100 978 1170 τὴν
1003 1102 1202 1174 Συρίαν
1244 1102 1414 1158 Ῥοὼὸ
1441 1105 1536 1158 καὶ
1572 1105 1670 1178 τὴν
1697 1108 1898 1179 Συρίαν

321 1188 492 1242 Σοσάλ
521 1189 693 1244 εἴκοσι
725 1191 964 1263 χιλιάδας
1001 1193 1181 1258 πεζῶν
1201 1235 1215 1258 ,
1261 1195 1355 1248 καὶ
1385 1196 1477 1249 τὸν
1516 1197 1732 1268 βασιλέα
1778 1202 1896 1254 Μα-

319 1279 428 1350 χαά
455 1281 656 1352 χιλίους
686 1283 904 1356 ἀνδρας,
937 1286 1031 1340 καὶ
1066 1286 1274 1341 Είστὼσ
1310 1288 1376 1342 ιδ’
1396 1289 1637 1360 χιλιάδας
1662 1293 1890 1365 ἀνδρῶν.

320 1375 430 1428 Καὶ
453 1376 654 1447 ἢκουσε
690 1378 868 1442 Δαυῒδ,
910 1381 1005 1434 xal
1033 1381 1319 1435 ἀπέστειλε
1346 1382 1444 1454 τὴν
1490 1383 1736 1456 δύναμιν,
1769 1389 1894 1451 τοὺς

315 1468 589 1534 δυνατούς.
611 1471 722 1525 Καὶ
748 1471 969 1541 ἐξῆλθον
999 1473 1104 1526 υἱοὶ
1137 1473 1379 1544 Ἀμμὼν,
1405 1476 1500 1528 καὶ
1523 1477 1894 1548 παρετάξαντο

317 1560 551 1633 πόλεμον
585 1562 738 1635 παρά
769 1567 832 1635 τῇ
863 1563 1002 1636 θύρᾳ
1030 1565 1127 1635 τῆς
1161 1565 1335 1635 πύλης
1359 1567 1560 1638 Συρίας
1595 1568 1755 1623 Σωὸᾶ
1796 1573 1892 1625 καὶ

326 1652 494 1706 Ῥοὼὸ
510 1655 604 1707 καὶ
630 1655 860 1711 Είστώϐ.
892 1658 999 1709 Kal
1019 1651 1158 1710 εἶδεν
1199 1657 1375 1722 Ἰωάὁ,
1401 1659 1486 1712 ὅτι
1509 1660 1736 1732 ἐγενήθη
1752 1662 1889 1733 πρὸς

311 1747 474 1800 αὐτὸν
498 1747 910 1820 ἀντιπρόσωπον
936 1748 1028 1801 τοῦ
1056 1747 1294 1820 πολέμου
1323 1749 1386 1803 ἐκ
1417 1749 1512 1804 τοῦ
1542 1750 1684 1804 κατά
1719 1753 1888 1824 πρόσ-

1455 343 1957 406 COMMENTARIA
1999 353 2066 409 IN
2103 350 2440 409 PSALMOS.

3471 369 3582 426 554

2821 491 2840 524 ι
2880 471 2941 527 Et
3001 477 3250 546 regnavit
3303 478 3470 536 David
3525 483 3580 538 in

2007 547 2173 606 Israel
2197 570 2211 606 :
2242 551 2474 608 faciebat
2501 570 2718 627 quoque
2742 557 2910 616 David
2935 562 3201 632 judicium
3231 575 3285 622 et
3309 569 3583 638 justitiam

2003 642 2151 697 omni
2174 645 2374 716 populo
2401 663 2521 703 suo.
2549 647 2686 705 Joab
2711 663 2892 709 autem
2930 655 3077 712 ﬁlius
3107 656 3314 715 Sarvia‘.
3342 671 3462 717 erat
3489 681 3580 720 su-

2002 749 2100 804 per
2129 741 2453 794 exercitum.
2492 761 2511 795 ι
2553 742 2904 816 Rursumque
2951 759 3140 819 postea
3184 753 3428 810 dicitur:
3467 775 3485 808 ‹
3519 756 3580 812 Et

2002 826 2270 882 miserunt
2298 830 2393 886 lilii
2419 830 2672 901 Ammon,
2698 845 2751 890 et
2781 841 3163 898 conduxerunt
3195 847 3446 902 mercede
3480 845 3578 918 Sy-

2001 914 2136 970 riam
2170 916 2326 972 Rooh
2354 927 2408 974 et
2441 919 2654 993 Syriam
2687 923 2871 991 Sobal,
2897 929 3089 1000 viginti
3119 930 3287 985 millia
3311 914 3579 1002 peditum,

1997 1012 2052 1061 et
2105 1022 2137 1060 a
2188 1023 2315 1080 rege
2355 1009 2580 1067 Macbaa
2633 1015 2779 1071 mille
2807 1018 2978 1082 viros,
3029 1028 3085 1075 et
3115 1020 3262 1077 lstob
3289 1021 3574 1078 duodecim

1996 1097 2167 1152 millia
2222 1100 2484 1158 virorum.
2540 1105 2696 1171 Quod
2730 1123 2854 1163 cum
2906 1110 3149 1168 audisset
3192 1112 3382 1177 David,
3426 1116 3575 1171 misit

1997 1190 2298 1245 exercitum
2330 1203 2383 1247 et
2414 1193 2583 1251 fortes
2609 1195 2823 1273 [viros].
2857 1200 2921 1255 Et
2948 1204 3152 1274 egressi
3176 1214 3303 1261 sunt
3331 1207 3423 1260 lilii
3451 1207 3573 1262 Am-

1994 1294 2142 1346 mon,
2194 1289 2251 1336 et
2297 1282 2616 1342 direxerant
2650 1290 2820 1346 aciem
2855 1293 2921 1348 ad
2945 1295 3169 1363 januam
3200 1307 3370 1368 portae
3402 1297 3572 1370 Syriis

1996 1369 2140 1426 Soba
2191 1381 2246 1427 ct
2275 1372 2430 1433 Roob
2462 1386 2516 1434 et
2551 1381 2714 1439 Istob.
2786 1383 2991 1443 Videns
3029 1399 3208 1445 autem
3261 1388 3399 1447 Joab
3425 1369 3569 1463 quod

1991 1471 2138 1519 esset
2184 1465 2288 1521 sibi
2317 1470 2560 1537 praelium
2589 1488 2655 1528 ex
2687 1473 2916 1531 adverso
2944 1489 2996 1533 et
3027 1495 3056 1532 a
3085 1488 3258 1553 tergo,
3297 1483 3461 1556 elegit
3500 1499 3568 1539 ex

1991 1557 2248 1614 omnibus
2275 1559 2573 1629 juvenibus
2627 1565 2814 1632 Israel,
2849 1577 2903 1624 et
2929 1570 3190 1627 instruxit
3224 1575 3397 1632 aciem
3431 1591 3566 1632 con-

1990 1655 2074 1704 tra
2105 1650 2319 1724 Syriam
2351 1654 2527 1718 "-“,i
2566 1665 2620 1712 et
2647 1666 2862 1716 caetera.
2884 1662 3095 1729 Quibus
3118 1665 3313 1723 deinde
3338 1669 3567 1738 subjun-

1989 1741 2174 1811 gitur:
2215 1762 2235 1795 ι
2267 1743 2332 1798 Et
2355 1746 2611 1802 viderunt
2643 1752 2787 1806 servi
2830 1752 3074 1810 Adrazar
3103 1758 3247 1828 quod
3275 1759 3567 1840 cecidisset

311 1855 460 1892 ωπον
482 1853 496 1868 ⁸
527 1839 623 1892 καὶ
661 1839 910 1904 ἐπέλεξεν
941 1841 1004 1893 ἐκ
1032 1840 1246 1894 πάντων
1289 1840 1396 1896 τῶν
1429 1843 1728 1898 νεανίσκων
1781 1845 1864 1898 ’ῐσι

1982 1845 2013 1885 a
2042 1832 2178 1888 facie
2216 1834 2382 1892 Israel
2410 1877 2426 1903 ,
2458 1846 2512 1893 et
2536 1840 2950 1913 transfugerunt
2973 1847 3037 1901 ad
3061 1847 3250 1916 Israel,
3280 1858 3334 1906 et
3363 1837 3564 1906 servie4

316 1930 472 2002 ραὴλ,
499 1930 594 1985 καὶ
623 1931 990 2004 παρετάξαντο
1015 1930 1321 1997 ἐξεναντίας
1369 1934 1600 2006 Συρίας,
1642 1953 1661 1986 ι
1698 1936 1791 1989 καὶ
1814 1936 1883 1990 τά

311 2021 520 2086 τούτοις
568 2022 712 2094 ἑξῆς.
754 2017 848 2087 Οἷς
891 2023 1019 2094 ἑξῆς
1058 2023 1415 2095 ἐπιφέρεται·
1465 2044 1484 2078 ‹
1519 2027 1632 2081 Kal
1659 2021 1800 2081 εἶδον
1832 2030 1881 2082 οί

307 2112 482 2166 δοῦλοι
544 2113 842 2186 Ἀδραζάρ,
876 2115 957 2168 ὃτι
1008 2113 1264 2170 ἔπταισεν
1295 2116 1603 2189 ἔμπροσθεν
1643 2119 1879 2193 Ἰσραὴλ,

305 2205 400 2258 καὶ
433 2205 805 2276 ηὐτομόλησαν
842 2205 981 2276 μετά
1024 2207 1261 2280 Ἰσραὴλ,
1297 2209 1391 2262 καὶ
1421 2209 1740 2266 ἐδούλευσαν
1783 2213 1880 2266 αὐ-

300 2293 432 2360 τοῖς.
475 2315 493 2348 ι
526 2297 625 2350 Διά
645 2297 848 2352 τούτων
876 2300 908 2370 ἡ
941 2300 1150 2371 ἱστορία
1193 2302 1287 2356 καὶ
1327 2301 1421 2356 τοῦ
1465 2303 1751 2376 Εὐφράτου
1787 2307 1880 2360 καὶ

299 2387 396 2457 τῆς
415 2387 604 2443 mea).
640 2391 735 2442 καὶ
767 2389 864 2461 τῆς
895 2391 1096 2462 Συρίας
1129 2392 1224 2446 καὶ
1259 2392 1354 2446 τοῦ
1400 2393 1557 2447 Ἰωὰσ
1577 2435 1592 2460 ,
1637 2396 1731 2449 καὶ
1770 2397 1878 2450 τῶν

303 2480 367 2532 ιϐ’
417 2479 669 2551 χιλιάδων
717 2484 1113 2555 ἐμνημόνευσε,
1175 2487 1268 2539 καὶ
1319 2485 1396 2549 ώς
1450 2486 1558 2542 τῶν
1604 2488 1877 2560 πολεμίων

292 2570 554 2624 ἁπάντων
604 2575 944 2646 περικρατὴς
996 2575 1218 2645 γέγονεν
1265 2578 1293 2630 ὁ
1325 2577 1486 2631 Δαυΐδ
1506 2596 1518 2609 ·
1563 2580 1712 2644 ὅπως
1755 2598 1815 2634 τε
1847 2582 1876 2636 ὁ

293 2661 734 2733 ἀρχιστράτηγος
791 2665 956 2719 αὐτοῦ
1018 2667 1205 2732 mea,
1259 2670 1711 2741 παραταξάμενος
1764 2677 1874 2738 τοῖς

288 2752 629 2823 ἀλλοφύλοις,
665 2755 1008 2829 ὑποχειρίους
1039 2759 1238 2824 αὐτοὺς
1283 2761 1511 2832 εἰλήφει.
1555 2763 1762 2826 Αὐτοὺς
1807 2764 1872 2837 δὴ

285 2840 386 2897 οὖν
419 2844 678 2910 ἐκείνους,
708 2847 829 2901 καθ’
849 2847 945 2912 οὓς
969 2849 1138 2904 ταῦτα
1169 2853 1467 2923 ἐπράττετο
1485 2893 1501 2918 ,
1547 2855 1803 2927 σημαίνει
1835 2859 1867 2929 ή

289 2936 433 3008 μετά
449 2941 634 3010 χεῖρας
661 2939 1053 3012 στηλογραφία.
1082 2945 1239 2999 Κατὰ
1265 2946 1321 2999 δὲ
1347 2946 1438 3000 τὸν
1481 2947 1773 3021 Σύμμαχον
1801 2950 1870 3006 τὰ

281 3031 389 3102 τῆς
420 3035 746 3105 προγραφῆς
787 3034 960 3100 οὕτως
987 3036 1132 3107 ἔχειν
1168 3057 1189 3089 ι
1242 3039 1534 3095 Ἑπινίκιον
1581 3042 1723 3115 ὑπὲρ
1759 3043 1868 3098 τῶν

280 3120 467 3174 ἀνθῶν
491 3122 584 3176 τοῦ
607 3124 1028 3197 ταπεινόφρονος
1052 3128 1145 3181 καὶ
1191 3127 1425 3200 ἀμώμου
1457 3130 1551 3184 τοῦ
1575 3131 1757 3196 Δαυῒδ,
1786 3136 1866 3199 εἰς

278 3211 551 3284 διαδοχὴν,
580 3213 762 3272 ὁπότε.
793 3216 1082 3286 ἐμπρήσας
1117 3217 1217 3286 τὴν
1241 3219 1440 3290 Συρίαν
1469 3221 1568 3292 τῆς
1616 3223 1864 3277 Μεσοπο-

277 3307 506 3377 ταμίας,
535 3308 628 3362 καὶ
658 3307 755 3379 τὴν
782 3307 981 3379 Συρίαν
1003 3309 1210 3373 mea),
1235 3311 1328 3366 καὶ
1355 3312 1652 3385 ἀνέστρεψε
1681 3314 1858 3380 ἰωὰ6,

277 3399 378 3453 καὶ
409 3397 645 3465 ἐπάταξε
700 3401 791 3454 τὸν
836 3399 1014 3461 Ἐδὼμ
1046 3403 1104 3456 ἐν
1149 3405 1214 3473 τῇ
1271 3404 1518 3475 φάραγγι
1561 3404 1655 3459 τοῦ
1707 3406 1858 3472 ’Δλδς

277 3489 349 3544 ιθ
379 3488 641 3562 χιλιάδας.
680 3511 698 3542 ι
751 3491 911 3562 Δηλοί
955 3492 1011 3546 δὲ
1042 3495 1071 3546 ὁ
1103 3494 1296 3565 χρόνος
1337 3495 1586 3568 εἰρῆσθαι
1620 3496 1688 3551 τά
1722 3515 1856 3570 προ-

274 3581 530 3653 κείμενα,
567 3585 625 3637 ἐν
651 3581 729 3654 τῷ
759 3583 1085 3656 διαπρέπειν
1111 3584 1286 3639 καὶτὰ
1317 3587 1528 3656 μεγάλα
1557 3589 1854 3661 κατορθοῦν

275 3673 632 3744 βασιλεύοντα
662 3675 754 3730 τὸν
783 3674 963 3740 Δαυῖδ,
992 3676 1098 3748 πρὸ
1131 3676 1231 3746 τῆς
1271 3678 1412 3732 κατά
1438 3679 1537 3753 τὴν
1579 3681 1855 3752 Βηθσαϐεέ

273 3767 539 3840 ἱστορίας,
569 3769 656 3823 ὅτε
685 3768 865 3833 καλῶς
893 3769 1041 3841 αὐτῷ
1084 3769 1150 3824 τά
1201 3772 1502 3844 πράγματα
1544 3776 1852 3848 προύχώρει

270 3860 649 3932 εὐδοκιμοῦντι
677 3861 827 3932 παρὰ
858 3863 936 3934 τῷ
955 3862 1072 3934 Θεῷ
1101 3865 1196 3918 καὶ
1220 3865 1370 3937 παρὰ
1397 3869 1512 3931 τοῖς
1545 3869 1711 3920 πᾶσιν
1729 3884 1742 3896 ⁶
1775 3869 1852 3934 ὡς

271 3953 712 4025 μαρτυρεῖσθαι,
741 3956 823 4009 ὅτι
864 3951 932 4027 ἦν
968 3957 1134 4012 ποιῶν
1165 3960 1336 4032 κρῖμα
1383 3961 1478 4014 καὶ
1505 3960 1850 4032 δικαιοσύνην

267 4045 326 4098 ἐν
359 4043 440 4116 τῷ
479 4045 712 4118 Ἰσραήλ.
759 4046 920 4101 Ἀλλά
953 4048 1061 4120 γὰρ
1094 4049 1244 4114 ἀξιον
1284 4051 1344 4104 ἐν
1380 4050 1588 4117 τούτοις
1638 4054 1847 4126 ἀπορῆ-

268 4152 384 4200 σαι,
418 4136 563 4202 πῶς,
615 4140 673 4191 ἐν
707 4141 929 4213 τοιαύτῃ
973 4143 1256 4213 τυγχάνων
1284 4145 1646 4210 καταστάσει,
1681 4147 1848 4219 ἀρχό-

267 4244 432 4297 μενος
460 4231 558 4299 τῆς
604 4229 1005 4301 στηλογραφίας
1043 4232 1273 4302 φάσκειο
1313 4251 1333 4284 ι
1379 4234 1436 4287 '0
1460 4234 1610 4299 Θεὸς,
1638 4235 1844 4290 ἀπώσω

263 4319 417 4388 ἡμᾶς
449 4321 542 4374 καὶ
575 4320 823 4386 καθεῖλες
863 4324 1030 4394 ἡμᾶς.
1073 4343 1091 4376 ι
1138 4324 1246 4378 Kal
1291 4325 1396 4397 μὴν
1442 4327 1675 4398 τρόπαια
1721 4329 1841 4381 κατ’

262 4407 477 4480 ἐχθρῶν
527 4410 717 4482 ἀνίστη
740 4452 754 4476 ,
799 4411 891 4465 καὶ
928 4412 1085 4477 νίκας
1135 4413 1276 4467 κατά
1331 4415 1601 4487 πολεμίων
1637 4417 1836 4489 ᾕρητο·

1986 1935 2115 1980 runt
2148 1926 2283 1998 ipsis
2307 1930 2374 1984 ’⁷.
2413 1949 2432 1983 ι
2466 1929 2563 1988 llis
2585 1933 2839 1998 historia,
2872 1933 3055 2000 Sobal,
3085 1937 3322 2009 Syriam,
3353 1939 3490 1997 ποθι)
3511 1952 3564 1996 et

1981 2016 2269 2075 duodecim
2303 2023 2474 2078 millia
2518 2035 2816 2091 memorat,
2852 2037 3150 2100 narratque
3177 2031 3435 2088 Davidem
3466 2035 3563 2090 iui-

1980 2111 2154 2168 micos
2195 2128 2387 2172 omnes
2415 2117 2753 2187 debellasse,
2803 2136 2868 2176 ac
2916 2122 3110 2180 ducem
3139 2126 3413 2182 exercitus
3439 2127 3560 2196 ejus

1977 2198 2114 2257 Joab
2142 2205 2410 2262 instructa
2444 2217 2635 2264 contra
2679 2212 2982 2286 allophylos
3012 2217 3148 2280 acie,
3194 2217 3342 2287 ipsos
3394 2221 3560 2290 capti-

1979 2308 2078 2349 vos
2107 2296 2304 2366 egisse.
2355 2299 2588 2358 Eosdem
2621 2304 2802 2377 itaque
2831 2307 2918 2363 his
2947 2310 3168 2367 attritos
3191 2311 3438 2368 cladibus
3473 2315 3559 2368 in-

1977 2384 2127 2440 dicat
2154 2403 2396 2458 praesens
2429 2393 2570 2449 tituli
2601 2396 2907 2468 inscriptio.
2963 2399 3272 2457 Secundum
3305 2401 3555 2476 Symma-

1975 2477 2139 2569 chum
2190 2492 2371 2539 autem
2423 2487 2505 2541 sic
2547 2489 2740 2546 titulus
2773 2491 2933 2547 habet
2964 2513 2977 2549 :
3020 2512 3040 2545 ε
3071 2494 3422 2567 Triumphale
3457 2514 3556 2569 pro

1975 2567 2200 2626 ﬂoribus
2231 2572 2455 2631 humilis
2484 2585 2538 2632 et
2562 2578 2826 2650 inculpati
2860 2581 3098 2648 Davidis,
3127 2587 3195 2640 ad
3221 2567 3550 2652 doctrinam.

1972 2675 2097 2716 cum
2134 2662 2359 2720 incensa
2393 2665 2546 2738 Syria
2578 2669 3015 2742 Mesopotamia),
3061 2684 3116 2730 et
3164 2676 3320 2748 Syria
3363 2679 3547 2746 Sobal,
3602 2724 3606 2728 .

1972 2768 2227 2812 reversus
2269 2755 2408 2814 Joab
2455 2763 2730 2830 percussit
2757 2763 2926 2818 Edom
2961 2767 3013 2820 in
3052 2768 3193 2822 valle
3225 2766 3368 2825 Salis
3414 2771 3552 2825 duo-

1970 2840 2146 2899 decim
2174 2845 2365 2901 millia.
2406 2867 2425 2900 ι
2497 2848 2573 2904 Ex
2605 2854 2864 2922 temporis
2895 2870 3058 2924 porro
3092 2866 3222 2912 nota
3251 2858 3551 2929 deprehen-

1969 2933 2120 2988 ditur
2145 2935 2260 2992 haec
2279 2937 2427 2992 dicta
2461 2939 2654 3009 fuisse,
2676 2957 2800 2996 cum
2831 2943 2997 3000 David
3029 2961 3264 3018 regnans
3289 2965 3550 3021 prospere

1969 3037 2176 3099 ageret,
2212 3046 2410 3102 resque
2448 3048 2674 3105 magnas
2709 3047 3066 3108 perpetraret,
3121 3049 3246 3097 ante
3281 3041 3548 3102 Bersabee

1970 3118 2288 3187 historiam;
2325 3138 2450 3178 cum
2485 3125 2654 3195 probe
2675 3136 2729 3182 et
2759 3145 2822 3182 ex
2861 3139 3105 3198 volo‘res
3136 3133 3238 3204 ipsi
3269 3134 3545 3203 cederent,

1964 3210 2193 3282 ipseque
2237 3211 2348 3268 Deo
2374 3223 2429 3268 et
2468 3218 2729 3274 omnibus
2764 3223 3081 3291 spectabilis
3123 3233 3302 3292 esset;
3351 3228 3426 3282 ita
3461 3236 3542 3292 ut.

1963 3301 2247 3374 Scriptura
2299 3315 2460 3372 teste,
2506 3308 2709 3367 faceret
2752 3313 3018 3381 judicium
3067 3327 3122 3374 et
3161 3320 3432 3389 justitiam
3485 3323 3540 3378 in

1960 3393 2149 3452 Israel.
2209 3396 2408 3454 Verum
2456 3401 2544 3457 hic
2589 3407 2944 3474 quaestionem
2991 3425 3208 3467 movere
3253 3421 3542 3469 consenta-

1957 3504 2118 3544 neum
2147 3501 2252 3556 est,
2283 3508 2385 3548 cur
2416 3494 2472 3550 in
2498 3497 2593 3551 tali
2626 3499 2942 3556 conditione
2960 3505 3264 3566 rerum,sic
3290 3505 3431 3561 tituli
3457 3507 3540 3562 In-

1956 3582 2311 3651 scriptionem
2337 3585 2586 3643 ordiatur
2626 3605 2644 3644 :
2690 3607 2710 3641 ι
2746 3589 2908 3656 Deus,
2941 3593 3189 3663 repulisti
3232 3611 3334 3652 nos
3361 3605 3418 3653 et
3442 3596 3538 3653 de-

1954 3676 2203 3732 struxisti
2233 3693 2354 3734 nos.
2389 3697 2409 3732 ι
2446 3680 2608 3753 Atqui
2646 3692 2770 3754 post
2803 3691 3010 3757 trapaia
3035 3689 3102 3744 de
3135 3689 3392 3748 hostibus
3417 3709 3536 3750 ere-

1951 3772 2062 3833 cta,
2098 3775 2153 3832 et
2186 3770 2474 3827 victoriam
2503 3773 2572 3829 de
2600 3775 2840 3834 inimicis
2875 3787 3110 3849 partam,
3155 3785 3398 3853 oportuit
3429 3785 3536 3842 hac

1950 3861 2019 3918 de
2049 3878 2110 3918 re
2139 3864 2492 3935 triumphalia
2525 3869 2739 3925 cantica
2770 3871 3038 3939 emittere,
3073 3873 3292 3948 Deoque
3323 3877 3377 3933 in
3409 3893 3528 3951 gra-

1951 3955 2149 4010 tiarum
2177 3957 2446 4015 actionem
2483 3961 2786 4018 immolare.
2817 3963 2888 4018 At
2918 3965 3006 4021 ille
3026 3967 3160 4024 nihil
3184 3976 3406 4040 praestat
3435 3971 3533 4028 hu-

1944 4049 2223 4119 iusmodi;
2260 4051 2371 4107 imo
2399 4068 2530 4110 vero
2573 4069 2663 4111 res
2697 4055 2956 4115 adversas
3003 4059 3251 4132 deplorat
3286 4063 3378 4121 his
3403 4081 3529 4122 ver-

1949 4141 2034 4198 bis
2061 4161 2074 4196 :
2117 4160 2138 4194 ¢
2174 4141 2338 4210 Deus,
2359 4145 2606 4217 repulisti
2638 4163 2740 4204 nos
2768 4157 2822 4205 et
2851 4150 3170 4210 destruxisti
3202 4171 3326 4222 nos,
3355 4156 3528 4212 iratus

1944 4247 2032 4300 es,
2064 4240 2119 4289 et
2144 4236 2404 4293 misertus
2433 4253 2494 4294 es
2519 4240 2701 4296 nobis.
2741 4258 2760 4292 ι
2798 4240 2902 4298 Pro
2933 4245 3027 4301 illo
3051 4256 3256 4313 autem,
3293 4268 3312 4300 ι
3338 4257 3393 4304 et
3424 4251 3527 4304 mi-

1945 4334 2127 4382 sertus
2156 4343 2216 4384 es
2255 4330 2414 4384 nobis
2434 4369 2450 4393 ,
2486 4350 2505 4383 D
2540 4331 2935 4402 Symmachus,
2969 4355 2990 4388 ι
3021 4345 3076 4392 et
3109 4338 3522 4396 circumduxiin

1944 4435 2076 4482 nos,
2108 4439 2126 4473 ι
2164 4419 2557 4492 interpretatus
2599 4432 2719 4492 est;
2771 4426 2964 4496 quinta
3008 4445 3139 4484 vero
3176 4431 3377 4495 editio,
3412 4451 3430 4484 ι
3468 4442 3523 4489 et

258 4497 380 4553 δέον
401 4496 495 4553 οὖν
523 4502 617 4555 ἐπὶ
639 4503 848 4567 τούτοις
877 4502 1018 4575 ᾠδάς
1054 4503 1352 4570 ἐπινικίους
1385 4505 1530 4578 ᾄδειν
1548 4547 1564 4571 ,
1606 4507 1754 4562 θύειν
1779 4525 1838 4562 τε

1966 4511 2420 4567 :ircumdederunt
2449 4528 2577 4579 nos;
2619 4534 2638 4566 ι
2670 4515 2865 4586 Aquila
2887 4555 2902 4581 ,
2941 4536 2958 4570 ι
2998 4518 3174 4578 iratus
3197 4527 3517 4581 convertisti

257 4592 655 4664 εὐχαριστήρια
680 4594 758 4665 τῷ
789 4595 924 4667 Θεῷ.
972 4597 1028 4652 '0
1056 4597 1112 4653 δὲ
1138 4597 1344 4652 τούτων
1376 4598 1472 4669 μὲν
1502 4598 1652 4652 οὐδὲν
1676 4600 1842 4671 πράτ-

255 4699 364 4752 τει,
407 4687 667 4742 τάναντία
713 4689 770 4742 δὲ
812 4689 1210 4763 ἀπολοφύρεται
1261 4690 1462 4761 λέγων·
1515 4709 1533 4742 ι
1585 4691 1642 4745 ’0
1670 4691 1799 4756 Θεὸς
1822 4734 1837 4759 ,

257 4773 468 4830 ἀπώσω
497 4779 644 4849 ἡμᾶς
675 4781 770 4832 καὶ⁵
792 4779 1038 4845 καθεῖλες
1059 4782 1226 4853 ἡμᾶς,
1250 4779 1526 4852 ώργίσθης
1545 4820 1559 4843 ,
1601 4781 1695 4835 καὶ
1722 4780 1836 4852 ᾠκ-

255 4868 520 4941 τείρησας
551 4871 717 4943 ἡμᾶς.
777 4890 796 4923 ι
842 4872 984 4926 Ἀντὶ
1014 4872 1071 4926 δέ
1115 4873 1208 4926 τοῦ
1234 4913 1250 4938 ,
1308 4891 1328 4924 ι
1363 4873 1458 4927 καὶ
1493 4870 1834 4946 ᾠκτείρησας

253 4962 460 5032 inde,»
493 4983 513 5016 ‹
538 4965 629 5018 καὶ
661 4965 995 5037 περιήγαγες
1015 4967 1182 5036 ἡμᾶς,
1217 4985 1236 5019 ι
1268 4968 1297 5020 6
1328 4966 1624 5039 Σύμμαχος
1649 4967 1831 5039 ἡρμή-

256 5070 448 5107 νευσεν
472 5072 484 5083 ·
519 5057 550 5127 ὴ
574 5055 631 5108 δὲ
660 5057 880 5127 πέμπτη
905 5055 1114 5121 ἔκδυσις
1138 5097 1152 5121 ,
1196 5076 1215 5107 ι
1267 5059 1360 5112 καὶ
1380 5057 1832 5128 περιεκύκλωσαν

255 5147 408 5218 ἡμᾶς
427 5165 440 5178 ·
468 5168 486 5200 ι
510 5151 539 5201 ό
558 5148 614 5202 δέ
638 5149 885 5216 Ἀκύλας,
913 5169 930 5201 ι
960 5149 1230 5222 θυμωθεὶς
1251 5151 1621 5223 μετέστρεψας
1642 5153 1791 5224 ἡμῖν.
1809 5170 1826 5202 ι

253 5235 390 5294 Εἶτα
417 5239 658 5310 ἐπιλέγει
707 5242 858 5314 ἑξῆς·
892 5261 910 5295 ι
949 5242 1195 5310 Ἔδειξας
1220 5241 1298 5312 τῷ
1326 5241 1438 5314 λαῷ
1473 5261 1566 5297 σου
1597 5242 1827 5316 σκληρά*

251 5330 512 5395 ἐπότισας
555 5335 701 5405 ἡμᾶς
738 5331 879 5388 οἶνον
898 5332 1260 5400 κατανύξεως.
1294 5354 1312 5385 ι
1347 5331 1531 5388 Ταῦτα
1573 5334 1629 5389 δέ
1661 5338 1828 5392 ἀκατ-

252 5421 459 5493 άλληλα
483 5426 578 5478 καὶ
601 5425 914 5498 ἀνάρμοστα
933 5423 1081 5490 δόξαι
1107 5425 1174 5481 ἂν
1203 5421 1346 5480 εἶναι
1383 5427 1496 5492 τοῖς
1521 5426 1578 5479 ἐν
1607 5429 1672 5498 τῇ
1696 5445 1827 5501 προ-

251 5521 440 5590 γραφῇ
466 5517 829 5590 δηλουμένοις.
876 5518 1033 5572 Ἀλλά
1053 5518 1162 5591 γάρ
1181 5518 1282 5574 οὐκ
1307 5517 1563 5582 ἀσκόπως
1586 5519 1824 5592 ἠγοῦμαι

249 5608 354 5680 τὴν
383 5612 706 5685 προγραφὴν
742 5615 822 5678 είς
854 5613 913 5666 τὸ
949 5613 1099 5678 τέλος
1142 5614 1289 5686 ἡμᾶς
1327 5611 1672 5682 ἀναπέμπειν
1690 5652 1706 5680 ,
1731 5616 1824 5669 καὶ

319 5813 443 5854 ...σε
477 5815 522 5872 ιι
554 5815 687 5888 Reg.
720 5832 784 5882 ι,
817 5815 933 5872 6-9.
1009 5819 1054 5851 ⁸⁷
1094 5817 1229 5874 ibid.
1264 5820 1351 5877 I9.

566 5911 834 5973 ΡΑτιιοι.
867 5913 982 5973 Gn.
1025 5915 1264 5978 XXIII.

1948 4601 2128 4656 nobis.
2160 4621 2178 4653 ι
2219 4599 2416 4658 Subdit
2445 4605 2712 4674 posthaec
2741 4625 2754 4660 :
2803 4625 2821 4658 ι
2863 4607 3168 4668 Ostendisti
3201 4616 3403 4686 populo
3425 4628 3529 4674 tuo

1945 4692 2082 4748 dura
2121 4713 2135 4749 :
2171 4695 2373 4766 potasti
2404 4709 2504 4752 uos
2532 4697 2659 4751 vino
2681 4703 3176 4770 compunctionis.»
3209 4705 3332 4763 Haec
3355 4725 3519 4779 porro

1943 4785 2115 4842 videri
2151 4787 2366 4859 possint
2391 4789 2716 4850 inconcinne
2746 4793 2914 4859 dicta,
2934 4813 3034 4854 nec
3063 4815 3363 4872 congruere
3391 4819 3513 4860 cum

1942 4878 2012 4935 iis
2044 4893 2168 4950 quae
2195 4879 2250 4935 in
2274 4880 2434 4936 titulo
2463 4892 2742 4940 notantur.
2780 4886 2884 4943 Sed
2913 4891 3126 4946 :estimo
3157 4895 3369 4950 titulum
3404 4913 3514 4953 non

1939 4971 2058 5026 sine
2089 4971 2290 5042 praevio
2319 4988 2485 5044 scopo
2517 4991 2622 5032 nos
2649 4977 2716 5031 ad
2754 4977 2914 5034 linem
2944 4981 3247 5049 remittere,
3267 5001 3366 5044 nec
3394 4989 3512 5046 sine

1938 5074 2142 5131 causa,
2187 5083 2206 5116 ι
2240 5079 2339 5135 pro
2371 5065 2440 5120 iis
2467 5068 2560 5136 qui
2605 5068 3037 5129 immutabuntur
3059 5116 3073 5143 ,
3110 5092 3131 5127 ι
3185 5077 3515 5150 inscriptum.

1938 5170 2081 5220 esse,
2134 5163 2296 5226 atque
2325 5172 2607 5215 sermones
2630 5161 2768 5218 istos
2799 5164 2942 5221 tituli
2973 5166 3383 5240 inscriptionem
3413 5188 3505 5226 vo-

1938 5255 2091 5302 catos
2123 5247 2310 5304 fuisse.
2338 5247 2472 5303 Nam
2509 5269 2528 5300 ι
2553 5250 2608 5306 in
2636 5251 2794 5309 ﬁnem
2815 5272 2836 5307 ι
2872 5255 3096 5323 dicitur,
3125 5262 3253 5332 quia
3275 5276 3360 5326 ea,
3386 5278 3504 5332 quae

1937 5337 1990 5392 in
2017 5338 2275 5394 vaticinio
2302 5339 2573 5406 feruntur,
2612 5343 2667 5399 in
2693 5340 3159 5408 consummatione
3181 5353 3499 5408 saeculorum

1935 5431 2205 5502 implenda
2254 5441 2400 5490 sunt.
2471 5433 2795 5495 Necessario
2838 5441 3087 5509 additur,
3129 5463 3148 5496 ι
3184 5459 3282 5516 pro
3309 5444 3377 5500 iis
3404 5443 3497 5515 qui

1932 5525 2387 5593 immutabuntur,
2420 5549 2438 5582 ι
2475 5541 2696 5604 propter
2722 5533 3156 5593 immutationem
3189 5537 3336 5592 illius
3359 5545 3496 5595 tem-

1930 5616 2080 5686 poris
2124 5617 2288 5676 rebus
2329 5618 2686 5680 inferendam.
2737 5622 3018 5696 Siquidem
3055 5641 3180 5681 cum
3212 5626 3326 5682 haec
3348 5623 3518 5687 dice-’

3108 5923 3181 5982 18
