4024 6210
493 336 598 393 555

1193 334 1459 396 EUSEBII
1499 335 1975 394 CESXRIENSIS
2013 336 2162 394 OPP.
2194 337 2390 400 PARS.
2437 337 3043 395 [IL—EXEGETICA.

3651 341 3764 406 556

492 463 703 520 rentur,
748 457 1047 528 allophylos
1074 458 1324 514 vincebat
1370 459 1558 519 Israel.
1596 457 1940 527 inimicisque
1966 472 2045 512 su-

2168 476 2186 509 ι
2221 461 2332 521 τοῖς
2357 459 2877 530 ἀλλοιωθησομένοις
2907 479 2925 512 ι
2954 457 3304 530 ἐπιγράφειν,
3323 455 3419 511 καὶ
3449 458 3760 530 στηλογρα-

495 551 674 622 perior
703 558 842 604 erat.
893 549 998 605 Sed
1041 551 1282 605 futurum
1327 562 1543 622 tempus
1577 559 1715 614 erat,
1747 567 1855 619 quo
1891 558 2070 604 muta-

496 643 696 696 tionem
721 656 901 697 rerum
935 644 1166 703 subiret.
1210 646 1556 714 inimicisque
1602 644 1857 698 subditus
1901 653 2066 698 esset.

495 735 676 802 Quare
716 737 805 790 sic
858 737 1021 790 habet
1074 739 1266 794 titulus
1301 759 1313 794 :
1354 759 1373 792 ι
1407 740 1466 794 lu
1519 739 1701 801 ﬁnem,
1735 754 1834 808 pro
1869 739 1935 792 iis
1975 739 2068 807 qui

495 828 956 896 imnmtabuntur;
992 849 1008 880 ›
1037 828 1394 900 Symmachus
1425 847 1575 897 vero,
1596 849 1616 882 ι
1637 846 1736 901 pro
1757 831 2011 894 ﬂoribus;
2044 851 2062 883 ι

494 918 707 988 Aquila,
744 939 760 970 ι
802 935 965 989 super
998 921 1130 976 lilia.
1173 939 1192 971 ι
1229 919 1380 974 Sicut
1411 922 1557 975 enim
1604 922 1719 975 lilia
1769 921 1881 991 agri
1917 931 1969 976 et
1995 920 2071 976 fe-

494 1027 646 1071 num,
679 1011 744 1063 ad
774 1011 934 1066 breve
965 1013 1181 1083 quidem
1215 1021 1428 1082 tempus
1452 1015 1698 1084 speciosa
1728 1030 1851 1069 csse
1881 1013 2068 1067 viden-

492 1113 603 1167 tur,
630 1104 722 1159 sed
754 1113 972 1175 repente
1025 1107 1384 1160 immutantur
1411 1115 1464 1162 et
1494 1116 1950 1178 corrumpuntur;
1985 1108 2066 1162 sic

490 1213 580 1251 res
614 1198 794 1266 populi
827 1205 956 1252 tunc
989 1197 1271 1261 ﬂorentes,
1326 1199 1475 1253 brevi
1511 1201 1856 1254 immutandm
1885 1208 2062 1254 erant.

491 1287 672 1352 Quare
703 1290 754 1342 in
784 1288 1032 1342 doctrina
1083 1303 1180 1344 sua
1212 1289 1470 1343 Set-valor
1505 1291 1619 1345 ait:
1656 1309 1673 1341 ι
1713 1291 2064 1346 Considerate

490 1379 603 1432 lilia
657 1378 770 1448 agri
794 1379 874 1441 ἐς
911 1397 928 1428 ι
968 1393 1031 1432 ac
1064 1393 1287 1432 rursum
1322 1399 1333 1432 :
1370 1399 1388 1430 ι
1421 1380 1577 1446 Quod
1622 1381 1668 1435 si
1710 1380 1892 1435 fenum
1923 1381 2061 1451 agri,

489 1471 634 1541 quod
662 1471 822 1526 hodie
855 1479 956 1534 est,
989 1480 1042 1527 et
1083 1487 1208 1526 cras
1248 1472 1301 1526 in
1329 1472 1605 1527 clibanum
1653 1473 1888 1527 mittitur
1918 1473 1997 1538 ’9;
2039 1493 2055 1526 ι

491 1563 600 1617 imo
642 1563 846 1617 etiam:
886 1582 903 1613 ι
941 1561 1127 1616 Omnis
1171 1577 1300 1616 caro
1343 1561 1547 1626 fenum,
1582 1569 1635 1616 et
1665 1563 1844 1616 omnis
1887 1562 2058 1632 gloria

488 1656 608 1723 ejus
646 1657 802 1725 quasi
831 1653 930 1708 ﬂos
962 1654 1089 1710 feni.
1139 1655 1485 1710 Exsiccatum
1531 1664 1615 1709 est
1640 1653 1845 1718 femini,
1881 1663 1935 1708 et
1961 1654 2058 1710 ﬂos

487 1751 737 1816 decidit;
800 1748 1037 1804 Verbum
1084 1757 1264 1803 autem
1300 1748 1512 1803 Domini
1567 1755 1748 1802 manet
1795 1748 1848 1802 in
1899 1757 2056 1804 acter-

2175 550 2302 619 φίαν
2318 551 2440 614 τοὺς
2459 550 2648 618 λόγους
2665 550 2976 603 ἀποκαλεῖν.
2989 569 3006 600 ι
3032 551 3125 612 Εἰς
3149 569 3167 601 ι
3192 548 3290 618 μὲν
3309 551 3414 622 γὰρ
3437 568 3456 598 ι
3473 548 3760 614 161610;,»

2172 642 2259 694 διὰ
2279 642 2339 695 τὺ
2373 643 2464 695 ἐπὶ
2493 643 2771 714 συντελείᾳ
2794 641 2902 695 τῶν
2935 639 3149 694 αἰώνων
3179 640 3392 710 μέλλειν
3415 639 3758 711 πληροῦσθαι.

2170 737 2237 788 τὰ
2284 735 2761 807 προφητευόμενα,
2817 735 3062 806 εἴρηταισ
3107 733 3427 803 πρόσκειται
3455 733 3512 786 δέ
3538 774 3550 795 ,
3586 751 3604 782 ι
3642 735 3760 796 τοῖς

2168 826 2716 898 ἀλλοιωθησομὲνοις,
2761 845 2778 878 ι
2819 825 3131 894 ἀναγκαίως
3175 823 3262 877 διὰ
3303 826 3399 896 τὴν
3453 824 3758 896 μέλλουσαν

2167 919 2516 989 διαλήψεσθαι
2568 919 2849 973 ἀλλοίωσιν
2913 917 3010 988 τὴν
3069 917 3400 970 κατάστασιν
3460 917 3569 969 τῶν
3627 917 3755 968 τότε

2169 1011 2524 1082 πραγμάτων.
2576 1009 2701 1065 Ὅτε
2757 1012 2852 1081 μὲν
2897 1011 3005 1082 γὰρ
3051 1011 3200 1064 ταῦτ’
3227 1010 3468 1078 ἐλέγετο,
3525 1009 3755 1079 ἐκράτει

2167 1105 2272 1158 τῶν
2302 1104 2610 1174 ἀλλοφύλων
2641 1107 2668 1157 6
2708 1103 2946 1175 Ἰσραὴλ,
2978 1104 3070 1157 καὶ
3107 1104 3215 1156 τῶν
3241 1103 3515 1173 πολεμίων
3559 1103 3754 1174 κρείτ-

2165 1213 2272 1248 των
2300 1195 2610 1266 ἐτύγχανεν.
2649 1195 2878 1266 Ἔμελλε
2909 1195 2964 1248 δέ
2997 1197 3102 1267 ἄρα
3134 1196 3310 1267 καιρῷ
3331 1213 3434 1248 τινι
3459 1194 3754 1250 ἀλλοίωσιν

2165 1288 2474 1357 ὑπομένειν,
2504 1288 2596 1340 καὶ
2619 1287 2724 1340 ὑπὸ
2749 1277 2861 1351 τοῖς
2887 1288 3102 1360 ἐχθροῖς
3135 1288 3399 1357 γίνεσθαι.
3439 1287 3532 1340 Διό
3578 1302 3752 1358 φησιν

2162 1381 2194 1449 ἡ
2229 1378 2517 1448 προγραφή
2540 1393 2551 1404 ⁸
2589 1397 2606 1426 ι
2640 1378 2734 1440 Εἰς
2757 1377 2815 1429 τὸ
2847 1377 2995 1442 τέλος
3025 1382 3135 1442 τοῖς
3157 1379 3741 1450 ἁλλοιωθησομένοιςΊ

2161 1475 2190 1525 6
2217 1471 2272 1524 δὲ
2300 1471 2613 1541 Σύμμαχος,
2645 1490 2663 1521 ι
2708 1471 2876 1542 ’Υπὲρ
2909 1473 3016 1524 τῶν
3044 1472 3219 1525 ἀνθῶν
3239 1489 3251 1500 ⁸
3293 1491 3312 1522 ι
3340 1474 3367 1525 6
3396 1471 3453 1524 δὲ
3490 1471 3740 1534 Ἀκύλας.

2167 1580 2184 1611 ι
2227 1564 2348 1617 Ἐπὶ
2383 1564 2599 1634 κρίνων.
2638 1582 2655 1613 ι
2703 1563 2789 1626 Ὠς
2807 1563 2915 1634 γὰρ
2945 1562 3010 1615 τὰ
3045 1563 3205 1634 κρίνα
3246 1561 3338 1614 τοῦ
3384 1562 3553 1632 ἀγροῦ
3578 1563 3671 1616 καὶ
3703 1564 3740 1615 ὀ

2161 1654 2349 1723 χόρτος
2377 1654 2523 1708 δοκεῖ
2557 1653 2654 1724 μέν
2678 1671 2796 1708 τινα
2823 1655 2956 1726 πρὸς
2986 1654 3157 1724 βραχὺ
3207 1653 3492 1726 (ἰαίνεσθαι
3536 1654 3731 1725 ὡραῖα,

2158 1746 2280 1798 ὅσον
2308 1746 2365 1799 δέ
2388 1745 2538 1800 οῦπω
2570 1746 2893 1816 μεταϐάλλει
2937 1748 3030 1800 καὶ
3080 1746 3390 1818 φθείρεται”
3438 1745 3612 1806 οὕτως
3644 1744 3742 1797 καὶ

487 1859 616 1896 num
653 1843 704 1906 ¹;
744 1861 762 1893 ι
799 1842 996 1912 quibus
1051 1841 1314 1911 propheta
1359 1841 1657 1896 secundum
1701 1842 1938 1912 reliquos
1981 1844 2045 1897 in-

2157 1837 2224 1891 τά
2249 1839 2546 1909 πράγματα
2573 1838 2666 1891 τοῦ
2687 1839 2838 1897 λαοῦ.
2868 1838 3128 1891 ἀνθοῦντα
3167 1840 3327 1902 τότε,
3348 1837 3570 1909 ἔμελλεν
3613 1837 3742 1889 ὅσον

485 1943 752 2003 terpretes
783 1934 899 1987 hac
927 1933 1077 1987 addit
1110 1951 1121 1987 :
1163 1952 1180 1984 ι
1218 1931 1351 1988 Vere
1382 1932 1562 1986 fenum
1595 1934 1849 2003 p0pulus,
1880 1935 2054 1989 exsic-

486 2035 666 2080 catum
695 2033 779 2081 est
813 2025 1016 2088 fenum,
1052 2025 1254 2078 decidit
1283 2024 1382 2079 ﬂos
1410 2027 1452 2087 ',
1477 2045 1493 2076 ι
1523 2022 1805 2079 Judaicam
1839 2033 2053 2095 gentem

483 2133 585 2172 nec
625 2118 855 2171 obscure
909 2116 1247 2187 signiﬁcans.
1302 2116 1499 2171 Eadem
1532 2117 1648 2186 ipsa
1671 2117 1781 2185 jam
1817 2115 2054 2187 Spiritus

485 2217 708 2264 sanctus
730 2226 827 2280 per
866 2209 1118 2264 Davidem
1152 2209 1493 2270 testiﬁcatur,
1527 2209 1806 2279 praemissa
1837 2209 1924 2263 illa
1958 2225 2055 2279 po-

482 2301 593 2368 puli
638 2297 817 2353 l'utura
853 2300 1160 2355 inversione
1187 2308 1242 2354 et
1276 2297 1598 2351 mutatione.
1653 2295 1831 2361 Quare
1866 2311 2053 2351 secun-

482 2393 610 2445 dum
643 2392 894 2462 Aquilam
927 2394 1130 2448 dictum
1165 2399 1270 2458 est,
1297 2409 1314 2441 ι
1339 2389 1514 2460 Super
1547 2390 1656 2442 lilia
1685 2389 2045 2453 testimoniip

481 2487 782 2540 secundum
832 2484 1214 2556 Symmachum
1263 2492 1465 2547 autem,
1527 2499 1545 2530 ι
1579 2480 1682 2534 Pro
1716 2479 1940 2534 ﬂoribus
1971 2488 2052 2534 te-

481 2579 794 2634 stimonium
818 2598 832 2644 ;
858 2598 876 2630 ι
910 2579 1207 2635 secundum
1225 2574 1362 2630 LXX
1377 2591 1505 2629 vero
1529 2572 1875 2644 lnterpretes,
1901 2594 1919 2625 ι
1945 2573 2050 2628 Pro

479 2673 547 2726 iis
590 2671 682 2742 qui
719 2672 1149 2725 immutabuntur
1173 2709 1187 2734 ,
1237 2671 1291 2724 in
1342 2669 1482 2722 tituli
1534 2668 1943 2737 inscriptionem
1977 2685 1987 2719 :
2025 2685 2042 2716 ι

477 2779 597 2832 quae
655 2777 902 2832 magnam
955 2762 1190 2816 habeant
1229 2775 1354 2814 cum
1409 2759 1570 2813 dictis
1621 2759 1675 2812 in
1723 2757 2046 2826 praecedenti

476 2855 687 2923 psalmo
718 2854 1049 2908 aﬂinitatem.
1079 2852 1212 2906 Nam
1254 2852 1343 2905 ille
1369 2849 1548 2919 populi
1574 2849 1935 2918 abjectionem
1965 2848 2049 2900 iu-

476 2945 677 2997 dicavit
712 2943 796 2997 his
843 2943 1022 2998 verbis
1051 2961 1064 2997 :
1105 2960 1122 2992 ι
1155 2942 1556 2996 Convertentur
1582 2937 1648 2991 ad
1683 2952 1962 3007 vesperam
1992 2944 2047 2992 et

475 3033 672 3088 famem
701 3033 974 3101 patientur
1000 3039 1058 3084 ut
1082 3038 1326 3093 canes,et
1348 3029 1656 3083 circuibunt
1684 3028 2039 3091 civitatem’,»

2155 1926 2305 1980 ούπω
2357 1928 2728 1998 μεταϐάλλειν.
2788 1928 2877 1981 Διὸ
2924 1930 3067 1982 καὶὸ
3099 1930 3287 2001 Σωτὴρ
3316 1933 3372 1984 ἐν
3423 1934 3546 1995 ταῖς
3587 1932 3744 1987 διδα-

2158 2017 2400 2082 σκαλίαις
2420 2019 2569 2087 ἔλεγε
2588 2036 2602 2050 ·
2645 2037 2664 2069 ι
2697 2018 3056 2090 Καταμάθετε
3084 2019 3149 2071 τὰ
3177 2019 3333 2090 κρίνα
3353 2019 3446 2072 τοῦ
3471 2019 3670 2092 ἀγροῦο
3712 2040 3737 2075 ο

2155 2111 2248 2162 καὶ
2272 2110 2468 2163 πάλινο
2511 2129 2529 2161 ι
2584 2110 2728 2164 Εἰδέ
2769 2110 2859 2163 τὸν
2886 2110 3075 2183 χόρτον
3126 2110 3219 2164 τοῦ
3270 2111 3439 2182 ἀγροῦ
3493 2113 3743 2184 σήμερον

2152 2202 2298 2262 ὄντα,
2326 2204 2417 2257 καὶ
2438 2203 2623 2274 αὔριον
2654 2206 2732 2267 εἰς
2753 2204 3000 2256 κλίϐανον
3023 2203 3344 2273 βαλλόμενον
3365 2222 3378 2234 ·
3414 2225 3430 2255 ι
3455 2205 3596 2259 ἀλλά
3619 2206 3738 2268 καὶ,

2159 2311 2176 2340 ι
2209 2294 2363 2345 Πᾶσα
2397 2293 2534 2363 σὰρξ
2566 2293 2774 2364 χόρτος,
2809 2294 2903 2347 καὶ
2931 2296 3082 2348 πᾶσα
3104 2294 3227 2360 δόξα
3259 2295 3426 2365 αὐτῆς
3455 2296 3533 2359 ὼς
3573 2297 3738 2360 ἄνθος

2151 2387 2363 2457 χόρτου.
2413 2386 2713 2458 Ἐξηράνθη
2762 2391 2790 2440 6
2821 2388 3032 2458 χόρτος,
3059 2389 3153 2442 καὶ
3185 2389 3244 2441 τὸ
3273 2388 3431 2452 ἄνθος
3459 2389 3690 2454 ἐξέπεσε
3716 2407 3731 2420 ·

2150 2477 2209 2528 τὸ
2239 2477 2294 2529 δὲ
2325 2477 2476 2548 ῥῆμα
2501 2480 2703 2550 Κυρίου
2733 2480 2881 2549 μένει
2915 2481 2992 2543 εἰς
3016 2480 3106 2533 τὸν
3132 2481 3303 2533 αἰῶνα
3322 2496 3336 2512 ο
3368 2500 3387 2531 ι
3409 2474 3493 2544 οἷς
3532 2483 3561 2534 6
3587 2483 3733 2552 Προ-

2151 2569 2325 2638 φήτης
2350 2569 2490 2622 κατά
2511 2571 2640 2632 τοὺς
2671 2571 2890 2634 λοιποὺς
2917 2571 3257 2642 ἐρμηνευτάς
3290 2569 3619 2641 προστίθησι
3646 2572 3735 2625 λέ-

2147 2676 2290 2727 γωνο
2338 2680 2356 2712 ι
2409 2661 2647 2731 Ἀληθῶς
2671 2663 2862 2732 χόρτος
2898 2665 2926 2715 6
2954 2663 3112 2726 λαός·
3147 2663 3418 2733 ἐξηράνθη
3454 2665 3484 2716 6
3513 2663 3732 2733 χόρτος,

2147 2753 2371 2820 ἐξέπεσε
2394 2754 2455 2806 τὸ
2491 2755 2668 2818 ἄνθος,
2683 2773 2701 2805 ι
2733 2753 3058 2818 ἁκαλύπτως
3079 2754 3138 2806 τὸ
3177 2753 3443 2807 Ἰουδαίων
3466 2754 3613 2817 ἔθνος
3631 2753 3735 2824 δη-

2146 2843 2340 2907 λώσας.
2381 2845 2530 2897 Λύτὰ
2573 2845 2636 2916 δὴ
2686 2840 2777 2898 05v
2821 2844 2994 2898 ταῦτα
3037 2845 3130 2898 καί
3174 2843 3265 2898 νῦν
3315 2844 3374 2897 τὸ
3407 2845 3630 2916 Πνεῦμα
3661 2846 3732 2899 τδ

2146 2935 2297 3004 ἅγιον
2336 2936 2423 2989 διὰ
2460 2935 2553 2989 τοῦ
2584 2935 2744 2990 Δαυῖδ
2775 2936 3128 3007 μαρτύρεται,
3171 2937 3593 3007 προαναφωνοῦν
3625 2938 3733 3008 τὴν

2148 3036 2444 3106 μέλλουσαν
2467 3035 2682 3088 ἔσεσθαι
2725 3036 2818 3089 τοῦ
2851 3034 2981 3088 λαοῦ
3023 3033 3306 3086 ἀλλοίωσιν
3342 3033 3437 3087 καὶ
3490 3034 3728 3104 μεταϐό-

474 3133 530 3180 et
556 3134 768 3178 caetera.
795 3122 1004 3188 Quibus
1026 3123 1140 3176 haec
1165 3122 1232 3176 de
1251 3121 1538 3176 vocatione
1557 3120 1796 3191 gentium
1817 3119 2045 3187 subjun-

2148 3123 2266 3194 λήν.
2303 3124 2394 3176 Διὸ
2437 3123 2577 3176 κατά
2605 3124 2696 3176 τὸν
2739 3122 2967 3176 Ἀκύλαν
3008 3121 3242 3191 εἴρηται,
3284 3141 3301 3173 ι
3349 3121 3472 3174 Ἐπὶ
3521 3124 3727 3194 κρίνων

474 3216 552 3286 gi:
600 3233 612 3268 :
661 3234 680 3264 ι
713 3213 776 3267 Ει
807 3223 888 3277 ιιι,
923 3213 1147 3268 Domine
1175 3211 1316 3268 Deus
1358 3213 1647 3276 virtutum,
1676 3210 1817 3266 Deus
1854 3211 2044 3274 Israel,

470 3307 692 3362 intende
721 3307 788 3361 ad
823 3307 1126 3362 visitandas
1157 3321 1349 3362 omnes
1399 3314 1609 3376 gentes.
1653 3322 1670 3355 ι
1726 3301 1893 3355 Tituli
1915 3316 2046 3356 vero

466 3399 880 3468 inscriptionem
919 3399 971 3452 in
1003 3397 1252 3466 praesenti
1289 3405 1344 3450 ut
1375 3404 1428 3450 et
1457 3395 1592 3448 alias
1621 3387 1836 3463 Aquila.
1888 3408 1906 3440 ι
1939 3391 2044 3445 hu-

469 3491 638 3554 milis,
689 3491 914 3561 perfecti
947 3489 1196 3551 Davidis;
1233 3509 1252 3541 ι
1305 3489 1666 3560 Symmachus
1713 3501 1864 3548 vero,
1895 3503 1913 3534 ι
1946 3484 2044 3538 Ιιιι-

469 3582 616 3636 milis
644 3581 864 3637 Davidis
895 3591 946 3636 et
985 3580 1266 3651 iuculpati,
1308 3599 1324 3630 ι
1361 3577 1697 3648 interpretati
1731 3582 1878 3633 sunt.
1900 3572 2037 3627 Nam

470 3672 628 3740 cippo
671 3672 834 3741 digna
871 3679 989 3724 erat
1037 3674 1171 3724 tanti
1203 3671 1346 3740 regis
1381 3668 1664 3724 modestia.
1717 3667 1854 3722 Cum
1888 3665 2034 3719 enim

469 3775 548 3818 tot
591 3767 728 3819 bella
765 3765 990 3820 feliciter
1022 3768 1317 3834 gessisset,
1369 3772 1422 3820 et
1472 3765 1701 3835 populos
1745 3777 1916 3834 usque
1967 3759 2037 3813 ad

469 3857 911 3928 Mesopotamiam
967 3859 1268 3928 subegisset
1332 3858 1731 3927 vectigalesque
1791 3857 2029 3923 fecisset,

461 3959 788 4003 consuetum
833 3948 1082 4004 servabat
1140 3964 1367 4013 morem,
1419 3963 1529 4018 quo
1578 3956 1874 4003 exornatus
1917 3959 2034 4004 erat

467 4054 595 4090 cum
619 4053 647 4090 a
673 4037 833 4091 Saule
865 4038 1172 4107 pelleretur,
1207 4053 1270 4091 ac
1302 4035 1559 4106 perfugus
1581 4037 1633 4090 in
1659 4037 1888 4091 desertis
1912 4053 2033 4106 age-

464 4141 567 4184 ret.
620 4128 752 4182 Nam
784 4138 913 4183 tunc
941 4144 1176 4198 quoque,
1229 4135 1288 4181 ut
1318 4127 1562 4190 humilis,
1599 4126 1890 4196 perfectus,
1926 4128 2026 4181 hu-

466 4222 664 4276 militer
694 4223 939 4277 sentiens
968 4229 1021 4276 et
1051 4221 1381 4290 iuculpatus,
1413 4219 1632 4272 :eternis
1675 4219 1847 4288 cippis
1878 4235 1907 4272 a
1945 4219 2028 4273 di-

461 4317 588 4370 vina
629 4315 909 4385 Scriptura
940 4316 1193 4386 dignatus
1221 4325 1326 4370 est.
1379 4313 1532 4368 Nunc
1568 4323 1746 4368 autem
1784 4329 1904 4366 cum
1938 4331 2025 4368 rc-

464 4424 637 4478 gnans
681 4416 759 4462 tot
793 4408 1042 4462 inimicos
1089 4406 1389 4471 invaderet,
1424 4405 1778 4476 omniumque
1807 4405 2024 4459 divitias

2152 3217 2470 3286 μαρτυρίαςο
2501 3235 2517 3266 ι
2546 3218 2685 3269 κατὰ
2705 3215 2761 3267 δέ
2790 3215 2878 3267 τὸν
2913 3213 3225 3283 Σύμμαχον,
3261 3234 3278 3264 ι
3312 3214 3482 3284 ’Υπὲρ
3507 3214 3619 3267 τῶν
3640 3216 3730 3268 ἀν-

2149 3306 2256 3360 θῶν
2284 3310 2558 3378 μαρτυρία
2578 3324 2592 3337 ·
2630 3327 2647 3357 ι
2672 3305 2811 3359 κατά
2837 3305 2893 3358 δὲ
2923 3308 3048 3370 τοὺς
3085 3306 3505 3375 Ἑϐδομήκοντα,
3554 3326 3573 3357 ι
3599 3309 3724 3372 Τοῖς

2145 3397 2654 3467 ἁλλοιιιιθησομένοις
2675 3398 2753 3459 είς
2775 3395 3192 3466 στηλογραφίαν,
3230 3415 3251 3448 ι
3283 3396 3490 3465 Πολλὴν
3512 3395 3572 3449 δὲ
3592 3399 3724 3451 ἀκο-

2143 3489 2352 3542 λουθίαν
2373 3488 2483 3557 ἔχοι
2526 3487 2592 3540 ἂν
2623 3490 2756 3557 πρὸς
2777 3487 2846 3539 τὰ
2865 3489 2922 3539 ἐν
2947 3487 3024 3557 τῷ
3050 3487 3152 3558 πρὸ
3177 3486 3362 3540 τούτου
3393 3486 3719 3558 λελεγμένα.

2155 3581 2304 3635 Ἐπεὶ
2325 3583 2572 3642 κάκεῖνος
2593 3581 2691 3651 τὴν
2719 3581 2810 3634 τοῦ
2853 3581 3037 3644 ἔθνους
3082 3579 3352 3650 ἀποϐολὴν
3396 3579 3590 3651 ἐδήλου
3631 3580 3725 3633 λέ-

2139 3688 2278 3739 γωνο
2321 3691 2338 3721 ι
2385 3672 2836 3743 Ἑπιστρέψουσιν
2877 3674 2955 3737 είς
2989 3673 3244 3744 ἑσπέραν,
3267 3672 3359 3724 καὶ
3387 3671 3721 3741 λιμώξουσιν

2136 3765 2211 3828 ὡς
2237 3763 2400 3827 κύων,
2433 3765 2526 3817 καὶ
2572 3764 2910 3818 κυκλώσουσι
2941 3765 3091 3817 πόλιν
3115 3805 3129 3828 ,
3173 3785 3191 3815 ι
3227 3765 3315 3817 καὶ
3343 3763 3412 3817 τά
3449 3764 3714 3834 ἐπιφερό-

2140 3874 2294 3927 μενα.
2327 3853 2420 3920 Οἷς
2445 3857 2570 3926 ἐξῆς
2597 3859 2724 3928 περὶ
2757 3859 2850 3929 τῆς
2883 3859 3126 3928 κλήσεως
3150 3858 3254 3911 τῶν
3280 3856 3450 3910 ἐθνῶν
3481 3856 3712 3926 ἔφασκεο

2141 3968 2160 4000 ‹
2195 3951 2303 4004 Καὶ
2327 3951 2411 4013 σὺ,
2447 3949 2616 4020 Κύριε
2651 3951 2678 4001 6
2716 3949 2845 4013 Θεὸς
2875 3950 2980 4002 τῶν
3024 3950 3334 4019 δυνάμεων,
3364 3951 3392 4001 6
3421 3947 3555 4009 Θεὸς
3609 3947 3715 4000 Ἰσ-

2136 4040 2293 4111 ραὴλ,
2344 4041 2576 4111 πρόσχες
2601 4040 2693 4093 τοῦ
2729 4040 3126 4111 ἐπισκέψασθαι
3169 4042 3343 4096 πάντα
3386 4042 3456 4095 τὰ
3497 4043 3647 4113 ἔθνη.
3684 4063 3707 4096 ν

2133 4132 2243 4202 Τὴν
2271 4131 2326 4185 δὲ
2357 4132 2753 4202 στηλογραφίαν
2781 4131 2874 4186 καὶ
2900 4134 2994 4186 νῦν
3027 4135 3102 4197 ὡς
3133 4134 3227 4187 καὶ⁸
3261 4134 3317 4185 ἐν
3351 4136 3466 4197 τοῖς
3499 4134 3712 4207 ἔμπρο-

2133 4222 2256 4275 σθεν
2285 4225 2313 4275 6
2355 4223 2452 4292 μὲν
2498 4221 2748 4287 ’Δκύλας,
2785 4244 2802 4275 ι
2831 4224 3086 4278 ταπεινοῦ
3119 4225 3321 4278 τελείου
3349 4224 3438 4278 τοῦ
3465 4227 3634 4279 Δαυῖδ
3653 4243 3702 4277 ἰ

2126 4315 2155 4366 6
2186 4313 2242 4366 δέ
2270 4313 2582 4386 Σύμμαχος,
2623 4333 2642 4365 ι
2677 4316 3097 4388 ταπεινόφρονος
3126 4319 3220 4371 τοῦ
3238 4317 3398 4371 Δαυῖδ
3426 4320 3524 4370 καὶ
3550 4315 3710 4388 ἀμὼο

2130 4421 2252 4475 μου,
2283 4424 2300 4457 ι
2335 4408 2708 4478 ἡρμήνευσαν.
2733 4409 2941 4479 Στήλης
2966 4408 3073 4482 γὰρ
3101 4406 3167 4481 ἦν
3192 4410 3369 4480 ἁξίαὴ
3398 4409 3496 4463 τοῦ
3520 4410 3706 4462 τοσού-

463 4500 774 4567 colligeret.
821 4501 875 4552 in
915 4498 1102 4554 eodem
1147 4497 1338 4553 aﬂectu
1390 4497 1802 4567 perseverabat;
1856 4511 2023 4566 quare

2148 4514 2217 4550 του
2244 4497 2504 4567 βασιλέως
2535 4501 2982 4571 μετριοφροσύνη.
3014 4501 3290 4554 Τοσούτων
3305 4501 3411 4573 γὰρ
3445 4501 3704 4570 πολέμων

462 4597 518 4642 et
546 4589 679 4642 .ituli
712 4591 1064 4658 inscriptione
1093 4597 1146 4644 et
1174 4590 1368 4660 spiritu
1412 4588 1728 4658 prophetico
1768 4588 2021 4658 dignatus

459 4686 563 4735 est.

2129 4591 2561 4660 περιγενόμενος,
2593 4593 2686 4644 καὶ
2711 4594 2834 4655 τοὺς
2871 4593 3030 4663 μέχρι
3053 4593 3152 4662 τῆς
3174 4594 3360 4662 Μέσης
3381 4592 3492 4645 τῶν
3528 4609 3699 4646 ποτα·-

2134 4679 2248 4750 μῶν
2269 4681 2557 4747 ὑποτάξας,
2583 4683 2885 4754 ὑποφόρους
2907 4701 2964 4736 τε
2982 4685 3178 4746 αὐτοὺς
3195 4684 3697 4760 καταπησάμενος,

461 4772 520 4826 ἐν
548 4773 624 4842 τῷ
649 4774 831 4843 οἰκείῳ
853 4775 1089 4844 διέμενεν
1116 4775 1254 4844 ἤθει,
1287 4776 1341 4827 ἐν
1356 4769 1399 4842 ᾧ
1428 4775 1521 4828 καὶ
1546 4776 1634 4828 ὅτε
1665 4773 1925 4845 ἠλαύνετο
1959 4773 2063 4826 ὑπὸ
2087 4771 2180 4826 τοῦ
2206 4774 2395 4838 Σαοὺλ,
2415 4775 2619 4838 καὶτὰς
2643 4777 2880 4847 ἐρήμους
2898 4776 3110 4844 φεύγων
3131 4774 3388 4845 κατῴκει,
3409 4773 3693 4845 διέπρεπε.

462 4870 569 4922 Καὶ
589 4869 707 4922 τότε
733 4870 839 4940 γὰρ
862 4870 964 4924 ὑπὸ
1011 4870 1110 4941 τῆς
1166 4872 1315 4934 θείας
1347 4871 1588 4942 Γραφῆς,
1613 4871 1690 4933 ὼς
1750 4871 2000 4934 ταπεινὸς
2021 4869 2253 4934 τέλειος,
2291 4871 2323 4943 ἢ
2368 4871 2744 4942 ταπεινόφρων
2808 4873 2900 4926 καὶ
2947 4873 3174 4942 ἄμωμος
3215 4871 3423 4941 στηλῶν
3459 4871 3695 4924 αἰωνίων

460 4959 701 5027 ἠξιοῦτο·
736 4961 826 5014 καὶ
856 4959 950 5014 νῦν
972 4963 1016 5015 δ’
1042 4965 1128 5016 ὅτε
1166 4964 1462 5032 βασιλεύων
1495 4963 1763 5026 τοσούτοις
1798 4964 2013 5035 ἐπεξῄει
2052 4963 2346 5034 πολεμίοις,
2397 4965 2491 5017 καὶ
2517 4963 2606 5017 τὸν
2639 4965 2890 5018 ἁπάντων
2924 4966 3120 5035 συνῆγε
3168 4963 3424 5029 πλοῦτον,
3468 4964 3560 5016 ἐπὶ
3596 4963 3694 5033 τῆς

459 5052 626 5124 αὐτῆς
663 5053 872 5123 διέμενε
918 5055 1308 5126 προαιρέσεως·
1358 5057 1438 5109 διὸ
1464 5053 1862 5127 στηλογραφίας
1893 5052 2125 5122 ἠξιοῦτο,
2166 5056 2257 5108 καὶ
2284 5053 2587 5124 πνεύματος
2617 5055 2830 5124 ηξιοῦτο
2850 5053 3204 5127 προφητικοῦ.

531 5171 795 5225 Observes
829 5164 1008 5240 porro
1036 5173 1193 5227 velim
1241 5175 1342 5227 hoc
1383 5180 1645 5244 tempore,
1699 5187 1822 5225 cum
1857 5167 2023 5225 Israel

460 5268 716 5329 regnante
737 5259 960 5321 Davide,
993 5277 1164 5327 usque
1191 5262 1256 5316 ad
1289 5261 2022 5333 Mesopotamiamimperium

458 5353 749 5417 obtineret,
789 5367 852 5406 ac
882 5354 1161 5421 vectigalia
1193 5370 1223 5407 a
1253 5353 1494 5409 ﬁnitimis
1525 5355 1778 5425 gentibus
1811 5354 2024 5422 accipe-

459 5458 564 5512 ret,
614 5447 1025 5517 promissionem
1061 5447 1149 5502 Dei
1199 5447 1262 5501 ad
1295 5446 1564 5500 Abraham
1615 5447 1810 5501 factam
1859 5460 2022 5514 opere

459 5541 779 5608 completam
804 5555 948 5604 esse,
982 5555 1084 5608 qua
1108 5539 1384 5610 pollicitus
1411 5547 1530 5592 erat
1569 5556 1628 5592 se
1656 5543 1908 5592 «laturum
1934 5553 2019 5592 se-

459 5632 591 5684 mini
621 5632 740 5701 ejus
769 5642 937 5688 totam
968 5641 1166 5688 terram
1200 5647 1228 5685 ει
1252 5631 1469 5686 ﬂumine
1497 5629 1714 5703 Egypti
1751 5647 1920 5702 usque
1947 5633 2013 5687 ad

518 5812 571 5887 ,³⁸
611 5812 795 5868 Matth.
835 5830 920 5880 τι,
955 5813 1044 5868 28.
1121 5815 1164 5846 ’⁸
1205 5813 1334 5868 ibid.
1373 5813 1459 5868 50.
1542 5814 1555 5845 ¹
1597 5811 1698 5866 lsa.
1735 5829 1832 5879 ιι,
1869 5813 1984 5867 0-8-

2148 5814 2251 5869 bid.
2293 5815 2341 5867 7.

2204 5173 2481 5243 Ἐπιτήρει
2506 5172 2562 5225 δέ
2594 5173 2740 5237 ὅπως
2771 5173 2911 5226 κατὰ
2946 5176 3137 5226 τούτου
3169 5171 3262 5225 τοῦ
3299 5172 3488 5242 χρόνου
3521 5175 3552 5226 6
3592 5173 3693 5226 Ἰσ-

2124 5267 2277 5338 ραὴλ,
2309 5266 2678 5336 βασιλεύοντος
2705 5266 2888 5331 Δαυῒδ,
2927 5268 3086 5338 μέχρι
3118 5269 3215 5337 τῆς
3249 5265 3435 5334 Μέσης
3455 5265 3565 5318 τῶν
3594 5282 3688 5318 πο-

2116 5356 2306 5427 ταμῶν
2345 5357 2582 5427 ἐκράτει,
2611 5357 2704 5408 καὶ
2744 5356 2940 5428 φόρους
2970 5356 3116 5429 παρὰ
3150 5355 3257 5408 τῶν
3311 5353 3471 5426 πέριξ
3513 5353 3687 5407 ἐθνῶν

2116 5449 2406 5519 ἐλάμϐανε,
2455 5450 2553 5519 τῆς
2592 5449 2683 5502 τοῦ
2718 5449 2852 5502 Θεοῦ
2899 5450 3228 5518 ἐπαγγελίας
3267 5448 3364 5517 τῆς
3413 5447 3548 5516 πρὸς
3590 5445 3682 5499 τὸν

2126 5539 2374 5611 Ἀϐραὰμ
2397 5542 2476 5604 εἰς
2507 5540 2640 5611 ἔργα
2662 5541 2941 5612 χωρούσης
2961 5559 2974 5570 ·
3000 5542 3068 5594 δι’
3093 5538 3157 5612 ἦς
3193 5539 3558 5610 ἐπηγγέλλετο
3579 5535 3685 5590 δὼ-

2115 5648 2224 5684 σειν
2247 5630 2324 5702 τῷ
2361 5630 2637 5702 σπέρματι
2664 5629 2826 5682 αὐτοῦ
2863 5632 3040 5684 πᾶσαν
3069 5631 3168 5701 τὴν
3199 5630 3301 5699 γῆν
3323 5629 3429 5682 ἀπὸ
3458 5625 3553 5680 τοῦ
3585 5642 3687 5679 πο-

2419 5813 2439 5846 ³
2477 5812 2618 5866 Psal.
2659 5828 2820 5877 Lvut,
2861 5812 2909 5866 τ.
