4024 6210
265 349 372 407 557

1388 352 1890 409 COMMENTARIA
1939 357 2004 412 IN
2045 357 2383 416 PSALMOS.

3398 363 3500 418 558

261 469 440 541 ταμοῦ
470 468 766 538 Αἰγύπτου,
832 443 991 542 μέχρι
1025 469 1119 524 τοῦ
1163 471 1406 541 ποταμοῦ
1440 474 1725 545 Εὐφράτου
1747 493 1761 506 ·
1796 468 1841 535 ἀζ

1945 475 2295 546 Euphratem;
2341 477 2484 547 quod
2525 475 2725 531 Davide
2753 485 3012 546 regnante
3042 491 3228 532 revera
3252 479 3499 546 conligit,

263 561 324 632 δὴ
355 559 728 631 βασιλεύοντος
761 560 853 614 τοῦ
884 561 1045 615 Δαυῒδ
1065 561 1244 635 ἔργοις
1287 564 1588 636 ἐπληροῦτο
1613 585 1625 596 ·
1676 567 1836 620 τοῦτο

264 653 393 722 γοῦν
419 653 513 706 καὶ
540 653 572 722 ή
601 652 964 723 παρατεθεῖσαι
993 653 1199 725 ίστορία
1230 655 1329 724 τῆς
1367 657 1657 711 Βασιλειῶν
1702 673 1837 731 γρα-

265 747 372 817 φῆς
429 745 747 818 ἐμαρτύρει.
806 745 962 799 Ἀλλά
989 747 1097 818 γὰρ
1150 749 1437 817 φωτισθεὶς
1476 751 1504 803 6
1552 755 1836 826 προφήτης

265 839 369 895 ὑπὸ
396 838 491 891 τοῦ
522 839 677 908 ἁγίου
710 839 1043 913 Πνεύματος,
1073 840 1315 915 θεσπίζει
1351 842 1420 894 τὰ
1460 844 1518 895 ἐν
1551 848 1662 908 τοῖς
1712 846 1837 916 μέλ-

264 931 413 984 λουσι
449 932 662 1002 χρόνοις
696 931 1106 1002 συμϐησόμενα.
1141 933 1274 988 Τίνα
1299 933 1353 986 δὲ
1380 929 1448 1005 ἦν
1492 936 1663 990 ταῦτα
1695 937 1838 991 διδά-

267 1041 382 1076 σκει
429 1023 601 1091 λέγων
621 1040 636 1052 ·
673 1042 690 1072 ι
719 1023 812 1084 Et;
836 1022 896 1074 τὸ
919 1022 1070 1086 τέλος
1097 1026 1207 1086 τοῖς
1238 1023 1768 1097 ἀλλοιωθησομένοις.
1812 1049 1830 1080 ι

265 1113 378 1169 Εἶθ’
413 1115 543 1184 ἐξῆς
578 1113 782 1184 προῖὼν
819 1113 1045 1182 ἐπάγει·
1081 1133 1099 1165 ι
1151 1115 1208 1168 '0
1241 1115 1405 1178 Θεὸς,
1435 1117 1641 1172 ἀπώσω
1691 1122 1837 1191 ἡμᾶς

265 1209 358 1261 καὶ
382 1207 628 1270 καθεῖλες
656 1207 824 1276 ἡμᾶς,
861 1225 878 1257 ι
900 1207 990 1260 καὶ
1016 1204 1085 1258 τά
1107 1205 1259 1276 ἐξῆς·
1288 1201 1368 1269 οἷς
1394 1207 1508 1277 μεθ’
1537 1208 1699 1282 ἕτερα
1722 1213 1838 1264 ἐπι-

265 1299 408 1368 λέγει
428 1317 441 1330 ·
477 1317 497 1349 ι
546 1298 605 1351 'O
628 1298 760 1360 Θεὸς
782 1297 1043 1366 ἐλάλησεν
1073 1298 1130 1350 ἐν
1164 1297 1241 1367 τῷ
1273 1299 1413 1370 ἁγίῳ
1439 1300 1602 1354 αὑτοῦ
1623 1321 1635 1334 ·
1673 1304 1839 1373 ἀγαλ-

268 1391 520 1461 λιάσομσι
565 1390 659 1443 καὶ
686 1389 948 1461 διαμεριῶ
967 1391 1186 1462 Σίκιμα,
1215 1392 1306 1444 καὶ
1337 1391 1433 1463 τήν
1478 1392 1698 1448 κοιλάδα
1733 1395 1837 1447 τῶν

273 1483 479 1551 σκηνῶν
502 1481 869 1551 διαμετρήσω,
911 1500 928 1532 ι
960 1483 1054 1535 καὶ
1079 1483 1148 1535 τά
1184 1481 1330 1554 ἑξῆς.
1361 1485 1621 1556 Σημαίνει
1657 1487 1712 1540 δὲ
1751 1488 1836 1540 διὰ

271 1575 469 1626 τούτων
510 1572 604 1626 τοῦ
647 1571 781 1624 Θεοῦ
812 1572 1102 1641 διαλλαγὰς
1137 1575 1274 1649 πρὸς
1310 1576 1436 1640 τοὺς
1488 1577 1834 1646 ἀλλοφύλους.

284 1666 343 1718 'U
378 1665 504 1728 Θεὸς
548 1665 692 1736 γὰρ,
718 1667 881 1736 φησὶν
909 1706 923 1730 ,
959 1667 1217 1737 ἐλάλησε,
1271 1668 1365 1722 καὶ
1406 1667 1645 1741 λαλήσας
1677 1669 1734 1723 ἐν
1760 1669 1838 1741 τῷ

278 1759 418 1828 ἁγίῳ
447 1758 604 1811 αὑτοῦ
651 1756 728 1828 τῷ
779 1758 990 1812 Γαλαὰδ
1038 1760 1131 1812 καὶ
1185 1758 1261 1830 τῷ
1288 1761 1586 1832 Μανασσῇ,
1630 1762 1723 1816 καὶ
1761 1761 1838 1832 τῷ

1937 577 1997 622 ιιι
2023 569 2185 624 allata
2211 569 2520 640 Regnorum
2554 568 2780 623 historia
2803 568 3220 623 testiﬁcabatur.
3277 569 3358 623 Ad
3390 570 3505 625 haec

1937 660 2098 713 etiam
2132 657 2337 728 Spiritu
2369 666 2560 713 sancto
2587 658 2889 713 illustratus
2912 656 3202 728 Propheta,
3241 660 3505 714 vaticina-

1939 761 2027 804 tur
2078 766 2140 805 ea
2190 767 2309 820 qua:
2357 750 2540 805 futuro
2587 757 2710 820 post
2761 757 3003 818 tempore
3051 758 3312 806 eventura
3356 760 3501 807 sunt.

1940 843 2198 908 Quaanam
2247 852 2426 897 autem
2456 843 2548 897 illa
2575 849 2792 907 essent,
2823 841 2908 898 his
2935 843 3116 898 verbis
3159 843 3349 906 docet,
3388 864 3406 896 ι
3447 843 3502 898 1η

1939 939 2097 991 linem
2140 952 2238 1006 pro
2267 937 2333 991 iis
2368 937 2458 1007 qui
2492 937 2944 994 immutabuntur.
2981 959 2999 992 ι
3062 939 3121 993 In
3150 939 3506 1009 sequentibus

1936 1041 2064 1081 vero
2092 1024 2278 1087 infert,
2299 1025 2494 1088 iDeus,
2523 1027 2768 1097 repulisti
2799 1044 2901 1083 nos
2921 1036 2976 1081 et
3004 1028 3320 1084 destruxisti
3347 1044 3498 1094 nos,i

1937 1123 1990 1172 et
2021 1124 2233 1172 caetera.
2270 1115 2477 1182 Quibus
2507 1128 2692 1188 postea
2718 1119 3020 1189 subjungit,
3061 1139 3078 1169 ¢
3117 1119 3259 1174 Deus
3293 1121 3508 1178 locutus

1937 1213 2021 1260 est
2049 1206 2102 1259 in
2128 1214 2319 1261 sancto
2343 1221 2460 1271 suo,
2490 1209 2774 1263 exsultabo
2804 1216 2859 1262 et
2885 1207 3120 1262 dividam
3153 1207 3425 1273 Sichima,
3454 1217 3509 1263 et

1937 1299 2236 1352 convallem
2267 1299 2762 1353 Tabernaculorum
2814 1300 3098 1363 dimetiar,
3139 1318 3157 1351 ι
3194 1309 3247 1355 et
3275 1302 3504 1371 reliqua.

1938 1387 2034 1444 His
2065 1405 2228 1458 porro
2253 1390 2520 1460 signiﬁcat
2550 1390 2641 1445 Dei
2670 1391 3167 1446 reconciliationem
3198 1407 3321 1446 cum
3374 1393 3508 1448 alie-

1937 1483 2171 1553 nigenis.
2214 1483 2357 1538 Deus
2385 1485 2549 1550 enim,
2585 1489 2678 1548 ait,
2709 1486 2926 1541 locutus
2956 1494 3074 1550 est,
3106 1501 3170 1541 ac
3213 1489 3266 1542 in
3314 1497 3507 1544 sancto

1939 1589 2039 1629 suo
2070 1575 2286 1629 locutus
2321 1574 2389 1628 ad
2419 1574 2642 1640 Galaad,
2679 1576 2962 1633 Manassen
2983 1619 2997 1643 ,
3036 1577 3290 1649 Ephraim
3314 1587 3377 1634 et
3405 1579 3505 1634 Ju-

1939 1665 2099 1732 dam;
2137 1665 2292 1721 Moab
2321 1675 2374 1721 et
2404 1666 2688 1722 Idummam
2718 1684 2781 1722 ac
2807 1671 3046 1740 reliquos
3094 1686 3280 1726 omnes
3313 1673 3506 1727 alieni-

1942 1773 2106 1828 genas
2146 1773 2253 1812 una
2299 1759 2694 1829 complectitur.
2728 1759 2860 1814 Nam
2897 1781 2916 1812 ι
2965 1761 3144 1830 Moab,
3197 1765 3392 1834 inquit,
3439 1765 3512 1821 Ie-

293 1849 550 1920 Ἐφραῒμ,
581 1851 670 1902 καὶ
694 1849 774 1920 τῷ
802 1849 991 1921 Ἰούδα,
1018 1831 1639 1923 συμπεριλαμϐάνειητὸν
1666 1831 1838 1908 Μωάϐ

1945 1848 2036 1902 bes
2070 1848 2185 1917 spei
2212 1863 2345 1902 mea:
2363 1866 2410 1915 ;i
2455 1864 2553 1918 pro
2581 1865 2688 1920 quo
2716 1849 3078 1921 Symmachus
3099 1831 3288 1918 edidit,
3318 1854 3508 1910 «Moab

287 1941 384 1993 καὶ
409 1941 502 2012 τὴν
535 1941 830 2011 Ἰδουμαίαν
857 1942 948 1994 καὶ
981 1943 1189 2007 πάντας
1215 1944 1338 2007 τοὺς
1363 1944 1580 2009 λοιποὺς
1612 1945 1840 2016 ἀλλοφύ-

288 2031 428 2095 λους.
451 2052 469 2084 ι
488 2032 652 2086 Μωάϐ
681 2052 698 2084 ι
729 2033 860 2104 γὰρ,
897 2035 1050 2105 φησι,
1077 2053 1096 2086 ι
1123 2035 1284 2106 λέϐης
1309 2036 1408 2106 τῆς
1429 2037 1639 2101 ἐλπίδος
1666 2056 1787 2110 μου·
1815 2058 1833 2090 ι

287 2124 400 2177 ἀνθ’
423 2119 478 2177 οὗ
505 2126 532 2176 6
567 2124 862 2195 Σύμμαχος
885 2125 1135 2192 ἐξέδωκε,
1174 2147 1192 2177 ι
1226 2129 1399 2182 Μωάϐ
1439 2129 1604 2202 λέϐης
1646 2132 1840 2202 ἀμερι-

284 2214 438 2286 μνίας
475 2232 575 2285 μου
601 2233 614 2244 ·
647 2235 666 2268 ι
700 2218 727 2268 6
751 2215 808 2267 δὲ
851 2215 1110 2282 Ἀκύλας,
1153 2237 1170 2269 ι
1209 2219 1382 2273 Μωάϐ
1417 2220 1579 2292 λέϐης
1614 2221 1838 2294 λουτροῦ

279 2325 398 2379 μου.
441 2325 459 2358 ι
494 2301 628 2359 Εἶτα
653 2307 780 2378 περ)⁹
827 2307 926 2377 τῆς
971 2309 1272 2380 Ἰδουμαίας
1315 2311 1476 2376 αὐτὸς
1512 2314 1841 2382 ἐπαγγέλλε-

273 2417 359 2452 ται
409 2396 621 2464 λέγων·
663 2416 682 2447 ι
725 2396 848 2450 Ἐπὶ
874 2397 972 2468 τὴν
1023 2399 1326 2468 Ἰδουμαίαν
1367 2404 1567 2456 ἐκτενῶ
1606 2405 1666 2458 τὸ
1711 2403 1841 2458 ὑπό-

272 2485 416 2556 δημά
461 2504 597 2557 μου·
639 2507 657 2541 ι
708 2489 741 2553 ἢ
791 2487 932 2540 κατά
975 2487 1065 2542 τὸν
1116 2491 1444 2562 Σύμμαχον,
1503 2512 1523 2545 ι
1570 2495 1693 2548 Ἐπὶ
1745 2496 1841 2566 τὴν

284 2571 582 2644 Ἰδουμαίαν
638 2576 968 2646 ἐπιϐήσομαι
1026 2577 1104 2648 τῷ
1151 2580 1454 2652 ὑποδήματί
1500 2601 1618 2652 μου,
1664 2603 1682 2635 ι
1732 2586 1842 2638 Καὶ

270 2658 492 2718 τοιαῦτα
539 2664 637 2735 μέν
685 2667 1073 2736 ἐπαγγέλλεται
1103 2670 1182 2740 τῷ
1214 2673 1386 2726 Μωάϐ
1423 2674 1516 2726 καῖ⁹
1560 2677 1624 2744 τῇ
1683 2675 1841 2727 Ἰδου-

274 2756 423 2829 μαίᾳ.
469 2757 609 2826 Περὶ
652 2757 710 2811 δὲ
740 2759 846 2814 τῶν
871 2761 1183 2831 ἀλλοφύλων
1217 2764 1378 2816 πάλιν
1403 2766 1432 2818 6
1465 2765 1625 2830 αὑτὸς
1660 2767 1844 2820 ἐπιλέ-

270 2861 381 2914 γει·
418 2866 440 2899 ι
501 2847 654 2918 Ἐμοὶ
686 2849 968 2920 ἀλλόφυλοι
1003 2853 1380 2923 ὑπετάγησαν·
1422 2874 1440 2906 ι
1473 2856 1530 2927 ἢ,
1566 2855 1707 2911 κατὰ
1753 2857 1843 2912 τὸν

281 2935 512 2990 ’Δκύλαν
535 2955 549 2968 ·
586 2957 605 2989 ι
650 2938 765 2992 Ἐπ’
788 2941 886 3011 ἐμὲ
917 2942 1232 2997 Φυλιστιαία
1267 2945 1388 3016 (sic)
1413 2938 1748 3020 ἡταιρήσατο
1770 2967 1783 2979 ·
1819 2969 1837 3000 ι

269 3031 402 3084 κατά
434 3032 500 3085 δὲ
527 3032 619 3085 τὸν
655 3032 1000 3098 Θεοδοτίωνα,
1041 3055 1060 3086 ‹
1099 3037 1251 3107 Ἐμοὶ
1300 3037 1583 3106 ἀλλόφυλοι
1635 3040 1844 3108 ἐφιλία-

1940 1937 2088 1994 lebes
2121 1939 2433 1994 securitatis
2486 1955 2653 2007 meae;
2687 1960 2706 1991 ι
2743 1941 2938 2011 Aquila
2988 1958 3141 2007 vero,
3181 1963 3199 1994 ι
3236 1943 3395 2001 Moab
3427 1946 3506 2000 Ie-

1939 2030 2036 2086 bes
2070 2031 2272 2086 lavacri
2323 2032 2448 2085 mei.
2487 2051 2506 2082 ›
2555 2031 2819 2103 Deinceps
2852 2033 2920 2088 de
2965 2032 3196 2088 Idumtea
3230 2035 3345 2090 haec
3393 2036 3509 2106 ipse

1940 2122 2247 2192 pollicetur,
2285 2142 2304 2174 ι
2336 2121 2392 2176 In
2438 2121 2726 2178 Idumaeam
2761 2123 3046 2179 extendam
3076 2125 3505 2182 calceamentum

1940 2231 2183 2282 meump
2209 2216 2324 2272 sive
2344 2215 2641 2271 secundum
2665 2215 3076 2287 Symmachum,
3101 2235 3121 2268 ι
3143 2216 3202 2272 In
3218 2218 3505 2274 Idumaeain

1939 2308 2306 2364 conscendam
2358 2309 2730 2364 ealceamento
2774 2323 2915 2364 meo.
2951 2325 2968 2360 ι
3021 2309 3087 2362 Et
3130 2309 3245 2364 haec
3290 2310 3506 2380 quidem

1940 2396 2098 2453 Moab
2123 2407 2176 2453 et
2212 2398 2458 2452 Idumaeae
2491 2398 2800 2468 pollicetur.
2834 2398 2909 2454 De
2935 2399 3255 2471 alienigenis
3289 2416 3506 2457 rursum

1942 2488 2151 2558 adjicit,
2191 2508 2210 2540 ι
2244 2489 2373 2543 Mihi
2402 2489 2716 2560 alienigenae
2756 2490 2958 2544 subditi
3004 2499 3165 2558 sunt;
3205 2511 3224 2544 ι
3259 2493 3374 2547 sive
3415 2508 3504 2547 se-

1941 2578 2178 2635 cundum
2221 2581 2510 2650 Aquilam,
2563 2599 2582 2630 ι
2619 2579 2748 2634 Mihi
2776 2579 3085 2636 Philisthaaa
3114 2583 3286 2636 amica
3316 2582 3447 2649 fuit;
3484 2601 3505 2636 ι

1943 2669 2240 2725 secundum
2271 2670 2699 2726 Theodotionem
2733 2679 2934 2735 autem,
2972 2690 2991 2722 ‹
3026 2671 3152 2725 Mihi
3194 2672 3510 2742 alienigena:

1943 2762 2104 2817 amici
2130 2761 2260 2816 facti
2290 2772 2437 2818 sunt.
2471 2782 2489 2814 ι
2529 2761 2654 2818 Haec
2703 2777 2866 2834 porro
2898 2763 3032 2832 ipsis
3060 2763 3240 2819 verbis
3269 2773 3322 2818 et
3363 2767 3512 2820 voci-

1943 2853 2046 2908 bus
2095 2851 2153 2907 in
2202 2867 2312 2908 cvu
2359 2854 2569 2924 psalmo
2616 2853 2760 2908 dicta
2794 2863 2942 2918 sunt,
2991 2854 3044 2907 in
3075 2870 3182 2924 quo
3212 2855 3509 2912 secundum

1942 2944 2451 3017 LXXInterpretes,
2517 2947 2724 3002 amicos
2787 2946 2880 3002 Dei
2921 2945 3135 3003 futuros
3181 2947 3508 3020 alienigenas

1949 3037 2007 3091 in
2035 3037 2300 3092 vaticinio
2343 3037 2538 3095 fertur.
2596 3038 2869 3108 Scriptum
2919 3041 3102 3109 itaque
3142 3046 3228 3094 est
3270 3040 3323 3094 in
3375 3039 3510 3095 illo:

271 3136 383 3180 σαν.
413 3143 433 3176 ι
462 3124 614 3177 Αὑτά
642 3125 698 3178 δὲ
729 3125 899 3179 ταῦτα
930 3131 1043 3190 τοῖς
1070 3128 1252 3192 αὐτοῖς
1284 3130 1512 3201 ῥήμασι,
1535 3133 1629 3184 καὶ
1659 3133 1842 3196 αὑταῖς

1951 3147 1972 3182 ι
2004 3130 2161 3185 Moab
2187 3130 2336 3186 lebes
2366 3131 2480 3200 spei
2509 3146 2661 3186 meae.
2700 3131 2756 3186 In
2785 3130 3068 3187 Idumaeam
3095 3132 3380 3187 extendam
3401 3133 3516 3187 cal-

269 3215 440 3282 λέξεσι
469 3217 566 3270 καὶ
592 3219 648 3269 ἐν
680 3217 755 3288 τῷ
785 3219 864 3288 ρξ’
894 3219 1107 3290 εἴρηται
1131 3221 1349 3293 ψαλμῷ,
1384 3224 1441 3275 ἐν
1479 3218 1523 3292 ᾧ
1570 3226 1662 3278 καὶ
1703 3227 1842 3280 κατά

269 3308 387 3371 τοὺς
444 3306 853 3379 Ἑϐδομήκοντα
889 3310 1154 3378 φιλιάσειν
1210 3311 1288 3382 τῷ
1318 3311 1436 3382 Θεῷ
1477 3314 1526 3366 oi
1559 3314 1841 3384 ἀλλόφυλοι

271 3397 638 3464 θεσπίξονται.
673 3402 982 3473 Γέγραπται
1003 3403 1131 3471 γοῦν
1159 3406 1250 3458 καὶ
1280 3406 1336 3458 ἐν
1362 3407 1575 3476 ἐκείνῳ·
1618 3425 1636 3458 ι
1669 3407 1842 3460 Μωάϐ

268 3490 426 3564 λέϐης
455 3489 561 3563 τῆς
591 3493 802 3554 ἐλπίδος
831 3512 950 3564 μου.
993 3497 1116 3549 Ἐπὶ
1138 3496 1234 3566 τὴν
1274 3498 1576 3568 Ἰδουμαίαν
1603 3499 1844 3554 ἐπιϐαλῶ

269 3583 327 3636 τὸ
351 3583 616 3654 ὑπόδημά
663 3601 782 3654 μου,
815 3587 937 3656 ἐμοὶ
991 3587 1277 3655 ἀλλόφυλοι
1325 3589 1628 3658 ἐφιλίασαν.
1667 3610 1684 3642 ι
1734 3591 1844 3644 Καὶ

270 3675 437 3730 ταῦτα
465 3672 570 3746 μὲν
587 3676 713 3748 περὶ
741 3675 847 3730 τῶν
868 3676 1177 3747 ἀλλοφύλων
1197 3679 1397 3749 διῆλθε.
1423 3681 1577 3734 Μετά
1595 3682 1652 3735 δὲ
1675 3682 1845 3736 ταῦτα

273 3769 332 3820 ἐκ
355 3763 656 3840 προσώπου
683 3769 776 3822 τοῦ
819 3770 1085 3824 Ἰουδαίων
1107 3771 1256 3844 ’λαοῦ
1286 3775 1318 3842 ἡ
1351 3775 1652 3845 προφητεία
1686 3775 1845 3829 πάλιν

271 3860 467 3930 ἐπάγει
523 3860 806 3931 φάσκουσα
827 3879 840 3892 ·
893 3881 910 3914 ι
963 3862 1095 3932 Οὐχὶ
1120 3865 1184 3916 σὺ
1209 3865 1237 3916 ὁ
1265 3864 1394 3928 Θεὸς
1434 3867 1462 3918 6
1489 3867 1846 3936 ἀπωσάμενος

273 3952 436 4021 ἡμᾶς,
475 3951 572 4004 καὶ
601 3951 699 4004 οὑκ
723 3951 978 4025 ὲξελεύσῃ
1011 3958 1068 4007 ὲν
1091 3958 1211 4018 ταῖς
1256 3955 1546 4026 δυνάμεσιν
1581 3957 1775 4027 ήμῶν;
1822 3976 1840 4008 ι

275 4044 339 4095 ’Δ
370 4042 436 4114 δὴ
463 4043 628 4112 ὅμοια
653 4041 845 4111 γένοιτ’
866 4042 931 4097 ἂν
951 4047 1062 4108 τοῖς
1093 4045 1233 4099 κατὰ
1264 4047 1360 4116 τὴν
1389 4048 1562 4120 ἀρχὴν
1593 4047 1847 4118 λελεγμέ-

273 4150 378 4198 νοις
423 4136 492 4187 ἐν
518 4133 596 4204 τῷ
621 4173 636 4195 ,
671 4152 689 4185 ι
735 4134 791 4187 '0
824 4134 973 4197 Θεὸς,
1030 4136 1235 4189 ἀπώσω
1265 4138 1411 4206 ἡμᾶς
1457 4137 1550 4190 καὶ
1603 4137 1848 4198 καθεῖλες

272 4224 416 4295 ἡμᾶς
437 4243 454 4256 ·
499 4244 516 4275 ι
544 4225 609 4277 δι’
637 4219 712 4278 ὧν
730 4225 916 4294 σαφῶς
943 4227 1167 4289 ἑαυτοὺς
1203 4227 1299 4296 μὲν
1330 4227 1608 4282 ἀπεῶσθαι
1630 4227 1847 4296 λέγουσι

273 4318 362 4369 καὶ
399 4316 821 4390 καθαιρεῖσθαι,
879 4319 953 4389 μὴ
1000 4319 1141 4390 ἔχειν
1183 4337 1243 4372 τε
1275 4321 1364 4372 τὸν
1389 4319 1521 4373 Θεὸν
1571 4319 1762 4391 βοηθὸν
1793 4321 1848 4371 ἐν

270 4412 388 4473 ταῖς
424 4410 642 4463 ἑαυτῶν
682 4411 972 4481 δυνάμεσι·
1004 4413 1129 4474 τοὺς
1169 4411 1224 4464 δὲ
1263 4410 1588 4480 ἀλλοφύλους
1621 4409 1847 4467 καθόλου

1945 3227 2288 3275 ceamentum
2340 3237 2556 3285 meum,
2614 3221 2746 3276 mihi
2801 3222 3116 3293 alienigenae
3171 3224 3332 3279 amici
3383 3223 3512 3283 facti

1946 3320 2074 3368 sunt
2105 3312 2144 3366 ‘.
2185 3331 2203 3363 ι
2238 3311 2303 3365 Et
2334 3312 2447 3367 haec
2472 3311 2689 3382 quidem
2735 3312 2804 3367 de
2852 3312 3169 3384 alienigenis
3217 3313 3510 3367 enarravit.

1949 3403 2064 3458 Sub
2095 3404 2209 3458 haec
2234 3412 2411 3458 autem
2457 3419 2522 3458 ex
2566 3418 2798 3473 persona
2827 3403 3038 3458 Iudaici
3072 3405 3254 3474 populi
3285 3405 3516 3474 prophe-

1946 3495 2019 3549 tia
2052 3507 2271 3548 rursum
2303 3492 2494 3561 adjicit
2527 3511 2540 3546 :
2576 3512 2594 3543 ι
2626 3491 2815 3546 Nonne
2848 3503 2903 3546 tu
2925 3533 2940 3554 ,
2974 3491 3119 3548 Deus
3144 3535 3159 3560 ,
3195 3493 3288 3564 qui
3311 3494 3514 3562 repuli-

1947 3586 2016 3638 sti
2047 3598 2148 3638 nos
2168 3623 2182 3646 ,
2215 3589 2270 3638 et
2298 3597 2406 3636 non
2436 3582 2732 3652 egredieris
2759 3583 2815 3636 in
2843 3581 3135 3639 virtutibus
3164 3583 3370 3638 nostris
3399 3584 3460 3636 "gl
3493 3603 3510 3636 ι

1947 3673 2080 3740 Quae
2124 3673 2322 3729 similia
2372 3680 2500 3729 sunt
2551 3673 2619 3728 iis
2664 3688 2784 3743 qua:
2831 3673 2900 3727 ab
2944 3672 3102 3728 initio
3151 3672 3297 3728 dicta
3343 3673 3514 3735 fuere,

1953 3782 1971 3814 ι
1997 3763 2164 3831 Deus,
2197 3763 2444 3834 repulisti
2465 3778 2565 3818 nos
2589 3773 2642 3818 et
2663 3763 2981 3818 destruxisti
3009 3778 3141 3819 nos:
3167 3783 3184 3815 ι
3209 3765 3367 3834 queis
3396 3781 3520 3835 per-

1947 3855 2136 3925 spicue
2165 3870 2224 3910 se
2255 3855 2502 3924 repulsos
2526 3862 2580 3909 et
2603 3854 2913 3914 destructos
2947 3854 3115 3910 fuisse
3145 3865 3388 3923 narrant,
3415 3873 3518 3912 nc-

1949 3961 2056 4015 que
2089 3943 2258 4000 Deum
2308 3945 2360 3998 in
2410 3944 2725 4008 virtutibus,
2777 3945 2890 3999 sive
2935 3945 2988 3998 in
3039 3947 3370 4002 exercitibus
3402 3947 3520 4002 suis

1949 4037 2300 4106 opitulantem
2357 4036 2557 4091 habere
2606 4054 2620 4090 :
2671 4035 3000 4106 alienigenas
3043 4050 3174 4091 vero
3219 4037 3519 4108 generatim

1949 4143 2140 4182 omnes
2169 4129 2375 4183 amicos
2403 4127 2497 4182 Dei
2522 4127 2744 4182 elIectos
2774 4141 2932 4192 esse;
2966 4125 3122 4182 Moab
3150 4143 3280 4183 vero
3309 4128 3522 4198 specia-

1951 4221 2046 4273 tim
2071 4221 2300 4275 lebetem
2328 4221 2443 4292 spei
2466 4220 2607 4290 ejus,
2647 4234 2742 4275 seu
2772 4220 3000 4275 lebetem
3033 4219 3233 4274 lavacri
3262 4220 3403 4288 ejus,
3435 4221 3520 4274 vel

1951 4310 2262 4366 securitatis
2283 4311 2581 4379 ejus‘esse;
2609 4309 3006 4378 Idumaeamque
3034 4309 3402 4368 calceamento
3424 4306 3520 4362 Dei

1951 4401 2226 4472 dignatam
2265 4402 2452 4458 fuisse.
2516 4401 2642 4456 Haec
2689 4400 3052 4456 illustratione
3084 4398 3320 4469 Spiritus
3351 4397 3521 4452 divini

276 4501 372 4570 μὲν
394 4501 611 4564 πάντας
634 4501 818 4570 φίλους
867 4501 1145 4569 γεγονέναι
1171 4500 1246 4571 τῷ
1272 4501 1388 4571 Θεῷ
1415 4540 1428 4564 ,
1481 4492 1622 4564 ἰδίως
1669 4501 1726 4554 δὲ
1757 4500 1842 4554 τὸν

1952 4493 2177 4548 edoctus
2202 4493 2369 4548 David
2393 4533 2408 4557 ,
2443 4493 2598 4562 quasi
2629 4508 2696 4546 ex
2722 4505 2953 4561 persona
2991 4489 3159 4544 totius
3187 4489 3406 4559 populi,
3437 4489 3523 4544 di-

273 4593 451 4648 Μωάϐ
484 4591 686 4662 λέϐητα
705 4591 868 4645 αὑτοῦ
896 4592 997 4662 τῆς
1022 4592 1232 4656 ἐλπίδος
1252 4631 1268 4656 ,
1301 4593 1334 4664 ἢ
1362 4591 1562 4662 λέϐητα
1590 4590 1684 4645 τοῦ
1727 4593 1849 4645 λου-

272 4684 401 4753 τροῦ
438 4683 628 4747 αὑτοῦ,
655 4683 687 4754 ἢ
723 4683 819 4755 τῆς
848 4683 1177 4755 ἀμεριμνίας
1210 4681 1373 4736 αὑτοῦ
1406 4681 1714 4752 γεγονέναι·
1752 4683 1849 4754 τὴν

273 4776 327 4829 δὲ
367 4775 677 4846 Ἰδουμαίαν
705 4775 796 4829 τοῦ
820 4776 1160 4847 ὑποδήματος
1185 4775 1278 4828 τοῦ
1303 4774 1437 4828 Θεοῦ
1461 4775 1846 4846 κατηξιῶσθαι.

276 4866 440 4918 Ταῦτ’
473 4862 567 4918 οὖν
593 4865 670 4935 τῷ
707 4865 982 4936 Πνεύματι
1010 4864 1088 4935 τῷ
1121 4865 1248 4936 θείῳ
1281 4865 1570 4934 φωτισθεὶς
1596 4867 1626 4918 6
1667 4865 1848 4928 Δαυῒδ,

277 4961 572 5012 κοινοποιεῖ
601 4957 688 5012 τὸν
710 4958 865 5026 λόγον
881 4957 956 5021 ὼς
984 4959 1048 5010 ἐκ
1072 4954 1358 5028 προσώπου
1387 4956 1480 5010 τοῦ
1503 4956 1701 5020 παντὸς
1722 4956 1850 5010 λαοῦ

278 5052 371 5104 καί
426 5068 622 5120 φησιν·
669 5069 686 5101 ι
738 5050 794 5103 Ὀ
824 5050 987 5113 Θεὸς,
1033 5048 1237 5103 ἀπώσω
1276 5049 1424 5121 ἡμᾶς
1477 5051 1572 5103 καὶ
1610 5048 1854 5112 καθεῖλες

279 5145 459 5214 ἡμᾶς·
491 5163 508 5194 ι
533 5143 587 5214 ἢ,
621 5143 761 5196 κατὰ
791 5143 882 5196 τὸν
914 5143 1235 5213 Σύμμαχον·
1269 5161 1288 5192 ι
1339 5142 1398 5195 '0
1412 5139 1851 5205 Θεὸς,ἀπεϐἀλου

277 5237 457 5304 ἡμᾶς,
490 5235 585 5288 καὶ
633 5235 885 5305 διέκοψας
929 5236 1108 5306 ἡμᾶς·
1154 5253 1172 5285 ι
1217 5232 1402 5302 σαφῶς
1445 5232 1712 5302 ἀποϐολὴν
1759 5231 1852 5284 καὶ

281 5321 571 5394 ἀποκοπὴν
591 5322 768 5376 αὑτῶν
792 5322 1054 5394 δηλώσας.
1082 5319 1190 5377 Εἶτ’
1215 5321 1473 5390 ἐπιλέγει·
1503 5340 1521 5373 ι
1546 5321 1849 5393 Ὠργίσθης,

1952 4587 2046 4650 cit,
2089 4604 2107 4636 ‹
2130 4585 2293 4641 Deus.
2318 4585 2563 4654 repulisti
2599 4598 2700 4638 nos
2734 4590 2786 4638 et
2809 4581 3131 4637 destruxisti
3161 4595 3296 4647 nos;
3329 4599 3348 4632 ι
3383 4581 3520 4643 sive,

1954 4677 2251 4732 secundum
2285 4675 2668 4747 Symmachum
2706 4694 2719 4727 :
2759 4693 2777 4725 ι
2810 4673 2974 4737 Deus,
3027 4671 3277 4741 abjecisti
3302 4687 3438 4734 nos,
3469 4682 3524 4726 et

1955 4768 2236 4824 abscidisti
2265 4783 2399 4831 nos,
2433 4786 2450 4818 ι
2487 4767 2846 4836 abjectionem
2890 4774 2945 4820 et
2977 4764 3368 4820 abscissionem
3403 4779 3521 4817 ma-

1955 4859 2152 4916 nil'este
2200 4860 2535 4930 significans.
2607 4858 3138 4929 Subjungitpostea,
3177 4874 3195 4907 ι
3234 4855 3411 4911 Iratus
3440 4872 3520 4918 es.

1957 4960 2012 5008 et
2056 4951 2313 5008 misertus
2358 4967 2420 5006 es
2465 4950 2656 5016 nobis;
2697 4969 2715 5001 ι
2763 4949 3061 5005 secundum
3092 4950 3342 5019 Aquilam
3372 4963 3558 5034 vero“

1965 5067 1984 5100 ι
2015 5047 2188 5104 Iratus
2226 5046 2465 5102 avertisti
2517 5060 2651 5111 nos;
2692 5064 2711 5097 ι
2761 5043 3062 5100 secundum
3113 5043 3522 5116 Symmachum.

1965 5159 1983 5190 ‹
2015 5138 2191 5193 Iratus
2215 5153 2295 5204 es,
2319 5143 2371 5190 et
2392 5135 2804 5190 circumduxisti
2831 5149 2965 5202 nos;
2987 5153 3006 5184 ι
3041 5134 3340 5197 secundum
3365 5133 3526 5202 quin-

1959 5239 2069 5284 tam
2099 5230 2414 5294 editionem,
2443 5227 2550 5280 «Ει
2578 5227 2992 5282 circumduxlsti
3030 5242 3187 5282 nos.»
3223 5225 3347 5280 Hac
3362 5239 3527 5294 porr»

1958 5329 2185 5376 eventus
2210 5334 2388 5375 rerum
2421 5320 2541 5389 plus
2573 5335 2732 5390 quam
2760 5320 2923 5374 verba
2955 5318 3218 5374 declarat.

281 5414 378 5467 καὶ
405 5413 746 5486 ᾡκτείρησας
769 5415 978 5487 ἡμᾶς’»
1018 5416 1156 5469 κατά
1187 5415 1243 5469 δέ
1270 5415 1363 5468 τὸν
1402 5415 1650 5480 Ἀκύλαν,
1675 5435 1694 5465 ι
1725 5414 2009 5486 Θυμωθεὶς
2036 5412 2402 5485 μετέστρεψας
2429 5413 2574 5484 ἡμᾶς
2593 5430 2640 5464 ·›
2663 5412 2800 5466 κατὰ
2827 5412 2882 5465 δὲ
2909 5411 3000 5464 τὸν
3025 5409 3335 5479 Σύμμαχον,
3365 5421 3382 5452 ε
3415 5404 3526 5472 Ὠρ-

282 5509 502 5579 γισθης,
565 5511 657 5563 καὶ
723 5511 1053 5581 περιήγαγες
1117 5511 1293 5581 ἡμᾶς·
1335 5529 1352 5560 ι
1395 5509 1532 5562 κατά
1574 5509 1629 5562 δὲ
1671 5510 1768 5580 τὴν
1813 5509 2067 5581 πέμπτην
2131 5508 2358 5571 ἔκδοσιν,
2395 5526 2414 5560 1
2462 5508 2570 5561 Καὶ
2605 5509 2939 5578 περιήγαγες
2977 5505 3144 5574 ἡμᾶς.
3183 5519 3201 5552 ι
3246 5495 3431 5551 Ταῦτα
3469 5498 3527 5552 δὲ

289 5603 492 5673 μᾶλλον
523 5604 628 5657 τῶν
651 5603 820 5672 λόγων
847 5607 880 5676 ή
909 5605 1017 5658 τῶν
1048 5604 1384 5675 πραγμάτων
1430 5603 1650 5666 ἔκϐασις
1688 5603 2001 5676 παρίστησι.

369 5784 393 5814 ⁸
427 5784 566 5844 Psal.
602 5802 741 5848 cvn,
781 5786 864 5842 I0.
943 5789 964 5818 ⁸
1005 5786 1136 5842 ibiil.
1175 5786 1261 5842 ιε.
