4024 6210
462 404 567 460 559

1126 391 1392 451 EUSEBll
1430 383 1907 446 CESARIENSIS
1955 381 2105 440 OPP.
2150 381 2331 440 PARS
2364 381 2452 438 l‘ll.
2499 413 2567 421 —
2605 375 3017 436 EXEGETICA.

3590 368 3698 425 560

531 521 659 575 Post
671 516 965 572 Salvatoris
985 516 1163 585 itaque
1184 512 1356 567 nostri
1380 511 1690 569 adventmn,
1707 507 1923 580 quando
1945 505 2021 558 in-

2192 504 2344 560 Μετὰ
2394 503 2524 573 γοῦν
2576 503 2673 572 τὴν
2730 499 2822 554 τοῦ
2883 497 3133 568 Σωτῆρος
3182 493 3341 566 ημῶν
3392 492 3701 564 παρουσίαν

460 612 599 666 vasit
626 624 720 664 eos
753 608 829 660 ira
858 607 914 661 in
944 605 1124 669 finem,
1154 603 1267 658 hzec
1285 604 1468 657 omnia
1492 602 1658 671 passi,
1683 599 1906 669 repulsi,
1938 598 2026 650 de-

460 702 652 762 structi
671 699 937 769 etali'jecti
967 704 1125 762 sunt;
1153 694 1381 751 abscissi
1412 693 1538 748 item
1563 699 1614 747 et
1643 688 2021 753 circumducti,

461 797 516 850 in
545 805 840 860 omnesque
889 797 1074 858 gentes
1105 784 1359 854 dispersi.
1390 780 1498 836 Sed
1529 781 1714 847 etiam,
1739 797 1760 830 ‹
1780 793 2025 833 commo-

460 881 607 942 visti,
648 877 840 946 inquit,
867 882 1068 929 terram
1105 882 1154 927 et
1199 870 1534 926 conturbasti
1553 883 1694 931 eam,
1737 866 1866 937 quia
1899 881 2028 920 sex-

461 980 617 1026 centa
643 969 714 1023 ibi
742 965 1140 1031 malainerant;
1166 963 1218 1017 in
1253 972 1396 1017 terra
1428 962 1550 1014 dico
1575 975 1786 1022 eorum,
1817 958 2028 1013 scilicet

461 1063 781 1125 Jerusalem,
815 1059 906 1114 ubi
938 1058 1087 1128 regia
1119 1064 1170 1111 et
1201 1054 1600 1116 sanctuarium,
1632 1053 1724 1106 ubi
1759 1053 1941 1106 omnia
1970 1051 2026 1105 in

463 1158 576 1226 lege
602 1151 909 1210 veneranda
937 1147 1420 1218 persolvebantur:
1453 1144 1568 1200 sive
1611 1143 1775 1198 etiam
1830 1144 1882 1197 in
1915 1149 2026 1196 tota

462 1246 676 1297 illorum
721 1241 976 1311 regione;
1020 1239 1134 1292 sive
1163 1238 1218 1291 in
1265 1235 1554 1289 animabus
1583 1248 1772 1288 eorum
1822 1232 2029 1300 tropice

465 1347 608 1391 terra
633 1333 980 1403 nuncupatis.
1011 1329 1142 1396 Quae
1169 1328 1350 1383 omnia
1381 1325 1672 1382 confertim
1697 1324 1767 1379 ob
1785 1321 2028 1392 improha

464 1444 650 1483 eorum
686 1425 947 1489 facinora,
975 1428 1246 1476 commota
1271 1428 1324 1475 et
1347 1419 1670 1475 conturbata
1700 1425 1849 1470 sunt.
1878 1415 2032 1468 Atta-

466 1536 587 1574 men
616 1525 769 1588 rogat
800 1515 1069 1585 Propheta
1113 1513 1166 1567 in
1204 1511 1560 1582 sequentibus
1591 1527 1604 1563 :
1644 1527 1662 1558 ι
1699 1507 1844 1561 Sana
1899 1520 2033 1560 con-

467 1610 716 1663 tritiones
738 1607 876 1675 ejus,
915 1605 1040 1674 quia
1069 1613 1340 1657 commota
1365 1607 1467 1654 est.
1505 1615 1524 1649 l
1560 1597 1602 1650 Α
1627 1595 1848 1666 proprio
1875 1608 2032 1648 nam-

467 1717 572 1771 que
603 1702 720 1754 loco
751 1706 804 1753 et
850 1698 958 1752 situ
1002 1702 1277 1750 commota
1339 1699 1395 1746 et
1446 1703 1716 1744 concussa
1776 1685 2030 1757 praedicta

469 1805 635 1851 terra,
661 1788 1080 1846 contritionibus
1131 1793 1186 1840 et
1221 1783 1394 1838 ruina:
1424 1780 1664 1834 suberat.
1714 1778 1893 1846 Quare
1929 1779 2032 1833 sub

473 1888 587 1938 haec
615 1883 876 1937 additur:
917 1898 936 1930 ι
985 1874 1284 1934 Ostendisti
1345 1873 1544 1945 populo
1577 1879 1670 1926 tuo
1705 1871 1880 1924 dura:
1922 1889 1940 1923 ι
1979 1879 2032 1924 ct

469 1978 596 2029 vino
651 1969 1089 2041 compunctionis
1143 1973 1294 2037 potat
1350 1966 1508 2030 illos;
1557 1964 1672 2019 sive
1732 1960 2031 2017 secundum

469 2067 743 2137 Aquilam,
778 2083 796 2115 ι
835 2064 958 2116 vino
993 2060 1241 2131 soporis;
1278 2077 1297 2110 ι
1348 2058 1466 2112 sive
1521 2055 1822 2111 secundum
1878 2052 2037 2126 Sym-

472 2159 743 2220 machum,
799 2173 818 2206 ι
857 2155 983 2209 vino
1039 2149 1374 2221 iactationis.
1414 2167 1433 2200 ι
1491 2147 1568 2204 Ac
1627 2146 1810 2202 dicere
1867 2146 2034 2207 licet,

472 2249 778 2302 divinarum
840 2242 1246 2313 Scripturarum
1300 2236 1548 2304 verbum,
1601 2250 1711 2306 quo
1748 2249 1936 2290 eorum
1984 2234 2036 2287 in

471 2340 748 2394 Christum
805 2334 1159 2390 incredulitas
1217 2330 1485 2402 arguitur,
1518 2329 1706 2384 vinum
1733 2342 1857 2382 esse
1889 2340 2037 2381 com-

475 2430 802 2502 punctionis,
837 2443 1025 2483 eorum
1070 2422 1404 2478 conscientia
1455 2435 1553 2492 per
1599 2419 1912 2491 prophetias
1973 2419 2041 2473 de

471 2522 712 2585 Christo,
758 2534 966 2575 necnon
1020 2533 1115 2588 per
1154 2521 1475 2586 praesentem
1527 2528 1710 2568 rerum
1772 2511 2042 2567 conditio-

475 2631 597 2672 nem
630 2653 646 2678 ,
701 2628 763 2667 ac
809 2627 902 2682 per
951 2610 1364 2665 conversionem
1423 2605 1659 2676 gentium
1716 2612 2042 2671 compuncta

475 2719 528 2765 et
553 2707 856 2762 vulnerata.
891 2702 1016 2758 Ilazc
1043 2703 1266 2773 quippe,
1329 2699 1543 2756 etiamsi
1588 2713 1697 2753 non
1758 2695 1926 2750 fucati
1960 2694 2042 2748 vi-

475 2802 702 2855 deantur
720 2812 862 2863 esse,
889 2810 1078 2850 eorum
1097 2793 1487 2849 conscientiam
1519 2794 1788 2860 pungunt,
1816 2785 2038 2851 feriunt,

475 2899 530 2946 ct
563 2893 627 2946 ad
657 2903 879 2945 sensum
920 2902 1034 2941 suae
1085 2901 1213 2955 erga
1267 2883 1602 2938 Salvatorem
1633 2889 1688 2936 et
1746 2879 2039 2934 Dominum

480 2992 725 3038 nostrum
757 2978 1094 3034 infidelitatis
1149 2975 1447 3029 adducunt.
1502 2971 1609 3026 Sed
1659 2969 1769 3025 illis
1823 2970 2041 3040 quidem

481 3075 595 3128 tunc
619 3079 877 3127 eventura
905 3083 1029 3123 esse
1074 3066 1425 3137 vaticinatur.
1474 3064 1546 3120 lis
1592 3070 1776 3117 autem
1827 3064 1920 3133 qui
1973 3060 2040 3115 ad

479 3165 756 3218 Christum
785 3160 879 3215 Dei
913 3159 1254 3222 conventuri,
1301 3158 1528 3228 ejusque
1565 3156 1794 3211 salutem
1852 3169 2043 3210 susce—
2068 3194 2116 3257 Ο

484 3255 626 3329 pturi
651 3262 796 3318 sunt,
844 3253 959 3307 hmc
1009 3261 1197 3321 postea
1253 3249 1588 3304 annuntiat:
1622 3265 1642 3300 ι
1680 3245 1883 3302 Dedisti
1925 3261 2039 3300 me--

484 3347 763 3404 tuentibus
793 3354 845 3401 te
868 3343 1340 3414 significationem,
1396 3348 1456 3395 ut
1483 3339 1692 3411 fugiant
1725 3355 1755 3392 a
1782 3338 1921 3393 facie
1962 3352 2048 3392 ar-

484 3453 622 3506 cus;
651 3456 670 3490 ι
703 3435 1000 3493 secundum
1032 3431 1281 3503 Aquilam
1313 3445 1461 3495 vero,
1513 3447 1532 3480 ε
1575 3427 1780 3483 Dedisti
1802 3437 2047 3482 metuen-

483 3533 630 3588 tibus
656 3538 709 3585 te
736 3531 973 3598 signum,
1003 3531 1064 3578 ut
1085 3521 1509 3594 significentura
1531 3520 1667 3574 facie
1695 3518 1999 3582 firmitatis;
2023 3536 2041 3568 ι

485 3622 784 3679 secundum
813 3615 1200 3692 Symmachum
1227 3623 1431 3677 autem,
1471 3631 1491 3664 ‹
1529 3611 1736 3667 Dedisti
1759 3610 2050 3666 metuenti-

486 3716 588 3769 bus
612 3721 664 3767 te
698 3713 936 3782 signum,
960 3717 1020 3762 ut
1064 3706 1272 3778 fugiant
1306 3720 1336 3758 a
1366 3704 1503 3760 facie
1547 3704 1890 3776 sagittarum.
1935 3721 1954 3753 ι
1992 3700 2049 3755 Si

488 3807 588 3868 illi,
617 3803 684 3856 de
710 3803 907 3872 quibus
933 3800 1208 3870 superius,
1243 3800 1348 3854 hoc
1370 3800 1524 3869 signo
1560 3797 1731 3851 notati
1795 3796 2048 3857 fuissent,

489 3909 595 3948 non
626 3891 941 3960 repellendi,
980 3904 1080 3944 nec
1128 3889 1467 3950 destruendi,
1517 3903 1617 3943 nec
1670 3889 1764 3942 ine
1800 3886 2048 3941 tradendi

488 3993 664 4038 erant.
701 3981 808 4035 Sed
835 3983 960 4051 quia
997 3981 1212 4050 signum
1249 3979 1380 4034 illud
1416 3980 1654 4035 salutare
1685 3985 1928 4048 recipere
1954 3993 2053 4031 no-

491 4074 729 4134 luerunt,
758 4072 879 4137 jure
913 4071 968 4124 in
999 4070 1112 4124 haec
1137 4071 1464 4124 inciderunt.
1498 4071 1566 4123 At
1595 4071 1688 4140 qui
1720 4071 1914 4124 timent
1949 4067 2055 4122 Do-

491 4163 720 4226 minum,
755 4162 858 4231 (sic
879 4176 975 4216 eos
1003 4161 1095 4230 qui
1129 4161 1358 4216 credunt
1407 4177 1474 4216 ex
1524 4161 1796 4232 gentibus,
1833 4170 1892 4216 ut
1941 4161 2055 4233 ple-

491 4268 723 4324 rumque
747 4252 1264 4318 demonstravimus,
1325 4252 1606 4323 Scriptura
1638 4255 1778 4309 solet
1808 4255 2052 4325 appella-

494 4351 596 4417 re.)
623 4354 844 4416 accepto
861 4345 1038 4416 signo,
1064 4345 1267 4414 illoque
1286 4345 1392 4407 usi,
1420 4361 1481 4400 ac
1498 4345 1555 4399 in
1577 4346 1728 4400 vultu
1755 4346 2052 4418 obsignati,

495 4442 670 4495 locum
702 4438 1023 4493 invenerunt
1057 4435 1296 4507 fugiendi
1327 4452 1357 4489 a
1385 4436 1522 4492 facie
1549 4452 1732 4500 arcus,
1766 4439 1915 4494 nullo
1944 4441 2058 4510 spio

2127 597 2302 651 πάντα
2352 593 2520 649 ταῦτα
2555 591 2914 654 πεπόνθασιν,
2969 590 3057 642 ὅτε
3112 586 3343 657 ἔφθασεν
3387 585 3472 638 ἐπ’
3503 584 3703 647 αὐτοὺς

2124 687 2261 760 ὀργὴ
2288 686 2367 748 είς
2397 684 2566 747 τέλος,
2595 679 2924 749 άπώσθησάν
2953 695 3013 732 τε
3059 678 3151 731 καὶ
3184 674 3566 746 καθῃρέθησαν
3605 673 3705 726 καὶ

2126 778 2541 850 ἀπεϐλήθησαν·
2579 772 2904 844 διεκόπησάν
2937 787 3000 823 τε
3040 769 3132 823 καὶ
3174 765 3548 838 περιήχθησαν
3581 764 3704 817 δια-

2129 869 2545 943 σκορπισθέντες
2593 868 2674 930 εἰς
2706 865 2881 918 πάντα
2913 861 2980 916 τὰ
3012 861 3160 931 ἔθνη.
3199 859 3357 914 Ἀλλὰ
3391 859 3484 913 καὶ
3517 876 3536 909 ι
3577 873 3703 910 συν-

2129 966 2365 1027 έσεισας,
2396 960 2546 1031 φησι,
2577 957 2675 1028 τὴν
2696 958 2819 1027 γῆν,
2849 955 2942 1009 καὶ
2964 950 3332 1024 συνετάραξας
3353 951 3546 1021 αὐτὴν,
3575 968 3592 999 ι
3615 949 3706 1002 διὰ

2127 1057 2186 1110 τὸ
2220 1053 2390 1127 μυρία
2423 1051 2566 1106 κακὰ
2597 1052 2652 1103 ἐν
2676 1049 2812 1120 αὐτῇ
2833 1045 3142 1116 γίγνεσθαι·
3173 1043 3314 1112 λέγω
3341 1042 3398 1096 δὲ
3421 1045 3488 1113 τῇ
3523 1041 3706 1093 αὐτῶν

2128 1155 2220 1223 γῇ,
2257 1153 2373 1223 ἤτοι
2406 1153 2471 1221 τῇ
2510 1144 2875 1218 Ἰερουσαλὴμ,
2909 1146 2966 1197 ἐν
3064 1142 3155 1195 καὶ
3186 1140 3246 1192 τὸ
3281 1138 3572 1210 βασίλειον,
3609 1135 3708 1189 καὶ

2128 1243 2188 1296 τὸ
2217 1241 2483 1310 ἁγίασμα,
2509 1237 2602 1292 καὶ
2635 1236 2808 1290 πάντα
2836 1234 2902 1287 τὰ
2931 1231 3104 1303 σεμνὰ
3136 1229 3229 1284 τοῦ
3273 1230 3436 1300 νόμου
3483 1244 3706 1280 συνετεο

2129 1334 2296 1388 λεῖτοο
2324 1332 2356 1404 ἢ
2389 1332 2483 1386 καὶ
2526 1331 2674 1404 πάσῃ
2705 1327 2883 1382 αὐτῶν
2915 1329 2982 1398 τῇ
3009 1323 3181 1396 χώρα,
3219 1324 3252 1393 ἢ
3295 1324 3386 1376 καὶ
3432 1323 3555 1384 ταῖς
3599 1321 3709 1390 ψυ-

2129 1431 2250 1500 χαῖς
2272 1427 2446 1480 αὐτῶν
2468 1424 2741 1497 τροπικῶς
2761 1421 2860 1492 γῆν
2877 1417 3306 1489 ὠνομασμέναις.
3341 1417 3408 1468 Ἀ
3439 1415 3504 1486 δὴ
3529 1415 3707 1468 πάντα

2130 1521 2340 1593 ἀθρόως
2365 1519 2453 1572 διὰ
2478 1518 2575 1581 τὰς
2603 1515 2950 1588 παρανόμους
2978 1511 3156 1565 αὐτῶν
3203 1509 3429 1580 πράξεις
3465 1506 3706 1560 συνεσεί-

2133 1612 2234 1682 σθη
2267 1611 2359 1665 καὶ
2389 1606 2786 1680 συνεταράχθη.
2825 1606 3014 1675 Ὅμως
3044 1602 3089 1655 δ’
3129 1597 3219 1655 οὖν
3262 1597 3496 1653 ἱκετεύει
3520 1600 3546 1651 ό
3573 1607 3709 1670 προ-

2133 1705 2306 1773 φήτης
2337 1700 2508 1770 λέγων
2543 1698 2688 1768 ἑξῆς·
2726 1716 2744 1745 ι
2785 1697 2960 1748 Ἴασαι
2991 1691 3058 1746 τὰ
3094 1689 3476 1761 συντρίμματα
3516 1688 3706 1756 αὐτῆς,

2133 1796 2211 1847 ὅτι
2234 1791 2478 1862 ἐκινήθη.
2514 1809 2531 1840 ι
2565 1786 2858 1858 Κινηθεϊσα
2887 1783 2994 1855 γάρ
3026 1783 3120 1836 καὶ
3157 1779 3478 1834 σαλευθεῖσα
3507 1781 3607 1848 τῆς
3633 1780 3714 1830 οἱ·

2135 1883 2286 1946 κείας
2320 1880 2482 1952 μονῆς
2505 1877 2598 1932 καὶ
2628 1875 2914 1945 στάσεωςή
2945 1871 3302 1945 προλεχθεῖσα
3330 1870 3420 1938 γῆ,
3444 1867 3714 1938 συντρίμ-

2138 1993 2282 2048 ματα
2313 1974 2406 2028 καὶ
2431 1972 2754 2043 κατάγματα
2784 1968 3069 2038 ἐκτήσατο.
3120 1963 3315 2034 Διόπερ
3358 1960 3486 2031 ἑξῆς
3524 1960 3714 2013 ἐπιλέ-

2135 2085 2289 2136 γεται
2309 2082 2322 2094 ·
2365 2085 2383 2117 t
2413 2063 2660 2129 Ἐδειξας
2685 2060 2762 2131 τῷ
2788 2058 2903 2130 λαῷ
2925 2075 3016 2111 σου
3040 2054 3251 2128 σκληρά
3273 2072 3286 2086 ·
3327 2073 3346 2106 ›
3379 2053 3475 2107 καὶ
3502 2051 3716 2116 ποτίζει

2135 2159 2190 2211 δὲ
2223 2157 2416 2220 αὐτοὺς
2447 2151 2586 2210 οἶνον
2633 2151 2969 2218 κατανύξεως
2987 2168 3002 2184 ο
3055 2150 3112 2222 ἢ,
3143 2147 3283 2202 κατὰ
3308 2147 3399 2201 τὸν
3441 2144 3676 2198 Ἀκύλαν
3694 2181 3713 2206 ,

2145 2273 2162 2304 ι
2197 2247 2336 2304 οἶνον
2356 2247 2678 2320 καρώσεως·
2722 2265 2740 2298 ι
2769 2244 2826 2315 ἢ,
2859 2242 2999 2297 κατὰ
3027 2241 3117 2296 τὸν
3144 2240 3465 2312 Σύμμαχον,
3509 2258 3528 2291 ι
3569 2235 3717 2292 οἶνον

2141 2343 2321 2397 σάλου.
2357 2361 2375 2393 ι
2410 2341 2517 2392 Καὶ
2543 2338 2657 2392 ἔστι
2686 2355 2748 2406 γε
2773 2337 2944 2390 εἰπεῖν
2976 2335 3065 2388 τὸν
3091 2333 3198 2387 άπὸ
3226 2333 3333 2386 τῶν
3378 2333 3537 2386 θείων
3571 2333 3614 2383 Γ
3617 2348 3716 2402 ρα-

2140 2435 2254 2504 φῶν
2281 2433 2437 2502 λόγον
2462 2473 2477 2495 ,
2503 2431 2811 2500 ἐλεγκτικὸν
2843 2431 2970 2483 ὄντα
2993 2425 3167 2481 αὐτῶν
3193 2427 3291 2496 τῆς
3335 2425 3416 2487 είς
3445 2425 3538 2476 τὸν
3571 2425 3715 2494 Χρι-

2142 2523 2263 2577 στὸν
2292 2522 2384 2576 τοῦ
2413 2520 2548 2576 Θεοῦ
2574 2521 2849 2584 ἀπιστίας,
2879 2516 3019 2573 οἶνον
3047 2517 3311 2589 ὑπάρχειν
3341 2515 3712 2578 κατανύξεως,

2140 2613 2469 2684 νυττομένης
2481 2611 2657 2666 αὐτῶν
2673 2610 2768 2664 καὶ
2783 2608 3221 2680 τιτρωσκομένης
3237 2607 3335 2678 τῆς
3353 2605 3720 2676 συνειδήσεως

2141 2705 2248 2758 ἀπὸ
2274 2703 2383 2759 τῶν
2430 2705 2559 2776 περὶ
2587 2702 2680 2756 τοῦ
2735 2703 2986 2772 Σωτῆρος
3024 2697 3398 2770 προφητειῶνο
3432 2696 3494 2761 ἐξ
3529 2697 3720 2749 αὐτῶν

2141 2813 2201 2850 τε
2228 2797 2336 2850 τῶν
2387 2796 2744 2868 περιεχόντων
2783 2793 2979 2856 αὐτοὺς
3021 2791 3356 2864 πραγμάτων
3389 2789 3482 2843 καὶ
3511 2790 3574 2840 ἐκ
3615 2788 3720 2860 τῆς

2141 2891 2248 2945 τῶν
2276 2890 2442 2942 ἐθνῶν
2458 2889 2812 2962 ἐπιστροφῆς.
2836 2887 3021 2941 Ταῦτα
3041 2886 3169 2957 γὰρ,
3197 2883 3297 2937 κᾶν
3319 2881 3720 2954 άπροσποίητο.

2144 2979 2282 3039 εἶναι
2303 2984 2552 3046 δοκῶσιν,
2583 2983 2730 3054 ὅμως
2744 2981 2842 3052 τὴν
2872 2979 3171 3050 συνείδησιν
3191 2975 3370 3031 αὐτῶν
3395 2974 3719 3048 τιτρώσκει,

2145 3078 2446 3149 πλήττοντα
2478 3077 2572 3129 καὶ
2606 3077 2682 3137 είς
2709 3073 3052 3144 συναίσθησιν
3074 3070 3269 3133 αὐτοὺς
3295 3069 3498 3137 ἄγοντα
3517 3068 3620 3138 τῆς
3641 3069 3725 3132 εἰς

2145 3171 2234 3224 τὸν
2263 3171 2492 3242 Σωτῆρα
2519 3167 2614 3221 καὶ
2644 3165 2845 3239 Κύριον
2875 3163 3028 3235 ἡμῶν
3056 3161 3330 3224 ἀπιστίας.
3389 3158 3531 3212 Ἀλλ’
3575 3160 3724 3212 ἐκεί-

2147 3279 2258 3325 νοις
2297 3261 2392 3330 μὲν
2441 3260 2666 3314 τοιαῦτα
2694 3257 2903 3329 μέλλειν
2933 3253 3149 3307 ἔσεσθαι
3175 3251 3439 3316 θεσπίζει.
3486 3250 3630 3314 Τοὺς
3664 3250 3723 3303 δὲ

2151 3350 2438 3422 μέλλοντας
2460 3347 2811 3421 προστρέχειν
2841 3345 2917 3416 τῷ
2945 3343 3164 3416 Χριστῷ
3188 3342 3281 3397 τοῦ
3311 3341 3467 3408 Θεοῦ,
3506 3343 3602 3395 καὶ
3628 3343 3728 3412 τὴν

2148 3443 2215 3496 δι’
2236 3441 2398 3495 αὑτοῦ
2422 3441 2688 3512 σωτηρίαν
2719 3436 3136 3510 παραδέχεσθαι,
3157 3434 3573 3504 εὐαγγελίζεται
3599 3435 3728 3505 ἑξῆς

2149 3534 2352 3604 λέγων’
2401 3552 2419 3584 ι
2459 3532 2701 3595 Ἕδωκας
2741 3534 2850 3595 τοῖς
2898 3527 3252 3600 φοϐουμένοις
3306 3545 3364 3580 σε
3418 3529 3729 3599 σημείωσιν

2149 3627 2242 3680 τοῦ
2269 3628 2457 3696 φυγεῖν
2482 3623 2588 3678 ἀπὸ
2617 3623 2904 3696 προσώπου
2924 3620 3098 3687 τόξου.
3121 3640 3140 3673 ι
3176 3619 3332 3675 Κατά
3358 3619 3414 3673 δὲ
3441 3620 3538 3674 τόν
3567 3619 3731 3673 Ἀκύ-

2150 3719 2274 3771 λαν·
2314 3736 2331 3768 ‹
2377 3715 2620 3778 Ἐδωκας
2647 3754 2661 3778 ,
2698 3712 2829 3782 φησί⁹
2851 3751 2866 3777 ,
2912 3714 3023 3776 τοῖς
3053 3709 3405 3782 φοϐουμένοις
3432 3724 3496 3761 σε
3524 3707 3731 3776 σύσση-

2157 3825 2275 3879 μον,
2300 3805 2392 3860 τοῦ
2421 3803 2770 3876 σημειοῦσθαι
2803 3801 2910 3857 ἀπὸ
2943 3801 3233 3872 προσώπου
3262 3799 3608 3871 βεϐαιότητος
3631 3817 3646 3830 ·
3697 3815 3722 3852 ι

2155 3901 2292 3954 κατὰ
2314 3899 2370 3952 δὲ
2398 3898 2487 3950 τὸν
2522 3895 2838 3966 Σύμμαχονο
2881 3915 2900 3946 ι
2939 3895 3186 3956 Ἔδωκας
3209 3897 3321 3956 τοῖς
3367 3893 3729 3963 φοϐουμένοις

2157 4009 2216 4045 σε
2242 3994 2482 4062 σημεῖον,
2515 3989 2594 4050 εἰς
2616 3987 2676 4040 τὸ
2701 3989 2955 4056 ἐκφυγεῖν
2982 3987 3088 4039 ἀπὸ
3128 3988 3420 4057 προσώπου
3453 3984 3728 4056 τοξεύμα-

2153 4101 2265 4147 τος.
2304 4102 2322 4134 ι
2357 4084 2419 4135 El
2446 4083 2544 4152 μὲν
2569 4076 2660 4134 οὖν
2684 4075 2823 4150 ἦσαν
2855 4079 2947 4132 καὶ
2964 4080 3013 4130 oi
3035 4078 3122 4131 διὰ
3150 4077 3257 4130 τῶν
3300 4077 3613 4150 ἔμπροσθεν
3640 4075 3732 4129 δε-

2155 4172 2449 4244 δηλωμένοι
2475 4170 2549 4240 τῷ
2583 4169 2791 4240 σημείῳ
2812 4167 3004 4236 τούτῳ,
3031 4166 3130 4218 οὐκ
3152 4165 3216 4218 ἂν
3234 4163 3591 4232 άπιὶισθησαν,
3618 4159 3731 4216 οὐδ’

2158 4270 2224 4323 ἂν
2252 4264 2654 4337 καθῃρέθησαν,
2685 4261 2791 4316 οὐδ’
2814 4260 2878 4315 ἂν
2907 4263 2971 4331 τῇ
2999 4259 3135 4330 ὀργῇ
3168 4258 3543 4329 παρεδόθησαν
3562 4275 3578 4289 ·
3610 4255 3730 4312 ἀλλ’

2158 4360 2278 4413 ἐπεὶ
2307 4358 2380 4430 μὴ
2406 4353 2779 4427 ἠϐουλήθησαν
2810 4351 3202 4417 καταδέξασθαι
3237 4349 3296 4402 τὸ
3327 4352 3592 4420 σωτήριον
3631 4365 3734 4419 ση-

2165 4453 2333 4523 μεῖον,
2381 4446 2599 4511 εἰκότως
2623 4445 2830 4508 τούτοις
2880 4441 3380 4515 περιπεπτωκασιν.
3433 4443 3499 4494 Oi
3559 4443 3619 4496 δέ
3665 4459 3733 4510 γε

499 4530 774 4585 ritualium
802 4539 856 4585 et
879 4529 1233 4585 invisibilium
1286 4528 1628 4583 inimicorum
1674 4530 1844 4600 ipsos,
1881 4531 1950 4586 ob
1981 4531 2045 4586 si-

2162 4539 2479 4613 φοϐούμενοι
2500 4538 2592 4592 τὸν
2616 4537 2816 4608 Κύριον
2845 4534 3005 4605 (οὕτω
3031 4533 3088 4587 δέ
3117 4532 3274 4587 εἴωθε
3303 4533 3486 4586 καλεῖν
3517 4536 3544 4587 ό
3573 4533 3735 4602 λόγος

499 4636 662 4691 gnum
685 4635 809 4675 cum
831 4621 938 4673 illis
957 4631 1070 4674 tum
1093 4619 1332 4688 antiquis
1350 4619 1602 4684 inditum,
1621 4619 1784 4677 ferire
1799 4623 2053 4679 audente.

500 4712 712 4783 Moyses
768 4711 1036 4781 siquidem
1081 4711 1367 4765 domorum
1402 4710 1586 4765 limina
1642 4714 1906 4782 sanguine
1936 4714 2060 4785 agni

503 4802 776 4871 paSt'ballS
803 4801 1078 4870 obsignari
1106 4799 1364 4855 lsraelitis
1390 4803 1662 4871 praecepit,
1711 4813 1769 4858 ut
1799 4808 2058 4860 extermi-

502 4900 662 4945 natur
690 4898 1025 4945 averteretur
1051 4890 1092 4944 ⁸.
1131 4888 1185 4944 lu
1214 4889 1496 4946 Ezechiele
1535 4892 1742 4959 itidem,
1766 4909 1889 4948 cum
1911 4912 2060 4950 ever-

504 4981 666 5036 tenda
690 4983 821 5036 urbs
844 4989 1009 5044 esset,
1031 4981 1236 5036 dixisse
1256 4982 1514 5036 scribitur
1546 4981 1685 5037 Deus
1715 4983 1786 5047 ei,
1816 4987 1907 5054 qui
1934 4996 2064 5041 tunc

506 5075 767 5146 temporis
797 5074 995 5144 podere
1024 5075 1349 5129 induebatur
1378 5094 1390 5129 :
1431 5093 1450 5126 ι
1480 5073 1676 5129 Transi
1712 5091 1807 5146 per
1830 5077 2062 5133 mediam

507 5167 778 5221 civitatem
806 5163 1128 5230 Jerusalem,
1169 5174 1226 5219 et
1250 5165 1321 5220 da
1352 5166 1507 5237 signa
1531 5182 1696 5237 super
1731 5168 1938 5226 frontes
1986 5172 2065 5224 vi-

507 5273 692 5314 rerum
713 5257 1057 5333 gementium
1082 5264 1135 5310 et
1161 5257 1456 5311 dolentium
1501 5271 1667 5328 super
1715 5262 1929 5317 cunctis
1963 5263 2067 5317 ini-

510 5351 808 5423 quitatibus
836 5364 957 5420 qua:
1009 5348 1142 5402 fiunt
1171 5348 1227 5402 in
1259 5347 1437 5402 medio
1467 5349 1708 5418 ipsorum
1734 5352 1776 5406 '.
1819 5371 1837 5404 ι
1871 5351 2071 5408 Deinde

512 5445 633 5499 aliis
665 5445 866 5498 dicitur
891 5461 904 5496 :
930 5461 948 5492 ‹
976 5439 1052 5495 Ite
1083 5441 1137 5494 in
1166 5439 1440 5493 civitatem
1461 5449 1584 5511 post
1606 5458 1753 5510 eum,
1785 5455 1838 5498 et
1871 5458 2066 5513 percu-

510 5539 607 5591 tite
633 5557 646 5591 :
682 5552 746 5590 ne
777 5534 1012 5605 parcatis
1041 5534 1215 5587 oculis
1239 5532 1454 5597 vestris,
1480 5549 1657 5604 neque
1706 5537 2070 5592 misereamini

513 5647 697 5684 senem
725 5641 778 5684 et
812 5631 1232 5692 adolescentem,
1278 5627 1556 5698 parvulos,
1608 5637 1660 5685 et
1697 5631 1984 5701 virginem,
2016 5645 2070 5688 et

587 5806 608 5836 ⁸
635 5807 802 5863 Exod.
843 5825 937 5877 xu,
989 5811 1039 5870 7.
1113 5810 1347 5867 'Ezcch.
1392 5825 1466 5880 ιι,
1503 5812 1556 5869 4.

2159 4637 2284 4700 τοὺς
2303 4634 2360 4701 ἐξ
2392 4631 2559 4686 ἐθνῶν
2585 4630 2951 4692 πιστεύοντας,
2976 4627 3050 4692 ὡς
3074 4627 3331 4691 πολλάκις
3354 4625 3443 4680 διὰ
3466 4626 3734 4679 πλειόνων

2163 4727 2485 4798 ἐδείξαμεν),
2508 4723 2760 4786 λαϐόντες
2787 4723 2846 4774 τὸ
2873 4724 3092 4792 σημεῖον
3114 4718 3447 4792 χρησάμενοί
3475 4736 3533 4771 τε
3558 4717 3735 4787 αὐτῷ,

2163 4822 2256 4875 καὶ
2283 4819 2424 4873 κατὰ
2450 4817 2540 4871 τοῦ
2576 4815 2864 4888 προσώπου
2898 4813 3337 4884 σφραγιζόμενοι,
3368 4809 3600 4882 εὕραντο
3629 4829 3735 4880 φυ-

2163 4913 2263 4983 γὴν
2288 4912 2394 4964 ἀπὸ
2412 4907 2700 4980 προσώπου
2725 4906 2899 4972 τόξου,
2923 4905 3150 4977 μηδενὸς
3164 4903 3352 4976 νοητοῦ
3375 4905 3470 4956 καὶ
3497 4903 3738 4974 ἀοράτου

2165 5001 2423 5071 πολεμίου
2455 4995 2667 5068 βάλλειν
2697 4997 2888 5059 αὐτοὺς
2915 4996 3217 5067 τολμῶντος
3241 4995 3328 5048 διὰ
3357 4993 3418 5047 τὸ
3446 4993 3738 5063 ἐπικείμε-

2165 5111 2254 5147 νον
2279 5094 2458 5153 αὑτοίς
2484 5092 2703 5161 σημεῖον
2729 5090 2946 5151 καὶτοῖς
2969 5087 3215 5151 παλαιοῖς
3232 5085 3532 5157 δεδομένον.
3567 5087 3741 5140 Mm?»-

2171 5186 2269 5256 σῆς
2325 5184 2419 5254 μὲν
2460 5182 2567 5254 γὰρ
2592 5181 2690 5244 τὰς
2715 5181 2877 5250 φλιὰς
2907 5179 3012 5233 τῶν
3031 5177 3194 5233 οἴκων
3221 5177 3332 5233 τῶν
3375 5178 3739 5250 Ἰσραηλιτῶν

2169 5276 2360 5345 αἵματι
2400 5273 2492 5327 τοῦ
2523 5271 2793 5344 προϐάτου
2844 5270 2935 5324 τοῦ
2987 5271 3178 5342 Πάσχα
3225 5269 3738 5340 κατασημαίνεσθαι

2169 5365 2445 5429 διετάξατο
2465 5367 2546 5427 εἰς
2576 5364 2888 5434 ἀποτροπὴν
2909 5360 3003 5418 τοῦ
3050 5360 3369 5432 ὀλοθρευτοῦ
3393 5377 3406 5391 ·
3445 5363 3543 5416 καὶ
3573 5361 3630 5414 ἐν
3655 5359 3735 5432 τῷ

2184 5457 2426 5529 Ἑζεκιὴλ
2482 5456 2577 5523 δὲ,
2637 5456 2933 5530 μελλούσης
2967 5454 3322 5526 ἀφανίζεσθαι
3359 5455 3458 5527 τῆς
3507 5454 3740 5518 πόλεως,

2173 5552 2624 5623 ἀναγέγραπταιὸ
2649 5550 2780 5613 Θεὸς
2821 5547 3056 5620 εἰρηκὼς
3088 5549 3222 5621 πρὸς
3261 5547 3352 5603 τὸν
3387 5548 3738 5620 ἐνδεδυμένον

2172 5646 2262 5697 τὸν
2295 5645 2520 5715 ποδήρη,
2549 5643 2695 5704 ὅστις
2724 5641 2839 5694 ποτ’
2865 5636 2960 5713 ἦν’
2999 5658 3018 5692 ε
3039 5638 3222 5694 Δίελθε
3259 5625 3427 5712 μέσην
3449 5639 3551 5712 τὴν
3585 5639 3743 5692 πόλιν
