4024 6202
374 246 474 307 661

1506 242 2007 302 COMMENTARIA
2041 242 2107 298 IN
2145 241 2483 298 PSALMOS.

3513 245 3620 301 569.

372 362 470 434 τὴν
514 359 889 432 Ἰερουσαλὴμ,
921 361 1016 412 καὶ
1041 358 1131 422 δὸς
1163 358 1232 413 τὰ
1266 361 1463 430 σημεῖα
1491 359 1584 411 ἐπὶ
1616 358 1682 412 τὰ
1709 358 1922 429 μέτωπα

2048 357 2301 412 mulieres
2336 356 2570 413 occidite
2593 356 2660 411 ad
2694 358 3118 415 internecionem
3157 379 3170 415 :
3211 358 3278 416 ad
3307 375 3406 418 eos
3433 371 3613 414 autem

373 456 480 508 τῶν
501 452 710 524 ἀνδρῶν
753 451 862 505 τῶν
895 449 1398 514 καταστεναζόντων
1435 449 1528 502 καὶ
1574 449 1681 502 τῶν
1721 448 1942 501 κατοδυ-

373 545 629 618 νωμένων
676 544 770 598 ἐπὶ
807 543 1008 606 πάσαις
1051 544 1170 604 ταῖς
1203 541 1450 619 ἀνομθίαις
1484 543 1605 602 ταῖς
1631 539 1942 608 γινομέναις

373 641 431 693 ἐν
468 639 616 710 μέσῳ
647 636 848 690 αὐτῶν.
875 655 894 686 ›
928 630 1041 688 Εἶθ’
1070 634 1274 706 ἑτέροις
1311 631 1505 703 ἐλέχθη
1527 647 1539 659 °
1578 649 1596 682 ‹
1637 629 1941 700 Πορεύεσθε

372 733 453 794 είς
485 729 583 800 τὴν
617 729 768 783 πόλιν
799 727 973 780 όπίσω
1000 723 1165 778 αὐτοῦ
1185 768 1198 790 ,
1241 725 1335 778 καὶ
1365 724 1592 777 κόπτετε
1613 738 1626 751 ·
1665 721 1739 792 μὴ
1768 721 1943 790 φείδε-

374 819 468 873 σθε
493 821 603 884 τοῖς
629 818 925 889 ὀφθαλμοῖς
957 816 1133 889 ὑμῶν,
1159 816 1252 870 καὶ
1289 815 1362 886 μὴ
1407 813 1662 884 ἐλεήσητε
1699 810 1939 883 πρεσὸύο

368 926 528 980 τερον
560 909 654 962 καὶ
694 908 994 972 νεανίσκον,
1029 907 1124 962 καὶ
1151 908 1319 978 νήπια
1362 906 1457 958 καὶ
1497 904 1801 976 παρθένον,
1847 906 1940 958 καὶ

369 1003 630 1069 γυναῖκας
657 1001 1010 1055 ἀποκτείνατε
1039 989 1138 1063 είςί
1156 998 1426 1068 ἑξάλειψιν
1452 1015 1465 1028 ·
1494 998 1587 1051 ἐπὶ
1639 996 1697 1050 δὲ
1735 998 1940 1061 πάντας

367 1091 452 1160 ἐφ’
482 1089 576 1155 οὓς
619 1093 734 1144 ἑστι
781 1091 840 1144 τὸ
870 1091 1094 1162 σημεῖον
1127 1089 1200 1160 μὴ
1229 1089 1508 1158 ἑγγίσητε,
1556 1087 1649 1140 καὶ
1692 1087 1799 1140 ἀπὸ
1831 1086 1938 1140 τῶν

368 1181 535 1250 ἁγίων
577 1199 676 1253 μου
709 1178 965 1253 ἀρξασθε.
1005 1198 1023 1230 ι
1069 1179 1234 1250 Ὁρᾷς
1256 1179 1402 1241 ὅπως
1431 1178 1478 1230 οί
1516 1178 1612 1248 μὲν
1641 1176 1935 1230 ἀπώλοντο’

367 1273 415 1326 οί
447 1272 504 1326 δὲ
537 1272 596 1327 τὸ
631 1275 853 1344 σημεῖον
899 1272 992 1324 ἐπὶ
1018 1269 1112 1323 τοῦ
1148 1270 1398 1340 μετώπου
1449 1268 1702 1342 φέροντες
1752 1266 1939 1321 διεσώ-

367 1365 552 1432 (aveo;
585 1364 812 1418 τοιοῦτοί
844 1381 990 1426 τινες
1008 1357 1146 1434 ἦσαν
1179 1361 1274 1415 καὶ
1295 1361 1388 1423 οὒς
1414 1363 1448 1432 ή
1478 1361 1728 1432 παροῦσα
1751 1359 1940 1430 στηλο-

364 1458 574 1529 γραφία
598 1457 895 1529 παρίστησι
936 1456 1200 1524 λέγουσαι
1237 1474 1254 1505 ι
1293 1453 1541 1517 Ἐδωκας
1590 1455 1704 1518 τοῖς
1749 1455 1938 1523 φοϐου-

366 1549 548 1620 μένοις
569 1566 628 1602 σε
652 1548 950 1619 σημείωσιν
968 1545 1062 1599 τοῦ
1081 1549 1270 1614 φυγεῖν
1293 1546 1400 1599 ἀπὸ
1417 1543 1709 1616 προσώπου
1726 1545 1899 1609 τόξου·
1912 1563 1929 1596 ι

361 1641 423 1693 οὐ
452 1640 562 1712 γάρ
581 1640 656 1710 τῷ
695 1638 911 1710 Ἰσραὴλ
931 1679 946 1703 ,
970 1638 1154 1708 φησὶν,
1185 1638 1409 1700 ἔδωκας,
1438 1636 1574 1689 ἀλλά
1609 1639 1720 1700 τοῖς
1749 1636 1936 1704 φοϐου-

365 1729 547 1799 μένοις
589 1747 668 1783 σε.
701 1730 822 1782 ’Ότι
851 1728 908 1781 δὲ
939 1728 1058 1792 ἔθος
1083 1729 1200 1780 ἐστὶ
1224 1729 1289 1797 τῇ
1329 1726 1630 1796 προφητείᾳ.
1673 1723 1941 1794 φοϐουμέ-

362 1838 486 1885 νους
509 1823 601 1874 τὸν
640 1821 843 1893 Κύριον
865 1820 1046 1874 καλεῖν
1074 1822 1200 1883 τοὺς
1231 1817 1291 1884 ἑξ
1328 1817 1494 1871 ἐθνῶν
1525 1817 1616 1869 ἐπὶ
1663 1815 1753 1868 τὸν
1797 1814 1928 1868 Θεὸν

2043 465 2210 519 super
2236 464 2375 519 quos
2398 457 2482 504 est
2534 450 2749 520 signum
2784 467 2851 507 ne
2885 452 3182 516 accedatis,
3232 463 3284 508 et
3327 469 3359 507 a
3405 453 3616 509 sanctis

2041 542 2177 596 meis
2208 541 2428 611 incipite
2457 541 2496 594 ⁸.
2542 562 2560 594 ι
2598 541 2789 596 Viden’
2819 559 2927 612 quo
2957 553 3118 613 pacto
3149 544 3240 598 alii
3266 545 3486 614 quidem
3519 560 3617 599 oc—

2040 633 2178 698 cisi;
2213 634 2249 688 ii
2296 650 2428 690 vero
2457 636 2548 706 qui
2584 635 2799 706 signum
2847 638 2904 692 in
2949 638 3126 693 fronte
3172 637 3377 693 ferrent
3411 639 3613 698 servati

2041 720 2282 776 fuerint?
2311 720 2471 777 Tales
2530 722 2565 777 ii
2613 733 2794 788 erant,
2836 740 2975 795 quos
3006 726 3119 780 haec
3148 726 3290 780 tituli
3327 727 3609 798 inscriptio

2041 813 2352 868 iudicatbis
2382 816 2564 870 verbis
2603 836 2615 870 :
2651 835 2669 867 ι
2704 816 2906 873 Dedisti
2941 819 3308 874 metuentibus
3329 828 3380 873 te
3405 821 3610 890 signiﬁ-

2039 905 2332 970 cationem,
2360 916 2419 961 ut
2453 907 2662 978 fugiant
2689 924 2720 963 a
2745 909 2884 966 facie
2913 926 3095 967 arcus.
3139 930 3156 962 ι
3189 911 3306 965 Νοη
3335 913 3479 968 enim
3510 915 3606 975 ait,

2040 997 2231 1052 Israeli
2264 999 2483 1065 dedisti,
2522 1001 2613 1056 sed
2649 1001 2964 1057 timentibus
2997 1010 3069 1058 te.
3099 1003 3255 1069 Quod
3277 1012 3456 1059 autem
3484 1020 3610 1074 pro-

2039 1087 2233 1158 phetiae
2254 1099 2576 1145 consuetum
2612 1092 2681 1147 sit
2703 1093 2956 1148 timentes
2981 1092 3264 1148 Dominum
3295 1109 3490 1150 vocare
3511 1111 3610 1152 eos

2037 1196 2104 1234 ex
2129 1181 2403 1251 gentibus,
2433 1183 2622 1261 quiad
2673 1182 2838 1238 Deum
2875 1184 3256 1256 confugerunt,
3289 1187 3608 1255 plerumque

2037 1273 2554 1339 demonstravimus,
2587 1275 2666 1330 uti
2693 1291 2858 1346 supra
2882 1276 3085 1330 dictum
3103 1285 3208 1333 est.
3242 1279 3606 1344 Quemadmo-

2036 1362 2164 1417 dum
2200 1364 2368 1435 igitur
2400 1367 2847 1423 exterminatoris
2901 1370 3108 1439 plagas,
3147 1371 3302 1441 signo
3323 1374 3606 1443 sanguinis

2035 1455 2142 1520 usi,
2179 1454 2458 1527 fugiebant
2487 1460 2578 1528 qui
2618 1459 2670 1512 in
2705 1458 2941 1530 Egypto
2987 1471 3144 1516 erant
3188 1463 3231 1526 ’,
3280 1464 3468 1519 eadem
3519 1481 3605 1518 ra-

2036 1547 2185 1600 tione
2207 1549 2271 1602 ad
2301 1549 2654 1604 avertendum
2677 1551 3035 1606 humanarum
3066 1554 3368 1609 animarum
3394 1556 3601 1612 hostem

2035 1648 2087 1691 ct
2119 1638 2421 1705 inimicum,
2453 1641 2546 1712 qui
2581 1642 2718 1697 solet
2739 1658 2832 1697 eas
2861 1643 2979 1698 telis
3011 1644 3288 1715 impetere,
3324 1655 3378 1701 et
3406 1648 3457 1701 in
3493 1648 3604 1702 inlo-

2036 1727 2266 1784 lolatria:
2298 1747 2539 1786 errorem
2563 1732 2855 1794 deducere,
2882 1733 3097 1802 signum
3131 1735 3218 1789 hic
3243 1747 3598 1790 memoratum

2036 1822 2403 1877 metuentibus
2430 1822 2714 1878 Dominum
2750 1824 3006 1878 collatum
3029 1835 3132 1881 est.

363 1911 827 1982 καταφεύγοντας,
858 1911 1112 1972 πολλάκις
1152 1908 1532 1977 ἀπεδείξαμεν,
1558 1905 1739 1970 καθὼς
1777 1907 2114 1978 προείρηται.
2145 1912 2352 1985 Ὥσπερ
2389 1911 2480 1968 οὖν
2519 1915 2626 1968 ἀπὸ
2671 1914 2960 1984 προσώπου
3008 1916 3102 1970 τοῦ
3141 1917 3458 1990 ὀλοθρευτοῦ
3521 1919 3599 1974 δι-

363 2006 562 2074 έφυγόν
600 2022 728 2059 ποτε
765 2006 813 2056 οἱ
838 2005 896 2056 ἑν
921 2001 1178 2072 Αίγύπτῳ
1207 1999 1304 2063 τὰς
1335 1998 1545 2068 πληγὰς
1571 2037 1586 2060 ,
1629 1998 1931 2068 χρήσαντες
1968 1998 2044 2070 τῷ
2071 2003 2280 2073 σημείῳ
2345 2004 2439 2057 τοῦ
2476 2005 2722 2076 αἵματος,
2755 2009 2846 2062 τὸν
2883 2008 3045 2062 αὑτὸν
3082 2011 3280 2080 τρόπον
3324 2013 3403 2074 είς
3467 2013 3602 2066 ἀπο-

357 2094 693 2167 τροπιασμὸν
715 2094 807 2148 τοῦ
832 2094 1086 2164 πολεμίου
1113 2092 1205 2144 καὶ
1225 2089 1418 2161 ἐχθροῦ
1443 2089 1554 2142 τῶν
1606 2087 1962 2158 ἀνθρωπίνων
1997 2089 2203 2160 ψυχῶν,
2235 2093 2326 2146 τοῦ
2359 2095 2596 2160 τοξεύειν
2625 2099 2719 2152 κα)⁸
2749 2100 3108 2154 καταϐάλλειν
3147 2088 3316 2164 αὑτὰς
3350 2103 3446 2154 ἐπὶ
3497 2103 3599 2174 τὴν

356 2191 456 2260 τῆς
481 2189 918 2261 είδωλολατρείας
943 2189 1148 2261 πλάνην
1189 2185 1458 2250 εἰωθότος,
1519 2184 1725 2240 δέδοται
1753 2185 1813 2237 τὸ
1851 2185 2139 2256 λεγόμενον
2165 2191 2394 2245 ἐνταῦθα
2441 2198 2664 2266 σημεῖον
2703 2199 2815 2261 τοῖς
2859 2197 3215 2268 φοϐουμένοις
3242 2197 3334 2252 τὸν
3368 2199 3592 2272 Κύριον.

432 2305 450 2337 ι
493 2287 682 2349 Ὅπως
718 2287 784 2340 ἂν
821 2284 1088 2357 ρυσθῶσιν
1113 2284 1164 2338 οἱ
1193 2280 1464 2352 ἀγαπητοί
1500 2297 1615 2345 σου,
1661 2280 1832 2333 σῶσον
1861 2283 1926 2351 τῇ

351 2377 501 2450 δεξιᾷ
521 2395 639 2438 σου,
664 2378 759 2432 καὶ
784 2376 1085 2431 ἐπάκουσον
1111 2393 1233 2447 μου.
1265 2393 1284 2426 ι
1311 2373 1496 2428 Ταῦτα
1519 2373 1612 2427 καὶ
1632 2373 1698 2426 τά
1722 2371 1930 2436 τούτοις

351 2470 620 2526 ἀκόλουθα
653 2471 813 2543 μέχρι
839 2469 931 2523 τοῦ
971 2469 1157 2532 τέλους
1196 2467 1290 2521 καὶ
1324 2469 1354 2520 ὁ
1400 2464 1475 2538 ρξ’
1513 2466 1756 2536 περιέχει
1787 2463 1925 2535 ψαλ-

353 2563 471 2634 μός.
511 2561 651 2614 Ἀλλ’
687 2563 743 2614 ἐν
774 2560 871 2632 μὲν
897 2562 1010 2623 τοῖς
1038 2557 1420 2630 προκειμένοις
1457 2557 1525 2610 τὰ
1565 2555 1928 2629 προλεχθέντα

349 2652 623 2724 ἀποὸολὴν
644 2652 831 2723 ἐδήλου
867 2651 962 2705 τοῦ
1007 2651 1224 2723 Ἰσραήλ
1245 2669 1259 2682 υ
1307 2648 1402 2704 τοῦ
1435 2649 1511 2720 ρξ’
1541 2649 1610 2702 τά
1653 2649 1760 2720 πρὸ
1803 2649 1926 2702 τού-

349 2762 468 2808 του,
497 2763 516 2795 ι
535 2744 683 2807 ὅπως
697 2742 762 2796 ἂν
781 2741 1048 2814 ρυσθῶσιν
1060 2745 1107 2796 οἱ
1131 2741 1402 2814 ἀγαπητοί
1418 2759 1512 2795 σου
1537 2760 1556 2794 ι
1574 2739 1788 2795 καὶτῶν
1811 2742 1929 2793 ἑπι-

351 2839 696 2910 φερομένων,
734 2841 877 2910 σαφῆ
909 2839 1101 2911 κλῆσιν
1132 2838 1303 2894 ἐθνῶν
1346 2839 1611 2904 θεσπίζει.
1641 2837 1927 2911 Προειπὼν

2099 2283 2264 2342 Vens.
2293 2288 2348 2344 7.
2379 2306 2398 2340 ‹
2426 2287 2496 2343 Ut
2537 2290 2837 2346 liberentur
2862 2292 3046 2347 dilecti
3103 2294 3204 2358 tui,
3262 2295 3470 2350 salvum
3507 2297 3592 2350 fac

2025 2376 2247 2432 dextera
2270 2385 2386 2444 tua,
2422 2390 2476 2434 et
2524 2382 2719 2436 exaudi
2752 2399 2859 2439 me.
2904 2402 2924 2436 ι
2958 2383 3082 2439 Haec
3120 2392 3174 2439 et
3204 2388 3488 2453 sequentia
3525 2389 3589 2442 ad

2027 2467 2186 2522 finem
2222 2483 2395 2539 usque
2415 2483 2522 2524 cvu
2548 2469 2672 2526 item
2705 2473 2948 2542 psalmus
2977 2476 3373 2544 complectitur.
3411 2476 3515 2533 Sed
3540 2479 3592 2532 in

2025 2561 2278 2629 praesenti
2300 2577 2420 2632 qua:
2449 2564 2728 2633 praemissa
2752 2573 2900 2630 sunt,
2935 2567 3293 2636 abjectionem
3340 2568 3590 2636 Israelis;

2023 2666 2144 2721 quae
2166 2652 2356 2707 isthaec
2384 2654 2548 2707 verba
2578 2654 2774 2725 psalmi
2805 2669 2936 2720 cvu,
2975 2674 2994 2708 ι
3030 2667 3086 2711 ut
3136 2656 3438 2712 liberentur
3463 2660 3594 2713 dile-

2020 2744 2092 2798 cti
2129 2745 2229 2808 tui,
2269 2763 2288 2796 ι
2323 2751 2376 2799 et
2409 2746 2691 2816 sequentia
2733 2747 3063 2816 praecedunt,
3090 2749 3428 2802 vocationem
3468 2766 3591 2821 gen-

2021 2835 2156 2890 tium
2210 2837 2500 2893 manifeste
2532 2837 2922 2894 vaticinantur.
2978 2839 3114 2894 Nam
3146 2856 3269 2895 cum
3299 2842 3353 2896 in
3383 2844 3590 2913 psalmo

348 2933 511 3004 γάρό
547 2931 703 3000 λόγος
724 2933 782 2986 ἐν
815 2930 891 3002 τῷ
933 2929 1030 3003 ρξ’,
1068 2950 1088 2982 ι
1148 2930 1368 3003 Ἐτοίμη
1413 2934 1446 3002 ή
1484 2930 1679 3002 καρδία
1731 2948 1866 3001 μου,
1895 2932 1922 2984 ὀ

2023 2941 2131 2980 cm
2158 2925 2410 2992 dixisset,
2446 2945 2464 2977 ι
2507 2925 2762 2981 Paratum
2786 2943 2883 2982 cor
2914 2945 3116 2993 meum,
3142 2929 3304 3000 Deus,
3336 2941 3586 3002 paratum

347 3023 503 3087 Θεὸς,
541 3023 732 3095 ἑτοίμη
762 3025 796 3095 ἡ
833 3023 1032 3095 καρδία
1066 3041 1164 3094 μου
1191 3041 1205 3055 ·
1239 3023 1440 3095 ᾄσομαι
1474 3024 1568 3076 καὶ
1602 3021 1774 3092 ψαλῶ.
1814 3022 1926 3089 Ἐξ-

346 3112 622 3186 εγέρθητι,
656 3115 690 3186 ή
719 3115 846 3180 δόξα
877 3131 998 3186 μου,
1031 3114 1362 3186 ἐξεγέρθητι,
1391 3113 1682 3185 ψαλτήριον
1708 3114 1800 3168 καὶ
1842 3131 1924 3167 κι-

349 3206 512 3279 θάρα,
545 3205 974 3279 ἑξεγερθήσομαι
1007 3207 1224 3279 ὄρθρου,
1250 3227 1279 3258 .›
1312 3206 1560 3278 ἐπιφέρει
1584 3221 1595 3238 ·
1639 3224 1659 3258 ι
1706 3205 1922 3276 Ἐξομο-

347 3299 649 3370 λογήσομαί
674 3316 754 3352 σοι
788 3301 845 3352 ἐν
877 3299 1044 3364 λαοῖς,
1081 3298 1273 3371 Κύριε,
1303 3298 1457 3369 ψαλῶ
1481 3315 1557 3351 σοι
1587 3300 1644 3353 ἑν
1673 3297 1878 3352 ἔθνεσιν
1902 3315 1917 3328 ο

347 3394 430 3445 ὅτι
481 3391 626 3462 μέγα
682 3391 866 3444 ἑπάνω
904 3391 1013 3444 τῶν
1040 3391 1286 3460 οὐρανῶν
1328 3391 1390 3444 τὸ
1436 3389 1583 3454 ἔλεός
1609 3406 1724 3455 σου,
1759 3393 1851 3444 καὶ
1883 3393 1915 3462 ὴ

343 3483 573 3557 ἀλήθειά
623 3500 716 3536 σου
747 3483 853 3546 ἓως
890 3481 999 3535 τῶν
1025 3482 1280 3552 νεφελῶν.
1340 3480 1615 3551 ’Υψώθητι
1667 3482 1761 3534 ἐπὶ
1794 3482 1920 3546 τοὺς

343 3577 628 3650 οὐρανοὺς,
677 3578 706 3630 ὁ
743 3575 905 3641 Θεὸς,
942 3576 1037 3630 καὶ
1064 3576 1156 3628 ἐπὶ
1185 3577 1366 3630 πᾶσαν
1408 3576 1506 3647 τὴν
1549 3579 1652 3648 γῆν
1702 3579 1735 3647 ή
1793 3575 1919 3642 δόξα

345 3686 462 3722 σου.
499 3688 518 3721 ι
552 3663 664 3721 Εἶτ’
703 3667 943 3736 ἐπιλέγει
985 3667 1056 3720 τὰ
1086 3669 1144 3722 ἑν
1174 3668 1252 3739 τῷ
1297 3669 1435 3740 μετὰ
1467 3671 1654 3740 χεῖρας
1698 3669 1919 3738 προκεί-

346 3777 483 3832 μενα
516 3759 688 3830 λόγῳ·
731 3778 749 3810 ι
787 3760 975 3823 Ὅπως
1000 3759 1068 3813 ἀν
1092 3759 1360 3831 ῥυσθῶσιν
1397 3761 1445 3813 οί
1487 3760 1758 3828 ἀγαπητοί
1799 3777 1914 3822 σου,

343 3851 518 3906 σῶσον
551 3854 620 3923 ’τῇ
653 3851 804 3923 δεξιᾷ
827 3869 944 3914 σου,
974 3852 1070 3905 καὶ
1115 3852 1420 3906 ἑπάκουσόν
1463 3869 1564 3922 μου
1591 3893 1605 3916 ,
1649 3870 1667 3902 ι
1705 3851 1800 3905 καὶ
1848 3851 1917 3905 τά

339 3944 502 3998 λοιπά
537 3943 842 4014 συμφώνως
870 3946 980 4008 τοῖς
1001 3944 1396 4016 προκειμένοις.
1440 3943 1652 4016 Σφόδρα
1672 3944 1728 3997 δὲ
1756 3942 1917 3996 ἐθαύ-

341 4051 492 4107 μασα
511 4034 605 4088 τοῦ
636 4033 792 4103 ἁγίου
829 4026 1144 4106 Πνεύματος
1170 4034 1268 4106 τὴν
1299 4035 1608 4106 οἰκονομίαν
1628 4053 1642 4065 ·
1672 4035 1778 4088 ἀπὸ
1805 4035 1915 4107 γὰρ

335 4127 431 4182 δύο
464 4126 874 4198 στηλογραφιῶν
904 4126 998 4180 ἕνα
1022 4125 1234 4196 ψαλμὸν
1263 4126 1550 4196 πεποίηκε,
1582 4126 1671 4179 τὸν
1702 4126 1798 4198 ρξ’.
1835 4127 1914 4180 Τὰ

336 4221 439 4293 μὲν
466 4219 576 4290 γὰρ
603 4219 817 4292 πρῶτα,
852 4219 910 4273 ἑν
942 4214 1024 4282 οἷς
1056 4218 1271 4286 ἐλέγετο
1291 4235 1303 4247 ·
1343 4237 1360 4268 ι
1412 4217 1633 4289 Ἐτοίμη
1656 4220 1688 4289 ἡ
1715 4220 1911 4291 καρδία

333 4329 462 4384 μου,
475 4313 505 4364 ὁ
519 4309 674 4378 Θεὸς,
695 4311 791 4364 καὶ
804 4310 872 4364 τὰ
889 4309 1036 4381 ἑξῆς,
1055 4309 1162 4363 ἀπὸ
1176 4309 1276 4379 τῆς
1293 4309 1388 4362 τοῦ
1407 4316 1492 4375 νς¹
1509 4311 1910 4381 στηλογραφίας

327 4404 427 4457 τοῦ
443 4402 606 4457 Δαυῒδ
629 4401 843 4468 ἐξελὼν,
861 4397 966 4476 ἐνῇ
990 4402 1084 4455 καὶ
1111 4402 1247 4473 αὐτῇ
1271 4401 1507 4455 λέλεκτοο
1528 4403 1761 4475 ἑτοίμηή
1782 4421 1910 4474 καρο

326 4495 416 4548 δία
437 4511 558 4564 μου,
576 4494 604 4546 ό
619 4492 771 4556 Θεὸς.
789 4492 976 4563 ἑτοίμη
991 4493 1023 4563 ἡ
1039 4490 1232 4562 καρδία
1249 4504 1368 4561 μου·
1386 4491 1584 4562 ᾄσομαι
1596 4492 1688 4545 καὶ
1701 4492 1874 4562 ψαλῶ,
1890 4513 1908 4543 ι

330 4584 429 4636 καὶ
458 4581 528 4635 τὰ
554 4581 919 4651 ἐπιλεγόμενα
947 4581 990 4634 δ’
1012 4581 1141 4651 ἑξῆς
1174 4579 1476 4652 συμφώνως
1506 4584 1618 4644 τοῖς
1643 4583 1702 4635 ἑν
1725 4582 1803 4652 τῷ
1831 4582 1909 4654 ρξ’

332 4669 498 4738 μέχρι
521 4667 616 4722 τοῦ
635 4686 648 4699 ο
679 4687 697 4719 ι
743 4666 1014 4740 ’Υψώθητι
1053 4669 1146 4722 ἐπὶ
1194 4671 1319 4734 τοὺς
1347 4670 1608 4741 οὐρανοὺς
1631 4711 1646 4735 ,
1689 4672 1718 4724 ό
1751 4671 1904 4737 Θεὸς,

327 4759 424 4813 καί
458 4759 551 4812 ἐπὶ
585 4759 766 4813 πᾶσαν
786 4759 884 4830 τὴν
906 4759 1011 4828 γῆν
1035 4761 1068 4830 ή
1093 4759 1218 4824 δόξα
1253 4777 1380 4814 σουο
1419 4782 1438 4813 ι
1483 4760 1550 4815 τά
1588 4762 1644 4814 δὲ
1682 4762 1907 4834 δεύτερα

324 4849 399 4902 τὰ
433 4849 542 4904 ἀπὸ
567 4848 684 4911 τοῦ,
722 4868 740 4901 ι
785 4851 972 4913 Ὅπως
1002 4850 1068 4903 ἂν
1106 4852 1372 4922 ῥυσθῶσιν
1401 4855 1448 4906 οἱ
1478 4853 1751 4923 ἀγαπητοί
1788 4871 1902 4919 σου,

327 4939 506 4994 σῶσον
534 4943 600 5011 τῇ
617 4939 766 5011 δεξιᾷ
801 4957 894 4994 σου
914 4942 1007 4994 καὶ
1033 4941 1337 4996 ἑπάκουσόν
1369 4962 1526 5015 μου,»
1561 4946 1657 4998 σὺν
1682 4948 1796 5010 τοῖς
1821 4946 1910 5016 μέ-

327 5052 421 5106 χρι
453 5035 641 5098 τέλους
665 5035 1120 5105 ἐπενηνεγμένοις
1163 5034 1272 5089 ἀπὸ
1285 5035 1383 5106 τῆς
1409 5035 1544 5107 μετά
1565 5039 1752 5107 χεῖρας
1780 5055 1907 5109 στη-

327 5122 651 5196 λογραφίας,
691 5123 1032 5187 διδάσκοντος
1065 5125 1211 5195 ἡμᾶς
1243 5124 1386 5178 θείου
1419 5125 1732 5197 Πνεύματος
1778 5128 1906 5198 μίαν

328 5214 425 5268 καὶ
472 5215 571 5287 τὴν
602 5216 769 5288 αὐτὴν
797 5217 1034 5273 διάνοιαν
1077 5218 1410 5290 ἑμφέρεσθαι
1453 5221 1512 5272 ἑν
1553 5220 1900 5292 ἀμφοτέροις.

340 5305 431 5360 Ἑν
459 5306 559 5376 μέν
595 5305 701 5378 γὰρ
728 5307 806 5378 τῷ
833 5315 919 5375 νςθ
963 5308 1454 5379 ἐξομολογήσασθαι
1493 5307 1572 5379 τῷ
1612 5310 1800 5381 Κυρίῳ
1846 5312 1904 5363 ἑν

327 5395 480 5460 λαοῖς
507 5397 602 5450 καὶ
625 5397 846 5466 ψάλλειν
875 5399 1024 5470 αὐτῷ
1051 5400 1111 5452 ἑν
1145 5398 1356 5452 ἔθνεσιν
1394 5399 1771 5470 εὐηγγελίζετο
1791 5417 1803 5430 ·
1844 5403 1902 5454 ἑν

329 5482 386 5536 δὲ
419 5483 498 5554 τῷ
538 5485 675 5554 μετά
707 5488 894 5558 χεῖρας
924 5487 1194 5559 ἀποϐολὴν
1230 5487 1484 5560 σημαίνει
1523 5488 1616 5540 τοῦ
1667 5491 1900 5562 Ἰσραὴλ,

2023 3032 2118 3072 cor
2144 3033 2347 3083 meum,
2366 3020 2601 3075 cantabo
2626 3027 2678 3075 et
2701 3020 2948 3092 psallam.
2976 3020 3239 3093 Exsurge,
3259 3024 3427 3094 gloria
3445 3041 3586 3090 mea,

2021 3125 2275 3181 exsurge,
2336 3112 2653 3182 psalterium
2687 3123 2738 3167 et
2788 3113 3022 3176 cithara,
3056 3131 3344 3187 exsurgam
3384 3119 3588 3172 dilucu-

2023 3201 2074 3255 lo
2104 3203 2168 3267 ³ο,
2199 3222 2218 3254 ι
2247 3202 2434 3272 adjicit
2471 3219 2483 3254 :
2525 3222 2543 3255 ι
2580 3202 2893 3259 Confitebor
2915 3206 3012 3259 tibi
3036 3208 3090 3260 in
3143 3210 3380 3278 populis,
3406 3208 3592 3266 Domi-

2020 3309 2108 3355 ne,
2135 3295 2362 3364 psallam
2392 3295 2487 3348 tibi
2539 3295 2596 3349 in
2625 3296 2876 3365 gentibus
2906 3312 2919 3348 :
2951 3298 3209 3366 quoniam
3268 3315 3461 3370 magna
3504 3313 3588 3356 est

2020 3401 2184 3456 super
2211 3386 2383 3441 cmlos
2415 3386 2789 3441 misericordia
2820 3397 2932 3454 tua,
2964 3396 3018 3443 et
3065 3390 3269 3445 veritas
3300 3401 3390 3446 tua
3415 3408 3592 3463 usque
3633 3444 3637 3448 .

2019 3475 2086 3529 ad
2122 3477 2314 3532 nubes.
2346 3475 2598 3531 Exaltare
2632 3491 2796 3546 super
2843 3479 3034 3543 ccelos,
3100 3477 3266 3547 Deus,
3316 3491 3370 3537 et
3422 3498 3588 3553 super

2018 3580 2234 3621 omnem
2259 3577 2458 3622 terram
2511 3567 2683 3638 gloria
2717 3574 2809 3620 tua
2840 3568 2904 3620 “.
2955 3587 2973 3620 ι
3028 3568 3232 3626 Deinde
3293 3570 3480 3641 adjicit
3520 3589 3584 3628 ea

2019 3674 2140 3728 quae
2163 3660 2218 3713 in
2249 3660 2501 3729 praesenti
2539 3659 2834 3713 feruntur:
2873 3677 2891 3710 ι
2943 3658 3014 3715 Ut
3066 3661 3366 3717 liberentur
3406 3663 3586 3719 dilecti

2017 3753 2118 3814 tui,
2149 3753 2357 3808 salvum
2391 3752 2478 3806 fac
2507 3752 2730 3809 dextera
2754 3763 2868 3820 tua,
2897 3762 2951 3808 et
3002 3755 3199 3810 exaudi
3247 3773 3333 3812 me
3360 3757 3424 3820 ¹²,
3459 3776 3477 3808 ›
3531 3767 3586 3812 et

2017 3854 2212 3898 caetera
2244 3844 2606 3913 praesentibus
2637 3845 2856 3900 similia.
2901 3845 3212 3900 Admodum
3250 3863 3376 3902 vero
3399 3848 3586 3903 mirari

2017 3935 2164 3991 subit
2207 3933 2444 4004 Spiritus
2499 3936 2677 3990 sancti
2721 3935 3184 4007 dispensationem
3227 3954 3334 3995 :ex
3371 3939 3586 3995 duabus

2017 4041 2250 4096 namque
2292 4028 2432 4081 tituli
2458 4027 2910 4097 inscriptionibus
2943 4045 3113 4084 unum
3158 4031 3429 4101 psalmum
3460 4047 3587 4089 con-

2014 4117 2274 4185 cinnavit,
2311 4120 2522 4176 scilicet
2549 4136 2676 4176 cvu.
2704 4121 2891 4177 Priora
2909 4125 3076 4186 enim,
3097 4139 3218 4194 qua:
3237 4125 3318 4179 sic
3348 4125 3579 4180 habent:

2021 4229 2040 4262 ι
2075 4211 2329 4267 Paratum
2359 4228 2457 4269 cor
2485 4230 2687 4277 meum,
2719 4215 2884 4281 Deus,
2917 4235 2936 4268 ι
2971 4225 3024 4271 et
3070 4226 3287 4282 caetera,
3339 4234 3403 4273 ex
3438 4219 3583 4272 tituli

2018 4302 2372 4373 inscriptione
2401 4304 2617 4361 Davidis
2644 4323 2733 4361 LVI
2780 4309 3104 4378 exsumpsit,
3131 4309 3186 4362 in
3214 4324 3321 4378 qua
3345 4309 3470 4362 item
3500 4309 3584 4362 di-

2017 4401 2164 4447 ctum
2199 4393 2375 4449 fuerat
2403 4414 2418 4446 :
2454 4414 2472 4446 ι
2510 4395 2762 4450 Paratum
2796 4413 2891 4452 cor
2912 4413 3112 4462 meum,
3140 4397 3302 4463 Deus,
3333 4409 3581 4468 paratum

2018 4497 2115 4537 cor
2140 4497 2342 4549 meum,
2366 4485 2599 4538 cantabo
2627 4492 2681 4538 et
2714 4485 2981 4554 psalmum
3013 4485 3190 4538 dicam
3228 4485 3292 4552 ",
3335 4506 3353 4538 ι
3387 4494 3440 4540 et
3464 4502 3584 4555 quae

2016 4581 2341 4644 sequuntur,
2373 4574 2441 4628 iis
2469 4589 2589 4644 quae
2628 4575 2682 4629 in
2713 4589 2823 4628 cvu
2876 4575 3128 4629 feruntur
3152 4577 3376 4640 similia,
3409 4594 3584 4649 usque

2015 4665 2084 4721 ad
2117 4665 2271 4728 illud,
2296 4685 2314 4718 ι
2342 4665 2592 4720 Exaltare
2620 4682 2784 4736 super
2805 4669 2996 4730 ccc-los,
3021 4666 3185 4733 Deus,
3204 4679 3258 4724 et
3287 4686 3452 4740 super
3471 4688 3584 4724 om-

2015 4772 2143 4814 nem
2178 4764 2380 4811 terram
2416 4756 2584 4827 gloria
2607 4764 2699 4810 tua
2731 4757 2776 4790 “
2807 4775 2822 4814 :
2865 4777 2883 4811 ›
2941 4759 3246 4830 posteriora
3301 4769 3481 4816 autem
3515 4763 3584 4815 ab

2015 4849 2130 4914 illo,
2165 4866 2184 4899 ι
2228 4847 2298 4902 Ut
2328 4847 2629 4902 liberentur
2653 4847 2839 4904 dilecti
2862 4849 2962 4913 tui,
2996 4851 3205 4906 salvum
3239 4851 3324 4907 fac
3357 4853 3580 4908 dextera

2011 4948 2126 5005 tua,
2158 4947 2212 4995 et
2239 4939 2434 4994 exaudi
2457 4955 2564 5003 me,
2615 4959 2635 4992 ι
2661 4955 2788 4994 cum
2819 4939 2889 4994 iis
2943 4955 3065 5010 quae
3116 4941 3182 4994 ad
3210 4942 3370 4997 linem
3409 4961 3583 5013 usque

2008 5034 2300 5098 habentur,
2329 5050 2393 5089 ex
2425 5035 2675 5103 praesenti
2716 5033 2860 5088 tituli
2911 5033 3270 5104 inscriptione
3300 5045 3582 5091 mutuatus

2007 5125 2377 5190 est;docente
2400 5140 2500 5179 nos
2541 5125 2748 5195 Spiritu
2775 5126 2964 5181 divino
3014 5142 3176 5180 unam
3225 5127 3582 5195 eamdemque

2012 5217 2064 5270 in
2091 5224 2324 5285 utroque
2349 5215 2673 5269 sententiam
2699 5214 2856 5282 ferri;
2884 5233 3009 5272 nam
3032 5218 3087 5272 in
3122 5234 3208 5273 ινι
3241 5233 3299 5273 se
3331 5218 3578 5271 confiteri

2009 5306 2241 5361 Domino
2270 5306 2324 5360 in
2354 5305 2573 5376 populis
2596 5314 2650 5360 et
2695 5309 2925 5378 psallere
2957 5309 3058 5379 ipsi
3110 5309 3162 5363 iu
3198 5309 3452 5380 gentibus
3485 5320 3582 5356 au—

2011 5398 2298 5452 tutntiabat
2321 5415 2336 5465 ;
2360 5399 2413 5452 in
2445 5401 2698 5468 praesenti
2727 5407 2909 5454 autem
2953 5399 3263 5456 Judaeorum
3316 5397 3581 5465 abjectio-

2013 5508 2133 5547 nem
2168 5491 2458 5563 signiﬁcat,
2492 5499 2549 5545 ut
2586 5491 2640 5545 in
2675 5493 2973 5560 pranuissis
3016 5494 3262 5546 docetur.
3324 5491 3400 5543 Ac
3456 5493 3580 5557 post

401 5689 421 5716 "
461 5688 657 5744 Ezcclt.
685 5705 757 5752 ix,
786 5690 836 5753 5,
869 5691 921 5746 6.
973 5693 1176 5748 “Exod.
1199 5711 1294 5760 xu,
1316 5693 1366 5747 7.
1409 5695 1449 5726 ‘°
1468 5692 1612 5751 Psal.
1637 5710 1769 5760 cvu,
1801 5695 1922 5763 2,3.

2024 5697 2152 5751 ibiil.
2189 5696 2304 5752 4-6,
2342 5699 2382 5730 "
2418 5697 2550 5753 ibid.
2590 5697 2641 5753 '7.
2682 5699 2723 5729 ¹³
2762 5695 2906 5752 Psal.
2945 5710 3067 5757 LVI,
3105 5696 3156 5747 8.
3239 5694 3281 5724 "
3314 5692 3446 5747 ibid.
3483 5692 3570 5749 ιο.
