4024 6202
443 266 550 322 565
1144 266 1416 323 EUSEBH
1454 267 1931 324 CAESARIENSIS
1968 269 2116 326 OPP.
2161 271 2335 325 PARS
2374 271 2458 328 Ill.
2499 303 2562 314 -
2597 271 2998 334 EXEGETICA.
3557 269 3659 326 564

433 381 610 452 prima
641 382 751 446 illa,
783 382 940 453 queis
970 383 1313 439 indicabatur
1335 384 1568 455 abjectio
1601 387 1798 456 prioris
1831 403 1982 458 popu-

2104 388 2290 460 ὥσπερ
2315 384 2406 442 οῦν
2436 388 2676 442 ἐδίδασκε
2703 388 2769 442 τὰ
2801 388 3181 460 προλεχθέντα,
3208 381 3315 440 Καὶ
3341 384 3404 457 δὴ
3433 385 3568 455 μετά
3592 388 3659 440 τὰ

436 475 496 536 li,
523 475 844 545 signumque
873 478 1240 532 metuentibus
1276 479 1452 549 ipsum
1487 479 1878 536 conferendum
1909 497 1982 537 es-

2104 479 2312 550 πρῶτα,
2332 479 2396 532 δι’
2420 498 2494 534 ων
2519 479 2767 549 ἐδηλοῦτο
2789 481 2821 550 ἡ
2844 477 3078 548 ἀποϐολὴ
3105 476 3196 530 τοῦ
3222 477 3484 546 προτέρου
3507 477 3656 540 λαοῦ,

434 582 524 630 se;
552 567 876 622 intermedio
899 568 1277 638 diapsalmate,
1329 571 1632 626 orationem
1675 571 1785 628 Deo
1829 571 1982 642 Spiri-

2099 570 2159 622 τό
2185 586 2245 621 τε
2293 572 2511 640 σημεῖον
2542 569 2603 622 τὸ
2627 571 2739 632 τοῖς
2782 567 3129 638 φοϐουμένοις
3161 566 3320 620 αὑτὸν
3363 565 3659 635 δοθησόμε-

432 666 524 711 tus
545 667 770 714 sanctus
791 659 991 714 emittit
1022 659 1210 716 dicens
1246 679 1258 715 :
1308 680 1326 711 ι
1360 660 1429 716 Ut
1458 662 1762 717 liberentur
1815 663 1980 718 dilect

2099 675 2187 710 vov
2215 699 2229 722 ,
2291 657 2415 726 ἑξῆς
2461 659 2624 727 μέσου
2667 658 3031 728 διαψάλματος
3086 654 3504 728 παρεντεθέντος
3529 693 3545 717 ,
3599 655 3660 708 τὸ

433 745 534 810 tui,
559 747 767 800 salvum
803 747 886 800 fac
939 749 1159 802 dextera
1190 757 1306 813 tua,
1363 759 1418 805 et
1469 752 1666 806 exaudi
1701 768 1806 807 me.
1846 771 1864 804 ι
1921 751 1982 805 lt:

2102 748 2325 818 Πνεῦμα
2345 750 2404 800 τὸ
2436 747 2589 816 ἀγιον
2617 749 2778 820 εύχὴν
2802 748 3110 819 ἀναπέμπει
3147 746 3224 818 τῷ
3266 745 3384 816 Θεῷ
3416 747 3648 815 φάσκον-

429 849 561 890 vero
583 839 850 906 supplicat
880 854 1102 910 rogans,
1135 849 1213 905 ut,
1249 855 1346 897 sua
1388 857 1521 896 usus
1575 842 1819 908 dextera,
1854 843 1982 898 Deus

2105 857 2122 889 ι
2156 840 2342 902 Ὅπως
2367 839 2432 893 ἂν
2456 840 2726 910 ρυσθῶσιν
2757 843 2806 893 οἱ
2830 838 3099 910 ἀγαπητοί
3129 855 3242 903 σου,
3279 838 3451 891 σῶσον
3487 841 3552 908 τῇ
3579 838 3661 890 δεο

429 927 624 996 eripiat
641 928 930 999 salvosque
985 929 1150 984 faciat
1184 929 1413 987 dilectos
1444 947 1605 998 suos;
1640 947 1815 1001 neque
1864 933 1982 987 sim-

2102 929 2188 1000 ξιᾷ
2222 945 2345 994 σου,
2391 931 2482 983 καὶ
2536 931 2835 985 ἐπάκουσόν
2873 948 2992 1000 μου.
3040 949 3057 982 ›
3127 930 3376 983 Ὶκετεύει
3403 929 3462 982 δὲ
3488 927 3656 981 ταῦτα

427 1017 640 1086 pliciter
663 1017 738 1071 ita
766 1020 1058 1089 supplicat,
1099 1039 1116 1072 ι
1154 1021 1371 1075 Salvum
1403 1021 1509 1084 fac,
1552 1041 1570 1073 ι
1624 1021 1719 1077 sed
1773 1023 1982 1092 adjicit,

2098 1021 2365 1090 δεόμενον,
2401 1023 2568 1085 ὅπως,
2601 1024 2666 1092 τῇ
2692 1020 2854 1075 αὑτοῦ
2887 1021 3226 1093 χρησάμενος
3270 1021 3416 1091 δεξιᾷ
3447 1021 3476 1072 6
3503 1020 3656 1083 Θεὸς,

435 1125 454 1159 ι
492 1109 712 1164 dextera
737 1119 848 1177 tua,
895 1132 914 1163 ι
958 1113 1131 1181 primo
1167 1123 1224 1166 ut
1280 1114 1496 1184 eripiat,
1537 1117 1778 1168 secundo
1807 1116 1982 1170 utsal-

2102 1110 2329 1180 ρύσηται
2372 1111 2466 1164 καὶ
2504 1109 2652 1182 σώσῃ
2679 1111 2803 1173 τοὺς
2834 1111 3145 1179 ἀγαπητοὺς
3192 1109 3357 1162 αὑτοῦ
3379 1128 3392 1140 ·
3433 1111 3526 1163 καὶ
3561 1113 3658 1182 οὐχ

425 1215 554 1254 vum
586 1201 767 1257 faciat.
793 1202 1029 1258 Dilectos
1053 1217 1231 1259 autem
1265 1205 1356 1260 Dei
1388 1207 1567 1269 nullos
1615 1215 1861 1266 noverat.
1890 1208 1982 1260 nisi

2100 1198 2284 1262 ἁπλῶς
2320 1198 2548 1252 ἱκετεύει
2567 1239 2580 1262 ,
2624 1219 2642 1250 ι
2667 1199 2864 1264 Σῶσον,
2894 1219 2910 1250 ι
2945 1199 3078 1253 ἀλλά
3101 1220 3118 1252 ι
3143 1203 3207 1271 τῇ
3245 1199 3393 1270 δεξιᾷ
3418 1201 3608 1254 ἑαυτοῦ
3634 1222 3652 1252 ι

429 1293 679 1348 nomines
705 1294 797 1365 qui
826 1294 892 1348 ad
913 1295 1201 1365 imaginem
1227 1297 1345 1364 ejus
1383 1296 1508 1350 facti
1566 1306 1712 1350 sunt.
1739 1297 1982 1362 Quamvis

2099 1290 2314 1361 πρῶτον
2344 1290 2440 1361 μὲν
2473 1288 2758 1361 ῥύσασθαι,
2793 1289 2980 1342 ἔπειτα
3005 1289 3194 1343 σῶσαι.
3239 1291 3577 1360 Ἀγαπητοὺς
3600 1290 3658 1344 δὲ

425 1386 570 1439 enim
603 1387 658 1440 in
688 1395 908 1457 peccata
930 1389 1089 1457 lapsi,
1121 1396 1359 1444 attamen
1395 1389 1468 1443 ob
1497 1389 1857 1443 substantiam
1881 1390 1982 1443 ani

2096 1383 2190 1436 τοῦ
2217 1383 2351 1437 Θεοῦ
2392 1383 2500 1436 οὐδ’
2535 1383 2726 1445 ἄλλους
2766 1383 3028 1452 ἠπίστατο
3062 1383 3095 1454 ἢ
3135 1383 3259 1446 τοὺς
3312 1385 3429 1436 κατ’
3471 1384 3656 1437 είκόνα

426 1492 528 1531 mae
555 1478 896 1546 spiritualem
931 1487 984 1533 et
1010 1479 1410 1544 rationabilem,
1451 1478 1636 1534 dilecti
1669 1477 1762 1532 Dei
1793 1494 1982 1533 vocan-

2096 1475 2196 1545 τὴν
2220 1474 2384 1528 αὑτοῦ
2411 1474 2806 1545 πεποιημένους
2841 1472 3176 1546 ἀνθρώπους.
3215 1474 3276 1526 El
3321 1475 3424 1545 γὰρ
3462 1474 3554 1527 καὶ
3582 1473 3654 1527 τά

423 1577 534 1624 tur.
571 1567 738 1622 Deum
765 1569 965 1640 itaque.
999 1571 1274 1624 mentione
1312 1569 1634 1623 dilectorum
1656 1583 1879 1624 suorum
1915 1569 1982 1622 fa-

2100 1563 2332 1633 μάλιστα
2353 1563 2778 1617 ύποπεπτῶκασι
2806 1567 2871 1634 τῇ
2906 1564 3178 1635 ἁμαρτίᾳ,
3215 1562 3326 1616 ἀλλ’
3375 1565 3520 1634 ὅμως
3566 1564 3654 1618 διὰ

423 1667 533 1722 cta,
559 1660 773 1728 placare
809 1668 1062 1724 conatur,
1113 1668 1377 1730 rogatque
1429 1668 1488 1714 ut
1544 1675 1574 1714 a
1615 1661 1982 1730 spiritualibus

2095 1654 2192 1725 τὴν
2210 1654 2282 1725 (l)
2299 1655 2476 1726 ψυχῆς
2487 1655 2673 1708 οὐσίαν
2696 1655 2886 1727 νοεράν
2900 1651 3062 1709 οὖσαν
3078 1656 3172 1710 καὶ
3191 1654 3431 1726 λογικὴν,
3445 1655 3657 1724 ἀγαπη-

423 1749 662 1806 inimicis
689 1761 743 1806 et
770 1752 1022 1806 hostibus
1047 1752 1371 1820 eripiantur,
1407 1759 1569 1820 atque
1592 1759 1828 1821 ereptos,
1853 1752 1982 1806 dex-

2092 1746 2174 1798 τοὶ
2199 1745 2440 1816 εἴρηνται
2479 1745 2571 1797 τοῦ
2605 1744 2762 1798 Θεοῦ.
2807 1747 3053 1798 Δυσωπεῖ
3097 1744 3271 1797 τοίνυν
3306 1746 3334 1797 6
3363 1743 3518 1812 λόγος
3567 1743 3660 1797 τὸν

422 1851 538 1897 tera
566 1859 662 1900 sua
689 1845 863 1900 salute
885 1845 1067 1899 donet.
1112 1844 1398 1900 Dexteram
1459 1853 1637 1898 autem
1670 1844 1762 1898 Dei
1818 1859 1985 1914 quam

424 1933 632 1989 dixeris
652 1949 797 1997 esse,
829 1933 935 1988 nisi
961 1932 1236 1987 Christum
1265 1933 1472 2003 tropice
1503 1933 1582 1988 sic
1608 1935 1895 1987 vocatum?
1919 1932 1988 1987 Ut

419 2023 566 2076 enim
597 2022 733 2076 alias
753 2023 926 2076 virtus
945 2029 998 2075 et
1043 2021 1334 2090 sapientia,
1361 2021 1575 2090 justitia
1601 2029 1656 2076 et
1683 2019 1988 2075 sanctiﬁca-

422 2113 500 2166 tio
522 2122 576 2167 et
604 2112 905 2182 redemptio
929 2112 1111 2166 dictus
1139 2123 1250 2177 est;
1276 2113 1355 2168 sic
1373 2112 1484 2181 jam
1515 2113 1737 2166 dextera
1760 2121 1986 2168 vocatus

423 2205 608 2266 fuerit,
640 2204 766 2272 quia
789 2204 1014 2260 dextera
1041 2214 1094 2259 et
1113 2205 1373 2260 salutaria
1396 2204 1650 2260 omnibus
1675 2203 1986 2261 hominibus

421 2301 815 2362 procuraturus
836 2301 974 2351 erat.

2092 1836 2222 1889 Θεὸν
2251 1835 2337 1888 διά
2369 1837 2466 1905 τῆς
2498 1837 2714 1907 μνήμης
2733 1836 2838 1890 τῶν
2861 1836 3159 1907 ἀγαπητῶν
3190 1835 3372 1900 αὑτοῦ,
3404 1852 3659 1907 παρακαο

2091 1928 2174 1980 λεῖ
2204 1945 2262 1980 τε
2289 1927 2552 1998 ῥύσασθαι
2598 1929 2792 1992 αὐτοὺς
2839 1928 2945 1982 ἀπὸ
2971 1928 3176 1998 νοητῶν
3206 1945 3264 1980 τε
3314 1925 3524 1998 ἐχθρῶν
3567 1927 3661 1980 καὶ

2095 2019 2368 2090 πολεμίων
2392 2036 2405 2050 ⁸
2445 2019 2746 2090 ῥυσάμενον
2778 2036 2838 2071 τε
2868 2018 3035 2072 σῶσαι
3065 2019 3260 2081 αὐτοὺς
3285 2018 3373 2072 διά
3400 2018 3500 2088 τῆς
3532 2019 3658 2070 ἑαυο

2091 2112 2186 2167 τοῦ
2229 2112 2427 2180 δεξιᾶς.
2463 2111 2653 2176 Δεξιὰν
2698 2111 2753 2164 δὲ
2782 2111 2874 2164 τοῦ
2909 2111 3042 2164 Θεοῦ
3071 2111 3190 2165 τίνα
3219 2111 3282 2163 ἄν
3315 2128 3398 2173 τις
3443 2113 3582 2164 εῐποι
3620 2111 3656 2182 ἢ

2093 2206 2182 2259 τὸν
2232 2205 2464 2278 Χριστὸν
2506 2204 2668 2259 αὐτοῦ
2707 2188 2984 2276 τροπικῶς
3025 2203 3194 2267 οὕτως
3236 2203 3656 2274 ὠνομασμένον,

2100 2295 2188 2361 Ὦς
2217 2298 2323 2368 γὰρ
2355 2295 2589 2368 ἀλλαχοῦ
2622 2295 2847 2367 δύναμις
2868 2297 2960 2349 καὶ
2989 2295 3146 2364 σοφία
3167 2294 3432 2361 λέλεκται,
3455 2294 3659 2348 δικαιο-

421 2388 554 2460 σύνη
586 2406 646 2442 τε
701 2389 795 2442 καὶ
826 2389 1117 2459 ἁγιασμὸς,
1171 2389 1265 2442 καὶ
1311 2386 1717 2460 ἀπολύτρωσις,
1763 2389 1905 2444 οὕτω
1944 2392 2037 2445 καὶ
2073 2391 2166 2446 νῦν
2220 2391 2370 2458 δεξιά
2393 2392 2781 2464 χρηματίσειεν
2819 2391 2882 2444 ἄν
2904 2407 2917 2420 ο
2946 2391 3132 2462 ἐπειδὴ
3160 2388 3225 2443 τὰ
3252 2390 3401 2456 δεξιά
3431 2392 3521 2444 καὶ
3549 2407 3660 2445 owe

419 2483 579 2552 τήρια
603 2482 768 2538 πᾶσιν
793 2479 1098 2552 ἀνθρώποις
1128 2480 1473 2554 προξενήσειν
1506 2481 1746 2553 ἔμελλεν.

495 2571 654 2627 Vens.
687 2572 740 2636 8,
768 2570 820 2624 9.
867 2590 886 2623 ι
933 2570 1074 2626 Deus
1107 2571 1319 2626 locutus
1348 2580 1432 2626 est
1475 2571 1528 2624 in
1573 2580 1764 2626 sancto
1794 2585 1916 2633 suo,
1959 2590 1976 2621 ι

2167 2589 2186 2622 ι
2236 2571 2292 2624 '0
2328 2570 2460 2632 Θεὸς
2497 2569 2754 2641 ἐλάλησεν
2791 2570 2847 2621 ἐν
2875 2569 2951 2639 τῷ
2993 2569 3132 2639 ἁγίῳ
3161 2567 3345 2631 αὐτοῦ,
3390 2587 3408 2619 ι
3446 2568 3537 2622 καὶ
3590 2569 3661 2628 τὰ

417 2671 474 2715 et
506 2670 721 2717 caetera.
749 2661 886 2716 Cum
927 2670 1182 2732 precatus
1212 2661 1448 2732 Spiritus
1495 2671 1716 2718 sanctus
1753 2669 1897 2718 esset
1927 2671 1982 2716 ut

2088 2663 2234 2733 ἑξῆς.
2276 2661 2587 2732 Εύξαμένου
2621 2661 2714 2714 τοῦ
2746 2661 2900 2729 ἁγίου
2935 2659 3248 2730 Πνεύματος
3278 2659 3421 2722 ὅπως
3451 2658 3656 2730 ῥυσθῶ-

419 2751 780 2806 liberarentur
811 2751 995 2806 dilecti
1042 2751 1168 2816 Dei,
1214 2753 1352 2806 nihil
1401 2761 1690 2807 cunctatus
1731 2751 1873 2807 Deus
1902 2769 1982 2807 re-

2089 2771 2172 2806 σιν
2228 2755 2277 2806 οἱ
2317 2753 2589 2824 ἀγαπητοὶ
2638 2752 2733 2806 τοῦ
2791 2752 2946 2817 Θεοῦ,
2996 2753 3161 2824 μηδὲν
3219 2752 3581 2823 ὑπερθέμενος
3623 2754 3656 2804 6

418 2841 648 2910 spondet
680 2841 765 2896 bis
795 2842 1008 2895 verbis:
1033 2859 1050 2892 ι
1093 2839 1385 2896 Exaltabor
1432 2849 1486 2896 et
1537 2841 1774 2896 dividam
1810 2841 1982 2894 Sichi.

2089 2845 2219 2910 Θεὸς
2245 2845 2599 2915 ἀποκρίνεται
2623 2845 2794 2913 λέγων
2815 2861 2830 2876 ⁸
2869 2864 2888 2895 ι
2934 2845 3322 2916 ’Υψωθήσομαι
3349 2844 3440 2896 καὶ
3461 2843 3656 2913 διαμες

418 2947 527 2988 tua.
550 2950 568 2983 ι
603 2929 727 2991 11εο
743 2946 839 3000 per
870 2929 1103 2986 Verbum
1126 2946 1308 2996 suum,
1343 2931 1495 3001 quasi
1521 2931 1982 3008 perJinterpretem

2093 2935 2192 3008 ριῶ
2244 2937 2463 3007 Σίκιμα.
2503 2955 2521 2988 ι
2572 2936 2755 2990 Ταῦτα
2801 2937 2858 2990 δὲ
2903 2935 2994 2989 τοῦ
3041 2935 3176 2989 Θεοῦ
3219 2935 3308 2989 διά
3354 2934 3446 2988 τοῦ
3482 2935 3658 3002 Λόγου

423 3025 666 3077 locutum
695 3021 862 3078 Deum
906 3021 1134 3077 audiens
1167 3021 1404 3092 Spiritus
1451 3030 1696 3087 sanctus,
1726 3022 1840 3077 haec
1869 3020 1982 3092 ipsa

2091 3020 2254 3074 αὑτοῦ
2299 3022 2376 3086 ὡς
2419 3022 2484 3075 δι’
2526 3024 2807 3096 ἑρμηνέως
2853 3022 3202 3094 λαλήσαντος,
3249 3024 3310 3076 τὸ
3347 3022 3573 3094 Πνεῦμα
3597 3024 3660 3076 τὸ

419 3130 523 3170 nos
543 3115 734 3170 edocet
760 3133 773 3170 :
806 3129 974 3184 quare
997 3114 1090 3177 ait,
1124 3133 1142 3165 ι
1184 3113 1324 3169 Deus
1355 3113 1569 3169 locutus
1593 3121 1676 3170 est
1701 3113 1757 3168 in
1795 3121 1982 3170 sancto

2088 3111 2240 3180 ἅγιον
2285 3114 2616 3180 ἐπακοῦσαν,
2655 3115 2891 3169 διδάσκει
2939 3115 3032 3169 καὶ
3067 3117 3212 3186 ἡμᾶς
3255 3115 3449 3168 εἰδέναι
3495 3115 3656 3169 αὐτά·

419 3220 540 3260 suo.
584 3223 603 3256 ι
645 3203 906 3261 Sanctum
934 3219 1094 3274 porro
1119 3204 1234 3270 llei,
1259 3205 1351 3276 qui
1380 3204 1609 3260 formam
1637 3205 1780 3262 servi
1829 3219 1984 3261 accee

418 3296 517 3366 pit,
564 3310 676 3350 non
716 3295 1040 3366 ignorabant
1076 3297 1202 3351 olim
1265 3295 1577 3352 dazmones:
1631 3297 1984 3368 quamobrem

418 3387 746 3453 clamabant,
776 3405 796 3438 σ
839 3386 1055 3448 Scimus
1081 3394 1134 3450 te
1169 3389 1292 3458 quis
1319 3388 1416 3453 sis,
1450 3387 1686 3453 Sanctus
1718 3387 1812 3443 Dei
1852 3388 1918 3442 ⁸⁸.
1960 3407 1979 3439 ι

416 3475 532 3532 lmo
567 3493 696 3532 vero
723 3479 778 3532 in
808 3493 1052 3532 uuvtn
1083 3479 1291 3549 psalmo
1339 3478 1542 3532 dictum
1571 3488 1696 3535 est:
1735 3496 1754 3530 ι
1803 3477 1982 3534 Semel

415 3567 595 3638 juravi
619 3569 676 3623 in
698 3577 890 3625 sancto
917 3585 1060 3634 meo,
1092 3569 1138 3625 si
1170 3567 1342 3624 David
1369 3571 1602 3624 mentiar
1634 3573 1699 3626 ¹⁶.
1739 3590 1757 3624 ›
1785 3569 1985 3636 Quem-

421 3660 711 3716 admodum
740 3662 885 3716 enim
920 3670 1073 3732 pater
1103 3661 1158 3716 in
1189 3661 1300 3716 lilio
1329 3661 1550 3728 dilecto,
1584 3663 1666 3718 sic
1697 3664 1981 3720 universo-

418 3766 540 3806 rum
576 3751 716 3808 Deus
765 3753 818 3807 in
866 3751 1004 3807 Filio
1036 3753 1206 3822 iurat.
1245 3754 1344 3810 Hic
1380 3756 1544 3826 igitur
1569 3758 1728 3812 etiam
1773 3776 1792 3808 ι
1843 3756 1986 3814 Deus

419 3839 637 3896 locutus
666 3850 751 3896 est
787 3841 840 3895 in
861 3851 1048 3898 sancto
1079 3859 1218 3911 suo;
1259 3865 1277 3897 ι
1314 3846 1448 3911 sive,
1480 3848 1778 3902 secundum
1813 3849 1982 3918 Aqui-

420 3931 560 3994 lam,
621 3951 640 3983 σ
697 3932 840 3988 Deus
899 3935 1112 3990 locutus
1154 3947 1240 3992 est
1293 3938 1348 3991 in
1401 3939 1740 3995 sanctificato
1786 3956 1904 3996 suo.
1961 3961 1980 3992 ι

420 4024 778 4090 Quandonam
803 4026 855 4080 id
887 4026 1164 4095 impletum
1185 4035 1287 4095 est,
1314 4029 1419 4084 nisi
1449 4046 1572 4084 cum
1606 4032 1660 4085 in
1686 4031 1986 4087 novissimo

419 4115 632 4170 dierum
678 4115 892 4170 locutus
921 4123 1004 4171 est
1045 4117 1200 4173 nobis
1246 4118 1300 4172 in
1331 4117 1498 4172 Filio?
1528 4119 1668 4184 Quid
1694 4130 1875 4174 autem
1906 4121 1986 4176 lo-

419 4213 581 4262 cutus
609 4217 691 4261 est
721 4207 824 4261 nisi
859 4207 971 4260 haec
1016 4223 1136 4277 qua:
1185 4218 1510 4278 sequuntur,
1545 4229 1562 4261 ι
1608 4210 1904 4266 Exsultabo
1931 4221 1985 4267 et

417 4297 653 4352 dividam
709 4296 1026 4352 Sichima?»
1107 4298 1166 4354 ln
1223 4314 1326 4354 cvu
1389 4300 1567 4369 itaque
1602 4301 1804 4356 dictum
1864 4311 1982 4366 est,

2085 3203 2167 3256 διό
2206 3222 2369 3276 φησιν
2411 3223 2424 3236 ·
2466 3225 2484 3257 ι
2523 3207 2582 3261 '0
2607 3207 2739 3270 Θεὸς
2765 3208 3023 3278 ἐλάλησεν
3052 3209 3108 3260 ὲν
3135 3207 3212 3277 τῷ
3237 3206 3376 3276 ἁγίῳ
3407 3206 3593 3261 αὑτοῦ.
3631 3225 3653 3260 ι

2087 3295 2190 3348 Τὸν
2228 3296 2285 3348 δὲ
2327 3295 2480 3366 ἅγιον
2512 3297 2604 3351 τοῦ
2647 3298 2780 3351 Θεοῦ
2821 3298 3032 3370 μορφὴν
3064 3297 3248 3351 δούλου
3287 3297 3518 3350 λαϐόντα
3557 3297 3660 3352 οὐκ

2085 3384 2358 3454 ὴὉόησάν
2409 3403 2537 3439 ποτε
2594 3389 2642 3440 οἱ
2701 3386 2978 3458 δαίμονεςο
3023 3387 3102 3441 διὸ
3153 3388 3318 3441 ἐϐόων
3375 3386 3657 3454 λέγοντες·

2093 3495 2112 3526 ε
2153 3476 2386 3546 Οἴδαμέν
2421 3493 2481 3530 σε
2515 3477 2601 3541 τις
2644 3473 2714 3541 εἷ,
2748 3481 2776 3532 6
2800 3479 2950 3547 ἅγιος
2983 3479 3076 3533 τοῦ
3105 3479 3259 3532 Θεοῦ.
3298 3499 3316 3530 ι
3360 3479 3520 3532 Ἀλλά
3565 3480 3659 3533 καὶ

2089 3567 2150 3619 ὲν
2183 3567 2488 3639 πη⁰ψαλμῷ
2523 3567 2802 3622 λέλεκται·
2834 3589 2851 3620 ι
2888 3569 3066 3636 Ἀπαξ
3103 3569 3290 3640 ῶμοσα
3318 3570 3374 3621 έν
3405 3569 3482 3639 τῷ
3513 3570 3656 3640 ἁγίῳ

2091 3674 2214 3727 μου,
2253 3660 2300 3711 εί
2339 3658 2416 3730 τῷ
2457 3659 2619 3714 Δαυῒδ
2656 3660 2946 3732 ψεύσομαι.
3009 3681 3027 3713 ι
3077 3663 3164 3726 Ὠς
3190 3662 3296 3735 γάρ
3339 3663 3518 3734 πατὴρ
3564 3664 3653 3731 ἐφ’

2088 3749 2187 3820 υίῷ
2219 3751 2506 3822 ἀγαπητῷ,
2548 3751 2720 3816 οὕτως
2749 3755 2778 3806 6
2819 3752 2927 3806 τῶν
2973 3753 3108 3807 ὅλων
3136 3753 3265 3817 Θεὸς
3295 3754 3386 3806 ἐπὶ
3413 3753 3500 3823 ξτῷ
3535 3753 3654 3824 Υίῷ

2086 3839 2314 3911 ὥμνυσι.
2346 3844 2454 3900 Καὶ
2479 3843 2711 3896 ἐνταῦθα
2736 3845 2913 3898 τοίνυν
2941 3863 2959 3896 ι
2991 3845 3019 3896 6
3049 3845 3180 3908 Θεὸς
3212 3845 3468 3916 ἐλάλησεν
3493 3845 3549 3897 ὲν
3575 3844 3656 3916 τῷ

2087 3930 2224 4000 ἁγίῳ
2253 3931 2418 3984 αὑτοῦ
2440 3949 2454 3962 ο
2491 3952 2510 3984 ι
2544 3933 2599 4003 ἢ,
2637 3933 2776 3986 κατά
2808 3935 2898 3988 τὸν
2943 3935 3189 3999 Ἀκύλαν,
3222 3954 3240 3986 ι
3283 3936 3338 3988 Ὁ
3367 3935 3496 3998 Θεὸς
3534 3934 3657 3990 ἐλά-

2086 4021 2247 4093 λησεν
2271 4025 2329 4076 ὲν
2360 4025 2676 4094 ήγιασμένῳ
2701 4025 2885 4080 αὑτοῦ.
2909 4045 2926 4077 ι
2955 4025 3088 4078 Πότε
3107 4026 3164 4078 δὲ
3196 4025 3290 4078 καὶ
3321 4024 3466 4078 τοῦτ’
3487 4025 3655 4096 ἐπλη-

2093 4114 2267 4184 ροῦτο,
2301 4115 2333 4186 ἦ
2363 4115 2449 4168 ὅτε
2483 4116 2568 4168 ἐπ’
2600 4117 2824 4186 ἐσχάτου
2858 4118 2962 4170 τῶν
2993 4117 3212 4188 ἡμερῶν
3243 4117 3502 4188 ἐλάλησεν
3525 4119 3656 4188 ἡμῖν

2087 4210 2144 4259 έν
2185 4205 2330 4277 mp;
2367 4207 2431 4259 Τί
2465 4207 2520 4260 δὲ
2557 4207 2814 4279 ἐλάλησεν
2859 4209 2891 4280 ἢ
2929 4209 2998 4262 τὰ
3039 4210 3404 4281 ἐπιφερόμενα
3446 4209 3651 4278 λέγων’

2093 4319 2109 4350 ι
2164 4300 2579 4372 Ἀγαλλιάσομαι
2620 4304 2710 4356 καὶ
2758 4303 3019 4376 διαμεριῶ
3070 4305 3300 4375 Σίκιμα;
3337 4325 3357 4356 ι
3409 4306 3497 4358 Ἐν
3557 4307 3655 4376 μὲν

422 4408 440 4442 ι
483 4389 794 4455 Exaltabor,
824 4399 878 4446 et
919 4391 1154 4445 dividam
1189 4389 1429 4446 Sichima
1467 4394 1541 4460 ¹⁷;
1585 4411 1604 4443 ι
1639 4393 1798 4464 idque
1831 4409 1895 4449 ex
1933 4411 1982 4452 re

2093 4388 2184 4445 οὖν
2229 4393 2307 4463 τῷ
2353 4393 2431 4464 ρξ’
2460 4394 2704 4466 είρηταυ
2751 4415 2768 4445 ι
2823 4396 3226 4468 ’Υψωοήσομαμ
3263 4395 3358 4450 καὶ
3393 4396 3657 4468 διαμεριῶ

416 4483 730 4547 admodum,
757 4482 882 4552 quia
908 4482 960 4536 in
987 4483 1176 4539 eodem
1201 4483 1406 4538 dictum
1440 4493 1596 4540 antea
1620 4484 1742 4549 fuit,
1776 4504 1794 4537 ι
1825 4485 1984 4540 Exal-

417 4582 532 4629 tare
589 4589 754 4644 super
786 4575 976 4640 caelos,
1013 4573 1156 4631 Deus
1179 4616 1194 4640 ,
1218 4584 1273 4629 et
1307 4591 1470 4645 super
1517 4591 1731 4631 omnem
1782 4586 1982 4632 terram

415 4666 586 4735 gloria
614 4675 704 4720 tua
735 4667 796 4720 ⁸⁸.
829 4685 846 4717 ι
887 4666 968 4720 Ad
1000 4667 1128 4720 illud
1161 4667 1328 4730 enim,
1361 4687 1378 4718 ι
1419 4669 1678 4730 exaltare,
1711 4687 1729 4719 ι
1760 4669 1862 4724 hoc
1899 4685 1982 4724 re-

417 4755 657 4822 ponitur,
693 4772 712 4806 ι
747 4755 1058 4821 exaltabor;
1103 4775 1120 4806 ι
1149 4755 1238 4809 hic
1266 4772 1395 4810 vero
1423 4757 1488 4811 ad
1515 4757 1666 4820 illud,
1702 4778 1720 4809 ι
1757 4758 1976 4813 Salvum

417 4840 505 4896 fac
529 4841 751 4896 dextera
777 4853 865 4898 tua
887 4883 902 4907 ,
946 4862 964 4895 ι
999 4853 1052 4898 et
1077 4845 1143 4900 ad
1177 4845 1332 4912 illud,
1365 4865 1383 4896 ι
1416 4845 1484 4903 Ut
1515 4848 1812 4903 liberentur
1843 4849 1978 4904 dile-

414 4935 489 4991 cti
521 4937 622 5000 tui,
662 4956 680 4988 ι
711 4937 778 4992 de
806 4937 1130 4995 dilectarum
1159 4955 1381 4995 suorum
1419 4942 1594 4996 salute
1631 4941 1874 5010 gaudens
1900 4943 1980 4997 sic

415 5028 724 5097 respondet,
757 5048 776 5080 ι
813 5028 1136 5098 Exsultabo;
1173 5052 1192 5086 ι
1229 5034 1362 5098 sive,
1393 5033 1690 5090 secundum
1709 5033 1978 5103 Aquilam,

421 5137 440 5171 ι
476 5116 796 5186 Gloriabor;
837 5141 855 5173 ι
886 5122 1020 5187 sive,
1051 5125 1348 5180 secundum
1380 5123 1783 5195 Symmachum,
1807 5144 1826 5179 ι
1860 5122 1982 5178 Glo-

413 5213 595 5266 riabar
626 5219 680 5266 et
712 5211 1033 5268 distribuam
1077 5213 1337 5269 Sichima.
1374 5234 1392 5266 ι
1429 5215 1552 5270 Haec
1585 5223 1764 5270 autem
1797 5216 1975 5285 portio

412 5304 542 5357 olim
561 5301 799 5374 Josepho
820 5320 885 5358 ex
916 5307 1268 5376 praerogativa
1292 5307 1526 5376 quadam
1547 5305 1804 5378 deputata
1832 5306 1930 5362 fuit
1959 5327 1971 5362 :

2094 4485 2312 4554 Σίκιμα,
2345 4504 2362 4535 ι
2387 4486 2590 4558 σφόδρα
2633 4487 3010 4559 καταλλήλως·
3059 4487 3241 4558 ἐπειδὴ
3275 4488 3330 4540 ὲν
3364 4489 3556 4556 ἐκείνῳ
3596 4489 3654 4540 ἐν

2087 4578 2198 4639 τοῖς
2232 4574 2535 4646 ἔμπροσθεν
2577 4577 2807 4646 ἐλέγετοο
2845 4597 2863 4629 ι
2914 4578 3185 4649 ’ΥψώΘητι
3214 4580 3306 4631 ἐπὶ
3333 4579 3458 4642 τοὺς
3487 4581 3655 4650 ούρα-

2088 4667 2232 4731 νοῦς,
2261 4670 2290 4720 6
2330 4668 2488 4732 Θεὸς,
2525 4672 2618 4724 καὶ
2659 4671 2750 4722 ἐπὶ
2780 4673 2957 4724 πᾶσαν
2989 4671 3085 4742 τὴν
3114 4671 3218 4742 γῆν
3253 4675 3285 4742 ἡ
3321 4671 3446 4736 δόξα
3475 4689 3590 4728 σου.
3628 4690 3650 4724 ι

2088 4757 2232 4827 Πρὸς
2260 4759 2365 4830 γὰρ
2391 4760 2471 4821 τὸ,
2505 4777 2524 4810 t
2567 4760 2828 4829 ύψώθητι,
2862 4779 2880 4812 ι
2911 4763 3262 4832 ὲπενήνεκται
3283 4762 3363 4824 τὸ,
3395 4780 3414 4812 ι
3447 4761 3657 4834 ὑψωθή-

2083 4864 2245 4918 σομαι
2263 4867 2276 4879 ο
2313 4868 2332 4900 ι
2372 4849 2602 4903 ἐνταῦθα
2622 4850 2679 4903 δὲ
2702 4852 2836 4920 πρὸς
2857 4851 2936 4914 τὸ,
2976 4871 2994 4901 ι
3027 4852 3196 4904 σῶσον
3224 4855 3288 4924 τῇ
3315 4852 3464 4924 δεξιᾷ
3490 4869 3605 4919 σου,
3629 4872 3648 4905 ι

2085 4943 2180 4994 καὶ
2214 4941 2348 5012 πρὸς
2369 4941 2450 5005 τὸ,
2476 4960 2492 4991 ι
2515 4943 2664 5006 ὃπως
2698 4942 2764 4996 ἂν
2789 4942 3058 5013 ρυσθῶσιν
3108 4945 3156 4997 οἱ
3183 4945 3453 5016 ἀγαπητοί
3486 4963 3602 5011 σου,
3627 4965 3647 4998 ι

2084 5031 2287 5103 χαίρων
2323 5032 2414 5084 ἐπὶ
2456 5035 2523 5103 τῇ
2573 5033 2684 5085 τῶν
2729 5033 3021 5104 ἀγαπητῶν
3059 5033 3223 5087 αὑτοῦ
3259 5035 3521 5106 σωτηρίᾳ,
3555 5035 3654 5105 τὴν

2087 5123 2374 5193 ἀπόκρισιν
2407 5126 2637 5176 ποιεῖται
2661 5123 2853 5191 λέγων,
2880 5141 2900 5176 ι
2935 5125 3375 5195 ’Δγαλλιάσομαν
3401 5147 3417 5175 ι
3435 5125 3489 5195 ἢ,
3511 5125 3653 5177 κατά

2082 5213 2172 5265 τὸν
2188 5211 2433 5276 Ἀκύλαν,
2464 5231 2483 5264 t
2516 5214 2882 5286 Γαυριάσομαι
2901 5232 2914 5245 ·
2945 5235 2962 5266 ι
2987 5216 3042 5287 ἦ,
3065 5216 3204 5271 κατὰ
3231 5216 3321 5269 τὸν
3338 5216 3651 5286 Σύμμαχον,

2090 5319 2111 5353 t
2149 5304 2435 5376 Γαυριάσω
2477 5307 2571 5358 καὶ
2598 5306 2908 5378 διανεμήσω
2937 5307 3153 5377 Σίκιμαο
3192 5327 3210 5360 ι
3252 5307 3400 5379 Δῦτη
3431 5307 3487 5359 δὲ
3521 5302 3589 5376 ἦν
3616 5307 3651 5378 ἡ

413 5393 486 5449 ob
510 5410 672 5466 quam
705 5396 832 5451 olim
866 5397 1033 5453 altum
1088 5397 1371 5466 sapiebant
1423 5396 1594 5454 Judaei
1615 5437 1632 5463 ,
1661 5413 1806 5454 nunc
1852 5413 1978 5454 vero

2089 5397 2254 5451 πάλαι
2279 5397 2632 5468 ἀφωρισμένη
2663 5397 2740 5467 τῷ
2785 5399 2977 5468 Ἰωσὴφ
3013 5399 3167 5470 μερὶς
3201 5401 3321 5452 κατ’
3353 5399 3645 5471 ἐξαίρετον,

412 5497 546 5555 gens
582 5484 1070 5542 Samaritanorum.
1123 5486 1198 5549 Ea
1245 5494 1423 5544 autem
1457 5489 1574 5560 ipsa
1617 5496 1703 5547 est
1743 5485 1980 5542 Sichima

2088 5489 2172 5558 ἐφ’
2297 5491 2388 5542 καὶ
2427 5490 2568 5560 μέγα
2617 5490 2872 5561 ἐφρόνουν
2929 5491 3188 5563 πρότερον
3233 5492 3331 5563 μὲν
3382 5491 3650 5546 Ἰουδαίων

490 5577 531 5608 ⁸⁵
570 5577 700 5632 Luc.
743 5594 815 5644 tv,
851 5578 938 5632 '54.
1019 5579 1061 5611 ¹⁶
1098 5574 1242 5632 Psal.
1280 5595 1550 5645 uxxvnt,
1585 5580 1673 5638 3.6.
1754 5581 1795 5611 ¹τ
1835 5577 1978 5639 Psal.
2019 5595 2121 5635 cvn
2145 5621 2158 5646 ,
2196 5582 2248 5637 8.
2328 5578 2372 5614 ³⁸
2410 5581 2766 5646 Psal.cvu,6.

491 5665 564 5738 (ι)
605 5666 764 5722 Forte
795 5668 945 5724 deest
978 5669 1092 5739 τῆς.
1129 5666 1286 5726 Enn.
