4024 6210
372 263 485 324 555

1503 267 2005 325 COMMENTARIA
2045 268 2115 325 IN
2154 267 2492 327 PSALMOS.

3505 263 3611 320 566

370 382 586 447 παῖδες,
638 381 735 437 νῦν
786 383 843 437 δὲ
892 384 952 437 τὸ
988 384 1339 457 Σαμαρειτῶν
1386 384 1566 453 φῦλον.
1608 388 1672 441 Ἠ
1724 389 1861 460 αύτὴ
1898 389 1945 443 δὲ

2057 406 2176 459 qua:
2205 390 2443 453 Sichem,
2473 403 2636 459 quam
2657 386 2894 458 Josepbo
2923 388 3069 444 dedit
3093 386 3281 450 Iacob.
3300 386 3391 441 ubi
3418 397 3614 456 puteus

366 474 491 528 ἐστι
520 474 717 546 Σίκιμα
739 478 806 547 τῇ
828 476 1030 547 Συχὲμ,
1056 479 1122 547 ἢν
1151 477 1346 534 ἔδωκεν
1377 478 1570 534 Ἰακὼϐ
1596 480 1673 552 τῷ
1712 481 1910 552 Ἰωσήφ
1929 497 1943 511 ⁸

364 565 505 619 ἔνθα
531 565 711 619 καὶτὸ
736 566 913 638 φρέαρ
940 568 1032 621 καὶ
1061 570 1094 639 ἡ
1126 569 1274 641 πηγὴ
1304 569 1405 624 τοῦ
1441 570 1634 626 Ἰακὼϐ
1668 572 1944 642 τυγχάνει,

366 650 450 709 ὧν
484 656 755 727 μέμνηται
784 657 843 710 τὸ
869 658 1215 727 Εὑαγγέλιον,
1240 661 1331 714 τὸν
1361 661 1590 733 Σωτῆρα
1609 662 1813 730 φάσκον
1833 664 1951 715 ἐπι-

363 747 756 819 δεδημηκέναι,
802 749 1028 813 πολλούς
1054 768 1113 803 τε
1145 751 1321 805 αὐτῶν
1360 755 1439 816 είς
1466 753 1628 806 αὐτὸν
1659 771 1951 807 πεπιστευ-

366 840 551 895 κέναι.
584 840 745 894 Ἀλλά
773 842 867 894 καὶ
896 841 1033 912 μετά
1057 843 1155 915 τὴν
1173 844 1437 915 ἀνάληψιν
1455 844 1619 898 αὐτοῦ
1647 846 1697 899 oi
1720 846 1950 899 ἀπόστο-

364 928 477 993 λοι,
510 931 570 983 ἐν
609 932 676 1001 τῇ
723 931 1007 1003 Σαμαρείᾳ
1036 933 1335 1005 γενόμενοι,
1374 937 1572 1005 σημεῖα
1616 935 1710 989 καὶ
1749 936 1950 1007 τέρατα

362 1019 591 1073 ἐποίουν
638 1022 695 1073 ἐν
745 1022 903 1093 αὐτῇ,
955 1022 1029 1086 ὡς
1070 1025 1394 1097 ἱστορεῖσθαι
1444 1028 1501 1079 ἐν
1550 1030 1672 1091 ταῖς
1713 1026 1949 1098 Πράξεσι

361 1110 480 1165 τῶν
510 1110 824 1166 ἀποστόλων
851 1112 911 1165 τὺ
944 1114 1166 1184 Πνεῦμα
1197 1115 1258 1168 τὸ
1281 1116 1433 1185 ἅγιον
1465 1117 1705 1171 δεδόσθαι
1728 1121 1837 1182 τοῖς
1860 1119 1950 1172 τὸν

362 1201 536 1256 τόπον
586 1201 816 1267 οἰκοῦσι,
865 1204 1038 1276 χαράν
1065 1223 1124 1259 τε
1168 1207 1408 1278 μεγάλην
1441 1208 1718 1278 γεγονέναι
1742 1209 1948 1264 αὐτόθι.

364 1293 687 1364 Γέγραπται
747 1296 897 1364 γοῦν,
943 1298 1025 1351 ὃτι
1080 1298 1362 1363 Φίλιππος,
1420 1299 1695 1353 κατελθὼν
1740 1302 1818 1364 εἰς
1854 1300 1951 1371 τὴν

365 1383 523 1437 πόλιν
553 1384 653 1455 τῆς
680 1384 1011 1457 Σαμαρείας,
1036 1387 1338 1459 ἐκήρυσσεν
1366 1389 1547 1453 αὐτοῖς
1579 1389 1669 1443 τὸν
1698 1391 1950 1461 Χριστόν.

367 1474 669 1545 Προσεῖχον
694 1475 753 1530 δὲ
798 1477 849 1528 oi
897 1476 1045 1548 δχλοι
1087 1481 1202 1543 τοῖς
1248 1479 1556 1552 λεγομένοις
1592 1481 1697 1535 ὑπὸ
1728 1481 1822 1535 τοῦ
1860 1483 1951 1535 Φι-

366 1565 571 1619 λίππου
618 1566 983 1638 ὁμοθυμαδὸν,
1017 1571 1076 1622 ἐν
1128 1570 1205 1643 τῷ
1237 1572 1455 1627 ἀκούειν
1497 1574 1694 1637 αὐτοὺς
1720 1575 1812 1628 καὶ
1832 1574 1951 1645 βλέ-

370 1676 496 1712 πειν
548 1659 617 1713 τά
662 1664 864 1733 σημεῖα
911 1662 947 1716 ἀ
992 1662 1197 1717 ἐποίει·
1229 1665 1445 1735 ἐγένετο
1480 1667 1538 1720 δὲ
1583 1668 1734 1739 φωνὴ
1780 1669 1953 1739 χαρᾶς

2048 489 2101 534 et
2135 480 2255 534 fons
2283 477 2452 533 Jaeob
2484 483 2590 533 est.
2653 474 2896 542 Quorum
2931 477 3177 533 meminit
3229 474 3576 546 Evangelium
3597 510 3613 535 ,

2040 570 2236 625 dicens
2272 569 2607 623 Salvatorem
2636 583 2702 621 eo
2734 565 3018 623 advenisse
3038 610 3053 635 ,
3094 582 3388 638 eorumque
3416 567 3616 621 mukos

2048 659 2103 712 in
2138 660 2313 729 ipsum
2344 658 2661 713 credidisse.
2701 656 2842 723 Quin
2872 658 3034 712 etiam
3088 666 3211 729 post
3255 658 3375 728 ejus
3402 671 3619 712 assum-

2051 748 2320 818 ptionem,
2388 749 2619 819 apostoli
2672 749 2971 802 Samariam
3032 758 3314 819 petentes,
3370 748 3526 819 signa
3561 756 3617 803 et

2050 840 2293 910 prodigia
2325 841 2688 911 operabantur
2734 842 2790 896 in
2842 842 2981 911 ipsa,
3039 840 3112 896 ita
3169 848 3230 895 ut
3278 842 3334 895 in
3390 841 3616 895 Actibus

2050 933 2420 1002 apostolorum
2448 943 2697 987 narretur
2733 931 2993 1003 Spiritum
3037 942 3285 987 sanctum
3315 931 3434 1001 ejus
3465 931 3618 986 inco-

2050 1023 2118 1078 lis
2156 1024 2343 1078 datum
2398 1023 2604 1089 fuisse,
2650 1025 2835 1093 ibique
2879 1038 3130 1094 magnum
3183 1023 3457 1078 exstitisse
3483 1037 3619 1092 gau-

2049 1113 2218 1168 dium.
2259 1112 2530 1167 Scribitur
2557 1128 2778 1183 quoque
2806 1111 3116 1182 Philippum
3171 1111 3519 1167 descendisse
3560 1112 3617 1165 in

2050 1205 2238 1260 urbem
2269 1203 2568 1258 Samariam
2596 1245 2611 1268 ,
2671 1204 2914 1274 ipsisque
2958 1203 3287 1274 praedicasse
3315 1202 3612 1258 Christum.

2052 1294 2248 1351 Turba:
2273 1311 2433 1366 porro
2475 1295 2638 1351 dictis
2667 1296 2900 1368 Philippi
2930 1296 3261 1351 unanimiter
3313 1295 3613 1359 haerebant,

2051 1404 2174 1443 cum
2203 1389 2451 1444 audirent
2484 1403 2549 1443 ac
2566 1388 2813 1444 viderent
2830 1389 2985 1458 signa
3013 1404 3133 1459 qua:
3159 1388 3387 1442 faciebat
3418 1406 3431 1441 :
3458 1403 3618 1443 exor—

2052 1488 2215 1550 taque
2247 1494 2442 1549 magna
2472 1494 2574 1533 vox
2608 1479 2803 1534 laetitia:
2829 1487 2913 1533 est
2956 1479 3010 1532 in
3060 1479 3280 1533 civitate
3308 1478 3420 1532 illa.
3463 1477 3619 1532 Delu-

2052 1572 2226 1642 deque
2256 1571 2502 1626 dicitur:
2541 1590 2561 1622 ι
2615 1570 2747 1626 Cum
2808 1579 2986 1626 autem
3040 1571 3321 1626 audissent
3364 1572 3613 1639 apostoli,

2054 1665 2146 1733 qui
2186 1671 2342 1718 erant
2373 1662 2761 1733 Hierosolymis
2790 1702 2805 1726 ,
2837 1661 2982 1732 quod
3026 1661 3322 1730 recepisset
3369 1660 3625 1715 Samaria-

377 1750 588 1821 μεγάλη
638 1752 694 1806 ἐν
757 1755 823 1823 τῇ
874 1754 1024 1808 πόλει
1086 1733 1289 1830 ἐκείνῃ.
1357 1759 1468 1813 Καὶ
1524 1733 1650 1830 ἑξῆς
1702 1733 1945 1831 εἴρηται·

2057 1755 2279 1810 verbum
2310 1755 2426 1817 Dei.
2455 1754 2725 1810 miserunt
2763 1753 2830 1807 ad
2867 1767 2961 1808 eos
3005 1751 3221 1808 Petrum
3250 1760 3304 1808 et
3331 1750 3611 1807 Joannem.

385 1860 405 1890 ι
426 1841 776 1904 ’Δκούσαντες
804 1843 861 1897 δὲ
913 1847 963 1899 oi
999 1848 1057 1900 ἐν
1129 1847 1514 1920 Ἰεροσολύμοις
1550 1850 1945 1913 ἀπόστολοι,ὃτι

2054 1845 2299 1912 Quicum
2332 1845 2631 1910 venissent,
2662 1851 2950 1901 oraverunt
2999 1858 3096 1912 pro
3129 1843 3261 1913 ipsis
3300 1849 3363 1896 ut
3411 1842 3619 1911 accipe.

381 1930 673 2003 δέδεκταιὴ
698 1934 978 2007 Σαμάρεια
1005 1937 1098 1993 τὸν
1128 1940 1285 2007 λόγον
1321 1939 1414 1994 τοῦ
1439 1940 1594 2005 Θεοῦ,
1633 1942 1945 1999 ἀπέστειλαν

2054 1944 2173 1991 rent
2200 1933 2462 2005 Spiritum
2487 1944 2769 1998 sanctum;
2802 1952 2821 1984 ι
2859 1946 2924 1986 ac
2967 1931 3315 2002 subjungitur
3355 1949 3418 1985 τι
3460 1929 3615 1993 Tunc

385 2019 525 2090 πρὸς
575 2022 763 2086 αὐτοὺς
818 2025 1024 2092 Πέτρον
1085 2030 1179 2082 καὶ
1217 2029 1495 2100 Ἰωάννην·
1542 2032 1737 2096 οἵτινες
1783 2051 1954 2088 κατα-

381 2110 574 2176 ϐάντες
598 2114 969 2187 προτηύξαντο
1002 2119 1130 2190 περὶ
1155 2119 1334 2174 αὐτῶν
1372 2122 1520 2185 ὅπως
1549 2122 1753 2178 λάϐωσι
1786 2124 1957 2179 Πνεῦ-

377 2219 455 2272 μα
496 2204 679 2273 ἆγιονο
725 2225 744 2258 ι
798 2208 894 2261 καὶ
938 2209 1207 2279 ἐπιλέγει·
1237 2229 1275 2263 ·«
1307 2213 1439 2267 Τότε
1491 2215 1807 2270 ἐπετίθεσαν
1856 2217 1955 2283 τάς

378 2297 573 2366 χεῖρας
602 2297 689 2349 ἐπ’
719 2298 935 2363 αὐτοὺς,
980 2301 1074 2354 καὶ
1118 2301 1421 2373 ἐλάμϐανον
1468 2305 1691 2377 Πνεῦμα
1724 2308 1893 2376 ἅγιον.
1929 2329 1949 2362 ι

382 2383 552 2438 Ταῦτ’
583 2381 679 2439 οὖν
709 2387 922 2456 ἐγένετο
949 2391 1007 2442 ὲν
1040 2394 1106 2462 τῇ
1129 2393 1430 2465 Σαμαρείᾳ,
1455 2393 1831 2467 πληρουμένης
1853 2398 1954 2468 τῆς

364 2478 512 2549 μετὰ
546 2482 734 2552 χεῖρας
765 2476 1115 2551 ἐπαγγελίας,
1140 2484 1483 2555 φασκούσης·
1515 2505 1533 2537 ι
1567 2486 1952 2565 ξΥψωθήσομαι

359 2571 464 2624 καὶ
488 2570 755 2643 διαμεριῶ
804 2572 1025 2644 Σίκιμα.
1074 2575 1199 2639 Τοῖς
1234 2575 1342 2648 γάρ
1388 2578 1480 2630 ἐπὶ
1514 2578 1613 2648 τῆς
1645 2579 1953 2651 Σαμαρείας

354 2663 643 2737 διεμέρισε
683 2666 744 2718 τὸ
782 2665 1006 2736 Πνεῦμα
1047 2666 1108 2720 τὸ
1146 2667 1300 2736 ἆγιον
1348 2667 1483 2738 μετά
1528 2668 1626 2740 τὴν
1688 2670 1952 2742 ἀνάληψιν

354 2756 556 2823 αὑτοῦ,
581 2758 675 2810 καὶ
714 2756 939 2827 μετά.τὸ
967 2757 1243 2829 ὑψωθῆναι
1286 2759 1466 2824 αὐτὸν,
1480 2760 1567 2813 ὅτε
1593 2778 1611 2811 ι
1641 2761 1846 2825 ἀναϐὰς
1872 2763 1952 2826 είς

357 2846 502 2915 ὕψος
540 2845 958 2917 ᾐχμαλώτευσεν
987 2848 1386 2920 αἰχμαλωσίαν,
1421 2851 1514 2903 καὶ
1544 2850 1712 2904 ἔδωκε
1743 2851 1950 2923 δόματα

355 2940 427 2993 ἐν
452 2937 778 3009 ἀνθρώποις.
820 2957 839 2990 ι
878 2939 988 2992 Καὶ
1028 2938 1203 2995 ταῦτα
1233 2942 1442 3009 ἐγίνετο
1465 2941 1606 3012 μετὰ
1626 2944 1688 2996 τὸ
1714 2944 1951 3016 διωχθῆ-

354 3047 456 3083 ναι
521 3032 647 3094 τοὺς
691 3030 939 3102 μαθητάς
973 3032 1067 3085 τοῦ
1108 3033 1360 3107 Σωτῆρος
1395 3036 1503 3088 ἀπὸ
1542 3036 1945 3109 Ἱεροσολύμων.

2054 2032 2403 2101 imponebant
2433 2046 2628 2085 manus
2668 2043 2832 2098 super
2860 2028 3002 2090 illos,
3038 2035 3091 2082 et
3122 2018 3459 2095 accipiebant
3494 2024 3617 2095 Spi-

2053 2124 2216 2176 ritum
2244 2130 2494 2176 sanctum
2528 2122 2593 2174 ι’.
2631 2140 2650 2173 ι
2676 2119 2800 2176 Haec
2827 2121 2992 2192 igitur
3015 2116 3273 2172 Samaria:
3290 2114 3434 2170 facta
3465 2124 3615 2179 sunt,

2052 2214 2128 2267 ita
2159 2222 2216 2267 ut
2247 2214 2361 2268 haec
2389 2212 2680 2283 promissio
2704 2203 3047 2282 impleretur:
3072 2228 3097 2262 ι
3134 2208 3425 2267 Exaltabor
3455 2214 3510 2261 et
3533 2207 3615 2262 di-

2055 2306 2230 2360 vidam
2273 2305 2533 2361 Sichima.
2572 2325 2591 2357 »
2641 2303 2773 2359 Nam
2790 2302 3160 2364 Samaritanis
3194 2300 3457 2372 Spiritum
3497 2315 3618 2355 san.

2050 2404 2197 2451 ctum
2233 2397 2512 2452 distribuit
2549 2404 2671 2466 post
2716 2397 3139 2465 assumptionem
3195 2408 3349 2449 suam
3381 2400 3437 2447 et
3474 2402 3617 2462 post-

2051 2504 2212 2558 quam
2239 2489 2512 2543 exaltatus
2542 2495 2625 2542 est
2648 2528 2664 2552 ,
2718 2487 2935 2558 quando
2974 2505 2993 2538 ι
3032 2485 3331 2541 ascendens
3362 2485 3415 2539 in
3446 2485 3617 2538 altum

2049 2579 2317 2649 captivam
2352 2578 2516 2633 duxit
2542 2577 2938 2646 captivitatem,
2959 2584 3014 2632 et
3038 2574 3184 2631 dedit
3211 2575 3352 2629 dona
3379 2575 3614 2629 homini-

2049 2671 2151 2726 bus
2173 2671 2240 2726 '°.
2280 2690 2298 2722 ι
2333 2668 2457 2724 Haec
2490 2683 2655 2738 porro
2695 2668 2835 2723 facta
2876 2674 3003 2722 sunt
3029 2674 3313 2737 postquam
3357 2665 3612 2735 discipuli

2052 2761 2351 2817 Salvatoris
2384 2760 2772 2831 Hierosolyma:
2793 2757 3226 2830 persecutionem
3274 2756 3431 2828 passi-
3463 2764 3608 2811 sunt.

2048 2853 2138 2907 Ait
2166 2855 2347 2924 itaque
2374 2850 2656 2922 Scriptura
2683 2869 2699 2907 :
2733 2870 2751 2904 ι
2791 2849 2956 2906 Facta
2978 2858 3061 2906 est
3079 2842 3396 2921 persecutio
3420 2862 3612 2918 magna

2050 2946 2105 3001 in
2125 2944 2363 3001 Ecclesia
2375 2960 2495 3015 qua:
2516 2954 2633 3000 erat
2657 2943 3068 3014 Hierosolymis,
3092 2950 3145 2998 et
3169 2956 3358 2998 omnes
3379 2940 3611 3010 dispersi

2050 3046 2179 3095 sunt
2199 3038 2242 3068 ¹¹
2268 3054 2287 3104 ;~
2317 3056 2336 3089 ι
2364 3051 2427 3090 ac
2456 3051 2673 3092 rursum
2705 3054 2718 3090 :
2753 3053 2771 3087 ι
2808 3034 2976 3107 lgitur
3027 3035 3123 3105 qui
3170 3032 3402 3103 dispersi
3456 3039 3613 3087 erant

355 3119 533 3189 Λέγει
568 3120 699 3189 γοῦν
740 3123 775 3194 ἡ
816 3121 1005 3193 Γραφή
1026 3138 1040 3153 ο
1079 3142 1098 3173 ι
1150 3124 1394 3193 Ἐγένετο
1420 3125 1476 3178 δὲ
1503 3123 1737 3197 διωγμὸς
1768 3128 1941 3198 μέγας

2050 3129 2481 3200 pertransibant,
2507 3128 2945 3199 evangelizantes
2975 3127 3200 3181 verbum
3236 3127 3303 3183 ⁸³.
3343 3145 3362 3178 ι
3390 3123 3612 3180 Βοίιιιὶο

354 3212 464 3265 ἐπὶ
505 3212 627 3284 τὴν
654 3213 976 3284 Ἐκκλησίαν
1013 3215 1112 3287 τὴν
1157 3218 1215 3268 ἐν
1275 3216 1690 3288 Ἰεροσολύμοις-
1744 3220 1942 3283 πάντες

2047 3220 2248 3275 dictum
2282 3228 2386 3283 est,
2408 3236 2515 3290 qua
2541 3220 2752 3274 ratione
2779 3217 3135 3273 Samaritanis
3156 3217 3609 3287 evangelizarent,

352 3302 429 3358 δὲ
455 3302 824 3377 διεσπάρησαν
845 3323 858 3335 ·
900 3326 919 3358 ι
952 3307 1044 3360 καὶ¹
1072 3307 1232 3360 πάλιν
1255 3325 1269 3338 ·
1313 3326 1332 3359 ι
1372 3310 1436 3364 Ol
1463 3310 1560 3380 μὲν
1586 3306 1679 3364 οὖν
1712 3312 1944 3367 διασπαη

2047 3319 2096 3365 et
2127 3310 2403 3381 quomodo
2435 3310 2668 3381 apostoli
2704 3307 2969 3379 Spiritum
3018 3316 3267 3363 sanctum
3321 3308 3456 3377 ipsis
3508 3306 3613 3361 im-

356 3392 559 3467 ρέντες
596 3394 812 3465 διῆλθον
850 3396 1323 3470 εὐαγγελιζόμενοι
1381 3400 1473 3453 τὸν
1508 3399 1685 3469 λόγον.
1737 3420 1756 3453 ι
1824 3398 1939 3457 Εἶθ’

2047 3402 2327 3474 pertirent.
2362 3398 2806 3456 Demonstratum
2843 3414 2974 3469 ergo
3000 3408 3085 3454 est
3109 3413 3279 3469 quare
3306 3397 3512 3453 dictum
3536 3398 3627 3457 sit;

354 3485 499 3556 ἑξῆς
556 3485 772 3558 εἴρηται
812 3487 960 3551 ὅπως
997 3491 1109 3552 τοῖς
1141 3490 1200 3542 ἐν
1230 3492 1297 3561 τῇ
1347 3491 1629 3563 Σαμαρείᾳ
1655 3493 1939 3565 εὐηγγελί-

2047 3493 2197 3559 illud,
2231 3511 2251 3544 ι
2287 3491 2606 3557 Exaltabor,
2632 3499 2685 3547 et
2723 3491 2961 3547 dividam
2985 3491 3247 3545 Sichima.
3282 3509 3301 3543 ι
3332 3488 3468 3543 Nam
3495 3488 3629 3547 ιιωοι

354 3577 545 3645 ζοντο,
578 3579 674 3633 καὶ
702 3580 778 3642 ὼς
801 3579 896 3633 τοῦ
929 3581 1244 3653 Πνεύματος
1275 3582 1370 3635 τοῦ
1412 3583 1562 3651 ἁγίου
1600 3586 1940 3657 μετεδίδοσαν

358 3670 555 3734 αὐτοῖς
584 3671 634 3723 οί
665 3671 971 3727 ἀπόστολοι.
1026 3672 1303 3728 Δέδεικται
1347 3675 1524 3729 τοίνυν
1551 3677 1700 3741 ὅπως
1726 3679 1939 3750 είρηται

356 3760 450 3825 τὸ,
483 3782 504 3813 ι
526 3762 912 3835 ’Υψωθήσομαι
941 3764 1034 3817 καὶ
1054 3765 1316 3837 διαμεριῶ
1337 3766 1561 3837 Σίκιμα·
1597 3789 1616 3823 ι
1661 3748 1798 3841 μετά
1832 3748 1940 3844 γὰρ

354 3852 431 3905 τὸ
477 3852 758 3925 ὑψωθῆναι
795 3856 887 3909 τὸν
924 3856 1150 3927 Σωτῆρα
1199 3858 1375 3911 πάντα
1404 3859 1577 3913 ταῦτα
1615 3862 1935 3935 ἐπληροῦτο.

363 3944 564 4011 Ἄλλος
609 3945 654 3999 δ’
687 3946 755 4001 ἂν
781 3947 946 4012 εἴποι,
986 3947 1075 4005 διά
1102 3947 1162 4001 τὸ
1195 3948 1361 4002 πάλαι
1392 3950 1488 4021 μὲν
1518 3953 1628 4005 τῶν
1673 3954 1940 4010 Ἰουδαίων

360 4031 505 4090 εἶναι
529 4037 622 4091 τὸν
642 4038 829 4104 τόπον,
859 4038 978 4092 wvl
1006 4039 1064 4094 δὲ
1093 4039 1230 4111 μετά
1266 4039 1361 4111 τὴν
1385 4040 1480 4093 τοῦ
1508 4043 1756 4114 Σωτῆρος
1784 4046 1940 4116 ἡμῶν

357 4129 635 4201 ἀνάληψιν
654 4128 878 4201 Ἕλλησι
910 4130 1004 4184 καὶ
1020 4131 1385 4203 Σαμαρείταις
1400 4133 1725 4198 ἐκδεδόσθαι,
1750 4137 1939 4192 τούτου

363 4218 531 4289 χάριν
564 4217 820 4290 εἰρῆσθαι
846 4216 928 4281 τὺ,
976 4236 994 4268 ι
1038 4218 1421 4291 ’Υψωθήσομαι
1451 4222 1544 4274 καὶ
1569 4220 1832 4295 διαμεριῶ
1856 4224 1942 4277 Σί-

360 4324 534 4377 κιμα·
564 4327 586 4360 ι
614 4307 750 4361 ἀλλά
787 4308 881 4361 καὶ
911 4326 930 4358 ι
977 4306 1074 4378 τὴν
1112 4308 1334 4364 κοιλάδα
1364 4310 1470 4364 τῶν
1511 4311 1727 4383 σκηνῶν
1752 4312 1941 4384 διαμε-

2040 3585 2223 3640 omnia
2276 3582 2636 3654 implebantur
2677 3589 2964 3654 postquam
3024 3581 3272 3637 Salvator
3335 3580 3613 3636 exaltatus

2039 3684 2143 3732 est.
2168 3674 2377 3730 Dixerit
2405 3674 2593 3731 forsan
2619 3676 2781 3740 alius,
2805 3676 2932 3746 quia
2962 3674 3090 3730 olim
3121 3672 3431 3729 Judaaorum
3454 3674 3634 3729 locus.

2039 3778 2179 3834 erat,
2218 3783 2367 3823 nunc
2421 3777 2601 3824 autem
2652 3776 2775 3839 post
2820 3766 3120 3841 Salvatoris
3169 3767 3342 3822 nostri
3394 3781 3627 3822 assum.

2040 3860 2303 3931 ptionem,
2362 3860 2566 3916 Graecis
2615 3870 2670 3916 et
2724 3858 3084 3916 Samaritanis
3143 3873 3437 3915 concessus
3489 3856 3617 3913 fue-

2041 3961 2147 4019 rat,
2180 3954 2304 4009 ideo
2320 3953 2551 4019 dictum,
2580 3972 2599 4004 ι
2628 3953 2937 4018 Exaltabor,
2955 3962 3009 4008 et
3023 3951 3258 4008 dividam
3282 3949 3523 4006 Sichima
3547 3968 3561 4017 ;
3584 3971 3606 4002 ι

2043 4047 2138 4102 sed
2167 4047 2353 4114 etiam,
2384 4064 2403 4097 ι
2451 4047 2750 4102 convallem
2785 4044 3258 4101 tabernaculorum
3284 4043 3549 4098 dimetiar.
3580 4060 3605 4093 ι

2040 4140 2350 4194 Convallem
2400 4139 2778 4195 universorum
2816 4138 3098 4194 hominum
3140 4135 3477 4193 domicilium
3513 4150 3610 4189 vo-

2041 4246 2170 4287 care
2205 4232 2490 4286 consuevit
2529 4230 2878 4301 propheticus
2902 4244 3113 4285 sermo:
3151 4242 3320 4299 quare
3348 4225 3476 4280 alibi
3523 4223 3609 4279 di-

2043 4331 2193 4377 ctum
2231 4332 2356 4379 est:
2395 4341 2414 4374 ι
2470 4321 2747 4392 Disposuit
2797 4323 2853 4376 in
2899 4322 3037 4377 valle
3078 4315 3533 4390 lacrymarum“.
3581 4334 3600 4367 ι

357 4400 573 4488 πρήσω.
613 4420 632 4452 ι
668 4399 905 4454 Κοιλάδα
934 4399 992 4453 δὲ
1032 4399 1221 4455 είωθεν
1248 4402 1534 4473 ὀνομάζειν
1558 4407 1586 4461 ὁ
1607 4406 1939 4477 προφητικὸς

2047 4414 2160 4469 Hoc
2188 4415 2369 4484 itaque
2398 4414 2675 4476 hominum
2713 4414 2957 4467 omnium
2996 4410 3357 4471 domicilium.
3387 4417 3442 4462 et
3467 4421 3605 4461 con-

358 4487 522 4558 λόγος
552 4489 613 4541 τὸ
641 4489 857 4543 πάντων
885 4488 1187 4560 ἀνθρώπων
1225 4492 1566 4564 οἰκητήριον·
1595 4494 1675 4548 διὸ
1696 4493 1939 4549 λέλεκται

357 4580 631 4651 ἀλλαχοῦ·
678 4599 697 4631 ι
746 4579 957 4635 Διέθετο
1003 4584 1083 4646 είς
1123 4583 1222 4653 τὴν
1263 4584 1485 4645 κοιλάδα
1523 4586 1618 4640 τοῦ
1648 4587 1940 4659 κλαυθμῶ-

358 4690 474 4739 νος.
504 4694 526 4727 ι
555 4674 729 4728 Τοῦτο
771 4673 836 4745 δὴ
881 4669 974 4727 οὖν
1004 4674 1066 4728 τὸ
1109 4677 1325 4732 πάντων
1372 4678 1673 4749 ἀνθρώπων
1714 4682 1939 4753 οἰκητή-

362 4783 501 4839 ριον,
551 4768 646 4822 καὶ
701 4768 800 4840 τὴν
855 4769 1075 4826 κοιλάδα
1125 4771 1328 4840 ταύτην
1384 4771 1721 4844 ἐκκλησιῶν,
1753 4775 1940 4845 φησὶν,

360 4862 604 4933 ἐμαυτοῦ
657 4863 960 4936 πληρώσω·
1008 4864 1038 4918 δ
1082 4864 1146 4936 δὴ
1178 4866 1471 4919 αἰνίττεται
1500 4866 1692 4934 λέγων,
1726 4887 1745 4920 ι
1795 4869 1939 4941 Σκη-

360 4951 472 5005 νῶν
500 4952 869 5028 διαμετρήσω.
909 4976 930 5010 ›
981 4957 1093 5011 Kal
1114 4960 1143 5011 ό
1181 4958 1414 5021 Ἀκύλας
1444 4958 1503 5012 δὲ
1549 4959 1737 5014 τοῦτον
1758 4963 1940 5033 ἡρμή-

363 5061 524 5106 νευσε
573 5046 666 5100 τὸν
712 5047 932 5119 τρόπον,
967 5066 986 5101 ι
1029 5049 1266 5105 Κοιλάδα
1314 5053 1665 5123 συσκιασμῶν
1701 5071 1941 5125 καταμε-

362 5138 573 5210 τρήσω.
605 5157 624 5190 ι
660 5135 773 5192 Εἴθ’
803 5139 992 5212 ὥσπερ
1030 5142 1181 5212 ἐμὸς,
1215 5143 1366 5213 φησι.
1399 5143 1620 5213 γέγονεν
1650 5147 1681 5198 ό
1707 5146 1939 5214 Γαλαὰδ,

364 5232 462 5284 καὶ
485 5230 619 5302 ἐμὸς
648 5230 839 5299 γέγονέ
871 5249 1000 5286 ποτε
1032 5235 1061 5288 ό
1099 5234 1416 5305 Μανασσῆς,
1464 5236 1558 5293 καὶ
1596 5236 1835 5309 Ἐφρατμ
1874 5234 1940 5309 ἦν

364 5338 518 5384 ποτε,
552 5323 642 5376 ὅτε
680 5322 916 5395 ὑπῆρχε,
952 5343 972 5376 σ
1006 5328 1341 5396 κραταίωσις
1364 5328 1464 5397 τῆς
1483 5328 1727 5398 κεφαλῆς
1757 5345 1879 5400 μου,
1914 5351 1934 5383 ι

363 5415 420 5486 ἦ,
465 5413 609 5469 κατά
660 5414 751 5470 τὸν
799 5415 1111 5488 Σύμμαχον,
1141 5438 1160 5469 ι
1200 5421 1352 5491 ἰσχὺς
1395 5420 1494 5490 τῆς
1540 5420 1713 5491 ἀρχῆς
1744 5439 1882 5492 μου’
1915 5444 1935 5476 ι

361 5506 640 5577 ὸμοίωςτε
656 5504 862 5582 ὥσπερ,
890 5504 960 5581 ῆν
975 5526 1106 5564 ποτε
1138 5529 1158 5564 ι
1190 5512 1220 5565 ὁ
1250 5512 1447 5575 Ἰούδας
1480 5509 1731 5582 βασιλεύς
1776 5532 1933 5587 μου,›

2045 4504 2236 4559 vallem
2268 4503 2449 4566 istam,
2481 4501 2747 4567 ecclesiis,
2776 4500 2987 4571 inquit,
3018 4500 3155 4555 meis
3183 4497 3421 4567 replebo.
3451 4494 3608 4562 Quod

2045 4596 2131 4651 bis
2158 4595 2341 4650 verbis
2363 4594 2693 4657 subindicat,
2716 4612 2735 4645 ι
2767 4592 3260 4648 Tabernaculorum
3285 4589 3555 4646 dimetiar.
3579 4610 3601 4641 ι

2044 4686 2239 4756 Aquila
2262 4699 2392 4742 vero
2414 4684 2495 4740 sic
2529 4684 2919 4755 interpretatus
2948 4692 3051 4749 est,
3096 4699 3117 4734 ι
3148 4681 3463 4738 Convallem
3486 4696 3608 4737 um-

2045 4776 2393 4831 braculorum
2422 4774 2636 4830 metiar.
2672 4793 2691 4826 ι
2726 4773 3022 4838 Deinde,ut
3050 4772 3199 4837 olim,
3224 4772 3421 4843 inquit,
3451 4785 3607 4826 meus

2044 4867 2147 4924 fuit
2196 4867 2396 4925 Galaad
2426 4907 2443 4933 ,
2497 4881 2652 4922 meus
2681 4867 2809 4920 item
2839 4864 3119 4920 Manasses
3143 4903 3159 4930 ,
3199 4872 3254 4919 et
3308 4861 3563 4934 Ephraim
3586 4903 3605 4928 ,

2050 4979 2069 5012 ι
2108 4961 2366 5016 fortitudo
2389 4959 2582 5030 capitis
2607 4958 2725 5014 mei.
2747 4976 2765 5010 ι
2794 4957 3066 5027 quondam
3085 4963 3235 5023 erat;
3266 4956 3400 5023 sive,
3416 4969 3609 5010 secun-

2044 5050 2171 5105 dum
2196 5050 2602 5123 Symmachum,
2630 5068 2650 5101 ι
2680 5047 2848 5103 robur
2877 5048 3212 5118 principatus
3242 5047 3368 5113 mei;
3399 5065 3417 5098 ι
3452 5045 3603 5109 item,

2045 5154 2105 5197 ut
2127 5144 2255 5198 olim
2285 5160 2303 5193 ι
2342 5140 2512 5199 Judas
2564 5155 2659 5197 rex
2706 5155 2860 5195 meus
2902 5159 2921 5192 ι
2968 5138 3104 5202 fuit;
3156 5147 3251 5192 aut
3304 5135 3605 5193 secundum

2042 5232 2315 5302 Aquilam,
2353 5249 2373 5283 ι
2410 5228 2580 5286 Iudas
2610 5229 2841 5302 diligens
2889 5228 3178 5299 inquisitor
3209 5243 3394 5290 meus;
3439 5243 3459 5276 ι
3504 5238 3602 5278 ea-

2045 5326 2165 5382 dem
2195 5340 2423 5396 prorsus
2450 5325 2764 5381 conditione
2789 5324 2894 5380 erit
2917 5323 3339 5393 alienigenarum
3373 5316 3521 5387 regio
3542 5325 3602 5369 et
3686 5396 3687 5399 η

2045 5420 2196 5487 urbs,
2227 5434 2349 5490 qua:
2378 5419 2582 5475 dicitur
2625 5417 2821 5475 Moab:
2870 5417 3133 5473 efﬁcietur
3180 5415 3324 5471 enim
3383 5428 3403 5462 ι
3453 5409 3602 5465 lebes

2045 5513 2160 5585 spei
2188 5528 2355 5583 mea};
2396 5533 2415 5565 ι
2457 5512 2564 5581 vel,
2615 5512 2914 5569 secundum
2945 5510 3231 5580 Aquilam,
3277 5525 3295 5558 ι
3335 5503 3486 5560 lebes
3518 5504 3604 5559 la.

441 5684 486 5716 ⁸⁸
516 5682 777 5748 Act.vm,
816 5684 996 5744 14-17.
1073 5687 1278 5746 "Psal.
1316 5703 1484 5757 mu,
1524 5691 1607 5748 l9.
1684 5692 1867 5750 "Aet.
1902 5711 1945 5752 v1

2047 5693 2091 5753 I.
2166 5696 2211 5731 "
2285 5694 2417 5752 ibid.
2450 5696 2503 5753 4.
2580 5690 2787 5750 "Psal.
2824 5704 3017 5757 tum,
3051 5688 3108 5744 6.
