4024 6202
405 251 512 308 507

1068 251 1340 310 EUSEBll
1377 249 1852 310 CESARIENSIS
1882 247 2031 306 OPP.
2069 245 2250 302 PARS
2283 246 2370 302 lll.
2391 279 2460 288 —
2493 243 2902 301 EXEGETICA.

3530 238 3636 294 508

404 367 552 424 vacri
584 368 727 436 mei;
763 387 783 420 ι
817 375 910 422 aut
938 386 960 422 ι
996 368 1143 426 lebes
1177 369 1486 424 securitatis
1518 383 1669 430 meae,
1707 386 1728 421 ι
1773 383 1950 424 εεοιιιιι

2067 365 2124 436 ἢ,
2150 364 2290 418 κατὰ
2316 365 2407 418 τὸν
2433 363 2680 426 Ἀκύλαν,
2714 381 2733 413 ι
2755 362 2952 424 Ἰούδας
2985 359 3314 432 ἀκριϐαστής
3339 377 3437 430 μου
3453 377 3467 390 σ
3497 379 3520 411 ι
3541 357 3634 412 τὸν

400 461 532 515 dum
569 459 974 530 Symmachum.
1013 459 1266 532 prraim
1307 475 1436 516 vero
1462 459 1834 516 fortitudinem
1865 475 1958 514 ca-

401 554 529 622 pitis
555 551 662 610 sui.
697 550 811 606 sive
841 552 1010 607 robur
1035 552 1370 623 principatus
1399 551 1507 615 sui,
1539 551 1748 608 vocavit
1776 569 1789 606 :
1823 565 1961 620 quo-

399 644 542 698 niam
566 643 660 713 qui
681 658 745 698 ex
773 643 916 698 tribu
945 643 1200 716 prraim
1226 645 1354 700 olim
1411 652 1724 715 regnarunt,
1763 643 1815 697 in
1863 656 1962 696 no-

395 749 515 790 vem
541 740 596 789 et
624 733 900 789 dimidiam
957 751 1022 790 ex
1067 735 1320 791 tribubus
1371 735 1535 792 Israel
1571 734 1854 806 imperium
1902 731 1958 788 in

398 823 645 878 Samaria
677 824 1050 880 obtinuerunt.

2065 456 2228 510 αὐτὸν
2251 456 2449 528 τρόπον
2473 454 2624 508 ἔσται
2649 453 2742 507 καὶ
2769 455 2802 524 ή
2830 453 2938 506 τῶν
2959 450 3266 520 ἀλλοφύλων
3281 449 3428 522 χώρα
3453 466 3514 502 τε
3539 450 3633 502 καὶ

2061 545 2220 610 πόλις
2272 547 2306 616 ή
2351 546 2659 616 καλουμένη
2703 544 2908 599 Μωάϐο
2944 545 3229 614 γενήσεται
3282 543 3390 612 γὰρ
3419 561 3437 592 ι
3471 540 3633 613 λέϐης

2061 638 2160 707 τῆς
2216 637 2425 700 ἐλπίδος
2461 653 2583 708 μου,
2621 656 2640 687 ι
2673 637 2729 708 ἢ,
2763 635 2900 690 κατά
2955 635 3045 688 τὸν
3110 632 3369 687 Ἀκύλαν·
3415 652 3432 684 ι
3471 633 3632 704 λέϐης

2062 727 2289 800 λουτροῦ
2332 745 2431 799 μου
2455 744 2467 758 ·
2509 747 2528 780 ι
2561 727 2616 799 ἢ,
2653 747 2671 778 ι
2706 727 2867 797 λέϐης
2913 727 3240 798 ἀμεριμνίας
3273 743 3395 795 μου,
3433 745 3451 777 ι
3491 727 3632 780 κατά

2061 819 2150 873 τὸν
2200 819 2512 890 Σύμμαχον.
2545 819 2649 872 Τὸν
2675 818 2732 871 δὲ
2777 816 3013 888 Ἐφραῒμ
3044 817 3374 887 κραταίωσιν
3409 816 3510 887 τῆς
3540 834 3631 870 κε-

395 921 570 993 φαλῆς
605 920 795 980 ἐαυτοῦ
840 920 1138 992 ὠνόμασεν,
1175 920 1210 991 ἢ
1272 921 1422 992 ίσχὺν
1450 921 1550 992 τῆς
1577 919 1749 994 ἀρχῆς
1781 915 1996 973 ἐαυτοῦ·
2037 914 2330 986 ἐπειδήπερ
2355 915 2405 966 οἱ
2427 915 2491 967 ἐκ
2517 913 2689 984 φυλῆς
2728 913 2963 984 Ἐφραῖμ
2988 909 3400 981 βασιλεύσαντες
3458 906 3630 981 ἧρξαν

395 1030 525 1069 ποτε
563 1017 622 1072 ἐν
653 1019 718 1089 τῇ
753 1015 1035 1088 Σαμαρείᾳ
1077 1015 1186 1069 τῶν
1223 1016 1378 1069 ἐννέα
1421 1016 1592 1086 ἥμισυ
1638 1015 1818 1084 φυλῶν
1844 1013 1938 1068 τοῦ
1973 1010 2207 1083 Ἰσραήλ.

467 1105 602 1160 Cum
632 1115 810 1161 autem
840 1104 949 1159 duo
975 1103 1195 1176 Josepbi
1227 1104 1322 1159 ﬁlii
1352 1103 1575 1167 fuerint,
1613 1103 1867 1173 Epii‘raim
1911 1109 1966 1156 et

396 1194 676 1252 Manasses
707 1189 723 1251 Ξ
763 1195 1112 1267 prraimitae
1140 1211 1262 1252 sese
1297 1197 1366 1251 ab
1421 1195 1723 1251 Jerusalem
1775 1210 1963 1266 segre-

2132 1099 2236 1153 Δύο
2261 1099 2318 1154 δέ
2361 1099 2566 1153 παίδων
2592 1098 2894 1169 γενομένων
2911 1097 2989 1169 τῷ
3019 1097 3235 1170 Ἰωσὴφ,
3257 1096 3354 1151 τοῦ
3393 1097 3630 1171 Ἑφραῒμ

2063 1192 2156 1245 καὶ
2180 1189 2273 1244 τοῦ
2299 1190 2586 1260 Μανασσῆ,
2616 1193 2663 1243 οἱ
2698 1190 2794 1261 μὲν
2821 1189 2916 1242 τοῦ
2957 1188 3210 1260 Ἐφραῒμ,
3234 1189 3628 1258 ἀποσχίσαντες

395 1292 606 1352 gantes,
641 1285 696 1338 in
727 1283 994 1348 Samaria,
1029 1285 1144 1341 sive
1189 1284 1244 1339 in
1286 1285 1536 1354 praedicta
1570 1283 1799 1356 Sycbem
1845 1298 1950 1353 qua

2063 1283 2160 1352 τῆς
2201 1281 2570 1352 Ἰερουσαλὴμ,
2595 1283 2652 1334 ἐν
2674 1283 2738 1352 τῇ
2764 1281 3042 1351 Σαμαρείᾳ
3063 1281 3156 1334 καὶ
3179 1283 3244 1350 τῇ
3271 1279 3626 1354 προλεχθείςῃ

392 1383 448 1430 et
514 1373 792 1440 Sichima,
861 1376 1065 1446 regiam
1119 1377 1542 1433 constituerunt.
1601 1376 1950 1443 Quamobrem

2062 1373 2247 1443 Συχὲμ
2277 1375 2345 1443 τῇ
2380 1374 2474 1426 καὶ
2501 1372 2697 1442 Σίκιμα
2745 1372 3078 1443 συνέστησαν
3115 1372 3176 1424 τὸ
3221 1371 3479 1441 βασίλειον
3499 1389 3512 1403 ·
3540 1371 3622 1426 διὸ

393 1467 598 1523 dictum
652 1477 775 1523 est:
817 1485 838 1520 ι
881 1466 1138 1538 prraim
1198 1467 1460 1524 fortitudo
1516 1469 1712 1538 capitis
1751 1468 1891 1532 mei,
1939 1489 1950 1522 ι

2061 1464 2335 1518 λέλεκταιο
2360 1483 2378 1515 ι
2420 1462 2657 1535 Ἑφραῒμ
2684 1462 3013 1535 κραταίωσις
3041 1462 3142 1531 τῆς
3175 1461 3410 1532 κεφαλῆς
3441 1480 3560 1532 μου,
3592 1483 3613 1514 ι

395 1559 533 1625 sive,
573 1578 592 1612 ι
649 1559 818 1614 robur
874 1560 1210 1630 principatus
1266 1561 1394 1616 mei.
1447 1579 1466 1612 ι
1509 1560 1612 1627 Qui
1669 1567 1846 1615 autem
1896 1574 1950 1615 er

2060 1555 2117 1626 ἢ,
2153 1573 2172 1605 ι
2217 1554 2368 1624 ἰσχὺς
2393 1553 2491 1624 τῆς
2524 1552 2696 1624 ἀρχῆς
2728 1567 2861 1621 μου·
2898 1570 2916 1603 ›
2954 1551 3000 1603 οί
3032 1549 3088 1602 δὲ
3118 1553 3183 1603 ἐκ
3220 1548 3313 1602 τοῦ
3357 1549 3616 1619 Μανασσῆ

395 1651 540 1707 tribu
567 1651 815 1707 Manasse
861 1651 1102 1716 fuerunt,
1145 1652 1346 1708 Galaad
1383 1654 1720 1709 obtinebant.
1785 1651 1950 1718 Quart

2061 1646 2342 1716 γενόμενοι
2396 1646 2550 1716 ἔσχον
2597 1647 2696 1716 τήν
2734 1644 2972 1698 Γαλαάδο
3013 1644 3092 1697 διὸ
3143 1642 3382 1715 εἴρηταιο
3408 1661 3426 1692 ι
3461 1641 3619 1712 Ἐμός

393 1743 600 1798 dictum
625 1752 709 1798 est
734 1762 747 1798 :
789 1763 808 1796 ι
846 1743 993 1798 Meus
1023 1752 1105 1800 est
1127 1743 1352 1809 Galaad,
1373 1751 1429 1800 et
1458 1760 1612 1801 meus
1645 1752 1730 1801 est
1755 1743 1963 1799 Manas-

393 1850 502 1890 ses.
543 1853 562 1887 ι
597 1833 732 1888 Nam
764 1835 917 1891 locus
940 1835 1140 1890 Galaad
1163 1845 1389 1893 vocatus
1409 1845 1514 1902 est,
1549 1847 1603 1893 et
1629 1837 1962 1895 habitatores

389 1925 668 1982 Manasses
698 1927 951 1997 appellati
1007 1936 1157 1984 sunt.
1196 1926 1268 1983 Ut
1321 1929 1484 1999 igitur
1526 1929 1644 1993 illi,
1685 1929 1793 1993 ait,
1854 1929 1960 1986 mei

393 2017 563 2086 fuere,
597 2019 806 2074 scilicet
857 2019 950 2074 lilii
984 2018 1254 2084 Manasse,
1281 2019 1484 2076 Galaad
1533 2022 1835 2078 incolentes
1858 2063 1873 2086 ,
1906 2032 1960 2079 et

391 2109 484 2179 qui
525 2110 579 2164 in
616 2111 873 2168 Sicbimis
912 2112 1096 2183 populi
1154 2111 1522 2182 principatum
1556 2122 1779 2169 tenuere
1803 2153 1819 2178 ,
1862 2113 1958 2168 ﬁlii

390 2199 679 2271 prraim;
709 2201 841 2270 quin
870 2201 1033 2256 etiam
1073 2209 1132 2256 ut
1187 2202 1224 2257 ii
1285 2201 1377 2271 qui
1427 2201 1482 2256 in
1514 2202 1629 2272 ipsa
1656 2201 1957 2259 Jerusalem

391 2291 693 2361 regnabant
741 2306 808 2346 ex
867 2291 1011 2346 tribu
1060 2290 1219 2358 Iuda,
1255 2293 1360 2347 mei
1397 2301 1451 2348 et
1509 2309 1644 2349 meae
1692 2294 1957 2364 portionis

388 2384 549 2432 erant
593 2393 776 2450 reges;
817 2379 896 2434 sic
943 2380 1235 2450 aliquando
1281 2398 1413 2438 meae
1439 2392 1602 2440 erunt
1642 2385 1958 2456 alienigena:

391 2476 600 2537 gentes.
646 2468 847 2526 Omnes
872 2486 1036 2541 porro
1079 2471 1412 2544 alienigenas
1438 2491 1534 2545 per
1558 2476 1716 2531 Moab
1741 2489 1789 2532 et
1833 2475 1957 2532 ldu-

393 2573 580 2614 mzeant
610 2560 848 2626 indicat,
901 2562 958 2617 in
995 2562 1208 2619 duabus
1260 2564 1370 2619 illis
1407 2567 1698 2637 gentibus,
1756 2569 1954 2638 quibus

393 2650 721 2718 prohibitum
752 2661 871 2708 erat
901 2653 1110 2724 ingredi
1149 2654 1207 2710 in
1227 2653 1524 2712 Ecclesiam
1560 2657 1673 2723 Dei,
1712 2661 1953 2730 reliquas

389 2755 578 2797 omnes
627 2757 732 2797 una
791 2743 1126 2812 complexus.
1201 2743 1472 2815 Scriptum
1531 2761 1764 2818 namque
1823 2759 1948 2804 est:

394 2847 414 2880 ι
448 2829 771 2889 Ammonitte
799 2840 853 2887 et
879 2832 1126 2887 Moabitae
1155 2848 1262 2887 non
1285 2833 1658 2902 ingrcdientur
1679 2835 1733 2890 in
1766 2837 1952 2891 Eccle-

389 2920 526 2975 siam
553 2916 785 2987 Domini,
825 2939 997 2993 usque
1017 2924 1084 2978 ad
1116 2925 1326 2980 tertiam
1363 2932 1416 2981 et
1447 2933 1694 2995 quartam
1721 2942 1948 2997 genera-

2063 1741 2177 1792 ἐστι
2201 1737 2430 1802 Γαλαὰδ,
2458 1740 2552 1792 καὶ
2585 1738 2715 1808 ἐμός
2743 1738 2858 1791 ἐστι
2886 1735 3197 1805 Μανασσῆς.
3234 1755 3252 1787 ›
3299 1735 3356 1788 '0
3385 1734 3482 1804 μὲν
3514 1734 3624 1804 γὰρ

2058 1831 2221 1896 τόπος
2250 1833 2314 1886 ἐκ
2346 1832 2440 1886 τοῦ
2477 1831 2687 1886 Γαλαὰδ
2720 1831 3062 1902 ἐσημαίνετο,
3088 1832 3136 1882 οί
3172 1828 3228 1882 δὲ
3253 1830 3530 1900 οἰκήτορες
3559 1830 3623 1881 ἐκ

2058 1922 2152 1974 τοῦ
2204 1921 2488 1992 Μανασσῆ.
2547 1921 2755 1992 ’Ὠσπερ
2797 1916 2889 1973 οὖν
2942 1915 3106 1982 οὗτοι,
3146 1919 3312 1986 φησὶ,
3339 1919 3624 1986 γεγόνασιν

2059 2013 2203 2084 ἐμοὶ,
2231 2012 2284 2065 οἵ
2304 2029 2364 2064 τε
2395 2012 2492 2083 τὴν
2514 2011 2726 2066 Γαλαὰδ
2748 2011 3065 2081 οἰκήσαντες
3090 2010 3194 2062 υἱοὶ
3221 2009 3511 2078 Μανασσῆ,
3529 2010 3624 2061 καὶ

2056 2103 2106 2155 οἱ
2152 2106 2209 2154 ἐν
2253 2103 2497 2172 Σικίμοις
2545 2101 2806 2173 ἄρξαντες
2856 2101 2950 2154 τοῦ
2987 2099 3117 2153 λαοῦ
3174 2100 3280 2152 υἱοῖ¹
3347 2099 3618 2171 Ἐφραίμ⁸

2055 2192 2192 2247 ἀλλά
2243 2195 2337 2247 καὶ
2384 2192 2458 2257 ὡς
2507 2194 2565 2245 ἐν
2612 2193 2746 2264 αὐτῇ
2794 2195 2859 2264 τῇ
2899 2190 3249 2263 Ἰερουσαλὴμ
3285 2191 3333 2242 οἱ
3358 2192 3422 2243 ἐκ
3449 2189 3622 2258 φυλῆς

2069 2286 2237 2340 Ἰούδα
2260 2285 2673 2356 βασιλεύσαντες
2692 2281 2830 2356 ἦσαν
2855 2286 2997 2356 ἐμοὶ,
3014 2283 3218 2353 καὶτῆς
3241 2282 3380 2353 ἐμῆς
3406 2282 3620 2353 μερίδος

2057 2377 2291 2449 βασιλεῖς
2314 2394 2327 2407 ·
2356 2377 2527 2440 οὕτως
2563 2377 2716 2430 ἐσται
2753 2376 2883 2430 ποτέ
2942 2375 3051 2446 ἐμὰ
3096 2376 3189 2427 καὶ
3234 2375 3301 2428 τὰ
3331 2373 3435 2427 τῶν
3465 2372 3621 2427 ἀλλο-

2069 2471 2250 2540 φύλων
2296 2469 2444 2541 ἔθνη.
2498 2468 2660 2540 Δηλοῖ
2699 2469 2756 2522 δέ
2801 2471 3008 2532 πάντας
3038 2467 3362 2536 ἀλλοφύλους
3400 2465 3485 2519 διά
3525 2464 3620 2519 τοῦ

2061 2561 2237 2616 Μωάϐ
2297 2562 2390 2614 καὶ
2461 2561 2552 2614 διὰ
2626 2561 2725 2631 τῆς
2790 2559 3111 2631 Ἰδουμαίας,
3157 2560 3221 2611 ἐκ
3275 2557 3366 2612 δύο
3416 2556 3619 2609 τούτων

2057 2659 2230 2713 ἐθνῶν
2280 2657 2389 2711 τῶν
2425 2655 2883 2728 ἀπηγορευμένων
2932 2655 3152 2707 εἰσιέναι
3203 2654 3280 2717 εἰς
3335 2652 3430 2723 τὴν
3493 2652 3614 2704 Ἐκ-

2052 2749 2284 2821 κλησίαν
2336 2746 2428 2801 τοῦ
2488 2745 2623 2800 Θεοῦ
2675 2747 2770 2799 καὶ
2799 2745 2869 2799 τὰ
2891 2743 3052 2798 λοιπά
3089 2744 3266 2798 πάντα
3315 2740 3612 2813 παραδεξά-

2053 2861 2230 2919 μενος.
2263 2841 2574 2912 Γέγραπται
2601 2839 2762 2909 γοῦνο
2796 2859 2816 2891 ι
2862 2839 3187 2909 Ἀμμανῖται
3219 2836 3308 2888 καὶ
3335 2832 3616 2888 Μωαϐῖται

2049 2937 2148 2991 οὐκ
2180 2933 2574 2989 εἰσελεύσονται
2611 2933 2690 2995 είς
2723 2930 3047 3002 Ἐκκλησίαν
3073 2929 3276 3000 Κυρίου
3303 2929 3407 2991 ἓως
3433 2927 3620 2998 τρίτης

389 3014 614 3084 tionem,
635 3025 691 3071 et
721 3032 894 3086 usque
933 3017 987 3070 in
1034 3018 1294 3073 saeculum
1337 3018 1404 3074 “.
1437 3037 1456 3072 ›
1491 3018 1648 3074 Moab
1680 3033 1858 3076 autem
1898 3030 1950 3078 et

2052 3027 2146 3081 καὶ
2177 3025 2440 3095 τετάρτης
2481 3023 2693 3092 γενεᾶς,
2717 3021 2810 3074 καὶ
2833 3020 2937 3084 ’ἐως
2961 3022 3040 3084 είς
3065 3020 3152 3073 τὸν
3183 3017 3373 3072 αίῶνα.
3403 3038 3422 3070 ι
3447 3017 3620 3072 Μωὰϐ

387 3106 619 3162 Ammon
666 3107 761 3162 ﬁlii
806 3105 905 3162 Lot
943 3107 1123 3176 l'uere,
1153 3124 1218 3164 ex
1254 3109 1521 3166 scelerata
1570 3111 1662 3166 illa
1716 3112 1948 3169 ﬁliarum

389 3210 610 3252 suarum
633 3196 1033 3264 commistione,
1063 3207 1226 3271 atque
1248 3217 1315 3258 ex
1341 3197 1677 3258 Sodomitico
1704 3205 1947 3262 semine:

387 3302 622 3360 quorum
657 3289 1085 3355 successionem,
1125 3291 1391 3350 Moabitas
1447 3295 1702 3350 nimirum
1735 3304 1788 3351 et
1817 3297 1950 3352 Am-

389 3380 641 3443 iuonitas,
678 3381 761 3436 lex
800 3380 1002 3454 Moysis
1033 3385 1302 3454 repudiat.
1334 3386 1402 3440 At
1449 3387 1531 3442 lex
1571 3403 1810 3458 praesens
1848 3389 1951 3461 ipsi

391 3472 547 3528 Moab
576 3474 941 3544 pulcherrima
998 3480 1322 3544 annuntiat,
1353 3479 1584 3535 dicens:
1626 3498 1646 3534 ι
1685 3479 1842 3537 Moab
1870 3483 1950 3538 le-

391 3566 488 3620 bes
512 3566 626 3636 spei
659 3581 830 3634 meat;
877 3588 898 3621 ι
934 3569 1088 3625 alteri
1118 3586 1250 3627 vero
1275 3572 1421 3643 genti
1450 3571 1593 3629 Esau
1623 3581 1759 3629 orta:
1811 3574 1951 3630 bona

387 3657 694 3721 denuntiat,
717 3659 832 3714 haec
859 3659 1124 3730 adjiciens
1158 3682 1171 3718 :
1211 3681 1230 3714 ι
1260 3665 1320 3718 In
1341 3662 1628 3720 ldumaaam
1660 3665 1948 3721 extendam

388 3748 816 3806 calceamentum
865 3769 1065 3809 meum.
1118 3773 1137 3806 ι
1184 3755 1417 3811 ldumaaa
1465 3771 1631 3826 porro
1665 3757 1734 3811 ab
1781 3755 1951 3811 Edam

385 3855 584 3898 nomen
617 3844 829 3899 sortita.
860 3843 960 3900 Hic
990 3855 1109 3902 erat
1154 3846 1294 3902 Esau
1341 3847 1408 3903 de
1440 3864 1549 3920 quo
1585 3850 1790 3905 dictum
1821 3857 1905 3905 est
1933 3867 1947 3903 :

395 3951 416 3985 ι
449 3932 527 3990 Ne
575 3936 699 4006 quis
747 3937 1016 4002 mamlius,
1053 3947 1148 3994 aut
1197 3939 1481 4010 profanus,
1518 3948 1576 3994 ut
1628 3941 1772 3996 Esau
1801 3941 1866 3996 ’³.
1926 3959 1945 3992 ι

391 4022 671 4081 Sexcentas
707 4042 924 4098 quoque
961 4029 1079 4085 alia:
1132 4031 1428 4101 prophetia:
1460 4039 1651 4088 contra
1686 4033 1950 4090 Idumaeos

385 4126 440 4173 ct
485 4116 775 4176 ldumaaam
835 4121 1104 4178 feruntur.
1158 4122 1264 4178 Sed
1317 4123 1387 4179 iis
1447 4139 1664 4195 quoque
1710 4140 1950 4195 praesens

383 4225 565 4266 sermo
607 4212 974 4283 pulcherrima
1007 4214 1325 4279 annuntiat,
1365 4215 1580 4271 dicente
1631 4215 1776 4272 Deo:
1816 4237 1835 4268 ι
1889 4219 1949 4273 1η

385 4307 669 4365 ldumaeam
697 4310 980 4366 extendam
1004 4311 1426 4366 calceamentum
1465 4326 1665 4368 meum.
1699 4332 1718 4366 ι
1747 4311 1949 4372 Deinde

382 4417 510 4458 vero
539 4403 607 4458 de
639 4403 865 4474 reliquis
902 4402 1154 4474 gentibus
1196 4403 1672 4461 indiscriminatim
1717 4407 1947 4477 subjun-

384 4496 498 4562 git:
536 4514 555 4546 ι
588 4495 718 4551 Mihi
741 4497 1058 4568 alienigenas
1083 4497 1284 4554 subditi
1312 4508 1462 4562 sunt,
1497 4516 1517 4550 ι
1551 4497 1686 4563 sive,
1727 4517 1746 4552 ι
1785 4500 1946 4556 amici

387 4587 512 4640 lacti
543 4595 689 4645 sunt.
725 4608 743 4640 ι
779 4588 938 4644 Moab
957 4605 1086 4645 vero
1118 4591 1345 4646 lebetem
1375 4590 1489 4661 spei
1513 4607 1625 4647 suae
1653 4600 1830 4658 vocat,
1850 4608 1946 4649 seu

386 4679 609 4734 lebetem
634 4681 835 4734 lavacri
875 4683 980 4745 sui,
1013 4688 1108 4735 aut
1149 4683 1458 4739 securitatis
1510 4697 1642 4749 suae,
1673 4683 1801 4756 quia
1839 4685 1947 4740 alio

384 4768 548 4823 modo
579 4784 687 4824 non
718 4771 926 4826 licitum
955 4773 1056 4842 ipsi
1101 4773 1316 4839 fuisset,
1353 4785 1538 4847 utpote
1578 4779 1745 4835 semel
1777 4793 1944 4848 repu-

382 4858 552 4925 diato,
595 4859 651 4914 in
700 4858 997 4916 Ecclesiam
1025 4861 1117 4919 Dei
1147 4865 1465 4931 concedere,
1498 4868 1604 4922 nisi
1647 4883 1744 4938 per
1788 4869 1941 4922 lava-

383 4963 536 5003 crum
569 4951 1019 5018 regenerationis.
1061 4953 1247 5024 Itaque
1280 4971 1380 5012 ceu
1421 4956 1477 5011 in
1509 4957 1687 5013 lebete
1723 4957 1945 5016 ablutus

383 5048 438 5096 et
470 5047 731 5111 purgatus
760 5055 790 5094 a
823 5042 1056 5111 pristina
1115 5045 1412 5116 impietate,
1458 5049 1630 5119 gratia
1669 5049 1944 5117 donatur,

382 5142 545 5202 atque
576 5133 650 5185 ita
699 5133 1050 5190 securitatem
1088 5136 1318 5193 obtinet.
1350 5137 1415 5195 Et
1448 5140 1562 5197 hac
1590 5155 1754 5212 opere
1797 5156 1946 5197 com-

379 5221 526 5293 pleta
557 5221 682 5278 licet
714 5221 847 5292 ipsis
873 5225 1049 5281 oculis
1079 5228 1358 5300 percipere
1399 5230 1469 5286 iis
1493 5232 1587 5302 qui
1621 5231 1675 5288 in
1702 5231 1941 5288 Arabum

379 5316 600 5385 regione
656 5317 1099 5387 peregrinantur,
1156 5322 1553 5380 cumsvideant
1600 5325 1864 5380 Moabitas
1892 5334 1945 5380 et

379 5405 720 5464 Anunonitas
744 5447 761 5469 ,
812 5409 905 5479 qui
938 5425 1103 5479 penes
1133 5411 1257 5467 illos
1289 5427 1485 5480 magno
1513 5431 1744 5472 numero
1773 5424 1899 5473 sunt
1926 5456 1940 5480 ,

381 5493 656 5556 Ecclesias
701 5500 797 5557 Dei
851 5503 1097 5574 implere.
1165 5502 1576 5578 Similiterque,
1631 5527 1658 5560 ι.
1711 5509 1771 5564 ln
1816 5509 1943 5564 ldu-

382 5605 434 5644 m
484 5606 607 5658 am,
644 5595 852 5667 inquit,
901 5597 1265 5655 conscendam
1316 5601 1684 5657 calceamento
1718 5618 1870 5669 meo,
1910 5621 1929 5656 ι

470 5702 514 5734 ’⁵
556 5703 712 5761 Deut.
752 5721 920 5771 xxiii,
959 5705 1010 5761 3.
1091 5709 1134 5740 ³³
1179 5706 1342 5764 Hebr.
1383 5726 1486 5775 xu,
1529 5711 1611 5768 16.

2050 3117 2105 3171 δὲ
2138 3117 2231 3170 καὶ
2270 3115 2482 3187 Ἀμμάν
2542 3113 2827 3182 γεγόνασιν
2882 3113 2986 3165 υἱοὶ
3039 3109 3162 3166 Λὼτ
3199 3113 3264 3164 ἐκ
3304 3111 3620 3183 παρανόμου

2053 3209 2250 3280 μίξεως
2280 3208 2390 3261 τῶν
2423 3206 2586 3261 αὐτοῦ
2621 3204 2953 3275 θυγατέρων,
2987 3203 3049 3256 ἔκ
3067 3219 3125 3256 τε
3147 3202 3240 3255 τοῦ
3275 3197 3620 3272 Σοδομιτικοῦ

2051 3302 2362 3374 σπέρματος
2380 3318 2394 3331 θ
2428 3293 2503 3353 ὧν
2527 3298 2626 3370 τὴν
2656 3296 2924 3367 διαδοχὴν,
2951 3294 3244 3357 Μωαϐίτας
3274 3295 3368 3346 καὶ
3406 3295 3620 3363 Ἀμμα-

2047 3393 2218 3458 νίτας,
2252 3389 2590 3461 ἀποϐλήτους
2615 3391 2845 3442 ποιεῖται
2865 3389 2894 3442 6
2916 3387 3189 3450 Μωῡσέως
3215 3387 3394 3457 νόμος.
3425 3385 3562 3438 Ἀλλ’
3590 3387 3621 3440 6

2050 3483 2238 3554 παρὼν
2275 3483 2436 3554 νόμος
2466 3483 2543 3554 τῷ
2579 3481 2675 3554 μὲν
2695 3480 2868 3535 Μωάϐ
2901 3477 3308 3547 εὐαγγελίζεται
3358 3476 3618 3530 κάλλιστα

2047 3576 2244 3644 λέγων·
2280 3593 2298 3626 ι
2335 3573 2711 3643 Μωάϐ,λέϐης
2735 3571 2838 3643 τῆς
2867 3570 3078 3634 ἐλπίδος
3123 3586 3222 3640 μου
3246 3586 3261 3601 ο
3301 3589 3320 3621 ι
3359 3568 3527 3638 ἐτέρῳ
3556 3567 3615 3620 δὲ

2048 3666 2189 3720 ἔθνει
2218 3665 2295 3737 τῷ
2321 3665 2428 3719 ἀπὸ
2451 3665 2544 3718 τοῦ
2584 3662 2751 3718 Ἡσαῦ
2781 3661 3051 3731 ὑφεστῶτι
3081 3659 3150 3713 τὰ
3175 3657 3387 3732 χρηστά
3415 3657 3612 3729 σημαί-

2047 3776 2148 3824 νει,
2196 3758 2470 3829 ἐπιφέρων
2519 3757 2678 3828 ἐξῆςσ
2716 3774 2734 3806 ι
2783 3755 2902 3808 Ἐπὶ
2941 3755 3042 3825 τὴν
3084 3752 3386 3822 Ἰδουμαίαν
3413 3748 3610 3802 ἐκτενῶ

2046 3853 2106 3905 τὸ
2153 3851 2404 3922 ὑπόδημα
2438 3866 2559 3922 μου.
2591 3869 2610 3900 ι
2659 3847 2926 3918 Ἰδουμαία
2968 3845 3013 3900 δ’
3067 3843 3328 3913 ἐκέκλητο
3370 3842 3474 3896 ἀπὸ
3514 3840 3608 3894 τοῦ
3701 3913 3704 3916 γ

2059 3941 2270 4014 Ἐδὼμο
2306 3936 2459 4004 οὗτος
2486 3941 2544 3994 δὲ
2570 3935 2640 4011 ἦν
2668 3941 2696 3992 6
2730 3937 2896 3991 Ἠσαῦ
2927 3935 3053 4008 περὶ
3083 3928 3144 3988 οῦ
3163 3933 3408 3988 λέλεκται
3427 3948 3440 3960 ·
3469 3951 3488 3980 ι
3520 3931 3610 4000 Μή

2046 4049 2128 4097 τις
2154 4032 2371 4104 πόρνος,
2403 4032 2436 4101 ἢ
2483 4029 2727 4101 βέϐηλος,
2760 4028 2834 4092 ὡς
2870 4025 3059 4081 Ἡσαῦ.
3092 4046 3112 4077 ι
3146 4024 3348 4097 Μυρίαι
3374 4040 3434 4075 τε
3461 4021 3613 4077 ἄλλαι

2047 4125 2373 4196 προφητεῖαι
2408 4122 2548 4177 κατά
2566 4121 2674 4175 τῶν
2716 4121 3025 4192 Ἰδουμαίων
3053 4121 3146 4173 καὶ
3168 4118 3307 4173 κατὰ
3330 4119 3430 4189 τῆς
3465 4117 3614 4170 Ἰδου-

2051 4215 2215 4286 μαίας
2251 4214 2512 4286 εῐρηνται.
2561 4212 2696 4266 Ἀλλ’
2734 4213 2763 4265 6
2796 4211 2984 4284 παρὼν
3029 4211 3185 4280 λόγος
3228 4209 3297 4265 τὰ
3353 4209 3614 4263 κάλλιστα

2048 4304 2144 4360 καὶ
2169 4304 2376 4368 τούτοις
2403 4303 2829 4374 εὐαγγελίζεται,
2854 4303 3100 4373 λέγοντος
3126 4301 3217 4358 τοῦ
3247 4301 3404 4355 Θεοῦο
3437 4319 3455 4350 ι
3492 4301 3614 4353 Ἐπὶ

1977 4388 2022 4447 ι)
2047 4399 2153 4468 τήν.
2191 4397 2490 4469 Ἰδουμαίαν
2515 4396 2718 4452 ἐκτενῶ
2750 4397 2810 4451 τὸ
2845 4396 3096 4468 ὑπόδημά
3129 4413 3250 4467 μου.
3288 4414 3306 4446 ι
3338 4391 3450 4448 Εἶθ’
3487 4394 3612 4464 ἐξῆς

2049 4493 2142 4546 καὶ
2207 4491 2334 4562 περὶ
2385 4488 2492 4542 τῶν
2537 4489 2737 4544 λοιπῶν
2785 4489 2952 4542 ἐθνῶν
2980 4489 3292 4561 ἀδιορίστως
3338 4487 3611 4554 ἐπιλέγει·

2056 4603 2074 4635 ι
2122 4584 2275 4654 Ἐμοὶ
2331 4583 2616 4652 ἀλλόφυλοι
2668 4581 3038 4651 ὑπετάγησαν,
3065 4600 3084 4631 ι
3121 4580 3155 4650 ἢ
3187 4603 3205 4630 ι
3245 4578 3543 4648 ἐφιλίασαν.
3584 4595 3606 4629 ι

2046 4674 2264 4746 Λέϐητα
2307 4673 2365 4727 δὲ
2403 4674 2495 4728 τδν
2537 4673 2712 4727 Μωάϐ
2738 4672 2838 4742 τῆς
2876 4670 3068 4726 ἑαυτοῦ
3112 4670 3321 4732 ἐλπίδος
3377 4668 3550 4732 καλεῖ,
3572 4668 3607 4738 ἢ

2045 4767 2245 4840 λέϐητα
2275 4766 2369 4820 τοῦ
2401 4765 2626 4838 λουτροῦ
2675 4763 2889 4827 ἐαυτοῦ,
2919 4763 2953 4835 ἢ
2984 4763 3084 4833 τῆς
3115 4760 3444 4833 ἀμεριμνίας
3481 4761 3610 4814 ἐαυ-

2045 4860 2173 4916 τοῦ’
2207 4860 2394 4933 ἐπειδὴ
2419 4859 2522 4914 οὐκ
2551 4857 2724 4920 ἄλλως
2774 4855 2902 4927 ἐξῆν
2938 4855 3103 4926 αὐτῷ,
3139 4852 3283 4920 ἅπαξ
3325 4851 3612 4921 ἀποϐλήτῳ

2047 4952 2344 5024 γενομένῳ,
2387 4954 2466 5015 είς
2509 4951 2606 5024 τὴν
2667 4949 2990 5019 Ἐκκλησίαν
3020 4947 3116 5000 τοῦ
3147 4944 3281 5000 Θεοῦ
3334 4943 3614 5016 παραϐάλ-

2046 5045 2177 5108 λειν,
2210 5045 2283 5115 μὴ
2311 5043 2433 5114 οὐχ).
2457 5041 2544 5096 διὰ
2568 5041 2792 5114 λουτροῦ
2822 5037 3257 5108 παλιγγενεσίας.
3286 5038 3494 5106 Ὠσπερ
3518 5030 3611 5088 οὖν

2046 5138 2231 5208 λέϐητι
2265 5136 2704 5208 ἀπολουσάμενος
2739 5135 2832 5190 καὶ
2871 5131 3274 5204 ἀποκαθαρθεὶς
3299 5131 3401 5200 τῆς
3418 5128 3612 5199 προτέ-

2049 5246 2150 5302 ρας
2177 5227 2511 5290 δυσσεϐείας,
2545 5224 2891 5292 καταξιοῦται
2917 5227 3016 5296 τῆς
3052 5225 3289 5295 χάριτος,
3321 5222 3415 5276 καὶ
3439 5219 3612 5282 οὕτως

2046 5319 2373 5392 ἀμεριμνίας
2394 5319 2669 5390 τυγχάνει.
2707 5320 2814 5376 Καὶ
2844 5316 3018 5371 ταῦτα
3055 5316 3119 5369 δι’
3145 5315 3319 5387 ἔργων
3360 5327 3605 5383 κεχωρη-

2045 5416 2179 5466 κότα
2198 5412 2458 5485 πάρεστιν
2476 5410 2768 5482 ὀφθαλμοῖς
2784 5409 3139 5481 παραλαϐεῖν,
3158 5409 3224 5478 τῇ
3244 5406 3350 5460 τῶν
3367 5406 3420 5458 Ἀ
3429 5403 3605 5482 ράϐιυν

2045 5506 2484 5578 ἐπιδημήσαντας
2525 5505 2696 5576 χώρᾳ,
2739 5502 3042 5574 θεωμένους
3082 5516 3142 5552 τε
3174 5500 3299 5560 τοὺς
3336 5495 3464 5567 παρ’
3507 5493 3605 5547 αὑ-

2044 5606 2156 5667 τοῖς
2188 5601 2555 5676 πληθύνοντας
2597 5598 2776 5662 λαοὺς,
2815 5596 3108 5660 Μωαϐίτας
3137 5597 3229 5652 καὶ
3270 5589 3609 5665 ’Λμμανίτας
