4024 6202
331 183 436 244 569

1461 187 1969 246 ΕΟΜΜΕΝΤΔΒΙᾹ
2001 189 2067 246 ιΝ
2099 190 2438 250 PSALMOS.

3459 203 3566 260 570

329 307 663 378 πληροῦντας
683 306 783 370 τὰς
832 306 1156 378 Ἐκκλησίας
1176 306 1272 361 τού
1320 306 1474 360 Θεοῦ.
1520 308 1791 371 Ὡσαύτως
1843 308 1879 362 δί

2001 311 2301 367 secundum
2337 311 2745 383 Symmacnum.
2795 313 2967 382 Quam
2999 320 3124 372 item
3157 319 3562 388 praedictionem

331 397 443 464 καὶ,
480 419 498 447 ι
556 399 678 452 Ἐπὶ
705 399 1010 470 Ἰδουμαίαν
1043 400 1394 470 ἐπιϐήσομαι,
1438 401 1607 470 φησι,
1654 401 1734 470 τῷ
1768 402 1899 454 ὐπο-

327 489 527 560 δήματί
572 507 694 561 μου,
735 509 753 540 ι
785 490 927 544 κατά
971 491 1062 544 τὸν
1114 490 1425 561 Σύμμαχον.
1481 491 1592 544 Καὶ
1619 491 1820 562 ταύτην
1839 491 1897 544 δὲ

326 580 424 651 τὴν
471 582 772 653 πρόρρησιν
811 582 962 637 οὐδὲν
1005 583 1070 636 ἂν
1106 582 1190 654 εἴη
1225 582 1483 654 δυσχερὲς
1522 583 1668 647 ἰδεῖν,
1699 585 1766 653 τῇ
1790 583 1898 635 τῶν

339 673 650 746 Ἰδουμαίων
678 677 1002 738 ἑπιστάντας
1024 673 1177 746 χώρᾳ
1218 675 1312 727 καὶ
1342 674 1410 728 τὰ
1448 673 1625 745 πλήθη
1655 674 1760 726 τῶν
1797 674 1895 727 αύ-

321 765 440 818 τόθι
468 765 800 836 Ἐκκλησιῶν
828 765 919 820 τοῦ
947 765 1081 819 Θεοῦ
1107 765 1228 835 ὕψει
1245 765 1658 838 παραλαϐόντας
1678 783 1692 796 ·
1710 765 1785 828 ὼς
1822 765 1896 837 μὴ

320 857 550 927 ὀκνῆσαί
572 875 689 912 τινα
718 857 933 929 ἀληθῶς
966 857 1220 912 ὲπίὸασιν
1251 857 1533 926 γεγονέναι
1566 859 1680 919 τοῖς
1711 855 1896 920 τόποις

318 947 548 1012 ἐκείνοις
573 949 922 1020 ὁμολογῆσαι.
944 950 1042 1004 Διά
1067 950 1130 1021 δὴ
1157 949 1328 1002 ταῦτα
1364 949 1620 1019 ἀνωτέρω
1648 947 1862 1016 ἐλέγετο
1878 965 1891 977 ·

323 1059 344 1090 ι
404 1040 462 1093 '0
503 1041 634 1105 Θεὸς
672 1041 932 1112 ἐλάλησεν
963 1045 1021 1096 ὲν
1047 1041 1127 1113 τῷ
1159 1042 1297 1111 ἁγίῳ
1323 1040 1508 1094 αὑτοῦ·
1547 1039 1894 1108 Ἀγαλλιάσο-

319 1150 435 1202 μαι.
485 1151 504 1184 ι
531 1133 740 1187 Μέλλον
777 1133 886 1205 γὰρ
921 1136 1030 1188 πᾶν
1060 1135 1122 1186 τὸ
1153 1133 1260 1186 τῶν
1293 1132 1594 1206 ἀνθρώπων
1623 1131 1778 1200 γένος
1802 1131 1895 1184 ἐπὶ

317 1223 561 1294 σωτηρίᾳ.
607 1224 1012 1291 ἀνακαλεῖσθαι,
1046 1224 1361 1297 πρεπόντως
1402 1223 1566 1278 αύτοῦ
1595 1227 1661 1295 τῇ
1703 1224 1893 1293 φιλαν-

315 1315 551 1387 θρωπία,
580 1317 863 1388 συνέχαιρε
895 1321 962 1388 τῇ
990 1317 1098 1370 τῶν
1134 1316 1455 1386 σωζομένων
1487 1316 1748 1388 σωτηρίᾳ.
1785 1316 1893 1370 Καὶ

314 1408 487 1472 ἄλλως
511 1409 568 1464 δὲ
592 1411 844 1481 ὑπόδημα
871 1413 936 1464 αύ
946 1412 1036 1464 τοῦ
1063 1412 1161 1465 οὐκ
1191 1411 1256 1464 ἂν
1289 1409 1553 1481 ἁμάρτοις
1576 1409 1748 1478 λέγων
1767 1413 1891 1474 τοὺς

312 1500 661 1564 ἀποστόλους,
697 1502 730 1572 ἢ
762 1504 889 1565 τοὺς
921 1503 999 1565 εἰς
1039 1501 1117 1554 ἔτι
1145 1501 1305 1571 δεῦρο
1332 1500 1410 1570 τῷ
1439 1501 1566 1571 περὶ
1599 1499 1764 1554 αὑτοῦ
1793 1519 1892 1572 κη-

315 1589 550 1661 ρύγματι
580 1591 1048 1661 διακονουμένους.
1081 1590 1263 1643 Ταῦτα
1295 1590 1358 1660 δὴ
1375 1586 1466 1643 οὖν
1495 1589 1674 1644 πάντα
1703 1591 1889 1662 εἰργά-

1998 405 2053 458 in
2075 411 2331 474 promptu
2357 412 2442 458 est
2457 405 2780 474 completam
2806 407 2988 462 videre
3014 407 3081 462 iis
3096 409 3187 477 qui
3207 409 3258 462 in
3279 406 3564 464 lduniwam

1997 494 2326 558 concedunt,
2363 505 2418 551 et
2473 495 2872 552 multitudinem
2926 496 3292 553 Ecclesiarum
3351 499 3446 555 Dei
3490 500 3565 554 ibi

1997 588 2376 658 conspiciunt;
2411 596 2468 642 ut
2493 597 2783 644 cunctetur
2822 604 2980 644 nemo
3017 589 3262 644 confiteri
3289 631 3303 655 ,
3337 607 3462 646 vere
3509 592 3563 646 in

1995 676 2114 731 loc'a
2139 678 2228 732 illa
2255 693 2616 734 conscensum
2648 679 2849 735 factum
2881 695 3022 736 esse.
3079 678 3370 750 Propterea
3403 696 3566 750 supe-

1995 768 2114 823 rius
2148 767 2354 823 dictum
2383 779 2465 825 est
2491 789 2504 824 :
2531 789 2548 822 ι
2587 768 2730 826 Deus
2761 771 2975 826 locutus
3003 777 3086 826 est
3118 773 3174 825 in
3206 780 3398 827 sancto
3428 787 3560 828 suo:

1994 858 2313 916 Exsultaho.
2347 881 2364 912 ι
2393 860 2526 915 Nam
2548 878 2671 918 cum
2711 863 3008 918 humanum
3039 879 3210 934 genus
3251 864 3563 919 universum

1993 951 2061 1006 ad
2092 951 2322 1006 salutem
2358 953 2717 1007 revocandum
2737 961 2906 1018 esset,
2937 961 2997 1007 ut
3016 954 3136 1022 ejus
3162 968 3288 1024 erga
3315 953 3566 1007 homines

1993 1054 2236 1096 amorem
2264 1041 2529 1107 decebat,
2581 1043 2813 1098 salutem
2850 1043 3028 1100 nactis
3063 1044 3388 1114 gratulatur.
3442 1042 3562 1096 Alia

1992 1143 2173 1189 autem
2200 1134 2414 1188 ratione
2439 1133 2573 1188 nihil
2598 1134 2822 1188 aberres
2851 1135 2896 1188 si
2935 1130 3108 1197 dicas,
3133 1135 3559 1188 calceamentum

1989 1224 2110 1294 ejus
2142 1222 2314 1278 fuisse
2338 1223 2636 1292 apostolos,
2660 1224 2773 1278 sive
2802 1223 2964 1277 etiam
2995 1225 3114 1294 ejus
3136 1227 3202 1278 ad
3227 1225 3366 1277 hanc
3390 1240 3562 1294 usque

1990 1315 2132 1370 diem
2169 1315 2578 1383 praedicationis
2636 1315 2943 1371 ministros.
2982 1314 3108 1370 Haec
3149 1316 3332 1386 itaque
3379 1317 3560 1372 omnia

1989 1418 2242 1478 operatus
2273 1417 2358 1463 est
2391 1406 2530 1463 Deus
2556 1447 2572 1471 ,
2633 1408 2851 1477 quando
2905 1410 2960 1462 in
3016 1409 3314 1465 novissimo
3348 1410 3560 1464 dierum

1991 1500 2206 1555 locutus
2247 1508 2333 1555 est
2366 1500 2522 1554 nubis
2559 1500 2612 1554 in
2645 1498 2846 1555 Sancto
2881 1515 3002 1555 suo.
3041 1501 3352 1555 Secundum
3396 1499 3558 1556 alia'm

1990 1608 2118 1646 vero
2150 1592 2588 1662 explicationem,
2633 1593 2849 1648 locutus
2886 1593 3027 1648 Deus
3075 1595 3128 1647 in
3185 1593 3387 1647 Sancto
3426 1609 3554 1656 suo,

312 1698 444 1733 σατο
491 1683 519 1734 6
551 1681 704 1745 Θεὸς,
747 1683 835 1735 ὅτε
882 1683 968 1736 ἐπ’
1007 1682 1218 1752 ἐσχάτῳ
1245 1682 1354 1734 τῶν
1381 1682 1602 1752 ἡμερῶν
1627 1681 1879 1753 ἐλάλησεν

1988 1700 2181 1740 omnes
2227 1685 2450 1740 omnino
2499 1681 2717 1739 Iudaeos
2765 1695 2818 1739 et
2851 1683 3070 1741 Graecos
3103 1725 3118 1749 ,
3175 1685 3417 1754 aliasque
3465 1701 3558 1755 per

311 1773 441 1840 ἡμῖν
474 1773 532 1824 ὲν
557 1771 636 1842 τῷ
674 1772 812 1843 ἀγίῳ
840 1771 1026 1826 αὐτοῦ.
1065 1771 1201 1825 Καθ’
1231 1771 1419 1842 ἑτέραν
1439 1771 1494 1824 δὲ
1528 1771 1754 1842 ἐκδοχὴν
1788 1773 1887 1825 λα-

309 1861 481 1931 λήσας
509 1864 538 1916 6
578 1863 712 1926 Θεὸς
736 1865 794 1917 ὲν
822 1864 900 1934 τῷ
927 1864 1064 1933 ἁγίῳ
1090 1862 1276 1924 αὐτοῦ,
1310 1862 1516 1926 πάντας
1549 1863 1886 1929 ἁπαξαπλῶς

322 1952 608 2017 Ἰουδαίους
629 1972 688 2008 τε
715 1956 807 2009 καὶ
825 1955 1108 2026 Ἕλληνας,
1132 1954 1201 2007 τά
1215 1971 1271 2006 τε
1295 1954 1416 2008 καθ’
1437 1954 1564 2025 ὅλης
1583 1955 1684 2026 τῆς
1708 1957 1886 2009 οἰκου-

313 2042 480 2114 μένης
523 2045 648 2116 ἔθνη
683 2048 763 2110 είς
803 2045 902 2116 τὴν
937 2045 1129 2099 ἑαυτοῦ
1179 2049 1338 2117 χάριν
1375 2047 1761 2103 ἀνεκαλέσατο·
1803 2051 1884 2103 διὸ

307 2135 398 2186 καὶ
419 2135 515 2206 τὴν
545 2137 746 2208 Σίκιμα
765 2139 856 2191 καὶ
888 2139 980 2192 τὸν
1005 2138 1217 2192 Γαλαάδ
1239 2139 1338 2210 (1),
1357 2139 1450 2192 καὶ
1473 2140 1564 2193 τὸν
1587 2141 1883 2212 Μανασσῆν

303 2225 513 2280 καὶτὸν
550 2227 788 2300 Ἐφρατμ
815 2231 910 2284 xui.
942 2231 1032 2285 τὸν
1077 2229 1279 2283 Ἰούδαν
1321 2231 1416 2284 καὶ
1456 2233 1548 2286 τὸν
1580 2233 1756 2286 Μωάϐ
1789 2235 1883 2287 καὶ

299 2318 401 2388 τὴν
446 2319 746 2390 Ἰδουμαίαν
800 2323 894 2376 καὶ
930 2324 1057 2387 τοὺς
1103 2323 1435 2393 ἀλλοφύλους
1476 2325 1722 2390 ἅπαντας
1755 2344 1885 2381 κατ-

300 2406 665 2479 ηριθμήσατο,
698 2407 757 2475 ἐξ
787 2409 900 2463 ῐσου
934 2411 1032 2482 τῆς
1061 2412 1253 2481 ὁμοίας
1277 2411 1518 2483 κλήσεως
1541 2414 1881 2482 καταξιώσας

296 2499 448 2554 ἅπαν
477 2502 540 2554 τὸ
571 2501 678 2554 τῶν
707 2500 1006 2574 ἀνθρώπων
1037 2501 1193 2570 γένος
1215 2518 1228 2532 ·
1262 2502 1400 2575 πλὴν
1447 2504 1582 2559 ἀλλά
1633 2506 1881 2578 πρώτους

292 2593 426 2656 τοὺς
445 2591 552 2644 ἀπὸ
581 2593 676 2645 τοῦ
717 2592 930 2664 Ἰσραὴλ
969 2593 1142 2647 καλεῖ.
1187 2592 1382 2664 Ἐχρῆν
1411 2594 1518 2667 γὰρ
1544 2594 1610 2648 τὰ
1634 2600 1878 2667 πρωτεῖα

292 2684 394 2737 xui
423 2683 521 2746 τὰς
547 2685 801 2756 ἀπαρχὰς
827 2683 922 2737 τοῦ
955 2685 1310 2755 εὐαγγελικοῦ
1337 2687 1691 2758 κηρύγματος
1725 2688 1877 2760 πρώ-

289 2791 412 2838 τοις
439 2776 620 2840 αὐτοῖς
645 2777 937 2846 ἀπονεῖμαι
960 2775 1048 2830 διά
1074 2775 1171 2840 τὰς
1195 2777 1330 2846 πρὸς
1354 2779 1479 2842 τοὺς
1505 2777 1683 2832 αὐτῶν
1710 2781 1878 2834 πατέ-

291 2883 402 2938 ρας
455 2867 809 2938 ὲπαγγελίας,
846 2868 912 2921 δι’
962 2867 1028 2932 ἃς
1062 2871 1157 2924 καὶ
1182 2871 1341 2934 αὐτὸς
1367 2871 1396 2923 6
1426 2870 1614 2942 Σωτὴρ
1639 2871 1876 2943 πρώτοις

280 2961 478 3028 ἀὐτοῖς
503 3049 528 3058 _
555 2960 938 3033 εὐηγγελίζετο
1009 2963 1416 3035 μαρτυρόμενος
1495 2966 1592 3019 καὶ
1662 2965 1836 3034 λέγων
1857 2983 1869 2996 ·
1900 2998 1946 3058 C

292 3071 312 3104 ι
360 3050 477 3107 Ούκ
501 3049 664 3124 ἦλθον
699 3055 748 3106 εἰ
785 3053 858 3125 μὴ
907 3055 987 3118 εἰς
1035 3055 1104 3109 τά
1147 3056 1396 3128 πρόΰατα
1441 3055 1509 3110 τὰ
1558 3056 1873 3110 ἀπολωλότα

283 3143 445 3196 οἴκου
474 3145 709 3216 Ἰσραήλ.
727 3164 744 3196 ι
779 3146 889 3199 Καὶ
911 3149 1024 3209 τοῖς
1045 3147 1363 3211 ἀποστόλοις
1377 3147 1434 3201 δὲ
1457 3148 1620 3202 αὑτοῦ
1637 3146 1872 3220 πρώτοις

283 3235 478 3300 αὐτοῖς
521 3235 816 3308 κηρύσσειν
861 3236 924 3290 τὸ
980 3238 1308 3306 Εὐαγγέλιω
1349 3241 1580 3312 παρῄνει
1617 3242 1868 3312 φάσκων·

287 3346 308 3379 ί
349 3327 447 3390 Εἰς
469 3327 586 3381 ὁδὸν
611 3327 782 3383 ἐθνῶν
807 3329 880 3401 μὴ
908 3328 1197 3401 ἀπέλθητε,
1233 3330 1326 3384 καὶ
1355 3333 1436 3395 εἰς
1481 3332 1632 3386 πόλιν
1687 3335 1872 3405 Σαμα-

285 3417 492 3492 ρειτῶν
526 3420 602 3491 μὴ
655 3419 932 3494 εἰσέλθητε
955 3439 968 3452 ο
1000 3422 1294 3494 πορεύεσθε
1327 3422 1384 3476 δὲ
1412 3424 1610 3494 μᾶλλον
1641 3425 1775 3497 πρὸς
1801 3425 1871 3481 τὰ

280 3510 538 3582 πρόόατα
564 3512 634 3566 τὰ
665 3510 981 3566 ἀπολωλότα
1006 3513 1154 3568 οῐκου
1216 3513 1452 3588 Ἰσραήλ.
1496 3535 1515 3568 ι
1559 3512 1691 3570 Εἶτα
1751 3519 1867 3589 μετ’

279 3603 531 3666 ἐκείνους
573 3603 900 3674 προσέταττε
944 3608 1054 3670 τοῖς
1097 3605 1291 3660 ἑαυτοῦ
1337 3607 1608 3680 μαθηταῖς
1639 3609 1870 3680 εὐαγγε-

279 3694 533 3759 λίζεσθαι
563 3693 744 3750 πάντα
771 3695 839 3748 τά
863 3695 990 3768 ἔθνη
1017 3699 1074 3750 ὲν
1111 3696 1190 3769 τῷ
1219 3698 1443 3770 ὀνόματι
1465 3699 1650 3755 αὐτοῦ.
1682 3701 1868 3768 οὕτως

279 3783 388 3842 οὖν
405 3787 501 3841 καὶ
529 3787 623 3841 ἐπὶ
645 3787 740 3841 τοῦ
771 3789 1035 3860 παρόντος
1063 3791 1091 3842 6
1121 3789 1230 3844 τῶν
1257 3791 1391 3845 ὅλων
1415 3791 1548 3856 Θεὸς
1566 3793 1868 3864 ὲνοικήσειν

281 3882 349 3936 ὲν
377 3877 456 3950 τῷ
490 3879 630 3950 ἁγίῳ
659 3879 848 3946 αὑτοῦ,
881 3883 936 3935 ἐν
955 3881 1103 3953 αὐτῷ
1134 3899 1194 3936 τε
1221 3883 1316 3936 καὶ
1343 3883 1407 3937 δι’
1430 3884 1593 3938 αὐτοῦ
1616 3883 1867 3956 λαλήσειν

281 3970 604 4043 ἀνθρώποις
664 3972 1007 4036 θεσπίζεται·
1064 3976 1160 4028 καὶ
1203 3975 1278 4039 ώς
1323 3975 1457 4047 όμοῦ
1493 3979 1588 4031 καὶ
1633 3976 1774 4032 κατά
1806 3977 1868 4031 τὸ

280 4063 420 4119 αὐτὸ
447 4063 538 4117 τὸν
581 4063 820 4136 Ἐφραῒμ
846 4064 940 4118 καὶ
968 4065 1059 4118 τὸν
1095 4067 1394 4138 Μανασσῆν
1419 4069 1513 4121 καί
1539 4068 1631 4121 τὸν
1669 4067 1866 4122 Ἰούδαν

277 4155 613 4221 εἰσδέξεται·
675 4156 726 4209 οἳ
785 4155 950 4209 πάλαι
1005 4156 1103 4226 μὲν
1147 4152 1287 4228 ἦσαν
1345 4157 1648 4223 διεστῶτες,
1698 4160 1786 4213 ὅτε
1835 4164 1864 4214 6

280 4247 394 4320 μὲν
425 4247 626 4312 Ἰούδας
653 4246 965 4302 ἐϐασίλευεν
988 4249 1046 4300 ὲν
1078 4248 1450 4320 Ἰερουσαλὴμ,
1467 4251 1495 4303 6
1517 4249 1573 4303 δὲ
1604 4250 1860 4322 Ἐφραῒμ,

1991 1770 2303 1826 universum
2325 1771 2516 1825 orbem
2546 1780 2735 1842 gentes
2775 1772 2841 1825 ad
2877 1774 3106 1843 gratiam
3141 1789 3295 1827 suam
3331 1789 3556 1828 revoca-

1986 1862 2083 1914 vit.
2125 1859 2308 1927 Quare
2339 1859 2602 1924 Sichima,
2633 1860 2856 1928 Galaad,
2888 1863 3176 1918 Manassen
3201 1904 3215 1929 ,
3261 1862 3517 1932 Ephraim
3539 1904 3554 1926 ,

1983 1955 2217 2021 Judam,
2256 1955 2448 2020 Moab,
2502 1957 2791 2012 ldunizeam
2819 1997 2836 2022 ,
2886 1965 2940 2012 et
2993 1958 3326 2028 alienigenas
3367 1973 3556 2012 omnes

1983 2048 2341 2112 enumeravit,
2359 2048 2524 2103 simili
2557 2049 2840 2104 vocatione
2869 2056 3040 2102 totum
3064 2064 3234 2118 genus
3258 2048 3552 2102 humanum

1981 2155 2134 2210 aeque
2155 2139 2410 2210 dignatus
2435 2158 2449 2206 ;
2487 2141 2581 2196 sed
2613 2143 2824 2210 priores
2850 2144 2940 2211 qui
2968 2157 3032 2195 ex
3057 2141 3222 2196 lsrael
3255 2148 3412 2194 erant
3442 2155 3556 2200 me-

1983 2232 2234 2286 moravit.
2275 2230 2528 2301 Oportuit
2566 2233 2712 2287 enim
2750 2232 3020 2303 primitias
3045 2231 3368 2301 evangelicae
3417 2247 3554 2302 pra:—

1981 2323 2273 2380 dicationis
2302 2324 2437 2394 ipsis
2464 2323 2743 2393 impertire
2765 2362 2782 2388 ,
2834 2323 2905 2379 ob
2961 2323 3354 2395 promissioncs
3383 2323 3556 2393 patri-

1980 2413 2084 2469 hus
2113 2429 2302 2469 eorum
2339 2413 2547 2475 factas,
2609 2430 2842 2485 quarum
2900 2429 3065 2470 causa
3116 2413 3364 2468 Salvator
3419 2413 3555 2482 ipsis

1979 2505 2258 2576 prioribus
2301 2505 2651 2576 Evangelium
2682 2505 3028 2575 praedicabat,
3058 2506 3170 2560 haec
3197 2505 3550 2560 testiﬁcatus:

1984 2613 2003 2646 ι
2015 2594 2134 2649 Νοη
2150 2595 2271 2650 veni
2286 2595 2392 2649 nisi
2409 2596 2475 2648 ad
2488 2609 2618 2648 ovvs
2634 2609 2752 2664 quae
2769 2593 3044 2664 perierunt
3060 2595 3256 2647 domus
3270 2594 3432 2648 lsrael
3448 2595 3512 2646 “.
3528 2613 3548 2647 ι

1977 2685 2260 2756 Apostolis
2290 2701 2509 2756 quoque
2536 2687 2653 2740 suis
2675 2684 3043 2754 praacipiehat,
3062 2693 3119 2738 ut
3155 2683 3290 2753 ipsis
3319 2685 3552 2756 primum

1977 2777 2330 2848 Evangelium
2353 2775 2712 2846 praedicarent
2743 2775 2932 2830 dicens
2959 2793 2971 2828 :
3009 2794 3028 2827 ‹
3061 2773 3118 2829 ln
3140 2775 3283 2830 viam
3310 2778 3551 2846 gentium

1977 2883 2047 2924 ne
2078 2867 2347 2932 abieritis,
2383 2875 2437 2922 et
2475 2866 2531 2921 in
2563 2867 2836 2922 civitatem
2866 2865 3335 2921 Samaritanorum
3369 2884 3437 2922 ne
3470 2869 3553 2921 in-

1977 2961 2254 3018 traveritis
2276 2978 2290 3027 ;
2323 2960 2417 3016 sed
2436 2961 2509 3016 ite
2537 2959 2720 3030 potius
2737 2961 2803 3014 ad
2823 2974 2973 3024 oves,
2991 2975 3113 3030 quae
3135 2961 3434 3030 perierunt,
3454 2959 3553 3013 do-

1978 3070 2101 3110 mus
2117 3052 2360 3110 lsrael".
2389 3060 2408 3105 ι
2427 3051 2737 3108 Secundum
2760 3052 2882 3106 illos
2893 3059 3070 3106 autem
3085 3051 3386 3121 jubetdisci
3395 3053 3550 3121 pulos

1977 3161 2107 3201 suos
2139 3143 2834 3215 Evangelium‘pmdicare
2885 3144 3138 3199 omnibus
3199 3145 3451 3214 gentibus
3495 3143 3550 3198 in

1974 3233 2196 3288 nomine
2221 3249 2342 3289 suo.
2372 3233 2463 3288 Sic
2488 3249 2617 3304 ergo
2634 3235 2688 3288 in
2722 3233 2976 3304 praesenti
2999 3235 3380 3289 universorum
3407 3233 3550 3290 Deus

1975 3324 2031 3380 in
2065 3325 2267 3380 Sancto
2287 3340 2386 3380 suo
2420 3324 2789 3379 habitaturum
2821 3339 2900 3392 se,
2933 3332 3095 3394 atque
3125 3325 3179 3378 in
3213 3324 3333 3394 ipso
3372 3336 3424 3379 et
3453 3340 3504 3396 pl
3525 3340 3551 3379 ι·

1973 3416 2154 3487 ipsum
2185 3417 2496 3471 locuturum
2525 3431 2646 3471 esse
2667 3416 2981 3471 hominibus
2999 3417 3360 3470 vaticinatur:
3391 3425 3444 3470 et
3473 3418 3551 3469 ait

1975 3521 2034 3561 se
2077 3505 2242 3561 simul
2274 3505 2587 3575 pariterque
2613 3503 2894 3574 Ephraim,
2926 3503 3212 3560 Manassen
3258 3513 3312 3558 et
3351 3503 3548 3559 Judam

1975 3604 2334 3668 excepturum
2373 3612 2532 3663 esse;
2568 3597 2661 3668 qui
2706 3596 2834 3651 olim
2865 3597 3083 3666 quidem
3134 3596 3316 3653 dissiti
3348 3607 3546 3661 erant,

1971 3689 2193 3762 quando
2219 3687 2359 3744 Juda
2381 3688 2642 3762 regnabat
2664 3689 2716 3744 in
2745 3687 3071 3756 Jerusalem,
3094 3688 3348 3760 Ephraim
3375 3690 3429 3745 in
3463 3687 3550 3744 Si-

1972 3781 2170 3837 chimis
2200 3789 2256 3836 et
2278 3779 2548 3845 Samaria,
2572 3780 2852 3836 Manasses
2880 3796 3008 3836 vero
3036 3781 3316 3837 habitabat
3353 3782 3409 3837 in
3437 3779 3545 3836 ϐαι

1970 3875 2113 3932 laad.
2151 3872 2223 3931 Ut
2252 3875 2406 3930 nullo
2449 3875 2616 3946 igitur
2647 3874 2874 3930 ulterius
2909 3873 3224 3931 discrimine
3281 3875 3546 3932 interces-

1969 3983 2122 4035 suro,
2153 3968 2412 4040 nullaque
2442 3968 2582 4023 inter
2611 3982 2708 4022 eos
2737 3967 3102 4039 discrepantia
3141 3966 3358 4034 futura,
3394 3968 3544 4038 ipsus

1968 4060 2182 4131 priores
2245 4060 2514 4128 advocat;
2572 4059 2768 4114 deinde
2823 4058 3126 4125 Moabitas,
3178 4060 3542 4122 Ammonitas,

1968 4154 2259 4220 Idumaeos,
2291 4165 2631 4224 ceterosque
2665 4155 2914 4209 homines
2947 4168 3136 4207 omnes
3157 4192 3172 4216 ,
3227 4153 3542 4208 universum

1967 4247 2153 4302 orbem
2183 4247 2509 4302 incolentes.
2542 4243 2617 4299 Ex
2658 4244 2885 4300 historia
2923 4259 3086 4313 porro
3129 4242 3542 4312 Evangeliorum

277 4341 346 4393 ὲν
376 4338 622 4409 Σικίμοις
655 4339 748 4393 xui
776 4338 1081 4410 Σαμαρείᾳ,
1116 4341 1144 4391 6
1187 4340 1244 4392 δὲ
1269 4340 1564 4412 Μανασσῆς
1594 4339 1727 4411 ᾤκει
1759 4343 1859 4414 τὴν

1980 4337 2197 4401 ediscas,
2237 4352 2346 4406 quo
2371 4339 2632 4406 tempore]
2655 4333 2889 4389 Sanctus
2921 4333 3011 4388 Dei
3059 4336 3114 4387 in
3161 4331 3416 4386 Sichimis
3449 4347 3543 4402 pe-

278 4430 515 4489 Γαλαάδ.
564 4432 650 4494 Ὡς
682 4431 878 4501 μηκέτι
905 4431 1085 4483 τοίνυν
1107 4429 1435 4502 ἀφορισμοῦ,
1473 4432 1610 4502 μήτε
1637 4430 1858 4485 διαστά-

277 4539 425 4584 σεως
455 4519 621 4592 οῠσης
662 4522 720 4573 ὲν
752 4520 952 4584 αὐτοῖς,
980 4518 1228 4590 πρώτους
1263 4520 1460 4583 αὐτοὺς
1494 4520 1822 4575 εἰσκαλείται
1844 4539 1858 4553 ·

275 4609 404 4668 εἶτα
435 4611 730 4675 Μωαϐίτας
764 4611 858 4664 καὶ⁵
900 4611 1255 4683 Ἀμμανίτας,
1299 4610 1628 4680 Ἰδουμαίους
1662 4629 1721 4666 τε
1767 4613 1862 4667 καὶ

275 4705 412 4767 τοὺς
441 4703 658 4774 λοιποὺς
689 4702 936 4766 ἅπαντας
967 4703 1286 4774 ἀνθρώπους
1315 4705 1440 4768 τοὺς
1467 4703 1585 4758 καθ’
1609 4705 1737 4775 ὅλης
1763 4707 1862 4778 τῆς

277 4793 606 4865 οἰκουμένης
629 4792 930 4858 οἰκοῦντας.
965 4791 1198 4856 Γνώσεις
1225 4794 1270 4847 δ’
1299 4793 1365 4847 ἂν
1396 4797 1461 4848 ὲκ
1485 4795 1585 4865 τῆς
1622 4797 1863 4868 ἱστορίας

276 4884 393 4937 τῶν
419 4885 786 4956 Εὐαγγελίων,
821 4887 968 4948 ὅπως
1008 4882 1131 4938 καθ’
1156 4882 1248 4946 οὓς
1279 4887 1500 4956 χρόνους
1529 4889 1558 4940 6
1591 4886 1742 4955 ἆγιος
1763 4885 1858 4940 τοῦ

277 4975 416 5030 Θεοῦ
449 4978 543 5032 xui.
579 4982 690 5043 τοῖς
723 4979 969 5049 Σικίμοις
1023 4976 1304 5049 ἐπεδήμει,
1335 4981 1430 5034 καὶ
1486 4980 1625 5052 αὐτῇ
1674 4981 1858 5051 Σαμα-

1966 4429 2372 4499 regrinahatur,
2406 4435 2460 4482 et
2481 4429 2537 4482 in
2559 4429 2676 4498 ipsa
2705 4426 2970 4487 Samaria,
2995 4439 3206 4479 necnon
3229 4424 3282 4477 in
3319 4422 3543 4478 Jerusa-

1966 4521 2093 4587 lem,
2123 4519 2377 4574 lsraelem
2426 4527 2541 4573 tum
2594 4519 2944 4588 conjunctum
2975 4516 3180 4580 fuisse,
3228 4517 3540 4587 nullamque

1965 4611 2348 4668 intercessisse
2375 4610 2730 4676 divisionem;
2767 4611 2847 4666 sic
2869 4617 2922 4664 et
2955 4610 3230 4679 apostolos
3266 4625 3395 4664 suos
3428 4610 3540 4680 pri-

1967 4719 2056 4758 mo
2115 4705 2181 4758 ad
2232 4719 2362 4760 oves
2394 4717 2517 4774 quae
2568 4704 2841 4773 perierant
2892 4701 3088 4757 domus
3136 4701 3302 4757 lsrael
3349 4703 3535 4766 misit;

1969 4805 2157 4868 postea
2185 4804 2387 4862 autem,
2425 4794 2617 4850 iisdem
2653 4809 2787 4851 usus
2812 4809 2913 4849 ceu
2942 4795 3360 4860 calceamentis,
3411 4798 3536 4850 uni-

1965 4903 2186 4943 versum
2216 4886 2499 4942 hominum
2543 4901 2714 4959 genus
2766 4886 2994 4943 salutari
3049 4886 3224 4959 gratia
3284 4887 3537 4961 dignatus

1964 4984 2068 5033 cst.

281 5071 430 5145 ρείᾳ,
458 5074 524 5143 τῇ
553 5088 612 5124 τε
649 5070 1021 5145 Ἰερουσαλὴμ,
1048 5071 1326 5142 ἡνωμένου
1381 5071 1502 5126 τότε
1534 5073 1628 5126 τοῦ
1664 5072 1900 5143 Ἰσραὴλ.
1960 5071 2055 5124 xui.
2106 5070 2374 5141 μηδεμιᾶς
2404 5068 2573 5141 οὔσης
2605 5070 2662 5122 ὲν
2695 5067 2842 5140 αὐτῷ
2875 5069 3240 5136 διαστάσεως·
3289 5071 3432 5124 οὕτω
3477 5070 3533 5124 δὲ

278 5166 375 5218 καὶ
410 5164 537 5230 τοὺς
589 5163 782 5218 ἑαυτοῦ
809 5163 1137 5226 ἀποστόλους
1165 5164 1301 5234 πρὸς
1331 5165 1399 5219 τά
1439 5165 1685 5236 πρόϐατα
1717 5163 2032 5217 ἀπολωλότα
2079 5163 2226 5216 οἴκου
2279 5161 2493 5234 Ἰσραὴλ
2547 5163 2604 5217 ἐν
2672 5162 2908 5234 πρώτοις
2971 5163 3334 5236 διεπέμπετο·
3398 5163 3536 5234 μετὰ⁴

278 5253 336 5308 δὲ
356 5253 550 5319 ταῦτα,
565 5258 677 5319 τοῖς
693 5257 875 5320 αὐτοῖς
908 5254 1096 5328 ὥσπερ
1124 5256 1432 5328 ὑποδήμασι
1463 5257 1763 5330 χρώμενος,
1781 5257 1843 5310 τὸ
1858 5257 2074 5312 πάντων
2089 5255 2392 5330 ἀνθρώπων
2419 5257 2574 5327 γένος
2601 5257 2698 5328 τῆς
2728 5257 2996 5330 σωτηρίου
3014 5259 3270 5330 κατηξίου
3292 5256 3531 5328 χάριτος.

360 5368 380 5401 ι
417 5350 515 5413 Τίς
547 5350 742 5416 ἀπάξει
779 5369 844 5417 με
866 5354 946 5415 είς
973 5352 1125 5406 πόλιν
1153 5353 1447 5426 περιοχῆς
1481 5352 1514 5424 ἢ
1551 5353 1634 5416 τίς
1664 5354 1861 5425 ὁδηγή-

2043 5351 2212 5409 Vsus.
2248 5354 2335 5409 11.
2396 5372 2414 5406 ι
2446 5352 2579 5420 Quis
2606 5355 2837 5414 abducet
2866 5372 2952 5411 me
2979 5355 3031 5409 in
3055 5355 3325 5409 civitatem
3354 5350 3532 5402 muni~

281 5457 365 5498 σει
400 5459 470 5513 με
503 5440 607 5506 ἓως
638 5443 735 5514 τῆς
794 5443 1124 5514 Ἰδουμαίας;
1160 5444 1295 5515 Οὐχὶ
1340 5445 1404 5498 σὺ
1458 5445 1487 5496 6
1531 5443 1660 5507 Θεὸς
1691 5447 1719 5498 6
1752 5447 1859 5500 ἀπ-

1980 5445 2120 5499 Lam?
2153 5454 2246 5500 aut
2291 5447 2417 5518 quis
2457 5447 2686 5506 deducet
2747 5465 2833 5505 me
2881 5461 3054 5517 usque
3093 5448 3146 5500 in
3205 5437 3534 5497 Nummum?

355 5554 401 5584 "
438 5553 635 5609 Matth.
674 5572 765 5619 xv,
799 5555 890 5610 9.4.
966 5557 1008 5588 ³⁷
1044 5553 1236 5610 Matth.
1275 5571 1329 5622 ιι,
1366 5555 1490 5622 5,6.

357 5667 431 5738 (l;
466 5666 584 5737 Τὴν
615 5669 836 5741 Σίκυμα
855 5669 953 5725 καὶ
982 5671 1086 5726 τὸν
1110 5669 1376 5728 Γαλαὰδ.
1413 5671 1575 5730 Forte
1608 5670 1673 5727 τὰ
1699 5673 1757 5729 Σ.
1789 5689 1842 5730 κ.
1880 5672 1975 5747 τὴν
2000 5671 2058 5728 Γ.
2081 5670 2239 5729 Eutr.
