4024 6202
466 222 562 277 57l

1169 216 1435 276 EUSEBII
1471 213 1953 272 CESARIENSIS
1985 215 2136 271 OPP.
2179 215 2360 272 PARS
2392 214 2485 270 Ill.
2523 241 2601 260 —-.
2635 210 3046 268 EXEGETICA.

3613 207 3719 263 572

466 340 658 393 Nonne
687 344 764 400 tu,
796 335 956 398 Deus,
989 336 1081 404 qui
1116 335 1362 404 repulisti
1400 333 1536 388 nos?
1563 340 1748 388 etnon
1777 332 1954 387 exibis
1983 332 2023 386 ir

2145 333 2414 402 ασάμενος
2439 329 2620 400 ήμᾶς;
2654 327 2747 380 καὶ
2779 327 2878 379 οὐκ
2916 323 3171 396 ἐξελεύσῃ
3193 323 3249 377 ἐν
3282 327 3398 387 ταῖς
3427 323 3720 394 δυνάμεσιν

465 429 762 485 virtutibus
830 427 1119 482 nostris?»
1185 427 1360 496 Supra
1411 426 1684 480 dictorum
1757 427 2039 480 sententiae

465 524 727 577 insistens
787 519 1084 589 Propheta,
1122 533 1287 588 supra
1347 518 1566 572 modum
1622 518 1854 571 miratur
1906 517 2038 572 illud

464 612 850 678 inexspectata:
910 609 1341 679 alienigenarum
1401 609 1645 678 gentium
1723 607 2039 662 mutationis

463 701 790 771 prodigium.
849 699 1053 755 Deinde
1108 715 1233 754 cum
1281 699 1509 755 dixisset
1549 698 1716 763 Deus,
1771 698 1871 753 «In
1922 699 2041 753 ldu-

461 809 649 847 iuream
705 793 992 847 extendam
1034 792 1464 846 calceamentum
1509 807 1712 856 meum,
1745 812 1763 845 ι
1823 792 2035 846 dictum

461 883 774 952 huiusmodi
803 885 1128 942 admiratur.
1163 899 1346 940 secum
1379 893 1641 954 reputans
1677 899 1746 938 an
1795 899 2036 955 unquam

462 977 580 1046 ipse
634 975 776 1031 Deus
825 977 1198 1032 calceamento
1259 993 1416 1040 usus,
1474 993 1882 1033 conscensurus
1941 978 2034 1042 sit,

458 1084 569 1124 non
600 1069 652 1123 in
681 1067 1004 1135 Jerusalem,
1039 1084 1215 1138 neque
1265 1070 1320 1123 in
1353 1067 1681 1132 Samariam,
1744 1085 1924 1140 neque
1979 1069 2034 1123 in

457 1162 622 1214 aliam
672 1160 891 1215 lsraelis
935 1161 1239 1223 civitatem,
1293 1159 1389 1216 sed
1439 1161 1492 1214 in
1533 1161 1872 1232 alienigenas
1912 1159 2036 1216 ldu-

455 1267 646 1308 mams.
679 1252 860 1318 Quare
891 1254 1080 1306 beatos
1111 1252 1234 1305 illos
1262 1251 1542 1323 pnedicat,
1579 1255 1644 1306 ad
1678 1269 1820 1322 quos
1855 1267 2039 1308 acces-

456 1359 622 1400 surus
680 1343 824 1399 Deus
871 1353 1010 1408 erat,
1067 1343 1481 1414 orationemque
1531 1346 1754 1409 emittit,
1813 1353 1876 1400 ut
1918 1346 2036 1416 ipse

455 1449 672 1513 quoque
717 1434 828 1488 haec
872 1435 1059 1491 videre
1109 1435 1310 1506 dignus
1356 1436 1654 1490 habeatur:
1700 1445 2035 1507 quapropter

454 1525 624 1580 dicit:
679 1545 696 1577 ι
724 1525 860 1592 Quis
894 1527 1128 1581 abducet
1162 1543 1246 1581 me
1297 1528 1351 1580 in
1399 1527 1674 1580 civitatem
1719 1527 2033 1582 munitam?

453 1625 546 1672 aut
571 1617 696 1688 quis
739 1618 970 1672 deducet
1001 1633 1087 1672 me
1121 1633 1297 1687 usque
1333 1618 1390 1670 in
1419 1614 1754 1670 ldumaaam?
1781 1637 1799 1668 ι
1834 1616 2032 1672 Preca-

2143 423 2336 494 ήμῶν;
2379 441 2398 472 ι
2446 420 2776 490 Ἑπιστήσας
2823 421 2888 489 τῇ
2932 417 3039 470 τῶν
3074 415 3475 488 προλεχθέντων
3516 415 3720 490 διανοίᾳ

2139 516 2168 566 ὁ
2198 514 2508 584 Προφήτης,
2558 509 3059 583 ὑπερεκπλήττεται
3091 508 3151 560 τὸ
3179 506 3360 577 θαῦμα
3395 507 3493 577 τῆς
3545 525 3720 582 παρα.

2139 603 2290 670 δόξου
2337 603 2444 656 τῶν
2497 600 2808 671 ἀλλοφύλων
2860 599 3027 653 ἐθνῶν
3078 598 3394 670 μεταϐολῆς.
3443 595 3576 656 Εἶτα
3624 599 3720 654 τοῦ

2140 696 2273 749 Θεοῦ
2324 694 2624 766 εἰρηκότος,
2679 711 2698 745 ι
2768 694 2890 746 Ἐπὶ
2933 693 3031 764 τὴν
3066 687 3370 762 Ἰδουμαίαν
3413 692 3618 748 ἐκτενῶ
3658 692 3720 747 τὸ

2141 788 2394 859 ύπὸδημά
2429 805 2552 859 μου,
2587 807 2605 840 ι
2659 787 2758 842 τὸν
2798 787 2952 855 λόγον
2997 784 3395 855 ἀποθαυμάζει,
3439 787 3488 838 εί
3537 786 3718 855 μέλλοι

2141 881 2270 935 ποτὲ
2301 879 2432 943 Θεὸς
2461 880 2646 943 αὐτὸς,
2676 879 2983 950 ὑποδήματι
3025 877 3388 948 χρησάμενος,
3417 876 3718 931 ἐπιϐαίνειν

2138 974 2198 1026 ού
2227 977 2292 1044 τῇ
2333 972 2707 1044 Ἰερουσαλὴμ,
2743 971 2862 1024 ούδὲ
2890 971 2956 1040 τῇ
2984 968 3281 1041 Σαμαρείᾳ,
3309 968 3427 1020 οὐδὲ
3459 967 3593 1039 άλλη
3613 970 3718 1021 τινὶ

2137 1063 2203 1131 τῇ
2258 1058 2350 1112 τοῦ
2407 1059 2644 1132 Ἰσραὴλ,
2700 1057 2834 1113 ἀλλά
2879 1058 2986 1110 τῶν
3033 1056 3344 1126 ἀλλοφύλων
3381 1057 3713 1129 Ἰδουμαίων.

2139 1153 2228 1205 Διὸ
2263 1153 2554 1224 μακαρίζει
2589 1153 2686 1222 μὲν
2719 1151 2956 1215 τούτους,
2990 1145 3069 1214 οἷς
3097 1133 3454 1222 ἐπιδημήσειν
3485 1152 3716 1223 ῆμελλεν

2138 1246 2166 1296 ὁ
2196 1244 2327 1306 Θεός
2346 1260 2358 1272 ⁸
2396 1244 2561 1314 εὐχὴν
2583 1243 2640 1296 δὲ
2673 1243 2880 1296 τίθεται
2913 1242 3314 1312 καταξιωθῆναί
3341 1260 3470 1295 ποτε
3495 1245 3587 1298 καὶ
3616 1245 3714 1298 αύ-

2136 1337 2226 1389 τὸν
2255 1337 2354 1407 τῆς
2381 1335 2585 1388 τούτων
2625 1334 2753 1398 θέας
2776 1353 2788 1366 ·
2820 1334 2899 1388 διό
2935 1352 3096 1404 φησισ
3132 1355 3149 1386 ι
3187 1333 3283 1398 Τίς
3309 1335 3502 1402 ἀπάξει
3537 1353 3605 1407 με
3634 1337 3716 1400 είς

2137 1427 2293 1481 πόλιν
2338 1428 2596 1499 περιοχῆς
2621 1427 2697 1496 ;ἢ
2746 1428 2830 1490 τίς
2862 1427 3115 1498 ὁδηγήσει
3151 1444 3215 1497 με
3261 1427 3365 1490 ’ἐως
3408 1427 3504 1496 τῆς
3543 1428 3712 1480 Ἰδου-

2140 1519 2342 1590 μαίας;
2378 1540 2395 1571 ι
2447 1518 2658 1589 Ηῦχετο
2710 1519 2818 1590 γάρ
2862 1519 3194 1590 ὁδηγηθῆναι
3249 1521 3342 1572 καὶ
3392 1523 3712 1590 παρατεῖναι

2136 1611 2260 1671 τοὺς
2290 1609 2389 1680 τῆς
2417 1607 2560 1680 ζωῆς
2585 1607 2748 1662 αὑτοῦ
2780 1610 3004 1680 χρόνους
3030 1611 3123 1662 ἐπὶ
3150 1610 3240 1662 τὸν
3269 1609 3456 1681 καιρὸν
3484 1611 3710 1674 ἐκεῖνον,

451 1711 616 1765 batur
658 1711 805 1765 enim
865 1710 1085 1774 deduci,
1137 1725 1423 1780 annosque
1489 1710 1609 1764 vitae
1648 1726 1762 1765 suae
1801 1713 2023 1782 produci

2135 1701 2255 1754 καθ’
2299 1701 2358 1754 ὃν
2383 1701 2614 1772 ἤμελλεν
2653 1705 2681 1756 ὁ
2709 1701 2841 1765 Θεὸς
2869 1703 2961 1755 ἐπὶ
2993 1703 3091 1774 τῆν
3125 1701 3425 1773 Ἰδουμαίαν
3454 1704 3712 1762 ἐκτείνειν

454 1818 626 1874 usque
673 1801 740 1857 ad
786 1802 840 1856 id
890 1803 1174 1872 temporis,
1227 1817 1335 1872 quo
1401 1801 1544 1858 Deus
1599 1804 2028 1858 calceamentum

451 1913 612 1951 suum
643 1911 816 1965 usque
846 1896 900 1948 in
947 1895 1238 1948 ldumzeam
1267 1905 1598 1948 extensurus
1630 1904 1766 1958 erat,
1811 1901 1870 1948 ut
1899 1909 2021 1948 ma-

451 2001 616 2056 guum
659 1986 791 2040 illud
837 1985 1168 2038 miraculum
1213 1991 1484 2048 cerneret,
1537 1983 1708 2038 Deum
1769 1983 2027 2040 videlicet

451 2079 595 2148 apud
627 2078 877 2136 homines
909 2076 1368 2148 peregrinantem,
1408 2085 1462 2130 et
1489 2077 1545 2131 in
1575 2075 1810 2131 lduinaza
1838 2076 2031 2132 ambu-

452 2171 679 2234 lantem,
735 2171 1179 2240 alienigenasque
1220 2170 1323 2241 ipsi
1371 2169 1622 2225 subditos
1671 2180 1728 2225 et
1779 2171 2022 2225 amicos:

448 2277 617 2332 quare
643 2262 719 2316 ait
745 2281 758 2316 :
806 2280 824 2313 ι
849 2262 982 2328 Quis
1005 2263 1239 2317 deducet
1271 2277 1356 2316 me
1378 2278 1552 2332 usque
1576 2263 1630 2316 in
1649 2262 1977 2317 ldumazam?
2003 2281 2021 2314 ι

447 2354 739 2408 Civitatem
795 2367 958 2422 porro
1013 2354 1279 2408 munitam
1332 2362 1492 2408 vocat
1548 2351 1852 2407 Ecclesiain
1905 2351 2023 2418 Dei,

446 2446 702 2499 vallatam
748 2446 904 2500 ﬁrmo
932 2453 986 2501 et
1021 2445 1319 2500 fortissimo
1350 2461 1531 2510 muro,
1561 2447 1794 2502 salutari
1832 2462 2028 2517 nempe

447 2537 672 2602 virtute,
714 2552 877 2608 quam
908 2538 1073 2592 etiam
1118 2537 1303 2593 videre
1348 2537 1720 2608 cmagitabat;
1762 2540 2026 2609 quocirca

446 2629 614 2683 dixit:
667 2648 686 2681 ι
711 2628 845 2697 Quis
877 2629 1112 2684 abducet
1140 2645 1226 2685 me
1271 2632 1326 2685 in
1355 2631 1630 2686 civitatein
1667 2633 1974 2686 munitam?
2001 2653 2019 2683 ι

447 2720 760 2793 Pet-pendas
813 2723 999 2789 velim,
1047 2721 1227 2792 ipsum
1259 2724 1483 2778 minime
1511 2739 1706 2795 rogare
1736 2732 1794 2778 ut
1849 2723 2025 2779 dedu-

445 2821 603 2869 catur
631 2830 805 2885 usque
841 2815 895 2868 in
930 2814 1261 2880 Jerusalem,
1312 2819 1429 2872 sive
1467 2832 1643 2886 usque
1670 2817 1737 2871 ad
1785 2816 2013 2883 Galaad,

444 2915 541 2960 aut
583 2923 756 2978 usque
812 2906 877 2961 ad
937 2906 1194 2980 Sychem,
1241 2909 1355 2964 sive
1396 2924 1570 2979 usque
1611 2909 1680 2962 ad
1736 2908 2018 2978 Ephraim,

2132 1795 2193 1846 τὸ
2224 1795 2478 1866 ὑπόδημα
2505 1794 2691 1858 αὑτοῦ,
2728 1795 2803 1859 ὼς
2842 1795 2908 1849 ἂν
2939 1795 3034 1848 ἴδοι
3077 1795 3138 1848 τὸ
3173 1801 3313 1866 μέγα
3342 1795 3541 1867 θέαμα,
3579 1797 3708 1850 0.23;."

2133 1885 2499 1955 ἐπιδημοῦντα
2548 1885 2857 1958 ἀνθρώποις
2932 1888 3026 1940 καὶ
3085 1887 3565 1960 ἐμπεριπατοῦντα
3639 1892 3709 1962 τῇ

2145 1977 2431 2051 Ἰδουμαίᾳ,
2467 1979 2796 2050 ἀλλοφύλους
2826 1997 2886 2040 τε
2919 1980 3066 2052 αὑτῷ
3110 1981 3576 2052 ὑποτεταγμένους
3618 1982 3712 2041 καὶ

2131 2070 2508 2139 φιλιάςονταςο
2542 2072 2622 2127 διό
2663 2089 2826 2143 φησιο
2865 2091 2883 2124 ι
2934 2073 3034 2136 Τίς
3076 2073 3328 2144 ὁδηγήσει
3373 2091 3439 2144 με
3482 2075 3585 2136 ἕως
3611 2077 3711 2145 τῆς

2145 2163 2484 2234 Ἰδουμαίας;
2526 2184 2543 2215 ›
2575 2165 2736 2218 Πόλιν
2765 2164 2820 2220 δὲ
2866 2165 3128 2236 περιοχῆς
3153 2166 3309 2220 καλεῖ
3340 2167 3438 2238 τὴν
3485 2166 3712 2238 Ἐκκλη-

2130 2254 2250 2308 σίαν
2273 2254 2367 2307 τοῦ
2394 2254 2551 2321 Θεοῦ,
2589 2257 3111 2328 περιπεφραγμένην
3143 2259 3356 2330 στερρῷ
3381 2260 3474 2312 καὶ¹
3501 2260 3714 2330 ὀχυρω-

2129 2347 2274 2417 τάτῳ
2315 2348 2508 2418 τείχει,
2555 2351 2621 2420 τῇ
2677 2351 2931 2421 σωτηρίῳ
2977 2350 3222 2421 δυνάμει,
3274 2352 3341 2422 ἢν
3395 2353 3490 2407 καὶ
3539 2354 3708 2423 αὐτὴν

2131 2443 2258 2497 ίδεῖν
2289 2443 2516 2515 ηὔχετο·
2555 2445 2635 2498 διὸ
2679 2445 2832 2514 ἔλεγε
2861 2464 2873 2476 ο
2910 2465 2928 2498 ι
2976 2449 3072 2512 Τίς
3103 2447 3302 2513 ἀπάξει
3338 2467 3404 2520 με
3433 2451 3513 2513 είς
3557 2451 3710 2504 πόλιν

2128 2538 2427 2609 περιοχῆς;
2461 2558 2480 2590 ι
2537 2538 2646 2592 Θέα
2690 2540 2747 2594 δέ
2798 2542 2948 2605 ὅπως
2989 2542 3089 2594 οὐκ
3129 2541 3332 2611 ηὔξατο
3380 2543 3708 2614 ὁδηγηθῆναι

2126 2630 2230 2693 ἕως
2263 2631 2360 2702 τῆς
2399 2632 2771 2704 Ἰερουσαλὴμ,
2801 2635 2834 2704 ἢ
2882 2634 2986 2697 ἕως
3015 2635 3112 2704 τῆς
3143 2634 3375 2699 Γαλαὰδ,
3409 2636 3439 2706 ἢ
3474 2636 3576 2698 ἕως
3606 2637 3709 2706 τῆς

2126 2723 2328 2794 Συχὲμ,
2361 2722 2394 2795 ἢ
2439 2724 2545 2788 ἕως
2587 2724 2682 2778 τοῦ
2727 2726 3044 2798 Ἐφραῖμ,ἢ
3080 2728 3184 2790 ἕως
3215 2727 3308 2780 τοῦ
3343 2727 3505 2781 Ἰούδα
3526 2744 3541 2756 ·
3582 2727 3705 2780 ἀλλ’

2125 2812 2315 2886 ὥσπερ
2362 2816 2656 2886 ἐκπλαγεὶς
2696 2819 2761 2871 τὸ
2804 2818 3104 2889 παράδοξον
3130 2819 3232 2888 τῆς
3266 2819 3611 2889 ἐπαγγελίας,
3651 2823 3702 2873 εί

2124 2904 2216 2957 τοῦ
2251 2905 2624 2977 μεμισημένον
2654 2908 2748 2962 καὶ
2784 2909 2984 2980 πόρνου
3022 2909 3189 2961 Ἡσαῦ
3225 2910 3563 2977 οί⁶ἀπόγονοι
3595 2927 3705 2964 τοι-

444 2997 560 3053 sive
617 3013 790 3067 usque
855 2997 920 3052 ad
973 2997 1205 3066 Judam;
1263 3001 1358 3054 sed
1426 3002 1586 3070 quasi
1640 3000 2018 3071 inexspectata

2129 2997 2298 3068 αύτης
2334 2999 2455 3052 τότε
2501 2999 2782 3064 τεύξονται
2833 3002 3076 3072 χάριτος,
3109 3000 3185 3064 ὡς
3228 3002 3482 3073 ἐπιϐῆναι
3524 3005 3707 3066 αὐτοῖς

445 3090 805 3162 promissione
840 3091 1146 3159 perculsus,
1181 3093 1324 3162 quod
1352 3092 1560 3146 scilicet
1589 3093 1768 3162 perosi
1791 3107 1855 3146 ac
1885 3107 2024 3148 moe-

443 3181 534 3234 chi
585 3179 726 3236 Esau
779 3182 978 3251 posteri
1040 3189 1189 3236 tanta
1240 3183 1412 3253 gratia
1478 3182 1715 3237 donandi
1772 3183 1902 3250 sint,
1965 3191 2025 3237 ut

443 3267 586 3326 Deus
619 3272 686 3326 ad
747 3288 840 3328 eos
887 3274 1241 3339 conscendat,
1287 3281 1541 3344 precatur
1581 3275 1802 3330 dicens:
1832 3293 1850 3326 ι
1879 3274 2014 3341 Quis

442 3370 672 3426 deducet
717 3387 802 3426 me
839 3386 1011 3440 usque
1055 3372 1108 3424 in
1160 3367 1490 3424 ldumzeam?
1529 3389 1547 3422 ι
1605 3368 1682 3422 Ac
1723 3369 1868 3439 quod
1921 3369 2027 3423 mi-

442 3478 563 3516 rum
607 3479 834 3533 prorsus
875 3472 980 3526 est,
1037 3462 1178 3518 Deus
1236 3477 1343 3516 non
1401 3461 1562 3517 nudis
1623 3461 1853 3533 pedibus
1899 3477 2020 3516 ain-

441 3553 728 3610 bulaturus
776 3555 998 3620 dicitur,
1068 3555 1162 3610 sed
1221 3570 1346 3609 cum
1405 3555 1827 3623 calceamentis;
1886 3556 2019 3610 sub-

441 3645 698 3701 indicatis
755 3647 1043 3700 animabus
1108 3645 1406 3701 voluntatis
1468 3644 1590 3714 ejus
1651 3644 2018 3713 administris,

441 3750 674 3806 quarum
742 3751 930 3807 opera,
992 3739 1277 3792 vocatione
1333 3736 1576 3807 gentium
1629 3745 1872 3806 peracta,
1925 3752 2023 3808 per

443 3827 755 3880 universam
807 3835 1032 3891 terram,
1083 3843 1236 3882 suam
1273 3828 1558 3882 constituit
1601 3827 1898 3893 civitatem,
1933 3828 2020 3882 ni-

443 3919 642 3972 mirum
678 3919 1001 3973 catholicam
1045 3918 1345 3975 Ecclesiam
1382 3935 1560 3985 suam,
1593 3934 1657 3974 ac
1701 3932 1902 3976 emtum
1935 3935 2023 3976 re-

443 4010 760 4080 ligiosorum
826 4011 1162 4066 hominum:
1217 4012 1286 4066 de
1361 4027 1468 4082 qua
1528 4013 1747 4068 civitate
1807 4013 2015 4069 dictum

442 4103 580 4156 alias
628 4110 762 4157 est:
803 4121 822 4153 ‹
863 4101 1114 4157 Gloriosa
1163 4103 1309 4158 dicta
1365 4113 1494 4159 sunt
1556 4104 1623 4159 de
1689 4113 1762 4171 te,
1821 4107 2015 4160 civitas

442 4193 536 4250 Dei
562 4196 640 4263 ¹⁸;
671 4215 689 4247 ι
743 4205 826 4251 et:
864 4215 883 4248 ‹
914 4194 1182 4251 Fluminis
1232 4196 1471 4266 impetus
1512 4196 1788 4251 lzetilicant
1826 4199 2021 4252 civita-

440 4293 546 4342 tem
583 4285 678 4340 Dei
701 4287 804 4342 ".i
872 4285 1026 4342 Hanc
1055 4287 1336 4341 civitatem
1375 4289 1641 4341 munitam
1672 4303 1799 4342 cum
1830 4290 2014 4345 videre

2127 3089 2218 3144 τὸν
2245 3090 2396 3156 Θεὸν,
2427 3091 2644 3163 εὔχεται
2677 3093 2850 3162 λέγων
2873 3111 2886 3124 ·
2921 3113 2939 3144 ι
2975 3094 3068 3157 Τίς
3092 3094 3349 3164 ὁδηγήσει
3380 3112 3448 3165 με
3477 3095 3581 3159 ἕως
3605 3095 3706 3165 τῆς

2140 3181 2480 3252 Ἰδουμαίας;
2527 3203 2546 3235 ι
2579 3184 2791 3256 Σφόδρα
2822 3185 2878 3239 δὲ
2902 3185 3231 3256 θαυμαστῶς
3256 3189 3284 3240 ὁ
3311 3188 3446 3251 Θεὸς
3479 3190 3710 3261 ἐμπερι-

2128 3277 2392 3347 πατήσειν
2423 3277 2484 3330 οὐ
2514 3281 2742 3348 γυμνοῖς
2782 3279 2908 3332 ποσὶ
2935 3279 3202 3343 λέλεκται,
3245 3281 3382 3334 ἀλλά
3414 3281 3481 3334 δι’
3508 3281 3706 3354 ὑποδη-

2130 3370 2314 3440 μάτων
2339 3385 2352 3400 ⁶
2379 3369 2750 3440 αίνιττομένου
2789 3370 2884 3424 τοῦ
2919 3370 3078 3440 λόγου
3107 3372 3206 3436 τὰς
3237 3373 3575 3446 ὑπηρετικὰς
3613 3375 3706 3428 τοῦ

2129 3460 2466 3533 βουλήματος
2498 3461 2658 3515 αὑτοῦ
2689 3462 2886 3534 ψυχὰς,
2913 3464 2979 3516 δι’
3013 3458 3088 3518 ὧν
3119 3467 3218 3536 τὴν
3246 3466 3354 3518 τῶν
3378 3466 3548 3520 ἐθνῶν
3571 3467 3708 3538 κλῆσ-

2128 3571 2213 3607 σιν
2239 3555 2628 3626 ποιησάμενος,
2661 3556 2932 3627 πανταχοῦ
2959 3557 3062 3627 γῆς
3093 3558 3193 3628 τὴν
3219 3558 3410 3612 ἑαυτοῦ
3448 3560 3710 3630 συνεστή-

2127 3663 2257 3702 σατο
2301 3645 2472 3712 πόλιν,
2507 3647 2651 3716 λέγω
2687 3648 2744 3700 δὲ
2786 3650 2885 3720 τὴν
2930 3650 3221 3723 καθολικὴν
3272 3651 3436 3705 αὑτοῦ
3476 3652 3710 3724 Ἐκκλη-

2126 3738 2265 3801 σίαν,
2298 3737 2394 3792 καὶ
2436 3740 2497 3791 τὸ
2528 3739 2778 3811 σύστημα
2811 3744 2908 3812 τῆς
2947 3742 3058 3796 τῶν
3090 3743 3358 3798 θεοσεὸῶν
3391 3745 3663 3808 πολιτείας
3687 3762 3702 3776 ·

2125 3831 2255 3902 περὶ
2295 3826 2362 3902 ἦς
2410 3831 2624 3902 εἴρηται
2668 3831 2932 3904 ἀλλαχοῦο
2984 3853 3003 3886 ι
3048 3834 3416 3906 Δεδοξασμένα
3465 3834 3706 3908 ἐλαλήθη

2124 3923 2253 3993 περὶ
2299 3922 2414 3988 σοῦ,
2448 3925 2481 3997 ἡ
2521 3924 2675 3988 πόλις
2705 3926 2798 3979 τοῦ
2839 3925 2993 3979 Θεοῦ’
3033 3945 3050 3978 ι
3092 3928 3206 3992 καὶ,
3254 3947 3272 3978 ι
3307 3927 3412 3980 Τοῦ
3458 3927 3708 3997 ποταμοῦ

2123 4014 2192 4067 τὰ
2221 4017 2518 4085 ὁρμήματά
2547 4017 2892 4090 εὐφραίνουσι
2919 4019 3017 4090 τὴν
3049 4019 3203 4072 πόλιν
3226 4019 3320 4072 τοῦ
3347 4019 3504 4074 Θεοῦ.
3545 4041 3562 4072 ι
3593 4022 3706 4074 Καὶ

2121 4106 2325 4176 ταύτην
2361 4104 2454 4161 οὗν
2488 4109 2585 4180 τὴν
2613 4110 2765 4165 πόλιν
2793 4113 2890 4182 τῆς
2923 4113 3184 4183 περιοχῆς
3210 4113 3377 4182 διψῶν
3406 4113 3704 4168 θεάσασθαι

2122 4199 2150 4250 ὁ
2188 4199 2480 4270 Προφήτης
2511 4200 2692 4268 ἔλεγεν
2733 4219 2751 4252 ι
2783 4203 2878 4265 Τίς
2911 4203 3108 4269 ἀπάξει
3141 4220 3206 4273 με
3247 4207 3327 4267 εἰς
3363 4205 3515 4258 πόλιν
3545 4222 3706 4276 περι-

2121 4289 2286 4360 οχῆς,
2313 4311 2331 4341 ι
2354 4291 2407 4360 ἢ,
2434 4311 2451 4342 ι
2485 4294 2564 4356 είς
2581 4293 2732 4346 πόλιν
2753 4295 3147 4366 πεφραγμένην
3170 4313 3182 4360 ;
3210 4315 3227 4347 ι
3255 4296 3428 4361 οὕτως
3468 4298 3577 4368 γάρ
3605 4301 3706 4369 ήρ-

440 4387 752 4452 peroptaret
797 4379 1068 4450 Pmpheta
1119 4380 1383 4435 dicebat:
1434 4397 1452 4430 ι
1501 4379 1636 4446 Quis
1668 4382 1900 4438 abducet
1931 4400 2018 4440 me

2129 4384 2395 4453 μῆνευσεν
2434 4384 2462 4435 ὁ
2510 4384 2824 4456 Σύμμαχος.
2854 4388 3025 4440 Πύλαι
3064 4389 3172 4460 γάρ
3211 4389 3379 4460 αὐτὴν
3413 4390 3507 4442 καὶ
3540 4389 3704 4460 θύραι

439 4475 492 4528 in
525 4475 804 4528 civitatem
864 4473 1172 4527 munitam?
1209 4493 1229 4526 ι
1278 4481 1372 4527 aut
1432 4492 1450 4523 ι
1482 4474 1536 4528 in
1586 4475 1861 4530 civitatem
1910 4477 2021 4531 cir-

2129 4474 2213 4525 καὶ
2243 4473 2430 4543 μοχλοὶ
2461 4475 2618 4528 θείων
2665 4477 2946 4549 δυνάμεων
2987 4481 3432 4552 περιφράττουσι,
3463 4482 3599 4554 πρὸς
3640 4482 3703 4534 τὸ

437 4563 819 4633 cumseptam?
856 4584 874 4616 ι
927 4565 1008 4617 sic
1050 4564 1195 4618 enim
1228 4565 1616 4633 interpretatus
1658 4564 2019 4637 Symmachus

2129 4567 2193 4636 μή
2233 4583 2355 4620 τινα
2393 4569 2682 4639 ὑπομεῖναι
2716 4571 3051 4643 πολιορκίαν.
3081 4574 3172 4626 Διὸ
3209 4577 3335 4646 περ)⁸
3381 4576 3550 4647 αὐτῆς
3580 4575 3700 4632 ἔλε-

437 4667 541 4711 est.
595 4656 724 4709 Eam
763 4657 964 4725 quippe
999 4664 1190 4727 portas,
1243 4656 1427 4724 ianua:
1464 4666 1518 4712 et
1572 4668 1753 4712 vectes
1803 4656 2020 4712 divina-

2129 4659 2266 4724 γενὸ
2313 4658 2538 4731 Σωτήρο
2576 4679 2594 4712 ι
2647 4662 2769 4714 Ἐπὶ
2816 4665 2914 4735 τὴν
2961 4665 3166 4736 πέτραν
3213 4667 3554 4738 οἰκοδομήσω
3597 4685 3700 4739 μου

440 4762 560 4799 rum
619 4748 887 4800 virtutum
918 4747 1409 4813 circummuniunt,
1454 4765 1521 4804 ne
1573 4750 1808 4820 quadam
1861 4750 2019 4804 obsi-

2129 4751 2210 4824 την
2267 4753 2613 4826 Ἐκκλησίαν,
2665 4758 2758 4810 καὶ
2802 4761 2964 4814 πύλαι
3008 4760 3133 4832 ᾅδου
3182 4763 3242 4813 ού
3286 4763 3702 4832 κατισχύσουσιν

435 4837 598 4894 dioue
634 4847 932 4908 prematur.
973 4840 1155 4906 Quare
1203 4841 1270 4898 de
1328 4843 1418 4898 illa
1467 4843 1679 4898 dicebat
1708 4843 1960 4898 Salvator
1995 4864 2009 4900 :

439 4957 462 4992 ε
488 4940 664 5010 Super
697 4940 839 4994 hanc
897 4949 1104 5011 petram
1153 4943 1435 4999 aediﬁcabo
1470 4942 1772 5000 Ecclesiain
1805 4961 2006 5010 meam,

435 5042 490 5088 et
532 5041 700 5104 portae
734 5033 891 5088 inferi
924 5050 1032 5089 non
1055 5037 1424 5104 praevalebunt
1463 5037 1726 5092 adversus
1752 5052 1872 5090 eam
1890 5038 1959 5091 ³ο.
1985 5057 2004 5089 ι

437 5125 590 5182 Hanc
643 5129 808 5198 igitur
865 5130 1289 5199 circumseptam
1341 5129 1620 5184 civitatem
1662 5129 1849 5185 videre
1912 5147 2010 5202 ge-

436 5219 608 5274 stiens
640 5218 908 5289 Propheta
937 5222 1154 5276 dicebat
1185 5241 1197 5276 :
1230 5240 1248 5270 ς
1279 5221 1682 5292 Quislahducet
1709 5238 1796 5277 me
1831 5222 1887 5276 in
1931 5223 2010 5277 ci-

435 5311 656 5366 vitatem
719 5315 1074 5368 munitam?)
1148 5315 1326 5386 Atque
1375 5316 1806 5386 alienigenarum
1857 5317 2007 5371 salu-

434 5412 542 5460 tem
594 5406 769 5463 oculis
821 5409 1094 5479 inspicere
1143 5419 1462 5478 peroptans,
1512 5409 1626 5462 hinc
1679 5410 2004 5479 adjiciebat:

440 5511 464 5548 ι
493 5496 627 5563 Quis
660 5498 896 5554 deducet
941 5516 1026 5555 me
1052 5515 1227 5570 usque
1270 5502 1325 5554 in
1370 5500 1696 5556 Idumaeam?
1727 5520 1743 5553 ι
1803 5500 2006 5555 Deinde

509 5679 554 5711 ³⁸
591 5677 734 5735 Psal.
771 5695 1000 5745 uuvn,
1038 5681 1092 5738 3.
1168 5684 1212 5715 ”
1252 5681 1398 5742 Psal.
1444 5701 1566 5752 ειν,
1609 5689 1659 5745 5.

2114 4845 2304 4916 αὐτῆς.
2358 4867 2376 4898 ι
2424 4848 2640 4920 Ταύτην
2686 4847 2779 4905 οὖν
2830 4854 2927 4924 τὴν
2977 4855 3497 4926 περιπεφραγμένην
3543 4853 3702 4908 πόλιν

2119 4941 2400 5011 ἐπιθυμῶν
2431 4942 2558 4995 ίδεῖν
2598 4947 2627 4997 ό
2661 4946 2950 5021 Προφήτης
2979 4949 3163 5017 ἔλεγε·
3200 4969 3217 4998 ι
3263 4950 3356 5012 Τίς
3398 4950 3593 5012 ἀπάξει
3630 4967 3699 5014 με

2119 5035 2198 5095 είς
2232 5033 2385 5086 πόλιν
2417 5037 2712 5107 περιοχῆς;
2749 5058 2766 5090 ι
2795 5040 2904 5092 Καὶ
2927 5041 3026 5111 τὴν
3051 5043 3158 5093 τῶν
3186 5041 3496 5110 ἀλλοφύλων
3525 5059 3703 5112 σωτη-

2124 5125 2244 5198 ρίαν
2295 5128 2588 5199 εύχόμενος
2631 5131 2929 5202 ὀφθαλμοῖς
2977 5134 3332 5204 παραλαϐεῖν,
3390 5136 3703 5204 προσετίθει

2119 5217 2325 5285 λέγων·
2379 5239 2396 5271 ι
2449 5220 2543 5285 Τίς
2587 5222 2841 5294 ὁδηγήσει
2891 5243 2958 5296 με
3003 5227 3107 5290 ’ἐως
3155 5227 3254 5296 τῆς
3300 5227 3634 5298 Ἰὁουμαίας;
3675 5249 3696 5278 ι

2120 5309 2251 5365 Εἶτα
2287 5315 2500 5387 πρῶτον
2527 5320 2621 5372 καὶ
2657 5321 2908 5392 δεύτερον
2952 5321 3142 5387 εἰπὼν,
3178 5342 3196 5374 ι
3241 5324 3372 5387 Τίς;
3414 5344 3431 5374 ι
3463 5325 3550 5376 τὸν
3592 5323 3700 5391 μό-

2117 5422 2205 5458 νον
2244 5407 2464 5462 δυνατὸν
2491 5411 2663 5466 ταῦτα
2688 5412 2959 5466 δεικνύναι
2989 5415 3273 5486 γνωρίζειν
3317 5416 3561 5486 ὁμολογεῖ
3573 5431 3588 5442 °
3619 5409 3699 5484 ἦν

2115 5499 2172 5551 δὲ
2207 5495 2362 5568 οὗτος
2388 5506 2416 5558 ὁ
2444 5505 2606 5568 Θεός·
2637 5506 2666 5559 ὃ
2691 5508 2809 5559 κατ’
2839 5506 3014 5578 ἀρχάς
3047 5507 3144 5578 τῆς
3172 5510 3533 5580 προκειμένης
3560 5521 3702 5581 στηο

1739 5689 1782 5720 ³⁰
1826 5689 2017 5744 Matth.
2065 5706 2184 5754 XVI,
2221 5691 2308 5750 18.
