4024 6210
314 269 428 323 575

1453 263 1950 320 ΟΟΜΜΕΝΤΑΠΙΑ
1986 263 2053 318 ΙΝ
2091 263 2429 320 PSALMOS.

3451 267 3555 322 574

308 389 622 459 λογραφίας
653 384 854 453 ἐλεγεψ
885 402 903 435 ι
950 382 1007 436 '0
1036 382 1186 448 Θεὸς,
1212 381 1419 435 ἀπώσω
1453 383 1596 452 ἡμᾶς
1629 381 1724 434 και⁸
1757 379 1894 434 καθ-

2003 397 2121 435 cum
2178 381 2346 436 semel
2385 386 2438 433 et
2471 378 2712 433 secundo
2743 378 2991 444 dixisset,
3012 398 3029 430 ι
3050 377 3224 445 Quis?
3255 399 3275 432 ι
3309 395 3433 434 eum
3463 383 3556 450 qui

311 479 460 544 εἷλες
501 481 666 552 ἡμᾶς.
716 499 733 530 ι
777 478 867 531 Διὸ
921 475 1056 548 πρὸς
1099 476 1310 545 ἐκείνην
1350 473 1444 544 τὴν
1489 471 1668 544 φωνὴν
1711 473 1893 526 ἀποδί-

308 574 482 626 δωσιν
521 570 757 624 ἐνταῦθα
783 570 880 640 τὴν
906 570 1072 638 αὐτὴν
1094 567 1329 620 διάνοιαν
1363 565 1566 634 λέγων⁸
1607 583 1625 614 ι
1657 565 1788 633 Οὐχὶ
1829 565 1891 616 σὺ

307 667 343 717 6
373 665 506 726 Θεὸς
552 664 582 714 6
607 663 965 732 ἀπωσάμενος
1005 661 1181 730 ἡμᾶς
1216 678 1234 709 ι
1275 658 1369 720 Τίς
1396 657 1502 728 γὰρ
1532 655 1706 719 ἄλλος,
1739 656 1890 725 φησι,

311 756 542 808 δύναται
567 755 736 819 δεῖξαι
764 755 894 824 ἡμῖν
926 750 1022 814 τὰς
1050 748 1379 818 ἐπαγγελίας
1411 748 1509 812 τάς
1540 748 1638 810 σάς
1671 749 1763 800 καλ⁸
1787 747 1893 800 τῶν

319 846 431 900 σῶν
456 846 629 914 λόγων
662 845 730 898 τὰ
762 841 1194 912 ἀποτελέσματα,
1229 842 1276 892 εί
1313 841 1385 912 μὴ
1416 841 1479 893 σὺ
1511 839 1670 914 αύτδς
1719 841 1746 890 6
1788 840 1894 890 ἁπηυ

314 935 604 1004 ωσάμενος
639 935 784 1004 ἡμᾶς
809 949 822 996 ;
849 933 905 1003 ἢ,
936 929 1078 984 κατά
1112 929 1202 982 τὸν
1232 929 1544 1000 Σύμμαχον,
1573 947 1591 978 ι
1627 928 1690 980 Εί
1725 928 1797 998 μὴ
1829 927 1892 979 σὺ

313 1024 348 1074 ὁ
383 1022 514 1085 Θεὸς
546 1024 574 1074 6
607 1020 1038 1092 ἀποδαλλόμενος
1063 1022 1230 1094 ἡμᾶς,
1260 1019 1352 1072 καὶ
1386 1019 1461 1090 μὴ
1497 1017 1806 1088 προσελθὼν
1837 1021 1893 1071 ἐν

313 1117 440 1176 ταῖς
489 1113 872 1185 στρατεύσεσιν
911 1113 1100 1183 ἡμῶνς
1143 1132 1162 1164 ι
1209 1110 1438 1167 ’Δπώσω
1469 1112 1574 1181 γὰρ
1617 1111 1764 1180 ἡμᾶς
1806 1110 1890 1173 σὺ,

316 1207 515 1280 Κύριε,
553 1207 644 1260 καὶ
681 1205 928 1268 καθεῖλες
965 1207 1139 1276 ἡμᾶς’
1177 1203 1310 1257 ἀλλὰ
1343 1202 1436 1254 καὶ
1478 1200 1644 1254 πάλαι
1691 1199 1892 1264 είωθὼς

319 1297 626 1361 συνεξιέναι
671 1297 764 1348 καὶ
816 1295 1182 1366 συμπολεμεῖν
1227 1296 1348 1357 ταῖς
1399 1293 1693 1364 ἡμετέραις
1739 1291 1895 1343 δυνά-

320 1407 470 1462 μεσι,
491 1389 587 1442 νῦν
608 1391 695 1441 ὅτε
725 1388 823 1458 τὴν
851 1387 1040 1456 κλῆσιν
1064 1387 1301 1456 ἐποιήσω
1334 1386 1442 1438 τῶν
1471 1383 1659 1450 ἐθνῶν,
1692 1381 1895 1436 ἀπώσω

318 1486 352 1554 ἡ
363 1484 470 1554 μᾶς
497 1481 589 1534 καὶ
618 1479 802 1533 οὐκέτι
831 1479 1119 1549 συνεξέρχῃ
1145 1483 1264 1543 ταῖς
1291 1479 1587 1553 ἡμετέραις
1614 1476 1890 1548 δυνάμεσι.

323 1575 492 1644 Ἄλλη
541 1571 634 1628 οὖν
667 1574 768 1626 ούκ
801 1573 944 1626 ἐστιν
993 1573 1123 1642 ἡμῖν
1150 1572 1302 1634 ἐλπὶς
1334 1572 1468 1642 πρὸς
1501 1569 1559 1622 τὺ
1601 1568 1894 1623 θεάσασθαί

318 1686 415 1722 σου
461 1668 558 1732 τὰς
601 1666 953 1736 ἐπαγγελίας,
1000 1667 1048 1718 εί
1108 1665 1181 1735 μὴ
1232 1665 1296 1716 σὺ
1349 1663 1508 1726 αὐτὸς
1555 1661 1888 1733 βουληθείης.

1994 474 2144 528 solus
2184 471 2316 525 talia
2356 468 2645 525 ostendere
2694 471 2867 539 possit
2917 486 3248 540 cognoscere
3284 486 3342 525 se
3385 472 3557 527 conti-

1994 575 2171 631 tetur;
2208 565 2296 618 hic
2320 577 2481 632 porro
2501 561 2660 617 .Deus
2689 572 2838 626 erat;
2873 562 3016 630 quod
3053 562 3214 615 etiam
3270 562 3426 614 initio
3457 562 3559 615 hu-

1987 657 2079 726 jus
2111 656 2259 709 tituli
2313 655 2689 724 inscriptionis
2739 654 2955 708 dicebat
2989 673 3002 708 :
3039 673 3057 704 ι
3099 652 3260 713 Deus.
3308 656 3552 723 repulis'i

1991 765 2094 806 nos
2119 759 2173 804 et
2198 749 2520 803 destruxisti
2552 763 2707 802 nos.»
2741 747 2920 814 Quare
2953 747 3018 800 ad
3049 747 3192 800 illam
3213 763 3396 801 vocem
3431 764 3547 817 spe-

1993 851 2170 907 ctans,
2211 840 2460 895 eamdem
2514 841 2604 896 hic
2669 838 2870 910 profert
2932 840 3252 895 sententiam
3326 837 3553 895 dicens:

1999 955 2016 986 ι
2045 935 2234 990 Nonne
2259 942 2341 996 tu,
2376 932 2543 997 Deus,
2582 935 2674 1002 qui
2723 934 2972 1004 repulisli
2999 933 3136 987 nos?
3162 952 3180 984 ι
3236 931 3370 997 Quis
3410 933 3554 986 enim

1996 1027 2159 1087 alius,
2211 1028 2410 1096 inquit.
2463 1027 2727 1096 promissa
2759 1034 2870 1090 tua,
2922 1032 2977 1078 et
3019 1025 3310 1078 verborum
3340 1035 3555 1079 tuorum

1995 1119 2198 1171 exitum
2265 1109 2520 1171 exhibere
2575 1116 2732 1170 nobis
2791 1115 2986 1174 valeat.
3054 1115 3158 1169 nisi
3213 1125 3270 1168 tu
3312 1115 3428 1184 ipse
3465 1115 3557 1184 qui

1995 1208 2241 1276 repulisli
2279 1207 2424 1260 nos?
2455 1207 2590 1270 sive,
2626 1206 2928 1261 secundum
2961 1204 3366 1276 Symmachum,
3398 1223 3414 1256 t
3441 1205 3558 1261 Nisi

2000 1309 2081 1362 tu,
2113 1299 2277 1362 Deus,
2302 1299 2392 1368 qui
2427 1299 2624 1367 abjicis
2659 1313 2781 1362 nos,
2829 1307 2883 1352 et
2913 1314 3021 1352 non
3052 1297 3267 1351 accedis
3306 1297 3372 1351 ad
3405 1314 3559 1352 exer-

1997 1392 2140 1447 citus
2176 1391 2432 1444 nostros?
2464 1411 2480 1442 ι
2558 1389 2833 1460 Siquidem
2863 1389 3112 1458 repulisli
3171 1404 3291 1454 nos,
3344 1395 3402 1442 tu
3452 1388 3560 1442 Do-

1998 1483 2166 1545 mine,
2199 1490 2250 1536 et
2282 1483 2473 1535 destru
2491 1483 2615 1536 xisti
2649 1498 2786 1536 nos:
2825 1482 2919 1536 sed
2955 1481 3047 1550 qui
3075 1481 3203 1534 olim
3239 1496 3344 1534 una
3375 1481 3552 1536 nobis-

1998 1590 2123 1628 cum
2169 1575 2341 1636 exire,
2413 1581 2467 1628 et
2507 1590 2627 1627 enm
2682 1574 3015 1628 exercitibus
3069 1571 3272 1626 nostris
3323 1587 3562 1642 pugnare

2003 1667 2237 1728 solebas,
2272 1681 2418 1719 nunc
2465 1676 2584 1734 post
2616 1675 2888 1734 peractam
2923 1665 3160 1735 gentium
3195 1666 3558 1728 vocationem,

319 1759 426 1812 Σοῦ
451 1759 558 1830 γὰρ
596 1758 936 1828 θελήσαντος,
966 1756 1190 1810 δυνατὸν
1241 1757 1372 1826 ⁴ἡμῖν
1430 1755 1556 1816 τοὺς
1602 1754 1725 1815 σοὺς
1764 1768 1895 1821 προ-

2003 1757 2250 1825 repulisti
2285 1771 2406 1819 nos,
2467 1771 2642 1824 neque
2671 1756 2813 1808 ultra
2866 1756 3143 1823 egrederis
3190 1771 3312 1808 cum
3343 1756 3562 1808 virtuti-

323 1855 504 1922 φήτας
545 1849 1006 1919 συγκαταλεγῆναι
1037 1851 1102 1919 τῇ
1139 1847 1290 1900 πόλει
1336 1863 1429 1898 σου
1455 1849 1521 1916 τῇ
1551 1860 1891 1916 περιπεφρα-

326 1943 532 2016 γμένῃ,
568 1942 654 1995 καὶ
681 1941 1028 2014 ,ὁδηγηθῑψαι
1057 1940 1160 2002 ἐως
1186 1938 1286 2008 τῆς
1314 1935 1722 2008 ἀποδειχθείσης
1747 1935 1895 1988 Ἰδου-

330 2054 412 2108 μα
422 2053 502 2099 ιας

398 2322 420 2355 ς
463 2302 562 2365 Δὸς
599 2302 728 2372 ἡμῖν
763 2298 1014 2371 βοήθειαν
1054 2301 1118 2352 ἐκ
1152 2297 1402 2367 θλίψεως,
1434 2298 1526 2350 καὶ
1556 2297 1757 2368 ματαία
1790 2315 1895 2352 σω·-

313 2397 486 2468 τηρξα
531 2393 850 2464 ἀνθρώπων.
894 2392 980 2444 Ἐν
1029 2391 1107 2462 τῷ
1143 2390 1262 2461 Θεῷ
1309 2392 1604 2461 ποιήσομεν
1648 2390 1894 2462 δύναμιν,

327 2487 426 2541 καὶ
449 2487 609 2548 αὐτὸς
632 2481 975 2549 ἐξουδενώσει
999 2484 1123 2546 τοὺς
1149 2482 1426 2546 θλίὸοντας
1455 2483 1622 2552 ἡμᾶς.
1657 2499 1676 2532 ι
1704 2483 1768 2534 0i
1790 2481 1897 2534 τῶν

328 2577 675 2646 ἐπαγγελιῶν
703 2573 1127 2640 καταξιωθέντες
1159 2573 1494 2626 διδάσκονται
1525 2571 1612 2624 διά
1635 2571 1741 2624 τῶν
1771 2589 1900 2643 προ-

319 2669 590 2739 κειμένων
621 2672 806 2738 νήφειν
841 2666 932 2719 και
965 2664 1342 2735 ἐγρηγορέναι,
1387 2661 1899 2732 παρασκευάζεσθαί

314 2779 379 2821 τε
412 2765 492 2824 εἰς
540 2759 767 2829 θλίψεις,
799 2757 892 2810 καὶ
923 2757 990 2808 δι’
1020 2755 1194 2825 εύχῶν
1237 2755 1412 2823 λέγειν
1439 2755 1516 2826 τῷ
1552 2755 1759 2807 ἑαυτῶν
1806 2753 1901 2824 βα-

323 2855 492 2910 σιλεῖ’
529 2873 546 2906 ι
585 2853 682 2916 Δὸς
720 2853 851 2921 ἡμῖν
882 2847 1129 2919 βοήθειαν
1169 2847 1233 2900 ἐκ
1286 2846 1552 2916 θλίψεως⁸
1593 2865 1611 2897 ι
1667 2845 1900 2916 ματαίαν

321 2949 434 3020 γὰρ
477 2942 616 3000 εἶναι
653 2947 830 2997 πᾶσαν
860 2941 956 3011 τὴν
994 2939 1052 3006 ἐξ
1084 2937 1382 3010 ἀνθρώπων
1415 2937 1624 2991 ἐλπίδα.
1664 2934 1778 2990 Εἶτ’
1807 2936 1899 2989 εύ-

323 3041 547 3110 ξάμενοι
576 3035 767 3096 ταῦτα,
798 3034 896 3104 τὴν
925 3029 1133 3100 ἀγαθὴν
1162 3027 1555 3081 ἐπιδείκνυνται
1589 3025 1898 3098 προθυμίαν

323 3132 605 3198 λέγοντες·
657 3144 674 3175 ι
721 3126 809 3176 Ἐν
848 3122 962 3192 Θεῷ
1004 3122 1300 3192 ποιήσομεν
1336 3119 1582 3188 δύναμιν,
1612 3119 1705 3170 καὶ
1739 3117 1900 3181 αὐτὸς

323 3215 670 3285 ἐξουδενώσει
717 3215 842 3276 τοὺς
890 3211 1166 3274 θλίϐοντας
1207 3212 1373 3281 ἡμᾶς.
1418 3229 1436 3261 ›
1483 3209 1733 3272 Τοιοῦτος
1771 3205 1840 3279 ἦν
1875 3211 1903 3262 6

327 3310 542 3372 Παῦλος
574 3307 779 3375 λέγων’
835 3325 853 3355 ι
885 3304 1065 3356 Πάντα
1104 3301 1270 3372 ἰσχύω
1302 3303 1357 3354 ἐν
1398 3300 1476 3371 τῷ
1516 3299 1902 3369 ἐνδυναμοῦντί

329 3417 433 3470 με·
481 3418 500 3448 ι
567 3395 662 3450 καὶ
719 3394 911 3447 πάλιν·
979 3411 997 3444 t
1044 3393 1157 3445 Οὐκ
1179 3390 1288 3460 ἐγὼ
1309 3391 1386 3455 δὲ,
1461 3393 1644 3461 φησιν,
1712 3389 1826 3442 ἀλλ’
1869 3391 1902 3459 ὴ

324 3492 489 3569 χάρις
531 3491 566 3559 ἡ
599 3489 692 3540 σὺν
720 3485 862 3555 ἐμοί.
901 3504 918 3536 ι
961 3483 1145 3536 Ταῦτα
1184 3483 1240 3535 δὲ
1267 3483 1444 3552 λέγειν
1479 3484 1816 3536 παιδεύονται
1852 3484 1902 3536 ot

326 3587 396 3637 ἐκ
436 3582 535 3651 τῆς
575 3577 876 3648 Ἰδουμαίας
906 3575 998 3628 καὶ
1042 3575 1106 3626 ἐκ
1147 3574 1253 3627 τῶν
1287 3575 1596 3643 ἀλλοφύλων
1641 3575 1808 3628 ἐθνῶν
1835 3577 1902 3646 τῇ

323 3673 425 3728 τοῦ
454 3669 590 3725 Θεοῦ
624 3670 802 3740 χάριτι
831 3665 1309 3737 προσεληλυθότες.
1347 3667 1408 3718 Et
1434 3666 1492 3718 δέ
1523 3668 1588 3719 ἐκ
1613 3666 1904 3738 προσώπου

319 3764 424 3819 τοῦ
449 3758 786 3834 προφητικοῦ
815 3757 976 3829 χοροῦ
1013 3756 1222 3824 λέγοιτο
1263 3755 1572 3820 καὶταῦτα,
1607 3756 1808 3827 πρέποι
1841 3755 1906 3809 ἂν

321 3857 546 3919 αὐτοὺς,
581 3850 1095 3920 ἀποκλαυσαμένους
1121 3849 1212 3902 τὸν
1240 3849 1502 3919 ἀπωσμὸν
1532 3849 1624 3901 καὶ
1658 3848 1754 3920 τὴν
1779 3847 1908 3902 καθ-

323 3947 540 4019 αίρεσιν
579 3944 675 3998 τοῦ
711 3941 975 4013 προτέρου
1022 3939 1173 4005 λαοῦ,
1202 3939 1364 4010 εὐχὴν
1403 3940 1742 4010 ἀναπέμπειν
1770 3941 1908 4010 ὑπὲρ

325 4040 425 4094 τοῦ
474 4036 652 4093 κοινοῦ
695 4036 910 4090 πάντων
938 4034 1115 4088 αὐτῶν
1159 4032 1428 4105 σώματος,
1473 4033 1566 4086 καὶ
1607 4033 1785 4101 λέγειν
1831 4031 1910 4102 τῷ

327 4132 452 4202 Θεῷ
482 4131 552 4184 τά
577 4128 934 4200 προκείμενα.

398 4246 448 4298 ι.
490 4243 598 4296 ΕΙΣ
627 4241 714 4293 T0
747 4238 964 4291 ΤΕΑυΣ
995 4237 1086 4290 EN
1117 4237 1396 4300 ΥΜΝοιΣ,
1431 4235 1517 4289 To
1547 4237 1742 4289 AATIA
1773 4236 1848 4292 εν.

411 4375 432 4409 ι
478 4355 830 4415 Εἱσάκουσον,
861 4352 889 4402 6
913 4349 1063 4412 Θεὸς,
1101 4353 1201 4423 τῆς
1243 4349 1476 4422 δεήσεώς
1513 4367 1634 4420 μου,
1679 4349 1910 4421 πρόσχες

2003 1848 2106 1902 bus
2157 1849 2384 1903 nostris.
2444 1845 2563 1900 Non
2617 1849 2722 1900 alia
2775 1848 2955 1917 itaque
2985 1848 3173 1901 subest
3222 1847 3380 1900 nobis
3434 1860 3560 1915 spes

1997 1939 2218 1994 videndi
2256 1941 2522 2008 promissa
2564 1950 2676 2002 tua,
2733 1940 2838 1993 nisi
2897 1951 2952 1993 tu
2993 1940 3110 2008 ipse
3156 1940 3412 1994 volueris.
3484 1937 3562 1994 Te

1996 2031 2200 2101 quippe
2231 2033 2466 2094 volente,
2501 2046 2796 2100 possumus
2823 2047 2921 2084 nos
2953 2032 3226 2100 propheta:
3258 2031 3338 2084 tui
3376 2031 3428 2085 in
3454 2033 3562 2085 cir-

1996 2132 2280 2192 cuinsepta
2317 2123 2534 2176 civitate
2569 2132 2658 2176 tua
2711 2123 3082 2188 annumerari,
3123 2137 3186 2175 ac
3228 2121 3423 2176 deduci
3467 2136 3562 2175 us-

1999 2231 2106 2284 que
2133 2215 2468 2268 declaratam
2499 2215 2645 2268 illam
2695 2212 3002 2268 ldumaeam.

2072 2304 2357 2367 “135.13,
2392 2304 2478 2359 14.
2529 2322 2546 2354 ι
2574 2304 2648 2357 Da
2700 2306 2858 2358 nobis
2903 2306 3164 2360 auxilium
3214 2304 3281 2360 de
3334 2305 3564 2360 tribula-

2000 2397 2168 2458 tione,
2221 2406 2275 2450 et
2317 2412 2457 2450 vana
2508 2395 2657 2452 salus
2694 2394 2997 2451 hominum.
3052 2395 3111 2448 In
3144 2394 3251 2449 Deo
3295 2393 3562 2450 faciemus

2000 2487 2280 2550 virtutem,
2308 2496 2362 2540 et
2411 2488 2528 2556 ipse
2579 2486 2644 2540 ad
2696 2487 2923 2540 nihilum
2971 2486 3199 2540 deducet
3237 2488 3564 2540 tribulantes

2001 2595 2123 2633 nos.
2149 2599 2166 2630 ›
2227 2577 2332 2646 Qui
2365 2579 2650 2648 promissis
2682 2579 2886 2648 dignati
2940 2587 3090 2644 sunt,
3147 2578 3231 2631 his
3263 2578 3563 2632 educentur

2003 2672 2183 2727 sobrie
2211 2672 2479 2740 agendum
2507 2679 2560 2724 et
2588 2670 2919 2740 vigilandum
2937 2684 3079 2734 esse,
3100 2677 3263 2737 atque
3280 2669 3345 2722 ad
3367 2683 3568 2722 aerum-

2004 2779 2105 2818 nas
2160 2774 2381 2833 paratos
2421 2778 2543 2818 esse
2595 2773 2865 2832 oportere,
2902 2778 2966 2816 ac
2998 2763 3180 2816 dicere
3214 2761 3324 2830 regi
3355 2776 3456 2815 suo
3511 2764 3566 2814 in

2004 2856 2360 2921 orationibus,
2411 2873 2430 2906 ι
2452 2855 2526 2908 Da
2560 2855 2718 2910 nobis
2746 2855 3007 2909 auxilium
3034 2855 3100 2908 de
3124 2855 3476 2908 tribulatione
3499 2873 3512 2907 :
3540 2873 3561 2906 ι

2003 2964 2144 3002 vana
2193 2948 2392 3018 quippe
2427 2955 2510 3001 est
2570 2963 2695 3017 spes
2738 2949 2791 3002 in
2845 2948 3062 3002 homine
3115 2946 3312 3017 posita.
3364 2944 3566 3000 Deinde

1927 3079 1967 3132 Ο
2005 3041 2121 3096 haec
2137 3043 2364 3110 precati,
2387 3041 2688 3095 alacritatis
2709 3056 2822 3094 sua:
2845 3041 2999 3110 signa
3024 3039 3264 3110 praebent
3286 3038 3564 3098 dicentes:

2011 3152 2028 3183 ι
2055 3134 2110 3186 In
2145 3134 2250 3187 Deo
2286 3133 2548 3187 iaciemus
2573 3133 2850 3195 virtutem,
2884 3141 2937 3186 et
2961 3133 3073 3200 ipse
3108 3133 3175 3185 ad
3213 3131 3446 3185 nihilum
3471 3127 3567 3184 de-

2000 3226 2161 3280 ducet
2215 3228 2541 3281 tribulantes
2600 3243 2720 3280 nos.
2752 3244 2770 3276 ι
2849 3223 2997 3278 Talis
3043 3231 3161 3278 erat
3198 3221 3429 3285 Paulus,
3474 3221 3568 3291 qui

2001 3319 2248 3374 dicebat:
2285 3339 2304 3371 ι
2345 3319 2537 3373 Omnia
2568 3334 2789 3387 possum
2849 3317 2903 3370 in
2945 3332 3011 3372 eo
3069 3317 3161 3388 qui
3212 3331 3298 3370 me
3347 3314 3568 3370 confor-

2003 3411 2136 3465 tat“
2165 3429 2179 3476 ;
2213 3430 2230 3461 ι
2287 3426 2350 3464 ac
2397 3426 2655 3473 rursum;
2715 3408 2831 3461 Non
2879 3423 3000 3476 ego,
3048 3408 3245 3477 inquit,
3306 3407 3401 3463 sed
3443 3423 3571 3477 gra-

2005 3503 2079 3556 tia
2123 3519 2243 3573 quae
2288 3511 2370 3557 est
2427 3502 2768 3556 mecnm".»
2837 3501 2920 3554 Ad
2982 3500 3096 3554 haec
3156 3498 3384 3553 dicenda
3437 3512 3569 3551 eru-

2004 3595 2252 3659 diuntur,
2287 3595 2378 3663 qui
2407 3609 2472 3647 ex
2512 3593 2749 3646 Idumaea
2777 3599 2831 3645 et
2865 3607 2929 3646 ex
2959 3590 3280 3659 alienigenis
3311 3587 3569 3659 gentibus

2007 3687 2074 3740 ad
2139 3685 2232 3740 Dei
2297 3686 2527 3756 gratiam
2583 3697 2886 3738 accessere.
2944 3680 3100 3747 Quod
3134 3681 3180 3735 si
3209 3696 3293 3741 ,ex
3339 3694 3570 3750 persona

2009 3777 2311 3848 prophetici
2343 3776 2498 3829 chori
2542 3775 2814 3836 dicantur,
2848 3788 2980 3828 sane
3023 3772 3179 3827 decet
3206 3772 3353 3841 ipsos
3386 3771 3570 3841 repul-

2011 3885 2125 3923 sam
2170 3877 2224 3923 et
2251 3869 2465 3925 ruinam
2509 3867 2708 3937 prioris
2741 3866 2925 3936 papuli
2965 3865 3337 3934 deplorantes,
3366 3863 3573 3916 oratio-

2009 3976 2132 4014 nem
2177 3960 2457 4018 etfnndere
2484 3973 2583 4028 pro
2614 3956 2894 4012 communi
2933 3972 3033 4012 suo
3073 3970 3324 4024 corpore,
3363 3963 3417 4008 et
3457 3953 3572 4007 haec

2010 4053 2174 4107 verba
2198 4050 2308 4108 Deo
2339 4051 2602 4121 proferre.

2154 4207 2202 4261 i.
2239 4203 2304 4258 IN
2336 4203 2566 4272 FINEM,
2607 4201 2675 4256 IN
2710 4201 2992 4271 IIYMNIS,
3034 4200 3281 4257 DAVIDI.
3325 4199 3437 4254 LX.

2088 4340 2254 4396 Vens.
2306 4339 2376 4404 2,
2418 4339 2469 4393 ὅ.
2521 4357 2540 4388 ι
2594 4335 2844 4400 Exaudi,
2906 4334 3085 4397 Deus,
3144 4333 3578 4403 deprecationem

328 4454 400 4521 τῇ
433 4449 707 4520 προσευχῇ
742 4463 864 4516 μου.
913 4465 931 4496 ι
980 4445 1040 4498 Oi
1083 4443 1180 4514 μὲν
1215 4441 1684 4514 ἐπιγεγραμμένοι
1720 4441 1901 4510 στηλο‹

2020 4449 2237 4495 meam,
2285 4429 2509 4484 intende
2551 4427 2787 4482 orationi
2833 4442 2984 4482 mete.
3022 4445 3041 4477 ι
3075 4425 3178 4490 Qui
3211 4425 3349 4477 tituli
3381 4423 3577 4476 inscrio

332 4541 576 4613 γραφίας
610 4538 805 4608 ἐφεξῆς
843 4536 1001 4588 πέντε
1035 4535 1195 4604 μέχρι
1230 4532 1323 4586 τοῦ
1353 4533 1427 4586 νθ⁹
1471 4533 1620 4595 τέλος
1661 4532 1903 4606 έχουσινο

335 4634 442 4688 είσὶ
469 4633 524 4684 δὲ
560 4631 759 4692 πάντες
782 4630 830 4680 οἱ
853 4627 1054 4696 ταύτην
1085 4625 1297 4694 ἔχοντες
1322 4625 1420 4694 τὴν
1465 4623 1788 4695 προγραφὴν
1812 4623 1871 4694 ἐξ
1891 4642 1903 4654 ο

337 4725 466 4777 οἵτε
504 4719 889 4794 προλεχθέντες
924 4717 1016 4770 καὶ
1037 4719 1065 4769 6
1093 4722 1152 4768 ιε’
1185 4716 1244 4767 ἐν
1268 4714 1344 4784 τῷ
1386 4713 1584 4785 πρώτῳ
1625 4714 1780 4785 μέρει
1811 4717 1910 4784 τῆς

341 4817 526 4889 βίῆλου
554 4813 662 4868 τῶν
691 4810 938 4881 Ψαλμῶν
960 4808 1228 4879 κείμενος.
1259 4808 1325 4860 ’Ὀ
1352 4824 1414 4875 γε
1448 4806 1552 4878 μὴν
1580 4807 1714 4878 μετὰ
1727 4810 1910 4879 χεῖρας

340 4907 506 4980 ὕμνος
535 4906 609 4960 ῶν
658 4904 750 4958 κα)⁸
784 4901 943 4962 αὐτὸς
974 4902 1052 4963 είς
1095 4898 1155 4951 τὸ
1183 4898 1334 4962 τέλος
1367 4899 1454 4953 διά
1498 4898 1596 4962 τάς
1640 4899 1730 4950 ἐπὶ
1773 4898 1912 4952 τέλει

340 5001 432 5055 τοῦ
481 5000 650 5071 ὕμνου
693 4994 993 5067 φερομένας
1034 4993 1368 5062 ἐπιχρήστας
1419 4991 1746 5059 ἐπαγγελίας
1785 4991 1913 5043 ἀνα-

339 5097 570 5164 πέμπει.
631 5089 750 5143 Είσὶ
801 5089 858 5142 δέ
917 5089 1114 5150 πάντες
1163 5088 1211 5138 οἱ
1271 5083 1736 5155 ἐπιγεγραμμένοι
1773 5103 1790 5133 ι
1825 5083 1912 5134 Ἐν

341 5187 532 5256 ὕμνοις
569 5204 586 5235 ι
632 5183 822 5234 πέντε’
873 5181 964 5234 δύο
1015 5181 1111 5251 μὲν
1157 5181 1212 5232 ἐν
1259 5178 1335 5249 τῷ
1387 5175 1588 5246 πρώτῳ
1623 5175 1776 5245 μέρει
1815 5179 1914 5245 τῆς

347 5280 553 5350 βίϐλου,
594 5277 622 5328 6
663 5277 914 5346 τέταρτος
958 5274 1050 5328 καὶ
1093 5275 1122 5325 6
1167 5277 1239 5335 ς’.
1281 5268 1420 5322 Ἀλλ’
1462 5263 1603 5321 οὗτοι
1632 5268 1730 5338 μὲν
1775 5287 1792 5318 ι
1831 5267 1917 5320 Ἐν

344 5373 536 5442 ὕμνοις
565 5363 768 5439 ψαλμοὶ
805 5388 822 5419 ›
855 5368 1098 5436 λέγονται
1123 5384 1135 5397 ·
1161 5367 1210 5420 oi
1233 5365 1288 5417 δὲ
1314 5365 1370 5415 ἐν
1400 5361 1476 5432 τῷ
1503 5361 1736 5432 δευτέρῳ
1765 5359 1919 5430 μέρει

339 5465 440 5532 τῆς
472 5461 654 5532 βίϐλου
683 5463 826 5531 τρεῖς
859 5480 877 5512 ι
900 5461 988 5513 Ἐν
1022 5459 1210 5530 ὕμνοις
1245 5476 1262 5508 ι
1311 5456 1702 5524 ἐπιγράφονται
1737 5451 1915 5523 μόνον,

338 5557 368 5608 6
400 5560 503 5624 νγ’,
539 5551 635 5606 καὶ
667 5554 695 5606 6
717 5552 808 5617 νδ’,
837 5555 927 5607 καὶ
946 5556 974 5608 6
1003 5551 1142 5622 μετά
1165 5552 1369 5621 χεῖρας.
1427 5547 1486 5600 0i
1516 5545 1614 5616 μὲν
1638 5541 1730 5599 οὖν
1764 5564 1782 5597 ι
1829 5538 1924 5598 Ἐν

426 5714 466 5746 ³⁸
506 5711 706 5783 Philip.
742 5725 815 5775 Iv,
853 5710 936 5768 l3.
1017 5713 1059 5742 ³⁸
1101 5710 1118 5764 1
1156 5703 1285 5764 Cor.
1323 5723 1414 5773 xv,
1452 5705 1540 5762 10.

2016 4526 2234 4595 pliones
2295 4523 2589 4584 dicuntur,
2653 4526 3052 4588 consequenter
3122 4515 3284 4585 positi
3349 4529 3578 4567 numero

2013 4616 2288 4686 quinque,
2331 4614 2386 4666 in
2435 4629 2524 4667 th
2581 4611 2860 4666 desinunt.
2907 4607 3047 4662 Sunt
3123 4615 3305 4661 autem
3347 4620 3575 4669 omnes,

2016 4711 2108 4779 qui
2156 4709 2472 4777 liujusmodi
2522 4705 2680 4760 titulo
2729 4701 3128 4761 inscribuntur,
3179 4712 3408 4752 numero
3438 4712 3576 4764 sex;

2017 4817 2210 4872 nempe
2254 4801 2347 4872 qui
2375 4801 2486 4870 jam
2521 4797 2806 4853 memorati
2849 4801 3016 4856 sunt,
3047 4801 3100 4848 et
3145 4791 3391 4845 decimus
3418 4791 3582 4860 quin-

2019 4907 2140 4958 tus,
2196 4895 2251 4948 in
2303 4895 2475 4963 prima
2522 4902 2673 4962 parte
2720 4889 2844 4942 libri
2882 4886 3222 4941 Psalmorum
3275 4885 3434 4940 situs.
3482 4883 3582 4936 Hic

2018 5005 2148 5047 vero
2177 5003 2336 5058 quem
2382 4987 2498 5056 jam
2546 4992 2846 5039 tractamus
2886 4980 3153 5050 hymnus,
3185 4977 3251 5030 ad
3286 4976 3480 5038 linem,
3513 4975 3582 5028 ob

2019 5081 2269 5153 perutilia
2303 5080 2392 5132 illa
2437 5077 2706 5146 promissa
2730 5116 2745 5141 ,
2778 5088 2899 5143 quae
2927 5072 2981 5126 in
3025 5071 3131 5125 ﬁne
3178 5068 3448 5131 feruntur,
3495 5081 3584 5119 re-

2020 5174 2204 5230 mittit.
2246 5170 2385 5226 Sunt
2415 5177 2595 5223 autem
2629 5186 2646 5218 ι
2677 5168 2734 5221 In
2767 5166 2982 5237 hymnis
3015 5184 3034 5216 ι
3068 5161 3314 5230 inscripti
3343 5159 3584 5228 quinque

2022 5277 2290 5319 numero:
2336 5275 2568 5329 quorum
2612 5259 2722 5312 duo
2762 5258 2817 5311 in
2864 5269 3036 5326 pruna
3079 5262 3232 5324 parte
3271 5248 3389 5304 libri
3419 5252 3579 5309 sunt,

2019 5364 2248 5425 quartus
2270 5369 2484 5423 nempe,
2509 5362 2561 5406 et
2591 5361 2795 5407 sextus.
2828 5349 2932 5404 Sed
2958 5349 3034 5402 illi
3057 5347 3274 5418 quidem
3305 5361 3322 5393 ι
3351 5343 3406 5394 ln
3429 5339 3583 5408 hym-

2024 5449 2113 5504 nis
2145 5447 2338 5518 psalmi
2367 5465 2385 5498 ι
2416 5446 2674 5499 dicuntur
2702 5461 2717 5510 ;
2765 5443 2858 5513 qui
2901 5446 3028 5494 vero
3060 5440 3114 5494 in
3157 5432 3390 5492 secunda
3432 5440 3584 5499 parte

2027 5540 2153 5595 libri
2196 5547 2326 5597 sunt
2347 5577 2365 5604 ,
2408 5545 2520 5594 tres
2562 5550 2822 5603 numero,
2855 5551 2874 5585 ι
2908 5533 2965 5588 In
2997 5530 3213 5604 hymnis
3236 5545 3254 5579 ι
3285 5523 3459 5580 solum
3499 5521 3586 5580 iti-
