4024 6202
453 243 562 304 ξ’75

457 377 822 438 scribuntur;
854 383 1050 439 nempe
1081 381 1173 420 LIII
1201 405 1215 425 .
1249 380 1359 427 LW,
1391 371 1442 416 ct
1484 361 1572 415 hic
1613 375 1777 430 quem
1827 365 2028 412 tracta-

451 483 597 525 mus.
631 466 735 534 Qui
765 463 934 535 igitur
964 479 982 512 ι
1012 459 1073 514 In
1119 457 1335 529 hymnis
1357 453 1554 525 psalmi
1587 471 1608 505 ι
1632 452 1912 513 dicuntur,
1945 450 2026 504 vi-

451 559 652 614 dentur
681 568 808 610 cum
837 550 1052 607 musico
1094 548 1494 610 instrumento,
1523 541 1673 613 quod
1712 539 2028 610 psalterium

451 652 678 712 dicunt,
710 642 1052 719 pronuntiati
1099 639 1313 695 fuisse:
1355 637 1616 709 quoniam
1663 633 1758 704 qui
1809 631 2026 703 psallit,

450 742 701 812 corporis
725 777 740 802 ,
774 736 918 808 quod
954 736 1390 790 instrumentum
1432 729 1629 783 anima:
1663 731 1782 789 est,
1813 723 2031 778 actione

450 833 677 906 indiget.
725 829 829 897 Qui
883 837 1065 882 autem
1118 823 1308 897 hymni
1355 820 1532 878 solum
1571 819 1867 881 dicuntur,
1911 815 2028 871 sola

449 939 584 979 voce
630 922 894 994 hymnum
936 916 1252 982 oll‘erentis,
1302 913 1455 968 nulla
1496 909 1740 966 adhibita
1781 907 2025 980 psalterii

453 1014 799 1088 pulsatione,
831 1011 962 1067 dicti
994 1015 1123 1066 sunt
1152 1026 1167 1074 ;
1197 1007 1290 1078 qui
1322 1018 1604 1061 sermones
1633 1001 1832 1056 ibidem
1865 998 2028 1070 positi

452 1109 572 1163 sola
614 1105 812 1160 mentis
853 1101 1228 1174 speculatione
1271 1113 1412 1169 opus
1454 1095 1712 1150 habeant.
1741 1092 1907 1161 quue
1933 1090 2029 1144 de-

451 1198 625 1252 clarat
655 1211 900 1268 prazsens
932 1193 1170 1264 hymnus
1199 1189 1294 1260 qui
1339 1187 1420 1244 sic
1467 1185 1631 1240 habet
1659 1202 1672 1238 :
1703 1201 1721 1234 ι
1750 1181 1796 1235 Α
1828 1181 2027 1234 ﬁnibus

450 1297 612 1344 terra:
653 1285 722 1341 ad
766 1293 821 1340 te
869 1282 1148 1349 clamavi;
1182 1300 1200 1332 ι
1227 1295 1339 1351 quo
1385 1276 1657 1350 signiﬁcat
1698 1273 2023 1342 Prophetam

446 1381 606 1451 quasi
633 1388 790 1433 extra
839 1375 1089 1446 corporis
1135 1373 1398 1429 ambitum
1442 1386 1472 1424 a
1520 1368 1633 1423 Deo
1664 1376 2024 1436 assumptum

447 1473 638 1529 fuisse.
667 1469 777 1526 Nec
806 1471 999 1542 ignoro
1027 1468 1270 1537 reliquos
1295 1466 1622 1534 interpretes
1652 1460 1760 1514 alia
1786 1457 2026 1514 edidisse

445 1565 680 1621 ratione.
738 1561 842 1616 llic
891 1568 1074 1616 autem
1129 1559 1384 1614 obsecrat
1439 1553 1609 1609 David
1660 1551 1748 1607 his
1797 1551 2022 1606 verbis:

451 1675 469 1708 σ
498 1654 743 1720 Exaudi,
773 1653 918 1709 Deus
937 1692 952 1718 ,
979 1649 1421 1723 deprecationem
1451 1658 1650 1700 meam.
1673 1659 1694 1694 ι
1720 1643 1856 1696 Cum
1877 1641 2023 1698 enim
2057 1683 2098 1736 Β

443 1749 661 1821 magnis
701 1747 1014 1817 divinisque
1052 1720 1218 1800 rebus
1254 1745 1448 1812 egeat,
1489 1737 1606 1793 haec
1650 1735 1914 1807 consequi
1962 1751 2022 1789 se
2057 1720 2098 1736 ν

443 1840 709 1911 postulat.
753 1837 963 1895 Deinde
1008 1843 1067 1891 ut
1108 1850 1168 1890 se
1208 1833 1434 1902 dignum
1461 1829 1700 1885 declaret
1727 1829 1821 1899 qui
1853 1843 2022 1883 exau-

444 1931 648 1995 diatur,
683 1928 1003 2000 subjungit:
1035 1945 1053 1978 ι
1085 1923 1310 1980 Intende
1334 1920 1572 1976 orationi
1616 1935 1770 1975 mete.
1803 1939 1822 1972 ι
1854 1917 2020 1973 Suam

443 2021 591 2075 enim
622 2021 926 2076 orationem
953 2030 1150 2086 magna
1178 2023 1232 2070 et
1259 2011 1528 2084 profunda
1554 2009 1792 2081 quadam
1820 2007 2022 2063 intelli-

445 2113 626 2184 gentia
673 2112 936 2182 repletam
973 2124 1096 2165 esse
1133 2106 1413 2172 conﬁsus,
1461 2105 1692 2176 rogabat
1739 2101 1912 2156 Deum
1961 2109 2021 2154 ut

444 2205 746 2275 respiceret
787 2210 843 2258 et
874 2200 1042 2256 verba
1074 2213 1172 2255 sua
1202 2197 1604 2268 specularetur,
1631 2193 1779 2249 dicta
1806 2193 2022 2248 exami-

442 2301 629 2359 naret,
659 2303 845 2366 utpote
873 2293 990 2349 suis
1016 2290 1245 2345 auribus
1288 2288 1474 2360 digna.
1521 2285 1727 2342 Deinde
1770 2300 1883 2339 rem
1927 2284 2022 2338 de-

443 2389 618 2442 clarat
643 2387 802 2458 cujus
841 2400 1010 2442 causa
1039 2384 1209 2440 Deum
1253 2381 1522 2439 orationis
1557 2396 1674 2439 sua:
1715 2379 2023 2450 speculato-

442 2497 558 2536 rem
589 2480 912 2544 advocaret,
944 2493 1070 2534 cum
1100 2477 1327 2548 adjicit:
1362 2495 1381 2528 ι
1415 2477 1458 2530 Α
1503 2475 1706 2531 ﬁnibus
1749 2482 1910 2530 terra:
1953 2471 2020 2526 ad

443 2578 497 2628 te
523 2572 774 2626 clamavi.
806 2589 824 2624 ι
842 2569 909 2624 Et
934 2570 1064 2641 quia
1090 2570 1284 2640 reliqui
1313 2571 1641 2639 interpretes
1667 2566 1830 2623 simili
1859 2565 2022 2620 modo

440 2663 785 2734 interpretati
836 2669 1000 2730 sunt,
1052 2663 1247 2732 Aquila
1300 2661 1548 2727 scilicet,
1597 2679 1616 2712 ι
1646 2659 1730 2716 Ab
1774 2667 2022 2714 extremo

441 2765 603 2813 terra:
631 2755 698 2811 ad
730 2763 783 2810 te
807 2755 1097 2822 clamabo;
1125 2775 1145 2808 ο
1179 2753 1543 2828 Symmachus
1572 2767 1706 2808 vero
1727 2790 1743 2816 ,
1773 2769 1792 2803 ι
1819 2751 1866 2805 Α
1899 2750 2023 2804 ﬁnio

439 2848 543 2902 bus
571 2855 734 2902 terra:
759 2855 812 2902 te
841 2846 1109 2901 invocabo
1135 2864 1151 2911 ;
1185 2866 1205 2900 ι
1231 2846 1422 2917 quinta
1461 2853 1640 2900 autem
1684 2843 1855 2900 editio
1877 2883 1893 2910 ,
1927 2861 1944 2894 ι
1976 2841 2018 2894 Α

440 2937 644 2992 ﬁnibus
686 2943 848 2991 terra:
887 2937 955 2991 ad
1007 2945 1061 2992 te
1087 2937 1371 3003 clamabo;
1406 2956 1425 2988 ι
1451 2937 1577 3006 quis
1602 2950 1714 2989 non
1741 2934 1872 2990 dicti
1902 2949 2023 2989 scn-

441 3029 670 3084 tentiam
697 3029 896 3083 merito
922 3028 1206 3098 requirat?
1231 3027 1336 3095 Qui
1365 3028 1511 3083 enim
1541 3028 1718 3099 possit
1740 3025 2014 3098 quispiam

439 3131 618 3176 totum
674 3121 864 3176 orbem
919 3130 1374 3192 praztergressus,
1432 3135 1556 3175 cum
1621 3133 1788 3190 super
1839 3119 2017 3188 ipsum

441 3211 720 3268 Oceanum
768 3212 1082 3277 devenerit,
1133 3212 1249 3267 haec
1303 3210 1634 3266 vociferari:
1680 3229 1699 3263 ι
1733 3209 1778 3264 Α
1824 3210 2026 3266 ﬁnibus

442 3313 604 3360 terra:
627 3304 696 3359 ad
725 3313 777 3360 te
803 3305 1033 3359 clamavi
1057 3305 1080 3359 ?
1113 3325 1133 3358 ι
1165 3304 1235 3358 At
1261 3305 1578 3361 consideres
1611 3305 1770 3359 velim
1793 3343 1809 3368 ,
1843 3319 2024 3358 annon

443 3397 627 3453 omnis
658 3395 754 3452 Dei
785 3397 998 3452 amicus
1028 3396 1162 3454 ﬁnes
1191 3405 1352 3453 terra:
1379 3403 1748 3466 congruenter
1773 3407 2020 3452 vocetur.

438 3487 576 3544 Nam
606 3490 888 3562 improbus
929 3493 1092 3547 homo
1138 3491 1234 3564 qui
1286 3490 1466 3546 forum
1495 3501 1550 3548 et
1581 3493 1804 3556 turbas,
1837 3491 2022 3546 curias

439 3590 493 3637 et
539 3581 838 3638 tribunalia
887 3583 1326 3647 circumcursat,
1363 3591 1623 3656 totusque
1655 3585 1712 3640 in
1738 3582 2022 3653 corporeis

437 3674 814 3745 voluptatibus
844 3675 1100 3732 defossus
1129 3684 1252 3743 est,
1281 3675 1406 3746 jure
1445 3677 1499 3732 in
1541 3675 1817 3748 profundo
1863 3689 2023 3732 terra;

439 3765 694 3822 habitare
725 3767 978 3834 dicatur;
1010 3768 1106 3838 qui
1136 3783 1267 3823 vero
1293 3787 1312 3820 ι
1341 3768 1668 3825 circuierint
1699 3770 1756 3824 in
1803 3769 2020 3824 melotis

440 3867 494 3914 ct
537 3860 594 3914 in
639 3859 877 3930 pellibus
914 3860 1158 3930 caprinis
1204 3868 1458 3931 egentes,
1505 3861 1840 3934 angustiali,
1881 3861 2019 3915 ami-

441 3953 516 4006 cti
547 3951 612 4015 ³⁸,
641 3971 660 4005 ι
685 3960 740 4007 et
769 3968 799 4006 a
827 3953 1008 4008 medio
1038 3953 1255 4008 urbium
1291 3953 1582 4026 fugerunt,
1613 3970 1677 4010 ac
1705 3957 1759 4009 in
1788 3955 2020 4010 desertis

441 4046 766 4101 commorati
810 4054 939 4102 sunt
969 4085 985 4110 ,
1035 4047 1093 4102 in
1142 4048 1457 4112 montibus,
1490 4048 1548 4101 in
1580 4048 1833 4104 cavernis
1877 4056 1930 4104 et
1962 4049 2017 4102 in

443 4140 807 4197 foraminibus
846 4147 1039 4206 terrae,
1085 4141 1281 4196 merito
1321 4139 1578 4195 dicantur
1618 4149 1774 4196 extra
1819 4150 2016 4196 terram

441 4249 608 4289 esse:
665 4247 733 4289 ac
781 4232 1002 4289 etiamsi
1051 4248 1162 4288 non
1217 4248 1446 4304 prorsus
1497 4241 1653 4289 erant
1705 4248 1736 4288 a
1784 4248 2016 4304 corpore

439 4321 717 4393 exempti,
749 4321 852 4378 etsi
900 4329 1057 4376 extra
1100 4322 1236 4376 illud
1282 4331 1508 4389 essent;
1555 4330 1687 4378 tunc
1726 4331 1912 4378 tamen
1959 4323 2015 4378 in

440 4413 561 4484 ipso
603 4413 879 4476 viventes,
910 4412 1114 4482 illoque
1144 4421 1203 4466 ut
1231 4413 1601 4468 instrumento
1635 4419 1884 4477 utentes,
1918 4427 2008 4468 ne-
2046 4442 2094 4502 υ
2119 4412 2328 4530 ὶι

440 4519 711 4530 manu...
740 4503 793 4530 ι..
824 4504 950 4530 ..:.....
975 4505 1113 4530 η-.-
1144 4504 1599 4530 ,ι,,,,,,,,ι,-,η-
1621 4522 1634 4530 .
1662 4506 1754 4530 HJ
1786 4509 2011 4530 Anum“

439 4519 713 4575 quaquam
740 4503 795 4558 in
824 4504 952 4559 vita:
975 4505 1116 4559 mala
1141 4504 1599 4577 demergebantur
1621 4522 1636 4572 ;
1661 4506 1754 4560 sed
1784 4509 2014 4576 carptim

438 4599 782 4654 solummodo
805 4599 1176 4654 necessarium
1207 4600 1413 4666 cibum,
1449 4607 1503 4655 et
1528 4600 1736 4670 reliqua
1763 4599 1830 4655 ad
1855 4617 2013 4656 usum

440 4693 702 4762 requisita
745 4692 1124 4761 contingentes
1167 4691 1474 4763 degebant;
1503 4692 1630 4762 jure
1669 4692 1725 4747 in
1756 4693 2016 4749 extremis

439 4785 575 4838 etin
607 4782 807 4840 ﬁnibus
836 4783 1084 4852 corporis
1123 4783 1216 4838 siti
1257 4785 1618 4840 videbantur:
1667 4787 1849 4857 qualis
1893 4796 2017 4842 erat

441 4871 669 4939 Paulus,
701 4875 796 4944 qui
844 4873 1064 4929 dicebat
1114 4893 1128 4929 :
1173 4894 1193 4927 ι
1246 4877 1306 4932 ln
1335 4893 1502 4934 carne
1538 4879 1684 4933 enim
1730 4880 2014 4944 viventes,

440 4981 552 5020 non
594 4966 898 5022 secundum
939 4981 1161 5023 carnem
1204 4969 1506 5028 militamus
1547 4971 1628 5040 ";
1661 4991 1680 5020 ι
1703 4981 1790 5028 et:
1825 4990 1845 5023 ι
1879 4972 2015 5028 Cum

440 5059 666 5116 Christo
691 5061 991 5118 cruciﬁxus
1017 5078 1137 5119 sum
1166 5081 1180 5131 ;
1213 5063 1337 5120 vivo
1365 5073 1549 5120 autem
1570 5107 1584 5130 ,
1611 5066 1724 5137 jam
1753 5081 1863 5122 non
1891 5084 2011 5139 ego,

439 5151 576 5207 vivit
603 5167 733 5208 vero
764 5152 820 5208 in
849 5169 936 5210 me
961 5152 1217 5212 Christus
1248 5156 1313 5212 ³³.
1346 5175 1364 5209 ι
1394 5156 1500 5224 Qui
1529 5173 1660 5230 ergo
1685 5158 1767 5214 sic
1791 5158 2018 5216 affectus

442 5255 559 5303 est.
585 5244 712 5315 jure
741 5244 886 5300 dicat
912 5245 1054 5302 Deo:
1085 5265 1103 5298 ι
1131 5247 1356 5304 Intende
1385 5251 1622 5305 orationi
1655 5266 1804 5307 meae.
1837 5271 1856 5303 ι
1882 5251 2017 5306 Μυί-

445 5347 663 5408 tamque
691 5339 745 5393 in
772 5337 1087 5409 huiusmodi
1111 5341 1222 5396 vita
1252 5341 1506 5396 ﬁduciam
1537 5343 1744 5400 habens
1764 5386 1778 5407 .
1809 5361 2016 5417 nequa—

447 5443 609 5497 quam
657 5431 921 5486 mentitur
963 5447 1087 5486 cum
1129 5431 1300 5486 dicit:
1330 5450 1348 5484 ι
1375 5431 1421 5485 Α
1452 5435 1651 5490 ﬁnibus
1679 5445 1839 5492 terra:
1866 5439 1932 5492 ad
1965 5447 2017 5495 te

448 5519 697 5575 clamavi.
727 5540 745 5573 ι
774 5521 1012 5578 Causam
1046 5537 1176 5577 vero
1206 5522 1394 5593 adjicit
1437 5524 1522 5580 his
1571 5529 1754 5584 verbis
1775 5569 1789 5591 ,
1822 5548 1842 5578 ι
1880 5528 2015 5586 Dum

524 5718 569 5751 ³³
606 5719 742 5779 ιιρι).
786 5739 876 5791 ιι,
908 5724 994 5778 57.
1077 5727 1118 5758 ³⁵
1161 5726 1203 5782 Il
1235 5727 1359 5783 Cor.
1405 5747 1467 5795 χ,
1498 5731 1550 5786 5.
1631 5732 1675 5762 ³⁵
1717 5731 1835 5787 Gal.
1875 5750 1941 5801 ll,
1976 5738 2066 5792 9.0.

1128 229 1395 288 EUSEBII
1431 221 1919 282 CESARIENSIS
1957 219 2109 276 OPP.
2155 213 2332 272 PARS
2369 211 2456 268 Ill.
2500 241 2571 254 ε-
2598 200 2991 263 EXEGETICA

2061 339 2105 394 Α
2134 329 2322 402 ὐμνοις
2348 325 2554 399 ψαλμοὶ
2594 343 2613 378 ι
2648 322 2858 377 ἐοίκασι
2893 321 2990 374 σὺν
3011 318 3090 388 τῷ
3118 313 3361 388 μουσικῷ
3383 313 3602 386 ὀργάνῳ
3630 313 3711 384 τῷ

3604 191 3709 248 576

2131 421 2448 492 καλουμένῳ
2475 416 2651 488 ψαλτη
2661 415 2759 489 ρίῳ
2790 409 3057 482 λελέχθαι,
3091 409 3166 473 ὡς
3189 406 3472 478 δεηθέντος
3499 408 3598 477 τῆς
3623 404 3712 458 δια

2127 514 2222 569 τοῦ
2252 513 2522 584 σώματος,
2564 509 2703 580 ὅπερ
2746 505 2894 559 ἐστὶν
2923 505 3152 578 ὄργανον
3195 501 3293 570 τῆς
3335 498 3534 569 ψυχῆς,
3567 514 3711 568 πρα-

2129 607 2324 678 κτικῆς
2355 603 2635 678 ἐνεργείας
2665 600 2758 656 τοῦ
2791 600 3103 672 ψάλλοντος.
3141 597 3205 651 Οἱ
3233 595 3289 649 δὲ
3331 593 3518 657 ἁπλῶς
3549 591 3711 663 ὕμνοι

2127 702 2214 756 διὰ
2237 700 2403 772 μόνης
2431 699 2615 768 φωνῆς
2640 694 2736 750 τοῦ
2765 694 2858 748 τὸν
2886 693 3053 766 ὕμνον
3077 687 3500 759 ἀναπέμψαντος
3527 683 3712 756 εἴρην-

2127 810 2237 858 ται,
2271 791 2331 844 οὐ
2383 787 2949 861 συμπαραληφθείσης
2995 783 3098 854 τῆς
3144 780 3232 834 διὰ
3261 779 3357 832 τοῦ
3405 776 3708 848 ψαλτηρίου

2129 881 2426 956 κρούσεως,
2461 880 2541 950 τῷ
2576 879 2741 951 μόνης
2773 880 2871 950 τῆς
2901 875 3042 931 κατά
3079 874 3320 928 διάνοιαν
3351 869 3584 942 θεωρίας
3619 869 3708 922 δε-

2127 972 2348 1044 δεῆσθαι
2379 972 2505 1035 τοὺς
2529 972 2586 1024 ὲν
2628 971 2810 1032 αὐτοῖς
2849 969 3062 1037 λόγους.
3091 963 3261 1018 Τοῦτο
3285 963 3416 1032 γοῦν
3443 962 3712 1033 παρίστη-

2129 1080 2212 1116 σιν
2238 1065 2267 1116 6
2297 1062 2436 1134 μετά
2459 1065 2646 1134 χεῖρας
2677 1061 2842 1130 ὕμνος
2873 1059 3047 1129 λέγων
3074 1074 3089 1088 ο
3127 1075 3146 1108 ι
3183 1054 3292 1110 ἀπὸ
3319 1054 3428 1108 τῶν
3457 1054 3711 1124 περάτων

2127 1155 2224 1223 τῆς
2252 1153 2354 1222 γῆς
2377 1150 2514 1224 πρὸς
2547 1151 2606 1204 σὲ
2638 1149 2912 1218 ἐκέκραξα
2938 1165 2951 1178 ο
2989 1166 3007 1199 ι
3044 1147 3113 1200 δι’
3140 1140 3201 1200 οὗ
3229 1144 3483 1216 σημαίνει
3520 1141 3712 1214 ὥσπερ

2126 1244 2231 1309 ἔξω
2265 1243 2591 1315 γεγενῆσθαι
2625 1244 2724 1314 τῆς
2758 1242 2855 1295 τοῦ
2888 1240 3136 1312 σώματος
3167 1236 3556 1300 καταστάσεως
3598 1235 3713 1290 θεο-

2125 1330 2497 1404 ληπτούμενον
2529 1332 2620 1385 τὸν
2653 1333 2967 1404 Προφήτην.
2997 1329 3112 1383 Οὐκ
3143 1327 3323 1396 ἀγνοῶ
3353 1327 3409 1380 δὲ
3439 1329 3563 1390 τοὺς
3594 1327 3672 1382 λοι

2127 1427 2261 1489 ποὺς
2286 1423 2627 1497 έρμηνευτάς
2658 1426 2756 1495 οὐχ
2801 1423 3005 1494 ἑτέρως
3031 1420 3403 1474 ὲκδεδωκέναι.
3445 1421 3712 1492 [lupam-

2125 1517 2207 1571 λεῖ
2242 1516 2300 1570 δὲ
2330 1517 2419 1570 διά
2443 1516 2550 1570 τῶν
2584 1517 2722 1588 μετά
2761 1518 2949 1587 χεῖρας
2990 1516 3019 1568 6
3074 1513 3238 1567 Δαυῖδ
3283 1513 3484 1581 λέγων·
3521 1531 3540 1564 ι
3578 1513 3709 1566 Εἰσ-

2127 1609 2376 1674 ἀκουσον,
2401 1610 2430 1662 ό
2459 1607 2612 1674 Θεὸς,
2639 1609 2737 1680 τῆς
2765 1604 3001 1678 δεήσεὼς
3032 1623 3156 1677 μου.
3188 1627 3206 1656 ι
3255 1604 3467 1676 Ἐνδεὴς
3499 1605 3607 1675 γάρ
3628 1603 3708 1657 ῶν

2236 1703 2378 1757 άλων
2405 1701 2570 1756 τινῶν
2605 1700 2701 1755 καὶ
2747 1699 2930 1765 θείων,
2962 1697 3168 1752 τούτων
3211 1699 3498 1768 τυγχάνειν
3531 1714 3710 1768 παρα-

2128 1795 2302 1849 καλεῖ.
2349 1788 2465 1848 Εἶθ’
2514 1792 2704 1865 ὥσπερ
2744 1790 2894 1857 ἄξιον
2927 1790 3118 1845 ἑαυτὸν
3158 1789 3254 1844 τοῦ
3293 1789 3707 1861 είσακουσθῆναι

2127 1886 2504 1959 παραστήσας,
2527 1883 2792 1953 ἐπιλέγει·
2831 1900 2849 1934 ι
2878 1881 3122 1952 Πρόσχες
3148 1883 3213 1952 τῇ
3241 1881 3516 1951 προσευχῇ
3541 1897 3663 1950 μου.
3685 1899 3704 1931 ι

2127 1977 2334 2047 Πολλῆς
2361 1975 2470 2047 γὰρ
2516 1976 2610 2029 καὶ
2647 1973 2868 2045 βαθείας
2913 1972 3150 2035 διανοίας
3189 1971 3583 2044 πεπληρῶσθαι
3611 1973 3710 2025 αὐ-

2126 2066 2220 2120 τοῦ
2247 2066 2347 2136 τὴν
2386 2063 2695 2136 προσευχὴν
2737 2063 2974 2136 θαρσῶν,
3008 2062 3162 2132 ἠξίου
3201 2060 3294 2114 τὸν
3335 2062 3468 2114 Θεὸν
3493 2062 3712 2115 ἐπιϐλέ-

2125 2158 2245 2228 ψαι,
2273 2157 2365 2210 καλ⁸
2393 2158 2504 2220 τοῖς
2537 2158 2596 2210 ὲν
2626 2157 2763 2227 αὐτῇ
2797 2156 2976 2224 λόγοις
3012 2157 3340 2218 ένατενίσαι,
3370 2157 3466 2210 καὶ
3486 2156 3711 2226 δοκιμά-

2129 2265 2218 2303 σαι
2241 2248 2309 2303 τά
2336 2246 2624 2318 λεγόμενα,
2663 2247 2740 2312 ὡς
2775 2247 2842 2302 ἂν
2869 2247 2976 2302 τῶν
3004 2248 3167 2302 αὐτοῦ
3199 2248 3379 2303 ἀκοῶν
3403 2249 3549 2316 ἀξια.
3577 2245 3710 2303 Εἶτα

2127 2343 2222 2395 καὶ
2264 2341 2323 2394 τὸ
2357 2339 2517 2411 ἔργον
2563 2339 2860 2404 δείκνυσιν,
2903 2334 2966 2395 οὗ
3014 2342 3174 2413 χάριν
3211 2341 3413 2414 θεωρὸν
3454 2344 3547 2397 τὸν
3575 2343 3710 2399 Θεὸν

2125 2433 2223 2504 τῆς
2274 2433 2468 2488 ἑαυτοῦ
2524 2433 2830 2505 προσευχῆς
2890 2433 3206 2488 ἀνεκαλεῖτο
3225 2450 3240 2464 ο
3295 2435 3376 2488 διὸ
3429 2436 3671 2506 ἐπιλέγει
3691 2456 3705 2469 ·

2134 2540 2152 2574 ι
2201 2523 2334 2576 Ἀπὸ
2359 2523 2468 2578 τῶν
2514 2523 2768 2594 περάτων
2799 2522 2900 2592 τῆς
2944 2522 3048 2592 γῆς
3079 2524 3215 2595 πρὸς
3247 2523 3308 2576 σὲ
3357 2526 3648 2598 ἐκέκραξα.
3684 2548 3704 2578 ι

2126 2611 2236 2664 Καὶ
2261 2612 2559 2684 ἐπειδήπερ
2591 2614 2896 2683 συμφώνως
2925 2614 2973 2665 οί
2998 2611 3174 2666 λοιποὶ
3203 2615 3528 2687 έρμηνευταὶ
3555 2619 3712 2671 ἐκδε-

2125 2701 2380 2766 δὼκασιν,
2410 2704 2440 2756 6
2467 2703 2565 2775 μὲν
2592 2704 2822 2768 Ἀκύλας
2854 2701 3044 2769 εἰπὼν,
3075 2724 3093 2757 ι
3121 2706 3252 2760 Ἀπὸ
3277 2707 3579 2763 τελευταίου
3605 2715 3708 2783 τῆς

2125 2793 2230 2864 γῆς
2257 2794 2393 2866 πρὸς
2426 2795 2486 2849 σὲ
2518 2794 2932 2866 έπικαλέσομαιο
2970 2816 2990 2849 ι
3025 2799 3056 2850 6
3083 2797 3141 2850 δὲ
3171 2798 3483 2871 Σύμμαχος,
3520 2821 3539 2853 ι
3571 2804 3709 2858 Ἀπὸ

2129 2886 2378 2958 περάτων
2418 2887 2518 2959 τῆς
2547 2889 2652 2960 γῆς
2698 2888 2757 2941 σὲ
2799 2889 3200 2961 ὲπικαλοῦμαι’
3247 2911 3267 2944 ι
3306 2896 3340 2964 η
3378 2894 3435 2947 δὲ
3482 2895 3709 2968 πέμπτη

2127 2978 2357 3045 ἓκδοσις,
2398 2998 2417 3032 ι
2460 2980 2594 3033 Ἀπὸ
2631 2980 2887 3052 περάτων
2917 2983 3018 3054 τῆς
3046 2984 3150 3054 γῆς
3193 2985 3330 3057 πρὸς
3357 2988 3416 3042 σὲ
3449 2988 3712 3060 κεκράξο-

2047 3070 2090 3126 C
2127 3089 2261 3143 μαι·
2297 3091 2316 3124 ι
2346 3071 2431 3136 τίς
2453 3073 2554 3127 οὐκ
2595 3072 2662 3128 ἀν
2694 3073 2930 3144 εὐλόγως
2951 3077 3043 3129 τὸν
3067 3076 3190 3132 νοῦν
3223 3079 3323 3149 τῆς
3350 3079 3548 3147 λέξεως
3585 3083 3706 3135 έπι-

2129 3165 2418 3238 ζητήσειες
2462 3167 2584 3231 Πῶς
2624 3167 2733 3241 γὰρ
2775 3169 2840 3224 ἄν
2885 3186 2968 3233 τις
3013 3170 3258 3236 δύναται,
3284 3173 3385 3245 τὴν
3414 3173 3708 3244 σύμπασαν

2129 3254 2373 3327 ὑπερϐάς
2425 3257 2774 3329 οἰκουμένην,
2829 3261 2923 3314 καὶ
2981 3262 3122 3335 ὑπὲρ
3176 3264 3338 3318 αὐτὸν
3396 3265 3569 3320 ἐλθὼν
3617 3268 3708 3321 τὸν

2139 3349 2411 3414 Ὠκεανὸν,
2445 3369 2464 3402 ι
2504 3351 2636 3404 Ἀπὸ
2658 3352 2766 3407 τῶν
2789 3356 3040 3425 περάτων
3066 3358 3168 3429 τῆς
3195 3359 3301 3430 γῆς
3329 3360 3463 3433 πρὸς
3494 3363 3552 3416 σὲ
3587 3363 3709 3416 ἐκέο
3779 3385 3784 3389 ·

2126 3439 2326 3511 κραξα,
2361 3461 2379 3493 ι
2418 3441 2582 3514 βοᾷν;
2625 3443 2763 3497 Ἀλλ’
2795 3446 2896 3517 ὅρα
2923 3449 2972 3500 εί
3017 3448 3090 3520 μὴ
3137 3453 3243 3514 πᾶς
3273 3454 3302 3505 6
3331 3453 3408 3524 τῷ
3453 3453 3572 3525 Θεῷ
3616 3455 3707 3524 φί-

2124 3533 2214 3598 λος
2243 3535 2479 3604 εὐλόγως
2520 3537 2586 3592 ἂν
2626 3538 2694 3594 τά
2739 3540 2951 3612 πέρατα
2991 3543 3094 3613 τῆς
3132 3545 3236 3615 γῆς
3266 3546 3476 3618 ῥηθείη.
3513 3549 3571 3601 Ὀ
3606 3550 3709 3620 μὲν

2122 3627 2230 3700 γὰρ
2261 3627 2464 3698 φαῦλος
2498 3630 2660 3704 ἀνὴρ,
2705 3632 2913 3703 ἀγορὰς
2945 3635 3039 3689 καὶ
3083 3635 3306 3708 δήμους,
3353 3639 3708 3712 βουλευτήριά

2119 3737 2179 3775 τε
2209 3722 2303 3775 καὶ
2329 3722 2655 3796 δικαστήρια
2687 3729 3044 3800 περιτρέχων,
3069 3729 3207 3795 ὅλως
3231 3749 3294 3784 τε
3320 3736 3441 3798 ταῖς
3472 3732 3566 3787 τοῦ
3596 3734 3708 3787 σώ-

2125 3829 2292 3883 ματος
2333 3814 2690 3886 ἡδυπαθείαις
2735 3822 3257 3894 κατορωρυγμένος,
3305 3826 3364 3878 ἐν
3411 3825 3554 3898 βυθῷ
3595 3827 3705 3898 τῆς

2120 3906 2225 3976 γῆς
2247 3907 2417 3962 οίκεῖν
2437 3908 2634 3978 λέγοιτ’
2658 3910 2724 3966 ἂν
2752 3914 2978 3979 εἰκότως
2998 3931 3012 3946 ο
3035 3916 3086 3969 οί
3111 3915 3168 3969 δὲ
3203 3935 3222 3968 ι
3243 3918 3616 3990 περιελθόντες
3645 3923 3709 3974 ὲν

2123 3997 2399 4069 μηλωταῖς
2446 4002 2541 4055 καὶ
2586 4004 2645 4056 ὲν
2685 4004 2916 4074 αἰγίνοις
2959 4007 3244 4080 δέρμασιν,
3294 4011 3703 4083 ὑστερούμενοι,

2119 4088 2444 4162 θλιϐόμενοι,
2473 4095 2922 4168 κακουχούμενοι,
2959 4117 2977 4149 ι
3027 4099 3322 4169 φεύγοντές
3353 4119 3412 4155 τε
3457 4103 3528 4156 τὰ
3562 4104 3708 4175 μέσα

2117 4178 2223 4233 τῶν
2245 4180 2471 4248 πόλεων,
2501 4185 2596 4237 καὶ
2629 4185 2728 4250 τὰς
2758 4186 3040 4260 διατριὸἀς
3068 4191 3127 4245 ὲν
3158 4192 3415 4264 ἐρημίαις
3446 4195 3707 4266 ποιούμε-

2115 4287 2194 4323 νοι
2229 4271 2324 4324 καὶ
2356 4273 2507 4345 ὄρεσι
2537 4276 2631 4329 καὶ
2659 4277 2951 4349 σπηλαίοις
2984 4282 3078 4335 καὶ
3112 4285 3234 4348 ταῖς
3262 4284 3422 4348 ὀπαῖς
3450 4287 3548 4358 τῆς
3575 4287 3700 4356 γῆς,

2117 4365 2352 4434 εὐλόγως
2381 4367 2448 4421 ἂν
2483 4367 2720 4440 λεχθεῖεν
2752 4369 2859 4437 ἔξω
2907 4374 3202 4446 τυγχάνειν
3231 4378 3327 4450 τῆς
3355 4379 3460 4450 γῆς
3480 4397 3494 4410 ’
3533 4381 3628 4434 καὶ
3654 4382 3705 4434 εί

2362 4461 2641 4526 παντελῶς
2672 4458 2812 4534 ἦσαν
2855 4465 3268 4540 ἀπηλλαγμένοι
3298 4470 3393 4524 τοῦ
3431 4469 3702 4542 σώματος,

2121 4551 2224 4605 κᾶν
2252 4553 2406 4617 ἐκτὸς
2435 4549 2576 4626 ἦσαν
2608 4557 2770 4610 αὐτοῦ
2789 4574 2803 4588 ·
2841 4559 2934 4612 νῦν
2959 4560 3017 4614 δὲ
3049 4561 3235 4635 ἐπειδὴ
3266 4564 3324 4616 ὲν
3351 4563 3500 4635 αὐτῷ
3527 4563 3705 4634 βιοῦν-

2120 4661 2230 4708 τες,
2258 4645 2473 4716 ὀργάνῳ
2509 4664 2569 4699 τε
2615 4648 2766 4719 αὐτῷ
2811 4649 3105 4722 χρώμενοι,
3147 4654 3246 4706 οὐκ
3291 4652 3708 4718 ὲνεϐαπτίζοντο

2121 4736 2234 4797 τοῖς
2259 4733 2352 4788 τοῦ
2404 4735 2520 4806 βίου
2571 4742 2784 4803 κακοῖς,
2816 4741 3120 4813 ἀκροθίνως
3162 4743 3219 4797 δὲ
3249 4744 3381 4798 αὐτὸ
3412 4747 3572 4816 μόνον
3604 4747 3704 4818 τῆς

2125 4825 2424 4894 ἀναγκαίας
2461 4829 2688 4901 τροφῆς,
2719 4831 2812 4884 καὶ⁹
2839 4833 2951 4886 τῶν
2989 4834 3188 4888 λοιπῶν
3233 4836 3431 4907 χρειῶν
3461 4839 3702 4906 ἐφαπτό-

2127 4933 2276 4986 μενοι
2303 4916 2571 4973 διετέλουν
2589 4937 2602 4950 ·
2633 4923 2865 4989 εἰκότως
2893 4926 2953 4978 ἐν
2980 4924 3170 4998 ἄκροις
3197 4927 3414 4981 ἐδόκουν
3443 4925 3580 4984 εἶναι
3609 4932 3703 4984 καὶ

2125 5008 2182 5059 ἐν
2224 5009 2336 5072 τοῖς
2364 5011 2563 5080 πέρασι
2605 5012 2699 5066 τοῦ
2741 5016 2990 5087 σώματος
3014 5034 3028 5048 ο
3067 5014 3181 5083 οἷος
3207 5014 3276 5090 ἦν
3308 5021 3337 5074 6
3368 5020 3580 5086 Παῦλος
3611 5021 3704 5076 λέ-

2123 5115 2266 5168 γων’
2297 5117 2316 5152 ι
2356 5100 2443 5154 Ἐν
2474 5105 2639 5175 σαρκὶ
2663 5106 2774 5179 γάρ
2803 5107 3024 5178 ζῶντες,
3049 5113 3111 5166 οὐ
3146 5111 3290 5167 κατά
3323 5115 3502 5188 σάρκα
3533 5132 3704 5187 στρα-

2125 5191 2426 5263 τευόμεθα·
2459 5213 2478 5247 ι
2516 5198 2629 5263 καὶ,
2668 5218 2686 5250 ι
2733 5202 2952 5274 Χριστῷ
2997 5207 3444 5278 συνεσταύρωμαι
3468 5225 3482 5238 ’
3529 5207 3606 5272 ζῶ
3642 5210 3705 5261 δὲ

2122 5285 2305 5340 οὐκέτι
2329 5286 2459 5358 ἐγὼ,
2489 5289 2556 5363 ζῇ
2579 5293 2636 5346 δὲ
2662 5294 2719 5347 ὲν
2744 5295 2870 5366 ἐμοὶ
2902 5298 3131 5369 Χριστός
3155 5317 3169 5330 ·
3210 5320 3229 5353 ι
3267 5302 3326 5354 '0
3347 5301 3412 5374 δὴ
3437 5297 3530 5355 οὖν
3556 5299 3704 5355 οὑτω

2122 5377 2460 5451 διακείμενος
2498 5383 2736 5454 εὐλόγως
2767 5386 2834 5442 ἂν
2876 5389 3020 5444 εἴποι
3065 5391 3144 5464 τῷ
3184 5393 3341 5464 Θεῷ·
3401 5412 3420 5446 ι
3455 5394 3703 5467 Πρόσχες

2124 5469 2189 5538 τῇ
2226 5476 2497 5562 προσευχῇ
2541 5493 2667 5546 μου,
2709 5498 2728 5531 ι
2767 5481 2966 5554 πολλὴν
2991 5484 3140 5552 ἄγων
3172 5489 3484 5560 παρρησίαν
3518 5489 3607 5542 ἐπὶ

2125 5559 2346 5634 τοιαύτῃ
2389 5565 2483 5620 τοῦ
2526 5567 2641 5637 βίου
2685 5569 2821 5644 ζωῗγ
2865 5575 2971 5629 οὐδ’
3020 5577 3086 5631 ἂν
3131 5579 3391 5648 ψεύσαιτο
3433 5581 3654 5650 φάσκων
3683 5597 3704 5614 ο
