4024 6210
304 350 423 405 577

1456 348 1954 406 COMMENTARIA
1985 347 2053 405 IN
2093 346 2436 406 PSALMOS.

3471 355 3576 410 578

305 488 328 522 ι
384 469 520 523 Ἀπὸ
562 467 672 521 τῶν
722 467 972 541 περάτων
1002 469 1100 540 τῆς
1131 469 1234 541 γῆς
1274 469 1407 542 πρὸς
1435 472 1496 525 σέ
1543 469 1838 544 ἐκέκραξα.

1966 472 2321 543 _anxiaretur
2366 485 2462 526 cor
2513 486 2734 539 meum;
2765 489 2784 522 ι
2813 471 2929 527 sive
2973 471 3276 526 secundum
3329 471 3580 544 Symma-

297 561 648 632 Προστίθησι
698 561 755 616 δέ
789 563 886 616 καὶ
936 562 1034 634 τὴν
1079 563 1257 617 αἰτίαν
1297 564 1583 634 ἐπιλέγων,
1622 585 1640 616 ι
1687 566 1775 619 Ἐν
1818 565 1897 637 τῷ

295 653 610 724 ἁκηδιάσαι
635 653 736 724 τὴν
772 653 996 726 καρδίαν
1027 673 1125 726 μου
1147 672 1160 684 ·
1203 675 1221 707 ι
1259 657 1292 727 ἢ
1330 674 1349 708 ι
1391 659 1482 711 Ἐν
1507 658 1584 730 τῷ
1608 659 1897 732 ἀδημονεῖν

296 746 415 816 τὴν
435 745 662 818 καρδίαν
695 764 818 817 μου,
853 768 870 798 ι
904 749 1043 800 κατά
1071 747 1162 801 τὸν
1183 747 1495 821 Σύμμαχον.
1515 751 1736 823 Ἀκηδιᾷ
1760 751 1892 824 γὰρ,

296 835 410 887 καὶ
443 835 706 905 ἀδημονεῖ
738 836 888 888 πᾶσα
923 833 1172 906 θεοφιλὴς
1203 835 1349 907 ψυχὴ
1383 836 1460 907 τῷ
1496 835 1686 908 θνητῷ·
1722 836 1896 891 ἐνδια-

294 927 572 998 τρίϐουσα
607 926 732 998 βίῳο
769 927 851 980 διὸ
885 927 976 980 καὶ
1008 929 1176 998 φήσαι
1200 927 1285 991 ἀν,
1315 923 1500 999 οἶμαι·
1537 947 1556 980 ι
1590 929 1710 981 Ὀτι
1752 931 1892 1000 ἐμα-

295 1017 518 1089 κρύνθη
549 1021 581 1090 ὴ
616 1020 880 1090 παροικία
915 1037 1039 1089 μου.
1067 1039 1090 1070 ο
1140 1021 1248 1073 Καὶ
1278 1022 1438 1091 ἡμεῖς
1469 1021 1518 1073 οἱ
1550 1019 1702 1085 ὄντες
1730 1021 1788 1074 ἐν
1813 1021 1890 1092 τῷ

298 1115 501 1184 σκήνει
536 1113 866 1184 στενάζομεν
917 1113 1258 1186 βαρούμενοι,
1294 1115 1546 1169 Ἔστενεν
1587 1110 1679 1168 οὖν
1723 1114 1821 1169 καὶ
1862 1120 1891 1172 6

298 1209 520 1271 Παῦλος
547 1209 784 1279 ἀκηδιῶν
814 1209 904 1262 ἐπί
929 1213 994 1281 τῇ
1022 1211 1354 1282 παρεκτάσει
1386 1209 1480 1264 τοῦ
1513 1211 1707 1282 θνητοῦ
1737 1211 1885 1284 βίου·

292 1297 384 1350 διὸ
411 1299 505 1352 καὶ
529 1299 834 1370 ἀπεκλᾲετο
865 1299 1036 1370 λέγων
1061 1318 1074 1331 ·
1109 1321 1127 1352 ι
1161 1301 1516 1374 Ταλαίπωρος
1545 1303 1655 1372 ἐγὼ
1681 1305 1889 1377 ἀνθρω-

296 1407 424 1453 πος,
460 1390 546 1453 τίς
589 1408 657 1461 με
704 1391 926 1462 ῥύσεται
972 1393 1035 1446 ἐκ
1084 1394 1176 1446 τοῦ
1216 1395 1470 1466 σώματος
1515 1398 1610 1451 τοῦ
1656 1398 1884 1454 θανάτου

295 1479 530 1544 τούτου;
571 1499 593 1534 ι
634 1481 855 1553 Ἀκηδιᾷ
886 1481 942 1534 δέ
996 1483 1091 1537 καὶ
1137 1485 1396 1556 ἀδημονεῖ
1432 1488 1525 1541 καὶ
1566 1487 1652 1542 διὰ
1698 1491 1886 1560 φιλαν-

298 1568 576 1640 θρωπίαν,
633 1570 692 1623 τὸ
759 1571 962 1642 πλῆθος
1012 1575 1118 1627 τῶν
1176 1576 1563 1648 ἀπολλυμένων
1621 1579 1838 1654 θεωρῶν
1866 1599 1881 1613 ο

296 1659 494 1731 ἐπειδὴ
527 1679 546 1712 ι
585 1661 811 1715 πλατεῖα
842 1664 936 1716 καὶ
969 1665 1278 1738 εὐρύχωρος
1307 1669 1339 1739 ή
1372 1667 1490 1732 όδὸς
1529 1669 1562 1739 ἡ
1594 1670 1884 1738 ἀπάγουσα

301 1751 384 1814 εἰς
433 1752 533 1820 τὴν
579 1751 886 1807 ἀπώλειαν⁹
927 1774 946 1806 ι
986 1755 1160 1820 οὕτως
1207 1757 1368 1812 πάλιν
1411 1759 1440 1812 6
1485 1759 1646 1825 αὐτὸς
1696 1761 1883 1815 πενθεῖ

2001 565 2201 632 chum,
2237 583 2254 614 ι
2286 563 2423 619 Dum
2481 562 2801 633 desperaret.
2856 579 2954 618 cor
3010 579 3215 619 meum.
3251 583 3270 616 ι
3305 563 3580 619 Auxiatur

1999 655 2144 712 enim
2174 664 2230 711 et
2257 655 2414 727 quasi
2447 655 2704 727 desperat
2749 655 3006 726 religiosa
3051 655 3308 726 quaelibet
3357 657 3573 718 anima,

1995 747 2123 804 duin
2149 750 2204 803 in
2229 749 2444 803 mortali
2468 748 2580 802 vita
2610 759 2896 803 versatur:
2942 763 3048 818 qua
3088 747 3156 802 de
3197 762 3360 802 causa
3399 747 3572 817 ipsam

1995 839 2181 895 dicere
2209 839 2466 903 arbitror,
2501 857 2520 890 ι
2549 837 2690 904 Quia
2720 838 2994 893 incolatus
3029 853 3183 892 meus
3214 837 3572 908 prolongatus

1994 935 2079 984 est
2108 929 2174 984 ³⁸.
2206 947 2224 980 ι
2256 928 2320 983 Et
2347 945 2448 986 nos
2478 944 2697 1002 quoque
2718 929 2846 982 dum
2874 928 2928 982 in
2960 929 3063 982 hoc
3091 928 3449 983 tabernaculo
3476 935 3572 981 Su-

1994 1035 2114 1076 mus
2148 1019 2352 1084 amicti,
2373 1021 2804 1094 ingemiscimus.
2841 1019 3235 1090 lngemiscebat
3266 1021 3392 1075 item
3422 1017 3567 1073 Pau-

1995 1112 2079 1168 lus
2108 1113 2178 1168 ob
2207 1114 2456 1169 mortalis
2485 1115 2610 1168 vitae
2640 1113 3061 1167 diuturnitatem
3093 1111 3256 1167 tmdio
3284 1110 3514 1166 affectus
3549 1129 3562 1164 :

1990 1219 2162 1275 quare
2208 1221 2332 1259 cum
2381 1206 2638 1276 lacrymis
2668 1205 2918 1269 dicebat,
2958 1222 2976 1256 ι
3009 1203 3202 1259 Infelix
3231 1219 3332 1275 ego
3361 1203 3526 1258 homo
3546 1244 3562 1266 ,

1990 1296 2114 1368 quis
2144 1312 2230 1352 me
2252 1297 2504 1353 liberabit
2529 1297 2597 1352 de
2619 1313 2852 1368 corpore
2885 1297 3075 1350 mortis
3101 1295 3267 1365 hujus
3299 1295 3380 1348 ³⁷⁸3
3402 1315 3420 1347 ι
3451 1294 3565 1349 Au-

1988 1386 2262 1458 gustiatur
2309 1395 2491 1441 autem
2535 1395 2591 1442 et
2631 1386 2790 1456 quasi
2833 1385 3139 1456 despondet
3180 1385 3456 1451 animum,
3490 1386 3562 1440 ob

1988 1479 2348 1534 humanitatis
2390 1494 2644 1543 sensum,
2677 1487 2882 1533 tantam
2933 1494 3165 1533 cernens
3212 1479 3558 1548 pereuntium

1987 1569 2390 1624 multitudinem
2425 1589 2438 1624 :
2487 1569 2757 1640 siquidem
2793 1588 2811 1621 ι
2844 1569 2954 1623 lata
2985 1577 3039 1624 et
3070 1569 3313 1639 spatiosa
3353 1568 3441 1623 via
3474 1574 3560 1624 est

1983 1678 2106 1733 quae
2146 1662 2300 1717 ducit
2346 1662 2412 1716 ad
2459 1662 2822 1732 perditionem
2854 1661 2920 1718 ³⁸.
2956 1680 2976 1714 ι
3011 1661 3102 1716 Sic
3145 1664 3308 1716 etiam
3350 1663 3397 1717 is
3442 1660 3561 1731 ipse

1986 1755 2190 1808 multos
2223 1755 2368 1824 luget
2397 1753 2466 1809 de
2493 1753 2696 1824 quibus
2742 1753 2959 1808 dicebat
2988 1773 3000 1808 :
3037 1771 3056 1805 ι
3089 1753 3308 1825 Lugebo
3351 1753 3557 1809 multos

303 1841 562 1908 πολλοὺς,
593 1845 710 1916 περὶ
751 1839 828 1900 ὧν
871 1845 1023 1916 ἔλεγε
1047 1865 1059 1877 ·
1124 1867 1143 1900 ι
1190 1849 1448 1922 Πενθήσω
1498 1851 1724 1917 πολλοὺς
1773 1853 1863 1907 τῶι

1983 1861 2048 1902 ex
2097 1848 2162 1902 iis
2200 1847 2291 1916 qui
2325 1855 2451 1901 ante
2479 1853 2873 1916 peccaverunt,
2905 1854 2958 1901 et
2984 1861 3093 1900 non
3120 1853 3348 1917 egerunt
3378 1845 3555 1915 ι)ωηὶ-

306 1937 827 2008 προημαρτηκότων,
877 1941 971 1994 καὶ
1035 1942 1108 2014 μὴ
1168 1945 1611 2015 μετανοησάντων
1671 1947 1765 2000 ἐπὶ
1811 1952 1877 2021 τῇ

305 2025 553 2097 ἁμαρτίᾳ
583 2028 671 2080 καὶ
705 2030 905 2102 ἀνομία
937 2033 1030 2084 καὶ
1063 2032 1284 2104 ἀσεϐείᾳ
1385 2034 1648 2108 ἔπραξαν.
1681 2057 1699 2088 ι
1741 2039 1800 2092 '0
1832 2039 1878 2092 δ’

302 2116 469 2180 αὐτὸς
527 2117 843 2190 ὑπεραλγῶν
897 2123 991 2176 καί
1052 2123 1417 2196 ὑπερπάσχων
1457 2129 1660 2201 ἐτέρων
1706 2130 1836 2184 ἐϐόα
1859 2147 1874 2162 ·

303 2225 324 2254 ο
361 2209 457 2272 Τίς
500 2210 733 2276 ἀσθενεῖ,
779 2215 872 2266 καὶ
903 2215 1001 2268 οὐκ
1040 2214 1285 2282 ἀσθενῶς
1318 2217 1412 2282 Τίς
1442 2220 1875 2288 σκανδαλίζεται,

290 2301 389 2351 καὶ
416 2302 516 2354 ούκ
549 2304 660 2372 ἐγὼ
688 2305 998 2376 πυροῦμαι;
1036 2325 1054 2358 ι
1093 2307 1325 2380 Ὁμοίως
1354 2309 1411 2363 δὲ
1445 2312 1539 2365 καὶ
1572 2313 1621 2365 οἶ
1659 2316 1874 2386 προφῆ-

288 2407 385 2444 ται
431 2393 522 2446 τὸν
567 2395 736 2450 πάλαι
779 2398 1117 2470 ἀπεκλᾴοντο
1150 2399 1303 2468 λαὸν,
1338 2400 1527 2475 ῶσπερ
1575 2400 1668 2459 οῦν
1711 2406 1804 2458 xal.
1845 2407 1875 2460 6

288 2480 476 2533 Δαυῖδ.
517 2482 608 2534 Διὸ
640 2484 802 2548 αὐτὸς
846 2487 944 2557 μὲν
988 2487 1181 2557 ἔφευγε
1207 2488 1276 2542 τὰ
1323 2491 1462 2562 μέσα
1490 2493 1588 2565 τῆς
1622 2495 1745 2566 γῆς,
1779 2497 1872 2550 καὶ

287 2571 349 2621 ἐν
383 2569 572 2642 ἄκροις
609 2573 787 2626 αὐτῶν
814 2582 1094 2648 γινόμενος
1124 2578 1254 2633 ἐϐόα
1286 2582 1424 2653 πρὸς
1451 2583 1542 2636 τὸν
1571 2584 1732 2638 Θεόν·
1778 2589 1872 2643 ἐπὶ

285 2659 345 2712 δὲ
378 2662 444 2730 τῇ
472 2660 582 2714 τῶν
614 2663 823 2717 πολλῶν
852 2666 943 2718 καὶ
974 2667 1139 2722 αὑτοῦ
1181 2669 1275 2724 τοῦ
1305 2671 1480 2727 Σαοὺλ
1500 2674 1748 2748 ἀπωλείᾳ
1772 2680 1870 2750 τὴν

284 2750 466 2820 ψυχὴν
493 2751 673 2821 ἀλγῶν
707 2756 1030 2829 ἀπεκλᾲετο.

364 2884 385 2915 ι
417 2865 504 2918 Ἐν
542 2867 717 2940 πέτρα
755 2868 975 2938 ὖψωσάς
1008 2889 1074 2943 με
1095 2911 1110 2937 ,
1144 2873 1222 2927 ὅτι
1251 2873 1512 2949 ἐγενήθης
1544 2878 1697 2943 ἐλπίς
1731 2897 1864 2952 μου,

285 2955 497 3028 πύργος
530 2957 711 3027 ἰσχύος
738 2961 846 3013 ἀπὸ
869 2963 1158 3032 προσώπου
1183 2965 1378 3038 ἐχθροῦ
1398 2984 1412 2999 ·
1440 2987 1458 3021 ι
1494 2971 1587 3023 καὶ
1613 2971 1683 3024 τά
1711 2971 1862 3043 ἑξῆς.

287 3047 446 3101 Κατὰ
475 3050 574 3120 μὲν
607 3053 732 3116 τοὺς
774 3053 1191 3127 Ἑϐδομήκοντα,
1219 3059 1569 3131 εὐχαριστίαν
1621 3065 1863 3136 περιέχει

281 3139 312 3190 6
333 3137 508 3206 λόγος.
545 3141 730 3196 Ταῦτά
753 3161 873 3214 μοι,
905 3147 1066 3218 φησὶν
1085 3186 1100 3211 ,
1126 3148 1367 3220 ὑπῆρξεν
1390 3151 1489 3205 ὅσα
1520 3155 1825 3226 προείρηκα
1842 3173 1856 3186 ο

281 3230 470 3303 ἐπειδὴ
501 3235 563 3287 σὺ
585 3235 744 3300 αὐτὸς
766 3239 795 3290 ό
817 3237 947 3302 Θεὸς
972 3240 1181 3312 ἐπῆράς
1209 3259 1274 3312 με
1301 3247 1393 3297 καὶ
1416 3242 1635 3316 ῦψωσας
1657 3249 1860 3319 στήσας

279 3329 340 3380 ἐν
377 3330 443 3398 τῇ
479 3327 630 3400 παρά
652 3329 735 3382 σοὶ
763 3331 940 3403 πέτρᾳ
963 3371 977 3394 ,
1024 3333 1144 3402 ἥτις
1171 3333 1315 3387 ἐστὶν
1343 3336 1372 3387 6
1397 3334 1600 3406 προϊών
1638 3354 1729 3390 σου
1756 3339 1859 3392 Δό-

277 3436 406 3488 7“.
434 3421 468 3492 ἡ
498 3420 669 3492 πέτρα
703 3421 810 3494 γὰρ
842 3417 908 3493 ἦν
939 3425 968 3476 ὁ
998 3424 1249 3494 Χριστός.
1301 3425 1451 3480 Ἐπεὶ
1487 3428 1661 3481 τοίνυν
1693 3430 1751 3483 ἐν
1779 3430 1856 3502 τῴ

275 3511 436 3580 Λόγῳ
464 3527 556 3563 σου
584 3510 802 3580 ὕψωσάς
820 3529 886 3577 με
917 3513 1010 3567 καὶ
1029 3513 1297 3586 μετέωρον
1321 3515 1598 3588 ἐποίησας,
1620 3519 1694 3583 ὡς
1723 3537 1858 3590 μηκ-

274 3600 360 3654 έτι
407 3606 679 3656 κατοικεῖν
708 3603 776 3657 τὰ
800 3604 937 3674 μέσα
968 3606 1065 3676 τῆς
1103 3605 1226 3676 γῆς,
1257 3606 1368 3659 ἀλλ’
1393 3609 1449 3660 ἐν
1474 3610 1661 3681 ἀκροις
1683 3611 1852 3682 αὐτῆς

272 3691 550 3759 γενέσθαι,
579 3693 680 3764 ἤδη
709 3693 762 3746 δὲ
791 3695 883 3747 καὶ
905 3695 1194 3767 ὡδήγησάς
1219 3715 1306 3768 με,
1339 3697 1479 3752 ὥστε
1505 3701 1729 3772 πλησίον
1758 3719 1852 3755 σου

271 3783 479 3852 φθάσαι
498 3801 511 3813 ·
542 3785 769 3852 γέγονάς
798 3803 856 3839 τε
879 3785 1031 3850 ἐλπίς
1056 3805 1178 3859 μου,
1205 3789 1272 3842 δι’
1287 3789 1352 3861 ἢν
1370 3791 1559 3845 ἐλπίδα
1579 3793 1637 3845 οὐ
1657 3810 1850 3847 καται-

266 3872 671 3944 σχυνθήσομαι·
729 3874 864 3929 ἀλλὰ
911 3875 1004 3928 καὶ
1077 3875 1286 3930 πολλῶν
1345 3879 1708 3948 ἐπικειμένων
1757 3898 1846 3951 μοι

262 3965 480 4035 νοητῶν
524 3965 734 4037 ἐχθρῶν
784 3967 877 4022 καὶ
925 3968 1195 4040 πολεμίων
1238 3968 1346 4024 τῶν
1386 3969 1689 4041 ζητούντων
1746 3973 1846 4045 τὴν

261 4057 446 4128 ψυχήν
479 4075 578 4128 μου
605 4097 620 4122 ,
657 4059 778 4112 ἀντὶ
805 4060 1020 4114 πάντων
1049 4061 1365 4132 ἀπήρκεσας
1395 4064 1459 4118 σὺ
1495 4064 1674 4134 μόνος,
1709 4065 1844 4137 πύρ-

269 4165 366 4216 γος
394 4148 587 4220 ὀχυρός
621 4167 710 4220 μοι
742 4150 1028 4221 γενόμενος
1050 4191 1065 4216 ,
1121 4153 1214 4206 καὶ
1261 4155 1644 4227 περιφράττων
1684 4174 1751 4228 με
1783 4161 1842 4211 ἐν

260 4240 502 4309 ἀσφαλεῖ
521 4243 618 4313 τῆς
647 4244 794 4314 παρά
816 4244 900 4297 σοὶ
926 4247 1215 4316 σωτηρίας,
1232 4246 1307 4307 ὼς
1327 4247 1530 4320 μηδένα
1555 4247 1664 4301 τῶν
1691 4249 1840 4320 ἐμῶν

259 4329 476 4401 ἐχθρῶν
503 4331 952 4402 ἐπιστρέφεσθαι·
988 4334 1209 4400 εἰκότως
1235 4335 1437 4391 τούτων
1465 4337 1719 4392 ἁπάντων
1746 4356 1839 4392 τυ-

1982 1938 2206 1992 tentiam
2236 1938 2301 1992 de
2329 1945 2553 2008 peccato
2579 1947 2635 1992 et
2661 1937 2944 2007 iniquitate
2966 1944 3020 1992 et
3045 1937 3322 2006 impietate
3340 1976 3356 2002 ,
3383 1952 3550 2008 quam

1977 2039 2265 2099 gesserunt
2289 2029 2353 2084 ³⁹.
2385 2049 2404 2082 ι
2427 2029 2571 2084 Idem
2601 2044 2821 2099 quoque
2847 2045 2946 2100 pro
2975 2029 3098 2085 aliis
3127 2045 3294 2100 supra
3327 2030 3551 2085 modum
3631 2053 3640 2062 -

1975 2121 2168 2191 lugens
2207 2129 2258 2176 et
2303 2119 2536 2177 afﬂictus
2573 2120 2884 2176 clamabat:
2912 2139 2930 2172 ι
2957 2119 3093 2187 Quis
3130 2119 3462 2185 infirmatur,
3494 2133 3550 2178 et

1975 2227 2075 2282 ego
2116 2227 2222 2266 non
2266 2213 2512 2268 infirmor
2539 2212 2563 2267 ?
2591 2212 2726 2278 Quis
2755 2213 3194 2278 scandalizatur,
3223 2221 3277 2269 et
3306 2229 3407 2285 ego
3439 2229 3549 2270 non

1975 2319 2106 2358 uror
2126 2304 2208 2357 δοῖ
2233 2324 2250 2356 ι
2274 2303 2536 2361 Similiter
2563 2305 2842 2375 praphetze
2867 2305 3159 2376 pristinum
3193 2305 3345 2360 illum
3381 2323 3550 2377 popu-

1974 2396 2083 2451 lum
2113 2396 2514 2467 deplorabant,
2543 2395 3009 2467 quemadmodum
3041 2405 3097 2453 et
3135 2396 3330 2453 David.
3364 2397 3549 2464 Quare

1975 2488 2091 2558 ipse
2117 2487 2339 2558 quidem
2371 2487 2438 2543 de
2465 2488 2648 2543 medio
2679 2495 2842 2542 terraa
2871 2488 3144 2559 fugiebat,
3177 2505 3242 2544 ac
3273 2491 3329 2546 in
3357 2500 3544 2547 extre-

1971 2580 2077 2634 mis
2117 2579 2238 2649 ejus
2280 2579 2531 2648 partibus
2559 2579 2898 2634 constitutus
2925 2580 3197 2634 clamabat
3233 2581 3301 2636 ad
3334 2581 3544 2647 Deum,

1969 2679 2023 2725 et
2058 2669 2126 2726 de
2161 2671 2456 2726 multorum
2499 2670 2676 2740 deque
2717 2668 2901 2726 Saulis
2941 2671 3186 2742 pernicie
3225 2673 3411 2730 animo
3458 2675 3543 2728 lu-

1967 2776 2099 2834 gens
2127 2762 2395 2834 lacrymas
2437 2761 2719 2817 fundebat.

2037 2873 2207 2929 Vens.
2240 2875 2296 2940 4,
2330 2875 2384 2930 5.
2426 2893 2444 2926 ι
2481 2874 2538 2929 1η
2583 2883 2734 2946 petra
2775 2873 3028 2930 exaltasti
3057 2891 3164 2940 me,
3194 2875 3319 2947 quia
3354 2875 3535 2934 factus

1965 2980 2025 3020 es
2051 2980 2176 3035 spes
2213 2981 2352 3027 mea,
2387 2967 2556 3021 turris
2611 2965 2954 3020 fortitudinis
2997 2981 3027 3020 a
3073 2966 3212 3022 facie
3238 2967 3467 3031 inimici,
3508 2988 3530 3021 ι

1963 3063 2017 3112 et
2055 3068 2269 3112 caetera.
2323 3055 2633 3113 Secundum
2691 3057 2833 3112 LXX
2871 3057 3196 3129 lnterpretes
3233 3061 3532 3131 gratiarum

1963 3149 2230 3203 actionem
2264 3164 2444 3204 sermo
2469 3151 2867 3219 complectitur.
2905 3149 3050 3215 llaec,
3083 3152 3278 3222 inquit,
3301 3167 3422 3223 quae
3437 3167 3533 3207 su-

1963 3256 2058 3310 pra
2093 3241 2225 3304 dixi,
2255 3242 2386 3296 mihi
2439 3241 2700 3310 aderant;
2731 3245 2860 3314 quia
2902 3251 2961 3299 tu
2993 3245 3109 3314 ipse
3143 3243 3283 3299 Deus
3305 3243 3530 3300 elevasti

1958 3340 2013 3389 et
2046 3333 2325 3398 exaltasti,
2358 3347 2422 3388 ac
2445 3333 2500 3387 in
2536 3341 2688 3403 petra
2733 3336 2846 3397 illa,
2879 3351 3002 3406 qua:
3033 3335 3173 3405 apud
3200 3342 3252 3390 te
3281 3341 3384 3397 est,
3415 3342 3530 3388 sta-

1956 3424 2107 3480 tuisti
2139 3440 2245 3489 me,
2277 3440 2400 3496 quae
2416 3436 2495 3481 est
2529 3424 2760 3480 Verbum
2795 3426 2894 3482 abs
2921 3434 2975 3480 te
3008 3425 3343 3496 procedens:
3366 3443 3386 3476 ‹
3420 3423 3527 3480 Pe-

1954 3527 2037 3574 tra
2079 3537 2098 3570 i
2135 3518 2279 3573 enim
2306 3537 2324 3570 ι
2362 3524 2479 3572 erat
2507 3516 2760 3572 Christus
2795 3517 2861 3569 “.
2894 3536 2912 3570 ι
2947 3517 3083 3584 Quia
3119 3518 3284 3587 igitur
3308 3517 3364 3571 in
3393 3515 3530 3572 Ver-

1955 3608 2024 3664 bo
2055 3617 2149 3662 tuo
2177 3607 2431 3663 exaltain
2461 3614 2515 3662 et
2549 3605 2833 3662 sublimem
2869 3605 3045 3660 fecisti
3071 3620 3197 3672 me;
3228 3605 3300 3659 ita
3334 3611 3392 3658 ut
3411 3619 3523 3660 non

1953 3700 2093 3755 ultra
2129 3699 2184 3754 in
2221 3697 2400 3753 medio
2429 3705 2588 3752 terra!
2642 3697 2898 3760 habitem,
2932 3697 3024 3753 sed
3077 3697 3132 3751 in
3161 3696 3524 3752 extremitati-

1951 3792 2054 3848 bus
2081 3791 2201 3861 ejus
2237 3790 2573 3855 consistam;
2607 3788 2827 3859 jamque
2853 3789 3127 3844 deduxisti
3162 3805 3269 3854 me,
3303 3795 3364 3841 ut
3393 3803 3522 3859 pro-

1949 3901 2013 3956 pe
2044 3893 2097 3940 te
2147 3882 2488 3948 accederem,
2522 3881 2700 3938 factus
2751 3897 2812 3937 es
2841 3897 2966 3952 spes
3026 3897 3166 3944 mea,
3198 3883 3357 3952 cujus
3401 3883 3518 3953 spei

1945 3991 2113 4033 causa
2137 3991 2246 4030 non
2278 3973 2584 4029 confundar
2615 3992 2628 4028 :
2661 3973 2756 4028 sed
2817 3973 2981 4028 etiam
3043 3973 3230 4029 multis
3261 3974 3517 4028 instanti-

1943 4068 2048 4124 bus
2079 4068 2211 4122 mihi
2262 4065 2640 4138 spiritualibus
2671 4065 2912 4120 inimicis
2959 4073 3013 4121 et
3061 4065 3334 4128 hostibus,
3366 4081 3517 4136 qua:-

1944 4159 2189 4215 rentibus
2229 4159 2466 4213 animam
2512 4171 2725 4224 meam;
2757 4156 2931 4211 instar
2963 4157 3203 4210 omnium
3240 4157 3370 4212 mihi
3408 4157 3514 4212 fui-

1941 4256 2011 4309 sti
2041 4273 2054 4308 :
2083 4260 2251 4322 tuque
2279 4250 2431 4305 solus
2458 4248 2590 4304 mihi
2613 4248 2781 4304 turris
2811 4247 3116 4304 fortissima
3146 4247 3372 4305 effectus
3400 4251 3512 4304 cir-

1938 4341 2293 4398 cummunisti
2329 4357 2436 4404 me,
2466 4349 2520 4396 et
2566 4341 2623 4394 in
2675 4339 2844 4394 tutela
2884 4338 3099 4395 salutis.
3122 4353 3242 4408 qua;
3287 4338 3429 4408 apud
3455 4346 3510 4395 te

258 4422 408 4494 χὼν,
447 4424 529 4476 σοὶ
562 4426 688 4487 τοὺς
720 4423 921 4495 ὕμνους
953 4426 1291 4498 ἀναπέμπω.
1349 4429 1424 4493 ὡς
1456 4431 1708 4486 ἁπάντων
1745 4450 1835 4503 μοι

1970 4443 2039 4494 st,
2074 4432 2348 4503 posuisti;
2380 4439 2439 4484 ut
2464 4429 2675 4483 nullum
2704 4428 2816 4497 jam
2864 4428 3212 4482 inimicorum
3257 4442 3504 4483 meorum

256 4516 372 4570 τῶν
394 4516 614 4586 ἀγαθῶν
643 4518 916 4590 γενομένῳ
937 4520 1113 4591 αἰτίῳ.
1159 4520 1304 4576 Ἀντὶ
1320 4521 1376 4576 δέ
1399 4521 1524 4588 τοῦ,
1559 4541 1580 4574 ι
1621 4525 1706 4576 Ἐν
1737 4525 1834 4578 πέ-

1966 4522 2282 4578 eformidem
2321 4539 2334 4576 :
2367 4521 2481 4574 haec
2513 4518 2698 4574 omnia
2746 4526 2963 4581 nactus,
3000 4518 3094 4572 tibi
3147 4525 3207 4572 ut
3258 4519 3504 4574 omnium

257 4627 367 4680 τρᾳ.
398 4610 620 4680 ὕψωσάς
651 4628 738 4681 με,
766 4630 784 4662 ι
823 4613 917 4666 καὶ
948 4612 1055 4666 τῶν
1088 4613 1234 4684 ἐξῆς,
1265 4614 1295 4666 6
1326 4615 1617 4687 Σύμμαχος
1647 4617 1830 4688 ἕτερον

256 4701 510 4754 ἀπέδωκε
539 4702 662 4755 νοῦν
693 4702 862 4756 εἰπών
883 4720 897 4734 ·
933 4723 952 4756 ι
980 4705 1147 4758 Ὅταν
1197 4707 1414 4777 στερεὸς
1443 4707 1830 4778 κατεπαίρεταί

258 4806 385 4859 μου,
416 4789 701 4862 όδηγήσεις
732 4809 817 4860 με.
864 4792 1082 4860 Ἐγένου
1111 4795 1217 4865 γάρ
1237 4793 1434 4863 ἀφοϐία
1459 4813 1583 4866 μου,
1623 4797 1830 4868 πύργος

254 4879 456 4948 ὑψηλὸς
482 4880 592 4934 ἀπὸ
612 4883 897 4951 προσώπου
924 4883 1140 4955 ἐχθροῦ·
1166 4905 1186 4936 ι
1207 4886 1300 4939 καὶ
1323 4889 1352 4940 6
1381 4885 1610 4951 ’Ᾱκύλας
1632 4888 1830 4957 ὁμοίως

252 4971 344 5022 τὸν
375 4972 538 5025 αὑτὸν
565 4974 812 5029 ἀπέδωκε
827 4977 952 5030 νοῦν
978 4977 1146 5030 εἰπών
1165 4993 1179 5007 ·
1203 4997 1222 5029 ι
1255 4978 1341 5033 Ἑν
1368 4979 1570 5052 στερεῷ
1587 4979 1828 5050 ὑψώθητι

253 5065 384 5134 παρ’
410 5065 512 5135 ἐμὲ
531 5105 548 5129 ,
577 5066 968 5140 καθοδηγήσεις
999 5087 1088 5140 με,
1120 5089 1138 5124 ι
1173 5071 1266 5124 καὶ
1291 5072 1358 5125 τὰ
1385 5071 1530 5141 ἑξῆς.
1575 5073 1825 5126 Διδάσκει

246 5153 307 5207 δέ
331 5157 478 5225 ἡμᾶς
504 5157 594 5210 διὰ
624 5159 825 5213 τούτων
869 5163 898 5215 6
942 5161 1098 5230 λόγος
1131 5162 1333 5234 μηδένα
1357 5162 1463 5218 τῶν
1493 5180 1821 5235 κατεπαιρο-

1937 4614 2069 4668 ιηἰίιί
2130 4613 2397 4668 bonorum
2446 4608 2695 4674 Auctori,
2748 4608 2979 4680 hymnos
3011 4609 3222 4663 emitto.
3272 4606 3379 4662 Pro
3410 4609 3503 4662 illo

1936 4714 2114 4760 autem
2151 4722 2164 4758 :
2199 4721 2218 4754 ι
2262 4703 2322 4756 In
2349 4709 2500 4772 petra
2530 4699 2782 4755 exaltasti
2811 4713 2918 4761 nne,
2953 4717 2972 4749 ο
2999 4706 3131 4761 etc.,
3154 4697 3314 4752 aliam
3351 4696 3504 4768 Synt-

1937 4793 2161 4848 machus
2191 4791 2514 4848 sententiam
2551 4789 2742 4845 extulit
2781 4788 2867 4844 his
2901 4789 3080 4845 verbis
3109 4807 3121 4843 :
3152 4806 3171 4839 ι
3217 4787 3351 4843 Cum
3387 4789 3500 4842 for-

1933 4884 2004 4939 tis
2026 4885 2270 4955 insurget
2295 4882 2584 4938 adversum
2612 4892 2719 4942 me,
2753 4877 2990 4934 deduces
3015 4893 3118 4933 me.
3142 4875 3314 4932 Fuisti
3349 4880 3496 4933 enim

1934 4981 2201 5034 securitas
2255 4991 2396 5039 mea,
2430 4975 2602 5030 turris
2651 4973 2866 5028 excelsa
2912 4987 2942 5026 a
3000 4970 3140 5026 facie
3181 4970 3389 5025 inimici
3423 4989 3436 5024 :
3468 4990 3490 5023 ι

1930 5067 2123 5138 Aquila
2156 5069 2283 5122 item
2316 5067 2505 5122 eadem
2536 5073 2807 5121 sententia
2854 5063 3241 5142 interpretatus
3274 5070 3359 5118 est
3390 5062 3493 5117 hoc

1934 5161 2098 5214 modo
2132 5179 2146 5214 :
2177 5179 2196 5210 ι
2225 5158 2278 5212 1η
2311 5158 2467 5212 firmo
2493 5158 2730 5211 exaltare
2749 5155 2891 5226 apud
2919 5171 3023 5219 me,
3053 5155 3291 5210 deduces
3315 5170 3420 5218 me,
3463 5173 3486 5207 ι

251 5249 429 5318 μένων
475 5251 633 5322 ἡμῶν
675 5254 1124 5325 ἐπιστρέφεσθαι,
1177 5256 1328 5320 ὅλους
1356 5257 1412 5308 δὲ
1444 5256 1695 5324 γενέσθαι
1725 5253 1818 5308 τοῦ

1966 5259 2035 5308 lc.
2063 5249 2160 5306 His
2185 5265 2347 5320 porro
2366 5250 2626 5304 docemur
2660 5249 2930 5302 neminem
2953 5255 3014 5301 ut
3047 5246 3485 5302 adversariorum

246 5329 404 5405 θεοῦ,
439 5343 527 5395 ἐπ’
559 5344 706 5415 αὐτῷ
750 5346 894 5416 μόνῳ
926 5345 1276 5418 θαρσοῦντας.
1343 5347 1401 5398 ’0
1431 5345 1558 5414 γοῦν
1588 5345 1818 5415 ἀγαθαῖς

1966 5340 2375 5405 εἰοτιηίἁειιιυεκ,
2409 5339 2505 5395 sed
2549 5355 2650 5395 nos
2690 5336 2800 5392 Deo
2847 5338 3068 5409 penitus
3098 5344 3398 5400 tradamus,
3426 5338 3484 5391 in

248 5433 462 5487 ἐλπίσιν
477 5434 875 5506 ἐφωδιασμὲνος
898 5477 912 5500 ,
939 5437 1140 5490 καὶτὸν
1158 5437 1290 5491 Θεὸν
1312 5436 1648 5509 κτησάμενος
1681 5438 1818 5509 πύρ-

1966 5449 2040 5489 υεο
2095 5431 2214 5490 solo
2261 5429 2616 5486 conﬁdentes.
2661 5428 2766 5497 Qui
2797 5443 2929 5499 ergo
2960 5429 3100 5483 bona
3137 5443 3233 5498 spe
3274 5428 3483 5481 instru-

244 5541 341 5592 τον
371 5525 574 5597 ἰσχύος,
599 5525 654 5597 ἢ,
673 5528 814 5582 κατά
833 5527 920 5581 τὸν
955 5527 1200 5593 Ἀκύλαν,
1229 5547 1248 5580 ι
1277 5527 1483 5600 πύργον
1502 5527 1731 5598 κράτους
1751 5545 1764 5558 ·
1792 5547 1811 5578 ι

1966 5539 2078 5592 Lus,
2121 5524 2288 5581 Deum
2354 5525 2408 5579 in
2467 5527 2659 5578 turrim
2701 5522 3036 5578 fortitudinis
3095 5522 3295 5587 habet;
3334 5519 3472 5585 sive,

316 5701 550 5780 '_“_Psal.
617 5719 775 5780 calx,
813 5704 865 5760 5.
943 5706 986 5737 ’τ
1027 5705 1184 5761 Rom.
1235 5722 1348 5771 vn,
1396 5706 1487 5762 24.
1567 5706 1612 5738 ³⁸
1651 5705 1841 5780 Matth-

1978 5747 1992 5770 ,
2041 5707 2124 5762 13.
2200 5707 2245 5739 "
2285 5703 2326 5770 ll
2360 5703 2487 5760 Cor.
2553 5717 2665 5768 xu,
2724 5701 2815 5754 21.
2892 5700 2936 5732 ⁸⁸
2976 5699 3017 5753 Il
3053 5696 3178 5753 Cor.
3236 5712 3323 5764 at,
3377 5695 3468 5754 το.

245 5774 287 5806 ⁵⁸
330 5772 512 5830 lCur.
550 5791 613 5838 ι,
647 5778 699 5830 lt.
