4024 6202
451 335 558 392 579

1151 335 1422 392 EUSEBll
1462 334 1942 390 CIESARlENSlS
1974 334 2121 391 OPP.
2165 335 2342 390 PARS
2401 335 2487 390 lll.
2520 365 2589 376 -—
2629 331 3043 389 EXEb’ETICA.

3569 337 3675 391 550

442 450 743 507 secundum
774 448 1046 518 Aquilam,
1076 468 1096 500 ι
1133 449 1326 502 turrim
1359 449 1607 514 roboris;
1641 467 1660 501 ι
1687 458 1778 503 aut
1809 463 1997 511 secun-

2105 449 2174 520 ἦ,
2214 467 2233 500 ι
2260 449 2464 520 πύργον
2494 447 2687 520 ὀχυρὸν
2711 488 2726 511 ,
2754 469 2771 500 ι
2825 449 2961 503 κατὰ
3011 449 3101 502 τὸν
3133 447 3424 519 Σύμμαχον
3445 466 3458 479 ·
3527 451 3673 524 ἐρεῖ·

441 541 569 597 dum
629 540 1038 612 Symmachum,
1081 558 1099 591 ι
1146 541 1343 594 turrim
1401 543 1698 603 munitam;
1729 560 1748 592 ι
1793 541 1862 604 is,
1919 540 2006 594 in-

440 648 622 703 quam,
654 631 798 685 dicet
831 651 843 685 :
877 650 895 680 ‹
931 632 1252 687 Inbabitabo
1299 634 1353 686 in
1412 632 1765 686 tabernaculo
1816 640 1910 686 tuo
1955 633 2008 685 in

440 725 664 785 saecula,
696 732 951 794 protegar
992 726 1046 778 in
1099 725 1404 778 velamento
1462 725 1671 778 alarum
1713 733 1948 779 tuarum.
1984 745 2002 777 ι

444 813 632 882 Neque
695 818 861 880 enim,
899 815 994 880 ait,
1037 816 1093 869 in
1147 831 1234 869 me
1295 814 1585 877 confidam,
1627 813 1721 868 sed
1756 813 1810 868 in
1862 816 2010 868 vela-

441 915 626 960 mento
651 907 858 959 alarum
886 916 1126 961 tuarum.
1173 905 1250 959 lta
1299 922 1464 975 porro
1497 922 1693 961 vocare
1726 906 2007 976 Scriptura

439 1000 576 1053 solet
619 1000 850 1053 virtutes
881 999 974 1052 Dei
1005 998 1361 1067 providentiae
1399 999 1776 1062 administras,
1809 1000 2008 1070 quibus

437 1090 709 1158 obtegitur
755 1089 1044 1158 religiosus
1097 1089 1282 1151 homo,
1322 1089 1415 1158 qui
1469 1103 1500 1141 a
1559 1095 1862 1144 velamento
1914 1088 2007 1142 Dei

437 1195 713 1250 nunquam
749 1181 976 1241 recedit,
1006 1181 1099 1234 sed
1134 1180 1275 1233 intra
1309 1181 1484 1249 ipsum
1540 1180 1592 1234 in
1623 1181 1880 1236 sarculum
1909 1181 2007 1234 ha-

438 1269 572 1325 bitat
601 1290 614 1324 :
646 1271 870 1341 jamque
916 1271 1158 1326 Ecclesia
1189 1273 1309 1340 ejus
1343 1279 1396 1326 ct
1447 1272 1646 1326 decore
1669 1273 1863 1326 domus
1889 1273 2007 1340 ejus

439 1361 656 1426 fruitur,
688 1370 745 1416 ut
774 1363 959 1417 dicat:
998 1382 1014 1412 ι
1053 1363 1296 1426 Domine,
1323 1364 1485 1417 dilexi
1535 1363 1786 1417 decorem
1813 1363 2006 1419 domus

437 1463 562 1514 tute,
614 1461 668 1507 et
727 1456 906 1508 locum
944 1455 1301 1509 habitationis
1335 1456 1516 1524 gloria:
1563 1463 1669 1508 tua:
1714 1456 1794 1520 ἰ²;
1828 1474 1848 1507 ι
1905 1465 2002 1508 et:

443 1562 460 1594 ι
507 1544 679 1599 Unam
708 1548 836 1615 petii
871 1565 900 1601 a
937 1547 1186 1610 Domino,
1227 1548 1368 1602 hanc
1427 1547 1720 1616 requiram,
1755 1553 1814 1600 ut
1857 1547 2008 1600 inha-

438 1636 599 1692 bitem
632 1639 686 1692 in
720 1640 881 1692 domo
915 1639 1128 1694 Domini
1174 1640 1430 1694 omnibus
1463 1638 1656 1693 diebus
1682 1638 1805 1693 vitae
1829 1653 1962 1693 mea:
1990 1661 2001 1695 :

437 1734 494 1780 ut
532 1728 741 1782 videam
766 1731 1102 1799 voluptatem
1135 1729 1349 1784 Domini
1375 1767 1390 1792 ,
1421 1737 1476 1783 et
1501 1728 1714 1782 visitem
1743 1729 2002 1797 templum

2115 558 2131 589 ι
2159 541 2484 611 Παροικήσω
2511 543 2568 593 ἐν
2592 541 2668 612 τῷ
2699 540 3012 612 σκηνώματί
3042 559 3133 594 σου
3165 543 3244 604 εἰς
3274 544 3399 606 τοὺς
3433 544 3633 610 αἰῶνας
3658 564 3673 577 ο

2110 629 2559 700 σκεπασθήσομαι
2591 633 2648 684 ἐν
2675 635 2740 701 τῇ
2772 631 2944 702 σκέπῃ
2972 631 3080 684 τῶν
3108 631 3393 702 πτερύγων
3424 651 3518 686 σου
3557 655 3573 687 ι
3599 639 3674 690 Οὐ

2107 723 2212 794 γὰρ
2247 724 2330 774 ἐπ’
2363 721 2580 792 ἐμαυτῷ
2605 763 2619 786 ,
2669 726 2830 793 φησὶν
2855 765 2869 787 ,
2907 725 3258 796 εὐθαρσήσω,
3311 725 3424 777 ἀλλ’
3475 729 3566 780 ἐπὶ
3607 735 3672 801 τῇ

2109 812 2284 885 σκέπῃ
2331 813 2435 867 τῶν
2488 813 2593 866 σῶν
2641 814 2944 886 πτερύγων.
2998 816 3151 869 Οὕτω
3181 817 3237 870 δὲ
3271 817 3453 870 καλεῖν
3487 820 3674 874 εἴωθεν

2107 903 2135 954 6
2166 902 2337 970 Λόγος
2362 902 2460 966 τὰς
2494 905 2848 974 προνοητικὰς
2875 905 2967 958 τοῦ
3001 905 3132 959 Θεοῦ
3163 907 3418 977 δυνάμεις
3442 950 3456 973 ,
3493 910 3581 976 ὐφ’
3609 912 3675 974 ἃς

2110 995 2433 1058 σκεπάξεται
2482 997 2510 1048 6
2542 981 2822 1067 θεοφιλής,
2882 998 3146 1067 μηδέποτε
3175 998 3274 1068 τῆς
3309 1000 3515 1070 σκέπης
3546 1003 3676 1055 ἁνα-

2107 1084 2295 1152 χωρῶν
2327 1084 2421 1137 τοῦ
2453 1084 2608 1147 Θεοῦ,
2641 1085 2774 1138 ἀλλὰ
2805 1086 2869 1138 δι’
2899 1087 3090 1150 αἰῶνος
3129 1087 3273 1142 ἔνδον
3306 1093 3364 1145 ὲν
3383 1095 3518 1166 αὐτῇ
3547 1113 3677 1150 κατ-

2106 1174 2296 1228 οικῶν·
2326 1175 2418 1227 καὶ
2446 1175 2544 1246 ήδη
2591 1177 2687 1246 μὲν
2712 1176 2994 1230 ἀπολαύων
3037 1178 3135 1248 τῆς
3165 1181 3485 1253 Ἐκκλησίας
3511 1188 3673 1242 αὐτοῦ

2106 1266 2200 1318 καὶ
2244 1265 2344 1334 τῆς
2377 1266 2704 1337 εὐπρεπείας
2737 1266 2825 1320 τοῦ
2855 1270 3001 1321 οἰκου
3031 1269 3224 1335 αὐτοῦ,
3276 1273 3415 1327 ὥστε
3463 1278 3670 1346 λέγειν’

2112 1375 2128 1405 ι
2154 1357 2345 1427 Κύριε,
2365 1358 2621 1428 ἠγάπησα
2645 1359 2973 1429 εὐπρέπειαν
2992 1360 3147 1414 οἴκου
3172 1379 3264 1416 σου
3289 1381 3329 1414 ἰ
3363 1368 3450 1419 καὶ
3479 1371 3673 1424 «τόπον

2107 1449 2458 1520 πηνώματος
2490 1452 2587 1521 τῆς
2613 1449 2769 1522 δόξης
2800 1469 2919 1504 σου·
2947 1471 2964 1503 ι
3001 1454 3122 1517 καὶ,
3161 1475 3178 1505 ι
3207 1457 3353 1510 Μίαν
3385 1461 3671 1535 ᾐτησάμην

2106 1541 2256 1613 παρὰ
2284 1543 2485 1613 Κυρίου
2507 1583 2522 1605 ,
2571 1542 2772 1614 ταύτην
2803 1542 3020 1614 ζητήσω
3039 1583 3052 1607 ,
3094 1545 3170 1597 ,τὸ
3220 1553 3486 1622 κατοικεῖν
3517 1570 3581 1621 με
3610 1556 3671 1605 ἐν

2103 1633 2235 1704 οἴκῳ
2267 1634 2469 1705 Κυρίου
2504 1635 2683 1698 πάσας
2714 1636 2812 1699 τὰς
2843 1636 3053 1708 ἡμέρας
3083 1639 3180 1708 τῆς
3209 1637 3356 1710 ζωῆς
3392 1659 3490 1711 μου
3510 1659 3522 1671 ·
3574 1644 3672 1698 τοῦ

2111 1723 2332 1796 θεωρεῖν
2361 1742 2426 1795 με
2457 1726 2554 1793 τὴν
2575 1743 2632 1778 τε
2642 1727 2910 1797 ρπνότητα
2929 1727 3022 1780 τοῦ
3044 1730 3248 1800 Κυρίου
3267 1771 3282 1793 ,
3323 1735 3416 1785 καὶ
3456 1735 3675 1790 ἐπισκέ-

433 1818 554 1886 ejus
581 1819 644 1874 “.
686 1840 704 1872 ι
733 1820 887 1886 Quod
929 1823 973 1877 si
1007 1821 1416 1876 tabernaculum
1466 1827 1552 1875 est
1581 1822 1822 1884 caeleste,
1857 1820 1997 1890 quod

2105 1816 2330 1869 πτεσθαι
2358 1816 2447 1869 τὸν
2480 1817 2604 1869 ναὸν
2631 1816 2812 1872 αὐτοῦ.
2842 1837 2858 1868 ι
2893 1819 2954 1871 Εἰ
2986 1819 3042 1872 δέ
3071 1821 3184 1873 ἐστι
3229 1823 3320 1875 καί
3355 1821 3675 1898 ἐπουράνιος

435 1907 551 1961 fixit
612 1909 892 1970 Dominus.
944 1926 1051 1964 non
1115 1910 1300 1973 homo,
1334 1911 1400 1964 ad
1455 1909 1612 1978 cujus
1672 1911 1998 1980 exemplum,

429 1997 622 2066 jussus
652 2000 862 2071 Moyses
898 2003 1043 2056 aliud
1076 2002 1375 2056 fabricatus
1429 2011 1535 2066 est,
1583 2002 1650 2056 ad
1685 2001 1818 2056 illud
1873 2017 2003 2057 sane

433 2091 850 2146 tabernaculum
911 2095 1222 2156 remittens,
1255 2094 1455 2149 dixerit
1488 2113 1502 2148 :
1537 2113 1554 2145 ι
1593 2095 1914 2150 lnhabitabo
1947 2095 2004 2148 in

433 2183 794 2238 tabernaculo
834 2195 926 2239 tuo
957 2185 1012 2239 in
1043 2187 1261 2240 saecula.
1300 2205 1318 2238 ι
1350 2185 1532 2241 Talem
1563 2187 1707 2242 enim
1731 2187 2003 2257 perfectus

434 2273 600 2328 homo
631 2275 1051 2345 promissionem
1103 2278 1332 2347 accepit,
1367 2279 1590 2333 minimc
1635 2290 1885 2348 spectans
1939 2295 2003 2335 ea

437 2379 561 2436 quae
589 2367 694 2421 sub
733 2375 1086 2437 conspectum
1119 2369 1342 2432 cadunt,
1373 2368 1468 2424 sed
1515 2385 1637 2439 quae
1683 2384 1793 2424 non
1817 2371 2005 2426 viden-

433 2461 544 2508 tur.
572 2454 709 2509 Nam
745 2472 865 2528 quae
895 2457 1172 2520 videntur,
1205 2466 1596 2527 temporanea;
1633 2474 1752 2530 qua:
1778 2475 1889 2515 non
1922 2461 2005 2514 vi-

431 2548 653 2610 dentur,
671 2557 872 2602 aeterna
902 2555 1048 2603 sunt.

503 2637 671 2693 Vens.
704 2639 756 2692 6.
805 2655 824 2687 ι
863 2638 1133 2704 Quoniam
1171 2648 1249 2705 tu,
1288 2639 1450 2704 Deus,
1492 2641 1766 2697 exaudisti
1797 2644 2000 2697 oratio-

431 2744 530 2784 nes
559 2745 734 2793 tneas,
768 2731 967 2786 dedisti
1004 2730 1376 2786 hatreditatem
1435 2732 1753 2786 timentibus
1803 2747 2002 2788 nomen

2107 1908 2304 1980 σκηνὴ,
2354 1909 2418 1978 ἢν
2463 1906 2658 1978 ἔπηξεν
2683 1909 2710 1960 6
2737 1907 2938 1980 Κύριος
2959 1951 2973 1971 ,
3006 1914 3100 1966 καὶ
3131 1914 3232 1966 οὐκ
3257 1915 3542 1987 ἄνθρωπος
3563 1958 3577 1981 ,
3609 1915 3676 1990 ἦς

2105 1999 2201 2069 τὴν
2227 1999 2411 2051 εἰκόνα
2438 1997 2678 2068 Μωῦσῆς
2709 2001 3067 2072 προσταχθεὶς
3101 2005 3302 2070 ἐποίει,
3353 2009 3432 2070 εἰς
3462 2010 3676 2082 ἐκείνην

2102 2090 2439 2159 ἀναπέμπων
2472 2087 2568 2159 τὴν
2601 2089 2802 2160 σκηνήν
2827 2129 2841 2154 ,
2885 2090 3028 2144 εἴποι
3062 2092 3127 2146 ἂν
3153 2095 3242 2148 τό·
3305 2116 3322 2147 ι
3348 2096 3675 2171 Παροικήσω

2101 2182 2159 2235 ὲν
2186 2183 2262 2253 τῷ
2286 2181 2600 2254 σκηνῶματί
2631 2200 2722 2236 σου
2747 2184 2826 2246 εἰς
2849 2185 2975 2248 τοὺς
3001 2182 3218 2250 αἰῶνας.
3249 2207 3266 2240 ι
3325 2190 3543 2262 Ταύτην
3566 2193 3674 2264 γὰρ

2103 2276 2294 2348 εἴληφε
2327 2277 2422 2348 τὴν
2451 2277 2778 2346 ἐπαγγελίαν
2805 2279 2833 2331 6
2864 2279 3094 2345 τέλειος,
3126 2282 3185 2334 οὐ
3218 2283 3435 2338 σκοπῶν
3461 2283 3530 2337 τὰ
3558 2280 3676 2355 βλε-

2103 2370 2331 2440 πόμενα,
2362 2369 2495 2422 ἀλλὰ
2519 2369 2588 2422 τὰ
2617 2372 2689 2441 μὴ
2733 2371 3067 2444 βλεπόμενα·
3119 2373 3186 2426 τὰ
3216 2374 3324 2446 γὰρ
3368 2373 3674 2448 βλεπόμενα

2103 2460 2416 2532 πρόσκαιρα
2437 2501 2451 2524 ,
2481 2460 2549 2513 τὰ
2579 2461 2635 2514 δὲ
2670 2463 2744 2534 μὴ
2774 2463 3078 2535 βλεπόμενα
3108 2465 3316 2522 αἰώνια.

2174 2655 2192 2686 ι
2207 2635 2325 2688 Ὅτι
2348 2637 2433 2699 σὺ,
2451 2639 2478 2689 6
2498 2636 2648 2701 Θεὸς,
2669 2639 2990 2710 εἰσήκουσας
3013 2641 3121 2692 τῶν
3135 2640 3307 2712 εὐχῶν
3331 2661 3446 2713 μου,
3463 2644 3670 2708 ἔδωκας

2102 2725 2456 2798 κληρονομίαν
2489 2731 2598 2793 τοῖς
2628 2728 2977 2800 φοϐουμένοις
3005 2731 3066 2784 τὸ
3095 2732 3265 2803 ὄνομα
3291 2751 3397 2787 σου.
3424 2754 3442 2786 ι
3479 2735 3540 2788 Εἰ
3563 2736 3667 2805 μὲν

430 2829 640 2876 tuum.)
667 2821 722 2877 Si
755 2824 991 2894 vulgaris
1017 2825 1262 2893 quaedam
1287 2826 1461 2880 oratio
1482 2832 1626 2879 esset
1654 2841 1736 2888 ea,
1756 2826 1997 2895 quazjam

2100 2817 2227 2889 ψιλή
2251 2837 2334 2883 τις
2362 2815 2428 2891 ἦν
2452 2822 2725 2892 προσευχὴ
2758 2823 2861 2876 ὐπὸ
2891 2823 2984 2876 τοῦ
3015 2825 3177 2877 Δαυῖδ
3199 2826 3605 2895 ἀναπεμφθεῖσα
3629 2829 3666 2899 ἡ

433 2929 464 2966 a
496 2913 698 2969 Davide
720 2915 918 2971 emissa
948 2924 1050 2979 est,
1083 2931 1191 2970 non
1226 2932 1451 2971 necesse
1477 2931 1608 2971 sane
1654 2915 1850 2972 fuisset
1883 2933 1997 2972 eam

2105 2908 2240 2978 μετὰ
2265 2911 2449 2981 χεῖρας
2471 2950 2485 2973 ,
2515 2909 2662 2963 οὐδὲν
2685 2906 2752 2982 ἦν
2777 2913 3071 2981 ἀναγκαῖον
3099 2915 3269 2987 αὐτὴν
3299 2916 3669 2988 ἀναληφθῆναι

434 3005 490 3060 in
524 3007 665 3062 libro
699 3007 1042 3064 Psalmorum
1093 3010 1279 3079 reponi
1307 3028 1322 3063 :
1349 3010 1644 3064 verisimile
1693 3011 1894 3080 quippe
1921 3019 1997 3064 est

2101 3002 2173 3070 τῇ
2205 2999 2366 3070 βίϐλῳ
2398 3000 2505 3054 τῶν
2538 3002 2800 3072 Ψαλμῶν·
2849 3006 2994 3078 εἰκὸς
3028 3007 3132 3077 γὰρ
3160 3008 3317 3060 αὐτὸν
3345 3008 3438 3062 καὶ
3473 3011 3670 3079 μυρίας

432 3111 557 3150 eum
596 3107 880 3152 sexcentas
922 3098 1058 3153 alias
1097 3099 1371 3152 orationes
1412 3097 1477 3151 ad
1517 3099 1680 3153 Deum
1717 3099 1997 3165 effudisse;

2106 3090 2270 3154 ἄλλας
2295 3091 2458 3162 εὐχὰς
2491 3093 2624 3164 πρὸς
2657 3094 2744 3146 τὸν
2778 3095 2907 3148 Θεὸν
2954 3098 3307 3168 πεποιῆσθαν
3359 3099 3547 3170 ὥσπερ
3577 3098 3668 3154 οὖν

432 3189 889 3258 quemadmodum
919 3205 1020 3245 nos
1041 3206 1257 3260 quoque
1287 3190 1531 3260 quotidie
1554 3191 1828 3260 variisque
1861 3201 1997 3246 tem-

2100 3183 2192 3235 καί
2217 3185 2375 3254 ἡμεῖς
2425 3185 2507 3253 ἐφ’
2553 3185 2786 3256 ἑκάστης
2828 3188 3067 3260 ἡμέρας,
3117 3192 3210 3243 καὶ
3255 3193 3398 3246 κατὰ
3443 3195 3668 3264 καιροὺς

430 3281 658 3350 poribus
689 3295 1007 3348 precamur;
1039 3289 1094 3334 at
1136 3282 1265 3351 quia
1291 3283 1609 3351 plerumque
1640 3282 1767 3336 dum
1805 3298 1996 3352 preca-

2100 3271 2285 3326 ἄλλοτε
2318 3273 2506 3338 ἄλλους
2538 3275 2804 3346 εὐχόμεθα
2835 3277 3119 3350 διαφόρους
3139 3298 3151 3310 ·
3175 3282 3296 3334 ἐπεὶ
3324 3282 3380 3335 δὲ
3411 3283 3668 3346 πολλάκις
3740 3308 3747 3312 ·

429 3381 606 3436 retur,
651 3381 744 3424 aut
796 3372 1037 3442 psalmos
1064 3373 1325 3442 pulsaret,
1352 3374 1651 3442 hymnosve
1704 3375 1993 3437 emitteret,

430 3463 750 3532 prophetica
793 3463 996 3516 virtute
1049 3463 1392 3532 replebatur;
1424 3464 1616 3517 merito
1643 3462 1755 3532 jam
1789 3479 1897 3516 non
1941 3471 1998 3516 ut

428 3552 684 3622 vulgares
713 3555 1015 3616 orationes,
1049 3554 1142 3608 sed
1173 3563 1231 3608 ut
1263 3571 1546 3610 sermones
1580 3556 1670 3609 alii
1695 3557 1996 3626 prophetici

430 3643 547 3700 htec
577 3645 1042 3715 obsignabantur;
1074 3662 1245 3716 eaque
1277 3648 1332 3700 in
1354 3647 1552 3702 divinis
1586 3647 1741 3703 libris
1770 3664 1997 3718 repone-

428 3736 584 3800 bant,
620 3737 714 3804 qui
741 3737 1095 3791 discretionis
1143 3739 1432 3807 spirituum
1490 3739 1716 3808 gratiam
1774 3754 1997 3810 accepe-

428 3835 575 3881 rant.
638 3827 730 3880 Sic
787 3842 916 3896 ergo
970 3835 1090 3896 post
1124 3827 1381 3897 praedicta
1425 3829 1610 3894 verba,
1676 3829 1996 3883 intermedio

429 3916 831 3986 diapsalmate,
893 3917 1162 3988 PrOpheta
1218 3919 1394 3974 sancti
1453 3919 1692 3988 Spiritus
1745 3921 1996 3991 illapsum

429 4008 890 4073 animadvertens,
954 4009 1197 4079 adeoque
1253 4010 1576 4077 illustratus,
1626 4026 1750 4066 cum
1811 4019 1998 4067 nosset

428 4100 764 4171 praemissam
789 4101 856 4154 ab
890 4115 949 4154 se
968 4102 1270 4155 orationem
1305 4116 1334 4153 a
1374 4100 1483 4155 Deo
1507 4103 1820 4156 exauditam
1851 4119 1994 4170 esse,

422 4193 538 4264 jam
569 4192 926 4247 mutationem
961 4191 1228 4247 sermonis
1259 4192 1486 4247 inducit.
1510 4192 1870 4258 Quamobrem
1902 4210 1997 4248 su-

428 4286 614 4355 perius
639 4283 856 4354 quidem
885 4284 966 4338 sic
992 4283 1318 4352 precabatur
1359 4303 1373 4338 :
1410 4303 1429 4334 ι
1462 4283 1690 4347 Exaudi,
1725 4284 1995 4350 Deus,de-

425 4379 792 4450 precationem
823 4392 1036 4445 meam;
1076 4397 1094 4429 ι
1134 4377 1224 4432 hic
1255 4392 1384 4433 vero
1412 4387 1534 4448 post
1577 4377 1877 4447 diapsalma
1911 4376 1994 4430 di-

2099 3363 2156 3415 ἐν
2179 3362 2325 3433 αὐτῷ
2349 3363 2425 3434 τῷ
2442 3365 2862 3435 προσεύχεσθαι,
2915 3369 2947 3439 ἦ
2971 3371 3092 3433 τοὺς
3110 3370 3356 3441 ψαλμοὺς
3375 3375 3668 3446 ἀνακρούε-

2104 3454 2245 3517 σθαι,
2276 3456 2308 3526 ἥ
2337 3458 2462 3518 τοὺς
2492 3456 2691 3528 ὕμνους
2723 3459 3086 3531 ἀναπέμπειν,
3128 3466 3468 3535 προφητικῆς
3501 3468 3668 3539 ἐπλη-

2106 3547 2259 3618 ροῦτο
2282 3548 2557 3618 δυνάμεως
2578 3567 2591 3579 ’
2616 3551 2836 3615 εἰκότως
2856 3553 3032 3606 οὐκέθ’
3053 3555 3128 3619 ῶς
3151 3555 3310 3624 ψιλὰς
3335 3560 3662 3629 προσευχὰς,

2098 3637 2286 3701 ἀλλ’ὡς
2315 3639 2502 3698 ἄλλους
2529 3641 2717 3707 λόγους
2745 3647 3110 3714 προφητικοὺς
3140 3647 3565 3718 ἐπεσημαίνοντο
3594 3651 3666 3705 τὰ

2098 3729 2362 3800 λεγόμενα
2379 3770 2391 3793 ,
2419 3732 2512 3784 καὶ
2540 3735 2660 3795 ταῖς
2686 3733 2853 3796 θείαις
2881 3734 3080 3803 βίϐλοις
3105 3737 3489 3806 ἐγκατέταττον
3518 3742 3567 3792 οἰ
3599 3741 3662 3794 τὸ

2098 3820 2341 3891 χάρισμα
2385 3822 2482 3891 τῆς
2511 3823 2830 3895 διακρίσεως
2866 3826 2972 3879 τῶν
3019 3830 3338 3897 πνευμάτων
3363 3828 3657 3901 εἰληφότες.

2099 3912 2282 3976 Οῦτως
2301 3909 2391 3966 οῦν
2414 3914 2507 3967 καί
2535 3915 2766 3969 ἐνταῦθα
2793 3917 2928 3987 μετὰ
2950 3918 3019 3972 τὰ
3039 3919 3419 3990 προλεχθέντα,
3441 3922 3665 3992 διαψάλ-

2102 4021 2270 4073 ματος
2314 4005 2516 4076 μεταξύ
2563 4009 3012 4078 παρεντεθέντος,
3082 4013 3380 4086 μεταϐολὴν
3429 4019 3662 4071 ποιεῖται

2097 4094 2193 4148 τοῦ
2213 4095 2368 4163 λόγου
2388 4099 2417 4150 ὁ
2438 4099 2745 4170 Προφήτης,
2766 4101 3079 4172 αἰσθόμενος
3101 4104 3198 4174 τῆς
3219 4106 3310 4158 τοῦ
3331 4107 3487 4176 ἁγίου
3504 4108 3666 4162 Πνεύ-

2100 4206 2267 4259 ματος
2299 4191 2532 4259 ἀφίξεως
2555 4231 2570 4256 ,
2628 4193 2916 4260 φωτισθείς
2941 4211 3000 4246 τε
3031 4196 3121 4249 ὐπ’
3154 4196 3315 4250 αὐτοῦ
3345 4199 3436 4252 καὶ
3482 4202 3661 4268 γνοὺς,

2094 4279 2175 4332 ὃτι
2201 4280 2267 4332 τὰ
2289 4282 2386 4352 τῆς
2409 4282 2797 4354 προλεχθείσ-ης
2824 4284 2971 4356 αὐτῷ
2995 4287 3227 4358 δεήσεως
3248 4290 3486 4359 ἐπηκόου
3509 4291 3662 4361 ἔτυχε

2095 4369 2188 4422 τοῦ
2217 4370 2371 4423 Θεοῦ.
2407 4372 2496 4424 Διὸ
2519 4372 2772 4443 ἀνωτέρω
2804 4373 2901 4443 μὲν
2934 4374 3223 4446 εὐχόμενος
3258 4377 3439 4446 ἔλεγε·
3484 4399 3502 4429 ι
3534 4379 3662 4432 Εἰσ-

425 4471 501 4523 cit
563 4488 577 4524 :
637 4488 656 4520 ι
702 4467 971 4535 Quoniam
1025 4477 1118 4533 tu,
1166 4469 1348 4534 Deus,
1394 4469 1662 4525 exaudisti
1717 4469 1993 4524 orationes

2100 4459 2344 4524 ἀκουσον,
2362 4463 2390 4513 6
2411 4460 2561 4524 Θεὸς,
2587 4461 2684 4531 τῆς
2712 4461 2947 4533 δεήσεώς
2982 4481 3101 4534 μου·
3131 4484 3147 4516 ι
3183 4466 3412 4519 ἐνταῦθα
3438 4469 3495 4521 δὲ
3527 4471 3666 4540 μετὰ

425 4577 574 4617 meas
594 4561 695 4614 “.i
717 4560 905 4616 Viden’
945 4577 1054 4632 quo
1083 4571 1240 4632 pacto
1271 4577 1331 4617 se
1373 4561 1685 4617 exauditum
1716 4576 1838 4615 esse
1867 4576 1993 4614 sen-

2100 4553 2154 4605 τὸ
2174 4553 2446 4625 διόιψαλμα
2470 4554 2688 4624 φάσκειο
2712 4574 2730 4604 ι
2745 4532 2862 4608 ’Ότι
2891 4532 3028 4620 σὺ,νό
3048 4558 3196 4624 Θεὸς,
3213 4532 3539 4630 εἰσήκουσας
3557 4562 3664 4614 τῶν

425 4655 628 4708 tiebat?
654 4653 719 4706 Et
751 4654 881 4707 illud
909 4661 1027 4708 erat
1056 4669 1152 4724 per
1206 4653 1400 4708 Isaiam
1461 4653 1781 4723 prophetam
1811 4649 1992 4720 dignis

425 4742 740 4796 hominibus
772 4744 1099 4810 promissum
1125 4757 1154 4794 a
1185 4741 1295 4797 Deo
1323 4762 1335 4796 :
1369 4761 1387 4793 ι
1415 4741 1609 4794 Adhuc
1640 4749 1692 4795 te
1735 4741 1991 4809 loquente

425 4832 603 4886 dicam
639 4851 652 4886 :
682 4831 817 4887 Ecce
840 4833 1030 4887 adsum
1065 4832 1130 4885 δ’.
1158 4853 1176 4884 ι
1211 4831 1344 4886 Nam
1376 4832 1552 4885 adhuc
1582 4831 1834 4900 loquente
1858 4828 1990 4883 Pro-

425 4923 607 4992 pheta,
644 4931 832 4978 astans
875 4924 1112 4993 Spiritus
1153 4924 1422 4979 indicebat
1452 4923 1553 4994 ipsi
1586 4922 1896 4977 cxauditum
1929 4937 1988 4977 se

424 5027 569 5069 esse.
606 5013 785 5078 Quare
833 5015 909 5068 ait
941 5033 952 5068 τ
988 5033 1006 5065 ι
1054 5014 1319 5080 Quoniam
1375 5043 1454 5079 ιι.,
1506 5029 1669 5078 deus,
1718 5012 1989 5067 exaudisti

423 5109 702 5162 orationes
758 5123 927 5162 meas.
972 5125 990 5158 ι
1047 5107 1357 5178 Eademque
1403 5108 1701 5162 secundum
1752 5105 1989 5175 reliquos

425 5199 756 5269 interpretes
799 5199 1065 5253 sententia
1120 5199 1430 5254 declaratur
1466 5217 1478 5254 :
1516 5213 1641 5253 nam
1689 5196 1989 5253 secundum

423 5288 676 5358 Aquilam
715 5286 917 5341 dicitur
980 5304 996 5342 :
1055 5305 1074 5338 ι
1122 5285 1388 5353 Quoniam
1440 5293 1520 5350 tu,
1580 5285 1746 5349 Deus,
1789 5284 1989 5339 audisti

421 5381 702 5435 orationes
751 5394 932 5444 meas;
972 5397 990 5430 ι
1025 5379 1325 5434 secundum
1365 5395 1494 5435 vero
1545 5378 1932 5451 Symmachum
1970 5398 1982 5432 :

425 5485 444 5518 ι
483 5466 565 5522 Tu
594 5467 761 5530 enim,
792 5465 957 5529 Deus,
983 5467 1251 5538 exaudisti
1283 5483 1472 5537 preces
1495 5484 1664 5524 meas.
1707 5487 1726 5520 ι
1778 5466 1979 5536 Adjicit

420 5560 659 5615 deinde:
699 5579 725 5618 ι.
757 5557 957 5614 Dedisti
1008 5559 1372 5615 hmrcditatem
1412 5561 1728 5616 timentibus
1777 5574 1975 5616 nomen

2097 4646 2270 4716 εὐχῶν
2308 4663 2426 4716 μου.
2455 4665 2473 4697 ι
2557 4647 2718 4718 Ὁρᾷς
2749 4647 2894 4710 ὅπως
2926 4647 3218 4719 συνῄσθετο
3251 4651 3662 4715 εἰσακουσθείςς

2096 4737 2189 4788 καὶ
2216 4735 2358 4788 τοῦτ’
2383 4732 2451 4808 ἦν
2479 4737 2539 4789 τὸ
2559 4735 2646 4788 διὰ
2675 4735 2767 4788 τοῦ
2797 4739 3074 4808 προφήτου
3114 4738 3331 4792 Ἡσαΐου
3360 4743 3470 4804 τοῖς
3494 4741 3665 4807 ἀξίοις

2095 4828 2499 4899 ἐπηγγελμένον
2531 4828 2634 4880 ὑπὸ
2658 4826 2750 4880 τοῦ
2779 4827 3024 4896 λέγοντος
3046 4830 3178 4883 Θεοῦ
3199 4848 3212 4860 ν
3254 4849 3272 4882 ι
3300 4833 3419 4884 Ἔτι
3444 4832 3666 4886 λαλοῦν.

2083 4919 2173 4982 τός
2206 4936 2297 4972 σου
2343 4919 2470 4990 ἐρῶ·
2516 4919 2645 4973 Ἰδοὺ
2674 4920 2921 4991 πάρειμι’
2957 4941 2974 4972 ι
3029 4922 3106 4974 ἔτι
3136 4923 3242 4994 γὰρ
3290 4923 3661 4995 φθεγγομένου

2083 5009 2175 5063 τοῦ
2225 5011 2509 5081 Προφήτου
2531 5054 2546 5077 ,
2586 5013 2647 5065 τὸ
2678 5013 2900 5083 Πνεῦμα
2930 5015 3153 5067 ἐπιστὰν
3180 5015 3240 5068 τὸ
3281 5016 3433 5083 ἆγιον
3471 5017 3660 5084 ἐδήλου

2083 5101 2252 5172 αὐτῷ,
2281 5102 2355 5164 ὡς
2376 5103 2482 5174 ἄρα
2509 5103 2880 5167 εἰσακουσθεὶς
2907 5105 3011 5174 εἴη.
3037 5105 3126 5157 Διό
3159 5123 3322 5175 φησιν
3341 5123 3354 5136 ·
3387 5107 3537 5158 «Ὅτι
3569 5108 3658 5172 σύ,

2085 5195 2113 5246 ὁ
2138 5193 2288 5258 Θεὸς,
2316 5196 2644 5266 εἰσήκουσας
2670 5194 2777 5247 τῶν
2802 5195 2976 5266 εὐχῶν
3007 5214 3128 5267 μου.
3156 5215 3174 5248 ι
3225 5197 3337 5251 Καὶ
3365 5197 3506 5252 κατὰ
3532 5200 3662 5261 τοὺς

2091 5283 2308 5348 λοιποὺς
2335 5285 2392 5338 δέ
2436 5283 2828 5356 ἐρμηνευτὰςή
2866 5285 3004 5358 αὐτὴ
3058 5285 3385 5358 παρίσταται
3410 5286 3654 5342 διάνοια,-

2091 5375 2212 5429 ἐπεὶ
2241 5376 2380 5429 κατὰ
2426 5376 2515 5430 τὸν
2575 5376 2802 5430 Ἀκύλαν
2833 5376 3044 5448 εἴρηται
3065 5395 3077 5408 ·
3116 5397 3136 5428 ι
3166 5379 3283 5432 Ὅτι
3305 5381 3384 5440 ,σύ
3405 5418 3420 5442 ,
3459 5371 3502 5430 ὦ
3528 5377 3653 5440 Θεέ,

2088 5467 2321 5537 ἤκουσας
2345 5468 2451 5520 τῶν
2469 5467 2641 5538 εὐχῶν
2669 5487 2767 5539 μου
2783 5486 2795 5498 ·
2827 5489 2844 5520 ι
2869 5468 3010 5522 κατὰ
3023 5469 3079 5522 δὲ
3095 5470 3185 5523 τὸν
3202 5469 3511 5540 Σύμμαχον·
3537 5487 3555 5519 ι
3578 5467 3656 5520 Σὺ

2085 5558 2212 5630 γὰρ,
2239 5562 2268 5612 ὁ
2298 5560 2448 5624 Θεὸς,
2479 5562 2804 5631 εἰσήκουσας
2831 5560 2938 5615 τῶν
2968 5561 3281 5631 προσευχῶν
3330 5579 3450 5632 μου.
3480 5579 3497 5612 ι
3546 5554 3666 5613 Εἶτ’

493 5738 538 5771 ⁸³
577 5738 722 5798 Psal.
757 5757 884 5805 xxv,
917 5740 970 5797 8.
1046 5741 1092 5773 "
1130 5738 1274 5796 Psal.
1313 5755 1466 5803 XXVI,
1501 5737 1555 5797 4.
1634 5742 1678 5773 ⁵⁸
1717 5741 1865 5799 Psal.
1900 5759 1997 5804 ιχ,

2161 5739 2204 5772 ⁸⁵
2245 5738 2348 5795 lsa.
2388 5755 2544 5805 Lvm,
2581 5739 2632 5793 9.
