4062 6208
499 346 611 404 585

1214 343 1480 401 EUSEIM
1519 341 2007 400 CA'JSARIENSIS
2039 338 2189 395 ΟΡΡ.
2223 340 2403 399 PARS
2429 343 2522 399 Ill.
2547 339 3045 400 ——EXEGETICA.

3657 347 3768 404 586

500 467 838 539 eupiscentia
866 465 1009 538 ejus,
1038 481 1161 538 qum
1190 467 1383 537 petitio
1410 463 1682 521 labiorum
1711 465 1832 536 ejus
1855 463 1947 529 sit,
1981 461 2084 520 sub

2187 463 2490 536 ἐστέρησας
2516 465 2696 519 αὐτόν.
2740 485 2759 518 ι
2799 465 2894 530 Τίς
2926 465 2982 518 δὲ
3009 460 3076 536 ἦν
3103 467 3136 538 ἡ
3164 464 3430 537 ἐπιθυμία
3465 466 3652 532 αὐτοῦ,
3670 470 3770 522 καὶ

502 561 617 616 haec
650 559 808 615 docet
835 559 921 615 his
958 559 1183 614 verbis:
1222 577 1241 609 ι
1292 556 1471 613 Vitam
1511 557 1667 629 petiit
1704 571 1736 612 a
1783 564 1861 622 te,
1893 565 1948 612 et
1976 555 2082 611 tri-

499 650 669 709 buisti
727 649 777 706 ei
826 649 1222 722 longitudinem
1270 649 1482 705 dierum
1534 651 1590 704 in
1627 649 1892 706 saeculum
1940 655 1995 704 et
2027 649 2082 703 in

501 743 765 800 saeculum
801 744 1010 799 saeculi.
1043 763 1062 795 ι
1100 739 1158 796 In
1187 742 1442 814 prasenti
1488 741 1657 813 igitur
1697 741 1889 797 eodem
1920 740 2084 795 modo

499 845 758 910 precatus
789 834 961 891 David
989 843 1095 898 est.
1125 842 1179 890 et
1223 850 1414 906 preces
1442 834 1564 905 ejus
1601 833 1870 890 exauditae
1910 841 2037 888 sunt
2064 852 2078 888 :

498 929 793 984 exauditus
820 928 963 983 hanc
991 935 1327 983 consecutus
1361 934 1445 983 est
1480 925 1936 998 promissionem,
1975 939 2084 996 qua

500 1025 743 1081 dicitur:
787 1043 806 1077 ι
861 1023 988 1080 Dies
1036 1039 1203 1094 super
1254 1023 1373 1078 dies
1425 1023 1569 1093 regis
1616 1020 1868 1092 adjicies,
1909 1035 2084 1074 annos

504 1121 626 1191 ejus
659 1134 833 1190 usque
865 1118 921 1173 in
957 1117 1104 1174 diem
1131 1117 1499 1188 generationis
1523 1125 1572 1171 et
1594 1115 1968 1186 generationis
1995 1131 2010 1174 ;
2059 1133 2078 1166 ι

507 1215 644 1277 sive,
681 1211 987 1269 secundum
1020 1210 1434 1283 Symmachum,
1473 1227 1492 1261 ‹
1539 1209 1656 1263 dies
1703 1207 1900 1263 diebus
1938 1207 2083 1278 regis

501 1306 752 1378 adjicies,
786 1320 962 1361 annos
1010 1304 1132 1374 ejus
1172 1303 1227 1358 in
1278 1312 1544 1373 quantum
1575 1300 1856 1372 generatio
1899 1305 1956 1354 et
1991 1315 2085 1370 ge-

500 1397 759 1454 neratio:
809 1395 1082 1452 habitabit
1116 1395 1174 1450 in
1211 1403 1478 1450 attentum
1513 1393 1568 1446 in
1600 1399 1902 1462 conspectu
1935 1388 2030 1445 Dei
2067 1409 2080 1445 :

499 1487 884 1543 misericordia
906 1497 962 1542 et
986 1487 1188 1542 veritas
1221 1483 1649 1541 circummuniet
1680 1484 1918 1554 ipsum.»
1950 1480 2083 1536 Haec

505 1581 691 1632 omnia
743 1577 1081 1649 adipiscetur
1117 1578 1210 1648 qui
1246 1577 1430 1632 dicere
1476 1574 1655 1644 potuit
1688 1593 1701 1628 :
1745 1591 1763 1624 ι
1808 1573 1853 1628 Α
1884 1573 2085 1630 ﬁnibus

508 1669 754 1726 temead
781 1677 835 1726 te
868 1670 1123 1735 clamavi,
1166 1669 1296 1724 dum
1343 1668 1662 1722 anxiaretur
1699 1680 1798 1720 cor
1843 1679 2079 1721 meum.»

508 1761 977 1832 Namhujusmodi
1000 1760 1277 1833 profectus
1304 1761 1637 1831 condignum
1667 1758 1904 1814 fructum
1941 1759 2088 1813 acci-

2187 555 2272 619 τίς
2293 554 2327 626 ἡ
2352 555 2566 625 αἴτησις
2590 557 2700 610 τῶν
2734 557 2958 628 χειλέων
3004 557 3167 611 αὐτοῦ
3189 598 3204 622 ,
3241 558 3482 612 διδάσκει
3509 559 3637 631 ἑξῆς
3676 560 3769 614 λέ-

2188 664 2331 718 γων·
2373 667 2392 700 ι
2429 650 2582 721 Ζωὴν
2610 650 2849 722 ᾐτήσατὸ
2885 667 2965 714 σε,
3001 651 3096 704 καὶ
3133 651 3342 714 ἔδωκας
3374 650 3525 722 αὐτῷ
3554 653 3768 724 μακρό-

2187 757 2328 813 τητα
2355 740 2577 813 ἡμερῶν
2610 742 2690 806 εἰς
2725 740 2897 796 αἰῶνα
2923 742 3017 796 καὶ
3043 742 3123 806 εἰς
3156 740 3329 794 αἰῶνα
3361 741 3455 795 τοῦ
3486 742 3703 807 αἰῶνος.
3743 765 3764 796 ι

2189 833 2298 887 Καί⁵
2317 834 2411 887 ἐπὶ
2437 831 2532 886 τοῦ
2567 833 2830 905 παρόντος
2875 833 3053 888 τοίνυν
3099 833 3498 904 παραπλησίως
3538 835 3771 900 ἐκείνοις

2187 925 2389 998 ηὕξατο
2412 925 2597 989 Δαυῒδ,
2641 925 2734 979 καὶ
2759 926 3054 996 εὐξάμενος
3101 924 3428 998 εἰσηκούσθη
3449 942 3463 955 ·
3512 928 3767 980 εἰσακου-

2192 1019 2338 1083 σθείς
2361 1036 2420 1072 τε
2444 1018 2650 1091 ταύτης
2673 1019 2827 1089 ἔτυχε
2854 1021 2951 1091 τῆς
2972 1018 3322 1088 ἐπαγγελίας,
3347 1018 3415 1072 δι’
3439 1013 3507 1092 ἧς
3527 1018 3763 1092 εἴρηται·

2197 1130 2214 1162 ι
2260 1111 2505 1184 Ἡμέρας
2529 1111 2614 1180 ἐφ’
2645 1110 2861 1184 ἡμέρας
2886 1110 3150 1181 βασιλέως
3183 1110 3540 1183 προσθήσεις·
3575 1111 3645 1167 τὰ
3670 1113 3766 1185 ετη

2189 1201 2354 1255 αὐτοῦ
2378 1202 2483 1266 ἓως
2506 1202 2718 1274 ἡμέρας
2742 1202 2934 1270 γενεᾶς
2967 1202 3061 1256 καὶ
3088 1203 3307 1270 γενεᾶς·
3344 1222 3364 1256 ι
3399 1203 3458 1273 ἢ,
3492 1205 3633 1258 κατά
3674 1205 3770 1258 τὸν

2189 1294 2518 1366 Σύμμαχονο
2573 1313 2591 1345 ι
2644 1293 2885 1365 Ἡμέρας
2931 1296 3050 1358 ταῖς
3085 1294 3317 1366 ἡμέραις
3358 1295 3452 1348 τοῦ
3497 1295 3772 1366 βασιλέως

2191 1386 2540 1459 προσθήσεις,
2573 1385 2669 1457 ἔτη
2701 1385 2887 1449 αὐτοῦ,
2937 1387 3023 1456 ἐφ’
3065 1386 3188 1440 ὅσον
3237 1386 3399 1456 γενεά
3425 1388 3515 1440 καὶ
3560 1389 3765 1458 γενεά·

2190 1476 2399 1548 οἰκήσει
2425 1476 2660 1539 αἰωνίως
2681 1474 2989 1547 ἔμπροσθεν
3019 1474 3114 1529 τοῦ
3145 1476 3279 1530 Θεοῦ
3305 1493 3318 1506 ·
3350 1477 3493 1542 ἔλεος
3518 1480 3610 1534 καὶ
3628 1479 3772 1553 ἀλή-

2191 1567 2311 1621 θεια
2340 1566 2664 1637 περιφράξει
2688 1566 2870 1619 αὐτόν.
2917 1584 2935 1618 1
2974 1564 3190 1620 Τούτων
3223 1567 3280 1620 δὲ
3326 1567 3542 1622 πάντων
3577 1569 3773 1635 τεύξε-

2189 1677 2280 1713 ται
2313 1660 2342 1712 6
2368 1657 2616 1728 δυνηθεὶς
2642 1659 2845 1711 εἰπεῖν’
2876 1676 2895 1709 ι
2937 1657 3069 1710 Ἀπὸ
3091 1656 3198 1712 τῶν
3229 1658 3518 1731 πτερύγων
3538 1661 3636 1732 τῆς
3664 1663 3770 1735 γῆς

2193 1751 2331 1822 πρὸς
2345 1750 2406 1804 σὲ
2425 1750 2703 1821 ἐκέκραξα
2729 1752 2785 1802 ὲν
2813 1748 2890 1820 τῷ
2904 1749 3196 1821 ἀκηδιᾶσαι
3215 1749 3311 1823 τὴν
3340 1751 3570 1823 καρδίαν
3604 1771 3727 1825 μου.
3742 1775 3761 1806 ι

511 1859 644 1930 piel,
663 1858 827 1913 vitam
841 1865 1122 1912 teternam.
1141 1854 1278 1910 Cum
1300 1853 1503 1908 dicitur
1518 1861 1722 1914 autem,
1749 1871 1767 1904 ‹
1792 1851 1936 1907 Anni
1964 1851 2084 1922 ejus

2192 1845 2303 1916 Τῆς
2335 1843 2446 1915 γὰρ
2465 1841 2721 1913 τοιαύτης
2750 1842 3032 1913 προκοπῆς
3052 1843 3261 1930 καρπὸν
3299 1843 3520 1911 ἐπάξιον
3540 1847 3769 1919 λήψεται

508 1967 686 2024 usque
712 1950 766 2005 in
797 1948 942 2004 diem
971 1947 1341 2020 generationis
1363 1954 1418 2002 et
1449 1945 1886 2018 generationisn
1915 1945 2088 2017 signi-

507 2043 706 2099 ﬁcatur
753 2039 1012 2096 Davidem
1053 2056 1162 2094 non
1196 2039 1370 2095 solum
1400 2046 1648 2109 tempore
1674 2039 1796 2093 vita:
1825 2053 1938 2093 suae
1969 2053 2084 2093 me-

507 2134 832 2190 morandum
863 2148 1008 2196 esse,
1038 2132 1131 2188 sed
1150 2147 1245 2202 per
1263 2131 1509 2202 singulas
1533 2131 1914 2201 generationes
1933 2147 1951 2197 ;
1970 2131 2087 2186 sive

507 2229 760 2299 perduas
784 2225 1194 2298 generationes,
1236 2223 1393 2295 queis
1432 2223 1813 2278 subindicatur
1849 2222 2084 2293 populus

507 2334 577 2374 ex
607 2316 1054 2381 circumcisione,
1080 2323 1136 2370 et
1167 2314 1415 2370 Ecclesia
1443 2329 1511 2368 ex
1553 2313 1830 2384 gentibus.
1867 2311 2088 2378 Quanto

511 2407 680 2478 igitur
711 2416 958 2476 tempore
991 2405 1167 2475 prima
1220 2405 1313 2459 illa
1366 2405 1644 2474 generatio
1692 2403 1910 2459 divinas
1957 2403 2086 2474 legit

510 2502 846 2573 Scripturas,
881 2498 1139 2554 Davidem
1173 2498 1230 2553 in
1263 2497 1527 2553 memoria
1565 2497 1804 2564 retinet;
1842 2496 2086 2552 secunda

506 2611 637 2650 vero
684 2593 983 2666 generatio,
1027 2607 1150 2663 qua:
1196 2591 1373 2647 electa
1412 2605 1482 2646 ex
1526 2589 1784 2646 omnibus
1831 2589 2087 2660 gentibus

511 2695 619 2753 est,
651 2687 904 2742 similiter
928 2700 1208 2756 nunquam
1242 2683 1404 2740 ﬁnem
1435 2684 1567 2738 facit
1588 2682 1846 2738 Davidem
1880 2698 2087 2739 memo-

510 2781 688 2844 randi,
721 2780 850 2852 quia
885 2780 1006 2851 ejus
1048 2781 1102 2834 in
1139 2796 1237 2836 ore
1265 2787 1519 2836 versatur
1548 2782 1688 2840 liber
1715 2785 2086 2855 generationis

505 2874 640 2932 Jesu
668 2875 876 2931 Christi
916 2875 1009 2928 lilii
1044 2873 1242 2928 David.
1265 2873 1322 2929 Id
1361 2874 1548 2946 itaque
1590 2876 1970 2933 subindicatur
2000 2877 2086 2934 his

508 2968 717 3032 verbis,
755 2985 774 3019 ι
819 2966 963 3023 Anni
995 2967 1115 3038 ejus
1146 2983 1320 3038 usque
1349 2967 1404 3022 in
1435 2969 1578 3024 diem
1625 2969 1997 3040 generationis
2031 2981 2087 3026 et

511 3058 906 3130 generationis.
961 3077 980 3111 ι
1041 3057 1108 3113 Et
1159 3058 1303 3114 hanc
1349 3059 1570 3130 quidem
1616 3075 1786 3130 penes
1836 3060 2086 3119 homines

2189 1935 2290 2006 τὴν
2319 1933 2534 1990 αἰώνιον
2552 1935 2715 2005 ζωήν.
2746 1934 2976 1988 Φάσκων
3002 1934 3059 1988 δὲ
3080 1935 3108 1988 6
3131 1927 3304 2005 λόγος,
3328 1955 3348 1987 ‹
3371 1934 3456 1990 Τά
3481 1937 3574 2008 ἐτη
3602 1937 3766 1991 αὐτοῦ

2190 2027 2294 2090 ἕως
2351 2024 2566 2098 ἡμέρας
2611 2026 2804 2094 γενεᾶς
2835 2025 2928 2079 καὶ
2950 2027 3163 2095 γενεᾶς,
3204 2045 3223 2079 ι
3258 2027 3532 2098 σημαίνει,
3557 2028 3631 2093 ὡς
3659 2029 3769 2102 ἄρα

2192 2117 2340 2172 ἔσται
2371 2120 2401 2171 6
2429 2116 2592 2171 Δαυῖδ
2609 2117 3078 2189 μνημονευόμενος
3099 2118 3159 2171 οὐ
3193 2117 3312 2171 καθ’
3345 2119 3406 2173 ὃν
3439 2119 3596 2191 μόνον
3622 2121 3768 2176 ἐσίου

2192 2209 2404 2283 χρόνον,
2435 2207 2572 2262 ἀλλά
2612 2209 2708 2262 καὶ
2734 2209 2853 2262 καθ’
2879 2209 3120 2282 ἑκάστην
3147 2209 3340 2279 γενεὰν
3360 2251 3374 2275 ,
3404 2211 3437 2282 ἢ
3491 2211 3632 2266 κατά
3673 2213 3770 2266 δύο

2192 2301 2342 2366 τινάς
2368 2301 2590 2372 γενεὰς,
2625 2301 2994 2373 αἰνιττομένου
3028 2301 3120 2355 τοῦ
3161 2302 3318 2372 λόγου
3363 2303 3452 2357 τόν
3480 2320 3541 2357 τε
3573 2305 3639 2358 ὲκ
3670 2322 3770 2358 πε-

2197 2394 2426 2466 ριτομῆς
2475 2393 2603 2450 λαὸν
2635 2394 2730 2449 καὶ
2761 2393 2860 2467 τὴν
2901 2394 2961 2460 ὲξ
3017 2394 3185 2448 έθνῶν
3246 2396 3592 2467 Ἐκκλησίαν.
3651 2398 3769 2467 Ἐφ’

2193 2489 2316 2542 ὅσον
2346 2485 2478 2556 γοῦν
2505 2486 2694 2558 χρόνον
2721 2487 2754 2557 ή
2783 2485 2999 2557 γενεάή
3026 2485 3216 2559 πρώτη
3245 2489 3357 2550 τοῖς
3391 2487 3552 2552 θείοις
3574 2489 3769 2556 ἐντυγο

2194 2580 2345 2652 χάνει
2368 2578 2679 2652 γράμμασι,
2709 2579 2863 2650 φέρει
2895 2578 2984 2633 διὰ
3018 2580 3236 2651 μνήμης
3258 2579 3350 2634 τὸν
3373 2581 3534 2634 Δαυῖδ
3557 2598 3570 2612 ·
3600 2583 3694 2635 καὶ
3731 2585 3766 2654 ἡ

2192 2669 2418 2741 δευτέρα
2467 2669 2524 2723 δὲ
2555 2669 2718 2739 γενεά
2756 2670 2788 2741 ή
2828 2670 2925 2741 τῆς
2965 2667 3026 2735 ἐξ
3055 2669 3311 2726 ἀπάντων
3338 2671 3507 2725 ἐθνῶν
3537 2673 3770 2746 ἐκλογῆς

2193 2762 2454 2826 ὡσαύτως
2484 2761 2578 2816 τοῦ
2619 2760 2782 2816 Δαυῒδ
2813 2760 3006 2816 οὕποτε
3034 2761 3295 2816 διαλείπει
3331 2765 3767 2836 μνημονεύουσα,

2192 2851 2281 2906 διὰ
2325 2852 2386 2905 τὸ
2417 2852 2602 2925 φέρειν
2655 2852 2760 2906 άνά
2792 2851 2968 2923 στόμα
3005 2853 3102 2924 τὴν
3147 2852 3326 2923 βίϐλον
3356 2855 3454 2926 τῆς
3498 2857 3771 2925 γενέσεως

2207 2945 2379 3018 Ἰησοῦ
2418 2946 2652 3019 Χριστοῦ
2703 2945 2797 2999 τοῦ
2848 2945 2964 3000 υἰοῦ
2996 2947 3174 3000 Δαυῖδ.
3212 2947 3380 3001 Τοῦτο
3411 2945 3504 3003 οὗν
3547 2950 3769 3021 ᾐνίξατο

2193 3045 2370 3116 φήσας
2392 3043 2422 3095 6
2450 3040 2636 3111 λόγος’
2660 3060 2680 3094 ι
2699 3041 2780 3095 Τά
2801 3041 2894 3113 ἔτη
2916 3041 3080 3095 αὑτοῦ
3102 3041 3208 3106 ἕως
3228 3041 3439 3115 ἡμέρας
3453 3047 3646 3113 γενεᾶς
3671 3048 3769 3101 καὶ

508 3152 928 3208 diuturnitatem
953 3151 1241 3207 obtinebit.
1267 3150 1424 3221 Apud
1456 3150 1624 3206 Deum
1653 3160 1856 3218 autem,
1884 3152 2081 3223 inquit,

2190 3137 2403 3204 γενεᾶς.
2431 3153 2450 3187 1
2486 3136 2593 3190 Καὶ
2620 3136 2677 3189 ὲν
2707 3135 2804 3206 μὲν
2841 3133 3147 3207 ἀνθρώποις
3162 3135 3365 3207 ταύτης
3391 3136 3638 3202 τεύξεται
3665 3141 3767 3210 τῆς

512 3259 791 3316 nunquam
829 3244 1071 3314 peribit;
1107 3243 1204 3301 sed
1250 3243 1622 3300 immortalem
1671 3251 1836 3316 atque
1867 3244 1924 3299 in
1963 3245 2088 3301 inli-

511 3335 688 3389 nitum
736 3333 1028 3389 durantem
1077 3343 1274 3389 nactus
1316 3334 1507 3398 vitam,
1567 3352 1586 3386 ι
1627 3335 1974 3405 permanebit
2028 3337 2085 3392 in

505 3437 772 3482 aeternum
813 3425 870 3482 in
901 3433 1203 3496 conspectu
1245 3423 1363 3480 Dei.
1403 3443 1422 3476 ι
1457 3423 1741 3492 Quomodo
1769 3435 1951 3482 autem
1980 3425 2087 3481 du-

510 3537 634 3576 rare
665 3519 842 3591 possit
870 3526 924 3575 et
974 3517 1072 3574 Dei
1123 3518 1246 3573 vita:
1289 3517 1561 3587 coaequari
1615 3517 1901 3571 hominum
1955 3515 2086 3584 vita,

509 3610 614 3666 sub
646 3611 761 3666 haec
789 3609 949 3666 docet
973 3609 1060 3665 his
1087 3608 1271 3666 verbis
1301 3627 1314 3664 :
1349 3627 1369 3660 ι
1402 3606 1832 3664 Misericordiam
1863 3617 1919 3665 et
1943 3609 2088 3664 veri-

509 3712 679 3759 tatem
707 3703 828 3772 ejus
844 3704 971 3774 quis
1003 3701 1293 3774 requiret?
1318 3721 1336 3754 »
1370 3699 1527 3768 Quod
1550 3701 1795 3772 apertius
1817 3701 2087 3770 interpre-

511 3803 661 3850 tatus
710 3793 1073 3864 Symmachus
1133 3800 1218 3849 est
1264 3793 1495 3848 dicens:
1543 3810 1562 3844 ι
1612 3791 1983 3848 Misericordia
2031 3802 2086 3848 et

510 3887 716 3942 veritas
769 3882 1195 3942 circummuniet
1231 3885 1453 3956 ipsum;
1494 3904 1512 3936 ι
1573 3886 1825 3942 similiter
1863 3886 2082 3958 Aquila,

517 3998 538 4031 ι
579 3976 952 4034 Misericordia
997 3985 1052 4032 et
1103 3979 1306 4034 veritas
1355 3978 1654 4035 servabunt
1683 3993 1829 4034 eum.
1888 3997 1906 4032 ι
1959 3977 2084 4034 Haec

511 4071 648 4142 ipsis
680 4069 1112 4126 immortalitatis
1140 4083 1329 4136 causa,
1357 4085 1554 4139 nempe
1581 4068 1674 4126 Dei
1712 4069 2083 4124 misericordia

511 4171 568 4220 et
593 4162 796 4218 veritas
821 4180 835 4216 :
864 4175 1100 4231 quarum
1122 4176 1352 4218 consors
1381 4161 1671 4233 religiosus
1691 4161 1872 4232 quivis
1899 4161 2081 4224 homo,

509 4252 672 4324 quasi
723 4252 837 4307 sale
863 4249 1140 4317 conditus,
1173 4251 1230 4306 in
1261 4257 1522 4308 aeternam
1556 4252 1722 4306 vitam
1754 4251 2082 4308 servabitur.

509 4347 697 4418 Neque
728 4347 876 4402 enim
903 4345 1049 4416 quod
1091 4345 1286 4402 similis
1332 4344 1443 4402 Deo
1475 4345 1777 4400 secundum
1829 4345 2086 4401 substan-

512 4441 642 4495 tiam
667 4439 760 4506 sit,
795 4438 916 4494 ideo
947 4438 1199 4494 similiter
1230 4437 1376 4493 vivet
1406 4455 1422 4504 ;
1463 4438 1560 4493 sed
1609 4440 1737 4509 quia
1793 4453 1826 4493 a
1868 4438 2087 4496 miseri:-

510 4531 698 4587 L‘ordia
734 4529 824 4585 Dei
857 4537 912 4584 et
939 4543 970 4582 a
1007 4529 1236 4585 veritate
1267 4529 1388 4600 ejus
1421 4540 1797 4585 conservatur.

585 4706 750 4762 Vens.
792 4707 846 4764 9.
881 4725 900 4758 ‹
946 4706 1039 4763 Sic
1090 4707 1360 4780 psalmum
1418 4707 1598 4764 dicam
1628 4709 1835 4764 nomini
1887 4717 1981 4764 tuo
2025 4709 2082 4765 in

513 4800 773 4855 saeculum
824 4800 1030 4868 saeculi,
1068 4809 1124 4854 ut
1157 4800 1379 4855 reddam
1435 4809 1560 4854 vota
1606 4815 1725 4856 mea
1775 4801 1842 4856 de
1886 4801 1975 4856 die
2028 4801 2084 4855 in

510 4893 676 4948 diem.
719 4911 736 4944 ι
769 4891 892 4948 Haec
920 4909 1046 4948 cum
1080 4892 1317 4964 Spiritus
1360 4901 1586 4949 sanctus
1635 4892 1856 4950 Davidis
1892 4895 2084 4949 animae

515 4985 862 5056 inspirasset,
896 4987 1053 5058 quasi
1085 5002 1115 5040 a
1145 4985 1410 5056 magistro
1443 4986 1524 5041 sic
1553 4985 1804 5048 edoctus,
1832 4984 1938 5040 ﬁde
1966 5000 2084 5041 ser-

516 5092 732 5133 monem
782 5078 1033 5150 obsignat
1077 5079 1191 5134 haec
1224 5077 1569 5133 vociferans:
1613 5094 1632 5128 ‹
1691 5075 1783 5132 Sic
1811 5076 2080 5147 psalmum

513 5169 690 5222 dicam
743 5170 949 5223 nomini
981 5177 1076 5224 tuo
1111 5169 1167 5224 in
1201 5171 1459 5225 saeculum
1494 5169 1700 5226 saaculi.
1744 5191 1764 5224 ι
1794 5157 1905 5227 Nec
1951 5170 2086 5227 sim-

515 5261 729 5334 pliciter
755 5263 853 5326 ait,
887 5281 906 5314 ι
951 5261 1186 5318 Psallam
1214 5264 1421 5319 nomini
1467 5272 1562 5318 tuo
1593 5264 1649 5318 in
1700 5265 1956 5320 seculum
1991 5279 2084 5319 saa-

514 5337 648 5412 culi,
678 5367 696 5400 ι
731 5349 829 5404 sed
860 5349 1042 5404 addita
1076 5365 1230 5415 voce,
1263 5369 1283 5402 ‹
1323 5349 1432 5407 Sic.
1470 5372 1488 5405 ι
1516 5351 1608 5407 Sic
1637 5355 1949 5423 quomodo?
1977 5353 2084 5409 nisi

518 5451 579 5497 ut
627 5441 866 5513 Spiritus
921 5455 1146 5502 sanctus
1204 5446 1391 5501 docuit
1440 5450 1693 5518 superius
1741 5449 1827 5506 his
1879 5449 2081 5514 verbis,

525 5554 546 5584 ο
584 5536 952 5593 Misericordia
998 5546 1053 5594 et
1099 5539 1301 5593 veritas
1339 5540 1762 5598 circummuniet
1809 5544 2008 5612 ipsum.
2058 5561 2077 5595 ι

527 5627 619 5681 Sic
650 5631 796 5683 enim
825 5629 1199 5686 misericordia
1238 5636 1330 5685 tua
1363 5637 1418 5686 et
1445 5633 1674 5688 veritate
1719 5642 1812 5688 tua
1847 5634 2084 5688 circum—

529 5721 770 5778 munitus
801 5729 855 5778 et
885 5731 1156 5787 servatus,
1201 5721 1432 5792 psallam
1467 5726 1674 5780 nomini
1693 5733 1800 5782 tuo
1827 5726 1883 5782 in
1911 5740 2086 5784 saecu-

530 5809 642 5863 lum
668 5809 874 5865 saeculi.
904 5807 1131 5866 Conﬁdo
1164 5811 1311 5866 enim
1342 5810 1720 5869 misericordia
1749 5819 1804 5867 et
1854 5811 2084 5867 veritate

2193 3229 2532 3301 μακρότητος
2551 3246 2565 3260 ο
2597 3229 2746 3300 παρά
2772 3229 2828 3282 δὲ
2854 3227 3003 3300 αύτῷ
3041 3227 3118 3300 τῷ
3145 3228 3265 3299 Θεῷ
3299 3228 3492 3282 οὕποτε
3513 3269 3527 3293 ,
3576 3233 3763 3301 φησὶν,

2188 3322 2466 3377 ἀπολεῖται
2486 3337 2501 3352 ο
2525 3322 2792 3377 ἀθανάτου
2821 3322 2878 3376 δὲ
2913 3322 3007 3375 καὶ
3040 3323 3122 3385 εἰς
3153 3321 3381 3392 ἄπειρον
3433 3322 3766 3397 διαρκούσης

2190 3415 2336 3486 ζωῆς
2373 3415 2583 3486 τυχὼν,
2625 3433 2644 3467 ι
2681 3414 2929 3486 διαμενεῖ
2972 3415 3052 3478 εἰς
3083 3413 3175 3468 τὸν
3211 3413 3384 3468 αἰῶνα
3411 3414 3639 3470 ἐνώπιον
3666 3418 3766 3470 τοῦ

2186 3507 2343 3561 Θεοῦ.
2387 3526 2405 3559 ι
2445 3507 2570 3571 Πῶς
2599 3506 2656 3559 δὲ
2676 3506 2918 3578 διαρκεῖν
2945 3507 3039 3560 καὶ
3077 3509 3141 3580 τῇ
3179 3507 3272 3561 τοῦ
3303 3506 3439 3561 Θεοῦ
3483 3506 3593 3580 ζωῇ
3627 3526 3770 3579 συμ-

2188 3599 2638 3672 παρεκτείνεσθαι
2671 3596 2956 3671 ἀνθρώπου
2983 3598 3143 3669 φύσις
3168 3599 3255 3653 οἶα
3280 3617 3338 3653 τε
3366 3599 3432 3654 ἂν
3461 3600 3542 3671 εἴη
3563 3640 3578 3662 ,
3612 3599 3766 3654 διδά-

2190 3707 2310 3745 σκει
2335 3690 2461 3762 ἑξῆς
2493 3689 2748 3760 φάσκων
2786 3710 2804 3741 ι
2849 3690 3034 3754 Ἔλεος
3068 3690 3159 3744 καὶ
3190 3691 3441 3762 ἀλήθειαν
3463 3690 3542 3753 τίς
3581 3689 3759 3760 ἐκζη-

2185 3783 2339 3855 τήσει
2367 3780 2566 3846 αύτοῦ;
2594 3801 2612 3832 ι
2641 3783 2816 3853 Ὅπερ
2844 3782 3174 3854 σαφέστερον
3200 3783 3578 3854 ἡρμήνευσενδ
3604 3781 3763 3854 Σύμ-

2189 3893 2361 3953 μαχος
2416 3877 2615 3929 εἰπών’
2683 3893 2702 3926 ε
2761 3875 2950 3938 Ἔλεος
3009 3876 3104 3929 καὶ
3155 3875 3379 3947 ἀλήθεια
3432 3873 3763 3946 περιφρὰξει

2186 3968 2347 4022 αὐτόν
2374 3983 2386 3996 ⁸
2429 3987 2447 4020 1
2485 3968 2579 4022 καὶ
2607 3969 2636 4021 6
2671 3966 2902 4031 Ἀκύλας
2940 3968 3174 4038 ὁμοίως,
3211 3986 3230 4020 ι
3275 3968 3463 4032 Ἔλεος
3503 3969 3598 4022 καὶ
3621 3968 3763 4041 ἀλή-

2187 4060 2307 4114 θεια
2335 4060 2749 4130 διατηρήσουσιν
2773 4059 2956 4112 αὐτόν.
3006 4079 3024 4110 ι
3055 4059 3242 4114 Ταῦτα
3271 4059 3379 4131 γὰρ
3424 4060 3524 4130 τῆς
3559 4060 3766 4114 ἀθανα-

2189 4153 2310 4216 σίας
2337 4151 2486 4223 αύτῷ
2536 4151 2688 4205 ἔσται
2736 4150 2906 4210 αἴτια,
2937 4149 3000 4203 τὸ
3023 4149 3116 4203 τοῦ
3146 4149 3280 4203 Θεοῦ
3314 4150 3462 4214 ἔλεος
3491 4151 3586 4205 καὶ
3622 4150 3764 4222 ἀλή-

2186 4241 2307 4298 θεια
2324 4260 2337 4273 ·
2362 4235 2436 4296 ὧν
2465 4241 2893 4314 μεταλαμϐάνων
2923 4242 3030 4305 πᾶς
3056 4241 3085 4293 6
3110 4239 3363 4312 θεοφιλὴς
3387 4281 3402 4305 ,
3437 4241 3627 4314 ὥσπερ
3650 4243 3766 4298 ἀπὺ

2186 4335 2330 4389 ἀλῶν
2361 4333 2672 4406 ἀλιζόμενος
2697 4373 2713 4398 ,
2747 4331 3149 4404 φυλαχθήσεται
3199 4335 3279 4397 εἰς
3329 4334 3545 4389 αἰώνιον
3590 4334 3762 4408 ζωήν.

2189 4428 2265 4480 Οὐ
2311 4427 2420 4500 γάρ
2469 4426 2533 4497 δὴ
2584 4425 2787 4497 ὁμοίως
2841 4425 2918 4497 τῷ
2943 4426 3062 4499 Θεῷ
3095 4428 3355 4498 πεφυκὼς
3399 4429 3499 4501 τὴν
3546 4427 3760 4494 οὐσίαν,

2112 4531 2159 4587 ι)
2186 4519 2386 4591 ὁμοίως
2418 4517 2566 4589 αὐτῷ
2594 4518 2835 4590 ζήσεται,
2863 4518 2978 4572 ἀλλ’
3010 4519 3116 4573 ὕπὸ
3154 4518 3246 4573 τοῦ
3281 4519 3460 4584 ἐλέους
3490 4518 3583 4574 τοῦ
3623 4519 3761 4573 Θεοῦ

2186 4614 2280 4667 καὶ
2309 4613 2413 4666 ὑπὸ
2442 4613 2540 4683 τῆς
2570 4611 2823 4682 ἀληθείας
2851 4609 3018 4664 αὐτοῦ
3043 4611 3516 4683 διακρατούμενος.

2258 4723 2275 4756 ι
2311 4703 2497 4768 Οὕτως
2523 4703 2678 4774 ψαλῶ
2697 4703 2773 4774 τῷ
2797 4703 3022 4773 ὀνόματί
3059 4720 3154 4757 σου
3207 4705 3288 4768 εἰς
3326 4703 3418 4758 τὸν
3457 4703 3630 4758 αἰῶνα
3664 4703 3759 4758 τοῦ

2184 4797 2394 4862 αἰῶνος,
2421 4795 2515 4850 τοῦ
2545 4795 2833 4850 ἀποδοῦναί
2865 4811 2933 4866 με
2970 4795 3067 4859 τὰς
3101 4795 3267 4866 εὐχάς
3307 4814 3408 4868 μου
3452 4795 3666 4869 ἡμέραν
3699 4795 3760 4861 ἐξ

2184 4887 2413 4960 ἡμέρας.
2457 4907 2476 4942 ι
2505 4886 2689 4940 Ταῦτα
2723 4885 2816 4940 τοῦ
2847 4887 3001 4955 άγίου
3029 4887 3347 4959 Πνεύματος
3375 4891 3441 4959 τῇ
3472 4887 3568 4942 τοῦ
3595 4885 3760 4940 Δαυῖδ

2186 4983 2565 5053 ὕφηγήσαντος
2600 4980 2770 5053 ψυχῇ,
2803 4979 2989 5051 μαθὼν
3016 4980 3204 5052 ῶσπερ
3238 4979 3388 5054 παρά
3429 4980 3756 5034 διδασκάλω

2184 5075 2252 5128 τὰ
2276 5071 2550 5142 λεχθέντα,
2573 5069 3026 5142 ὲπισφραγίζεται
3048 5073 3115 5142 τῇ
3141 5069 3320 5124 πίστει
3341 5069 3430 5123 τὸν
3451 5069 3606 5137 λόγον
3628 5070 3760 5122 ava-

2185 5163 2376 5232 φωνῶν
2409 5161 2502 5216 καί⁷
2525 5162 2698 5231 λέγων
2717 5180 2729 5192 ·
2767 5181 2785 5214 ι
2829 5162 2984 5216 Οὕτω
3010 5161 3164 5232 ψαλῶ
3194 5162 3271 5234 τῷ
3292 5162 3514 5233 ὀνόματί
3552 5179 3646 5215 σου
3677 5165 3758 5226 εἰς

2184 5256 2276 5308 τὸν
2304 5254 2474 5310 αἰῶνα
2499 5253 2591 5308 τοῦ
2617 5253 2812 5317 αἰῶνος
2830 5272 2842 5285 ο
2873 5274 2891 5305 1
2911 5256 3008 5326 οὐχ
3028 5254 3213 5318 ἀπλῶς
3235 5255 3312 5320 δὲ,
3335 5274 3353 5306 ι
3379 5253 3572 5320 Ψαλῶ,
3595 5254 3754 5324 φησὶ,

2183 5348 2262 5419 τῷ
2288 5347 2510 5418 ὀνόματί
2559 5363 2652 5400 σου
2702 5349 2780 5410 εἰς
2832 5346 2926 5400 τὸν
2954 5345 3124 5401 αἰῶνα
3168 5345 3264 5400 τοῦ
3292 5345 3521 5412 αἰῶνος,
3559 5365 3578 5400 1
3614 5345 3754 5399 ἀλλὰ

2189 5440 2325 5510 μετά
2357 5437 2672 5510 προσθήκης
2703 5436 2827 5506 τῆς,
2867 5455 2886 5487 ‹
2924 5434 3096 5491 Οὕτω.
3143 5456 3161 5488 ›
3189 5434 3315 5500 Πῶς
3343 5436 3400 5488 δὲ
3432 5435 3604 5503 οὕτως
3633 5433 3754 5488 ἀλλ’

2184 5535 2259 5598 ὼς
2286 5531 2597 5604 προεδίδαξε
2618 5532 2677 5584 τὸ
2702 5531 2927 5601 Πνεῦμα
2952 5531 3014 5585 τὸ
3056 5531 3209 5599 ἆγιον
3247 5533 3426 5602 φῆσαν
3449 5548 3464 5561 ο
3505 5549 3525 5581 ι
3563 5529 3750 5592 Ἔλεος

2185 5627 2279 5680 καὶ
2297 5624 2524 5695 ἀλήθεια
2556 5623 2880 5696 περιφράξει
2905 5623 3086 5675 αὐτόν.
3129 5642 3147 5674 ι
3175 5623 3330 5676 Οὕτω
3372 5621 3480 5692 γάρ
3511 5621 3619 5674 ὑπὸ
3654 5620 3751 5674 τοῦ

2186 5715 2278 5770 σοῦ
2303 5716 2483 5780 ἐλέους
2509 5716 2604 5770 καί⁵
2627 5714 2732 5768 ὑπὸ
2763 5714 2859 5784 τῆς
2886 5713 2986 5783 σῆς
3015 5713 3271 5786 ἀληθείας
3309 5713 3752 5784 περιφραττόμε-

2183 5827 2272 5873 νος
2304 5809 2398 5863 καὶ
2424 5806 2862 5879 διατηρούμενος,
2893 5805 3050 5877 ψαλῶ
3079 5805 3157 5876 τῷ
3184 5803 3403 5877 ὀνόματί
3434 5821 3528 5858 σου
3553 5805 3636 5868 εἷς
3661 5803 3752 5858 τὸν
