4024 6210
248 276 367 333 585
1392 276 1895 339 COMMENTARIA
1937 282 2002 340 IN
2038 281 2379 342 PSALMOS.
3402 290 3508 348 586

244 397 432 451 αίῶνα
451 393 545 451 τοῦ
567 396 782 460 αίῶνος.
812 395 1135 468 Τεθάρσηκα
1165 398 1271 471 γὰρ
1300 398 1447 470 ζωῆς
1476 403 1695 456 αἰωνίου
1715 402 1802 456 τεύ

1904 466 1910 481 λ
1941 414 2051 469 tua,
2089 421 2194 461 non
2228 421 2347 459 mea
2378 404 2600 467 virtute,
2636 420 2722 460 me
2753 406 2918 460 vitam
2972 415 3251 472 aeternam,
3305 419 3360 466 et
3391 428 3510 467 eam

244 490 444 556 ξεσθαι
468 489 563 543 καὶ
584 488 883 554 ἀθανασίας
919 491 1017 561 τῆς
1040 492 1189 562 παρὰ
1217 492 1298 544 σοὶ
1328 492 1416 546 διὰ
1444 493 1536 546 τὸν
1574 493 1664 547 σὸν
1686 494 1802 548 ἕλεο

1940 511 2062 566 quae
2082 497 2225 568 apud
2257 505 2310 552 te
2330 504 2415 551 est
2438 496 2898 554 immortalitatem
2928 498 3270 569 adepturum.
3308 521 3327 552 ι
3367 501 3458 560 Sic
3486 525 3507 556 ι

241 578 350 638 xii.
376 584 465 638 διὰ
495 582 596 655 τὴν
624 583 726 653 σὴν
762 581 1042 654 ἀλήθειαν,
1068 581 1181 635 ἀλλ’
1203 584 1265 636 οὐ
1291 582 1379 636 διὰ
1403 584 1501 648 τὰς
1531 586 1671 656 ἐμάς
1702 585 1800 657 ἀρε

1940 584 2124 653 itaque
2159 601 2178 635 ι
2217 584 2445 655 psallam
2476 585 2683 639 nomini
2714 598 2809 641 tuo
2839 588 2892 643 in
2920 590 3181 644 sccculum
3209 593 3413 652 saeculi,
3453 603 3513 648 ut

236 676 370 740 τᾶς.
414 695 434 727 r
469 674 657 738 Οὕτως
710 669 806 728 οὖν
856 674 1014 744 ψαλῶ
1059 675 1139 746 τῷ
1185 675 1410 747 (ivdian
1470 694 1567 730 σου
1612 679 1695 743 είς
1739 678 1800 732 τὸ

1940 675 2164 731 reddam
2197 683 2319 732 vota
2348 691 2468 732 mea
2489 676 2557 732 de
2585 677 2673 733 die
2702 679 2757 733 in
2787 679 2927 735 diem
2953 698 2968 747 ;
3008 702 3028 734 ο
3064 683 3179 738 sive
3208 686 3509 740 secundum

235 767 422 821 αἰῶνα
458 765 555 820 τοῦ
584 766 800 830 αίῶνος,
827 765 922 819 τοῦ
952 766 1244 821 ἀποδοῦναί
1279 784 1347 839 με
1375 767 1474 833 τάς
1516 767 1681 840 εὐχάς
1726 786 1802 839 μοί

1942 765 2349 839 Symmachum,
2404 785 2424 820 ι
2483 766 2737 825 Reddens
2782 778 2905 825 vota
2944 786 3065 827 mea
3116 774 3347 845 singulis
3397 776 3512 830 die-

236 859 465 932 ήμέραν
493 859 554 927 ἐξ
576 859 823 931 ἡμέρας·
856 878 875 911 ι
910 859 944 929 ἢ
974 859 1115 913 κατά
1132 859 1222 914 τὸν
1251 859 1567 932 Σύμμαχον,
1609 879 1628 912 ι
1663 861 1802 913 ‘Am

1938 858 2063 915 bus.
2100 877 2119 911 ι
2172 857 2460 929 Nunquam
2514 874 2649 915 sane
2704 861 2949 917 desinam
2997 864 3286 933 promissis
3338 871 3505 925 stare.

234 950 424 1013 διδοὺς
453 948 554 1014 τάς
581 949 747 1019 εύχάς
781 965 883 1019 μου
910 948 1032 1003 καθ’
1052 950 1290 1021 ἑκάστην
1329 949 1563 1022 ἡμέραν.
1611 969 1631 1003 ι
1665 950 1799 1003 Ούδε

1935 948 2094 1024 quasi
2141 950 2419 1021 perpetuis
2463 951 2708 1022 mihique
2759 953 3093 1011 salutaribus
3137 955 3357 1012 debitis.
3413 955 3508 1011 Illa

236 1040 468 1095 πώποτε
523 1040 634 1113 γάρ
673 1040 1038 1111 ἀπολείψομαι
1090 1041 1183 1095 τοῦ
1235 1040 1312 1113 μὴ
1366 1040 1676 1096 ἀποδιδόναι
1733 1041 1799 1112 τὰ

1935 1044 2080 1100 enim
2106 1043 2191 1099 vel
2218 1059 2316 1114 per
2340 1041 2554 1097 inﬁnita
2598 1045 2797 1099 smcula
2845 1046 3074 1103 reddere
3119 1048 3502 1117 perseverabo.

236 1133 385 1204 ἐμὰς
417 1132 775 1202 ἐπαγγελίας,
809 1130 997 1205 ὥσπερ
1021 1132 1245 1202 ὀφειλάς
1265 1133 1534 1205 διηνεκεῖς
1581 1132 1677 1187 καὶ
1705 1133 1802 1204 ὲμο

1937 1130 2216 1205 Siquidem
2249 1146 2358 1187 non
2401 1132 2634 1197 otiosus,
2676 1147 2784 1188 non
2833 1147 2998 1204 opere
3041 1147 3248 1191 vacuus
3300 1136 3355 1190 in
3411 1135 3504 1190 illa

237 1225 571 1296 σωτηρίους.
609 1224 824 1289 Ταύτας
850 1224 960 1297 γὰρ
986 1225 1275 1280 διατελέσω
1314 1225 1409 1280 καὶ
1433 1226 1515 1289 είς
1558 1224 1650 1279 τὸν
1671 1225 1799 1280 ἄπει

1930 1238 2137 1281 aeterna
2162 1224 2272 1278 vita
2304 1236 2441 1290 ero;
2473 1222 2570 1278 sed
2599 1229 2989 1293 congruentem
3018 1223 3366 1295 debitamque
3393 1223 3506 1279 Deo

235 1335 336 1390 ρον
359 1317 536 1371 αἰῶνα
566 1317 871 1381 ἀποδιδούς.
906 1318 1041 1372 Ούδὲ
1072 1318 1180 1390 γάρ
1209 1318 1377 1391 ἀργὸς
1408 1318 1502 1372 καὶ
1546 1318 1825 1390 ἄπρακτος

234 1409 437 1481 εσομαι
460 1408 587 1463 κατ’
619 1409 835 1482 ἐκείνην
862 1409 960 1481 τὴν
990 1409 1209 1464 αἰώνιον
1242 1410 1389 1483 ζωὴν
1408 1451 1422 1474 ,
1453 1410 1553 1483 τὴν
1592 1410 1649 1464 δὲ
1689 1407 1824 1480 πρέ-

1932 1312 2008 1371 ibi
2060 1328 2281 1387 operam
2327 1314 2620 1385 praestabo.
2678 1313 2806 1369 Haec
2852 1299 3052 1386 quippe
3090 1323 3176 1372 est
3225 1316 3409 1372 debita
3452 1326 3508 1371 et

1928 1405 2034 1478 ipsi
2063 1419 2375 1476 congruens
2401 1413 2663 1475 perpetua
2696 1406 2998 1477 gratiarum
3027 1409 3187 1463 actio.

234 1517 447 1554 ⁴ιξπουσαν
495 1500 592 1554 καὶ
633 1501 990 1575 ὀφειλομένην
1039 1503 1323 1567 ἀποδιδοὺς
1355 1501 1434 1573 τῷ
1488 1501 1608 1573 Θεῷ
1652 1500 1815 1556 κάκεῖ
1849 1493 2049 1572 πρᾶξιν
2083 1494 2397 1551 διατελέσω.
2432 1495 2581 1569 Αὕτη
2624 1497 2681 1550 δέ
2752 1499 2899 1553 ἐστιν
2929 1501 2968 1571 ’ὴ
3043 1500 3366 1572 ὀφειλομένη
3409 1501 3504 1555 καὶ

233 1591 387 1663 αὐτῷ
414 1591 699 1665 πρέπουσα
719 1593 972 1665 διηνεκὴς
1003 1594 1324 1666 εὐχαριστία
1354 1595 1450 1666 (1).

232 1709 352 1765 ΕΙΣ
400 1710 492 1763 ἸὈ
528 1710 780 1775 ΤΕΔΟΣ,
832 1710 1016 1765 ΥΠΕΡ
1065 1711 1346 1767 ΙΔΙΘΟΥΜ
1396 1713 1688 1767 ΨΛΛΜΟΣ
1741 1707 1802 1778 Τί

1998 1706 2076 1778 ιι.
2136 1702 2203 1757 IN
2256 1697 3031 1781 ιτιΝΕΜκῐξιξρῆιρι-ψωι
3085 1702 3412 1765 PSALMUS

856 1781 1054 1836 ΔΛΥΙΔ
1093 1783 1214 1837 ΞΑἎ

325 1912 347 1947 ι
386 1895 528 1966 Οὐχὶ
551 1894 628 1967 τῷ
661 1895 777 1968 Θεῷ
802 1896 1205 1967 ὑποταγήσεται
1239 1898 1272 1967 ἡ
1321 1895 1466 1968 ψυχή
1502 1912 1640 1967 μου;
1689 1897 1823 1968 παρ’

242 1980 397 2052 αὐτῷ
439 1982 549 2054 γάρ
574 1982 632 2036 τὸ
661 1983 934 2056 Σωτήριόν
976 2002 1096 2055 μου.
1139 2003 1159 2037 ι
1199 1986 1257 2037 ’0
1313 1985 1412 2056 μὲν
1460 1984 1821 2057 προκείμενος

244 2071 460 2144 ψαλμὸς
485 2072 695 2146 εῑρηται
729 2074 830 2145 μὲν
852 2073 931 2146 τῷ
958 2074 1143 2139 Δαυῖδ,
1172 2075 1458 2148 πρόκειται
1481 2075 1540 2129 δὲ
1579 2078 1645 2148 τῇ
1694 2076 1818 2131 ἐπι-

242 2166 464 2236 γραφῇ,
495 2180 522 2219 ε
568 2166 708 2237 ὑπὲρ
775 2165 1044 2238 ’ῐδιθούμ’
1085 2187 1104 2220 ι
1146 2166 1486 2230 διδάσκοντος
1517 2167 1668 2238 ἡμᾶς
1721 2164 1815 2220 τοῦ

236 2254 417 2323 λόγου,
441 2257 519 2321 ὡς
549 2257 658 2329 ἄρα
680 2258 709 2312 ὁ
737 2257 921 2321 Δαυῒδ,
962 2259 1102 2331 ὑπὲρ
1128 2258 1224 2313 τοῦ
1282 2257 1518 2329 Ἱδιθοὺμ
1550 2258 1818 2325 συντάξας

228 2347 323 2400 τὸν
344 2347 582 2419 ψαλμὸν,
617 2349 934 2422 παρέδωκεν
958 2351 1105 2423 αὐτῷ
1128 2351 1378 2423 μελετᾷν,
1410 2351 1505 2405 καὶ
1526 2351 1647 2405 ἀντὶ
1673 2353 1816 2421 ἐπῳ-

226 2438 325 2509 δῆς
364 2439 601 2511 χρῆσθαι
622 2443 702 2505 εἰς
724 2441 1043 2513 θεραπείαν,
1072 2446 1358 2515 συμφορᾶς
1392 2460 1537 2508 τινος
1585 2445 1816 2515 ἐπισυμ-

226 2531 409 2603 ϐἀσης
436 2532 605 2604 αὐτῷ.
649 2536 757 2588 Καὶ
787 2536 817 2587 ὁ
840 2536 882 2589 λ’
910 2536 968 2591 δὲ
999 2537 1092 2590 καὶ
1128 2542 1177 2607 η’
1200 2535 1583 2609 ἐπεγέγραπτο
1605 2577 1621 2602 ,
1667 2556 1686 2588 ι
1719 2538 1814 2601 Ei;

222 2623 291 2675 τὸ
318 2624 493 2688 τέλος,
523 2625 602 2697 τῷ
646 2626 898 2699 Ἱδιθοὺμ,
921 2627 1033 2699 ᾠδὴ
1084 2627 1181 2683 τοῦ
1215 2627 1407 2681 Δαυῖδ’
1455 2647 1475 2680 ι
1524 2630 1595 2683 ἐν’
1625 2621 1670 2696 ᾧ
1717 2628 1812 2682 καὶ

220 2717 377 2789 αὐτῷ
399 2718 604 2788 ὁμοίως
626 2718 974 2774 διδασκαλίαν
1006 2721 1293 2794 παρεδίδου
1322 2723 1351 2776 ὀ
1383 2720 1545 2775 Δαυῖδ
1567 2721 1645 2792 τῷ
1687 2722 1807 2775 Ἰδι-

219 2807 373 2883 θοὺμ
399 2810 487 2864 διὰ
514 2811 616 2883 τὴν
640 2812 831 2884 αὐτὴν,
874 2807 1026 2883 οἶμαι
1052 2853 1068 2878 ,
1116 2814 1478 2870 κατάστασιν.
1544 2814 1809 2870 Ἐνταῦθα

222 2898 332 2972 μὲν
364 2900 475 2973 γὰρ
525 2900 771 2956 λέλεκται
793 2920 808 2934 ⁸
844 2922 865 2956 ι
895 2904 971 2958 Οὐ
1028 2904 1103 2976 μὴ
1156 2904 1401 2959 σαλευθῶ
1452 2906 1545 2960 ἐπὶ
1600 2906 1802 2961 πλεῖον.

222 2994 379 3058 Ἕως
414 2993 548 3047 πότε
568 2993 875 3050 ἐπιτίθεσθε
903 2998 989 3051 ἐπ’
1021 2997 1325 3069 ἄνθρωπον,
1357 2998 1645 3069 φονεύεσθε
1671 3001 1805 3054 πάν⁹

2517 1770 2727 1827 DAVlD
2778 1772 2912 1828 LXI.

1994 1888 2160 1945 Vens.
2199 1888 2255 1953 2,
2286 1888 2339 1945 3.
2404 1908 2424 1942 ι
2464 1884 2655 1944 Nonne
2706 1888 2818 1944 Deo
2872 1890 3115 1961 subjecta
3161 1892 3268 1949 erit
3314 1894 3499 1950 anima

1922 1998 2040 2039 mea
2062 1983 2086 2036 ?
2108 1983 2178 2038 ab
2206 1984 2327 2054 ipso
2355 1982 2501 2037 enim
2535 1980 2794 2037 Salutare
2830 1995 3032 2039 meum.
3076 2003 3095 2036 ι
3127 1982 3227 2039 Hic
3254 1986 3505 2055 psalmus

1923 2072 2113 2131 Daridi
2144 2069 2364 2146 quidem
2407 2075 2589 2131 dictus
2620 2084 2726 2138 εει,
2759 2073 3107 2145 inscriptioni
3136 2091 3299 2147 porro
3339 2077 3498 2139 addi-

1919 2175 2030 2231 tur,
2070 2185 2091 2220 ι
2129 2183 2230 2239 pro
2263 2166 2521 2223 Idithum.
2560 2187 2578 2217 δ
2616 2166 2826 2234 Quibus
2875 2168 3191 2233 edocemur,
3235 2167 3496 2224 Davidem

1916 2274 2043 2315 cum
2076 2275 2177 2331 pro
2203 2257 2437 2315 ldithum
2469 2260 2740 2332 psalmum
2789 2259 3134 2325 adornasset,
3184 2262 3290 2333 ipsi
3323 2261 3494 2317 tradi-

1915 2351 2065 2407 disse
2094 2352 2163 2407 ad
2192 2351 2563 2407 meditandum
2593 2368 2608 2419 ;
2644 2360 2703 2406 ut
2733 2365 2821 2417 eo,
2849 2353 3130 2410 accidente
3160 2355 3491 2420 calamitate.

1915 2442 2075 2514 quasi
2128 2430 2537 2498 incantamenta
2592 2431 2843 2500 uteretur
2889 2444 2959 2499 ad
3016 2445 3305 2502 medelam.
3361 2448 3491 2507 Item

1915 2534 2439 2606 xxxvminscriptus
2460 2540 2545 2589 est
2576 2553 2590 2589 :
2627 2551 2646 2586 ε
2672 2534 2730 2589 In
2755 2534 2938 2598 tinem,
2962 2535 3068 2605 ipsi
3091 2535 3494 2604 ldithum,can-

1913 2626 2084 2690 ticum
2114 2625 2352 2682 Davidis.
2386 2645 2406 2678 ι
2439 2627 2498 2679 lu
2526 2641 2636 2696 quo
2665 2624 2919 2680 similiter
2961 2624 3131 2679 David
3180 2627 3488 2684 doctrinam

1912 2719 2016 2790 ipsi
2033 2717 2267 2774 ldithum
2296 2719 2351 2772 in
2379 2717 2497 2789 pari
2539 2732 2745 2782 rerum,
2774 2724 2835 2771 ut
2881 2716 3136 2783 arbitror,
3178 2718 3492 2775 conditione

1907 2811 2153 2868 tradidit.
2177 2810 2311 2867 Nam
2339 2811 2429 2867 hic
2459 2809 2663 2866 dicitur
2688 2830 2701 2867 :
2740 2830 2759 2862 ι
2795 2808 2913 2866 Non
2953 2812 3211 2867 movebor
3231 2813 3487 2884 amplius.

1908 2903 2209 2976 Quousque
2235 2904 2450 2960 irruitis
2477 2904 2533 2959 in
2564 2903 2839 2959 hominem
2864 2903 3218 2961 Iinteriicitis
3246 2906 3487 2962 universi

1905 3009 2026 3051 vos.
2065 3013 2084 3046 ι
2120 2992 2177 3049 1η
2210 3010 2421 3050 xxxvm
2472 3003 2652 3050 autem
2684 3012 2698 3049 :
2752 3012 2771 3045 ι
2827 2992 2962 3049 Cum
2994 2994 3320 3052 consisteret
3360 3012 3489 3068 pec-

215 3102 315 3150 τες
343 3086 543 3157 apag;
592 3105 612 3139 ι
650 3088 708 3140 ὲν
751 3087 808 3141 δὲ
847 3088 924 3160 τῷ
951 3090 1065 3160 λη’*
1107 3109 1125 3141 ι
1169 3091 1258 3144 Ἐν
1306 3090 1386 3163 τῷ
1423 3091 1682 3163 συστῆναι
1713 3093 1802 3147 τὸν

1905 3095 2062 3144 calor
2083 3087 2374 3145 adversum
2408 3103 2515 3157 me,
2550 3087 2799 3144 obmutui
2829 3095 2883 3142 et
2914 3086 3232 3145 humiliatus
3268 3100 3412 3155 sum,
3433 3099 3489 3145 et

215 3176 549 3247 ἁμαρτωλὸν
570 3178 814 3234 ἐναντίον
837 3198 958 3251 μου,
975 3180 1274 3253 ὲκωφώθην
1294 3182 1388 3237 καὶ
1409 3183 1800 3257 ὲταπεινὼθην,

216 3268 317 3320 καὶ
340 3266 576 3340 ἐσίγησα
612 3267 672 3333 ἐξ
703 3270 943 3340 ἀγαθῶν,
980 3273 1075 3326 καὶ
1097 3273 1157 3327 τὸ
1189 3273 1417 3346 ἄλγημά
1454 3291 1554 3345 μου
1587 3276 1806 3330 ἀνεκαι-

212 3359 382 3431 νίσθη
408 3377 423 3390 ·
459 3381 479 3412 ι
510 3361 606 3416 καὶ
630 3362 791 3417 πάλιν
815 3380 828 3395 ’
859 3383 878 3416 ι
923 3365 1055 3419 Ἀπὸ
1083 3366 1272 3421 πασῶν
1295 3368 1405 3421 τῶν
1432 3368 1672 3439 ἀνομιῶν
1699 3386 1801 3441 μου

218 3452 387 3523 ῥῦσαί
414 3472 484 3525 με
502 3472 517 3485 ⁸
542 3455 743 3520 ὄνειδος
773 3456 965 3529 ἄφρονι
986 3459 1193 3524 ἔδωκάς
1221 3478 1311 3531 με.
1346 3479 1364 3513 ι
1396 3462 1508 3516 Καὶ
1552 3462 1649 3517 θέα
1679 3464 1805 3518 τίνα

212 3545 424 3617 τρόπον
447 3546 704 3617 ἐμφαίνει
734 3548 802 3601 δι’
823 3549 1149 3622 ἀμφοτέρων
1170 3551 1229 3604 ὲν
1248 3552 1539 3625 πειρασμῷ
1558 3572 1664 3608 τινι
1721 3554 1804 3622 ἐξ·

212 3634 456 3709 ητάσθαι
484 3639 579 3694 καὶ
605 3640 755 3694 δεινὰ
794 3641 1117 3696 πεπονθέναι
1138 3658 1153 3675 ο
1178 3643 1261 3697 διὸ
1304 3643 1509 3710 ταύτας
1550 3649 1803 3718 προσίετο

216 3729 319 3794 τὰς
341 3731 544 3801 φωνάς.
570 3734 677 3787 Καὶ
704 3735 763 3786 ἑν
786 3734 883 3805 μὲν
904 3733 980 3805 τῷ
998 3734 1137 3805 μετά
1164 3738 1354 3809 χεῖρας
1374 3736 1573 3810 ψαλμῷ
1595 3738 1801 3812 προϊών

217 3840 355 3895 φησι
377 3840 394 3855 ·
435 3843 455 3875 ι
493 3824 641 3896 Πλὴν
674 3827 891 3895 μάταιοι
922 3828 973 3880 οἱ
1006 3827 1115 3881 υίοὶ
1150 3829 1260 3882 τῶν
1296 3828 1632 3900 ἀνθρώπων,
1660 3830 1797 3900 ψευ-

212 3913 329 3978 δεῖς
357 3914 465 3967 υἱοὶ
492 3914 600 3969 τῶν
627 3915 927 3988 ἀνθρώπων
955 3921 1013 3971 ὲν
1038 3916 1242 3987 ζυγοῖς,
1270 3916 1362 3973 τοῦ
1399 3919 1651 3992 ἀδικῆσαι
1696 3924 1795 3976 αύ-

215 4008 301 4060 τοὶ
332 4010 399 4062 ὲκ
432 4009 794 4080 ματαιότητος
819 4011 910 4064 ἐπὶ
942 4011 1002 4064 τὸ
1030 4011 1162 4066 αὑτό
1184 4030 1198 4045 ·
1240 4031 1258 4064 ι
1294 4014 1389 4067 καὶ
1414 4015 1474 4066 ὲν
1508 4015 1704 4085 ἐκείνῳ
1738 4014 1797 4067 δὲ

215 4099 421 4171 ὁμοίως
473 4101 691 4172 εἴρητο·
751 4121 770 4153 ι
808 4100 955 4174 Πλὴν
1008 4103 1078 4155 τὰ
1136 4103 1427 4175 σύμπαντα
1477 4108 1794 4177 ματαιότης,

215 4194 331 4256 τῆς
357 4192 643 4265 ἄνθρωπος
677 4193 787 4259 ζῶν
809 4213 826 4229 ·
858 4195 952 4249 καὶ
977 4195 1142 4249 πάλιν
1166 4212 1179 4225 ’
1222 4215 1241 4243 ι
1282 4197 1426 4268 Πλὴν
1463 4198 1640 4269 μάτην
1687 4201 1797 4264 πᾶς

209 4284 535 4355 ἄνθρωπος’
590 4305 609 4338 ι
675 4285 819 4360 ἄπερ
848 4287 999 4341 οὐδὲν
1037 4287 1103 4343 ἂν
1130 4288 1379 4361 διαφέροι
1418 4289 1544 4343 τοῦ·
1575 4310 1593 4341 ι
1649 4290 1795 4360 Πλὴν

213 4380 442 4453 μάταιοι
468 4381 519 4433 oi
545 4381 651 4434 υίοὶ
676 4381 786 4435 τῶν
813 4380 1135 4453 ἀνθρώπων,
1167 4383 1320 4437 αὐτοὶ
1344 4384 1409 4435 ἐκ
1436 4383 1793 4453 ματαιότητος

204 4473 311 4527 ἐπὶ
343 4472 405 4525 τὸ
433 4472 584 4525 αὑτό.
627 4490 647 4523 ι
681 4473 803 4526 Ἔτι
831 4473 971 4544 πρὸς
999 4472 1210 4537 τούτοις
1248 4474 1305 4528 ὲν
1346 4473 1424 4544 τῷ
1471 4473 1552 4546 λη’
1609 4473 1791 4546 εὕροις

206 4566 283 4619 ἂν
313 4563 603 4637 εἰρημένον
631 4563 694 4618 τό
714 4582 729 4594 ·
768 4582 790 4616 ‹
819 4564 1084 4633 Μέντοιγε
1120 4565 1180 4619 ὲν
1212 4564 1380 4618 εικόνι
1409 4564 1788 4638 διαπορεύεται

203 4657 520 4731 ἄνθρωπος.
574 4656 721 4729 Πλὴν
770 4658 946 4729 μάτην
997 4658 1376 4729 ταράσσονται.
1434 4658 1787 4732 Θησαυρίζει,

203 4749 313 4806 καὶ
337 4750 400 4802 ού
454 4747 713 4818 γινώσκει
760 4747 865 4801 τίνι
891 4748 1108 4815 συνάξει
1149 4746 1309 4801 αὑτά.
1350 4767 1368 4798 ι
1408 4746 1684 4818 Σύμφωνα
1728 4748 1787 4802 δὲ

200 4840 423 4903 τούτοις
443 4838 531 4909 εἴη
554 4838 621 4893 ἀν
650 4838 744 4892 καὶ
777 4838 846 4891 τά
875 4837 1013 4909 μετά
1038 4840 1226 4909 χεῖρας
1262 4836 1532 4907 λεγόμενα
1575 4838 1633 4890 ὲν
1665 4837 1787 4891 τού-

200 4950 353 4996 τοιςο
386 4951 406 4983 ι
440 4931 532 5003 Μὴ
578 4929 823 4994 ἐλπίζετε
864 4929 956 4983 ἐπὶ
993 4928 1227 4991 ἀδικίαν,
1271 4930 1363 4983 καὶ
1387 4929 1479 4982 ἐπὶ
1515 4928 1786 5000 ἅρπαγμα

201 5024 288 5099 μὴ
306 5022 616 5077 ἑπιποθεῖτε
637 5039 651 5053 ·
684 5020 914 5085 πλοῦτος
944 5020 1038 5075 ἐὰν
1069 5021 1192 5094 ῥέῃ,
1230 5022 1306 5094 μὴ
1333 5018 1686 5093 προστίθεσθε
1715 5022 1781 5091 τῇ

196 5114 426 5186 καρδίᾳ.
461 5132 481 5163 ι
515 5112 625 5167 Καὶ
657 5113 723 5167 σὺ
747 5110 793 5165 δ’
826 5109 914 5172 ἀν,
957 5111 1050 5163 ἐπὶ
1097 5109 1290 5181 σχολῆς
1332 5110 1397 5161 ἐκ
1433 5105 1779 5182 παραλλήλου

197 5204 301 5268 τὰς
330 5206 392 5257 ἐν
415 5193 747 5275 ἀμφοτέροις
776 5204 891 5265 τοῖς
927 5199 1213 5271 δηλωθείσι
1243 5199 1477 5271 ψαλμοῖς
1516 5198 1774 5272 ἐγκειμέ-

196 5314 297 5358 νας
324 5294 500 5361 λέξεις
526 5294 795 5366 παραθεκ
809 5294 1087 5365 ἀλλήλαις,
1113 5292 1293 5365 εὕροις
1318 5291 1383 5346 ἂν
1408 5293 1537 5362 μιᾶς
1554 5292 1647 5345 καὶ
1676 5291 1775 5363 τῆς

1908 3178 2037 3233 silui
2070 3193 2102 3232 a
2131 3178 2314 3241 bonis,
2336 3186 2391 3234 et
2416 3178 2576 3233 dolor
2620 3193 2775 3235 meus
2814 3186 3111 3235 renovatus
3141 3188 3226 3236 est
3249 3180 3337 3246 ";
3379 3201 3398 3234 ι
3432 3191 3489 3237 et

1906 3284 2152 3334 rursum,
2192 3286 2211 3321 ‹
2249 3269 2334 3325 Ab
2359 3268 2620 3326 omnibus
2650 3259 3036 3340 iniquitatibus
3059 3270 3198 3327 meis
3222 3286 3353 3327 erue
3377 3287 3483 3336 me,

1904 3363 2260 3434 Opprobrium
2285 3362 2569 3434 insipienti
2601 3361 2805 3419 dedisti
2839 3377 2925 3419 me
2944 3362 3012 3418 ⁸³.
3050 3383 3069 3415 ι
3096 3363 3483 3420 Animadverte

1907 3470 2093 3526 porro,
2133 3470 2244 3526 quo
2278 3464 2439 3525 pacto
2471 3454 2526 3509 in
2568 3461 2803 3524 utroque
2833 3467 2894 3508 se
2923 3454 2980 3507 in
3012 3454 3314 3511 tentatione
3343 3470 3482 3510 con-

1906 3548 2157 3603 stitutum
2190 3557 2246 3604 et
2274 3548 2458 3620 gravia
2488 3561 2711 3618 passum
2745 3545 3016 3618 signiticet
3043 3565 3058 3613 ;
3084 3563 3191 3618 qua
3217 3548 3286 3604 de
3312 3563 3480 3604 causa

1904 3640 2070 3697 hasce
2096 3641 2325 3711 protulit
2364 3654 2545 3695 voces.
2580 3637 2647 3692 Et
2692 3638 2747 3693 in
2792 3639 3047 3709 praesenti
3079 3638 3297 3712 quidem
3331 3641 3482 3711 psal-

1901 3748 1994 3789 mo
2048 3732 2307 3803 deinceps
2343 3733 2460 3787 ait:
2492 3749 2512 3783 ι
2570 3726 2960 3787 Verumtamen
2993 3732 3119 3787 vani
3159 3732 3254 3788 ﬁlii
3302 3734 3480 3790 homi-

1901 3839 2057 3888 num,
2092 3824 2383 3878 mendaces
2413 3818 2509 3876 iilii
2544 3822 2827 3878 hominum
2865 3822 2920 3876 in
2947 3822 3189 3887 statcris,
3239 3833 3301 3878 ut
3337 3824 3480 3893 inju-

1900 3915 2039 3971 riam
2074 3914 2278 3971 faciant
2309 3915 2412 3987 ipsi
2443 3911 2510 3970 de
2548 3913 2791 3970 vanitate
2837 3913 2895 3968 in
2926 3913 3202 3984 idipsum:
3244 3936 3263 3968 ι
3300 3917 3355 3971 in
3382 3917 3478 3971 illo

1899 4015 2080 4064 autem
2105 4007 2357 4064 similiter
2384 4007 2707 4063 dicebatur:
2749 4025 2769 4059 ι
2803 4004 3189 4063 Verumtamen
3221 4008 3478 4065 universa

1899 4101 2136 4164 vanitas,
2165 4102 2348 4157 omnis
2380 4102 2544 4157 homo
2570 4101 2759 4156 vivens
2778 4101 2825 4133 "
2854 4120 2868 4158 :
2912 4121 2931 4153 ο
2968 4116 3032 4157 ac
3061 4103 3279 4167 iterum,
3313 4122 3334 4155 ι
3371 4102 3478 4160 Ve-

1897 4200 2209 4247 rumtamen
2248 4207 2387 4247 vane
2440 4194 2621 4248 omnis
2671 4193 2834 4249 homo
2857 4192 2940 4260 ”;
2982 4213 3001 4247 ι
3058 4209 3181 4264 ηοω
3232 4195 3288 4252 in
3324 4196 3475 4249 nullo

1897 4284 2151 4341 diﬂ'erant
2176 4284 2247 4340 ab
2279 4285 2469 4340 hisce:
2514 4303 2532 4337 ι
2573 4282 2963 4341 Verumtamen
2993 4287 3116 4340 vani
3165 4286 3260 4341 tilii
3297 4286 3476 4340 homi-

1898 4393 2051 4439 num,
2089 4376 2195 4447 ipsi
2245 4391 2311 4430 ex
2349 4375 2592 4430 vanitate
2641 4376 2697 4428 in
2748 4372 3008 4445 idipsum.
3043 4392 3063 4426 ι
3116 4374 3198 4429 Ad
3248 4375 3363 4429 haec
3415 4375 3472 4431 in

1895 4484 2104 4525 xxxvm
2157 4468 2363 4524 dictum
2414 4467 2790 4538 deprehendas
2834 4483 2848 4520 :
2918 4484 2938 4518 ι
2975 4464 3360 4522 Verumtamen
3414 4469 3471 4524 in

1897 4562 2133 4633 imagine
2163 4562 2461 4634 pertransit
2498 4562 2680 4615 homo.
2713 4557 3109 4638 Verumtamen
3150 4573 3288 4614 vane
3337 4576 3471 4615 con-

1897 4655 2211 4709 turbantur.
2243 4647 2624 4716 Thesaurizat,
2656 4660 2710 4707 et
2742 4650 2956 4723 ignorat
2985 4650 3072 4703 cui
3115 4652 3470 4721 congregabit

1894 4760 1959 4800 ea
1982 4745 2068 4811 ⁸⁶;
2107 4764 2127 4796 ι
2160 4744 2361 4815 quibus
2390 4758 2634 4799 consona
2685 4742 2888 4797 fuerint
2940 4741 3056 4797 haec
3103 4741 3161 4796 in
3208 4744 3468 4812 praesenti

1893 4835 2077 4891 dicta:
2117 4854 2135 4887 ι
2190 4834 2369 4891 Nolite
2423 4849 2644 4905 sperare
2698 4835 2751 4888 in
2781 4834 3088 4905 iniquitate,
3132 4841 3188 4891 et
3218 4836 3470 4905 rapinam

1893 4925 2068 4981 nolite
2094 4927 2506 4996 concupiscere
2533 4942 2547 4979 :
2579 4924 2784 4980 divitia:
2812 4926 2858 4979 si
2889 4923 3131 4988 alliuant,
3162 4926 3332 4982 nolite
3369 4941 3469 4982 cor

1893 5028 2187 5084 apponere.
2228 5035 2247 5067 ι
2276 5013 2433 5082 Quod
2468 5015 2514 5069 si
2546 5020 2605 5068 tu
2642 5029 2737 5084 per
2764 5013 2935 5068 otium
2962 5014 3110 5069 dicta
3141 5014 3197 5070 in
3227 5023 3465 5086 utroque

1891 5107 2104 5179 psalmo
2132 5109 2312 5179 posita
2350 5106 2638 5163 adversum
2670 5105 2994 5169 contuleris.
3041 5106 3292 5163 eamdem
3338 5123 3462 5175 spc-

1884 5206 2037 5254 ctare
2080 5200 2405 5254 sententiam
2454 5197 2854 5269 deprehendes.
2908 5195 3078 5251 David
3124 5196 3308 5268 itaque
3356 5198 3457 5268 ipsi

1883 5289 2116 5347 Idithum
2142 5292 2425 5346 accidente
2442 5290 2759 5353 tentatione,
2779 5299 2833 5345 et
2848 5288 3081 5347 fortasse
3112 5290 3289 5361 lapsu,
3319 5292 3458 5344 hanc

268 5449 316 5484 ⁸⁸
354 5448 506 5507 Psal.
539 5465 769 5511 xxxvm.
805 5452 862 5515 9,
894 5448 948 5504 5.
1025 5446 1072 5480 ⁸³
1105 5447 1237 5505 ibid.
1272 5448 1327 5501 9.
1401 5448 1450 5479 “
1489 5447 1618 5502 ibid.
1649 5447 1703 5501 6.
1778 5448 1799 5480 '

1904 5446 1999 5503 rid.
2035 5445 2124 5503 12.
2203 5446 2250 5479 ⁸⁸
2286 5444 2421 5502 ibid.
2457 5444 2571 5503 7-9.

278 5634 362 5705 (ι)
398 5632 536 5687 Post
558 5631 672 5706 haec
704 5630 953 5706 sequitur
990 5631 1272 5706 catalogus
1301 5629 1583 5706 titulorum
1612 5627 1830 5706 Eusebii
1854 5629 1923 5706 jn
1959 5630 2211 5706 undecim
2254 5638 2556 5706 sequentes
2575 5632 2815 5706 psalmos
2857 5602 2965 5686 hoc
2998 5631 3133 5706 ritu.
3184 5622 3450 5706 Σχολικιτρ

210 5693 530 5777 ἑξήγῆσεων
556 5705 636 5763 είς
658 5693 1697 5777 τοὺςίὺποτεταγμένους-ψαλμοὺς,,είς
1726 5699 1817 5752 τὸν
1849 5697 1949 5765 Ea’,
1990 5703 2049 5754 ἐν
2086 5693 2131 5768 ᾧ
2164 5701 2279 5753 ἐστὶ
2313 5693 2633 5754 διδασκαλία
2657 5702 3047 5772 θεραπευτικὴ,
3089 5708 3144 5753 et
3196 5693 3277 5755 sic
3304 5701 3406 5753 tm.
3433 5698 3451 5753 ἰ

206 5769 504 5848 εὗίιίειιιιο,
528 5790 705 5842 usque
736 5773 803 5826 ad
837 5779 935 5839 οα’,
953 5780 1013 5826 ut
1042 5769 1196 5826 initio
1224 5769 1354 5825 editi
1380 5769 1528 5835 sunt,
1552 5769 1865 5825 allen-untur.

500 5868 769 5928 Ρηιιοι..
807 5868 924 5929 Gn.
972 5865 1205 5925 XXIII.

3092 5855 3169 5916 19
