4062 6208
528 283 632 338 587

1240 278 1508 335 EUSEBII
1545 277 2031 338 C/ESAIUENSIS
2071 281 2220 337 OI’I‘.
2251 280 2431 338 PARS
2470 281 2555 337 Ill.
2597 313 2666 322 --
2690 280 3105 339 EXEGETICA.

3680 290 3789 346 588

526 400 834 457 doctrinam
871 396 1096 453 medela:
1127 405 1492 468 opportunam
1526 398 1824 455 tradidisse
1854 399 2091 455 videtur:

2208 399 2375 471 αὑτῆς
2420 398 2681 471 ἐχομένας
2726 398 2983 463 διανοίας.
3032 399 3088 452 '0
3118 399 3296 455 τοίνυν
3323 400 3487 454 Δαυῒδ
3512 399 3656 457 ἔοικε
3707 405 3788 476 τῷ

525 502 585 547 ιιι
611 503 733 547 sese
763 485 1055 558 reciperet,
1081 495 1136 543 et
1185 502 1216 541 a
1249 486 1408 558 lapsu
1446 496 1751 561 revocaret.
1801 487 1861 544 ln
1892 505 2098 545 xxxvnt

519 581 742 655 quidem
775 579 956 650 ipsum
990 579 1335 646 instituebat,
1366 590 1428 637 ut
1455 596 1579 639 sese
1606 581 2009 648 cohortaretur,
2037 598 2101 639 ac

519 688 708 732 secum
737 670 1015 744 colloquia
1052 671 1308 728 misceret
1343 671 1702 744 diceretque:
1746 691 1765 725 ι
1806 670 1924 727 Dixi
1954 666 2101 728 :Cu-

518 762 757 821 stodiam
808 764 930 820 vias
975 777 1147 830 meas,
1179 771 1240 819 ut
1289 778 1401 820 non
1450 761 1767 835 delinquam
1810 764 1865 819 in
1916 763 2099 835 lingua

517 872 664 912 inea.
712 854 880 914 Posui
927 855 1009 911 ori
1045 870 1169 912 meo
1220 854 1553 920 custodiam,
1600 871 1725 911 cum
1775 856 2101 913 consisteret

517 955 777 1019 peccator
811 946 1104 1004 adversum
1136 962 1242 1010 me,
1272 946 1521 1003 obmutui
1553 956 1605 1003 et
1635 946 1955 1004 humiliatus
1978 964 2098 1003 sum

514 1048 572 1096 et
606 1038 734 1097 silui
762 1052 794 1092 a
824 1037 1011 1104 bonis,
1051 1045 1106 1095 et
1137 1038 1295 1094 dolor
1327 1052 1484 1094 meus
1530 1048 1827 1095 renovatus
1858 1049 1944 1096 est
1967 1040 2034 1103 ",
2073 1060 2091 1093 ι

514 1141 574 1186 et
610 1139 829 1187 czctera.
862 1127 922 1184 in
954 1129 1156 1201 quibus
1184 1127 1339 1184 adest
1369 1137 1424 1184 ct
1455 1128 1588 1184 illud
1619 1148 1631 1184 :
1675 1149 1693 1181 ι
1730 1131 1813 1185 Ab
1842 1130 2099 1186 omnibus

515 1224 902 1296 iniquitatibus
932 1223 1071 1280 meis
1105 1223 1255 1294 eripe
1284 1237 1390 1286 me,
1423 1222 1778 1293 opprobrium
1816 1222 2094 1294 insipienti

513 1315 714 1376 dedisti
746 1333 853 1374 me.
885 1308 1150 1373 Obmutui
1180 1323 1235 1371 et
1268 1330 1379 1370 non
1407 1318 1600 1386 aperui
1634 1331 1698 1372 os
1725 1331 1928 1379 meum,
1959 1331 2098 1387 quo-

512 1410 662 1468 niam
694 1418 752 1466 tu
784 1409 964 1467 fecisti
989 1410 1073 1477 ’3;
1112 1429 1131 1463 ι
1163 1425 1228 1465 ac
1257 1424 1455 1464 rursus
1481 1428 1493 1464 :
1529 1427 1548 1461 ι
1581 1409 1785 1464 Amore
1810 1424 1839 1463 a
1872 1424 1958 1464 me
1987 1409 2098 1480 pla-

513 1518 614 1575 gas
647 1513 792 1560 tuas.
830 1502 875 1557 A
912 1500 1234 1557 fortitudine
1263 1516 1459 1555 manus
1485 1508 1594 1555 tua:
1622 1514 1724 1571 ego
1757 1498 1930 1556 deieci
1953 1500 2021 1555 ".
2069 1518 2089 1553 ι

512 1597 642 1653 llaec
685 1605 741 1652 et
782 1596 986 1654 similia
1031 1604 1094 1650 ut
1129 1593 1338 1651 diceret
1384 1610 1448 1650 ac
1491 1593 1602 1650 Deo
1651 1594 1790 1648 tales
1817 1593 2095 1650 orationes

511 1691 805 1757 emitteret,
861 1692 915 1747 in
963 1690 1057 1746 illo
1110 1691 1323 1762 psalmo
1367 1688 1759 1746 instituebatur
1811 1686 2090 1754 lditbum;

2221 492 2456 563 ἰδιθοὺμ
2503 491 2796 564 πειρασμῷ
2853 509 2960 546 τινι
2994 493 3322 558 πεπτωκότι,
3352 494 3494 565 τάχα
3547 513 3650 550 που
3695 500 3791 554 καὶ

2208 585 2551 658 ὀλισθήματι,
2578 584 2926 659 διδασκαλίαν
2975 584 3372 659 θεραπευτικὴν
3410 588 3792 659 παραδεδωκέ-

2207 693 2331 731 ναι·
2381 676 2527 741 ὅπως
2577 676 2644 731 ἂν
2676 656 2829 732 λάδοι
2863 676 3050 731 ἐαυτὸν
3073 715 3089 742 ,
3141 678 3236 731 κει)⁸
3281 678 3640 750 ἀνακτὴσοιτο
3694 679 3790 733 τοῦ

2207 768 2515 841 συμϐάντος
2545 768 2692 840 αὑτῷ
2716 770 3076 842 πταίσματος.
3112 769 3389 825 Ἐδίδασκε
3440 770 3571 839 γοῦν
3621 771 3791 825 αὑτὸν

2206 862 2264 914 ἐν
2294 862 2391 932 μὲν
2418 859 2497 933 τῷ
2523 860 2603 931 λη’
2631 861 2809 933 ἐαυτῷ
2835 864 3137 934 παραινεῖν,
3164 861 3258 915 καὶ
3287 861 3423 935 πρὸς
3453 864 3645 916 ἑαυτὸν
3676 863 3793 918 δια-

2205 953 2458 1024 λέγεσθαι
2485 955 2580 1009 καὶ
2608 955 2789 1026 λέγειν
2810 973 2825 989 ’
2861 974 2879 1008 ι
2905 952 3047 1010 Εἶπα
3066 971 3080 986 '
3103 955 3328 1022 Φυλάξω
3354 956 3455 1020 τὰς
3479 957 3633 1022 ὁδούς
3663 976 3788 1029 μου,

2205 1047 2298 1101 τοῦ
2338 1048 2412 1120 μὴ
2435 1048 2769 1121 ἁμαρτάνειν
2790 1049 2849 1104 ἐν
2883 1049 3103 1123 γλώσσῃ
3136 1065 3259 1119 μου.
3304 1047 3538 1120 Ἐθέμην
3564 1050 3642 1122 τῷ
3669 1052 3790 1105 στό-

2207 1142 2339 1213 ματί
2367 1160 2467 1214 μου
2512 1141 2758 1213 φυλακὴν
2779 1183 2795 1206 ,
2830 1143 2888 1195 ὲν
2910 1140 2987 1213 τῷ
3018 1141 3277 1212 συστῆναι
3329 1142 3419 1196 τὸν
3462 1143 3790 1214 ἁμαρτωλὸν

2204 1232 2433 1287 ἐνώπιόν
2476 1251 2600 1305 μου.
2620 1232 2967 1305 Ἐκωφὼθην,
2997 1232 3091 1286 καὶ
3125 1230 3517 1301 ἐταπεινώθην,
3544 1234 3639 1287 καὶ
3675 1234 3792 1287 ἐσί-

2204 1343 2350 1399 γησα
2378 1324 2437 1393 ἐξ
2469 1324 2689 1396 ἀγαθῶν
2709 1366 2723 1388 ,
2758 1324 2854 1379 καὶ
2893 1324 2955 1378 τδ
2976 1324 3198 1397 ἄλγημα
3232 1341 3333 1395 μου
3362 1325 3731 1397 ἀνεκαινίσθη,
3762 1346 3783 1374 ι

2203 1417 2297 1472 καὶ
2324 1416 2392 1470 τὰ
2421 1416 2630 1480 τούτοις
2646 1415 2795 1487 ἐξῆς.
2866 1416 2955 1470 Ἐν
2988 1410 3069 1480 οἷς
3102 1411 3169 1487 ἦν
3198 1415 3294 1469 καὶ
3331 1414 3421 1479 τὸ,
3456 1434 3474 1468 ι
3514 1416 3642 1470 Ἀπὸ
3670 1435 3788 1471 πα-

2203 1508 2313 1562 σῶν
2332 1508 2440 1563 τῶν
2471 1508 2712 1580 ἀνομιῶν
2739 1526 2840 1580 μου
2877 1507 3036 1580 ῥῦσαί
3077 1526 3143 1580 με
3167 1525 3180 1539 ο
3215 1507 3418 1572 ὄνειδος
3446 1508 3632 1580 ἄφρονι
3658 1510 3791 1564 ἔδω-

2202 1602 2304 1667 κάς
2344 1619 2433 1675 με.
2473 1601 2805 1675 Ἐκωφώθην
2842 1602 2939 1656 καὶ
2978 1601 3080 1655 οὑκ
3106 1601 3295 1673 ἦνοιξα
3334 1600 3396 1656 τὸ
3439 1602 3611 1673 στόμα
3656 1620 3789 1674 μου,

2200 1693 2281 1747 δτι
2316 1693 2381 1747 σὺ
2426 1693 2720 1764 ἐποίησας’
2760 1712 2779 1746 ι
2822 1693 2919 1746 καὶ⁷
2969 1692 3168 1746 πάλιν
3226 1710 3245 1744 ι
3319 1692 3647 1763 ’Δπόστητον
3689 1696 3793 1749 ἀπ’

510 1787 566 1843 ἰιι
598 1785 703 1843 hoc
737 1794 920 1843 autem
951 1785 1208 1843 similiter
1235 1782 1413 1840 eidem
1444 1786 1565 1839 viro
1592 1790 1785 1838 auctor
1814 1790 1899 1838 est
1925 1779 2091 1837 David

2198 1775 2334 1857 ἐμοῦ
2365 1783 2465 1848 τὰς
2495 1782 2766 1855 μάστιγάς
2799 1799 2913 1837 σου.
2954 1782 3090 1836 Ἀπὸ
3111 1782 3211 1854 τῆς
3243 1782 3426 1854 ἰσχύος
3458 1786 3559 1856 τῆς
3604 1784 3792 1854 χειρός

511 1890 572 1935 ιιι
607 1878 881 1952 colloquia
914 1892 1104 1935 secum
1135 1876 1368 1933 misceat
1393 1890 1459 1932 ac
1486 1875 1672 1931 dicat:
1711 1895 1729 1926 ι
1762 1873 1955 1929 Nonne
1983 1872 2095 1929 Deo

511 1970 764 2051 subjecta
791 1972 897 2037 erit
929 1971 1111 2026 anima
1142 1986 1263 2027 mea
1310 1988 1325 2024 :
1363 1967 1434 2025 ab
1487 1968 1608 2039 ipso
1659 1968 1804 2023 enim
1854 1967 2095 2023 salutare

509 2079 690 2119 meum
713 2062 738 2118 ?
772 2082 793 2114 i
817 2063 984 2131 Queis
1012 2062 1286 2135 significat
1311 2077 1371 2119 se
1389 2060 1697 2129 vaeillasse,
1720 2075 1785 2115 ac
1799 2060 2091 2131 quamdam

508 2154 981 2225 perturbationem
1037 2153 1234 2210 animae
1281 2167 1506 2225 passum
1553 2167 1695 2208 esse.
1738 2149 1877 2218 Quia
1926 2151 2094 2221 igitur

507 2248 896 2320 ingruentibus
931 2248 1300 2304 tentatoribus
1346 2246 1619 2303 tantillum
1667 2245 1848 2300 animo
1887 2243 2092 2299 fractus

507 2349 611 2404 est,
636 2338 689 2394 id
719 2336 1186 2404 auimadvertens,
1218 2352 1329 2393 non
1353 2345 1413 2392 ut
1434 2335 1527 2392 ille
1553 2334 1644 2407 qui
1671 2333 1911 2399 dicebat,
1937 2352 1955 2385 ι
1988 2331 2091 2389 Mei

403 2462 406 2466 ~
510 2443 692 2489 autem
724 2447 864 2504 pene
893 2432 1026 2488 moti
1055 2439 1185 2488 sunt
1214 2429 1380 2505 pedes
1403 2430 1493 2498 °°;
1536 2448 1556 2482 ι
1595 2428 1691 2485 sed
1731 2434 1791 2482 ut
1820 2442 1948 2483 vere
1976 2441 2093 2483 mo-

508 2534 623 2590 tus,
662 2525 977 2582 necessario
1010 2524 1079 2581 ad
1106 2524 1224 2581 bace
1266 2520 1498 2579 dicenda
1527 2521 1870 2577 instituitur:
1909 2537 1928 2572 ι
1970 2517 2089 2574 Non

507 2609 769 2668 movebor
796 2609 1032 2681 amplius
1057 2626 1074 2678 ;
1103 2627 1123 2662 ι
1149 2608 1265 2665 sive
1287 2605 1593 2664 secundum
1615 2604 1892 2675 Aquilam,
1919 2620 1938 2654 ι
1967 2600 2091 2658 Fal-

507 2704 590 2756 lar
621 2702 892 2770 multum;
953 2720 973 2754 ι
1015 2699 1318 2757 secundum
1349 2698 1596 2771 quintam
1627 2696 1922 2753 editionem
1950 2694 2089 2752 dici-

509 2801 597 2849 tur
628 2793 817 2857 etiam,
871 2812 891 2845 ι
948 2791 1070 2849 Non
1119 2791 1386 2847 movebor
1417 2789 1673 2861 amplius.
1736 2807 1754 2840 ι
1811 2788 2092 2844 Consonat

507 2893 690 2941 autem
724 2885 988 2941 doctrinae
1038 2884 1328 2955 praesentis
1362 2880 1632 2939 sententia
1663 2879 1961 2952 prophetiae
2005 2879 2090 2936 di-

507 2978 653 3035 centi
683 2998 695 3033 :
735 2997 753 3030 ι
791 2976 886 3034 Vae
909 2980 1002 3050 qui
1031 2977 1331 3035 detrahunt
1359 2983 1588 3049 peccata
1615 2982 1676 3030 ut
1706 2973 1950 3030 funiculo
1970 2973 2090 3030 lon-

506 3085 597 3142 go,
626 3079 681 3125 et
706 3070 864 3141 quasi
900 3069 1129 3141 plaustri
1169 3068 1290 3125 loro
1317 3066 1554 3136 buculai,
1591 3065 1910 3138 iniquitates
1935 3065 2015 3132 “;
2063 3084 2082 3117 ι

2202 1895 2295 1932 σου
2313 1875 2423 1946 ἐγὼ
2438 1872 2704 1941 ἐξέλιπον.
2738 1894 2758 1927 ι
2785 1873 2972 1929 Ταῦτα
3005 1874 3188 1929 καὶτὰ
3217 1873 3443 1929 τοιαῦτα
3474 1874 3794 1930 ἐδιδάσκετο

2146 1988 2147 1997 η
2199 1968 2376 2037 λέγειν
2428 1968 2524 2023 καὶ
2569 1966 2649 2040 τῷ
2697 1966 2817 2039 Θεῷ
2854 1967 3111 2033 τοιαύτας
3153 1967 3320 2040 εὑχάς
3363 1968 3720 2040 ἀναπέμπειν
3761 1971 3794 2023 6

2211 2059 2442 2133 Ἰδιθοὺμ
2468 2062 2526 2114 ἐν
2558 2059 2753 2132 ἐκείνῳ
2779 2076 2792 2090 ·
2829 2059 2925 2114 καί⁵
2953 2061 3011 2113 ἐν
3032 2059 3113 2131 τῷ
3148 2060 3286 2132 μετά
3312 2064 3499 2133 χεῖρας
3521 2062 3580 2116 δέ
3610 2062 3790 2117 ὡσαύο

2197 2173 2307 2221 τως
2330 2155 2421 2209 τὸν
2450 2154 2613 2208 αὑτὸν
2640 2154 2808 2226 ἄνδρα
2826 2155 2855 2209 ὁ
2878 2139 3044 2208 Δαυῒδ
3062 2152 3301 2208 διδάσκει
3325 2154 3502 2226 ἐαυτῷ
3531 2155 3793 2228 προσδια-

2197 2246 2451 2319 λέγεσθαι
2485 2247 2580 2303 καὶ
2612 2246 2823 2315 λέγειν’
2857 2265 2877 2298 ι
2931 2238 3069 2319 υὺχὶ
3105 2246 3186 2318 τῷ
3222 2245 3343 2319 Θεῷ
3376 2247 3790 2319 ὑποταγήσεται

2197 2345 2231 2416 ἡ
2278 2341 2423 2414 ψυχή
2475 2356 2618 2414 μου;
2657 2344 2791 2416 παρ’
2823 2338 2988 2395 αὑτοῦ
3041 2338 3150 2413 γὰρ
3195 2340 3258 2393 τὸ
3302 2340 3568 2412 σωτήριόν
3604 2356 3732 2411 μου.
3764 2359 3784 2392 ι

2196 2432 2458 2504 Σημαίνει
2509 2430 2866 2487 σεσαλεῦσθαι
2914 2430 3106 2496 αὑτὸν,
3146 2429 3244 2485 καί
3275 2448 3400 2487 τινα
3420 2430 3672 2504 ταραχὴν
3716 2434 3787 2503 τῇ

2194 2522 2339 2595 ψυχῇ
2376 2520 2724 2578 πεπονθέναι.
2790 2523 2942 2577 Ἐπεὶ
2986 2523 3167 2577 τοίνυν
3190 2561 3206 2586 ,
3251 2521 3360 2577 τῶν
3413 2523 3788 2595 πειραζόντων

2195 2612 2529 2686 ἐπιθεμένων
2572 2613 2722 2686 αὐτῷ
2744 2655 2759 2680 ,
2795 2614 2985 2685 γέγονέ
3018 2632 3103 2679 τις
3134 2613 3286 2687 αὑτῷ
3317 2615 3504 2669 ἀτονία
3524 2654 3540 2677 ,
3586 2614 3789 2687 ᾔσθετό

2193 2721 2255 2758 τε
2291 2703 2484 2759 ἐαυτοῦ
2527 2704 2591 2759 οὑ
2618 2706 2764 2760 κατά
2794 2704 2886 2759 τὸν
2914 2705 3206 2778 είρηκόταο
3249 2722 3267 2756 ι
3323 2704 3489 2776 Ἐμοῦ
3535 2704 3596 2759 δέ
3632 2705 3785 2776 παρά

2199 2794 2393 2868 μικρὸν
2421 2794 2797 2868 ἐσαλεύθησαν
2828 2795 2878 2849 oi
2913 2794 3073 2859 πόδες
3094 2834 3108 2859 ,
3146 2813 3165 2847 ι
3223 2794 3360 2848 ἀλλά
3413 2795 3510 2848 καὶ
3565 2794 3784 2866 ἀληθῶς

2197 2885 2579 2952 σαλευθέντος·
2615 2874 3263 2958 ἀναγκαίωςδιδάσκεται
3286 2887 3468 2956 λέγειν
3490 2904 3506 2918 ο
3549 2906 3569 2941 ι
3601 2889 3679 2942 Ui)
3708 2890 3785 2961 μὴ

2196 2971 2442 3029 σαλευθῶ
2464 2975 2558 3029 ἐπὶ
2588 2975 2770 3032 πλεῖον
2793 2991 2807 3005 ο
2843 2993 2863 3029 ι
2896 2975 2931 3048 ἢ
2966 2976 3110 3031 κατά
3141 2976 3231 3032 τὸν
3280 2977 3541 3032 Ἀκύλαν·
3581 2996 3603 3029 ι
3642 2979 3786 3049 Σφα-

2194 3066 2427 3139 λήσομαι
2450 3066 2654 3140 πολλήν
2678 3086 2691 3099 ·
2724 3087 2743 3120 ι
2772 3069 2868 3123 καὶ⁴
2891 3067 3033 3124 κατά
3063 3068 3162 3142 τὴν
3195 3070 3453 3143 πέμπτην
3478 3070 3537 3124 δέ
3573 3070 3785 3125 ἔκδοσιν

508 3169 675 3232 atque
724 3160 842 3217 illi:
882 3178 901 3212 ι
959 3158 1217 3232 Nunquid
1248 3158 1344 3231 qui
1373 3158 1541 3224 cadit,
1595 3171 1707 3213 non
1735 3161 2006 3229 resurget,
2035 3163 2090 3210 et

2194 3157 2438 3232 είρηται·
2473 3178 2492 3213 ι
2530 3160 2607 3215 Οὑ
2644 3160 2721 3233 μὴ
2754 3159 2999 3215 σαλευθῶ
3033 3162 3127 3215 ἐπὶ
3177 3162 3383 3217 πλεῖον.
3429 3181 3449 3215 ι
3479 3161 3784 3234 Σύμφωνος

507 3252 603 3323 qui
630 3253 900 3310 avertitur
930 3267 1039 3308 non
1067 3250 1414 3309 revertetur?
1434 3248 1618 3319 Quare
1639 3248 1906 3305 avertitur
1932 3262 2087 3304 aver-

506 3343 661 3402 sione
709 3341 1206 3417 impudenti?dicit
1257 3339 1522 3397 Dominus
1545 3340 1613 3396 “.
1650 3357 1670 3393 ι
1715 3336 1843 3395 Haec
1885 3337 2087 3410 quippe

509 3437 695 3495 omnia
726 3436 929 3493 docent
956 3450 1084 3491 eum
1115 3433 1209 3507 qui
1248 3432 1420 3490 semel
1447 3433 1635 3505 lapsus
1661 3431 1754 3499 sit,
1786 3438 1847 3486 ut
1872 3430 1927 3485 in
1954 3444 2085 3502 pee-

503 3540 630 3589 cato
658 3546 769 3588 non
810 3537 1054 3598 maneat,
1098 3543 1277 3603 neque
1304 3525 1643 3599 despondeat
1684 3523 1954 3590 animum,
1989 3536 2087 3579 ne-

503 3639 611 3696 que
665 3621 987 3679 tentationis
1040 3620 1214 3677 ﬂuxui
1273 3635 1398 3677 sese
1450 3617 1762 3676 dedititium
1822 3615 2080 3689 praebeat.

503 3715 686 3784 Quare
707 3714 1028 3771 necessario
1056 3711 1320 3769 edocetur
1341 3709 1577 3766 lditbum
1606 3709 1674 3765 ad
1706 3708 1791 3765 sui
1816 3705 2081 3765 medelam

502 3808 935 3881 bacprol‘erre:
973 3814 1139 3880 atque
1184 3806 1364 3878 primo
1411 3803 1481 3860 ad
1520 3816 1778 3876 magnum
1827 3796 2084 3858 Servato-

501 3916 619 3959 rem
647 3910 703 3958 et
743 3901 1052 3956 animarum
1081 3897 1357 3955 medicum
1407 3894 1743 3968 confugere;
1778 3891 2083 3963 deindeque

502 3994 743 4050 animam
773 4007 930 4049 suam
961 4008 1074 4047 non
1103 3988 1443 4053 hominibus,
1475 4002 1655 4058 neque
1698 3993 1967 4040 terrorem
1999 3981 2085 4037 in~

500 4084 838 4144 cutientibus
868 4083 1180 4154 subjicere;
1214 4080 1310 4138 sed
1345 4094 1515 4135 unum
1548 4091 1807 4149 magnum
1839 4073 2080 4147 iudicem

496 4188 555 4239 et
600 4177 770 4236 Deum
818 4177 889 4234 ob
933 4176 1125 4233 oculos
1164 4188 1388 4246 ponere,
1437 4170 1653 4243 ipsique
1700 4168 1804 4225 soli
1839 4167 2077 4223 animam

498 4272 774 4344 subjicere
801 4252 982 4334 suam,
1013 4268 1356 4338 liberamque
1386 4263 1562 4336 ipsam
1613 4261 1682 4318 ab
1710 4259 1861 4317 omni
1892 4268 2069 4315 extra.

495 4382 601 4431 nco
631 4374 781 4422 metu
814 4371 1079 4421 statuere.
1121 4359 1490 4429 Quamobrem
1520 4356 1637 4412 ait:
1686 4372 1708 4407 ι
1745 4353 1937 4410 Nonne
1970 4351 2079 4409 Deo

2187 3250 2238 3304 δ’
2265 3249 2334 3306 ἂν
2376 3250 2464 3324 είη
2495 3251 2526 3306 δ
2569 3250 2696 3317 νοῦς
2736 3252 2839 3321 τῆς
2891 3253 3261 3327 προκειμένης
3307 3253 3661 3320 διδασκαλίας
3713 3258 3782 3328 τῇ

2188 3343 2471 3429 φασκούση
2523 3345 2860 3419 προφητείᾳ·
2905 3364 2925 3398 ι
2968 3345 3105 3401 Οὐαὶ
3161 3348 3213 3401 oi
3253 3346 3626 3420 ἐπισπώμενοι
3683 3350 3784 3413 τὰς

2188 3433 2461 3506 ἁμαρτίας
2488 3433 2565 3501 ὼς
2597 3438 2819 3510 σχοινίῳ
2876 3437 3096 3513 μακρῷ,
3131 3437 3227 3492 καὶ
3263 3437 3341 3503 ὡς
3372 3436 3540 3508 ζυγοῦ
3595 3439 3783 3512 ἱμάντι

2184 3525 2468 3598 δαμάλεως
2521 3527 2623 3593 τὰς
2665 3529 2894 3601 ἀνομίας
2918 3548 2932 3565 ο
2975 3549 2995 3583 ι
3027 3529 3125 3585 καὶ
3154 3529 3235 3602 τῷ
3265 3569 3281 3596 ,
3324 3548 3342 3581 ι
3388 3530 3481 3602 Μὴ
3509 3530 3539 3583 ό
3560 3530 3782 3584 πίπτων

2184 3616 2286 3673 οὑκ
2326 3618 2647 3683 ἀνίσταται,
2680 3619 2777 3674 καὶ
2812 3620 2842 3673 ὁ
2872 3619 3236 3692 ἀποστρέφων
3283 3620 3384 3675 οὑκ
3405 3619 3775 3692 ἀναστρέφει;

2192 3709 2311 3763 Ἵνα
2335 3709 2389 3765 τί
2420 3709 2827 3784 ἀποστρέφεται
2859 3712 3214 3785 ἀποστροφὴν
3246 3710 3451 3782 ἀναιδῆ,
3482 3708 3635 3780 λέγει
3655 3711 3780 3766 Κύ-

2186 3818 2343 3876 ριος;
2381 3823 2400 3858 ι
2438 3804 2625 3883 Πάντα
2653 3804 2765 3878 γὰρ
2783 3804 2957 3869 ταῦτα
2983 3805 3224 3861 διδάσκει
3267 3806 3359 3861 τὸν
3390 3803 3535 3872 ἅπαξ
3579 3806 3779 3878 ἡμαρ-

2181 3897 2388 3969 τηκότα
2416 3897 2491 3970 μὴ
2525 3897 2865 3971 παραμένειν
2894 3898 2975 3971 τῷ
3009 3900 3373 3972 ἁμαρτήματι
3398 3938 3413 3964 ,
3465 3897 3605 3971 μηδὲ
3638 3900 3786 3953 ἀπε.-

2182 3987 2473 4059 γινώσκειν
2494 3989 2708 4056 ἐαυτὸν,
2742 3990 2874 4063 μηδέ
2906 3989 3120 4045 ἔκδοτον
3145 3992 3406 4065 παρέχειν
3427 3989 3508 4062 τῷ
3533 3989 3633 4045 τοῦ
3660 4008 3785 4045 πει-

2186 4078 2443 4152 ρατηρίου
2473 4077 2724 4151 ῥεύματι.
2762 4074 2855 4134 Διδ
2879 4079 3196 4149 ἀναγκαίως
3238 4081 3554 4136 διδάσκεται
3586 4080 3618 4133 ὁ
3661 4080 3785 4136 Ἰδι-

2182 4171 2323 4244 θοὺμ
2352 4172 2576 4241 ἐπᾴδειν
2610 4171 2810 4244 ἐαυτῷ,
2849 4172 2949 4228 καὶ
2973 4171 3040 4227 τὰ
3069 4173 3411 4247 προκείμενα
3434 4172 3619 4244 λέγειν
3641 4190 3657 4204 ·
3685 4173 3782 4229 καὶ

2182 4262 2398 4336 πρῶτον
2434 4262 2535 4335 μὲν
2569 4263 2663 4319 ἐπὶ
2706 4263 2799 4319 τὸν
2839 4264 3013 4337 μέγαν
3038 4266 3269 4338 Σωτῆρα
3302 4265 3399 4320 καὶ
3442 4265 3553 4320 τῶν
3590 4264 3781 4337 ψυχῶν

2184 4355 2367 4429 ἰατρὸν
2402 4353 2803 4426 καταφεύγειν
2840 4357 3031 4412 ἔπειτα
3064 4358 3388 4414 ὑποτάττειν
3430 4358 3531 4431 τὴν
3577 4357 3775 4413 ἑαυτοῦ

495 4459 744 4530 subjecta
774 4457 881 4513 erit
936 4455 1121 4511 anima
1161 4451 1328 4509 mea?
1359 4471 1377 4505 ι
1415 4460 1469 4506 et
1493 4458 1709 4506 caetera.
1735 4445 1838 4502 Hie
1858 4460 2076 4502 rursum

2194 4442 2379 4517 ίιυχὴν,
2402 4445 2599 4517 μηκέτι
2629 4445 2957 4519 ἀνθρώποις,
2993 4449 3127 4520 μηδέ
3151 4452 3264 4514 τοῖς
3296 4448 3620 4521 ἐκφοϐοῦσιν
3640 4467 3655 4480 ’
3682 4450 3776 4503 ἕνα

496 4553 738 4610 salutare
786 4550 1054 4607 llebraica
1104 4561 1262 4610 voce,
1315 4553 1371 4601 et
1419 4541 1714 4616 ipsissimis
1765 4538 2073 4603 elementis,

2194 4510 2237 4590 δέ
2575 4510 2870 4611 ὀφθαλμῶν
2896 4510 3122 4612 μενον
3149 4510 3258 4596 τὸν*
3286 4510 3459 4614 μέγαν
3487 4541 3688 4615 κριτήν
3713 4558 3771 4597 τε

496 4644 654 4713 queis
684 4643 944 4699 salutaris
972 4640 1148 4696 nostri
1178 4636 1310 4695 Jesu
1340 4651 1537 4693 nomen
1569 4632 1853 4690 scribitur.

2183 4630 2277 4684 ml.
2312 4629 2466 4695 Θεὸν,
2498 4629 2649 4702 αὑτῷ
2689 4632 2836 4704 μόνῳ
2875 4632 2972 4705 τὴν
3002 4633 3196 4688 ἑαυτοῦ
3218 4633 3396 4706 ψυχὴν
3426 4634 3772 4696 ὑποτάττειν.

497 4733 814 4805 ἐλευθεροῦν
857 4751 918 4789 τε
965 4731 1133 4803 αὐτὴν
1182 4730 1381 4794 παντὸς
1417 4725 1698 4799 ἀλλοτρίου
1758 4722 1943 4795 φόϐου.
1980 4722 2072 4776 Διό
2110 4738 2274 4793 φησιν
2298 4739 2312 4755 ο
2352 4740 2371 4775 ι
2408 4722 2542 4795 Οὐχὶ
2576 4722 2655 4796 τῷ
2679 4722 2798 4796 Θεῷ
2827 4724 3233 4798 ὑποταγήσεται
3267 4726 3475 4799 ἡψυχὴ
3543 4742 3684 4799 μους
3745 4745 3766 4778 ι

497 4825 594 4880 καὶ
611 4824 681 4879 τὰ
707 4826 853 4897 ἑξῆς.
871 4825 1040 4880 Πάλιν
1059 4823 1115 4878 δὲ
1136 4822 1413 4878 κάνταῦθα
1428 4821 1490 4876 τὸ
1515 4820 1780 4892 σωτήριον
1809 4816 2072 4889 Ἑβραῖκῇ
2111 4818 2262 4888 φωνῇ
2300 4813 2391 4869 διὰ
2420 4814 2531 4871 τῶν
2568 4817 2750 4871 αὑτων
2782 4818 3084 4890 στοιχείων,
3151 4818 3221 4874 δι’
3288 4812 3366 4875 ὧν
3402 4817 3682 4893 γράφεται
3712 4819 3777 4873 τὸ

494 4917 589 4987 τοῦ
623 4918 893 4992 σωτηρίου
919 4917 1077 4991 ἡμῶν
1122 4916 1298 4989 Ἰησοῦ
1323 4916 1514 4987 ὄνομα,
1544 4911 1793 4984 φέρεται.

566 5029 694 5088 llaec
734 5031 921 5104 legens
965 5030 1234 5103 quispiam
1276 5038 1582 5101 opportune
1629 5035 1881 5098 qumrat:
1923 5008 2069 5091 Quid

494 5138 676 5182 causa:
701 5120 961 5193 estquod
992 5137 1116 5177 eum
1158 5121 1268 5183 duo
1321 5128 1534 5198 tantum
1589 5120 1702 5176 sint
1737 5137 1756 5171 ι
1815 5132 1916 5189 pro
1962 5114 2070 5171 ldi-

494 5220 671 5284 thum,
711 5236 729 5270 ι
766 5216 851 5273 vel
882 5214 1188 5272 secundum
1220 5214 1494 5285 Aquilam,
1550 5233 1567 5267 ι
1630 5214 1699 5269 de
1743 5211 2002 5274 lditlium,
2044 5228 2063 5261 ι

494 5309 770 5379 inscripti,
800 5308 838 5363 ii
870 5317 1048 5361 tamen
1082 5321 1189 5360 non
1221 5314 1639 5375 consequenter,
1671 5302 1766 5359 sed
1799 5302 1961 5373 longo
1986 5302 2070 5355 in-

2242 5019 2497 5090 Εὑλόγως
2535 5019 2591 5074 δέ
2619 5038 2703 5086 τις
2742 5022 2998 5095 ζητήσειε
3033 5023 3246 5090 τούτοις
3277 5024 3667 5096 ἐντυγχάνων
3706 5027 3783 5083 τί

2171 5109 2372 5182 δήποτε
2405 5110 2581 5182 μόνων
2614 5109 2708 5166 δύο
2733 5111 2902 5169 ὄντων
2933 5113 3043 5170 τῶν
3074 5134 3093 5167 ι
3120 5115 3265 5188 ὑπὲρ
3294 5115 3389 5170 τοῦ
3415 5116 3711 5190 Ἰδιθοὺμμ
3740 5119 3787 5192 ἢ

2178 5223 2196 5256 ι
2222 5203 2351 5276 περὶ
2391 5203 2486 5259 τοῦ
2544 5205 2778 5279 Ἰδιθοὺμ
2806 5226 2825 5262 ι
2854 5207 2998 5262 κατά
3028 5209 3120 5264 τὸν
3159 5207 3390 5264 Ἀκύλαν
3423 5210 3741 5283 είρημένων
3766 5250 3789 5274 ,

2171 5296 2282 5351 οὔτ’
2314 5296 2513 5371 ἐφεξῆς
2544 5298 2795 5371 ἀλλήλοις
2829 5304 3040 5357 κεῖνται
3089 5303 3431 5376 ἀμφότεροι,
3468 5305 3691 5378 μακρὰν
3722 5304 3788 5361 δ’

442 5450 449 5455 .
493 5403 726 5461 tervallo
756 5399 939 5457 dissiti
961 5398 1181 5470 iaceant
1214 5395 1312 5468 (l).
1343 5395 1520 5467 llujus
1554 5396 1632 5452 rei
1666 5408 1912 5463 causam,
1943 5407 2067 5447 cuin

2194 5390 2644 5463 ιπεσχοινισμένοι
2666 5394 3019 5464 τυγχάνουσι.
3046 5394 3160 5467 Τὴν
3187 5394 3246 5450 δὲ
3268 5394 3475 5451 τούτων
3499 5395 3685 5454 αἰτίαν
3710 5397 3789 5457 ἐν

564 5605 608 5639 ⁸⁷
651 5604 795 5662 Psal.
829 5619 1059 5662 xxxvnl.
1089 5603 1209 5660 2-3.
1283 5603 1661 5671 "ibid.9,19.
1736 5590 1932 5661 I"ibid.
1963 5604 2050 5662 ll.
2084 5605 2148 5663 l2
2245 5605 2450 5664 “Psat.
2485 5623 2653 5676 LXXII,
2689 5608 2745 5667 2.
2821 5609 2991 5668 "Isa.
3021 5627 3076 5679 v,
3116 5611 3201 5667 l8.
3277 5607 3451 5667 “Jer.
3487 5610 3791 5677 vn:,&,8.

564 5762 643 5828 (ί)
678 5761 802 5821 llaec
825 5763 1103 5823 enarratio
1127 5778 1194 5818 ex
1225 5761 1506 5821 tricesimo
1535 5771 1733 5821 octavo
1759 5762 1971 5836 psalmo
1995 5762 2222 5821 excidit.
