4024 6210
270 371 375 427 589

1265 350 1271 355 '
1355 364 1881 450 commxmm
1911 365 1975 423 ιχ
2005 364 2344 421 essurus.

3400 371 3505 427 590

267 494 382 556 τοῖς
428 488 733 562 εἰρημένοις
759 489 885 560 ἡμῖν
911 489 989 552 εἰς
1026 488 1116 542 τὸν
1138 488 1241 559 λη’,
1270 492 1681 560 γραμματικαῖς
1712 490 1839 542 ἁπο-

1946 487 2011 540 de
2037 502 2243 540 xxxviii
2272 484 2931 555 ageretur,grammaticis
2949 484 3508 545 demonstrationibus

262 582 468 650 δείξεσι
501 582 946 653 παρεστήσαμεν.
985 581 1143 634 ’Λλλὰ
1177 581 1269 633 καὶ
1300 581 1383 644 τίς
1408 576 1475 652 ἦν
1518 583 1546 634 6
1586 579 1841 651 Ἰδιοοὺμ,

262 674 367 745 ήδη
397 672 659 744 πρότερον
692 672 750 724 ἐν
784 671 931 742 αύτῷ
960 671 1150 743 ἐκείνῳ
1173 672 1587 749 δεδηλώκαμεν,
1612 673 1708 743 τὴν
1739 674 1845 726 ἀπὸ

261 764 375 819 τῶν
411 763 902 835 Παραλειπομένων
939 764 1173 836 ἱστορίαν
1208 764 1604 837 παραθέμενοι·
1656 765 1721 818 δι’
1776 761 1844 836 ἦς

264 856 541 913 ἐδείκνυτο
570 849 650 918 εἷς
671 854 778 910 τῶν
806 854 1206 926 ὲκλελεγμένων
1227 857 1305 920 εἰς
1325 856 1387 910 τὸ
1414 859 1580 911 αἰνεῖν
1603 858 1691 910 τὸν
1713 857 1843 909 Θεὸν

263 946 533 1018 γεγονὼς.
579 946 890 1018 Γέγραπται
936 946 1096 1016 γοῦν*
1140 966 1158 999 ι
1204 948 1314 1001 Καὶ
1365 948 1682 1003 κατέλειπον
1728 950 1844 1002 ἐκεῖ

260 1040 511 1095 ἐναντίον
525 1039 621 1110 τῆς
639 1037 869 1092 κιόωτοῦ
895 1039 996 1109 τῆς
1016 1038 1290 1112 Διαθήκης
1316 1041 1522 1113 Κυρίου
1547 1041 1639 1095 τὸν
1670 1041 1841 1111 Ἀσάφ

260 1134 355 1187 καὶ
385 1133 513 1196 τοὺς
528 1130 791 1200 ἀδελφοὺς
815 1130 977 1186 αὑτοῦ
997 1132 1342 1204 λειτουργοὺς
1370 1133 1607 1188 ἐναντίον
1627 1134 1724 1204 τῆς
1753 1151 1839 1187 κι-

260 1222 463 1276 ϐωτοῦ.
492 1241 510 1272 ι
530 1222 641 1276 Καὶ
669 1219 796 1291 ὲξῆς
825 1221 1058 1293 εἴρηται·
1090 1243 1108 1274 ι
1136 1223 1311 1294 Αἰμὰν
1337 1224 1432 1277 καὶ
1473 1223 1725 1295 Ἱὸιθοὺμ,
1748 1224 1840 1278 καὶ

260 1315 310 1367 οἱ
338 1314 518 1366 λοιποὶ
536 1312 849 1381 ὲκλεγέντες
874 1315 959 1367 ἐπ’
985 1314 1247 1386 ὀνόματος
1279 1315 1374 1369 τοῦ
1400 1317 1569 1370 αἰνεῖν
1602 1316 1693 1370 τὸν
1724 1316 1839 1369 Κύ-

261 1424 382 1481 ριον
403 1447 419 1471 ,
470 1407 552 1460 ὅτι
599 1408 683 1469 εἰς
722 1404 894 1460 αἰῶνα
925 1407 987 1460 τὸ
1038 1407 1184 1471 ἔλεος
1212 1408 1375 1462 αὐτοῦ
1396 1424 1409 1438 ·
1454 1427 1473 1461 ι
1517 1408 1612 1462 καὶ
1638 1409 1798 1463 πάλιν
1822 1426 1835 1439 ·

268 1520 287 1552 ι
327 1499 467 1554 Μετ’
488 1498 668 1553 αὐτῶν
696 1498 873 1569 Δίμὰν
906 1499 999 1552 καὶ
1038 1499 1291 1572 Ἰδιθοὺμ,
1321 1500 1619 1571 σάλπιγγές
1654 1518 1713 1555 τε
1744 1502 1838 1556 καὶ

262 1589 518 1660 κύμϐαλα
551 1587 645 1642 τοῦ
680 1589 976 1657 ἀναφωνεῖν
998 1628 1014 1652 ,
1040 1590 1134 1643 καὶ
1165 1588 1370 1661 ὄργανα
1408 1591 1518 1644 τῶν
1561 1590 1713 1662 ᾠδῶν
1745 1590 1838 1645 τοῦ

265 1684 426 1746 θεοῦ,
461 1682 566 1737 υἱοὶ
598 1681 834 1753 Ἰδιθοὺμ
860 1683 938 1746 εἰς
956 1682 1054 1754 τὴν
1083 1681 1256 1753 πύλην
1275 1697 1288 1711 ·
1317 1700 1336 1734 ι
1367 1683 1461 1736 καὶ
1476 1678 1630 1747 αὖθις
1650 1700 1664 1715 ο
1687 1702 1704 1733 ι
1728 1683 1839 1737 Καὶ

269 1773 498 1845 ἔστησεν
516 1774 543 1825 6
571 1769 821 1842 βασιλεὺς
848 1771 1010 1825 Δαυῒδ
1041 1771 1137 1825 καὶ
1175 1773 1223 1825 οἱ
1253 1772 1510 1844 ἄρχοντες
1547 1774 1646 1845 τῆς
1676 1774 1835 1829 δυνά-

1949 579 2126 633 allatis
2151 576 2563 648 descripsimus.
2597 573 2704 630 Sed
2729 576 2891 631 etiam
2919 579 3044 649 quis
3073 591 3218 637 esset
3247 580 3504 645 lditbum,

1941 670 2053 739 jam
2093 670 2280 725 eodem
2314 671 2367 725 in
2398 672 2609 742 psalmo
2634 671 3055 740 declaravimus,
3078 673 3241 727 allata
3274 675 3340 728 ad
3368 675 3509 730 hanc

1945 777 2057 817 rem
2108 760 2561 832 Paralipomenon
2617 762 2888 828 historia;
2947 777 3055 831 qua
3105 762 3509 820 demonstratur

1945 868 2066 906 eum
2100 867 2131 907 e
2160 867 2390 906 numero
2419 850 2749 907 delectorum
2787 852 2853 906 ad
2882 851 3048 907 Deum
3080 853 3331 910 laudibus
3366 857 3500 912 cele-

1944 941 2215 996 brandum
2250 941 2442 997 fuisse.
2499 941 2774 1013 Scriptum
2816 942 2998 1013 itaque
3029 951 3156 999 est":
3211 964 3230 995 ι
3269 944 3335 998 Et
3382 946 3503 1001 reli-

1942 1041 2179 1103 querunt
2218 1033 2289 1088 ibi
2319 1048 2501 1087 coram
2534 1048 2660 1088 area
2708 1032 3044 1088 Testamenti
3077 1034 3285 1090 Domini
3325 1037 3508 1108 Asaph

1941 1132 1995 1178 et
2014 1124 2209 1181 fratres
2227 1125 2366 1195 ejus,
2383 1136 2440 1180 ut
2459 1126 2835 1181 ministrarent
2853 1126 2907 1181 in
2927 1139 3220 1197 conspectu
3241 1132 3457 1198 arcte“;
3481 1149 3502 1183 υ

1941 1231 2006 1270 ac
2037 1217 2294 1286 deinceps
2320 1217 2520 1271 dicitur
2549 1237 2561 1272 :
2592 1238 2610 1268 ι
2650 1217 2849 1273 Ᾱῐῐηιιη
2874 1227 2929 1273 et
2962 1217 3193 1275 ldithum
3221 1230 3275 1275 et
3310 1222 3505 1292 reliqui

1941 1324 2007 1362 ex
2050 1308 2269 1363 nomine
2295 1308 2450 1362 electi
2500 1307 2569 1362 ad
2601 1309 2930 1363 laudandum
2984 1306 3316 1365 Dominum:
3373 1327 3509 1381 quo-

1941 1400 2085 1453 niam
2118 1401 2171 1455 in
2199 1410 2462 1456 aeternum
2497 1400 2873 1457 misericordia
2906 1400 3024 1470 ejus
3045 1400 3090 1432 “
3109 1418 3155 1467 ;ι
3176 1417 3241 1455 ac
3255 1419 3503 1458 rursum:

1946 1510 1965 1543 ι
2003 1492 2138 1546 Cum
2171 1492 2305 1564 ipsis
2331 1492 2528 1549 [Eman
2551 1501 2604 1549 et
2627 1491 2878 1555 ldithum,
2916 1492 3059 1547 tuba:
3082 1503 3135 1548 et
3163 1494 3409 1565 cymbala
3438 1496 3507 1551 ad

1941 1583 2289 1654 pulsandum,
2336 1592 2390 1640 et
2424 1585 2782 1638 instrumenta
2834 1583 3172 1638 canticorum
3230 1584 3364 1640 Dei:
3409 1586 3507 1641 filii

1940 1673 2171 1729 ldithum
2215 1675 2270 1731 in
2312 1683 2467 1746 porta
2490 1675 2570 1741 ‘5;
2604 1694 2621 1726 ι
2651 1689 2713 1728 ac
2749 1674 2944 1728 iterum
2974 1694 2987 1729 :
3027 1693 3047 1725 ι
3086 1674 3151 1729 Et
3173 1677 3362 1732 statuit
3410 1693 3507 1734 rex

1943 1765 2108 1821 David
2152 1774 2207 1824 et
2251 1767 2525 1838 principes
2575 1767 2848 1822 exercitus
2896 1769 2962 1821 ad
3016 1767 3323 1823 ministeria
3367 1768 3509 1826 filios

277 1883 427 1937 μεως
457 1867 532 1928 εἰς
564 1864 625 1918 τὰ
648 1863 785 1937 ἔργα
804 1864 930 1928 τοὺς
962 1865 1109 1927 υἱοὺς
1161 1863 1332 1934 Ἀσάφ
1378 1865 1472 1918 καὶ
1504 1866 1703 1937 Αἱμὰν,
1747 1864 1839 1919 καὶ

1943 1858 2119 1928 Asaph
2152 1865 2205 1914 et
2247 1858 2445 1915 IEman
2474 1867 2537 1934 _et
2570 1855 2830 1923 ldithum,
2882 1859 3245 1915 vociferantes
3295 1860 3505 1933 Cinyra,

291 1955 542 2027 Ἶδιθοὺμ,
569 1958 687 2018 τοὺς
716 1954 1231 2026 ἀποφθεγγομένους
1281 1956 1339 2006 ὲν
1376 1953 1575 2026 κινύρᾳ
1638 1955 1732 2008 καὶ
1784 1956 1842 2008 ὲν

279 2048 501 2111 νάὸλαις
543 2048 631 2101 καὶ
677 2049 735 2103 ὲν
789 2047 1111 2118 τυμπάνοις.
1155 2065 1174 2098 ι
1235 2046 1379 2099 ’Δντὶ
1407 2045 1463 2099 δὲ
1488 2046 1616 2111 τοῦ,
1669 2065 1688 2096 ι
1718 2047 1843 2109 τοὺς

275 2139 799 2210 ἀποφθεγγομένους,
833 2157 852 2191 ι
894 2139 922 2190 6
962 2138 1060 2210 μὲν
1104 2138 1335 2203 Ἀκύλας
1357 2178 1372 2203 ,
1414 2157 1432 2191 ι
1478 2138 1585 2192 τῶν
1629 2155 1834 2211 προφη-

269 2231 396 2295 τῶν,
438 2251 457 2283 ι
493 2233 521 2285 6
565 2231 622 2285 δὲ
651 2231 940 2303 Σύμμαχος
968 2270 983 2294 ,
1007 2249 1025 2281 ι
1067 2229 1175 2283 τῶν
1216 2228 1708 2302 προφητευσάντων
1747 2228 1835 2283 διὰ

263 2322 453 2394 λύρας,
476 2342 492 2374 ι
524 2321 801 2387 ἐξέδωκεν·
822 2320 961 2374 ὥστε
990 2321 1274 2392 προφήτας
1295 2319 1400 2393 χρὴ
1416 2318 1654 2392 νομίζειν
1678 2338 1836 2390 γεγο-

262 2416 409 2472 νέναι
434 2416 561 2478 τοὺς
572 2413 947 2484 δηλουμένους.
967 2414 1075 2466 Καὶ¹
1096 2409 1250 2478 αὖθις
1266 2413 1393 2484 ἑξῆς
1413 2412 1625 2486 εἴρηται
1640 2412 1717 2484 τῷ
1732 2413 1841 2467 Ἰδι-

262 2505 427 2575 θούμ’
448 2522 471 2556 ι
494 2504 612 2557 Υἱοὶ
638 2502 888 2574 Ἰδιθοὺμ,
916 2502 1193 2565 Γοδολείας
1216 2504 1310 2556 καὶ
1328 2503 1517 2575 Σουρεί
1534 2504 1840 2568 καὶΑἰείας,

259 2596 361 2651 καὶ
380 2595 620 2659 Σεδείας,
639 2593 734 2648 καὶ
749 2593 995 2658 Ματθίας
1016 2633 1031 2659 ,
1059 2593 1121 2658 ἒξ
1157 2592 1292 2665 μετὰ
1319 2597 1408 2649 τὸν
1432 2595 1644 2668 πατέρα
1666 2595 1842 2649 αὐτῶν

271 2686 516 2757 ’Ῑδιθοὺμ
544 2688 602 2739 ὲν
631 2684 876 2757 κινύραις
904 2684 1344 2757 ἀνακρουόμενοι.
1382 2704 1400 2738 ι
1451 2686 1595 2739 ’Δντὶ
1637 2686 1694 2740 δὲ
1724 2685 1839 2752 τοῦ,

264 2797 286 2829 ι
324 2780 388 2833 ὲν
426 2776 677 2852 κινύραις
709 2778 1166 2857 ἀνακρουόμενοι,
1208 2798 1226 2829 ι
1284 2776 1445 2832 πάλιν
1498 2781 1527 2832 6
1578 2777 1839 2843 Ἀκύλας,

265 2889 285 2923 ι
316 2869 523 2942 κιθάρᾳ
557 2869 908 2942 προφητεύων
933 2886 946 2900 °
979 2890 997 2922 ι
1037 2872 1066 2924 6
1097 2869 1153 2923 δὲ
1187 2868 1499 2941 Σύμμαχος,
1529 2889 1547 2922 ι
1569 2869 1658 2923 διὰ
1675 2869 1841 2942 λύρας

254 2961 358 3015 τοῦ
383 2961 841 3033 προφητεύοντος,
885 2982 902 3014 ι
934 2961 1215 3029 ἐξέδωκεν.
1267 2962 1474 3015 Οὐκοῦν
1520 2962 1671 3017 καὶὸ
1722 2962 1841 3016 Ἰδι-

255 3052 409 3124 θοὺμ
436 3047 518 3117 εἷς
544 3042 612 3125 ἦν
634 3052 741 3108 τῶν
772 3053 1221 3125 προφητευόντων
1250 3053 1338 3107 διὰ
1367 3053 1538 3126 λύρας
1561 3069 1575 3083 '
1627 3054 1706 3108 διδ
1748 3054 1841 3108 κλιιί⁵

254 3145 492 3208 εἰκότως
536 3143 681 3198 εῖποι
708 3144 773 3199 ἄν
805 3162 906 3209 τις,
953 3143 1201 3199 ἐντεῦθεν
1244 3145 1598 3217 ὁρμώμενος.
1637 3145 1710 3218 μὴ
1748 3145 1839 3200 τὸν

255 3237 430 3292 Δαυῖδ
461 3235 717 3302 συντάξαι
753 3237 843 3290 τὸν
865 3235 1099 3309 ψαλμὸν,
1135 3237 1230 3292 καὶ
1253 3236 1544 3292 δεδωκέναι
1592 3237 1671 3309 τῷ
1715 3237 1835 3292 ἰδι-

255 3328 426 3400 θοὺμ,
464 3328 598 3400 μηδὲ
622 3329 714 3382 τὸν
766 3328 998 3401 Ἰδιθουμ
1025 3329 1479 3384 ύποπεπτωκέναι
1522 3328 1602 3402 τῷ
1644 3347 1835 3402 πειρα-

256 3421 412 3494 σμῷ.
445 3421 539 3475 καί⁵
570 3420 862 3494 θεραπείας
892 3422 1170 3495 δεδεῆσθαι
1193 3423 1291 3495 τῆς
1328 3423 1478 3499 παρὰ
1512 3423 1605 3478 τοῦ
1652 3423 1833 3478 Δαυτδ.

253 3510 418 3582 Μηδὲ
437 3511 546 3584 γὰρ
572 3510 668 3584 τὴν
694 3511 915 3584 Γραφὴν
941 3511 1184 3566 ύπαίτιόν
1217 3529 1321 3566 που
1349 3512 1440 3567 τὸν
1467 3512 1700 3585 Ἰδιθοὺμ
1726 3513 1839 3566 εἰσ-

256 3605 423 3671 άγειν
446 3619 462 3633 ·
512 3601 626 3654 ἀλλ’
673 3598 906 3673 ἔμπαλιν
951 3600 1149 3672 μᾶλλον
1212 3601 1304 3656 τὸν
1354 3601 1518 3656 Δαυῖδ
1549 3600 1838 3675 πειρασμῷ

255 3693 745 3767 ⁸περιπεπτωκέναι
772 3694 1064 3749 διδάσκειν.
1105 3695 1197 3749 Διὸ
1242 3696 1337 3750 καὶ
1379 3694 1548 3765 φῆσαι
1585 3695 1651 3751 ἂν
1699 3696 1840 3750 εἰκό-

253 3800 395 3851 τως,
424 3785 707 3857 προφήτην
728 3784 855 3840 ὄντα
891 3785 981 3838 τὸν
1022 3784 1277 3856 Ἰδιθοὺμ,
1324 3787 1450 3850 τοὺς
1487 3786 1547 3840 ὲν
1602 3786 1840 3857 ἀμφοτέ-

258 3893 385 3950 ροις
427 3878 539 3939 τοῖς
577 3876 963 3948 προδηλωθεῖσι
1000 3876 1234 3949 ψαλμοῖς
1287 3877 1481 3948 λόγους
1534 3877 1835 3945 συντάξαι,

258 3965 363 4020 καὶ
404 3962 484 4035 τῷ
531 3964 691 4017 Δαυῒό
720 3965 1176 4037 παραδεδωκέναι,
1221 3967 1296 4032 ὡς
1330 3966 1396 4023 ἂν
1440 3967 1701 4039 ὠφελοῖτο
1745 3968 1840 4024 καὶ

259 4053 621 4126 θεραπεύοιτο
654 4054 713 4121 ἐξ
740 4056 919 4110 αὐτῶν
965 4059 1058 4112 ἐπὶ
1102 4061 1216 4124 τοῖς
1257 4059 1406 4131 αύτῷ
1445 4059 1835 4132 συμϐεϐηκόσι.

259 4150 426 4202 Δοκεῖ
457 4146 512 4200 δέ
546 4164 660 4212 πως
684 4148 855 4221 ταύτῃ
896 4152 962 4222 τῇ
989 4150 1198 4222 διανοίᾳ
1249 4151 1650 4223 συμϐάλλεσθαι
1689 4152 1782 4205 καὶ
1809 4152 1838 4204 6

260 4239 581 4314 Σύμμαχος,
628 4244 726 4316 τὴν
767 4241 1089 4316 προγραφὴν
1128 4242 1313 4297 τοῦτον
1364 4243 1703 4317 ἑρμηνεύσας
1747 4244 1838 4299 τὸν

260 4328 500 4401 τρόπον·
540 4348 558 4381 ι
602 4331 894 4395 Ἐπινίκιος
930 4331 1018 4385 διὰ
1065 4331 1296 4404 Ἰδιθοὺμ
1321 4333 1431 4405 ᾠδὴ
1460 4336 1539 4398 εἰς
1588 4334 1773 4388 Δαυῖδ.
1813 4352 1834 4387 ι

261 4422 382 4475 Καὶ
418 4423 625 4493 μήποτε
654 4423 792 4493 μετὰ
815 4422 877 4476 τὸ
901 4425 1125 4497 σφάλμα
1144 4427 1205 4479 τὸ
1243 4424 1551 4498 ὲπισυμόὰν
1576 4425 1653 4497 τῷ
1678 4424 1841 4480 Δαυῒδ

1942 1952 2122 2008 nablis
2149 1960 2203 2007 et
2243 1952 2509 2024 cymbalis
2532 1953 2599 2006 ⁵⁵.
2643 1973 2662 2005 ι
2696 1951 2806 2007 Pro
2853 1951 2948 2006 illo
2982 1962 3185 2015 autem,
3224 1971 3243 2005 ι
3298 1953 3505 2011 vocife-

1943 2054 2154 2110 rantes,
2192 2062 2213 2097 ι
2248 2044 2467 2115 Aquila,
2504 2063 2524 2097 ι
2563 2045 2876 2115 prophetas,
2916 2063 2935 2098 ι
2970 2042 3327 2116 Symmachus
3353 2060 3506 2113 vero,

1948 2155 1965 2187 ι
2009 2138 2396 2207 prophetantes
2424 2136 2563 2209 lyra,
2600 2155 2621 2190 ι
2658 2137 2988 2204 ediderunt;
3025 2137 3097 2192 ita
3123 2145 3180 2192 ut
3222 2139 3508 2196 memorati

1941 2228 2046 2283 viri
2096 2231 2371 2299 prophetae
2407 2229 2698 2300 reputandi
2752 2231 2879 2286 sint.
2935 2227 3285 2301 Rursumque
3335 2230 3509 2290 fertur

1944 2318 2008 2372 de
2046 2316 2279 2373 ldithum
2310 2338 2323 2373 2
2352 2339 2370 2371 ι
2399 2319 2521 2374 Filii
2553 2318 2809 2384 ldithum,
2840 2320 3118 2387 Godolias,
3162 2322 3310 2387 Suri,
3338 2323 3506 2381 Aieas

1944 2404 2148 2463 Sedeas
2177 2417 2232 2463 et
2254 2408 2526 2473 Matthias,
2563 2426 2655 2465 sex
2680 2418 2803 2479 post
2830 2418 3037 2480 patrem
3069 2428 3228 2468 suum
3251 2415 3504 2481 ldithum,

1942 2498 2145 2569 cinyris
2174 2509 2590 2570 concrepantes.
2642 2518 2661 2553 ι
2694 2498 2800 2555 Pro
2850 2500 2944 2555 illo
2987 2511 3188 2569 autem,
3235 2521 3255 2555 ι
3303 2504 3507 2577 cinyris

1941 2600 2355 2663 concrepantes,
2397 2610 2416 2643 ι
2455 2592 2650 2662 Aquila
2680 2607 2921 2659 rursum,
2954 2612 2973 2644 ι
3018 2594 3227 2649 cithara
3272 2598 3508 2667 prophe-

1939 2689 2102 2748 taus;
2158 2702 2177 2735 ι
2232 2682 2591 2754 Symmachus
2640 2698 2789 2747 vero,
2831 2702 2850 2735 ι
2902 2684 3016 2755 lyra
3048 2686 3442 2756 prophetantis,
3480 2707 3499 2741 ι

1940 2771 2133 2827 edidit.
2160 2771 2393 2828 ldithum
2439 2788 2572 2845 ergo
2600 2789 2631 2829 e
2659 2789 2887 2830 numero
2921 2776 3357 2845 prophetantium
3390 2778 3505 2850 lyra

1942 2864 2083 2933 fuit;
2135 2867 2490 2937 quamobrem
2541 2868 2665 2939 jure
2714 2867 2875 2938 quis,
2935 2868 3063 2924 hinc
3125 2881 3503 2940 argumentum

1941 2966 2246 3024 mutuatus,
2281 2957 2502 3025 dixerit,
2530 2958 2787 3016 Davidem
2823 2975 2923 3016 nec
2955 2963 3328 3033 composuisse
3356 2963 3520 3034 psalo‘

1940 3066 2110 3114 mum,
2142 3066 2244 3107 nec
2272 3050 2377 3122 ipsi
2417 3050 2651 3107 ldithum
2685 3053 3016 3109 tradidisse:
3053 3069 3231 3126 neque
3270 3054 3504 3110 Idithum

1942 3142 1996 3196 in
2027 3142 2379 3199 tentationem
2413 3143 2718 3216 delapsum,
2749 3154 2809 3203 ut
2840 3147 3102 3204 medelam
3137 3162 3167 3201 a
3188 3146 3387 3202 Davide
3416 3162 3505 3201 ac-

1942 3233 2145 3305 ciperet
2217 3249 2357 3305 opus
2421 3234 2703 3294 habuisse.
2756 3235 2944 3309 Neque
3003 3241 3150 3295 enim
3223 3238 3506 3310 Scriptura

1942 3325 2154 3395 uspiam
2195 3326 2372 3397 ipsum
2406 3325 2643 3381 ldithum
2679 3342 2832 3382 reum
2885 3328 3131 3398 inducit;
3182 3330 3292 3385 imo
3326 3331 3505 3400 potius

1942 3414 2199 3472 Davidem
2250 3418 2307 3472 in
2335 3420 2690 3476 tentationem
2728 3421 2938 3492 lapsum
2969 3436 3091 3477 esse
3118 3420 3295 3478 docet.
3327 3421 3506 3489 Quare

1943 3512 2572 3582 congruentcrdicatur,
2605 3513 2783 3582 ipsum
2834 3511 3095 3577 lditbum,
3143 3522 3330 3585 utpote
3376 3531 3504 3585 pro-

1942 3601 2180 3671 phetam,
2212 3612 2542 3660 memoratos
2578 3604 2719 3660 duos
2752 3604 2990 3675 psalmos
3020 3604 3413 3676 composuisse,
3450 3616 3505 3662 et

1944 3688 2131 3747 Davidi
2159 3691 2470 3757 tradidisse.
2503 3703 2562 3750 ut
2590 3711 2656 3750 ex
2686 3694 2755 3751 iis
2786 3696 3073 3752 utilitatem
3112 3712 3175 3751 ac
3206 3697 3502 3753 remedium

1944 3781 1998 3838 in
2034 3784 2411 3841 accidentibus
2441 3785 2599 3844 malis
2632 3788 2957 3857 perciperet.
2991 3786 3125 3841 lluic
3168 3803 3331 3858 porro
3383 3804 3508 3845 sen-

1942 3874 2127 3930 tentia:
2162 3874 2413 3931 conferre
2457 3875 2817 3948 Symmachus
2870 3878 3106 3943 videtur,
3157 3880 3251 3951 qui
3290 3881 3505 3936 titulum

1943 3967 2044 4022 hac
2071 3967 2282 4024 ratione
2324 3970 2712 4040 interpretatus
2758 3979 2883 4027 est:
2944 3990 2963 4023 ι
3025 3970 3379 4044 Tritunphale
3411 3988 3508 4045 per

1942 4055 2202 4122 ldithum,
2246 4061 2520 4117 canticum
2573 4062 2628 4116 in
2666 4061 2944 4119 Davidem.
2987 4082 3007 4117 ι
3037 4062 3175 4119 Num
3220 4066 3358 4121 forte
3385 4072 3507 4135 post

1944 4150 2405 4223 lapsumtDavidis
2432 4169 2559 4226 erga
2608 4152 2751 4211 Uria:
2797 4172 3044 4222 uxorem,
3092 4172 3216 4212 cum
3264 4156 3504 4212 nendum

1943 4251 2131 4312 posset
2159 4245 2396 4315 pristino
2428 4261 2579 4301 more
2628 4247 2975 4318 prophetare.
3012 4250 3300 4318 multaaque
3332 4255 3507 4301 tenta-

1944 4334 2145 4399 tiones,
2164 4337 2610 4407 calamitatesque
2626 4336 2938 4407 frequentes
2960 4337 3246 4400 instarent,
3273 4334 3505 4389 ldithum

1947 4424 2153 4496 Spiritu
2198 4436 2394 4482 sancto
2426 4427 2638 4482 amatus
2668 4428 2767 4483 hos
2806 4428 2875 4482 ab
2923 4442 2982 4482 se
3011 4426 3342 4495 compositos
3390 4440 3506 4480 ser-

263 4512 363 4565 ὲπὶ
382 4514 447 4583 τῇ
471 4512 563 4566 τοῦ
586 4514 782 4587 Οὐρίου
808 4517 1045 4585 γυναικὶ,
1074 4516 1269 4589 μηκέτι
1291 4518 1403 4572 οἴου
1425 4535 1485 4572 τε
1511 4517 1678 4573 αὐτοῦ
1701 4516 1839 4572 κατὰ

1948 4533 2158 4581 mones.
2186 4516 2341 4588 quasi
2380 4519 2621 4574 remedia
2664 4516 2732 4571 ad
2766 4515 3030 4572 medelam
3066 4516 3261 4570 anima:
3293 4521 3503 4586 parata.

262 4604 333 4657 τὺ
357 4604 580 4659 παλαιὸν
611 4607 988 4679 προφητεύειν,
1017 4607 1226 4663 πολλῶν
1262 4610 1319 4664 δὲ
1358 4610 1678 4684 πειρασμῶν
1706 4611 1845 4666 ὲπα-

265 4695 607 4766 νισταμένων
641 4696 791 4769 αὐτῷ
813 4698 904 4752 καὶ
932 4698 1224 4773 συμφορῶν
1259 4700 1574 4773 ἐπαλλήλων
1594 4741 1610 4766 ,
1655 4702 1684 4754 6
1730 4703 1847 4756 Ἰδι-

266 4783 433 4856 θοὺμ,
484 4786 762 4860 Πνεύματι
805 4788 942 4860 ἁγίῳ
972 4789 1235 4856 συντάξας
1275 4791 1404 4856 τοὺς
1446 4793 1839 4864 προκειμένους

266 4874 483 4945 λόγους.
525 4876 712 4952 ῶσπερ
761 4881 883 4935 τινὰ
918 4880 1185 4953 φάρμακα
1242 4882 1422 4956 ψυχῆς
1471 4882 1843 4957 θεραπευτικὰ

1946 4610 2049 4681 ipsi
2072 4609 2319 4672 tradidit.
2349 4618 2409 4664 ut
2436 4625 2627 4664 eorum
2650 4607 2898 4663 doctrina
2929 4607 3183 4663 solatium
3207 4605 3509 4676 acciperet?

1945 4699 2091 4758 Sane
2116 4717 2237 4756 cum
2268 4700 2334 4754 ad
2366 4715 2607 4772 praesens
2632 4708 3007 4770 argumentum
3039 4697 3176 4753 duas
3206 4694 3508 4752 sententias

1940 4793 2244 4866 legentibus
2276 4791 2619 4848 attulerimus
2646 4829 2662 4856 ,
2701 4798 2879 4846 utram
2912 4790 3080 4846 velint
3109 4789 3383 4861 amplecti,
3414 4804 3510 4858 per

1942 4900 2044 4941 nos
2079 4884 2283 4938 licebit.

268 4969 577 5026 ἐπιδίδωσιν
622 4972 801 5044 αὐτῷ,
828 4975 907 5036 εἰς
936 4975 996 5029 τὸ
1026 4974 1464 5048 παραμυθεῖσθαι
1518 4978 1584 5032 ὲκ
1626 4976 1727 5049 τῆς
1775 4980 1835 5032 ὲν
1871 4978 2051 5043 αὐτοῖς
2089 4976 2470 5041 διδασκαλίας;
2509 4977 2620 5030 Καὶ
2659 4973 2724 5047 δὴ
2763 4972 2913 5027 δυσὶν
2971 4972 3219 5043 ὲκδοχαῖς
3286 4969 3511 5025 ἐπιϐάλ-

267 5059 455 5127 λοντες
489 5066 569 5129 εἰς
595 5066 662 5120 τὰ
686 5067 1019 5140 προκείμενα
1063 5070 1176 5133 τοῖς
1223 5070 1604 5143 ἐντυγχάνουσι
1622 5113 1638 5138 ,
1683 5071 1914 5145 θατέρας
1935 5072 2111 5128 αὐτῶν
2134 5071 2233 5143 τὴν
2264 5073 2474 5144 αἰρεσιν
2502 5070 2918 5142 καταλείψομεν.

348 5199 368 5233 ι
382 5180 527 5244 Ἕως
551 5181 679 5236 πότε
696 5182 998 5239 ἐπιτίθεσθε
1016 5186 1101 5239 ἐπ’
1120 5185 1425 5258 ἄνθρωπον,
1442 5187 1694 5257 φονεύετε
1710 5187 1845 5242 πάν-

266 5285 361 5333 τες
381 5270 539 5341 ὑμεῖς
562 5287 577 5336 ;
598 5271 673 5335 ὡς
686 5272 851 5345 τοίχῳ
869 5275 1169 5348 κεκλιμένῳ
1186 5277 1281 5332 καὶ
1300 5277 1540 5349 φραγμῷ
1558 5279 1804 5350 ὠσμένῳ.
1821 5298 1839 5329 ι

282 5361 567 5432 Ἐμφαίνει
589 5362 675 5418 διὰ
706 5365 907 5420 τούτων
936 5367 1011 5440 μὴ
1039 5369 1137 5424 ἕνα
1172 5369 1333 5441 μόνον
1372 5371 1674 5440 πειρασμὸν
1714 5371 1846 5425 ὐπο-

274 5454 640 5526 μεμενηκέναι
665 5459 694 5511 6
724 5458 906 5523 Δαυῖδ,
935 5461 1058 5533 μηδ’
1090 5461 1279 5534 ῶσπερ
1305 5462 1431 5533 μίαν
1458 5461 1673 5532 πληγὴν
1706 5462 1847 5533 εἰλη-

272 5544 428 5613 φέναι
468 5547 576 5601 ὑπὸ
600 5547 706 5601 τῶν
729 5549 1065 5607 ἀντιπάλων·
1099 5553 1251 5616 ὡςδὲ
1285 5553 1378 5606 ἐπὶ
1424 5552 1619 5623 μακρῷ
1667 5552 1844 5622 χρόνῳ

272 5638 628 5710 τυπτόμενος,
667 5640 760 5694 καί
787 5642 1066 5714 καρτερῶς
1107 5644 1389 5715 ὑπομένων
1435 5643 1533 5707 τάς
1579 5644 1848 5714 ἐπαγομέ-

2019 5187 2187 5244 Vens.
2222 5189 2276 5251 ό,
2308 5187 2362 5242 5.
2402 5207 2420 5238 ι
2459 5186 2756 5256 Quousque
2781 5186 2991 5241 irruitis
3019 5184 3073 5240 in
3104 5185 3400 5246 hominem,
3430 5184 3513 5237 in-

1948 5279 2202 5336 terficitis
2240 5280 2480 5335 universi
2523 5294 2622 5334 vos
2647 5318 2663 5344 ,
2698 5288 2956 5350 tanquam
3006 5279 3200 5350 parieti
3249 5278 3512 5333 inclinato

1949 5381 2002 5428 et
2038 5372 2289 5426 maceria:
2317 5371 2575 5442 depulsae.
2629 5389 2648 5424 ι
2681 5370 2774 5427 His
2822 5371 3063 5425 declarat
3104 5368 3270 5422 David
3304 5381 3363 5421 se
3400 5379 3507 5418 non

1949 5478 2112 5517 uuam
2144 5478 2460 5532 perpessum
2514 5465 2887 5523 tentationem.
2930 5476 3105 5532 neque
3156 5473 3264 5514 uno
3311 5456 3378 5511 ab
3409 5454 3505 5510 ad-

1948 5554 2205 5609 versariis
2254 5554 2400 5609 velut
2429 5560 2655 5610 vulnere
2703 5553 3060 5614 confossum,
3110 5550 3202 5605 sed
3252 5548 3509 5602 diuturno

1948 5653 2190 5714 tempore
2222 5660 2543 5715 percussum
2571 5689 2586 5713 ,
2627 5662 2689 5702 ac
2738 5646 2972 5702 inflictas
3020 5644 3204 5712 plagas
3244 5650 3513 5711 palmite:

349 5794 395 5827 ”
433 5794 453 5848 ι
491 5793 670 5854 Paral.
707 5812 832 5864 xw,
862 5797 952 5855 57.
1028 5799 1072 5831 “
1111 5798 1240 5855 ibid.
1275 5800 1363 5855 41.
1441 5800 1483 5832 ⁵⁵
1514 5798 1643 5854 ibid.
1676 5796 1763 5853 Β.

1970 5799 2143 5854 Parui.
2183 5817 2303 5865 xxv,
2342 5800 2390 5855 l.
