4062 6208
507 297 597 351 591

1197 297 1463 358 E‘USEBH
1503 297 1980 354 CESARIENSIS
2018 298 2168 355 OPP.
2213 301 2393 356 PARS
2425 300 2512 356 ill.
2555 333 2620 340 —
2659 299 3064 356 EXEGETICA.

3606 280 3734 360 '592

501 416 800 476 ferentem,
872 416 1143 472 medentes
1209 416 1409 470 talibus
1469 415 1629 469 dictis
1697 416 2057 485 compellare:

2168 433 2260 479 νας
2293 415 2441 486 αὐτῷ
2469 415 2700 485 πληγὰς,
2747 415 2974 483 φάσκειν
3012 417 3123 479 τοῖς
3171 415 3480 468 τύπτουσιν·
3517 433 3538 466 ι
3587 415 3734 480 Ἕως

503 525 526 558 ο
562 506 856 576 Quousque
883 507 1094 561 irruitis
1118 506 1172 560 in
1197 507 1472 560 hominem
1498 507 1522 558 τ
1553 525 1572 556 ι
1599 505 1734 567 sive,
1761 505 2059 560 secundum

497 597 768 666 Aquilam,
807 615 825 647 ι
863 598 1160 667 Quousque
1188 596 1599 652 insidiamini?»
1623 597 1728 660 vel,
1764 598 2060 653 secundum

495 690 905 761 Symmachum,
945 711 962 742 ι
1005 690 1304 760 Quousque
1331 692 1386 744 in
1413 705 1610 744 vanum
1640 690 2001 744 laborabitis?
2036 710 2054 743 ι

493 780 701 834 Exinde
734 780 1116 836 insidiatorum
1163 792 1398 852 arguens
1447 781 1808 850 propositum,
1845 777 2010 836 infert
2043 798 2055 834 :

497 891 515 924 ι
574 873 888 929 lnterficitis
931 875 1172 931 universi
1229 890 1348 930 vos.
1410 894 1430 928 ι
1486 873 1799 941 Homicida,
1863 874 2058 945 inquit,

492 965 626 1020 estis
659 986 672 1020 :
710 954 887 1037 neque
921 975 1113 1022 contra
1144 967 1400 1021 athletam
1435 969 1592 1038 quasi
1631 967 1927 1023 adversarii
1951 977 2061 1021 sta-

494 1058 689 1112 tariam
735 1074 974 1130 pugnam
1042 1059 1111 1113 ad
1169 1059 1613 1115 exercitationem
1683 1058 2055 1122 committitis;

494 1150 589 1204 sed
629 1152 915 1207 occidendi
947 1151 1130 1206 studio
1164 1152 1219 1206 in
1264 1167 1350 1206 me
1397 1151 1629 1213 irruitis,
1664 1159 1718 1207 et
1749 1157 1807 1205 ut
1859 1150 2063 1205 auxilio

495 1259 748 1310 vacuum,
795 1250 853 1297 ut
887 1259 1103 1296 nitirum
1149 1242 1260 1312 jam
1308 1241 1624 1297 inclinatum
1669 1249 1725 1297 et
1773 1241 2061 1296 maceriem

493 1339 800 1408 depulsam,
831 1336 1208 1408 aggredimini.
1231 1335 1366 1390 Nam
1402 1337 1558 1406 quasi
1581 1335 1800 1392 nemine
1826 1335 2063 1390 circum-

491 1433 730 1486 vallante
757 1441 851 1484 aut
896 1431 1197 1495 muniente,
1249 1429 1593 1499 animamque
1622 1443 1797 1483 meam
1827 1434 2060 1494 tutante,

493 1526 568 1580 ita
605 1527 837 1580 irruitis.
873 1525 1170 1594 Quousque
1203 1523 1368 1594 igitur
1395 1523 1510 1578 htec
1530 1521 1732 1578 frustra
1761 1520 2061 1586 tentabitis,

495 1633 672 1687 neque
697 1617 1008 1680 cessabitis,
1043 1617 1277 1673 scientes
1310 1615 1587 1670 invenisse
1617 1629 1705 1669 me
1727 1613 2061 1684 praesidium,

496 1708 780 1763 custodem
840 1723 904 1762 ac
964 1707 1344 1763 servatorem?
1395 1705 1573 1773 Quare
1631 1705 1856 1761 fidenter
1902 1704 2060 1759 dixi:

2169 507 2299 561 πότε
2322 506 2626 560 ἐπιτίθεσθε
2653 507 2739 558 ἐπ’
2765 505 3080 578 ἄνθρωπονς
3126 525 3143 556 ι
3178 507 3210 576 ἢ
3245 508 3381 560 κατὰ
3418 506 3507 559 τὸν
3570 508 3731 561 Ἀκύα

2166 599 2291 653 λαν·
2317 615 2336 648 ι
2369 599 2512 662 Ἕως
2547 599 2690 662 τίνος
2714 597 3128 662 ἐπιϐουλεύετε;
3161 617 3178 648 ι
3221 599 3254 669 ἢ
3281 598 3418 652 κατὰ
3460 599 3552 652 τὸν
3589 599 3734 670 Σύμ-

2170 707 2338 761 μαχον
2361 706 2374 719 ⁸
2399 691 2574 752 ιἝως
2599 688 2742 750 τίνος
2771 689 3228 760 ματαιοπονήσετε
3251 704 3298 754 ;ι
3327 683 3459 741 Εἶτα
3492 687 3588 760 τὴν
3611 706 3736 761 προ-

2167 783 2378 854 αίρεσιν
2414 780 2519 834 τῶν
2547 778 2999 833 ἐπιϐουλευόντων
3046 778 3194 850 αύτῷ
3233 778 3520 849 διελέγχων
3558 780 3731 850 φησί’

2173 892 2191 924 ι
2222 871 2476 925 Φονεύετε
2510 870 2710 933 πάντες
2731 871 2908 939 ὑμεῖς.
2943 889 2962 921 ι
2991 871 3246 924 Φονευταὶ
3267 870 3374 942 γάρ
3393 872 3538 934 ἐστε,
3577 870 3729 940 φησί’

2167 965 2261 1019 καὶ
2291 965 2389 1035 οὐχ
2421 964 2609 1038 ῶσπερ
2630 966 3024 1035 ἀνταγωνισταὶ
3051 964 3184 1034 πρὸς
3207 962 3439 1034 ἀθλητὴν
3459 964 3732 1034 ἱστάμενοι

2171 1056 2330 1128 μέχρι
2361 1057 2660 1128 γυμνασίου
2691 1058 2956 1112 ποιεῖσθαι
2973 1058 3072 1130 τὴν
3096 1055 3325 1128 ἅμιλλαν
3343 1071 3359 1086 ο
3381 1055 3517 1109 ἀλλὰ
3539 1058 3731 1128 φονικῇ

2168 1149 2486 1220 προαιρέσει
2516 1149 2819 1204 ἐπιτίθεσθέ
2847 1168 2955 1221 μοι,
2987 1149 3080 1202 καὶ
3113 1145 3419 1202 ἐπιτίθεσθε
3446 1148 3522 1210 ὡς
3566 1147 3731 1219 ἀϐοη-

2169 1240 2333 1311 θήτφν
2369 1240 2462 1292 καὶ
2485 1239 2561 1303 ὡς
2593 1239 2691 1312 ἤδη
2724 1241 3027 1312 κεκλιμένῳ
3055 1239 3216 1311 τοίχῳ
3244 1239 3337 1292 καὶ
3392 1238 3631 1310 φραγμῷ
3660 1238 3738 1292 ὼ-

2169 1330 2369 1402 σμένῳ.
2412 1331 2499 1396 Ὠς
2520 1331 2628 1402 γὰρ
2656 1332 2878 1404 μηδενὸς
2899 1331 3356 1405 περιφράττοντος
3405 1331 3534 1402 μηδὲ
3571 1349 3728 1402 περι-

2168 1423 2491 1496 τειχίζοντος
2512 1425 2607 1478 καὶ¹
2638 1423 2734 1496 τὴν
2767 1423 2902 1496 ἐμὴν
2925 1420 3288 1496 φρουροῦντος
3320 1421 3525 1493 ψυχὴν,
3553 1419 3730 1484 οὕτως

2168 1516 2494 1572 ἐπιτίθεσθε.
2537 1518 2681 1581 Ἕως
2709 1511 2801 1570 οῦν
2856 1516 2986 1569 πότε
3026 1514 3197 1570 ταῦτα
3249 1514 3726 1586 ματαιοπονήσετε,

2169 1610 2263 1663 καὶ
2293 1611 2413 1680 οὐχὶ
2442 1609 2714 1663 παύσεσθε
2763 1609 2968 1672 λοιπὸν,
3028 1609 3267 1678 γνόντες,
3320 1608 3403 1661 ὅτι
3434 1597 3589 1678 εὗρον
3629 1606 3731 1677 τὴν

2169 1702 2404 1773 ἐμαυτοῦ
2438 1702 2702 1773 φυλακὴν,
2731 1701 2826 1755 καὶ
2865 1701 2955 1755 τὸν
2978 1699 3214 1772 ἐμαυτοῦ
3248 1701 3483 1772 φρουρὸν
3512 1700 3608 1753 καὶ
3631 1700 3737 1752 Σω-

502 1819 519 1850 ι
557 1801 748 1854 Nonne
794 1800 902 1855 Deo
937 1799 1185 1868 subjecta
1231 1799 1336 1853 erit
1383 1798 1565 1852 anima
1615 1797 1779 1852 mea?
1821 1797 1890 1851 ab
1946 1797 2065 1873 ipso

2168 1793 2302 1864 τῆρα
2327 1811 2341 1859 ;
2388 1793 2479 1846 Διὸ
2507 1794 2784 1865 ἐθάρσησα
2829 1795 2995 1864 φάναι
3021 1809 3035 1823 ⁸
3076 1813 3094 1844 ι
3128 1793 3260 1864 Οὐχ)⁵
3283 1792 3362 1864 τῷ
3388 1791 3507 1863 θεῷ
3537 1793 3736 1844 ὑποτα-

497 1894 640 1945 enim
673 1893 907 1948 salutare
939 1906 1142 1946 meum.
1172 1889 1308 1944 Nam
1344 1897 1398 1944 et
1458 1888 1575 1960 ipse
1627 1887 1773 1945 Deus
1821 1903 1974 1946 meus
2013 1896 2068 1944 et

498 1982 752 2036 Salvator
811 1997 1007 2047 meus,
1065 1987 1352 2050 susceptor
1405 1995 1585 2044 meus,
1643 1995 1754 2035 non
1810 1980 2067 2035 movebor

500 2075 752 2145 amplius.
781 2073 1172 2128 Verumtamen
1217 2071 1454 2141 pretium
1483 2086 1662 2126 meum
1696 2070 2069 2143 cogitaverunt

498 2164 782 2232 repellere,
817 2171 1186 2218 cucurrerunt
1238 2161 1296 2215 in
1340 2161 1453 2224 siti,
1505 2175 1600 2216 ore
1649 2176 1750 2218 suo
1782 2162 2070 2217 benedice-

496 2255 662 2319 bant,
723 2261 777 2310 et
821 2253 986 2308 corde
1042 2268 1144 2309 suo
1199 2252 1615 2308 maledicebant.
1680 2251 2004 2324 Diapsalma.
2045 2274 2062 2305 ι

496 2345 686 2400 Priora
733 2344 952 2416 quidem
986 2344 1101 2400 sive
1136 2342 1304 2397 David
1337 2342 1454 2398 sive
1500 2342 1736 2398 ldithum
1787 2359 1908 2400 sese
1937 2346 2070 2400 allo-

498 2452 674 2507 quens
708 2423 877 2503 dixit;
905 2433 1146 2490 secunda
1174 2433 1429 2489 inimicos
1452 2435 1786 2506 compellans
1812 2437 2066 2506 protulit;

499 2530 662 2585 tertia
693 2544 760 2584 ex
788 2527 1083 2600 propositis
1125 2525 1305 2581 verbis
1352 2541 1454 2581 nos
1483 2526 1713 2582 edocent
1744 2541 1853 2597 quo
1882 2527 2072 2584 consi-

498 2623 571 2676 lio
620 2621 851 2677 insidias
899 2620 1004 2691 ipsi
1057 2619 1304 2689 pararint
1354 2619 1752 2688 conjuratores.
1801 2617 2069 2687 Quocirca

495 2713 671 2768 dicit:
711 2731 730 2764 ι
772 2710 1161 2766 Verumtamen
1196 2712 1432 2782 pretium
1479 2727 1661 2767 meum
1695 2712 2072 2782 cOgitaveruut

497 2804 782 2878 repellere.
843 2821 863 2854 ι
903 2803 1097 2856 Omnia
1131 2805 1333 2882 quippe
1363 2818 1552 2858 eorum
1581 2802 1881 2866 molimina,
1911 2817 2071 2858 omne

501 2895 816 2958 consilium,
869 2909 978 2948 non
1027 2893 1135 2948 alio
1187 2896 1527 2963 spectabant,
1557 2909 1721 2965 quam
1766 2902 1827 2948 ut
1873 2909 1957 2949 me
2003 2894 2072 2949 ab

503 2988 710 3041 honore
751 3000 857 3055 quo
888 2985 1032 3056 apud
1064 2984 1232 3038 Deum
1265 2985 1565 3057 gaudebam
1615 2985 1988 3051 deturbarent,
2019 2996 2072 3042 et

498 3079 732 3148 pristina
771 3093 890 3132 mea
920 3078 1092 3148 gloria
1121 3079 1442 3149 spoliarent.
1477 3078 1616 3134 Hinc
1657 3080 1888 3134 consilio
1934 3080 2070 3135 inito

499 3180 557 3224 ut
581 3170 842 3224 honorem
866 3184 929 3224 ac
954 3170 1188 3241 pretium
1215 3172 1347 3226 mihi
1376 3171 1677 3237 auferrent,
1706 3181 2070 3228 cucurrerunt

499 3262 554 3316 in
586 3262 700 3326 siti,
731 3277 904 3317 meam
936 3277 1162 3318 cernere
1192 3263 1491 3334 perniciem
1529 3265 1801 3321 sitientes.
1837 3264 1944 3321 Pro
1976 3266 2070 3321 illo

498 3360 702 3419 autem,
729 3372 747 3405 ι
772 3353 827 3408 in
848 3353 962 3420 siti,
989 3372 1009 3406 ι
1035 3354 1286 3425 Aquila,«
1307 3355 1366 3410 in
1387 3355 1639 3421 fallacia;
1666 3375 1684 3408 ι
1710 3355 2070 3429 Symmachus

492 3445 1072 3515 vero,iin.mendacio;
1098 3466 1115 3499 ι
1139 3448 1329 3518 quinta
1344 3448 1531 3512 editio,
1557 3449 1641 3503 «in
1661 3448 1830 3516 falso;
1857 3467 1872 3500 ι
1895 3450 2070 3506 etalia

496 3535 625 3590 item
655 3535 842 3600 editio,
866 3555 885 3583 σ
911 3537 964 3592 in
996 3538 1144 3604 dolo,
1175 3559 1194 3591 ι
1231 3539 1572 3610 interpretati
1596 3547 1745 3596 sunt.
1762 3537 2070 3596 Verisimile

493 3627 678 3698 itaque
709 3639 794 3685 εει
822 3630 878 3684 in
903 3640 1096 3686 nostra
1117 3647 1336 3703 quoque
1375 3633 1609 3688 lectione
1631 3633 1867 3704 positum
1889 3633 2069 3705 primo

497 3717 690 3786 fuisse,
713 3740 730 3773 ι
754 3721 808 3775 in
825 3723 1130 3784 mendacio,
1146 3742 1162 3774 ι
1188 3725 1263 3777 ita
1281 3731 1338 3777 ut
1355 3723 1680 3790 diceretum
1705 3731 2070 3780 cucurrerunt

497 3813 554 3868 in
585 3814 868 3870 mendacio
897 3833 912 3882 ;
961 3834 980 3868 ›
1017 3815 1071 3870 id
1094 3823 1201 3882 est,
1223 3816 1432 3872 inimici
1449 3800 1520 3872 ὀι
1553 3817 1904 3874 insidiatores
1939 3820 2065 3883 mei,

496 3920 607 3959 non
637 3905 778 3960 duce
819 3907 1069 3974 veritate,
1111 3906 1208 3962 sed
1249 3921 1374 3961 cum
1419 3923 1541 3963 sese
1597 3916 1740 3963 totos
1784 3909 2069 3966 mendacio

496 3995 874 4063 tradidissent,
908 4013 1134 4052 cursum
1169 4005 1223 4053 et
1280 3999 1519 4054 studium
1551 4015 1710 4055 suum
1743 4011 1932 4057 contra
1983 4017 2069 4058 me

494 4087 852 4144 direxerant:
916 4089 1014 4145 sed
1085 4090 1442 4160 sequentibus
1505 4092 1840 4162 temporibus
1913 4093 2068 4164 lapsu

493 4180 776 4252 graphice,
804 4196 901 4251 pro
933 4181 1110 4248 ἱιιο,ἐν
1131 4181 1335 4252 ψεύδει,
1355 4182 1408 4237 id
1455 4190 1541 4238 est
1575 4201 1594 4234 ι
1626 4184 1681 4238 in
1712 4185 2012 4255 mendacio,
2043 4205 2062 4238 ι

493 4273 551 4325 ἐν
578 4269 740 4341 δίψει,
771 4271 824 4325 id
854 4279 939 4327 est
973 4289 992 4324 ι
1028 4273 1084 4326 in
1120 4271 1213 4328 siti
1250 4291 1268 4324 ι
1297 4273 1536 4342 positum
1562 4273 1752 4331 fuisse.
1786 4275 2067 4342 Quomodo

491 4370 674 4416 autem
736 4360 1080 4418 insidiatores
1148 4363 1225 4418 illi
1293 4374 1579 4420 currerent
1642 4365 1699 4421 in
1750 4366 2056 4434 mendacio,

2166 1883 2392 1954 γήσεται
2422 1885 2456 1955 ἡ
2491 1883 2635 1954 ψυχή
2671 1901 2812 1956 μου;
2865 1885 2994 1955 παρ’
3039 1881 3203 1936 αὑτοῦ
3235 1881 3343 1954 γὰρ
3371 1881 3433 1936 τὸ
3470 1881 3736 1954 σωτήριόν

2171 1993 2293 2046 μου.
2324 1977 2432 2032 Καὶ
2457 1977 2564 2049 γὰρ
2592 1975 2753 2040 αὐτὸς
2779 1975 2912 2040 Θεός
2940 1993 3040 2047 μου
3075 1977 3170 2030 καὶ
3195 1975 3386 2046 Σωτήρ
3417 1991 3541 2045 μου.
3591 1975 3737 2027 ἀντι-

2167 2069 2392 2142 λήπτωρ
2437 2087 2558 2140 μου,
2605 2071 2665 2122 ού
2698 2069 2772 2142 μὴ
2829 2069 3074 2123 σαλευθῶ
3107 2069 3199 2122 ἐπὶ
3225 2067 3426 2123 πλεῖον.
3465 2065 3611 2138 Πλὴν
3637 2067 3734 2136 τὴν

2167 2161 2333 2233 τιμήν
2369 2179 2468 2233 μου
2507 2161 2892 2216 ἐϐουλεύσαντο
2932 2160 3284 2225 ἀπώσασθαι,
3309 2160 3540 2232 ἔδραμον
3572 2161 3630 2212 ἐν
3661 2158 3737 2211 δί-

2166 2255 2285 2327 ψει·
2322 2255 2402 2327 τῷ
2429 2259 2653 2326 στόματι
2686 2255 2865 2309 αὐτῶν
2887 2253 3160 2323 εὐλόγουν,
3199 2253 3292 2306 καὶ
3321 2255 3386 2324 τῇ
3416 2251 3611 2324 καρδίᾳ
3641 2251 3738 2304 αύ-

2168 2347 2274 2400 τῶν
2301 2345 2636 2418 κατηρῶντο.
2678 2343 2986 2416 Διάψαλμα.
3030 2363 3048 2396 ι
3087 2343 3168 2397 Τὰ
3218 2344 3313 2415 μὲν
3345 2342 3535 2414 πρῶτα
3575 2342 3737 2406 αὐτὸς

2169 2437 2344 2509 ἐαυτῷ
2374 2439 2489 2509 ἦτοι
2515 2435 2751 2506 Δαυῒδ,ἢ
2793 2435 3027 2508 Ἰδιθοὺμ
3057 2436 3380 2490 διείλεκται·
3425 2435 3496 2489 τὰ
3525 2435 3581 2489 δὲ
3611 2434 3738 2488 δεύ-

2168 2545 2300 2599 τερα
2332 2528 2468 2600 πρὸς
2493 2528 2619 2591 τοὺς
2639 2525 2864 2598 ἐχθροὺς
2893 2525 3238 2579 ἀπετείνατο·
3267 2527 3337 2580 τὰ
3367 2526 3425 2579 δὲ
3464 2525 3622 2598 τρίτα
3651 2525 3739 2579 διά

2166 2621 2274 2674 τῶν
2301 2619 2676 2692 προκειμένων
2704 2620 2850 2691 ἡμᾶς
2877 2616 3136 2679 διδάσκει,
3155 2618 3339 2672 τίποτε
3367 2616 3739 2689 βουλευόμενοι

2167 2716 2215 2768 οἱ
2233 2713 2688 2776 ’ἐπιϐουλεύοντες
2715 2711 2864 2783 αὐτῷ
2887 2713 2985 2784 τὴν
3011 2711 3299 2783 ἐπιϐουλὴν
3315 2708 3736 2773 κατεσκεύαζον.

2168 2806 2258 2860 Διό
2289 2822 2449 2877 φησιο
2491 2824 2509 2856 ι
2543 2804 2690 2876 Πλὴν
2717 2805 2812 2876 τὴν
2844 2806 3007 2875 τιμήν
3038 2822 3140 2876 μου
3174 2803 3558 2858 ἐϐουλεύσαντο
3587 2803 3740 2856 ἀπώ-

2172 2897 2448 2952 σασθαι.,ι
2495 2897 2560 2950 Ἦ
2592 2897 2701 2968 γὰρ
2727 2897 2878 2950 πᾶσα
2921 2895 3112 2967 σκέψις
3157 2895 3337 2949 αὐτῶν
3373 2896 3466 2948 καὶ
3505 2896 3539 2966 ὴ
3578 2894 3740 2966 βουλὴ

2169 2990 2318 3046 οὐδὲν
2342 2990 2548 3063 ἕτερον,
2583 2989 2766 3062 φησὶν,
2805 2990 2838 3060 ἢ
2875 2989 3200 3044 καταϐαλεῖν
3231 3007 3298 3058 με
3343 2988 3443 3058 τῆς
3485 2987 3635 3060 παρὰ
3663 2989 3741 3058 τῷ

2170 3081 2290 3154 Θεῷ
2312 3082 2498 3154 τιμῆς,
2525 3082 2620 3136 καὶ
2643 3081 2926 3153 γυμνῶσαι
2950 3082 3050 3152 τῆς
3075 3081 3231 3152 δόξης
3262 3077 3330 3154 ἧς
3365 3078 3507 3150 εἶχον
3544 3081 3742 3152 πρότε-

2174 3189 2264 3244 ρον
2290 3169 2634 3236 ἐσπούδαζον.
2662 3167 2795 3226 Εἶτα
2826 3171 3242 3243 βουλευσάμενοι
3281 3170 3482 3242 ταύτην
3520 3188 3620 3241 μου
3640 3170 3742 3242 τὴν

2167 3263 2332 3335 τιμὴν
2378 3263 2666 3335 περιελεῖν,
2721 3263 2953 3336 ἔδραμον
2991 3265 3048 3317 ἐν
3089 3263 3229 3334 δίψει
3274 3263 3371 3335 τὴν
3413 3263 3554 3334 ἐμὴν
3583 3262 3740 3317 ἀπώ-

2168 3354 2317 3408 λειαν
2357 3354 2652 3409 θεάσασθαι
2687 3354 2966 3424 διψῶντες.
3023 3354 3167 3407 Ἀντὶ
3191 3353 3246 3407 δὲ
3277 3353 3392 3417 τοῦ,
3427 3372 3446 3404 ι
3473 3355 3531 3407 ἐν
3571 3354 3742 3424 δίψει,

2169 3452 2226 3504 ἐν
2257 3449 2640 3521 διαψεύσματι,
2678 3469 2697 3500 ι
2733 3452 2762 3503 ό
2806 3448 3063 3512 Ἀκύλας·
3098 3449 3128 3502 ό
3170 3448 3226 3501 δὲ
3255 3447 3565 3518 Σύμμαχος,
3619 3465 3639 3498 ι
3679 3447 3742 3500 ἐν

2167 3541 2476 3613 ψεύσματι·
2522 3543 2607 3613 νή
2638 3541 2695 3596 δὲ
2726 3540 2951 3614 πέμπτη
2981 3539 3213 3603 ἕκδοσις,
3241 3557 3259 3590 ι
3285 3541 3342 3592 ἐν
3363 3538 3577 3608 ψεύδει-
3605 3557 3623 3588 ι
3644 3539 3744 3591 καὶ

2170 3635 2331 3689 πάλιν
2364 3635 2527 3706 ἑτέρα
2562 3634 2772 3698 ἔκδοσις
2795 3673 2809 3699 ,
2842 3654 2861 3686 ι
2892 3635 2948 3687 ἐν
2977 3633 3132 3704 δόλῳ,
3173 3651 3192 3682 ι
3233 3633 3598 3705 ἡρμήνευσαν.
3638 3630 3736 3682 Εἰ-

2168 3726 2263 3790 κὸς
2292 3721 2384 3780 οῦν
2413 3728 2507 3781 καὶ
2537 3728 2594 3780 ἐν
2618 3730 2684 3799 τῇ
2708 3726 2831 3780 καθ’
2863 3727 3008 3798 ἡμᾶς
3031 3725 3334 3794 ἀναγνώσει
3371 3723 3573 3778 κεῖσθαι
3629 3721 3735 3793 μὲν

2168 3819 2432 3891 πρότερον
2481 3819 2543 3872 τὸ
2571 3861 2586 3885 ,
2625 3839 2644 3870 ι
2682 3822 2741 3873 ἐν
2768 3818 2996 3889 ψεύδει,
3041 3838 3059 3869 ι
3102 3818 3169 3871 ἵν’
3301 3816 3364 3869 τὺ
3407 3814 3733 3886 λεγόμενον

2173 3930 2192 3963 ι
2237 3911 2506 3984 Ἔδραμον
2530 3911 2589 3964 ἐν
2621 3910 2832 3981 ψεύδει·
2874 3931 2891 3962 ι
2931 3910 3206 3964 τουτέστιν
3226 3912 3274 3964 οἱ
3303 3908 3483 3982 ἐχθροί
3519 3925 3618 3980 μου
3640 3908 3741 3961 καὶ

2168 4004 2218 4057 οἱ
2246 4003 2705 4067 ἐπιϐουλεύοντες,
2743 4004 2804 4056 ού
2829 4003 2924 4056 σὺν
2946 4003 3171 4073 ἀληθεία
3198 4002 3287 4056 τὸν
3314 4004 3434 4056 κατ’
3460 3999 3594 4072 ἐμοῦ
3613 4000 3738 4072 δρός

2172 4113 2269 4168 μον
2298 4097 2390 4150 καὶ
2425 4097 2524 4168 τὴν
2556 4097 2678 4150 κατ’
2711 4094 2846 4170 ἐμοῦ
2886 4094 3118 4166 σπουδὴν
3153 4092 3430 4147 ἐποιοῦντο
3449 4133 3464 4156 ,
3499 4092 3649 4157 ὅλους
3679 4091 3740 4147 δι

2169 4186 2366 4250 αὐτοὺς
2391 4185 2470 4257 τῷ
2500 4185 2680 4257 ψεύδει
2725 4184 3086 4258 παραδόντες
3126 4185 3348 4257 σφάλμα
3387 4186 3444 4240 δὲ
3467 4187 3738 4258 γραφικὸν

2169 4275 2447 4347 γεγονέναι
2473 4279 2531 4330 ἐν
2559 4279 2670 4341 τοῖς
2703 4278 2839 4348 μετὰ
2874 4276 3044 4330 ταῦτα
3079 4277 3274 4350 συνέϐη
3311 4277 3524 4349 χρόνοις
3544 4317 3560 4342 ,
3597 4277 3737 4332 ὥστε

2169 4368 2289 4421 ἀντὶ
2318 4366 2432 4431 τοῦ,
2471 4385 2490 4418 ι
2518 4369 2576 4421 ἐν
2609 4368 2811 4438 ψεύδει,
2844 4369 2901 4421 ἐν
2952 4367 3093 4439 δίψει
3135 4390 3153 4421 ι
3204 4369 3498 4440 γραφῆναι.
3531 4369 3656 4432 Πῶς
3681 4368 3737 4422 δέ

492 4454 597 4510 sub
631 4455 746 4510 hazc
779 4456 1013 4526 explicat
1046 4455 1272 4512 dicens:
1325 4476 1344 4508 ι
1385 4458 1490 4513 Ore
1523 4473 1623 4514 suo
1670 4458 2064 4517 benedicebant

2168 4457 2483 4530 ψευδόμενοι
2518 4459 2567 4512 oi
2605 4458 3041 4524 ἐπιϐουλεύοντες
3077 4459 3308 4532 ἔδραμον
3333 4499 3347 4522 ,
3393 4459 3736 4532 διερμηνεύει

491 4553 550 4604 et
580 4547 747 4603 corde
790 4564 890 4603 suo
919 4548 1335 4606 maledicebant.
1383 4569 1402 4602 ι
1450 4549 1586 4605 Cum
1635 4550 1848 4608 fallacia
1881 4555 2064 4608 molli-

494 4637 598 4694 bus
641 4639 941 4696 utebantur
980 4640 1163 4707 dictis,
1201 4649 1258 4695 ut
1309 4655 1396 4696 me
1448 4641 1756 4699 inescarent
1782 4651 1836 4698 et
1883 4646 1953 4700 ab
1975 4646 2066 4700 illa

494 4741 618 4782 cum
652 4727 759 4785 Deo
806 4732 1042 4787 statione
1088 4733 1481 4791 deturbarent:
1533 4751 1703 4805 quare
1746 4737 2067 4794 benedicere

494 4819 820 4876 videbantur
849 4823 902 4875 in
941 4821 1097 4888 facie,
1143 4839 1338 4895 meque
1368 4825 1591 4881 laudare
1637 4835 1691 4882 et
1719 4829 2064 4898 approbare;

494 4911 591 4967 sed
622 4927 777 4968 mens
803 4929 992 4968 eorum
1033 4917 1180 4973 intus
1210 4917 1691 4974 maledictionibus
1737 4921 2062 4990 replebatur,

494 5002 652 5073 queis
682 5019 766 5058 me
801 5005 1008 5062 honore
1051 5007 1326 5077 depellere
1367 5017 1421 5064 et
1469 5009 1524 5064 in
1551 5010 1898 5065 maledictum
1930 5013 2065 5083 deji-

493 5110 619 5150 cere
647 5099 985 5166 sat-agebant.
1018 5098 1114 5155 His
1147 5108 1326 5155 autem
1360 5101 1640 5166 docemur,
1671 5111 1937 5174 quotquot
1972 5105 2064 5160 Dei

496 5189 808 5245 hominibus
840 5191 1187 5257 insidiantur,
1223 5193 1358 5248 nihil
1390 5195 1535 5248 aliud
1569 5211 1783 5264 curare,
1814 5215 1978 5269 quam
2007 5208 2065 5254 ut

495 5280 646 5352 ipsos
677 5295 763 5345 eo,
796 5283 888 5354 qui
919 5283 1062 5354 apud
1097 5283 1267 5340 Deum
1293 5294 1398 5351 est,
1432 5287 1637 5344 honore
1665 5301 1887 5345 exuant.

566 5533 732 5591 Vsus.
767 5534 900 5592 6-9.
965 5554 984 5588 ι
1016 5534 1405 5596 Verumtamen
1462 5540 1572 5597 Deo
1625 5544 1871 5614 subjecta
1920 5553 2060 5616 esto,

493 5627 674 5680 anima
710 5643 851 5690 mea,
886 5627 1146 5698 quoniam
1177 5629 1246 5684 ab
1281 5631 1401 5702 ipso
1444 5635 1704 5704 patientia
1739 5650 1878 5691 mea.
1927 5636 2060 5692 Nam

495 5717 612 5786 ipse
638 5717 779 5777 Deus
805 5736 956 5779 meus
989 5731 1040 5781 et
1074 5719 1325 5779 Salvator
1345 5741 1498 5784 meus
1525 5747 1538 5784 :
1564 5738 1849 5801 susceptor
1910 5749 2062 5790 meus

2167 4551 2338 4621 λέγων
2362 4550 2490 4622 ἑξῆς
2513 4569 2527 4580 ·
2570 4569 2589 4602 ι
2628 4549 2718 4622 Τῷ
2751 4551 2978 4622 στόματι
3009 4550 3186 4605 αὐτῶν
3215 4551 3469 4620 εὐλόγουν
3493 4592 3508 4615 ,
3539 4553 3632 4605 καὶ
3665 4555 3734 4623 τῇ

2167 4639 2365 4712 καρδίᾳ
2391 4638 2570 4694 αὐτῶν
2599 4639 2930 4711 κατηρῶντο.
2973 4658 2991 4689 ι
3039 4639 3376 4702 Ἀπατῶντες
3401 4638 3532 4709 γὰρ,
3557 4637 3734 4706 λόγοις

2165 4731 2419 4802 γλυκέσιν
2449 4729 2686 4802 ἐχρῶντο
2714 4729 2850 4802 πρὸς
2879 4730 2938 4783 τὺ
2959 4728 3289 4784 καθελκῦσαί
3325 4747 3391 4799 με
3427 4731 3520 4784 καὶ
3563 4747 3732 4783 κατα·-

2167 4825 2346 4878 ϐαλεῖν
2379 4823 2480 4894 τῆς
2513 4822 2663 4895 παρὰ
2683 4821 2760 4894 τῷ
2786 4821 2904 4893 Θεῷ
2935 4822 3174 4886 στάσεως
3194 4840 3206 4852 ·
3242 4823 3322 4876 διὸ
3354 4823 3594 4892 εὐλογεῖν
3614 4822 3732 4875 ἐδό-

2166 4934 2292 4970 κουν
2333 4915 2426 4969 καὶ
2449 4917 2688 4969 ἐπαινεῖν
2712 4915 2910 4987 με,καὶ
2940 4915 3294 4986 ἀποδέχεσθαι
3319 4917 3400 4980 είς
3421 4916 3731 4988 πρόσωπον·

2163 5006 2232 5059 τὰ
2256 5006 2313 5061 δέ
2333 5007 2431 5077 τῆς
2463 5005 2700 5069 διανοίας
2721 5005 2900 5059 αὐτῶν
2924 5005 3248 5077 πεπλήρωτο
3277 5007 3552 5078 καταρῶν,
3569 5005 3637 5061 δι’
3660 5002 3737 5060 ὧν

2164 5096 2263 5168 τὴν
2287 5095 2452 5166 τιμήν
2482 5112 2582 5166 μου
2611 5094 2997 5150 ἐϐουλεύσαντο
3019 5095 3362 5159 ἀπώσασθαι,
3383 5097 3478 5150 καὶ
3518 5097 3733 5169 κατάρα

2167 5204 2234 5257 με
2279 5186 2590 5243 ὑποϐαλεῖν,
2631 5185 3002 5258 Διδασκόμεθα
3048 5189 3105 5242 δὲ
3160 5189 3248 5243 διὰ
3279 5188 3482 5243 τούτων
3532 5190 3616 5242 ὅτι
3667 5189 3732 5260 δὴ

2165 5280 2362 5343 πάντες
2380 5280 2430 5332 οἱ
2469 5284 2579 5345 τοῖς
2617 5279 2712 5334 τοῦ
2759 5280 2893 5334 Θεοῦ
2933 5279 3241 5352 ἀνθρώποις
3297 5281 3731 5344 ἐπιϐουλεύοντες

2162 5369 2313 5423 οὐδὲν
2335 5369 2518 5440 ἕτερον
2550 5370 2942 5436 σπουδάζουσιν
2969 5371 3003 5442 ἢ
3026 5370 3125 5442 τῆς
3152 5370 3302 5443 παρὰ
3325 5370 3404 5443 τῷ
3424 5371 3542 5443 Θεῷ
3564 5373 3732 5444 τιμὴς

2165 5459 2445 5530 γυμνῶσαι
2473 5462 2682 5524 αὐτούς.

2242 5570 2261 5603 ι
2301 5550 2446 5624 Πλὴν
2477 5550 2555 5623 τῷ
2589 5551 2705 5623 Θεῷ
2740 5553 3121 5627 ὑποτάγηθι,ἡ
3152 5555 3297 5628 ψυχή
3337 5573 3458 5627 μου,
3487 5555 3570 5611 ὅτι
3601 5555 3737 5628 παρ’

2165 5641 2382 5716 αὑτοῦὴ
2412 5644 2653 5719 ὑπομονή
2689 5663 2814 5716 μου.
2862 5647 2971 5700 Καὶ
3009 5646 3117 5719 γὰρ
3157 5649 3320 5712 αὐτὸς
3352 5649 3485 5712 Θεός
3509 5665 3613 5720 μου
3639 5649 3735 5702 καὶ

2169 5736 2354 5808 Σωτήρ
2383 5753 2484 5808 μου
2503 5776 2518 5803 ,
2551 5737 2891 5811 ἁντιλήπτωρ
2909 5755 3033 5810 μου,
3055 5739 3116 5793 οὐ
3142 5739 3216 5814 μὴ
3245 5740 3678 5811 μεταναστεύσω.
3705 5759 3728 5794 ι
