4024 6210
307 269 425 324 593

1455 277 1957 335 COMMENTARIA
1994 278 2063 335 ΙΝ
2097 279 2437 339 PSALMOS.

3469 283 3571 338 595

324 390 658 462 Ἀρχόμενος
681 392 781 464 μὲν
810 392 1012 463 ἔλεγεν·
1043 416 1061 448 ι
1090 398 1224 469 Οὐχὶ
1245 399 1321 470 τῷ
1349 388 1468 472 Θεῷ
1493 401 1885 476 ὑποταγήσεται

1998 420 2106 459 non
2135 403 2432 475 emigrabo.
2474 423 2492 455 ι
2526 400 2684 458 Initio
2727 401 2946 472 quidem
2985 417 3049 457 ac
3091 402 3138 459 si
3188 404 3367 459 adhuc
3396 404 3571 460 ambi-

304 484 346 552 ή
372 482 527 553 ψυχή
560 501 693 555 μου;
729 504 746 536 ι
776 485 965 559 ὥσπερ
992 489 1264 556 ὲνδυάζων
1287 491 1386 545 ἔτυ
1410 494 1644 549 ἐνταῦθα
1675 495 1733 550 δὲ
1763 497 1897 550 ἀπο-

306 578 585 646 φατικῶς,
626 578 946 650 βεδαιωθεὶς
982 583 1046 635 ὲκ
1087 583 1195 637 τῶν
1238 585 1564 657 εἰρημένων,
1604 590 1670 659 τῇ
1702 587 1893 642 ἑαυτοῦ

302 668 461 742 ψυχῇ
497 672 811 744 ὲπιθαρσῶν
847 675 1307 747 παρακελεύεταιο
1350 678 1431 733 διό
1468 697 1600 751 φησι
1632 681 1767 753 πρὸς
1799 683 1896 737 αύ-

309 763 437 834 τήνο
478 782 497 815 ι
529 763 676 838 Πλὴν
711 764 793 837 τῷ
820 766 939 839 Θεῷ
975 769 1296 843 ὑποτάγηθι,
1330 773 1364 844 ή
1394 772 1538 846 ψυχή
1575 791 1697 846 μου.
1732 794 1752 826 ι
1785 776 1894 829 Καὶ

305 855 579 929 ἀνωτέρω
625 857 724 929 μὲν
756 856 928 927 ἐλεγε-
966 878 985 910 ‹
1022 860 1158 933 Παρ“
1184 862 1349 917 αὐτοῦ
1390 863 1499 936 γὰρ
1540 865 1603 919 τὸ
1632 865 1893 939 σωτήριόν

310 967 448 1018 μου·
477 968 498 1002 ι
524 949 754 1005 ἐνταῦθα
768 950 845 1005 δέ·
874 971 894 1003 ι
920 952 1041 1006 ’Ότι
1065 956 1193 1027 παρ’
1213 955 1374 1010 αὑτοῦ
1401 957 1434 1028 ὴ
1458 958 1700 1031 ύπομονή
1725 976 1845 1030 μου.
1870 980 1887 1011 ι

311 1042 547 1113 Ὅμοιον
572 1041 619 1096 δ’
652 1040 720 1097 ἂν
744 1042 830 1114 εἴη
867 1041 1025 1098 τοῦτο
1059 1044 1137 1116 τῷ
1171 1048 1423 1118 φήσαντι·
1466 1070 1482 1100 ι
1514 1049 1698 1103 Πάντα
1727 1051 1895 1123 ίσχύω

306 1137 372 1189 ὲν
411 1132 494 1205 τῷ
530 1134 917 1206 ἐνδυναμοῦντί
956 1153 1043 1207 με.
1080 1157 1099 1190 ι
1143 1140 1218 1193 Οὐ
1245 1140 1353 1214 γὰρ
1382 1143 1513 1213 παρ’
1537 1143 1777 1214 ἐμαυτοῦ
1805 1144 1896 1197 κέ-

306 1242 419 1299 κτη
428 1241 528 1296 μαι
551 1223 653 1296 τὴν
681 1226 857 1296 ἰσχὺν,
883 1224 1021 1281 ἀλλὰ
1053 1228 1204 1301 παρὰ
1227 1229 1323 1283 τοῦ
1358 1231 1777 1303 ὲνδυναμοῦντός
1803 1250 1889 1303 με·

311 1319 410 1371 καί
430 1316 689 1383 ἐνταῦθα,
718 1336 737 1370 ι
780 1318 844 1371 Ἡ
866 1318 1110 1392 ὑπομονὴ
1137 1339 1237 1391 μου
1269 1342 1287 1373 ι
1312 1324 1413 1377 οὐκ
1436 1324 1495 1390 ἐξ
1520 1324 1679 1397 ἐμῆς,
1706 1326 1889 1396 φησιν,

309 1412 519 1484 ἀρετῆς
567 1412 664 1465 καὶ
707 1412 988 1484 δυνάμεως
1037 1415 1388 1488 συνέστηκεν,
1432 1419 1567 1474 ἀλλὰ
1603 1420 1754 1494 παρὰ
1793 1422 1894 1493 τῆς

310 1505 478 1559 αὑτοῦ
513 1505 754 1579 χάριτος·
791 1525 808 1557 ι
845 1507 955 1561 Καὶ
979 1506 1090 1579 γὰρ
1107 1509 1271 1573 αὐτὸς
1292 1509 1425 1575 Θεός
1453 1528 1555 1582 μου
1580 1512 1675 1566 καὶ
1702 1513 1891 1585 Σωτήρ

316 1614 439 1669 μον
480 1617 499 1649 ι
533 1597 724 1670 διόπερ
746 1598 828 1663 ὡς
860 1598 992 1662 Θεός
1029 1617 1128 1671 μου
1163 1602 1255 1655 καὶ
1299 1602 1489 1676 Σωτήρ
1526 1622 1627 1677 μου
1665 1607 1890 1677 παρέχει

318 1707 413 1763 μοι
443 1692 541 1762 τὴν
568 1692 870 1765 ὑπομονήν.
895 1689 1009 1747 Εἶτ’
1037 1695 1293 1767 ἀνωτέρω
1325 1698 1425 1767 μὲν
1456 1697 1600 1768 ἔχεις
1621 1698 1703 1764 τὸ,
1736 1718 1754 1751 ι
1783 1702 1891 1755 Καὶ

1998 503 2147 568 geret
2183 493 2398 550 dicebat
2435 513 2448 548 :
2488 512 2506 545 ι
2548 492 2741 548 Nonne
2781 492 2891 549 Deo
2931 492 3176 562 subjecta
3227 494 3332 549 erit
3387 495 3571 550 anima

1997 586 2161 641 mea?
2194 606 2212 639 ι
2257 585 2356 643 Hie
2381 601 2533 650 vero,
2562 601 2627 641 ex
2677 584 2747 639 iis
2791 600 2911 655 quae
2954 585 3147 640 anima:
3187 600 3301 641 suae
3332 587 3569 642 revelata

1996 677 2214 733 fuerant
2253 678 2527 740 ﬁrmatus,
2580 678 2831 735 absolute
2874 692 2938 731 ac
2984 677 3213 732 fidenter
3270 677 3565 749 praecipit:

1996 785 2168 840 quare
2192 771 2273 825 sic
2300 786 2418 826 eam
2452 770 2773 841 alloquitur,
2812 788 2831 820 ι
2870 762 3266 825 Verumtamen
3302 769 3414 825 Deo
3438 771 3570 827 sub-

1990 862 2135 932 jecta
2160 869 2300 929 esto,
2320 862 2499 916 anima
2525 877 2667 917 mea.
2702 881 2721 914 ι
2762 861 2838 914 Ac
2877 859 3132 930 Superius
3156 860 3367 915 dixerat
3396 880 3408 915 :
3436 880 3454 912 ι
3486 859 3570 916 Ab

1996 953 2116 1024 ipso
2154 953 2300 1009 enim
2328 954 2566 1009 salutare
2597 969 2812 1020 meum;
2855 974 2873 1005 ι
2913 953 3002 1008 hic
3050 969 3199 1017 vero,
3237 971 3255 1004 ι
3295 952 3566 1020 Quoniam

1995 1046 2064 1103 ab
2098 1046 2215 1117 ipso
2247 1046 2511 1117 patientia
2538 1061 2679 1102 mea.
2714 1067 2734 1100 ι
2769 1045 2960 1101 Simile
2988 1054 3170 1102 autem
3213 1045 3267 1100 id
3297 1046 3464 1101 fuerit
3482 1044 3568 1100 di-

1994 1148 2084 1195 cto
2126 1139 2438 1211 bujusmodi
2479 1160 2491 1195 :
2531 1160 2549 1192 ι
2597 1138 2794 1196 Omnia
2849 1155 3071 1211 possum
3123 1141 3178 1195 in
3227 1155 3294 1196 eo
3336 1140 3428 1211 qui
3479 1155 3564 1196 me

1994 1230 2363 1288 confortat”.
2414 1253 2432 1285 ι
2486 1230 2606 1287 Non
2643 1235 2786 1291 enim
2838 1248 2869 1288 a
2921 1233 3129 1305 meipso
3193 1222 3611 1288 fortitudinemi

1993 1326 2247 1393 obtineo,
2280 1325 2374 1382 sed
2425 1325 2494 1380 ab
2526 1340 2592 1381 eo
2629 1325 2721 1396 qui
2758 1342 2845 1381 me
2883 1326 3177 1388 confortat,
3212 1334 3267 1381 et
3314 1325 3402 1380 hic
3445 1326 3563 1381 ait:

1997 1436 2017 1468 ε
2053 1418 2314 1489 patientia
2354 1434 2473 1474 mea
2520 1439 2539 1472 ι
2573 1435 2681 1474 non
2706 1434 2773 1474 ex
2801 1420 3001 1475 virtute
3046 1427 3099 1474 et
3136 1428 3403 1490 potestate
3445 1433 3566 1473 mea

1992 1518 2238 1578 constat,
2270 1509 2363 1566 sed
2399 1509 2467 1565 ab
2498 1509 2618 1579 ejus
2659 1511 2835 1581 gratia
2870 1510 3049 1581 prodit
3078 1530 3090 1564 :
3124 1528 3142 1561 ι
3180 1509 3315 1564 Nam
3345 1517 3400 1565 et
3449 1508 3568 1579 ipse

1994 1600 2137 1658 Deus
2195 1618 2351 1658 meus
2410 1609 2464 1657 et
2522 1600 2774 1658 Salvator
2834 1617 3025 1669 meus;
3066 1621 3086 1655 ι
3140 1609 3475 1673 quapropter
3508 1610 3567 1655 ut

1995 1691 2137 1748 Deus
2169 1707 2321 1749 meus
2351 1702 2406 1749 et
2436 1691 2688 1749 Salvator
2716 1708 2870 1749 meus
2902 1692 3218 1762 patientiam
3261 1692 3394 1748 mihi
3436 1708 3569 1763 sup-

319 1783 433 1855 γὰρ
454 1784 610 1848 αὐτὸς
627 1784 759 1848 Θεός
786 1802 890 1856 μου
915 1786 1009 1839 καὶ
1035 1787 1225 1859 Σωτήρ
1246 1805 1370 1859 μου,
1395 1790 1743 1864 ἀντιλήπτωρ
1765 1810 1885 1865 μου,

1992 1782 2216 1853 peditat.
2252 1780 2601 1855 Rursumque
2646 1785 2897 1854 superius
2955 1785 3087 1841 illud
3122 1784 3292 1841 habes
3320 1824 3335 1849 ,
3376 1802 3395 1835 ι
3430 1783 3566 1839 Nam

323 1875 387 1928 ού
424 1873 502 1946 μὴ
534 1877 962 1945 μεταναστεύσω·
996 1897 1015 1930 ι
1050 1879 1083 1951 ἢ
1121 1880 1262 1934 κατὰ
1298 1880 1391 1937 τὸν
1432 1883 1661 1937 Ἀκύλαν
1686 1887 1891 1941 καὶτὸν

326 1966 629 2037 Σύμμαχον,
651 1988 669 2019 ι
703 1969 763 2021 ού
794 1969 1159 2043 σφαλήσομαι.
1186 1991 1205 2024 ι
1242 1973 1417 2047 Πολλὴ
1449 1975 1507 2028 δὲ
1538 1974 1768 2050 διαφορὰ
1798 1977 1890 2032 τοῦ

325 2059 636 2129 φάσκοντος,
665 2079 683 2111 ι
709 2062 771 2115 οὐ
800 2062 874 2134 μὴ
897 2063 1140 2119 σαλευθῶ
1163 2066 1255 2120 ἐπὶ
1279 2067 1478 2136 πλεῖον,
1511 2089 1530 2122 ι
1564 2069 1773 2124 καὶτοῦ
1802 2071 1861 2141 λέ
1876 2101 1890 2113 ο

317 2168 524 2220 γοντος,
558 2172 577 2205 ι
603 2154 664 2207 οὐ
694 2154 1062 2227 σφαλήσομαι,
1085 2177 1103 2209 ι
1128 2160 1241 2224 καὶ,
1266 2178 1285 2210 ι
1307 2160 1366 2213 οὗ
1399 2161 1835 2231 μεταναστεύσω.
1866 2183 1884 2216 ι

312 2244 388 2297 Τὸ
429 2245 529 2316 μὲν
574 2244 682 2318 γὰρ
723 2245 914 2318 ἐδήλου
961 2248 1285 2305 σαλεύεσθαι
1336 2252 1459 2323 μὲν,
1506 2253 1621 2307 ἀλλ’
1651 2254 1750 2308 οὐκ
1798 2255 1886 2308 ἐπὶ

310 2335 516 2391 πλεῖονσ
540 2337 775 2393 ἐνταῦθα
802 2339 858 2393 δὲ
891 2338 1121 2413 ἄρνησίς
1154 2344 1269 2398 ἐστι
1305 2344 1573 2419 παντελής
1601 2345 1696 2399 τοῦ
1733 2348 1890 2401 πταί-

307 2444 541 2499 σματος.
576 2449 595 2481 ι
638 2429 762 2483 Ἐπὶ
788 2429 864 2501 τῷ
886 2431 1004 2504 Θεῷ
1038 2433 1101 2487 τὸ
1127 2436 1394 2508 σωτήριόν
1426 2454 1528 2509 μου
1568 2437 1662 2491 καὶ
1698 2438 1733 2508 ή
1763 2437 1889 2505 δόξα

306 2536 439 2589 μου,
476 2519 608 2583 Θεὸς
626 2521 723 2590 τῆς
754 2522 1003 2593 βοηθείας
1033 2542 1155 2596 μου,
1188 2527 1281 2580 καὶ
1315 2529 1347 2598 ἡ
1374 2526 1529 2593 ἐλπίς
1565 2545 1664 2600 μου
1697 2529 1790 2584 ἐπὶ
1810 2528 1889 2601 τῷ

302 2612 449 2683 Θεῷ.
483 2632 503 2665 ι
555 2614 666 2667 Καὶ
712 2615 942 2671 ἐνταῦθα
977 2619 1038 2672 τὸ
1076 2637 1094 2670 ι
1135 2620 1406 2692 Σωτήρων
1446 2641 1464 2673 ι
1502 2623 1532 2675 ὁ
1576 2622 1781 2695 Ἰησοῦς
1819 2628 1885 2698 τῇ

314 2704 582 2778 Ἐϐραῖκῇ
616 2710 764 2780 φωνῇ
789 2707 1121 2781 ὠνόμασται,
1152 2713 1247 2766 καὶ
1275 2716 1389 2777 τοῖς
1416 2716 1757 2789 χαρακτῆρσι
1775 2720 1888 2783 τοῖς

300 2797 494 2861 αὐτοῖς
537 2798 928 2871 ἐγγέγραπται.
980 2804 1190 2877 Ὠσπερ
1229 2805 1287 2859 δὲ
1330 2808 1359 2860 ὁ
1388 2808 1529 2874 θεῖος
1567 2811 1887 2875 ’Δπόστολος

300 2888 438 2959 περὶ
473 2888 571 2942 τοῦ
604 2891 857 2964 Σωτῆρος
889 2894 1264 2965 ήμῶν’λέγων
1310 2898 1538 2973 ἔγραφε
1576 2921 1595 2955 ι
1635 2903 1885 2958 Δικαιού-

304 2997 464 3050 μενοι
489 2980 698 3054 δωρεὰν
724 2986 790 3055 τῇ
815 2984 980 3039 αὐτοῦ
1009 2986 1190 3059 χάριτι
1213 2988 1301 3044 διὰ
1330 2993 1430 3063 τῆς
1457 2993 1886 3069 ἀπολυτρώσεως

296 3072 405 3141 τῆς
436 3072 494 3124 ἐν
516 3072 735 3145 Χριστῷ
770 3075 963 3147 Ἰησοῦο
990 3077 1051 3131 ὃν
1073 3081 1332 3152 προέθετο
1363 3086 1391 3138 ό
1416 3084 1549 3151 Θεὸς
1577 3086 1886 3162 ἱλαστήριον

296 3162 393 3216 διὰ
421 3163 655 3230 πίστεως
688 3167 746 3220 ἐν
777 3166 854 3238 τῷ
886 3168 1051 3223 αὐτοῦ
1076 3172 1289 3243 αἴματι’
1328 3194 1347 3226 ι
1375 3177 1469 3230 καί
1492 3177 1674 3233 πάλινο
1702 3200 1721 3232 ι
1760 3181 1888 3237 Ἐάν

296 3271 391 3317 7:;
425 3255 670 3330 ἁμάρτῃ,
706 3257 1051 3331 παράκλητον
1078 3260 1276 3334 ἔχομεν
1305 3266 1441 3338 πρὸς
1467 3266 1558 3337 τὸν
1590 3267 1742 3335 Θεὸν,
1780 3271 1886 3343 Ἰή-

302 3344 437 3399 σοῦν
472 3347 704 3419 Χριστὸν
734 3349 962 3406 δίκαιον·
998 3353 1090 3406 καὶ
1120 3354 1281 3420 αὐτός
1307 3356 1453 3411 ἐστιν
1491 3357 1714 3431 ίλασμὸς
1747 3360 1886 3434 ὑπὲρ

294 3436 413 3492 τῶν
434 3439 718 3512 ἁμαρτιῶν
740 3443 913 3515 ήμῶν·
948 3464 968 3498 ι
999 3445 1089 3499 τὸν
1120 3446 1281 3500 αὐτὸν
1306 3448 1506 3520 τρόπον
1540 3450 1634 3505 καὶ
1655 3451 1885 3505 ἐνταῦθα

298 3528 573 3585 λέλεκται·
625 3533 747 3588 Ἐπὶ
783 3534 861 3607 τῷ
907 3536 1027 3609 Θεῷ
1074 3538 1136 3592 τὸ
1165 3538 1431 3611 σωτήριόν
1464 3558 1566 3613 μου
1589 3544 1732 3615 καὶὴ
1759 3542 1883 3610 δόξα

302 3639 437 3693 μου,
469 3624 563 3677 καὶ
587 3627 621 3696 ή
657 3624 879 3697 βοήθειά
912 3646 1014 3699 μου
1042 3629 1136 3684 καὶ
1165 3633 1198 3702 ή
1222 3630 1378 3697 ὲλπίς
1404 3650 1529 3704 μου.
1574 3634 1663 3699 Ὠς
1691 3636 1739 3687 εί
1767 3634 1886 3688 λευ-

301 3718 532 3790 κότερον
561 3718 624 3772 τὸ
662 3722 1060 3793 σημαινόμενον
1090 3724 1199 3797 ἀπὸ
1228 3725 1331 3797 τῆς
1370 3726 1664 3799 Ἐὕραῖκῆς
1701 3729 1884 3799 φωνῆς

296 3811 510 3865 -εέθειτο
543 3813 601 3865 ὲν
629 3815 694 3885 τῇ
729 3814 1014 3887 ἑρμηνεία,
1043 3814 1216 3882 οὕτως
1249 3817 1317 3872 ἂν
1346 3820 1639 3891 περιεῖχεν
1678 3819 1884 3892 Ἰησοῦς

296 3903 362 3963 τὸ
403 3903 669 3974 σωτήριόν
715 3921 814 3975 μου
849 3906 912 3959 ὲν
938 3905 1015 3978 τῷ
1044 3906 1163 3979 Θεῷ
1198 3909 1503 3980 τυγχάνων,
1539 3910 1635 3964 καὶ
1676 3914 1735 3965 ὲν
1771 3914 1885 3976 τοῖς

300 3994 526 4059 κόλποις
557 3995 652 4049 τοῦ
682 3997 914 4069 Πατρὸς,
962 3998 1123 4063 αὐτός
1156 4001 1303 4053 ἐστιν
1348 4003 1383 4073 ή
1423 4002 1552 4070 δόξα
1591 4020 1693 4074 μου
1732 4005 1827 4058 καὶ
1856 4006 1885 4058 ό

300 4086 479 4157 φύλαξ
511 4105 633 4159 μου,
660 4090 755 4142 καὶ
778 4091 806 4143 ὁ
830 4090 961 4155 Θεὸς
986 4090 1087 4161 τῆς
1120 4091 1368 4164 βοηθείας
1404 4110 1527 4165 μου,
1559 4095 1653 4148 καὶ
1674 4097 1706 4167 ή
1731 4095 1884 4162 ὲλπίς

305 4195 410 4250 μου
438 4181 471 4250 ή
507 4180 566 4233 ὲν
598 4179 678 4251 τῷ
710 4180 847 4253 Θεῷ.
879 4181 1066 4237 Ταῦτα
1097 4182 1206 4256 γὰρ
1231 4184 1410 4239 πάντα
1437 4187 1466 4239 ό
1492 4185 1585 4240 τοῦ
1612 4185 1749 4241 Θεοῦ
1784 4187 1884 4241 Λό-

300 4288 398 4339 γος
423 4273 541 4325 ἐστὶ
580 4275 693 4337 τοῖς
728 4274 809 4336 είς
840 4274 1004 4328 αὑτὸν
1042 4275 1337 4341 ἐλπίζουσι.
1379 4277 1472 4332 Διὸ
1504 4280 1598 4334 καὶ
1629 4281 1771 4335 κατὰ
1793 4280 1883 4334 τὸν

313 4364 547 4418 ⁹Δκύλαν
578 4364 811 4435 εἴρηται·
843 4383 861 4418 ς
905 4367 1028 4421 Ἐπὶ
1052 4366 1172 4439 Θεῷ
1202 4370 1468 4443 σωτήριόν
1503 4388 1606 4442 μου
1639 4373 1735 4426 καὶ
1754 4372 1882 4440 δόξα

1992 1883 2046 1931 et
2090 1875 2209 1947 ipse
2238 1876 2382 1934 Deus
2428 1893 2583 1933 meus
2637 1886 2693 1934 et
2753 1876 3008 1935 Salvator
3056 1894 3232 1944 meus,
3280 1884 3571 1949 susceptor

1993 1983 2169 2037 meus,
2200 1984 2308 2025 non
2337 1970 2617 2042 emigrabo
2643 1989 2657 2038 ;
2688 1990 2705 2022 ›
2730 1971 2871 2036 sive,
2901 1971 3200 2027 secundum
3232 1971 3480 2043 Aquilam
3512 1978 3567 2025 et

1994 2060 2401 2134 Symmachum,
2454 2083 2473 2115 ι
2509 2080 2618 2119 non
2669 2064 2846 2118 fallar.
2880 2083 2898 2115 ι
2939 2062 3169 2118 Mullum
3194 2064 3423 2119 interest
3450 2061 3567 2118 disv

1991 2155 2239 2210 criminis
2288 2156 2430 2211 inter
2479 2155 2635 2221 illud,
2694 2177 2711 2207 ι
2751 2171 2858 2211 non
2910 2156 3169 2210 movebar
3233 2153 3493 2224 amplius,
3530 2172 3551 2205 ι

1990 2256 2043 2303 et
2084 2247 2240 2316 illud,
2295 2266 2315 2300 ι
2349 2262 2459 2303 non
2490 2247 2667 2313 fallar,
2700 2268 2718 2299 ι
2746 2256 2801 2303 et
2827 2266 2845 2299 ι
2886 2264 2998 2304 non
3032 2247 3333 2319 emigrabo.
3372 2267 3391 2300 ι
3423 2244 3560 2301 Nam

1990 2335 2123 2390 illud
2164 2335 2384 2408 quidem
2421 2336 2701 2392 indicabat
2749 2338 2953 2394 moveri
2986 2337 3206 2410 quidem
3238 2337 3439 2408 ipsum,
3471 2337 3567 2394 sed

1989 2444 2099 2482 non
2139 2429 2401 2495 multum;
2455 2437 2512 2483 at
2549 2427 2640 2483 hic
2671 2429 2921 2498 cujusvis
2968 2428 3154 2499 lapsus
3202 2427 3423 2500 negatio
3456 2433 3561 2483 est.

1995 2541 2013 2574 ι
2048 2521 2103 2576 In
2135 2520 2247 2577 Deo
2274 2521 2514 2577 salutare
2555 2535 2737 2575 meum
2771 2529 2826 2576 et
2857 2520 3028 2592 gloria
3055 2537 3196 2587 mea,
3228 2519 3373 2575 Deus
3410 2520 3567 2574 auxi-

1989 2613 2046 2668 lii
2075 2612 2204 2677 mei,
2234 2619 2289 2669 et
2323 2627 2450 2683 spes
2478 2626 2597 2667 mea
2628 2611 2681 2669 iu
2713 2610 2821 2666 Deo
2842 2620 2946 2667 est.
2982 2631 3001 2663 ι
3036 2609 3137 2665 llic
3172 2605 3391 2683 quoque
3424 2632 3443 2664 ι
3479 2627 3567 2668 sa-

1988 2705 2163 2760 lutare
2202 2722 2221 2756 ι
2261 2702 2527 2760 llebraiea
2557 2702 2740 2775 lingua
2776 2701 2939 2757 Jesus
2982 2701 3183 2768 dictus,
3230 2716 3393 2775 atque
3430 2703 3564 2774 ipsis

1988 2796 2397 2854 characteribus
2417 2796 2728 2867 descriptus
2751 2803 2857 2851 est.
2887 2792 3354 2881 Quemadmodum
3382 2803 3564 2852 autem

1986 2890 2206 2948 divinus
2250 2890 2549 2962 Apostolus
2582 2890 2651 2947 de
2697 2887 2982 2945 Salvatore
3011 2895 3210 2946 nostro
3262 2889 3378 2945 haec
3426 2889 3565 2945 seri.

1987 2981 2098 3054 psit
2135 3001 2149 3037 :
2187 3000 2206 3034 ι
2243 2979 2535 3038 Justitlcati
2587 2982 2760 3054 gratis
2814 2997 2913 3054 per
2954 2982 3184 3054 gratiam
3233 2982 3426 3053 ipsius,
3471 2999 3558 3052 pel

1989 3072 2413 3145 redemptionem
2447 3089 2569 3145 qua:
2593 3083 2679 3131 est
2713 3075 2768 3131 in
2795 3074 3015 3132 Christo
3038 3074 3167 3132 Jesu
3198 3095 3212 3131 :
3245 3090 3405 3146 quem
3441 3090 3567 3145 pro-

1991 3165 2173 3236 posuit
2210 3164 2353 3221 Deus
2384 3166 2827 3237 propitiationem
2862 3183 2955 3238 per
3001 3168 3163 3225 (idem
3206 3168 3261 3222 in
3302 3168 3569 3238 sanguine

1989 3257 2163 3329 ipsius
2194 3256 2263 3326 “;
2301 3276 2319 3310 ι
2355 3272 2420 3314 ac
2464 3273 2683 3315 rursum
2716 3278 2730 3314 :
2769 3279 2788 3311 ι
2827 3259 2886 3314 Si
2920 3261 3046 3330 quis
3092 3260 3419 3332 peccaverit,
3470 3258 3567 3313 ad-

1988 3357 2241 3406 vocatum
2275 3350 2541 3409 habemus
2590 3351 2735 3423 apud
2785 3349 2976 3417 Deum,
3042 3350 3228 3408 Jesum
3284 3352 3564 3408 Christum

1982 3442 2216 3513 justum,
2270 3451 2323 3499 et
2371 3443 2489 3514 ipse
2536 3453 2621 3500 est
2667 3443 2984 3515 propitiatio
3028 3460 3127 3516 pro
3170 3445 3412 3516 peccatis
3460 3459 3565 3500 no-
3666 3484 3681 3501 .

1987 3533 2116 3589 stris
2142 3533 2211 3600 ",
2255 3552 2273 3586 ι
2306 3533 2387 3589 sic
2416 3542 2470 3591 et
2502 3533 2608 3589 hoc
2653 3534 2773 3589 loco
2822 3534 3046 3603 dicitur,
3091 3534 3149 3591 In
3190 3534 3301 3590 Deo
3326 3535 3566 3591 salutare

1985 3641 2168 3685 meum
2210 3635 2265 3683 et
2304 3626 2476 3699 gloria
2522 3641 2663 3692 mea,
2711 3634 2765 3682 et
2810 3627 3072 3681 auxilium
3127 3642 3307 3683 meum
3352 3638 3406 3683 et
3440 3644 3564 3698 spes

1985 3733 2125 3774 mea.
2187 3717 2265 3773 Ita
2307 3728 2366 3773 ut
2396 3717 2445 3774 si
2482 3717 2763 3774 Hebraicae
2779 3719 2930 3774 vocis
2961 3719 3329 3790 signiﬁcatum
3359 3720 3563 3776 clarius

1986 3810 2042 3866 in
2090 3810 2537 3881 interpretatione
2589 3812 2829 3883 positum
2881 3810 3095 3877 fuisset,
3155 3812 3235 3867 sic
3290 3811 3559 3867 haberet:

1983 3897 2143 3957 Jesus
2175 3902 2415 3959 salutare
2449 3917 2628 3957 meum
2652 3902 2709 3958 in
2754 3900 2867 3957 Deo
2902 3902 3194 3966 exsistens,
3236 3910 3289 3957 et
3333 3903 3387 3955 in
3437 3901 3563 3955 sinu

1985 3995 2185 4061 Patris,
2231 3997 2350 4068 ipse
2376 4005 2462 4053 est
2495 3997 2668 4068 gloria
2715 4012 2859 4060 mea,
2902 4006 3089 4052 custos
3131 4012 3306 4060 meus,
3336 4005 3389 4051 ct
3422 3995 3564 4050 Deus

1985 4091 2173 4146 auxilii
2203 4091 2310 4147 mei
2344 4100 2399 4147 et
2429 4104 2557 4162 Spes
2601 4105 2743 4155 mea,
2774 4104 2897 4160 quae
2927 4089 2980 4144 in
3025 4088 3136 4143 Deo
3168 4097 3270 4144 est.
3303 4086 3436 4142 Nam
3467 4086 3563 4143 Dei

1987 4180 2222 4238 Verbum
2251 4181 2447 4239 horum
2479 4181 2725 4237 omnium
2756 4181 2878 4237 loco
2902 4188 2986 4236 est
3013 4179 3364 4251 sperantibus
3396 4181 3448 4233 in
3480 4194 3559 4233 se.

1985 4274 2166 4341 Quare
2186 4283 2241 4330 et
2277 4273 2579 4331 secundum
2606 4274 2859 4344 Aquilam
2890 4273 3097 4328 dictum
3130 4281 3213 4327 est
3246 4292 3259 4327 :
3298 4291 3317 4323 ι
3359 4270 3416 4326 1η
3452 4270 3565 4326 Deo

1987 4367 2226 4422 salutare
2266 4381 2470 4427 meum,
2503 4371 2559 4419 et
2597 4363 2772 4435 gloria
2813 4379 2955 4427 mea,
3000 4364 3189 4416 llrmus
3227 4360 3567 4417 fortitudini:
3632 4364 3639 4369 '

301 4473 427 4527 μου,
473 4456 693 4528 στερεὸς
730 4458 962 4529 κράτους
1006 4476 1132 4529 μου,
1171 4459 1327 4525 ὲλπίς
1368 4479 1471 4533 μου
1498 4464 1558 4516 ὲν
1585 4463 1725 4536 Θεῷ.
1765 4463 1881 4517 Ἐλ-

1988 4474 2139 4522 mea,
2171 4473 2298 4529 spes
2326 4472 2445 4511 mea
2477 4456 2533 4510 in
2569 4454 2699 4512 Deo.
2736 4456 2963 4526 Sperate
3002 4455 3055 4508 in
3084 4470 3149 4509 eo
3179 4454 3356 4509 omnis
3396 4470 3562 4526 syna-

298 4545 497 4599 πίσατε
553 4547 640 4599 ἐπ’
680 4547 862 4613 αὐτὸν,
926 4550 1076 4603 πᾶσα
1110 4552 1400 4625 συναγωγὴ
1446 4552 1611 4610 λαῶν’
1654 4554 1881 4625 ὲκχέατε

298 4637 531 4691 ὲνώπιον
576 4638 742 4693 αὐτοῦ
782 4640 880 4704 τὰς
922 4641 1151 4714 καρδίας
1192 4643 1367 4715 ὑμῶν.
1423 4646 1483 4700 '0
1519 4645 1653 4711 Θεὸς
1687 4647 1882 4719 βοηθὸς

299 4731 479 4801 ἡμῶν.
537 4731 844 4803 Διάψαλμα.
899 4753 918 4786 ι
977 4738 1369 4809 Μνημονεύσας
1428 4739 1522 4794 τοῦ
1582 4740 1878 4814 Σωτηρίου,

299 4822 557 4888 συνεῖδεν,
608 4825 691 4877 ὅτι
739 4825 799 4879 ού
850 4827 1010 4898 μόνον
1053 4830 1220 4884 αὐτοῦ
1265 4830 1658 4903 θεραπευτικὸν
1704 4834 1876 4899 ἔσται,

298 4915 479 4970 κοινὸν
511 4916 570 4971 δὲ
599 4919 890 4990 γενήσεται
928 4922 1161 4991 ἀγαθόν·
1202 4925 1282 4979 διὸ
1324 4926 1414 4978 ἐπ’
1453 4926 1584 4981 αὐτὸ
1618 4925 1879 4997 συγκαλεί

294 5009 423 5072 τοὺς
448 5008 677 5074 πάντας,
702 5010 985 5079 φιλαυτίαν
1010 5015 1107 5085 μὲν
1127 5015 1546 5087 ἐκτρεπόμενος,
1577 5017 1877 5090 φιλανθρω-

296 5098 429 5154 πίαν
462 5098 519 5152 δὲ
549 5100 643 5153 καὶ
676 5099 774 5172 τὴν
807 5102 945 5175 πρὸς
975 5105 1103 5169 τοὺς
1140 5105 1311 5171 πέλας
1350 5106 1571 5179 ἀγάπην
1601 5107 1872 5163 ἐνδεικνύ-

294 5209 480 5264 μενος.
519 5192 916 5264 Προσκαλεῖται
944 5196 1123 5251 τοίνυν
1151 5198 1225 5264 ὡς
1251 5200 1345 5253 ἐπὶ
1377 5201 1643 5272 σωτήριον
1679 5200 1876 5272 λιμένα-

288 5284 542 5353 φάσκων·
595 5304 614 5336 ι
663 5285 950 5369 Ἐλπίσατε
996 5289 1087 5342 ἐπ’
1143 5290 1328 5355 αὒτὸν,
1389 5291 1539 5344 πᾶσα
1583 5290 1873 5365 συναγωγὴ

286 5374 462 5428 λαῶν’
496 5393 517 5427 ι
555 5374 589 5447 ή
623 5377 763 5431 κατὰ
786 5379 879 5432 τὸν
918 5379 1167 5446 Ἀκύλαν,
1194 5399 1214 5433 ι
1256 5381 1619 5454 Ἀμεριμνᾶτε
1647 5384 1706 5435 ὲν
1726 5382 1874 5455 αὐτῷ

285 5472 347 5520 ἐν
387 5468 555 5521 παντὶ
584 5469 779 5541 καιρῷ,
807 5470 954 5535 λαός.
990 5491 1010 5523 ι
1050 5472 1494 5545 ’Ᾱμεριμνῶντας
1521 5473 1577 5528 δὲ
1625 5476 1683 5528 ὲν
1725 5476 1873 5548 αὐτῷ

286 5560 385 5614 καὶ
434 5560 771 5629 ἐλπίζοντας,
820 5562 1083 5631 ὲξαπλοῦν
1119 5569 1384 5638 προσήκει
1418 5567 1545 5632 τοὺς
1581 5567 1879 5639 λογισμοὺς

1981 4563 2116 4622 goga
2164 4547 2487 4618 populorum
2536 4565 2549 4600 :
2592 4544 2852 4601 eﬂ'undite
2905 4558 3091 4598 coram
3134 4543 3227 4598 illo
3259 4543 3427 4599 corda
3470 4561 3563 4603 ve-

1983 4648 2117 4696 stra.
2148 4636 2293 4694 Deus
2330 4636 2551 4707 adjutor
2582 4644 2790 4694 noster.
2819 4633 3152 4705 Diapsalma.
3203 4653 3223 4686 ι
3264 4633 3560 4707 Postquam

1983 4731 2224 4787 salutare
2256 4730 2600 4793 memoravit,
2640 4728 2863 4802 agnovit
2889 4743 2999 4783 non
3029 4728 3208 4784 solum
3242 4728 3345 4784 sibi
3376 4729 3561 4786 mede-

1985 4823 2091 4878 lam
2122 4823 2440 4887 allaturum,
2464 4823 2560 4879 sed
2587 4837 2879 4878 commune
2902 4821 3105 4877 bonum
3130 4818 3375 4875 futurum
3400 4837 3556 4878 esse:

1984 4930 2155 4987 quare
2194 4914 2261 4970 ad
2311 4915 2489 4987 ipsum
2528 4930 2722 4971 omnes
2758 4921 2986 4977 evocat,
3036 4927 3339 4984 eversoque
3376 4929 3561 4970 amore

1983 5008 2225 5079 proprio,
2259 5009 2654 5064 humanitatem
2687 5013 2743 5063 et
2790 5006 3163 5076 proximorum
3208 5006 3554 5061 dilectionem

1979 5100 2219 5156 exhibet.
2252 5098 2423 5167 Quasi
2469 5114 2601 5171 ergo
2630 5098 2699 5154 ad
2745 5099 3036 5154 salutarem
3097 5108 3315 5170 portum
3367 5099 3550 5154 invitat

1981 5191 2067 5248 bis
2096 5192 2279 5249 verbis
2314 5212 2327 5247 :
2364 5212 2382 5245 ι
2405 5191 2633 5263 Sperate
2665 5190 2720 5245 in
2750 5206 2837 5251 eo.
2868 5191 3048 5248 omnis
3073 5191 3421 5264 congregatio
3454 5205 3541 5260 poc

1980 5284 2255 5355 pulornm,
2292 5304 2309 5338 ι
2342 5286 2477 5352 sive,
2495 5284 2796 5343 secundum
2820 5284 3094 5355 Aquilam.
3128 5303 3147 5336 ι
3179 5283 3380 5339 Secure
3412 5282 3552 5351 agite

1981 5380 2038 5434 in
2077 5380 2221 5450 ipso,
2253 5378 2401 5434 omni
2441 5386 2707 5450 tempore,
2767 5379 3020 5450 populus.
3066 5397 3084 5428 ο
3127 5374 3329 5430 Secure
3392 5387 3554 5441 porro

1980 5481 2202 5545 agentes
2239 5489 2307 5529 ac
2336 5486 2621 5545 sperantes
2652 5474 2708 5528 in
2750 5474 2870 5544 ipso
2918 5488 3015 5544 par
3052 5480 3135 5525 est
3192 5465 3554 5538 cogitationes

1982 5570 2087 5641 ipsi
2116 5568 2351 5640 aperire,
2388 5574 2442 5625 ct
2472 5566 2665 5625 animae
2688 5568 2910 5622 morbos
2941 5575 3197 5633 tanquam
3228 5557 3439 5616 medico
3462 5574 3552 5631 pa-

360 5739 403 5769 “
451 5735 684 5809 Philipp.
721 5755 790 5805 Iv,
831 5741 917 5796 ιδ.
993 5742 1036 5774 ⁵⁸
1075 5741 1230 5799 Rern.
1269 5759 1361 5813 tu,
1386 5745 1453 5801 “.21
1483 5745 1575 5801 2‘5.
1652 5748 1694 5778 θ’
1725 5744 1921 5803 Hoan.
1957 5763 2025 5816 tt,
2058 5745 2147 5806 ιῖ.
