4024 6210
464 269 566 326 5‘35

1141 263 1410 320 EUSEBH
1443 259 1925 317 CAiSARlENSIS
1955 258 2104 314 OPP.
2149 258 2328 314 PARS
2369 261 2456 316 Ill.
2502 290 2569 298 —
2609 241 3038 310 EXEGETICAX
3589 247 3695 304 596

460 381 714 435 tel’acere.
765 378 1129 445 Quamobrem
1167 378 1447 448 subjungit
1489 394 1502 432 :
1543 396 1562 428 ‹
1619 375 1891 431 Επιιιιάἰιε
1934 389 2010 428 co

2126 375 2219 427 καὶ
2252 375 2348 446 τῆς
2383 374 2560 446 ψυχῆς
2593 369 2940 442 ἀπογυμνοῦν
2987 366 3135 438 αύτῷ
3179 367 3366 436 ὥσπερ
3411 364 3578 434 ἰατρῷ
3623 367 3698 418 τὰ

457 487 571 526 ram
608 472 699 526 illo
729 471 894 526 corda
922 480 1120 527 vestra.
1166 471 1308 526 Deus
1349 471 1565 540 adiutor
1609 479 1813 524 noster.
1857 488 1874 518 ι
1913 466 2022 521 Ad-

452 564 710 628 juiurem,
749 561 960 642 inquit,
1010 562 1270 640 habentes
1329 560 1463 614 nihil
1531 560 1870 623 subducatis,
1921 574 2022 614 nec

454 652 732 720 quidpiam
773 652 825 706 in
861 660 1039 709 mente
1072 653 1385 716 occultetis,
1417 651 1509 707 sed
1535 652 1792 721 expansis
1830 651 2023 704 anima:

455 743 834 810 receptaculis,
874 743 1224 798 absconditas
1253 742 1327 797 ibi
1357 742 1714 812 cogitationes
1745 743 1978 797 revelate
2004 761 2016 796 :

455 831 688 901 ipsique,
722 841 910 904 utpote
947 835 1042 904 qui
1081 834 1264 888 omnia
1305 849 1498 888 curare
1529 834 1721 904 possit.
1757 848 1854 888 vos
1889 849 2022 886 con-

455 922 682 978 credite.

530 1119 693 1178 Veas.
744 1122 829 1176 10.
889 1141 907 1174 ι
950 1121 1338 1178 Verumtamen
1389 1123 1515 1177 vani
1569 1124 1664 1179 ﬁlii
1714 1125 2018 1190 hominum,

453 1214 744 1269 mendaces
774 1213 866 1267 ﬁlii
894 1214 1172 1269 hominum
1203 1215 1256 1268 in
1289 1216 1528 1280 stateris.
1562 1225 1620 1271 ut
1651 1216 1903 1286 injuriam
1939 1215 2019 1269 fa-

454 1305 601 1358 ciant
663 1305 765 1375 ipsi
809 1321 872 1359 ex
915 1308 1154 1361 vanitate
1205 1307 1258 1361 in
1313 1307 1570 1377 idipsum.
1608 1327 1625 1359 ι
1679 1309 1738 1362 1η
1810 1323 2016 1362 xxxvm

454 1407 670 1462 quoque
691 1391 972 1446 dicebatur
996 1411 1009 1447 :
1043 1413 1060 1444 ‹
1093 1393 1477 1451 Verumtamen
1506 1397 1756 1452 universa
1784 1399 2016 1463 vanitas,

453 1485 631 1540 omnis
659 1485 820 1538 homo
847 1484 1034 1541 vivens
1063 1487 1143 1552 7°;
1184 1506 1202 1538 ι
1255 1503 1320 1542 ac
1356 1503 1575 1544 rursum
1619 1506 1632 1542 :
1680 1506 1698 1539 ι
1731 1486 2017 1543 Verumta-

453 1590 579 1630 men
627 1590 765 1630 vane
817 1577 1214 1631 conturbantur
1243 1579 1325 1643 τίς
1365 1598 1382 1630 ›
1415 1586 1468 1634 et
1499 1597 1511 1632 :
1572 1597 1591 1630 ι
1628 1577 2015 1634 Verumtamen

454 1664 507 1718 in
537 1665 770 1736 imagine
799 1667 1096 1736 pertransit
1136 1667 1296 1722 homo
1327 1668 1392 1722 ⁷².
1436 1686 1453 1719 ι
1489 1666 1587 1722 llic
1617 1683 1833 1738 quoque
1865 1669 2017 1724 simi-

452 1758 524 1810 lia
567 1759 824 1814 dicuntur
872 1779 887 1822 _:
933 1762 1088 1831 queis
1138 1761 1428 1816 edocemur
1475 1761 1529 1815 in
1573 1777 1683 1815 uno
1727 1760 2016 1818 Servatore

454 1865 602 1920 spem
635 1865 856 1921 ponere,
891 1852 1174 1922 ipsumque
1205 1850 1362 1906 nobis
1389 1850 1690 1922 adjutorem
1716 1853 2014 1918 ascribere,

453 1944 890 2014 quandoquidem
923 1959 1111 1999 omnes
1141 1943 1236 1998 (illi
1275 1943 1576 2006 hominum,
1618 1947 1833 2001 etiamsi
1867 1947 2018 2018 prin-

453 2035 602 2104 cipes
648 2035 938 2089 videantur
985 2050 1128 2098 esse,
1161 2036 1412 2105 quamvis
1446 2037 1677 2090 multum
1730 2038 1786 2092 in
1816 2039 2017 2093 mundo

451 2125 686 2187 valeant,
721 2123 844 2178 vani
879 2132 1034 2191 sunt;
1081 2124 1216 2190 sive,
1260 2125 1560 2180 secundum
1607 2125 2014 2198 Symmachum,

459 2231 478 2264 ι
520 2228 710 2284 vapor,
751 2234 770 2268 ι
829 2215 976 2270 brevi
1031 2215 1196 2270 futuri
1238 2234 1257 2266 ι
1295 2225 1549 2287 tanquam
1602 2219 1803 2287 pulvis,
1855 2235 2015 2290 quem

453 2305 670 2373 proiicit
705 2313 900 2361 ventus
948 2322 977 2360 a
1013 2305 1149 2362 facie
1199 2314 1359 2362 terra:
1388 2307 1451 2360 ⁷³.
1495 2326 1514 2360 ι
1568 2307 1704 2364 Hinc
1759 2308 2016 2364 Salomon

452 2395 623 2464 patris
654 2410 754 2449 usu
783 2404 836 2451 et
862 2398 1128 2467 exemplo,
1164 2417 1182 2448 ‹
1225 2396 1450 2454 Vanitas
1475 2399 1798 2463 vanitatum,
1833 2402 2014 2455 omnia

450 2481 662 2536 vanitas
687 2483 751 2548 ⁷⁸,
785 2503 802 2535 ι
829 2492 882 2540 et
903 2486 1098 2539 similia
1119 2487 1355 2556 scripsit.
1383 2487 1667 2545 Meudaces
1694 2506 1857 2561 porro
1879 2492 2016 2546 duo-

449 2573 554 2629 bus
597 2575 776 2630 modis
825 2584 952 2631 sunt
985 2575 1078 2632 lilii
1115 2577 1424 2647 hominum;
1462 2581 1638 2635 altero
1665 2582 1793 2652 quia
1825 2583 2012 2652 procul

451 2678 482 2717 a
510 2667 735 2720 veritate
766 2667 1081 2723 aberrantes
1133 2669 1268 2724 falsa
1303 2671 1637 2742 loquuntur;
1669 2673 1842 2728 altero
1887 2676 2014 2744 quia

450 2753 733 2810 fraudibus
788 2757 1194 2827 mendaciisque
1232 2761 1484 2816 credulos
1525 2762 1630 2816 sibi
1675 2762 1731 2816 in
1771 2777 2012 2818 errorem

448 2846 745 2901 deducunt.
772 2847 950 2914 Quare
975 2849 1174 2903 talibus
1204 2865 1324 2906 sese
1350 2851 1573 2906 credere
1608 2867 1716 2907 non
1750 2855 1965 2924 expedit
1995 2875 2007 2908 :

446 2938 664 2992 mentiri
707 2939 909 3009 quippe
955 2941 1154 3003 solent,
1187 2957 1363 3010 neque
1394 2950 1477 2998 est
1509 2944 1564 2996 in
1602 2944 1734 3014 ipsis
1768 2945 2007 3011 veritas;

446 3026 542 3081 sed
573 3027 736 3081 etiam
769 3035 982 3083 statera;
1003 3030 1196 3084 animm
1225 3031 1465 3101 ipsorum
1506 3032 1642 3086 nihil
1675 3033 1906 3103 justum,
1932 3051 2008 3089 ae-

445 3117 662 3186 quabile
695 3118 829 3172 nihil
860 3118 1090 3183 habent;
1118 3121 1210 3175 sed
1235 3135 1358 3174 cum
1386 3123 1492 3176 alio
1517 3123 1868 3190 inclinentur,
1896 3126 2008 3195 juri

444 3205 716 3258 contraria
757 3215 1039 3277 peragunt.
1073 3206 1168 3263 His
1221 3225 1352 3282 ergo
1402 3212 1606 3283 iniquis
1643 3215 1862 3271 stateris
1893 3217 2009 3272 suis

444 3295 737 3351 vanitatem
771 3296 1195 3364 administrant,
1243 3303 1529 3359 veritatem
1571 3305 1798 3376 ejusque
1839 3306 2006 3364 Deum

443 3388 675 3445 aversati
721 3407 734 3444 :
778 3404 946 3459 quare
975 3406 1083 3446 non
1115 3394 1368 3448 convenit
1397 3411 1454 3450 se
1481 3397 1614 3466 ipsis
1645 3399 2006 3468 concredere;

444 3478 541 3532 sed
589 3494 713 3533 eum
750 3481 949 3546 solum,
1009 3483 1103 3552 qui
1156 3481 1406 3540 Salvator
1435 3486 1659 3554 dicitur,
1706 3491 2007 3560 adjutorem

446 3571 743 3627 ascribere.

514 3678 680 3740 Vens.
717 3685 804 3739 ll.
842 3705 862 3740 ι
897 3686 1076 3744 Nolite
1098 3705 1322 3761 sperare
1352 3693 1409 3748 in
1444 3694 1750 3766 iniquitate,
1785 3707 1840 3754 et
1862 3701 2010 3770 rapi-

441 3789 567 3830 nam
599 3777 767 3834 nolite
799 3782 1188 3851 concupiscere
1215 3801 1230 3850 ;
1260 3783 1464 3842 divitia:
1494 3789 1540 3843 si
1567 3789 1809 3854 amuant,
1839 3793 2008 3848 nolite

441 3879 539 3920 cor
577 3883 870 3939 apponere.
921 3891 937 3922 ι
1000 3871 1062 3927 lu
1112 3891 1323 3932 xxxvm
1386 3894 1603 3951 quoque
1669 3883 1876 3952 psalmo
1927 3883 2009 3938 af-

443 3958 572 4012 tinia
609 3960 764 4016 hisee
815 3961 1074 4018 dicuntur
1132 3983 1146 4020 :
1209 3987 1227 4019 ι
1261 3965 1651 4026 Verumtamen
1691 3987 1828 4028 vane
1872 3989 2007 4028 con--

438 4051 752 4109 turbantur.
817 4055 1218 4125 Thesaurizat,
1262 4067 1318 4115 et
1374 4061 1588 4132 ignorat
1639 4064 1728 4118 cui
1777 4079 2008 4137 congre-

439 4144 586 4215 gabit
616 4147 762 4201 ea";
805 4165 823 4200 ι
857 4146 994 4213 Quia
1037 4149 1202 4222 igitur
1228 4153 1322 4222 qui
1349 4152 1637 4210 thesauros
1669 4154 1722 4208 in
1742 4162 1888 4210 terra
1918 4171 2005 4211 re-

438 4233 647 4299 condit,
677 4242 731 4290 et
761 4239 1025 4307 pecunias
1058 4239 1258 4296 multas
1291 4241 1521 4314 colligit,
1553 4244 1608 4298 in
1639 4261 1841 4299 vanum
1872 4261 2005 4301 con-

438 4337 654 4397 gregat;
687 4343 862 4398 neque
905 4330 1048 4384 enim
1094 4330 1162 4387 iis
1210 4332 1324 4402 ipse
1356 4349 1582 4404 prorsus
1615 4334 1844 4402 fruetur,
1876 4353 2000 4392 eum

2124 469 2292 538 πάθη.
2324 469 2413 522 Διὸ
2446 467 2716 534 ὲπιλέγευ
2766 484 2784 515 ι
2831 461 3086 532 Ἐκχέατε
3137 457 3365 512 ἐνώπιον
3398 457 3562 510 αὑτοῦ
3596 459 3701 520 τὰς

2122 559 2346 631 καρδίας
2391 559 2564 630 ὑμῶν.
2637 557 2694 610 '0
2738 554 2870 618 Θεὸς
2925 552 3116 624 βοηθὸς
3159 549 3337 622 ἡμῶν.
3370 566 3389 600 ι
3439 549 3702 617 Ἔχοντες

2121 646 2248 716 γάρ,
2289 647 2442 716 φησὶ,
2472 646 2683 716 βοηθὸν,
2723 644 2885 715 μηδὲν
2927 640 3336 717 ὑποστέλλεσθε,
3376 638 3508 710 μηδέ
3548 656 3599 691 τι
3637 640 3705 690 ὲν

2120 740 2241 800 ταῖς
2267 737 2529 800 διανοίαις
2557 737 2708 806 ὑμῶν
2743 732 3140 804 ὑποκρύπτετε,
3169 729 3608 788 ἀναπετάσαντες
3636 726 3701 778 δὲ

2120 826 2187 879 τὰ
2210 829 2433 897 ταμιεῖα
2481 826 2581 896 τῆς
2621 825 2816 895 ψυχῆς,
2859 825 2982 887 τοὺς
3017 822 3074 874 ὲν
3106 821 3244 892 αὑτῇ
3284 817 3704 891 κρυπτομένους

2120 916 2409 987 λογισμοὺς
2440 916 2866 983 ἁνακαλύπτετε,
2897 915 2971 978 ὡς
3000 910 3064 966 ἂν
3098 912 3242 984 μόνῳ
3266 907 3457 979 ἀγαθῷ
3479 908 3574 960 καὶ
3604 907 3703 960 δυο

2121 1011 2265 1082 νατῷ
2290 1011 2357 1065 τά
2377 1011 2554 1066 πάντα
2585 1009 2764 1064 ἰᾶσθαι
2793 1008 3017 1071 ἑαυτοὺς
3039 1004 3476 1077 ὲμπιστεύοντες.

2193 1145 2212 1176 ‹
2253 1125 2398 1196 Πλὴν
2437 1126 2656 1195 μάταιοι
2685 1125 2734 1176 οἱ
2768 1123 2874 1175 υἱοὶ
2906 1121 3013 1174 τῶν
3042 1117 3363 1189 ἀνθρώπων,
3395 1116 3609 1186 ψευδεῖς
3644 1115 3703 1168 οἱ

2119 1218 2225 1270 υἱοὶ
2263 1217 2370 1270 τῶν
2401 1214 2703 1288 ἀνθρώπων
2739 1217 2796 1267 ὲν
2831 1213 3000 1286 ζυγῷ,
3036 1212 3126 1265 τοῦ
3158 1211 3412 1277 ἀδικῆσαι
3441 1209 3596 1264 αὐτοὶ
3627 1209 3703 1260 ὲκ

2123 1309 2477 1380 ματαιότητος
2509 1308 2601 1360 ἐπὶ
2643 1307 2704 1360 τὸ
2747 1306 2895 1360 αὑτό.
2932 1325 2949 1356 ι
2995 1307 3107 1358 Kai
3140 1305 3199 1356 ὲν
3226 1303 3305 1375 τῷ
3339 1303 3420 1374 λη’
3452 1301 3696 1370 ἐλέγετοο

2125 1417 2141 1448 ι
2175 1399 2319 1470 Πλὴν
2345 1399 2413 1453 τά
2442 1399 2728 1469 σύμπαντα
2753 1397 3068 1469 ματαιότης,
3088 1397 3194 1459 πᾶς
3213 1395 3495 1466 ἄνθρωπος
3516 1393 3645 1458 ζῶν.
3671 1411 3693 1444 ι

2118 1493 2226 1546 Καὶ
2257 1492 2437 1545 πάλινσ
2478 1511 2496 1543 ι
2522 1491 2667 1562 Πλὴν
2698 1489 2873 1561 μάτην
2895 1489 3275 1560 ταράσσονταν
3300 1505 3318 1537 ι
3353 1487 3466 1550 καὶ,
3500 1505 3517 1536 ι
3552 1485 3700 1539 Μέν-

2117 1599 2264 1652 τοιγε
2297 1585 2355 1636 ἐν
2388 1583 2555 1636 εικόνι
2582 1581 2959 1653 διαπορεύεται
2991 1579 3294 1651 ἄνθρωπος.
3341 1598 3359 1630 ι
3396 1576 3700 1632 Κάνταῦθα

2121 1671 2423 1744 συμφώνως
2469 1672 2696 1734 ὲκείνοις
2737 1670 2983 1723 λέλεκται
3026 1668 3096 1722 τὰ
3129 1668 3484 1740 προκείμεναο
3519 1667 3588 1720 δι’
3617 1659 3700 1720 ὧν

2117 1762 2480 1834 διδασκόμεθα
2513 1763 2604 1815 ἐπὶ
2635 1764 2793 1833 μόνον
2822 1761 2914 1815 τὸν
2945 1761 3172 1832 Σωτῆρα
3213 1757 3473 1822 ἐλπίζειν,
3502 1759 3699 1812 κάκεῖ-

2121 1874 2208 1909 νον
2243 1855 2433 1926 βοηθὸν
2467 1853 2882 1925 ἐπιγράφεσθαιο
2917 1851 3102 1924 ἐπειδὴ
3138 1851 3336 1913 πάντες
3363 1851 3410 1902 οί
3445 1849 3553 1901 υἱοὶ
3588 1849 3701 1900 τῶν

2119 1946 2440 2020 ἀνθρώπων,
2489 1947 2592 2000 κᾶν
2639 1945 2896 2016 ἄρχοντες
2942 1939 3080 1996 εἶναι
3123 1943 3347 2004 δοκοῖεν,
3386 1939 3488 1993 κᾶν
3523 1939 3701 1991 πολλὰ

2117 2041 2403 2112 δυνάμενοι
2436 2037 2578 2092 κατά
2601 2037 2692 2091 τὸν
2729 2036 2864 2107 βίον,
2908 2036 3143 2106 μάταιοι·
3177 2034 3210 2104 ἢ
3244 2033 3385 2087 κατὰ
3419 2033 3508 2086 τὸν
3544 2033 3700 2103 Σύμ-

2123 2149 2313 2202 μαχον,
2351 2151 2369 2181 ι
2399 2129 2590 2200 ἀτμὸς,
2626 2147 2644 2180 ι
2677 2129 2794 2198 μετ’
2817 2126 2994 2195 ὀλίγον
3026 2127 3270 2196 ἐσόμενοι
3303 2143 3321 2174 ι
3357 2125 3488 2177 ὡσεὶ
3509 2123 3698 2195 χνοῦς,

2117 2226 2176 2279 ὃν
2211 2223 2458 2295 ἐκρίπτει
2499 2221 2697 2291 ἄνεμος
2731 2218 2837 2272 ἀπὸ
2878 2216 3173 2288 προσώπου
3217 2217 3317 2286 τῆς
3349 2216 3470 2286 γῆς.
3504 2234 3524 2266 ι
3576 2216 3700 2270 Ἑν-

2116 2313 2308 2367 τεῦθεν
2335 2314 2365 2368 ό
2397 2309 2648 2380 Σολομὼν
2677 2305 2979 2376 ὠφεληθεὶς
3004 2307 3094 2359 τὸν
3128 2306 3359 2377 πατέρα,
3397 2324 3413 2355 ι
3448 2305 3700 2358 Ματαιό.

2117 2423 2216 2475 της
2251 2404 2646 2475 ματαιοτήτων,
2696 2400 2764 2453 τά
2809 2399 2988 2452 πάντα
3036 2398 3354 2469 ματαιότης,
3393 2417 3411 2449 ι
3455 2399 3549 2451 καὶ
3591 2399 3698 2452 ὅσα

2115 2497 2336 2549 τοιαῦτα
2369 2495 2592 2566 ἔγραφε.
2627 2493 2856 2555 Ψευδεῖς
2881 2491 2937 2544 δέ
2974 2493 3080 2544 είσι
3112 2491 3252 2544 κατὰ
3273 2491 3366 2544 δύο
3386 2492 3616 2562 τρόπους
3643 2493 3700 2544 οε

2115 2587 2221 2640 υἱοὶ
2249 2587 2356 2640 τῶν
2387 2585 2706 2658 ἀνθρώπων⁵
2730 2584 2852 2637 καθ’
2878 2585 2973 2636 ἕνα
3003 2584 3100 2654 μὲν
3121 2582 3570 2652 ψευδολογούντες
3595 2584 3700 2636 καὶ

2119 2680 2336 2752 μακράν
2378 2680 2478 2750 τῆς
2521 2678 2774 2751 ἀληθείας
2820 2678 3241 2750 ἀπερριμμένον
3285 2676 3427 2730 κατὰ
3464 2677 3699 2748 θάτερον

2114 2772 2170 2825 δὲ
2196 2771 2430 2835 ἀπάταις
2457 2773 2552 2825 καὶ
2584 2769 2956 2840 ψευδολογίαις
2983 2769 3291 2832 πλανῶντες
3313 2771 3439 2832 τοὺς
3469 2768 3698 2822 πιστεύ-

2112 2881 2270 2929 οντας
2305 2865 2505 2927 αὐτοῖς.
2538 2864 2629 2916 Διὸ
2655 2863 2714 2916 ού
2740 2864 3005 2935 προσήκει
3034 2865 3143 2926 τοῖς
3167 2861 3426 2925 τοιούτοις
3461 2862 3697 2926 ἑαυτοὺς

2114 2957 2394 3011 ὲκδιδόναυ
2436 2955 2725 3026 ψεύδεσθαι
2757 2957 2864 3025 γὰρ
2898 2955 3140 3019 εἰώθασι,
3183 2955 3275 3008 καὶ
3318 2955 3418 3008 ούκ
3453 2955 3600 3008 ἔστιν
3630 2958 3699 3009 ὲν

2114 3050 2297 3112 αὐτοῖς
2344 3048 2590 3120 ἀλήθειαο
2639 3047 2776 3102 ἀλλὰ
2821 3049 2914 3101 καὶ
2958 3047 3110 3115 ζυγοὶ
3154 3047 3254 3117 τῆς
3293 3046 3472 3100 αὐτῶν
3507 3047 3698 3119 ψυχῆς

2113 3140 2263 3194 οὐδὲν
2291 3140 2497 3194 δίκαιον
2524 3139 2642 3193 οὐδὲ
2676 3140 2962 3211 ἰσόρροπον
3006 3138 3367 3211 περιέχουσιν·
3411 3139 3695 3209 ἑτεροκλι-

2113 3234 2221 3296 νεῖς
2253 3231 2308 3285 δὲ
2327 3231 2499 3296 ὄντες,
2525 3230 2782 3285 τάναντία
2801 3230 2877 3301 τῷ
2897 3230 3087 3301 δικαίῳ
3117 3229 3432 3302 πράττουσι.
3466 3229 3695 3294 Τούτοις

2109 3317 2201 3376 05v
2245 3324 2357 3386 τοῖς
2404 3321 2610 3385 ἀδίκοις
2641 3321 2817 3375 αὐτῶν
2846 3321 3028 3391 ζυγοῖς
3056 3321 3152 3393 τὴν
3185 3321 3519 3393 ματαιότητα
3540 3338 3697 3392 mp:—

2111 3414 2321 3478 ἐπουσι,
2351 3415 2450 3486 τὴν
2481 3413 2736 3486 ἀλήθειαν
2773 3415 2865 3467 καὶ
2900 3415 2991 3468 τὸν
3031 3414 3232 3486 ταύτης
3257 3415 3389 3469 Θεὸν
3417 3416 3696 3487 ἀποστρε-

2116 3508 2354 3578 φόμενον
2388 3507 2469 3560 διὸ
2496 3506 2556 3559 οὐ
2593 3508 2860 3578 προσήκει
2897 3507 3078 3571 αὐτοῖς
3111 3507 3480 3578 ἐμπιστεύεινο
3522 3509 3692 3579 μόνον

2107 3599 2165 3652 δὲ
2194 3599 2285 3653 τὸν
2313 3598 2569 3670 λεχθέντα
2600 3599 2830 3670 Σωτῆρα
2863 3598 3051 3670 βοηθὸν
3085 3599 3501 3670 ἐπιγράφεσθαι.

2183 3730 2202 3762 ι
2233 3711 2325 3782 Μὴ
2368 3709 2615 3775 ἐλπίζετε
2663 3712 2755 3764 ἐπὶ
2795 3711 3028 3775 ἀδικίαν,
3069 3713 3162 3766 καὶ
3189 3712 3283 3764 ἐπὶ
3311 3713 3573 3785 ἅρπαγμα
3598 3712 3681 3783 μὴ

2108 3802 2448 3856 ἐπιποθεῖτε·
2491 3799 2716 3864 πλοῦτος
2750 3800 2844 3854 ἐὰν
2877 3801 2996 3873 ρέῃ,
3041 3803 3116 3874 μὴ
3154 3803 3501 3871 προστίθεσθε
3537 3819 3681 3873 καρ-

2107 3893 2216 3962 δίᾳ.
2262 3914 2280 3947 ι
2336 3895 2447 3948 Καὶ
2491 3896 2548 3948 ὲν
2597 3893 2675 3965 τῷ
2723 3893 2804 3964 λη’
2855 3893 3128 3962 συγγενῶς
3177 3893 3385 3959 τούτοις
3442 3895 3679 3963 ἐλέγετοο

2113 4003 2132 4035 ι
2170 3983 2316 4055 Πλὴν
2351 3985 2526 4057 μάτην
2558 3983 2940 4057 ταράσσονται.
2979 3984 3330 4057 Θησαυρίζει,
3376 3986 3469 4040 καὶ
3502 3988 3563 4039 οὑ
3593 4005 3688 4056 γι-

2107 4075 2304 4129 νώσκει
2329 4077 2435 4130 τίνι
2465 4076 2678 4142 συνάξει
2711 4075 2867 4130 αὑτά.
2901 4096 2918 4128 ι
2967 4078 3118 4130 Ἐπεὶ
3152 4078 3330 4133 τοίνυν
3359 4083 3387 4133 ὁ
3415 4079 3688 4152 θησαυρί-

2107 4166 2338 4231 ζωνιὲπὶ
2376 4167 2476 4238 τῆς
2513 4168 2636 4238 γῆς,
2677 4169 2771 4222 καὶ
2806 4169 2973 4222 πολλὰ
3003 4169 3259 4240 χρήματα
3291 4172 3559 4240 συνάγων,
3603 4175 3688 4240 είς

2110 4258 2336 4330 μάταιον
2371 4260 2609 4328 συνάγει·
2646 4259 2768 4313 οὔτε
2797 4260 2906 4333 γάρ
2947 4261 3004 4329 ἐξ
3043 4263 3278 4326 ἅπαντος
3315 4264 3477 4327 αὐτὸς
3502 4266 3688 4320 αὐτῶν

2105 4350 2423 4418 ἀπολαύσει,
2459 4352 2712 4424 πταρμοῦ
2750 4353 2934 4424 τάχιον
2962 4355 3056 4409 τοῦ
3102 4355 3216 4426 βίου
3265 4355 3684 4428 μεθιστάμενος,

437 4424 873 4477 sternutamento
926 4422 1097 4478 citius
1143 4439 1207 4478 ex
1258 4423 1360 4478 hac
1407 4424 1516 4479 vita
1550 4425 1877 4486 auferendus
1906 4433 1997 4495 sit,

2115 4440 2230 4496 οὔτε
2261 4445 2441 4497 ὁποῖον
2475 4422 2584 4511 ἕξει
2615 4422 2857 4517 διάδοχον
2889 4422 3131 4519 άκριίῶς
3163 4422 3472 4503 πέπεισταυ
3498 4422 3560 4503 *τί
3590 4422 3687 4506 καὶ

435 4524 614 4580 neque
646 4513 815 4582 probe
845 4515 982 4570 sciat
1005 4516 1098 4586 qui
1132 4515 1235 4588 ipsi
1279 4516 1451 4573 haares
1481 4517 1697 4574 futurus
1724 4519 1794 4575 sit
1822 4540 1834 4575 :
1869 4522 1999 4592 quid

432 4614 573 4656 vane
605 4607 966 4662 conturbatur
1001 4610 1025 4662 ‘!
1055 4607 1205 4662 Multi
1230 4609 1434 4680 itaque,
1459 4613 1572 4667 sive
1597 4615 1998 4683 propemodum

434 4707 647 4757 omnes.
678 4712 800 4753 sese
827 4699 1180 4771 deceperunt,
1220 4717 1344 4758 cum
1381 4704 1506 4760 ﬁliis
1558 4713 1612 4759 et
1655 4706 2000 4765 charioribus

436 4783 630 4838 amicis
663 4801 722 4841 se
753 4787 974 4845 divitias
1020 4791 1315 4850 relicturos
1354 4804 1672 4866 sperarent;
1710 4798 1807 4852 sed
1852 4799 1998 4867 quod

435 4871 684 4960 luturum
713 4885 859 4931 esset
886 4878 1233 4951 ignorabant,
1263 4885 1700 4956 aberrabantque
1729 4902 1759 4941 a
1808 4903 1996 4960 scapo.

2109 4531 2416 4605 θορυόεῖται
2443 4535 2618 4605 μάτην
2637 4551 2652 4600 ;
2679 4535 2868 4590 Πολλοὶ
2892 4537 3021 4605 γοῦν
3041 4537 3073 4608 ἢ
3093 4540 3184 4592 καὶ
3205 4540 3388 4610 σχεδὸν
3406 4543 3456 4594 οί
3480 4543 3686 4605 πάντες

2108 4628 2250 4694 σφᾶς
2281 4627 2478 4691 αὐτοὺς
2507 4629 2816 4700 ἠπάτησαν,
2853 4633 2985 4695 υἱοῖς
3030 4632 3128 4702 μὲν
3160 4634 3253 4687 καὶ
3284 4634 3559 4704 φιλτάτοις
3587 4637 3684 4691 τὸν

2104 4715 2282 4770 αὐτῶν
2329 4717 2557 4771 πλοῦτον
2600 4721 2913 4774 καταλιπεῖν
2957 4725 3442 4796 προσδοκήσαντες.
3474 4729 3681 4801 ἀγνοή-

2107 4825 2300 4873 σαντες
2341 4810 2398 4863 δὲ
2435 4811 2496 4864 τὸ
2534 4812 2723 4882 μέλλον
2755 4815 2848 4868 καὶ
2895 4815 3292 4888 ἀστοχήσαντες
3322 4820 3413 4872 τοῦ
3446 4823 3675 4876 σκοποῦ.

2103 4901 2296 4973 Μάτην
2335 4898 2428 4955 οὖν
2461 4903 2817 4974 ταράττονται
2855 4907 3068 4979 άληθῶς
3100 4909 3538 4982 θησαυρίζοντες,
3581 4918 3680 4975 καὶ

434 4959 472 5016 li
497 4962 741 5032 profecto
763 4982 900 5024 vane
932 4972 1226 5029 turbantur
1247 4975 1378 5031 dum
1414 4979 1701 5034 thesauros
1729 4959 1998 5046 condunt,

2115 4993 2161 5044 >5
2192 4992 2549 5060 γινώσκοντες
2585 4996 2668 5060 τίς
2709 4959 3122 5064 συνάξειιαῦτά.
3154 4959 3258 5056 ,Διὸ
3277 4959 3563 5076 Γπροσήκει
3599 5009 3677 5080 μὴ

433 5064 750 5128 ignorantes
796 5064 922 5132 quis
957 5069 1314 5140 congregabit
1358 5086 1475 5128 eos.
1519 5070 1700 5138 Quare
1741 5076 2002 5130 convenit

2115 5082 2339 5147 ιλπίζειν
2378 5085 2470 5137 ἐπὶ
2503 5085 2715 5142 ἀδικίαν
2759 5091 2852 5143 καὶ
2881 5091 2948 5145 τὰ
2974 5093 3033 5159 ἐξ
3067 5093 3279 5159 ἀδικίας
3313 5064 3674 5166 τέομξὸμεναί

433 5163 540 5204 non
574 5163 796 5220 sperare
839 5154 894 5209 in
939 5156 1306 5228 iniquitatem,
1356 5169 1411 5218 et
1459 5163 1515 5218 in
1566 5179 1654 5220 res
1709 5163 2000 5236 iniquitate

431 5249 652 5312 partas;
686 5258 862 5314 neque
908 5247 956 5302 si
1009 5249 1214 5308 divitiae
1260 5250 1500 5310 ﬂuminis
1546 5255 1723 5311 instar
1753 5257 1996 5324 amuant,

2103 5170 2239 5242 μηδὲ
2265 5170 2490 5237 πλοῦτος
2519 5174 2610 5228 ἐὰν
2641 5177 2737 5248 ῥέῃ
2766 5182 3073 5253 ποταμηὸδι
3104 5183 3417 5254 φερόμενος,
3443 5187 3674 5257 ὲπαίρε·

2101 5264 2242 5320 σθαι.
2278 5264 2340 5317 Εἰ
2365 5265 2420 5318 δὲ
2452 5269 2716 5339 προσήκει
2745 5274 2840 5326 καὶ
2877 5272 2965 5326 διά
3011 5277 3240 5338 πλούτου
3287 5278 3417 5330 ποτὲ
3461 5279 3674 5349 ἀγαθήν

432 5332 553 5388 idco
573 5333 731 5405 erigi.
764 5333 921 5403 Quod
955 5339 1000 5395 si
1033 5343 1252 5412 quando
1281 5344 1349 5400 de
1379 5345 1585 5404 divitiis
1614 5349 1813 5404 bonam
1845 5368 1996 5422 spem

2115 5372 2220 5412 τινα
2259 5332 2574 5428 πορίζεσθαι
2615 5332 2826 5422 ελπίδα.
2870 5332 3061 5435 δικαίιρ
3087 5367 3421 5437 χρησάμενοι
3452 5332 3670 5440 πλούτίει

433 5440 702 5482 sumeree
737 5443 796 5484 re
830 5429 1016 5496 fuerit,
1071 5433 1138 5490 de
1188 5435 1417 5499 divitiis,
1465 5440 1710 5510 inquam.
1742 5459 1810 5498 ex
1838 5459 1995 5514 aequo

2195 5449 2258 5500 ἐκ
2286 5448 2420 5502 Θεοῦ
2459 5450 2712 5515 πολλάκις
2745 5429 3244 5527 παρεχομένωί-καὶ
3271 5429 3455 5528 ξυγοῖς
3491 5429 3669 5531 ὀρθοῖς

429 5527 484 5572 et
512 5519 655 5573 bono
700 5522 870 5590 partis
901 5539 930 5580 a
965 5523 1182 5597 Deoque
1212 5529 1494 5600 praebitis;
1549 5533 1638 5599 iis,
1689 5535 1858 5592 heus!
1893 5552 1990 5593 vos

499 5683 546 5714 ’θ
585 5684 726 5744 Psal.
764 5700 992 5752 xxxvut,
1026 5685 1077 5741 6.

1160 5689 1198 5719 τι
1245 5687 1375 5744 ibid.
1415 5687 1494 5744 ιε.
1573 5691 1617 5721 υ
1661 5690 1788 5746 ibid.
1828 5691 1880 5746 7.
1958 5692 2000 5724 ’³
2042 5691 2184 5750 Psal.
2222 5709 2267 5759 ι,
2307 5693 2359 5751 ι.
2437 5695 2482 5726 ⁷³
2525 5692 2701 5750 Ecclc.
2739 5713 2786 5761 ι.
2831 5697 2888 5754 2.

2098 5537 2192 5590 καὶ
2225 5539 2568 5604 ίσοστασίοις,
2589 5541 2810 5607 δεξιαῖς,
2835 5538 2880 5598 ὧ
2900 5541 3064 5606 οὗτοι,
3101 5549 3374 5620 χρήσασθε
3410 5551 3672 5621 πράξεσι,

2967 5701 3013 5730 ⁷⁸
3057 5701 3196 5756 Psal.
3237 5718 3473 5774 xxxviii,
3509 5705 3560 5760 7.
