4062 6208
357 214 455 270 597

1481 210 1975 267 COMMENTARIA
2020 209 2084 264 IN
2122 209 2463 266 PSALMOS.

3503 207 3606 269 598

353 326 771 401 θησαυρίζοντες
817 330 1029 392 ἑαυτοῖς
1078 327 1386 399 θησαυροὺς
1431 326 1489 378 ὲν
1529 325 1796 397 οὐρανοῖς,
1839 327 1910 378 κα

2035 340 2158 379 cum
2178 323 2327 393 justa
2356 330 2561 379 statera
2600 330 2656 377 ct
2682 323 2898 379 Lilauce
2932 324 2999 379 ad
3030 324 3173 380 bona
3208 339 3372 396 opera
3417 326 3606 380 utimi-

355 420 666 495 σπείροντες
686 422 742 475 ὲν
764 421 1035 492 εὐλογίαις
1056 420 1197 474 κατὰ
1220 420 1276 472 τὺ
1295 416 1632 488 λελεγμένον·
1657 435 1676 469 ι
1711 416 1928 487 Ἐσκόρ-

351 530 531 578 πισεν,
571 513 736 568 ἔδωκε
775 516 885 578 τοῖς
922 514 1134 584 πένησι,
1169 514 1201 583 ή
1234 510 1552 580 δικαιοσύνη
1579 508 1745 563 αὐτοῦ
1779 508 1927 579 μένει

349 607 432 672 είς
456 606 549 662 τὸν
577 607 768 661 αἰῶνα.
803 627 821 659 ι
854 607 999 680 Αὕτη
1030 606 1138 679 γάρ
1174 606 1308 676 μόνη
1335 604 1490 666 ἐλπὶς
1525 600 1724 674 ἀγαθή·
1752 599 1930 665 ἄλλως

348 701 408 756 δὲ
444 703 710 775 προσήκει
743 702 815 773 μὴ
847 700 1082 766 ἐλπίζειν
1115 699 1207 753 ἐπὶ
1238 699 1473 762 ἀδικίαν,
1508 696 1645 769 μηδὲ
1686 695 1779 748 ὲπὶ
1816 695 1929 757 τοῖς

352 794 415 861 ἐξ
453 795 706 867 ἁρπαγῆς
750 793 845 848 καὶ
889 791 1201 860 πλεονεξίας
1252 788 1641 859 συναγομένοις
1680 786 1926 858 χρήμασι

354 887 496 959 μέγα
517 890 749 959 φρονεῖν·
777 884 913 940 ἀλλά
938 885 1032 939 καὶ
1052 886 1100 937 εί
1127 901 1189 938 συ
1199 883 1364 955 μόαίη
1400 881 1533 934 ποτὲ
1560 880 1769 951 εύροείν
1795 880 1927 950 ἡμῖν

348 978 417 1033 τά
452 980 770 1050 πράγματα,
819 979 912 1032 καὶ
952 972 1248 1039 ἀκωλύτως
1289 972 1548 1047 φέρεσθαι
1590 970 1926 1041 πανταχόθεν

347 1069 438 1123 τὸν
476 1070 707 1125 πλοῦτον
739 1069 983 1143 ποταμοῦ
1017 1069 1176 1141 δίκην
1207 1069 1420 1140 ῥέοντα,
1450 1067 1546 1121 καί⁹
1582 1066 1706 1120 ὅθεν
1732 1067 1832 1123 οὐκ
1858 1066 1925 1121 ἀν

348 1179 432 1226 τις
463 1162 761 1235 ἀδικήσειε,
782 1164 921 1236 φορᾷ
939 1180 1044 1217 τινι
1069 1162 1316 1233 ἀδοκήτῳ
1337 1162 1659 1233 φερόμενον,
1688 1160 1762 1232 μὴ
1790 1160 1925 1215 πάν·-

346 1272 453 1320 τως
477 1256 542 1309 ὲκ
560 1254 695 1310 Θεοῦ
712 1255 872 1310 τοῦτο
891 1254 1137 1323 γίνεσθαι
1157 1255 1251 1308 καὶ
1267 1252 1475 1324 νόμιζε,
1498 1253 1633 1324 μηδὲ
1655 1251 1923 1325 μακάριζε

348 1349 571 1403 σεαυτὸν
600 1348 962 1421 ἀπατώμενος
1004 1350 1069 1420 τῇ
1102 1347 1331 1420 διανοίᾳ,
1350 1346 1446 1401 καὶ¹
1498 1344 1924 1418 προστιθέμενος

342 1446 417 1510 ώς
429 1443 618 1516 ἀγαθῷ
632 1444 711 1515 τῷ
741 1444 1230 1515 πλούτῳ.Γίνωσκε
1256 1442 1334 1505 δὲ,
1364 1442 1446 1495 ὅτι
1462 1441 1695 1513 ῥευστῆς
1720 1439 1796 1494 ὢν
1823 1437 1927 1512 φύ-

345 1554 502 1602 σεως,
519 1537 708 1610 ὥσπερ
730 1538 868 1608 ῥέων
897 1536 1140 1607 φέρεται,
1158 1534 1299 1589 οὕτω
1312 1535 1403 1589 καὶ
1418 1535 1669 1606 ἀπορρεῖ·
1694 1532 1847 1586 οὐδὲν
1866 1531 1923 1585 δὲ

344 1626 560 1698 βέϐαιον
585 1627 705 1680 οὐδὲ
741 1626 967 1698 στερρὸν
1008 1622 1369 1694 καὶάσφαλὲς
1396 1621 1748 1695 κεκτημένος.
1776 1622 1922 1676 Θαυ-

2031 419 2110 483 ni,
2139 417 2580 472 thesaurizantes
2607 415 3090 471 vobis'thesanros
3127 416 3181 470 in
3214 417 3394 481 coalis,
3436 426 3488 472 et
3517 435 3606 472 so-

2029 512 2303 567 minantes
2338 512 2391 564 in
2424 508 2925 575 benedictionibus,
2964 520 3024 564 ut
3059 508 3264 564 dictum
3290 516 3374 565 est
3411 528 3423 563 :
3457 529 3475 561 ι
3511 509 3603 563 Di-

2030 605 2251 676 spersit,
2286 604 2436 660 dedit
2471 604 2830 676 pauperibus,
2880 603 3097 673 justitia
3144 603 3267 674 ejus
3311 610 3500 659 manet
3550 604 3605 659 in

2030 698 2290 753 saeculum
2315 697 2381 751 ⁷⁸.
2424 717 2443 751 ι
2480 696 2607 752 Haec
2655 696 2772 752 sola
2820 696 2963 751 bona
2994 712 3120 767 spes
3152 703 3274 763 est;
3304 696 3444 751 alias
3477 708 3607 750 vero

2028 807 2137 846 non
2171 792 2431 847 convenit
2452 806 2674 862 sperare
2697 792 2752 846 in
2785 790 3094 860 iniquitate,
3137 804 3313 859 neque
3344 788 3413 844 de
3461 785 3605 842 divi-

2027 883 2118 940 tiis
2166 899 2233 939 ex
2267 884 2457 953 rapina
2493 889 2548 938 et
2577 882 2808 938 avaritia
2857 881 3106 938 collectis
3142 881 3313 936 altum
3365 892 3599 951 sapere;

2026 975 2138 1031 imo
2164 974 2211 1031 si
2246 975 2467 1047 quando
2508 975 2801 1047 contigerit
2833 989 2923 1031 res
2966 981 3186 1030 nostras
3217 979 3479 1045 prospere
3508 987 3600 1030 ce-

2024 1068 2176 1133 dere,
2208 1083 2274 1125 ac
2303 1067 2527 1124 divitias
2571 1066 2812 1123 ﬂuminis
2861 1068 3038 1122 instar
3081 1066 3431 1129 accedentes,
3479 1064 3599 1121 sine

2026 1158 2194 1216 ullius
2224 1158 2447 1229 injuria,
2474 1158 2851 1228 inexspectato
2879 1156 3117 1229 quodam
3145 1157 3292 1212 llum
3323 1156 3391 1211 ad
3428 1165 3480 1212 te
3500 1155 3598 1211 de-

2025 1251 2193 1319 ferri;
2227 1267 2297 1308 ne
2341 1267 2410 1308 ex
2456 1250 2566 1307 Deo
2610 1250 2666 1307 id
2704 1251 2994 1322 provenire
3042 1250 3357 1321 putaveris;
3418 1264 3597 1320 neque

2023 1344 2166 1412 ideo,
2202 1346 2535 1417 cogitatione
2573 1345 2858 1416 deceptus,
2901 1345 3218 1415 divitiisque
3244 1343 3402 1415 quasi
3436 1344 3596 1399 bonis

2022 1439 2255 1502 haerens,
2306 1447 2361 1495 te
2413 1440 2632 1496 beatum
2685 1439 3089 1510 praedicaveris.
3140 1438 3399 1509 Scitoque
3445 1438 3593 1502 illas,

2022 1533 2203 1590 ﬂuidae
2248 1541 2459 1589 naturae
2504 1548 2629 1589 cum
2680 1533 2815 1597 sint,
2869 1542 2931 1587 ut
2965 1532 3113 1588 ﬂuxu
3162 1531 3433 1597 feruntur,
3473 1532 3594 1603 pari

2020 1628 2185 1683 modo
2229 1626 2488 1692 deﬂuere,
2536 1636 2697 1696 teque
2745 1626 2877 1681 nihil
2913 1624 3151 1691 ﬁrmum,
3198 1626 3413 1687 stabile,
3460 1624 3593 1681 soli-

346 1717 567 1791 μαστῶς
596 1719 655 1772 δὲ
685 1718 763 1790 τῷ
786 1718 888 1788 τῆς
911 1718 1041 1791 ῥοῆς
1072 1718 1295 1789 ὀνόματι
1320 1715 1603 1786 κέχρηται,
1641 1734 1660 1769 ι
1686 1714 1910 1779 Πλοῦτος

2021 1718 2220 1773 dumve
2260 1718 2560 1789 possidere.
2610 1717 2805 1773 Mirum
2849 1726 3031 1774 autem
3072 1719 3130 1773 in
3160 1716 3380 1773 modum
3413 1716 3597 1775 ﬂuxus

343 1810 439 1865 ἰὰν
475 1809 596 1883 ῥέῃ,
621 1828 640 1862 t
677 1810 876 1881 φήσας·
900 1809 1038 1863 κατά
1063 1809 1121 1863 δὲ
1151 1808 1243 1861 τὸν
1270 1807 1586 1878 Σύμμαχον·
1611 1825 1630 1859 ι
1663 1806 1919 1872 Πλοῦτος,

345 1903 532 1973 φησὶν,
582 1901 678 1956 ἐὰν
720 1904 1063 1973 καρποφορῇ,
1108 1901 1181 1971 μὴ
1212 1900 1439 1953 τάσσετε
1473 1899 1571 1970 τὴν
1610 1899 1853 1972 καρδίαν.
1895 1919 1915 1953 ι

356 1995 495 2049 Ἀλλ’
522 1994 614 2049 ἐπὶ
641 1995 761 2049 τίνα
775 1995 854 2048 δεῖ
872 1994 1091 2048 τάσσειν
1115 1991 1214 2065 τὴν
1242 1991 1469 2063 καρδίαν
1498 1992 1592 2046 καὶ
1615 1992 1723 2045 τίνι
1747 2008 1918 2063 προσ-

340 2086 605 2151 τίθεσθαι,
653 2086 867 2159 είρηται
911 2084 1171 2149 πολλάκις
1214 2087 1271 2139 ὲν
1316 2084 1416 2155 τῷ,
1454 2102 1473 2135 ι
1507 2084 1643 2155 Οὐχὶ.
1694 2082 1772 2155 τῷ
1800 2081 1918 2154 Θεῷ

339 2177 749 2249 ὑποταγήσεται
777 2178 810 2250 ή
836 2177 980 2248 ψυχή
1017 2192 1150 2247 μους
1189 2193 1208 2227 ι
1244 2176 1338 2228 καὶ
1378 2173 1540 2227 πάλιν
1566 2192 1579 2205 ·
1621 2191 1640 2225 ι
1670 2172 1815 2245 Πλὴν
1839 2172 1918 2246 τῷ

335 2268 457 2341 Θεῷ
486 2268 787 2341 ύτιοτάγηθι
816 2268 1011 2340 ήψυχή
1043 2284 1145 2339 μου
1174 2283 1189 2299 ·
1215 2265 1377 2330 αὐτὸς
1398 2264 1507 2337 γὰρ
1534 2264 1669 2329 Θεός
1692 2282 1793 2336 μου
1823 2264 1917 2318 καὶ

337 2355 529 2427 Σωτήρ
557 2372 659 2427 μου
695 2357 788 2409 καὶ
818 2357 1164 2428 ἀντιλήπτωρ
1195 2371 1320 2427 μου·
1363 2374 1381 2407 ι
1418 2354 1532 2418 καὶ,
1566 2373 1585 2406 ι
1632 2353 1916 2408 Ἐλπίσατε

336 2447 428 2498 ἐπ’
460 2447 644 2512 αὐτὸν,
675 2450 824 2502 πᾶσα
866 2447 1158 2520 συναγωγὴ
1194 2446 1344 2500 λαοῦ.
1380 2466 1398 2498 ι
1436 2445 1665 2512 Οὐκοῦν,
1699 2445 1916 2518 ἔχοντες

336 2537 428 2588 τὸν
460 2535 634 2607 μέγαν
667 2537 895 2591 πλοῦτον
938 2539 1033 2592 καὶ
1076 2538 1169 2592 τὸν
1212 2536 1463 2609 ἀληθινὸν
1503 2537 1794 2609 θησαυρὸν,
1838 2538 1914 2611 μὴ

336 2627 645 2699 ἐλπίσωμεν
689 2629 782 2683 ἐπὶ
824 2628 899 2700 τῷ
939 2629 1153 2700 ματαίῳ
1218 2630 1313 2684 καὶ
1358 2629 1567 2702 ρευστῷ
1617 2630 1711 2684 καὶ
1745 2630 1914 2701 ἀδίκῳ

337 2714 573 2786 πλούτῳ·
608 2715 826 2787 μάταιοι
857 2717 966 2789 γὰρ
986 2717 1200 2789 ἀληθῶς
1230 2718 1432 2785 πάντες
1457 2721 1508 2773 οἱ
1538 2720 1646 2773 υἱοὶ
1677 2718 1784 2774 τῶν
1816 2720 1912 2775 ἀν-

337 2808 572 2884 θρώπων
598 2812 648 2865 oi
674 2814 766 2866 ἐπὶ
785 2814 959 2885 τούτῳ
985 2813 1323 2879 πεποιθότες.

412 3012 432 3047 ι
465 2994 646 3062 ’Δπαξ
677 2994 934 3068 ἐλάλησεν
971 2998 1001 3049 ὁ
1037 2997 1190 3063 Θεὸς,
1228 2997 1322 3052 δύο
1353 2998 1526 3054 ταῦτα
1559 3000 1788 3073 ἤκουσα·
1826 3002 1909 3056 ὅτι

2023 1807 2242 1864 nomine
2273 1815 2359 1864 est
2395 1824 2530 1864 usus
2570 1826 2584 1862 :
2622 1827 2642 1861 ι
2686 1807 2896 1863 Divitiae
2944 1808 2991 1865 si
3021 1809 3267 1868 aﬂluant.
3320 1828 3340 1861 ι
3379 1808 3590 1877 inquit;

2020 1901 2126 1965 vel,
2159 1901 2460 1957 secundum
2498 1898 2911 1973 Symmachum,
2947 1919 2965 1953 ι
3010 1900 3223 1956 Divitiae
3257 1900 3305 1956 si
3350 1899 3591 1955 fructum

2019 1995 2253 2066 pariant,
2296 1994 2491 2063 inquit,
2552 2009 2620 2051 ne
2657 1993 2913 2065 apponite
2954 2008 3069 2050 cor.
3097 2014 3115 2046 ι
3168 1993 3398 2051 Cninam
3460 2006 3593 2050 vero

2017 2101 2113 2141 cor
2162 2079 2417 2141 ordinare
2476 2095 2531 2141 et
2584 2101 2859 2157 apponere
2907 2101 3045 2156 opus
3105 2086 3211 2148 sit,
3270 2084 3594 2156 plerumque

2017 2178 2222 2234 dictum
2267 2186 2352 2235 est
2387 2178 2441 2232 in
2472 2178 2587 2243 illo,
2621 2199 2640 2229 ι
2663 2177 2852 2234 Nonne
2871 2178 2980 2234 Deo
3002 2178 3250 2248 subjecta
3274 2177 3377 2233 erit
3406 2176 3589 2232 anima

2018 2268 2177 2323 mea?
2216 2287 2235 2320 ι
2268 2283 2333 2323 ac
2378 2283 2598 2323 rursum
2636 2286 2649 2323 :
2702 2286 2721 2319 ι
2767 2266 3152 2324 Verumtamen
3198 2266 3310 2322 Deo
3340 2266 3589 2335 subjecta

2014 2366 2156 2426 esto,
2185 2359 2366 2415 anima
2401 2375 2521 2415 mea
2555 2379 2569 2415 :
2596 2361 2712 2431 ipse
2737 2361 2883 2416 enim
2904 2359 3048 2418 Deus
3069 2376 3224 2418 mens
3243 2368 3297 2416 et
3335 2359 3589 2414 Salvator

2016 2466 2172 2507 meus
2219 2458 2274 2506 et
2315 2459 2604 2521 susceptor
2649 2467 2839 2520 meus,
2901 2472 2920 2506 ι
2961 2458 3038 2515 et,
3098 2471 3118 2504 ι
3175 2450 3403 2523 Sperate
3433 2452 3488 2506 in
3519 2465 3589 2506 eo

2014 2544 2194 2599 omnis
2236 2544 2591 2615 congregatio
2638 2544 2845 2614 populi.
2903 2563 2922 2596 ι
2961 2543 3100 2599 Cum
3144 2544 3328 2613 itaque
3356 2559 3586 2614 magnas

2013 2636 2231 2692 divitias
2258 2651 2559 2708 verumque
2588 2637 2907 2692 thesaurum
2929 2635 3294 2701 obtineamus,
3330 2650 3399 2690 ne
3432 2651 3584 2705 spem

2015 2744 2285 2801 ponamus
2316 2729 2375 2785 in
2420 2729 2601 2793 vanis,
2644 2727 2809 2785 ﬂuxis
2856 2735 2911 2785 et
2953 2727 3160 2799 iniquis
3192 2726 3416 2782 divitiis.
3448 2724 3585 2780 Nam

2015 2822 2139 2877 vani
2172 2836 2299 2879 vere
2324 2829 2454 2878 sunt
2476 2836 2670 2878 omnes
2705 2820 2800 2877 ﬁlii
2832 2819 3136 2884 hominum,
3155 2818 3249 2890 qui
3278 2817 3429 2874 hisce
3459 2831 3587 2873 cono

2013 2914 2251 3061 “32:3.
2284 3003 2373 3071 1‘2,
2408 3005 2496 3060 15.
2550 3023 2569 3057 ι
2629 3003 2809 3060 Semel
2858 3004 3074 3060 locutus
3126 3012 3213 3059 est
3259 2999 3424 3063 Deus,
3471 3000 3587 3056 duo

332 3087 396 3141 τὸ
427 3088 628 3160 κράτος
659 3087 751 3141 τοῦ
786 3064 943 3155 Θεοῦ,
977 3090 1072 3143 καὶ
1101 3090 1205 3150 σοὶ,
1237 3089 1431 3163 Κύριε,
1455 3091 1517 3145 τὸ
1541 3064 1706 3156 ἕλεος·
1735 3093 1817 3147 ὅτι
1844 3094 1908 3150 σὺ

2012 3097 2129 3153 haec
2156 3064 2372 3161 audivi,
2395 3097 2524 3168 quia
2553 3102 2800 3168 potestas
2827 3094 2923 3151 Dei
2958 3103 3063 3162 est,
3095 3102 3153 3152 et
3185 3095 3304 3159 tibi,
3331 3093 3585 3158 Domine,

333 3179 639 3245 ἀποδώσεις
680 3181 892 3250 ἑκάστῳ
927 3181 1068 3236 κατά
1104 3181 1173 3235 τὰ
1211 3182 1348 3255 ἔργα
1378 3184 1562 3238 αὐτοῦ.
1604 3203 1623 3237 ι
1659 3184 1910 3241 Τοσαῦτα

332 3273 738 3346 προπαιδεύσας
772 3277 802 3329 ό
834 3274 1011 3344 λόγος,
1050 3275 1359 3340 ἀκολούθως
1399 3276 1496 3348 τῆς
1539 3276 1635 3331 τοῦ
1666 3277 1800 3332 Θεοῦ
1832 3279 1909 3333 δι·-

330 3366 673 3439 καιοκρισίας
695 3368 1122 3440 ὑπομιμνήσκει·
1149 3368 1224 3433 ὡς
1251 3369 1339 3436 ἂν,
1361 3369 1564 3443 ταύτην
1585 3372 1689 3443 πρὸ
1710 3372 1907 3443 ὀφθαλο

332 3459 452 3532 μῶν
480 3459 717 3528 θέμενοι,
751 3462 885 3533 μήτε
923 3465 988 3534 τῇ
1025 3464 1211 3537 ἀδικίᾳ
1243 3466 1380 3537 μήτε
1413 3469 1524 3530 τοῖς
1557 3467 1904 3540 ἁρπάγμασι,

332 3554 472 3625 μήτε
499 3553 577 3625 τῷ
614 3557 931 3629 προσκαίρῳ
958 3557 1049 3611 καὶ¹
1080 3556 1266 3629 τυφλῷ
1297 3559 1510 3631 πλούτῳ
1532 3561 1756 3626 ἑαυτοὺς
1788 3561 1909 3615 ἐπι-

326 3646 577 3718 δίδωμεν.
609 3649 683 3702 Ού
707 3649 814 3721 γὰρ
835 3649 983 3715 ama
1009 3650 1167 3723 μόνον
1198 3653 1323 3725 περὶ
1343 3653 1441 3724 τῆς
1463 3654 1692 3726 κρίσεως
1723 3655 1752 3708 ό
1774 3653 1906 3719 Θεὸς

326 3736 677 3805 διεστείλατο,
717 3740 854 3795 ἀλλὰ
894 3743 988 3797 καὶ
1023 3742 1293 3818 δεύτερον.
1337 3746 1445 3799 Καὶ
1486 3745 1679 3810 ταῦτα,
1718 3747 1901 3817 φησὶν,

326 3830 491 3894 αὐτὸς
516 3829 627 3900 ἐγὼ
658 3832 865 3903 ἥκουσα
894 3834 1155 3905 ἀκριϐῶς,
1182 3837 1275 3891 τὸν
1309 3836 1433 3892 νοῦν
1465 3839 1762 3909 ἐπιστήσας
1790 3840 1903 3903 τοῖς

324 3923 448 3977 δυσὶ
481 3923 690 3987 τούτοις
724 3926 1195 4008 παραγγέλμασιν..
1234 3930 1413 3995 ’Ᾱπαξ
1449 3930 1556 4004 γὰρ
1589 3930 1848 4003 ἐλάλησεν
1873 3933 1904 3986 ό

325 4011 476 4078 Θεὸς,
512 4013 627 4067 ἀλλ’
665 4015 775 4084 ἐγὼ
802 4015 896 4069 δύο
933 4017 1103 4073 ταῦτα
1145 4019 1369 4091 ήκουσα·
1398 4021 1625 4095 ὲλάλησε
1662 4022 1770 4096 γὰρ
1802 4024 1896 4079 καὶ

322 4106 408 4159 διὰ
437 4105 754 4178 προφητῶν,
799 4108 1026 4180 ἐλάλησε
1068 4110 1163 4163 καὶ
1201 4110 1290 4165 διὰ
1319 4113 1647 4168 ἀποστόλων·
1682 4114 1775 4168 καὶ
1806 4114 1899 4169 τὸν

322 4197 420 4250 ἕνα
448 4196 607 4266 λόγον
636 4199 726 4252 τὸν
761 4197 910 4265 ἅπαξ
946 4201 1050 4255 ὑπὸ
1081 4201 1175 4256 τοῦ
1203 4202 1338 4258 Θεοῦ
1369 4205 1655 4278 ὁρισθέντα
1684 4207 1777 4261 καὶ⁵
1811 4207 1900 4261 διά

324 4288 562 4354 παλαιᾶς
590 4290 864 4363 Διαθήκης
896 4293 989 4347 καὶ
1015 4293 1105 4348 διά
1123 4296 1222 4365 τῆς
1245 4298 1437 4369 καινῆς
1466 4299 1694 4370 ἤκουσα.
1721 4299 1813 4364 Τίς
1839 4300 1898 4354 δὲ

2008 3189 2386 3247 misericordia
2444 3210 2457 3244 :
2518 3189 2649 3260 quia
2713 3197 2770 3245 ιιι
2822 3188 3020 3245 reddes
3076 3189 3374 3258 unicuique
3420 3187 3585 3257 juxta

2006 3295 2173 3352 opera
2203 3295 2324 3337 sua.
2369 3298 2388 3332 ι
2434 3278 2570 3335 Cum
2618 3286 2772 3334 tanta
2806 3277 2874 3333 ad
2904 3289 3146 3334 nostram
3180 3278 3583 3334 institutionem

2010 3372 2292 3443 praemissa
2322 3371 2580 3436 fuissent,
2609 3378 3011 3440 consequenter
3029 3371 3098 3426 de
3125 3370 3278 3440 justo
3314 3368 3408 3425 Dei
3437 3368 3582 3439 judi~

2005 3464 2095 3520 cio
2122 3465 2285 3520 verba
2318 3463 2468 3531 facit,
2512 3473 2572 3518 ut
2600 3462 2733 3517 illud
2764 3477 2875 3531 pra:
2907 3462 3083 3517 oculis
3127 3469 3450 3523 statuentes,
3480 3475 3582 3515 ne-‘v

2004 3570 2113 3626 que
2158 3555 2465 3625 injustitiac,
2502 3570 2679 3626 neque
2707 3553 2939 3626 rapinis,
2988 3568 3167 3622 neque
3208 3549 3577 3622 temperancis

2008 3648 2277 3719 caecisque
2300 3647 2507 3703 divitiis
2541 3662 2646 3703 nos
2679 3646 2968 3704 dedamus.
2996 3643 3185 3718 Neque
3231 3644 3376 3701 enim
3402 3643 3574 3717 semel

2007 3752 2218 3798 tantum
2246 3743 2313 3798 de
2346 3743 2554 3812 judicio
2593 3741 2737 3798 Deus
2769 3750 3035 3814 praecepta
3068 3740 3255 3807 dedit,
3281 3740 3385 3797 sed
3402 3739 3580 3797 etiam

2005 3834 2288 3890 secundo:
2322 3832 2387 3888 Et
2425 3833 2540 3889 haec
2583 3848 2685 3906 ego
2725 3833 2918 3890 sedulo
2964 3832 3172 3895 audivi,
3220 3832 3420 3903 inquit,
3455 3829 3577 3885 ani,-

2003 3943 2205 3999 moque
2270 3928 2385 3983 haec
2451 3929 2561 3983 duo
2589 3984 2597 3988 _
2624 3933 2897 3998 praecepta
2963 3924 3330 3982 consideravi.
3370 3921 3574 3979 .Semel

2001 4020 2205 4091 quippe
2226 4019 2374 4076 Deus
2401 4018 2619 4074 loeutus
2647 4028 2765 4087 est;
2807 4018 2900 4074 sed
2926 4033 3028 4088 ego
3055 4019 3168 4072 haec
3196 4016 3308 4071 duo
3332 4014 3519 4070 audivi
3553 4033 3575 4071 ι

2001 4111 2224 4167 locutus
2282 4126 2519 4182 namque
2562 4119 2648 4169 est
2696 4126 2797 4182 per
2837 4112 3161 4182 prophetas,
3204 4111 3422 4166 locutus
3458 4121 3574 4176 .per

2002 4205 2279 4276 apostolos
2315 4223 2330 4260 :
2362 4213 2528 4276 atque
2584 4218 2892 4260 sermonem
2943 4204 3096 4259 illum
3156 4218 3341 4259 unum:
3379 4203 3574 4267 semel,

1999 4311 2125 4351 cum
2159 4311 2255 4366 per
2287 4293 2461 4352 Vetus
2508 4303 2623 4350 tum
2671 4310 2769 4364 per
2818 4293 3028 4349 Novum
3081 4293 3491 4349 Testamentum
3538 4310 3573 4350 a

323 4375 386 4451 ἦν
419 4375 593 4447 οὗτος,
624 4381 738 4436 ἀλλ’
774 4402 792 4434 ι
834 4385 957 4439 ’Ότι
1004 4385 1065 4440 τὸ
1097 4387 1297 4467 κράτος
1341 4388 1435 4443 τοῦ
1482 4390 1616 4444 Θεοῦ
1661 4393 1752 4446 καὶ
1791 4391 1894 4457 σοὶ,

2011 4384 2113 4441 Deo
2144 4386 2576 4455 pronuntiatum,
2596 4382 2800 4438 audivi.
2822 4380 2957 4448 Quis
2979 4382 3069 4438 ille
3091 4390 3232 4444 erat,
3263 4381 3373 4437 nisi
3392 4399 3425 4432 (ε
3442 4380 3574 4452 quia

322 4473 514 4545 Κύριε,
547 4475 609 4527 τὸ
639 4476 806 4541 ἕλεος,
848 4496 867 4530 ι
904 4479 1019 4542 καὶ,
1059 4498 1079 4531 ι
1118 4480 1240 4534 Ὅτι
1269 4484 1333 4535 σὺ
1360 4481 1657 4549 ἀποδώσεις
1685 4484 1898 4557 ἑκάστῳ

319 4564 461 4618 κατὰ
498 4565 568 4620 τὰ
599 4566 735 4640 ἔργα
764 4568 967 4633 αύτοῦ;
996 4589 1015 4622 ι
1048 4571 1236 4636 Ἔλεος
1261 4572 1340 4638 δὲ,
1374 4573 1527 4645 φησὶ,
1559 4577 1654 4628 καὶ
1675 4575 1892 4648 κράτος·

319 4657 377 4710 τὸ
420 4659 519 4730 μὲν
554 4660 754 4732 κράτος
797 4663 933 4734 πρὸς
975 4663 1038 4717 τὸ
1078 4666 1435 4740 τιμωρεῖσθαι
1478 4668 1572 4721 καὶ
1608 4669 1897 4724 ταπεινοῦν

321 4751 446 4815 τοὺς
495 4751 859 4824 ἀφηνιῶντας,
905 4754 967 4808 τὸ
995 4755 1053 4810 δὲ
1097 4757 1244 4824 ἕλεος
1286 4760 1422 4831 πρὸς
1454 4759 1514 4813 τὸ
1547 4759 1741 4826 σώζειν
1770 4761 1896 4826 τοὺς

322 4843 397 4905 είς
426 4844 589 4896 αὑτὸν
611 4845 929 4914 ὴλπικότας.
965 4866 985 4899 ι
1022 4847 1128 4901 Ἴδε
1161 4845 1253 4904 οὖν
1278 4853 1619 4926 χρηστότητα
1649 4854 1744 4907 καὶ
1763 4855 1896 4908 ἀπο-

325 4934 534 5005 τομίαν,
565 4954 584 4988 ι
620 4938 785 5007 φησὶν
811 4941 840 4992 ὁ
874 4940 1215 5005 Ἀπόστολος·
1239 4944 1332 4998 ἐπὶ
1353 4944 1453 5016 μὲν
1478 4946 1607 5011 τοὺς
1633 4946 1894 5011 πεσόντας

316 5027 624 5098 ἀποτομίαν
653 5029 740 5084 διὰ
771 5030 865 5085 τοῦ
901 5032 1156 5105 κράτους,
1186 5036 1278 5088 ἐπὶ
1312 5035 1369 5090 δὲ
1398 5036 1458 5091 σὲ
1481 5039 1782 5111 χρηστότης
1805 5037 1894 5093 διὰ

315 5117 411 5171 τοῦ
434 5118 637 5185 ἐλέους.
663 5122 826 5177 Ταῦτ’
847 5124 1039 5189 εἰπὼν,
1062 5126 1176 5181 άνω
1196 5129 1259 5182 τὸ
1279 5129 1568 5201 πρόσωπον
1588 5134 1890 5201 ἀνατείνας,

318 5210 758 5283 προσφθέγγεται
788 5215 865 5287 τῷ
897 5217 1014 5289 Θεῷ
1037 5218 1240 5288 λέγων·
1280 5241 1299 5273 ι
1341 5222 1463 5276 Ὅτι
1502 5224 1565 5277 σὺ
1593 5225 1891 5291 ἀποδώσεις

317 5302 532 5374 ἑκάστῳ
553 5306 696 5360 κατὰ
714 5306 782 5362 τά
820 5308 957 5382 ἔργα
996 5310 1181 5365 αὑτοῦ.
1214 5331 1232 5365 ι
1272 5315 1382 5371 Καὶ
1411 5318 1441 5370 ὁ
1470 5314 1711 5385 ὶΑκύλας
1742 5320 1801 5374 δὲ
1822 5319 1893 5374 τὰ

319 5393 657 5487 προκείμενα
691 5397 887 5487 τοῦτον⁹
912 5402 1231 5485 ήρμήνευσε.
1243 5404 1333 5458 τὸν
1357 5406 1575 5477 τρόπον·
1607 5424 1625 5461 ι
1666 5411 1890 5485 Ἐλάλη-

318 5500 410 5539 σεν
446 5487 477 5539 ό
503 5486 656 5553 Θεὸς,
689 5490 782 5544 καὶ
815 5486 1062 5565 δεύτερον
1089 5495 1389 5566 ἐπήκουσα·
1425 5500 1507 5553 ὅτι
1546 5504 1582 5563 ἡ
1613 5504 1763 5572 ἰσχῦς
1793 5506 1889 5560 τοῦ

391 5662 437 5694 ⁷⁸
475 5659 618 5718 Psal.
654 5681 738 5719 cxi
767 5705 780 5732 ,
817 5668 867 5721 9.
946 5669 987 5701 ⁷⁷
1032 5667 1185 5725 Rom.
1224 5688 1298 5737 XI,
1334 5673 1424 5728 9.2.

2002 4483 2247 4547 potestas
2278 4473 2373 4530 Dei
2400 4481 2506 4538 est,
2558 4481 2613 4528 et
2643 4472 2762 4536 tibi,
2798 4469 3063 4538 Domine,
3081 4471 3501 4538 misericordia;
3543 4490 3569 4527 ι

1998 4575 2076 4631 et,
2114 4584 2132 4619 ι
2171 4566 2300 4637 quia
2330 4573 2389 4620 tu
2432 4563 2629 4621 reddes
2654 4563 2952 4634 unicuique
2976 4565 3135 4634 juxta
3162 4579 3331 4634 opera
3360 4564 3504 4620 sua?
3543 4582 3568 4620 ι

2001 4657 2400 4723 Misericordia,
2436 4658 2534 4724 ait,
2563 4664 2618 4712 et
2674 4663 2956 4728 potestas;
3009 4665 3258 4729 potestas
3298 4657 3377 4713 .ad
3430 4658 3570 4717 ulci-

1999 4758 2263 4815 scendum
2296 4767 2353 4814 et
2376 4758 2778 4814 bumiliandum
2808 4756 3051 4814 eﬂrenes-
3070 4755 3356 4821 homines;
3389 4755 3572 4812 mise—

1996 4852 2232 4908 ricordia
2262 4851 2330 4907 ad
2346 4852 2529 4909 salvos
2560 4850 3241 4922 faciendossperantesin
3260 4864 3347 4906 se.
3376 4865 3396 4900 ι
3429 4846 3567 4902 Vide

1996 4959 2128 5016 ergo
2192 4944 2491 5000 bonitatem
2546 4951 2601 5000 et
2664 4942 3011 5001 severitatem
3060 4939 3156 4997 Dei
3190 4941 3260 5006 ':",
3320 4957 3339 4992 ι
3389 4939 3571 5011 inun

1997 5038 2295 5108 Apostolus
2332 5056 2345 5092 :
2381 5036 2855 5095 severitatem-in
2882 5036 3097 5107 lapsos-
3121 5050 3216 5107 per
3241 5040 3566 5105 potestatem

1994 5146 2193 5199 suam;
2221 5145 2350 5201 erga
2403 5137 2455 5186 te
2502 5145 2636 5186 vero
2661 5128 2956 5185 bonitatem
2983 5126 3561 5200 permisericordiam.
3612 5168 3624 5180 .

1994 5220 2293 5292 Postquam
2327 5222 2440 5277 haec
2465 5222 2701 5288 dixerat,
2722 5230 2909 5285 erecto
2945 5236 3165 5277 sursum
3197 5221 3361 5276 vultu.
3392 5218 3564 5273 Deum

1991 5316 2075 5373 sic
2103 5317 2508 5387 alloquitur-:4
2544 5317 2685 5384 Quia
2721 5324 2780 5373 tu
2806 5317 3031 5374 reddas
3080 5316 3375 5384 rationique
3397 5311 3557 5380 juxta

1991 5426 2157 5481 ορετε
2212 5426 2415 5466 8113.1
2456 5409 2655 5482 Aquila
2696 5410 2867 5467 etiam
2912 5411 3027 5466 ham
3049 5410 3139 5464 sic
3173 5409 3565 5472 interpretatus

1989 5512 2076 5557 est
2105 5523 2119 5559 :
2167 5522 2185 5558 ι
2225 5504 2463 5567 Locutus
2493 5513 2588 5561 est
2621 5503 2791 5571 Deus,
2822 5499 3146 5561 etvseeundo
3175 5497 3380 5559 audivi,
3425 5496 3559 5567 quia}
