4024 6210
448 226 554 284 599

1123 228 1390 288 EUSEBII
1412 231 1900 292 CESARIENSIS
1937 235 2089 294 OPP.
2128 237 2310 294 PARS
2346 237 2436 294 Ill.
2467 269 2540 281 η·-
2567 237 2976 298 EXEGETICA.

3586 243 3700 298 600

451 345 714 402 fortitudo
771 344 886 408 Dei,
940 354 994 403 et
1043 348 1164 411 tibi,
1201 347 1451 416 Domine,
1497 351 1898 407 misericordia.
1935 351 2012 407 Tu

2120 354 2280 421 Θεοῦ,
2315 357 2406 410 καὶ
2430 356 2532 421 σοὶ,
2569 357 2836 421 Δέσποτα,
2865 356 2924 410 τὺ
2949 355 3113 419 ἕλεος.
3149 356 3220 409 Σὺ
3246 355 3302 410 δὲ
3330 354 3524 420 ἀπόδος
3552 357 3697 410 κατὲ·

446 454 576 493 vero
599 437 761 494 redde
782 438 1013 510 singulis
1037 441 1171 497 viris
1199 441 1500 497 secundum
1532 459 1698 513 opera
1728 461 1846 501 sua.
1888 467 1907 496 ι

447 574 499 632 l.
526 572 852 631 PSALMUS
883 575 1137 637 DAVID‘l,
1164 576 1310 632 CUM
1343 577 1563 634 ESSET
1598 579 1663 635 ΙΝ
1694 581 2016 637 DESERTO

948 648 1023 720 (ι)
1051 646 1320 703 tunam;
1361 649 1519 704 LXII.

515 755 684 815 Vens.
720 759 775 823 2,
805 761 858 815 5.
907 779 924 812 ι
957 759 1102 818 Deus
1128 761 1271 817 Deus
1294 778 1473 825 meus.
1503 765 1571 820 ad
1605 773 1660 822 te
1686 766 1755 821 de
1793 766 1913 822 luce
1942 769 2019 822 vi-

442 850 572 921 gilo.
607 871 626 903 ι
665 851 801 906 Cum
838 853 1050 923 fugeret
1081 853 1274 920 David,
1305 857 1543 912 accessit
1575 857 1644 912 ad
1664 857 2015 915 Achimelech

445 943 822 1010 sacerdotem;
861 944 990 998 hinc
1020 944 1087 998 ad
1107 944 1294 1000 Aelius
1319 961 1500 1016 regem
1531 945 1704 1017 Geth;
1737 948 1866 1005 inde
1888 965 2016 1006 vero

443 1034 498 1086 in
525 1033 808 1106 Masscpha
833 1035 1011 1092 Moab.
1049 1037 1165 1094 Gad
1199 1047 1382 1095 autem
1425 1043 1714 1112 propheta,
1771 1048 1865 1114 qui
1914 1045 2016 1100 ad-

442 1135 585 1192 erat,
622 1136 816 1182 auctor
849 1138 935 1185 est
975 1131 1078 1200 ipsi
1125 1140 1184 1187 ut
1221 1148 1290 1188 ne
1330 1134 1472 1188 ultra
1523 1133 1667 1205 apud
1713 1136 2015 1208 alIOphylos

443 1236 628 1276 moras
654 1222 854 1276 trahat.
880 1221 1215 1289 Quare'inde
1249 1225 1556 1296 profectus,
1592 1228 1647 1282 in
1678 1228 1896 1285 deserto
1925 1229 2017 1284 Ju-

442 1313 570 1367 daea:
593 1313 823 1378 habitat,
859 1314 927 1369 de
956 1331 1064 1384 quo
1104 1323 1352 1388 tempore
1393 1319 1508 1374 haac
1545 1319 1827 1390 Scriptura
1856 1337 2015 1377 enar-

444 1414 532 1460 rat
563 1425 576 1460 :
615 1425 632 1457 ι
679 1405 744 1459 Ει
777 1408 1097 1464 morabatur
1143 1409 1314 1465 David
1365 1414 1422 1466 in
1456 1413 1674 1469 deserto
1705 1412 2014 1474 Massenetlt

443 1498 498 1552 in
536 1500 806 1570 angustis,
858 1509 912 1556 et
942 1501 1101 1557 sedes
1136 1503 1369 1559 habebat
1401 1504 1456 1558 in
1485 1503 1705 1560 deserto
1745 1506 1800 1560 in
1829 1518 2016 1562 monte

443 1591 601 1661 Ziph.
637 1591 702 1645 Et
736 1594 1012 1661 qumrebat
1059 1610 1184 1650 eum
1227 1594 1358 1650 Saul
1405 1597 1663 1653 omnibus
1711 1599 1926 1664 diebus,
1960 1608 2016 1656 et

441 1700 551 1736 non
587 1683 811 1740 tradidit
850 1702 974 1741 eum
1007 1685 1271 1742 Dominus
1323 1688 1378 1742 in
1414 1705 1608 1746 manus
1639 1691 1760 1761 ejus
1788 1693 1856 1747 ".
1893 1713 1912 1744 ι
1955 1693 2011 1747 ln

441 1776 545 1830 hoc
578 1794 763 1833 rerum
815 1786 982 1846 statu,
1013 1781 1160 1835 hunc
1208 1782 1480 1851 psalmum
1511 1782 1764 1849 adornat,
1826 1795 2014 1842 notato

442 1883 538 1936 per
563 1868 778 1922 titulum
807 1877 1074 1939 tempore.
1107 1870 1287 1936 Quare
1323 1872 1529 1928 dictum
1558 1881 1662 1938 est,
1702 1895 1721 1928 ι
1764 1875 2015 1934 Psalmus

441 1958 652 2023 Davidi,
686 1975 810 2014 cum
847 1971 995 2016 esset
1019 1961 1076 2015 in
1105 1962 1324 2019 deserto
1343 1963 1564 2020 Judaeae.
1615 1986 1635 2019 ι
1677 1966 1721 2019 Ε
1754 1983 1810 2023 re
1832 1977 2014 2024 autem

439 2051 607 2106 fuerit
634 2052 723 2106 hic
751 2068 967 2108 rursum
993 2053 1308 2122 observare,
1341 2073 1452 2112 non
1482 2073 1550 2113 ex
1587 2059 1735 2115 serie
1769 2060 2014 2115 historia:

439 2151 495 2197 et
551 2153 880 2213 temporum,
934 2145 1184 2203 ordinem
1236 2151 1573 2219 psalmorum
1631 2153 2011 2218 constitutum,

440 2235 537 2290 sed
590 2236 748 2291 valde
793 2238 1054 2306 permista
1089 2246 1338 2311 tempora
1389 2258 1534 2298 esse.
1595 2243 1733 2298 Nam
1783 2245 2013 2302 historia

441 2328 616 2397 primo
647 2337 918 2396 recenset,
953 2329 1174 2388 Saulem
1207 2335 1434 2392 nuntios
1458 2336 1678 2394 misisse
1708 2338 1763 2393 in
1791 2340 2019 2394 domum

443 2420 632 2485 David,
678 2422 771 2493 qui
819 2422 1196 2480 interficerent
1233 2441 1380 2492 eum,
1414 2437 1468 2483 et
1499 2428 1733 2485 Melchol
1786 2447 2011 2487 uxorem

438 2512 560 2581 ejus
613 2514 901 2570 demisisse
953 2530 1078 2571 eum
1129 2534 1226 2589 per
1283 2518 1617 2591 fenestram;
1668 2522 2016 2578 Psalmorum

439 2619 572 2660 vero
605 2608 878 2678 scriptura
911 2624 1032 2665 eam
1065 2626 1179 2667 rem
1212 2611 1269 2667 in
1301 2628 1432 2670 LVIII
1486 2625 1774 2672 memorat.
1810 2615 2015 2673 Deinde

441 2697 670 2754 historia
704 2700 1002 2772 Scriptura:
1030 2714 1223 2759 narrat
1253 2707 1473 2763 venisse
1500 2707 1763 2765 Davidem
1788 2710 1842 2764 in
1865 2708 2014 2764 Noba

437 2790 507 2845 ad
546 2793 898 2851 Achimelech
927 2799 1307 2863 sacerdotem;
1369 2798 1466 2854 sed
1497 2797 1842 2855 Psalmorum
1878 2802 2016 2856 liber

438 2884 582 2939 hanc
611 2901 726 2939 rem
756 2897 964 2956 gestam
999 2889 1251 2943 meminit
1291 2889 1348 2942 in
1393 2905 1571 2945 χχχιιι
1601 2892 1828 2959 psalmo.
1869 2892 2012 2948 Rur-

439 2991 673 3048 sumque
704 2981 979 3050 scriptura
1025 2980 1337 3052 Regnorum
1364 2981 1442 3034 ait
1469 2997 1484 3034 :
1516 3000 1535 3033 ¢
1576 2981 1642 3037 Et
1673 2984 1810 3038 abiit
1845 2984 2012 3040 David

2119 448 2285 519 ἄνδρα
2317 449 2531 520 ὲκάστῳ
2563 450 2704 503 κατὰ
2735 449 2806 503 τά
2837 450 2972 522 ἔργα
2995 449 3182 506 αὐτοῦ.
3211 469 3229 501 ι

2119 589 2406 644 ΨΑΛΜΟΣ
2453 590 2540 641 ΤΩ
2574 589 2788 641 ’ΔΑΥῙΔ
2840 589 2932 641 ΕΝ
2969 589 3056 644 ΤΩ
3097 589 3278 642 EINAI
3332 587 3562 640 ΑΥΤΟΝ
3605 586 3700 638 ΕΝ

2381 660 2477 733 Tl;l
2513 661 2749 731 ΕΡΗΜῼ
2785 661 2919 714 ΤΗΣ
2957 641 3270 714 wn.qu
3307 659 3402 710 εον

2193 792 2212 822 ι
2253 774 2313 827 '0
2339 772 2471 838 Θεὸς
2501 775 2530 827 6
2557 773 2690 837 Θεὸς
2725 790 2847 845 μου,
2879 773 3018 844 πρὸς
3051 773 3110 824 σὲ
3137 768 3392 844 ὀρθρίζω.
3421 788 3440 821 ι
3471 768 3701 836 Φεύγων

2116 868 2144 919 6
2172 866 2333 920 Δαυῒδ
2356 867 2713 936 παραγίνεται
2745 865 2882 939 πρὸς
2917 865 3205 936 Ἀχιμέλεχ
3227 863 3319 917 τὸν
3348 863 3516 933 ἱερέαο
3543 862 3700 916 ἔνθεν

2117 956 2254 1027 πρὸς
2285 956 2474 1027 Ἀχοῦς
2501 957 2592 1010 τὸν
2626 957 2850 1028 βασιλέα
2871 956 2992 1018 Γὲθ,
3019 949 3274 1009 ’κάκεῖθεν
3307 956 3395 1017 είς·
3415 955 3702 1023 Μάσσηφα

2115 1049 2212 1118 τῆς
2241 1049 2434 1103 Μωάϐ.
2463 1049 2645 1104 Συνὼν
2667 1049 2725 1103 δὲ
2755 1048 2902 1119 αύτῷ
2924 1048 3030 1102 Γὰδ
3051 1050 3080 1100 ὁ
3104 1049 3411 1119 προφήτης,
3440 1048 3700 1117 παραινεῖ

2120 1141 2194 1212 μὴ
2223 1140 2494 1195 ποιεῖσθαι
2520 1141 2674 1212 παρὰ
2693 1144 2803 1205 τοῖς
2821 1141 3139 1211 ἀλλοφύλοις
3154 1140 3253 1204 τὰς
3274 1138 3577 1210 διατριϐάς,
3605 1137 3704 1190 Διὸ

2120 1233 2393 1302 μεταστὰς
2425 1233 2694 1298 ἐντεῦθεν,
2724 1235 2823 1306 τὴν
2849 1234 3086 1306 ἐρημίαν
3107 1233 3208 1302 τῆς
3245 1232 3503 1294 ἰουδαίας
3533 1232 3697 1284 οἰκεῖ’

2115 1324 2202 1377 ὅτε
2253 1324 2348 1378 καὶ
2399 1326 2601 1397 ἱστορεῖ
2647 1325 2881 1395 λέγουσα
2927 1328 2960 1397 ἡ
3005 1326 3230 1398 Γραφήδ·
3285 1342 3302 1375 ι
3333 1323 3442 1376 Καὶ
3471 1322 3700 1376 ἐκάθισε

2115 1418 2277 1472 Δαυῒδ
2313 1421 2370 1473 ὲν
2407 1421 2474 1491 τῇ
2520 1421 2712 1491 ἐρήμῳ
2742 1419 3024 1473 Μασσενὲθ
3076 1421 3134 1474 ὲν
3177 1421 3292 1484 τοῖς
3325 1419 3560 1480 στενοῖςο
3603 1417 3700 1469 καὶ

2116 1511 2351 1584 ἐκάθητο
2394 1513 2452 1564 ὲν
2481 1511 2559 1584 τῷ
2592 1513 2706 1584 ὄρει
2736 1514 2794 1565 έν
2837 1515 2903 1583 τῇ
2939 1513 3131 1584 ἐρήμῳ
3161 1510 3314 1580 Ζείφ.
3359 1511 3469 1563 Καὶ
3515 1510 3703 1579 ἐζήτει

2117 1604 2280 1658 αὐτὸν
2320 1605 2493 1658 Σαοὺλ
2534 1605 2712 1670 πάσας
2742 1605 2843 1668 τὰς
2878 1605 3114 1676 ἡμέρας,
3153 1604 3248 1656 καὶ
3285 1603 3348 1656 οὐ
3381 1600 3704 1673 παρέδωκεν

2117 1697 2278 1752 αὐτὸν
2310 1698 2515 1770 Κύριος
2544 1701 2624 1763 είς
2648 1699 2746 1762 τὰς
2769 1701 2957 1773 χεῖρας
2982 1697 3169 1752 αὐτοῦ.
3196 1717 3214 1750 ›
3255 1697 3344 1750 Ἐν
3363 1695 3576 1758 τούτοις
3599 1693 3701 1758 ὢν,

2117 1793 2208 1846 τὸν
2237 1792 2597 1864 προκείμενον
2627 1792 2842 1863 ψαλμὸν
2878 1791 3186 1854 συντάττει,
3239 1789 3330 1842 τὸν
3375 1787 3569 1858 καιρὸν
3612 1785 3704 1839 διὰ

2115 1886 2214 1956 τῆς
2246 1885 2569 1957 προγραφῆς
2600 1886 2868 1957 σημήνας.
2904 1885 2995 1938 Διὸ
3034 1884 3266 1954 εἴρηται,
3304 1901 3326 1933 ‹
3357 1879 3591 1951 Ψαλμὺς
3621 1877 3706 1949 τῷ

2117 1977 2299 2042 Δαυῖδ,
2330 1982 2386 2032 ὲν
2410 1978 2488 2050 τῷ
2516 1974 2654 2033 εἶναι
2681 1979 2841 2033 αὐτὸν
2866 1981 2924 2032 ὲν
2944 1980 3008 2048 τῇ
3038 1978 3231 2048 ἐρήμῳ
3251 1975 3350 2046 τῆς
3381 1972 3665 2034 Ἰουδαίας.
3682 1989 3703 2022 ι

2118 2073 2350 2140 Εύλογον
2391 2072 2448 2126 δὲ
2481 2072 2715 2127 ἐνταῦθα
2747 2072 3072 2142 γενομένους
3108 2066 3554 2139 ἐπισημήνασθαι
3597 2063 3707 2118 πά-

2116 2164 2218 2228 λιν,
2248 2163 2329 2217 ὅτι
2355 2164 2429 2236 μὴ
2456 2164 2598 2218 κατὰ
2626 2163 2948 2217 ἀκολουθίαν
2975 2162 3086 2215 τῶν
3111 2161 3208 2231 τῆς
3234 2159 3472 2231 ἱστορίας
3491 2157 3708 2228 χρόνων

2117 2258 2150 2328 ἡ
2183 2256 2291 2310 τῶν
2323 2256 2553 2328 ψαλμῶν
2588 2257 2872 2324 σύγκειται
2897 2255 3070 2320 τάξιςο
3104 2252 3428 2324 ὲνήλλακται
3454 2250 3510 2302 δὲ
3545 2246 3708 2320 παρὰ

2117 2349 2252 2402 πολὺ
2289 2351 2404 2412 τοῖς
2441 2349 2672 2421 χρόνοις.
2714 2347 2922 2401 Αὐτίκα
2947 2346 3079 2416 γοῦν
3106 2348 3138 2416 ἡ
3169 2344 3265 2416 μὲν
3297 2342 3510 2414 ἱστορία
3546 2339 3706 2413 πρώ-

2115 2459 2216 2513 την
2263 2442 2509 2512 περιέχει
2553 2440 2652 2512 τὴν
2683 2440 2934 2510 διήγησιν
2964 2437 3085 2492 καθ’
3111 2437 3178 2508 ἢν
3209 2434 3492 2491 ἀπέστειλε
3525 2433 3705 2486 Σαοὺλ

2116 2532 2380 2602 ἀγγέλους
2408 2533 2488 2596 εἰς
2516 2532 2608 2585 τὸν
2647 2526 2795 2584 οἷκον
2827 2529 3010 2593 Δαυῒδ,
3051 2528 3150 2582 τοῦ
3175 2526 3480 2581 θανατῶσαι
3512 2525 3703 2577 αὐτόν’

2114 2627 2196 2680 ὄτι
2223 2626 2488 2697 Μελχὸλὴ
2524 2625 2660 2696 γυνὴ
2690 2625 2853 2678 αὑτοῦ
2888 2623 3127 2694 καθῆκεν
3162 2621 3324 2676 αὑτὸν
3354 2620 3443 2673 διὰ
3469 2619 3569 2688 τῆς
3601 2617 3705 2670 θυ-

2119 2718 2302 2789 ρίδοςο·
2331 2719 2364 2789 ἡ
2397 2718 2453 2770 δὲ
2495 2718 2604 2770 τῶν
2656 2715 2886 2788 ψαλμῶν
2932 2716 3120 2787 γραφὴ
3169 2715 3226 2766 ὲν
3260 2712 3336 2783 τῷ
3370 2718 3450 2783 νη⁹
3491 2709 3708 2780 ταύτης

2120 2810 2390 2880 μέμνηται
2422 2810 2522 2879 τῆς
2555 2807 2824 2880 πράξεως.
2857 2805 2970 2862 Εἶθ’
3005 2807 3132 2878 ἑξῆς
3166 2811 3198 2878 ή
3238 2806 3338 2878 μὲν
3371 2804 3563 2875 Γραφῇ
3589 2805 3708 2857 τῶν

2119 2902 2368 2974 ἱστοριῶν
2397 2903 2658 2964 διδάσκει,
2703 2903 2779 2966 ὡς
2829 2902 3050 2974 ἔρχεται
3081 2899 3242 2953 Δαυῖδ
3269 2901 3349 2962 είς
3382 2897 3536 2950 Νοϐἄ
3564 2895 3708 2964 πρὸς

2127 2995 2415 3068 Ἀχιμέλεχ
2441 2995 2530 3049 τὸν
2557 2994 2730 3066 ἱερέαο·
2747 2996 2782 3065 ἡ
2806 2994 2863 3048 δὲ
2894 2993 3072 3064 βίϐλος
3093 2993 3201 3046 τῶν
3229 2989 3476 3060 Ψαλμῶν
3495 2987 3707 3058 ταύτης

439 3068 588 3129 inde.
619 3077 671 3124 et
704 3071 874 3136 venit,
899 3081 954 3128 et
986 3073 1233 3128 salvatus
1289 3080 1374 3128 est
1424 3072 1480 3126 in
1529 3075 1790 3144 spelunca
1845 3074 2012 3132 Odol-

2123 3087 2394 3159 μέμνηται
2421 3087 2523 3156 τῆς
2553 3085 2806 3156 πράξεως
2838 3088 2895 3138 ὲν
2925 3084 3003 3155 τῷ
3031 3081 3356 3153 λγλψαλμῷ.
3391 3079 3503 3132 Καὶ
3536 3077 3708 3130 πάλιν

440 3161 548 3215 lam
582 3163 658 3229 7';
701 3182 718 3215 ι
759 3163 898 3220 liber
932 3173 1115 3220 autem
1145 3164 1492 3222 Psalmorum
1529 3167 1695 3238 hujus
1723 3169 1930 3239 negotii
1956 3169 2010 3224 in

2117 3181 2150 3252 ἠ
2187 3181 2284 3251 μὲν
2321 3177 2507 3250 γραφὴ
2539 3178 2646 3232 τῶν
2684 3177 2986 3240 Βασιλειῶν-
3011 3193 3169 3246 φησι·
3207 3193 3228 3223 ι
3261 3173 3372 3226 Καὶ
3403 3170 3704 3240 ἀπηλλάγη

439 3269 524 3307 LVI
582 3256 916 3311 mentionem
973 3256 1122 3313 facit.
1168 3256 1282 3314 Sub
1340 3260 1456 3316 haec
1497 3260 1696 3316 iterum
1739 3262 2014 3334 scriptura

440 3348 753 3420 Regnorum
789 3350 932 3406 Doec
955 3359 1250 3417 memorat,
1283 3367 1393 3423 quo
1416 3363 1578 3423 pacto
1599 3353 1814 3409 scilicet
1845 3355 2014 3410 Achi-

441 3444 647 3499 melech
705 3445 1048 3500 sacerdotem
1081 3445 1223 3516 apud
1258 3444 1478 3502 Saulem
1511 3447 1878 3505 calumniatus
1906 3449 2013 3516 sit;

438 3542 495 3590 at
522 3533 866 3592 Psalmorum
892 3538 1030 3592 liber
1062 3538 1114 3592 in
1151 3553 1204 3593 ιι
1226 3539 1332 3595 hoc
1359 3549 1575 3610 tempus
1599 3550 2011 3598 commemorat.

436 3627 633 3698 Agnita
658 3645 822 3699 porro
852 3630 1021 3686 David
1072 3631 1245 3702 ipsius
1274 3631 1419 3688 Doec
1463 3632 1761 3698 calumnia,
1796 3632 1934 3702 fugit
1963 3643 2016 3688 et

439 3720 497 3776 in
531 3721 806 3778 desertum
838 3721 1040 3779 Iudaeae
1078 3739 1138 3780 se
1169 3725 1423 3790 contulit,
1453 3741 1563 3797 quo
1587 3735 1834 3798 tempore
1872 3727 2017 3782 hunc

438 3827 601 3881 quem
638 3821 937 3869 tractamus
968 3815 1237 3886 psalmum
1268 3817 1578 3873 adornavit.
1625 3817 1694 3872 Et
1741 3819 2014 3889 scriptura

437 3901 659 3970 quidem
720 3901 1034 3973 Regnorum
1091 3914 1215 3977 post
1270 3909 1574 3978 prasentis,
1642 3909 1854 3965 scilicet
1899 3925 2014 3964 Lm

438 3991 638 4061 psalmi
679 3999 918 4062 tempus,
960 3996 1209 4065 quaedam
1241 4004 1396 4067 gesta
1431 4008 1848 4063 commemorat,
1875 4015 1929 4054 v.
1958 4015 2010 4068 g.

439 4092 498 4139 ut
529 4082 732 4154 Ziphaei
766 4083 936 4140 David
969 4087 1110 4157 apud
1137 4085 1357 4143 Saulem
1391 4089 1712 4144 calumniati
1749 4098 1914 4155 sunt;
1947 4089 2014 4145 de

436 4177 637 4248 quibus
670 4176 1012 4232 Psalmorum
1044 4178 1202 4244 liber,
1236 4179 1290 4234 in
1317 4195 1433 4246 un,
1470 4180 1802 4237 mentionem
1828 4181 2010 4247 habet,

435 4271 595 4341 cujus
632 4270 824 4326 titulus
848 4279 934 4326 est
975 4290 988 4327 :
1026 4289 1045 4321 ι
1084 4270 1140 4326 ln
1193 4271 1380 4337 ﬁnem,
1417 4273 1473 4328 in
1505 4274 1746 4345 hymnis,
1798 4276 2014 4332 intelle-

434 4369 557 4416 ctus
586 4360 780 4426 David,
817 4376 942 4416 cum
976 4362 1257 4418 venissent
1294 4361 1522 4433 Ziphtei,
1555 4372 1609 4420 et
1637 4364 1909 4423 dixissent
1943 4365 2013 4421 ad

2116 3269 2279 3324 Δαυῒδ
2293 3270 2561 3333 ἐντεῦθεν,
2581 3270 2676 3324 καὶ
2705 3269 2949 3340 ἔρχεται,
2980 3268 3075 3321 καὶ
3101 3264 3331 3334 διεσώθη
3366 3264 3447 3328 είς
3470 3263 3533 3316 τὸ
3561 3263 3708 3331 σπή-

2116 3361 2264 3415 λαιον
2295 3361 2357 3414 τὸ
2388 3360 2669 3432 Ὀδολλάμ’
2703 3380 2722 3412 ι
2756 3365 2789 3431 ἡ
2820 3360 2877 3413 δὲ
2913 3359 3089 3430 βίϐλος
3117 3358 3225 3411 τῶν
3255 3355 3512 3427 Ψαλμῶν.
3534 3357 3593 3408 ὲν
3622 3353 3707 3425 τῷ

2115 3461 2202 3519 νς¹
2239 3453 2514 3525 μέμνηται
2546 3454 2644 3526 τῆς
2687 3453 2914 3518 τάξεως.
2963 3452 3074 3506 Καὶ
3102 3446 3258 3514 αὖθις
3296 3447 3435 3520 μετά
3463 3447 3640 3502 ταῦτα
3667 3449 3706 3518 ἡ

2120 3547 2218 3617 μὲν
2250 3546 2437 3618 γραφὴ
2469 3545 2579 3599 τῶν
2622 3539 2917 3600 Βασιλειῶν
2958 3544 3050 3598 τοῦ
3093 3544 3251 3614 Δωὴκ
3294 3542 3590 3614 μέμνηται,
3621 3541 3706 3604 ὡς

2116 3638 2438 3708 διαϐέϐληκε
2471 3638 2550 3710 τῷ
2587 3637 2758 3691 Σαοὺλ
2793 3637 2885 3692 τὸν
2927 3636 3078 3708 ἱερέα
3121 3634 3427 3705 Ἀχιμὲλεχ·
3463 3635 3492 3702 ή
3521 3632 3578 3684 δὲ
3611 3630 3706 3700 βί-

2117 3730 2240 3794 ϐλος
2265 3729 2377 3783 τῶν
2396 3729 2643 3800 Ψαλμῶν
2672 3731 2730 3783 ὲν
2755 3729 2832 3800 τῷ
2859 3736 2937 3782 να¹
2953 3728 3142 3782 τοῦτον
3175 3726 3426 3797 σημαίνει
3451 3723 3539 3776 τὸν
3565 3721 3702 3794 χρό-
3781 3726 3783 3728 ’

2115 3838 2226 3876 νον.
2251 3822 2419 3885 Γνοὺς
2444 3821 2502 3874 δὲ
2529 3823 2557 3874 6
2579 3820 2743 3876 Δαυῒδ
2769 3820 2866 3892 τὴν
2888 3819 2983 3874 τοῦ
3012 3819 3174 3890 Δωὴκ
3200 3817 3472 3889 διαϐολὴν,
3500 3815 3704 3884 φεύγει

2116 3912 2210 3966 καὶ
2259 3913 2620 3984 παραγίνεται
2661 3913 2741 3976 εις
2781 3913 2880 3989 τὴν
2923 3911 3127 3984 ἔρημον
3149 3913 3252 3982 τῆς
3297 3908 3577 3972 Ἰουδαίας,
3609 3910 3704 3962 ὅτε

2116 4006 2210 4059 καὶ
2254 4005 2534 4059 συντάττει
2571 4005 2673 4059 τὸν
2713 4008 2851 4076 μετά
2894 4007 3082 4076 χεῖρας
3121 4002 3354 4074 ψαλμὸν.
3391 4002 3504 4054 Καὶ
3535 4001 3568 4072 ἡ
3605 3999 3707 4070 μὲν

2115 4096 2302 4170 γραφὴ
2329 4097 2437 4152 τῶν
2461 4097 2756 4152 Βασιλειῶν
2790 4097 2932 4169 μετὰ
2953 4096 3044 4150 τὸν
3077 4095 3266 4168 χρόνον
3299 4091 3394 4146 τοῦ
3431 4091 3572 4164 μετὰ
3593 4093 3708 4161 χεῖ-

2118 4207 2216 4261 ρας
2244 4189 2481 4261 ψαλμοῦ,
2513 4189 2659 4259 λέγω
2683 4189 2740 4243 δὲ
2772 4189 2866 4243 τοῦ
2899 4188 2998 4256 ξδ’,
3023 4185 3275 4260 πράξεών
3301 4203 3464 4240 τινων
3493 4185 3707 4256 μέμνη-

2115 4296 2225 4340 ται,
2249 4278 2325 4343 ὡς
2352 4280 2401 4332 οἱ
2429 4280 2640 4348 Ζιφαῖοι
2659 4278 3002 4333 διαϐάλλουσι
3030 4277 3108 4349 τῷ
3134 4275 3308 4330 Σαοὺλ
3331 4275 3424 4328 τὸν
3456 4273 3643 4328 Δαυῖδ·
3672 4275 3706 4344 ἡ

2115 4368 2172 4423 δὲ
2201 4368 2382 4440 βίϐλος
2407 4369 2514 4424 τῶν
2530 4369 2776 4441 Ψαλμῶν
2797 4368 3002 4423 τούτων
3029 4369 3301 4439 μέμνηται
3323 4369 3380 4419 ὲν
3407 4365 3487 4436 τῷ
3516 4372 3620 4434 νγ’,
3647 4366 3708 4428 ὃς

438 4454 591 4519 Saul,
627 4454 766 4511 Ecce
803 4454 976 4512 David
1015 4456 1380 4514 absconditus
1432 4465 1517 4515 est
1544 4459 1689 4529 apud
1724 4475 1848 4518 nos.
1890 4481 1908 4513 ι
1942 4461 2010 4516 Et

2116 4461 2503 4532 ἐπιγράφεται,
2534 4481 2552 4513 ι
2591 4463 2686 4526 Εἰς
2717 4461 2779 4514 τὸ
2811 4461 2962 4524 τέλος
2993 4461 3051 4512 ἐν
3084 4458 3294 4530 ὕμνοις,
3329 4458 3604 4521 συνέσεως
3628 4455 3707 4526 τῷ

435 4561 503 4600 Lv
535 4547 831 4616 inscriptus
871 4557 956 4604 est
984 4566 997 4602 :
1034 4567 1053 4598 ι
1093 4548 1326 4614 Quando
1357 4559 1653 4606 tenuerunt
1683 4569 1807 4608 eum
1852 4554 2005 4609 Allo-

432 4637 582 4707 phyli
616 4638 668 4692 in
703 4639 864 4694 Geth.
896 4659 914 4690 ι
944 4639 1080 4694 lllud
1104 4652 1284 4695 autem
1317 4641 1630 4713 Regnorum
1655 4647 1931 4718 scriptura
1949 4648 2004 4703 in

436 4738 712 4799 postrema
745 4732 989 4787 historia:
1015 4741 1169 4802 parte
1219 4736 1452 4804 reponit.
1479 4735 1671 4792 Viden’
1705 4755 1816 4809 quo
1846 4749 2009 4811 pacto

435 4822 612 4892 prima
641 4832 939 4892 postrema,
972 4835 1026 4881 et
1060 4835 1336 4896 postrema
1362 4830 1536 4898 prima
1563 4832 2010 4891 constituantur?

433 4913 590 4978 Quod
640 4914 688 4967 si
737 4917 1039 4971 secundum
1086 4927 1390 4989 temporum
1422 4923 1621 4978 seriem
1645 4923 1840 4994 digesti
1876 4926 2010 4983 fuis-

431 5014 574 5068 sent,
605 5007 814 5076 primus
843 5010 1164 5067 statuendus
1180 5021 1297 5068 erat
1319 5029 1470 5079 LVIII,
1503 5017 1778 5074 secundus
1811 5035 2008 5084 xum,

433 5098 632 5179 tertius
673 5099 872 5156 deinde
910 5117 1020 5166 va,
1079 5115 1310 5174 quartus
1357 5121 1434 5169 LI,
1495 5116 1550 5162 et
1608 5121 2008 5180 consequenter

431 5190 657 5260 quintus
692 5208 825 5258 Lxu,
850 5203 1042 5251 sextus
1064 5212 1182 5259 ιιιι,
1213 5213 1276 5252 ac
1304 5207 1618 5268 postremus
1639 5204 1882 5259 omnium
1920 5221 2004 5259 ιν.

431 5285 564 5342 Post
593 5294 825 5343 mortem
857 5303 986 5342 vero
1019 5286 1204 5344 Saulis
1234 5290 1468 5359 primum
1509 5295 1698 5365 psallit
1729 5312 1841 5359 LIX,
1878 5313 2003 5352 cum

433 5380 707 5448 percussit
734 5378 870 5434 Joab
897 5379 1094 5434 vallem
1129 5377 1463 5447 Salinarum,
1501 5386 1755 5456 cepitque
1805 5387 2006 5444 duode-

429 5473 537 5526 cim
572 5474 740 5528 millia
769 5473 1051 5528 hominum
1086 5472 1482 5543 Moabitarum;
1521 5495 1540 5528 ι
1575 5494 1604 5531 ι.
1633 5495 1760 5535 vero
1784 5490 1991 5550 postea.

506 5628 550 5656 ⁷⁸⁸
589 5627 766 5696 chg.
808 5646 973 5694 χχιιι,
1015 5630 1194 5686 14.15.
1270 5633 1315 5664 '9
1358 5633 1375 5687 Ι
1412 5632 1540 5707 Reg.
1576 5650 1726 5700 χιιι,
1762 5637 1810 5690 l.

505 5719 581 5788 (Ι)
624 5718 793 5777 Gra‘c.
831 5730 883 5778 et
909 5722 1378 5801 Vulg.;lduiitira'.

2116 4555 2300 4623 Δαυῖδ,
2347 4557 2404 4610 ἐν
2453 4555 2531 4627 τῷ
2573 4555 2744 4609 ὲλθεῖιν
2788 4555 2914 4619 τοὺς
2964 4554 3242 4623 Ζιφαίους,
3285 4553 3378 4605 καὶ
3417 4553 3597 4604 εἰπεῖν
3630 4550 3708 4621 τῷ

2115 4648 2305 4702 Σαούλο
2353 4649 2480 4703 Ἰδοὺ
2514 4648 2675 4702 Δαυῖδ
2703 4649 3010 4719 κέκρυπται
3043 4648 3170 4718 παρ’
3197 4648 3350 4716 ἡμῖν.
3394 4665 3412 4695 ι
3443 4645 3560 4696 Καὶ
3585 4645 3614 4696 6
3636 4649 3708 4696 νε⁹

2116 4743 2538 4814 ἐπιγέγραπται·
2575 4761 2594 4794 ι
2635 4743 2774 4797 Ὅτε.
2800 4742 3109 4813 ἐκράτησαν
3137 4737 3298 4792 αὑτὸν
3327 4738 3377 4789 οί
3411 4735 3706 4804 ἀλλόφυλοι

2115 4837 2176 4889 ἐν
2191 4834 2344 4888 Γέθ.»
2375 4834 2546 4888 Τοῦτο
2569 4835 2626 4888 δὲ
2655 4834 2814 4906 ἡτῶν
2831 4831 3127 4886 Βασιλειῶν
3155 4829 3342 4902 γραφὴ
3369 4831 3427 4881 ὲν
3454 4828 3707 4898 ὑπέροις

2113 4925 2297 4997 τίθησι
2324 4926 2425 4996 τῆς
2459 4925 2725 4999 ἱστορίας.
2766 4927 2930 4997 Ὁρᾷς
2968 4925 3116 4987 ὅπως
3143 4921 3214 4976 τὰ
3244 4922 3441 4991 πρῶτα
3474 4919 3705 4992 ὕστερα,

2115 5020 2210 5072 καὶ
2241 5019 2312 5072 τὰ
2343 5018 2547 5090 ὕστερα
2577 5020 2770 5092 πρῶτα
2800 5019 3094 5086 τέτακται;
3119 5018 3196 5081 ὡς
3223 5018 3271 5069 εί
3299 5014 3445 5070 κατά
3472 5015 3707 5067 ἀκολου-

2115 5112 2236 5167 θίαν
2261 5113 2370 5166 τῶν
2396 5114 2604 5185 χρόνων
2636 5113 2864 5180 τέθειτο,
2910 5115 3126 5186 πρῶτος
3169 5113 3235 5166 ἂν
3274 5110 3508 5164 τέτακτο
3537 5113 3567 5163 ὀ
3599 5117 3705 5180 νλη’,

2112 5206 2242 5276 ἑξῆς
2275 5205 2448 5278 τούτῳ
2483 5209 2512 5260 ὁ
2536 5207 2638 5276 λγ¹,
2672 5209 2768 5261 καὶ
2793 5209 2977 5280 τρίτος
3011 5207 3106 5260 καὶ
3131 5205 3269 5276 μετά
3297 5202 3504 5257 τούτων
3533 5204 3562 5255 ὁ
3590 5202 3702 5266 νς’,

2111 5298 2206 5351 καὶ
2229 5298 2439 5362 τούτοις
2469 5299 2728 5371 τέταρτος
2751 5303 2780 5353 6
2801 5307 2902 5364 ναν,
2939 5295 3037 5352 εἶτ’
3060 5296 3370 5358 ἀκολούθως
3394 5295 3648 5366 πέμπτος
3674 5295 3704 5346 6

2109 5391 2210 5458 ξδ’,
2242 5392 2338 5446 καὶ
2373 5393 2530 5458 ἕκτος
2557 5396 2586 5447 6
2610 5401 2711 5465 νγ’,
2743 5396 2837 5449 καὶ
2875 5395 3012 5467 μετά
3042 5395 3251 5456 πάντας
3279 5391 3506 5454 τούτους
3538 5389 3569 5441 6
3603 5395 3701 5443 γε’.

2103 5484 2256 5541 Μετὰ
2297 5486 2352 5540 δὲ
2392 5487 2484 5542 τὸν
2527 5487 2754 5543 θάνατον
2800 5487 2894 5543 τοῦ
2934 5489 3108 5543 Σαοὺλ
3142 5485 3358 5559 πρῶτον
3391 5484 3589 5553 ψάλλει
3613 5481 3705 5539 τὸν
