4024 6210
255 330 363 388 80!

1376 324 1878 383 COMMENTARIA
1913 326 1982 384 IN
2014 325 2352 384 PSALMOS.

3393 325 3502 382 602

251 448 358 513 νϐ’,
386 446 551 519 ήνίκα
580 443 852 511 ἐπάταξεν
895 444 1051 498 Ἰωάὁ
1079 444 1178 516 τὴν
1205 444 1464 515 φάραγγα
1490 444 1600 498 τῶν
1634 444 1821 512 Ἁλῶν,

1935 465 1955 499 ι
1989 446 2210 517 quando
2237 446 2388 501 venit
2429 447 2497 500 ad
2532 445 2708 515 ipsum
2761 446 2974 502 Natban
3007 447 3295 519 propheta,
3344 460 3498 519 post-
3568 504 3577 513 κ

252 539 355 594 καὶ
395 536 739 608 ὑποχειρίους
778 531 890 591 εἷλε
936 538 1062 601 τοὺς
1104 535 1279 591 Μωάϐ
1324 535 1389 589 ιϐ’
1430 536 1691 608 χιλιάδας.
1726 536 1829 591 Τὸν

249 631 310 685 δὲ
332 635 377 685 ν’
394 646 411 661 ο
442 627 578 713 μετά
603 627 796 694 ταῦτα,
825 629 915 683 ὅτε
938 624 1068 698 ἦλθε
1095 629 1231 701 πρὸς
1256 630 1419 682 αὑτὸν
1442 628 1629 685 Ναθάν
1653 630 1682 682 ὁ
1702 646 1831 701 προ-

249 724 457 794 φήτης,
483 720 645 793 ἡνίκα
673 719 768 775 καὶ
798 719 1017 790 εἰσῆλθε
1059 719 1195 792 πρὸς
1237 719 1535 792 Βηθσαόεέ.
1576 714 1710 774 Εἶτα
1735 719 1827 774 τὸν

244 810 436 881 τρίτον
480 808 781 872 συντάττει,
826 809 914 861 ὅτε
950 807 1340 881 ἀπεδίδρασκεν
1386 808 1493 863 ἀπὸ
1534 808 1825 881 προσώπου

261 898 621 970 ’Δόεσσαλὼμ
658 896 753 954 τοῦ
785 898 901 953 υίοῦ
941 897 1127 952 αὐτοῦ·
1157 900 1251 954 καὶ
1291 899 1431 971 μετά
1469 900 1760 958 ταῦτα.τδν
1782 900 1826 966 ζ’

249 993 393 1063 ὑπὲρ
421 991 531 1046 τῶν
552 991 727 1060 λόγων
758 991 928 1045 Χουσὶ
956 990 1073 1045 υἱοῦ
1111 985 1347 1063 ἰεμινεί.
1381 991 1477 1056 Τίς
1504 987 1599 1046 οὖν
1630 993 1730 1046 οὐκ
1759 992 1827 1046 ἂν

245 1085 345 1156 τὴν
369 1082 580 1138 τούτων
608 1082 894 1155 ζητήσειεν
925 1082 1103 1137 αίτίαν
1123 1068 1149 1149 ;’
1174 1084 1250 1137 Οὐ
1289 1084 1397 1157 γάρ
1429 1082 1543 1155 ἔχει
1579 1083 1735 1153 λόγον
1761 1084 1828 1138 τὸ

248 1178 325 1249 μὴ
353 1176 448 1230 διά
471 1193 627 1239 τινας
660 1174 962 1244 ἀναγκαίας
987 1174 1270 1240 ὑποθέσεις
1301 1175 1472 1230 ταῦτα
1501 1175 1687 1231 τοῦτον
1714 1176 1827 1231 δια-

241 1268 507 1339 τετάχθαι
551 1267 641 1321 τὸν
675 1267 896 1340 τρόπον.
935 1266 1129 1332 Ἀλλος
1160 1267 1258 1340 μὲν
1284 1263 1376 1322 οὖν
1404 1270 1529 1333 τοὺς
1559 1266 1825 1341 ἀριθμοὺς

244 1361 446 1425 αὐτοὺς
475 1360 721 1432 οἰήσεται
754 1358 898 1431 ἔχειν
932 1360 1055 1414 τινὰ
1086 1359 1332 1431 δύναμιν·
1367 1360 1448 1415 διὸ
1477 1361 1825 1433 καταλλήλως

245 1453 465 1524 ἑκάστῳ
505 1450 725 1524 ἀριθμῷ
751 1452 1092 1523 ὲφηρμόσθαι
1123 1452 1221 1524 τὴν
1254 1453 1488 1509 διάνοιαν
1515 1453 1622 1508 τῶν
1653 1456 1823 1527 έμφε-
1865 1488 1874 1495 -

247 1543 493 1614 ρομὲνων
512 1541 708 1611 λόγων⁸
735 1536 845 1594 οἷον
867 1541 944 1605 ὡς
980 1541 1076 1595 ἐπὶ
1113 1542 1554 1614 παραδείγματος
1581 1544 1609 1596 ὁ
1636 1551 1678 1597 ν’
1706 1545 1827 1617 ἀρι-

245 1634 385 1705 θμὸς
421 1635 516 1689 τὸν
539 1634 668 1707 περὶ
688 1632 932 1703 ἀφέσεως
965 1633 1374 1705 ἁμαρτημάτων
1403 1632 1558 1702 λόγον
1582 1636 1822 1707 περιέχει

246 1726 339 1779 διὰ
362 1730 461 1798 τὴν
482 1727 540 1779 ὲν
562 1724 641 1797 τῷ
663 1724 813 1796 νόμῳ
833 1724 1138 1796 φερομένην
1159 1726 1727 1798 πεντηκονταετερίδα,
1754 1729 1826 1799 ἣν

265 1818 574 1889 Ἰωὸηλαῖον
603 1816 787 1880 παῖδες
833 1815 1101 1887 Ἐϐραίων
1134 1814 1381 1878 ἐκάλουν,
1413 1816 1471 1869 ἐν
1598 1818 1820 1889 ἀφέσεις

256 1910 357 1964 καὶ
388 1910 747 1981 συγχωρήσεις
780 1909 1028 1978 ἐγένοντο
1058 1912 1168 1973 τοῖς
1192 1911 1630 1982 χρεωφειλέταις,
1666 1912 1818 1965 ἐλευ-

260 2000 418 2072 θερία
445 2018 506 2054 τε
533 2000 784 2064 οἰκέταις,
832 2002 927 2055 καὶ
971 2001 1105 2055 ἄλλα
1138 2003 1259 2056 τινὰ
1297 2002 1521 2057 τοιαῦτα
1561 2004 1820 2076 πράττειν

259 2089 652 2162 νενομοθέτητο.
699 2089 905 2146 Τούτου
951 2091 1112 2165 χάριν
1159 2093 1258 2165 τὴν
1300 2093 1684 2167 ἐξομολόγησιν
1726 2096 1819 2149 τοῦ

256 2183 717 2255 πλημμελήματος
762 2184 903 2256 ὑπὲρ
960 2188 1359 2258 συγχωρήσεως
1419 2189 1514 2242 καὶ
1573 2188 1820 2258 ἀφέσεως

250 2276 532 2348 ἁμαρτιῶν
550 2276 695 2348 τῷν
713 2276 910 2349 ψαλμῷ
936 2278 1038 2351 ὲφή
1049 2296 1267 2351 ρμοσεν.
1295 2278 1484 2345 Οὕτως
1504 2277 1597 2336 οὖν
1617 2282 1711 2336 καὶ
1734 2285 1818 2354 ἐφ’

245 2370 462 2441 ἑκάστῳ
490 2368 691 2441 ψαλμῷ
728 2369 871 2423 κατά
909 2388 1062 2435 τινας
1099 2371 1291 2440 λόγους
1332 2373 1398 2443 τῇ
1433 2370 1541 2425 τῶν
1573 2372 1820 2444 ἀριθμῶν

241 2459 473 2531 δυνάμει
503 2460 605 2525 τὰς
639 2462 846 2526 οἰκείας
875 2462 1113 2526 διανοίας
1156 2464 1298 2517 είποι
1343 2462 1410 2518 ἂν
1454 2463 1815 2536 ὲφηρμόσθαι.

254 2552 398 2605 Ἀλλ’
423 2555 452 2606 ὁ
474 2552 650 2608 ταῦτα
679 2553 851 2624 λέγων
873 2554 933 2608 οῦ
964 2572 1053 2627 μοι
1076 2555 1226 2609 δοκεῖ
1252 2557 1540 2628 τυγχάνειν
1567 2555 1662 2610 τοῦ
1696 2573 1821 2610 σκο-

241 2644 371 2698 ποῦ·
403 2646 623 2718 πρῶτον
669 2648 766 2718 μὲν
804 2647 884 2699 ὃτι
924 2647 1044 2702 οὐδὲ
1090 2648 1226 2712 ὅλως
1269 2649 1497 2721 ἀριθμός
1539 2668 1624 2714 τις
1665 2651 1723 2703 ἐν
1749 2653 1817 2723 τῇ

251 2737 522 2809 Ἐδραῖκῇ
561 2737 725 2811 βίϐλῳ
760 2740 866 2793 τῶν
896 2740 1140 2812 Ψαλμῶν
1169 2741 1411 2814 φέρεται*
1457 2741 1585 2795 ἀνευ
1629 2742 1686 2795 δὲ
1721 2742 1820 2812 τῆς

237 2829 334 2883 τοῦ
368 2829 608 2901 ἀριθμοῦ
637 2831 953 2904 προσθήκης
975 2834 1382 2906 ἀνεγράφησαν·
1410 2831 1508 2888 εἷθ’
1527 2834 1608 2889 ὃτι
1635 2834 1821 2905 διαφό-

239 2941 358 2997 ρως
386 2927 434 2977 οἱ
454 2924 554 2996 μὲν
577 2926 684 2979 eici.
713 2929 1067 2999 συνημμένοι,
1100 2930 1149 2981 oi
1170 2929 1226 2981 δὲ
1250 2928 1586 3002 διῃρημένοι.
1612 2929 1821 2984 Αὐτίκα

234 3014 378 3084 γοῦν
410 3017 441 3070 ὁ
479 3015 695 3088 πρῶτος
731 3018 828 3072 καὶ
861 3019 889 3071 ὁ
931 3017 1181 3092 δεύτερος
1215 3020 1358 3073 κατὰ
1386 3018 1485 3091 τὴν
1513 3020 1688 3092 ἀρχὴν
1717 3020 1818 3092 τῆς

236 3108 432 3180 βίϐλου
455 3108 789 3181 συνημμένοι
813 3112 918 3164 είσὶ
945 3112 1088 3166 κατά
1108 3112 1169 3165 τὸ
1203 3112 1506 3184 Ἑϐραῖκόν·
1536 3112 1630 3166 καὶ
1656 3112 1817 3167 πάλιν
1843 3140 1886 3197 C

232 3202 264 3253 ὁ
290 3201 344 3254 6⁸
377 3202 722 3273 συνημμένος
753 3203 882 3275 παρ’
908 3204 1037 3275 ήμῖν
1070 3205 1132 3257 ὲν
1152 3202 1232 3275 τῷ
1270 3203 1541 3276 Ἑὸραῖκῷ
1563 3204 1814 3277 διῄρηται

232 3296 319 3359 εἰς
338 3294 454 3349 δύο.
478 3296 588 3350 Καὶ
614 3298 763 3351 πᾶσα
784 3297 841 3351 δὲ
865 3299 897 3368 ἡ
919 3296 1028 3350 τῶν
1044 3297 1289 3369 Ψαλμῶν
1314 3297 1491 3368 βίϐλος
1514 3299 1592 3361 είς
1617 3298 1756 3369 μέρη
1775 3303 1815 3352 ε’

229 3387 521 3460 διῄρηται,
562 3387 744 3452 καθὼς
787 3388 903 3459 ἤδη.
937 3389 1202 3460 πρότερον
1243 3388 1478 3461 εἴρηται.
1517 3381 1616 3441 Ὧν
1644 3388 1815 3454 οὕτως

230 3477 500 3548 ἐχόντων,
561 3476 811 3547 σχολάζοι
856 3477 922 3531 ἂν
973 3479 1007 3549 ἡ
1050 3478 1409 3551 προλεχθεῖσα
1438 3477 1546 3533 τῶν
1570 3478 1815 3551 ἀριθμῶν

232 3568 469 3639 Θεωρία.
503 3569 663 3621 Ποῖον
692 3568 749 3622 δὲ
781 3568 874 3622 καὶ
904 3568 1060 3638 λόγον
1102 3570 1244 3623 εἴποι
1276 3569 1341 3624 ἀν
1373 3585 1458 3633 τις
1498 3568 1665 3639 ἔχειν,
1696 3570 1817 3640 φέρ’

232 3663 442 3725 είπεῑν,
474 3661 571 3715 τοῦ
590 3660 726 3733 μετά
752 3664 939 3733 χεῖρας
957 3660 1192 3732 ψαλμοῦ,
1222 3661 1367 3730 λέγω
1394 3660 1451 3714 δὲ
1480 3660 1574 3715 τοῦ
1601 3660 1698 3726 ξ6’,
1718 3659 1817 3733 τὴν

229 3753 481 3807 διάνοιαν
502 3752 639 3823 πρὸς
657 3751 748 3806 τὸν
769 3751 968 3806 τοιόνδε
993 3750 1225 3823 ἀριθμὸν
1245 3751 1627 3824 ἐφαρμόττειν,
1657 3750 1692 3822 ἢ
1708 3751 1818 3805 τῶν

230 3846 326 3913 ἐφ’
356 3843 579 3915 ἑκάστῳ
614 3842 723 3897 τῶν
763 3850 839 3916 ρν¹
885 3841 1134 3915 ἀριθμῶν
1166 3843 1295 3897 ἴδιον
1326 3842 1667 3915 ἀφοριεῖσθαι
1694 3841 1817 3897 νοῦν

233 3939 591 4010 προσήκοντα
634 3936 719 4009 τῷ
750 3935 959 4009 τοιῷδε,
994 3937 1027 4009 ἢ
1061 3936 1139 4009 τῷ
1165 3935 1351 4006 τοιῷδε
1386 3935 1639 4008 ἀριθμῷ;
1681 3934 1816 3989 ἀλλά

230 4030 415 4084 ταῦτα
471 4030 569 4101 μὲν
620 4030 727 4102 ὅπη
777 4046 862 4094 τις
917 4028 1089 4084 ἐθέλοι
1131 4028 1539 4101 παραδεχέσθω.
1588 4027 1729 4098 Ἐγὼ
1759 4029 1817 4083 δὲ

231 4122 485 4195 ἠγοῦμαι
527 4122 627 4194 τῆς
675 4121 783 4176 τῶν
839 4122 1305 4194 ἐγγεγραμμένων
1352 4121 1589 4187 διανοίας
1633 4122 1819 4177 ἕνεκεν

236 4216 444 4287 ἐφεξῆς
470 4214 717 4286 ἀλλήλων
744 4215 871 4279 τοὺς
898 4214 1145 4286 ψαλμοὺς
1179 4215 1393 4269 κεῖσθαι
1421 4215 1561 4269 κατά
1590 4215 1651 4269 τὸ
1670 4216 1820 4269 πλεῖ-

233 4322 389 4372 στον,
412 4306 585 4371 οὕτως
611 4308 670 4360 ἐν
694 4306 909 4368 πολλοῖς
930 4307 1269 4378 ἐπιτηρήσας
1290 4307 1385 4361 καὶ¹
1406 4305 1600 4379 εὑρών·
1622 4306 1702 4360 διὸ
1725 4308 1818 4360 καὶ

236 4397 517 4468 συνῆφθαι
540 4397 739 4461 αὐτοὺς
758 4398 958 4452 ὡσανεὶ
978 4398 1297 4466 συγγένειαν
1322 4397 1545 4469 ἔχοντας
1567 4397 1663 4451 καὶ
1687 4399 1818 4452 ἀκο-

1928 555 2091 610 quam
2132 540 2419 609 ingressus
2442 548 2527 595 est
2556 541 2621 595 ad
2659 540 2947 598 Bersabee.
2985 561 3004 594 ι
3040 540 3244 597 Deinde
3269 543 3492 599 tertium

1928 629 2256 698 composuit,
2316 647 2335 682 ι
2389 644 2513 684 cum
2564 630 2777 700 aufugit
2815 646 2845 684 a
2897 629 3037 686 facie
3085 630 3343 687 Absalom
3399 632 3496 686 filii

1927 722 2055 787 sui;
2097 741 2116 773 ι
2156 722 2260 777 sub
2289 721 2404 776 bare
2439 722 2727 791 septimum
2776 742 2794 774 ι
2844 737 2943 792 pro
2972 722 3154 779 verbis
3193 722 3363 778 Chusi
3399 722 3495 777 ﬁlii

1925 812 2146 870 Jemini.
2180 832 2198 865 ι
2225 812 2587 880 Quisltorum
2618 804 2842 870 causam
2876 831 2990 869 non
3018 814 3340 886 perquirat?
3375 813 3493 869 Non

1925 905 2071 961 enim
2106 906 2304 960 rationi
2343 913 2773 962 consentaneum
2796 915 2964 971 esset,
2991 907 3110 962 sine
3143 906 3253 962 ulla
3303 921 3496 961 neces—

1925 995 2073 1052 saria
2101 1011 2270 1053 causa
2293 997 2409 1053 hanc
2433 998 2530 1051 tali
2560 996 2723 1053 modo
2743 996 2997 1053 ordinata
3016 998 3209 1055 fuisse.
3245 998 3363 1054 Erit
3392 998 3497 1054 for-

1925 1096 2074 1145 tasse
2097 1089 2189 1159 qui
2217 1105 2476 1157 numeros
2500 1090 2650 1160 ipsos
2682 1091 2792 1146 vim
2826 1091 3065 1162 aliquam
3092 1092 3294 1149 habere
3315 1098 3492 1162 putet;

1925 1182 2158 1253 ideoque
2191 1182 2424 1254 singulis
2455 1183 2702 1239 numeris
2731 1194 3125 1255 congruentem
3162 1184 3338 1256 aptari
3370 1200 3495 1241 ver-

1922 1272 2117 1329 borum
2168 1272 2532 1339 sententiam;
2584 1274 2820 1345 exempli
2855 1290 3045 1340 causa,
3081 1277 3493 1348 quinquagena-

1922 1366 2040 1421 rius
2092 1380 2353 1421 numerus
2405 1366 2750 1422 remissionis
2812 1374 3160 1439 peccatorum
3221 1369 3489 1425 rationem

1922 1456 2187 1520 continet,
2212 1455 2284 1510 ob
2307 1454 2824 1527 quinquagesimum
2866 1458 3017 1512 illum
3055 1474 3258 1514 annum
3288 1460 3344 1515 in
3373 1461 3495 1534 lege

1921 1555 2311 1611 memoratum,
2343 1547 2628 1618 jubilmum
2659 1549 2728 1604 ab
2761 1547 3006 1607 Hebraeis
3022 1552 3210 1607 vocari
3237 1553 3486 1618 solitum,

1920 1656 2029 1710 quo
2052 1638 2406 1696 remissiones
2431 1641 2924 1712 concessionesque
2943 1642 3286 1701 debitoribus
3308 1653 3487 1710 erant,

1924 1732 2145 1789 libertas
2173 1730 2418 1796 famulis,
2451 1739 2506 1788 ει
2535 1733 2734 1788 similia
2758 1734 3006 1804 quadam
3026 1735 3113 1807 agi
3143 1735 3259 1807 lege
3279 1736 3491 1792 consti-

1853 1798 1892 1851 Β
1923 1833 2099 1878 tutum
2125 1832 2265 1879 erat.
2298 1821 2472 1893 Cujus
2512 1823 2590 1878 rei
2615 1823 2790 1894 gratia
2819 1822 3223 1880 confessionem
3263 1824 3489 1880 sceleris

1921 1931 2020 1986 pro
2071 1916 2229 1971 venia
2284 1922 2339 1970 et.
2386 1914 2711 1970 remissione
2761 1923 3114 1986 peccatorum
3157 1916 3491 1987 quinquage-

1919 2009 2062 2071 simo
2081 2006 2294 2077 psalmo
2323 2006 2615 2076 aptaverit.
2668 2004 2762 2062 Sic
2806 2006 2977 2078 igitur
3022 2006 3111 2063 ille
3142 2006 3374 2079 singulis
3430 2007 3487 2062 in

1920 2100 2169 2171 psalmis,
2200 2098 2500 2154 secundum
2527 2098 2794 2170 quasdam
2838 2100 3104 2167 rationes,
3135 2115 3488 2155 numerorum

1922 2192 2110 2246 virtuti
2138 2191 2468 2247 sententiam
2516 2192 2792 2263 prapriam
2830 2190 3234 2247 accommodari
3264 2191 3485 2248 dixerit.

1917 2286 1986 2338 At
2036 2284 2129 2354 qui
2181 2287 2310 2341 talia
2341 2286 2509 2350 dicat,
2550 2300 2662 2340 non
2695 2284 2912 2340 videtur
2948 2284 3359 2355 mihi-scopum
3405 2292 3490 2340 ato-

1920 2377 2125 2446 tiugere
2158 2395 2173 2432 :
2207 2379 2384 2447 primo
2404 2378 2623 2449 quidem
2653 2375 2799 2448 quod
2829 2377 3017 2433 nullus
3045 2377 3270 2433 omnino
3296 2391 3491 2432 nume-

1920 2482 2015 2523 rus
2055 2469 2109 2522 in
2140 2467 2410 2524 Hebraico
2457 2468 2803 2524 Psalmorum
2852 2468 2995 2524 libro
3046 2467 3283 2537 feratur;
3316 2469 3412 2526 sed
3449 2468 3493 2524 ii

1919 2562 2073 2617 nullo
2096 2560 2285 2617 addito
2316 2576 2547 2617 numero
2570 2560 2946 2616 inscribantur
2971 2580 2984 2616 :
3016 2560 3217 2616 deinde
3242 2548 3372 2633 quia
3403 2561 3490 2617 di-

1919 2669 2076 2710 verso
2105 2653 2275 2709 modo
2309 2652 2388 2709 illi
2436 2653 2523 2709 vel
2570 2649 2830 2723 disiuncti
2864 2653 2950 2707 vel
3000 2652 3280 2721 conjuncti
3335 2660 3484 2707 sunt.

1917 2744 2054 2801 Nam
2079 2746 2164 2802 vel
2189 2746 2259 2801 ab
2284 2745 2403 2816 ipso
2438 2744 2597 2801 initio
2635 2744 2849 2815 primus
2875 2750 2928 2798 et
2972 2743 3250 2799 secundus
3285 2743 3343 2798 in
3388 2740 3492 2798 lie-

1919 2835 2110 2891 braico
2131 2835 2431 2904 exemplari
2466 2833 2706 2906 copulati
2738 2841 2867 2889 sunt
2900 2852 2915 2889 :
2951 2848 3283 2902 rursumque
3307 2847 3488 2889 nonus

1919 2927 2013 2998 qui
2055 2927 2383 2997 coniunctus
2426 2926 2483 2981 in
2514 2934 2728 2994 nostro,
2757 2924 2812 2979 in
2853 2923 3123 2980 llebraico
3172 2923 3383 2981 divisus
3430 2923 3489 2979 in

1919 3016 2059 3072 duos
2108 3022 2212 3071 est.
2267 3013 2550 3085 Totusque
2578 3013 2928 3071 Psalmorum
2977 3014 3136 3077 liber,
3187 3023 3247 3069 ut
3279 3012 3487 3069 dictum

1920 3104 2197 3174 superius,
2247 3105 2301 3160 in
2334 3105 2576 3176 quinque
2606 3114 2792 3176 partes
2823 3104 3151 3161 distributus
3198 3114 3304 3161 est.
3357 3104 3495 3173 Quae

1921 3214 2046 3254 cum
2099 3198 2173 3253 ita
2203 3214 2262 3254 se
2286 3198 2544 3266 habeant,
2577 3207 2736 3253 vacet
2768 3198 3014 3268 profecto
3054 3198 3375 3270 inutilisque
3416 3198 3491 3255 sit

1924 3290 2178 3361 praedicta
2208 3304 2562 3346 numerorum
2609 3290 2999 3345 consideratio.
3032 3288 3235 3359 Ecqua,
3271 3292 3487 3355 amabo,

1924 3382 2064 3437 ratio
2117 3381 2306 3446 fuerit,
2357 3381 2593 3452 exempli
2645 3396 2837 3447 causa,
2871 3380 3177 3452 praesentis,
3227 3382 3488 3438 nimirum

1923 3488 2033 3527 Lxu
2082 3472 2280 3544 psalmi
2327 3473 2681 3538 sententiam,
2734 3488 2859 3529 cum
2892 3473 3208 3542 hujusmodi
3258 3489 3493 3529 numero

1922 3572 2213 3634 coeptare;
2244 3564 2331 3620 vel
2366 3564 2420 3619 in
2449 3563 2685 3634 singulis
2727 3578 2793 3618 ει.
2845 3564 3091 3620 numeris
3123 3564 3400 3635 propriam
3434 3571 3489 3619 et

1921 3667 2307 3727 congruentem
2347 3656 2444 3711 tali
2486 3656 2573 3712 vel
2600 3655 2694 3710 tali
2726 3670 2955 3711 numero
2979 3667 3216 3711 mentem
3239 3656 3486 3726 assigna-

1924 3749 2022 3804 re?
2052 3747 2162 3804 Sed
2194 3748 2310 3805 haec
2354 3748 2576 3820 quidem
2616 3747 2847 3803 arbitrio
2887 3763 2989 3803 suo
3016 3748 3198 3818 quivis
3229 3748 3486 3819 accipiat.

1923 3842 2035 3913 Ego
2056 3857 2187 3898 vero
2212 3841 2452 3898 arbitror
2492 3856 2594 3913 pro
2628 3841 2914 3897 sententiae
2954 3841 3168 3897 ratione
3211 3848 3266 3896 et
3296 3840 3485 3902 simili-

1924 3934 2136 4002 tudine,
2167 3935 2410 4006 psalmos
2439 3942 2501 3990 ut
2551 3934 2847 4005 plurimum
2876 3932 3123 4005 digestos
3164 3948 3308 3997 esse,
3359 3931 3488 4003 quia

1924 4027 2027 4081 hoc
2074 4025 2133 4080 in
2175 4025 2364 4081 multis
2414 4024 2762 4081 observatum
2795 4023 3039 4094 comperi
3083 4043 3101 4079 :
3133 4022 3368 4094 ideoque
3398 4039 3487 4078 or-

1925 4120 2055 4177 dine
2073 4119 2403 4190 conjunctos
2426 4134 2551 4175 esse
2576 4117 2669 4190 qui
2700 4116 3013 4174 aﬂinitatem
3041 4125 3097 4173 et
3143 4133 3486 4189 consequen-

1923 4211 2053 4265 tiam
2077 4210 2310 4266 invicem
2350 4208 2674 4280 przeferrent
2707 4226 2720 4262 :
2757 4206 2996 4277 indeque
3027 4221 3137 4262 non
3164 4221 3264 4277 pro
3285 4213 3487 4277 tempo-

1921 4301 1997 4358 ris
2022 4301 2257 4365 ratione,
2293 4299 2390 4355 sed
2420 4314 2519 4371 pro
2545 4296 2819 4355 sententia
2847 4297 2903 4352 in
2937 4297 3087 4353 serie
3122 4296 3274 4352 ferri.
3321 4296 3486 4366 quue

1917 4390 2029 4460 jam
2071 4389 2332 4461 superius
2371 4395 2864 4445 commonstratum
2894 4395 3001 4454 est,
3049 4402 3172 4442 cum
3203 4402 3270 4442 ex
3300 4387 3495 4442 multis

229 4490 463 4546 λουθίαν
489 4491 626 4563 πρὸς
653 4489 935 4562 ἀλλήλους.
972 4489 1165 4543 Ἔνθεν
1191 4489 1263 4560 μὴ
1285 4490 1427 4542 κατά
1444 4491 1568 4552 τοὺς
1595 4489 1819 4561 χρόνους

1923 4482 2068 4545 aliis,
2102 4488 2216 4536 tum
2247 4479 2484 4534 maxime
2512 4494 2544 4532 a
2584 4493 2672 4532 xu
2727 4477 2795 4532 ad
2841 4477 3378 4548 quinquagesimum,
3430 4476 3490 4531 in

232 4580 601 4651 ὲμφέρεσθαι,
628 4580 764 4634 ἀλλά
794 4580 935 4634 κατά
959 4581 1063 4652 τὴν
1088 4581 1188 4650 τῆς
1215 4579 1452 4643 διανοίας
1472 4580 1811 4635 ἀκολουθίαν.

232 4672 533 4725 Δέδεικται
551 4672 610 4725 δὲ
642 4673 800 4727 τοῦτο
830 4673 929 4745 ήδη
966 4672 1228 4745 πρότερον
1265 4673 1360 4726 καὶ
1408 4671 1515 4725 ἀπὸ
1557 4672 1815 4727 πλειόνων

237 4766 345 4836 μὲν
366 4764 591 4835 ἑτέρων,
628 4765 861 4836 μάλιστα
890 4765 946 4818 δὲ
979 4763 1088 4819 ἀπὸ
1113 4762 1207 4817 τοῦ
1238 4770 1326 4835 μα’
1350 4763 1513 4836 μέχρι
1539 4762 1632 4817 τοῦ
1661 4769 1725 4831 ν’,
1758 4766 1815 4818 ἐν

232 4852 325 4921 οἷς
372 4857 767 4921 ἀποδεικτικῶς
817 4857 1242 4929 παρεστήσαμεν
1291 4856 1420 4920 τοὺς
1479 4856 1577 4927 μὲν
1630 4858 1817 4925 ἐπιγε-

236 4950 594 5020 γραμμένους
627 4950 735 5004 τῶν
765 4949 894 5002 υίῶν
926 4949 1069 5021 Κορὲ
1111 4948 1312 5020 πολλὴν
1356 4948 1551 5013 σώζειν
1590 4948 1816 5002 ἀκολου-

235 5044 367 5096 θίαν
396 5042 531 5113 πρὸς
561 5042 655 5095 τὸν
686 5040 809 5096 νοῦν
840 5042 931 5094 τὸν
956 5040 1016 5106 ἐξ
1043 5040 1223 5095 αὐτῶν
1247 5040 1596 5114 δηλούμενοψ
1620 5039 1817 5112 ἐφεξῆς

234 5135 300 5189 δὲ
323 5133 535 5197 τούτοις
568 5132 818 5205 κείμενον
846 5133 939 5187 τὸν
967 5134 1060 5187 τοῦ
1104 5132 1277 5203 ’Λσάφ
1302 5135 1396 5188 καὶ
1421 5134 1583 5188 πάλιν
1612 5134 1815 5189 τούτων

237 5224 598 5296 συνημμένην
623 5224 717 5277 τοῦ
743 5223 906 5278 Δαυῒδ
931 5222 1031 5296 τήν
1058 5223 1441 5295 ἐξομολόγησιν
1463 5226 1564 5297 τὴν
1592 5226 1650 5278 ὲν
1669 5223 1749 5296 τῷ
1770 5223 1816 5277 ν’

239 5317 572 5390 φερομένην,
602 5315 857 5370 ἀϐίαστον
889 5316 988 5386 τὴν
1029 5315 1383 5369 ἀποδοθεῖσαν
1416 5312 1548 5387 ἡμῖν
1581 5315 1812 5386 θεωρίαν

243 5411 528 5481 παρέχειν.
554 5408 671 5463 Μία
700 5408 799 5480 μὲν
830 5402 926 5461 οὖν
955 5405 1091 5479 αὕτη
1123 5408 1157 5479 ή
1190 5407 1359 5473 αἰτία,
1388 5407 1464 5471 ὼς
1496 5407 1618 5479 ἐμοὶ
1646 5407 1812 5470 δοκεῖ,

236 5504 340 5573 τῆς
380 5499 702 5565 ἀκολουθίας
742 5501 937 5570 γένοιτ’
968 5499 1035 5554 ἂν
1057 5499 1167 5554 τῶν
1196 5498 1446 5571 ψαλμῶν·
1477 5499 1584 5570 ἔχω
1620 5499 1677 5553 δὲ
1723 5500 1815 5553 καὶ

239 5594 409 5665 ἀλλην
441 5595 637 5647 είπεῖν.
683 5594 759 5661 (1)
793 5592 997 5663 Πολλῆς
1028 5590 1137 5663 γάρ
1168 5591 1610 5663 είδωλολατρείας
1641 5607 1812 5644 κατα-

245 5682 604 5755 κρατησάσης
635 5681 729 5736 τοῦ
771 5682 1038 5737 Ἰουδαίων
1071 5681 1277 5745 ἔθνους,
1306 5681 1474 5753 λήθην
1502 5681 1697 5744 αὐτοὺς
1723 5697 1821 5733 πει

324 5802 404 5872 (1)
435 5799 507 5858 lis
538 5799 652 5857 fere
679 5801 880 5857 similia
910 5801 962 5856 in
996 5801 1235 5873 prologis
1259 5816 1424 5874 supra
1456 5800 1748 5857 habentur.

1918 4573 2120 4645 quibus
2143 4572 2291 4627 clare
2314 4568 2815 4641 comprobavimus,
2837 4584 2934 4625 eos
2962 4568 3057 4640 qui
3083 4567 3314 4623 filiorum
3346 4567 3486 4625 Core

1920 4664 2167 4737 inscripti
2209 4672 2358 4731 sunt,
2402 4663 2627 4718 multam
2676 4662 2879 4719 habere
2901 4662 3049 4734 quod
3084 4662 3153 4717 ad
3179 4678 3401 4719 sensum
3432 4663 3496 4718 in

1921 4761 1989 4815 iis
2015 4758 2439 4830 deprehensum,
2473 4758 2617 4813 inter
2656 4772 2717 4813 se
2756 4756 3072 4812 aﬂinitatem
3107 4775 3121 4811 :
3170 4764 3491 4827 sequentem

1919 4867 2051 4908 vero
2079 4853 2175 4923 qui
2201 4851 2406 4922 Asapbi
2433 4859 2539 4914 est,
2583 4860 2640 4906 et
2677 4850 2746 4905 iis
2774 4851 3077 4907 subnexam
3123 4850 3181 4905 in
3214 4849 3490 4922 quinqua-

1921 4944 2130 5015 gesimo
2190 4942 2414 5000 Davidis
2463 4941 2893 5006 confessionem,
2951 4941 3200 5011 opinioni
3261 4950 3495 5007 nostra,

1920 5036 2064 5106 quod
2093 5035 2299 5092 scilicet
2327 5036 2437 5090 vim
2473 5033 2679 5089 nullam
2712 5034 2877 5090 rebus
2918 5033 3140 5099 inferat,
3174 5034 3483 5106 astipulari.

1922 5125 2049 5182 Haec
2096 5141 2204 5181 una
2254 5140 2423 5182 causa
2480 5124 2676 5190 fuerit,
2722 5131 2783 5179 ut
2835 5124 3217 5196 mihiquidem
3248 5125 3491 5191 videtur,

1921 5233 2020 5273 cur
2053 5216 2247 5287 psalmi
2301 5231 2368 5271 eo
2418 5215 2611 5271 ordine
2658 5214 2825 5286 positi
2861 5214 2971 5269 sint
3027 5233 3041 5270 :
3094 5215 3256 5269 aliam
3306 5223 3489 5268 tamen

1920 5311 2164 5384 proferre
2191 5308 2515 5365 valeo.Cum
2537 5308 2710 5363 multo
2730 5307 3050 5363 idololatrim
3075 5322 3273 5374 genere
3298 5303 3486 5359 Iudai-

1922 5418 2020 5458 cus
2048 5400 2287 5472 populus
2309 5398 2666 5460 detineretur,
2696 5398 2847 5468 ipsos
2879 5397 3084 5467 patrias
3115 5394 3420 5462 scripturas
3454 5408 3488 5447 ο

1922 5495 2182 5551 memoria
2203 5494 2529 5550 obliterassc
2552 5498 2742 5547 narrat
2770 5491 3080 5561 Regnorum
3108 5485 3372 5549 historia;
3409 5484 3485 5538 ita

1925 5595 1983 5642 ut
2016 5601 2193 5658 neque
2218 5584 2469 5641 Mosaicae
2494 5584 2629 5652 legis
2661 5583 2799 5638 liber
2832 5583 2971 5636 ultra
2997 5576 3354 5648 reperiretur.
3387 5592 3483 5628 ηρ-

1920 5696 2025 5751 que
2058 5686 2297 5751 paterna:
2338 5676 2558 5749 pictatis
2587 5675 2849 5732 memoria
2885 5669 3202 5744 ιωιιεειιιιος
3231 5680 3482 5724 scrvare.-
