  <div class='ocr_page' id='page_1' title='image "/cluster/home/n/w/nwhite01/storage/ocr_20150623/23/hvd.32044073501116/307.png"; bbox 0 0 4024 6210; ppageno 0'>
   <div class='ocr_carea' id='block_1_1' title="bbox 484 322 588 377">
    <p class='ocr_par' dir='ltr' id='par_1_1' title="bbox 484 322 588 377">
     <span class='ocr_line' id='line_1_1' title="bbox 484 322 588 377; baseline -0.01 0"><span class='ocrx_word' id='word_1_1' title='bbox 484 322 588 377; x_wconf 71' lang='lat'><strong>683</strong></span> 
     </span>
    </p>
   </div>
   <div class='ocr_carea' id='block_1_2' title="bbox 1153 319 3010 378">
    <p class='ocr_par' dir='ltr' id='par_1_2' title="bbox 1153 319 3010 378">
     <span class='ocr_line' id='line_1_2' title="bbox 1153 319 3010 378; baseline 0.003 -5"><span class='ocrx_word' id='word_1_2' title='bbox 1153 319 1418 374; x_wconf 81' lang='lat' dir='ltr'><strong>EUSEBll</strong></span> <span class='ocrx_word' id='word_1_3' title='bbox 1457 319 1934 376; x_wconf 60' lang='lat' dir='ltr'><strong>CIESAIUENSIS</strong></span> <span class='ocrx_word' id='word_1_4' title='bbox 1962 320 2112 378; x_wconf 81' lang='lat' dir='ltr'><strong>OPP.</strong></span> <span class='ocrx_word' id='word_1_5' title='bbox 2155 320 2331 378; x_wconf 77' lang='lat' dir='ltr'><strong>PARS</strong></span> <span class='ocrx_word' id='word_1_6' title='bbox 2371 322 2459 377; x_wconf 84' lang='grc' dir='ltr'><strong>ΙΙΙ.</strong></span> <span class='ocrx_word' id='word_1_7' title='bbox 2499 354 2570 363; x_wconf 91' lang='lat'><strong>--</strong></span> <span class='ocrx_word' id='word_1_8' title='bbox 2598 319 3010 378; x_wconf 72' lang='lat' dir='ltr'><strong>EXEGETICA.</strong></span> 
     </span>
    </p>
   </div>
   <div class='ocr_carea' id='block_1_3' title="bbox 3608 319 3723 375">
    <p class='ocr_par' dir='ltr' id='par_1_3' title="bbox 3608 319 3723 375">
     <span class='ocr_line' id='line_1_3' title="bbox 3608 319 3723 375; baseline 0.017 -2"><span class='ocrx_word' id='word_1_9' title='bbox 3608 319 3723 375; x_wconf 60' lang='lat'><strong>604</strong></span> 
     </span>
    </p>
   </div>
   <div class='ocr_carea' id='block_1_4' title="bbox 484 436 2045 513">
    <p class='ocr_par' dir='ltr' id='par_1_4' title="bbox 484 439 2040 512">
     <span class='ocr_line' id='line_1_4' title="bbox 484 439 2040 512; baseline -0.004 -11"><span class='ocrx_word' id='word_1_10' title='bbox 484 450 594 501; x_wconf 89' lang='lat' dir='ltr'><strong>tur.</strong></span> <span class='ocrx_word' id='word_1_11' title='bbox 638 442 730 496; x_wconf 85' lang='lat' dir='ltr'><strong>Sic</strong></span> <span class='ocrx_word' id='word_1_12' title='bbox 780 442 962 512; x_wconf 80' lang='lat' dir='ltr'><strong>itaque</strong></span> <span class='ocrx_word' id='word_1_13' title='bbox 995 440 1288 510; x_wconf 88' lang='lat' dir='ltr'><strong>prophetas</strong></span> <span class='ocrx_word' id='word_1_14' title='bbox 1337 439 1668 510; x_wconf 74' lang='lat' dir='ltr'><strong>impietatem</strong></span> <span class='ocrx_word' id='word_1_15' title='bbox 1698 455 1854 496; x_wconf 88' lang='lat' dir='ltr'><strong>suam</strong></span> <span class='ocrx_word' id='word_1_16' title='bbox 1879 456 2040 496; x_wconf 87' lang='lat' dir='ltr'><strong>coar-</strong></span> 
     </span>
    </p>
   </div>
   <div class='ocr_carea' id='block_1_5' title="bbox 2147 436 3723 513">
    <p class='ocr_par' dir='ltr' id='par_1_5' title="bbox 2147 436 3723 513">
     <span class='ocr_line' id='line_1_5' title="bbox 2147 436 3723 513; baseline -0.002 -17"><span class='ocrx_word' id='word_1_17' title='bbox 2147 442 2395 513; x_wconf 80' lang='grc' dir='ltr'>ποιῆσθαι</span> <span class='ocrx_word' id='word_1_18' title='bbox 2420 442 2526 496; x_wconf 88' lang='grc' dir='ltr'><strong>τῶν</strong></span> <span class='ocrx_word' id='word_1_19' title='bbox 2552 441 2798 513; x_wconf 87' lang='grc' dir='ltr'>πατρίων</span> <span class='ocrx_word' id='word_1_20' title='bbox 2824 437 3098 511; x_wconf 84' lang='grc' dir='ltr'>γραφῶνὴ</span> <span class='ocrx_word' id='word_1_21' title='bbox 3119 437 3224 491; x_wconf 86' lang='grc' dir='ltr'><strong>τῶν</strong></span> <span class='ocrx_word' id='word_1_22' title='bbox 3250 436 3545 494; x_wconf 82' lang='grc' dir='ltr'>Βασιλειῶν</span> <span class='ocrx_word' id='word_1_23' title='bbox 3572 437 3723 493; x_wconf 63' lang='grc' dir='ltr'>ἱστοσ</span> 
     </span>
    </p>
   </div>
   <div class='ocr_carea' id='block_1_6' title="bbox 484 531 2043 607">
    <p class='ocr_par' dir='ltr' id='par_1_6' title="bbox 484 531 2043 607">
     <span class='ocr_line' id='line_1_6' title="bbox 484 531 2043 607; baseline -0.002 -18"><span class='ocrx_word' id='word_1_24' title='bbox 484 548 711 607; x_wconf 83' lang='lat' dir='ltr'><strong>gueutes</strong></span> <span class='ocrx_word' id='word_1_25' title='bbox 744 531 1140 587; x_wconf 70' lang='lat' dir='ltr'><strong>interﬁcieliant</strong></span> <span class='ocrx_word' id='word_1_26' title='bbox 1167 550 1179 585; x_wconf 92' lang='lat'>:</span> <span class='ocrx_word' id='word_1_27' title='bbox 1213 531 1414 601; x_wconf 84' lang='lat' dir='ltr'><strong>quibus</strong></span> <span class='ocrx_word' id='word_1_28' title='bbox 1451 532 1520 588; x_wconf 84' lang='lat' dir='ltr'><strong>de</strong></span> <span class='ocrx_word' id='word_1_29' title='bbox 1548 532 1733 588; x_wconf 82' lang='lat' dir='ltr'><strong>causis</strong></span> <span class='ocrx_word' id='word_1_30' title='bbox 1761 533 1815 586; x_wconf 90' lang='lat' dir='ltr'><strong>in</strong></span> <span class='ocrx_word' id='word_1_31' title='bbox 1865 534 2043 603; x_wconf 87' lang='lat' dir='ltr'><strong>capti-</strong></span> 
     </span>
    </p>
   </div>
   <div class='ocr_carea' id='block_1_7' title="bbox 485 623 2048 695">
    <p class='ocr_par' dir='ltr' id='par_1_7' title="bbox 485 623 2048 695">
     <span class='ocr_line' id='line_1_7' title="bbox 485 623 2048 695; baseline -0.002 -11"><span class='ocrx_word' id='word_1_32' title='bbox 485 629 704 684; x_wconf 84' lang='lat' dir='ltr'><strong>vitatem</strong></span> <span class='ocrx_word' id='word_1_33' title='bbox 736 625 1081 695; x_wconf 80' lang='lat' dir='ltr'><strong>Assyriorum</strong></span> <span class='ocrx_word' id='word_1_34' title='bbox 1107 623 1283 692; x_wconf 90' lang='lat' dir='ltr'><strong>primo</strong></span> <span class='ocrx_word' id='word_1_35' title='bbox 1309 623 1491 677; x_wconf 91' lang='lat' dir='ltr'><strong>traditi</strong></span> <span class='ocrx_word' id='word_1_36' title='bbox 1515 634 1663 679; x_wconf 91' lang='lat' dir='ltr'><strong>sunt.</strong></span> <span class='ocrx_word' id='word_1_37' title='bbox 1687 623 1830 679; x_wconf 86' lang='lat' dir='ltr'><strong>Nihil</strong></span> <span class='ocrx_word' id='word_1_38' title='bbox 1866 626 2048 695; x_wconf 90' lang='lat' dir='ltr'><strong>itaque</strong></span> 
     </span>
    </p>
   </div>
   <div class='ocr_carea' id='block_1_8' title="bbox 484 716 2045 786">
    <p class='ocr_par' dir='ltr' id='par_1_8' title="bbox 484 716 2045 786">
     <span class='ocr_line' id='line_1_8' title="bbox 484 716 2045 786; baseline -0.003 -11"><span class='ocrx_word' id='word_1_39' title='bbox 484 722 682 776; x_wconf 88' lang='lat' dir='ltr'><strong>mirum</strong></span> <span class='ocrx_word' id='word_1_40' title='bbox 719 727 803 773; x_wconf 90' lang='lat' dir='ltr'><strong>est</strong></span> <span class='ocrx_word' id='word_1_41' title='bbox 859 718 914 771; x_wconf 91' lang='lat' dir='ltr'><strong>in</strong></span> <span class='ocrx_word' id='word_1_42' title='bbox 958 716 1053 770; x_wconf 89' lang='lat' dir='ltr'><strong>tali</strong></span> <span class='ocrx_word' id='word_1_43' title='bbox 1086 723 1387 785; x_wconf 74' lang='lat' dir='ltr'><strong>temporum</strong></span> <span class='ocrx_word' id='word_1_44' title='bbox 1428 716 1742 771; x_wconf 89' lang='lat' dir='ltr'><strong>conditione</strong></span> <span class='ocrx_word' id='word_1_45' title='bbox 1774 717 2045 786; x_wconf 68' lang='lat' dir='ltr'><strong>qum-dam,</strong></span> 
     </span>
    </p>
   </div>
   <div class='ocr_carea' id='block_1_9' title="bbox 481 806 2049 881">
    <p class='ocr_par' dir='ltr' id='par_1_9' title="bbox 481 806 2049 881">
     <span class='ocr_line' id='line_1_9' title="bbox 481 806 2049 881; baseline -0.004 -15"><span class='ocrx_word' id='word_1_46' title='bbox 481 826 603 881; x_wconf 70' lang='lat' dir='ltr'><strong>quae</strong></span> <span class='ocrx_word' id='word_1_47' title='bbox 643 810 697 864; x_wconf 95' lang='lat' dir='ltr'><strong>in</strong></span> <span class='ocrx_word' id='word_1_48' title='bbox 752 809 891 863; x_wconf 89' lang='lat' dir='ltr'><strong>libro</strong></span> <span class='ocrx_word' id='word_1_49' title='bbox 936 806 1276 862; x_wconf 86' lang='lat' dir='ltr'><strong>Psalmorum</strong></span> <span class='ocrx_word' id='word_1_50' title='bbox 1327 807 1640 868; x_wconf 76' lang='lat' dir='ltr'><strong>exstabant,</strong></span> <span class='ocrx_word' id='word_1_51' title='bbox 1689 807 1847 877; x_wconf 87' lang='lat' dir='ltr'><strong>longo</strong></span> <span class='ocrx_word' id='word_1_52' title='bbox 1877 821 2049 860; x_wconf 85' lang='lat' dir='ltr'><strong>anno-</strong></span> 
     </span>
    </p>
   </div>
   <div class='ocr_carea' id='block_1_10' title="bbox 482 893 2048 958">
    <p class='ocr_par' dir='ltr' id='par_1_10' title="bbox 482 893 2048 958">
     <span class='ocr_line' id='line_1_10' title="bbox 482 893 2048 958; baseline -0.001 -8"><span class='ocrx_word' id='word_1_53' title='bbox 482 914 603 950; x_wconf 81' lang='lat' dir='ltr'><strong>rum</strong></span> <span class='ocrx_word' id='word_1_54' title='bbox 640 895 915 949; x_wconf 86' lang='lat' dir='ltr'><strong>curriculo</strong></span> <span class='ocrx_word' id='word_1_55' title='bbox 944 894 1218 948; x_wconf 83' lang='lat' dir='ltr'><strong>oblivione</strong></span> <span class='ocrx_word' id='word_1_56' title='bbox 1255 894 1564 958; x_wconf 90' lang='lat' dir='ltr'><strong>obliterata,</strong></span> <span class='ocrx_word' id='word_1_57' title='bbox 1610 895 1900 950; x_wconf 81' lang='lat' dir='ltr'><strong>excidisse.</strong></span> <span class='ocrx_word' id='word_1_58' title='bbox 1935 893 2048 949; x_wconf 87' lang='lat' dir='ltr'><strong>Sub</strong></span> 
     </span>
    </p>
   </div>
   <div class='ocr_carea' id='block_1_11' title="bbox 485 986 2049 1060">
    <p class='ocr_par' dir='ltr' id='par_1_11' title="bbox 485 986 2049 1060">
     <span class='ocr_line' id='line_1_11' title="bbox 485 986 2049 1060; baseline -0.001 -15"><span class='ocrx_word' id='word_1_59' title='bbox 485 990 599 1045; x_wconf 73' lang='lat' dir='ltr'><strong>brec</strong></span> <span class='ocrx_word' id='word_1_60' title='bbox 632 999 809 1043; x_wconf 86' lang='lat' dir='ltr'><strong>autem</strong></span> <span class='ocrx_word' id='word_1_61' title='bbox 847 988 961 1042; x_wconf 88' lang='lat' dir='ltr'><strong>sive</strong></span> <span class='ocrx_word' id='word_1_62' title='bbox 995 986 1217 1048; x_wconf 86' lang='lat' dir='ltr'><strong>Esdras,</strong></span> <span class='ocrx_word' id='word_1_63' title='bbox 1252 986 1369 1041; x_wconf 87' lang='lat' dir='ltr'><strong>sive</strong></span> <span class='ocrx_word' id='word_1_64' title='bbox 1401 987 1675 1057; x_wconf 88' lang='lat' dir='ltr'><strong>quispiam</strong></span> <span class='ocrx_word' id='word_1_65' title='bbox 1733 990 1872 1043; x_wconf 89' lang='lat' dir='ltr'><strong>alius</strong></span> <span class='ocrx_word' id='word_1_66' title='bbox 1920 1006 2049 1060; x_wconf 88' lang='lat' dir='ltr'><strong>pro-</strong></span> 
     </span>
    </p>
   </div>
   <div class='ocr_carea' id='block_1_12' title="bbox 487 1076 2049 1151">
    <p class='ocr_par' dir='ltr' id='par_1_12' title="bbox 487 1076 2049 1151">
     <span class='ocr_line' id='line_1_12' title="bbox 487 1076 2049 1151; baseline 0.001 -17"><span class='ocrx_word' id='word_1_67' title='bbox 487 1082 771 1151; x_wconf 89' lang='lat' dir='ltr'><strong>phetarum</strong></span> <span class='ocrx_word' id='word_1_68' title='bbox 825 1076 976 1149; x_wconf 81' lang='lat' dir='ltr'><strong>ipsos</strong></span> <span class='ocrx_word' id='word_1_69' title='bbox 1030 1077 1320 1148; x_wconf 78' lang='lat' dir='ltr'><strong>colligendi</strong></span> <span class='ocrx_word' id='word_1_70' title='bbox 1367 1093 1554 1131; x_wconf 89' lang='lat' dir='ltr'><strong>curam</strong></span> <span class='ocrx_word' id='word_1_71' title='bbox 1588 1081 1851 1150; x_wconf 88' lang='lat' dir='ltr'><strong>suscepit,</strong></span> <span class='ocrx_word' id='word_1_72' title='bbox 1886 1089 2049 1150; x_wconf 86' lang='lat' dir='ltr'><strong>atque</strong></span> 
     </span>
    </p>
   </div>
   <div class='ocr_carea' id='block_1_13' title="bbox 486 1167 2050 1238">
    <p class='ocr_par' dir='ltr' id='par_1_13' title="bbox 486 1167 2050 1238">
     <span class='ocr_line' id='line_1_13' title="bbox 486 1167 2050 1238; baseline 0 -12"><span class='ocrx_word' id='word_1_73' title='bbox 486 1187 595 1226; x_wconf 88' lang='lat' dir='ltr'><strong>una</strong></span> <span class='ocrx_word' id='word_1_74' title='bbox 622 1181 744 1225; x_wconf 85' lang='lat' dir='ltr'><strong>c‘um</strong></span> <span class='ocrx_word' id='word_1_75' title='bbox 780 1170 901 1225; x_wconf 91' lang='lat' dir='ltr'><strong>aliis</strong></span> <span class='ocrx_word' id='word_1_76' title='bbox 957 1169 1155 1223; x_wconf 88' lang='lat' dir='ltr'><strong>librum</strong></span> <span class='ocrx_word' id='word_1_77' title='bbox 1211 1183 1428 1238; x_wconf 89' lang='lat' dir='ltr'><strong>quoque</strong></span> <span class='ocrx_word' id='word_1_78' title='bbox 1462 1167 1804 1226; x_wconf 89' lang='lat' dir='ltr'><strong>Psalmorum</strong></span> <span class='ocrx_word' id='word_1_79' title='bbox 1858 1187 2050 1226; x_wconf 87' lang='lat' dir='ltr'><strong>conse-</strong></span> 
     </span>
    </p>
   </div>
   <div class='ocr_carea' id='block_1_14' title="bbox 486 1257 2049 1330">
    <p class='ocr_par' dir='ltr' id='par_1_14' title="bbox 486 1257 2049 1330">
     <span class='ocr_line' id='line_1_14' title="bbox 486 1257 2049 1330; baseline -0.001 -12"><span class='ocrx_word' id='word_1_80' title='bbox 486 1262 659 1318; x_wconf 87' lang='lat' dir='ltr'><strong>cravit</strong></span> <span class='ocrx_word' id='word_1_81' title='bbox 689 1280 702 1316; x_wconf 88' lang='lat'><strong>:</strong></span> <span class='ocrx_word' id='word_1_82' title='bbox 734 1274 909 1328; x_wconf 91' lang='lat' dir='ltr'><strong>neque</strong></span> <span class='ocrx_word' id='word_1_83' title='bbox 937 1257 1225 1313; x_wconf 90' lang='lat' dir='ltr'><strong>confertim</strong></span> <span class='ocrx_word' id='word_1_84' title='bbox 1254 1273 1445 1314; x_wconf 90' lang='lat' dir='ltr'><strong>omnes</strong></span> <span class='ocrx_word' id='word_1_85' title='bbox 1475 1264 1698 1330; x_wconf 89' lang='lat' dir='ltr'><strong>reperit,</strong></span> <span class='ocrx_word' id='word_1_86' title='bbox 1735 1261 1831 1316; x_wconf 90' lang='lat' dir='ltr'><strong>sed</strong></span> <span class='ocrx_word' id='word_1_87' title='bbox 1868 1261 2049 1316; x_wconf 83' lang='lat' dir='ltr'><strong>diver-</strong></span> 
     </span>
    </p>
   </div>
   <div class='ocr_carea' id='block_1_15' title="bbox 488 1348 2047 1423">
    <p class='ocr_par' dir='ltr' id='par_1_15' title="bbox 488 1348 2047 1423">
     <span class='ocr_line' id='line_1_15' title="bbox 488 1348 2047 1423; baseline -0.003 -12"><span class='ocrx_word' id='word_1_88' title='bbox 488 1355 566 1411; x_wconf 91' lang='lat' dir='ltr'><strong>sis</strong></span> <span class='ocrx_word' id='word_1_89' title='bbox 592 1351 949 1422; x_wconf 88' lang='lat' dir='ltr'><strong>temporibus.</strong></span> <span class='ocrx_word' id='word_1_90' title='bbox 984 1348 1042 1404; x_wconf 88' lang='lat' dir='ltr'><strong>ln</strong></span> <span class='ocrx_word' id='word_1_91' title='bbox 1080 1350 1272 1419; x_wconf 84' lang='lat' dir='ltr'><strong>primis</strong></span> <span class='ocrx_word' id='word_1_92' title='bbox 1316 1359 1497 1406; x_wconf 90' lang='lat' dir='ltr'><strong>autem</strong></span> <span class='ocrx_word' id='word_1_93' title='bbox 1548 1352 1745 1405; x_wconf 87' lang='lat' dir='ltr'><strong>locavit</strong></span> <span class='ocrx_word' id='word_1_94' title='bbox 1792 1367 1908 1415; x_wconf 92' lang='lat' dir='ltr'><strong>eos,</strong></span> <span class='ocrx_word' id='word_1_95' title='bbox 1955 1353 2047 1423; x_wconf 92' lang='lat' dir='ltr'><strong>qui</strong></span> 
     </span>
    </p>
   </div>
   <div class='ocr_carea' id='block_1_16' title="bbox 486 1441 2047 1518">
    <p class='ocr_par' dir='ltr' id='par_1_16' title="bbox 486 1441 2047 1518">
     <span class='ocr_line' id='line_1_16' title="bbox 486 1441 2047 1518; baseline -0.001 -19"><span class='ocrx_word' id='word_1_96' title='bbox 486 1447 648 1518; x_wconf 88' lang='lat' dir='ltr'><strong>primi</strong></span> <span class='ocrx_word' id='word_1_97' title='bbox 684 1444 889 1498; x_wconf 77' lang='lat' dir='ltr'><strong>inventi</strong></span> <span class='ocrx_word' id='word_1_98' title='bbox 920 1441 1135 1496; x_wconf 87' lang='lat' dir='ltr'><strong>fuerant</strong></span> <span class='ocrx_word' id='word_1_99' title='bbox 1168 1460 1181 1496; x_wconf 89' lang='lat'><strong>:</strong></span> <span class='ocrx_word' id='word_1_100' title='bbox 1216 1441 1454 1512; x_wconf 87' lang='lat' dir='ltr'><strong>hincque</strong></span> <span class='ocrx_word' id='word_1_101' title='bbox 1485 1441 1708 1507; x_wconf 87' lang='lat' dir='ltr'><strong>factum,</strong></span> <span class='ocrx_word' id='word_1_102' title='bbox 1753 1450 1814 1497; x_wconf 93' lang='lat' dir='ltr'><strong>ut</strong></span> <span class='ocrx_word' id='word_1_103' title='bbox 1867 1443 1901 1496; x_wconf 94' lang='lat' dir='ltr'><strong>ii</strong></span> <span class='ocrx_word' id='word_1_104' title='bbox 1953 1444 2047 1514; x_wconf 90' lang='lat' dir='ltr'><strong>qui</strong></span> 
     </span>
    </p>
   </div>
   <div class='ocr_carea' id='block_1_17' title="bbox 487 1535 2047 1604">
    <p class='ocr_par' dir='ltr' id='par_1_17' title="bbox 487 1535 2047 1604">
     <span class='ocr_line' id='line_1_17' title="bbox 487 1535 2047 1604; baseline -0.001 -12"><span class='ocrx_word' id='word_1_105' title='bbox 487 1536 706 1592; x_wconf 86' lang='lat' dir='ltr'><strong>Davidis</strong></span> <span class='ocrx_word' id='word_1_106' title='bbox 730 1543 878 1597; x_wconf 90' lang='lat' dir='ltr'><strong>sunt,</strong></span> <span class='ocrx_word' id='word_1_107' title='bbox 906 1541 1012 1589; x_wconf 84' lang='lat' dir='ltr'><strong>non</strong></span> <span class='ocrx_word' id='word_1_108' title='bbox 1041 1542 1437 1604; x_wconf 86' lang='lat' dir='ltr'><strong>consequenter</strong></span> <span class='ocrx_word' id='word_1_109' title='bbox 1465 1549 1656 1589; x_wconf 90' lang='lat' dir='ltr'><strong>omnes</strong></span> <span class='ocrx_word' id='word_1_110' title='bbox 1682 1535 1927 1603; x_wconf 89' lang='lat' dir='ltr'><strong>jaceant;</strong></span> <span class='ocrx_word' id='word_1_111' title='bbox 1952 1536 2047 1591; x_wconf 88' lang='lat' dir='ltr'><strong>sed</strong></span> 
     </span>
    </p>
   </div>
   <div class='ocr_carea' id='block_1_18' title="bbox 486 1620 2049 1697">
    <p class='ocr_par' dir='ltr' id='par_1_18' title="bbox 486 1620 2049 1697">
     <span class='ocr_line' id='line_1_18' title="bbox 486 1620 2049 1697; baseline -0.003 -10"><span class='ocrx_word' id='word_1_112' title='bbox 486 1628 757 1687; x_wconf 88' lang='lat' dir='ltr'><strong>commisti</strong></span> <span class='ocrx_word' id='word_1_113' title='bbox 791 1644 915 1682; x_wconf 89' lang='lat' dir='ltr'><strong>cum</strong></span> <span class='ocrx_word' id='word_1_114' title='bbox 965 1628 1032 1683; x_wconf 91' lang='lat' dir='ltr'><strong>iis</strong></span> <span class='ocrx_word' id='word_1_115' title='bbox 1062 1626 1155 1697; x_wconf 88' lang='lat' dir='ltr'><strong>qui</strong></span> <span class='ocrx_word' id='word_1_116' title='bbox 1196 1620 1427 1681; x_wconf 81' lang='lat' dir='ltr'><strong>filiorum</strong></span> <span class='ocrx_word' id='word_1_117' title='bbox 1459 1626 1617 1688; x_wconf 75' lang='lat' dir='ltr'><strong>Core,</strong></span> <span class='ocrx_word' id='word_1_118' title='bbox 1646 1626 1847 1697; x_wconf 85' lang='lat' dir='ltr'><strong>Asaph,</strong></span> <span class='ocrx_word' id='word_1_119' title='bbox 1880 1627 2049 1683; x_wconf 87' lang='lat' dir='ltr'><strong>Solo-</strong></span> 
     </span>
    </p>
   </div>
   <div class='ocr_carea' id='block_1_19' title="bbox 487 1715 2045 1791">
    <p class='ocr_par' dir='ltr' id='par_1_19' title="bbox 487 1715 2045 1791">
     <span class='ocr_line' id='line_1_19' title="bbox 487 1715 2045 1791; baseline -0.001 -15"><span class='ocrx_word' id='word_1_120' title='bbox 487 1721 687 1782; x_wconf 87' lang='lat' dir='ltr'><strong>monis,</strong></span> <span class='ocrx_word' id='word_1_121' title='bbox 716 1719 939 1791; x_wconf 83' lang='lat' dir='ltr'><strong>Moysis,</strong></span> <span class='ocrx_word' id='word_1_122' title='bbox 964 1716 1188 1779; x_wconf 65' lang='lat' dir='ltr'><strong>Ethan,</strong></span> <span class='ocrx_word' id='word_1_123' title='bbox 1221 1715 1439 1779; x_wconf 61' lang='lat' dir='ltr'><strong>IEman,</strong></span> <span class='ocrx_word' id='word_1_124' title='bbox 1472 1730 1799 1786; x_wconf 89' lang='lat' dir='ltr'><strong>rursumque</strong></span> <span class='ocrx_word' id='word_1_125' title='bbox 1832 1716 2045 1774; x_wconf 86' lang='lat' dir='ltr'><strong>Davidis</strong></span> 
     </span>
    </p>
   </div>
   <div class='ocr_carea' id='block_1_20' title="bbox 2150 529 3721 604">
    <p class='ocr_par' dir='ltr' id='par_1_20' title="bbox 2150 529 3721 604">
     <span class='ocr_line' id='line_1_20' title="bbox 2150 529 3721 604; baseline -0.003 -18"><span class='ocrx_word' id='word_1_126' title='bbox 2150 534 2238 604; x_wconf 88' lang='grc' dir='ltr'><strong>ρία</strong></span> <span class='ocrx_word' id='word_1_127' title='bbox 2264 533 2516 586; x_wconf 84' lang='grc' dir='ltr'><strong>διδάσκει·</strong></span> <span class='ocrx_word' id='word_1_128' title='bbox 2543 532 2618 596; x_wconf 84' lang='grc' dir='ltr'>ὡς</span> <span class='ocrx_word' id='word_1_129' title='bbox 2651 532 2784 604; x_wconf 80' lang='grc' dir='ltr'>μηδὲ</span> <span class='ocrx_word' id='word_1_130' title='bbox 2801 531 3080 602; x_wconf 87' lang='grc' dir='ltr'>φαίνεσθαι</span> <span class='ocrx_word' id='word_1_131' title='bbox 3105 529 3283 601; x_wconf 74' lang='grc' dir='ltr'>βίϐλον</span> <span class='ocrx_word' id='word_1_132' title='bbox 3314 529 3408 581; x_wconf 81' lang='grc' dir='ltr'>τοῦ</span> <span class='ocrx_word' id='word_1_133' title='bbox 3437 530 3721 593; x_wconf 82' lang='grc' dir='ltr'>Μωῦσέως</span> 
     </span>
    </p>
   </div>
   <div class='ocr_carea' id='block_1_21' title="bbox 2146 622 3718 697">
    <p class='ocr_par' dir='ltr' id='par_1_21' title="bbox 2146 622 3718 697">
     <span class='ocr_line' id='line_1_21' title="bbox 2146 622 3718 697; baseline -0.003 -19"><span class='ocrx_word' id='word_1_134' title='bbox 2146 626 2332 696; x_wconf 89' lang='grc' dir='ltr'>νόμου,</span> <span class='ocrx_word' id='word_1_135' title='bbox 2376 626 2508 697; x_wconf 81' lang='grc' dir='ltr'>μηδὲ</span> <span class='ocrx_word' id='word_1_136' title='bbox 2558 628 2774 697; x_wconf 81' lang='grc' dir='ltr'><strong>μνήμην</strong></span> <span class='ocrx_word' id='word_1_137' title='bbox 2824 628 2925 696; x_wconf 77' lang='grc' dir='ltr'>τῆς</span> <span class='ocrx_word' id='word_1_138' title='bbox 2970 623 3078 676; x_wconf 86' lang='grc' dir='ltr'><strong>τῶν</strong></span> <span class='ocrx_word' id='word_1_139' title='bbox 3134 622 3382 693; x_wconf 80' lang='grc' dir='ltr'><strong>πατέρων</strong></span> <span class='ocrx_word' id='word_1_140' title='bbox 3431 622 3718 687; x_wconf 79' lang='grc' dir='ltr'>εύσεδείας</span> 
     </span>
    </p>
   </div>
   <div class='ocr_carea' id='block_1_22' title="bbox 2149 714 3722 788">
    <p class='ocr_par' dir='ltr' id='par_1_22' title="bbox 2149 714 3722 788">
     <span class='ocr_line' id='line_1_22' title="bbox 2149 714 3722 788; baseline -0.002 -20"><span class='ocrx_word' id='word_1_141' title='bbox 2149 716 2414 781; x_wconf 77' lang='grc' dir='ltr'>σώζεσθαι</span> <span class='ocrx_word' id='word_1_142' title='bbox 2443 716 2570 788; x_wconf 79' lang='grc' dir='ltr'>παρ’</span> <span class='ocrx_word' id='word_1_143' title='bbox 2593 717 2794 780; x_wconf 79' lang='grc' dir='ltr'>αὐτοῖς.</span> <span class='ocrx_word' id='word_1_144' title='bbox 2827 715 2983 770; x_wconf 76' lang='grc' dir='ltr'>Οὕτω</span> <span class='ocrx_word' id='word_1_145' title='bbox 3008 714 3137 783; x_wconf 73' lang='grc' dir='ltr'>γοῦν</span> <span class='ocrx_word' id='word_1_146' title='bbox 3158 714 3251 766; x_wconf 82' lang='grc' dir='ltr'><strong>καί</strong></span> <span class='ocrx_word' id='word_1_147' title='bbox 3273 715 3397 776; x_wconf 81' lang='grc' dir='ltr'>τοὺς</span> <span class='ocrx_word' id='word_1_148' title='bbox 3426 714 3722 785; x_wconf 72' lang='grc' dir='ltr'><strong>προφήτας</strong></span> 
     </span>
    </p>
   </div>
   <div class='ocr_carea' id='block_1_23' title="bbox 2148 804 3721 880">
    <p class='ocr_par' dir='ltr' id='par_1_23' title="bbox 2148 804 3721 880">
     <span class='ocr_line' id='line_1_23' title="bbox 2148 804 3721 880; baseline -0.001 -20"><span class='ocrx_word' id='word_1_149' title='bbox 2148 808 2378 880; x_wconf 79' lang='grc' dir='ltr'><strong>ἀνῄρουν</strong></span> <span class='ocrx_word' id='word_1_150' title='bbox 2432 807 2802 878; x_wconf 84' lang='grc' dir='ltr'>διελέγχοντας</span> <span class='ocrx_word' id='word_1_151' title='bbox 2852 807 3032 860; x_wconf 84' lang='grc' dir='ltr'>αὐτῶν</span> <span class='ocrx_word' id='word_1_152' title='bbox 3083 806 3181 868; x_wconf 78' lang='grc' dir='ltr'><strong>τὰς</strong></span> <span class='ocrx_word' id='word_1_153' title='bbox 3230 804 3569 868; x_wconf 73' lang='grc' dir='ltr'>δυσσεϐείας,</span> <span class='ocrx_word' id='word_1_154' title='bbox 3617 806 3721 858; x_wconf 71' lang='grc' dir='ltr'>καὶ</span> 
     </span>
    </p>
   </div>
   <div class='ocr_carea' id='block_1_24' title="bbox 2146 896 3722 968">
    <p class='ocr_par' dir='ltr' id='par_1_24' title="bbox 2146 896 3722 968">
     <span class='ocr_line' id='line_1_24' title="bbox 2146 896 3722 968; baseline 0 -19"><span class='ocrx_word' id='word_1_155' title='bbox 2146 898 2352 951; x_wconf 81' lang='grc' dir='ltr'>τούτων</span> <span class='ocrx_word' id='word_1_156' title='bbox 2379 897 2540 950; x_wconf 72' lang='grc' dir='ltr'>ἕνεκα</span> <span class='ocrx_word' id='word_1_157' title='bbox 2577 898 2637 950; x_wconf 87' lang='grc' dir='ltr'><strong>τὸ</strong></span> <span class='ocrx_word' id='word_1_158' title='bbox 2667 897 2878 968; x_wconf 83' lang='grc' dir='ltr'>πρῶτον</span> <span class='ocrx_word' id='word_1_159' title='bbox 2908 899 2975 967; x_wconf 76' lang='grc' dir='ltr'>τῇ</span> <span class='ocrx_word' id='word_1_160' title='bbox 3004 896 3111 949; x_wconf 90' lang='grc' dir='ltr'><strong>τῶν</strong></span> <span class='ocrx_word' id='word_1_161' title='bbox 3149 897 3446 967; x_wconf 80' lang='grc' dir='ltr'><strong>Ἀσσυρίων</strong></span> <span class='ocrx_word' id='word_1_162' title='bbox 3480 896 3722 967; x_wconf 80' lang='grc' dir='ltr'>παρεδόο</span> 
     </span>
    </p>
   </div>
   <div class='ocr_carea' id='block_1_25' title="bbox 2149 984 3724 1061">
    <p class='ocr_par' dir='ltr' id='par_1_25' title="bbox 2149 984 3724 1061">
     <span class='ocr_line' id='line_1_25' title="bbox 2149 984 3724 1061; baseline -0.001 -19"><span class='ocrx_word' id='word_1_163' title='bbox 2149 989 2317 1059; x_wconf 81' lang='grc' dir='ltr'>θησαν</span> <span class='ocrx_word' id='word_1_164' title='bbox 2356 990 2719 1061; x_wconf 74' lang='grc' dir='ltr'>αἰχμαλωσίᾳ.</span> <span class='ocrx_word' id='word_1_165' title='bbox 2756 988 2921 1041; x_wconf 81' lang='grc' dir='ltr'>Οὐδὲν</span> <span class='ocrx_word' id='word_1_166' title='bbox 2953 984 3044 1042; x_wconf 75' lang='grc' dir='ltr'><strong>οὖν</strong></span> <span class='ocrx_word' id='word_1_167' title='bbox 3070 988 3377 1059; x_wconf 80' lang='grc' dir='ltr'>θαυμαστὸν</span> <span class='ocrx_word' id='word_1_168' title='bbox 3404 990 3461 1041; x_wconf 85' lang='grc' dir='ltr'>ὲν</span> <span class='ocrx_word' id='word_1_169' title='bbox 3491 987 3724 1060; x_wconf 80' lang='grc' dir='ltr'>τοιαύτῃ</span> 
     </span>
    </p>
   </div>
   <div class='ocr_carea' id='block_1_26' title="bbox 2148 1081 3722 1156">
    <p class='ocr_par' dir='ltr' id='par_1_26' title="bbox 2148 1081 3722 1156">
     <span class='ocr_line' id='line_1_26' title="bbox 2148 1081 3722 1156; baseline -0.001 -21"><span class='ocrx_word' id='word_1_170' title='bbox 2148 1083 2476 1137; x_wconf 73' lang='grc' dir='ltr'><strong>καταστάσει</strong></span> <span class='ocrx_word' id='word_1_171' title='bbox 2509 1081 2737 1156; x_wconf 88' lang='grc' dir='ltr'>καιρῶν,</span> <span class='ocrx_word' id='word_1_172' title='bbox 2784 1084 2878 1136; x_wconf 75' lang='grc' dir='ltr'><strong>καὶ</strong></span> <span class='ocrx_word' id='word_1_173' title='bbox 2921 1082 2990 1136; x_wconf 87' lang='grc' dir='ltr'><strong>τά</strong></span> <span class='ocrx_word' id='word_1_174' title='bbox 3031 1083 3378 1153; x_wconf 77' lang='grc' dir='ltr'>ὲμφερόμενα</span> <span class='ocrx_word' id='word_1_175' title='bbox 3424 1085 3492 1153; x_wconf 83' lang='grc' dir='ltr'><strong>τῇ</strong></span> <span class='ocrx_word' id='word_1_176' title='bbox 3548 1081 3722 1151; x_wconf 74' lang='grc' dir='ltr'>βίϐλῳ</span> 
     </span>
    </p>
   </div>
   <div class='ocr_carea' id='block_1_27' title="bbox 2147 1174 3723 1245">
    <p class='ocr_par' dir='ltr' id='par_1_27' title="bbox 2147 1174 3723 1245">
     <span class='ocr_line' id='line_1_27' title="bbox 2147 1174 3723 1245; baseline 0.001 -19"><span class='ocrx_word' id='word_1_177' title='bbox 2147 1174 2252 1226; x_wconf 88' lang='grc' dir='ltr'><strong>τῶν</strong></span> <span class='ocrx_word' id='word_1_178' title='bbox 2275 1174 2517 1245; x_wconf 81' lang='grc' dir='ltr'><strong>Ψαλμῶν</strong></span> <span class='ocrx_word' id='word_1_179' title='bbox 2548 1174 2999 1237; x_wconf 83' lang='grc' dir='ltr'>διαπεπτωκέναι,</span> <span class='ocrx_word' id='word_1_180' title='bbox 3021 1174 3158 1245; x_wconf 78' lang='grc' dir='ltr'>λήθη</span> <span class='ocrx_word' id='word_1_181' title='bbox 3193 1192 3252 1227; x_wconf 84' lang='grc' dir='ltr'><strong>τε</strong></span> <span class='ocrx_word' id='word_1_182' title='bbox 3281 1177 3509 1245; x_wconf 78' lang='grc' dir='ltr'><strong>μακροῖς</strong></span> <span class='ocrx_word' id='word_1_183' title='bbox 3534 1191 3723 1245; x_wconf 83' lang='grc' dir='ltr'>παρα-</span> 
     </span>
    </p>
   </div>
   <div class='ocr_carea' id='block_1_28' title="bbox 2146 1265 3726 1337">
    <p class='ocr_par' dir='ltr' id='par_1_28' title="bbox 2146 1265 3726 1337">
     <span class='ocr_line' id='line_1_28' title="bbox 2146 1265 3726 1337; baseline 0 -18"><span class='ocrx_word' id='word_1_184' title='bbox 2146 1265 2387 1319; x_wconf 80' lang='grc' dir='ltr'><strong>δεδόσθαι</strong></span> <span class='ocrx_word' id='word_1_185' title='bbox 2420 1267 2651 1337; x_wconf 85' lang='grc' dir='ltr'>χρόνοις.</span> <span class='ocrx_word' id='word_1_186' title='bbox 2686 1267 2839 1320; x_wconf 82' lang='grc' dir='ltr'><strong>Μετὰ</strong></span> <span class='ocrx_word' id='word_1_187' title='bbox 2876 1267 2933 1319; x_wconf 80' lang='grc' dir='ltr'>δὲ</span> <span class='ocrx_word' id='word_1_188' title='bbox 2964 1266 3138 1320; x_wconf 82' lang='grc' dir='ltr'>ταῦτα</span> <span class='ocrx_word' id='word_1_189' title='bbox 3171 1268 3281 1319; x_wconf 73' lang='grc' dir='ltr'>εἴτε</span> <span class='ocrx_word' id='word_1_190' title='bbox 3317 1266 3577 1335; x_wconf 85' lang='grc' dir='ltr'>Ἔσδραν,</span> <span class='ocrx_word' id='word_1_191' title='bbox 3605 1266 3726 1319; x_wconf 78' lang='grc' dir='ltr'>εἴτε</span> 
     </span>
    </p>
   </div>
   <div class='ocr_carea' id='block_1_29' title="bbox 2147 1356 3725 1429">
    <p class='ocr_par' dir='ltr' id='par_1_29' title="bbox 2147 1356 3725 1429">
     <span class='ocr_line' id='line_1_29' title="bbox 2147 1356 3725 1429; baseline -0.001 -19"><span class='ocrx_word' id='word_1_192' title='bbox 2147 1356 2268 1411; x_wconf 77' lang='grc' dir='ltr'>τινὰ</span> <span class='ocrx_word' id='word_1_193' title='bbox 2301 1358 2484 1428; x_wconf 78' lang='grc' dir='ltr'>ἓτερον</span> <span class='ocrx_word' id='word_1_194' title='bbox 2517 1356 2829 1429; x_wconf 79' lang='grc' dir='ltr'><strong>προφητῶν,</strong></span> <span class='ocrx_word' id='word_1_195' title='bbox 2875 1359 3004 1429; x_wconf 76' lang='grc' dir='ltr'>περὶ</span> <span class='ocrx_word' id='word_1_196' title='bbox 3033 1358 3132 1428; x_wconf 82' lang='grc' dir='ltr'>τὴν</span> <span class='ocrx_word' id='word_1_197' title='bbox 3176 1356 3496 1427; x_wconf 82' lang='grc' dir='ltr'>συναγωγὴν</span> <span class='ocrx_word' id='word_1_198' title='bbox 3534 1356 3725 1411; x_wconf 81' lang='grc' dir='ltr'>αὐτῶν</span> 
     </span>
    </p>
   </div>
   <div class='ocr_carea' id='block_1_30' title="bbox 2149 1445 3727 1518">
    <p class='ocr_par' dir='ltr' id='par_1_30' title="bbox 2149 1445 3727 1518">
     <span class='ocr_line' id='line_1_30' title="bbox 2149 1445 3727 1518; baseline 0.001 -19"><span class='ocrx_word' id='word_1_199' title='bbox 2149 1447 2558 1509; x_wconf 75' lang='grc' dir='ltr'><strong>ἐσπουδακέναι,</strong></span> <span class='ocrx_word' id='word_1_200' title='bbox 2593 1446 2730 1518; x_wconf 83' lang='grc' dir='ltr'>μετά</span> <span class='ocrx_word' id='word_1_201' title='bbox 2763 1463 2823 1500; x_wconf 87' lang='grc' dir='ltr'><strong>τε</strong></span> <span class='ocrx_word' id='word_1_202' title='bbox 2868 1445 2976 1500; x_wconf 88' lang='grc' dir='ltr'><strong>τῶν</strong></span> <span class='ocrx_word' id='word_1_203' title='bbox 3017 1446 3218 1500; x_wconf 84' lang='grc' dir='ltr'>λοιπῶν</span> <span class='ocrx_word' id='word_1_204' title='bbox 3257 1449 3351 1501; x_wconf 85' lang='grc' dir='ltr'>καὶ</span> <span class='ocrx_word' id='word_1_205' title='bbox 3390 1447 3490 1517; x_wconf 81' lang='grc' dir='ltr'>τὴν</span> <span class='ocrx_word' id='word_1_206' title='bbox 3537 1446 3727 1518; x_wconf 78' lang='grc' dir='ltr'>βίσλον</span> 
     </span>
    </p>
   </div>
   <div class='ocr_carea' id='block_1_31' title="bbox 2148 1535 3727 1609">
    <p class='ocr_par' dir='ltr' id='par_1_31' title="bbox 2148 1535 3727 1609">
     <span class='ocr_line' id='line_1_31' title="bbox 2148 1535 3727 1609; baseline 0.001 -21"><span class='ocrx_word' id='word_1_207' title='bbox 2148 1535 2253 1589; x_wconf 89' lang='grc' dir='ltr'><strong>τῶν</strong></span> <span class='ocrx_word' id='word_1_208' title='bbox 2272 1535 2515 1607; x_wconf 81' lang='grc' dir='ltr'>Ψαλμῶν</span> <span class='ocrx_word' id='word_1_209' title='bbox 2540 1537 2946 1607; x_wconf 74' lang='grc' dir='ltr'>συναγηοχέναι,</span> <span class='ocrx_word' id='word_1_210' title='bbox 2970 1537 3070 1589; x_wconf 79' lang='grc' dir='ltr'>οὐκ</span> <span class='ocrx_word' id='word_1_211' title='bbox 3094 1535 3305 1609; x_wconf 87' lang='grc' dir='ltr'>ἀθρόως</span> <span class='ocrx_word' id='word_1_212' title='bbox 3332 1536 3562 1609; x_wconf 80' lang='grc' dir='ltr'><strong>εὑρόντα</strong></span> <span class='ocrx_word' id='word_1_213' title='bbox 3591 1538 3727 1601; x_wconf 78' lang='grc' dir='ltr'>τοὺς</span> 
     </span>
    </p>
   </div>
   <div class='ocr_carea' id='block_1_32' title="bbox 2148 1626 3727 1699">
    <p class='ocr_par' dir='ltr' id='par_1_32' title="bbox 2148 1626 3727 1699">
     <span class='ocr_line' id='line_1_32' title="bbox 2148 1626 3727 1699; baseline 0.003 -21"><span class='ocrx_word' id='word_1_214' title='bbox 2148 1627 2373 1690; x_wconf 79' lang='grc' dir='ltr'>πάντας,</span> <span class='ocrx_word' id='word_1_215' title='bbox 2397 1626 2528 1681; x_wconf 82' lang='grc' dir='ltr'>ἀλλᾶ</span> <span class='ocrx_word' id='word_1_216' title='bbox 2551 1627 2691 1680; x_wconf 89' lang='grc' dir='ltr'><strong>κατά</strong></span> <span class='ocrx_word' id='word_1_217' title='bbox 2710 1627 2995 1697; x_wconf 81' lang='grc' dir='ltr'>διαφόρους</span> <span class='ocrx_word' id='word_1_218' title='bbox 3010 1627 3251 1699; x_wconf 86' lang='grc' dir='ltr'>χρόνους.</span> <span class='ocrx_word' id='word_1_219' title='bbox 3275 1628 3649 1683; x_wconf 80' lang='grc' dir='ltr'>Κατατάττειν</span> <span class='ocrx_word' id='word_1_220' title='bbox 3662 1628 3727 1683; x_wconf 66' lang='grc' dir='ltr'>δὲ</span> 
     </span>
    </p>
   </div>
   <div class='ocr_carea' id='block_1_33' title="bbox 2149 1717 3728 1792">
    <p class='ocr_par' dir='ltr' id='par_1_33' title="bbox 2149 1717 3728 1792">
     <span class='ocr_line' id='line_1_33' title="bbox 2149 1717 3728 1792; baseline 0.004 -22"><span class='ocrx_word' id='word_1_221' title='bbox 2149 1720 2205 1770; x_wconf 84' lang='grc' dir='ltr'>ὲν</span> <span class='ocrx_word' id='word_1_222' title='bbox 2220 1718 2452 1790; x_wconf 84' lang='grc' dir='ltr'>πρώτοις</span> <span class='ocrx_word' id='word_1_223' title='bbox 2481 1720 2607 1782; x_wconf 80' lang='grc' dir='ltr'>τοὺς</span> <span class='ocrx_word' id='word_1_224' title='bbox 2626 1717 2871 1790; x_wconf 81' lang='grc' dir='ltr'>πρώτους</span> <span class='ocrx_word' id='word_1_225' title='bbox 2886 1719 3324 1789; x_wconf 68' lang='grc' dir='ltr'>εὑρισκομένους</span> <span class='ocrx_word' id='word_1_226' title='bbox 3352 1719 3431 1773; x_wconf 82' lang='grc' dir='ltr'><strong>διὸ</strong></span> <span class='ocrx_word' id='word_1_227' title='bbox 3450 1720 3590 1792; x_wconf 75' lang='grc' dir='ltr'>μηδὲ</span> <span class='ocrx_word' id='word_1_228' title='bbox 3622 1719 3728 1778; x_wconf 71' lang='grc' dir='ltr'><strong>τοῦ</strong></span> 
     </span>
    </p>
   </div>
   <div class='ocr_carea' id='block_1_34' title="bbox 486 1788 2045 1880">
    <p class='ocr_par' dir='ltr' id='par_1_34' title="bbox 486 1788 2045 1880">
     <span class='ocr_line' id='line_1_34' title="bbox 486 1788 2045 1880; baseline -0.002 -12"><span class='ocrx_word' id='word_1_229' title='bbox 486 1813 543 1868; x_wconf 90' lang='lat' dir='ltr'><strong>in</strong></span> <span class='ocrx_word' id='word_1_230' title='bbox 578 1813 717 1867; x_wconf 92' lang='lat' dir='ltr'><strong>libro</strong></span> <span class='ocrx_word' id='word_1_231' title='bbox 744 1788 1219 1880; x_wconf 78' lang='lat' dir='ltr'><strong>deprehenduntur</strong></span> <span class='ocrx_word' id='word_1_232' title='bbox 1238 1849 1253 1872; x_wconf 90' lang='lat'><strong>,</strong></span> <span class='ocrx_word' id='word_1_233' title='bbox 1289 1823 1395 1861; x_wconf 87' lang='lat' dir='ltr'><strong>non</strong></span> <span class='ocrx_word' id='word_1_234' title='bbox 1420 1807 1630 1863; x_wconf 85' lang='lat' dir='ltr'><strong>ratione</strong></span> <span class='ocrx_word' id='word_1_235' title='bbox 1658 1811 1917 1880; x_wconf 90' lang='lat' dir='ltr'><strong>temporis</strong></span> <span class='ocrx_word' id='word_1_236' title='bbox 1941 1826 2045 1880; x_wconf 91' lang='lat' dir='ltr'><strong>quo</strong></span> 
     </span>
    </p>
   </div>
   <div class='ocr_carea' id='block_1_35' title="bbox 2147 1788 3727 1880">
    <p class='ocr_par' dir='ltr' id='par_1_35' title="bbox 2148 1788 3727 1880">
     <span class='ocr_line' id='line_1_35' title="bbox 2148 1788 3727 1880; baseline 0.003 -22"><span class='ocrx_word' id='word_1_237' title='bbox 2148 1788 2307 1859; x_wconf 66' lang='grc' dir='ltr'>Δαυίδ</span> <span class='ocrx_word' id='word_1_238' title='bbox 2342 1806 2541 1877; x_wconf 78' lang='grc' dir='ltr'>ἐφεξῆς</span> <span class='ocrx_word' id='word_1_239' title='bbox 2575 1788 2781 1861; x_wconf 85' lang='grc' dir='ltr'>κεῖσθαι</span> <span class='ocrx_word' id='word_1_240' title='bbox 2812 1809 2937 1871; x_wconf 81' lang='grc' dir='ltr'>τοὺς</span> <span class='ocrx_word' id='word_1_241' title='bbox 2956 1788 3197 1871; x_wconf 77' lang='grc' dir='ltr'>πάντας·</span> <span class='ocrx_word' id='word_1_242' title='bbox 3234 1811 3291 1862; x_wconf 83' lang='grc' dir='ltr'>ὲν</span> <span class='ocrx_word' id='word_1_243' title='bbox 3316 1808 3373 1862; x_wconf 87' lang='grc' dir='ltr'>δὲ</span> <span class='ocrx_word' id='word_1_244' title='bbox 3400 1788 3482 1880; x_wconf 74' lang='grc' dir='ltr'><strong>τῶ</strong></span> <span class='ocrx_word' id='word_1_245' title='bbox 3513 1788 3727 1880; x_wconf 69' lang='grc' dir='ltr'>μεταξὺ</span> 
     </span>
    </p>
   </div>
   <div class='ocr_carea' id='block_1_36' title="bbox 487 1899 2048 1975">
    <p class='ocr_par' dir='ltr' id='par_1_36' title="bbox 487 1899 2048 1975">
     <span class='ocr_line' id='line_1_36' title="bbox 487 1899 2048 1975; baseline -0.001 -18"><span class='ocrx_word' id='word_1_246' title='bbox 487 1902 847 1975; x_wconf 84' lang='lat' dir='ltr'><strong>pronuntiati,</strong></span> <span class='ocrx_word' id='word_1_247' title='bbox 883 1901 978 1956; x_wconf 89' lang='lat' dir='ltr'><strong>sed</strong></span> <span class='ocrx_word' id='word_1_248' title='bbox 1022 1915 1133 1970; x_wconf 91' lang='lat' dir='ltr'><strong>quo</strong></span> <span class='ocrx_word' id='word_1_249' title='bbox 1177 1899 1374 1969; x_wconf 87' lang='lat' dir='ltr'><strong>reperti</strong></span> <span class='ocrx_word' id='word_1_250' title='bbox 1415 1909 1564 1955; x_wconf 92' lang='lat' dir='ltr'><strong>sunt.</strong></span> <span class='ocrx_word' id='word_1_251' title='bbox 1600 1899 1845 1972; x_wconf 83' lang='lat' dir='ltr'><strong>Hincque</strong></span> <span class='ocrx_word' id='word_1_252' title='bbox 1872 1905 2048 1956; x_wconf 91' lang='lat' dir='ltr'><strong>conti-</strong></span> 
     </span>
    </p>
   </div>
   <div class='ocr_carea' id='block_1_37' title="bbox 484 1990 2047 2065">
    <p class='ocr_par' dir='ltr' id='par_1_37' title="bbox 484 1990 2047 2065">
     <span class='ocr_line' id='line_1_37' title="bbox 484 1990 2047 2065; baseline 0.001 -19"><span class='ocrx_word' id='word_1_253' title='bbox 484 1996 583 2065; x_wconf 83' lang='lat' dir='ltr'><strong>git,</strong></span> <span class='ocrx_word' id='word_1_254' title='bbox 620 2003 678 2047; x_wconf 87' lang='lat' dir='ltr'><strong>ut</strong></span> <span class='ocrx_word' id='word_1_255' title='bbox 706 1994 797 2063; x_wconf 91' lang='lat' dir='ltr'><strong>qui</strong></span> <span class='ocrx_word' id='word_1_256' title='bbox 852 2000 1093 2061; x_wconf 89' lang='lat' dir='ltr'><strong>tempore</strong></span> <span class='ocrx_word' id='word_1_257' title='bbox 1140 1990 1473 2061; x_wconf 83' lang='lat' dir='ltr'><strong>posteriores</strong></span> <span class='ocrx_word' id='word_1_258' title='bbox 1512 2001 1688 2057; x_wconf 88' lang='lat' dir='ltr'><strong>erant,</strong></span> <span class='ocrx_word' id='word_1_259' title='bbox 1730 1993 1856 2061; x_wconf 88' lang='lat' dir='ltr'><strong>quia</strong></span> <span class='ocrx_word' id='word_1_260' title='bbox 1889 1993 2047 2065; x_wconf 82' lang='lat' dir='ltr'><strong>primi</strong></span> 
     </span>
    </p>
   </div>
   <div class='ocr_carea' id='block_1_38' title="bbox 486 2078 2044 2152">
    <p class='ocr_par' dir='ltr' id='par_1_38' title="bbox 486 2078 2044 2152">
     <span class='ocr_line' id='line_1_38' title="bbox 486 2078 2044 2152; baseline -0.001 -16"><span class='ocrx_word' id='word_1_261' title='bbox 486 2081 708 2150; x_wconf 86' lang='lat' dir='ltr'><strong>reperti,</strong></span> <span class='ocrx_word' id='word_1_262' title='bbox 753 2079 914 2150; x_wconf 89' lang='lat' dir='ltr'><strong>primi</strong></span> <span class='ocrx_word' id='word_1_263' title='bbox 966 2078 1195 2148; x_wconf 90' lang='lat' dir='ltr'><strong>repositi</strong></span> <span class='ocrx_word' id='word_1_264' title='bbox 1252 2079 1398 2145; x_wconf 86' lang='lat' dir='ltr'><strong>sint;</strong></span> <span class='ocrx_word' id='word_1_265' title='bbox 1462 2095 1525 2134; x_wconf 87' lang='lat' dir='ltr'><strong>ac</strong></span> <span class='ocrx_word' id='word_1_266' title='bbox 1563 2083 1681 2135; x_wconf 90' lang='lat' dir='ltr'><strong>vice</strong></span> <span class='ocrx_word' id='word_1_267' title='bbox 1735 2097 1917 2144; x_wconf 85' lang='lat' dir='ltr'><strong>versa,</strong></span> <span class='ocrx_word' id='word_1_268' title='bbox 1952 2082 2044 2152; x_wconf 88' lang='lat' dir='ltr'><strong>qui</strong></span> 
     </span>
    </p>
   </div>
   <div class='ocr_carea' id='block_1_39' title="bbox 487 2171 2043 2244">
    <p class='ocr_par' dir='ltr' id='par_1_39' title="bbox 487 2171 2043 2244">
     <span class='ocr_line' id='line_1_39' title="bbox 487 2171 2043 2244; baseline 0.001 -20"><span class='ocrx_word' id='word_1_269' title='bbox 487 2172 647 2242; x_wconf 89' lang='lat' dir='ltr'><strong>primi</strong></span> <span class='ocrx_word' id='word_1_270' title='bbox 674 2173 911 2234; x_wconf 80' lang='lat' dir='ltr'><strong>fuerant,</strong></span> <span class='ocrx_word' id='word_1_271' title='bbox 946 2171 1075 2241; x_wconf 91' lang='lat' dir='ltr'><strong>quia</strong></span> <span class='ocrx_word' id='word_1_272' title='bbox 1108 2180 1232 2241; x_wconf 92' lang='lat' dir='ltr'><strong>post</strong></span> <span class='ocrx_word' id='word_1_273' title='bbox 1262 2172 1401 2226; x_wconf 76' lang='lat' dir='ltr'><strong>alios</strong></span> <span class='ocrx_word' id='word_1_274' title='bbox 1426 2173 1567 2227; x_wconf 90' lang='lat' dir='ltr'><strong>eruti</strong></span> <span class='ocrx_word' id='word_1_275' title='bbox 1593 2182 1741 2234; x_wconf 81' lang='lat' dir='ltr'><strong>sunt,</strong></span> <span class='ocrx_word' id='word_1_276' title='bbox 1777 2176 2043 2244; x_wconf 85' lang='lat' dir='ltr'><strong>posteriu-</strong></span> 
     </span>
    </p>
   </div>
   <div class='ocr_carea' id='block_1_40' title="bbox 485 2263 2050 2320">
    <p class='ocr_par' dir='ltr' id='par_1_40' title="bbox 485 2263 2050 2320">
     <span class='ocr_line' id='line_1_40' title="bbox 485 2263 2050 2320; baseline 0.002 -3"><span class='ocrx_word' id='word_1_277' title='bbox 485 2279 601 2318; x_wconf 90' lang='lat' dir='ltr'><strong>rem</strong></span> <span class='ocrx_word' id='word_1_278' title='bbox 647 2264 702 2316; x_wconf 93' lang='lat' dir='ltr'><strong>in</strong></span> <span class='ocrx_word' id='word_1_279' title='bbox 751 2263 929 2318; x_wconf 91' lang='lat' dir='ltr'><strong>locum</strong></span> <span class='ocrx_word' id='word_1_280' title='bbox 966 2264 1078 2317; x_wconf 89' lang='lat' dir='ltr'><strong>sint</strong></span> <span class='ocrx_word' id='word_1_281' title='bbox 1121 2264 1429 2319; x_wconf 82' lang='lat' dir='ltr'><strong>constituti.</strong></span> <span class='ocrx_word' id='word_1_282' title='bbox 1488 2264 1553 2318; x_wconf 86' lang='lat' dir='ltr'><strong>Et</strong></span> <span class='ocrx_word' id='word_1_283' title='bbox 1609 2265 1722 2319; x_wconf 71' lang='lat' dir='ltr'><strong>lucc</strong></span> <span class='ocrx_word' id='word_1_284' title='bbox 1776 2266 1935 2320; x_wconf 85' lang='lat' dir='ltr'><strong>nobis</strong></span> <span class='ocrx_word' id='word_1_285' title='bbox 1983 2265 2050 2320; x_wconf 88' lang='lat' dir='ltr'><strong>de</strong></span> 
     </span>
    </p>
   </div>
   <div class='ocr_carea' id='block_1_41' title="bbox 486 2353 2049 2424">
    <p class='ocr_par' dir='ltr' id='par_1_41' title="bbox 486 2353 2049 2424">
     <span class='ocr_line' id='line_1_41' title="bbox 486 2353 2049 2424; baseline 0.003 -18"><span class='ocrx_word' id='word_1_286' title='bbox 486 2354 784 2424; x_wconf 66' lang='lat' dir='ltr'><strong>quaestione</strong></span> <span class='ocrx_word' id='word_1_287' title='bbox 827 2353 1105 2424; x_wconf 84' lang='lat' dir='ltr'><strong>proposita</strong></span> <span class='ocrx_word' id='word_1_288' title='bbox 1154 2353 1518 2424; x_wconf 87' lang='lat' dir='ltr'><strong>conjectando</strong></span> <span class='ocrx_word' id='word_1_289' title='bbox 1569 2357 1713 2411; x_wconf 72' lang='lat' dir='ltr'><strong>dicta</strong></span> <span class='ocrx_word' id='word_1_290' title='bbox 1765 2358 1894 2413; x_wconf 92' lang='lat' dir='ltr'><strong>sint.</strong></span> <span class='ocrx_word' id='word_1_291' title='bbox 1928 2355 2049 2411; x_wconf 78' lang='lat' dir='ltr'><strong>Jam</strong></span> 
     </span>
    </p>
   </div>
   <div class='ocr_carea' id='block_1_42' title="bbox 485 2447 2049 2520">
    <p class='ocr_par' dir='ltr' id='par_1_42' title="bbox 485 2447 2049 2520">
     <span class='ocr_line' id='line_1_42' title="bbox 485 2447 2049 2520; baseline 0.003 -19"><span class='ocrx_word' id='word_1_292' title='bbox 485 2458 697 2516; x_wconf 91' lang='lat' dir='ltr'><strong>tempus</strong></span> <span class='ocrx_word' id='word_1_293' title='bbox 746 2454 851 2509; x_wconf 89' lang='lat' dir='ltr'><strong>est,</strong></span> <span class='ocrx_word' id='word_1_294' title='bbox 893 2454 953 2501; x_wconf 93' lang='lat' dir='ltr'><strong>ut</strong></span> <span class='ocrx_word' id='word_1_295' title='bbox 1001 2449 1067 2502; x_wconf 86' lang='lat' dir='ltr'><strong>ad</strong></span> <span class='ocrx_word' id='word_1_296' title='bbox 1119 2447 1268 2503; x_wconf 85' lang='lat' dir='ltr'><strong>dicta</strong></span> <span class='ocrx_word' id='word_1_297' title='bbox 1316 2449 1479 2519; x_wconf 89' lang='lat' dir='ltr'><strong>hujus</strong></span> <span class='ocrx_word' id='word_1_298' title='bbox 1531 2466 1695 2520; x_wconf 89' lang='lat' dir='ltr'><strong>quem</strong></span> <span class='ocrx_word' id='word_1_299' title='bbox 1747 2458 2049 2506; x_wconf 89' lang='lat' dir='ltr'><strong>tractamus</strong></span> 
     </span>
    </p>
   </div>
   <div class='ocr_carea' id='block_1_43' title="bbox 487 2539 1048 2609">
    <p class='ocr_par' dir='ltr' id='par_1_43' title="bbox 487 2539 1048 2609">
     <span class='ocr_line' id='line_1_43' title="bbox 487 2539 1048 2609; baseline -0.002 -15"><span class='ocrx_word' id='word_1_300' title='bbox 487 2539 679 2609; x_wconf 88' lang='lat' dir='ltr'><strong>psalmi</strong></span> <span class='ocrx_word' id='word_1_301' title='bbox 705 2540 1048 2595; x_wconf 86' lang='lat' dir='ltr'><strong>accedamus.</strong></span> 
     </span>
    </p>
   </div>
   <div class='ocr_carea' id='block_1_44' title="bbox 2148 1899 3730 1974">
    <p class='ocr_par' dir='ltr' id='par_1_44' title="bbox 2148 1899 3730 1974">
     <span class='ocr_line' id='line_1_44' title="bbox 2148 1899 3730 1974; baseline 0.003 -21"><span class='ocrx_word' id='word_1_302' title='bbox 2148 1901 2242 1954; x_wconf 73' lang='grc' dir='ltr'>καὶ</span> <span class='ocrx_word' id='word_1_303' title='bbox 2273 1899 2378 1953; x_wconf 86' lang='grc' dir='ltr'><strong>τῶν</strong></span> <span class='ocrx_word' id='word_1_304' title='bbox 2408 1899 2538 1952; x_wconf 88' lang='grc' dir='ltr'>υίῶν</span> <span class='ocrx_word' id='word_1_305' title='bbox 2566 1899 2735 1971; x_wconf 84' lang='grc' dir='ltr'>Κορὲ,</span> <span class='ocrx_word' id='word_1_306' title='bbox 2781 1900 2875 1953; x_wconf 73' lang='grc' dir='ltr'>καὶ</span> <span class='ocrx_word' id='word_1_307' title='bbox 2918 1899 3012 1953; x_wconf 82' lang='grc' dir='ltr'>τοῦ</span> <span class='ocrx_word' id='word_1_308' title='bbox 3059 1900 3250 1969; x_wconf 78' lang='grc' dir='ltr'>Ἀσάφ,</span> <span class='ocrx_word' id='word_1_309' title='bbox 3280 1901 3375 1955; x_wconf 76' lang='grc' dir='ltr'>καὶ</span> <span class='ocrx_word' id='word_1_310' title='bbox 3404 1901 3730 1974; x_wconf 82' lang='grc' dir='ltr'>Σολομῶνος</span> 
     </span>
    </p>
   </div>
   <div class='ocr_carea' id='block_1_45' title="bbox 2147 1992 3731 2064">
    <p class='ocr_par' dir='ltr' id='par_1_45' title="bbox 2147 1992 3731 2064">
     <span class='ocr_line' id='line_1_45' title="bbox 2147 1992 3731 2064; baseline 0.002 -18"><span class='ocrx_word' id='word_1_311' title='bbox 2147 1993 2242 2047; x_wconf 67' lang='grc' dir='ltr'><strong>κεν.)⁸</strong></span> <span class='ocrx_word' id='word_1_312' title='bbox 2265 1992 2557 2055; x_wconf 79' lang='grc' dir='ltr'>Μωῢσέως,</span> <span class='ocrx_word' id='word_1_313' title='bbox 2582 1992 2748 2045; x_wconf 82' lang='grc' dir='ltr'>Αίθάν</span> <span class='ocrx_word' id='word_1_314' title='bbox 2788 2009 2850 2046; x_wconf 88' lang='grc' dir='ltr'><strong>τε</strong></span> <span class='ocrx_word' id='word_1_315' title='bbox 2896 1993 2991 2047; x_wconf 74' lang='grc' dir='ltr'>καὶ</span> <span class='ocrx_word' id='word_1_316' title='bbox 3034 1993 3230 2064; x_wconf 81' lang='grc' dir='ltr'>Αίμάν,</span> <span class='ocrx_word' id='word_1_317' title='bbox 3283 1994 3376 2049; x_wconf 62' lang='grc' dir='ltr'><strong>καὶ⁸</strong></span> <span class='ocrx_word' id='word_1_318' title='bbox 3423 1994 3588 2049; x_wconf 83' lang='grc' dir='ltr'>πάλιν</span> <span class='ocrx_word' id='word_1_319' title='bbox 3626 1996 3731 2049; x_wconf 70' lang='grc' dir='ltr'>τοῦ</span> 
     </span>
    </p>
   </div>
   <div class='ocr_carea' id='block_1_46' title="bbox 2146 2083 3731 2161">
    <p class='ocr_par' dir='ltr' id='par_1_46' title="bbox 2146 2083 3731 2161">
     <span class='ocr_line' id='line_1_46' title="bbox 2146 2083 3731 2161; baseline 0.003 -24"><span class='ocrx_word' id='word_1_320' title='bbox 2146 2083 2307 2138; x_wconf 79' lang='grc' dir='ltr'>Δαυῗδ</span> <span class='ocrx_word' id='word_1_321' title='bbox 2339 2083 2685 2155; x_wconf 76' lang='grc' dir='ltr'>εὑρίσκεσθαι</span> <span class='ocrx_word' id='word_1_322' title='bbox 2714 2085 2914 2157; x_wconf 73' lang='grc' dir='ltr'>ἀναμὶξ</span> <span class='ocrx_word' id='word_1_323' title='bbox 2941 2087 2998 2140; x_wconf 79' lang='grc' dir='ltr'>ὲν</span> <span class='ocrx_word' id='word_1_324' title='bbox 3023 2089 3086 2158; x_wconf 83' lang='grc' dir='ltr'><strong>τῇ</strong></span> <span class='ocrx_word' id='word_1_325' title='bbox 3121 2086 3285 2158; x_wconf 75' lang='grc' dir='ltr'>βίϐλῳ</span> <span class='ocrx_word' id='word_1_326' title='bbox 3306 2090 3731 2161; x_wconf 74' lang='grc' dir='ltr'>κατατεταγμὲο</span> 
     </span>
    </p>
   </div>
   <div class='ocr_carea' id='block_1_47' title="bbox 2147 2171 3731 2248">
    <p class='ocr_par' dir='ltr' id='par_1_47' title="bbox 2147 2171 3731 2248">
     <span class='ocr_line' id='line_1_47' title="bbox 2147 2171 3731 2248; baseline 0.003 -21"><span class='ocrx_word' id='word_1_327' title='bbox 2147 2191 2291 2237; x_wconf 87' lang='grc' dir='ltr'>νους,</span> <span class='ocrx_word' id='word_1_328' title='bbox 2326 2173 2387 2225; x_wconf 85' lang='grc' dir='ltr'>οὐ</span> <span class='ocrx_word' id='word_1_329' title='bbox 2415 2172 2536 2226; x_wconf 80' lang='grc' dir='ltr'>καθ’</span> <span class='ocrx_word' id='word_1_330' title='bbox 2570 2171 2665 2236; x_wconf 72' lang='grc' dir='ltr'>οὓς</span> <span class='ocrx_word' id='word_1_331' title='bbox 2697 2174 2998 2246; x_wconf 76' lang='grc' dir='ltr'><strong>ἐλέχθησαν</strong></span> <span class='ocrx_word' id='word_1_332' title='bbox 3028 2176 3272 2248; x_wconf 86' lang='grc' dir='ltr'>χρόνους,</span> <span class='ocrx_word' id='word_1_333' title='bbox 3311 2176 3449 2231; x_wconf 89' lang='grc' dir='ltr'><strong>ἀλλά</strong></span> <span class='ocrx_word' id='word_1_334' title='bbox 3477 2177 3600 2231; x_wconf 83' lang='grc' dir='ltr'>καθ’</span> <span class='ocrx_word' id='word_1_335' title='bbox 3626 2179 3731 2243; x_wconf 78' lang='grc' dir='ltr'>οὓς</span> 
     </span>
    </p>
   </div>
   <div class='ocr_carea' id='block_1_48' title="bbox 2147 2262 3729 2339">
    <p class='ocr_par' dir='ltr' id='par_1_48' title="bbox 2147 2262 3729 2339">
     <span class='ocr_line' id='line_1_48' title="bbox 2147 2262 3729 2339; baseline 0.005 -23"><span class='ocrx_word' id='word_1_336' title='bbox 2147 2262 2424 2336; x_wconf 75' lang='grc' dir='ltr'>εὕρηνται.</span> <span class='ocrx_word' id='word_1_337' title='bbox 2460 2262 2651 2315; x_wconf 81' lang='grc' dir='ltr'>Ἔνθεν</span> <span class='ocrx_word' id='word_1_338' title='bbox 2685 2265 2955 2335; x_wconf 74' lang='grc' dir='ltr'>συμϐῆναι</span> <span class='ocrx_word' id='word_1_339' title='bbox 2994 2266 3120 2330; x_wconf 77' lang='grc' dir='ltr'>τοὺς</span> <span class='ocrx_word' id='word_1_340' title='bbox 3158 2270 3269 2330; x_wconf 84' lang='grc' dir='ltr'>τοῖς</span> <span class='ocrx_word' id='word_1_341' title='bbox 3302 2267 3516 2339; x_wconf 85' lang='grc' dir='ltr'>χρόνοις</span> <span class='ocrx_word' id='word_1_342' title='bbox 3559 2269 3729 2326; x_wconf 74' lang='grc' dir='ltr'>ὁστέ-</span> 
     </span>
    </p>
   </div>
   <div class='ocr_carea' id='block_1_49' title="bbox 2151 2352 3733 2434">
    <p class='ocr_par' dir='ltr' id='par_1_49' title="bbox 2151 2352 3733 2434">
     <span class='ocr_line' id='line_1_49' title="bbox 2151 2352 3733 2434; baseline 0.004 -26"><span class='ocrx_word' id='word_1_343' title='bbox 2151 2373 2274 2427; x_wconf 86' lang='grc' dir='ltr'>ρους</span> <span class='ocrx_word' id='word_1_344' title='bbox 2302 2352 2546 2429; x_wconf 84' lang='grc' dir='ltr'>πρώτους</span> <span class='ocrx_word' id='word_1_345' title='bbox 2569 2354 2895 2425; x_wconf 78' lang='grc' dir='ltr'>εὑρεθέντας</span> <span class='ocrx_word' id='word_1_346' title='bbox 2928 2356 3301 2429; x_wconf 78' lang='grc' dir='ltr'>ἀναληφθῆναι</span> <span class='ocrx_word' id='word_1_347' title='bbox 3324 2358 3595 2434; x_wconf 70' lang='grc' dir='ltr'>πρώτους,</span> <span class='ocrx_word' id='word_1_348' title='bbox 3626 2360 3733 2415; x_wconf 75' lang='grc' dir='ltr'>καὶ</span> 
     </span>
    </p>
   </div>
   <div class='ocr_carea' id='block_1_50' title="bbox 2145 2446 3728 2523">
    <p class='ocr_par' dir='ltr' id='par_1_50' title="bbox 2145 2446 3728 2523">
     <span class='ocr_line' id='line_1_50' title="bbox 2145 2446 3728 2523; baseline 0.006 -24"><span class='ocrx_word' id='word_1_349' title='bbox 2145 2449 2271 2510; x_wconf 84' lang='grc' dir='ltr'>τοὺς</span> <span class='ocrx_word' id='word_1_350' title='bbox 2288 2450 2401 2509; x_wconf 87' lang='grc' dir='ltr'>τοῖς</span> <span class='ocrx_word' id='word_1_351' title='bbox 2419 2446 2630 2518; x_wconf 82' lang='grc' dir='ltr'>χρόνοις</span> <span class='ocrx_word' id='word_1_352' title='bbox 2657 2448 2973 2523; x_wconf 83' lang='grc' dir='ltr'>προτέρους,</span> <span class='ocrx_word' id='word_1_353' title='bbox 3007 2451 3146 2522; x_wconf 87' lang='grc' dir='ltr'><strong>μετά</strong></span> <span class='ocrx_word' id='word_1_354' title='bbox 3167 2451 3338 2505; x_wconf 81' lang='grc' dir='ltr'>ταῦτα</span> <span class='ocrx_word' id='word_1_355' title='bbox 3361 2453 3728 2523; x_wconf 75' lang='grc' dir='ltr'>εὖρημένους,</span> 
     </span>
    </p>
   </div>
   <div class='ocr_carea' id='block_1_51' title="bbox 2143 2536 3730 2615">
    <p class='ocr_par' dir='ltr' id='par_1_51' title="bbox 2143 2536 3730 2615">
     <span class='ocr_line' id='line_1_51' title="bbox 2143 2536 3730 2615; baseline 0.006 -27"><span class='ocrx_word' id='word_1_356' title='bbox 2143 2536 2201 2592; x_wconf 81' lang='grc' dir='ltr'>ὲν</span> <span class='ocrx_word' id='word_1_357' title='bbox 2232 2539 2457 2609; x_wconf 72' lang='grc' dir='ltr'>δευτέρᾳ</span> <span class='ocrx_word' id='word_1_358' title='bbox 2487 2539 2858 2609; x_wconf 79' lang='grc' dir='ltr'>καταταγῆναι</span> <span class='ocrx_word' id='word_1_359' title='bbox 2885 2539 3060 2613; x_wconf 71' lang='grc' dir='ltr'>χώρᾳ.</span> <span class='ocrx_word' id='word_1_360' title='bbox 3091 2542 3275 2597; x_wconf 76' lang='grc' dir='ltr'>Ταῦτα</span> <span class='ocrx_word' id='word_1_361' title='bbox 3319 2544 3416 2614; x_wconf 81' lang='grc' dir='ltr'>μὲν</span> <span class='ocrx_word' id='word_1_362' title='bbox 3454 2541 3548 2597; x_wconf 77' lang='grc' dir='ltr'>οὖν</span> <span class='ocrx_word' id='word_1_363' title='bbox 3586 2546 3730 2615; x_wconf 77' lang='grc' dir='ltr'>ἡμῖν</span> 
     </span>
    </p>
   </div>
   <div class='ocr_carea' id='block_1_52' title="bbox 484 2634 3731 2711">
    <p class='ocr_par' dir='ltr' id='par_1_52' title="bbox 484 2634 3731 2711">
     <span class='ocr_line' id='line_1_52' title="bbox 484 2634 3731 2711; baseline 0 -24"><span class='ocrx_word' id='word_1_364' title='bbox 484 2635 564 2699; x_wconf 87' lang='grc' dir='ltr'><strong>είς</strong></span> <span class='ocrx_word' id='word_1_365' title='bbox 599 2634 695 2707; x_wconf 84' lang='grc' dir='ltr'><strong>τὴν</strong></span> <span class='ocrx_word' id='word_1_366' title='bbox 739 2635 1098 2707; x_wconf 87' lang='grc' dir='ltr'>προταθεῖσαν</span> <span class='ocrx_word' id='word_1_367' title='bbox 1141 2636 1367 2709; x_wconf 79' lang='grc' dir='ltr'>ζήτησιν</span> <span class='ocrx_word' id='word_1_368' title='bbox 1415 2637 1477 2703; x_wconf 72' lang='grc' dir='ltr'>ἐξ</span> <span class='ocrx_word' id='word_1_369' title='bbox 1523 2640 1747 2694; x_wconf 84' lang='grc' dir='ltr'>εἰκότων</span> <span class='ocrx_word' id='word_1_370' title='bbox 1788 2636 2045 2711; x_wconf 74' lang='grc' dir='ltr'>εἰρήσθω.</span> <span class='ocrx_word' id='word_1_371' title='bbox 2087 2636 2225 2707; x_wconf 82' lang='grc' dir='ltr'>Ἤδη</span> <span class='ocrx_word' id='word_1_372' title='bbox 2255 2636 2312 2688; x_wconf 79' lang='grc' dir='ltr'>δὲ</span> <span class='ocrx_word' id='word_1_373' title='bbox 2378 2635 2474 2689; x_wconf 75' lang='grc' dir='ltr'>καὶ</span> <span class='ocrx_word' id='word_1_374' title='bbox 2513 2634 2622 2689; x_wconf 86' lang='grc' dir='ltr'><strong>τῶν</strong></span> <span class='ocrx_word' id='word_1_375' title='bbox 2662 2635 3049 2707; x_wconf 75' lang='grc' dir='ltr'>ἐμφερομένων</span> <span class='ocrx_word' id='word_1_376' title='bbox 3095 2635 3154 2689; x_wconf 82' lang='grc' dir='ltr'>ὲν</span> <span class='ocrx_word' id='word_1_377' title='bbox 3199 2635 3277 2707; x_wconf 85' lang='grc' dir='ltr'>τῷ</span> <span class='ocrx_word' id='word_1_378' title='bbox 3317 2635 3455 2707; x_wconf 88' lang='grc' dir='ltr'><strong>μετά</strong></span> <span class='ocrx_word' id='word_1_379' title='bbox 3532 2639 3731 2707; x_wconf 82' lang='grc' dir='ltr'>χεῖρας</span> 
     </span>
    </p>
   </div>
   <div class='ocr_carea' id='block_1_53' title="bbox 481 2728 1255 2804">
    <p class='ocr_par' dir='ltr' id='par_1_53' title="bbox 481 2728 1255 2804">
     <span class='ocr_line' id='line_1_53' title="bbox 481 2728 1255 2804; baseline 0.012 -25"><span class='ocrx_word' id='word_1_380' title='bbox 481 2728 680 2802; x_wconf 78' lang='grc' dir='ltr'>ψαλμῷ</span> <span class='ocrx_word' id='word_1_381' title='bbox 707 2729 1015 2800; x_wconf 78' lang='grc' dir='ltr'>ἐφάψασθαι</span> <span class='ocrx_word' id='word_1_382' title='bbox 1045 2733 1255 2804; x_wconf 88' lang='grc' dir='ltr'>καιρός.</span> 
     </span>
    </p>
   </div>
   <div class='ocr_carea' id='block_1_54' title="bbox 552 2818 2044 2892">
    <p class='ocr_par' dir='ltr' id='par_1_54' title="bbox 552 2818 2044 2892">
     <span class='ocr_line' id='line_1_54' title="bbox 552 2818 2044 2892; baseline 0.004 -20"><span class='ocrx_word' id='word_1_383' title='bbox 552 2818 688 2872; x_wconf 86' lang='lat' dir='ltr'><strong>Cum</strong></span> <span class='ocrx_word' id='word_1_384' title='bbox 752 2820 867 2889; x_wconf 89' lang='lat' dir='ltr'><strong>pari</strong></span> <span class='ocrx_word' id='word_1_385' title='bbox 921 2826 1083 2888; x_wconf 85' lang='lat' dir='ltr'><strong>atque</strong></span> <span class='ocrx_word' id='word_1_386' title='bbox 1132 2821 1315 2875; x_wconf 56' lang='grc' dir='ltr'>επιετί</span> <span class='ocrx_word' id='word_1_387' title='bbox 1363 2823 1637 2892; x_wconf 76' lang='lat' dir='ltr'><strong>pr0pbette</strong></span> <span class='ocrx_word' id='word_1_388' title='bbox 1681 2824 1842 2879; x_wconf 89' lang='lat' dir='ltr'><strong>modo</strong></span> <span class='ocrx_word' id='word_1_389' title='bbox 1873 2822 2044 2878; x_wconf 87' lang='lat' dir='ltr'><strong>David</strong></span> 
     </span>
    </p>
   </div>
   <div class='ocr_carea' id='block_1_55' title="bbox 482 2910 2043 2986">
    <p class='ocr_par' dir='ltr' id='par_1_55' title="bbox 482 2910 2043 2986">
     <span class='ocr_line' id='line_1_55' title="bbox 482 2910 2043 2986; baseline 0.006 -22"><span class='ocrx_word' id='word_1_390' title='bbox 482 2919 691 2964; x_wconf 86' lang='lat' dir='ltr'><strong>erraret</strong></span> <span class='ocrx_word' id='word_1_391' title='bbox 713 2910 766 2963; x_wconf 93' lang='lat' dir='ltr'><strong>in</strong></span> <span class='ocrx_word' id='word_1_392' title='bbox 796 2910 1204 2975; x_wconf 79' lang='lat' dir='ltr'><strong>solitudinibus,</strong></span> <span class='ocrx_word' id='word_1_393' title='bbox 1249 2912 1303 2966; x_wconf 92' lang='lat' dir='ltr'><strong>in</strong></span> <span class='ocrx_word' id='word_1_394' title='bbox 1339 2914 1639 2979; x_wconf 89' lang='lat' dir='ltr'><strong>montibus,</strong></span> <span class='ocrx_word' id='word_1_395' title='bbox 1676 2915 1728 2968; x_wconf 89' lang='lat' dir='ltr'><strong>in</strong></span> <span class='ocrx_word' id='word_1_396' title='bbox 1765 2917 2043 2986; x_wconf 87' lang='lat' dir='ltr'><strong>speluncis</strong></span> 
     </span>
    </p>
   </div>
   <div class='ocr_carea' id='block_1_56' title="bbox 2217 2814 3731 2892">
    <p class='ocr_par' dir='ltr' id='par_1_56' title="bbox 2217 2814 3731 2892">
     <span class='ocr_line' id='line_1_56' title="bbox 2217 2814 3731 2892; baseline 0.003 -23"><span class='ocrx_word' id='word_1_397' title='bbox 2217 2815 2572 2886; x_wconf 85' lang='grc' dir='ltr'>Πλανώμενος</span> <span class='ocrx_word' id='word_1_398' title='bbox 2601 2814 2763 2868; x_wconf 76' lang='grc' dir='ltr'>Δαυῒδ</span> <span class='ocrx_word' id='word_1_399' title='bbox 2797 2815 2998 2886; x_wconf 80' lang='grc' dir='ltr'>ὁμοίως</span> <span class='ocrx_word' id='word_1_400' title='bbox 3029 2818 3139 2891; x_wconf 81' lang='grc' dir='ltr'>τοῖς</span> <span class='ocrx_word' id='word_1_401' title='bbox 3178 2816 3381 2881; x_wconf 83' lang='grc' dir='ltr'>λοιποῖς</span> <span class='ocrx_word' id='word_1_402' title='bbox 3411 2821 3731 2892; x_wconf 76' lang='grc' dir='ltr'>προφήταις</span> 
     </span>
    </p>
   </div>
   <div class='ocr_carea' id='block_1_57' title="bbox 2148 2907 3729 2980">
    <p class='ocr_par' dir='ltr' id='par_1_57' title="bbox 2148 2907 3729 2980">
     <span class='ocr_line' id='line_1_57' title="bbox 2148 2907 3729 2980; baseline 0.004 -20"><span class='ocrx_word' id='word_1_403' title='bbox 2148 2907 2206 2960; x_wconf 80' lang='grc' dir='ltr'>ὲν</span> <span class='ocrx_word' id='word_1_404' title='bbox 2238 2908 2493 2979; x_wconf 80' lang='grc' dir='ltr'>ἐρημίαις</span> <span class='ocrx_word' id='word_1_405' title='bbox 2524 2907 2618 2962; x_wconf 82' lang='grc' dir='ltr'><strong>καὶ</strong></span> <span class='ocrx_word' id='word_1_406' title='bbox 2639 2908 2810 2977; x_wconf 73' lang='grc' dir='ltr'>ὄρεσι,</span> <span class='ocrx_word' id='word_1_407' title='bbox 2844 2908 2936 2960; x_wconf 70' lang='grc' dir='ltr'>καὶ</span> <span class='ocrx_word' id='word_1_408' title='bbox 2958 2908 3258 2980; x_wconf 78' lang='grc' dir='ltr'>σπηλαίοις,</span> <span class='ocrx_word' id='word_1_409' title='bbox 3281 2910 3378 2963; x_wconf 77' lang='grc' dir='ltr'><strong>καὶ</strong></span> <span class='ocrx_word' id='word_1_410' title='bbox 3405 2914 3525 2976; x_wconf 85' lang='grc' dir='ltr'>ταῖς</span> <span class='ocrx_word' id='word_1_411' title='bbox 3558 2914 3729 2978; x_wconf 80' lang='grc' dir='ltr'>ὀπαῖς</span> 
     </span>
    </p>
   </div>
   <div class='ocr_carea' id='block_1_58' title="bbox 483 2997 2045 3079">
    <p class='ocr_par' dir='ltr' id='par_1_58' title="bbox 483 3000 2044 3076">
     <span class='ocr_line' id='line_1_58' title="bbox 483 3000 2044 3076; baseline 0.007 -21"><span class='ocrx_word' id='word_1_412' title='bbox 483 3008 539 3056; x_wconf 85' lang='lat' dir='ltr'><strong>et</strong></span> <span class='ocrx_word' id='word_1_413' title='bbox 588 3000 646 3055; x_wconf 85' lang='lat' dir='ltr'><strong>in</strong></span> <span class='ocrx_word' id='word_1_414' title='bbox 695 3000 1055 3058; x_wconf 86' lang='lat' dir='ltr'><strong>foraminibus</strong></span> <span class='ocrx_word' id='word_1_415' title='bbox 1106 3014 1297 3070; x_wconf 60' lang='lat' dir='ltr'><strong>terra),</strong></span> <span class='ocrx_word' id='word_1_416' title='bbox 1355 3008 1689 3063; x_wconf 81' lang='lat' dir='ltr'><strong>exercitatus</strong></span> <span class='ocrx_word' id='word_1_417' title='bbox 1744 3009 2044 3076; x_wconf 85' lang='lat' dir='ltr'><strong>laboribus,</strong></span> 
     </span>
    </p>
   </div>
   <div class='ocr_carea' id='block_1_59' title="bbox 2147 2997 3729 3079">
    <p class='ocr_par' dir='ltr' id='par_1_59' title="bbox 2147 2997 3729 3073">
     <span class='ocr_line' id='line_1_59' title="bbox 2147 2997 3729 3073; baseline 0.004 -23"><span class='ocrx_word' id='word_1_418' title='bbox 2147 2999 2243 3070; x_wconf 78' lang='grc' dir='ltr'>τῆς</span> <span class='ocrx_word' id='word_1_419' title='bbox 2269 2999 2393 3069; x_wconf 81' lang='grc' dir='ltr'>γῆς,</span> <span class='ocrx_word' id='word_1_420' title='bbox 2424 3001 2536 3061; x_wconf 82' lang='grc' dir='ltr'>τοῖς</span> <span class='ocrx_word' id='word_1_421' title='bbox 2561 3015 2619 3052; x_wconf 88' lang='grc' dir='ltr'><strong>τε</strong></span> <span class='ocrx_word' id='word_1_422' title='bbox 2655 2998 2753 3069; x_wconf 83' lang='grc' dir='ltr'>τῆς</span> <span class='ocrx_word' id='word_1_423' title='bbox 2789 2997 3133 3065; x_wconf 78' lang='grc' dir='ltr'>ἀνεξικακίας</span> <span class='ocrx_word' id='word_1_424' title='bbox 3161 3000 3341 3063; x_wconf 87' lang='grc' dir='ltr'>πόνοις</span> <span class='ocrx_word' id='word_1_425' title='bbox 3377 3002 3729 3073; x_wconf 76' lang='grc' dir='ltr'>ὲγγυμναζό-</span> 
     </span>
    </p>
   </div>
   <div class='ocr_carea' id='block_1_60' title="bbox 484 3092 2043 3171">
    <p class='ocr_par' dir='ltr' id='par_1_60' title="bbox 484 3092 2043 3171">
     <span class='ocr_line' id='line_1_60' title="bbox 484 3092 2043 3171; baseline 0.006 -25"><span class='ocrx_word' id='word_1_426' title='bbox 484 3108 624 3162; x_wconf 87' lang='lat' dir='ltr'><strong>quos</strong></span> <span class='ocrx_word' id='word_1_427' title='bbox 654 3092 759 3148; x_wconf 90' lang='lat' dir='ltr'><strong>sibi</strong></span> <span class='ocrx_word' id='word_1_428' title='bbox 786 3095 989 3149; x_wconf 85' lang='lat' dir='ltr'><strong>oblivio</strong></span> <span class='ocrx_word' id='word_1_429' title='bbox 1014 3095 1338 3165; x_wconf 89' lang='lat' dir='ltr'><strong>iujuriarum</strong></span> <span class='ocrx_word' id='word_1_430' title='bbox 1370 3108 1676 3168; x_wconf 88' lang='lat' dir='ltr'><strong>pepererat,</strong></span> <span class='ocrx_word' id='word_1_431' title='bbox 1714 3101 1859 3156; x_wconf 87' lang='lat' dir='ltr'><strong>hunc</strong></span> <span class='ocrx_word' id='word_1_432' title='bbox 1900 3116 2043 3171; x_wconf 83' lang='lat' dir='ltr'><strong>quo-</strong></span> 
     </span>
    </p>
   </div>
   <div class='ocr_carea' id='block_1_61' title="bbox 484 3184 2047 3264">
    <p class='ocr_par' dir='ltr' id='par_1_61' title="bbox 484 3184 2047 3264">
     <span class='ocr_line' id='line_1_61' title="bbox 484 3184 2047 3264; baseline 0.006 -27"><span class='ocrx_word' id='word_1_433' title='bbox 484 3200 590 3254; x_wconf 89' lang='lat' dir='ltr'><strong>que</strong></span> <span class='ocrx_word' id='word_1_434' title='bbox 621 3184 885 3254; x_wconf 90' lang='lat' dir='ltr'><strong>psalmum</strong></span> <span class='ocrx_word' id='word_1_435' title='bbox 913 3186 1131 3250; x_wconf 88' lang='lat' dir='ltr'><strong>cecinit,</strong></span> <span class='ocrx_word' id='word_1_436' title='bbox 1150 3188 1323 3242; x_wconf 84' lang='lat' dir='ltr'><strong>otium</strong></span> <span class='ocrx_word' id='word_1_437' title='bbox 1355 3190 1687 3256; x_wconf 88' lang='lat' dir='ltr'><strong>solitudinis,</strong></span> <span class='ocrx_word' id='word_1_438' title='bbox 1718 3191 1913 3248; x_wconf 68' lang='lat' dir='ltr'><strong>divinae</strong></span> <span class='ocrx_word' id='word_1_439' title='bbox 1934 3194 2047 3264; x_wconf 84' lang='lat' dir='ltr'><strong>phi-</strong></span> 
     </span>
    </p>
   </div>
   <div class='ocr_carea' id='block_1_62' title="bbox 486 3275 2045 3355">
    <p class='ocr_par' dir='ltr' id='par_1_62' title="bbox 486 3275 2045 3355">
     <span class='ocr_line' id='line_1_62' title="bbox 486 3275 2045 3355; baseline 0.008 -26"><span class='ocrx_word' id='word_1_440' title='bbox 486 3275 747 3345; x_wconf 75' lang='lat' dir='ltr'><strong>losophiae</strong></span> <span class='ocrx_word' id='word_1_441' title='bbox 778 3292 1105 3334; x_wconf 89' lang='lat' dir='ltr'><strong>cousecrans</strong></span> <span class='ocrx_word' id='word_1_442' title='bbox 1137 3297 1151 3333; x_wconf 91' lang='lat'><strong>:</strong></span> <span class='ocrx_word' id='word_1_443' title='bbox 1181 3279 1537 3351; x_wconf 78' lang='lat' dir='ltr'><strong>excitansque</strong></span> <span class='ocrx_word' id='word_1_444' title='bbox 1565 3298 1726 3337; x_wconf 88' lang='lat' dir='ltr'><strong>suum</strong></span> <span class='ocrx_word' id='word_1_445' title='bbox 1778 3299 1905 3355; x_wconf 89' lang='lat' dir='ltr'><strong>erga</strong></span> <span class='ocrx_word' id='word_1_446' title='bbox 1957 3300 2045 3341; x_wconf 90' lang='lat' dir='ltr'><strong>res</strong></span> 
     </span>
    </p>
   </div>
   <div class='ocr_carea' id='block_1_63' title="bbox 481 3364 2046 3445">
    <p class='ocr_par' dir='ltr' id='par_1_63' title="bbox 481 3364 2046 3445">
     <span class='ocr_line' id='line_1_63' title="bbox 481 3364 2046 3445; baseline 0.008 -26"><span class='ocrx_word' id='word_1_447' title='bbox 481 3364 699 3420; x_wconf 83' lang='lat' dir='ltr'><strong>divinas</strong></span> <span class='ocrx_word' id='word_1_448' title='bbox 735 3380 994 3427; x_wconf 84' lang='lat' dir='ltr'><strong>amorem.</strong></span> <span class='ocrx_word' id='word_1_449' title='bbox 1024 3368 1313 3424; x_wconf 89' lang='lat' dir='ltr'><strong>confitetur</strong></span> <span class='ocrx_word' id='word_1_450' title='bbox 1340 3372 1400 3426; x_wconf 87' lang='lat' dir='ltr'><strong>se</strong></span> <span class='ocrx_word' id='word_1_451' title='bbox 1431 3372 1856 3430; x_wconf 88' lang='lat' dir='ltr'><strong>immortalitatis</strong></span> <span class='ocrx_word' id='word_1_452' title='bbox 1878 3391 2046 3445; x_wconf 84' lang='lat' dir='ltr'><strong>pocu-</strong></span> 
     </span>
    </p>
   </div>
   <div class='ocr_carea' id='block_1_64' title="bbox 486 3456 2045 3528">
    <p class='ocr_par' dir='ltr' id='par_1_64' title="bbox 486 3456 2045 3528">
     <span class='ocr_line' id='line_1_64' title="bbox 486 3456 2045 3528; baseline 0.008 -17"><span class='ocrx_word' id='word_1_453' title='bbox 486 3456 596 3511; x_wconf 91' lang='lat' dir='ltr'><strong>lum</strong></span> <span class='ocrx_word' id='word_1_454' title='bbox 653 3458 845 3512; x_wconf 85' lang='lat' dir='ltr'><strong>sitire:</strong></span> <span class='ocrx_word' id='word_1_455' title='bbox 881 3474 1050 3528; x_wconf 84' lang='lat' dir='ltr'><strong>quare</strong></span> <span class='ocrx_word' id='word_1_456' title='bbox 1106 3459 1175 3514; x_wconf 86' lang='lat' dir='ltr'><strong>ad</strong></span> <span class='ocrx_word' id='word_1_457' title='bbox 1236 3459 1403 3518; x_wconf 90' lang='lat' dir='ltr'><strong>Deum</strong></span> <span class='ocrx_word' id='word_1_458' title='bbox 1447 3462 1521 3516; x_wconf 89' lang='lat' dir='ltr'><strong>ita</strong></span> <span class='ocrx_word' id='word_1_459' title='bbox 1565 3465 1811 3520; x_wconf 89' lang='lat' dir='ltr'><strong>clamat:</strong></span> <span class='ocrx_word' id='word_1_460' title='bbox 1846 3485 1865 3517; x_wconf 78' lang='grc' dir='ltr'><strong>ι</strong></span> <span class='ocrx_word' id='word_1_461' title='bbox 1903 3466 2045 3524; x_wconf 83' lang='lat' dir='ltr'><strong>Deus</strong></span> 
     </span>
    </p>
   </div>
   <div class='ocr_carea' id='block_1_65' title="bbox 488 3548 2046 3626">
    <p class='ocr_par' dir='ltr' id='par_1_65' title="bbox 488 3548 2046 3626">
     <span class='ocr_line' id='line_1_65' title="bbox 488 3548 2046 3626; baseline 0.009 -25"><span class='ocrx_word' id='word_1_462' title='bbox 488 3548 629 3605; x_wconf 85' lang='lat' dir='ltr'><strong>Deus</strong></span> <span class='ocrx_word' id='word_1_463' title='bbox 659 3565 813 3604; x_wconf 87' lang='lat' dir='ltr'><strong>meus</strong></span> <span class='ocrx_word' id='word_1_464' title='bbox 837 3590 854 3612; x_wconf 87' lang='lat'><strong>,</strong></span> <span class='ocrx_word' id='word_1_465' title='bbox 886 3550 953 3604; x_wconf 91' lang='lat' dir='ltr'><strong>ad</strong></span> <span class='ocrx_word' id='word_1_466' title='bbox 981 3558 1032 3607; x_wconf 93' lang='lat' dir='ltr'><strong>te</strong></span> <span class='ocrx_word' id='word_1_467' title='bbox 1055 3551 1122 3608; x_wconf 91' lang='lat' dir='ltr'><strong>de</strong></span> <span class='ocrx_word' id='word_1_468' title='bbox 1153 3553 1272 3610; x_wconf 89' lang='lat' dir='ltr'><strong>luce</strong></span> <span class='ocrx_word' id='word_1_469' title='bbox 1300 3556 1484 3626; x_wconf 86' lang='lat' dir='ltr'><strong>vigilo.</strong></span> <span class='ocrx_word' id='word_1_470' title='bbox 1518 3554 1699 3612; x_wconf 90' lang='lat' dir='ltr'><strong>Sitivit</strong></span> <span class='ocrx_word' id='word_1_471' title='bbox 1738 3558 1833 3613; x_wconf 92' lang='lat' dir='ltr'><strong>tibi</strong></span> <span class='ocrx_word' id='word_1_472' title='bbox 1864 3560 2046 3615; x_wconf 90' lang='lat' dir='ltr'><strong>anima</strong></span> 
     </span>
    </p>
   </div>
   <div class='ocr_carea' id='block_1_66' title="bbox 486 3640 2046 3709">
    <p class='ocr_par' dir='ltr' id='par_1_66' title="bbox 486 3640 2046 3709">
     <span class='ocr_line' id='line_1_66' title="bbox 486 3640 2046 3709; baseline 0.004 -16"><span class='ocrx_word' id='word_1_473' title='bbox 486 3654 810 3709; x_wconf 87' lang='lat' dir='ltr'><strong>mea,quam</strong></span> <span class='ocrx_word' id='word_1_474' title='bbox 868 3640 1187 3709; x_wconf 80' lang='lat' dir='ltr'><strong>simpliciter</strong></span> <span class='ocrx_word' id='word_1_475' title='bbox 1232 3643 1326 3700; x_wconf 86' lang='lat' dir='ltr'><strong>tibi</strong></span> <span class='ocrx_word' id='word_1_476' title='bbox 1382 3659 1703 3699; x_wconf 86' lang='lat' dir='ltr'><strong>caromea.</strong></span> <span class='ocrx_word' id='word_1_477' title='bbox 1739 3663 1759 3697; x_wconf 75' lang='grc' dir='ltr'><strong>ι</strong></span> <span class='ocrx_word' id='word_1_478' title='bbox 1797 3643 1903 3699; x_wconf 85' lang='lat' dir='ltr'><strong>Pro</strong></span> <span class='ocrx_word' id='word_1_479' title='bbox 1953 3646 2046 3699; x_wconf 86' lang='lat' dir='ltr'><strong>illo</strong></span> 
     </span>
    </p>
   </div>
   <div class='ocr_carea' id='block_1_67' title="bbox 485 3731 2043 3807">
    <p class='ocr_par' dir='ltr' id='par_1_67' title="bbox 485 3731 2043 3807">
     <span class='ocr_line' id='line_1_67' title="bbox 485 3731 2043 3807; baseline 0.006 -24"><span class='ocrx_word' id='word_1_480' title='bbox 485 3740 690 3793; x_wconf 86' lang='lat' dir='ltr'><strong>autem,</strong></span> <span class='ocrx_word' id='word_1_481' title='bbox 723 3750 741 3781; x_wconf 75' lang='grc' dir='ltr'><strong>ι</strong></span> <span class='ocrx_word' id='word_1_482' title='bbox 774 3745 936 3800; x_wconf 87' lang='lat' dir='ltr'><strong>quam</strong></span> <span class='ocrx_word' id='word_1_483' title='bbox 967 3731 1285 3802; x_wconf 90' lang='lat' dir='ltr'><strong>simpliciter</strong></span> <span class='ocrx_word' id='word_1_484' title='bbox 1316 3734 1414 3790; x_wconf 91' lang='lat' dir='ltr'><strong>tibi</strong></span> <span class='ocrx_word' id='word_1_485' title='bbox 1446 3749 1575 3790; x_wconf 85' lang='lat' dir='ltr'><strong>caro</strong></span> <span class='ocrx_word' id='word_1_486' title='bbox 1608 3751 1750 3798; x_wconf 83' lang='lat' dir='ltr'><strong>mea,</strong></span> <span class='ocrx_word' id='word_1_487' title='bbox 1776 3754 1795 3788; x_wconf 86' lang='grc'><strong>›</strong></span> <span class='ocrx_word' id='word_1_488' title='bbox 1828 3736 2043 3807; x_wconf 85' lang='lat' dir='ltr'><strong>Aquila,</strong></span> 
     </span>
    </p>
   </div>
   <div class='ocr_carea' id='block_1_68' title="bbox 490 3823 2043 3896">
    <p class='ocr_par' dir='ltr' id='par_1_68' title="bbox 490 3823 2043 3896">
     <span class='ocr_line' id='line_1_68' title="bbox 490 3823 2043 3896; baseline 0.006 -22"><span class='ocrx_word' id='word_1_489' title='bbox 490 3840 511 3874; x_wconf 76' lang='grc' dir='ltr'><strong>ι</strong></span> <span class='ocrx_word' id='word_1_490' title='bbox 544 3837 786 3891; x_wconf 83' lang='lat' dir='ltr'><strong>expansa</strong></span> <span class='ocrx_word' id='word_1_491' title='bbox 816 3829 901 3876; x_wconf 88' lang='lat' dir='ltr'><strong>est</strong></span> <span class='ocrx_word' id='word_1_492' title='bbox 947 3823 1042 3876; x_wconf 88' lang='lat' dir='ltr'><strong>tibi</strong></span> <span class='ocrx_word' id='word_1_493' title='bbox 1095 3837 1223 3877; x_wconf 86' lang='lat' dir='ltr'><strong>caro</strong></span> <span class='ocrx_word' id='word_1_494' title='bbox 1253 3840 1393 3889; x_wconf 89' lang='lat' dir='ltr'><strong>mea,</strong></span> <span class='ocrx_word' id='word_1_495' title='bbox 1431 3844 1451 3878; x_wconf 78' lang='grc' dir='ltr'><strong>ι</strong></span> <span class='ocrx_word' id='word_1_496' title='bbox 1501 3826 1890 3896; x_wconf 88' lang='lat' dir='ltr'><strong>interpretatus</strong></span> <span class='ocrx_word' id='word_1_497' title='bbox 1922 3838 2043 3895; x_wconf 88' lang='lat' dir='ltr'><strong>est;</strong></span> 
     </span>
    </p>
   </div>
   <div class='ocr_carea' id='block_1_69' title="bbox 487 3907 2047 3985">
    <p class='ocr_par' dir='ltr' id='par_1_69' title="bbox 487 3907 2047 3985">
     <span class='ocr_line' id='line_1_69' title="bbox 487 3907 2047 3985; baseline 0.004 -20"><span class='ocrx_word' id='word_1_498' title='bbox 487 3907 854 3981; x_wconf 86' lang='lat' dir='ltr'><strong>Symmachus</strong></span> <span class='ocrx_word' id='word_1_499' title='bbox 883 3927 1032 3976; x_wconf 92' lang='lat' dir='ltr'><strong>vero,</strong></span> <span class='ocrx_word' id='word_1_500' title='bbox 1073 3931 1092 3963; x_wconf 77' lang='grc' dir='ltr'><strong>ι</strong></span> <span class='ocrx_word' id='word_1_501' title='bbox 1129 3914 1469 3984; x_wconf 88' lang='lat' dir='ltr'><strong>concupiscit</strong></span> <span class='ocrx_word' id='word_1_502' title='bbox 1503 3923 1555 3970; x_wconf 92' lang='lat' dir='ltr'><strong>te</strong></span> <span class='ocrx_word' id='word_1_503' title='bbox 1577 3931 1705 3971; x_wconf 87' lang='lat' dir='ltr'><strong>caro</strong></span> <span class='ocrx_word' id='word_1_504' title='bbox 1732 3932 1848 3972; x_wconf 88' lang='lat' dir='ltr'><strong>mea</strong></span> <span class='ocrx_word' id='word_1_505' title='bbox 1874 3935 1889 3985; x_wconf 89' lang='lat'><strong>;</strong></span> <span class='ocrx_word' id='word_1_506' title='bbox 1918 3937 1936 3968; x_wconf 80' lang='grc' dir='ltr'><strong>ι</strong></span> <span class='ocrx_word' id='word_1_507' title='bbox 1974 3920 2047 3972; x_wconf 90' lang='lat' dir='ltr'><strong>ita</strong></span> 
     </span>
    </p>
   </div>
   <div class='ocr_carea' id='block_1_70' title="bbox 486 4000 2042 4076">
    <p class='ocr_par' dir='ltr' id='par_1_70' title="bbox 486 4000 2042 4076">
     <span class='ocr_line' id='line_1_70' title="bbox 486 4000 2042 4076; baseline 0.006 -23"><span class='ocrx_word' id='word_1_508' title='bbox 486 4006 546 4053; x_wconf 89' lang='lat' dir='ltr'><strong>ut</strong></span> <span class='ocrx_word' id='word_1_509' title='bbox 574 4015 683 4053; x_wconf 89' lang='lat' dir='ltr'><strong>non</strong></span> <span class='ocrx_word' id='word_1_510' title='bbox 717 4001 833 4055; x_wconf 87' lang='lat' dir='ltr'><strong>sola</strong></span> <span class='ocrx_word' id='word_1_511' title='bbox 861 4000 1077 4057; x_wconf 88' lang='lat' dir='ltr'><strong>Davidis</strong></span> <span class='ocrx_word' id='word_1_512' title='bbox 1100 4004 1281 4057; x_wconf 89' lang='lat' dir='ltr'><strong>anima</strong></span> <span class='ocrx_word' id='word_1_513' title='bbox 1316 4004 1382 4059; x_wconf 88' lang='lat' dir='ltr'><strong>ad</strong></span> <span class='ocrx_word' id='word_1_514' title='bbox 1418 4004 1587 4060; x_wconf 91' lang='lat' dir='ltr'><strong>Deum</strong></span> <span class='ocrx_word' id='word_1_515' title='bbox 1611 4006 2042 4076; x_wconf 74' lang='lat' dir='ltr'><strong>expanderetur,</strong></span> 
     </span>
    </p>
   </div>
   <div class='ocr_carea' id='block_1_71' title="bbox 488 4089 2042 4167">
    <p class='ocr_par' dir='ltr' id='par_1_71' title="bbox 488 4089 2042 4167">
     <span class='ocr_line' id='line_1_71' title="bbox 488 4089 2042 4167; baseline 0.006 -24"><span class='ocrx_word' id='word_1_516' title='bbox 488 4089 580 4143; x_wconf 89' lang='lat' dir='ltr'><strong>sed</strong></span> <span class='ocrx_word' id='word_1_517' title='bbox 610 4089 729 4157; x_wconf 89' lang='lat' dir='ltr'><strong>ipsa</strong></span> <span class='ocrx_word' id='word_1_518' title='bbox 767 4104 983 4159; x_wconf 88' lang='lat' dir='ltr'><strong>quoque</strong></span> <span class='ocrx_word' id='word_1_519' title='bbox 1016 4106 1143 4145; x_wconf 88' lang='lat' dir='ltr'><strong>caro</strong></span> <span class='ocrx_word' id='word_1_520' title='bbox 1192 4101 1243 4147; x_wconf 90' lang='lat' dir='ltr'><strong>et</strong></span> <span class='ocrx_word' id='word_1_521' title='bbox 1286 4109 1487 4163; x_wconf 89' lang='lat' dir='ltr'><strong>corpus</strong></span> <span class='ocrx_word' id='word_1_522' title='bbox 1514 4095 1667 4163; x_wconf 89' lang='lat' dir='ltr'><strong>ejus,</strong></span> <span class='ocrx_word' id='word_1_523' title='bbox 1701 4103 1888 4165; x_wconf 87' lang='lat' dir='ltr'><strong>utpote</strong></span> <span class='ocrx_word' id='word_1_524' title='bbox 1925 4098 2042 4167; x_wconf 92' lang='lat' dir='ltr'><strong>qui,</strong></span> 
     </span>
    </p>
   </div>
   <div class='ocr_carea' id='block_1_72' title="bbox 485 4178 2041 4256">
    <p class='ocr_par' dir='ltr' id='par_1_72' title="bbox 485 4178 2041 4256">
     <span class='ocr_line' id='line_1_72' title="bbox 485 4178 2041 4256; baseline 0.005 -22"><span class='ocrx_word' id='word_1_525' title='bbox 485 4195 608 4234; x_wconf 90' lang='lat' dir='ltr'><strong>cum</strong></span> <span class='ocrx_word' id='word_1_526' title='bbox 640 4178 746 4234; x_wconf 87' lang='lat' dir='ltr'><strong>Deo</strong></span> <span class='ocrx_word' id='word_1_527' title='bbox 770 4189 1012 4241; x_wconf 87' lang='lat' dir='ltr'><strong>vacaret,</strong></span> <span class='ocrx_word' id='word_1_528' title='bbox 1046 4189 1196 4237; x_wconf 88' lang='lat' dir='ltr'><strong>caste</strong></span> <span class='ocrx_word' id='word_1_529' title='bbox 1233 4191 1286 4238; x_wconf 92' lang='lat' dir='ltr'><strong>et</strong></span> <span class='ocrx_word' id='word_1_530' title='bbox 1327 4199 1462 4253; x_wconf 82' lang='lat' dir='ltr'><strong>pure</strong></span> <span class='ocrx_word' id='word_1_531' title='bbox 1486 4193 1687 4256; x_wconf 86' lang='lat' dir='ltr'><strong>ageret.</strong></span> <span class='ocrx_word' id='word_1_532' title='bbox 1718 4185 1853 4241; x_wconf 86' lang='lat' dir='ltr'><strong>Illud</strong></span> <span class='ocrx_word' id='word_1_533' title='bbox 1893 4203 2041 4253; x_wconf 88' lang='lat' dir='ltr'><strong>vero,</strong></span> 
     </span>
    </p>
   </div>
   <div class='ocr_carea' id='block_1_73' title="bbox 490 4271 2041 4348">
    <p class='ocr_par' dir='ltr' id='par_1_73' title="bbox 490 4271 2041 4348">
     <span class='ocr_line' id='line_1_73' title="bbox 490 4271 2041 4348; baseline 0.008 -25"><span class='ocrx_word' id='word_1_534' title='bbox 490 4291 509 4323; x_wconf 76' lang='grc' dir='ltr'><strong>ι</strong></span> <span class='ocrx_word' id='word_1_535' title='bbox 552 4271 694 4327; x_wconf 83' lang='lat' dir='ltr'><strong>Deus</strong></span> <span class='ocrx_word' id='word_1_536' title='bbox 729 4272 869 4328; x_wconf 87' lang='lat' dir='ltr'><strong>Deus</strong></span> <span class='ocrx_word' id='word_1_537' title='bbox 901 4290 1076 4335; x_wconf 90' lang='lat' dir='ltr'><strong>meus.</strong></span> <span class='ocrx_word' id='word_1_538' title='bbox 1110 4275 1175 4330; x_wconf 88' lang='lat' dir='ltr'><strong>ad</strong></span> <span class='ocrx_word' id='word_1_539' title='bbox 1205 4282 1262 4331; x_wconf 89' lang='lat' dir='ltr'><strong>te</strong></span> <span class='ocrx_word' id='word_1_540' title='bbox 1293 4274 1360 4332; x_wconf 85' lang='lat' dir='ltr'><strong>de</strong></span> <span class='ocrx_word' id='word_1_541' title='bbox 1392 4276 1513 4332; x_wconf 91' lang='lat' dir='ltr'><strong>luce</strong></span> <span class='ocrx_word' id='word_1_542' title='bbox 1545 4278 1730 4348; x_wconf 90' lang='lat' dir='ltr'><strong>vigilo,</strong></span> <span class='ocrx_word' id='word_1_543' title='bbox 1765 4298 1784 4332; x_wconf 75' lang='grc' dir='ltr'><strong>ι</strong></span> <span class='ocrx_word' id='word_1_544' title='bbox 1818 4291 2041 4336; x_wconf 87' lang='lat' dir='ltr'><strong>noctur-</strong></span> 
     </span>
    </p>
   </div>
   <div class='ocr_carea' id='block_1_74' title="bbox 2152 3086 3735 3165">
    <p class='ocr_par' dir='ltr' id='par_1_74' title="bbox 2152 3086 3735 3165">
     <span class='ocr_line' id='line_1_74' title="bbox 2152 3086 3735 3165; baseline 0.004 -23"><span class='ocrx_word' id='word_1_545' title='bbox 2152 3106 2330 3161; x_wconf 89' lang='grc' dir='ltr'>μενος,</span> <span class='ocrx_word' id='word_1_546' title='bbox 2358 3090 2453 3144; x_wconf 62' lang='grc' dir='ltr'><strong>καὶ⁸</strong></span> <span class='ocrx_word' id='word_1_547' title='bbox 2502 3090 2592 3143; x_wconf 89' lang='grc' dir='ltr'><strong>τὸν</strong></span> <span class='ocrx_word' id='word_1_548' title='bbox 2644 3090 2783 3162; x_wconf 87' lang='grc' dir='ltr'><strong>μετά</strong></span> <span class='ocrx_word' id='word_1_549' title='bbox 2815 3092 3001 3162; x_wconf 89' lang='grc' dir='ltr'>χεῖρας</span> <span class='ocrx_word' id='word_1_550' title='bbox 3031 3086 3124 3165; x_wconf 78' lang='grc' dir='ltr'>ᾖδε</span> <span class='ocrx_word' id='word_1_551' title='bbox 3166 3090 3400 3163; x_wconf 76' lang='grc' dir='ltr'>ψαλμὸν,</span> <span class='ocrx_word' id='word_1_552' title='bbox 3450 3096 3517 3165; x_wconf 77' lang='grc' dir='ltr'>τῇ</span> <span class='ocrx_word' id='word_1_553' title='bbox 3578 3095 3735 3149; x_wconf 81' lang='grc' dir='ltr'><strong>κατά</strong></span> 
     </span>
    </p>
   </div>
   <div class='ocr_carea' id='block_1_75' title="bbox 2146 3182 3729 3259">
    <p class='ocr_par' dir='ltr' id='par_1_75' title="bbox 2146 3182 3729 3259">
     <span class='ocr_line' id='line_1_75' title="bbox 2146 3182 3729 3259; baseline 0.003 -23"><span class='ocrx_word' id='word_1_554' title='bbox 2146 3183 2277 3237; x_wconf 89' lang='grc' dir='ltr'>Θεὸν</span> <span class='ocrx_word' id='word_1_555' title='bbox 2305 3183 2578 3246; x_wconf 76' lang='grc' dir='ltr'>ἀνατιθεὶς</span> <span class='ocrx_word' id='word_1_556' title='bbox 2597 3182 2882 3255; x_wconf 78' lang='grc' dir='ltr'>φιλοσοφίᾳ</span> <span class='ocrx_word' id='word_1_557' title='bbox 2908 3182 3004 3254; x_wconf 81' lang='grc' dir='ltr'>τὴν</span> <span class='ocrx_word' id='word_1_558' title='bbox 3023 3185 3113 3236; x_wconf 73' lang='grc' dir='ltr'><strong>ἐπὶ</strong></span> <span class='ocrx_word' id='word_1_559' title='bbox 3142 3182 3242 3252; x_wconf 81' lang='grc' dir='ltr'>τῆς</span> <span class='ocrx_word' id='word_1_560' title='bbox 3266 3185 3472 3256; x_wconf 79' lang='grc' dir='ltr'>ἐρήμου</span> <span class='ocrx_word' id='word_1_561' title='bbox 3500 3187 3729 3259; x_wconf 72' lang='grc' dir='ltr'>σχολήνο</span> 
     </span>
    </p>
   </div>
   <div class='ocr_carea' id='block_1_76' title="bbox 2146 3274 3729 3350">
    <p class='ocr_par' dir='ltr' id='par_1_76' title="bbox 2146 3274 3729 3350">
     <span class='ocr_line' id='line_1_76' title="bbox 2146 3274 3729 3350; baseline 0.001 -20"><span class='ocrx_word' id='word_1_562' title='bbox 2146 3277 2241 3331; x_wconf 70' lang='grc' dir='ltr'>καὶ</span> <span class='ocrx_word' id='word_1_563' title='bbox 2273 3276 2363 3330; x_wconf 91' lang='grc' dir='ltr'><strong>τὸν</strong></span> <span class='ocrx_word' id='word_1_564' title='bbox 2396 3274 2586 3329; x_wconf 76' lang='grc' dir='ltr'><strong>ἑαυτοῦ</strong></span> <span class='ocrx_word' id='word_1_565' title='bbox 2618 3275 2748 3346; x_wconf 78' lang='grc' dir='ltr'>περὶ</span> <span class='ocrx_word' id='word_1_566' title='bbox 2786 3274 2857 3328; x_wconf 88' lang='grc' dir='ltr'><strong>τά</strong></span> <span class='ocrx_word' id='word_1_567' title='bbox 2899 3274 3019 3329; x_wconf 87' lang='grc' dir='ltr'>θεῖα</span> <span class='ocrx_word' id='word_1_568' title='bbox 3052 3274 3227 3347; x_wconf 80' lang='grc' dir='ltr'>ἔρωτα</span> <span class='ocrx_word' id='word_1_569' title='bbox 3257 3275 3558 3350; x_wconf 84' lang='grc' dir='ltr'>διεγείρων,</span> <span class='ocrx_word' id='word_1_570' title='bbox 3588 3280 3729 3349; x_wconf 79' lang='grc' dir='ltr'>ὀμο-</span> 
     </span>
    </p>
   </div>
   <div class='ocr_carea' id='block_1_77' title="bbox 2145 3365 3727 3438">
    <p class='ocr_par' dir='ltr' id='par_1_77' title="bbox 2145 3365 3727 3438">
     <span class='ocr_line' id='line_1_77' title="bbox 2145 3365 3727 3438; baseline 0.003 -17"><span class='ocrx_word' id='word_1_571' title='bbox 2145 3368 2378 3436; x_wconf 89' lang='grc' dir='ltr'>λογείται</span> <span class='ocrx_word' id='word_1_572' title='bbox 2405 3366 2564 3438; x_wconf 73' lang='grc' dir='ltr'>διψῇν</span> <span class='ocrx_word' id='word_1_573' title='bbox 2590 3365 2684 3419; x_wconf 83' lang='grc' dir='ltr'>τοῦ</span> <span class='ocrx_word' id='word_1_574' title='bbox 2718 3366 2816 3438; x_wconf 83' lang='grc' dir='ltr'>τῆς</span> <span class='ocrx_word' id='word_1_575' title='bbox 2854 3365 3152 3430; x_wconf 86' lang='grc' dir='ltr'>ἀθανασίας</span> <span class='ocrx_word' id='word_1_576' title='bbox 3185 3367 3456 3438; x_wconf 86' lang='grc' dir='ltr'>πόματος·</span> <span class='ocrx_word' id='word_1_577' title='bbox 3483 3369 3565 3423; x_wconf 85' lang='grc' dir='ltr'><strong>διὸ</strong></span> <span class='ocrx_word' id='word_1_578' title='bbox 3592 3371 3727 3426; x_wconf 72' lang='grc' dir='ltr'>ἐϐόα</span> 
     </span>
    </p>
   </div>
   <div class='ocr_carea' id='block_1_78' title="bbox 2147 3456 3725 3533">
    <p class='ocr_par' dir='ltr' id='par_1_78' title="bbox 2147 3456 3725 3533">
     <span class='ocr_line' id='line_1_78' title="bbox 2147 3456 3725 3533; baseline 0.003 -21"><span class='ocrx_word' id='word_1_579' title='bbox 2147 3459 2282 3529; x_wconf 80' lang='grc' dir='ltr'>πρὸς</span> <span class='ocrx_word' id='word_1_580' title='bbox 2326 3459 2415 3512; x_wconf 91' lang='grc' dir='ltr'><strong>τὸν</strong></span> <span class='ocrx_word' id='word_1_581' title='bbox 2438 3457 2568 3512; x_wconf 83' lang='grc' dir='ltr'>Θεὸν</span> <span class='ocrx_word' id='word_1_582' title='bbox 2597 3457 2768 3527; x_wconf 83' lang='grc' dir='ltr'>λέγων</span> <span class='ocrx_word' id='word_1_583' title='bbox 2788 3473 2801 3485; x_wconf 92' lang='grc'><strong>·</strong></span> <span class='ocrx_word' id='word_1_584' title='bbox 2834 3476 2852 3508; x_wconf 76' lang='grc' dir='ltr'><strong>ι</strong></span> <span class='ocrx_word' id='word_1_585' title='bbox 2890 3457 2948 3510; x_wconf 89' lang='lat'><strong>&#39;0</strong></span> <span class='ocrx_word' id='word_1_586' title='bbox 2974 3456 3105 3520; x_wconf 89' lang='grc' dir='ltr'>Θεὸς</span> <span class='ocrx_word' id='word_1_587' title='bbox 3137 3459 3165 3510; x_wconf 90' lang='grc' dir='ltr'><strong>ό</strong></span> <span class='ocrx_word' id='word_1_588' title='bbox 3194 3457 3324 3522; x_wconf 89' lang='grc' dir='ltr'>Θεός</span> <span class='ocrx_word' id='word_1_589' title='bbox 3350 3476 3473 3529; x_wconf 85' lang='grc' dir='ltr'>μου,</span> <span class='ocrx_word' id='word_1_590' title='bbox 3504 3462 3641 3533; x_wconf 88' lang='grc' dir='ltr'>πρὸς</span> <span class='ocrx_word' id='word_1_591' title='bbox 3661 3464 3725 3517; x_wconf 73' lang='grc' dir='ltr'>σὲ</span> 
     </span>
    </p>
   </div>
   <div class='ocr_carea' id='block_1_79' title="bbox 2144 3548 3726 3623">
    <p class='ocr_par' dir='ltr' id='par_1_79' title="bbox 2144 3548 3726 3623">
     <span class='ocr_line' id='line_1_79' title="bbox 2144 3548 3726 3623; baseline 0.004 -20"><span class='ocrx_word' id='word_1_592' title='bbox 2144 3549 2398 3623; x_wconf 80' lang='grc' dir='ltr'>ὀρθρίζω.</span> <span class='ocrx_word' id='word_1_593' title='bbox 2445 3549 2693 3621; x_wconf 79' lang='grc' dir='ltr'>Ἐδίψησέ</span> <span class='ocrx_word' id='word_1_594' title='bbox 2728 3566 2809 3603; x_wconf 89' lang='grc' dir='ltr'><strong>σοι</strong></span> <span class='ocrx_word' id='word_1_595' title='bbox 2846 3551 2879 3621; x_wconf 80' lang='grc' dir='ltr'>ὴ</span> <span class='ocrx_word' id='word_1_596' title='bbox 2923 3548 3069 3620; x_wconf 71' lang='grc' dir='ltr'>ψυχή</span> <span class='ocrx_word' id='word_1_597' title='bbox 3108 3568 3229 3621; x_wconf 89' lang='grc' dir='ltr'>μου,</span> <span class='ocrx_word' id='word_1_598' title='bbox 3268 3551 3384 3616; x_wconf 88' lang='grc' dir='ltr'><strong>πῶς</strong></span> <span class='ocrx_word' id='word_1_599' title='bbox 3414 3553 3603 3619; x_wconf 84' lang='grc' dir='ltr'>ἁπλῶς</span> <span class='ocrx_word' id='word_1_600' title='bbox 3635 3572 3726 3609; x_wconf 75' lang='grc' dir='ltr'><strong>σοι</strong></span> 
     </span>
    </p>
   </div>
   <div class='ocr_carea' id='block_1_80' title="bbox 2145 3640 3723 3723">
    <p class='ocr_par' dir='ltr' id='par_1_80' title="bbox 2145 3640 3723 3723">
     <span class='ocr_line' id='line_1_80' title="bbox 2145 3640 3723 3723; baseline 0.004 -28"><span class='ocrx_word' id='word_1_601' title='bbox 2145 3645 2179 3713; x_wconf 83' lang='grc' dir='ltr'><strong>ἡ</strong></span> <span class='ocrx_word' id='word_1_602' title='bbox 2209 3640 2345 3715; x_wconf 81' lang='grc' dir='ltr'>σάρξ</span> <span class='ocrx_word' id='word_1_603' title='bbox 2379 3659 2503 3714; x_wconf 89' lang='grc' dir='ltr'>μου.</span> <span class='ocrx_word' id='word_1_604' title='bbox 2536 3662 2554 3695; x_wconf 70' lang='grc' dir='ltr'><strong>ι</strong></span> <span class='ocrx_word' id='word_1_605' title='bbox 2596 3643 2741 3696; x_wconf 67' lang='grc' dir='ltr'>Ἀντί</span> <span class='ocrx_word' id='word_1_606' title='bbox 2771 3642 2829 3696; x_wconf 80' lang='grc' dir='ltr'>δὲ</span> <span class='ocrx_word' id='word_1_607' title='bbox 2861 3641 2977 3707; x_wconf 81' lang='grc' dir='ltr'>τοῦ,</span> <span class='ocrx_word' id='word_1_608' title='bbox 3008 3662 3026 3694; x_wconf 78' lang='grc' dir='ltr'><strong>ι</strong></span> <span class='ocrx_word' id='word_1_609' title='bbox 3056 3643 3171 3708; x_wconf 81' lang='grc' dir='ltr'><strong>πῶς</strong></span> <span class='ocrx_word' id='word_1_610' title='bbox 3198 3644 3382 3709; x_wconf 86' lang='grc' dir='ltr'>ἁπλῶς</span> <span class='ocrx_word' id='word_1_611' title='bbox 3416 3650 3545 3718; x_wconf 89' lang='grc' dir='ltr'>σοιή</span> <span class='ocrx_word' id='word_1_612' title='bbox 3578 3648 3723 3723; x_wconf 80' lang='grc' dir='ltr'>σάρξ</span> 
     </span>
    </p>
   </div>
   <div class='ocr_carea' id='block_1_81' title="bbox 2148 3733 3715 3809">
    <p class='ocr_par' dir='ltr' id='par_1_81' title="bbox 2148 3733 3715 3809">
     <span class='ocr_line' id='line_1_81' title="bbox 2148 3733 3715 3809; baseline 0.003 -22"><span class='ocrx_word' id='word_1_613' title='bbox 2148 3750 2267 3806; x_wconf 87' lang='grc' dir='ltr'>μου,</span> <span class='ocrx_word' id='word_1_614' title='bbox 2308 3753 2327 3785; x_wconf 72' lang='grc' dir='ltr'><strong>ι</strong></span> <span class='ocrx_word' id='word_1_615' title='bbox 2352 3734 2380 3785; x_wconf 96' lang='lat'><strong>6</strong></span> <span class='ocrx_word' id='word_1_616' title='bbox 2415 3734 2512 3805; x_wconf 83' lang='grc' dir='ltr'>μὲν</span> <span class='ocrx_word' id='word_1_617' title='bbox 2548 3733 2797 3798; x_wconf 83' lang='grc' dir='ltr'>Ἀκύλας,</span> <span class='ocrx_word' id='word_1_618' title='bbox 2836 3753 2855 3786; x_wconf 76' lang='grc' dir='ltr'><strong>ι</strong></span> <span class='ocrx_word' id='word_1_619' title='bbox 2897 3734 3132 3806; x_wconf 73' lang='grc' dir='ltr'>ἐπετάθη</span> <span class='ocrx_word' id='word_1_620' title='bbox 3168 3753 3248 3790; x_wconf 87' lang='grc' dir='ltr'><strong>σοι</strong></span> <span class='ocrx_word' id='word_1_621' title='bbox 3278 3738 3311 3807; x_wconf 85' lang='grc' dir='ltr'>ή</span> <span class='ocrx_word' id='word_1_622' title='bbox 3352 3737 3481 3809; x_wconf 77' lang='grc' dir='ltr'>σάρξ</span> <span class='ocrx_word' id='word_1_623' title='bbox 3525 3755 3651 3808; x_wconf 88' lang='grc' dir='ltr'>μου,</span> <span class='ocrx_word' id='word_1_624' title='bbox 3687 3758 3715 3791; x_wconf 75' lang='grc' dir='ltr'>ι</span> 
     </span>
    </p>
   </div>
   <div class='ocr_carea' id='block_1_82' title="bbox 2146 3822 3722 3901">
    <p class='ocr_par' dir='ltr' id='par_1_82' title="bbox 2146 3822 3722 3901">
     <span class='ocr_line' id='line_1_82' title="bbox 2146 3822 3722 3901; baseline 0.003 -23"><span class='ocrx_word' id='word_1_625' title='bbox 2146 3826 2483 3897; x_wconf 76' lang='grc' dir='ltr'>ἡρμήνευσεν</span> <span class='ocrx_word' id='word_1_626' title='bbox 2503 3842 2516 3856; x_wconf 93' lang='grc'><strong>·</strong></span> <span class='ocrx_word' id='word_1_627' title='bbox 2552 3827 2580 3881; x_wconf 91' lang='lat'><strong>6</strong></span> <span class='ocrx_word' id='word_1_628' title='bbox 2614 3825 2672 3878; x_wconf 86' lang='grc' dir='ltr'>δὲ</span> <span class='ocrx_word' id='word_1_629' title='bbox 2700 3822 3013 3896; x_wconf 81' lang='grc' dir='ltr'>Σύμμαχος,</span> <span class='ocrx_word' id='word_1_630' title='bbox 3044 3846 3061 3877; x_wconf 78' lang='grc' dir='ltr'><strong>ι</strong></span> <span class='ocrx_word' id='word_1_631' title='bbox 3097 3827 3389 3899; x_wconf 83' lang='grc' dir='ltr'>Ἰμείρεταί</span> <span class='ocrx_word' id='word_1_632' title='bbox 3422 3846 3476 3881; x_wconf 86' lang='grc' dir='ltr'><strong>σε</strong></span> <span class='ocrx_word' id='word_1_633' title='bbox 3508 3830 3542 3899; x_wconf 78' lang='grc' dir='ltr'><strong>ἡ</strong></span> <span class='ocrx_word' id='word_1_634' title='bbox 3572 3829 3722 3901; x_wconf 78' lang='grc' dir='ltr'>σάρξ</span> 
     </span>
    </p>
   </div>
   <div class='ocr_carea' id='block_1_83' title="bbox 2150 3917 3731 3992">
    <p class='ocr_par' dir='ltr' id='par_1_83' title="bbox 2150 3917 3731 3992">
     <span class='ocr_line' id='line_1_83' title="bbox 2150 3917 3731 3992; baseline 0.003 -22"><span class='ocrx_word' id='word_1_635' title='bbox 2150 3934 2282 3988; x_wconf 72' lang='grc' dir='ltr'>μουο</span> <span class='ocrx_word' id='word_1_636' title='bbox 2323 3937 2341 3970; x_wconf 74' lang='lat' dir='ltr'><strong>i</strong></span> <span class='ocrx_word' id='word_1_637' title='bbox 2378 3917 2519 3971; x_wconf 88' lang='grc' dir='ltr'>ῶστε</span> <span class='ocrx_word' id='word_1_638' title='bbox 2567 3918 2664 3988; x_wconf 83' lang='grc' dir='ltr'>οὐχ</span> <span class='ocrx_word' id='word_1_639' title='bbox 2718 3918 2751 3988; x_wconf 77' lang='grc' dir='ltr'><strong>ἡ</strong></span> <span class='ocrx_word' id='word_1_640' title='bbox 2793 3917 2938 3990; x_wconf 78' lang='grc' dir='ltr'>ψυχὴ</span> <span class='ocrx_word' id='word_1_641' title='bbox 2980 3918 3111 3989; x_wconf 88' lang='grc' dir='ltr'>μόνη</span> <span class='ocrx_word' id='word_1_642' title='bbox 3151 3920 3244 3973; x_wconf 81' lang='grc' dir='ltr'><strong>τοῦ</strong></span> <span class='ocrx_word' id='word_1_643' title='bbox 3269 3920 3431 3975; x_wconf 79' lang='grc' dir='ltr'>Δαυῒδ</span> <span class='ocrx_word' id='word_1_644' title='bbox 3460 3920 3592 3992; x_wconf 81' lang='grc' dir='ltr'>πρὸς</span> <span class='ocrx_word' id='word_1_645' title='bbox 3622 3922 3731 3975; x_wconf 74' lang='grc' dir='ltr'><strong>τὸν</strong></span> 
     </span>
    </p>
   </div>
   <div class='ocr_carea' id='block_1_84' title="bbox 2143 4006 3727 4083">
    <p class='ocr_par' dir='ltr' id='par_1_84' title="bbox 2143 4006 3727 4083">
     <span class='ocr_line' id='line_1_84' title="bbox 2143 4006 3727 4083; baseline 0.004 -22"><span class='ocrx_word' id='word_1_646' title='bbox 2143 4008 2272 4061; x_wconf 85' lang='grc' dir='ltr'>Θεὸν</span> <span class='ocrx_word' id='word_1_647' title='bbox 2325 4007 2535 4073; x_wconf 80' lang='grc' dir='ltr'>τέτατο,</span> <span class='ocrx_word' id='word_1_648' title='bbox 2585 4006 2719 4061; x_wconf 81' lang='grc' dir='ltr'><strong>ἀλλά</strong></span> <span class='ocrx_word' id='word_1_649' title='bbox 2772 4008 2866 4060; x_wconf 65' lang='grc' dir='ltr'><strong>καὶ¹</strong></span> <span class='ocrx_word' id='word_1_650' title='bbox 2908 4007 3045 4080; x_wconf 78' lang='grc' dir='ltr'>αὑτὴ</span> <span class='ocrx_word' id='word_1_651' title='bbox 3090 4011 3122 4080; x_wconf 83' lang='grc' dir='ltr'>ἠ</span> <span class='ocrx_word' id='word_1_652' title='bbox 3178 4011 3314 4083; x_wconf 75' lang='grc' dir='ltr'>σὰρξ</span> <span class='ocrx_word' id='word_1_653' title='bbox 3342 4013 3434 4066; x_wconf 82' lang='grc' dir='ltr'>καὶ</span> <span class='ocrx_word' id='word_1_654' title='bbox 3465 4012 3526 4065; x_wconf 88' lang='grc' dir='ltr'><strong>τὸ</strong></span> <span class='ocrx_word' id='word_1_655' title='bbox 3558 4011 3727 4083; x_wconf 84' lang='grc' dir='ltr'>σῶμα</span> 
     </span>
    </p>
   </div>
   <div class='ocr_carea' id='block_1_85' title="bbox 2145 4097 3723 4171">
    <p class='ocr_par' dir='ltr' id='par_1_85' title="bbox 2145 4097 3723 4171">
     <span class='ocr_line' id='line_1_85' title="bbox 2145 4097 3723 4171; baseline 0.002 -21"><span class='ocrx_word' id='word_1_656' title='bbox 2145 4097 2328 4161; x_wconf 79' lang='grc' dir='ltr'>αὑτοῦ,</span> <span class='ocrx_word' id='word_1_657' title='bbox 2378 4097 2695 4168; x_wconf 83' lang='grc' dir='ltr'>ἁγνεύοντος</span> <span class='ocrx_word' id='word_1_658' title='bbox 2723 4097 2920 4169; x_wconf 80' lang='grc' dir='ltr'>δηλαδὴ</span> <span class='ocrx_word' id='word_1_659' title='bbox 2953 4100 3046 4152; x_wconf 77' lang='grc' dir='ltr'>καὶ</span> <span class='ocrx_word' id='word_1_660' title='bbox 3079 4099 3473 4171; x_wconf 63' lang='grc' dir='ltr'>καθαρεύοντας</span> <span class='ocrx_word' id='word_1_661' title='bbox 3522 4101 3614 4156; x_wconf 81' lang='grc' dir='ltr'><strong>διά</strong></span> <span class='ocrx_word' id='word_1_662' title='bbox 3657 4102 3723 4155; x_wconf 82' lang='grc' dir='ltr'><strong>τὸ</strong></span> 
     </span>
    </p>
   </div>
   <div class='ocr_carea' id='block_1_86' title="bbox 2143 4188 3723 4261">
    <p class='ocr_par' dir='ltr' id='par_1_86' title="bbox 2143 4188 3723 4261">
     <span class='ocr_line' id='line_1_86' title="bbox 2143 4188 3723 4261; baseline 0.003 -19"><span class='ocrx_word' id='word_1_663' title='bbox 2143 4189 2219 4261; x_wconf 83' lang='grc' dir='ltr'>τῷ</span> <span class='ocrx_word' id='word_1_664' title='bbox 2263 4189 2381 4261; x_wconf 80' lang='grc' dir='ltr'><strong>Θεῷ</strong></span> <span class='ocrx_word' id='word_1_665' title='bbox 2424 4188 2719 4260; x_wconf 78' lang='grc' dir='ltr'>σχολάζειν.</span> <span class='ocrx_word' id='word_1_666' title='bbox 2768 4189 2878 4243; x_wconf 73' lang='grc' dir='ltr'><strong>Καὶ</strong></span> <span class='ocrx_word' id='word_1_667' title='bbox 2923 4189 2984 4243; x_wconf 87' lang='grc' dir='ltr'><strong>τὸ</strong></span> <span class='ocrx_word' id='word_1_668' title='bbox 3037 4190 3214 4259; x_wconf 82' lang='grc' dir='ltr'>λέγειν</span> <span class='ocrx_word' id='word_1_669' title='bbox 3244 4190 3320 4255; x_wconf 81' lang='grc' dir='ltr'>δὲ,</span> <span class='ocrx_word' id='word_1_670' title='bbox 3360 4211 3387 4245; x_wconf 61' lang='grc' dir='ltr'>ιη</span> <span class='ocrx_word' id='word_1_671' title='bbox 3422 4192 3482 4245; x_wconf 84' lang='grc' dir='ltr'>ὐ</span> <span class='ocrx_word' id='word_1_672' title='bbox 3511 4192 3649 4255; x_wconf 86' lang='grc' dir='ltr'>Θεὸς</span> <span class='ocrx_word' id='word_1_673' title='bbox 3689 4193 3723 4246; x_wconf 86' lang='lat'><strong>6</strong></span> 
     </span>
    </p>
   </div>
   <div class='ocr_carea' id='block_1_87' title="bbox 2142 4278 3725 4355">
    <p class='ocr_par' dir='ltr' id='par_1_87' title="bbox 2142 4278 3725 4355">
     <span class='ocr_line' id='line_1_87' title="bbox 2142 4278 3725 4355; baseline 0.001 -20"><span class='ocrx_word' id='word_1_674' title='bbox 2142 4281 2273 4346; x_wconf 85' lang='grc' dir='ltr'>Θεός</span> <span class='ocrx_word' id='word_1_675' title='bbox 2305 4299 2425 4353; x_wconf 89' lang='grc' dir='ltr'>μου,</span> <span class='ocrx_word' id='word_1_676' title='bbox 2456 4281 2592 4354; x_wconf 88' lang='grc' dir='ltr'>πρὸς</span> <span class='ocrx_word' id='word_1_677' title='bbox 2643 4281 2705 4334; x_wconf 72' lang='grc' dir='ltr'><strong>σε</strong></span> <span class='ocrx_word' id='word_1_678' title='bbox 2750 4280 3004 4353; x_wconf 74' lang='grc' dir='ltr'>ὀρθρίζω,</span> <span class='ocrx_word' id='word_1_679' title='bbox 3034 4302 3053 4335; x_wconf 75' lang='grc' dir='ltr'><strong>ι</strong></span> <span class='ocrx_word' id='word_1_680' title='bbox 3085 4284 3492 4354; x_wconf 68' lang='grc' dir='ltr'>παραστατικὸν</span> <span class='ocrx_word' id='word_1_681' title='bbox 3518 4278 3588 4355; x_wconf 79' lang='grc' dir='ltr'>ἦν</span> <span class='ocrx_word' id='word_1_682' title='bbox 3620 4285 3725 4354; x_wconf 81' lang='grc' dir='ltr'><strong>τῆς</strong></span> 
     </span>
    </p>
   </div>
   <div class='ocr_carea' id='block_1_88' title="bbox 486 4365 2045 4450">
    <p class='ocr_par' dir='ltr' id='par_1_88' title="bbox 486 4365 2038 4443">
     <span class='ocr_line' id='line_1_88' title="bbox 486 4365 2038 4443; baseline 0.006 -25"><span class='ocrx_word' id='word_1_683' title='bbox 486 4380 568 4420; x_wconf 72' lang='lat' dir='ltr'><strong>nte</strong></span> <span class='ocrx_word' id='word_1_684' title='bbox 591 4379 703 4419; x_wconf 67' lang='lat' dir='ltr'><strong>Suae</strong></span> <span class='ocrx_word' id='word_1_685' title='bbox 733 4365 981 4435; x_wconf 89' lang='lat' dir='ltr'><strong>puritatis</strong></span> <span class='ocrx_word' id='word_1_686' title='bbox 1015 4374 1393 4437; x_wconf 76' lang='lat' dir='ltr'><strong>argumentum</strong></span> <span class='ocrx_word' id='word_1_687' title='bbox 1415 4375 1552 4423; x_wconf 86' lang='lat' dir='ltr'><strong>erat.</strong></span> <span class='ocrx_word' id='word_1_688' title='bbox 1592 4368 1761 4424; x_wconf 90' lang='lat' dir='ltr'><strong>Nemo</strong></span> <span class='ocrx_word' id='word_1_689' title='bbox 1782 4370 1926 4425; x_wconf 90' lang='lat' dir='ltr'><strong>enim</strong></span> <span class='ocrx_word' id='word_1_690' title='bbox 1944 4372 2038 4443; x_wconf 93' lang='lat' dir='ltr'><strong>qui</strong></span> 
     </span>
    </p>
   </div>
   <div class='ocr_carea' id='block_1_89' title="bbox 2147 4365 3723 4450">
    <p class='ocr_par' dir='ltr' id='par_1_89' title="bbox 2147 4371 3723 4446">
     <span class='ocr_line' id='line_1_89' title="bbox 2147 4371 3723 4446; baseline 0.001 -19"><span class='ocrx_word' id='word_1_691' title='bbox 2147 4374 2461 4444; x_wconf 78' lang='grc' dir='ltr'>νυκτερινῆς</span> <span class='ocrx_word' id='word_1_692' title='bbox 2508 4371 2895 4444; x_wconf 81' lang='grc' dir='ltr'>καθαρότητος.</span> <span class='ocrx_word' id='word_1_693' title='bbox 2956 4373 3142 4437; x_wconf 72' lang='grc' dir='ltr'>Οὐδεὶς</span> <span class='ocrx_word' id='word_1_694' title='bbox 3218 4374 3325 4446; x_wconf 67' lang='grc' dir='ltr'>γὰρ</span> <span class='ocrx_word' id='word_1_695' title='bbox 3383 4375 3441 4427; x_wconf 78' lang='grc' dir='ltr'>ὲν</span> <span class='ocrx_word' id='word_1_696' title='bbox 3506 4374 3723 4438; x_wconf 82' lang='grc' dir='ltr'>κοίταις</span> 
     </span>
    </p>
   </div>
   <div class='ocr_carea' id='block_1_90' title="bbox 483 4456 2042 4530">
    <p class='ocr_par' dir='ltr' id='par_1_90' title="bbox 483 4456 2042 4530">
     <span class='ocr_line' id='line_1_90' title="bbox 483 4456 2042 4530; baseline 0.005 -19"><span class='ocrx_word' id='word_1_697' title='bbox 483 4456 539 4511; x_wconf 90' lang='lat' dir='ltr'><strong>in</strong></span> <span class='ocrx_word' id='word_1_698' title='bbox 569 4457 842 4513; x_wconf 91' lang='lat' dir='ltr'><strong>cubilibus</strong></span> <span class='ocrx_word' id='word_1_699' title='bbox 870 4468 1030 4529; x_wconf 87' lang='lat' dir='ltr'><strong>atque</strong></span> <span class='ocrx_word' id='word_1_700' title='bbox 1059 4459 1414 4530; x_wconf 87' lang='lat' dir='ltr'><strong>impudicitiis</strong></span> <span class='ocrx_word' id='word_1_701' title='bbox 1437 4463 1677 4517; x_wconf 88' lang='lat' dir='ltr'><strong>animam</strong></span> <span class='ocrx_word' id='word_1_702' title='bbox 1705 4478 1858 4518; x_wconf 88' lang='lat' dir='ltr'><strong>suam</strong></span> <span class='ocrx_word' id='word_1_703' title='bbox 1889 4479 2042 4519; x_wconf 91' lang='lat' dir='ltr'><strong>com-</strong></span> 
     </span>
    </p>
   </div>
   <div class='ocr_carea' id='block_1_91' title="bbox 484 4551 2047 4627">
    <p class='ocr_par' dir='ltr' id='par_1_91' title="bbox 484 4551 2047 4627">
     <span class='ocr_line' id='line_1_91' title="bbox 484 4551 2047 4627; baseline 0.007 -24"><span class='ocrx_word' id='word_1_704' title='bbox 484 4551 856 4617; x_wconf 86' lang='lat' dir='ltr'><strong>maculaverit,</strong></span> <span class='ocrx_word' id='word_1_705' title='bbox 888 4568 1225 4623; x_wconf 81' lang='lat' dir='ltr'><strong>corporeque</strong></span> <span class='ocrx_word' id='word_1_706' title='bbox 1261 4554 1434 4623; x_wconf 91' lang='lat' dir='ltr'><strong>turpis</strong></span> <span class='ocrx_word' id='word_1_707' title='bbox 1474 4554 1897 4627; x_wconf 89' lang='lat' dir='ltr'><strong>immundusque</strong></span> <span class='ocrx_word' id='word_1_708' title='bbox 1929 4557 2047 4614; x_wconf 87' lang='lat' dir='ltr'><strong>fue-</strong></span> 
     </span>
    </p>
   </div>
   <div class='ocr_carea' id='block_1_92' title="bbox 482 4640 2043 4720">
    <p class='ocr_par' dir='ltr' id='par_1_92' title="bbox 482 4640 2043 4720">
     <span class='ocr_line' id='line_1_92' title="bbox 482 4640 2043 4720; baseline 0.008 -27"><span class='ocrx_word' id='word_1_709' title='bbox 482 4640 573 4699; x_wconf 89' lang='lat' dir='ltr'><strong>rit.</strong></span> <span class='ocrx_word' id='word_1_710' title='bbox 623 4642 827 4699; x_wconf 89' lang='lat' dir='ltr'><strong>talibus</strong></span> <span class='ocrx_word' id='word_1_711' title='bbox 876 4645 1050 4713; x_wconf 88' lang='lat' dir='ltr'><strong>possit</strong></span> <span class='ocrx_word' id='word_1_712' title='bbox 1103 4644 1180 4697; x_wconf 92' lang='lat' dir='ltr'><strong>uti</strong></span> <span class='ocrx_word' id='word_1_713' title='bbox 1216 4647 1461 4702; x_wconf 87' lang='lat' dir='ltr'><strong>vocibus.</strong></span> <span class='ocrx_word' id='word_1_714' title='bbox 1495 4646 1762 4703; x_wconf 71' lang='lat' dir='ltr'><strong>Caeterum</strong></span> <span class='ocrx_word' id='word_1_715' title='bbox 1812 4664 2043 4720; x_wconf 83' lang='lat' dir='ltr'><strong>magnus</strong></span> 
     </span>
    </p>
   </div>
   <div class='ocr_carea' id='block_1_93' title="bbox 483 4729 2043 4808">
    <p class='ocr_par' dir='ltr' id='par_1_93' title="bbox 483 4729 2043 4808">
     <span class='ocr_line' id='line_1_93' title="bbox 483 4729 2043 4808; baseline 0.009 -27"><span class='ocrx_word' id='word_1_716' title='bbox 483 4729 573 4782; x_wconf 90' lang='lat' dir='ltr'><strong>ille</strong></span> <span class='ocrx_word' id='word_1_717' title='bbox 604 4730 771 4786; x_wconf 87' lang='lat' dir='ltr'><strong>David</strong></span> <span class='ocrx_word' id='word_1_718' title='bbox 801 4732 985 4787; x_wconf 86' lang='lat' dir='ltr'><strong>fidenti</strong></span> <span class='ocrx_word' id='word_1_719' title='bbox 1014 4735 1371 4800; x_wconf 81' lang='lat' dir='ltr'><strong>conscientia,</strong></span> <span class='ocrx_word' id='word_1_720' title='bbox 1400 4751 1505 4790; x_wconf 92' lang='lat' dir='ltr'><strong>non</strong></span> <span class='ocrx_word' id='word_1_721' title='bbox 1531 4739 1850 4808; x_wconf 88' lang='lat' dir='ltr'><strong>simpliciter</strong></span> <span class='ocrx_word' id='word_1_722' title='bbox 1876 4739 2043 4795; x_wconf 91' lang='lat' dir='ltr'><strong>Deum</strong></span> 
     </span>
    </p>
   </div>
   <div class='ocr_carea' id='block_1_94' title="bbox 483 4820 2044 4899">
    <p class='ocr_par' dir='ltr' id='par_1_94' title="bbox 483 4820 2044 4899">
     <span class='ocr_line' id='line_1_94' title="bbox 483 4820 2044 4899; baseline 0.008 -27"><span class='ocrx_word' id='word_1_723' title='bbox 483 4820 788 4889; x_wconf 83' lang='lat' dir='ltr'><strong>invocabat,</strong></span> <span class='ocrx_word' id='word_1_724' title='bbox 823 4824 1033 4889; x_wconf 90' lang='lat' dir='ltr'><strong>dicens,</strong></span> <span class='ocrx_word' id='word_1_725' title='bbox 1071 4842 1089 4875; x_wconf 77' lang='grc' dir='ltr'><strong>ι</strong></span> <span class='ocrx_word' id='word_1_726' title='bbox 1122 4824 1302 4891; x_wconf 87' lang='lat' dir='ltr'><strong>Deus;</strong></span> <span class='ocrx_word' id='word_1_727' title='bbox 1338 4846 1356 4877; x_wconf 69' lang='grc' dir='ltr'><strong>ι</strong></span> <span class='ocrx_word' id='word_1_728' title='bbox 1392 4831 1485 4881; x_wconf 86' lang='lat' dir='ltr'><strong>sed</strong></span> <span class='ocrx_word' id='word_1_729' title='bbox 1516 4828 1600 4883; x_wconf 93' lang='lat' dir='ltr'><strong>bis</strong></span> <span class='ocrx_word' id='word_1_730' title='bbox 1615 4843 1737 4882; x_wconf 91' lang='lat' dir='ltr'><strong>eum</strong></span> <span class='ocrx_word' id='word_1_731' title='bbox 1758 4830 1916 4899; x_wconf 88' lang='lat' dir='ltr'><strong>quasi</strong></span> <span class='ocrx_word' id='word_1_732' title='bbox 1940 4830 2044 4885; x_wconf 90' lang='lat' dir='ltr'><strong>sibi</strong></span> 
     </span>
    </p>
   </div>
   <div class='ocr_carea' id='block_1_95' title="bbox 481 4905 2038 4985">
    <p class='ocr_par' dir='ltr' id='par_1_95' title="bbox 481 4905 2038 4985">
     <span class='ocr_line' id='line_1_95' title="bbox 481 4905 2038 4985; baseline 0.006 -24"><span class='ocrx_word' id='word_1_733' title='bbox 481 4914 760 4980; x_wconf 89' lang='lat' dir='ltr'><strong>proprium</strong></span> <span class='ocrx_word' id='word_1_734' title='bbox 804 4913 1029 4967; x_wconf 87' lang='lat' dir='ltr'><strong>ascribit</strong></span> <span class='ocrx_word' id='word_1_735' title='bbox 1062 4932 1078 4969; x_wconf 87' lang='lat'><strong>:</strong></span> <span class='ocrx_word' id='word_1_736' title='bbox 1114 4929 1282 4984; x_wconf 85' lang='lat' dir='ltr'><strong>quare</strong></span> <span class='ocrx_word' id='word_1_737' title='bbox 1325 4905 1535 4985; x_wconf 80' lang='lat' dir='ltr'><strong>adjicit,</strong></span> <span class='ocrx_word' id='word_1_738' title='bbox 1577 4935 1595 4967; x_wconf 78' lang='grc' dir='ltr'><strong>ι</strong></span> <span class='ocrx_word' id='word_1_739' title='bbox 1634 4916 1777 4972; x_wconf 88' lang='lat' dir='ltr'><strong>Deus</strong></span> <span class='ocrx_word' id='word_1_740' title='bbox 1809 4933 1981 4974; x_wconf 86' lang='lat' dir='ltr'><strong>meus.</strong></span> <span class='ocrx_word' id='word_1_741' title='bbox 2019 4937 2038 4971; x_wconf 75' lang='grc' dir='ltr'><strong>ι</strong></span> 
     </span>
    </p>
   </div>
   <div class='ocr_carea' id='block_1_96' title="bbox 482 4999 2042 5078">
    <p class='ocr_par' dir='ltr' id='par_1_96' title="bbox 482 4999 2042 5078">
     <span class='ocr_line' id='line_1_96' title="bbox 482 4999 2042 5078; baseline 0.008 -25"><span class='ocrx_word' id='word_1_742' title='bbox 482 4999 687 5055; x_wconf 80' lang='lat' dir='ltr'><strong>Deinde</strong></span> <span class='ocrx_word' id='word_1_743' title='bbox 717 5003 846 5072; x_wconf 89' lang='lat' dir='ltr'><strong>quia</strong></span> <span class='ocrx_word' id='word_1_744' title='bbox 892 5011 949 5056; x_wconf 92' lang='lat' dir='ltr'><strong>ut</strong></span> <span class='ocrx_word' id='word_1_745' title='bbox 979 5005 1084 5059; x_wconf 91' lang='lat' dir='ltr'><strong>sibi</strong></span> <span class='ocrx_word' id='word_1_746' title='bbox 1134 5007 1415 5076; x_wconf 89' lang='lat' dir='ltr'><strong>proprium</strong></span> <span class='ocrx_word' id='word_1_747' title='bbox 1470 5006 1635 5061; x_wconf 89' lang='lat' dir='ltr'><strong>Deum</strong></span> <span class='ocrx_word' id='word_1_748' title='bbox 1687 5011 2042 5078; x_wconf 87' lang='lat' dir='ltr'><strong>pronuntiare</strong></span> 
     </span>
    </p>
   </div>
   <div class='ocr_carea' id='block_1_97' title="bbox 481 5097 2042 5167">
    <p class='ocr_par' dir='ltr' id='par_1_97' title="bbox 481 5097 2042 5167">
     <span class='ocr_line' id='line_1_97' title="bbox 481 5097 2042 5167; baseline 0.007 -21"><span class='ocrx_word' id='word_1_749' title='bbox 481 5108 649 5148; x_wconf 89' lang='lat' dir='ltr'><strong>ausus</strong></span> <span class='ocrx_word' id='word_1_750' title='bbox 695 5103 834 5162; x_wconf 89' lang='lat' dir='ltr'><strong>erat,</strong></span> <span class='ocrx_word' id='word_1_751' title='bbox 876 5097 1000 5153; x_wconf 91' lang='lat' dir='ltr'><strong>talis</strong></span> <span class='ocrx_word' id='word_1_752' title='bbox 1041 5112 1209 5153; x_wconf 90' lang='lat' dir='ltr'><strong>ausus</strong></span> <span class='ocrx_word' id='word_1_753' title='bbox 1237 5105 1460 5154; x_wconf 86' lang='lat' dir='ltr'><strong>causam</strong></span> <span class='ocrx_word' id='word_1_754' title='bbox 1491 5100 1684 5155; x_wconf 82' lang='lat' dir='ltr'><strong>edocet</strong></span> <span class='ocrx_word' id='word_1_755' title='bbox 1715 5101 1802 5156; x_wconf 88' lang='lat' dir='ltr'><strong>his</strong></span> <span class='ocrx_word' id='word_1_756' title='bbox 1836 5100 2042 5167; x_wconf 81' lang='lat' dir='ltr'><strong>verbis,</strong></span> 
     </span>
    </p>
   </div>
   <div class='ocr_carea' id='block_1_98' title="bbox 486 5184 2042 5259">
    <p class='ocr_par' dir='ltr' id='par_1_98' title="bbox 486 5184 2042 5259">
     <span class='ocr_line' id='line_1_98' title="bbox 486 5184 2042 5259; baseline 0.006 -23"><span class='ocrx_word' id='word_1_757' title='bbox 486 5202 505 5236; x_wconf 86' lang='grc'><strong>‹</strong></span> <span class='ocrx_word' id='word_1_758' title='bbox 542 5184 624 5239; x_wconf 84' lang='lat' dir='ltr'><strong>Ad</strong></span> <span class='ocrx_word' id='word_1_759' title='bbox 662 5192 717 5240; x_wconf 89' lang='lat' dir='ltr'><strong>te</strong></span> <span class='ocrx_word' id='word_1_760' title='bbox 745 5185 813 5242; x_wconf 86' lang='lat' dir='ltr'><strong>de</strong></span> <span class='ocrx_word' id='word_1_761' title='bbox 882 5187 1004 5243; x_wconf 91' lang='lat' dir='ltr'><strong>luce</strong></span> <span class='ocrx_word' id='word_1_762' title='bbox 1049 5188 1234 5259; x_wconf 75' lang='lat' dir='ltr'><strong>vigilo.</strong></span> <span class='ocrx_word' id='word_1_763' title='bbox 1274 5187 1455 5245; x_wconf 89' lang='lat' dir='ltr'><strong>Sitivit</strong></span> <span class='ocrx_word' id='word_1_764' title='bbox 1502 5190 1601 5245; x_wconf 90' lang='lat' dir='ltr'><strong>tibi</strong></span> <span class='ocrx_word' id='word_1_765' title='bbox 1648 5192 1828 5246; x_wconf 88' lang='lat' dir='ltr'><strong>anima</strong></span> <span class='ocrx_word' id='word_1_766' title='bbox 1879 5207 1998 5247; x_wconf 91' lang='lat' dir='ltr'><strong>mea</strong></span> <span class='ocrx_word' id='word_1_767' title='bbox 2026 5234 2042 5259; x_wconf 89' lang='lat'><strong>,</strong></span> 
     </span>
    </p>
   </div>
   <div class='ocr_carea' id='block_1_99' title="bbox 482 5276 2043 5348">
    <p class='ocr_par' dir='ltr' id='par_1_99' title="bbox 482 5276 2043 5348">
     <span class='ocr_line' id='line_1_99' title="bbox 482 5276 2043 5348; baseline 0.006 -19"><span class='ocrx_word' id='word_1_768' title='bbox 482 5292 644 5347; x_wconf 89' lang='lat' dir='ltr'><strong>quam</strong></span> <span class='ocrx_word' id='word_1_769' title='bbox 678 5276 997 5348; x_wconf 86' lang='lat' dir='ltr'><strong>simpliciter</strong></span> <span class='ocrx_word' id='word_1_770' title='bbox 1030 5282 1129 5336; x_wconf 90' lang='lat' dir='ltr'><strong>tibi</strong></span> <span class='ocrx_word' id='word_1_771' title='bbox 1159 5297 1290 5337; x_wconf 90' lang='lat' dir='ltr'><strong>caro</strong></span> <span class='ocrx_word' id='word_1_772' title='bbox 1325 5297 1462 5337; x_wconf 89' lang='lat' dir='ltr'><strong>mea.</strong></span> <span class='ocrx_word' id='word_1_773' title='bbox 1495 5302 1514 5335; x_wconf 74' lang='grc' dir='ltr'><strong>ι</strong></span> <span class='ocrx_word' id='word_1_774' title='bbox 1546 5281 1679 5338; x_wconf 81' lang='lat' dir='ltr'><strong>Nam</strong></span> <span class='ocrx_word' id='word_1_775' title='bbox 1710 5284 1833 5339; x_wconf 86' lang='lat' dir='ltr'><strong>ideo</strong></span> <span class='ocrx_word' id='word_1_776' title='bbox 1878 5284 2043 5340; x_wconf 88' lang='lat' dir='ltr'><strong>Deum</strong></span> 
     </span>
    </p>
   </div>
   <div class='ocr_carea' id='block_1_100' title="bbox 482 5371 2044 5446">
    <p class='ocr_par' dir='ltr' id='par_1_100' title="bbox 482 5371 2044 5446">
     <span class='ocr_line' id='line_1_100' title="bbox 482 5371 2044 5446; baseline 0.005 -23"><span class='ocrx_word' id='word_1_777' title='bbox 482 5385 663 5424; x_wconf 87' lang='lat' dir='ltr'><strong>meum</strong></span> <span class='ocrx_word' id='word_1_778' title='bbox 691 5371 1033 5441; x_wconf 88' lang='lat' dir='ltr'><strong>compellavi,</strong></span> <span class='ocrx_word' id='word_1_779' title='bbox 1059 5374 1186 5443; x_wconf 89' lang='lat' dir='ltr'><strong>quia</strong></span> <span class='ocrx_word' id='word_1_780' title='bbox 1217 5374 1364 5427; x_wconf 92' lang='lat' dir='ltr'><strong>nullo</strong></span> <span class='ocrx_word' id='word_1_781' title='bbox 1389 5381 1755 5441; x_wconf 86' lang='lat' dir='ltr'><strong>terrenarum,</strong></span> <span class='ocrx_word' id='word_1_782' title='bbox 1801 5377 1888 5432; x_wconf 89' lang='lat' dir='ltr'><strong>vel</strong></span> <span class='ocrx_word' id='word_1_783' title='bbox 1924 5391 2044 5446; x_wconf 62' lang='lat' dir='ltr'><strong>quae</strong></span> 
     </span>
    </p>
   </div>
   <div class='ocr_carea' id='block_1_101' title="bbox 482 5462 2048 5537">
    <p class='ocr_par' dir='ltr' id='par_1_101' title="bbox 482 5462 2048 5537">
     <span class='ocr_line' id='line_1_101' title="bbox 482 5462 2048 5537; baseline 0.004 -20"><span class='ocrx_word' id='word_1_784' title='bbox 482 5462 657 5519; x_wconf 87' lang='lat' dir='ltr'><strong>oculis</strong></span> <span class='ocrx_word' id='word_1_785' title='bbox 687 5464 999 5520; x_wconf 89' lang='lat' dir='ltr'><strong>carnalibus</strong></span> <span class='ocrx_word' id='word_1_786' title='bbox 1023 5466 1417 5537; x_wconf 83' lang='lat' dir='ltr'><strong>percipiuntur,</strong></span> <span class='ocrx_word' id='word_1_787' title='bbox 1446 5484 1629 5525; x_wconf 90' lang='lat' dir='ltr'><strong>rerum</strong></span> <span class='ocrx_word' id='word_1_788' title='bbox 1671 5468 1946 5525; x_wconf 88' lang='lat' dir='ltr'><strong>desiderio</strong></span> <span class='ocrx_word' id='word_1_789' title='bbox 1972 5477 2048 5523; x_wconf 81' lang='lat' dir='ltr'><strong>te-</strong></span> 
     </span>
    </p>
   </div>
   <div class='ocr_carea' id='block_1_102' title="bbox 484 5558 2044 5636">
    <p class='ocr_par' dir='ltr' id='par_1_102' title="bbox 484 5558 2044 5636">
     <span class='ocr_line' id='line_1_102' title="bbox 484 5558 2044 5636; baseline 0.001 -24"><span class='ocrx_word' id='word_1_790' title='bbox 484 5574 636 5614; x_wconf 89' lang='lat' dir='ltr'><strong>neor.</strong></span> <span class='ocrx_word' id='word_1_791' title='bbox 672 5558 1136 5626; x_wconf 85' lang='lat' dir='ltr'><strong>Quemadmodum</strong></span> <span class='ocrx_word' id='word_1_792' title='bbox 1158 5562 1300 5619; x_wconf 89' lang='lat' dir='ltr'><strong>enim</strong></span> <span class='ocrx_word' id='word_1_793' title='bbox 1325 5564 1617 5636; x_wconf 81' lang='lat' dir='ltr'><strong>Apostolus</strong></span> <span class='ocrx_word' id='word_1_794' title='bbox 1646 5564 1785 5619; x_wconf 79' lang='lat' dir='ltr'><strong>dixit</strong></span> <span class='ocrx_word' id='word_1_795' title='bbox 1812 5583 1825 5618; x_wconf 88' lang='lat'>:</span> <span class='ocrx_word' id='word_1_796' title='bbox 1858 5584 1876 5616; x_wconf 73' lang='grc'><strong>(</strong></span> <span class='ocrx_word' id='word_1_797' title='bbox 1909 5560 2044 5617; x_wconf 82' lang='lat' dir='ltr'><strong>Vivo</strong></span> 
     </span>
    </p>
   </div>
   <div class='ocr_carea' id='block_1_103' title="bbox 484 5652 2038 5726">
    <p class='ocr_par' dir='ltr' id='par_1_103' title="bbox 484 5652 2038 5726">
     <span class='ocr_line' id='line_1_103' title="bbox 484 5652 2038 5726; baseline 0.007 -23"><span class='ocrx_word' id='word_1_798' title='bbox 484 5659 687 5715; x_wconf 80' lang='lat' dir='ltr'><strong>autem,</strong></span> <span class='ocrx_word' id='word_1_799' title='bbox 715 5652 829 5720; x_wconf 87' lang='lat' dir='ltr'><strong>jam</strong></span> <span class='ocrx_word' id='word_1_800' title='bbox 858 5667 968 5707; x_wconf 92' lang='lat' dir='ltr'><strong>non</strong></span> <span class='ocrx_word' id='word_1_801' title='bbox 987 5670 1109 5726; x_wconf 86' lang='lat' dir='ltr'><strong>ego,</strong></span> <span class='ocrx_word' id='word_1_802' title='bbox 1134 5655 1263 5713; x_wconf 85' lang='lat' dir='ltr'><strong>vivit</strong></span> <span class='ocrx_word' id='word_1_803' title='bbox 1293 5672 1418 5713; x_wconf 82' lang='lat' dir='ltr'><strong>vero</strong></span> <span class='ocrx_word' id='word_1_804' title='bbox 1448 5658 1500 5711; x_wconf 89' lang='lat' dir='ltr'><strong>iu</strong></span> <span class='ocrx_word' id='word_1_805' title='bbox 1533 5673 1616 5714; x_wconf 86' lang='lat' dir='ltr'><strong>me</strong></span> <span class='ocrx_word' id='word_1_806' title='bbox 1646 5656 1993 5722; x_wconf 70' lang='lat' dir='ltr'><strong>Christus“;</strong></span> <span class='ocrx_word' id='word_1_807' title='bbox 2019 5674 2038 5707; x_wconf 77' lang='grc' dir='ltr'><strong>ι</strong></span> 
     </span>
    </p>
   </div>
   <div class='ocr_carea' id='block_1_104' title="bbox 559 5761 980 5832">
    <p class='ocr_par' dir='ltr' id='par_1_104' title="bbox 559 5761 980 5832">
     <span class='ocr_line' id='line_1_104' title="bbox 559 5761 980 5832; baseline 0.01 -15"><span class='ocrx_word' id='word_1_808' title='bbox 559 5762 603 5794; x_wconf 70' lang='grc' dir='ltr'>ιο</span> <span class='ocrx_word' id='word_1_809' title='bbox 640 5761 754 5818; x_wconf 87' lang='lat' dir='ltr'><strong>Gal.</strong></span> <span class='ocrx_word' id='word_1_810' title='bbox 792 5782 853 5832; x_wconf 80' lang='grc' dir='ltr'><strong>ιι,</strong></span> <span class='ocrx_word' id='word_1_811' title='bbox 884 5766 980 5829; x_wconf 51' lang='lat' dir='ltr'><strong>eo,</strong></span> 
     </span>
    </p>
   </div>
   <div class='ocr_carea' id='block_1_105' title="bbox 2144 4461 3723 4533">
    <p class='ocr_par' dir='ltr' id='par_1_105' title="bbox 2144 4461 3723 4533">
     <span class='ocr_line' id='line_1_105' title="bbox 2144 4461 3723 4533; baseline -0.003 -16"><span class='ocrx_word' id='word_1_812' title='bbox 2144 4466 2238 4517; x_wconf 72' lang='grc' dir='ltr'><strong>καὶ</strong></span> <span class='ocrx_word' id='word_1_813' title='bbox 2288 4462 2595 4531; x_wconf 86' lang='grc' dir='ltr'>ἀσελγείαις</span> <span class='ocrx_word' id='word_1_814' title='bbox 2660 4463 2904 4533; x_wconf 76' lang='grc' dir='ltr'>ρυπάνας</span> <span class='ocrx_word' id='word_1_815' title='bbox 2979 4462 3172 4515; x_wconf 72' lang='grc' dir='ltr'>ἑαυτοῦ</span> <span class='ocrx_word' id='word_1_816' title='bbox 3230 4462 3326 4531; x_wconf 84' lang='grc' dir='ltr'>τὴν</span> <span class='ocrx_word' id='word_1_817' title='bbox 3390 4461 3593 4532; x_wconf 73' lang='grc' dir='ltr'>ψυχὴν,</span> <span class='ocrx_word' id='word_1_818' title='bbox 3624 4461 3723 4515; x_wconf 62' lang='grc' dir='ltr'><strong>καί⁵</strong></span> 
     </span>
    </p>
   </div>
   <div class='ocr_carea' id='block_1_106' title="bbox 2143 4547 3719 4626">
    <p class='ocr_par' dir='ltr' id='par_1_106' title="bbox 2143 4547 3719 4626">
     <span class='ocr_line' id='line_1_106' title="bbox 2143 4547 3719 4626; baseline -0.004 -17"><span class='ocrx_word' id='word_1_819' title='bbox 2143 4555 2203 4609; x_wconf 88' lang='grc' dir='ltr'><strong>τὸ</strong></span> <span class='ocrx_word' id='word_1_820' title='bbox 2236 4555 2397 4625; x_wconf 87' lang='grc' dir='ltr'>σῶμα</span> <span class='ocrx_word' id='word_1_821' title='bbox 2433 4554 2625 4626; x_wconf 74' lang='grc' dir='ltr'>μιαρὸς</span> <span class='ocrx_word' id='word_1_822' title='bbox 2671 4554 2746 4606; x_wconf 82' lang='grc' dir='ltr'><strong>ῶν</strong></span> <span class='ocrx_word' id='word_1_823' title='bbox 2801 4554 2896 4607; x_wconf 73' lang='grc' dir='ltr'>καὶ</span> <span class='ocrx_word' id='word_1_824' title='bbox 2938 4552 3245 4624; x_wconf 68' lang='grc' dir='ltr'>ἀκάθαρτος</span> <span class='ocrx_word' id='word_1_825' title='bbox 3265 4592 3281 4618; x_wconf 90' lang='grc'><strong>,</strong></span> <span class='ocrx_word' id='word_1_826' title='bbox 3314 4547 3422 4616; x_wconf 73' lang='grc' dir='ltr'>οἶός</span> <span class='ocrx_word' id='word_1_827' title='bbox 3451 4553 3498 4605; x_wconf 81' lang='grc' dir='ltr'>τ’</span> <span class='ocrx_word' id='word_1_828' title='bbox 3528 4552 3597 4607; x_wconf 80' lang='grc' dir='ltr'>ἂν</span> <span class='ocrx_word' id='word_1_829' title='bbox 3628 4551 3719 4625; x_wconf 81' lang='grc' dir='ltr'><strong>εἴη</strong></span> 
     </span>
    </p>
   </div>
   <div class='ocr_carea' id='block_1_107' title="bbox 2142 4642 3723 4714">
    <p class='ocr_par' dir='ltr' id='par_1_107' title="bbox 2142 4642 3723 4714">
     <span class='ocr_line' id='line_1_107' title="bbox 2142 4642 3723 4714; baseline 0 -17"><span class='ocrx_word' id='word_1_830' title='bbox 2142 4643 2241 4708; x_wconf 83' lang='grc' dir='ltr'>τὰς</span> <span class='ocrx_word' id='word_1_831' title='bbox 2265 4644 2519 4707; x_wconf 84' lang='grc' dir='ltr'>τοιαύτας</span> <span class='ocrx_word' id='word_1_832' title='bbox 2548 4643 2866 4713; x_wconf 87' lang='grc' dir='ltr'>προσίεσθαι</span> <span class='ocrx_word' id='word_1_833' title='bbox 2892 4642 3093 4710; x_wconf 84' lang='grc' dir='ltr'>φωνάς.</span> <span class='ocrx_word' id='word_1_834' title='bbox 3124 4643 3267 4714; x_wconf 81' lang='grc' dir='ltr'>Πλὴν</span> <span class='ocrx_word' id='word_1_835' title='bbox 3295 4645 3323 4696; x_wconf 90' lang='lat'><strong>6</strong></span> <span class='ocrx_word' id='word_1_836' title='bbox 3355 4643 3528 4712; x_wconf 65' lang='grc' dir='ltr'>μέγας</span> <span class='ocrx_word' id='word_1_837' title='bbox 3556 4642 3723 4697; x_wconf 73' lang='grc' dir='ltr'>Δαυῒδ</span> 
     </span>
    </p>
   </div>
   <div class='ocr_carea' id='block_1_108' title="bbox 2144 4735 3722 4812">
    <p class='ocr_par' dir='ltr' id='par_1_108' title="bbox 2144 4735 3722 4812">
     <span class='ocr_line' id='line_1_108' title="bbox 2144 4735 3722 4812; baseline 0 -25"><span class='ocrx_word' id='word_1_838' title='bbox 2144 4735 2675 4807; x_wconf 79' lang='grc' dir='ltr'>πεπαρρησιασμένῃ</span> <span class='ocrx_word' id='word_1_839' title='bbox 2697 4735 2997 4805; x_wconf 79' lang='grc' dir='ltr'>συνειδήσει</span> <span class='ocrx_word' id='word_1_840' title='bbox 3018 4736 3114 4812; x_wconf 79' lang='grc' dir='ltr'><strong>ούχ</strong></span> <span class='ocrx_word' id='word_1_841' title='bbox 3136 4735 3320 4800; x_wconf 86' lang='grc' dir='ltr'>ἁπλῶς</span> <span class='ocrx_word' id='word_1_842' title='bbox 3338 4736 3428 4788; x_wconf 86' lang='grc' dir='ltr'><strong>τὸν</strong></span> <span class='ocrx_word' id='word_1_843' title='bbox 3446 4735 3582 4788; x_wconf 87' lang='grc' dir='ltr'>Θεὸν</span> <span class='ocrx_word' id='word_1_844' title='bbox 3597 4736 3722 4788; x_wconf 77' lang='grc' dir='ltr'>ἀνεο</span> 
     </span>
    </p>
   </div>
   <div class='ocr_carea' id='block_1_109' title="bbox 2144 4825 3721 4897">
    <p class='ocr_par' dir='ltr' id='par_1_109' title="bbox 2144 4825 3721 4897">
     <span class='ocr_line' id='line_1_109' title="bbox 2144 4825 3721 4897; baseline -0.001 -16"><span class='ocrx_word' id='word_1_845' title='bbox 2144 4827 2380 4892; x_wconf 89' lang='grc' dir='ltr'>καλείτο,</span> <span class='ocrx_word' id='word_1_846' title='bbox 2424 4827 2618 4896; x_wconf 79' lang='grc' dir='ltr'>λέγων,</span> <span class='ocrx_word' id='word_1_847' title='bbox 2654 4846 2673 4877; x_wconf 73' lang='grc' dir='ltr'><strong>ι</strong></span> <span class='ocrx_word' id='word_1_848' title='bbox 2717 4828 2772 4879; x_wconf 85' lang='lat'><strong>&#39;0</strong></span> <span class='ocrx_word' id='word_1_849' title='bbox 2797 4828 2955 4892; x_wconf 76' lang='grc' dir='ltr'>Θεόςο</span> <span class='ocrx_word' id='word_1_850' title='bbox 2998 4847 3017 4879; x_wconf 76' lang='grc' dir='ltr'><strong>ι</strong></span> <span class='ocrx_word' id='word_1_851' title='bbox 3051 4827 3300 4897; x_wconf 87' lang='grc' dir='ltr'>δεύτερον</span> <span class='ocrx_word' id='word_1_852' title='bbox 3330 4826 3387 4879; x_wconf 73' lang='grc' dir='ltr'>δὲ</span> <span class='ocrx_word' id='word_1_853' title='bbox 3415 4826 3491 4888; x_wconf 82' lang='grc' dir='ltr'><strong>ὡς</strong></span> <span class='ocrx_word' id='word_1_854' title='bbox 3519 4825 3721 4880; x_wconf 73' lang='grc' dir='ltr'>ἑαυτοῦ</span> 
     </span>
    </p>
   </div>
   <div class='ocr_carea' id='block_1_110' title="bbox 2147 4918 3721 4992">
    <p class='ocr_par' dir='ltr' id='par_1_110' title="bbox 2147 4918 3721 4992">
     <span class='ocr_line' id='line_1_110' title="bbox 2147 4918 3721 4992; baseline 0.003 -22"><span class='ocrx_word' id='word_1_855' title='bbox 2147 4919 2274 4973; x_wconf 88' lang='grc' dir='ltr'>ίδιον</span> <span class='ocrx_word' id='word_1_856' title='bbox 2311 4918 2437 4973; x_wconf 77' lang='grc' dir='ltr'>ὅντα</span> <span class='ocrx_word' id='word_1_857' title='bbox 2466 4920 2823 4990; x_wconf 77' lang='grc' dir='ltr'>ἐπεγράφετο·</span> <span class='ocrx_word' id='word_1_858' title='bbox 2859 4920 2938 4973; x_wconf 89' lang='grc' dir='ltr'><strong>διὸ</strong></span> <span class='ocrx_word' id='word_1_859' title='bbox 2965 4920 3288 4992; x_wconf 85' lang='grc' dir='ltr'>προστίθησι</span> <span class='ocrx_word' id='word_1_860' title='bbox 3337 4919 3582 4988; x_wconf 60' lang='grc' dir='ltr'>φάσκων</span> <span class='ocrx_word' id='word_1_861' title='bbox 3608 4938 3626 4970; x_wconf 73' lang='grc' dir='ltr'><strong>ι</strong></span> <span class='ocrx_word' id='word_1_862' title='bbox 3660 4920 3721 4974; x_wconf 87' lang='lat'><strong>&#39;0</strong></span> 
     </span>
    </p>
   </div>
   <div class='ocr_carea' id='block_1_111' title="bbox 2143 5005 3722 5083">
    <p class='ocr_par' dir='ltr' id='par_1_111' title="bbox 2143 5005 3722 5083">
     <span class='ocr_line' id='line_1_111' title="bbox 2143 5005 3722 5083; baseline 0.002 -21"><span class='ocrx_word' id='word_1_863' title='bbox 2143 5010 2274 5073; x_wconf 87' lang='grc' dir='ltr'>Θεός</span> <span class='ocrx_word' id='word_1_864' title='bbox 2299 5027 2421 5081; x_wconf 81' lang='grc' dir='ltr'>μου.</span> <span class='ocrx_word' id='word_1_865' title='bbox 2472 5028 2489 5059; x_wconf 74' lang='grc' dir='ltr'><strong>ι</strong></span> <span class='ocrx_word' id='word_1_866' title='bbox 2524 5005 2633 5062; x_wconf 82' lang='grc' dir='ltr'>Εἶτ’</span> <span class='ocrx_word' id='word_1_867' title='bbox 2662 5011 2953 5083; x_wconf 77' lang='grc' dir='ltr'>ἐπειδήπερ</span> <span class='ocrx_word' id='word_1_868' title='bbox 2977 5011 3168 5064; x_wconf 76' lang='grc' dir='ltr'>ἑαυτοῦ</span> <span class='ocrx_word' id='word_1_869' title='bbox 3195 5011 3326 5065; x_wconf 89' lang='grc' dir='ltr'>Θεὸν</span> <span class='ocrx_word' id='word_1_870' title='bbox 3354 5010 3722 5082; x_wconf 69' lang='grc' dir='ltr'>ἀναγορεῦσαι</span> 
     </span>
    </p>
   </div>
   <div class='ocr_carea' id='block_1_112' title="bbox 2144 5100 3724 5174">
    <p class='ocr_par' dir='ltr' id='par_1_112' title="bbox 2144 5100 3724 5174">
     <span class='ocr_line' id='line_1_112' title="bbox 2144 5100 3724 5174; baseline 0.002 -20"><span class='ocrx_word' id='word_1_871' title='bbox 2144 5102 2304 5154; x_wconf 82' lang='grc' dir='ltr'>αὑτὸν</span> <span class='ocrx_word' id='word_1_872' title='bbox 2337 5100 2654 5171; x_wconf 88' lang='grc' dir='ltr'>τετόλμηκε,</span> <span class='ocrx_word' id='word_1_873' title='bbox 2683 5102 2783 5172; x_wconf 75' lang='grc' dir='ltr'>τῆς</span> <span class='ocrx_word' id='word_1_874' title='bbox 2816 5102 3017 5173; x_wconf 87' lang='grc' dir='ltr'>τόλμης</span> <span class='ocrx_word' id='word_1_875' title='bbox 3032 5102 3129 5174; x_wconf 73' lang='grc' dir='ltr'>τὴν</span> <span class='ocrx_word' id='word_1_876' title='bbox 3160 5103 3335 5157; x_wconf 78' lang='grc' dir='ltr'>αἰτίαν</span> <span class='ocrx_word' id='word_1_877' title='bbox 3349 5103 3591 5157; x_wconf 77' lang='grc' dir='ltr'>διδάσκει</span> <span class='ocrx_word' id='word_1_878' title='bbox 3614 5103 3724 5157; x_wconf 77' lang='grc' dir='ltr'><strong>λέ-</strong></span> 
     </span>
    </p>
   </div>
   <div class='ocr_carea' id='block_1_113' title="bbox 2142 5193 3722 5266">
    <p class='ocr_par' dir='ltr' id='par_1_113' title="bbox 2142 5193 3722 5266">
     <span class='ocr_line' id='line_1_113' title="bbox 2142 5193 3722 5266; baseline -0.001 -18"><span class='ocrx_word' id='word_1_879' title='bbox 2142 5212 2273 5263; x_wconf 88' lang='grc' dir='ltr'>γων,</span> <span class='ocrx_word' id='word_1_880' title='bbox 2304 5213 2321 5243; x_wconf 79' lang='grc' dir='ltr'><strong>ι</strong></span> <span class='ocrx_word' id='word_1_881' title='bbox 2346 5194 2486 5266; x_wconf 80' lang='grc' dir='ltr'>Πρὸς</span> <span class='ocrx_word' id='word_1_882' title='bbox 2505 5194 2562 5246; x_wconf 85' lang='grc' dir='ltr'>σὲ</span> <span class='ocrx_word' id='word_1_883' title='bbox 2584 5194 2834 5265; x_wconf 79' lang='grc' dir='ltr'>ὀρθρίζω.</span> <span class='ocrx_word' id='word_1_884' title='bbox 2856 5194 3100 5264; x_wconf 70' lang='grc' dir='ltr'>Ἐδίψησέ</span> <span class='ocrx_word' id='word_1_885' title='bbox 3124 5211 3203 5249; x_wconf 89' lang='grc' dir='ltr'><strong>σοι</strong></span> <span class='ocrx_word' id='word_1_886' title='bbox 3228 5197 3261 5266; x_wconf 81' lang='grc' dir='ltr'>ἡ</span> <span class='ocrx_word' id='word_1_887' title='bbox 3285 5193 3428 5266; x_wconf 77' lang='grc' dir='ltr'>ψυχή</span> <span class='ocrx_word' id='word_1_888' title='bbox 3455 5210 3580 5266; x_wconf 88' lang='grc' dir='ltr'>μου,</span> <span class='ocrx_word' id='word_1_889' title='bbox 3598 5193 3722 5259; x_wconf 85' lang='grc' dir='ltr'><strong>πῶς</strong></span> 
     </span>
    </p>
   </div>
   <div class='ocr_carea' id='block_1_114' title="bbox 2144 5286 3717 5359">
    <p class='ocr_par' dir='ltr' id='par_1_114' title="bbox 2144 5286 3717 5359">
     <span class='ocr_line' id='line_1_114' title="bbox 2144 5286 3717 5359; baseline -0.001 -20"><span class='ocrx_word' id='word_1_890' title='bbox 2144 5286 2328 5349; x_wconf 88' lang='grc' dir='ltr'>ἀπλῶς</span> <span class='ocrx_word' id='word_1_891' title='bbox 2360 5303 2441 5340; x_wconf 91' lang='grc' dir='ltr'><strong>σοι</strong></span> <span class='ocrx_word' id='word_1_892' title='bbox 2465 5291 2498 5358; x_wconf 80' lang='grc' dir='ltr'>ἡ</span> <span class='ocrx_word' id='word_1_893' title='bbox 2529 5287 2664 5359; x_wconf 79' lang='grc' dir='ltr'>σάρξ</span> <span class='ocrx_word' id='word_1_894' title='bbox 2721 5305 2843 5357; x_wconf 79' lang='grc' dir='ltr'>μου.</span> <span class='ocrx_word' id='word_1_895' title='bbox 2882 5306 2899 5337; x_wconf 77' lang='grc' dir='ltr'><strong>ι</strong></span> <span class='ocrx_word' id='word_1_896' title='bbox 2931 5286 3029 5339; x_wconf 81' lang='grc' dir='ltr'>Διά</span> <span class='ocrx_word' id='word_1_897' title='bbox 3075 5286 3249 5340; x_wconf 82' lang='grc' dir='ltr'>ταῦτα</span> <span class='ocrx_word' id='word_1_898' title='bbox 3285 5286 3393 5357; x_wconf 79' lang='grc' dir='ltr'><strong>γὰρ</strong></span> <span class='ocrx_word' id='word_1_899' title='bbox 3434 5286 3566 5339; x_wconf 86' lang='grc' dir='ltr'>Θεόν</span> <span class='ocrx_word' id='word_1_900' title='bbox 3609 5302 3717 5356; x_wconf 82' lang='grc' dir='ltr'><strong>μου</strong></span> 
     </span>
    </p>
   </div>
   <div class='ocr_carea' id='block_1_115' title="bbox 2144 5374 3713 5449">
    <p class='ocr_par' dir='ltr' id='par_1_115' title="bbox 2144 5374 3713 5449">
     <span class='ocr_line' id='line_1_115' title="bbox 2144 5374 3713 5449; baseline -0.001 -21"><span class='ocrx_word' id='word_1_901' title='bbox 2144 5379 2455 5447; x_wconf 85' lang='grc' dir='ltr'>προσεῖπον,</span> <span class='ocrx_word' id='word_1_902' title='bbox 2503 5378 2799 5449; x_wconf 78' lang='grc' dir='ltr'>ἐπειδήπερ</span> <span class='ocrx_word' id='word_1_903' title='bbox 2849 5375 3058 5440; x_wconf 84' lang='grc' dir='ltr'>οὐδενὸς</span> <span class='ocrx_word' id='word_1_904' title='bbox 3110 5375 3219 5428; x_wconf 89' lang='grc' dir='ltr'><strong>τῶν</strong></span> <span class='ocrx_word' id='word_1_905' title='bbox 3269 5374 3544 5445; x_wconf 78' lang='grc' dir='ltr'>ἐπιγείων,</span> <span class='ocrx_word' id='word_1_906' title='bbox 3592 5374 3713 5428; x_wconf 82' lang='grc' dir='ltr'>ἀλλ’</span> 
     </span>
    </p>
   </div>
   <div class='ocr_carea' id='block_1_116' title="bbox 2143 5466 3729 5541">
    <p class='ocr_par' dir='ltr' id='par_1_116' title="bbox 2143 5466 3729 5541">
     <span class='ocr_line' id='line_1_116' title="bbox 2143 5466 3729 5541; baseline 0 -20"><span class='ocrx_word' id='word_1_907' title='bbox 2143 5468 2263 5529; x_wconf 68' lang='grc' dir='ltr'>οὐδὲ</span> <span class='ocrx_word' id='word_1_908' title='bbox 2305 5468 2411 5521; x_wconf 90' lang='grc' dir='ltr'><strong>τῶν</strong></span> <span class='ocrx_word' id='word_1_909' title='bbox 2441 5468 2736 5541; x_wconf 84' lang='grc' dir='ltr'>ὀφθαλμοῖς</span> <span class='ocrx_word' id='word_1_910' title='bbox 2777 5468 2978 5540; x_wconf 79' lang='grc' dir='ltr'>σαρκὸς</span> <span class='ocrx_word' id='word_1_911' title='bbox 3003 5467 3296 5541; x_wconf 76' lang='grc' dir='ltr'>ὁρωμένων</span> <span class='ocrx_word' id='word_1_912' title='bbox 3335 5466 3608 5539; x_wconf 78' lang='grc' dir='ltr'>περιέλκει</span> <span class='ocrx_word' id='word_1_913' title='bbox 3639 5483 3729 5537; x_wconf 73' lang='grc' dir='ltr'>με.</span> 
     </span>
    </p>
   </div>
   <div class='ocr_carea' id='block_1_117' title="bbox 2144 5561 3723 5636">
    <p class='ocr_par' dir='ltr' id='par_1_117' title="bbox 2144 5561 3723 5636">
     <span class='ocr_line' id='line_1_117' title="bbox 2144 5561 3723 5636; baseline -0.001 -20"><span class='ocrx_word' id='word_1_914' title='bbox 2144 5561 2324 5627; x_wconf 80' lang='grc' dir='ltr'>πόθος.</span> <span class='ocrx_word' id='word_1_915' title='bbox 2364 5563 2573 5636; x_wconf 79' lang='grc' dir='ltr'>Ὠσπερ</span> <span class='ocrx_word' id='word_1_916' title='bbox 2632 5564 2689 5619; x_wconf 81' lang='grc' dir='ltr'>δὲ</span> <span class='ocrx_word' id='word_1_917' title='bbox 2741 5568 2770 5619; x_wconf 89' lang='grc' dir='ltr'>ὀ</span> <span class='ocrx_word' id='word_1_918' title='bbox 2821 5563 3197 5628; x_wconf 80' lang='grc' dir='ltr'>Ἀπόστολος,‹</span> <span class='ocrx_word' id='word_1_919' title='bbox 3223 5562 3336 5626; x_wconf 82' lang='grc' dir='ltr'>Ζῶ,</span> <span class='ocrx_word' id='word_1_920' title='bbox 3374 5563 3558 5633; x_wconf 62' lang='grc' dir='ltr'>φησιν,</span> <span class='ocrx_word' id='word_1_921' title='bbox 3586 5562 3723 5615; x_wconf 77' lang='grc' dir='ltr'>οὑκ-</span> 
     </span>
    </p>
   </div>
   <div class='ocr_carea' id='block_1_118' title="bbox 2144 5653 3724 5727">
    <p class='ocr_par' dir='ltr' id='par_1_118' title="bbox 2144 5653 3724 5727">
     <span class='ocr_line' id='line_1_118' title="bbox 2144 5653 3724 5727; baseline -0.003 -18"><span class='ocrx_word' id='word_1_922' title='bbox 2144 5655 2222 5709; x_wconf 80' lang='grc' dir='ltr'>ἐτι</span> <span class='ocrx_word' id='word_1_923' title='bbox 2257 5654 2389 5725; x_wconf 77' lang='grc' dir='ltr'>ἐγώ·</span> <span class='ocrx_word' id='word_1_924' title='bbox 2430 5656 2495 5726; x_wconf 77' lang='grc' dir='ltr'><strong>ζῇ</strong></span> <span class='ocrx_word' id='word_1_925' title='bbox 2535 5655 2593 5709; x_wconf 78' lang='grc' dir='ltr'>δὲ</span> <span class='ocrx_word' id='word_1_926' title='bbox 2639 5658 2694 5708; x_wconf 82' lang='grc' dir='ltr'>ὲν</span> <span class='ocrx_word' id='word_1_927' title='bbox 2747 5657 2868 5727; x_wconf 72' lang='grc' dir='ltr'>ἐμοὶ</span> <span class='ocrx_word' id='word_1_928' title='bbox 2902 5656 3162 5727; x_wconf 69' lang='grc' dir='ltr'>Χριστός*</span> <span class='ocrx_word' id='word_1_929' title='bbox 3198 5676 3218 5705; x_wconf 71' lang='grc' dir='ltr'><strong>ι</strong></span> <span class='ocrx_word' id='word_1_930' title='bbox 3251 5655 3475 5727; x_wconf 76' lang='grc' dir='ltr'>τοιαύτῃ</span> <span class='ocrx_word' id='word_1_931' title='bbox 3507 5653 3724 5723; x_wconf 54' lang='grc' dir='ltr'>διανοίᾳ</span> 
     </span>
    </p>
   </div>
  </div>
