4062 6208
265 239 370 302 ωδ

1407 241 1909 298 COMMENTARIA
1941 241 2006 296 IN
2047 239 2385 296 PSALMOS.

3385 237 3488 294 606

262 354 354 409 καὶ
383 355 543 410 Δαυῖδ
584 357 660 427 τῷ
688 357 806 429 Θεῷ
839 358 990 427 ἔλεγε
1011 376 1023 389 ·
1063 377 1081 410 ι
1124 360 1266 430 Πρὸς
1297 361 1354 413 σὲ
1385 361 1634 433 ὀρθρίξω.
1682 363 1817 415 Ἐδί-

1927 362 2112 418 eadem
2165 361 2438 416 sententia
2497 359 2663 412 David
2721 359 2829 413 Deo
2882 359 3137 414 dicebat:
3184 376 3197 408 ι
3238 357 3316 412 Ad
3346 365 3396 411 te
3419 357 3484 412 de

260 446 397 516 ψησέ
427 449 561 518 σοιή
592 447 733 519 ψυχή
769 466 887 519 μου.
933 469 952 501 ι
996 449 1138 503 Ὡσεὶ
1181 453 1275 504 καὶ
1313 451 1464 523 χώρα
1493 469 1595 515 τις,
1624 454 1697 523 μὴ
1730 471 1820 505 τυ-

259 537 428 606 χοῦσα
479 539 574 592 τοῦ
628 541 890 611 συνήθους
940 541 1118 603 ὑετοῦ,
1151 542 1310 612 διψῇν
1343 543 1550 611 λέγοιτο
1590 543 1778 596 τούτου
1802 561 1816 573 ο

257 629 346 682 τὸν
379 631 538 683 αὑτὸν
562 630 619 684 δὲ
638 632 833 703 τρόπον
854 633 1069 704 ἐδίψησε
1104 650 1203 695 σοι,
1242 633 1273 704 ἢ
1307 634 1573 706 ίμείρεταί
1604 652 1663 687 σε
1687 635 1820 706 πρὸς

256 722 321 790 τῇ
359 719 499 791 ηίιυχῇ
549 739 648 791 μου
691 723 782 775 καὶ
812 723 946 793 αὑτὴ
978 725 1010 794 η
1039 721 1173 794 σάρξ
1204 741 1326 793 μου,
1357 724 1716 778 πολυπλάσιον
1747 726 1821 789 ὼς

253 811 484 880 διψῶσα.
529 813 733 884 Ὥσπερ
765 813 870 885 γάρ
910 812 1155 883 φυσικοῖς
1193 815 1369 884 λόγοις
1395 816 1492 886 τὴν
1524 818 1626 887 γῆν
1652 818 1822 887 αὑτήν

255 920 436 973 φαμεν
466 903 622 975 διψῇν
677 904 882 968 ὓδατος,
913 905 1051 958 οὕτω
1086 907 1178 958 καὶ
1213 908 1244 976 ἡ
1286 907 1421 978 σάρξ
1459 925 1558 977 μου
1604 907 1818 977 ἐδίψησὲ

256 1011 358 1055 σοι,
386 994 545 1064 φησί’
570 995 649 1047 διὸ
681 996 954 1066 ἐπιφέρει*
991 1015 1010 1046 ι
1049 996 1136 1050 Ἐν
1162 1000 1229 1068 γῇ
1265 1000 1454 1070 ἐρήμῳ
1485 1000 1579 1051 καὶ
1611 1000 1816 1068 ἀϐάτῳ,

255 1086 350 1136 καὶ
404 1085 634 1156 ἀνύδρῳ,
679 1105 697 1137 ›
738 1086 770 1157 ἢ
814 1087 954 1140 κατά
993 1088 1084 1142 τὸν
1128 1089 1453 1160 Σύμμαχονο
1489 1108 1507 1140 ι
1550 1090 1634 1153 Ὠς
1663 1093 1720 1143 ἐν
1749 1094 1817 1162 γῇ

252 1177 427 1246 enodat
454 1178 545 1230 καὶ
583 1177 795 1231 ὲκλύσει
839 1179 913 1250 μὴ
942 1179 1278 1250 ὑπάρχοντος
1310 1179 1518 1243 ὓδατος.
1555 1179 1820 1234 »Δύναται

251 1269 311 1321 δὲ
347 1270 440 1322 καὶ
470 1269 566 1340 τὴν
589 1268 793 1340 ἔρημον
836 1271 1004 1341 αὐτὴν
1051 1271 1339 1342 σημαίνειν
1377 1270 1465 1324 διὰ
1503 1271 1734 1337 τούτων,
1764 1273 1822 1325 ὲν

253 1355 287 1434 ᾖ
317 1361 528 1431 φεύγων
560 1362 651 1416 τὸν
683 1363 855 1417 Σαοὺλ
885 1362 984 1427 τὰς
1016 1362 1296 1436 διατριϐὰς
1323 1366 1574 1419 ἐποιεῖτο.
1602 1366 1824 1428 Πάντως

252 1451 361 1522 γάρ
397 1468 495 1504 που
542 1453 599 1506 ὲν
630 1453 803 1526 ταύτῃ
833 1453 1112 1523 τυγχάνων
1137 1456 1231 1508 καὶ
1260 1453 1473 1526 μακρὰν
1502 1455 1822 1526 ἀπῳκισμέ-

252 1559 341 1606 νος
359 1543 457 1614 τῆς
489 1543 723 1597 κιϐωτοῦ
769 1543 863 1596 τοῦ
905 1543 1041 1597 Θεοῦ
1073 1544 1168 1596 καὶ
1209 1544 1308 1614 τῆς
1357 1543 1449 1597 τοῦ
1488 1544 1824 1614 ἀγιάσματος

254 1632 484 1704 σκηνῆς,
530 1634 588 1685 ἐν
707 1634 806 1698 τὰς
851 1633 992 1687 κατά
1039 1635 1200 1704 νόμον
1247 1633 1522 1688 ἐποιοῦντο
1549 1633 1819 1704 λατρείας,

1924 457 2044 509 luce
2074 454 2256 524 vigilo.
2301 451 2484 506 Sitivit
2514 452 2608 505 tibi
2645 452 2823 504 anima
2855 467 2991 504 mea.
3019 470 3036 502 ›
3063 449 3176 504 Ceu
3202 465 3328 518 ager
3353 463 3483 501 con«

1921 556 2074 602 sueta
2103 545 2327 600 orbatus
2355 544 2557 614 pluvia,
2587 558 2708 598 eam
2743 543 2893 598 sitire
2931 541 3144 595 dicatur
3164 581 3177 602 ,
3215 541 3294 593 sic
3318 539 3482 593 sitivit

1921 640 2041 698 tibi.
2073 639 2154 692 vel
2179 636 2518 705 concupiscit
2553 645 2626 697 te.
2661 650 2784 688 cum
2822 635 3000 687 anima
3033 648 3171 693 mea,
3205 640 3318 684 tum
3372 631 3482 699 ipsa

1923 746 2051 785 caro
2099 722 2237 794 mea,
2263 743 2426 799 quam
2461 728 2836 798 multipliciter
2871 727 3085 781 sitiens.
3135 723 3290 777 Sicut
3343 723 3479 775 enim

1923 821 2147 892 physice
2175 821 2445 890 loquendo
2481 828 2682 872 terram
2709 817 2942 871 dicimus
2966 817 3117 871 sitire
3149 826 3375 884 aquam,
3413 811 3478 863 ita

1920 920 1974 967 et
2016 926 2144 965 caro
2189 926 2330 974 mea,
2370 910 2564 979 inquit,
2598 909 2768 964 sitivit
2796 908 2893 961 tibi
2924 926 2936 961 :
2966 923 3133 977 quare
3162 905 3344 964 infert,
3372 921 3390 954 ι
3425 901 3482 957 1η

1922 1011 2064 1056 terra
2095 1001 2334 1065 deserta,
2366 1008 2419 1054 et
2462 1001 2627 1061 invia,
2660 1007 2713 1054 et
2749 1001 3044 1068 iuaquosa;
3089 1019 3106 1050 ›
3145 999 3256 1052 sive
3285 1011 3484 1051 secun-

1920 1092 2050 1146 dum
2110 1091 2495 1164 Symmachum
2533 1111 2546 1146 :
2586 1110 2604 1142 ι
2647 1092 2814 1158 Quasi
2873 1091 2925 1144 in
2974 1098 3122 1144 terra
3184 1088 3388 1144 sitienti
3429 1095 3485 1142 et

1921 1180 2174 1252 languida
2224 1195 2333 1235 non
2391 1181 2690 1235 exsistente
2725 1195 2883 1250 aqua.
2927 1198 2945 1231 ι
2986 1177 3082 1234 llis
3132 1195 3261 1233 vero
3306 1180 3483 1248 ipsam

1922 1273 2271 1330 solitudinem
2319 1273 2628 1344 signiﬁcare
2657 1281 2856 1343 potest,
2889 1273 2944 1327 in
2973 1287 3101 1343 qua,
3137 1270 3352 1326 Saulem
3399 1271 3484 1325 [υς

1921 1365 2095 1437 giens,
2129 1378 2318 1420 moras
2352 1364 2620 1421 trahebat.
2658 1362 2936 1433 Siquidem
2968 1366 3096 1417 dum
3126 1363 3201 1417 ibi
3239 1376 3486 1417 versare-

1922 1466 2031 1522 tur,
2070 1457 2136 1510 ab
2165 1471 2292 1510 arca
2324 1455 2418 1511 Dei
2458 1464 2513 1511 et
2548 1471 2578 1510 a
2607 1455 2962 1512 tabernaculo
2991 1453 3438 1511 sanctiﬁcationis
3466 1491 3482 1514 ,

1923 1550 1978 1603 in
2035 1563 2145 1619 quo
2217 1548 2442 1619 legalem
2504 1549 2713 1602 cultum
2763 1548 3238 1618 exsequebantur,
3294 1544 3485 1616 procul

1923 1651 2166 1697 remotus
2197 1649 2333 1697 erat.
2370 1640 2576 1695 Horum
2630 1643 2721 1696 ille
2773 1649 3123 1712 conspectum
3174 1640 3482 1710 exoptabat.

250 1725 458 1779 τούτων
490 1724 670 1778 ἐπόθει
709 1726 808 1796 τὴν
853 1725 1002 1779 θέαν.
1033 1726 1240 1797 Ὥσπερ
1266 1726 1322 1778 δὲ
1349 1726 1419 1796 γῆ
1452 1725 1657 1795 διψῶσα
1696 1725 1819 1777 ὓδα-

1927 1734 2391 1802 Quemadmodum
2420 1743 2601 1790 autem
2630 1743 2775 1789 terra
2811 1736 3002 1789 sitiens
3032 1748 3228 1804 aquam
3261 1733 3483 1804 expetit,

251 1835 345 1883 τος
376 1815 648 1889 ὀρέγεται,
669 1817 830 1880 οὕτω,
864 1816 1016 1887 φησὶ,
1052 1818 1141 1870 καὶ
1173 1818 1204 1887 ή
1232 1817 1336 1887 ἐμὴ
1357 1816 1499 1887 ψυχὴ
1529 1816 1598 1870 τὰ
1629 1817 1711 1870 σοὶ
1742 1815 1820 1886 τῷ

251 1909 374 1980 Θεῷ
402 1909 604 1982 ἀρεστὰ
629 1909 722 1962 καὶ
744 1909 872 1979 φίλα
893 1908 1050 1978 διψεῖο
1081 1909 1156 1972 ὡς
1184 1908 1450 1962 ἐκλείπειν
1484 1910 1576 1962 καὶ
1593 1910 1822 1980 ἐκτήκε-

253 2001 404 2067 σθαι,
437 2001 584 2073 εἰ’μὴ
621 2000 911 2071 μεταλάϐοι
938 2002 1036 2074 τῆς
1064 2000 1214 2072 παρά
1256 2000 1338 2054 σοὶ
1367 2001 1573 2073 πηγῆς·
1603 2003 1730 2074 περὶ
1755 1995 1821 2073 ἧς

252 2091 500 2164 εἴρηται.
540 2109 560 2142 ι
602 2093 723 2145 Ὅτι
767 2091 917 2163 παρὰ
971 2093 1054 2145 σοὶ
1096 2092 1244 2163 πηγὴ
1276 2091 1442 2162 ζωῆς.
1478 2093 1568 2146 Διὸ
1603 2094 1821 2164 ἐδίψησε

249 2186 400 2255 σοιή
447 2185 588 2256 ψυχή
620 2202 744 2255 μου.
781 2203 800 2236 ι
847 2185 1095 2255 Ἐδίψησε
1134 2184 1191 2236 δὲ
1221 2184 1358 2250 πῶς,
1400 2185 1689 2257 έρμηνεύει
1731 2186 1823 2238 λέ-

246 2291 367 2344 γων
414 2273 539 2346 ἑξῆς
561 2292 574 2306 ο
609 2294 630 2327 ι
669 2274 856 2340 Οὕτως
885 2277 943 2329 ὲν
982 2276 1058 2348 τῷ
1097 2277 1238 2347 ἀγίῳ
1280 2275 1466 2347 ὤφθην
1495 2294 1598 2342 σοι,
1636 2296 1654 2330 ι
1691 2279 1824 2331 ὼσεὶ

245 2371 405 2439 ἔλεγε
439 2368 624 2423 τοῦτο·
665 2369 944 2441 Ἐδίψησεν
989 2373 1022 2442 ή
1063 2370 1206 2443 ψυχή
1239 2388 1340 2442 μου
1373 2371 1434 2424 τὸ
1476 2372 1704 2444 ὀφθῆναί
1743 2391 1823 2428 σοι

245 2465 308 2518 ἐν
337 2462 416 2534 τῷ
442 2461 518 2533 σῷ
542 2462 862 2534 ἀγιάσματι,
892 2481 911 2513 ι
946 2463 1039 2516 τοῦ
1078 2463 1202 2516 ἰδεῖν
1230 2463 1328 2535 τὴν
1351 2464 1578 2537 δύναμίν
1605 2483 1696 2520 σου
1732 2468 1825 2520 καὶ

243 2558 352 2629 τὴν
406 2555 563 2620 δόξαν
611 2572 725 2608 σου.
780 2576 798 2604 ι
851 2556 1099 2610 Τοιοῦτον
1133 2555 1189 2610 δέ
1216 2557 1346 2624 ,ἐστι
1389 2559 1481 2611 καὶ
1508 2559 1567 2611 τὸ
1591 2559 1678 2612 διά
1717 2558 1824 2613 τῶν

244 2647 560 2724 ἔμπροσθεν
588 2647 904 2720 εἰρημένον·
940 2665 958 2698 ι
1002 2646 1280 2718 Ἐδίψησεν
1308 2650 1341 2720 ἡ
1378 2648 1522 2719 ψυχὴ
1555 2666 1654 2719 μου
1689 2649 1825 2720 πρὸς

244 2743 344 2798 τὸν
365 2740 494 2794 Θεὸν
520 2740 609 2793 τὸν
643 2740 856 2812 ἰσχυρὸν
885 2740 976 2794 τὸν
1010 2738 1208 2804 ζῶντα,
1239 2741 1368 2794 πότε
1391 2741 1505 2812 ἥξω
1538 2742 1630 2795 καὶ⁵
1657 2743 1824 2815 ὀφθή-

243 2849 419 2903 σομαι
467 2831 543 2903 τῷ
589 2831 866 2903 προσώπῳ
912 2831 1005 2884 τοῦ
1051 2832 1207 2888 Θεοῦ.
1247 2853 1265 2884 ι
1299 2833 1589 2904 Γενόμενος
1627 2833 1736 2902 γὰρ
1765 2835 1823 2887 ὲν

241 2923 324 2993 τῷ
380 2923 519 2993 ἀγίῳ
577 2939 692 2986 σου,
738 2923 866 2993 περὶ
921 2915 982 2974 οῦ
1033 2923 1244 2994 εἴρηται
1275 2925 1332 2975 ὲν
1361 2923 1549 2993 ἑτέρῳ,
1581 2942 1599 2973 ι
1645 2923 1823 2986 Ἂπαξ

240 3017 442 3089 ὤμοσα
473 3018 531 3069 έν
561 3016 638 3087 τῷ
663 3015 804 3086 ἁγίῳ
831 3032 952 3086 μου,
996 3035 1015 3067 ι
1049 3015 1260 3086 πρῶτον
1291 3016 1387 3085 μὲν
1419 3015 1577 3078 αὐτὸς
1596 3015 1825 3087 ὀφθήσο-

223 3102 353 3182 ’μαί
379 3127 480 3175 σοι,
503 3108 1025 3180 δοκιμασθησόμενος
1061 3110 1106 3161 εἰ
1134 3107 1281 3172 ἄξιος
1301 3107 1417 3180 εἴην
1438 3107 1537 3177 τῆς
1557 3107 1655 3177 σῆς
1677 3107 1822 3171 θέας.
1853 3100 1893 3157 C

241 3199 389 3257 Εἶτα
424 3201 572 3268 ἄξιος
613 3200 818 3270 ὀφθεὶς,
854 3200 1053 3270 ὄψομαι
1085 3201 1182 3271 τὴν
1211 3199 1437 3270 δύναμίν
1465 3216 1560 3252 σου
1603 3200 1695 3252 καὶ
1729 3197 1826 3270 τὴν

238 3295 411 3361 δόξαν
439 3309 562 3346 σου·
595 3287 668 3344 ὧν
699 3291 957 3346 ἀδύνατόν
988 3293 1132 3344 ἐστιν
1167 3292 1247 3354 εἰς
1275 3289 1506 3362 θεωρίαν
1529 3289 1722 3354 ἐλθεῖν,
1750 3291 1825 3362 μὴ

238 3384 372 3454 οὐχὶ
429 3383 693 3454 πρότερον
741 3385 798 3435 ἐν
839 3380 916 3452 τῷ
958 3381 1097 3452 ἁγίῳ
1145 3381 1453 3452 γενόμενον,
1486 3383 1580 3435 καὶ
1614 3381 1825 3452 πρῶτον

236 3475 484 3545 ὀφθέντα
511 3475 658 3541 ἄξιον
678 3473 784 3527 τῶν
815 3473 908 3527 τοῦ
929 3472 1063 3541 Θεοῦ
1091 3472 1330 3541 ἀγαθῶν.
1354 3473 1507 3526 Μετά
1528 3472 1634 3544 γὰρ
1657 3473 1826 3527 ταῦτα

236 3568 444 3640 ὄψεταί
481 3584 586 3631 τις,
619 3567 695 3630 ὼς
735 3566 800 3620 ἂν
833 3566 930 3638 ἤδη
963 3564 1437 3636 δεδοκιμασμένος,
1466 3565 1564 3637 τὴν
1603 3564 1827 3636 δύναμιν

238 3639 344 3716 τοῦ
379 3659 514 3712 Θεοῦ
543 3658 636 3711 καὶ
662 3656 759 3729 τὴν
785 3657 941 3722 δόξαν
969 3657 1152 3710 αὐτοῦ.
1175 3659 1286 3711 Καὶ
1315 3657 1462 3721 τέλος
1477 3656 1584 3710 τῶν
1607 3639 1826 3727 ἀγαθῶν

238 3754 398 3807 τοῦτ’
433 3752 498 3806 ἀν
522 3750 606 3823 εἴη
636 3751 696 3804 τὸ
722 3752 779 3803 ὲν
809 3749 1009 3822 θεωρίᾳ
1034 3749 1236 3803 τούτων
1259 3748 1538 3818 γενέσθαι·
1567 3749 1647 3802 διὸ
1684 3749 1828 3802 λέλε-

238 3862 382 3900 attat
401 3862 413 3874 '
445 3863 464 3895 ι
502 3845 776 3912 Μακάριοι
801 3843 849 3896 οἱ
875 3841 1104 3912 καθαροὶ
1123 3845 1186 3914 τῇ
1206 3841 1422 3914 καρδίᾳ,
1452 3843 1532 3895 ὅτι
1561 3842 1713 3894 αὐτοὶ
1737 3842 1827 3894 τὸν

238 3937 390 3991 Θεὸν
453 3934 695 4005 ὀψονται.
758 3953 777 3986 ι
818 3932 986 3987 Τοῦτο
1025 3929 1116 3986 οὖν
1163 3933 1410 4003 ὲδίψησεν
1460 3936 1492 4004 ἡ
1542 3933 1687 4004 ψυχὴ
1732 3933 1826 3986 τοῦ

238 4027 452 4082 Δαυῗδ·
485 4027 565 4080 διὸ
609 4026 811 4095 ἔλεγεν·
847 4043 866 4076 ι
912 4026 968 4078 '0
1011 4025 1140 4090 Θεὸς
1197 4027 1222 4078 5
1270 4025 1399 4089 Θεός
1445 4042 1566 4098 μου,
1589 4025 1722 4096 πρὸς
1769 4026 1828 4078 σὲ

238 4118 512 4194 ὀρθρίζω.
555 4116 808 4188 Ἐδίψησέ
853 4134 932 4170 σοι
960 4118 993 4188 ἡ
1027 4116 1168 4188 ψυχή
1199 4133 1321 4186 μου.
1355 4137 1374 4168 ι

325 4256 350 4290 ς
389 4237 507 4289 ’Ότι
540 4237 792 4306 κρεῖσσον
817 4232 876 4285 τὸ
912 4231 1057 4295 ἔλεός
1097 4249 1187 4284 σου
1224 4231 1361 4303 ὑπὲρ
1385 4228 1548 4296 ζωὰς,
1576 4231 1644 4285 τὰ
1676 4233 1825 4306 χείλη

240 4349 360 4404 μου
409 4327 750 4383 ὲπαινέσουσί
778 4346 855 4384 σε.
901 4348 920 4381 ι
966 4329 1024 4381 '0
1057 4327 1154 4398 τὴν
1181 4326 1340 4394 φύσιν
1361 4325 1454 4379 τοῦ
1479 4325 1670 4397 θνητοῦ
1713 4325 1826 4396 βίου

1923 1827 2004 1881 sic
2039 1826 2216 1879 anima
2246 1839 2388 1887 mea,
2424 1825 2520 1889 ait,
2555 1840 2676 1895 qum
2705 1825 2799 1879 tibi
2834 1825 3033 1893 placita
3057 1832 3110 1878 et
3143 1823 3340 1878 dilecta
3361 1832 3490 1876 sunt

1923 1915 2202 1973 sitibunda
2237 1916 2614 1987 concupiscit;
2649 1917 2723 1970 ita
2753 1923 2813 1970 ut
2857 1919 2903 1971 si
2939 1915 3087 1969 illius
3111 1915 3204 1985 qui
3237 1929 3407 1984 penes
3435 1921 3488 1968 te

1921 2019 2002 2065 est
2032 2009 2200 2064 fontis
2237 2009 2510 2080 particeps
2538 2023 2646 2063 non
2686 2007 2868 2068 (xerit.
2891 2006 3106 2062 deﬁciat
3144 2013 3198 2061 et
3238 2005 3490 2061 contabe-

1921 2109 2067 2164 scat;
2107 2101 2174 2156 de
2211 2117 2319 2171 quo
2366 2099 2515 2155 l‘onte
2572 2100 2777 2154 dictum
2813 2111 2941 2156 est:
2979 2117 2997 2150 ι
3035 2097 3303 2164 Quoniam
3344 2097 3490 2168 apud

1922 2201 1977 2249 te
2021 2203 2108 2248 est
2167 2192 2291 2248 fons
2335 2193 2459 2248 vitat
2479 2192 2548 2247 ⁸⁸.
2591 2211 2608 2243 ι
2645 2191 2824 2258 Quare
2879 2209 2897 2242 ι
2929 2191 3101 2245 sitivit
3156 2191 3258 2245 tibi
3307 2189 3490 2244 anima

1924 2301 2065 2341 mea.
2103 2304 2122 2336 ι
2161 2285 2282 2350 Quo
2314 2292 2476 2354 pacto
2509 2285 2680 2350 sitiat,
2705 2299 2831 2338 mox
2861 2283 3076 2353 aperit:
3117 2301 3134 2333 ι
3168 2281 3259 2337 Sic
3284 2281 3338 2335 in
3369 2295 3492 2335 san-

1923 2385 2014 2432 cto
2071 2378 2300 2448 apparui
2342 2377 2463 2440 tibi,
2499 2395 2518 2429 ι
2565 2391 2628 2431 ac
2679 2376 2726 2432 si
2779 2375 3030 2431 diceret:
3067 2374 3249 2429 Sitivit
3306 2375 3490 2430 anima

1923 2483 2042 2523 mea
2097 2476 2375 2538 aspectum
2428 2474 2583 2520 tuum
2633 2466 2690 2521 in
2742 2465 3054 2521 sanctuario
3108 2474 3223 2527 tuo,
3265 2482 3284 2515 ι
3324 2473 3382 2517 ut
3407 2464 3490 2517 vi-

1923 2560 2076 2614 deam
2104 2561 2359 2614 virtutem
2389 2565 2539 2612 tuam
2561 2565 2614 2613 et
2635 2558 2860 2628 gloriam
2895 2563 3064 2610 tuam.
3101 2576 3119 2608 ›
3161 2555 3347 2609 Simile
3363 2551 3492 2610 huic

1923 2659 2009 2707 est
2031 2652 2161 2706 illud
2191 2652 2446 2722 superius
2479 2649 2686 2704 dictum
2717 2667 2730 2702 :
2760 2665 2778 2698 ι
2812 2646 2998 2701 Sitivit
3021 2647 3203 2702 anima
3254 2662 3372 2702 mea
3423 2647 3492 2699 ad

1925 2741 2093 2797 Deum
2139 2740 2332 2798 fortem
2371 2742 2580 2809 vivum,
2614 2738 2834 2810 quando
2867 2740 3081 2793 veniam
3125 2746 3180 2793 et
3219 2738 3492 2808 apparebo

1925 2845 2053 2892 ante
2107 2834 2300 2890 faciem
2360 2833 2538 2890 Dei“.
2579 2853 2596 2886 ι
2637 2831 2696 2888 ln
2728 2842 2920 2889 sancto
2975 2833 3176 2903 quippe
3232 2838 3327 2885 tuo
3361 2845 3492 2884 con-

1925 2929 2169 2992 stitutus,
2197 2927 2264 2982 de
2296 2942 2404 2998 quo
2451 2927 2505 2982 in
2558 2927 2664 2981 alio
2695 2927 2907 2997 psalmo
2935 2925 3140 2979 dictum
3166 2929 3288 2978 est:
3327 2940 3346 2974 ι
3395 2922 3494 2977 Se-

1926 3019 2033 3074 mel
2064 3019 2243 3088 juravi
2267 3019 2323 3072 in
2353 3025 2548 3072 sancto
2582 3033 2704 3073 meo
2728 3018 2797 3080 ⁸³,
2830 3037 2848 3070 ι
2875 3017 3050 3087 primo
3075 3015 3345 3086 apparebo
3370 3014 3491 3078 tibi,

1928 3120 1986 3167 tt
2012 3113 2274 3183 probetur
2302 3127 2433 3166 num
2463 3111 2659 3182 dignus
2686 3120 2983 3180 conspectu
3021 3117 3112 3162 tuo
3133 3110 3258 3164 sim.
3290 3106 3494 3163 Deinde

1927 3219 2051 3258 cum
2098 3203 2294 3274 dignus
2335 3202 2664 3273 comperiar,
2694 3201 2889 3256 videbo
2946 3200 3202 3254 virtutem
3261 3207 3408 3252 tuam
3439 3204 3497 3254 et

1928 3292 2157 3362 gloriam
2220 3297 2370 3346 tuam
2405 3309 2418 3344 :
2453 3292 2520 3345 ad
2575 3304 2805 3360 quarum
2868 3297 3221 3357 conspectum
3281 3287 3495 3342 admitti

1928 3399 2086 3439 nemo
2126 3390 2326 3453 potest,
2355 3383 2487 3452 quin
2522 3383 2677 3452 prius
2726 3383 2780 3435 in
2813 3388 3003 3436 sancto
3021 3382 3116 3446 sit,
3138 3395 3201 3434 ac
3223 3382 3378 3451 prius
3411 3380 3497 3433 di-

1927 3478 2070 3532 vinis
2125 3478 2285 3532 bonis
2336 3478 2534 3548 dignus
2578 3477 2856 3546 appareat.
2892 3473 3086 3530 Postea
3115 3475 3259 3530 enim
3292 3473 3494 3544 quivis,

1929 3567 2240 3637 utpotejam
2265 3567 2546 3637 probatus,
2569 3567 2824 3622 virtutem
2845 3565 3135 3636 etgloriam
3160 3563 3253 3620 Dei
3272 3565 3494 3619 videbit.

1928 3659 2089 3731 Isque
2138 3661 2261 3715 ﬁnis
2293 3661 2561 3716 bonorum
2606 3659 2788 3724 fuerit,
2829 3658 2897 3712 ad
2923 3675 3111 3714 eorum
3161 3659 3498 3728 contempla-

1929 3751 2129 3805 tionem
2153 3749 2404 3806 admitti:
2433 3765 2604 3820 quare
2645 3749 2849 3804 dictum
2881 3757 3008 3804 est:
3045 3768 3064 3800 ι
3100 3748 3251 3804 Beati
3290 3749 3496 3803 mundo

1929 3844 2118 3908 corde,
2159 3844 2418 3914 quoniam
2463 3843 2567 3914 ipsi
2605 3842 2770 3898 Deum
2799 3842 3138 3896 videbunt“.
3173 3862 3190 3894 ι
3229 3841 3341 3897 Hoc
3388 3843 3495 3895 ita-

1929 3951 2036 4006 que
2056 3935 2284 3991 sitiebat
2310 3934 2531 3990 Davidis
2569 3935 2752 3988 anima
2785 3953 2798 3988 :
2833 3949 3006 4004 quare
3033 3934 3265 3997 dicebat,
3295 3953 3313 3984 ‹
3353 3933 3496 3990 Deus

1929 4026 2074 4082 Deus
2107 4041 2284 4092 meus,
2310 4025 2378 4080 ad
2404 4035 2456 4082 te
2486 4026 2555 4081 de
2587 4026 2709 4082 luce
2739 4025 2925 4094 vigilo.
2963 4021 3148 4078 Sitivit
3176 4024 3275 4078 tibi
3315 4024 3499 4078 anima

1928 4133 2066 4174 mea.
2111 4137 2164 4189 η

2002 4234 2166 4292 Vens.
2223 4235 2339 4290 4-6.
2388 4253 2406 4287 ι
2441 4233 2709 4301 Quoniam
2755 4233 2948 4288 melior
3001 4239 3086 4287 est
3125 4227 3498 4286 misericordia

1932 4338 2024 4385 tua
2071 4345 2237 4399 super
2267 4329 2456 4394 ivitas,
2492 4328 2632 4382 labia
2685 4342 2802 4381 mea
2855 4324 3154 4378 laudabunt
3204 4331 3277 4374 te.
3320 4339 3338 4371 ι
3395 4317 3498 4383 Qui

235 4423 618 4494 κατανοήσας,
657 4423 751 4475 καὶ
793 4423 891 4492 τὴν
920 4420 1250 4493 πρόσκαιρον
1283 4418 1426 4492 ζωὴν
1458 4420 1556 4490 ὅση
1599 4419 1680 4482 τίς
1714 4421 1825 4472 ἐστι

1937 4423 2184 4478 mortalis
2218 4421 2341 4474 vitae
2395 4427 2648 4473 naturam
2682 4415 3071 4479 consideravit,
3112 4420 3164 4466 et
3212 4425 3332 4481 qua:
3363 4423 3502 4479 qua-

236 4519 343 4570 καὶ
403 4515 560 4568 ὁποία
611 4515 908 4585 ἐξητακὼς,
945 4513 1340 4585 ἀποστρέφεται
1391 4511 1489 4583 μὲν
1551 4511 1720 4564 ταῦτα
1754 4511 1830 4575 ὡς

239 4627 353 4680 μικ
364 4608 437 4678 ρὰ
464 4608 558 4660 καὶ
579 4606 786 4670 οὐδενὸς
813 4607 969 4675 λόγου
1003 4605 1158 4672 ἄξια*
1189 4605 1307 4669 ὅλος
1330 4605 1386 4658 δὲ
1411 4605 1510 4675 τῆς
1534 4605 1646 4659 ἄνω
1675 4604 1827 4658 ἐλπί-

235 4703 333 4763 ὀις
391 4699 696 4768 γενόμενος,
747 4698 958 4768 ἐκείνης
1006 4701 1186 4768 τυχεῖν
1241 4697 1480 4770 εὔχεται,
1510 4696 1645 4767 ἐλέῳ
1690 4695 1825 4749 Θεοῦ

233 4789 689 4862 χορηγουμένης.
739 4790 812 4843 Οὐ
845 4789 953 4860 γάρ
993 4789 1056 4859 δὴ
1101 4789 1239 4842 κατά
1285 4789 1522 4860 ὀφειλὴν,
1555 4788 1673 4841 οὐδὲ
1709 4788 1826 4840 κατ’

237 4883 420 4948 ἀξίαν
437 4882 534 4953 τῆς
562 4882 753 4935 ἑαυτοῦ
775 4880 1118 4951 δικαιοσύνης
1146 4880 1394 4945 τεύξεταί
1428 4899 1512 4945 τις
1536 4881 1644 4933 τῶν
1666 4881 1831 4932 ἐπου-

239 4973 494 5048 ρανίων.
527 4974 725 5045 Διόπερ
754 4973 985 5044 ἀλλαχοῦ
1020 4990 1121 5027 που
1156 4972 1399 5044 εἴρηται·
1444 4990 1463 5023 ι
1496 4973 1560 5025 Τί
1585 4972 1693 5044 γάρ
1743 4987 1831 5042 μοι

235 5067 499 5137 ὑπάρχει
545 5068 601 5119 ἐν
629 5066 705 5137 τῷ
739 5064 987 5137 οὐρανῷ;
1032 5084 1050 5114 ι
1087 5064 1147 5118 τὺ
1173 5065 1231 5117 δὲ
1267 5065 1375 5118 πᾶν
1405 5063 1538 5134 ἐλέῳ
1573 5064 1706 5117 Θεοῦ
1741 5063 1833 5116 καὶ

238 5157 642 5231 φιλανθρωπίᾳ
668 5159 938 5229 δωρεῖται,
978 5159 1089 5220 τοῖς
1113 5155 1319 5228 σμικρὰ
1350 5155 1734 5229 κατωρθωκόσι
1765 5155 1834 5209 τὰ

242 5249 479 5323 μεγάλα
511 5249 886 5320 χαριζομένου.
920 5250 984 5302 Ὃ
1018 5248 1082 5320 δὴ
1117 5247 1371 5318 σημαίνει
1409 5249 1438 5300 ὁ
1465 5246 1653 5316 παρὼν
1680 5245 1835 5314 λόγος

242 5348 521 5416 φάσκων·
564 5362 582 5395 ι
623 5345 742 5396 Ὅτι
767 5345 1017 5414 κρεῖσσον
1051 5339 1111 5393 τὸ
1137 5339 1283 5401 ἔλεός
1317 5354 1409 5391 σου
1440 5337 1580 5408 ὑπὲρ
1614 5335 1774 5410 ζωάς.
1810 5355 1827 5388 ι

244 5436 385 5497 Κᾶν
427 5435 536 5508 γὰρ
574 5434 862 5506 μακρόϐιος
900 5433 994 5488 καὶ
1039 5429 1426 5502 μακροχρόνιος
1460 5429 1552 5482 ἐπὶ
1591 5427 1684 5480 τοῦ
1729 5444 1834 5480 πα-

1938 4514 2073 4569 lisve
2122 4520 2468 4579 temporanea
2511 4508 2622 4560 vita
2681 4507 2772 4571 sit,
2807 4503 3129 4574 exploravit,
3156 4502 3269 4556 haec
3316 4507 3501 4561 utpote

1937 4618 2103 4676 parva
2132 4610 2182 4656 et
2209 4601 2411 4655 nullius
2436 4598 2593 4669 pretii
2623 4603 2947 4661 aversatur;
2985 4595 3077 4650 sed
3106 4606 3354 4664 superna:
3383 4591 3499 4660 spei

1937 4713 2056 4754 sese
2090 4703 2261 4750 totum
2300 4693 2582 4762 applicans
2607 4706 2726 4746 eam
2773 4688 3145 4744 misericordia
3182 4687 3275 4742 Dei
3305 4701 3500 4741 conse-

1936 4792 2028 4862 qui
2053 4795 2293 4859 exoplat.
2329 4787 2513 4857 Neque
2536 4787 2680 4842 enim
2713 4785 2983 4856 quispiam
3012 4800 3078 4839 ex
3103 4784 3284 4840 debito
3311 4791 3402 4838 aut
3435 4799 3500 4837 ex

1933 4882 2162 4953 justitim
2208 4895 2322 4936 suae
2366 4879 2560 4934 merito
2609 4878 2854 4933 cmlestia
2901 4875 3253 4946 adipiscetur.
3300 4875 3503 4942 Quam-

1939 4975 2129 5029 obrem
2188 4974 2312 5028 alibi
2363 4973 2562 5026 dicitur
2601 4989 2614 5024 :
2653 4990 2672 5022 ι
2712 4969 2854 5036 Quid
2917 4970 3062 5024 enim
3117 4969 3248 5023 mihi
3307 4975 3390 5024 est
3448 4969 3503 5021 in

1939 5065 2169 5120 cmlo”?
2208 5083 2228 5116 ι
2265 5062 2368 5118 Sed
2407 5070 2578 5117 totum
2610 5060 2702 5114 Dei
2735 5059 3110 5115 misericordia
3151 5068 3205 5115 ct
3253 5059 3505 5114 humani-

1945 5165 2056 5212 tate
2086 5157 2268 5218 datur,
2301 5155 2393 5225 qui
2427 5154 2639 5208 modica
2699 5151 3082 5224 praestantibus
3118 5166 3311 5221 magna
3363 5152 3506 5206 elar-

1939 5249 2106 5321 gitur.
2166 5246 2321 5313 Quod
2371 5247 2458 5301 his
2505 5245 2687 5300 verbis
2742 5244 3079 5315 signiﬁcatur
3125 5263 3137 5297 :
3183 5263 3200 5294 ι
3234 5241 3502 5308 Quoniam

1940 5341 2135 5395 melior
2191 5346 2277 5394 est
2330 5338 2707 5394 misericordia
2758 5346 2851 5391 tua
2904 5351 3068 5406 super
3113 5336 3273 5389 vitas.
3308 5352 3326 5384 ι
3369 5330 3502 5384 Nam

1941 5432 2155 5488 etiamsi
2192 5430 2317 5499 quis
2351 5431 2626 5499 longazvus
2658 5437 2713 5483 et
2762 5442 3004 5483 annosus
3039 5427 3092 5479 in
3133 5424 3232 5478 bac
3263 5423 3389 5475 vita'
3409 5419 3499 5481 sit,

333 5668 388 5702 ⁸¹
429 5664 571 5724 Psal.
609 5681 767 5731 xxxv,
808 5666 887 5721 l0.
965 5665 1009 5698 "
1048 5663 1192 5719 Psal.
1227 5677 1346 5724 xu,
1383 5662 1443 5718 5,
1516 5661 1558 5694 ³³
1601 5657 1742 5716 Psal.
1781 5673 1825 5713 ιε

1927 5672 2060 5722 rm,
2097 5656 2184 5712 56.
2267 5655 2309 5688 ⁸³
2350 5653 2537 5709 Matth.
2577 5671 2626 5719 ν,
2668 5655 2718 5708 8.
2797 5654 2840 5684 ⁸⁵
2880 5650 3017 5706 Psal.
3058 5659 3242 5708 usu,
3277 5641 3347 5699 35
