4062 6208
507 339 610 394 607

1181 317 1449 392 EUSEBII
1478 331 1953 390 CAESARIENSIS
1981 331 2131 388 OPP.
2175 331 2355 388 PARS
2385 331 2476 388 ιιι.
2509 365 2579 374 ——
2608 332 3015 393 EXEGETICA.

3650 328 3756 384 603

509 457 581 512 ita
611 461 671 510 ut
704 470 756 508 ιη
789 452 974 509 multis
1001 468 1267 508 armorum
1303 451 1544 522 periodis
1568 452 1864 506 multorum
1908 452 2075 506 vitam

2194 450 2365 513 οὸντος
2408 450 2632 521 γένηταί
2663 467 2767 530 τις,
2809 450 2996 519 ὥσπερ
3028 448 3223 511 πολλὰς
3261 444 3400 509 ζωάς
3437 447 3494 499 ἐν
3537 444 3756 509 πολλαῖς

505 551 752 620 expleat;
786 548 889 602 hoc
923 563 1055 603 sane
1086 547 1222 601 nihil
1249 556 1356 611 est,
1394 545 1788 600 misericordiae
1818 543 1909 598 Dei
1933 559 2082 598 com-

506 651 777 713 paratum,
810 656 932 710 quae
961 640 1084 696 vitae
1111 647 1330 694 aeterna:
1369 645 1424 693 et
1465 637 1772 692 cmlestium
1813 637 2081 691 honorum

504 745 672 785 causa
695 736 799 784 est.
835 729 1016 795 Quare
1051 728 1443 783 misericordiae
1476 727 1720 782 conlisus
1748 735 1876 791 tuae,
1913 734 2083 779 totam

508 820 647 875 hanc
681 821 867 883 vitam,
900 836 1000 875 ceu
1035 820 1280 890 quaédam
1313 821 1553 891 pretiosa
1589 819 1817 874 donaria
1847 826 1900 873 et
1944 833 2083 888 opu-

507 913 653 965 lenta
680 911 897 966 cimelia
936 912 1032 965 tibi
1079 912 1458 977 consecrabo;
1493 912 1738 966 membra
1787 910 1999 964 scilicet
2028 916 2082 964 et

507 1021 708 1060 sensus
764 1020 914 1059 meos
954 1002 1263 1058 ministerio
1297 1003 1549 1057 addicam
1593 1011 1708 1058 tuo.
1739 1002 2085 1072 Quapmpter

508 1096 652 1151 labia
697 1113 815 1150 mea
845 1096 980 1150 nihil
1017 1096 1163 1149 aliud
1211 1096 1560 1166 eloquentur,
1587 1095 1680 1152 sed
1719 1111 1854 1165 pura
1905 1103 2085 1150 casta-

507 1204 614 1258 que
639 1188 1031 1250 servabuntur,
1068 1197 1126 1240 ut
1152 1188 1262 1244 tuis
1289 1196 1483 1242 vacent
1513 1189 1731 1259 hymnis
1775 1196 1828 1242 et
1876 1202 2084 1242 sermo-

509 1281 692 1334 nibus.
729 1279 852 1334 Vita
883 1288 1063 1334 autem
1102 1295 1220 1334 mea
1253 1281 1350 1335 tibi
1378 1279 1748 1335 benedicendo
1778 1286 1940 1333 nocte
1971 1277 2079 1332 die—

509 1389 616 1443 que
654 1374 1170 1443 sempcrincmnbet
1206 1392 1217 1427 :
1256 1389 1452 1427 manus
1501 1373 1750 1442 corporis
1797 1371 1925 1434 mei,
1955 1387 2086 1440 ope-

514 1480 681 1534 raque
704 1464 770 1518 iis
793 1465 959 1527 edita,
993 1463 1046 1516 in
1084 1465 1303 1518 nomine
1327 1471 1420 1518 tuo
1468 1463 1659 1517 levabo
1717 1461 2086 1530 extollamque

513 1555 568 1608 in
605 1556 796 1619 altum,
828 1571 995 1624 pravo
1025 1555 1221 1624 quovis
1253 1555 1497 1609 facinore
1537 1568 1701 1624 puras
1746 1552 1990 1618 elIeram,
2029 1559 2087 1604 ut

513 1645 651 1700 dicit
682 1646 904 1716 quidam
939 1665 951 1700 :
987 1667 1004 1696 ι
1050 1644 1184 1698 Volo
1234 1646 1385 1700 viros
1438 1660 1620 1707 orare,
1651 1645 1893 1699 levantes
1922 1657 2087 1712 puras

514 1755 710 1793 manus
739 1739 857 1794 sine
891 1738 969 1791 ira
997 1746 1048 1792 et
1078 1735 1477 1804 disceptatione
1493 1735 1561 1789 ⁸⁸.
1603 1753 1622 1786 ι
1653 1734 1745 1789 Sic
1785 1741 1965 1787 autem
2008 1733 2088 1785 la-

2188 541 2322 595 ἐτῶν
2375 543 2640 614 περιόδοις
2687 542 3059 613 κτησάμενοςο
3109 539 3220 592 ἀλλ’
3251 538 3398 591 οὐδέν
3437 539 3551 590 ἐστι
3586 536 3758 591 ταῦτα

2187 635 2590 706 συγκρινόμενα
2624 635 2762 706 πρὸς
2789 635 2849 687 τὸ
2870 634 3016 697 ἔλεος
3042 631 3136 686 τοῦ
3159 629 3392 692 Θεοῦ,τδ
3413 629 3512 700 τῆς
3540 628 3759 683 αἰωνίου

2185 728 2331 799 ζωῆς
2357 728 2450 782 καὶ
2473 728 2579 782 τῶν
2604 727 2938 799 ἐπουρανίων
2959 724 3178 795 ἀγαθῶν
3203 723 3395 776 αἴτιον.
3433 722 3633 792 Διόπερ
3668 721 3761 775 καὶ

2184 821 2261 892 τῷ
2291 820 2368 892 σῷ
2393 821 2525 893 ἐλέῳ
2556 821 2950 894 ἐπιθαρσήσας,
2988 819 3166 872 πᾶσάν
3197 835 3296 888 μου
3338 816 3436 888 τήν
3479 813 3762 886 παροῦσαν

2186 913 2330 985 ζωήν
2373 930 2453 966 σοι
2508 912 2788 984 ἀναθήσω,
2832 911 3020 984 ὥσπερ
3063 909 3188 964 τινά
3221 909 3378 980 τίμια
3415 907 3760 979 ἀναθήματα,

2184 1008 2278 1060 καὶ
2311 1005 2574 1077 πολυτελῆ
2604 1006 2862 1077 κειμήλια
2889 1005 2960 1058 τὰ
2991 1004 3123 1076 μέλη
3149 1020 3250 1074 μου
3285 1003 3377 1055 καὶ
3402 1001 3471 1054 τά
3505 1000 3765 1071 αἰσθητή-

2187 1117 2280 1172 ρια
2311 1102 2378 1171 τῇ
2412 1103 2477 1170 σῇ
2503 1092 2769 1170 ἀφορίσας
2793 1097 3120 1168 λειτουργία.
3146 1095 3236 1148 Διὸ
3253 1095 3322 1148 τά
3353 1095 3452 1165 μὲν
3478 1094 3630 1164 χείλη
3662 1111 3762 1164 μου

2184 1191 2336 1244 οὐδὲν
2368 1190 2553 1263 ἐτερον
2590 1189 2841 1261 λαλήσει,
2884 1189 3136 1258 ἀγνεύσει
3173 1189 3230 1242 δὲ
3287 1189 3380 1242 καὶ
3427 1186 3640 1258 καθαρὰ
3674 1204 3767 1254 φυ-

2185 1281 2533 1352 λαχθήσεται,
2585 1282 2664 1344 εἰς
2697 1280 2757 1332 τὸ
2792 1279 3071 1349 σχολάζειν
3124 1280 3234 1340 τοῖς
3282 1280 3394 1339 σοῖς
3433 1276 3623 1346 ὐμνοις
3672 1277 3768 1328 καὶ

2186 1373 2364 1441 λόγοις
2383 1390 2395 1403 ·
2430 1375 2462 1442 ή
2505 1372 2561 1425 δὲ
2596 1372 2708 1443 ζωή
2745 1389 2847 1442 μου
2873 1372 3009 1441 αὐτη
3037 1387 3100 1422 πε
3112 1370 3163 1440 ρὶ
3186 1368 3244 1422 τὸ
3276 1369 3515 1436 εὐλογεῖν
3540 1385 3598 1421 σε
3627 1367 3769 1421 πάν-

2184 1482 2305 1518 τοτε
2355 1465 2571 1535 νύκτωρ
2623 1464 2718 1516 καὶ
2763 1463 2880 1534 μεθ’
2913 1464 3124 1534 ἡμέραν
3169 1461 3622 1532 ἀσχοληθήσεται·
3668 1462 3770 1514 καὶ

2187 1555 2285 1620 τάς
2329 1558 2516 1628 χεῖρας
2553 1555 2610 1608 δέ
2659 1554 2750 1608 τοῦ
2794 1553 3042 1625 σώματός
3071 1571 3197 1625 μου.
3223 1554 3320 1617 τάς
3347 1571 3406 1606 τε
3437 1553 3525 1606 διὰ
3559 1553 3770 1606 τούτων

2187 1649 2612 1720 ἐπιτελουμένας
2641 1649 2886 1720 πράξεις,
2911 1651 2967 1702 ἐν
3007 1648 3082 1717 τῷ
3111 1647 3333 1717 ὀνόματί
3369 1663 3460 1699 σου
3502 1647 3618 1716 ἀρῶ
3669 1664 3768 1717 με-

2188 1741 2466 1812 τεωρίζων
2495 1743 2574 1806 είς
2600 1740 2750 1811 ὕψος,
2782 1742 2872 1794 καὶ
2923 1741 3004 1794 σοὶ⁵
3045 1739 3288 1810 καθαρὰς
3320 1740 3499 1810 πάσης
3539 1739 3770 1810 παρανό-

514 1831 603 1886 bia
636 1847 756 1887 mea
785 1841 839 1885 et
871 1846 1066 1884 manus
1099 1846 1230 1883 mea:
1264 1830 1356 1883 tibi
1390 1827 1836 1890 destinabuntur,
1861 1833 1920 1881 ut
1943 1825 2086 1879 labia

2194 1851 2292 1904 μου
2332 1834 2582 1903 πράξεως
2625 1834 2934 1898 ἐπιδεικνὺς
2985 1831 3152 1896 αὐτάς
3186 1833 3325 1885 κατὰ
3364 1833 3458 1885 τὸν
3503 1833 3765 1903 φήσαντα·

515 1924 736 1994 quidem
779 1938 808 1975 a
841 1921 1190 1993 thymiamate
1231 1920 1361 1974 boni
1403 1919 1590 1974 odoris
1631 1919 1765 1973 nihil
1792 1917 2084 1981 diﬂ'erant,

515 2031 712 2070 manus
734 2030 864 2069 vero
889 2015 956 2068 ab
974 2014 1178 2070 efﬁcaci
1211 2023 1265 2069 et
1298 2028 1428 2069 vero
1457 2012 1730 2068 sacriﬁcio
1757 2027 1866 2066 non
1889 2010 2090 2065 discre-

515 2115 664 2176 pent,
717 2115 773 2160 ut
802 2113 1113 2175 opportune
1165 2105 1345 2160 dicam
1395 2104 1462 2160 de
1506 2104 1668 2159 labiis
1721 2103 1879 2167 meis,
1913 2118 1931 2153 ι
1969 2100 2088 2155 Fiat

515 2203 692 2256 oratio
724 2216 841 2255 mea
891 2200 1032 2256 sicut
1089 2201 1374 2255 incensum
1410 2199 1465 2253 in
1496 2205 1795 2269 conspectu
1825 2206 1921 2252 tuo
1944 2197 2018 2264 ’7;
2064 2216 2083 2249 ι

514 2296 582 2349 de
636 2294 896 2363 Operibus
957 2303 1160 2356 autem,
1199 2312 1216 2343 ι
1253 2291 1786 2347 Elevatiomanuum
1842 2306 2087 2346 mearum

514 2385 849 2442 sacriﬁcium
882 2385 1254 2455 vespertinum
1280 2384 1347 2439 ⁸⁸.
1380 2403 1399 2435 ι
1426 2382 1602 2453 Atque
1624 2383 1696 2437 ita
1717 2397 1847 2438 caro
1876 2390 1931 2438 et
1964 2397 2090 2436 cor-

516 2498 618 2550 pus
659 2494 839 2533 meum
869 2479 1177 2534 ministerio
1211 2489 1304 2532 tuo
1329 2475 1689 2539 addicentur;
1726 2477 1907 2531 anima
1960 2492 2090 2531 vero

517 2589 634 2628 mea
687 2571 912 2640 majoris
961 2585 1193 2627 consors
1221 2570 1328 2625 erit
1352 2569 1573 2624 virtutis
1609 2587 1621 2623 :
1655 2585 1826 2639 quare
1881 2568 1950 2624 de
2000 2568 2092 2622 illa

515 2664 679 2717 dico:
717 2679 736 2713 ι
784 2659 938 2716 Sicut
964 2660 1123 2731 adipe
1153 2668 1206 2716 et
1239 2659 1570 2732 pinguedine
1611 2659 1887 2730 repleatur
1907 2658 2091 2712 anima

513 2769 654 2810 mea.
699 2772 718 2805 ι
774 2751 960 2821 Neque
984 2754 1129 2808 enim
1187 2753 1304 2822 pari
1355 2761 1517 2822 atque
1571 2767 1774 2821 corpus
1829 2750 2042 2804 ratione
2073 2789 2090 2814 ,

515 2844 698 2898 anima
734 2843 916 2908 labils,
949 2853 1042 2897 aut
1075 2844 1352 2906 manibus,
1380 2853 1474 2897 aut
1508 2842 1614 2895 alia
1648 2841 1902 2912 quapiam
1941 2850 2094 2912 parte

517 2935 601 2990 vel
641 2935 924 3001 membro;
958 2935 1054 2990 sed
1099 2935 1218 3004 ipsa
1245 2943 1360 2988 tota
1393 2950 1455 2988 ac
1492 2949 1588 3001 per
1634 2950 1693 2988 se
1741 2935 2094 3004 praestantior

515 3027 665 3082 omni
706 3027 978 3081 sacriﬁcio
1024 3025 1353 3089 holocausti,
1398 3025 1660 3095 omni'que
1698 3025 1924 3080 animali
1973 3027 2094 3096 pin-

516 3120 608 3190 gui
636 3119 793 3189 adipe
821 3129 874 3173 et
907 3118 1244 3189 pinguedine
1278 3117 1504 3184 referto,
1537 3119 1634 3172 tibi
1674 3119 1785 3175 Deo
1816 3118 2089 3185 oﬂ'eretur,

517 3211 916 3282 pretiosiorque
945 3211 1138 3274 vitulo,
1168 3220 1322 3266 tauro
1358 3226 1421 3266 ac
1453 3211 1648 3282 quovis
1671 3212 1830 3266 bruto
1861 3212 2091 3266 animali

517 3304 614 3358 abs
646 3310 700 3357 te
727 3302 1089 3372 reputabitur.
1121 3301 1303 3368 Quare
1357 3303 1499 3358 hanc
1539 3303 1956 3374 pinguissimam
1995 3319 2093 3358 ae-

514 3404 835 3467 ceptamque
867 3396 965 3451 tibi
1006 3396 1262 3461 hostiam,
1293 3397 1532 3450 animam
1573 3396 1697 3451 dico
1749 3412 1948 3459 meam,
1995 3398 2092 3452 tibi

514 3489 730 3544 dicabo.
761 3488 939 3558 Atque
968 3487 1070 3544 bac
1095 3488 1166 3543 de
1185 3503 1352 3544 causa
1385 3490 1615 3558 gratiam
1652 3488 1749 3543 tibi
1785 3487 2088 3560 professus,

517 3583 677 3652 pleno
708 3597 805 3651 ore
853 3581 1096 3652 ipsisque
1149 3581 1311 3637 labiis
1355 3581 1558 3652 gaudio
1602 3581 1826 3652 repletis
1859 3589 1913 3638 te
1945 3583 2090 3639 celeo

516 3674 686 3728 brabo
721 3693 732 3728 :
773 3673 898 3728 ideo
953 3673 1032 3729 sic
1070 3675 1266 3743 loquor
1298 3693 1311 3728 :
1351 3694 1368 3726 ι
1399 3673 1465 3727 Ει
1497 3673 1659 3730 labiis
1704 3675 2096 3733 exsultationis

516 3765 759 3820 laudabit
791 3782 854 3821 os
885 3783 1099 3833 meum;
1125 3786 1144 3818 ι
1167 3767 1304 3832 sive,
1341 3769 1641 3823 secundum
1684 3766 2093 3840 Symmachum,

522 3876 539 3906 ι
575 3857 638 3910 Ει
661 3858 819 3911 labiis
845 3858 1243 3914 benedictionis
1266 3859 1566 3915 celebrabit
1601 3875 1664 3913 os
1689 3875 1891 3915 meum.
1928 3881 1946 3913 ι

2192 1943 2210 1976 ι
2232 1925 2498 1996 Βούλομαι
2527 1926 2654 1990 τοὺς
2669 1925 2866 1997 ἀνδρας
2881 1924 3291 1997 ,προσεύχεσθαι
3318 1924 3638 1995 ἐπαίροντας
3659 1926 3770 1977 ὁσί-

2185 2034 2276 2080 ους
2305 2019 2489 2087 χεῖρας
2515 2015 2682 2086 χωρὶς
2714 2016 2880 2086 ὀργῆς
2899 2015 2992 2068 καὶ
3022 2013 3400 2085 διαλογισμῶν.
3445 2035 3461 2066 ι
3501 2015 3685 2078 Οὕτως
3715 2016 3773 2068 δὲ

2187 2107 2256 2161 τὰ
2274 2108 2426 2178 χείλη
2459 2122 2558 2179 μου
2585 2108 2678 2161 καὶ
2708 2109 2764 2160 αἱ
2783 2109 2962 2177 χεῖρες
3004 2106 3456 2178 ἀφορισθήσονταί
3478 2125 3580 2166 σοι.
3611 2109 3684 2171 ὡς
3705 2109 3775 2161 τὰ

2191 2199 2290 2272 μὲν
2331 2199 2483 2270 χείλη
2527 2198 2869 2270 θυμιάματος
2897 2198 3127 2262 εὐώδους
3154 2199 3214 2252 τὸ
3243 2199 3413 2270 μηθὲν
3465 2201 3775 2272 διαφέρειν,

2187 2292 2284 2355 τάς
2312 2291 2369 2344 δὲ
2401 2294 2593 2363 χεῖρας
2624 2291 2816 2355 θυσίας
2861 2291 3117 2362 ἐνεργοῦς
3154 2292 3246 2344 καὶ
3272 2291 3532 2361 ἀληθινῆς
3567 2292 3640 2362 μὴ
3668 2292 3778 2344 λεί-

2191 2385 2420 2440 πεσθαιο
2474 2385 2550 2449 ὡς
2588 2385 2762 2437 εἰπεῖν
2818 2401 2885 2455 με
2939 2384 3212 2455 εὐκαίρως
3245 2384 3373 2454 περὶ
3409 2385 3506 2454 μὲν
3533 2383 3640 2436 τῶν
3673 2400 3781 2453 χει-

2187 2478 2328 2532 λέων
2361 2495 2467 2548 μου
2495 2476 2576 2545 τὸ,
2609 2496 2628 2526 ι
2667 2477 2954 2548 Γενηθήτω
2979 2478 3013 2548 ή
3048 2479 3320 2549 προσευχή
3367 2494 3468 2547 μου
3506 2477 3580 2540 ὡς
3613 2475 3777 2547 θυμί-

2191 2589 2307 2643 αμα
2351 2570 2580 2624 ἐνώπιόν
2640 2587 2766 2624 σου·
2828 2590 2847 2622 ι
2883 2571 3008 2642 περὶ
3049 2570 3104 2623 δὲ
3133 2570 3239 2624 τῶν
3286 2569 3532 2642 πράξεών
3562 2588 3661 2640 μου
3688 2571 3780 2632 τὸ,

2197 2681 2214 2713 ι
2250 2663 2520 2732 Ἐπαρσις
2560 2661 2670 2714 τῶν
2704 2661 2902 2732 χειρῶν
2937 2679 3039 2732 μου
3080 2661 3238 2714 θυσία
3269 2662 3542 2733 ἐσπερινή.
3607 2680 3630 2713 ι
3659 2663 3780 2732 Καὶ

2192 2756 2225 2823 ἡ
2263 2753 2361 2825 μὲν
2394 2753 2532 2826 σὰρξ
2575 2755 2669 2810 καὶ
2709 2755 2768 2808 τὸ
2804 2756 2961 2826 σῶμα
2995 2754 3168 2820 οὕτως
3192 2755 3575 2825 ἀνατεθήσεται
3603 2758 3668 2826 τῇ
3700 2759 3777 2826 σῇ

2191 2843 2518 2916 λειτουργίᾳ·
2537 2848 2568 2918 ἡ
2587 2847 2643 2900 δέ
2667 2845 2812 2918 ψυχή
2837 2865 2939 2918 μου
2971 2847 3209 2911 πλείονος
3235 2848 3446 2919 μεθέξει
3467 2848 3778 2918 δυνάμεωςο

2192 2935 2272 2988 διὸ
2303 2938 2393 2990 καὶ
2425 2939 2553 3010 περὶ
2601 2939 2771 3010 αὐτῆς
2801 2957 2976 3010 φημι·
3031 2959 3049 2990 ι
3096 2940 3239 2992 Ὠσεὶ
3283 2941 3503 3004 στέατος
3536 2941 3630 2994 καὶ
3659 2941 3780 2992 πιό-

2195 3045 2357 3100 τητος
2399 3030 2738 3102 ἐμπλησθείη
2770 3031 2972 3104 ἡψυχὴ
3011 3050 3131 3103 μου.
3170 3053 3188 3084 ι
3222 3034 3414 3086 Οὐκέτι
3445 3033 3554 3104 γὰρ
3582 3033 3782 3104 ὁμοίως
3825 3101 3830 3106 _

2192 3123 2270 3194 τῷ
2299 3123 2512 3196 σώματι
2548 3128 2641 3180 καὶ
2693 3129 2726 3198 ή
2761 3125 2906 3197 ψυχὴ
2951 3126 3185 3197 χείλεσιν
3231 3127 3351 3179 οὐδέ
3405 3128 3618 3197 χερσὶν,
3659 3125 3782 3177 οὐδέ

2193 3217 2336 3271 κατὰ
2362 3234 2415 3270 τι
2452 3217 2618 3300 μέρος
2643 3217 2676 3288 ἢ
2713 3219 2873 3289 μέλος
2901 3219 3109 3291 ἕτερον,
3142 3219 3236 3289 ὅλη
3265 3218 3320 3271 δέ
3348 3219 3484 3288 αὐτη
3516 3217 3635 3271 καθ’
3657 3218 3784 3269 ἐαυ-

2189 3311 2288 3384 τὴν
2341 3313 2484 3384 ὐπέρ
2525 3314 2703 3366 πᾶσαν
2749 3313 3038 3366 όλόκαυτον
3103 3312 3316 3378 θυσίαν,
3355 3312 3451 3363 καὶ
3501 3311 3638 3380 ὑπὲρ
3674 3311 3786 3363 πᾶν

2193 3406 2332 3471 ζῶον
2372 3406 2640 3478 εὐτραφὲς
2677 3407 2931 3478 πιότητος
2960 3407 3058 3461 καὶ
3113 3407 3333 3468 στέατος
3367 3405 3555 3474 γέμον,
3583 3405 3664 3457 σοὶ
3702 3403 3788 3472 τῷ

2193 3498 2312 3569 Θεῷ
2333 3499 2846 3570 προσενεχθήσεται,
2869 3500 3069 3571 μόσχου
3098 3501 3194 3553 καὶ
3221 3498 3444 3569 ταύρου,
3471 3498 3562 3551 καὶ
3585 3496 3789 3560 παντὸς

2195 3589 2392 3658 ἀλόγου
2421 3588 2558 3652 ξώου
2589 3589 2894 3660 τιμιωτέρα
2945 3588 3096 3660 παρά
3151 3589 3233 3642 σοὶ
3283 3587 3654 3657 λελογισμένη.
3688 3587 3800 3638 Διὸ.

2197 3681 2290 3734 καὶ
2332 3681 2536 3753 ταύτην
2574 3699 2654 3734 σοι
2690 3682 2950 3752 πιοτάτην
2984 3682 3077 3734 καί
3134 3699 3217 3734 σοι
3260 3680 3526 3752 προσφιλῆ
3561 3679 3784 3742 θυσίαν,

2197 3771 2342 3840 λέγω
2365 3772 2422 3825 δὲ
2463 3773 2560 3844 τὴν
2593 3773 2834 3845 ἐμαυτοῦ
2867 3773 3066 3844 ψυχὴν,
3100 3773 3373 3844 ἀναθήσω.
3411 3772 3528 3825 Ἐπὶ
3566 3769 3787 3835 τούτοις

2198 3881 2259 3917 τε
2295 3865 2525 3938 χάριτας
2555 3866 2834 3938 ὁμολογῶν
2858 3868 2964 3938 ὅλῳ
2989 3866 3064 3938 τῷ
3093 3867 3320 3938 στόματι
3348 3868 3435 3920 καὶ
3459 3866 3638 3929 αὐτοῖς
3663 3865 3785 3936 χεί-

515 3949 632 4003 λεσι
664 3952 839 4022 χαρᾶς
871 3951 1319 4023 πεπληρωμένοις
1349 3953 1642 4024 ἀνυμνήσω
1678 3971 1737 4006 σε
1758 3969 1774 3984 ο
1807 3953 1887 4007 διό
1917 3971 2095 4025 φημι·
2139 3975 2158 4006 ι
2199 3958 2308 4012 Καὶ
2334 3959 2487 4030 χείλη
2528 3959 2900 4028 ἀγαλλιάσεως
2925 3962 3127 4015 αἰνέσει
3187 3961 3249 4015 τὸ
3279 3961 3452 4032 στόμα
3485 3977 3586 4032 μου
3626 3977 3643 3992 ο
3696 3981 3714 4011 ›
3751 3962 3796 4032 ἢ·

517 4045 658 4099 κατά
703 4045 794 4098 τὸν
849 4046 1171 4116 Σύμμαχονο
1209 4065 1227 4098 ι
1283 4049 1393 4102 Καὶ
1433 4047 1522 4102 διὰ
1567 4048 1789 4118 χειλέων
1839 4049 2099 4122 εὐφήμων
2141 4053 2373 4125 ὑμνήσει
2401 4054 2462 4108 τὸ
2495 4055 2670 4124 στόμα
2697 4072 2821 4126 μου.
2855 4075 2874 4108 ι

588 4159 756 4216 Vens.
815 4162 926 4216 7-9.
968 4179 985 4214 ι
1027 4160 1084 4214 Si
1132 4177 1340 4218 memor
1395 4162 1471 4217 fui
1519 4164 1597 4218 tui
1639 4181 1804 4236 super
1862 4175 2094 4223 stratum

517 4271 724 4320 meum,
756 4256 812 4310 in
868 4256 1155 4312 matutinis
1202 4257 1508 4312 meditabar
1556 4259 1612 4312 in
1659 4266 1734 4325 te,
1759 4259 1888 4331 quia
1939 4259 2094 4315 fuisti

515 4345 737 4415 adjutor
775 4360 952 4399 meus.
993 4343 1054 4399 Et
1085 4345 1140 4399 in
1173 4346 1481 4402 velamento
1513 4347 1723 4404 alarum
1750 4359 1966 4404 tuarum
2001 4366 2096 4406 ειν

2271 4187 2290 4220 ι
2326 4171 2388 4223 Ei
2416 4172 2784 4244 ἐμνημόνευόν
2831 4188 2926 4224 σου
2973 4169 3064 4222 ἐπὶ
3107 4169 3207 4240 τῆς
3241 4169 3530 4240 στρωμνῆς
3565 4183 3689 4236 μου,
3729 4167 3794 4218 ἐν

2196 4263 2308 4324 τοῖς
2351 4261 2569 4334 ὅρθροις
2607 4261 2881 4334 ἐμελέτων
2914 4262 2994 4323 είς
3045 4259 3128 4323 σέ,
3155 4260 3238 4312 ὅτι
3285 4257 3552 4328 ἐγενήθης
3593 4255 3786 4326 βοηθός

2199 4370 2321 4423 μου.
2359 4354 2468 4406 Καὶ
2512 4355 2571 4407 ἐν
2617 4356 2683 4425 τῇ
2736 4353 2916 4425 σκέπῃ
2947 4351 3054 4404 τῶν
3082 4349 3366 4422 πτερύγων
3397 4365 3489 4401 σου
3529 4346 3793 4415 ἀγαλλια-

515 4436 757 4502 sultabo,
795 4435 1026 4490 adhaesit
1062 4437 1243 4492 anima
1292 4453 1410 4492 mea
1457 4447 1583 4508 post
1609 4447 1680 4507 te,
1730 4457 1817 4496 me
1851 4442 2090 4512 suscepit

2202 4461 2383 4514 σομαι,
2414 4445 2678 4518 ἐκολλήθη
2721 4447 2754 4518 ἡ
2791 4445 2937 4515 ψυχή
2972 4461 3073 4515 μου
3106 4444 3280 4497 ὀπίσω
3313 4459 3430 4504 σου,
3458 4438 3592 4512 ἐμοῦ
3617 4438 3674 4492 δὲ
3702 4438 3790 4491 ἀν»

517 4529 738 4583 dextera
780 4534 894 4581 tua.
937 4546 955 4578 ›
993 4526 1130 4582 Cum
1174 4529 1230 4582 in
1284 4529 1504 4584 deserto
1543 4530 1744 4586 ludam
1789 4539 2097 4587 versaretur

518 4619 858 4675 admirabilis
897 4621 987 4677 ille
1018 4620 1207 4684 David,
1243 4638 1353 4677 non
1389 4624 1648 4678 animalia
1688 4624 2095 4680 immolaturum

519 4725 598 4773 se,
629 4727 806 4780 neque
830 4713 1118 4768 brutorum
1152 4729 1435 4784 pecorum,
1481 4716 1577 4772 sed
1621 4728 1959 4776 memoratas
2001 4735 2096 4776 su-

521 4798 706 4867 perius
731 4801 1046 4863 verborum,
1079 4817 1305 4871 operum
1335 4811 1390 4859 et
1420 4804 1594 4874 ipsius
1627 4809 1824 4863 anima:
1859 4807 2092 4875 hostias,

520 4891 825 4959 pollicetur.
864 4891 980 4947 Sub
1010 4893 1126 4948 haec
1163 4903 1344 4950 autem
1375 4911 1483 4965 qua
1513 4900 1900 4968 temperantia,
1929 4915 2095 4972 quam

520 4984 758 5052 perfecta
806 4987 1056 5042 castitate
1110 4988 1368 5056 praeditus
1411 4997 1599 5054 esset,
1655 4989 1764 5047 Deo
1805 4991 2095 5049 declarat:

517 5091 688 5146 quare
716 5077 827 5131 ait:
855 5096 874 5129 ι
903 5077 958 5132 Si
989 5094 1197 5133 memor
1227 5079 1303 5134 fui
1327 5082 1406 5137 tui
1442 5098 1607 5153 super
1637 5089 1869 5138 stratura
1893 5100 2096 5150 meum,

520 5170 572 5221 in
641 5169 930 5224 matutinis
987 5171 1294 5226 meditabar
1343 5173 1399 5228 in
1451 5181 1533 5240 te;
1575 5194 1592 5225 ι
1632 5175 1749 5230 sive
1793 5177 2100 5232 secundum

520 5259 948 5330 Symmachum,
1010 5280 1028 5312 ι
1083 5261 1425 5320 Recordatus
1493 5267 1574 5320 tui
1628 5283 1793 5337 super
1865 5275 2098 5324 stratum

521 5368 722 5417 meum,
760 5367 855 5421 per
885 5353 1128 5423 singulas
1156 5355 1438 5410 custodias
1478 5358 1781 5414 meditabar
1818 5367 1892 5418 te.
1933 5380 1952 5413 ι
1984 5361 2095 5418 Ne-

520 5460 627 5514 que
649 5443 794 5496 enim
834 5444 945 5498 alio
978 5444 1139 5498 modo
1166 5452 1428 5514 poteram,
1457 5447 1671 5518 inquit,
1699 5451 1766 5505 ad
1803 5459 1856 5506 te
1881 5451 1949 5507 de
1974 5453 2100 5508 luce

524 5536 771 5606 vigilare,
803 5552 978 5606 neque
1002 5535 1274 5606 precando
1295 5537 1499 5604 dicere,
1532 5559 1550 5591 ι
1585 5540 1728 5596 Deus
1755 5542 1896 5598 Deus
1921 5560 2094 5609 meus,

527 5629 590 5684 ad
623 5638 675 5684 te
707 5628 775 5683 de
803 5630 922 5686 luce
951 5631 1131 5702 vigilo,
1174 5650 1194 5683 ι
1223 5630 1328 5686 nisi
1364 5646 1562 5700 purum
1611 5642 1841 5689 stratum
1872 5635 2091 5694 habuis-

596 5781 640 5814 ⁸⁸
681 5783 699 5836 l
735 5781 876 5836 Tim.
911 5799 970 5850 ιι,
1009 5783 1041 5838 8
1139 5784 1179 5813 ⁸⁷
1223 5781 1366 5841 I’sal.
1404 5800 1536 5853 ext,
1576 5786 1626 5842 :2.
1711 5789 1753 5818 ⁸⁸
1795 5789 1924 5846 ibid.

2199 4533 2457 4588 τελάὁετο
2501 4538 2536 4607 ἡ
2579 4536 2728 4603 δεξιά
2771 4554 2886 4591 σου.
2927 4539 3014 4591 Ἐν
3040 4539 3106 4607 τῇ
3141 4537 3331 4606 ἐρήμῳ
3372 4532 3472 4602 τῆς
3528 4528 3786 4590 ἰουδαίας

2199 4625 2490 4698 διατρίϐων
2515 4629 2544 4681 ό
2570 4627 2872 4699 θαυμάσιος
2904 4629 3085 4692 Δαυῒδ,
3112 4627 3172 4680 οὐ
3203 4626 3314 4691 ζῶα
3343 4623 3490 4677 θύειν
3518 4619 3785 4688 ἐπαγγέλ-

2199 4717 2369 4782 λεται,
2393 4719 2513 4772 οὐδὲ
2544 4719 2642 4784 τάς
2663 4721 2723 4788 ἐξ
2755 4721 2965 4790 ἀλόγων
3000 4721 3332 4793 θρεμμάτων
3359 4717 3567 4782 θυσίας,
3597 4713 3698 4779 τὰς
3725 4714 3786 4768 δὲ

2201 4810 2588 4882 προλεχθείσας
2637 4812 2725 4866 διὰ
2769 4813 2944 4882 λόγων
2993 4813 3088 4868 και
3146 4811 3420 4883 πράξεων,
3453 4811 3548 4863 καὶ
3603 4805 3786 4877 ψυχῆς

2204 4904 2391 4974 αὐτῆς.
2432 4902 2542 4958 Εἶτ’
2566 4905 2661 4959 ἐπὶ
2686 4905 2897 4969 τούτοις
2923 4904 3001 4976 τῷ
3025 4904 3144 4976 Θεῷ
3174 4905 3444 4958 δείκνυσιν
3478 4903 3626 4964 ὅπως
3657 4898 3784 4953 ἀνέ-

2206 5010 2354 5046 κειτο
2405 4995 2729 5068 σωφροσύνῃ
2770 4997 2864 5048 καὶ
2912 4994 3168 5049 παντελεί
3209 4995 3427 5064 ἁγνεία·
3463 4991 3546 5044 διό
3583 5003 3783 5062 φησιν’

2210 5101 2228 5134 ι
2275 5085 2339 5137 Ei.
2382 5087 2750 5158 ἐμνημόνευόν
2787 5103 2886 5140 σου
2929 5089 3023 5140 ἐπὶ
3071 5087 3170 5158 τῆς
3221 5085 3508 5158 στρωμνῆς
3572 5100 3696 5154 μου,
3729 5084 3788 5135 ἐν

2203 5180 2316 5240 τοῖς
2342 5177 2558 5250 ὅρθροις
2580 5181 2848 5252 ἐμελέτων
2870 5183 2950 5246 είς
2971 5182 3052 5236 σέ·
3075 5201 3093 5234 ›
3121 5181 3153 5253 ἢ
3185 5180 3326 5235 κατά
3343 5179 3434 5232 τὸν
3459 5177 3755 5248 Σύμμαχον
3770 5192 3786 5206 ·

2210 5287 2228 5320 ι
2277 5271 2846 5347 Ἀναμιμνησκόμενός
2879 5294 2972 5329 σου
3014 5276 3105 5329 ἐπὶ
3145 5273 3249 5344 τῆς
3304 5272 3596 5343 στρωμνῆς
3652 5283 3788 5337 μου.

2203 5361 2322 5414 καθ’
2359 5362 2595 5436 ἐκάστην
2615 5367 2858 5438 φυλακὴν
2887 5366 3157 5438 ἐμελέτων
3184 5382 3263 5418 σε.
3293 5383 3311 5417 ι
3339 5364 3414 5417 Οὐ
3444 5361 3556 5432 γὰρ
3588 5357 3789 5419 ἄλλως,

2204 5455 2390 5524 φησὶν,
2430 5451 2541 5521 οἶός
2582 5475 2641 5510 τε
2682 5460 2830 5531 ήμην
2858 5460 2993 5532 πρὸς
3044 5460 3103 5513 σὲ
3139 5457 3434 5530 ὁρθρίζειν,
3459 5454 3580 5508 οὐδέ
3607 5451 3792 5519 λέγειν

2203 5549 2522 5620 εὐχόμενοςτ
2557 5569 2572 5602 ι
2607 5553 2664 5604 '0
2694 5553 2828 5617 Θεὸς
2850 5555 2879 5606 ὁ
2906 5553 3038 5617 Θεός
3075 5569 3199 5623 μου,
3224 5550 3360 5622 πρὸς
3384 5549 3441 5602 σὲ
3468 5544 3730 5619 ὁρθρίζω.
3767 5563 3788 5596 ι

2205 5642 2250 5694 εί
2286 5641 2358 5713 μὴ
2395 5642 2638 5715 καθαρὰν
2679 5645 2990 5718 ἐκεκτήμην
3045 5645 3142 5718 τῆν
3197 5642 3516 5715 στρωμνήν.
3560 5634 3793 5708 Ἐγινὼ-
