4024 6210
288 280 402 338 609

1460 267 1965 328 COMMENTARIA
2007 267 2071 323 IN
2106 266 2449 325 PSALMOS.
3450 277 3556 333 bit)

296 414 460 453 σκετο
512 397 573 450 δέ
624 411 725 466 μου
776 396 811 466 ή
862 391 1172 465 καθαρότης
1208 393 1311 447 οὐκ
1342 391 1562 447 ἂλλοθεν
1587 392 1621 464 ἦ
1651 392 1762 446 ἀπὸ
1784 391 1877 445 τοῦ

1994 404 2120 447 5cm.
2151 388 2390 461 Moxque
2420 388 2676 460 puritatis
2706 405 2817 447 non
2850 389 2998 448 aliud
3033 390 3222 448 aderat
3264 407 3560 465 argumen-

294 489 441 545 κατά
465 487 559 542 τὸν
589 486 785 559 δρθρον
816 486 884 540 τὰ
910 485 980 539 σὰ
1014 485 1243 558 μελετᾷν
1269 485 1443 555 λόγια.
1473 484 1644 556 Δῆλον
1672 483 1782 557 γὰρ
1811 479 1880 556 ἦν

295 584 364 636 ἐκ
394 578 587 635 τούτου
617 577 741 651 μηδ’
767 577 897 633 ἄλλο
926 596 980 633 τι
1008 578 1266 650 πράττειν
1298 595 1366 649 με
1394 577 1493 644 τὰς
1512 576 1734 641 νύκτας,
1762 576 1797 648 ἦ
1821 576 1882 630 σέ

294 674 389 728 τὸν
412 672 547 727 Θεὸν
579 672 688 745 πρὸ
722 670 1014 743 ὀφθαλμῶν
1051 670 1214 743 ἔχειν.
1249 670 1407 726 Κατά
1437 671 1495 725 δὲ
1531 671 1623 725 τον
1656 669 1882 742 Σύμμα-

295 774 392 838 χον
423 763 672 832 λέγοντα,
700 781 720 812 ι
746 761 869 816 καθ’
896 761 1131 834 ἑκάστην
1162 760 1409 834 φυλακὴν
1429 759 1701 831 ἐμελέτων
1738 776 1818 823 σε,
1856 778 1876 812 ι

296 856 395 910 καὶ
424 854 570 909 κατά
586 852 680 907 τὸν
714 851 948 906 Ἀκύλαν
978 852 1245 924 φήσαντα,
1275 870 1295 903 ‹
1331 853 1390 906 ἐν
1423 849 1692 922 φυλακαῖς
1717 850 1882 920 φθέγ-

296 941 549 1015 rogasti;
583 942 687 1005 σοὶ,
731 960 751 992 ι
788 940 981 1013 δηλοῦν
1031 940 1174 995 ἔοικε
1218 940 1319 1006 τὰς
1361 941 1689 1014 νυκτερινὰς
1732 940 1882 1014 ὥρας

295 1029 591 1086 ἀσκεῖσθαι
618 1032 739 1093 ταῖς
780 1030 890 1084 τῶν
931 1029 1091 1085 θείων
1127 1031 1356 1104 Γραφῶν
1390 1031 1662 1103 μελέταις.
1686 1031 1884 1104 Διῄρη-

294 1141 388 1178 ται
442 1123 545 1195 μὲν
575 1122 687 1195 γάρ
730 1125 760 1177 ό
799 1125 907 1187 πᾶς
949 1122 1049 1194 τῆς
1092 1124 1286 1189 νυκτὸς
1310 1124 1500 1198 χρόνος
1528 1127 1608 1189 εἰς
1636 1125 1885 1195 φυλακάς

297 1216 589 1289 διαφόρους
605 1233 620 1247 ·
650 1215 792 1269 οὕτω
817 1215 943 1285 γοῦν
976 1215 1189 1288 εἴρηται
1208 1217 1266 1270 ἐν
1289 1217 1628 1286 εὐαγγελίοις
1649 1219 1885 1292 τετάρτῃ

302 1310 519 1381 φυλακῇ
565 1307 839 1381 ἐληλυθὼς
862 1311 890 1362 ό
923 1307 1113 1380 Σωτὴρ
1145 1308 1282 1381 πρὸς
1317 1310 1446 1374 τοὺς
1482 1308 1748 1381 μαθητάς.
1774 1311 1885 1363 Καὶ

301 1401 537 1473 ἀλλαχοῦ
570 1402 628 1455 δὲ
657 1401 819 1465 αὐτός
845 1418 978 1473 φησι
997 1418 1011 1431 ·
1051 1421 1069 1451 ι
1108 1402 1455 1473 Γρηγορεῖτε,
1473 1403 1554 1456 ὅτι
1580 1403 1680 1457 οὐκ
1706 1402 1885 1456 οἴδατε

303 1498 433 1569 ποίᾳ
476 1496 693 1568 φυλακῇ
721 1498 749 1550 ό
782 1495 987 1568 Κύριος
1038 1494 1195 1567 ὐμῶν
1237 1495 1454 1568 ἔρχεται
1476 1513 1491 1527 ο
1522 1514 1542 1548 ι
1572 1496 1670 1550 καὶ
1699 1496 1879 1550 πάλιν·

307 1610 327 1642 ι
350 1591 560 1645 Ἐκεῖνο
587 1589 644 1642 δὲ
670 1586 992 1657 γινώσκετε,
1025 1588 1128 1651 ὅτι,
1155 1588 1204 1640 εἰ
1248 1587 1364 1659 ᾔδει
1413 1587 1442 1640 ὁ
1499 1587 1886 1660 οἰκοδεσπότης

305 1682 441 1754 ποίᾳ
465 1681 677 1752 φυλακῇ
705 1682 734 1733 ό
773 1678 1014 1751 κλέπτης
1040 1678 1280 1751 ἔρχεται.
1313 1699 1332 1732 ι
1369 1679 1427 1733 '0
1461 1679 1519 1732 δέ
1545 1697 1608 1749 γε
1634 1679 1887 1754 θεοφιλὴς

1987 492 2125 548 tum,
2157 498 2321 554 quam
2362 483 2508 554 quod
2559 483 2803 541 diluculo
2844 486 3061 556 eloquia
3112 485 3410 543 meditarer
3441 498 3555 545 tua.

1987 573 2125 629 Hinc
2148 573 2296 629 enim
2323 573 2498 644 palam
2532 582 2673 639 erat,
2704 590 2794 631 me
2821 575 2970 631 aliud
3001 577 3139 631 nihil
3174 584 3341 632 noctu
3372 592 3558 651 agere,

1987 682 2150 738 quam
2180 674 2235 723 te
2266 665 2433 722 Deum
2466 681 2577 737 prae
2607 668 2784 724 oculis
2816 667 3042 725 habere.
3064 668 3376 726 Secundum
3400 671 3561 743 Sym-

1987 759 2242 815 machum
2286 767 2491 827 autem,
2522 758 2615 830 qui
2651 761 2734 818 sic
2766 761 2963 826 habet,
2997 780 3017 813 ‹
3055 778 3155 834 per
3182 765 3429 836 singulas
3459 780 3557 820 cu-

1987 852 2195 908 stodias
2237 850 2542 907 meditabar
2565 858 2642 913 te.
2683 870 2704 906 ι
2754 860 2810 908 et
2836 854 3137 909 secundum
3184 854 3436 927 Aquilam
3476 856 3562 909 di-
3622 890 3627 897 ς

1988 953 2227 1008 centem,
2264 960 2287 997 ‹
2324 946 2382 1000 in
2439 944 2704 1002 custodiis
2766 943 2962 1016 loquor
3006 948 3060 1002 in
3114 954 3197 1014 te,
3237 967 3257 1000 ι
3315 948 3559 1005 indicare

1986 1035 2277 1092 videbatur
2305 1051 2366 1092 se
2394 1038 2687 1093 nocturnis
2717 1036 2871 1094 horis
2892 1036 3204 1093 divinarum
3243 1037 3550 1110 Scriptura-

1988 1142 2111 1182 rum
2177 1126 2520 1183 meditationi
2571 1143 2790 1185 vacare.
2839 1129 3030 1186 Noctis
3082 1130 3284 1201 quippe
3344 1138 3559 1203 tempus

1988 1228 2163 1274 totum
2212 1220 2269 1275 in
2305 1221 2484 1277 varias
2518 1221 2802 1279 custodias
2835 1222 3189 1279 distributum
3219 1232 3344 1280 est:
3378 1224 3458 1281 sic
3503 1225 3559 1280 in

1989 1310 2283 1384 Evangelio
2312 1311 2567 1369 Salvator
2594 1322 2791 1384 quarta
2822 1316 3002 1369 noctis
3023 1317 3270 1372 custodia
3305 1316 3371 1372 ad
3401 1317 3564 1373 disci-

1989 1404 2150 1474 pulos
2184 1404 2401 1461 venisse
2437 1406 2659 1462 dicitur.
2704 1405 2852 1462 Alibi
2889 1421 3020 1462 vero
3049 1407 3169 1478 ipse
3188 1408 3321 1464 dicit
3357 1428 3372 1464 :
3409 1428 3429 1461 ι
3463 1408 3559 1465 Vi-

1988 1496 2177 1568 gilate.
2213 1499 2341 1569 quia
2363 1497 2589 1554 nescitis
2630 1514 2737 1569 qua
2774 1499 3023 1554 custodia
3069 1499 3332 1557 Dominus
3377 1510 3565 1557 vester

1989 1588 2173 1646 veniet
2191 1590 2268 1658 89;
2299 1609 2318 1642 ι
2375 1605 2441 1646 ac
2491 1606 2714 1647 rursum
2751 1609 2766 1646 :
2808 1610 2827 1642 ι
2867 1590 3005 1646 illud
3074 1598 3255 1648 autem
3320 1592 3514 1650 scitote
3543 1636 3559 1660 ,

1990 1680 2119 1751 quia
2149 1681 2197 1736 si
2234 1680 2399 1737 sciret
2442 1680 2838 1753 paterfamilias
2865 1697 2971 1753 qua
2992 1683 3244 1738 custodia
3294 1682 3383 1738 fur
3430 1700 3563 1739 ven-

307 1776 408 1829 κα“ι
435 1774 514 1846 τῷ
530 1773 648 1845 Θεῷ
678 1772 1066 1843 ἀνακείμενος,
1094 1772 1644 1844 ἀναμιμνησκόμενος
1675 1773 1768 1827 ἐπὶ
1792 1773 1893 1845 τῆς

1994 1781 2151 1829 turus
2189 1774 2419 1829 esset”.
2463 1792 2482 1826 ι
2523 1773 2622 1828 Vir
2663 1789 2830 1844 porro
2881 1775 2973 1831 ille
3019 1775 3311 1848 religiosus
3354 1785 3408 1833 et
3452 1774 3562 1835 Deo

312 1867 514 1924 ἐαυτοῦ
555 1866 842 1939 στρωμνῆς
891 1864 986 1919 τοῦ
1019 1863 1176 1930 Θεοῦ,
1210 1864 1437 1919 ἄσπιλόν
1476 1882 1537 1919 τε
1578 1865 1747 1938 αὐτὴν
1795 1867 1891 1923 καὶ

310 1961 513 2034 ἁγνήν,
545 1961 634 2015 καὶ
653 1960 913 2032 ἀμίαντον
953 1958 1256 2030 φυλάττων,
1292 1957 1415 2012 καθ’
1454 1958 1691 2032 ἑκάστην
1723 1959 1893 2030 φυλα-

310 2056 421 2126 κὴν
462 2053 562 2124 τῆς
588 2052 778 2117 νυκτὸς
822 2051 1181 2123 ἀνιστάμενος
1199 2091 1215 2116 ,
1250 2052 1439 2122 εὐχαῖς
1485 2055 1762 2125 προσεῖχε,
1797 2055 1893 2108 καὶ

309 2151 426 2212 τοῖς
443 2145 606 2211 θείοις
637 2147 918 2217 ἐνησκείτο
946 2143 1263 2217 μαθήμασιν
1281 2159 1296 2175 ο
1324 2142 1353 2198 ὃ
1376 2143 1441 2216 δὴ
1468 2143 1732 2198 διδάσκων
1752 2145 1892 2200 κατά

308 2242 400 2297 τὸν
453 2239 748 2310 Σύμμαχον
805 2235 991 2304 ἔλεγεν
1009 2249 1023 2263 ⁶
1080 2252 1099 2285 ι
1164 2233 1741 2306 ’Λναμιμνησκόμενός
1796 2252 1890 2289 σου

303 2333 400 2388 ἐπὶ
450 2331 554 2403 τῆς
620 2328 908 2401 στρωμνῆς
963 2344 1088 2399 μου,
1167 2325 1289 2380 καθ’
1350 2324 1588 2397 ἑκάστην
1646 2326 1890 2399 φυλακὴν

303 2426 603 2498 ἐμελέτων.
635 2443 656 2475 ι
684 2423 778 2486 Εἰς
797 2423 854 2475 σὲ
878 2420 986 2493 γὰρ
1016 2419 1179 2474 αὐτὸν
1206 2418 1481 2492 ἐμελέτων
1506 2419 1598 2473 τὸν
1623 2418 1756 2473 Θεὸν
1770 2420 1893 2474 ἀντὶ

308 2518 494 2589 πάσης
541 2515 726 2587 βίϐλου
774 2513 866 2567 καὶ⁸
912 2513 1150 2587 γραφῆς,
1184 2513 1296 2568 ἄνω
1360 2511 1496 2585 πρὸς
1549 2512 1609 2566 σὲ
1652 2511 1743 2566 τόν
1770 2511 1894 2566 νοῦν

304 2608 624 2680 τεταμένος,
660 2605 897 2679 μελετῶν
933 2622 993 2658 τε
1022 2604 1117 2659 καὶ¹
1161 2604 1715 2676 ἀναμιμνησκόμενος
1753 2606 1893 2660 ὅσων

307 2700 550 2773 ήξιώθην
580 2700 684 2754 ὐπὸ
721 2698 816 2753 σοῦ
866 2696 1216 2772 εὐεργεσιῶν,
1257 2697 1352 2751 καὶ
1398 2697 1476 2761 ὡς
1530 2696 1759 2768 γέγονάς
1790 2714 1892 2769 μου

309 2794 541 2848 πάντοτε
567 2793 780 2865 βοηθὸς,
815 2792 910 2846 καὶ
935 2791 1001 2845 ἐκ
1026 2790 1236 2863 μυρίων
1265 2806 1332 2861 με
1361 2788 1682 2861 πειρασμῶν
1708 2788 1897 2843 διέσω-

313 2903 432 2951 σας,
466 2886 563 2941 καὶ
594 2886 671 2950 ὡς
702 2885 984 2948 ἐκσπάσας
1032 2900 1099 2955 με
1144 2884 1263 2946 ταῖς
1297 2880 1495 2936 σαυτοῦ
1526 2880 1774 2955 πτέρυξι,
1800 2882 1895 2954 δη-

303 2978 443 3049 λαδὴ
464 2981 586 3041 ταῖς
603 2977 859 3049 δυνάμεσι
884 2976 982 3047 τῆς
1028 2973 1227 3029 σαυτοῦ
1259 2973 1542 3045 προνοίας’
1574 2972 1730 3027 ἅτινα
1766 2974 1896 3027 ἀνα-

310 3068 734 3172 πεμπαςόμενος
786 3070 853 3172 si
888 3066 1119 3172 Λμδςήμῃς
1153 3065 1375 3172 aeneis,
1429 3062 1804 3172 ἐπληρούξιηνν
1858 3062 1964 3172 ἦε

308 3164 667 3235 ἀνηυφήμουν
696 3178 757 3215 σε
777 3160 869 3216 τὸν
885 3159 1016 3227 Θεὸν
1036 3156 1179 3212 κατὰ
1196 3157 1287 3210 τὸν
1308 3156 1603 3229 Σύμμαχον
1624 3157 1892 3229 φήσαντα,

316 3274 339 3307 ι
375 3256 472 3309 καὶ
496 3253 830 3326 σκεπόμενος
860 3255 917 3306 ἐν
947 3254 1067 3315 ταῖς
1106 3248 1332 3323 πτέρυξί
1358 3265 1449 3302 σου
1468 3249 1843 3319 ἀνηυφήμουν.
1869 3267 1889 3299 ι

310 3349 573 3406 Μελετῶν
603 3349 659 3404 δέ
686 3349 756 3403 τὰ
790 3347 861 3401 σά
887 3347 1041 3415 λόγια
1069 3345 1190 3400 καθ’
1224 3343 1462 3415 ἑκάστην
1511 3341 1756 3414 φυλακὴν
1794 3341 1897 3412 τῆς

308 3440 531 3503 νυκτὸς,
562 3438 796 3492 κᾶπειτα
825 3435 1065 3499 ἀκούσας
1103 3431 1198 3487 τοῦ
1228 3434 1501 3505 φήσαντος
1541 3430 1684 3485 θείου
1707 3430 1891 3500 νόμου·

317 3553 337 3583 ι
390 3533 595 3588 Ὀπίσω
622 3531 828 3604 Κυρίου
860 3528 955 3583 τοῦ
984 3526 1119 3583 Θεοῦ
1155 3545 1249 3581 σου
1281 3525 1545 3598 πορεύσῃ,
1588 3543 1606 3575 ι
1642 3522 1896 3594 καὶπρὸς

312 3626 478 3680 αὐτὸν
516 3644 535 3676 ι
592 3622 892 3695 κολληθεὶς,
923 3620 957 3693 ἢ
991 3617 1256 3683 διατεθεὶς
1286 3617 1383 3690 τὴν
1411 3615 1589 3688 ψυχὴν
1621 3613 1896 3686 πειθήνιος

311 3718 514 3787 γέγονα
548 3715 626 3788 τῷ
668 3715 838 3787 νόμῳ,
877 3714 997 3776 ὅλος
1041 3729 1103 3766 τε
1143 3711 1372 3783 εἰχόμην
1403 3708 1497 3762 τοῦ
1549 3706 1894 3781 πράγματος,

313 3811 497 3864 πάντα
537 3825 595 3862 τε
637 3806 1001 3878 ἡγησάμενος,
1057 3802 1259 3875 μᾶλλον
1303 3801 1359 3854 δὲ
1405 3798 1777 3871 ἀποστραφεὶς
1826 3796 1897 3850 τὰ

314 3902 459 3975 μετά
499 3901 593 3954 τὸν
638 3899 770 3953 Θεὸν
803 3898 1001 3960 πάντα,
1029 3886 1301 3967 ἀνώτερος
1340 3893 1434 3946 καὶ
1462 3889 1790 3963 ὑψηλότερος
1819 3886 1898 3958 τῷ

312 3994 471 4065 πόθῳ
521 3994 621 4063 τῆς
665 3991 846 4063 ψυχῆς
905 3988 1195 4059 κατέστην,
1254 3987 1352 4040 καὶ
1404 3984 1489 4038 σοὶ
1535 3980 1614 4053 τῷ
1644 3980 1764 4051 Θεῷ
1795 3997 1897 4051 μου

315 4085 618 4159 συνήφθην,
650 4084 726 4149 ὡς
754 4084 925 4137 εἰπεῖν
958 4082 1033 4154 μή
1068 4079 1409 4151 ψευσάμενον
1430 4094 1444 4109 ο
1473 4095 1492 4126 ι
1536 4072 1831 4146 Ἐκολλήθη
1861 4074 1895 4145 ή

310 4182 464 4253 ψυχή
502 4198 603 4253 μου
630 4178 807 4234 όπίσω
837 4190 955 4231 σου.
996 4194 1016 4227 ι
1047 4174 1142 4239 Εἰς
1168 4171 1438 4242 τοσαύτην
1462 4168 1521 4222 δὲ
1552 4167 1729 4240 ῆλασα
1766 4183 1900 4237 προ-

312 4274 494 4344 κοπὴν
523 4273 618 4327 καὶ
639 4273 721 4336 είς
741 4269 996 4324 τοσοῦτον
1019 4264 1249 4338 μέγεθος
1278 4262 1480 4335 ἀρετῆς
1500 4257 1901 4332 πραῆλθον,οὐκ

313 4364 557 4440 ἐμαυτοῦ
580 4364 810 4436 δυνάμει
836 4360 1202 4434 χρησάμενος,
1229 4354 1366 4410 ἀλλά
1390 4356 1456 4425 τῇ
1485 4354 1551 4424 σῇ
1577 4349 1863 4421 δεσποτεία
1882 4365 1896 4377 ·

1991 1866 2266 1931 addictus,
2295 1865 2389 1923 Dei
2419 1866 2473 1949 in
2507 1874 2680 1922 strato
2719 1882 2822 1923 suo
2855 1866 3199 1932 recordatus,
3237 1868 3559 1924 immacula-

1991 1966 2107 2015 tum
2142 1958 2301 2021 illud.
2345 1967 2558 2015 castum
2584 1968 2638 2015 et
2665 1958 3011 2030 impollutum
3056 1961 3421 2023 custodiebat.
3446 1964 3563 2019 sin-

1990 2049 2132 2122 gulis
2158 2049 2341 2107 noctis
2376 2050 2643 2107 custodiis
2667 2050 3014 2122 exsurgebat,
3031 2050 3288 2123 precibus
3319 2052 3560 2107 animum

1991 2140 2332 2205 adhibebat,
2392 2139 2705 2212 divinisque
2759 2141 3071 2212 disciplinis
3136 2128 3603 2197 exercitabaturf

1991 2230 2148 2299 Quod
2202 2233 2290 2289 his
2328 2233 2640 2306 Symmachi
2672 2233 2855 2290 verbis
2897 2234 3199 2289 edocetur:
3233 2253 3252 2286 ι
3289 2232 3565 2290 Recorda-

1990 2333 2083 2381 tus
2117 2326 2196 2381 tui
2227 2341 2394 2397 super
2439 2334 2675 2382 stratum
2706 2341 2909 2391 meum,
2938 2341 3037 2397 per
3082 2327 3326 2399 singulas
3375 2335 3564 2383 custo-

1990 2419 2110 2475 dias
2131 2419 2455 2475 meditabar.
2496 2439 2516 2471 ι
2549 2419 2626 2475 Te
2668 2421 2867 2491 quippe
2915 2419 3082 2476 Deum
3111 2420 3523 2491 contemplabar
3548 2461 3563 2485 ,

1992 2525 2057 2566 ac
2103 2511 2223 2567 vice
2274 2511 2539 2566 librorum
2586 2517 2641 2563 et
2695 2511 3129 2581 scripturarum,
3163 2519 3344 2565 mente
3389 2510 3459 2565 ad
3511 2517 3567 2566 te

1994 2616 2213 2658 sursum
2263 2601 2428 2666 elata,
2462 2599 2790 2668 meditabar,
2835 2600 3157 2657 recordatus
3207 2603 3430 2672 quantis
3476 2617 3564 2659 me

1991 2694 2274 2753 beneﬁciis
2302 2694 2619 2761 ornaveris,
2656 2703 2710 2749 et
2734 2693 2878 2764 quod
2914 2693 3046 2747 mihi
3082 2708 3299 2764 semper
3322 2694 3563 2763 adjutur,

1993 2802 2027 2843 a
2086 2787 2360 2844 sexcentis
2411 2802 2499 2843 me
2540 2786 2938 2843 tentationibus
2991 2785 3286 2857 eripueris,
3351 2786 3564 2857 alisque

1993 2880 2125 2940 tuis.
2156 2879 2415 2935 nimirum
2452 2879 2806 2950 providentia:
2847 2886 2956 2934 tuae
2998 2879 3314 2947 virtutibus,
3352 2880 3564 2935 extule-

1994 2977 2073 3029 ris
2090 2991 2116 3028 .:
2153 2988 2273 3044 qua:
2302 2973 2356 3027 in
2394 2972 2715 3028 memoriam
2748 2979 3021 3042 repetens,
3046 2972 3246 3043 gaudio
3273 2972 3524 3042 replebar
3545 3011 3562 3036 ,

1997 3073 2157 3136 teque
2212 3064 2381 3120 Deum
2435 3064 2777 3120 celebrabant
2829 3064 3133 3120 secundum
3173 3062 3558 3138 Symmachum

1997 3156 2090 3226 qui
2131 3154 2211 3211 sic
2231 3154 2416 3217 habet,
2453 3173 2474 3206 ι
2509 3162 2564 3210 et
2589 3160 2867 3225 protectus
2892 3154 2994 3209 alis
3022 3154 3133 3210 tuis
3153 3154 3515 3212 celebrabam.
3540 3175 3561 3205 ι

1995 3246 2226 3317 Eloquia
2276 3261 2408 3302 vero
2455 3256 2549 3301 tua
2598 3261 2696 3317 per
2760 3246 3008 3318 singulas
3051 3247 3233 3303 noctis
3288 3248 3569 3304 custodias

1996 3354 2207 3394 mecum
2250 3345 2536 3410 reputans,
2566 3338 2859 3409 auditaque
2899 3346 3026 3408 post
3066 3339 3182 3394 haec
3229 3338 3419 3394 divina
3450 3340 3569 3405 lege

1995 3446 2117 3503 qua:
2143 3431 2225 3486 sic
2260 3430 2443 3494 habet,
2476 3447 2495 3481 ι
2528 3427 2659 3485 Post
2693 3427 2983 3485 Dominum
3033 3428 3202 3485 Deum
3248 3438 3398 3484 tuum
3448 3445 3570 3501 gra-

1995 3524 2202 3587 dieris;
2243 3541 2264 3576 »
2299 3522 2403 3594 ipsi
2454 3522 2699 3588 ltzerens,
2738 3520 2844 3592 ipsi
2895 3521 3181 3588 addictus,
3237 3520 3568 3591 morigerum

1994 3626 2084 3667 me
2131 3610 2233 3682 legi
2285 3608 2515 3680 praebui,
2556 3609 2773 3681 ipsique
2809 3609 3000 3664 inhzesi
3035 3616 3215 3674 totus,
3259 3609 3442 3664 omnia
3472 3625 3572 3680 pro

1997 3702 2170 3760 nihilo
2219 3702 2452 3769 habens,
2504 3700 2615 3756 imo
2666 3716 2800 3758 vero
2847 3702 3030 3756 omnia
3075 3716 3197 3772 quae
3243 3709 3367 3772 post
3400 3699 3568 3757 Deum

1996 3800 2127 3852 sunt
2173 3805 2490 3858 aversatus,
2524 3809 2589 3850 ex
2625 3794 2794 3849 animi
2831 3792 3105 3851 desiderio
3156 3793 3445 3849 sublimior
3477 3809 3574 3849 cx-

1998 3886 2309 3956 celsiorque
2356 3884 2558 3949 factus,
2599 3883 2698 3939 tibi
2740 3882 2850 3939 Deo
2890 3897 3013 3939 meo
3044 3883 3375 3953 coniunctus
3428 3897 3573 3945 sum,

1998 3987 2059 4035 ut
2081 3993 2209 4034 vere
2241 3976 2429 4033 dicele
2451 3976 2660 4032 valeam
2693 3995 2707 4031 :
2744 3992 2763 4026 ι
2800 3974 3045 4031 Adhmsit
3078 3975 3260 4031 anima
3291 3987 3409 4028 mea
3450 3981 3574 4044 post

1998 4083 2072 4130 te.
2112 4092 2132 4126 ι
2164 4071 2246 4127 Ad
2278 4080 2492 4127 tantum
2525 4085 2656 4127 vero
2691 4068 3020 4141 proiectum,
3056 4068 3125 4123 ad
3155 4075 3370 4122 tantum
3402 4066 3575 4120 virtu-

1997 4167 2071 4222 tis
2112 4166 2393 4222 cumulum
2423 4164 2668 4236 perveni.
2700 4180 2809 4219 non
2845 4176 2967 4217 mea
3020 4167 3310 4232 potestate,
3354 4157 3450 4214 sed
3479 4166 3577 4213 tuo

1998 4258 2284 4331 dominatu
2318 4276 2332 4310 :
2366 4264 2425 4310 tu
2450 4255 2596 4311 enim
2634 4255 2751 4326 ipse
2781 4252 3161 4311 misericordia
3190 4259 3286 4305 tua
3336 4249 3389 4303 ld
3442 4247 3575 4302 mihi

1999 4349 2266 4420 elargitus
2323 4362 2405 4403 es.
2459 4345 2636 4402 Meum
2676 4346 2878 4415 quippe
2923 4358 3053 4413 erga
3083 4350 3138 4398 te
3168 4351 3412 4395 amorem
3454 4350 3575 4391 cer-

314 4427 385 4515 σύ
408 4459 519 4531 γάρ
541 4427 803 4526 αὐτὸς
934 4427 1075 4524 ’ἐλέιρ
1103 4447 1263 4505 τοῦτό
1299 4465 1389 4520 μοι
1415 4447 1691 4519 ἐδωρήσω.
1725 4440 1893 4513 Ὁρῶν

2003 4454 2140 4497 nens
2171 4448 2593 4510 aceeptansque,
2625 4448 2849 4494 extensa
2880 4433 3105 4490 dextera
3138 4440 3233 4486 tua
3272 4444 3359 4485 me
3397 4427 3576 4485 susci-

313 4553 429 4624 γάρ
470 4568 571 4624 μου
603 4550 695 4603 τὸν
726 4548 854 4620 περὶ
882 4546 942 4599 σὲ
974 4544 1138 4599 πόθον
1166 4542 1261 4597 καὶ
1291 4539 1692 4609 ἀποδεξάμενος
1714 4533 1897 4596 αὐτὸν,

315 4642 662 4715 κατηξίωσας
703 4640 803 4712 τὴν
847 4637 1041 4692 σαυτοῦ
1071 4634 1251 4702 δεξιὰν
1273 4632 1522 4696 ἐκτείνας
1550 4628 1898 4685 ἐπιλαϐέσθαι

320 4755 426 4810 μου
477 4736 571 4789 καὶ
615 4730 906 4789 ἀνελκῦσαι
939 4728 1052 4784 ἅνω
1081 4728 1220 4801 πρὸς
1242 4725 1433 4780 ἑαυτόν
1454 4741 1468 4756 ·
1495 4723 1583 4777 διὰ
1602 4722 1762 4777 τοῦτο
1792 4720 1901 4793 γὰρ

314 4828 600 4900 δεδύνηται
632 4828 667 4898 ή
689 4824 835 4897 ψυχή
869 4840 971 4895 μου
1015 4820 1119 4875 ὐπὸ
1145 4818 1239 4874 σοῦ
1276 4816 1601 4890 βοηθηθεῖσα
1634 4812 1898 4885 κολληθῆο

315 4940 409 4978 ναι
448 4921 623 4975 ὀπίσω
647 4936 741 4973 σου
760 4935 774 4948 ο
810 4914 1106 4987 ἐπειδήπερ
1138 4931 1158 4965 ι
1195 4908 1330 4982 ἐμοῦ
1356 4908 1679 4962 ἀντελάϐετο
1698 4908 1732 4978 ή
1749 4904 1901 4972 δεξιά

320 5031 438 5069 σου.
484 5032 503 5063 ι
533 5011 607 5066 Οὐ
638 5008 747 5083 γὰρ
791 5008 857 5063 ἂν
912 5001 1088 5069 ἄλλως
1133 5001 1469 5073 ἐφικνούμην
1507 4999 1602 5053 τοῦ
1642 4996 1897 5051 τοσούτου

318 5107 510 5177 ὕψους,
556 5106 607 5158 εί
639 5105 714 5176 μὴ
753 5099 1074 5158 ἀντελάϐετό
1111 5114 1213 5169 μου
1244 5098 1278 5168 ή
1308 5093 1459 5159 δεξιά
1501 5110 1615 5146 σου.
1648 5090 1899 5144 Διδάσκει

313 5198 374 5252 δέ
416 5200 449 5252 ό
473 5196 794 5259 ’Δπόστολος
814 5193 932 5257 πῶς
966 5209 1052 5256 τις
1083 5189 1338 5244 κολλᾶται
1361 5186 1438 5258 τῷ
1462 5185 1675 5257 Κυρίῳ,
1700 5182 1896 5251 λέγων’

321 5308 343 5342 ι
393 5290 453 5344 '0
486 5287 821 5360 κολλώμενος
843 5285 923 5356 τῷ
950 5283 1141 5355 Κυρίῳ
1168 5281 1227 5335 ἐν
1252 5276 1471 5350 πνεῦμά
1498 5279 1671 5332 ἐστιν’
1708 5275 1784 5339 ὡς
1805 5273 1901 5328 καὶ

316 5383 348 5435 δ
379 5379 722 5453 κολλώμενος
761 5382 829 5451 τῇ
868 5376 1044 5451 πόρνῃ
1075 5373 1132 5428 ἓν
1171 5371 1333 5445 σῶμα
1356 5372 1494 5425 ἐστι.
1546 5390 1564 5421 ο
1609 5367 1799 5437 Δέγων
1843 5365 1903 5420 δὲ

2008 4548 2158 4604 pere,
2185 4545 2515 4600 sursumque
2544 4529 2760 4584 trahere
2788 4526 3045 4597 dignatus
3074 4538 3135 4578 es
3158 4540 3173 4589 ;
3198 4521 3432 4591 ideoque
3452 4520 3573 4574 ani-

2007 4639 2095 4679 ma
2128 4639 2269 4691 mea,
2300 4632 2353 4679 te
2385 4621 2712 4693 opitulante,
2749 4617 3031 4674 adhaerere
3058 4615 3155 4670 tibi
3188 4613 3367 4685 potuit
3392 4630 3408 4668 :
3437 4625 3577 4681 quo-

2005 4717 2153 4772 niam
2192 4734 2211 4767 ¢
2251 4731 2339 4770 me
2366 4714 2610 4785 suscepit
2635 4712 2860 4769 dextera
2893 4717 3007 4765 tua.
3044 4726 3066 4761 ι
3108 4706 3227 4762 Non
3262 4704 3407 4761 enim
3452 4709 3577 4760 tan-

2005 4815 2117 4865 tam
2159 4807 2553 4864 sublimitatem
2605 4802 2934 4874 attigissem,
2980 4798 3088 4855 nisi
3119 4812 3205 4853 mc
3237 4793 3576 4866 suscepisset

2006 4902 2229 4958 dextera
2251 4908 2362 4956 tua.
2394 4897 2562 4955 Docet
2586 4912 2751 4968 porro
2783 4892 3082 4966 Apostolus
3106 4904 3216 4961 quo
3242 4894 3406 4960 pacto
3453 4886 3577 4956 quis

2006 4995 2236 5051 Domino
2283 4994 2506 5055 haereat,
2564 4992 2650 5046 his
2699 4988 2925 5045 verbis:
2965 5006 2983 5039 ι
3025 4983 3127 5052 Qui
3183 4982 3424 5037 adhaeret
3472 4977 3577 5032 Do-

2004 5088 2177 5153 mino,
2212 5102 2356 5142 unus
2386 5085 2615 5156 spiritus
2645 5089 2750 5150 est,
2786 5075 3244 5152 quemadmodum
3272 5073 3364 5144 qui
3394 5071 3575 5126 adlue-

2004 5188 2089 5237 ret
2122 5178 2418 5245 meretrici,
2447 5191 2614 5232 unum
2648 5188 2851 5245 corpus
2883 5179 2969 5229 est
2987 5170 3055 5227 ⁹¹.
3094 5187 3113 5222 ι
3151 5168 3288 5225 Cum
3312 5178 3444 5235 ergo
3471 5160 3574 5215 Da-

2005 5272 2099 5330 vid
2125 5273 2356 5328 Domino
2381 5271 2609 5333 diceret,
2640 5287 2659 5320 ι
2688 5265 2932 5322 Adhaesit
2951 5265 3133 5319 anima
3154 5275 3274 5316 mea
3306 5262 3429 5328 post
3442 5262 3517 5318 te,
3548 5272 3568 5304 ι

2006 5366 2138 5422 hinc
2158 5379 2221 5420 se
2252 5360 2494 5419 castitati
2520 5359 2857 5432 puritatique
2887 5355 3131 5411 deditum
3161 5345 3496 5432 declarabat.
3599 5336 3605 5351 '

929 5430 958 5524 ι⁸
989 5430 1284 5541 ’ἐκολλήθη
1314 5465 1349 5537 ἡ
1375 5462 1521 5535 ψυχή
1571 5477 1671 5533 μου
1699 5430 1900 5514 ’ὀπίσω
1937 5474 2054 5526 σου,
2083 5454 2242 5528 δῆλος
2290 5448 2358 5526 ἦν
2390 5452 2486 5508 καὶ
2514 5430 2579 5505 ἐκ
2616 5448 2806 5504 τούτου
2866 5445 3060 5516 ἁγνείᾳ
3086 5443 3181 5497 καὶ
3241 5430 3573 5507 καθαρότητι

642 5657 701 5713 δὲ
732 5658 813 5722 εἰς
843 5656 1020 5728 μάτην
1063 5650 1335 5724 ἐζήτησαν
1368 5646 1467 5719 τὴν
1490 5644 1671 5717 ψυχήν
1707 5659 1804 5716 μα-
1867 5659 1884 5694 ι

2070 5633 2235 5691 Vsus.
2264 5631 2441 5690 lO—l‘Z.
2471 5651 2490 5686 ι
2524 5628 2631 5703 Ipsi
2662 5643 2788 5686 vero
2818 5628 2873 5681 in
2890 5635 3087 5681 vanum
3108 5613 3576 5691 quasieruntani-

430 5777 479 5812 "
518 5772 710 5829 Matth.
753 5786 927 5837 .xxtv,
956 5768 1045 5825 4-2.
1121 5766 1169 5801 ’θ
1205 5764 1338 5821 ibid.
1372 5762 1462 5818 45.
1539 5759 1584 5793 ’⁸
1626 5757 1646 5812 1
1680 5755 1808 5812 Cor.
1844 5767 1944 5827 vi,
1972 5750 2157 5820 16,17;
