4062 6208
517 241 618 298 611

1192 244 1462 301 EUSEBII
1493 245 1968 309 CESARIENSIS
1992 251 2145 309 OPP.
2187 252 2373 313 PARS
2413 254 2505 312 Ill.
2541 284 2611 294 ——
2647 253 3060 314 EXEGETICA.

3663 259 3765 318 sis
3845 215 3849 219 ’

518 371 666 412 mam
693 371 891 414 meam.
917 377 938 412 ι
976 357 1091 431 Ego
1116 360 1359 430 quidem,
1397 361 1496 444 ait,
1520 361 1616 417 tibi
1655 360 1933 424 Servatori
1974 380 2076 422 met

2212 366 2354 436 Ἐγὼ
2388 368 2511 439 μὲν,
2540 368 2696 440 φησί,
2730 369 2814 422 σοὶ
2834 368 2913 440 τῷ
2941 368 3178 440 ἐμαυτοῦ
3220 369 3430 442 Σωτῆρι
3462 374 3766 444 προσεῖχον,

516 446 812 514 haerebam,
847 458 1015 522 atque
1059 450 1321 524 perfugas
1346 463 1401 508 et
1436 434 1492 508 in
1533 454 1836 512 solitudine
1861 455 2087 528 degens,

476 607 483 614 _
516 539 616 592 tibi
649 538 890 594 animam
937 542 1266 612 copulabam
1298 556 1497 608 meam,
1531 553 1586 599 et
1620 559 1909 599 sermones
1962 553 2092 602 tuos

518 629 858 687 meditabar:
917 648 1095 704 neque
1150 635 1298 690 enim
1334 637 1688 706 insequentes
1723 652 1810 691 me
1862 637 2092 707 propul-

517 724 731 787 sabam,
764 740 943 796 neque
974 728 1163 792 etiam,
1203 726 1333 782 dum
1367 728 1464 783 tibi
1514 727 1627 783 Deo
1657 744 1929 793 vacarem,
1967 746 2092 800 pre-

515 828 612 870 ces
644 814 940 873 fundebam
968 828 1161 874 contra
1193 820 1487 883 inimicos;
1521 819 1617 877 sed
1641 814 1739 876 tibi
1774 823 1890 890 uni,
1924 831 1984 878 ut
2004 823 2091 878 di-

518 917 668 961 ctum
709 914 818 970 est,
853 908 1222 971 adhaerebam.
1262 909 1346 964 llli
1396 925 1526 967 vero
1579 911 1788 969 [utilem
1823 914 2087 971 adversus

517 998 757 1052 animam
799 1014 977 1054 meam
1028 1000 1457 1057 sollicitudinem
1507 1004 1790 1075 suscipere
1826 1021 1939 1061 non
1993 1004 2089 1062 de-

516 1090 824 1146 sistebant:
859 1091 913 1145 in
951 1107 1151 1146 vanum
1182 1092 1384 1164 quippe
1413 1095 1731 1165 quaerebant
1758 1113 1901 1167 eam,
1944 1113 2085 1169 quae,

512 1185 777 1254 quoniam
839 1185 938 1240 tibi
978 1185 1241 1250 haerebat,
1277 1187 1346 1243 ab
1399 1187 1534 1259 ipsis
1584 1190 1811 1246 minime
1859 1190 2088 1262 reperiri

515 1285 765 1349 poterat:
802 1294 972 1348 quare
1026 1294 1148 1349 quae
1177 1296 1236 1335 se
1274 1291 1497 1336 manent
1530 1282 1635 1353 ipsi
1680 1283 1899 1354 quidem
1929 1285 2087 1354 igno-

514 1380 661 1433 rant,
692 1369 788 1423 sed
826 1368 1065 1439 Spiritus
1089 1379 1315 1428 sanctus
1347 1372 1696 1429 vaticinatur.
1731 1374 1937 1431 Deinde
1958 1391 2088 1432 vero

514 1459 631 1514 haec
660 1460 976 1531 prophetice
999 1462 1330 1517 vociferatur
1354 1482 1368 1518 :
1407 1482 1426 1515 ι
1451 1463 1756 1521 lntroibunt
1776 1466 1841 1535 ⁵ἰιι
1866 1467 2089 1525 inferio-

514 1567 576 1605 ra
604 1563 815 1607 terrae.»
869 1551 1317 1625 Quandoduidem
1342 1557 1491 1612 enim
1522 1565 1742 1614 terrena
1773 1561 2083 1631 sapiebant,

513 1656 567 1701 et
593 1646 650 1699 in
693 1646 894 1703 inlimis
925 1650 1207 1704 constituti
1236 1658 1413 1716 erant,
1452 1650 1578 1720 jure
1608 1652 1914 1711 facinorum
1947 1671 2087 1727 pra}-

513 1738 625 1792 mia
666 1741 948 1810 recipient.
1005 1739 1141 1797 Nam
1173 1745 1265 1812 qui
1305 1741 1417 1797 Deo
1458 1744 1788 1813 conjunetus
1817 1757 1870 1803 et
1898 1748 2082 1803 anima

514 1830 620 1902 ipsi
647 1833 1054 1904 conglutinatus
1075 1841 1182 1897 est,
1214 1834 1367 1905 regni
1390 1836 1655 1891 caelorum
1683 1853 1833 1909 spem
1864 1841 2083 1898 obtine-

513 1922 625 1990 bit;
657 1924 753 1994 qui
802 1939 935 1979 vero
988 1924 1325 1980 contrariam
1374 1927 1674 1984 decurrunt
1705 1931 1869 2000 viam,
1899 1940 1954 1988 et
1997 1934 2082 1990 iu-

513 2015 640 2070 ﬁma
689 2016 929 2086 sapiunt,
979 2020 1034 2071 in
1072 2017 1250 2073 lacum
1300 2018 1438 2074 alias
1470 2032 1827 2079 memoratum
1857 2025 2079 2096 dejecti,

512 2105 820 2160 introibunt
860 2106 917 2159 in
965 2105 1228 2161 inferiora
1262 2114 1443 2162 terrae.
1515 2108 1652 2164 Dum
1700 2112 1848 2167 enim
1900 2114 2082 2184 quivis

512 2195 679 2251 homo
739 2197 1086 2268 superﬁciem
1139 2205 1296 2253 terra:
1343 2198 1558 2265 incolit,
1603 2202 1658 2257 in
1719 2202 2080 2263 inferioribus

511 2299 725 2346 tantum
776 2292 1025 2348 habitare
1052 2293 1274 2359 dicitur,
1324 2300 1386 2348 ut
1432 2294 1569 2350 dicit
1612 2297 1858 2368 quidam,
1897 2317 1915 2351 ι
1941 2298 2081 2367 Quia

510 2382 658 2440 Deus
688 2384 744 2438 in
774 2386 917 2439 creto
947 2402 1191 2453 sursum,
1224 2396 1278 2444 et
1306 2396 1365 2443 tu
1413 2389 1470 2443 in
1500 2399 1646 2445 terra
1693 2388 1953 2448 deorsum
1972 2393 2073 2451 θ’.»

509 2476 644 2535 Post
678 2481 886 2533 exitum
928 2488 1111 2535 autem
1152 2496 1220 2535 ex
1260 2482 1364 2536 hac
1393 2485 1528 2548 vita,
1565 2484 1806 2555 religiosi
1855 2487 2078 2558 quidem

509 2568 762 2626 homines
799 2570 999 2625 corium
1037 2587 1135 2642 pro
1183 2573 1465 2629 domicilio
1508 2574 1810 2643 habebunt,
1858 2594 2079 2637 sursum

507 2663 660 2727 elati,
689 2678 754 2719 ac
805 2664 1051 2735 rapiendi
1103 2665 1158 2721 in
1195 2667 1436 2723 nubibus
1464 2668 1682 2725 obviam
1714 2670 1966 2742 Domino,
2015 2689 2080 2730 ac

506 2755 591 2811 sic
613 2770 831 2826 semper
876 2773 1002 2811 cum
1034 2756 1265 2814 Domino
1290 2759 1490 2826 futuri;
1530 2763 1680 2833 impii
1712 2780 1844 2822 vero
1873 2775 1927 2822 et
1953 2783 2081 2840 pec-

505 2856 724 2903 catores
762 2849 818 2903 in
862 2848 1125 2905 inferiora
1173 2860 1330 2908 terra;
1364 2852 1733 2914 descendent:
1775 2875 1896 2929 quae
1928 2876 2081 2916 com-

504 2956 823 2997 memorans
850 2941 1147 3013 Apbstolus
1176 2945 1426 3003 dicebat:
1477 2966 1496 3000 ι
1520 2947 1579 3003 In
1616 2949 1909 3008 inferiores
1950 2969 2077 3026 par-

2195 459 2289 514 καὶ
2317 459 2396 513 σοὶ
2425 460 2525 532 τὴν
2557 461 2695 533 ἐμὴν
2726 462 2903 533 ψυχὴν
2941 462 3241 533 συνῆπτον,
3275 466 3389 527 τοῖς
3418 479 3477 517 τε
3505 467 3616 528 σοῖς
3647 466 3757 537 ὲμε-

2192 550 2360 605 λέτων
2394 551 2575 622 λόγοις
2596 593 2610 618 ,
2658 555 2717 608 ὲν
2766 557 2911 626 φυγῇ
2962 556 3265 626 τυγχάνων,
3297 556 3392 611 καὶ
3422 557 3485 611 ὲν
3515 558 3767 630 ἐρημίαις

2192 645 2513 717 ποιούμενος
2551 646 2649 711 τὰς
2691 647 3000 720 διατριϐάς.
3050 650 3126 702 Ού
3174 649 3282 721 γάρ
3317 650 3610 722 ἠμυνόμην
3646 652 3767 717 τοὺς

2190 735 2512 802 ἐλαύνοντας
2537 755 2623 809 με,
2648 738 2762 793 ἀλλ’
2795 740 2915 794 οὐδὲ
2947 740 3028 793 σοὶ
3054 739 3131 811 τῷ
3155 739 3275 811 Θεῷ
3303 740 3577 812 σχολάζων
3608 743 3767 816 εὐχάς

2190 834 2332 888 κατὰ
2351 836 2459 889 τῶν
2489 836 2698 910 ὲχθρῶν
2718 839 3034 910 ἀνέπεμπον
3055 857 3069 871 ο
3096 839 3179 894 σοὶ
3206 839 3264 892 δὲ
3295 841 3440 911 μόνῳ
3462 844 3765 914 προσεῖχον,

2189 930 2265 994 ὼς
2305 928 2462 1001 ἔφην.
2507 931 2570 984 Oi
2599 930 2655 983 δὲ
2693 932 2754 986 ού
2796 931 3062 987 διέλειπον
3092 932 3324 1004 ματαίαν
3359 933 3592 1005 σπουδὴν
3626 935 3765 989 κατὰ

2186 1021 2287 1092 τῆς
2320 1022 2499 1094 ψυχῆς
2532 1040 2632 1095 μου
2664 1023 2975 1095 ποιούμενοι
2995 1041 3009 1054 ο
3044 1026 3124 1088 εἰς
3155 1024 3379 1095 μάταιον
3403 1025 3513 1096 γάρ
3544 1024 3764 1095 ἐζήτουν

2188 1115 2357 1188 αὐτην
2380 1156 2394 1180 ,
2440 1115 2728 1189 ἀνεύρετον
2774 1117 2963 1182 αὐτοῖς
2988 1112 3154 1171 οὖσαν
3184 1116 3272 1170 διὰ
3314 1116 3374 1170 τὸ
3408 1116 3760 1187 κεκολλῆσθαι

2186 1208 2360 1262 ὀπίσω
2391 1226 2484 1262 σου
2504 1226 2519 1240 ·
2548 1209 2736 1282 διόπερ
2768 1211 2836 1265 τά
2871 1211 3235 1283 περιμένοντα
3263 1210 3461 1275 αὐτοὺς
3489 1212 3640 1265 αὐτοὶ
3671 1212 3764 1283 μὲν

2186 1302 2286 1356 οὐκ
2311 1302 2476 1368 ίσασι,
2498 1302 2560 1357 τὸ
2587 1303 2643 1357 δὲ
2668 1302 2891 1375 Πνεῦμα
2920 1303 2980 1357 τὸ
3010 1304 3162 1373 ἅγιον
3193 1301 3458 1368 θεσπίζει.
3489 1301 3603 1358 Εἴθ’
3633 1306 3763 1376 ἑξῆς

2184 1395 2395 1460 τούτοις
2423 1397 2774 1468 προφητικῶς
2809 1398 3083 1466 ἀναφωνεῖ
3116 1396 3288 1466 λέγων
3312 1415 3326 1429 ο
3369 1417 3389 1449 ι
3416 1398 3763 1452 Εἰσελεύσον-

2186 1508 2276 1544 ται
2305 1491 2384 1554 εἰς
2414 1489 2485 1544 τά
2517 1489 2937 1561 κατώταταιτῆς
2963 1490 3087 1561 γῆς.
3115 1511 3133 1544 ι
3179 1491 3397 1563 Ἐπειδὴ
3428 1491 3534 1564 γάρ
3559 1492 3627 1546 τά
3663 1494 3764 1566 τῆς

2185 1584 2289 1656 γῆς
2311 1584 2567 1657 ἐφρόνουν
2593 1584 2688 1637 καὶ
2714 1582 2822 1636 τῶν
2846 1583 2997 1637 κάτω
3020 1583 3327 1653 γεγόνασιν,
3355 1584 3575 1648 εἰκότως
3602 1586 3763 1639 τάπε-

2115 1716 2160 1771 B
2185 1693 2343 1749 χειρα
2390 1677 2671 1731 πείσονται
2728 1672 2809 1739 οἷς
2848 1676 3116 1771 ἔδρασανέ
3144 1677 3203 1730 Ὁ
3249 1676 3485 1771 μὲν

2189 1771 2500 1841 συναφθεὶς,
2528 1770 2623 1825 καὶ
2651 1770 2747 1842 τὴν
2771 1770 2950 1842 ψυχὴν
2977 1768 3127 1841 αύτῷ
3154 1767 3597 1842 προσκολληθεὶς,
3617 1767 3761 1821 ἐλπί-

2187 1863 2283 1929 δας
2313 1863 2424 1930 ἕξει
2455 1862 2729 1935 βασιλείας
2756 1860 3002 1936 οὐρανῶν
3021 1878 3034 1892 ·
3066 1862 3116 1916 οἰ
3145 1861 3202 1916 δὲ
3235 1859 3331 1933 τὴν
3360 1861 3609 1915 ἐναντίαν
3631 1861 3761 1935 δρα-

2191 1958 2383 2029 μόντες
2413 1955 2508 2011 καὶ
2546 1954 2617 2009 τὰ
2657 1954 2808 2009 κάτω
2852 1955 3254 2027 φρονήσαντες,
3297 1954 3377 2017 εἰς
3410 1954 3500 2007 τὸν
3528 1953 3761 2028 ἀλλαχοῦ

2187 2046 2389 2101 λάκκον
2416 2045 2799 2117 ὠνομασμένον
2829 2045 3212 2117 καταχθέντες,
3242 2045 3301 2098 ὲν
3327 2048 3439 2110 τοῖς
3468 2047 3763 2101 κατωτάτω

2186 2140 2287 2212 τῆς
2329 2140 2433 2212 γῆς
2478 2138 2805 2193 ἐλεύσονται.
2849 2138 2999 2203 Τέως
3035 2137 3133 2209 μὲν
3164 2137 3272 2209 γὰρ
3303 2139 3413 2203 πᾶς
3442 2137 3761 2211 ἄνθρωπος,

2186 2234 2285 2306 τὴν
2312 2232 2631 2304 ἐπιφάνειαν
2657 2232 2821 2286 οἰκῶν
2846 2231 2944 2303 τῆς
2972 2231 3079 2303 γῆς
3097 2271 3113 2298 ,
3149 2230 3219 2285 τά
3243 2230 3395 2287 κάτω
3432 2232 3569 2305 μόνα
3593 2235 3762 2286 οἰκεῖν

2187 2325 2402 2395 λέγεται
2431 2324 2572 2380 κατά
2600 2325 2690 2378 τὸν
2741 2325 2987 2396 φήσαντα
3010 2341 3024 2355 ο
3062 2341 3083 2376 r
3117 2324 3241 2379 Ὀτι
3265 2324 3293 2377 6
3318 2324 3459 2389 Θεὸς
3480 2325 3539 2379 ὲν
3566 2324 3643 2396 τῷ
3674 2326 3763 2380 ού·-

2189 2416 2336 2490 ρανῷ
2376 2418 2488 2473 ἄνω
2515 2457 2530 2482 ,
2575 2418 2669 2471 καὶ
2712 2417 2775 2470 σὺ
2808 2418 2865 2470 ὲν
2892 2417 2959 2487 τῇ
3003 2418 3073 2488 γῇ
3110 2415 3280 2470 κάτω.
3318 2435 3336 2468 ι
3374 2416 3528 2471 Μετά
3563 2418 3619 2471 δὲ
3659 2418 3760 2490 τὴν

2187 2509 2396 2563 ἐνθένδε
2427 2508 2766 2581 ἀπαλλαγὴν,
2794 2510 2842 2562 οἰ
2872 2510 2969 2581 μὲν
3001 2509 3268 2580 θεοφιλεῖς
3289 2509 3518 2582 οὐρανὸν
3549 2510 3762 2577 ἕξουσιν

2186 2604 2495 2677 οἰκητήριον
2515 2645 2530 2669 ,
2572 2606 2653 2668 εἰς
2679 2602 2750 2657 τὰ
2774 2604 3017 2677 ἀνώτερα
3053 2604 3502 2677 μετεωρισθέντες
3533 2606 3621 2658 καὶ
3653 2604 3758 2677 ἁρ-

2187 2696 2556 2769 παγησόμενοι
2593 2697 2650 2750 ἐν
2678 2696 2926 2767 νεφέλαις
2959 2698 3040 2760 εἰς
3067 2697 3371 2768 ἀπάντησιν
3403 2695 3495 2751 τοῦ
3524 2695 3751 2767 Κυρίου,

2185 2790 2327 2845 οὕτω
2350 2808 2409 2844 τε
2437 2791 2666 2845 πάντοτε
2706 2790 2801 2844 σὺν
2840 2790 3030 2862 Κυρίῳ
3061 2790 3336 2862 ἐσόμενοι·
3371 2793 3417 2845 οί
3461 2791 3505 2845 δ’
3543 2790 3758 2854 ἀσεϐεῖς

2186 2885 2280 2937 καί
2311 2882 2624 2956 ἁμαρτωλοὶ
2647 2883 2727 2947 εἰς
2753 2883 2822 2937 τά
2848 2882 3139 2939 κατώτατα
3165 2884 3264 2955 τῆς
3284 2882 3389 2955 γῆς
3420 2882 3760 2955 καταϐήσον-

2184 2994 2306 3031 ται’
2350 2970 2424 3032 ὦν
2456 2975 2804 3048 μεμνημένος
2841 2976 2869 3029 6
2919 2975 3237 3040 Ἀπόστολος
3272 2975 3490 3047 ἔλεγεν·
3523 2993 3543 3028 ι
3569 2976 3664 3040 Εἰς
3690 2976 3759 3029 τά

506 3041 593 3090 tes
625 3044 788 3090 terra:
816 3038 908 3107 qui
935 3036 1241 3102 descendit,
1279 3040 1397 3111 ipse
1425 3049 1511 3121 est
1554 3045 1648 3115 qui
1690 3046 1938 3103 ascendit
1979 3064 2073 3105 su—

506 3140 605 3151 _-_
640 3142 825 3151 mn-
863 3129 1029 3151 ηιμ
1200 3131 1445 3151 ,_-_.__-.
1509 3148 1524 3151 -
1573 3149 1579 3151 .
1635 3137 1646 3149 .
1705 3136 1750 3151 α.
1863 3137 1921 3151 π-
2003 3140 2015 3151 ο

2179 3036 2467 3138 κατώτερα
2490 3036 2589 3138 vi};
2740 3036 3039 3131 6'xa'ra66;
3058 3107 3072 3132 ,
3115 3036 3274 3132 αὐτός
3302 3036 3450 3121 ἐστιν
3484 3068 3513 3121 6
3553 3036 3757 3132 ἀναϐἀς

399 3194 405 3205 Ι
505 3140 605 3196 per
637 3142 828 3182 omnes
859 3129 1052 3194 cmlos,
1094 3138 1155 3184 ut
1200 3131 1451 3200 impleret
1500 3137 1683 3190 omnia
1705 3136 1804 3191 θ’.»
1862 3137 2074 3195 Etenim

507 3216 771 3275 Servator
792 3232 846 3276 et
878 3222 1140 3278 Dominus
1170 3232 1355 3281 noster
1378 3228 1564 3298 ‘usque
1597 3229 1665 3284 ad
1701 3231 1885 3288 inlima
1915 3239 2076 3290 terrae

504 3310 812 3379 descendit,
845 3324 909 3369 ut
943 3316 1172 3371 salutari
1206 3318 1408 3376 virtute
1442 3321 1692 3393 impleret
1723 3325 1926 3383 omnia.
1960 3327 2074 3384 Hoc

504 3403 687 3475 ipsum
728 3404 868 3462 Jobo
925 3408 1204 3479 signiﬁcat
1256 3411 1346 3467 ille
1398 3414 1491 3483 qui
1541 3412 1805 3472 Dominus
1849 3429 2075 3475 vocatur

503 3496 745 3555 dicens:
788 3498 1042 3557 «Venisti
1088 3514 1266 3559 autem
1324 3505 1381 3560 in
1433 3505 1635 3564 fontem
1681 3513 1870 3578 maris,
1926 3521 1980 3569 et
2016 3514 2073 3569 in

503 3592 751 3664 vestigiis
797 3595 980 3667 abyssi
1014 3596 1330 3653 ambulasti.
1382 3600 1722 3671 Aperiuntur
1759 3613 1939 3662 autem
1973 3608 2073 3664 tibi

505 3683 703 3741 timore
746 3697 917 3756 porta:
963 3691 1192 3745 mortis:
1237 3691 1452 3746 ostiarii
1508 3693 1708 3752 inferni
1741 3697 1989 3756 videntes
2023 3711 2076 3758 te

504 3780 787 3832 conterriti
848 3788 977 3834 sunt
1000 3781 1067 3836 ".
1103 3801 1122 3834 ι
1161 3781 1265 3838 Sed
1302 3784 1392 3840 ille
1438 3784 1657 3856 quidem
1714 3790 1782 3844 ad
1832 3807 1927 3848 eos
1982 3795 2072 3865 qui

504 3866 628 3922 istic
682 3870 1002 3926 habitabant
1056 3873 1359 3945 descendit,
1414 3889 1474 3934 ut
1524 3882 1738 3938 animas
1788 3883 2071 3953 justorum

502 3955 704 4013 ibidem
733 3960 945 4029 jamdiu
1000 3963 1250 4020 detentas
1300 3968 1555 4026 libertate
1603 3972 1853 4031 donaret.
1912 3976 2072 4049 lmpii

502 4063 636 4103 vero
666 4051 719 4104 in
756 4051 1019 4107 inferiora
1059 4063 1218 4111 terra:
1261 4058 1481 4128 dejecti,
1530 4063 1818 4120 tradentur
1862 4068 1917 4122 in
1957 4084 2070 4123 ma-

502 4155 607 4195 nus
640 4141 829 4212 gladii.
878 4143 973 4199 Est
1002 4146 1146 4201 enim
1184 4148 1384 4204 ibidem
1409 4152 1623 4222 gladius
1656 4157 1877 4226 quidam
1924 4176 2072 4216 mor-

498 4233 593 4297 tis,
626 4250 788 4303 quom
835 4232 1094 4291 Servator
1147 4239 1200 4294 in
1257 4256 1351 4296 xxi
1402 4245 1613 4312 psalmo
1661 4261 1930 4306 memorat
1983 4254 2068 4311 bis

495 4324 713 4378 verbis:
756 4342 775 4375 ι
809 4324 951 4381 Erue
980 4343 1007 4379 a
1047 4327 1272 4393 framea,
1310 4329 1473 4398 Deus,
1510 4335 1747 4391 animam
1783 4354 1982 4406 meam,
2016 4351 2069 4398 et

2179 3162 2434 3234 ὑπεράνω
2477 3158 2693 3213 πάντων
2735 3157 2843 3211 τῶν
2882 3157 3161 3231 οὐρανῶν,
3221 3159 3308 3213 ἶνα
3361 3158 3623 3233 πληρώσῃ
3685 3159 3756 3212 τὰ

2180 3254 2375 3308 πάντα.
2411 3271 2430 3305 ι
2478 3251 2591 3306 Kal.
2637 3250 2797 3323 μέχρι
2830 3248 2938 3323 γὰρ
2977 3250 3086 3304 τῶν
3124 3251 3424 3305 κατωτάτω
3454 3251 3556 3320 τῆς
3584 3253 3687 3322 γῆς
3728 3253 3761 3306 6

2179 3347 2370 3419 Σωτὴρ
2396 3346 2489 3401 καὶ
2519 3343 2724 3417 Κύριος
2757 3343 2912 3416 ἡμῶν
2947 3343 3340 3417 καταϐέϐηκεν,
3380 3344 3467 3398 ἵνα
3492 3344 3758 3419 πληρώση

2176 3438 2246 3494 τά
2287 3440 2466 3494 πάντα
2510 3438 2609 3509 τῆς
2643 3436 2912 3509 σωτηρίου
2943 3435 3242 3507 δυνάμεως.
3273 3436 3442 3491 Τοῦτο
3468 3437 3524 3491 δὲ
3554 3438 3647 3491 καὶ
3678 3438 3761 3510 τῷ

2189 3530 2310 3585 Ἰὼϐ
2354 3529 2608 3603 σημαίνει
2647 3532 2675 3584 6
2720 3524 3070 3602 χρηματίζων
3107 3528 3313 3601 Κύριος
3354 3531 3411 3583 ὲν
3435 3525 3516 3593 οἷς
3553 3546 3755 3601 φησιν·

2183 3644 2202 3677 ι
2231 3620 2436 3687 Ἵὶλθες
2464 3623 2521 3677 δὲ
2557 3623 2648 3676 ἐπὶ
2680 3622 2785 3693 γῆν
2805 3622 2821 3652 ¹
2852 3620 3146 3691 θαλάσσης,
3177 3622 3235 3674 ὲν
3266 3621 3323 3676 δὲ
3359 3621 3557 3692 ἴχνεσιν
3581 3619 3757 3672 ἀϐύσ-

2175 3733 2268 3769 σου
2314 3714 2742 3788 περιεπάτησας.
2797 3712 3126 3781 Ἀνοίγονται
3166 3711 3222 3766 δέ
3270 3728 3351 3765 σοι
3390 3710 3532 3782 φόϐῳ
3578 3708 3753 3765 πύλαι

2175 3804 2438 3859 θανάτουο
2502 3803 2741 3875 πυλωροὶ
2781 3802 2837 3856 δὲ
2891 3802 3017 3874 ᾇδου
3068 3802 3267 3868 ἰδόντες
3318 3820 3378 3856 σε
3423 3801 3684 3873 ἔπτηξαν.
3726 3822 3748 3854 ι

2185 3897 2324 3951 Ἀλλ’
2346 3899 2374 3950 ὁ
2405 3896 2503 3969 μὲν
2527 3896 2619 3949 καὶ
2654 3894 2815 3967 μέχρι
2841 3895 2948 3948 τῶν
2981 3896 3098 3948 ἐκεῖ
3124 3894 3515 3967 καταϐέϐηκεν,
3537 3894 3626 3947 ἵνα
3648 3893 3757 3959 τὰς

2173 3989 2341 4043 πάλαι
2369 3988 2477 4043 τῶν
2507 3987 2678 4057 ἀγίων
2711 3986 2896 4041 αὐτόθι
2927 3986 3287 4058 συνεχομένας
3322 3986 3501 4057 ψυχὰς
3538 3985 3758 4039 ἐλευθε-

2177 4082 2296 4153 ρίας
2325 4079 2530 4152 ἀξιώσῃ
2548 4096 2560 4110 ⁸
2590 4080 2638 4134 oi
2662 4079 2718 4133 δὲ
2736 4078 2973 4144 ἀσεϐεῖς,
3004 4080 3084 4143 εἰς
3112 4079 3179 4134 τὰ
3204 4080 3489 4132 κατώτατα
3520 4078 3621 4149 τῆς
3644 4079 3753 4149 γῆς

2171 4170 2611 4243 κατενεχθέντες,
2635 4170 3100 4243 παραδοθήσονται
3123 4173 3203 4235 εἰς
3232 4173 3422 4243 χεῖρας
3449 4171 3747 4243 ῥομφαίας.

2174 4264 2328 4317 Ἐστι
2372 4262 2482 4334 γάρ
2526 4279 2609 4326 τις
2661 4264 2779 4316 ἐκεῖ
2827 4263 3071 4333 ῥομφαία
3104 4263 3364 4326 θανάτου,
3397 4257 3466 4336 ἦς
3492 4265 3520 4316 6
3553 4265 3753 4336 Σωτὴρ

2174 4354 2527 4427 μνημονεύων
2560 4356 2618 4408 ὲν
2651 4362 2735 4408 κα¹
2767 4354 2969 4427 ψαλμῷ
3001 4356 3184 4427 ἔλεγε’
3224 4376 3242 4410 ι
3264 4357 3452 4411 Ῥῦσαι
3476 4358 3584 4411 ἀπὸ
3609 4360 3751 4431 ῥομ-

494 4416 563 4470 de
590 4432 755 4470 manu
797 4419 951 4475 canis
999 4420 1219 4476 unicam
1272 4438 1468 4482 meam.
1526 4425 1685 4483 Salva
1722 4445 1805 4485 me
1853 4447 1920 4486 ex
1967 4449 2065 4490 ore

2179 4416 2333 4516 φαίας
2356 4446 2454 4518 τὴν
2485 4446 2662 4518 ψυχήν
2693 4416 2815 4519 μού,
2850 4416 2952 4502 καὶ.
2975 4449 3039 4502 ἐκ
3066 4416 3248 4521 χειρὸς
3277 4449 3436 4514 κυνὸς
3459 4450 3558 4524 τὴν
3592 4416 3752 4521 μονο-

494 4505 701 4570 leonis,
767 4516 821 4562 et
886 4525 915 4564 a
970 4513 1233 4568 cornibus
1278 4514 1631 4572 unicornium
1700 4520 2066 4581 lmmilitatem

496 4611 672 4652 meam
690 4600 759 4653 ".
794 4618 812 4652 ι
853 4599 978 4657 Haec
1007 4614 1186 4659 autem
1218 4607 1403 4661 omnia
1434 4608 1503 4664 de
1530 4610 1866 4670 adversariis
1913 4626 2067 4686 pote-

495 4689 731 4745 statibus
772 4691 915 4746 dicta
944 4704 1114 4760 {sunL
1166 4695 1287 4751 Non
1338 4698 1486 4755 enim
1544 4702 1598 4757 in
1658 4719 1854 4761 manus
1896 4709 2060 4777 gladii

494 4785 707 4833 tantum
742 4784 987 4850 praedicti
1016 4786 1268 4843 homines
1292 4791 1597 4858 tradentur,
1634 4796 1730 4851 sed
1762 4799 1926 4852 etiam
1953 4800 2061 4856 huc

494 4866 624 4922 illuc
664 4868 1041 4928 distrahentur
1079 4891 1110 4931 a
1149 4879 1308 4934 sa:vis
1336 4882 1666 4951 quibusdam
1712 4889 2065 4961 versutisque

493 4963 797 5032 spiritibus,
830 4968 922 5036 qui
969 4970 1158 5040 vulpes
1196 4972 1284 5029 hic
1330 4988 1740 5049 nuncupantur,
1789 4984 1918 5055 quia
1978 4986 2065 5043 fo-

492 5069 619 5110 veas
650 5057 906 5123 subeunt,
945 5070 1001 5116 et
1055 5063 1108 5117 in
1159 5065 1363 5124 inlimis
1405 5073 1779 5140 penetralibus
1833 5077 2060 5134 latibula

489 5150 714 5202 habent.
778 5148 872 5206 lla:
903 5153 1087 5225 itaque
1128 5160 1322 5229 vulpes
1350 5163 1642 5234 impiorum
1680 5158 2060 5229 animasistuc

487 5241 764 5312 delapsas,
799 5253 858 5299 ut
889 5249 1128 5304 oblatam
1162 5252 1425 5321 praedam,
1457 5262 1890 5330 comprehensas
1920 5265 2059 5320 diri-

485 5334 642 5401 piunt
688 5343 853 5408 atque
901 5340 1045 5396 inter
1091 5360 1151 5400 se
1199 5345 1469 5403 dividunt.
1545 5351 1689 5410 Sane
1731 5357 1894 5411 talem
1944 5358 2060 5415 fore

487 5425 779 5495 impiorum
818 5430 976 5488 linem
1016 5431 1254 5506 Spiritus
1300 5448 1526 5497 sanctus
1575 5445 1928 5503 vaticinatur.
1983 5448 2059 5505 De

2172 4537 2305 4607 γενῆ
2356 4554 2485 4608 μου·
2519 4538 2690 4592 σῶσόν
2725 4556 2790 4609 με
2825 4540 2889 4593 ἐκ
2923 4540 3186 4611 στόματος
3222 4541 3433 4606 λέοντος
3455 4582 3469 4606 ,
3509 4542 3602 4595 καὶ⁵
3638 4543 3751 4596 ἀπὸ

2171 4629 2418 4699 κεράτων
2449 4630 2833 4702 μονοκερώτων
2878 4631 2974 4703 τὴν
2998 4633 3320 4688 ταπείνωσίν
3348 4651 3470 4705 μου.
3506 4653 3525 4686 ι
3558 4633 3749 4689 Ταῦτα

2168 4720 2225 4774 δὲ
2257 4721 2434 4775 πάντα
2479 4723 2605 4795 περὶ
2649 4723 3040 4794 ἀντικειμένων
3066 4723 3346 4797 δυνάμεων
3388 4725 3625 4795 ἐλέγετο.
3667 4728 3746 4781 Ού

2173 4812 2332 4883 μόνον
2381 4813 2438 4865 δὲ
2482 4816 2561 4879 εἰς
2610 4818 2798 4887 χεῖρας
2856 4817 3125 4888 ῥομφαίας
3176 4817 3641 4891 παραδοθήσονται
3692 4820 3748 4873 οἰ

2165 4904 2570 4976 προλεχθὲντες,
2593 4906 2726 4960 ἀλλὰ
2749 4909 2843 4961 καὶ
2872 4908 3365 4985 διασπασθήσονται
3391 4904 3493 4964 ὧδε
3519 4913 3749 4965 κάκεῖσε

2164 4996 2575 5070 περιελκόμενοι
2598 5000 2702 5054 ὑπὸ
2726 5001 2914 5055 δεινῶν
2936 5019 3097 5057 τινων
3124 5004 3217 5057 καὶ
3238 5004 3557 5077 πανούργων
3582 5024 3751 5060 πνευ-

2167 5092 2372 5163 μάτων,
2421 5090 2513 5154 οὒς
2544 5091 2833 5158 ἀλώπεκας
2863 5095 3118 5167 ὀνομάζει
3151 5099 3178 5150 ὁ
3214 5098 3402 5170 παρὼν
3427 5100 3584 5168 λόγος
3608 5140 3622 5163 ,
3658 5102 3750 5155 διὰ

2166 5180 2227 5234 τὸ
2261 5180 2677 5236 καταδεδυκέναι
2711 5185 2807 5238 καὶ
2852 5188 2964 5248 τοῖς
2996 5190 3295 5245 κατωτάτω
3337 5195 3527 5263 μυχοῖς
3555 5194 3750 5264 ἐμφω-

2167 5272 2360 5327 λεύειν.
2398 5268 2557 5329 Οὗτοι
2588 5276 2631 5329 δ’
2662 5272 2757 5331 οὖν
2791 5279 2841 5331 οἰ
2873 5279 3156 5346 ἀλώπεκες
3187 5281 3375 5356 ῶσπερ
3406 5284 3614 5357 εὕρεμα
3641 5287 3748 5351 τὰς

2165 5367 2282 5419 ἐκεῖ
2312 5369 2783 5434 ·καταπιπτούσας
2831 5370 3007 5442 ψυχὰς
3060 5376 3169 5427 τῶν
3223 5376 3436 5431 ἀσεῦῶν
3487 5377 3747 5443 λαϐόντες

2164 5455 2587 5528 διαρπάζουσιν,
2630 5462 2711 5525 εἰς
2752 5462 2977 5527 ἑαυτοὺς
3012 5465 3181 5530 αὐτάς
3225 5468 3586 5541 μεριζόμενοι.
3626 5469 3749 5526 Καὶ

558 5568 605 5601 ⁸³
642 5568 801 5629 Deut.
837 5592 911 5639 tv,
947 5576 1037 5632 59.
1113 5578 1158 5611 ³⁸
1197 5578 1398 5649 Ερίιθε.
1432 5599 1505 5671 tv,
1543 5585 1630 5641 10.
1707 5589 1752 5622 ⁹³
1788 5588 1891 5648 Job
1927 5609 2131 5651 xxxvnt
2156 5638 2170 5665 ,
2206 5599 2296 5664 16,
2330 5601 2416 5655 l7.
2493 5603 2541 5637 “
2574 5602 2717 5659 Psal.
2756 5622 2871 5674 ut,
2896 5607 2991 5675 21,
3014 5608 3103 5666 22.

558 5686 637 5757 (Ι)
668 5688 722 5743 In
751 5690 960 5765 Bibliis,
998 5698 1199 5768 πηγήν.
