4024 6210
305 288 420 350 613

1478 282 1974 343 COMMENTARIA
2014 281 2075 336 IN
2115 274 2451 342 PSALMOS.

3449 285 3555 343 614

307 403 421 460 τῶν
452 403 552 475 μὲν
575 404 788 459 ἀσεϐῶν
812 403 1051 459 τοιοῦτον
1083 403 1302 458 ἔσεσθαι
1331 404 1393 457 τὸ
1418 404 1644 467 τέλοςτδ
1664 402 1877 473 Πνεῦμα

1986 401 2140 472 justo
2167 410 2372 468 autem,
2407 403 2502 474 qui
2546 418 2712 474 supra
2765 412 3064 460 memorata
3094 404 3350 475 praeclara
3386 421 3555 476 opera

306 495 369 548 τὸ
399 497 554 565 ἅγιον
582 494 844 559 θεσπίζει.
873 496 1015 567 ιῐΙερλ⁵
1047 495 1103 549 δὲ
1132 496 1227 550 τοῦ
1277 495 1485 549 δικαίου
1511 494 1607 549 τοῦ
1651 493 1721 547 τὰ
1755 511 1889 565 προ-

306 586 567 658 λεχθιέντα
591 588 1016 660 κατωρθωκότος
1048 587 1296 661 ἐπιφέρει
1325 588 1512 657 λέγον’
1556 605 1575 639 ι
1616 587 1675 640 Ὀ
1705 586 1764 640 δέ
1796 586 1888 657 βα-

307 681 491 745 σιλεὺς
539 679 970 751 εὐφρανθήσεται
1016 680 1108 733 ἐπὶ
1155 680 1233 751 τῷ
1274 679 1425 750 Θεῷο
1476 678 1887 750 ἐπαινεθήσεται

306 775 416 836 πᾶς
440 775 470 826 6
494 771 710 843 ὀμνύων
738 774 795 826 ἐν
819 772 965 842 αὐτῷ
985 789 999 803 ·
1030 773 1111 825 ὅτι
1160 772 1436 844 ἐνεφράγη
1468 772 1640 842 στόμα
1663 770 1881 824 λαλούν-

302 883 413 920 των
443 865 628 920 ἄδικα.
660 884 678 916 ι
711 864 922 936 Σφόδρα
954 864 1270 936 παραδόξως
1308 864 1543 919 ἐνταῦθα
1573 864 1636 917 τὸ
1666 862 1758 917 τοῦ
1792 862 1885 933 βα-

305 957 498 1020 σιλέως
544 956 792 1026 εἰσῆκται
822 956 1020 1027 ὄνομα·
1051 955 1213 1010 Δαυῒδ
1263 956 1359 1026 μὲν
1390 954 1499 1027 γὰρ
1548 954 1763 1024 φεύγων
1795 953 1885 1007 τὸν

304 1048 498 1110 Σαοὺλ,
530 1048 625 1100 καὶ
656 1048 756 1119 τὴν
796 1047 997 1118 ἔρημον
1022 1048 1119 1118 τῆς
1154 1048 1415 1111 Ἰουδαίας
1450 1046 1614 1101 οἰκῶν
1643 1046 1761 1100 καθ’
1793 1045 1885 1110 οὓς

301 1139 476 1194 ταῦτα
510 1140 661 1208 ἔλεγε
678 1141 937 1212 χρόνους.
971 1139 1264 1203 δείκνυται,
1297 1140 1359 1193 οὐ
1396 1139 1503 1211 μὴν
1531 1140 1632 1211 ήδη
1662 1156 1764 1192 που
1799 1137 1885 1209 βα-

303 1231 532 1286 σιλεύων
552 1250 566 1263 ο
591 1231 763 1286 Σαοὺλ
788 1231 865 1295 δὲ,
894 1218 1112 1302 κρατῶν
1140 1229 1234 1284 τοῦ
1259 1230 1464 1294 ἔθνους,
1486 1229 1585 1300 τῆς
1610 1229 1885 1300 βασιλείας

300 1327 509 1397 ήγεῖτο.
554 1324 716 1388 Ποῖος
764 1319 856 1377 οὐν
901 1322 1155 1392 βασιλεὺς
1197 1321 1635 1395 εὐφρανθήσεται
1684 1321 1774 1373 ἐπὶ
1804 1319 1883 1391 τῷ

299 1415 449 1486 Θεῷ;
485 1415 626 1468 Ἀλλ’
662 1416 778 1488 ἐρεῖ
820 1432 902 1477 τις
949 1413 1089 1469 κατὰ
1132 1414 1439 1486 πρόγνωσιν
1468 1412 1563 1466 τοῦ
1602 1411 1883 1484 μέλλοντος

298 1507 462 1561 αὐτὸν
493 1505 851 1578 σημαίνεσθαι
879 1505 965 1558 τὸν
998 1505 1159 1558 Δαυῖδ
1178 1522 1191 1535 ο
1225 1504 1425 1576 ἧμελλε
1447 1504 1556 1577 γὰρ
1579 1505 1701 1558 ὅσον
1730 1501 1882 1556 οὐπω

298 1598 722 1669 τελευτήσαντος
753 1596 844 1650 τοῦ
879 1596 1049 1669 Σαοὺλ
1112 1596 1413 1666 βασιλεύειν
1440 1596 1620 1660 αὐτός.
1658 1597 1882 1667 Ἕτερος

299 1687 362 1740 δέ
411 1668 542 1758 φησι
585 1688 679 1740 καὶ
717 1689 826 1740 τότ’
874 1668 989 1761 ἤδη.
1030 1686 1257 1758 βασιλέα
1291 1683 1429 1742 εἶναι
1462 1688 1658 1741 αὐτόν·
1693 1687 1879 1757 ἐπειδὴ

303 1780 563 1849 κέχριστο
590 1778 692 1832 ὐπὸ
718 1778 813 1832 τοῦ
847 1778 1099 1851 Σαμουὴλ
1124 1781 1205 1843 είς
1242 1778 1487 1850 βασιλέα,
1513 1779 1607 1833 καὶ
1633 1779 1781 1850 παρὰ
1803 1778 1880 1850 τῷ

306 1868 432 1940 Θεῷ
470 1868 733 1938 λελόγιστο
766 1869 866 1941 ήδη
906 1869 1158 1941 βασιλεύς
1182 1885 1194 1899 ·
1228 1870 1286 1923 οὐ
1324 1870 1432 1942 μὴν
1458 1868 1592 1923 ἀλλὰ
1629 1871 1723 1924 καὶ
1752 1870 1881 1923 ἐϐα-

311 1960 488 2014 σίλευε
524 1962 612 2015 τοῦ
639 1962 889 2025 συνόντος
926 1961 1074 2034 αὐτῷ
1127 1961 1362 2035 πλήθους
1384 2002 1399 2027 ,
1442 1956 1503 2016 οῦ
1546 1961 1815 2033 μέμνηται
1847 1963 1880 2033 ή

310 2051 541 2123 ἱστορία.
576 2052 725 2105 Ἐπεὶ
747 2052 926 2105 τοίνυν
957 2050 1019 2105 τὸ
1051 2051 1202 2115 τέλος
1231 2051 1340 2104 τῶν
1366 2050 1694 2105 ἐλαυνόντων
1721 2050 1881 2105 αὐτὸν

304 2143 642 2214 παρέστησεν
665 2144 694 2196 6
720 2143 897 2211 λόγος,
926 2142 1149 2207 εἰκότως
1176 2142 1271 2196 καὶ
1301 2140 1464 2195 αὐτοῦ
1484 2141 1560 2203 ὡς
1586 2141 1651 2195 ἂν
1680 2140 1881 2213 πολλὴν

297 2236 676 2308 ἐνδειξαμένου
714 2235 999 2309 προκοπὴν
1027 2235 1097 2288 τὰ
1124 2233 1256 2305 τέλη
1301 2233 1411 2287 τῶν
1456 2234 1633 2289 πόνων
1670 2249 1882 2305 προφη-

293 2330 533 2385 τεύεται.
565 2329 655 2383 At0
686 2328 904 2397 λέγεται
922 2344 937 2359 θ
963 2346 980 2380 ι
1004 2328 1061 2382 '0
1088 2327 1146 2381 δὲ
1179 2325 1431 2397 βασιλεὺς
1455 2326 1879 2398 εὐφρανθήσεται

294 2423 391 2477 ἐπὶ
414 2422 494 2494 τῷ
515 2421 651 2493 Θεῷ.
671 2441 689 2473 ι
719 2421 808 2485 Ὠς
828 2421 937 2492 γὰρ
958 2421 1204 2489 γενναῖος
1229 2418 1324 2472 τοῦ
1344 2417 1480 2471 Θεοῦ
1505 2415 1759 2489 ἀθλητὴς,
1784 2435 1879 2489 με-

292 2517 496 2585 γάλους
538 2513 755 2584 ἀγῶνας
802 2511 1114 2577 διεξελθὼν,
1157 2511 1429 2585 βραδείων
1470 2527 1531 2564 τε
1575 2511 1670 2564 καὶ
1720 2508 1879 2566 θείων

297 2608 575 2678 στεφάνων
603 2606 1038 2679 κατηξιωμένος,
1068 2603 1406 2678 εὐφροσύνης
1439 2603 1738 2659 ἀπολαύσει
1778 2604 1880 2674 τῆς

294 2701 428 2773 παρ’
462 2701 612 2772 αὐτῷ
637 2699 716 2771 τῷ
750 2697 1079 2770 ἀγωνοθέτῃ.
1110 2698 1319 2770 Ὠσπερ
1349 2696 1459 2769 γὰρ
1489 2700 1538 2750 oi
1562 2696 1747 2771 ἐχθροὶ
1777 2696 1875 2750 αὐ-

292 2792 389 2847 τοῦ
418 2792 571 2857 τέλος
593 2793 693 2846 οὐκ
722 2791 895 2847 αἴσιον
921 2790 1225 2862 εἰλήφασιν,
1257 2791 1337 2854 είς
1366 2790 1436 2844 τὰ
1469 2788 1759 2844 κατώτατα
1780 2788 1879 2859 τῆς

294 2887 400 2957 γῆς
433 2885 796 2951 εἰσελθόντες,
830 2885 923 2938 καὶ
973 2882 1374 2956 παραδοθέντες
1405 2884 1484 2947 είς
1516 2883 1703 2953 χεῖρας
1747 2883 1880 2953 ῥομ-

295 2978 493 3047 φαίας,
541 2977 757 3049 μερίδες
787 2993 848 3029 τε
900 2975 1199 3029 ἀλωπέκων
1242 2974 1557 3044 γενόμενοι·
1603 2971 1640 3027 ἃ
1680 2970 1745 3043 δή
1785 2970 1878 3024 καὶ

294 3069 598 3142 ἐπληροῦτο
637 3070 773 3143 πρὸς
801 3068 945 3134 λέξιν
984 3067 1127 3123 κατὰ
1165 3067 1261 3139 τὴν
1304 3066 1576 3138 ἱστορίαν,
1610 3064 1874 3137 ὁπηνίκα,
1904 3104 1947 3162 C

295 3159 513 3229 φεύγων
535 3160 565 3213 6
593 3157 766 3213 Σαοὺλ
791 3160 916 3222 τοὺς
944 3157 1256 3229 πολεμίους,
1282 3155 1672 3230 ἐκρυπτάζετο,
1696 3155 1873 3227 ζητῶν

293 3269 354 3305 τε
386 3251 535 3323 παρὰ
559 3251 653 3306 τοῦ
686 3251 821 3305 Θεοῦ
857 3250 1126 3323 βοήθειαν,
1155 3251 1254 3320 οὐχ
1297 3249 1549 3318 εὕρισκεν
1570 3266 1583 3279 °
1615 3247 1728 3302 ἀλλ’
1754 3248 1874 3303 οὐδέ

295 3345 644 3416 ἀποκρίσεως
675 3343 825 3409 θείας
852 3341 1098 3414 ἠξιοῦτοο
1124 3342 1199 3407 ὡς
1222 3341 1313 3397 διὰ
1345 3340 1487 3395 τοῦτ’
1518 3341 1690 3395 ἐλθεῖν
1712 3341 1875 3396 αὐτὸν

293 3437 391 3489 ἐπὶ
416 3437 516 3508 τὴν
535 3435 990 3509 ἐγγαστρίμυθον,
1016 3436 1109 3489 καὶ
1136 3434 1609 3507 πολυπραγμονεῖν
1640 3434 1707 3487 τὰ
1731 3435 1875 3505 ἀπη-

291 3529 601 3600 γορευμένα
630 3528 736 3583 ὐπὸ
762 3526 860 3582 τοῦ
892 3528 1049 3583 Θεοῦ.
1075 3528 1208 3582 Τότε
1239 3526 1369 3596 γοῦν
1403 3525 1619 3598 ἀληθῶς
1657 3526 1874 3598 μερίδες

292 3623 594 3679 ἀλωπέκων
631 3623 916 3691 γεγόνασιν
948 3621 1109 3686 αὐτός
1142 3638 1200 3674 τε
1245 3621 1339 3675 καὶ
1376 3622 1425 3673 οἱ
1451 3620 1548 3673 σύν
1580 3618 1746 3689 αὐτῷ.
1781 3618 1873 3672 Διὸ

294 3715 392 3768 καὶ
422 3713 871 3783 καταλειφθέντες
896 3713 1001 3767 ὐπὸ
1029 3712 1123 3766 τοῦ
1156 3712 1291 3766 Θεοῦ
1317 3752 1331 3777 ,
1360 3712 1561 3784 τῇτῶν
1600 3711 1871 3782 πολεμίων

294 3806 543 3878 ῥομφαία
564 3806 938 3879 παρεδόθησαν
956 3806 1211 3870 πεσόντες
1232 3807 1290 3858 ἐν
1311 3804 1389 3876 τῷ
1415 3805 1871 3877 πολέμῳ.Ὥσπερ

294 3893 388 3952 οὖν
416 3897 588 3952 ταῦτα
624 3898 852 3969 μηδέπω
881 3898 1149 3969 γενόμενα
1179 3897 1319 3951 κατὰ
1349 3896 1656 3969 πρόγνωσιν
1687 3896 1871 3968 εἴρητο

294 3988 560 4061 μέλλοντα
600 3989 818 4043 ἔσεσθαι
860 3992 971 4053 τοῖς
1017 3990 1106 4043 τὸν
1151 3990 1314 4044 Δαυῖδ
1346 3990 1690 4043 ἐλαύνουσιν·
1729 3988 1870 4042 οὕτω

289 4082 386 4133 καὶ
413 4080 561 4152 αὐτῷ
583 4080 654 4133 τὰ
681 4079 833 4133 αἴσια
858 4078 985 4149 τέλη
1007 4078 1069 4131 τὸ
1097 4078 1319 4149 Πνεῦμα
1340 4076 1401 4131 τὸ
1430 4077 1582 4146 ᾰγιον
1607 4074 1868 4145 ἀνεφώνει

287 4170 448 4239 λέγον
466 4187 481 4201 ο
517 4188 535 4222 ι
557 4171 615 4223 '0
645 4169 703 4223 δὲ
734 4169 985 4240 βασιλεὺς
1008 4167 1441 4240 εὐφρανθήσεται
1472 4167 1563 4220 ἐπλ⁸
1586 4166 1663 4237 τῷ
1680 4165 1816 4237 Θεῷ.
1842 4185 1862 4218 ι

303 4260 563 4325 Ἐλπίσας
595 4261 704 4332 γὰρ
746 4261 842 4313 ἐπὶ
889 4259 980 4313 τόν
1006 4259 1138 4314 Θεὸν
1157 4301 1171 4325 ,
1225 4261 1318 4314 καὶ
1363 4260 1462 4330 τὴν
1495 4258 1658 4312 αὐτοῦ
1689 4257 1866 4329 ψυχήν

1987 495 2179 562 edidit,
2232 495 2349 551 haec
2403 495 2724 568 subjungit:
2795 494 2953 550 «Rex
3007 512 3137 552 vero
3179 496 3448 552 laetabitur
3497 497 3554 553 in

1987 581 2140 639 Deo:
2182 583 2549 638 laudabuntur
2580 599 2770 641 omnes
2815 585 2910 655 qui
2947 585 3135 655 juraut
3192 586 3246 640 in
3284 601 3372 650 eo,
3425 586 3555 656 quia

1986 675 2327 731 obstructum
2355 684 2439 730 est
2480 690 2543 731 os
2575 676 2914 746 loquentium
2966 677 3207 747 iniqua.)
3257 676 3452 731 Mirum
3496 679 3554 733 in

1986 768 2208 821 modum
2243 767 2334 822 hic
2366 769 2511 839 regis
2546 784 2744 824 nomen
2786 768 3070 823 inductum
3106 776 3227 825 est:
3282 770 3552 839 siquidem

1986 860 2156 917 David
2187 878 2334 927 cum,
2380 871 2440 917 ut
2464 863 2983 928 demonstravimus,
3021 879 3130 934 quo
3162 872 3407 934 tempore
3440 864 3555 919 haec

1985 953 2203 1009 dicebat
2246 970 2277 1009 a
2319 952 2482 1011 Saule
2532 955 2765 1027 fugeret,
2801 956 3191 1026 desertumque
3233 954 3437 1011 Juda-ae
3467 955 3555 1011 in-

1984 1048 2207 1113 coleret,
2241 1049 2482 1103 nondum
2518 1066 2614 1105 rex
2648 1060 2768 1105 erat
2793 1092 2809 1117 ,
2860 1049 2958 1104 sed
3012 1047 3143 1103 Saul
3176 1049 3325 1119 genti
3373 1049 3550 1118 impe-

1982 1156 2113 1195 rans
2156 1156 2381 1210 regnum
2416 1141 2717 1196 obtinebat.
2752 1140 2887 1208 Quis
2913 1156 3041 1211 ergo
3073 1156 3166 1195 rex
3198 1140 3472 1194 lmtabitur
3494 1140 3549 1193 in

1983 1229 2129 1283 Deo?
2188 1227 2294 1283 Sed
2342 1229 2486 1285 dicet
2541 1230 2834 1300 quispiam,
2886 1246 2950 1284 ex
2984 1229 3326 1299 praescientia
3378 1228 3548 1283 futuri

1980 1326 2159 1394 ipsum
2190 1322 2447 1378 Davidem
2484 1323 2763 1380 indicare:
2795 1325 2947 1380 brevi
2976 1339 3233 1394 namque,
3262 1333 3384 1393 post
3411 1337 3553 1378 mor-

1982 1424 2088 1473 tem
2127 1416 2327 1482 Saulis,
2362 1425 2694 1487 regnaturus
2719 1419 2833 1487 ipse
2866 1424 3005 1473 erat.
3050 1415 3206 1471 Dicet
3237 1416 3402 1480 alius,
3433 1416 3549 1486 jam

1981 1516 2095 1563 tum
2132 1509 2389 1563 Davidem
2424 1510 2594 1565 fuisse
2633 1525 2841 1580 regem,
2881 1515 3071 1578 utpote
3122 1522 3152 1561 a
3190 1506 3448 1562 Samuele
3492 1506 3549 1561 in

1982 1618 2161 1673 regem
2196 1610 2445 1670 unctum,
2481 1612 2644 1672 atque
2671 1609 2730 1657 ut
2781 1603 2941 1656 talem
2982 1616 3012 1654 a
3048 1599 3159 1656 Deo
3193 1608 3545 1671 reputatum;

1982 1695 2092 1749 imo
2121 1696 2285 1750 etiam
2318 1703 2450 1750 tunc
2484 1694 2746 1764 temporis
2787 1708 3047 1765 regnasse
3084 1693 3138 1747 in
3175 1700 3390 1763 gentem
3424 1706 3548 1746 sese

1982 1787 2356 1849 comitantem,
2412 1786 2573 1854 cujus
2614 1784 2864 1838 meminit
2911 1783 3161 1837 historia.
3206 1780 3349 1847 Quia
3383 1781 3548 1851 igitur

1982 1878 2383 1950 insequentium
2414 1880 2592 1951 ipsum
2632 1877 2791 1932 linem
2827 1890 3008 1932 sermo
3038 1874 3371 1940 declaravit,
3404 1887 3543 1926 con-

1981 1980 2273 2043 sequenter
2316 1973 2491 2043 ipsius
2530 1985 2770 2042 quoque,
2823 1976 3013 2039 utpote
3065 1982 3264 2037 magno
3295 1963 3545 2036 profectu

1981 2065 2150 2123 aucti,
2185 2064 2435 2118 laborum
2480 2061 2640 2117 ﬁnem
2671 2059 3027 2114 vaticinatur.
3083 2056 3265 2123 Quare
3302 2054 3542 2110 dicitur:

1987 2174 2005 2207 ι
2037 2154 2151 2211 Rex
2182 2170 2311 2210 vero
2342 2154 2617 2209 laetabitur
2645 2154 2702 2206 in
2752 2150 2917 2206 Deo.»
2970 2148 3104 2203 Nam
3134 2156 3194 2202 ut
3243 2160 3545 2218 generosus

1980 2247 2074 2302 Dei
2107 2247 2332 2311 athleta,
2392 2245 2604 2317 magnis
2651 2234 2817 2299 editis
2858 2239 3273 2302 certaminibus,
3307 2237 3548 2309 praemiis

1980 2339 2289 2408 divinisque
2328 2338 2550 2393 coronis
2587 2336 2846 2399 donatus,
2880 2350 2965 2396 ea,
3003 2348 3125 2405 qua:
3156 2346 3322 2403 penes
3363 2330 3545 2399 ipsum

1980 2431 2363 2502 agonothetam
2407 2437 2512 2493 est,
2553 2429 2736 2483 laetitia
2772 2427 3007 2481 fruetur.
3076 2423 3148 2480 Ut
3199 2439 3229 2479 e
3279 2434 3548 2478 converso

1979 2524 2185 2579 inimici
2202 2522 2322 2592 ejus
2347 2538 2455 2576 non
2486 2521 2725 2575 faustum
2753 2520 2915 2573 linem
2945 2518 3323 2579 obtinuerunt,
3348 2514 3548 2585 quippe

1978 2614 2072 2687 qui
2099 2615 2155 2669 in
2184 2612 2445 2669 inferiora
2475 2619 2635 2667 terra;
2669 2609 2927 2679 ingressi,
2960 2616 3014 2662 et
3042 2606 3228 2660 traditi
3268 2605 3325 2659 in
3347 2617 3545 2657 manus

1978 2709 2164 2782 gladii,
2196 2716 2378 2780 partes
2428 2704 2672 2774 vulpium
2716 2702 2938 2756 fuerint.
2999 2699 3131 2764 Quae
3174 2695 3243 2749 ad
3302 2696 3545 2749 litteram

1978 2803 2199 2873 impleta
2228 2814 2351 2855 esse
2385 2798 2439 2852 in
2484 2793 2716 2850 historia
2766 2798 3044 2853 narratur,
3076 2786 3297 2859 quando
3338 2787 3407 2840 ab
3440 2784 3548 2838 ini-

1978 2892 2138 2947 micis
2184 2890 2398 2960 fugiens
2431 2885 2562 2943 Saul
2603 2885 2844 2940 latebras
2872 2879 3174 2953 quaerebat,
3210 2878 3549 2949 petitamque

1979 3000 2009 3038 a
2033 2983 2142 3039 Deo
2196 2998 2353 3053 Opem
2398 2995 2507 3036 non
2535 2979 2793 3040 obtinuit,
2829 2990 3007 3045 neque
3048 2973 3232 3027 divino
3282 2982 3549 3039 responso

1980 3077 2238 3147 dignatus
2265 3084 2388 3143 est;
2424 3076 2499 3129 ita
2548 3082 2609 3128 ut
2651 3071 2775 3127 ideo
2825 3065 3315 3140 engastrimytham
3346 3061 3545 3124 adiret,

1980 3176 2033 3223 et
2072 3184 2103 3222 a
2132 3167 2240 3223 Deo
2275 3166 2444 3222 vetita
2475 3164 2749 3219 curiosius
2781 3160 3102 3231 inquireret.
3156 3153 3312 3209 Tunc
3352 3162 3544 3205 revera

1982 3269 2163 3332 partes
2205 3259 2447 3330 vulpium
2493 3257 2665 3321 fuere,
2699 3270 2823 3310 cum
2855 3252 2968 3315 ille,
2987 3259 3103 3305 tum
3127 3245 3357 3302 comites
3402 3242 3545 3312 ejus.
3606 3264 3613 3271 -

1980 3353 2160 3421 Quare
2182 3353 2279 3408 abs
2316 3350 2426 3405 Deo
2451 3347 2722 3412 derelicti,
2748 3341 2934 3417 g'ladio
2962 3341 3313 3398 inimicorum
3359 3333 3546 3418 traditi

1979 3450 2129 3507 sunt,
2161 3450 2215 3497 et
2246 3442 2302 3496 in
2337 3441 2479 3496 bello
2503 3438 2841 3494 ceciderunt.
2901 3433 3056 3488 Sicut
3094 3430 3259 3501 igitur
3292 3426 3384 3481 illa
3413 3438 3548 3479 nou-

1979 3533 2109 3589 dum
2145 3533 2311 3597 edita,
2344 3528 2766 3600 insequentibus
2807 3524 3066 3579 Davidem
3106 3521 3430 3583 obventura,
3477 3529 3546 3570 ex

1979 3628 2322 3700 praescientia
2349 3622 2843 3684 renuntiabantur,
2876 3618 2951 3672 ita
2971 3624 3025 3672 et
3057 3615 3163 3684 ipsi
3188 3609 3379 3665 Davidi
3411 3621 3544 3678 pro-

1978 3734 2197 3789 sperum
2226 3717 2383 3772 linem
2422 3713 2662 3785 Spiritus
2681 3720 2906 3767 sanctus
2936 3706 3263 3778 praedicebat
3302 3701 3387 3756 his
3416 3712 3545 3753 ver-

1980 3815 2086 3879 bis,
2125 3832 2143 3865 ι
2169 3811 2285 3867 Rex
2313 3825 2446 3865 vero
2468 3807 2739 3863 laetabitur
2770 3805 2825 3858 in
2871 3801 3034 3857 Deo.»
3102 3798 3238 3853 Cum
3285 3792 3432 3849 enim
3484 3789 3542 3845 in

1977 3905 2087 3962 Deo
2132 3919 2282 3977 spem
2319 3900 2583 3973 posuerit,
2636 3897 2851 3968 ipsique
2897 3893 3136 3947 animam
3188 3880 3544 3954 coniunxerit

1974 4012 2152 4060 suam,
2182 3997 2257 4050 ita
2285 4003 2347 4048 ut
2380 3992 2549 4053 dicat,
2586 4009 2604 4041 ι
2629 3986 2872 4043 Αὰιιαιείι
2903 3984 3085 4039 anima
3112 3993 3232 4035 mea
3266 3983 3388 4048 post
3410 3982 3484 4038 te,
3510 3989 3534 4025 ν

1976 4102 2267 4159 supernam
2296 4101 2327 4140 a
2359 4084 2468 4139 Deo
2525 4080 2766 4137 laetitiam
2822 4071 3109 4131 obtinebit.
3166 4068 3246 4123 Ac
3289 4060 3543 4159 quisquis

1976 4153 2078 4233 hac
2109 4175 2177 4232 de
2205 4191 2264 4230 re
2288 4174 2513 4244 juravit,
2550 4178 2609 4225 ut
2642 4170 2782 4225 bene
2814 4165 3026 4237 prolato
3069 4162 3384 4232 juramento
3423 4153 3540 4207 lau-

1974 4270 2232 4334 dabitur;
2304 4266 2443 4332 sive,
2474 4261 2775 4320 secundum
2817 4258 3091 4327 Aquilam,
3158 4271 3176 4304 ι
3204 4246 3541 4304 Gloriabitur

288 4354 534 4421 συνάψας
560 4355 738 4427 αὐτῷ,
767 4353 844 4417 ὡς
866 4354 1038 4406 εἰπεῖν
1062 4392 1078 4415 ,
1118 4373 1137 4407 ι
1174 4352 1466 4425 Ἐκολλήθη
1512 4354 1545 4424 ή
1583 4352 1727 4424 ψυχή
1763 4369 1864 4423 μου

1977 4364 2065 4437 qui
2089 4364 2236 4433 jurat
2262 4362 2315 4414 in
2350 4374 2415 4413 co
2450 4376 2469 4410 ι
2511 4356 2645 4410 Nam
2675 4352 2927 4423 quisquis
2966 4345 3098 4401 nihil
3119 4336 3412 4437 dubitans,
3448 4336 3541 4406 juo

285 4447 463 4502 ὀπίσω
492 4465 587 4501 σου
608 4487 623 4511 ,
660 4467 678 4499 ι
718 4450 820 4520 τῆς
867 4449 1128 4505 ἀνωτάτω
1163 4447 1411 4512 τεύξεται
1461 4444 1611 4515 παρὰ
1642 4445 1720 4516 τῷ
1748 4447 1865 4518 Θεῷ

1977 4433 2219 4509 ramento
2254 4446 2622 4507 allirmaverit,
2674 4455 2854 4511 regem
2888 4455 2917 4491 a
2949 4433 3224 4506 proposita
3258 4444 3356 4499 spe
3387 4443 3534 4520 nun-

285 4542 645 4612 εὐφροσύνης.
681 4519 789 4595 Καί
818 4544 926 4607 πᾶς
962 4542 1019 4595 δὲ
1043 4543 1072 4596 ό
1105 4541 1198 4593 ἐπὶ
1242 4537 1450 4600 τούτοις
1480 4536 1646 4606 ὀμνὺς
1689 4538 1765 4600 ὼς
1804 4538 1869 4592 ἂν

1977 4560 2134 4618 quam
2165 4544 2445 4612 lapsurum
2481 4551 2625 4597 esse,
2663 4540 2724 4587 ut
2778 4529 2873 4600 qui
2920 4534 3068 4582 recte
3097 4521 3385 4618 iuraverit,
3419 4519 3539 4618 lati:-

285 4631 531 4704 εὐορκῶν
557 4632 974 4704 ἐπαινεθήσεται
994 4649 1009 4664 '
1039 4632 1072 4704 ἢ
1103 4630 1245 4687 κατὰ
1276 4630 1369 4683 τὸν
1397 4625 1649 4692 Ἀκύλαν,
1687 4651 1704 4683 ι
1726 4632 1873 4684 Καυ-

286 4728 512 4796 χήσεται
537 4726 567 4777 6
592 4725 805 4795 ὀμνύων
834 4728 893 4779 ἐν
915 4726 1085 4798 αὐτῷ.
1119 4747 1136 4778 ι
1172 4727 1231 4781 '0
1256 4726 1365 4798 γὰρ
1392 4726 1465 4798 μὴ
1494 4724 1868 4800 ἀμφιϐάλλων,

285 4818 423 4872 ἀλλὰ
459 4820 555 4872 καὶ
593 4819 755 4891 ὅρκον
779 4819 1063 4891 τιθέμενος
1101 4820 1230 4891 περὶ
1260 4819 1355 4872 τοῦ
1385 4822 1605 4893 μήποτε
1622 4819 1873 4873 ἐκπεσεῖ-

286 4913 411 4967 σθαι
442 4913 534 4970 τὸν
565 4914 788 4985 βασιλέα
827 4914 928 4985 τῆς
956 4911 1373 4985 ἐπηγγελμένης
1398 4908 1641 4976 ἐλπίδος,
1673 4908 1871 4963 ὡσανεὶ

284 5007 563 5078 εὐορκῶν,
605 5007 1044 5072 ἐπαινεθήσεται.
1080 5003 1193 5059 Καὶ
1228 5002 1401 5057 ταῦτα
1433 5003 1584 5057 ἔσται
1621 5002 1750 5074 περὶ
1779 5000 1871 5053 τὸν

284 5098 510 5170 βασιλέα
526 5101 768 5172 καὶπερὶ
792 5100 966 5167 πάντα
980 5097 1071 5151 τὸν
1097 5095 1339 5168 ὀμνύντα
1364 5096 1492 5168 περὶ
1515 5093 1703 5154 αὐτοῦ,
1716 5112 1735 5145 ι
1749 5093 1868 5146 Ὅτι

281 5192 563 5264 ἐνεφράγη
592 5193 653 5246 τδ
686 5193 863 5263 στόμα
887 5190 1191 5244 λαλούντων
1220 5188 1405 5243 ἄδικα.
1449 5206 1467 5240 ι
1506 5186 1645 5242 Καθ’
1676 5184 1868 5255 ἑτέραν

277 5284 337 5337 δὲ
364 5283 606 5338 διάνοιαν
642 5284 736 5339 τοῦ
762 5284 971 5337 δικαίου
1015 5280 1390 5351 τελειουμένου
1423 5278 1564 5334 κατὰ
1602 5277 1700 5341 τὰς
1731 5278 1867 5330 ἀπο-

275 5375 530 5440 δοθείσας
558 5378 615 5429 ἐν
644 5377 810 5447 ἀρετῇ
843 5373 1128 5447 προκοπὰς
1148 5412 1163 5437 ,
1192 5373 1372 5444 χαίρει
1396 5373 1491 5425 καὶ
1518 5369 1866 5442 εὐφραίνεται

276 5470 307 5521 6
343 5468 603 5538 βασιλεὺς
627 5509 640 5532 ,
672 5471 700 5522 6
734 5467 831 5521 τοῦ
876 5466 1012 5520 Θεοῦ
1040 5465 1351 5537 Μονογενὴς
1378 5464 1505 5526 Υἱὸς
1530 5461 1865 5534 εὐχαριστῶν

275 5558 361 5629 τῷ
389 5558 585 5613 ἐαυτοῦ
621 5559 814 5629 Πατρὶ,
837 5557 915 5629 τῷ
944 5556 1013 5610 τὰ
1036 5556 1337 5629 τηλικαῦτα
1360 5554 1674 5625 χαρίσματα
1704 5552 1866 5605 δεδω-

279 5650 496 5722 mqu
541 5652 610 5721 τῇ
645 5648 754 5703 τῶν
788 5648 1091 5720 ἀνθρώπων
1121 5648 1276 5718 φύσει.
1317 5645 1517 5699 Τοῦτον
1551 5643 1608 5696 δὲ
1649 5640 1738 5695 τὸν
1768 5640 1864 5711 βα-

279 5764 296 5793 ι
319 5741 436 5798 ιλέα
463 5745 493 5797 6
520 5743 701 5813 γνοὺς,
729 5743 823 5795 καὶ
849 5741 1032 5814 ὅρκιον
1058 5740 1223 5795 αὐτοῦ
1260 5738 1575 5807 ποιούμενος
1603 5733 1858 5803 τοῦνομα,

1969 4611 2231 4692 dabitur.
2257 4632 2322 4685 Et
2352 4631 2468 4685 haec
2510 4626 2826 4694 contingent
2857 4628 2972 4674 tum
3017 4615 3155 4687 regi,
3192 4623 3305 4669 tum
3346 4613 3414 4668 iis
3442 4611 3537 4682 qui

1970 4726 2039 4782 de
2076 4726 2195 4797 ipso
2238 4718 2568 4793 iuraverint,
2619 4735 2637 4767 ι
2665 4714 2795 4786 quia
2838 4711 3183 4767 obstructum
3227 4713 3312 4761 est
3356 4719 3419 4760 os
3457 4704 3539 4758 lo-

1971 4818 2257 4891 quentium
2288 4813 2498 4883 iniqua.
2524 4828 2543 4862 »
2596 4806 2911 4865 Secundum
2946 4803 3110 4857 aliam
3151 4812 3281 4854 vero
3317 4804 3542 4852 senten-

1968 4914 2104 4968 tiam
2136 4908 2459 4978 cumjustus
2484 4903 2747 4959 virtutum
2778 4894 3026 4968 profectu
3051 4898 3248 4947 auctus
3275 4904 3538 4944 consum-

1969 5014 2184 5069 matur,
2239 5010 2371 5055 tunc
2414 4996 2613 5069 gaudet
2653 5008 2752 5048 rex
2800 4996 2856 5047 et
2901 4986 3162 5052 exsultat,
3211 4980 3538 5069 Unigenitus

1970 5095 2182 5151 scilicet
2213 5092 2307 5147 Dei
2337 5068 2530 5152 Filius,
2580 5083 2730 5138 Patri
2762 5095 2864 5137 suo
2908 5077 3115 5151 gratias
3144 5072 3411 5134 referens,
3444 5068 3538 5139 qui

1968 5186 2224 5240 humana:
2258 5188 2466 5236 natura:
2501 5184 2653 5231 tanta
2684 5172 2985 5245 gratiarum
3030 5167 3174 5223 dona
3218 5161 3534 5219 contuleriz.

1968 5277 2129 5333 Hunc
2187 5289 2354 5346 porro
2401 5285 2584 5342 regem
2633 5268 2730 5340 qui
2773 5263 3009 5329 noverit,
3044 5262 3274 5330 ejusque
3317 5252 3535 5346 nomine

1966 5372 2032 5426 ad
2081 5340 2623 5440 iuramentumiusus
2688 5358 2872 5421 fuerit,
2909 5357 2956 5411 is
3002 5369 3134 5410 sane
3184 5347 3331 5440 omni
3373 5340 3532 5440 laude

1968 5434 2165 5531 dignus
2200 5456 2503 5519 habeatur;
2544 5460 2734 5521 utpote
2782 5446 2873 5519 qui
2924 5439 3226 5531 edidicerit,
3261 5434 3527 5531 ejusvir-

1966 5523 2081 5606 tute
2110 5550 2318 5619 justqu
2346 5550 2814 5605 consummatum,
2846 5545 2900 5593 et
2926 5551 2990 5591 os
3020 5528 3296 5619 quml'ibet
3321 5523 3532 5619 iniusta

1967 5609 2136 5692 multa
2170 5632 2457 5705 proferens
2489 5630 2834 5685 obstructum
2866 5624 3054 5678 fuisse.
3111 5610 3335 5669 Etiamsi
3382 5609 3528 5665 enim

1967 5734 2255 5801 aliquanto
2295 5734 2545 5796 tempore
2602 5729 2924 5776 concessum
2957 5709 3136 5782 impiis
3169 5705 3292 5770 fuit,
3346 5708 3531 5757 utore
