4024 6210
458 200 570 256 615

1136 198 1404 254 EUSEBII
1443 196 1922 254 CIESARIENSIS
1957 199 2107 257 OPP.
2154 198 2336 256 PARS
2365 194 2458 254 ἱῐῖ.
2505 223 2573 238 -—
2612 191 3018 248 EXEGETICA.

3600 191 3705 247 (iiii

456 318 662 387 iniusta
697 315 866 371 multa
923 313 1251 385 proferrent,
1287 323 1340 369 et
1371 315 1690 386 hiasphema
1719 313 1866 370 dicta
1895 320 2023 370 eo'n-

2133 314 2332 377 παντὸς
2361 311 2559 382 γένοιτ’
2588 309 2654 363 ἂν
2686 309 2909 362 ἐπαίνου
2944 307 3110 372 ἄξιος,
3142 306 3216 370 ὡς
3247 307 3312 359 ἂν
3349 305 3709 377 μεμαθηκὼς.

455 421 537 464 tra
593 409 800 477 justum
853 408 1144 478 ipsumque
1201 407 1371 462 De‘tm
1423 415 1766 479 spargerent.
1815 416 2026 478 utpote,

455 501 548 570 qui
594 499 742 552 viros
775 498 861 554 sui
911 511 1082 552 causa
1123 497 1312 563 pulsos
1344 513 1454 551 non
1496 497 1889 564 ulcisceretur;
1920 497 2030 553 illis

453 607 588 647 sane
621 607 730 645 non
780 591 1132 661 permittetur
1161 602 1221 644 ut
1267 589 1338 645 ad
1371 591 1534 646 ﬁnem
1572 607 1747 661 usque
1777 591 1905 644 talia
1933 589 2030 644 de-

454 683 760 748 blatereﬁt;
817 683 914 738 sed
965 698 1029 738 os
1096 682 1324 752 impium
1391 683 1636 753 ipsorum
1687 683 2026 747 obstruetur,

452 775 800 844 cessabitque
852 773 943 827 iila
993 782 1187 828 contra
1232 775 1356 844 pios
1402 774 1654 829 homines
1694 776 2026 845 arrogantia,

452 880 576 919 cum
607 867 728 920 illos
754 875 1088 920 memoratus
1118 866 1241 920 linis
1280 866 1576 936 exceperit.

2128 405 2210 456 δτι
2251 404 2317 472 τῇ
2363 399 2528 454 αὑτοῦ
2577 399 2806 468 δυνάμει
2853 398 2945 450 καὶ
2972 401 3000 449 6
3024 397 3230 460 δίκαιος
3261 395 3546 466 ἐτελειώθη
3567 435 3584 459 ,
3617 397 3714 449 καὶ

2132 495 2240 548 πᾶν
2275 494 2445 564 στόμα
2467 492 2530 545 τὸ
2559 491 2727 544 πολλὰ
2769 489 2962 542 λαλοῦν
2990 489 3149 541 ἄδικα
3175 488 3470 557 ἐνεφράγη.
3506 489 3570 540 Ei
3603 487 3714 558 γὰρ

2131 587 2224 640 καὶ
2249 587 2334 639 τὰ*
2356 587 2589 657 μάλιστα
2616 584 2793 656 καιρῷ
2824 600 2932 636 τινι
2966 584 3320 652 συνεχωρεῖτο
3347 581 3425 651 τῷ
3447 580 3557 633 τῶν
3582 581 3712 633 ἀσε-

2131 681 2240 735 ϐῶν
2283 679 2510 750 στόματι
2538 677 2716 732 λαλεῖν
2762 676 2923 730 ἄδικα
2959 678 3052 728 καὶ
3099 674 3452 745 καταϐλασφη
3462 677 3588 745 μεῖν
3620 672 3713 726 τοῦ

2129 773 2361 838 δικαίου,
2389 771 2484 825 καὶ
2521 771 2686 823 αὑτοῦ
2709 769 2804 823 τοῦ
2832 769 2991 833 Θεοῦ,
3041 768 3116 830 ὡς
3148 767 3313 839 μηδὲν
3339 767 3715 838 ἐπαμύνοντος

2137 868 2252 930 τοῖς
2279 864 2345 917 δι’
2369 863 2530 917 αὑτὸν
2549 861 2940 933 ἐλαυνομένοις·
2961 861 3074 915 ἀλλ’
3095 862 3196 913 οὐκ
3219 861 3297 922 είς
3318 860 3468 922 τέλος
3489 853 3715 912 τοιαῦτα

452 957 630 1010 λαλεῖν
665 957 1210 1029 συγχωρῃθήσονται·
1240 959 1582 1030 φραγήσεται
1627 958 1684 1012 δέ
1733 957 1915 1014 αὐτῶν
1964 957 2026 1012 τό
2061 958 2256 1022 ἀσεϐὲς
2284 957 2480 1029 στόμα,
2539 957 2692 1026 καὶὴ
2725 956 2865 1010 κατὰ
2895 955 3002 1008 τῶν
3067 953 3330 1023 θεοφιλῶν
3363 952 3577 1024 ἀνδρῶν
3619 969 3714 1023 με·

451 1050 721 1120 γαλαυχία
751 1050 1116 1120 παυθήσεται,
1159 1050 1377 1105 ἐπειδὰν
1422 1050 1704 1123 καταλάϐῃ
1739 1051 1938 1116 αὐτοὺς
1966 1051 2036 1105 τά
2069 1050 2439 1123 προλεχθέντα
2474 1049 2626 1119 τέλη.

633 1166 784 1240 ι.ζιΝ
816 1164 1026 1219 FINEM
1056 1161 1625 1240 PSALMUSﬂDAVID
1665 1166 1846 1222 LXIII.

531 1280 696 1335 Vens.
732 1280 788 1344 2,
819 1281 877 1336 5.
933 1300 952 1332 ι
979 1280 1210 1346 Exaudi,
1270 1279 1435 1347 Deus,
1485 1281 1794 1336 orationem
1827 1295 2026 1346 meam,

454 1391 580 1431 cum
637 1374 938 1444 deprecor:
988 1389 1018 1427 a
1062 1374 1257 1429 timore
1319 1375 1530 1429 inimici
1578 1376 1731 1445 eripe
1787 1375 2027 1429 animam

455 1481 684 1521 meam.»
748 1465 994 1521 Praasens
1028 1481 1245 1536 quoque
1274 1467 1519 1537 psalmus
1550 1466 1604 1520 in
1636 1467 1799 1522 tinem
1839 1468 2027 1520 remit-

455 1560 543 1622 tit,
576 1575 685 1628 quo
714 1559 901 1613 hravia
933 1575 1186 1630 supernae
1219 1560 1552 1617 vocationis.
1579 1568 1634 1614 et
1664 1559 1896 1630 justitiae
1933 1575 2029 1614 co-

2261 1167 2367 1220 ΕῐΣ
2403 1166 2492 1218 ΤΟ
2529 1165 2747 1219 ΤΕΛΟΣ
2782 1165 3072 1218 ΨΛΛΜΟΣ
3110 1165 3199 1234 Τῼ
3234 1163 3431 1216 ΔΛΥΙΔ
3469 1161 3588 1216 ΞΡ.

2211 1299 2228 1330 ι
2261 1279 2587 1332 Εἰσάκουσον
2607 1319 2622 1343 ,
2667 1281 2696 1332 ό
2725 1279 2886 1345 Θεὸς,
2917 1277 3223 1349 προσευχῆς
3257 1295 3359 1348 μου
3414 1278 3471 1328 ἐν
3519 1276 3598 1347 τῷ
3628 1275 3714 1328 δέ-

2133 1374 2290 1430 εσθαί
2320 1392 2386 1446 με
2407 1415 2422 1438 ,
2448 1374 2556 1427 ἀπὸ
2583 1374 2748 1442 φόϐου
2776 1373 2970 1444 ἐχθροῦ
2993 1372 3173 1439 ἐξέλου
3201 1372 3298 1442 τὴν
3317 1370 3495 1440 ψυχήν
3526 1387 3650 1439 μου.
3690 1389 3708 1419 ι

2133 1468 2245 1521 Καὶ
2273 1469 2302 1520 6
2336 1466 2526 1538 παρὼν
2550 1465 2763 1537 ψαλμὸς
2798 1466 2878 1528 είς
2908 1465 2970 1518 τὸ
2997 1463 3148 1527 τέλος
3187 1463 3531 1533 ἀναπέμπει*
3566 1463 3624 1513 ἐν

2132 1559 2202 1614 τά
2245 1559 2471 1632 βραδεῖα
2496 1559 2596 1629 τῆς
2629 1560 2741 1614 ἀνω
2771 1559 3018 1630 κλήσεως
3041 1597 3056 1620 ,
3095 1557 3185 1610 καὶ
3215 1557 3341 1618 τοὺς
3385 1556 3482 1626 τῆς
3507 1554 3710 1606 δικαιο-

456 1668 642 1713 ronas,
673 1653 763 1722 qui
797 1652 997 1706 bonum
1046 1659 1322 1707 certamen
1368 1660 1738 1716 certaverunt,
1768 1668 1799 1707 a
1829 1668 2023 1724 magno

2135 1651 2299 1722 σύνης
2329 1651 2621 1720 στεφάνους
2644 1653 2691 1704 οἱ
2713 1652 2804 1704 τὸν
2835 1650 3136 1741 άγῶνα⁶τὸν
3166 1649 3326 1702 καλὸν
3349 1646 3713 1718 διηγωνισμέ-

455 1743 550 1796 ἰΙΙο
580 1742 904 1812 agonotbeta
937 1741 1214 1811 accepturi
1255 1752 1402 1796 sunt.
1453 1741 1635 1808 Quare
1664 1743 1719 1796 in
1756 1742 2025 1812 principio

456 1832 674 1902 psalmi,
728 1831 933 1886 inimici
969 1843 1024 1886 et
1068 1831 1241 1901 iniqui
1276 1830 1526 1887 homines
1580 1840 1772 1886 contra
1810 1832 2025 1902 justum

456 1927 802 1994 insurgentes
829 1923 1197 1990 inducuntur;
1235 1923 1291 1977 in
1323 1923 1429 1978 ﬁne
1459 1931 1642 1980 autem
1690 1925 1861 1980 totius
1905 1939 2024 1980 ser-

456 2018 636 2072 monis
672 2033 822 2087 spem
850 2018 1046 2072 bonam
1077 2017 1332 2088 obsignat
1376 2018 1461 2073 bis
1493 2017 1697 2082 verbis,
1750 2035 1769 2069 ι
1795 2015 2027 2073 Laetabi-

457 2111 749 2180 tnrjustus
781 2111 834 2162 in
869 2109 1122 2173 Domino,
1152 2118 1207 2164 et
1238 2111 1480 2179 sperabit
1524 2110 1578 2164 in
1609 2125 1698 2174 eo,
1743 2120 1796 2165 et
1834 2110 2027 2165 lauda-

456 2201 664 2254 buntur
703 2217 896 2257 omnes
944 2203 1078 2257 recti
1114 2202 1334 2257 corde.»
1379 2201 1566 2258 Talem
1625 2202 1868 2256 futurum
1901 2217 2026 2257 esse

457 2293 619 2348 tinem
651 2293 810 2348 docet
839 2308 1026 2348 eorum
1060 2294 1153 2364 qui
1203 2310 1304 2364 pro
1350 2295 1565 2364 justitia
1614 2302 2024 2350 eoncertarunt.

454 2382 767 2455 Religiosus
805 2401 933 2441 vero
975 2386 1201 2449 athleta,
1239 2403 1268 2439 a
1301 2386 1580 2442 sexcentis
1617 2387 1876 2442 hostibus
1920 2387 2025 2441 ini-

455 2478 722 2547 micisqne
766 2478 982 2539 animae.
1012 2493 1122 2532 non
1152 2479 1328 2534 solum
1355 2477 1684 2543 visibilibus,
1732 2477 1828 2532 sed
1861 2479 2024 2533 etiam

453 2569 683 2624 occultis
717 2569 1029 2639 impetibus,
1081 2569 1148 2622 ad
1182 2584 1349 2622 unum
1382 2567 1550 2622 Deum
1580 2565 1847 2639 confugit,
1880 2569 2026 2638 ejus-

453 2675 560 2728 que
587 2659 848 2713 auxilium
877 2660 1138 2729 postulat,
1164 2661 1279 2714 hazc
1309 2667 1520 2714 tantum
1563 2676 1670 2715 non
1706 2661 2022 2728 proferens:

457 2772 477 2804 ι
499 2751 557 2808 Si
589 2752 731 2808 Deus
760 2768 858 2823 pro
887 2754 1064 2816 nobis,
1093 2755 1215 2823 quis
1251 2763 1441 2808 contra
1485 2771 1587 2811 nos
1603 2756 1683 2809 ’5?
1709 2775 1726 2806 ι
1753 2755 2028 2821 Quamob-

455 2861 567 2901 rem
605 2846 860 2916 precibns
918 2846 1012 2900 dat
1051 2861 1289 2915 Operam,
1343 2847 1511 2902 Deum
1562 2848 1825 2902 invocans
1857 2856 1910 2901 et
1943 2847 2027 2900 di-
2080 2847 2090 2860 '

451 2954 619 2994 cens:
657 2938 926 3002 «Exaudi,
973 2938 1138 3005 Deus,
1167 2939 1471 2994 orationem
1514 2954 1714 3004 meam,
1760 2954 1884 2993 eum
1929 2939 2026 2994 de-

2130 1761 2212 1796 νοι
2272 1743 2421 1815 παρά
2449 1743 2543 1796 τοῦ
2576 1743 2811 1814 μεγάλου
2839 1733 3100 1813 λήψονταῖ
3127 1740 3487 1811 ἀγωνοθέτου.
3524 1739 3617 1792 Διὸ
3650 1742 3715 1792 τὰ

2131 1836 2231 1908 μὲν
2278 1836 2470 1908 πρῶτα
2511 1835 2604 1889 τοῦ
2647 1835 2862 1907 ψαλμοῦ
2907 1836 3134 1907 ἐχθροὺς
3164 1837 3372 1905 εἰσάγει
3417 1837 3515 1889 καὶ
3551 1852 3720 1906 πονη-

2133 1925 2457 1996 ρευομένους
2485 1925 2950 1996 ἐπανισταμένους
2979 1925 3055 1996 τῷ
3080 1925 3273 1996 δικαίῳ
3295 1942 3308 1955 ·
3337 1928 3395 1978 ἐν
3426 1926 3485 1979 δὲ
3516 1925 3599 1997 τῷ
3632 1927 3720 1979 τέ-

2127 2017 2208 2070 λει
2239 2016 2334 2070 τοῦ
2363 2016 2564 2080 παντὸς
2591 2016 2749 2087 λόγου
2779 2017 3024 2088 χρηστὰς
3052 2017 3272 2082 ἐλπίδας
3311 2019 3712 2090 ἐπισφραγίζε-

2125 2125 2218 2162 ται
2247 2107 2452 2177 λέγων⁸
2486 2128 2504 2159 ι
2543 2107 2991 2179 Εὑφρανθήσεται
3047 2108 3251 2173 δίκαιος
3289 2111 3346 2162 ἐν
3374 2110 3453 2181 τῷ
3487 2112 3715 2183 Κυρίῳ,

2128 2201 2222 2253 καὶ
2268 2200 2448 2253 ἐλπιεῖ
2486 2201 2573 2252 ἐπ’
2598 2200 2792 2254 αὐτόν’
2826 2199 2920 2252 καὶ
2952 2200 3398 2272 ἐπαινεθήσονται
3433 2201 3640 2264 πάντες
3668 2204 3716 2254 οἱ

2128 2291 2303 2356 εύθεῖς
2332 2294 2398 2364 τῇ
2431 2291 2646 2364 καρδίᾳ.
2681 2311 2698 2342 ι
2729 2289 2968 2346 Τοιαῦτα
3004 2292 3072 2345 τὰ
3100 2293 3228 2364 τέλη
3257 2293 3367 2346 τῶν
3395 2294 3538 2366 ὑπὲρ
3564 2295 3720 2347 εὐσε-

2127 2383 2692 2455 6είας,ήγωνισμένων
2717 2381 2855 2438 εἶναι
2889 2384 3150 2440 διδάσκει.
3182 2387 3240 2439 '0
3270 2387 3333 2454 γέ
3363 2404 3444 2439 τοι
3468 2388 3570 2458 τῆς
3598 2386 3717 2440 θεο‹

2129 2478 2342 2542 σεὸείας
2356 2478 2612 2550 ἀθλητής,
2634 2478 2858 2549 μυρίους
2887 2478 3025 2548 ἔχων
3048 2478 3140 2549 ἐχθ
3151 2480 3273 2549 poi);
3297 2480 3391 2532 καὶ
3417 2480 3716 2550 πολεμίους

2126 2571 2228 2642 τῆς
2265 2569 2430 2624 αὐτοῦ
2455 2570 2652 2641 ψυχῆς,
2685 2570 2785 2641 οὐχ
2807 2572 3035 2642 όρατοὺς
3075 2571 3255 2641 μόνον,
3287 2571 3423 2624 ἀλλὰ
3452 2573 3548 2625 καὶ
3577 2574 3718 2641 ἀφα-

2128 2667 2272 2728 νεῖς,
2325 2665 2470 2735 μόνῳ
2504 2663 2839 2736 προσφεύγει
2881 2664 2959 2734 τῷ
2995 2663 3113 2734 Θεῷ
3145 2665 3239 2717 καὶ
3261 2666 3360 2734 τὴν
3390 2665 3519 2735 παρ’
3548 2665 3718 2718 αὑτοῦ

2131 2755 2380 2826 βοήθειαν
2408 2759 2548 2810 αἰτεῖ
2569 2796 2584 2819 ,
2618 2755 2899 2827 μονονουχὶ
2932 2755 3138 2824 λέγων·
3179 2775 3198 2807 ι
3231 2757 3294 2809 Ei
3334 2759 3362 2808 6
3395 2757 3529 2820 Θεὸς
3578 2758 3718 2829 ὑπὲρ

2130 2850 2318 2921 ἡμῶν,
2363 2851 2448 2914 τίς
2501 2851 2624 2904 καθ’
2659 2851 2814 2922 ἡμῶν
2843 2868 2856 2915 ;
2889 2871 2906 2900 ι
2941 2852 3032 2904 Διὸ
3066 2855 3188 2914 ταῖς
3222 2852 3411 2922 εὐχαῖς
3462 2852 3717 2922 σχολάζει

2127 2941 2218 2994 τὸν
2249 2940 2381 2994 Θεὸν
2410 2939 2849 3011 ἀνακαλούμενος
2882 2942 2973 2994 καὶ
3002 2941 3204 3010 λέγων·
3245 2961 3264 2993 ι
3299 2941 3659 3004 Είσάκουσον,
3690 2946 3718 2997 6

454 3045 667 3102 precor.
700 3050 718 3082 ι
755 3030 857 3096 Qui
890 3046 1020 3085 vero
1047 3030 1360 3101 bujusmodi
1388 3048 1494 3086 non
1526 3040 1630 3097 est,
1676 3032 1772 3088 sed
1821 3033 2022 3088 divinis

2128 3030 2292 3095 Θεὸς,
2337 3031 2645 3103 προσευχῆς
2677 3048 2778 3102 μου
2805 3033 2863 3084 ἐν
2909 3032 2986 3102 τῷ
3016 3032 3230 3088 δέεσθαί
3269 3051 3356 3104 με.
3399 3053 3416 3085 ι
3465 3035 3522 3087 ’0
3557 3034 3615 3087 δέ
3647 3036 3718 3105 μὴ

453 3123 737 3192 praeceptis
783 3138 894 3177 non
943 3123 1302 3194 obtemperat,
1343 3131 1496 3178 tanta
1547 3123 1746 3180 ﬁducia
1793 3124 1870 3179 uti
1915 3141 2022 3180 non

454 3216 630 3268 valet:
670 3229 777 3284 qua
832 3230 1090 3270 mensura
1125 3217 1272 3270 enim
1312 3217 1590 3278 metimur.
1622 3217 1812 3273 eadem
1847 3233 2024 3274 reme-

453 3305 619 3360 tictur
648 3307 824 3361 nobis.
873 3306 1219 3377 Quapropter
1256 3307 1309 3361 in
1355 3307 1663 3364 Proverbiis
1709 3309 1823 3364 haec
1867 3309 2025 3364 inob-

451 3400 809 3469 sequentibus
851 3399 943 3455 Dei
995 3399 1272 3470 Sapientia
1317 3401 1522 3457 edicit:
1580 3400 1762 3468 «Quia
1810 3401 2022 3467 vocavi,

449 3499 504 3546 et
533 3507 639 3545 non
687 3492 976 3554 obedistis,
1022 3491 1240 3546 extendi
1286 3507 1595 3558 sermones,
1626 3500 1680 3548 et
1711 3507 1820 3546 non
1849 3501 2026 3545 atten-

449 3587 640 3652 distis;
681 3585 774 3641 sed
809 3586 964 3640 irrita
1013 3584 1223 3640 fecistis
1272 3586 1500 3641 consilia
1546 3600 1684 3650 mea,
1740 3587 2024 3656 praeceptis

450 3687 629 3733 antem
659 3679 796 3733 meis
830 3694 937 3732 non
971 3679 1410 3749 obtemperastis.
1451 3677 1639 3748 Itaque
1672 3695 1774 3749 ego
1804 3693 2024 3748 quoque

448 3769 502 3822 in
538 3771 761 3823 interitu
797 3780 977 3824 vestro
1005 3769 1306 3825 ridebo".»
1352 3769 1464 3824 Erit
1493 3771 1637 3825 enim
1671 3778 1885 3842 tempus
1913 3786 2023 3840 quo

452 3862 781 3915 invocabitis
813 3878 920 3926 me,
971 3874 1023 3916 et
1059 3877 1162 3930 ego
1205 3877 1316 3916 non
1370 3863 1684 3918 exaudiam.
1741 3863 1796 3918 Si
1857 3864 2023 3934 igitur

448 3953 698 4006 exaudiri
735 3953 990 4008 volumus
1027 3968 1151 4007 cum
1201 3954 1521 4010 invocamus
1556 3955 1748 4019 Deum,
1783 3955 2019 4025 idipsum

448 4060 550 4100 nos
613 4045 816 4100 divinis
889 4047 1176 4116 praeceptis
1234 4047 1677 4118 obtemperantes
1729 4049 2018 4103 faciamus.

448 4136 603 4191 'I‘nne
635 4137 782 4191 enim
815 4139 985 4191 multa
1015 4153 1138 4192 cum
1175 4137 1374 4192 ﬁducia
1417 4153 1520 4193 nos
1550 4156 1766 4209 quoque
1796 4139 1906 4196 Deo
1935 4141 2021 4195 di-

447 4243 570 4282 cere
604 4228 946 4298 poterimus:
985 4246 1003 4279 ι
1035 4226 1264 4293 Exaudi,
1300 4227 1464 4294 Deus,
1497 4229 1804 4285 orationem
1841 4247 2020 4286 meam

443 4333 568 4372 cum
598 4319 882 4388 deprecor.
912 4339 928 4369 ι
951 4318 1092 4386 Quid
1121 4327 1300 4374 autem
1330 4320 1522 4376 beatus
1549 4318 1718 4375 David
1753 4324 2029 4392 precaba:

2125 3125 2365 3190 τοιοῦτος
2387 3164 2400 3187 .
2432 3124 2758 3197 παρακούων
2790 3125 2847 3178 δὲ
2879 3124 2988 3178 τῶν
3016 3125 3110 3179 τοῦ
3155 3125 3290 3180 Θεοῦ
3321 3129 3716 3199 παραγγελμα-

2124 3234 2252 3281 των,
2278 3219 2378 3270 οῦκ
2411 3218 2475 3270 ἂν
2501 3216 2720 3269 δύναιτο
2759 3215 2998 3287 χρῆσθαι
3026 3218 3093 3286 τῇ
3123 3216 3361 3286 τοσαύτῃ
3394 3220 3713 3289 παρρησία·

2123 3303 2167 3374 ᾧ
2190 3307 2297 3378 γὰρ
2326 3307 2507 3378 μέτρῳ
2538 3305 2845 3377 μετροῦμεν
2878 3308 3293 3378 ἀντιμετρεῖται
3323 3309 3476 3378 ἡμῖν.
3513 3310 3719 3380 Διόπερ

2125 3402 2182 3453 ἐν
2208 3399 2538 3470 Παροιμίαις
2579 3400 2611 3469 ή
2639 3397 2732 3450 τοῦ
2768 3397 2903 3451 Θεοῦ
2942 3399 3102 3468 σοφία
3133 3400 3269 3471 πρὸς
3313 3402 3436 3464 τοὺς
3468 3402 3720 3465 ἀπειθεῖς

2125 3491 2466 3544 ἀποτείνεται
2512 3489 2778 3558 λέγουσα·
2823 3510 2841 3541 ι
2884 3491 3024 3543 Ἀνθ’
3069 3484 3144 3544 ὧν
3181 3492 3428 3555 ἐκάλουν,
3482 3494 3581 3547 καὶ
3620 3497 3720 3564 οὐχ

2125 3581 2490 3652 ὑπηκούσατε,
2519 3583 2613 3635 καὶ
2642 3582 2907 3648 ἐξέτεινον
2931 3583 3144 3651 λόγους,
3169 3587 3262 3638 καὶ
3288 3587 3348 3638 ού
3373 3586 3714 3656 προσείχετε·

2124 3673 2239 3727 ἀλλ’
2283 3673 2520 3745 ἀκύρους
2573 3676 2808 3728 ἐποιεῖτε
2853 3676 2955 3739 τὰς
3001 3676 3142 3747 ἐμὰς
3192 3676 3426 3747 βουλὰς,
3483 3682 3602 3741 ταῖς
3652 3678 3715 3729 δὲ

2125 3770 2284 3838 ἐμαῖς
2323 3755 2561 3832 ἐντολαῖς
2597 3768 2658 3820 ού
2709 3769 3049 3840 προσείχετε.
3094 3771 3396 3842 Τοιγαροῦν
3437 3771 3586 3839 κάγὼ
3636 3776 3712 3844 τῇ

2125 3860 2366 3931 ὑμετέρᾳ
2412 3861 2657 3931 ἀπωλείᾳ
2696 3861 3110 3933 ὲπιγελάσομαι.
3154 3882 3172 3914 ι
3225 3866 3417 3918 Ἔσται
3468 3864 3574 3934 γὰρ
3619 3865 3715 3918 ὅτε

2123 3953 2510 4008 ἐπικαλέσεσθέ
2537 3973 2625 4026 με,
2652 3955 2762 4024 ἐγὼ
2794 3957 2848 4010 δὲ
2875 3959 2974 4010 οὐκ
3001 3958 3408 4028 εἰσακούσομαι.
3438 3960 3500 4012 Εἰ
3529 3960 3716 4013 τοίνυν

2125 4045 2502 4100 είσακούεσθαι
2534 4048 2831 4120 βουλόμεθα
2866 4053 2922 4103 ἐν
2955 4045 3036 4113 οἷς
3066 4051 3295 4122 δεόμεθα
3314 4051 3408 4104 τοῦ
3435 4051 3599 4117 Θεοῦ,
3619 4056 3718 4108 καὶ

2127 4141 2280 4193 αὐτοὶ
2312 4139 2470 4193 τοῦτο
2495 4142 2822 4212 πράττωμεν
2852 4147 2964 4208 τοῖς
2997 4144 3088 4197 τοῦ
3111 4145 3246 4197 Θεοῦ
3277 4147 3719 4218 παραγγέλμασι

2125 4234 2478 4298 καταπειθεῖς
2506 4236 2836 4306 γιγνόμενοι.
2872 4238 3004 4290 Τότε
3035 4237 3145 4310 γὰρ
3173 4241 3266 4292 σὺν
3297 4239 3464 4311 πολλῇ
3501 4243 3717 4313 παρρη-

2126 4329 2216 4399 σίᾳ
2242 4329 2336 4382 καὶ
2366 4328 2516 4381 αὐτοὶ
2550 4329 2715 4397 φάναι
2743 4329 3088 4402 δυνησόμεθα
3112 4331 3190 4402 τῷ
3211 4331 3330 4402 Θεῷ
3355 4350 3368 4362 ·
3399 4353 3416 4383 ι
3448 4334 3715 4388 Εἱσάκου-

445 4419 535 4466 tur
583 4412 766 4482 (illius
827 4427 1080 4482 namque,
1131 4421 1189 4466 ut
1231 4414 1465 4474 aestimo,
1518 4414 1684 4468 verba
1745 4423 1912 4482 sunt,
1947 4433 2015 4472 eo

2126 4438 2244 4484 σον,
2268 4423 2296 4474 ό
2317 4421 2449 4485 Θεὸς
2469 4463 2484 4485 ,
2512 4421 2611 4492 τῆς
2646 4424 2956 4494 προσευχῆς
2985 4442 3084 4495 μου
3124 4425 3181 4477 ἐν
3208 4425 3285 4496 τῷ
3315 4425 3528 4480 ὀέεσθαί
3561 4445 3651 4499 με.
3688 4449 3710 4481 ι

444 4511 687 4574 tempore
721 4504 932 4573 prolata
963 4520 1074 4574 quo
1114 4520 1143 4557 a
1178 4503 1342 4560 Saule
1371 4515 1425 4560 et
1459 4505 1758 4563 comitibus
1783 4508 1905 4575 ejus
1938 4508 2018 4562 iu-

445 4597 685 4666 giehat),
751 4603 810 4648 ut
842 4597 1025 4651 anima
1084 4597 1257 4666 ipsius
1290 4613 1319 4650 a
1357 4599 1553 4654 timore
1586 4600 1793 4655 inimici
1839 4603 2017 4670 eripe-

447 4698 614 4750 retur,
650 4704 757 4742 non
791 4697 971 4743 autem
999 4699 1058 4743 ut
1091 4691 1347 4744 inimicos
1395 4707 1503 4746 non
1539 4693 1785 4756 haberet,
1824 4703 1917 4747 aut
1956 4703 2015 4746 ut

445 4781 673 4833 consilia
718 4795 908 4833 eorum
953 4781 1406 4849 eliminarentur;
1464 4785 1559 4838 sed
1607 4785 1791 4838 anima
1840 4786 2014 4854 ipsius

445 4873 815 4940 imperterrita
845 4882 898 4926 et
929 4871 1198 4941 intrepida
1225 4883 1507 4940 maneret;
1547 4885 1604 4929 nt
1652 4877 2016 4945 imperturba-

444 4973 557 5018 tum
612 4977 810 5032 gerens
861 4963 1128 5026 animttm,
1172 4964 1289 5033 ipse
1320 4965 1548 5035 perinde
1603 4975 1766 5036 atque
1811 4965 2013 5022 Paulus

442 5058 682 5112 diceret:
727 5073 746 5106 ι
772 5054 830 5108 1η
881 5057 1137 5110 omnibus
1172 5057 1582 5112 tribulationem
1620 5059 1882 5128 patimur,
1918 5061 2015 5115 sed

442 5166 549 5205 non
585 5149 997 5218 angustiamur;
1031 5151 1461 5218 persecutionem
1493 5151 1751 5220 patimur,
1779 5151 1871 5206 sed
1906 5168 2016 5208 non

441 5243 910 5314 derelinqnimur;
956 5242 1267 5311 dejieimur,
1322 5241 1416 5298 sed
1475 5259 1586 5298 non
1645 5245 1888 5314 perimus
1911 5245 2010 5299 ’⁸.›

441 5337 567 5392 Haec
600 5351 724 5391 cum
758 5333 868 5389 Deo
896 5333 1104 5389 diceret
1150 5333 1341 5396 David,
1391 5349 1500 5389 non
1548 5346 1667 5390 erat
1722 5337 2017 5393 beneﬂcio-

438 5444 583 5490 rum,
615 5408 736 5497 qua:
774 5426 876 5480 sibi
927 5425 1134 5494 pridem
1167 5426 1365 5481 collata
1418 5426 1655 5489 fuerant,
1703 5428 2008 5485 immemor.

440 5524 618 5586 Quare
655 5524 722 5577 dc
764 5521 1053 5592 przeteritis
1101 5521 1305 5592 gratias
1352 5537 1540 5592 agens.
1591 5523 1794 5578 infert:
1835 5542 1852 5573 ι
1880 5521 2007 5576 Pro-

506 5679 556 5712 “
585 5677 742 5736 Rom.
777 5694 900 5744 vm,
924 5679 1012 5734 51.
1088 5680 1132 5711 ³⁷
1163 5678 1322 5734 Prov.
1358 5696 1397 5745 ι,
1423 5679 1617 5734 Ξιί-θὲϋ.

2124 4513 2188 4566 Τί
2225 4513 2281 4566 δέ
2318 4514 2486 4566 ἐδεῖτο
2529 4516 2557 4567 ό
2603 4515 2871 4586 μακάριος
2899 4517 3096 4581 Actum;
3131 4517 3314 4585 (αὐτοῦ
3346 4519 3455 4588 γάρ
3485 4521 3624 4572 εἰσιν
3662 4524 3713 4573 οἱ

2121 4604 2293 4673 λόγοι,
2333 4605 2408 4668 ὼς
2441 4603 2594 4677 οἶμαι
2613 4649 2627 4670 ,
2655 4607 2796 4659 κατὰ
2828 4608 2951 4671 τοὺς
2981 4609 3204 4680 χρόνους
3233 4610 3513 4680 εἰρημένοι
3539 4652 3552 4672 ,
3585 4612 3713 4665 καθ’

2121 4696 2212 4759 οὓς
2250 4697 2340 4751 τὸν
2379 4699 2550 4750 Σαοὺλ
2577 4698 2772 4766 ἔφευγε
2807 4701 2900 4752 καὶ
2944 4701 3067 4762 τοὺς
3099 4701 3195 4752 σὺν
3225 4701 3374 4772 αύτῷ
3400 4721 3412 4732 ·
3435 4704 3451 4772 )
3476 4703 3577 4775 τὴν
3602 4704 3712 4772 Qu-

2125 4789 2226 4858 χὴν
2258 4789 2423 4841 αὐτοῦ
2457 4790 2728 4860 ιρυσθῆναι
2759 4792 2866 4844 ἀπὸ
2897 4793 3061 4862 φόϐου
3090 4794 3286 4866 ἐχθροῦ
3308 4835 3322 4857 ,
3351 4796 3450 4848 οὐκ
3479 4796 3713 4867 ἐχθροὺς

2127 4880 2200 4950 μὴ
2227 4879 2368 4949 ἔχειν
2387 4920 2401 4943 ,
2441 4880 2559 4933 ούδέ
2585 4880 2682 4940 τὰς
2714 4883 2938 4936 ἐκείνων
2969 4885 3408 4957 ἀποκρουσθῆναι
3444 4890 3712 4959 προαιρέ-

2125 4988 2238 5034 σεις
2253 4989 2264 5000 ·
2294 4972 2391 5042 τὴν
2412 4972 2467 5024 δὲ
2497 4973 2661 5026 αὑτοῦ
2696 4975 2873 5046 ψυχὴν
2903 4976 3138 5048 ἄτρομον
3161 4979 3255 5032 καὶ
3295 4979 3588 5049 ἀπτόῃτον,
3611 4984 3712 5034 καὶ

2119 5062 2319 5131 ἄφοϐον
2349 5065 2741 5136 διατηρεῖσθαι,
2766 5069 2934 5133 ὅπως,
2961 5071 3018 5122 ἐν
3048 5069 3155 5135 ἕξει
3184 5072 3472 5140 γενόμενος
3499 5073 3710 5142 ἀταρα-

2121 5155 2257 5219 ξίας,
2289 5155 2422 5231 λέγῃ
2447 5159 2539 5210 καὶ
2571 5159 2730 5221 αὐτὸς
2761 5162 2963 5231 ὁμοίως
2991 5163 3189 5232 Παύλῳ
3211 5181 3258 5214 οι
3284 5164 3372 5216 Ἐν
3409 5164 3569 5216 παντὶ
3592 5163 3706 5215 0).:-

2117 5248 2336 5319 δόμενοι
2361 5290 2374 5311 ,
2404 5251 2516 5304 ἀλλ’
2549 5253 2610 5304 ού
2642 5255 3174 5325 στενοχωρούμενοι·
3209 5255 3548 5328 διωκόμενοι,
3585 5257 3698 5310 ἀλλ’

2122 5341 2223 5394 οὐκ
2263 5343 2815 5415 ἐγκαταλειπόμενοι·
2870 5346 3368 5419 καταϐαλλόμενοι,
3436 5347 3550 5402 ἀλλ’
3599 5349 3705 5403 ού),

2118 5432 2498 5505 ἀπολλύμενοι.
2517 5455 2532 5485 ι
2555 5437 2740 5504 Λέγων
2756 5437 2811 5490 δὲ
2839 5441 3010 5492 ταῦτα
3028 5440 3163 5511 πρὸς
3178 5441 3268 5494 τὸν
3294 5441 3426 5494 Θεὸν
3461 5442 3489 5493 6
3515 5439 3700 5504 Δαυῖδ,

2111 5525 2210 5577 οὐκ
2271 5528 2571 5600 ἠμνημόνει
2635 5529 2742 5581 τῶν
2797 5530 2898 5600 ήδη
2943 5532 3208 5604 πρότερον
3264 5535 3343 5597 εἰς
3394 5532 3563 5586 αὐτὸν
3605 5548 3697 5602 γε·

1729 5681 1773 5712 ”
1801 5678 1844 5733 Il
1878 5681 2002 5735 Cor.
2029 5697 2101 5747 tr,
2133 5682 2186 5748 8,
2224 5684 2276 5737 9.
