4062 6208
341 273 438 330 617

1534 281 2036 339 ΕΟΜΜΕΝΤΑΒΙΛ
2076 287 2142 340 IN
2183 288 2521 347 PSALMOS.

3481 311 3586 365 618

339 387 572 458 νομένων
595 387 942 459 ευεργεσιῶν.
982 388 1073 442 Διὸ
1112 387 1448 458 εὐχαριστῶν
1477 393 1568 468 ἐπὶ
1609 399 1718 459 τοῖς
1763 413 1895 467 παρ-

2010 402 2189 455 texisti
2243 418 2328 456 me
2383 419 2415 458 a
2459 416 2732 461 conventu
2771 414 3210 484 maﬁguantium,
3266 434 3294 471 a
3342 425 3590 479 multitu-

336 479 625 555 ιειχηκόσιν,
655 479 914 547 ἐπιλέγει·
949 498 966 530 ι
989 478 1326 544 Ἐσκέπασάς
1361 499 1428 551 με
1458 485 1564 536 ἀπὸ
1599 487 1907 557 συστροφῆς

337 570 804 640 πονηρευομένων,
828 569 936 621 ἀπὸ
969 569 1203 640 πλήθους
1232 571 1612 643 ἐργαζομένων
1638 576 1868 630 ἀδικίαν.
1885 598 1901 628 ι

341 657 482 728 Ἤδη
519 657 628 729 γὰρ
665 661 860 729 πεῖραν
888 658 1120 728 εἰληφὼς
1153 659 1264 712 τῶν
1301 656 1623 730 φθασάντων
1657 667 1736 728 είς
1771 667 1905 737 ἐμὲ,

336 746 530 801 οὔποτε
558 748 730 819 λήθην
756 749 934 801 αὐτῶν
977 750 1307 820 ποιήσασθαι
1339 752 1570 825 δύναμαι
1590 772 1604 785 ·
1639 757 1820 828 φέρων
1850 759 1906 810 δὲ

335 837 474 891 αὐτὰ
506 838 594 900 διὰ
623 837 820 901 παντός
852 840 909 892 ἐν
943 839 1130 910 μνήμῃ
1151 877 1167 902 ,
1211 842 1532 914 εύχάριστος
1561 848 1735 900 εἰσαεὶ
1774 865 1906 917 τυγ-

332 929 498 1000 χάνω.
533 931 720 1009 ξὈμως
759 930 815 982 δὲ
854 931 947 983 καὶ
997 930 1092 983 νῦν
1122 932 1224 1001 τῆς
1256 934 1428 1003 αὐτῆς
1457 935 1591 999 ἁξιῶ
1625 938 1778 1009 παρὰ
1812 940 1905 992 σοῦ

334 1019 580 1090 βοηθείας
611 1023 812 1090 τυχεῖν.
855 1020 1011 1073 Κατὰ
1036 1021 1092 1073 δὲ
1126 1024 1252 1086 τοὺς
1281 1023 1500 1089 λοιποὺς
1532 1029 1902 1100 ἐρμηνευτὰς,

334 1112 431 1180 μία
462 1111 555 1165 καὶ
581 1115 614 1181 ἡ
646 1113 782 1183 αὐτὴ
813 1112 1154 1181 πεφύλακται
1178 1113 1271 1166 τοῦ
1299 1114 1456 1183 λόγου
1491 1117 1748 1189 έγκλησις
1769 1161 1782 1183 ,
1813 1123 1905 1174 καὶ

335 1202 429 1271 μία
472 1203 673 1256 διάνοια
705 1202 812 1255 τῶν
854 1201 1190 1274 εἰρημένων·
1225 1206 1304 1258 διὸ
1336 1205 1580 1260 λέλεκται
1625 1209 1766 1263 κατὰ
1814 1209 1906 1262 τὸν

331 1292 655 1364 Σύμμαχον·
693 1312 711 1345 ι
742 1294 1106 1357 Είσάκουσον,
1158 1297 1186 1348 ό
1230 1295 1394 1360 Θεὸς,
1437 1298 1539 1367 τῆς
1572 1299 1755 1368 φωνῆς
1804 1317 1903 1369 μου

329 1382 785 1454 προσλαλοῦντος,
820 1384 928 1436 ἀπὸ
961 1383 1272 1455 ἐκπλήξεως
1311 1387 1504 1459 ἐχθροῦ
1550 1389 1906 1460 περιφρόιξεις

325 1472 422 1544 τὴν
453 1471 597 1544 ζωήν
625 1490 727 1544 μου
747 1490 760 1503 ·
795 1473 1026 1543 κρύψεις
1060 1492 1125 1544 με
1173 1476 1282 1528 ἀπὸ
1323 1477 1638 1547 συσκέψεων
1668 1481 1904 1552 κακούρ-

323 1580 457 1632 γων,
495 1565 604 1618 ἀπὸ
634 1564 921 1635 κυκήσεως
950 1563 1333 1636 ἐργαζομένων
1362 1568 1593 1622 ἀδικίαν.
1627 1587 1645 1620 ι
1682 1571 1755 1622 Ού
1797 1570 1905 1641 γὰρ

321 1653 400 1720 ὡς
431 1658 557 1729 περὶ
590 1657 997 1729 παρῳχηκότων
1018 1696 1032 1720 ,
1068 1657 1182 1709 ἀλλ’
1217 1658 1294 1722 ὡς
1323 1659 1450 1730 περὶ
1498 1660 1799 1730 μελλόντων
1835 1661 1903 1713 τὰ

321 1747 424 1800 ὅλα
474 1748 724 1818 εἴρηται,
771 1749 866 1802 καὶ
917 1733 1053 1800 κᾶτα
1101 1743 1226 1811 τοὺς
1282 1749 1500 1812 λοιποὺς
1559 1749 1902 1820 ἑρμηνευτὰς
1934 1749 1976 1804 Β

318 1833 546 1904 ὁμοίως.

402 1967 422 1998 ι
449 1947 659 2012 Οῖτινες
686 1950 957 2020 ἠκόνησαν
989 1952 1062 2016 ὡς
1087 1949 1360 2023 ῥομφαίας
1390 1951 1490 2015 τὰς
1519 1949 1769 2020 γλώσσας
1803 1954 1901 2006 αύ-

317 2038 452 2101 τῶν,
480 2041 747 2094 ἐνέτειναν
773 2043 923 2107 τόξον
963 2045 1192 2116 πρᾶγμα
1215 2044 1430 2114 πικρόν,
1456 2043 1547 2097 τοῦ
1572 2045 1899 2110 κατατοξεῦ-

317 2145 412 2181 σαι
445 2131 504 2182 ἐν
532 2131 874 2202 ἀποκρύφοις
907 2135 1152 2205 ἄμωμον.
1195 2135 1454 2198 Ἐξάπινα
1478 2136 1901 2202 κατατοξεύσου-

317 2234 402 2271 σιν
429 2219 610 2285 αὑτὸν,
631 2222 722 2274 καὶ
747 2222 808 2273 ού
835 2223 1256 2294 φοϐηθήσονται.
1293 2244 1310 2274 ι
1339 2225 1400 2277 Εἰ
1435 2225 1530 2277 καὶ
1559 2227 1765 2296 προῆγε
1789 2229 1900 2290 τοῖς

313 2308 530 2378 χρόνοις
558 2312 638 2374 είς
657 2311 757 2381 τὴν
793 2314 1058 2383 σωτήριον
1085 2315 1379 2386 ἐπιδημίαν
1401 2317 1430 2368 ό
1457 2314 1640 2378 Δαυῒδ,
1663 2315 1778 2369 ἀλλ’
1800 2318 1900 2370 ούκ

311 2400 499 2468 ἠγνόει
525 2401 592 2455 τὰ
618 2403 945 2472 εὐαγγελικὰ
977 2406 1276 2478 μαθήματα
1317 2406 1447 2478 θείῳ
1483 2407 1762 2478 Πνεύματι
1806 2427 1901 2478 με-

313 2494 756 2566 μαθητευμένος·
787 2498 902 2569 ᾔδει
937 2487 1004 2552 δὲΔ
1029 2495 1094 2552 ἐὖ
1146 2498 1290 2570 μάλα
1315 2499 1376 2551 τὸ
1411 2499 1677 2571 σωτήριον
1719 2499 1898 2568 λόγιον

306 2583 370 2636 τὸ
388 2584 576 2656 φῆσαν
593 2603 604 2614 ·
633 2606 657 2638 ι
684 2587 774 2658 Μὴ
798 2589 1069 2660 φοὸηθῆτε
1096 2591 1204 2643 ἀπὸ
1235 2590 1345 2660 τῶν
1379 2591 1807 2644 ἀποκτεινόντων
1837 2593 1898 2646 τὸ

307 2675 498 2746 σῶμα,
526 2668 624 2746 τὴν
649 2677 708 2730 δὲ
739 2677 915 2749 ψυχὴν
947 2679 1022 2751 μὴ
1049 2680 1364 2750 δυναμένων
1393 2680 1749 2734 ἀποκτεῖναι·
1767 2703 1786 2734 ο
1815 2682 1898 2736 διὸ

304 2765 405 2818 οὐκ
434 2767 652 2838 ἠγωνία
687 2770 1083 2839 στρατιωτικῆς
1129 2770 1488 2841 παρατάξεως
1516 2770 1745 2841 πληθὺν,
1780 2772 1898 2826 ούδέ

303 2856 430 2920 τοὺς
456 2859 817 2929 παντευχίαις
844 2860 938 2914 καὶ
963 2860 1150 2931 δόρασι
1186 2862 1700 2932 παραταττομένους
1724 2880 1735 2892 ·
1762 2863 1898 2917 ἀλλὰ

299 2949 518 3004 τούτων
551 2949 648 3020 μὲν
677 2932 1030 3022 κατεφρόνει,
1061 2951 1135 3015 ὡς
1175 2951 1240 3005 ἂν
1268 2951 1358 3005 τὸν
1402 2951 1654 3006 τοσοῦτον
1705 2953 1896 3007 Γολιὰδ

298 3042 525 3113 ἁκμητὶ
558 3043 650 3095 καὶ
677 3042 931 3112 ἀνιδρωτὶ
954 3041 1277 3096 καταϐαλών
1298 3058 1312 3072 ’
1345 3043 1586 3106 ἐκείνους
1608 3043 1665 3097 δὲ
1685 3044 1894 3115 ἠγωνία

294 3132 389 3197 οὓς
418 3132 677 3205 ᾐνίττετο
705 3132 793 3185 διὰ
827 3133 935 3186 τῶν
968 3132 1342 3203 προκειμένων
1379 3132 1553 3200 λέγων
1573 3150 1586 3164 ·
1630 3151 1648 3184 ι
1682 3133 1892 3197 Οἴτινες

289 3225 585 3296 ἠκόνησαν
609 3225 685 3287 ὡς
711 3225 984 3296 ῥομφαίαν
1003 3225 1102 3287 τὰς
1124 3222 1372 3292 γλώσσας
1399 3223 1599 3287 αὐτῶν,
1625 3223 1890 3277 ἐνέτειναν

291 3314 447 3381 τόξον
513 3317 743 3385 πρᾶγμα
794 3315 1011 3385 πικρόν.
1062 3333 1080 3366 ι
1142 3315 1303 3386 Ὁρᾷς
1348 3314 1540 3368 ὁποίαν
1597 3315 1890 3384 διαγράφει

289 3404 617 3460 πανοπλίαν
653 3404 895 3474 ἐχθρῶν;
931 3404 1040 3457 Καὶ
1086 3406 1144 3456 ἐν
1174 3407 1286 3467 τοῖς
1331 3403 1638 3475 ἔμπροσθεν
1684 3403 1741 3457 δὲ
1779 3405 1894 3458 ἐλέο-

287 3513 414 3565 γετο
436 3513 450 3528 ·
517 3517 534 3548 ι
573 3498 695 3550 Υἱοὶ
732 3495 1064 3566 ἀνθρώπων,
1124 3497 1175 3549 οί
1229 3496 1440 3559 ὀδόντες
1495 3496 1676 3553 αὐτῶν
1729 3497 1892 3550 ὅπλον

286 3590 380 3641 καὶ
434 3587 604 3658 βέλη,
663 3589 756 3641 καὶ
804 3591 836 3658 ἡ
889 3587 1108 3656 γλῶσσα
1160 3587 1338 3642 αὐτῶν
1384 3588 1629 3659 μάχαιρα
1667 3586 1834 3652 ὀξεῖα.
1868 3607 1886 3639 ι

287 3678 480 3732 Ταῦτα
522 3678 593 3731 δέ.
617 3679 1030 3748 ἀναγέγραπται
1067 3677 1328 3749 εἰρηκὼς,
1365 3697 1382 3728 ι
1413 3679 1575 3732 ὁπότε
1603 3679 1893 3750 ἀπεδίδρα-

294 3785 425 3824 σκεν
468 3770 588 3832 ἀπὸ
633 3771 924 3841 προσώπου
960 3770 1132 3832 Σαοὺλ
1173 3771 1253 3833 εἰς
1284 3770 1343 3822 τὸ
1387 3770 1668 3846 σπήλαιον.
1707 3790 1724 3821 ι
1760 3771 1892 3822 Ἀπὸ

288 3860 400 3913 τῶν
447 3861 662 3932 ὁμοίων
721 3860 1007 3932 τοιγαροῦν
1053 3860 1223 3928 λόγων
1273 3860 1576 3930 φαίνεταιὸ
1615 3861 1776 3924 αὐτὸς
1817 3860 1892 3914 ὢν

289 3953 512 4024 χρόνος,
541 3952 666 4005 καθ’
701 3953 762 4006 ὃν
793 3937 978 4006 καὶτὰ
1007 3951 1145 4022 μετὰ
1170 3955 1358 4023 χεῖρας
1383 3953 1511 4023 περὶ
1546 3952 1724 4005 αὐτῶν
1752 3952 1894 4005 ἐκεί-

287 4062 397 4098 νων
417 4047 520 4099 καὶ
543 4043 654 4100 τῶν
677 4045 906 4107 ἐκείνοις
929 4045 1324 4116 παραπλησίων
1344 4044 1584 4100 λέλεκτο.
1617 4044 1776 4097 Ἀλλὰ
1799 4045 1892 4098 καὶ

293 4153 312 4186 ι
346 4137 442 4189 ὅτε
461 4135 757 4190 ἀπέστειλε
799 4135 990 4199 Σαοὺλ,
1033 4136 1125 4188 καὶ
1154 4134 1509 4216 ἐφύλαξεκτὸν
1544 4129 1690 4189 οἶκον
1728 4135 1890 4188 αὐτοῦ

283 4226 380 4279 τοῦ
437 4225 761 4281 θανατῶσαι
803 4226 990 4289 αὑτὸν,
1024 4246 1041 4278 ι
1082 4229 1209 4298 περί
1241 4226 1350 4280 τῶν
1390 4226 1569 4281 αὐτῶν
1610 4226 1769 4290 πάλιν
1793 4227 1892 4290 τὰς

281 4316 487 4387 ὁμοίας
526 4318 682 4388 ἠφίει
731 4317 916 4386 φωνὰς
960 4317 1166 4385 λέγων·
1209 4335 1228 4368 ι
1291 4317 1422 4370 Ἰδοὺ
1459 4317 1889 4386 ἀποφθέγξονται

2010 492 2136 546 dine
2167 494 2509 572 operantium
2543 498 2941 570 iniquitatem.»
2975 505 3110 560 Cum
3137 507 3250 577 jam
3272 512 3416 567 enim
3448 519 3586 584 pra-'-

2011 585 2300 639 teritorum
2362 591 2799 660 experimentum
2858 599 3132 666 ceperim,
3186 617 3464 676 nunquam
3521 626 3585 664 ea

2011 678 2260 734 oblivisci
2309 685 2546 750 possim;
2603 691 2698 740 sed
2759 702 2976 758 semper
3032 695 3297 748 memoria
3368 704 3582 763 tencns.

2009 779 2164 838 grato
2209 786 2425 841 semper
2463 775 2647 829 animo
2682 792 2825 831 sum.
2885 778 2991 834 Sed
3044 789 3226 839 tamen
3277 786 3389 855 jam
3438 788 3584 844 idem

2010 861 2109 916 abs
2159 871 2212 918 te
2259 865 2522 947 auxilium
2555 871 2794 938 postulo.
2851 870 3164 929 Secundum
3197 878 3443 948 reliquos
3484 896 3584 934 au-

2011 958 2119 1007 tem
2161 954 2488 1025 interpretes
2520 973 2628 1011 una
2657 959 2959 1031 eademque
3014 977 3266 1021 servatur
3294 970 3446 1023 Verbi
3492 988 3590 1027 cx-

2008 1046 2326 1113 postulatio,
2363 1065 2579 1119 unaque
2616 1055 2890 1110 sermonis
2926 1060 3231 1113 sententia:
3281 1077 3406 1117 nam
3441 1067 3587 1136 apud

2009 1132 2398 1204 Symmachum
2430 1138 2672 1196 dicitur:
2705 1160 2722 1192 ι
2749 1141 2983 1209 Exaudi,
3020 1146 3186 1218 Deus,
3235 1167 3423 1208 vocem
3477 1132 3587 1214 mei
3686 1154 3687 1157 “

2009 1224 2340 1288 invocantis,
2400 1243 2430 1281 a
2468 1238 2677 1285 terrore
2711 1233 2920 1288 inimici
2951 1237 3385 1299 circummunies
3416 1245 3584 1300 vitam

2008 1332 2181 1370 meam
2209 1337 2219 1370 :
2265 1319 2574 1377 abscondes
2610 1337 2697 1376 me
2721 1337 2751 1376 a
2786 1327 3162 1386 moliminibus
3191 1333 3582 1404 malignorum,

2007 1421 2035 1460 a
2059 1409 2465 1477 perturbatione
2486 1414 2829 1481 operantium
2856 1416 3220 1487 iniquitatem.
3247 1443 3266 1475 ι
3297 1423 3415 1479 Non
3435 1428 3584 1482 enim

2006 1499 2162 1569 quasi
2212 1501 2278 1555 de
2329 1503 2642 1572 prasteritis.
2678 1503 2774 1558 sed
2825 1509 2980 1576 quasi
3029 1510 3096 1566 de
3143 1512 3364 1582 futuris,
3399 1520 3583 1572 omnia

2007 1589 2153 1644 dicta
2184 1600 2334 1657 sunt,
2386 1608 2449 1648 ac
2497 1595 2753 1651 similiter
2800 1600 3101 1654 secundum
3134 1605 3376 1676 reliquos
3409 1609 3582 1665 inter—

2007 1689 2206 1750 pretes.

2075 1937 2240 1995 Vens.
2279 1941 2402 1997 4-7,
2441 1944 2587 2010 «Qui
2611 1957 2951 2002 exacuerunt
3001 1957 3056 2004 ut
3099 1951 3339 2021 gladium
3365 1955 3582 2025 linguas

2003 2047 2155 2092 suas.
2188 2033 2541 2090 intenderunt
2587 2053 2798 2102 arcum,
2833 2057 2943 2095 rem
2998 2042 3273 2111 amaram;
3320 2055 3379 2100 ut
3412 2037 3582 2117 sagit-

2002 2129 2118 2176 tent
2149 2122 2202 2176 in
2252 2125 2486 2180 occultis
2533 2127 2965 2185 immaculatum.
3008 2131 3205 2188 Subito
3238 2127 3584 2206 sagittab'unt

2001 2228 2149 2278 eum,
2173 2222 2229 2268 ct
2275 2231 2386 2270 non
2420 2215 2743 2272 timebunt.»
2799 2218 3028 2276 Etiamsi
3077 2222 3247 2280 David
3283 2228 3582 2283 salutarem

2002 2304 2294 2358 adventum
2323 2315 2572 2376 tempore
2606 2310 2967 2377 prteverterit,
3014 2315 3360 2384 evangelicas
3401 2326 3582 2374 tamen

2001 2395 2346 2466 disciplinas,
2376 2399 2640 2467 magistro
2685 2398 2892 2468 Spiritu
2944 2401 3152 2467 divino,
3189 2421 3298 2460 non
3364 2393 3584 2477 ignora-

2001 2486 2126 2552 bat;
2154 2486 2250 2541 sed
2279 2489 2524 2543 salutare
2567 2489 2724 2543 illud-
2759 2491 3044 2560 eloquium
3073 2496 3247 2562 probe
3311 2507 3576 2555 noverat:

2009 2593 2027 2627 ι
2055 2575 2235 2632 Nolite
2266 2578 2460 2635 timere
2502 2579 2572 2635 ab
2622 2581 2692 2637 iis
2741 2584 2833 2652 qui
2889 2581 3427 2656 occidunt'corpus,
3461 2592 3583 2643 ani.

2001 2683 2144 2721 mam
2177 2677 2360 2724 autem
2405 2686 2512 2726 non
2546 2679 2778 2742 possunt
2811 2673 3062 2729 occidere
3077 2675 3155 2729 "z
3210 2695 3228 2726 ι
3277 2691 3447 2745 quare
3483 2680 3582 2731 mi-

2001 2756 2177 2813 litaris
2223 2759 2827 2826 acieimultitudinem,
2877 2777 2938 2818 ac
2973 2765 3125 2820 omni
3156 2781 3355 2837 genere
3398 2782 3583 2822 armo-

1999 2863 2121 2902 rum
2162 2849 2448 2922 hastisque
2476 2854 2780 2910 instructos
2814 2855 3067 2912 homines
3099 2863 3207 2912 non
3254 2857 3582 2913 reformida-

1999 2939 2124 3008 bat;
2155 2942 2250 2997 sed
2300 2944 2424 3000 illos
2461 2945 2948 3022 quidem,'utpote
2995 2950 3087 3019 qui
3123 2950 3243 3005 sine
3286 2949 3491 3006 sudore
3523 2960 3580 3007 et

2000 3033 2184 3089 labore
2228 3035 2521 3090 immanem
2583 3038 2734 3092 illum
2781 3039 3000 3094 Goliath
3034 3042 3446 3109 prostravisset,
3483 3045 3580 3100 dc-

1997 3121 2297 3192 spicfebat;
2352 3140 2448 3181 eos
2497 3137 2678 3182 autem
2741 3131 3182 3198 pertimescebat,
3232 3149 3372 3204 quos
3425 3135 3577 3192 hisce

1994 3215 2178 3269 verbis
2213 3224 2372 3269 antea
2428 3217 2798 3276 subindicavit
2851 3239 2863 3274 :
2905 3239 2922 3270 ι
2969 3221 3073 3287 Qui
3122 3236 3459 3280 exacuerunt
3516 3237 3575 3282 ut

1995 3307 2232 3375 gladium
2261 3306 2476 3378 linguas
2503 3325 2654 3371 suas.
2682 3310 3034 3367 intenderunt
3055 3329 3266 3379 arcum,
3297 3297 3577 3372 rem'ama-

1996 3399 2133 3452 ram.
2151 3418 2169 3450 ι
2190 3397 2382 3453 Viden’
2399 3417 2518 3470 quas
2535 3402 2811 3457 describat
2829 3403 3176 3460 inimicorum
3195 3410 3381 3462 arma?
3397 3407 3576 3479 Supra

1994 3505 2124 3544 vero
2137 3481 2418 3545 dicebatur
2439 3510 2480 3550 ,ι
2502 3483 2623 3546 Filii
2639 3493 2918 3548 hominum
2936 3497 3127 3552 dentes
3143 3512 3332 3552 eorum
3351 3493 3503 3553 arm'a
3522 3508 3578 3554 et

1995 3581 2226 3650 sagitta),
2258 3590 2312 3638 et
2348 3584 2532 3653 lingua
2583 3599 2773 3639 eorum
2820 3587 3033 3656 gladius
3069 3598 3264 3645 acutus
3297 3592 3336 3642 ι.
3371 3608 3390 3643 ι
3450 3590 3576 3645 Haec

1994 3679 2176 3727 autem
2205 3673 2413 3730 dixisse
2443 3675 2728 3740 scribitur,
2774 3697 2792 3728 ι
2823 3694 2949 3732 cum
2987 3678 3194 3750 fugeret
3217 3697 3246 3735 a
3277 3681 3416 3737 facie
3443 3685 3575 3738 Sau-

1995 3765 2063 3820 lis
2089 3765 2143 3819 in
2175 3767 2495 3836 speluncam
2530 3770 2572 3824 ‘.
2616 3788 2634 3820 »
2665 3769 2707 3822 Λ
2739 3770 3036 3826 verborum
3055 3786 3192 3827 sane
3214 3773 3575 3830 similitudine

1995 3856 2251 3911 videntur
2271 3858 2363 3911 illa
2387 3855 2577 3914 eodem
2609 3866 2852 3929 tempore
2881 3861 3086 3932 scripta
3113 3877 3256 3928 esse,
3293 3879 3402 3933 quo
3436 3864 3574 3941 hac,

1993 3962 2114 4016 qua:
2136 3946 2247 4016 jam
2270 3957 2592 4012 tractamus,
2631 3949 2698 4004 de
2728 3951 2796 4004 iis
2833 3958 2887 4005 et
2919 3951 3194 4008 similibus
3217 3952 3362 4009 dicta
3399 3953 3571 4010 fuere.

1995 4036 2101 4093 Sed
2146 4039 2310 4093 etiam
2351 4060 2369 4091 ι
2411 4041 2632 4112 quando
2675 4042 2828 4098 misit
2877 4043 3030 4108 Saul,
3063 4050 3117 4098 et
3151 4045 3449 4104 custodirit
3475 4045 3577 4099 do-

1993 4145 2142 4183 mum
2168 4130 2310 4208 ejus,
2339 4141 2397 4184 ut
2426 4149 2550 4187 eum
2571 4133 2902 4188 interﬁceret
2918 4133 2960 4198 ³,
2996 4153 3013 4185 ι
3045 4135 3112 4189 de
3143 4135 3337 4191 iisdem
3374 4138 3572 4190 iterum

1993 4222 2199 4278 similes
2230 4223 2537 4293 proferebat
2571 4241 2734 4281 voces
2779 4226 2966 4281 dicens
3004 4241 3017 4277 :
3053 4244 3071 4276 ι
3112 4225 3252 4282 Ecce
3280 4228 3572 4296 loquentur

1995 4313 2046 4367 in
2079 4330 2173 4369 ore
2197 4331 2318 4379 suo,
2352 4325 2405 4370 ct
2427 4317 2640 4386 gladius
2667 4317 2724 4370 in
2739 4318 2935 4372 oribus
2965 4332 3154 4371 eorum
3187 4317 3229 4370 δ.
3271 4336 3290 4368 ι
3319 4316 3426 4371 Sed
3453 4317 3570 4369 hac

279 4408 343 4462 ἐν
385 4410 470 4480 τῷ
530 4409 762 4479 στόματι
810 4409 1012 4470 αὐτῶν,
1068 4410 1162 4462 καὶ
1209 4409 1454 4480 ῥομφαία
1494 4411 1551 4461 ἐν
1593 4412 1714 4472 ,τοῖς
1768 4410 1887 4462 στό-

1997 4406 2211 4475 quidem
2246 4407 2350 4474 ibi;
2391 4408 2446 4461 in
2476 4409 2561 4460 his
2589 4423 2714 4461 vero
2745 4407 2813 4461 de
2835 4407 3035 4476 quibus
3063 4421 3210 4460 nunc
3229 4423 3432 4468 sermo,
3464 4407 3570 4460 ini-

283 4515 461 4569 μασιν
522 4499 725 4552 αὐτῶν.
780 4519 798 4550 ι
862 4499 997 4552 Ἀλλ’
1055 4501 1111 4552 ἐν
1162 4498 1390 4562 ἐκείνοις
1427 4499 1526 4570 μὲν
1567 4499 1717 4552 ταῦτ’
1772 4501 1886 4553 ἐλέ-

267 4605 446 4657 γετο·
515 4591 579 4642 ἐν
627 4588 682 4641 δέ
737 4593 847 4651 τοῖς
875 4588 1013 4659 μετὰ
1042 4592 1228 4658 χεῖρας
1271 4589 1396 4650 τοὺς
1430 4588 1657 4660 ἐχθροὺς
1695 4589 1881 4654 αὑτοῦ,

275 4670 354 4731 ὧν
380 4679 500 4738 ἀπὸ
537 4678 708 4748 φόϐου.
741 4678 1002 4751 ῥυσθῆναι
1026 4678 1244 4750 ηῠχετο,
1271 4680 1598 4749 ὴκονηκέναι
1625 4681 1758 4751 φησὶ
1785 4681 1884 4744 τὰς

273 4769 551 4838 γλώσσας
580 4770 762 4824 αὐτῶν
777 4769 929 4840 δίκην
959 4773 1229 4842 ῥομφαίας
1247 4789 1261 4802 ·
1291 4771 1484 4844 ἢκατὲ
1503 4773 1630 4835 τοὺς
1661 4773 1879 4836 λοιποὺς

273 4858 659 4930 ἐρμηνευτὰς,
699 4878 718 4910 ι
756 4858 832 4922 ὡς
890 4861 1161 4930 μάχαιραν
1184 4878 1197 4891 ·
1241 4881 1260 4912 ι
1297 4861 1433 4915 ἀλλὰ
1482 4863 1577 4915 καὶ
1611 4862 1880 4916 ἐνέτειναν

269 4953 334 5006 τὸ
356 4952 528 5017 τόξον
584 4951 783 5015 αύτῶν,
821 4952 962 5007 κατὰ
985 4953 1082 5024 μὲν
1116 4956 1240 5018 τοὺς
1275 4944 1676 5027 Ἐὀδομήκοντα
1707 4957 1880 5025 ἑρμη-

266 5045 537 5109 νευτὰς,ι
573 5045 630 5097 ἐν
647 5045 928 5115 πράγματι
957 5046 1154 5118 πικρῷ·
1185 5065 1204 5097 ι
1225 5046 1314 5100 διὰ
1338 5046 1447 5114 γὰρ
1481 5047 1676 5117 πικροῦ
1728 5046 1872 5118 πρά-

265 5154 499 5209 γματος
543 5137 920 5204 κατατοξεύειν
947 5139 1244 5211 ἐπειρῶντο
1269 5141 1358 5193 τὸν
1381 5141 1586 5194 δίκαιον
1610 5157 1635 5177 ·-
1657 5138 1796 5192 κατὰ
1819 5139 1876 5191 δὲ

262 5230 360 5281 τδν
393 5229 728 5299 Σύμμαχον,
777 5247 795 5279 ι
845 5229 1220 5300 Ἐπλήρωσαν,
1255 5231 1410 5301 φησὶ,
1434 5230 1493 5283 τὸ
1523 5229 1673 5294 τόξον
1700 5229 1877 5283 αὐτῶν

264 5316 420 5389 λόγῳ
485 5317 700 5387 πικρῷ.
751 5337 768 5370 ι
806 5314 987 5373 Ἦσαν
1033 5320 1147 5392 γὰρ
1195 5317 1412 5393 ἀληθῶς
1461 5323 1667 5392 πικροὶ,
1723 5323 1878 5375 ούδέν

257 5408 448 5476 γλυκὺ
485 5408 860 5477 περιέχοντες,
890 5411 940 5463 οἱ
981 5411 1074 5463 τὸν
1122 5411 1285 5464 Δαυϊδ
1325 5410 1700 5474 διαϐάλλοντες
1741 5412 1876 5482 πρὸς

256 5497 351 5550 τὸν
416 5496 643 5550 Σαούλ·
681 5491 790 5562 οἷος
843 5492 910 5569 ἦν
939 5501 967 5552 ό
1004 5500 1182 5570 Δωὴκ,
1219 5501 1310 5554 καὶ
1351 5502 1398 5553 οἱ
1443 5501 1670 5570 Ζιφαῖοι,
1701 5500 1792 5554 καὶ
1823 5503 1871 5554 οἱ

1995 4497 2167 4550 micos
2197 4512 2350 4572 suos,
2389 4513 2418 4551 a
2447 4514 2680 4567 quorum
2713 4506 2858 4552 metu
2888 4498 3024 4566 eripi
3054 4497 3404 4568 precabatur,
3435 4514 3568 4553 exa-

1993 4587 2177 4642 cuisse
2207 4588 2282 4640 ait
2308 4597 2365 4641 ut
2391 4589 2628 4658 gladium
2681 4588 2897 4658 linguas
2931 4601 3082 4653 suas,
3117 4593 3233 4644 sive
3263 4588 3568 4644 secundum

1990 4678 2228 4748 reliquos
2262 4679 2610 4749 interpretes,
2642 4699 2659 4729 ‹
2696 4682 2839 4736 sicut
2895 4681 3254 4749 machaeram;
3289 4703 3307 4735 ι
3343 4684 3452 4738 imo
3483 4683 3570 4738 in-
3627 4709 3632 4712 -

1961 4772 2282 4827 'tenderunt
2315 4788 2501 4828 areum
2522 4788 2704 4838 suum,
2731 4775 3032 4831 secundum
3055 4776 3194 4832 LXX
3215 4776 3566 4848 lnterpretes,

1988 4862 2046 4918 in
2070 4877 2128 4917 re
2149 4877 2340 4917 amara
2368 4883 2380 4918 :
2412 4879 2506 4934 per
2542 4880 2657 4919 rem
2689 4867 2891 4937 quippe
2943 4877 3184 4922 amaram
3211 4867 3420 4938 justum
3480 4885 3567 4923 sa-

1989 4954 2140 5023 gittis
2209 4954 2507 5011 confodere
2567 4957 2885 5025 tentabant;
2949 4959 3249 5014 secundum
3311 4958 3566 5032 Symma-

1982 5044 2143 5100 chum
2178 5053 2381 5110 autem,
2417 5067 2434 5098 ι
2466 5049 2849 5119 impleverunt,
2887 5048 3065 5116 inquit
3094 5089 3108 5110 ,
3149 5063 3338 5104 arcum
3397 5064 3559 5103 suum

1985 5135 2150 5190 verbo
2170 5151 2376 5192 amaro.
2417 5158 2436 5188 ι
2468 5137 2605 5192 Nam
2633 5140 2724 5210 qui
2763 5139 3016 5195 Davidem
3039 5139 3180 5210 apud
3214 5138 3432 5194 Saulem
3460 5141 3541 5191 cri

1986 5228 2356 5297 minabantur,
2405 5245 2532 5285 vere
2581 5215 2748 5285 amari
2803 5235 2981 5292 erant,
3036 5230 3326 5287 dulcedine
3381 5227 3560 5284 alfecti

1987 5319 2135 5372 nulla
2165 5337 2177 5371 :
2203 5319 2381 5388 qualis
2407 5327 2526 5374 erat
2555 5319 2719 5385 Doec,
2751 5322 2942 5392 quales
2983 5321 3190 5392 Zipbaai
3235 5319 3380 5374 etiis
3405 5313 3560 5370 simi-

1985 5411 2080 5465 les.
2119 5401 2261 5476 Quin
2285 5418 2340 5465 et
2361 5412 2540 5481 quivis
2561 5428 2740 5469 sermo
2773 5415 2996 5483 impius,
3031 5420 3280 5474 amarus;
3315 5413 3447 5461 utet
3473 5404 3560 5457 diq-

1982 5503 2163 5564 rinus,
2197 5501 2374 5557 dulcis
2403 5510 2456 5558 et
2481 5504 2668 5559 suavis
2718 5503 2900 5558 fuerit.
2933 5506 3118 5569 Quare
3170 5499 3376 5552 dictum
3425 5502 3552 5550 est:

329 5655 379 5688 ω
415 5650 626 5705 Matth.
667 5638 846 5715 πλε.
925 5653 1340 5714 ‘Psal.t.vt.5.
1418 5653 1691 5711 ίῑωά.ι.
1769 5653 2245 5714 'Psal.t.vm.1.
2324 5657 2588 5713 ‘ibid.8.

609 5742 879 5805 ΡΑτιιοι..
927 5745 1043 5806 Gn.
1093 5747 1327 5809 XXIII.

3007 5745 3155 5806 ’20
