4062 6208
415 344 521 401 61’9

1121 330 1394 390 EUSEBII
1433 325 1916 386 CIESARIENSIS
1957 323 2105 380 OPP.
2141 321 2321 378 PARS
2359 321 2449 377 lll.
2493 350 2559 361 —
2596 315 3006 374 EXEGETICA.

3571 309 3678 366 620

421 483 440 517 ι
470 461 696 519 Gustate
711 467 764 515 et
792 455 1270 527 videte,'quoniam
1295 453 1480 508 suavis
1500 461 1586 507 est
1612 449 1875 503 Dominus
1904 447 1944 501 '.
1974 466 1991 498 ι

2121 445 2307 506 τούτοις
2333 441 2721 514 παραπλήσιοι.
2764 436 2925 490 Ἀλλά
2954 435 3046 489 καὶ
3082 435 3186 497 πᾶς
3213 431 3369 495 ἀθεος
3401 430 3557 500 λόγος
3589 446 3679 482 πιο

417 553 556 611 Βεενί
582 567 747 623 porro
793 565 956 604 arcus
988 555 1041 602 et
1094 561 1225 602 vere
1286 545 1433 599 acuti
1481 541 1996 615 gladii'impiorum

416 637 916 705 heterodoxorum',
979 638 1076 709 qui
1137 635 1469 706 simplicium
1529 634 1742 688 animas
1785 619 1999 700 Sagittis

421 739 710 808 impetum,
745 732 1050 805 gladiisque
1077 729 1194 787 suis
1221 743 1316 783 eas
1361 724 1660 781 trucidant.
1702 719 2000 793 "Sapientes

421 845 639 903 quoque
685 828 851 897 hujus
891 825 1098 889 swculj,
1144 821 1342 878 ineatis
1394 827 1449 875 et
1506 816 1823 889 sophisticis
1867 829 2002 869 ver-

395 925 507 978 bis
570 925 806 982 utentes,
878 916 1080 970 multas
1150 911 1362 966 animas
1427 909 1791 964 sustulerunt.
1839 902 2002 973 'Opus

427 1027 551 1085 rgo
589 1010 750 1066 nobis
798 1005 1034 1063 ferventi
1089 1001 1360 1065 oratione,
1398 1007 1452 1052 ut
1509 1000 1576 1053 ab
1625 998 1694 1052 iis
1746 993 2002 1049 omnibus

422 1103 739 1176 eripiamur.
776 1098 817 1154 ii
870 1113 1002 1153 vero
1047 1093 1342 1165 inprimis
1371 1093 1464 1162 qui
1518 1102 1683 1158 supra
1716 1083 2002 1140 memorati

423 1173 576 1260 sunt,
606 1193 909 1262 simplicem
945 1199 998 1243 et
1044 1186 1234 1241 rudem
1269 1184 1545 1238 hominem
1577 1178 1792 1248 sagittis
1828 1173 2003 1229 confi-

423 1299 548 1343 cere
605 1288 891 1352 satagunt;
923 1291 1093 1348 quarc
1140 1273 1348 1327 dictum
1395 1278 1480 1325 est
1533 1287 1546 1301 ο
1599 1264 2006 1320 (Intenderunt

425 1391 636 1441 arcum,
666 1388 780 1428 rem
817 1374 1080 1430 amaram,
1119 1373 1178 1420 ut
1227 1363 1484 1430 sagitten‘t
1516 1361 1571 1412 in
1623 1355 1858 1411 occultis
1901 1354 2004 1407 im-

423 1469 778 1527 maculatum.
811 1483 829 1518 ι
875 1461 1215 1530 lnculpatum
1251 1457 1340 1510 hic
1377 1450 1788 1507 immaculatum
1820 1455 2002 1510 vocat,

425 1564 511 1618 his
543 1558 796 1616 indicans
849 1551 1266 1626 sycophantiam
1315 1552 1506 1601 contra
1565 1557 1682 1604 eos,
1741 1538 1834 1610 qui
1866 1537 2004 1592 nihil

425 1653 642 1725 injuriae
671 1648 1007 1710 intulissent,
1045 1649 1315 1716 paratam.
1338 1636 1446 1690 Pro
1482 1632 1575 1686 illo
1606 1637 1814 1692 autem,
1849 1645 1868 1678 ‹
1901 1627 2006 1680 im-

429 1721 784 1806 maculatum,
819 1757 838 1793 D
866 1735 1083 1807 Aquila,
1122 1748 1141 1783 ι
1179 1727 1508 1798 simplicem,
1547 1739 1566 1774 ι
1607 1721 2002 1789 interpretatus

2063 570 2071 574 -
2105 534 2235 606 κρδς
2264 534 2328 587 ἂν
2352 531 2458 602 εἴη,
2495 531 2682 600 ὥσπερ
2708 530 2736 582 6
2769 526 2933 590 θεῖος,
2970 523 3204 607 χρηστὸς
3233 522 3325 574 καὶ
3341 518 3564 589 γλυκύς.
3587 517 3678 570 Διὸ

2105 623 2350 696 εἴρηται·
2395 641 2414 673 ι
2462 618 2759 683 Γεύσασθε,
2808 617 2902 670 καὶ
2935 614 3094 678 ἴδετε,
3123 613 3205 668 ὅτι
3233 610 3469 684 χρηστὸς
3493 613 3520 664 6
3562 609 3678 664 Κύ-

2111 733 2241 788 ριος.
2279 735 2297 766 ι
2324 713 2481 766 Δεινά
2503 713 2560 766 δὲ
2588 709 2716 774 τόξα
2745 709 2837 762 καὶ
2866 706 3130 778 μάχαιραι
3160 704 3235 768 ὡς
3268 701 3483 773 ἀληθῶς
3508 701 3679 765 ὀξεῖαι

2107 810 2162 862 αἱ
2196 807 2303 860 τῶν
2331 805 2505 860 ἀθέων
2545 800 2886 874 ἑτεροδόξων,
2915 798 3024 852 τῶν
3056 796 3156 860 τὰς
3187 794 3478 874 ἀκεραίους
3503 791 3683 862 ψυχὰς

2107 899 2592 966 κατατοξευόντων,
2638 866 2732 949 καὶ
2785 896 2906 956 ταῖς
2980 890 3186 945 ἑαυτῶν
3244 866 3540 960 ῥομφαίαις
3583 903 3707 962 και»,

2107 992 2520 1062 τασφαττόντων
2571 986 2760 1050 αύτάς.
2813 985 2925 1039 Καὶ
2978 983 3029 1036 οἱ
3073 981 3226 1050 σοφοὶ⁴
3263 980 3319 1033 δὲ
3367 979 3459 1032 τοῦ
3487 976 3682 1040 αἰῶνος

2109 1083 2432 1147 τούτου,τὸν
2454 1077 2730 1150 ἀπατηλὸν
2779 1077 2872 1129 καὶ
2905 1071 3292 1144 σεσοφισμένον
3347 1071 3503 1139 λόγον
3545 1085 3683 1139 προ-

2111 1176 2448 1245 ϐαλλόμενοι,
2490 1169 2704 1232 πολλὰς
2738 1167 2946 1222 ἀνεῖλον
2981 1165 3179 1236 ψυχάς.
3214 1161 3394 1233 Εύχῆς
3433 1158 3528 1214 οὖν
3552 1161 3685 1230 ἡμῖν

2109 1268 2189 1320 δεῖ
2225 1263 2644 1334 συντεταμένης,
2673 1261 2809 1331 πρὸς
2827 1259 2888 1312 τὸ
2910 1256 3170 1328 ῥυσθῆναι
3182 1253 3387 1307 τούτων
3405 1253 3680 1305 ἀπάντων.

2110 1357 2360 1411 Μάλιστα
2400 1354 2456 1407 δὲ
2498 1355 2546 1406 οι
2581 1349 2964 1421 προλεχθέντες
3010 1347 3101 1400 τὸν
3150 1343 3355 1399 ἁπλοῦν
3384 1343 3478 1395 καὶ
3509 1340 3683 1412 ἀφελῆ

2111 1444 2490 1511 κατατοξεύειν
2542 1442 2872 1513 πειρῶνται·
2897 1439 2978 1492 διὸ
3012 1437 3288 1490 λέλεκται·
3328 1453 3348 1484 ι
3392 1432 3685 1484 Ἐνέτειναν

2109 1536 2284 1603 τόξον,
2318 1535 2551 1606 πρᾶγμα
2581 1530 2795 1601 πικρὸν,
2815 1527 2924 1582 ,τοῦ
2945 1523 3339 1592 κατατοξεῦσαι
3361 1524 3418 1574 ἑν
3446 1519 3685 1591 ἀποκρύ-

2113 1644 2232 1697 φοις
2259 1625 2510 1697 ἄμωμον.
2549 1642 2566 1674 ι
2603 1622 2715 1676 Καὶ
2766 1621 2857 1673 τὸν
2889 1618 3133 1672 ἀναίτιον
3173 1616 3231 1669 δὲ
3260 1615 3487 1685 ἄμωμον
3511 1611 3683 1675 καλεῖ,

2111 1716 2209 1787 τὴν
2256 1713 2398 1770 κατὰ
2440 1712 2547 1766 τῶν
2583 1711 2748 1782 μηδὲν
2780 1709 3116 1781 ἠδικηκότων
3155 1704 3486 1775 ὑπογράφων
3530 1718 3688 1756 συκο-

426 1845 530 1893 est.
562 1834 698 1891 Nam
719 1833 757 1889 ii
783 1792 1088 1900 simplicem
1123 1831 1178 1880 et
1203 1792 1460 1891 nequitiae
1478 1821 1755 1885 expertem
1789 1808 2006 1882 sagittis

2121 1805 2356 1877 ραντίαν.
2395 1804 2551 1856 Ἇντὶ
2591 1802 2650 1854 ’δὲ
2689 1799 2804 1864 τοῦ,
2835 1818 2852 1851 ι
2889 1799 3152 1869 ἄμωμον,
3182 1793 3423 1858 ·’ἀπλοῦν,
3451 1813 3471 1845 ι
3512 1792 3689 1862 ηρμῖὴ-

427 1927 721 1986 confodere
752 1923 989 1979 maxime
1011 1918 1268 1988 satagunt
1301 1929 1315 1965 :
1351 1922 1524 1980 quare
1550 1904 1734 1969 infert,
1770 1921 1788 1953 ι
1817 1900 2010 1955 Subito

428 2020 794 2094 sagittabunt,
829 2028 955 2068 eum
1007 2017 1062 2064 et
1103 2022 1212 2063 non
1239 2001 1532 2058 timebunt.
1567 2017 1586 2050 ι
1617 1994 1752 2050 Nam
1796 2001 2012 2062 tempus

428 2083 810 2172 observantes,
873 2100 1163 2160 confertim
1198 2103 1254 2152 et
1305 2091 1656 2163 inopinanter
1691 2083 2014 2141 immacula-

429 2212 570 2269 tum,
623 2201 741 2257 sive
793 2194 1123 2266 simplicem.
1172 2194 1268 2242 aut
1322 2185 1672 2239 innocentem
1725 2174 2010 2230 invadunt.

431 2298 613 2364 Quare
642 2292 709 2348 ad
730 2290 988 2346 homines
1022 2279 1324 2341 iis-similes
1351 2274 1662 2331 rescribens
1692 2266 2036 2342 Apostolus,

431 2390 550 2444 ait:
588 2405 605 2438 ι
635 2383 829 2439 Timeo
861 2387 1067 2456 autem,
1119 2390 1188 2431 ne
1239 2373 1383 2430 sicut
1429 2381 1659 2440 serpens
1704 2364 1869 2418 Evam
1923 2373 2014 2416 se-

430 2479 608 2542 duxit,
641 2477 715 2530 ita
743 2453 1167 2541 corrumpantur
1195 2478 1394 2520 sensus
1422 2459 1589 2516 vestri
1620 2465 1675 2512 et
1707 2453 1963 2538 excidant
1984 2466 2014 2504 a

431 2567 805 2641 simplicitate,
825 2577 950 2634 quae
996 2566 1082 2617 est
1136 2554 1444 2616 ἰηιοιιιιῑειο
1474 2552 1518 2606 ᾳ,
1556 2547 1754 2602 ,χειηη
1815 2543 2015 2614 quippe

433 2638 597 2732 cujus
651 2657 834 2713 anima
887 2648 1312 2710 circummunita
1362 2642 1550 2702 fuerit,
1611 2638 1848 2708 dejicere
1876 2647 2017 2688 nun-

432 2721 597 2832 quam
647 2749 868 2804 valeant
906 2746 943 2800 ii
995 2743 1088 2814 qui
1126 2755 1292 2810 supra
1342 2732 1627 2791 memorati
1659 2734 1808 2792 sunt,
1863 2744 1880 2776 ι
1911 2721 2014 2794 qui

433 2817 772 2904 exacuerunt
803 2846 862 2894 ut
921 2836 1163 2909 gladium
1217 2833 1435 2901 linguas
1466 2839 1619 2889 suas,
1659 2817 2018 2876 intenderunt

435 2947 648 2996 arcum,
680 2944 802 2984 rem
834 2905 1101 2987 amaram.
1143 2917 1499 2992 ut‘sagittent
1546 2914 1600 2967 in
1636 2907 1866 2965 occultis
1909 2905 2016 2958 im-

439 2993 813 3084 maculatum;
848 3037 866 3070 ›
899 3016 1036 3077 sive,
1077 3031 1102 3084 ι,
1133 3020 1192 3066 ιιι
1220 3008 1478 3080 sagittent
1513 3004 1567 3058 in
1617 2997 1853 3056 occultis
1885 2993 2018 3050 sim-

439 3117 658 3186 plicem.
699 3108 895 3163 Subito
926 3103 1431 3175 sagittabunteum,
1463 3102 1517 3150 et
1543 3108 1651 3148 non
1677 3087 1965 3143 timebunt.
1994 3103 2011 3134 ι

436 3298 530 3370 qui
560 3295 690 3350 talia
712 3269 982 3364 ,prol‘ero;
1017 3287 1112 3342 sed
1144 3283 1472 3354 simplicem,
1505 3277 1560 3333 id
1603 3283 1687 3330 cst
1743 3269 1932 3325 rudem
1963 3273 2018 3320 et

440 3360 811 3450 innocentem,
850 3393 904 3440 et
954 3382 1134 3437 adhuc
1171 3374 1485 3449 parvulum,
1518 3377 1577 3423 ut
1635 3365 1761 3438 quis
1794 3360 2017 3417 dixerit.

439 3501 518 3549 ex,
539 3496 731 3539 eorum
757 3490 986 3534 numero
1015 3473 1083 3528 de
1115 3471 1317 3542 quibus
1347 3465 1608 3520 Servator
1638 3460 1756 3512 haec
1785 3452 1972 3510 docuit
2003 3464 2016 3500 :

445 3590 469 3625 ς
494 3547 574 3626 Ne
605 3565 972 3626 contemnatis
1000 3539 1170 3617 unum
1217 3574 1283 3613 ex
1317 3553 1532 3626 pusillis
1565 3549 1656 3620 qui
1681 3552 1810 3603 sunt
1831 3544 1887 3597 in
1915 3539 2022 3593 Ec-

439 3663 610 3720 clesia
637 3675 759 3716 mea
787 3661 842 3724 7;
874 3677 892 3710 ι
921 3665 974 3710 et
1006 3672 1070 3708 ειι
1117 3652 1176 3720 Si
1207 3651 1333 3722 quis
1374 3637 1826 3702 scandalizaverit
1851 3645 2020 3688 unum

439 3755 772 3827 expusillis,
823 3748 1042 3820 expedit
1070 3746 1123 3801 ei
1174 3752 1234 3798 ut
1278 3741 1630 3808 demergatur
1658 3732 1712 3786 in
1747 3741 1900 3827 mare
1922 3724 1964 3778 ⁸.

440 3846 628 3917 Neque
663 3844 814 3899 enim
867 3840 956 3894 hic
1010 3849 1276 3906 magnum,
1327 3829 1604 3885 hominem
1659 3812 2024 3876 scandalizari

447 3906 964 3993 Servatorinducit,
1006 3927 1101 3982 sed
1136 3940 1285 3988 cum,
1342 3921 1436 3992 qui
1498 3920 1550 3971 in
1579 3911 1828 3970 Ecclesia
1863 3906 2025 3980 pusil-

447 4029 535 4082 lus
562 4025 668 4090 sit;
706 4030 764 4076 ut
788 4020 968 4076 hocin
998 4019 1120 4072 loco
1143 4012 1464 4082 simplicem
1494 4007 1650 4062 dicit.
1679 4001 1907 4056 ‘lnimici
1935 4013 2026 4052 er-

447 4136 516 4191 go
545 4088 775 4184 magnos
804 4119 858 4166 et
888 4110 984 4185 qui
1007 4105 1152 4177 apud
1198 4103 1368 4157 Deum
1399 4099 1680 4170 sapientes
1716 4099 1866 4156 sunt,
1898 4088 2030 4142 ado-

447 4210 548 4265 riri
579 4221 689 4263 non
723 4179 951 4262 audent,
995 4197 1092 4254 sed
1122 4191 1402 4263 simplices
1433 4194 1487 4243 et
1512 4187 1831 4240 innocentes
1855 4179 2030 4232 maxi-

447 4317 536 4358 me
556 4287 847 4356 venantur.
878 4288 1248 4358 Quamobrem
1281 4279 1598 4334 Davidvcum
1624 4270 1880 4331 inimicos
1915 4283 2029 4323 me-

446 4396 741 4450 morasset,
803 4386 870 4440 ad
939 4396 1080 4454 quos
1131 4372 1448 4448 praesertim
1513 4369 1756 4437 irrepere
1816 4361 2031 4417 soleant

447 4481 766 4542 declaravit.

2112 1909 2296 1946 νευσεν
2325 1892 2354 1944 ό
2400 1889 2647 1952 Ἀκύλας.
2679 1888 2782 1941 Τὸν
2815 1887 2924 1958 γὰρ
2959 1884 3162 1940 ἁπλοῦν
3198 1883 3293 1938 καὶ
3326 1881 3690 1953 ἀπειρόκακον

2115 1975 2348 2056 μάλιστα
2378 1979 2756 2047 κατατοξεύειν
2781 1979 2832 2032 οἱ
2861 1974 3090 2030 τοιοῦτοι
3116 1970 3690 2045 πειρῶνταινοδιὸὲπι-

2110 2075 2290 2142 λέγει·
2335 2092 2353 2126 ι
2399 2071 2659 2137 Ἐξάπινα
2717 2066 3199 2132 κατατοξεύσουσιν
3243 2063 3428 2122 αὑτὸν.
3487 2065 3582 2114 καὶ
3608 2061 3692 2114 οὐ

2113 2150 2536 2238 φοϐηθήσονται.
2567 2182 2584 2212 ι
2604 2157 3147 2233 Καιροφυλακοῦντες
3165 2154 3274 2226 γὰρ
3299 2149 3464 2216 οῦτοι,
3482 2151 3696 2222 ἀθρόως

2113 2256 2205 2309 καί
2264 2252 2683 2326 ἀπροσδοκήτως
2729 2249 3051 2320 ἐπέρχονται
3103 2244 3182 2315 τῷ
3230 2243 3481 2314 ἀμώμῳ,
3535 2242 3568 2312 ἢ
3612 2241 3701 2311 τῷ

2115 2346 2270 2418 ἁπλῷ
2294 2346 2387 2399 καὶ
2416 2347 2514 2399 ἀκε
2525 2344 2678 2414 ραίῳ.
2696 2341 2786 2395 Διὸ
2804 2340 3030 2412 γράφων
3048 2355 3148 2391 που
3171 2338 3199 2390 6
3221 2334 3542 2403 Ἀπόστολος
3554 2333 3696 2404 πρὸς

2113 2439 2239 2501 τοὺς
2269 2435 2546 2498 τοιούτους
2591 2433 2723 2503 φησί
2750 2446 2761 2459 ·
2790 2451 2808 2481 ι
2835 2428 3106 2498 Φοϐοῦμαι
3152 2427 3224 2498 μή
3253 2443 3401 2488 πως,
3421 2425 3497 2488 ὡς
3519 2423 3697 2491 όσδφις

2115 2527 2455 2599 ἐξηπάτησεν
2497 2523 2662 2589 Εὕαν,
2695 2523 2873 2594 φθαρῇ
2900 2521 3240 2592 τάνοήματα
3268 2517 3422 2588 ὑμῶν
3457 2517 3564 2570 ἀπὸ
3594 2516 3696 2585 τῆς

2116 2615 2534 2688 ἁπλότητος-τῆς
2566 2615 2625 2667 ὲν
2658 2610 2900 2684 Χριστῷ.
2945 2629 2962 2662 ι
2993 2609 3096 2663 Τὸν
3155 2608 3262 2679 γὰρ
3300 2603 3698 2677 ’πεφραγμένον

2115 2711 2213 2780 τὴν
2241 2709 2417 2780 ψυχὴν
2449 2707 2645 2761 οὑκ-ἀν
2679 2720 2808 2757 ποτε
2848 2701 3093 2755 δύναιντο
3117 2697 3440 2752 καταϐαλεῖν
3476 2697 3524 2748 οἱ
3559 2709 3699 2764 προ-

2114 2800 2419 2870 λεχθέντες,
2441 2818 2461 2850 ι
2479 2798 2674 2858 οἵτινες
2701 2793 2973 2864 ἠκόνησαν
2995 2790 3072 2853 ὼς
3103 2787 3374 2860 ῥομφαίαν
3385 2785 3492 2849 τὰς
3520 2783 3700 2853 γλώσ·-

2119 2911 2216 2957 σας
2238 2892 2440 2954 αὐτῶν,
2466 2891 2568 2968 ⁸καὶ
2587 2887 2855 2940 ἐνέτειναν
2897 2881 3070 2949 τόξον,
3104 2882 3335 2953 πρᾶγμα
3365 2877 3580 2949 πικρὸν,
3603 2875 3702 2928 τοῦ

2116 2963 2508 3048 κατατοξεῦσαι
2555 2981 2612 3032 ἑν
2633 2976 2970 3049 ἀποκρύφοις
3004 2975 3263 3044 ιάμωμονο
3294 2991 3311 3023 ι
3343 2971 3404 3040 ἢ,
3427 2989 3444 3019 ι
3474 2969 3569 3022 τοῦ
3601 2958 3704 3022 κα.-

2118 3074 2436 3139 τατοξεῦσαι
2468 3074 2526 3126 ἑν
2547 3068 2888 3141 ἀποκρύφοις
2918 3065 3138 3120 ἁπλοῦν.
3183 3061 3442 3128 Ἐξάπινα
3465 3052 3700 3115 κατατοέ

2044 3163 2085 3220 C
2121 3167 2398 3233 ξεύσουσιν
2448 3162 2630 3230 αὐτὸν,
2691 3159 2787 3212 καὶ
2837 3157 2897 3210 ού
2941 3155 3360 3227 φοϐηθήσονται.
3407 3172 3425 3204 ι
3465 3153 3576 3205 Καὶ
3600 3153 3706 3222 ὅρα

2122 3258 2244 3310 τίνα
2289 3255 2492 3326 τρόπον
2549 3247 3035 3325 κατατοξεύσουσιν
3063 3245 3224 3299 αὐτόν
3250 3261 3434 3313 φησιν,
3466 3243 3576 3294 ἀλλ’
3601 3241 3706 3293 οὒκ

2124 3349 2223 3419 ἐμὲ
2249 3347 2340 3400 τὸν
2371 3345 2542 3398 ταῦτα
2571 3341 2795 3408 λέγοντα
2819 3355 2832 3370 ⁸
2875 3338 2966 3391 τὸν
3004 3337 3060 3390 δὲ
3087 3334 3312 3398 ἁπλοῦν,
3341 3335 3586 3412 τουτέστι
3612 3333 3708 3385 τὸν

2125 3436 2300 3507 ἀφελῆ
2324 3436 2418 3489 καὶ
2445 3433 2701 3504 ἀκέραιον
2725 3472 2740 3495 ,
2775 3429 2869 3483 καὶ⁵
2892 3429 2972 3482 ἑτι
2998 3423 3394 3507 μικρὸνηὼςᾶν
3424 3422 3570 3475 εἴποι
3598 3439 3706 3487 τις,

2128 3502 2188 3592 ἑξ
2243 3502 2469 3580 ἐκείνων
2516 3502 2646 3576 ὄντα
2674 3523 2802 3591 περὶ
2829 3513 2904 3574 ὧν
2936 3521 2964 3571 ὁ
2989 3516 3179 3587 Σωτὴρ
3211 3502 3454 3569 ἐδίδασκε
3485 3512 3660 3579 λέγων
3683 3529 3698 3542 ⁵

2133 3639 2151 3670 ι
2181 3618 2272 3690 Μὴ
2327 3615 2775 3685 καταφρονήσητε
2829 3610 2947 3673 ἑνὸς
2997 3609 3106 3662 τῶν
3154 3605 3364 3677 μικρῶν
3411 3605 3517 3658 τῶν
3542 3605 3601 3655 ὲν
3639 3606 3709 3673 τῇ

2141 3707 2436 3781 Ἐκκλησία
2450 3723 2570 3778 μου·
2600 3724 2618 3756 ι
2640 3705 2752 3765 καὶ,
2778 3723 2796 3753 ι
2825 3703 3011 3764 Ὅστις
3024 3700 3116 3753 ἑάν
3145 3695 3472 3767 σκανδαλίσῃ
3485 3696 3580 3747 ἑνα
3598 3692 3714 3747 τῶν

2133 3799 2365 3872 μικρῶν,
2392 3796 2658 3868 συμφέρει
2681 3791 2830 3863 αὐτῷ
2863 3789 3226 3861 βληθῆναιείς
3249 3785 3346 3857 τὴν
3367 3785 3661 3839 θάλασσαν.
3686 3801 3707 3834 ι

2131 3890 2621 3960 Σκανδαλιζόμενον
2660 3886 2768 3956 γὰρ
2801 3885 2961 3938 κάκεῖ
2985 3885 3013 3936 6
3038 3880 3228 3952 Σωτὴρ
3256 3880 3317 3931 ού
3350 3877 3520 3948 μέγαν
3559 3877 3715 3929 είσάο

2132 4002 2238 4054 γει,
2262 3983 2396 4042 ἀλλά
2419 3983 2508 4035 τὸν
2533 3981 2670 4050 ὲντῇ
2709 3976 3004 4047 Ἐκκλησία
3033 3973 3247 4045 μικρὸν,
3270 3970 3458 4040 ῶσπερ
3479 3966 3716 4022 ἐνταῦθα

2131 4075 2222 4127 τὸν
2248 4072 2469 4126 ἀπλοῦν.
2506 4070 2572 4126 Οἱ
2603 4068 2778 4121 τοίνυν
2800 4065 2984 4137 ἐχθροὶ
3014 4063 3134 4117 οὐδὲ
3161 4060 3404 4132 τολμῶσι
3434 4059 3714 4130 προσιέναι

2133 4168 2246 4228 τοῖς
2305 4162 2581 4233 μεγάλοις,
2608 4157 2730 4211 οὐδὲ
2770 4159 2883 4219 τοῖς
2913 4153 3067 4225 παρά
3098 4150 3220 4221 Θεῷ
3254 4152 3435 4218 σοφοῖς
3459 4165 3474 4178 ·
3502 4149 3630 4209 τοὺς
3655 4145 3715 4197 δὲ

2134 4254 2342 4323 ἁπλοῦς
2371 4252 2465 4307 καὶ
2512 4247 2804 4319 ἀκεραίους
2839 4245 3074 4316 μάλιστα
3110 4240 3420 4312 θηρεύουσι.
3455 4235 3657 4304 Διόπερ
3686 4235 3716 4285 6

2135 4345 2319 4407 Δαυῖδ,
2370 4340 2748 4414 μνημονεύσας
2801 4337 2909 4390 τῶν
2969 4332 3200 4406 ἐχθρῶν,
3251 4330 3343 4384 καί
3389 4327 3515 4398 περὶ
3563 4325 3718 4388 τίνας

2141 4437 2374 4509 μάλιστα
2403 4431 2663 4487 είλεῖσθαι
2697 4427 2952 4483 εἰώθασιν
2981 4420 3125 4478 οὗτοι
3159 4421 3520 4492 παρέστησεν.

526 4610 545 4643 ι
586 4589 970 4644 Firmaverunt
993 4580 1096 4637 sibi
1122 4590 1430 4636 sermonem
1455 4583 1687 4641 nequam
1721 4585 1733 4620 :
1771 4576 2028 4619 narrave-

2211 4573 2230 4605 ι
2281 4547 2686 4620 Ἐκραταὶωσαν
2741 4543 2954 4602 ἑαυτοῖς
3003 4538 3162 4605 λόγον
3211 4533 3447 4606 πονηρόν
3470 4549 3483 4562 ’
3525 4530 3721 4603 διηγή-

2412 4638 2436 4644 “
2588 4635 2633 4644 ··
2885 4630 2928 4644 ἀ
3143 4622 3428 4644 η’--μαέοη
3473 4619 3553 4644 .-λ
3609 4618 3720 4644 ..α-Δ,

456 4691 588 4737 runt
613 4688 672 4736 ut
699 4677 1103 4734 absconderem
1149 4671 1397 4740 laqueos.
1436 4684 1454 4713 ι
1485 4661 1788 4729 Postquam
1823 4653 2032 4722 tropice

456 4773 709 4829 inimicos
749 4769 961 4840 gladios
985 4779 1117 4820 suos
1149 4773 1418 4817 exacuere
1459 4764 1512 4810 et
1546 4765 1710 4807 arcus
1751 4742 2035 4802 intendere

457 4865 692 4925 dixerat,
712 4839 824 4930 jam
856 4857 1100 4928 apertius
1131 4853 1220 4922 qui
1253 4851 1323 4904 sit
1353 4847 1590 4918 gladius,
1633 4839 1816 4912 qualis
1847 4849 2033 4898 arcus,

459 4960 684 5009 enarrat
737 4951 822 5005 his
855 4947 1073 5001 verbis:
1117 4961 1134 4994 ι
1165 4941 1550 4995 Firmaverunt
1585 4931 1689 4988 sibi
1719 4936 2034 4985 sermonem

467 5060 716 5116 aequam.
763 5039 944 5095 rNon
1003 5038 1145 5092 enim
1199 5043 1508 5090 sermonem
1559 5041 1596 5103 ra
1645 5023 1756 5077 Deo
1802 5015 2035 5072 mutuati

461 5144 624 5198 sunt;
656 5133 751 5190 sed
782 5141 1069 5203 postquam
1095 5126 1197 5182 sibi
1231 5123 1366 5194 ipsis
1398 5117 1786 5192 confinxerunt
1809 5116 1864 5164 et
1888 5120 2037 5162 com-

462 5228 631 5287 ruenti
681 5234 831 5288 sunt,
883 5223 1028 5276 hunc
1059 5219 1436 5272 firmaverunt.
1474 5208 1639 5264 Tales
1689 5210 1816 5259 sunt
1875 5211 2037 5269 syco-

461 5323 702 5396 phantae,
733 5325 788 5373 et
816 5318 1084 5386 quotquot
1117 5308 1307 5365 falsas,
1341 5318 1480 5373 quas
1516 5298 1622 5354 sibi
1651 5292 2040 5350 confinxerunt

464 5379 520 5471 et
541 5379 1015 5470 commenti-sunt,
1081 5395 1383 5454 sententias
1434 5391 1652 5444 firmare
1696 5393 1750 5439 et
1797 5379 2045 5438 stabilire

467 5512 745 5576 satagunt.
781 5497 983 5556 Deinde
1006 5488 1243 5550 veroubi
1261 5496 1571 5541 sermonem
1602 5479 1754 5532 illum
1787 5485 2043 5541 nequam,

466 5613 628 5670 quem
663 5595 768 5652 sibi
819 5587 1192 5648 firmaverant,
1250 5589 1475 5648 pravum
1507 5585 1628 5627 csse
1664 5567 2043 5626 adverterunt,

535 5753 560 5830 ξ
591 5752 731 5824 f‘sal.
775 5763 968 5809 χχχιιι,

2139 4659 2298 4698 σαντο
2345 4638 2440 4692 τοῦ
2501 4635 2704 4708 κρύψαι
2763 4630 3016 4697 παγίδας.
3071 4645 3088 4676 ι
3143 4622 3429 4695 Τροπικῶς
3469 4619 3556 4673 διὰ
3609 4618 3720 4671 τῶν

2140 4732 2446 4806 ἔμπροσθεν
2495 4728 2621 4789 τοὺς
2676 4725 2774 4795 τῆς
2824 4721 3002 4791 ψυχῆς
3047 4718 3272 4790 ἐχθροὺς
3309 4715 3405 4786 τὴν
3446 4709 3720 4785 ῥομφαίαν

2140 4825 2319 4881 αὐτῶν
2349 4815 2611 4889 ἀκονῆσαι
2651 4815 2745 4868 καὶ
2772 4811 2842 4865 τὰ
2867 4811 2996 4877 τόξα
3029 4809 3257 4862 ἐντεῖναι
3297 4801 3595 4876 προειπὼν,
3624 4817 3721 4852 σας

2149 4918 2406 4989 φέστερον
2426 4909 2514 4965 διά
2529 4909 2636 4962 τῶν
2662 4903 3033 4978 προκειμένων
3056 4901 3140 4962 τίς
3167 4895 3235 4968 ἦν
3258 4899 3291 4967 ἡ
3327 4892 3588 4966 ῥομφαία,
3626 4892 3721 4944 καὶ

2145 5009 2198 5062 τί
2224 5006 2285 5058 τὸ
2317 5001 2468 5073 τόξον
2515 4996 2839 5067 παρίστησιν
2858 4990 3058 5045 εἰπών’
3094 5007 3112 5039 ι
3153 4983 3560 5056 Ἐκραταίωσαν
3593 4983 3719 5033 ἑαυ-

2147 5102 2258 5161 τοῖς
2289 5072 2442 5163 λόγον
2467 5090 2721 5161 πονηρόν.
2766 5106 2784 5139 ι
2810 5086 2885 5139 Ού
2915 5083 3025 5154 γὰρ
3053 5077 3202 5151 παρά
3237 5075 3329 5145 τοῦ
3362 5073 3496 5128 Θεοῦ
3531 5071 3724 5124 λαϐόν-

2147 5209 2237 5256 τες
2273 5189 2451 5257 λόγον,
2513 5182 2626 5237 ἀλλ’
2667 5180 2876 5240 ἑαυτοῖς
2917 5174 3249 5257 πλασάμενοι
3289 5169 3383 5222 καὶ
3420 5164 3723 5223 συνθέντες,

2146 5285 2330 5340 τοῦτον
2387 5277 2704 5350 ὲκράτυναν.
2745 5269 2986 5323 Τοιοῦτοι
3031 5251 3092 5318 δέ
3129 5250 3263 5316 εἰσιν
3301 5261 3349 5313 οἱ
3376 5258 3724 5324 συκοφάνται.

2148 5376 2242 5428 καὶ
2275 5373 2324 5425 οἱ
2352 5366 2639 5441 κρατύνειν
2671 5362 2764 5416 καὶ
2793 5356 3039 5431 βεϐαιοῦν
3068 5352 3394 5424 πειρώμενοι
3417 5349 3483 5411 ἃς
3515 5346 3724 5404 ἑαυτοῖς

2149 5427 2612 5530 ἀνεζωγράφησαν
2658 5453 2753 5506 καὶ
2791 5427 3160 5502 ἀνεπλάσαντο
3193 5437 3550 5510 ψευδοδοξίας.
3594 5427 3724 5486 Εἶτα

2149 5555 2206 5608 δὲ
2233 5525 2322 5606 τόν
2340 5525 2590 5618 πονηρὸν
2643 5543 2798 5611 λόγον
2828 5539 2886 5592 ὃν
2915 5537 3126 5598 ἑαυτοῖς
3149 5532 3455 5606 ἐκράτυναν
3487 5525 3727 5600 ὁρῶντες

997 5744 1051 5800 9.
1128 5741 1149 5774 ⁸
1178 5736 1221 5793 1|
1250 5736 1376 5791 Cor.
1404 5747 1480 5809 χι,
1514 5731 1568 5785 5.
1641 5727 1661 5759 '
1690 5720 1877 5777 Matth.
1907 5687 2066 5780 xviii,
2097 5712 2181 5766 l0.
2255 5708 2275 5738 '
2303 5686 2436 5761 Ibid.
2479 5701 2534 5757 6.
