4024 6210
260 353 354 406 liii
1418 347 1818 406 COMMENTAI

1957 345 2022 400 ΙΝ
2043 346 2188 401 PSA
2197 343 2400 402 LMOS.
3400 346 3507 402 623
3563 403 3568 406 ,

259 467 478 538 σαθρὸν,
521 465 584 517 ού
629 465 833 534 γυμνὸν
865 440 1023 516 αὐτὸν
1053 463 1458 534 προόἀλλονται,
1500 463 1634 518 ἀλλά
1672 481 1818 533 περι-

1933 474 2037 513 non
2067 462 2270 515 nudum
2306 459 2610 530 proferunt,
2647 456 2740 513 sed
2769 459 3342 528 laqueisextrinsecus
3365 463 3508 518 clam

257 559 541 613 ϐάλλουσιν
580 556 776 620 ἔξωθεν
821 557 1032 624 παγίσι,
1057 554 1388 625 κρύπτοντες
1415 555 1503 608 διά
1547 573 1710 608 τινων
1754 572 1818 607 σο

1938 551 2387 620 circumsepiunt,
2426 550 2860 618 sophismatibus
2890 549 3213 619 cavillisque
3243 567 3381 621 quas
3409 568 3507 623 pa-

257 648 543 721 φισμάτων
571 647 664 698 καὶ
709 643 1133 714 παραλογισμῶν
1170 645 1268 713 τὴν
1293 644 1435 698 κατά
1473 643 1583 697 τῶν
1613 644 1818 697 ἐπιϐου-

1937 649 2058 692 rant
2085 641 2220 710 ipsis
2267 642 2495 697 insidias
2536 640 2898 706 occultantes,
2957 641 3032 694 ita
3078 657 3138 697 se
3167 643 3285 711 capi
3319 651 3374 696 et
3409 645 3507 700 dc-

258 738 563 809 λευομένων
594 737 895 806 συσκευὴ-θ’
926 735 1068 791 οὕτω
1100 734 1208 804 γὰρ
1240 733 1469 804 ἄληπτοι
1501 736 1594 788 καὶ
1621 733 1831 804 ἀθήρα-

256 845 341 881 τοι
365 826 587 879 ’ἔσεσθαι
613 825 1072 895 ὑπολαμϐάνουσι.
1097 824 1190 877 Διὸ
1219 843 1236 876 ι
1275 821 1435 877 εἶπαν
1468 845 1485 874 ι
1513 827 1570 877 ἐν
1593 826 1826 892 ἑαυτοῖς·

260 935 282 968 ε
318 917 417 980 Τίς
475 914 664 984 ὄψεται
712 914 947 978 αὑτούς;
997 932 1015 964 ι
1068 915 1184 978 καὶ,
1231 933 1249 966 ι
1297 910 1656 987 ἐξερεύνησαν
1707 914 1832 966 ἀνο-

259 1008 407 1078 μίας.
427 1025 444 1058 ι
467 1006 631 1059 Οὐδὲν
649 1004 758 1076 γάρ
777 1004 1050 1074 ὠφέλιμον
1070 1005 1178 1057 ἀπὸ
1193 1004 1284 1057 τοῦ
1315 1005 1458 1057 θείου
1477 1003 1640 1074 νόμου
1667 1003 1833 1074 ζητή-

255 1115 449 1161 σαντες
469 1092 656 1168 εὗρον·
688 1095 801 1150 ἀλλ’
826 1095 1052 1165 ἀνομίας
1081 1097 1293 1158 ἑαυτοῖς
1321 1097 1642 1165 ἐπενόησαν.
1675 1094 1831 1148 Κατά

251 1189 308 1242 δέ
342 1189 432 1242 τὸν
485 1187 805 1258 Σύμμαχον,
847 1205 865 1238 ι
902 1183 1265 1257 ἐξερεύνησαν
1303 1187 1531 1258 ἀνομίας
1581 1185 1829 1255 σύμπαν-

252 1293 343 1339 τες
365 1292 379 1306 ·
417 1294 435 1327 ι
473 1277 566 1328 καὶ
597 1275 690 1328 ἐπὶ
722 1273 928 1336 τούτοις
962 1273 1132 1326 πολλά
1164 1275 1497 1344 ζητήσαντες
1523 1275 1613 1326 καὶ
1662 1273 1829 1353 μυρία

254 1367 382 1438 παρ’
420 1369 632 1430 ἐαυτοῖς
651 1367 1054 1436 ἐπινοήσαντες,
1085 1365 1248 1437 μηδὲν
1276 1365 1332 1417 δὲ
1346 1364 1543 1434 ἀληθὲς
1563 1365 1655 1416 ἐπ)⁸
1685 1363 1828 1416 τέλει

251 1458 518 1527 εὑρόντες,
538 1456 802 1520 ἐξέλιπον,
836 1456 994 1508 πλέον
1020 1455 1170 1508 οὐδὲν
1196 1455 1310 1508 ἀπὸ.
1329 1455 1426 1524 τῆς
1457 1455 1657 1523 πολλῆς
1681 1454 1830 1526 ἐρεύ-

251 1565 346 1618 νης
367 1547 744 1617 οκτησάμενοι.
793 1546 884 1598 Διὸ
910 1545 1184 1598 λέλεκται’
1234 1564 1252 1596 ι
1303 1545 1578 1610 Ἐξέλιπον
1611 1545 1827 1616 ἐξερευ-

249 1638 449 1700 νῶντες
504 1637 895 1709 ἐξερευνήσεις.
931 1656 947 1687 ι
986 1635 1284 1698 Τοσούτους
1339 1635 1491 1698 τινὰς
1537 1635 1826 1705 διέγραψεν

249 1731 278 1781 ὀ
315 1727 474 1780 Δαυῒδ
501 1729 627 1792 τοὺς
670 1725 1016 1803 ἐχθηροὺςηιαὶ
1048 1725 1355 1794 πολεμίους,
1378 1724 1436 1791 ἐξ
1460 1719 1534 1777 ὧν
1565 1723 1664 1794 τὴν
1693 1726 1822 1776 ἐαυ-

1935 731 2198 800 prehendi
2230 747 2340 786 non
2372 746 2534 802 posse
2572 731 2886 802 opinantur.
2927 731 3110 798 Quare
3140 750 3158 783 ‹
3190 732 3448 788 dixerunt
3484 755 3504 788 ι

1933 823 1988 876 in
2017 824 2213 894 seipsls
2247 844 2259 878 :
2288 843 2306 875 ι
2338 824 2473 890 Quis
2507 823 2713 879 videbit
2744 825 2883 879 eos?
2913 843 2932 875 ι
2971 833 3044 889 ει,
3074 842 3092 874 ι
3127 826 3354 880 scrutati
3379 835 3510 881 sunt

1933 913 2273 983 iniquitates.
2317 933 2334 965 ›
2371 913 2517 967 Nihil
2553 912 2754 982 quippe
2781 913 3036 967 utilitatis
3067 913 3122 967 in
3171 914 3355 968 divina
3390 916 3510 985 lege

1935 1003 2339 1070 perquisierunt
2368 1003 2452 1058 vel
2482 1003 2842 1068 invenerunt;
2901 1003 2998 1057 sed
3031 1003 3348 1072 iniquitates
3399 1005 3507 1060 sibi

1931 1093 2344 1160 excogitarunt;
2373 1094 2508 1157 sive,
2537 1093 2834 1148 secundum
2867 1089 3276 1163 Symmachum,
3306 1113 3324 1144 ι
3353 1109 3510 1149 scru-

1932 1183 2027 1235 tati
2059 1193 2188 1237 sunt
2217 1185 2536 1254 iniquitates
2557 1184 2802 1240 universi
2835 1200 2847 1235 :
2889 1204 2907 1236 »
2945 1200 3009 1239 ac
3051 1195 3177 1238 cum
3221 1185 3335 1240 haec
3359 1187 3505 1240 mul-

1934 1268 2047 1324 tum
2083 1273 2554 1342 perquisivissent,
2588 1282 2642 1330 et
2683 1274 2891 1328 inlinita
2917 1275 3344 1344 excogitasscnt,
3379 1289 3505 1328 cum

1931 1361 2065 1415 nihil
2097 1364 2210 1418 veri
2234 1365 2451 1420 tandem
2474 1365 2798 1435 reperirent,
2830 1364 3169 1431 defecerunt,
3195 1365 3330 1418 nihil
3358 1364 3506 1419 aliud

1930 1465 1998 1504 ex
2031 1460 2179 1507 tanta
2211 1456 2650 1523 perscrutatione
2685 1454 3008 1511 referentes.
3064 1457 3247 1521 Quare
3294 1455 3505 1510 dictum

1930 1549 2050 1596 est:
2085 1561 2103 1592 ι
2136 1542 2463 1600 Defecerunt
2489 1553 2798 1601 scrutantes
2816 1547 3105 1602 scrutinia.
3135 1567 3154 1599 ι
3180 1546 3505 1616 Hujusmodi

1930 1633 2118 1689 hostes
2147 1644 2201 1689 et
2235 1636 2488 1691 inimicos
2517 1635 2811 1707 descripsit
2832 1637 3025 1703 David,
3065 1653 3096 1693 e
3127 1654 3362 1708 quorum
3393 1654 3508 1692 ma.

1929 1726 2091 1781 nibus
2122 1726 2358 1779 animam
2393 1727 2530 1797 eripi
2561 1741 2717 1781 suam
2760 1729 3087 1797 precabatur
3119 1746 3132 1780 :
3167 1736 3327 1784 erant
3355 1730 3506 1784 scili-

250 1816 349 1868 τοῦ
381 1816 556 1886 ψυχὴν
582 1815 842 1892 ρυσθῆναι
897 1813 1116 1885 ηὔχετο,
1165 1815 1608 1885 ὲξερευνητικους
1650 1829 1818 1879 τινας,

1927 1823 2014 1872 εει
2067 1817 2103 1870 ii
2134 1825 2549 1888 perscrutantes
2579 1827 2634 1873 et
2693 1819 3075 1888 perquirentes
3133 1820 3501 1889 iniquitatem.

252 1907 352 1958 καὶ
383 1905 696 1975 ζητητικοὺς
724 1905 970 1975 ἀνομίας.
1005 1907 1069 1959 Oi
1098 1905 1206 1976 γὰρ
1229 1904 1455 1974 τοιοῦτοι
1482 1902 1659 1973 ψυχῆς
1691 1903 1824 1974 ἀλη-

253 1995 366 2058 θῶς
397 1995 462 2048 ἂν
504 1990 608 2047 εῐεν
640 1995 893 2063 φονευταιί
918 2013 931 2025 ·
969 1995 1048 2048 διὸ
1079 1995 1142 2066 δὴ
1181 1995 1414 2066 μάλιστα
1460 1994 1593 2048 Θεὸν
1627 1994 1838 2065 βοηθὸν,

249 2087 344 2138 ἐπὶ
373 2086 478 2138 τῶν
507 2086 762 2142 τοιούτων
793 2087 1125 2148 ἀνεκαλεῖτο,
1186 2088 1310 2149 τοὺς
1345 2085 1636 2156 αἰσθητοὺς
1668 2085 1825 2139 πολε-

252 2175 408 2245 μίους
435 2176 672 2239 καὶτοὺς
690 2179 804 2238 τοῖς
838 2174 1048 2245 σώμασι
1083 2173 1593 2246 παραταττομένους
1616 2173 1702 2224 ἐπ’
1727 2173 1788 2225 ού
1804 2200 1822 2212 ·

246 2265 356 2318 Gavi
387 2265 530 2335 λόγῳ
555 2265 854 2334 τιθέμενος.

323 2371 342 2402 ς
383 2353 808 2424 Προσελεύσεται
837 2353 1121 2425 ἄνθρωπος
1168 2355 1225 2407 ἐν
1258 2355 1453 2426 καρδίᾳ
1489 2356 1699 2426 βαθείᾳ,
1729 2357 1822 2409 καὶ

248 2443 595 2515 ύξιωθήσεται
652 2445 682 2495 ὁ
739 2444 890 2508 Θεός.
922 2445 1084 2509 Βέλος
1117 2447 1346 2514 νηπίων,
1390 2466 1408 2497 ι
1448 2449 1540 2499 καὶ
1569 2447 1639 2500 τά
1671 2447 1818 2516 έξῆς.

247 2537 310 2587 Ol.
342 2536 440 2604 μὲν
464 2535 564 2605 τῆς
599 2535 776 2606 ψυχῆς
802 2536 1066 2606 πολέμιοι,
1101 2537 1280 2604 λόγοις
1311 2541 1564 2609 πονηροῖς
1597 2540 1821 2603 ἑαυτοὺς

247 2625 701 2696 περιφράξαντες,
760 2625 854 2679 καὶ
881 2625 979 2690 τάς
1007 2627 1214 2680 ἑαυτῶν
1241 2627 1614 2704 ἐγκρύψχντες
1653 2629 1819 2697 παγί-

144 2729 156 2737 ’
245 2720 360 2780 δας,
386 2717 616 2787 ἀνομίας
649 2736 707 2771 τε
744 2718 1149 2790 ἐξερευνῶντες,
1202 2721 1295 2773 καὶ
1334 2719 1420 2772 διὰ
1467 2719 1672 2773 τούτων
1720 2720 1822 2783 τὰς

249 2808 452 2861 ἑαυτῶν
479 2809 747 2879 ῥομφαίας
764 2811 1146 2880 ἀκονήσαντες,
1171 2811 1263 2863 καὶ
1285 2814 1402 2873 ταῖς
1415 2810 1624 2864 ἑαυτῶν
1640 2809 1819 2878 γλώσ-

249 2914 367 2960 σαις
381 2897 711 2961 ἐντείναντες
735 2898 883 2962 τόξα,
912 2899 1003 2951 τὸν
1035 2899 1284 2969 ἄμωμον,
1310 2899 1343 2970 ἢ
1365 2900 1455 2952 τὸν
1491 2899 1696 2953 ἁπλοῦν
1723 2903 1819 2954 καὶ

246 2987 498 3058 ἀκέραιον
529 2989 822 3058 περιῄεσαν
848 2987 1154 3059 ζητοῦντες,
1187 2990 1333 3052 ὅπως
1365 2990 1817 3044 ἀνέλωσιναύτοῦ

245 3076 341 3146 τὴν
386 3076 594 3146 ψυχήν⁹
642 3076 755 3130 ἀλλ’
806 3077 1008 3129 ἐκεῖνον
1061 3079 1207 3146 μὲνὸ
1245 3076 1376 3141 Θεὸς
1412 3077 1652 3148 ῥύσεται.
1696 3078 1816 3131 Τῶν

245 3168 350 3237 γάρ
383 3167 597 3236 μικρῶν
630 3169 686 3220 ἐν
727 3171 794 3238 τῇ
839 3167 1134 3239 Ἐκκλησία
1164 3170 1211 3221 οἱ
1254 3167 1474 3236 ἄγγελοι
1504 3168 1592 3221 διὰ
1614 3169 1815 3232 παντὸς
1845 3151 1886 3208 C

243 3258 408 3330 ὁρῶσι
434 3259 496 3310 τὸ
529 3259 815 3329 πρόσωπον
862 3258 956 3311 τοῦ
991 3261 1046 3311 ἐν
1067 3260 1314 3330 οὐρανοῖς
1368 3261 1600 3330 Πατρός.
1645 3261 1818 3330 Προσ-

243 3348 518 3402 ελεύσεται
566 3349 623 3402 δέ
683 3367 770 3412 τις
827 3351 1010 3413 αὐτοῖς
1053 3349 1361 3421 ἄνθρωπος,
1411 3351 1628 3421 ἀληθῶς
1679 3351 1818 3424 ἀνὴρ

242 3438 445 3500 τέλειος
469 3441 563 3492 καὶ
587 3441 766 3510 φορῶν
785 3441 876 3493 τὸν
902 3444 1022 3494 κατ’
1052 3443 1234 3513 είκὸεία
1261 3443 1396 3496 Θεοῦ
1427 3445 1813 3514 πεποιημένον,

244 3530 320 3592 ὃς,
351 3531 408 3582 ἐν
462 3530 658 3601 καρδίᾳ
721 3531 912 3601 βαθείᾳ
947 3533 1351 3602 πεφραγμένος,
1399 3533 1815 3605 ἀκατάπληκτος

244 3623 422 3684 αὸτοῖς
471 3621 863 3692 παρατάξεται,
921 3623 1126 3686 πάντας
1161 3641 1219 3676 τε
1251 3623 1450 3686 αὐτοὺς
1497 3624 1812 3688 καταλύσει,

240 3711 313 3772 ὡς
331 3710 611 3780 ὑψωθῆναι
641 3713 735 3764 καὶ
771 3711 1091 3781 δοξασθῆναι
1117 3713 1183 3765 δι’
1219 3714 1384 3765 αὑτοῦ
1407 3715 1499 3768 τὸν
1529 3715 1690 3781 Θεὸν,
1721 3717 1814 3769 καὶ

243 3801 456 3855 πάντων
477 3803 696 3858 ἐκείνων
710 3801 778 3854 τά
799 3802 924 3872 βέλη
945 3803 1262 3873 ἐλεγχθῆναι
1283 3804 1445 3857 ἀτονα
1469 3805 1561 3858 καὶ
1590 3803 1811 3878 ἀσθενῆ,

238 3892 313 3954 ὡς
340 3892 550 3962 νηπίων
605 3892 914 3964 λογισθῆναι
950 3887 1078 3963 βέλη
1111 3895 1218 3958 τὰς,
1244 3895 1458 3966 πληγὰς
1487 3897 1685 3961 αὐτῶν,
1722 3899 1814 3957 καὶ

238 3982 335 4044 τὰς
368 3981 620 4049 γλώσσας
669 3984 846 4042 αὐτῶν
879 3986 964 4037 ἐπ’
991 3985 1188 4048 αὐτοὺς
1221 3984 1596 4057 ἐξασθενῆσαι.
1624 3988 1813 4045 Tomi]—

236 4086 328 4137 τος
377 4074 486 4145 γάρ
523 4076 667 4128 ἐστιν
695 4078 723 4129 ὁ
757 4076 847 4129 τοῦ
877 4077 1010 4130 Θεοῦ
1057 4076 1360 4146 ἄνθρωπος,
1409 4080 1436 4130 ὁ
1466 4079 1808 4152 παραταττό-

240 4179 398 4232 μενος
425 4166 535 4226 τοῖς
555 4163 936 4234 προλεχθεῖσιν
978 4167 1035 4218 ἐν
1065 4166 1261 4236 καρδία
1290 4165 1506 4238 βαθείᾳ·
1551 4168 1626 4229 ὡς
1662 4167 1812 4237 δέχε-

240 4250 360 4312 σθαι
389 4253 486 4321 μὲν
516 4253 674 4306 αὐτὸν
724 4255 824 4318 τὰς
858 4255 1068 4325 πληγὰς
1103 4257 1194 4309 καὶ
1227 4257 1294 4309 τά
1329 4256 1417 4316 διὰ
1461 4257 1810 4327 σοερισμάτων

236 4343 387 4413 βέλη,
421 4345 585 4414 γελᾷν
628 4345 683 4400 δέ
717 4347 853 4403 αύτά
884 4349 975 4399 καὶ
1003 4348 1062 4400 τὸ
1099 4349 1262 4418 μηδὲν
1295 4349 1564 4420 ἡγεῖσθαι,
1596 4349 1672 4412 ὡς
1703 4349 1810 4402 ὑπὸ

232 4435 438 4504 νηπίων
466 4436 666 4490 ἀτόνων
697 4440 815 4490 κατ’
836 4437 1000 4490 αὐτοῦ
1032 4440 1378 4508 πεμπόμενα.
1415 4438 1542 4492 Εἶτα
1571 4439 1665 4492 καὶ
1689 4441 1808 4494 ἐπι-
1839 4475 1882 4528 D

230 4526 490 4596 λυόμενος
539 4527 717 4580 αὐτῶν
747 4528 813 4581 τὰ
866 4529 1189 4598 σοφίσματα,
1224 4530 1321 4594 τὰς
1357 4529 1606 4598 γλώσσας
1628 4524 1806 4583 αὐτῶν

231 4619 326 4672 καὶ
366 4620 493 4680 τοὺς
531 4617 720 4685 λόγους
752 4619 1166 4682 ἐξασθενοῦντας
1220 4620 1448 4688 ἐλέγξει.
1505 4620 1704 4674 Βαθεία
1751 4621 1807 4677 δέ

228 4708 429 4776 καρδία
489 4709 521 4777 ἡ
571 4709 643 4779 μὴ
692 4707 749 4774 ἐξ
808 4709 1070 4780 ἐπιπολῆς
1112 4709 1309 4786 ἔχουσα
1369 4710 1438 4764 τά
1482 4710 1804 4781 μαθήματα,

229 4798 364 4868 μηδὲ
398 4800 455 4850 ἐν
488 4797 565 4867 τῷ
591 4799 907 4871 προφορικῷ
927 4800 1069 4869 λόγῳ
1101 4801 1492 4872 σεμνυνομὲνη,
1520 4801 1634 4854 ἀλλ’
1657 4801 1804 4856 ἔνδον

224 4888 286 4940 ἐν
314 4888 450 4956 αὐτῇ
486 4889 612 4950 τοὺς
640 4889 737 4958 τῆς
766 4889 1000 4952 πίστεως
1049 4889 1329 4960 θεμελίους
1379 4892 1800 4964 ἐρῤιζωμένους,

236 4976 572 5042 ’Δκολούθως
586 4979 760 5032 τοίνυν
772 4980 1022 5048 λογικούς
1041 4997 1189 5043 τινας
1199 4982 1503 5051 πολεμίους
1519 4982 1616 5058 τὴν
1632 4982 1804 5054 γλῶτ-

223 5083 326 5120 ταν
368 5068 759 5136 ἀκονήσαντας,
782 5071 875 5122 καὶ
916 5071 1044 5136 τόξα
1063 5073 1176 5134 τοῖς
1210 5071 1445 5141 χείλεσιν
1469 5072 1803 5135 ἐντείνοντας

223 5159 695 5228 ὑποστησάμενος,
753 5161 1056 5222 ἀντιτάττει
1107 5162 1290 5224 αὐτοῖς
1335 5160 1620 5234 ἄνθρωπον
1666 5160 1801 5214 Θεοῦ

221 5250 455 5320 καρδίαν
519 5249 737 5318 βαθεῖαν
793 5252 1158 5321 κεκτημένον
1223 5252 1318 5324 καὶ
1361 5251 1452 5306 τὸν
1513 5251 1612 5321 μὲν
1669 5251 1801 5305 Θεὸν

217 5340 528 5394 διάτούτου
553 5337 930 5412 δοξαζόμενον,
976 5343 1216 5411 ἐκείνους
1251 5341 1307 5399 δὲ
1337 5341 1683 5416 ἡττωμένους
1706 5343 1801 5401 καὶ

218 5433 357 5504 ἀσχη
366 5430 665 5503 μενοῦντας
675 5471 690 5486 .

289 5565 309 5596 ε
358 5545 778 5615 Ἐταράχθησαν
818 5545 1014 5608 πάντες
1034 5547 1083 5599 οί
1109 5545 1437 5617 θεωροῦντες
1465 5547 1679 5609 αὐτοὺς,
1707 5547 1800 5599 καὶ

212 5635 463 5707 ἐφοϐήθη
493 5637 603 5698 πᾶς
639 5635 941 5706 ἄνθρωπος.
975 5655 993 5688 ι
1031 5635 1346 5690 Ἀκόλουθον
1378 5633 1466 5707 ἧν,
1494 5635 1604 5694 τῶν
1640 5636 1801 5707 δοκή-

213 5745 299 5786 σει
336 5727 520 5797 σοφῶν
551 5726 970 5798 ἀνατραπέντων
1007 5727 1099 5780 καὶ
1147 5727 1254 5780 τῶν
1297 5726 1394 5796 τῆς
1419 5725 1598 5800 ψυχῆς
1637 5723 1795 5784 πολε-

1931 1903 2065 1959 Nam
2097 1906 2190 1975 qui
2219 1905 2356 1960 tales
2407 1915 2558 1970 sunt,
2596 1921 2723 1960 vere
2765 1905 2960 1961 anima:
2991 1905 3370 1961 interfectores
3402 1906 3504 1960 ha.-

1929 1997 2164 2051 beantur
2194 2014 2207 2048 :
2243 2013 2414 2068 quare
2438 1997 2608 2052 Deum
2639 2004 2833 2051 contra
2856 1996 3172 2066 hujusmodi
3195 1996 3384 2053 hostes
3405 1997 3506 2052 ad-

1923 2087 2162 2156 iutorem
2186 2089 2513 2154 invocabat;
2540 2104 2665 2143 cum
2691 2083 2925 2144 sensiles
2945 2088 3219 2153 inimicos,
3251 2089 3347 2158 qui
3370 2102 3504 2143 con-

1929 2187 2012 2232 tra
2041 2193 2272 2250 corpora
2308 2181 2479 2234 aciem
2493 2180 2798 2246 instruant,
2826 2179 2982 2234 nihili
3014 2178 3239 2234 faceret.

1997 2356 2166 2413 Vens.
2185 2357 2241 2419 8,
2265 2358 2317 2412 9.
2331 2376 2348 2408 ι
2370 2356 2606 2412 Accedet
2623 2357 2791 2412 homo
2814 2357 2868 2410 in
2886 2356 3050 2412 corde
3067 2356 3266 2419 alto,et
3292 2351 3503 2409 exalta-

1925 2450 2073 2504 bitur
2087 2448 2248 2504 Deus.
2274 2446 2494 2518 Sagittae
2506 2449 2876 2516 parvulorum,
2903 2467 2920 2498 ι
2939 2445 3502 2515 etc.lnimiciquidem

1925 2541 2121 2594 anima:
2163 2540 2346 2595 verbis
2392 2553 2514 2594 sese
2543 2539 2794 2608 malignis
2836 2537 3384 2599 circummunientes,
3418 2538 3503 2592 la-

1925 2649 2098 2704 queos
2126 2648 2258 2689 suos
2308 2631 2674 2694 occultantes,
2710 2631 3030 2699 iniquitates
3060 2635 3500 2698 perscrutantes.

1924 2727 2102 2796 iisque
2124 2725 2336 2795 gladios
2377 2737 2509 2777 suos
2542 2731 2894 2787 exacuenles,
2930 2720 3238 2789 linguisque
3267 2718 3384 2773 suis
3416 2717 3504 2772 in-

1923 2816 2210 2871 tendentes
2245 2829 2430 2876 arcus,
2461 2813 2894 2874 immaculatum,
2928 2811 3234 2880 simplicem
3253 2816 3308 2864 et
3337 2809 3501 2864 inno-

1923 2914 2135 2961 centem
2168 2905 2531 2976 undequaque
2584 2903 2999 2976 perquirebant,
3032 2909 3090 2956 ut
3111 2901 3232 2971 ejus
3259 2900 3499 2954 animam

1923 2996 2317 3052 interﬁcerent.
2349 2996 2416 3049 At
2440 2998 2590 3050 illum
2623 2995 2768 3050 Deus
2792 2996 3021 3064 eripiet;
3055 2993 3233 3064 angeli
3263 3005 3500 3062 namque

1924 3088 2247 3156 pusillorum
2283 3089 2336 3142 in
2373 3087 2618 3143 Ecclesia
2674 3100 2890 3156 semper
2919 3086 3106 3140 vident
3153 3084 3348 3139 faciem
3396 3082 3503 3137 Pa-

1923 3179 2023 3233 tris
2056 3179 2151 3248 qui
2180 3180 2240 3234 ἱηΔ
2259 3180 2414 3234 caelis
2446 3188 2551 3236 est.
2571 3179 3002 3236 Accedetautem
3031 3178 3194 3233 homo
3224 3176 3501 3247 quispiam

1924 3269 1992 3322 ad
2025 3285 2141 3336 eos,
2175 3271 2259 3323 vir
2289 3285 2410 3326 vere
2459 3269 2756 3340 perfectus,
2788 3284 3024 3340 eumque
3079 3267 3262 3325 ferens
3289 3269 3382 3340 qui
3430 3267 3502 3330 ad

1923 3361 2213 3432 imaginem
2248 3361 2339 3416 Dei
2373 3362 2550 3420 factus
2581 3376 2687 3428 est,
2716 3366 2807 3434 qui
2862 3364 2972 3418 alto
3001 3363 3168 3417 corde
3228 3363 3499 3425 munitus.

1923 3454 2325 3523 imperterritus
2362 3465 2554 3514 contra
2577 3472 2674 3512 eos
2729 3458 2900 3512 aciem
2945 3457 3201 3517 instruet,
3237 3455 3500 3526 ipsosque

1921 3557 2114 3599 omnes
2145 3543 2456 3615 dissipabit,
2485 3547 2556 3598 ita
2589 3553 2648 3601 ut
2698 3546 2818 3612 ejus
2843 3558 3005 3613 opera
3051 3540 3194 3600 Deus
3228 3541 3497 3602 exaltetur-

1918 3639 1974 3686 et
2007 3633 2180 3702 gloria
2211 3632 2499 3697 aﬂiciatur,
2534 3649 2835 3704 eorumque
2879 3633 3124 3687 omnium
3165 3632 3379 3702 sagittae
3410 3632 3496 3686 ina

1918 3720 2090 3774 ﬁrmae
2136 3722 2455 3791 debilesque
2506 3722 2954 3796 comprobentur,
2988 3736 3053 3776 ac
3107 3721 3276 3791 plaga:
3303 3735 3494 3778 eorum

1917 3826 2019 3881 pro
2043 3811 2259 3882 sagittis
2285 3813 2639 3882 parvulorum
2696 3820 3042 3882 reputentur,
3069 3820 3123 3868 et
3181 3798 3379 3880 linguae
3406 3825 3495 3866 eo-

1917 3919 2040 3957 rum
2075 3904 2131 3960 in
2156 3903 2290 3974 ipsis
2313 3904 2678 3965 inlirmentur,
2726 3903 3050 3975 llnjusmodi
3103 3902 3248 3956 enim
3279 3902 3368 3955 ille
3397 3901 3517 3954 ho—-

1916 4012 2005 4050 mo
2037 3995 2126 4050 Dei
2153 4006 2258 4058 est,
2289 3995 2382 4064 qui
2405 3994 2570 4051 corde
2627 3995 2739 4048 alto
2772 4003 2965 4050 contra
3017 4003 3352 4050 memoratos
3398 3992 3494 4048 ho-

1914 4089 2090 4142 mines
2136 4087 2309 4141 aciem
2361 4073 2604 4149 instruit,
2641 4095 2698 4138 ut
2722 4086 2910 4156 plagas
2973 4087 3112 4155 ipse.
3145 4093 3200 4139 et
3259 4085 3491 4155 sagittas

1914 4178 2346 4247 sopbismatibus
2374 4187 2594 4247 paratas
2617 4179 2886 4248 excipiat;
2948 4179 3224 4248 ipsasque,
3251 4185 3437 4248 utpote
3459 4192 3492 4234 ιι

1913 4267 2154 4338 parleis
2183 4271 2418 4326 infirmis
2441 4272 2696 4332 emissas,
2727 4271 2953 4326 irrideat
2976 4285 3039 4322 ac
3071 4286 3168 4340 pro
3190 4270 3361 4323 nihilo
3384 4269 3486 4320 ha-

1912 4359 2057 4413 beat.
2088 4359 2204 4416 Sub
2234 4360 2349 4415 haec
2372 4371 2660 4430 postquam
2695 4375 2884 4414 eorum
2938 4359 3275 4426 snphismata
3306 4358 3491 4413 solven

1912 4450 2002 4510 rit,
2027 4449 2243 4519 linguas
2269 4459 2323 4504 et
2348 4465 2632 4506 sermones
2662 4465 2850 4503 eorum
2895 4448 3141 4504 infirmos
3163 4444 3490 4518 comproban

1912 4539 2012 4594 bit.
2039 4539 2147 4594 Cor
2181 4547 2360 4594 autem
2415 4541 2584 4594 altum
2632 4547 2736 4602 est,
2797 4538 2942 4608 quod
2998 4539 3318 4607 disciplinas
3374 4555 3487 4594 non

1908 4630 2087 4699 quoad
2120 4629 2461 4700 superﬁciem
2486 4637 2697 4684 tantum
2740 4630 2967 4691 obtinet,
3003 4644 3178 4698 neque
3226 4631 3279 4683 in
3311 4631 3488 4701 prola-i

1909 4720 2030 4773 titio
2056 4734 2310 4774 sermone
2340 4719 2647 4787 gloriatur;
2697 4718 2788 4774 sed
2820 4719 2966 4788 quod
3021 4718 3167 4772 intus
3196 4719 3318 4773 ﬁdei
3355 4719 3484 4782 fuit.

1908 4809 2165 4864 damenta
2199 4809 2442 4864 radicata
2473 4810 2656 4865 habet.
2692 4809 3106 4880 Conscquenter
3138 4810 3305 4879 igitur
3327 4821 3481 4884 post.

1908 4917 2070 4970 quam
2104 4902 2460 4959 rationabiles
2489 4901 2756 4970 quosdam
2804 4902 3060 4956 inimicos
3092 4902 3331 4972 linguam
3355 4918 3484 4984 εδει-η

1907 5001 2152 5056 cuentes,
2180 4993 2406 5047 etlabiis
2425 4993 2532 5046 tela
2552 4993 2831 5047 vibrantes
2862 4992 3173 5055 induxerat,
3205 4992 3479 5054 hominem

1907 5083 2001 5139 Dei
2035 5085 2147 5140 alto
2179 5087 2345 5139 corde
2377 5085 2703 5140 instructum
2741 5085 2878 5156 ipsis
2904 5087 3168 5156 opponit,
3200 5085 3480 5157 Deumque

1904 5174 2024 5240 ejus
2045 5189 2213 5248 opera
2237 5173 2410 5243 gloria
2459 5173 2820 5240 celebratum,
2862 5176 3095 5248 illosque
3144 5176 3387 5248 abjectos
3414 5190 3479 5230 ac

1905 5265 2137 5333 turpiter
2163 5271 2382 5334 agentes
2407 5262 2580 5322 ell'ert.

1988 5539 2140 5596 v’ens.
2171 5539 2258 5593 10.
2303 5556 2322 5590 ‹
2357 5537 2679 5594 Conturbati
2704 5551 2832 5595 sunt
2865 5556 3054 5595 omnes
3086 5538 3178 5608 qui
3216 5535 3474 5597 videbant,

1901 5651 2016 5700 eos,
2052 5643 2106 5689 et
2135 5633 2316 5687 timuit
2357 5635 2540 5689 omnis
2585 5635 2771 5690 homo.
2805 5655 2822 5686 ι
2857 5633 3298 5688 Consentaneum
3327 5638 3472 5696 erat,

1901 5724 2106 5781 eversis
2157 5723 2224 5778 iis
2269 5723 2362 5796 qui
2410 5724 2514 5778 sibi
2563 5725 2839 5796 sapientes
2890 5723 3235 5787 videbantur.
3280 5718 3465 5786 inimi.
