4024 6210
499 311 604 364 69.5

1183 311 1453 367 EUSEBll
1491 307 1973 367 CESARIENSIS
2011 307 2160 364 OPP.
2203 309 2384 367 PARS
2418 313 2506 370 Ill.
2548 346 2616 356 —
2653 317 3058 374 EXEGETICA.

3665 324 3768 381 636

501 425 689 496 eisque
711 423 909 480 anima
927 424 996 481 ab
1030 425 1252 484 homine
1279 425 1376 482 Dei
1409 426 1734 491 confutatis,
1765 441 1862 482 eos
1893 426 1986 496 qui
2019 425 2072 478 in

2179 425 2318 496 μίων
2361 429 2806 502 ἀπελεγχθέντων
2867 430 2972 485 ὑπὸ
3023 431 3119 486 τοῦ
3161 431 3448 506 ἀνθρώπου
3481 434 3576 489 τοῦ
3609 438 3769 494 Θεοῦο

501 515 768 586 sapientia
795 514 963 585 hujus
984 517 1169 574 saculi
1206 532 1314 572 non
1345 518 1420 572 ita
1444 517 1730 589 conspicui
1759 525 1917 572 erant
1945 531 2080 572 con-

501 607 732 661 turbari.
770 605 906 660 Nam
961 622 1087 662 cum
1145 608 1220 663 illi
1247 625 1472 679 quoque
1505 609 1559 663 in
1606 623 1839 663 numero
1888 622 2077 663 eorum

499 695 590 764 qui
650 695 780 750 victi
819 695 1036 752 fuerant
1086 707 1558 768 computarentur,
1609 709 1663 754 et
1722 699 1826 769 ipsi
1861 715 2081 770 quoque

499 786 642 841 athei
677 797 730 841 et
761 787 912 858 impii
942 797 1164 855 essent;
1198 799 1456 845 caeterum
1488 798 1676 860 utpote
1707 792 1911 846 malitia
1942 791 2080 861 ipsis

500 878 737 948 impares
772 918 787 942 ,
860 878 1116 936 fortiores
1175 881 1373 950 scipsis
1437 880 1682 937 devictos
1741 890 2030 937 cernentes
2061 921 2078 944 .

498 971 920 1026 conturbantur.
994 970 1174 1036 Quare
1241 972 1448 1026 dictum
1489 980 1572 1026 est
1623 991 1634 1025 :
1685 990 1702 1023 ι
1755 972 2124 1028 ϐοηιυτὺειὶ.

501 1068 628 1116 sunt
682 1077 875 1117 omnes
927 1062 1018 1131 qui
1083 1061 1340 1116 videbant
1385 1077 1504 1117 eos.
1547 1081 1565 1114 ι
1620 1063 1688 1115 At
1743 1063 1836 1118 Dei
1892 1063 2076 1128 homo,

498 1160 552 1206 et
605 1167 797 1207 omnes
856 1151 978 1220 ejus
1029 1153 1213 1216 amici,
1273 1152 1364 1221 qui
1411 1166 1512 1221 per
1561 1168 1732 1206 unum
1788 1153 2078 1218 victoriam

499 1243 564 1298 de
585 1243 825 1298 inimicis
853 1243 1181 1310 retulerunt,
1211 1243 1378 1300 Deum
1399 1252 1531 1299 tunc
1556 1245 1730 1315 magis
1755 1245 2076 1308 timuerunt,

506 1352 522 1383 ι
562 1342 616 1389 et
649 1334 1116 1388 annuntiat-erunt
1147 1349 1314 1404 opera
1348 1336 1464 1401 Dei,
1496 1355 1515 1388 ι
1552 1344 1607 1391 et
1653 1335 2077 1405 iustiﬁcationes

499 1423 618 1493 ejus
648 1424 1055 1478 intellexerunt.
1083 1421 1315 1480 Etiamsi
1339 1427 1489 1480 enim
1512 1427 1678 1480 homo
1703 1425 1999 1492 videretur,
2023 1431 2078 1480 et

500 1515 608 1570 alto
635 1513 801 1570 corde
824 1522 1115 1586 putaretur
1137 1515 1394 1572 inimicos
1415 1517 1754 1582 debellasse;
1785 1530 1815 1569 a
1837 1515 2079 1587 prudeno

501 1605 646 1660 tibus
673 1614 856 1660 tamen
902 1613 960 1659 ut
990 1605 1135 1661 Deus
1185 1614 1382 1661 auctor
1410 1606 1653 1660 victoria
1705 1606 2078 1676 cognosceba-

499 1704 608 1750 tur.
644 1695 826 1762 Quare
853 1697 892 1751 ii
923 1712 1089 1767 Opera
1126 1696 1220 1752 Dei
1260 1697 1687 1763 aununtiabant,
1731 1708 1784 1752 et
1814 1697 2076 1768 praclara

2180 513 2306 576 τοὺς
2360 514 2435 585 μὴ
2485 517 2628 570 οὕτω
2655 519 2864 582 δεινοὺς
2905 521 2985 590 ἐν,
3011 519 3174 592 σοφίᾳ
3217 521 3312 574 τοῦ
3351 524 3548 588 αἰῶνος
3581 525 3770 583 τούτου

2180 607 2560 678 ταράττεσθαι.
2599 611 2710 680 Τῆς
2739 611 2850 682 γὰρ
2874 611 3090 682 μερίδος
3110 612 3262 676 ὄντες
3290 613 3398 667 τῶν
3416 615 3770 687 ἡττωμένων,

2175 696 2328 750 ἄθεοι
2360 698 2452 751 καὶ
2474 698 2628 751 αὐτοὶ
2649 699 2742 752 καὶ
2763 699 3042 764 δυσσεϐεῖς
3066 717 3079 730 ο
3124 701 3264 772 πλὴν
3293 703 3370 766 ὡς
3390 703 3450 756 ἐν
3477 706 3650 778 κακίᾳ
3672 707 3773 778 τῆς

2179 789 2404 842 ἐκείνων
2439 789 2743 861 δεινότητος
2783 791 3058 855 ἐλάττους,
3100 792 3338 862 ὁρῶντες
3383 798 3771 866 νενικημένους

2178 879 2304 943 τοὺς
2362 880 2571 933 ἐαυτῶν
2617 881 2874 951 βελτίους,
2911 883 3292 954 ταράττονται.
3341 886 3433 938 Διὸ
3477 887 3765 943 λέλεκται“

2183 989 2202 1021 ‹
2254 970 2661 1044 Ἐταράχθησαν
2692 973 2892 1037 πάντες
2920 976 2969 1028 oi
2998 974 3330 1046 θεωροῦντες
3376 977 3600 1042 αὐτούς.
3650 998 3670 1031 ι
3701 982 3767 1034 Ὅ

2178 1077 2240 1129 γε
2277 1062 2382 1132 μὴν
2411 1062 2505 1115 τοῦ
2533 1062 2670 1116 Θεοῦ
2711 1063 2997 1135 ἄνθρωπος
3039 1066 3133 1119 καὶ
3167 1067 3368 1130 πάντες
3403 1071 3452 1122 oi
3485 1071 3666 1141 τούτῳ
3691 1073 3768 1141 φί-

2179 1149 2278 1212 λοι,
2319 1150 2408 1204 διὰ
2428 1151 2523 1204 τοῦ
2553 1151 2673 1215 ἐνὸς
2711 1152 2780 1204 τά
2825 1155 2944 1206 κατ’
2973 1153 3184 1224 ἐχθρῶν
3215 1155 3443 1227 βραδεῖα
3472 1158 3764 1229 ἀράμενοι.

2183 1241 2443 1310 μειζόνως
2471 1241 2562 1294 τὸν
2589 1242 2722 1296 Θεὸν
2757 1243 3122 1315 ἐφοϐήθησαν,
3156 1264 3173 1295 ι
3203 1247 3297 1298 καὶ
3338 1247 3672 1318 άνήγγειλαν
3702 1251 3768 1304 τά

2178 1328 2315 1399 ἔργα
2339 1328 2432 1382 τοῦ
2463 1329 2622 1395 Θεοῦ,
2662 1350 2678 1382 ι
2705 1331 2798 1384 καὶ
2828 1332 2896 1385 τὰ
2927 1331 3274 1404 δικαιώματα
3309 1332 3474 1388 αὑτοῦ
3503 1337 3764 1406 συνῆκαν.

2179 1420 2242 1472 Et
2272 1420 2380 1491 γὰρ
2411 1421 2506 1473 καὶ
2531 1421 2598 1474 τά
2621 1420 2857 1492 μάλιστα
2889 1423 3175 1495 ἄνθρωπος
3202 1425 3398 1490 ἐδόκει,
3439 1429 3535 1480 καὶ
3569 1430 3769 1501 καρδία

2181 1510 2372 1582 βαθείᾳ
2419 1513 2516 1584 τὴν
2560 1513 2668 1567 τῶν
2712 1513 2985 1584 πολεμίων
3032 1515 3346 1588 ἀνατροπὴν
3398 1519 3765 1589 πεποιῆσθαι,

2179 1603 2315 1656 ἀλλὰ
2365 1607 2480 1668 τοῖς
2525 1609 2767 1669 ουνετοίς
2823 1607 3170 1676 ἐγνωρίζετο,
3208 1609 3466 1669 αὑτὸέῶν
3503 1613 3532 1663 6
3574 1611 3707 1676 Θεὸς
3739 1615 3769 1665 6

2178 1694 2278 1765 τῆς
2304 1695 2458 1766 νίκης
2492 1697 2680 1762 αἴτιος.
2715 1699 2808 1751 Διὸ
2845 1699 2914 1750 τὰ
2938 1698 3072 1770 ἔργα
3089 1699 3190 1764 τοῦ
3225 1699 3362 1753 Θεοῦ
3397 1703 3765 1773 ἀπήγγελλον,

498 1788 618 1857 ejus
638 1789 693 1843 in
728 1789 1008 1844 hominum
1041 1789 1273 1859 gratiam
1327 1798 1484 1859 gesta
1537 1788 1781 1843 facinora
1827 1789 2074 1844 celebra-

2177 1785 2468 1855 ὐμνοῦντες
2521 1788 2687 1842 αὑτοῦ
2751 1789 2818 1842 τά
2871 1788 2936 1841 δι’
2980 1789 3283 1861 ἀνθρώπων
3339 1793 3764 1865 κατορθώματα.

498 1880 651 1935 bant.
693 1876 758 1932 Hi
788 1879 995 1948 itaque,
1031 1886 1090 1932 ut
1118 1885 1477 1948 spectatores,
1505 1879 1573 1937 de
1619 1879 1848 1934 victoria
1878 1879 2075 1934 trium-

500 1969 745 2039 phatoris
778 1967 944 2022 Deum
975 1968 1230 2023 laudibus
1259 1968 1576 2024 efferebant.
1607 1968 1726 2038 Ipse
1755 1977 1939 2024 autem
1989 1970 2076 2024 vi-

499 2067 618 2113 etor
658 2078 676 2108 ι
707 2057 980 2112 latabitur
1015 2058 1070 2112 in
1121 2057 1378 2126 Domino,
1426 2069 1481 2116 et
1526 2061 1770 2130 sperabit
1818 2060 1874 2114 in
1927 2075 2012 2116 eo.
2049 2079 2068 2112 ι

499 2145 684 2216 Neque
712 2148 856 2202 enim
894 2147 962 2202 de
999 2148 1184 2218 seipso
1215 2165 1474 2220 magnum
1525 2151 1746 2216 sentiet,
1799 2166 1977 2221 neque
2008 2151 2077 2208 de

499 2235 730 2288 victoria
757 2235 1014 2291 afferetur
1037 2275 1053 2300 ,
1103 2239 1198 2292 sed
1233 2239 1420 2293 divino
1451 2240 1650 2310 gaudio
1677 2249 1733 2296 et
1756 2241 1942 2295 latitia
1990 2257 2077 2296 re-

500 2327 755 2396 plebitur,
803 2335 992 2396 utpote
1041 2329 1136 2398 qui
1163 2330 1392 2385 victoris
1425 2329 1517 2386 Dei
1576 2329 1827 2386 minister
1885 2330 2072 2386 fuerit.

501 2417 614 2471 Hoc
646 2433 810 2487 porro
834 2419 1071 2482 latante,
1105 2435 1298 2476 omnes
1319 2421 1456 2476 recti
1488 2421 1655 2476 corde
1679 2422 2074 2488 laudabuntur,

499 2511 603 2580 ipsi
636 2525 854 2580 quoque
879 2510 1043 2566 unius
1073 2525 1238 2581 opera
1268 2527 1370 2568 ceu
1402 2511 1639 2568 victores
1687 2512 1888 2568 eﬂ'ecti.
1938 2513 2074 2568 Nam

499 2612 644 2656 totus
698 2601 834 2658 ordo
892 2609 1179 2671 totumque
1244 2618 1448 2673 corpus
1499 2613 1818 2659 sanctorum
1861 2605 2076 2660 laudern

497 2700 884 2762 consequetur,
933 2694 1083 2762 quia,
1127 2693 1432 2748 secundum
1462 2691 1520 2749 S.
1557 2695 1904 2764 Apostolum,
1967 2711 2077 2751 uno

499 2784 742 2839 membro
763 2784 990 2854 gloriam
1015 2782 1304 2849 referente,
1333 2778 1521 2839 omnia
1544 2785 1788 2840 membra
1812 2786 1866 2840 in
1889 2785 2078 2857 gloria

501 2884 710 2945 partem
744 2875 991 2930 veniunt.

533 2985 602 3038 IN
643 2983 875 3050 FINEM,
917 2983 1241 3040 PSALMUS
1277 2984 1556 3041 CANTICI
1599 2985 1808 3054 DAYID
1849 2987 2034 3043 LXIV.

2176 1867 2335 1928 Οὗτοι
2367 1876 2465 1946 μὲν
2491 1872 2605 1940 οὖν,
2651 1877 2842 1947 ὥσπερ
2895 1877 3103 1942 θεαταὶ,
3134 1878 3224 1931 τὸν
3270 1877 3404 1932 Θεὸν
3448 1878 3768 1946 δοξάζοντες

2175 1964 2269 2018 ἐπὶ
2319 1969 2382 2037 τῇ
2433 1966 2558 2040 νίκῃ
2602 1967 2696 2021 τοῦ
2722 1968 3068 2039 νενικηκότος
3107 1969 3395 2024 διετέλουν.
3437 1971 3612 2036 Αὐτὸς
3651 1972 3709 2024 δὲ
3740 1975 3769 2026 6

2175 2056 2400 2128 νικητὴς
2434 2075 2464 2108 t-
2491 2057 2920 2130 εὐφρανθήσεται
2973 2060 3067 2112 ἐπὶ
3101 2059 3178 2130 τῷ
3213 2061 3425 2132 Κυρίῳ,
3456 2064 3550 2122 καὶ
3592 2063 3770 2116 ἐλπιεῖ

2177 2148 2263 2199 ἐπ’
2298 2147 2479 2201 αὐτόν.
2516 2167 2535 2200 ι
2564 2150 2643 2202 Οὐ
2692 2149 2808 2220 γάρ⁴
2833 2151 2916 2218 ἐφ’
2948 2150 3125 2221 ἐαυτῷ
3157 2151 3298 2221 μέγα
3333 2155 3618 2223 φρονήσει,
3657 2154 3764 2206 οὐδ’

2175 2237 2269 2288 ἐπὶ
2292 2241 2362 2308 τῇ
2389 2238 2514 2310 νίκῃ
2543 2238 2912 2309 ἐπαρθήσεται
2937 2255 2950 2266 '
2982 2242 3155 2310 χαρᾶς
3188 2240 3244 2294 δὲ
3275 2241 3424 2304 θείας
3454 2243 3550 2294 καὶ
3571 2243 3768 2314 εὐφρο-

2178 2327 2344 2398 σύνης
2391 2329 2830 2400 πληρωθήσεται,
2861 2330 2936 2394 ὡς
2967 2332 3234 2401 ὑπουργὸς
3269 2335 3364 2387 καὶ
3391 2333 3640 2397 διάκονος
3672 2333 3764 2386 τοῦ

2177 2415 2452 2470 νικοποιοῦ
2507 2416 2644 2470 Θεοῦ
2675 2417 2935 2485 γεγονώς.
2983 2419 3186 2472 Τούτου
3221 2419 3278 2473 δὲ
3308 2421 3764 2491 εῦφραινομένου.

2179 2508 2375 2570 πάντες
2406 2510 2453 2560 oi
2493 2508 2672 2571 εὐθεϊς
2703 2511 2768 2579 τῇ
2804 2509 3002 2580 καρδίᾳ
3037 2511 3509 2583 ἐπαινεθήσονται,
3540 2512 3632 2565 διὰ
3669 2511 3762 2564 τοῦ

2177 2598 2295 2662 ἐνὸς
2328 2599 2422 2652 καὶ
2459 2599 2610 2653 αὐτοὶ
2639 2599 2827 2671 ὥσπερ
2878 2602 3090 2671 νιικηταῑ⁸
3125 2597 3555 2672 ἀποδειχθέντες.
3604 2603 3763 2656 Ὅλον

2176 2689 2288 2758 γὰρ
2307 2689 2368 2742 τὸ
2397 2691 2582 2761 τάγμα
2611 2693 2703 2744 καὶ⁸
2731 2691 2792 2744 τὸ
2833 2691 2993 2761 σῶμα
3045 2691 3153 2745 τῶν
3180 2693 3349 2761 άγίων
3383 2694 3610 2747 ἐπαίνου
3634 2694 3760 2747 τεύ-

2179 2775 2329 2842 ξεται
2353 2795 2368 2808 ο
2403 2779 2612 2850 ἐπειδὴ,
2660 2781 3020 2851 δοξαζομένου
3084 2779 3276 2853 μέλους
3318 2784 3456 2847 ἐνὸς,
3507 2769 3762 2848 συνδοξά·

2179 2868 2330 2932 ζεται
2370 2871 2546 2924 πάντα
2577 2871 2643 2924 τά
2679 2872 2838 2942 μέλη,
2871 2874 3011 2926 κατὰ
3044 2874 3136 2927 τὸν
3172 2875 3312 2946 ἱερὸν
3348 2876 3688 2930 Ἀπόστολον.

2178 2978 2286 3036 ΕΙΣ
2313 2982 2401 3042 ΤΟ
2435 2981 2682 3065 ΤΕΛΟξ,
2720 2983 3010 3037 ΨΑΛΜΟΣ
3043 2984 3131 3054 Τῼ
3157 2986 3358 3038 ΔΑΥΙΔ
3409 2987 3609 3056 ῼΔΗΣ.
3645 2987 3756 3050 ΞΔἏ

571 3094 738 3149 Vens.
775 3095 832 3160 2,
855 3097 911 3151 3.
945 3115 963 3147 ι
993 3095 1071 3151 Te
1112 3096 1270 3153 decet
1298 3097 1554 3167 hymnus,
1606 3098 1770 3162 Deus,
1805 3101 1860 3154 in
1913 3098 2070 3166 Sion,

2252 3117 2271 3148 ‹
2310 3098 2402 3150 Σοὶ
2436 3098 2634 3167 πρέπει
2664 3096 2852 3166 ῦμνος,
2881 3098 2908 3150 ό
2940 3095 3092 3163 Θεὸς,
3119 3099 3176 3151 ἐν
3202 3098 3361 3164 Σιὼν,
3388 3101 3484 3153 καὶ
3520 3103 3606 3154 σοὶ
3627 3103 3757 3157 άποει

499 3187 679 3242 ct'tibi
713 3187 970 3243 reddetur
994 3197 1178 3243 votum
1209 3189 1264 3243 in
1295 3187 1618 3246 Jerusalem.
1668 3209 1686 3242 ι
1724 3190 2074 3262 Prophetiam

498 3281 880 3352 complectitur
912 3298 1102 3337 eorum
1137 3300 1259 3354 qua
1301 3284 1356 3338 in
1390 3284 1551 3340 linem
1585 3295 1846 3340 eventura
1879 3293 2071 3354 erant;

497 3380 830 3443 quapropter
861 3374 1183 3429 inscribitur
1219 3392 1238 3426 ι
1297 3373 1354 3428 ln
1403 3373 1586 3430 linem.
1620 3393 1638 3426 ›
1677 3374 1938 3440 Quanam
1973 3391 2074 3430 au-

498 3470 605 3518 tem
648 3463 738 3517 illa
772 3473 978 3528 essent,
1033 3463 1231 3520 deinde
1265 3463 1440 3534 aperit
1477 3463 1564 3518 bis
1606 3463 1830 3519 verbis:
1863 3483 1881 3516 ι
1915 3464 1996 3519 Ad
2021 3473 2075 3520 te

496 3556 676 3611 omnis
711 3571 841 3610 caro
883 3541 1082 3611 veniet.
1126 3575 1144 3607 ›
1179 3553 1298 3609 Νοη
1326 3555 1440 3624 jam
1487 3554 1663 3608 solum
1693 3553 1955 3611 Judaicus
1977 3570 2074 3626 po-

497 3649 680 3717 pulus,
718 3647 811 3701 sed
841 3650 1022 3701 omnis
1048 3661 1198 3709 caro,
1225 3645 1280 3700 id
1303 3653 1409 3709 est,
1443 3653 1616 3701 totum
1662 3645 1943 3701 hominum
1984 3661 2077 3717 ge-

496 3754 620 3792 nus.
655 3735 746 3790 Sic
778 3737 922 3791 enim
953 3737 1092 3791 solet
1127 3735 1413 3806 Scriptura
1439 3736 1692 3791 homines
1721 3750 1914 3791 omnes
1934 3736 2076 3790 indi-

495 3843 644 3890 care,
681 3828 774 3897 qui
799 3828 928 3882 olim
973 3829 1224 3882 carnales
1256 3829 1574 3898 terrenique
1602 3836 1780 3883 erant.
1813 3827 1992 3893 Quare
2018 3827 2073 3882 in

498 3919 612 3987 lege
637 3919 872 3972 dicitur:
908 3937 925 3969 ι
962 3917 1220 3988 Corrupit
1243 3918 1424 3973 omnis
1451 3934 1580 3974 caro
1605 3920 1746 3972 viam
1775 3933 1930 3973 suam
1961 3921 2020 3985 ξς
2050 3938 2067 3970 ι

497 4023 561 4064 ac
607 4023 869 4062 rursum:
918 4025 936 4059 ι
977 4006 1094 4062 Non
1141 4011 1482 4079 permanebit
1529 4012 1758 4079 spiritus
1809 4026 1966 4066 meus
2017 4011 2073 4065 in

498 4091 808 4150 hominibus
863 4095 970 4160 his,
1017 4097 1145 4166 quia
1203 4113 1400 4153 carnes
1449 4106 1578 4154 sunt
1614 4101 1676 4154 ⁸ο.
1726 4119 1744 4151 ι
1784 4096 1896 4153 Sed
1939 4107 2073 4152 tunc

497 4191 716 4259 quidem
768 4189 950 4244 omnis
993 4203 1122 4244 caro
1185 4187 1575 4254 incusabatur;
1609 4203 1757 4243 nunc
1813 4203 1948 4243 vero
2005 4187 2073 4242 ad

496 4283 664 4338 Deum
696 4289 923 4336 ventura
957 4280 1176 4335 dicitur.
1228 4279 1593 4346 Quamobrem
1651 4282 1746 4352 qui
1790 4287 1912 4351 post
1968 4279 2075 4333 Da-

493 4375 670 4430 videm
714 4372 817 4428 fuit
847 4373 963 4430 Joel
1021 4374 1320 4444 propheta,
1380 4371 1531 4428 omni
1595 4372 1748 4427 carni
1815 4371 2073 4442 pulcher»

2175 3189 2458 3259 δοθήσεται
2484 3188 2617 3258 εὐχὴ
2645 3189 2702 3240 ἐν
2739 3187 3112 3258 Ἰερουσαλήμ.
3154 3207 3172 3240 t
3205 3190 3552 3260 Προφήτείαν
3577 3193 3758 3260 περιέ-

2175 3298 2258 3351 χει
2292 3279 2590 3350 μελλόντων
2615 3280 2694 3341 είς
2709 3279 2768 3331 τὸ
2791 3278 2943 3341 τέλος
2967 3279 3372 3349 ἀπαντήσεσθαι
3397 3283 3755 3352 πραγμάτων·

2175 3370 2254 3423 διὸ
2270 3369 2690 3440 ἐπιγέγραπται·
2715 3386 2733 3418 t
2760 3368 2853 3430 Είς
2885 3368 2945 3420 τὸ
2973 3368 3142 3431 τέλος.
3175 3388 3192 3418 ι
3215 3369 3348 3422 Τίνα
3379 3370 3437 3422 δέ
3461 3371 3654 3435 ταῦτα,
3685 3371 3761 3426 δι-

2175 3465 2362 3518 δάσκει
2423 3463 2552 3533 ἐξῆς
2600 3463 2795 3530 λέγων,
2817 3480 2854 3512 .‹
2897 3463 3042 3532 Πρὸς
3097 3463 3157 3515 σὲ
3205 3465 3356 3517 πᾶσα
3390 3463 3528 3534 σὰρξ
3563 3464 3705 3533 ἥξει.
3737 3483 3756 3514 ι

2176 3551 2370 3605 Οὐκέτι
2397 3553 2504 3622 γὰρ
2531 3551 2686 3621 μόνον
2718 3552 2781 3605 τὸ
2820 3551 3087 3604 Ἰουδαίων
3120 3552 3294 3615 ἔθνος,
3321 3552 3456 3604 ἀλλὰ
3481 3555 3578 3606 κα)⁵
3610 3555 3761 3607 πᾶσα

2178 3638 2332 3711 σάρξ,
2388 3639 2630 3692 τουτέστι
2683 3640 2791 3692 πᾶν
2838 3640 2995 3707 γένος
3035 3641 3358 3712 ἀνθρώπων.
3404 3642 3596 3704 Οὕτως
3656 3643 3764 3714 γὰρ

2176 3730 2366 3803 εἴωθεν
2398 3731 2426 3781 ό
2459 3730 2630 3798 Λόγος
2691 3730 2898 3796 πάντας
2951 3731 3272 3803 ἀνθρώπους
3326 3732 3614 3802 σημαίνειν
3637 3735 3766 3796 τοὺς

2178 3800 2345 3875 πάλαί
2393 3822 2680 3893 σαρκίνους
2719 3822 2811 3875 καὶ
2867 3800 3104 3890 γεώδεις.
3137 3823 3228 3875 Διὸ
3261 3824 3354 3876 καὶ
3385 3800 3458 3874 ἐν
3498 3822 3580 3892 τῷ
3611 3825 3765 3894 νόμῳ

2174 3913 2454 3967 λέλεκται·
2491 3932 2509 3964 t
2537 3913 2817 3985 Διέφθειρε
2865 3915 3013 3967 πᾶσα
3063 3913 3201 3985 σάρξ
3238 3913 3337 3984 τὴν
3358 3913 3481 3966 όδὸν
3503 3913 3703 3968 αὐτοῦ·
3739 3935 3757 3966 ι

2176 4006 2270 4058 καὶ
2312 4003 2470 4057 πάλιν
2496 4022 2510 4035 ·
2563 4022 2580 4054 ι
2625 4005 2699 4056 Οὐ
2739 4004 2812 4075 μὴ
2851 4005 3156 4077 καταμείνῃ
3199 4005 3261 4058 τὸ
3315 4005 3537 4075 πνεῦμά
3567 4023 3672 4075 μου
3707 4008 3762 4059 ἐν

2173 4098 2284 4166 τοῖς
2316 4094 2621 4166 ἀνθρώποις
2639 4095 2869 4158 τούτοις,
2890 4094 2977 4148 διὰ
3003 4095 3063 4148 τὸ
3098 4091 3238 4149 εἶναι
3266 4097 3460 4160 αὐτοὺς
3491 4098 3722 4166 σάρκας.
3739 4117 3755 4147 ι

2187 4165 2346 4239 ’Ᾱλλά
2397 4165 2517 4238 τότε
2567 4187 2664 4256 μὲν
2716 4188 2865 4239 πᾶσα
2920 4184 3057 4255 σὰρξ
3111 4189 3500 4256 κατηγορεῖτοο
3547 4165 3648 4239 νῦν
3706 4187 3759 4239 δὲ

2173 4275 2324 4345 ἥξειν
2370 4277 2506 4347 πρὸς
2525 4275 2616 4328 τὸν
2649 4276 2782 4329 Θεὸν
2823 4275 3058 4342 λέγεται.
3089 4275 3181 4327 Διὸ
3203 4277 3295 4327 καὶ
3322 4276 3461 4342 μετὰ
3483 4276 3576 4328 τὸν
3599 4276 3760 4330 Δαυῒδ

2188 4367 2362 4437 Ἰωήλ,
2423 4367 2708 4437 προφήτης
2772 4365 3080 4434 γενόμενος,
3139 4363 3207 4416 τά
3257 4363 3521 4416 κάλλιστα
3577 4366 3758 4434 πάσης

496 4466 633 4519 rima
689 4427 1254 4520 vaticinatur‘direns
1304 4483 1315 4518 :
1367 4462 1698 4518 «Effundam
1729 4463 1819 4520 .de
1872 4463 2070 4533 spiritu

2179 4427 2378 4528 σαρκὸς
2406 4427 2950 4525 θεσπίέεινλέγωνοκ
2993 4455 3200 4524 Ἐκχεῶ
3245 4454 3352 4508 ἀπὸ
3385 4454 3479 4507 τοῦ
3515 4427 3756 4525 πνεύμα-

494 4569 615 4610 meo
659 4569 824 4624 super
864 4569 1081 4608 omnem
1125 4569 1380 4612 carnem.
1411 4561 1465 4608 et
1513 4553 2005 4623 propltetabunt“.
2045 4570 2064 4604 ι

2177 4553 2268 4614 τός
2309 4569 2407 4623 μου
2452 4552 2542 4604 ἐπί
2587 4552 2767 4603 πᾶσαν
2811 4549 3010 4618 σάρκα,
3052 4549 3146 4601 καὶ
3196 4547 3691 4619 προφητεύσουσιν.
3732 4567 3751 4598 ι

496 4645 733 4714 ldipsum
779 4660 996 4714 quoque
1047 4645 1290 4699 declarat
1341 4643 1510 4698 Isaias
1559 4644 1748 4698 dicens
1793 4661 1807 4696 :
1857 4661 1876 4693 ι
1906 4641 2070 4699 Video

2191 4642 2350 4695 Ἀλλὰ
2408 4644 2502 4696 καὶ
2552 4645 2582 4695 6
2635 4641 2857 4702 Ἡσαΐας
2914 4640 3113 4692 ταύτὸν
3156 4639 3487 4710 παρίστησιν
3549 4638 3752 4692 εἰπὼν·

494 4733 573 4788 bit
620 4737 800 4789 omnis
847 4751 976 4790 caro
1023 4737 1265 4789 salutare
1307 4734 1400 4789 Dei
1447 4737 1512 4787 ι’.
1559 4755 1576 4786 ι
1633 4734 1885 4790 Salutare
1939 4749 2070 4804 por-

2182 4750 2200 4783 ι
2240 4731 2464 4800 ’ἶοψεται
2515 4732 2664 4783 πᾶσα
2702 4728 2840 4801 σάρξ
2875 4727 2937 4780 τὸ
2972 4729 3238 4799 σωτήριον
3262 4727 3356 4781 τοῦ
3398 4728 3558 4782 Θεοῦ.
3596 4747 3615 4780 ι
3646 4731 3756 4782 Σω-

495 4839 559 4877 ro
617 4822 711 4877 Dei
767 4825 834 4878 ab
859 4824 1022 4879 .omni
1052 4839 1217 4881 carne
1259 4825 1701 4896 cognoscendum
1735 4825 1868 4894 quid
1920 4824 2070 4879 aliud

2177 4827 2360 4893 τήριον
2403 4822 2460 4873 δὲ
2501 4820 2636 4872 Θεοῦ
2673 4821 2824 4891 πάσῃ
2858 4820 3023 4891 σαρκὶ
3061 4820 3510 4891 γνωσθησόμενον
3544 4822 3596 4873 τί
3629 4837 3755 4874 ποτε

494 4912 680 4976 fuerit,
717 4929 880 4984 quam
916 4912 1170 4972 Christus
1219 4914 1334 4978 Dei,
1366 4923 1424 4968 ut
1467 4915 1790 4984 plerumque
1842 4913 2070 4968 demon-

2177 4908 2238 4982 ἧν
2264 4911 2393 4982 ἄρα,
2431 4911 2464 4981 ἦ
2495 4913 2522 4963 6
2540 4911 2772 4981 Χριστὸς
2815 4909 2911 4964 τοῦ
2935 4910 3092 4974 Θεοῦ,
3119 4910 3302 4974 καθὼς
3323 4910 3588 4974 πολλάκις
3619 4913 3752 4964 άπε-

496 5002 967 5060 stravimus?‘lioc
1001 5003 1184 5075 itaque
1237 5005 1478 5059 salutare
1528 5003 1784 5059 omnibus
1826 5003 2066 5058 homini-

2177 5002 2456 5072 Βείξαμεν;
2503 5001 2674 5054 Τοῦτο
2715 4998 2810 5054 οὖν
2848 5001 2909 5054 τὸ
2949 5002 3214 5072 σωτήριον
3243 5003 3408 5054 πᾶσιν
3444 5001 3754 5072 ἀνθρώποις

495 5095 616 5156 bus,
641 5095 733 5166 qui
755 5094 884 5150 olim
906 5085 1156 5151 carnales
1181 5104 1360 5160 erant,
1403 5096 1701 5151 revelatum
1749 5095 1816 5148 iri
1846 5095 1901 5150 in
1930 5097 2069 5150 vati-

2177 5097 2281 5156 τοῖς
2335 5093 2497 5145 πάλαι
2549 5093 2842 5164 ’σαρκίνοις
2894 5093 3449 5165 άποκαλυφθήσεσθαι
3511 5111 3756 5164 προείρησ-

494 5185 643 5239 cinio
697 5183 1037 5239 enuntiatur.
1093 5182 1226 5238 Jure
1285 5200 1415 5254 ergo
1470 5200 1742 5254 prasens
1775 5186 2020 5255 psalmus
2054 5224 2069 5250 ,

2177 5184 2376 5237 τεύετο.
2401 5185 2639 5248 Εἰκότως
2663 5180 2755 5238 οὖν
2783 5185 2878 5237 καὶ
2900 5185 2929 5236 6
2954 5183 3093 5254 μετὰ
3122 5187 3308 5256 χεῖρας
3328 5183 3563 5252 ψαλμὸς.
3595 5183 3757 5235 τοῦτο

493 5276 730 5346 ἰσιίρειιιιι
789 5273 1140 5345 significans,
1175 5275 1596 5343 promissionem
1643 5274 1898 5346 obsignat
1943 5290 2068 5330 cum

2177 5274 2305 5328 αὐτὸ
2338 5275 2639 5344 σημαίνων,
2679 5272 3136 5344 ἐπισφραγίζεται
3163 5275 3262 5344 τὴν
3305 5271 3760 5341 ἐπαγγελὼνᾜιὲ

495 5368 611 5422 ait:
650 5386 668 5418 ι
707 5366 787 5420 Ad
811 5375 864 5420 te
891 5363 1074 5420 omnis
1104 5379 1236 5418 caro
1287 5367 1488 5421 veniet.
1528 5384 1546 5416 ι
1606 5363 1722 5420 Sub
1751 5367 1865 5420 hac
1887 5374 2071 5421 autem

2177 5363 2267 5418 τοῦ
2292 5365 2492 5441 φάναι·
2539 5383 2557 5414 ι
2588 5365 2728 5436 Πρὸς
2771 5365 2829 5417 σὲ
2861 5365 3011 5418 πᾶσα
3044 5363 3180 5436 σάρξ
3211 5363 3352 5434 ἥξει.
3391 5384 3409 5416 ι
3444 5365 3762 5417 ’Υποκατα-

493 5458 696 5513 clarius
729 5455 1056 5513 sententiam
1081 5452 1235 5508 effert
1263 5467 1390 5507 cum
1420 5454 1571 5509 addit
1607 5474 1620 5508 :
1653 5474 1672 5507 ι
1704 5454 1913 5509 Exaudi
1945 5470 2070 5520 nos,

2177 5456 2274 5518 ϐάς
2301 5455 2379 5524 δὲ,
2405 5457 2734 5526 σαφέστερον
2757 5455 3053 5527 ἐρμηνεύει
3081 5455 3179 5528 τὴν
3200 5456 3440 5510 διάνοιαν
3457 5453 3758 5522 ἐπιλέγων

495 5550 659 5615 Deus,
699 5548 957 5606 sa1utaris
978 5552 1186 5610 noster,
1223 5560 1350 5614 spes
1369 5545 1612 5601 omnium
1656 5545 1844 5599 linium
1881 5553 2064 5609 terra,

2179 5564 2197 5596 ι
2251 5546 2582 5604 Ἐπάκουσον
2607 5545 2788 5616 ⁴ἡμῶν,
2823 5547 2854 5600 6
2890 5545 3023 5609 Θεὸς
3048 5548 3077 5600 ό
3117 5546 3300 5618 σωτὴρ
3328 5546 3508 5618 ἡμῶν,
3529 5547 3564 5617 ή
3597 5544 3762 5609 ἐλπὶς

571 5705 591 5734 ’
615 5706 850 5769 (Scn.1't,
882 5705 965 5758 12.
1047 5705 1090 5736 ³⁸
1117 5700 1249 5759 Ibid.
1284 5705 1339 5759 ὅ.
1417 5701 1459 5734 ¹¹
1485 5699 1625 5756 Joel.
1664 5715 1726 5764 ll,
1753 5699 1846 5756 28.
1929 5700 1970 5730 "
1994 5698 2097 5766 lsa.
2135 5714 2230 5766 LII,
2265 5700 2353 5756 l0.
