4024 6210
303 333 414 389 625

1440 330 1946 389 eoumennnu
1986 286 2069 384 IN‘
2091 328 2429 383 nsanos.

3463 326 3566 380 626

302 449 525 501 πάντων
556 461 665 497 των
699 443 949 514 περάτων
978 445 1073 514 τῆς
1113 446 1218 516 γῆς
1266 447 1358 498 καὶ
1394 444 1501 497 τῶν
1548 446 1606 496 ἐν
1645 444 1890 515 Θαλάσσῃ

1993 448 2046 497 et
2080 456 2268 496 eorum
2323 441 2413 510 qui
2451 440 2503 493 in
2552 439 2687 492 mari
2722 445 2850 492 sunt
2880 436 3039 506 longe
3073 456 3087 491 :
3129 459 3146 490 ι
3179 439 3286 494 imo
3327 441 3566 510 apertius

304 536 555 607 μακράν·
598 554 616 586 ι
659 535 754 587 καὶ
787 533 866 586 ἔτι
903 535 1242 606 ’σαφέστερον
1285 535 1566 604 ἐπιλέγειν·
1607 553 1624 587 ι
1663 537 1770 589 Καὶ
1798 552 1891 604 φο-

301 628 636 698 ῦηθήσονται
681 627 740 678 οί·
773 625 1151 689 κατοικοῦντες
1173 627 1242 680 τὰ
1275 627 1486 698 πέρατα
1525 627 1632 679 άπὸ
1661 626 1768 679 τῶν
1792 643 1888 696 ση-

305 719 480 789 μείων
520 733 635 768 σου.
677 733 694 765 ι
725 715 798 768 Τὸ
839 713 948 785 γὰρ
968 714 1282 786 φοὸηθῆναι
1310 718 1518 780 πάντας
1551 717 1676 779 τοὺς
1707 733 1892 770 κατοι-

301 804 537 868 κοῦντας
570 803 640 857 τὰ
662 803 872 874 πέρατα
891 804 998 856 ἀπὸ
1038 803 1144 858 τῶν
1174 806 1416 876 σημείων
1455 805 1548 859 τοῦ
1575 804 1711 859 Θεοῦ
1754 807 1890 874 ἁγα-

301 896 414 951 θῶν
443 891 640 974 ἦνκαὶ
668 895 861 964 σοφίας
884 896 1058 966 ἀρχή·
1091 897 1322 966 ἐπείπερ
1357 915 1376 947 ι
1410 896 1552 968 ἀρχὴ
1579 897 1770 966 σοφίας
1796 898 1889 966 φό-

300 988 400 1052 ϐος
433 989 658 1059 Κυρίου.
700 1007 720 1040 ι
753 988 853 1041 Διὰ
878 989 942 1058 δὴ
972 988 1142 1042 ταῦτα
1171 1009 1189 1040 ‹
1217 991 1313 1054 El;
1348 993 1408 1044 τὸ
1436 991 1589 1054 τέλος
1627 1010 1646 1044 ι
1688 993 1888 1064 προγέ-

299 1096 548 1151 γραπται
569 1081 598 1132 6
627 1078 841 1149 ψαλμός
862 1097 875 1110 ·
910 1081 1009 1133 καὶ·
1032 1080 1177 1135 ἔστιν
1195 1081 1340 1151 ᾠδῆς
1367 1081 1600 1153 ψαλμδς,
1626 1084 1887 1138 ἐπινίκιον

301 1169 474 1240 ὕμνον
502 1172 583 1233 είς
616 1170 706 1223 τὸν
739 1171 964 1240 Σωτῆρα
990 1169 1096 1222 τῶν
1120 1169 1290 1224 ἐθνῶν
1320 1171 1611 1242 περιέχων.
1662 1173 1779 1242 Ἐφ’
1805 1169 1886 1237 οἷς

301 1259 367 1312 τὸ
400 1259 624 1330 Πνεῦμα
664 1260 726 1313 τὸ
778 1260 934 1328 ἅγιον
984 1262 1075 1314 τὸν
1126 1261 1218 1314 ἐπὶ
1245 1262 1461 1316 πάντων
1501 1263 1632 1316 Θεὸν
1661 1263 1888 1334 ἀνυμνεῖ

303 1349 546 1416 φάσκον·
587 1350 716 1402 «Σοὶ
741 1349 938 1421 πρέπει
966 1350 1153 1421 ὕμνος,
1187 1354 1216 1406 6
1244 1353 1396 1417 Θεὸς,
1433 1357 1491 1407 ἐν
1525 1355 1718 1411 Σιών.»
1754 1356 1886 1410 Τίνα

301 1439 414 1510 γὰρ
447 1439 796 1511 ἐχρῆνάλλον
821 1441 914 1492 ἐπὶ
944 1445 1011 1513 τῇ·
1038 1426 1262 1496 πάντων
1295 1443 1594 1516 ἀνθρώπων
1643 1447 1886 1518 σωτηρίᾳ

301 1529 592 1599 ῦμνεῖσθαι
643 1530 676 1600 ἢ
707 1531 799 1584 τὸν
842 1533 1042 1595 παντὸς
1065 1532 1238 1586 αἴτιον
1265 1534 1507 1603 ἀγαθοῦς
1537 1535 1787 1590 Διδάσκει
1829 1539 1886 1591 δέ

300 1619 364 1671 τὺ
391 1618 523 1672 αὐτὸ
555 1619 782 1691 Πνεῦμα
831 1622 958 1684 τοὺς
997 1623 1318 1693 προσιόντας
1348 1623 1408 1690 ἐξ
1437 1625 1605 1680 ἐθνῶν
1636 1628 1782 1698 μόνῳ
1809 1628 1885 1698 τῷ

299 1707 425 1778 Θεῷ
453 1708 660 1777 λέγειν·
703 1729 721 1762 ι
761 1709 852 1764 Σοὶ
887 1713 1085 1783 πρέπει
1122 1714 1287 1784 ὕμνος
1310 1731 1323 1745 ·
1365 1735 1383 1766 ι
1408 1715 1482 1779 ῶς
1510 1716 1575 1770 ἂν
1609 1734 1882 1786 κατεγνω-

1993 529 2275 600 subjungit
2309 546 2322 581 :
2370 549 2388 580 ε
2424 529 2489 583 Et
2524 528 2795 582 timebunt
2825 528 2916 597 qui
2967 517 3218 582 habitant
3247 531 3507 588 terminos
3537 549 3567 586 a

1991 622 2162 693 signis
2184 621 2316 676 tuis.
2363 641 2380 672 ι
2413 621 2552 674 Nam
2579 619 2723 688 quod
2752 634 2944 674 omnes
2973 620 3064 688 qui
3106 619 3424 675 habitabant
3455 630 3570 678 ter-

1990 716 2176 768 minos
2201 721 2360 768 terrae
2381 712 2636 766 timerent
2693 726 2723 763 a
2765 710 2941 779 signis
2969 709 3087 774 Dei,
3122 711 3187 766 id
3217 712 3486 766 bonorum
3514 721 3568 768 et

1989 804 2499 874 sapienliminitium
2518 811 2636 858 erat
2662 819 2673 852 :
2696 801 2965 871 siquidem
2993 821 3011 852 ι
3043 802 3261 857 initium
3290 804 3568 874 sapientia:

1993 899 2157 953 timor
2182 895 2397 951 Domini
2425 896 2490 950 ιδ.
2523 914 2541 946 ι
2574 893 2670 949 llis
2714 893 2781 948 de
2830 893 3017 949 causis
3047 911 3063 944 ι
3095 892 3153 948 ln
3187 895 3346 950 ﬁnem
3375 915 3392 946 ι
3424 897 3564 965 psal-

1990 1006 2112 1044 mus
2140 989 2506 1044 inscribitur:
2534 995 2727 1058 estque
2750 987 3242 1057 psalmus‘cantici,
3273 988 3570 1060 triumpha-

1990 1081 2093 1135 lem
2108 1081 2372 1152 hymnum
2392 1081 2446 1134 in
2467 1079 2814 1136 Servatorem
2833 1082 3076 1151 gentium
3096 1080 3484 1150 complectens.
3505 1080 3571 1134 Et

1988 1170 2058 1224 ob
2076 1186 2194 1226 eam
2219 1186 2332 1225 rem
2359 1168 2600 1240 Spiritus
2615 1179 2842 1226 sanctus
2863 1171 3053 1236 Deum,
3083 1171 3174 1242 qui
3206 1185 3370 1241 supra
3385 1172 3569 1227 omnia

1989 1267 2073 1314 est
2095 1299 2109 1324 ,
2144 1261 2385 1316 celebrat
2420 1260 2612 1317 dicens
2643 1281 2655 1316 :
2689 1282 2716 1334 pc
2741 1261 2817 1317 Te
2851 1263 3006 1318 decet
3037 1263 3472 1334 hymnus,Deus,
3513 1265 3569 1318 in

1990 1349 2143 1405 Sion.
2172 1369 2190 1402 ›
2215 1350 2386 1417 Quem
2405 1353 2550 1407 enim
2566 1353 2732 1427 alium
2756 1369 2854 1422 pro
2874 1355 3116 1422 omnium
3132 1353 3412 1408 hominum
3430 1345 3570 1409 salu-

1987 1448 2041 1495 te
2053 1442 2320 1497 celebrari
2334 1442 2600 1511 oportuit,
2615 1443 2720 1498 nisi
2739 1445 2921 1499 omnis
2935 1444 3062 1498 boni
3082 1443 3571 1500 aucloremmocet

1988 1540 2166 1586 autem
2187 1532 2328 1587 idem
2350 1531 2589 1602 Spiritus
2604 1549 2698 1589 eos
2712 1534 2802 1603 qui
2819 1550 2882 1587 ex
2909 1535 3162 1605 gentibus
3177 1535 3442 1592 accedunt
3467 1538 3568 1593 soli

1988 1620 2096 1678 Deo
2109 1622 2288 1677 dicere
2300 1621 2498 1677 debere
2513 1642 2525 1676 :
2539 1623 2642 1677 «Te
2657 1625 2809 1680 decet
2825 1625 3077 1695 hymnus,
3094 1626 3570 1698 iquasisesedam-

1990 1720 2208 1777 nantes,
2243 1711 2390 1782 quod
2413 1714 2715 1768 multorum
2780 1715 3073 1769 numinum
3105 1717 3280 1779 errori
3309 1717 3569 1772 indecen-

304 1799 473 1858 κότας
493 1800 720 1863 ἑαυτῶν,
752 1803 840 1855 ὅτε
886 1803 961 1874 μὴ
992 1806 1301 1874 πρέποντας
1331 1807 1534 1879 ὕμνους
1570 1810 1886 1880 ἀνέπεμπον

1991 1811 2074 1858 ter
2103 1803 2337 1874 hymnos
2364 1803 2699 1858 emisissent.
2734 1803 2898 1859 Deum
2925 1814 3103 1860 autem
3136 1804 3373 1876 hymnus
3394 1804 3567 1868 decet,

304 1891 376 1957 τῇ
413 1885 652 1962 πολυθέῳ
677 1893 879 1964 πλάνῃ.
908 1893 1116 1964 Πρέπει
1143 1895 1200 1948 δὲ
1237 1896 1404 1967 ὕμνος
1427 1897 1505 1968 τῷ
1527 1897 1645 1969 Θεῷ
1672 1901 1732 1954 ού
1758 1903 1886 1965 πᾶς,

304 1977 428 2030 ἀλλ’
457 1979 486 2030 ό
505 1980 563 2032 ἐν
597 1979 734 2034 Σιὼν
777 1982 1257 2062 ἀναπεμπόμενος,
1298 1985 1498 2058 δηλαδὴ
1525 1989 1554 2040 6
1580 1990 1637 2042 ἐν
1664 1993 1730 2061 τῇ
1765 1991 1888 2044 Ἐκ-

304 2067 505 2139 κλησία
533 2071 719 2125 αὑτοῦ.
749 2071 888 2126 Σιὼν
927 2074 1026 2144 μὲν
1054 2075 1164 2145 γάρ
1202 2075 1350 2130 ἐστιν
1387 2077 1612 2151 ἀληθινὴ
1653 2081 1685 2152 ὴ
1722 2082 1886 2134 ἐπουο

306 2159 494 2228 ράνιος
527 2161 587 2212 Ίε
597 2163 896 2235 ρουσαλὴμ,
923 2165 1015 2217 καὶ
1042 2165 1100 2218 τὸ
1115 2165 1436 2236 ἐπουράνιον
1456 2167 1581 2239 ὅρος
1607 2170 1701 2223 τοῦ
1715 2171 1850 2225 Θεοῦ
1869 2189 1882 2202 ο

303 2251 435 2320 περὶ
468 2246 528 2304 οὕ
559 2251 827 2306 διδάσκων
869 2257 898 2307 6
938 2255 1259 2322 Ἀπόστολος
1279 2258 1430 2328 ἔλεγε
1453 2277 1466 2291 ·
1506 2278 1524 2311 ‹
1552 2261 1894 2333 Προσεληλύ-

302 2339 437 2392 θατε
459 2340 598 2393 Σιὼν
623 2342 780 2413 ὄρει,
805 2345 898 2397 καὶ
930 2344 1081 2419 πόλει
1110 2347 1243 2400 Θεοῦ
1277 2349 1497 2415 ζῶντος,
1541 2351 1890 2425 Ἰερουσαλὴμ

304 2430 633 2501 ἐπουρανίῳ,
691 2434 786 2486 καὶ
829 2435 1084 2506 μυριάσιν
1137 2438 1388 2506 ἀγγέλων
1434 2441 1758 2513 πανηγύρει,
1795 2444 1890 2496 καὶ

317 2519 1032 2596 Ἐκκλησίᾳ”πρωτοτόκων
1079 2529 1590 2603 ἀπογεγραμμένων
1629 2536 1688 2588 ἐν
1724 2537 1891 2606 οὐρα·-

302 2611 454 2672 νοῖς·
495 2630 516 2663 ι
543 2613 639 2665 καὶ
698 2616 888 2670 πάλιν·
919 2636 936 2668 ι
992 2617 1055 2670 'H
1113 2618 1170 2671 δὲ
1198 2619 1310 2674 ἄνω
1354 2623 1706 2696 Ἰερουσαλὴμ
1735 2625 1890 2678 ἐλευ-

304 2697 444 2768 θέρα
479 2702 651 2764 ἐστὶν,
693 2703 816 2773 ἥτις
855 2707 973 2758 ἐστί
1007 2709 1191 2779 μήτηρ
1217 2710 1395 2780 ἡμῶν.
1442 2731 1459 2762 ι
1523 2711 1670 2784 Αὕτη
1704 2713 1770 2765 ἂν
1803 2715 1887 2785 εἴη

305 2790 348 2858 ἡ
375 2789 582 2862 ἀληθὴς
631 2794 1006 2866 Ἰερουσαλὴμ,
1040 2800 1134 2852 καὶ
1161 2803 1218 2870 ,ἡ
1263 2802 1468 2872 κυρίως
1516 2802 1892 2874 ἀναδειχθεῖσα

308 2879 468 2945 Σιὼν,
495 2883 581 2950 ἐφ’
613 2877 682 2966 ἦς
711 2886 806 2938 καὶ
855 2885 1160 2955 βασιλεύειν
1211 2890 1458 2945 λέλεκται
1499 2896 1528 2947 6
1576 2893 1767 2965 Σωτὴρ
1799 2895 1890 2947 καὶ

303 2969 510 3042 Κύριος
551 2973 732 3043 ἡμῶν,
769 2975 960 3048 ῶσπερ
1010 2973 1102 3032 οὖν
1135 2979 1374 3036 διδάσκει
1415 2981 1590 3053 λέγων
1617 2984 1778 3047 αὐτὸς
1832 2986 1890 3037 ἐν

303 3060 350 3112 6’
381 3061 582 3134 ψαλμῷ
602 3081 616 3095 ·
651 3084 669 3116 ι
713 3066 854 3133 Ἐγὼ
888 3067 944 3120 δὲ
968 3071 1309 3142 κατεστάθην
1349 3071 1602 3142 βασιλεὺς
1629 3075 1722 3127 ἐπὶ
1751 3073 1889 3127 Σιὼν

301 3150 430 3222 ὅρος
440 3151 501 3205 τὺ
534 3154 688 3223 ἅγιον
715 3156 898 3210 αὐτοῦ.
915 3176 933 3209 ›
954 3159 1018 3211 Ἡ
1043 3158 1182 3230 αύτὴ
1199 3161 1243 3214 δ’
1270 3161 1335 3215 ἂν
1357 3165 1440 3234 εἴη
1460 3167 1492 3234 ἡ
1513 3163 1892 3232 καταγγελλο-

307 3244 445 3316 μένη
503 3249 616 3310 τοῖς
642 3248 705 3300 τὺ
756 3249 1084 3318 Εύαγγέλιον
1129 3253 1594 3332 παραδεχομένοις
1647 3255 1889 3326 βασιλεία

300 3335 569 3404 οὐρανῶν.
625 3339 804 3399 Είκὼν
863 3340 908 3393 δ’
956 3342 1172 3415 ἐκείνης
1222 3346 1255 3416 ὴ
1304 3345 1397 3398 ἐπὶ¹
1431 3347 1532 3417 γῆς
1579 3347 1774 3416 γένοιτ’
1823 3349 1890 3401 ἂν

314 3423 611 3496 Ἐκκλησία
630 3444 643 3456 ·
675 3427 981 3500 ὁμωνύμως
1011 3432 1105 3484 καὶ
1136 3432 1274 3504 αὐτὴ
1300 3431 1608 3504 καλουμένη
1637 3436 1764 3488 ποτὲ
1792 3437 1889 3506 μὲν

301 3514 481 3578 Σιὼν,
535 3517 665 3569 ποτὲ
710 3517 768 3570 δὲ
822 3519 1216 3592 Ἰερουσαλὴμ,
1275 3525 1370 3576 καὶ
1414 3523 1599 3577 ἄλλοτε
1645 3524 1888 3597 Θυγάτηρ

301 3603 462 3666 Σιὼν,
506 3605 542 3674 ἢ
589 3605 835 3680 θυγάτηρ
875 3609 1250 3684 Ἰερουσαλήμ.
1288 3614 1443 3667 Οὕτω
1475 3614 1604 3683 γοῦν
1634 3616 1804 3688 αὐτὴν
1838 3617 1887 3669 οἱ

302 3695 581 3764 προφῆται
643 3697 992 3764 θεσπίξοντες
1036 3703 1384 3775 ἀνηγόρευον.
1432 3706 1490 3758 Ὀ
1517 3705 1698 3760 τοίνυν
1720 3705 1889 3777 ὕμνος

301 3788 330 3838 6
358 3787 416 3839 ὲν
449 3790 516 3858 τῇ
555 3787 713 3852 Σιὼν,
755 3791 874 3861 ἦτοι
923 3795 986 3863 τῇ
1029 3794 1355 3866 ἐπουρανίῳ,
1387 3796 1420 3866 ἢ
1449 3798 1542 3850 καὶ
1569 3800 1633 3868 τῇ
1662 3798 1754 3852 ἐπὶ
1783 3799 1888 3870 γῆς

315 3877 615 3951 Ἐκκλησία
643 3880 738 3933 τοῦ
772 3881 908 3935 Θεοῦ
965 3883 1241 3955 ᾁδόμενος,
1280 3887 1480 3957 πρέποι
1511 3887 1576 3941 ἂν
1613 3890 1771 3959 μόνος
1812 3889 1888 3961 τῷ

305 3968 633 4039 ὑμνουμένῳ
652 3969 789 4042 Θεῷ.
812 3972 968 4026 Πᾶσα
991 3974 1047 4027 δὲ
1073 3978 1104 4046 ἡ
1128 3977 1285 4040 ἐκτὸς
1305 3977 1402 4047 τῆς
1446 3977 1770 4049 Ἐκκλησίας
1793 3981 1886 4034 τοῦ

300 4061 438 4115 Θεοῦ
493 4062 757 4137 λεγομένη
823 4066 1089 4136 θεολογία,
1142 4070 1248 4122 εἴτε
1282 4070 1432 4140 παρὰ
1471 4074 1582 4134 τοῖς
1624 4071 1888 4143 Ἐλλήνων

303 4156 508 4221 σοφοῖς,
561 4156 669 4208 εἴτε
702 4155 852 4227 παρᾶ
890 4161 1003 4222 τοῖς
1033 4159 1212 4223 ἀθέοις
1255 4160 1600 4232 ἐτεροδόξοις,
1633 4163 1888 4233 ἀπρεπὴς

301 4244 373 4298 ἄν
415 4243 521 4315 εἴη.
585 4245 704 4298 Τῶν
755 4247 864 4316 γὰρ
917 4251 1048 4323 παρ’
1081 4250 1304 4322 Ἕλλησι
1363 4252 1542 4322 σοφῶν
1576 4255 1625 4306 οἱ
1665 4254 1763 4322 μ,ὲν
1807 4255 1885 4317 είς

299 4332 572 4405 ἀθεότητα
609 4336 848 4406 τωντελῆ
884 4338 1403 4403 καταπεπτώκασιν,
1429 4343 1480 4394 οι
1510 4342 1568 4394 δὲ
1600 4341 1699 4413 τὴν
1725 4343 1886 4396 πολύυ

1991 1909 2098 1948 ηοη
2123 1895 2324 1964 quivis.
2355 1894 2450 1949 sed
2476 1895 2569 1963 qui
2587 1895 2640 1949 in
2665 1895 2819 1958 Sion,
2852 1896 3104 1949 videlicet
3125 1895 3218 1965 qui
3253 1889 3308 1950 in
3327 1893 3569 1950 Ecclesia

1989 1985 2109 2052 ejus
2161 1985 2450 2039 emittitur.
2493 1983 2626 2038 Nam
2659 2000 2785 2040 vera
2847 1983 2979 2039 Sion
3013 1993 3098 2040 est
3147 1987 3385 2041 cmlestis
3414 1983 3572 2039 Jeru-

1989 2075 2182 2140 salem,
2237 2084 2293 2131 et
2349 2075 2594 2131 cmlestis
2649 2091 2809 2130 mons
2845 2075 2983 2130 Dei:
3048 2075 3115 2130 de
3145 2091 3253 2146 quo
3281 2075 3572 2144 Apostolus

1981 2164 2107 2218 ‘bzec
2142 2153 2336 2218 dccuit
2371 2184 2383 2218 :
2423 2183 2445 2216 ι
2481 2163 2814 2219 Accessistis
2840 2163 2907 2217 ad
2958 2162 3090 2218 Sion
3120 2175 3380 2229 montem,
3418 2171 3474 2219 et
3494 2165 3573 2218 ei-

1988 2254 2210 2319 vitatem
2234 2253 2614 2319 Deiviventis,
2662 2254 2967 2310 Jerusalem
3017 2254 3320 2318 caelestem,
3353 2255 3575 2311 etmul-

1989 2347 2168 2400 torum
2208 2346 2440 2400 millium
2494 2347 2810 2418 angelorum
2865 2344 3251 2413 frequentiam,
3284 2353 3339 2400 et
3389 2344 3575 2401 Eccle-

1990 2435 2125 2490 siam
2157 2438 2580 2506 primitivorum,
2608 2439 2702 2508 'qui
2737 2437 3179 2506 conscriptisunt
3207 2437 3260 2490 in
3288 2437 3568 2504 cmlis";p

1990 2541 2055 2582 ac
2083 2544 2337 2584 rursum:
2377 2548 2395 2580 ι
2432 2532 2528 2584 Illa
2573 2541 2755 2586 autem
2791 2548 2913 2601 qua:
2947 2547 3168 2586 sursum
3217 2539 3303 2585 est
3347 2529 3572 2586 Jerusa-

1990 2617 2117 2684 lem,
2151 2618 2322 2673 libera
2379 2627 2484 2683 est,
2529 2634 2652 2689 qua:
2706 2626 2790 2673 est
2839 2627 3016 2674 mater
3066 2629 3252 2673 nostra
3294 2621 3357 2669 ³⁸.
3389 2638 3406 2670 ι
3449 2618 3573 2673 llaec

1991 2724 2124 2764 sane
2150 2709 2313 2765 fuerit
2351 2725 2480 2766 vera
2510 2709 2838 2777 Ierusalem,
2894 2720 2950 2766 et
3013 2728 3134 2782 quae
3165 2713 3383 2782 proprie
3439 2712 3570 2768 Sion

1991 2799 2352 2869 comprobata
2373 2807 2478 2860 est,
2518 2802 2570 2853 in
2597 2815 2704 2870 qua
2732 2815 2963 2872 regnare
2999 2801 3200 2856 dicitur
3237 2800 3491 2856 Salvator
3518 2809 3572 2857 et

1991 2889 2255 2949 Dominus
2289 2891 2497 2958 noster,
2529 2899 2585 2946 ut
2619 2891 2735 2962 ipse
2756 2892 2918 2948 docet
2951 2892 3006 2947 in
3048 2893 3293 2950 secundo
3325 2895 3567 2964 psalmo:

1997 3001 2016 3035 ι
2052 2983 2165 3054 Ego
2227 2991 2411 3038 autem
2477 2984 2816 3040 constitutus
2885 3000 3008 3040 sum
3070 3001 3164 3039 rex
3225 3002 3389 3056 super
3437 2985 3570 3042 Sion

1993 3082 2230 3129 montem
2258 3081 2511 3129 sanetum
2539 3073 2662 3143 ejus
2705 3076 2770 3128 ".
2816 3094 2833 3126 ι
2870 3074 2927 3130 Id
2984 3076 3162 3146 ipsum
3194 3085 3376 3132 autem
3408 3076 3572 3132 fuerit

1993 3179 2222 3234 regnum
2253 3164 2543 3228 cmlorum,
2569 3165 2716 3234 quod
2769 3166 3170 3234 accipientibus
3216 3165 3566 3236 Evangelium

1992 3255 2372 3310 annuntiatur.
2406 3255 2589 3324 Imago
2611 3256 2955 3311 autemillius
2986 3255 3151 3310 fuerit
3172 3256 3416 3311 Ecclesia
3451 3273 3572 3328 qua:

1992 3351 2046 3402 in
2083 3356 2228 3401 terra
2260 3351 2344 3410 est
2383 3359 2396 3395 :
2432 3357 2552 3413 qua:
2587 3344 2703 3413 pari
2735 3344 2958 3398 nomine
3003 3344 3166 3399 modo
3200 3342 3354 3406 Sion,
3406 3343 3569 3399 modo

1989 3437 2317 3499 Jerusalem,
2354 3435 2649 3505 aliquando
2685 3433 2793 3488 ﬁlia
2827 3433 2983 3496 Sion,
3013 3433 3308 3503 aliquando
3341 3432 3449 3486 ﬁlia
3481 3431 3569 3489 Je-

1992 3529 2231 3584 rusalem
2254 3527 2546 3580 vocitatur.
2588 3523 2682 3579 Sic
2706 3525 2890 3596 itaque
2921 3525 3068 3578 illam
3109 3523 3384 3595 propheta:
3419 3524 3570 3577 vati-

1989 3621 2239 3674 cinantes
2281 3615 2647 3686 appellabant.
2680 3614 2928 3686 Hymnus
2976 3615 3140 3685 igitur
3190 3615 3282 3684 qui
3322 3613 3566 3680 in'Sion,

1989 3709 2082 3765 illa
2119 3708 2330 3762 scilicet
2375 3707 2608 3768 cmlesti,
2661 3705 2774 3760 sive
2823 3705 2875 3757 in
2918 3703 3163 3758 Ecclesia
3197 3701 3293 3756 Dei
3343 3717 3464 3772 quae
3511 3703 3568 3757 in

1990 3807 2136 3854 terra
2159 3796 2532 3861 est,~canitur,
2567 3795 2718 3850 solus
2744 3783 3077 3847 celebrando
3121 3790 3227 3846 Deo
3257 3790 3565 3846 conveniat.

1993 3887 2182 3944 Omnis
2201 3902 2332 3942 vero
2384 3901 2508 3957 quae
2539 3895 2694 3940 extra
2719 3883 3021 3938 Ecclesiam
3062 3882 3155 3936 Dei
3179 3883 3452 3952 theologia
3482 3876 3566 3935 di-

1990 3978 2155 4041 citur,
2206 3975 2321 4032 sive
2376 3975 2519 4046 apud
2564 3972 2880 4029 Graecorum
2913 3971 3211 4041 sapientes,
3263 3971 3377 4025 sive
3426 3969 3566 4038 apud
3619 4010 3627 4017 .

1993 4068 2189 4137 impios
2234 4067 2598 4122 heterodoxos
2632 4106 2646 4128 ,
2701 4063 2962 4119 indecens
3011 4063 3116 4116 dici
3179 4062 3374 4131 possit.
3431 4057 3568 4113 Nam

1991 4158 2164 4214 Graeci
2202 4160 2497 4229 sapientes,
2525 4158 2617 4211 alii
2643 4157 2698 4210 in
2729 4157 2935 4210 nullius
2970 4153 3067 4208 Dei
3097 4157 3302 4208 cultum
3352 4152 3568 4222 penitus

1990 4250 2126 4320 lapsi
2163 4257 2319 4316 sunt;
2358 4249 2450 4302 alii
2480 4241 2778 4302 multorum
2831 4244 3119 4300 numinum
3152 4259 3394 4298 errorem
3424 4243 3569 4296 cele-

1989 4336 2237 4390 brarunt.
2274 4335 2427 4405 lmpii
2455 4343 2636 4389 autem
2670 4333 2910 4388 haeretici
2937 4372 2952 4396 ,
2985 4333 3075 4385 alii
3102 4332 3335 4401 plurima
3353 4338 3405 4384 et
3434 4347 3568 4384 con-

300 4425 424 4479 θεον
477 4425 686 4496 πλάνην
727 4427 1046 4498 ἐσέμνυναν.
1083 4431 1205 4483 Τῶν
1235 4430 1293 4483 δέ
1325 4431 1500 4485 ἀθέων
1544 4408 1882 4504 αίρεσιωτῶν

1992 4425 2160 4479 traria
2192 4424 2460 4494 principia
2490 4422 2934 4487 constituerunt;
2966 4421 3058 4473 alii
3089 4420 3270 4489 pravis
3299 4408 3566 4488 malisque

297 4517 353 4570 οί
379 4515 476 4587 μὲν
511 4515 764 4580 πλείστας
798 4519 898 4572 καὶ,
917 4520 1164 4583 ἐναντίας
1191 4521 1364 4591 ἀρχὰς
1395 4523 1790 4594 ὑπεστήσαντο,
1832 4525 1882 4576 εί

1992 4514 2288 4569 virtutibus
2353 4513 2597 4567 universi
2644 4511 3174 4567 administrationem
3237 4510 3564 4579 ascripsere.

295 4609 359 4663 δὲ
386 4612 650 4681 πονηραῖς
683 4612 778 4663 καὶ
823 4610 1054 4679 φαύλαις
1085 4606 1347 4682 δυνάμεσι
1394 4612 1493 4684 τὴν
1537 4613 1630 4666 τοῦ
1682 4611 1882 4679 παντὸς

294 4701 564 4770 διοίκησιν
583 4701 1016 4756 ἀνατεθείκασιν.
1038 4695 1181 4773 Ἤδη
1199 4703 1257 4756 δὲ
1287 4705 1380 4757 καὶ
1401 4704 1579 4757 αὐτῶν
1615 4705 1883 4759 Ἰουδαίων

296 4789 511 4854 παῖδες,
547 4790 1014 4863 ἀνθρωπόμορφον
1049 4795 1141 4846 καὶ
1168 4793 1574 4865 ἁνθρωποπαθῆ
1603 4794 1694 4848 τὸν
1727 4795 1880 4859 Θεὸν,

290 4881 375 4951 τῷ
409 4882 485 4952 μὴ
514 4885 655 4936 νοεῖν
690 4883 788 4946 τὰς
814 4883 1067 4954 Γραφὰς,
1091 4884 1402 4953 εἰσάγοντες
1427 4902 1442 4915 ·
1477 4884 1612 4940 ἀλλὰ
1643 4885 1736 4939 καὶ
1785 4903 1886 4956 μυ-

296 4970 391 5041 ρία
415 4969 622 5048 ἔκτοπα
640 4973 735 5024 καὶ
762 4971 992 5026 ταπεινὰ
1031 4972 1473 5044 μυθολογοῦντες,
1503 4974 1717 5048 μακρὰν
1752 4976 1888 5029 dno-

292 5059 622 5114 πεπτώκασι
664 5062 758 5116 τοῦ
797 5063 1100 5134 πρέποντος
1132 5063 1321 5134 ὕμνου.
1357 5064 1526 5118 Μόνοι
1552 5064 1608 5118 δὲ
1628 5067 1676 5118 οί
1711 5067 1769 5117 ἐν
1816 5068 1880 5136 τῇ

302 5151 609 5224 Ἐκκλησία
637 5153 743 5208 τοῦ.
763 5154 898 5208 Θεοῦ
933 5156 1022 5210 τὸν
1055 5155 1333 5227 πρέποντα
1359 5155 1528 5228 ὕμνον
1562 5157 1692 5229 παρ’
1718 5157 1882 5211 αὑτοῦ

287 5242 669 5313 δεδιδαγμένοι
713 5244 808 5298 τοῦ
841 5245 1094 5316 Σωτῆρος
1126 5246 1377 5314 ἐπαξίως.
1396 5247 1486 5300 τὸν
1512 5247 1731 5320 Πατέρα
1767 5247 1884 5302 θεο-

287 5333 546 5402 λογοῦσιν
565 5351 578 5364 ⁸
608 5334 638 5387 ὃ
661 5334 724 5407 δὴ
744 5335 1144 5408 παρίστησιδιὰ
1168 5338 1269 5408 τῆς
1294 5336 1430 5408 μετὰ
1451 5339 1639 5410 χεῖρας
1660 5340 1883 5406 φάσκων

289 5427 456 5498 ὼδῆςο
491 5445 509 5477 ι
540 5426 632 5479 Σοὶ
655 5428 853 5498 πρέπει
881 5429 1066 5501 ὕμνος,
1101 5433 1129 5482 6
1160 5430 1312 5506 Θεὸς,
1343 5431 1400 5482 ἐν
1433 5429 1590 5485 Σιών.
1631 5448 1648 5480 ι
1692 5431 1886 5502 ’Λπρε-

292 5515 400 5586 τὴς
426 5514 486 5568 δὲ
510 5514 682 5584 ὕμνος
708 5516 921 5589 λεχθείη
949 5517 1014 5571 ἂν
1034 5519 1062 5569 ὁ
1092 5518 1311 5588 δαίμοσι
1338 5520 1591 5588 πονηροῖς
1616 5518 1708 5571 καὶ
1731 5517 1884 5570 πνεύ-

364 5693 411 5724 υ
443 5691 594 5748 Psal.
623 5708 709 5756 cx,
743 5694 827 5748 l0.

1989 4604 2109 4659 Jam
2171 4619 2301 4658 vero
2363 4604 2469 4673 ipsi
2512 4601 2708 4666 Judwi,
2763 4601 3059 4655 humanam
3100 4600 3329 4654 formam
3371 4601 3567 4654 Imma-

1990 4711 2202 4767 nosque
2235 4694 2482 4760 allectus,
2536 4693 2681 4764 quod
2719 4691 3032 4762 Scripturas
3090 4708 3198 4746 non
3235 4692 3567 4764 intelligunt,

1992 4785 2105 4842 Deo
2150 4787 2417 4857 afﬁngunt
2451 4804 2464 4840 :
2499 4785 2610 4839 imo
2639 4799 2771 4840 vero
2794 4783 3008 4839 inﬁnita
3061 4783 3302 4838 absurda
3325 4783 3568 4854 abiecta-

1987 4893 2095 4947 que
2147 4875 2476 4939 l‘abulantes,
2519 4875 2586 4930 ab
2642 4876 2847 4946 hymno
2878 4875 2971 4946 qui
3005 4875 3198 4930 deceat
3244 4875 3405 4946 longe
3446 4891 3571 4946 pro-

1985 4969 2123 5038 lapsi
2142 4975 2292 5024 sunt.
2315 4968 2356 5022 li
2388 4982 2516 5022 vero
2556 4966 2660 5020 soli
2690 4966 2783 5036 qui
2811 4970 2863 5019 in
2885 4965 3130 5020 Ecclesia
3162 4964 3256 5020 Dei
3285 4967 3567 5021 decentem

1987 5060 2248 5131 hymnum
2277 5061 2346 5115 ab
2378 5061 2498 5130 ipso
2526 5057 2817 5114 Servatore
2846 5057 3027 5112 edocti
3061 5066 3212 5121 sunt,
3243 5057 3566 5127 condignam

1993 5151 2345 5221 divinamque
2369 5151 2436 5206 de
2469 5149 2629 5206 Patre
2665 5149 2972 5204 doctrinam
3004 5147 3276 5215 ell'erunt;
3313 5146 3458 5216 quod
3511 5148 3564 5200 in

1991 5244 2248 5313 praesenti
2294 5243 2512 5298 cantico
2546 5241 2856 5297 declaratur
2880 5240 2966 5295 his
2997 5240 3221 5296 verbis:
3257 5259 3273 5290 ι
3317 5238 3394 5292 Te
3413 5238 3567 5291 decet

1991 5335 2251 5407 hymnus,
2285 5335 2447 5401 Deus,
2473 5339 2531 5392 in
2571 5335 2721 5392 Sion.
2752 5355 2772 5388 ι
2813 5335 3079 5392 lndecens
3110 5348 3274 5408 porro
3329 5333 3565 5403 hymnus

1991 5425 2229 5493 dicatur,
2255 5428 2348 5498 qui
2385 5427 2638 5499 malignis
2671 5427 3013 5484 daemonibus
3035 5425 3370 5498 impurisque
3397 5419 3564 5491 spiri-

1990 5519 2138 5576 tibus
2167 5511 2462 5574 emittitur:
2490 5520 2747 5576 indecens
2779 5520 2906 5575 item
2924 5521 3014 5591 qui
3044 5519 3165 5583 soli,
3208 5518 3366 5580 lunar,
3398 5511 3564 5567 astris

947 5695 988 5726 “
1017 5693 1182 5750 llcbr.
1233 5710 1329 5762 xu,
1366 5695 1451 5749 -2.
1533 5696 1572 5725 ¹³
1608 5694 1785 5750 Galat.
1825 5711 1900 5760 iv,
1932 5696 2022 5754 26.
2106 5697 2150 5727 ¹⁶
2183 5695 2325 5752 Psal.
2363 5713 2423 5760 ιι,
2458 5695 2512 5750 6..
