4024 6210
476 272 582 326 627

1138 268 1404 324 EUSEBII
1446 266 1928 332 CIESMHENSIS
1960 267 2111 323 OPP.
2150 267 2329 322 PARS
2371 266 2455 322 Ill.
2497 295 2566 308 ——
2603 212 3010 319 EXEGE'l'ICA.

3613 258 3717 313 628

470 383 791 452 ceterisque
817 380 999 435 mundi
1042 382 1288 450 partibus
1317 381 1386 434 ab
1446 381 1513 434 iis
1543 380 1781 446 canitur,
1809 381 1903 452 qui
1949 393 2037 433 ea-

2158 397 2311 448 κασιν
2345 378 2675 449 ἀκαθάρτοις
2703 374 3156 443 ἀναπεμπόμενος
3179 387 3193 400 ·
3229 367 3481 440 ἀπρεπὴς
3505 367 3562 420 δέ
3600 368 3718 419 ἐστι

469 476 593 530 dem
618 473 759 526 inter
779 470 911 526 deos
944 479 1328 525 annumerant.
1384 469 1566 540 Longe
1588 470 1802 539 turpior
1833 484 1961 523 vero
1987 479 2034 523 et

472 561 764 616 admodum
799 559 1092 614 indecorus
1125 568 1229 623 est,
1289 560 1381 628 qui
1435 559 1663 629 impuris
1708 557 2038 626 lascivisque

469 655 700 709 canticis
734 653 800 708 de
831 653 1114 708 amatoriis
1152 653 1379 708 deorum
1412 653 1661 708 historiis
1689 651 2036 721 conﬁngitur.

472 746 632 800 Soius
650 756 831 800 autem
879 745 1164 814 speciosus
1214 759 1279 797 ac
1318 743 1520 799 decens
1567 744 1803 814 hymnus
1833 743 1922 797 ille
1957 742 2040 795 di-

469 847 645 904 catur,
664 838 756 908 qui
775 837 873 893 soli
887 836 1192 898 Conditori,
1209 833 1401 904 Opiﬁci
1423 850 1486 888 ac
1504 832 1638 904 Regi
1665 834 2039 901 universorum

469 929 759 991 emittitur,
792 928 1056 982 cuietiam
1079 937 1203 980 vota
1257 925 1506 988 reddere,
1540 931 1702 994 atque
1728 924 1781 978 id
1809 940 1915 979 non
1946 940 2042 978 ex-

470 1029 555 1073 tra
589 1018 891 1074 Ecclesiam
945 1017 1066 1085 ejus
1121 1025 1382 1086 praestare
1431 1015 1706 1068 convenit.
1746 1013 1927 1079 Quare
1955 1028 2044 1067 se-

468 1109 708 1163 cundum
742 1106 884 1162 LXX
935 1108 1262 1174 lnterpretes
1292 1103 1536 1158 dicitur:
1579 1120 1598 1154 ι
1637 1102 1700 1157 Ει
1730 1103 1820 1156 libi
1856 1101 2045 1155 redde-

469 1209 560 1254 tur
597 1208 780 1254 votum
810 1200 863 1252 in
892 1196 1216 1252 Jerusalem.
1258 1215 1276 1246 ι
1315 1193 1516 1249 Votum
1557 1202 1740 1247 autem
1771 1192 1909 1246 solet
1959 1189 2043 1245 di-

468 1291 594 1345 vina
632 1286 914 1360 Scriptura
943 1304 1140 1342 vocare
1201 1286 1648 1356 promissionem,
1704 1297 1867 1352 quam
1917 1281 2044 1350 quis

470 1381 580 1435 Deo
604 1379 835 1442 dederit,
861 1377 1079 1447 quando
1118 1376 1327 1432 scilicet
1390 1374 1715 1444 resipiscere
1771 1371 2046 1441 vitamque

469 1487 626 1526 suam
681 1469 878 1523 divina:
913 1467 1273 1538 philosophia:
1327 1465 1604 1526 addicere,
1652 1462 1766 1516 sive
1797 1461 1958 1516 etiam
1980 1477 2045 1514 ex

469 1564 630 1619 bonis
657 1563 772 1618 suis
789 1561 1068 1632 quidpiam
1097 1571 1451 1619 consecrare,
1487 1555 1598 1608 sive
1636 1551 1786 1606 aliud
1815 1551 2048 1620 quodvis

471 1653 803 1724 promissum
855 1652 1001 1710 vitae.
1045 1663 1166 1719 quae
1223 1644 1524 1702 secundum
1573 1640 1741 1695 Deum
1775 1648 1877 1702 est,
1923 1655 2049 1694 con-

473 1752 796 1798 sentaneum
850 1744 914 1795 ac
967 1739 1195 1808 probum
1241 1735 1406 1791 edere
1443 1730 1812 1788 constituerit.
1867 1727 2047 1796 Quare
2081 1709 2120 1762 Β

474 1830 682 1886 dictum
709 1829 907 1883 alicubi
947 1828 1048 1880 fuit
1083 1842 1094 1876 :
1134 1844 1152 1875 ι
1197 1824 1254 1878 Si
1285 1835 1468 1878 votum
1504 1821 1719 1882 feceris,
1760 1834 1829 1872 ne
1865 1815 2048 1870 tardes

447 1922 701 1978 reddere
733 1937 745 1973 :
786 1921 979 1974 melius
1009 1919 1210 1986 quippe
1228 1922 1312 1970 est
1345 1931 1452 1970 non
1482 1927 1697 1975 vovere,
1732 1923 1896 1979 quam
1954 1921 2050 1961 vo-

473 2029 602 2068 vere
632 2022 685 2067 et
733 2029 842 2067 non
882 2009 1108 2063 reddere
1147 2008 1208 2060 ".
1250 2026 1267 2058 ι
1324 2003 1486 2060 Decet
1541 2002 1706 2072 igitur
1756 2001 1810 2054 in
1857 1999 2050 2068 primis

474 2104 858 2158 universorum
906 2097 1165 2166 Opiﬁcem
1198 2103 1252 2151 et
1289 2095 1632 2148 Servatorem
1659 2091 1876 2161 hymnis
1905 2089 2049 2143 cele-

477 2190 677 2254 brare;
708 2188 906 2242 deinde
928 2200 1058 2240 vero
1089 2184 1290 2239 divinis
1327 2183 1477 2238 hisce
1529 2180 1780 2233 laudibus
1814 2192 2050 2233 consen-

475 2277 635 2334 tanea
661 2294 824 2349 opera
871 2279 1055 2344 cdere,
1088 2277 1340 2344 bonaque
1393 2270 1663 2342 promissa
1714 2269 1863 2322 dare.
1896 2267 2053 2324 Post-

477 2385 641 2440 quam
668 2385 797 2424 vero
827 2378 880 2424 et
908 2370 1168 2440 hymnum
1222 2375 1278 2422 et
1326 2371 1449 2420 vota
1478 2362 1582 2432 ipsi
1631 2357 2048 2420 reddiderimus,

478 2469 612 2514 tunc
669 2474 792 2513 cum
848 2475 911 2513 ea
941 2474 1062 2528 qua:
1115 2471 1280 2526 penes
1312 2470 1413 2508 nos
1444 2463 1572 2507 sunt
1626 2447 2050 2518 impleverimus,

479 2551 706 2607 ﬁdenter
734 2567 989 2620 agemus;
1021 2551 1096 2604 ita
1116 2558 1173 2602 ut
1205 2548 1452 2604 dicamus
1486 2563 1597 2598 ε--ι
1611 2540 1819 2596 Exaudi
1849 2540 2055 2594 oratio-

479 2659 624 2698 nem.
665 2663 682 2694 ι
713 2641 811 2696 llic
860 2657 1022 2712 porro
1083 2646 1338 2697 accurate
1381 2635 1687 2708 προσευχῆς
1733 2646 1841 2685 ηοη
1893 2630 2054 2700 εὐχῆς

477 2734 712 2801 dictum;
745 2749 870 2788 nam
910 2733 1042 2802 εὐχή
1081 2729 1502 2800 promissionem
1544 2725 1852 2797 signiﬁcat,
1888 2737 2057 2792 προσο

481 2813 614 2897 ευχή
667 2841 798 2879 vero
827 2822 1279 2893 supplicationem
1304 2834 1367 2871 ac
1394 2815 1856 2885 deprecationem,
1893 2825 2055 2880 quam

483 2917 723 2987 Spiritus
777 2923 1004 2969 sanctus
1061 2928 1159 2982 pro
1203 2911 1361 2965 nobis
1415 2907 1630 2967 edebat,
1665 2910 2054 2974 congruentem

481 3007 921 3078 deprecationem
975 3003 1084 3058 Deo
1141 3001 1378 3056 oll‘erens
1425 3013 1488 3052 ac
1529 2996 1760 3051 dicens:
1800 3013 1818 3044 ι
1843 2991 2053 3047 Exaudi

481 3099 807 3152 orationem.
837 3117 855 3149 ›
887 3097 1259 3162 Quorumnam
1318 3091 1624 3147 orationem
1671 3085 2055 3143 exaudiastld

482 3189 681 3245 deinde
711 3189 974 3250 declarat,
1037 3187 1278 3258 gentium
1343 3183 1684 3239 vocationem
1729 3177 2056 3240 vaticinans,

483 3280 612 3335 dum
633 3280 710 3334 ait
737 3296 759 3333 ε,
781 3298 800 3331 ι
838 3279 916 3334 Ad
940 3288 991 3334 te
1017 3278 1196 3333 omnis
1221 3291 1353 3332 caro
1383 3273 1583 3330 veniet.
1615 3291 1633 3325 ι
1665 3269 1903 3342 Spiritus
1931 3283 2060 3324 vero

484 3378 710 3426 sanctus
739 3385 840 3440 pro
867 3368 1203 3424 omnic’arne
1255 3366 1601 3437 precabatur,
1632 3371 1693 3418 ut
1720 3362 1899 3418 omnis
1930 3374 2061 3415 caro

483 3470 774 3533 postquam
809 3459 875 3513 ad
912 3459 1080 3514 Deum
1107 3448 1374 3514 conversa
1431 3455 1617 3519 fuerit,
1659 3451 2063 3524 ipsumque'ina

483 3552 783 3613 vocaverit,
834 3549 1133 3620 propitium.
1165 3549 1315 3606 illum
1371 3546 1635 3602 inveniat.
1695 3543 2059 3613 Quamobrem

488 3659 607 3699 non.
655 3643 835 3697 dixit:
904 3659 921 3691 ι
951 3639 1158 3695 Exaudi
1214 3637 1521 3693 orationem
1582 3649 1793 3699 meam;
1826 3652 1843 3684 ι
1913 3631 2057 3687 sed:

493 3752 521 3786 ι
545 3735 756 3789 Exaudi
783 3731 1110 3794 orationem,
1144 3730 1210 3784 ad
1239 3742 1290 3784 te
1331 3728 1512 3786 omnis
1541 3742 1670 3782 caro
1698 3725 1912 3790 veniet;
1953 3742 1970 3775 ι
1999 3738 2062 3776 ac

488 3826 546 3879 si
587 3824 790 3878 clarius
847 3823 1121 3879 dixisset:
1157 3821 1296 3886 Quia
1359 3819 1602 3877 futurum
1628 3825 1712 3880 est
1769 3824 1834 3872 ut
1883 3814 2062 3870 omnis

486 3929 638 3978 eam,
687 3921 749 3968 et
775 3922 948 3967 totum
978 3927 1151 3982 genus
1199 3913 1497 3965 humanum
1525 3923 1555 3962 a
1587 3909 1880 3961 multorum
1932 3905 2065 3959 deo-

488 4018 612 4058 rum
634 4016 821 4058 errore
855 4004 1094 4064 secedat,
1123 4009 1178 4055 ct
1198 4003 1264 4055 ad
1309 4009 1363 4055 te
1425 3999 1602 4054 solum
1652 4012 1842 4061 verum
1894 3995 2062 4054 Deum

490 4101 865 4154 convertatur,
893 4093 1134 4162 hymnos.
1151 4097 1312 4146 canat
1346 4089 1467 4152 tibi,
1513 4096 1639 4140 vota
1671 4086 1883 4150 reddat,
1939 4099 2064 4138 ora-

491 4188 670 4242 tiones
687 4193 739 4239 et
769 4181 1196 4253 supplicationes
1221 4179 1485 4242 eﬂundat,
1533 4177 1730 4233 exaudi
1749 4176 2064 4233 orationem

492 4292 706 4335 οοιτυω.

2142 472 2284 522 καὶὸ
2318 469 2452 538 ἡλίῳ
2486 469 2578 521 καὶ
2604 465 2798 536 σελήνῃ
2834 464 2928 516 καὶ
2977 462 3195 532 ἄστροις
3221 461 3315 512 mi
3353 460 3466 520 τοῖς
3512 457 3719 518 λοιποῖς

2141 559 2237 612 τοῦ
2291 559 2494 627 κόσμου
2548 557 2772 627 μέρεσιν
2829 553 2936 606 ὑπὸ
2970 551 3078 605 τῶν
3120 549 3294 603 ταῦτα
3330 547 3718 606 θεοποιοῦντων

2142 648 2422 718 ᾁδόμενος.
2467 648 2574 698 Καὶ
2601 646 2681 697 ἐτι
2711 643 2908 714 μᾶλλον
2938 640 3164 710 αἰσχίων
3195 639 3290 691 καὶ
3309 636 3720 708 ἀπρεπέστατος

2142 743 2170 794 ό
2226 742 2293 794 δι’
2353 738 2592 809 αἰσχρῶν
2636 737 2729 791 καὶ
2776 733 3090 788 ἀκολάστων
3123 731 3382 801 ᾀσμάτων
3431 730 3546 790 τοῖς
3595 725 3721 796 περὶ

2145 834 2282 886 θεῶν
2332 833 2615 902 ἐρωτικοῖς
2643 828 2975 897 διηγήμασιν
3022 820 3514 890 ἀναπλαττόμενος.
3547 817 3720 879 Μόνος

2143 925 2190 977 δ’
2217 925 2426 984 ἐκεῖνος
2471 922 2671 990 ὡραῖος
2698 908 2912 987 λεχθείη
2937 913 3002 967 ἂν
3051 912 3143 964 καὶ
3170 907 3448 980 εὐπρεπὴς
3477 906 3668 976 ὕμνος,
3693 906 3720 956 ό

2144 1014 2220 1083 τῷ
2241 1013 2388 1082 μόνῳ
2405 1012 2609 1081 Ποιητῇ
2630 1010 2722 1062 καὶ
2742 1002 3072 1077 Δημιουργῷ
3098 1001 3192 1055 καὶ
3216 999 3431 1052 Βασιλεῖ
3454 998 3564 1049 τῶν
3589 995 3721 1048 ὅλων

2144 1101 2262 1170 Θεῷ
2320 1099 2795 1168 ἀναπεμπόμενος,
2846 1090 2890 1161 ᾧ
2934 1094 3028 1146 καὶ
3069 1091 3170 1154 τὰς
3202 1089 3366 1160 εὐχὰς
3414 1086 3722 1140 ἀποδιδόναι

2146 1193 2432 1263 προσήκει,
2462 1190 2556 1242 καὶ
2581 1186 2738 1240 τοῦτο
2773 1188 2941 1238 ποιεῖν
2976 1183 3049 1253 μὴ
3092 1181 3248 1243 ἐκτὸς
3278 1179 3378 1249 τῆς
3399 1177 3722 1246 Ἑκκλησίας

2146 1281 2332 1337 αὑτοῦ.
2366 1281 2456 1333 Διὸ
2487 1279 2734 1332 λέλεκται
2770 1276 2910 1329 κατά
2939 1275 3064 1336 τοὺς
3103 1271 3532 1340 Ἐϐδομήκοντα·
3567 1285 3587 1316 ε
3618 1267 3722 1319 Καὶ

2149 1374 2233 1426 σοὶ
2281 1371 2671 1440 ἀποδοθήσεται
2705 1367 2853 1437 εὐχὴ
2891 1368 2948 1418 ἐν
2999 1364 3370 1436 Ἰερουσαλήμ.
3408 1381 3426 1412 ι
3463 1361 3644 1430 Εὕχῆν
3668 1359 3721 1412 δὲ

2150 1463 2376 1534 σύνηθες
2412 1462 2478 1530 τῇ
2526 1460 2647 1530 θείᾳ
2687 1460 2877 1528 Γραφῇ
2923 1455 3106 1508 καλεῖν
3142 1454 3242 1524 τὴν
3271 1451 3626 1522 ἐπαγγελίαν.
3659 1449 3722 1518 ἦν

2147 1557 2211 1610 ἂν
2235 1551 2640 1621 ἐπαγγέλληταί
2672 1567 2756 1611 τις
2801 1547 2879 1617 τῷ
2910 1546 3048 1616 Θεῷ,
3079 1546 3196 1614 ἦτοι
3229 1558 3524 1612 σωφρονειν
3561 1540 3723 1604 ταξάο

2153 1660 2312 1713 μενος
2363 1643 2454 1694 καὶ
2487 1641 2577 1693 τὸν
2623 1637 2819 1698 ἑαυτοῦ
2851 1636 2965 1707 βίον
3007 1633 3282 1710 ἀναθεῖναι
3310 1633 3375 1700 τῇ
3415 1628 3561 1682 κατὰ
3595 1627 3725 1680 Θεὸν

2150 1733 2456 1802 φιλοσοφίᾳ,
2502 1731 2535 1800 ἢ
2569 1729 2676 1782 τῶν
2718 1726 3013 1797 κτημάτων
3049 1721 3354 1793 ἀφιερῶσαι
3393 1738 3465 1784 τι,
3495 1721 3529 1790 ἢ
3565 1718 3716 1782 τάξα-

2151 1823 2274 1877 σθαί
2320 1839 2439 1874 τινα
2485 1819 2686 1890 σεμνὴν
2717 1815 3048 1885 ἐπαγγελίαν
3091 1813 3406 1882 πρέπουσαν
3463 1810 3542 1878 τῷ
3590 1809 3727 1861 κατὰ

2149 1915 2280 1968 Θεὸν
2315 1914 2436 1984 βίῳ.
2461 1912 2552 1965 Διὸ
2579 1909 2828 1963 λέλεκταί
2866 1925 3000 1960 που·
3027 1925 3045 1955 ι
3091 1904 3214 1958 Ἐὰν
3259 1902 3390 1973 εὔξῃ
3422 1901 3608 1970 εὐχὴν,
3655 1900 3729 1970 μὴ

2150 2005 2404 2077 χρονίσῃς
2447 2000 2772 2056 ἀποδοῦναι·
2806 1997 3011 2067 ἀγαθὸν
3052 1995 3111 2048 τὺ
3155 1996 3228 2065 μὴ
3276 1991 3553 2056 εὔξασθαι,
3595 1991 3628 2060 ἦ
3671 1990 3730 2042 τὸ

2151 2094 2409 2162 εὔξασθαι
2431 2095 2523 2147 καὶ
2548 2093 2620 2163 μὴ
2632 2090 2939 2146 ἀποδοῦναι.
2955 2108 2972 2139 ι
2997 2086 3202 2157 Πρέπει
3218 2084 3395 2137 τοίνυν
3415 2082 3608 2152 πρῶτα
3629 2081 3730 2148 μὲν

2151 2187 2386 2250 ἐπαξίως
2418 2186 2507 2237 τὸν
2524 2184 2630 2237 τῶν
2654 2182 2788 2235 ὅλων
2812 2178 3047 2248 Ποιητὴν
3063 2177 3157 2229 καὶ
3185 2175 3408 2244 Σωτῆρα
3433 2173 3694 2241 ἀνυμνεῖν
3712 2187 3726 2200 ο

2153 2277 2343 2346 ἔπειτα
2371 2275 2438 2327 δι’
2465 2273 2640 2342 ἔργων
2676 2268 2941 2324 ἀκόλουθα
2989 2267 3247 2337 πράττειν
3280 2265 3344 2332 τῇ
3393 2259 3642 2329 θεολογίᾳ
3674 2259 3734 2310 ἐν

2154 2367 2385 2436 ἀγαθαῖς
2435 2362 2809 2432 ἐπαγγελίαις.
2865 2357 3116 2414 Ἐπειδὰν
3167 2356 3223 2408 δὲ
3277 2353 3372 2407 καὶ
3415 2352 3508 2405 τὸν
3561 2350 3734 2421 ὕμνον

2154 2458 2470 2530 πρεπόντως
2500 2456 2592 2508 καὶ
2613 2454 2710 2516 τὰς
2735 2451 2898 2522 εὐχὰς
2911 2447 3195 2516 ἀποδῶμεν
3222 2443 3390 2512 αὐτῷ,
3412 2438 3734 2511 τηνικαῦτα,

2154 2549 2229 2613 ὡς
2271 2548 2337 2602 ἂν
2391 2546 2458 2599 τά
2516 2536 2644 2615 παρ’
2681 2541 2886 2602 ἑαυτῶν
2935 2536 3376 2608 πεπληρωκότες,
3421 2531 3736 2602 παρρησίας

2159 2639 2454 2712 μεθέξομεν
2474 2653 2488 2668 ο
2524 2637 2662 2689 ὥστε
2689 2635 2865 2703 λέγειν
2885 2649 2898 2662 ο
2942 2651 2959 2681 ι
2991 2629 3321 2682 Εἱσάκουσον
3350 2621 3683 2694 προσευχῆς.
3710 2639 3730 2671 ι

2168 2708 2436 2804 Ἃκριϐὦς
2491 2728 2536 2781 δ’
2591 2723 2824 2779 ἐνταῦθα
2871 2719 3219 2804 προσευχῆς,
3269 2713 3382 2768 ἀλλέ
3408 2713 3508 2765 οὐκ
3568 2708 3738 2779 εὐχῆς

2157 2800 2404 2893 εἴρηται*
2441 2821 2475 2889 ὴ
2505 2816 2738 2889 μὲνγὰρ
2781 2800 3113 2880 ἐπαγγελίαν
3147 2807 3334 2876 ἐδήλου
3357 2822 3381 2838 ·-
3405 2807 3438 2858 ἡ
3474 2803 3537 2855 δέ
3567 2815 3737 2870 προσ-

2157 2892 2290 2982 ευχὴ
2325 2911 2504 2981 δέησιν
2548 2909 2641 2962 καὶ
2689 2905 2999 2981 ἱκετηρίαν,
3027 2901 3094 2971 ἢν
3141 2899 3203 2951 τὸ
3234 2895 3459 2964 Πνεῦμα
3485 2893 3546 2944 τὸ
3581 2892 3740 2958 ἆγιον

2083 3023 2128 3083 c
2159 3006 2298 3075 ὑπὲρ
2329 3002 2488 3073 ἡμῶν
2540 3001 2810 3059 ἐποιεῖτο,
2857 2993 3170 3064 πρέπουσαν
3210 2985 3490 3055 ἱκετηρίαν
3533 2994 3757 3052 προσαο·

2160 3071 2331 3164 γαγδν
2352 3071 2436 3162 τῷ
2461 3091 2578 3161 Θεῷ
2611 3090 2704 3142 καὶ
2731 3086 2914 3154 λέγον·
2947 3102 2964 3133 ‹
3005 3080 3334 3134 Είσάκουσον
3361 3071 3690 3144 προσευχῆς.
3715 3087 3733 3120 ι

2161 3159 2333 3240 ’Ϊίνων
2364 3159 2420 3238 δέ
2455 3159 2761 3254 προσευχῆς
2811 3177 3168 3234 εῖσάκονσον;
3211 3165 3545 3239 Παρίστησιν
3585 3159 3737 3254 ἑξῆς,

2160 3277 2267 3330 τῶν
2301 3275 2468 3329 ἐθνῶν
2500 3251 2612 3342 *τὴν
2649 3269 2841 3338 κλῆσιν
2891 3261 3176 3325 θεσπίζον-·
3218 3259 3298 3312 διό
3331 3273 3462 3328 φησι
3487 3271 3508 3338 ’γ
3539 3271 3558 3342 ι

2163 3366 2223 3418 σὲ
2250 3365 2398 3416 πᾶσα
2425 3340 2578 3431 σάρξτ
2603 3358 2742 3428 ἥξει.
2784 3375 2801 3407 ι
2851 3349 3224 3422 ’Υπερηύχετο
3242 3348 3298 3400 δέ
3328 3347 3387 3398 τὸ
3429 3341 3655 3411 Πνεῦμα
3679 3340 3740 3391 τὺ

2163 3457 2316 3523 ἅγιον
2365 3453 2546 3520 πάσης
2591 3447 2790 3519 σαρκὸς
2818 3485 2834 3508 ,
2889 3443 2955 3496 ἵν’
3000 3439 3216 3492 ἐπειδὰν
3245 3435 3559 3504 ἐπιστραφῇ
3595 3433 3740 3483 πᾶσα

2163 3522 2298 3616 σάρξ
2327 3543 2461 3614 πρὸς
2486 3541 2576 3594 τὸν
2598 3539 2748 3599 Θεὸν,
2776 3537 2869 3588 καὶ
2882 3530 3206 3598 ἐπικαλῆται
3233 3526 3414 3589 αὑτὸν,
3445 3523 3599 3593 τύχοι
3646 3522 3742 3573 αὑ-

2162 3611 2255 3688 τοῦ
2297 3611 2553 3702 ἐπηκόου.
2591 3627 2680 3681 Διὸ
2729 3625 2830 3682 οὐκ
2855 3619 3036 3675 εἷπενο
3074 3638 3092 3669 ι
3132 3617 3461 3670 Εἰσάκουσον
3489 3611 3746 3681 τῆςέμῆς

2163 3699 2488 3799 προσευχῆς·
2529 3742 2546 3772 ι
2571 3719 2681 3773 ἀλλ’
2707 3737 2720 3750 ·
2750 3735 2768 3768 ι
2803 3713 3132 3768 Είσάκουσον
3159 3704 3486 3779 προσευχῆς,
3518 3703 3660 3772 πρὸς

2164 3788 2314 3869 πάσα
2506 3811 2626 3882 ἥξει
2646 3827 2674 3843 ·›
2694 3828 2712 3861 ι
2746 3806 2879 3859 ὡσεὶ
2915 3802 3246 3870 σαφέστερον
3269 3797 3452 3886 ἔλεγεν
3471 3810 3484 3823 ·
3524 3788 3744 3858 Ἐπειδὴ

2168 3908 2350 3979 μέλλει
2376 3907 2524 3958 πᾶσα
2559 3901 2693 3972 σὰρξ
2739 3897 2834 3952 καὶ
2872 3895 2980 3948 πᾶν
3009 3892 3166 3960 γένος
3199 3885 3502 3979 ἀνθρώπων
3528 3885 3748 3979 ἀναχωῖ-

2168 3971 2281 4068 ρεῖν
2308 3998 2405 4068 μὲν
2435 3994 2532 4064 τῆς
2559 3971 2820 4046 πολυθέου
2854 3985 3082 4053 πλάνης,
3109 3977 3453 4049 ἐπιστρέφειν
3475 3974 3533 4026 δὲ
3566 3973 3661 4024 ἐπὶ
3690 3971 3758 4026 σὲ.

2164 4065 2256 4140 τὸν
2291 4065 2450 4157 μόνον
2495 4080 2747 4152 ἀληθινὸν
2788 4077 2942 4139 Θεὸν,
2979 4073 3180 4144 ὕμνους
3204 4069 3263 4122 τέ
3287 4085 3368 4120 σοι
3397 4065 3753 4135 ἀναπέμπειν,

2167 4177 2260 4234 καὶ
2292 4151 2467 4244 ,εὐχὰς
2513 4151 2836 4228 ἀποδιδόναι,
2896 4161 3203 4233 προσευχάς
3234 4176 3299 4215 τε,
3333 4157 3428 4210 καὶ
3461 4151 3760 4224 ἱκετηρίας-

2170 4254 2458 4321 ποιεῖσθαι.
2485 4261 2799 4312 εἰσάκουσον
2829 4253 2928 4322 τῆς
2965 4251 3144 4304 αὐτῶν
3168 4245 3495 4319 προσευχῆς.

568 4365 732 4420 Vens.
762 4364 817 4419 4.
858 4382 884 4414 ι.
919 4361 1090 4418 Verba
1114 4360 1429 4431 iniquorum
1482 4357 1883 4430 pravaluerunt
1905 4370 2057 4426 super

2246 4373 2264 4404 ι
2303 4351 2469 4420 Λόγοι.
2504 4349 2722 4418 ἀνόμων
2761 4343 3253 4416 ὑπερεδυνάμωσαν
3288 4338 3455 4408 ἡμᾶς,
3486 4335 3584 4389 καὶ
3628 4335 3761 4394 ταῖς.

494 4474 629 4523 nos,
678 4465 738 4512 et
793 4456 1166 4526 inpietatibus
1226 4453 1430 4509 nostris
1478 4461 1536 4506 tu
1593 4449 1994 4521 propitiaberis.
2044 4465 2062 4502 ι

490 4551 906 4619 Consequenter
928 4547 1246 4608 admodum,
1269 4553 1560 4616 postquam
1614 4545 1682 4597 de
1721 4542 1880 4597 omni
1901 4553 2068 4596 carne

493 4641 729 4702 dixerat,
765 4639 881 4693 haec
935 4638 1140 4700 intulit,
1195 4651 1316 4705 qua:
1359 4636 1539 4690 omnis
1572 4633 1843 4704 praedicta:
1884 4630 2072 4686 carnis

496 4727 900 4781 confessionem
951 4725 1412 4793 complectuntur.
1463 4721 1648 4792 Itaque
1685 4727 1953 4791 quotquot
2003 4733 2070 4773 ex

495 4816 752 4870 omnibus
787 4813 1062 4884 gentibus,
1113 4826 1236 4881 qua:
1262 4811 1389 4865 olim
1421 4810 1672 4867 carnales
1703 4814 1881 4869 erant,
1919 4819 1949 4857 a
1981 4820 2072 4860 su-

494 4905 818 4976 perstitione
853 4902 1081 4973 gradum
1105 4909 1454 4963 revocarunt,
1477 4915 1504 4952 a
1524 4898 1732 4968 Spiritu
1761 4895 1948 4950 divino
1974 4896 2072 4947 do-

495 5002 691 5051 centur
724 4994 972 5050 conﬁteri
1023 4993 1263 5061 quantis.
1293 4993 1428 5054 olim
1462 4991 1532 5044 in.
1566 4988 1724 5043 malis
1765 4984 2072 5054 complicati

500 5082 724 5142 fuerint.
758 5091 919 5151 atque
955 5081 1225 5150 proprias.
1258 5081 1568 5151 impietates
1621 5088 2070 5132 commemorare.

499 5173 812 5240 Quare-ait:
849 5190 868 5221 ι
903 5170 1076 5225 Verba
1108 5171 1418 5240 iniquorum
1467 5170 1867 5239 prmvaluerunt
1908 5179 2074 5234 super

498 5281 623 5332 nos,
647 5263 1089 5334 etimpietatibus
1133 5262 1336 5316 nostris
1359 5269 1416 5314 tu
1458 5245 1864 5331 propitiaberis.
1896 5277 1915 5309 ι
1950 5254 2075 5310 llaec

499 5373 648 5415 sane
686 5355 846 5427 quasi
899 5370 965 5409 ex
1018 5365 1248 5423 persona
1297 5350 1477 5406 omnis
1532 5358 1843 5404 memorata:
1890 5345 2074 5400 carnis

498 5447 660 5508 valde
688 5451 1085 5516 consequenter
1107 5443 1265 5499 dicta.
1306 5441 1528 5498 fuerint.
1551 5440 1689 5506 Quia
1735 5452 1864 5495 vero
1899 5435 2074 5492 canti-

579 5625 622 5696 ‘_7
647 5623 821 5677 Ecclc.
855 5639 903 5689 v,
933 5622 985 5686 5,
1027 5623 1080 5676 4.

2171 4443 2446 4504 ἀσεϐείαις
2476 4439 2635 4511 ἡμῶν
2661 4439 2723 4490 σὺ
2756 4438 2935 4508 ἱλάσῃ.
2974 4454 2992 4485 ι
3029 4431 3238 4502 Σφόδρα
3267 4425 3578 4488 ἀκολούθως
3613 4441 3710 4495 μετ

2169 4532 2239 4598 τά
2298 4531 2426 4602 περὶ
2468 4529 2648 4598 πάσης
2676 4526 2879 4597 σαρκὸς
2928 4521 3246 4591 λελεγμένα,
3293 4517 3655 4586 ἐπενήνεκται
3682 4512 3747 4565 τὰ

2175 4622 2513 4696 προκείμενα
2547 4619 2645 4688 τῆς
2682 4613 3079 4686 ὠνομασμένης
3106 4610 3285 4680 πάσης
3327 4605 3532 4677 σαρκὸς
3562 4606 3763 4673 ἐξομοι.

2173 4715 2396 4783 λόγησιν
2429 4711 2767 4784 περιέχοντα.
2809 4708 2873 4760 Οἱ
2899 4705 3028 4774 γοῦν
3058 4703 3118 4768 ἐξ
3161 4702 3413 4756 ἀπάντων
3445 4698 3556 4752 τῶν
3583 4696 3748 4749 ἐθνῶν

2171 4802 2280 4854 τῶν
2306 4801 2486 4858 πάλαι,
2533 4797 2800 4868 σαρκίνων
2840 4795 2937 4864 τῆς
2984 4791 3370 4861 δεισιδαίμονος
3397 4788 3606 4858 πλάνης
3635 4788 3765 4838 ἐπι-ν

2176 4890 2502 4962 στρέψαντες
2564 4888 2903 4945 διδάσκονται
2945 4883 3052 4944 ὑπὸ
3098 4881 3193 4934 τοῦ
3238 4879 3381 4933 θείου
3436 4877 3751 4946 Πνεὺματος

2173 4968 2452 5052 ὁμολογεῖν
2496 4981 2553 5031 ἐν
2600 4977 2805 5040 ὁποίοις
2853 4975 2982 5028 ποτέ
3020 4975 3206 5034 κακοῖς
3237 4970 3518 5038 γεγόνασι,
3547 4967 3658 5019 τῶν
3697 4981 3752 5017 τε

2174 5073 2390 5126 οἰκείων
2429 5069 2791 5140 ἀσεϐημάτων
2827 5065 3201 5139 μνημονεύειν;
3233 5062 3324 5122 Διό
3356 5077 3490 5130 φησι
3511 5076 3524 5088 °
3546 5078 3564 5109 ι
3591 5058 3756 5124 Λόγοι

2175 5163 2393 5232 ἀνόμων
2449 5160 2946 5231 ὕπερεδυνάμωσαν
2975 5156 3142 5227 ἡμᾶς.
3190 5152 3285 5206 καὶ
3309 5153 3432 5213 ταῖς
3475 5147 3759 5208 ἀσεϐείαις

2174 5255 2207 5323 ἡ
2217 5252 2332 5323 μῶν
2360 5253 2423 5305 σὺ
2456 5251 2683 5321 ἱλάσῃ.»
2714 5249 2897 5302 Ταῦτα
2933 5247 3030 5318 μὲν
3054 5242 3146 5301 οὖν
3168 5243 3433 5313 λεγόμενα
3454 5241 3518 5292 ἐκ
3542 5236 3760 5308 προσώ-

2177 5361 2280 5396 που
2304 5343 2401 5412 τῆς
2439 5341 2794 5409 ἀποδοθείσης
2850 5340 3028 5407 πάσης
3063 5335 3264 5406 σαρκὸς
3301 5329 3602 5401 πολλὴνᾶν
3646 5329 3759 5397 ἔχοι

2177 5432 2513 5491 ἀκολουθίαν.
2532 5432 2681 5485 Ἐπεὶ
2701 5431 2797 5490 δὲίι
2823 5429 2917 5483 τοῦ
2946 5426 3130 5482 Δαυῖδι
3161 5423 3560 5494 ἐπιγέγραπται
3586 5422 3631 5473 ὖ-
