4062 6208
397 276 503 334 629

1535 266 2033 326 COMMENTARIA
2073 268 2138 322 IN
2180 266 2515 323 PSAIMOS.

3551 266 3659 322 630

398 383 491 439 τοῦ
522 384 759 455 ψαλμοῦ,
788 383 1070 454 ζητήσειεν
1088 383 1152 437 ἄν
1181 399 1284 446 τις,
1324 382 1448 436 πότε
1483 382 1571 435 τὸν
1605 381 1767 437 Δαυῒδ
1799 382 1978 453 ἢτοὺς

2082 395 2203 434 cum
2232 378 2450 448 psalmi,
2482 397 2500 428 ι
2545 376 2761 431 Davidis
2798 395 2815 420 ι
2842 375 3162 446 inscriptum
3186 386 3304 441 est;
3332 386 3655 445 opportune

401 474 497 528 σὺν
556 475 706 545 αύτῷ
749 475 897 544 λόγοι
940 475 1156 545 ἀνόμων
1208 470 1733 545 ὑπερεδυνάμωσαν·
1771 472 1975 542 ἦκατά

398 564 491 618 τὸν
539 560 852 635 Σύμμαχον,
893 582 911 615 ι
945 563 1469 617 κατεδυνάστευσανο
1505 582 1521 611 ι
1567 563 1726 625 ποίας
1762 561 1820 614 δὲ
1880 563 1974 616 καὶ

398 655 654 719 ἀσεϐείας
684 656 996 727 ἐκτήσατοό
1020 637 1268 717 τοσοῦτος
1299 652 1392 707 τοῦ
1422 652 1975 725 Θεοῦπροφήτηςκαὶ

398 748 448 800 οἱ
481 748 578 800 σὺν
593 747 761 818 αύτῷ,
785 748 1032 818 ἐπείπερ,
1054 764 1073 797 ι
1092 746 1191 809 τάς
1218 746 1467 809 ἀσεϐείας
1487 744 1644 817 ἡμῶν
1673 747 1738 799 σὺ
1759 744 1937 816 ἱλάσῃ,
1952 766 1970 797 ι

401 838 584 908 φησίν.
617 836 775 892 Ἀλλά
820 821 950 907 γάρ,
999 836 1075 899 ὡς
1137 834 1578 906 ἀποδεδώκαμεν,
1625 828 1976 907 ⁸ινέροφητικῶς

399 926 459 979 τὸ
488 926 711 998 Πνεῦμα
742 927 802 979 τὸ
829 925 1141 997 ἅγιονμτῆς
1167 925 1279 980 τῶν
1308 925 1478 983 ἐθνῶν
1500 925 1742 1004 κλήσεως
1770 943 1975 998 μνημο-

398 1015 614 1081 νεῦσαν,
674 1018 769 1071 καὶ
817 1018 1017 1089 φῆσαΨ
1060 1039 1078 1070 ι
1115 1019 1260 1090 Πρὸς
1296 1018 1355 1072 σὲ
1398 1020 1548 1072 πᾶσα
1590 1017 1727 1089 σὰρξ
1756 1019 1906 1088 ἥξει,
1952 1039 1970 1070 ι

399 1109 709 1173 ἀκολούθως
755 1111 856 1180 τὴν
906 1107 1293 1180 ἐξομολόγησιν
1334 1108 1515 1164 αὐτῶν
1557 1108 1866 1180 διαγράφει,
1917 1109 1978 1175 ἐξ

400 1197 578 1253 αὐτῶν
623 1197 915 1269 προσώπου
983 1198 1221 1266 φάσκον·
1247 1222 1251 1226 ι
1274 1216 1293 1249 ι
1343 1197 1507 1265 Λόγοι
1549 1196 1764 1267 ἀνόμων
1809 1199 1978 1269 ὑπερ-

401 1288 752 1366 εδυνάμωσαν
778 1288 945 1358 ἡμᾶς,
984 1306 1003 1340 ι
1034 1287 1283 1340 τουτέστι
1323 1287 1606 1359 κρείττους
1636 1287 1791 1359 ἡμῶν
1821 1288 1978 1356 γεγό-

402 1378 648 1432 νασικαὶ
678 1375 1036 1448 δυνατώτεροι
1078 1378 1234 1449 ἡμῶν
1282 1379 1333 1431 οἱ
1383 1377 1492 1431 τῶν
1536 1379 1752 1448 ἀνόμων
1806 1378 1975 1447 λόγοι.

405 1466 628 1536 Ἀνομοι
659 1465 718 1518 δὲ
747 1465 947 1527 πάντες
969 1460 1108 1534 ἦσαν
1146 1465 1197 1518 οἱ
1223 1465 1429 1535 πρῶτοι
1460 1466 1859 1537 συστησάμενοι
1882 1468 1979 1538 τὴν

400 1556 506 1636 τῶν
533 1545 1074 1610 είδὼλων’θεοποιίαν
1095 1571 1108 1585 ⁸
1149 1556 1388 1625 λόγοι-τε
1427 1555 1605 1611 αὐτῶν
1633 1559 1680 1611 οἱ
1708 1557 1797 1612 διὰ
1820 1575 1977 1629 ποιη-

396 1644 506 1698 τῶν
522 1645 617 1698 καὶ
648 1644 757 1699 τῶν
790 1644 969 1713 σοφῶν
992 1642 1086 1697 τοῦ
1116 1644 1312 1709 αἰῶνος
1329 1646 1517 1701 τούτου
1544 1647 1671 1717 περὶ
1694 1648 1791 1718 τῆς
1817 1647 1978 1701 πολυο

2079 480 2355 541 quaeratur
2371 468 2727 540 .quandonam
2751 468 2804 522 in
2832 467 3085 522 Dtmdem
3107 476 3200 520 aut
3226 482 3355 535 suos
3375 469 3538 522 verba
3554 468 3659 522 ini-

2082 579 2313 633 quorum
2333 563 2765 633 prazvaluerunt;
2791 562 2907 617 sive
2924 559 3223 616 secundum
3248 558 3654 631 Symmachum,

2089 651 2398 708 «.dominati
2431 658 2607 707 sunt:
2655 669 2674 702 ι
2709 649 2868 720 queis
2927 664 3058 704 vero
3107 648 3488 718 impietatibus
3530 665 3655 704 eum

2084 751 2269 798 tantus
2319 742 2412 797 ille
2464 740 2560 796 Dei
2615 742 2902 812 propheta,
2965 748 3080 794 tum
3118 742 3255 796 socii
3282 742 3403 812 ejus
3446 742 3656 797 addicti

2083 832 2310 896 fuerint,
2333 832 2601 904 siquidem
2630 832 2729 897 ait,
2762 850 2780 883 ι
2819 832 3189 902 impietatibus
3218 835 3421 888 nostris
3451 841 3508 887 tu
3530 848 3657 903 pro-

2090 922 2391 993 pitiaberis.
2437 942 2455 974 ι
2490 920 2714 984 Verum,
2746 921 2824 975 uti
2852 921 2965 989 jam
2995 920 3338 984 tradidimus,
3370 938 3495 977 cum
3531 922 3677 992 δοῖ--

2062 1016 2225 1069 ritus
2257 1021 2484 1070 sanctus
2512 1012 2755 1083 gentium
2787 1013 3132 1067 vocationem
3157 1013 3473 1083 prophetice
3500 1028 3656 1069 com-

2081 1111 2346 1160 memoret
2375 1119 2439 1158 ac
2481 1104 2668 1158 dicat:
2706 1102 2838 1156 ιιΔά
2870 1111 2945 1158 ιοι
2981 1103 3163 1158 omnis
3204 1118 3336 1158 caro
3394 1103 3653 1167 νεώρια.»

2083 1208 2272 1249 earum
2302 1190 2703 1247 confessionem
2746 1200 3147 1260 consequenter
3168 1189 3454 1254 describit,
3489 1204 3553 1243 ac
3589 1205 3675 1245 ex.

2082 1296 2271 1337 earum
2288 1295 2522 1350 persona
2541 1280 2712 1335 dicit:
2745 1299 2767 1331 ι
2810 1278 3315 1350 Verhainiquonum
3353 1279 3656 1349 prmvalue-

2085 1381 2225 1449 runt!
2259 1386 2425 1441 super
2449 1386 2572 1434 nos.
2623 1389 2642 1423 ι
2676 1371 2727 1426 id
2753 1379 2858 1435 est,
2917 1370 3082 1426 verba
3136 1370 3449 1441 iniquorum
3493 1385 3657 1441 supe-

2086 1462 2233 1516 riora
2267 1476 2331 1516 ac
2363 1460 2674 1531 potentiora
2735 1460 2940 1516 nostris
2988 1460 3229 1516 fuerunt.
3270 1460 3450 1530 Iniqui
3475 1467 3655 1515 autem

2087 1552 2258 1618 fuere,
2297 1551 2391 1620 qui
2428 1552 2611 1621 primi-
2640 1550 2785 1605 idola
2853 1552 2995 1605 inter
3041 1550 3173 1606 deos
3222 1557 3653 1620 computarunt:

2086 1643 2249 1699 verba
2279 1657 2442 1712 porro
2474 1658 2661 1697 eorum
2688 1651 2838 1707 sunt,
2875 1658 2997 1712 quae
3023 1660 3049 1693 ει
3085 1642 3259 1712 poetis
3291 1651 3345 1697 et
3389 1643 3650 1712 sapienti-

400 1733 523 1794 θέου
556 1736 768 1806 πλάνης
802 1737 859 1788 ἐν
890 1736 1286 1807 συγγράμμασι
1308 1736 1791 1807 καταϐεὸλημένοι.
1840 1738 1978 1791 Ἀλλ’

2083 1735 2186 1789 bus
2214 1732 2377 1802 hujus
2437 1733 2621 1788 saeculi
2678 1734 2745 1787 de
2792 1734 3086 1786 multorum
3136 1732 3422 1787 numinum
3468 1747 3656 1787 errore

398 1819 544 1878 οὗτοι
606 1825 705 1894 μὲν
758 1843 777 1876 ‹
843 1822 1340 1880 κατεδυνάστευσαν
1392 1825 1585 1896 ἡμῶν,
1638 1847 1656 1878 ι
1693 1826 1833 1882 κατά
1886 1828 1978 1884 τὸν

402 1912 753 1985 Σύμμαχονυ
785 1915 849 1968 σὺ
911 1915 959 1969 δέ
1008 1916 1106 1986 οὐκ
1153 1915 1436 1987 ὑπερεῖδες
1492 1918 1663 1986 ἡμᾶς,
1692 1918 1973 1973 Δέσποτα’

402 2002 572 2056 ἱλάσω
598 2004 655 2056 δὲ
690 2002 787 2066 τὰς
828 2003 1099 2066 ἀσεϐείας,
1126 2003 1303 2075 ἡμῶν,
1341 2005 1705 2076 καταπέμψας
1731 2009 1864 2085 ἡμῖν
1887 2008 1977 2060 τὸν

399 2092 646 2162 ἱλασμὸν,
679 2092 747 2145 δι’
776 2086 837 2145 οῦ
867 2088 1134 2157 κατέστης
1164 2096 1296 2165 ἡμῖν
1338 2095 1518 2159 ἵλεως,
1552 2096 1794 2166 ὑπερϐὰς
1822 2099 1977 2169 ἡμῶν

396 2181 805 2251 τάςεάσεϐείας.
828 2180 922 2244 Τίς
943 2181 1000 2233 δέ
1023 2183 1170 2235 ἐστιν
1197 2184 1226 2236 0
1258 2182 1506 2253 ἱλασμὸς,
1535 2184 1772 2239 διδάσκει
1805 2184 1977 2255 λέγων

393 2274 424 2325 0
455 2271 772 2334 Ἀπόστολος
801 2271 926 2343 περὶ
946 2271 1039 2325 τοῦ
1056 2272 1305 2344 Σωτῆρος
1324 2291 1337 2304 ·
1366 2292 1384 2324 ι
1401 2276 1496 2327 Ὃν
1524 2277 1779 2346 προέθετο
1799 2279 1827 2332 ό
1846 2279 1978 2343 Θεὸς

398 2362 709 2435 ἱλαστήριον
764 2362 853 2416 διὰ
909 2363 1145 2427 πίστεως
1179 2366 1237 2418 ἐν
1268 2364 1347 2435 τῷ
1374 2364 1537 2419 αὑτοῦ
1582 2367 1805 2437 αἵματι·
1843 2389 1860 2422 ι
1886 2372 1978 2425 καὶ

398 2452 590 2519 πάλιν·
633 2472 652 2504 ι
692 2452 1130 2523 Αὐτὸς-ἱλασμός
1180 2457 1328 2508 ἐστιν
1358 2455 1497 2526 ὑπὲρ
1546 2456 1652 2509 τῶν
1692 2460 1977 2531 ἁμαρτιῶν

397 2542 554 2615 ⁴ημῶν
578 2559 591 2572 ·
621 2543 720 2613 οὐχ
757 2542 894 2613 ὑπὲρ
926 2537 1033 2594 τῶν
1082 2538 1363 2616 ἡμετέρων
1397 2545 1453 2599 δέ
1485 2546 1667 2617 μόνον,
1716 2548 1849 2603 ἀλλὰ
1887 2551 1978 2604 καὶ

398 2632 539 2704 ὑπὲρ
564 2633 687 2688 ὅλου
720 2630 815 2686 τοῦ
843 2632 1068 2706 κόσμου.
1103 2654 1121 2685 ι

475 2848 497 2881 ι
541 2827 827 2899 Μακάριος
861 2828 920 2881 ὃν
947 2826 1175 2894 ἐξελέξω
1209 2832 1302 2883 καὶ
1331 2831 1690 2903 προσελάὸου,
1722 2836 1978 2906 κατοική-

394 2937 482 2973 σει
521 2922 580 2973 ὲν
613 2921 733 2981 ταῖς
771 2919 961 2983 αὐλαῖς
1001 2936 1115 2972 σου.
1146 2939 1163 2970 ι
1211 2921 1275 2974 Οἱ
1301 2919 1361 2985 ἐξ
1388 2922 1644 2976 ἀπάντων
1670 2924 1777 2978 τῶν
1810 2926 1977 2981 ἐθνῶν

2080 1825 2301 1893 scriptis
2323 1824 2641 1893 consignata
2672 1833 2820 1878 sunt.
2854 1822 2959 1878 Sed
2996 1823 3031 1876 ii
3080 1821 3297 1892 quidem
3342 1840 3361 1872 ‹
3391 1822 3664 1879 dominati

2080 1920 2210 1970 sunt
2234 1914 2417 1977 nobis,
2467 1933 2485 1964 ι
2516 1914 2813 1969 secundum
2852 1911 3273 1985 Symmachum;
3314 1921 3373 1968 tu
3398 1931 3526 1971 vero
3546 1931 3655 1971 non

2079 1998 2383 2075 despexiSti‘
2406 2020 2528 2070 nos,
2564 2005 2816 2068 Domine,
2851 2006 2945 2060 sed
2980 2007 3313 2076 propitiatus
3360 2006 3659 2076 impietati—

2079 2096 2182 2151 bus
2213 2096 2443 2159 nostris,
2477 2096 2678 2151 misisti
2706 2096 3149 2166 propitiatiouem
3187 2097 3506 2168 nobis,qua
3554 2097 3657 2151 im-

2079 2188 2313 2257 pietates
2367 2197 3085 2257 praetergressustnostras,
3139 2188 3385 2258 placatus
3410 2187 3653 2243 evasisti.

2080 2278 2214 2343 Qua:
2228 2293 2393 2347 porro
2420 2278 2496 2332 sit
2527 2279 2620 2333 illa
2673 2278 3008 2351 propitiatio,
3068 2278 3229 2333 docet
3266 2279 3560 2348 Apostolus
3589 2279 3658 2333 de

2084 2368 2377 2447 Servatore
2433 2370 2656 2425 dicens:
2698 2390 2716 2420 ι
2757 2369 2927 2436 Quem
2969 2370 3252 2440 proposuit
3298 2368 3443 2426 Deus
3477 2369 3658 2438 propi-

2084 2462 2363 2521 tiationem
2394 2478 2491 2532 per
2519 2462 2678 2517 fidem
2709 2461 2763 2515 in
2789 2463 3052 2530 sanguine
3074 2460 3247 2529 ipsius
3276 2460 3348 2526 “;
3392 2478 3411 2511 ι
3445 2475 3506 2514 ac
3531 2475 3656 2513 rur—

2056 2568 2201 2608 sum
2230 2572 2244 2608 :
2284 2572 2302 2603 ι
2337 2553 2454 2624 Ipse
2490 2549 2805 2623 propitiatio
2846 2559 2931 2607 est
2962 2565 3061 2619 pro
3117 2550 3355 2618 peccatis
3402 2551 3608 2625 nostris
3641 2568 3653 2602 :

2083 2661 2191 2701 non
2240 2661 2340 2716 pro
2401 2646 2607 2701 nostris
2654 2651 2834 2699 autem
2888 2651 3123 2708 tantum,
3191 2643 3285 2699 sed
3336 2658 3435 2713 pro
3489 2642 3660 2699 totius

2083 2735 2271 2791 mundi
2307 2736 2368 2788 ι’.
2405 2756 2423 2787 ι

2154 2847 2320 2905 νεεδ.
2358 2849 2476 2906 54).
2530 2870 2548 2903 ι
2577 2846 2782 2907 Beatus
2815 2863 2978 2920 quem
3019 2848 3229 2921 elegiin
3276 2858 3329 2905 et
3356 2847 3660 2917 assumpsi-

2080 2941 2174 3003 sti,
2225 2941 2554 2997 inbabitabit
2599 2943 2653 2996 in
2705 2942 2861 2997 atriis
2905 2942 3034 2997 tuis.
3078 2961 3097 2994 ι
3152 2941 3256 3008 Qui
3292 2957 3359 2995 ex
3402 2938 3660 2995 omnibus

398 3010 859 3083 ἐπιστρέψαντες,
902 3010 1001 3073 τὰς
1031 3010 1240 3064 ἑαυτῶν
1285 3011 1539 3077 ἀσεϐείας
1581 3014 1978 3088 ἐξομολογησά-

2081 3034 2339 3103 gentibus
2365 3033 2617 3090 conversi
2640 3044 2792 3096 sunt,
2819 3032 3130 3103 impietates
3144 3032 3389 3095 confessi
3422 3046 3574 3093 suas.
3599 3038 3661 3084 ut

400 3119 576 3172 μενοι,
611 3103 706 3156 καὶ
732 3102 808 3165 ὡς
836 3100 1252 3172 κατηξιώθησαν
1281 3102 1374 3156 τοῦ
1413 3104 1664 3177 ἱλασμοῦ,
1700 3110 1979 3181 προκοπὴν

398 3191 812 3257 ἐπιδείκνυνται,
858 3194 951 3247 καὶ
993 3192 1173 3264 ψυχῆς
1213 3192 1481 3263 ὠφέλειαν
1524 3196 1745 3269 πολλὴν,
1781 3200 1980 3268 γνῶσιν

394 3282 745 3355 ἀνειληφέναι
783 3285 1125 3348 διδάσκοντες
1159 3285 1254 3339 τοῦ
1284 3287 1499 3358 ἀληθῶς
1533 3289 1824 3363 μακαρίου.
1873 3293 1982 3348 Πά-

397 3374 490 3427 λαι
533 3376 632 3445 μὲν
669 3376 777 3446 γὰρ
814 3375 906 3428 τὸν
947 3376 1141 3448 θνητὸν
1190 3378 1305 3448 βίον
1360 3380 1454 3433 καὶ
1498 3380 1597 3451 τὴν
1649 3381 1982 3455 πρόσκαιρον

398 3463 547 3534 ζωὴν
593 3465 760 3536 μόνην
788 3465 1005 3531 εἰδότες,
1059 3467 1278 3532 πάντως
1328 3486 1430 3522 που
1482 3471 1817 3543 ἐμακάριζον
1856 3476 1984 3539 τοὺς

397 3554 603 3625 ταύτης
652 3556 1044 3620 ἀπολαύοντας,
1086 3558 1239 3622 τέλος
1282 3559 1476 3630 ἡδονὴν
1516 3560 1845 3634 ὁριζόμενοι,
1888 3566 1983 3619 καὶ

399 3642 694 3710 πλούτους,
748 3646 843 3699 καὶ
886 3645 987 3717 τὴν
1023 3647 1082 3700 ἐν
1134 3647 1346 3719 σώματι
1388 3651 1628 3722 τρυφήν’
1680 3652 1776 3706 νῦν
1813 3654 1859 3708 δ’
1892 3654 1980 3713 ὅτε

398 3735 733 3804 τετυχήκασι
770 3734 864 3787 τοῦ
913 3735 1165 3806 ἱλασμοῦ,
1211 3738 1305 3790 καὶ
1349 3737 1449 3801 τὰς
1481 3739 1691 3795 ἑαυτῶν
1727 3740 1981 3805 ἀσεσείας

398 3823 850 3897 ἀπεκαθήραντο,
899 3825 1099 3894 γνῶσιν
1143 3826 1467 3899 ἀνειλήφασι
1506 3829 1601 3883 τοῦ
1631 3830 1848 3902 ἀληθῶς
1882 3848 1983 3902 μα-

388 3914 591 3987 ⁴κειρίου
611 3932 623 3945 ·
668 3917 762 3968 καὶ
786 3915 973 3970 τοῦτον
999 3913 1139 3972 εἷναί
1177 3935 1310 3988 φασι
1340 3903 1432 3973 τὸν
1461 3920 1569 3974 ὑπὸ
1601 3920 1982 3990 Θεοῦ.ἐκλεγό-

400 4020 563 4076 μενον
590 4006 685 4059 καὶ
705 4005 803 4075 τῆς
835 4005 929 4059 ὑπ’
960 4006 1122 4061 αὐτοῦ
1155 4007 1513 4080 προσλήψεως
1541 4009 1977 4082 κατηξιωμένον·

398 4092 482 4146 διό
517 4111 681 4164 φασιυ
733 4095 939 4160 Πάντες
981 4099 1143 4167 ἡμεῖς
1173 4099 1276 4169 τῆς
1315 4098 1560 4170 κλήσεως
1600 4100 1981 4172 ητηξιὼμεθα

397 4188 452 4242 οἱ
498 4188 663 4241 πάλαι
711 4188 864 4252 ὄντες
921 4189 1086 4261 σάρξο
1136 4190 1251 4245 ἀλλ’
1307 4193 1484 4263 ἴσμεν,
1534 4194 1617 4247 ὅτι
1659 4194 1842 4249 πολλοὶ
1882 4197 1983 4267 μὲν

399 4277 633 4349 κλητοὶ,
678 4279 850 4350 ὀλίγοι
899 4282 956 4336 δὲ
1006 4282 1270 4338 ἐκλεκτοί.
1343 4284 1583 4349 Εἰκότως
1641 4284 1734 4340 οὖν
1786 4287 1863 4352 ὡς
1914 4287 1981 4341 ἂν

2084 3122 2478 3192 prapitiatione
2510 3120 2741 3192 dignati,
2774 3120 3080 3190 profectum
3121 3120 3423 3188 animmque
3453 3115 3660 3172 utilita-

2082 3222 2190 3267 tem
2235 3213 2491 3275 multam,
2535 3211 2684 3267 illius
2713 3212 2808 3280 qui
2835 3225 2962 3265 vere
3003 3209 3199 3265 beatus
3236 3217 3320 3265 est
3350 3209 3542 3265 notitia
3573 3206 3659 3262 in-

2083 3301 2303 3363 structi,
2358 3300 2645 3354 exhibent.
2709 3296 2852 3354 Olim
2902 3314 3138 3369 namque
3190 3314 3316 3353 cum
3371 3298 3657 3353 mortalem

2083 3400 2299 3447 tantum
2354 3402 2408 3446 et
2460 3399 2870 3459 temporaneam
2926 3390 3091 3443 vitam
3152 3398 3401 3452 nossent,
3446 3387 3542 3456 qui
3591 3401 3662 3441 ea

2086 3482 2400 3537 fruerentur
2453 3480 2665 3536 beatos.
2688 3476 2917 3532 omnino
2970 3476 3364 3548 praedicabant,
3419 3468 3697 3543 volupta-'

2085 3582 2213 3636 tem,
2247 3571 2493 3635 divitias,
2528 3568 2780 3640 corporis
2808 3567 3038 3623 delicias
3057 3582 3158 3637 pro
3187 3566 3293 3621 ﬁne
3320 3564 3664 3620 constituen-

2084 3671 2198 3720 tes.
2236 3662 2558 3717 Nunovero
2586 3659 3032 3731 propitiatienem
3073 3658 3242 3722 nacti,
3291 3655 3663 3727 depositisque

2084 3753 2385 3823 impietatis
2420 3751 2707 3817 sordibus,
2754 3749 2907 3804 illius
2943 3748 3036 3819 qui
3068 3764 3197 3804 vere
3227 3748 3420 3803 beatus
3455 3754 3544 3803 est
3574 3760 3665 3800 co-

2081 3844 2393 3915 gnitionem»
2416 3842 2603 3913 adepti
2633 3848 2803 3905 sunt;
2820 3840 3079 3910 buncque
3101 3854 3225 3895 esse
3252 3839 3468 3900 dicunt,
3498 3851 3660 3907 quem

2085 3934 2230 3991 Deus
2249 3948 2535 4005 assumere
2554 3941 2617 3988 et:
2632 3933 2834 4004 eligere
2857 3930 3117 4003 dignatus
3138 3937 3256 3986 est:
3277 3944 3448 3999 quare
3471 3928 3656 3983 aiunt:

2084 4026 2196 4083 Nos
2228 4039 2427 4080 omnes
2451 4024 2737 4079 vocatione
2762 4022 2913 4093 digni
2947 4021 3125 4077 habiti
3157 4036 3372 4088 sumus,
3407 4020 3499 4092 qui
3528 4020 3659 4075 olim

2081 4130 2216 4172 caro
2245 4130 2467 4171 eramus
2497 4131 2513 4169 :
2539 4114 2636 4171 sed
2681 4113 2890 4168 scimus
2935 4112 3137 4168 multos
3165 4119 3412 4176 vocatos,
3454 4110 3660 4181 paucos
3772 4172 3777 4177 λ

2047 4223 2053 4229 ’
2082 4207 2293 4262 electos
2319 4220 2480 4261 esse:
2504 4204 2630 4274 jure
2662 4204 2827 4274 igitur
2846 4203 3100 4265 electum,
3133 4209 3321 4272 utpote
3351 4202 3445 4272 qui
3472 4216 3661 4270 ρει-τοο

2084 4310 2181 4350 rus
2215 4294 2318 4358 sit,’
2338 4293 2559 4348 beatum
2589 4292 2976 4362 praedicamus.
3009 4291 3145 4356 Quis
3177 4291 3267 4344 ille
3287 4297 3394 4351 est,
3423 4288 3532 4343 nisi
3563 4288 3657 4357 qui

400 4368 628 4423 σπάνιον
673 4371 1051 4444 μακαρίζομεν
1096 4373 1189 4427 τὸν
1238 4372 1511 4428 ἐκλεκτόν.
1574 4377 1670 4440 Τίς
1722 4378 1781 4430 δέ
1836 4379 1983 4432 ἐστιν

2086 4399 2155 4440 ex
2184 4383 2377 4437 multis
2408 4388 2731 4452 segregatus
2771 4391 2825 4439 et
2855 4396 2884 4434 a
2920 4379 3031 4436 Deo
3056 4387 3372 4448 assumptus
3402 4377 3526 4432 est?
3557 4376 3660 4432 Ec.

398 4454 555 4524 οὗτος
597 4460 712 4514 ἀλλ’
743 4461 776 4533 ἢ
806 4464 862 4521 ,ό
913 4462 1231 4536 ἀφορισθεὶς
1281 4464 1392 4517 τῶν
1438 4465 1647 4519 πολλῶν
1693 4468 1789 4520 καὶ
1846 4468 1978 4521 ἀνα-

397 4547 625 4622 ληφθεὶς
665 4552 771 4607 ὑπὸ
816 4552 916 4606 τοῦ
947 4553 1117 4619 Θεοῦ;
1166 4555 1278 4608 Καὶ
1328 4554 1448 4619 πῶς
1474 4554 1583 4626 γὰρ
1626 4556 1688 4608 ού
1715 4557 1982 4629 μακάριος

374 4632 642 4713 ’ἀληθῶς,
678 4644 708 4696 ό
737 4641 999 4709 τοιοῦτος,
1048 4644 1232 4711 ὁπότε,
1272 4645 1382 4699 τῶν
1413 4645 1508 4699 δύο
1542 4645 1749 4700 τούτων
1780 4646 1980 4717 τυχὼν,

395 4729 544 4800 λέγω
571 4731 754 4802 δέ.τῆς
781 4733 1013 4805 ἐκλογῆς
1049 4735 1145 4787 καὶ
1172 4733 1392 4808 τῆςγτοῦ
1423 4735 1560 4789 Θεοῦ
1599 4735 1978 4808 προσλήψεως,

398 4820 588 4891 ἑτέρου
634 4821 941 4892 κρείττονος
973 4806 1478 4897 καταξιωθήέσεταη
1527 4806 1844 4899 κατοικήσει
1873 4828 1981 4901 γάρ

396 4912 478 4964 ἐν.
501 4914 623 4975 ταῖς
668 4912 858 4976 αὐλαῖς
905 4912 1001 4968 τοῦ
1027 4914 1184 4969 Θεοῦ.
1241 4914 1354 4970 Καὶ
1401 4916 1606 4990 ταύτην
1648 4916 1835 4972 λοιπὸν
1882 4919 1982 4990 τὴν

401 5001 571 5074 μονὴν
630 5003 806 5075 εὑρὼν
855 5006 953 5059 καὶ
1007 5007 1108 5077 τὴν
1166 5008 1518 5075 ἀνάπαυλαν,
1570 5009 1804 5065 ἐνταῦθα
1851 5028 1982 5082 στη-

401 5091 718 5165 ριχθήσεται
747 5110 761 5123 ·
820 5094 883 5149 τὸ
924 5094 1077 5161 τέλος
1117 5097 1320 5167 ἀγαθὸν
1370 5099 1527 5154 τοῦτο
1571 5099 1880 5167 ἀπολαύων,
1918 5094 1980 5155 οῦ

394 5186 583 5255 τυχεῖν
609 5185 706 5238 καὶ
732 5184 891 5253 ἀλλος
915 5183 1117 5258 ηὔχετο
1160 5188 1448 5261 προφήτης
1485 5192 1515 5244 0
1547 5190 1717 5245 εἱπών
1736 5209 1750 5222 ο
1787 5212 1806 5244 ι
1831 5194 1980 5248 Ἐπι-

396 5273 558 5327 ποθεῖ
602 5274 697 5328 καὶ
739 5275 980 5330 ἐκλείπει
1015 5279 1050 5347 ἡ
1084 5276 1230 5350 ψυχή
1279 5295 1381 5350 μου
1423 5280 1503 5343 εἱς
1540 5280 1641 5345 τὰς
1678 5282 1846 5347 αύλάς
1881 5282 1976 5338 τοῦ

395 5365 629 5436 Κυρίου.
658 5387 677 5420 ι
710 5368 879 5422 Αὐλαὶ
904 5369 963 5424 δέ
988 5368 1084 5423 τοῦ
1108 5370 1321 5443 ιΚυρίου
1350 5370 1489 5424 είσὶν
1522 5374 1579 5426 αἱ
1606 5375 1726 5427 κατ’
1750 5375 1977 5446 οὐρανὸν

399 5459 583 5531 μοναὶ,
607 5460 735 5531 περὶ
758 5453 833 5515 ὧν
855 5460 1075 5532 εἴρηται
1089 5462 1147 5517 ἐν
1165 5459 1499 5533 Εύαγγελὶῳ·
1538 5480 1557 5514 ι
1586 5462 1787 5518 Πολλαὶ
1816 5466 1976 5536 μοναὶ

475 5634 519 5664 ’⁸
546 5628 707 5689 Rom.
740 5648 827 5703 ιιι,
861 5632 957 5689 25;

2083 4473 2176 4543 qui
2210 4486 2317 4525 non
2342 4484 2472 4527 vere
2504 4470 2701 4525 beatus
2740 4471 2811 4524 sit
2839 4469 2933 4538 qui
2965 4466 3281 4537 huiusmodi
3308 4474 3415 4529 est,
3439 4467 3664 4535 quando

2080 4561 2191 4615 duo
2228 4559 2343 4614 haec
2385 4574 2415 4612 a
2451 4557 2563 4614 Deo
2605 4564 2959 4623 consecutus,
2989 4556 3312 4611 electionem
3361 4555 3661 4611 scilicetoet

2082 4650 2537 4719 assumptionem,
2571 4650 2678 4704 alio
2724 4648 3102 4720 praestantiore
3134 4647 3491 4719 dignabitur?
3531 4645 3678 4705 nam.

2080 4740 2414 4796 inhabitabit
2444 4741 2499 4794 in
2533 4740 2690 4796 atriis
2718 4740 2836 4796 Dei.
2882 4738 2951 4794 Et
2977 4740 3081 4794 hac
3110 4739 3331 4795 inventa
3376 4741 3662 4797 mansione

2078 4840 2135 4889 et
2164 4833 2370 4904 quiete.
2394 4832 2519 4888 istic
2547 4831 2984 4911 continuabitur,
3014 4831 3243 4901 fineque
3257 4829 3403 4889 bono
3423 4830 3659 4893 fruetur.

2083 4940 2247 4995 quem
2315 4925 2567 4980 nancisci
2628 4924 2860 4995 rogabat
2914 4924 3058 4979 alius
3102 4923 3368 4995 propheta
3421 4923 3655 4978 dicens:

2086 5033 2105 5066 ι
2139 5015 2494 5087 Goncupiseit
2527 5022 2583 5070 et
2627 5014 2816 5071 deﬁcit
2855 5014 3038 5069 anima
3089 5029 3211 5070 mea
3258 5015 3316 5071 in
3369 5015 3509 5070 atria
3552 5012 3661 5067 De,

2080 5090 2219 5160 mini
2248 5105 2319 5160 ".
2354 5123 2373 5157 ι
2409 5104 2592 5162 Atria.
2608 5119 2740 5161 vero
2770 5104 3000 5159 ‘Domini
3042 5112 3171 5161 sunt
3201 5107 3453 5163 caelestes
3502 5118 3660 5159 man-

2087 5196 2294 5259 siones,
2349 5196 2420 5252 de
2465 5196 2668 5266 quibus
2717 5197 2919 5252 dicitur
2948 5198 3005 5252 in
3055 5197 3352 5270 Evangelio
3382 5215 3396 5252 :
3431 5213 3451 5247 ι
3500 5192 3654 5264 Apud

2084 5284 2303 5341 Patrem
2340 5287 2656 5343 mansiones
2703 5288 2890 5344 multa:
2911 5288 2982 5343 ³⁸.
3013 5305 3033 5341 ι
3069 5286 3120 5344 Is
3151 5289 3334 5360 itaque
3376 5300 3444 5339 ex
3479 5282 3656 5352 genti-

2082 5375 2216 5440 bus,
2234 5376 2508 5446 quiolim
2548 5392 2679 5433 caro
2718 5388 2859 5442 erat.
2911 5379 3007 5435 sed
3045 5379 3157 5448 jam
3196 5383 3458 5436 mutatus,
3488 5371 3655 5425 homo

2085 5464 2181 5521 Dei
2217 5467 2445 5523 eﬂ'ectus
2469 5474 2575 5532 est»
2599 5483 2724 5524 eum
2745 5468 2838 5538 qui
2867 5473 3185 5539 segregatus
3217 5472 3272 5535 et
3301 5463 3412 5532 jam
3441 5457 3660 5520 electus

1061 5632 1341 5692 "‘ann.
1374 5649 1437 5705 ιι,
1460 5634 1517 5693 2.
1591 5636 1638 5670 ⁸⁸
1664 5636 1797 5693 Psal
1849 5653 2083 5708 sxum,
2119 5639 2177 5699 ὃς
2254 5635 2483 5700 “'Joan.
2518 5658 2631 5707 xlv.
2658 5643 2716 5701 2.
