4024 6210
425 249 524 302 05!

1103 245 1368 301 EUSEBII
1401 245 1880 301 CASSARIENSIS
1911 237 2074 302 OPP.
2101 244 2279 300 PARS
2319 246 2407 302 Ill.
2446 276 2519 288 —
2557 245 2967 300 EXEGETlCA.

3573 245 3676 300 632

426 369 512 415 est
549 362 760 416 beatum
794 359 1084 428 praedicat;
1124 367 1310 430 utpote
1338 361 1430 430 qui
1479 377 1508 414 a
1554 360 1663 416 Deo
1686 370 2003 431 assumptus

2115 363 2258 434 παρά
2293 363 2368 431 τῷ
2389 363 2583 432 Πατρί.
2617 383 2635 413 ι
2690 364 2748 417 '0
2782 362 2958 415 τοίνυν
2990 361 3050 425 ἐξ
3076 360 3244 413 ἐθνῶν
3269 360 3435 415 πάλαι
3469 363 3566 433 μὲν
3607 363 3676 416 ὣν

426 464 482 509 et
529 454 587 508 in
639 452 776 506 atria
825 449 1070 505 caelestis
1116 451 1418 507 Jerusalem
1469 453 1771 508 translatus
1818 453 2000 508 fuerit.

432 562 452 595 ι
485 543 831 614 Replebimur
878 545 933 599 in
983 543 1142 599 bonis
1197 543 1394 598 domus
1440 551 1585 598 tuas:
1619 551 1868 598 sanctum
1920 554 2003 598 est

429 635 687 704 templum
745 642 924 699 tuum,
976 634 1226 689 mirabile
1273 635 1328 688 in
1355 634 1591 703 juStitia.
1629 653 1648 686 ι
1684 635 1786 699 Qui
1836 650 2004 704 supra

425 723 713 779 memorati
744 736 891 791 sunt,
930 725 1072 780 bona
1105 725 1374 790 caelestia,
1416 725 1574 794 queis
1605 725 1898 793 praedictus
1921 725 2006 779 vir

429 818 621 871 beatus
665 817 865 887 dignus
913 819 1136 874 habitus
1169 825 1274 880 est,
1330 817 1594 886 consequi
1630 825 2002 886 per0ptautes,

425 909 578 963 aiunt
606 929 618 963 :
652 929 669 959 ι
700 908 1050 977 Replebimur
1083 909 1137 962 in
1172 908 1333 962 bonis
1361 907 1558 961 domus
1595 915 1717 960 tuae.
1771 927 1788 957 ι
1827 907 2004 962 Coale-

425 1007 565 1052 stem
605 998 752 1053 enim
783 999 932 1052 illam
963 997 1056 1053 Dei
1089 997 1337 1058 domum,
1378 995 1539 1064 cujus
1571 997 1624 1048 in
1657 995 1812 1050 atriis
1838 996 1884 1050 is
1910 995 2002 1064 qui

420 1089 535 1157 jam
584 1089 791 1144 electus
834 1088 937 1142 fuit
997 1089 1334 1143 constitutus
1391 1095 1496 1150 est,
1554 1087 1724 1156 probe
1779 1097 2002 1141 norunt.

426 1179 792 1246 Quamobrem
827 1187 1143 1249 precantur,
1171 1194 1230 1233 se
1255 1192 1476 1248 quoque
1509 1185 1821 1246 opportuno
1861 1187 2005 1231 tem-

425 1287 558 1341 pore
601 1271 847 1327 caelestia
895 1272 985 1324 illa
1028 1271 1169 1324 bona
1215 1270 1501 1340 consequi.
1531 1269 1688 1334 Quod
1727 1267 1774 1321 si
1805 1267 2009 1323 domus

427 1361 522 1414 Dei
555 1362 799 1418 Ecclesia
828 1362 948 1431 ejus
978 1363 1049 1416 sit
1082 1361 1385 1415 secundum
1411 1360 1757 1430 Apostolum,
1781 1359 1872 1428 qui
1896 1358 1998 1411 ait:

433 1474 462 1508 ι
487 1453 555 1507 Ut
594 1455 740 1508 scias
774 1453 1052 1524 quomodo
1079 1462 1330 1521 Oporteat
1371 1461 1422 1505 te
1459 1450 1512 1505 in
1543 1451 1708 1504 domo
1741 1448 1832 1503 Dei
1882 1464 2006 1502 con-

425 1545 660 1609 versari,
688 1560 809 1614 qua:
842 1552 926 1598 est
962 1542 1206 1597 Ecclesia
1243 1541 1336 1597 Dei
1381 1542 1513 1604 vivi,
1549 1542 1806 1594 columna
1837 1548 1891 1594 et
1917 1538 2006 1592 lir-

429 1637 764 1687 t'namcntum
814 1634 1063 1688 veritatis
1090 1634 1170 1697 ";
1205 1653 1224 1684 ι
1251 1633 1376 1702 jure
1417 1631 1607 1684 dicunt
1635 1651 1646 1684 :
1680 1629 1880 1684 Beatus
1915 1630 2005 1684 ille

2109 452 2266 522 σὰρξ,
2305 451 2623 522 μεταϐαλὼν
2653 453 2710 505 δὲ
2750 453 2843 504 καὶ
2881 451 3173 522 γενόμενος
3209 451 3344 505 Θεοῦ
3372 451 3675 522 ἄνθρωπος,

2109 542 2398 613 μακαρίζει
2443 543 2535 595 τὸν
2582 543 2860 613 ἐξαίρετον
2907 543 3002 594 καὶ
3046 539 3471 612 ἧδηιέκλεκτόν·
3511 544 3588 606 ὼς
3620 545 3680 597 ἂν

2107 632 2520 704 προσληφθέντα
2558 635 2663 686 ὑπὸ
2706 633 2800 686 τοῦ
2833 631 2970 686 Θεοῦ
3008 634 3100 685 καί
3145 635 3571 704 παραληφθέντα
3608 638 3682 700 εἰς

2105 723 2204 786 τὰς
2250 724 2419 797 αὐλάς
2452 724 2553 794 τῆς
2593 725 2915 794 ἐπουρανίου
2957 724 3330 794 Ἰερουσαλήμ.
3372 745 3389 774 ι
3433 725 3684 795 Πλησθη-

2107 813 2314 883 σόμεθα
2348 815 2405 867 ὲν
2427 817 2540 876 τοῖς
2571 813 2798 880 ἀγαθοῖς
2833 813 2930 865 τοῦ
2961 812 3112 866 οίκου
3143 830 3236 866 σου
3257 832 3269 844 ·
3321 813 3475 881 ἅγιος
3507 819 3536 868 ὁ
3563 817 3686 877 ναός

2109 918 2239 964 σου,
2291 902 2602 971 Θαυμαστὸς
2647 903 2704 954 ἐν
2741 901 3075 971 δικαιοσύνη.
3104 921 3122 952 ι
3170 903 3232 954 Oi
3277 903 3686 974 προλεχθέντες,

2106 995 2288 1060 τυχεῖν
2321 992 2604 1062 εὐχόμενοι
2637 991 2730 1044 καὶ
2752 990 2906 1044 αὐτοὶ
2947 991 3054 1044 τῶν
3083 992 3421 1063 ἐπουρανίων
3448 993 3688 1061 ἀγαθῶν,

2106 1078 2185 1136 ὧν
2219 1081 2444 1151 ἠξίωται
2480 1085 2508 1135 6
2537 1083 2934 1152 προειρημένος
2965 1084 3253 1153 μακάριος,
3284 1084 3447 1152 φασίν
3467 1101 3481 1114 ο
3523 1086 3693 1155 «Πλη-

2109 1169 2421 1242 σθησόμεθα
2453 1171 2511 1222 ἐν
2539 1175 2650 1234 τοῖς
2685 1169 2910 1239 ἀγαθοῖς
2939 1171 3032 1223 τοῦ
3061 1171 3213 1223 οἴκου
3250 1188 3364 1225 σου.
3403 1191 3422 1224 ι
3479 1174 3694 1240 Ἔγνω-

2110 1277 2209 1314 σαν
2241 1261 2350 1330 γὰρ
2398 1260 2488 1312 τὸν
2531 1255 2680 1312 οἷκον
2720 1259 2814 1312 τοῦ
2843 1260 2978 1313 Θεοῦ
3029 1259 3120 1312 τὸν
3159 1261 3496 1331 ἐπουράνιον,
3531 1257 3592 1315 οὗ
3635 1263 3692 1314 ἐν

2106 1354 2226 1413 ταῖς
2260 1351 2452 1412 αύλαῖς
2489 1351 2518 1401 6
2561 1350 2661 1420 ήδη
2694 1350 2950 1413 ἐκλεκτὸς
2989 1350 3406 1403 κατατέτακται.
3455 1352 3545 1404 Διὸ
3581 1353 3693 1404 ἱκε-

2106 1437 2324 1490 τεύουσι
2376 1435 2556 1506 καιρῷ
2590 1453 2722 1488 ποτε
2768 1437 2863 1492 καὶ
2894 1438 3048 1490 αὐτοὶ
3087 1441 3284 1507 τυχεῖν,
3308 1438 3418 1491 τῶν
3458 1442 3694 1510 ἐπουρα-

2108 1529 2239 1580 νίων
2298 1525 2538 1594 ἀγαθῶν.
2597 1527 2662 1578 Ei
2711 1525 2766 1578 δέ
2821 1526 2914 1578 καὶ
2957 1522 3104 1589 οἰκος
3142 1525 3277 1578 Θεοῦ
3327 1529 3360 1597 ἡ
3397 1528 3694 1598 Ἐκκλησία

2108 1617 2273 1671 αὐτοῦ
2322 1620 2436 1669 ἐστι
2489 1616 2629 1669 κατά
2649 1616 2764 1668 στὸν
2818 1616 3136 1670 Ἀπόστολον
3183 1619 3466 1686 φήσαντα·
3518 1640 3538 1670 ε
3577 1621 3695 1674 Ἵνα

414 1728 536 1796 'jam
588 1735 738 1794 tuam
783 1735 1118 1782 consecutus
1167 1736 1252 1780 est
1293 1727 1652 1789 electionem;
1699 1740 1797 1778 nos
1850 1736 1999 1786 Vero,

2115 1707 2221 1778 ἴδῃς
2251 1707 2366 1770 πῶς
2402 1706 2482 1758 δεῖ
2510 1708 2567 1759 ὲν
2599 1708 2733 1776 οἴκῳ
2749 1705 2894 1758 Θεοῦ
2911 1708 3364 1778 ἀναστρέφεσθαι,
3397 1712 3522 1779 ἥτις
3549 1712 3694 1762 ἐστὶν

427 1820 519 1885 ιιιιὶ
555 1819 794 1873 nondum
823 1820 959 1873 tales
981 1833 1194 1878 sumus,
1228 1817 1324 1870 sed
1353 1815 1529 1869 adhuc
1560 1817 1734 1869 induti
1766 1814 2001 1886 [carne],

427 1910 728 1977 gaudemus
764 1910 917 1979 'quod
965 1910 1075 1977 jam
1114 1909 1207 1962 hic
1252 1907 1582 1976 constituti,
1611 1907 1769 1960 bonis
1809 1907 2005 1962 domus

427 2008 535 2053 tua:
566 2000 1083 2063 fruamur,'divinis
1111 2000 1323 2054 scilicet
1367 1999 1737 2061 sermonibus,
1785 1999 2002 2067 sapien-

428 2091 518 2144 tiae
557 2091 888 2160 disciplinis,
935 2101 988 2145 et
1024 2091 1204 2146 sancti
1255 2088 1495 2160 Spiritus
1551 2090 2002 2152 cliarismatibus,

427 2181 588 2247 queis
617 2182 816 2236 domus
848 2181 941 2236 Dei
972 2190 1270 2237 exornatur
1302 2203 1312 2236 :
1353 2200 1370 2232 ι
1405 2182 1509 2236 Alii
1538 2182 1680 2236 enim
1706 2197 1800 2250 per
1831 2179 2005 2251 Spiri-

427 2283 543 2326 tum
589 2273 750 2326 datur
793 2287 976 2327 sermo
1024 2272 1330 2342 sapientiae,
1386 2274 1475 2326 alii
1525 2286 1710 2327 sermo
1743 2272 2004 2336 scientiae,

429 2366 522 2418 alii
553 2364 688 2420 ﬁdes
727 2365 780 2418 in
823 2365 1014 2420 eodem
1047 2363 1277 2434 Spiritu,
1321 2365 1414 2418 alii
1449 2365 1592 2418 dona
1630 2366 2003 2430 curationum,

429 2457 518 2511 alii
552 2472 749 2526 genera
775 2457 1085 2527 linguarum
1109 2455 1179 2520 ’⁸,
1219 2477 1236 2507 ι
1265 2464 1319 2510 et
1351 2455 1456 2511 alia
1478 2471 1598 2525 qua:
1623 2456 1840 2512 divinus
1861 2457 2006 2524 Apo-

427 2547 604 2601 stolus
655 2549 1018 2602 enumeravit.
1079 2545 1194 2601 Hoc
1248 2562 1309 2602 se
1358 2547 1542 2616 itaque
1603 2558 1867 2617 apparatu
1922 2548 2006 2601 in-

427 2643 650 2691 struunt
679 2638 780 2706 qui.
807 2637 1034 2690 meliora
1057 2637 1481 2705 concupiscunt.
1512 2633 1717 2690 Deinde
1748 2637 1874 2706 quia
1909 2635 2006 2691 do-

427 2743 556 2783 mus
591 2727 684 2782 Dei
726 2729 1056 2782 mentionem
1104 2727 1376 2788 fecerunt,
1425 2735 1833 2796 consequenter
1883 2727 2012 2783 edo-

353 2828 358 2832 ‘
428 2827 562 2872 cent.
581 2833 830 2886 quaenam
858 2819 951 2872 illa
985 2819 1058 2873 sit
1087 2817 1376 2872 dicentes:
1409 2834 1429 2868 ι
1461 2816 1728 2871 Sanctum
1756 2826 1844 2872 est
1867 2825 2008 2872 lem-

427 2909 578 2978 plum
625 2916 803 2972 tuum,
849 2907 1103 2961 mirabile
1146 2906 1201 2959 in
1238 2907 1470 2974 justitia.
1507 2927 1525 2958 ι
1564 2905 1688 2961 Hac
1713 2910 1858 2962 enim
1909 2909 2007 2963 do-

2126 1796 2422 1868 Ἐκκλησία
2464 1796 2600 1848 Θεοῦ
2640 1797 2860 1859 ζῶντος,
2905 1796 3093 1861 στῦλος
3136 1799 3229 1850 καὶ
3275 1799 3557 1870 ἑδραίωμα
3595 1799 3699 1869 τῆς

2111 1887 2446 1958 ἀληθείαςί
2505 1887 2743 1951 εἰκότως
2776 1891 2968 1956 φασὶν,
3027 1890 3109 1941 ὃτι
3173 1891 3231 1943 Ὀ
3278 1892 3373 1959 μὲν
3424 1891 3698 1962 μακάριος

2112 1979 2213 2050 ἤδη
2271 1980 2371 2050 τῆς
2421 1981 2572 2050 παρά
2626 1982 2707 2034 σοὶ
2758 1981 3058 2051 τετύχηκεν
3108 1981 3373 2051 ἐκλογῆς·
3425 1984 3590 2052 ἡμεῖς
3641 1981 3697 2035 δὲ

2111 2073 2168 2124 οἰ⁴
2189 2072 2416 2142 μηδέπω
2441 2071 2691 2135 τοιοῦτοι,
2723 2073 2803 2126 ἔτι
2831 2073 2887 2125 δέ
2917 2072 3367 2142 περιϐεϐλημένοι
3392 2073 3696 2142 ἀγαπῶμεν

2113 2161 2364 2215 ἐντεῦθεν
2411 2164 2510 2234 ἢδη
2541 2166 2651 2216 τῶν
2693 2165 2752 2216 ἐν
2796 2163 2874 2234 τῷ
2913 2165 3046 2234 οίκῳ
3085 2180 3178 2216 σου
3207 2163 3427 2231 ἀγαθῶν
3457 2163 3696 2218 ἀπολαύ-

2113 2271 2296 2317 οντες,
2351 2254 2527 2323 λόγων
2587 2253 2787 2326 δηλαδὴ
2835 2253 2995 2306 θείων
3045 2255 3138 2307 καὶ
3189 2254 3298 2306 τῶν
3341 2255 3441 2325 τῆς
3502 2255 3698 2322 σοφίας

2117 2345 2458 2415 μαθημάτων
2493 2361 2552 2396 τε
2585 2345 2680 2397 καὶ
2721 2344 3076 2413 χαρισμάτων
3116 2343 3209 2395 τοῦ
3252 2345 3404 2417 άγίου
3440 2344 3694 2414 Πνεῦμα-

2111 2450 2236 2496 τος,
2271 2428 2352 2496 οἷς
2378 2435 2720 2504 κεκόσμηται
2762 2435 2790 2485 6
2818 2429 2965 2496 οἶκος
3001 2432 3094 2484 τοῦ
3126 2432 3290 2486 Θεοῦο
3329 2430 3430 2503 ‹’ῼ
3463 2435 3564 2503 μὲν
3588 2433 3696 2506 γάρ

2112 2524 2201 2576 διὰ
2240 2523 2334 2576 τοῦ
2384 2523 2698 2593 Πνεύματος
2751 2523 2948 2576 δίδοται
2994 2522 3151 2590 λόγᾲ
3205 2524 3418 2592 σοφίας,
3449 2523 3594 2593 ἄλλῳ
3638 2524 3694 2576 δέ

2114 2615 2270 2683 λόγος
2307 2614 2594 2682 γνώσεως,
2633 2615 2805 2686 ἑτέρῳ
2832 2615 2889 2667 δὲ
2923 2615 3105 2677 πίστις
3143 2617 3199 2667 ὲν
3229 2613 3305 2683 τῷ
3334 2614 3484 2683 αὐτῷ
3525 2613 3697 2666 Ilvati-

2117 2724 2279 2778 ματι·
2343 2707 2486 2776 ἄλλῳ
2536 2707 2848 2776 χαρίσματα
2909 2705 3184 2774 ἰαμάτων,
3236 2705 3406 2775 ἑτέρῳ
3453 2705 3510 2757 δὲ
3564 2706 3692 2774 γένη

2114 2797 2396 2866 γλωσσῶν,
2430 2817 2449 2848 ι
2478 2798 2572 2850 καὶ
2601 2800 2699 2850 ὅσα
2725 2796 2858 2850 ἄλλα
2892 2796 3174 2862 κατέλεξεν
3200 2797 3228 2847 6
3259 2796 3398 2858 θεῖος
3441 2797 3697 2848 Ἀπόσιτοι

2114 2888 2222 2950 λος.
2289 2887 2375 2939 Ἑν
2422 2887 2628 2950 τούτοις
2680 2883 2773 2939 οὖν
2818 2886 3045 2950 ἑαυτοὺς
3088 2884 3596 2956 παρασκευάζουσιν
3647 2889 3694 2938 oi

430 2976 556 3052 inus
604 2995 697 3051 Dei
749 3003 887 3060 erat,
931 3004 1184 3051 sanctum
1221 2995 1483 3064 templum
1529 2995 1671 3064 ejus.
1720 2995 2005 3068 Templum

2115 2981 2221 3034 τῶν
2269 2980 2592 3050 κρειττόνων
2639 2980 2935 3048 ἐφιέμενοι.
2990 2976 3104 3030 Εἶτ’
3149 2976 3334 3046 ἐπειδὴ
3381 2978 3510 3046 περὶ
3550 2979 3696 3030 οῖκου

431 3093 614 3139 autem
664 3093 915 3140 sanetum
958 3083 1050 3140 Dei
1101 3085 1398 3155 intelligas,
1452 3099 1560 3139 non
1613 3060 1893 3141 murorum
1926 3096 2008 3142 te-

2115 3067 2242 3122 Θεοῦ
2271 3068 2682 3138 ἐμνημόνευσαν
2702 3107 2716 3129 ,
2747 3066 3055 3128 ἀκολούθως
3092 3067 3273 3129 ὁποῖος
3309 3060 3467 3129 οὗτος
3495 3068 3698 3135 τυγχά-

432 3184 760 3246 etorumque
794 3175 1080 3240 fabricam,
1119 3176 1215 3231 sed
1247 3176 1380 3230 illud
1409 3176 1556 3246 Quod
1579 3177 1693 3245 jam
1731 3194 1796 3234 ex
1819 3180 2013 3234 electis

432 3269 725 3324 animabus
770 3269 1147 3324 constituitur.
1197 3265 1408 3332 Sancti,
1457 3267 1667 3337 lapides
1708 3270 1815 3324 vivi
1850 3279 2020 3334 sunt;

432 3364 764 3432 domumque
781 3360 1137 3430 aspiritualem
1169 3357 1236 3412 ad
1267 3371 1517 3416 sanctum
1550 3358 1882 3415 sacriﬁcium
1909 3359 2009 3414 de-

433 3455 718 3518 stitiatam,
751 3460 956 3507 emtum
987 3451 1371 3521 religiosorum
1401 3450 1684 3504 hominum
1711 3464 1834 3505 esse
1859 3463 2014 3503 sacer

431 3545 728 3614 Apostolus
778 3541 969 3597 docuit
1004 3541 1094 3596 liis
1133 3541 1355 3596 verbis:
1387 3559 1406 3592 ι
1447 3538 1556 3594 Vos
1599 3549 1780 3594 autem
1822 3553 2014 3594 omnes

433 3636 630 3689 domus
666 3632 759 3688 Dei
793 3633 956 3695 estis,
995 3639 1049 3686 et
1092 3630 1334 3700 Spiritus
1372 3629 1467 3685 Dei
1500 3630 1711 3684 habitat
1751 3630 1806 3683 in
1832 3629 2010 3685 vobis.

436 3722 495 3775 Si
533 3721 658 3790 quis
711 3721 971 3788 tcmplum
1024 3717 1119 3774 Dei
1164 3719 1475 3783 violaverit,
1531 3718 1811 3790 disperdet
1861 3718 2015 3772 illum

435 3812 601 3867 Deus.
631 3810 917 3879 Templum
959 3809 1105 3864 enim
1138 3808 1235 3863 Dei
1277 3818 1528 3863 sanctum
1559 3817 1664 3871 est,
1697 3807 1850 3878 quod
1885 3809 2017 3864 estis

435 3917 536 3955 vos
562 3901 628 3952 “.
663 3919 681 3952 ι
722 3897 848 3953 Ηωο
878 3906 1061 3953 autem
1112 3913 1236 3953 cum
1275 3897 1435 3962 dixit,
1468 3897 1648 3952 aiiinia
1677 3898 1895 3953 locutus
1933 3905 2025 3954 est.

437 3989 602 4044 dictis
633 3987 993 4057 praesentibus
1029 4005 1042 4038 :
1072 4005 1090 4037 ι
1123 3986 1386 4041 Sanctum
1416 3993 1502 4042 est
1543 3988 1805 4056 templum
1838 3995 2013 4048 tuum,

437 4081 689 4137 mirabile
723 4080 775 4132 in
798 4078 1031 4147 justitia.
1067 4098 1085 4130 ι
1123 4076 1278 4131 Sicut
1304 4077 1450 4132 enim
1497 4078 1841 4133 sensibilium
1881 4087 2017 4132 tem-

437 4173 653 4243 piorum
709 4177 989 4223 structura
1043 4169 1095 4222 in
1142 4168 1504 4224 admiratione
1548 4170 1866 4239 plerumque
1901 4175 2015 4233 cst,

436 4263 583 4335 quod
616 4268 694 4318 ea.”
709 4261 958 4320 studiosa
991 4259 1250 4315 varietate
1290 4258 1630 4313 exaediﬁcata
1666 4260 1809 4324 sint;
1852 4272 2016 4311 aurea

436 4358 636 4427 quippe
667 4364 812 4410 tecta
863 4363 917 4408 et
946 4351 1269 4422 auaglypliis
1302 4359 1494 4404 ornata
1535 4352 1868 4406 concinnant
1908 4349 2019 4404 ele-

436 4451 634 4520 gantiae
669 4448 976 4511 studentes,
1003 4444 1275 4500 columnis
1301 4452 1466 4513 atque
1488 4441 1855 4497 marmoribus
1882 4440 2016 4495 tedi-

439 4543 570 4597 ticia
615 4547 890 4597 exornant
918 4559 930 4594 :
957 4538 1162 4594 eodem.
1202 4535 1365 4590 modo
1406 4534 1668 4604 templum
1725 4533 1818 4587 Dei
1872 4531 2020 4602 quod

442 4643 696 4690 sanctum
739 4640 830 4687 est
856 4630 934 4700 (et
982 4631 1088 4684 hoc
1127 4643 1260 4682 sane
1301 4627 1405 4696 ipsi
1436 4627 1672 4696 primum
1717 4633 1772 4678 et
1799 4624 2018 4694 quidem

441 4721 872 4793 pulcherrimum
904 4720 1109 4774 bonum
1153 4717 1357 4784 adest),
1393 4723 1624 4771 externo
1671 4722 1869 4769 ornatu
1910 4713 2021 4768 cir-

442 4809 792 4880 eumfulget,
836 4807 1090 4862 videlicet
1149 4806 1416 4875 sapientia
1466 4806 1558 4858 illa
1611 4803 1703 4858 Dei
1756 4803 2021 4859 varietate

442 4903 728 4964 distincta,
768 4899 981 4968 justitia
1032 4906 1086 4952 et
1142 4896 1378 4965 reliquis
1425 4895 1741 4956 virtutibus,
1787 4891 2024 4962 Spiritus

444 4996 574 5059 item
622 4993 799 5047 sancti
829 4990 994 5045 donis
1017 4989 1168 5042 varie
1203 4989 1560 5052 illustratum,
1610 4986 1682 5038 ita
1731 4991 1790 5037 ut
1819 4985 1874 5036 in
1908 4993 2025 5037 stu—

447 5099 636 5158 porem
688 5091 744 5136 et
796 5080 1212 5135 admirationem
1269 5092 1329 5132 se
1373 5076 1812 5146 contemplantes
1857 5073 2028 5142 conji-

431 5179 580 5234 ciat.
622 5171 988 5242 Quamobrem
1018 5170 1110 5238 qui
1151 5180 1209 5222 ut
1245 5169 1306 5222 in
1337 5183 1404 5222 eo
1444 5166 1604 5222 sedes
1647 5166 1910 5220 baberent
1939 5165 2022 5218 di-

448 5271 538 5342 ςιιί
571 5266 740 5323 habiti
785 5270 935 5324 sunt,
969 5262 1074 5316 laeti
1107 5261 1296 5314 dicunt
1326 5279 1338 5314 :
1375 5278 1392 5311 ι
1429 5258 1782 5329 ἢεριοδίωυι·
1831 5258 1886 5311 in
1930 5256 2039 5310 δεμ,

444 5363 540 5418 nis
592 5360 790 5414 domus
847 5364 955 5408 tua:
1000 5372 1010 5406 :
1060 5358 1314 5406 sanctum
1376 5359 1461 5404 est
1511 5349 1772 5418 templum
1830 5357 2020 5409 tuum,

454 5453 699 5514 mirabile
748 5450 802 5502 in
848 5445 1137 5516 justitia.:
1174 5439 1446 5496 0'»serves
1490 5453 1652 5509 porro
1703 5437 1863 5493 velim
1914 5437 2028 5493 haec.

2113 3176 2191 3213 νει
2232 3159 2539 3212 διδάσκουσι
2573 3158 2859 3226 λέγοντες·
2902 3177 2921 3208 ι
2954 3157 3147 3224 Ἄγιος
3183 3158 3212 3208 6
3247 3157 3374 3220 ναός
3403 3175 3523 3221 σου,
3564 3157 3694 3210 θαυ-

2118 3253 2318 3321 μαστὸς
2353 3253 2412 3302 ἐν
2457 3249 2788 3320 δικαιοσύνη.
2817 3269 2834 3301 ι
2893 3244 3061 3311 Οὗτος
3099 3248 3208 3318 γὰρ
3249 3245 3318 3320 ἦν
3358 3251 3387 3302 6
3414 3245 3568 3310 οἶκος
3603 3249 3697 3302 τοῦ

2113 3342 2270 3402 Θεοῦ,
2311 3343 2347 3394 6‘
2368 3341 2522 3409 ἅγιος
2568 3339 2734 3394 αὑτοῦ
2776 3341 2931 3404 νεώς.
2971 3341 3126 3394 Νεὼν
3159 3341 3214 3394 δὲ
3247 3342 3408 3395 ἄκουε
3436 3341 3534 3392 τοῦ
3562 3340 3696 3393 Θεοῦ

2115 3432 2267 3499 ἅγιον
2308 3432 2369 3483 ού
2399 3430 2592 3499 τοίχων
2622 3431 2716 3482 καὶ
2747 3432 2958 3501 ὀρόφων
2992 3431 3416 3501 οἰκοδομήματα,
3446 3430 3583 3484 ἀλλὰ
3610 3431 3697 3482 τὸν

2115 3523 2178 3574 ἐκ
2237 3520 2422 3590 ψυχῶν
2461 3520 2733 3573 ἐκλεκτῶν
2781 3521 3089 3575 συνεστῶτα
3129 3521 3250 3592 ἤδη.
3305 3521 3458 3574 Λίθοι
3499 3521 3698 3586 ζῶντες

2103 3614 2161 3665 -οί
2193 3612 2358 3678 ἀγιοι,
2386 3611 2480 3664 καὶ
2514 3609 2660 3675 οἶκος
2688 3614 3055 3682 πνευματικὸς
3091 3616 3169 3676 είς
3215 3613 3514 3683 ἱεράτευμα
3544 3613 3698 3680 ἅγιον

2112 3704 2174 3756 τὸ
2201 3702 2454 3772 σύστημα
2491 3702 2598 3755 τῶν
2631 3703 2897 3755 θεοσεϐῶν
2931 3700 3067 3756 εἶναι
3110 3707 3138 3757 6
3184 3705 3328 3776 ίερὸς
3377 3705 3699 3767 ’Δπόστολος

2115 3793 2351 3857 ἐδίδαξεν
2387 3792 2586 3846 εἰπών’
2627 3813 2643 3844 ι
2681 3795 2868 3864 Ὑμεῖς
2898 3795 2954 3847 δὲ
2984 3796 3182 3858 πάντες
3211 3791 3357 3858 οἶκος
3387 3796 3522 3849 Θεοῦ
3556 3801 3698 3860 ἐστε,

2115 3885 2207 3938 καὶ
2249 3884 2308 3937 τὸ
2336 3884 2562 3955 Πνεῦμα
2605 3884 2699 3938 τοῦ
2739 3885 2872 3938 Θεοῦ
2918 3887 3057 3938 οίκεῖ
3098 3889 3156 3938 ἐν
3193 3887 3340 3956 ὑμῖν
3387 3887 3441 3938 εί
3476 3904 3564 3950 τις
3611 3888 3705 3940 τὸν

2115 3974 2241 4027 ναὸν
2278 3975 2373 4028 τοῦ
2407 3974 2543 4028 Θεοῦ
2571 3975 2802 4047 φθείρει,
2838 3975 3026 4045 φθερεῖ
3058 3974 3248 4028 τοῦτον
3278 3978 3307 4028 6
3334 3976 3466 4039 Θεός
3487 3992 3502 4008 '
3543 3980 3572 4031 6
3596 3979 3702 4048 γάρ

2116 4064 2243 4126 ναὸς
2287 4064 2381 4116 τοῦ
2427 4063 2564 4116 Θεοῦ
2617 4064 2773 4132 ἅγιός
2827 4067 2993 4128 ἐστιν,
3041 4066 3238 4128 οἵτινές
3285 4067 3405 4117 ἐστε
3454 4067 3633 4134 ὑμεῖς.
3681 4084 3697 4115 ι

2117 4153 2288 4206 Τοῦτο
2325 4154 2382 4208 δὲ
2422 4154 2616 4217 εἰπὼν,
2667 4154 2876 4224 συνῳδά
2925 4155 3002 4225 τῷ
3039 4155 3177 4224 μετὰ
3221 4158 3407 4226 χεῖρας
3454 4155 3702 4208 ἐδίδασκε

2116 4243 2260 4314 λόγῳ
2309 4243 2600 4312 φάσκοντιο
2638 4263 2656 4295 ι
2691 4243 2879 4312 ’Ἄγιος
2925 4247 2954 4297 6
2987 4245 3113 4307 ναός
3138 4261 3254 4309 σου,
3297 4246 3613 4316 θαυμαστὸς
3648 4248 3704 4298 ἐν

2122 4334 2454 4406 δικαιοσύνῃ.
2495 4353 2513 4386 ι
2565 4337 2654 4397 Ὠς
2681 4336 2790 4408 γὰρ
2811 4336 2920 4387 τῶν
2948 4335 3221 4406 αἰσθητῶν
3245 4337 3389 4390 ναῶν
3429 4337 3704 4408 θαυμάζε-

2122 4443 2222 4480 ται-
2245 4427 2501 4489 πολλάκις
2534 4429 2567 4497 ή
2592 4427 2901 4497 κατασκευὴ
2929 4428 3014 4480 διὰ
3041 4428 3325 4496 φιλοκάλου
3358 4428 3714 4492 πολυτελείας

2125 4521 2389 4592 γενομένη
2407 4539 2420 4550 ·
2447 4521 2760 4592 χρυσόροφα
2785 4520 2914 4588 γοῦν
2935 4522 3026 4573 καὶ
3051 4521 3320 4589 διάγλυφα
3340 4520 3724 4585 τεκταίνουσικ

2132 4612 2569 4681 φιλοκαλοῦντες,
2616 4612 2718 4684 ῦλῃ
2759 4629 2816 4664 τε
2863 4613 3057 4666 κιόνων
3105 4614 3197 4664 καὶ
3256 4613 3564 4682 μαρμάρων
3609 4629 3706 4664 κα-

2125 4705 2460 4776 τακοσμοῦσι
2500 4705 2600 4768 τὰς
2644 4704 2965 4774 οἰκοδομάς·
3010 4705 3103 4756 τὸν
3131 4704 3291 4757 αὑτὸν
3321 4703 3518 4773 τρόπον
3557 4705 3585 4755 ό
3613 4702 3704 4754 τοῦ

2126 4794 2260 4848 Θεοῦ
2303 4793 2438 4857 νεὼς
2487 4794 2642 4862 ἃγιος
2675 4794 2771 4857 ὢν,
2824 4795 2918 4848 καὶ
2963 4794 3122 4847 τοῦτο
3168 4792 3385 4864 πρῶτον
3418 4791 3706 4846 κάλλιστον

2129 4885 2330 4953 ἀγαθὸν
2352 4884 2708 4954 κεκτημένος,
2732 4885 2822 4936 τὸν
2844 4883 3040 4947 ἔξωθεν
3067 4881 3451 4952 περιϐέϐληται
3477 4881 3703 4950 κόσμον,

2129 4975 2495 5044 πολυποικίλῳ
2539 4976 2700 5046 σοφίᾳ
2749 4974 2918 5037 Θεοῦ,
2974 4974 3286 5043 δικαιοσύνῃ
3335 4989 3392 5025 τε
3444 4973 3540 5024 καὶ
3587 4975 3708 5034 ταῖς

2127 5067 2337 5128 λοιπαῖς
2387 5065 2627 5135 ἀρεταῖς,
2668 5066 2779 5127 τοῖς
2823 5081 2880 5116 τε
2918 5063 3012 5116 τοῦ
3053 5062 3207 5129 ἁγίου
3255 5061 3572 5131 Πνεύματος
3608 5077 3708 5130 χαι·

2132 5159 2357 5231 ρίσμασι
2399 5155 2862 5226 πεποικιλμένος,
2908 5157 2983 5218 ὡς
3013 5153 3270 5225 ἔκπληξιν
3321 5155 3568 5224 ἐμποιεῖν
3610 5151 3700 5205 καὶ

2130 5251 2314 5320 θαῦμα
2343 5248 2602 5319 παρέχειν
2629 5251 2740 5310 τοῖς
2764 5247 2981 5317 ὁρῶσιν.
3019 5246 3180 5298 Ὅθεν
3211 5247 3260 5297 οἱ
3290 5242 3700 5312 καταξιούμενοι

2129 5342 2232 5410 τῆς
2256 5342 2313 5393 ἐν
2343 5339 2490 5409 αὐτῷ
2517 5337 2800 5409 διατριϐῆς
2834 5336 3115 5407 χαίροντές
3144 5353 3272 5403 φασι
3292 5353 3304 5364 υ
3343 5355 3359 5384 ι
3389 5330 3695 5403 Πλησθησό-

2137 5432 2276 5503 μεθα
2321 5434 2380 5484 ἐν
2422 5433 2533 5494 τοῖς
2583 5430 2806 5497 ἀγαθοῖς
2845 5427 2938 5483 τοῦ
2977 5429 3140 5487 οἴκου,
3171 5442 3292 5478 σουο
3328 5425 3480 5493 ἅγιος
3517 5426 3546 5477 6
3578 5421 3702 5484 ναις

526 5611 570 5640 ¹¹
608 5605 788 5660 ιὙίιη.
823 5620 908 5669 ιιι,
944 5603 1041 5662 l5.
1101 5601 1145 5638 ³³
1183 5598 1358 5656 LCor.
1387 5611 1485 5662 xu,
1517 5596 1570 5660 8,
1602 5594 1654 5648 9.
1733 5597 1778 5627 "‘
1811 5592 1828 5647 Ι
1857 5592 1984 5647 Cor.

2155 5586 2239 5654 l6,
2279 5587 2359 5646 Π,
