4024 6210
268 307 372 362 633

1383 299 1886 359 COMMENTARIA
1923 297 1989 352 IN
2027 297 2402 355 PSALMOS.~

3407 304 3510 360 63-5

266 435 383 478 σου,
405 413 714 484 θαυμαστὸς
735 413 793 464 ἐν
819 411 1151 483 δικαιοσύνῃ.
1167 431 1186 463 ο
1216 412 1382 481 Τήρει
1407 410 1462 463 δὲ
1490 411 1637 471 ὅπως
1668 408 1837 462 ταῦτα

1947 406 2164 464 Davidis
2211 417 2454 479 tempore
2491 409 2638 464 dicta
2683 409 2872 476 iuisze,
2929 427 3040 480 quo
3085 415 3344 483 templum
3377 417 3510 485 illud

267 505 408 559 κατά
456 505 582 565 τοὺς
614 502 842 570 χρόνους
884 501 1102 569 ἐλέγετο
1139 501 1234 554 τοῦ
1277 501 1466 563 Δαυῖδ,
1504 500 1626 553 καθ’
1674 498 1768 562 οὒς
1811 501 1840 552 6

265 594 527 662 αἰσθητὸς
557 593 660 645 ὑπὸ
679 591 986 660 Σολομῶνος
1013 591 1222 643 οὐδέπω
1249 590 1653 643 κατεσκεύαστο
1682 588 1842 652 νεώς*

263 683 571 744 δεικνύντος
617 682 862 751 ἐναργῶς
891 681 984 733 τοῦ
1033 681 1211 748 λόγου,
1260 682 1341 733 ὅτι
1378 682 1407 732 ό
1457 679 1672 751 ἀληθῶς
1717 679 1842 742 ναὸς

262 777 362 829 τοῦ
389 775 526 828 Θεοῦ
566 775 663 843 οὐχ
693 776 720 826 6
759 776 822 825 ἐκ
848 774 1008 826 λίθων
1041 772 1262 843 ἀψύχων
1300 773 1717 843 ᾠκοδομημένος
1751 768 1839 841 ἦν,

263 869 382 920 ἀλλ’
411 869 440 920 6
464 865 745 927 ἀποδοθεὶς
780 867 910 934 ἡμῖν
944 865 1083 916 κατὰ
1113 863 1210 933 τὴν
1239 863 1601 932 ἀποστολικὴν
1637 879 1844 933 μαρτυ-

265 956 410 1025 ρίαν.
478 955 584 1005 Καὶ
625 952 800 1012 ἄλλως
849 953 905 1004 δέ
953 951 1072 1004 καθ’
1112 953 1308 1021 ἑτέραν
1357 951 1602 1020 ἐκδοχὴν,
1654 950 1847 1020 ἐπειδὴ

263 1045 522 1115 ἀνωτέρω
547 1043 891 1113 ἐμακάρισαν
914 1043 1004 1094 τὸν
1035 1043 1326 1109 ἐκλεγέντα
1351 1043 1449 1096 καὶ⁵
1471 1041 1844 1112 ἀναληφθέντα

262 1135 372 1188 ὑπὸ
407 1134 501 1187 τοῦ
533 1133 669 1186 Θεοῦ
691 1173 704 1195 ,
752 1135 1152 1201 κατοικήσαντά
1182 1150 1242 1186 τε
1275 1133 1374 1204 ήδη
1412 1137 1470 1186 ἐν
1505 1135 1623 1196 ταῖς
1655 1132 1844 1195 αὐλαῖς

261 1224 433 1277 αὑτοῦ
478 1226 599 1286 ταῖς
653 1222 1029 1292 ἐπουρανίοις,
1086 1223 1308 1285 εἰκότως
1359 1223 1455 1276 καὶ
1513 1223 1666 1276 αύτοὶ
1708 1223 1842 1284 τέως

265 1316 523 1386 μένοντες
552 1315 763 1385 κλητοὶ,
795 1315 1074 1383 εὐχόμενοι
1103 1314 1159 1366 δέ
1184 1315 1430 1368 ἐκλεκτοὶ
1459 1309 1713 1383 γενέσθαι
1745 1315 1843 1367 καὶ

261 1403 372 1455 τῶν
394 1402 573 1456 αὐτῶν
600 1403 948 1471 ἐπουρανίων⁴
963 1403 1140 1472 μονῶν
1167 1405 1591 1473 καταξιωθῆναι,
1627 1405 1844 1466 ἐλπίδας

261 1494 476 1560 ἀγαθάς
519 1495 734 1556 ἑαυτοῖς
790 1493 1228 1563 ὑπογράφουσιν,
1277 1495 1608 1558 ἱκετεύοντες
1662 1499 1850 1564 τυχεῖν

258 1584 354 1636 τοῦ
378 1583 544 1637 αὑτοῦ
569 1583 887 1654 ἐπουρανίου
916 1586 1064 1638 οἴκου
1092 1588 1187 1638 καὶ
1207 1585 1314 1637 τῶν
1340 1587 1399 1637 ἐν
1418 1586 1566 1655 αὐτῷ
1598 1585 1840 1653 ἀγαθῶν.

259 1671 382 1727 Εἶθ’
411 1675 487 1737 ὡς
542 1673 923 1745 μεμαθηκότες
958 1678 1138 1738 ὁποῖός
1169 1673 1314 1728 ἐστιν
1345 1679 1373 1729 6
1401 1679 1720 1748 ἐπουράνιος
1749 1679 1844 1730 τοῦ

261 1763 405 1816 Θεοῦ
443 1760 608 1826 οἶκος,
645 1765 1007 1834 ἐρμηνεύουσι
1040 1766 1137 1835 τὴν
1173 1767 1374 1837 ἀρετὴν
1408 1767 1570 1819 αὑτοῦ
1610 1768 1843 1834 φάσκον-

262 1864 361 1910 τες
382 1866 394 1878 ”
442 1849 656 1916 ι”Αγιος
687 1851 716 1902 6
751 1851 876 1914 ναός
901 1868 1016 1913 σου,
1043 1853 1350 1922 θαυμαστὸς
1379 1857 1436 1906 ἐν
1465 1855 1800 1927 δικαιοσύνῃ.
1818 1877 1835 1907 i

264 1937 416 2000 Ναὸς
455 1937 508 1990 δὲ
546 1941 866 2009 ἐπουράνιος
905 1943 999 1994 καὶ
1041 1943 1256 2013 ἀληθῶς
1291 1945 1510 2008 ἐπάξιος
1551 1946 1644 1999 τοῦ
1682 1947 1840 2008 Θεοῦ,

263 2027 328 2080 ἐν
360 2020 404 2093 ᾦ
432 2023 696 2082 κατοικῶν
735 2033 1029 2084 ἐπινοεῖται
1073 2034 1102 2084 6
1143 2033 1250 2085 τῶν
1291 2034 1427 2087 ὅλων
1461 2035 1621 2099 Θεὸς,
1657 2037 1742 2100 τίς
1778 2037 1842 2090 ἂν

259 2116 491 2184 γένοιτο,
527 2121 558 2189 ἢ
593 2122 621 2172 6
657 2122 947 2193 μονογενὴς
978 2122 1141 2176 αὑτοῦ
1175 2123 1364 2192 Λόγος,
1392 2127 1471 2186 εἱς
1498 2125 1557 2179 ὃν
1587 2126 1842 2196 εύδὸκησε

259 2207 375 2259 πᾶν
422 2209 482 2260 τὸ
519 2210 792 2280 πλήρωμα
837 2212 935 2281 τῆς
976 2213 1223 2282 θεότητος
1266 2217 1622 2284 κατοικῆσαι;
1677 2212 1845 2280 υῦτος

255 2290 354 2348 οὖν
385 2297 604 2366 άληθῶς
637 2299 946 2368 θαυμαστός
988 2303 1135 2354 ἐστιν
1173 2305 1230 2355 ἐν
1257 2304 1571 2374 δικαιοσύνῃ
1596 2322 1608 2334 °
1656 2306 1843 2376 ἐπειδὴ

255 2387 482 2456 γέγονεν
517 2391 646 2458 ἡμῖν
675 2392 837 2454 αὐτὸς
880 2393 1040 2461 σοφία
1067 2395 1174 2446 ἀπὸ
1205 2395 1296 2448 τοῦ
1324 2395 1480 2459 Θεοῦ,
1528 2396 1840 2468 δικαιοσύνη

251 2491 323 2528 τε
352 2478 446 2530 καὶ
484 2479 755 2550 ἁγιασμὸς
783 2483 875 2534 καὶ
906 2484 1302 2555 ἀπολύτρωσις.

337 2587 355 2620 ι
381 2569 712 2623 Ἕπάκουσον
742 2572 916 2641 ἡμῶν,
952 2575 976 2625 6
1001 2574 1131 2637 Θεὸς
1162 2578 1192 2628 6
1215 2576 1406 2646 Σωτὴρ
1429 2577 1608 2646 ἡμῶν,
1635 2580 1667 2647 ἡ
1695 2578 1847 2640 ἐλπὶς

253 2658 483 2712 πάντων
510 2661 618 2715 τῶν
650 2663 900 2731 περάτων
940 2665 1039 2733 τῆς
1067 2666 1191 2734 γῆς,
1243 2667 1338 2718 καὶ
1363 2667 1472 2718 τῶν
1511 2669 1569 2718 ἐν
1600 2667 1846 2741 θαλάσσῃ

255 2751 504 2832 μακράν.
545 2769 566 2802 ι
638 2752 696 2804 Ὀ
758 2753 858 2821 μὲν
911 2753 974 2822 δὴ
1017 2755 1406 2830 ἐκλελεγμένος
1453 2759 1558 2810 ὑπὸ
1606 2759 1699 2811 σοῦ
1754 2762 1848 2812 καὶ

250 2837 596 2908 ἀναληφθεὶς
622 2841 702 2902 εἱς
724 2841 812 2892 τὸν
838 2843 1159 2911 ἐπουράνιον
1188 2846 1313 2905 ναὸν
1337 2848 1606 2916 μακάριος
1633 2848 1848 2916 ἀληθῶς

249 2929 355 2980 καὶ
399 2931 794 3000 τρισμακάριος
812 2948 825 2960 ο
853 2934 1014 3001 ἡμεῖς
1041 2934 1096 2985 δέ
1120 2936 1175 2987 ἐν
1196 2937 1547 3004 ἐπαγγελίαις
1562 2938 1713 3002 ὅντες
1739 2941 1847 2992 τῶν

1941 501 2201 555 sensibile
2250 516 2281 554 a
2323 500 2614 556 Salomone
2655 502 2897 555 nondum
2950 504 3249 558 excitatum
3293 505 3509 563 fuerat:

1941 590 2130 658 sicque
2161 590 2312 644 clare
2341 589 2593 652 docetur,
2637 605 2823 644 verum
2864 591 2956 645 Dei
2986 595 3272 661 templum,
3307 611 3413 648 non
3441 598 3511 651 il-

1943 681 2034 734 lud
2093 695 2216 734 esse
2263 680 2499 749 quodex
2556 683 2870 736 inanimatis
2915 684 3189 753 lapidibus
3241 696 3510 742 structum

1941 777 2088 833 erat,
2123 772 2216 824 sed
2248 770 2395 837 quod
2427 787 2492 824 ex
2535 772 2841 841 apostolico
2873 775 3190 830 testimonio
3215 777 3517 845 designavi-

1943 875 2086 914 mus.
2123 859 2438 914 Secundum
2469 861 2630 914 aliam
2665 877 2796 916 vero
2823 864 3358 932 interpretationem,
3387 868 3515 935 quia

1943 951 2174 1003 electum
2219 960 2271 1003 et
2302 959 2645 1019 assumptum
2680 966 2709 1005 a
2753 951 2882 1014 Deo,
2918 953 3010 1022 qui
3039 953 3150 1021 jam
3179 957 3234 1008 in
3277 957 3519 1008 caelesti-

1944 1039 2047 1094 bus
2074 1040 2202 1107 ejus
2218 1039 2376 1093 atriis
2395 1039 2626 1102 habitat,
2661 1041 2878 1094 beatum
2902 1044 3370 1111 praedicaverunt;
3395 1045 3520 1112 jure

1943 1134 1996 1180 et
2019 1127 2121 1194 ipsi
2153 1127 2250 1196 qui
2280 1127 2459 1180 vocati
2507 1137 2850 1195 permanent,
2888 1139 3051 1198 atque
3088 1130 3245 1185 electi
3279 1147 3424 1192 esse,
3466 1141 3520 1186 et

1943 1216 2261 1271 cazlestibus
2310 1217 2703 1272 mansionibus
2739 1217 2931 1272 donari
2969 1229 3279 1289 peroptant.
3319 1222 3518 1274 bonam

1945 1306 2048 1360 sibi
2108 1321 2258 1374 spem
2310 1306 2617 1372 ascribunt,
2657 1307 2906 1360 eamdem
2960 1310 3182 1362 domum
3240 1311 3520 1365 ccelestem

1945 1390 2173 1466 ejusque
2224 1398 2365 1451 bona
2415 1401 2679 1468 consequi
2728 1407 3006 1469 rogantes.
3057 1399 3281 1464 Deinde,
3334 1409 3528 1469 utpote

1944 1487 2038 1555 qui
2080 1487 2405 1541 edidicerint
2441 1491 2621 1556 qualis
2655 1491 2744 1542 illa
2781 1491 3023 1544 cmlestis
3057 1490 3150 1545 Dei
3189 1491 3384 1554 domus
3428 1493 3526 1554 sit,

1945 1578 2064 1644 ejus
2100 1578 2359 1631 virtutem
2413 1587 2535 1646 post
2581 1579 2864 1646 explicant
2891 1581 3137 1634 dicentes
3165 1599 3178 1633 :
3210 1599 3228 1628 ι
3262 1582 3522 1633 Sanctum

1946 1674 2030 1718 est
2057 1667 2319 1734 templum
2349 1676 2534 1730 tuum,
2557 1669 2808 1720 mirabile
2838 1669 2890 1720 in
2921 1669 3158 1736 justitia.
3194 1688 3213 1720 ι
3239 1669 3521 1738 Templum

1946 1766 2125 1809 autem
2162 1758 2386 1810 caeleste
2411 1772 2475 1810 ac
2503 1771 2630 1809 vere
2657 1756 2767 1810 Deo
2786 1757 3011 1824 dignum
3047 1760 3100 1811 in
3138 1773 3248 1828 quo
3278 1759 3526 1814 habitare

1945 1847 2327 1910 universorum
2378 1846 2528 1901 Deus
2575 1846 2920 1914 intelligitur,
2973 1849 3103 1916 quid
3154 1850 3301 1903 aliud
3338 1848 3521 1914 fuerit,

1943 1945 2107 1998 quam
2162 1929 2506 1998 unigenitum
2557 1929 2681 1997 ejus
2721 1927 2983 1993 Verbum,
3018 1931 3071 1983 in
3115 1947 3224 2000 quo
3260 1932 3524 2000 placitum

1943 2021 2027 2068 est
2056 2029 2272 2072 omnem
2315 2015 2716 2084 plenitudinem
2760 2015 2978 2071 deitatis
3022 2017 3368 2072 inhabitare?
3413 2018 3525 2074 lioc

1945 2104 2130 2174 itaque
2159 2121 2285 2161 vere
2339 2107 2593 2161 mirabile
2641 2117 2726 2162 est
2761 2107 3100 2173 in-justitia;
3151 2118 3337 2178 utpote
3378 2105 3522 2175 quod

1946 2192 2148 2248 factum
2182 2196 2252 2248 sit
2279 2198 2442 2252 nobis
2479 2197 2748 2267 sapientia
2786 2215 2816 2252 a
2844 2199 2976 2263 Deo,
2999 2198 3239 2268 juStitia,
3283 2195 3527 2253 sanctiﬁ-

1945 2285 2088 2338 catio
2119 2293 2172 2339 et
2204 2287 2529 2358 redemptio.

2023 2591 2042 2623 ι
2063 2571 2268 2624 Exaudi
2296 2588 2416 2636 nos,
2444 2573 2584 2629 Dens
2615 2573 2866 2628 Salvator
2893 2586 3099 2643 noster,
3135 2593 3260 2648 spes
3282 2582 3532 2636 omnium

1949 2660 2142 2714 ﬁnium
2175 2673 2354 2724 terrae,
2404 2671 2458 2715 et
2489 2678 2677 2716 eorum
2721 2666 2813 2732 qui
2849 2665 2902 2718 in
2941 2667 3076 2718 mari
3125 2677 3254 2721 sunt
3292 2669 3468 2739 longe.
3500 2690 3520 2722 ι

1948 2750 2049 2816 Qui
2081 2751 2175 2804 abs
2206 2759 2258 2804 te
2287 2751 2517 2815 electus,
2551 2760 2604 2805 et
2639 2753 2690 2806 in
2727 2754 2954 2808 caeleste
2981 2755 3112 2807 illud
3147 2757 3410 2824 templum
3435 2773 3526 2811 as-

1949 2847 2202 2907 sumptus
2229 2849 2335 2902 est,
2369 2856 2498 2894 vere
2533 2841 2726 2896 beatus
2755 2852 2808 2896 et
2837 2851 2922 2896 ter
2945 2844 3139 2900 beatus
3167 2863 3180 2898 :
3214 2860 3316 2900 nos
3344 2855 3526 2902 autem

1948 2931 2040 2999 qui
2076 2930 2128 2982 in
2161 2929 2545 2998 praedictorum
2593 2931 2858 2986 bonorum
2889 2935 3348 3002 promissionibus
3379 2947 3432 2991 et
3471 2939 3526 2992 in

247 3017 660 3088 προλεχθέντων
674 3021 910 3088 ἀγαθῶν,
926 3023 1102 3077 ἐλπίσι
1121 3041 1181 3076 τε
1195 3026 1294 3095 ἀνη
1303 3043 1403 3096 ρτη
1410 3027 1558 3096 μένοι
1568 3069 1581 3092 ,
1597 3029 1697 3098 ἤδη
1720 3031 1842 3082 ποτὲ

1953 3035 2048 3090 spe
2093 3036 2400 3083 versamur,
2427 3021 2538 3090 jatn
2583 3023 2696 3077 haec
2735 3024 2854 3093 ipsa
2906 3029 3166 3095 consequi
3199 3043 3524 3097 precamur:

248 3109 466 3162 τούτων
488 3114 669 3180 τυχεῖν
699 3113 994 3182 εὐχόμεθα*
1009 3115 1087 3167 διὸ
1118 3118 1540 3188 παρακαλοῦμεν
1570 3119 1846 3187 λέγοντεςο

254 3218 272 3250 ι
301 3200 642 3255 Ἐπάκουσον
674 3203 852 3273 ἡμῶν,
882 3207 910 3258 6
937 3205 1068 3274 Θεὸς
1090 3209 1118 3259 6
1148 3209 1339 3278 Σωτὴρ
1358 3209 1535 3279 ἡμῶν·
1574 3231 1591 3261 i
1613 3213 1851 3266 ἐπακού-

250 3309 354 3352 σας
365 3291 446 3354 δὲ,
467 3293 766 3363 μακαρίους
781 3295 1032 3362 γενέσθαι
1046 3298 1403 3363 καταξίωσον,
1418 3302 1511 3354 καὶ
1531 3303 1674 3370 ἡμᾶς
1692 3320 1854 3373 προσ.

247 3378 577 3447 λαϐόμενος,
595 3381 690 3432 καὶ
708 3381 1064 3452 ἐκλεξάμενος
1085 3386 1178 3438 καὶ
1193 3388 1510 3452 κατοικίσας
1536 3391 1593 3440 ἐν
1605 3394 1724 3453 ταῖς
1750 3395 1848 3445 αύ-

245 3468 377 3530 λαῖς
412 3483 506 3533 σου
530 3485 542 3498 ’
582 3469 645 3521 ἵν’
677 3471 795 3522 ἐκεῖ
823 3472 1105 3543 γενόμενοι
1135 3474 1463 3547 πλησθῶμεν
1493 3479 1599 3531 τῶν
1631 3481 1850 3548 ἀγαθῶν

246 3557 348 3610 τοῦ
387 3559 538 3610 οίκου
577 3575 692 3617 σου.
719 3561 924 3630 Ἀγαθὰ
952 3563 1008 3615 δέ
1035 3565 1128 3616 τοῦ
1151 3567 1472 3636 ἐπουρανίου
1501 3570 1673 3633 οἴκου,
1691 3571 1850 3624 ὁποῖα

247 3645 316 3700 ἄν
360 3664 445 3709 τις
479 3649 744 3716 νοήσειεν,
784 3650 816 3719 ἢ
849 3645 936 3702 οἶα
979 3654 1006 3703 6
1035 3652 1173 3714 θεῖος
1189 3654 1509 3718 ’Δπόστολος
1554 3657 1847 3728 διέγραψεν

249 3735 462 3788 εἰπών·
497 3757 512 3786 ι
545 3739 609 3789 "A
641 3739 917 3809 όιρθαλμὸς
950 3741 1050 3793 ούκ
1074 3739 1234 3808 εἶδεν,
1268 3744 1361 3796 καὶ
1387 3741 1477 3808 οὖς
1503 3747 1602 3800 ούκ
1626 3750 1841 3819 ἤκουσε,

250 3827 351 3878 καὶ
401 3827 495 3878 ἐπὶ
541 3830 766 3899 καρδίαν
805 3831 1092 3902 ἀνθρώπου
1136 3836 1240 3888 ούκ
1263 3838 1450 3907 ἀνέϐη,
1483 3839 1519 3892 ἃ
1547 3842 1840 3911 ἡτοίμασεν

247 3919 277 3967 6
301 3915 443 3978 Θεὸς
486 3921 598 3979 τοῖς
638 3920 924 3986 ἀγαπῶσιν
977 3925 1170 3990 αύτόν;
1205 3946 1223 3976 ›
1293 3929 1626 3984 Ἑπάκουσον
1665 3933 1842 3988 τοίνυν

250 4005 452 4075 ἡμῶν,
491 4008 519 4058 δ
552 4007 728 4071 Θεὸςό
753 4011 946 4083 Σωτὴρ
973 4014 1161 4084 ἡμῶν,
1204 4019 1296 4070 καὶ
1341 4021 1654 4085 ἐπακούσας
1709 4040 1837 4076 κατι

247 4095 491 4158 αξίωσον
550 4097 641 4149 καὶ
705 4101 854 4169 ἡμᾶς
909 4103 1014 4154 τῶν
1066 4105 1286 4172 ἀγαθῶν
1369 4110 1465 4163 τοῦ
1522 4112 1670 4167 οἴκου
1726 4132 1843 4168 σου.

248 4185 445 4237 Ταῦτα
489 4187 828 4244 διδάσκονται
889 4192 1067 4260 λέγειν
1113 4199 1160 4249 οἱ
1207 4199 1372 4252 πάλαι
1417 4201 1570 4266 ὄντες
1620 4205 1840 4276 σάρκες,

245 4277 355 4346 τῆς
406 4277 464 4328 δὲ
515 4279 609 4331 τοῦ
658 4281 791 4334 Θεοῦ
846 4284 1088 4354 κλήσεως
1129 4289 1548 4360 κατηξιωμένοι.
1615 4295 1839 4349 Ἐπικα-

1955 3126 2126 3180 quare
2149 3111 2234 3166 his
2258 3111 2440 3165 verbis
2468 3127 2756 3181 rogamus:
2798 3133 2817 3164 ι
2852 3114 3057 3169 Exaudi
3082 3132 3203 3178 nos.
3235 3117 3380 3174 Deus
3408 3118 3531 3173 Sal-

1952 3211 2108 3256 vator
2142 3209 2334 3257 noster
2368 3221 2382 3254 :
2419 3221 2437 3251 ι
2473 3211 2765 3272 postquam
2813 3213 2994 3259 autem
3023 3208 3354 3276 exaudieris,
3392 3226 3529 3264 con-

1953 3293 2087 3348 cede
2111 3295 2274 3347 etiam
2300 3292 2461 3346 nobis
2491 3300 2551 3345 ut
2583 3295 2722 3348 beati
2755 3294 3072 3359 eﬂiciamur,
3106 3300 3199 3367 qui
3229 3314 3329 3354 nos
3368 3311 3528 3356 antea

1951 3394 2265 3454 assumptus
2300 3393 2355 3440 ct
2383 3385 2588 3440 electos
2621 3386 2864 3441 habitare
2892 3389 3068 3442 fecisti
3101 3389 3154 3442 in
3184 3391 3339 3445 atriis
3374 3394 3524 3458 tuis;

1953 3487 2011 3529 ut
2039 3477 2111 3531 ibi
2142 3476 2424 3531 constituti
2457 3476 2781 3545 itnpleamur
2810 3477 2968 3532 bonis
2989 3479 3184 3533 domus
3217 3487 3340 3534 tum.
3371 3480 3526 3535 Bona

1951 3581 2079 3620 vero
2111 3567 2354 3621 caelestis
2391 3565 2587 3619 domus
2615 3581 2862 3634 quaenam
2912 3583 3033 3622 esse
3077 3570 3377 3637 putaveris,
3418 3570 3526 3625 nisi

1949 3673 2071 3728 qua:
2100 3657 2392 3726 Apostolus
2437 3657 2522 3712 bis
2568 3658 2750 3712 verbis
2791 3657 3086 3727 descripsit
3119 3678 3130 3712 :
3169 3677 3186 3709 ι
3226 3658 3359 3724 Quae
3399 3675 3528 3714 ocu-

1952 3750 2037 3803 lus
2067 3764 2174 3802 non
2205 3748 2360 3814 vidit,
2397 3763 2497 3804 nec
2541 3749 2693 3804 auris
2723 3747 2952 3811 audivit,
2985 3765 3082 3803 nec
3117 3753 3170 3803 in
3207 3766 3305 3803 cor
3347 3750 3526 3803 homi-

1951 3841 2036 3894 nis
2097 3840 2375 3904 ascendit,
2425 3856 2547 3909 quae
2589 3842 2920 3910 preparavit
2974 3839 3117 3895 Deus
3165 3841 3523 3910 diligentibus

1948 3931 2107 3985 se"?
2139 3951 2156 3982 ι
2191 3929 2397 3984 Exaudi
2445 3931 2626 4000 itaque
2657 3947 2778 3992 nos,
2827 3930 2968 3985 Deus
3022 3929 3272 3985 Salvator
3313 3939 3520 3998 noster,

1946 4029 2001 4078 et
2034 4031 2342 4092 postquam
2370 4023 2702 4086 exaudieris,
2751 4038 2854 4077 nos
2884 4022 3045 4077 bonis
3083 4021 3278 4076 domus
3303 4030 3411 4076 tua:
3448 4021 3537 4076 di-

1945 4127 2130 4182 gnare.
2170 4111 2292 4167 Haec
2318 4113 2500 4168 dicere
2541 4115 2866 4175 edoceutnr,
2910 4113 3004 4182 qui
3037 4127 3161 4166 cum
3191 4103 3341 4166 'olim
3391 4127 3536 4165 caro.

1944 4211 2150 4264 esSent,
2184 4202 2279 4258 Dei
2320 4204 2607 4258 vocatione
2649 4203 2837 4258 donati
2883 4209 3032 4256 sunt.
3065 4200 3385 4271 Opportune
3425 4217 3524 4253 au-

1945 4301 2052 4346 tem
2078 4293 2228 4347 hisce
2259 4293 2439 4347 verbis
2473 4292 2826 4347 Servatorem
2859 4292 3119 4345 invocant
3153 4307 3334 4355 suum,
3359 4305 3521 4359 quem

247 4365 477 4419 λοῦνται
513 4368 570 4420 δὲ
604 4370 874 4442 εύκαίρως
896 4373 952 4424 ἐν
981 4376 1191 4440 τούτοις
1221 4379 1312 4431 τὸν
1357 4381 1569 4436 ἐαυτῶν
1593 4384 1842 4458 Σωτῆρα,

1951 4383 2206 4451 superius
2252 4382 2696 4451 prepitiationem
2745 4382 3178 4450 appellaverunt,
3216 4394 3338 4432 cum
3381 4377 3535 4432 dice--

247 4455 313 4509 δν
352 4457 448 4508 καὶ
475 4458 732 4531 ἀνωτέρω
772 4462 997 4533 ἱλασμὸν
1045 4466 1338 4537 ὠνόμασαν
1365 4473 1640 4538 εἱπόντες,
1697 4455 1844 4530 ικαὶ

245 4543 358 4608 τάς
401 4547 630 4617 ἀνομίας
656 4551 818 4620 ἡμῶν
877 4555 940 4607 σὺ
975 4556 1154 4629 ἱλάσῃ.
1199 4579 1217 4609 ι
1243 4562 1352 4614 Καὶ
1395 4563 1632 4617 ἐνταῦθα
1663 4566 1720 4618 δέ
1754 4567 1844 4620 τὸν

246 4637 488 4708 Σωτῆρα
538 4642 571 4709 ἡ
611 4642 871 4715 Ἐὁραῖκὴ
927 4646 1116 4718 Γραφὴ
1163 4651 1371 4715 τούτοις
1419 4654 1688 4725 ἐγγράφει
1732 4661 1844 4722 τοῖς

248 4728 638 4801 χαρακτῆρσι,
681 4732 748 4784 δι’
780 4728 854 4787 ὧν
895 4738 988 4789 καὶ
1020 4739 1050 4790 6
1092 4741 1360 4812 ἡμέτερος
1393 4745 1584 4816 Σωτὴρ
1634 4747 1838 4816 Ἰησοῦς

247 4817 550 4906 γράφεται.
614 4821 812 4876 Τοῦτον
868 4825 924 4878 δέ
981 4829 1142 4882 αὐτὸν
1189 4831 1282 4884 τὸν
1325 4834 1554 4906 Σωτῆρα
1604 4839 1698 4890 καὶ
1747 4838 1837 4892 τὸν

252 4905 508 4998 ἱλασμὸν,
548 4929 565 4960 ι
601 4911 790 4996 ἐλπίδα
819 4917 1034 4971 πάντων
1064 4919 1171 4973 τῶν
1205 4925 1453 4993 περάτων
1478 4905 1577 4996 τῆς
1611 4929 1711 4998 γῆς
1743 4930 1836 4982 καὶ

246 4997 368 5049 τῶν
409 4999 780 5100 ἐνηθαλάσσῃΔ
813 5007 1031 5078 μακρὰν
1071 5029 1090 5060 ι
1143 5012 1519 5083 ὀνομάζουσιν,
1581 5017 1837 5088 ἄντικρυς

250 5177 444 5270 μένοις
474 5178 656 5270 αὐτοῖς
677 5224 691 5244 ,
725 5185 859 5236 πᾶσι
887 5186 943 5238 δὲ
975 5191 1088 5253 τοῖς
1121 5192 1296 5248 ἔθνεσι
1338 5197 1437 5266 τὴν
1464 5197 1558 5251 τοῦ

247 5265 438 5362 χάριν-
458 5269 922 5362 εὐαγγελίζεσθαι,
958 5273 1039 5341 οἷς
1068 5281 1292 5353 γνώμην
1321 5265 1453 5338 Θεοῦ
1487 5290 1580 5341 καὶ
1612 5265 1838 5362 ἐπιστή-

251 5372 369 5452 ξιτξν
415 5357 787 5452 θξσπίξουσιν·
837 5367 913 5430 ὡς
962 5373 1156 5440 μηκέτι
1195 5375 1293 5440 τὰς
1332 5377 1552 5443 ἐλπίδας
1597 5357 1836 5452 ἀναρτᾷν

252 5446 354 5498 ἐπὶ
393 5448 520 5512 τοὺς
553 5450 717 5506 πάλαι
746 5457 1132 5530 νομιζομένους
1170 5467 1349 5523 αὐτῶν
1381 5469 1557 5535 θεοὺς,
1591 5446 1716 5525 ἀλλ’⁷
1743 5446 1834 5527 ἐπὶ

335 5620 380 5648 ⁸⁸
411 5620 571 5677 lCor.
603 5640 661 5689 ιι,
698 5629 748 5682 9.

1946 4482 2088 4538 rent,
2131 4493 2148 4525 ι
2178 4484 2230 4529 et
2270 4474 2648 4543 impietatibus
2697 4474 2907 4528 nostris
2951 4480 3010 4526 tu
3053 4470 3461 4542 propitiaberis.
3494 4488 3514 4522 ο

1945 4564 2045 4618 Hic
2083 4579 2300 4634 quoque
2344 4562 2615 4618 Hebraica
2667 4565 2949 4633 Scriptura
3001 4561 3337 4617 Salvatorem
3385 4559 3528 4631 ipsis

1943 4656 2354 4711 characteribus
2392 4655 2584 4719 eﬂ’ert,
2636 4657 2793 4726 queis
2842 4655 3093 4710 Salvator
3141 4665 3328 4708 noster
3357 4656 3534 4707 Iesus

1944 4749 2236 4803 scribitur.”
2267 4747 2529 4803 Eumdem
2575 4763 2742 4818 porro
2775 4748 3122 4803 Servatorem
3165 4754 3219 4802 et
3252 4745 3521 4816 propitia-

1943 4837 2147 4891 tionem
2188 4839 2262 4891 ita
2298 4853 2516 4908 quoque
2547 4845 2767 4902 vocant,
2799 4841 2822 4888 ἰ
2858 4836 3019 4908 Spem
3051 4838 3290 4892 omnium
3325 4834 3529 4889 ﬁnium»

1942 4940 2103 4986 term
2143 4938 2197 4985 et
2243 4946 2429 4985 eorum
2461 4932 2555 4999 qui
2603 4931 2656 4982 in
2708 4931 2847 4983 mari
2902 4938 3031 4984 sunt
3076 4930 3254 4998 longe,
3287 4947 3306 4979 ι
3337 4927 3514 4996 palam

1942 5021 2303 5076 declarantes-
2333 5022 2446 5076 haec
2481 5022 2616 5076 nihil
2651 5021 2718 5075 ad
2752 5020 2970 5076 Iudaeos
3001 5023 3311 5091 pertinere:
3341 5034 3528 5090 neque-

1942 5113 2088 5168 enim
2137 5113 2272 5182 ipsis
2323 5121 2560 5174 tantum,
2611 5112 2707 5167 sed
2750 5113 2911 5166 etiam
2962 5112 3220 5166 omnibus
3262 5111 3518 5181 gentibus

1947 5203 2254 5260 Servatoris
2296 5204 2548 5272 gratiam,
2609 5211 2668 5257 ttt
2710 5215 2763 5259 et
2818 5204 3066 5257 notitiam
3119 5193 3518 5269 scientiamque

1940 5293 2035 5349 Dei
2068 5293 2495 5348 annuntiandam
2528 5294 2919 5356 vaticinantur,
2958 5294 3028 5347 ita
3067 5301 3125 5346 ut
3150 5308 3255 5346 non
3289 5291 3427 5344 ultra
3456 5291 3514 5343 in

1939 5384 2058 5439 suis
2088 5384 2218 5438 olim
2245 5384 2458 5440 vocatis
2488 5385 2618 5448 diis,
2665 5385 2764 5440 sed
2790 5386 2846 5438 in
2873 5399 2941 5439 eo
2977 5384 3096 5438 solo
3125 5385 3215 5452 qui
3255 5380 3510 5434 Servatus

1937 5489 2129 5531 eorum
2183 5475 2407 5532 eﬂectus
2452 5484 2558 5545 est,
2601 5492 2752 5548 spem
2805 5483 3090 5546 reponant.
3143 5471 3524 5540 «Pravparanx.
