4062 6208
455 253 560 310 655

1129 245 1395 302 unseen
1433 239 1906 299 CESARIENSIS
1939 219 2090 295 ore.
2134 237 2312 292 rans
2349 237 2524 293 lll.—
2560 237 2968 294 exsomnes.

3601 241 3702 294 636

456 377 671 423 montes
722 369 776 420 in
829 364 1028 419 virtute
1071 378 1190 423 sua.
1221 364 1503 417 accinctus
1553 362 1818 431 potentia.
1853 379 1871 411 ι
1926 358 2032 411 Pro

2140 357 2296 426 μόνον
2343 357 2435 410 τὸν
2478 358 2658 412 αὐτῶν
2693 360 2980 430 γενόμενον
3024 359 3268 429 Σωτῆρα.
3321 378 3338 410 ι
3373 360 3708 430 Ἐτοιμάζων

457 457 572 519 illo,
614 475 632 506 ‹
665 469 978 524 praeparans
1021 462 1256 516 montes,
1289 472 1307 504 ι
1348 453 1730 524 Symmachus,
1787 470 1818 501 ιι
1844 451 2028 504 funda—

456 549 526 601 sti
569 553 800 607 montes,
833 564 850 595 ι
903 545 1292 613 interpretatus
1329 550 1435 597 est.
1482 541 1581 596 Hic
1629 557 1792 611 porro
1843 542 2028 595 divina

454 637 522 691 de
557 636 846 690 Servatore
871 635 1120 689 doctrina
1150 633 1456 688 inducenda
1488 641 1592 688 est.
1631 631 1710 685 T-u
1743 632 1910 696 enim,
1945 632 2031 685 in-

423 728 595 796 .quit,
627 742 688 781 es
723 742 856 794 spes
880 726 1124 779 omnium
1167 724 1354 778 (inium
1407 731 1587 788 terrae,
1621 724 1714 793 qui
1747 723 1946 778 et‘haac
1977 731 2031 777 et

455 818 550 871 illa
584 817 784 871 virtute
832 824 924 869 tua
975 830 1170 884 magna
1219 814 1536 868 condidisti.
1589 813 1770 866 Primo
1811 814 2028 882 quidem

456 905 782 974 praeparasti
811 912 1023 958 montes
1062 904 1358 958 invirtute
1385 911 1495 964 tua,
1534 903 1816 957 accinctus
1843 912 2029 972 poten-

455 994 569 1047 tia:
597 992 792 1048 deinde
841 994 1183 1047 conturbasti
1225 993 1572 1062 profundum,
1609 993 1811 1054 marist,
1857 1001 1910 1047 et
1949 1008 2029 1046 so-

458 1100 586 1137 num
617 1083 884 1137 ﬂuctuum
915 1083 1042 1152 ejus
1067 1084 1330 1152 mitigasti
1357 1101 1371 1137 :
1402 1091 1607 1152 postea
1638 1099 1733 1152 per
1761 1083 1874 1137 haec
1907 1099 2032 1138 con-

457 1173 937 1242 turbastigentes.
971 1171 1067 1226 His
1092 1187 1222 1226 vero
1252 1173 1424 1242 gestis
1457 1174 2029 1242 magnamutilitatem

2131 448 2230 519 ὅρη
2265 453 2322 502 ὲν
2349 454 2413 521 τῇ
2448 451 2592 521 ἰσχύϊ
2619 452 2803 515 αὑτοῦ,
2825 451 3257 523 περιεζωσμένος
3284 454 3342 504 ὲν
3363 453 3700 506 δυναστεία.»

2142 541 2289 594 Ἀντὶ
2322 541 2436 605 τοῦ,
2474 563 2491 593 ι
2524 543 2828 612 ὲτοιμάζων
2856 544 2979 614 ὄρη,
3006 545 3248 615 ἦδρασας
3281 544 3403 615 ὅρη,
3440 562 3457 594 ι
3504 547 3533 598 6
3563 544 3708 615 Σύμ-

2137 651 2308 704 μαχος
2341 635 2698 704 ἡρμήνευσεν.
2741 634 3104 699 Ἐπάξει-δὲ’ὁ
3133 636 3288 702 λόγος
3310 636 3414 699 ’τὰς
3443 637 3572 707 περὶ
3610 626 3706 690 τοῦ

2135 722 2520 794 προλεχθεωτπ
2548 724 2796 793 Σωτῆρος
2828 723 3126 792 θεολογίας.
3161 725 3231 776 Σὺ
3264 724 3372 794 γάρ
3402 720 3472 787 εἶ,
3517 725 3701 794 φησὶν,

2131 819 2167 886 ἡ
2199 816 2352 878 ἐλπὶς
2395 817 2611 869 πάντων
2649 816 2756 868 τῶν
2796 817 3046 886 περάτων
3089 813 3190 884 τῆς
3229 816 3332 886 γῆς
3376 819 3404 869 6
3437 816 3563 870 τάδε
3611 819 3706 871 καὶ

2134 906 2259 959 τάδε
2288 909 2355 976 τῇ
2393 905 2589 960 σαυτοῦ
2618 906 2844 976 δυνάμει
2867 905 3332 976 μεγαλουργήσας.
3358 907 3587 978 Πρῶτον
3610 909 3706 977 μὲν

2131 996 2431 1066 ἡτοίμασας
2455 994 2557 1065 ὅρη
2582 997 2639 1048 ὲν
2669 998 2735 1065 τῇ
2772 993 2912 1062 ίσχύῖ
2945 1011 3037 1046 σου
3071 994 3514 1066 περιζωσάμενος
3546 996 3675 1050 δυνα

2136 1083 2349 1136 στείαν·
2394 1078 2512 1136 εἶτα
2559 1084 2923 1156 συνετάραξας
2963 1083 3024 1137 τὸ
3062 1084 3224 1147 κύτος
3268 1085 3368 1155 τῆς
3409 1085 3705 1154 θαλάσσης,

2135 1173 2227 1226 καὶ
2255 1173 2364 1225 τῶν
2393 1174 2650 1248 κυμάτων
2675 1175 2841 1244 αὐτῆς
2871 1175 2932 1227 τὸ
2957 1171 3088 1245 ἦχος
3121 1176 3397 1245 ὲπράῦνας
3415 1193 3428 1206 ο
3473 1173 3594 1229 εἶτα
3619 1177 3707 1229 διὰ

457 1273 821 1332 perceperunt
850 1264 944 1332 qui
991 1263 1551 1318 habitantterminos.
1587 1262 1664 1317 Te
1708 1265 1909 1332 quippe
1941 1281 2035 1336 no-

2140 1264 2336 1316 τούτων
2386 1264 2652 1334 ὲτάραξας
2704 1264 2851 1335 ἔθνη.
2905 1265 3121 1317 Τούτων
3170 1265 3226 1318 δὲ
3273 1267 3597 1336 γενομένων,
3639 1268 3710 1320 τὰ

457 1363 676 1421 verunt,
724 1363 778 1409 et
808 1356 1106 1410 timuerunt
1152 1371 1182 1408 a
1226 1357 1398 1426 signis
1437 1357 1569 1418 tuis,
1623 1355 1785 1408 itaut
1826 1335 2030 1408 nullam

462 1445 691 1499 ulterius
721 1452 917 1513 prater
949 1453 1003 1499 te
1033 1460 1184 1514 spem
1217 1445 1288 1499 ob
1313 1446 1500 1509 oculos
1529 1453 1814 1515 ponerent.
1854 1443 2033 1509 Quare

460 1549 628 1604 supra
669 1535 874 1588 dictum
909 1542 1033 1588 est:
1071 1552 1089 1585 ι
1130 1534 1266 1603 Spes
1289 1529 1534 1587 omnium
1565 1534 1753 1587 ﬁnium
1794 1543 1970 1588 terrae.
2008 1553 2026 1584 ι

457 1623 498 1677 ιι
529 1625 675 1678 enim
712 1626 804 1694 qui
837 1625 1100 1679 terminos
1146 1634 1304 1678 terra:
1355 1624 1607 1676 incolunt
1658 1623 1748 1677 hic
1782 1639 2031 1693 prrennn-

456 1712 627 1765 tiatur
659 1710 902 1766 futurum
933 1728 1055 1766 esse
1081 1720 1140 1765 ut-
1161 1714 1390 1764 timeant
1423 1711 1652 1766 Deuma
1689 1712 1864 1781 signis
1888 1713 2030 1781 ejus,

457 1809 518 1856 ut
559 1802 764 1856 dicitur
791 1820 804 1855 :
845 1821 863 1853 ι
895 1801 959 1854 Ει
987 1801 1256 1856 timebunt
1285 1801 1378 1870 qui
1429 1801 1679 1855 habitant
1710 1805 2034 1857 terminos-a

461 1895 796 1964 signis‘tuis-t
825 1911 844 1942 ι
873 1890 1131 1957 Quaenam
1166 1890 1320 1959 signa
1349 1889 1645 1953 illa-erant,
1671 1905 1790 1960 quae
1815 1905 1939 1944 cum
1965 1890 2037 1943 vi-

459 1984 769 2052 derent‘qui
802 1981 1121 2036 habitabant
1148 1981 1414 2035 terminos
1444 1981 1743 2035 timuerunt
1772 1980 1940 2036 Deum
1979 1982 2034 2035 in

459 2076 746 2143 ipsumque
791 2082 1104 2142 sperarunt,
1147 2072 1404 2141 superius
1451 2070 1652 2125 docuit
1682 2071 1779 2126 bis
1808 2072 1987 2128 verbis
2019 2091 2030 2125 :

467 2185 496 2217 σε
518 2165 837 2235 Ρταιριιτειιιε
869 2174 1082 2218 montes
1132 2165 1187 2218 in
1219 2165 1418 2219 virtute
1467 2179 1586 2228 sua,
1625 2166 1908 2218 accinctus
1944 2180 2037 2232 po-

459 2257 652 2318 tentia,
681 2255 772 2325 qui
803 2255 1106 2310 conturbas
1137 2253 1465 2324 profundum
1489 2256 1678 2315 maris.
1710 2271 1902 2310 sonum
1935 2255 2035 2309 ll‘n-

459 2357 644 2401 ctuum
671 2348 812 2416 ejus.
849 2367 866 2398 ι
896 2346 1030 2412 Quis
1061 2348 1403 2402 sustinebit?
1437 2366 1454 2397 ι
1487 2346 2034 2418 Turbabunturgen-

463 2447 566 2493 tes.
599 2456 618 2490 ι
649 2437 772 2494 llaec
802 2437 1048 2492 videntes
1089 2437 1182 2506 qui
1235 2437 1484 2491 habitant
1524 2438 1809 2502 terminos,
1841 2437 2036 2491 timue-

462 2534 668 2583 runt‘a
723 2528 898 2596 signis
932 2528 1070 2596 ejus.
1131 2526 1227 2582 llis
1271 2537 1440 2596 pOI'l'O
1490 2528 1842 2597 signiﬁcatur
1873 2528 2037 2597 spiri-

458 2628 611 2674 tuum
650 2621 1036 2689 malignorum,
1085 2619 1177 2688 qui
1221 2621 1348 2673 olim
1397 2630 1590 2673 contra
1624 2619 1718 2674 Dei
1749 2620 2033 2673 scientiam

458 2708 830 2777 erigebantur,
892 2707 1128 2775 abjectio
1185 2715 1239 2760 et
1297 2706 1569 2776 depulsio,
1621 2721 1689 2760 ac
1749 2706 2034 2759 diabolica:

460 2798 595 2852 aciei
639 2797 846 2858 clades,
899 2798 1314 2866 principatuum
1349 2797 1625 2860 videlicet,
1679 2804 2034 2864 potestatum,

460 2899 733 2946 rectorum
785 2889 969 2942 mundi
1025 2870 1084 2943 et
1138 2889 1514 2957 spiritualium
1575 2887 1834 2956 nequitia
1871 2905 1884 2939 :
1916 2901 2037 2955 qua:

2138 1351 2348 1420 μεγάλα
2399 1349 2756 1422 ὠφελήθησαν
2811 1353 2861 1404 ot
2915 1352 3294 1417 κατοικοῦντες
3347 1355 3415 1408 τά
3475 1355 3705 1426 πέρατα.

2138 1444 2422 1510 Ἔγνωσαν
2451 1443 2559 1513 γάρ
2585 1459 2666 1505 σε,
2691 1443 2786 1498 καὶ
2817 1443 3160 1514 ἐφοϐήθησαν
3189 1444 3436 1498 ἀπδτῶν
3465 1445 3740 1516 σημείων-

2141 1551 2233 1586 σου
2267 1573 2282 1595 ,
2332 1532 2408 1595 ὡς
2459 1533 2658 1602 μηκέτι
2713 1533 2898 1586 λοιπὸν
2953 1533 3118 1603 ἄλλην
3177 1534 3298 1586 τινὰ
3349 1534 3540 1588 ἐλπίδα
3601 1535 3709 1604 πρὸ

2135 1622 2429 1694 ὀφθαλμῶν
2487 1623 2730 1675 τίθεσθαι
2782 1624 2814 1693 ἢ
2870 1625 2949 1676 σέ,
3010 1623 3114 1676 Διδ
3155 1619 3410 1694 ἀνωτέρω
3457 1624 3730 1691 ὲλέγετο”·

2144 1733 2161 1764 ι
2202 1713 2265 1765 Ἦ
2301 1714 2454 1776 ἐλπὶς
2491 1716 2707 1768 πάντων
2745 1715 2863 1767 τῶν
2899 1716 3148 1785 περάτων
3201 1715 3297 1786 τῆς
3329 1716 3451 1784 γῆς.
3483 1735 3501 1766 ι
3548 1710 3707 1768 Οὗτοι

2137 1805 2245 1876 γὰρ
2278 1806 2329 1857 ot
2357 1805 2425 1858 τὰ
2456 1805 2668 1875 πέρατα
2695 1805 2795 1874 τῆς
2822 1806 2925 1874 γῆς
2950 1804 3224 1868 οἰκοῦντες
3257 1806 3314 1857 ὲν
3341 1809 3453 1869 τοῖς
3491 1823 3710 1876 προκει-

2142 1895 2324 1966 μένοις
2377 1894 2779 1966 φοϐηθήσεσθαι
2833 1896 2924 1949 τὸν
2972 1896 3110 1949 Θεὸν
3157 1896 3264 1949 ἀπὸ
3310 1897 3420 1950 τῶν
3469 1897 3709 1968 σημείων

2137 1985 2304 2039 αὑτοῦ
2340 1985 2682 2049 θεσπίζονται
2730 1986 2834 2038 ὑπὸ
2872 1986 2965 2039 τοῦ
3006 1989 3276 2057 φήσαντος
3307 1987 3516 2056 λογίου·
3555 2006 3574 2038 ι
3602 1989 3711 2040 Καὶ

2137 2075 2532 2146 φοϐηθήσονται
2580 2078 2628 2129 οἱ
2676 2077 3054 2140 κατοικοῦντες
3093 2078 3160 2131 τά
3201 2079 3410 2150 πέρατα
3447 2080 3558 2132 ἀπὸ
3601 2080 3710 2132 τῶν

2139 2167 2381 2235 σημείων
2401 2184 2530 2220 σου.
2569 2186 2586 2218 ι
2626 2168 2762 2221 Ποῖα
2792 2167 2846 2220 δὲ
2881 2164 2949 2237 ἦν
2975 2169 3043 2221 τά
3089 2172 3308 2238 σημεῖα,
3341 2170 3484 2241 άπερ
3515 2169 3714 2224 θεασά-

2141 2275 2291 2324 μενοι
2344 2259 2392 2310 οἱ
2440 2258 2818 2321 κατοικοῦντες
2875 2259 2943 2311 τὰ
2983 2259 3193 2330 πέρατα
3233 2260 3578 2330 ἐφοϐήθησαν
3619 2263 3732 2314 τις».

2136 2347 2266 2418 Θεὸν
2311 2349 2406 2401 καὶ
2452 2350 2531 2411 είς
2590 2349 2751 2401 αὐτὸν
2799 2348 3066 2418 ἦλπισαν,
3118 2349 3460 2420 προεδίδαξεν
3509 2350 3706 2402 εἰπών·

2143 2457 2159 2489 ι
2185 2438 2516 2508 Ἐτοιμάζων
2557 2438 2658 2509 ϐρη
2688 2439 2744 2491 tv
2777 2441 2842 2509 τῇ
2880 2438 3023 2507 ἰσχύϊ
3049 2438 3213 2492 αὐτοῦ
3233 2477 3247 2500 ,
3279 2435 3712 2509 περιεζωσμένος

2136 2533 2193 2582 tv
2221 2529 2526 2600 δυναστείᾳ,
2554 2529 2994 2600 δ’συνταράσσων
3020 2528 3084 2581 τὸ
3103 2529 3267 2592 κύτος
3292 2529 3392 2599 τῆς
3416 2527 3709 2597 θαλάσσης,

2135 2624 2300 2692 ἡχους
2353 2623 2611 2692 κυμάτων
2649 2623 2837 2692 αὑτῆς.
2877 2642 2893 2674 ι
2952 2623 3048 2685 Τίς
3101 2623 3507 2694 ὑποστήσεταις·
3549 2640 3569 2672 ι
3601 2623 3714 2675 Τα-

2141 2712 2498 2782 ραχθήσονται
2525 2712 2670 2782 ἔθνη.
2706 2733 2724 2762 ι
2761 2713 2945 2765 Ταῦτα
2979 2711 3304 2783 θεασάμενοι
3333 2715 3380 2764 οἱ
3402 2711 3715 2765 κατοικοῦν-

2135 2818 2226 2864 τες
2250 2801 2317 2854 τὰ
2340 2803 2570 2872 πέρατα,
2608 2784 2952 2876 ἐφοϐήθησαν
2978 2805 3092 2861 aut;
3110 2805 3216 2856 τῶν
3251 2805 3496 2874 σημείων
3525 2803 3710 2857 αὑτοῦ.

2139 2893 2402 2963 Δηλοῦται
2439 2895 2496 2947 δὲ
2537 2896 2624 2948 διὰ
2664 2896 2867 2948 τούτων
2912 2900 2944 2964 ἡ
2980 2895 3086 2949 τῶν
3119 2895 3288 2948 πάλαι
3333 2894 3712 2965 ἐπαιρομένων

459 2981 677 3049 quidem
707 2978 836 3030 olim
871 2978 1124 3048 gentibus
1158 2987 1362 3031 terram
1399 2976 1765 3030 incolentibus
1797 2975 2034 3034 domina-

2140 2983 2278 3035 κατὰ
2335 2985 2434 3053 τῆς
2479 2985 2731 3051 γνώσεως
2774 2985 2870 3038 τοῦ
2907 2985 3040 3038 Θεοῦ
3087 2983 3338 3054 πονηρῶν
3393 2983 3716 3053 πνευμάτων

462 3072 680 3134 bantur,
733 3079 786 3124 et
831 3070 1083 3123 humana;
1134 3067 1265 3121 vita:
1311 3082 1464 3122 mare
1506 3066 1937 3120 commiscebant
1981 3077 2036 3120 et

462 3160 884 3223 conturbabant,
916 3159 1010 3211 ita-
1031 3165 1110 3212 uti.
1140 3157 1367 3212 deorum
1410 3157 1748 3228 religionem,
1780 3156 2035 3211 omnibus

461 3251 777 3304 universum
830 3249 1000 3304 orbis,
1030 3249 1362 3302 elementum
1409 3247 1778 3300 incolentibus
1827 3247 2036 3301 emitte-

463 3349 604 3395 rent.
643 3339 837 3395 Omnia
877 3355 1005 3394 vero
1041 3355 1137 3408 per
1168 3339 1472 3394 salutarem
1508 3337 1602 3393 Dei
1644 3337 1935 3393 adventum
1969 3338 2036 3392 de

462 3434 642 3489 medio
691 3431 921 3488 sublata
959 3439 1023 3485 ει.
1053 3445 1244 3485 eversa
1293 3437 1446 3484 sunt.
1494 3428 1599 3483 llis
1647 3429 1848 3482 similia
1896 3428 2036 3483 alius

460 3538 678 3594 quoque
730 3522 1003 3593 propheta.
1047 3521 1198 3576 hisce
1244 3521 1431 3575 verbis
1469 3519 1796 3573 vaticinatur
1837 3538 1849 3572 :
1891 3537 1910 3569 σ
1935 3518 2037 3572 Au-

462 3614 620 3678 dite,
671 3614 858 3684 populi
902 3627 1134 3675 onmes,
1193 3611 1289 3680 qui
1340 3611 1603 3666 habitatis
1661 3611 1714 3664 in
1767 3612 1881 3680 ipsa
1928 3617 2038 3664 :et

461 3707 578 3760 erit.
623 3704 767 3760 Deus
825 3703 979 3758 vobis
1041 3705 1097 3758 in
1153 3703 1573 3765 testimonium,
1628 3703 1911 3758 uDominus
1949 3702 2038 3758 .de

462 3795 625 3850 domo
651 3805 990 3851 sanctaesua.
1018 3794 1157 3861 Quia
1185 3809 1314 3850 ecce
1342 3794 1624 3856 Dominus,
1655 3793 1919 3849 Dominus
1947 3792 2039 3848 de-

465 3888 703 3943 scendet
735 3888 804 3943 de
837 3889 961 3942 loco
1008 3872 1130 3950 suo,
1174 3894 1228 3942 et
1262 3886 1596 3941 conscendet
1623 3901 1787 3954 super
1822 3884 2035 3940 excelsa

465 3985 645 4032 terra).
691 3977 758 4030 Et
791 3985 1035 4031 conteret
1074 3983 1290 4031 montes
1323 3975 1517 4029 subtus
1565 3989 1644 4038 se,
1681 3981 1736 4028 et
1771 3973 1942 4028 valles
1970 3973 2038 4026 li—

465 4076 738 4137 quescent—
789 4067 936 4122 sicut
985 4082 1110 4122 cera
1171 4081 1202 4120 a
1255 4066 1390 4120 facie
1453 4065 1596 4134 ignis
1649 4074 1870 4136 propter
1936 4066 2038 4119 im-

467 4159 724 4228 pietatem
760 4155 932 4212 Jacob
965 4173 991 4207 ε’·
1014 4157 1128 4210 lucc
1157 4156 1341 4210 omnia
1387 4162 1442 4209 et
1490 4162 1716 4225 prnpter
1753 4163 2036 4223 peccatum

467 4247 665 4302 domus
697 4244 951 4300 Israel".
992 4264 1022 4297 »ι
1052 4247 1112 4298 In
1146 4258 1260 4299 x-vu
1317 4243 1444 4298 item
1493 4242 1725 4312 psalmo,
1760 4241 1852 4311 qui
1891 4242 2041 4312 ejus-

2142 3073 2468 3136 ταπείνωσις
2502 3076 2596 3127 καὶ
2635 3077 2668 3144 ἡ
2692 3075 3008 3146 καθαίρεσις
3048 3076 3147 3146 τῆς
3186 3075 3497 3144 διαϐολικῆς
3541 3091 3717 3144 παρα-

2141 3160 2380 3225 τάξεως,
2417 3162 2598 3232 ἀρχῶν
2645 3163 2845 3234 δηλαδὴ
2895 3165 2987 3217 καὶ
3037 3163 3314 3228 ἐξουσιῶν,
3366 3165 3459 3218 καὶ
3517 3180 3718 3234 κοσμο-

2143 3253 2424 3322 κρατόρων
2462 3254 2556 3306 καὶ
2607 3255 2990 3323 πνευματικῶν
3049 3255 3150 3324 τῆς
3204 3255 3497 3324 πονηρίαςο
3558 3253 3717 3306 ama
3774 3318 3780 3324 .

2145 3343 2311 3396 πάλαι
2347 3343 2447 3414 μὲν
2473 3344 2798 3414 κατεκράτει
2827 3344 2936 3398 τῶν
2965 3345 3056 3397 ἐπὶ
3081 3346 3182 3414 γῆς
3205 3344 3495 3397 οἰκούντων
3523 3343 3714 3406 ἐθνῶν,

2145 3433 2415 3487 συνεκύκα
2486 3451 2546 3487 τε
2610 3435 2704 3487 καὶ
2771 3435 3131 3506 συνετάραττε
3186 3435 3286 3505 τὴν
3352 3434 3445 3486 τοῦ
3505 3432 3718 3504 ἀνθρω-

2145 3521 2298 3574 πείου
2348 3521 2463 3591 βίου
2523 3522 2820 3587 θάλασσαν,
2861 3523 2937 3586 ὡς
2983 3523 3119 3576 θεῶν
3162 3522 3319 3588 δόξαν
3369 3523 3719 3576 ἀποστέλλειν

2146 3611 2295 3680 παρὰ
2317 3613 2451 3664 πᾶσι
2493 3615 2605 3675 τοῖς
2626 3612 2684 3665 τὸ
2706 3613 2806 3682 τῆς
2842 3613 2945 3682 γῆς
2982 3612 3188 3665 οἰκοῦσι
3217 3615 3494 3682 στοιχεῖον.
3528 3610 3716 3680 Καθῄέ-

2147 3717 2306 3770 ρηται
2351 3700 2408 3753 δὲ
2470 3701 2646 3754 πάντα
2704 3701 2798 3753 καὶ
2860 3700 3265 3771 ἀνατέτραπται
3315 3701 3407 3754 διά
3458 3700 3555 3767 τῆς
3604 3715 3718 3750 σω-

2141 3791 2332 3861 τηρίου
2385 3789 2719 3857 θεοφανείας.
2773 3789 2853 3842 Τά
2891 3790 3061 3859 ὅμοια⁴
3097 3789 3160 3842 δὲ
3197 3789 3404 3852 τούτοις
3433 3788 3524 3840 καὶ
3558 3787 3722 3850 ἄλλος

2145 3881 2430 3952 προφήτης
2463 3875 2562 3934 ὧδε
2615 3879 2878 3943 θεσπίζει-
2904 3879 3112 3955 λέγων·
3171 3898 3190 3929 ι
3231 3878 3552 3939 Ἀκούσατε,
3599 3877 3724 3931 λαοὶ

2146 3971 2344 4034 πάντες
2380 3973 2430 4024 οἱ
2461 3971 2850 4034 κατοικοῦντες,
2885 3972 2940 4023 ὲν
2973 3971 3108 4040 αὐτῇ
3133 3988 3145 4000 ·
3197 3971 3291 4024 καὶ
3328 3971 3482 4024 ἔσται
3522 3972 3550 4023 6
3589 3970 3722 4034 Θεὸς

2146 4064 2276 4131 ὑμῖν
2319 4064 2399 4125 εἰς
2444 4061 2765 4131 μαρτύριον,
2810 4060 3015 4131 Κύριος
3053 4060 3111 4124 ἐξ
3157 4061 3307 4113 οἴκου
3348 4060 3506 4128 ἁγίου
3535 4059 3716 4113 αὑτοῦ.

2147 4154 2290 4207 Διότι
2327 4153 2432 4207 ἰδοὺ
2459 4153 2665 4224 Κύριος
2699 4152 3063 4222 καταϐήσεται
3104 4155 3168 4206 ἐκ
3198 4151 3292 4205 τοῦ
3324 4153 3490 4205 τόπου
3519 4150 3684 4204 αὑτοῦ
3704 4167 3719 4180 ·

2149 4245 2240 4297 καὶ
2258 4244 2600 4316 ἐπιϐήσεται,
2633 4242 2838 4314 Κύριος
2861 4243 2954 4296 ἐπὶ
2982 4242 3047 4296 τὰ
3071 4242 3178 4312 ὕψη
3200 4242 3302 4312 τῆς
3315 4243 3436 4313 γῆς.
3478 4241 3588 4294 Καὶ
3602 4259 3724 4294 συν-

467 4340 592 4395 dem
639 4339 851 4394 Domini
896 4339 1222 4393 descensum
1273 4351 1343 4391 ex
1386 4335 1621 4400 ctelisjn
1648 4343 1854 4389 terram
1889 4351 2036 4389 com-

2146 4335 2460 4406 τριϐήσεται
2475 4333 2549 4387 τὰ
2563 4334 2663 4405 ὅρη
2679 4334 3028 4388 ὑποκάτωθεν
3049 4332 3214 4387 αὐτοῦ
3234 4349 3246 4364 ⁸
3274 4333 3368 4386 καὶ
3394 4333 3452 4386 al
3478 4332 3722 4395 κοιλάδες

470 4431 752 4501 plectitur,
777 4430 985 4483 dictum
1012 4438 1094 4483 est
1127 4443 1140 4479 :
1183 4446 1201 4479 ι
1243 4426 1303 4481 Ει
1332 4432 1722 4480 commotaest
1755 4433 1808 4480 et
1833 4431 2043 4479 contre-

474 4524 614 4578 uiuit
644 4531 812 4584 terra,
839 4519 1192 4574 fundamenta
1235 4519 1500 4573 montium
1537 4518 1865 4573 conturbata
1915 4524 2042 4571 sunt

470 4623 527 4666 et
558 4623 826 4668 commota
877 4620 1025 4674 sunt,
1065 4612 1322 4681 quoniam
1374 4612 1550 4665 iratus
1594 4617 1678 4665 est
1727 4609 1809 4663 eis
1859 4606 2044 4661 Domi-

470 4706 656 4760 nus".
695 4725 713 4756 ι
747 4702 844 4757 His
877 4718 1043 4773 porro
1097 4703 1396 4757 descensus
1436 4701 1671 4759 Domini,
1712 4700 1765 4754 id
1821 4705 1903 4753 est
1947 4699 2042 4753 Dei

481 4799 660 4854 'r‘ernt,
692 4792 1068 4860 signiﬁcatur;
1105 4791 1411 4860 deindeque
1455 4790 1795 4845 occultarum
1823 4798 1876 4844 et
1907 4789 2046 4842 invi-

477 4879 720 4936 sibllium
771 4888 1127 4948 potestatum,
1158 4896 1280 4950 quae
1308 4881 1437 4934 olim
1480 4879 1536 4932 in
1587 4879 1819 4933 sublime
1870 4878 2046 4947 erige-

477 4972 698 5027 bantur.
730 4978 783 5024 ct
807 4971 874 5024 ab
898 4971 1153 5027 omnibus
1188 4972 1440 5042 gentibus
1485 4970 1828 5032 colebantur,
1859 4969 2041 5030 ruina,

475 5061 710 5129 abjectio
741 5069 794 5115 et
824 5062 1133 5131 dissipatio,
1162 5078 1283 5131 quae
1324 5063 1378 5116 in
1410 5062 1530 5132 ejus
1550 5061 1616 5117 ad
1647 5061 1906 5116 homines
1950 5060 2045 5115 de-

475 5167 676 5206 scensu
700 5151 946 5221 contigit.
975 5150 1154 5216 Quare
1183 5153 1237 5206 in
1263 5153 1516 5222 praesenti
1553 5152 1756 5208 dicitur
1788 5168 1802 5204 :
1843 5171 1864 5203 ι
1903 5149 2047 5206 Prat-

476 5258 679 5314 parans
717 5250 929 5300 montes
983 5245 1037 5297 in
1090 5245 1293 5298 virtute
1342 5259 1462 5308 sua,
1515 5245 1799 5299 accinctus
1851 5250 2045 5314 poten-

479 5335 577 5388 tia.
615 5354 635 5385 ι
669 5332 915 5388 Potentia
948 5333 1090 5386 enim
1139 5332 1444 5395 accinctus,
1478 5332 1797 5388 fortitudine
1837 5333 2049 5386 scilicet

479 5440 600 5487 sua,
650 5424 943 5494 przedietos
995 5430 1207 5478 montes
1258 5422 1498 5476 nondum
1549 5422 1779 5492 quidem
1821 5435 2048 5494 prorsus

552 5599 595 5628 ³⁵
633 5597 795 5653 Miclt.
825 5613 873 5664 ι,
1095 5601 1136 5638 ⁸⁷
1160 5597 1305 5654 Psal.
1332 5612 1466 5664 xvn,
1501 5595 1554 5654 8.

2142 4427 2488 4498 τακήσονται
2511 4427 2586 4489 ὼς
2618 4425 2788 4497 κηρὸς
2823 4426 2931 4479 ἀπὸ
2956 4423 3246 4496 προσώπου
3295 4423 3463 4493 πυρὸς
3494 4423 3560 4476 δι’
3593 4422 3722 4477 ἀσέέ

2142 4521 2292 4572 ϐειαν
2341 4517 2562 4572 Ἰακώϐο
2600 4517 2771 4570 ταῦτα
2811 4516 2986 4570 πάντα
3023 4515 3118 4568 καὶ
3157 4515 3223 4566 δι’
3267 4513 3541 4584 άμαρτίάν
3571 4511 3720 4566 οἴκου

2156 4609 2390 4682 Ἰσραήλ.
2433 4629 2452 4660 ι
2476 4609 2636 4662 Ἀλλὰ
2665 4607 2757 4662 καὶ
2791 4610 2848 4660 ὲν
2874 4607 2952 4676 τῷ
2982 4604 3047 4670 ιζ’
3071 4603 3290 4675 ψαλμῷ,
3333 4603 3432 4674 τὴν
3474 4602 3533 4667 ἐξ
3558 4604 3724 4672 obpa-

2143 4699 2250 4752 νῶν
2278 4701 2370 4753 ἐπὶ
2390 4699 2494 4768 γῆς
2517 4699 2816 4752 κατάϐασιν
2839 4696 2932 4750 τοῦ
2958 4691 3356 4764 αὐτοῦ’Κυρξου
3393 4691 3720 4763 περιέχοντι

2143 4789 2423 4842 λέλεκται·
2458 4805 2496 4836 «μ
2520 4787 2640 4839 Καὶ·
2669 4784 2932 4853 ἐσαλεύθη
2971 4784 3066 4836 καὶ
3111 4782 3368 4851 ἔντρομος
3412 4778 3638 4849 ἐγενήθη
3687 4779 3722 4846 ἠ

2145 4873 2252 4944 γῆ,
2298 4873 2394 4927 καὶ
2437 4871 2506 4925 τά
2556 4872 2780 4943 θεμέλια
2826 4870 2933 4924 τῶν
2982 4870 3152 4940 ὀρέων
3197 4866 3576 4939 ἐταράχθησαν
3628 4865 3722 4918 καὶ

2146 4965 2534 5036 ὲσαλεύθησαν,
2561 4965 2641 5017 ὃτι
2673 4962 2917 5034 ὠργίσθη
2947 4961 3128 5024 αὐτοῖς
3156 4962 3185 5014 6
3213 4958 3437 5030 Κύριοςέ
3468 4977 3488 5010 ι
3516 4959 3727 5029 Σημαίέ

2146 5075 2294 5110 νεται
2319 5056 2376 5109 δὲ
2409 5055 2494 5109 διά
2533 5055 2738 5108 τούτων
2767 5053 2990 5116 κάθοδος
3019 5050 3112 5104 τοῦ
3141 5049 3370 5120 Κυρίου,
3391 5047 3593 5117 δηλαδὴ
3625 5045 3743 5098 τοῖ’

2147 5148 2281 5202 Θεοῦ
2315 5147 2487 5216 Λόγου
2507 5164 2520 5177 ·
2550 5145 2646 5200 εἶτ’
2681 5146 2774 5199 ἐπὶ
2801 5147 2866 5214 τῇ
2903 5145 2982 5207 είς
3025 5140 3343 5212 ἀνθρώπους
3387 5137 3598 5206 καθόδῳ
3627 5136 3724 5190 ab;

2148 5241 2240 5295 τοῦ
2275 5240 2381 5293 τῶν
2418 5239 2638 5308 ἀφανῶν
2689 5237 2782 5290 καὶ¹
2814 5234 3058 5306 ἀοράτων
3091 5232 3372 5302 δυνάμεων
3405 5229 3513 5282 τῶν
3555 5228 3721 5284 πάλαι

2114 5357 2116 5360 ν
2149 5333 2228 5394 είς
2257 5331 2388 5400 ὕψος
2417 5329 2760 5400 ἐπηρμένων,
2794 5325 2886 5378 καὶ
2923 5323 3072 5394 παρά
3113 5324 3243 5376 πᾶσι
3271 5325 3383 5383 τοῖς
3424 5309 3598 5372 ἔθνεσι
3636 5333 3723 5370 τεο

2151 5422 2468 5493 τιμημένων
2490 5419 2805 5489 καθαίρεσις
2827 5415 2919 5472 καὶ
2943 5414 3264 5476 ταπείνωσις
3283 5412 3376 5465 καὶ
3398 5407 3746 5478 σκεδασμός.-
