4062 6208
369 295 475 354 637

1487 294 1989 352 COMMENTARIA
2030 297 2098 350 IN
2138 296 2478 355 PSALMOS.

3502 303 3609 360 633

364 413 456 464 Διὸ
509 411 603 464 καὶ
646 412 702 462 ἐν
735 411 848 472 τοῖς
879 408 1015 478 μετά
1052 409 1237 478 χεῖρας
1267 409 1520 476 ,είρηταιο
1552 427 1567 456 ι
1613 407 1937 477 Ἐτοιμάζων

2044 409 2285 471 sustulit,
2311 409 2406 463 sed
2431 409 2754 478 praeparavit
2781 418 2835 464 et
2879 411 2945 464 ad
2987 411 3319 481 supplicium
3366 412 3611 472 destina-

365 503 468 573 ὅρη
497 505 555 554 ἐν
583 504 648 570 τῇ
677 500 818 568 ἰσχύϊ
847 498 1032 561 αὐτοῦ,
1063 497 1492 569 περιεζωσμένος
1507 499 1562 549 ἐν
1578 497 1882 568 δυναστείᾳ.
1922 517 1938 548 ι

366 592 664 659 Δυναστεία
686 589 794 659 γὰρ
833 586 1288 657 περιεζωσμένος,
1329 588 1396 654 τῇ
1448 585 1611 638 αύτοῦ
1663 586 1832 654 ίσχύῖ,
1878 585 1946 638 τά

365 681 732 751 προλεχθέντα
765 680 864 750 ὅρη
893 679 1042 731 οῡπω
1073 678 1170 747 μὲν
1203 678 1282 738 εἰς
1315 676 1375 728 τὸ
1423 675 1686 737 παντελὲς
1729 674 1932 727 ἀπώλεε

363 788 490 824 σεν·
524 771 786 840 ἡτοίμασε
832 769 888 822 δὲ
920 771 998 831 είς
1035 767 1300 837 τιμωρίαν
1332 767 1467 829 τέως
1502 764 1769 835 ἀφορίσας
1804 765 1947 818 αὐτὰ

363 863 460 914 καὶ
493 862 806 930 ἀποστήσας
837 859 935 928 τῆς
968 858 1107 912 κατὰ
1139 857 1245 910 τῶν
1270 856 1571 927 ἀνθρώπων
1598 855 1942 928 τυραννίδος

361 952 498 1004 ἀλλὰ
521 953 614 1003 καὶ
643 952 702 1003 τὸ
734 950 894 1013 κύτος
919 949 1018 1018 τῆς
1040 949 1312 1016 Θαλάσσης
1339 950 1404 1017 τῇ
1437 947 1628 999 ἐαυτοῦ
1659 947 1945 1017 δυναστείᾳ

365 1044 692 1096 κατέπαυσε.
744 1042 835 1093 Διὸ
880 1041 1159 1093 λέλεκταιο
1197 1058 1214 1089 ι
1253 1039 1644 1108 Συνταράσσων
1690 1038 1748 1090 τὸ
1782 1036 1942 1100 κύτος

359 1135 459 1202 τῆς
490 1131 780 1206 θαλάσσης,
810 1133 971 1202 ἤχους
994 1132 1250 1200 κυμάτων
1285 1129 1474 1198 αὐτῆς.
1510 1148 1528 1179 ι
1573 1128 1714 1181 Ἀντὶ
1739 1127 1794 1179 δὲ
1824 1125 1940 1188 τοῦ,

368 1243 387 1274 ι
411 1227 438 1276 6
462 1223 863 1293 συνταράσσων,
890 1241 907 1271 ι
928 1224 956 1274 6
976 1221 1075 1290 μὲν.
1090 1221 1374 1283 Ἀκύλας,,ι
1401 1217 1792 1271 καταστέλλωνο
1815 1235 1833 1266 ι
1849 1215 1942 1268 όδὲ

361 1313 670 1375 Θεοδοτίων,
700 1331 718 1363 ι
752 1312 1150 1382 καταπραύνων
1169 1351 1184 1374 ,
1220 1329 1240 1362 ι
1271 1312 1364 1362 καὶ
1393 1311 1426 1378 ἡ
1457 1309 1678 1378 πέμπτη
1713 1308 1940 1370 ἕκδοσις,

281 1453 294 1462 ,
368 1423 386 1455 ε
415 1403 882 1473 όκαταπραΰνων,
916 1421 936 1453 ι
957 1402 1328 1472 ἡρμήνευσαν.
1348 1400 1506 1466 Λέγει
1534 1399 1576 1450 δ’
1603 1396 1696 1455 οὖν
1726 1401 1754 1451 6
1787 1397 1944 1450 Ἀκύ-

359 1498 483 1562 λαςο
524 1517 543 1550 ι
581 1497 972 1551 Καταστέλλων
1006 1493 1138 1566 ἦχον
1183 1495 1478 1564 Θαλάσσης,
1508 1494 1731 1564 θόρυϐον
1768 1493 1944 1564 κυμά-

356 1607 465 1642 των
496 1589 666 1658 αὐτῆς
703 1589 797 1641 καὶ
839 1587 993 1656 ὄχλον
1035 1586 1236 1654 φυλῶν.
1289 1605 1306 1636 ι
1336 1585 1542 1646 Ὥσπερ
1569 1583 1675 1655 γὰρ
1707 1583 1774 1636 τά
1807 1601 1938 1654 προ-

357 1678 617 1747 λεχθέντα
645 1677 746 1746 ὄρη
791 1677 872 1737 είς
923 1675 1018 1744 τὴν
1065 1675 1360 1744 μέλλουσαν
1414 1673 1550 1725 αὐτὰ
1588 1672 1940 1743 διαλήψεσθαι

2044 501 2142 563 vit,
2171 508 2225 554 et
2255 515 2283 551 a
2314 499 2604 568 tyrannide
2660 514 2824 569 quam
2883 502 2938 555 in
2999 503 3248 557 homines
3288 507 3609 560 exercebant

2043 591 2276 645 scmovit
2303 607 2316 644 :
2351 591 2460 643 imo
2486 590 2650 643 etiam
2689 590 3019 659 profundum
3051 591 3219 646 maris
3246 595 3483 662 potentia
3513 610 3611 648 sua

2046 680 2274 735 sedavit.
2313 678 2656 748 Quapropter
2708 682 2911 734 dicitur
2967 700 2980 734 :
3026 701 3044 732 ι
3086 679 3435 736 Conturbans
3486 699 3610 752 pro-

2047 770 2274 823 fundum
2333 771 2529 836 maris,
2579 785 2778 824 sonum
2839 770 3102 825 ﬂuctuum
3154 773 3296 840 ejus.
3331 791 3350 824 ι
3386 771 3493 827 Pro
3521 773 3612 826 illo

2045 870 2227 915 autem
2251 901 2266 924 ,
2307 879 2325 911 ι
2361 862 2735 926 conturbans,
2783 881 2800 914 ι
2840 860 3056 932 Aquila,
3094 863 3551 932 «comprimens;
3585 884 3607 917 ο

2046 952 2370 1014 Theodotio,
2410 971 2427 1002 ι
2469 953 2759 1022 mitigans;
2796 973 2814 1004 ι
2843 955 3034 1022 quinta
3069 954 3194 1008 item
3223 954 3413 1016 editio,
3455 972 3474 1004 ι
3510 953 3611 1006 mi-

2045 1043 2261 1111 tigans,
2304 1063 2321 1095 ›
2376 1045 2715 1113 interpretati
2771 1053 2920 1098 sunt.
2973 1045 3061 1097 Ait
3127 1044 3292 1114 igitur
3356 1045 3606 1112 Aquila:

2049 1153 2068 1184 ι
2108 1134 2490 1203 Comprimens
2547 1151 2740 1190 sonum
2788 1135 2976 1198 maris,
3016 1136 3306 1189 tumultum
3349 1133 3609 1188 ﬂuctutnn

2043 1221 2184 1290 ejus,
2209 1230 2273 1276 et-
2295 1223 2510 1276 turbam
2554 1224 2859 1277 nationum.
2901 1244 2919 1276 ι
2955 1223 3423 1289 Quemadmodum
3464 1225 3608 1282 enim

2042 1311 2330 1379 praedictos
2390 1322 2604 1368 montes
2637 1313 2731 1366 ad
2788 1312 3027 1368 futurum
3083 1314 3219 1384 ipsis
3266 1313 3608 1368 inferendum

2043 1403 2371 1472 supplicium
2417 1406 2763 1474 prmparavit;
2799 1405 2874 1458 ita
2933 1420 3164 1475 quoque
3198 1421 3392 1459 sonum
3439 1405 3610 1460 maris

2041 1505 2094 1549 et
2123 1496 2414 1550 tumultum
2468 1495 2733 1550 ﬂuctuum
2790 1497 2910 1564 ejus
2944 1497 3290 1566 compressit.
3324 1495 3606 1562 Quodnam

2042 1584 2171 1638 illud
2204 1601 2373 1647 mare,
2399 1587 2524 1655 quis
2543 1602 2713 1641 sonus
2738 1587 2878 1655 ejus,
2901 1588 3025 1656 quis
3050 1588 3315 1641 tumultus
3349 1586 3608 1639 ﬂuctuum

2041 1673 2164 1742 ejus
2213 1674 2306 1738 sit,
2362 1677 2466 1729 sub
2525 1677 2638 1729 haec
2688 1676 2933 1729 declarat
2966 1675 3161 1744 Aquila
3216 1674 3454 1728 dicens:
3491 1690 3510 1722 ι
3546 1671 3610 1724 Et

355 1768 628 1838 τιμωρίαν
654 1766 972 1835 ἡτοίμασεν,
1029 1765 1170 1818 οὕτω
1197 1764 1504 1817 κατέστειλε
1547 1765 1636 1816 τὸν
1673 1761 1805 1835 ἦχον
1839 1764 1933 1818 θα-

2040 1765 2251 1817 turbam
2305 1767 2607 1822 nationum.
2654 1787 2672 1818 ›
2722 1765 3002 1834 Siquidem
3057 1766 3226 1817 multa
3263 1764 3392 1818 olim
3449 1762 3607 1816 turba

355 1859 565 1926 λάσσης
593 1857 686 1909 καὶ
721 1857 812 1910 τὸν
853 1854 1077 1924 θόρυϐον
1117 1855 1224 1907 τῶν
1251 1854 1510 1923 κυμάτων
1541 1854 1729 1923 αὐτῆς.
1762 1855 1856 1917 Τίς
1881 1854 1940 1908 δὲ

359 1951 404 2018 ἡ,
423 1947 803 2009 θάλασσα,.καὶ
838 1947 1075 2009 ποταπὸς
1107 1949 1135 1999 6
1171 1941 1303 2016 ἦχος
1327 1946 1514 2016 αὐτῆς,
1557 1945 1650 1998 καὶ
1676 1945 1760 2007 τίς
1789 1947 1816 1997 6
1845 1933 1936 1996 θό-

359 2037 524 2107 ρυϐος
551 2037 658 2088 τῶν
695 2037 950 2104 κυμάτων
978 2035 1167 2104 αὐτῆς,
1199 2034 1324 2103 ἐξῆς
1357 2035 1605 2100 διασαφεῖ
1647 2036 1675 2085 6
1712 2033 1938 2095 Ἀκύλας

357 2125 560 2178 εἰπών·
599 2145 617 2175 ι
651 2127 758 2178 Καὶ
805 2126 959 2194 ὄχλον
1005 2124 1205 2192 φυλῶν.
1246 2143 1280 2193 .3
1326 2125 1384 2175 '0
1417 2124 1523 2193 γὰρ
1568 2123 1733 2186 πολὺς
1785 2123 1938 2191 ὄχλος

356 2204 463 2266 τῶν
503 2214 668 2267 πάλαι
720 2214 908 2277 ἐθνῶν,
953 2215 1046 2266 καὶ
1089 2213 1194 2265 τῶν
1224 2213 1363 2267 κατὰ
1400 2213 1507 2264 πᾶν
1536 2212 1689 2279 γένος
1727 2210 1935 2282 ἀνθρώ-

358 2323 475 2357 ⁴ιτων
505 2305 686 2373 φυλῶν
719 2301 807 2376 ἦν,
841 2306 929 2358 ὅτε
962 2305 1112 2374 κῦμα
1149 2303 1242 2355 τοῦ
1285 2302 1394 2354 τῶν
1449 2301 1748 2372 ἀνθρώπων
1790 2301 1934 2370 βίου,

358 2400 453 2449 καὶ
483 2398 515 2466 ἡ
541 2395 762 2464 τοιαύτη
795 2396 887 2448 τοῦ
913 2396 1109 2467 θνητοῦ
1149 2395 1263 2466 βίου
1293 2393 1535 2448 θάλασσα
1561 2395 1658 2463 τῆς
1703 2393 1810 2445 τῶν
1842 2395 1937 2446 άν-

357 2487 589 2558 θρὼπων
637 2488 832 2549 κακίας
887 2486 1310 2557 πεπληρωμένη,
1342 2484 1506 2536 πολὺν
1539 2484 1763 2554 θόρυϐον
1801 2479 1935 2552 εἶχε,

361 2575 481 2644 μέγ.
505 2592 533 2627 ν
575 2591 631 2626 τε
665 2570 795 2644 ἦχον
827 2573 1241 2638 ἐξαπέστελλεν·
1295 2574 1389 2626 ἇτε
1430 2572 1522 2624 τὸν
1566 2571 1832 2641 δράκοντα
1863 2573 1939 2622 ol-

357 2664 553 2716 κούντα
575 2666 630 2715 ἐν
665 2665 803 2734 αὐτῇ
837 2663 1168 2734 κεκτημένη,
1214 2663 1341 2730 περὶ
1376 2657 1435 2716 οὗ
1459 2661 1738 2714 λέλεκται*
1775 2680 1792 2710 ι
1815 2662 1940 2712 Ἐπ-

359 2755 477 2820 άΞει
511 2755 712 2824 Κύριος
744 2756 771 2807 6
801 2753 931 2817 Θεὸς
958 2753 1060 2824 τὴν
1097 2753 1366 2823 μάχαιραν
1411 2754 1502 2804 ἐπὶ
1533 2753 1622 2804 τὸν
1650 2751 1936 2822 δράκοντα,

355 2846 479 2913 ὅφιν
510 2846 600 2897 τὸν
645 2844 875 2904 σκολιὸν,
911 2845 1005 2897 καὶ
1039 2843 1216 2898 ἀνελεῖ
1259 2843 1348 2896 τὸν
1376 2844 1640 2914 δράκοντα
1674 2843 1761 2895 τὸν
1785 2845 1842 2894 ἐν
1872 2845 1936 2912 τῇ

357 2937 687 3007 θαλάσσῃι»
725 2937 818 2987 καὶ
865 2934 1096 3004 ἀλλαχοῦ
1141 2934 1415 3005 προειπὼν
1448 2929 1476 2986 6
1514 2934 1700 3002 λόγος’
1739 2953 1756 2984 ι
1792 2933 1936 3004 Αὕτη

355 3031 390 3098 η
446 3027 688 3080 θάλασσα
735 3028 768 3096 ἠ
815 3025 1024 3096 μεγάλη
1059 3026 1150 3077 καὶ
1212 3023 1546 3094 εὐρύχωρος,
1600 3043 1617 3073 ι
1663 3023 1934 3091 ἐπιλέγει·

361 3139 379 3169 ι
431 3119 578 3170 Ἐκεῖ
602 3116 816 3187 δράκων
837 3112 1008 3178 οὗτος,
1035 3115 1093 3168 ὃν
1123 3115 1363 3176 ἔπλασας
1393 3115 1683 3183 ἐμπαίζειν
1711 3106 1878 3182 αύτῷ.
1915 3133 1933 3163 δ

369 3210 529 3264 Ἀλλὰ
553 3209 662 3279 γὰρ
679 3207 887 3278 ἀθρόως
911 3206 1112 3259 καὶτὸν
1131 3205 1622 3276 δράκονταικαὶτὴν
1647 3205 1936 3267 θάλασσαν,

357 3301 452 3355 καὶ
470 3300 559 3351 τὸν
586 3296 694 3350 τῶν
713 3297 970 3366 κυμάτων
1002 3295 1167 3366 αὐτῆς
1185 3290 1338 3364 ἦχον,
1360 3297 1393 3364 ἡ
1421 3294 1572 3356 ἐλπὶς
1603 3295 1815 3349 πάντων
1835 3293 1944 3345 τῶν

358 3391 610 3461 περάτων
637 3389 734 3462 τῆς
769 3389 891 3458 γῆς,
931 3388 1254 3455 ἐπιφανεῖσα
1277 3385 1600 3454 ἀνθρώποις,
1631 3385 1939 3438 κατέστειλε

355 3482 452 3535 καλ⁸
480 3480 842 3548 κατεπράϋνε,
868 3477 958 3530 τόν
977 3494 1035 3530 τε
1060 3477 1212 3546 δχλον
1234 3475 1341 3528 τῶν
1363 3474 1775 3543 φυλῶν-ἔσϐεσε.
1803 3475 1937 3532 Τούτ-

357 3587 465 3624 των
493 3571 552 3623 δὲ
577 3569 903 3638 γενομένων,
927 3568 1054 3635 ὲξῆς
1078 3569 1170 3620 καὶ
1193 3565 1500 3628 ἀκολούθως
1525 3565 1754 3636 εἴρηταιο
1781 3583 1798 3613 ι
1824 3553 1932 3622 Καὶ

358 3659 770 3730 φοϐηθήσονται-
809 3659 857 3710 oi
902 3657 1280 3718 κατοικοῦντες
1328 3655 1396 3708 τὰ
1439 3654 1651 3726 πέρατα
1681 3655 1790 3708 ἀπὸ
1829 3654 1937 3706 τῶν

359 3752 602 3821 σημείων
632 3767 744 3802 σου.
788 3769 804 3796 ο
850 3749 1032 3801 Ἱκανὰ
1063 3749 1170 3816 γάρ
1209 3743 1276 3817 ἦν
1328 3747 1394 3800 τά
1438 3745 1799 3816 προλεχθέντα
1844 3762 1938 3815 σητ

360 3845 508 3912 μεῖα,
531 3841 632 3910 ὅρη
657 3838 1054 3908 ταπεινούμενα
1083 3837 1176 3892 καὶ
1198 3835 1470 3906 θαλάσσης
1495 3831 1626 3906 ἦχος
1653 3834 1938 3888 καταστελ-

356 3929 602 3999 λόμενος,
630 3927 854 3998 θόρυϐός
878 3945 938 3979 τε
970 3917 1226 3995 κυμάτων
1255 3924 1449 3994 μηκέτι
1485 3923 1767 3995 ταράττων
1796 3923 1936 3977 κατὰ

356 4021 416 4072 τὸ
446 4017 672 4070 παλαιὸν
691 4056 706 4080 ,
735 4016 869 4068 ἀλλὰ
898 4016 989 4069 καὶ
1015 4015 1167 4084 ὄχλος
1196 4014 1381 4082 φυλῶν
1408 4015 1500 4066 καὶ
1528 4013 1688 4075 αὐτὸς
1715 4012 1935 4065 σϐεννύ-

361 4125 540 4177 μενος.
573 4106 734 4175 φόϐον
765 4105 1059 4175 ἐμποιῆσαι
1103 4107 1215 4166 τοῖς
1259 4103 1566 4156 κατοικοῦσι
1598 4102 1667 4154 τά
1697 4103 1930 4172 πέραταο

360 4199 433 4263 ὡς
489 4198 682 4269 μηκέτι
724 4196 793 4250 τά
835 4195 1198 4266 προλεχθέντα
1246 4195 1423 4248 πάντα
1476 4193 1772 4262 φοϐεῖσθαι,
1820 4193 1933 4246 ἀλλ’

360 4291 454 4343 ἕνα
491 4290 648 4360 μόνον
675 4290 765 4341 τὸν
810 4287 1023 4340 πάντων
1056 4285 1277 4338 ἐκείνων
1308 4286 1533 4354 νικητήν
1553 4302 1566 4314 '
1599 4284 1777 4336 ὅντινα
1825 4283 1932 4336 λοι-

2035 1856 2277 1924 gentium
2334 1865 2388 1909 et
2413 1859 2699 1910 nationum
2732 1858 2902 1910 totius
2937 1856 3160 1909 humani
3201 1854 3422 1924 generis
3445 1861 3605 1906 erat:

2039 1934 2267 2014 hujusce
2314 1955 2494 2001 autem
2542 1948 2792 2003 mortalis
2831 1949 2957 2018 qvitaa
2987 1946 3183 2000 ﬂuctus
3210 1953 3265 1999 et
3294 1957 3462 2005 mare,
3494 1958 3609 1994 ma-

2037 2035 2153 2089 litia
2208 2037 2498 2106 repletum,
2559 2037 2862 2090 tumultum
2917 2049 3172 2105 maguum
3229 2031 3609 2092 excitabat.ot

2039 2128 2310 2196 ingentem
2361 2129 2646 2182 emittebat
2699 2128 3189 2194 sonitum;utpote
3217 2123 3362 2193 quod
3409 2123 3608 2177 draco-

2038 2233 2159 2274 nem
2195 2218 2252 2270 in
2302 2217 2483 2271 medio
2514 2217 2596 2271 sui
2645 2217 2982 2271 habitantem
3031 2210 3357 2277 contineret,
3385 2214 3453 2269 de
3497 2230 3610 2282 quo

2036 2309 2242 2363 dictum
2296 2315 2434 2361 est:
2486 2327 2501 2357 ι
2542 2307 2768 2362 lnducet
2823 2307 3088 2362 Dominus
3168 2307 3312 2362 Deus
3365 2304 3607 2376 gladium

2038 2411 2203 2465 super
2232 2394 2550 2458 draconem,
2591 2404 2900 2466 serpentem
2949 2403 3280 2458 tortuosum,
3311 2402 3366 2450 et
3395 2393 3608 2449 occidet

2038 2487 2334 2541 draconem
2384 2487 2476 2554 qui
2507 2495 2592 2540 est
2624 2485 2678 2538 in
2708 2485 2846 2537 mari
2866 2485 2933 2537 “.
2972 2504 2990 2536 ι
3019 2483 3084 2538 Et
3129 2485 3262 2538 alibi
3316 2493 3610 2552 postquam

2038 2578 2266 2632 dixisset
2300 2593 2315 2631 :
2347 2597 2364 2628 ι
2398 2576 2508 2629 lloc
2555 2591 2702 2629 mare
2753 2590 3006 2643 magnum
3045 2583 3098 2628 et
3154 2575 3455 2644 spatiosum
3476 2576 3600 2637 ",5

2039 2670 2267 2726 Subdit:
2312 2687 2328 2717 ι
2369 2668 2484 2721 Illic
2541 2666 2709 2719 draco
2757 2665 2862 2718 iste
2905 2679 3064 2734 quem
3113 2664 3358 2717 formasti
3385 2665 3450 2716 ad
3483 2663 3608 2714 illu-

2039 2758 2276 2813 dendum
2308 2759 2356 2812 ei
2381 2758 2448 2812 ⁸ο.
2485 2775 2503 2808 ι
2537 2755 2652 2809 lmo
2696 2755 2984 2808 confertim
3026 2753 3342 2816 draconem,
3375 2767 3524 2804 mare
3553 2758 3609 2804 et

2041 2865 2234 2904 sonum
2269 2849 2530 2904 ﬂuctuum
2563 2846 2683 2914 ejus
2736 2845 3067 2914 compressit
3120 2851 3172 2898 ct
3234 2843 3441 2898 sedavit
3483 2855 3605 2911 spes

2041 2941 2130 2995 illa
2165 2941 2406 2994 omnium
2445 2939 2630 2992 finium
2668 2945 2846 2999 terra’,
2879 2953 2998 3005 quae
3032 2935 3345 2989 hominibus
3375 2934 3600 2995 aﬂ'ulsit,

2040 3039 2094 3086 et
2139 3033 2352 3085 turbam
2390 3031 2669 3086 nationum
2701 3031 2981 3084 exstinxit.
3015 3026 3109 3082 llis
3144 3025 3380 3096 peractis
3414 3039 3607 3079 consc-

2043 3130 2270 3191 quenter
2317 3122 2707 3190 subjungitur:
2754 3140 2772 3171 (
2818 3119 2881 3171 Ει
2909 3119 3178 3173 timebunt
3223 3116 3318 3186 qui
3363 3116 3609 3169 habitant

2041 3212 2307 3266 terminos
2355 3225 2385 3262 a
2437 3211 2608 3280 signis
2683 3210 2814 3262 tuis.
2856 3228 2873 3259 ›
2905 3207 3040 3260 Nam
3102 3206 3360 3275 pnrdicta
3429 3205 3606 3275 signa,

2040 3317 2234 3371 nempe
2292 3307 2506 3354 montes
2537 3299 2804 3368 depressi,
2849 3313 3017 3351 sonus
3047 3297 3216 3351 maris
3243 3295 3485 3358 sedatus,
3523 3304 3610 3347 tu-

2040 3393 2243 3446 multus
2289 3391 2574 3453 ﬂuctuum,
2625 3405 2733 3441 non
2781 3396 2838 3441 ut
2888 3387 3017 3440 olim
3053 3386 3416 3456 perturbans;
3449 3387 3608 3438 turba

2042 3481 2166 3536 item
2213 3483 2495 3534 nationum
2545 3481 2838 3538 exstincta,
2865 3484 3021 3531 erant
3066 3477 3132 3530 ad
3166 3484 3430 3530 terrorem
3458 3475 3612 3527 habi-

2039 3571 2303 3625 tantibus.
2334 3569 2600 3624 terminos
2651 3566 3025 3624 ineutiendum
3072 3565 3238 3630 satis;
3273 3564 3344 3616 ita
3387 3570 3445 3616 ut
3501 3577 3609 3616 non

2039 3660 2142 3715 ista
2168 3661 2283 3729 jam
2328 3667 2646 3719 memorata,
2683 3658 2776 3712 scd
2824 3672 2990 3710 unum
3037 3671 3226 3708 eorum
3257 3653 3499 3706 omnium
3531 3652 3612 3704 vi-

2037 3758 2269 3814 rtorem,
2318 3751 2457 3803 ultra
2511 3748 2935 3803 reforinidarent
2970 3765 2982 3799 :
3015 3761 3176 3814 quem
3254 3745 3468 3798 demum
3517 3757 3612 3796 co-

2037 3847 2363 3908 gnoscentcs
2406 3853 2469 3890 ac
2501 3838 2778 3901 timentes,
2816 3836 3205 3890 beatitudinem
3262 3834 3341 3888 sic
3388 3847 3612 3901 expres-

2037 3943 2152 3981 sam
2192 3935 2601 3997 consequuntur
2639 3947 2650 3980 :
2697 3945 2710 3978 ι
2750 3925 2900 3980 Beati
2934 3941 3124 3980 omnes
3159 3925 3247 3993 qui
3279 3924 3469 3976 timent
3502 3921 3610 3974 Do-

2047 4019 2342 4075 mitium".
2396 4039 2413 4070 ›
2454 4017 2686 4086 Quinam
2735 4032 2865 4071 vero
2897 4018 3006 4070 sint
3061 4016 3178 4078 illi,
3233 4015 3381 4069 hisce
3435 4013 3610 4067 verbis

2035 4108 2293 4163 edocetur
2328 4125 2340 4159 :
2381 4129 2396 4158 ς
2436 4108 2494 4161 Ει
2547 4109 2816 4161 timebunt
2851 4108 2942 4176 qui
2984 4106 3229 4159 habitant
3281 4103 3543 4158 terminos
3581 4118 3610 4154 a

2036 4199 2206 4268 signis
2265 4201 2394 4254 tuis.
2437 4219 2453 4250 ι
2490 4199 2778 4254 Terminus
2823 4206 3002 4254 autem
3060 4197 3370 4251 inhabitare
3416 4194 3612 4248 dicun-

2035 4297 2123 4342 tur
2156 4305 2260 4342 non
2304 4306 2526 4362 prorsus
2553 4291 2585 4342 ii
2618 4290 2710 4358 qui
2739 4297 2984 4343 extrema
3016 4296 3175 4342 terra:
3202 4285 3482 4346 incolunt,
3517 4283 3611 4336 sed

361 4380 460 4432 r’w
489 4381 704 4448 γνόντες
751 4379 845 4432 καὶ
890 4376 1230 4447 φοϐούμενοι,
1273 4375 1365 4428 τοῦ
1413 4376 1708 4444 φάσκοντος
1756 4393 1935 4446 μακα-

2040 4382 2130 4450 qui
2177 4397 2282 4434 una
2341 4397 2466 4434 cum
2529 4380 2699 4434 Paulo
2746 4381 2931 4434 dicere
2973 4385 3252 4448 possunt:
3293 4395 3310 4425 ε
3357 4374 3417 4428 In
3449 4380 3613 4428 carne

364 4469 559 4540 ρισμοΰ
590 4469 947 4539 τυγχάνουσι·
986 4489 1002 4519 ι
1039 4469 1311 4540 Μακάριοι
1351 4470 1548 4532 πάντες
1587 4470 1636 4522 οἱ
1673 4469 1937 4540 φοϐούμε-

2040 4471 2298 4533 viventes,
2321 4487 2428 4524 non
2455 4471 2755 4525 secundum
2789 4485 3012 4523 carnem
3043 4467 3344 4521 militamus
3368 4466 3434 4529 ³¹,
3472 4484 3489 4516 ι
3517 4471 3570 4519 et
3595 4477 3608 4513 :

361 4577 444 4618 νοι
468 4560 558 4612 τὸν
583 4560 802 4630 Κύριον.
844 4580 862 4610 ι
895 4561 1050 4623 Τίνες
1074 4561 1116 4613 δ’
1151 4560 1216 4614 ἂν
1248 4557 1354 4612 εἷεν
1375 4553 1539 4624 οὗτοι,
1565 4560 1624 4615 τὸ
1657 4559 1828 4630 παρὸν
1851 4559 1935 4612 λό-

2043 4579 2060 4611 ι
2099 4559 2231 4614 Vivo
2259 4569 2444 4614 autem
2475 4561 2590 4628 jam
2623 4576 2727 4613 non
2759 4575 2882 4628 ego,
2919 4558 3050 4611 vivit
3093 4572 3224 4611 vero
3256 4556 3308 4610 in
3344 4571 3428 4610 me
3461 4555 3614 4609 Chri-

361 4666 478 4718 γιον
503 4647 738 4700 διδάσκει
767 4647 1004 4716 φάσκον·
1039 4667 1056 4699 ι
1091 4650 1200 4702 Καὶ
1237 4648 1632 4729 φοϐηθήσονται
1669 4651 1716 4702 oi
1759 4667 1937 4702 κατοι-

2040 4650 2208 4705 tus”.
2245 4669 2262 4700 ι
2300 4649 2362 4704 lli
2393 4650 2539 4704 enim
2599 4649 2866 4706 humanis
2906 4667 3011 4703 non
3073 4664 3194 4704 sese
3248 4647 3480 4716 negotiis
3513 4647 3615 4700 im-

363 4736 585 4799 κοῦντες
612 4737 677 4790 τά
705 4738 916 4808 πέρατα
942 4738 1048 4790 άπὸ
1088 4739 1197 4790 τῶν.
1246 4738 1484 4808 σημείων
1535 4756 1647 4792 σου.
1684 4758 1702 4789 ι
1739 4741 1937 4792 Κατοι-

2040 4748 2366 4810 mergentes,
2399 4756 2576 4809 neque
2614 4748 2798 4795 tamen
2864 4741 2931 4795 iis
2989 4755 3111 4796 sese
3142 4755 3369 4810 prorsus
3407 4739 3615 4794 subdu-

363 4831 480 4884 κεῖν
507 4828 564 4880 δὲ
595 4826 838 4896 λέγονται
885 4828 952 4881 τά
998 4829 1207 4899 πέρατα
1235 4831 1294 4881 ού
1324 4831 1540 4893 πάντως
1574 4831 1622 4883 οἱ
1649 4829 1746 4892 τάς
1777 4831 1937 4899 ἐσχα-

2040 4842 2243 4895 centes,
2268 4831 2424 4901 quasi
2487 4831 2540 4886 in
2600 4831 2803 4886 ﬁnibus
2847 4831 3179 4895 consistunt,
3213 4838 3268 4885 et
3315 4831 3460 4885 circa
3491 4831 3614 4885 vita:

363 4919 485 4982 τιάς
524 4918 623 4988 τῆς
672 4921 773 4990 γῆς
822 4920 1114 4984 οἰκοῦντες,
1164 4921 1275 4979 ἀλλ’
1319 4923 1368 4975 οἱ
1418 4919 1704 4992 δυνάμενοι
1742 4921 1937 4992 ὁμοίως

2042 4926 2290 4979 humanae
2321 4924 2586 4979 terminos
2623 4934 2930 4978 versantur.
2954 4923 3057 4989 Qui
3086 4939 3218 4978 sane
3251 4924 3422 4978 multo
3448 4937 3612 4977 sensu

367 5011 565 5081 Παύλῳ
614 5011 819 5079 λέγειν·
859 5033 877 5063 ι
931 5014 1019 5066 Ἐν
1065 5015 1227 5083 σαρκὶ
1273 5013 1380 5085 γὰρ
1434 5013 1652 5077 ζῶντες,
1697 5015 1756 5067 ού
1803 5014 1937 5066 κατὰ

2044 5015 2276 5085 praediti,
2335 5014 2649 5084 conspectis
2713 5012 3018 5070 Servatoris
3069 5016 3242 5069 nostri
3307 5015 3500 5084 signis,
3546 5012 3612 5066 ad

367 5106 548 5175 σάρκα
601 5107 1032 5176 στρατευόμεθασ
1075 5106 1236 5159 ικαί·
1281 5125 1298 5154 ε
1345 5107 1428 5158 Ζῶ
1473 5106 1528 5158 δὲ
1574 5106 1760 5160 οὐκέτι
1814 5105 1937 5173 ἐγὼ1

2047 5106 2374 5176 principium
2449 5105 2752 5175 sapientiae,
2796 5105 3044 5159 timorem
3101 5105 3191 5159 Dei
3249 5112 3611 5164 assumentes,
3659 5087 3666 5095 ’

368 5195 433 5268 ζῇ
471 5196 528 5248 δὲ
571 5199 628 5248 ὲν
673 5198 793 5267 ἐμοὶ
842 5197 1108 5269 Χριστός.,
1135 5217 1152 5249 ι
1191 5190 1349 5250 Οὗτοι
1384 5197 1510 5268 γάρ,
1543 5197 1665 5250 οὔτε
1707 5197 1937 5268 ἐμϐαθύ-

2046 5197 2402 5254 devcnerunt.
2437 5197 2571 5264 Quis
2617 5214 2746 5254 vero
2777 5213 2991 5262 eorum,
3023 5199 3116 5268 qui
3151 5199 3317 5254 variis
3351 5194 3612 5262 tempori-

370 5305 560 5350 ναντες
585 5291 696 5347 τοῖς
717 5287 1074 5359 ἀνθρωπίνοις
1097 5289 1432 5358 πράγμασιν,
1456 5287 1578 5341 οὔτε
1602 5291 1772 5362 πάντη
1795 5289 1937 5353 ἐκτὸς

2049 5291 2150 5345 ιιιιε
2184 5291 2471 5360 imperium
2519 5291 2764 5351 tenuere.
2789 5291 3182 5346 sublimitatem
3209 5299 3261 5344 et
3294 5288 3529 5342 insultns
3557 5285 3611 5337 in

368 5381 525 5442 ὄντες
560 5380 758 5442 αὐτῶν,
783 5382 970 5452 ὥσπερ
998 5384 1054 5435 ἐν
1097 5382 1331 5453 μεθορίῳ
1368 5382 1785 5452 καθεστήκασιν,
1809 5384 1937 5454 ἁμφῚ

2052 5380 2348 5435 Ιίςειοεὶιιιιι
2395 5380 2487 5434 Dei
2522 5383 2895 5452 conspicatus,
2928 5382 3052 5450 quis
3103 5380 3389 5448 impiorum
3440 5373 3612 5426 homi.

370 5469 438 5522 τά
493 5469 703 5538 πέρατα
738 5469 834 5539 τῆς
873 5470 1217 5540 ἀνθρωπίνης
1248 5467 1389 5538 ζωῆς
1432 5468 1847 5538 πολιτευόμενοι.
1890 5477 1927 5524 0-

2050 5490 2176 5526 lllllll
2239 5473 2646 5543 persecutiones
2689 5484 2740 5527 et
2794 5473 2970 5527 minas
3026 5471 3278 5530 intuitus,
3310 5481 3415 5520 non
3469 5463 3610 5516 dicat

441 5640 488 5676 ”
519 5640 832 5709 lsa..xxvn,
874 5645 920 5699 l.
1001 5646 1041 5677 "-‘
1077 5643 1217 5700 Psal.
1253 5660 1370 5709 (.lll,
1401 5642 1491 5699 9.5.
1576 5644 1618 5676 ³ο
1647 5628 1894 5701 Ῑὺίιί.26.

1975 5649 2014 5680 ³¹
2047 5647 2188 5703 Psal.
2221 5663 2423 5712 εχει-ιι,
2462 5649 2510 5702 1.
2591 5648 2633 5680 "
2668 5646 2709 5703 ιι
2739 5647 2867 5702 Cor.
2894 5663 2946 5710 χ,
2989 5645 3042 5699 5.
3121 5642 3164 5674 ³³
3187 5639 3308 5696 Gal.
3338 5655 3397 5700 tl.
3424 5638 3494 5692 το
