4024 6210
455 271 556 328 659
1175 274 1444 330 EUSEBII
1484 273 1970 331 CASSARZENSIS
2005 276 2156 333 OPP.
2193 277 2372 334 PARS
2411 279 2499 336 Ill.
2539 310 2610 320 —
2648 278 3058 334 EXEGETIGA.
3621 280 3724 334 640

455 399 673 443 montes
713 387 1005 450 exaltatos,
1037 402 1191 443 mare
1241 403 1574 445 concussum
1625 390 1819 454 fuisse.
1847 401 1902 447 et
1943 407 2005 449 so

2136 395 2222 466 δὴ,
2274 395 2478 466 πολλῆς
2510 395 2822 466 ,αἰσθήσεως
2858 394 3238 465 μετασχόντες,
3274 393 3342 447 τὰ
3385 396 3588 464 σημεῖα
3627 395 3724 448 τοῦ

454 492 586 531 num
627 477 889 530 ﬂuctuum
920 492 1043 532 esse
1091 479 1385 547 impiorum
1441 489 1498 534 et
1547 482 1838 536 atheorum
1891 482 2005 538 blas

2137 480 2388 551 Σωτῆρος
2453 479 2612 550 ἡμῶν
2659 479 3004 548 θεασάμενοι,
3065 482 3116 532 oi
3170 481 3228 532 ὲν
3277 481 3418 552 ἀρχῇ
3466 483 3733 550 γεγόνασιν

454 569 646 636 phema
679 567 864 620 dicta?
885 567 1019 633 Quae
1049 583 1182 623 sane
1213 571 1399 623 omnia
1442 571 1536 625 ille
1590 573 1836 626 omnium
1879 581 2005 628 terr:

2139 571 2351 639 σοφίας,
2381 570 2472 623 τὸν
2505 569 2668 638 φόϐον
2698 569 2792 622 τοῦ
2833 568 2970 622 Θεοῦ
3023 569 3392 641 ἀνειληφότες.
3436 571 3533 634 Τίς
3564 571 3621 624 δὲ
3656 572 3726 626 τὰ

449 660 814 710 terminorum
851 656 1133 722 Servatur,
1159 660 1245 712 vel
1293 660 1412 714 solo
1455 671 1590 716 nutu
1625 663 1680 716 in
1709 663 1912 719 virtute
1939 679 2001 719 su

2139 658 2406 729 ὃψώματα
2430 657 2538 710 τῶν
2570 657 2712 710 κατὰ
2737 658 2964 728 χρόνους
2993 658 3270 728 ἀρχόντων
3310 660 3404 712 καὶ
3445 658 3545 722 τὰς
3583 661 3726 713 κατὰ

449 749 757 818 deprimere
787 750 1111 815 consuevit;
1140 751 1213 804 ita
1244 759 1303 804 ut
1346 751 1438 820 qui
1497 753 1712 807 ruinam
1765 764 1816 810 et
1863 770 1996 824 pern

2143 749 2230 818 ..ἧς
2270 747 2594 816 Ἐκκλησίας
2648 746 2743 800 τοῦ
2799 746 2934 800 Θεοῦ
2993 749 3388 812 ἐπαναστάσεις
3410 790 3424 814 ,
3485 750 3614 812 τούς
3665 767 3723 804 τε

450 834 590 886 ciem
622 815 810 888 eorum
859 836 1213 904 conspiciunt
1256 838 1583 906 turbentur;
1621 840 1715 894 alii
1748 856 1880 896 vero
1911 842 2005 897 hin

2134 815 2408 909 διωγμοὺς
2436 815 2530 891 καὶ
2561 837 2660 900 τὰς
2685 836 2914 900 ἀπειλὰς
2936 837 3044 890 τῶν
3055 838 3283 892 ,ἀσεϐῶν
3303 839 3516 910 ἀνδρῶν
3536 841 3723 895 τεθεα·

451 925 742 978 utilitatem
799 928 1217 992 nanciscantur,
1280 927 1485 998 Deique
1533 930 1786 986 timorem
1871 947 2005 988 assu

2139 929 2316 1001 μένος,
2351 931 2450 981 οὐκ
2473 927 2538 982 ἂν
2562 928 2830 998 εἰποιδρη
2857 923 2995 982 εἶναι
3018 927 3296 999 ὑψούμενα
3318 929 3412 982 καὶ
3444 929 3722 984 θάλασσαν

448 1023 619 1075 mant,
656 1017 946 1084 impiorum
995 1019 1290 1087 perniciem
1347 1019 1546 1076 divina:
1597 1022 1900 1080 Salvatoris
1933 1040 2005 1095 po

2135 1017 2352 1088 ἀληθῶς
2380 1016 2770 1086 κυμαίνουσαν,
2793 1013 2927 1087 ἦχόν
2964 1034 3022 1069 τε
3055 1017 3315 1087 κυμάτων
3336 1018 3433 1081 τὰς
3461 1019 3571 1072 τῶν
3596 1020 3722 1072 ἀσε-

446 1107 663 1159 testatis
694 1108 848 1176 signa
875 1111 1166 1178 perspicua
1193 1124 1318 1164 esse
1345 1114 1692 1168 conﬁtentes.

2133 1107 2243 1160 ϐῶν
2289 1107 2382 1160 καὶ
2424 1105 2601 1159 ἀθέων
2651 1106 3033 1178 βλασφημίας;
3089 1109 3160 1160 ’Δ
3215 1108 3280 1178 δὴ
3326 1109 3504 1162 πάντα
3551 1110 3614 1162 ιν
3653 1112 3718 1180 τῇ

447 1197 594 1268 ἰσχύϊ
660 1200 825 1253 αὐτοῦ
854 1203 882 1254 6
914 1203 1103 1275 Σωτὴρ
1141 1204 1358 1256 πάντων
1389 1205 1500 1259 τῶν
1542 1207 1792 1277 περάτων
1835 1208 1932 1278 τῆς
1964 1207 2066 1275 γῆς
2108 1204 2205 1274 μιᾷ
2251 1203 2391 1272 ῥοπῇ
2429 1200 2747 1306 ταπεινοῦνῼ
2764 1202 2986 1306 εἴωθεν⁶
3153 1203 3282 1266 τοὺς
3305 1203 3582 1306 Αὸρέόντας
3621 1204 3720 1306 τὴν

445 1289 651 1344 πτῶσιν
679 1293 855 1345 αὐτῶν
889 1295 979 1346 καὶ
1022 1297 1120 1365 τὴν
1167 1297 1441 1352 ἀπώλειαν
1475 1300 1836 1368 ταράττεσθαι
1857 1317 1872 1330 ο
1902 1302 2029 1363 τοὺς
2065 1298 2122 1350 δὲ
2154 1294 2481 1364 ὠφελεῖσθαι
2522 1297 2614 1348 καὶ
2647 1294 2808 1363 φόϐον
2839 1295 3241 1366 ἀναλαμϐάνειν
3299 1295 3456 1363 Θεοῦ,
3518 1300 3722 1372 σημεῖα

442 1381 649 1454 ἐναργῆ
676 1387 774 1456 τῆς
811 1387 903 1440 τοῦ
941 1390 1192 1461 Σωτῆρος
1233 1391 1417 1445 ἐνθέου
1454 1393 1736 1463 δυνάμεως
1781 1395 1880 1466 τὴν
1919 1393 2030 1448 τῶν
2066 1389 2278 1447 ἀσεϐῶν
2304 1388 2618 1459 καθαίρεσιν
2649 1385 2787 1442 εἶναι
2814 1388 3222 1460 ὁμολογοῦντας.

521 1497 683 1553 Vens.
724 1500 920 1564 10,1Ι.
965 1521 984 1554 ι
1023 1502 1214 1560 Exitus
1246 1506 1500 1560 matutini
1527 1515 1581 1561 et
1604 1523 1844 1577 vesperae
1877 1508 2024 1563 dele-

441 1592 735 1646 ctationes.
760 1589 1008 1648 Visitasti
1036 1603 1239 1651 terram
1261 1608 1314 1652 et
1336 1598 1616 1652 inebriasti
1640 1615 1781 1653 eam.
1814 1619 1831 1650 ι
1854 1600 1934 1654 Ad
1960 1615 2022 1654 ea

2207 1525 2225 1556 ι
2273 1504 2515 1568 Ἐξόδους
2539 1502 2752 1574 πρωῖας
2771 1503 2868 1555 καὶ
2891 1502 3128 1572 ἑσπέρας
3151 1503 3206 1554 τέ
3217 1502 3396 1571 ρψεις·
3430 1502 3736 1571 ἐπεσκέψω

2129 1596 2226 1667 τὴν
2256 1596 2358 1666 γῆν
2399 1595 2495 1647 καὶ
2537 1595 2810 1664 ὲμέθυσας
2838 1595 3028 1662 αὐτήν.
3074 1611 3092 1643 ›
3141 1591 3284 1662 Πρὸς
3332 1595 3450 1655 τοῖς
3474 1593 3720 1646 κατειλεέ

442 1696 563 1750 quae
593 1683 744 1749 prius
775 1694 1093 1740 enumerata
1145 1694 1296 1751 sunt,
1334 1689 1438 1742 alia
1487 1689 1612 1744 item
1649 1691 1801 1759 signa
1850 1691 2005 1744 virtu-

2129 1689 2350 1758 γμένοις
2388 1688 2482 1740 καὶ
2515 1681 2649 1741 ἄλλα
2677 1689 2875 1756 σημεῖα
2901 1687 2997 1757 τῆς
3026 1687 3120 1739 τοῦ
3159 1687 3409 1757 Σωτῆρος
3436 1686 3720 1757 δυνάμεως

443 1772 514 1825 tis
547 1769 854 1828 Servatoris
879 1777 1124 1831 declarat
1159 1778 1244 1842 his
1279 1779 1460 1834 verbis
1497 1798 1510 1833 :
1551 1800 1568 1832 ι
1609 1779 1801 1835 Exitus
1846 1789 2023 1834 matu-

442 1861 541 1914 tini
600 1869 652 1915 et
683 1877 924 1932 vesperae
953 1863 1392 1922 delectationes.
1429 1888 1447 1920 ›
1479 1869 1585 1926 Pro
1623 1887 1733 1940 quo
1774 1870 2024 1943 Symma-

439 1951 578 2005 chus
615 1970 626 2004 :
668 1971 685 2002 ι
719 1951 1052 2024 Progressus
1100 1955 1324 2009 diluculi
1352 1965 1407 2012 et
1459 1959 1645 2030 hymni
1706 1977 1968 2031 vesperae.
1996 1981 2014 2013 ι

442 2037 620 2094 Unum
659 2043 858 2110 quippe
907 2043 1010 2097 hoc
1064 2047 1470 2112 maximumque
1513 2053 1727 2120 signum
1757 2060 1842 2106 est
1872 2053 2020 2107 salu-

439 2131 576 2183 taris
607 2132 847 2198 virtutis,
877 2135 1023 2202 quod
1064 2145 1356 2206 postquam
1402 2155 1570 2209 supra
1617 2141 1765 2194 dicta
1797 2140 2021 2214 depres-

440 2231 608 2282 serat,
637 2223 818 2277 exitus
843 2227 1099 2280 matutini
1129 2235 1184 2282 et
1216 2228 1613 2288 delectationes
1660 2249 1901 2303 vespera:
1923 2234 2022 2288 ho-

435 2305 680 2360 minibus
710 2303 1086 2380 censtituerit;
1121 2319 1256 2378 sive,
1278 2319 1582 2375 secundum
1604 2320 2017 2392 Symmachum,

442 2402 475 2446 ι’
503 2396 758 2466 hymnos,
797 2419 836 2475 _»
877 2410 994 2465 aut,
1049 2406 1353 2460 secundum
1386 2410 1660 2480 Aquilam,
1691 2431 1708 2463 ι
1747 2413 1959 2469 laudes.
1993 2433 2012 2466 ι

433 2483 569 2540 Nam
603 2489 747 2557 quod
781 2506 876 2561 per
919 2493 1239 2550 universum
1291 2499 1481 2554 orbem
1527 2502 1580 2554 in
1636 2498 1887 2559 ecclesiis
1922 2502 2017 2558 Dei

433 2576 821 2634 in‘matutino
889 2584 1023 2639 solis
1093 2588 1266 2652 exitu,
1323 2597 1377 2643 et
1443 2595 1770 2662 vespertinis
1838 2595 2013 2661 horis,

432 2667 642 2739 hymni,
695 2672 884 2728 laudes
935 2683 989 2730 et
1051 2677 1252 2734 divinae
1303 2697 1432 2736 vere
1461 2683 1853 2741 delectationes
1906 2685 2015 2742 Dee

435 2759 862 2828 constituantur,
899 2763 952 2817 id
987 2781 1120 2821 sane
1166 2767 1262 2824 Dei
1304 2772 1526 2828 virtutis
1573 2790 1683 2829 non
1738 2778 2012 2832 modicum

433 2847 648 2917 signum
709 2860 814 2908 est.
850 2853 944 2909 Dei
996 2873 1128 2912 vero
1179 2859 1578 2920 delectationes
1641 2875 1769 2921 sunt
1825 2868 2011 2939 hymni

433 2939 934 3006 ubique-terrarum
966 2945 1021 2998 in
1058 2945 1302 3003 Ecclesia
1337 2953 1459 3021 ejus
1495 2957 1783 3012 matutinis
1831 2969 1884 3013 et
1921 2977 2011 3015 ve-

2127 1780 2362 1850 παρίστη
2392 1778 2597 1846 λέγων·
2634 1797 2652 1828 ι
2701 1777 2941 1843 Ἐξόδους
2972 1778 3181 1848 πρωίας
3213 1777 3305 1829 καὶ
3326 1777 3574 1849 ἑσπέρας
3599 1778 3720 1849 τέρ-

2123 1868 2271 1937 ψειςο
2310 1889 2328 1920 ι
2363 1869 2478 1922 ἀνθ’
2512 1861 2572 1921 οῦ
2603 1871 2631 1921 6
2669 1867 2964 1939 Σύμμαχος
2992 1871 3328 1940 ἡρμήνευσε·
3367 1889 3387 1919 ι
3429 1868 3544 1932 Τὰς
3583 1885 3720 1941 προ-

2124 1958 2363 2022 ελεύσεις
2391 1957 2483 2012 τοῦ
2525 1957 2722 2028 ὄρθρου
2769 1958 2862 2013 καὶ
2916 1959 3017 2028 τῆς
3067 1958 3306 2029 ἑσπέρας
3349 1960 3448 2022 τὰς
3491 1959 3721 2030 ὑμνολο-

2123 2049 2268 2116 γίας.
2299 2067 2317 2099 ι
2359 2048 2453 2100 Ἕν
2484 2047 2591 2118 γὰρ
2619 2047 2892 2101 καὶτοῦτο
2929 2047 3181 2118 μέγιστον
3209 2051 3434 2119 σημεῖον
3455 2049 3718 2120 τυγχάνει

2121 2137 2219 2207 τῆς
2271 2137 2538 2208 σωτηρίου
2584 2137 2887 2207 δυνάμεως,
2937 2139 2999 2190 τὸ
3054 2139 3192 2208 μετὰ
3231 2140 3331 2209 τὴν
3384 2141 3720 2194 ταπείνωσιν

2120 2227 2226 2280 τῶν
2261 2225 2671 2298 προλεχθέντων
2694 2227 3066 2298 συστήσασθαι
3089 2231 3146 2281 ὲν
3172 2227 3481 2298 ἀνθρώποις
3504 2228 3738 2295 ἐξόδους

2121 2318 2331 2388 πρωῖας
2364 2317 2458 2370 καὶ
2492 2317 2730 2388 ἑσπέρας
2761 2316 3008 2388 τέρψεις·
3039 2319 3070 2388 ἣ
3100 2317 3241 2371 κατὰ
3264 2318 3356 2370 τὸν
3392 2319 3716 2388 Σύμμαχον,

2125 2423 2143 2456 ι
2174 2405 2516 2476 ύμνολογίας,
2542 2423 2561 2457 ι
2582 2406 2636 2476 ἢ,
2658 2407 2798 2460 κατὰ
2819 2407 2909 2460 τὸν
2942 2407 3192 2472 Ἀκύλαν,
3218 2426 3236 2458 ι
3269 2409 3663 2479 αίνοποιήσεις.
3693 2429 3712 2461 ι

2118 2495 2192 2547 Τὸ
2215 2489 2322 2567 γάρ
2362 2496 2480 2549 καθ’
2503 2497 2629 2567 ὅλης
2661 2498 2761 2568 τῆς
2790 2500 3116 2569 οἰκουμένης
3149 2500 3206 2551 ὲν
3242 2490 3363 2561 ταῖς
3391 2499 3717 2570 ἐκκλησίαις

2116 2584 2209 2639 τοῦ
2239 2587 2372 2640 Θεοῦ
2403 2587 2545 2656 κατὰ
2575 2588 2676 2652 τὰς
2717 2590 2961 2659 πρωῖνὰς
2995 2590 3088 2643 τοῦ
3121 2591 3270 2661 ἡλίου
3296 2591 3528 2656 ἐξόδους,
3566 2596 3718 2651 κατά

2114 2694 2174 2729 τε
2207 2679 2305 2742 τὰς
2330 2680 2620 2750 ἐσπερινὰς
2645 2680 2792 2751 ὥρας
2835 2681 3157 2752 ὑμνολογίας
3181 2684 3275 2735 καὶ
3316 2685 3730 2754 αἰνοποιήσεις,

2115 2768 2210 2821 καὶ
2239 2769 2388 2834 θείας
2420 2770 2634 2840 ἀληθῶς
2671 2770 2890 2841 τέρψεις
2939 2772 3018 2842 τῷ
3064 2771 3181 2842 Θεῷ
3224 2771 3618 2842 συστήσασθαι,
3651 2773 3714 2826 οὐ

2112 2858 2173 2910 τὸ
2203 2859 2362 2928 τυχὸν
2401 2855 2470 2930 ἦν
2507 2858 2642 2912 Θεοῦ
2682 2859 2887 2930 ἀρετῆς
2936 2863 3182 2928 σημεῖον.
3222 2859 3355 2912 Θεοῦ
3391 2859 3449 2912 δὲ
3483 2859 3712 2930 τέρψεις

2112 2952 2161 3003 οἱ
2191 2950 2466 3020 πανταχοῦ
2493 2951 2592 3020 τῆς
2615 2951 2718 3020 γῆς
2742 2952 2799 3002 ὲν
2832 2953 2896 3021 τῇ
2937 2949 3233 3020 Ἐκκλησία
3258 2948 3426 3003 αὑτοῦ
3459 2950 3714 3021 ἀναπεμ-

431 3029 872 3097 spertinishoris
904 3035 1114 3090 emissi.
1141 3038 1321 3103 Quare
1367 3041 1576 3098 dictum
1626 3054 1711 3101 est
1757 3048 1958 3104 alicubi
1995 3067 2005 3102 :

2115 3040 2340 3111 πόμενοι
2378 3039 2520 3093 κατὰ
2551 3037 2677 3104 τοὺς
2708 3040 2988 3111 όρθρινοὺς
3018 3041 3110 3093 καὶ
3152 3040 3294 3092 κατὰ
3321 3043 3451 3103 τοὺς
3479 3043 3711 3110 ἑσπεριο

437 3139 455 3170 ι
488 3119 738 3176 Jucunda
767 3125 837 3179 sit
865 3126 912 3180 ei
963 3127 1082 3184 laus
1119 3147 1238 3186 mea
1266 3134 1345 3200 ³⁸;
1387 3155 1404 3186 ›
1443 3152 1506 3200 ac
1534 3153 1752 3193 rursum
1782 3157 1794 3192 :
1834 3159 1850 3192 ι
1891 3143 2014 3198 Ele—

431 3214 578 3267 vatio
601 3229 859 3269 manuum
887 3235 1130 3274 mearum
1151 3225 1483 3281 sacrificium
1509 3231 1961 3301 vespertinum";
1989 3253 2006 3286 ι

431 3307 486 3356 et
517 3321 530 3355 :
566 3321 583 3354 ι
629 3301 748 3358 Fiat
769 3308 945 3363 oratio
974 3313 1093 3388 mea
1125 3314 1268 3368 sicut
1294 3315 1582 3373 incensum
1622 3321 1678 3374 in
1711 3331 2011 3393 conspectu

431 3401 525 3447 tuo
540 3394 604 3449 ³⁸.
637 3415 654 3448 ι
691 3398 827 3466 Ipsae
853 3400 1037 3471 itaque
1064 3402 1458 3463 delectationes
1508 3407 1820 3467 Servatoris
1857 3416 2010 3482 signa

432 3494 582 3540 sunt.
615 3487 698 3541 Ad
753 3487 867 3544 hac
915 3491 1063 3545 aliud
1121 3495 1419 3549 maximum
1477 3489 1693 3569 signum
1743 3510 2010 3556 memorat

430 3574 622 3632 dicens
661 3598 673 3633 :
714 3597 732 3630 ι
775 3579 1024 3636 Visitasti
1076 3590 1303 3648 terram,
1337 3594 1391 3642 et
1454 3588 1740 3646 inebriasti
1797 3607 1936 3646 eam.
1982 3612 2001 3644 ι

431 3664 500 3721 Ut
523 3670 666 3722 enim
694 3685 899 3740 zegrum
931 3673 1178 3749 medicus
1213 3675 1436 3744 inspicit
1470 3694 1534 3734 ac
1561 3682 1764 3746 visitat,
1803 3683 2005 3738 morbi-

428 3771 534 3825 que
556 3773 743 3811 curam
777 3761 935 3829 gerit.
962 3763 1256 3836 omniaque
1286 3765 1354 3819 ad
1392 3767 1658 3823 medelam
1693 3778 1747 3826 et
1773 3773 2002 3827 salutem

427 3857 734 3916 opportuna
765 3853 1010 3918 conlert;
1035 3856 1226 3912 eodem
1259 3858 1421 3913 modo
1449 3867 1505 3914 ιιι
1532 3859 1789 3917 Servator
1819 3873 2006 3920 noster

427 3943 482 3988 et
511 3951 637 4004 spes
673 3942 916 3995 omnium
972 3944 1159 4017 (inium
1214 3952 1396 4010 terrre,
1437 3951 1720 4006 accinctus
1763 3955 2003 4023 potentia

429 4026 647 4082 virtutis
681 4038 806 4090 tuae.
840 4032 955 4086 lucc
984 4036 1167 4089 omnia
1207 4047 1468 4106 Operatus
1510 4057 1570 4096 es
1608 4061 1620 4097 :
1659 4044 2002 4100 adversarias

425 4122 726 4182 potestates
753 4118 818 4172 de
853 4120 1034 4175 medio
1064 4124 1362 4190 sustuliSti,
1395 4129 1697 4186 matutinas
1737 4134 2003 4203 vesperti~

421 4199 631 4273 nasque
658 4205 1050 4264 delectationes
1080 4209 1132 4264 in
1185 4217 1330 4267 terra
1372 4218 1711 4275 constituisti
1749 4241 1760 4276 :
1793 4199 1852 4277 et
1885 4222 2002 4278 haec

419 4293 669 4362 eﬂecisti,
696 4297 947 4354 homines
989 4301 1300 4359 visitatione
1325 4305 1583 4378 dignatus
1620 4318 1735 4375 ttta,
1771 4328 1877 4382 qua
1910 4314 1996 4372 in-

2114 3130 2235 3192 νοὺς
2267 3130 2492 3199 καιροὺς
2544 3128 2703 3198 ὕμνοι
2740 3129 3085 3197 τυγχάνουσι.
3141 3128 3232 3181 Διὸ
3268 3128 3521 3181 λέλεκταί
3562 3146 3668 3184 που
3693 3148 3710 3161 ο

2120 3235 2138 3268 ι
2182 3219 2462 3288 Ἦδυνθείη
2518 3217 2665 3288 αύτῷ
2718 3221 2750 3289 ἡ
2818 3217 3023 3280 αἷνεσίς
3077 3235 3210 3288 μουο
3269 3237 3287 3268 ι
3338 3219 3433 3271 καὶ
3509 3220 3702 3274 πάλιν·

2118 3326 2136 3358 ι
2175 3309 2443 3379 Ἕπαρσις
2486 3307 2593 3360 τῶν
2627 3306 2826 3378 χειρῶν
2866 3324 2970 3377 μου
3004 3307 3166 3362 θυσία
3199 3309 3456 3380 έσπερινή
3478 3325 3494 3339 ·
3534 3327 3552 3360 ι
3586 3309 3704 3363 καί·

2117 3415 2136 3449 ι
2169 3397 2456 3468 Γενηθήτω
2499 3400 2532 3468 ἠ
2587 3399 2862 3469 προσευχή
2914 3415 3014 3468 μου
3059 3399 3134 3462 ὡς
3174 3399 3426 3469 θυμίαμα
3473 3399 3706 3454 ἐνώπιόν

2112 3505 2226 3544 σου.
2265 3508 2282 3538 ι
2310 3489 2419 3541 Καὶ
2452 3481 2611 3540 αὗται
2656 3484 2749 3541 οὖν
2792 3491 2848 3542 ai
2895 3489 3113 3560 τέρψεις
3143 3493 3342 3560 σημεῖα
3374 3491 3722 3559 τυγχάνουσι-

2107 3578 2210 3631 τοῦ·
2235 3579 2505 3650 Σωτῆρος.
2549 3580 2659 3632 Καὶ
2698 3578 2826 3632 ἄλλο
2853 3580 2908 3632 δὲ
2943 3580 3078 3650 πρὸς
3108 3579 3317 3642 τούτοις
3349 3584 3575 3652 σημεῖον
3603 3583 3702 3652 μέ-

2107 3685 2291 3737 γιστον
2318 3668 2736 3738 καταριθμεῖται
2764 3669 2890 3739 ἑξῆς
2928 3668 3129 3738 λέγων·
3167 3689 3186 3720 ι
3242 3671 3563 3740 Ἐπεσκέψω
3604 3671 3704 3742 τὴν

2106 3760 2230 3830 γῆν,
2275 3760 2369 3814 καὶ
2404 3758 2673 3829 ὲμέθυσας
2713 3760 2904 3828 αὑτήν.
2941 3777 2960 3811 ι
3007 3760 3096 3823 Ὠς
3151 3760 3260 3830 γάρ
3308 3761 3570 3816 νοσοῦντα
3622 3764 3703 3815 ία-

2103 3849 2232 3921 τρδς
2260 3851 2433 3922 ἐφορᾷ
2463 3851 2557 3903 καὶ
2585 3849 2993 3914 ὲπισκέπτεται,
3033 3851 3346 3921 ἐπιμέλειαν
3375 3853 3700 3922 ποιούμενος

2104 3936 2198 3991 τοῦ
2232 3938 2457 4003 πάθους,
2501 3938 2676 3992 πάντα
2708 3941 2775 3990 τε
2808 3937 2877 3991 τὰ
2917 3939 3057 4010 πρὸς
3105 3939 3248 3992 ἴασιν
3288 3941 3382 3993 καὶ
3421 3942 3699 4012 σωτηρίαν

2106 4029 2458 4082 συντελοῦντα
2494 4029 2962 4100 συμϐαλλόμενοςν
3009 4031 3100 4084 τὸν
3148 4030 3309 4085 αὑτὸν
3347 4032 3554 4103 τρόπον
3603 4034 3697 4086 καὶ

2105 4122 2168 4175 σὺ
2210 4123 2238 4174 ό
2286 4122 2476 4192 Σωτὴρ
2514 4121 2690 4192 ἡμῶν,
2741 4124 2775 4192 ἠ
2831 4121 2985 4183 ἐλπὶς
3031 4121 3248 4174 πάντων
3286 4120 3395 4174 τῶν
3439 4123 3697 4193 περάτων

2101 4211 2198 4281 τῆς
2241 4211 2366 4280 γῆς,
2411 4209 2857 4283 περιζωσάμενος
2898 4211 3214 4264 δυναστείαν
3258 4214 3324 4282 τῇ
3377 4211 3525 4282 ἰσχύϊ
3577 4230 3693 4276 σου,

2101 4298 2274 4354 ταῦτα
2317 4301 2494 4354 πάντα
2531 4302 2804 4372 εἰργάσωσ
2833 4301 2932 4365 τὰς
2961 4302 3059 4372 μὲν
3091 4303 3478 4372 ἀντικειμένας
3506 4303 3693 4356 καθεί-

420 4384 571 4440 finita
624 4389 759 4458 ipsis
831 4390 972 4444 bona
1032 4395 1233 4450 collata
1317 4407 1468 4464 sunt,
1529 4403 1602 4454 ita
1655 4412 1715 4456 ut
1773 4407 1994 4475 optimis

2111 4392 2191 4454 λες
2230 4389 2508 4461 δυνάμεις,
2568 4393 2878 4464 συνεστησω
2914 4392 2969 4445 δὲ
3018 4392 3110 4445 ἐπὶ
3153 4393 3255 4463 γῆς
3308 4392 3556 4462 πρωϊνὰς
3599 4394 3691 4445 καὶ

418 4473 528 4528 illis
572 4478 682 4530 tuis
733 4480 1056 4536 muneribus
1115 4486 1459 4555 replerentur
1482 4498 1536 4545 et
1569 4473 1991 4563 inebriarentur,

415 4573 580 4635 atque
609 4568 808 4626 divites
835 4573 1129 4629 evaderent
1181 4580 1486 4634 secundum
1547 4582 1866 4654 Apostolum
1902 4591 1995 4658 qui

415 4657 492 4708 ait
524 4672 537 4707 :
573 4675 590 4706 ι
630 4657 686 4711 1η
714 4662 864 4714 οηιηί
919 4663 1119 4719 divites
1170 4665 1300 4721 facti
1343 4670 1479 4725 estis
1510 4671 1563 4725 in
1596 4673 1733 4743 ipso.
1765 4675 1817 4729 in
1847 4657 1995 4731 omni

413 4739 578 4792 verbo
598 4750 652 4794 et
683 4743 736 4796 in
771 4747 920 4800 omni
953 4749 1185 4802 scientia
1212 4752 1281 4818 ’7;
1319 4771 1338 4804 ι
1375 4755 1489 4810 sive
1513 4739 1812 4812 secundum
1840 4759 1999 4831 Sym-

412 4827 669 4883 machum
706 4852 718 4886 :
759 4851 777 4884 ι
819 4832 1120 4892 Fructuum
1147 4839 1400 4899 ubertate
1457 4845 1662 4904 ditabis
1717 4827 1914 4919 ipsam.
1971 4871 1989 4903 ι

411 4916 698 4983 Quomodo
756 4923 1117 4984 inebriaverit
1173 4939 1400 4998 terram,
1436 4939 1712 5007 quomodo
1753 4943 1997 5012 locuple-

408 5010 608 5063 taverit
654 5021 708 5068 et
752 5013 1033 5074 fructuum
1097 5023 1351 5082 ubertate
1396 5029 1712 5099 repleverit,
1749 5033 1851 5088 sub
1878 5010 1993 5092 base

411 5099 654 5158 declarat
711 5107 910 5165 dicens
961 5129 973 5163 :
1031 5133 1050 5166 ι
1102 5115 1333 5175 Flumen
1399 5119 1497 5177 Dei
1563 5127 1832 5194 repletum
1910 5138 1995 5184 est

407 5191 590 5262 aquis.
633 5214 653 5246 ι
691 5193 826 5251 Nam
879 5208 1030 5257 tuum
1085 5209 1261 5261 sancti
1301 5207 1541 5279 Spiritus
1593 5191 1814 5280 ﬂumen,
1842 5220 1986 5288 quod

409 5295 478 5336 cx
523 5280 676 5340 fonte
719 5290 953 5344 scaturit
1004 5303 1118 5360 tuo,
1146 5305 1306 5353 terrae
1347 5301 1752 5362 habitatoribus
1789 5280 1989 5380 elargi-

406 5383 516 5440 tus,
574 5385 741 5450 atque
795 5383 1176 5443 rationabilem
1233 5393 1687 5468 spiritualemque
1741 5401 1985 5470 ipsorum

406 5481 620 5537 agrum,
664 5472 756 5542 qui
807 5481 954 5530 terra
979 5488 1229 5549 vocatur,
1267 5498 1468 5556 magno
1504 5487 1782 5546 inundans
1814 5489 1984 5556 ﬂuxu,

480 5620 524 5657 “
549 5621 697 5682 Psal.
732 5643 910 5700 cxu't,
957 5632 1003 5688 l.

2098 4479 2391 4552 ἑσπερινὰς
2429 4479 2678 4553 τέρψειςο
2719 4482 2812 4534 καὶ
2851 4481 3000 4534 ταῦτ’
3033 4480 3292 4554 ἔπραξας,
3341 4478 3690 4544 καταξιώσας

2095 4573 2194 4644 τῆς
2243 4573 2468 4626 σεαυτοῦ
2519 4574 2826 4645 ἐπισκοπῆς
2869 4575 2996 4638 τοὺς
3041 4574 3133 4628 ἐπὶ
3182 4577 3286 4645 γῆς
3338 4573 3684 4643 ἀνθρώπους,

2095 4667 2160 4719 δι’
2191 4661 2259 4738 ἧς
2292 4667 2460 4738 μυρία
2494 4667 2674 4730 αὐτοῖς
2714 4666 2894 4734 ἀγαθὰ
2935 4665 3261 4737 δεδώρηται·
3293 4665 3367 4728 ὠς
3398 4665 3685 4737 πληρῶσαι

2098 4758 2294 4822 αὐτοὺς
2337 4759 2431 4812 καὶ
2478 4758 2711 4830 μεθῦσαι
2774 4761 2893 4821 ταῖς
2938 4756 3170 4826 ἀγαθαῖς
3223 4773 3315 4810 σου
3361 4757 3680 4830 χορηγίαις,

2100 4851 2378 4905 πλουτίσαι
2407 4870 2464 4905 τε
2498 4852 2693 4914 αὐτοὺς
2732 4851 2872 4906 κατὰ
2913 4850 3005 4904 τὸν
3049 4850 3366 4904 Ἀπόστολον
3397 4852 3677 4921 φήσαντα·

2098 4962 2116 4993 ι
2173 4945 2261 4996 Ἐν
2301 4945 2464 4997 παντὶ
2495 4943 2879 5013 ἐπλουτίσθητε
2925 4946 2981 4996 ὲν
3023 4942 3188 5014 αύτῷ,
3226 4945 3282 4995 ἐν
3323 4945 3487 4996 παντὶ
3539 4943 3681 5013 λόγῳ

2093 5036 2185 5088 καὶ
2211 5035 2361 5108 πάσῃ
2389 5034 2617 5102 γνώσειο
2662 5056 2680 5087 ι
2716 5035 2749 5106 ἢ
2782 5035 2924 5089 κατὰ
2962 5036 3052 5088 τὸν
3081 5034 3376 5105 Σύμμαχον
3403 5035 3676 5105 φήσαντα·

2098 5145 2114 5174 ι
2151 5125 2501 5197 Πολυκαρπίᾳ
2550 5125 2855 5192 πλουτίσεις
2888 5125 3076 5197 αὐτήν.
3115 5146 3133 5178 ι
3171 5123 3293 5188 Πῶς
3337 5124 3394 5177 δὲ
3439 5125 3674 5194 ὲμέθυσε

2093 5217 2192 5288 τὴν
2227 5217 2352 5287 γῆν,
2392 5219 2485 5272 καὶ
2526 5219 2642 5285 πῶς
2680 5220 2961 5275 ὲπλούτισε
3009 5219 3100 5273 καὶ
3144 5217 3458 5289 ἐπλήρωσεν
3507 5217 3674 5287 αὐτὴν

2097 5309 2493 5382 πολυκαρπίας,
2534 5313 2791 5383 διασαφεῖ
2837 5313 3011 5382 λέγων
3057 5313 3216 5383 ἐξῆςο
3263 5331 3280 5364 ι
3325 5312 3384 5366 Ὁ
3432 5327 3674 5380 ποταμος

2094 5399 2188 5454 τοῦ
2223 5401 2354 5454 Θεοῦ
2385 5403 2677 5476 ἐπληρώθη
2724 5404 2948 5458 ὑδάτων.
2993 5425 3010 5456 ι
3037 5405 3138 5484 Τὸν
3167 5403 3274 5475 γάρ
3312 5401 3542 5456 σεαυτοῦ

2095 5492 2267 5562 ταμὸν
2319 5494 2411 5547 τοῦ
2472 5495 2626 5563 ἁγίου
2683 5495 3027 5568 Πνεύματος,
3075 5496 3163 5550 τὸν
3207 5494 3314 5549 ἀπὸ
3356 5493 3467 5563 τῆς
3493 5495 3550 5547 ὲν
3590 5491 3690 5547 σοὶ

1035 5673 1040 5676 -
1084 5635 1128 5668 ’θ
1154 5635 1298 5696 Psal.
1335 5654 1458 5708 CXL,
1483 5641 1538 5697 2.
1617 5644 1660 5676 ³⁸
1688 5643 1820 5699 ibid.
1900 5645 1944 5677 ³⁷
1974 5643 1993 5698 l
2022 5645 2148 5702 Cor.
2189 5662 2225 5714 I,
2260 5649 2273 5694 -’
