  <div class='ocr_page' id='page_1' title='image "/cluster/home/n/w/nwhite01/storage/ocr_20150623/23/hvd.32044073501116/327.png"; bbox 0 0 4024 6210; ppageno 0'>
   <div class='ocr_carea' id='block_1_1' title="bbox 425 241 3700 315">
    <p class='ocr_par' dir='ltr' id='par_1_1' title="bbox 425 241 3700 315">
     <span class='ocr_line' id='line_1_1' title="bbox 425 241 3700 315; baseline -0.008 0"><span class='ocrx_word' id='word_1_1' title='bbox 425 258 534 315; x_wconf 62' lang='lat'><strong>633</strong></span> <span class='ocrx_word' id='word_1_2' title='bbox 1094 308 1095 313; x_wconf 38' lang='grc' dir='ltr'><strong>η</strong></span> <span class='ocrx_word' id='word_1_3' title='bbox 1123 250 1393 310; x_wconf 81' lang='lat' dir='ltr'><strong>EUSEBll</strong></span> <span class='ocrx_word' id='word_1_4' title='bbox 1432 244 1911 306; x_wconf 67' lang='lat' dir='ltr'><strong>CESARIENSIS</strong></span> <span class='ocrx_word' id='word_1_5' title='bbox 1948 245 2097 305; x_wconf 82' lang='lat' dir='ltr'><strong>OPP.</strong></span> <span class='ocrx_word' id='word_1_6' title='bbox 2128 242 2317 300; x_wconf 74' lang='lat' dir='ltr'><strong>PARS</strong></span> <span class='ocrx_word' id='word_1_7' title='bbox 2345 242 2435 300; x_wconf 85' lang='grc'><strong>111.</strong></span> <span class='ocrx_word' id='word_1_8' title='bbox 2478 274 2553 287; x_wconf 88' lang='grc'><strong>--</strong></span> <span class='ocrx_word' id='word_1_9' title='bbox 2585 241 2998 299; x_wconf 77' lang='lat' dir='ltr'><strong>EXEGETlCA.</strong></span> <span class='ocrx_word' id='word_1_10' title='bbox 3453 241 3459 244; x_wconf 63' lang='grc'>⁷</span> <span class='ocrx_word' id='word_1_11' title='bbox 3595 246 3700 302; x_wconf 67' lang='grc' dir='ltr'><strong>ειη</strong></span> 
     </span>
    </p>
   </div>
   <div class='ocr_carea' id='block_1_2' title="bbox 424 363 1989 447">
    <p class='ocr_par' dir='ltr' id='par_1_2' title="bbox 424 366 1989 443">
     <span class='ocr_line' id='line_1_2' title="bbox 424 366 1989 443; baseline -0.01 -10"><span class='ocrx_word' id='word_1_12' title='bbox 424 380 581 433; x_wconf 85' lang='lat' dir='ltr'><strong>ciunt</strong></span> <span class='ocrx_word' id='word_1_13' title='bbox 600 373 820 430; x_wconf 85' lang='lat' dir='ltr'><strong>ordines</strong></span> <span class='ocrx_word' id='word_1_14' title='bbox 842 372 1134 443; x_wconf 83' lang='lat' dir='ltr'><strong>conspicit,</strong></span> <span class='ocrx_word' id='word_1_15' title='bbox 1167 371 1215 426; x_wconf 89' lang='lat' dir='ltr'><strong>is</strong></span> <span class='ocrx_word' id='word_1_16' title='bbox 1246 384 1436 427; x_wconf 88' lang='lat' dir='ltr'><strong>eorum</strong></span> <span class='ocrx_word' id='word_1_17' title='bbox 1470 383 1592 438; x_wconf 82' lang='lat' dir='ltr'><strong>quae</strong></span> <span class='ocrx_word' id='word_1_18' title='bbox 1642 366 1700 421; x_wconf 89' lang='lat' dir='ltr'><strong>in</strong></span> <span class='ocrx_word' id='word_1_19' title='bbox 1738 366 1989 421; x_wconf 76' lang='lat' dir='ltr'><strong>vaticinia</strong></span> 
     </span>
    </p>
   </div>
   <div class='ocr_carea' id='block_1_3' title="bbox 2093 363 3701 447">
    <p class='ocr_par' dir='ltr' id='par_1_3' title="bbox 2103 363 3701 447">
     <span class='ocr_line' id='line_1_3' title="bbox 2103 363 3701 447; baseline 0.004 -30"><span class='ocrx_word' id='word_1_20' title='bbox 2103 382 2217 429; x_wconf 90' lang='grc' dir='ltr'>σεις</span> <span class='ocrx_word' id='word_1_21' title='bbox 2249 365 2418 437; x_wconf 78' lang='grc' dir='ltr'>αὐτὴν</span> <span class='ocrx_word' id='word_1_22' title='bbox 2446 365 2541 419; x_wconf 80' lang='grc' dir='ltr'>καὶ</span> <span class='ocrx_word' id='word_1_23' title='bbox 2582 364 2645 417; x_wconf 63' lang='grc' dir='ltr'><strong>τὸ</strong></span> <span class='ocrx_word' id='word_1_24' title='bbox 2692 363 2979 434; x_wconf 80' lang='grc' dir='ltr'><strong>βλάστημα</strong></span> <span class='ocrx_word' id='word_1_25' title='bbox 3025 364 3218 436; x_wconf 79' lang='grc' dir='ltr'>αὐτῆς,</span> <span class='ocrx_word' id='word_1_26' title='bbox 3253 385 3271 418; x_wconf 75' lang='grc' dir='ltr'><strong>ι</strong></span> <span class='ocrx_word' id='word_1_27' title='bbox 3299 365 3540 447; x_wconf 81' lang='grc' dir='ltr'>εῐρηται.</span> <span class='ocrx_word' id='word_1_28' title='bbox 3590 370 3701 424; x_wconf 75' lang='grc' dir='ltr'>Καὶ</span> 
     </span>
    </p>
   </div>
   <div class='ocr_carea' id='block_1_4' title="bbox 426 455 1989 534">
    <p class='ocr_par' dir='ltr' id='par_1_4' title="bbox 426 461 1625 531">
     <span class='ocr_line' id='line_1_4' title="bbox 426 461 1625 531; baseline -0.012 -8"><span class='ocrx_word' id='word_1_29' title='bbox 426 466 680 523; x_wconf 76' lang='lat' dir='ltr'><strong>feruntur</strong></span> <span class='ocrx_word' id='word_1_30' title='bbox 706 463 1005 518; x_wconf 73' lang='lat' dir='ltr'><strong>ubertatem</strong></span> <span class='ocrx_word' id='word_1_31' title='bbox 1042 461 1210 531; x_wconf 83' lang='lat' dir='ltr'><strong>probe</strong></span> <span class='ocrx_word' id='word_1_32' title='bbox 1252 469 1568 530; x_wconf 76' lang='lat' dir='ltr'><strong>cognoscet.</strong></span> <span class='ocrx_word' id='word_1_33' title='bbox 1622 474 1625 477; x_wconf 49' lang='grc' dir='ltr'><strong>π</strong></span> 
     </span>
    </p>
   </div>
   <div class='ocr_carea' id='block_1_5' title="bbox 2093 455 3698 534">
    <p class='ocr_par' dir='ltr' id='par_1_5' title="bbox 2105 455 3698 534">
     <span class='ocr_line' id='line_1_5' title="bbox 2105 455 3698 534; baseline 0.003 -26"><span class='ocrx_word' id='word_1_34' title='bbox 2105 456 2283 510; x_wconf 80' lang='grc' dir='ltr'>πάντα</span> <span class='ocrx_word' id='word_1_35' title='bbox 2319 455 2375 509; x_wconf 74' lang='grc' dir='ltr'>δὲ</span> <span class='ocrx_word' id='word_1_36' title='bbox 2400 455 2574 509; x_wconf 88' lang='grc' dir='ltr'>ταῦτα</span> <span class='ocrx_word' id='word_1_37' title='bbox 2608 457 2810 526; x_wconf 86' lang='grc' dir='ltr'>σημεῖα</span> <span class='ocrx_word' id='word_1_38' title='bbox 2849 456 3105 534; x_wconf 78' lang='grc' dir='ltr'>τυγχάνει</span> <span class='ocrx_word' id='word_1_39' title='bbox 3130 456 3223 510; x_wconf 85' lang='grc' dir='ltr'><strong>τοῦ</strong></span> <span class='ocrx_word' id='word_1_40' title='bbox 3254 457 3698 530; x_wconf 61' lang='grc' dir='ltr'>ὲπισκεψαμένου</span> 
     </span>
    </p>
   </div>
   <div class='ocr_carea' id='block_1_6' title="bbox 424 542 3699 629">
    <p class='ocr_par' dir='ltr' id='par_1_6' title="bbox 424 542 3699 629">
     <span class='ocr_line' id='line_1_6' title="bbox 424 542 3699 629; baseline -0.003 -19"><span class='ocrx_word' id='word_1_41' title='bbox 424 557 522 629; x_wconf 70' lang='grc' dir='ltr'><strong>τὴν</strong></span> <span class='ocrx_word' id='word_1_42' title='bbox 566 553 887 625; x_wconf 76' lang='grc' dir='ltr'><strong>Ἐκκλησίαν</strong></span> <span class='ocrx_word' id='word_1_43' title='bbox 942 550 1136 605; x_wconf 79' lang='grc' dir='ltr'>αὐτοῦ·</span> <span class='ocrx_word' id='word_1_44' title='bbox 1188 550 1226 605; x_wconf 73' lang='grc' dir='ltr'>ἃ</span> <span class='ocrx_word' id='word_1_45' title='bbox 1268 550 1336 621; x_wconf 84' lang='grc' dir='ltr'>δὴ</span> <span class='ocrx_word' id='word_1_46' title='bbox 1387 549 1557 603; x_wconf 85' lang='grc' dir='ltr'>πάλαι</span> <span class='ocrx_word' id='word_1_47' title='bbox 1601 547 1970 622; x_wconf 87' lang='grc' dir='ltr'>προλεχθέντα</span> <span class='ocrx_word' id='word_1_48' title='bbox 2005 546 2113 629; x_wconf 74' lang='grc' dir='ltr'>οὐδ’</span> <span class='ocrx_word' id='word_1_49' title='bbox 2138 542 2317 610; x_wconf 77' lang='grc' dir='ltr'>ἄλλως</span> <span class='ocrx_word' id='word_1_50' title='bbox 2351 548 2431 609; x_wconf 81' lang='grc' dir='ltr'><strong>είς</strong></span> <span class='ocrx_word' id='word_1_51' title='bbox 2470 546 2608 617; x_wconf 71' lang='grc' dir='ltr'>ἔργα</span> <span class='ocrx_word' id='word_1_52' title='bbox 2660 544 3041 616; x_wconf 77' lang='grc' dir='ltr'>κεχώρηκενῆ</span> <span class='ocrx_word' id='word_1_53' title='bbox 3089 546 3177 600; x_wconf 84' lang='grc' dir='ltr'><strong>διά</strong></span> <span class='ocrx_word' id='word_1_54' title='bbox 3221 546 3448 618; x_wconf 83' lang='grc' dir='ltr'>τῆς.τοῦ</span> <span class='ocrx_word' id='word_1_55' title='bbox 3516 549 3699 621; x_wconf 75' lang='grc' dir='ltr'>Σωτῆ-</span> 
     </span>
    </p>
   </div>
   <div class='ocr_carea' id='block_1_7' title="bbox 428 635 3701 720">
    <p class='ocr_par' dir='ltr' id='par_1_7' title="bbox 428 635 3701 720">
     <span class='ocr_line' id='line_1_7' title="bbox 428 635 3701 720; baseline -0.001 -23"><span class='ocrx_word' id='word_1_56' title='bbox 428 662 521 720; x_wconf 82' lang='grc' dir='ltr'><strong>ρος</strong></span> <span class='ocrx_word' id='word_1_57' title='bbox 564 644 722 716; x_wconf 84' lang='grc' dir='ltr'>ἡμῶν</span> <span class='ocrx_word' id='word_1_58' title='bbox 755 643 1106 713; x_wconf 77' lang='grc' dir='ltr'>ἐπιφανείας·</span> <span class='ocrx_word' id='word_1_59' title='bbox 1151 643 1217 695; x_wconf 81' lang='grc' dir='ltr'>δι’</span> <span class='ocrx_word' id='word_1_60' title='bbox 1258 638 1328 713; x_wconf 79' lang='grc' dir='ltr'>ἦς</span> <span class='ocrx_word' id='word_1_61' title='bbox 1374 643 1423 695; x_wconf 88' lang='grc' dir='ltr'>οἱ</span> <span class='ocrx_word' id='word_1_62' title='bbox 1473 640 1872 712; x_wconf 82' lang='grc' dir='ltr'>κατηξιωμένοι</span> <span class='ocrx_word' id='word_1_63' title='bbox 1917 639 2019 709; x_wconf 83' lang='grc' dir='ltr'>τῆς</span> <span class='ocrx_word' id='word_1_64' title='bbox 2056 638 2223 692; x_wconf 77' lang='grc' dir='ltr'>αὑτοῦ</span> <span class='ocrx_word' id='word_1_65' title='bbox 2252 639 2494 710; x_wconf 86' lang='grc' dir='ltr'>χάριτος,</span> <span class='ocrx_word' id='word_1_66' title='bbox 2530 637 2599 690; x_wconf 81' lang='grc' dir='ltr'><strong>τά</strong></span> <span class='ocrx_word' id='word_1_67' title='bbox 2631 637 2688 704; x_wconf 80' lang='grc' dir='ltr'>ἐξ</span> <span class='ocrx_word' id='word_1_68' title='bbox 2726 637 2973 707; x_wconf 80' lang='grc' dir='ltr'><strong>οὐρανῶν</strong></span> <span class='ocrx_word' id='word_1_69' title='bbox 3003 635 3294 710; x_wconf 86' lang='grc' dir='ltr'>σπέρματα</span> <span class='ocrx_word' id='word_1_70' title='bbox 3361 642 3480 703; x_wconf 89' lang='grc' dir='ltr'>ταῖς</span> <span class='ocrx_word' id='word_1_71' title='bbox 3520 642 3701 694; x_wconf 80' lang='grc' dir='ltr'>αὐτῶν</span> 
     </span>
    </p>
   </div>
   <div class='ocr_carea' id='block_1_8' title="bbox 422 731 3715 818">
    <p class='ocr_par' dir='ltr' id='par_1_8' title="bbox 422 731 3715 818">
     <span class='ocr_line' id='line_1_8' title="bbox 422 731 3715 818; baseline -0.002 -25"><span class='ocrx_word' id='word_1_72' title='bbox 422 739 624 811; x_wconf 78' lang='grc' dir='ltr'>ψυχαῖς</span> <span class='ocrx_word' id='word_1_73' title='bbox 671 736 1094 806; x_wconf 78' lang='grc' dir='ltr'><strong>ἀποδεξάμενοι,</strong></span> <span class='ocrx_word' id='word_1_74' title='bbox 1145 736 1401 807; x_wconf 70' lang='grc' dir='ltr'>καρποὺὲ,</span> <span class='ocrx_word' id='word_1_75' title='bbox 1443 734 1689 798; x_wconf 76' lang='grc' dir='ltr'><strong>εὐθαλεῖς</strong></span> <span class='ocrx_word' id='word_1_76' title='bbox 1741 734 2103 805; x_wconf 78' lang='grc' dir='ltr'><strong>παρέχουσιν·</strong></span> <span class='ocrx_word' id='word_1_77' title='bbox 2141 732 2191 787; x_wconf 79' lang='grc' dir='ltr'><strong>οἱ</strong></span> <span class='ocrx_word' id='word_1_78' title='bbox 2259 732 2358 804; x_wconf 76' lang='grc' dir='ltr'><strong>μὲν</strong></span> <span class='ocrx_word' id='word_1_79' title='bbox 2390 738 2433 803; x_wconf 79' lang='grc' dir='ltr'>ρ’</span> <span class='ocrx_word' id='word_1_80' title='bbox 2495 732 2817 818; x_wconf 84' lang='grc' dir='ltr'>ποιοῦντες,</span> <span class='ocrx_word' id='word_1_81' title='bbox 2853 733 2901 784; x_wconf 91' lang='grc' dir='ltr'><strong>οί</strong></span> <span class='ocrx_word' id='word_1_82' title='bbox 2934 731 2992 785; x_wconf 80' lang='grc' dir='ltr'>δὲ</span> <span class='ocrx_word' id='word_1_83' title='bbox 3036 731 3101 798; x_wconf 80' lang='grc' dir='ltr'><strong>ξ’,</strong></span> <span class='ocrx_word' id='word_1_84' title='bbox 3138 734 3187 787; x_wconf 76' lang='grc' dir='ltr'>οἱ</span> <span class='ocrx_word' id='word_1_85' title='bbox 3212 733 3267 786; x_wconf 83' lang='grc' dir='ltr'>δὲ</span> <span class='ocrx_word' id='word_1_86' title='bbox 3300 734 3365 789; x_wconf 84' lang='grc' dir='ltr'>λ’.</span> <span class='ocrx_word' id='word_1_87' title='bbox 3400 734 3580 818; x_wconf 79' lang='grc' dir='ltr'>Ὀρῷν</span> <span class='ocrx_word' id='word_1_88' title='bbox 3644 735 3715 792; x_wconf 66' lang='grc' dir='ltr'>δέ,</span> 
     </span>
    </p>
   </div>
   <div class='ocr_carea' id='block_1_9' title="bbox 423 816 3701 898">
    <p class='ocr_par' dir='ltr' id='par_1_9' title="bbox 423 816 3701 898">
     <span class='ocr_line' id='line_1_9' title="bbox 423 816 3701 898; baseline -0 -17"><span class='ocrx_word' id='word_1_89' title='bbox 423 844 510 890; x_wconf 82' lang='grc' dir='ltr'><strong>τις</strong></span> <span class='ocrx_word' id='word_1_90' title='bbox 541 828 599 879; x_wconf 78' lang='grc' dir='ltr'>ὲν</span> <span class='ocrx_word' id='word_1_91' title='bbox 643 828 709 897; x_wconf 84' lang='grc' dir='ltr'>τῇ</span> <span class='ocrx_word' id='word_1_92' title='bbox 753 826 1047 897; x_wconf 77' lang='grc' dir='ltr'>Ἐκκλησία</span> <span class='ocrx_word' id='word_1_93' title='bbox 1085 824 1181 879; x_wconf 89' lang='grc' dir='ltr'><strong>τοῦ</strong></span> <span class='ocrx_word' id='word_1_94' title='bbox 1218 823 1354 877; x_wconf 88' lang='grc' dir='ltr'>Θεοῦ</span> <span class='ocrx_word' id='word_1_95' title='bbox 1419 824 1485 877; x_wconf 80' lang='grc' dir='ltr'><strong>τά</strong></span> <span class='ocrx_word' id='word_1_96' title='bbox 1530 824 1764 896; x_wconf 88' lang='grc' dir='ltr'>διάφορα</span> <span class='ocrx_word' id='word_1_97' title='bbox 1810 824 2068 895; x_wconf 80' lang='grc' dir='ltr'><strong>τάγματα</strong></span> <span class='ocrx_word' id='word_1_98' title='bbox 2132 823 2242 877; x_wconf 84' lang='grc' dir='ltr'>τῶν</span> <span class='ocrx_word' id='word_1_99' title='bbox 2296 826 2355 878; x_wconf 81' lang='grc' dir='ltr'>ὲν</span> <span class='ocrx_word' id='word_1_100' title='bbox 2412 821 2631 898; x_wconf 79' lang='grc' dir='ltr'><strong>Χριστῷ</strong></span> <span class='ocrx_word' id='word_1_101' title='bbox 2679 816 3129 893; x_wconf 83' lang='grc' dir='ltr'>προκοπτόντων,</span> <span class='ocrx_word' id='word_1_102' title='bbox 3189 823 3286 897; x_wconf 79' lang='grc' dir='ltr'>τὴν</span> <span class='ocrx_word' id='word_1_103' title='bbox 3343 816 3701 897; x_wconf 74' lang='grc' dir='ltr'><strong>παγκαρπίαν</strong></span> 
     </span>
    </p>
   </div>
   <div class='ocr_carea' id='block_1_10' title="bbox 424 915 2200 987">
    <p class='ocr_par' dir='ltr' id='par_1_10' title="bbox 424 915 2200 987">
     <span class='ocr_line' id='line_1_10' title="bbox 424 915 2200 987; baseline -0.002 -13"><span class='ocrx_word' id='word_1_104' title='bbox 424 919 627 975; x_wconf 74' lang='grc' dir='ltr'>εἵσεται</span> <span class='ocrx_word' id='word_1_105' title='bbox 652 917 762 971; x_wconf 85' lang='grc' dir='ltr'>τῶν</span> <span class='ocrx_word' id='word_1_106' title='bbox 782 917 869 970; x_wconf 81' lang='grc' dir='ltr'><strong>διὰ</strong></span> <span class='ocrx_word' id='word_1_107' title='bbox 891 917 991 987; x_wconf 75' lang='grc' dir='ltr'>τῆς</span> <span class='ocrx_word' id='word_1_108' title='bbox 1018 915 1385 987; x_wconf 76' lang='grc' dir='ltr'><strong>προκειμένης</strong></span> <span class='ocrx_word' id='word_1_109' title='bbox 1407 916 1742 987; x_wconf 68' lang='grc' dir='ltr'>προφητείας</span> <span class='ocrx_word' id='word_1_110' title='bbox 1770 915 2200 987; x_wconf 76' lang='grc' dir='ltr'>θεσπιςομὲνων.</span> 
     </span>
    </p>
   </div>
   <div class='ocr_carea' id='block_1_11' title="bbox 495 1035 2000 1108">
    <p class='ocr_par' dir='ltr' id='par_1_11' title="bbox 495 1035 2000 1108">
     <span class='ocr_line' id='line_1_11' title="bbox 495 1035 2000 1108; baseline 0.002 -17"><span class='ocrx_word' id='word_1_111' title='bbox 495 1035 662 1094; x_wconf 71' lang='lat' dir='ltr'><strong>Vens.</strong></span> <span class='ocrx_word' id='word_1_112' title='bbox 688 1040 770 1104; x_wconf 76' lang='lat' dir='ltr'><strong>l2,</strong></span> <span class='ocrx_word' id='word_1_113' title='bbox 792 1041 875 1095; x_wconf 70' lang='lat' dir='ltr'><strong>l4.</strong></span> <span class='ocrx_word' id='word_1_114' title='bbox 900 1061 918 1092; x_wconf 83' lang='grc' dir='ltr'><strong>ι</strong></span> <span class='ocrx_word' id='word_1_115' title='bbox 943 1040 1238 1097; x_wconf 87' lang='lat' dir='ltr'><strong>Benedices</strong></span> <span class='ocrx_word' id='word_1_116' title='bbox 1259 1039 1622 1095; x_wconf 70' lang='lat' dir='ltr'><strong>coronzeanni</strong></span> <span class='ocrx_word' id='word_1_117' title='bbox 1647 1038 2000 1108; x_wconf 84' lang='lat' dir='ltr'><strong>benignitatis</strong></span> 
     </span>
    </p>
   </div>
   <div class='ocr_carea' id='block_1_12' title="bbox 425 1128 1996 1202">
    <p class='ocr_par' dir='ltr' id='par_1_12' title="bbox 425 1128 1996 1202">
     <span class='ocr_line' id='line_1_12' title="bbox 425 1128 1996 1202; baseline 0 -19"><span class='ocrx_word' id='word_1_118' title='bbox 425 1133 550 1191; x_wconf 70' lang='lat' dir='ltr'><strong>tuae.</strong></span> <span class='ocrx_word' id='word_1_119' title='bbox 573 1138 627 1185; x_wconf 87' lang='lat' dir='ltr'><strong>et</strong></span> <span class='ocrx_word' id='word_1_120' title='bbox 650 1131 826 1201; x_wconf 86' lang='lat' dir='ltr'><strong>campi</strong></span> <span class='ocrx_word' id='word_1_121' title='bbox 859 1132 936 1185; x_wconf 91' lang='lat' dir='ltr'><strong>tui</strong></span> <span class='ocrx_word' id='word_1_122' title='bbox 987 1132 1347 1202; x_wconf 88' lang='lat' dir='ltr'><strong>replebuntur</strong></span> <span class='ocrx_word' id='word_1_123' title='bbox 1378 1131 1650 1187; x_wconf 81' lang='lat' dir='ltr'><strong>ubertate.</strong></span> <span class='ocrx_word' id='word_1_124' title='bbox 1696 1150 1715 1182; x_wconf 75' lang='grc' dir='ltr'><strong>ι</strong></span> <span class='ocrx_word' id='word_1_125' title='bbox 1759 1128 1899 1195; x_wconf 86' lang='lat' dir='ltr'><strong>Quia</strong></span> <span class='ocrx_word' id='word_1_126' title='bbox 1931 1129 1996 1183; x_wconf 88' lang='lat' dir='ltr'><strong>ad</strong></span> 
     </span>
    </p>
   </div>
   <div class='ocr_carea' id='block_1_13' title="bbox 424 1219 1997 1291">
    <p class='ocr_par' dir='ltr' id='par_1_13' title="bbox 424 1219 1997 1291">
     <span class='ocr_line' id='line_1_13' title="bbox 424 1219 1997 1291; baseline -0.001 -17"><span class='ocrx_word' id='word_1_127' title='bbox 424 1220 832 1291; x_wconf 68' lang='lat' dir='ltr'><strong>praedicandum</strong></span> <span class='ocrx_word' id='word_1_128' title='bbox 869 1235 1073 1274; x_wconf 89' lang='lat' dir='ltr'><strong>annum</strong></span> <span class='ocrx_word' id='word_1_129' title='bbox 1129 1219 1222 1291; x_wconf 85' lang='lat' dir='ltr'><strong>Dei</strong></span> <span class='ocrx_word' id='word_1_130' title='bbox 1272 1220 1690 1291; x_wconf 87' lang='lat' dir='ltr'><strong>acceptabilem,</strong></span> <span class='ocrx_word' id='word_1_131' title='bbox 1742 1226 1796 1272; x_wconf 92' lang='lat' dir='ltr'><strong>et</strong></span> <span class='ocrx_word' id='word_1_132' title='bbox 1852 1219 1997 1273; x_wconf 91' lang='lat' dir='ltr'><strong>diem</strong></span> 
     </span>
    </p>
   </div>
   <div class='ocr_carea' id='block_1_14' title="bbox 423 1289 1996 1383">
    <p class='ocr_par' dir='ltr' id='par_1_14' title="bbox 423 1289 1996 1383">
     <span class='ocr_line' id='line_1_14' title="bbox 423 1289 1996 1383; baseline -0.002 -21"><span class='ocrx_word' id='word_1_133' title='bbox 423 1289 822 1371; x_wconf 75' lang='lat' dir='ltr'><strong>retributionis,</strong></span> <span class='ocrx_word' id='word_1_134' title='bbox 865 1309 1081 1364; x_wconf 80' lang='lat' dir='ltr'><strong>venisse</strong></span> <span class='ocrx_word' id='word_1_135' title='bbox 1120 1289 1393 1383; x_wconf 72' lang='lat' dir='ltr'><strong>servator</strong></span> <span class='ocrx_word' id='word_1_136' title='bbox 1420 1308 1646 1374; x_wconf 89' lang='lat' dir='ltr'><strong>dicitur,</strong></span> <span class='ocrx_word' id='word_1_137' title='bbox 1692 1309 1996 1362; x_wconf 90' lang='lat' dir='ltr'><strong>secundum</strong></span> 
     </span>
    </p>
   </div>
   <div class='ocr_carea' id='block_1_15' title="bbox 426 1396 1998 1469">
    <p class='ocr_par' dir='ltr' id='par_1_15' title="bbox 426 1396 1998 1469">
     <span class='ocr_line' id='line_1_15' title="bbox 426 1396 1998 1469; baseline -0.002 -16"><span class='ocrx_word' id='word_1_138' title='bbox 426 1396 767 1467; x_wconf 76' lang='lat' dir='ltr'><strong>Scripturam</strong></span> <span class='ocrx_word' id='word_1_139' title='bbox 790 1415 853 1455; x_wconf 81' lang='lat' dir='ltr'><strong>ex</strong></span> <span class='ocrx_word' id='word_1_140' title='bbox 879 1399 999 1468; x_wconf 81' lang='lat' dir='ltr'><strong>ejus</strong></span> <span class='ocrx_word' id='word_1_141' title='bbox 1021 1412 1257 1469; x_wconf 85' lang='lat' dir='ltr'><strong>persona</strong></span> <span class='ocrx_word' id='word_1_142' title='bbox 1281 1400 1362 1455; x_wconf 91' lang='lat' dir='ltr'><strong>sic</strong></span> <span class='ocrx_word' id='word_1_143' title='bbox 1394 1400 1707 1469; x_wconf 87' lang='lat' dir='ltr'><strong>loquentem</strong></span> <span class='ocrx_word' id='word_1_144' title='bbox 1730 1414 1742 1449; x_wconf 90' lang='lat'>:</span> <span class='ocrx_word' id='word_1_145' title='bbox 1777 1416 1794 1448; x_wconf 80' lang='grc' dir='ltr'><strong>ι</strong></span> <span class='ocrx_word' id='word_1_146' title='bbox 1825 1396 1998 1466; x_wconf 75' lang='lat' dir='ltr'><strong>Spiri~</strong></span> 
     </span>
    </p>
   </div>
   <div class='ocr_carea' id='block_1_16' title="bbox 422 1489 2000 1561">
    <p class='ocr_par' dir='ltr' id='par_1_16' title="bbox 422 1489 2000 1561">
     <span class='ocr_line' id='line_1_16' title="bbox 422 1489 2000 1561; baseline -0.001 -18"><span class='ocrx_word' id='word_1_147' title='bbox 422 1498 514 1546; x_wconf 79' lang='lat' dir='ltr'><strong>tus</strong></span> <span class='ocrx_word' id='word_1_148' title='bbox 531 1490 741 1543; x_wconf 79' lang='lat' dir='ltr'><strong>Domini</strong></span> <span class='ocrx_word' id='word_1_149' title='bbox 768 1506 933 1560; x_wconf 79' lang='lat' dir='ltr'><strong>super</strong></span> <span class='ocrx_word' id='word_1_150' title='bbox 960 1507 1066 1554; x_wconf 90' lang='lat' dir='ltr'><strong>me,</strong></span> <span class='ocrx_word' id='word_1_151' title='bbox 1090 1506 1156 1545; x_wconf 86' lang='lat' dir='ltr'><strong>eo</strong></span> <span class='ocrx_word' id='word_1_152' title='bbox 1179 1490 1326 1561; x_wconf 89' lang='lat' dir='ltr'><strong>quod</strong></span> <span class='ocrx_word' id='word_1_153' title='bbox 1349 1489 1568 1544; x_wconf 79' lang='lat' dir='ltr'><strong>unxerit</strong></span> <span class='ocrx_word' id='word_1_154' title='bbox 1605 1503 1691 1543; x_wconf 90' lang='lat' dir='ltr'><strong>me</strong></span> <span class='ocrx_word' id='word_1_155' title='bbox 1724 1506 1736 1542; x_wconf 91' lang='lat'>:</span> <span class='ocrx_word' id='word_1_156' title='bbox 1766 1501 2000 1561; x_wconf 49' lang='lat' dir='ltr'><strong>evangeg</strong></span> 
     </span>
    </p>
   </div>
   <div class='ocr_carea' id='block_1_17' title="bbox 424 1575 2001 1659">
    <p class='ocr_par' dir='ltr' id='par_1_17' title="bbox 424 1575 2001 1659">
     <span class='ocr_line' id='line_1_17' title="bbox 424 1575 2001 1659; baseline -0.003 -25"><span class='ocrx_word' id='word_1_157' title='bbox 424 1581 593 1634; x_wconf 84' lang='lat' dir='ltr'><strong>lizare</strong></span> <span class='ocrx_word' id='word_1_158' title='bbox 609 1580 949 1659; x_wconf 76' lang='lat' dir='ltr'><strong>pauperibus</strong></span> <span class='ocrx_word' id='word_1_159' title='bbox 978 1580 1128 1635; x_wconf 86' lang='lat' dir='ltr'><strong>misit</strong></span> <span class='ocrx_word' id='word_1_160' title='bbox 1168 1595 1288 1647; x_wconf 85' lang='lat' dir='ltr'><strong>me;</strong></span> <span class='ocrx_word' id='word_1_161' title='bbox 1318 1578 1616 1649; x_wconf 70' lang='lat' dir='ltr'><strong>praedicare</strong></span> <span class='ocrx_word' id='word_1_162' title='bbox 1654 1576 1884 1646; x_wconf 74' lang='lat' dir='ltr'><strong>captivis</strong></span> <span class='ocrx_word' id='word_1_163' title='bbox 1922 1575 2001 1630; x_wconf 85' lang='lat' dir='ltr'><strong>di-</strong></span> 
     </span>
    </p>
   </div>
   <div class='ocr_carea' id='block_1_18' title="bbox 2181 1034 3703 1108">
    <p class='ocr_par' dir='ltr' id='par_1_18' title="bbox 2181 1034 3703 1108">
     <span class='ocr_line' id='line_1_18' title="bbox 2181 1034 3703 1108; baseline 0.001 -20"><span class='ocrx_word' id='word_1_164' title='bbox 2181 1056 2199 1088; x_wconf 80' lang='grc' dir='ltr'><strong>ι</strong></span> <span class='ocrx_word' id='word_1_165' title='bbox 2246 1036 2582 1107; x_wconf 83' lang='grc' dir='ltr'>Εὑλογήσεις</span> <span class='ocrx_word' id='word_1_166' title='bbox 2606 1036 2695 1090; x_wconf 85' lang='grc' dir='ltr'>τὸν</span> <span class='ocrx_word' id='word_1_167' title='bbox 2725 1034 2986 1105; x_wconf 83' lang='grc' dir='ltr'>στέφανον</span> <span class='ocrx_word' id='word_1_168' title='bbox 3024 1036 3119 1091; x_wconf 86' lang='grc' dir='ltr'><strong>τοῦ</strong></span> <span class='ocrx_word' id='word_1_169' title='bbox 3153 1035 3402 1090; x_wconf 79' lang='grc' dir='ltr'>ἐνιαυτοῦ</span> <span class='ocrx_word' id='word_1_170' title='bbox 3433 1036 3534 1108; x_wconf 72' lang='grc' dir='ltr'>τῆς</span> <span class='ocrx_word' id='word_1_171' title='bbox 3564 1055 3703 1108; x_wconf 74' lang='grc' dir='ltr'>χρη-</span> 
     </span>
    </p>
   </div>
   <div class='ocr_carea' id='block_1_19' title="bbox 2102 1124 3703 1199">
    <p class='ocr_par' dir='ltr' id='par_1_19' title="bbox 2102 1124 3703 1199">
     <span class='ocr_line' id='line_1_19' title="bbox 2102 1124 3703 1199; baseline -0.001 -20"><span class='ocrx_word' id='word_1_172' title='bbox 2102 1126 2359 1195; x_wconf 81' lang='grc' dir='ltr'>στότητὸς</span> <span class='ocrx_word' id='word_1_173' title='bbox 2395 1142 2511 1189; x_wconf 91' lang='grc' dir='ltr'>σου,</span> <span class='ocrx_word' id='word_1_174' title='bbox 2541 1124 2637 1178; x_wconf 71' lang='grc' dir='ltr'>καὶ</span> <span class='ocrx_word' id='word_1_175' title='bbox 2667 1124 2733 1178; x_wconf 76' lang='grc' dir='ltr'><strong>τὰ</strong></span> <span class='ocrx_word' id='word_1_176' title='bbox 2765 1124 2924 1178; x_wconf 82' lang='grc' dir='ltr'>πεδία</span> <span class='ocrx_word' id='word_1_177' title='bbox 2971 1140 3068 1178; x_wconf 93' lang='grc' dir='ltr'><strong>σου</strong></span> <span class='ocrx_word' id='word_1_178' title='bbox 3100 1124 3475 1196; x_wconf 80' lang='grc' dir='ltr'>πλησθήσεται</span> <span class='ocrx_word' id='word_1_179' title='bbox 3505 1126 3703 1199; x_wconf 76' lang='grc' dir='ltr'>πιότηο</span> 
     </span>
    </p>
   </div>
   <div class='ocr_carea' id='block_1_20' title="bbox 2099 1214 3700 1287">
    <p class='ocr_par' dir='ltr' id='par_1_20' title="bbox 2099 1214 3700 1287">
     <span class='ocr_line' id='line_1_20' title="bbox 2099 1214 3700 1287; baseline 0.001 -18"><span class='ocrx_word' id='word_1_180' title='bbox 2099 1234 2227 1280; x_wconf 89' lang='grc' dir='ltr'>τος.·</span> <span class='ocrx_word' id='word_1_181' title='bbox 2258 1234 2277 1268; x_wconf 74' lang='grc' dir='ltr'><strong>ι</strong></span> <span class='ocrx_word' id='word_1_182' title='bbox 2316 1215 2533 1287; x_wconf 81' lang='grc' dir='ltr'>Ἐπειδὴ</span> <span class='ocrx_word' id='word_1_183' title='bbox 2561 1214 2796 1285; x_wconf 80' lang='grc' dir='ltr'>κηρῦξαι</span> <span class='ocrx_word' id='word_1_184' title='bbox 2843 1214 3087 1279; x_wconf 78' lang='grc' dir='ltr'>ἐνιαυτὸν</span> <span class='ocrx_word' id='word_1_185' title='bbox 3124 1214 3332 1286; x_wconf 82' lang='grc' dir='ltr'>Κυρίου</span> <span class='ocrx_word' id='word_1_186' title='bbox 3359 1214 3574 1280; x_wconf 81' lang='grc' dir='ltr'>δεκτὸν,</span> <span class='ocrx_word' id='word_1_187' title='bbox 3604 1217 3700 1271; x_wconf 80' lang='grc' dir='ltr'>καὶ</span> 
     </span>
    </p>
   </div>
   <div class='ocr_carea' id='block_1_21' title="bbox 2097 1303 3696 1379">
    <p class='ocr_par' dir='ltr' id='par_1_21' title="bbox 2097 1303 3696 1379">
     <span class='ocr_line' id='line_1_21' title="bbox 2097 1303 3696 1379; baseline -0.001 -20"><span class='ocrx_word' id='word_1_188' title='bbox 2097 1306 2311 1377; x_wconf 88' lang='grc' dir='ltr'>ἡμέραν</span> <span class='ocrx_word' id='word_1_189' title='bbox 2355 1305 2764 1368; x_wconf 82' lang='grc' dir='ltr'>ἀνταποδόσεως</span> <span class='ocrx_word' id='word_1_190' title='bbox 2805 1303 3123 1376; x_wconf 80' lang='grc' dir='ltr'>ἐληλυθέναι</span> <span class='ocrx_word' id='word_1_191' title='bbox 3167 1305 3382 1373; x_wconf 85' lang='grc' dir='ltr'>λέγεται</span> <span class='ocrx_word' id='word_1_192' title='bbox 3416 1306 3447 1357; x_wconf 93' lang='lat'><strong>6</strong></span> <span class='ocrx_word' id='word_1_193' title='bbox 3479 1306 3696 1379; x_wconf 75' lang='grc' dir='ltr'>Σωτὴρ,</span> 
     </span>
    </p>
   </div>
   <div class='ocr_carea' id='block_1_22' title="bbox 2099 1394 3695 1471">
    <p class='ocr_par' dir='ltr' id='par_1_22' title="bbox 2099 1394 3695 1471">
     <span class='ocr_line' id='line_1_22' title="bbox 2099 1394 3695 1471; baseline 0.001 -23"><span class='ocrx_word' id='word_1_194' title='bbox 2099 1394 2240 1448; x_wconf 80' lang='grc' dir='ltr'>κατὰ</span> <span class='ocrx_word' id='word_1_195' title='bbox 2275 1395 2376 1466; x_wconf 80' lang='grc' dir='ltr'>τὴν</span> <span class='ocrx_word' id='word_1_196' title='bbox 2432 1398 2746 1471; x_wconf 77' lang='grc' dir='ltr'>φάσκουσαν</span> <span class='ocrx_word' id='word_1_197' title='bbox 2785 1394 2844 1461; x_wconf 76' lang='grc' dir='ltr'><strong>ἐξ</strong></span> <span class='ocrx_word' id='word_1_198' title='bbox 2888 1394 3052 1449; x_wconf 83' lang='grc' dir='ltr'>αὑτοῦ</span> <span class='ocrx_word' id='word_1_199' title='bbox 3103 1394 3401 1464; x_wconf 76' lang='grc' dir='ltr'>προσώπου</span> <span class='ocrx_word' id='word_1_200' title='bbox 3433 1395 3695 1469; x_wconf 78' lang='grc' dir='ltr'>Γραφήν·</span> 
     </span>
    </p>
   </div>
   <div class='ocr_carea' id='block_1_23' title="bbox 2102 1475 3695 1556">
    <p class='ocr_par' dir='ltr' id='par_1_23' title="bbox 2102 1475 3695 1556">
     <span class='ocr_line' id='line_1_23' title="bbox 2102 1475 3695 1556; baseline 0.002 -22"><span class='ocrx_word' id='word_1_201' title='bbox 2102 1503 2120 1534; x_wconf 80' lang='grc' dir='ltr'><strong>ι</strong></span> <span class='ocrx_word' id='word_1_202' title='bbox 2155 1482 2379 1553; x_wconf 79' lang='grc' dir='ltr'>Πνεῦμα</span> <span class='ocrx_word' id='word_1_203' title='bbox 2428 1483 2635 1555; x_wconf 83' lang='grc' dir='ltr'>Κυρίου</span> <span class='ocrx_word' id='word_1_204' title='bbox 2682 1483 2767 1535; x_wconf 78' lang='grc' dir='ltr'><strong>ἐπ’</strong></span> <span class='ocrx_word' id='word_1_205' title='bbox 2812 1483 2935 1554; x_wconf 74' lang='grc' dir='ltr'>ἐμὲ,</span> <span class='ocrx_word' id='word_1_206' title='bbox 2985 1475 3049 1536; x_wconf 77' lang='grc' dir='ltr'><strong>οῦ</strong></span> <span class='ocrx_word' id='word_1_207' title='bbox 3101 1484 3311 1537; x_wconf 77' lang='grc' dir='ltr'>εἵνεκεν</span> <span class='ocrx_word' id='word_1_208' title='bbox 3350 1482 3540 1555; x_wconf 78' lang='grc' dir='ltr'>ἔχρισέ</span> <span class='ocrx_word' id='word_1_209' title='bbox 3587 1502 3695 1556; x_wconf 77' lang='grc' dir='ltr'><strong>με·</strong></span> 
     </span>
    </p>
   </div>
   <div class='ocr_carea' id='block_1_24' title="bbox 2095 1574 3697 1646">
    <p class='ocr_par' dir='ltr' id='par_1_24' title="bbox 2095 1574 3697 1646">
     <span class='ocr_line' id='line_1_24' title="bbox 2095 1574 3697 1646; baseline 0.001 -18"><span class='ocrx_word' id='word_1_210' title='bbox 2095 1574 2553 1644; x_wconf 80' lang='grc' dir='ltr'>εὐαγγελίσασθαι</span> <span class='ocrx_word' id='word_1_211' title='bbox 2619 1577 2852 1646; x_wconf 85' lang='grc' dir='ltr'><strong>πτωχοῖς</strong></span> <span class='ocrx_word' id='word_1_212' title='bbox 2914 1574 3225 1628; x_wconf 76' lang='grc' dir='ltr'>ἀπέσταλκε</span> <span class='ocrx_word' id='word_1_213' title='bbox 3290 1592 3390 1645; x_wconf 89' lang='grc' dir='ltr'><strong>με·</strong></span> <span class='ocrx_word' id='word_1_214' title='bbox 3458 1575 3697 1646; x_wconf 79' lang='grc' dir='ltr'>κηρῦξαι</span> 
     </span>
    </p>
   </div>
   <div class='ocr_carea' id='block_1_25' title="bbox 423 1655 1989 1749">
    <p class='ocr_par' dir='ltr' id='par_1_25' title="bbox 423 1655 1989 1736">
     <span class='ocr_line' id='line_1_25' title="bbox 423 1655 1989 1736; baseline -0.001 -11"><span class='ocrx_word' id='word_1_215' title='bbox 423 1655 767 1735; x_wconf 74' lang='grc' dir='ltr'>ιιιίεείοηεηι,</span> <span class='ocrx_word' id='word_1_216' title='bbox 799 1679 854 1725; x_wconf 92' lang='lat' dir='ltr'><strong>et</strong></span> <span class='ocrx_word' id='word_1_217' title='bbox 906 1674 1067 1726; x_wconf 69' lang='lat' dir='ltr'><strong>caecis</strong></span> <span class='ocrx_word' id='word_1_218' title='bbox 1115 1670 1267 1725; x_wconf 87' lang='lat' dir='ltr'><strong>visus</strong></span> <span class='ocrx_word' id='word_1_219' title='bbox 1312 1669 1749 1736; x_wconf 86' lang='lat' dir='ltr'><strong>restitutionem;</strong></span> <span class='ocrx_word' id='word_1_220' title='bbox 1798 1684 1989 1723; x_wconf 78' lang='lat' dir='ltr'><strong>vocare</strong></span> 
     </span>
    </p>
   </div>
   <div class='ocr_carea' id='block_1_26' title="bbox 2093 1655 3695 1749">
    <p class='ocr_par' dir='ltr' id='par_1_26' title="bbox 2102 1655 3695 1735">
     <span class='ocr_line' id='line_1_26' title="bbox 2102 1655 3695 1735; baseline 0 -17"><span class='ocrx_word' id='word_1_221' title='bbox 2102 1655 2469 1735; x_wconf 65' lang='grc' dir='ltr'>αἰχμαλώτοις</span> <span class='ocrx_word' id='word_1_222' title='bbox 2498 1665 2694 1733; x_wconf 80' lang='grc' dir='ltr'>ἄφεσιν</span> <span class='ocrx_word' id='word_1_223' title='bbox 2722 1666 2817 1718; x_wconf 73' lang='grc' dir='ltr'>καὶ</span> <span class='ocrx_word' id='word_1_224' title='bbox 2856 1663 3076 1734; x_wconf 86' lang='grc' dir='ltr'>τυφλοῖς</span> <span class='ocrx_word' id='word_1_225' title='bbox 3105 1664 3433 1734; x_wconf 79' lang='grc' dir='ltr'>ἀνάϐλεψιν·</span> <span class='ocrx_word' id='word_1_226' title='bbox 3463 1665 3695 1718; x_wconf 78' lang='grc' dir='ltr'>καλέσαι</span> 
     </span>
    </p>
   </div>
   <div class='ocr_carea' id='block_1_27' title="bbox 423 1760 1998 1830">
    <p class='ocr_par' dir='ltr' id='par_1_27' title="bbox 423 1760 1998 1830">
     <span class='ocr_line' id='line_1_27' title="bbox 423 1760 1998 1830; baseline 0 -15"><span class='ocrx_word' id='word_1_227' title='bbox 423 1777 625 1816; x_wconf 74' lang='lat' dir='ltr'><strong>annum</strong></span> <span class='ocrx_word' id='word_1_228' title='bbox 675 1760 889 1816; x_wconf 86' lang='lat' dir='ltr'><strong>Domini</strong></span> <span class='ocrx_word' id='word_1_229' title='bbox 936 1761 1358 1830; x_wconf 76' lang='lat' dir='ltr'><strong>.acceptabilem,</strong></span> <span class='ocrx_word' id='word_1_230' title='bbox 1396 1768 1452 1815; x_wconf 89' lang='lat' dir='ltr'><strong>et</strong></span> <span class='ocrx_word' id='word_1_231' title='bbox 1491 1760 1634 1815; x_wconf 90' lang='lat' dir='ltr'><strong>diem</strong></span> <span class='ocrx_word' id='word_1_232' title='bbox 1679 1760 1998 1815; x_wconf 82' lang='lat' dir='ltr'><strong>retributio-</strong></span> 
     </span>
    </p>
   </div>
   <div class='ocr_carea' id='block_1_28' title="bbox 395 1851 1998 1923">
    <p class='ocr_par' dir='ltr' id='par_1_28' title="bbox 395 1851 1998 1923">
     <span class='ocr_line' id='line_1_28' title="bbox 395 1851 1998 1923; baseline -0.002 -14"><span class='ocrx_word' id='word_1_233' title='bbox 395 1899 404 1909; x_wconf 89' lang='lat'><strong>.</strong></span> <span class='ocrx_word' id='word_1_234' title='bbox 421 1853 509 1909; x_wconf 90' lang='lat' dir='ltr'><strong>nis</strong></span> <span class='ocrx_word' id='word_1_235' title='bbox 522 1855 566 1885; x_wconf 73' lang='grc'><strong>⁸⁸</strong></span> <span class='ocrx_word' id='word_1_236' title='bbox 578 1872 596 1920; x_wconf 84' lang='lat'><strong>;</strong></span> <span class='ocrx_word' id='word_1_237' title='bbox 611 1873 629 1904; x_wconf 75' lang='grc' dir='ltr'><strong>ι</strong></span> <span class='ocrx_word' id='word_1_238' title='bbox 645 1853 770 1923; x_wconf 85' lang='lat' dir='ltr'><strong>jure</strong></span> <span class='ocrx_word' id='word_1_239' title='bbox 787 1853 876 1907; x_wconf 88' lang='lat' dir='ltr'><strong>hic</strong></span> <span class='ocrx_word' id='word_1_240' title='bbox 893 1851 1270 1907; x_wconf 86' lang='lat' dir='ltr'><strong>retributionis</strong></span> <span class='ocrx_word' id='word_1_241' title='bbox 1288 1851 1430 1907; x_wconf 88' lang='lat' dir='ltr'><strong>diem</strong></span> <span class='ocrx_word' id='word_1_242' title='bbox 1452 1851 1676 1907; x_wconf 88' lang='lat' dir='ltr'><strong>indicat.</strong></span> <span class='ocrx_word' id='word_1_243' title='bbox 1697 1851 1793 1907; x_wconf 84' lang='lat' dir='ltr'><strong>Est</strong></span> <span class='ocrx_word' id='word_1_244' title='bbox 1812 1861 1998 1906; x_wconf 80' lang='lat' dir='ltr'><strong>autem</strong></span> 
     </span>
    </p>
   </div>
   <div class='ocr_carea' id='block_1_29' title="bbox 422 1943 1998 2018">
    <p class='ocr_par' dir='ltr' id='par_1_29' title="bbox 422 1943 1998 2018">
     <span class='ocr_line' id='line_1_29' title="bbox 422 1943 1998 2018; baseline -0.001 -21"><span class='ocrx_word' id='word_1_245' title='bbox 422 1943 512 1997; x_wconf 87' lang='lat' dir='ltr'><strong>illa</strong></span> <span class='ocrx_word' id='word_1_246' title='bbox 550 1944 793 2018; x_wconf 73' lang='lat' dir='ltr'><strong>futurum</strong></span> <span class='ocrx_word' id='word_1_247' title='bbox 849 1943 1131 2007; x_wconf 81' lang='lat' dir='ltr'><strong>saeculum,</strong></span> <span class='ocrx_word' id='word_1_248' title='bbox 1160 1943 1309 2012; x_wconf 87' lang='lat' dir='ltr'><strong>quod</strong></span> <span class='ocrx_word' id='word_1_249' title='bbox 1356 1950 1481 2013; x_wconf 89' lang='lat' dir='ltr'><strong>post</strong></span> <span class='ocrx_word' id='word_1_250' title='bbox 1523 1943 1814 2013; x_wconf 66' lang='lat' dir='ltr'><strong>praesentis</strong></span> <span class='ocrx_word' id='word_1_251' title='bbox 1866 1956 1998 1996; x_wconf 90' lang='lat' dir='ltr'><strong>con-</strong></span> 
     </span>
    </p>
   </div>
   <div class='ocr_carea' id='block_1_30' title="bbox 420 2031 1996 2104">
    <p class='ocr_par' dir='ltr' id='par_1_30' title="bbox 420 2031 1996 2104">
     <span class='ocr_line' id='line_1_30' title="bbox 420 2031 1996 2104; baseline -0.003 -11"><span class='ocrx_word' id='word_1_252' title='bbox 420 2040 839 2093; x_wconf 80' lang='lat' dir='ltr'><strong>summationem</strong></span> <span class='ocrx_word' id='word_1_253' title='bbox 863 2035 1061 2088; x_wconf 84' lang='lat' dir='ltr'><strong>veniet.</strong></span> <span class='ocrx_word' id='word_1_254' title='bbox 1093 2031 1250 2087; x_wconf 89' lang='lat' dir='ltr'><strong>Illum</strong></span> <span class='ocrx_word' id='word_1_255' title='bbox 1271 2033 1457 2103; x_wconf 85' lang='lat' dir='ltr'><strong>itaque</strong></span> <span class='ocrx_word' id='word_1_256' title='bbox 1484 2048 1690 2088; x_wconf 89' lang='lat' dir='ltr'><strong>annum</strong></span> <span class='ocrx_word' id='word_1_257' title='bbox 1715 2034 1875 2104; x_wconf 85' lang='lat' dir='ltr'><strong>quasi</strong></span> <span class='ocrx_word' id='word_1_258' title='bbox 1902 2049 1996 2089; x_wconf 85' lang='lat' dir='ltr'><strong>co—</strong></span> 
     </span>
    </p>
   </div>
   <div class='ocr_carea' id='block_1_31' title="bbox 420 2124 1997 2195">
    <p class='ocr_par' dir='ltr' id='par_1_31' title="bbox 420 2124 1997 2195">
     <span class='ocr_line' id='line_1_31' title="bbox 420 2124 1997 2195; baseline 0.001 -18"><span class='ocrx_word' id='word_1_259' title='bbox 420 2139 555 2177; x_wconf 89' lang='lat' dir='ltr'><strong>rona</strong></span> <span class='ocrx_word' id='word_1_260' title='bbox 595 2125 864 2194; x_wconf 89' lang='lat' dir='ltr'><strong>novisque</strong></span> <span class='ocrx_word' id='word_1_261' title='bbox 904 2139 968 2178; x_wconf 90' lang='lat' dir='ltr'><strong>ac</strong></span> <span class='ocrx_word' id='word_1_262' title='bbox 1006 2124 1275 2194; x_wconf 84' lang='lat' dir='ltr'><strong>speciosis</strong></span> <span class='ocrx_word' id='word_1_263' title='bbox 1300 2125 1548 2189; x_wconf 83' lang='lat' dir='ltr'><strong>tioribus,</strong></span> <span class='ocrx_word' id='word_1_264' title='bbox 1585 2126 1760 2195; x_wconf 86' lang='lat' dir='ltr'><strong>quiin</strong></span> <span class='ocrx_word' id='word_1_265' title='bbox 1785 2141 1851 2181; x_wconf 88' lang='lat' dir='ltr'><strong>eo</strong></span> <span class='ocrx_word' id='word_1_266' title='bbox 1875 2141 1997 2180; x_wconf 85' lang='lat' dir='ltr'><strong>ver-</strong></span> 
     </span>
    </p>
   </div>
   <div class='ocr_carea' id='block_1_32' title="bbox 420 2212 1994 2284">
    <p class='ocr_par' dir='ltr' id='par_1_32' title="bbox 420 2212 1994 2284">
     <span class='ocr_line' id='line_1_32' title="bbox 420 2212 1994 2284; baseline -0.001 -13"><span class='ocrx_word' id='word_1_267' title='bbox 420 2212 591 2271; x_wconf 82' lang='lat' dir='ltr'><strong>saturi</strong></span> <span class='ocrx_word' id='word_1_268' title='bbox 638 2220 787 2278; x_wconf 84' lang='lat' dir='ltr'><strong>sunt,</strong></span> <span class='ocrx_word' id='word_1_269' title='bbox 833 2213 1167 2276; x_wconf 86' lang='lat' dir='ltr'><strong>ornandum,</strong></span> <span class='ocrx_word' id='word_1_270' title='bbox 1222 2229 1406 2268; x_wconf 91' lang='lat' dir='ltr'><strong>sermo</strong></span> <span class='ocrx_word' id='word_1_271' title='bbox 1434 2230 1692 2284; x_wconf 68' lang='lat' dir='ltr'><strong>praesens</strong></span> <span class='ocrx_word' id='word_1_272' title='bbox 1728 2217 1994 2283; x_wconf 86' lang='lat' dir='ltr'><strong>vaticina-</strong></span> 
     </span>
    </p>
   </div>
   <div class='ocr_carea' id='block_1_33' title="bbox 419 2294 1994 2375">
    <p class='ocr_par' dir='ltr' id='par_1_33' title="bbox 419 2294 1994 2375">
     <span class='ocr_line' id='line_1_33' title="bbox 419 2294 1994 2375; baseline 0.004 -20"><span class='ocrx_word' id='word_1_273' title='bbox 419 2294 510 2358; x_wconf 56' lang='lat' dir='ltr'><strong>tu&#39;r</strong></span> <span class='ocrx_word' id='word_1_274' title='bbox 554 2301 742 2357; x_wconf 89' lang='lat' dir='ltr'><strong>dicens</strong></span> <span class='ocrx_word' id='word_1_275' title='bbox 777 2317 790 2353; x_wconf 89' lang='lat'><strong>:</strong></span> <span class='ocrx_word' id='word_1_276' title='bbox 833 2320 852 2352; x_wconf 79' lang='grc' dir='ltr'><strong>ι</strong></span> <span class='ocrx_word' id='word_1_277' title='bbox 890 2301 1188 2358; x_wconf 85' lang='lat' dir='ltr'><strong>Benedices</strong></span> <span class='ocrx_word' id='word_1_278' title='bbox 1233 2319 1453 2358; x_wconf 65' lang='lat' dir='ltr'><strong>coronae</strong></span> <span class='ocrx_word' id='word_1_279' title='bbox 1478 2306 1608 2358; x_wconf 88' lang='lat' dir='ltr'><strong>anni</strong></span> <span class='ocrx_word' id='word_1_280' title='bbox 1640 2305 1994 2375; x_wconf 75' lang='lat' dir='ltr'><strong>benignitatis</strong></span> 
     </span>
    </p>
   </div>
   <div class='ocr_carea' id='block_1_34' title="bbox 418 2395 1993 2464">
    <p class='ocr_par' dir='ltr' id='par_1_34' title="bbox 418 2395 1993 2464">
     <span class='ocr_line' id='line_1_34' title="bbox 418 2395 1993 2464; baseline 0.004 -14"><span class='ocrx_word' id='word_1_281' title='bbox 418 2404 546 2457; x_wconf 63' lang='lat' dir='ltr'><strong>tum,</strong></span> <span class='ocrx_word' id='word_1_282' title='bbox 576 2416 596 2448; x_wconf 73' lang='grc' dir='ltr'><strong>ι</strong></span> <span class='ocrx_word' id='word_1_283' title='bbox 618 2395 751 2450; x_wconf 85' lang='lat' dir='ltr'><strong>Nam</strong></span> <span class='ocrx_word' id='word_1_284' title='bbox 784 2396 873 2452; x_wconf 90' lang='lat' dir='ltr'><strong>ille</strong></span> <span class='ocrx_word' id='word_1_285' title='bbox 903 2397 1071 2452; x_wconf 81' lang='lat' dir='ltr'><strong>futuri</strong></span> <span class='ocrx_word' id='word_1_286' title='bbox 1103 2398 1288 2454; x_wconf 68' lang='lat' dir='ltr'><strong>saeculi</strong></span> <span class='ocrx_word' id='word_1_287' title='bbox 1313 2415 1513 2464; x_wconf 79' lang='lat' dir='ltr'><strong>annus,</strong></span> <span class='ocrx_word' id='word_1_288' title='bbox 1550 2415 1675 2455; x_wconf 90' lang='lat' dir='ltr'><strong>cum</strong></span> <span class='ocrx_word' id='word_1_289' title='bbox 1711 2402 1782 2455; x_wconf 85' lang='lat' dir='ltr'><strong>sit</strong></span> <span class='ocrx_word' id='word_1_290' title='bbox 1814 2418 1993 2457; x_wconf 88' lang='lat' dir='ltr'><strong>annus</strong></span> 
     </span>
    </p>
   </div>
   <div class='ocr_carea' id='block_1_35' title="bbox 417 2487 1993 2558">
    <p class='ocr_par' dir='ltr' id='par_1_35' title="bbox 417 2487 1993 2558">
     <span class='ocr_line' id='line_1_35' title="bbox 417 2487 1993 2558; baseline 0.002 -15"><span class='ocrx_word' id='word_1_291' title='bbox 417 2487 768 2558; x_wconf 75' lang='lat' dir='ltr'><strong>benignitatis</strong></span> <span class='ocrx_word' id='word_1_292' title='bbox 802 2488 918 2552; x_wconf 88' lang='lat' dir='ltr'><strong>Dei,</strong></span> <span class='ocrx_word' id='word_1_293' title='bbox 952 2490 1290 2545; x_wconf 80' lang='lat' dir='ltr'><strong>benedictain</strong></span> <span class='ocrx_word' id='word_1_294' title='bbox 1323 2505 1583 2545; x_wconf 85' lang='lat' dir='ltr'><strong>coronam</strong></span> <span class='ocrx_word' id='word_1_295' title='bbox 1628 2492 1869 2556; x_wconf 80' lang='lat' dir='ltr'><strong>habebit,</strong></span> <span class='ocrx_word' id='word_1_296' title='bbox 1907 2501 1993 2546; x_wconf 90' lang='lat' dir='ltr'><strong>to-</strong></span> 
     </span>
    </p>
   </div>
   <div class='ocr_carea' id='block_1_36' title="bbox 417 2581 1991 2649">
    <p class='ocr_par' dir='ltr' id='par_1_36' title="bbox 417 2581 1991 2649">
     <span class='ocr_line' id='line_1_36' title="bbox 417 2581 1991 2649; baseline 0.004 -18"><span class='ocrx_word' id='word_1_297' title='bbox 417 2585 530 2632; x_wconf 89' lang='lat' dir='ltr'><strong>tum</strong></span> <span class='ocrx_word' id='word_1_298' title='bbox 551 2594 744 2649; x_wconf 86' lang='lat' dir='ltr'><strong>nempe</strong></span> <span class='ocrx_word' id='word_1_299' title='bbox 761 2591 1075 2635; x_wconf 85' lang='lat' dir='ltr'><strong>sanctorum</strong></span> <span class='ocrx_word' id='word_1_300' title='bbox 1102 2583 1352 2635; x_wconf 87' lang='lat' dir='ltr'><strong>chorum.</strong></span> <span class='ocrx_word' id='word_1_301' title='bbox 1379 2581 1553 2647; x_wconf 84' lang='lat' dir='ltr'><strong>Quam</strong></span> <span class='ocrx_word' id='word_1_302' title='bbox 1579 2598 1842 2637; x_wconf 86' lang='lat' dir='ltr'><strong>coronam</strong></span> <span class='ocrx_word' id='word_1_303' title='bbox 1866 2598 1991 2638; x_wconf 87' lang='lat' dir='ltr'><strong>cum</strong></span> 
     </span>
    </p>
   </div>
   <div class='ocr_carea' id='block_1_37' title="bbox 416 2669 1993 2740">
    <p class='ocr_par' dir='ltr' id='par_1_37' title="bbox 416 2669 1993 2740">
     <span class='ocr_line' id='line_1_37' title="bbox 416 2669 1993 2740; baseline 0 -16"><span class='ocrx_word' id='word_1_304' title='bbox 416 2669 774 2732; x_wconf 77' lang='lat' dir='ltr'><strong>benedixerit,</strong></span> <span class='ocrx_word' id='word_1_305' title='bbox 810 2671 1049 2740; x_wconf 90' lang='lat' dir='ltr'><strong>imponet</strong></span> <span class='ocrx_word' id='word_1_306' title='bbox 1071 2672 1172 2726; x_wconf 87' lang='lat' dir='ltr'><strong>sibi</strong></span> <span class='ocrx_word' id='word_1_307' title='bbox 1205 2671 1460 2726; x_wconf 85' lang='lat' dir='ltr'><strong>Christus</strong></span> <span class='ocrx_word' id='word_1_308' title='bbox 1484 2670 1601 2731; x_wconf 87' lang='lat' dir='ltr'><strong>Dei.</strong></span> <span class='ocrx_word' id='word_1_309' title='bbox 1625 2688 1814 2739; x_wconf 82' lang='lat' dir='ltr'><strong>eorum</strong></span> <span class='ocrx_word' id='word_1_310' title='bbox 1845 2674 1993 2740; x_wconf 77' lang='lat' dir='ltr'><strong>agri-</strong></span> 
     </span>
    </p>
   </div>
   <div class='ocr_carea' id='block_1_38' title="bbox 415 2744 1991 2833">
    <p class='ocr_par' dir='ltr' id='par_1_38' title="bbox 415 2744 1991 2833">
     <span class='ocr_line' id='line_1_38' title="bbox 415 2744 1991 2833; baseline -0.001 -17"><span class='ocrx_word' id='word_1_311' title='bbox 415 2744 645 2816; x_wconf 65' lang='lat' dir='ltr'><strong>culturae</strong></span> <span class='ocrx_word' id='word_1_312' title='bbox 673 2760 902 2818; x_wconf 81' lang='lat' dir='ltr'><strong>ﬂoribus</strong></span> <span class='ocrx_word' id='word_1_313' title='bbox 935 2763 1248 2817; x_wconf 69' lang='lat' dir='ltr'><strong>decoratus.</strong></span> <span class='ocrx_word' id='word_1_314' title='bbox 1292 2760 1398 2818; x_wconf 83' lang='lat' dir='ltr'><strong>Sed</strong></span> <span class='ocrx_word' id='word_1_315' title='bbox 1432 2763 1599 2820; x_wconf 83' lang='lat' dir='ltr'><strong>etiam</strong></span> <span class='ocrx_word' id='word_1_316' title='bbox 1633 2764 1751 2833; x_wconf 89' lang='lat' dir='ltr'><strong>ipse</strong></span> <span class='ocrx_word' id='word_1_317' title='bbox 1772 2778 1991 2818; x_wconf 86' lang='lat' dir='ltr'><strong>eorum-</strong></span> 
     </span>
    </p>
   </div>
   <div class='ocr_carea' id='block_1_39' title="bbox 413 2852 1984 2923">
    <p class='ocr_par' dir='ltr' id='par_1_39' title="bbox 413 2852 1984 2923">
     <span class='ocr_line' id='line_1_39' title="bbox 413 2852 1984 2923; baseline 0.001 -15"><span class='ocrx_word' id='word_1_318' title='bbox 413 2852 536 2908; x_wconf 89' lang='lat' dir='ltr'><strong>dem</strong></span> <span class='ocrx_word' id='word_1_319' title='bbox 565 2866 769 2906; x_wconf 92' lang='lat' dir='ltr'><strong>corona</strong></span> <span class='ocrx_word' id='word_1_320' title='bbox 792 2852 897 2906; x_wconf 86' lang='lat' dir='ltr'><strong>erit</strong></span> <span class='ocrx_word' id='word_1_321' title='bbox 944 2852 1247 2909; x_wconf 87' lang='lat' dir='ltr'><strong>secundum</strong></span> <span class='ocrx_word' id='word_1_322' title='bbox 1289 2852 1488 2923; x_wconf 82' lang='lat' dir='ltr'><strong>Isaiam</strong></span> <span class='ocrx_word' id='word_1_323' title='bbox 1519 2852 1599 2908; x_wconf 89' lang='lat' dir='ltr'><strong>sic</strong></span> <span class='ocrx_word' id='word_1_324' title='bbox 1636 2853 1944 2921; x_wconf 82' lang='lat' dir='ltr'><strong>loquentem</strong></span> <span class='ocrx_word' id='word_1_325' title='bbox 1972 2871 1984 2910; x_wconf 84' lang='lat'><strong>:</strong></span> 
     </span>
    </p>
   </div>
   <div class='ocr_carea' id='block_1_40' title="bbox 420 2937 1989 3009">
    <p class='ocr_par' dir='ltr' id='par_1_40' title="bbox 420 2937 1989 3009">
     <span class='ocr_line' id='line_1_40' title="bbox 420 2937 1989 3009; baseline 0.002 -19"><span class='ocrx_word' id='word_1_326' title='bbox 420 2955 440 2990; x_wconf 80' lang='grc' dir='ltr'><strong>ι</strong></span> <span class='ocrx_word' id='word_1_327' title='bbox 481 2937 548 2994; x_wconf 84' lang='lat' dir='ltr'><strong>Et</strong></span> <span class='ocrx_word' id='word_1_328' title='bbox 576 2940 681 2994; x_wconf 88' lang='lat' dir='ltr'><strong>erit</strong></span> <span class='ocrx_word' id='word_1_329' title='bbox 712 2937 978 2994; x_wconf 86' lang='lat' dir='ltr'><strong>Dominus</strong></span> <span class='ocrx_word' id='word_1_330' title='bbox 1033 2939 1272 2992; x_wconf 88' lang='lat' dir='ltr'><strong>Sabaoth</strong></span> <span class='ocrx_word' id='word_1_331' title='bbox 1321 2952 1528 2993; x_wconf 88' lang='lat' dir='ltr'><strong>corona</strong></span> <span class='ocrx_word' id='word_1_332' title='bbox 1568 2939 1774 3009; x_wconf 67' lang='lat' dir='ltr'><strong>gloriae.</strong></span> <span class='ocrx_word' id='word_1_333' title='bbox 1833 2937 1989 2993; x_wconf 84' lang='lat' dir='ltr'><strong>Tunc</strong></span> 
     </span>
    </p>
   </div>
   <div class='ocr_carea' id='block_1_41' title="bbox 2100 1755 3691 1827">
    <p class='ocr_par' dir='ltr' id='par_1_41' title="bbox 2100 1755 3691 1827">
     <span class='ocr_line' id='line_1_41' title="bbox 2100 1755 3691 1827; baseline -0.001 -19"><span class='ocrx_word' id='word_1_334' title='bbox 2100 1755 2342 1810; x_wconf 74' lang='grc' dir='ltr'>ἐνιαυτὸν</span> <span class='ocrx_word' id='word_1_335' title='bbox 2364 1755 2573 1827; x_wconf 81' lang='grc' dir='ltr'>Κυρίου</span> <span class='ocrx_word' id='word_1_336' title='bbox 2592 1755 2799 1820; x_wconf 86' lang='grc' dir='ltr'>δεκτδν,</span> <span class='ocrx_word' id='word_1_337' title='bbox 2834 1757 2927 1809; x_wconf 82' lang='grc' dir='ltr'>καὶ</span> <span class='ocrx_word' id='word_1_338' title='bbox 2952 1757 3170 1827; x_wconf 82' lang='grc' dir='ltr'>ἡμέραν</span> <span class='ocrx_word' id='word_1_339' title='bbox 3192 1756 3609 1820; x_wconf 81' lang='grc' dir='ltr'>ἀνταποδόσεως</span> <span class='ocrx_word' id='word_1_340' title='bbox 3627 1774 3641 1786; x_wconf 95' lang='grc'><strong>·</strong></span> <span class='ocrx_word' id='word_1_341' title='bbox 3671 1777 3691 1807; x_wconf 76' lang='grc' dir='ltr'><strong>ι</strong></span> 
     </span>
    </p>
   </div>
   <div class='ocr_carea' id='block_1_42' title="bbox 2098 1848 3699 1921">
    <p class='ocr_par' dir='ltr' id='par_1_42' title="bbox 2098 1848 3699 1921">
     <span class='ocr_line' id='line_1_42' title="bbox 2098 1848 3699 1921; baseline 0.002 -20"><span class='ocrx_word' id='word_1_342' title='bbox 2098 1849 2323 1913; x_wconf 80' lang='grc' dir='ltr'>εἰκότως</span> <span class='ocrx_word' id='word_1_343' title='bbox 2361 1849 2454 1902; x_wconf 80' lang='grc' dir='ltr'>καὶ</span> <span class='ocrx_word' id='word_1_344' title='bbox 2482 1848 2715 1905; x_wconf 78' lang='grc' dir='ltr'>ἐνταῦθα</span> <span class='ocrx_word' id='word_1_345' title='bbox 2740 1849 2837 1920; x_wconf 80' lang='grc' dir='ltr'>τὴν</span> <span class='ocrx_word' id='word_1_346' title='bbox 2862 1849 3075 1921; x_wconf 79' lang='grc' dir='ltr'>ἡμέραν</span> <span class='ocrx_word' id='word_1_347' title='bbox 3104 1849 3361 1920; x_wconf 84' lang='grc' dir='ltr'>σημαίνει</span> <span class='ocrx_word' id='word_1_348' title='bbox 3403 1848 3505 1920; x_wconf 80' lang='grc' dir='ltr'>τῆς</span> <span class='ocrx_word' id='word_1_349' title='bbox 3532 1850 3699 1905; x_wconf 80' lang='grc' dir='ltr'>ἀντα-</span> 
     </span>
    </p>
   </div>
   <div class='ocr_carea' id='block_1_43' title="bbox 2099 1939 3697 2016">
    <p class='ocr_par' dir='ltr' id='par_1_43' title="bbox 2099 1939 3697 2016">
     <span class='ocr_line' id='line_1_43' title="bbox 2099 1939 3697 2016; baseline 0 -22"><span class='ocrx_word' id='word_1_350' title='bbox 2099 1941 2389 2004; x_wconf 86' lang='grc' dir='ltr'>ποδόσεως.</span> <span class='ocrx_word' id='word_1_351' title='bbox 2415 1941 2572 1994; x_wconf 86' lang='grc' dir='ltr'>Ἔστι</span> <span class='ocrx_word' id='word_1_352' title='bbox 2597 1941 2653 1994; x_wconf 87' lang='grc' dir='ltr'>δὲ</span> <span class='ocrx_word' id='word_1_353' title='bbox 2679 1940 2817 2013; x_wconf 82' lang='grc' dir='ltr'>αῦτη</span> <span class='ocrx_word' id='word_1_354' title='bbox 2840 1944 2869 1994; x_wconf 98' lang='lat'><strong>6</strong></span> <span class='ocrx_word' id='word_1_355' title='bbox 2892 1941 3101 2016; x_wconf 76' lang='grc' dir='ltr'>μέλλων</span> <span class='ocrx_word' id='word_1_356' title='bbox 3134 1940 3531 2011; x_wconf 75' lang='grc' dir='ltr'>ἐπιστήσεσθαι</span> <span class='ocrx_word' id='word_1_357' title='bbox 3562 1939 3697 1994; x_wconf 83' lang='grc' dir='ltr'>αἰὼν</span> 
     </span>
    </p>
   </div>
   <div class='ocr_carea' id='block_1_44' title="bbox 2100 2024 3696 2103">
    <p class='ocr_par' dir='ltr' id='par_1_44' title="bbox 2100 2024 3696 2103">
     <span class='ocr_line' id='line_1_44' title="bbox 2100 2024 3696 2103; baseline -0.001 -19"><span class='ocrx_word' id='word_1_358' title='bbox 2100 2024 2239 2101; x_wconf 73' lang='grc' dir='ltr'>μετὰ</span> <span class='ocrx_word' id='word_1_359' title='bbox 2274 2032 2374 2103; x_wconf 79' lang='grc' dir='ltr'><strong>τὴν</strong></span> <span class='ocrx_word' id='word_1_360' title='bbox 2411 2030 2510 2085; x_wconf 86' lang='grc' dir='ltr'><strong>τοῦ</strong></span> <span class='ocrx_word' id='word_1_361' title='bbox 2547 2030 2842 2099; x_wconf 78' lang='grc' dir='ltr'>ἐνεστῶτος</span> <span class='ocrx_word' id='word_1_362' title='bbox 2886 2031 3214 2085; x_wconf 80' lang='grc' dir='ltr'>συντέλειαν.</span> <span class='ocrx_word' id='word_1_363' title='bbox 3253 2031 3489 2085; x_wconf 82' lang='grc' dir='ltr'>Ἐκεῖνον</span> <span class='ocrx_word' id='word_1_364' title='bbox 3514 2031 3696 2084; x_wconf 79' lang='grc' dir='ltr'>τοίνυν</span> 
     </span>
    </p>
   </div>
   <div class='ocr_carea' id='block_1_45' title="bbox 2094 2121 3696 2194">
    <p class='ocr_par' dir='ltr' id='par_1_45' title="bbox 2094 2121 3696 2194">
     <span class='ocr_line' id='line_1_45' title="bbox 2094 2121 3696 2194; baseline 0 -18"><span class='ocrx_word' id='word_1_365' title='bbox 2094 2124 2187 2177; x_wconf 82' lang='grc' dir='ltr'>τὸν</span> <span class='ocrx_word' id='word_1_366' title='bbox 2219 2124 2463 2178; x_wconf 78' lang='grc' dir='ltr'>ἐνιαυτὸν</span> <span class='ocrx_word' id='word_1_367' title='bbox 2487 2123 2675 2194; x_wconf 82' lang='grc' dir='ltr'>ὥσπερ</span> <span class='ocrx_word' id='word_1_368' title='bbox 2707 2121 2957 2194; x_wconf 85' lang='grc' dir='ltr'>στεφάνῳ</span> <span class='ocrx_word' id='word_1_369' title='bbox 2995 2123 3442 2194; x_wconf 81' lang='grc' dir='ltr'>κοσμηθήσεσθαι</span> <span class='ocrx_word' id='word_1_370' title='bbox 3464 2121 3556 2177; x_wconf 80' lang='grc' dir='ltr'>διὰ</span> <span class='ocrx_word' id='word_1_371' title='bbox 3583 2123 3696 2176; x_wconf 86' lang='grc' dir='ltr'><strong>τῶν</strong></span> 
     </span>
    </p>
   </div>
   <div class='ocr_carea' id='block_1_46' title="bbox 2095 2212 3696 2285">
    <p class='ocr_par' dir='ltr' id='par_1_46' title="bbox 2095 2212 3696 2285">
     <span class='ocr_line' id='line_1_46' title="bbox 2095 2212 3696 2285; baseline 0.001 -20"><span class='ocrx_word' id='word_1_372' title='bbox 2095 2213 2304 2282; x_wconf 83' lang='grc' dir='ltr'>νεαρῶν</span> <span class='ocrx_word' id='word_1_373' title='bbox 2337 2215 2431 2266; x_wconf 76' lang='grc' dir='ltr'>καὶ</span> <span class='ocrx_word' id='word_1_374' title='bbox 2474 2213 2693 2285; x_wconf 85' lang='grc' dir='ltr'>ὡραίων</span> <span class='ocrx_word' id='word_1_375' title='bbox 2741 2212 2920 2285; x_wconf 76' lang='grc' dir='ltr'>ἀνθῶν</span> <span class='ocrx_word' id='word_1_376' title='bbox 2952 2213 3060 2266; x_wconf 80' lang='grc' dir='ltr'>τῶν</span> <span class='ocrx_word' id='word_1_377' title='bbox 3096 2213 3397 2283; x_wconf 85' lang='grc' dir='ltr'>μελλόντων</span> <span class='ocrx_word' id='word_1_378' title='bbox 3440 2214 3498 2266; x_wconf 69' lang='grc' dir='ltr'>ἐν</span> <span class='ocrx_word' id='word_1_379' title='bbox 3540 2212 3696 2284; x_wconf 80' lang='grc' dir='ltr'>αὐτῷ</span> 
     </span>
    </p>
   </div>
   <div class='ocr_carea' id='block_1_47' title="bbox 2096 2284 3691 2387">
    <p class='ocr_par' dir='ltr' id='par_1_47' title="bbox 2096 2284 3691 2387">
     <span class='ocr_line' id='line_1_47' title="bbox 2096 2284 3691 2387; baseline 0.001 -30"><span class='ocrx_word' id='word_1_380' title='bbox 2096 2303 2513 2381; x_wconf 76' lang='grc' dir='ltr'>πολιτεύεσθαι,</span> <span class='ocrx_word' id='word_1_381' title='bbox 2570 2303 2631 2355; x_wconf 82' lang='grc' dir='ltr'>τὸ</span> <span class='ocrx_word' id='word_1_382' title='bbox 2685 2284 2881 2387; x_wconf 63' lang='grc' dir='ltr'><strong>παρόν⁵</strong></span> <span class='ocrx_word' id='word_1_383' title='bbox 2910 2302 3156 2367; x_wconf 76' lang='grc' dir='ltr'>θεσπίζει</span> <span class='ocrx_word' id='word_1_384' title='bbox 3211 2304 3391 2373; x_wconf 87' lang='grc' dir='ltr'>λόγιον</span> <span class='ocrx_word' id='word_1_385' title='bbox 3447 2305 3691 2372; x_wconf 79' lang='grc' dir='ltr'>φάσκον·</span> 
     </span>
    </p>
   </div>
   <div class='ocr_carea' id='block_1_48' title="bbox 2101 2392 3696 2465">
    <p class='ocr_par' dir='ltr' id='par_1_48' title="bbox 2101 2392 3696 2465">
     <span class='ocr_line' id='line_1_48' title="bbox 2101 2392 3696 2465; baseline 0.003 -21"><span class='ocrx_word' id='word_1_386' title='bbox 2101 2412 2118 2444; x_wconf 84' lang='grc' dir='ltr'><strong>ι</strong></span> <span class='ocrx_word' id='word_1_387' title='bbox 2160 2392 2487 2463; x_wconf 80' lang='grc' dir='ltr'>Εὐλογήσεις</span> <span class='ocrx_word' id='word_1_388' title='bbox 2515 2393 2605 2447; x_wconf 85' lang='grc' dir='ltr'>τὸν</span> <span class='ocrx_word' id='word_1_389' title='bbox 2636 2394 2898 2464; x_wconf 79' lang='grc' dir='ltr'>στέφανον</span> <span class='ocrx_word' id='word_1_390' title='bbox 2934 2394 3029 2446; x_wconf 87' lang='grc' dir='ltr'><strong>τοῦ</strong></span> <span class='ocrx_word' id='word_1_391' title='bbox 3061 2393 3307 2448; x_wconf 70' lang='grc' dir='ltr'>ἐνιαυτοῦ</span> <span class='ocrx_word' id='word_1_392' title='bbox 3330 2395 3430 2465; x_wconf 84' lang='grc' dir='ltr'>τῆς</span> <span class='ocrx_word' id='word_1_393' title='bbox 3455 2395 3696 2465; x_wconf 73' lang='grc' dir='ltr'>χρηστό-</span> 
     </span>
    </p>
   </div>
   <div class='ocr_carea' id='block_1_49' title="bbox 2093 2476 3696 2559">
    <p class='ocr_par' dir='ltr' id='par_1_49' title="bbox 2093 2476 3696 2559">
     <span class='ocr_line' id='line_1_49' title="bbox 2093 2476 3696 2559; baseline 0.002 -20"><span class='ocrx_word' id='word_1_394' title='bbox 2093 2486 2254 2557; x_wconf 88' lang='grc' dir='ltr'>τητὸς</span> <span class='ocrx_word' id='word_1_395' title='bbox 2294 2503 2409 2540; x_wconf 91' lang='grc' dir='ltr'>σου.</span> <span class='ocrx_word' id='word_1_396' title='bbox 2454 2506 2472 2537; x_wconf 78' lang='grc' dir='ltr'><strong>ι</strong></span> <span class='ocrx_word' id='word_1_397' title='bbox 2520 2487 2577 2540; x_wconf 90' lang='grc'><strong>’0</strong></span> <span class='ocrx_word' id='word_1_398' title='bbox 2609 2487 2718 2559; x_wconf 80' lang='grc' dir='ltr'>γὰρ</span> <span class='ocrx_word' id='word_1_399' title='bbox 2752 2486 2998 2550; x_wconf 76' lang='grc' dir='ltr'>ἐνιαυτὸς</span> <span class='ocrx_word' id='word_1_400' title='bbox 3041 2476 3247 2550; x_wconf 77' lang='grc' dir='ltr'>ἐκεῖνος</span> <span class='ocrx_word' id='word_1_401' title='bbox 3281 2489 3310 2539; x_wconf 91' lang='lat'><strong>6</strong></span> <span class='ocrx_word' id='word_1_402' title='bbox 3341 2487 3435 2540; x_wconf 85' lang='grc' dir='ltr'><strong>τοῦ</strong></span> <span class='ocrx_word' id='word_1_403' title='bbox 3467 2486 3696 2557; x_wconf 80' lang='grc' dir='ltr'>μέλλον-</span> 
     </span>
    </p>
   </div>
   <div class='ocr_carea' id='block_1_50' title="bbox 2091 2572 3693 2649">
    <p class='ocr_par' dir='ltr' id='par_1_50' title="bbox 2091 2572 3693 2649">
     <span class='ocr_line' id='line_1_50' title="bbox 2091 2572 3693 2649; baseline 0.006 -28"><span class='ocrx_word' id='word_1_404' title='bbox 2091 2593 2187 2641; x_wconf 82' lang='grc' dir='ltr'>τος-</span> <span class='ocrx_word' id='word_1_405' title='bbox 2207 2577 2422 2640; x_wconf 67' lang='grc' dir='ltr'>αἰῶνος,</span> <span class='ocrx_word' id='word_1_406' title='bbox 2456 2578 2823 2649; x_wconf 83' lang='grc' dir='ltr'>χρηστότητος</span> <span class='ocrx_word' id='word_1_407' title='bbox 2853 2577 2930 2631; x_wconf 84' lang='grc' dir='ltr'>ὢν</span> <span class='ocrx_word' id='word_1_408' title='bbox 2962 2572 3119 2641; x_wconf 77' lang='grc' dir='ltr'>Θεοῦ,</span> <span class='ocrx_word' id='word_1_409' title='bbox 3155 2578 3416 2648; x_wconf 79' lang='grc' dir='ltr'>στέφανον</span> <span class='ocrx_word' id='word_1_410' title='bbox 3450 2576 3564 2642; x_wconf 77' lang='grc' dir='ltr'>ἕξει</span> <span class='ocrx_word' id='word_1_411' title='bbox 3590 2580 3693 2646; x_wconf 64' lang='lat' dir='ltr'><strong>rp)-</strong></span> 
     </span>
    </p>
   </div>
   <div class='ocr_carea' id='block_1_51' title="bbox 2091 2666 3691 2744">
    <p class='ocr_par' dir='ltr' id='par_1_51' title="bbox 2091 2666 3691 2744">
     <span class='ocr_line' id='line_1_51' title="bbox 2091 2666 3691 2744; baseline 0.003 -26"><span class='ocrx_word' id='word_1_412' title='bbox 2091 2666 2389 2737; x_wconf 84' lang='grc' dir='ltr'>λογημένον</span> <span class='ocrx_word' id='word_1_413' title='bbox 2410 2707 2426 2731; x_wconf 91' lang='grc'><strong>,</strong></span> <span class='ocrx_word' id='word_1_414' title='bbox 2483 2666 2774 2744; x_wconf 82' lang='grc' dir='ltr'>σύμπαντα</span> <span class='ocrx_word' id='word_1_415' title='bbox 2839 2668 2997 2740; x_wconf 86' lang='grc' dir='ltr'>χορὸν</span> <span class='ocrx_word' id='word_1_416' title='bbox 3045 2668 3154 2723; x_wconf 73' lang='grc' dir='ltr'>τῶν</span> <span class='ocrx_word' id='word_1_417' title='bbox 3216 2668 3406 2737; x_wconf 82' lang='grc' dir='ltr'>ἁγίων.</span> <span class='ocrx_word' id='word_1_418' title='bbox 3465 2670 3691 2723; x_wconf 86' lang='grc' dir='ltr'>Ὄντινα</span> 
     </span>
    </p>
   </div>
   <div class='ocr_carea' id='block_1_52' title="bbox 2094 2758 3691 2831">
    <p class='ocr_par' dir='ltr' id='par_1_52' title="bbox 2094 2758 3691 2831">
     <span class='ocr_line' id='line_1_52' title="bbox 2094 2758 3691 2831; baseline 0.004 -22"><span class='ocrx_word' id='word_1_419' title='bbox 2094 2758 2383 2827; x_wconf 84' lang='grc' dir='ltr'>στέφανον,</span> <span class='ocrx_word' id='word_1_420' title='bbox 2435 2758 2767 2829; x_wconf 74' lang='grc' dir='ltr'>εὐλογήσας,</span> <span class='ocrx_word' id='word_1_421' title='bbox 2814 2758 3172 2830; x_wconf 86' lang='grc' dir='ltr'>περιθήσεται</span> <span class='ocrx_word' id='word_1_422' title='bbox 3223 2763 3252 2814; x_wconf 94' lang='lat'><strong>6</strong></span> <span class='ocrx_word' id='word_1_423' title='bbox 3305 2762 3546 2831; x_wconf 76' lang='grc' dir='ltr'>Χριστὸς</span> <span class='ocrx_word' id='word_1_424' title='bbox 3590 2760 3691 2815; x_wconf 82' lang='grc' dir='ltr'><strong>τοῦ</strong></span> 
     </span>
    </p>
   </div>
   <div class='ocr_carea' id='block_1_53' title="bbox 2084 2832 3689 2922">
    <p class='ocr_par' dir='ltr' id='par_1_53' title="bbox 2084 2832 3689 2922">
     <span class='ocr_line' id='line_1_53' title="bbox 2084 2832 3689 2922; baseline 0.004 -24"><span class='ocrx_word' id='word_1_425' title='bbox 2084 2832 2248 2907; x_wconf 65' lang='grc' dir='ltr'>Θεοῦ,</span> <span class='ocrx_word' id='word_1_426' title='bbox 2273 2850 2384 2912; x_wconf 86' lang='grc' dir='ltr'>τοῖς</span> <span class='ocrx_word' id='word_1_427' title='bbox 2408 2847 2506 2917; x_wconf 83' lang='grc' dir='ltr'>τῆς</span> <span class='ocrx_word' id='word_1_428' title='bbox 2532 2847 2712 2900; x_wconf 83' lang='grc' dir='ltr'>αὐτῶν</span> <span class='ocrx_word' id='word_1_429' title='bbox 2732 2847 3006 2919; x_wconf 83' lang='grc' dir='ltr'>γεωργίας</span> <span class='ocrx_word' id='word_1_430' title='bbox 3034 2849 3250 2903; x_wconf 81' lang='grc' dir='ltr'>ἄνθεσιν</span> <span class='ocrx_word' id='word_1_431' title='bbox 3289 2850 3689 2922; x_wconf 80' lang='grc' dir='ltr'>ὡραῖζόμενος.</span> 
     </span>
    </p>
   </div>
   <div class='ocr_carea' id='block_1_54' title="bbox 2103 2924 3692 3011">
    <p class='ocr_par' dir='ltr' id='par_1_54' title="bbox 2103 2924 3692 3011">
     <span class='ocr_line' id='line_1_54' title="bbox 2103 2924 3692 3011; baseline 0.006 -24"><span class='ocrx_word' id='word_1_432' title='bbox 2103 2936 2263 2989; x_wconf 76' lang='grc' dir='ltr'>Ἀλλὰ</span> <span class='ocrx_word' id='word_1_433' title='bbox 2285 2924 2379 2990; x_wconf 57' lang='grc' dir='ltr'>καὶ</span> <span class='ocrx_word' id='word_1_434' title='bbox 2401 2937 2563 3001; x_wconf 76' lang='grc' dir='ltr'>αὐτὸς</span> <span class='ocrx_word' id='word_1_435' title='bbox 2598 2936 2779 2990; x_wconf 82' lang='grc' dir='ltr'>αὐτῶν</span> <span class='ocrx_word' id='word_1_436' title='bbox 2801 2939 3091 3011; x_wconf 84' lang='grc' dir='ltr'>γενήσεται</span> <span class='ocrx_word' id='word_1_437' title='bbox 3128 2940 3392 3009; x_wconf 82' lang='grc' dir='ltr'>στέφανος</span> <span class='ocrx_word' id='word_1_438' title='bbox 3423 2942 3570 2996; x_wconf 82' lang='grc' dir='ltr'>κατὰ</span> <span class='ocrx_word' id='word_1_439' title='bbox 3594 2942 3692 2996; x_wconf 72' lang='grc' dir='ltr'>τὸν</span> 
     </span>
    </p>
   </div>
   <div class='ocr_carea' id='block_1_55' title="bbox 414 3027 1989 3103">
    <p class='ocr_par' dir='ltr' id='par_1_55' title="bbox 414 3027 1985 3103">
     <span class='ocr_line' id='line_1_55' title="bbox 414 3027 1985 3103; baseline 0 -21"><span class='ocrx_word' id='word_1_440' title='bbox 414 3029 595 3101; x_wconf 84' lang='lat' dir='ltr'><strong>campi</strong></span> <span class='ocrx_word' id='word_1_441' title='bbox 626 3028 719 3083; x_wconf 86' lang='lat' dir='ltr'><strong>Dei</strong></span> <span class='ocrx_word' id='word_1_442' title='bbox 757 3029 1117 3103; x_wconf 76' lang='lat' dir='ltr'><strong>rapiebantur</strong></span> <span class='ocrx_word' id='word_1_443' title='bbox 1140 3028 1412 3092; x_wconf 89' lang='lat' dir='ltr'><strong>ubertate,</strong></span> <span class='ocrx_word' id='word_1_444' title='bbox 1446 3037 1503 3084; x_wconf 86' lang='lat' dir='ltr'><strong>et</strong></span> <span class='ocrx_word' id='word_1_445' title='bbox 1539 3036 1754 3085; x_wconf 88' lang='lat' dir='ltr'><strong>montes</strong></span> <span class='ocrx_word' id='word_1_446' title='bbox 1784 3027 1985 3103; x_wconf 82' lang='lat' dir='ltr'><strong>deserti</strong></span> 
     </span>
    </p>
   </div>
   <div class='ocr_carea' id='block_1_56' title="bbox 2093 3027 3694 3103">
    <p class='ocr_par' dir='ltr' id='par_1_56' title="bbox 2103 3027 3694 3100">
     <span class='ocr_line' id='line_1_56' title="bbox 2103 3027 3694 3100; baseline 0.005 -21"><span class='ocrx_word' id='word_1_447' title='bbox 2103 3027 2329 3079; x_wconf 76' lang='grc' dir='ltr'>Ἡσαΐαν</span> <span class='ocrx_word' id='word_1_448' title='bbox 2353 3029 2629 3097; x_wconf 77' lang='grc' dir='ltr'>φήσαντα·</span> <span class='ocrx_word' id='word_1_449' title='bbox 2656 3047 2673 3078; x_wconf 82' lang='grc' dir='ltr'><strong>ι</strong></span> <span class='ocrx_word' id='word_1_450' title='bbox 2697 3029 2807 3081; x_wconf 71' lang='grc' dir='ltr'><strong>Καὶ</strong></span> <span class='ocrx_word' id='word_1_451' title='bbox 2841 3028 2990 3083; x_wconf 75' lang='grc' dir='ltr'>ἔσται</span> <span class='ocrx_word' id='word_1_452' title='bbox 3022 3028 3225 3100; x_wconf 77' lang='grc' dir='ltr'>Κύριος</span> <span class='ocrx_word' id='word_1_453' title='bbox 3253 3031 3483 3085; x_wconf 88' lang='grc' dir='ltr'>Σαϐαὼθ</span> <span class='ocrx_word' id='word_1_454' title='bbox 3508 3034 3539 3086; x_wconf 91' lang='lat'><strong>6</strong></span> <span class='ocrx_word' id='word_1_455' title='bbox 3570 3033 3694 3086; x_wconf 78' lang='grc' dir='ltr'>στέ-</span> 
     </span>
    </p>
   </div>
   <div class='ocr_carea' id='block_1_57' title="bbox 309 3112 1986 3192">
    <p class='ocr_par' dir='ltr' id='par_1_57' title="bbox 309 3112 1986 3192">
     <span class='ocr_line' id='line_1_57' title="bbox 309 3112 1986 3192; baseline 0.002 -19"><span class='ocrx_word' id='word_1_456' title='bbox 309 3112 323 3124; x_wconf 84' lang='grc'><strong>’</strong></span> <span class='ocrx_word' id='word_1_457' title='bbox 414 3126 545 3173; x_wconf 71' lang='lat' dir='ltr'><strong>time</strong></span> <span class='ocrx_word' id='word_1_458' title='bbox 578 3119 932 3192; x_wconf 80' lang='lat' dir='ltr'><strong>pinguescent</strong></span> <span class='ocrx_word' id='word_1_459' title='bbox 956 3119 1024 3173; x_wconf 65' lang='grc' dir='ltr'><strong>δι.</strong></span> <span class='ocrx_word' id='word_1_460' title='bbox 1067 3138 1086 3170; x_wconf 79' lang='grc' dir='ltr'><strong>ι</strong></span> <span class='ocrx_word' id='word_1_461' title='bbox 1119 3119 1202 3174; x_wconf 84' lang='lat' dir='ltr'><strong>Ad</strong></span> <span class='ocrx_word' id='word_1_462' title='bbox 1242 3118 1356 3173; x_wconf 72' lang='lat' dir='ltr'><strong>haec</strong></span> <span class='ocrx_word' id='word_1_463' title='bbox 1400 3121 1565 3176; x_wconf 85' lang='lat' dir='ltr'><strong>etiam</strong></span> <span class='ocrx_word' id='word_1_464' title='bbox 1600 3128 1731 3175; x_wconf 90' lang='lat' dir='ltr'><strong>tunc</strong></span> <span class='ocrx_word' id='word_1_465' title='bbox 1762 3138 1781 3171; x_wconf 82' lang='grc' dir='ltr'><strong>ι</strong></span> <span class='ocrx_word' id='word_1_466' title='bbox 1817 3121 1986 3176; x_wconf 86' lang='lat' dir='ltr'><strong>colles</strong></span> 
     </span>
    </p>
   </div>
   <div class='ocr_carea' id='block_1_58' title="bbox 412 3208 1986 3279">
    <p class='ocr_par' dir='ltr' id='par_1_58' title="bbox 412 3208 1986 3279">
     <span class='ocr_line' id='line_1_58' title="bbox 412 3208 1986 3279; baseline 0.003 -18"><span class='ocrx_word' id='word_1_467' title='bbox 412 3208 774 3266; x_wconf 72' lang='lat' dir='ltr'><strong>exsultatione</strong></span> <span class='ocrx_word' id='word_1_468' title='bbox 791 3209 1164 3279; x_wconf 84' lang='lat' dir='ltr'><strong>accingentur.</strong></span> <span class='ocrx_word' id='word_1_469' title='bbox 1193 3228 1211 3261; x_wconf 76' lang='grc' dir='ltr'><strong>ι</strong></span> <span class='ocrx_word' id='word_1_470' title='bbox 1238 3209 1443 3267; x_wconf 68' lang='lat' dir='ltr'><strong>Praeter</strong></span> <span class='ocrx_word' id='word_1_471' title='bbox 1458 3211 1572 3266; x_wconf 70' lang='lat' dir='ltr'><strong>haec</strong></span> <span class='ocrx_word' id='word_1_472' title='bbox 1596 3221 1779 3268; x_wconf 86' lang='lat' dir='ltr'><strong>autem</strong></span> <span class='ocrx_word' id='word_1_473' title='bbox 1799 3211 1986 3267; x_wconf 72' lang='lat' dir='ltr'><strong>omnia</strong></span> 
     </span>
    </p>
   </div>
   <div class='ocr_carea' id='block_1_59' title="bbox 413 3296 1987 3367">
    <p class='ocr_par' dir='ltr' id='par_1_59' title="bbox 413 3296 1987 3367">
     <span class='ocr_line' id='line_1_59' title="bbox 413 3296 1987 3367; baseline 0.004 -20"><span class='ocrx_word' id='word_1_474' title='bbox 413 3296 613 3354; x_wconf 82' lang='lat' dir='ltr'><strong>arietes</strong></span> <span class='ocrx_word' id='word_1_475' title='bbox 668 3297 851 3354; x_wconf 87' lang='lat' dir='ltr'><strong>ovium</strong></span> <span class='ocrx_word' id='word_1_476' title='bbox 909 3297 1134 3367; x_wconf 88' lang='lat' dir='ltr'><strong>proprio</strong></span> <span class='ocrx_word' id='word_1_477' title='bbox 1202 3299 1403 3362; x_wconf 81' lang='lat' dir='ltr'><strong>vellere</strong></span> <span class='ocrx_word' id='word_1_478' title='bbox 1475 3300 1789 3354; x_wconf 84' lang='lat' dir='ltr'><strong>induentur.</strong></span> <span class='ocrx_word' id='word_1_479' title='bbox 1860 3299 1987 3354; x_wconf 67' lang='lat' dir='ltr'><strong>Haec</strong></span> 
     </span>
    </p>
   </div>
   <div class='ocr_carea' id='block_1_60' title="bbox 411 3386 1988 3459">
    <p class='ocr_par' dir='ltr' id='par_1_60' title="bbox 411 3386 1988 3459">
     <span class='ocr_line' id='line_1_60' title="bbox 411 3386 1988 3459; baseline 0.003 -21"><span class='ocrx_word' id='word_1_480' title='bbox 411 3401 578 3458; x_wconf 83' lang='lat' dir='ltr'><strong>porro</strong></span> <span class='ocrx_word' id='word_1_481' title='bbox 602 3386 895 3457; x_wconf 83' lang='lat' dir='ltr'><strong>intelliges.</strong></span> <span class='ocrx_word' id='word_1_482' title='bbox 924 3387 972 3445; x_wconf 87' lang='lat' dir='ltr'><strong>si</strong></span> <span class='ocrx_word' id='word_1_483' title='bbox 994 3404 1181 3443; x_wconf 85' lang='lat' dir='ltr'><strong>eorum</strong></span> <span class='ocrx_word' id='word_1_484' title='bbox 1207 3390 1300 3459; x_wconf 89' lang='lat' dir='ltr'><strong>qui</strong></span> <span class='ocrx_word' id='word_1_485' title='bbox 1333 3390 1562 3445; x_wconf 86' lang='lat' dir='ltr'><strong>salutem</strong></span> <span class='ocrx_word' id='word_1_486' title='bbox 1590 3391 1988 3445; x_wconf 78' lang='lat' dir='ltr'><strong>nanciscnntur</strong></span> 
     </span>
    </p>
   </div>
   <div class='ocr_carea' id='block_1_61' title="bbox 411 3466 1985 3550">
    <p class='ocr_par' dir='ltr' id='par_1_61' title="bbox 411 3466 1985 3550">
     <span class='ocr_line' id='line_1_61' title="bbox 411 3466 1985 3550; baseline 0.005 -25"><span class='ocrx_word' id='word_1_487' title='bbox 411 3470 730 3531; x_wconf 72' lang='lat' dir='ltr'><strong>discrimina</strong></span> <span class='ocrx_word' id='word_1_488' title='bbox 783 3485 961 3533; x_wconf 81' lang='lat' dir='ltr'><strong>tecum</strong></span> <span class='ocrx_word' id='word_1_489' title='bbox 1016 3486 1256 3547; x_wconf 88' lang='lat' dir='ltr'><strong>reputes.</strong></span> <span class='ocrx_word' id='word_1_490' title='bbox 1316 3466 1560 3550; x_wconf 80' lang='lat' dir='ltr'><strong>Quorum</strong></span> <span class='ocrx_word' id='word_1_491' title='bbox 1618 3479 1711 3536; x_wconf 86' lang='lat' dir='ltr'><strong>alii</strong></span> <span class='ocrx_word' id='word_1_492' title='bbox 1763 3478 1985 3549; x_wconf 85' lang='lat' dir='ltr'><strong>quidem</strong></span> 
     </span>
    </p>
   </div>
   <div class='ocr_carea' id='block_1_62' title="bbox 409 3564 1984 3641">
    <p class='ocr_par' dir='ltr' id='par_1_62' title="bbox 409 3564 1984 3641">
     <span class='ocr_line' id='line_1_62' title="bbox 409 3564 1984 3641; baseline 0.004 -25"><span class='ocrx_word' id='word_1_493' title='bbox 409 3564 815 3631; x_wconf 84' lang='lat' dir='ltr'><strong>comparatione</strong></span> <span class='ocrx_word' id='word_1_494' title='bbox 850 3570 1289 3637; x_wconf 71' lang='lat' dir='ltr'><strong>prmstantiorum</strong></span> <span class='ocrx_word' id='word_1_495' title='bbox 1320 3568 1477 3639; x_wconf 89' lang='lat' dir='ltr'><strong>quasi</strong></span> <span class='ocrx_word' id='word_1_496' title='bbox 1513 3567 1773 3627; x_wconf 83' lang='lat' dir='ltr'><strong>inferiore</strong></span> <span class='ocrx_word' id='word_1_497' title='bbox 1812 3568 1984 3641; x_wconf 87' lang='lat' dir='ltr'><strong>gradu</strong></span> 
     </span>
    </p>
   </div>
   <div class='ocr_carea' id='block_1_63' title="bbox 410 3651 1987 3727">
    <p class='ocr_par' dir='ltr' id='par_1_63' title="bbox 410 3651 1987 3727">
     <span class='ocr_line' id='line_1_63' title="bbox 410 3651 1987 3727; baseline 0.007 -24"><span class='ocrx_word' id='word_1_498' title='bbox 410 3651 537 3709; x_wconf 66' lang='lat' dir='ltr'><strong>vitae</strong></span> <span class='ocrx_word' id='word_1_499' title='bbox 567 3651 901 3716; x_wconf 87' lang='lat' dir='ltr'><strong>incedentes.</strong></span> <span class='ocrx_word' id='word_1_500' title='bbox 937 3655 1228 3724; x_wconf 82' lang='lat' dir='ltr'><strong>allegorice</strong></span> <span class='ocrx_word' id='word_1_501' title='bbox 1280 3657 1460 3727; x_wconf 82' lang='lat' dir='ltr'><strong>campi</strong></span> <span class='ocrx_word' id='word_1_502' title='bbox 1492 3656 1585 3712; x_wconf 89' lang='lat' dir='ltr'><strong>Dei</strong></span> <span class='ocrx_word' id='word_1_503' title='bbox 1623 3659 1871 3714; x_wconf 90' lang='lat' dir='ltr'><strong>ubertate</strong></span> <span class='ocrx_word' id='word_1_504' title='bbox 1900 3676 1987 3714; x_wconf 83' lang='lat' dir='ltr'><strong>re-</strong></span> 
     </span>
    </p>
   </div>
   <div class='ocr_carea' id='block_1_64' title="bbox 411 3741 1984 3818">
    <p class='ocr_par' dir='ltr' id='par_1_64' title="bbox 411 3741 1984 3818">
     <span class='ocr_line' id='line_1_64' title="bbox 411 3741 1984 3818; baseline 0.006 -27"><span class='ocrx_word' id='word_1_505' title='bbox 411 3741 539 3808; x_wconf 85' lang='lat' dir='ltr'><strong>pleti</strong></span> <span class='ocrx_word' id='word_1_506' title='bbox 585 3741 759 3801; x_wconf 80' lang='lat' dir='ltr'><strong>vocati</strong></span> <span class='ocrx_word' id='word_1_507' title='bbox 802 3750 961 3809; x_wconf 86' lang='lat' dir='ltr'><strong>sunt;</strong></span> <span class='ocrx_word' id='word_1_508' title='bbox 1004 3759 1175 3813; x_wconf 86' lang='lat' dir='ltr'><strong>quare</strong></span> <span class='ocrx_word' id='word_1_509' title='bbox 1217 3745 1424 3803; x_wconf 87' lang='lat' dir='ltr'><strong>dictum</strong></span> <span class='ocrx_word' id='word_1_510' title='bbox 1477 3754 1602 3804; x_wconf 88' lang='lat' dir='ltr'><strong>est:</strong></span> <span class='ocrx_word' id='word_1_511' title='bbox 1635 3766 1653 3798; x_wconf 83' lang='grc' dir='ltr'><strong>ι</strong></span> <span class='ocrx_word' id='word_1_512' title='bbox 1684 3747 1875 3818; x_wconf 87' lang='lat' dir='ltr'><strong>Campi</strong></span> <span class='ocrx_word' id='word_1_513' title='bbox 1906 3749 1984 3802; x_wconf 88' lang='lat' dir='ltr'><strong>tui</strong></span> 
     </span>
    </p>
   </div>
   <div class='ocr_carea' id='block_1_65' title="bbox 411 3826 1983 3908">
    <p class='ocr_par' dir='ltr' id='par_1_65' title="bbox 411 3826 1983 3908">
     <span class='ocr_line' id='line_1_65' title="bbox 411 3826 1983 3908; baseline 0.009 -27"><span class='ocrx_word' id='word_1_514' title='bbox 411 3831 761 3899; x_wconf 72' lang='lat' dir='ltr'><strong>replebunlur</strong></span> <span class='ocrx_word' id='word_1_515' title='bbox 790 3834 1073 3900; x_wconf 70' lang='lat' dir='ltr'><strong>ubertate;</strong></span> <span class='ocrx_word' id='word_1_516' title='bbox 1113 3854 1132 3888; x_wconf 73' lang='grc' dir='ltr'><strong>ι</strong></span> <span class='ocrx_word' id='word_1_517' title='bbox 1171 3835 1261 3889; x_wconf 85' lang='lat' dir='ltr'><strong>alii</strong></span> <span class='ocrx_word' id='word_1_518' title='bbox 1298 3826 1423 3892; x_wconf 80' lang='lat' dir='ltr'><strong>vero</strong></span> <span class='ocrx_word' id='word_1_519' title='bbox 1447 3834 1619 3894; x_wconf 83' lang='lat' dir='ltr'><strong>variis</strong></span> <span class='ocrx_word' id='word_1_520' title='bbox 1661 3839 1775 3908; x_wconf 83' lang='lat' dir='ltr'><strong>jam</strong></span> <span class='ocrx_word' id='word_1_521' title='bbox 1807 3841 1983 3894; x_wconf 80' lang='lat' dir='ltr'><strong>virtu-</strong></span> 
     </span>
    </p>
   </div>
   <div class='ocr_carea' id='block_1_66' title="bbox 408 3910 1982 4000">
    <p class='ocr_par' dir='ltr' id='par_1_66' title="bbox 408 3910 1982 4000">
     <span class='ocr_line' id='line_1_66' title="bbox 408 3910 1982 4000; baseline 0.007 -30"><span class='ocrx_word' id='word_1_522' title='bbox 408 3917 558 3972; x_wconf 87' lang='lat' dir='ltr'><strong>tibus</strong></span> <span class='ocrx_word' id='word_1_523' title='bbox 588 3918 864 3985; x_wconf 81' lang='lat' dir='ltr'><strong>ﬂorentes,</strong></span> <span class='ocrx_word' id='word_1_524' title='bbox 888 3930 1102 3976; x_wconf 81' lang='lat' dir='ltr'><strong>montes</strong></span> <span class='ocrx_word' id='word_1_525' title='bbox 1125 3922 1381 3980; x_wconf 72' lang='lat' dir='ltr'><strong>Ecclesiae</strong></span> <span class='ocrx_word' id='word_1_526' title='bbox 1394 3910 1560 4000; x_wconf 66' lang='lat' dir='ltr'><strong>prius</strong></span> <span class='ocrx_word' id='word_1_527' title='bbox 1581 3925 1814 3982; x_wconf 65' lang='lat' dir='ltr'><strong>desertae</strong></span> <span class='ocrx_word' id='word_1_528' title='bbox 1838 3943 1982 3983; x_wconf 89' lang='lat' dir='ltr'><strong>nun-</strong></span> 
     </span>
    </p>
   </div>
   <div class='ocr_carea' id='block_1_67' title="bbox 409 4009 1985 4086">
    <p class='ocr_par' dir='ltr' id='par_1_67' title="bbox 409 4009 1985 4086">
     <span class='ocr_line' id='line_1_67' title="bbox 409 4009 1985 4086; baseline 0.005 -24"><span class='ocrx_word' id='word_1_529' title='bbox 409 4009 589 4079; x_wconf 81' lang='lat' dir='ltr'><strong>cupati</strong></span> <span class='ocrx_word' id='word_1_530' title='bbox 619 4016 765 4063; x_wconf 86' lang='lat' dir='ltr'><strong>sunt.</strong></span> <span class='ocrx_word' id='word_1_531' title='bbox 795 4009 898 4076; x_wconf 87' lang='lat' dir='ltr'><strong>Qui</strong></span> <span class='ocrx_word' id='word_1_532' title='bbox 924 4020 978 4066; x_wconf 83' lang='lat' dir='ltr'><strong>et</strong></span> <span class='ocrx_word' id='word_1_533' title='bbox 1008 4013 1111 4083; x_wconf 82' lang='lat' dir='ltr'><strong>ipsi</strong></span> <span class='ocrx_word' id='word_1_534' title='bbox 1142 4013 1373 4072; x_wconf 89' lang='lat' dir='ltr'><strong>ubertim</strong></span> <span class='ocrx_word' id='word_1_535' title='bbox 1396 4016 1605 4086; x_wconf 78' lang='lat' dir='ltr'><strong>irrigati</strong></span> <span class='ocrx_word' id='word_1_536' title='bbox 1632 4033 1660 4069; x_wconf 86' lang='lat' dir='ltr'><strong>a</strong></span> <span class='ocrx_word' id='word_1_537' title='bbox 1685 4028 1985 4073; x_wconf 87' lang='lat' dir='ltr'><strong>memorato</strong></span> 
     </span>
    </p>
   </div>
   <div class='ocr_carea' id='block_1_68' title="bbox 410 4101 1986 4173">
    <p class='ocr_par' dir='ltr' id='par_1_68' title="bbox 410 4101 1986 4173">
     <span class='ocr_line' id='line_1_68' title="bbox 410 4101 1986 4173; baseline 0.005 -19"><span class='ocrx_word' id='word_1_538' title='bbox 410 4101 652 4162; x_wconf 83' lang='lat' dir='ltr'><strong>ﬂumine,</strong></span> <span class='ocrx_word' id='word_1_539' title='bbox 673 4101 1000 4171; x_wconf 85' lang='lat' dir='ltr'><strong>pinguedine</strong></span> <span class='ocrx_word' id='word_1_540' title='bbox 1019 4104 1262 4173; x_wconf 88' lang='lat' dir='ltr'><strong>replendi</strong></span> <span class='ocrx_word' id='word_1_541' title='bbox 1279 4105 1537 4160; x_wconf 89' lang='lat' dir='ltr'><strong>dicuntur</strong></span> <span class='ocrx_word' id='word_1_542' title='bbox 1554 4123 1567 4167; x_wconf 83' lang='lat'>;</span> <span class='ocrx_word' id='word_1_543' title='bbox 1585 4106 1680 4163; x_wconf 84' lang='lat' dir='ltr'><strong>sed</strong></span> <span class='ocrx_word' id='word_1_544' title='bbox 1697 4107 1862 4162; x_wconf 88' lang='lat' dir='ltr'><strong>etiam</strong></span> <span class='ocrx_word' id='word_1_545' title='bbox 1880 4108 1986 4162; x_wconf 88' lang='lat' dir='ltr'><strong>co!-</strong></span> 
     </span>
    </p>
   </div>
   <div class='ocr_carea' id='block_1_69' title="bbox 411 4189 1984 4265">
    <p class='ocr_par' dir='ltr' id='par_1_69' title="bbox 411 4189 1984 4265">
     <span class='ocr_line' id='line_1_69' title="bbox 411 4189 1984 4265; baseline 0.004 -23"><span class='ocrx_word' id='word_1_546' title='bbox 411 4189 488 4243; x_wconf 78' lang='lat' dir='ltr'><strong>lcs</strong></span> <span class='ocrx_word' id='word_1_547' title='bbox 506 4189 573 4242; x_wconf 85' lang='lat' dir='ltr'><strong>iis</strong></span> <span class='ocrx_word' id='word_1_548' title='bbox 590 4205 806 4260; x_wconf 82' lang='lat' dir='ltr'><strong>quoque</strong></span> <span class='ocrx_word' id='word_1_549' title='bbox 821 4191 1190 4254; x_wconf 86' lang='lat' dir='ltr'><strong>sublimiores.</strong></span> <span class='ocrx_word' id='word_1_550' title='bbox 1212 4192 1291 4248; x_wconf 90' lang='lat' dir='ltr'><strong>sic</strong></span> <span class='ocrx_word' id='word_1_551' title='bbox 1307 4192 1515 4265; x_wconf 88' lang='lat' dir='ltr'><strong>tropice</strong></span> <span class='ocrx_word' id='word_1_552' title='bbox 1528 4196 1725 4257; x_wconf 82' lang='lat' dir='ltr'><strong>vocati,</strong></span> <span class='ocrx_word' id='word_1_553' title='bbox 1742 4196 1984 4250; x_wconf 82' lang='lat' dir='ltr'><strong>exsulta-</strong></span> 
     </span>
    </p>
   </div>
   <div class='ocr_carea' id='block_1_70' title="bbox 406 4279 1982 4352">
    <p class='ocr_par' dir='ltr' id='par_1_70' title="bbox 406 4279 1982 4352">
     <span class='ocr_line' id='line_1_70' title="bbox 406 4279 1982 4352; baseline 0.004 -19"><span class='ocrx_word' id='word_1_554' title='bbox 406 4280 555 4337; x_wconf 89' lang='lat' dir='ltr'><strong>tione</strong></span> <span class='ocrx_word' id='word_1_555' title='bbox 570 4279 946 4350; x_wconf 78' lang='lat' dir='ltr'><strong>accingentur.</strong></span> <span class='ocrx_word' id='word_1_556' title='bbox 964 4280 1030 4334; x_wconf 88' lang='lat' dir='ltr'><strong>Et</strong></span> <span class='ocrx_word' id='word_1_557' title='bbox 1052 4282 1103 4335; x_wconf 90' lang='lat' dir='ltr'><strong>hi</strong></span> <span class='ocrx_word' id='word_1_558' title='bbox 1122 4281 1340 4352; x_wconf 88' lang='lat' dir='ltr'><strong>quidem</strong></span> <span class='ocrx_word' id='word_1_559' title='bbox 1360 4289 1472 4339; x_wconf 89' lang='lat' dir='ltr'><strong>tres</strong></span> <span class='ocrx_word' id='word_1_560' title='bbox 1487 4283 1709 4340; x_wconf 82' lang='lat' dir='ltr'><strong>ordines</strong></span> <span class='ocrx_word' id='word_1_561' title='bbox 1728 4285 1779 4339; x_wconf 91' lang='lat' dir='ltr'><strong>in</strong></span> <span class='ocrx_word' id='word_1_562' title='bbox 1800 4286 1982 4340; x_wconf 78' lang='lat' dir='ltr'><strong>futuro</strong></span> 
     </span>
    </p>
   </div>
   <div class='ocr_carea' id='block_1_71' title="bbox 2089 3110 3696 3194">
    <p class='ocr_par' dir='ltr' id='par_1_71' title="bbox 2089 3110 3696 3194">
     <span class='ocr_line' id='line_1_71' title="bbox 2089 3110 3696 3194; baseline 0.006 -26"><span class='ocrx_word' id='word_1_563' title='bbox 2089 3135 2255 3185; x_wconf 76' lang='grc' dir='ltr'>φανος</span> <span class='ocrx_word' id='word_1_564' title='bbox 2277 3110 2372 3189; x_wconf 78' lang='grc' dir='ltr'>τῆς</span> <span class='ocrx_word' id='word_1_565' title='bbox 2398 3117 2574 3186; x_wconf 75' lang='grc' dir='ltr'>δόξης.</span> <span class='ocrx_word' id='word_1_566' title='bbox 2609 3119 2741 3171; x_wconf 88' lang='grc' dir='ltr'>Τότε</span> <span class='ocrx_word' id='word_1_567' title='bbox 2770 3118 2827 3171; x_wconf 80' lang='grc' dir='ltr'>δὲ</span> <span class='ocrx_word' id='word_1_568' title='bbox 2858 3120 2952 3173; x_wconf 82' lang='grc' dir='ltr'>καὶ</span> <span class='ocrx_word' id='word_1_569' title='bbox 2980 3121 3049 3172; x_wconf 84' lang='grc' dir='ltr'>τὰ</span> <span class='ocrx_word' id='word_1_570' title='bbox 3070 3121 3227 3175; x_wconf 75' lang='grc' dir='ltr'>πεδία</span> <span class='ocrx_word' id='word_1_571' title='bbox 3258 3122 3354 3177; x_wconf 86' lang='grc' dir='ltr'><strong>τοῦ</strong></span> <span class='ocrx_word' id='word_1_572' title='bbox 3386 3123 3526 3177; x_wconf 72' lang='grc' dir='ltr'>Θεοῦ</span> <span class='ocrx_word' id='word_1_573' title='bbox 3560 3124 3696 3194; x_wconf 68' lang='grc' dir='ltr'>πλην</span> 
     </span>
    </p>
   </div>
   <div class='ocr_carea' id='block_1_72' title="bbox 2091 3206 3691 3285">
    <p class='ocr_par' dir='ltr' id='par_1_72' title="bbox 2091 3206 3691 3285">
     <span class='ocr_line' id='line_1_72' title="bbox 2091 3206 3691 3285; baseline 0.005 -26"><span class='ocrx_word' id='word_1_574' title='bbox 2091 3206 2347 3278; x_wconf 77' lang='grc' dir='ltr'>σθήσεται</span> <span class='ocrx_word' id='word_1_575' title='bbox 2380 3208 2655 3279; x_wconf 83' lang='grc' dir='ltr'>πιότητος,</span> <span class='ocrx_word' id='word_1_576' title='bbox 2700 3210 2795 3262; x_wconf 74' lang='grc' dir='ltr'>καὶ</span> <span class='ocrx_word' id='word_1_577' title='bbox 2833 3209 2902 3263; x_wconf 81' lang='grc' dir='ltr'>τὰ</span> <span class='ocrx_word' id='word_1_578' title='bbox 2933 3210 3066 3283; x_wconf 82' lang='grc' dir='ltr'>δρεα</span> <span class='ocrx_word' id='word_1_579' title='bbox 3102 3212 3159 3264; x_wconf 82' lang='grc' dir='ltr'>δὲ</span> <span class='ocrx_word' id='word_1_580' title='bbox 3194 3215 3294 3283; x_wconf 80' lang='grc' dir='ltr'>τῆς</span> <span class='ocrx_word' id='word_1_581' title='bbox 3327 3214 3540 3285; x_wconf 79' lang='grc' dir='ltr'>ἐρήμου</span> <span class='ocrx_word' id='word_1_582' title='bbox 3563 3214 3691 3271; x_wconf 73' lang='grc' dir='ltr'>τότε</span> 
     </span>
    </p>
   </div>
   <div class='ocr_carea' id='block_1_73' title="bbox 2088 3288 3692 3371">
    <p class='ocr_par' dir='ltr' id='par_1_73' title="bbox 2088 3288 3692 3371">
     <span class='ocr_line' id='line_1_73' title="bbox 2088 3288 3692 3371; baseline 0.006 -23"><span class='ocrx_word' id='word_1_583' title='bbox 2088 3297 2463 3369; x_wconf 86' lang='grc' dir='ltr'>πιανθήσεται.</span> <span class='ocrx_word' id='word_1_584' title='bbox 2478 3299 2629 3351; x_wconf 72' lang='grc' dir='ltr'>»Ἔτι</span> <span class='ocrx_word' id='word_1_585' title='bbox 2654 3298 2761 3369; x_wconf 82' lang='grc' dir='ltr'>μὴν</span> <span class='ocrx_word' id='word_1_586' title='bbox 2781 3301 2876 3352; x_wconf 76' lang='grc' dir='ltr'>καὶ</span> <span class='ocrx_word' id='word_1_587' title='bbox 2895 3318 2913 3351; x_wconf 83' lang='grc' dir='ltr'><strong>ι</strong></span> <span class='ocrx_word' id='word_1_588' title='bbox 2937 3302 2985 3355; x_wconf 84' lang='lat' dir='ltr'><strong>oi</strong></span> <span class='ocrx_word' id='word_1_589' title='bbox 3011 3303 3187 3371; x_wconf 64' lang='grc' dir='ltr'>βουνοί</span> <span class='ocrx_word' id='word_1_590' title='bbox 3212 3321 3230 3352; x_wconf 73' lang='grc' dir='ltr'><strong>ι</strong></span> <span class='ocrx_word' id='word_1_591' title='bbox 3249 3288 3375 3355; x_wconf 75' lang='grc' dir='ltr'>τότε</span> <span class='ocrx_word' id='word_1_592' title='bbox 3387 3322 3405 3352; x_wconf 79' lang='grc' dir='ltr'><strong>ι</strong></span> <span class='ocrx_word' id='word_1_593' title='bbox 3432 3302 3692 3370; x_wconf 84' lang='grc' dir='ltr'>ἀγαλλία-</span> 
     </span>
    </p>
   </div>
   <div class='ocr_carea' id='block_1_74' title="bbox 2089 3387 3693 3465">
    <p class='ocr_par' dir='ltr' id='par_1_74' title="bbox 2089 3387 3693 3465">
     <span class='ocr_line' id='line_1_74' title="bbox 2089 3387 3693 3465; baseline 0.005 -24"><span class='ocrx_word' id='word_1_594' title='bbox 2089 3405 2174 3441; x_wconf 90' lang='grc' dir='ltr'><strong>σιν</strong></span> <span class='ocrx_word' id='word_1_595' title='bbox 2208 3387 2623 3459; x_wconf 76' lang='grc' dir='ltr'>περιζώσονται.</span> <span class='ocrx_word' id='word_1_596' title='bbox 2650 3408 2668 3439; x_wconf 77' lang='grc' dir='ltr'><strong>ι</strong></span> <span class='ocrx_word' id='word_1_597' title='bbox 2691 3390 2801 3443; x_wconf 80' lang='grc' dir='ltr'><strong>Καὶ</strong></span> <span class='ocrx_word' id='word_1_598' title='bbox 2830 3390 2967 3461; x_wconf 80' lang='grc' dir='ltr'>πρὸς</span> <span class='ocrx_word' id='word_1_599' title='bbox 2992 3390 3200 3454; x_wconf 76' lang='grc' dir='ltr'>τούτοις</span> <span class='ocrx_word' id='word_1_600' title='bbox 3230 3391 3436 3445; x_wconf 73' lang='grc' dir='ltr'>ἅπασιν</span> <span class='ocrx_word' id='word_1_601' title='bbox 3457 3394 3509 3445; x_wconf 79' lang='grc' dir='ltr'>οἱ</span> <span class='ocrx_word' id='word_1_602' title='bbox 3540 3395 3693 3465; x_wconf 68' lang='grc' dir='ltr'>κριοὶ</span> 
     </span>
    </p>
   </div>
   <div class='ocr_carea' id='block_1_75' title="bbox 2088 3479 3691 3557">
    <p class='ocr_par' dir='ltr' id='par_1_75' title="bbox 2088 3479 3691 3557">
     <span class='ocr_line' id='line_1_75' title="bbox 2088 3479 3691 3557; baseline 0.003 -23"><span class='ocrx_word' id='word_1_603' title='bbox 2088 3479 2196 3534; x_wconf 86' lang='grc' dir='ltr'>τῶν</span> <span class='ocrx_word' id='word_1_604' title='bbox 2230 3479 2519 3550; x_wconf 90' lang='grc' dir='ltr'>προϐάτων</span> <span class='ocrx_word' id='word_1_605' title='bbox 2546 3481 2671 3543; x_wconf 87' lang='grc' dir='ltr'>τοὺς</span> <span class='ocrx_word' id='word_1_606' title='bbox 2690 3479 2853 3544; x_wconf 79' lang='grc' dir='ltr'>ἰδίους</span> <span class='ocrx_word' id='word_1_607' title='bbox 2878 3482 3187 3535; x_wconf 77' lang='grc' dir='ltr'>ὲνδύσονται</span> <span class='ocrx_word' id='word_1_608' title='bbox 3207 3483 3427 3548; x_wconf 84' lang='grc' dir='ltr'>πόκους.</span> <span class='ocrx_word' id='word_1_609' title='bbox 3449 3485 3691 3557; x_wconf 84' lang='grc' dir='ltr'>Νοήσεις</span> 
     </span>
    </p>
   </div>
   <div class='ocr_carea' id='block_1_76' title="bbox 2086 3569 3691 3647">
    <p class='ocr_par' dir='ltr' id='par_1_76' title="bbox 2086 3569 3691 3647">
     <span class='ocr_line' id='line_1_76' title="bbox 2086 3569 3691 3647; baseline 0.006 -25"><span class='ocrx_word' id='word_1_610' title='bbox 2086 3571 2143 3623; x_wconf 80' lang='grc' dir='ltr'>δὲ</span> <span class='ocrx_word' id='word_1_611' title='bbox 2174 3569 2363 3634; x_wconf 89' lang='grc' dir='ltr'>ταῦτα,</span> <span class='ocrx_word' id='word_1_612' title='bbox 2386 3571 2482 3642; x_wconf 78' lang='grc' dir='ltr'>τὴν</span> <span class='ocrx_word' id='word_1_613' title='bbox 2514 3571 2776 3643; x_wconf 80' lang='grc' dir='ltr'>διαφορὰν</span> <span class='ocrx_word' id='word_1_614' title='bbox 2820 3572 3151 3644; x_wconf 80' lang='grc' dir='ltr'>ὑποθέμενος</span> <span class='ocrx_word' id='word_1_615' title='bbox 3178 3576 3357 3647; x_wconf 78' lang='grc' dir='ltr'>ἑαυτῷ</span> <span class='ocrx_word' id='word_1_616' title='bbox 3378 3576 3488 3642; x_wconf 67' lang='grc' dir='ltr'>τῷν</span> <span class='ocrx_word' id='word_1_617' title='bbox 3514 3578 3691 3640; x_wconf 78' lang='grc' dir='ltr'>σωζο-</span> 
     </span>
    </p>
   </div>
   <div class='ocr_carea' id='block_1_77' title="bbox 2091 3656 3689 3739">
    <p class='ocr_par' dir='ltr' id='par_1_77' title="bbox 2091 3656 3689 3739">
     <span class='ocr_line' id='line_1_77' title="bbox 2091 3656 3689 3739; baseline 0.005 -23"><span class='ocrx_word' id='word_1_618' title='bbox 2091 3662 2289 3733; x_wconf 84' lang='grc' dir='ltr'>μένων·</span> <span class='ocrx_word' id='word_1_619' title='bbox 2321 3656 2397 3716; x_wconf 81' lang='grc' dir='ltr'>ὧν</span> <span class='ocrx_word' id='word_1_620' title='bbox 2424 3666 2473 3716; x_wconf 81' lang='lat' dir='ltr'><strong>oi</strong></span> <span class='ocrx_word' id='word_1_621' title='bbox 2501 3662 2620 3733; x_wconf 82' lang='grc' dir='ltr'>μὲν,</span> <span class='ocrx_word' id='word_1_622' title='bbox 2652 3663 2728 3726; x_wconf 86' lang='grc' dir='ltr'>ὡς</span> <span class='ocrx_word' id='word_1_623' title='bbox 2780 3666 2841 3719; x_wconf 82' lang='grc' dir='ltr'>ὲν</span> <span class='ocrx_word' id='word_1_624' title='bbox 2868 3665 3167 3736; x_wconf 79' lang='grc' dir='ltr'>παραθέσει</span> <span class='ocrx_word' id='word_1_625' title='bbox 3215 3667 3327 3721; x_wconf 84' lang='grc' dir='ltr'>τῶν</span> <span class='ocrx_word' id='word_1_626' title='bbox 3359 3669 3689 3739; x_wconf 77' lang='grc' dir='ltr'>κρειττόνων</span> 
     </span>
    </p>
   </div>
   <div class='ocr_carea' id='block_1_78' title="bbox 2086 3751 3691 3830">
    <p class='ocr_par' dir='ltr' id='par_1_78' title="bbox 2086 3751 3691 3830">
     <span class='ocr_line' id='line_1_78' title="bbox 2086 3751 3691 3830; baseline 0.006 -25"><span class='ocrx_word' id='word_1_627' title='bbox 2086 3752 2176 3805; x_wconf 82' lang='grc' dir='ltr'>τὸν</span> <span class='ocrx_word' id='word_1_628' title='bbox 2230 3751 2344 3822; x_wconf 85' lang='grc' dir='ltr'>βίον</span> <span class='ocrx_word' id='word_1_629' title='bbox 2384 3754 2791 3828; x_wconf 84' lang='grc' dir='ltr'>ὑποϐεϐηκότες</span> <span class='ocrx_word' id='word_1_630' title='bbox 2812 3794 2827 3820; x_wconf 88' lang='grc'><strong>,</strong></span> <span class='ocrx_word' id='word_1_631' title='bbox 2887 3756 3234 3829; x_wconf 83' lang='grc' dir='ltr'>άλληγορικῷ</span> <span class='ocrx_word' id='word_1_632' title='bbox 3287 3759 3475 3830; x_wconf 84' lang='grc' dir='ltr'>τρόπῳ</span> <span class='ocrx_word' id='word_1_633' title='bbox 3523 3760 3691 3820; x_wconf 80' lang='grc' dir='ltr'>πεδία</span> 
     </span>
    </p>
   </div>
   <div class='ocr_carea' id='block_1_79' title="bbox 2086 3839 3691 3919">
    <p class='ocr_par' dir='ltr' id='par_1_79' title="bbox 2086 3839 3691 3919">
     <span class='ocr_line' id='line_1_79' title="bbox 2086 3839 3691 3919; baseline 0.006 -26"><span class='ocrx_word' id='word_1_634' title='bbox 2086 3839 2221 3894; x_wconf 87' lang='grc' dir='ltr'>Θεοῦ</span> <span class='ocrx_word' id='word_1_635' title='bbox 2249 3844 2769 3915; x_wconf 75' lang='grc' dir='ltr'>προσηγορεύθησαν</span> <span class='ocrx_word' id='word_1_636' title='bbox 2800 3846 3055 3917; x_wconf 84' lang='grc' dir='ltr'>πιότητος</span> <span class='ocrx_word' id='word_1_637' title='bbox 3087 3846 3458 3919; x_wconf 78' lang='grc' dir='ltr'>πληρούμενα·</span> <span class='ocrx_word' id='word_1_638' title='bbox 3489 3848 3574 3902; x_wconf 78' lang='grc' dir='ltr'><strong>διὸ</strong></span> <span class='ocrx_word' id='word_1_639' title='bbox 3599 3849 3691 3902; x_wconf 80' lang='grc' dir='ltr'><strong>λέ-</strong></span> 
     </span>
    </p>
   </div>
   <div class='ocr_carea' id='block_1_80' title="bbox 2084 3931 3688 4009">
    <p class='ocr_par' dir='ltr' id='par_1_80' title="bbox 2084 3931 3688 4009">
     <span class='ocr_line' id='line_1_80' title="bbox 2084 3931 3688 4009; baseline 0.006 -26"><span class='ocrx_word' id='word_1_640' title='bbox 2084 3931 2293 3985; x_wconf 88' lang='grc' dir='ltr'>λεκται·</span> <span class='ocrx_word' id='word_1_641' title='bbox 2330 3952 2349 3984; x_wconf 83' lang='grc' dir='ltr'><strong>ι</strong></span> <span class='ocrx_word' id='word_1_642' title='bbox 2369 3934 2448 3986; x_wconf 83' lang='grc' dir='ltr'><strong>Τὰ</strong></span> <span class='ocrx_word' id='word_1_643' title='bbox 2472 3935 2630 3989; x_wconf 87' lang='grc' dir='ltr'>πεδία</span> <span class='ocrx_word' id='word_1_644' title='bbox 2655 3953 2747 3989; x_wconf 89' lang='grc' dir='ltr'><strong>σου</strong></span> <span class='ocrx_word' id='word_1_645' title='bbox 2783 3935 3155 4007; x_wconf 83' lang='grc' dir='ltr'>πλησθήσεται</span> <span class='ocrx_word' id='word_1_646' title='bbox 3186 3939 3497 4009; x_wconf 64' lang='grc' dir='ltr'>πιότητοςη</span> <span class='ocrx_word' id='word_1_647' title='bbox 3532 3940 3586 3991; x_wconf 81' lang='grc' dir='ltr'>οι</span> <span class='ocrx_word' id='word_1_648' title='bbox 3627 3940 3688 3992; x_wconf 70' lang='grc' dir='ltr'>δὲ</span> 
     </span>
    </p>
   </div>
   <div class='ocr_carea' id='block_1_81' title="bbox 2084 4018 3688 4102">
    <p class='ocr_par' dir='ltr' id='par_1_81' title="bbox 2084 4018 3688 4102">
     <span class='ocr_line' id='line_1_81' title="bbox 2084 4018 3688 4102; baseline 0.008 -29"><span class='ocrx_word' id='word_1_649' title='bbox 2084 4021 2185 4093; x_wconf 84' lang='grc' dir='ltr'><strong>ήδη</strong></span> <span class='ocrx_word' id='word_1_650' title='bbox 2220 4025 2277 4077; x_wconf 78' lang='grc' dir='ltr'>ἐν</span> <span class='ocrx_word' id='word_1_651' title='bbox 2300 4018 2575 4097; x_wconf 75' lang='grc' dir='ltr'>διαφόροις</span> <span class='ocrx_word' id='word_1_652' title='bbox 2611 4027 2835 4098; x_wconf 84' lang='grc' dir='ltr'>ἀρεταῖς</span> <span class='ocrx_word' id='word_1_653' title='bbox 2891 4027 3179 4092; x_wconf 84' lang='grc' dir='ltr'>ἀνθοῦντες</span> <span class='ocrx_word' id='word_1_654' title='bbox 3197 4025 3339 4100; x_wconf 77' lang='grc' dir='ltr'>’ὄρεα</span> <span class='ocrx_word' id='word_1_655' title='bbox 3391 4030 3495 4101; x_wconf 81' lang='grc' dir='ltr'>τῆς</span> <span class='ocrx_word' id='word_1_656' title='bbox 3555 4033 3688 4102; x_wconf 69' lang='grc' dir='ltr'>πρὶν</span> 
     </span>
    </p>
   </div>
   <div class='ocr_carea' id='block_1_82' title="bbox 2085 4114 3687 4193">
    <p class='ocr_par' dir='ltr' id='par_1_82' title="bbox 2085 4114 3687 4193">
     <span class='ocr_line' id='line_1_82' title="bbox 2085 4114 3687 4193; baseline 0.009 -29"><span class='ocrx_word' id='word_1_657' title='bbox 2085 4114 2289 4185; x_wconf 75' lang='grc' dir='ltr'>ἐρήμου</span> <span class='ocrx_word' id='word_1_658' title='bbox 2325 4116 2647 4186; x_wconf 81' lang='grc' dir='ltr'>Ἑκκλησίας</span> <span class='ocrx_word' id='word_1_659' title='bbox 2675 4117 3089 4188; x_wconf 82' lang='grc' dir='ltr'>ὠνομάσθησαν·</span> <span class='ocrx_word' id='word_1_660' title='bbox 3109 4121 3180 4193; x_wconf 68' lang='grc' dir='ltr'><strong>οῖ,</strong></span> <span class='ocrx_word' id='word_1_661' title='bbox 3215 4120 3309 4174; x_wconf 81' lang='grc' dir='ltr'>καὶ</span> <span class='ocrx_word' id='word_1_662' title='bbox 3340 4122 3498 4175; x_wconf 74' lang='grc' dir='ltr'><strong>αὐτοῖ⁵</strong></span> <span class='ocrx_word' id='word_1_663' title='bbox 3523 4123 3687 4178; x_wconf 82' lang='grc' dir='ltr'>πλου-</span> 
     </span>
    </p>
   </div>
   <div class='ocr_carea' id='block_1_83' title="bbox 2086 4204 3688 4287">
    <p class='ocr_par' dir='ltr' id='par_1_83' title="bbox 2086 4204 3688 4287">
     <span class='ocr_line' id='line_1_83' title="bbox 2086 4204 3688 4287; baseline 0.009 -31"><span class='ocrx_word' id='word_1_664' title='bbox 2086 4204 2219 4268; x_wconf 86' lang='grc' dir='ltr'>σίως</span> <span class='ocrx_word' id='word_1_665' title='bbox 2245 4207 2531 4278; x_wconf 86' lang='grc' dir='ltr'>άρδόμενοι</span> <span class='ocrx_word' id='word_1_666' title='bbox 2566 4210 2631 4261; x_wconf 81' lang='grc' dir='ltr'>ὲκ</span> <span class='ocrx_word' id='word_1_667' title='bbox 2664 4209 2757 4261; x_wconf 89' lang='grc' dir='ltr'><strong>τοῦ</strong></span> <span class='ocrx_word' id='word_1_668' title='bbox 2785 4209 3115 4280; x_wconf 88' lang='grc' dir='ltr'>δηλωθέντος</span> <span class='ocrx_word' id='word_1_669' title='bbox 3146 4212 3417 4283; x_wconf 83' lang='grc' dir='ltr'>ποταμοῦ,</span> <span class='ocrx_word' id='word_1_670' title='bbox 3453 4215 3688 4287; x_wconf 80' lang='grc' dir='ltr'>πιανθή-</span> 
     </span>
    </p>
   </div>
   <div class='ocr_carea' id='block_1_84' title="bbox 2087 4296 3685 4376">
    <p class='ocr_par' dir='ltr' id='par_1_84' title="bbox 2087 4296 3685 4376">
     <span class='ocr_line' id='line_1_84' title="bbox 2087 4296 3685 4376; baseline 0.006 -27"><span class='ocrx_word' id='word_1_671' title='bbox 2087 4297 2273 4351; x_wconf 84' lang='grc' dir='ltr'>σεσθαι</span> <span class='ocrx_word' id='word_1_672' title='bbox 2318 4296 2585 4366; x_wconf 78' lang='grc' dir='ltr'>λέγονται·</span> <span class='ocrx_word' id='word_1_673' title='bbox 2621 4298 2756 4354; x_wconf 75' lang='grc' dir='ltr'>ἀλλὰ</span> <span class='ocrx_word' id='word_1_674' title='bbox 2812 4301 2908 4355; x_wconf 75' lang='grc' dir='ltr'>καὶ</span> <span class='ocrx_word' id='word_1_675' title='bbox 2937 4302 2987 4352; x_wconf 80' lang='lat' dir='ltr'><strong>oi</strong></span> <span class='ocrx_word' id='word_1_676' title='bbox 3019 4301 3100 4353; x_wconf 79' lang='grc' dir='ltr'>ἔτι</span> <span class='ocrx_word' id='word_1_677' title='bbox 3120 4301 3327 4355; x_wconf 87' lang='grc' dir='ltr'>τούτων</span> <span class='ocrx_word' id='word_1_678' title='bbox 3354 4302 3685 4376; x_wconf 75' lang='grc' dir='ltr'>ὑψηλότεροι</span> 
     </span>
    </p>
   </div>
   <div class='ocr_carea' id='block_1_85' title="bbox 408 4370 1989 4463">
    <p class='ocr_par' dir='ltr' id='par_1_85' title="bbox 408 4370 1989 4456">
     <span class='ocr_line' id='line_1_85' title="bbox 408 4370 1989 4456; baseline 0.002 -31"><span class='ocrx_word' id='word_1_679' title='bbox 408 4370 758 4445; x_wconf 81' lang='lat' dir='ltr'><strong>benignitatis</strong></span> <span class='ocrx_word' id='word_1_680' title='bbox 777 4372 865 4426; x_wconf 89' lang='lat' dir='ltr'><strong>Dei</strong></span> <span class='ocrx_word' id='word_1_681' title='bbox 884 4387 1030 4433; x_wconf 86' lang='lat' dir='ltr'><strong>anno</strong></span> <span class='ocrx_word' id='word_1_682' title='bbox 1046 4372 1437 4431; x_wconf 86' lang='lat' dir='ltr'><strong>beatitudinem</strong></span> <span class='ocrx_word' id='word_1_683' title='bbox 1452 4382 1855 4446; x_wconf 87' lang='lat' dir='ltr'><strong>consequentur</strong></span> <span class='ocrx_word' id='word_1_684' title='bbox 1872 4395 1883 4429; x_wconf 90' lang='lat'>:</span> <span class='ocrx_word' id='word_1_685' title='bbox 1901 4374 1989 4456; x_wconf 81' lang='lat' dir='ltr'><strong>qui</strong></span> 
     </span>
    </p>
   </div>
   <div class='ocr_carea' id='block_1_86' title="bbox 2093 4370 3686 4463">
    <p class='ocr_par' dir='ltr' id='par_1_86' title="bbox 2098 4370 3686 4463">
     <span class='ocr_line' id='line_1_86' title="bbox 2098 4370 3686 4463; baseline 0.006 -28"><span class='ocrx_word' id='word_1_686' title='bbox 2098 4384 2278 4453; x_wconf 78' lang='grc' dir='ltr'>βουνοὶ</span> <span class='ocrx_word' id='word_1_687' title='bbox 2302 4384 2578 4454; x_wconf 79' lang='grc' dir='ltr'>τροπικῶς</span> <span class='ocrx_word' id='word_1_688' title='bbox 2610 4386 2934 4463; x_wconf 75' lang='grc' dir='ltr'>καλούμενοι</span> <span class='ocrx_word' id='word_1_689' title='bbox 2982 4390 3302 4459; x_wconf 82' lang='grc' dir='ltr'>ἀγαλλίασιν</span> <span class='ocrx_word' id='word_1_690' title='bbox 3352 4370 3686 4463; x_wconf 41' lang='grc' dir='ltr'>περἰζὼσον-</span> 
     </span>
    </p>
   </div>
   <div class='ocr_carea' id='block_1_87' title="bbox 408 4459 1983 4539">
    <p class='ocr_par' dir='ltr' id='par_1_87' title="bbox 408 4459 1983 4539">
     <span class='ocr_line' id='line_1_87' title="bbox 408 4459 1983 4539; baseline 0.003 -26"><span class='ocrx_word' id='word_1_691' title='bbox 408 4459 640 4515; x_wconf 79' lang='lat' dir='ltr'><strong>fortasse</strong></span> <span class='ocrx_word' id='word_1_692' title='bbox 664 4476 731 4520; x_wconf 69' lang='lat' dir='ltr'><strong>ex</strong></span> <span class='ocrx_word' id='word_1_693' title='bbox 754 4476 944 4516; x_wconf 89' lang='lat' dir='ltr'><strong>eorum</strong></span> <span class='ocrx_word' id='word_1_694' title='bbox 972 4478 1199 4518; x_wconf 90' lang='lat' dir='ltr'><strong>numero</strong></span> <span class='ocrx_word' id='word_1_695' title='bbox 1218 4479 1245 4518; x_wconf 88' lang='lat' dir='ltr'><strong>s</strong></span> <span class='ocrx_word' id='word_1_696' title='bbox 1263 4471 1380 4527; x_wconf 91' lang='lat' dir='ltr'><strong>unt,</strong></span> <span class='ocrx_word' id='word_1_697' title='bbox 1399 4463 1492 4538; x_wconf 92' lang='lat' dir='ltr'><strong>qui</strong></span> <span class='ocrx_word' id='word_1_698' title='bbox 1516 4462 1754 4519; x_wconf 82' lang='lat' dir='ltr'><strong>fructum</strong></span> <span class='ocrx_word' id='word_1_699' title='bbox 1783 4464 1983 4539; x_wconf 82' lang='lat' dir='ltr'><strong>ferunt,</strong></span> 
     </span>
    </p>
   </div>
   <div class='ocr_carea' id='block_1_88' title="bbox 409 4541 1987 4625">
    <p class='ocr_par' dir='ltr' id='par_1_88' title="bbox 409 4541 1987 4625">
     <span class='ocr_line' id='line_1_88' title="bbox 409 4541 1987 4625; baseline 0.006 -23"><span class='ocrx_word' id='word_1_700' title='bbox 409 4551 499 4610; x_wconf 87' lang='lat' dir='ltr'><strong>alii</strong></span> <span class='ocrx_word' id='word_1_701' title='bbox 524 4552 905 4617; x_wconf 76' lang='lat' dir='ltr'><strong>centesimum,</strong></span> <span class='ocrx_word' id='word_1_702' title='bbox 942 4554 1034 4607; x_wconf 89' lang='lat' dir='ltr'><strong>alii</strong></span> <span class='ocrx_word' id='word_1_703' title='bbox 1059 4541 1482 4625; x_wconf 82' lang='lat' dir='ltr'><strong>sexagesimum,</strong></span> <span class='ocrx_word' id='word_1_704' title='bbox 1503 4554 1595 4608; x_wconf 89' lang='lat' dir='ltr'><strong>alii</strong></span> <span class='ocrx_word' id='word_1_705' title='bbox 1623 4556 1987 4612; x_wconf 77' lang='lat' dir='ltr'><strong>tricesimum.</strong></span> 
     </span>
    </p>
   </div>
   <div class='ocr_carea' id='block_1_89' title="bbox 407 4638 1994 4722">
    <p class='ocr_par' dir='ltr' id='par_1_89' title="bbox 407 4638 1994 4722">
     <span class='ocr_line' id='line_1_89' title="bbox 407 4638 1994 4722; baseline 0.006 -31"><span class='ocrx_word' id='word_1_706' title='bbox 407 4638 511 4709; x_wconf 84' lang='lat' dir='ltr'><strong>Qui</strong></span> <span class='ocrx_word' id='word_1_707' title='bbox 532 4655 659 4695; x_wconf 91' lang='lat' dir='ltr'><strong>vero</strong></span> <span class='ocrx_word' id='word_1_708' title='bbox 678 4656 865 4695; x_wconf 87' lang='lat' dir='ltr'><strong>eorum</strong></span> <span class='ocrx_word' id='word_1_709' title='bbox 892 4641 1131 4713; x_wconf 63' lang='lat' dir='ltr'><strong>praefecti</strong></span> <span class='ocrx_word' id='word_1_710' title='bbox 1156 4642 1321 4696; x_wconf 76' lang='lat' dir='ltr'><strong>futuri</strong></span> <span class='ocrx_word' id='word_1_711' title='bbox 1344 4654 1492 4710; x_wconf 91' lang='lat' dir='ltr'><strong>sunt,</strong></span> <span class='ocrx_word' id='word_1_712' title='bbox 1520 4646 1795 4722; x_wconf 87' lang='lat' dir='ltr'><strong>principes</strong></span> <span class='ocrx_word' id='word_1_713' title='bbox 1811 4662 1876 4702; x_wconf 86' lang='lat' dir='ltr'><strong>ac</strong></span> <span class='ocrx_word' id='word_1_714' title='bbox 1895 4648 1994 4703; x_wconf 87' lang='lat' dir='ltr'><strong>du-</strong></span> 
     </span>
    </p>
   </div>
   <div class='ocr_carea' id='block_1_90' title="bbox 408 4730 1987 4807">
    <p class='ocr_par' dir='ltr' id='par_1_90' title="bbox 408 4730 1987 4807">
     <span class='ocr_line' id='line_1_90' title="bbox 408 4730 1987 4807; baseline 0.006 -25"><span class='ocrx_word' id='word_1_715' title='bbox 408 4744 498 4784; x_wconf 84' lang='lat' dir='ltr'><strong>ces</strong></span> <span class='ocrx_word' id='word_1_716' title='bbox 514 4730 731 4798; x_wconf 83' lang='lat' dir='ltr'><strong>quidam</strong></span> <span class='ocrx_word' id='word_1_717' title='bbox 753 4732 1017 4807; x_wconf 89' lang='lat' dir='ltr'><strong>ipsorum,</strong></span> <span class='ocrx_word' id='word_1_718' title='bbox 1042 4735 1477 4803; x_wconf 84' lang='lat' dir='ltr'><strong>praecellentibus</strong></span> <span class='ocrx_word' id='word_1_719' title='bbox 1496 4737 1791 4793; x_wconf 82' lang='lat' dir='ltr'><strong>virtutibus</strong></span> <span class='ocrx_word' id='word_1_720' title='bbox 1827 4753 1987 4793; x_wconf 76' lang='grc' dir='ltr'>εισι-ο</span> 
     </span>
    </p>
   </div>
   <div class='ocr_carea' id='block_1_91' title="bbox 406 4820 1984 4891">
    <p class='ocr_par' dir='ltr' id='par_1_91' title="bbox 406 4820 1984 4891">
     <span class='ocr_line' id='line_1_91' title="bbox 406 4820 1984 4891; baseline 0.004 -17"><span class='ocrx_word' id='word_1_721' title='bbox 406 4820 685 4875; x_wconf 86' lang='lat' dir='ltr'><strong>nabuntur</strong></span> <span class='ocrx_word' id='word_1_722' title='bbox 699 4838 714 4886; x_wconf 87' lang='lat'><strong>;</strong></span> <span class='ocrx_word' id='word_1_723' title='bbox 729 4836 895 4891; x_wconf 90' lang='lat' dir='ltr'><strong>quare</strong></span> <span class='ocrx_word' id='word_1_724' title='bbox 911 4821 1112 4876; x_wconf 89' lang='lat' dir='ltr'><strong>dicitur</strong></span> <span class='ocrx_word' id='word_1_725' title='bbox 1131 4841 1173 4877; x_wconf 77' lang='grc' dir='ltr'>ει</span> <span class='ocrx_word' id='word_1_726' title='bbox 1199 4822 1376 4879; x_wconf 90' lang='lat' dir='ltr'><strong>lnduti</strong></span> <span class='ocrx_word' id='word_1_727' title='bbox 1390 4836 1517 4883; x_wconf 90' lang='lat' dir='ltr'><strong>sunt</strong></span> <span class='ocrx_word' id='word_1_728' title='bbox 1533 4827 1731 4882; x_wconf 86' lang='lat' dir='ltr'><strong>arietes</strong></span> <span class='ocrx_word' id='word_1_729' title='bbox 1748 4828 1951 4890; x_wconf 85' lang='lat' dir='ltr'><strong>ovium,</strong></span> <span class='ocrx_word' id='word_1_730' title='bbox 1967 4848 1984 4880; x_wconf 77' lang='grc' dir='ltr'><strong>ι</strong></span> 
     </span>
    </p>
   </div>
   <div class='ocr_carea' id='block_1_92' title="bbox 407 4911 1985 4977">
    <p class='ocr_par' dir='ltr' id='par_1_92' title="bbox 407 4911 1985 4977">
     <span class='ocr_line' id='line_1_92' title="bbox 407 4911 1985 4977; baseline 0.006 -12"><span class='ocrx_word' id='word_1_731' title='bbox 407 4927 472 4966; x_wconf 87' lang='lat' dir='ltr'><strong>ac</strong></span> <span class='ocrx_word' id='word_1_732' title='bbox 506 4912 551 4967; x_wconf 88' lang='lat' dir='ltr'><strong>si</strong></span> <span class='ocrx_word' id='word_1_733' title='bbox 590 4911 815 4976; x_wconf 90' lang='lat' dir='ltr'><strong>diceret,</strong></span> <span class='ocrx_word' id='word_1_734' title='bbox 866 4931 884 4965; x_wconf 86' lang='grc' dir='ltr'><strong>ι</strong></span> <span class='ocrx_word' id='word_1_735' title='bbox 909 4914 1222 4972; x_wconf 78' lang='lat' dir='ltr'><strong>inducatur.</strong></span> <span class='ocrx_word' id='word_1_736' title='bbox 1272 4918 1291 4969; x_wconf 56' lang='grc' dir='ltr'><strong>ι</strong></span> <span class='ocrx_word' id='word_1_737' title='bbox 1332 4919 1548 4977; x_wconf 84' lang='lat' dir='ltr'><strong>Arietes</strong></span> <span class='ocrx_word' id='word_1_738' title='bbox 1588 4928 1768 4974; x_wconf 86' lang='lat' dir='ltr'><strong>autem</strong></span> <span class='ocrx_word' id='word_1_739' title='bbox 1804 4921 1985 4975; x_wconf 88' lang='lat' dir='ltr'><strong>ovium</strong></span> 
     </span>
    </p>
   </div>
   <div class='ocr_carea' id='block_1_93' title="bbox 407 5001 1981 5080">
    <p class='ocr_par' dir='ltr' id='par_1_93' title="bbox 407 5001 1981 5080">
     <span class='ocr_line' id='line_1_93' title="bbox 407 5001 1981 5080; baseline 0.011 -27"><span class='ocrx_word' id='word_1_740' title='bbox 407 5001 680 5071; x_wconf 85' lang='lat' dir='ltr'><strong>principes</strong></span> <span class='ocrx_word' id='word_1_741' title='bbox 695 5015 760 5055; x_wconf 90' lang='lat' dir='ltr'><strong>ac</strong></span> <span class='ocrx_word' id='word_1_742' title='bbox 773 5002 939 5060; x_wconf 82' lang='lat' dir='ltr'><strong>duces</strong></span> <span class='ocrx_word' id='word_1_743' title='bbox 956 5015 1376 5062; x_wconf 87' lang='lat' dir='ltr'><strong>memoratorum</strong></span> <span class='ocrx_word' id='word_1_744' title='bbox 1391 5010 1668 5063; x_wconf 84' lang='lat' dir='ltr'><strong>hominum</strong></span> <span class='ocrx_word' id='word_1_745' title='bbox 1688 5010 1981 5080; x_wconf 70' lang='lat' dir='ltr'><strong>intelligas.</strong></span> 
     </span>
    </p>
   </div>
   <div class='ocr_carea' id='block_1_94' title="bbox 407 5093 1983 5166">
    <p class='ocr_par' dir='ltr' id='par_1_94' title="bbox 407 5093 1983 5166">
     <span class='ocr_line' id='line_1_94' title="bbox 407 5093 1983 5166; baseline 0.006 -20"><span class='ocrx_word' id='word_1_746' title='bbox 407 5093 501 5161; x_wconf 88' lang='lat' dir='ltr'><strong>qui</strong></span> <span class='ocrx_word' id='word_1_747' title='bbox 536 5093 708 5146; x_wconf 88' lang='lat' dir='ltr'><strong>induti</strong></span> <span class='ocrx_word' id='word_1_748' title='bbox 741 5101 888 5156; x_wconf 85' lang='lat' dir='ltr'><strong>sunt,</strong></span> <span class='ocrx_word' id='word_1_749' title='bbox 922 5095 1029 5150; x_wconf 90' lang='lat' dir='ltr'><strong>imo</strong></span> <span class='ocrx_word' id='word_1_750' title='bbox 1052 5098 1233 5165; x_wconf 85' lang='lat' dir='ltr'><strong>potius</strong></span> <span class='ocrx_word' id='word_1_751' title='bbox 1257 5098 1570 5154; x_wconf 79' lang='lat' dir='ltr'><strong>inducatur.</strong></span> <span class='ocrx_word' id='word_1_752' title='bbox 1590 5099 1728 5166; x_wconf 88' lang='lat' dir='ltr'><strong>Quid</strong></span> <span class='ocrx_word' id='word_1_753' title='bbox 1754 5100 1983 5155; x_wconf 87' lang='lat' dir='ltr'><strong>induen-</strong></span> 
     </span>
    </p>
   </div>
   <div class='ocr_carea' id='block_1_95' title="bbox 410 5173 1980 5256">
    <p class='ocr_par' dir='ltr' id='par_1_95' title="bbox 410 5173 1980 5256">
     <span class='ocr_line' id='line_1_95' title="bbox 410 5173 1980 5256; baseline 0.006 -20"><span class='ocrx_word' id='word_1_754' title='bbox 410 5192 497 5236; x_wconf 92' lang='lat' dir='ltr'><strong>tur</strong></span> <span class='ocrx_word' id='word_1_755' title='bbox 517 5182 865 5254; x_wconf 84' lang='lat' dir='ltr'><strong>cogitandum</strong></span> <span class='ocrx_word' id='word_1_756' title='bbox 890 5185 1049 5240; x_wconf 86' lang='lat' dir='ltr'><strong>nobis</strong></span> <span class='ocrx_word' id='word_1_757' title='bbox 1075 5173 1297 5256; x_wconf 83' lang='lat' dir='ltr'><strong>reliquit</strong></span> <span class='ocrx_word' id='word_1_758' title='bbox 1325 5206 1339 5253; x_wconf 88' lang='lat'><strong>;</strong></span> <span class='ocrx_word' id='word_1_759' title='bbox 1381 5189 1475 5244; x_wconf 90' lang='lat' dir='ltr'><strong>sed</strong></span> <span class='ocrx_word' id='word_1_760' title='bbox 1505 5190 1611 5244; x_wconf 91' lang='lat' dir='ltr'><strong>tale</strong></span> <span class='ocrx_word' id='word_1_761' title='bbox 1640 5188 1799 5244; x_wconf 90' lang='lat' dir='ltr'><strong>nobis</strong></span> <span class='ocrx_word' id='word_1_762' title='bbox 1822 5189 1980 5245; x_wconf 90' lang='lat' dir='ltr'><strong>indu-</strong></span> 
     </span>
    </p>
   </div>
   <div class='ocr_carea' id='block_1_96' title="bbox 407 5272 1977 5353">
    <p class='ocr_par' dir='ltr' id='par_1_96' title="bbox 407 5272 1977 5353">
     <span class='ocr_line' id='line_1_96' title="bbox 407 5272 1977 5353; baseline 0.004 -28"><span class='ocrx_word' id='word_1_763' title='bbox 407 5280 648 5331; x_wconf 89' lang='lat' dir='ltr'><strong>mentum</strong></span> <span class='ocrx_word' id='word_1_764' title='bbox 663 5272 901 5326; x_wconf 88' lang='lat' dir='ltr'><strong>declarat</strong></span> <span class='ocrx_word' id='word_1_765' title='bbox 917 5272 1136 5331; x_wconf 87' lang='lat' dir='ltr'><strong>divinus</strong></span> <span class='ocrx_word' id='word_1_766' title='bbox 1152 5275 1444 5344; x_wconf 82' lang='lat' dir='ltr'><strong>Apostolus</strong></span> <span class='ocrx_word' id='word_1_767' title='bbox 1461 5276 1649 5332; x_wconf 90' lang='lat' dir='ltr'><strong>dicens</strong></span> <span class='ocrx_word' id='word_1_768' title='bbox 1673 5296 1695 5353; x_wconf 18' lang='lat' dir='ltr'><strong>:V</strong></span> <span class='ocrx_word' id='word_1_769' title='bbox 1713 5297 1730 5329; x_wconf 80' lang='grc' dir='ltr'><strong>ι</strong></span> <span class='ocrx_word' id='word_1_770' title='bbox 1751 5276 1977 5353; x_wconf 89' lang='lat' dir='ltr'><strong>Oportet</strong></span> 
     </span>
    </p>
   </div>
   <div class='ocr_carea' id='block_1_97' title="bbox 409 5360 1976 5440">
    <p class='ocr_par' dir='ltr' id='par_1_97' title="bbox 409 5360 1976 5440">
     <span class='ocr_line' id='line_1_97' title="bbox 409 5360 1976 5440; baseline 0.007 -28"><span class='ocrx_word' id='word_1_771' title='bbox 409 5360 761 5440; x_wconf 83' lang='lat' dir='ltr'><strong>corruptibile</strong></span> <span class='ocrx_word' id='word_1_772' title='bbox 775 5361 875 5415; x_wconf 84' lang='lat' dir='ltr'><strong>hoc</strong></span> <span class='ocrx_word' id='word_1_773' title='bbox 898 5360 1122 5416; x_wconf 87' lang='lat' dir='ltr'><strong>induere</strong></span> <span class='ocrx_word' id='word_1_774' title='bbox 1144 5362 1605 5439; x_wconf 88' lang='lat' dir='ltr'><strong>incorruptionem</strong></span> <span class='ocrx_word' id='word_1_775' title='bbox 1618 5366 1696 5434; x_wconf 77' lang='lat'><strong>“;</strong></span> <span class='ocrx_word' id='word_1_776' title='bbox 1732 5387 1751 5421; x_wconf 76' lang='grc' dir='ltr'><strong>ι</strong></span> <span class='ocrx_word' id='word_1_777' title='bbox 1782 5383 1846 5423; x_wconf 90' lang='lat' dir='ltr'><strong>ac</strong></span> <span class='ocrx_word' id='word_1_778' title='bbox 1862 5384 1976 5423; x_wconf 88' lang='lat' dir='ltr'><strong>rur-</strong></span> 
     </span>
    </p>
   </div>
   <div class='ocr_carea' id='block_1_98' title="bbox 410 5450 1973 5529">
    <p class='ocr_par' dir='ltr' id='par_1_98' title="bbox 410 5450 1973 5529">
     <span class='ocr_line' id='line_1_98' title="bbox 410 5450 1973 5529; baseline 0.005 -24"><span class='ocrx_word' id='word_1_779' title='bbox 410 5466 557 5506; x_wconf 85' lang='lat' dir='ltr'><strong>sum:</strong></span> <span class='ocrx_word' id='word_1_780' title='bbox 581 5472 599 5503; x_wconf 87' lang='grc'><em>‹</em></span> <span class='ocrx_word' id='word_1_781' title='bbox 623 5450 697 5505; x_wconf 77' lang='lat' dir='ltr'><strong>Eo</strong></span> <span class='ocrx_word' id='word_1_782' title='bbox 715 5452 858 5522; x_wconf 87' lang='lat' dir='ltr'><strong>quod</strong></span> <span class='ocrx_word' id='word_1_783' title='bbox 880 5453 1131 5510; x_wconf 87' lang='lat' dir='ltr'><strong>nolumus</strong></span> <span class='ocrx_word' id='word_1_784' title='bbox 1146 5455 1462 5525; x_wconf 77' lang='lat' dir='ltr'><strong>exspoliari.</strong></span> <span class='ocrx_word' id='word_1_785' title='bbox 1477 5456 1571 5512; x_wconf 89' lang='lat' dir='ltr'><strong>sed</strong></span> <span class='ocrx_word' id='word_1_786' title='bbox 1590 5460 1973 5529; x_wconf 84' lang='lat' dir='ltr'><strong>supervestiri,</strong></span> 
     </span>
    </p>
   </div>
   <div class='ocr_carea' id='block_1_99' title="bbox 482 5604 2045 5695">
    <p class='ocr_par' dir='ltr' id='par_1_99' title="bbox 482 5604 2045 5695">
     <span class='ocr_line' id='line_1_99' title="bbox 482 5604 2045 5695; baseline 0.008 -38"><span class='ocrx_word' id='word_1_787' title='bbox 482 5604 527 5636; x_wconf 80' lang='lat'><strong>“</strong></span> <span class='ocrx_word' id='word_1_788' title='bbox 553 5606 655 5660; x_wconf 88' lang='lat' dir='ltr'><strong>lsa.</strong></span> <span class='ocrx_word' id='word_1_789' title='bbox 688 5622 799 5674; x_wconf 76' lang='lat' dir='ltr'><strong>ut,</strong></span> <span class='ocrx_word' id='word_1_790' title='bbox 834 5610 885 5665; x_wconf 81' lang='lat' dir='ltr'><strong>l.</strong></span> <span class='ocrx_word' id='word_1_791' title='bbox 1040 5612 1143 5665; x_wconf 88' lang='lat' dir='ltr'><strong>lsa.</strong></span> <span class='ocrx_word' id='word_1_792' title='bbox 1175 5625 1365 5679; x_wconf 78' lang='lat' dir='ltr'><strong>xxvm,</strong></span> <span class='ocrx_word' id='word_1_793' title='bbox 1404 5610 1457 5667; x_wconf 88' lang='lat'><strong>5.</strong></span> <span class='ocrx_word' id='word_1_794' title='bbox 1558 5613 1603 5644; x_wconf 67' lang='grc' dir='ltr'>δ’</span> <span class='ocrx_word' id='word_1_795' title='bbox 1637 5610 1807 5669; x_wconf 85' lang='lat' dir='ltr'><strong>lCor.</strong></span> <span class='ocrx_word' id='word_1_796' title='bbox 1839 5630 1928 5681; x_wconf 82' lang='lat' dir='ltr'><strong>xv,</strong></span> <span class='ocrx_word' id='word_1_797' title='bbox 1958 5611 2045 5669; x_wconf 79' lang='lat'><strong>55.</strong></span> 
     </span>
    </p>
   </div>
   <div class='ocr_carea' id='block_1_100' title="bbox 2088 4472 3684 4551">
    <p class='ocr_par' dir='ltr' id='par_1_100' title="bbox 2088 4472 3684 4551">
     <span class='ocr_line' id='line_1_100' title="bbox 2088 4472 3684 4551; baseline 0.009 -29"><span class='ocrx_word' id='word_1_798' title='bbox 2088 4486 2198 4523; x_wconf 85' lang='grc' dir='ltr'>ται.</span> <span class='ocrx_word' id='word_1_799' title='bbox 2233 4472 2341 4524; x_wconf 75' lang='grc' dir='ltr'><strong>Καὶ</strong></span> <span class='ocrx_word' id='word_1_800' title='bbox 2364 4472 2492 4537; x_wconf 88' lang='grc' dir='ltr'>τρία</span> <span class='ocrx_word' id='word_1_801' title='bbox 2517 4474 2616 4543; x_wconf 80' lang='grc' dir='ltr'><strong>μὲν</strong></span> <span class='ocrx_word' id='word_1_802' title='bbox 2665 4475 2837 4529; x_wconf 85' lang='grc' dir='ltr'>ταῦτα</span> <span class='ocrx_word' id='word_1_803' title='bbox 2856 4476 3112 4548; x_wconf 84' lang='grc' dir='ltr'>τάγματα</span> <span class='ocrx_word' id='word_1_804' title='bbox 3135 4480 3277 4533; x_wconf 82' lang='grc' dir='ltr'>κατὰ</span> <span class='ocrx_word' id='word_1_805' title='bbox 3301 4480 3392 4534; x_wconf 77' lang='grc' dir='ltr'><strong>τὸν</strong></span> <span class='ocrx_word' id='word_1_806' title='bbox 3416 4481 3684 4551; x_wconf 79' lang='grc' dir='ltr'>μέλλοντα</span> 
     </span>
    </p>
   </div>
   <div class='ocr_carea' id='block_1_101' title="bbox 2090 4561 3684 4642">
    <p class='ocr_par' dir='ltr' id='par_1_101' title="bbox 2090 4561 3684 4642">
     <span class='ocr_line' id='line_1_101' title="bbox 2090 4561 3684 4642; baseline 0.008 -31"><span class='ocrx_word' id='word_1_807' title='bbox 2090 4561 2336 4616; x_wconf 75' lang='grc' dir='ltr'>ἐνιαυτὸν</span> <span class='ocrx_word' id='word_1_808' title='bbox 2384 4562 2487 4632; x_wconf 82' lang='grc' dir='ltr'>τῆς</span> <span class='ocrx_word' id='word_1_809' title='bbox 2528 4566 2894 4638; x_wconf 79' lang='grc' dir='ltr'>χρηστότητος</span> <span class='ocrx_word' id='word_1_810' title='bbox 2954 4568 3049 4622; x_wconf 88' lang='grc' dir='ltr'><strong>τοῦ</strong></span> <span class='ocrx_word' id='word_1_811' title='bbox 3103 4568 3237 4622; x_wconf 82' lang='grc' dir='ltr'>Θεοῦ</span> <span class='ocrx_word' id='word_1_812' title='bbox 3278 4568 3531 4637; x_wconf 74' lang='grc' dir='ltr'>τεύξεται</span> <span class='ocrx_word' id='word_1_813' title='bbox 3582 4572 3684 4642; x_wconf 77' lang='grc' dir='ltr'>τῆς</span> 
     </span>
    </p>
   </div>
   <div class='ocr_carea' id='block_1_102' title="bbox 2094 4647 3683 4733">
    <p class='ocr_par' dir='ltr' id='par_1_102' title="bbox 2094 4647 3683 4733">
     <span class='ocr_line' id='line_1_102' title="bbox 2094 4647 3683 4733; baseline 0.008 -30"><span class='ocrx_word' id='word_1_814' title='bbox 2094 4651 2518 4723; x_wconf 83' lang='grc' dir='ltr'>μακαριότητος·</span> <span class='ocrx_word' id='word_1_815' title='bbox 2545 4655 2685 4725; x_wconf 83' lang='grc' dir='ltr'>τάχα</span> <span class='ocrx_word' id='word_1_816' title='bbox 2720 4672 2820 4709; x_wconf 87' lang='grc' dir='ltr'><strong>που</strong></span> <span class='ocrx_word' id='word_1_817' title='bbox 2853 4656 2918 4721; x_wconf 72' lang='grc' dir='ltr'>ἐξ</span> <span class='ocrx_word' id='word_1_818' title='bbox 2939 4659 3163 4713; x_wconf 73' lang='grc' dir='ltr'>ἐκείνων</span> <span class='ocrx_word' id='word_1_819' title='bbox 3186 4659 3357 4723; x_wconf 72' lang='grc' dir='ltr'>ὄντες,</span> <span class='ocrx_word' id='word_1_820' title='bbox 3382 4653 3457 4713; x_wconf 82' lang='grc' dir='ltr'><strong>ὧν</strong></span> <span class='ocrx_word' id='word_1_821' title='bbox 3482 4663 3534 4715; x_wconf 80' lang='lat' dir='ltr'><strong>ot</strong></span> <span class='ocrx_word' id='word_1_822' title='bbox 3583 4647 3683 4733; x_wconf 61' lang='grc' dir='ltr'><strong>μέν</strong></span> 
     </span>
    </p>
   </div>
   <div class='ocr_carea' id='block_1_103' title="bbox 2092 4739 3684 4821">
    <p class='ocr_par' dir='ltr' id='par_1_103' title="bbox 2092 4739 3684 4821">
     <span class='ocr_line' id='line_1_103' title="bbox 2092 4739 3684 4821; baseline 0.009 -31"><span class='ocrx_word' id='word_1_823' title='bbox 2092 4739 2311 4791; x_wconf 76' lang='grc' dir='ltr'>ἐποίουν</span> <span class='ocrx_word' id='word_1_824' title='bbox 2336 4739 2404 4814; x_wconf 77' lang='grc' dir='ltr'>ρ’,</span> <span class='ocrx_word' id='word_1_825' title='bbox 2422 4743 2471 4794; x_wconf 87' lang='grc' dir='ltr'>οἱ</span> <span class='ocrx_word' id='word_1_826' title='bbox 2501 4741 2558 4794; x_wconf 85' lang='grc' dir='ltr'>δὲ</span> <span class='ocrx_word' id='word_1_827' title='bbox 2577 4741 2638 4807; x_wconf 79' lang='grc' dir='ltr'><strong>ξ’,</strong></span> <span class='ocrx_word' id='word_1_828' title='bbox 2657 4746 2704 4796; x_wconf 89' lang='grc' dir='ltr'>οἱ</span> <span class='ocrx_word' id='word_1_829' title='bbox 2732 4745 2788 4797; x_wconf 77' lang='grc' dir='ltr'>δὲ</span> <span class='ocrx_word' id='word_1_830' title='bbox 2805 4746 2868 4798; x_wconf 86' lang='grc' dir='ltr'>λ’.</span> <span class='ocrx_word' id='word_1_831' title='bbox 2882 4749 2943 4801; x_wconf 89' lang='grc' dir='ltr'><strong>Οί</strong></span> <span class='ocrx_word' id='word_1_832' title='bbox 2971 4748 3027 4800; x_wconf 86' lang='grc' dir='ltr'>δὲ</span> <span class='ocrx_word' id='word_1_833' title='bbox 3043 4747 3249 4803; x_wconf 80' lang='grc' dir='ltr'>τούτων</span> <span class='ocrx_word' id='word_1_834' title='bbox 3261 4750 3684 4821; x_wconf 82' lang='grc' dir='ltr'>ὲπιστησόμενοι</span> 
     </span>
    </p>
   </div>
   <div class='ocr_carea' id='block_1_104' title="bbox 2092 4828 3683 4908">
    <p class='ocr_par' dir='ltr' id='par_1_104' title="bbox 2092 4828 3683 4908">
     <span class='ocr_line' id='line_1_104' title="bbox 2092 4828 3683 4908; baseline 0.007 -27"><span class='ocrx_word' id='word_1_835' title='bbox 2092 4828 2352 4898; x_wconf 84' lang='grc' dir='ltr'>ἄρχοντές</span> <span class='ocrx_word' id='word_1_836' title='bbox 2394 4847 2541 4893; x_wconf 89' lang='grc' dir='ltr'>τινες</span> <span class='ocrx_word' id='word_1_837' title='bbox 2593 4831 2687 4882; x_wconf 75' lang='grc' dir='ltr'><strong>καὶ</strong></span> <span class='ocrx_word' id='word_1_838' title='bbox 2720 4833 2987 4908; x_wconf 81' lang='grc' dir='ltr'>ἡγεμόνες</span> <span class='ocrx_word' id='word_1_839' title='bbox 3018 4834 3163 4906; x_wconf 82' lang='grc' dir='ltr'>τινὲς</span> <span class='ocrx_word' id='word_1_840' title='bbox 3194 4835 3395 4898; x_wconf 76' lang='grc' dir='ltr'>αὐτῶν,</span> <span class='ocrx_word' id='word_1_841' title='bbox 3427 4838 3487 4888; x_wconf 76' lang='grc' dir='ltr'>ἐν</span> <span class='ocrx_word' id='word_1_842' title='bbox 3516 4837 3683 4892; x_wconf 76' lang='grc' dir='ltr'>δυνάο</span> 
     </span>
    </p>
   </div>
   <div class='ocr_carea' id='block_1_105' title="bbox 2098 4918 3684 4994">
    <p class='ocr_par' dir='ltr' id='par_1_105' title="bbox 2098 4918 3684 4994">
     <span class='ocr_line' id='line_1_105' title="bbox 2098 4918 3684 4994; baseline 0.006 -24"><span class='ocrx_word' id='word_1_843' title='bbox 2098 4935 2255 4989; x_wconf 89' lang='grc' dir='ltr'>μεσιν</span> <span class='ocrx_word' id='word_1_844' title='bbox 2280 4918 2579 4991; x_wconf 75' lang='grc' dir='ltr'>ἐξαιρέτοις</span> <span class='ocrx_word' id='word_1_845' title='bbox 2621 4922 3078 4994; x_wconf 77' lang='grc' dir='ltr'>κοσμηθήσονται·</span> <span class='ocrx_word' id='word_1_846' title='bbox 3108 4925 3189 4978; x_wconf 78' lang='grc' dir='ltr'>διὸ</span> <span class='ocrx_word' id='word_1_847' title='bbox 3207 4925 3477 4981; x_wconf 82' lang='grc' dir='ltr'>λέλεκται·</span> <span class='ocrx_word' id='word_1_848' title='bbox 3515 4947 3535 4978; x_wconf 79' lang='grc' dir='ltr'><strong>ι</strong></span> <span class='ocrx_word' id='word_1_849' title='bbox 3573 4928 3684 4981; x_wconf 81' lang='grc' dir='ltr'><strong>Ἐν‹</strong></span> 
     </span>
    </p>
   </div>
   <div class='ocr_carea' id='block_1_106' title="bbox 2092 5002 3681 5084">
    <p class='ocr_par' dir='ltr' id='par_1_106' title="bbox 2092 5002 3681 5084">
     <span class='ocr_line' id='line_1_106' title="bbox 2092 5002 3681 5084; baseline 0.007 -24"><span class='ocrx_word' id='word_1_850' title='bbox 2092 5008 2345 5062; x_wconf 74' lang='grc' dir='ltr'>εδὺσαντο</span> <span class='ocrx_word' id='word_1_851' title='bbox 2373 5002 2431 5069; x_wconf 75' lang='grc' dir='ltr'>οἱ</span> <span class='ocrx_word' id='word_1_852' title='bbox 2452 5012 2597 5081; x_wconf 72' lang='grc' dir='ltr'>κριοὶ</span> <span class='ocrx_word' id='word_1_853' title='bbox 2616 5011 2725 5066; x_wconf 85' lang='grc' dir='ltr'>τῶν</span> <span class='ocrx_word' id='word_1_854' title='bbox 2760 5013 3101 5084; x_wconf 64' lang='grc' dir='ltr'>προϐάτων»</span> <span class='ocrx_word' id='word_1_855' title='bbox 3131 5014 3251 5068; x_wconf 72' lang='grc' dir='ltr'>ἀντὶ</span> <span class='ocrx_word' id='word_1_856' title='bbox 3281 5015 3395 5069; x_wconf 88' lang='grc' dir='ltr'>τοῦ·</span> <span class='ocrx_word' id='word_1_857' title='bbox 3429 5036 3447 5067; x_wconf 78' lang='grc' dir='ltr'><strong>ι</strong></span> <span class='ocrx_word' id='word_1_858' title='bbox 3493 5019 3681 5071; x_wconf 78' lang='grc' dir='ltr'>Ἐνδύ-</span> 
     </span>
    </p>
   </div>
   <div class='ocr_carea' id='block_1_107' title="bbox 2092 5103 3681 5179">
    <p class='ocr_par' dir='ltr' id='par_1_107' title="bbox 2092 5103 3681 5179">
     <span class='ocr_line' id='line_1_107' title="bbox 2092 5103 3681 5179; baseline 0.006 -27"><span class='ocrx_word' id='word_1_859' title='bbox 2092 5117 2327 5155; x_wconf 75' lang='grc' dir='ltr'>σονται.»</span> <span class='ocrx_word' id='word_1_860' title='bbox 2363 5103 2568 5171; x_wconf 79' lang='grc' dir='ltr'>Κριοῦς</span> <span class='ocrx_word' id='word_1_861' title='bbox 2622 5103 2680 5157; x_wconf 81' lang='grc' dir='ltr'>δὲ</span> <span class='ocrx_word' id='word_1_862' title='bbox 2728 5104 3017 5176; x_wconf 87' lang='grc' dir='ltr'>προϐάτων</span> <span class='ocrx_word' id='word_1_863' title='bbox 3068 5106 3193 5170; x_wconf 77' lang='grc' dir='ltr'>τοὺς</span> <span class='ocrx_word' id='word_1_864' title='bbox 3234 5105 3503 5178; x_wconf 78' lang='grc' dir='ltr'>ἄρχοντας</span> <span class='ocrx_word' id='word_1_865' title='bbox 3557 5109 3681 5179; x_wconf 73' lang='grc' dir='ltr'>τοὺς</span> 
     </span>
    </p>
   </div>
   <div class='ocr_carea' id='block_1_108' title="bbox 2086 5193 3680 5271">
    <p class='ocr_par' dir='ltr' id='par_1_108' title="bbox 2086 5193 3680 5271">
     <span class='ocr_line' id='line_1_108' title="bbox 2086 5193 3680 5271; baseline 0.004 -27"><span class='ocrx_word' id='word_1_866' title='bbox 2086 5193 2423 5263; x_wconf 79' lang='grc' dir='ltr'>ἡγουμένους</span> <span class='ocrx_word' id='word_1_867' title='bbox 2447 5193 2557 5249; x_wconf 85' lang='grc' dir='ltr'>τῶν</span> <span class='ocrx_word' id='word_1_868' title='bbox 2581 5195 2989 5271; x_wconf 76' lang='grc' dir='ltr'>προλεχθέντων</span> <span class='ocrx_word' id='word_1_869' title='bbox 3018 5199 3252 5269; x_wconf 86' lang='grc' dir='ltr'>νοήσεις,</span> <span class='ocrx_word' id='word_1_870' title='bbox 3272 5198 3469 5262; x_wconf 80' lang='grc' dir='ltr'>οἵτινες</span> <span class='ocrx_word' id='word_1_871' title='bbox 3496 5198 3680 5252; x_wconf 76' lang='grc' dir='ltr'>ἐνεδύ-</span> 
     </span>
    </p>
   </div>
   <div class='ocr_carea' id='block_1_109' title="bbox 2087 5284 3675 5355">
    <p class='ocr_par' dir='ltr' id='par_1_109' title="bbox 2087 5284 3675 5355">
     <span class='ocr_line' id='line_1_109' title="bbox 2087 5284 3675 5355; baseline 0.006 -22"><span class='ocrx_word' id='word_1_872' title='bbox 2087 5284 2311 5354; x_wconf 76' lang='grc' dir='ltr'>σαντοή</span> <span class='ocrx_word' id='word_1_873' title='bbox 2345 5284 2437 5337; x_wconf 81' lang='grc' dir='ltr'>καὶ</span> <span class='ocrx_word' id='word_1_874' title='bbox 2471 5284 2671 5355; x_wconf 82' lang='grc' dir='ltr'>μᾶλλον</span> <span class='ocrx_word' id='word_1_875' title='bbox 2734 5287 3062 5341; x_wconf 79' lang='grc' dir='ltr'>ὲνδύσονται.</span> <span class='ocrx_word' id='word_1_876' title='bbox 3116 5285 3179 5340; x_wconf 87' lang='grc' dir='ltr'>Τί</span> <span class='ocrx_word' id='word_1_877' title='bbox 3226 5288 3286 5342; x_wconf 73' lang='grc' dir='ltr'>δὲ</span> <span class='ocrx_word' id='word_1_878' title='bbox 3341 5288 3675 5351; x_wconf 78' lang='grc' dir='ltr'>ἑνδύσονται,</span> 
     </span>
    </p>
   </div>
   <div class='ocr_carea' id='block_1_110' title="bbox 2080 5371 3670 5449">
    <p class='ocr_par' dir='ltr' id='par_1_110' title="bbox 2080 5371 3670 5449">
     <span class='ocr_line' id='line_1_110' title="bbox 2080 5371 3670 5449; baseline -0.003 -18"><span class='ocrx_word' id='word_1_879' title='bbox 2080 5371 2212 5440; x_wconf 79' lang='grc' dir='ltr'>ἡμῖν</span> <span class='ocrx_word' id='word_1_880' title='bbox 2253 5372 2641 5449; x_wconf 84' lang='grc' dir='ltr'>καταλέλοιπεν</span> <span class='ocrx_word' id='word_1_881' title='bbox 2671 5378 2830 5429; x_wconf 84' lang='grc' dir='ltr'>νοεῖν·</span> <span class='ocrx_word' id='word_1_882' title='bbox 2865 5375 3105 5437; x_wconf 83' lang='grc' dir='ltr'>διδάσκει</span> <span class='ocrx_word' id='word_1_883' title='bbox 3150 5376 3206 5429; x_wconf 84' lang='grc' dir='ltr'>δὲ</span> <span class='ocrx_word' id='word_1_884' title='bbox 3229 5376 3289 5429; x_wconf 83' lang='grc' dir='ltr'>τὸ</span> <span class='ocrx_word' id='word_1_885' title='bbox 3316 5376 3524 5447; x_wconf 73' lang='grc' dir='ltr'>ἔνδυμα</span> <span class='ocrx_word' id='word_1_886' title='bbox 3549 5376 3670 5429; x_wconf 77' lang='grc' dir='ltr'>τού-</span> 
     </span>
    </p>
   </div>
   <div class='ocr_carea' id='block_1_111' title="bbox 2076 5450 3678 5539">
    <p class='ocr_par' dir='ltr' id='par_1_111' title="bbox 2076 5450 3678 5539">
     <span class='ocr_line' id='line_1_111' title="bbox 2076 5450 3678 5539; baseline 0.006 -27"><span class='ocrx_word' id='word_1_887' title='bbox 2076 5475 2186 5514; x_wconf 91' lang='grc' dir='ltr'><strong>των</strong></span> <span class='ocrx_word' id='word_1_888' title='bbox 2216 5463 2246 5515; x_wconf 90' lang='lat'><strong>6</strong></span> <span class='ocrx_word' id='word_1_889' title='bbox 2278 5462 2417 5527; x_wconf 84' lang='grc' dir='ltr'>θεῖος</span> <span class='ocrx_word' id='word_1_890' title='bbox 2450 5465 2772 5530; x_wconf 76' lang='grc' dir='ltr'>’Λπόστολος</span> <span class='ocrx_word' id='word_1_891' title='bbox 2802 5466 2993 5538; x_wconf 78' lang='grc' dir='ltr'>λέγων·</span> <span class='ocrx_word' id='word_1_892' title='bbox 3016 5470 3139 5522; x_wconf 76' lang='grc' dir='ltr'>«Δεῖ</span> <span class='ocrx_word' id='word_1_893' title='bbox 3161 5468 3221 5521; x_wconf 80' lang='grc' dir='ltr'>τὸ</span> <span class='ocrx_word' id='word_1_894' title='bbox 3253 5450 3493 5539; x_wconf 76' lang='grc' dir='ltr'>φθαρτὸν</span> <span class='ocrx_word' id='word_1_895' title='bbox 3514 5465 3678 5527; x_wconf 69' lang='grc' dir='ltr'>τοῦτο</span> 
     </span>
    </p>
   </div>
  </div>
