4062 6208
333 277 438 333 6ιὸ
470 312 481 319 ~

1471 266 1980 325 COMMENTARIA
2020 267 2084 322 lN
2127 264 2472 322 PSALMOS.

3507 265 3614 320 646

333 388 652 444 ἐνδύσασθαι
702 387 1026 459 ἀφθαρσίαν·
1057 405 1076 438 ›
1111 386 1205 439 καὶ
1230 385 1407 439 πάλιν·
1432 403 1450 436 ι
1482 385 1595 453 Ἐφ’
1621 377 1664 451 ᾧ
1687 385 1747 436 οὑ
1775 383 1913 436 θέλο-

2033 391 2092 435 ut
2114 380 2476 436 absorbeatur
2497 377 2640 448 quod
2663 370 2892 434 mortale
2906 374 2989 435 é'st
3006 391 3036 431 a
3051 377 3163 433 vita
3176 379 3246 434 ⁸⁸.
3276 401 3294 431 ι
3311 377 3612 434 lnduentur

337 498 436 553 μεν
451 479 775 534 ἐνδύσασθαι
806 479 883 550 (1)
901 479 1044 544 ,ἀλλ’
1067 477 1481 544 ἐπενδύσασθαι,
1508 478 1597 530 ἴνα
1625 478 1911 548 καταποθῇ

333 572 394 625 τὸ
424 571 617 641 θνητὸν
676 571 782 624 ὑπὸ
821 571 922 640 τῆς
981 569 1145 641 ζωῆς.
1179 590 1198 621 ι
1264 570 1602 624 Ἐνδύσονται
1652 571 1835 623 τοίνυν
1863 571 1914 622 οἰ

333 662 479 734 κριοὶ
499 662 560 715 τὸ
587 662 866 733 ὲμπρέπον
888 662 1068 725 αὐτοῖς
1105 661 1327 732 ἔνδυμα,
1351 661 1442 714 τοῦ
1469 660 1709 733 φθαρτοῦ
1737 661 1917 732 σώμα-

332 766 426 812 τος
457 749 640 812 αὐτοῖς
688 749 1110 820 μεταϐάλλοντος
1153 751 1233 813 εἰς
1277 750 1610 820 ἀφθαρσίαν,
1671 751 1767 805 καὶ
1819 752 1912 804 τοῦ

334 839 530 912 θνητοῦ
559 843 638 903 εἰς
669 839 981 894 ἀθανασίαν.
1045 840 1201 894 Οῦτω
1254 842 1384 910 γοῦν
1432 842 1576 896 κατά
1623 843 1685 895 τὸ
1733 844 1907 914 παρά-

329 931 532 1002 δειγμα
553 932 644 984 καὶ
676 933 723 983 οἰ
745 933 887 1003 κριοὶ
915 932 1126 985 οἴκοθεν
1153 933 1449 1002 ἐπάγονται
1473 933 1536 987 τὸ
1562 933 1786 1004 ἔνδυμα,
1818 936 1913 989 τοῦ

337 1021 584 1095 σώματος
647 1023 826 1087 αὐτοῖς
881 1024 1352 1095 καρποφοροῦντος
1403 1026 1495 1078 τὸν
1531 1025 1717 1079 πόκον.
1756 1025 1915 1079 Ἀλλά

334 1111 427 1163 καὶ
456 1111 617 1164 αὑτὸν
646 1111 952 1165 ἐνδύσονται
984 1113 1074 1166 τὸν
1107 1113 1308 1187 Κύριον
1331 1115 1487 1186 ήμῶν
1532 1115 1740 1186 Ἰησοῦν
1776 1117 1907 1188 Χρι-

335 1203 478 1269 στὸν,
501 1203 563 1255 τὸ
591 1203 868 1276 ἐξαίρετον
894 1205 1098 1276 ἔνδυμα
1127 1206 1186 1258 τὸ
1215 1207 1329 1275 φῶς
1349 1207 1447 1277 τῆς
1467 1206 1718 1278 θεότητος
1749 1208 1913 1262 αὑτοῦ

333 1295 800 1366 περιϐαλούμενοι.
836 1297 955 1348 Ἔτι
1004 1297 1101 1366 μὲν
1154 1298 1248 1349 καὶ
1287 1315 1305 1347 ι
1346 1300 1401 1350 αἰ
1444 1297 1689 1361 κοιλάδες
1721 1316 1739 1349 ι
1792 1299 1913 1351 τότε
1965 1355 1972 1361 η

340 1405 356 1436 ι
402 1385 730 1456 πληθυνοῦσι
777 1389 940 1440 σῖτον.
968 1405 986 1438 ι
1025 1387 1170 1440 Ἔδει
1196 1387 1304 1459 γὰρ
1338 1388 1472 1458 μηδέ
1500 1388 1608 1441 τῶν
1657 1388 1916 1442 κοιλάδων

331 1479 735 1549 ἀμνημονῆσαι·
770 1478 1027 1549 ἀνωτέρω
1053 1478 1151 1548 μὲν
1183 1479 1290 1552 γὰρ
1316 1479 1566 1542 πεδιάδες
1596 1479 1918 1550 ὠνομάσθη-

335 1587 433 1622 σαν
461 1569 552 1624 καὶ
572 1570 702 1641 ὄρεα
733 1570 943 1640 ἐρήμου
974 1570 1069 1623 καὶ
1098 1569 1298 1639 βουνοί.
1351 1571 1568 1641 Ἐπειδὴ
1602 1571 1658 1623 δέ
1688 1572 1792 1623 εἰσι
1822 1570 1916 1624 καὶ

333 1659 483 1730 παρά
504 1658 575 1711 τὰ
594 1657 857 1728 λεχθέντα
886 1658 1141 1729 τάγματα
1174 1657 1322 1711 ἄλλοι
1351 1660 1495 1721 τινὲς
1519 1660 1912 1730 ταπεινότεροι.

2018 477 2198 547 itaque
2224 477 2424 529 arietes
2447 474 2766 543 congruenti
2793 473 2894 526 sibi
2915 473 3260 535 vestimento,
3276 461 3483 528 mutato
3496 487 3595 528 cor

2016 566 2259 638 ruptibili
2287 579 2517 636 corpore
2539 564 2591 617 in
2615 564 3106 634 incorruptionem,
3123 572 3178 618 et
3202 564 3418 618 mortali
3443 563 3496 616 in
3515 565 3608 619 im-

2017 652 2522 713 mortalitatem.Sic
2540 654 2722 723 itaque
2742 653 3043 708 secundum
3062 655 3292 723 exempli
3314 654 3608 718 rationem,

2016 747 2217 801 arietes
2243 746 2624 800 vestimentum
2646 743 2747 796 sibi
2767 742 3095 810 producunt,
3120 757 3348 812 corpore
3371 743 3491 812 ipso
3507 744 3610 797 vel-

2017 839 2103 892 lus
2124 837 2424 892 emittente.
2453 837 2566 890 lmo
2588 849 2718 888 vero
2747 835 2925 904 ipsum
2951 831 3236 888 Dominum
3251 843 3498 888 nostrum
3517 831 3609 886 Je-

2017 944 2136 984 sum
2155 927 2434 982 Christum
2468 925 2694 980 induent
2721 923 3174 995 prtestantissimo
3204 923 3296 978 illo
3319 923 3610 979 indumen-

2017 1030 2093 1085 to,
2122 1022 2243 1076 luce
2261 1035 2456 1090 nempe
2472 1020 2690 1074 deitatis
2712 1018 2998 1073 vestiendi.
3024 1018 3104 1072 Ad
3130 1017 3246 1072 haec
3277 1026 3457 1072 autem
3478 1027 3609 1072 tunc

2023 1132 2040 1164 ι
2061 1114 2239 1167 valles
2259 1112 2615 1167 abundabunt
2637 1110 2930 1164 frumento.
2955 1129 2972 1172 ι
2998 1107 3104 1162 Par
3133 1109 3333 1179 quippe
3361 1108 3462 1162 fuit
3487 1110 3606 1162 val-

2018 1206 2095 1259 les
2118 1217 2225 1258 non
2249 1203 2467 1258 silentio
2482 1202 2790 1271 praeterire;
2814 1216 2937 1254 nam
2958 1199 3210 1268 superius
3229 1199 3429 1269 eampi,
3449 1213 3607 1252 mon-

2017 1302 2100 1349 tes
2115 1293 2337 1356 deserti,
2353 1299 2408 1345 et
2420 1292 2587 1346 colles
2622 1291 2882 1344 nominati
2897 1276 3041 1344 sunt.
3065 1289 3201 1361 Quia
3223 1305 3353 1344 vero
3369 1290 3459 1344 alii
3477 1297 3607 1345 sunt

2024 1384 2342 1440 memoratis
2368 1382 2654 1437 ordinibus
2687 1381 2927 1446 viliores,
2953 1396 3127 1450 ncque
3149 1390 3330 1435 tamen
3351 1396 3414 1436 ex
3436 1395 3606 1451 regno

2017 1474 2290 1543 ejiciendi,
2323 1460 2450 1526 licet
2478 1472 2751 1541 praedictis
2767 1471 3275 1541 oomparati,parvi,
3293 1472 3604 1540 pusilli,ac,

2019 1575 2082 1620 ut
2123 1565 2198 1617 ita
2227 1563 2426 1627 dicam,
2458 1564 2720 1634 postremi
2753 1562 3057 1616 habeantur
3085 1577 3099 1625 ;
3157 1577 3382 1616 necesse
3414 1561 3514 1615 fuit
3541 1571 3603 1615 ut

2026 1671 2203 1724 neque
2241 1670 2434 1710 eorum
2464 1653 2668 1708 mentio
2696 1653 3096 1722 pmteriretur;
3133 1653 3228 1708 sed
3256 1668 3352 1708 eos
3380 1667 3602 1725 quoque

331 1751 428 1803 καὶ
461 1751 562 1803 οὑκ
582 1751 877 1822 ἀπόϐλητοι
908 1752 1004 1821 μὲν
1024 1751 1121 1819 τῆς
1145 1749 1440 1820 βασιλείας,
1471 1750 1607 1820 πλὴν
1628 1751 1703 1813 ὼς
1727 1753 1783 1804 ὲν
1811 1768 1913 1804 πα-

2016 1755 2406 1814 congruentem
2450 1742 2687 1794 fructum
2735 1740 2943 1793 laturos
2983 1753 3105 1793 esse
3152 1738 3466 1792 declaratur
3513 1738 3602 1792 his

333 1840 554 1912 ραθέσει
606 1841 714 1894 τῶν
776 1841 1178 1913 προλεχθέΝτων
1238 1843 1462 1911 σμικροὶ
1509 1841 1603 1893 καὶ
1655 1841 1912 1912 βραχεῖς,

330 1931 550 1986 πάντων
570 1949 629 1985 τε
650 1933 726 1996 ὡς
758 1932 822 1985 ἂν
844 1932 986 1986 εἴποι
1014 1949 1115 1996 τις,
1169 1931 1405 2001 ἔσχατοι·
1455 1931 1768 1999 ἀναγκαίως
1797 1932 1915 1985 οὐδὲ

327 2022 535 2076 τούτων
565 2023 808 2095 παρῆλθε
838 2022 935 2093 τὴν
978 2023 1198 2093 μνήμην
1241 2025 1269 2075 6
1321 2023 1495 2091 λόγος·
1527 2023 1662 2076 ἀλλά
1689 2023 1782 2075 καὶ
1821 2024 1918 2075 αὑ-

327 2116 454 2178 τοὺς
486 2115 698 2186 καρπὸν
723 2115 887 2168 οἴσειν
920 2114 1009 2166 τὸν
1041 2113 1400 2168 ἐπιϐάλλοντα
1426 2113 1668 2166 διδάσκει
1722 2112 1913 2180 λέγων·

335 2223 351 2255 ι
378 2205 489 2257 Καὶ
519 2189 573 2256 αἰ
601 2204 843 2267 κοιλάδες
867 2201 1195 2272 πληθυνοῦσι
1222 2206 1367 2255 σῖτον
1393 2221 1410 2254 ι
1444 2202 1836 2273 προφέρουσαι,
1856 2203 1912 2271 ἦ,

334 2314 351 2344 ι
380 2295 478 2364 τὴν
507 2295 762 2366 τροφὴν,ι
793 2295 934 2347 κατὰ
954 2295 1046 2348 τὸν
1080 2293 1398 2364 Σύμμαχον.
1435 2311 1452 2344 ι
1484 2291 1909 2362 Κεκράξονται.»

328 2385 394 2436 Τί
411 2385 467 2437 δὲ
491 2384 871 2454 κεκράξονται,
904 2384 1195 2456 ἐρμηνεύει
1224 2385 1351 2456 ἐξῆς
1405 2384 1598 2452 λέγων·
1625 2404 1640 2435 ι
1671 2385 1780 2438 Καὶ
1807 2386 1915 2455 γὰρ

328 2475 730 2555 ὑμνήσουσινοι¹
761 2475 893 2528 ὡσεὶ
928 2477 1260 2546 σαφέστερον
1316 2478 1545 2547 εἰρήκει·
1577 2477 1638 2529 Εἰ
1664 2478 1772 2547 γὰρ
1803 2493 1916 2529 κοιο

328 2565 485 2629 λάδες
517 2565 894 2636 τυγχάνουσιν,
928 2569 1076 2637 ὅμως
1128 2567 1173 2620 δ’
1208 2563 1300 2621 οῦν
1346 2567 1647 2638 ὑμνήσουσι
1697 2567 1788 2620 τὸν
1824 2568 1914 2639 καὶ⁸

328 2655 511 2717 αὐτοῖς
543 2655 650 2708 τῶν
671 2656 892 2724 ἀγαθῶν
917 2657 1176 2729 πάροχον.
1218 2656 1515 2726 Ὑμνοῦσαι
1545 2657 1602 2709 δὲ
1624 2656 1914 2728 κεκράξον-

328 2761 439 2806 ται,
473 2745 755 2816 παρρησίᾳ
779 2735 1056 2817 χρώμεναι
1085 2745 1180 2799 καὶ
1199 2744 1316 2816 ’βοῇ
1350 2745 1582 2816 μεγάλῃ.
1609 2744 1818 2798 Βοῶσαι
1857 2745 1913 2797 δὲ

329 2837 542 2906 κραυγῇ
576 2835 670 2888 καὶ
703 2835 966 2905 ὑμνοῦσαι
1000 2833 1156 2897 ποίας
1188 2835 1516 2905 προήσονται
1540 2833 1744 2902 φωνὰς,
1767 2834 1914 2903 ἣτὰς

259 2991 267 2998 ι
328 2925 387 2976 ἐν
417 2927 560 2996 ἀρχῇ
614 2925 814 2989 παντὸς
859 2923 1074 2994 ψαλμοῦ
1135 2924 1464 2994 φερομένας·
1524 2943 1540 2974 ι
1569 2925 1659 2976 Σοὶ
1712 2925 1912 2995 πρέπει

330 3016 518 3088 ὕμνος,
545 3019 574 3069 6
603 3017 754 3082 Θεὸς,
783 3018 842 3070 ἐν
890 3004 1082 3079 Σιὼνρ
1132 3015 1430 3084 λέγουσαι;
1467 3016 1804 3085 Ἀναγκαίως
1855 3016 1912 3068 δὲ

330 3105 615 3177 πρόκειται
640 3106 702 3158 τό
737 3121 749 3135 ·
787 3124 804 3155 ι
831 3104 1224 3176 Κεκράξονται,
1271 3104 1366 3156 καὶ
1417 3107 1524 3173 γὰρ
1553 3105 1903 3174 ὑμνήσουσι,ι

328 3199 590 3270 περὶτῶν
615 3200 895 3262 κοιλάδων,
930 3200 963 3269 ἢ
1024 3198 1117 3252 καὶ
1150 3199 1280 3270 περί⁵
1339 3198 1448 3250 τῶν
1506 3197 1913 3270 προλεχθέντων

328 3291 606 3354 ἁπάντων,
636 3291 710 3355 ὡς
738 3291 803 3345 ἂν
830 3291 1116 3362 μάθοιμεν,
1158 3291 1239 3344 ὅτι
1266 3290 1340 3360 μὴ
1371 3292 1497 3361 περὶ
1523 3290 1794 3361 αἰσθητῶν
1820 3291 1914 3343 καὶ

330 3382 658 3446 σωματικῶν
703 3382 884 3436 τόπων
931 3384 960 3434 6
987 3381 1165 3450 ¹λόγος
1221 3377 1391 3433 ταῦτα
1432 3381 1690 3434 διδάσκει·
1737 3381 1912 3433 καίτοι

229 3474 235 3479 ’
328 3476 424 3545 καὶ
454 3473 812 3544 περὶτούτων
861 3473 1006 3536 εἰκὸς
1037 3468 1104 3542 ἦν
1137 3472 1204 3524 τὰ
1251 3471 1619 3543 προλεχθέντα
1657 3471 1910 3540 λέγεσθαι

327 3563 567 3635 νομίζειν
595 3565 690 3617 ἐπὶ
713 3565 822 3628 τοῖς
848 3563 1123 3634 αἰσθητοῖς
1145 3563 1239 3616 τοῦ
1258 3557 1392 3615 Θεοῦ
1414 3563 1757 3635 δωρήμασιν,
1784 3561 1910 3615 ὥστ’

329 3651 465 3708 εἶναι
495 3655 904 3725 εύχαριστήριον
937 3652 1126 3723 ῦμνον,
1170 3651 1246 3715 ὼς
1275 3652 1410 3725 πρὸς
1443 3652 1540 3720 τὴν
1570 3651 1733 3716 λέξιν,
1771 3653 1912 3720 ὑπὲρ

325 3746 434 3800 τῶν
465 3747 585 3800 κατ’
617 3745 734 3808 ἔτος
759 3743 1066 3816 ἀνθρώποις
1094 3743 1515 3816 χορηγουμένων
1544 3742 1635 3796 τὸν
1669 3743 1911 3813 παρόντα

326 3839 504 3907 λόγον.
533 3837 670 3894 Καθ’
709 3837 937 3890 ἕκαστον
1002 3835 1132 3905 γοῦν
1166 3835 1410 3888 ἐνιαυτὸν
1457 3836 1487 3887 6
1532 3833 1913 3904 φιλάνθρωπος

327 3931 421 3983 καὶ
450 3929 650 3991 παντὸς
671 3926 874 3996 ἀγαθοῦ
907 3926 1073 3997 δοτὴρ
1099 3927 1250 3990 Θεὸς,
1301 3924 1764 3994 ἐπισκεπτόμενος
1813 3922 1911 3993 τὴν

324 4022 453 4092 γῆν,
492 4020 749 4092 μεθύσκει
782 4018 970 4087 αὑτὴν,
1005 4016 1180 4089 ἄρδων
1212 4019 1323 4080 τοῖς
1357 4015 1638 4085 συνήθεσιν
1664 4013 1906 4084 ὄμϐροις,

324 4112 527 4185 πληροῖ
562 4128 619 4164 τε
655 4110 821 4178 αὑτῆς
850 4110 974 4171 τοὺς
1000 4107 1243 4171 αὔλακας
1272 4109 1388 4168 ταῖς
1416 4105 1525 4159 τῶν
1550 4105 1720 4158 ὑετῶν
1748 4121 1912 4173 χορη-

323 4203 494 4272 γίαις.
525 4203 606 4256 Τά
631 4219 690 4255 τε
716 4203 1030 4271 γεννήματα
1063 4199 1230 4268 αὐτῆς
1267 4197 1551 4268 πληθύνων
1600 4195 1901 4265 εὑλογήσει.

337 4294 404 4346 Ἦ
459 4293 516 4346 δὲ
555 4292 923 4364 εὐφραίνεται,
981 4286 1430 4360 νεαροποιηθεῖσά
1490 4303 1550 4337 τε
1600 4283 1900 4338 ἀνατέλλει.

325 4383 580 4437 Κάπειτα
610 4379 956 4452 πληρουμένη
1003 4376 1272 4431 παντοίων
1327 4375 1572 4446 καρπῶν,
1627 4372 1908 4444 σπορίμων
1943 4407 1988 4462 D

324 4488 386 4524 τε
422 4472 514 4525 καὶ
573 4469 885 4542 ἀκροδρύων
934 4465 1311 4537 στεφανοῦται,
1360 4466 1435 4528 ὠς
1479 4466 1553 4535 μὴ
1587 4463 1652 4516 ἂν
1682 4463 1910 4532 ὀκνῆσαι

325 4563 470 4616 κατά
499 4563 592 4616 τὸν
613 4561 703 4615 τοῦ
727 4562 884 4633 ἔαρος
913 4557 1103 4630 καιρὸν
1141 4556 1548 4627 ἐστεφανῶσθαι
1590 4554 1768 4623 λέγειν
1807 4555 1909 4606 αὑ-

323 4653 448 4723 τὴν,
478 4654 546 4706 τά
571 4671 633 4706 τε
670 4652 828 4705 πεδία
857 4650 1190 4721 πληθύεσθαι
1241 4650 1512 4718 πιότητος·
1549 4647 1640 4699 καὶ
1674 4647 1784 4720 μὴν
1817 4645 1908 4698 καὶ

323 4745 396 4798 τὰ
427 4744 556 4816 δρεα
586 4745 682 4814 τῆς
711 4745 918 4815 ἐρήμου
949 4741 1152 4803 ἀνθεῖν,
1183 4741 1278 4794 κα).
1322 4743 1447 4804 τοὺς
1485 4739 1705 4809 βουνοὺς
1737 4737 1906 4806 ἀγαλ-

321 4837 505 4892 λίασιν
545 4834 996 4908 περιζώννυσθαι·
1059 4832 1195 4884 ἀλλὰ
1241 4833 1334 4884 καὶ
1399 4832 1523 4893 τοὺς
1564 4829 1751 4900 κριοὺς
1799 4829 1907 4880 τῶν

323 4927 617 4999 προϐάτων
638 4928 750 4988 τοῖς
776 4923 986 4978 ἐαυτῶν
1032 4923 1221 4985 πόκοις
1283 4909 1705 4978 ἐνδιδύσκεσθαι,
1743 4917 1910 4995 αὑτάς

321 5030 386 5065 τε
418 5013 515 5076 τὰς
543 5011 793 5074 κοιλάδας
825 5009 1006 5084 χώρας
1057 5009 1316 5071 πολλάκις
1362 5007 1697 5079 πληροῦσθαι
1741 5006 1906 5069 σίτου,

321 5105 425 5158 καὶ
457 5104 734 5174 μονονουχὶ
762 5102 839 5174 τῷ
864 5103 1009 5175 ἔργῳ
1070 5103 1198 5172 βοᾷν
1225 5101 1319 5154 καὶ
1350 5101 1442 5153 τὸν
1488 5100 1620 5153 Θεὸν
1640 5095 1906 5164 δοξάζειν.

322 5196 516 5249 Ταῦτα
536 5195 591 5248 δέ
614 5198 662 5248 εἰ
683 5196 778 5248 καὶ
799 5195 881 5248 ὅτι
904 5194 1137 5264 μάλιστα
1157 5191 1430 5263 αἰσθητῶς
1462 5189 1762 5260 πληροῦται
1786 5187 1910 5242 καθ’

322 5289 556 5342 ἕκαστον
578 5287 714 5350 ἔτος,
750 5285 862 5338 ἀλλ’
885 5287 919 5354 ή
953 5285 1264 5355 σύμφρασις
1284 5282 1385 5352 τῆς
1399 5281 1493 5334 τοῦ
1521 5279 1719 5342 παντὸς
1750 5279 1908 5346 λόγου

322 5377 652 5440 ἀκολουθίας
672 5375 764 5428 ἐπὶ
795 5376 892 5446 τὴν
926 5374 1158 5446 θεωρίαν
1187 5374 1334 5444 ἡμᾶς
1359 5371 1758 5440 ἀναπέμπουσα
1788 5370 1915 5422 ἀπο-

321 5469 618 5522 δέδεικται.
659 5465 825 5537 Ὀμοῦ
848 5465 912 5536 δὴ
943 5461 1036 5520 οὖν
1072 5465 1142 5519 τά
1164 5462 1530 5536 προλεχθέντα
1547 5461 1743 5525 πάντα,
1770 5461 1914 5528 λέγω

401 5602 449 5632 ⁸³
479 5603 522 5656 ll
555 5603 684 5659 Cor.
714 5618 768 5664 v,
796 5614 851 5656 4.

402 5697 478 5768 (Δ)
517 5697 678 5759 Forte
710 5695 1057 5751 ἐκδύσασθαι.

2020 1835 2202 1891 verbis
2238 1850 2251 1884 :
2289 1852 2308 1885 ι
2347 1832 2412 1885 Et
2440 1832 2608 1886 valles
2651 1830 3009 1884 abundabunt
3055 1828 3350 1890 frumento,
3391 1845 3409 1878 ι
3450 1827 3600 1896 quod

2017 1928 2314 1998 proferent,
2343 1924 2458 1980 sive
2496 1941 2514 1973 ι
2555 1937 2759 1984 escam,
2796 1940 2815 1974 ι
2855 1921 3152 1976 secundum
3187 1919 3598 1990 Symmachum.

2021 2015 2429 2073 «Clamabunt.
2464 2033 2482 2066 ι
2514 2013 2656 2079 Quid
2709 2022 2890 2067 autem
2947 2010 3283 2071 clamabunt,
3340 2010 3444 2064 sub
3481 2008 3601 2062 haec

2013 2110 2259 2180 explicat
2292 2106 2486 2162 dicens
2522 2125 2535 2160 :
2566 2123 2584 2155 ι
2626 2088 2839 2159 Etenim
2881 2103 3142 2173 hymnum
3174 2101 3392 2166 dicent;
3458 2117 3478 2150 ι
3533 2113 3598 2152 ac

2015 2200 2060 2255 si
2094 2199 2336 2268 apertius
2370 2196 2602 2251 dixisset
2648 2214 2673 2251 ε,
2711 2193 2940 2247 Etiamsi
2971 2192 3142 2246 valles
3172 2190 3302 2256 sint,
3355 2197 3596 2244 attamen

2017 2292 2204 2344 talium
2236 2288 2340 2344 sibi
2371 2287 2639 2341 bonorum
2662 2284 2873 2339 auctori
2903 2283 3161 2354 hymnum
3193 2281 3393 2335 dicent.
3430 2279 3595 2351 [lym-

2015 2394 2144 2434 num
2170 2392 2300 2434 vero
2336 2377 2583 2432 dicentes
2617 2373 2953 2438 clamabunt,
2999 2371 3198 2425 ﬁducia
3247 2371 3596 2438 clamoreque

2016 2484 2214 2540 magno
2269 2477 2505 2522 utentes.
2559 2465 2874 2520 Clamantes
2927 2467 3107 2515 autem
3147 2474 3282 2514 voce
3316 2473 3511 2529 magna
3540 2466 3595 2513 et

2017 2561 2276 2630 hymnum
2329 2545 2750 2624 dicentesquas
2794 2566 2965 2606 voces
3013 2551 3288 2615 emittent,
3348 2551 3452 2603 nisi
3498 2563 3594 2604 eas

2015 2666 2135 2721 qua:
2163 2647 2510 2703 initiototius
2543 2646 2738 2716 psalmi
2763 2642 3014 2698 feruntur
3050 2659 3064 2695 ε
3102 2658 3120 2690 ι
3152 2638 3230 2692 Te
3259 2639 3415 2693 decet
3437 2639 3596 2709 hym-

2017 2759 2141 2805 nus,
2164 2740 2330 2802 Deus,
2360 2739 2416 2792 in
2444 2735 2620 2792 Sion?
2654 2753 2671 2788 ι
2699 2731 3026 2789 Necessario
3043 2737 3224 2784 autem
3244 2727 3398 2790 illud,
3417 2723 3454 2778 ἰ
3489 2727 3595 2780 cla-

2015 2833 2262 2896 mabunt,
2303 2812 2502 2883 etenim
2537 2831 2796 2898 hymnum
2829 2816 3034 2884 dicent,
3072 2837 3090 2871 ι
3129 2818 3443 2874 enuntiatur
3481 2826 3594 2870 tam

2013 2922 2081 2977 de
2107 2920 2340 2974 vallibus
2379 2931 2540 2986 quam
2585 2915 2653 2970 de
2689 2911 3006 2983 memoratis
3049 2911 3328 2975 omnibus,
3367 2915 3428 2961 ut
3475 2907 3594 2960 edi—

2016 3023 2255 3072 scamus,
2290 3008 2405 3062 hac
2435 3021 2543 3067 non
2573 3004 2642 3059 de
2671 3001 3026 3059 sensibilibus
3064 3007 3118 3052 et
3147 2997 3426 3066 corporeis
3457 2995 3593 3048 locis

2015 3098 2250 3154 doceri:
2291 3095 2512 3151 tametsi
2569 3094 2830 3165 prmdicta
2890 3091 3054 3144 verba
3114 3089 3182 3142 de
3239 3087 3593 3159 sensibilihus

2012 3203 2229 3258 quoque
2263 3186 2358 3241 Dei
2394 3185 2554 3240 donis
2588 3184 2734 3237 dicta
2782 3189 2976 3251 putare
3015 3194 3112 3248 par
3154 3186 3260 3241 est,
3311 3179 3384 3229 ita
3416 3184 3474 3229 ut
3521 3175 3595 3230 sit

2014 3281 2250 3350 hymnus
2308 3276 2363 3329 in
2404 3275 2703 3344 gratiarum
2753 3271 3022 3324 actionem
3071 3275 3172 3336 pro
3205 3267 3291 3329 iis,
3343 3267 3388 3319 si
3428 3264 3593 3318 verba

2011 3375 2348 3440 Spectentur,
2381 3380 2503 3436 quae
2535 3361 2828 3434 quotannis
2875 3375 2905 3413 a
2954 3359 3063 3413 Deo
3113 3356 3430 3410 hominibus
3463 3355 3596 3408 sub-

2012 3460 2418 3515 ministrantur.
2453 3453 2698 3525 Singulis
2751 3452 2936 3519 itaque
2967 3450 3127 3504 annis
3177 3447 3458 3502 hominum
3504 3445 3595 3497 illo

2011 3558 2223 3604 amator
2267 3548 2602 3618 largitorque
2637 3542 2906 3595 bonorum
2939 3537 3185 3591 omnium
3239 3536 3401 3595 Deus,
3458 3531 3582 3585 visi-

2011 3649 2134 3695 tans
2163 3617 2388 3701 terram,
2422 3635 2658 3690 inebriat
2696 3645 2816 3685 eam
2844 3617 3434 3695 solitisque’imbribus
3459 3620 3596 3674 .irri-

2012 3739 2122 3802 gat,
2156 3732 2303 3784 rivos
2336 3728 2458 3796 ejus
2497 3724 2696 3794 pluviis
2741 3730 2951 3775 tumere
3001 3725 3283 3787 procurat,
3317 3712 3591 3783 genimina

2009 3820 2129 3888 ejus
2169 3816 2538 3885 multiplicans
2569 3810 2863 3866 bent-dicit.
2906 3809 3000 3862 illa
3030 3821 3158 3860 vero
3189 3806 3310 3858 laeta
3342 3812 3398 3857 et
3430 3815 3594 3855 reno-

2010 3917 2135 3963 vata
2176 3908 2371 3962 iterum
2402 3903 2714 3959 einorescit.
2744 3897 2949 3953 Deinde
2979 3897 3251 3951 fructibus
3289 3894 3471 3948 omnis
3498 3905 3594 3962 ge-

2012 4000 2157 4054 neris
2182 3996 2408 4059 referta,
2445 3993 2720 4064 segetibus
2754 3998 2807 4045 et
2847 3988 3024 4058 pomis
3062 3992 3380 4047 coronatur,
3426 3991 3486 4036 ut
3524 3997 3594 4035 ne

2012 4092 2191 4160 pigeat
2244 4103 2362 4143 eam
2431 4101 2600 4139 verno
2657 4094 2902 4152 tempore
2956 4086 3274 4133 coronatam
3347 4076 3532 4130 dicere
3575 4091 3592 4126 :

2011 4180 2189 4252 campi
2229 4179 2508 4247 replentur
2549 4176 2836 4238 ubertate;
2881 4169 3014 4240 quin
3067 4167 3233 4222 etiam
3282 4173 3336 4219 et
3380 4171 3593 4218 montes

2011 4271 2212 4327 deserti
2235 4269 2604 4330 cillorescunt,
2633 4276 2685 4320 et
2719 4265 2885 4318 colles
2908 4259 3275 4314 exsultatione
3295 4255 3595 4322 accingun-

2013 4371 2104 4415 tur
2140 4382 2152 4414 :
2181 4362 2381 4414 arietes
2413 4360 2598 4412 ovium
2631 4355 2922 4409 velleribus
2953 4350 3071 4404 suis
3100 4348 3436 4409 vestiuntur;
3461 4344 3594 4411 ipsa:

2015 4453 2292 4507 convalles
2340 4453 2659 4521 plerumque
2699 4445 2972 4498 frumento
3013 4438 3319 4496 abundant,
3365 4443 3417 4488 et
3456 4431 3593 4501 ipsis

2017 4543 2276 4613 operibus
2299 4549 2509 4595 tantum
2538 4551 2644 4591 non
2669 4537 2905 4589 clamant
2931 4531 3210 4598 Deumque
3238 4525 3492 4580 laudibus
3521 4522 3597 4575 ef-

2015 4646 2216 4701 ferunt.
2251 4636 2375 4690 Hzec
2399 4645 2562 4703 porro
2588 4627 2804 4684 etiamsi
2825 4621 3121 4694 quotannis
3153 4618 3398 4674 sensibili
3430 4614 3597 4669 modo

2015 4729 2341 4800 impleantur
2359 4761 2372 4786 ,
2392 4736 2456 4775 ex
2480 4717 2622 4774 serie
2643 4724 2820 4769 tamen
2843 4710 3176 4766 narrationis
3192 4715 3592 4762 commonstra-

2015 4831 2130 4875 tum
2180 4824 2284 4879 est,
2314 4813 2503 4869 eadem
2537 4823 2638 4863 nos
2669 4806 2738 4860 ad
2787 4801 3303 4872 contemplationem
3339 4812 3618 4859 evocare.‘

2015 4907 2380 4966 Nihilominus
2439 4906 2736 4956 memorata
2788 4895 2993 4958 omnia,
3054 4892 3312 4946 nimirum
3390 4889 3590 4957 campi,

2015 5010 2229 5058 montes
2255 4995 2480 5056 deseni,
2511 4991 2681 5046 colles
2706 4997 2762 5048 et
2793 4986 2992 5040 arietes
3021 4983 3224 5046 ovium,
3251 4989 3416 5050 atque
3451 4981 3597 5032 insu-

2014 5109 2112 5163 per
2133 5092 2288 5161 prius
2313 5068 2596 5155 explicatae
2627 5077 2927 5138 convalles,
2946 5081 3061 5127 tum
3082 5072 3384 5125 secundum
3408 5068 3593 5121 datam

2015 5178 2540 5250 interpretationem,
2570 5175 2686 5223 tum
2728 5167 2889 5221 obvio
2943 5178 3106 5218 sensu
3154 5169 3399 5229 accepta,
3429 5171 3592 5210 titiam

2016 5287 2229 5334 vocem,
2266 5266 2664 5332 melodiamque
2692 5272 2990 5314 consonam
3025 5255 3135 5312 Deo
3165 5256 3433 5310 emissum
3471 5259 3594 5300 esse

2019 5367 2296 5422 dicuntur.
2327 5361 2505 5426 Quare
2537 5356 2590 5409 in
2627 5353 2880 5408 omnibus
2914 5349 3027 5405 haec
3066 5347 3337 5415 intelligas
3369 5360 3382 5394 :
3416 5357 3434 5390 ι
3469 5336 3585 5388 (λιιι

2022 5456 2248 5512 mabuat
2281 5459 2333 5508 et
2364 5450 2626 5520 hymnum
2667 5442 2870 5497 dicent.
2907 5459 2927 5494 ›
