4062 6208
424 227 528 281 647

1119 215 1386 275 EUSEBII
1417 208 1896 268 CJZSARJENSIS
1933 209 2081 266 OPP.
2123 209 2305 265 PARS
2341 208 2430 265 Ill.
2471 207 2992 276 —,EXEGETICA.

3577 215 3680 274 648

423 343 482 400 δὲ
503 342 588 396 ’τά
609 339 766 394 πεδία
797 337 898 392 καὶ
915 337 982 390 τὰ
1005 336 1137 408 δρεα
1157 337 1257 406 τῆς
1283 335 1381 406 ὲρή
1392 351 1514 404 μου,
1543 333 1598 385 οἵ
1625 349 1684 387 τε
1715 331 1894 402 βουνοὶ
1915 333 2009 385 καὶ⁵
2046 334 2094 385 οἱ
2124 333 2270 403 κριοὶ
2311 332 2421 385 τῶν
2466 332 2777 403 προϐάτων,
2805 333 2901 387 καὶ
2950 332 3091 402 πρὸς⁵
3134 333 3346 397 τούτοις
3375 335 3432 387 αἱ
3489 335 3684 390 ἀποδοὲ

425 436 602 490 θεῖσαι
660 430 903 492 κοιλάδες
949 427 1090 482 κατά
1143 428 1240 496 τὴν
1292 425 1646 509 ἀποδοθεῖσαν
1693 424 2009 494 ἑρμηνείαν,
2051 423 2193 475 κατά
2217 440 2276 475 τε
2336 424 2431 493 τὴν
2470 424 2761 497 πρόχειρον
2789 425 3049 488 διάνοιαν,
3101 425 3230 494 μίαν
3295 428 3530 497 ἀφήσειν
3565 447 3682 497 φω-

423 526 518 599 νὴν
548 526 639 580 καὶ
661 523 944 592 σύμφωνον
970 520 1239 591 μελῳδίαν
1269 519 1344 588 τῷ
1373 518 1490 588 Θεῷ
1517 517 1784 588 εἴρηνται.
1825 516 1916 570 Διὸ
1935 517 2089 570 κατὰ·
2101 517 2318 570 πάντων
2349 516 2556 587 ἀκούσῃ
2585 517 2666 570 τό·
2697 537 2714 567 ι
2751 518 3123 589 Κεκράξονται
3146 521 3238 572 καὶ
3265 520 3613 589 ὑμνήσουσιν.
3656 542 3675 575 ι

547 636 596 687 Ι.
639 633 705 685 IN
741 629 974 694 FINEM,
1014 627 1366 684 CANTICUM
1407 626 1678 681 PSALMI.
1722 625 1884 680 LXV.
2025 618 2071 674 Α

496 725 663 780 Vens.
704 724 759 776 2.
799 742 816 772 ι
853 720 1090 776 Jubilate
1138 721 1268 782 Deo,
1301 721 1483 775 omnis
1540 727 1720 782 terra,
1784 719 1999 788 psallite

425 817 635 871 nomini
675 815 816 882 ejus.
849 811 974 865 date
1001 811 1231 880 gloriam
1281 809 1427 862 laudi
1470 809 1611 876 ejus.
1654 828 1671 859 ι
1714 807 1998 876 Evangeli-

423 923 525 965 cus
557 907 644 959 hic
679 906 804 959 item
839 904 1081 972 psalmus
1115 911 1198 954 est
1244 919 1256 953 :
1314 915 1438 953 nam
1471 901 1713 969 gentium
1753 900 1998 953 vocalio-

427 1015 547 1054 nem
581 997 986 1065 complectitur.
1030 974 1392 1061 Nequexe'nim
1439 1006 1506 1046 eo
1538 1007 1647 1059 quo
1700 991 2001 1045 cauebatur

430 1101 673 1156 tempore
716 1087 876 1140 linem
916 1094 1316 1139 consecuturus
1354 1083 1621 1146 erat,,sed
1647 1084 1701 1136 in
1741 1097 2001 1136 consum-

434 1181 675 1233 matione
731 1177 1073 1231 saeculorum.
1113 1174 1293 1240 Quare
1333 1181 1754 1228 memoratarum
1810 1173 1880 1226 ibi
1922 1187 2002 1227 re-

423 1286 546 1326 rum
581 1269 918 1338 prophetiam
959 1266 1022 1320 ad
1069 1265 1228 1320 ﬁnem
1278 1265 1521 1319 remittit.
1575 1264 1775 1333 Estque
1807 1277 2001 1317 rursus

426 1360 700 1414 canticum
727 1356 957 1426 psalmi;
987 1356 1122 1417 sive,
1157 1363 1317 1424 prout
1344 1355 1398 1407 in
1431 1353 1757 1424 praecedenti
1792 1354 2002 1422 psalmo

428 1449 767 1512 inscribitur,
813 1465 832 1498 ι
871 1445 1122 1501 Psalmus
1179 1445 1400 1500 cantici.
1431 1464 1451 1496 ›
1511 1432 1749 1513 Spirit'us
1803 1443 2003 1512 quippe

428 1547 654 1595 sanctus
677 1553 771 1607 per
794 1537 1164 1606 propheticam
1189 1536 1448 1598 animam,
1469 1549 1590 1604 quae
1619 1550 1676 1588 se
1703 1546 1999 1603 receperat,

426 1644 550 1682 cum
580 1627 764 1681 laetitia
795 1626 962 1678 multa
997 1625 1229 1680 canebat
1260 1623 1653 1693 psallebatque,
1692 1639 1790 1691 pro
1842 1623 2002 1678 bonis

425 1722 482 1777 in
515 1722 777 1776 vaticinio
825 1735 924 1774 suo
973 1719 1316 1772 annuntiatis
1365 1736 1378 1770 :
1420 1732 1653 1787 quorum
1689 1731 1853 1770 causa
1887 1731 2004 1782 om-

427 1814 588 1868 nibus
620 1813 874 1882 gentibus
902 1811 1194 1864 salutarem
1227 1809 1456 1877 gratiam
1487 1809 1826 1878 suscepturis
1855 1821 2004 1879 quae-

427 1905 550 1958 dam
584 1903 789 1973 agenda
808 1903 1068 1970 praecipit,
1083 1906 1213 1969 quae
1236 1915 1335 1956 nos
1355 1901 1602 1968 exsequi,
1627 1900 1691 1952 ad
1713 1912 1851 1967 quos
1871 1915 2001 1968 pra:-

426 1999 610 2048 missae
641 1999 802 2045 voCes
844 1997 1116 2058 spectant,
1173 1989 1544 2043 necessarium
1587 1995 1693 2041 est.
1748 1987 2024 2056 Praecipit

427 2083 613 2152 itaque
645 2082 793 2136 onmi
822 2089 1000 2144 terra),
1036 2079 1089 2132 id
1121 2089 1225 2142 est,
1264 2080 1520 2133 omnibus
1565 2087 1723 2132 teme
1763 2079 2001 2132 elemen-

427 2181 542 2226 tum
579 2171 965 2233 incolentibus,
997 2184 1065 2223 ne
1099 2185 1217 2223 sese
1243 2169 1442 2238 Moysis
1469 2166 1739 2220 mandatis
1772 2173 1826 2221 et
1849 2165 2002 2236 gravi

427 2259 564 2327 legis
588 2258 721 2326 jugo
750 2256 1084 2325 subjiciam;
1129 2257 1223 2311 sed
1265 2272 1330 2310 ea
1360 2255 1576 2318 solum,
1610 2269 1730 2324 qua:
1769 2255 1822 2307 in
1864 2269 2003 2322 prae-

427 2351 568 2407 senti
595 2350 804 2418 psalmo
827 2348 1113 2416 jubentur,
1148 2352 1443 2418 peragant;
1477 2355 1532 2402 et
1569 2349 1746 2416 primo
1780 2348 2001 2416 quidem

429 2441 539 2496 Deo
573 2442 809 2509 jubilent
834 2457 850 2504 ;
879 2441 1145 2503 secundo,
1185 2441 1421 2509 psallant
1467 2439 1679 2492 nomini
1717 2437 1870 2506 ejus;
1898 2448 2006 2494 ter-

429 2530 524 2592 tio,
551 2531 679 2583 dent
706 2530 934 2598 gloriam
981 2530 1130 2584 laudi
1174 2531 1330 2598 ejus;
1362 2537 1584 2598 quarto,
1629 2529 1816 2582 dicant
1847 2527 1956 2581 Deo
1987 2547 2001 2582 :

433 2638 452 2670 ι
491 2620 663 2684 Quam
694 2619 958 2673 terribilia
981 2629 1120 2674 sunt
1145 2633 1310 2688 opera
1351 2620 1478 2672 tua!
1513 2637 1530 2669 ι
1554 2625 1642 2672 et:
1679 2634 1698 2667 ι
1734 2615 1790 2670 In
1815 2617 2002 2677 multi-

431 2712 617 2765 tudine
667 2711 886 2766 virtutis
933 2720 1038 2766 tua
1085 2711 1418 2766 mentientur
1452 2709 1550 2763 tibi
1608 2709 1815 2762 inimici
1847 2709 1945 2761 tui.
1980 2727 1998 2759 ο

429 2798 669 2853 Primum
704 2801 886 2869 itaque
922 2816 1016 2870 per
1039 2802 1324 2855 scientiam
1347 2809 1401 2856 et
1426 2814 1604 2855 veram
1635 2799 2002 2867 cognitionem

428 2902 795 2957 exsequemur
829 2888 938 2942 Deo
979 2888 1304 2956 jubilanles,
1343 2887 1574 2940 militum
1622 2885 1796 2938 instar
1825 2886 1916 2953 qui
1950 2885 2006 2938 in

430 2977 587 3031 bellis
629 2979 934 3031 acclamant
965 2985 1018 3032 et
1062 2978 1318 3045 jubilant,
1359 2975 1565 3045 quique
1602 2975 1752 3028 vocis
1804 2975 2009 3045 magni-

431 3067 619 3121 tudine
649 3083 770 3122 sese
800 3068 1070 3121 terribiles
1095 3077 1148 3120 et
1180 3065 1553 3120 formidabiles
1585 3049 1822 3118 inimicis
1847 3064 2006 3118 exhi-

427 3159 576 3212 bent.
608 3159 877 3224 Quoniam
913 3174 1042 3227 ergo
1092 3157 1350 3211 Servator
1388 3163 1576 3210 noster
1616 3154 1870 3213 inimicos
1909 3168 2006 3207 no-

2301 625 2408 680 ΕΙΣ
2433 628 2524 680 ΤΟ
2545 628 2785 707 ΤῌΛΟΣ,
2819 629 2949 697 ῼΔΗ
2974 627 3286 684 ΨΑΛΜΟΥ.
3319 631 3440 686 EE’.

2179 732 2198 765 ι
2237 713 2563 778 Ἆλαλάξατε
2595 715 2672 785 τῷ
2733 717 2863 786 Θεῷ.
2886 720 3034 770 πᾶσα
3058 721 3091 788 ή
3140 720 3232 789 γῆ,
3281 721 3486 789 ψάλατε
3512 722 3574 793 δὴ
3605 723 3682 792 τῷ

2100 805 2322 875 ὀνόματι
2352 807 2538 871 αὑτοῦ,
2567 807 2682 860 δότε
2710 807 2866 870 δόξαν
2929 810 3131 863 αίνέσει
3183 813 3403 864 αὑτοῦ.»
3437 814 3669 881 Εὑαγγεο

2099 896 2251 960 λικὸς
2273 897 2508 967 ὑπάρχει
2536 901 2629 953 καὶ
2675 902 2704 952 6
2747 899 2935 970 παρὼν
2978 900 3214 970 ψαλμὸς,
3243 903 3342 971 τὴν
3363 901 3472 968 τῶν
3513 903 3678 956 ἐθνῶν

2101 988 2368 1058 περιέχων
2404 989 2612 1060 κλῆσιν.
2651 989 2887 1059 Ἢμελλε
2925 990 2982 1042 δὲ
3018 990 3126 1060 ἄρα
3158 991 3216 1042 οὑ
3252 991 3373 1043 καθ’
3402 991 3496 1053 οὓς
3526 991 3678 1061 ᾔδετο

2100 1079 2325 1150 χρόνους
2367 1080 2554 1143 τέλους
2597 1081 2902 1150 τυγχάνειν,
2945 1076 3056 1133 ἀλλ’
3089 1082 3203 1132 ’ἐπὶ
3255 1081 3529 1152 συντελείᾳ
3574 1081 3681 1134 τῶν

2102 1168 2332 1224 αἰώνων.
2370 1170 2460 1221 Διὸ
2484 1170 2798 1240 ἀναπέμπει
2828 1170 2925 1241 τὴν
2971 1170 3077 1222 τῶν
3098 1169 3438 1239 δηλουμένων
3467 1189 3677 1241 προφηο

2097 1259 2252 1310 τείαν
2273 1261 2350 1322 είς
2378 1259 2438 1312 τὸ
2487 1260 2657 1322 τέλος.
2693 1263 2847 1314 Ἔστι
2878 1262 2932 1314 δὲ
2965 1261 3076 1331 ᾠδὴ
3103 1261 3315 1330 ψαλμοῦ
3337 1255 3590 1331 ἔμπαλιν·
3645 1263 3680 1334 ἢ

2101 1349 2240 1402 κατά
2263 1351 2353 1403 τὸν
2380 1336 2482 1420 πρὸ
2499 1351 2682 1415 αὑτοῦ,
2701 1351 2774 1414 ὡς
2793 1353 3221 1422 ὲπεγέγραπτο,ι
3236 1352 3460 1422 Ψαλμὸς
3480 1352 3621 1423 ᾠδῆς
3656 1372 3676 1405 ι

2101 1435 2236 1510 τῌδε
2257 1440 2365 1511 γὰρ
2398 1441 2494 1495 καὶ
2523 1430 2719 1510 ἔψαλλε
2746 1443 2806 1507 τὸ
2839 1442 3062 1512 Πνεῦμα
3089 1442 3149 1494 τὸ
3191 1441 3345 1511 ἅγιον
3379 1445 3474 1496 σὺν
3513 1444 3680 1516 πολλῇ

2101 1533 2246 1603 χαρᾷ
2271 1532 2361 1585 διὰ
2388 1532 2488 1601 τῆς
2518 1532 2925 1603 ὑποδεξαμένης
2954 1523 3090 1610 αὑτὸ
3140 1532 3482 1605 πῳφητικῆς
3504 1535 3685 1605 ψυχῆς

2103 1623 2195 1675 ἐπὶ
2226 1625 2337 1684 τοῖς
2370 1622 2620 1675 διἀύτοῦ
2653 1623 3065 1693 θεσπιξομένοις
3097 1623 3344 1692 ἀγαθοῖς,
3371 1626 3456 1692 ἐφ’
3482 1620 3565 1688 οἷς
3590 1627 3683 1678 καὶ
3765 1666 3772 1670 .

2103 1715 2236 1770 πᾶσι
2269 1715 2380 1775 τοῖς
2439 1712 2615 1764 ἔθνεσι
2645 1715 2758 1776 τοῖς
2810 1714 2906 1784 τὴν
2938 1715 3203 1784 σωτήριον
3247 1715 3406 1784 χάριν
3437 1715 3685 1780 ὑποδεξο-

2106 1801 2286 1870 μένοις
2316 1801 2750 1871 παρακελεύεται
2775 1802 3032 1872 πράττειν
3063 1803 3202 1867 τινὰ,
3227 1799 3368 1873 άπερ
3393 1804 3684 1871 ἀναγκαῖον

2103 1892 2366 1945 ἐπιτελεῖν
2396 1895 2566 1962 ἡμᾶς,
2596 1889 2678 1957 οἷς
2721 1893 2892 1946 ταῦτα
2925 1896 3376 1964 προανεφωνεῖτο.
3413 1897 3687 1960 Προστατ-

2101 1999 2182 2034 τει
2217 1982 2394 2035 τοίνυν
2448 1983 2596 2053 πάσῃ
2628 1987 2694 2053 τῇ
2751 1987 2844 2054 γῇ,
2892 1985 3138 2037 τουτέστι
3188 1987 3300 2047 τοῖς
3343 1985 3417 2036 ιτὸ
3451 1986 3549 2054 τῆς
3583 1987 3686 2054 γῆς

2105 2075 2362 2141 στοιχεῖον
2383 2072 2622 2126 οἰκοῦσιν
2639 2075 2829 2138 ἆπασι,
2853 2076 2926 2144 μὴ
2947 2078 3061 2137 τοῖς
3072 2075 3348 2137 Μωῦσέως
3375 2077 3688 2145 παραγγέλ-

2105 2178 2237 2231 μασι
2273 2162 2364 2214 καὶ
2399 2162 2476 2232 τῷ
2509 2162 2838 2234 βαρεῖλζυγῴ
2860 2164 2954 2216 τοῦ
2993 2164 3158 2234 νόμου
3194 2167 3418 2228 ἑαυτοὺς
3450 2167 3685 2218 ὑποτάτ-

2102 2275 2235 2310 τειν·
2271 2259 2406 2329 μόνα
2438 2259 2495 2310 δὲ
2520 2258 2590 2311 τὰ
2639 2259 2728 2311 διὰ
2773 2259 2882 2312 τῶν
2933 2258 3072 2328 μετὰ
3126 2263 3315 2331 χεῖρας
3353 2259 3685 2328 κελευόμενα

2105 2353 2294 2402 ποιεῖν·
2337 2351 2431 2402 καὶ
2467 2349 2679 2418 πρῶτον
2716 2351 2813 2420 μὲν
2843 2349 3131 2413 ἀλαλάζειν
3164 2350 3242 2420 τῷ
3268 2350 3406 2419 Θεῷ,
3433 2349 3686 2419 δεύτερον

2102 2438 2321 2508 ψάλλειν
2347 2439 2426 2508 τῷ
2460 2440 2685 2510 ὀνόματι
2732 2439 2920 2504 αὑτοῦ,
2954 2440 3136 2511 τρίτον
3185 2440 3344 2504 δόξαν
3373 2440 3570 2491 διδόναι
3614 2441 3685 2509 τῇ

2104 2530 2308 2582 αἰνέσει
2334 2528 2518 2582 αὑτοῦ·
2543 2531 2802 2602 τέταρτον
2830 2529 3009 2597 λέγειν
3031 2529 3108 2599 τῷ
3130 2529 3269 2600 Θεῷ·
3287 2538 3322 2579 ἰ
3361 2531 3445 2591 Ὠς
3481 2528 3688 2597 φοϐερᾶ

2103 2621 2174 2674 τὰ
2198 2619 2335 2690 ἔργα
2359 2637 2506 2673 σοιν)
2534 2621 2648 2674 καί·
2710 2639 2727 2670 ι
2766 2619 2854 2672 Ἑν
2905 2619 2985 2690 τῷ
3012 2619 3209 2690 πλήθει
3261 2619 3361 2688 τῆς
3404 2615 3688 2687 δυνάμεώς

2108 2721 2200 2757 σου
2233 2704 2525 2775 ψεύσονται
2556 2724 2616 2759 σε
2654 2709 2700 2760 οἱ
2723 2707 2908 2778 ἐχθροί
2939 2713 3091 2760 σου.»
3149 2707 3222 2758 Τὸ
3286 2708 3383 2776 μὲν
3413 2705 3506 2759 οὖν
3536 2705 3690 2776 πρῶ-

2105 2813 2193 2850 τον
2224 2796 2497 2868 δι’ὲπιστή
2508 2815 2614 2868 μης
2641 2799 2734 2850 καὶ
2757 2795 3010 2866 γνώσεως
3028 2796 3261 2864 ἀληθοῦς
3285 2796 3688 2866 ἐπιτελέσωμεν

2106 2888 2570 2959 ἀλαλάζοντες,τῷ
2623 2888 2761 2958 Θεῷ,
2811 2887 2968 2958 δίκην
3000 2888 3108 2942 τῶν
3160 2889 3218 2939 ὲν
3272 2887 3528 2956 πολέμοις
3559 2889 3690 2940 ἁνα-

2108 2980 2426 3049 φωνούντων
2462 2980 2555 3034 καὶ
2609 2979 2987 3044 ἀλαλαζόντων
3022 2979 3394 3050 στρατιωτῶν,
3425 2981 3476 3032 οἳ
3499 2982 3565 3049 τῇ
3600 2979 3689 3030 δυ-

2106 3071 2268 3141 νάμει
2290 3072 2389 3141 τῆς
2421 3071 2602 3141 φωνῆς
2630 3071 3109 3142 καταπληκτικοὺς
3137 3071 3230 3123 καὶ
3258 3071 3522 3140 φοϐεροὺς
3557 3071 3688 3123 ἑαυ-

2106 3161 2233 3223 τοὺς
2252 3163 2364 3224 τοῖς
2397 3161 2684 3232 πολεμίοις.
2731 3161 3107 3231 ἐμφαίνουσιν.
3143 3160 3296 3212 Ἐπεὶ
3353 3160 3531 3212 τοίνυν
3561 3159 3689 3222 τοὺς

428 3257 594 3310 stros,
632 3250 723 3318 qui
775 3249 905 3301 olim
944 3250 1156 3302 animas
1198 3255 1418 3301 nostras
1448 3247 1502 3299 in
1560 3245 1858 3299 multorum
1901 3259 2005 3298 nu-

2109 3253 2409 3324 ἡμετέρους
2441 3253 2686 3324 ἐχθροὺς,
2714 3254 2842 3316 τοὺς
2875 3253 3043 3306 πάλαι
3087 3255 3187 3321 τὴν
3216 3251 3392 3320 ψυχὴν
3419 3249 3576 3320 ἡμῶν
3607 3251 3714 3313 είς“

429 3341 637 3394 lninum
685 3354 926 3394 errorem
985 3339 1228 3407 captivas
1285 3343 1530 3407 egerant,
1581 3336 1889 3405 propellens
1939 3350 2004 3388 ac

425 3444 773 3500 oppugnaris,
805 3445 906 3485 nos
931 3444 1126 3484 omnes
1155 3428 1356 3483 milites
1387 3442 1517 3482 suos
1545 3427 1712 3480 armis
1740 3425 2003 3480 adversus

426 3519 646 3573 eosdem
677 3519 942 3592 instruit;
969 3518 1094 3588 jure
1123 3519 1378 3588 precibus
1409 3517 1476 3570 ad
1509 3515 1676 3570 Deum
1701 3515 1889 3570 ell‘usis
1915 3515 2004 3583 ju-

427 3608 619 3670 hilare,
652 3624 714 3664 ac
743 3610 1032 3678 gemitibus
1069 3607 1528 3662 inenarrabilihns
1558 3605 1799 3660 victoria:
1837 3603 2002 3673 Regis

425 3697 600 3752 nostri
632 3713 853 3767 operam
893 3699 1027 3752 dare
1059 3697 1339 3765 jubemur.
1382 3694 1646 3750 Jubilatio
1685 3703 1865 3748 autem
1908 3709 2004 3763 per

426 3788 722 3850 orationes,
780 3803 874 3856 per
919 3787 1269 3855 theologiam,
1296 3787 1418 3856 'per
1462 3802 1653 3842 sanam
1701 3795 1755 3842 et
1797 3787 2002 3840 claram

427 3876 794 3943 cognitionem
837 3877 1123 3937 emittitur,
1168 3876 1408 3944 itemque
1448 3890 1545 3944 per
1590 3874 1879 3944 spirituale
1911 3889 2004 3928 sa-

428 3963 751 4025 cerdmium,
778 3963 924 4030 quod
951 3963 1252 4032 gratiarum
1275 3963 1607 4022 actionibus,
1641 3963 1696 4014 in
1726 3960 2002 4030 mysteriis

429 4051 564 4105 Novi
583 4051 938 4115 Testamenti,
963 4067 1056 4121 per
1075 4052 1597 4106 universamvterram
1618 4041 2000 4121 persolvimus,

427 4142 652 4212 quando
691 4141 1087 4196 immolationis
1113 4134 1250 4211 Agni
1283 4141 1377 4197 Dei
1429 4142 2003 4206 commemorationem

429 4242 675 4304 agentes,
711 4234 854 4288 hanc
882 4233 1173 4302 implemus
1207 4233 1544 4302 prophetiam
1578 4251 1590 4287 :
1628 4253 1646 4284 ι
1677 4232 2002 4288 Circuivict

430 4323 706 4378 immolavi
736 4323 790 4384 in
832 4323 1188 4377 tabernaculo
1217 4323 1337 4392 ejus
1368 4323 1601 4378 hostiam
1627 4323 1806 4378 laudis
1835 4331 1890 4378 et
1912 4325 2003 4393 ju-

428 4412 710 4470 lilationis
739 4413 805 4468 “.
844 4432 862 4465 ι
911 4413 1090 4478 Quare
1126 4415 1181 4468 in
1217 4414 1325 4467 alio
1351 4413 1570 4482 eloquio
1601 4414 1794 4469 horum
1825 4413 2006 4468 erudi-

431 4509 520 4559 tus
549 4505 805 4576 populus,
827 4505 1020 4560 beatus
1047 4505 1376 4574 praedicatur
1397 4505 1482 4563 his
1513 4506 1731 4560 verbis:
1755 4523 1774 4556 ι
1805 4505 2002 4561 Beatus

2107 3346 2206 3414 τὴν
2227 3344 2500 3398 πολύθεον
2539 3345 2746 3415 πλάνην
2801 3344 3269 3415 ῂχμαλωτικότας,
3316 3342 3552 3396 ἐλαύνων
3594 3344 3689 3395 καὶ

2106 3433 2359 3505 πολεμῶν
2384 3436 2412 3486 6
2440 3434 2629 3505 Σωτὴρ
2658 3433 2834 3504 ἡμῶν,
2896 3433 2989 3484 καὶ
3014 3431 3220 3493 πάντας
3266 3433 3413 3501 ἡμεῖς
3435 3431 3562 3493 τοὺς
3591 3432 3691 3482 αὑ-

2105 3525 2198 3576 τοῦ
2223 3522 2562 3595 στρατιώτας
2600 3525 2719 3576 κατ’
2749 3522 2927 3575 αὑτῶν
2952 3520 3188 3585 ὁπλίζει,
3220 3522 3444 3584 εἰκότως
3466 3520 3552 3572 διὰ
3583 3519 3690 3573 τῶν

2106 3613 2244 3685 πρὸς
2275 3615 2364 3666 τὸν
2385 3614 2517 3668 Θεὸν
2554 3615 2727 3687 εὐχῶν
2778 3613 3067 3677 ἀλαλάζειν
3122 3613 3473 3683 κελευόμεθα·
3503 3628 3691 3664 στενα-

2104 3707 2265 3774 γμοῖς
2321 3721 2381 3757 τε
2426 3705 2712 3781 ἀλαλήτοις
2748 3705 3120 3774 συμπράττειν
3168 3707 3232 3774 τῇ
3259 3703 3380 3774 νίκῃ
3406 3703 3495 3755 τοῦ
3523 3703 3691 3757 Βασι-

2104 3794 2238 3857 λέως
2267 3794 2442 3866 ήμῶν.
2470 3795 2682 3847 Γίνεται
2699 3794 2757 3846 δὲ
2785 3796 2814 3847 6
2839 3794 3152 3863 ἀλαλαγμὸς
3176 3793 3242 3845 δι’
3259 3791 3452 3861 εὐχῶν,
3477 3790 3690 3858 γίνεται

2106 3879 2198 3937 καὶ
2219 3883 2307 3937 διὰ
2341 3883 2637 3952 θεολογίας,
2660 3881 2868 3950 γίνεται
2903 3881 2960 3934 δὲ
2992 3882 3087 3934 καὶ
3138 3881 3204 3959 διέ
3235 3879 3422 3948 ὑγιοῦς
3470 3879 3562 3931 καὶ
3607 3895 3695 3930 τε-

2104 3973 2457 4045 τρανωμένης
2486 3972 2760 4042 γνώσεως,
2791 3973 2997 4041 γίνεται
3023 3971 3116 4025 καὶ
3145 3970 3234 4024 διὰ
3255 3971 3352 4041 τῆς
3389 3985 3690 4039 πνευματι-

2105 4065 2205 4133 κῆς
2243 4063 2575 4133 ἱερουργίας,
2627 4063 2694 4132 ἢν
2758 4064 2815 4114 ὲν
2847 4065 2968 4126 ταῖς
3025 4061 3399 4132 εὑχαριστίαις
3431 4059 3575 4113 κατὰ
3625 4058 3691 4110 τὰ

2110 4153 2381 4222 μυστήρια
2402 4149 2734 4219 τῆςλΚαινῆς
2762 4149 3034 4221 Διαθήκης
3069 4149 3187 4202 καθ’
3220 4148 3348 4218 ὅλης
3391 4147 3493 4216 τῆς
3512 4147 3692 4199 οἰκου-

2109 4241 2276 4311 μένης
2300 4239 2681 4309 ’ὲπιτελοῦμεν,
2729 4240 2983 4310 ὁπηνίκα,
3007 4240 3108 4308 τῆς
3141 4239 3330 4301 θυσίας
3357 4237 3451 4290 τοῦ
3494 4237 3692 4307 Ἀμνοῦ

2103 4330 2196 4382 τοῦ
2227 4331 2363 4383 Θεοῦ
2388 4331 2488 4402 τὴν
2515 4331 2820 4401 ἀνάμνησιν
2853 4330 3188 4401 ποιούμενοι,
3227 4330 3324 4401 τὴν
3358 4329 3694 4399 προφητείαν

2105 4420 2419 4491 πληροῦμεν
2450 4421 2548 4492 τὴν
2596 4422 2928 4489 φάσκουσαν·
2973 4439 2991 4474 ι
3016 4420 3331 4474 Ἐκύκλωσα
3382 4421 3476 4473 καὶ
3517 4419 3682 4471 ἔθυσα

2105 4512 2251 4581 ἐν’τῇ
2288 4514 2458 4581 σκηνῇ
2485 4511 2648 4564 αὑτοῦ
2681 4511 2871 4566 θυσίαν
2893 4511 3151 4571 αἰνέσεως
3199 4509 3292 4563 καὶ
3322 4505 3686 4577 ἀλαλαγμοῦ.»

433 4597 662 4661 populus
687 4596 779 4663 qui
824 4596 927 4649 scit
956 4595 1338 4663 jubilationem
1363 4592 1430 4650 “.
1466 4615 1486 4646 ι
1524 4595 1638 4650 Hoc
1673 4596 1857 4666 itaque
1887 4598 1997 4666 pri-

2106 4601 2196 4654 Διὸ
2227 4602 2321 4654 καὶ
2353 4602 2537 4672 ἕτερον
2576 4602 2753 4670 λόγιον
2784 4602 2874 4654 τὸν
2925 4592 3130 4654 τούτων
3182 4600 3519 4668 ἐπιστήμονα
3565 4595 3692 4648 λαὸν

432 4699 602 4744 mum,
646 4692 707 4736 ut
732 4687 1040 4740 necessario
1086 4687 1475 4754 praestandum,
1511 4701 1702 4742 omnes
1757 4688 2006 4745 homines

435 4770 671 4841 Spiritus
692 4783 913 4830 sanctus
942 4791 1100 4846 agere
1120 4775 1273 4844 jubet
1294 4777 1484 4832 dicens
1516 4796 1528 4830 :
1561 4797 1578 4833 ι
1603 4777 1841 4833 Jubilate
1871 4777 2005 4845 Deo,

432 4864 613 4917 omnis
649 4873 813 4918 terra.
850 4884 868 4916 ι
905 4864 1178 4930 Secundo,
1210 4868 1443 4937 psallere
1474 4867 1681 4922 nomini
1719 4868 1840 4936 ejus
1869 4883 2006 4936 pra:-

433 4953 586 5020 cip‘it,
647 4954 791 5022 quod
836 4969 867 5007 a
917 4955 1077 5010 nobis
1119 4957 1375 5013 omnibus
1428 4959 1481 5012 in
1533 4958 1668 5012 locis
1717 4958 2000 5016 observari

432 5051 755 5098 consuetum
787 5053 890 5099 est.
911 5043 1048 5099 Nam
1079 5047 1133 5100 in
1167 5049 1424 5104 omnibus
1456 5047 1552 5102 Dei
1582 5049 1836 5104 ecclesiis
1861 5047 2005 5118 apud

432 5139 621 5200 gentes
663 5135 1001 5198 constitutis,
1043 5136 1159 5191 haec
1194 5138 1314 5208 ipsa
1353 5139 1623 5198 modulari
1655 5145 1712 5192 et
1749 5139 2002 5210 psallere,

434 5235 544 5274 non
583 5220 787 5288 Graecis
811 5226 1044 5286 tantum.
1078 5225 1174 5281 sed
1202 5229 1367 5282 etiam
1392 5229 1640 5284 barbaris
1671 5231 2002 5300 prwcipitur.

433 5311 582 5367 Alias
633 5329 885 5384 quoque,
940 5317 1211 5386 allegoria
1242 5321 1384 5386 ritu,
1435 5335 1638 5390 corpus
1685 5321 2039 5393 humanum,_

434 5403 580 5469 quod
612 5419 709 5458 ceu
742 5405 1167 5464 instrumentum
1196 5401 1396 5465 animae
1429 5413 1691 5466 traditum
1718 5420 1821 5478 est,
1859 5416 2006 5482 psal-

435 5491 632 5546 terium
690 5497 876 5551 vocari
925 5498 1065 5554 solet
1107 5518 1119 5554 :
1161 5516 1270 5570 quo
1300 5515 1425 5555 cum
1482 5502 1734 5571 pulsatur
1776 5503 2005 5558 interior

538 5612 586 5644 ⁸⁵
609 5611 754 5670 l’sal.
796 5629 942 5681 XXVI,
973 5615 1027 5673 6.
1105 5618 1149 5651 ⁸⁸
1177 5616 1324 5673 Psal.
1362 5635 1624 5682 unum,
1671 5618 1757 5673 l6.

2116 4691 2409 4764 μακαρίζει
2468 4692 2698 4762 φάσκον·
2742 4711 2759 4743 ι
2786 4691 3072 4763 Μακάριος
3098 4692 3126 4743 6
3156 4690 3286 4751 λαὸς
3332 4690 3360 4741 6
3409 4685 3690 4754 γινώσκων

2111 4781 2478 4852 ἀλαλαγμὸν.»
2539 4780 2712 4834 Τοῦτο
2761 4780 2826 4848 δὴ
2883 4775 2976 4837 οὖν
3034 4778 3248 4849 πρῶτον
3293 4773 3604 4840 ἀναγκαίως
3632 4769 3694 4822 τὸ

2111 4873 2447 4944 προφητικὸν
2475 4871 2698 4942 Πνεῦμα
2727 4874 2890 4925 πᾶσιν
2921 4870 3230 4942 ἀνθρώποις
3285 4867 3548 4940 πράττειν
3577 4863 3694 4918 δια-

2110 4963 2384 5017 κελεύεται
2413 4962 2636 5030 φάσκον·
2665 4983 2683 5014 ι
2707 4961 3035 5026 Ἀλαλάξατε
3061 4960 3138 5032 τῷ
3165 4959 3306 5031 Θεῷ,
3325 4959 3477 5013 πᾶσα
3509 4957 3542 5024 ἡ
3559 4954 3651 5024 γῆ.
3670 4975 3686 5002 ι

2108 5051 2241 5108 Εἶτα
2267 5054 2525 5124 δεύτερον
2557 5053 2779 5123 ψάλλειν
2804 5054 2882 5125 τῷ
2904 5054 3129 5124 ὀνόματι
3157 5050 3323 5105 αὑτοῦ
3344 5046 3689 5120 προστάττει·

2107 5147 2136 5200 ὃ
2164 5146 2260 5200 καὶ
2285 5145 2419 5199 αὑτὸ
2453 5144 2596 5198 κατά
2625 5145 2802 5199 πάντα
2826 5145 2992 5198 τόπον
3020 5143 3208 5197 εἴωθεν
3243 5140 3330 5210 ὑφ’
3365 5137 3522 5209 ήμῶν
3569 5137 3692 5188 ἑπι-

2107 5235 2393 5289 τελεῖσθαι.
2437 5235 2588 5288 Ἐπεὶ
2637 5235 2776 5289 κατὰ
2831 5237 3012 5289 πᾶσαν
3075 5232 3368 5303 ἐκκλησίαν
3415 5227 3509 5282 τοῦ
3555 5223 3691 5278 Θεοῦ

2107 5327 2206 5398 τὴν
2255 5330 2312 5381 ὲν
2372 5329 2484 5390 τοῖς
2542 5326 2751 5380 ἔθνεσιν
2821 5328 3144 5398 ἱδρυμένην,
3199 5322 3338 5377 αὑτά
3388 5321 3452 5389 δὴ
3519 5315 3693 5370 ταῦτα

2114 5417 2464 5488 μελῳδεῖσθαι
2498 5418 2591 5472 καὶ
2620 5417 2936 5487 ψάλλεσθαι,
2957 5419 3056 5487 οὑχ
3081 5417 3306 5486 Ἕλλησι
3337 5414 3537 5485 μόνοις,
3550 5402 3696 5490 ’ἀλλὰ

2110 5509 2203 5561 καὶ
2237 5507 2528 5578 βαρϐάροις
2585 5509 2964 5580 παραδέδοται.
3017 5507 3125 5561 Καὶ
3177 5506 3349 5569 ἄλλως
3392 5503 3469 5574 δὲ,
3503 5501 3695 5570 νόμοις
