4062 6208
419 235 524 292 649

1544 241 2042 299 COMMENTARIA
2084 245 2150 299 IN
2191 245 2531 303 PSALMOS.

3552 221 3690 310 65o

371 404 376 408 .
416 353 764 426 ἀλληγορίας,
799 356 859 410 τὸ
894 357 1050 430 σῶμα
1076 359 1135 412 τὸ
1157 358 1508 431 ἀνθρώπειον,
1542 361 1729 434 ῶσπερ
1762 364 1983 434 ὄργανον

2091 365 2284 426 homo,"
2308 365 2548 420 membra
2579 373 2632 419 et
2661 381 2855 420 sensus
2876 381 2994 436 ejus
3013 360 3149 424 scite
3175 349 3279 440 legi
3309 368 3404 426 Dei
3427 371 3660 440 psallere

414 448 482 518 τῇ
514 445 659 518 ψυχῇ
691 447 993 518 δεδομένον,
1043 451 1338 522 ψαλτήριον
1389 451 1576 505 είωθεν
1609 453 1986 524 ὀνομάζεσθαι·

415 537 482 592 δι’
511 530 572 591 οῦ
605 541 634 592 ὁ
660 539 787 592 είσω
814 540 1117 612 ἅνθρωπος,
1136 542 1587 613 ἀνακρουόμενος,
1617 545 1994 616 ἐπιστημόνως

413 636 485 688 τὰ
517 635 652 705 μέλη
686 636 865 689 καὶτὰ
898 636 1225 710 αἰσθητήρια
1251 637 1328 709 τῷ
1350 639 1497 710 νόμῳ
1516 637 1608 692 τοῦ
1628 638 1763 691 Θεοῦ
1796 639 1992 708 λέγοιτ’

415 724 482 780 ἂν
510 729 734 792 ε’ἰκότως
755 727 994 797 ψάλλειν.
1031 730 1110 783 Τά
1133 730 1230 801 μὲν
1263 727 1355 784 οῦν
1385 732 1481 802 τῆς
1505 729 1757 800 γνώσεως
1789 732 1882 786 καὶ
1907 734 1995 786 διὰ

415 817 510 872 τοῦ
543 819 854 891 ἀλαλαγμοῦ
885 823 1020 893 αὑτὴ
1051 823 1170 876 καθ’
1205 823 1404 894 ἑαυτὴν
1435 827 1466 896 ή
1509 824 1653 894 ψυχὴ
1688 825 1990 898 κατώρθου·

414 911 495 964 διὸ
527 913 675 984 αύτῷ
702 913 778 984 τῷ
809 913 927 985 Θεῷ
957 915 1210 985 ἠλάλαξε·
1231 917 1301 970 τὰ
1328 917 1384 970 δὲ
1405 916 1500 970 τοῦ
1531 917 1752 987 ψάλλειν
1779 918 1868 972 διὰ
1897 920 1995 991 τῆς

413 1005 509 1058 τοῦ
544 1006 791 1077 σώματος
815 1007 1009 1079 ἠθικῆς
1026 1010 1116 1062 καὶ
1141 1009 1448 1080 πρακτικῆς
1470 1010 1736 1080 κινήσεως
1763 1011 1990 1082 ἐνεργεῖ·

414 1098 494 1151 διὸ
521 1098 787 1152 λέλεκται·
822 1118 840 1151 ι
878 1099 966 1170 Τῷ
989 1101 1210 1172 ὀνόματι
1263 1101 1448 1155 αὐτοῦ.
1492 1121 1510 1153 ι
1550 1103 1834 1174 Εὑφημίαν
1886 1105 1993 1178 γὰρ

412 1190 491 1262 τῷ
521 1191 614 1244 τοῦ
642 1191 776 1245 Θεοῦ
801 1192 1023 1262 ὀνόματι
1059 1194 1212 1264 φέροι
1265 1193 1332 1247 ἂν
1384 1195 1416 1264 ή
1459 1193 1549 1247 διὰ
1607 1195 1715 1249 τῶν
1744 1196 1994 1268 πράξεων

413 1287 525 1346 τοῖς
560 1284 772 1348 πολλοῖς
803 1283 1152 1356 θεωρουμένη
1181 1285 1539 1357 κατόρθωσις.
1576 1287 1685 1341 Καὶ
1709 1288 1889 1360 τρίτον
1915 1290 1992 1355 δὲ,

414 1376 739 1447 πρόσταγμα
765 1379 927 1430 πᾶσιν
961 1379 1090 1448 ἡμῖν
1117 1380 1229 1440 τοῖς
1275 1379 1332 1444 ὲξ
1365 1377 1532 1431 ἐθνῶν
1565 1380 1656 1432 τὸν
1690 1379 1820 1434 Θεὸν
1869 1382 1996 1433 ἐπε-

412 1470 646 1536 γνωκόσι
700 1471 1096 1542 παρήγγελται,
1131 1471 1192 1524 τὸ
1238 1471 1458 1524 κελεῦον
1497 1473 1696 1526 διδόναι
1748 1473 1904 1538 δόξαν
1933 1475 1992 1526 ού

411 1560 490 1631 τῷ
515 1561 655 1631 Θεῷ,
687 1563 926 1633 άπήρκει
958 1561 1066 1634 γάρ
1093 1562 1379 1628 ἀλαλάζειν
1423 1563 1588 1635 αύτῷ·
1627 1565 1738 1618 ἀλλ’
1768 1566 1886 1618 οὐδὲ
1918 1565 1994 1636 τῷ

2089 459 2212 527 jure
2242 458 2518 513 dicantur.
2546 456 2677 523 Qua:
2707 457 2870 528 igitur
2899 458 2963 512 ad
2992 460 3352 530 cognitionem
3387 463 3660 532 pertineant

2095 551 2276 604 anima
2326 552 2381 604 in
2437 551 2613 620 seipsa
2662 565 2757 620 per
2806 551 3182 621 jubilationem
3238 557 3658 624 exsequebatur,

2095 640 2448 709 quamobrem
2483 639 2587 709 ipsi
2618 638 2727 694 Deo
2748 639 3048 708 jubilabat;
3081 656 3176 710 per
3209 654 3532 701 consuetum
3563 665 3661 702 au-

2095 739 2202 785 tem
2227 733 2442 802 corpori
2468 731 2660 802 agendi
2689 741 2894 787 motum
2922 733 3186 803 psallendi
3218 736 3384 791 ritum
3406 753 3665 809 exseque-

2096 824 2296 879 batur:
2329 839 2496 893 quare
2526 824 2724 879 dicitur
2778 844 2792 880 :
2846 843 2865 876 ι
2923 825 3139 881 Nomini
3181 829 3320 897 ejus.
3369 850 3387 882 ι
3425 829 3662 887 Laudem

2096 917 2298 986 quippe
2342 916 2548 970 nomini
2603 916 2695 972 Dei
2730 919 3025 974 conciliant
3073 931 3219 976 recte
3265 922 3430 989 facta,
3476 941 3597 996 qum
3630 941 3662 980 a

2097 1008 2282 1062 multis
2311 1007 2745 1077 conspiciuntur.
2780 1007 2983 1073 Tertio,
3010 1011 3324 1068 mandatum
3357 1016 3516 1072 nobis
3542 1032 3664 1071 om-

2097 1097 2282 1162 nibus,
2316 1097 2410 1166 qui
2441 1113 2506 1152 ex
2538 1097 2792 1168 gentibus
2823 1097 2889 1152 ad
2927 1097 3019 1154 Dei
3061 1101 3426 1170 cognitionem
3475 1119 3664 1161 acces-

2097 1191 2302 1255 simus,
2343 1190 2600 1244 traditum
2651 1200 2756 1254 est,
2805 1206 2914 1261 quo
2955 1191 3212 1261 jubemur
3250 1195 3478 1265 gloriam
3510 1197 3662 1262 dare,

2097 1291 2206 1331 non
2241 1276 2352 1332 Deo
2372 1319 2384 1340 ,
2412 1279 2545 1334 satis
2575 1279 2718 1334 enim
2749 1287 2867 1334 erat
2891 1281 3126 1351 jubilare
3149 1284 3284 1354 ipsi;
3311 1301 3419 1340 non
3454 1291 3662 1344 nomini

2096 1369 2236 1436 ejus,
2268 1368 2393 1424 huic
2426 1373 2569 1424 enim
2612 1371 2844 1440 psallere
2884 1374 3172 1443 jubemur,
3201 1377 3296 1432 sed
3349 1379 3493 1433 laudi
3520 1383 3661 1449 ejus.

2097 1459 2405 1516 Laudanles
2443 1463 2587 1516 enim
2620 1463 2797 1532 ipsum
2833 1481 2928 1534 par
2959 1474 3042 1520 cst
3077 1483 3182 1522 non
3232 1469 3530 1535 humiliter,
3563 1489 3666 1529 nec

2097 1553 2214 1606 sine
2239 1551 2410 1621 gloria
2439 1551 2492 1605 id
2525 1568 2701 1622 agere,
2734 1553 2828 1609 sed
2855 1571 3050 1626 magno
3085 1573 3209 1612 cum
3241 1558 3447 1616 honore
3475 1571 3527 1616 et
3548 1562 3666 1632 glo-

411 1651 634 1723 ὀνόματι
666 1653 854 1716 αὐτοῦ,
877 1653 1052 1724 τούτῳ
1103 1654 1210 1726 γὰρ
1241 1655 1464 1724 ψάλλειν
1502 1656 1883 1728 ἐκελευόμεθα·
1922 1660 1983 1727 τῇ

2099 1660 2199 1698 ria.
2241 1644 2520 1715 Siquidem
2575 1641 3186 1718 prmter’cognitionem
3232 1651 3325 1708 Dei
3379 1653 3434 1708 in
3484 1667 3664 1710 mente

413 1743 470 1796 δὲ
497 1745 700 1797 αἰνέσει
729 1744 914 1799 αὐτοῦ.
940 1745 1231 1809 Λίνοῦντας
1262 1748 1369 1818 γὰρ
1421 1749 1580 1800 αὐτὸν
1624 1727 1886 1820 προσήκει
1917 1749 1983 1821 μὴ

2093 1737 2347 1799 deﬁxam,
2374 1753 2495 1808 qua:
2525 1753 2622 1808 per
2650 1740 3074 1797 instrumentum
3099 1745 3425 1810 celebratur,
3458 1762 3556 1817 par
3579 1755 3662 1803 est

413 1835 706 1900 ταπεινῶς,
742 1838 874 1907 μηδὲ
903 1837 1105 1901 ἀδόξως
1135 1839 1324 1900 αἰνεῖν,
1373 1839 1468 1892 σὺν
1531 1839 1696 1911 πολλῇ
1747 1841 1803 1895 δὲ
1857 1844 1988 1913 τιμῇ

299 1985 312 2000 ι
414 1927 511 1980 καὶ
537 1927 681 2000 δόξῃ.
719 1927 861 2000 Πρὸς
889 1928 998 2000 γὰρ
1025 1930 1090 1999 τῇ
1125 1928 1261 1982 κατά
1289 1928 1526 1982 διάνοιαν
1555 1931 1844 2004 ὲρρωμὲνῃ
1863 1934 1992 2003 περὶ

413 2021 549 2075 Θεοῦ
584 2021 779 2090 γνώσει
813 2022 879 2075 δι’
910 2022 1143 2094 ὀργάνου
1174 2022 1584 2098 κατορθουμένῃ
1609 2026 1873 2097 προσήκει
1898 2028 1991 2080 καὶ

411 2110 499 2164 διὰ
526 2110 696 2178 λόγων
719 2111 876 2164 θείων
905 2114 1085 2176 αἷνους
1115 2113 1207 2166 καὶ
1248 2111 1449 2184 ὕμνους
1478 2115 1605 2180 τοὺς
1637 2116 1718 2179 είς
1747 2115 1840 2170 τὸν
1859 2115 1990 2171 Θεὸν

411 2205 770 2276 περιεχόντων
826 2208 922 2261 σὺν
956 2207 1212 2280 εὐλαϐείᾳ
1262 2209 1358 2262 καὶ
1418 2207 1700 2279 σεϐασμίῳ
1750 2212 1881 2280 τιμῇ
1930 2211 1990 2264 τὸ

411 2296 626 2367 πρῶτον
652 2298 1004 2370 ἀποπληροῦν
1038 2301 1385 2372 πρόσταγμα.
1411 2301 1503 2354 Διὸ
1529 2301 1794 2355 λέλεκται·
1821 2319 1840 2354 ι
1862 2303 1988 2356 Δότε

408 2388 564 2453 δόξαν
580 2389 782 2442 αἰνέσει
802 2388 989 2442 αὐτοῦ·
1032 2409 1050 2443 ι
1076 2391 1108 2462 ἢ
1133 2391 1272 2444 κατά
1294 2391 1383 2444 τὸν
1412 2389 1668 2458 Ἀκύλαν,
1704 2410 1722 2443 ‹
1747 2393 1875 2446 Δότε
1907 2393 1992 2446 δό-

409 2481 507 2547 ξαν
543 2481 774 2553 ὑμνήσει
805 2481 1076 2554 αὑτοῦ·ιῆ
1107 2483 1248 2536 κατὰ
1273 2485 1365 2536 τὸν
1393 2483 1705 2555 Σύμμαχον,
1742 2505 1760 2537 ι
1781 2485 1988 2550 Τάξατε

410 2575 491 2636 εἰς
520 2574 685 2645 τιμήν
717 2573 806 2627 τὸν
841 2572 1009 2645 ὕμνον
1056 2575 1276 2629 αὑτοῦ.»
1328 2576 1449 2628 Ἔτι
1510 2576 1647 2647 πρὸς
1690 2577 1900 2642 τούτοις
1932 2580 1990 2632 τὸ

410 2665 634 2738 Πνεῦμα
667 2665 728 2719 τὸ
756 2665 1094 2737 προφητικὸν
1154 2667 1585 2740 παρακελεύεται
1637 2671 1805 2723 πᾶσιν
1860 2672 1989 2742 ἡμῖν

408 2757 832 2831 τεθεωρημένως
861 2758 1182 2824 ἐνατενίζειν
1235 2763 1348 2825 τοῖς
1379 2760 1559 2834 ἔργοις
1589 2761 1684 2816 τοῦ
1708 2763 1863 2827 Θεοῦ,
1896 2764 1990 2817 καὶ

407 2851 501 2905 Ιιὸν
523 2852 646 2906 νοῦν
675 2853 920 2923 ὲφιστᾷν,
948 2852 1095 2916 ὅπως
1144 2853 1309 2922 φόϐου
1366 2855 1459 2908 καὶ
1505 2855 1815 2927 ἐκπλήξεως
1844 2857 1990 2930 γέμῃ

407 2943 476 2997 σιὰ
507 2944 604 3014 τῆς
657 2945 848 3013 σοφίας
900 2944 1062 2998 αὑτοῦ
1098 2945 1608 3018 μεγαλουργήματα.
1650 2967 1668 2999 ι
1711 2948 1802 3002 Ἐκ
1829 2949 1988 3021 μεγέ-

408 3033 534 3098 (cu;
561 3034 668 3106 γὰρ
717 3035 810 3088 καὶ¹
867 3035 1128 3106 καλλονῆς
1179 3037 1487 3107 κτισμάτων
1545 3037 1817 3108 ἀναλόγως
1843 3041 1872 3092 ὁ
1903 3057 1988 3109 γε·
2015 3077 2058 3134 c

407 3127 717 3198 νεσιουργὸς
743 3127 1046 3198 θεωρεῖται·
1090 3146 1108 3179 ι
1131 3128 1256 3182 καί·
1282 3148 1299 3180 ι
1331 3129 1410 3182 Τά
1437 3129 1641 3203 ἀόρατα
1670 3130 1833 3184 αὑτοῦ
1878 3133 1986 3185 ἀπὸ

407 3218 636 3282 κτίσεως
666 3218 870 3290 κόσμου
902 3221 1016 3282 τοῖς
1063 3222 1328 3292 ποιήμασι
1365 3221 1628 3292 νοούμενα
1666 3223 1979 3295 καθορᾶται·

403 3308 442 3380 ἦ
469 3324 530 3362 τε
556 3309 722 3372 ἀΐδιος
756 3308 920 3362 αὑτοῦ
964 3309 1194 3382 δύναμις
1239 3311 1333 3364 καὶ
1390 3311 1624 3386 θειότης.
1649 3333 1667 3365 ι
1698 3313 1864 3368 Ταῦτ’
1890 3312 1983 3370 οῦν

405 3398 769 3472 θεωροῦντας,
810 3402 1352 3474 ὑπερεκπλήττεσθαι
1407 3405 1506 3471 δεῖ,
1563 3407 1657 3460 καὶ
1695 3407 1871 3477 λέγειν
1905 3409 1984 3479 τῷ

403 3493 546 3564 Θεῷ·
586 3513 605 3546 ι
640 3495 727 3558 Ὡς
755 3493 962 3568 φοϐερά
996 3497 1065 3549 τά
1091 3496 1226 3568 ἔργα
1249 3513 1396 3551 σου.»
1429 3498 1714 3571 Ἀλλ’ήμῖν
1749 3499 1848 3571 μὲν
1870 3503 1983 3566 τοῖς

405 3585 512 3639 ὑπὸ
541 3586 634 3640 σοῦ
673 3587 1104 3658 πεφωτισμένοις
1133 3588 1399 3658 ἔγνωσται
1418 3592 1510 3645 καὶ
1534 3591 1888 3664 κατείληπται
1914 3593 1982 3647 τὰ

403 3677 541 3749 ἔργα
575 3695 666 3731 σου
695 3678 822 3732 ὅντα
851 3678 1076 3751 φοϐερά·
1112 3681 1160 3732 οἱ
1190 3680 1245 3733 δὲ
1271 3681 1456 3755 ἐχθροί
1485 3699 1578 3736 σου
1602 3685 1658 3737 ὲν
1679 3685 1853 3756 σκότῳ
1883 3702 1982 3740 κα-

403 3770 758 3843 λινδούμενοι,
795 3772 897 3826 κᾶν
931 3773 1156 3827 ὲθέλωσί
1194 3793 1323 3828 ποτε
1357 3776 1610 3848 περὶτῶν
1644 3779 1750 3834 σῶν
1804 3779 1978 3853 ἔργων

401 3863 674 3929 διεξιέναι,
709 3865 801 3918 καὶ
826 3865 1015 3935 λόγους
1039 3867 1114 3930 ὡς
1143 3863 1252 3920 οἷόν
1283 3885 1341 3921 τε
1369 3871 1626 3938 φυσικοὺς
1653 3871 1975 3938 ἀποδιδόναι,

404 3957 621 4029 μακρὰν
658 3958 1024 4011 ἀποπίπτουσι
1045 3959 1137 4011 τοῦ
1163 3959 1396 4032 πλήθους
1418 3962 1518 4032 τῆς
1553 3962 1651 4034 σῆς
1677 3964 1973 4036 δυνάμεως,

401 4050 553 4104 οὐδὲν
587 4051 737 4119 ὑγιὲς
770 4051 889 4104 οὐδὲ
924 4050 1122 4122 ἀληθὲς
1152 4051 1363 4122 ἔχοντες
1410 4054 1605 4124 λέγειν.
1638 4057 1728 4110 Διό
1777 4075 1970 4130 φαμεν·

407 4159 426 4191 ι
450 4142 537 4194 Ἐν
570 4141 646 4213 τῷ
678 4142 872 4214 πλήθει
901 4144 999 4214 τῆς
1028 4143 1306 4216 δυνάμεώς
1361 4153 1458 4200 ’σου
1502 4146 1791 4216 ψεύσονταί
1835 4166 1896 4201 σε
1926 4153 1974 4203 οἱ

400 4233 585 4304 ἐχθροί
620 4251 735 4288 σου.
775 4236 930 4289 Πᾶσα
982 4237 1015 4307 ή
1049 4237 1121 4306 γῆ
1185 4241 1715 4311 προσκυνησάτωσαν
1770 4259 1850 4295 σοι
1883 4243 1975 4295 καὶ

397 4325 724 4394 ψαλάτωσάν
759 4343 862 4391 σοι,
897 4326 1222 4397 ψαλάτωσαν
1254 4329 1329 4401 τῷ
1353 4330 1575 4402 ὀνόματί
1606 4349 1717 4386 σου.
1743 4334 1974 4404 maxim).-

2091 1831 2255 1884 etiam
2317 1829 2518 1886 divinis
2565 1833 2910 1889 sermonibus
2947 1835 3134 1891 laudes
3185 1845 3240 1892 et
3290 1828 3520 1910 hyn’inos
3569 1839 3660 1896 Dei

2092 1922 2576 1991 complectentibus
2604 1940 2726 1978 cum
2750 1925 2948 1995 pietate
2967 1942 3029 1982 ac
3047 1930 3394 1986 veneratione
3427 1933 3660 2001 primum

2093 2023 2421 2085 praeceptum
2446 2016 2687 2085 implere.
2717 2016 2896 2084 Quare
2927 2019 3132 2075 dictum
3162 2029 3246 2078 est
3280 2041 3293 2078 :
3326 2040 3344 2074 ‹
3385 2022 3517 2080 Date
3541 2026 3660 2096 glo-

2092 2105 2228 2159 riam
2255 2106 2401 2162 laudi
2429 2108 2580 2178 ejus;
2627 2129 2645 2162 ›
2688 2112 2794 2178 vel,
2822 2113 3124 2168 secundum
3150 2113 3436 2186 Aquilam:
3482 2136 3500 2168 ι
3530 2116 3659 2172 Date

2091 2196 2317 2265 gloriam
2337 2197 2553 2270 hymnis
2567 2200 2721 2270 ejus,
2749 2221 2766 2252 ι
2790 2203 2894 2267 vel,
2918 2204 3220 2260 secundum
3238 2205 3620 2278 Symmachum
3642 2223 3656 2260 :

2097 2307 2114 2339 ι
2147 2290 2476 2347 Constituite
2508 2293 2561 2346 in
2594 2294 2855 2350 honorem
2885 2296 3148 2367 hymnum
3183 2299 3324 2370 ejus.
3367 2319 3386 2352 ι
3416 2301 3498 2356 Ad
3544 2303 3656 2358 haec

2091 2397 2218 2436 vero
2247 2383 2486 2453 Spiritus
2513 2386 2864 2456 propheticus
2890 2389 3047 2459 jubet
3080 2405 3180 2446 nos
3213 2406 3406 2450 omnes
3451 2401 3657 2451 attento

2091 2476 2273 2530 animo
2301 2491 2466 2547 opera
2498 2477 2590 2533 Dei
2625 2480 2994 2546 considerare,
3027 2491 3188 2553 atque
3215 2494 3397 2541 mente
3427 2502 3655 2558 perpen-

2090 2566 2238 2631 dere,
2269 2583 2380 2638 quo
2413 2576 2572 2639 pacto
2602 2586 2794 2643 magna
2819 2573 3101 2643 sapientia:
3129 2575 3276 2632 illius
3299 2593 3464 2648 opera
3500 2582 3646 2636 timo-

2093 2671 2203 2711 rem
2239 2667 2624 2729 stuporemque
2655 2660 2911 2716 inferant.
2953 2681 2971 2712 ε
3003 2661 3138 2716 Nam
3179 2679 3244 2719 ex
3289 2669 3655 2738 magnitudine

2089 2762 2141 2804 et
2183 2751 2588 2820 pulchritudine
2627 2761 3007 2810 creaturarum
3045 2760 3400 2828 proportione
3423 2763 3654 2832 quadam

2089 2841 2269 2912 Opifex
2312 2844 2634 2916 intelligitur
2670 2847 2752 2914 “;
2793 2866 2812 2900 ι
2848 2855 2945 2903 et:
2987 2868 3006 2902 ι
3056 2849 3356 2908 lnvisibilia
3401 2855 3574 2926 ipsius
3625 2872 3655 2910 a

2089 2943 2342 2990 creatura
2386 2938 2596 3001 mundi,
2641 2953 2738 3008 per
2768 2954 2831 2996 ea
2857 2956 2978 3012 qua:
3001 2941 3146 2998 facta
3175 2953 3324 3011 sunt,
3356 2947 3653 3014 intellecta,

2090 3029 2524 3098 conspiciuntur,
2581 3032 2909 3102 sempiterna
2957 3052 3175 3108 quoque
3231 3039 3353 3110 ejus
3396 3039 3570 3097 virtus
3603 3049 3654 3098 et

2089 3118 2348 3175 divinitas
2368 3119 2434 3176 ⁸⁷.
2471 3140 2490 3174 ι
2524 3121 2648 3178 Haec
2671 3130 3122 3199 contemplantes,
3146 3139 3369 3204 stupore
3395 3133 3530 3189 allici
3557 3151 3652 3206 par

2085 3216 2186 3273 est,
2228 3225 2292 3265 ac
2317 3211 2497 3268 dicere
2525 3213 2636 3269 Deo
2667 3232 2679 3268 :
2711 3235 2729 3267 ‹
2768 3218 2941 3284 Quam
2973 3223 3237 3278 terribilia
3265 3239 3430 3296 opera
3461 3228 3585 3280 tua!
3629 3245 3650 3281 ι

2088 3298 2192 3356 Sed
2225 3317 2256 3356 a
2286 3305 2444 3360 nobis
2473 3306 2693 3377 quidem
2726 3310 2824 3366 abs
2858 3319 2910 3368 te
2949 3313 3270 3372 illuminatis
3297 3320 3653 3389 cognoscitur

2083 3401 2138 3450 et
2163 3396 2644 3466 comprehenditur
2663 3417 2830 3473 opera
2853 3412 2944 3459 tua
2974 3407 3239 3462 terribilia
3273 3424 3414 3466 esse.
3441 3409 3650 3467 Inimici

2083 3501 2214 3541 vero
2244 3490 2321 3543 tui
2359 3490 2413 3543 in
2447 3493 2686 3549 tenebris
2713 3497 2964 3563 volutati,
3002 3500 3218 3557 etiamsi
3261 3517 3650 3574 nonnunquam

2082 3581 2249 3636 velint
2278 3582 2345 3637 de
2383 3585 2642 3655 operibus
2685 3589 2800 3644 tuis
2831 3590 2994 3645 verba
3025 3591 3223 3660 facere,
3265 3595 3650 3667 naturalesque

2081 3687 2362 3730 sermones
2398 3691 2500 3746 pro
2531 3677 2793 3736 facultate
2847 3689 3049 3749 texere,
3099 3684 3258 3756 longe
3307 3686 3565 3742 aberrant
3620 3704 3648 3742 a

2080 3766 2453 3837 magnitudine
2481 3769 2706 3828 virtutis
2751 3781 2878 3840 tuae,
2924 3775 3168 3847 nihilque
3208 3793 3424 3845 sanum,
3459 3796 3644 3836 verum

2077 3859 2214 3914 nihil
2242 3859 2434 3918 efferre
2469 3864 2668 3921 valent.
2711 3865 2894 3933 Quare
2934 3869 3168 3926 dicimus
3202 3891 3216 3927 :
3252 3889 3271 3922 ι
3310 3872 3366 3926 In
3397 3874 3642 3930 multitu-

2077 3952 2205 4008 dine
2233 3953 2452 4010 virtutis
2475 3963 2583 4012 tua:
2613 3960 2945 4015 mentientur
2965 3962 3062 4018 tibi
3096 3963 3303 4020 inimici
3331 3966 3430 4021 tui.
3459 3965 3644 4023 Omnis

2075 4050 2220 4099 terra
2246 4045 2434 4103 adoret
2458 4057 2527 4115 te,
2551 4057 2604 4105 et
2626 4053 2824 4121 psallat
2842 4055 2960 4119 tibi,
2986 4056 3253 4126 psalmum
3271 4057 3417 4113 dicat
3439 4059 3650 4114 nomini

2075 4145 2190 4195 tuo.
2244 4139 2568 4210 Diapsalma.
2603 4163 2621 4195 ι
2677 4144 2868 4201 Priora
2923 4149 3143 4218 quidem
3184 4158 3453 4223 praecepta
3499 4154 3649 4207 omni

2074 4237 2252 4292 terrae,
2284 4233 2535 4289 videlicet
2577 4238 2835 4295 omnibus
2868 4242 3141 4310 gentibus,
3193 4244 3507 4313 prophetice
3538 4253 3650 4298 tra-

2071 4321 2185 4377 dita
2218 4322 2451 4378 fuerant.
2475 4325 2614 4392 Quia
2645 4343 2794 4394 vero,
2819 4339 2878 4385 ut
2907 4332 3022 4386 haec
3050 4348 3214 4402 opere
3236 4335 3495 4404 compleri
3519 4351 3660 4404 pos--

401 4434 532 4487 μα.»
575 4416 655 4470 Τὰ
680 4419 776 4488 μὲν
806 4419 995 4489 πρῶτα
1025 4421 1457 4492 παραγγέλματα
1485 4418 1555 4494 ἦν
1609 4423 1758 4499 πάσῃ
1778 4427 1842 4496 τῇ
1877 4428 1968 4496 γῇ.

2084 4423 2215 4479 sent,
2233 4415 2480 4471 oratione
2496 4433 2636 4487 opus
2658 4430 2792 4483 erat,
2820 4421 3056 4491 Spiritus
3076 4425 3295 4478 divinus
3317 4432 3440 4494 post
3463 4427 3644 4494 priora

393 4509 598 4582 δηλαδὴ
624 4513 758 4565 πᾶσι
785 4515 898 4576 τοῖς
931 4513 1127 4576 ἔθνεσι,
1148 4515 1496 4586 προφητικῶς
1529 4516 1969 4588 παρηγγελμένα·

396 4603 520 4656 ἐπεὶ
549 4603 604 4656 δὲ
626 4604 790 4675 εύχῆς
847 4599 914 4676 ἦν
973 4606 1130 4676 χρεία
1165 4609 1243 4671 είς
1270 4608 1332 4661 τὸ
1373 4608 1663 4680 δυνηθῆναι
1689 4610 1760 4663 δι’
1800 4609 1974 4682 ἔργων

393 4694 566 4747 ταῦτα
597 4696 863 4766 χωρῆσαι,
898 4698 1208 4765 ἀναγκαίως
1234 4699 1294 4752 τὸ
1327 4698 1468 4752 θεῖον
1494 4699 1716 4770 Πνεῦμα
1747 4701 1883 4771 μετά
1904 4701 1971 4756 τά

394 4785 588 4854 πρῶτα
617 4786 754 4857 πρὸς
786 4787 944 4839 αὑτὸν
975 4789 1286 4860 ἐπιστρέφει
1321 4791 1410 4842 τὸν
1457 4791 1607 4855 Θεὸν,
1641 4791 1804 4862 εὐχὴν
1831 4793 1972 4865 ὑπὲρ

394 4877 576 4946 πάσης
595 4877 694 4947 τῆς
722 4878 826 4947 γῆς
877 4879 1216 4948 ἀναπέμπον.
1268 4881 1358 4934 Διό
1411 4899 1561 4952 φησι·
1601 4903 1617 4934 ι
1651 4884 1806 4937 Πᾶσα
1834 4886 1867 4955 ἡ
1899 4887 1971 4957 γῆ

393 4970 927 5040 προσκυνησάτωσαν
962 4988 1042 5023 σοι
1075 4972 1169 5024 καὶ
1221 4970 1544 5041 ψαλὰτωσάν
1584 4993 1686 5039 σοι,
1721 4976 1971 5047 ψαλάτωσ

393 5078 495 5113 σαν
524 5061 602 5131 τῷ
625 5061 845 5131 ὀνόματί
868 5078 1015 5116 σου.»
1067 5062 1209 5115 Ἀντὶ
1241 5063 1296 5115 δὲ
1358 5063 1470 5118 τοῦ·
1507 5085 1522 5115 ι
1567 5067 1721 5120 Πᾶσα
1754 5069 1787 5138 ή
1819 5069 1910 5138 γῆ,
1948 5087 1964 5118 ο

389 5155 418 5206 ὁ
454 5147 749 5223 Σύμμαχος
783 5155 1110 5225 σαφέστερον
1141 5155 1480 5227 ἡρμήνευσεν
1501 5159 1688 5212 εἰπών·
1721 5177 1738 5210 ι
1764 5160 1970 5223 Πάντες

389 5246 438 5298 oi
475 5244 567 5296 ἐπὶ
591 5244 748 5314 γῆςη
787 5245 1102 5317 λευκότερον
1151 5246 1417 5317 δηλώσας,
1462 5249 1542 5300 δτι
1583 5249 1655 5320 μὴ
1698 5251 1966 5313 Ἰουδαίοις

385 5335 449 5392 τὸ
475 5337 842 5408 παράγγελμα
874 5337 1068 5400 δέδοτο,
1128 5337 1262 5392 ἀλλά
1305 5341 1435 5392 πᾶσι
1463 5342 1578 5402 τοῖς
1614 5339 1705 5392 ἐπὶ
1737 5340 1838 5410 γῆς
1870 5342 1964 5393 άν-

387 5425 647 5498 θρώποις.
681 5427 955 5496 Μεγίστης
977 5427 1083 5498 γὰρ
1103 5428 1310 5481 ἐδέοντο
1336 5429 1518 5499 εὐχῆς,
1543 5429 1617 5490 ὡς
1641 5427 1705 5482 ἂν
1741 5428 1964 5500 δυνάμει

386 5515 521 5572 Θεοῦ
550 5516 850 5587 παράδοξος
882 5517 1089 5584 γένοιτό
1123 5535 1204 5581 τις
1231 5519 1288 5570 ὲν
1313 5519 1494 5582 αὐτοῖς
1529 5517 1796 5591 μεταϐολὴ
1827 5519 1964 5590 πρὸς

459 5702 504 5734 ⁸⁸
531 5701 659 5774 Sap.
696 5717 814 5767 xui,
848 5702 897 5754 5.
977 5702 1017 5732 ⁸⁷
1043 5701 1199 5758 Rom.
1237 5719 1272 5767 ι,
1306 5705 1397 5758 ‘20.

707 5803 974 5862 Ρηιιοι..
1008 5802 1125 5864 Gn.
1160 5801 1394 5865 XXIII.

2076 4505 2199 4568 illa,
2247 4509 2564 4562 necessario
2616 4510 2682 4564 ad
2731 4510 2898 4565 Deum
2939 4513 3186 4577 vertitur,
3233 4515 3645 4585 orationemque

2075 4612 2172 4667 pro
2199 4599 2454 4653 universa
2489 4609 2632 4655 terra
2660 4603 2879 4657 emittit.
2909 4604 3275 4670 Quamobrem
3308 4608 3382 4661 ait
3415 4627 3428 4663 :
3465 4626 3484 4660 ‹
3522 4607 3645 4664 Om-

2074 4688 2160 4744 nis
2192 4695 2332 4742 terra
2366 4691 2557 4746 adoret
2588 4701 2661 4757 te,
2695 4702 2748 4749 et
2777 4695 2974 4766 psallat
3024 4698 3144 4762 tibi,
3181 4699 3450 4768 psalmum
3495 4701 3644 4757 dicat

2073 4781 2276 4835 nomini
2313 4790 2427 4837 tuo.
2453 4803 2472 4836 ι
2495 4783 2602 4839 Pro
2635 4787 2726 4842 illo
2751 4796 2966 4844 autem:
3010 4808 3030 4842 ι
3062 4791 3255 4848 Omnis
3278 4802 3445 4857 terra,
3485 4816 3502 4848 ι
3530 4797 3642 4852 cla-

2072 4874 2186 4928 rius
2211 4873 2571 4946 Symmachus
2595 4880 2983 4949 interpretatur
3005 4883 3192 4942 dicens
3226 4907 3238 4940 :
3273 4906 3289 4937 ι
3319 4888 3522 4946 Omnes
3547 4893 3638 4961 qui

2071 4962 2125 5015 in
2160 4972 2305 5019 terra
2338 4977 2485 5034 sunt,
2511 4988 2531 5020 ›
2560 4971 2800 5041 apertius
2829 4973 3137 5042 declarans,
3165 4993 3272 5032 non
3303 4978 3506 5038 Judazis
3534 4989 3640 5037 tra-

2069 5053 2240 5109 ditum
2283 5065 2609 5128 praeceptum
2656 5077 2798 5124 esse,
2838 5062 2932 5118 sed
2981 5067 3235 5124 omnibus
3265 5071 3356 5139 qui
3408 5071 3461 5125 in
3495 5079 3636 5126 terra

2069 5154 2195 5200 sunt
2234 5145 2565 5205 hominibus.
2621 5150 2885 5210 Precibus
2926 5170 3161 5228 namque
3211 5163 3444 5215 maxime
3498 5178 3634 5230 opus

2065 5251 2204 5305 erat,
2242 5247 2301 5293 ut
2342 5258 2408 5296 ex
2457 5241 2554 5296 Dei
2611 5252 2897 5314 potestate,
2959 5250 3326 5320 inexspectata
3385 5251 3632 5320 quaedam

2066 5331 2296 5387 mutatio
2323 5333 2456 5403 ipsis
2485 5335 2785 5399 accederet,
2829 5345 2886 5392 ut
2933 5356 3001 5395 ne
3032 5342 3172 5395 ultra
3204 5343 3495 5396 multarunt
3541 5354 3633 5394 nu-

2065 5426 2271 5482 minum
2302 5429 2474 5484 errori
2504 5431 2687 5486 animo
2711 5433 3084 5499 adhaererent;
3112 5434 3206 5489 sed
3230 5448 3394 5488 unum
3436 5431 3628 5498 Deum,

2064 5519 2238 5575 solum
2269 5522 2604 5579 adorandum
2649 5539 2840 5584 reapse
2861 5529 3103 5584 colerent
3137 5534 3190 5582 et
3209 5525 3518 5584 adorarent.
3547 5533 3630 5580 at-

3271 5792 3347 5858 21
