4024 6210
449 181 454 186 ’
501 186 602 249 631
1225 195 1492 253 EUSEBII
1534 195 2009 253 CASSARIENSIS
2047 198 2196 256 OPP.
2235 200 2416 256 PARS
2451 199 2540 256 Ill.
2581 230 2647 242 -—
2685 199 3086 256 EXEGETICA.
3625 197 3728 251 65*}

499 319 605 374 que
639 311 966 375 praeceptum
1011 304 1324 374 huiusmodi
1352 306 1750 362 observarent:
1792 327 1808 360 ι
1850 309 2046 363 Ρεοιιίιε

2170 311 2228 364 τὸ
2253 311 2448 382 μηκέτι
2481 311 2580 382 μὲν
2626 313 2692 383 τῇ
2733 311 2977 382 πολυθέῳ
3009 310 3293 383 προσέχειν
3342 310 3538 382 πλάνῃ,
3573 311 3735 382 μόνον

502 399 708 454 nomini
745 399 885 465 eius.
927 416 945 450 ι
989 395 1061 452 Ut
1098 399 1285 467 itaque
1335 398 1448 452 haec
1489 399 1762 464 eveniant,
1822 399 2046 469 Spiritus

2163 401 2218 454 δὲ
2253 402 2428 456 σέϐειν
2449 403 2506 455 ὃν
2537 403 2617 456 δεῖ
2644 387 2763 456 καὶΙ
2794 405 3133 474 προσκυνεῖν,
3187 402 3276 455 τὸν
3301 402 3397 456 ἕνα
3436 401 3532 456 καὶ
3575 403 3734 472 μόνον

500 481 718 566 sanctus
752 492 822 544 ita
857 496 1109 560 precatur
1134 507 1150 543 :
1180 507 1200 540 ι
1239 487 1428 546 Omnis
1465 496 1610 545 terra
1660 490 1850 545 adoret
1901 499 1955 547 te
2006 501 2046 547 el

2164 495 2256 546 καὶ
2291 495 2662 566 προσκυνητδν
2723 495 2874 559 Θεὸν,
2907 494 3169 546 ἐπιτελεῖν
3201 511 3260 546 τε
3309 494 3370 547 τὸ
3406 493 3736 565 πρόσταγμα

498 562 692 654 psallat
725 583 842 645 tibi,
879 581 1147 652 psalmum
1177 581 1316 636 dicat
1356 583 1562 635 nomini
1598 591 1712 638 tuo.
1755 601 1773 634 ι

2163 583 2229 636 δι’
2250 579 2311 638 οῦ
2341 583 2572 652 ἐλέγετο·
2603 605 2620 636 ι
2647 585 2867 638 Ψάλατε
2887 585 2957 656 ’δή
2982 584 3057 656 τῷ
3099 585 3316 655 ὀνόματι
3349 585 3532 639 αὑτοῦ.
3577 604 3595 636 ι
3638 585 3734 638 Ἴν⁹

496 677 587 731 οὖν
630 678 799 731 ταῦτα
856 677 1102 749 γένηται,
1164 676 1379 748 εῦχεται
1411 676 1471 729 τὺ
1529 676 1753 748 Πνεῦμα
1801 678 1862 731 τὸ
1911 677 2063 747 ἅγιον
2098 678 2284 748 λέγον·
2335 700 2352 730 ι
2387 681 2600 750 Πᾶσαή
2649 680 2720 751 γῆ
2771 679 3300 752 προσκυνησάτωσαν
3333 696 3414 732 σοι
3475 679 3570 732 καὶ
3625 679 3732 748 ψα-

495 769 736 823 λάτωσάν
765 786 866 833 σοι,
890 767 1211 838 ψαλάτωσαν
1241 767 1316 839 τῷ
1343 767 1565 840 ὀνόματί
1586 784 1699 821 σου.
1729 789 1749 821 ι

565 889 732 946 Vens.
759 890 811 954 5,
850 888 901 944 6.
945 906 964 939 ι
989 887 1185 944 Venite
1214 896 1268 942 et
1295 887 1470 942 videte
1492 902 1656 957 opera
1697 885 1812 951 Dei,
1845 888 2062 943 terribi~

495 985 560 1040 lis
582 985 636 1038 in
661 981 905 1043 consiliis
929 995 1094 1051 super
1117 980 1256 1034 lilios
1287 971 1640 1032 hominum):
1672 975 1740 1032 Ut
1768 977 1924 1048 longe
1951 977 2063 1033 dis-

495 1077 618 1133 sitis
666 1075 734 1129 iis
770 1075 862 1144 qui
895 1074 1154 1128 invocant
1180 1086 1378 1126 nomen
1411 1069 1524 1133 Dei,
1558 1082 1615 1124 ut
1646 1073 1870 1140 propius
1903 1086 2061 1126 acce-

495 1170 625 1224 dant
652 1168 894 1237 praecipit
924 1165 1148 1220 dicens:
1174 1182 1192 1215 ι
1224 1161 1436 1218 Venite.
1472 1180 1490 1214 ι
1523 1163 1681 1229 Quod
1710 1164 1892 1233 ipsum
1921 1163 2060 1218 divi-

495 1278 597 1315 nus
640 1259 932 1328 Apostolus
981 1257 1278 1311 declaravit
1310 1257 1397 1313 his
1419 1257 1638 1312 verbis:
1673 1274 1691 1306 ‹
1726 1257 1790 1308 lit
1829 1257 2052 1311 veniens

495 1351 841 1406 annuntiavit
884 1364 1071 1420 pacem
1122 1349 1274 1404 vobis
1315 1350 1407 1420 qui
1443 1349 1601 1420 longe
1635 1347 1836 1410 fuistis,
1872 1356 1926 1402 et
1958 1363 2053 1418 pa-

493 1458 608 1497 cem
663 1442 728 1496 iis
772 1441 863 1510 qui
916 1455 1082 1510 prope
1103 1440 1170 1493 ".
1205 1459 1223 1490 ι
1269 1438 1473 1496 Omnes
1521 1455 1685 1509 porro
1727 1453 1823 1508 per
1863 1437 2050 1492 orbein

492 1541 680 1605 gentes
738 1531 804 1586 ad
848 1531 942 1586 Dei
996 1531 1271 1597 notitiam,
1323 1538 1377 1585 et
1424 1530 1491 1584 ad
1539 1528 2051 1598 contemplationem

493 1645 715 1701 operum
751 1630 871 1700 ejus
917 1645 1096 1686 sermo
1126 1639 1333 1686 evocat.
1362 1627 1496 1682 Nam
1529 1627 1718 1698 procul
1753 1625 1862 1682 Deo
1902 1627 2050 1697 posi—
2083 1666 2124 1720 Β

491 1733 579 1787 tae,
623 1739 798 1800 neque
845 1723 1121 1787 videbant,
1166 1737 1342 1792 neque
1373 1728 1656 1775 noverant.
1687 1717 2053 1786 Quamobrem

492 1817 566 1869 ait
593 1836 606 1870 :
638 1833 656 1866 ι
689 1813 879 1870 Venite
913 1821 967 1869 et
996 1813 1175 1869 videte
1205 1827 1368 1883 Opera
1402 1812 1494 1866 Dei
1525 1829 1539 1865 :
1577 1832 1595 1863 ι
1635 1811 1702 1866 de
1731 1811 1932 1882 quibus
1962 1827 2055 1867 su-

494 1924 590 1979 pra
614 1909 818 1962 dictuiu
846 1914 930 1962 est
956 1924 970 1960 :
1001 1924 1019 1954 ο
1056 1905 1231 1960 Dicite
1267 1905 1372 1960 Deo
1398 1923 1410 1959 :
1438 1904 1611 1971 Quam
1643 1905 1906 1959 terribilia
1930 1914 2054 1960 sunt

491 2014 655 2053 ooera
687 1998 810 2050 tua!
843 2015 860 2048 ι
891 1995 998 2051 Sed
1026 1995 1153 2049 olim
1185 1995 1402 2065 quidem
1439 1995 1784 2065 praecipiebat
1823 1995 2008 2050 dicere
2036 2013 2048 2049 :

498 2107 516 2139 ι
547 2087 718 2153 Quam
753 2086 1015 2141 terribilia
1049 2095 1176 2141 sunt
1219 2099 1380 2154 opera
1433 2089 1554 2139 tua!
1590 2107 1608 2137 ι
1643 2085 1910 2152 Quoniam
1957 2103 2052 2142 au-

495 2186 599 2233 tem
629 2178 922 2233 verisimile
948 2186 1068 2232 erat
1097 2192 1212 2240 eos,
1247 2179 1434 2246 procul
1469 2179 1697 2247 positos,
1731 2194 1850 2248 quae
1869 2189 2053 2235 essent

494 2287 655 2341 opera
703 2269 793 2324 Dei
837 2269 1109 2339 ignorare,
1145 2269 1233 2323 hic
1271 2278 1673 2339 consequenter
1713 2271 1931 2326 eosdem
1973 2273 2052 2328 sic

494 2362 822 2432 alloquitur:
854 2379 871 2411 ι
905 2359 1094 2415 Venite
1121 2367 1174 2414 et
1203 2360 1378 2414 videte
1411 2375 1573 2430 opera
1604 2359 1718 2415 Dei.
1751 2380 1770 2413 ι
1803 2360 1940 2415 Cum
1965 2377 2052 2416 au-

495 2457 603 2502 tem
637 2463 699 2501 ea
733 2446 1000 2504 videritis.
1031 2444 1309 2507 ediscetis,
1352 2461 1476 2500 eum
1511 2447 1811 2502 terribilem
1841 2462 1961 2502 esse
1995 2447 2051 2501 in

493 2539 736 2595 consiliis
761 2553 859 2608 pro
893 2537 1015 2590 [iliis
1053 2535 1352 2590 hominum.
1381 2535 1582 2591 Horum
1613 2539 1936 2592 sententiam
1972 2538 2052 2592 sic

492 2631 693 2685 clarius
728 2630 1112 2698 interpretatur
1149 2626 1508 2700 Symmachus
1535 2628 1726 2683 dicens
1767 2647 1781 2683 :
1811 2647 1829 2679 ι
1861 2627 2052 2683 Venite

491 2730 545 2778 et
584 2723 762 2777 videte
804 2737 966 2791 opera
1001 2720 1116 2783 Dei.
1166 2722 1440 2776 terribiles
1484 2721 1913 2776 machinationes
1954 2738 2052 2792 pro

497 2816 620 2870 liliis
649 2815 946 2868 hominum.
983 2832 1001 2866 ι
1040 2812 1232 2868 Omnia
1260 2815 1460 2884 quippe
1491 2829 1589 2883 pro
1616 2815 1790 2868 salute
1818 2815 2050 2867 liliorum

495 2907 770 2971 hominum
818 2905 1158 2959 machinatus
1191 2913 1295 2960 est.
1342 2903 1455 2958 Sub
1490 2905 1602 2960 hac
1655 2905 1814 2960 docet
1845 2913 2048 2974 quanta

2235 905 2253 937 ι
2294 883 2458 938 Δεῦτε
2491 884 2585 937 καὶ
2623 881 2759 936 ἴδετε
2811 879 2879 934 τὰ
2912 878 3044 952 ἔργα
3083 878 3175 934 τοῦ
3213 878 3368 945 Θερῦ,
3400 877 3632 949 φοϐερὸς
3678 880 3733 932 ὲν

2160 977 2374 1050 βουλαῖς
2402 974 2554 1047 παρὰ
2586 975 2712 1038 τοὺς
2740 974 2888 1037 υἱοὺς
2919 972 3027 1026 τῶν
3075 969 3396 1042 ἀνθρώπιον.
3425 991 3442 1022 ι
3499 971 3588 1034 ἀς
3631 987 3733 1040 μα-

2157 1070 2294 1141 κρὰν
2345 1067 2678 1138 ἀφεστηκόσι
2725 1069 2835 1129 τοῖς
2883 1064 3236 1134 καλουμένοις
3267 1063 3325 1115 τὸ
3377 1061 3516 1115 θεῖον
3563 1063 3732 1132 ὄνομα

2158 1161 2380 1234 πλησίον
2404 1160 2659 1231 ἔρχεσθαι
2687 1160 3010 1231 προστάττει
3039 1157 3196 1226 λέγον
3215 1174 3228 1188 ·
3271 1175 3290 1208 ι
3309 1155 3490 1209 Δεῦτε.
3517 1175 3536 1207 ι
3563 1156 3733 1209 Τοῦτο

2155 1252 2212 1306 δὲ
2249 1255 2277 1306 6
2309 1253 2449 1316 θεῖος
2496 1251 2812 1314 Ἀπόστολος
2840 1250 3076 1322 παρίστη
3119 1246 3286 1301 εἰπών
3306 1265 3320 1277 ·
3368 1267 3386 1299 ι
3417 1248 3528 1300 Καὶ
3561 1247 3730 1301 ἐλθὼν

2157 1344 2543 1416 εὐηγγελίσατο
2573 1344 2796 1415 εἰρήνην
2829 1343 2956 1412 ὑμῖν
2981 1343 3092 1404 τοῖς
3128 1339 3364 1411 μακρὰν,
3393 1341 3486 1392 καὶ
3507 1341 3730 1412 εἰρήνην

2156 1441 2266 1500 τοῖς
2315 1436 2498 1505 ἐγγύς.
2543 1455 2561 1486 ι
2615 1433 2784 1489 Καλεῖ
2817 1433 2873 1486 δὲ
2917 1436 2944 1486 6
2994 1432 3149 1500 λόγος
3187 1433 3255 1484 τὰ
3292 1431 3410 1484 καθ’
3457 1431 3584 1503 ὅλης
3629 1433 3728 1503 τῆς

2157 1528 2478 1598 οἰκουμένης
2521 1527 2647 1597 ἔθνη
2697 1526 2790 1578 ἐπὶ
2819 1527 2917 1596 τὴν
2964 1523 3054 1576 τοῦ
3091 1523 3225 1577 Θεοῦ
3260 1523 3494 1592 γνῶσιν,
3531 1524 3621 1576 ἐπί
3665 1541 3727 1576 τε

2156 1621 2254 1692 τὴν
2290 1619 2521 1691 θεωρίαν
2567 1619 2676 1671 τῶν
2729 1617 2904 1686 ἔργων
2935 1613 3120 1670 αὑτοῦ.
3173 1613 3404 1686 Μακρὰν
3434 1613 3544 1686 γὰρ
3593 1616 3728 1682 ὰφισ-

2155 1710 2332 1764 στῶτα
2354 1710 2449 1764 τοῦ
2470 1710 2602 1763 Θεοῦ
2633 1708 2756 1764 οὔτε
2786 1708 2951 1779 ἐώρα,
2980 1707 3103 1761 οὔτε
3132 1707 3409 1776 ἐγίνωσκε.
3441 1707 3533 1759 Διό
3561 1721 3722 1778 φησι·

2159 1820 2176 1852 ι
2212 1801 2374 1854 Δεῦτε
2411 1802 2505 1854 καὶ
2543 1799 2682 1853 ἴδετε
2737 1798 2805 1851 τὰ
2855 1797 2992 1869 ἔργα
3040 1798 3133 1850 τοῦ
3185 1797 3356 1850 Θεοῦ·
3393 1816 3411 1847 ι
3470 1796 3601 1868 περὶ
3654 1789 3727 1849 ὧν

2151 1893 2405 1962 ἀνωτέρω
2436 1891 2682 1960 ἐλέγετο·
2729 1909 2750 1942 ‹
2777 1891 2982 1943 Εἴπατε
3023 1887 3100 1960 τῷ
3131 1888 3276 1961 Θεῷ·
3297 1889 3382 1952 Ὠς
3409 1887 3622 1958 φοϐερὰ
3661 1890 3726 1941 τὰ

2151 1984 2286 2055 ἔργα
2319 1984 2444 2037 σουί
2483 2001 2502 2035 ι
2565 1981 2725 2034 Ἀλλά
2779 1980 2944 2035 πάλαι
2987 1980 3086 2052 μὲν
3132 1980 3463 2051 προσέταττε
3509 1978 3725 2049 λέγειν·

2155 2095 2174 2127 ι
2222 2076 2309 2140 Ὧς
2358 2073 2563 2145 φοϐερὰ
2605 2073 2672 2126 τὰ
2714 2073 2850 2144 ἔργα
2899 2074 3022 2126 σουί
3063 2072 3318 2144 »Ἐπειδὴ
3361 2072 3418 2125 δὲ
3461 2073 3611 2136 εἰκὸς
3660 2069 3728 2144 ἦν

2149 2168 2360 2234 ἀγνοεῖν
2388 2167 2512 2228 τοὺς
2553 2165 2766 2236 μακρὰν
2789 2163 3107 2234 ἀφεστῶτας
3125 2162 3245 2216 τίνα
3267 2158 3335 2234 ἦν
3360 2162 3430 2217 τὰ
3461 2163 3602 2235 ἔργα
3629 2163 3724 2216 τοῦ

2149 2255 2305 2317 Θεοῦ,
2337 2253 2642 2318 ἀκολούθως
2668 2253 2902 2308 ἐνταῦθα
2934 2252 3068 2324 πρὸς
3106 2255 3231 2316 τοὺς
3261 2253 3458 2316 αὐτοὺς
3491 2255 3721 2323 φάσκει·

2155 2371 2173 2403 ι
2205 2349 2368 2403 Δεῦτε
2400 2350 2494 2403 καὶ
2537 2348 2672 2402 ἴδετε
2719 2348 2786 2401 τὰ
2832 2347 2969 2420 ἔργα
3010 2346 3104 2400 τοῦ
3160 2345 3324 2400 Θεοῦ·
3365 2366 3382 2398 ι
3426 2347 3626 2411 ἰδόντες
3669 2347 3725 2401 δι

2147 2443 2319 2497 ταῦτα
2353 2441 2680 2514 μαθήσεσθε,
2711 2443 2793 2495 ὅτι
2822 2440 3046 2510 φοϐερός
3084 2441 3226 2493 ἐστιν
3254 2443 3310 2493 ἐν
3341 2439 3556 2510 βουλαῖς
3585 2441 3724 2514 ὑπὲρ

2147 2539 2272 2600 τοὺς
2286 2537 2435 2599 υἱοὺς
2466 2535 2574 2588 τῶν
2600 2533 2919 2606 ἀνθρώπων.
2959 2533 3310 2604 Τρανώτερον
3344 2535 3442 2604 τὴν
3479 2534 3724 2587 διάνοιαν

2149 2630 2428 2683 ἀπέδωκεν
2461 2631 2488 2682 6
2536 2628 2829 2698 Σύμμαχος
2879 2625 3049 2680 εἰπών
3073 2643 3085 2655 ·
3133 2646 3151 2678 ι
3191 2626 3410 2680 Ἐλθετε
3445 2627 3541 2680 καὶ
3586 2627 3724 2680 ἴδετε

2150 2720 2375 2792 πράξεις
2421 2720 2515 2774 τοῦ
2557 2719 2712 2781 Θεοῦ,
2759 2718 2966 2790 φοϐερὰ
2995 2722 3378 2792 μηχανήματα
3409 2721 3551 2792 ὑπὲρ
3592 2723 3722 2774 υἱῶν

2149 2811 2467 2883 ἀνθρώπων.
2495 2834 2512 2864 i
2550 2812 2734 2866 Πάντα
2772 2810 2881 2882 γὰρ
2934 2812 3072 2884 ὑπὲρ
3116 2813 3386 2884 σωτηρίας
3430 2813 3538 2866 τῶν
3591 2815 3722 2867 υἱῶν

2149 2905 2256 2958 τῶν
2321 2903 2620 2975 ἀνθρώπιον
2677 2907 3076 2976 ἐμηχανήσατο.
3137 2901 3270 2959 Εἶτα
3327 2905 3569 2960 διδάσκει
3624 2908 3721 2960 ὅσα

490 2995 631 3066 apud
662 2996 914 3064 antiquos
943 2996 1065 3050 illos
1098 2996 1238 3050 Deus
1267 2995 1462 3050 fecisse
1489 3006 1756 3051 narretur.
1789 2995 2045 3062 Quzenam

2153 2997 2412 3068 πρότερον
2437 2997 2584 3068 παρὰ
2604 2999 2714 3059 τοῖς
2741 2997 2984 3060 παλαιοῖς
3009 2996 3321 3068 πεποιηκὼς
3353 2998 3380 3050 6
3411 2997 3546 3062 Θεὸς
3579 3001 3720 3052 i010-

489 3103 617 3142 vero
658 3088 748 3141 illa
805 3088 948 3152 sint,
1008 3094 1195 3157 postea
1259 3087 1590 3143 declaratzt
1621 3087 1725 3154 Qui
1778 3089 2046 3143 convertit

2154 3089 2343 3157 ρεῖται.
2372 3086 2500 3140 Τίνα
2524 3087 2579 3140 δὲ
2599 3087 2788 3150 ταῦτα,
2818 3087 3056 3155 ἐπιλέγει
3080 3087 3204 3158 ἑξῆς
3225 3104 3239 3119 ·
3271 3107 3290 3139 ι
3331 3089 3388 3143 'O
3417 3091 3719 3162 μεταστρέο

489 3192 638 3232 mare
669 3179 722 3232 in
769 3177 1011 3246 aridam;
1045 3179 1097 3232 in
1131 3178 1350 3234 ﬂumine
1397 3180 1801 3250 pertransibunt
1835 3179 1971 3250 pede
2023 3199 2042 3232 ι

2150 3195 2264 3247 φων
2310 3178 2407 3248 τὴν
2459 3177 2732 3232 θάλασσαν
2777 3180 2856 3242 εἰς
2898 3179 3065 3249 ξηράν
3092 3195 3104 3207 ·
3142 3180 3199 3231 ὲν
3234 3181 3463 3252 ποταμῷ
3514 3181 3713 3235 διελεύ-

489 3268 796 3326 Secundqu
823 3269 1204 3342 Symmachum
1231 3283 1407 3326 autem
1431 3290 1444 3326 :
1469 3292 1488 3324 ι
1519 3271 1820 3336 Convertit,
1847 3273 2045 3341 inquit,

487 3382 637 3422 mare
687 3367 740 3421 in
795 3367 1035 3434 aridam;
1088 3366 1310 3420 ﬂuvium
1362 3368 1794 3438 pertransierunt
1837 3367 1989 3436 pede.
2023 3386 2042 3419 ι

486 3461 610 3516 Πεεο
658 3477 822 3531 porro
869 3461 925 3515 in
967 3461 1194 3516 historia
1246 3459 1542 3532 Scripturae
1595 3460 1846 3515 feruntur
1883 3480 1895 3515 :
1928 3475 2048 3530 quae

482 3554 756 3624 gentibus,
785 3559 968 3622 utpote
997 3551 1396 3623 ignorantibus,
1439 3553 1752 3608 necessario
1778 3565 2044 3606 enarran-

483 3653 594 3707 tur,
641 3655 698 3699 ut
731 3644 998 3707 ediscant,
1027 3659 1148 3698 eum
1193 3645 1284 3714 qui
1336 3644 1463 3698 olim
1509 3647 1738 3714 p0pulus
1771 3643 1864 3697 Dei
1905 3653 2041 3708 erat,

485 3737 539 3789 iu
571 3737 827 3790 servitute
857 3734 1233 3805 [Egyptiorum
1268 3735 1557 3805 aliquando
1581 3737 1768 3801 fuisse,
1805 3747 1856 3791 et
1878 3735 2045 3807 ,Εεν-

484 3827 674 3896 ριὶίιοεε
705 3827 1025 3880 idololatriae
1075 3827 1415 3896 subjectum;
1451 3826 1547 3882 sed
1595 3827 1760 3882 Deum
1805 3843 1905 3895 pro
1936 3829 2042 3882 illis

483 3933 676 3983 magna
711 3925 764 3971 et
807 3917 1072 3972 terribilia
1105 3918 1361 3980 edidisse,
1394 3917 1658 3976 divinitus
1696 3920 1907 3974 scilicet
1940 3919 2042 3973 im-

483 4009 669 4086 missis
709 4009 880 4079 plagis
910 4007 1207 4079 [Egyptios
1239 4011 1577 4075 verberasse,
1624 4011 1910 4081 ipsumque
1945 4027 2041 4080 po-

481 4101 668 4168 pulum
701 4115 731 4153 a
759 4100 878 4154 dira
902 4102 1162 4156 servitute
1186 4101 1469 4157 liberasse.
1498 4102 1621 4157 llrcc
1653 4106 1851 4172 quippe
1885 4111 2040 4158 erant

481 4191 750 4246 terribilia
782 4190 876 4246 Dei
899 4206 1092 4261 opera'
1123 4207 1301 4262 neque
1330 4200 1538 4247 tantum
1569 4208 1630 4248 ea
1654 4193 1728 4246 ibi
1753 4193 1918 4256 edita,
1944 4195 2037 4248 sed

481 4283 643 4335 etiam
679 4282 734 4337 in
759 4281 902 4336 mari
935 4279 1121 4337 Rubro
1147 4301 1159 4336 :
1187 4297 1293 4351 quo
1325 4281 1378 4335 in
1411 4282 1617 4336 aridam
1647 4291 1875 4345 mutato,
1907 4299 2036 4340 suos

479 4372 700 4443 quidem
731 4374 950 4444 eripuit,
993 4375 1191 4445 impios
1223 4390 1352 4430 vero
1391 4375 1444 4428 in
1494 4374 1820 4444 profundum
1852 4377 2034 4446 perui-

481 4466 582 4518 ciei
613 4466 868 4534 coniecit.
909 4464 1035 4524 Haec
1067 4465 1269 4530 edocti,
1295 4464 1458 4521 heus!
1491 4482 1606 4532 vos,
1644 4467 1839 4538 inquit,
1872 4468 2039 4522 conli-

479 4557 610 4620 dite,
652 4572 716 4612 ac
762 4558 968 4613 credite
1010 4575 1133 4614 eum
1177 4559 1272 4630 qui
1321 4561 1450 4614 talia
1506 4575 1604 4630 pro
1652 4560 1890 4631 antiquis
1931 4561 2038 4617 illis

479 4657 732 4716 Operatus
761 4657 866 4712 est,
896 4663 1006 4702 non
1047 4651 1306 4719 imparem
1340 4649 1580 4705 futurum
1613 4651 1679 4705 ad
1713 4653 1909 4706 similia
1940 4666 2038 4722 pro

479 4736 634 4790 Vobis
666 4739 891 4808 agenda.
921 4737 1100 4803 Quare
1135 4759 1154 4791 ι
1184 4741 1361 4796 venite
1387 4751 1441 4796 et
1469 4743 1645 4798 videte
1673 4758 1836 4812 opera
1867 4743 1980 4809 Dei,
2013 4763 2031 4795 ι

480 4842 642 4896 quam
696 4829 956 4884 terribilis
1009 4829 1079 4884 sit
1112 4849 1130 4882 ι
1161 4832 1216 4885 iu
1268 4833 1514 4888 consiliis
1552 4849 1649 4904 pro
1699 4835 1822 4889 ﬁliis
1865 4835 2037 4889 homi-

479 4932 630 4970 num.
666 4937 682 4963 ι
717 4917 995 4974 Convertit
1023 4920 1187 4990 igitur
1222 4938 1370 4977 mare
1399 4923 1454 4977 in
1483 4922 1688 4978 aridam
1714 4942 1729 4991 ;
1757 4933 1811 4979 et
1838 4927 1891 4977 in
1915 4922 2037 4977 Jor-

479 5007 618 5063 daue
659 5008 822 5063 (luvio
856 5011 960 5065 alia
1001 5014 1244 5081 quaedam
1277 5015 1540 5070 terribilia
1577 5030 1743 5086 opera
1785 5016 2035 5086 designa-

481 5100 578 5160 vit,
627 5101 844 5169 quando
887 5101 1124 5158 demisso
1174 5103 1395 5161 ﬂumine
1439 5108 1668 5177 pedibus
1707 5108 2036 5176 pertransie-

479 5201 629 5254 runt,
659 5193 748 5262 qui
778 5209 845 5248 ex
885 5193 1100 5248 deserto
1128 5195 1196 5250 ad
1229 5195 1389 5250 istam
1419 5208 1619 5254 terram
1668 5208 2030 5255 accesserant.

478 5288 617 5354 Ipsis
664 5286 827 5356 igitur
855 5285 1154 5356 iisdemque
1199 5290 1584 5346 calceamentis
1632 5292 1737 5354 usi,
1780 5291 2034 5347 conﬁdite

479 5379 652 5448 ipsum
687 5378 850 5432 Deum
884 5379 1193 5449 spirituale's
1219 5379 1523 5453 mgyptios,
1547 5384 1820 5438 daemones
1841 5399 2034 5454 nempe

476 5473 762 5544 malignos,
814 5472 908 5544 qui
951 5472 1104 5545 olim.
1131 5473 1342 5532 animas
1383 5483 1592 5532 vestras
1626 5479 1678 5531 in
1716 5476 2029 5533 servitutem

544 5647 590 5677 ⁸⁸
617 5643 812 5718 Ephes.
842 5667 900 5716 η,
934 5650 1020 5708 Π.

2150 3285 2330 3323 σονται
2364 3269 2506 3324 ποδί.
2542 3291 2560 3323 ι
2615 3271 2773 3324 Κατὰ
2813 3271 2870 3325 δὲ
2894 3272 2984 3324 τὸν
3012 3272 3323 3343 Σύμμαχον·
3371 3292 3388 3322 σ
3417 3275 3717 3340 Μετέϐαλε,

2147 3363 2301 3432 φησὶ,
2349 3363 2446 3434 τὴν
2493 3361 2764 3417 θάλασσαν
2804 3367 2883 3428 εἰς
2941 3363 3140 3437 ξηράν·
3185 3366 3428 3437 ποταμὸν
3462 3367 3718 3439 διέϐησαν

2147 3454 2288 3509 ποδί.
2312 3475 2331 3506 ι
2369 3454 2551 3508 Ταῦτα
2572 3455 2629 3508 δὲ
2663 3455 2967 3526 φέρεταιὲν
2999 3461 3064 3529 τῇ
3097 3458 3195 3530 τῆς
3224 3459 3463 3530 ἱστορίας
3491 3465 3680 3533 γραφῇ
3703 3480 3719 3494 ο

2145 3547 2181 3602 ὃ.
2212 3547 2276 3619 δὴ
2301 3549 2613 3616 ἀναγκαίως
2644 3549 2719 3612 ὡς
2759 3549 2832 3620 μὴ
2855 3550 3018 3603 εἰδόσι
3056 3553 3166 3614 τοῖς
3203 3550 3410 3605 ἔθνεσιν
3440 3553 3716 3622 ἀπαγγέλο

2145 3640 2315 3707 λεται,
2345 3640 2420 3704 ὡς
2441 3639 2504 3692 ἂν
2538 3640 2780 3711 μάθοιεν,
2803 3642 2883 3694 ὃτι
2915 3641 3008 3694 καὶ
3028 3645 3056 3694 ὁ
3082 3641 3248 3696 πάλαι
3295 3641 3391 3696 τοῦ
3427 3643 3562 3696 Θεοῦ
3591 3643 3716 3710 λαὸς

2142 3729 2210 3805 ἦν
2239 3751 2369 3788 ποτε
2403 3734 2717 3803 Αἰγυπτίοις
2742 3733 3153 3805 δεδουλωμένος,
3177 3734 3271 3788 καὶ
3305 3737 3369 3805 τῇ
3409 3735 3584 3806 πλάνη
3617 3736 3716 3807 τῆς

2142 3823 2519 3892 Αἰγυπτιακῆς
2543 3823 2980 3896 εἰδωλολατρείας
3007 3825 3317 3896 ὑπηγμὲνος
3335 3842 3349 3856 ·
3380 3824 3496 3878 ἀλλ’
3524 3826 3714 3897 εἴργα-

2145 3931 2266 3968 σται
2288 3915 2428 3986 ὑπὲρ
2459 3915 2636 3967 αὐτῶν
2658 3918 2685 3968 6
2708 3914 2838 3978 Θεὸς
2869 3915 3079 3984 μεγάλα
3107 3917 3200 3969 καὶ
3227 3915 3454 3986 φοϐερὰ,
3482 3915 3718 3988 πληγαῖς

2147 4007 2245 4077 μὲν
2273 4010 2399 4072 τοὺς
2428 4009 2757 4078 Αἰγυπτίους
2785 4008 3065 4081 θεηλάτοις
3099 4009 3382 4080 μαστίξας,
3426 4010 3630 4073 αὐτοὺς
3661 4010 3721 4064 δὲ

2138 4100 2237 4170 τῆς
2287 4102 2486 4172 πικρᾶς
2540 4101 2780 4164 δουλείας
2830 4101 3215 4173 ἐλευθερώσας.
3262 4102 3449 4156 Ταῦτα
3496 4104 3608 4175 γὰρ
3648 4101 3718 4176 ἧν

2136 4192 2204 4244 τὰ
2237 4193 2441 4264 φοϐερὰ
2473 4192 2564 4246 τοῦ
2586 4193 2721 4246 Θεοῦ
2754 4192 2907 4265 ἔργα,
2931 4195 2992 4247 οὐ
3018 4194 3173 4265 μόνα,
3200 4194 3333 4248 ἀλλὰ
3356 4196 3450 4249 κα.)⁸
3490 4198 3587 4250 ἐπὶ
3619 4197 3718 4267 τῆς

2138 4283 2410 4355 θαλάσσης
2437 4284 2536 4353 τῆς
2587 4285 2884 4357 Ἐρυθρᾶς·
2921 4287 2986 4358 ἦν
3019 4289 3097 4350 εἰς
3146 4287 3314 4359 ξηρὰν
3366 4289 3715 4358 μεταϐαλὼν,

2069 4356 2110 4410 D
2139 4375 2361 4428 διέσωσε
2409 4376 2506 4447 μὲν
2558 4377 2682 4441 τοὺς
2715 4356 2982 4442 οἰκείους,
3015 4380 3142 4444 τοὺς
3299 4356 3518 4445 ἀσεϐεῖς
3565 4382 3716 4455 βυθῷ

2138 4471 2448 4542 παρέδωκεν
2502 4473 2799 4538 ἀπωλείας.
2859 4475 3043 4529 Ταῦτα
3088 4475 3144 4530 δὲ
3212 4478 3580 4548 μανθάνοντες
3608 4520 3623 4543 ,
3669 4473 3715 4532 ὦ

2134 4557 2299 4630 οὗτοι,
2332 4567 2484 4637 φησὶ,
2510 4564 2779 4638 θαρσεῖτε,
2816 4569 3176 4634 πιστεύοντες,
3211 4555 3291 4623 δτι
3317 4573 3345 4624 6
3369 4571 3440 4625 τὰ
3473 4574 3714 4628 τοσαῦτα

2135 4657 2509 4727 ἐργασάμενος
2547 4659 2639 4710 ἐπὶ
2675 4659 2784 4713 τῶν
2829 4659 3071 4713 παλαιῶν
3125 4662 3222 4713 οὐκ
3274 4660 3602 4734 ἀδυνατήσει
3646 4664 3713 4717 τὰ

2134 4748 2295 4818 ὃμοια
2325 4751 2420 4803 καὶ
2452 4751 2534 4820 ἐφ’
2569 4750 2723 4821 ὑμῶν
2753 4751 3222 4824 καταπράξασθαι.
3242 4752 3332 4804 Διὸ
3369 4771 3387 4804 ι
3423 4752 3585 4807 δεῦτε
3620 4773 3708 4808 και

2137 4837 2272 4890 ἴδετε
2301 4838 2368 4892 τὰ
2398 4839 2532 4911 ἔργα
2553 4839 2647 4893 τοῦ
2671 4841 2828 4907 Θεοῦ,
2857 4861 2873 4893 i
2907 4843 2982 4905 ὡς
3012 4842 3240 4913 φοϐερός
3261 4843 3406 4894 ἐστιν
3444 4863 3464 4894 r
3493 4846 3551 4897 ὲν
3586 4844 3708 4915 βου-

2133 4927 2254 4994 λαῖς
2285 4929 2425 5002 ὑπὲρ
2452 4930 2579 4993 τοὺς
2612 4932 2760 4996 υἱοὺς
2817 4932 2922 4985 τῶν
2954 4931 3274 5004 ἀνθρώπων.
3303 4951 3320 4983 ›
3353 4932 3709 5004 Μετέστρειξε

2134 5023 2262 5090 γοῦν
2299 5020 2396 5093 τὴν
2430 5022 2701 5077 θάλασσαν
2732 5025 2810 5086 εἰς
2833 5024 3002 5095 ξηράν
3021 5043 3033 5056 ·
3065 5027 3158 5080 καὶ
3179 5026 3270 5078 ἐπὶ
3294 5025 3389 5079 τοῦ
3434 5026 3708 5096 Ἰορδάνου

2132 5115 2188 5168 δὲ
2218 5114 2460 5186 ποταμοῦ
2499 5114 2634 5170 ἄλλα
2673 5116 2795 5170 τινὰ
2845 5115 3051 5188 φοϐερὰ
3091 5115 3342 5186 θαύματα
3383 5117 3705 5187 εἰργάσατο,

2132 5211 2220 5263 ὅτε
2252 5209 2462 5281 διῆλθον
2497 5214 2609 5274 τοῖς
2645 5211 2830 5276 ποσὶν,
2865 5211 3257 5274 ὑπσταλὲπος
3287 5210 3382 5264 τοῦ
3427 5210 3698 5282 ποταμοῦ,

2132 5303 2179 5354 οἰ
2213 5301 2318 5355 ἀπὸ
2365 5301 2464 5372 τῆς
2513 5303 2716 5373 ἐρήμου
2768 5302 3054 5373 παριόντες
3098 5302 3191 5355 ἐπὶ
3231 5301 3385 5372 τήνδε
3436 5302 3534 5375 τὴν
3572 5302 3695 5372 γῆν.

2133 5391 2351 5453 Τούτοις
2383 5390 2446 5462 δὴ
2493 5386 2584 5444 οῦν
2618 5391 2799 5454 αὐτοῖς
2833 5391 3136 5462 ὑποδήμασι
3174 5392 3538 5463 χρησάμενοι,
3567 5391 3701 5463 θαρ-

2130 5483 2295 5549 σεῖτε,
2327 5480 2403 5546 ὡς
2446 5484 2539 5536 καὶ
2585 5483 2706 5548 τοὺς
2754 5484 3047 5556 ὑμετέρους
3095 5485 3314 5556 νοητοὺς
3340 5485 3698 5553 Αἰγυπτίους,
