4024 6210
379 260 484 317 853
1506 277 2008 338 COMMENTARIA
2046 283 2114 340 IN
2153 283 2490 345 PSALMOS.
3494 299 3596 357 636

375 373 636 446 δαίμονας
668 382 936 453 πονηροὺς
961 423 974 448 ,
1007 385 1132 450 τοὺς
1181 387 1342 442 πάλαι
1395 393 1879 451 καταδυναστεύονοι

1985 411 2030 460 Α
2059 400 2396 472 redigebant,
2432 406 2807 476 expulsurum.
2845 408 3070 468 Etiamsi
3106 429 3253 472 mare
3284 417 3419 475 illud
3449 421 3623 479 homi-

271 461 286 468 ’
373 466 480 520 τῶν
524 468 804 542 ὑμετέρων
835 471 1042 543 ψυχῶν,
1073 477 1333 533 ἀπελάσει
1369 483 1398 534 6
1430 482 1591 547 αὐτὸς
1638 487 1789 550 Θεὸς.
1835 490 1879 542 Κ

2056 509 2185 546 num
2219 491 2475 552 ﬂuctibus
2500 497 2849 567 intumescat,
2874 504 3090 560 etiamsi
3124 508 3407 566 atheorum
3436 522 3492 569 et
3521 515 3626 572 im—

369 559 612 634 κυμαίνῃ
649 559 774 633 δὲσίή
816 564 925 617 τῶν
969 567 1273 638 ἀνθρώπων
1307 571 1582 640 θάλασσα,
1632 579 1735 632 κᾶν
1767 582 1795 633 ό
1841 597 1879 633 τι

2052 583 2269 651 piorum
2319 601 2492 656 genus
2529 586 2730 646 ﬂuctus
2777 600 2832 648 et
2880 595 3123 664 pericula
3153 599 3308 657 vobis
3360 607 3618 673 suscitet;

367 650 543 705 ἀθέων
603 655 701 707 καὶ
751 657 965 713 ἀσεϐῶν
1019 660 1134 732 βίος
1190 663 1464 731 κλύδωνας
1519 670 1614 723 καὶ
1674 672 1879 728 κινδύνο

2061 650 2066 651 ,
2322 650 2346 656 ,
2880 650 2898 664 ,
3013 650 3016 651 ν
3168 650 3307 657 η---
3361 650 3618 673 ---ω-ω,

2050 673 2307 730 conﬁdite
2335 683 2540 744 tamen,
2587 695 2711 736 cum
2743 689 3047 755 exemplum
3079 689 3234 746 vobis
3261 695 3618 764 conspicuum

364 743 553 817 ἐγείρῃ
588 745 711 799 καθ’
745 749 898 820 ὑμῶν
923 767 937 781 ο
973 751 1221 825 θαρσεῖτε
1261 758 1438 829 ὑμεῖς,
1473 761 1701 834 ἐναργὲς
1732 763 1879 836 ἔχοντ

2901 743 2917 755 _
3213 743 3227 746 ε
3270 743 3618 764 -----,--__...

2047 765 2329 834 oﬂ'eratur,
2360 784 2513 826 mare
2536 773 2747 830 scilicet
2773 777 2901 831 olim
2935 795 3154 836 versum
3183 783 3238 838 in
3272 786 3499 844 aridam.
3526 789 3618 847 Sic

362 833 673 908 ὑπόδειγμα
690 839 788 912 τὴν
811 841 978 898 πάλαι
1001 851 1328 918 στραφεῖσαν
1361 833 1633 910 θάλασσαν
1649 857 1728 922 εἰς
1749 833 1879 931 ξὴρά

2045 862 2244 932 quippe
2271 833 2428 921 vobis
2453 867 2760 937 expeditus,
2799 886 2864 926 ac
2908 833 3248 934 nulloﬁobic—e
3273 833 3616 942 interclusus

359 925 546 992 ούτως
588 930 698 1002 γὰρ
725 934 819 986 καὶ
876 936 1002 1008 ὑμῖν
1032 940 1207 1013 ὁμαλή
1236 960 1318 1007 τις
1364 943 1552 1012 ἔσται,
1602 949 1697 1002 καὶ
1727 925 1878 1024 ἀπαρ

2040 953 2145 1006 erit
2167 955 2234 1009 ab
2269 969 2455 1011 errore
2495 957 2562 1013 ad
2600 961 2881 1017 veritatem
2911 967 3197 1024 transitus.
3230 969 3388 1038 Quod
3420 976 3465 1030 si
3493 973 3616 1032 Jor-

357 1017 608 1084 πύδιστος
634 1023 667 1092 ἡ
699 1023 809 1076 ἀπὸ
842 1026 942 1097 τῆς
985 1026 1193 1101 πλάνης
1223 1033 1360 1104 πρὸς
1388 1034 1486 1107 τὴν
1527 1037 1784 1110 ἀλήθειαν
1821 1017 1879 1096 δἰι

2040 1043 2234 1101 danem
2255 1047 2478 1106 ﬂuvium
2507 1052 2719 1122 antiqui
2750 1055 2826 1109 illi
2849 1017 3408 1130 inexspectato‘modo
3430 1074 3612 1124 trans-

354 1108 532 1176 ϐασις.
565 1114 630 1167 Et
671 1114 730 1169 δὲ
763 1117 858 1172 καὶ
890 1121 1133 1192 ποταμόν
1162 1141 1291 1178 ποτε
1331 1126 1424 1180 τὸν
1461 1108 1729 1204 Ἰορδάνην
1758 1151 1879 1207 παρτ

355 1201 518 1229 ιιι-.-
561 1205 770 1229 μανι-..
810 1211 851 1229 ,ε
983 1211 1002 1229 κ
1103 1215 1116 1229 .
1417 1221 1428 1229 .
1494 1222 1507 1229 -
1593 1227 1613 1229 _
1693 1227 1701 1229 _
1814 1227 1861 1229 ,ν

2642 1108 2659 1122 _
2815 1108 2823 1109 ,
2851 1108 3222 1130 _ﬁ___,---_--
3246 1108 3407 1122 ...νυν
3432 1108 3609 1124 ...ωση

2038 1137 2252 1205 ierunt;
2308 1147 2364 1194 at
2404 1157 2502 1198 vos
2553 1159 2772 1216 quoque
2819 1147 2924 1204 h‘oc
2966 1155 3216 1224 exemplo
3258 1155 3609 1229 Evangelium

354 1201 518 1270 Βόξως
556 1205 770 1279 διῆλθον
803 1211 853 1262 οἱ
906 1211 1146 1281 παλαιοὶ,
1178 1216 1312 1271 ἀλλὰ
1344 1221 1440 1274 καὶ
1485 1201 1642 1294 ὑμεῖς
1683 1201 1879 1282 εντεῦθ

2035 1230 2292 1301 excipite,
2326 1201 2738 1307 scientes-quod
2769 1246 2882 1294 tum
2925 1257 3028 1297 nos
3062 1201 3166 1314 ipsi
3204 1247 3298 1317 qui
3330 1201 3445 1304 hae:
3471 1249 3602 1306 dici~

351 1295 446 1368 ἤδη
480 1298 928 1369 εὐαγγελίζεσθε,
966 1307 1346 1377 γινώσκοντες,
1385 1314 1468 1367 ὅτι
1502 1316 1663 1388 ἡμεῖς
1698 1321 1853 1376 αὐτοὶ

2033 1295 2180 1387 mus,
2207 1295 2321 1376 tum
2353 1340 2452 1382 vos
2473 1330 2565 1396 qui
2591 1295 2816 1395 auditis,
2855 1352 2875 1384 ι
2899 1331 2977 1387 ibi
3008 1295 3314 1392 laatrabirnur
3341 1337 3397 1394 in
3415 1339 3556 1411 ipso.
3581 1359 3600 1394 ι

350 1387 518 1443 ταῦτα
547 1389 798 1460 λέγοντες
829 1396 923 1449 καὶ
945 1397 1103 1470 ὑμεῖς
1123 1401 1173 1453 οἱ
1195 1403 1486 1470 ἀκούοντες
1517 1387 1678 1464 «εκεῖ
1697 1413 1879 1486 εὐφραε

2489 1387 2503 1396 _
2803 1387 2815 1395 ,
3018 1387 3302 1392 γεω-π--
3341 1387 3556 1411 τη.
3581 1387 3597 1394 -

2032 1411 2130 1476 Ibi,
2173 1414 2382 1471 scilicet
2424 1418 2480 1473 in
2512 1429 2815 1477 memorato
2842 1421 3030 1479 ﬂuvio.
3067 1427 3183 1482 Erit
3210 1435 3448 1500 tempus,
3475 1437 3602 1499 erit,

347 1478 626 1552 θησόμεθα
659 1485 718 1536 ὲν
745 1486 913 1558 αὐτῷ.
971 1510 990 1540 ι
1029 1492 1192 1557 Ἐκεῖ,
1215 1495 1414 1570 δηλαδὴ
1446 1499 1602 1571 ἐντῷ
1637 1478 1879 1575 μνησθέν

2991 1478 3022 1479 κν
3214 1478 3448 1500 --_-,__,
3478 1478 3602 1499 -..-,

2029 1503 2275 1573 inquam,
2316 1521 2425 1576 quo
2453 1523 2551 1564 ceu
2583 1510 2652 1565 ad
2696 1514 3004 1568 convivium
3048 1526 3375 1588 apparantes
3421 1537 3500 1588 se,
3535 1523 3603 1580 ad

347 1572 594 1644 ποταμῷ.
640 1576 834 1630 Ἔσται
871 1578 1000 1652 γὰρ,
1033 1580 1188 1638 ἔσται
1217 1588 1425 1658 καιρὸς,
1462 1590 1588 1643 καθ’
1623 1572 1702 1659 δν,
1732 1572 1879 1651 ’ὥσπε

2027 1596 2301 1653 lavacrum
2336 1604 2763 1672 regenerationis
2802 1607 3084 1672 accedent,
3121 1610 3188 1665 ad
3230 1614 3512 1683 mysticam
3543 1617 3600 1672 in

345 1665 422 1726 είς
451 1667 753 1737 συμπόσιον
796 1675 1370 1749 παρασκευαζόμενοι,
1407 1682 1500 1736 ὲπὶ
1543 1683 1770 1758 λουτροῦ
1820 1709 1879 1744 πο

1982 1756 1996 1774 _
2024 1685 2262 1745 Jordane
2303 1688 2469 1745 ﬂuvio
2508 1694 2871 1764 peragendam
2904 1698 3150 1753 sordium
3195 1705 3594 1774 purgationem.

344 1755 682 1825 λιγγενεσίας
715 1762 1115 1836 ἀπαντήσουσιν
1161 1771 1242 1834 εἰς
1291 1773 1390 1844 τὴν
1441 1775 1500 1828 ὲν
1545 1776 1622 1848 τῷ
1677 1755 1879 1852 *Ἰορδὰν

1982 1756 2116 1848 ³ᾳυί
2147 1780 2215 1836 ab
2256 1755 2578 1853 Egyptiaco
2609 1755 2797 1840 errore
2839 1786 3051 1842 liberati
3099 1755 3247 1846 sunt.

345 1850 578 1920 ποταμῷ
606 1856 870 1927 μυστικὴν
901 1857 1276 1932 ἀποκάθαρσιν
1315 1866 1363 1918 οἱ
1399 1867 1498 1937 τῆς
1541 1870 1879 1946 Αίγυπτιακῆ

2023 1850 2377 1944 signiﬁcatur
2393 1850 2672 1931 lavacrum
2713 1880 3162 1950 regenerationis,
3199 1886 3343 1955 quod
3372 1889 3442 1944 ab
3468 1889 3594 1944 Jor-

347 1939 782 2016 ελευθερούμενοι
828 1949 1053 2021 πλάνης.
1111 1955 1371 2026 Σημαίνει
1417 1958 1474 2012 δὲ
1522 1939 1879 2021 διὰντούτωνγ

2018 1939 2159 2023 davne
2206 1965 2370 2025 ﬂuvio
2435 1971 2658 2042 incepit,
2720 1987 2844 2026 cum
2893 1973 3132 2032 Joannes
3190 1977 3435 2050 Baptista
3479 1976 3596 2038 ’.ιιι-

343 2034 498 2102 λόγος
518 2035 576 2089 τὸ
607 2036 829 2112 λουτρὸν
859 2042 954 2114 τῆς
988 2045 1427 2115 παλιγγενεσίας,
1473 2053 1778 2127 ἀρξάμενον
1809 2061 1879 2114 ἀπ

2016 2059 2186 2114 deam
2219 2034 2584 2132 percurreret,
2615 2066 2918 2135 praedicans
2956 2034 3288 2138 baptismum
3317 2075 3589 2143 poeniten-

342 2126 426 2181 τοῦ
458 2130 714 2201 Ἰορδάνου
736 2137 1002 2207 ποταμοῦ,
1027 2139 1264 2210 ὁπηνίκα
1287 2145 1313 2196 6
1334 2126 1642 2220 Βαπτιστὴς
1667 2151 1879 2226 Ἰωάννη

2015 2151 2123 2216 tiae,
2159 2167 2459 2225 omnesque
2485 2170 2611 2210 cum
2642 2155 2864 2214 Graecos
2897 2167 3011 2214 tum
3042 2160 3260 2220 Iudaeos
3281 2164 3590 2224 admitteret

332 2222 386 2275 ὲν
421 2225 488 2292 τῇ
523 2225 718 2296 ἐρήμῳ
757 2229 855 2299 τῆς
912 2231 1168 2298 Ἰουδαίας
1209 2234 1445 2307 παρῄει,
1478 2240 1767 2312 κηρύσσων
1814 2222 1879 2316 βά

2012 2245 2082 2300 ad
2131 2246 2536 2304 confessionem
2596 2250 2921 2308 delictorum
2949 2273 2963 2308 :
2989 2270 3113 2310 cum
3162 2259 3280 2328 ipse
3332 2257 3590 2317 Servator

330 2329 538 2384 πτισμα
571 2323 881 2386 μετανοίας,
910 2325 1166 2393 προσίετό
1191 2345 1252 2381 τε
1280 2327 1487 2394 πάντας
1517 2332 1784 2406 ’Έλληνας
1817 2339 1911 2392 καὶ

335 2403 627 2472 Ἰουδαίους
644 2410 739 2463 ἐπὶ
764 2413 861 2488 τὴν
883 2414 1269 2490 ἐξομολόγησιν
1288 2420 1396 2476 τῶν
1411 2403 1874 2498 παραπτωμάτων
1891 2447 1904 2460 ⁸

328 2497 409 2549 5τε
442 2499 539 2551 καὶ
591 2500 752 2564 αὐτὸς
779 2505 807 2556 6
856 2505 1046 2579 Σωτὴρ
1093 2509 1188 2562 καὶ
1231 2511 1437 2584 Κύριος
1481 2515 1636 2586 ἡμῶν
1679 2497 1907 2585 ἐπιστὰς

329 2588 411 2641 τὸν
441 2591 607 2645 αὑτὸν
642 2594 945 2666 κατηξίωσε
970 2601 1213 2672 ποταμὸν
1243 2604 1343 2676 τῆς
1368 2604 1554 2678 θεῖκῆς
1579 2609 1744 2664 αὐτοῦ
1781 2614 1902 2666 ἐπι-

324 2680 557 2748 σάσεως.
602 2687 694 2740 Διὸ
724 2690 784 2740 ὲν
822 2694 935 2755 τοῖς
979 2696 1356 2768 προκειμένοις
1381 2698 1663 2757 λέλεκται·
1698 2723 1717 2756 ι
1759 2705 1905 2760 Ἐκεῖ

323 2777 809 2851 εὐφρανθησόμεθα
842 2785 902 2838 ὲν
930 2787 1100 2858 αὐτῷ.
1152 2808 1171 2840 ι
1211 2791 1400 2846 Ἔνθεν
1427 2795 1652 2860 εἰκότως
1678 2797 1739 2850 τὸ
1770 2800 1902 2854 αὐτὸ

324 2872 660 2940 προφητικὸν
690 2875 904 2948 πνεῦμα
939 2877 1029 2933 διὰ
1061 2881 1282 2936 Ἡσαΐου
1309 2884 1408 2956 τὴν
1434 2886 1638 2959 ἔρημον
1671 2889 1900 2961 εὐαγγε-

2010 2345 2064 2390 et
2096 2336 2358 2394 Dominus
2377 2349 2566 2396 noster
2588 2349 2796 2409 astans,
2822 2344 3001 2414 ipsum
3030 2345 3254 2403 ﬂuvium
3278 2349 3464 2406 divino
3485 2369 3589 2410 suo

2009 2428 2156 2482 aditu
2204 2428 2464 2500 dignatus
2491 2433 2608 2487 est.
2641 2429 2987 2505 Quapropter
3015 2452 3182 2508 supra
3203 2439 3412 2495 dictum
3451 2451 3534 2499 est
3565 2462 3580 2498 :

2011 2539 2029 2571 ι
2062 2518 2138 2574 lbi
2176 2521 2484 2577 laetabimur
2517 2523 2573 2577 in
2620 2524 2758 2594 ipso.
2793 2543 2812 2576 ι
2850 2523 3005 2582 Unde
3045 2535 3100 2582 et
3134 2529 3332 2586 merito
3365 2534 3582 2603 quidem

2006 2612 2147 2667 idem
2187 2613 2540 2684 propheticus
2579 2615 2828 2686 spiritus,
2875 2617 2967 2672 ubi
3011 2617 3229 2676 deserto
3259 2637 3356 2692 per
3384 2622 3580 2681 Isaiam

2004 2702 2180 2759 fausta
2217 2703 2524 2769 denuntiat,
2559 2707 2735 2776 ipsius
2780 2705 3038 2766 Jordanis
3070 2711 3400 2768 mentionem
3448 2713 3578 2772 facit

2000 2797 2189 2852 dicens
2214 2817 2227 2851 :
2257 2816 2276 2850 ι
2306 2797 2535 2863 Laetare,
2567 2799 2844 2857 desertum
2888 2803 3117 2871 sitiens;
3147 2802 3246 2860 sed
3277 2806 3445 2862 etiam
3473 2823 3572 2864 ex-

1999 2889 2162 2944 sultet
2209 2891 2469 2956 solitudo,
2503 2900 2558 2947 et
2597 2891 2786 2948 ﬂoreat
2825 2897 2985 2964 quasi
3036 2896 3211 2950 lilium
3240 2916 3252 2950 :
3286 2904 3341 2954 et
3363 2898 3575 2956 eﬂlore-

317 2959 599 3032 Αιζόμενον
623 2966 715 3018 καὶ
744 2969 908 3022 αὑτοῦ
942 2973 1163 3044 μνήμην
1187 2976 1477 3049 πεποίηται
1504 2980 1599 3034 τοῦ
1634 2959 1879 3054 Ἰορδάνοι

1999 2992 2154 3036 scent
2176 2990 2230 3038 et
2253 2984 2606 3040 exsultabunt
2623 2959 3137 3044 deserta-Iordanis.
3155 2988 3574 3057 Confortamini,

318 3053 473 3122 κέγον
494 3072 508 3084 ·
546 3073 564 3104 ι
597 3057 965 3132 Εὐφράνθητι,
996 3063 1200 3136 ἔρημος
1238 3067 1466 3138 διψῶσαο
1491 3071 1607 3126 ἀλλ’
1640 3053 1879 3143 ἀγαλλιά-

2000 3091 2196 3131 manus
2241 3077 2484 3132 remissae
2524 3086 2580 3134 et
2632 3094 2807 3149 genua
2839 3079 3144 3147 dissoluta;
3191 3083 3573 3150 consolamini,

315 3144 427 3198 σθω
452 3147 675 3220 ἔρημος,
694 3152 784 3204 καὶ
806 3153 1036 3210 ἀνθείτω
1053 3157 1127 3222 ώς
1153 3159 1356 3232 κρίνονο
1387 3162 1480 3216 καὶ
1502 3163 1784 3238 ὲξανθήσει
1803 3170 1879 3222 κα“

2007 3169 2099 3238 qui
2137 3178 2314 3224 mente
2341 3144 2719 3240 pusillanimes
2755 3173 2912 3227 estis.
2953 3144 3376 3243 Confortamini,
3407 3179 3574 3234 nolite

314 3239 698 3308 ἅγσλλιάσεται
717 3245 785 3298 τά
799 3247 980 3319 ἔρημα
994 3250 1085 3304 τοῦ
1103 3252 1386 3325 Ἰορδάνου.
1407 3255 1701 3328 Ἱσχύσατε,
1719 3264 1879 3334 χεῖρες

2008 3261 2218 3316 timere.
2261 3259 2402 3316 Ecce
2442 3260 2587 3318 Deus
2617 3271 2806 3320 noster
2837 3264 3107 3334 judicium
3139 3267 3431 3323 retribuit:
3458 3268 3572 3338 ipse

312 3332 611 3403 ἀνειμέναι,
644 3338 737 3392 καὶ
757 3340 956 3408 γόνατα
995 3345 1445 3417 παραλελυμένα·
1477 3332 1879 3423 παρακαλέσατε

2003 3355 2182 3411 veniet
2211 3362 2266 3409 et
2295 3354 2525 3410 salvabit
2552 3370 2673 3411 nos.
2710 3332 2866 3411 Tunc
2893 3357 3207 3426 aperientur
3231 3359 3376 3412 oculi
3402 3375 3570 3414 caeco-

309 3425 357 3478 οί
375 3426 683 3499 ὀλιγόψυχοι
703 3434 767 3502 τῇ
785 3432 1011 3506 διανοίᾳ.
1030 3432 1326 3506 Ἰσχύσατε,
1349 3440 1422 3512 μὴ
1437 3442 1704 3510 φοϐεῖσθε.
1725 3446 1879 3501 Ἰδοὺέ

2000 3461 2143 3510 rum,
2179 3452 2234 3500 et
2264 3459 2427 3502 aures
2447 3445 2737 3501 surdorum
2769 3447 3011 3502 audient.
3050 3445 3204 3502 Tunc
3231 3449 3390 3504 saliet
3409 3451 3568 3520 quasi

307 3516 439 3581 Θεὸς
455 3522 488 3590 ἡ
498 3519 612 3590 μῶν
633 3523 812 3591 κρίσιν
827 3525 1284 3584 ἀνταποδέδωκεν·
1307 3533 1468 3598 αὐτὸς
1486 3534 1605 3607 ἥξει
1620 3538 1713 3592 καὶ
1727 3538 1879 3598 σώσει

1997 3547 2192 3588 cervus
2218 3534 2466 3597 claudus,
2501 3543 2556 3588 et
2588 3535 2771 3606 lingua
2803 3535 3218 3592 balbutientium
3249 3537 3398 3593 clara
3421 3516 3524 3594 erit
3549 3557 3564 3595 :

306 3613 474 3683 ἡμᾶς.
506 3615 638 3667 Τότε
668 3616 1075 3688 ἀνοιχθήσονται
1101 3620 1368 3694 ὀφθαλμοὶ
1400 3626 1635 3696 τυφλῶν,
1660 3631 1752 3684 καὶ
1775 3625 1879 3687 ὦτα

1994 3625 2124 3696 quia
2157 3635 2350 3695 erupta
2381 3638 2465 3682 est
2504 3627 2560 3680 in
2581 3626 2798 3683 deserto
2820 3643 2982 3698 aqua,
3014 3638 3068 3683 et
3097 3637 3312 3685 torrens
3338 3629 3392 3684 in
3419 3639 3566 3686 terra

305 3703 506 3771 κωφῶν
531 3706 874 3762 ἀκούσονται.
907 3710 1038 3764 Τότε
1068 3712 1272 3768 ἁλεῖται
1297 3714 1372 3780 ὡς
1400 3717 1595 3789 ἔλαφος
1639 3723 1667 3775 6
1692 3723 1879 3794 χωλὸς,

1994 3717 2200 3772 sitienti
2224 3716 2290 3770 ⁸⁸.
2331 3737 2350 3770 ι
2384 3716 2459 3772 De
2486 3717 2590 3772 hoc
2619 3719 2861 3789 loquitur
2895 3719 2948 3773 in
2981 3721 3232 3789 praesenti
3260 3736 3274 3774 :
3308 3739 3325 3772 ‹
3357 3722 3436 3776 lbi
3473 3725 3564 3778 la:-

302 3799 400 3850 καὶ
428 3797 599 3868 τρανὴ
631 3798 784 3852 ἔσται
818 3800 1040 3868 γλῶσσα
1079 3805 1382 3876 μογιλάλων
1407 3826 1420 3839 ·
1454 3810 1535 3864 ὅτι
1567 3813 1776 3886 ἐρράγη
1824 3817 1882 3868 ὲν

300 3891 366 3960 τῇ
396 3890 586 3962 ἐρήμῳ
611 3891 753 3962 ὓδωρ
772 3933 786 3955 ,
820 3896 914 3948 καὶ
942 3896 1159 3969 φάραγξ
1187 3899 1244 3951 ὲν
1268 3902 1338 3972 γῇ
1367 3900 1596 3977 διψώσῃ.
1621 3924 1639 3956 ι
1666 3906 1880 3980 Ταύτην

297 3983 636 4040 διαλέλεκται
680 3990 771 4042 ἐπὶ
802 3988 897 4043 τοῦ
939 3991 1233 4062 παρόντοςθ
1275 4012 1294 4046 ι
1333 3996 1479 4049 Ἐκεῖ
1510 3999 1880 4072 εὐφρανθησὸ-

1991 3808 2229 3864 labimur
2257 3808 2314 3863 in
2345 3808 2484 3878 ipso.
2520 3829 2537 3860 ι
2577 3809 2710 3875 Quae
2741 3810 2796 3864 in
2831 3809 3018 3864 divino
3050 3809 3358 3868 Servatoris
3384 3815 3558 3869 nostri

1989 3901 2057 3954 ad
2099 3900 2348 3955 homines
2399 3900 2634 3956 adventu
2692 3901 2915 3971 impleta
2960 3911 3110 3958 sunt.
3146 3900 3303 3958 Unde
3353 3906 3560 3960 merito

1985 4006 2227 4064 praesens
2254 3993 2498 4064 psalmus
2519 4009 2708 4050 omnes
2729 4001 2918 4063 gentes
2939 3995 3279 4066 compellans
3303 3995 3514 4052 dicebat
3540 4016 3556 4055 :

300 4077 442 4146 μεθα
474 4079 533 4131 ὲν
563 4080 710 4152 αύτῷ
730 4099 743 4111 ο
779 4101 798 4135 ι
830 4082 866 4136 ἃ.
896 4083 960 4154 δὴ
991 4084 1295 4156 ἐπληροῦτο
1325 4088 1468 4142 κατὰ
1499 4090 1598 4161 τὴν
1631 4091 1726 4146 τοῦ
1767 4093 1878 4147 Σω-

1989 4102 2008 4135 ι
2039 4083 2230 4140 Venite
2269 4094 2324 4141 et
2358 4086 2539 4142 videte
2582 4101 2750 4158 opera
2783 4085 2912 4152 Dei;
2944 4105 2963 4138 ι
2997 4101 3062 4142 ac
3110 4103 3331 4144 rursum
3361 4108 3374 4144 :
3413 4109 3432 4143 ‹
3462 4089 3558 4143 Dl“

296 4169 466 4242 τῆρος
497 4171 652 4243 ἡμῶν
686 4175 765 4238 εἰς
786 4174 1103 4247 ἀνθρώπους
1133 4176 1468 4248 θεοφάνειαν.
1506 4182 1697 4237 Ἔνθεν
1735 4185 1875 4238 είκό-

1982 4179 2091 4234 cite
2136 4178 2247 4234 Deo
2289 4179 2508 4246 :Quam
2559 4179 2823 4236 terribilia
2867 4188 2998 4235 sunt
3049 4195 3216 4250 opera
3271 4183 3394 4236 tua!
3429 4202 3448 4235 ι
3493 4182 3556 4238 Et

294 4277 406 4324 τως
429 4262 459 4313 6
497 4263 686 4344 παρών
719 4263 934 4334 eam;
967 4265 1138 4320 ἅπασι
1169 4271 1286 4332 τοῖς
1318 4269 1494 4324 ἔθνεσι
1535 4274 1871 4344 προσφωνῶν

1982 4271 2136 4326 valde
2168 4280 2568 4342 consequenter
2596 4281 2886 4344 postquam
2914 4272 3160 4328 dixerat:
3197 4292 3216 4325 ι
3249 4275 3328 4330 lbi
3361 4275 3556 4330 letabi-

292 4355 484 4424 ἔλεγε·
525 4377 543 4408 ‹
574 4340 736 4410 Δεῦτε
789 4360 882 4412 καὶ
926 4359 1061 4413 ἴδετε
1090 4361 1160 4416 τὰ
1209 4362 1345 4435 ἔργα
1393 4364 1486 4418 τοῦ
1518 4340 1737 4420 Θεοῢίι
1777 4369 1871 4422 καὶ

1982 4378 2103 4418 mur
2144 4365 2199 4418 in
2234 4340 2376 4434 ipso,
2407 4385 2426 4418 ι
2465 4340 2668 4421 infert:
2708 4340 2864 4431 (Qui
2893 4365 3209 4420 dominatur
3257 4367 3312 4420 in
3356 4367 3556 4421 virtute

294 4448 488 4504 πάλινο
521 4469 539 4501 ι
573 4450 774 4504 Εἴπατε
798 4451 874 4523 τῷ
903 4452 1049 4523 Θεῷ’
1094 4455 1180 4519 Ὡς
1206 4456 1411 4529 φοϐερὰ
1439 4457 1510 4511 τὰ
1533 4457 1668 4531 ἔργα
1693 4463 1818 4515 acu!
1847 4482 1864 4513 ι

1982 4457 2192 4512 saeculo.
2228 4476 2246 4507 ι
2302 4457 2361 4510 ld
2399 4472 2617 4526 quoque
2667 4471 2834 4525 porro
2863 4457 3157 4527 intelligas,
3206 4455 3551 4512 Senatorem

290 4543 509 4615 Σφόδρα
528 4543 585 4597 δὲ
611 4542 918 4607 ἀκολούθως
936 4545 1104 4599 είπών
1123 4564 1135 4576 ·
1167 4566 1186 4598 ι
1221 4548 1369 4601 Ἐκεῖ
1387 4550 1869 4622 εὐφρανθησόμεθα

1982 4547 2200 4602 audiens
2227 4546 2497 4600 dicentem
2530 4565 2542 4600 :
2583 4563 2602 4595 ι
2632 4544 2766 4598 Data
2809 4553 2894 4600 est
2928 4544 3061 4598 mihi
3093 4545 3276 4601 omnis
3304 4554 3552 4616 potestas

289 4639 355 4690 ὲν
388 4635 554 4706 αὐτῷ,
586 4655 603 4687 ›
643 4637 927 4709 ἐπιφέρει·
953 4657 971 4690 ι
1004 4638 1085 4710 Tt;
1145 4638 1459 4703 δεσπόζοντι
1509 4643 1567 4696 ὲν
1613 4645 1679 4714 τῇ
1713 4643 1870 4696 δυνα-

289 4729 450 4798 στείᾳ
509 4727 675 4782 αὐτοῦ
707 4729 801 4784 τοῦ
852 4729 1067 4794 αἰῶνος.
1114 4750 1132 4783 ›
1171 4732 1405 4803 Νοήσεις
1457 4733 1512 4786 δὲ
1566 4736 1660 4788 καὶ
1714 4735 1871 4789 τοῦτο

287 4819 462 4876 αὑτοῦ
494 4819 739 4888 λέγοντος
769 4821 1112 4876 ἁκούωντοῦ
1161 4824 1439 4897 Σωτῆρος·
1473 4845 1491 4876 ι
1536 4825 1721 4897 Ἐδόθη
1779 4845 1868 4898 μοι

281 4914 442 4970 παῖσα
465 4911 678 4978 ἐξουσία
702 4915 758 4967 ὲν
783 4913 995 4985 οὐρανῷ
1015 4914 1111 4968 καὶ
1134 4916 1228 4969 ἐπὶ
1253 4916 1352 4987 τῆς
1374 4917 1476 4988 γῆς
1496 4934 1509 4947 ο
1546 4917 1866 4989 πορεύοντες

285 5004 668 5076 μαθητεύσατε
697 5008 875 5062 πάντα
905 5008 974 5062 τὰ
1028 5009 1152 5081 ἔθνη
1196 5011 1253 5062 ὲν
1294 5009 1372 5081 τῷ
1421 5011 1644 5082 ὀνόματί
1687 5029 1805 5082 μου.
1839 5031 1859 5064 ι

280 5096 384 5149 Διὸ
413 5097 557 5150 κατὰ
581 5099 679 5170 μὲν
698 5100 788 5153 τὸν
803 5099 1033 5154 Ἀκύλαν
1061 5101 1275 5172 εἴρηται
1297 5118 1310 5132 ο
1342 5122 1360 5153 ι
1386 5101 1476 5172 Τῷ
1501 5100 1863 5167 ἐξουσιάζοντι

280 5191 349 5243 ὲν
372 5192 440 5262 τῇ
474 5190 758 5263 δυναστείᾳ
808 5192 971 5246 αὐτοῦ
1012 5193 1076 5246 δι’
1109 5194 1325 5259 αἰῶνος.
1375 5215 1393 5246 ι
1444 5196 1551 5250 Καὶ
1589 5196 1764 5262 άλλως
1805 5196 1863 5250 δὲ

280 5282 775 5355 εὐφρανθησόμεθα
817 5287 874 5339 ὲν
905 5286 1054 5357 αὐτῷ
1103 5285 1212 5338 τῶν
1253 5287 1664 5358 προειρημένων
1695 5305 1862 5342 κατα-

283 5375 592 5440 ξιωθέντες.
622 5377 758 5430 Πότε
785 5377 842 5431 δὲ
885 5377 1368 5450 εὐφρανθησὸμεθα
1387 5418 1402 5442 ,
1437 5378 1548 5432 ἀλλ’
1585 5379 1802 5436 ἐπειδὰν
1833 5383 1862 5434 6

285 5469 502 5543 μέλλων
549 5472 744 5543 ἐπιστῇ
797 5473 932 5526 αἰὼν
955 5514 969 5536 ,
1017 5466 1079 5526 οὗ
1127 5472 1222 5543 τὴν
1268 5471 1581 5526 δεσποτείαν
1617 5474 1714 5527 καὶ
1762 5474 1860 5546 τὴν

281 5565 534 5632 ἐξουσίαν
565 5565 672 5618 οὐδ’
699 5564 884 5637 ἔτερος
910 5565 1040 5632 ἕξει,
1068 5567 1100 5636 ἢ
1135 5565 1295 5636 μόνος
1319 5565 1480 5630 αὐτὸς
1513 5567 1542 5619 6
1575 5566 1675 5631 τὴν
1703 5566 1861 5620 δυνα-

357 5744 401 5775 ⁶⁹
426 5742 533 5798 lsa.
565 5759 726 5805 xxxv,
759 5743 779 5798 l
818 5745 871 5799 6.
950 5745 995 5777 ”
1022 5743 1210 5798 Matth.
1246 5760 1439 5808 xxvm,
1480 5745 1567 5807 18,
1604 5744 1677 5798 l9.

1973 4640 2027 4695 in
2057 4635 2197 4693 caelo
2225 4647 2281 4693 et
2307 4639 2361 4692 in
2395 4645 2561 4693 terra.
2590 4636 2796 4694 Euntes
2825 4635 3016 4693 docete
3056 4653 3248 4694 omnes
3278 4647 3467 4708 gentes
3494 4639 3546 4693 in

1970 4732 2193 4788 nomine
2239 4747 2362 4785 meo
2387 4730 2454 4784 '°.
2489 4749 2507 4782 ι
2542 4730 2725 4797 Quare
2775 4730 3078 4786 secundum
3120 4729 3373 4801 Aquilam
3405 4730 3545 4786 dici-

1970 4833 2096 4879 tur:
2127 4843 2145 4876 ‹
2178 4824 2284 4891 Qui
2317 4832 2636 4894 potestatem
2667 4822 2832 4878 habet
2872 4822 2927 4878 in
2952 4823 3153 4878 virtute
3183 4839 3282 4879 sua
3313 4839 3411 4893 per
3441 4840 3545 4880 sar.-

1969 4920 2175 4973 culum.
2204 4937 2223 4970 ›
2267 4918 2418 4972 Alias
2451 4932 2668 4987 quoque
2695 4917 2999 4971 lmtabimur
3039 4917 3094 4970 in
3129 4917 3267 4987 ipso,
3299 4916 3410 4986 jam
3443 4934 3544 4972 ηιθ-

1968 5011 2193 5066 moratis
2243 5010 2405 5065 bonis
2453 5009 2660 5064 donati.
2711 5007 3071 5074 Quandonam
3120 5010 3541 5074 exsultabimus,

1965 5100 2072 5154 nisi
2097 5115 2222 5154 cum
2255 5098 2494 5153 futurum
2538 5098 2799 5153 saeculum
2833 5097 3136 5163 advenerit,
3184 5099 3345 5170 cujus
3375 5099 3543 5154 domi-

1967 5199 2153 5246 natum
2208 5200 2264 5246 et
2309 5200 2632 5263 potestatem
2683 5191 2866 5248 nullus
2911 5192 3053 5248 alius
3106 5193 3392 5259 obtinebit,
3430 5194 3536 5247 nisi

1963 5284 2055 5340 ille
2080 5285 2174 5355 qui
2204 5285 2540 5341 dominatum
2567 5285 2788 5356 aPatre
2822 5287 3070 5357 accepit?
3114 5286 3271 5342 Nunc
3307 5286 3448 5342 enim
3481 5286 3535 5338 in

1963 5379 2215 5449 praesenti
2253 5381 2454 5435 saeculo
2487 5380 2829 5451 principatus
2855 5389 2984 5438 sunt
3022 5381 3202 5444 multi,
3237 5383 3536 5448 potestates

1962 5479 2016 5527 et
2061 5471 2486 5539 dominationes,
2534 5473 2841 5544 spiritualia
2889 5474 3144 5544 nequitia;
3192 5477 3246 5525 et
3291 5476 3534 5524 rectores

1964 5561 2170 5616 mundi.
2218 5560 2373 5617 Tunc
2431 5579 2583 5630 vero,
2627 5574 2919 5637 postquam
2973 5561 3261 5618 sustulerit
3314 5573 3534 5616 onmem
