4062 6208
451 253 556 310 655

1156 249 1243 306 EU
1253 250 1425 306 SEBII
1464 247 1942 305 CASSARIENSIS
1980 249 2039 305 Ol

2172 248 2352 308 PARS
2392 249 2482 307 lll.
2511 278 2582 291 —
2607 247 3018 306 EXEGETICA.

3606 254 3713 310 656

453 369 838 440 principatum,
887 374 1210 436 potestatem
1262 374 1316 422 et
1359 366 1640 432 virtutem,
1695 366 1814 438 ipse
1870 367 2020 424 solus

2142 369 2306 422 ττείαν
2352 369 2501 442 παρά
2533 369 2626 423 ⁴τοῦ
2658 369 2870 441 Πατρὸς
2921 367 3192 439 είληφώςς
3231 369 3345 422 Νυν
3375 369 3474 440 μὲν
3503 369 3612 442 γὰρ
3656 373 3715 426 ἐν

453 462 739 532 imperium
778 457 1045 514 obtinebit
1096 457 1150 512 in
1200 459 1460 512 saeculum
1505 458 1660 524 illud,
1694 459 1749 513 in
1783 473 1894 530 quo
1937 459 2028 515 la:-

453 553 628 631 titiam
664 549 822 605 nobis
845 549 935 604 hic
970 565 1150 604 sermo
1182 550 1493 620 pollicetur.

2135 461 2214 533 τῷ
2248 463 2474 534 παρόντι
2514 464 2672 518 αἰῶνι
2717 463 2884 533 ἀρχαὶ
2921 461 3148 525 πολλαὶ,
3193 462 3285 516 καὶ
3337 461 3577 528 ἐξουσίαι
3622 466 3718 518 καὶ

2135 553 2490 626 κυριότητες,
2537 555 2632 608 καὶ
2663 552 3014 625 πνευματικὰ
3064 554 3328 625 πονηρίας
3372 554 3469 606 καὶ
3511 571 3716 626 κοσμοο

452 648 748 720 κράτορες’
785 645 906 700 τότε
927 647 1002 711 δὲ,
1035 646 1122 699 ὅτε
1187 648 1512 718 καταργήσῃ
1547 647 1727 700 πᾶσαν
1761 645 1937 718 ἀρχὴν
1999 648 2094 702 καὶ
2133 648 2382 713 ἐξουσίαν
2435 651 2530 705 καὶ
2579 649 2839 722 δύναμιν,
2889 650 3049 722 μόνος
3099 651 3262 714 αὐτὸς
3293 648 3586 724 ὲξουσιάσῃ
3619 651 3714 705 τοῦ

452 744 666 808 αἰῶνος,
699 745 757 797 ὲν
786 735 831 812 ᾧ
866 743 1260 812 ἐπαγγέλλεται
1300 745 1428 815 ἡμῖν
1461 745 1489 796 ό
1517 743 1705 815 παρὼν
1737 743 1894 812 λόγος
1934 745 2032 816 τὴν
2072 745 2430 818 εὐφροσύνην.

523 857 692 914 Vsus.
726 858 842 914 7-9.
888 877 907 910 ι
939 857 1095 914 Oculi
1123 859 1243 928 ejus
1279 875 1447 930 super
1472 868 1661 932 gentes
1693 861 2029 931 respiciunt:

455 953 550 1023 qui
595 959 920 1022 exasperant
956 966 1067 1006 non
1095 952 1407 1006 exaltentur
1445 951 1498 1006 in
1535 954 1867 1024 semetipsis.
1910 952 2036 1008 Dia-

453 1047 687 1118 psalma.
716 1065 735 1096 »
765 1045 901 1101 Cum
935 1046 1189 1116 superius
1211 1047 1452 1117 gentium
1480 1045 1822 1102 vocationem
1855 1047 2040 1101 adum-

453 1137 660 1199 braret,
704 1137 1016 1191 universam
1063 1147 1261 1194 terram
1307 1139 1570 1194 evocabat
1599 1157 1611 1193 :
1640 1154 1817 1209 neque
1855 1149 2037 1194 tamen

453 1238 644 1302 gentes
680 1231 884 1286 diserte
925 1232 1284 1286 memoravit:
1315 1247 1461 1286 nunc
1509 1247 1640 1287 vero
1694 1233 2040 1304 apertissime

453 1323 712 1390 easdem,
779 1338 990 1378 necnon
1049 1323 1142 1379 Dei
1195 1325 1699 1381 reconciliationem
1759 1327 2028 1382 meminit.

455 1415 590 1470 Nam
621 1415 688 1469 de
719 1416 1099 1486 peccatoribus
1121 1415 1340 1485 quidem
1375 1417 1582 1471 dictum
1613 1424 1696 1472 est
1731 1435 1745 1473 :
1789 1434 1807 1467 ι
1838 1415 2036 1473 Averte

456 1509 649 1565 faciem
706 1517 856 1563 tuam
911 1524 941 1562 a
1004 1509 1243 1580 peccatis
1297 1511 1432 1564 meis
1453 1511 1536 1575 δίς
1575 1528 1594 1561 ›
1651 1524 1715 1564 ac
1769 1525 2032 1565 rursum:

460 1621 479 1655 ι
515 1603 697 1669 Quare
753 1603 945 1657 faciem
997 1610 1169 1666 tuam,
1239 1610 1294 1656 et
1339 1603 1620 1657 dexteram
1675 1609 1825 1658 tuam
1881 1617 2038 1658 aver-

456 1699 528 1753 tis
545 1697 630 1751 "?
660 1716 676 1747 ο
718 1706 767 1750 et
807 1697 1043 1750 iterum:
1077 1713 1094 1746 ι
1126 1694 1387 1749 Avertisti
1428 1701 1610 1749 autem
1645 1693 1844 1748 faciem
1881 1700 2032 1748 tuam

457 1807 486 1844 a
519 1805 625 1853 me,
672 1795 726 1845 et
766 1787 942 1843 factus
993 1801 1113 1842 sum
1159 1785 1615 1841 conturbatus”.
1653 1805 1671 1838 ι
1709 1784 1783 1840 De
1805 1785 1874 1840 iis
1906 1801 2036 1841 vero

457 1883 550 1952 qui
585 1882 726 1937 bona
779 1895 876 1950 spe
926 1877 1181 1934 instructi
1237 1886 1366 1934 sunt
1412 1877 1622 1932 dictum
1675 1887 1758 1933 est
1786 1897 1798 1932 :
1831 1897 1848 1930 ι
1880 1878 2036 1934 Oculi

461 1973 672 2029 Domini
717 1987 882 2042 super
909 1969 1112 2041 justos,
1159 1977 1212 2023 et
1253 1983 1416 2025 aures
1463 1969 1584 2038 ejus
1623 1968 1674 2022 in
1717 1983 1906 2038 preces
1951 1983 2042 2023 eo-

460 2082 579 2121 rum
601 2066 683 2132 “;
720 2083 738 2116 ι
773 2072 828 2120 et
871 2078 1092 2118 rursum
1121 2079 1134 2114 :
1170 2079 1187 2112 ι
1222 2061 1379 2116 Oculi
1427 2061 1507 2115 tui
1540 2060 1763 2124 videant
1803 2061 2037 2130 aequita-

459 2167 541 2212 tes
562 2157 646 2224 ";
679 2175 697 2208 ι
747 2163 802 2211 et
847 2155 1046 2208 iterum
1088 2169 1101 2207 :
1149 2171 1167 2203 ι
1200 2150 1460 2224 Signetur
1504 2167 1671 2222 super
1716 2166 1819 2206 nos
1856 2151 2038 2205 lumen

461 2249 641 2304 vultus
676 2248 776 2310 tui,
822 2243 1050 2300 Domine
1069 2243 1135 2298 ”.
1173 2263 1190 2296 ι
1232 2244 1437 2315 Magnae
1485 2245 1652 2315 igitur
1693 2243 2036 2316 pollicitatio-

461 2355 558 2394 nes
587 2337 842 2410 gentibus
880 2336 933 2390 in
962 2335 1220 2406 praesenti
1249 2336 1389 2391 data:
1421 2344 1568 2391 sunt.
1601 2335 1718 2394 Jam
1743 2335 1886 2390 oculi
1918 2335 2038 2405 ejus

461 2448 624 2502 super
668 2438 856 2502 gentes
901 2429 1222 2499 respiciunt.
1270 2428 1448 2499 Atque
1492 2427 1898 2484 animadvertas
1946 2442 2039 2482 ve-

459 2521 554 2574 lim
609 2520 664 2574 in
701 2519 853 2574 hisce
886 2533 1157 2588 nusquam
1191 2515 1503 2573 Iudaeorum
1560 2518 1890 2574 mentionem
1939 2517 2038 2572 ha-

459 2613 609 2680 beri;
659 2612 755 2669 sed
790 2628 885 2683 per
915 2620 1088 2666 totum
1139 2613 1413 2682 psalmum
1462 2611 1604 2666 bona
1649 2610 1905 2682 gentibus
1941 2627 2040 2664 an-

461 2706 724 2760 nuntiari.
771 2704 1154 2760 Perhumanus
1193 2720 1326 2776 ergo
1355 2705 1446 2759 ille
1480 2705 1724 2775 gentium
1780 2701 2040 2759 Servator

461 2797 653 2852 oculos
695 2810 848 2859 suos,
885 2795 1097 2851 scilicet
1132 2793 1459 2864 inspiciendi
1493 2794 1744 2856 virtutes,
1781 2795 2040 2864 expandit

462 2891 519 2944 in
547 2903 738 2944 omnes
768 2895 978 2960 gentes.
1012 2886 1178 2942 Lucis
1221 2895 1403 2940 autem
1435 2883 1574 2939 radii
1606 2901 1672 2940 ex
1718 2885 1893 2940 oculis
1919 2886 2038 2955 ejus

460 2980 670 3044 emissi,
716 2981 937 3034 animas
991 2979 1078 3034 sui
1135 2991 1368 3049 capaces
1422 2976 1721 3032 illustrant.
1769 2975 2036 3042 Quoniam

2205 884 2225 917 ι
2264 865 2328 919 Οί
2357 865 2627 936 ὀφθαλμοὶ
2664 864 2829 919 αὐτοῦ
2860 865 2954 920 ἐπὶ
2983 864 3051 919 τά
3076 864 3203 938 ἔθνη
3236 865 3639 930 ἐπιϐλέπουσιν,
3663 868 3712 920 οἱ

2133 957 2662 1028 παραπικραίνοντες
2680 957 2754 1030 μὴ
2767 957 3119 1028 ύψούσθωσαν
3141 961 3200 1012 ὲν
3225 960 3457 1024 ἑαυτοῖς.
3477 961 3712 1030 Διάψαλ-

2137 1067 2232 1120 μα.
2257 1048 2381 1103 »Διά
2409 1049 2516 1103 τῶν
2533 1049 2842 1122 ἔμπροσθεν
2857 1052 3300 1122 ὲπεσκιασμένως
3311 1052 3410 1123 τὴν
3421 1052 3530 1108 τῶν
3544 1053 3712 1107 ἐθνῶν

2135 1141 2322 1212 κλῆσιν
2356 1141 2732 1214 αἰνιξάμενος,
2768 1144 2948 1197 πᾶσαν
2977 1143 3072 1216 τὴν
3102 1144 3203 1216 γῆν
3243 1145 3457 1199 ὲκάλει·
3489 1147 3550 1199 οὐ
3607 1147 3712 1219 μὴν

2137 1233 2324 1304 σαφῶς
2353 1233 2422 1288 τὰ
2443 1234 2569 1304 ἔθνη
2591 1252 2602 1264 ·
2633 1235 2749 1289 νυνὶ
2769 1235 2826 1290 δὲ
2849 1236 3147 1290 λευκότατα
3171 1235 3280 1289 τῶν
3303 1237 3470 1292 ὲθνῶν
3505 1239 3713 1311 μέμνη-

2129 1341 2218 1379 ται
2245 1326 2340 1378 καὶ
2375 1325 2476 1395 τῆς
2514 1323 2606 1378 τοῦ
2629 1324 2764 1378 Θεοῦ
2785 1324 3095 1396 διαλλαγῆς.
3139 1324 3262 1378 Ἐπὶ
3287 1325 3386 1395 μὲν
3435 1325 3540 1396 γὰρ
3598 1326 3710 1379 τῶν

2133 1416 2550 1490 ἁμαρτανόντων
2577 1416 2821 1487 εἴρηται·
2856 1433 2874 1466 ι
2914 1415 3278 1486 Ἀπόστρεψον
3321 1415 3382 1468 τὸ
3419 1416 3710 1488 πρόσωπόν

2136 1527 2227 1563 σου
2273 1509 2383 1563 ἀπὸ
2413 1509 2522 1562 τῶν
2555 1509 2840 1581 ἁμαρτιῶν
2875 1524 3002 1580 μουο
3037 1526 3055 1560 ι
3091 1509 3186 1561 καὶ
3216 1507 3406 1562 πάλιν·
3457 1526 3477 1559 ι
3509 1509 3624 1561 Ἵνα
3652 1509 3707 1562 τί

2135 1601 2496 1672 ἀποστρέφεις
2525 1601 2584 1654 τὸ
2613 1601 2902 1672 πρόσωπόν
2938 1617 3030 1653 σου
3073 1599 3168 1652 καὶ
3195 1599 3293 1672 τὴν
3325 1597 3503 1663 δεξιάν
3532 1617 3654 1660 σου;
3682 1619 3700 1651 ι

2137 1693 2230 1746 καὶ
2254 1692 2412 1746 πάλιν
2431 1708 2446 1722 ο
2481 1710 2500 1743 ι
2543 1692 2914 1765 Ἀπέστρεψας
2941 1691 2998 1745 δὲ
3027 1691 3088 1744 τὸ
3119 1690 3408 1762 πρόσωπόν
3455 1707 3546 1743 σου
3567 1731 3580 1755 ,
3616 1692 3712 1744 καὶ

2139 1786 2401 1858 ἐγενήθην
2431 1785 2852 1857 τεταραγμένος.
2877 1804 2894 1836 ι
2943 1783 3067 1838 Ἐπὶ
3098 1783 3154 1838 δὲ
3191 1783 3300 1838 τῶν
3329 1783 3535 1851 ἀγαθὰς
3562 1783 3712 1838 ὲλπίμι

2137 1880 2231 1942 δας
2279 1880 2512 1950 ἑχόντων
2570 1878 2855 1933 λέλεκται·
2911 1897 2929 1930 ι
2980 1877 3276 1948 Ὀφθαλμοὶ
3338 1877 3542 1950 Κυρίου
3620 1879 3711 1930 ἐπὶ

2137 1965 2400 2030 δικαίους,
2459 1966 2553 2019 καὶ
2604 1959 2716 2020 ὦτα
2765 1965 2930 2020 αὑτοῦ
2981 1967 3060 2030 εἰς
3101 1966 3286 2037 δέησιν
3317 1966 3530 2019 αὐτῶν·
3563 1985 3582 2018 ι
3618 1966 3712 2020 καὶ

2139 2058 2327 2114 πάλιν·
2358 2077 2377 2111 ‹
2403 2059 2466 2112 Οί
2485 2059 2752 2131 ὀφθαλμοί
2789 2075 2882 2112 σου
2911 2059 3167 2112 ίδέτωσαν
3204 2058 3502 2129 εὐθύτητας
3523 2075 3538 2088 ο
3571 2077 3590 2110 ι
3619 2057 3713 2112 καὶ

2139 2145 2326 2214 αὖθις·
2362 2168 2381 2200 ι
2412 2149 2781 2220 Σημειωθὴτω
2823 2150 2908 2219 ἐφ’
2951 2150 3097 2221 ἡμᾶς
3139 2149 3198 2202 τὸ
3243 2147 3356 2218 φῶς
3400 2148 3491 2202 τοῦ
3541 2166 3711 2220 προσ-

2137 2241 2286 2296 ώπου
2332 2259 2446 2308 σου,
2479 2241 2673 2314 Κύριε.
2699 2260 2716 2293 ι
2756 2241 3006 2311 Μεγάλαι
3047 2241 3226 2296 τοίνυν
3275 2242 3593 2312 ἐπαγγελίαι
3622 2242 3712 2296 διὰ

2137 2336 2244 2391 τῶν
2280 2335 2653 2407 προκειμένων
2685 2339 2794 2400 τοῖς
2822 2336 2996 2390 ἔθνεσι
3025 2336 3294 2390 δέδονταν
3324 2337 3428 2408 ήδη
3448 2336 3712 2408 ὀφθαλμοὶ

2139 2428 2303 2483 αὑτοῦ
2329 2431 2420 2483 ἐπὶ
2452 2430 2519 2484 τά
2553 2429 2680 2502 ἔθνη
2710 2429 3078 2484 ὲπιόλέπουσι.
3115 2431 3223 2483 Καὶ
3255 2430 3353 2484 θέα
3381 2433 3528 2494 ὅπως
3556 2429 3714 2483 οὐδα-

2143 2521 2245 2593 μοῦ
2287 2520 2394 2575 τῶν
2425 2521 2800 2594 προκειμένων
2838 2521 3107 2574 Ἰουδαίων
3153 2521 3458 2594 μέμνηται,
3489 2520 3556 2575 δι’
3591 2520 3711 2574 ὅλου

2138 2611 2194 2664 δὲ
2221 2614 2332 2676 τοῖς
2361 2610 2536 2665 ἔθνεσι
2567 2611 2632 2665 τά
2664 2610 2872 2682 χρηστά
2901 2610 3332 2680 εὐαγγελίζεται.
3378 2611 3434 2663 Ὁ
3479 2610 3576 2681 μὲν
3617 2606 3712 2664 οὖν

2139 2702 2518 2775 φιλάνθρωπος
2542 2703 2649 2756 τῶν
2680 2702 2850 2758 ἐθνῶν
2889 2703 3081 2775 Σωτὴρ
3109 2705 3234 2768 τοὺς
3265 2704 3570 2774 ὀφθαλμοὺς
3609 2705 3713 2758 αύ-

2139 2793 2230 2846 τοῦ
2251 2833 2266 2858 ,
2302 2792 2400 2857 τάς
2429 2794 2790 2858 ὲπισκοπικάς
2834 2793 3032 2866 δηλαδὴ
3074 2795 3331 2866 δυνάμεις
3354 2836 3369 2859 ,
3400 2794 3714 2868 ὲξήπλωσεν

2141 2885 2234 2938 ἐπὶ
2260 2886 2439 2940 πάντα
2472 2885 2538 2940 τά
2567 2886 2713 2958 ἔθνη.
2737 2886 2918 2952 Φωτδς
2942 2887 3000 2940 δὲ
3043 2888 3261 2951 ἀκτῖνες
3289 2891 3352 2941 ὲκ
3379 2887 3485 2943 τῶν
3515 2888 3716 2958 ὀφθαλ-

2143 2973 2259 3045 μῶν
2291 2974 2454 3028 αὐτοῦ
2487 2976 2833 3047 πεμπόμεναι
2866 2976 2963 3041 τὰς
2988 2978 3301 3049 χωρητικάς
3333 2979 3512 3032 αὐτῶν
3537 2979 3715 3052 ψυχὰς

461 3087 593 3126 vero
625 3069 871 3125 futurum
915 3076 1034 3124 erat
1069 3076 1132 3122 ut
1171 3082 1282 3122 non
1331 3080 1524 3121 omnes
1556 3065 1786 3138 gratiam
1831 3067 2039 3137 recipe-

2142 3067 2606 3139 καταλάμπουσιν.
2626 3069 2776 3123 Ἐπεὶ
2797 3069 2852 3122 δὲ
2875 3069 3105 3142 ἡμελλον
3129 3071 3202 3142 μὴ
3221 3072 3422 3136 πάντες
3440 3073 3539 3144 τὴν
3561 3074 3716 3146 χάριν

461 3172 606 3229 rent,
637 3164 729 3219 sed
761 3171 968 3218 tantam
1011 3161 1133 3232 ejus
1155 3175 1280 3232 erga
1311 3159 1561 3215 homines
1589 3158 1934 3214 clementiam
1966 3159 2038 3214 ir-

461 3257 694 3311 ritarent
721 3265 775 3310 et
797 3260 1208 3325 exasperarent,
1239 3253 1384 3324 quod
1413 3253 1616 3307 donum
1647 3267 1758 3306 non
1787 3252 2041 3308 admitte-

461 3352 619 3413 rent;
647 3346 772 3417 jure
805 3345 1025 3400 additur
1053 3363 1066 3399 :
1098 3364 1118 3395 ‹
1149 3343 1253 3410 Qui
1285 3351 1612 3413 exasperant
1653 3358 1762 3398 non
1799 3343 2042 3399 exalten-

465 3447 558 3495 tur
581 3439 636 3494 in
671 3438 1003 3510 semetipsis.
1039 3457 1058 3491 ι
1102 3436 1197 3494 His
1220 3453 1384 3509 porro
1413 3436 1688 3508 signiﬁcat
1709 3451 1804 3492 eos
1828 3451 1893 3492 ex
1918 3452 2043 3508 gen-

460 3532 631 3597 tibus,
673 3531 766 3602 qui
813 3531 1148 3602 immorigeri
1196 3538 1252 3587 et
1291 3530 1717 3600 inobsequentes
1747 3525 2042 3600 Evangelio

462 3635 610 3682 sunt.
665 3624 848 3691 Quare
903 3624 1047 3695 apud
1103 3623 1493 3697 Symmachum
1548 3623 1750 3678 dicitur
1783 3640 1798 3678 :
1831 3641 1849 3674 ι
1881 3621 2039 3677 Oculi

463 3721 586 3790 ejus
615 3728 804 3790 gentes
852 3719 1189 3788 inspiciunt;
1237 3713 1659 3787 inobsequentes
1696 3731 1766 3772 ne
1800 3717 2042 3773 exaltent

463 3812 810 3881 semetipsos.
853 3829 872 3862 ι
911 3811 1031 3864 Alio
1065 3810 1192 3865 item
1247 3826 1413 3866 sensu
1444 3810 1647 3865 indicat
1686 3825 1781 3866 eos
1832 3825 1897 3865 ex
1943 3810 2044 3864 cir-

464 3899 824 3962 cumcisione,
853 3900 944 3968 qui
978 3899 1210 3968 gratiam
1239 3906 1710 3968 contempserunt,
1760 3907 1816 3954 et
1853 3898 2044 3954 Serva-

465 3990 604 4046 turis
651 3991 994 4044 vocationem
1035 3989 1192 4044 nihili
1251 3989 1521 4046 fecerunt.
1563 3992 1745 4058 Quare
1803 3990 2041 4061 Spiritus

467 4090 694 4138 sanctus
756 4097 854 4151 per
905 4081 1100 4137 Isaiam
1155 4082 1222 4136 ad
1275 4097 1373 4136 eos
1437 4083 1738 4152 respiciens
1785 4082 2038 4138 dicebat:

470 4192 489 4222 ε
519 4173 665 4228 Aure
704 4172 966 4236 audiatis,
1001 4179 1056 4226 et
1098 4187 1166 4227 ne
1197 4172 1548 4242 intelligatis;
1601 4179 1656 4227 et
1687 4171 1932 4229 videntes
1963 4175 2044 4229 vi-

466 4265 665 4329 deatis,
704 4272 758 4320 et
784 4280 853 4320 ne
889 4265 1077 4321 sciatis
1100 4265 1166 4316 ".
1202 4283 1221 4317 ι
1255 4263 1445 4320 Merito
1483 4265 1651 4336 igitur
1682 4265 1829 4321 viros
1861 4267 2036 4321 incre-

468 4343 875 4429 pans'praeseus
923 4370 1127 4419 sermo,
1163 4363 1350 4428 utpote
1395 4356 1514 4410 sine
1545 4370 1714 4410 causa
1757 4355 1826 4411 de
1867 4364 2046 4409 atavo-

2143 3159 2520 3231 ύποδέχεσθαι,
2558 3161 2908 3234 παροργίζειν
2935 3162 2992 3216 δὲ
3033 3161 3094 3216 τὸ
3131 3163 3254 3216 ὅσον
3285 3165 3371 3217 ἐπ’
3414 3164 3595 3228 αὐτοῖς
3624 3167 3714 3219 καὶ

2142 3254 2603 3326 παραπικραίνειν
2629 3253 2726 3326 τὴν
2769 3255 3036 3327 τοσαύτην
3079 3255 3506 3328 φιλανθρωπίαν,
3544 3257 3627 3311 διὰ
3652 3259 3714 3311 τὸ

2146 3345 2220 3417 μὴ
2271 3345 2670 3417 παραδέχεσθαι
2718 3346 2778 3401 τὸ
2806 3346 3007 3419 δῶρον,
3057 3351 3280 3414 εἰκότως
3339 3351 3677 3407 ἐπιλέλεκται
3698 3371 3714 3384 ⁵

2149 3453 2167 3486 ι
2195 3436 2257 3489 Oi
2285 3438 2816 3508 παραπικραίνοντες
2851 3439 2926 3511 μὴ
2951 3439 3307 3510 ὑψούσθωσαν
3337 3443 3397 3496 ὲν
3433 3445 3664 3509 ἑαυτοῖς.
3694 3464 3712 3496 ι

2143 3525 2401 3597 Σημαίνει
2439 3526 2496 3580 δὲ
2542 3529 2630 3582 διὰ
2682 3529 2886 3584 τούτων
2933 3533 3026 3586 καὶ
3068 3533 3192 3597 τοὺς
3239 3535 3297 3588 ὲν
3354 3537 3466 3600 τοῖς
3511 3535 3720 3590 ἔθνεσιν

2144 3615 2388 3682 ἀπειθεῖς
2416 3618 2508 3672 καὶ
2532 3619 2936 3686 ἀνυποτάκτους
2963 3622 3041 3694 τῷ
3076 3624 3416 3696 εὐαγγελικῷ
3440 3627 3598 3698 λόγῳ.
3627 3628 3722 3682 Διὸ

2142 3708 2386 3764 λέλεκται
2429 3711 2579 3784 παρά
2620 3713 2698 3784 τῷ
2739 3715 3020 3787 Συμμάχῳ
3044 3732 3058 3746 °
3102 3732 3124 3769 ί
3159 3718 3222 3770 Οἱ
3257 3717 3517 3790 ὀφθαλμοὶ
3547 3719 3716 3774 αὑτοῦ

2143 3803 2210 3856 τά
2263 3803 2389 3875 ἔθνη
2457 3805 2908 3860 ὲπισκοπεύουσι·
2955 3809 3004 3861 οἱ
3057 3808 3302 3875 ἀπειθεῖς
3349 3805 3423 3882 μὴ
3468 3810 3714 3882 ὑψούτω-

2145 3913 2243 3949 σαν
2292 3895 2535 3961 ἑαυτούς.
2559 3917 2576 3950 ι
2622 3898 2882 3970 Σημαίνει
2921 3899 2976 3953 δὲ
3012 3901 3108 3954 καὶ
3151 3901 3325 3965 ἄλλως
3355 3903 3479 3966 τοῦς
3521 3905 3586 3956 ὲκ
3619 3920 3720 3958 πε-

2147 3990 2372 4062 ριτομῆς
2404 3989 2774 4062 ἀθετήσαντας
2801 3990 2898 4064 τὴν
2921 3992 3079 4065 χάριν
3101 3995 3194 4047 καὶ
3219 3994 3318 4065 τὴν
3349 3995 3444 4049 τοῦ
3468 3996 3724 4071 Σωτῆρος

2145 4079 2336 4150 κλῆσιν
2357 4080 2878 4152 ὑπερφρονήσαντας
2895 4097 2910 4112 ο
2935 4081 3013 4134 διὸ
3037 4083 3174 4154 πρὸς
3196 4085 3393 4149 αὐτοὺς
3415 4087 3478 4139 τὸ
3500 4087 3724 4158 Πνεῦμα

2142 4173 2205 4226 τὸ
2237 4173 2390 4241 ἆγιον
2423 4173 2515 4226 καὶ
2541 4172 2628 4226 διά
2671 4175 2888 4229 Ἡσαΐου
2921 4176 3232 4232 ἀπετείνετο
3263 4179 3444 4249 φῆσαν
3465 4197 3478 4210 ·
3512 4198 3530 4232 ‹
3562 4181 3722 4252 Ἀκυῇ

2144 4265 2433 4336 ἀκούσητε,
2467 4267 2562 4320 καὶ
2586 4266 2646 4320 οὐ
2676 4266 2750 4338 μὴ
2782 4269 2999 4340 συνῆτε,
3033 4271 3126 4324 καὶ
3149 4270 3434 4339 βλέποντες
3467 4273 3721 4346 βλέψητε,

2147 4357 2241 4410 καὶ
2267 4356 2328 4410 οὐ
2367 4357 2441 4429 μὴ
2473 4356 2643 4428 ἴδητε.
2678 4376 2697 4409 ι
2734 4359 2975 4422 Εἰκότως
3020 4361 3308 4433 τοιγαροῦν
3344 4363 3723 4434 ὲπιρῤαπίζων

467 4463 589 4504 rum
621 4447 883 4519 dignitate
927 4447 1166 4512 inflatos,
1221 4455 1277 4504 et
1327 4447 1395 4502 de
1437 4449 1842 4519 progenitorum
1871 4449 2039 4518 gloria

2147 4449 2343 4513 αὐτοὺς
2373 4453 2402 4504 ὁ
2431 4450 2624 4522 παρὼν
2664 4451 2842 4521 λόγος,
2871 4453 2992 4525 είκῆ
3038 4453 3432 4525 φυσιουμένους
3475 4457 3572 4509 ἐπὶ
3613 4460 3720 4520 τοῖς

467 4541 634 4595 altum
667 4541 964 4611 sapientes,
986 4541 1121 4596 dicit
1148 4560 1161 4596 :
1195 4560 1212 4591 ι
1244 4540 1350 4607 Qui
1391 4549 1718 4612 exasperant
1747 4557 1856 4597 non
1901 4541 2044 4596 exal-

468 4640 653 4687 tentur
684 4634 738 4687 in
773 4634 1097 4703 semetipsis.
1132 4653 1150 4686 ι
1173 4633 1352 4689 Heus!
1386 4649 1504 4698 vos,
1542 4635 1740 4704 inquit,
1773 4635 2042 4704 superbia:

469 4731 523 4777 et
553 4740 694 4779 vano
723 4727 926 4780 tumori
971 4734 1156 4781 vestro
1184 4725 1346 4781 finem
1393 4727 1538 4794 date,
1595 4729 1834 4783 scientes
1873 4727 2043 4782 Deum

471 4830 580 4869 non
623 4817 818 4886 magis,
849 4833 1014 4887 quam
1056 4818 1287 4889 reliquis
1314 4819 1591 4889 gentibus,
1637 4820 1792 4875 vobis
1827 4823 2044 4891 prospi-

471 4920 616 4960 cere.
651 4905 808 4960 Oculi
835 4923 967 4978 ergo
1006 4909 1154 4965 illius
1190 4912 1457 4965 lustrandi
1486 4912 1537 4964 vi
1565 4911 1799 4980 praditi,
1838 4913 2049 4968 univer-

474 5013 660 5053 sorum
689 4998 969 5055 hominum
1005 5003 1400 5072 providentiam
1429 5013 1701 5074 gerentes,
1733 5019 1897 5074 super
1923 5021 2050 5076 gen-

475 5100 557 5146 tes
592 5093 910 5162 respiciunt.
947 5093 1088 5159 Quid
1133 5095 1300 5166 igitur
1333 5111 1452 5159 vos,
1496 5110 1560 5150 ac
1587 5095 1634 5150 si
1668 5097 2047 5166 praestantiora

474 5186 787 5249 ohtineatis,
806 5186 1117 5240 exaltamiui
1138 5189 1192 5242 in
1211 5188 1640 5259 vobismctipsis,
1660 5205 1783 5246 cum
1809 5191 2044 5247 maxime

473 5277 577 5332 viri
620 5286 1010 5346 exaspera‘ntes
1057 5280 1218 5334 sitis?
1251 5279 1407 5346 Quod
1457 5291 1642 5337 autem
1679 5283 1828 5353 ipsos
1862 5299 2044 5338 sermo

475 5370 801 5435 subindicct,
833 5380 1018 5442 aperte
1049 5371 1288 5426 declarat
1322 5373 1561 5443 Spiritus
1586 5391 1683 5446 per
1707 5376 2043 5432 Ezechielem

473 5463 706 5519 dicens:
739 5481 756 5513 ι
788 5461 888 5516 Fili
936 5463 1190 5528 hominis,
1233 5467 1442 5518 mittam
1479 5473 1532 5521 te
1564 5481 1663 5536 ego
1707 5467 1775 5521 ad
1820 5467 2040 5522 domum

2150 4542 2456 4615 προγόνοις.
2493 4544 2587 4598 καὶ
2614 4545 2757 4616 μέγα
2785 4546 3115 4616 φρονοῦντας
3151 4547 3242 4601 ἐπὶ
3271 4551 3336 4620 τῇ
3368 4547 3479 4602 τῶν
3510 4566 3720 4621 προπα-

2147 4634 2320 4706 τόρων
2348 4634 2728 4708 εὐδοκιμήσει,
2782 4638 2980 4708 φησίν·
3028 4657 3046 4690 ι
3086 4640 3149 4693 Οί
3197 4640 3722 4713 παραπικραίνοντες

2154 4728 2228 4800 μὴ
2264 4727 2615 4798 ὑψούσθωσαν
2650 4731 2707 4784 ὲν
2760 4731 2991 4795 ἑαυτοῖς.
3023 4751 3042 4783 ι
3077 4731 3367 4787 Παύσασθε
3399 4733 3538 4805 γάρ,
3571 4732 3719 4802 φησὶ,

2153 4817 2560 4890 βρενθυνόμενοι
2589 4820 2680 4873 καὶ
2713 4822 2831 4892 εἰκῇ
2863 4821 3208 4893 τυφούμενοι,
3228 4816 3274 4875 ὦ
3296 4817 3460 4884 οῦτοι,
3484 4823 3718 4892 γνόντες,

2148 4911 2231 4964 ὅτι
2276 4912 2338 4965 οὐ
2376 4911 2574 4982 μᾶλλον
2607 4913 2736 4984 ὑμῖν
2787 4914 3067 4968 ὲπιϐλὲπει
3091 4918 3120 4968 ὁ
3156 4915 3287 4980 Θεὸς
3317 4914 3348 4986 ἦ
3383 4918 3494 4978 τοῖς
3516 4916 3722 4982 λοιποῖς

2149 5003 2380 5058 ἔθνεσιν,
2420 5004 2482 5056 Οί
2525 5003 2655 5074 γοῦν
2689 5005 2785 5076 τῆς
2819 5007 3180 5078 ὲπισκοπικῆς
3228 5008 3394 5062 αὐτοῦ
3445 5008 3723 5079 δυνάμεως

2151 5095 2457 5166 ὀφθαλμοὶ,
2507 5096 2724 5152 πάντων
2757 5097 3057 5171 ἀνθρώταυν
3090 5100 3348 5171 πρόνοιαν
3380 5099 3684 5171 ποιούμενοι
3703 5139 3719 5163 ,

2154 5190 2247 5242 ἐπὶ
2301 5189 2369 5243 τὰ
2422 5189 2549 5262 ἔθνη
2589 5191 2962 5245 ὲπιϐλέπουσι.
3004 5193 3068 5246 Τί
3101 5188 3193 5247 οὖν
3229 5195 3415 5266 ὑμεῖς,
3443 5193 3629 5265 ὥσπερ
3669 5209 3721 5246 τι

2153 5282 2430 5353 ἐξαίρετον
2459 5284 2805 5354 κεκτημένοι,
2830 5284 3063 5354 ὑψοῦσθε
3096 5287 3152 5339 ὲν
3183 5289 3411 5353 ἑαυτοῖς,
3442 5288 3534 5340 καὶ
3551 5285 3723 5340 ταῦτα

2152 5374 2344 5447 ἄνδρες
2375 5375 2527 5439 ὄντες
2584 5377 2670 5428 ἀεὶ
2697 5378 3261 5449 παραπικραίνοντες;
3295 5381 3414 5433 Ὀτι
3440 5379 3495 5433 δὲ
3530 5379 3725 5443 αὐτοὺς

2152 5468 2444 5523 αἰνίττεται
2467 5471 2494 5521 ό
2528 5468 2704 5538 λόγος,
2743 5469 2929 5539 σαφῶς
2967 5472 3263 5544 παρίστησι
3285 5473 3347 5526 τὸ
3376 5473 3600 5545 Πνεῦμα
3642 5471 3728 5527 διὰ

547 5619 590 5698 ξ¹
626 5619 854 5698 Psal.}.,
877 5623 962 5678 ll.
1037 5621 1251 5678 l"Psal.
1275 5627 1536 5692 XLllI,‘34.
1618 5628 1662 5659 ⁸³
1692 5626 1837 5684 Psal.
1872 5644 2020 5692 xxix,

2172 5627 2216 5657 ³³
2248 5626 2392 5684 Psal.
2431 5642 2626 5692 xxxm,
2649 5625 2734 5682 16.
2802 5626 2847 5660 ⁸⁸
2877 5625 3022 5682 Psal.
3059 5644 3167 5692 va,
3191 5628 3242 5684 ἓ.
3325 5634 3370 5665 ⁸⁸
3395 5633 3539 5690 Psal.
3573 5653 3648 5698 l\'.
3677 5639 3709 5692 7

479 5688 523 5720 ⁵⁷
551 5690 652 5746 lsa.
684 5710 758 5757 vi,
786 5693 838 5747 9.
