4024 6210
1444 376 1948 440 COMMENTARIA
1989 385 2058 439 IN
2093 385 2432 446 PSALMOS.
3479 404 3582 459 658

350 466 612 590 defert-ill
637 473 824 590 λέγων
852 498 870 530 t
897 480 992 536 Υἱὲ
1016 485 1322 559 ἀνθρώπου,
1350 493 1691 561 ἐξαποστελῶ
1722 519 1779 554 σε
1805 502 1890 572 ἐγι]

2017 505 2206 568 lsrael.
2232 508 2297 563 ad
2326 520 2734 580 exasperantes,
2761 515 2851 585 qui
2881 529 3341 586 exasperaverunt
3367 535 3452 576 me
3479 521 3582 590 ipsi

336 559 477 630 πρὸς
523 563 614 618 τὸν
664 562 812 622 οἷκον

874 572 1118 648 Ἰσραὴλ,
1168 583 1295 646 τοὺς
1342 591 1911 661 παραπικραίνοντας,

2013 605 2067 653 et
2100 610 2278 669 patres
2308 601 2551 671 ipsorum
2597 620 2772 675 usque
2801 608 2864 660 ad
2915 604 3234 678 prtesentem
3271 612 3410 667 diem
3430 613 3476 644 ⁸⁸
3507 631 3520 668 :
3557 633 3575 665 ι

335 651 532 776 εἴτινες
563 662 981 734 παρεπίκρανάν
1005 687 1070 740 με
1101 673 1253 728 αὐτοὶ
1287 679 1380 731 καὶ
1407 682 1454 732 οἱ
1482 681 1715 755 πατέρες
1736 685 1890 739 αὐτῶτ

365 763 441 776 .-ιο
484 748 583 776 ..2-
629 756 863 776 .1”---_,_
919 761 932 776 ο
1004 761 1016 776 ι
1330 770 1340 776 .
1395 771 1476 776 -..μ

2025 651 2059 653 ,κ
2100 651 2275 669 τη---
2309 651 2551 671 τμη---
2602 651 2771 675 --.ιη
2801 651 2864 660 _..
2916 651 3234 678 ,,.w...,........
3507 655 3520 668 .
3557 651 3575 665 .

2011 698 2064 744 et
2106 703 2291 776 postea
2319 712 2333 747 :
2363 713 2381 746 t
2413 695 2468 750 Si
2496 695 2634 753 forte
2679 701 2902 756 audiant
2926 710 2982 757 et
3021 694 3421 767 deterreantur,
3453 707 3580 776 quia

335 742 583 858 Ewg'tﬁg
625 756 865 858 σήμερον
909 761 1152 858 ημέραςο
1199 786 1218 818 ι
1259 770 1352 823 καὶ
1388 771 1542 843 ἑξῆς
1588 742 1764 830 ι’Ἑάν
1805 778 1890 850 ἀρε

2021 742 2061 744 _,
2106 742 2291 761 rm-“
2319 742 2332 747 _
2367 742 2380 746 -
2413 742 2468 750 η,
2496 742 2634 753 ,νην
2679 742 2902 756 ...-........
2927 742 2982 757 ν.
3023 742 3421 767 ......,............,
3453 742 3580 776 ψη..

2011 781 2205 839 domus
2244 774 2684 856 eiasperantium
2715 801 2801 846 est
2821 793 2902 858 ‘9;
2941 813 2958 844 ι
2993 802 3045 849 et
3086 797 3322 850 iterum:
3357 815 3374 845 ι
3407 796 3471 850 Ει
3501 798 3582 851 Ιο-

332 836 668 942 ἀκούσωσιν,
705 845 737 917 ἢ
773 851 1110 922 πτοηθῶσιν,
1161 858 1293 914 διότι
1335 859 1481 929 οἶκος
1535 884 1910 942 παραπικραι-

2011 890 2148 944 quar
2195 893 2477 936 sermones
2511 897 2662 940 meos
2708 885 2773 938 ad
2811 885 2956 951 illos,
2998 887 3045 942 si
3094 887 3232 944 forte
3275 890 3499 944 audiant
3529 897 3583 945 et

333 929 530 985 νόντων
549 936 706 1046 ἐστί’·
740 943 885 1046 ..καὶ
918 945 1077 1002 πάλιν
1095 965 1108 979 ·
1139 969 1156 1002 t
1186 953 1295 1006 Kal.
1325 955 1543 1028 λαλήσω
1565 929 1691 1024 τοὺς
1719 929 1890 1032 λόγους

2026 929 2041 944 ,
2196 929 2475 936 πίννη---
2512 929 2661 940 __---
2708 929 2773 938 ,-
2811 929 2956 951 ....,.,,
2998 929 3045 942 υ.
3095 929 3232 944 ,νην
3275 929 3499 944 ............
3529 929 3578 945 ι.

2009 964 2406 1036 deterreantur,
2458 973 2586 1042 quia
2625 973 2820 1029 domus
2876 979 3312 1046 exasperandum
3358 986 3441 1033 est
3463 978 3532 1036 ‘°.
3559 998 3578 1030 ι

333 1042 438 1124 μου
468 1028 606 1124 ⁶πρὸς
636 1031 851 1100 αὐτοὺς,
889 1037 982 1091 ἐάν
1015 1041 1120 1112 ἄρα
1147 1044 1482 1115 ἀκούσωσιν,
1512 1050 1544 1122 ἦ
1578 1028 1903 1124 πτοηθῶνσιν,

325 1117 420 1217 ότι.
453 1114 600 1217 οἶκος
624 1133 1186 1217 ,παραπικραινόντων
1234 1140 1369 1193 ἐστί.
1419 1161 1438 1192 ι
1470 1114 1598 1196 Κυαὶ
1632 1114 1715 1198 ἐν.
1740 1153 1810 1217 ρε¹
1849 1114 1905 1201 δέ

575 1213 850 1312 λέλε-κταιο
898 1241 915 1274 t
952 1224 1072 1278 Ὀτι
1113 1232 1530 1304 παρεπίκραναν
1573 1236 1634 1290 τὸ
1689 1209 1902 1312 πνεῦμα

326 1304 524 1357 αὐτοῦ’
558 1325 576 1358 ι
619 1309 713 1361 καὶ
759 1312 920 1367 πάλιν
941 1331 954 1345 ⁸
991 1335 1011 1368 t
1042 1317 1338 1387 Πλεονάκις
1372 1326 1637 1397 ἐρρύσατο
1671 1330 1896 1395 αὐτούς·

325 1396 479 1449 αὐτοὶ
512 1397 568 1452 δὲ
604 1405 1016 1476 παρεπίκραναν
1058 1412 1218 1466 αὑτὸν
1248 1417 1305 1468 ἐν
1336 1419 1402 1488 τῇ
1442 1418 1602 1493 βουλῇ
1643 1422 1843 1478 αὐτῶν.
1877 1445 1894 1476 ι

323 1488 430 1590 l‘v'lat
472 1490 578 1563 μὴν
627 1495 720 1590 καὶ
745 1498 986 1572 Μωῡσῆς
1013 1504 1110 1574 τὴν
1135 1509 1356 1579 πικρίαν
1388 1488 1898 1590 αὐτῶνηπαρίστησι

322 1580 526 1677 λέγων·
588 1604 607 1636 t
644 1587 737 1640 Ἐκ
786 1590 894 1662 γὰρ
967 1595 1214 1666 ἀμπέλου
1260 1601 1505 1673 Σοδόμων
1562 1608 1595 1675 ἡ
1658 1580 1899 1677 ἄμπελος

321 1675 653 1770 αὐτῶνηκαὶ
687 1683 719 1752 ἡ
748 1680 1017 1754 κληματὶς
1048 1690 1227 1744 αὐτῶν
1265 1693 1328 1746 ἐκ
1358 1695 1640 1769 Γομόρρας
1659 1715 1672 1728 ·
1701 1675 1742 1770 -ή
1773 1718 1898 1754 στα-

321 1765 464 1838 φυλὴ
493 1768 667 1823 αὐτῶν
704 1773 946 1846 σταφυλὴ
980 1777 1163 1849 χολῆς,
1191 1780 1385 1854 βότρυς
1411 1765 1633 1858 πικρίας
1658 1765 1854 1843 αὐτῶν.
1872 1809 1891 1842 ι

2005 1056 2071 1112 Ει
2104 1059 2156 1113 in
2188 1076 2254 1116 cv
2276 1064 2484 1132 psalmo
2519 1065 2724 1122 dictum
2755 1076 2878 1124 est:
2910 1087 2927 1120 t
2958 1069 3096 1135 Quia
3118 1071 3582 1126 exacerbaverunt

2007 1151 2260 1219 spiritum
2308 1153 2429 1224 ejus
2453 1156 2530 1220 δίς
2564 1176 2583 1209 ι
2644 1173 2707 1212 ac
2762 1173 2980 1214 rursum
3022 1178 3034 1213 :
3078 1179 3096 1212 t
3131 1158 3284 1230 Saipe
3331 1161 3582 1215 liberavit

2003 1256 2117 1296 eos.
2165 1243 2273 1316 Ipsi
2329 1255 2514 1302 autem
2565 1249 3036 1306 exacerbaveruut
3088 1266 3212 1306 eum
3253 1252 3309 1306 in
3350 1252 3584 1308 consilio

2003 1347 2105 1386 suo
2135 1334 2203 1390 θ’.
2235 1355 2253 1385 ι
2300 1337 2416 1390 Imo
2446 1337 2610 1393 etiam
2636 1338 2852 1410 Moyses
2885 1342 3239 1397 acerbitatem
3269 1359 3458 1398 eorum
3485 1345 3582 1400 de-

2003 1425 2174 1480 clarat
2216 1427 2302 1484 his
2345 1431 2563 1488 verbis:
2596 1451 2614 1482 t
2647 1432 2782 1488 Nam
2808 1451 2871 1489 ex
2907 1436 3064 1490 vinea
3101 1435 3461 1491 Sodomorum
3507 1438 3582 1493 vi-

2001 1535 2103 1574 nea
2152 1536 2363 1587 eorum,
2418 1531 2473 1578 et
2506 1525 2713 1594 palmes
2753 1543 2941 1582 eorum
2984 1545 3053 1584 ex
3097 1527 3420 1586 Gomorrha.
3467 1529 3579 1588 Uva

1999 1627 2188 1668 eorum
2221 1631 2326 1669 uva
2360 1614 2524 1680 fellis,
2562 1618 2754 1675 botrus
2794 1621 3111 1677 acerbitatis
3143 1638 3333 1678 eorum
3360 1622 3424 1678 ⁸³.
3466 1643 3485 1675 ι
3520 1626 3577 1678 In

1997 1704 2234 1762 Jeremia
2265 1715 2446 1764 autem
2481 1712 2549 1763 ad
2573 1711 2790 1766 eosdem
2821 1713 3025 1767 dicitur
3051 1733 3062 1768 :
3097 1733 3115 1766 ε
3147 1713 3432 1782 Quomodo
3454 1732 3581 1772 con-

1997 1814 2155 1854 versa
2209 1808 2293 1855 est
2326 1801 2379 1854 in
2431 1802 2855 1858 amaritudinem
2897 1804 3024 1859 vitis
3071 1806 3246 1861 aliena
3274 1806 3360 1860 6‘?
3390 1828 3408 1860 ›
3446 1805 3579 1864 Jure

323 1859 459 1964 Kal.
485 1862 545 1964 ἐν
573 1863 646 1935 τῷ
669 1866 936 1964 ’Ἱερεμίᾳ
982 1869 1040 1922 δέ
1073 1872 1285 1945 εἴρηται
1326 1877 1462 1948 πρὸς
1507 1881 1634 1944 τοὺς
1673 1881 1890 1946 αὐτούς·

2003 1889 2166 1961 igitur
2237 1892 2327 1947 hic
2396 1909 2616 1964 quoque
2666 1904 3057 1964 exasperantes
3105 1907 3388 1954 vocantur.
3438 1898 3580 1954 Dum

329 1969 348 2000 ‹
375 1951 502 2016 Πῶς
529 1955 764 2028 ἐστράφη
791 1961 873 2024 είς
899 1963 1124 2034 πικρίαν
1153 1968 1185 2037 ὴ
1220 1967 1462 2038 ἄμπελος
1490 1971 1523 2042 ἡ
1556 1971 1812 2044 ἀλλοτρία
1836 1991 1850 2040 ;
1874 1994 1892 2025 ι

307 2045 561 2116 ,Εἰκότως
593 2050 767 2105 τοίνυν
800 2055 893 2108 καὶ
927 2056 1163 2112 ἐνταῦθα
1203 2063 1734 2135 παραπικραίνοντες
1763 2065 1899 2121 ὠνο-

322 2138 623 2210 μάσθησαν.
679 2143 773 2197 Ἐκ
829 2147 1173 2221 παραλλήλου
1226 2151 1282 2205 δέ
1352 2155 1730 2226 μνημονεύσας
1790 2157 1898 2212 τῶν

315 2228 484 2284 ἐθνῶν
513 2234 608 2286 καὶ
637 2235 736 2306 τῆς
771 2237 975 2294 τούτων
1008 2244 1280 2315 σωτηρίας
1311 2248 1340 2300 ό
1394 2246 1567 2316 λόγος,
1600 2249 1897 2320 παράθεσιν

310 2320 418 2373 τῶν
455 2323 522 2376 ἐκ
551 2329 855 2399 περιτομῆς
901 2332 1194 2404 πεποίηται
1230 2334 1398 2388 εἰπών
1421 2352 1433 2365 °
1475 2356 1493 2387 t
1535 2339 1596 2392 Ol
1627 2338 1896 2410 ὀφθαλμοὶ⁸

311 2414 475 2468 αὐτοῦ
498 2417 593 2470 ἐπὶ⁹
613 2417 680 2472 τά
705 2417 832 2493 ἔθνη
859 2421 1240 2479 ἐπιϐλέπουσιν
1259 2468 1272 2490 ,
1294 2429 1343 2480 οἱ
1367 2432 1896 2502 παραπικραίνοντες

315 2506 389 2577 μὴ
419 2507 774 2576 ύψούσθωσαν
800 2513 858 2566 ἐν
879 2514 1111 2581 ἑαυτοῖς.
1141 2517 1446 2587 Εύλογεῖτε,
1474 2521 1624 2594 ἔθνη,
1649 2523 1740 2577 τὸν
1763 2523 1894 2578 Θεὸν

313 2597 491 2667 ἡμῶν,
527 2602 620 2654 καὶ
661 2603 980 2659 ἀκουτίσατε
1019 2607 1117 2678 τὴν
1149 2609 1330 2681 φωνὴν
1362 2612 1462 2682 τῆς
1493 2613 1752 2678 αἰνέσεως
1799 2615 1896 2668 αὑ-

313 2688 429 2745 τοῦ.
463 2711 482 2743 ι
521 2693 889 2763 Εὐαγγελικὸν
929 2694 1068 2754 εἶναι
1097 2701 1188 2755 τὸν
1225 2703 1434 2775 ψαλμὸν
1463 2706 1554 2759 καὶ
1600 2707 1893 2778 ἀρχόμενοι

311 2782 404 2836 τοῦ
433 2784 593 2854 λόγου
620 2791 1001 2862 τετηρήκαμεν
1023 2809 1036 2822 '
1069 2793 1097 2846 ὃ
1120 2795 1213 2849 καὶ
1238 2796 1306 2849 δι’
1327 2797 1449 2850 ὅλου
1476 2798 1571 2852 τοῦ
1599 2798 1770 2869 ὕφους
1797 2802 1894 2872 τῆς

313 2880 652 2948 προφητείας
705 2881 1055 2955 παρίσταται.
1115 2887 1328 2941 Ἐκάλει
1366 2890 1463 2961 μὲν
1504 2891 1612 2963 γάρ
1661 2894 1717 2945 ἐν
1750 2893 1889 2966 ἀρχῇ

314 2970 493 3023 πᾶσαν
520 2970 618 3042 τὴν
645 2973 748 3042 γῆν
770 2990 783 3003 ’
815 2971 932 3029 εἶτα
958 2977 1015 3030 ἐν
1045 2978 1122 3049 τῷ
1166 2979 1366 3050 μεταξὺ
1409 2981 1627 3036 πλείονα
1654 2983 1888 3050 διδάξας,

312 3062 646 3135 σαφέστερον
677 3067 802 3136 περὶ
835 3067 942 3123 τῶν
975 3068 1143 3123 ἐθνῶν
1172 3076 1405 3126 ποιεῖται
1437 3076 1767 3146 προφητείαν
1800 3076 1886 3130 λέ-

308 3170 420 3222 γων
437 3171 451 3184 ·
482 3175 501 3206 t
526 3158 588 3208 Ol
609 3155 876 3228 ὀφθαλμοὶ
902 3160 1066 3214 αὐτοῦ
1094 3163 1186 3216 ἐπὶ
1206 3164 1272 3218 τὰ
1301 3165 1424 3235 ἔθνη
1449 3166 1882 3221 ἐπιϐλέπουσιν.»

308 3247 463 3301 Μετά
490 3248 554 3321 δὴ
576 3244 668 3303 οὖν
695 3250 792 3322 τὴν
815 3252 1020 3308 τούτων
1047 3255 1392 3311 διδασκαλίαν
1420 3259 1728 3324 ἀκολούθως
1753 3263 1886 3315 πᾶσι
1918 3238 1960 3295 C

305 3341 418 3403 τοῖς
448 3338 689 3406 ἔθνεσιν,
727 3341 805 3406 ὡς
847 3341 911 3395 ἂν
943 3343 1314 3416 ὡφελημένοις
1361 3350 1427 3400 ἐκ
1459 3349 1553 3402 τοῦ
1601 3368 1888 3423 προμεμα-

306 3429 534 3502 θηκέναι
580 3433 649 3488 τά
695 3434 1060 3508 προλεχθέντα
1089 3478 1103 3502 ,
1167 3438 1407 3508 εὐλογεῖν
1455 3440 1562 3494 τῶν
1616 3442 1887 3496 τοσούτων

306 3523 603 3596 θαυμάτων
629 3528 736 3582 τῶν
765 3546 824 3582 τε
869 3529 1117 3602 φοϐερῶν
1149 3531 1326 3603 ἔργων
1366 3535 1594 3606 ποιητὴν
1639 3553 1881 3608 παρακε-

303 3615 520 3672 λεύεται
540 3617 714 3688 λέγων
734 3637 746 3650 ·
783 3641 800 3673 t
831 3623 1135 3692 Εὑλογεῖτε,
1167 3624 1292 3697 έθνη
1313 3664 1328 3689 ,
1363 3626 1453 3679 τὸν
1486 3627 1619 3680 Θεὸν
1645 3629 1820 3699 ἡμῶν.
1862 3650 1879 3680 ι

305 3711 396 3781 Μὴ
423 3711 535 3784 γὰρ
563 3715 691 3777 τοὺς
722 3715 1040 3788 ὑμετέρους,
1071 3719 1224 3790 φησι,
1257 3719 1382 3783 τοὺς
1417 3721 1584 3776 πάλαι
1606 3722 1884 3794 πεπλανη-

305 3802 484 3872 μένως
507 3804 893 3877 νομιζομένους
921 3808 1105 3874 θεοὺς,
1135 3810 1268 3865 ἀλλά
1293 3810 1382 3864 τὸν
1415 3813 1700 3885 ἡμέτερον,
1735 3813 1796 3867 ὃν
1824 3816 1887 3868 ἐκ

301 3896 555 3967 πατέρων
599 3901 760 3970 ἡμεῖς
787 3901 1238 3975 ἐπεγραψάμεθα,
1271 3904 1458 3960 τοῦτον
1493 3906 1707 3975 γνόντες
1746 3902 1884 3960 εἶναι

300 3985 392 4040 τὸν
439 3988 692 4060 ἀληθινὸν
723 3991 874 4048 Θεόν.
924 3994 1037 4049 Νῦν
1062 3996 1214 4066 γοῦν,
1245 3999 1294 4050 εἰ
1340 3999 1435 4052 καὶ
1480 3998 1554 4071 μὴ
1600 3999 1883 4071 πρότερον,

299 4080 398 4134 καὶ
448 4082 607 4152 ὑμεῖς
659 4085 951 4156 εὐλογεῖτε.
1004 4089 1394 4162 Εύφημοῦντες
1439 4091 1494 4144 δὲ
1544 4093 1727 4159 αὑτὸν,
1791 4095 1884 4147 καὶ

296 4172 650 4242 εὐλογοῦντες
689 4177 764 4242 ὼς
805 4180 963 4250 μόνον
997 4181 1248 4253 ἀληθινὸν
1293 4184 1386 4237 καὶ
1422 4185 1599 4239 κοινὸν
1629 4186 1883 4240 ἁπάντων

296 4262 457 4333 ἡμῶν
490 4282 547 4318 τε
593 4267 684 4320 καὶ
711 4268 864 4339 ὑμῶν
897 4269 1029 4325 Θεὸν
1056 4313 1070 4338 ,
1108 4273 1182 4344 μὴ
1232 4274 1659 4345 σεσιωπημένως
1682 4317 1696 4341 ,
1749 4276 1884 4348 μηδὲ

294 4356 513 4427 ἠρεμέᾳ
544 4358 662 4429 (sic)
707 4362 773 4432 τῇ
807 4365 955 4434 φωνῇ
1011 4363 1170 4418 τοῦτο
1224 4365 1527 4437 πράττετε·
1565 4369 1661 4422 σὺν
1712 4367 1880 4439 πολλῇ

293 4445 350 4500 δὲ
386 4451 672 4524 παρρησίᾳ
723 4454 816 4506 καί⁹
855 4453 1087 4527 θάρσει,
1129 4462 1330 4528 φωναῖς
1367 4477 1426 4513 τε
1475 4463 1734 4530 γεγωνοῖς
1787 4462 1881 4514 καὶ

291 4540 449 4652 {locis
489 4544 768 4652 Ξρήσασθε
818 4549 1114 4618 μεγάλαις·
1170 4551 1246 4616 ὡς
1288 4554 1381 4606 καὶ
1423 4556 1535 4618 τοῖς
1579 4555 1877 4626 ἀλλοτρίοις
1912 4597 1953 4652 D

291 4634 590 4688 ἀκούεσθαι
645 4639 745 4711 τὴν
796 4641 1261 4715 ἀναπεμπομένην
1320 4647 1398 4709 εἰς
1431 4645 1562 4700 Θεὸν
1593 4648 1682 4716 ὑφ’
1724 4647 1879 4718 ὑμῶν

289 4728 529 4780 αῖνεσινο
560 4729 588 4782 ὃ
611 4729 676 4802 δὴ
713 4733 807 4785 καὶ
831 4735 860 4787 ὁ
891 4734 1080 4807 Σωτὴρ
1118 4737 1306 4807 ἐδήλου
1351 4737 1553 4813 λέγων·
1585 4757 1603 4790 t
1651 4741 1714 4793 Ὀ
1736 4737 1878 4808 λέγω

288 4821 421 4893 ὑμῖν
447 4823 507 4875 ἐν
526 4825 592 4892 τῇ
620 4825 810 4898 σκοτίᾳ
833 4825 1022 4881 εἴπατε
1047 4829 1105 4880 ἐν
1125 4829 1203 4901 τῷ
1229 4832 1386 4899 φωτὶ,
1417 4833 1512 4886 καὶ
1538 4831 1566 4884 ὃ
1596 4833 1674 4896 εἰς
1703 4831 1762 4885 τὸ
1785 4827 1877 4894 οῦς

286 4913 543 4981 ἀκούετε,
572 4917 876 4988 κηρύσσετε
901 4922 992 4974 ἐπὶ
1013 4921 1124 4975 τῶν
1158 4923 1443 4994 δωμάτων.
1479 4945 1497 4976 ι
1537 4925 1752 4996 Ταύτης
1780 4920 1874 4978 οὖν

281 5000 472 5073 ἔχεται
505 5008 605 5077 τῆς
637 5007 875 5074 διανοίας
905 5011 965 5063 τὸ
1003 5011 1211 5080 φάσκον
1260 5013 1468 5084 λόγιον·
1519 5036 1536 5068 t
1572 5017 1682 5070 Καὶ
1709 5018 1868 5070 ἀκου-

282 5093 475 5148 τίσατε
508 5097 608 5168 τὴν
641 5098 822 5170 φωνὴν
847 5099 946 5170 τῆς
971 5102 1229 5168 αἰνέσεως
1259 5089 1455 5160 αὐτοῦ’
1496 5126 1515 5158 ›
1549 5106 1582 5178 ἢ
1619 5107 1759 5161 κατά
1784 5106 1874 5159 τὸν

282 5186 606 5259 Σύμμαχον·
632 5209 650 5240 t
676 5189 1027 5256 Ἑξάκουστον
1050 5199 1252 5249 ποιεῖτε
1267 5197 1366 5269 τὴν
1383 5199 1564 5270 φωνὴν
1587 5199 1681 5252 τοῦ
1704 5199 1877 5270 ὕμνου

282 5281 476 5333 αὑτοῦ.
503 5300 522 5333 ι
559 5281 846 5354 Θαυμάσαι
871 5284 928 5338 δέ
958 5285 1072 5340 ἐστι
1105 5287 1199 5342 τοῦ
1230 5288 1387 5358 λόγου
1416 5290 1476 5343 τὸ
1505 5291 1873 5363 ἀποτέλεσμα,

282 5371 374 5426 an
424 5374 547 5428 καθ’
574 5375 702 5447 ὅλης
752 5378 852 5449 τῆς
883 5377 1186 5450 ἀνθρώπων
1209 5382 1555 5454 οἰκουμένης,
1590 5384 1648 5436 ἐν
1684 5385 1880 5456 μέσαις

279 5470 407 5531 ταῖς
453 5469 661 5533 πόλεσι,
697 5470 754 5525 ἐν
794 5489 854 5524 τε
906 5473 1122 5545 κώμαις
1161 5474 1254 5528 καὶ
1286 5473 1490 5546 χώραις
1522 5475 1663 5529 κατά
1701 5477 1879 5542 πάσας

279 5561 385 5624 τὰς
409 5561 737 5634 Ἐκκλησίας
758 5564 850 5618 τοῦ
868 5565 1025 5632 Θεοῦ,
1045 5569 1095 5620 οἱ
1117 5567 1209 5621 τοῦ
1224 5567 1463 5640 Χριστοῦ
1481 5568 1600 5623 λαοὶ
1624 5569 1682 5637 ἐξ
1705 5571 1881 5626 ἁπάν-

2002 1990 2183 2037 autem
2203 1999 2268 2038 ex
2294 1983 2524 2040 adverso
2547 1985 2788 2055 gentium
2813 1995 2866 2041 et
2897 1987 3093 2044 salutis
3122 2004 3310 2044 eorum
3340 1991 3576 2046 mentio—

2000 2089 2123 2128 nem
2158 2089 2338 2130 sermo
2369 2074 2520 2142 facit,
2556 2078 3017 2146 comparationem
3064 2078 3295 2140 inducit,
3335 2096 3458 2135 cum
3508 2082 3578 2137 iis

1997 2165 2091 2235 qui
2116 2180 2181 2218 ex
2212 2166 2632 2222 circumcisione
2665 2175 2816 2233 sunt,
2846 2167 3035 2224 dicens
3063 2188 3076 2223 :
3107 2188 3126 2222 t
3157 2168 3447 2242 Oculiejus
3481 2187 3576 2227 su-

1998 2271 2094 2326 per
2123 2263 2309 2326 gentes
2343 2259 2663 2328 respiciunt,
2696 2260 2788 2330 qui
2818 2272 3146 2332 exasperant
3174 2278 3286 2319 non
3323 2265 3572 2321 exalten-

1999 2355 2088 2399 tur
2137 2347 2192 2401 in
2242 2351 2572 2420 semetipsis.
2622 2350 2958 2419 Benedicite,
3006 2363 3217 2425 gentes,
3274 2354 3440 2412 Deum
3482 2375 3580 2414 no-

1997 2446 2196 2503 strum,
2225 2448 2279 2494 et
2300 2440 2539 2518 auditam
2573 2441 2736 2498 facite
2759 2458 2947 2500 vocem
2971 2447 3148 2503 laudis
3173 2449 3313 2518 ejus.
3348 2468 3366 2500 ›
3397 2448 3575 2505 Evan—

1996 2530 2228 2600 gelicum
2262 2515 2384 2586 esse
2415 2527 2684 2600 psalmum
2715 2533 2825 2602 jam
2877 2535 2981 2589 sub
3019 2535 3234 2591 initium
3259 2538 3574 2595 observavi-

1995 2637 2152 2677 mus:
2181 2623 2328 2693 quod
2357 2626 2522 2678 etiam
2553 2639 2618 2678 ex
2652 2631 2766 2680 tota
2806 2627 3107 2696 pr0phetia:
3148 2630 3288 2684 serie
3315 2645 3570 2699 compro-

1995 2715 2175 2772 batur.
2225 2715 2360 2770 Nam
2415 2716 2571 2771 initio
2621 2732 2836 2773 omnem
2899 2727 3101 2774 terram
3154 2723 3567 2792 compellabat:

1994 2808 2298 2881 deindeque
2327 2809 2483 2880 plura
2528 2810 2755 2878 docens,
2793 2812 3000 2868 clarius
3031 2813 3099 2868 de
3128 2814 3380 2886 gentibus
3429 2817 3570 2870 vati-

1994 2904 2212 2958 cinatur
2257 2901 2490 2960 dicens:
2531 2921 2549 2954 t
2583 2902 2739 2959 Oculi
2779 2905 2898 2976 ejus
2947 2922 3111 2978 super
3162 2915 3352 2978 gentes
3392 2911 3570 2978 respi-

1993 2998 2168 3052 ciunt.
2201 3015 2220 3049 »
2259 2995 2392 3053 Post
2436 2996 2754 3066 hujusmodi
2811 2999 2994 3069 itaque
3041 2999 3345 3055 doctrinam
3383 3016 3572 3057 conse-

1992 3098 2225 3159 quenter
2263 3091 2520 3146 omnibus
2570 3091 2850 3162 gentibus,
2885 3099 3074 3161 utpote
3098 3106 3218 3162 quae
3251 3106 3417 3161 supra
3455 3107 3571 3146 me-

1994 3192 2205 3236 morata
2240 3181 2610 3239 edidicerunt.
2641 3189 2695 3236 et
2729 3181 2856 3235 hinc
2901 3183 3190 3238 utilitatem
3219 3191 3395 3237 nacta;
3417 3195 3568 3251 sunt,

1992 3275 2236 3344 praecipit
2265 3282 2323 3328 ut
2346 3281 2426 3327 tot
2454 3274 2841 3328 miraculorum
2871 3275 3306 3344 terribiliumque
3339 3291 3566 3346 operum

1992 3365 2254 3420 artiﬁcem
2296 3365 2638 3420 benedicant.
2703 3385 2722 3416 ι
2756 3366 3086 3434 Benedicite,
3136 3367 3335 3436 inquit,
3378 3381 3568 3439 gentes

1991 3455 2159 3512 Deum
2199 3464 2467 3511 nostrum.
2505 3478 2523 3509 ι
2558 3455 2674 3511 Νοιι
2709 3458 2991 3527 pristinos,
3023 3459 3119 3522 ait,
3151 3467 3388 3523 vestros,
3427 3475 3568 3529 quos

1989 3547 2122 3603 deos
2149 3562 2274 3602 esse
2297 3555 2548 3602 errantes
2581 3548 2894 3619 putabatis;
2942 3548 3036 3602 sed
3081 3557 3356 3614 nostrum,
3399 3565 3565 3620 quem

1989 3641 2058 3695 ab
2086 3640 2201 3696 avis
2237 3656 2410 3712 usque
2450 3642 2655 3696 nostris
2687 3639 2855 3696 Deum
2907 3641 3287 3711 ascripsimus,
3327 3643 3566 3698 scientes

1990 3731 2137 3786 hunc
2179 3747 2366 3786 verum
2408 3747 2531 3788 esse
2581 3731 2770 3786 Deum.
2824 3731 2980 3786 Nunc
3006 3733 3190 3802 igitur,
3250 3733 3466 3789 etiamsi
3512 3735 3565 3789 id

1989 3825 2143 3896 prius
2168 3839 2276 3880 non
2309 3823 2571 3889 feceritis,
2603 3841 2698 3880 vos
2721 3841 2939 3895 quoque
2973 3825 3297 3881 benedicite.
3329 3825 3565 3882 Benedi-

1988 3927 2174 3974 centes
2205 3924 2386 3972 autem
2410 3925 2464 3974 et
2501 3917 2788 3974 laudantes
2820 3919 2972 3972 illum
3005 3925 3064 3972 ut
3093 3919 3270 3974 solum
3295 3934 3479 3973 verum
3512 3928 3567 3974 et

1987 4021 2335 4063 communem
2383 4012 2629 4062 omnium
2673 4015 2785 4061 tam
2831 4017 3081 4062 nostrum
3116 4021 3279 4076 quam
3321 4013 3564 4063 vestrum

1987 4098 2180 4165 Deum,
2229 4115 2298 4155 ne
2344 4101 2534 4165 tacite,
2576 4115 2684 4155 neu
2713 4098 2954 4155 demissa
2995 4114 3130 4153 voce
3167 4099 3220 4153 id
3264 4099 3436 4169 agite;
3469 4098 3565 4153 sed

1986 4206 2111 4246 cum
2162 4192 2333 4245 multa
2379 4191 2576 4246 ﬁducia
2622 4199 2676 4246 et
2726 4189 3078 4254 conﬁdentia,
3122 4189 3230 4243 alta
3266 4205 3398 4244 voce
3446 4204 3563 4242 ma-

1983 4283 2215 4352 gnisque
2264 4281 2596 4336 clamoribus
2661 4279 2918 4346 utimini,
2972 4290 3033 4333 ut
3091 4279 3281 4334 laudes
3330 4294 3360 4331 a
3412 4276 3565 4333 vobis

1985 4370 2098 4426 Deo
2146 4372 2362 4427 emissa:
2411 4371 2576 4427 etiam
2614 4371 2683 4426 ab
2731 4373 3007 4426 extraneis
3054 4370 3368 4442 audiantur,
3413 4367 3561 4438 quod

1984 4464 2148 4519 etiam
2211 4461 2468 4518 Servator
2534 4462 2620 4515 bis
2678 4462 2860 4517 verbis
2925 4461 3279 4516 declarabat:
3352 4479 3370 4510 ι
3401 4459 3562 4527 Quod

1984 4555 2108 4610 dico
2155 4554 2312 4610 vobis
2349 4554 2404 4608 in
2433 4552 2696 4620 tenebris,
2739 4553 2905 4607 dicite
2945 4552 3000 4605 iu
3041 4551 3268 4617 lumine,
3317 4562 3371 4608 et
3415 4553 3563 4622 quod

1987 4649 2040 4702 in
2078 4662 2210 4702 aure
2257 4646 2478 4706 auditis,
2535 4644 2826 4716 prazdicate
2871 4659 3035 4714 super
3077 4652 3222 4700 tecta
3245 4645 3309 4697 ⁶⁵.
3343 4665 3362 4698 ι
3425 4644 3562 4700 lluic

1986 4741 2153 4811 igitur
2207 4739 2496 4795 sententiae
2561 4736 2718 4792 aliine
2775 4737 2881 4792 hoc
2940 4737 3148 4792 dictum
3222 4747 3307 4793 est
3361 4756 3374 4793 :
3436 4758 3454 4791 ι
3497 4737 3562 4791 Et

1985 4831 2224 4887 auditam
2278 4830 2441 4886 facile
2488 4846 2674 4885 vocem
2709 4830 2889 4886 laudis
2919 4831 3074 4900 ejus;
3119 4850 3138 4882 ι
3183 4833 3319 4896 sive,
3357 4845 3558 4887 secun-

1983 4925 2112 4982 dum
2147 4923 2535 4995 Symmachum
2574 4941 2587 4977 :
2626 4942 2644 4974 t
2674 4923 2928 4977 Auditam
2960 4922 3126 4977 facite
3151 4937 3341 4978 vocem
3372 4923 3560 4996 hymni

1981 5019 2120 5088 ejus.
2163 5036 2181 5068 ι
2223 5017 2407 5071 Mirari
2442 5031 2609 5086 porro
2632 5016 2782 5070 subit
2815 5017 2908 5084 qui
2959 5015 3216 5086 impletus
3250 5016 3338 5070 hic
3378 5031 3560 5072 sermo

1982 5106 2168 5168 fuerit,
2195 5105 2413 5176 quando
2442 5118 2538 5174 per
2573 5105 3134 5170 universum_orbem,
3163 5107 3216 5160 in
3238 5108 3433 5163 medits
3466 5124 3559 5161 ur-

1984 5199 2164 5262 bibus,
2203 5198 2257 5250 in
2283 5197 2450 5263 vicis,
2484 5197 2540 5251 in
2583 5198 2729 5268 agris
2776 5213 2873 5267 per
2920 5199 3205 5254 universas
3249 5198 3343 5254 Dei
3373 5198 3560 5253 Eccle-

1987 5291 2122 5356 sias,
2153 5288 2362 5345 Christi
2391 5289 2582 5360 populi
2623 5305 2691 5346 ex
2733 5291 3012 5346 universis
3046 5291 3298 5362 gentibus
3338 5289 3555 5352 delecti,

1988 5383 2224 5454 hymnos
2243 5394 2298 5436 et
2333 5381 2596 5451 psalmos,
2631 5397 2740 5437 non
2767 5383 2961 5452 patriis
2996 5383 3104 5438 diis
3126 5421 3141 5446 ,
3185 5395 3292 5435 non
3330 5378 3425 5432 Dei
3455 5377 3561 5430 ini-

1987 5475 2146 5531 micis
2166 5474 2544 5542 daamonibus;
2577 5474 2672 5530 sed
2700 5476 2795 5529 uni
2834 5473 2944 5530 Deo
2989 5492 3021 5528 a
3055 5471 3331 5544 prophetis
3368 5469 3560 5542 praedi-

1990 5576 2134 5636 cato,
2163 5569 2273 5623 alta
2305 5569 2564 5624 emittunt
2595 5584 2747 5634 voce,
2779 5569 2851 5622 ita
2893 5576 2951 5623 ut
2977 5564 3323 5637 psallentium
3342 5578 3446 5619 vox
3474 5580 3558 5650 vel

357 5743 806 5820 "puerulus.
881 5747 1088 5820 "ima.
1132 5748 1185 5804 5.
1263 5749 1470 5807 “Ibid.
1522 5750 1571 5804 7.
1649 5751 1864 5809 "Psal.

1992 5794 2003 5820 ,
2040 5755 2130 5809 35.
2205 5755 2249 5786 ⁸⁸
2284 5751 2418 5810 Ibid.
2476 5751 2563 5808 45.
2644 5752 2688 5784 ⁸³
2716 5749 2872 5806 Deut.
2915 5762 3088 5810 xxx",
3113 5743 3202 5801 52.
3282 5746 3324 5777 ⁸⁸
3355 5745 3564 5803 Ιεγειηι

289 5832 356 5872 ιι.
383 5818 475 5872 2|.
555 5817 600 5849 “
630 5817 818 5878 Matth.
856 5819 1019 5886 x,27.
