4062 6208
449 304 549 360 859

1179 307 1454 363 unseen
1489 306 1971 364 CESARIENSIS
2004 309 2150 367 ore.
2193 291 2373 366 prius
2413 312 2500 365 ιιι.
2541 340 2613 352 -
2642 307 3054 364 EXEGE’I‘ICA.

3589 308 3685 362 660

448 416 628 481 abiis
666 425 760 494 qui
805 423 937 479 foris
975 425 1285 482 consistunt
1333 428 1624 496 audiatur;
1659 437 1717 482 ut
1770 445 2009 500 praesen-3

2116 449 2216 484 των
2279 430 2386 484 τῶν
2450 429 2619 485 ἐθνῶν
2679 427 3103 499 συνειλεγμένοι,
3159 426 3285 488 τοὺς
3336 423 3537 495 ὕμνους
3600 428 3683 479 καὶ

448 532 626 573 sermo
673 531 836 586 Opere
885 518 1266 586 compleatur:
1307 536 1324 568 ι
1365 517 1716 587 Benedicite,
1775 530 1962 591 gentes
1992 562 2008 586 ,

447 605 614 664 Deum
655 616 944 674 nostrum,
988 617 1043 665 et
1079 610 1320 664 auditam
1383 610 1545 667 facite
1601 626 1787 667 vocem
1838 614 2015 670 laudis

445 699 580 768 ejus.
621 718 641 750 ι
671 697 905 753 Additur
927 707 1116 770 postea
1146 719 1159 755 :
1194 719 1212 752 ι
1244 699 1346 767 Qui
1367 703 1547 771 posuit
1577 703 1812 756 animam
1840 719 2014 758 meam

444 790 504 843 ad
565 788 770 854 vitam,
806 795 860 845 et
911 805 1018 846 non
1065 789 1216 847 dedit
1269 794 1324 847 in
1377 793 1798 849 commotionem
1850 795 2014 864 pedes

443 895 609 935 meos.
657 900 676 932 ι
717 878 824 935 Pro
859 880 952 942 illo
981 889 1190 945 autem,
1227 903 1245 934 ‹
1284 883 1528 938 animam
1553 900 1751 949 meam,
1776 886 2011 946 animam

444 982 710 1039 nostram,
756 992 775 1026 ›
823 973 1020 1043 reliqui
1082 990 1274 1031 omnes
1322 976 1649 1045 interpretes
1687 977 2010 1034 ediderunt:

443 1075 504 1116 ac
538 1078 756 1118 rursum
787 1079 886 1135 pro
911 1063 1022 1133 illo,
1061 1083 1079 1116 ι
1123 1065 1288 1135 pedes
1321 1083 1494 1134 meos,
1544 1069 1712 1138 pedes
1731 1077 1950 1126 nostros
1990 1090 2009 1124 ι

443 1155 569 1209 item
598 1169 788 1210 omnes
821 1157 1160 1226 interpretati
1198 1168 1345 1212 sunt.
1377 1157 1496 1214 Non
1529 1168 1771 1225 tantum,
1806 1161 2012 1232 inquit,

444 1259 541 1314 pro
572 1245 815 1314 antiquis
848 1247 958 1303 illis
1002 1248 1094 1303 Dei
1149 1250 1429 1318 operibus,
1459 1267 1582 1321 quae
1629 1268 1794 1324 supra
1828 1252 2014 1311 decla-

447 1345 563 1390 rata
597 1346 749 1403 sunt,
788 1339 1048 1410 hymnum
1092 1342 1196 1410 ipsi
1231 1351 1283 1398 et
1315 1344 1506 1400 laudes
1533 1348 1796 1413 emittite;
1829 1347 1925 1403 sed
1946 1348 2018 1404 ob

443 1428 704 1484 beneﬁcia
759 1431 918 1487 nobis
964 1433 1117 1502 ipsis,
1150 1433 1244 1504 qui
1287 1435 1418 1490 talia
1465 1437 1762 1508 loquimur,
1799 1437 2012 1495 Collata.

443 1519 888 1592 Quandoquidem
929 1525 1074 1580 enim
1108 1527 1274 1596 pedes
1309 1537 1549 1593 nostros,
1588 1531 1744 1587 valde
1789 1547 2016 1588 curren-

443 1618 547 1672 trs.
599 1622 784 1685 utpote
819 1615 912 1686 qui
956 1618 1112 1672 vobis
1165 1620 1424 1676 omnibus
1471 1624 1724 1692 gentibus
1777 1627 2017 1684 salutare

443 1702 793 1776 Evangelium
851 1709 1237 1778 praedicemus,
1293 1712 1645 1780 confortavit,
1684 1726 1738 1772 et
1783 1718 1839 1772 in
1890 1720 2016 1774 vitae

2116 523 2214 588 τὰς
2266 523 2603 594 ψαλμῳδίας,
2633 522 2733 576 οὐκ
2775 522 2866 574 ἐπὶ
2895 523 3006 584 τοῖς
3058 517 3329 589 πατρῴοις
3374 517 3536 580 Θεοῖς,
3572 519 3683 571 οὐδὲ

2114 619 2227 681 τοῖς
2282 616 2569 688 θεομάχοις
2618 613 2856 686 δαίμοσι,
2891 613 3036 685 μόνῳ
3055 612 3110 665 δὲ
3134 609 3209 680 τῷ
3236 608 3384 680 παρὰ
3417 610 3528 674 τοῖς
3564 627 3683 678 προ-

2116 712 2316 782 φήταις
2375 707 2777 778 θεολογουμένῳ
2829 706 2966 778 μετά
3015 704 3256 776 μεγάλης
3312 702 3683 772 ἀναπέμπουσι

2118 803 2268 874 βοῆς,
2291 802 2367 866 ὡς
2397 802 2626 866 καὶτοῖς
2651 801 2806 864 ἐκτὸς
2831 798 3055 853 ἑστῶσιν
3082 797 3402 865 ἐξάκουστον
3426 789 3564 848 εἶναι
3586 792 3688 846 τῶν

2114 894 2422 965 ψαλλόντων
2470 893 2568 966 τὴν
2619 895 2801 964 φωνήν
2821 911 2832 923 ·
2868 892 3014 965 ἔργῳ
3044 888 3416 960 πληρουμένου
3470 886 3562 940 τοῦ
3592 887 3692 957 φά-

2118 1005 2336 1049 σκοντος
2369 985 2604 1040 ἐνταῦθα
2635 986 2813 1055 λογίου
2832 1002 2844 1013 °
2880 1005 2896 1037 ι
2931 983 3238 1051 Εὐλογεῖτε,
3269 980 3417 1051 ἔθνη,
3440 980 3532 1034 τὸν
3563 980 3692 1034 Θεὸν

2117 1077 2294 1150 ἡμῶν,
2327 1078 2421 1130 καί
2453 1077 2772 1129 ἀκουτίσατε
2816 1075 2914 1146 τὴν
2963 1073 3144 1143 φωνὴν
3178 1071 3276 1140 τῆς
3317 1070 3573 1131 αἰνέσεως
3600 1069 3694 1124 αύ-

2115 1168 2230 1222 τοῦ.
2264 1188 2281 1220 ι
2320 1164 2434 1222 Εἶθ’
2463 1167 2591 1238 ἑξῆς
2618 1168 2909 1238 συνῆπται’
2953 1183 2971 1216 ι
3002 1163 3108 1217 Τοῦ
3140 1162 3366 1233 θεμένου
3395 1161 3491 1231 τὴν
3519 1161 3694 1232 ψυχήν

2120 1277 2222 1331 μου
2264 1262 2344 1324 εἰς
2395 1259 2560 1331 ζωὴν,
2588 1259 2683 1313 καὶ
2719 1256 2795 1330 μὴ
2821 1257 3002 1320 δόντος
3043 1258 3122 1320 είς
3159 1254 3318 1308 σάλον
3363 1254 3487 1317 τοὺς
3531 1253 3693 1316 πόδας

2121 1369 2240 1423 μου.
2255 1370 2273 1403 ι
2295 1350 2438 1404 Ἀντὶ
2461 1350 2516 1404 δὲ
2540 1349 2656 1414 τοῦ,
2681 1369 2698 1402 ι
2717 1351 2816 1420 τὴν
2829 1349 3006 1420 ψυχήν
3027 1346 3260 1420 μου,τὴν
3281 1345 3457 1418 ψυχὴν
3483 1345 3651 1416 ἡμῶν,
3667 1365 3685 1397 ι

2116 1442 2164 1492 oi
2192 1440 2367 1494 λοιποὶ
2398 1440 2598 1503 πάντες
2629 1439 2959 1510 ὲρμηνευταὶ
2991 1436 3348 1491 ὲκδεδώκασι·
3409 1437 3500 1489 καὶ
3532 1436 3690 1490 πάδιν

2117 1533 2255 1596 ἀντὶ,
2296 1552 2313 1584 ι
2334 1531 2644 1596 τούςνπόδας
2662 1550 2785 1604 μου,
2820 1532 2943 1594 τοὺς
2973 1529 3137 1593 πόδας
3171 1529 3346 1600 ἡμῶν,
3370 1547 3387 1579 ι
3426 1528 3618 1599 ὁμοίως
3641 1530 3689 1581 οἱ

2119 1627 2316 1690 πάντες
2353 1626 2729 1697 ήρμήνευσαν.
2763 1623 2855 1696 Μὴ
2882 1621 2990 1694 γὰρ
3024 1623 3114 1676 ἐπὶ
3140 1625 3252 1686 τοῖς
3287 1621 3557 1686 παλαιοῖς,
3587 1638 3691 1691 φη-

2122 1719 2195 1779 σ“ι,
2229 1720 2407 1790 μόνοις
2441 1717 2623 1789 ἔργοις
2649 1716 2743 1770 τοῦ
2773 1715 2929 1779 Θεοῦ,
2957 1714 2992 1768 ἃ
3012 1714 3098 1767 διὰ
3118 1715 3225 1767 τῶν
3249 1713 3554 1786 ἔμπροσθεν
3578 1712 3698 1784 ἐδη-

442 1795 678 1861 deﬂuxu,
738 1799 926 1856 obices
970 1816 1252 1867 amovens,
1312 1807 1549 1860 servavit
1607 1808 2013 1878 inconeussos;

2117 1812 2293 1875 λοῦτο,
2333 1811 2424 1864 τὸν
2453 1809 2620 1882 ὕμνον
2642 1807 2789 1881 αὐτῷ
2816 1807 2910 1859 καὶ
2938 1805 3037 1870 τὰς
3065 1806 3297 1870 αίνέσεις
3325 1806 3696 1876 ἀναπέμπετεσ

442 1889 739 1961 multisque
777 1892 974 1948 animae
1028 1903 1232 1951 nostrae
1275 1897 1688 1966 insidiantibus,
1731 1905 1849 1972 ipse
1895 1906 2015 1972 ejus

445 1988 695 2036 servator
728 1990 782 2038 et
803 1995 992 2045 custos
1027 1984 1129 2040 fuit
1159 2004 1172 2040 :
1208 2003 1400 2044 eorum
1453 1990 1636 2062 itaque
1671 1993 1841 2062 gratia
1877 2013 1895 2043 ο
1924 1995 2018 2049 be-

441 2071 695 2136 nedicite,
720 2083 932 2144 gentes,
961 2075 1135 2133 Deum
1165 2088 1440 2152 nostrum,
1468 2093 1523 2139 et
1560 2085 1803 2142 auditam
1854 2086 2017 2158 facite

442 2177 627 2219 vocem
656 2165 832 2223 laudis
863 2167 1004 2238 ejus.
1045 2190 1063 2223 ι
1099 2169 1224 2226 Haec
1257 2188 1422 2244 porro
1451 2191 1516 2231 ex
1546 2193 1783 2248 persona
1810 2196 2017 2250 praeco-

441 2271 570 2315 num
623 2259 899 2332 Evangelii
946 2263 1236 2322 manifeste
1282 2269 1542 2338 praedicta
1577 2283 1725 2337 sunt,
1780 2290 2014 2344 quorum

441 2369 660 2408 cursum
687 2354 995 2426 pedumque
1027 2358 1284 2414 virtutem
1320 2362 1511 2429 Isaias,
1538 2364 1648 2421 imo
1670 2369 1852 2436 potius
1890 2367 2014 2440 Spi-

442 2447 581 2500 ritus
633 2454 858 2502 sanctus
914 2463 1010 2518 per
1060 2449 1239 2520 ipsum
1287 2452 1598 2520 declarans,
1658 2459 2017 2515 mirabundus

441 2536 779 2592 acclamabat
816 2558 828 2593 :
867 2557 884 2590 ι
923 2539 1096 2606 Quam
1144 2543 1375 2612 speciosi
1430 2545 1597 2616 pedes
1639 2551 2018 2621 evangelizan-

441 2628 572 2682 tium
621 2628 784 2694 bona,
811 2633 1304 2702 evangelizantium
1341 2651 1528 2707 pacem
1554 2640 1598 2670 ⁸⁸
1628 2642 1639 2693 !
1674 2661 1691 2692 ι
1745 2641 2013 2708 Quoniam

441 2720 605 2792 igitur
647 2723 836 2779 multis
889 2723 1170 2782 laboribus
1195 2727 1488 2797 perfuncti,
1518 2741 1573 2786 et
1613 2733 1681 2786 ab
1718 2735 2016 2791 incredulis

440 2813 691 2882 gentibus
734 2817 1079 2873 vexationem
1108 2858 1122 2881 ,
1171 2822 1410 2886 vincula,
1456 2839 1709 2882 carceres
1759 2836 1813 2882 et
1857 2843 2018 2884 omne

441 2904 764 2959 insidiarum
808 2925 980 2977 genus
1020 2913 1286 2980 perpessi,
1346 2913 1716 2974 immutabiles
1763 2935 2017 2989 perman-

440 3011 589 3062 sere;
620 2995 746 3066 jure
775 3013 901 3052 eum
931 3001 1026 3070 qui
1066 3002 1201 3071 ipsis
1242 3003 1388 3060 vires
1427 3006 1734 3072 addiderat,
1770 3010 1862 3079 qui
1900 3013 2017 3064 ani-

440 3101 584 3142 mam
610 3087 855 3159 ipsorum
882 3091 950 3146 ad
977 3093 1146 3148 vitam
1187 3098 1546 3161 custodierat,
1580 3110 1637 3153 ut
1667 3117 1737 3155 ne
1784 3102 1837 3156 in
1888 3119 2014 3172 pec-

439 3179 548 3234 cati
579 3188 809 3237 mortem
841 3183 1151 3254 laberetur;
1186 3188 1277 3259 qui
1310 3190 1476 3258 pedes
1504 3191 1689 3248 ﬁrmos
1711 3201 2011 3260 statuerat,

440 3289 508 3329 ne
536 3277 980 3345 commotionem,
1013 3296 1121 3335 neu
1150 3281 1362 3352 lapsum
1409 3283 1493 3338 vel
1525 3283 1740 3338 ruinam
1771 3295 2021 3356 pateren-

440 3373 550 3430 tur,
582 3381 773 3425 omnes
825 3379 1015 3440 gentes
1054 3372 1378 3430 benedicere
1409 3375 1626 3444 jubent,
1674 3384 1730 3432 et
1775 3378 2016 3432 auditam

441 3457 620 3514 facere
655 3475 844 3516 vocem
887 3461 1066 3520 laudis
1095 3465 1255 3534 ejus;
1289 3482 1397 3520 non
1429 3475 1638 3522 tantum
1674 3485 1772 3540 pro
1799 3470 2019 3525 mirabi-

439 3550 586 3607 libus
645 3554 1097 3626 terribilibusque
1145 3557 1255 3614 illis
1303 3559 1547 3631 antiquis
1593 3562 1889 3632 operibus;
1921 3563 2016 3619 sed

438 3645 604 3700 etiam
632 3663 732 3716 pro
766 3651 1080 3709 recentibus
1110 3651 1424 3719 beneficiis,
1461 3655 1618 3724 queis
1656 3655 1895 3711 animam
1924 3672 2018 3710 eo-

443 3754 562 3793 rum
588 3742 684 3811 qui
710 3743 838 3797 talia
870 3745 1226 3814 loquerentur
1268 3747 1337 3800 ad
1375 3749 1544 3802 vitam
1582 3750 1802 3819 posuit,
1841 3766 2017 3821 neque

437 3831 585 3885 dedit
606 3831 660 3885 in
693 3834 1113 3891 commotionem
1139 3836 1307 3907 pedes
1329 3838 1593 3908 ipsorum.
1617 3838 1798 3906 Quare
1821 3856 2017 3896 secun-

438 3919 568 3974 dum
597 3917 986 3992 Symmachum
1013 3925 1298 3994 pluraliter
1324 3927 1529 3983 dicitur
1554 3947 1568 3984 :
1608 3949 1626 3981 ι
1651 3929 1757 3997 Qui
1790 3932 2015 3986 ordina-

439 4013 518 4065 vit
560 4014 798 4069 animam
836 4025 1084 4074 nostram
1127 4018 1198 4073 ad
1250 4020 1443 4089 vitam,
1497 4031 1552 4078 et
1591 4039 1702 4078 non
1727 4022 1877 4079 dedit
1909 4024 2016 4080 labi

440 4104 606 4174 pedes
639 4115 879 4164 nostros.
924 4128 943 4162 ι

2117 1904 2250 1959 ἀλλά
2284 1905 2375 1977 καὶ
2406 1903 2494 1958 διά
2520 1903 2617 1967 τὰς
2647 1904 2727 1965 είς
2759 1902 2909 1972 ἡμᾶς
2941 1901 3139 1964 αὐτοὺς
3166 1901 3292 1963 τοὺς
3319 1899 3490 1953 ταῦτα
3510 1899 3697 1968 λέγον-

2115 2014 2213 2059 τας
2247 1994 2582 2066 εὐεργεσίας.
2602 1990 2818 2062 Ἐπειδὴ
2863 1990 2970 2061 γὰρ
3001 1991 3126 2053 τοὺς
3155 1989 3454 2060 ἡμετέρους
3509 1987 3694 2052 πόδας,

2116 2087 2285 2142 πολλὰ
2317 2087 2642 2160 δραμόντας,
2676 2084 2815 2137 ὥστε
2842 2086 3004 2137 πᾶσιν
3026 2083 3153 2153 ὑμῖν
3184 2085 3296 2143 τοῖς
3327 2081 3499 2134 ἔθνεσι
3527 2079 3696 2152 κηρύ-

2118 2176 2205 2242 ξαι
2229 2176 2288 2231 τὸ
2319 2177 2582 2247 σωτήριον
2613 2173 2965 2242 Εὐαγγέλιον,
2990 2171 3357 2242 ὲδυνάμωσεν,
3382 2169 3612 2239 ὲιρύλαξέ
3638 2187 3694 2223 τε

2116 2267 2507 2340 ἁδιατρέπτους
2541 2268 2598 2320 ὲν
2626 2269 2737 2329 τοῖς
2781 2264 2876 2318 τοῦ
2913 2264 3027 2335 βίου
3065 2263 3299 2335 ῥεύμασι
3347 2263 3415 2316 τά
3447 2259 3696 2333 ἐμποδὼν

2117 2360 2412 2431 κωλύματα
2453 2356 2745 2429 περιελών·
2793 2356 3003 2410 πολλῶν
3046 2373 3104 2408 τε
3136 2357 3199 2427 τῇ
3226 2354 3370 2426 ψυχῇ
3397 2355 3555 2426 ἡμῶν
3584 2358 3694 2407 ἐπι-

2117 2453 2498 2515 ϐουλευόντων,
2519 2450 2682 2514 αὐτὸς
2701 2449 2907 2520 ταύτης
2937 2448 3120 2520 σωτὴρ
3148 2447 3241 2501 καὶ
3265 2446 3436 2516 φύλαξ
3461 2447 3693 2514 ἐγένετοο

2117 2542 2427 2596 καὶτούτων
2477 2540 2653 2595 αὐτῶν
2689 2541 2851 2594 ἕνεκα
2889 2559 2907 2591 ι
2959 2539 3250 2608 εὐλογεῖτε,
3285 2537 3537 2610 ἔθνη,τὺν
3565 2538 3692 2591 Θεὸν

2115 2635 2291 2707 ἡμῶν,
2322 2636 2417 2688 καὶ
2463 2633 2783 2688 άκουτίσατε
2826 2633 2924 2704 τὴν
2976 2631 3158 2702 φωνὴν
3191 2631 3289 2702 τῆς
3317 2631 3575 2693 αἰνέσεως
3606 2630 3690 2683 αὐ.

2117 2727 2229 2781 τοῦ.
2266 2747 2284 2777 ι
2318 2725 2501 2780 Ταῦτα
2527 2725 2582 2779 δὲ
2608 2725 2866 2796 ἄντικρυς
2889 2726 2954 2778 ὲκ
2982 2723 3275 2796 προσώπου
3303 2723 3410 2775 τῶν
3439 2721 3690 2794 κηρύκωι

2115 2821 2208 2874 τοῦ
2239 2817 2569 2889 Εὐαγγελίου
2617 2820 3070 2888 προανεφωνεῖτο,
3097 2809 3170 2869 ὧν
3220 2814 3312 2867 τὸν
3363 2814 3560 2886 δρόμον
3602 2815 3688 2869 καλ

2115 2912 2223 2965 τῶν
2252 2911 2425 2965 ποδῶν
2447 2911 2545 2982 τὴν
2566 2910 2768 2982 ἀρετὴν
2807 2910 3060 2972 Ἡσαΐας,
3093 2906 3292 2980 μᾶλλον
3313 2907 3369 2960 δὲ
3391 2907 3450 2960 τὸ
3476 2907 3688 2978 Πνεῦμα

2116 3005 2176 3057 τὸ
2205 3003 2358 3072 ἆγιον
2385 3003 2451 3055 δι’
2475 3002 2639 3056 αὐτοῦ
2673 3002 3059 3074 ἀποθαυμάζον
3085 3000 3213 3053 ὲδόα
3231 3017 3243 3029 ·
3274 3019 3292 3050 ι
3317 3000 3403 3062 Ὠς
3427 2999 3619 3071 ὡραῖοι
3648 2998 3689 3049 oi

2120 3098 2279 3161 πόδες
2314 3098 2422 3153 τῶν
2459 3093 2960 3167 εὐαγγελιζομένων
2988 3091 3188 3162 ἀγαθὰ,
3223 3091 3330 3144 τῶν
3357 3087 3679 3159 εὐαγγελιζο

2121 3190 2294 3263 μένων
2330 3191 2584 3264 εἰρήνηνῑ
2626 3210 2645 3241 ι
2683 3190 2837 3242 Ἐπει
2884 3186 3083 3248 τοίνυν,
3118 3184 3288 3238 πολλά
3333 3183 3688 3255 κεκμηκότες.

2120 3287 2214 3340 καὶ
2251 3285 2377 3349 τοὺς
2412 3287 2475 3338 ὲκ
2523 3283 2631 3337 τῶν
2662 3283 2906 3336 ἀπίστων
2940 3279 3108 3334 ἐθνῶν
3149 3278 3420 3348 διωγμοὺς
3472 3274 3680 3345 ὑπομεί-

2115 3391 2323 3443 ναντες,
2348 3378 2523 3449 δεσμά
2553 3395 2612 3431 τε
2651 3376 2746 3430 καὶ
2785 3373 3033 3445 φυλακὰς
3057 3372 3152 3426 καὶ
3179 3371 3440 3433 παντοίας
3477 3369 3676 3422 ὲπιϐου

2115 3469 2230 3533 λάς,
2266 3468 2613 3540 ἀδιάτρεπτοι
2642 3467 3009 3538 μεμενήκασιν
3033 3481 3046 3496 ·
3075 3464 3300 3526 εἰκότως
3325 3461 3419 3514 τὸν
3450 3457 3689 3530 δυναμώ-

2118 3578 2286 3614 σαντα
2306 3561 2523 3624 αὐτοὺς,
2545 3561 2638 3613 καὶ
2660 3559 2758 3631 τὴν
2786 3558 2884 3628 μὲν
2902 3557 3080 3630 ψυχὴν
3104 3560 3182 3621 εἰς
3203 3555 3346 3628 ζωὴν
3368 3555 3691 3626 φυλάξαντα,

2114 3651 2191 3714 ὡς
2241 3651 2316 3721 μὴ
2366 3651 2616 3702 ἐκπεσεῖν
2664 3647 2834 3719 αὐτὴν
2862 3648 2942 3713 εἰς
2973 3647 3064 3701 τὸν
3102 3647 3200 3718 τῆς
3231 3647 3496 3718 ἁμαρτίας
3529 3644 3686 3698 θάνα-

2111 3761 2224 3807 τον,
2262 3743 2389 3806 τοὺς
2420 3742 2478 3795 δὲ
2509 3741 2677 3805 πόδας
2714 3740 2891 3795 αὐτῶν
2936 3741 3194 3812 στερροὺς
3243 3737 3684 3809 ἀπεργασάμενον

2115 3835 2250 3910 πρὸς
2280 3822 2340 3888 τὸ
2373 3834 2447 3905 μὴ
2475 3833 2634 3887 σάλον
2663 3833 2971 3904 ὑπομεῖναι,
3012 3832 3144 3904 μηδὲ
3190 3831 3394 3885 ὄλισθον
3421 3830 3515 3882 καὶ
3545 3829 3686 3882 πτῶ-

2116 3946 2219 3992 σιν,
2245 3926 2483 3996 εὐλογεῖν
2518 3928 2653 3980 πᾶσι
2685 3929 2798 3990 τοῖς
2839 3925 3014 3979 ἔθνεσι
3061 3924 3542 3997 παρακελεύονται,
3570 3920 3689 3986 tici-

2115 4021 2337 4075 κουστόν
2378 4037 2441 4089 γε
2492 4022 2663 4073 ποιεῖν
2715 4017 2812 4090 τὴν
2861 4019 3044 4090 φωνὴν
3077 4017 3177 4085 τῆς
3212 4018 3469 4080 αἰνέσεως
3510 4014 3696 4079 αὐτοῦ,

2114 4115 2213 4168 οὐκ
2256 4113 2349 4167 ἐπὶ
2399 4112 2578 4184 μόνοις
2627 4113 2739 4175 τοῖς
2788 4110 3039 4173 παλαιοῖς
3065 4110 3228 4164 αὐτοῦ
3256 4109 3578 4180 παραδόξοις
3607 4109 3707 4164 καὶ

437 4207 690 4279 φοϐεροῖς
710 4206 911 4278 ἔργοις,
945 4206 1082 4260 ἀλλὰ
1105 4208 1198 4261 καὶ
1232 4207 1322 4262 ἐπὶ
1351 4211 1463 4273 τοῖς
1491 4209 1631 4272 νέοις
1655 4210 1901 4279 ἀγαθοῖς,
1930 4211 2017 4281 ἐφ’
2055 4204 2135 4274 οἷς
2197 4209 2294 4280 τὴν
2327 4207 2503 4279 ψυχὴν
2565 4206 2674 4260 τῶν
2705 4203 2881 4259 ταῦτα
2904 4205 3167 4274 λεγόντων
3213 4204 3366 4258 ἔθετο
3407 4206 3488 4268 εἰς
3532 4205 3704 4276 ζωὴν,

440 4305 514 4378 μὴ
555 4305 680 4368 δοὺς
729 4305 810 4368 είς
857 4304 1016 4359 σάλον
1080 4306 1207 4370 τοὺς
1270 4305 1437 4369 πόδας
1466 4305 1664 4361 αὐτῶν.
1700 4306 1790 4360 Διὸ
1823 4306 1964 4360 κατά
1989 4305 2080 4360 τὸν
2119 4305 2410 4375 Σύμμαχον
2440 4301 2817 4374 πληθυντικῶς
2851 4300 3086 4372 εἴρηταιν
3133 4318 3152 4351 ι
3179 4299 3286 4353 Τοῦ
3316 4299 3578 4367 τάξαντος
3601 4299 3706 4370 τὴν

435 4396 610 4470 ψυχὴν
642 4399 674 4466 ἡ
685 4397 801 4468 μῶν
829 4397 908 4461 εἰς
935 4394 1100 4470 ζωὴν,
1128 4399 1222 4452 καὶ
1252 4399 1326 4471 μὴ
1358 4398 1540 4463 δόντος
1587 4399 1854 4471 σφαλῆναι
1884 4401 2010 4463 τοὺς
2049 4399 2216 4461 πόδας
2242 4396 2417 4468 ἡμῶν.

507 4508 674 4567 Vens.
709 4511 900 4566 1045.
935 4530 954 4563 ι
985 4511 1252 4580 Quoniam
1283 4514 1524 4585 probasti
1555 4530 1674 4583 nos,
1702 4515 1865 4582 Deus,
1889 4517 2013 4588 igne

2192 4533 2209 4564 ι
2225 4514 2346 4565 Ὅτι
2368 4509 2692 4580 ἐδοκίμασας
2711 4507 2878 4578 ἡμᾶς,
2899 4507 2928 4560 ὀ
2949 4505 3099 4570 Θεὸς,
3118 4505 3408 4577 ὲπύρωσας
3432 4503 3603 4575 ἡμᾶς,
3623 4501 3702 4564 ὡς

437 4616 540 4658 nos
585 4604 910 4658 examinasti
937 4645 954 4667 ,
988 4606 1131 4661 sicut
1165 4607 1510 4662 examinatur
1539 4615 1846 4679 argentum.
1889 4627 1907 4660 ι
1948 4607 2012 4661 Ει

437 4694 555 4748 haec
582 4705 982 4766 consequenter
1011 4697 1077 4752 ad
1108 4699 1395 4770 superiora
1424 4701 1569 4755 dicta
1602 4709 1752 4756 sunt.
1784 4700 2012 4772 Oporte-

437 4786 531 4842 bat
556 4787 700 4842 enim
731 4787 948 4843 edoceri
983 4805 1086 4844 nos
1114 4803 1224 4861 quo
1265 4802 1424 4862 pacto
1480 4793 1625 4849 Deus
1661 4794 1907 4863 posuerit
1941 4795 2010 4849 ad

437 4877 602 4933 vitam
633 4879 869 4934 animam
893 4895 1082 4936 eorum
1111 4883 1205 4952 qni
1232 4884 1345 4938 haec
1367 4884 1633 4950 dicerent,
1661 4893 1715 4939 et
1737 4885 2012 4955 quomodo

438 4971 603 5044 pedes
632 4987 822 5027 eorum
873 4989 983 5028 non
1030 4973 1243 5031 dederit
1288 4976 1344 5031 in
1395 4977 1838 5033 commotionem.
1871 4976 2008 5032 Nam

437 5064 569 5136 quid
602 5064 959 5132 admiserant,
993 5077 1053 5122 ut
1088 5085 1197 5124 non
1228 5084 1480 5140 corpore,
1522 5070 1619 5126 sed
1651 5071 1832 5125 anima
1861 5071 2009 5141 peri-

437 5159 545 5214 turi
573 5166 786 5224 essent,
812 5166 867 5214 et
898 5173 1004 5229 qua
1037 5160 1104 5216 de
1136 5175 1304 5216 causa
1334 5163 1388 5217 in
1417 5171 1630 5217 tantum
1665 5163 1892 5233 periculi
1915 5163 2012 5218 de-

437 5259 717 5317 venerant,
762 5260 822 5307 ut
863 5252 1028 5323 pedes
1067 5269 1257 5309 eorum
1300 5255 1680 5312 commovendi
1713 5263 1921 5318 essent.
1955 5256 2011 5310 id

435 5346 750 5419 singulatim
797 5355 1078 5414 enarraut,
1126 5363 1231 5402 una
1276 5347 1386 5403 Deo
1426 5350 1632 5420 gratias
1661 5358 1906 5421 agentes,
1952 5357 2007 5404 et

433 5453 620 5493 eorum
658 5453 780 5510 quae
816 5439 966 5510 passi
1014 5439 1229 5496 fuerant
1261 5441 1510 5494 notitiam
1536 5442 1862 5512 praebentes.
1884 5439 2006 5493 Pri-

435 5543 522 5583 mo
547 5530 714 5600 igitur
741 5531 912 5598 aiunt,
943 5551 962 5584 ι
986 5532 1234 5589 Probasti
1262 5548 1385 5599 nos,
1416 5532 1578 5590 Deus.
1607 5553 1626 5586 ι
1653 5532 2008 5605 thuomodo

439 5620 726 5688 probasti?
763 5622 822 5678 Id
849 5624 1123 5696 explicant
1154 5627 1397 5683 dicentes
1434 5646 1444 5680 :
1485 5645 1502 5678 ι
1545 5626 1670 5699 Igne
1730 5643 1830 5684 nos
1879 5641 2009 5683 exa-

513 5775 556 5807 “
583 5777 684 5833 lsa.
718 5794 815 5836 ιιι.
849 5782 904 5836 7.

2120 4605 2386 4679 πυροῦται
2412 4603 2472 4657 τὸ
2505 4602 2788 4674 ἀργύριον.
2823 4621 2841 4652 ι
2877 4601 2987 4655 Καὶ
3017 4599 3191 4653 ταῦτα
3218 4595 3526 4660 ἀκολούθως
3551 4597 3700 4667 εἴρη-

2116 4718 2205 4754 ται
2228 4701 2336 4762 τοῖς
2357 4695 2681 4769 ἔμπροσθεν.
2700 4693 2896 4767 Ἐχρῆν
2921 4693 3029 4765 γὰρ
3056 4693 3201 4764 ἡμᾶς
3222 4690 3554 4761 διδαχθῆναι,
3579 4687 3699 4751 πῶς

2112 4795 2140 4846 δ
2167 4791 2298 4853 Θεὸς
2325 4791 2424 4860 τὴν
2455 4789 2632 4860 ψυχὴν
2663 4787 2815 4840 ἔθετο
2836 4788 2917 4849 είς
2941 4785 3086 4858 ζωὴν
3121 4785 3228 4838 τῶν
3256 4783 3429 4837 ταῦτα
3461 4780 3700 4851 φασκόν-

2112 4904 2240 4950 των,
2273 4886 2365 4939 ml.
2391 4884 2506 4948 πῶς
2525 4883 2649 4946 τοὺς
2674 4881 2838 4945 πόδας
2862 4879 3040 4934 αὐτῶν
3069 4881 3128 4933 οὐ
3163 4877 3475 4950 παρέδωκεν
3505 4878 3584 4939 εἰς
3607 4873 3698 4928 σάο

2115 4983 2227 5036 λυν.
2259 4981 2324 5033 Τί
2350 4979 2457 5050 γὰρ
2487 4978 2750 5041 παθόντες
2785 4976 3016 5048 ἤμελλον
3045 4977 3106 5030 οὐ
3138 4975 3201 5029 τὸ
3240 4975 3419 5046 σῶμα,
3448 4972 3564 5027 ἀλλ’
3592 4972 3694 5024 αὐ-

2116 5074 2212 5145 τὴν
2238 5073 2336 5144 τὴν
2366 5071 2541 5142 ψυχὴν
2566 5068 2882 5136 ἀπολλύναι,
2914 5069 3058 5133 τίνος
3091 5068 3149 5122 δὲ
3179 5067 3472 5140 γενομένου
3496 5068 3575 5130 είς
3599 5082 3696 5118 το-

2113 5156 2299 5221 σδῦτον
2332 5166 2540 5237 ῆλασαν
2567 5162 2836 5226 κινδύνου,
2863 5161 2939 5226 ὡς
2984 5163 3108 5225 τοὺς
3142 5161 3306 5225 πόδας
3357 5161 3568 5232 μέλλειν
3595 5175 3693 5210 σα-

2109 5256 2381 5317 λεύεσθαι,
2431 5256 2571 5310 κατὰ
2620 5254 2783 5325 μέρος
2826 5253 3210 5324 διεξέρχονται,
3243 5251 3695 5324 εὐχαριστοῦντες

2113 5350 2230 5421 ἅμα
2255 5346 2334 5416 τῶ
2365 5345 2503 5416 Θεῷ,
2532 5345 2624 5399 καὶ
2655 5343 3000 5397 διδασκαλίαν
3033 5343 3348 5415 ποιούμενοι
3375 5337 3452 5396 ὧν
3479 5344 3696 5412 ὑπομε-

2117 5443 2400 5513 μενήκααι.
2437 5438 2656 5509 Πρῶτον
2671 5432 2764 5490 οὖν
2795 5452 2985 5507 φασιν·
3025 5455 3042 5488 ι
3065 5436 3424 5507 Ἐδοκίμασας
3462 5436 3637 5506 ὑμᾶς,
3669 5435 3702 5488 ό

2114 5532 2265 5596 Θεός.
2307 5551 2324 5583 ι
2358 5531 2468 5585 Καὶ
2517 5528 2633 5593 πῶς
2671 5529 3030 5600 ὲδοκίμασας;
3070 5528 3458 5600 Ἑρμηνεύουσι
3500 5526 3699 5596 λέγον-

2113 5643 2234 5690 τες·
2271 5644 2289 5676 ι
2314 5623 2631 5696 Ἑπύρωσας
2657 5623 2824 5693 ἡμᾶς,
2856 5621 2930 5685 ὡς
2961 5620 3223 5693 πυροῦται
3253 5621 3312 5675 τὺ
3342 5619 3628 5692 ἀργύριον.
3669 5636 3690 5670 ι
