4024 6210
323 358 424 415 65!

1414 346 1911 408 COMMENTARIA
1955 345 2019 400 IN
2056 341 2394 400 PSALMOS.

3461 329 3568 388 661

317 466 502 519 Φωναὶ
544 462 602 516 δὲ
641 456 818 526 αὗται,
845 464 921 528 ὡς
953 462 1109 531 ἔφην,
1145 462 1454 517 ἀποστόλων
1505 466 1597 519 καὶ
1643 463 1888 536 μαθητῶν

2001 464 2222 520 minasti
2275 462 2415 516 sicut
2467 459 2814 514 examinatur
2873 460 3178 527 argentum.
3216 471 3236 505 ι
3289 449 3382 507 Hm
3437 453 3568 521 ipsae

320 559 418 612 καὶ
465 557 865 625 εύαγγελιστῶν
904 557 1228 628 τυγχάνουσι
1278 556 1370 610 τοῦ
1422 558 1692 629 Σωτῆρος,
1717 551 1790 611 ὧν
1821 559 1898 622 είς

321 653 504 706 πᾶσαν
534 652 633 722 τὴν
663 652 765 723 γῆν
793 650 1012 723 ἐξῆλθεν
1041 651 1070 703 6
1097 649 1350 719 φθόγγος,
1375 651 1470 705 καὶ
1498 653 1578 714 εἰς
1597 651 1666 704 τά
1690 651 1902 723 πέρατα

319 746 419 814 τῆς
452 744 772 815 οἰκουμένης
800 742 868 797 τὰ
895 744 1134 814 ῥήματα.
1167 739 1290 797 Εἶεν
1316 744 1359 798 δ’
1385 743 1450 798 ἂν
1476 744 1699 798 καὶτῶν
1727 743 1896 812 ἁγίων

319 837 415 890 τοῦ
451 835 584 890 Θεοῦ
622 835 933 908 μαρτύρων,
967 835 1015 888 οῖ
1061 836 1201 890 κατά
1245 835 1474 908 μίμησιν
1515 835 1624 889 τῶν
1668 834 1900 907 πρώτων

317 929 414 982 τοῦ
448 929 696 1000 Σωτῆρος
743 926 900 999 ήμῶν
929 926 1184 999 κηρύκων
1205 927 1274 981 τά
1316 928 1406 982 ῐσα
1447 927 1810 982 πεπόνθασιν
1841 929 1898 979 ὲν

316 1016 400 1083 οἷς
446 1020 572 1084 τοὺς
616 1019 758 1090 ὑπὲρ
789 1019 1094 1082 θεοσεϐείας
1127 1019 1320 1084 ἄθλους
1344 1020 1700 1091 ἠγωνίσαντο.
1731 1020 1898 1072 Φασὶν

315 1108 415 1166 οῦν
442 1108 832 1183 ἑρμηνεύοντες
865 1111 959 1164 καὶ
982 1111 1390 1180 διασαφοῦντες,
1426 1112 1572 1176 ὅπως
1598 1111 1694 1182 τὴν
1723 1110 1899 1181 ψυχὴν

315 1202 499 1256 αὐτῶν
533 1202 687 1256 ἔθετο
717 1202 797 1266 είς
824 1201 988 1274 ζωὴν,
1015 1202 1110 1256 καὶ
1140 1203 1288 1267 ὅπως
1331 1204 1456 1267 τοὺς
1505 1203 1672 1266 πόδας
1720 1202 1898 1256 αὐτῶν

314 1295 417 1349 οὐκ
468 1295 666 1347 ἔδωκεν
713 1296 793 1358 εἰς
842 1295 1030 1348 σάλον·
1078 1295 1232 1350 «Ὅτι
1282 1295 1611 1368 ἐδοκίμασας
1657 1298 1827 1367 ἡμᾶς,
1871 1298 1900 1350 6

313 1387 466 1452 Θεὸς.
496 1387 572 1451 ὡς
597 1387 860 1458 πυροῦται
876 1386 936 1441 τὸ
963 1386 1241 1459 ἀργύριον.
1269 1406 1286 1438 ι
1305 1387 1522 1460 Ἐπειδὴ
1536 1388 1644 1460 γὰρ
1669 1389 1900 1460 ἀπείρα-

317 1495 443 1544 στος
471 1478 614 1550 ἀνὴρ
653 1477 930 1549 ἀδόκιμος,
963 1480 1183 1544 εἰκότως
1213 1479 1569 1550 ὲγγυμνάζων
1617 1482 1730 1544 τοῖς
1776 1497 1898 1533 πει-

315 1571 548 1641 ρασμοῖς
592 1568 924 1640 παραδίδωσι
976 1572 1100 1634 τοὺς
1147 1569 1380 1634 οἰκείους
1409 1572 1438 1622 6
1467 1569 1629 1633 Θεόςο
1669 1570 1767 1641 οὐχ
1814 1572 1899 1624 ἵνα

314 1661 482 1725 αὐτὸς
510 1661 624 1732 γνῷ
650 1661 821 1714 ὁποῖοί
852 1661 998 1724 τινές
1028 1663 1184 1724 εἰσιν,
1220 1660 1333 1714 ἀλλ’
1365 1662 1472 1727 ἴνα,
1508 1662 1664 1716 αὐτοὶ
1715 1680 1900 1735 πυρω-

317 1753 503 1818 θέντες
527 1753 895 1824 λαμπρότεροι
920 1754 1012 1806 καὶ
1037 1753 1410 1826 καθαρώτεροι
1438 1754 1893 1809 ἀποτελεσθῶσιν.

2000 564 2150 620 sunt,
2176 565 2236 611 ut
2277 556 2388 625 jam
2439 554 2575 616 dixi,
2623 552 3018 624 apostolorum,
3078 547 3472 618 discipulorum
3514 554 3568 599 et

1997 650 2456 722 evangelistarum
2486 647 2787 703 Salvatoris
2812 660 2997 708 voces,
3025 657 3260 714 quorum
3292 656 3462 697 sonus
3513 641 3564 694 in

1997 759 2210 799 omnem
2247 751 2450 797 terram
2480 740 2667 804 exivit,
2701 747 2754 794 et
2777 741 2834 794 in
2876 737 3013 792 lines
3036 737 3187 791 orbis
3213 743 3374 790 terra:
3404 733 3563 788 verba

1997 848 2207 889 eorum.
2245 829 2472 886 Fuerint
2508 844 2726 900 quoque
2759 837 3072 883 sanctorum
3110 824 3204 880 Dei
3240 833 3561 895 martyrum,

1996 925 2088 996 qui
2124 926 2189 980 ad
2224 924 2578 978 imitationem
2615 923 2854 992 priorum
2886 920 3190 974 Servatoris
3220 933 3562 988 praeconum,

1998 1018 2149 1090 paria
2190 1016 2431 1088 perpessi
2465 1023 2614 1079 sunt,
2649 1029 2772 1068 cum
2801 1029 2900 1082 pro
2930 1013 3110 1068 divina
3143 1011 3406 1081 religione
3447 1025 3564 1064 cer-

1998 1109 2204 1164 tamina
2235 1109 2542 1164 subierunt.
2578 1106 2746 1160 Aiunt
2775 1105 2975 1176 itaque,
3009 1104 3342 1175 explicantes
3369 1119 3433 1158 ac
3465 1104 3562 1160 de-

1998 1201 2272 1256 clarantes
2302 1213 2413 1270 quo
2454 1205 2616 1269 pacto
2641 1198 2878 1252 animam
2931 1212 3084 1253 suam
3121 1197 3363 1267 posuerit
3389 1196 3457 1251 ad
3487 1196 3562 1251 vi-

1999 1304 2131 1358 tam,
2153 1293 2493 1364 etquomodo
2513 1307 2622 1348 non
2649 1291 2858 1346 dederit
2889 1290 2944 1344 in
2968 1288 3385 1344 commotionem
3403 1289 3565 1359 pedes

1998 1403 2128 1444 suos
2163 1406 2175 1442 :
2214 1405 2233 1438 ι
2273 1386 2538 1452 Quoniam
2570 1383 2814 1456 probasti
2854 1398 2978 1447 nos,
3014 1381 3177 1448 Deus,
3199 1388 3258 1436 ut
3287 1381 3410 1450 igne
3435 1396 3564 1436 exa-

1998 1482 2236 1536 minatur
2268 1487 2578 1549 argentum.
2615 1497 2633 1529 ι
2673 1476 2812 1543 Quia
2841 1475 2987 1530 enim
3022 1474 3273 1544 quisquis
3299 1488 3408 1527 non
3437 1488 3564 1542 pro-

1999 1573 2162 1629 batur
2188 1571 2456 1642 inglorius
2488 1577 2594 1634 est,
2618 1571 2741 1641 jure
2767 1568 2909 1624 Deus
2935 1566 3229 1622 familiares
3257 1580 3387 1620 suos
3405 1580 3561 1621 excr-

1999 1681 2152 1729 cens,
2207 1662 2601 1718 tentationibus
2632 1660 2840 1725 tradit;
2871 1674 2978 1713 non
3015 1666 3074 1712 ut
3110 1663 3406 1728 cognoscat
3449 1656 3564 1726 ipse

1999 1757 2222 1826 quinam
2259 1755 2336 1809 illi
2365 1754 2496 1817 sint,
2527 1753 2623 1808 sed
2648 1761 2706 1806 ut
2738 1753 2839 1822 ipsi
2863 1752 2984 1822 igne
3012 1750 3344 1813 examinati,
3379 1749 3562 1819 Splen-

319 1845 532 1915 Ὠσπερ
562 1845 667 1915 γὰρ
696 1845 753 1897 ὲν
783 1845 1008 1916 ἀργύρῳ
1033 1844 1294 1909 πολλάκις
1324 1847 1632 1920 εὑρίσκεται
1653 1847 1782 1911 ῦλης
1802 1847 1888 1900 ἀλ-

1996 1849 2238 1904 didiores
2270 1863 2332 1901 ac
2360 1847 2618 1918 puriores
2637 1845 2883 1900 evadant.
2917 1843 3382 1912 Quemadmodum
3414 1843 3558 1897 enim

319 1937 540 2009 λοτρίας
567 1937 758 2008 μίγμα,
783 1937 811 1990 ὃ
830 1939 967 2002 τέως
994 1939 1092 2009 μὲν
1116 1937 1370 1992 λανθάνει
1399 1939 1506 2012 πρὸ
1524 1940 1624 2010 τῆς
1644 1939 1892 2010 χωνείας,

319 2029 379 2082 ὲν
401 2029 457 2083 δὲ
488 2032 550 2100 τῇ
577 2029 814 2100 πυρώσει
845 2030 1183 2102 διελέγχεται
1217 2034 1310 2086 καὶ
1340 2031 1675 2103 διακρίνεται
1697 2050 1708 2064 ν
1745 2032 1893 2103 μένει

318 2138 377 2174 τε
427 2121 606 2175 λοιπὸν
652 2121 814 2184 αὐτὸς
869 2122 1108 2194 καθαρὸς
1148 2124 1177 2176 6
1214 2124 1473 2197 ἄργυρος,
1508 2123 1767 2195 κρείττων
1801 2124 1894 2176 καὶ

312 2212 690 2284 λαμπρότερος
717 2213 957 2282 γεγονὼς
993 2217 1057 2268 ὲκ
1099 2216 1200 2286 τῆς
1233 2215 1553 2288 καθάρσεως
1573 2232 1586 2247 ’
1615 2215 1705 2269 τὸν
1733 2215 1892 2268 αὑτὸν

309 2304 512 2375 τρόπον
543 2305 639 2357 καὶ
663 2305 712 2357 οί
739 2305 832 2357 τοῦ
861 2305 996 2358 Θεοῦ
1026 2306 1236 2379 ἄνδρες,
1263 2308 1387 2360 ὅσον
1412 2306 1690 2377 ἀλλότριον
1727 2306 1786 2358 ὲν
1825 2307 1890 2376 τῇ

309 2394 524 2449 ἑαυτῶν
570 2395 714 2468 ψυχῇ
763 2397 826 2449 ὲκ
869 2396 970 2466 τῆς
1025 2399 1153 2469 περὶ
1200 2398 1298 2471 τὴν
1349 2399 1527 2470 σάρκα
1576 2397 1893 2469 συμπλοκῆς

307 2488 721 2558 ἐφειλκύσαντο,
746 2487 903 2541 τοῦτο
931 2492 1038 2543 πᾶν
1067 2491 1126 2543 ὲν
1152 2492 1266 2554 τοῖς
1295 2490 1641 2562 πειρασμοῖς,
1668 2489 1893 2552 καὶτοῖς

308 2582 429 2633 κατ’
469 2580 650 2634 αὐτῶν
683 2581 1134 2652 ὲπανισταμένοις
1179 2581 1438 2654 διωγμοῖς
1470 2581 1890 2652 ἀπορύπτονται,

309 2669 436 2739 (sic)
472 2669 804 2740 πυρούμενοι
849 2671 941 2724 καὶ
984 2671 1367 2744 καθαιρόμενοι
1409 2673 1497 2726 διὰ
1542 2672 1643 2742 τῆς
1681 2671 1890 2725 τοιᾶσδε

308 2761 559 2830 χωνείας,
593 2762 668 2825 ὡς
697 2765 875 2816 πᾶσαν
907 2763 1203 2818 ἀποϐαλεῖν
1246 2764 1521 2836 ἁμαρτίας
1547 2764 1759 2835 κηλίδα,
1799 2765 1893 2834 ἦν·

306 2851 431 2904 τινά
473 2869 624 2916 ποτε,
652 2853 728 2917 ώς
759 2853 1055 2925 ἄνθρωποι,
1087 2854 1145 2908 ἐν
1182 2872 1322 2909 τισιν
1357 2855 1702 2927 ἐλαττώμασι
1741 2855 1893 2925 γενό-

312 2959 464 3012 μενοι
512 2947 971 3016 προσεκτήσαντο.
991 2947 1113 3000 Ἐπὶ
1144 2947 1350 3013 τούτοις
1392 2943 1486 3003 οῦν
1513 2949 1893 3021 εὐχαριστοῦν-

304 3053 420 3099 τες,
447 3036 637 3105 φασίν·
676 3041 829 3094 «Ὅτι
867 3041 1196 3112 ἐδοκίμασας
1226 3042 1393 3112 ἡμᾶς,
1429 3043 1458 3094 6
1500 3042 1651 3106 Θεὸς,
1681 3041 1893 3113 ὲπύρω-

309 3146 412 3194 σας
439 3131 585 3202 ἡμᾶς
610 3132 685 3196 ὡς
717 3133 982 3205 πυροῦται
1010 3133 1071 3186 τὺ
1098 3132 1380 3204 ἀργύριον.
1413 3153 1430 3183 ι
1457 3134 1531 3185 Ού
1556 3132 1663 3204 γὰρ
1691 3133 1767 3194 ὡς
1793 3151 1892 3186 κα-

306 3222 511 3294 λάμην,
560 3224 778 3290 οὐδ’,ώς
825 3227 1034 3297 χόρτον,
1077 3225 1185 3279 οὐδ’
1212 3225 1287 3289 ὡς
1333 3225 1524 3297 ἑτέραν
1565 3223 1891 3299 εὔθραυστον

308 3315 445 3386 ὓλην
479 3316 766 3389 ὲπύρωσας
795 3321 962 3390 ἡμᾶς,
997 3319 1110 3373 ἀλλ’
1138 3319 1213 3383 ὠς
1239 3317 1520 3390 ἀργύριον,
1556 3317 1616 3371 τὸ
1645 3317 1754 3371 ἀπὸ
1791 3318 1891 3388 τῆς

305 3408 612 3478 πυρώσεως
641 3409 1024 3480 καθαρώτερον
1054 3411 1396 3482 γιγνόμενον.
1440 3411 1565 3474 Πῶς
1592 3410 1647 3463 δὲ
1674 3409 1888 3483 ὲπυρώ-

304 3501 482 3570 θησαν
527 3501 861 3572 ὑφηγοῦνται
912 3503 1198 3573 λέγοντεςο
1233 3521 1251 3553 ι
1291 3504 1597 3574 Είσήγαγες
1634 3505 1782 3574 ἡμᾶς
1810 3505 1890 3567 εἰς

303 3590 405 3663 τὴν
447 3591 667 3662 παγίδα·
714 3612 733 3644 ι
785 3593 923 3647 κατὰ
969 3593 1026 3647 δὲ
1069 3595 1161 3648 τὸν
1198 3593 1467 3659 Ἀκύλαν,
1529 3615 1544 3645 ι
1582 3595 1888 3665 Εἰσήγαγες

303 3683 480 3755 ἡμᾶς,
515 3685 699 3754 φασιν,
732 3686 789 3739 ὲν
815 3685 1129 3757 ὀχυρώματι
1151 3705 1164 3718 ο
1199 3707 1217 3739 ι
1256 3686 1396 3740 κατὰ
1440 3685 1496 3738 δὲ
1535 3687 1627 3740 τὸν
1662 3685 1890 3756 Σύμμαε-

306 3787 404 3840 χον
424 3810 439 3834 ,
478 3789 496 3822 ι
528 3773 830 3843 Εἱσήγαγες
860 3777 1006 3845 ἡμᾶς
1040 3775 1188 3840 ἐντὸς
1219 3775 1564 3847 πολιορκίας·
1609 3796 1626 3828 ι
1665 3775 1806 3829 κατά
1831 3774 1887 3828 δὲ

305 3862 412 3933 τὴν
457 3862 713 3934 πέμπτην
755 3864 994 3919 ἔκδοσιν*
1029 3887 1046 3918 ι
1080 3869 1389 3939 Εξσήγαγες
1423 3870 1572 3939 ἡμᾶς
1607 3870 1685 3930 εἰς
1711 3884 1888 3939 περιθ-

304 3955 432 4024 χήν.
462 3973 484 4006 ›
519 3955 679 4026 Δηλοῖ
699 3955 750 4008 δὲ
778 3955 867 4009 διὰ
891 3958 1093 4013 τούτων
1121 3962 1149 4012 6
1172 3960 1323 4029 λόγος
1353 3960 1575 4032 εἱρκτὰς
1607 3962 1699 4014 καὶ
1725 3963 1887 4031 φυλα-

305 4047 410 4110 κὰς
457 4047 553 4101 καὶ
599 4047 965 4120 δεσμωτήρια,
996 4053 1053 4104 ὲν
1085 4046 1164 4116 οἷς
1199 4053 1304 4124 πρὸ
1329 4053 1421 4106 τοῦ
1453 4053 1684 4106 θανάτου
1714 4055 1884 4108 κατά-

304 4139 544 4193 κλειστοι
577 4140 851 4210 γίγνονται
883 4145 931 4196 οξ
974 4143 1068 4197 τοῦ
1107 4145 1240 4199 Θεοῦ
1275 4146 1577 4218 μάρτυρες·
1611 4147 1646 4201 ἃ
1688 4147 1752 4219 δὴ
1781 4167 1885 4203 πα-

303 4231 418 4296 γίδι
446 4232 640 4298 ἔοικεν,
667 4236 796 4288 εἵσω
815 4236 985 4306 αὐτῆς
1013 4237 1358 4310 ἀπολαϐούσῃ
1381 4239 1441 4292 τὸ
1463 4239 1879 4312 τεθηρευμένον.

303 4323 525 4395 Ταύτης
556 4325 611 4378 δὲ
641 4328 738 4399 τῆς
765 4330 988 4399 παγίδος
1014 4330 1314 4401 μέμνηνται
1335 4331 1428 4383 καὶ
1451 4331 1686 4402 ἀλλαχοῦ
1713 4334 1761 4386 οἱ
1783 4334 1881 4385 αύ-

301 4417 390 4470 τοὶ
430 4418 758 4486 φάσκοντεςο
797 4439 816 4470 ι
840 4421 902 4473 Ἡ
931 4420 1076 4492 ψυχὴ
1105 4421 1261 4493 ἡμῶν
1300 4422 1374 4485 ὡς
1407 4423 1684 4494 στρουθίον
1722 4423 1881 4497 ἐρρύ-

1997 1941 2050 1995 in
2096 1947 2319 2010 argento
2369 1939 2560 1994 aliena:
2604 1936 2849 1990 materiae
2891 1936 3209 2006 plerumque
3253 1934 3562 1989 commistio

1993 2029 2284 2106 reperitur,
2313 2048 2434 2104 qua:
2462 2047 2596 2086 sane
2634 2031 2765 2086 latet
2793 2037 3084 2100 antequam
3115 2029 3169 2083 in
3203 2028 3559 2083 conﬂaturam

1993 2134 2326 2196 reponatur;
2357 2125 2488 2179 dum
2520 2131 2700 2178 autem
2728 2123 2852 2194 igne
2881 2121 3170 2183 conﬂatur.
3198 2129 3329 2176 tunc
3359 2121 3566 2175 discer-

1993 2222 2144 2275 nitur
2175 2227 2229 2275 et
2253 2217 2552 2290 probatur;
2591 2216 2880 2286 ipsumque
2910 2222 3195 2286 argentum
3223 2214 3441 2269 tandem
3463 2229 3561 2284 pu-

1992 2313 2133 2377 rius,
2167 2311 2514 2382 prmstantius
2544 2325 2608 2364 ac
2646 2308 2985 2378 splendidius
3023 2325 3086 2363 ex
3123 2308 3444 2378 purgatione
3472 2322 3560 2362 re-

1993 2413 2175 2461 manet
2216 2422 2230 2458 :
2264 2404 2344 2460 sic
2372 2413 2426 2458 et
2457 2403 2560 2456 viri
2593 2401 2729 2468 Dei,
2763 2402 2808 2457 si
2839 2403 2965 2471 quid
3000 2403 3235 2456 alienum
3287 2401 3341 2454 in
3382 2399 3560 2452 anima

1994 2510 2094 2550 sua
2148 2511 2217 2552 ex
2265 2496 2452 2550 carnis
2501 2494 2886 2550 commistione
2951 2493 3357 2551 contraxerint.
3426 2491 3560 2545 illud

1992 2604 2152 2644 omne
2189 2567 2244 2643 in
2267 2587 2663 2644 tentationibus
2701 2597 2755 2643 et
2795 2587 3128 2641 instantibus
3160 2585 3560 2656 persecutioni-

1990 2681 2094 2737 bus
2116 2682 2457 2752 abstergunt,
2489 2682 2611 2752 igne
2637 2679 2930 2736 examinati
2961 2685 3016 2732 et
3043 2693 3141 2749 per
3170 2679 3334 2732 talem
3357 2676 3561 2731 conﬂa-

1992 2783 2170 2829 turam
2210 2776 2444 2847 purgati,
2478 2775 2552 2828 ita
2584 2780 2643 2826 ut
2683 2787 2899 2827 omnem
2947 2769 3154 2840 peccati
3182 2769 3357 2823 labem
3388 2768 3558 2839 depo-

1993 2876 2149 2930 nant,
2173 2883 2336 2939 quam
2364 2866 2679 2937 aliquando,
2711 2872 2896 2936 utpote
2924 2862 3194 2926 homines,
3228 2860 3284 2916 in
3311 2862 3557 2931 quaedam

1994 2960 2130 3032 lapsi
2173 2959 2388 3021 delicta,
2432 2959 2790 3013 admiserant.
2843 2955 2917 3013 De
2977 2955 3063 3009 his
3117 2955 3299 3024 itaque
3352 2952 3558 3024 gratias

1995 3063 2237 3124 agentes,
2269 3052 2458 3106 dicunt
2491 3069 2503 3105 :
2547 3070 2566 3102 ι
2602 3049 2872 3116 Quoniam
2906 3047 3152 3119 probasti
3183 3061 3284 3100 nos
3311 3084 3326 3108 ,
3373 3044 3556 3109 Deus;

1996 3144 2120 3212 igne
2153 3157 2254 3197 nos
2279 3141 2598 3197 examinasti
2627 3139 2768 3195 sicut
2809 3140 3154 3195 examinatur
3181 3149 3484 3210 argentum.
3534 3156 3554 3188 ι

1993 3232 2112 3287 Non
2135 3231 2280 3286 enim
2311 3238 2370 3284 ut
2402 3230 2608 3299 paleam
2631 3237 2683 3283 et
2709 3227 2915 3290 fenum,
2951 3242 3127 3296 neque
3158 3233 3216 3279 ut
3246 3227 3407 3279 aliam
3442 3224 3556 3278 fra-

1991 3324 2154 3395 gilem
2187 3323 2473 3380 materiam
2520 3337 2621 3377 nos
2668 3321 2793 3392 igne
2816 3321 3141 3376 examinasti
3169 3336 3183 3384 ;
3211 3318 3306 3375 sed
3365 3327 3422 3372 ut
3470 3333 3558 3371 ar-

1993 3423 2236 3487 gentum,
2269 3416 2413 3487 quod
2446 3415 2514 3470 ab
2539 3416 2662 3486 igne
2695 3415 2886 3486 purius
2915 3414 3118 3469 evadit.
3144 3410 3426 3480 Quomodo
3459 3425 3557 3464 au-

1991 3519 2098 3566 tem
2149 3511 2273 3580 igne
2322 3510 2619 3564 examinati
2657 3509 2880 3570 fuerint,
2915 3507 3000 3563 his
3039 3507 3220 3562 verbis
3252 3515 3509 3561 enarrant
3540 3523 3553 3560 :

1996 3621 2013 3653 ι
2052 3601 2319 3657 luduxisti
2349 3617 2450 3656 nos
2484 3603 2538 3656 in
2573 3603 2826 3673 laqueum
2855 3618 2868 3667 ;
2917 3620 2935 3652 ι
2973 3598 3272 3656 secundum
3299 3597 3552 3668 Aquilam
3638 3595 3640 3604 ‘

1991 3711 2116 3751 vero
2150 3713 2163 3749 :
2199 3714 2217 3746 ι
2254 3693 2521 3749 lnduxisti
2564 3710 2690 3762 nos,
2734 3694 2908 3760 aiunt,
2949 3692 3485 3757 inmunimentum;
3531 3710 3552 3744 ι

1989 3787 2288 3843 secundum
2313 3802 2442 3842 vero
2474 3786 2860 3859 Symmachum
2892 3804 2906 3842 :
2944 3805 2963 3840 ι
2993 3784 3262 3841 lnduxisti
3290 3800 3391 3841 nos
3413 3785 3555 3838 intra

1987 3878 2367 3948 obsidionem;
2400 3897 2419 3930 ι
2455 3877 2754 3934 secundum
2781 3878 3028 3949 quintam
3045 3877 3375 3934 editionem:
3411 3895 3431 3929 ι
3468 3874 3557 3930 ln-

1987 3971 2192 4026 duxisti
2224 3987 2327 4028 nos
2358 3972 2414 4026 in
2445 3972 2825 4026 munitionem.
2863 3989 2882 4024 ι
2915 3969 3016 4025 His
3038 3984 3202 4040 porro
3233 3969 3556 4040 signiﬁcan-

1985 4073 2075 4119 tur
2103 4065 2409 4135 ergastula,
2437 4063 2733 4124 custodiae.
2761 4078 3014 4119 carceres
3060 4063 3117 4116 in
3157 4061 3358 4126 quibus
3403 4067 3556 4113 ante-

1983 4171 2147 4226 quam
2184 4158 2345 4211 morti
2375 4157 2682 4218 tradantur,
2715 4155 2963 4209 conclusi
2997 4154 3202 4224 degunt
3232 4151 3326 4207 Dei
3350 4161 3555 4220 marty-

1986 4263 2073 4304 res
2107 4267 2120 4301 :
2155 4262 2276 4317 quae
2304 4263 2436 4304 sane
2465 4249 2642 4318 laquei
2678 4249 2876 4303 similia
2911 4255 3062 4310 sunt,
3109 4260 3219 4315 quo
3265 4242 3556 4298 venatione

1983 4346 2139 4408 capta
2163 4339 2496 4396 detinentur.
2528 4339 2768 4410 Hujusce
2801 4339 2979 4409 laquei
3026 4337 3353 4394 mentionem
3393 4335 3552 4388 iidem

1983 4434 2110 4488 alibi
2144 4434 2350 4488 iaciunt
2371 4432 2619 4488 dicentes
2650 4452 2663 4487 :
2704 4452 2721 4483 ι
2758 4432 2952 4485 Anima
2978 4438 3167 4485 nostra
3196 4428 3339 4484 sicut
3365 4439 3552 4496 passer

303 4511 410 4583 σθη
442 4529 507 4566 εκ
532 4514 630 4584 τῆς
663 4515 888 4582 παγίδος
914 4514 1022 4568 τῶν
1049 4515 1388 4586 θηρευόντων
1407 4532 1421 4547 ·
1469 4518 1502 4588 ἡ
1553 4518 1719 4586 παγὶς
1766 4533 1883 4571 συν-

1990 4532 2170 4594 erepta
2197 4533 2282 4580 est
2307 4523 2376 4580 de
2404 4525 2600 4594 laqueo
2631 4523 2944 4579 venantium
2981 4541 2993 4576 :
3030 4522 3256 4587 laqueus
3283 4519 3555 4574 contritus

301 4604 494 4676 ετρίδη
524 4607 618 4659 καὶ
647 4608 807 4677 ἡμεῖς
836 4606 1199 4680 ὲρῤύσθημεν.
1237 4625 1256 4659 ι
1293 4607 1514 4679 Πρῶτον
1543 4609 1638 4678 μὲν
1689 4604 1782 4662 οῦν
1803 4610 1882 4672 εἰς

298 4697 402 4766 τὴν
432 4697 636 4765 παγίδα
665 4700 714 4752 οἱ
746 4699 1076 4770 πυρούμενοι
1105 4698 1437 4768 εἰσάγονται,
1464 4701 1497 4771 ἢ
1526 4701 1606 4764 είς
1647 4700 1708 4753 τὸ
1752 4700 1880 4771 ὀχύ-

304 4806 490 4861 ρωμα,
513 4790 547 4862 ἦ
573 4791 653 4854 είς
673 4790 769 4863 τὴν
798 4791 1080 4864 περιοχὴν,
1109 4790 1142 4862 ἢ
1173 4794 1254 4854 είς
1274 4793 1372 4862 τὴν
1398 4792 1741 4864 πολιορκίανο
1763 4789 1881 4846 εἶτα

298 4879 556 4952 δεύτερον
581 4878 740 4935 ἆθλον
773 4880 1146 4950 ἀγωνίζονται,
1177 4881 1234 4934 ὃν
1247 4881 1570 4951 διασαφοῦσι
1598 4881 1844 4952 λέγοντἐς
1863 4901 1876 4914 ο

305 4971 507 5025 «Ἔθου
541 4973 748 5043 θλίψεις
790 4976 882 5028 ἐπὶ
920 4975 1012 5028 τὸν
1050 4973 1218 5028 νῶτον
1249 4975 1424 5045 ἡμῶν.
1459 4995 1476 5028 ι
1517 4977 1672 5029 Κατὰ
1700 4976 1758 5030 δὲ
1789 4976 1880 5029 τὸν

309 5063 548 5117 Ἀκύλαν
564 5068 725 5132 φασίν
741 5083 754 5096 ·
779 5085 797 5116 ι
811 5067 1052 5138 Ἔθηκας
1072 5067 1300 5138 τρισμὸν
1322 5069 1377 5121 ὲν
1399 5069 1475 5139 τῷ
1496 5068 1649 5140 νώτῳ
1663 5069 1838 5141 ἡμῶν·
1855 5090 1872 5119 ι

298 5153 449 5206 κατά
479 5153 536 5205 δὲ
563 5156 652 5209 τὸν
683 5156 994 5227 Σύμμαχον
1032 5157 1309 5229 «Ἕθηκας
1337 5158 1606 5213 κύκλωσιν
1628 5164 1692 5232 τῇ
1717 5161 1878 5231 ὀσφύϊ

297 5245 484 5315 ἡμῶν,
517 5266 535 5298 ι
566 5247 792 5318 Δηλοῦσι
816 5248 874 5302 δὲ
895 5249 982 5302 διὰ
1007 5249 1208 5303 τούτων
1228 5249 1328 5312 τὰς
1349 5251 1488 5304 κατὰ
1507 5251 1600 5306 τοῦ
1627 5252 1877 5324 σώματος

298 5337 541 5407 πληγὰς,
573 5339 639 5403 ἃς
670 5340 855 5413 ἐδήλου
887 5341 1217 5413 σαφέστερον
1253 5343 1281 5394 6
1317 5343 1637 5409 Ἀπὸστολος
1662 5347 1834 5416 λέγων
1859 5365 1872 5378 ·

303 5447 326 5479 ι
359 5427 496 5500 Τρὶς
538 5431 913 5502 ὲρῤαὸδίσθην,
943 5432 1088 5497 ἅπαξ
1128 5432 1438 5506 ἐλιθάσθην,
1473 5435 1576 5489 ὑπὸ
1611 5438 1874 5494 Ἰουδαίων

295 5523 714 5594 τεσσαράκοντα
742 5525 892 5596 παρὰ
916 5526 1046 5596 μίαν
1074 5525 1283 5579 ἔλαϐον.
1317 5547 1334 5576 ι
1369 5527 1522 5581 Μετά
1557 5527 1612 5581 δὲ
1647 5530 1745 5594 τὰς
1772 5535 1877 5603 εἱρ-

297 5613 440 5678 κτὰς
469 5615 566 5669 καὶ
596 5615 694 5680 τὰς
735 5615 876 5670 κατά
922 5617 1030 5671 τῶν
1074 5616 1260 5671 νώτων
1288 5618 1320 5690 ἢ
1356 5619 1498 5672 κατά
1525 5620 1634 5676 τῶν
1663 5621 1875 5690 όσφύων

401 5795 446 5828 ⁸⁷
476 5793 621 5853 Psal.
655 5813 845 5866 cum,
874 5800 925 5858 7.
1002 5799 1046 5833 ⁸⁸
1087 5800 1128 5856 ll
1159 5801 1287 5859 Cor.
1323 5821 1397 5870 ιι,
1434 5803 1525 5860 25.

1986 4626 2091 4678 εει,
2122 4621 2178 4668 et
2205 4629 2307 4669 nos
2337 4614 2551 4668 liberati
2585 4629 2777 4669 sumus
2800 4613 2868 4669 ⁸⁷.
2915 4632 2932 4665 ι
2967 4595 3153 4667 Ρτίιῖἷο
3185 4611 3402 4681 quidem
3457 4611 3553 4680 qui

1986 4707 2108 4776 igne
2137 4696 2545 4769 examinantur,
2588 4706 2643 4758 in
2692 4704 2946 4775 laqueum
2985 4703 3318 4759 inducuntur
3352 4704 3466 4760 sive
3496 4705 3558 4760 in
3601 4701 3607 4710 ’

1982 4797 2319 4868 praesidium,
2371 4799 2426 4853 in
2474 4798 2836 4853 munitionem
2895 4807 2989 4852 aut
3047 4799 3102 4852 in
3163 4799 3559 4863 obsidionem;

1982 4890 2225 4946 secundo
2254 4899 2529 4947 certamen
2556 4893 2793 4960 obeunt;
2822 4895 2966 4965 quod
2995 4893 3304 4964 signiﬁcant
3335 4894 3419 4950 bis
3443 4908 3562 4948 ver--

1981 4982 2068 5038 bis
2105 5001 2118 5037 :
2156 5001 2176 5035 ι
2214 4983 2454 5040 Posuisti
2505 4984 2912 5050 tribulationes.
2935 4986 2988 5039 in
3041 4985 3208 5040 dorso
3269 4997 3497 5052 nostro;
3527 5005 3547 5038 ι

1981 5076 2284 5132 secundum
2316 5077 2567 5148 Aquilam
2597 5092 2729 5132 vero
2757 5077 2983 5132 dicunt:
3021 5097 3040 5129 ι
3073 5077 3310 5135 Posuisti
3341 5079 3549 5133 contri-

1979 5168 2184 5224 tionem
2213 5171 2268 5224 in
2300 5169 2466 5226 dorso
2484 5180 2710 5237 nostro;
2743 5190 2762 5222 ι
2799 5171 3100 5226 secundum
3123 5170 3506 5242 Symmachum
3532 5190 3545 5225 :

1984 5280 2003 5314 ι
2038 5260 2282 5318 Posuisti
2313 5263 2579 5317 circulqu
2613 5262 2816 5317 lumbis
2856 5263 3083 5318 nostris.
3124 5283 3142 5314 ι
3180 5263 3277 5318 llis
3301 5277 3428 5315 vero
3457 5261 3551 5314 de-

1979 5354 2193 5410 clarant
2219 5353 2455 5411 inllictas
2491 5355 2705 5424 corpori
2732 5353 2939 5424 plagas,
2962 5370 3099 5424 quas
3129 5352 3370 5424 apertius
3387 5363 3548 5403 enar-

1978 5447 2122 5502 ravit
2171 5447 2468 5517 Apostolus
2512 5446 2702 5504 dicens
2734 5467 2747 5502 :
2785 5467 2804 5500 ι
2837 5449 2944 5502 Ter
2974 5446 3142 5516 virgis
3175 5458 3351 5498 caesus
3398 5457 3542 5502 sum,

1979 5539 2149 5596 semel
2177 5538 2449 5608 lapidatus
2481 5555 2626 5600 sum.
2671 5555 2702 5594 a
2745 5539 2948 5594 Judwis
3003 5535 3381 5608 quadragenas
3443 5548 3547 5585 una

1976 5632 2164 5689 minus
2194 5632 2462 5690 accepi“.
2501 5651 2521 5686 ›
2557 5631 2687 5688 Post
2709 5648 2978 5695 carceres,
3010 5639 3128 5700 post
3157 5629 3344 5697 plagas
3385 5626 3552 5684 dorso
