4024 6210
467 304 573 367 665

1182 308 1454 368 EUSEBII
1487 311 1969 372 CESARIENSIS
1999 316 2151 375 ore.
2189 317 2372 375 rans
2408 318 2575 375 ιιι-
2607 305 3022 377 necem

3597 322 3709 378 664

465 441 561 489 aut
622 431 819 487 lumbis
868 430 1119 488 incussas
1173 432 1289 488 haec
1356 431 1615 489 addunt:
1653 453 1671 487 ι
1711 434 2026 507 lmposuisti

2132 438 2362 512 πληγάς·
2398 458 2417 490 ι
2439 438 2798 502 Ἐπεϐίϐασας
2827 436 3145 510 ἀνθρώπους
3176 437 3268 492 ἐπὶ
3324 438 3423 504 τὰς
3464 440 3710 510 κεφαλὰς

465 525 714 580 homines
748 538 915 593 super
934 524 1113 593 capita
1135 534 1343 580 nostra.
1384 544 1402 577 ›
1451 523 1578 580 Haec
1620 532 1801 581 autem
1825 526 2028 582 intelli-

461 632 576 686 ges,
608 630 732 669 cum
764 614 952 671 videas
979 615 1169 672 atheos
1198 625 1252 672 et
1283 616 1483 687 impios
1507 617 1656 673 viros
1690 621 2031 689 persecutio-

461 725 589 763 num
628 715 872 778 tempore
899 708 1245 780 insurgentes
1271 723 1334 763 ac
1374 718 1569 765 contra
1591 710 1790 766 divinae
1814 712 2029 783 religio-

459 801 547 856 nis
576 801 808 858 athletas
834 817 955 858 sese
977 802 1335 869 extollentes;
1368 802 1471 858 hos
1507 817 1637 858 vero
1686 804 1935 875 ahjectos
1965 820 2031 860 ac

458 892 612 947 vultu
665 892 907 949 demisso
950 894 1021 948 ob
1057 894 1375 965 blasphema
1419 895 1566 950 dicta
1615 901 1669 951 et
1705 895 2026 966 iactantiam

461 984 765 1040 atheorum.
797 983 862 1040 Et
888 1000 1020 1041 vero
1049 986 1373 1057 plerumque
1419 987 1507 1043 vel
1549 987 1789 1058 pupillas
1835 990 2028 1045 oculo-

458 1090 580 1129 rum
610 1075 991 1140 verberabant,
1017 1076 1148 1130 dum
1181 1076 1358 1146 capita
1386 1076 1715 1132 athletarum
1736 1076 1831 1134 Dei
1852 1079 2027 1150 plagis

458 1167 749 1223 cederent.
777 1166 883 1222 Sed
912 1167 1029 1223 haec
1061 1168 1278 1232 omnia,
1309 1167 1464 1223 aiunt
1506 1167 1601 1225 Dei
1647 1177 1935 1241 martyres,
1967 1178 2025 1224 tu

456 1259 637 1323 nobis,
669 1258 834 1324 Deus,
871 1260 1137 1316 induxisti
1171 1279 1184 1315 :
1218 1275 1319 1316 nec
1361 1267 1547 1317 tamen
1576 1269 1632 1316 te
1660 1261 1871 1317 volente
1896 1261 2027 1332 quid

459 1351 639 1407 simile
662 1351 718 1406 in
752 1367 856 1408 nos
883 1352 1172 1409 admittere
1204 1353 1323 1410 ausi
1356 1362 1506 1420 sunt,
1540 1354 1635 1411 sed
1663 1354 2026 1425 permittente.

460 1442 642 1509 Quare
678 1442 759 1500 sic
796 1458 919 1498 eum
951 1444 1345 1515 alloquuntur:
1383 1464 1402 1497 ι
1432 1443 1699 1501 lnduxisti
1731 1459 1833 1500 nos
1866 1445 1920 1499 in
1949 1446 2030 1500 la-

456 1551 679 1605 queum.
722 1555 741 1587 »
772 1534 855 1590 Tn
890 1538 1035 1593 enim
1086 1552 1188 1593 nos
1232 1552 1453 1593 carcere
1492 1537 1727 1592 detineri
1769 1538 2026 1602 curabas,

458 1630 585 1698 quia
616 1626 668 1681 id
716 1626 830 1682 fieri
863 1629 1242 1698 permittebas.
1281 1629 1362 1684 Tu
1391 1643 1612 1699 quoque
1657 1628 1900 1699 ponebas
1932 1630 2029 1684 tri-

458 1719 766 1775 bulationes
800 1720 856 1775 in
888 1718 1055 1777 dorso
1083 1729 1296 1777 nostro.
1332 1720 1518 1792 Neque
1556 1722 1703 1777 enim
1746 1722 1801 1777 id
1835 1722 2030 1779 adver-

458 1827 579 1867 sum
613 1827 715 1869 nos
754 1811 876 1867 ausi
919 1820 1126 1876 essent,
1170 1812 1217 1867 si
1267 1827 1371 1867 nos
1407 1827 1570 1867 manu
1609 1820 1900 1883 protegens
1934 1823 2028 1869 tua

456 1904 834 1960 custodiisses.
884 1903 968 1958 Tu
1013 1918 1144 1959 vero
1185 1905 1376 1960 atheos
1416 1905 1668 1961 homines
1714 1906 2026 1977 imposuisti

457 2005 623 2060 super
658 1992 836 2063 capita
882 2001 1096 2048 nostra.
1120 1992 1202 2047 Ad
1229 1993 1346 2049 haec
1387 2004 1568 2049 autem
1618 1997 1673 2050 in
1723 2005 2027 2053 extremum

458 2082 730 2136 malorum
761 2081 1120 2150 devenimus;
1154 2098 1281 2137 nam
1312 2084 1402 2139 alii
1434 2084 1655 2156 quidem
1699 2086 1809 2157 igni
1840 2087 2029 2143 traditi

456 2179 686 2227 mortem
734 2173 1146 2241 sustinuerunt;
1184 2174 1276 2228 alii
1327 2175 1382 2229 in
1409 2192 1549 2249 aqua
1577 2179 1832 2234 exstincti
1877 2188 2023 2236 sunt.

456 2262 682 2319 Ferrum
724 2265 947 2335 quippe,
975 2273 1029 2322 et
1072 2266 1217 2323 ferro
1260 2268 1410 2323 illata
1459 2272 1749 2342 supplicia,
1809 2274 2029 2345 aliaque

456 2356 649 2411 mortis
677 2371 895 2427 genera,
921 2373 1043 2428 qua!
1060 2360 1294 2414 maxima
1317 2377 1448 2431 pars
1470 2372 1717 2419 nostrum
1742 2366 2024 2431 sustinuit,

456 2461 555 2517 pro
590 2447 761 2501 nihilo
786 2457 1108 2520 reputantur
1132 2468 1200 2507 ex
1224 2452 1557 2509 deteriorum
1586 2458 2024 2528 comparatione.

456 2539 817 2605 Quamobrem
845 2542 960 2598 haec
989 2543 1210 2613 quidem
1246 2552 1509 2603 tacemus.
1549 2547 1689 2615 Quia
1719 2565 1851 2606 vero
1886 2551 2028 2607 inter

457 2633 686 2697 atrocia,
737 2634 874 2689 nihil
908 2634 1190 2693 crudelius
1224 2653 1360 2694 nece
1396 2655 1493 2710 per
1538 2640 1717 2712 ignem
1747 2649 1802 2697 et
1830 2657 2027 2713 aquam

458 2725 603 2778 illata
625 2725 992 2791 existimatur,
1021 2726 1136 2783 haec
1175 2744 1275 2784 nos
1304 2745 1595 2801 perpessos
1618 2731 1872 2789 dicimus.
1891 2732 2026 2789 Nam

457 2818 546 2871 alii
579 2828 827 2875 nostrum
862 2821 917 2875 in
942 2823 1079 2876 mari
1106 2829 1160 2878 et
1187 2823 1240 2877 in
1265 2821 1582 2880 ﬂuminibus
1599 2826 1836 2884 demersi
1856 2838 1985 2883 sunt
2009 2847 2023 2896 ;

458 2912 551 2965 alii
581 2911 726 2982 ignis
752 2913 1085 2984 supplicium
1106 2915 1347 2970 luerunt.
1391 2914 1489 2972 His
1524 2917 1692 2974 tantis
1743 2919 2026 2990 suppliciis

458 3004 702 3073 probasti
736 3020 857 3071 nos,
885 3004 1050 3072 Deus,
1080 3007 1167 3063 his
1193 3008 1455 3065 omnibus
1498 3010 1621 3081 igne
1661 3026 1761 3067 nos
1820 3014 2028 3069 exami-

457 3098 601 3153 nasti
630 3098 774 3153 sicut
805 3098 1153 3154 examinatur
1190 3110 1494 3172 argentum.

531 3271 639 3330 Sed
676 3290 803 3331 cum
846 3276 963 3331 haec
1004 3277 1268 3334 omniain
1301 3295 1403 3337 nos
1432 3280 1766 3349 induxisses,
1809 3293 1865 3340 tu
1910 3285 2028 3355 ipse

460 3381 677 3421 rursum
707 3367 946 3422 eduxisti
976 3383 1077 3422 nos
1113 3368 1166 3423 in
1190 3368 1560 3440 refrigerium.
1600 3370 1718 3427 Non
1751 3375 1897 3428 enim
1928 3388 2029 3429 no-

348 3500 351 3509 .
459 3467 633 3516 strum
664 3470 781 3515 erat
811 3460 939 3514 talia
968 3460 1242 3517 sustinere
1262 3469 1316 3517 et
1345 3462 1475 3516 talia
1515 3463 1772 3535 eﬂ‘ugere,
1817 3463 1913 3519 sed
1946 3464 2027 3519 tui

459 3551 639 3622 magni
673 3550 1013 3619 Servatoris;
1043 3552 1188 3608 sicut
1216 3553 1363 3609 enim
1398 3554 1663 3610 induxisti
1698 3569 1801 3611 nos
1842 3556 1897 3609 in
1947 3555 2028 3609 la-

458 3658 682 3715 queum,
712 3646 792 3700 sic
822 3644 1059 3699 eduxisti
1093 3647 1148 3700 in
1174 3646 1546 3715 refrigerium.
1572 3645 2025 3717 Quandoquidem

458 3749 567 3789 non
595 3734 892 3805 permisisti
918 3743 976 3789 ut
1000 3735 1181 3791 tristia
1199 3736 1291 3790 illa
1309 3735 1402 3790 diu
1424 3744 1825 3807 permanerent,
1853 3752 2030 3808 neque

460 3825 516 3879 in
564 3824 837 3879 infinitum
876 3826 1283 3881 tribulationem
1315 3828 1654 3897 protraxisti,
1682 3844 1858 3900 neque
1906 3844 2031 3899 per-

460 3918 660 3973 misisti
693 3926 752 3972 ut
778 3918 1038 3973 diuturno
1062 3928 1309 3990 tempore
1353 3920 1603 3977 homines
1636 3921 1909 3990 capitibus
1946 3923 2031 3974 in-

460 4020 670 4068 starent
728 4012 972 4078 nostris;
1003 4026 1180 4080 neque
1220 4011 1275 4067 in
1320 4013 1497 4083 ignem
1545 4014 1779 4083 conjecti
1819 4014 1911 4070 diu
1954 4014 2030 4068 ibi

461 4101 684 4166 versati,
720 4116 897 4171 neque
925 4101 981 4156 in
1002 4115 1200 4172 aquam
1240 4101 1438 4171 dejecti
1484 4103 1731 4174 absorpti
1778 4103 2026 4172 fuimus;

461 4192 559 4249 sed
585 4206 705 4247 eam
734 4192 1190 4266 pertransivimus
1221 4211 1235 4248 :
1263 4208 1433 4264 quare
1461 4194 1666 4249 dicitur
1698 4217 1708 4251 :
1755 4214 1773 4247 ι
1805 4194 2032 4253 Transi-

462 4282 640 4337 vimus
672 4297 769 4353 per
802 4282 1005 4354 ignem,
1037 4292 1093 4339 et
1114 4280 1446 4354 profundum
1489 4300 1754 4354 aquarum
1809 4297 2034 4356 praeter-

2061 1788 2101 1843 Β

2053 3127 2094 3183 C

2129 530 2303 600 ἡμῶν.
2337 551 2356 582 ι
2387 532 2495 585 Kal
2518 530 2676 585 τοῦτο
2721 530 2777 583 δὲ
2830 531 3065 602 νοήσεις,
3092 531 3232 602 ὁρῶν
3264 531 3403 586 κατὰ
3439 534 3569 597 τοὺς
3598 536 3709 590 τῶν

2129 619 2383 691 διωγμῶν
2400 622 2630 693 καιροὺς
2657 620 3089 692 ἐπεμϐαίνοντας
3112 622 3236 685 τοὺς
3260 622 3452 686 ἀθέους
3473 625 3570 677 καὶ
3588 626 3710 679 ἀσε-

2131 712 2245 776 ϐεῖς
2266 712 2463 784 ἄνδρας
2492 713 2586 766 καὶ
2617 712 3117 784 κατεπαιρομένους
3139 714 3245 768 τῶν
3267 715 3367 785 τῆς
3393 715 3710 783 θεοσεϐείας

2130 801 2396 873 ἀθλητῶν,
2434 804 2558 866 τοὺς
2601 802 2660 856 δὲ
2707 802 3160 873 ταπεινουμένους
3197 804 3292 857 καὶ
3322 804 3393 858 τὰ
3438 805 3709 876 πρόσωπα

2131 894 2590 965 συνεσταλμένους
2623 894 2717 946 ἐπὶ
2759 897 2878 957 ταῖς
2906 894 3017 948 τῶν
3045 893 3218 949 ἀθέων
3250 895 3621 968 βλασφημίαις
3648 915 3705 951 τε

2130 983 2223 1037 καὶ
2257 983 2818 1055 μεγαλαυχίαις.Ἤδη
2851 984 2907 1037 δὲ
2940 983 3198 1049 πολλάκις
3239 987 3332 1040 καὶ
3370 988 3511 1041 κατὰ
3539 988 3707 1060 κόρης

2131 1073 2332 1143 ἐτυψαν
2359 1075 2609 1139 παίοντες
2654 1075 2889 1147 πληγαῖς
2912 1077 3011 1141 τὰς
3037 1077 3146 1131 τῶν
3170 1078 3417 1151 ἀθλητῶν
3444 1080 3539 1134 τοῦ
3569 1080 3705 1134 Θεοῦ

2130 1168 2387 1238 κεφαλάς.
2408 1167 2568 1222 Ἀλλὰ
2595 1167 2765 1222 ταῦτα
2786 1169 2984 1234 πάντα,
3009 1169 3170 1239 φασὶν
3203 1173 3251 1224 οί
3279 1171 3373 1226 τοῦ
3404 1171 3542 1225 Θεοῦ
3571 1172 3709 1245 μάρ-

2129 1274 2311 1329 τυρες,
2347 1260 2411 1313 σὺ
2436 1260 2568 1331 ἡμῖν
2596 1260 2892 1331 ἐπήγαγες,
2920 1263 2948 1313 ὁ
2976 1262 3128 1326 Θεός.
3154 1262 3245 1334 Μὴ
3274 1262 3382 1334 γάρ
3407 1280 3503 1317 σου
3532 1263 3709 1334 βουλο-

2133 1348 2316 1418 μένου,
2343 1349 2444 1404 ούκ
2466 1350 2533 1405 άν
2571 1367 2623 1404 τι
2646 1351 2885 1407 τοιοῦτον
2915 1353 3034 1407 καθ’
3059 1352 3214 1425 ἡμῶν
3240 1354 3502 1426 ἐτολμᾶτο
3526 1374 3542 1387 ·
3573 1374 3706 1426 συγ-

2130 1440 2430 1514 χωροῦντος
2477 1441 2534 1495 δέ
2580 1458 2698 1508 σου,
2725 1443 2874 1498 ταῦτ’
2906 1445 3133 1514 ἐγίνετο.
3165 1447 3255 1499 Διό
3287 1464 3417 1517 φασι
3445 1449 3584 1519 πρὸς
3613 1450 3709 1503 αὐ-

2128 1532 2219 1588 τόν
2239 1551 2250 1562 ·
2277 1552 2296 1585 ι
2314 1534 2631 1605 ,Είσήγαγες
2657 1535 2805 1606 ἡμᾶς
2828 1537 2909 1601 εἰς
2928 1535 3027 1608 τήν
3054 1538 3274 1606 παγίδα.
3295 1558 3313 1591 ο
3343 1538 3414 1592 Σὺ
3433 1538 3543 1610 γὰρ
3565 1536 3708 1612 ἦσθα

2128 1624 2157 1676 ὁ
2178 1622 2598 1688 κατακλείστους
2622 1626 2769 1696 ἡμᾶς
2798 1626 2988 1694 ποιῶν,
3020 1629 3318 1699 συγχωρῶν
3343 1630 3399 1684 δὲ
3429 1632 3605 1686 ταῦτα
3625 1632 3709 1703 γίι

2131 1712 2338 1766 νεσθαι.
2374 1712 2485 1767 Kal
2519 1714 2584 1766 σὺ
2612 1712 2736 1767 ἐθου
2768 1714 2975 1785 θλίψεις
3002 1717 3094 1771 ἐπὶ
3125 1717 3215 1773 τὸν
3240 1718 3408 1773 νῶτον
3432 1722 3466 1791 ή
3476 1720 3615 1791 μῶν.
3632 1720 3710 1777 οὐ

2128 1804 2237 1876 γάρ
2258 1803 2323 1857 ἂν
2342 1802 2513 1858 ταῦτα
2535 1803 2654 1858 καθ’
2675 1804 2833 1877 ήμῶν
2858 1805 3143 1877 ἐτολμᾶτο,
3167 1808 3215 1860 εί
3237 1809 3301 1878 τῇ
3333 1807 3534 1862 σαυτοῦ
3562 1810 3709 1882 χειρὶ

2132 1894 2410 1958 σκεπάσας
2439 1893 2757 1963 ἐφύλαττες.
2783 1895 2855 1948 Σὺ
2893 1895 2951 1948 δέ
2978 1897 3073 1951 καὶ
3107 1897 3234 1959 τοὺς
3264 1896 3458 1960 ἀθέους
3498 1898 3711 1970 ἀνθρὼ-

2130 1999 2263 2045 πους
2282 1981 2615 2047 ἐπεϐίϐασας
2639 1984 2731 2036 ἐπὶ
2749 1982 2848 2046 τὰς
2873 1983 3115 2054 κεφαλάς
3135 1984 3461 2058 ήμῶν.Ἤδη
3485 1987 3544 2040 δὲ
3573 1988 3710 2060 πρὸς

2127 2072 2337 2137 τούτοις
2384 2075 2463 2137 εἰς
2513 2073 2716 2146 ἐσχατα
2768 2076 2954 2129 κακῶν
2984 2075 3239 2149 ἦλθομεν,
3269 2079 3318 2132 oi
3356 2079 3454 2149 μὲν
3499 2079 3591 2133 τὸν
3622 2080 3709 2135 διὰ

2131 2164 2301 2236 πυρὸς
2350 2166 2741 2237 ὑπομείναντες
2786 2167 3033 2232 θάνατον,
3062 2171 3109 2223 οἱ
3157 2169 3215 2222 δὲ
3255 2170 3346 2223 τὸν
3388 2170 3458 2224 δι’
3494 2170 3707 2237 ὓδατος.

2127 2257 2352 2330 Σίδηρος
2393 2260 2491 2331 μὲν
2522 2259 2630 2331 γὰρ
2662 2262 2755 2315 καὶ
2785 2261 2842 2314 αἱ
2885 2260 2975 2331 διὰ
3020 2261 3238 2334 σιδήρου
3270 2262 3544 2329 κολάσεις,
3575 2264 3630 2318 οῖ
3650 2280 3709 2319 τε

2127 2348 2273 2402 ἄλλοι
2311 2349 2550 2413 θάνατοι,
2581 2349 2674 2414 οὒς
2704 2353 2753 2404 oi
2781 2350 2998 2416 πλείους
3027 2354 3059 2423 ή
3069 2352 3184 2422 μῶν
3228 2353 3706 2427 ύπομεμενήκασι,

2126 2447 2187 2498 τὸ
2221 2443 2388 2515 μηθὲν
2415 2443 2780 2516 ἐνομίσθησαν
2818 2444 3118 2516 παραθέσει
3164 2444 3271 2498 τῶν
3311 2445 3590 2518 χειρόνων.
3618 2447 3709 2500 Διὸ

2128 2538 2308 2590 ἐκεῖνα
2340 2536 2439 2606 μὲν
2471 2537 2892 2608 σεσιωπήκαμεν
2912 2553 2925 2566 ·
2952 2538 3075 2590 ἐπεὶ
3094 2537 3174 2602 δὲ,
3200 2537 3275 2603 ὡς
3304 2539 3362 2589 ἐν
3382 2537 3600 2601 δεινοῖς,
3626 2538 3710 2591 ού-

2126 2628 2215 2682 δέν
2245 2630 2424 2699 χεῖρον
2452 2626 2547 2681 τοῦ
2589 2628 2678 2681 διὰ
2717 2629 2887 2700 πυρὸς
2915 2627 3146 2682 θανάτου
3172 2629 3265 2683 καὶ
3289 2628 3385 2682 τοῦ
3424 2628 3491 2682 δι’
3518 2629 3710 2693 ὓδατος

2127 2722 2470 2792 νενόμισται,
2500 2720 2671 2776 ταῦτα
2713 2721 2771 2775 δὲ
2820 2716 3175 2794 αὑτάφαμεν
3206 2723 3706 2794 ὑπομεμενηκέναι.

2129 2813 2287 2875 Τινὲς
2324 2813 2421 2883 μὲν
2453 2812 2561 2884 γὰρ
2590 2812 2745 2883 ήμῶν
2779 2812 3099 2885 ὑποϐρύχιοι
3129 2811 3364 2884 θαλάττῃ
3412 2814 3506 2865 καὶ
3543 2830 3709 2867 ποντα-

2130 2909 2248 2977 μοίς
2270 2905 2642 2977 παρεδόθησαν
2663 2921 2676 2934 ·
2706 2907 2755 2960 οί
2778 2905 2835 2961 δὲ
2857 2907 2955 2977 τὴν
2974 2906 3061 2959 διὰ
3087 2907 3256 2979 πυρὸς
3278 2906 3707 2977 τιμωρίαν,ὑπέ-

2129 3012 2346 3068 στησαν.
2378 2994 2477 3048 Διὰ
2498 2995 2763 3050 τοσούτων
2789 2991 2881 3050 οὖν
2928 2995 3254 3067 ἐδοκίμασας
3283 2998 3452 3067 ἡμᾶς,
3486 2998 3516 3049 ό
3548 2996 3701 3061 Θεὸς,

2128 3090 2222 3142 καὶ
2253 3087 2342 3142 διὰ
2372 3087 2573 3141 τούτων
2607 3088 2860 3144 ἁπάντων
2893 3087 3182 3159 ἐπύρωσας
3216 3089 3381 3160 ἡμᾶς,
3402 3088 3476 3153 ὡς
3505 3086 3709 3158 πυροῦ-

2130 3196 2220 3233 ται
2242 3179 2302 3234 τὸ
2330 3179 2472 3251 ἁργύ
2481 3196 2612 3250 ριον.

2213 3269 2371 3324 Ἀλλὰ
2395 3270 2571 3325 ταῦτα
2593 3270 2769 3325 πάντα
2796 3270 3089 3340 ἐπαγαγὼν
3123 3273 3273 3344 ἡμῖν,
3305 3270 3466 3325 πάλιν
3498 3271 3560 3323 σὺ
3602 3271 3703 3324 a6-

2127 3361 2218 3425 τὸς
2240 3361 2505 3434 ἐξήγαγες
2536 3364 2681 3434 ἡμᾶς
2702 3365 2781 3427 είς
2805 3363 3103 3435 ἀναψυχήν.
3135 3364 3208 3417 Ού
3235 3362 3340 3434 γὰρ
3377 3362 3532 3435 ήμῶν
3554 3358 3624 3434 ἦν
3647 3360 3711 3415 τὸ

2130 3458 2417 3529 ὑπομεῖναι
2464 3460 2559 3513 καὶ
2589 3458 2870 3527 διαφυγεῖν
2904 3457 2971 3511 τὰ
3003 3455 3258 3520 τοσαῦτα,
3294 3455 3428 3510 ἀλλὰ
3477 3455 3572 3509 σοῦ
3619 3454 3711 3508 τοῦ

2133 3549 2366 3620 μεγάλου
2401 3550 2650 3622 Σωτῆρος
2668 3565 2682 3580 ·
2712 3548 2787 3613 ὡς
2809 3547 2917 3620 γὰρ
2941 3548 3231 3619 εἰσήγαγες
3254 3549 3331 3610 είς
3358 3546 3460 3618 τὴν
3487 3546 3709 3615 παγίδα,

2128 3642 2271 3697 οῦτω
2314 3643 2408 3697 καὶ
2443 3642 2711 3713 ἐξήγαγες
2753 3641 2831 3703 εἰς
2858 3639 3154 3710 ἀναψυχήν.
3174 3635 3390 3707 Ἐπειδὴ
3422 3636 3499 3708 μὴ
3529 3637 3713 3708 παρά-

2133 3752 2270 3806 μονα
2320 3734 2507 3797 εἴασας
2556 3733 2710 3804 ἡμῶν
2748 3732 2817 3785 τὰ
2847 3730 3165 3803 σκυθρωπὰ,
3195 3729 3327 3801 μηδὲ
3372 3731 3452 3792 εἰς
3483 3729 3713 3800 ἄπειρον

2130 3826 2453 3899 παρέτεινας
2480 3825 2578 3897 τὴν
2613 3824 2810 3895 θλίψιν,
2845 3823 2977 3895 μηδὲ
3010 3824 3089 3887 είς
3123 3822 3329 3893 μακρὸν
3362 3821 3553 3892 χρόνον
3584 3838 3711 3874 συν-

2130 3918 2413 3991 εχώρησας
2436 3918 2687 3990 ἐπιϐῆναι
2710 3917 2805 3972 ἀνθ
2815 3916 3026 3988 ρώπους
3049 3915 3141 3968 ἐπὶ⁵
3157 3910 3255 3977 τὰς
3271 3913 3514 3984 κεφαλὰς
3534 3912 3712 3985 ἡμῶν

2131 4009 2245 4064 ἀλλ’
2271 4010 2393 4064 οὐδὲ
2434 4011 2492 4061 ἐν
2520 4008 2599 4080 τῷ
2640 4008 2772 4079 πυρὶ
2803 4007 3085 4078 γενόμενοι
3113 4004 3569 4076 ἐνυπεμείναμεν,
3594 4004 3716 4058 οὐδὲ

2131 4105 2190 4157 ἐν
2220 4102 2298 4173 τῷ
2324 4101 2475 4155 ὕδατι
2500 4100 2860 4173 ἐμϐληθέντες
2887 4099 3293 4170 κατεπόθημεν·
3331 4099 3427 4151 καὶ
3475 4098 3638 4151 τοῦτο
3657 4097 3716 4151 δὲ

2131 4194 2446 4266 διήλθομεν·
2484 4193 2564 4246 διὸ
2596 4193 2843 4252 λέλεκται
2862 4208 2876 4221 °
2913 4210 2932 4243 ι
2964 4189 3259 4261 Διήλθομεν
3289 4190 3378 4243 διὰ
3401 4192 3598 4262 πυρὸς,
3621 4192 3718 4243 καὶ

2131 4286 2224 4339 τὸν
2271 4285 2428 4357 βυθὸν
2471 4285 2579 4338 τῶν
2619 4285 2825 4340 ὑδάτων
2872 4285 3247 4358 διεξήλθομεν
3283 4303 3301 4336 δ
3335 4284 3416 4337 διὸ
3442 4284 3563 4349 καὶ,
3603 4304 3624 4337 ι
3650 4284 3718 4339 δι’

461 4376 635 4446 gressi
658 4391 887 4443 sumus;
929 4394 947 4427 ι
984 4374 1109 4431 ideo
1147 4375 1384 4439 dicitur,
1425 4396 1442 4427 ι
1481 4392 1579 4447 per
1609 4391 1826 4446 aquam.
1876 4396 1895 4428 ι
1935 4375 2028 4434 His

2137 4378 2345 4443 ὓδατος,
2380 4398 2400 4431 ι
2451 4378 2680 4450 εἴρηται.
2724 4379 2834 4432 Kal
2862 4378 2927 4448 δὴ
2953 4379 3046 4431 ἐπὶ
3066 4376 3276 4440 τούτοις
3308 4377 3514 4431 ἅπασιν
3547 4377 3720 4446 ἐγγυ-

460 4471 715 4525 onmihus
743 4485 845 4527 nos
881 4471 1147 4543 probasti,
1186 4480 1511 4542 sumptoque
1535 4471 1807 4541 patientiae
1833 4479 1887 4527 et
1912 4486 2028 4542 per-

2144 4473 2353 4545 μνάσας
2385 4475 2533 4544 ἡμᾶς
2562 4473 2656 4526 καὶ
2683 4473 2781 4543 τῆς
2805 4473 3081 4543 ὑπομονῆς
3103 4474 3136 4543 ή
3146 4470 3259 4542 μῶν
3281 4470 3498 4541 καὶτῆς
3523 4487 3722 4543 καρτε-

462 4563 782 4618 severantiae
812 4572 1018 4619 nostra;
1042 4564 1436 4633 experimento,
1468 4564 1709 4619 eduxisti
1744 4582 1844 4621 nos
1864 4566 1921 4620 in
1945 4582 2033 4621 re-

458 4654 781 4725 frigerium;
812 4653 946 4720 sive,
975 4655 1277 4710 secundum
1302 4653 1712 4727 Symmachum,
1753 4678 1772 4709 ι
1816 4658 1872 4713 in
1905 4659 2031 4714 lati-

462 4746 728 4801 tudinem.
773 4765 793 4799 ι
829 4744 946 4801 Hoc
971 4755 1149 4801 autem
1177 4745 1398 4803 diverso
1423 4747 1584 4802 modo
1615 4748 1894 4819 impletum
1924 4760 2027 4807 est.

462 4834 596 4889 Nam
620 4850 745 4890 cum
773 4852 943 4891 unum
971 4836 1043 4892 sit
1072 4836 1455 4909 religiosorum
1484 4838 1770 4901 hominum
1797 4856 2031 4912 corpus;

461 4937 517 4984 et
542 4928 633 4982 alii
659 4927 880 4998 quidem
908 4928 1025 4984 haec
1049 4929 1198 4999 passi
1240 4931 1373 4997 sint,
1411 4930 1504 4984 alii
1534 4931 1865 5002 supplicium
1915 4933 2026 4990 lue-

463 5023 591 5084 rint,
626 5022 719 5076 alii
747 5022 925 5077 solum
954 5023 1157 5077 mulcta
1178 5025 1447 5081 bonorum
1480 5026 1764 5082 exercitati
1792 5026 2030 5095 fuerint;

461 5115 552 5169 alii
590 5114 715 5185 fuga
768 5122 823 5168 et
878 5130 1100 5171 secessu
1133 5115 1485 5172 familiarium
1544 5119 1754 5189 probati
1808 5118 2030 5186 fuerint,

463 5224 572 5263 non
610 5206 703 5264 diu
732 5214 921 5277 postea
953 5208 1197 5262 omnium
1240 5208 1363 5264 finis
1406 5211 1659 5266 omnibus
1699 5210 1911 5268 faustus
1938 5227 2032 5267 oc-

460 5300 657 5356 currit.
688 5297 825 5353 Nam
849 5297 945 5353 Dei
1001 5308 1269 5370 martyres
1308 5308 1483 5355 morte
1525 5304 1909 5366 consummati,
1940 5319 2034 5358 ve—

461 5409 586 5448 rum
639 5392 982 5464 refrigerium
1033 5391 1398 5454 invenerunt,
1442 5400 1505 5447 ut
1547 5393 1728 5451 dicere
1778 5396 2031 5451 valeant:

468 5505 488 5537 ι
520 5486 869 5550 Convertere,
892 5484 1071 5539 anima
1091 5498 1232 5549 mea,
1252 5485 1305 5538 in
1324 5485 1566 5554 requiem
1587 5494 1756 5552 tuam,
1780 5489 1906 5558 quia
1932 5487 2036 5543 Do-

463 5579 646 5634 minus
668 5576 937 5633 benefecit
959 5577 1079 5639 tibi,
1096 5577 1352 5646 quoniam
1380 5577 1579 5645 eripuit
1601 5580 1834 5633 animam
1860 5594 2035 5635 meam

464 5665 533 5723 de
567 5679 743 5722 morte
765 5668 832 5731 ⁸⁸,
883 5687 901 5718 ι
941 5677 1049 5721 etc.
1083 5665 1207 5723 llazc
1232 5667 1432 5740 quippe
1455 5666 1631 5722 amnia
1678 5670 2036 5738 praesentibus

538 5782 583 5816 "
611 5781 753 5838 Psal.
788 5797 933 5840 cxw.
961 5783 1010 5841 7.
1043 5782 1099 5838 8.

2145 4567 2264 4638 ρίας
2287 4565 2385 4636 τὴν
2410 4564 2634 4636 δοκιμήν
2654 4564 2833 4618 λαϐὼν
2855 4564 3117 4636 ἐξήγαγες
3140 4563 3286 4632 ἡμᾶς
3307 4563 3387 4625 είς
3406 4562 3713 4634 ἀναψυχήν·

2140 4658 2172 4728 ἢ
2211 4657 2352 4712 κατὰ
2373 4657 2464 4711 τὸν
2493 4656 2808 4728 Σύμμαχον,
2842 4673 2861 4707 ί
2886 4658 2965 4720 εἰς
2992 4654 3352 4726 εὐρυχωρίαν.
3377 4673 3395 4704 ι
3420 4654 3533 4706 Kal
3564 4654 3719 4707 τοῦτο

2140 4750 2196 4803 δὲ
2230 4749 2530 4822 ἐπληροῦτο
2550 4749 2821 4821 διαφόρως
2839 4765 2854 4778 ·
2885 4748 3004 4812 ἐνὸς
3033 4747 3141 4817 γὰρ
3169 4747 3319 4809 ὄντος
3341 4744 3437 4798 τοῦ
3470 4746 3582 4799 τῶν
3613 4746 3717 4799 θεο-

2142 4841 2312 4895 σεϐὦν
2354 4842 2623 4913 σώματος,
2653 4842 2747 4895 καὶ
2778 4840 2885 4896 τῶν
2916 4840 3014 4911 μὲν
3048 4839 3174 4894 τάδε
3212 4837 3585 4903 πεπονθότων,
3614 4837 3714 4890 τῶν

2140 4935 2196 4988 δὲ
2224 4934 2633 5004 ὑπομεινάντων
2659 4932 2950 5005 τιμωρίαν,
2986 4930 3095 4985 τῶν
3124 4930 3180 4983 δὲ
3205 4932 3272 5003 τῇ
3303 4929 3412 4984 τῶν
3437 4930 3713 5003 ὑπαρχόν-

2140 5044 2248 5080 των
2283 5024 2455 5098 ζημία
2502 5025 2640 5100 μόνῃ
2686 5024 3138 5097 δοκιμασθέντων,
3168 5021 3275 5076 τῶν
3319 5024 3377 5077 δὲ
3420 5023 3510 5078 διὰ
3542 5024 3715 5096 φυγῆς

2142 5118 2235 5170 καὶ
2261 5116 2360 5186 τῆς
2392 5116 2500 5170 τῶν
2525 5118 2741 5171 οἰκείων
2776 5116 3171 5187 ἀναχωρήσεως
3208 5116 3716 5187 ἐγγυμνασθέντων,

2142 5210 2240 5263 οὑκ
2283 5212 2363 5273 εἰς
2408 5211 2616 5283 μακρὸν
2660 5211 2721 5263 τὸ
2765 5210 2979 5263 πάντων
3016 5208 3167 5273 τέλος
3198 5212 3311 5273 τοῖς
3346 5211 3514 5262 πᾶσιν
3546 5208 3720 5262 αἴσιον

2143 5303 2378 5373 ἀπήντα.
2409 5304 2472 5356 Οἱ
2505 5303 2603 5374 μὲν
2629 5302 2736 5373 γὰρ
2768 5300 2861 5355 τοῦ
2896 5300 3033 5355 Θεοῦ
3070 5300 3344 5372 μάρτυρες
3376 5301 3465 5354 διὰ
3498 5301 3592 5354 τοῦ
3621 5299 3720 5353 θα-

2141 5395 2303 5448 νάτου
2336 5394 2730 5459 τελειωθέντες,
2759 5393 2856 5466 τὴν
2884 5392 3099 5464 ἀληθῶς
3140 5392 3420 5464 ἀναψυχήν
3464 5393 3715 5465 εὑραντο,

2141 5488 2217 5552 ὡς
2256 5488 2515 5542 δύνασθαι
2551 5489 2745 5558 φάναιο
2781 5508 2799 5538 ι
2823 5485 3198 5557 Ἐπίστρεψον,
3233 5486 3267 5555 ή
3299 5484 3446 5555 ψυχή
3482 5501 3607 5555 μου,
3637 5484 3717 5545 εἰς

2141 5580 2240 5650 τὴν
2290 5578 2592 5634 ἀνάπαυσιν
2642 5595 2759 5643 σου,
2789 5578 2871 5631 ὅτι
2913 5578 3114 5649 Κύριος
3153 5576 3492 5648 εὐηργέτησε
3515 5592 3608 5628 σε·
3635 5576 3719 5628 ὅτι

2142 5672 2382 5740 ἐξείλατο
2427 5670 2522 5725 τὴν
2565 5670 2740 5742 ψυχήν
2786 5689 2886 5743 μου
2925 5673 2990 5725 ἐκ
3023 5670 3270 5733 θανάτου,
3303 5690 3320 5721 ι
3353 5670 3447 5724 καὶ
3469 5668 3539 5722 τὰ
3568 5666 3714 5738 ἑξῆς.
