4024 6210
351 281 463 339 665

1456 285 1956 344 (ΞΟΜΜΕΝΤΛΒΙᾹ
1995 285 2062 341 IN
2100 286 2439 342 PSALMOS.

3494 291 3600 348 666

364 400 596 472 ’Δδελφα
627 418 737 474 γαρ
775 415 840 456 αν
873 402 958 474 εἴη
1000 403 1170 458 ταῦτα
1195 400 1304 457 τῶν
1326 402 1413 457 διὰ
1437 403 1546 459 τῶν
1579 405 1718 475 μετὰ
1744 409 1908 479 χεῖρα

2035 404 2196 459 sant:
2224 423 2241 454 ι
2279 402 2382 469 Qui
2419 408 2601 473 posuit
2627 401 2864 456 animam
2891 417 3068 458 meam
3100 402 3166 458 ad
3191 402 3380 467 vitam,
3409 412 3462 458 et
3490 419 3599 458 non

348 495 669 562 φασκόντων
689 513 702 526 ο
739 514 757 546 ι
787 495 894 548 Τοῦ
924 495 1148 568 θεμένου
1177 496 1273 568 τὴν
1301 498 1479 569 ψυχήν
1515 515 1616 569 μου
1651 500 1730 562 είς
1761 498 1925 570 ζωὴν,

349 585 450 636 καὶ
483 583 556 656 μὴ
596 583 778 648 δόντος
811 586 890 648 είς
927 585 1083 639 σάλον
1130 587 1254 650 τοὺς
1286 585 1450 648 πόδας
1477 602 1576 656 μου
1597 603 1609 616 ’
1653 604 1670 637 ι
1701 586 1795 639 καὶ
1826 586 1931 639 πά-

347 675 436 730 λιν
455 694 469 707 ·
503 695 521 728 ι
549 677 658 731 Καὶ
691 675 957 747 ἐξήγαγες
988 677 1133 747 ἡμᾶς
1162 679 1240 742 είς
1264 677 1564 749 ἀναψυχήν.
1590 679 1652 731 Οί
1679 677 1737 731 δὲ
1769 678 1826 731 ἑν
1850 676 1928 748 τῷ

348 768 455 842 βίῳ
505 769 907 840 πεφυλαγμένοι
959 771 1050 824 καὶ
1097 771 1195 843 τὴν
1237 770 1330 824 τοῦ
1374 769 1610 842 διωγμοῦ
1654 770 1927 840 πυρκαϊὰν

345 861 782 916 ἀποσϐεσθεῖσαν
821 860 1159 931 τεθεαμένοι,
1193 862 1249 914 ἑν
1293 862 1484 933 εἰρήνῃ
1532 860 1731 930 φαιδρᾷ
1760 876 1926 912 κατα-

347 957 596 1018 στάντες,
623 954 724 1024 τῆς
761 953 1041 1024 ἀναψυχῆς
1083 953 1294 1024 ἔτυχον,
1320 954 1412 1006 καὶ
1435 955 1514 1016 είς
1541 951 1711 1004 εῦδιον
1734 949 1924 1020 λιμένα

344 1044 808 1118 καταντήσαντες,
841 1046 935 1100 καὶ
969 1045 1064 1116 τῆς
1103 1047 1239 1117 μετὰ
1270 1045 1364 1099 τοῦ
1386 1043 1624 1116 διωγμοῦ
1653 1043 1920 1115 εὐφροσύ-

342 1157 443 1209 νης
475 1138 896 1201 ἀπολαύσαντες.
932 1139 1162 1206 Νοήσεις
1190 1138 1246 1192 δὲ
1275 1139 1420 1201 ὅπως
1449 1137 1658 1209 εἴρηται
1690 1134 1920 1189 ἐνταῦθα

346 1233 423 1285 τό·
445 1251 463 1282 ι
488 1231 852 1294 Ἐπεὸίϐασας
874 1229 1189 1302 ἀνθρώπους
1212 1232 1304 1284 ἐπὶ
1328 1229 1425 1293 τάς
1448 1229 1686 1298 κεφαλὰς
1705 1232 1738 1301 ἡ
1748 1229 1881 1299 μῶν,
1897 1249 1913 1279 ι

344 1325 613 1396 παραθεὶς
647 1324 707 1376 τὸ
736 1325 793 1377 ἑν
827 1323 999 1396 ἑτέρῳ
1028 1323 1340 1394 εἰρημένονο
1389 1341 1407 1374 ι
1437 1322 1549 1374 Καὶ
1593 1320 1688 1374 νῦν
1738 1321 1916 1390 ὖψωσε

342 1417 588 1487 κεφαλήν
625 1432 726 1486 μου
763 1416 854 1468 ἑπὶ
892 1414 1118 1485 ἐχθρούς
1155 1413 1610 1486 μου.Ἐκύκλωσα
1637 1414 1729 1467 καὶ
1754 1413 1917 1466 ἔθυσα

340 1511 399 1562 ἑν
425 1513 494 1580 τῇ
520 1511 690 1579 σκηνῇ
725 1525 817 1560 σου
853 1507 1041 1561 θυσίαν
1065 1506 1403 1577 ἀλαλαγμοῦ.
1436 1507 1675 1577 »Ὥσπερ
1693 1505 1800 1577 γὰρ
1826 1525 1919 1560 κα-

339 1601 409 1656 τὰ
455 1602 579 1664 τοὺς
624 1599 734 1652 τῶν
781 1597 1034 1670 διωγμῶν
1077 1599 1301 1671 καιροὺς
1333 1598 1682 1669 ἐπανίστησιν
1726 1600 1754 1650 ὁ
1786 1598 1916 1662 Θεὸς

340 1694 660 1767 ἀνθρώπους
687 1695 778 1748 ἐπὶ
796 1693 894 1760 τὰς
915 1693 1152 1765 κεφαλὰς
1174 1693 1206 1764 ἡ
1215 1692 1350 1764 μῶν,
1373 1690 1514 1745 οὕτω
1549 1691 1686 1761 μετὰ
1725 1690 1911 1755 ταῦτα,

2031 497 2180 552 dedit
2239 497 2293 550 in
2355 496 2780 550 commotionem
2840 495 3005 566 pedes
3069 511 3278 564 meos;
3322 516 3340 548 ι
3386 512 3450 551 ac
3477 514 3600 551 rur-

2030 604 2149 644 sum
2190 607 2203 643 :
2246 607 2264 639 ι
2301 588 2366 640 Et
2391 586 2628 642 eduxisti
2657 601 2760 641 nos
2790 587 2844 641 in
2880 587 3246 658 refrigerium.
3289 606 3308 640 ι
3352 587 3454 654 Qui
3502 603 3600 641 au-

2028 689 2136 736 tem
2175 682 2502 750 superstites
2525 679 2726 732 servati
2766 687 2916 743 sunt,
2949 681 3382 750 restinctumque
3413 696 3599 751 perse-

2027 773 2265 827 cutionis
2296 771 2607 826 incendium
2632 771 2908 834 viderunt,
2936 773 2989 826 in
3018 773 3258 841 jucunda
3289 788 3423 842 pace
3464 789 3597 828 con-

2027 864 2227 930 stituti,
2271 861 2619 932 refrigerium
2669 862 2816 915 nacti
2854 870 3004 924 sunt,
3043 873 3096 917 et
3145 864 3196 917 in
3239 865 3595 934 tranquillum

2025 963 2242 1026 portum
2263 954 2542 1024 .ingressi,
2571 962 2692 1024 post
2731 954 3168 1024 persecutionem
3222 955 3404 1008 laetitia
3448 954 3595 1010 frue-

2024 1047 2240 1102 bantur.
2287 1045 2429 1102 Sane
2473 1048 2747 1116 intelligas
2806 1063 2911 1116 qna
2967 1048 3176 1101 ratione
3219 1047 3307 1101 hic
3340 1047 3589 1103 dicatur:

2027 1156 2045 1188 ι
2082 1137 2394 1207 lmposuisti
2428 1138 2676 1193 homines
2705 1153 2873 1208 super
2896 1138 3076 1207 capita
3111 1146 3320 1202 nostra,
3354 1158 3372 1190 ι
3405 1138 3447 1192 si
3480 1139 3593 1194 haec

2019 1229 2272 1285 conferas
2306 1246 2432 1285 cum
2463 1231 2564 1286 hoc
2595 1232 2824 1287 alterius
2855 1232 3049 1302 psalmi
3085 1231 3233 1285 dicto
3264 1249 3276 1284 :
3314 1249 3334 1281 ι
3362 1229 3424 1284 Et
3446 1246 3592 1284 nunc

2018 1323 2278 1377 exaltavit
2298 1331 2459 1392 caput
2489 1339 2667 1378 meum
2695 1339 2860 1394 super
2883 1323 3135 1378 inimicos
3165 1339 3337 1378 meos.
3355 1322 3592 1377 Circuivi

2017 1421 2069 1466 et
2100 1413 2374 1468 immolavi
2430 1414 2486 1467 in
2535 1413 2893 1469 tabernaculo
2923 1424 3018 1468 tuo
3049 1413 3286 1468 hostiam
3314 1413 3593 1488 iubilatio-

2019 1498 2187 1555 nis"°.
2229 1519 2247 1553 ι
2301 1499 2771 1566 Quemadmodum
2815 1504 2959 1558 enim
3008 1503 3407 1573 persecutionis
3447 1512 3589 1558 tem-

2017 1608 2147 1663 pore
2174 1594 2404 1664 imponit
2433 1594 2577 1651 Deus
2604 1596 2854 1652 homines
2885 1613 3049 1666 super
3074 1597 3252 1667 capita
3275 1604 3480 1661 nostra,
3514 1597 3590 1651 ita

2021 1696 2308 1756 postquam
2335 1687 2522 1742 eduxit
2553 1703 2654 1745 nos
2686 1689 2740 1742 in
2773 1688 3145 1760 refrigerium,
3180 1690 3384 1744 exaltat
3411 1691 3589 1760 capita

343 1789 436 1841 ὅτε
466 1789 722 1859 ἐξήγαγεν
750 1787 898 1857 ἡμᾶς
939 1787 1019 1849 είς
1061 1783 1362 1855 ἀναψυχὴν,
1394 1783 1518 1853 ὑψοί
1546 1781 1646 1846 τὰς
1678 1781 1908 1851 κεφαλὰς

2018 1787 2206 1831 nostra
2258 1794 2423 1848 super
2473 1780 2728 1835 inimicos
2771 1788 3010 1836 nostros.
3061 1779 3228 1850 quue
3273 1781 3590 1852 prophetice

345 1881 378 1950 ἠ
387 1880 504 1951 μῶν
526 1881 616 1932 ἑπὶ
641 1880 761 1942 τοὺς
790 1878 1015 1950 ἑχθροὺς
1039 1879 1071 1949 ἡ
1081 1878 1215 1948 μῶν.
1242 1878 1352 1930 Καὶ
1384 1875 1540 1931 τοῦτο
1568 1875 1916 1948 προφητικῶς

341 1974 533 2045 ἐδήλου
558 1977 585 2028 ὁ
605 1974 806 2045 φήσας·
851 1991 868 2023 ι
897 1972 1008 2026 Καὶ
1035 1971 1128 2026 νῦν
1159 1970 1342 2042 ῦψωσε
1390 1971 1631 2042 κεφαλήν
1680 1987 1778 2041 μου
1822 1970 1915 2022 ἐπὶ

339 2065 565 2137 ἐχθρούς
598 2083 718 2137 μου.
752 2063 1146 2136 Είσελεύσομαι
1179 2065 1257 2127 είς
1282 2063 1375 2116 τὸν
1406 2058 1554 2116 οἶκόν
1590 2081 1681 2116 σου
1708 2065 1765 2116 ἑν
1799 2063 1915 2117 ὁλο-

334 2157 713 2228 καυτώμασιν.
753 2177 771 2209 ι
809 2158 870 2210 UE
909 2156 1006 2228 μὲν
1035 2157 1142 2227 γὰρ
1175 2156 1318 2224 ἅγιοι
1339 2154 1432 2208 τοῦ
1462 2155 1597 2209 Θεοῦ
1643 2156 1916 2228 μάρτυρες

334 2250 475 2320 μετὰ
506 2249 634 2312 τοὺς
661 2248 926 2320 μεγάλους
955 2246 1164 2310 ἄθλους,
1195 2246 1289 2311 οὓς
1313 2247 1784 2318 ὑπομεμενήκασι,
1827 2247 1913 2301 διά

331 2341 509 2412 πυρὸς
559 2341 653 2392 καί
697 2338 886 2402 ὕδατος
909 2336 1225 2401 διελθόντες,
1253 2339 1333 2401 είς
1357 2336 1632 2407 ἀναψυχὴν
1671 2335 1911 2408 παρελή-

331 2431 570 2502 φθησαν.
607 2426 740 2483 Εἶτα
769 2429 858 2483 τὺν
881 2429 1198 2500 ἐπουράνιον
1227 2427 1319 2481 τοῦ
1347 2426 1480 2480 Θεοῦ
1503 2421 1649 2479 οἷκον
1669 2425 1758 2478 τὸν
1789 2424 1914 2497 ἀλη-

330 2519 479 2573 θινὸν
524 2520 903 2582 ἀπολαϐόντες,
955 2519 1151 2589 φασίν·
1211 2537 1229 2568 ι
1267 2515 1655 2586 Είσελεύσομαι
1701 2516 1782 2579 είς
1821 2515 1910 2569 τὸν

329 2608 482 2665 οἶκόν
514 2629 606 2666 σου
648 2615 705 2666 ἑν
749 2612 1180 2682 όλοκαυτὼμασι.
1211 2629 1227 2662 ι
1249 2610 1336 2673 Ὡς
1359 2608 1468 2680 γὰρ
1495 2607 1584 2661 διά
1616 2607 1785 2678 πυρὸς
1818 2608 1911 2660 καὶ

330 2703 526 2769 csa—.0;
557 2705 872 2768 διελθόντες,
898 2704 966 2758 τὰ
1010 2703 1214 2756 ἑαυτῶν
1258 2701 1698 2771 ὁλοκαυτώματα,
1734 2702 1791 2752 ἑν
1829 2697 1910 2763 οἷς

327 2795 739 2867 ἐμαρτύρησαν,
770 2795 921 2867 δίκην
959 2795 1147 2858 θυσίας
1188 2794 1266 2864 τῷ
1309 2791 1515 2846 ἑαυτῶν
1540 2791 1908 2863 προσφέρουσι

326 2887 471 2956 Θεῷ,
511 2886 676 2958 πολλῇ
709 2887 990 2958 παρρησίᾳ
1021 2885 1291 2957 χρώμενοι
1327 2886 1409 2953 ἐφ’
1433 2879 1522 2947 αἶς
1553 2882 1784 2954 ηὔξαντο
1819 2882 1908 2935 εὐ-

330 2980 476 3046 χαῖς.
493 2975 736 3042 ηὔξαντο
763 2976 818 3029 δὲ
849 2974 1236 3044 ἀγωνίσασθαι,
1252 2974 1344 3026 καὶ
1364 2973 1566 3045 ταύτην
1585 2973 1907 3044 ἐποιήσαντο

326 3069 428 3137 τὴν
473 3068 825 3137 ἐπαγγελίαν,
856 3068 918 3121 τὺ
957 3067 1118 3140 μέχρι
1167 3065 1397 3120 θανάτου
1447 3065 1588 3137 ὑπὲρ
1627 3064 1906 3129 εὐσεϐείας

324 3164 576 3235 ἀθλῆσαι.
607 3166 693 3229 Ὠς
711 3160 804 3218 οῦν
829 3162 1248 3236 κατωρθωκότες
1281 3161 1422 3232 ἅπερ
1447 3158 1700 3230 ηῦξαντο,
1721 3159 1902 3229 φασίν⁶
1933 3156 1976 3213 C

403 3294 423 3328 ι
447 3276 734 3331 ’Δποδώσω
757 3277 948 3340 σοιτάς
963 3276 1126 3346 εὐχάς
1155 3293 1275 3347 μου,
1301 3275 1365 3337 ἃς
1381 3273 1636 3327 διέστειλε
1661 3272 1728 3328 τὰ
1749 3272 1901 3345 χείλη

327 3387 466 3442 μου·
504 3371 597 3423 καὶ
629 3370 854 3442 ἑλάλησε
885 3370 945 3423 τὸ
980 3370 1154 3441 στόμα
1190 3387 1290 3440 μου
1325 3371 1382 3422 ἑν
1412 3370 1478 3438 τῇ
1513 3365 1688 3437 θλίψει
1729 3384 1847 3438 μου.
1880 3386 1898 3417 ι

324 3462 466 3514 Κατ’
499 3460 668 3524 αὑτὰς
699 3461 806 3531 γὰρ
835 3460 932 3521 τὰς
964 3460 1169 3529 θλίψεις
1189 3499 1203 3523 ,
1239 3459 1368 3531 περὶ
1395 3452 1469 3512 ὧν
1504 3458 1758 3529 ἀνωτέρω
1791 3457 1904 3510 ἔλε-

321 3568 420 3620 γον
442 3568 456 3582 ⁸
494 3571 513 3603 ι
538 3552 702 3605 Ἐθου
731 3551 934 3622 θλίψεις
965 3553 1056 3604 ἐπὶ
1089 3551 1180 3605 τὸν
1203 3551 1370 3604 νῶτον
1390 3550 1565 3622 ήμῶν,
1594 3570 1612 3602 ι
1645 3550 1743 3622 τὴν
1770 3549 1904 3621 πρὸς

321 3643 416 3696 τὸν
434 3644 566 3698 Θεὸν
589 3644 807 3715 ἀγάπην
827 3644 1034 3697 τελείαν
1056 3645 1150 3699 καὶ
1170 3644 1361 3714 ὁλόκλη
1369 3661 1460 3714 ρον
1483 3642 1900 3714 ἐνδεικνύμενοι.

323 3737 489 3806 εὐχὰς
513 3737 749 3789 ἐτίθεντο
777 3736 870 3789 καὶ
898 3737 1226 3804 ἐπαγγελίας
1250 3735 1527 3788 ἐποιοῦντο
1556 3735 1714 3806 μέχρι
1736 3734 1900 3788 θανά-

324 3846 415 3881 του
449 3828 703 3898 ἐνστῆναι
725 3869 738 3892 ,
772 3830 1050 3899 μονονουχὶ
1081 3829 1279 3899 ὁμοίως
1306 3827 1383 3898 τῷ
1406 3826 1601 3897 Παύλῳ
1618 3827 1865 3894 λέγοντες
1884 3843 1896 3856 ο

326 3943 346 3974 ι
370 3922 467 3986 Τίς
502 3924 650 3993 ἡμᾶς
677 3924 899 3994 χωρίσει
933 3924 1038 3977 ἀπὸ
1068 3925 1164 3994 τῆς
1198 3923 1416 3994 ἀγάπης
1442 3921 1536 3974 τοῦ
1569 3919 1742 3982 Θεοῦ;
1786 3918 1899 3972 θλί-

318 4015 435 4084 ψις,
466 4014 499 4085 ἢ
534 4016 881 4086 στενοχωρία,
914 4016 946 4087 ἢ
982 4016 1238 4085 διωγμὸς,
1271 4016 1304 4086 ἢ
1336 4014 1511 4084 λιμὸς,
1541 4013 1573 4083 ἢ
1604 4013 1896 4084 γυμνότης,

319 4107 356 4180 ἢ
389 4107 682 4172 κίνδυνος;›
709 4109 819 4161 καίο
847 4109 1182 4179 «Πέπεισμαι
1209 4109 1338 4178 γὰρ.
1369 4109 1450 4161 ὅτι
1500 4105 1623 4159 οὒτε
1651 4105 1897 4169 θάνατος,

318 4198 446 4254 οὔτε
473 4201 606 4271 ζωὴ,
639 4199 760 4253 οὔτε
794 4200 1062 4254 ἐνεστῶτα
1082 4243 1095 4266 ,
1130 4201 1253 4254 οῦτε
1286 4201 1542 4271 μέλλοντα
1567 4241 1581 4264 ,
1614 4198 1897 4269 δυνήσεται

318 4296 470 4364 ἡμᾶς
493 4292 723 4365 χωρίσαι
753 4293 860 4346 ἀπὸ
891 4293 990 4363 τῆς
1020 4293 1240 4363 ἀγάπης
1272 4291 1365 4346 τοῦ
1399 4292 1532 4346 Θεοῦ
1559 4291 1658 4360 τῆς
1681 4293 1738 4344 ἑν
1765 4290 1898 4361 Χρι-

471 4382 663 4453 Ίησοῦ.
697 4402 714 4434 ι
739 4384 952 4447 Ταύτας
980 4380 1072 4437 οῦν
1093 4402 1222 4454 φησι
1249 4383 1346 4447 τὰς
1372 4385 1532 4454 εὐχὰς
1559 4382 1895 4436 ἀποδεδωκέ-

316 4492 408 4528 ναι
440 4473 516 4544 τῷ
531 4473 670 4544 Θεῷ,
697 4473 762 4539 ἂς
789 4473 1045 4527 διέστειλε
1065 4474 1131 4527 τὰ
1151 4475 1299 4545 χείλη
1323 4474 1520 4540 αὐτῶν,
1554 4475 1647 4528 καὶ
1668 4472 1894 4544 ἑλάλησε

2015 1867 2327 1936 declarabat
2373 1869 2467 1938 qui
2514 1869 2650 1923 dixit
2689 1889 2701 1922 :
2743 1888 2760 1921 ι
2805 1870 2869 1923 Ει
2913 1886 3062 1924 nunc
3115 1871 3374 1924 cxaltavit
3425 1879 3589 1942 caput

2017 1976 2196 2014 meum
2251 1977 2417 2032 super
2463 1962 2717 2017 inimicos
2765 1978 2941 2019 meos.
2991 1961 3232 2018 lntroibo
3269 1965 3325 2017 in
3365 1964 3587 2018 domum

2015 2061 2164 2105 tuam
2211 2053 2267 2106 in
2310 2053 2665 2108 holocaustis.
2704 2073 2722 2106 ι
2761 2052 2896 2107 Nam
2957 2055 3134 2108 sancti
3181 2053 3272 2110 Dei
3319 2063 3588 2126 martyres

2016 2153 2138 2214 post
2191 2160 2407 2215 magna,
2464 2161 2584 2216 qua:
2640 2147 3047 2211 sustinuerunt,
3106 2145 3438 2208 certamina,
3489 2162 3588 2216 per

2013 2237 2193 2308 ignem
2239 2246 2293 2293 et
2345 2253 2543 2309 aquam
2591 2243 2958 2312 transgressi,
3010 2243 3064 2295 in
3110 2240 3456 2312 refrigerium
3497 2255 3587 2294 re-

2013 2330 2154 2400 cepti
2199 2338 2348 2384 sunt.
2381 2329 2587 2387 Deinde
2628 2333 2796 2402 petita
2840 2334 2931 2388 illa
2973 2335 3184 2388 cmlesti
3223 2349 3286 2387 ac
3317 2349 3444 2389 vera
3487 2332 3584 2388 Dei

2013 2421 2196 2486 domo,
2231 2424 2382 2476 aiunt
2417 2443 2428 2477 :
2470 2442 2487 2474 ι
2523 2423 2836 2479 lntroiboin
2871 2425 3092 2480 domum
3129 2433 3279 2479 tuam
3324 2426 3377 2479 in
3427 2425 3583 2479 holo-

2011 2515 2236 2569 caustis.
2278 2532 2297 2564 ι
2355 2512 2551 2584 Utpote
2600 2517 2744 2569 enim
2791 2518 2882 2586 qui
2933 2532 3029 2588 per
3085 2518 3262 2586 ignem
3294 2525 3348 2570 et
3387 2531 3584 2587 aquam

2010 2602 2353 2667 transierint,
2385 2603 2704 2661 holocausta
2739 2621 2859 2671 sua,
2886 2605 3041 2676 queis
3077 2606 3397 2676 martyrium
3431 2609 3580 2676 passi

2010 2701 2137 2748 sunt
2187 2694 2357 2749 instar
2397 2694 2587 2751 hostia:
2630 2698 2740 2752 Deo
2769 2713 2872 2754 suo
2891 2696 3148 2760 offerunt,
3182 2698 3354 2752 multa
3401 2699 3484 2752 usi
3524 2700 3581 2754 in

2008 2785 2262 2854 precibus
2292 2785 2589 2842 fundendis
2623 2789 2839 2845 fiducia.
2873 2789 3116 2845 Orabant
3153 2790 3352 2861 quippe
3377 2798 3436 2844 ut
3459 2806 3580 2846 cer-

2009 2876 2214 2931 tamina
2249 2878 2470 2944 inirent,
2499 2879 2601 2934 hac
2641 2881 2765 2934 data
2792 2882 3179 2951 promissione,
3224 2898 3283 2938 se
3309 2897 3481 2953 usque
3510 2885 3580 2937 ad

2009 2977 2236 3024 mortem
2273 2985 2372 3041 pro
2401 2972 2601 3042 pietate
2632 2981 2958 3031 certaturos.
2995 2973 3193 3046 Utpote
3222 2991 3352 3032 vero
3370 2992 3429 3032 re
3446 2977 3583 3033 bene

2006 3073 2158 3132 gesta
2190 3078 2288 3134 pro
2318 3080 2424 3135 qua
2452 3067 2656 3136 precati
2687 3065 2924 3132 fuerant,
2951 3067 3171 3124 dicunt;

2077 3269 2244 3327 Vens.
2283 3271 2368 3336 l4,
2413 3271 2498 3326 15.
2531 3289 2549 3321 ι
2585 3269 2828 3326 Reddam
2857 3271 2956 3326 tibi
2987 3281 3112 3327 vota
3135 3287 3274 3338 mea,
3305 3289 3426 3344 quae
3459 3276 3578 3331 dis-

2005 3363 2284 3417 tinxerunt
2323 3363 2471 3416 labia
2512 3378 2667 3418 mea:
2699 3371 2752 3419 et
2791 3363 3035 3418 locutum
3066 3371 3150 3419 est
3199 3379 3263 3419 os
3313 3380 3494 3420 meum
3519 3367 3576 3420 in

2007 3453 2356 3508 tribulatione
2404 3469 2578 3508 mea.»
2623 3453 2679 3508 ln
2735 3455 2870 3524 ipsis
2927 3469 3164 3524 namque
3211 3455 3578 3511 tribulationi-

2004 3543 2128 3606 bus,
2163 3545 2230 3598 de
2252 3545 2450 3614 quibus
2484 3559 2649 3614 supra
2684 3545 2979 3600 dicebant:
3020 3563 3037 3596 ι
3070 3544 3310 3600 Posuisti
3343 3547 3578 3602 tribula-

2004 3636 2181 3691 tiones
2236 3637 2290 3690 in
2346 3638 2512 3692 dorso
2565 3645 2812 3701 nostro,»
2869 3637 3166 3707 perfectam
3198 3649 3253 3694 et
3300 3640 3570 3710 integram

2002 3745 2128 3800 erga
2161 3728 2328 3784 Deum
2357 3730 2681 3784 charitatem
2715 3730 3060 3796 exhibentes,
3093 3747 3284 3800 preces
3330 3731 3574 3789 effunde-

2002 3829 2134 3884 bant
2170 3842 2223 3883 et
2252 3828 2523 3898 promissa
2554 3829 2778 3890 dabant,
2815 3844 2873 3883 se
2903 3827 2968 3881 ad
2999 3836 3227 3883 mortem
3259 3843 3432 3898 usque
3460 3844 3578 3899 perv

2003 3929 2376 3988 severaturos,
2425 3931 2638 3977 tantum
2708 3938 2816 3978 non
2867 3924 3113 3979 dicentes
3181 3939 3307 3978 cum
3367 3923 3572 3981 Paulo:

2008 4033 2025 4064 ι
2050 4013 2185 4080 Quis
2207 4031 2309 4070 nos
2342 4015 2620 4086 separabit
2649 4031 2678 4068 a
2710 4016 2980 4072 charitate
3015 4015 3146 4071 Dei?
3169 4017 3471 4082 tribulatio,
3506 4033 3576 4071 an

2002 4107 2276 4176 angustia,
2306 4124 2374 4161 an
2406 4109 2736 4177 persecutio,
2774 4124 2845 4162 an
2890 4107 3088 4174 fames,
3123 4123 3191 4163 an
3226 4107 3469 4171 nuditas,
3503 4123 3572 4161 an

2001 4200 2304 4269 periculum
2327 4200 2413 4254 7‘?
2439 4220 2458 4251 ι
2497 4209 2584 4256 et:
2618 4220 2634 4250 ι
2660 4200 2855 4256 Certus
2887 4216 3007 4256 sum
3032 4202 3199 4265 enim,
3233 4201 3376 4270 quod
3399 4214 3573 4269 neque

2001 4305 2170 4354 mors,
2213 4305 2391 4360 neque
2420 4291 2552 4354 vita,
2586 4307 2764 4360 neque
2810 4293 3120 4361 praesentia,
3158 4306 3336 4360 neque
3383 4289 3572 4342 futura

2001 4388 2256 4448 poterunt
2284 4396 2384 4436 nos
2413 4397 2670 4452 separare
2698 4399 2726 4435 a
2761 4382 3029 4436 charitate
3057 4380 3174 4444 Dei,
3223 4395 3343 4450 qua:
3385 4387 3471 4435 est
3513 4379 3571 4433 in

1997 4473 2218 4528 Christo
2246 4471 2436 4528 Jesu"
2457 4494 2502 4528 ,ι
2543 4473 2667 4529 Haec
2701 4491 2760 4530 se
2783 4483 2907 4528 vota
2941 4473 3051 4528 Deo
3102 4473 3408 4528 reddidisse
3466 4473 3566 4538 ait,

316 4565 380 4618 τὸ
411 4566 582 4636 στόμα
613 4564 791 4619 αὐτῶν
823 4567 881 4618 ἑν
909 4569 974 4636 τῇ
1006 4565 1179 4636 θλίψει
1213 4566 1410 4620 αὐτῶν.
1444 4567 1552 4620 Καὶ
1580 4565 1802 4618 τοιαῦτά
1830 4581 1894 4632 γε

2009 4581 2123 4634 qua:
2152 4564 2524 4620 distinxerunt
2554 4566 2699 4619 labia
2736 4581 2858 4629 sua,
2892 4573 2946 4620 et
2993 4567 3232 4619 locutum
3261 4572 3345 4620 est
3375 4579 3438 4618 os
3466 4578 3564 4618 eo-

314 4653 386 4728 ἧν
415 4677 432 4709 ι
456 4657 523 4710 τὰ
546 4657 972 4728 ὁλοκαυτώματα
991 4678 1008 4709 ι
1037 4659 1216 4711 αὐτῶν
1241 4677 1259 4709 ι
1287 4657 1690 4728 μεμυαλωμένα
1713 4676 1729 4708 ι
1765 4657 1891 4726 άλη-

315 4749 449 4812 θῶς.
506 4749 574 4801 Αἱ
624 4747 752 4817 γοῦν
797 4747 968 4818 ψυχαὶ
1011 4748 1186 4801 αὐτῶν
1210 4789 1225 4811 ,
1261 4748 1522 4819 φέρουσαι
1557 4747 1617 4800 τὸ
1650 4749 1768 4798 πῖον
1801 4747 1894 4798 καὶ

311 4841 540 4894 δυνατὸν
590 4841 687 4911 τῆς
739 4841 972 4905 πίστεως
998 4880 1012 4904 ,
1063 4836 1214 4892 εἶπον
1259 4839 1324 4892 ἂν
1367 4839 1426 4893 τὸ
1463 4841 1521 4892 ἑν
1552 4839 1722 4910 ἑτέρῳ
1748 4837 1895 4891 λελε-

312 4933 518 5004 γμένον
539 4949 551 4961 ’
588 4952 606 4984 ι
638 4934 780 4986 Ὠσεὶ
814 4934 1033 4997 στέατος
1087 4933 1180 4986 καὶ
1209 4933 1459 5003 πιότητος
1487 4930 1826 5003 ἐμπλησθείη
1861 4931 1895 5000 ἡ

312 5025 462 5096 ψυχή
507 5043 641 5096 μου,
676 5027 768 5079 καὶ
807 5025 959 5096 χείλη
994 5025 1364 5095 ἀγαλλιάσεως
1392 5025 1593 5078 αἰνέσει
1630 5024 1691 5078 τὸ
1719 5025 1893 5095 στόμα

317 5131 443 5183 μου.
473 5133 490 5164 ι
520 5114 674 5168 Οῦτω
703 5114 830 5182 γοῦν
864 5135 881 5166 ι
909 5115 1312 5187 μεμυαλωμένα
1333 5135 1351 5167 ν
1377 5115 1592 5185 λέγεται
1617 5115 1684 5169 τά
1707 5117 1898 5187 εὐτρα-

312 5205 392 5275 φῆ
423 5207 519 5258 καὶ
544 5207 702 5259 πίονα
724 5209 816 5260 καὶ
841 5208 1068 5279 λιπαρά.
1089 5207 1347 5260 Τοιαῦται
1369 5206 1426 5259 δὲ
1448 5207 1806 5276 τυγχάνουσιν
1836 5208 1891 5260 αί

313 5298 426 5350 τῶν
456 5297 702 5368 ἀθλητῶν
731 5299 825 5353 τοῦ
856 5300 991 5353 Θεοῦ
1022 5302 1219 5373 ψυχαὶ,
1250 5302 1315 5352 ἑκ
1346 5299 1454 5352 τῶν
1490 5300 1647 5354 θείων
1678 5301 1770 5354 καὶ
1807 5300 1894 5354 λο-

312 5387 490 5456 γικῶν
515 5389 727 5459 τροφῶν
765 5410 781 5441 ι
808 5391 1232 5462 μιμυαλωμέναι
1253 5432 1267 5452 ,
1297 5411 1314 5441 ι
1351 5391 1444 5444 καὶ
1474 5389 1634 5462 μηδὲν
1668 5391 1891 5444 ὑποκεί-

316 5498 481 5553 μενον
507 5481 744 5553 ἔχουσαι,
774 5485 905 5556 μηδὲ
931 5485 1170 5548 ἀσθενέςο
1203 5485 1283 5539 διό
1312 5503 1493 5555 φασιν’
1525 5504 1542 5536 ι
1566 5483 1894 5538 Ὀλοκαυτώ-

322 5589 473 5642 ματα
528 5573 930 5646 μεμυαλωμένα
962 5576 1160 5629 ἀνοίσω
1183 5593 1265 5630 σοι
1303 5576 1438 5647 μετά
1472 5575 1830 5647 θυμιάματος.
1868 5594 1886 5626 ι

1997 4673 2118 4711 rum
2157 4658 2212 4710 in
2245 4657 2598 4712 tribulatione
2631 4660 2896 4729 ipsorum.
2940 4658 3004 4710 Et
3036 4659 3150 4713 haec
3198 4674 3326 4714 vere
3376 4675 3568 4716 eorum

2006 4767 2024 4799 ι
2064 4747 2384 4803 holocausta
2438 4749 2754 4804 medullata.
2790 4769 2808 4801 ι
2852 4750 3060 4804 Anima:
3094 4751 3278 4820 itaque
3323 4751 3568 4821 ipsorum

2003 4839 2217 4909 adipem
2263 4853 2328 4894 ac
2377 4839 2636 4895 virtutem
2687 4839 2812 4896 tidei
2850 4839 3108 4908 ferentes,
3154 4841 3290 4896 illud
3327 4841 3568 4898 dixerint

2004 4934 2113 4989 alio
2151 4938 2207 4988 in
2245 4935 2456 5005 psalmo
2499 4935 2772 5005 positum:
2812 4934 3000 4989 «Sicut
3049 4935 3206 5005 adipe
3237 4942 3292 4989 et
3339 4936 3568 5008 pingue-

1998 5025 2124 5080 dine
2173 5026 2452 5096 repleatur
2483 5027 2666 5080 anima
2697 5041 2837 5092 mea,
2891 5034 2944 5081 et
2993 5027 3153 5082 labiis
3183 5027 3567 5085 exsultationis

1994 5116 2236 5171 laudabit
2280 5131 2342 5172 os
2371 5118 2660 5172 meunil'a
2710 5117 2802 5174 Sic
2829 5134 2957 5191 ergo
2988 5119 3377 5184 crassitudine,
3407 5119 3566 5188 adipe

1995 5216 2049 5261 et
2087 5207 2414 5279 pinguedine
2456 5209 2680 5277 referta,
2731 5211 3066 5266 unedullata
3091 5231 3110 5264 ι
3145 5213 3422 5267 dicuntur.
3459 5210 3562 5263 Ta-

1996 5301 2075 5354 les
2126 5315 2289 5370 porro
2337 5309 2468 5355 sunt
2513 5303 2844 5358 athletarum
2881 5303 2971 5359 Dei
3020 5303 3235 5366 animae,
3279 5301 3480 5357 divinis
3505 5308 3560 5355 et

1991 5393 2410 5449 rationabilibus
2455 5396 2594 5451 cibis
2629 5415 2647 5447 ι
2675 5397 3002 5462 medullatze,
3041 5415 3060 5449 ι
3099 5395 3230 5448 nihil
3261 5393 3554 5461 abjectum,

1991 5485 2267 5538 infirmum
2317 5486 2452 5541 nihil
2495 5487 2760 5544 habentes
2802 5507 2815 5542 :
2869 5503 3040 5558 quare
3095 5485 3319 5540 dicunt:
3347 5481 3557 5538 «Holo-

1995 5587 2185 5633 eausta
2220 5579 2514 5635 medullata
2567 5581 2787 5637 offeram
2835 5580 2936 5636 tibi
2967 5593 3088 5636 cum
3124 5578 3401 5634 incenso.»
3460 5574 3553 5632 ln~

387 5729 436 5761 "
465 5729 614 5785 Psal.
654 5746 801 5800 τινι,
830 5731 881 5787 6.
957 5734 998 5764 τι
1031 5729 1190 5787 Rom.
1225 5749 1341 5799 vni,
1374 5731 1459 5789 55.
1538 5733 1583 5766 ⁷³
1615 5731 1753 5788 Ibid.
1790 5731 1879 5787 '58.

2025 5729 2166 5786 Psal.
2197 5745 2332 5799 Lm,
2358 5731 2411 5786 6.
