4024 6210
474 325 582 386 687

1163 333 1431 390 EUSEBII
1462 330 1946 388 CESARIENSIS
1983 329 2132 388 OPP.
2169 331 2346 388 PARS
2374 333 2462 390 ΙΙΙ.
2510 363 2579 373 —-
2607 330 3014 387 EXEGETICA.

3633 330 3741 384 668

478 473 562 514 cet
584 472 705 514 sum
744 469 876 511 vero
907 454 1039 509 illud
1082 454 1355 524 intelligas
1412 468 1477 505 cx
1514 451 1618 506 hoc
1649 451 1836 506 dicto:
1884 469 1902 502 ι
1932 450 2042 505 Fiat

2152 451 2384 520 Νοήσεις
2404 450 2460 503 δὲ
2483 450 2578 504 καὶ
2607 449 2669 503 τὸ
2701 447 2951 519 θυμίαμα
2975 445 3083 499 ἀπὸ
3108 444 3205 514 τῆς
3229 443 3495 516 λεγούσης
3516 446 3702 514 φωνῆς
3720 463 3737 477 ⁶

479 549 656 602 oratio
706 561 826 601 mea
879 545 1026 601 sicut
1071 547 1359 599 incensum
1409 541 1466 597 in
1506 551 1802 611 conspectu
1836 542 2045 597 tuo“.i

478 639 572 694 lla:
603 639 770 709 igitur
799 637 1014 699 animze,
1069 634 1340 706 spirituali
1390 635 1514 704 igne
1571 640 1838 703 purgatae,
1897 633 2051 688 holo-

476 739 669 786 causta
726 728 918 785 liuere:
972 727 1085 783 sive
1133 725 1484 782 sacerdotum
1526 723 1704 779 instar
1751 723 1885 794 ipsa!
1925 739 2050 779 cor-

477 843 607 898 pora
642 839 764 888 sua,
814 829 1003 892 utpote
1033 819 1158 889 igne
1184 823 1591 879 consummata,
1625 816 1681 870 in
1729 815 2049 871 holocausta

474 919 813 975 obtulerunt.
867 914 1158 969 Orationes
1188 917 1372 966 autem
1404 909 1652 979 ipsarqu
1684 909 2046 979 thymiamata

481 1011 706 1065 fuerint.
764 1006 1036 1073 Quoniam
1095 1019 1226 1059 vero
1277 1001 1499 1065 arietes,
1555 1001 1720 1057 boves
1761 1012 1817 1057 et
1865 1002 2050 1055 hircos

474 1102 756 1156 oblaturas
797 1115 856 1153 se
891 1097 1241 1167 pollicentur,
1271 1101 1450 1148 tecum
1486 1101 1708 1162 reputes
1738 1093 1900 1147 velim
1925 1092 2041 1146 haec

474 1191 591 1259 ipsa
660 1204 724 1242 ex
785 1187 1158 1258 apostolorum
1223 1181 1533 1238 Servatoris
1605 1197 1842 1252 persona
1899 1182 2048 1237 dicta

471 1283 662 1343 fuisse,
699 1294 906 1350 perque
942 1279 1150 1342 hircos,
1183 1278 1353 1331 boves
1421 1283 1476 1330 et
1539 1276 1739 1331 arietes
1776 1289 1894 1336 eos,
1951 1275 2045 1344 qui

471 1391 575 1429 suo
627 1353 1226 1443 apostolorum°ductu
1270 1367 1511 1432 luerunt,
1566 1367 1858 1436 intelligas.
1911 1364 2044 1420 Nam

471 1467 649 1536 primo
679 1465 784 1536 ipsi
821 1471 1092 1535 martyres
1146 1461 1241 1516 Dei
1289 1461 1476 1527 fuere;
1534 1460 1730 1515 deinde
1763 1459 1906 1515 alios
1960 1461 2043 1514 sui

472 1553 718 1607 inﬁnitos
778 1551 1086 1606 imitatores
1134 1557 1189 1606 et
1243 1550 1471 1604 aemulos
1519 1548 1856 1613 excitarunt,
1906 1563 2045 1618 quos

471 1647 630 1717 quasi
661 1647 932 1701 culturam
959 1659 1114 1700 suam
1147 1644 1259 1699 Deo
1287 1643 1543 1699 oll‘erunt.
1578 1643 1793 1697 Arietes
1815 1643 2043 1708 dixeris,

474 1737 751 1808 principes
797 1736 1190 1797 Ecclesiarum,
1234 1736 1302 1790 de
1354 1734 1556 1804 quibus
1600 1733 1658 1787 in
1715 1732 2045 1803 praecedenti

2159 562 2178 595 ι
2203 545 2240 595 Γ
2244 542 2536 614 ενηθήτωὴ
2557 544 2832 614 προσευχή
2862 559 2964 613 μου
2985 541 3060 604 ὠς
3073 539 3320 610 θυμίαμα
3337 535 3570 590 ἑνώπιὸν
3585 555 3701 590 σου.
3716 557 3733 588 ι

2151 631 2319 690 Αὒται
2345 635 2442 706 μὲν
2465 632 2558 688 οὖν
2579 635 2634 689 αἱ
2663 634 2853 705 ψυχαὶ,
2884 633 2961 705 τῷ
2987 630 3340 703 πνευματικῷ
3362 631 3497 703 πυρὶ
3524 631 3735 701 καθαρ-

2151 728 2370 790 θεῖσαι,
2419 726 2845 798 ὁλοκαυτώματα
2885 726 3171 795 γεγόνασιν
3193 763 3209 788 ,
3255 725 3289 796 ἢ
3333 724 3489 796 δίκην
3524 724 3736 796 ἱερείων

2150 811 2310 872 αὗται
2327 817 2394 870 τά
2411 817 2617 871 ἑαυτῶν
2641 817 2881 888 ὀνόματα
2897 815 2997 885 (1),
3021 814 3096 878 ὼς
3118 813 3184 868 ἂν
3203 814 3290 868 διά
3320 813 3492 886 πυρὸς
3518 813 3734 866 τελειω-

2151 909 2332 974 θέντα,
2358 909 2783 980 ὁλοκαυτώματα
2812 907 3274 980 προσηνέγκαντο.
3318 907 3381 958 Al
3412 906 3468 958 δὲ
3498 923 3732 977 προσευ-

2151 1004 2244 1074 χαὶ
2269 1002 2449 1057 αὐτῶν
2475 1000 2584 1056 εἷεν
2613 1001 2679 1057 ἂν
2703 1001 2769 1055 τὰ
2790 1001 3130 1072 θυμιάματα.
3178 1001 3332 1054 Ἐπεὶ
3351 1000 3409 1054 δὲ
3429 1001 3621 1072 κριοὺς
3641 1002 3734 1054 καὶ

2151 1096 2280 1166 βόας
2315 1095 2454 1166 μετὰ
2491 1096 2742 1168 χιμάρων
2778 1094 3009 1147 ἀνοίσειν
3031 1093 3471 1162 ἐπαγγέλλονται,
3507 1094 3736 1164 ἐπιστή-

2151 1204 2264 1251 σεις
2302 1188 2452 1250 ὅπως
2480 1188 2696 1260 εἴρηται
2729 1188 2822 1240 καί
2848 1186 3020 1240 ταῦτα
3043 1187 3107 1239 ἑκ
3143 1184 3434 1256 προσώπου
3464 1185 3574 1239 τῶν
3597 1187 3730 1238 άποο

2151 1275 2352 1328 στόλων
2377 1275 2469 1330 τοῦ
2514 1276 2764 1348 Σωτῆρος
2789 1316 2804 1336 ,
2850 1275 2975 1338 τοὺς
3017 1274 3109 1328 ὑπ’
3134 1275 3312 1327 αὐτῶν
3349 1276 3732 1346 προηγμένους

2147 1370 2415 1440 χιμάρους
2447 1370 2543 1422 καὶ
2589 1368 2720 1439 βόας
2751 1370 2845 1422 καὶ
2887 1371 3072 1440 κριοὺς
3115 1370 3332 1439 νοήσας.
3386 1367 3601 1441 Πρῶτοι
3635 1369 3732 1440 μὲν

2147 1465 2256 1535 γὰρ
2289 1464 2561 1535 μάρτυρες
2589 1463 2743 1516 αὐτοὶ
2777 1463 2870 1516 τοῦ
2899 1462 3035 1516 Θεοῦ
3067 1463 3356 1532 γεγόνασιν
3374 1480 3388 1493 ·
3414 1459 3535 1516 εἶτα
3564 1480 3732 1534 μιμη-

2145 1559 2245 1621 τὰς
2278 1557 2487 1610 ἑαυτῶν
2507 1557 2601 1610 καὶ
2625 1555 2870 1627 ζηλωτὰς
2899 1556 3122 1627 μυρίους
3149 1555 3340 1617 ἄλλους
3370 1557 3734 1627 κατεστήσαν-

2145 1665 2207 1701 το
2228 1689 2242 1712 ,
2275 1647 2367 1712 οὒς
2395 1648 2584 1720 ῶσπερ
2614 1650 2788 1701 οἰκεῖα
2815 1649 3055 1720 γεώργια
3081 1646 3159 1717 τῷ
3189 1647 3308 1718 Θεῷ
3338 1648 3729 1719 προσφέρουσι.

2148 1741 2350 1812 Κριοὺς
2379 1740 2476 1811 μὲν
2506 1741 2633 1802 τοὺς
2665 1739 2932 1809 ἄρχοντας
2962 1736 3068 1790 τῶν
3097 1736 3452 1809 Ἐκκλησιῶν,
3499 1737 3628 1807 περὶ
3658 1731 3729 1789 ὧν

475 1831 683 1900 psalmo
703 1830 1017 1884 dicebatur:
1059 1846 1077 1878 ι
1109 1827 1282 1881 Induti
1317 1834 1444 1881 sunt
1485 1827 1686 1880 arietes
1719 1825 1998 1879 ovium":
2022 1843 2038 1875 ι

2149 1833 2240 1886 καί
2270 1833 2325 1884 ὲν
2349 1831 2428 1901 τῷ
2461 1830 2566 1902 πρὸ
2601 1830 2792 1883 τούτου
2824 1827 3022 1900 ψαλμῷ
3055 1829 3269 1898 ἐλέγετο
3289 1846 3304 1861 ·
3344 1849 3360 1880 ι
3385 1829 3732 1882 Ἐνεδύσαντο

471 1937 611 1992 quos
644 1921 791 1976 velut
825 1934 1048 1989 gregum
1079 1917 1248 1972 duces
1279 1917 1378 1986 ipsi
1406 1917 1846 1982 constituerunt;
1881 1917 2048 1970 boves

472 2023 676 2076 autem,
722 2012 933 2066 animas
974 2011 1029 2064 in
1070 2010 1333 2064 armentis
1365 2009 1628 2064 Ecclesia:
1671 2011 2074 2076 constitutas;,

471 2106 674 2160 etenim
710 2123 728 2154 ι
754 2104 834 2158 An
869 2103 937 2158 de
984 2103 1180 2165 bobus,
1218 2102 1414 2170 inquit.
1467 2117 1600 2156 cura
1651 2108 1735 2156 est
1765 2099 1874 2154 Deo
1919 2101 2042 2154 ⁷⁸2»

473 2197 569 2252 sed
607 2197 672 2252 de
709 2197 870 2252 nobis
917 2212 1145 2266 prorsus
1188 2196 1447 2265 loquitur.
1499 2193 1648 2248 Hirci
1688 2209 1818 2248 vero
1845 2192 2047 2248 fuerint

473 2291 509 2344 ii
552 2291 645 2360 qui
673 2305 862 2345 recens
893 2289 1030 2352 nati,
1053 2297 1108 2344 et
1142 2289 1400 2358 procellae
1442 2301 1689 2358 tempore
1747 2287 1854 2340 orti
1909 2287 2042 2342 sint.

472 2381 654 2448 Quare
682 2382 984 2437 secundum
1012 2382 1256 2451 reliquos
1277 2382 1630 2450 interpretes,
1663 2400 1680 2429 ι
1704 2388 1758 2434 et
1783 2380 2040 2444 deserti,»

473 2483 659 2545 utpote
706 2475 799 2545 qui
852 2475 1292 2546 persecutionem
1361 2473 1676 2542 elTugeriut,
1752 2482 2040 2527 vocantur.

474 2568 539 2623 Et
567 2569 666 2625 bos
713 2569 898 2639 itaque
930 2567 1090 2638 quasi
1119 2567 1363 2622 novellos
1392 2575 1446 2621 et
1492 2566 1562 2620 ab
1608 2581 1667 2620 se
1706 2565 1904 2621 ductos
1937 2565 2045 2619 Deo

470 2661 725 2728 oll‘crunt,
760 2643 1060 2729 gloriantes
1092 2659 1292 2729 singuli
1320 2658 1388 2712 de
1419 2657 1486 2712 iis
1505 2672 1647 2728 quos
1668 2658 2038 2712 adduxerunt.

471 2752 596 2807 llzec
630 2754 814 2824 itaque
844 2768 875 2806 a
905 2752 1066 2807 nobis
1097 2751 1261 2806 modo
1299 2750 1597 2822 spirituali,
1641 2759 1695 2805 et
1728 2749 2039 2804 divinarum

470 2843 885 2915 Scripturarum
933 2843 1220 2912 promissis
1264 2849 1659 2906 consentanea,
1692 2841 2041 2894 considerata

471 2944 622 2990 sunt.
682 2935 748 2987 Et
797 2948 930 2989 sane
978 2948 1073 3003 par
1114 2940 1198 2988 est
1257 2933 1372 2986 haec
1413 2947 1535 3002 qua:
1579 2930 1695 2999 jam
1737 2939 2041 2985 tractamus

472 3028 631 3082 verba
679 3028 760 3082 sic
788 3026 1112 3096 intelligere,
1149 3024 1328 3094 potius
1357 3038 1520 3092 quam
1565 3021 1887 3076 Judaaorum
1923 3022 2041 3076 ine-

471 3132 592 3195 ptas
632 3123 757 3178 illas
786 3121 1001 3176 fabulas
1032 3121 1409 3183 admittamus,
1440 3119 1612 3174 Deum
1643 3117 1856 3172 scilicet
1885 3115 2039 3169 holo-

2149 1925 2197 1976 οἱ
2221 1925 2366 1995 κριοὶ
2379 1923 2487 1976 τῶν
2504 1922 2790 1994 προϐάτων
2809 1940 2821 1952 ⁶
2846 1943 2864 1976 ι
2887 1921 2978 1986 οὓς
2999 1921 3186 1994 ὥσπερ
3208 1921 3471 1993 ποιμνίων
3491 1921 3730 1992 ήγουμέ-

2147 2034 2268 2080 νους
2297 2016 2450 2071 αὐτοὶ
2478 2015 2818 2086 κατέστησαν
2845 2033 2859 2046 ν
2913 2015 3042 2086 βὸας
3067 2015 3123 2069 δὲ
3165 2015 3262 2078 τὰς
3305 2017 3362 2067 ὲν
3397 2017 3460 2086 τῇ
3505 2015 3704 2086 Ἑκκλη

2149 2110 2238 2180 σίᾳ
2264 2109 2666 2180 ἁγελαζομένας
2684 2108 2860 2179 ψυχάς
2880 2125 2894 2139 ·
2929 2127 2946 2160 ι
2967 2109 3057 2179 Μή
3083 2109 3190 2181 γὰρ
3234 2108 3341 2163 τῶν
3380 2108 3549 2178 βοῶν,
3578 2107 3730 2177 φησὶ,

2150 2201 2299 2272 μέλει
2345 2201 2426 2272 τῷ
2465 2200 2620 2272 Θεῷ;
2655 2221 2673 2251 ι
2712 2202 2745 2272 ἢ
2779 2201 2845 2254 δι’
2877 2202 3024 2272 ἡμᾶς
3053 2201 3268 2264 πάντως
3295 2201 3443 2268 λέγει
3464 2218 3478 2231 ·
3508 2201 3734 2272 χίμαρσι

2143 2267 2201 2344 δὲ
2234 2293 2281 2345 οξ
2309 2267 2613 2364 ἀρτιγενεῗς
2643 2267 2744 2344 καὶ.
2768 2291 2845 2362 τῷ
2874 2267 3049 2363 καιρῷ
3077 2291 3170 2344 τοῦ
3199 2267 3466 2362 χειμῶνος
3499 2267 3731 2362 γεγενη-

2099 2429 2105 2436 .
2147 2384 2297 2455 μένοι
2345 2381 2455 2438 εἷεν
2500 2385 2566 2438 ἄν
2664 2385 2756 2438 Διὸ
2787 2385 2927 2438 κατὰ
2957 2386 3081 2448 τοὺς
3112 2385 3331 2448 λοιποὺς
3364 2385 3731 2456 ἑρμηνευτὲς,

2150 2493 2168 2526 ι
2193 2477 2288 2529 καὶ
2302 2476 2500 2548 ἔρημοι
2517 2516 2531 2542 ,
2557 2495 2576 2528 ι
2599 2476 2676 2540 ώς
2695 2476 2784 2530 τὸν
2803 2477 2896 2530 τοῦ
2913 2477 3150 2547 διωγμοῦ
3171 2477 3357 2548 καιρὸν
3373 2478 3730 2546 ἐκφυγόντες,

2142 2570 2559 2643 ὠνομάσθησαν.
2593 2571 2704 2624 Καὶ
2729 2570 2950 2633 τούτους
2975 2568 3260 2642 τοιγαροῦν
3286 2569 3360 2633 ώς
3388 2569 3454 2623 ἂν
3476 2569 3729 2638 νεογνοὺς

2143 2663 2235 2716 καὶ
2281 2663 2373 2716 ὑπ’
2405 2662 2584 2717 αὐτῶν
2611 2662 2990 2736 προηγμένους
3037 2659 3112 2730 τῷ
3155 2660 3275 2732 Θεῷ
3326 2661 3697 2731 προσάγουσιν

2141 2755 2371 2819 ἕκαστος
2413 2756 2497 2824 ἐφ’
2531 2749 2614 2820 οἷς
2656 2755 3000 2826 προηγάγετο
3050 2752 3465 2824 σεμνυνόμενος.
3544 2753 3730 2807 Ταῦτα

2144 2848 2243 2920 μὲν
2269 2843 2361 2901 οὖν
2385 2846 2769 2918 πνευματικῶς
2794 2848 2887 2900 καὶ
2911 2848 3227 2918 πρεπόντως
3248 2849 3312 2916 τῇ
3339 2845 3449 2898 τῶν
3472 2845 3731 2899 θεοπνεύ-

2142 2958 2280 2994 στων
2295 2939 2522 3012 Γραφῶν
2544 2939 2846 3010 ἐπαγγελίᾳ
2869 2939 3201 3010 τεθεώρηται
3223 2942 3374 3008 ἡμῖν.
3397 2941 3509 2992 Καὶ
3531 2941 3730 3011 πρέπει

2139 3050 2203 3102 γε
2231 3035 2399 3096 ὅντως
2429 3032 2647 3086 ἀκούειν
2674 3032 2782 3085 τῶν
2810 3032 3206 3103 προκειμένων,
3233 3032 3265 3102 ἢ
3294 3032 3434 3084 κατὰ
3461 3031 3562 3094 τὰς
3599 3033 3729 3085 Ἰου-

2142 3124 2306 3178 δαίων
2326 3124 2584 3188 ταπεινάς
2619 3123 2940 3195 μυθολογίας
2962 3122 3376 3193 ὁλοκαυτώμασι
3403 3125 3615 3195 χαίρειν
3636 3125 3728 3176 τὸν

471 3215 701 3278 caustis,
756 3214 1132 3286 thymiamatis
1205 3227 1428 3268 sensum
1503 3210 1871 3272 moventibus,
1947 3217 2042 3262 aut

2145 3218 2296 3282 Θεὸν,
2328 3218 2361 3290 ἢ
2393 3217 2730 3288 θυμιάμασιν
2760 3217 3056 3288 αἰσθητοῖς,
3087 3217 3119 3288 ἢ
3154 3217 3324 3288 κριῶν
3350 3218 3441 3270 καὶ
3469 3217 3606 3286 βοῶν
3629 3219 3728 3270 καὶ

471 3307 727 3368 arietum,
784 3306 948 3361 boum
1002 3313 1057 3360 et
1110 3303 1390 3359 hircorum
1440 3304 1708 3374 sanguine
1759 3302 2039 3357 delectari.

471 3396 601 3464 Quae
631 3411 764 3453 sane
797 3396 981 3451 omnia
1027 3412 1124 3467 per
1171 3398 1493 3468 prophetam
1548 3398 1666 3468 ipse
1710 3397 1852 3454 Deus
1877 3414 2043 3468 repu-

470 3491 580 3546 diat
610 3490 694 3545 his
743 3490 964 3546 verbis:
1003 3509 1022 3542 ι
1047 3489 1188 3556 Quid
1221 3491 1352 3544 mihi
1390 3491 1796 3546 multitudinem
1829 3490 2042 3546 sacriﬁ-

468 3585 678 3638 ciorum
705 3591 1034 3647 vestrorum,
1062 3583 1193 3637 dicit
1229 3582 1528 3639 Dominus:
1562 3585 1757 3653 plenus
1786 3599 1906 3639 sum
1941 3583 2044 3637 bo-

469 3674 730 3729 locaustis
769 3673 1029 3735 arietum,
1078 3681 1134 3728 et
1191 3674 1408 3744 adipem
1463 3689 1752 3744 agnorum,
1816 3674 2041 3744 sangui-

468 3781 698 3836 nemque
747 3776 1027 3820 taurorum
1075 3774 1130 3821 et
1172 3765 1456 3821 hircorum
1506 3768 1651 3820 nolo.
1713 3765 1850 3832 Quis
1894 3767 2040 3820 enim

470 3861 588 3916 hac
627 3862 912 3930 requisivit
961 3861 1028 3915 de
1079 3863 1333 3917 manibus
1387 3865 1588 3918 vestris
1612 3865 1655 3895 ⁷⁷
1683 3865 1703 3916 ?
1732 3883 1749 3915 ι
1804 3863 1870 3917 Et
1903 3865 2042 3919 alias

472 3954 588 4007 haec
621 3955 900 4007 contraria
940 3953 1146 4008 fuerint
1190 3955 1258 4008 iis
1293 3970 1417 4025 qua;
1461 3957 1614 4024 prius
1657 3956 1866 4025 psalmo
1914 3971 2043 4010 XLIX

469 4046 614 4098 dicta
659 4053 806 4107 sunt,
842 4045 933 4099 ubi
987 4061 1052 4100 ex
1093 4061 1326 4116 persona
1381 4046 1471 4100 Dei
1537 4047 1742 4101 fertur:
1789 4065 1809 4097 ι
1836 4045 1954 4099 Non
1987 4047 2041 4099 in

470 4136 758 4193 sacriﬁciis
788 4139 897 4193 tuis
927 4154 1152 4209 arguam
1187 4147 1242 4194 te
1263 4140 1350 4200 ";
1384 4157 1401 4190 ι
1441 4147 1528 4194 et:
1569 4159 1587 4190 ι
1620 4138 1738 4192 Non
1778 4140 2042 4208 accipiam

468 4227 536 4282 de
566 4229 730 4281 domo
761 4236 852 4282 tua
889 4229 1110 4292 vitulos,
1158 4244 1336 4299 neque
1367 4229 1434 4284 de
1473 4231 1732 4301 gregibus
1773 4232 1882 4286 tuis
1923 4229 2041 4284 hir-

469 4336 584 4376 cos.
627 4319 894 4388 Quoniam
921 4337 1052 4379 mea
1077 4332 1206 4378 sunt
1238 4338 1428 4378 omnes
1459 4322 1586 4378 fera:
1634 4324 1918 4383 silvarum.
1950 4323 2042 4392 ju-

469 4421 652 4468 menta
687 4413 741 4468 in
774 4413 1056 4470 montibus
1106 4423 1160 4469 et
1192 4413 1452 4481 boves";
1489 4432 1509 4466 ι
1547 4414 1650 4469 sub
1683 4413 1797 4469 haec
1825 4421 2038 4469 autem:

2143 3308 2394 3380 χιμάρων
2425 3308 2651 3378 αἵμασιν
2687 3306 3074 3360 ὑπονοούντων.
3118 3308 3181 3358 "A
3209 3306 3273 3377 δὴ
3305 3306 3483 3360 πάντα
3513 3307 3602 3360 διὰ
3625 3305 3727 3361 τοῦ

2143 3399 2423 3468 προφήτου
2455 3397 2616 3460 αὐτὸς
2647 3399 2675 3450 ὁ
2702 3395 2832 3460 Θεὸς
2867 3398 3214 3464 παραιτεῖται
3247 3395 3421 3464 λέγων
3440 3411 3453 3424 ·
3507 3415 3525 3446 ι
3546 3395 3612 3448 Τί
3637 3413 3730 3466 μοι

2144 3488 2348 3559 πλῆθος
2366 3488 2473 3543 τῶν
2506 3489 2708 3543 θυσιῶν
2732 3489 2918 3561 ὑμῶν;
2953 3489 3097 3558 λέγει
3119 3490 3348 3562 Κύριος·
3378 3488 3594 3560 πλήρης
3615 3490 3733 3559 εἰμὶ

2141 3581 2608 3653 ὁλοκαυτωμάτων
2637 3583 2834 3651 κριῶν,
2867 3585 2959 3636 καὶ
2993 3584 3156 3654 στέαρ
3187 3582 3366 3654 ἀρνῶν
3388 3583 3485 3635 καί
3518 3583 3734 3653 αἵματα

2143 3673 2358 3744 ταύρων
2386 3674 2480 3728 καὶ
2506 3675 2722 3746 τράγων
2745 3676 2804 3728 οὐ
2839 3675 3116 3746 βούλομαι.
3169 3674 3263 3738 Τίς
3279 3673 3401 3746 ,γὰρ
3432 3671 3733 3744 ἑξεξήτησε

2143 3767 2311 3822 ταῦτα
2328 3771 2392 3822 ὲκ
2410 3769 2516 3822 τῶν
2540 3769 2738 3840 χειρῶν
2762 3769 2916 3839 ὑμῶν
2935 3787 2980 3832 ς»
3004 3770 3111 3823 Καὶ
3135 3769 3310 3831 ἄλλως
3331 3771 3382 3836 γ’
3399 3767 3466 3822 ἂν
3493 3769 3579 3838 εἴη
3601 3768 3737 3821 ταῦ-

2141 3878 2210 3913 τα
2239 3861 2458 3915 ἐναντία
2485 3865 2597 3924 τοῖς
2629 3860 2939 3931 ἔμπροσθεν
2972 3861 3112 3915 κατὰ
3138 3862 3228 3915 τὸν
3266 3860 3361 3932 μθ¹
3393 3861 3610 3932 ψαλμὸν
3642 3860 3731 3914 λε-

2142 3950 2442 4020 λεγμένοις,
2466 3954 2522 4004 ἑν
2545 3945 2625 4015 οἷς
2645 3953 2710 4004 ἐκ
2730 3951 3020 4022 προσώπου
3045 3953 3136 4007 τοῦ
3155 3952 3290 4005 Θεοῦ
3315 3953 3562 4021 ἐλέγετο·
3584 3974 3602 4004 ι
3616 3955 3731 4008 Οὐκ

2143 4042 2235 4094 ἐπὶ
2262 4045 2382 4106 ταῖς
2414 4042 2624 4106 θυσίαις
2647 4061 2740 4098 σου
2774 4043 2976 4112 ἐλέγξω
3002 4062 3061 4098 σε
3080 4061 3093 4074 ·
3123 4063 3140 4096 ι
3173 4045 3264 4098 καί
3287 4061 3300 4074 θ
3333 4064 3351 4096 ι
3377 4047 3452 4098 Οὐ
3487 4045 3733 4116 λήψομαι

2142 4136 2207 4187 ἑκ
2235 4133 2328 4187 τοῦ
2361 4133 2508 4188 οἴκου
2535 4153 2626 4188 σου
2655 4137 2918 4208 μόσχους,
2951 4137 3071 4190 οὐδὲ
3098 4137 3163 4191 ἑκ
3195 4137 3302 4190 τῶν
3326 4138 3597 4208 ποιμνίων
3639 4156 3730 4192 σου

2143 4227 2438 4298 χιμάρουςο
2469 4227 2551 4280 ὅτι
2584 4229 2693 4298 ἑμά
2719 4229 2836 4281 ἑστι
2867 4229 3045 4282 πάντα
3079 4228 3147 4282 τὰ
3179 4227 3344 4300 θηρία
3368 4228 3464 4282 τοῦ
3494 4230 3729 4302 δρυμοῦ,

2146 4320 2314 4390 κτήνη
2346 4321 2403 4371 ἑν
2428 4322 2540 4382 τοίς
2568 4320 2718 4391 ὄρεσι
2750 4321 2847 4375 καὶ
2875 4321 2995 4392 βόες
3013 4339 3026 4352 ο
3050 4341 3067 4372 ι
3124 4321 3216 4374 καὶ
3248 4321 3375 4392 ἑξῆς
3399 4337 3412 4350 ⁸
3455 4340 3474 4373 t
3498 4323 3594 4392 Μὴ
3631 4322 3734 4391 φά-

2143 4427 2309 4481 γομαι
2335 4410 2472 4482 κρέα
2493 4411 2725 4482 ταύρων,
2751 4414 2784 4485 ἢ
2810 4412 2946 4485 αἷμα
2969 4413 3136 4485 κριῶν
3162 4414 3388 4486 πίομαι;
3414 4434 3432 4466 ι
3469 4415 3598 4479 Πῶς
3623 4415 3730 4485 γὰρ

475 4526 494 4559 ι
531 4505 784 4578 Nunquid
817 4507 1158 4561 manducabo
1186 4522 1381 4561 carnes
1415 4515 1722 4569 taurorum,
1774 4514 1869 4560 aut
1912 4520 2042 4561 san-

2145 4501 2370 4566 ἑκείνοις
2399 4501 2663 4574 σύμφωνα
2701 4503 2768 4558 ἂν
2797 4506 2883 4575 εἴη
2907 4507 2976 4559 τά
3001 4506 3075 4570 ώς
3103 4507 3230 4578 περὶ
3257 4507 3731 4577 ὁλοκαυτωμάτων

466 4597 684 4665 guinem
710 4595 986 4651 hircorum
1004 4597 1200 4666 potabo
1217 4596 1301 4648 δοῖ
1324 4616 1342 4648 ι
1373 4596 1475 4662 Qui
1506 4596 1652 4650 enim
1698 4596 1806 4652 illis
1840 4611 2039 4652 conso-

2145 4595 2237 4647 καὶ
2264 4593 2434 4666 κριῶν
2458 4595 2552 4647 καὶ
2577 4594 2712 4666 βοῶν
2744 4601 2837 4650 καὶ
2860 4599 3107 4669 χιμάρων
3125 4599 3360 4654 ἐνταῦθα
3386 4601 3719 4672 λελεγμένα;

467 4695 600 4741 nent
639 4703 761 4757 qua:
789 4688 857 4742 de
880 4688 1236 4749 holocaustis.
1267 4690 1550 4748 arietibus.
1582 4688 1756 4744 bobus
1781 4696 1835 4743 et
1865 4689 2036 4744 hircis

469 4774 560 4828 hic
601 4776 934 4830 traduntur?
974 4775 1038 4829 Et
1066 4791 1198 4831 sane
1247 4779 1362 4847 ipse
1399 4777 1566 4833 David
1612 4779 1868 4848 superius
1897 4795 2028 4834 cono

469 4865 671 4920 litendo
701 4867 912 4922 dixerat
936 4887 949 4924 :
987 4887 1005 4918 ι
1030 4869 1299 4934 Quoniam
1325 4871 1369 4924 si
1394 4871 1662 4926 voluisses
1685 4872 2037 4936 sacriﬁcium,

468 4956 741 5011 dedissem
772 4961 982 5029 utique,
1012 4961 1348 5017 holocaustis
1391 4977 1499 5016 non
1525 4961 1943 5017 delectaberis"
1971 4980 1986 5028 ;
2013 4983 2030 5014 ι

467 5059 522 5104 et
555 5049 609 5103 in
640 5050 747 5103 alio
787 5052 982 5106 iterum
1009 5073 1020 5107 :
1062 5071 1081 5104 ‹
1109 5051 1457 5108 Sacriﬁcium
1487 5064 1541 5111 et
1572 5055 1909 5111 oblationem
1944 5073 2037 5111 no-

468 5138 643 5202 luisti,
676 5155 878 5212 corpus
907 5150 1090 5196 autem
1143 5145 1345 5214 aptasti
1395 5146 1550 5202 mihi.
1602 5145 1935 5204 Holocausta
1981 5157 2036 5203 et

467 5247 569 5304 pro
599 5240 824 5304 peccato
871 5249 980 5288 non
1010 5245 1161 5304 grata
1197 5237 1435 5292 habuisti
1459 5240 1558 5292 ⁸⁸.»

539 5323 705 5381 Vens.
731 5324 917 5380 16-20.
956 5344 974 5378 ι
1007 5325 1220 5392 Venite,
1262 5329 1445 5385 audite
1471 5340 1526 5384 et
1556 5333 1814 5396 narrabo,
1843 5347 2036 5388 omnes

466 5417 562 5488 qui
592 5418 796 5474 timetis
827 5417 1016 5484 Deum,
1044 5428 1247 5490 quanta
1275 5419 1402 5475 fecit
1426 5422 1618 5477 animae
1649 5439 1833 5479 mem.»
1867 5423 2032 5478 Iidem

467 5511 730 5583 superius
791 5511 1072 5568 dicebant:
1117 5531 1135 5564 ι
1162 5509 1352 5568 Venite
1399 5521 1453 5569 et
1508 5514 1686 5571 videte
1723 5531 1889 5586 opera
1909 5515 2031 5579 Dei,

2142 4687 2252 4739 Καὶ
2287 4686 2391 4758 μὴν
2424 4687 2584 4750 αὐτὸς
2622 4689 2650 4741 ὁ
2677 4689 2840 4743 Δαυῖδ
2866 4691 2951 4744 διὰ
2993 4691 3099 4744 τῶν
3135 4690 3445 4762 ἔμπροσθεν
3473 4692 3725 4764 ἐξομολο-

2139 4779 2402 4849 γούμενος
2427 4778 2612 4848 ἔλεγεν
2634 4796 2647 4810 ·
2691 4801 2710 4834 ι
2737 4783 2876 4847 Ὅτι,
2909 4787 2957 4837 εἰ
2986 4784 3254 4857 ἠθέλησας
3284 4783 3476 4838 θυσίαν
3502 4826 3517 4848 ,
3553 4787 3725 4840 ἔδωκα

2145 4871 2245 4936 ἂν,
2279 4873 2706 4948 ὁλοκαυτώματα
2749 4877 2848 4929 οὐκ
2892 4877 3224 4949 εὐδοκήσεις.
3253 4896 3271 4928 ι
3331 4878 3442 4932 Καὶ
3475 4879 3638 4932 πάλιν
3670 4882 3724 4931 ἐν

2145 4966 2316 5038 ἑτέρῳ
2335 4985 2348 5000 ο
2382 4988 2400 5020 ι
2423 4967 2624 5021 Θυσίαν
2644 4969 2737 5022 καὶ
2764 4968 3078 5040 προσφορὰν
3105 4970 3204 5024 οὐκ
3229 4969 3527 5039 ὲθέλησας,
3570 4973 3720 5041 σῶμα

2142 5059 2199 5112 δὲ
2225 5061 2535 5132 κατηρτίσω
2565 5080 2674 5134 μοι.
2720 5060 3168 5132 Ὁλοκαυτώματα
3187 5061 3279 5114 καὶ
3299 5062 3428 5134 περὶ
3447 5065 3722 5136 ἁμαρτίας

2143 5153 2242 5204 οὐκ
2273 5153 2599 5223 ηὑδὸκησας.
2644 5174 2662 5207 ι

2217 5327 2430 5390 «Δεῦτε.
2452 5328 2740 5398 ἀκούσατε,
2759 5329 3215 5401 καὶδιηγήσομαι,
3232 5331 3435 5393 πάντες
3454 5329 3505 5382 oi
3529 5328 3727 5397 φοεοὺο

2145 5435 2294 5490 μενοι
2314 5421 2404 5474 τὸν
2433 5421 2584 5485 Θεὸν,
2619 5423 2717 5476 ὅσα
2752 5423 2974 5492 ἐποίησε
3008 5425 3073 5492 τῇ
3097 5422 3240 5492 ψυχῇ
3269 5438 3391 5490 μου.
3420 5441 3437 5470 ι
3475 5421 3538 5473 Οἱ
3569 5420 3726 5472 αὐτοὶ

2143 5513 2236 5566 καὶ
2265 5514 2322 5567 ἑν
2349 5517 2460 5580 τοῖς
2493 5515 2798 5588 ἔμπροσθεν
2829 5515 3011 5584 ἔλεγον
3031 5532 3043 5544 ·
3108 5533 3127 5566 ι
3157 5513 3319 5566 Δεῦτε
3350 5514 3447 5566 xa‘t
3480 5513 3617 5566 ἴδετε
3650 5512 3725 5565 τὰ

539 5651 592 5734 ’.ξ
616 5649 784 5734 ,ἷξειιμ
803 5666 928 5734 cxt_._,
1059 5651 1105 5734 ⁷⁸
1131 5647 1282 5734 Psall.‘
1303 5651 1576 5734 exn/LM:
1648 5650 1736 5704 "l
1765 5652 1891 5734 Cor.
1919 5668 1995 5719 ιχ,
2027 5653 2042 5708 ι

2159 5655 2203 5688 ⁷⁷
2231 5654 2334 5713 lsa.
2372 5672 2412 5723 ι,
2440 5657 2524 5720 ll,
2563 5659 2648 5712 12.
2721 5657 2766 5688 ⁷⁸
2796 5654 2939 5712 Psal.
2973 5670 3134 5720 nux,
3173 5653 3227 5710 8.
3299 5653 3345 5686 "
3382 5651 3596 5734 ibid19,
3621 5651 3716 5708 l0.

473 5719 520 5751 ⁸⁸
559 5722 688 5774 ibid.
724 5723 808 5776 l5.
884 5723 925 5756 ⁸⁸
958 5721 1098 5776 Psal.
1133 5737 1186 5785 L,
1221 5723 1304 5778 18.
1376 5722 1586 5780 "Psal.
1629 5739 1814 5791 xutx,
1849 5723 1880 5776 7

547 5813 622 5885 (Ι)
647 5813 955 5887 Legendum
991 5815 1234 5889 σώματα.
