4062 6208
330 351 437 411 669

1426 340 1933 403 COMMENTARIA
1968 340 2041 398 ΙΝ
2078 337 2416 398 PSALMOS.

3484 341 3589 398 670

326 474 463 550 ἔργα
493 471 588 527 τοῦ
614 468 751 527 Θεοῦ
773 512 787 535 ,
840 467 1071 542 φοϐερὸς
1102 467 1162 521 ἐν
1193 464 1409 536 βουλαῖς
1443 461 1584 532 ὑπὲρ
1610 460 1737 523 τοὺς
1768 457 1919 520 υἱοὺς

2022 456 2289 512 terribilis
2325 456 2380 511 in
2430 455 2682 512 consiliis
2738 467 2905 525 super
2948 451 3090 508 filios
3129 451 3463 508 hominum»
3524 451 3590 508 El

328 569 434 623 τῶν
449 567 546 623 ἀνθ
554 565 752 640 ρώπων
767 581 783 596 ο
798 583 814 616 ι
835 564 931 617 καὶ
953 558 1326 630 ταῦταβλεγον
1340 559 1451 620 τοῖς
1466 555 1665 609 ἔθνεσι.
1684 552 1794 606 Ka‘t
1807 549 1903 603 νῦν

328 657 422 716 οὖν
435 660 661 715 πάλινιοί
676 658 831 712 αὐτοὶ⁸
845 656 1028 719 αὐτοῖς
1042 653 1155 715 τοῖς
1182 647 1559 722 προσφωνοῦσι
1575 646 1873 714 φάσκοντες
1889 658 1903 673 ·

335 772 354 804 ι
373 751 537 806 Δεῦτε
569 750 663 805 καὶ
688 749 978 805 ἀκούσατε.
998 746 1093 800 καὶ
1117 743 1468 815 διηγήσομαι.
1497 760 1516 793 ι
1537 737 1764 800 Τίνεςδέ
1783 736 1906 790 δεῦσ-

329 863 423 912 τε;
458 845 698 914 ἐπιλέγει
726 841 875 913 ἑξῆς·
906 858 925 892 ι
948 840 1154 901 Πάντες
1182 838 1231 891 οἱ
1252 834 1573 906 φοϐούμενοι
1596 830 1687 885 τὸν
1706 829 1903 883 Θεόνοι

330 939 423 1003 οὒς
450 938 705 1010 ἀνωτέρω
732 933 860 990 ποτέ
887 932 986 1006 μὲν
1006 930 1188 983 πᾶσαν
1208 928 1306 1000 τὴν
1328 927 1432 997 γῆν
1452 922 1752 996 ὠνόμαζον,
1777 921 1907 975 ποτέ

331 1034 387 1088 δὲ
433 1032 612 1087 πάντα
638 1030 706 1084 τά
735 1028 881 1099 ἔθνη.
924 1026 1061 1090 Τοὺς
1122 1022 1315 1085 αὐτοὺς
1363 1017 1470 1092 γὰρ
1503 1018 1597 1070 καὶ
1660 1016 1752 1068 ἐπὶ
1812 1014 1906 1067 τοῦ

330 1125 595 1198 παρόντος
627 1120 843 1194 δηλοῦσι
860 1118 1024 1191 φοϐου
1031 1117 1222 1188 μένους
1236 1115 1326 1168 τὸν
1341 1110 1472 1165 Θεὸν
1487 1105 1903 1172 ἀποκαλοῦντες.

333 1196 595 1279 Πολλάκις
620 1214 678 1268 δέ
704 1215 798 1268 καὶ
827 1215 885 1265 ἐν
917 1210 1122 1282 ἑτέροις
1154 1205 1514 1275 ἀπεδείξαμεν
1537 1242 1554 1267 ,
1583 1202 1657 1265 ὡς
1690 1201 1814 1263 τοὺς
1847 1196 1909 1263 ἐξ

333 1309 500 1364 ἐθνῶν
544 1304 932 1367 θεοσεϐοῦντας
977 1297 1344 1371 φοϐουμένους
1373 1294 1465 1348 τὸν
1492 1291 1695 1363 Κύριον
1723 1289 1906 1344 καλεῖν

334 1400 520 1455 εἴωθεν
540 1402 568 1454 6
588 1398 775 1467 Λόγος.
795 1395 950 1449 Ἐπεὶ
969 1393 1148 1447 τοίνυν
1172 1389 1361 1462 μνείας
1378 1387 1547 1440 δεῖται
1566 1385 1627 1438 τὸ
1650 1384 1909 1454 κήρυγμα

333 1492 392 1546 τὸ
417 1488 792 1553 ἀποστολικὸν,
827 1482 1141 1553 ἀναγκαίως
1167 1476 1589 1548 ἐπαγγέλλονται
1614 1473 1712 1545 τὴν
1737 1473 1910 1543 ἑρμη-

334 1581 479 1637 νείαν
500 1578 840 1652 παραδώσειν
858 1578 970 1638 τοῖς
988 1573 1165 1627 ἔθνεσι
1184 1570 1432 1641 λέγοντες
1449 1585 1462 1598 ο
1492 1586 1512 1620 ι
1533 1565 1698 1619 Δεῦτε
1716 1603 1732 1628 ,
1754 1563 1911 1618 ἀκού-

336 1689 487 1735 σατε,
518 1663 613 1725 καὶ
638 1669 967 1742 διηγήσομαι
987 1683 1001 1696 ·
1027 1684 1047 1718 ›
1079 1664 1308 1733 Λέγουσι
1332 1660 1390 1714 δέ
1415 1659 1583 1714 ταῦτα
1607 1657 1682 1722 ὼς
1707 1656 1765 1722 ἐξ
1792 1656 1910 1720 ἐνὸς

336 1760 605 1832 στόματος
636 1757 725 1813 διὰ
755 1757 856 1829 τὴν
881 1754 1159 1809 τελείωσιν
1182 1770 1196 1784 ο
1228 1754 1276 1806 οἱ
1305 1750 1413 1822 γὰρ
1443 1750 1642 1812 πάντες
1663 1748 1723 1802 ἒν
1752 1748 1911 1818 γεγό-

335 1830 460 1907 νασι
494 1850 869 1912 τελειωθέντες
896 1850 954 1901 ἐν
982 1845 1188 1918 Κυρίῳ.
1234 1845 1345 1897 Καὶ
1373 1841 1546 1896 ταῦτα
1577 1839 1822 1905 θεσπίζει
1851 1840 1913 1893 τὸ
1942 1830 1986 1887 Β

338 1939 561 2015 Πνεῦμα
579 1942 640 1997 τὸ
658 1940 811 2009 ἅγιον
826 1938 903 2002 ὡς
920 1937 979 2002 ἐξ
998 1936 1113 2001 ἐνὸς
1129 1932 1290 2006 χοροῦ
1311 1931 1403 1986 τοῦ
1426 1930 1780 1985 ἀποστολικοῦ
1800 1932 1912 1994 τοῖς

337 2039 513 2091 ἔθνεσι
543 2030 920 2107 προσφωνοῦν,
950 2025 1411 2097 ἐπαγγελλόμενόν
1435 2040 1494 2077 τε
1514 2020 1909 2094 διερμηνεύειν,

336 2129 436 2182 ὅσα
462 2126 717 2197 ἐποίησεν
743 2126 771 2177 6
804 2122 936 2186 Θεὸς
964 2122 1030 2192 τῇ
1058 2119 1202 2191 ψυχῇ
1233 2116 1431 2175 αὐτῶν.
1487 2115 1663 2170 Πάλαι
1699 2116 1796 2186 μὲν
1821 2110 1912 2168 οὖν

336 2218 520 2287 ἔλεγον
538 2233 552 2247 ’
590 2236 609 2265 σ
633 2214 795 2268 Δεῦτε
820 2213 915 2267 καὶ
942 2210 1078 2265 ῐδετε
1100 2209 1168 2263 τά
1195 2208 1329 2280 ἔργα
1355 2205 1448 2260 τοῦ
1474 2205 1631 2270 Θεοῦ,
1658 2205 1734 2269 ὡς
1758 2204 1912 2275 μετέ-

337 2309 536 2382 στρεψέ
564 2325 696 2362 ποτε
716 2307 813 2379 τὴν
835 2304 1108 2361 θάλασσαν
1130 2304 1209 2365 εἰς
1234 2300 1424 2373 ξηράν,
1451 2298 1547 2353 καὶ
1568 2298 1643 2364 ὡς
1667 2301 1723 2352 ἐν
1753 2316 1916 2352 ποτα-

340 2402 426 2475 μῷ
451 2400 659 2472 διῆλθον
681 2396 830 2452 ποδί.
846 2415 866 2448 ι
904 2394 1039 2449 Νυνὶ
1051 2394 1109 2448 δὲ
1131 2392 1314 2447 οὐκέτι
1336 2390 1406 2444 τὰ
1434 2389 1665 2452 παλαιὰ,
1691 2388 1825 2443 ἀλλά
1847 2390 1915 2442 τά

338 2498 436 2567 τῆς
466 2494 593 2559 νέας
618 2494 713 2548 καὶ
732 2491 924 2561 καινῆς
953 2488 1193 2561 ἱστορίας
1215 2483 1649 2558 παραδεδώκασι,
1676 2484 1773 2548 τὰς
1793 2484 1917 2536 ἐαυ-

338 2588 446 2643 τῶν
495 2584 721 2659 πράξεις
765 2582 1169 2654 ὑφηγούμενοι,
1223 2580 1317 2634 καὶ¹
1348 2578 1447 2642 τὰς
1472 2580 1552 2639 εἰς
1583 2577 1780 2640 αὐτοὺς
1812 2575 1918 2628 ὑπὸ

338 2681 432 2736 τοῦ
461 2679 597 2735 Θεοῦ
624 2677 918 2749 γενομένας
947 2673 1285 2746 εὐεργεσίας.
1337 2671 1429 2725 Διό
1462 2686 1624 2740 φασιν
1648 2687 1662 2700 ·
1731 2688 1750 2720 ι
1778 2669 1918 2723 Ὅσα

339 2775 565 2845 ἐποίησε
598 2774 665 2844 τῇ
692 2770 836 2841 ψυχῇ
870 2785 1032 2839 μουοι
1066 2762 1186 2820 εἶτα
1218 2764 1528 2837 διηγοῦνται
1551 2761 1648 2833 τὴν
1679 2763 1918 2830 ἐπαγγε-

339 2866 461 2922 λίαν
487 2863 837 2936 πληροῦντες.
886 2861 991 2924 Τίς,
1012 2858 1068 2912 δὲ
1100 2859 1134 2927 ἠ
1164 2857 1441 2929 διήγησις;
1496 2874 1515 2908 ι
1558 2854 1703 2926 Πρὸς
1735 2852 1916 2915 αὐτὸν,

341 2959 515 3029 φησὶ,
557 2954 635 3027 τῷ
674 2952 897 3025 στόματί
953 2967 1053 3022 μου
1106 2947 1414 3020 ἐκέκραξα,
1474 2948 1569 3001 xa‘t
1599 2945 1789 3016 ὖψωσα
1816 2945 1921 2998 ὑπὸ

342 3053 440 3123 τὴν
463 3046 714 3119 γλῶσσάν
739 3063 861 3117 μου.
890 3064 908 3096 ι
956 3041 1173 3112 Ἐπειδὴ
1195 3040 1304 3112 γὰρ
1329 3039 1426 3104 τὰς
1446 3042 1525 3105 εἰς
1552 3039 1747 3102 αὐτοὺς
1766 3038 1921 3108 εὐερ-

2016 546 2105 602 bis
2130 555 2324 618 gentes
2357 546 2796 617 alloquebantur.
2846 543 3004 600 Nunc
3035 542 3202 615 igitur
3232 542 3335 615 ipsi
3368 542 3586 597 eosdem

2015 639 2347 708 compellant
2379 638 2464 694 bis
2487 638 2667 693 verbis
2699 655 2712 691 :
2750 656 2769 689 ι
2792 634 3010 699 Venite,
3027 640 3084 692 et
3135 632 3340 698 audite,
3375 644 3429 689 et
3463 649 3588 688 nar-

2017 730 2170 785 rabo.
2206 751 2226 784 ι
2270 729 2525 796 Quinam,
2560 729 2779 786 venite?
2832 728 3029 785 deinde
3094 727 3256 782 infert
3291 745 3306 781 :
3339 743 3360 778 ι
3385 723 3591 781 Omnes

2015 821 2114 893 qui
2144 822 2349 877 timetis
2376 820 2574 878 Deum:
2612 842 2631 875 ι
2664 837 2807 892 quos
2836 836 3006 892 supra
3032 819 3195 876 modo
3227 834 3444 874 omnem
3476 829 3590 874 ter-

2017 929 2137 969 ram
2172 924 2645 985 nuncupaverant,
2677 914 2841 970 modo
2867 929 3059 969 omnes
3088 919 3303 985 gentes.
3353 911 3587 967 Eosdem

2016 1008 2163 1061 enim
2214 1007 2269 1061 in
2318 1008 2575 1078 pneseuti
2606 1007 2912 1069 declarant,
2960 1020 3085 1061 cum
3121 1005 3375 1060 timentes
3419 1003 3588 1059 Deum

2016 1101 2363 1170 compellant.
2415 1098 2744 1180 Plerumque
2779 1101 2838 1156 in
2869 1099 2993 1155 aliis
3012 1099 3585 1162 commonstravimus,

2013 1206 2110 1246 eos
2132 1207 2197 1246 ex
2229 1191 2484 1262 gentibus
2505 1193 2599 1263 qui
2626 1194 2771 1263 piam
2800 1193 2991 1248 colunt
3017 1192 3357 1263 religionem,
3391 1191 3586 1246 timen-

2014 1292 2099 1341 tes
2132 1282 2423 1339 Dominum
2479 1285 2817 1357 Scripturam
2870 1285 3145 1356 appellare
3199 1286 3395 1340 solere.
3449 1282 3588 1350 Quo-

2016 1378 2165 1433 niam
2226 1377 2396 1449 igitur
2457 1379 2778 1449 przedicatio
2829 1378 3140 1449 evangelica
3192 1376 3589 1433 commentario

2015 1476 2156 1539 eget,
2204 1483 2263 1523 se
2297 1469 2418 1539 ejus
2452 1470 2963 1540 interpretationem
3014 1467 3313 1523 tradituros
3339 1481 3585 1522 necessa-

2015 1563 2101 1617 rio
2151 1564 2407 1635 gentibus
2462 1563 2811 1634 pollicentur,
2847 1563 3095 1619 dicentes
3129 1582 3143 1617 :
3177 1581 3195 1612 ι
3226 1559 3434 1626 Venite,
3482 1575 3584 1613 an—

2016 1656 2147 1717 dite,
2184 1663 2238 1711 et
2285 1656 2579 1710 narrabo.»
2623 1654 2748 1709 Hinc
2772 1670 2939 1725 porro
2995 1654 3153 1725 quasi
3207 1670 3275 1709 ex
3321 1668 3433 1707 uno
3491 1667 3589 1707 ore

2016 1748 2304 1820 proferunt
2328 1756 2553 1820 propter
2568 1748 3132 1805 consummationem:
3163 1762 3355 1802 omnes
3383 1744 3590 1816 quippe

2014 1842 2069 1895 in
2096 1841 2323 1897 Christo
2349 1839 2719 1896 consummati
2749 1854 2919 1894 unum
2967 1838 3145 1894 ell'ecti
3179 1845 3330 1893 sunt.
3388 1826 3455 1889 Ει
3482 1834 3588 1890 hoc

2017 1932 2256 2005 Spiritus
2308 1939 2535 1989 sanctus
2572 1933 2730 2003 quasi
2780 1946 2845 1986 ex
2903 1946 3014 1986 uno
3060 1931 3366 2002 apostolico
3416 1930 3588 1985 choro

2013 2024 2268 2096 gentibus
2293 2025 2527 2096 loquens
2554 2023 2932 2091 vaticinatur;
2980 2037 3044 2077 ac
3076 2022 3364 2094 pollicetur
3394 2036 3455 2076 se
3493 2020 3591 2076 de-

2015 2118 2352 2172 claraturum
2402 2124 2611 2188 quanta
2664 2116 2856 2172 fecerit
2899 2114 3042 2170 Deus
3082 2114 3280 2170 animae
3320 2114 3585 2184 ipsorum.

2015 2207 2154 2263 Olim
2185 2208 2410 2278 quidem
2441 2223 2454 2260 :
2489 2206 2766 2270 dicebant,
2809 2224 2826 2257 ι
2852 2204 3047 2261 Venite
3079 2213 3134 2261 et
3189 2206 3368 2261 videte
3424 2218 3590 2274 opera

2019 2301 2133 2364 Dei,
2164 2302 2258 2371 qui
2298 2300 2594 2371 aliquando
2644 2300 2915 2354 convertit
2955 2314 3106 2355 mare
3143 2299 3200 2353 in
3246 2298 3479 2359 aridam,
3536 2302 3592 2352 et

2018 2397 2073 2451 in
2102 2394 2326 2449 ﬂumine
2358 2395 2797 2465 pertransierunt
2817 2393 2973 2464 pede.
3027 2412 3047 2447 ι
3074 2392 3231 2448 Nunc
3265 2402 3446 2447 autem
3482 2405 3593 2445 non

2017 2496 2199 2544 vetera
2224 2486 2478 2553 ulterius,
2511 2488 2607 2544 sed
2649 2502 2714 2543 ea
2745 2502 2868 2557 qua;
2894 2500 3092 2540 novam
3130 2493 3379 2554 spectant
3416 2483 3592 2538 histo-

2018 2582 2157 2636 riam
2206 2579 2451 2643 tradunt,
2494 2588 2645 2651 gesta
2678 2594 2800 2643 sua,
2851 2591 3068 2633 necnon
3111 2590 3141 2627 a
3174 2573 3285 2629 Deo
3337 2575 3441 2629 sibi
3480 2565 3616 2629 col-1

2020 2672 2128 2724 lata
2191 2668 2454 2725 beneficia
2492 2676 2804 2724 narrantes.
2829 2666 3010 2734 Quare
3044 2664 3235 2719 dicunt
3267 2680 3282 2716 :
3331 2682 3349 2714 ι
3379 2662 3596 2729 Quanta

2020 2763 2149 2818 fecit
2178 2762 2374 2815 animae
2408 2774 2575 2825 meae;
2599 2780 2617 2812 ι
2654 2758 2850 2815 deinde
2884 2757 3173 2829 promissis
3224 2763 3434 2812 stantes
3470 2742 3597 2809 nar-

2018 2857 2284 2911 rationem
2306 2854 2617 2910 ordiuntur.
2641 2853 2773 2921 Qtne
2800 2852 3043 2908 narratio
3074 2850 3202 2905 illa?
3243 2869 3262 2901 ι
3283 2849 3363 2903 Ad
3392 2849 3593 2920 ipsum,

2022 2947 2218 3017 inquit,
2287 2961 2383 3001 ore
2411 2962 2531 3000 meo
2561 2945 2815 3007 clamavi,
2854 2952 2910 2999 et
2970 2943 3202 2997 exaltavi
3260 2941 3364 2997 sub
3415 2942 3597 3012 lingua

2023 3053 2197 3093 mea.»
2241 3035 2375 3091 Nam
2412 3037 2543 3106 quia
2584 3035 2681 3091 Dei
2711 3050 2841 3105 erga
2885 3050 2944 3090 se
2987 3033 3250 3089 beneﬁcia
3306 3047 3597 3088 recensue-

342 3142 531 3214 γεσίας
573 3138 665 3193 τοῦ
698 3135 833 3191 Θεοῦ
866 3133 1343 3206 κατηριθμήσαντο
1365 3175 1380 3198 ,
1414 3130 1490 3195 ὡς
1532 3128 1914 3201 ἐπυρώθησαν,

2022 3140 2169 3194 runt,
2223 3129 2501 3200 quomodo
2543 3128 2755 3183 scilicet
2804 3128 2928 3198 igne
2956 3125 3251 3180 examinati
3294 3132 3349 3179 et
3383 3123 3597 3195 probati

343 3235 421 3300 ὡς
444 3231 877 3305 ἐδοκιμάσθησαν
898 3268 913 3291 ,
944 3227 1020 3291 ὡς
1046 3224 1290 3298 εἰσῆλθον
1314 3225 1393 3287 είς
1425 3222 1524 3286 τὰς
1557 3220 1765 3291 θλίψεις
1782 3260 1797 3284 ,
1844 3219 1920 3283 ώς

2025 3223 2155 3284 sint,
2185 3221 2458 3292 quomodo
2485 3222 2540 3275 in
2570 3220 2833 3276 arumnis
2883 3220 3047 3289 positi
3087 3232 3182 3272 eas
3211 3215 3598 3281 sustinuerint,

345 3327 664 3398 ὑπέμειναν,
689 3322 765 3386 ὡς
784 3319 998 3392 διῆλθον
1016 3318 1105 3373 διά
1129 3317 1299 3389 πυρὸς
1321 3316 1415 3371 καὶ
1437 3315 1647 3379 ὓδατος,
1669 3313 1745 3377 ὡς
1770 3311 1925 3383 ἐξῆλ-

346 3423 437 3477 θον
458 3422 538 3484 εἰς
562 3416 840 3489 ἀναψυχήν
858 3432 872 3445 ·
900 3415 982 3469 ὅτι
1011 3413 1085 3484 μὴ
1114 3411 1300 3483 ἀργῶς
1322 3410 1494 3464 ταῦτα
1516 3410 1698 3472 αὐτοῖς
1724 3407 1920 3469 πάντα,

347 3517 380 3587 ἡ
409 3514 530 3569 θεία
554 3510 849 3583 δεδώρηται
878 3509 1037 3580 χάρις
1060 3523 1072 3537 ⁸
1107 3504 1242 3560 ἀλλά
1273 3502 1383 3576 γὰρ
1407 3502 1585 3557 αὐτῶν
1612 3500 1681 3561 τὰ
1716 3499 1925 3570 μεγάλα

349 3602 802 3677 συμϐαλλομένων
816 3603 897 3664 είς
909 3600 972 3653 τὸ
991 3596 1286 3671 μαρτύριον
1306 3595 1645 3650 διδάσκουσιν
1662 3590 1924 3660 ἀναγκαί-

349 3716 442 3763 ως.
470 3695 694 3770 Πρῶτον
733 3694 832 3767 μὲν
860 3692 1003 3764 γὰρ,
1039 3689 1224 3760 φασιν,
1257 3687 1513 3741 οὐδέποτε
1542 3682 1925 3755 ἀνεχωροῦμεν

350 3792 634 3863 εὐχόμενοι
668 3788 763 3841 καί¹
796 3784 1026 3857 βοῶντες
1053 3783 1190 3854 πρὸς
1216 3780 1396 3834 αὐτόν.
1470 3778 1743 3848 Ἐϐοωμεν
1774 3776 1831 3830 δὲ
1862 3776 1922 3828 οὐ

351 3884 565 3957 κραυγῇ
595 3879 690 3934 καὶ
713 3879 864 3949 φωνῇ
890 3873 1141 3945 γεγωνῷ,
1177 3872 1290 3927 ἀλλ’
1326 3891 1344 3923 ι
1370 3871 1475 3924 ὑπὸ
1502 3869 1597 3942 τὴν
1625 3868 1876 3937 γλῶσσαν
1902 3886 1920 3919 ι

351 3974 482 4028 τίσω
505 3971 817 4041 συνέχοντες
838 3965 1016 4021 αὐτῶν
1038 3963 1135 4029 τὰς
1163 3963 1312 4034 βοάςο
1329 3962 1560 4035 αῇδειμεν
1578 3960 1705 4033 γὰρ,
1730 3962 1813 4014 ὄτι
1833 3960 1927 4013 καὶ

352 4061 681 4117 σιωπώντων
709 4055 895 4112 ἀκούει
921 4057 951 4110 6
973 4054 1128 4119 Θεὸς,
1151 4053 1251 4107 καί
1270 4055 1374 4106 είσι
1400 4051 1642 4125 κραυγαὶ
1668 4050 1845 4122 ψυχῆς
1865 4050 1925 4104 οὐ

354 4155 440 4211 sta:
470 4153 713 4226 γλώττης
743 4149 1148 4223 προφερόμεναι
1167 4189 1182 4212 ,
1212 4149 1435 4221 ἀρρήτῳ
1458 4147 1515 4201 δέ
1540 4146 1768 4217 δυνάμει
1793 4145 1929 4217 πρὸς

355 4248 444 4303 τὸν
462 4247 596 4302 Θεὸν
622 4242 1100 4315 ἀναπεμπόμεναι.
1137 4239 1247 4295 Καὶ
1271 4238 1429 4294 τοῦτό
1457 4241 1602 4293 ἐστιν
1630 4238 1660 4292 ὃ
1691 4238 1929 4304 ἐδίδαξεν

353 4345 379 4397 5
396 4339 588 4412 Σωτὴρ
608 4336 776 4392 είπών
794 4354 807 4369 ο
832 4355 849 4387 ι
861 4333 1082 4390 Εἰσελθε
1109 4333 1189 4396 εἰς
1203 4332 1264 4386 τὸ
1280 4331 1525 4404 ταμιεῖόν
1542 4348 1656 4395 σου,
1674 4329 1768 4385 καὶ
1787 4328 1930 4383 κλεῖ-

353 4449 448 4488 συν
467 4431 568 4504 τὴν
596 4428 766 4500 θύραν
795 4443 888 4481 σου
908 4467 923 4493 ,
954 4425 1049 4479 καὶ
1081 4421 1376 4496 πρόσευξαι
1401 4438 1414 4453 ·
1441 4421 1537 4475 καὶ
1567 4421 1597 4473 6
1622 4422 1810 4492 Πατήρ
1835 4436 1928 4474 σου

2022 3332 2131 3387 quo
2162 3323 2323 3386 pacto
2353 3314 2681 3371 transierint
2704 3328 2801 3383 per
2848 3313 3027 3383 ignem
3058 3320 3114 3366 et
3160 3325 3380 3380 aquam,
3426 3318 3482 3364 et
3513 3309 3600 3362 in-

2022 3411 2199 3480 gressi
2234 3409 2346 3464 sint
2376 3408 2433 3463 in
2491 3405 2878 3476 refrigerium;
2911 3403 3057 3474 quod
3092 3418 3200 3457 non
3252 3403 3368 3456 haec
3413 3399 3601 3455 omnia

2023 3502 2129 3558 sibi
2167 3501 2372 3557 frustra
2429 3498 2615 3554 divina
2649 3497 2825 3567 gratia
2871 3495 3203 3561 contulerit;
3259 3493 3357 3549 sed
3410 3492 3602 3547 istbwc

2024 3593 2127 3649 sibi
2167 3594 2402 3647 maxime
2431 3592 2499 3647 ad
2544 3591 2866 3661 martyrium
2918 3587 3251 3659 profuerint,
3289 3585 3603 3642 necessario

2022 3687 2273 3743 edocent.
2314 3683 2503 3738 Primo
2563 3681 2807 3753 quidem,
2864 3681 3039 3744 aiunt,
3099 3693 3381 3748 nunquam
3437 3675 3601 3731 ﬁnem

2023 3778 2281 3850 precandi
2316 3777 2498 3847 ipsum
2530 3785 2584 3830 et
2605 3773 2879 3829 clamandi
2913 3772 3162 3828 fecimus.
3197 3769 3382 3840 Neque
3420 3779 3603 3823 tamen

2025 3868 2135 3921 alta
2165 3874 2219 3921 et
2249 3880 2450 3921 sonora
2471 3877 2606 3920 voce
2628 3863 3022 3925 clamabamus,
3045 3861 3140 3917 sed
3178 3878 3197 3911 ι
3226 3860 3329 3914 sub
3354 3859 3596 3931 lingua,»

2026 3967 2175 4021 intus
2218 3966 2490 4022 clamores
2522 3970 2748 4019 nostros
2777 3958 3222 4030 comprimentes.
3261 3954 3602 4010 Noveramus

2026 4062 2231 4131 quippe
2264 4058 2430 4115 Deum
2465 4058 2551 4113 vel
2605 4061 2852 4109 tacentes
2904 4052 3117 4116 audire,
3147 4060 3382 4120 esseque
3404 4049 3605 4103 clamo-

2026 4171 2118 4211 res
2148 4169 2259 4209 non
2311 4154 2498 4225 lingua
2547 4151 2645 4209 sed
2695 4159 2880 4206 mente
2938 4148 3204 4218 prolatos,
3243 4161 3307 4200 ac
3343 4142 3605 4200 ineffabili

2028 4248 2238 4304 virtute
2288 4247 2357 4302 ad
2404 4245 2575 4303 Deum
2627 4244 2883 4300 emissos.
2947 4241 3301 4311 Idipsumque
3328 4254 3359 4293 a
3406 4236 3609 4293 Serva-

2028 4352 2148 4400 tore
2219 4343 2448 4399 docetur
2496 4340 2585 4396 his
2643 4337 2868 4394 verbis:
2924 4333 3116 4388 «intra
3178 4331 3236 4385 in
3291 4327 3606 4384 cubiculum

2031 4445 2213 4505 tuum,
2243 4442 2299 4489 et
2332 4434 2522 4487 clauso
2565 4428 2711 4485 ostio
2739 4441 2870 4482 ora:
2907 4431 2963 4480 et
2992 4422 3155 4477 Pater
3182 4427 3312 4475 tuus
3338 4418 3430 4489 qui
3458 4418 3609 4473 videt

355 4527 381 4580 3
412 4521 623 4595 βλέπων
653 4523 710 4575 ἐν
740 4518 819 4591 τῷ
844 4515 1069 4590 κρυπτῷ
1100 4515 1368 4571 ἀποδώσει
1394 4529 1497 4568 σοι.
1527 4533 1546 4566 ι
1622 4512 1807 4576 Οὕτως
1833 4506 1920 4566 οὖν

2027 4531 2083 4585 in
2109 4526 2454 4588 abscondito,
2490 4522 2683 4578 reddet
2707 4519 2807 4574 tibi
2821 4517 2888 4573 ⁸³.
2919 4535 2939 4568 ι
2968 4514 3059 4570 Sic
3074 4513 3242 4585 igitur
3267 4511 3608 4581 hicloquun-

355 4617 450 4671 καὶ
478 4612 711 4669 ἐνταῦθά
734 4627 929 4681 φασιν,
954 4610 1036 4663 ὅτι
1069 4627 1088 4659 ι
1108 4608 1252 4679 Πρὸς
1278 4605 1438 4661 αὑτὸν
1462 4604 1540 4676 τῷ
1569 4604 1794 4676 στόματί
1828 4620 1920 4675 μου

2034 4632 2124 4678 tur
2165 4640 2179 4676 :
2235 4636 2254 4669 ι
2278 4617 2359 4673 Ad
2396 4619 2571 4688 ipsum
2601 4628 2698 4669 ore
2738 4624 2861 4667 meo
2907 4607 3136 4664 clamavi
3164 4612 3218 4662 et
3243 4604 3476 4662 exaltavi
3505 4603 3613 4660 sub

356 4707 630 4780 ἐκέκραξα
655 4706 752 4760 καὶ
775 4702 967 4774 ύψωσα
996 4700 1102 4755 ὑπὸ
1123 4699 1221 4772 τῆν
1242 4698 1492 4769 γλῶσσάν
1517 4714 1640 4769 μουο
1667 4716 1685 4749 ι
1714 4694 1855 4752 κατὰ
1874 4696 1920 4749 δὲ

2033 4715 2217 4785 lingua
2260 4724 2417 4776 mea;
2470 4728 2488 4760 ι
2515 4705 2816 4764 secundum
2851 4699 3237 4775 Symmachum
3260 4713 3392 4754 vero
3421 4716 3435 4753 :
3474 4714 3495 4749 ι
3522 4695 3610 4768 lp-

355 4801 449 4854 τὸν
480 4799 792 4870 Σύμμαχον,
822 4815 841 4849 ι
862 4794 1227 4864 Αὐτὸν,ςφασ“ι
1246 4834 1261 4857 ,
1300 4791 1377 4863 τῷ
1407 4790 1635 4863 στόματί
1672 4806 1773 4861 μου
1801 4791 1932 4842 ἐπε-

2036 4824 2180 4871 sum,
2232 4806 2419 4869 aiunt,
2465 4817 2563 4858 ore
2617 4812 2739 4855 meo
2791 4793 3074 4857 invocavi,
3118 4799 3173 4848 et
3241 4790 3477 4846 exaltata
3523 4796 3610 4845 est

356 4894 693 4964 καλεσάμην,
743 4890 837 4945 καὶ
863 4888 1050 4959 ὑψώθη
1084 4886 1421 4957 παραχρῆμα
1452 4886 1487 4956 ἡ
1520 4882 1742 4953 γλῶσσά
1772 4900 1920 4954 μου.ι

2037 4899 2329 4957 confestim
2369 4896 2554 4952 anima
2605 4906 2783 4948 mea.»
2840 4887 2952 4943 Sed
2998 4900 3110 4941 non
3143 4891 3357 4938 tantum
3405 4882 3610 4937 oratio-

369 4984 507 5040 Ἀλλ’
528 4985 593 5038 ού
620 4984 777 5054 μόνον
803 4985 924 5046 ταῖς
942 4981 1127 5051 εύχαῖς
1150 4976 1510 5049 ἐσχολάζομεν
1530 4977 1625 5031 καὶ
1650 4978 1770 5039 ταῖς
1799 4974 1935 5047 πρὸς

357 5080 448 5134 τὸν
474 5078 606 5133 Θεὸν
634 5078 852 5150 δεήσεσι
881 5075 975 5130 καὶ
1008 5073 1307 5145 ἱκετηρίαις
1326 5087 1339 5100 δ
1365 5071 1501 5126 ἀλλὰ
1525 5072 1620 5126 καὶ
1642 5072 1821 5144 ἔργοις
1841 5069 1937 5122 αύ-

357 5176 469 5238 τοῖς
496 5169 952 5243 ἀπεστρεφόμεθα
985 5168 1080 5239 μὲν
1109 5168 1288 5220 πᾶσαν
1316 5164 1549 5229 ἀδικίαν,
1572 5164 1649 5227 ώς
1675 5162 1807 5234 μηδὲ
1838 5163 1937 5232 ἐμ-

359 5263 579 5316 ϐλέπειν
600 5262 737 5333 αὐτῇ
755 5260 980 5323 ἐθέλειν,
1003 5258 1036 5330 ἢ
1058 5257 1151 5313 καὶ
1172 5256 1248 5329 τῷ
1272 5256 1348 5328 νῷ
1373 5253 1721 5326 ἐνθυμεῖσθαί
1743 5270 1797 5306 τι
1824 5251 1937 5306 ἀδι-

358 5371 472 5408 κον.
507 5353 571 5406 Ei
593 5354 698 5426 γάρ
724 5369 778 5405 τι
796 5351 1035 5424 τοιοῦτον
1061 5347 1399 5419 ἐνενοοῦμεν,
1426 5346 1534 5400 οὐδ’
1560 5343 1937 5399 είσακούεσθαι

359 5444 499 5510 ἄξιοι
524 5443 592 5497 ἂν
621 5439 783 5515 ἦμεν·
813 5441 895 5497 διό
920 5455 1115 5511 φασιν⁶
1179 5458 1198 5491 ι
1233 5438 1470 5492 Ἀδικίαν
1498 5438 1546 5490 εί
1580 5433 1849 5506 ἐθεώρουν
1880 5435 1939 5488 ἐν

362 5535 559 5609 καρδίᾳ
587 5552 686 5605 μου
707 5573 721 5599 ,
758 5534 833 5606 μὴ
861 5531 1230 5589 είσακουσάτω
1263 5529 1483 5603 Κύριος.
1511 5548 1530 5581 ι
1579 5525 1731 5581 Ἐπεὶ
1763 5523 1939 5581 τοίνυν

2038 4994 2224 5055 nibus,
2305 4987 2564 5061 precibus
2622 4990 2678 5040 et
2737 4975 3233 5051 supplicationibus
3308 4972 3377 5028 ad
3437 4971 3609 5027 Deum

2034 5083 2255 5141 emissis
2279 5079 2625 5141 vacavimus;
2657 5071 2755 5129 sed
2786 5069 2922 5142 ipsis
2968 5066 3230 5138 operibus
3268 5063 3609 5135 iniquitatem

2037 5189 2254 5231 omnem
2285 5169 2531 5227 aversati.
2554 5180 2779 5232 sumus;
2821 5163 2895 5216 ita
2949 5166 3011 5215 ut
3056 5174 3125 5214 ne
3169 5156 3388 5228 quidem
3430 5150 3609 5220 respi-

2038 5282 2163 5322 cere
2212 5265 2363 5319 illam
2404 5260 2765 5322 voluerimus,
2799 5262 2893 5310 aut
2937 5251 3216 5323 quidpiam
3248 5250 3495 5317 iniquum
3525 5242 3608 5297 vel

2041 5360 2225 5415 animo
2253 5357 2519 5427 cogitare.
2558 5351 2692 5406 Nam
2728 5350 2774 5406 si
2804 5347 2939 5420 quid
2971 5345 3149 5401 simile
3187 5342 3607 5427 cogitassemus,

2043 5469 2156 5510 non
2188 5450 2338 5522 digni
2382 5461 2602 5503 eramus
2645 5445 2740 5516 qui
2788 5439 3196 5498 exaudiremur.
3247 5426 3608 5500 Quamobrem

2042 5547 2237 5601 aiunt:
2275 5564 2294 5596 ι
2322 5540 2667 5613 lniquitatem
2700 5541 2748 5594 si
2792 5534 2979 5608 aspexi
3012 5534 3068 5587 in
3114 5525 3279 5585 corde
3320 5535 3462 5583 meo,
3497 5532 3617 5613 non

482 5589 848 5701 τηνιδιάνοιαν
878 5625 1133 5699 τοιαύτην
1161 5621 1274 5698 εἶχε
1300 5589 1393 5679 καὶ
1438 5589 1537 5688 τὰς
1569 5621 1733 5695 εὐχὰς
1754 5620 1907 5676 τοιαύ

2041 5638 2302 5697 exaudiat
2328 5589 2653 5692 Dominus.»
2711 5589 3016 5698 Quiaiergo
3059 5619 3155 5678 tali
3188 5620 3370 5673 mente
3410 5589 3617 5685 [)de-

434 5811 486 5853 ⁸³
517 5810 707 5867 Matth.
743 5827 816 5876 VI,
840 5809 892 5865 6.

1229 5918 1242 5953 ί

1960 5730 2031 5744 ⁵η,
