4024 6210
509 342 605 397 671
1166 335 1436 394 EUSEBII
1475 337 1962 394 CAESARIENSIS
2002 337 2158 394 OPP.
2203 339 2388 398 PARS
2425 338 2515 396 III.
2546 369 2612 382 —
2651 334 3061 393 EXEGETICA.
3649 331 3759 383 67!

508 470 598 517 tus
628 459 764 514 tales
799 456 1082 513 orationes
1117 456 1398 525 fundebat,
1429 457 1553 527 jure
1604 458 1736 513 dicit
1768 477 1786 509 ι
1817 457 2072 528 Pr0pter~

2175 476 2274 523 τας
2308 459 2648 530 ἀνέπεμπεν,
2703 457 2926 520 είκότως
2957 454 3116 526 φησι·
3155 471 3174 505 ι
3197 451 3294 506 Διὰ
3321 449 3478 505 τοῦτο
3501 449 3762 520 εἰσήκου-

509 569 569 608 ea
608 551 883 606 exaudivit
934 549 1099 616 Deus,
1145 559 1199 606 et
1245 551 1479 606 attendit
1509 551 1630 606 voci
1669 551 2072 620 deprecationis

2179 567 2269 602 σεν
2294 550 2322 601 6
2353 549 2483 614 Θεὸς
2511 550 2604 602 καὶ
2636 547 2908 621 προσέσχε
2928 548 2994 616 τῇ
3024 546 3174 615 φωνῇ
3201 542 3297 613 τῆς
3321 538 3560 613 δεήσεώς
3587 556 3711 611 μου.
3732 557 3754 590 ι

509 659 692 699 meae.»
752 641 817 696 Et
852 642 966 697 haec
1017 643 1073 697 in
1106 658 1274 699 causa
1309 650 1465 698 erant
1515 657 1615 697 cur
1668 642 1812 698 Deus
1843 650 1966 712 post
1995 650 2072 696 tot

2183 642 2295 696 Ka‘t
2312 641 2483 696 ταῦτα
2512 637 2579 713 ἦν
2611 639 2680 694 τά
2712 639 2863 694 αἴτια
2892 638 2958 692 δι’
2983 638 3018 692 ἃ
3042 635 3308 707 ἐξήγαγεν
3339 635 3489 704 ἡμᾶς
3519 635 3601 696 εἰς
3624 633 3760 685 ἀνα-

504 733 858 798 tentationes,
891 733 1144 789 eduxerit
1175 750 1276 790 nos
1311 736 1366 788 in
1401 732 1768 805 refrigerium.
1807 732 1914 787 Pro
1951 733 2075 804 qui-

507 830 605 880 bus
634 825 890 880 omnibus
917 825 1160 882 debitum
1193 827 1492 897 gratiarum
1546 826 1785 881 actionis
1810 825 2075 898 hymnum

507 915 618 970 Deo
649 915 990 979 emittentes,
1029 924 1203 970 totum
1253 931 1566 971 sermonem
1611 916 1717 970 hoc
1763 931 1863 971 ceu
1898 915 2080 986 sigillo

505 1008 880 1064 concludunt:
938 1028 955 1060 ‹
984 1009 1315 1065 Benedictus
1361 1008 1526 1073 Deus,
1581 1009 1676 1080 qui
1717 1024 1827 1064 non
1873 1009 2078 1063 amovit

504 1103 809 1157 orationem
846 1119 1021 1158 meam
1053 1110 1106 1158 et
1166 1103 1604 1160 misericordiam
1655 1118 1810 1159 suam
1852 1118 1882 1156 a
1932 1117 2070 1157 me.»

505 1197 630 1252 Haec
657 1211 822 1267 porro
866 1198 1050 1250 omnia
1076 1196 1279 1250 chorus
1308 1197 1644 1266 apostolicus
1675 1212 1741 1251 ex
1768 1197 1932 1250 unius
1955 1210 2079 1264 per-

502 1305 659 1354 sona,
687 1288 1151 1352 benedictionem,
1198 1287 1416 1342 laudem
1472 1295 1524 1344 et
1583 1288 1881 1358 gratiarum
1909 1286 2078 1341 actio-

503 1395 624 1433 nem
655 1393 754 1448 pro
801 1379 1060 1433 omnibus
1106 1394 1273 1448 supra
1323 1379 1641 1433 memoratis
1676 1375 1786 1432 Deo
1819 1375 2076 1443 oﬂ‘erens,

503 1480 626 1544 post
657 1480 736 1527 tot
767 1473 1010 1542 prolatos
1041 1487 1326 1528 sermones
1355 1471 1690 1542 obsignavit.

503 1587 552 1641 I.
605 1585 672 1640 IN
715 1585 934 1640 FINEM
986 1584 1052 1639 IN
1091 1585 1360 1710 ιιι(ῗέηῆ
1414 1582 1740 1639 PSALMUS
1771 1581 2069 1639 CANTICI.

569 1771 738 1848 vrtus.
768 1772 822 1834 9..
857 1772 910 1828 5.
953 1771 1136 1826 «Deus
1170 1770 1497 1824 misereatur
1515 1768 1689 1823 nostri
1712 1777 1765 1823 et
1792 1767 2078 1823 benedicat

2175 735 2351 806 ψυχὴν
2373 734 2509 804 μετὰ
2528 734 2652 798 τοὺς
2669 731 2956 794 τοσούτους
2978 727 3334 800 πειρασμούς.
3373 726 3491 796 Ἐφ’
3510 721 3592 790 οἷς
3615 724 3759 779 ᾶπα-

2179 845 2231 881 σι
2261 827 2350 880 τὸν
2381 825 2722 897 ὀφειλόμενον
2750 824 3165 896 εὐχαριστήριον
3210 820 3373 892 ὕμνον
3401 819 3757 889 ἀναπέμπον-

2177 937 2268 984 τες
2299 919 2376 990 τῷ
2405 917 2542 989 Θεῷ,
2572 918 2989 989 ὲπισφράγισμα
3018 913 3112 967 τοῦ
3143 913 3338 976 παντὸς
3364 911 3651 964 ποιοῦνται
3672 909 3758 962 λό-

2179 1028 2276 1080 γου
2307 1012 2606 1080 φάσκοντες
2626 1027 2639 1042 ο
2669 1029 2689 1062 ι
2711 1009 3015 1080 Εὐλογητὸς
3039 1009 3066 1060 6
3097 1007 3248 1071 Θεὸς,
3277 1005 3336 1077 ὃς
3359 1004 3462 1058 οὐκ
3487 1005 3755 1074 ἀπέστρε-

2177 1105 2246 1175 ψε
2269 1104 2365 1176 τὴν
2391 1103 2696 1176 προσευχήν
2723 1120 2843 1174 μου,
2895 1101 2988 1156 καὶ
3010 1101 3069 1154 τὸ
3092 1100 3236 1163 ἔλεος
3259 1097 3424 1154 αὐτοῦ
3445 1099 3542 1152 ἀπ’
3563 1095 3751 1167 ἐμοῦ.»

2176 1197 2359 1251 Ταῦτα
2383 1197 2448 1250 δέ
2466 1197 2640 1250 πάντα
2671 1197 2698 1248 6
2725 1196 2884 1268 χορὸς
2915 1195 2944 1247 6
2975 1193 3326 1256 άποστολικὸς
3348 1191 3408 1257 ἐξ
3431 1191 3554 1253 ένὸς
3584 1206 3754 1261 προσ-

2178 1291 2326 1345 ώπου
2370 1289 2508 1362 μετὰ
2545 1289 2750 1352 πάντας
2800 1289 2924 1352 τοὺς
2976 1285 3368 1358 προλεχθέντας
3416 1285 3611 1352 λόγους
3659 1285 3757 1335 ὲπ·

2177 1384 2565 1454 εσφραγίσατο,
2595 1381 2840 1449 εὐλογίαν
2867 1380 2961 1434 καὶ
2981 1378 3282 1446 δοξολογίαν
3299 1377 3392 1429 καὶ
3408 1375 3756 1448 εὐχαριστίαν

2178 1476 2273 1528 ἐπὶ
2307 1476 2438 1528 πᾶσι
2479 1477 2590 1536 τοῖς
2623 1471 2995 1545 προλεχθεῖσιν
3028 1469 3368 1540 ἀναπέμπων
3401 1467 3480 1538 τῷ
3504 1467 3647 1538 Θεῷ.

2180 1588 2229 1642 I.
2270 1585 2378 1638 ΕΙΣ
2412 1585 2498 1638 ΤΟ
2527 1583 2749 1639 ΤΕΛΘΣ
2789 1583 2882 1639 ΕΝ
2905 1579 3181 1719 Igmle
3221 1577 3515 1631 ΨΑΛΜΟΣ
3551 1575 3752 1645 ῼΛΗΣ.

2253 1789 2271 1822 σ
2295 1770 2351 1824 Ὀ
2373 1770 2503 1834 Θεὸς
2523 1769 2857 1841 οἱκτειρήσαι
2877 1769 3020 1838 ἡμᾶς
3034 1765 3128 1820 καὶ
3147 1765 3436 1836 εὐλογήσαι
3452 1764 3623 1835 ἡμᾶς,
3640 1766 3754 1816 ἐπι-

501 1865 680 1929 nobis,
698 1865 968 1920 illuminet
982 1865 1186 1918 vultum
1201 1877 1356 1919 suum
1373 1877 1670 1932 supernos,
1685 1870 1738 1917 et
1755 1862 2072 1916 misereatur

2180 1862 2342 1931 φάναι
2364 1862 2424 1914 τὸ
2444 1839 2732 1934 πρόσωπον
2750 1839 2914 1912 αὐτοῦ
2933 1860 3015 1927 ἐφ’
3031 1858 3178 1928 ἡμᾶς
3195 1858 3288 1909 καὶ
3305 1855 3526 1926 ἐλεήσαι
3550 1854 3716 1924 ἡμᾶς.
3734 1873 3750 1902 »

499 1955 729 2010 nostri.»
775 1955 1023 2010 Praesens
1051 1969 1268 2024 quoque
1286 1953 1550 2023 psalmus,
1574 1951 1921 2022 evangelicus
1949 1966 2072 2006 cum

497 2047 593 2111 sit,
645 2046 821 2102 eidem
868 2062 932 2102 ac
981 2046 1295 2119 praecedens
1334 2047 1501 2100 haeret
1549 2044 1866 2108 sententiae;
1902 2058 2073 2113 quare

505 2140 620 2194 «ad
676 2140 883 2194 finem»
922 2147 976 2193 et
1028 2140 1144 2209 ipse
1203 2139 1465 2203 remittit,
1525 2145 1688 2207 atque
1753 2136 2073 2190 «canticum

499 2228 735 2297 psalmi»
770 2228 1124 2296 inscribitur;
1157 2231 1285 2299 quia
1317 2229 1407 2284 ille
1430 2243 1650 2298 quoque
1677 2227 1920 2296 psalmus
1949 2240 2075 2281 can-

497 2321 592 2374 tici
625 2335 748 2376 esse
777 2321 1084 2375 dicebatur.
1129 2319 1390 2375 Fortasse
1417 2335 1548 2374 vero
1591 2317 1714 2374 ideo
1755 2328 1948 2374 neuter
1977 2333 2073 2373 eo-

499 2427 622 2465 rum
651 2411 811 2481 cujus
867 2413 980 2466 sint
1032 2428 1315 2468 sermones
1352 2413 1404 2465 in
1441 2412 1600 2466 titulo
1631 2411 1895 2474 declarat,
1927 2409 2073 2481 quod

499 2502 854 2559 manifestum
907 2505 980 2558 sit
1022 2518 1273 2573 quaenam
1308 2519 1556 2573 personae
1606 2504 1660 2557 in
1717 2511 1949 2572 utroque
1995 2502 2077 2555 Io-

498 2603 731 2666 quentes
760 2595 1111 2651 inducantur.
1138 2595 1349 2650 Etenim
1373 2595 1615 2665 gentium
1642 2609 1942 2665 praecones,
1962 2594 2075 2648 sive

496 2687 731 2756 apostoli
785 2686 1095 2744 Servatoris
1137 2689 1336 2751 nostri,
1402 2689 1459 2742 in
1501 2695 1735 2758 utroque
1782 2703 2075 2743 assumun-

505 2788 618 2831 tur.
678 2776 781 2843 Qui
815 2780 999 2832 statim
1033 2779 1100 2833 ab
1122 2779 1350 2833 exordio
1380 2780 1434 2833 in
1462 2779 1714 2850 praesenti
1745 2779 1956 2848 psalmo
1976 2793 2076 2833 nec

497 2869 716 2924 occulte
749 2871 1056 2923 acclamant
1085 2871 1140 2924 in
1169 2879 1312 2924 terra
1343 2878 1397 2925 et
1440 2871 1495 2924 in
1542 2871 1798 2925 omnibus
1822 2870 2074 2940 gentibus

497 2961 738 3015 salutare
797 2960 914 3027 Dei,
972 2969 1028 3023 et
1095 2962 1242 3014 viam
1301 2961 1422 3030 ejus
1471 2963 1731 3032 cognosci
1763 2969 2072 3031 precantes,

496 3047 692 3103 deinde
715 3049 867 3104 aiunt
890 3070 902 3104 :
940 3068 958 3100 ‹
983 3048 1362 3104 Coutitcantur
1389 3050 1485 3104 tibi
1512 3051 1721 3120 populi,
1752 3048 1916 3110 Deus.
1946 3065 2076 3104 con-

498 3139 756 3194 ﬁteantur
783 3140 881 3194 tibi
936 3141 1121 3211 populi
1152 3155 1368 3196 omnes.
1414 3140 1692 3197 Laetentur
1715 3153 1769 3197 et
1799 3143 2074 3197 exsultent

2174 1954 2284 2006 Kal.
2313 1955 2342 2006 6
2371 1952 2560 2024 παρὼν
2584 1950 2794 2022 ψαλμὸς
2821 1948 3172 2018 εὐαγγελικὸς
3195 1947 3292 2013 ῶν,
3324 1947 3423 2017 τῆς
3449 1945 3621 2016 αὐτῆς
3643 1945 3757 2015 ἔχει

2173 2063 2261 2098 ται
2293 2042 2369 2114 τῷ
2399 2042 2505 2115 πρὸ
2531 2042 2695 2097 αὐτοῦ
2729 2041 2999 2104 διανοίαςο
3043 2039 3229 2110 διόπερ
3281 2057 3299 2089 ι
3323 2039 3404 2100 είς
3445 2036 3508 2089 τὸ
3559 2036 3711 2097 τέλος
3733 2051 3750 2085 ι

2174 2135 2528 2206 παραπέμπει
2557 2131 2651 2184 καὶ
2677 2131 2838 2194 αὐτὸς
2863 2171 2877 2194 ,
2915 2149 2933 2182 r
2952 2129 3062 2200 ᾠδή
3090 2147 3108 2180 »
3147 2145 3205 2181 τε
3238 2147 3255 2180 ι
3278 2126 3528 2198 ψαλμοῦ»
3571 2127 3761 2194 ἐπιγέ-

2173 2243 2418 2299 γραπται
2442 2239 2457 2255 ⁹
2490 2224 2610 2278 ἐπεὶ
2638 2225 2886 2286 κάκεῖνος
2909 2221 3123 2292 ψαλμὸς
3149 2221 3288 2291 ᾠδῆς
3332 2221 3554 2289 ἐλέγετε
3597 2215 3757 2273 εἶναι.

2172 2321 2399 2390 Μήποτε
2437 2319 2493 2371 δὲ
2527 2319 2587 2371 τὸ
2621 2318 2766 2380 τίνος
2797 2312 2903 2369 εἶεν
2925 2315 3072 2385 λόγοι
3099 2315 3378 2386 οὐδέτερος
3399 2313 3583 2368 αὐτῶν
3606 2314 3662 2365 ἐν
3687 2316 3756 2385 τῇ

2174 2413 2464 2483 προγραφῇ
2497 2410 2788 2480 παρίστησι
2814 2408 2902 2462 διὰ
2926 2408 2986 2462 τὸ
3017 2407 3244 2479 ἐναργὲς
3271 2405 3378 2458 τῶν
3402 2403 3759 2476 προφητικῶς

2172 2505 2511 2575 εἰσηγμένων
2561 2505 2620 2556 ὲν
2651 2504 2834 2565 αὐτοῖς
2868 2499 3188 2572 προσώπων.
3254 2500 3317 2553 Οἱ
3350 2500 3596 2571 κήρυκες
3628 2497 3760 2566 γοῦν

2171 2595 2279 2649 τῶν
2305 2595 2472 2649 ἐθνῶν
2490 2635 2505 2660 ,
2539 2595 2588 2648 οἱ
2617 2595 2901 2649 ἀπόστολοι
2929 2593 3128 2666 δηλαδὴ
3161 2593 3254 2646 τοῦ
3289 2593 3547 2663 Σωτῆρος
3577 2591 3757 2662 ἡμῶν,

2172 2691 2229 2742 έν
2264 2689 2507 2761 ἐκατέρῳ
2539 2688 2980 2760 παρελήφθησαν.
3014 2686 3220 2740 Αὐτίκα
3249 2685 3380 2753 γοῦν
3412 2686 3508 2738 καὶ
3539 2684 3627 2737 διὰ
3650 2683 3758 2738 τῶν

2174 2781 2546 2853 προκειμένων
2575 2781 2902 2844 ὰκαλύπτως
2935 2778 3233 2833 ἀναϐοῶσιν
3271 2781 3327 2832 ἐν
3360 2781 3425 2849 τῇ
3461 2781 3535 2848 γῇ
3573 2778 3666 2832 καὶ
3697 2779 3760 2830 ἐν

2174 2875 2307 2927 πᾶσι
2327 2877 2437 2936 τοῖς
2461 2873 2636 2927 ἔθνεσι
2654 2873 2715 2927 τό
2735 2891 2792 2926 τε
2817 2874 3082 2944 σωτήριον
3102 2870 3194 2924 τοῦ
3211 2871 3342 2924 Θεοῦ
3363 2911 3378 2934 ,
3402 2872 3499 2924 καὶ
3521 2871 3621 2942 τὴν
3640 2869 3758 2922 ὁδὸν

2175 2963 2336 3018 αὐτοῦ
2364 2963 2671 3035 γνωσθῆναι
2694 2964 2972 3035 εὐχόμενοι
2991 2980 3006 2996 ο
3030 2961 3130 3017 εἷθ’
3151 2963 3306 3032 ἐξῆςο
3346 2981 3364 3013 ι
3402 2961 3760 3034 Ἐξομολογη-

2175 3057 2458 3112 σάσθωσάν
2488 3076 2568 3111 σοι
2598 3059 2715 3112 λαοὶ
2735 3100 2748 3122 ,
2795 3061 2824 3111 6
2855 3058 2986 3121 Θεὸς
3005 3098 3019 3120 ,
3056 3057 3644 3127 ὲξομολογησάσθωσὰν
3674 3074 3758 3109 σοι

2175 3150 2292 3205 λαοὶ
2346 3151 2564 3215 πάντες.
2641 3151 3114 3223 Εὐφρανθήτωσαν
3165 3151 3257 3202 καὶ
3308 3149 3760 3217 ἀγαλλιάσθωσαν

497 3239 742 3304 gentes.»
785 3231 958 3298 Quem
993 3247 1301 3288 sermonem
1334 3233 1578 3289 secundo
1610 3234 1675 3288 ad
1709 3234 1951 3288 vaticinii
1981 3235 2072 3288 tir-

2174 3245 2354 3314 ἔθνη.ι
2388 3242 2497 3296 Καὶ
2524 3209 2676 3306 αὖθις
2710 3209 3022 3314 δειυτεροῦσι
3051 3241 3142 3293 τὸν
3171 3239 3327 3308 λόγον
3357 3209 3438 3302 είς
3467 3239 3758 3309 βεϐαίωσιν

496 3324 740 3382 mitatem
796 3335 1074 3396 repetunt.
1117 3325 1335 3382 Chorus
1364 3328 1531 3400 igitur
1569 3329 1927 3398 apostolicus,
1977 3329 2071 3398 qui

497 3419 651 3490 prius
676 3419 916 3476 dixerat:
944 3440 962 3472 ε
1009 3418 1244 3476 Jubilate
1289 3420 1420 3484 Deo,
1458 3421 1638 3476 omnis
1683 3421 1923 3486 terra“;
1952 3441 1969 3472 »
2018 3428 2073 3476 et

503 3529 757 3568 rursum:
801 3533 820 3564 ι
848 3512 1039 3570 Omnis
1071 3521 1216 3570 terra
1248 3514 1440 3570 adoret
1486 3514 1632 3581 te“;
1660 3533 1676 3565 »
1718 3514 2066 3584 iterumque:

505 3622 524 3656 ι
551 3604 882 3673 Benedicite,
918 3617 1128 3678 gentes.
1162 3605 1332 3662 Deum
1382 3614 1633 3661 nostrum
1656 3607 1733 3674 ⁸⁶;
1763 3625 1780 3658 »
1826 3607 1879 3660 in
1925 3623 2069 3677 pra:-

495 3697 638 3753 senti
686 3699 898 3768 psalmo
933 3699 1209 3763 similiter,
1252 3699 1693 3754 animadvertens
1730 3715 1927 3770 magno
1965 3700 2070 3752 sibi

492 3804 634 3858 opus
682 3805 805 3845 esse
865 3791 932 3845 ad
994 3790 1233 3846 faustum
1287 3792 1614 3862 evangeliea:
1665 3791 2071 3863 praedicationis

454 3920 455 3923 η
493 3881 700 3934 exitum
737 3878 828 3934 Dei
863 3880 1087 3944 auxilio,
1126 3881 1282 3951 quasi
1324 3883 1429 3936 sibi
1481 3883 1782 3937 accinendo
1829 3883 1908 3938 sic
1942 3898 2068 3952 pre.

494 3979 682 4025 catur:
723 3989 740 4022 ι
764 3972 907 4026 Deus
936 3973 1259 4027 misereatur
1291 3974 1464 4027 nostri
1497 3982 1552 4028 et
1573 3975 1858 4030 benedicat
1888 3974 2070 4038 nobis,

495 4060 768 4116 illuminet
801 4063 1011 4116 vultum
1054 4079 1214 4118 suum
1249 4081 1416 4134 super
1456 4082 1581 4130 nos,
1639 4075 1692 4121 et
1741 4067 2070 4122 misereatur

495 4153 728 4208 nostri.»
807 4154 918 4210 Nos
964 4155 1166 4226 quippe
1224 4156 1361 4210 nihil
1419 4157 1659 4212 dicimus
1718 4172 1864 4220 esse,
1932 4157 2069 4209 nihil

495 4259 659 4316 posse
688 4245 940 4313 fatemur,
976 4263 1102 4302 cum
1135 4247 1273 4303 viles
1299 4248 1574 4314 homines,
1617 4249 1914 4319 simplices.
1943 4263 2073 4318 pau-

494 4354 652 4410 peres
679 4350 733 4396 et
748 4341 1030 4396 hominum
1059 4343 1322 4412 postremi
1355 4341 1549 4397 simus.
1582 4340 1702 4411 Ipse
1731 4356 1860 4395 vero
1891 4341 2061 4406 Deus,

493 4435 587 4508 qui
624 4451 724 4490 nos
755 4436 807 4490 in
839 4435 1031 4492 salutis
1062 4435 1303 4504 gentium
1331 4434 1614 4491 ministros
1645 4433 1870 4504 adlegit,
1894 4435 2071 4503 primo

493 4528 712 4596 quidem
763 4526 1092 4582 misereatur
1124 4526 1320 4589 nostri,
1361 4534 1562 4581 nostrae
1592 4526 1806 4581 scilicet
1835 4525 2066 4580 inﬁrmi-
2099 4558 2146 4617 υ

493 4619 623 4673 tatis
677 4617 1158 4674 commiseratione
1208 4624 1534 4686 moveatur;
1587 4617 1784 4672 deinde
1854 4616 2062 4687 aliquid

497 4710 718 4777 adjiciat
745 4711 890 4780 quod
919 4711 1236 4766 confortare
1277 4711 1482 4776 valeat;
1526 4711 1580 4766 id
1610 4718 1714 4772 est.
1759 4718 1818 4765 ut
1848 4711 2068 4766 benedi-

495 4808 585 4854 cat
612 4801 791 4864 nobis,
825 4801 1207 4857 benedictione
1237 4816 1368 4858 sane
1412 4801 1716 4872 spirituali;
1772 4818 1881 4871 quo
1918 4802 2066 4857 illius

495 4893 667 4963 gratia
719 4892 771 4946 in
801 4907 900 4948 nos
930 4893 1242 4963 impleatur,
1273 4900 1332 4946 ut
1362 4909 1458 4964 par
1488 4901 1592 4956 est,
1626 4893 1940 4961 hujusmodi
1971 4893 2066 4947 be-

493 4983 769 5045 nedictio:
839 5003 856 5036 ι
880 4984 1141 5052 Crescite,
1179 4995 1232 5040 et
1264 4985 1729 5054 multiplicamini,
1777 4993 1831 5040 et
1864 4985 2067 5054 repleto

495 5083 719 5140 terram,
743 5083 798 5131 et
821 5076 1175 5132 dominamini
1205 5078 1468 5134 illius°'.»
1515 5075 1638 5131 Haec
1663 5076 1810 5132 enim
1842 5091 1872 5130 a
1906 5077 2064 5146 prin-

495 5169 637 5240 cipio
668 5169 724 5223 in
751 5168 940 5223 mundi
982 5179 1172 5225 exortu
1207 5171 1354 5226 dicta
1403 5179 1565 5226 sunt:
1597 5186 1720 5240 qua:
1749 5167 1922 5224 Judaei
1955 5184 2063 5223 non

496 5264 603 5317 alio
640 5278 805 5334 quam
863 5277 1130 5332 corporeo
1176 5278 1351 5328 more,
1406 5279 1504 5334 per
1550 5262 2063 5333 multiplicationem

493 5355 716 5427 impleta
763 5361 980 5426 putant.
1019 5352 1130 5410 Nos
1174 5361 1356 5409 autem
1405 5355 1560 5425 gnari
1613 5356 1808 5410 animae
1848 5369 2065 5424 quoque

492 5451 704 5522 prolem
738 5464 863 5504 esse
939 5455 1103 5517 atque
1149 5445 1453 5516 discipulos
1503 5463 1624 5503 esse
1677 5448 2064 5518 magistrorum

496 5541 658 5605 ﬁlios,
699 5539 1012 5610 hujusmodi
1054 5537 1492 5595 benedictionem
1543 5539 1807 5609 consequi
1870 5551 2064 5608 preca-

503 5648 646 5697 mur,
677 5643 735 5689 ut
775 5648 1090 5690 crescamus
1142 5643 1197 5689 et
1251 5631 1679 5703 multiplicemur
1716 5629 2067 5685 multitudine

568 5809 616 5856 η
637 5811 782 5868 Psal.
810 5830 933 5876 ων,
961 5814 1012 5872 1.
1088 5815 1132 5850 ⁸³
1158 5813 1290 5870 ibid.
1325 5815 1378 5869 4.

2172 3335 2278 3388 τῶν
2307 3333 2735 3404 θεσπιζομένων.
2783 3333 2839 3386 ’0
2868 3331 3027 3404 χορὸς
3059 3331 3235 3383 τοίνυν
3269 3332 3296 3382 6
3324 3329 3701 3392 ἀποστολικὸς,
3735 3330 3761 3382 5

2171 3427 2258 3479 διὰ
2278 3425 2386 3479 τῶν
2406 3425 2712 3496 ἔμπροσθεν
2731 3422 2983 3494 εἰρηκώς·
3009 3442 3026 3474 ι
3050 3420 3376 3484 Ἀλαλάξατε
3393 3420 3472 3490 τῷ
3487 3420 3627 3490 Θεῷ,
3653 3421 3762 3474 πᾶ-

2173 3520 2285 3588 σαή
2303 3517 2376 3587 γῆ
2392 3535 2404 3548 ·
2421 3536 2439 3568 »
2469 3517 2563 3570 καὶ
2583 3512 2739 3579 αὖθις
2755 3533 2768 3545 ·
2795 3534 2813 3566 ‹
2836 3516 2992 3568 Πᾶσα
3008 3516 3039 3583 ὴ
3061 3513 3133 3583 γῆ
3151 3513 3684 3584 προσκυνησάτωσαν
3701 3529 3720 3544 ο
3735 3531 3754 3560 »

2172 3610 2266 3663 καὶ
2291 3609 2470 3662 πάλινο
2501 3627 2518 3659 ι
2544 3608 2854 3676 Εὐλογεῖτε,
2877 3605 3025 3677 ἔθνη,
3046 3605 3136 3658 τὸν
3159 3604 3290 3658 Θεὸν
3317 3603 3474 3674 ἡμῶν
3495 3622 3508 3634 ο
3539 3624 3556 3655 »
3583 3604 3674 3657 καὶ
3699 3605 3759 3657 ἐν

2172 3699 2247 3771 τῷ
2277 3700 2415 3771 μετὰ
2443 3702 2628 3771 χεῖρας
2657 3699 2876 3770 ὁμοίως,
2901 3696 3061 3768 ὁρῶν,
3080 3697 3161 3749 ὅτι
3190 3694 3391 3764 πολλῆς
3420 3695 3594 3748 δεῖται
3631 3712 3761 3748 συν-

2172 3794 2359 3865 εργίας
2387 3792 2520 3846 Θεοῦ
2554 3793 2633 3856 εἰς
2676 3791 3010 3863 κατόρθωσιν
3051 3788 3142 3842 τοῦ
3194 3789 3546 3857 εὐαγγελικοῦ
3585 3789 3758 3860 κηρύ-

2172 3901 2401 3953 γματος,
2419 3883 2607 3956 ῶσπερ
2629 3882 2944 3954 κατεπᾴδων
2967 3880 3140 3952 ἐαυτῷ
3160 3881 3226 3933 δι’
3248 3880 3412 3950 εὐχῆς
3435 3897 3600 3950 φησιν
3617 3899 3630 3909 “
3660 3900 3677 3931 ι
3701 3881 3759 3933 Ὀ

2171 3977 2300 4039 Θεὸς
2321 3977 2659 4048 οἱκτειρήσαι
2681 3977 2827 4046 ἡμᾶς
2850 3976 2942 4027 καὶ
2971 3974 3258 4044 εὐλογῆσαι
3287 3974 3465 4043 ἡμᾶς,
3495 3973 3760 4042 ἐπιφᾶναι

2171 4066 2232 4118 τὸ
2264 4066 2554 4136 πρόσωπον
2582 4065 2745 4119 αὐτοῦ
2790 4067 2876 4133 ἐφ’
2908 4065 3055 4135 ἡμᾶς
3080 4104 3094 4128 ,
3127 4063 3220 4117 καὶ
3267 4063 3488 4134 έλεήσαι
3541 4065 3710 4133 ἡμᾶς.
3737 4082 3753 4113 »

2185 4156 2373 4227 Ἡμεῖς
2407 4157 2504 4228 μὲν
2537 4155 2645 4228 γάρ
2674 4157 2896 4219 ἑαυτοὺς
2936 4156 2998 4208 τὸ
3034 4155 3202 4227 μηθὲν
3241 4150 3380 4208 εἶναί
3413 4172 3632 4225 φαμεν,
3668 4157 3762 4208 καὶ

2171 4249 2232 4302 τὸ
2270 4249 2434 4320 μηδὲν
2458 4248 2713 4304 δύνασθαι
2738 4248 3106 4319 ὁμολογοῦμεν
3126 4288 3140 4310 ,
3174 4247 3407 4312 εὐτελεῖς
3459 4249 3619 4312 ὄντες
3666 4253 3760 4303 καὶ

2177 4341 2382 4395 ἰδιῶται
2404 4382 2418 4406 ,
2452 4341 2684 4412 πένητές
2709 4359 2768 4395 τε
2803 4342 2896 4394 xal.
2930 4341 3146 4394 πάντων
3173 4341 3390 4412 ἔσχατοι
3415 4342 3725 4413 ἀνθρώπων
3743 4361 3755 4372 ·

2172 4433 2331 4497 αὐτὸς
2351 4433 2406 4486 δὲ
2425 4434 2453 4486 ό
2468 4432 2599 4496 Θεὸς
2619 4432 2901 4504 βουληθεὶς
2924 4435 3071 4504 ἡμᾶς
3088 4434 3364 4504 ὑπηρέτας
3384 4434 3643 4502 γενέσθαι
3665 4437 3760 4504 τῆς

2170 4525 2278 4579 τῶν
2298 4525 2466 4579 ἐθνῶν
2489 4527 2780 4599 σωτηρίας,
2806 4525 3022 4597 πρῶτον
3052 4526 3147 4596 μὲν
3169 4527 3568 4596 οἰκτειρὴσειεν
3592 4529 3756 4598 ἡμᾶς,

2170 4610 2351 4668 οἶκτον
2379 4615 2533 4686 ήμῶν
2563 4614 2740 4668 λαϐὼν
2765 4615 2864 4686 τῆς
2891 4615 3174 4681 ἀσθενείας
3195 4634 3208 4646 ·
3263 4612 3380 4669 εἶτα
3411 4619 3680 4690 προσθείη
3707 4635 3757 4671 τι

2173 4705 2234 4758 τὸ
2259 4705 2553 4777 δυνάμενον
2581 4707 2732 4778 ἡμᾶς
2747 4706 3061 4778 δυναμῶσαι
3086 4724 3098 4736 ·
3147 4707 3305 4760 τοῦτο
3333 4708 3391 4761 δὲ
3413 4704 3483 4780 ἦν
3513 4711 3574 4763 τὸ
3609 4711 3756 4764 5610-

2171 4799 2338 4869 γῆσαι
2368 4801 2547 4870 ἡμᾶς·
2600 4799 2818 4870 εὐλογίᾳ
2845 4800 2908 4871 δὴ
2941 4803 3276 4871 πνευματικῇ
3303 4841 3318 4865 ,
3354 4801 3430 4865 ὡς
3459 4803 3528 4856 ἂν
3559 4805 3654 4856 καὶ
3680 4804 3756 4866 εἰς

2177 4893 2324 4962 ἡμᾶς
2359 4892 2672 4964 πληρωθείη
2726 4893 3047 4964 πρεπόντως
3075 4896 3140 4965 τῇ
3173 4893 3336 4948 αὐτοῦ
3368 4894 3557 4965 χάριτι
3591 4899 3624 4967 ἡ
3660 4896 3756 4965 φάο

2177 4997 2381 5036 σκουσα
2435 4983 2649 5052 εὐλογία
2673 4997 2688 5011 °
2743 5002 2761 5034 ι
2789 4982 3088 5048 Αὐξάνεσθε
3114 4985 3207 5039 xal.
3251 4985 3594 5056 πληθύνεσθε
3614 5030 3629 5051 ,
3667 4987 3756 5040 καὶ

2175 5073 2496 5145 πληρώσατε
2515 5075 2612 5146 τὴν
2636 5076 2757 5146 γῆν,
2783 5077 2876 5130 καὶ
2901 5095 3108 5132 κατακυ
3118 5079 3363 5150 ριεύσατε
3389 5080 3584 5152 αὐτῆς.
3601 5078 3756 5132 »Ταῦ-

2171 5182 2238 5218 τα
2271 5166 2368 5235 μὲν
2389 5166 2495 5238 γάρ
2521 5169 2612 5220 καὶ
2637 5169 2802 5222 πάλαι
2823 5169 2940 5221 κατ’
2967 5170 3139 5242 ἀρχὰς
3160 5172 3252 5223 ἐπὶ
3275 5171 3371 5241 τῆς
3397 5171 3755 5242 κοσμοποιίας

2171 5256 2387 5328 είρητο’
2425 5260 2684 5332 ἐνομίσθη
2716 5279 2775 5315 τε
2816 5263 3087 5326 Ἰουδαίοις
3111 5263 3210 5315 οὐκ
3243 5261 3418 5326 ἄλλως
3447 5263 3482 5333 ἢ
3514 5281 3757 5333 σωματι-

2171 5349 2284 5413 κῶς
2313 5349 2487 5421 μόνως
2510 5352 2600 5405 διὰ
2628 5353 2729 5424 τῆς
2753 5354 3100 5418 πολυτελείας
3130 5354 3492 5426 πληροῦσθαι.
3567 5357 3757 5424 Ἦμεξ

2170 5439 2250 5504 δὲ,
2283 5441 2501 5508 ειδότες,
2527 5443 2602 5508 ὡς
2621 5444 2735 5500 ἔστι
2764 5446 2858 5500 καὶ
2882 5447 3060 5517 ψυχῆς
3085 5446 3304 5515 ἔκγονα,
3329 5445 3665 5499 διδασκάλωί
3692 5460 3756 5497 ’κ

2174 5532 2359 5598 παῖδες
2396 5537 2444 5588 οἱ
2483 5536 2904 5608 μαθητευόμενοι
2929 5578 2944 5602 ,
2984 5538 3238 5609 τοιαύτης
3283 5537 3540 5607 ἀξιοῦμεν
3569 5538 3755 5606 τυχεῖν

2174 5625 2420 5695 εὐλογίας
2439 5669 2453 5695 ,
2470 5627 2546 5693 ὡς
2569 5629 2634 5684 ἂν
2655 5630 2912 5704 αὐξηθείη
2922 5649 3018 5704 μεν
3041 5630 3136 5685 καὶ
3160 5630 3597 5702 πληθυνθείημεν
3614 5629 3753 5699 πλήο

1536 5813 1580 5844 ⁸⁸
1608 5809 1739 5866 ibid.
1764 5809 1818 5866 8.
1894 5809 1940 5850 ⁸⁷
1969 5808 2105 5866 Gen.
2139 5825 2178 5876 ι,
2213 5809 2308 5865 28.
