4024 6210
265 247 371 301 675

1369 240 1875 299 LOMMENTARIA
1915 239 1983 296 IN
2020 239 2363 297 PSALMOS.

3415 242 3514 300 676

264 367 349 420 θει
370 363 480 417 τῶν
503 369 956 434 μαθητευομενων
974 400 988 425 ,
1015 359 1242 432 ’μυριάσι
1264 377 1322 413 τε
1342 361 1451 415 τῶν
1470 361 1536 415 δι’
1559 364 1592 434 ή
1601 361 1716 433 μῶν
1744 378 1843 416 σω-

1950 360 2365 429 discipulorum,
2382 366 2546 428 atque
2563 357 2775 412 inﬁnito
2793 373 2982 414 eorum
3002 357 3094 428 qui
3119 373 3215 428 per
3244 372 3346 413 nos
3370 359 3519 414 salu—

261 455 506 526 ζομένων
527 493 540 516 ,
569 452 645 514 ὼς
670 451 736 504 ἂν
771 453 944 503 εἰπεῖν
962 466 974 481 ·
1023 469 1039 500 ι
1066 450 1370 522 Εὐλογητὸς
1407 453 1436 504 6
1461 451 1594 514 Θεὸς
1626 455 1654 504 6
1691 451 1841 504 εὐλο-

258 548 441 618 γήσας
463 545 607 616 ήμᾶς
627 543 684 594 ἐν
701 541 848 612 πάσῃ
878 539 1096 612 εὐλογίᾳ
1109 542 1450 611 πνευματικῇ
1472 542 1527 592 ἐν
1542 542 1654 604 τοῖς
1683 543 1842 593 ἐπου-

262 637 471 711 ρανίοις
501 637 558 690 ἐν
591 631 832 706 Χριστῷ.
867 651 884 682 ι
915 632 1100 696 Οὕτως
1140 629 1232 686 οὖν
1272 633 1300 684 6
1331 632 1462 696 Θεὸς
1507 634 1842 704 οἰκτειρήσω.

260 733 411 802 ἡμᾶς
455 729 740 800 πρότερον,
781 724 880 782 εἴτ’
923 727 1268 798 οἰκτειρήσας
1321 726 1618 798 εὐλογήσαι
1669 729 1837 798 ἡμᾶς.

260 820 438 874 Τοῦτο
465 820 520 874 δὲ
551 820 653 872 οὐκ
683 818 857 882 ἄλλως
879 817 1050 882 ἔσται,
1079 820 1125 872 εἰ
1161 819 1234 889 μὴ
1261 818 1520 887 ἐπιφᾶναι
1571 818 1632 871 τὸ
1677 818 1842 890 πρόσ-

268 931 414 968 ,υπον
446 911 608 966 αὐτοῦ
630 912 716 982 ἐφ’
747 912 914 983 ἡμᾶς,
940 910 1077 964 ὥστε
1105 910 1198 963 καὶ
1226 913 1373 982 ἡμᾶς
1398 913 1570 964 εἰπεῖν
1589 927 1602 941 ο
1646 930 1663 962 ι
1689 913 1842 982 Ἐση-

267 1004 473 1076 μειώθη
503 1006 749 1075 ww;
769 1004 830 1056 16
860 1002 973 1072 φῶς
1003 1001 1095 1055 τοῦ
1123 1003 1413 1075 προσώπου
1449 1021 1565 1068 σου,
1595 1003 1788 1076 Κύριε.
1816 1023 1834 1054 ι

269 1099 306 1153 l‘
309 1098 338 1150 6
381 1097 440 1150 δὲ
484 1096 865 1164 ἐπιλεγόμενον
903 1093 1048 1160 ἑξῆς,
1083 1111 1100 1141 ι
1131 1094 1223 1147 καὶ
1259 1093 1479 1165 ἐλεήσαι
1519 1095 1686 1165 ἡμᾶς,
1715 1113 1733 1145 ›
1767 1093 1840 1165 μὴ

266 1190 516 1260 κείμενον
561 1189 694 1259 μήτε
736 1189 794 1240 ὲν
836 1186 914 1258 τῷ
960 1187 1251 1260 Ἐϐραῖκῷ,
1300 1188 1437 1258 μήτε
1487 1189 1544 1240 ἐν
1586 1190 1697 1250 τοῖς
1733 1187 1840 1240 λοι-

267 1285 386 1346 ποῖς
438 1283 820 1353 ἑρμηνευταῖς,
881 1282 1194 1351 ἀναγκαίως
1247 1281 1554 1334 ώὸέλισται.
1611 1280 1729 1334 Τῶν
1783 1281 1840 1334 δέ

266 1375 670 1446 προλεχθὲντων
717 1373 986 1445 εὐχόμεθα
1023 1377 1222 1446 τυχεῖν,
1268 1375 1352 1426 ἴνα
1393 1372 1707 1445 δυνηθῶμεν
1742 1373 1839 1443 τὴν

265 1467 381 1521 566v
424 1466 588 1519 αὐτοῦ
617 1467 865 1537 γνωστὴν
897 1466 1121 1536 ποιῆσαι
1149 1469 1206 1519 ἐν
1235 1466 1382 1538 πάσῃ
1421 1469 1484 1538 τῇ
1513 1469 1604 1538 γῇ.
1637 1467 1727 1519 Διὸ
1754 1467 1840 1518 λέ-

263 1563 478 1612 λεκταιο
519 1578 536 1609 ‹
572 1558 679 1612 Τοῦ
716 1559 917 1628 γνῶναι
949 1562 1008 1614 ἐν
1045 1561 1111 1630 τῇ
1150 1561 1220 1630 γῇ
1251 1557 1348 1630 τὴν
1376 1559 1494 1614 ὁδόν
1528 1575 1642 1613 σου.
1681 1579 1698 1609 ›
1745 1560 1840 1622 Τίς

263 1653 319 1708 δὲ
360 1656 395 1724 ὴ
427 1654 497 1724 γῆ
525 1653 618 1706 καὶ
646 1653 728 1717 τίς
761 1656 792 1725 ή
829 1654 946 1718 ὁδὸς
973 1653 1066 1707 τοῦ
1100 1651 1272 1717 Θεοῦ;
1303 1653 1376 1724 Γῆ
1426 1651 1524 1723 μὲν
1551 1652 1752 1716 πάντες
1789 1654 1838 1706 οἱ

1947 459 2054 504 tem
2085 450 2409 504 obtinebunt
2440 463 2692 512 numero,
2716 456 2774 502 ut
2799 449 3047 504 dicamus
3074 468 3085 502 :
3140 467 3158 500 ι
3189 449 3518 506 Benedictus

1945 541 2087 597 Deus
2100 541 2481 613 quibenedixit
2500 557 2600 598 nos
2620 543 2672 595 in
2693 541 2838 596 omni
2859 539 3236 595 benedictione
3248 540 3516 610 spirituali

1943 635 1999 690 in
2025 635 2342 690 ccelestibus
2376 633 2432 688 in
2477 634 2810 689 Christo”.i
2841 631 2930 688 Sic
2958 649 3088 704 ergo
3107 632 3249 690 Deus
3281 633 3516 704 primum

1941 728 2476 794 misereaturnostri,
2500 726 2695 781 deinde
2721 727 2980 782 misertus
3010 725 3299 780 benedicat
3331 725 3514 782 nobis.

1941 820 1998 874 Id
2029 834 2192 890 porro
2221 835 2565 890 nequaquam
2595 819 2829 883 eveniet,
2871 819 2976 874 nisi
3010 819 3278 875 illumiuet
3304 819 3514 873 vultum

1942 927 2099 966 suum
2128 928 2292 982 super
2321 927 2460 967 nos:
2498 912 2572 964 ita
2604 919 2661 965 ut
2687 919 2740 965 et
2788 927 2888 967 nos
2918 911 3168 966 dicamus
3198 929 3210 964 :
3255 929 3272 961 ι
3319 910 3502 981 Signa-

1941 1014 2053 1059 tum
2084 1013 2169 1061 est
2201 1021 2364 1075 super
2413 1021 2516 1060 nos
2563 1006 2748 1061 lumen
2797 1004 2976 1060 vultus
3003 1005 3102 1067 tui,
3150 1003 3458 1058 Domine”.
3490 1023 3508 1054 ο

1941 1094 2096 1160 Quod
2155 1096 2406 1165 sequitur
2455 1109 2650 1165 porro,
2691 1114 2710 1146 ι
2755 1102 2808 1150 et
2861 1096 3187 1150 misereatur
3232 1104 3436 1158 nostri,
3488 1114 3508 1147 ›

1940 1203 2063 1243 cum
2089 1203 2264 1258 neque
2291 1189 2344 1242 in
2371 1187 2659 1252 llebraico,
2692 1203 2869 1259 neque
2910 1188 2965 1241 in
3003 1187 3225 1258 reliquis
3251 1187 3499 1257 interpreo

1939 1279 2086 1334 tibus
2116 1279 2342 1348 legatur,
2361 1279 2538 1344 obelo,
2571 1287 2631 1333 ut
2657 1289 3080 1335 consentaneum
3111 1285 3250 1342 erat,
3270 1285 3513 1332 notatum

1939 1377 2042 1424 est.
2075 1368 2201 1424 Ideo
2227 1380 2405 1425 autem
2428 1370 2541 1439 jam
2579 1379 2876 1426 memorata
2903 1369 3122 1440 assequi
3156 1385 3433 1440 rogamus,
3459 1377 3513 1424 ut

1943 1463 2081 1516 viam
2105 1464 2223 1532 ejus
2255 1465 2309 1516 in
2335 1464 2587 1518 universa
2624 1470 2770 1517 terra
2797 1475 2979 1518 notam
3015 1464 3192 1519 facere
3217 1463 3512 1518 valeamus.

1941 1553 2122 1620 Quare
2167 1556 2410 1610 dicitur:
2453 1574 2470 1606 ι
2521 1554 2590 1610 Ut
2625 1571 3020 1626 cognoscamus
3072 1557 3128 1611 in
3181 1565 3325 1612 terra
3373 1557 3512 1609 viam

1939 1658 2109 1701 tuam.
2144 1667 2162 1700 ›
2202 1648 2460 1713 Quaanam
2495 1655 2640 1702 terra
2671 1648 2813 1701 illa?
2863 1663 2983 1718 qua:
3035 1647 3120 1702 via
3165 1646 3298 1702 Dei?
3348 1645 3513 1702 Terr:

268 1745 363 1815 ιὴν
391 1743 495 1813 γῆν
521 1743 794 1808 οἰκοῦντες
821 1744 1094 1816 ἄνθρωποι
1125 1743 1219 1796 καὶ
1253 1743 1430 1796 πάντα
1459 1743 1529 1796 τὰ
1561 1742 1682 1797 καθ’
1712 1743 1841 1815 ὅλης

1945 1741 2203 1795 nimirum
2253 1749 2382 1796 sunt
2419 1755 2610 1796 omnes
2645 1741 2891 1796 homines
2923 1749 3124 1796 terram
3175 1740 3476 1796 incolentes

270 1836 367 1906 τῆς
399 1835 714 1906 οἰκουμένης
750 1835 877 1906 ἔθνη
899 1853 914 1868 ο
955 1835 1074 1900 ὁδὸς
1111 1836 1166 1889 δὲ
1202 1835 1296 1888 τοῦ
1338 1832 1472 1888 Θεοῦ
1511 1835 1540 1886 6
1586 1834 1840 1904 θεοσεϐὴς

268 1926 420 1998 βίοςο
456 1921 515 1980 οὐ
541 1928 598 1980 τὸ
622 1927 775 1991 τέλος
800 1927 936 1999 πρὸς
974 1927 1136 1980 αὐτὸν
1167 1928 1289 1996 ἄγει
1331 1925 1421 1980 τὸν
1447 1925 1602 1991 Θεὸν,
1638 1925 1710 1989 ώς
1749 1926 1842 1978 ἐπὶ

269 2020 598 2092 μητρόπολιν
623 2019 862 2088 ἀγαθῶν.
895 2021 1010 2074 Καὶ
1041 2021 1200 2084 αὐτὸς
1231 2019 1288 2072 δὲ
1331 2021 1360 2074 6
1395 2021 1658 2090 σωτήριος
1687 2019 1841 2088 λόγος

268 2110 354 2180 εἴη
387 2109 450 2162 ἂν
482 2109 595 2172 ὁδὸς
627 2108 722 2162 τοῦ
755 2107 910 2162 Θεοῦ.
955 2107 1047 2162 Διὸ
1088 2108 1215 2180 ἑξῆς
1248 2109 1438 2178 ὥσπερ
1473 2103 1840 2180 διερμηνεύων

264 2200 360 2271 τὴν
391 2200 630 2254 διάνοιαν
657 2200 902 2269 ἐπιλέγει
921 2215 936 2230 ⁸
979 2218 996 2251 ι
1041 2200 1130 2254 Ἐν
1153 2202 1288 2254 πᾶσι
1312 2203 1421 2264 τοῖς
1451 2199 1628 2252 ἔθνεσι
1661 2200 1720 2253 τὸ
1745 2217 1843 2252 σω-

258 2291 446 2363 τήριόν
485 2309 599 2347 σου.
634 2311 654 2343 ι
686 2293 873 2355 Ὅπως
921 2286 1014 2344 οὖν
1050 2291 1363 2362 δυνηθῶμεν
1395 2293 1452 2345 ἐν
1483 2291 1632 2364 πάσῃ
1661 2294 1728 2363 τῇ
1769 2293 1838 2362 γῇ

255 2385 356 2438 καὶ
389 2386 447 2438 ἐν
487 2386 622 2438 πᾶσι
669 2387 781 2448 τοῖς
829 2383 1006 2438 ἔθνεσι
1050 2387 1162 2448 τοῖς
1207 2385 1307 2456 τὴν
1355 2385 1456 2456 γῆν
1488 2383 1696 2437 οἰκοῦσι
1742 2385 1840 2456 τὴν

254 2478 378 2530 ὁδόν
412 2495 506 2531 σου
533 2479 628 2531 καὶ
651 2477 713 2530 τὸ
739 2477 1004 2549 σωτήριόν
1033 2493 1150 2543 σου,
1179 2477 1375 2531 ταύτὸν
1399 2478 1508 2549 γάρ
1532 2478 1667 2542 ἐστι,
1702 2495 1842 2546 γνω-

255 2569 389 2622 στὸν
416 2571 660 2640 ποιῆσαι,
687 2570 1031 2640 οἱκτείρησον
1058 2570 1228 2640 ἡμᾶς,
1250 2571 1278 2622 6
1310 2569 1462 2634 θεὸς,
1491 2571 1584 2622 καὶ
1615 2569 1840 2641 εὐλόγη-

254 2677 354 2714 σον
389 2663 557 2733 ἡμᾶς,
603 2663 694 2715 καὶ
735 2662 796 2715 τὸ
825 2661 1112 2732 πρόσωπόν
1143 2679 1233 2715 σου
1267 2663 1527 2730 ἐπίφανον
1563 2663 1647 2730 ἐφ’
1673 2663 1840 2732 ἡμᾶς,

255 2752 349 2806 ἵνα
383 2753 761 2824 πληρωθέντες
791 2755 966 2823 φωτὸς
994 2756 1056 2806 ἐκ
1087 2754 1181 2806 τοῦ
1208 2752 1498 2824 προσώπου
1524 2769 1642 2817 σου,
1675 2770 1842 2806 κατα-

254 2844 563 2916 λάμψωμεν
595 2846 802 2910 πάντας
830 2845 1168 2918 ἀνθρώπους.
1198 2846 1260 2898 Et
1289 2844 1397 2915 γὰρ
1423 2845 1496 2917 μή
1529 2844 1680 2898 ταῦθ’
1713 2847 1842 2916 ἡμῖν

255 2937 576 3009 ὑπάρξειεν,
607 2937 756 2992 οὐδέν
780 2941 943 3009 ἐσμεν
973 2940 1132 3010 ἡμεῖς
1164 2937 1301 3011 πρὸς
1330 2939 1428 3010 τὴν
1463 2937 1558 2992 τοῦ
1586 2937 1842 3010 τηλικού-

249 3047 352 3084 του
391 3031 712 3102 πράγματος
743 3029 1100 3103 κατόρθωσιν.

1943 1839 1996 1885 et
2021 1838 2208 1901 gentes
2238 1831 2552 1886 universum
2588 1831 2775 1885 orbem
2809 1839 3171 1901 occupantes;
3204 1831 3291 1885 via
3335 1838 3511 1886 autem

1944 1921 2058 1987 Dei,
2081 1932 2163 1978 est
2194 1923 2448 1994 religiosa
2473 1923 2605 1988 vita,
2631 1923 2790 1992 cujus
2840 1922 2964 1976 ﬁnis
2999 1924 3065 1976 ad
3091 1924 3272 1993 ipsum
3309 1922 3478 1977 Deum
3498 1977 3512 1988 ,

1941 2034 2039 2074 ceu
2087 2019 2156 2074 ad
2209 2017 2498 2088 quamdam
2553 2018 2822 2073 bonorum
2881 2017 3221 2087 metropolim
3274 2015 3513 2072 deducit.

1941 2110 2169 2181 Ipseque
2197 2109 2455 2166 salutaris
2481 2125 2661 2165 sermo
2685 2109 2769 2164 via
2800 2107 2895 2164 Dei
2924 2109 3109 2164 fuerit.
3152 2107 3514 2175 Quamobrem

1941 2203 2044 2258 sub
2089 2202 2204 2256 haec
2254 2203 2401 2258 velut
2439 2202 2766 2256 sententiam
2815 2201 3094 2272 explicans
3125 2200 3356 2270 adjicit:
3397 2219 3416 2252 ι
3458 2199 3516 2255 la

1940 2295 2196 2348 omnibus
2239 2293 2494 2364 gentibus
2540 2293 2782 2348 salutare
2811 2301 2985 2348 tuum.
3020 2311 3040 2345 ι
3096 2291 3168 2348 Ut
3207 2293 3390 2364 itaque
3422 2309 3512 2348 va~

1940 2387 2150 2442 leamus
2172 2386 2227 2440 in
2257 2387 2404 2439 omni
2429 2393 2575 2440 terra
2601 2396 2654 2440 et
2676 2386 2730 2439 in
2758 2386 3012 2440 omnibus
3036 2385 3290 2456 gentibus
3317 2395 3517 2443 terram

1941 2478 2308 2533 incolentibus
2333 2478 2476 2532 viam
2504 2485 2654 2532 tuam
2677 2484 2730 2532 et
2753 2477 2993 2533 salutare
3018 2486 3193 2542 tuum,
3224 2492 3348 2532 nam
3375 2478 3518 2533 idem

1942 2572 2119 2643 ipsum
2159 2578 2264 2635 est,
2300 2578 2491 2624 notum
2528 2569 2728 2630 facere,
2765 2569 3024 2625 miserere
3049 2568 3429 2634 nostri,Deus,
3463 2578 3518 2625 et

1941 2665 2169 2722 benedic
2221 2663 2416 2728 nobis,
2461 2663 2776 2733 vultumque
2831 2670 2984 2717 tuum
3049 2662 3292 2716 illumina
3352 2677 3522 2733 super

1940 2774 2072 2826 nos;
2106 2766 2166 2812 ut
2201 2759 2408 2813 lumine
2440 2757 2624 2812 vultus
2662 2757 2740 2832 tui
2771 2756 3000 2827 repleti,
3052 2771 3243 2811 omnes
3269 2755 3520 2812 homines

1940 2851 2300 2907 illustremus.
2333 2850 2549 2906 Alenim
2593 2851 2699 2906 nisi
2729 2850 2843 2906 haec
2877 2851 3034 2906 nobis
3067 2849 3363 2915 adfuerint,
3381 2851 3518 2906 nihil

1941 2943 2009 2999 ad
2034 2952 2243 2999 tantam
2271 2959 2388 3000 rem
2415 2943 2800 3015 perﬁciendam
2836 2959 3043 3002 sumus.

334 3162 355 3195 ι
403 3143 1019 3216 Ἐξομολογησάσθωσάν
1065 3161 1147 3197 σοι
1176 3143 1316 3206 λαοὶ,
1351 3144 1381 3196 6
1411 3141 1563 3206 Θεὸς,
1589 3141 1838 3213 ἐξομολο-

2009 3145 2176 3202 Vens.
2199 3147 2311 3202 4-8.
2344 3164 2362 3199 ι
2400 3147 2776 3203 Conﬁteantur
2804 3147 2901 3201 tibi
2925 3145 3130 3216 populi,
3156 3144 3325 3208 Deus,
3348 3143 3520 3199 conﬁ-

248 3237 624 3309 mcdoﬁwsdv
663 3254 743 3290 σοι
771 3237 892 3290 λαοὶ
924 3237 1144 3301 πάντες.
1176 3234 1668 3308 Εὐφρανθήτωσαν.
1703 3253 1720 3285 ι
1759 3235 1841 3287 Τά

255 3331 366 3402 μὲν
397 3330 586 3401 πρῶτα
615 3331 822 3393 ἑαυτοῖς
844 3329 1148 3402 ἐπηύξαντο
1169 3331 1217 3381 οἱ
1244 3327 1352 3381 τῶν
1380 3326 1548 3380 ἐθνῶν
1571 3328 1807 3398 κήρυκες
1823 3344 1834 3356 ·

250 3422 329 3476 τὰ
357 3422 415 3475 δὲ
450 3422 783 3492 προκείμενα
809 3424 921 3485 τοῖς
950 3421 1010 3474 τὸ
1037 3420 1105 3474 δι’
1139 3419 1317 3473 αὐτῶν
1357 3419 1619 3490 κήρυγμα
1661 3434 1840 3488 παρα-

250 3513 598 3584 δεξαμένοις.
642 3514 753 3567 Καὶ
779 3513 844 3584 δὴ
875 3514 968 3567 καὶ
997 3511 1212 3584 πρῶτον
1247 3511 1346 3582 μὲν
1385 3511 1567 3573 αὐτοῖς
1594 3508 1844 3580 ἐξομολο-

253 3609 478 3678 ﬁdem;
505 3606 783 3677 ἐνδοθῆναι
813 3607 998 3680 χώραν
1024 3605 1296 3677 εὔχονται,
1327 3604 1476 3666 ὅπως
1504 3601 1575 3655 τὰ
1604 3603 1844 3674 πρότερα

255 3698 476 3753 ἑαυτῶν
525 3699 974 3770 πλημμελήματα
1022 3699 1117 3752 καὶ
1165 3697 1263 3760 τὰς
1323 3697 1380 3748 ἐν
1433 3694 1842 3767 είδωλολατρεία

252 3788 585 3852 ὼσσεϐείας
625 3789 1049 3860 ἀπορρύψωνται
1095 3788 1184 3842 διά
1225 3788 1324 3858 τῆς
1375 3787 1839 3859 ἐξομολογήσεως⁶

252 3872 519 3954 δεύτερον
548 3882 919 3954 καθαρθέντας
949 3883 1144 3946 αὐτοὺς
1173 3885 1354 3952 τυχεῖν
1389 3883 1727 3954 εὐφροσύνης
1753 3883 1845 3934 καὶ

255 3974 640 4042 ἀγαλλιάσεως
663 3974 766 4044 τῆς
798 3974 948 4046 παρά
977 3973 1053 4044 τῷ
1082 3973 1200 4044 Θεῷ
1238 3973 1558 4028 ἱκετεύουσι.
1580 3973 1670 4027 Διὸ
1695 3973 1844 4046 πρῶ-

254 4083 357 4120 τον
383 4065 544 4134 φασίν
561 4081 576 4097 ο
616 4083 636 4116 ι
677 4063 1294 4136 Ἐξομολογησάσθωσάν
1317 4081 1400 4117 σοι
1428 4065 1568 4131 λαοὶ,
1590 4067 1618 4118 6
1643 4064 1792 4128 Θεός.
1822 4083 1840 4114 ›

271 4159 420 4212 Ἀλλ’
454 4158 576 4210 ἐπεὶ
611 4157 888 4212 συνέϐαινε
921 4158 1088 4228 μήπω
1113 4159 1350 4210 συνεῖναι
1374 4158 1523 4228 ἡμᾶς
1555 4157 1741 4220 ποίους
1767 4157 1846 4209 εί-

259 4253 474 4325 ρήκασι
519 4249 715 4314 λαούς·
763 4251 887 4302 ἐπεὶ
920 4250 1016 4302 καὶ
1051 4248 1113 4302 τὸ
1157 4249 1424 4302 Ἰουδαίων
1469 4247 1620 4311 ἔθνος
1661 4247 1845 4320 ἀθροί-

257 4359 455 4414 σματα
486 4342 581 4394 καὶ
613 4341 776 4404 λαοὺς
819 4340 1113 4412 ἐκέκτητοο
1147 4340 1478 4408 ἀναγκαίως,
1512 4339 1596 4392 ἵνα
1641 4339 1846 4409 νοήσω-

1941 3241 2158 3290 teantur
2174 3235 2272 3290 tibi
2292 3236 2474 3306 populi
2495 3251 2704 3292 omnes.
2726 3235 3017 3290 Laztentur.
3052 3255 3070 3288 ι
3091 3234 3284 3290 Priora
3299 3235 3518 3305 quidem

1941 3327 2046 3383 sibi
2063 3344 2339 3398 praecones
2370 3330 2611 3400 gentium
2631 3329 3011 3399 postularunt;
3033 3328 3144 3382 hare
3165 3343 3295 3383 vero
3325 3328 3393 3382 iis
3422 3325 3518 3396 qui

1941 3419 2382 3488 praedicationem
2410 3434 2565 3474 suam
2591 3425 2942 3488 exceperunt.
2959 3417 3024 3471 Et
3040 3419 3213 3487 primo
3230 3418 3366 3488 ipsis
3386 3433 3522 3471 con-

1941 3510 2197 3568 fessionis
2227 3513 2406 3567 locum
2426 3512 2541 3568 dari
2565 3520 2875 3582 precantur,
2910 3519 2968 3565 ut
2998 3527 3094 3582 per
3119 3511 3519 3568 confessionem

1942 3604 2172 3674 pristina
2220 3602 2415 3658 delicta
2458 3613 2512 3659 et
2552 3603 2868 3658 idololatria:
2923 3603 3250 3672 impietatem
3301 3603 3522 3658 abster-

1942 3702 2090 3766 gant.
2132 3691 2386 3750 Secundo
2416 3702 2607 3766 rogant
2637 3703 2695 3748 ut
2726 3695 2936 3766 purgati
2970 3695 3210 3752 lastitiam
3245 3705 3298 3750 et
3337 3697 3522 3750 exsul-

1943 3786 2204 3842 tationem
2244 3800 2275 3840 a
2321 3785 2431 3841 Deo
2492 3794 2920 3857 consequantur.
2970 3786 3150 3853 Quare
3208 3789 3383 3858 primo
3437 3789 3554 3854 dl-_

1944 3889 2075 3934 cunt
2129 3899 2143 3934 :
2188 3899 2207 3931 ι
2243 3879 2621 3935 Conﬁteantur
2684 3879 2780 3934 tibi
2845 3880 3062 3951 p0puli,
3131 3879 3294 3936 Deus.
3345 3901 3364 3932 ι
3413 3880 3520 3936 Sed

1943 3973 2070 4042 quia
2106 3973 2347 4028 nondum
2382 3973 2542 4028 nobis
2564 3979 2758 4026 notum
2787 3983 2927 4036 erat,
2957 3973 3050 4044 qui
3083 3973 3268 4042 populi
3311 3972 3517 4028 indica-

1944 4074 2176 4132 rentur;
2217 4081 2343 4120 nam
2396 4067 2513 4137 ipsa
2545 4080 2765 4136 quoque
2810 4063 3035 4119 Judaica
3068 4080 3200 4136 gens
3247 4074 3426 4121 cmtus
3467 4072 3524 4120 et

1945 4157 2174 4226 populos
2199 4155 2424 4222 habuit;
2457 4163 2516 4209 ut
2549 4155 2790 4211 sciamus
2814 4154 3014 4224 quibus
3042 4153 3107 4208 de
3141 4155 3359 4224 populis
3394 4170 3525 4224 aga-

1945 4255 2058 4311 tur,
2088 4248 2405 4303 necessario
2433 4252 2707 4317 repetunt,
2739 4253 3082 4314 mentemque
3136 4261 3292 4300 suam
3341 4245 3526 4300 decla-

1945 4348 2071 4394 rant
2105 4341 2193 4396 his
2212 4340 2434 4395 verbis:
2483 4357 2502 4390 ι
2540 4337 2918 4393 Conﬁteantur
2933 4337 3030 4391 tibi
3057 4337 3240 4406 populi
3267 4351 3476 4392 omnes.
3499 4357 3518 4390 ι

263 4452 372 4506 μεν
399 4434 567 4486 ποίων
579 4432 987 4506 ἐμνημόνευσαν
1013 4431 1179 4495 λαῶν,
1204 4430 1512 4503 δευτεροῦσι
1531 4430 1843 4504 τρανοῦντες

1953 4432 2092 4487 Num
2128 4432 2266 4487 forte
2319 4447 2414 4501 per
2444 4429 2654 4500 priores
2710 4429 2870 4491 illos,
2933 4426 3246 4482 Iudaeorum
3293 4429 3526 4499 populos

257 4527 367 4594 τὴν
413 4524 650 4578 διάνοιαν
689 4526 746 4577 ἐν
788 4523 865 4594 τῷ
903 4523 1116 4592 λέγειν’
1158 4542 1176 4573 ι
1234 4522 1846 4594 Ἐξομολογησάσθωσάν

264 4634 356 4669 σοι
377 4617 496 4669 λαοὶ
513 4617 731 4680 πάντες.
772 4635 791 4668 ι
827 4617 1049 4688 Μήποτε
1077 4616 1134 4669 δὲ
1166 4615 1252 4670 διά
1283 4616 1388 4668 τῶν
1417 4615 1696 4687 προτέρων
1723 4614 1847 4678 τοὺς

266 4707 427 4778 παρά
469 4707 739 4771 Ἰουδαίοις
766 4707 929 4771 λαοὺς
955 4707 1301 4773 αἰνίττονται,
1328 4706 1468 4778 ὑπὲρ
1496 4704 1675 4758 αὐτῶν
1703 4703 1848 4776 πρῶ-

266 4815 366 4852 τον
397 4799 496 4870 τήν
535 4801 698 4871 εὐχὴν
738 4800 1178 4871 ἀναπέμψαντες,
1220 4800 1308 4854 διὰ
1345 4799 1402 4853 δὲ
1442 4798 1550 4859 τῶν
1582 4797 1848 4869 δευτέρων

267 4889 404 4951 τοὺς
435 4888 494 4956 ἐξ
537 4889 707 4942 ἐθνῶν
744 4889 940 4954 >.αούς;
968 4891 1145 4961 Ὅπερ
1185 4890 1274 4944 ἵνα
1311 4888 1586 4961 γνώριμον
1624 4888 1849 4956 γένηται

269 4982 391 5043 τοῖς
425 4981 827 5051 ἐντυγχάνουσι,
862 4982 1115 5052 διασαφεῖ
1143 4981 1365 5050 φάσκων
1393 4983 1422 5034 6
1451 4979 1610 5048 λόγος
1632 4995 1648 5009 ο
1687 4998 1705 5028 ‹
1741 4978 1848 5030 Εὐ-

278 5069 675 5141 φρανθήτωσαν
703 5073 796 5126 καὶ
824 5073 1271 5142 ἀγαλλιάσθωσαν
1302 5072 1450 5143 ἔθνη.
1490 5092 1510 5125 ι
1547 5069 1762 5142 Ἐπειδὴ
1791 5068 1851 5122 δὲ

279 5161 362 5224 δὶς
411 5161 490 5226 τὸ,
544 5182 561 5215 ι
617 5163 1200 5236 ἐξομολογησάσθωσάν
1251 5181 1352 5228 σοι,
1408 5183 1426 5215 ι
1481 5164 1716 5235 εἴρηται,
1753 5163 1854 5230 ὅρα

279 5254 499 5326 μήποτε
531 5256 590 5309 τὸ
623 5257 719 5327 μὲν
748 5257 966 5328 πρῶτον
996 5256 1180 5327 ἐδήλου
1219 5255 1328 5310 τῶν
1363 5255 1640 5326 προτέρων
1672 5256 1855 5324 ἀμαρ-

279 5344 541 5414 τημάτων
580 5348 676 5417 τὴν
701 5347 1007 5418 ὁμολογίαν,
1040 5347 1102 5400 τὸ
1139 5346 1195 5400 δὲ
1221 5346 1492 5418 δεύτερον,
1534 5345 1632 5416 τὴν
1659 5345 1743 5414 ἐφ’
1775 5339 1856 5409 οἷς

281 5437 474 5508 ετυχον
501 5439 721 5507 ἀγαθοῖς
752 5441 1120 5511 εὐχαριστίαν.
1159 5441 1508 5511 Λαμϐἀνεται
1539 5439 1649 5510 γὰρ
1680 5441 1712 5510 ή
1742 5439 1855 5506 ἐξο-

286 5531 576 5601 μιᾶ.όγησις
612 5532 705 5586 καὶ
733 5533 825 5586 ἐπὶ
855 5532 1220 5604 εὐχαριστίας.
1261 5531 1416 5586 Οὕτω
1446 5531 1576 5600 γοῦν
1607 5534 1634 5585 6
1667 5532 1855 5602 Σωτὴρ

367 5688 407 5722 ’⁸
429 5691 624 5762 Ephcs.
659 5708 697 5758 ι,
719 5692 772 5748 5.
848 5692 893 5725 "
916 5690 1059 5748 Psal.
1092 5709 1163 5758 iv,
1193 5693 1244 5746 7.
1357 5693 1402 5724 "
1425 5689 1613 5746 Matth.
1649 5706 1723 5752 XI,
1759 5691 1848 5745 9.5.

1953 4522 2318 4584 subindicant,
2377 4535 2476 4591 pro
2526 4520 2741 4589 illisque
2791 4517 3092 4574 orationem
3140 4518 3317 4589 primo
3369 4519 3530 4574 emit-

1952 4622 2107 4680 tunt;
2145 4629 2242 4683 per
2270 4611 2541 4667 secundos
2570 4617 2771 4674 autem,
2799 4609 3039 4680 gentium
3077 4609 3341 4679 populos?
3371 4609 3525 4676 Quod

1952 4714 2012 4757 ut
2045 4688 2345 4771 legentibus
2399 4700 2619 4769 planum
2669 4697 2781 4763 ﬁat,
2820 4697 2904 4752 his
2949 4697 3129 4751 verbis
3165 4695 3477 4752 declaratur
3509 4715 3525 4749 :

1961 4813 1979 4846 ε
2026 4794 2302 4849 Laatentur
2331 4799 2386 4847 et
2407 4790 2681 4847 exsultent
2700 4796 2909 4861 gentes.
2949 4809 2967 4841 ι
2994 4788 3263 4856 Quoniam
3293 4804 3421 4844 vero
3443 4789 3529 4844 bis

1955 4885 2111 4952 illud,
2147 4904 2167 4938 ι
2212 4883 2574 4940 conﬁteantur
2604 4881 2736 4946 tibi,
2776 4901 2796 4934 ›
2835 4882 3041 4936 dictum
3087 4892 3198 4948 est;
3253 4877 3529 4952 perpende

1955 4994 2087 5034 num
2126 4977 2361 5049 primum
2392 4975 2746 5046 pristinorum
2775 4973 3094 5028 delictorum
3125 4972 3528 5029 confessionem

1958 5067 2256 5140 signiﬁcet;
2296 5065 2594 5125 secundum
2629 5079 2775 5126 vero,
2812 5064 3112 5134 gratiarum
3171 5079 3270 5135 pro
3314 5063 3526 5119 collatis

1958 5162 2118 5218 bonis
2149 5161 2438 5215 actionem.
2458 5157 2594 5212 Nam
2618 5156 2892 5212 confessio
2920 5156 3084 5212 etiam
3112 5173 3210 5228 pro
3229 5156 3524 5228 gratiarum
3553 5148 3556 5150 ⁷

1961 5255 2175 5310 actione
2199 5259 2538 5322 .usurpatur.
2574 5249 2665 5305 Sic
2694 5250 2837 5304 enim
2877 5249 3134 5305 Servator
3161 5249 3367 5320 gratias
3417 5246 3526 5315 agit

1962 5349 2195 5404 dicens:
2239 5366 2258 5399 ι
2307 5345 2583 5401 Conﬁteor
2639 5343 2775 5410 tibi,
2820 5341 3003 5406 Pater,
3048 5341 3274 5396 Domine
3315 5338 3434 5397 caeli
3469 5343 3524 5391 et

1958 5449 2120 5496 teme
2145 5441 2212 5493 ’°.
2254 5460 2274 5493 ι
2307 5437 2439 5494 Post
2466 5439 2693 5510 primam
2729 5452 2858 5492 vero
2905 5446 2959 5492 et
2987 5435 3279 5491 secundam
3311 5427 3526 5484 confes-

1963 5531 2194 5596 sionem,
2222 5529 2334 5599 jam
2358 5529 2520 5584 tertio
2549 5544 2647 5599 pro
2686 5527 2938 5587 gentibus
2974 5525 3082 5579 illis
3109 5517 3372 5577 confessis
3403 5530 3529 5590 pre-
