4062 6208
483 232 590 286 675

1175 229 1439 285 EUSEBII
1479 227 1961 286 CIESARIENSIS
2001 227 2149 283 OPP.
2189 227 2369 284 PARS
2399 227 2491 283 Ill.
2528 259 2596 269 ——
2627 226 3037 282 EXEGETICA.

3637 223 3742 279 676

479 367 694 412 cantur.
753 353 964 420 Quibus
1024 353 1242 408 verbis?
1291 372 1308 403 ι
1368 351 1643 407 Laetentnr
1695 362 1751 406 et
1787 352 2059 426 exsultent

2165 352 2484 423 ηὐχαρίστει
2510 349 2685 420 λέγων
2704 365 2717 380 ⁸
2757 369 2774 400 ι
2798 345 3254 417 Ἐξομολογοῦμαί
3276 361 3379 408 σοι,
3409 343 3610 414 Πάτερ,
3637 342 3740 398 Κύ-

479 457 689 522 gentes.
731 465 750 498 ι
783 444 900 510 Qua
933 460 1062 500 vero
1105 445 1173 500 de
1209 459 1376 500 causa
1402 487 1417 511 ,
1449 445 1648 500 deinde
1675 444 1836 499 docet
1875 447 1956 500 sic
1989 445 2069 498 lo-

479 557 693 613 quens:
731 557 751 590 ι
789 539 1058 605 Quoniam
1083 539 1357 610 judicabis
1378 540 1606 610 populos
1628 541 1682 593 in
1717 540 2012 609 aequitate;
2045 559 2063 592 ι

479 630 714 703 populos
771 636 953 682 autem
984 644 1093 682 non
1141 629 1392 699 aliquos,
1454 630 1579 684 aliis
1637 629 1924 693 dimissis;
1970 629 2067 685 sed

479 737 695 784 omnes,
727 728 786 774 ut
814 719 1252 776 demonstratum
1299 723 1552 792 superius
1597 731 1722 777 est:
1766 723 1860 792 qui
1913 724 2068 793 gnari

480 814 708 883 insuper
739 828 800 868 se
828 811 926 868 abs
965 823 1018 868 te
1043 813 1266 868 ductum
1300 815 1404 880 iri,
1455 826 1513 868 ut
1537 815 1682 869 viam
1709 815 1812 869 sibi
1841 830 1870 868 a
1911 816 2068 872 nobis

480 905 777 961 indicatam
810 906 1218 976 perambulent,
1247 905 1371 975 jure
1405 906 1591 960 laztitia
1617 912 1671 959 et
1702 906 2069 962 exsultatione

480 996 855 1067 replebuntur.
894 993 1002 1048 Pro
1030 995 1121 1048 illo
1152 1003 1356 1055 autem,
1388 1012 1405 1044 ι
1439 1001 1494 1047 et
1517 994 1812 1058 exsultent,
1852 1013 1870 1044 ›
1898 994 2068 1064 Aqui-

481 1082 552 1144 la,
585 1099 604 1130 ι
635 1086 689 1134 et
720 1078 1065 1148 laudabunt;
1101 1099 1120 1131 ι
1158 1078 1517 1149 Symmachus
1547 1094 1697 1143 vero,
1727 1099 1746 1130 ι
1805 1088 1860 1135 et
1904 1079 2070 1134 bene-

479 1172 683 1233 dicant,
714 1192 732 1226 ι
771 1172 1111 1243 interpretati
1169 1180 1320 1228 sunt.
1368 1191 1386 1223 ι
1423 1171 1796 1228 Conﬁteantur
1823 1172 1922 1227 tibi
1972 1188 2069 1242 po-

481 1267 615 1336 puli,
645 1265 807 1329 Deus,
839 1267 1211 1321 conliteantur
1241 1265 1335 1320 tibi
1396 1265 1582 1334 populi
1639 1279 1830 1318 omnes
1873 1283 1885 1318 :
1921 1273 2066 1318 terra

479 1359 627 1414 dedit
657 1359 892 1414 fructum
918 1374 1099 1414 suum.
1137 1379 1154 1410 »
1194 1357 1268 1413 De
1313 1358 1471 1413 bonis
1505 1357 1790 1427 promissis
1819 1357 1929 1410 tuis
1974 1357 2066 1410 lae-

480 1453 756 1507 tabundus
784 1452 1018 1522 Spiritus
1059 1463 1304 1516 sanctus,
1335 1449 1527 1506 iisdem
1568 1449 1795 1504 vocibus
1842 1449 2064 1513 insistit,

479 1545 637 1612 quasi
667 1545 734 1600 de
785 1547 1060 1599 communi
1121 1545 1497 1599 universorum
1559 1543 1837 1598 hominum
1893 1543 2067 1597 salute

479 1633 803 1690 delectatus.
834 1634 1013 1700 Quare
1060 1636 1144 1690 bis
1180 1645 1328 1689 terve
1384 1634 1650 1699 resumit,
1682 1650 1857 1704 neque
1888 1635 2004 1687 vult
2036 1649 2066 1687 a

479 1725 708 1780 salutari
755 1738 809 1781 ct
855 1729 1168 1796 evangelico
1221 1727 1436 1780 cantico
1493 1726 1767 1782 secedere.
1827 1725 2063 1780 Rursum

480 1815 665 1886 itaque
688 1819 763 1871 ait
796 1835 808 1870 :
843 1839 859 1870 ι
883 1818 1260 1873 Conﬁteantur
1288 1819 1383 1872 tibi
1415 1819 1618 1888 populi,
1654 1817 1813 1873 Deus.
1855 1837 1872 1869 ι
1904 1818 2062 1884 Quod

479 1924 612 1964 sane
645 1910 938 1964 maximum
968 1919 1086 1966 erat
1123 1912 1470 1975 miraculum,
1491 1911 1616 1980 quia
1639 1911 1810 1966 Judaei
1843 1913 2062 1982 quidem

481 1998 861 2054 universorum
893 2001 986 2055 Dei
1024 2003 1229 2057 cultum
1262 2017 1290 2055 a
1322 2004 1568 2073 patribus
1590 2004 1789 2066 edocti,
1819 2004 1871 2057 in
1896 2003 2064 2057 idolo—

480 2091 653 2146 latriae
694 2108 938 2148 errorem
974 2094 1291 2164 frequenter
1332 2095 1687 2164 proruebant.
1727 2094 1920 2168 Populi
1961 2112 2062 2150 au-

477 2190 588 2238 tem
625 2199 722 2253 per
761 2185 949 2240 orbem
981 2187 1246 2250 universi,
1271 2189 1364 2258 qui
1395 2202 1426 2241 a
1451 2189 1637 2244 multis
1661 2198 1807 2245 retro
1847 2192 2062 2246 saeculis

477 2276 652 2330 errori
677 2275 846 2330 dediti
879 2285 1058 2340 erant,
1088 2293 1332 2348 eousque
1381 2294 1562 2334 mores
1592 2280 1980 2347 immutabunt,
2006 2291 2063 2334 ut

477 2382 588 2422 non
621 2370 798 2423 solum
826 2378 878 2425 te
899 2371 1141 2424 omnium
1175 2370 1341 2426 Deum
1379 2379 1708 2442 agnoscant;
1763 2372 1857 2428 sed
1897 2373 2060 2426 etiam

476 2459 726 2516 ediscant
761 2463 860 2517 tibi
892 2465 1096 2534 duplici
1142 2464 1254 2535 jam
1307 2464 1513 2520 tradito
1558 2481 1708 2521 more
1763 2468 2008 2522 conﬁteri
2044 2487 2058 2523 :

477 2555 621 2624 quod
655 2563 714 2608 ut
754 2558 970 2611 eveniat
1003 2557 1114 2626 jam
1146 2557 1466 2612 vaticinium
1520 2567 1767 2626 matura;
1810 2567 1869 2613 ut
1905 2568 2062 2614 atter-

476 2657 673 2697 narum
735 2646 1162 2714 promissionum
1211 2646 1412 2702 oculati
1467 2654 1637 2703 testes
1687 2648 1880 2704 simus.
1938 2649 2061 2704 [hec

476 2749 642 2803 porro
667 2734 747 2788 sic
778 2735 1094 2805 accipienda
1129 2745 1278 2800 sunt,
1302 2744 1366 2814 iit
1403 2739 1618 2807 possint
1657 2751 1724 2794 ex
1767 2742 2061 2812 propheta-

475 2841 601 2880 rum
638 2842 868 2895 persona
893 2827 998 2880 dici
1027 2845 1042 2892 ;
1080 2829 1148 2880 ita
1179 2835 1237 2880 ut
1263 2843 1383 2896 qua:
1413 2835 1541 2883 ante
1574 2827 1879 2899 diapsalma
1907 2837 2056 2894 sunt,

476 2916 846 2986 apostolorum
875 2932 1122 2987 personae
1149 2917 1516 2982 conveniant;
1549 2933 1671 2988 quae
1707 2933 1836 2973 vero
1866 2935 2061 2974 secun-

474 3007 605 3061 dum
641 3008 943 3078 diapsalma
975 3015 1275 3078 ponuntur,
1314 3009 1702 3079 prophetarum
1738 3011 1931 3072 choro,
1964 3013 2056 3080 qui

475 3116 539 3157 ea
568 3115 683 3172 qua:
707 3116 807 3155 nos
848 3099 1114 3165 videmus,
1162 3101 1265 3171 ipsi
1293 3117 1510 3171 quoque
1541 3102 1861 3172 conspicere
1908 3101 2059 3174 ﬂagi-

475 3195 688 3254 tabant,
713 3200 768 3248 et
798 3202 977 3247 tamen
1007 3208 1118 3247 non
1146 3192 1399 3248 viderunt
1425 3194 1724 3249 secundum
1761 3194 2058 3251 Salvatoris

474 3295 664 3336 vocem
697 3281 764 3335 ".
822 3280 1024 3336 Deinde
1090 3281 1328 3336 dicitur:
1377 3301 1395 3335 ι
1439 3281 1607 3338 Terra
1639 3285 1787 3340 dedit
1825 3285 2058 3340 fructum

471 3387 668 3440 suum;
699 3393 716 3425 ο
747 3375 882 3437 sive,
913 3375 1214 3428 secundum
1241 3375 1628 3445 Symmachum
1655 3395 1670 3430 :
1709 3395 1728 3428 ι
1763 3375 1932 3432 Terra
1961 3378 2059 3432 da-

473 3463 551 3518 bit
585 3475 903 3534 proventum
952 3481 1133 3520 suum.
1193 3485 1212 3518 ι
1251 3464 1389 3522 Vere
1448 3482 1682 3538 namque
1723 3468 1935 3526 fructus
1973 3486 2060 3526 se-

471 3554 713 3609 cundum
769 3563 930 3611 terra:
977 3564 1226 3611 naturam
1275 3564 1400 3620 est,
1463 3574 1626 3616 nosse
1679 3561 2055 3618 universorum

472 3645 664 3710 Deum,
691 3663 896 3719 eosque
923 3651 1079 3719 queis
1118 3651 1172 3704 in
1209 3651 1296 3704 illa
1326 3651 1572 3708 habitare
1599 3669 1920 3711 concessum
1950 3663 2056 3718 est,

469 3739 685 3795 debitas
746 3742 852 3811 ipsi
900 3743 1276 3798 confessiones
1335 3754 1389 3799 et
1454 3745 1754 3815 gratiarum
1815 3746 2058 3800 actiones

470 3832 742 3888 emittere.
780 3832 912 3887 Nam
946 3850 1008 3890 ea
1040 3835 1106 3889 de
1133 3851 1302 3891 causa
1322 3845 1484 3892 terra:
1519 3839 1847 3894 elementum
1867 3839 2060 3893 condi-

472 3942 586 3987 tum
610 3941 715 3996 est,
745 3942 804 3987 ut
826 3935 919 4004 qui
949 3935 1002 3988 in
1042 3935 1131 3988 illa
1161 3946 1515 3992 versarentur
1538 3982 1553 4004 ,
1592 3939 1810 4009 pietatis
1847 3940 2057 3994 fructus

471 4025 810 4097 proferrent;
856 4025 948 4080 sed
980 4027 1052 4079 ob
1083 4027 1242 4096 primi
1286 4027 1525 4083 hominis
1552 4029 2053 4099 praevaricationem

469 4118 676 4174 dictum
715 4125 840 4173 est:
885 4136 902 4168 ι
943 4117 1222 4173 Maledicta
1262 4127 1407 4174 terra
1447 4121 1502 4174 in
1543 4123 1802 4191 operibus
1834 4123 1962 4176 tuis.
1996 4123 2053 4176 in

471 4210 660 4266 dolore
682 4207 936 4264 comech
983 4209 1154 4278 ipsam
1209 4211 1464 4266 omnibus
1495 4210 1690 4267 diebus
1748 4211 1870 4266 vita:
1926 4221 2051 4266 tuac.

469 4300 670 4373 Spinas
701 4309 757 4357 et
785 4301 1021 4356 tribulos
1049 4302 1376 4372 [terminabit
1397 4303 1496 4357 tibi
1531 4304 1600 4356 ”.
1639 4323 1658 4355 ι
1697 4305 1765 4357 At
1797 4319 1903 4358 non
1937 4312 2055 4358 erat

2174 460 2255 515 ριε
2277 444 2371 497 τοῦ
2403 441 2633 514 οὐρανοῦ
2661 441 2756 494 καὶ
2785 441 2884 512 τῆς
2913 440 3036 509 γῆς.
3071 457 3090 489 ι
3128 435 3283 492 Μετὰ
3312 435 3368 489 δὲ
3392 436 3492 508 τὴν
3519 434 3744 508 πρώτην

2170 537 2264 590 καὶ
2309 535 2564 606 δευτέραν
2615 532 3002 604 ἐξομολόγησιν
3045 529 3368 601 ἐπεύχονται
3407 530 3520 593 τοῖς
3566 526 3742 584 ἔθνεσι

2169 630 2281 692 τοῖς
2325 625 2880 697 έξομολογησαμένοις
2923 622 2993 675 τὰ
3040 622 3220 694 τρίτα.
3255 619 3388 674 Τίνα
3428 621 3486 675 δὲ
3531 619 3740 688 caiisa;

2176 741 2193 772 ι
2240 707 2708 791 Εὐφρανθήτωσαν
2743 719 2836 771 καὶ
2883 715 3333 786 ἀγαλλιάσθωσαν
3375 713 3522 785 ἔθνη.
3569 732 3588 766 ι
3629 715 3738 767 Καὶ

2167 811 2256 866 διὰ
2301 811 2461 863 ποίαν
2499 810 2696 872 αἰτίαν,
2727 809 2852 881 ἑξῆς
2885 809 3124 862 διδάσκει
3160 806 3356 874 λέγων’
3393 823 3413 857 ι
3449 806 3572 858 Ὅτι
3617 823 3740 878 κρι-

2167 905 2278 968 νεῖς
2309 901 2470 966 λαοὺς
2513 904 2570 955 ὲν
2619 901 2893 972 εὐθύτητι,
2933 920 2952 952 ι
2997 901 3092 954 καὶ
3139 899 3220 952 ὅτι
3260 897 3441 961 λαοὺς,
3484 898 3543 950 οὐ
3589 898 3740 962 τινας

2172 992 2290 1063 μὲν,
2324 990 2474 1055 τινὰς
2501 990 2557 1044 δὲ
2595 990 2655 1043 οὐ
2677 1007 2689 1020 ·
2733 990 2867 1044 ἀλλὰ
2913 991 3122 1052 πάντας
3151 988 3292 1042 κατά
3321 987 3388 1042 τά
3433 987 3741 1059 ἔμπροσθεν

2166 1081 2526 1154 δεδηλωμένα.
2567 1083 2687 1134 Ἔτι
2734 1081 2791 1135 δὲ
2818 1081 3036 1150 γνόντα,
3078 1081 3160 1134 ὅτι
3196 1079 3590 1152 ὁδηγηθήσεται
3633 1078 3738 1134 ὐπὸ

2170 1173 2264 1228 σοῦ
2305 1175 2443 1246 πρὸς
2485 1175 2545 1228 τὸ
2587 1173 2801 1244 βαδίσαι
2828 1175 2926 1245 τὴν
2966 1172 3083 1226 ὁδὸν
3117 1173 3216 1244 τὴν
3243 1172 3334 1243 ὐφ’
3367 1171 3524 1243 ἡμῶν
3555 1174 3736 1238 αὐτοῖς

2167 1266 2599 1340 γνωριζομένην,
2628 1267 2850 1330 εἰκότως
2877 1267 3214 1338 εὐφροσύνης
3245 1267 3336 1320 καὶ
3367 1266 3736 1334 ἀγαλλιάσεως

2169 1355 2555 1428 πλησθήσεται.
2601 1357 2744 1410 Ἀντὶ
2785 1357 2841 1410 δὲ
2891 1356 3007 1420 τοῦ,
3040 1377 3058 1408 ι
3097 1359 3190 1410 καὶ
3217 1357 3682 1426 ἀγαλλιάσθωσαν,
3711 1380 3729 1410 ι

2174 1467 2191 1498 ι
2217 1449 2307 1502 καὶ
2340 1449 2639 1502 αἰνέσουσιν
2679 1469 2697 1501 ι
2734 1451 2761 1501 6
2807 1449 3036 1512 Ἀκύλας
3056 1465 3070 1479 ⁸
3103 1451 3132 1502 6
3161 1449 3215 1501 δὲ
3248 1448 3560 1520 Σύμμαχος,
3591 1468 3610 1501 ι
3642 1450 3739 1504 καὶ

2169 1539 2604 1610 εὐφημείτωσαν,
2633 1558 2650 1590 ι
2687 1540 3054 1611 ἡρμήνευσαν.
3084 1558 3102 1590 ι
3127 1539 3738 1611 Ἐξομολογησάσθωσάν

2170 1651 2251 1686 σοι
2285 1633 2423 1695 λαοὶ,
2458 1635 2486 1686 6
2517 1633 2668 1696 Θεὸς,
2707 1633 3297 1704 ὲξομολογησάσθωσάν
3339 1651 3420 1686 σοι
3458 1632 3574 1688 λαοὶ
3602 1636 3739 1690 πάν-

2097 1713 2140 1768 Β
2166 1743 2275 1789 τες⁹
2319 1725 2390 1794 γῆ
2418 1724 2601 1778 πέδωκε
2632 1725 2724 1779 τὸν
2755 1725 2964 1796 καρπὸν
3005 1725 3196 1796 αὐτῆς.
3228 1744 3246 1776 ι
3288 1727 3409 1779 Ἐπὶ
3452 1728 3571 1790 ταῖς
3603 1745 3736 1800 χρη-

2168 1820 2316 1882 σταῖς
2371 1817 2463 1870 καὶ
2512 1817 2744 1885 ἀγαθαῖς
2788 1817 3146 1886 ἐπαγγελίαις
3196 1819 3618 1890 εὐφραινόμενον
3675 1819 3738 1875 τὸ

2165 1909 2390 1981 Πνεῦμα
2428 1909 2489 1962 τὸ
2533 1908 2708 1977 ἅγιον,
2755 1912 2873 1972 ταῖς
2915 1909 3107 1972 αὐταῖς
3138 1910 3459 1983 ἐνδιατρίϐει
3511 1913 3734 1980 φωναῖς,

2163 2003 2352 2075 ὥσπερ
2384 2002 2664 2074 ἐντρυφῶν
2691 2004 2758 2074 τῇ
2791 2005 2944 2074 κοινῇ
2980 2002 3197 2056 πάντων
3227 2003 3528 2076 ἀνθρώπων
3561 2021 3740 2076 σωτη-

2167 2097 2278 2169 ρίᾳ.
2312 2096 2402 2149 Διὸ
2437 2093 2878 2167 έπαναλαμϐἁνει
2911 2095 3160 2167 δεύτερον
3193 2097 3285 2149 καὶ⁸
3317 2097 3519 2168 τρίτον,
3554 2098 3648 2150 καὶ
3677 2097 3739 2151 οὐ

2165 2187 2412 2258 βούλεται
2457 2188 2760 2258 ἀναχωρεῖν
2791 2187 2886 2241 τοῦ
2936 2188 3205 2260 σωτηρίου
3255 2188 3350 2242 καὶ
3383 2187 3739 2257 εὐαγγελικοῧ

2162 2279 2420 2350 ᾄσματος.
2466 2279 2634 2332 Πάλιν
2677 2274 2771 2332 οὖν
2820 2295 3003 2351 φησιν’
3060 2300 3078 2328 ε
3128 2278 3740 2350 Ἐξομολογησάσθωσάν

2164 2389 2245 2425 σοι
2285 2372 2420 2439 λαοὶ,
2459 2375 2488 2426 ό
2533 2373 2684 2436 Θεός.
2726 2391 2745 2424 ι
2791 2373 2856 2425 Ὃ
2897 2371 2960 2443 δὴ
3005 2373 3260 2444 μέγιστον
3299 2368 3366 2443 ἦν
3401 2372 3612 2442 θαῦμα,
3655 2374 3736 2425 ὅτι

2174 2463 2412 2518 Ἰουδαῖοι
2441 2465 2560 2535 μὲν,
2600 2466 2664 2518 ὲκ
2693 2464 2942 2535 πατέρων
2974 2465 3065 2517 τὸν
3091 2463 3199 2517 τῶν
3227 2463 3362 2517 ὅλων
3391 2464 3521 2517 Θεὸν
3553 2464 3730 2518 σέϐειν

2159 2554 2544 2626 δεδιδαγμένοι,
2578 2556 2816 2626 συνεχῶς
2847 2555 3323 2628 ἐξετραχηλίζοντο
3353 2557 3444 2611 ἐπὶ
3475 2556 3574 2628 τὴν
3603 2557 3739 2611 πλά-

2159 2666 2256 2719 νην
2286 2649 2386 2720 τῆς
2409 2649 2848 2720 εἰδωλολατρείας
2869 2666 2884 2680 ο
2917 2649 3036 2703 λαοὶ
3057 2650 3114 2704 δὲ
3147 2650 3345 2714 πάντες
3370 2651 3418 2702 oi
3461 2649 3581 2704 καθ’
3608 2651 3739 2722 ὅλης

2157 2743 2257 2816 τῆς
2291 2743 2613 2814 οἰκουμένης
2639 2743 2703 2796 ὲκ
2733 2742 2829 2796 τοῦ
2866 2733 3080 2814 μακροῦ
3107 2743 3302 2807 αἰῶνος
3332 2743 3735 2814 πεπλανημένοι

2159 2839 2240 2898 είς
2281 2833 2551 2905 τοσαύτην
2589 2834 2777 2904 ἥξουσι
2827 2835 3148 2906 μεταϐολὴν,
3187 2834 3262 2899 ὡς
3299 2835 3373 2907 μὴ
3412 2836 3571 2907 μόνον
3613 2838 3733 2890 ἐπι-

2159 2927 2360 2998 γνῶναί
2386 2945 2446 2981 σε
2471 2927 2564 2982 τὸν
2594 2929 2686 2981 ἐπὶ
2720 2928 2934 2982 πάντων
2957 2929 3111 2994 Θεὸν,
3141 2928 3277 2982 ἀλλά
3305 2931 3399 2984 καὶ
3424 2932 3734 3002 ἐπιστήμην

2160 3017 2445 3072 ἀναλαϐεῖν
2482 3017 2576 3071 τοῦ
2623 3018 3058 3090 ἐξομολογεῖσθαι
3105 3038 3185 3074 σοι
3231 3020 3374 3075 κατὰ
3414 3022 3508 3075 τὸν
3543 3023 3737 3076 ἀποδο-

2161 3109 2321 3164 θέντα
2360 3109 2539 3164 διττὸν
2574 3111 2805 3177 τρόπον·
2852 3111 2990 3184 ὅπερ
3043 3113 3129 3166 ἵνα
3177 3112 3400 3184 γένηται
3439 3113 3541 3184 ἠδη
3581 3113 3730 3178 ποτὲ,

2159 3202 2384 3272 ταχυνον
2407 3201 2476 3256 τά
2505 3203 2606 3274 τῆς
2636 3204 2991 3276 προφητείας,
3019 3205 3107 3258 ἵνα
3153 3206 3420 3260 αὐτόπται
3461 3206 3568 3259 τῶν
3602 3209 3738 3260 αἰω-

2160 3294 2286 3348 νίων
2317 3295 2657 3364 ἐπαγγελιῶν
2689 3296 3004 3368 γενοίμεθα.
3051 3299 3366 3353 Ἀκουστέον
3395 3299 3449 3352 δὲ
3477 3299 3583 3352 τῶν
3607 3315 3738 3370 προ-

2158 3385 2423 3456 κειμένων
2457 3387 2532 3450 ὼς
2570 3387 2882 3458 δυναμένων
2909 3390 3101 3443 καὶ-ὲκ
3137 3388 3426 3461 προσώπου
3470 3389 3577 3442 τῶν
3602 3405 3736 3460 προ-

2159 3477 2342 3549 φητῶν
2367 3479 2648 3547 λέγεσθαι·
2681 3479 2809 3534 ὥστ’
2852 3476 2992 3535 εἷναι
3020 3482 3087 3536 τὰ
3117 3482 3216 3553 μὲν
3236 3482 3342 3553 πρὸ
3376 3481 3469 3536 τοῦ
3509 3482 3736 3551 διαψάλ-

2161 3588 2346 3642 ματος,
2385 3572 2691 3642 ἁρμόζοντα
2733 3571 2810 3644 τῷ
2841 3572 3116 3646 προσώπῳ
3148 3574 3256 3628 τῶν
3301 3573 3626 3639 ἀποστόλων,
3663 3575 3732 3628 τὰ

2156 3665 2213 3718 δὲ
2246 3665 2382 3736 μετά
2406 3665 2466 3718 τὸ
2491 3665 2790 3738 διαψαλμα,
2817 3665 2896 3737 τῷ
2925 3668 3071 3740 χορῷ
3103 3668 3211 3723 τῶν
3240 3670 3544 3741 προφητῶν,
3585 3670 3727 3722 ait;-

2156 3777 2246 3823 νες
2269 3759 2574 3831 ἐπεθύμουν
2611 3761 2738 3814 ἰδεῖν
2761 3760 2796 3815 ἃ
2825 3763 2984 3831 ἡμεῖς
3024 3762 3310 3834 βλέπομεν,
3335 3763 3426 3816 καὶ
3456 3763 3555 3816 οὐκ
3583 3762 3724 3818 εἶδον

2157 3851 2298 3905 κατά
2330 3851 2428 3924 τὴν
2470 3855 2734 3924 σωτήριον
2785 3855 2987 3926 φωνήν.
3029 3854 3186 3925 Ἑξῆς
3223 3854 3425 3919 τούτοις
3470 3854 3724 3926 εἴρηταισ

2161 3964 2179 3994 ι
2212 3945 2286 4015 Γῆ
2315 3946 2481 3999 ἔδωκε
2505 3945 2596 3998 τὸν
2623 3945 2831 4017 καρπὸν
2860 3947 3028 4018 αὐτῆς
3046 3965 3060 3978 ·
3095 3967 3114 3999 ι
3153 3946 3186 4018 ἢ
3220 3945 3360 4001 κατά
3386 3946 3477 4000 τὸν
3505 3948 3735 4019 Σύμμα-

2155 4055 2282 4103 χον’
2325 4057 2343 4089 ι
2393 4037 2470 4108 Γῆ
2504 4037 2663 4091 δώσει
2696 4037 2795 4109 τὴν
2834 4037 3007 4109 φοράν
3057 4038 3244 4109 αὐτῆς.
3283 4058 3302 4091 ι
3353 4038 3580 4110 Καρπὸς
3621 4039 3734 4111 γὰρ

2154 4127 2230 4190 ὡς
2260 4127 2476 4198 ἀληθῶς
2503 4129 2530 4181 6
2563 4129 2706 4182 κατά
2749 4128 2910 4198 φύσιν
2935 4129 3035 4200 τῆς
3075 4130 3180 4199 γῆς
3212 4131 3327 4184 ἐστι
3355 4131 3418 4184 τὸ
3444 4131 3732 4202 γνωρίζειν

2152 4219 2244 4272 τὸν
2274 4220 2366 4271 ἐπὶ
2391 4220 2609 4273 πάντων
2631 4218 2783 4283 Θεὸν,
2814 4219 2907 4272 καὶ
2927 4219 3026 4284 τὰς
3059 4219 3413 4293 ὀφειλομένας
3439 4223 3588 4293 αὐτῷ
3617 4224 3733 4290 ἑξο-

2157 4310 2477 4383 μολογήσεις
2521 4313 2613 4366 καὶ
2646 4311 2992 4385 εὐχαριστίας
3038 4313 3379 4384 ἀναπέμπειν
3404 4317 3530 4379 τοὺς
3562 4317 3731 4369 οἰκεῖν

467 4392 559 4449 hic
590 4392 804 4448 fructus
824 4399 982 4447 terra:
1003 4393 1306 4447 secundum
1333 4405 1621 4459 naturam;
1653 4395 1748 4450 sed
1766 4395 2048 4465 praedictio

2160 4403 2323 4474 αὐτὴν
2352 4404 2771 4475 έπιτραπέντας.
2809 4405 2930 4458 Ἐπὶ
2957 4405 3115 4482 τοῦτο
3143 4407 3241 4477 μὲν
3267 4407 3375 4478 γὰρ
3395 4409 3728 4463 κατεσκεύα-

468 4487 692 4542 malitite
759 4500 881 4555 qua:
929 4493 1126 4556 praeter
1184 4496 1434 4541 naturam
1492 4487 1550 4542 in
1605 4503 1669 4542 ea
1713 4488 2050 4558 pullulatura

2160 4512 2278 4549 σται
2319 4496 2381 4550 τὸ
2411 4497 2510 4568 τῆς
2540 4499 2643 4569 γῆς
2677 4501 2954 4570 στοιχεῖον,
3000 4500 3091 4553 ἐπὶ
3121 4499 3182 4553 τὸ
3211 4502 3336 4566 τοὺς
3373 4504 3432 4556 ὲν
3463 4504 3598 4574 αὐτῇ
3629 4503 3729 4568 τὰς

467 4584 607 4632 erat.
661 4576 796 4632 Nam
839 4589 1035 4647 prater
1067 4589 1316 4632 naturam
1357 4579 1528 4650 spina:
1572 4587 1625 4636 et
1656 4580 1839 4636 tribuli
1873 4582 2051 4636 oborti

2160 4585 2436 4658 διατριϐὰς
2482 4592 2836 4662 ποιουμένους
2881 4591 3161 4657 εὐσεϐείας
3207 4595 3534 4667 προσφέρειν
3588 4612 3726 4668 καρ-

469 4675 599 4721 sunt
624 4677 850 4738 propter
880 4671 1382 4738 praevaricationem
1416 4688 1527 4725 non
1555 4673 1734 4727 solum
1756 4669 1917 4744 primi
1954 4674 2051 4728 ho-

2160 4678 2289 4742 πούς
2310 4695 2322 4708 ·
2351 4678 2440 4733 διὰ
2463 4679 2520 4733 δὲ
2555 4682 2653 4754 τὴν
2681 4681 2775 4736 τοῦ
2808 4682 3023 4754 πρώτου
3057 4685 3247 4755 ἀνδρὸς
3269 4687 3577 4759 παράϐασιν
3606 4688 3724 4741 ἐλέ-

469 4756 649 4811 minis.
677 4759 770 4812 sed
799 4759 960 4813 etiam
981 4775 1169 4815 eorum
1203 4763 1294 4832 qui
1334 4773 1457 4831 post
1484 4763 1635 4818 illum
1688 4765 1743 4819 in
1791 4765 2048 4835 impieta-

2160 4769 2256 4842 χθη
2282 4787 2295 4800 ⁸
2335 4790 2354 4824 ι
2393 4772 2822 4845 Ἐπικατάρατος
2853 4777 2886 4846 ἡ
2917 4775 2991 4846 γῆ
3022 4778 3080 4830 ὲν
3111 4780 3221 4842 τοῖς
3257 4756 3438 4849 ἔργοις
3477 4795 3588 4834 σου.
3635 4781 3724 4834 Ἐν

469 4862 579 4911 tem
609 4860 845 4928 prolapsi
878 4869 1028 4916 sunt.
1055 4861 1192 4928 Quia
1250 4865 1303 4919 in
1358 4867 1626 4936 principio
1659 4867 1878 4936 quando
1912 4867 2051 4923 dixit

2160 4863 2346 4928 λύπαις
2397 4865 2546 4939 φάγῃ
2595 4867 2765 4938 αὐτὴν
2815 4869 2995 4934 πάσας
3031 4869 3128 4934 τὰς
3178 4871 3388 4941 ἡμέρας
3427 4870 3528 4940 τῆς
3575 4869 3724 4945 ζωῆς

471 4946 653 5002 Deus:
695 4968 715 5000 ‹
752 4949 1028 5007 Germinet
1054 4955 1200 5008 terra
1231 4955 1453 5011 herbam
1480 4956 1624 5019 feni,
1683 4958 2046 5013 seminantem

2160 4971 2247 5008 σου
2266 4972 2279 4985 ·
2310 4955 2552 5020 ἀκάνθας
2576 4958 2668 5011 καὶ
2693 4959 2976 5030 τριϐόλους
2999 4962 3242 5015 ἀνατελεῖ
3268 4979 3370 5018 σοι.
3403 4983 3422 5014 ι
3457 4963 3594 5017 Ἀλλέ
3621 4966 3720 5018 οὐκ

469 5053 679 5102 semen,
712 5043 1009 5096 secundum
1039 5060 1212 5114 genus
1235 5055 1289 5100 et
1317 5046 1750 5111 similitudinem,
1769 5049 2044 5119 etlignum

469 5129 810 5186 frtictiferum
870 5133 1048 5189 ferens
1100 5136 1356 5201 fructum,
1391 5139 1549 5208 cujus
1582 5155 1769 5195 semen
1821 5141 1875 5194 in
1928 5141 2047 5211 ipso

467 5224 540 5279 sit
571 5223 872 5278 secundum
917 5241 1088 5295 genus
1133 5243 1298 5298 super
1329 5240 1527 5285 terram
1561 5232 1635 5300 ⁹³;
1699 5249 1720 5285 ι
1776 5248 2042 5303 nusquam

467 5316 675 5370 mentio
706 5315 986 5386 spinarum
1036 5334 1099 5374 ac
1139 5321 1462 5376 tribulorum
1492 5331 1604 5386 cst;
1666 5341 1844 5394 neque
1899 5332 2044 5379 terra

469 5414 656 5470 isthaec
691 5416 1068 5486 produxisset.
1104 5419 1210 5474 nisi
1261 5419 1572 5477 hominibus
1618 5423 2044 5493 inobsequentiae

467 5521 763 5577 subsecuta
786 5524 921 5579 ultio
949 5533 1114 5581 esset.
1143 5524 1200 5578 In
1234 5526 1454 5581 malitiae
1475 5542 1624 5599 ergo,
1649 5545 1769 5600 qua:
1796 5529 2040 5583 homini~

542 5697 586 5727 "
607 5696 737 5754 Luc.
777 5717 828 5765 ι,
869 5701 957 5757 24.
1035 5702 1236 5759 "Gen.
1273 5720 1353 5772 ιιι,
1393 5703 1476 5761 l7.
1592 5706 1638 5738 ”
1662 5704 1797 5762 Gen.
1850 5722 1890 5770 ι,
1946 5707 2036 5763 ll.

2147 5041 2214 5116 ἦν
2241 5043 2395 5111 οὗτος
2422 5051 2450 5101 6
2492 5050 2634 5103 κατὰ
2678 5051 2840 5120 φύσιν
2872 5054 3081 5126 καρπὸς
3119 5055 3218 5126 τῆς
3249 5055 3382 5126 γῆς·
3419 5056 3719 5128 πρόρρησις

2147 5139 2204 5192 δὲ
2233 5140 2332 5210 τῆς
2368 5141 2666 5214 μελλούσης
2694 5143 2849 5213 φύειν
2876 5147 2933 5198 ἐν
2963 5148 3098 5218 αὐτῇ
3133 5149 3280 5219 παρά
3315 5147 3474 5218 φύσιν
3501 5150 3713 5213 κακίας.

2147 5231 2306 5303 Παρά
2336 5232 2494 5302 φύσιν
2519 5235 2628 5307 γὰρ
2657 5237 2712 5290 αί
2740 5238 2973 5293 ἄκανθαι
3004 5241 3097 5292 καὶ⁵
3128 5240 3361 5312 τρίϐολοι
3380 5241 3468 5295 διὰ
3491 5242 3586 5313 τὴν
3608 5259 3716 5296 πα-

2148 5324 2375 5396 ράϐασιν
2408 5329 2708 5383 ὑποστᾶσαι
2737 5331 2798 5384 οὐ
2835 5333 2995 5402 μόνον
3035 5335 3128 5388 τοῦ
3161 5335 3372 5406 πρώτου
3405 5336 3718 5409 ἀνθρώπου,

2145 5417 2279 5472 ἀλλὰ
2309 5422 2403 5473 καὶ
2427 5421 2538 5474 τῶν
2569 5425 2686 5494 μετ’
2713 5424 2875 5478 αὐτὸν
2903 5427 3250 5498 ἠσεϐηκότων
3269 5445 3282 5458 ι
3317 5429 3439 5482 ἐπεὶ
3465 5430 3588 5482 κατ’
3617 5430 3723 5500 ἀρ-

2144 5509 2264 5580 χὰς,
2297 5511 2384 5564 ὅτε
2432 5509 2584 5567 εἶπεν
2613 5517 2642 5568 ό
2685 5516 2844 5581 Θεός⁹
2877 5537 2896 5569 ι
2933 5518 3344 5592 Βλαστησάτωὴ
3373 5520 3446 5592 γῆ
3486 5519 3725 5594 βοτάνην
