4062 6208
277 249 284 252 ’
339 247 445 305 δτι

1464 242 1964 301 COMMENTARIA
2007 242 2070 298 IN
2113 242 2449 300 PSALMOS.

3491 248 3596 302 678

337 365 526 436 χόρτου
541 381 554 393 ·
588 362 810 434 σπεῖρον
843 359 1066 433 σπέρμα
1093 357 1235 413 κατά
1267 357 1424 429 γένος
1455 359 1549 413 καὶ
1581 357 1702 412 καθ’
1735 359 1907 430 ὁμοιό-

2015 358 2119 413 bus
2163 367 2350 428 postea
2403 357 2618 414 inhaesit
2648 397 2664 423 ,
2717 359 3046 429 imaginem,
3087 360 3259 432 spinae
3304 369 3359 416 et
3408 363 3594 417 tribuli

334 473 492 528 τητα,
531 455 626 509 καὶ
678 453 832 519 ξύλον
894 453 1176 524 κάρπιμον
1222 450 1408 505 ποιοῦν
1459 451 1690 524 καρπὸν,
1739 446 1800 504 οῦ
1847 451 1908 504 τὸ

336 548 560 618 σπέρμα
592 545 755 600 αὑτοῦ
794 547 854 599 ἐν
897 543 1046 615 αύτῷ
1077 543 1218 597 κατὰ
1260 543 1414 611 γένος
1443 543 1538 595 ἐπὶ
1567 541 1670 612 τῆς
1703 541 1843 612 γῆς’
1885 560 1903 593 ι

334 636 542 707 οὐδαμῆ
577 637 761 708 μνήμη
795 635 1017 704 γέγονεν
1047 631 1296 687 ἀκανθῶν
1322 631 1442 684 οὐδὲ
1472 630 1738 702 τριϐόλων
1761 648 1775 661 ο
1800 631 1908 684 οὐδ’

337 727 404 780 ἂν
437 726 600 796 ἐφυσε
629 726 800 779 ταῦτα
827 727 860 795 ὴ
883 723 977 794 γῆ,
1007 725 1054 776 εἰ
1083 723 1156 794 μὴ
1184 721 1250 775 τά
1272 722 1370 792 τῆς
1405 721 1690 794 παρακοῆς
1715 723 1912 791 ἐπηκο-

334 817 596 889 λούθησεν
623 815 912 887 ἀνθρώπῳ.
943 815 1054 886 Τῆς
1095 813 1226 882 γοῦν
1260 812 1483 882 ὕστερον
1527 811 1909 883 ἐπισυμϐάσης

336 908 642 981 ἀνθρώποις
669 907 862 970 κακίας
905 905 1108 968 εἰκόνες
1135 903 1379 975 ἐφύησαν
1407 903 1639 958 ἄκανθαι
1667 903 1760 956 καὶ
1790 901 1908 972 τρί-

336 998 504 1051 ϐολοι.
535 996 696 1050 Ὅθεν
727 996 814 1049 ἵνα
853 995 1024 1049 ταῦτα
1071 994 1359 1064 ἀπόληται,
1407 994 1518 1065 πῦρ
1547 989 1678 1065 ἦλθε
1731 991 1908 1063 βαλεῖν

336 1085 431 1137 ἐπὶ
471 1083 568 1155 τὴν
597 1083 700 1154 γῆν
739 1085 768 1135 6
804 1084 1011 1154 Σωτήρ.
1061 1084 1172 1136 Καὶ
1202 1083 1266 1154 δὴ
1307 1082 1400 1136 τοῦ
1446 1083 1714 1154 σωτηρίου
1748 1083 1908 1151 λόγου

333 1179 489 1249 δίκην
517 1177 685 1249 πυρὸς
723 1177 821 1241 τὰς
847 1177 1086 1242 ἀκάνθας
1120 1178 1212 1230 καὶ
1248 1179 1374 1241 τοὺς
1402 1176 1682 1249 τριϐόλους
1715 1176 1910 1245 ἀφανί-

333 1269 534 1334 ζοντος,
561 1269 815 1323 νεωθεῖσα
845 1271 943 1340 τῆς
968 1268 1167 1332 κακίας
1189 1270 1221 1339 ἡ
1251 1267 1420 1338 ψυχὴ,
1447 1267 1538 1320 τὸν
1568 1267 1908 1338 προσήκοντα

331 1363 468 1433 αὐτῇ
499 1363 592 1416 καὶ⁵
616 1361 948 1432 κατάλληλον
980 1361 1192 1430 καρπὸν
1230 1359 1535 1413 ἀποδίδωσι.
1573 1359 1770 1429 Διόπερ
1790 1358 1909 1411 λαοὶ

335 1456 434 1527 μὲν
484 1457 684 1519 πάντες
735 1454 1219 1526 ἐξομολογοῦνταιο
1265 1453 1391 1524 ἔθνη
1437 1452 1494 1505 δὲ
1542 1453 1635 1505 ἐπὶ
1665 1453 1764 1522 τῆς
1807 1452 1908 1521 γῆς

329 1547 667 1621 όδηγοῦνται.
705 1549 926 1610 Τούτοις
955 1564 1016 1599 τε
1057 1544 1385 1608 ἀκολούθως,
1417 1545 1768 1615 ἐπενήνεκται
1809 1544 1868 1596 τό
1891 1561 1905 1574 ο

338 1659 356 1692 ι
388 1642 463 1712 Γῆ
497 1641 663 1694 ἔδωκε
704 1641 796 1693 τὸν
835 1639 1048 1711 καρπὸν
1090 1638 1280 1708 αὐτῆς.
1341 1637 1646 1707 Εὑλογήσαι
1691 1637 1840 1707 ἡμᾶς
1879 1638 1909 1690 6

330 1731 483 1796 Θεὸς,
532 1735 561 1785 ό
592 1732 724 1796 Θεὸς
763 1732 944 1803 ἡμῶν,
989 1731 1283 1801 εὐλογῆσαι
1321 1731 1466 1802 ἡμᾶς
1513 1731 1542 1782 ό
1588 1727 1740 1792 Θεός.
1793 1729 1905 1782 Καὶ
1939 1717 1979 1771 Β

331 1823 727 1895 φοϐηθήτωσαν
778 1823 939 1877 αὑτὸν
989 1824 1162 1877 πάντα
1206 1823 1275 1875 τά
1321 1822 1534 1893 πέρατα
1575 1822 1675 1893 τῆς
1707 1822 1828 1892 γῆς.
1879 1840 1898 1874 ι

333 1916 457 1968 Εἴτε
484 1916 533 1967 οἱ
564 1914 848 1969 ἀπόστολοι
878 1915 971 1968 τοῦ
996 1915 1243 1986 Σωτῆρος
1273 1913 1450 1984 ἡμῶν,
1472 1915 1581 1967 εἴτε
1609 1915 1654 1968 οἱ
1688 1913 1906 1968 παλαιοὶ

329 2005 426 2060 τοῦ
457 2005 590 2060 Θεοῦ
648 2007 922 2079 προφῆται
952 2005 1214 2077 (ἐκατέρῳ
1253 2006 1361 2076 γάρ
1391 2005 1631 2076 τάγματι
1665 2007 1908 2078 ἐφαρμό-

332 2099 412 2162 ζει
438 2098 506 2152 τά
537 2099 859 2168 λεγόμενα),
893 2097 1139 2168 εὔχονται
1183 2098 1282 2168 τῆς
1313 2099 1469 2170 παρά
1515 2097 1607 2151 τοῦ
1639 2099 1774 2152 Θεοῦ
1810 2099 1904 2152 εὐ-

328 2187 512 2257 λογίας
550 2192 753 2260 τυχεῖν,
793 2185 860 2262 ἧς
890 2190 982 2243 καὶ
1014 2187 1274 2260 ἀνωτέρω
1315 2188 1414 2260 τὴν
1447 2188 1686 2242 διάνοιαν
1734 2206 1904 2262 παρε-

327 2281 626 2352 στήσαμεν,
679 2281 986 2345 δεικνύντες
1040 2283 1188 2345 ὅπως
1231 2282 1311 2346 τὸ,
1375 2300 1394 2332 ι
1453 2281 1758 2345 Αύξάνεσθε
1813 2285 1906 2336 καὶ

326 2375 660 2447 πληθύνεσθε
695 2375 790 2428 καὶ
834 2373 1160 2448 πληρώσατε
1205 2373 1304 2444 τὴν
1353 2373 1480 2444 γῆν,
1528 2375 1622 2427 καὶ
1662 2391 1907 2427 κατακυ-

338 2467 581 2540 ριεύσατε
623 2468 814 2538 αὐτῆς,
852 2487 870 2519 ι
909 2469 1001 2521 ἐπὶ
1033 2467 1235 2520 τούτων
1268 2466 1572 2538 ἐπληροῦτο
1604 2484 1906 2538 πνευματι-

337 2560 469 2624 κῶς.
499 2561 734 2627 Πάρεστι
766 2561 894 2630 γοῦν
927 2561 1072 2633 ἔργῳ
1099 2560 1454 2631 παραλαϐεῖν,
1480 2561 1554 2624 ὡς
1581 2563 1614 2632 ὴ
1648 2560 1909 2632 σύμπασα

335 2654 405 2725 γῆ
440 2654 534 2723 τῆς
569 2652 790 2706 ἐκείνων
829 2652 1075 2722 διαδοχῆς
1109 2650 1420 2723 ἐπληρώθη.
1455 2653 1524 2705 Αἵ
1547 2669 1606 2704 τε
1635 2651 1758 2706 καθ’
1783 2652 1909 2722 ὅλης

325 2744 426 2815 τῆς
455 2745 776 2816 οἰκουμένης
803 2730 1096 2814 ἱδρυθεῖσαι
1121 2743 1215 2797 τοῦ
1243 2745 1492 2816 Σωτῆρος
1509 2748 1540 2815 ἡ
1550 2745 1664 2816 μῶν
1679 2744 1902 2815 Ἐκκληο

329 2836 462 2900 σίαι,
490 2838 586 2890 καὶ
617 2839 664 2890 οί
699 2837 818 2891 καθ’
853 2839 1089 2907 ἐκάστην
1127 2839 1445 2910 μυρίανδροι
1471 2837 1591 2890 λαοὶ
1621 2838 1720 2908 τῆς
1753 2839 1907 2892 εὐλο-

325 2931 452 2998 γίας
499 2930 679 2984 αὐτῶν
727 2933 1050 3001 ἐμφαίνουσι
1083 2931 1150 2984 τά
1183 2930 1621 3001 ἀποτελέσματα.
1661 2931 1906 3001 Πρεπόν-

2011 451 2221 506 suborti
2275 458 2425 510 sunt.
2485 452 2892 519 Quamobrem,
2947 460 3006 505 ut
3057 451 3171 506 haec
3240 451 3594 522 dispereant,

2010 540 2188 609 ignem
2227 539 2280 593 in
2311 549 2517 594 terram
2565 540 2796 594 missum
2833 539 3090 594 Servator
3133 540 3301 595 venit.
3350 540 3416 595 Et
3463 557 3596 597 sane

2011 632 2235 688 salutari
2279 633 2448 687 verbo
2479 632 2622 702 ignis
2657 633 2833 687 instar
2860 633 3048 701 Spinas
3083 641 3136 688 et
3168 634 3402 690 tribulos
3432 636 3594 688 absu-

2012 731 2190 777 mente
2212 763 2226 783 .
2276 732 2537 779 renovata
2569 725 2751 778 anima
2781 725 3044 778 malitiam
3095 740 3305 782 exuens
3329 766 3346 790 ,
3395 741 3597 781 conve-

2010 822 2244 868 nientem
2273 815 2374 869 sibi
2400 823 2451 870 et
2480 825 2908 870 consentaneum
2935 815 3173 870 fructum
3192 816 3420 887 profert.
3449 817 3595 884 Qua-

2011 915 2233 976 pr0pter
2271 908 2458 977 populi
2504 923 2696 963 omnes
2729 908 3099 975 conlitentur;
3134 918 3324 979 gentes
3357 924 3489 964 vero
3538 911 3594 965 in

2011 1011 2151 1056 terra
2177 1001 2508 1073 diriguntur.
2540 1002 2621 1056 Ad
2647 1002 2761 1056 haec
2791 1009 2972 1056 autem
3000 1012 3400 1072 consequenter
3423 1001 3596 1058 infer-

2010 1093 2296 1147 turillud:
2342 1111 2360 1144 ι
2404 1093 2574 1147 Terra
2604 1093 2752 1148 dedit
2802 1092 3038 1146 fruetum
3085 1109 3267 1149 suum.
3301 1093 3594 1150 Benedicat

2007 1200 2110 1243 nos
2139 1185 2304 1249 Deus,
2345 1185 2489 1241 Deus
2519 1196 2726 1248 noster,
2756 1183 3042 1239 benedicat
3072 1201 3174 1240 nos
3208 1185 3372 1249 Deus,
3400 1192 3455 1239 et
3481 1201 3596 1239 me-

2009 1285 2166 1330 tuant
2187 1293 2311 1332 eum
2340 1293 2532 1334 omnes
2561 1279 2697 1335 ﬁnes
2733 1287 2914 1334 terraa.
2956 1299 2975 1331 ι
3014 1278 3140 1334 Sive
3181 1279 3411 1348 apostoli
3460 1278 3596 1333 Scr-

2008 1369 2215 1424 vatoris
2247 1372 2451 1454 nostri,
2483 1371 2598 1425 sive
2641 1371 2808 1441 prisci
2863 1364 2938 1424 illi
2978 1369 3070 1425 Dei
3119 1371 3395 1440 prophetae
3445 1371 3594 1440 (nam

2009 1463 2228 1532 utrique
2283 1464 2464 1518 ordini
2517 1465 2630 1518 haec
2682 1465 2828 1519 dicta
2879 1466 3238 1535 competunt),
3295 1463 3385 1520 Dei
3428 1464 3623 1519 bene-'

2009 1552 2304 1608 dictionem
2341 1557 2606 1626 consequi
2660 1565 2984 1627 precantur,
3037 1557 3195 1626 cujus
3227 1568 3460 1611 mentem
3499 1571 3597 1610 su-

2009 1661 2106 1717 pra
2133 1647 2554 1714 declaravimus,
2590 1664 2715 1704 cum
2754 1650 2911 1707 illud.
2950 1668 2968 1702 ι
3011 1648 3262 1705 Crsecite
3300 1658 3353 1703 et
3405 1647 3596 1703 multi-

2009 1739 2287 1810 plicamini
2307 1749 2362 1796 et
2384 1743 2586 1812 replete
2612 1753 2834 1806 terram,
2852 1751 2906 1795 et
2926 1742 3282 1796 dominamini
3312 1740 3540 1802 illius".
3566 1758 3588 1794 ι

2009 1832 2063 1884 in
2120 1832 2254 1901 ipsis
2293 1834 2654 1902 spiritualiter
2682 1835 3012 1903 completum
3049 1849 3173 1889 esse
3213 1834 3590 1903 probaremus.

2009 1927 2162 1983 Licet
2202 1924 2371 1995 igitur
2406 1927 2492 1981 vel
2522 1941 2589 1981 ex
2620 1926 2790 1996 gestis
2814 1925 2980 1979 rebus
3014 1924 3336 1993 intelligere,
3371 1924 3592 1977 univero

2010 2013 2127 2078 sam
2155 2030 2356 2076 terram
2387 2034 2579 2075 eorum
2621 2018 2975 2073 successione
3016 2017 3279 2086 repletam
3315 2031 3457 2071 esse.
3490 2015 3595 2069 Ec-

2009 2115 2190 2170 clesiae
2241 2124 2480 2182 namQue
2548 2107 2858 2165 Servatoris
2914 2109 3089 2164 n05tri
3151 2123 3247 2178 per
3283 2109 3593 2163 universam

2010 2213 2211 2262 terram
2247 2205 2502 2270 fundant,
2531 2213 2586 2259 et
2622 2203 2892 2257 innumeri
2949 2217 3046 2273 per
3099 2201 3346 2272 singulas
3401 2215 3592 2256 earum

2009 2299 2230 2370 populi,
2276 2296 2708 2353 benedictionem
2764 2295 3006 2363 ipsorum
3057 2293 3381 2362 completam
3434 2291 3593 2346 exhi-

2011 2393 2162 2446 bent.
2195 2389 2335 2459 lpsis
2361 2404 2525 2458 porro
2563 2388 2818 2442 convenit
2843 2385 3050 2446 il‘lud,.¢
3081 2384 3224 2439 Deus
3247 2391 3456 2447 noster,
3486 2401 3506 2434 ι
3538 2383 3595 2437 in

2011 2484 2114 2538 hoc
2143 2484 2288 2538 dicto
2318 2495 2658 2551 expressum,
2698 2499 2716 2530 ι
2752 2477 3044 2534 Benedicat
3092 2491 3194 2530 nos
3240 2473 3416 2538 Deus,
3450 2473 3596 2530 Deus

2012 2576 2226 2634 noster;
2270 2586 2288 2618 ι
2317 2572 2503 2634 utpote
2525 2563 2618 2635 qui
2661 2572 2940 2632 paternam
2975 2559 3066 2614 Dei
3103 2559 3189 2612 sui
3227 2560 3596 2630 cognitionem

2010 2660 2312 2714 obtineant.
2345 2654 2544 2710 Verum
2595 2652 2791 2706 deinde
2832 2649 2967 2705 illud
3024 2649 3328 2719 adjiciunt:
3367 2667 3385 2698 ι
3427 2648 3598 2702 Bene-

2011 2753 2160 2805 dicat
2186 2765 2286 2804 nos
2309 2747 2491 2812 Deus;
2525 2766 2543 2798 D
2580 2755 2764 2815 utpote
2795 2744 2887 2814 qui
2919 2758 3027 2796 non
3062 2742 3304 2812 ipsorum
3345 2746 3593 2806 tantum,

2011 2843 2104 2899 sed
2132 2843 2294 2897 etiam
2318 2854 2507 2895 eorum
2535 2839 2801 2900 onmium,
2836 2837 2928 2906 qui
2983 2850 3079 2905 per
3105 2849 3200 2888 eos
3237 2833 3467 2888 salutem
3494 2847 3596 2884 na-

2011 2935 2149 2991 cturi
2181 2943 2330 2995 sunt,
2359 2930 2502 2986 Deus
2554 2931 2644 2984 sit.
2679 2927 2810 2983 Post
2842 2929 2954 2982 haec
2986 2926 3169 2980 omnia
3215 2935 3395 2978 autem
3427 2924 3596 2978 totius

323 3040 432 3087 τως
467 3023 522 3076 δὲ
556 3025 738 3088 αὐτοῖς
762 3025 842 3087 τὸ,
879 3043 898 3076 ι
944 3025 1003 3078 ’0
1025 3024 1157 3088 Θεὸς
1193 3025 1370 3096 ὴμῶν,
1410 3045 1429 3076 ι
1468 3026 1526 3076 ἐν
1552 3022 1650 3093 τῷ,
1687 3041 1705 3074 ι
1743 3024 1907 3076 Εύλο-

2013 3026 2306 3098 pr0phetia3
2363 3023 2823 3092 complementum
2881 3019 3176 3089 obsignant
3227 3018 3313 3072 his
3370 3017 3593 3073 verbis:

323 3119 491 3188 γήσαι
524 3119 671 3188 ἡμᾶς
704 3119 732 3169 6
773 3118 924 3189 Θεὸς,
956 3120 984 3171 6
1016 3118 1146 3181 Θεὸς
1175 3118 1330 3189 ἡμῶν
1350 3136 1362 3148 ο
1402 3137 1419 3168 ι
1453 3117 1528 3180 ώς
1568 3116 1634 3170 ἂν
1672 3117 1902 3186 πάτριον

323 3209 651 3281 κεκτημένοι
672 3210 731 3262 τὸ
750 3209 843 3262 τοῦ
877 3187 1012 3263 Θεοῦ
1045 3209 1223 3266 αὐτῶν
1252 3209 1557 3282 γνώρισμα.
1601 3208 1739 3260 Ἀλλ’
1778 3207 1902 3278 ἐξῆς

325 3302 782 3355 ἐπισυνάπτουσιν
819 3303 1086 3374 ἀορίστως
1119 3302 1371 3370 λέγοντες
1410 3301 1491 3360 τὸ,
1531 3319 1548 3351 ι
1593 3299 1902 3370 Εύλογήσαι

325 3392 474 3460 ἡμᾶς
503 3392 532 3442 6
559 3391 691 3454 Θεός
712 3408 725 3420 θ
767 3410 784 3442 ι
830 3391 902 3455 ὼς
942 3391 1137 3462 μηκέτι
1169 3391 1344 3462 μόνων
1381 3389 1592 3451 αὐτῶν,
1641 3388 1778 3442 ἀλλά
1808 3387 1904 3442 καὶ

326 3481 548 3533 πάντων
587 3481 693 3534 τῶν
726 3480 792 3534 δι’
823 3482 1001 3534 αὐτῶν
1028 3480 1420 3553 σωθησομένων
1447 3480 1576 3534 Θεὸν
1605 3479 1752 3533 ὄντα.
1792 3479 1903 3532 Καὶ

328 3569 468 3641 μετά
513 3571 689 3624 πάντα
730 3572 790 3625 τὸ
839 3573 1210 3645 συμπέρασμα
1250 3572 1352 3642 τῆς
1399 3572 1526 3643 ὅλης
1569 3571 1903 3643 προφητείας

325 3662 813 3733 ἐπισφραγίζονται
845 3665 1124 3734 λέγοντεςο
1177 3685 1195 3716 ι
1237 3666 1347 3719 Καὶ
1387 3663 1777 3736 φοϐηθήτωσαν
1810 3665 1906 3716 αὑ-

323 3753 416 3807 τὸν
447 3756 625 3808 πάντα
648 3755 716 3810 τά
747 3758 958 3826 πέρατα
989 3757 1086 3824 τῆς
1111 3757 1238 3828 γῆς.
1275 3777 1294 3809 ›
1337 3756 1554 3828 Ἐπειδὴ
1583 3756 1690 3829 γὰρ
1725 3756 1905 3828 (ἀρχὴ

327 3850 523 3918 σοφίας
567 3849 729 3918 φόϐος
770 3851 998 3923 Κυρίου,
1050 3871 1068 3903 ι
1113 3850 1422 3920 ἀναγκαίως
1457 3849 1648 3921 ὥσπερ
1675 3851 1906 3916 εἰσαγω-

327 3941 429 4012 γὴν
459 3942 559 4012 τῆς
594 3943 901 4008 θεοσεϐείας
944 3944 1034 3997 τὸν
1083 3944 1244 4013 φόϐον
1283 3943 1377 3998 τοῦ
1419 3943 1556 3997 Θεοῦ
1589 3943 1904 4012 ἐγγενέσθαι

326 4035 496 4085 πᾶσιν
521 4033 828 4105 ἀνθρώποις
873 4037 985 4100 τοῖς
1027 4039 1121 4090 καὶ
1175 4037 1334 4109 μέχρι
1365 4035 1473 4090 τῶν
1519 4035 1766 4106 ἐσχάτων
1805 4034 1907 4105 τῆς

329 4125 434 4197 γῆς
470 4127 709 4182 οἰκοῦσιν
750 4128 1074 4200 ἐπεύχονται
1095 4147 1108 4159 ·
1143 4129 1171 4182 ὂ
1211 4129 1275 4200 δὴ
1317 4129 1412 4182 καὶ
1438 4114 1741 4200 ἐπληροῦτο
1771 4126 1909 4198 μετὰ

2011 3137 2029 3170 ι
2074 3118 2137 3171 Et
2166 3124 2411 3172 metuant
2431 3130 2555 3170 eum
2585 3129 2775 3168 omnes
2801 3114 2937 3168 lines
2970 3124 3145 3166 terrae.
3189 3131 3206 3164 ι
3235 3109 3592 3180 Quandoqui-

2004 3212 2126 3265 dem
2166 3209 2311 3264 enim
2355 3225 2374 3259 ι
2415 3207 2628 3260 initium
2669 3206 2951 3276 sapientia:
2988 3205 3151 3259 timor
3180 3203 3397 3257 Domini
3449 3203 3518 3267 ",
3568 3221 3588 3252 ι

2009 3303 2320 3358 necessario
2349 3308 2664 3371 precantur,
2701 3307 2760 3353 ut
2793 3300 2990 3360 timor,
3053 3297 3210 3366 quasi
3254 3295 3494 3349 initiatio
3527 3294 3596 3348 ad

2007 3396 2148 3466 piam
2177 3395 2515 3464 religionem,
2562 3392 2819 3446 omnibus
2850 3390 3187 3453 hominibus,
3213 3388 3378 3444 etiam
3410 3395 3594 3442 extre-

2008 3505 2095 3543 ma
2119 3496 2278 3544 terrm
2311 3475 2724 3547 incolentibus,
2765 3485 3064 3553 ingeratur.
3098 3481 3254 3546 Quod
3301 3486 3422 3550 post
3455 3478 3598 3532 divi-

2011 3596 2140 3636 num
2201 3577 2504 3633 Salvatoris
2555 3577 2727 3631 nostri
2783 3574 3074 3628 adventum
3140 3573 3420 3642 impletum
3461 3577 3592 3626 est:

2013 3687 2136 3746 post
2167 3674 2317 3728 illum
2349 3674 2494 3727 enim
2520 3671 2575 3724 in
2593 3684 2809 3723 omnem
2841 3677 3041 3721 terram
3070 3666 3238 3720 exivit
3263 3679 3434 3720 sonus
3466 3679 3594 3733 apo-

2014 3768 2281 3822 stolorum
2315 3765 2456 3834 ejus,
2489 3771 2544 3818 et
2574 3763 2628 3816 in
2658 3761 2792 3814 ﬁnes
2820 3760 2970 3814 orbis
2993 3767 3153 3812 terra:
3177 3756 3337 3810 verba
3381 3770 3594 3810 eorum.

2012 3858 2088 3914 De
2143 3858 2230 3912 his
2282 3871 2502 3927 quoque
2548 3863 2708 3908 terra:
2741 3852 2940 3906 ﬁnibus
2978 3849 3233 3919 superius
3267 3847 3593 3902 dicebatur:

2018 3969 2036 4002 ι
2079 3949 2289 4005 Exaudi
2321 3965 2442 4014 nos,
2471 3948 2615 4003 Deus
2645 3947 2898 4000 Salvator
2931 3952 3138 4007 noster,
3175 3957 3302 4012 spes
3349 3940 3597 3994 onmium

2014 4043 2206 4097 ﬁnium
2235 4051 2394 4098 terrm
2419 4083 2434 4109 ,
2465 4050 2519 4096 et
2538 4055 2727 4095 eorum
2751 4039 2845 4110 qui
2870 4039 2924 4092 in
2952 4037 3088 4091 mari
3113 4044 3241 4090 sunt
3280 4035 3437 4102 longe
3463 4032 3530 4084 ".
3570 4048 3593 4082 ι

325 4221 427 4292 τὴν
468 4221 563 4275 τοῦ
597 4223 845 4294 Σωτῆρος
908 4223 1064 4294 ἡμῶν
1099 4223 1440 4292 θεοφάνειαν,
1471 4222 1590 4294 μεθ’
1636 4223 1702 4291 ῆν
1744 4223 1825 4284 είς
1860 4223 2038 4274 πᾶσαν
2077 4223 2174 4293 τὴν
2237 4221 2340 4291 γῆν
2403 4217 2628 4291 ἐξῆλθεν
2661 4219 2690 4272 6
2723 4216 2954 4287 φθόγγος
2987 4214 3097 4268 τῶν
3137 4210 3448 4268 ἀποστόλων
3502 4208 3600 4260 αύ-

324 4311 445 4375 τοῦ,
486 4315 579 4366 καὶ
620 4315 699 4376 είς
739 4313 806 4365 τά
838 4313 1049 4386 πέρατα
1079 4313 1178 4383 τῆς
1215 4313 1541 4385 οἰκουμένης
1577 4311 1652 4366 τὰ
1681 4313 1900 4383 ῥήματα
1938 4311 2136 4364 αὐτῶν.
2163 4312 2299 4382 Περὶ
2318 4309 2521 4363 τούτων
2546 4309 2603 4362 δὲ
2635 4309 2744 4361 τῶν
2770 4307 3020 4379 περάτων
3059 4304 3158 4373 τῆς
3202 4303 3302 4372 γῆς
3357 4299 3452 4353 καί⁵
3513 4296 3601 4386 διὰ

323 4407 433 4460 τῶν
459 4401 766 4475 ἔμπροσθεν
794 4385 1009 4472 ἐλέγετο
1034 4420 1047 4432 ·
1089 4424 1107 4454 ι
1161 4403 1495 4457 Ἑπάκουσον
1524 4401 1706 4474 ἡμῶν,
1737 4404 1765 4454 ὁ
1789 4399 1920 4463 Θεὸς
1958 4400 1986 4452 ό
2023 4400 2223 4472 Σωτὴρ
2267 4399 2446 4470 ἡμῶν,
2490 4401 2524 4469 ὴ
2590 4397 2744 4460 ἐλπὶς
2791 4395 3010 4448 πάντων
3037 4392 3145 4446 τῶν
3193 4391 3444 4460 περάτων
3501 4385 3601 4454 τῆς

322 4499 429 4567 γῆς
457 4498 551 4549 καὶ
578 4495 686 4548 τῶν
711 4497 766 4547 ἐν
811 4495 1054 4567 θαλάσσῃ
1087 4495 1324 4565 μακράν.
1793 4531 1798 4536 -

378 4589 488 4642 ΕΙΣ
512 4589 598 4642 T0
622 4588 840 4641 ΤΕΛΟΣ
865 4588 950 4659 Τῼ
972 4587 1169 4640 ΔΑΥΙΔ
1200 4585 1491 4639 ΨΑΛΜΟΣ
1521 4585 1696 4656 ῼΔΗΣ
1726 4583 1844 4637 ΞΖ’.

402 4723 420 4754 ι
469 4704 776 4774 Ἀναστήτω
821 4705 850 4756 6
895 4701 1060 4767 Θεὸς,
1095 4701 1186 4754 καὶ
1218 4699 1796 4771 διασκορπισθήτωσαν
1853 4699 1902 4750 οἱ

322 4797 512 4868 ἐχθροὶ
552 4796 738 4863 αὑτοῦ,
779 4795 872 4848 καὶ
903 4795 1224 4865 φυγέτωσαν
1268 4793 1374 4848 ἀπὸ
1412 4791 1702 4865 προσώπου
1738 4789 1902 4844 αὑτοῦ

318 4890 376 4943 οἱ
413 4887 694 4960 μισοῦντες
724 4889 902 4941 αὐτόν.
949 4907 967 4939 ›
1016 4888 1078 4941 Ol
1127 4886 1224 4959 μὲν
1257 4887 1362 4958 πρὸ
1405 4885 1498 4939 τοῦ
1545 4884 1681 4957 μετὰ
1719 4885 1904 4955 χεῖρας

319 4982 473 5054 τρεῖς
496 4980 690 5051 ἐφεξῆς
725 4980 822 5052 τὴν
848 4979 1038 5050 κλῆσιν
1059 4978 1168 5032 τῶν
1208 4978 1375 5032 ἐθνῶν
1409 4975 1755 5050 προεφώνουν
1779 4991 1794 5005 ο
1830 4968 1906 5028 ὧν

320 5079 351 5130 ὁ
379 5077 478 5147 μὲν
510 5074 578 5138 ξδ’
603 5095 619 5124 ι
652 5074 876 5146 Ψαλμὸς
899 5073 1043 5144 ᾠδῆς
1077 5091 1095 5123 ι
1127 5071 1507 5141 ἐπεγέγραπτο
1535 5089 1552 5120 ι
1577 5067 1667 5140 Τῷ
1687 5067 1866 5122 Δαυῖδ·
1885 5086 1903 5118 ι

321 5173 352 5223 ό
385 5168 430 5220 δ’
459 5167 722 5240 ἑπόμενος
755 5185 772 5217 ι
824 5166 945 5237 ᾩδὴ
988 5163 1233 5236 ψαλμοῦ·
1287 5183 1305 5215 ι
1337 5163 1365 5215 6
1413 5163 1468 5214 δὲ
1527 5161 1708 5234 τρίτος
1758 5178 1776 5210 ι
1822 5159 1909 5211 Ἐν

324 5259 517 5332 ῦμνοις
560 5259 770 5330 ψαλμὸς
817 5260 977 5330 ᾠδῆς.
1033 5277 1052 5310 ι
1112 5257 1348 5321 Εἰκότως
1396 5254 1681 5328 τοιγαροῦν
1733 5253 1828 5307 καὶ
1881 5255 1910 5306 6

327 5353 470 5425 μετά
502 5355 708 5424 χεῖρας.
741 5351 1090 5421 εὖαγγελικὸς
1116 5349 1191 5403 ῶν
1219 5351 1311 5403 καὶ
1338 5349 1518 5411 αὐτὸς,
1560 5348 1652 5400 καὶ
1687 5348 1747 5399 ού
1779 5346 1906 5418 περὶ

324 5449 428 5517 τῆς
472 5447 718 5519 κλήσεως
751 5447 856 5499 τῶν
896 5444 1064 5497 ἐθνῶν
1113 5443 1294 5514 μόνον,
1335 5440 1469 5495 ἀλλά
1510 5439 1604 5492 καὶ
1643 5439 1770 5510 περὶ
1810 5436 1904 5489 τοῦ

327 5538 583 5610 Σωτῆρος
610 5536 773 5591 αὑτοῦ
804 5534 1140 5609 προφητείαν
1172 5533 1460 5605 περιέχων,
1498 5549 1516 5583 ‹
1555 5532 1634 5594 είς
1664 5528 1725 5582 τὸ
1755 5527 1907 5592 τέλος

406 5695 608 5754 “Gen.
655 5711 692 5762 ι,
739 5697 829 5752 28.
905 5695 953 5728 "
981 5695 1122 5751 Psal.
1155 5711 1246 5760 cx,
1289 5694 1373 5749 10.

1481 5692 1526 5724 ⁸⁸
1548 5688 1695 5746 Psal.
1739 5702 1887 5751 utr,
1921 5685 1969 5740 6.

1931 4581 1978 4640 D
2007 4577 2051 4630 ,Ι
2090 4571 2154 4626 ΙΝ
2184 4568 2391 4625 FINEM
2415 4565 2666 4631 DAVlDl,
2711 4559 3033 4619 PSALMUS
3060 4559 3350 4616 CANTICI.
3387 4561 3596 4616 LXVII.

2083 4685 2248 4740 Vens.
2273 4683 2391 4737 2-4.
2412 4701 2430 4733 ι
2464 4681 2737 4750 Exsurgat
2755 4677 2918 4742 Deus,
2943 4688 2997 4732 et
3024 4676 3360 4746 dissipentur
3392 4676 3600 4732 inimici

2015 4781 2160 4851 ejus,
2193 4786 2248 4833 et
2277 4777 2487 4847 fugiant
2511 4775 2604 4844 qui
2632 4773 2860 4827 oderunt
2887 4787 3009 4826 eum
3032 4786 3062 4825 a
3084 4770 3222 4826 facie
3247 4771 3388 4840 ejus.
3415 4791 3434 4824 ›
3464 4772 3600 4826 Tres

2013 4873 2208 4944 psalmi
2240 4879 2365 4925 ante
2387 4879 2708 4940 praesentem
2727 4872 3128 4934 consequenter
3151 4863 3337 4932 positi,
3357 4864 3604 4940 vocatio-g

2015 4981 2135 5020 nem
2152 4964 2392 5036 gentium
2415 4961 2854 5033 praenuntiabant
2872 4976 2884 5011 :
2901 4957 3144 5026 equibus
3167 4971 3288 5009 LXIV
3307 4973 3325 5006 ι
3349 4953 3599 5010 Psalmus

2015 5061 2216 5114 cantici
2245 5058 2441 5128 Davidi
2473 5077 2493 5108 ι
2516 5056 2810 5125 inscriptus
2839 5060 2986 5117 erat;
3009 5065 3245 5120 sequens
3266 5066 3415 5114 vero,
3435 5048 3600 5103 «Can-

2013 5156 2176 5207 ticum
2198 5153 2391 5222 psalmi
2412 5170 2426 5212 ;
2465 5169 2482 5201 »
2501 5149 2696 5202 tertius
2716 5165 2734 5197 ι
2761 5145 2817 5200 In
2832 5144 3047 5216 hymnis
3061 5143 3305 5213 psalmus
3327 5139 3547 5195 cantici.
3575 5157 3592 5188 ι

2009 5246 2036 5302 J
2046 5264 2138 5301 ure
2153 5247 2332 5316 itaque
2351 5257 2591 5313 praesens
2612 5239 2854 5311 psalmus
2866 5251 2988 5291 cum
3001 5235 3346 5304 evangelicus
3364 5232 3489 5285 item
3504 5229 3596 5289 sit,

2014 5355 2075 5392 ac
2094 5353 2202 5391 non
2237 5335 2411 5390 solum
2427 5334 2493 5388 de
2510 5331 2792 5385 vocatione
2807 5329 3071 5399 gentium,
3104 5325 3198 5380 sed
3221 5325 3384 5378 etiam
3399 5321 3466 5374 de
3480 5319 3599 5386 ipso

2017 5430 2302 5485 Scrvatore
2333 5425 2668 5496 prophetiam
2687 5424 2984 5483 contineat,
3015 5438 3034 5470 ‹
3068 5418 3120 5470 in
3147 5418 3306 5469 ﬁnem
3333 5409 3544 5472 Davidi,
3571 5426 3598 5459 ι

2015 5538 2175 5596 atque
2214 5540 2231 5573 ε
2271 5521 2512 5592 psalmus
2554 5517 2810 5581 cantici,»
2849 5512 3074 5585 perinde
3137 5517 3301 5577 atque
3349 5500 3575 5572 superio
