4062 6208
506 214 612 270 679

1225 209 1494 266 EUSEB‘H
1532 207 2012 265 CESARIENSIS
2046 209 2196 265 OPP.
2239 211 2420 267 PARS
2453 213 2524 268 Il.
2558 243 2625 253 —
2665 212 3076 268 EXEGETIL‘A.

3639 215 3748 270 680

502 351 614 399 res,
640 333 935 404 inscriptus
953 339 1060 389 est.
1083 330 1185 386 Par
1199 338 1316 387 erat
1340 333 1485 385 enim
1502 346 1782 386 sermones
1808 331 2074 386 bonorum

2180 332 2253 402 τῷ
2279 333 2441 387 Δαυῖδ
2463 354 2480 384 ι
2507 333 2926 404 ἐπιγέγραπται,
2951 332 3046 387 καὶ
3070 349 3089 382 ι
3113 330 3322 401 ψαλμὸς
3348 330 3518 401 ᾠδῆς»
3549 333 3750 402 ὁμοίως

503 431 772 500 promissa
799 429 1218 498 complectentes
1244 466 1258 490 ,
1311 442 1422 480 non
1458 426 1620 480 modo
1674 426 1945 495 psalmos,
1979 425 2074 480 sed

503 538 614 578 una
643 522 881 592 psalmos
903 521 1124 584 cantici,
1148 527 1203 574 et
1227 519 1440 575 cantica
1464 519 1660 589 psalmi
1683 519 1888 583 vocari,
1915 527 2078 588 atque

509 633 529 667 ι
571 617 625 669 ii.
662 614 820 668 ﬁnem
853 633 871 665 ι
904 614 1210 678 remittere;
1243 612 1370 682 quia
1393 627 1456 666 ea
1487 627 1607 682 quae
1649 611 1707 666 in
1757 611 1954 665 borum
1982 626 2076 666 va-

503 708 710 763 ticiniis
748 706 1020 767 feruntur.
1047 705 1322 760 diuturnis
1345 713 1468 775 post
1498 704 1836 774 temporibus
1867 705 1922 758 in
1946 719 2078 758 con-

503 799 866 855 summatione
897 797 1081 853 saeculi
1111 795 1436 866 perﬁcienda
1484 802 1661 850 erant.
1719 793 1819 850 llic
1862 810 2078 864 quoque

503 889 746 959 psalmus
777 904 806 942 a
837 885 1043 958 Spiritu
1078 885 1398 956 prophetico
1435 899 1501 939 ex
1535 898 1768 953 persona
1793 885 2076 954 apostolo-

504 997 623 1035 rum
657 979 1042 1050 pronuntiatus
1071 985 1176 1032 est.
1213 976 1366 1030 Sicut
1403 991 1532 1046 ergo
1563 976 1615 1031 in
1648 976 2077 1046 praecedentibus

501 1074 752 1135 orabant,
786 1071 951 1126 Deum
977 1069 1080 1125 sibi
1112 1069 1176 1122 ad
1207 1055 1594 1137 ‘evangelicam
1633 1065 2075 1136 prasdicationem

502 1166 806 1235 adjutorem
833 1169 1125 1217 evocantes
1151 1178 1167 1227 ;
1200 1160 1386 1214 eodem
1413 1175 1629 1229 quoque
1661 1160 1823 1214 modo
1853 1159 1907 1212 in
1941 1175 2079 1229 pra:—

501 1257 647 1311 senti
683 1255 910 1309 ulterius
961 1250 1234 1324 progressi
1273 1251 1508 1305 dicunt:
1553 1270 1571 1301 ι
1616 1250 1942 1306 Benedictus
1974 1250 2079 1305 Do-

504 1348 685 1402 minus
723 1345 962 1416 quotidie
1000 1362 1015 1410 ;
1052 1358 1372 1413 prosperum
1418 1344 1520 1398 iter
1545 1341 1706 1398 faciet
1740 1344 1897 1399 nobis
1936 1343 2078 1398 Deus

501 1439 822 1495 salutarium
851 1447 1159 1491 nostrorum
1189 1454 1200 1488 :
1243 1454 1260 1486 ι
1287 1441 1340 1489 et
1359 1437 1554 1490 iterum
1584 1453 1596 1488 :
1628 1452 1646 1485 ι
1677 1433 2074 1501 Mauda,Deus,

508 1531 693 1584 virtuti
715 1539 840 1594 tuae,
871 1529 1132 1583 conﬁrma
1169 1530 1292 1592 boc,
1323 1526 1466 1580 Deus
1486 1565 1500 1589 ,
1551 1525 1696 1596 quod
1732 1537 1987 1596 operatus
2018 1542 2078 1581 es

506 1621 560 1675 in
597 1623 772 1676 nobis.
822 1640 840 1672 ι
897 1619 1060 1675 Vides
1117 1619 1261 1676 enim
1313 1616 1584 1688 quomodo
1637 1626 1961 1688 precentur,
2018 1627 2078 1672 ut

2175 427 2286 483 τοῖς
2319 426 2424 496 πρὸ
2466 425 2651 479 αὐτοῦ.
2685 425 2830 478 Ἔδει
2859 424 2968 496 γὰρ
3001 423 3126 486 τοὺς
3175 423 3282 476 τῶν
3311 422 3528 492 ἀγαθῶν
3576 427 3750 494 ἑπαγ-

2175 519 2454 586 γελτικοὺς
2499 519 2689 588 λόγους
2737 518 2811 590 μὴ
2849 518 3007 589 μόνον
3041 516 3306 586 ψαλμρὺς,
3347 515 3459 568 ἀλλ’
3487 517 3621 587 ὁμοῦ
3655 520 3750 572 καὶ

2177 607 2316 660 κατὰ
2346 606 2404 660 τὸ
2431 607 2559 660 αὐτὸ
2587 607 2836 678 ψαλμοὺς
2864 606 3016 678 ᾠδῶν
3060 608 3153 660 καὶ⁵
3194 606 3338 677 ᾠδὰς
3367 605 3597 678 ψαλμῶν
3632 609 3752 662 όνο-

2181 697 2444 769 μάζεσθαι
2463 699 2556 752 καὶ
2577 719 2594 749 ι
2618 701 2695 762 εἰς
2735 698 2796 752 τὸ
2826 698 2975 763 τέλος
2998 719 3016 752 ι
3041 699 3409 768 ἀναπέμπειν·
3445 698 3520 761 ὼς
3556 697 3622 752 ἂν
3647 717 3752 770 μα-

2177 793 2327 863 κροῖς
2366 789 2588 860 ὕστερον
2614 790 2826 861 χρόνοις
2856 792 2947 843 ἐπὶ
2981 789 3257 859 συντελείᾳ
3281 789 3376 842 τοῦ
3404 790 3597 854 αἰῶνος
3623 791 3751 861 μελ-

2177 882 2374 934 λόντων
2404 879 2739 952 πληροῦσθαι
2759 879 2868 934 τῶν
2897 881 2953 932 ἐν
2979 881 3160 942 αύτοῖς
3193 878 3618 950 θεσπιζομένων.
3644 881 3748 933 Λέ-

2178 974 2364 1027 λεκται
2392 973 2448 1026 δὲ
2484 974 2576 1026 καὶ
2613 973 2772 1038 αὐτὸς
2811 975 2913 1027 ὑπὸ
2949 973 3042 1026 τοῦ
3071 973 3407 1044 προφητικώ
3434 974 3747 1043 Πνεύματος

2177 1069 2241 1121 ὲκ
2291 1068 2581 1141 προσώπου
2627 1068 2735 1122 τῶν
2781 1067 3112 1122 ἀποστόλων.
3145 1068 3355 1138 Ὥσπερ
3382 1063 3474 1121 οὖν
3511 1067 3601 1121 διά
3640 1067 3747 1120 τῶν

2177 1162 2484 1234 ἔμπροσθεν
2535 1160 2832 1232 έπηύχοντο
2888 1162 3098 1222 ἑαυτοῖς
3149 1160 3574 1230 ἀνακαλούμενοι
3617 1160 3748 1212 Θεὸν

2180 1254 2437 1326 συνεργὸν
2462 1255 2541 1317 εἰς
2565 1253 2626 1306 τὸ
2649 1252 2995 1322 εύαγγελικὸν
3027 1253 3308 1323 κήρυγμα,
3335 1252 3426 1305 τὸν
3452 1251 3611 1306 αὑτὸν
3633 1252 3750 1324 τρό-

2177 1364 2275 1399 πον
2303 1347 2396 1400 καὶ
2421 1346 2478 1398 ὲν
2509 1348 2620 1408 τοῖς
2650 1344 3029 1416 προκειμένοις
3053 1346 3100 1397 οἱ
3133 1345 3285 1397 αὐτοὶ
3319 1344 3610 1415 προϊόντες,
3643 1363 3748 1414 φατ-

2179 1440 2290 1492 σίνο
2324 1458 2342 1490 ι
2367 1437 2668 1508 Εὐλογητὸς
2705 1435 2906 1508 Κύριος
2939 1435 3148 1506 ἡμέραν
3175 1435 3294 1488 καθ’
3325 1435 3530 1506 ἡμέραν
3551 1452 3566 1464 ’
3603 1452 3743 1488 κατ-

2176 1529 2424 1584 ευοδώσει
2457 1531 2586 1600 ἡμῖν
2633 1531 2661 1582 6
2715 1530 2846 1592 Θεὸς
2889 1527 2996 1580 τῶν
3049 1526 3328 1598 σωτηρίων
3369 1529 3400 1596 ἡ
3411 1525 3522 1596 μῶν
3543 1545 3554 1556 ·
3589 1545 3607 1577 ι
3647 1528 3745 1579 xui

2179 1621 2336 1677 πάλιν
2357 1639 2369 1651 °
2402 1641 2420 1673 ι
2460 1620 2752 1684 Ἔντειλαι,
2782 1622 2810 1672 6
2835 1619 2985 1683 Θεὸς,
3024 1620 3123 1690 τὴν
3152 1617 3380 1688 δύναμίν
3422 1635 3512 1671 σου
3537 1635 3549 1648 ο
3589 1618 3746 1670 δυνά-

505 1714 648 1771 Deus
672 1716 773 1771 sibi
799 1730 1116 1785 prosperum
1147 1717 1249 1770 iter
1274 1722 1449 1783 paret,
1475 1727 1643 1782 seque
1687 1711 1990 1778 conﬁrmet,
2017 1723 2078 1767 ut

2183 1731 2379 1785 μωσον,
2419 1715 2447 1766 6
2491 1711 2642 1776 Θεὸς,
2678 1713 2833 1765 τοῦτο
2876 1711 2905 1764 ὂ
2944 1689 3288 1781 κατειργάσω
3330 1713 3480 1781 ἡμῖν.
3521 1730 3538 1761 ι
3586 1712 3745 1782 Ὁρᾷς

506 1807 781 1878 Evangelii
809 1823 1030 1862 cursum
1080 1808 1198 1861 sine
1229 1807 1386 1861 obice
1435 1804 1737 1875 perﬁciant.
1790 1804 2080 1876 Evangeli~

503 1901 783 1954 camitem
814 1898 1250 1969 praedicationem
1300 1904 1484 1966 aperte
1530 1904 1838 1951 memorant
1890 1898 2080 1954 dicen-

504 2002 625 2049 tes:
661 2011 679 2044 ι
715 1991 977 2045 Dominus
1011 1989 1159 2043 dabit
1181 1989 1405 2043 verbum
1452 1987 1951 2058 evangelizantibus
1976 1991 2081 2043 vir-

509 2093 626 2140 tute
655 2085 843 2138 multa.
880 2102 899 2133 ι
939 2081 1051 2135 lmo
1075 2081 1403 2151 quibusnam
1434 2081 1786 2153 Evangelium
1818 2081 2081 2150 praedica-

505 2177 616 2232 turi
639 2183 822 2230 essent
843 2173 1213 2228 vaticinantur
1241 2173 1326 2228 his
1354 2173 1535 2230 verbis
1563 2191 1576 2228 :
1607 2191 1625 2224 ι
1661 2171 1890 2227 Venient
1921 2173 2080 2242 legati

504 2282 574 2322 ex
610 2265 865 2336 IEgypto,
891 2263 1168 2334 Ethiopia
1194 2265 1432 2335 porriget
1455 2280 1674 2318 manum
1707 2280 1862 2320 suam
1899 2263 2028 2319 Deo.
2056 2283 2076 2317 ι

506 2359 665 2413 Clare
700 2358 844 2412 enim
880 2357 1031 2412 hisce
1064 2356 1244 2412 verbis
1279 2355 1551 2427 Algyptiis
1587 2355 1938 2427 Evangelium
1983 2373 2082 2410 an-

508 2451 798 2512 nuntiant,
851 2449 1170 2503 idololatras
1233 2448 1678 2503 subindicantes:
1728 2464 1795 2503 ex
1849 2449 2081 2519 Egypto

509 2557 742 2612 namque
767 2539 1077 2595 idololatria
1100 2548 1280 2593 ortum
1299 2541 1529 2609 accepit.
1547 2539 1853 2605 Quinetiam
1868 2539 2081 2592 {Ethio-

505 2635 650 2704 piain
680 2632 788 2686 Deo
815 2646 1032 2686 manum
1064 2631 1339 2703 porrigere
1383 2646 1539 2686 suam
1583 2631 1806 2693 dicunt,
1840 2638 2078 2685 extrema

506 2737 665 2783 terra:
693 2725 1084 2796 signiﬁcantes.
1117 2723 1322 2780 Deinde
1353 2738 1480 2778 vero
1512 2723 1696 2778 omnia
1726 2737 1894 2793 regna
1921 2731 2081 2776 terra:

505 2817 792 2874 confertim
826 2817 1110 2879 advocant,
1159 2816 1370 2885 hocque
1422 2815 1529 2868 ritu
1562 2815 1847 2870 universas
1896 2821 2082 2885 gentes

507 2912 834 2982 signiﬁcant.
867 2910 936 2965 Ut
977 2919 1156 2965 autem
1199 2925 1263 2964 ea
1292 2925 1414 2980 quae
1456 2910 1512 2963 in
1541 2909 1799 2962 vaticinio
1827 2908 2079 2962 fereban-

2180 1805 2287 1876 γὰρ
2314 1805 2462 1868 ὅπως
2495 1804 2925 1873 κατευοδωθῆναι
2954 1802 3058 1857 ὑπὸ
3087 1802 3179 1854 τοῦ
3211 1801 3344 1855 Θεοῦ
3380 1805 3471 1856 καὶ
3497 1803 3746 1874 δυναμω-

2181 1897 2336 1968 θῆναι
2375 1899 2456 1960 εἰς
2485 1897 2544 1949 τὸ
2584 1895 2876 1958 ἀκωλύτως
2905 1894 2996 1947 τὸν
3039 1894 3236 1966 δρόμον
3279 1894 3372 1947 τοῦ
3416 1895 3746 1962 Εὑαγγελὶου

2178 1989 2456 2042 τελειῶσαι
2499 1987 2765 2059 εὔχονται.
2817 1987 3138 2057 Μέμνηνται
3182 1986 3239 2039 δὲ
3283 1986 3470 2056 σαφῶς
3513 1989 3607 2039 καὶ
3652 1986 3746 2039 τοῦ

2181 2081 2532 2151 εὑαγγελικοῦ
2575 2078 2928 2150 κηρύγματος
2959 2078 3251 2147 ολέγοντεςο
3302 2097 3320 2130 ι
3349 2077 3551 2151 Κύριος
3588 2079 3747 2132 δώσει

2185 2175 2332 2246 ῥῆμα
2368 2176 2480 2236 τοῖς
2520 2170 3021 2242 εὐαγγελιζομένοις
3047 2171 3273 2242 δυνάμει
3307 2170 3514 2243 πολλῇ’
3554 2191 3572 2223 ι
3615 2171 3747 2226 ἀλλὰ

2181 2267 2275 2319 καὶ
2300 2264 2438 2318 τίσιν
2469 2263 2696 2335 ἤμελλον
2722 2262 3007 2336 κηρύττειν
3030 2263 3089 2316 τὸ
3115 2264 3445 2333 Εὐαγγέλιον
3467 2263 3748 2328 θεσπίζου-

2184 2374 2266 2409 σιν
2293 2357 2348 2410 ἐν
2381 2351 2460 2419 οἷς
2501 2373 2696 2425 φασιν·
2737 2375 2754 2407 ι
2795 2353 3020 2419 Ἦξουσι
3049 2355 3305 2427 πρέσϐεις
3347 2356 3405 2419 ἐξ
3436 2355 3746 2423 Αἰγύπτου·

2181 2447 2434 2501 Αἰθιοπία
2474 2447 2776 2518 προφθάσει
2803 2449 2961 2518 χεῖρα
3001 2449 3170 2517 αὐτῆς
3195 2448 3272 2518 τῷ
3313 2447 3451 2518 Θεῷ.
3491 2467 3508 2499 ι
3558 2448 3750 2517 Σαφῶς

2182 2541 2288 2612 γὰρ
2314 2540 2402 2594 διὰ
2445 2539 2648 2594 τούτων
2690 2541 2967 2607 Αἴγυπτον
2999 2539 3461 2607 εὐαγγελίζονται,
3509 2541 3636 2604 τοὺς
3669 2543 3748 2594 εί-

2180 2633 2518 2704 δωλολάτρας
2550 2632 2946 2702 αἰνιττόμενοι·
2984 2632 3105 2684 ἐπεὶ
3143 2631 3201 2698 ἐξ
3237 2633 3510 2700 Αἰγύπτου
3551 2634 3751 2704 κατήρ-

2183 2725 2309 2790 ξατο
2344 2728 2376 2798 ἡ
2408 2725 2833 2798 εἰδωλολατρεία.
2872 2723 3028 2776 Ἀλλά
3058 2725 3149 2778 καὶ
3167 2725 3263 2796 τὴν
3303 2726 3583 2779 Αἰθιοπίαν
3618 2744 3751 2798 προ-

2183 2818 2383 2886 φθάσαι
2425 2822 2580 2891 χεῖρα
2621 2818 2788 2886 αὐτῆς
2830 2817 2907 2887 τῷ
2934 2808 3070 2887 Θεῷ
3113 2835 3262 2886 φασι,
3312 2818 3380 2870 τά
3420 2817 3622 2888 ἔσχατα
3649 2819 3750 2888 τῆς

2181 2907 2499 2978 οἰκουμένης
2539 2907 2841 2979 δηλοῦντες.
2886 2906 2998 2962 Εἶθ’
3040 2909 3166 2979 ἑξῆς
3201 2908 3298 2972 τὰς
3337 2908 3611 2978 βασιλείας
3651 2911 3750 2980 τῆς

505 3011 619 3068 tur,
651 3019 798 3058 nunc
823 3003 1042 3057 tandem
1076 3016 1239 3072 Opere
1258 3000 1666 3068 perﬁcerentur,
1688 3001 1744 3053 in
1776 3001 1895 3070 ipso
1927 3001 2076 3069 priu-

2183 2998 2283 3068 γῆς
2314 2998 2491 3063 πάσας
2533 2999 2743 3070 ἀθρόως
2773 3001 3119 3069 συγκαλοῦσι,
3158 3001 3265 3054 τῶν
3293 3001 3462 3056 ἐθνῶν
3497 3002 3751 3055 ἁπάντων

506 3097 652 3168 cipio
681 3095 917 3167 Spiritus
947 3104 1171 3151 sanctus
1213 3109 1308 3164 per
1359 3093 1611 3149 Davidcm
1651 3109 1839 3164 preces
1882 3095 2081 3148 emittit

506 3187 730 3244 dicens:
754 3207 772 3240 ι
803 3187 1071 3259 Exsurgat
1092 3187 1235 3244 Deus
1256 3194 1310 3242 et
1331 3187 1665 3256 dissipentur
1681 3185 1887 3240 inimici
1904 3187 2040 3256 ejus.
2058 3208 2076 3238 ι

507 3279 802 3350 Pergraves
825 3280 966 3334 enim
994 3279 1197 3333 inimici
1221 3277 1312 3332 Dei
1333 3277 1446 3346 jam
1473 3277 1602 3331 olim
1632 3277 1688 3331 in
1717 3291 1908 3332 omnes
1925 3287 2082 3332 terrae

507 3373 840 3428 habitatores
863 3373 1205 3444 tyrannidem
1243 3371 1590 3437 exercebant,
1625 3370 1846 3440 maligni
1893 3369 2083 3424 videli-

505 3475 593 3520 cet
622 3464 895 3520 daamones
919 3503 935 3529 ,
977 3466 1069 3534 qui
1114 3461 1474 3532 multiplicum
1521 3460 1805 3514 numinum
1840 3475 2080 3515 errorem

506 3557 563 3612 in
597 3560 910 3613 universum
943 3558 1128 3612 orbem
1176 3555 1523 3610 induxerant.
1554 3553 1723 3608 Nemo
1761 3568 1924 3622 porro
1964 3562 2082 3606 erat

506 3650 600 3719 qui
633 3649 770 3703 mala
795 3649 1144 3719 propelleret,
1187 3662 1298 3701 non
1330 3647 1416 3705 vi:
1461 3646 1700 3715 sapiens,
1738 3661 1844 3700 non
1872 3645 2078 3713 justus,

508 3757 616 3795 non
646 3741 926 3810 propheta,
951 3741 1060 3794 imo
1094 3755 1196 3795 nec
1228 3739 1500 3810 quispiam
1533 3754 1599 3794 ex
1627 3738 1836 3808 angelis
1872 3746 1925 3792 et
1954 3753 2082 3792 san-

508 3833 614 3887 ctis
643 3833 950 3903 spiritibus,
986 3833 1102 3887 sive
1128 3848 1195 3886 ex
1227 3831 1546 3886 coelestibus
1578 3830 1886 3899 divinisque
1909 3829 2080 3882 virtu-

510 3927 678 3980 tibus.
739 3925 1081 3994 Quapropter
1110 3924 1275 3979 Deum
1307 3931 1462 3995 rogat
1513 3935 1570 3977 ut
1617 3931 1898 3994 exsurgat,
1930 3931 1984 3977 et
2015 3938 2081 3978 ex

509 4017 661 4086 regio
691 4017 886 4070 throno
937 4032 1038 4072 suo
1082 4019 1368 4071 excitetur.
1424 4014 1558 4068 Nam
1605 4016 1697 4071 Dei
1743 4016 2080 4086 providentia

511 4115 645 4164 tunc
681 4123 920 4171 cessare,
956 4123 1150 4161 vacare
1182 4114 1237 4160 et
1261 4122 1358 4161 ceu
1383 4107 1665 4176 quiescere
1697 4106 1918 4167 dicitur,
1957 4122 2079 4160 cum

510 4217 575 4258 ex
605 4201 812 4256 divitiis
838 4199 1118 4261 bonitatis,
1165 4207 1220 4253 et
1249 4213 1316 4253 ex
1358 4197 1618 4268 patientia
1649 4197 2080 4267 longanimitateo

511 4310 617 4365 que
643 4309 741 4349 sua
772 4301 1062 4363 peccantes
1082 4298 1136 4346 et
1163 4305 1290 4361 erga
1319 4305 1377 4345 se
1406 4290 1568 4360 impie
1599 4296 1821 4358 agentes
1854 4289 2078 4354 tolerat;

2180 3089 2366 3143 τοῦτον
2400 3091 2810 3162 σημαινομένων
2840 3093 2928 3146 τὸν
2955 3095 3172 3166 τρόπον.
3209 3096 3326 3149 Ἵνα
3351 3095 3408 3148 δὲ
3439 3095 3505 3148 τά
3531 3094 3618 3148 διὰ
3641 3095 3750 3148 τῶν

2180 3180 2350 3246 λόγων
2394 3184 2838 3256 προφητευόμενα
2878 3185 2978 3257 ἢδη
3021 3188 3151 3240 ποτὲ
3184 3167 3290 3240 ’καὶ
3333 3188 3398 3240 δι’
3432 3188 3603 3258 έργων
3643 3207 3749 3258 χω-

2183 3275 2343 3347 ρήσῃ,
2374 3274 2671 3345 ἀρχόμενον
2704 3277 2764 3329 τὸ
2795 3277 3017 3348 Πνεῦμα
3046 3279 3106 3332 τὸ
3145 3282 3500 3350 προφητικὸν,
3529 3281 3616 3333 δια
3651 3280 3748 3334 τοῦ

2181 3365 2341 3418 Δαυῒδ
2365 3367 2527 3437 εὐχὴν
2556 3369 3036 3440 ἀναπέμπει).έγον
3061 3389 3072 3401 ·
3099 3391 3117 3422 ι
3149 3374 3454 3444 Ἀναστήτω
3473 3375 3501 3426 6
3522 3373 3748 3444 Κύριος,

2181 3459 2273 3511 καὶ
2291 3459 2862 3531 διασκορπισθήτωσαν
2883 3463 2932 3514 οἰ
2961 3463 3144 3534 ἐχθροὶ
3176 3462 3362 3518 αὐτοῦ.
3405 3484 3422 3515 ι
3448 3465 3619 3517 Δεινοὶ
3640 3464 3752 3536 γάρ

2181 3551 2363 3623 ἐχθροὶ
2397 3551 2492 3605 τοῦ
2522 3551 2655 3604 Θεοῦ
2687 3554 3114 3624 κατετυράννουν
3151 3554 3316 3608 πάλαι
3349 3555 3608 3627 πρότερον
3638 3557 3750 3608 τῶν

2181 3645 2272 3695 ἐπὶ
2292 3643 2392 3713 γῆς
2407 3643 2679 3708 ἀπάντων,
2703 3645 2751 3696 οἱ
2768 3644 2863 3715 τὴν
2882 3645 3136 3698 πολύθεον
3154 3647 3357 3718 πλάνην
3373 3645 3492 3699 καθ’
3506 3647 3636 3716 ὅλης
3647 3649 3751 3719 τῆς

2180 3733 2499 3805 οἰκουμένης
2541 3737 2936 3806 συστησάμενοι
2989 3738 3214 3809 πονηροὶ
3250 3737 3510 3808 δαίμονες.
3555 3739 3747 3803 οὐδείς

2181 3843 2240 3878 τε
2274 3821 2338 3899 ἦν
2366 3826 2656 3898 ὲπαμύνων
2687 3831 2797 3892 τοῖς
2831 3832 3038 3892 κακοῖς,
3089 3830 3149 3882 ού
3197 3832 3351 3900 σοφὸς
3381 3830 3538 3903 ἀνὴρ,
3569 3830 3631 3884 ού
3665 3831 3748 3883 δί-

2182 3935 2353 3984 καιος,
2401 3919 2460 3972 ού
2495 3921 2797 3992 προφήτης·
2843 3921 2955 3974 ἀλλ’
2986 3921 3104 3975 οὐδὲ
3148 3922 3388 3991 ἀγγέλων
3418 3940 3498 3986 τις
3524 3922 3559 3993 ἢ
3588 3941 3770 3978 πνευ-.

2183 4009 2366 4078 μάτων
2405 4010 2596 4078 ἁγίων,
2633 4011 2665 4082 ἢ
2700 4011 2807 4064 τῶν
2841 4014 2960 4064 κατ’
2994 4012 3222 4083 οὐρανὸν
3255 4013 3414 4066 θείων
3445 4013 3749 4084 δυνάμεων.

2181 4101 2271 4154 Διὸ
2299 4101 2360 4172 δὴ
2391 4103 2551 4156 αὑτὸν
2579 4103 2872 4173 ἀναστῆναι
2905 4103 2995 4157 τὸν
3031 4103 3183 4168 Θεὸν,
3224 4106 3317 4158 καὶ
3349 4104 3441 4158 τοῦ
3475 4105 3752 4174 βασιλικοῦ

2179 4192 2519 4263 διεγερθῆναι
2572 4193 2761 4265 θρόνου
2822 4195 3146 4266 παρακαλεῖ.
3205 4197 3458 4268 Ἦρεμεῖν
3515 4199 3611 4267 μὲν
3661 4200 3754 4252 καὶ

2181 4285 2468 4356 ἡσυχάζειν
2497 4288 2590 4342 καὶ⁵
2619 4287 2806 4359 ὥσπερ
2836 4289 3257 4350 διαναπαύεσθαι
3283 4291 3350 4344 τὰ
3376 4293 3474 4362 τῆς
3499 4292 3594 4346 τοῦ
3619 4293 3753 4347 Θεοῦ

512 4384 718 4439 moveri
759 4390 939 4437 autem
971 4389 1024 4435 et
1057 4381 1283 4436 excitari
1330 4380 1550 4442 dicitur,
1595 4394 1718 4434 cum
1763 4387 2073 4449 peccatores

2180 4379 2426 4449 προνοίας
2459 4379 2692 4448 λέγεται,
2730 4383 2948 4436 ἐπειδὰν
2979 4382 3056 4452 τῷ
3085 4383 3296 4454 πλούτῳ
3328 4385 3424 4454 τῆς
3457 4385 3752 4456 χρηστότη-

511 4492 800 4546 aggressus
830 4474 1128 4529 ulciscitur.
1176 4471 1246 4527 Ut
1279 4473 1445 4544 igitur
1476 4471 1758 4527 memorati
1793 4471 1980 4525 hostes
2015 4471 2074 4523 li-

514 4583 634 4620 nem
673 4567 914 4621 facerent
943 4565 1260 4620 dominandi
1290 4564 1636 4630 hominibus,
1667 4563 1776 4618 Deo
1809 4563 2077 4634 supplicat

517 4663 576 4708 ut
601 4665 859 4726 exsurgat
903 4671 1134 4725 seseque
1162 4655 1400 4708 concitet
1433 4653 1500 4708 ad
1551 4654 1838 4717 ultionem,
1892 4659 1950 4707 ut
1983 4651 2075 4722 qui

516 4746 645 4800 olim
673 4748 727 4800 in
761 4763 928 4800 unum
971 4747 1284 4816 congregati
1333 4753 1511 4805 erant,
1542 4753 1596 4800 et
1626 4745 1926 4816 improbam
1961 4760 2078 4797 mu-

515 4842 613 4891 tuo
641 4836 990 4892 concordiam
1026 4839 1281 4901 inierant,
1313 4853 1432 4892 eam
1466 4836 1674 4892 scilicet
1701 4852 1821 4908 qum
1849 4835 2078 4890 diaboli-

519 4940 640 4978 cam
679 4925 1040 4980 idololatriam
1076 4927 1390 4995 spectabat,
1443 4925 1839 4995 dissiparentur
1889 4929 2078 4996 procul

519 5017 773 5087 dispersi.
828 5016 869 5070 li
915 5034 1042 5073 vero
1093 5019 1297 5072 inimici
1333 5017 1426 5071 Dei
1465 5026 1640 5079 erant.
1693 5033 1926 5088 eumque
1953 5019 2075 5075 ode-

522 5114 664 5168 rant,
695 5111 787 5177 qui
817 5122 995 5162 aerem
1022 5118 1176 5162 terra:
1198 5110 1524 5164 eminentem
1559 5110 1857 5178 replebant,
1899 5119 1953 5165 et
1981 5111 2080 5164 im-

520 5199 848 5269 probitatem
883 5201 1027 5255 illam
1059 5203 1376 5272 multiplicis
1397 5203 1600 5258 erroris
1623 5202 1899 5267 fovebant,
1931 5205 2079 5274 impii

524 5306 717 5362 nempe
745 5290 966 5360 quidam
999 5299 1054 5346 et
1078 5293 1222 5346 atbei
1255 5293 1546 5348 daemones.
1580 5294 1681 5359 Qui
1707 5293 1816 5349 Deo
1840 5296 1923 5349 vel
1957 5303 2080 5349 tan-

524 5387 638 5432 tum
669 5390 1044 5436 commovente
1073 5397 1149 5444 se,
1183 5391 1234 5436 et
1260 5382 1324 5436 ad
1346 5381 1646 5438 facinorum
1675 5385 1928 5439 ultionem
1963 5401 2083 5440 sese

522 5471 813 5537 excitante,
836 5475 1012 5541 primo
1042 5474 1254 5543 quidem
1284 5473 1533 5543 dissipati
1553 5483 1606 5529 et
1631 5477 1720 5529 alii
1744 5477 1929 5545 procul
1961 5477 2082 5530 aliis

524 5559 776 5628 dispersi,
808 5563 1002 5618 deinde
1031 5563 1084 5617 in
1106 5562 1284 5634 fugam
1310 5565 1450 5618 versi
1477 5573 1637 5629 sunt,
1672 5581 1734 5620 ac
1757 5575 1944 5636 postea
1975 5569 2082 5621 sic-

529 5657 585 5701 ut
613 5651 796 5706 deﬁcit
833 5653 1015 5710 fumus
1045 5654 1392 5720 defecerunt,
1417 5662 1471 5710 et
1505 5656 1650 5712 sicut
1677 5657 1930 5716 liuuescit
1957 5675 2080 5715 cera

2175 4489 2263 4534 τος
2289 4471 2452 4524 αὐτοῦ
2483 4474 2573 4525 καὶ
2607 4477 2672 4544 τῇ
2711 4475 3059 4546 μακροθυμίᾳ
3091 4477 3232 4548 φέρῃ
3264 4478 3389 4539 τοὺς
3413 4477 3751 4547 ἁμαρτάνον-

2174 4579 2270 4625 τας
2316 4563 2408 4615 καὶ
2449 4566 2527 4626 είς
2557 4565 2715 4617 αὐτὸν
2743 4566 3090 4631 ἀσεϐοῦνταςο
3128 4568 3188 4620 τὸ
3239 4568 3294 4621 δὲ
3345 4569 3608 4622 κινεῖσθαι
3661 4570 3752 4623 καὶ

2174 4652 2564 4719 διανίστασθαι,
2609 4657 2824 4710 ὲπειδάν
2862 4657 2961 4720 τὰς
3018 4658 3322 4729 ὲκδικήσεις
3350 4659 3572 4729 ποιῆσαι
3595 4659 3750 4722 ἐπεξ-

2179 4742 2272 4796 ιὼν
2317 4745 2426 4806 τοῖς
2462 4745 2883 4815 ἁμαρτάνουσιν.
2938 4749 3034 4802 "Iv‘
3067 4744 3157 4801 οὖν
3194 4748 3294 4819 ἤδη
3327 4748 3455 4801 ποτε
3505 4748 3753 4800 παύσωνο

2175 4852 2264 4888 ται
2310 4837 2427 4899 ταῖς
2458 4837 2597 4890 κατὰ
2638 4839 2746 4891 τῶν
2795 4839 3094 4912 ἀνθρώπων
3147 4841 3484 4904 δυναστείαις
3527 4841 3576 4893 oi
3622 4856 3750 4910 προ-

2177 4928 2452 4998 λεχθέντες
2485 4931 2690 5002 ἐχθροὶ,
2725 4933 3072 5004 διαναστῆναι
3111 4935 3200 4987 τὸν
3249 4934 3379 4987 Θεὸν
3428 4933 3522 4986 καὶ
3562 4932 3741 4998 διεγεῖ-

2180 5037 2268 5092 ραι
2315 5020 2504 5075 ἑαυτὸν
2553 5023 2633 5086 εἰς
2683 5024 2956 5096 ἐκδίκησιν
2997 5025 3248 5090 ἱκετεύει,
3287 5027 3433 5088 ὅπως
3488 5027 3537 5077 οἱ
3586 5023 3752 5075 πάλαι

2179 5111 2321 5164 κατὰ
2345 5112 2405 5164 τὸ
2429 5113 2561 5166 αύτὸ
2593 5115 2914 5186 συνηγμένοι
2943 5118 3034 5170 καὶ
3059 5116 3232 5189 κακὴν
3266 5117 3582 5186 συμφωνίαν
3617 5111 3752 5185 πρὸς

2181 5201 2437 5271 ἀλλήλους
2492 5201 2740 5274 θέμενοι,
2811 5207 2908 5277 τὴν
2958 5207 3055 5277 τῆς
3106 5207 3423 5278 δαιμονικῆς
3471 5204 3739 5259 εἰδωλολα·

2179 5292 2364 5362 τρείας
2388 5334 2402 5358 ,
2444 5293 2865 5350 διασκεδασθῶσι
2922 5298 3138 5369 μακρὰν
3175 5299 3414 5370 ἀλλήλων
3449 5298 3756 5366 γενόμενοι.

2196 5384 2405 5454 Ἑχθροὶ
2434 5384 2490 5438 δὲ
2538 5387 2631 5439 τοῦ
2685 5388 2819 5441 Θεοῦ
2866 5393 2959 5442 καὶ
2989 5390 3270 5460 μισοῦντες
3318 5391 3478 5444 αὑτὸν
3505 5385 3673 5460 ἦσαν,
3707 5388 3758 5439 οὗ

2182 5477 2269 5528 τὸν
2304 5478 2442 5548 ὑπὲρ
2492 5479 2593 5548 γῆς
2629 5480 2764 5552 ἀέρα
2811 5482 3143 5552 πληροῦντες
3189 5483 3282 5536 καὶ
3314 5484 3410 5554 τὴν
3445 5484 3502 5535 ἐν
3547 5480 3738 5552 ἀνθρώ

2184 5585 2303 5632 ποις
2333 5571 2639 5642 πολυπλανῆ
2681 5574 2878 5627 κακίαν
2921 5575 3266 5644 ἐνεργοῦντες
3309 5575 3586 5637 δυσσεϐεῖς
3609 5590 3758 5626 τινες

2186 5663 2277 5714 καὶ
2320 5662 2467 5718 ἀθεοι
2508 5664 2774 5736 δαίμονες·
2811 5667 2880 5730 οἳ,
2921 5667 3228 5738 κινηθέντος
3257 5669 3421 5722 αὐτοῦ
3473 5669 3631 5739 μόνον
3662 5663 3755 5718 τοῖ
