4062 6208
346 747 356 848 1

374 236 470 295 681

1492 229 1997 289 COMMENTABIA
2034 230 2103 287 IN
2138 227 2484 286 I‘SALMOS.

3524 231 3639 287 682

372 354 530 423 Θεοῦ,
560 356 658 413 καὶ
682 357 775 411 ἐπὶ
804 357 905 428 τὴν
940 356 1048 411 τῶν
1084 354 1474 429 πραττομένων
1528 354 1806 426 ἐκδίκησιν
1831 355 1952 409 ἐαυ-

2059 368 2091 409 a
2122 351 2264 408 facie
2292 351 2454 422 ignis,
2499 349 2583 406 sic
2613 357 2668 405 et
2710 350 2789 406 illi
2835 350 3066 421 perituri
3104 360 3303 413 «erant,
3348 352 3638 420 Quomodo

372 450 463 503 τὸν
496 448 882 522 διεγείραντος,
925 447 1141 521 πριῖιτον
1185 447 1284 518 μὲν
1320 447 1704 518 ἐσκορπίζοντο
1738 445 1958 517 μακρὰν

373 541 619 613 ἀλλήλων
660 539 1189 610 διαπεδαννὺμενοι,
1239 534 1335 592 εἴτ’
1384 536 1624 609 ἐχρῶντο
1657 539 1823 607 φυγῇ·
1845 538 1959 590 ,καὶ

377 633 517 702 μετὰ
561 630 733 686 ταῦτα
787 630 862 694 ὡς
915 629 1157 683 ἐκλείπει
1198 629 1405 692 καπνὸς
1442 627 1705 694 ἐξέλιπον,
1739 627 1836 681 καὶ
1881 626 1960 690 ὡς

372 727 601 796 τήκεται
625 721 790 795 κηρὸς
821 721 930 775 ἀπὸ
960 719 1252 792 προσώπου
1297 719 1485 790 πυρὸς,
1517 717 1693 781 οὕτως
1725 716 1959 789 ἤμελλον

375 815 731 870 ἀπόλλυσθαι.
779 815 1008 885 Νοήσεις
1059 812 1117 866 δὲ
1164 813 1316 876 ὅπως
1351 812 1429 875 ὼς
1469 810 1710 864 ἐκλείπει
1754 808 1961 872 καπνὸς

375 907 622 973 ἐξέλιπον
650 910 699 961 οἱ
721 907 901 978 ἐχθροὶ
930 904 1118 966 αὑτοῦ,
1154 904 1453 975 ἐπιστήσας
1499 902 1576 971 ὡς
1615 901 1678 954 τὸ
1711 900 1812 971 μὲν
1853 917 1958 954 πα-

374 1000 523 1056 λαιὸν
574 999 1100 1072 μετεσχηματίζοντο
1141 999 1223 1062 εὶς
1271 995 1539 1065 ἀγγέλους
1572 992 1768 1063 φωτὸς,
1795 992 1957 1055 αὐτὸς

372 1092 431 1146 δὲ
458 1095 487 1146 6
512 1091 755 1157 διάϐολος
801 1092 894 1145 καὶ
939 1092 986 1145 oi
1030 1089 1263 1144 διάκονοι
1286 1086 1451 1141 αὑτοῦ
1496 1084 1635 1139 κατὰ
1666 1085 1759 1139 τὸν
1802 1083 1959 1137 Ἀπό-

374 1181 580 1245 στολον,
628 1182 686 1245 ὃς
723 1198 904 1253 φησιν’
946 1199 965 1232 ι
996 1179 1166 1241 Αὐτὸς
1211 1178 1321 1249 γὰρ
1351 1179 1379 1229 6
1412 1175 1655 1238 Σατανᾶς
1685 1190 1971 1244 μετασχη-ο

376 1272 660 1345 ματίζεται
689 1275 771 1338 είς
798 1272 1026 1342 ἄγγελον
1057 1270 1252 1340 φωτός.
1289 1290 1307 1322 ι
1336 1270 1411 1322 Οὐ
1446 1268 1590 1339 μέγα
1628 1262 1722 1320 οὖν
1767 1268 1815 1319 εί
1862 1264 1957 1318 καὶ

327 1401 346 1421 ο
372 1366 426 1420 οε
454 1366 688 1421 διάκονοι
722 1364 890 1420 αὐτοῦ
947 1361 1511 1436 μετασχηματίζονται
1566 1360 1646 1422 είς
1695 1357 1957 1427 ἀγγέλους

370 1458 736 1528 δικαιοσύνης,
765 1455 1196 1527 ἐχρησμοδότουν
1235 1470 1296 1505 τε
1328 1452 1447 1505 τότε
1482 1449 1625 1503 κατὰ
1657 1449 1831 1502 πάντα
1863 1446 1956 1499 τό·

371 1564 495 1614 πον,
522 1548 779 1620 μαντείας
807 1549 900 1603 καὶ
923 1546 1219 1619 θεραπείας
1239 1541 1722 1613 ἐπαγγελλόμενοι,
1740 1540 1816 1604 ὡς
1833 1541 1958 1603 τοὺς

363 1637 769 1709 δεισιδαίμονας
816 1636 964 1690 θύειν
1014 1636 1194 1698 αὐτοῖς
1239 1632 1359 1687 καθ’
1404 1630 1710 1704 ὑπερϐολὴν
1762 1631 1959 1702 μανίας

2060 454 2242 501 autem
2265 445 2410 500 sicut
2428 442 2614 499 deﬁcit
2634 442 2818 498 fumus
2838 443 3141 499 defecerint
3167 445 3466 501 adversarii
3491 447 3635 517 ejus.

2061 537 2356 607 intelliges,
2390 536 2439 590 si
2490 532 2900 590 animadvertas
2947 549 3056 604 qua
3102 536 3313 595 ratione
3342 537 3474 593 olim
3526 538 3643 609 ipse

2059 630 2314 688 diabolus
2351 636 2406 685 et
2444 628 2685 684 ministri
2720 627 2846 698 ejus
2880 630 3412 687 transformarentur
3450 632 3504 686 in
3542 648 3646 686 an-

2060 722 2211 794 gelos
2251 720 2413 781 lucis,
2456 717 2761 775 secundum
2800 721 3144 789 Apostolum,
3184 722 3280 791 qui
3315 721 3439 775 ait:
3485 721 3647 793 «Ipse

2057 815 2204 871 enim
2245 813 2478 868 Satanas
2516 811 2944 868 transiet-matur
2981 813 3038 868 in
3066 814 3318 885 angelum
3356 814 3496 870 lucis
3527 816 3593 867 ⁸⁷.
3620 835 3639 866 ι

2057 903 2179 958 Non
2208 918 2463 974 magnum
2488 903 2674 973 itaque
2694 900 2974 972 quidpiam
2998 902 3046 957 si
3067 902 3303 958 ministri
3324 904 3447 972 ejus
3467 911 3647 960 trans-

2060 995 2433 1049 formarentur
2463 996 2514 1048 in
2547 994 2772 1065 angelos
2806 994 3054 1063 justitiaa,
3086 1009 3187 1049 nec
3214 995 3263 1049 si
3296 1003 3428 1051 tunc
3462 995 3646 1051 omni-

2060 1087 2163 1143 bus
2190 1086 2248 1141 in
2275 1088 2414 1141 locis
2440 1088 2663 1141 oracula
2701 1086 2965 1153 ederent,
3008 1087 3269 1143 vaticinia
3318 1095 3373 1143 et
3405 1088 3649 1143 curatio~

2058 1198 2158 1239 nes
2208 1183 2567 1254 pollicentes;
2608 1181 2685 1236 ita
2733 1190 2791 1236 ut
2846 1181 3218 1252 superstitiosi
3259 1180 3512 1238 homines
3550 1196 3649 1251 per

2058 1287 2329 1328 summam
2360 1273 2634 1328 insaniam
2668 1272 2754 1327 vel
2784 1272 2890 1328 sibi
2924 1273 3251 1328 charissima
3282 1272 3419 1343 ipsis
3446 1272 3647 1328 immo~

2032 1400 2033 1403 η
2059 1367 2255 1420 lavent.
2285 1362 2445 1420 Nunc
2467 1379 2600 1419 vero
2637 1377 2829 1419 eorum
2857 1364 3108 1418 omnium
3137 1363 3298 1419 ruina
3329 1370 3385 1417 et
3408 1362 3648 1420 desertio

2058 1459 2323 1531 contigit,
2373 1460 2451 1514 ita
2498 1465 2560 1512 ut
2605 1473 2676 1517 ne
2715 1458 2799 1513 vel
2827 1473 3019 1513 eorum
3051 1458 3313 1513 memoria
3343 1457 3585 1528 supersit
3628 1478 3643 1513 :

2051 1552 2444 1622 exstinctoque
2481 1549 2727 1622 ipsorum
2774 1551 2900 1621 igne
2929 1549 3250 1607 defenerunt
3286 1551 3432 1607 sicut
3464 1549 3649 1607 deﬁcit

2060 1646 2265 1701 fumus.
2308 1643 2494 1711 Quare
2515 1642 2631 1697 alio
2669 1643 2726 1697 in
2765 1643 2888 1697 loco
2923 1642 3125 1697 dicitur
3157 1661 3171 1698 :
3208 1660 3231 1694 ι
3262 1643 3524 1699 Ascendit
3561 1643 3648 1699 fu-

372 1727 471 1782 καὶ
514 1726 585 1779 τὸ.
628 1725 840 1780 ἑαυτῶν
872 1725 1120 1794 φίλτατα.
1170 1720 1307 1775 Νυνὶ
1351 1718 1409 1772 δέ
1467 1718 1689 1772 ἐκείνων
1735 1717 1951 1771 πάντων

2054 1752 2181 1793 mus
2212 1736 2268 1790 in
2308 1736 2389 1790 ira
2428 1735 2548 1806 ejus
2576 1735 2644 1789 ’⁸.
2686 1754 2704 1785 ι
2748 1733 2881 1788 Nam
2914 1734 2997 1789 ira
3036 1732 3134 1789 Dei
3165 1734 3431 1791 invadens
3468 1736 3644 1806 ipsos.

364 1819 679 1891 ἀφανισμὸς
703 1818 800 1872 καὶ
836 1817 1040 1890 ἐρημία
1065 1815 1306 1885 γέγονεν,
1326 1814 1403 1877 ὡς
1435 1811 1568 1884 μηδὲ
1599 1810 1819 1882 μνήμην
1854 1809 1953 1861 αὐ-

369 1908 484 1962 τῶν
541 1906 905 1962 ἐπιλιπέσθαιο
937 1906 1181 1973 ἐξέλιπον
1230 1904 1286 1957 δὲ
1338 1902 1414 1966 ὡς
1465 1900 1706 1955 ἐκλείπει
1751 1899 1959 1963 καπνὸς

368 1997 805 2062 ἁποσδεσθὲντος
832 1997 1009 2052 αὐτῶν
1040 1995 1134 2050 τοῦ
1163 1993 1357 2067 πυρός·
1391 1993 1471 2047 διὸ
1500 1993 1594 2046 καὶ
1616 1990 1850 2061 ἀλλαχοῦ
1882 1990 1962 2044 εί-

369 2109 557 2166 ρηται·
618 2112 639 2144 ι
684 2091 874 2163 ’Δνέϐη
922 2090 1126 2152 καπνὸς
1175 2090 1232 2141 ἐν
1263 2088 1401 2158 ὀργῇ
1443 2083 1629 2139 αὐτοῦ.
1668 2103 1687 2136 ι
1757 2085 1821 2138 Ἡ
1848 2082 1959 2155 γὰρ

370 2184 466 2239 τοῦ
499 2184 634 2239 Θεοῦ
664 2182 803 2256 ὀργὴ
830 2181 1039 2244 τούτοις
1065 2180 1250 2243 αὐτοῖς
1276 2176 1607 2240 ἐπελθοῦσα,
1636 2176 1698 2230 τὸ
1728 2175 1842 2247 πῦρ
1868 2176 1961 2229 αὖα

367 2276 481 2332 τῶν
599 2273 932 2344 κατέφλεγον
969 2272 1066 2337 τὰς
1104 2268 1211 2324 τῶν
1248 2268 1550 2342 ἀνθρώπιον
1592 2267 1773 2339 ψυχὰς
1822 2283 1955 2320 κατ-

370 2369 611 2423 έσϐεσενο
629 2361 692 2422 οὗ
715 2366 1052 2431 σϐεσθέντος,
1070 2364 1243 2435 ἀνέϐη
1267 2365 1488 2427 καπνός.
1508 2361 1668 2417 Ἀλλὰ
1686 2362 1782 2416 καὶ
1804 2355 1957 2425 οὗτος

366 2459 398 2511 6
415 2460 621 2525 καπνὸς
643 2458 835 2531 μηκέθ’
850 2457 1266 2528 ὑποκαιόμενος,
1291 2455 1425 2528 μηδὲ
1445 2454 1582 2526 ἔχων
1600 2453 1794 2511 ὁπόθεν
1833 2454 1960 2508 ὐπο-

371 2556 496 2626 στῆ,
519 2555 775 2608 ἐκλείπει.
795 2555 965 2620 Ἐπεὶ,
989 2553 1047 2607 δὲ
1068 2555 1097 2606 6
1118 2552 1250 2616 Θεὸς
1273 2551 1389 2621 φῶς
1415 2552 1553 2613 ἐστι,
1575 2551 1669 2605 καὶ
1690 2551 1877 2604 σκοτία
1897 2552 1956 2605 ἐν

302 2631 311 2638 ’
366 2645 522 2718 αὐτῷ
543 2648 646 2700 οὐκ
679 2645 824 2699 ἔστιν
848 2644 1099 2716 οὐδεμία,
1129 2643 1287 2698 τοῦτο
1309 2641 1372 2697 τὸ
1399 2641 1516 2714 φῶς
1543 2645 1657 2706 τοῖς
1692 2640 1840 2713 αὐτῷ
1871 2640 1959 2711 φί-

364 2739 484 2804 λοις
516 2739 708 2810 σοφίας
743 2738 838 2794 καὶ
873 2737 1148 2807 γνώσεως,
1173 2738 1269 2791 καὶ⁵
1307 2735 1566 2808 ἀληθείας
1589 2733 1959 2807 μαρμαρυγὰς

364 2832 668 2904 ἐκπέμπει,
690 2831 768 2896 ὼς
785 2832 950 2902 φάναι
977 2831 1195 2894 αὐτοὺς,
1221 2848 1241 2882 ι
1262 2828 1603 2902 Ἐσημειὼθη
1621 2829 1706 2899 ἐφ’
1729 2829 1875 2900 ἡμᾶς
1898 2828 1960 2882 τὸ

366 2924 487 2992 φῶς
513 2923 608 2978 τοῦ
642 2922 933 2996 προσώπου
962 2939 1077 2985 σου,
1114 2920 1303 2993 Κύριε.
1342 2939 1361 2972 ι
1397 2920 1522 2984 Τοῖς
1554 2919 1611 2973 δὲ
1644 2917 1958 2992 προλεχθεῖ-

367 3032 457 3070 σιν
489 3013 705 3087 ἐχθροῖς
732 3012 895 3066 αὐτοῦ
924 3011 1037 3083 πῦρ
1076 3009 1415 3079 καταφλέγον
1446 3009 1712 3078 γίγνεται.
1756 3008 1850 3062 Διὸ
1871 3006 1959 3061 λέ-

2058 1829 2239 1900 ignem
2269 1829 2535 1900 ipsorum,
2559 1843 2670 1898 quo
2699 1828 2913 1884 animas
2943 1828 3229 1883 hominum
3256 1829 3643 1893 incendebant,

2057 1922 2313 1977 restinxit
2343 1941 2356 1975 :
2386 1935 2497 1991 quo
2525 1920 2814 1987 restincto,
2856 1921 3106 1976 ascendit
3146 1920 3351 1979 fumus.
3386 1922 3499 1978 Sed
3526 1922 3646 1993 ipse

2057 2014 2243 2070 {unius
2296 2028 2422 2068 cum
2473 2013 2615 2084 ignis
2653 2027 2766 2067 non
2817 2012 3017 2077 subsit,
3060 2028 3161 2069 nec
3202 2013 3404 2069 habeat
3440 2015 3497 2069 in
3533 2030 3647 2087 quo

2058 2106 2348 2172 subsistat,
2390 2104 2594 2161 deficit.
2655 2104 2797 2172 Quia
2842 2120 2973 2162 vero
3012 2103 3158 2161 Deus
3190 2107 3285 2161 lus
3312 2115 3418 2175 est,
3468 2116 3526 2163 et
3563 2116 3648 2162 te.

2057 2197 2243 2254 nehrze
2280 2198 2429 2253 ineo
2457 2213 2570 2253 non
2609 2205 2741 2253 sunt
2784 2196 2928 2262 ullae,
2964 2195 3084 2252 haec
3132 2197 3228 2252 lux
3276 2197 3472 2254 amicis
3526 2198 3647 2259 suis

2062 2290 2363 2360 sapientiae,
2418 2287 2661 2344 scientiae
2709 2296 2765 2344 et
2805 2287 3056 2345 veritatis
3090 2288 3277 2345 radios
3308 2291 3534 2355 emittis,
3570 2291 3646 2345 ita

2054 2390 2118 2437 ut
2142 2382 2328 2437 dicant
2356 2400 2370 2436 :
2412 2400 2432 2432 ‹
2464 2382 2751 2451 Signatum
2793 2394 2879 2437 est
2923 2397 3091 2452 super
3119 2397 3222 2438 nos
3248 2383 3433 2439 lumen
3461 2384 3648 2441 vultus

2056 2474 2160 2538 tui,
2196 2472 2425 2528 Domine
2448 2472 2531 2540 ”;
2563 2492 2583 2525 ι
2617 2472 2858 2529 inimicis
2889 2480 3071 2527 autem
3107 2474 3226 2528 suis
3246 2489 3412 2544 supra
3436 2488 3648 2531 memo-

2057 2570 2194 2624 ratis
2222 2567 2364 2639 ignis
2393 2580 2726 2622 consumens
2746 2573 2854 2621 est.
2906 2564 3090 2632 Quare
3111 2566 3242 2620 alibi
3268 2567 3476 2622 dictum
3508 2576 3595 2623 est
3626 2586 3644 2623 :

2062 2679 2101 2712 ι.
2122 2659 2266 2729 Ignis
2293 2658 2348 2712 in
2372 2666 2674 2729 conspectu
2712 2656 2835 2727 ejus
2867 2655 3210 2721 exardescet,
3236 2665 3293 2711 et
3322 2656 3380 2712 in
3407 2658 3646 2713 circuitu

2056 2751 2178 2821 ejus
2217 2756 2515 2819 tempestas
2542 2747 2722 2804 valida
2747 2748 2801 2814 ¹;
2850 2767 2868 2799 ι
2903 2754 2959 2802 et
2985 2767 3003 2802 :
3033 2767 3053 2799 ι
3084 2747 3232 2819 Ignis
3267 2748 3323 2802 in
3345 2754 3645 2818 conspectu

2059 2844 2179 2915 ejus
2237 2841 2579 2909 esardescet,
2613 2850 2668 2897 et
2718 2839 3076 2896 inﬂammabit
3133 2852 3327 2895 omnes
3385 2839 3639 2895 inimicos

2054 2932 2179 3002 ejus
2200 2933 2281 2988 ⁸.»
2319 2932 2378 2986 In
2418 2930 2673 3002 praesenti
2702 2944 2920 3001 quoque
2944 2929 3155 2985 inimici
3187 2930 3308 3001 ejus
3331 2945 3443 2985 non
3484 2928 3647 2986 modo
3706 2970 3711 2974 .

2061 3034 2120 3079 ut
2149 3025 2333 3081 fumus
2360 3023 2614 3088 deiicere,
2640 3022 2737 3079 sed
2768 3022 2912 3077 sicut
2934 3020 3054 3077 ﬂuit
3082 3037 3209 3077 cera
3236 3037 3272 3077 a
3307 3022 3446 3078 facie
3478 3021 3642 3093 ignis,

364 3107 559 3162 λεκται
578 3085 635 3160 ἐν
653 3105 884 3177 ἑτέρας’
924 3123 942 3155 ι
971 3103 1091 3175 Πῦρ
1122 3101 1352 3156 ἐνώπιον
1392 3099 1556 3155 αὑτοῦ
1590 3099 1946 3171 καυθήσεται,

2056 3118 2132 3171 ita
2159 3124 2215 3173 et
2257 3117 2364 3188 ipsi
2409 3116 2718 3187 liquescere
2747 3115 3028 3172 dicuntur.
3084 3114 3357 3182 Quoniam
3390 3085 3646 3185 ipsi'sese

367 3199 466 3253 καὶ
478 3196 664 3268 κύκλῳ
676 3195 847 3250 αὑτοῦ
863 3194 1116 3264 καταιγὶς
1143 3192 1365 3263 σφοδρά·
1382 3210 1400 3243 ι
1421 3191 1536 3256 καὶ,
1547 3211 1563 3242 ι
1575 3190 1695 3263 Πῦρ
1709 3190 1948 3244 ἐναντίον

2055 3207 2310 3264 inimicos
2334 3206 2433 3263 Dei
2456 3208 2887 3264 constituerunt.
2953 3204 3105 3261 Deus
3130 3207 3279 3261 enim
3310 3208 3495 3261 omnia
3521 3222 3645 3278 quae

368 3289 536 3345 αὑτοῦ
569 3288 922 3361 καυθήσεται,
959 3287 1054 3342 καὶ
1079 3286 1291 3357 φλογιεῖ
1321 3285 1530 3348 πάντας
1564 3284 1692 3347 τοὺς
1720 3281 1949 3355 ἐχθροὺς

2054 3307 2183 3355 sunt
2222 3308 2402 3367 amat,
2444 3309 2502 3356 et
2544 3300 2683 3355 nihil
2722 3298 2837 3355 odit
2882 3312 3074 3354 eorum
3100 3312 3227 3370 qua
3262 3296 3393 3354 fecit
3423 3318 3436 3353 :
3466 3314 3645 3369 neque

368 3382 556 3438 αὑτοῦ.
592 3402 610 3435 ι
656 3383 767 3437 Καὶ
804 3384 863 3435 ἐν
893 3380 972 3452 τῷ
1007 3379 1144 3451 μετὰ
1169 3381 1360 3451 χεῖρας
1389 3379 1442 3431 οἱ
1476 3376 1660 3448 ἐχθροὶ
1685 3376 1747 3429 οὐ
1789 3375 1948 3446 μόνον

2053 3393 2200 3448 enim
2241 3392 2449 3464 aliquid
2489 3390 2742 3447 condidit
2776 3389 2924 3461 quod
2951 3389 3200 3456 odisset;
3233 3404 3409 3459 quare
3439 3390 3644 3446 rutilius

367 3474 641 3530 ἐκλείπειν
665 3473 741 3537 ὡς
764 3473 989 3537 καπνὸς,
1016 3471 1152 3527 ἀλλὰ
1180 3471 1274 3525 καὶ
1298 3470 1374 3535 ὡς
1397 3472 1621 3541 τήκεται
1652 3469 1822 3540 κηρὸς
1841 3467 1949 3521 ἀπὸ

2057 3481 2316 3537 inimicus
2350 3481 2466 3551 ipse
2492 3488 2598 3536 est.
2669 3478 2778 3545 Qui
2807 3494 2937 3534 vero
2963 3493 3084 3533 sese
3115 3477 3186 3532 ah
3214 3478 3333 3549 ipso
3370 3479 3529 3548 longe
3555 3494 3645 3533 re-

368 3564 662 3640 προσώπου
687 3564 881 3637 πυρὸς,
904 3564 1077 3628 οὕτως
1115 3561 1442 3635 ἐκτήκεσθαι
1474 3561 1751 3634 εἶρηνται’
1796 3560 1946 3614 ἐπει-

365 3662 542 3732 δήπερ
570 3657 745 3711 αὐτοὶυ
765 3657 993 3721 ἑαυτοὺς
1021 3655 1249 3728 ἐχθροὺς
1273 3653 1368 3708 τοῦ
1402 3652 1538 3707 Θεοῦ
1563 3653 1943 3725 πεποιήκασιν.

375 3753 438 3805 ‘0
480 3751 589 3823 γαρ
626 3750 758 3814 Θεὸς
790 3751 982 3820 ἀγαπᾷ
1011 3748 1080 3802 τὰ
1110 3747 1242 3801 ὄντα
1275 3746 1475 3812 πάντα,
1520 3746 1614 3799 καὶ
1644 3744 1796 3799 οὐδὲν
1830 3744 1947 3815 βδε-

363 3844 624 3900 λύσσεται
651 3836 725 3897 ὧν
750 3843 1023 3913 ἐποίησεν·
1051 3840 1173 3895 οὐδὲ
1192 3841 1301 3913 γὰρ
1332 3838 1506 3912 μισῶν
1531 3854 1587 3891 τι
1610 3837 1946 3893 κατεσκεύα-

364 3936 450 4004 ζε·
486 3937 568 3991 διὸ
606 3936 815 4001 οὐδενὸς
841 3936 1032 4009 ἐχθρὸς
1055 3935 1238 3999 αὑτός.
1262 3934 1325 3989 Οἱ
1349 3934 1408 3988 δέ
1431 3932 1798 4005 μακρύνοντες
1821 3934 1946 3985 ἐαυ-

362 4032 492 4095 τοὺς
522 4030 616 4084 ἀπ’
650 4030 838 4093 αὐτοῦ,
879 4030 974 4083 καὶ
1019 4027 1466 4101 ἐχθροποιοῦντες
1506 4026 1765 4090 ἑαυτοὺς,
1820 4026 1944 4078 ἐπι-

366 4124 610 4179 σπῶνται
645 4124 744 4196 τὴν
769 4122 1066 4178 ἀπώλειαν·
1108 4123 1185 4187 ὡς
1220 4121 1497 4191 λέγεσθαι·
1548 4138 1568 4173 t
1603 4121 1722 4175 Ὅτι
1762 4119 1869 4175 ίδοὺ
1892 4121 1943 4173 οἱ

366 4217 736 4291 μακρύνοντες
761 4216 988 4280 ἑαυτοὺς
1008 4216 1116 4270 ἀπὸ
1137 4214 1230 4268 σοῦ
1254 4211 1599 4268 ἀπολοῦνται.
1631 4232 1649 4264 ι
1694 4211 1851 4266 Οὕτω
1883 4210 1942 4265 δὲ

363 4309 459 4364 καὶ⁵
490 4307 707 4381 μισοῦσι
750 4306 844 4360 τὸν
884 4305 1016 4360 Θεὸν
1055 4306 1104 4359 οί
1150 4303 1221 4358 τὰ
1251 4304 1343 4357 ὑπ’
1392 4301 1557 4357 αὐτοῦ
1594 4301 1944 4373 μεμισημένα

365 4396 719 4472 πράττοντες.
742 4395 933 4449 Ταῦτα
976 4396 1074 4465 μὲν
1102 4389 1195 4448 οὖν
1234 4391 1357 4448 καθ’
1391 4393 1487 4447 ἕνα
1525 4390 1763 4463 λελέχθω
1815 4391 1940 4462 τρό-

2054 3586 2294 3640 ιιιονειιι,
2336 3574 2622 3645 ipsiusque
2653 3587 2714 3628 se
2752 3571 3006 3627 inimicos
3032 3568 3297 3635 cilicium,
3340 3570 3642 3641 perniciem

2054 3666 2160 3721 sibi
2183 3665 2487 3730 attrahunt,
2521 3666 2598 3719 ita
2629 3672 2688 3719 ut
2712 3663 2932 3719 dicatur
2965 3679 2982 3716 :
3021 3661 3462 3732 «Quiaeccequi
3487 3664 3642 3718 elon-

2050 3768 2184 3830 gant
2213 3772 2273 3814 se
2309 3772 2341 3811 a
2381 3765 2457 3820 te,
2489 3755 2806 3827 peribunt‘.
2838 3774 2857 3807 ι
2890 3754 2982 3808 Sic
3011 3760 3196 3808 autem
3222 3762 3278 3810 et
3308 3753 3478 3809 Deum
3503 3752 3642 3811 ode-

2052 3859 2203 3915 runt,
2254 3850 2350 3920 qui
2394 3864 2598 3921 perosa
2634 3847 2738 3918 ipsi
2770 3853 3110 3917 perpetrant.
3162 3844 3290 3904 Hac
3329 3844 3498 3917 igitur
3526 3859 3639 3901 unc

2052 3945 2216 4000 modo
2266 3942 2415 3998 dicta
2464 3941 2687 3997 fuerint.
2746 3941 2887 3997 Cum
2935 3955 3102 4013 porro
3126 3939 3312 3995 omnis
3354 3938 3641 4010 prophetia

2050 4036 2366 4107 evangelica
2388 4036 2484 4102 sit,
2524 4034 2848 4091 consideres
2873 4034 3040 4089 velim
3065 4048 3196 4089 nunt
3230 4032 3346 4087 haec
3373 4031 3445 4087 ad
3468 4029 3642 4085 Deum

2032 4110 2289 4183 ‘Verhum
2320 4125 2652 4190 referantur,
2688 4124 2840 4197 quod
2880 4124 3102 4195 quidem
3144 4123 3276 4178 olim
3323 4122 3379 4177 in
3412 4130 3645 4193 paterno

2049 4220 2176 4276 sinu
2221 4218 2602 4290 requiescebat
2649 4237 2665 4273 :
2717 4236 2737 4270 ι
2765 4217 2826 4272 In
2876 4217 3151 4288 principio
3176 4237 3209 4270 -ι
3257 4216 3406 4272 enim
3462 4231 3485 4265 ι
3519 4212 3660 4309 erat:

2055 4310 2312 4375 Verbum,
2346 4318 2403 4366 et
2429 4307 2667 4365 Verbum
2694 4316 2817 4364 erat
2865 4307 3011 4378 apud
3042 4306 3236 4372 Deum,
3265 4311 3322 4363 et
3352 4302 3497 4359 Deus
3521 4311 3645 4356 erat.

2049 4401 2293 4471 Verbum
2320 4403 2363 4453 ‘.
2406 4419 2426 4451 ι
2466 4398 2532 4453 Et
2581 4419 2597 4455 :
2650 4418 2670 4451 ι
2700 4398 2818 4454 Hoc
2876 4409 2999 4453 erat
3050 4397 3109 4452 in
3163 4396 3436 4466 principio
3493 4394 3640 4463 apud

534 4488 689 4543 Ἐπεὶ
737 4486 793 4541 δέ
839 4489 873 4559 ἡ
915 4487 1064 4540 πᾶσα
1107 4486 1413 4559 προφητεία
1443 4484 1771 4557 εὐαγγελική
1817 4501 1946 4554 τυγ-

2053 4492 2220 4547 Deum
2243 4492 2288 4557 ⁸,
2310 4510 2332 4542 ι
2351 4492 2542 4561 ipsum
2567 4500 2686 4549 erat
2708 4487 3034 4559 Unigeuitus
3058 4486 3183 4553 Dei,
3203 4486 3296 4555 qui
3318 4492 3405 4542 est
3430 4484 3487 4540 in
3511 4484 3640 4541 sinu

361 4584 538 4656 χάνει,
571 4581 669 4636 θέα
709 4583 915 4653 μήποτε
944 4578 1117 4633 ταῦτα
1150 4580 1230 4643 είς
1265 4579 1357 4632 τὸν
1381 4578 1514 4634 Θεὸν
1543 4578 1716 4647 Λόγον
1740 4577 1941 4649 ἀναφέ-

362 4692 540 4747 ρεται,
567 4674 626 4738 ὸς
657 4669 725 4746 ἦν
758 4673 857 4744 μὲν
903 4671 1071 4726 πάλαι
1111 4673 1169 4725 ἐν
1204 4673 1317 4734 τοῖς
1345 4669 1566 4734 κόλποις
1596 4670 1944 4741 ἀναπαυόμε-

361 4784 453 4831 νος
478 4765 572 4819 τοῦ
592 4765 826 4840 Πατρός·
866 4783 888 4816 ι
925 4764 1014 4817 Ἐν
1045 4764 1218 4834 ἀρχῇ»
1248 4762 1357 4833 γὰρ
1389 4757 1486 4835 «ἦν
1508 4764 1538 4816 6
1568 4762 1760 4833 Λόγοςο
1791 4762 1886 4817 καὶ
1916 4762 1948 4814 ό

360 4860 536 4927 Λόγος
562 4853 631 4929 ἦν
660 4856 794 4930 πρὸς
823 4856 913 4911 τὸν
948 4854 1102 4918 Θεὸν,
1130 4855 1223 4908 καὶ
1249 4854 1380 4918 Θεὸς
1406 4850 1475 4926 ἦν
1504 4857 1534 4909 6
1562 4854 1787 4924 Λόγος.)
1813 4854 1940 4908 Καί·

365 4942 566 5013 (Οὗτος
588 4945 657 5021 ἦν
685 4950 744 5002 ἐν
769 4948 911 5020 ἀρχῇ
948 4946 1086 5019 πρὸς
1103 4945 1196 4999 τὸν
1226 4945 1379 5011 Θεὸν,
1416 4966 1435 5000 ι
1477 4947 1641 5011 αὐτὸς
1671 4942 1740 5018 ἦν
1762 4948 1796 4999 ό
1824 4947 1940 5001 Μο-

359 5036 585 5109 νογενής
629 5036 722 5110 τοῦ
765 5035 902 5092 Θεοῦ
941 5036 971 5088 6
998 5034 1077 5089 ὢν
1103 5036 1184 5099 είς
1218 5035 1311 5088 τὸν
1349 5034 1547 5090 κόλπον
1575 5035 1670 5091 τοῦ
1705 5037 1937 5110 Πατρός.

368 5104 524 5184 Ἐπεὶ
542 5104 613 5183 *δὲ
639 5104 856 5202 μορφήν
880 5126 1072 5181 δούλου
1092 5124 1292 5191 λαόὼν,
1318 5127 1413 5181 καὶ
1436 5129 1674 5201 σχήματι
1698 5104 1942 5201 εὑρεθεὶς

356 5225 435 5288 ὡς
465 5220 773 5294 ἄνθρωπος,
796 5219 1159 5275 ἐταπείνωσεν
1180 5219 1373 5274 ἐαυτὸν
1408 5221 1570 5293 μέχρι
1602 5221 1855 5286 θανάτου,
1881 5220 1943 5275 τὸ

356 5318 585 5389 Πνεῦμα
613 5315 676 5371 τὸ
714 5318 868 5386 ἅγιον
905 5314 1130 5380 εἰκότως
1158 5314 1256 5387 τήν
1298 5312 1594 5373 ἀνάστασιν
1636 5313 1801 5368 αὑτοῦ
1854 5314 1945 5368 θε-

354 5409 542 5476 σπίζει
568 5410 745 5480 λέγονο
765 5427 786 5461 ι
807 5410 1119 5481 Ἀναστήτω
1142 5410 1174 5462 6
1204 5407 1359 5472 Θεὸς,
1395 5405 1489 5462 καὶ
1514 5406 1941 5481 διασκορπισθή-

426 5593 470 5626 ⁶⁷
495 5590 539 5647 H
576 5590 707 5647 Cor.
732 5605 816 5657 ιι,
851 5590 939 5647 Μ.
1015 5590 1062 5623 ’⁸
1085 5589 1233 5648 Psal.
1268 5606 1404 5656 xvu,
1444 5589 1498 5646 9.
1576 5587 1788 5646 9"Psal.
1834 5606 1908 5657 tv,
1940 5589 1952 5641 '.

2072 5591 2087 5622 ¹
2114 5583 2261 5645 Psal.
2309 5606 2458 5655 xux,
2492 5592 2547 5648 5.

354 5662 444 5720 27.
522 5664 543 5695 ‘
570 5659 732 5717 Joan.
765 5678 806 5727 1,
834 5662 884 5717 l.
962 5665 985 5697 ⁸
1009 5660 1143 5716 ibid.
1174 5663 1230 5717 2.

676 5758 944 5819 Pnaoc.
1006 5758 1124 5821 Gn.
1180 5754 1419 5816 XXIII.

2048 4583 2250 4639 Patris.
2316 4582 2456 4649 Quia
2493 4596 2627 4637 vero
2656 4580 2889 4636 formam
2921 4579 3066 4635 servi
3098 4578 3413 4650 accipiens,
3447 4575 3640 4641 etha-

2051 4677 2170 4732 hitu
2196 4676 2452 4731 inventus
2470 4682 2532 4729 ut
2555 4675 2741 4739 homo,
2754 4672 3065 4729 bumiliavit
3078 4672 3434 4743 semetipsum
3452 4684 3643 4742 usque

2051 4768 2119 4824 ad
2145 4775 2412 4834 mortem;
2440 4766 2566 4837 jure
2595 4765 2837 4838 Spiritus
2865 4773 3094 4822 sanctus
3123 4763 3245 4834 eius
3270 4762 3638 4819 resurrectio-

2049 4875 2175 4917 nem
2224 4859 2555 4916 vaticinatur
2602 4858 2817 4923 dicens,
2857 4876 2879 4910 ι
2918 4856 3191 4928 Exsurgat
3215 4854 3363 4913 Deus
3388 4861 3447 4911 et
3470 4853 3641 4911 ὤθει-ρ

2049 4954 2248 5018 peutur
2293 4947 2551 5002 inimici:
2593 4964 2615 5000 ι
2654 4945 2748 5002 ubi
2794 4960 2895 5017 per
2937 4945 3108 5010 illud,
3165 4963 3184 4997 ι
3218 4943 3402 5010 Deus.
3434 4963 3455 4997 ι
3492 4943 3636 5000 Deus

2049 5037 2289 5095 Verbum
2317 5037 2659 5110 intelligitur.
2706 5037 2818 5093 Aut
2857 5034 3037 5093 oratio
3075 5037 3169 5092 illa
3189 5038 3260 5095 tle
3284 5036 3509 5099 Christo
3528 5034 3636 5091 hoc

2049 5131 2278 5204 profert,
2337 5149 2357 5183 ι
2395 5129 2704 5204 Exsurgat,
2736 5150 2756 5183 ι
2792 5140 2848 5188 et
2903 5132 2973 5187 ad
3022 5132 3405 5188 universorum
3460 5126 3634 5182 Deum

2048 5224 2349 5292 emittitur;
2402 5224 2479 5278 ita
2531 5232 2594 5279 ut
2640 5224 2810 5290 illud,
2852 5246 2872 5277 ι
2908 5225 3071 5292 Deus,
3106 5244 3126 5277 ι
3166 5224 3249 5281 sic
3283 5220 3631 5292 accipiatur:

2034 5313 2095 5372 λυ
2129 5315 2294 5377 Deus.
2329 5323 2592 5387 exsurgat
2619 5315 2876 5374 Christus
2901 5325 3053 5385 tuus,
3083 5327 3145 5373 et
3159 5316 3493 5384 dissipentur
3522 5306 3631 5361 ini-

2048 5406 2345 5478 miciejus.
2406 5407 2734 5483 Congregati
2786 5425 3022 5482 uanoque
3072 5416 3205 5466 sunt
3257 5401 3462 5461 inimici
3506 5399 3633 5470 ejus

2653 5594 2672 5624 ²
2703 5588 2850 5646 Psal.
2903 5606 3049 5653 xcvi,
3097 5588 3151 5641 5.
3228 5581 3416 5638 ‘Psal.
3450 5594 3629 5650 unt,

3114 5741 3194 5802 2,
