4062 6208
391 215 497 272 683

1072 218 1346 298 EUSEBll
1389 205 1878 275 CESARIENSIS
1917 213 2070 273 OPP.
2109 214 2290 272 PARS
2327 214 2412 271 Ill.
2453 248 2524 260 —
2562 214 2975 272 EXEGETICA.

3554 219 3662 274 633

393 343 638 405 tempore
688 334 962 406 passionis
1019 333 1224 404 ipsius,
1279 333 1500 403 quando
1568 351 1588 384 ι
1630 332 1963 388 fremuerunt

2070 346 2252 384 τωσαν
2275 331 2324 383 οί
2353 329 2536 402 ἐχθροὶ
2561 329 2745 384 αὑτοῦ·
2761 349 2779 381 ι
2813 327 2948 383 Θεοῦ
2971 333 3262 400 νοουμένου
3283 330 3376 384 τοῦ
3397 330 3532 384 Θεοῦ
3555 334 3661 386 Λό-

388 434 602 496 geutes,
649 435 701 482 et
747 425 931 497 populi
963 425 1205 480 meditati
1241 433 1370 480 sunt
1406 425 1609 479 inania.
1661 424 1968 479 Astiterunt

387 530 564 586 reges,
601 523 656 571 et
703 515 979 586 principes
1009 523 1381 571 convenerunt
1411 515 1466 569 in
1496 531 1667 570 unum
1703 515 1967 570 adversus

388 603 674 659 Dominum
693 613 749 660 et
766 605 1030 661 adversus
1053 605 1334 661 Christum
1364 605 1484 674 ejus
1500 605 1541 661 ⁸.
1556 623 1574 656 ι
1598 603 1776 660 Hosne
1802 618 1968 674 porro

386 711 577 750 omnes
613 695 946 750 resurrectio
991 694 1196 751 Christi
1245 710 1313 749 ex
1365 695 1598 749 mortuis
1626 693 1913 764 dissipavit
1951 713 1963 748 :

386 797 625 856 tuncque
672 785 992 842 defecerunt
1027 795 1086 839 ut
1117 785 1301 840 deﬁcit
1332 784 1538 847 fumus,
1571 790 1626 839 et
1657 785 1798 839 sicut
1851 782 1970 837 ﬂuit

384 893 514 933 cera
546 893 577 932 a
614 877 752 933 facie
802 879 962 949 ignis.
1035 877 1191 932 Hunc
1224 893 1360 934 sane
1381 877 1662 932 Christum
1702 875 1793 931 Dei
1841 875 1970 930 odio

386 967 717 1031 habuerunt,
769 983 833 1023 ac
877 967 1176 1022 etiamnum
1223 967 1480 1030 oderunt,
1515 966 1609 1036 qui
1657 965 1972 1034 frequenter

385 1063 552 1140 impia
582 1061 748 1124 dicta.
771 1062 1018 1117 convicia
1049 1072 1104 1116 et
1121 1061 1438 1131 blasphema
1467 1061 1632 1116 verba
1661 1059 1968 1130 proferunt,

383 1153 507 1225 ejus
530 1153 830 1210 Ecclesiam
861 1163 1179 1226 Oppugnant
1207 1169 1272 1209 ac
1303 1153 1608 1208 doctrinam
1632 1154 1974 1208 calumnian-

385 1255 497 1302 tur.
527 1244 661 1300 Nam
692 1247 830 1302 alias
855 1247 1036 1303 nullos
1072 1246 1316 1316 reperire
1346 1254 1430 1301 est
1457 1247 1551 1317 qui
1586 1246 1969 1301 universorum

386 1336 556 1393 Deum
588 1338 842 1406 oderint;
874 1353 1052 1409 neque
1085 1337 1228 1393 enim
1262 1337 1366 1408 ipsi
1398 1338 1544 1393 athei
1573 1344 1627 1393 et
1652 1338 1838 1408 impii,
1869 1352 1968 1393 ne-

385 1445 492 1500 que
524 1431 746 1500 maligni
773 1431 1068 1495 daemones,
1113 1445 1290 1500 neque
1321 1430 1520 1500 impuri
1551 1430 1777 1500 spiritus
1807 1429 1862 1484 id
1888 1429 1974 1484 di-

384 1520 586 1575 xerint.
620 1521 689 1573 At
715 1519 993 1577 Christum
1027 1521 1121 1576 Dei
1151 1537 1210 1576 se
1231 1520 1358 1574 odio
1390 1520 1592 1576 habere
1621 1528 1808 1591 aperte
1840 1536 1970 1591 pro-

2072 439 2191 492 γου.
2213 421 2286 475 Ἤ
2312 423 2411 494 τῆς
2439 422 2606 494 εὐχῆς
2641 422 2770 492 περὶ
2799 421 2900 493 μὲν
2924 420 3019 475 τοῦ
3047 422 3280 493 Χριστοῦ
3304 423 3566 495 λεγούσης
3577 425 3660 488 τὸ,

2078 533 2096 567 ι
2121 515 2426 586 Ἀναστήτω
2446 555 2460 579 ,
2485 533 2502 564 ι
2524 514 2657 586 πρὸς
2668 514 2725 567 δὲ
2743 513 2834 566 τὸν
2850 513 2984 566 Θεὸν
2999 512 3104 566 τῶν
3122 511 3256 566 ὅλων
3269 514 3441 567 άναπε
3451 514 3663 586 μπομὲ-

2071 624 2189 677 νης·
2210 601 2320 681 ἶν”ῇ
2334 607 2415 669 τὸ,
2432 626 2450 657 ι
2471 608 2498 658 ὁ
2515 606 2668 671 Θεὸς,
2683 624 2700 656 ι
2721 606 2842 658 ἀντὶ
2851 604 2966 669 τοῦ,
2989 599 3167 668 ῶΘεέ,
3185 605 3468 677 ἀναστήτω
3481 607 3508 658 ὁ
3525 608 3660 678 Χρι-

2075 700 2197 763 στός
2209 716 2324 764 σου,
2339 699 2433 753 xui
2447 698 3024 770 διασκορπισθήτωσαν
3052 699 3102 750 οἱ
3118 697 3302 770 ἐχθροὶ
3316 697 3506 750 αὐτοῦ.
3531 699 3662 751 Συν-

2071 791 2315 865 ήχθησαν
2354 792 2451 863 μὲν
2467 791 2574 863 γὰρ
2603 794 2651 844 οἱ
2673 790 2858 861 ἐχθροὶ
2873 789 3038 844 αὑτοῦ
3068 790 3208 844 κατά
3222 791 3312 844 τὸν
3328 789 3422 844 τοῦ
3456 790 3660 855 πάθους

2072 877 2238 931 αὑτοῦ
2257 878 2466 949 καιρὸν,
2498 879 2735 949 ὁπηνίκα
2752 898 2770 929 ι
2799 877 3076 950 ἐφρύαξαν
3109 877 3258 949 ἔθνη,
3277 879 3371 932 xui
3398 879 3516 932 λαοὶ
3535 881 3664 950 ἐμε-

2071 966 2305 1038 λέτησαν
2330 967 2482 1021 κενά.
2503 967 2858 1037 Παρὲστησαν
2873 969 2922 1021 οἱ
2951 967 3188 1038 βασιλεῖς
3211 969 3307 1023 καὶ
3323 971 3373 1022 οί
3401 971 3661 1042 ἄρχοντες

2075 1057 2416 1130 συνήχθησαν
2433 1058 2526 1113 ἐπὶ
2543 1059 2606 1112 τὸ
2629 1059 2760 1112 αὐτὸ
2779 1060 2921 1113 κατά
2948 1059 3042 1114 τοῦ
3061 1061 3268 1132 Κυρίου
3294 1065 3387 1114 xui
3403 1061 3542 1116 κατά
3564 1062 3659 1116 τοῦ

2072 1150 2311 1222 Χριστοῦ
2326 1150 2512 1205 αὑτοῦ.
2528 1169 2546 1203 ι
2569 1151 2792 1206 Πάντων
2809 1153 2866 1206 δὲ
2879 1151 3084 1206 τούτων
3099 1153 3287 1208 διασκο
3295 1153 3529 1225 ρπισμὺν
3545 1156 3576 1226 ή
3594 1156 3660 1208 ἐκ

2072 1244 2281 1316 νεκρῶν
2297 1244 2592 1308 ἀνάστασις
2605 1243 2697 1297 τοῦ
2710 1243 2947 1316 Χριστοῦ
2974 1246 3394 1317 κατειργάσατο·
3413 1246 3658 1312 ἐξέλιπόν

2070 1355 2130 1391 τε
2140 1337 2215 1401 ὡς
2226 1336 2466 1390 ἐκλείπει
2481 1337 2707 1401 καπνὸς,
2721 1337 2905 1401 καὶιώς
2924 1339 3151 1408 τήκεται
3172 1355 3240 1409 κη
3251 1338 3342 1409 ρὸς
3364 1339 3470 1392 ἀπὸ
3488 1357 3657 1413 προσ·
3722 1403 3735 1417 .

2073 1428 2223 1484 ώπου
2259 1430 2451 1503 πυρός.
2483 1431 2594 1485 Καὶ
2634 1429 2823 1484 τοῦτόν
2855 1448 2918 1499 γε
2963 1431 3058 1485 τὸν
3118 1431 3352 1502 Χριστὸν
3392 1431 3484 1485 τοῦ
3515 1434 3650 1488 Θεοῦ

2073 1522 2361 1594 ἐμίσησαν,
2393 1523 2613 1594 μισοῦσί
2648 1541 2708 1576 τε
2741 1523 2907 1577 εἰσέτι
2935 1525 3030 1578 xui
3058 1523 3176 1590 νῦν,
3205 1526 3255 1577 ci
3289 1525 3523 1596 συνεχῶς
3549 1528 3650 1580 αύ-

389 1612 632 1676 lltentur,
684 1612 864 1682 primo
914 1611 950 1666 ii
1002 1613 1070 1668 de
1103 1613 1305 1684 quibus
1331 1614 1445 1684 ipse
1482 1631 1576 1685 per
1627 1614 1963 1686 prophetiam

2073 1615 2162 1668 τὸν
2197 1614 2376 1679 ἀθέοις
2405 1615 2584 1684 λόγοις
2617 1615 2711 1669 xui
2748 1614 3036 1687 λοιδορίαις
3066 1615 3530 1688 βλασφημοῦντες,
3555 1621 3652 1690 τήν

385 1705 461 1759 ita
492 1705 638 1759 fatur
680 1724 694 1760 :
751 1724 770 1756 ι
824 1703 1010 1760 Loculi
1055 1716 1184 1760 sunt
1220 1707 1507 1762 adversum
1535 1723 1620 1763 me
1659 1709 1843 1776 lingua
1871 1705 1963 1760 do-

2070 1723 2129 1759 τε
2173 1705 2498 1777 Ἐκκλησίαν
2528 1706 2692 1760 αὑτοῦ
2726 1706 3109 1778 πολεμοῦντες,
3153 1709 3246 1762 xui
3277 1708 3375 1780 τὴν
3405 1709 3654 1765 διδασκα-

383 1796 534 1858 losa,
566 1805 620 1850 ot
648 1795 996 1850 sermonibus
1023 1789 1132 1848 odii
1161 1790 1635 1851 circumdederunt
1666 1808 1771 1858 me,
1787 1800 1844 1848 et
1873 1809 1961 1849 ex-

385 1893 764 1957 pugnaverunt
790 1902 875 1942 me
899 1885 1090 1957 gratis.
1122 1885 1227 1941 Pro
1249 1902 1315 1942 eo
1339 1896 1398 1941 ut
1419 1903 1505 1943 me
1526 1887 1836 1958 diligerent,
1867 1885 1967 1941 de-

383 1978 676 2034 trahebant
719 1979 874 2034 mihi.
936 1978 1000 2032 Et
1049 1989 1352 2050 posuerunt
1383 1980 1670 2036 adversum
1706 1995 1791 2034 me
1824 1979 1967 2034 mala

382 2086 486 2142 pro
511 2071 694 2135 bonis,
736 2079 791 2126 et
820 2072 1004 2126 odium
1033 2088 1132 2143 pro
1163 2073 1455 2129 dilectione
1485 2075 1680 2140 mea';
1719 2091 1736 2122 ι
1773 2072 1968 2129 deinde

382 2161 478 2232 qui
511 2168 636 2232 post
664 2161 788 2217 illos
817 2163 982 2218 etiam
1017 2178 1165 2218 nunc
1199 2164 1256 2218 in
1297 2164 1477 2235 ipsum
1517 2165 1830 2237 hlasphema
1875 2165 1964 2219 di-

384 2261 475 2308 cta
522 2252 828 2323 proferunt.
887 2253 1154 2310 Caeterum
1202 2270 1392 2310 omnes
1445 2255 1650 2310 inimici
1702 2257 1855 2326 ejus,
1911 2265 1966 2313 et

381 2344 478 2415 qui
539 2344 774 2400 oderunt
832 2359 955 2400 eum
1017 2347 1268 2416 dissipati
1327 2355 1456 2402 sunt
1521 2355 1576 2402 et
1636 2347 1892 2418 fugerunt
1931 2364 1963 2404 a

384 2437 528 2494 facie
573 2439 796 2494 virtutis
825 2440 968 2510 ejus,
1014 2440 1437 2510 defeceruntque
1487 2439 1628 2495 sicut
1659 2441 1840 2497 delicit
1873 2442 1962 2497 fu-

382 2545 544 2597 mus,
578 2539 634 2587 et
675 2533 818 2588 sicut
855 2531 973 2588 lluit
1002 2547 1128 2587 cera
1174 2547 1204 2586 a
1253 2531 1393 2588 facie
1426 2533 1590 2604 ignis.
1644 2532 1817 2589 Nemo
1859 2536 1964 2606 igi-

381 2633 476 2681 tur
497 2641 563 2681 ex
597 2626 908 2682 odieutibus
937 2643 1062 2682 eum
1096 2627 1320 2698 impune
1348 2643 1593 2699 unquam
1625 2639 1692 2685 ex
1722 2631 1824 2684 hac
1846 2631 1959 2686 vita

381 2716 655 2790 migravit.
682 2717 788 2775 Sed
819 2720 984 2776 etiam
1017 2721 1293 2790 principes
1328 2721 1696 2788 sacerdotum,
1730 2721 1956 2789 Scribe,

379 2809 643 2868 Phariszei
677 2820 732 2868 et
762 2813 1072 2878 Sadducaai,
1105 2814 1200 2884 qui
1224 2815 1455 2869 insidias
1493 2814 1623 2868 olim
1659 2815 1765 2884 ipsi
1796 2831 1958 2886 para-

379 2909 533 2968 runt,
567 2903 641 2956 ita
670 2901 1011 2967 defecerunt,
1038 2912 1097 2956 ut
1131 2918 1312 2973 neque
1361 2903 1626 2958 memoria
1662 2919 1853 2958 eorum
1885 2907 1956 2961 ad

380 2995 484 3054 hoc
503 3009 678 3065 usque
703 3002 940 3063 tempus.
977 3010 1156 3065 neque
1186 3009 1386 3050 nomen
1409 2995 1554 3064 apud
1587 2993 1806 3051 Juda’os
1834 3012 1952 3052 ser-

377 3092 556 3142 vetur.
592 3086 752 3141 Tunc
779 3095 893 3141 tota
922 3102 1112 3143 eorum
1160 3087 1311 3142 natio
1355 3088 1412 3142 in
1445 3103 1638 3144 omnes
1669 3096 1856 3159 gentes
1883 3090 1960 3144 di-

378 3193 572 3251 spersa
606 3179 986 3251 dissipataque
1023 3189 1127 3236 est.
1163 3179 1587 3252 Insequentibus
1643 3197 1775 3238 vero
1819 3190 1959 3238 tem-

378 3272 607 3342 poribus
630 3282 899 3344 quotquot
932 3273 1237 3330 Ecclesiam
1284 3275 1405 3344 ejus
1443 3281 1851 3346 oppugnarunt,
1885 3275 1960 3330 si-

379 3363 584 3418 militer
604 3372 659 3419 et
690 3364 794 3435 ipsi
826 3364 1144 3421 defecerunt
1166 3366 1309 3421 sicut
1333 3365 1516 3421 delicit
1536 3366 1741 3430 fumus,
1768 3373 1822 3421 et
1856 3367 1961 3420 sic-

377 3463 441 3510 ut
471 3453 590 3510 ﬂuit
620 3471 746 3512 cera
789 3472 818 3512 a
874 3455 1014 3513 facie
1047 3458 1210 3528 ignis.
1247 3457 1461 3512 inimici
1499 3474 1634 3529 ergo
1663 3457 1870 3514 Christi
1903 3467 1959 3514 et

377 3547 474 3617 qui
508 3546 744 3602 oderunt
767 3563 894 3604 eum
920 3548 1050 3603 talia
1079 3547 1228 3619 passi
1278 3555 1442 3615 sunt;
1498 3549 1842 3618 maximeque
1871 3548 1958 3602 in-

376 3639 623 3695 visibiles
655 3647 710 3694 et
734 3639 936 3694 occulti
973 3639 1204 3703 inimici,
1252 3639 1478 3710 maligni
1509 3654 1705 3709 nempe
1753 3640 1956 3694 daemo-

377 3745 478 3786 nes
500 3739 554 3787 et
580 3731 809 3802 spiritus
836 3747 1094 3802 nequam,
1123 3731 1218 3801 qui
1249 3731 1380 3786 olim
1423 3731 1724 3785 multorum
1771 3731 1957 3786 numi-

377 3838 510 3877 num
543 3823 752 3878 erroris
775 3833 1032 3878 auctores
1065 3830 1224 3879 erant
1257 3841 1271 3878 :
1303 3823 1398 3893 qui
1431 3831 1557 3894 post
1590 3823 1958 3879 resurrectio-

379 3929 503 3969 nem
539 3929 606 3969 ex
653 3915 887 3969 mortuis
918 3916 1165 3985 penitus'
1191 3915 1446 3986 dissipati
1495 3922 1647 3970 sunt.
1681 3915 1959 3986 lidemque

377 4005 484 4076 ipsi
507 4005 877 4076 liquescentes
904 4008 1051 4061 sicut
1079 4021 1206 4062 cera
1224 4021 1252 4060 a
1276 4005 1416 4062 facie
1444 4007 1612 4076 ignis,
1644 4007 1958 4062 clamabant

376 4101 624 4156 dicentes
663 4117 678 4154 :
737 4117 756 4150 ί
790 4098 942 4164 Sine,
971 4099 1104 4170 quid
1141 4098 1302 4155 nobis
1334 4107 1389 4155 et
1417 4099 1539 4164 tibi,
1563 4098 1665 4154 Fili
1700 4100 1833 4156 Dei?
1861 4116 1958 4156 ve-

375 4190 509 4246 nisti
535 4199 660 4246 ante
687 4197 904 4262 tempus
932 4199 1191 4262 torquere
1221 4207 1324 4247 nos
1341 4193 1383 4248 ⁸.
1418 4210 1437 4243 ι
1471 4189 1608 4244 Nam
1631 4191 1852 4247 deitatis
1876 4192 1958 4262 ip-

375 4283 495 4340 sius
534 4283 842 4340 invisibiles
871 4293 928 4340 et
961 4285 1165 4340 occulti
1196 4283 1359 4348 radii,
1399 4291 1675 4339 tormenta
1705 4284 1958 4339 dolores-

2070 1795 2190 1850 λίαν
2211 1797 2605 1862 διαϐάλλοντες.
2657 1799 2865 1862 ΙἈλλως
2896 1799 3004 1872 γὰρ
3031 1799 3123 1854 τὸν
3157 1803 3249 1854 ἐπὶ
3274 1801 3490 1856 πάντων
3521 1803 3655 1856 Θεὸν

2069 1884 2170 1938 ούκ
2217 1883 2283 1938 ἂν
2342 1886 2492 1958 εὖροι
2544 1887 2836 1958 μισοῦντας
2879 1904 3053 1953 τινας·
3097 1891 3218 1944 ούδέ
3255 1892 3362 1964 γὰρ
3408 1894 3561 1946 αὐτοὶ
3603 1895 3656 1948 ci.

2069 1977 2216 2032 ἄθεοι
2251 1979 2345 2034 καὶ
2375 1979 2674 2044 δυσσεϐεῖς·
2725 1980 2839 2035 ἀλλ’
2887 1982 3009 2036 οὐδὲ
3035 1984 3086 2036 οί
3116 1985 3341 2056 πονηροὶ
3378 1985 3654 2056 δαίμονες,

2067 2068 2188 2121 οὐδὲ
2211 2068 2280 2121 τὰ
2310 2068 2598 2140 ἀκάθαρτα
2626 2069 2913 2141 πνεύματα
2939 2070 3084 2124 τοῦτ’
3113 2071 3179 2126 ἂν
3209 2073 3434 2126 εἴποιεν.
3464 2073 3568 2126 Τὸν
3593 2073 3654 2127 δέ

2067 2159 2300 2232 Χριστὸν
2327 2158 2419 2213 τοῦ
2462 2159 2596 2214 Θεοῦ
2635 2159 3084 2232 ὁμολογουμένως
3110 2163 3400 2234 ἐμίσησαν·
3447 2164 3655 2234 πριῖιτοι

2071 2252 2167 2322 μὲν
2219 2253 2436 2316 ἐκεῖνοι,
2461 2252 2593 2324 περὶ
2620 2245 2695 2305 ὧν
2719 2253 2881 2316 αὐτὸς
2907 2252 2996 2306 διὰ
3023 2254 3124 2325 τῆς
3150 2253 3489 2327 προφητείας
3515 2254 3651 2324 ἔφα-

2068 2361 2214 2397 σκεν·
2267 2363 2286 2397 ι
2336 2343 2633 2415 Ἐλάλησαν
2665 2345 2785 2398 κατ’
2819 2343 2954 2416 ἐμοῦ
2983 2345 3204 2419 γλώσσῃ
3239 2345 3406 2418 δολία,
3441 2347 3534 2400 xui
3575 2346 3656 2398 λό-

2063 2453 2181 2504 γοις
2205 2435 2393 2507 μίσους
2409 2435 2725 2491 ἐκύκλωσάν
2744 2454 2832 2508 με,
2852 2437 2948 2489 xui
2964 2437 3308 2508 ἐπολέμησάν
3328 2455 3395 2508 με
3417 2437 3651 2508 δωρεάν.

2077 2528 2221 2581 Ἀντὶ
2244 2526 2339 2581 τοῦ
2373 2529 2592 2600 ἀγαπᾷν
2612 2547 2678 2600 με
2706 2529 3041 2583 ἐνδιέϐαλλόν
3077 2547 3164 2601 με.
3196 2530 3307 2584 Kui
3319 2530 3500 2583 ἔθεντο
3529 2534 3649 2585 κατ’

2062 2619 2197 2690 ἐμοῦ
2212 2620 2356 2674 κακά
2383 2621 2504 2674 ἀντὶ
2516 2621 2756 2690 ἀγαθῶν,
2777 2623 2870 2676 xui
2889 2625 3040 2693 μῖσος
3052 2622 3174 2676 ἀντὶ
3197 2623 3296 2693 τῆς
3316 2623 3650 2694 ἀγαπήσεώς

2066 2729 2185 2784 μου·
2217 2732 2234 2764 ι
2282 2713 2470 2768 ἔπειτα
2516 2713 2611 2782 xui
2649 2714 2700 2766 οἱ
2735 2714 2850 2785 μετ’
2880 2716 3122 2778 ἐκείνους
3161 2716 3327 2769 εἰσέτι
3357 2715 3453 2769 νῦν
3487 2717 3650 2769 αὑτὸν

2063 2803 2524 2876 βλασφημοῦντες.
2572 2803 2718 2876 Πλὴν
2770 2805 2970 2870 πάντες
3011 2807 3060 2858 οί
3097 2805 3280 2877 ἐχθροὶ
3326 2804 3515 2868 αὑτοῦ,
3555 2807 3677 2878 καὶ,

2065 2901 2115 2952 οἱ
2149 2898 2432 2971 μισοῦντες
2463 2897 2624 2953 αὐτὸν
2653 2897 3145 2970 διεσκορπίσθησαν
3183 2897 3278 2952 xui
3310 2897 3648 2967 πεφεύγασιν

2061 2992 2170 3046 ἀπὸ
2200 2990 2492 3064 προσώπου
2539 2990 2641 3060 τῆς
2682 2989 2964 3060 δυνάμεως
3013 2989 3199 3044 αὑτοῦ.
3265 2989 3542 3056 Ἐξέλιπόν
3587 3007 3649 3044 τε

2060 3085 2137 3148 ὡς
2173 3083 2411 3138 ἐκλείπει
2442 3082 2648 3147 καπνὸς
2675 3083 2768 3136 xui
2790 3082 2866 3146 ῶς
2902 3084 3126 3154 τήκεται
3156 3082 3324 3153 κηρὸς
3346 3081 3456 3135 ἀπὸ
3477 3099 3645 3154 προσ-

2058 3177 2210 3232 ώπου
2259 3177 2452 3250 πυρός.
2512 3175 2721 3230 Αὐτίκα
2765 3175 2894 3245 γοῦν
2955 3175 3130 3238 οὐδεὶς
3164 3173 3381 3228 πώποτε
3409 3174 3519 3228 τῶν
3552 3193 3648 3246 με-

2063 3271 2370 3342 μισηκότων
2395 3272 2557 3326 αὐτὸν
2583 3270 2928 3343 ἀτιμώρητος
2959 3269 3203 3341 διεξῆλθε
3234 3270 3326 3324 τὸν
3352 3271 3487 3342 βίον·
3511 3271 3648 3326 ἀλλά

2059 3361 2154 3415 καὶ
2185 3363 2234 3414 ci
2271 3362 2437 3416 πάλαι
2493 3363 2593 3435 τὴν
2629 3363 2920 3434 ἐπιϐουλὴν
2970 3361 3121 3432 αὐτῷ
3152 3362 3517 3431 τυρεύσαντες
3544 3363 3646 3436 ἀρ-

2059 3456 2262 3526 χιερεῖς
2286 3457 2381 3508 xui
2413 3460 2780 3528 γραμματεῖς,
2813 3457 3099 3528 Φαρισαῖοι
3155 3454 3252 3508 xui
3299 3455 3649 3509 Σαδδουκαῖοι

2057 3546 2230 3611 οὕτως
2254 3548 2518 3614 ἐξέλιπον,
2567 3548 2644 3612 ὼς
2681 3549 2815 3620 μηδὲ
2853 3548 3073 3618 μνήμην
3107 3545 3286 3600 αὐτῶν
3340 3546 3506 3602 εἰσέτι
3548 3545 3648 3601 νῦν

2062 3637 2183 3709 μηδ’
2201 3637 2371 3710 ὄνομα
2393 3638 2544 3712 παρά
2576 3639 2850 3702 Ἰουδαίοις
2878 3637 3166 3702 σώζεσθαι.
3201 3638 3333 3692 Τότε
3363 3641 3471 3692 πᾶν
3490 3638 3646 3704 ἔθνος

2059 3729 2236 3785 αὐτῶν
2303 3731 2698 3804 διασκεδασμὸν
2751 3732 2848 3786 xui
2900 3731 3328 3803 διασκορπισμὸν
3379 3729 3637 3800 ὑπέμεινε

2057 3825 2138 3887 είς
2163 3823 2341 3878 πάντα
2362 3823 2430 3878 τὰ
2449 3823 2599 3896 ἔθνη·
2627 3825 2720 3879 xui
2751 3826 2809 3879 ἐν
2841 3827 2955 3889 τοῖς
2975 3824 3113 3896 μετά
3141 3824 3308 3878 ταῦτα
3333 3822 3389 3876 δὲ
3421 3822 3639 3894 χρόνοις

2060 3917 2260 3981 πάντες
2289 3919 2404 3971 ὅσοι
2435 3918 2532 3990 τὴν
2579 3917 2906 3990 Ἐκκλησίαν
2956 3917 3123 3974 αὐτοῦ
3173 3917 3639 3988 πεπολεμήκασιν,

2057 4009 2258 4082 ὁμοίως
2281 4009 2524 4076 ἐξέλιπον
2556 4010 2651 4064 xui
2685 4011 2840 4064 αὐτοὶ
2884 4011 2961 4074 ὡς
3000 4010 3242 4063 ἐκλείπει
3295 4009 3499 4071 καπνὸς
3547 4007 3646 4062 xui

2058 4103 2135 4166 ὡς
2158 4104 2382 4172 τήκεται
2445 4102 2614 4174 κηρὸς
2645 4102 2753 4156 ἀπὸ
2782 4100 3074 4174 προσώπου
3107 4101 3298 4173 πυρός.
3326 4102 3390 4154 Oi
3423 4100 3522 4172 μὲν
3549 4097 3644 4154 οῦν

2059 4193 2242 4266 ἐχθροὶ
2268 4194 2362 4248 τοῦ
2383 4193 2621 4267 Χριστοῦ
2670 4194 2767 4249 xui
2819 4196 2868 4248 οἱ
2924 4193 3206 4266 μισοῦντες
3225 4192 3388 4247 αὐτὸν
3415 4190 3646 4246 τοιαῦτα

2059 4283 2382 4348 πεπόνθασι,
2411 4285 2507 4339 xui
2531 4283 2612 4337 ἐτι
2649 4283 2850 4354 μᾶλλον
2871 4285 2919 4338 ci
2942 4283 3165 4356 ἀόρατοι
3187 4285 3282 4337 καὶ
3308 4285 3534 4352 ἀφανεῖς
3560 4284 3648 4354 ἐχ-

372 4391 480 4448 que
534 4377 666 4432 talia
732 4375 1046 4432 dicentibus
1107 4376 1455 4432 invexerunt.
1518 4374 1721 4431 llexter
1791 4390 1957 4446 porro

2065 4379 2197 4450 θροῖ,
2223 4379 2448 4450 πονηροὶ
2471 4378 2722 4450 δαίμονες
2743 4379 2836 4434 xui
2865 4377 3114 4451 μοχθηρά
3144 4377 3459 4448 πνεύματα,
3477 4376 3547 4429 δι’
3566 4370 3644 4431 ὧν

375 4470 677 4525 amicorum
705 4467 804 4524 Dei
825 4469 964 4524 ordo
992 4469 1195 4540 quibus
1225 4470 1281 4524 in
1307 4467 1619 4524 Servatoris
1653 4468 1826 4524 nostri
1863 4482 1950 4523 re-

375 4563 721 4618 surrectione
753 4561 1032 4617 frueretur
1069 4563 1250 4626 bonis,
1301 4561 1563 4631 deinceps
1611 4559 1768 4616 docet
1822 4575 1954 4630 pro.

374 4652 560 4722 phetia
581 4669 703 4719 qua:
733 4652 810 4706 ait
845 4670 858 4706 :
898 4669 917 4703 ι
952 4651 1019 4705 Ει
1036 4651 1171 4720 justi
1206 4653 1459 4706 ltetentur
1490 4658 1544 4704 et
1583 4651 1859 4706 exsultent
1897 4650 1952 4704 in

375 4753 673 4812 conspectu
721 4745 837 4808 Dei,
868 4745 1208 4800 delectentur
1235 4745 1290 4798 in
1322 4744 1530 4799 laetitia.
1578 4763 1596 4795 ι
1631 4742 1773 4808 Quid
1817 4741 1951 4798 illud

373 4836 469 4899 sit,
494 4852 604 4890 non
637 4837 968 4906 simpliciter
997 4837 1173 4890 laetari
1200 4844 1254 4892 et
1282 4836 1586 4898 exsultare,
1613 4835 1711 4891 sed
1736 4836 1790 4889 iu
1818 4850 1954 4890 con-

373 4937 567 4998 spectu
622 4929 716 4985 Dei
771 4929 1018 5000 et'apud
1067 4927 1237 4984 Deum
1277 4930 1362 4984 his
1381 4928 1614 5000 perfrui,
1657 4928 1954 4999 divinaque

370 5023 651 5092 voluptate
688 5021 962 5093 gaudere,
1007 5038 1118 5078 non
1147 5026 1346 5094 {potest
1398 5037 1498 5093 pro
1544 5020 1741 5075 merito
1788 5035 1953 5077 enar-

368 5131 507 5172 rari.
966 5147 970 5150 ·
1666 5129 1672 5135 ”

2058 4471 2128 4524 τὰ
2161 4470 2263 4542 τῆς
2289 4471 2550 4525 πολυθέου
2584 4471 2792 4544 πλάνης
2817 4473 3102 4544 ἐνηργεῖτο
3121 4471 3308 4526 πάλαι·
3349 4463 3424 4523 ὧν
3448 4485 3643 4522 παντε-

2059 4562 2158 4634 λὴς
2182 4563 2610 4636 διασκορπισμδς
2641 4563 2780 4635 μετὰ
2829 4563 2928 4634 τὴν
2975 4565 3040 4618 ἐκ
3085 4565 3295 4639 νεκρῶν
3343 4565 3644 4620 ἀνάστασιν

2060 4656 2283 4725 γέγονεν
2307 4673 2322 4688 ·
2392 4656 2441 4709 ci
2495 4656 2540 4708 δ’
2595 4656 2778 4720 αὐτοὶ,
2835 4656 3124 4728 τηκόμενοι
3191 4657 3267 4720 ὠς
3315 4657 3484 4728 κηρὸς
3530 4656 3642 4710 ἀπὸ

2062 4747 2357 4819 προσώπου
2421 4748 2612 4820 πυρὸς,
2655 4748 2824 4802 ἐϐόων
2879 4748 3146 4818 λέγοντες·
3181 4768 3199 4800 ‹
3237 4749 3358 4802 Ἔα·
3395 4748 3450 4802 τί
3503 4750 3640 4819 ἡμῖν

2062 4841 2156 4894 xui
2187 4841 2294 4904 cci,
2360 4841 2457 4895 Υίὲ
2503 4841 2667 4908 Θεοῦ;
2724 4838 2928 4906 *Ηλθες
3002 4841 3108 4914 πρὸ
3162 4841 3354 4912 καιροῦ
3417 4839 3643 4912 βασανί-

2062 4951 2152 4986 σαι
2181 4934 2381 5004 ἡμᾶς.»
2417 4935 2484 4987 Αἱ
2517 4934 2626 5006 γὰρ
2651 4933 2750 5005 τῆς
2795 4932 3045 5004 θεότητος
3090 4933 3254 4988 αὐτοῦ
3285 4933 3507 5004 ἀόρατοι
3545 4930 3642 4985 καὶ

2060 5023 2285 5093 ἀφανεῖς
2315 5026 2550 5091 ἀκτῖνες,
2585 5025 2847 5096 βασάνους
2870 5027 2964 5079 xui
2989 5025 3287 5096 ἀλγηδόνας
3328 5027 3440 5087 τοῖς
3463 5023 3639 5082 ταῦτα

2060 5116 2277 5186 λέγουσι
2304 5121 2581 5190 παρεῖχον.
2644 5117 2717 5172 Τὸ
2747 5118 2805 5172 δέ
2837 5135 2901 5186 γε
2948 5118 3122 5182 δεξιὸν
3165 5117 3273 5171 τῶν
3323 5107 3490 5187 φίλων
3539 5114 3636 5169 τοῦ

370 5212 506 5266 Θεοῦ
529 5211 713 5284 τάγμα
735 5211 936 5265 ὁποίων
958 5211 1230 5265 ἀπέλαυεν
1290 5211 1512 5281 ἀγαθῶν
1541 5213 1599 5266 ἐν
1658 5213 1723 5284 τῇ
1756 5211 1850 5266 τοῦ
1898 5212 2154 5284 Σωτῆρος
2213 5214 2383 5284 ήμῶν.
2419 5214 2734 5279 ἀναστάσει,
2796 5214 2923 5286 ἑξῆς
2951 5215 3189 5269 διδάσκει
3231 5215 3266 5284 ἡ
3328 5210 3637 5285 προφητεία

370 5307 622 5386 λέγουσα·
664 5328 683 5360 ι
731 5309 840 5361 Καὶ
876 5308 925 5360 οἱ
960 5307 1156 5361 δίκαιοι
1205 5308 1689 5380 εὐφρανθήτωσαν,
1737 5307 2187 5376 ἀγαλλιάσθωσαν
2247 5308 2477 5365 ἐνώπιον
2535 5311 2631 5365 τοῦ
2675 5311 2831 5377 Θεοῦ,
2879 5311 3268 5384 τερφθήτωσαν
3315 5311 3375 5364 ἐν
3432 5309 3637 5379 εὐφρο-

370 5405 559 5478 σύνῃ.»
599 5387 810 5460 Ὀποῖον
838 5403 895 5457 δέ
933 5404 1051 5456 ἐστι
1082 5401 1145 5456 τὸ
1198 5403 1272 5474 μὴ
1333 5403 1520 5467 ἁπλῶς
1569 5402 1956 5474 εὐφραίνεσθαι
1994 5403 2090 5457 καὶ
2153 5404 2434 5477 ἀγαλλιᾷν,
2469 5406 2584 5460 ἀλλ’
2617 5404 2849 5460 ἐνώπιον
2902 5407 2996 5461 τοῦ
3033 5386 3169 5460 θεὸῡ
3205 5407 3299 5462 καὶ
3355 5403 3511 5478 παρά
3555 5402 3638 5476 τῷ

369 5501 488 5575 Θεῷ
514 5501 715 5558 τούτων
736 5501 1045 5564 ἀπολαύειν,
1083 5500 1245 5573 ἡδονῇ
1270 5517 1328 5554 τε
1354 5499 1474 5571 θείᾳ
1507 5501 1798 5574 ἐντρυφᾷν,
1841 5501 1940 5552 οὐκ
1978 5499 2121 5554 ἐστιν
2145 5501 2382 5569 ἐπαξίως
2404 5503 2545 5574 λόγῳ
2575 5501 2957 5574 διηγήσασθαι.

455 5678 629 5740 ‘Psal.
650 5697 712 5751 ιι,
743 5684 797 5748 1,
827 5685 880 5744 2.
957 5687 975 5718 "
1003 5683 1148 5742 Psal.
1179 5684 1466 5750 απυδ-5.
1543 5687 1564 5720 ⁸
1591 5685 1780 5740 Matth.
1806 5700 1927 5754 vin,
1954 5685 2047 5744 29.
