4062 6208
399 283 509 347 635

1516 273 2023 336 COMMENTARlA
2062 274 2130 329 IN
2170 275 2511 335 PSALMOS.

3554 280 3691 339 σεε

479 418 500 454 ι
532 399 732 473 ’ᾼσατε
766 398 845 470 τῷ
900 397 1040 471 Θειῖι,
1066 396 1272 467 ψάλατε
1296 396 1371 467 τῷ
1404 397 1625 467 ὀνόματι
1658 394 1844 450 αὑτοῦ·
1874 395 1990 450 o6!)-

2163 390 2329 450 Vsns.
2357 393 2412 458 5,
2452 392 2508 450 6.
2555 411 2574 445 ι
2615 391 2844 450 Cantate
2889 394 3022 463 Deo,
3055 396 3339 467 psalmum
3362 396 3531 453 dicite
3568 413 3666 451 uo-

414 494 667 565 ιιοιήσατε
699 492 778 564 τῷ
799 492 1149 564 ἐπιϐεϐηκότι
1170 491 1265 544 ἐπὶ
1299 489 1569 561 δυσμῶν.»
1603 489 1706 543 Τὸν
1728 490 1834 561 μὲν
1860 489 1991 561 περὶ

411 586 515 643 τῶν
542 586 753 658 ἐχθρῶν
785 586 878 640 καὶ
934 585 1236 657 μισούντων
1266 584 1356 637 τὸν
1387 582 1521 637 Θεὸν
1556 582 1716 651 λόγον
1741 580 1829 635 διὰ
1859 580 1989 654 βρα-

409 680 545 749 χέων
578 679 873 750 ἐπετέμετο
888 680 922 749 ὴ
940 675 1260 750 προφητείασ
1288 675 1378 729 τὸν
1401 675 1457 728 δὲ
1486 673 1741 746 περὶτῶν
1765 674 1991 731 δικαίων

410 770 650 838 ἐξαπλοτ,
680 770 1088 842 ἐνδιατρίϐουσα
1111 771 1177 840 τῇ
1210 768 1340 840 περὶ
1388 766 1570 821 αὐτῶν
1605 767 1815 840 μνήμῃ.
1875 766 1989 819 Καὶ

409 862 474 935 δὴ
507 863 567 917 τὸ
615 860 840 933 Πνεῦμα
867 861 928 915 τὸ
950 860 1104 929 ἆγιον
1134 858 1569 933 παρακελεύεται
1614 859 1727 920 τοῖς
1759 855 1990 918 δικαίοις

408 954 555 1026 ᾄδειν
585 955 679 1011 καὶ
707 954 926 1026 ψάλλειν
956 952 1034 1024 τῷ
1064 951 1206 1023 Θεῷ,
1257 953 1339 1015 ὡς
1382 951 1448 1005 ἂν
1481 950 1570 1004 διὰ
1599 948 1803 1003 τούτων
1863 947 1989 1019 μέλ-

408 1046 590 1102 λουσιν
610 1046 900 1101 ἀπολαύειν
924 1046 1026 1117 τῆς
1058 1044 1209 1109 θείας
1239 1042 1578 1115 εὐφροσύνης
1607 1043 1699 1095 καὶ
1724 1042 1821 1113 τῆς
1854 1058 1989 1114 προ-

407 1138 692 1212 λεχθείσης
720 1139 1005 1213 τερπωλῆς
1030 1139 1124 1193 καὶ
1178 1135 1571 1207 ἀγαλλιάσεως.
1602 1134 1713 1188 Καὶ
1756 1133 1987 1207 ἐπείπερ

408 1231 519 1286 τῶν
542 1230 636 1285 δύο
670 1231 894 1297 τούτων,
951 1231 1095 1300 λέγω
1142 1230 1201 1284 δὲ
1232 1227 1325 1283 τοῦ
1358 1228 1506 1301 ᾄδειν
1535 1226 1629 1282 καὶ
1658 1226 1900 1298 ψάλλειν,
1926 1227 1988 1281 τὸ

415 1320 514 1392 μὲν
544 1323 791 1393 κρεῖττον
820 1315 888 1391 ἦν
917 1319 978 1373 τὸ
1031 1318 1201 1392 ᾄδειν,
1246 1317 1308 1370 τὸ
1344 1317 1402 1372 δὲ
1439 1315 1777 1389 ὑποϐεϐηκὸς
1809 1317 1870 1370 τὸ
1919 1316 1986 1369 δι’

409 1412 642 1486 ὀργάνου
676 1410 1097 1487 ἀνακρούεσθαι,
1145 1409 1368 1475 εἰκότως
1396 1409 1457 1465 τὸ
1489 1408 1592 1480 μὲν
1624 1412 1870 1482 κρεῖττον
1899 1410 1988 1464 άν-

411 1505 576 1577 έθηκε
599 1504 677 1575 τῷ
702 1504 841 1576 Θεῷ,
873 1503 934 1556 τὸ
948 1504 1007 1557 δὲ
1034 1503 1125 1559 διά
1147 1502 1242 1557 τοῦ
1262 1503 1495 1575 ὀργάνου
1512 1502 1756 1576 ἐνεργεῖν
1781 1501 1859 1574 τῷ
1874 1502 1990 1557 ὀνό-

414 1617 546 1671 ματι
580 1597 766 1655 αὐτοῦ.
816 1618 835 1651 ‹
863 1599 1065 1671 νᾼσατε
1092 1616 1110 1650 ι
1172 1597 1303 1671 γὰρ,
1339 1597 1494 1669 φησὶ,
1553 1601 1578 1651 't
1614 1596 1693 1669 τῷ
1720 1596 1861 1668 Θεῷ,
1892 1597 1989 1651 καὶ

410 1691 618 1761 ψάλατε
649 1690 728 1762 τῷ
768 1690 993 1762 ὀνόματι
1042 1689 1264 1744 αὐτοῦ.»
1302 1690 1453 1762 ᾊδει
1498 1690 1556 1744 δέ
1597 1690 1675 1762 τῷ
1725 1688 1845 1761 Θεῷ
1869 1689 1987 1745 ὁδί

412 1783 583 1855 ὑγιῶν
613 1784 898 1854 δογμάτων
925 1783 1024 1855 τὴν
1055 1782 1231 1855 ψυχὴν
1272 1784 1700 1856 πεπαιδευμένος
1755 1784 1853 1838 ml.
1894 1783 1993 1849 τὰς

413 1877 730 1951 πρεπούσας
753 1876 901 1947 αύτῷ
926 1875 1203 1945 θεολογίας
1222 1878 1288 1930 ἐκ
1316 1876 1552 1941 διανοίας
1575 1874 1994 1948 κεκαθαρμένης

410 1966 771 2038 ἀναπέμπων·
811 1965 1002 2036 ψάλλει
1032 1967 1089 2021 δὲ
1119 1965 1198 2037 τῷ
1233 1966 1457 2038 ὀνόματι
1491 1966 1679 2032 αὐτοῦ,
1712 1968 1742 2020 ὁ
1771 1966 1859 2021 διὰ
1883 1966 1994 2020 τῶν

406 2058 505 2114 τοῦ
554 2060 801 2131 σώματος
833 2061 1098 2131 κινήσεων
1124 2059 1219 2113 καὶ
1246 2057 1335 2112 διὰ
1370 2058 1472 2129 τῆς
1490 2057 1600 2113 τῶν
1620 2058 1992 2132 αἰσθητηρίων

411 2150 693 2221 ἐνεργείας
710 2148 935 2203 τοιαῦτα
959 2149 1233 2223 πράττων,
1262 2149 1340 2213 ώς
1366 2148 1681 2217 δοξάζεσθαι
1726 2148 1795 2203 δι’
1825 2148 1991 2204 αὐτοῦ

408 2240 562 2311 παρὰ
579 2243 692 2305 τοῖς
710 2241 877 2314 ὁρῶσι
902 2241 962 2294 τὸ
981 2242 1151 2314 ὄνομα
1176 2241 1268 2296 τοῦ
1294 2241 1452 2296 Θεοῦ.
1513 2241 1699 2298 Ταῦτα
1753 2235 1852 2315 μὲν
1898 2239 1992 2298 οὖν

409 2331 602 2402 πρῶτα
632 2332 1068 2405 παρακελεύεται
1110 2332 1190 2405 τῷ
1235 2334 1344 2389 τῶν
1390 2334 1616 2390 δικαίων
1645 2334 1792 2408 χορῷ
1820 2336 1993 2408 πράτ-

406 2440 520 2479 τειν
539 2425 568 2478 δ
597 2423 775 2494 λόγος’
814 2425 944 2496 ἑξῆς
973 2426 1029 2480 δὲ
1048 2427 1281 2499 πρᾶγμά
1308 2444 1363 2480 τι
1385 2429 1558 2481 ποιεῖν
1577 2427 1785 2501 ἑτέροις
1808 2430 1995 2500 χρήσι-

412 2534 511 2585 μον
539 2517 886 2591 προστάττει.
915 2516 1033 2574 Ἵνα
1087 2522 1196 2593 γὰρ
1250 2520 1414 2592 ἐπιϐῇ
1440 2522 1471 2574 δ
1497 2520 1629 2585 Θεὸς
1650 2520 1728 2591 τῷ
1754 2521 1861 2575 τῶν
1895 2522 1992 2576 άν-

408 2605 641 2679 θρώπων
676 2606 797 2678 βίῳ,
833 2608 927 2662 καὶ
944 2608 1095 2673 ὅπως
1126 2610 1556 2683 ἐμπεριπατήσῃ
1597 2612 1710 2673 τοῖς
1746 2611 1839 2663 ἐπὶ
1865 2611 1989 2682 γῆς,

405 2699 506 2771 τὴν
530 2700 646 2754 ὁδὸν
678 2700 826 2772 αύτῷ
856 2701 1007 2755 λείαν
1050 2704 1146 2757 καὶ
1188 2703 1396 2776 ὁμαλὴν
1441 2702 1851 2776 ἀπεργάζεσθαι
1877 2703 1992 2757 δια-

407 2792 687 2850 κελεύεται
709 2795 951 2865 φάσκων⁸
989 2814 1008 2847 ι
1028 2796 1472 2869 Ὀδοποιήσατεοι
1507 2795 1541 2869 ἦ
1570 2796 1711 2852 κατὰ
1736 2796 1830 2850 τὸν
1844 2796 1992 2868 Σύμ-

405 2903 603 2957 μαχον,
671 2905 690 2939 ‹
722 2888 1180 2960 Καταστρώσατε·
1204 2908 1228 2941 ι
1280 2890 1423 2944 κατὰ
1472 2890 1531 2944 δὲ
1583 2890 1676 2944 τὸν
1739 2889 1990 2954 Ἀκύλαν,

409 2998 433 3030 ‹
470 2979 1017 3046 Ἀποσκολοπίσατε,›
1051 2982 1303 3037 τουτέστι
1350 2985 1459 3037 πᾶν
1487 2984 1698 3038 σκολιὸν
1738 2983 1990 3054 ἀφέλετε,

2020 1760 2067 1816 Β

403 3071 505 3126 καὶ
533 3073 640 3127 πᾶν
670 3074 841 3145 τραχὺ
876 3074 1321 3150 καταστρώσατε,
1349 3077 1425 3141 ὼς
1441 3075 1507 3130 ἂν
1533 3076 1743 3146 γένοιτο
1762 3076 1880 3130 λεία
1894 3075 1989 3129 καὶ⁸
2015 3107 2060 3165 C

398 3165 585 3238 ὁμαλὴ
614 3164 708 3219 τοῦ
740 3165 875 3220 Θεοῦ
905 3169 939 3239 ἡ
990 3168 1070 3232 είς
1112 3168 1434 3239 ἀνθρώπους
1489 3169 1707 3243 πορεία.
1737 3169 1907 3245 Τοῦτο
1932 3170 1991 3223 δέ

405 3258 503 3312 καὶ
539 3257 768 3322 Ἡσαΐας
814 3258 1004 3331 ἐδήλου
1045 3260 1239 3329 λέγων·
1295 3280 1315 3314 ι
1350 3262 1706 3333 Ἑτοιμάσατε
1754 3260 1853 3333 τὴν
1878 3260 1994 3315 ὁδὸν

406 3352 635 3423 Κυρίου,
672 3351 888 3417 εὐθείας
940 3356 1143 3408 ποιεῖτε
1196 3355 1295 3419 τὰς
1326 3354 1546 3427 τρίϐους
1593 3353 1783 3410 αὐτοῦ.
1836 3356 1994 3409 Πᾶσα

405 3443 625 3517 φάραγξ
679 3444 1122 3521 πληρωθήσεται,
1164 3450 1263 3501 καὶ
1322 3450 1430 3503 πᾶν
1473 3448 1598 3521 ὅρος
1658 3450 1754 3503 καὶ
1806 3448 1993 3520 βουνὸς

405 3538 898 3610 ταπεινωθήσεται.
956 3541 1069 3595 Καὶ
1106 3540 1261 3596 ἔσται
1292 3541 1363 3596 τά
1407 3540 1595 3597 σκολιὰ
1636 3543 1718 3605 είς
1754 3542 1989 3609 εὐθεῖαν,

407 3631 569 3704 καὶὴ
617 3636 849 3706 τραχεῖα
908 3635 991 3699 είς
1044 3633 1197 3699 ὀδοὺς
1250 3635 1419 3699 λείας,
1464 3634 1558 3689 καὶ
1604 3634 1793 3704 ὄψεται
1842 3638 1992 3689 πᾶσα

411 3724 547 3798 σάρξ
574 3725 635 3779 τὸ
669 3728 936 3801 σωτήριον
963 3727 1058 3781 τοῦ
1085 3726 1275 3782 Θεοῦ.)
1320 3726 1582 3781 Ἐνταῦθα
1602 3726 1660 3780 δὲ
1702 3728 1763 3780 οὐ
1795 3728 1991 3800 πρότε-

412 3829 503 3884 ρον
535 3813 793 3869 ὄδοποιεῖν
845 3816 1057 3871 κελεύει
1119 3817 1154 3891 ἢ
1211 3817 1426 3889 πρῶτον
1474 3818 1675 3882 αὐτοὺς
1719 3817 1991 3890 μαθόντας

406 3908 556 3970 ὅπως
587 3907 693 3979 χρὴ
719 3908 863 3980 ᾅδειν
900 3908 977 3980 τῷ
1023 3908 1143 3981 Θεῷ
1173 3910 1268 3963 καίΙ
1322 3910 1473 3974 ὅπως
1507 3910 1729 3981 ψάλλειν
1769 3909 1848 3982 τῷ
1871 3911 1989 3964 ὀνό-

411 4017 542 4070 ματι
560 3999 743 4057 αὐτοῦ.
772 4001 955 4057 Ταῦτα
983 4001 1093 4075 γὰρ
1121 4003 1498 4076 προμαθόντας
1539 4006 1633 4060 καὶ
1665 4003 1847 4077 ἔργοις
1871 4007 1991 4059 ἐπι-

406 4091 750 4159 τελέσαντας,
800 4094 925 4166 ἐξῆς
970 4094 1217 4165 βούλεται
1263 4092 1545 4161 ὁδοποιεῖν,
1599 4097 1845 4152 τουτέστι
1890 4098 1991 4163 τὰς

406 4182 563 4257 παρὰ
594 4186 701 4240 τῶν
731 4186 1032 4259 ἀνθρώπων
1049 4188 1227 4261 ψυχάς
1256 4190 1717 4261 παρασκευάζειν,
1743 4191 1989 4266 καθαράς

404 4294 466 4332 τε
498 4278 594 4333 καὶ
626 4279 877 4349 ἑτοίμους
907 4280 1078 4344 αύτάς
1121 4280 1527 4354 ἀπεργάζεσθαι
1554 4282 1637 4346 εἰς
1675 4282 1777 4354 τὴν
1804 4284 1990 4356 ἐπιδη-

409 4371 540 4443 μίαν
570 4369 663 4424 τού
687 4370 1121 4443 προδηλωθὲντος
1148 4370 1304 4426 Θεοῦ.
1330 4372 1423 4425 Διό
1442 4390 1627 4445 φησιν⁸
1658 4391 1677 4425 ι
1713 4374 1989 4446 Ὀδοποιή-

2096 483 2232 539 mini
2276 484 2418 555 ejus,
2448 484 2553 539 iter
2580 482 2743 540 facite
2770 486 2844 549 ei,
2875 487 2970 557 qui
3012 487 3266 542 ascendit
3312 503 3478 557 super
3505 501 3668 542 occa-

2095 593 2239 632 sum.
2280 596 2300 628 ι
2332 575 2654 633 Sermonem
2679 576 2747 632 de
2772 577 3010 633 inimicis
3031 586 3086 634 et
3112 580 3371 634 osoribus
3399 578 3495 634 Dei
3535 577 3676 634 Vor-

2078 669 2149 725 'bi
2201 668 2528 740 compendio
2557 668 2792 724 absolvit
2814 668 3138 739 prophetia;
3170 668 3243 724 de
3268 668 3438 739 justis
3485 677 3669 725 autent

2095 762 2273 818 fusius
2296 760 2427 833 agit,
2457 777 2760 833 eorumque
2783 763 3300 818 commemorationi
3332 762 3561 818 insistit.
3607 761 3672 817 Et

2096 868 2227 910 sane
2251 852 2492 924 Spiritus
2513 862 2743 910 sanctus
2763 854 2922 925 jubet
2947 855 3132 924 justos
3157 863 3382 911 cantare
3416 864 3471 911 et
3518 855 3673 925 psal-

2094 943 2207 999 lere
2239 942 2383 1010 Deo;
2403 952 2595 1016 utpote
2621 945 2716 1016 qui
2735 944 2821 1000 his
2842 955 3125 1012 vacantes,
3154 945 3670 1009 divinamlaetitiam

2093 1045 2563 1108 memoratamque
2585 1037 3005 1095 delectationem
3036 1047 3091 1094 et
3125 1040 3548 1096 exsultationem
3571 1054 3675 1095 na-

2094 1128 2238 1184 cturi
2266 1129 2397 1184 sint.
2435 1128 2574 1197 Quia
2607 1146 2736 1187 vero
2771 1147 2842 1187 ex
2884 1131 2973 1188 bis
3020 1131 3260 1196 duobus,
3309 1132 3572 1193 nimirum
3601 1149 3673 1190 ex

2094 1229 2261 1275 cantu
2293 1230 2348 1277 et
2395 1238 2464 1279 ex
2516 1225 2841 1296 psalmodia,
2898 1226 3267 1303 praestabilior
3299 1237 3494 1283 cantus
3527 1236 3671 1291 erat,

2095 1320 2259 1383 atque
2287 1311 2520 1369 inferior
2552 1312 2657 1386 ipsi
2679 1322 2801 1370 erat
2829 1316 3187 1372 instrumenti
3236 1317 3511 1388 pulsatio;
3545 1318 3673 1389 jure

2093 1407 2238 1477 quod
2273 1410 2632 1479 praestantius
2689 1419 2808 1467 erat
2863 1410 2977 1468 Deo
3030 1411 3262 1477 addixit,
3319 1412 3672 1470 instrumenti

2094 1513 2226 1553 vero
2254 1500 2527 1556 actionem
2558 1502 2773 1559 nomini
2802 1503 2943 1575 ejus.
2977 1504 3120 1561 Nam
3154 1505 3356 1578 inquit,
3390 1524 3410 1558 ι
3453 1514 3674 1563 cantate

2095 1586 2228 1655 Deo,
2258 1598 2313 1646 et
2340 1592 2611 1663 psalmum
2640 1592 2809 1650 dicite
2847 1596 3059 1652 nomini
3090 1597 3235 1668 ejus.
3289 1617 3309 1651 ι
3353 1597 3464 1654 Deo
3487 1607 3675 1655 autem

2093 1692 2299 1748 cantat,
2330 1684 2491 1753 cujus
2520 1686 2705 1741 anima
2735 1703 2871 1743 sana
2900 1688 3153 1744 doctrina
3182 1690 3437 1747 instituta
3476 1698 3585 1756 est,
3615 1699 3679 1747 et

2094 1775 2454 1846 congruentia
2493 1776 2790 1852 divinaque
2840 1779 3010 1836 verba
3054 1797 3123 1838 ex
3163 1798 3301 1853 pura
3331 1784 3675 1840 conscientia

2095 1869 2201 1939 ipsi
2225 1870 2584 1939 transmittit;
2620 1871 2808 1942 psallit
2836 1887 2967 1928 vero
2992 1874 3206 1930 nomini
3227 1875 3371 1946 ejus,
3418 1876 3514 1948 qui
3542 1891 3677 1932 cor-

2095 1960 2277 2028 poreis
2308 1960 2549 2018 motibus
2588 1971 2643 2018 et
2691 1964 2939 2020 sensibili
3003 1967 3221 2023 actione
3262 1968 3391 2023 talia
3423 1969 3671 2037 exhibet,

2092 2068 2215 2124 quae
2244 2062 2585 2125 spectatores
2606 2054 2675 2110 ad
2699 2072 2899 2114 nomen
2928 2057 3026 2115 Dei
3066 2060 3245 2131 gloria
3279 2060 3672 2118 celebrandum

2093 2145 2377 2202 inducant.
2402 2146 2530 2203 Haec
2558 2146 2725 2220 igitur
2748 2150 2927 2220 primo
2946 2150 3179 2222 jubetur
3216 2151 3495 2223 justorum
3535 2154 3672 2209 cbo-

2093 2254 2190 2294 rus
2216 2255 2475 2312 peragere
2496 2257 2514 2310 ;
2544 2241 2746 2299 deinde
2766 2258 2897 2300 vero
2918 2243 3093 2300 eidem
3113 2245 3429 2316 precipitur
3453 2254 3514 2301 ut
3534 2261 3679 2317 opus

2093 2328 2216 2385 aliis
2241 2330 2373 2385 utile
2406 2331 2676 2401 perﬁciat.
2711 2332 2848 2389 Nam
2881 2342 2940 2389 ut
2984 2335 3129 2392 Deus
3160 2336 3229 2391 ad
3255 2336 3541 2393 hominum
3580 2355 3676 2410 ge-

2092 2437 2200 2477 nus
2218 2423 2472 2485 accedat.
2500 2432 2700 2480 etcum
2739 2426 3030 2499 terrigenis
3064 2429 3429 2499 perambulet,
3474 2434 3673 2501 praeci-

2093 2515 2173 2586 pit
2204 2523 2265 2571 ut
2291 2516 2438 2572 viam
2474 2515 2691 2573 facilem
2714 2526 2879 2589 atque
2910 2521 3128 2590 planam
3161 2522 3267 2593 ipsi
3296 2524 3566 2589 muniant,
3590 2524 3679 2580 di-

2091 2623 2224 2664 cens
2257 2626 2274 2666 :
2308 2625 2331 2657 ι
2372 2608 2483 2664 Ιιει·
2505 2609 2701 2675 facite;
2734 2628 2755 2663 ι
2790 2611 2906 2667 sive
2934 2612 3239 2667 secundum
3260 2612 3671 2685 Symmachum,

2097 2718 2117 2751 ι
2147 2698 2422 2769 Sternite;
2451 2721 2469 2754 ι
2506 2701 2811 2758 secundum
2838 2702 3094 2775 Aquilam
3122 2720 3271 2769 vero,
3301 2723 3320 2756 ι
3355 2705 3402 2759 Α
3431 2708 3677 2765 surculis

2091 2796 2376 2860 mundate,
2407 2815 2426 2847 ι
2464 2795 2517 2851 id
2541 2802 2648 2863 est,
2678 2810 2840 2852 omne
2867 2803 3177 2851 tortuosum
3201 2794 3504 2862 auferte,et
3527 2798 3675 2868 quod

2091 2902 2347 2959 asperum
2377 2894 2485 2953 est,
2522 2888 2772 2951 sternite,
2802 2894 2863 2942 ut
2894 2887 3000 2942 iter
3034 2885 3131 2943 Dei
3161 2887 3229 2943 ad
3258 2887 3510 2947 homines
3556 2890 3675 2961 pla-

2090 2995 2223 3035 num
2252 2978 2523 3050 facileque
2572 2980 2791 3036 evadat.
2834 2978 3079 3052 ldipsum
3110 2981 3194 3038 sic
3223 2980 3395 3039 Isaias
3426 2982 3677 3039 declara-

2091 3073 2207 3127 vit’
2239 3092 2255 3129 :
2288 3092 2309 3125 ι
2349 3072 2549 3128 Parate
2576 3073 2723 3128 viam
2749 3072 2992 3139 Domini,
3025 3081 3208 3130 rectas
3232 3073 3397 3132 facite
3447 3076 3674 3132 semitas

2092 3166 2232 3235 ejus.
2269 3164 2463 3222 Omnis
2487 3166 2647 3223 vallis
2687 3165 3026 3236 implebitur,
3068 3174 3125 3223 et
3168 3166 3350 3223 omnis
3404 3182 3563 3224 mons
3620 3178 3677 3224 et

2093 3259 2250 3315 collis
2296 3259 2699 3314 bumiliabitur.
2740 3257 2807 3314 Et
2842 3269 3005 3315 erunt
3034 3267 3286 3317 tortuosa
3327 3259 3383 3314 in
3411 3261 3557 3321 viam
3586 3279 3675 3319 re-

2094 3360 2263 3414 clam,
2292 3358 2346 3406 et
2373 3366 2568 3423 aspera
2595 3352 2652 3407 in
2674 3352 2795 3409 vias
2840 3353 3055 3424 planas.
3121 3353 3189 3419 Et
3239 3356 3447 3411 videbit
3493 3356 3676 3410 omnis

2092 3459 2224 3499 caro
2249 3445 2492 3501 salutare
2519 3445 2635 3501 Dei.
2672 3466 2691 3498 ι
2731 3444 2832 3500 llic
2849 3462 2981 3503 vero
3008 3462 3119 3501 non
3145 3448 3300 3517 prius
3348 3453 3455 3504 iter
3494 3448 3676 3504 facere

2086 3535 2267 3606 jubet,
2323 3552 2491 3609 quam
2541 3537 2870 3593 edidicerint
2928 3538 3024 3608 qui
3081 3540 3388 3594 canendum
3422 3547 3675 3612 oporteat

2090 3626 2204 3682 Deo
2263 3634 2318 3683 et
2371 3628 2719 3698 psallendum
2767 3629 2982 3684 nomini
3036 3630 3179 3699 ejus.
3236 3629 3336 3687 His
3369 3631 3673 3692 institutos,

2090 3728 2385 3792 postquam
2416 3721 2472 3777 id
2501 3722 2680 3792 reipsa
2716 3723 3092 3792 praestiterint,
3128 3723 3235 3778 iter
3265 3722 3465 3780 deinde
3494 3724 3676 3781 facere

2090 3814 2359 3886 praecipit,
2400 3814 2457 3869 id
2489 3823 2595 3878 est,
2626 3815 2900 3870 humanas
2933 3816 3149 3872 animas
3195 3831 3529 3888 praeparare,
3571 3834 3675 3888 pu-

2090 3922 2291 3978 rasque
2318 3907 2443 3962 illas
2476 3914 2531 3965 et
2560 3906 2628 3961 ad
2654 3906 2828 3977 ipsius
2860 3904 2954 3961 Dei
2982 3907 3276 3964 adventum
3310 3916 3530 3978 paratas
3559 3909 3671 3964 eiii--

2089 4014 2235 4055 cere.
2266 3998 2634 4066 Quamobrem
2665 3998 2745 4053 ait
2781 4019 2794 4054 :
2834 4017 2853 4050 ‹
2894 3998 3001 4055 lter
3025 4000 3189 4057 facile
3218 4001 3270 4057 ei
3291 4000 3384 4072 qui
3421 4000 3669 4057 ascendit

2092 4106 2261 4162 super
2284 4106 2567 4156 occasum,
2603 4089 2871 4147 Dominus
2895 4107 3095 4147 nomen
3132 4092 3232 4147 illi.
3281 4111 3301 4143 ι
3353 4091 3451 4147 Hic
3505 4107 3672 4163 porro

2092 4179 2382 4236 Dominum
2417 4195 2557 4237 nova
2604 4196 2740 4236 voce
2787 4181 3092 4237 secundum
3125 4180 3450 4238 Hebraicam
3482 4183 3672 4238 lectio-

2088 4288 2211 4329 nem
2242 4274 2517 4344 expressit
2580 4290 2598 4331 :
2659 4275 2840 4345 ipsum
2871 4274 3095 4345 quippe,
3154 4276 3228 4340 ia,
3277 4275 3666 4345 nuncupavit:

2088 4381 2260 4436 quare
2291 4364 2679 4438 Symmachus,
2716 4383 2737 4417 ι
2777 4365 2880 4421 Ρει·
2911 4366 2970 4429 ia
2994 4366 3320 4423 vocabulum
3348 4366 3492 4436 ejus,
3536 4386 3556 4418 ι
3585 4367 3670 4421 in-

407 4477 541 4521 σατε
593 4459 675 4532 τῷ
708 4460 1058 4533 ἐπιϐεϐηκότι
1112 4461 1205 4514 ἐπὶ
1260 4461 1501 4532 δυσμῶν,
1567 4462 1769 4534 Κύριος
1814 4463 1987 4535 ὄνομα

2091 4463 2426 4527 terpretatus
2454 4463 2541 4512 est
2576 4475 2589 4510 :
2626 4458 2819 4527 quinta
2846 4469 2979 4510 vero
3010 4455 3203 4521 editio,
3238 4473 3258 4508 ι
3288 4455 3348 4511 ιη
3380 4457 3436 4512 ia
3467 4471 3668 4515 nomen

405 4552 612 4625 αὐτῷ.»
646 4553 898 4627 Κέκληκε
949 4553 1006 4608 δὲ
1044 4554 1135 4609 τὸν
1186 4553 1390 4627 Κύριον
1438 4553 1669 4609 ἐνταῦθα
1696 4556 1987 4628 καινοτέρᾳ

406 4650 558 4719 φωνῇ
619 4646 761 4703 κατὰ
826 4648 927 4722 τὴν
980 4647 1275 4722 Ἐϐραῖκὴν
1331 4647 1495 4714 λέξιν·
1548 4649 1610 4703 l’a
1660 4648 1770 4720 γὰρ
1825 4649 1986 4703 αὑτὸν

403 4740 709 4812 ώνόμασεν’
738 4742 859 4796 ὅθεν
880 4744 909 4797 ὁ
937 4741 1253 4813 Σύμμαχος,
1308 4761 1325 4792 ι
1355 4742 1453 4797 Διὰ
1483 4740 1577 4797 τοῦ
1614 4742 1676 4796 τα
1721 4743 1754 4813 ἡ
1791 4742 1988 4812 ὀνομα-

406 4816 499 4885 σία
528 4832 744 4899 αύτοῦ,›
777 4834 1139 4907 ήρμήνευσενο
1171 4836 1205 4906 ἡ
1228 4833 1285 4887 δὲ
1316 4834 1543 4907 πέμπτη
1574 4834 1805 4898 ἐκδοσις,
1838 4852 1857 4885 ι
1898 4833 1987 4886 Ἐν

402 4924 484 4998 τῷ
509 4927 571 4978 τα
595 4926 657 4979 τὸ
706 4926 879 4998 ὄνομα
935 4926 1153 4981 αὐτοῦ.»
1189 4926 1438 4999 ᾘνίξατο
1478 4927 1535 4982 δὲ
1576 4927 1637 4981 τὸ
1687 4926 1858 4998 ὄνομα
1888 4924 1984 4978 τοῦ

402 5016 658 5091 Σωτῆρος
695 5018 869 5090 Ἰησοῦ
906 5019 994 5073 διὰ
1021 5020 1122 5092 τῆς
1156 5019 1380 5093 πρώτης
1412 5019 1701 5092 συλλαϐῆς.
1726 5020 1837 5074 Καὶ
1864 5018 1988 5073 τοῦ·

398 5108 496 5164 τὸν
524 5110 863 5185 τὸν-Κύριον,
898 5105 960 5166 οὗ
987 5112 1048 5166 τὸ
1074 5112 1248 5183 ὄνομά
1266 5128 1429 5183 φησιν
1455 5108 1597 5167 εἶναι
1627 5113 1717 5167 διὰ
1750 5110 1847 5167 τοῦ
1901 5112 1983 5174 τα,

400 5199 438 5271 ἢ
490 5201 550 5254 ἐν
593 5200 672 5272 τῷ
724 5201 807 5267 la,
856 5202 1243 5275 ἐπιϐεϐηκέναι
1298 5204 1392 5259 ἐπὶ
1443 5203 1662 5274 δυσμῶν
1722 5203 1981 5259 διδάσκει’

404 5293 663 5364 σημαίνει
695 5294 752 5348 δὲ
800 5295 900 5368 τὴν
930 5298 1011 5361 είς
1036 5295 1355 5369 ἀνθρώπους
1407 5296 1573 5355 αὐτοῦ
1630 5295 1863 5368 πάροδον
1892 5300 1985 5353 καὶ

399 5385 501 5459 τὴν
521 5386 785 5459 ἐνσαρκον
812 5389 1129 5460 ἐπιδημίαν.
1160 5389 1234 5443 Οὐ
1287 5388 1396 5462 γὰρ
1428 5388 1520 5443 τὸν
1556 5391 1614 5444 ἐν
1640 5394 1820 5463 μορφῇ
1850 5390 1984 5446 Θεοῦ

402 5480 537 5536 Θεὸν
553 5481 725 5550 Λόγον
754 5482 963 5553 γυμνὸν
983 5480 1254 5547 ἐπιδείξας
1284 5481 1478 5552 φώτων
1495 5481 1652 5554 δίκην
1678 5481 1983 5556 ὲξήστραψε

405 5574 494 5631 τὸν
516 5575 623 5630 τῶν
652 5576 956 5649 ἀνθρώπων
988 5576 1122 5647 βίον,
1156 5578 1369 5650 μορφὴν
1389 5577 1447 5632 δέ
1472 5577 1660 5632 δούλου
1686 5577 1864 5634 λαϐὼν
1893 5580 1987 5633 καὶ

473 5736 495 5766 ⁹
517 5737 621 5799 lsa.
654 5753 740 5800 ιιι.
979 5737 1022 5769 ¹⁶
1051 5735 1252 5808 Ephes.
1288 5753 1356 5802 vi,
1392 5735 1479 5793 l2.

2089 4550 2235 4619 ejus.
2275 4567 2296 4601 ι
2335 4546 2441 4604 Ρει·
2460 4548 2697 4619 primam
2731 4555 2914 4603 autem
2941 4546 3205 4620 syllabam
3227 4563 3431 4605 nomen
3463 4546 3667 4605 Serva-

2091 4644 2226 4699 toris
2253 4640 2384 4698 Jesu
2424 4641 2815 4698 subindicavit.
2861 4641 2928 4698 Et
2961 4641 3052 4695 hic
3082 4648 3167 4696 est
3191 4639 3458 4698 Dominus
3509 4642 3672 4713 cujus

2088 4750 2290 4793 nomen
2316 4750 2413 4806 per
2445 4735 2522 4799 ia,
2572 4736 2657 4791 vel
2699 4735 2757 4790 in
2787 4735 2843 4788 ia
2872 4733 3007 4789 dicit
3036 4749 3163 4790 esse
3211 4752 3224 4787 :
3266 4743 3323 4790 et
3353 4734 3673 4793 ascendisse

2088 4841 2213 4881 eum
2244 4826 2313 4881 ad
2345 4840 2607 4881 occasum
2639 4824 2825 4889 docet,
2855 4822 3238 4897 signiﬁcatque
3258 4825 3379 4896 ejus
3414 4826 3469 4880 in
3501 4841 3669 4881 carne

2088 4918 2384 4974 transitum
2415 4916 2484 4973 ad
2519 4918 2792 4975 homines.
2830 4919 3017 4990 Neque
3060 4922 3210 4975 enim
3270 4933 3419 4983 cum,
3471 4919 3564 4991 qui
3612 4920 3671 4975 in

2090 5007 2265 5064 forma
2298 5008 2394 5065 Dei
2417 5016 2561 5074 erat,
2593 5008 2765 5065 Deum
2799 5007 3034 5067 Verbum
3062 5009 3272 5065 nudum
3302 5010 3572 5066 exhibens
3591 5011 3670 5065 lu-

2088 5102 2171 5158 cis
2206 5101 2402 5167 instar,
2431 5102 2736 5157 humanum
2773 5116 2947 5173 genus
2998 5101 3329 5169 illustravit;
3365 5102 3459 5160 sed
3489 5101 3666 5157 forma

2089 5194 2235 5249 servi
2265 5202 2514 5264 accepta,
2550 5193 2835 5264 radiisque
2861 5194 3085 5250 deitatis
3109 5210 3224 5253 suae
3253 5196 3573 5257 contractis,
3608 5201 3666 5248 et

2087 5285 2398 5357 incorpore
2419 5283 2580 5357 quasi
2604 5284 2915 5349 demersus,
2948 5301 3073 5343 cum
3106 5286 3178 5343 ad
3200 5300 3460 5343 occasum
3491 5298 3666 5352 usque

2090 5379 2337 5435 mortalis
2369 5378 2495 5435 vitae
2534 5378 2847 5438 devenisset
2873 5385 3059 5452 (quam
3094 5380 3262 5435 vitam
3282 5380 3500 5435 divinus
3514 5375 3667 5445 Apo-

2090 5482 2265 5536 stolus
2292 5480 2546 5538 tenebras
2571 5490 2749 5547 vocat,
2775 5481 2966 5541 dicens
3018 5499 3032 5534 :
3101 5497 3121 5530 ι
3165 5479 3440 5535 Adversus
3473 5475 3666 5533 mundi

2089 5586 2334 5632 rectores
2359 5576 2710 5634 tenebrarum
2743 5576 3004 5631 harum"
3038 5571 3265 5644 i);sive
3322 5570 3487 5626 etiam
3536 5584 3667 5627 cum
