  <div class='ocr_page' id='page_1' title='image "/cluster/home/n/w/nwhite01/storage/ocr_20150623/23/hvd.32044073501116/349.png"; bbox 0 0 4024 6210; ppageno 0'>
   <div class='ocr_carea' id='block_1_1' title="bbox 412 275 516 329">
    <p class='ocr_par' dir='ltr' id='par_1_1' title="bbox 412 275 516 329">
     <span class='ocr_line' id='line_1_1' title="bbox 412 275 516 329; baseline -0.01 0"><span class='ocrx_word' id='word_1_1' title='bbox 412 275 516 329; x_wconf 61' lang='lat'><strong>657</strong></span> 
     </span>
    </p>
   </div>
   <div class='ocr_carea' id='block_1_2' title="bbox 1084 275 2970 340">
    <p class='ocr_par' dir='ltr' id='par_1_2' title="bbox 1084 275 2970 340">
     <span class='ocr_line' id='line_1_2' title="bbox 1084 275 2970 340; baseline 0.004 -8"><span class='ocrx_word' id='word_1_2' title='bbox 1084 277 1351 334; x_wconf 77' lang='lat' dir='ltr'><strong>EUSEBII</strong></span> <span class='ocrx_word' id='word_1_3' title='bbox 1403 275 1881 334; x_wconf 67' lang='lat' dir='ltr'><strong>CAESARIENSIS</strong></span> <span class='ocrx_word' id='word_1_4' title='bbox 1919 278 2068 334; x_wconf 83' lang='lat' dir='ltr'><strong>OPP.</strong></span> <span class='ocrx_word' id='word_1_5' title='bbox 2108 279 2286 336; x_wconf 80' lang='lat' dir='ltr'><strong>PARS</strong></span> <span class='ocrx_word' id='word_1_6' title='bbox 2324 281 2410 337; x_wconf 75' lang='grc' dir='ltr'>ιη.</span> <span class='ocrx_word' id='word_1_7' title='bbox 2452 313 2520 324; x_wconf 83' lang='lat'><strong>-—-</strong></span> <span class='ocrx_word' id='word_1_8' title='bbox 2562 282 2970 340; x_wconf 70' lang='lat' dir='ltr'><strong>EKLCETICA.</strong></span> 
     </span>
    </p>
   </div>
   <div class='ocr_carea' id='block_1_3' title="bbox 3567 289 3672 345">
    <p class='ocr_par' dir='ltr' id='par_1_3' title="bbox 3567 289 3672 345">
     <span class='ocr_line' id='line_1_3' title="bbox 3567 289 3672 345; baseline 0.01 -3"><span class='ocrx_word' id='word_1_9' title='bbox 3567 289 3672 345; x_wconf 68' lang='lat'><strong>688</strong></span> 
     </span>
    </p>
   </div>
   <div class='ocr_carea' id='block_1_4' title="bbox 418 395 1998 477">
    <p class='ocr_par' dir='ltr' id='par_1_4' title="bbox 418 395 1984 468">
     <span class='ocr_line' id='line_1_4' title="bbox 418 395 1984 468; baseline 0.003 -21"><span class='ocrx_word' id='word_1_10' title='bbox 418 398 595 464; x_wconf 83' lang='lat' dir='ltr'><strong>ipsam</strong></span> <span class='ocrx_word' id='word_1_11' title='bbox 648 403 878 450; x_wconf 88' lang='lat' dir='ltr'><strong>mortem</strong></span> <span class='ocrx_word' id='word_1_12' title='bbox 905 395 1186 460; x_wconf 84' lang='lat' dir='ltr'><strong>subiisset,</strong></span> <span class='ocrx_word' id='word_1_13' title='bbox 1233 395 1551 452; x_wconf 85' lang='lat' dir='ltr'><strong>ascendisse</strong></span> <span class='ocrx_word' id='word_1_14' title='bbox 1579 397 1784 450; x_wconf 87' lang='lat' dir='ltr'><strong>dicitur</strong></span> <span class='ocrx_word' id='word_1_15' title='bbox 1818 411 1984 468; x_wconf 91' lang='lat' dir='ltr'><strong>super</strong></span> 
     </span>
    </p>
   </div>
   <div class='ocr_carea' id='block_1_5' title="bbox 2102 395 3676 477">
    <p class='ocr_par' dir='ltr' id='par_1_5' title="bbox 2102 397 3676 477">
     <span class='ocr_line' id='line_1_5' title="bbox 2102 397 3676 477; baseline 0.003 -24"><span class='ocrx_word' id='word_1_16' title='bbox 2102 399 2184 464; x_wconf 78' lang='grc' dir='ltr'>τὰς</span> <span class='ocrx_word' id='word_1_17' title='bbox 2208 402 2428 466; x_wconf 83' lang='grc' dir='ltr'>ἀκτῖνας</span> <span class='ocrx_word' id='word_1_18' title='bbox 2449 397 2548 476; x_wconf 78' lang='grc' dir='ltr'>τῆς</span> <span class='ocrx_word' id='word_1_19' title='bbox 2564 402 2757 456; x_wconf 88' lang='grc' dir='ltr'>ἐαυτοῦ</span> <span class='ocrx_word' id='word_1_20' title='bbox 2783 402 3034 473; x_wconf 72' lang='grc' dir='ltr'><strong>θεότητος</strong></span> <span class='ocrx_word' id='word_1_21' title='bbox 3057 400 3357 468; x_wconf 75' lang='grc' dir='ltr'><strong>συστείλας,</strong></span> <span class='ocrx_word' id='word_1_22' title='bbox 3381 401 3676 477; x_wconf 71' lang='grc' dir='ltr'>καὶῶσπερ</span> 
     </span>
    </p>
   </div>
   <div class='ocr_carea' id='block_1_6' title="bbox 417 499 1990 574">
    <p class='ocr_par' dir='ltr' id='par_1_6' title="bbox 417 499 1990 574">
     <span class='ocr_line' id='line_1_6' title="bbox 417 499 1990 574; baseline 0.003 -21"><span class='ocrx_word' id='word_1_23' title='bbox 417 515 697 555; x_wconf 82' lang='lat' dir='ltr'><strong>occasum.</strong></span> <span class='ocrx_word' id='word_1_24' title='bbox 723 499 860 554; x_wconf 84' lang='lat' dir='ltr'><strong>lluic</strong></span> <span class='ocrx_word' id='word_1_25' title='bbox 895 500 1062 570; x_wconf 91' lang='lat' dir='ltr'><strong>igitur</strong></span> <span class='ocrx_word' id='word_1_26' title='bbox 1092 501 1344 566; x_wconf 91' lang='lat' dir='ltr'><strong>Domino,</strong></span> <span class='ocrx_word' id='word_1_27' title='bbox 1393 503 1486 572; x_wconf 88' lang='lat' dir='ltr'><strong>qui</strong></span> <span class='ocrx_word' id='word_1_28' title='bbox 1540 503 1789 558; x_wconf 77' lang='lat' dir='ltr'><strong>ascendit</strong></span> <span class='ocrx_word' id='word_1_29' title='bbox 1823 519 1990 574; x_wconf 84' lang='lat' dir='ltr'><strong>super</strong></span> 
     </span>
    </p>
   </div>
   <div class='ocr_carea' id='block_1_7' title="bbox 411 591 1992 665">
    <p class='ocr_par' dir='ltr' id='par_1_7' title="bbox 411 591 1992 665">
     <span class='ocr_line' id='line_1_7' title="bbox 411 591 1992 665; baseline 0.002 -20"><span class='ocrx_word' id='word_1_30' title='bbox 411 606 688 657; x_wconf 80' lang='lat' dir='ltr'><strong>occasum,</strong></span> <span class='ocrx_word' id='word_1_31' title='bbox 720 592 879 661; x_wconf 80' lang='lat' dir='ltr'><strong>cujus</strong></span> <span class='ocrx_word' id='word_1_32' title='bbox 912 608 1112 648; x_wconf 87' lang='lat' dir='ltr'><strong>nomen</strong></span> <span class='ocrx_word' id='word_1_33' title='bbox 1142 591 1272 648; x_wconf 77' lang='lat' dir='ltr'><strong>Jesu</strong></span> <span class='ocrx_word' id='word_1_34' title='bbox 1295 609 1391 664; x_wconf 87' lang='lat' dir='ltr'><strong>per</strong></span> <span class='ocrx_word' id='word_1_35' title='bbox 1422 595 1476 648; x_wconf 80' lang='lat' dir='ltr'><strong>ia</strong></span> <span class='ocrx_word' id='word_1_36' title='bbox 1500 594 1862 665; x_wconf 83' lang='lat' dir='ltr'><strong>significatur,</strong></span> <span class='ocrx_word' id='word_1_37' title='bbox 1887 596 1992 650; x_wconf 89' lang='lat' dir='ltr'><strong>iter</strong></span> 
     </span>
    </p>
   </div>
   <div class='ocr_carea' id='block_1_8' title="bbox 414 683 1990 758">
    <p class='ocr_par' dir='ltr' id='par_1_8' title="bbox 414 683 1990 758">
     <span class='ocr_line' id='line_1_8' title="bbox 414 683 1990 758; baseline 0.003 -22"><span class='ocrx_word' id='word_1_38' title='bbox 414 683 595 738; x_wconf 81' lang='lat' dir='ltr'><strong>facite.</strong></span> <span class='ocrx_word' id='word_1_39' title='bbox 627 683 751 738; x_wconf 64' lang='lat' dir='ltr'><strong>Haec</strong></span> <span class='ocrx_word' id='word_1_40' title='bbox 777 700 942 753; x_wconf 92' lang='lat' dir='ltr'><strong>porro</strong></span> <span class='ocrx_word' id='word_1_41' title='bbox 964 685 1265 755; x_wconf 90' lang='lat' dir='ltr'><strong>apostolico</strong></span> <span class='ocrx_word' id='word_1_42' title='bbox 1298 686 1471 741; x_wconf 91' lang='lat' dir='ltr'><strong>choro</strong></span> <span class='ocrx_word' id='word_1_43' title='bbox 1503 687 1726 756; x_wconf 83' lang='lat' dir='ltr'><strong>spiritus</strong></span> <span class='ocrx_word' id='word_1_44' title='bbox 1757 687 1990 758; x_wconf 88' lang='lat' dir='ltr'><strong>prophe-</strong></span> 
     </span>
    </p>
   </div>
   <div class='ocr_carea' id='block_1_9' title="bbox 413 777 1989 850">
    <p class='ocr_par' dir='ltr' id='par_1_9' title="bbox 413 777 1989 850">
     <span class='ocr_line' id='line_1_9' title="bbox 413 777 1989 850; baseline 0.003 -19"><span class='ocrx_word' id='word_1_45' title='bbox 413 777 556 833; x_wconf 90' lang='lat' dir='ltr'><strong>ticus</strong></span> <span class='ocrx_word' id='word_1_46' title='bbox 610 779 878 850; x_wconf 75' lang='lat' dir='ltr'><strong>prazcipit,</strong></span> <span class='ocrx_word' id='word_1_47' title='bbox 923 791 976 834; x_wconf 81' lang='lat' dir='ltr'><strong>et</strong></span> <span class='ocrx_word' id='word_1_48' title='bbox 1012 781 1143 834; x_wconf 92' lang='lat' dir='ltr'><strong>illud</strong></span> <span class='ocrx_word' id='word_1_49' title='bbox 1193 796 1317 836; x_wconf 88' lang='lat' dir='ltr'><strong>cum</strong></span> <span class='ocrx_word' id='word_1_50' title='bbox 1355 780 1639 836; x_wconf 87' lang='lat' dir='ltr'><strong>alacritate</strong></span> <span class='ocrx_word' id='word_1_51' title='bbox 1673 789 1728 836; x_wconf 90' lang='lat' dir='ltr'><strong>et</strong></span> <span class='ocrx_word' id='word_1_52' title='bbox 1791 781 1989 836; x_wconf 86' lang='lat' dir='ltr'><strong>fiducia</strong></span> 
     </span>
    </p>
   </div>
   <div class='ocr_carea' id='block_1_10' title="bbox 413 872 1991 944">
    <p class='ocr_par' dir='ltr' id='par_1_10' title="bbox 413 872 1991 944">
     <span class='ocr_line' id='line_1_10' title="bbox 413 872 1991 944; baseline 0.004 -20"><span class='ocrx_word' id='word_1_53' title='bbox 413 885 608 943; x_wconf 89' lang='lat' dir='ltr'><strong>magna</strong></span> <span class='ocrx_word' id='word_1_54' title='bbox 660 872 838 942; x_wconf 79' lang='lat' dir='ltr'><strong>ipsum</strong></span> <span class='ocrx_word' id='word_1_55' title='bbox 896 873 1359 944; x_wconf 79' lang='lat' dir='ltr'><strong>peragerejubet.</strong></span> <span class='ocrx_word' id='word_1_56' title='bbox 1393 873 1760 939; x_wconf 82' lang='lat' dir='ltr'><strong>Quamobrem</strong></span> <span class='ocrx_word' id='word_1_57' title='bbox 1791 874 1991 930; x_wconf 91' lang='lat' dir='ltr'><strong>deinde</strong></span> 
     </span>
    </p>
   </div>
   <div class='ocr_carea' id='block_1_11' title="bbox 415 963 1988 1036">
    <p class='ocr_par' dir='ltr' id='par_1_11' title="bbox 415 963 1988 1036">
     <span class='ocr_line' id='line_1_11' title="bbox 415 963 1988 1036; baseline 0.003 -19"><span class='ocrx_word' id='word_1_58' title='bbox 415 963 616 1019; x_wconf 80' lang='lat' dir='ltr'><strong>infert:</strong></span> <span class='ocrx_word' id='word_1_59' title='bbox 655 983 674 1017; x_wconf 78' lang='grc' dir='ltr'><strong>ι</strong></span> <span class='ocrx_word' id='word_1_60' title='bbox 708 964 774 1019; x_wconf 85' lang='lat' dir='ltr'><strong>Et</strong></span> <span class='ocrx_word' id='word_1_61' title='bbox 797 967 1068 1022; x_wconf 80' lang='lat' dir='ltr'><strong>exsultate</strong></span> <span class='ocrx_word' id='word_1_62' title='bbox 1092 967 1148 1021; x_wconf 91' lang='lat' dir='ltr'><strong>in</strong></span> <span class='ocrx_word' id='word_1_63' title='bbox 1175 974 1475 1036; x_wconf 90' lang='lat' dir='ltr'><strong>conspectu</strong></span> <span class='ocrx_word' id='word_1_64' title='bbox 1501 966 1654 1036; x_wconf 86' lang='lat' dir='ltr'><strong>ejus;</strong></span> <span class='ocrx_word' id='word_1_65' title='bbox 1689 986 1707 1019; x_wconf 76' lang='grc' dir='ltr'><strong>ι</strong></span> <span class='ocrx_word' id='word_1_66' title='bbox 1751 967 1868 1022; x_wconf 87' lang='lat' dir='ltr'><strong>sive</strong></span> <span class='ocrx_word' id='word_1_67' title='bbox 1900 984 1988 1023; x_wconf 53' lang='lat' dir='ltr'><strong>sev</strong></span> 
     </span>
    </p>
   </div>
   <div class='ocr_carea' id='block_1_12' title="bbox 413 1056 1990 1130">
    <p class='ocr_par' dir='ltr' id='par_1_12' title="bbox 413 1056 1990 1130">
     <span class='ocr_line' id='line_1_12' title="bbox 413 1056 1990 1130; baseline 0.003 -21"><span class='ocrx_word' id='word_1_68' title='bbox 413 1056 652 1111; x_wconf 89' lang='lat' dir='ltr'><strong>cundum</strong></span> <span class='ocrx_word' id='word_1_69' title='bbox 707 1056 1121 1130; x_wconf 82' lang='lat' dir='ltr'><strong>Symmachum,</strong></span> <span class='ocrx_word' id='word_1_70' title='bbox 1181 1077 1200 1110; x_wconf 78' lang='grc' dir='ltr'>ι</span> <span class='ocrx_word' id='word_1_71' title='bbox 1244 1056 1312 1112; x_wconf 84' lang='grc' dir='ltr'><strong>Ει</strong></span> <span class='ocrx_word' id='word_1_72' title='bbox 1365 1058 1674 1128; x_wconf 82' lang='lat' dir='ltr'><strong>gloriamini</strong></span> <span class='ocrx_word' id='word_1_73' title='bbox 1725 1059 1780 1112; x_wconf 92' lang='lat' dir='ltr'><strong>in</strong></span> <span class='ocrx_word' id='word_1_74' title='bbox 1852 1057 1990 1114; x_wconf 88' lang='lat' dir='ltr'><strong>facie</strong></span> 
     </span>
    </p>
   </div>
   <div class='ocr_carea' id='block_1_13' title="bbox 410 1149 1989 1224">
    <p class='ocr_par' dir='ltr' id='par_1_13' title="bbox 410 1149 1989 1224">
     <span class='ocr_line' id='line_1_13' title="bbox 410 1149 1989 1224; baseline 0.001 -20"><span class='ocrx_word' id='word_1_75' title='bbox 410 1150 554 1218; x_wconf 82' lang='lat' dir='ltr'><strong>ejus.</strong></span> <span class='ocrx_word' id='word_1_76' title='bbox 620 1169 639 1202; x_wconf 72' lang='grc' dir='ltr'><strong>ι</strong></span> <span class='ocrx_word' id='word_1_77' title='bbox 689 1149 865 1205; x_wconf 86' lang='lat' dir='ltr'><strong>Aliam</strong></span> <span class='ocrx_word' id='word_1_78' title='bbox 912 1167 1129 1224; x_wconf 91' lang='lat' dir='ltr'><strong>quoque</strong></span> <span class='ocrx_word' id='word_1_79' title='bbox 1183 1151 1430 1222; x_wconf 66' lang='lat' dir='ltr'><strong>praadicti</strong></span> <span class='ocrx_word' id='word_1_80' title='bbox 1485 1152 1700 1207; x_wconf 93' lang='lat' dir='ltr'><strong>Domini</strong></span> <span class='ocrx_word' id='word_1_81' title='bbox 1741 1151 1989 1206; x_wconf 90' lang='lat' dir='ltr'><strong>notitiam</strong></span> 
     </span>
    </p>
   </div>
   <div class='ocr_carea' id='block_1_14' title="bbox 414 1240 1992 1313">
    <p class='ocr_par' dir='ltr' id='par_1_14' title="bbox 414 1240 1992 1313">
     <span class='ocr_line' id='line_1_14' title="bbox 414 1240 1992 1313; baseline -0.001 -19"><span class='ocrx_word' id='word_1_82' title='bbox 414 1241 619 1311; x_wconf 72' lang='lat' dir='ltr'><strong>praebet</strong></span> <span class='ocrx_word' id='word_1_83' title='bbox 637 1240 869 1298; x_wconf 85' lang='lat' dir='ltr'><strong>dicens:</strong></span> <span class='ocrx_word' id='word_1_84' title='bbox 909 1260 926 1294; x_wconf 78' lang='grc' dir='ltr'><strong>ι</strong></span> <span class='ocrx_word' id='word_1_85' title='bbox 959 1242 1140 1298; x_wconf 84' lang='lat' dir='ltr'><strong>Patris</strong></span> <span class='ocrx_word' id='word_1_86' title='bbox 1165 1243 1541 1313; x_wconf 87' lang='lat' dir='ltr'><strong>orphanorum</strong></span> <span class='ocrx_word' id='word_1_87' title='bbox 1577 1250 1632 1298; x_wconf 93' lang='lat' dir='ltr'><strong>et</strong></span> <span class='ocrx_word' id='word_1_88' title='bbox 1673 1243 1879 1312; x_wconf 88' lang='lat' dir='ltr'><strong>judicis</strong></span> <span class='ocrx_word' id='word_1_89' title='bbox 1911 1241 1992 1295; x_wconf 83' lang='lat' dir='ltr'><strong>vi-</strong></span> 
     </span>
    </p>
   </div>
   <div class='ocr_carea' id='block_1_15' title="bbox 413 1332 1990 1405">
    <p class='ocr_par' dir='ltr' id='par_1_15' title="bbox 413 1332 1990 1405">
     <span class='ocr_line' id='line_1_15' title="bbox 413 1332 1990 1405; baseline 0.001 -19"><span class='ocrx_word' id='word_1_90' title='bbox 413 1334 668 1388; x_wconf 88' lang='lat' dir='ltr'><strong>duarum.</strong></span> <span class='ocrx_word' id='word_1_91' title='bbox 708 1353 726 1386; x_wconf 75' lang='grc' dir='ltr'>ι</span> <span class='ocrx_word' id='word_1_92' title='bbox 765 1332 880 1390; x_wconf 87' lang='lat' dir='ltr'><strong>Nisi</strong></span> <span class='ocrx_word' id='word_1_93' title='bbox 912 1335 1057 1390; x_wconf 77' lang='lat' dir='ltr'><strong>enim</strong></span> <span class='ocrx_word' id='word_1_94' title='bbox 1089 1341 1248 1405; x_wconf 87' lang='lat' dir='ltr'><strong>pater</strong></span> <span class='ocrx_word' id='word_1_95' title='bbox 1298 1336 1672 1405; x_wconf 86' lang='lat' dir='ltr'><strong>orphanorum</strong></span> <span class='ocrx_word' id='word_1_96' title='bbox 1712 1343 1767 1389; x_wconf 94' lang='lat' dir='ltr'><strong>et</strong></span> <span class='ocrx_word' id='word_1_97' title='bbox 1795 1332 1990 1388; x_wconf 78' lang='lat' dir='ltr'><strong>vindex</strong></span> 
     </span>
    </p>
   </div>
   <div class='ocr_carea' id='block_1_16' title="bbox 408 1426 1990 1500">
    <p class='ocr_par' dir='ltr' id='par_1_16' title="bbox 408 1426 1990 1500">
     <span class='ocr_line' id='line_1_16' title="bbox 408 1426 1990 1500; baseline 0 -18"><span class='ocrx_word' id='word_1_98' title='bbox 408 1426 688 1496; x_wconf 79' lang='lat' dir='ltr'><strong>judexque</strong></span> <span class='ocrx_word' id='word_1_99' title='bbox 711 1429 996 1483; x_wconf 91' lang='lat' dir='ltr'><strong>viduarum</strong></span> <span class='ocrx_word' id='word_1_100' title='bbox 1039 1429 1177 1484; x_wconf 87' lang='lat' dir='ltr'><strong>ellici</strong></span> <span class='ocrx_word' id='word_1_101' title='bbox 1206 1429 1468 1500; x_wconf 89' lang='lat' dir='ltr'><strong>dignatus</strong></span> <span class='ocrx_word' id='word_1_102' title='bbox 1495 1437 1663 1497; x_wconf 85' lang='lat' dir='ltr'><strong>esset,</strong></span> <span class='ocrx_word' id='word_1_103' title='bbox 1709 1427 1857 1482; x_wconf 89' lang='lat' dir='ltr'><strong>nulla</strong></span> <span class='ocrx_word' id='word_1_104' title='bbox 1887 1427 1990 1496; x_wconf 89' lang='lat' dir='ltr'><strong>ipsi</strong></span> 
     </span>
    </p>
   </div>
   <div class='ocr_carea' id='block_1_17' title="bbox 413 1519 1990 1591">
    <p class='ocr_par' dir='ltr' id='par_1_17' title="bbox 413 1519 1990 1591">
     <span class='ocr_line' id='line_1_17' title="bbox 413 1519 1990 1591; baseline 0 -19"><span class='ocrx_word' id='word_1_105' title='bbox 413 1520 554 1574; x_wconf 84' lang='lat' dir='ltr'><strong>ratio</strong></span> <span class='ocrx_word' id='word_1_106' title='bbox 585 1519 780 1575; x_wconf 85' lang='lat' dir='ltr'><strong>fuisset</strong></span> <span class='ocrx_word' id='word_1_107' title='bbox 811 1536 936 1575; x_wconf 92' lang='lat' dir='ltr'><strong>cum</strong></span> <span class='ocrx_word' id='word_1_108' title='bbox 968 1521 1270 1577; x_wconf 85' lang='lat' dir='ltr'><strong>humilibus</strong></span> <span class='ocrx_word' id='word_1_109' title='bbox 1299 1529 1478 1576; x_wconf 66' lang='lat' dir='ltr'><strong>terrae.</strong></span> <span class='ocrx_word' id='word_1_110' title='bbox 1510 1521 1579 1575; x_wconf 88' lang='lat' dir='ltr'><strong>At</strong></span> <span class='ocrx_word' id='word_1_111' title='bbox 1608 1521 1735 1591; x_wconf 88' lang='lat' dir='ltr'><strong>quia</strong></span> <span class='ocrx_word' id='word_1_112' title='bbox 1769 1535 1866 1590; x_wconf 90' lang='lat' dir='ltr'><strong>per</strong></span> <span class='ocrx_word' id='word_1_113' title='bbox 1886 1519 1990 1573; x_wconf 81' lang='lat' dir='ltr'><strong>hu—</strong></span> 
     </span>
    </p>
   </div>
   <div class='ocr_carea' id='block_1_18' title="bbox 413 1611 1991 1684">
    <p class='ocr_par' dir='ltr' id='par_1_18' title="bbox 413 1611 1991 1684">
     <span class='ocr_line' id='line_1_18' title="bbox 413 1611 1991 1684; baseline 0.001 -20"><span class='ocrx_word' id='word_1_114' title='bbox 413 1611 694 1668; x_wconf 76' lang='lat' dir='ltr'><strong>inanitatis</strong></span> <span class='ocrx_word' id='word_1_115' title='bbox 737 1628 1025 1669; x_wconf 75' lang='lat' dir='ltr'><strong>excessum</strong></span> <span class='ocrx_word' id='word_1_116' title='bbox 1062 1614 1322 1684; x_wconf 84' lang='lat' dir='ltr'><strong>dignatus</strong></span> <span class='ocrx_word' id='word_1_117' title='bbox 1355 1621 1438 1666; x_wconf 86' lang='lat' dir='ltr'><strong>est</strong></span> <span class='ocrx_word' id='word_1_118' title='bbox 1471 1613 1770 1667; x_wconf 88' lang='lat' dir='ltr'><strong>ascendere</strong></span> <span class='ocrx_word' id='word_1_119' title='bbox 1827 1627 1991 1681; x_wconf 88' lang='lat' dir='ltr'><strong>super</strong></span> 
     </span>
    </p>
   </div>
   <div class='ocr_carea' id='block_1_19' title="bbox 413 1703 1988 1776">
    <p class='ocr_par' dir='ltr' id='par_1_19' title="bbox 413 1703 1988 1776">
     <span class='ocr_line' id='line_1_19' title="bbox 413 1703 1988 1776; baseline 0 -20"><span class='ocrx_word' id='word_1_120' title='bbox 413 1719 693 1770; x_wconf 84' lang='lat' dir='ltr'><strong>oceasum,</strong></span> <span class='ocrx_word' id='word_1_121' title='bbox 729 1714 783 1761; x_wconf 90' lang='lat' dir='ltr'><strong>et</strong></span> <span class='ocrx_word' id='word_1_122' title='bbox 829 1707 881 1761; x_wconf 88' lang='lat' dir='ltr'><strong>in</strong></span> <span class='ocrx_word' id='word_1_123' title='bbox 919 1707 1160 1763; x_wconf 88' lang='lat' dir='ltr'><strong>tenebris</strong></span> <span class='ocrx_word' id='word_1_124' title='bbox 1199 1706 1570 1776; x_wconf 87' lang='lat' dir='ltr'><strong>orphanorum</strong></span> <span class='ocrx_word' id='word_1_125' title='bbox 1603 1712 1759 1775; x_wconf 86' lang='lat' dir='ltr'><strong>pater</strong></span> <span class='ocrx_word' id='word_1_126' title='bbox 1783 1703 1988 1769; x_wconf 87' lang='lat' dir='ltr'><strong>vocari,</strong></span> 
     </span>
    </p>
   </div>
   <div class='ocr_carea' id='block_1_20' title="bbox 412 1799 1990 1871">
    <p class='ocr_par' dir='ltr' id='par_1_20' title="bbox 412 1799 1990 1871">
     <span class='ocr_line' id='line_1_20' title="bbox 412 1799 1990 1871; baseline 0 -19"><span class='ocrx_word' id='word_1_127' title='bbox 412 1807 466 1852; x_wconf 90' lang='lat' dir='ltr'><strong>et</strong></span> <span class='ocrx_word' id='word_1_128' title='bbox 497 1799 784 1854; x_wconf 88' lang='lat' dir='ltr'><strong>viduarum</strong></span> <span class='ocrx_word' id='word_1_129' title='bbox 823 1801 1132 1871; x_wconf 89' lang='lat' dir='ltr'><strong>patrocinio</strong></span> <span class='ocrx_word' id='word_1_130' title='bbox 1181 1801 1512 1864; x_wconf 83' lang='lat' dir='ltr'><strong>carentium,</strong></span> <span class='ocrx_word' id='word_1_131' title='bbox 1573 1800 1990 1868; x_wconf 87' lang='lat' dir='ltr'><strong>animarumque</strong></span> 
     </span>
    </p>
   </div>
   <div class='ocr_carea' id='block_1_21' title="bbox 413 1890 1991 1961">
    <p class='ocr_par' dir='ltr' id='par_1_21' title="bbox 413 1890 1991 1961">
     <span class='ocr_line' id='line_1_21' title="bbox 413 1890 1991 1961; baseline 0 -17"><span class='ocrx_word' id='word_1_132' title='bbox 413 1890 695 1955; x_wconf 86' lang='lat' dir='ltr'><strong>orbarum,</strong></span> <span class='ocrx_word' id='word_1_133' title='bbox 733 1891 902 1960; x_wconf 82' lang='lat' dir='ltr'><strong>judex</strong></span> <span class='ocrx_word' id='word_1_134' title='bbox 947 1899 1002 1946; x_wconf 86' lang='lat' dir='ltr'><strong>et</strong></span> <span class='ocrx_word' id='word_1_135' title='bbox 1037 1893 1185 1946; x_wconf 89' lang='lat' dir='ltr'><strong>ultor</strong></span> <span class='ocrx_word' id='word_1_136' title='bbox 1227 1891 1402 1958; x_wconf 80' lang='lat' dir='ltr'><strong>ellici;</strong></span> <span class='ocrx_word' id='word_1_137' title='bbox 1439 1891 1564 1961; x_wconf 89' lang='lat' dir='ltr'><strong>jure</strong></span> <span class='ocrx_word' id='word_1_138' title='bbox 1603 1891 1671 1947; x_wconf 86' lang='lat' dir='ltr'><strong>a‘d</strong></span> <span class='ocrx_word' id='word_1_139' title='bbox 1715 1892 1991 1961; x_wconf 88' lang='lat' dir='ltr'><strong>orphanos</strong></span> 
     </span>
    </p>
   </div>
   <div class='ocr_carea' id='block_1_22' title="bbox 416 1983 1992 2056">
    <p class='ocr_par' dir='ltr' id='par_1_22' title="bbox 416 1983 1992 2056">
     <span class='ocr_line' id='line_1_22' title="bbox 416 1983 1992 2056; baseline 0.003 -22"><span class='ocrx_word' id='word_1_140' title='bbox 416 1984 660 2040; x_wconf 65' lang='lat' dir='ltr'><strong>celestis</strong></span> <span class='ocrx_word' id='word_1_141' title='bbox 685 1983 866 2040; x_wconf 85' lang='lat' dir='ltr'><strong>Patris</strong></span> <span class='ocrx_word' id='word_1_142' title='bbox 903 1985 1146 2055; x_wconf 84' lang='lat' dir='ltr'><strong>ignaros,</strong></span> <span class='ocrx_word' id='word_1_143' title='bbox 1170 1995 1224 2042; x_wconf 90' lang='lat' dir='ltr'><strong>et</strong></span> <span class='ocrx_word' id='word_1_144' title='bbox 1245 1988 1310 2042; x_wconf 86' lang='lat' dir='ltr'><strong>ad</strong></span> <span class='ocrx_word' id='word_1_145' title='bbox 1329 1987 1522 2041; x_wconf 82' lang='lat' dir='ltr'><strong>viduas</strong></span> <span class='ocrx_word' id='word_1_146' title='bbox 1546 1986 1758 2040; x_wconf 89' lang='lat' dir='ltr'><strong>animas</strong></span> <span class='ocrx_word' id='word_1_147' title='bbox 1787 2000 1992 2056; x_wconf 90' lang='lat' dir='ltr'><strong>sponso</strong></span> 
     </span>
    </p>
   </div>
   <div class='ocr_carea' id='block_1_23' title="bbox 413 2077 1993 2148">
    <p class='ocr_par' dir='ltr' id='par_1_23' title="bbox 413 2077 1993 2148">
     <span class='ocr_line' id='line_1_23' title="bbox 413 2077 1993 2148; baseline 0.004 -22"><span class='ocrx_word' id='word_1_148' title='bbox 413 2077 576 2131; x_wconf 88' lang='lat' dir='ltr'><strong>orbas</strong></span> <span class='ocrx_word' id='word_1_149' title='bbox 607 2077 752 2132; x_wconf 90' lang='lat' dir='ltr'><strong>viam</strong></span> <span class='ocrx_word' id='word_1_150' title='bbox 781 2078 1035 2147; x_wconf 88' lang='lat' dir='ltr'><strong>apparari</strong></span> <span class='ocrx_word' id='word_1_151' title='bbox 1060 2078 1235 2147; x_wconf 87' lang='lat' dir='ltr'><strong>jubet.</strong></span> <span class='ocrx_word' id='word_1_152' title='bbox 1262 2079 1412 2133; x_wconf 81' lang='lat' dir='ltr'><strong>Alias</strong></span> <span class='ocrx_word' id='word_1_153' title='bbox 1437 2092 1654 2148; x_wconf 90' lang='lat' dir='ltr'><strong>quoque</strong></span> <span class='ocrx_word' id='word_1_154' title='bbox 1689 2077 1993 2132; x_wconf 81' lang='lat' dir='ltr'><strong>Providen-</strong></span> 
     </span>
    </p>
   </div>
   <div class='ocr_carea' id='block_1_24' title="bbox 417 2169 1993 2233">
    <p class='ocr_par' dir='ltr' id='par_1_24' title="bbox 417 2169 1993 2233">
     <span class='ocr_line' id='line_1_24' title="bbox 417 2169 1993 2233; baseline 0.004 -14"><span class='ocrx_word' id='word_1_155' title='bbox 417 2169 506 2223; x_wconf 73' lang='lat' dir='ltr'><strong>tiae</strong></span> <span class='ocrx_word' id='word_1_156' title='bbox 563 2169 828 2224; x_wconf 88' lang='lat' dir='ltr'><strong>rationem</strong></span> <span class='ocrx_word' id='word_1_157' title='bbox 878 2170 992 2223; x_wconf 76' lang='lat' dir='ltr'><strong>hzec</strong></span> <span class='ocrx_word' id='word_1_158' title='bbox 1056 2170 1329 2225; x_wconf 86' lang='lat' dir='ltr'><strong>sententia</strong></span> <span class='ocrx_word' id='word_1_159' title='bbox 1364 2169 1747 2233; x_wconf 83' lang='lat' dir='ltr'><strong>declaraverit,</strong></span> <span class='ocrx_word' id='word_1_160' title='bbox 1789 2169 1993 2225; x_wconf 81' lang='lat' dir='ltr'><strong>docen‘s</strong></span> 
     </span>
    </p>
   </div>
   <div class='ocr_carea' id='block_1_25' title="bbox 418 2259 1992 2332">
    <p class='ocr_par' dir='ltr' id='par_1_25' title="bbox 418 2259 1992 2332">
     <span class='ocr_line' id='line_1_25' title="bbox 418 2259 1992 2332; baseline 0.001 -20"><span class='ocrx_word' id='word_1_161' title='bbox 418 2259 610 2316; x_wconf 77' lang='lat' dir='ltr'><strong>viduas</strong></span> <span class='ocrx_word' id='word_1_162' title='bbox 629 2268 685 2314; x_wconf 92' lang='lat' dir='ltr'><strong>et</strong></span> <span class='ocrx_word' id='word_1_163' title='bbox 713 2260 1012 2330; x_wconf 87' lang='lat' dir='ltr'><strong>orphanos,</strong></span> <span class='ocrx_word' id='word_1_164' title='bbox 1031 2260 1196 2316; x_wconf 88' lang='lat' dir='ltr'><strong>orbos</strong></span> <span class='ocrx_word' id='word_1_165' title='bbox 1234 2268 1285 2316; x_wconf 87' lang='lat' dir='ltr'><strong>et</strong></span> <span class='ocrx_word' id='word_1_166' title='bbox 1325 2261 1632 2332; x_wconf 78' lang='lat' dir='ltr'><strong>patrocinio</strong></span> <span class='ocrx_word' id='word_1_167' title='bbox 1656 2270 1911 2316; x_wconf 88' lang='lat' dir='ltr'><strong>carentes</strong></span> <span class='ocrx_word' id='word_1_168' title='bbox 1938 2262 1992 2315; x_wconf 90' lang='lat' dir='ltr'><strong>in</strong></span> 
     </span>
    </p>
   </div>
   <div class='ocr_carea' id='block_1_26' title="bbox 418 2351 1992 2423">
    <p class='ocr_par' dir='ltr' id='par_1_26' title="bbox 418 2351 1992 2423">
     <span class='ocr_line' id='line_1_26' title="bbox 418 2351 1992 2423; baseline 0 -17"><span class='ocrx_word' id='word_1_169' title='bbox 418 2351 625 2407; x_wconf 87' lang='lat' dir='ltr'><strong>mundo</strong></span> <span class='ocrx_word' id='word_1_170' title='bbox 662 2353 899 2423; x_wconf 90' lang='lat' dir='ltr'><strong>relinqui</strong></span> <span class='ocrx_word' id='word_1_171' title='bbox 931 2367 1040 2406; x_wconf 92' lang='lat' dir='ltr'><strong>non</strong></span> <span class='ocrx_word' id='word_1_172' title='bbox 1087 2353 1207 2408; x_wconf 90' lang='lat' dir='ltr'><strong>sine</strong></span> <span class='ocrx_word' id='word_1_173' title='bbox 1252 2353 1462 2408; x_wconf 87' lang='lat' dir='ltr'><strong>ratione</strong></span> <span class='ocrx_word' id='word_1_174' title='bbox 1494 2360 1549 2408; x_wconf 92' lang='lat' dir='ltr'><strong>et</strong></span> <span class='ocrx_word' id='word_1_175' title='bbox 1576 2353 1842 2422; x_wconf 84' lang='lat' dir='ltr'><strong>sapientia</strong></span> <span class='ocrx_word' id='word_1_176' title='bbox 1877 2352 1992 2418; x_wconf 88' lang='lat' dir='ltr'><strong>Dei;</strong></span> 
     </span>
    </p>
   </div>
   <div class='ocr_carea' id='block_1_27' title="bbox 417 2443 1996 2516">
    <p class='ocr_par' dir='ltr' id='par_1_27' title="bbox 417 2443 1996 2516">
     <span class='ocr_line' id='line_1_27' title="bbox 417 2443 1996 2516; baseline -0.001 -16"><span class='ocrx_word' id='word_1_177' title='bbox 417 2443 514 2500; x_wconf 84' lang='lat' dir='ltr'><strong>sed</strong></span> <span class='ocrx_word' id='word_1_178' title='bbox 562 2443 630 2498; x_wconf 90' lang='lat' dir='ltr'><strong>ad</strong></span> <span class='ocrx_word' id='word_1_179' title='bbox 682 2444 803 2514; x_wconf 92' lang='lat' dir='ltr'><strong>ejus</strong></span> <span class='ocrx_word' id='word_1_180' title='bbox 850 2443 1104 2515; x_wconf 86' lang='lat' dir='ltr'><strong>gloriam,</strong></span> <span class='ocrx_word' id='word_1_181' title='bbox 1137 2445 1367 2515; x_wconf 85' lang='lat' dir='ltr'><strong>ejusque</strong></span> <span class='ocrx_word' id='word_1_182' title='bbox 1397 2445 1598 2499; x_wconf 74' lang='lat' dir='ltr'><strong>divina:</strong></span> <span class='ocrx_word' id='word_1_183' title='bbox 1633 2444 1996 2516; x_wconf 76' lang='lat' dir='ltr'><strong>providentia:</strong></span> 
     </span>
    </p>
   </div>
   <div class='ocr_carea' id='block_1_28' title="bbox 417 2537 1992 2611">
    <p class='ocr_par' dir='ltr' id='par_1_28' title="bbox 417 2537 1992 2611">
     <span class='ocr_line' id='line_1_28' title="bbox 417 2537 1992 2611; baseline 0 -19"><span class='ocrx_word' id='word_1_184' title='bbox 417 2547 818 2611; x_wconf 86' lang='lat' dir='ltr'><strong>argumentum.</strong></span> <span class='ocrx_word' id='word_1_185' title='bbox 844 2537 998 2609; x_wconf 72' lang='lat' dir='ltr'><strong>Sazpe</strong></span> <span class='ocrx_word' id='word_1_186' title='bbox 1032 2539 1215 2608; x_wconf 88' lang='lat' dir='ltr'><strong>itaque</strong></span> <span class='ocrx_word' id='word_1_187' title='bbox 1247 2539 1480 2609; x_wconf 90' lang='lat' dir='ltr'><strong>orphani</strong></span> <span class='ocrx_word' id='word_1_188' title='bbox 1510 2538 1832 2609; x_wconf 89' lang='lat' dir='ltr'><strong>parentibus</strong></span> <span class='ocrx_word' id='word_1_189' title='bbox 1849 2538 1992 2602; x_wconf 90' lang='lat' dir='ltr'><strong>orbi,</strong></span> 
     </span>
    </p>
   </div>
   <div class='ocr_carea' id='block_1_29' title="bbox 417 2631 1995 2701">
    <p class='ocr_par' dir='ltr' id='par_1_29' title="bbox 417 2631 1995 2701">
     <span class='ocr_line' id='line_1_29' title="bbox 417 2631 1995 2701; baseline 0.001 -19"><span class='ocrx_word' id='word_1_190' title='bbox 417 2632 733 2687; x_wconf 80' lang='lat' dir='ltr'><strong>accuratius</strong></span> <span class='ocrx_word' id='word_1_191' title='bbox 762 2631 939 2687; x_wconf 90' lang='lat' dir='ltr'><strong>edocti</strong></span> <span class='ocrx_word' id='word_1_192' title='bbox 965 2639 1019 2687; x_wconf 93' lang='lat' dir='ltr'><strong>et</strong></span> <span class='ocrx_word' id='word_1_193' title='bbox 1054 2631 1254 2686; x_wconf 85' lang='lat' dir='ltr'><strong>litteris</strong></span> <span class='ocrx_word' id='word_1_194' title='bbox 1286 2631 1523 2686; x_wconf 82' lang='lat' dir='ltr'><strong>instituti</strong></span> <span class='ocrx_word' id='word_1_195' title='bbox 1556 2631 1730 2696; x_wconf 85' lang='lat' dir='ltr'><strong>fuere,</strong></span> <span class='ocrx_word' id='word_1_196' title='bbox 1760 2647 1924 2701; x_wconf 90' lang='lat' dir='ltr'><strong>quam</strong></span> <span class='ocrx_word' id='word_1_197' title='bbox 1957 2631 1995 2684; x_wconf 88' lang='lat' dir='ltr'><strong>ii</strong></span> 
     </span>
    </p>
   </div>
   <div class='ocr_carea' id='block_1_30' title="bbox 416 2722 1996 2794">
    <p class='ocr_par' dir='ltr' id='par_1_30' title="bbox 416 2722 1996 2794">
     <span class='ocr_line' id='line_1_30' title="bbox 416 2722 1996 2794; baseline -0.001 -17"><span class='ocrx_word' id='word_1_198' title='bbox 416 2722 509 2793; x_wconf 83' lang='lat' dir='ltr'><strong>qui</strong></span> <span class='ocrx_word' id='word_1_199' title='bbox 541 2739 572 2777; x_wconf 90' lang='lat' dir='ltr'><strong>a</strong></span> <span class='ocrx_word' id='word_1_200' title='bbox 606 2723 925 2794; x_wconf 87' lang='lat' dir='ltr'><strong>parentibus</strong></span> <span class='ocrx_word' id='word_1_201' title='bbox 965 2723 1183 2778; x_wconf 88' lang='lat' dir='ltr'><strong>educati</strong></span> <span class='ocrx_word' id='word_1_202' title='bbox 1214 2731 1374 2791; x_wconf 86' lang='lat' dir='ltr'><strong>sunt,</strong></span> <span class='ocrx_word' id='word_1_203' title='bbox 1426 2724 1669 2793; x_wconf 83' lang='lat' dir='ltr'><strong>itemque</strong></span> <span class='ocrx_word' id='word_1_204' title='bbox 1724 2724 1996 2778; x_wconf 65' lang='lat' dir='ltr'><strong>diuturna“:</strong></span> 
     </span>
    </p>
   </div>
   <div class='ocr_carea' id='block_1_31' title="bbox 415 2815 1995 2884">
    <p class='ocr_par' dir='ltr' id='par_1_31' title="bbox 415 2815 1995 2884">
     <span class='ocr_line' id='line_1_31' title="bbox 415 2815 1995 2884; baseline 0.001 -16"><span class='ocrx_word' id='word_1_205' title='bbox 415 2815 544 2870; x_wconf 54' lang='lat' dir='ltr'><strong>vita!</strong></span> <span class='ocrx_word' id='word_1_206' title='bbox 569 2824 624 2870; x_wconf 89' lang='lat' dir='ltr'><strong>et</strong></span> <span class='ocrx_word' id='word_1_207' title='bbox 652 2816 848 2870; x_wconf 87' lang='lat' dir='ltr'><strong>annosi</strong></span> <span class='ocrx_word' id='word_1_208' title='bbox 879 2818 1210 2870; x_wconf 79' lang='lat' dir='ltr'><strong>exstiterunt</strong></span> <span class='ocrx_word' id='word_1_209' title='bbox 1245 2833 1257 2868; x_wconf 89' lang='lat'>:</span> <span class='ocrx_word' id='word_1_210' title='bbox 1295 2830 1472 2884; x_wconf 86' lang='lat' dir='ltr'><strong>neque</strong></span> <span class='ocrx_word' id='word_1_211' title='bbox 1513 2815 1691 2870; x_wconf 92' lang='lat' dir='ltr'><strong>solum</strong></span> <span class='ocrx_word' id='word_1_212' title='bbox 1725 2815 1793 2870; x_wconf 92' lang='lat' dir='ltr'><strong>iis</strong></span> <span class='ocrx_word' id='word_1_213' title='bbox 1824 2816 1995 2870; x_wconf 88' lang='lat' dir='ltr'><strong>victui</strong></span> 
     </span>
    </p>
   </div>
   <div class='ocr_carea' id='block_1_32' title="bbox 417 2906 1997 2976">
    <p class='ocr_par' dir='ltr' id='par_1_32' title="bbox 417 2906 1997 2976">
     <span class='ocr_line' id='line_1_32' title="bbox 417 2906 1997 2976; baseline 0.001 -13"><span class='ocrx_word' id='word_1_214' title='bbox 417 2908 729 2965; x_wconf 83' lang='lat' dir='ltr'><strong>necessaria</strong></span> <span class='ocrx_word' id='word_1_215' title='bbox 759 2906 1012 2973; x_wconf 81' lang='lat' dir='ltr'><strong>adfuere;</strong></span> <span class='ocrx_word' id='word_1_216' title='bbox 1039 2907 1148 2961; x_wconf 91' lang='lat' dir='ltr'><strong>imo</strong></span> <span class='ocrx_word' id='word_1_217' title='bbox 1170 2907 1334 2963; x_wconf 90' lang='lat' dir='ltr'><strong>etiam</strong></span> <span class='ocrx_word' id='word_1_218' title='bbox 1371 2907 1618 2976; x_wconf 63' lang='lat' dir='ltr'><strong>praeclari</strong></span> <span class='ocrx_word' id='word_1_219' title='bbox 1653 2916 1706 2962; x_wconf 91' lang='lat' dir='ltr'><strong>et</strong></span> <span class='ocrx_word' id='word_1_220' title='bbox 1754 2907 1997 2964; x_wconf 83' lang='lat' dir='ltr'><strong>illustres</strong></span> 
     </span>
    </p>
   </div>
   <div class='ocr_carea' id='block_1_33' title="bbox 416 2995 1994 3068">
    <p class='ocr_par' dir='ltr' id='par_1_33' title="bbox 416 2995 1994 3068">
     <span class='ocr_line' id='line_1_33' title="bbox 416 2995 1994 3068; baseline -0.003 -11"><span class='ocrx_word' id='word_1_221' title='bbox 416 3016 642 3057; x_wconf 86' lang='lat' dir='ltr'><strong>evasere</strong></span> <span class='ocrx_word' id='word_1_222' title='bbox 671 2999 792 3053; x_wconf 85' lang='lat' dir='ltr'><strong>viri.</strong></span> <span class='ocrx_word' id='word_1_223' title='bbox 826 2995 1064 3068; x_wconf 90' lang='lat' dir='ltr'><strong>Parique</strong></span> <span class='ocrx_word' id='word_1_224' title='bbox 1096 3000 1260 3054; x_wconf 90' lang='lat' dir='ltr'><strong>modo</strong></span> <span class='ocrx_word' id='word_1_225' title='bbox 1303 2999 1564 3054; x_wconf 83' lang='lat' dir='ltr'><strong>mulieres</strong></span> <span class='ocrx_word' id='word_1_226' title='bbox 1616 2998 1673 3053; x_wconf 94' lang='lat' dir='ltr'><strong>in</strong></span> <span class='ocrx_word' id='word_1_227' title='bbox 1706 2997 1994 3054; x_wconf 87' lang='lat' dir='ltr'><strong>viduitatis</strong></span> 
     </span>
    </p>
   </div>
   <div class='ocr_carea' id='block_1_34' title="bbox 2093 507 3673 578">
    <p class='ocr_par' dir='ltr' id='par_1_34' title="bbox 2093 507 3673 578">
     <span class='ocr_line' id='line_1_34' title="bbox 2093 507 3673 578; baseline -0.001 -17"><span class='ocrx_word' id='word_1_228' title='bbox 2093 507 2326 571; x_wconf 77' lang='grc' dir='ltr'>καταδὺς</span> <span class='ocrx_word' id='word_1_229' title='bbox 2352 509 2409 560; x_wconf 94' lang='grc' dir='ltr'><strong>ἐν</strong></span> <span class='ocrx_word' id='word_1_230' title='bbox 2442 507 2518 578; x_wconf 81' lang='grc' dir='ltr'>τῷ</span> <span class='ocrx_word' id='word_1_231' title='bbox 2540 507 2774 578; x_wconf 85' lang='grc' dir='ltr'>σώματι,</span> <span class='ocrx_word' id='word_1_232' title='bbox 2809 508 2902 561; x_wconf 68' lang='grc' dir='ltr'>ἐπὶ</span> <span class='ocrx_word' id='word_1_233' title='bbox 2933 507 3153 578; x_wconf 80' lang='grc' dir='ltr'><strong>δυσμῶν</strong></span> <span class='ocrx_word' id='word_1_234' title='bbox 3176 524 3236 559; x_wconf 89' lang='grc' dir='ltr'><strong>τε</strong></span> <span class='ocrx_word' id='word_1_235' title='bbox 3260 507 3550 578; x_wconf 86' lang='grc' dir='ltr'>γενόμενος</span> <span class='ocrx_word' id='word_1_236' title='bbox 3579 508 3673 561; x_wconf 86' lang='grc' dir='ltr'><strong>τοῦ</strong></span> 
     </span>
    </p>
   </div>
   <div class='ocr_carea' id='block_1_35' title="bbox 2092 595 3678 668">
    <p class='ocr_par' dir='ltr' id='par_1_35' title="bbox 2092 595 3678 668">
     <span class='ocr_line' id='line_1_35' title="bbox 2092 595 3678 668; baseline 0 -18"><span class='ocrx_word' id='word_1_237' title='bbox 2092 597 2284 667; x_wconf 86' lang='grc' dir='ltr'>θνητοῦ</span> <span class='ocrx_word' id='word_1_238' title='bbox 2316 597 2451 668; x_wconf 81' lang='grc' dir='ltr'>βίου,</span> <span class='ocrx_word' id='word_1_239' title='bbox 2477 599 2493 668; x_wconf 86' lang='grc'>(</span> <span class='ocrx_word' id='word_1_240' title='bbox 2515 599 2574 650; x_wconf 83' lang='grc' dir='ltr'>ὃν</span> <span class='ocrx_word' id='word_1_241' title='bbox 2594 599 2622 650; x_wconf 92' lang='grc' dir='ltr'><strong>ὀ</strong></span> <span class='ocrx_word' id='word_1_242' title='bbox 2651 597 2791 659; x_wconf 87' lang='grc' dir='ltr'>θεῖος</span> <span class='ocrx_word' id='word_1_243' title='bbox 2828 597 3145 660; x_wconf 85' lang='grc' dir='ltr'>Ἀπόστολος</span> <span class='ocrx_word' id='word_1_244' title='bbox 3174 597 3362 659; x_wconf 82' lang='grc' dir='ltr'><strong>σκότος</strong></span> <span class='ocrx_word' id='word_1_245' title='bbox 3392 595 3678 668; x_wconf 79' lang='grc' dir='ltr'><strong>ὠνόμασεν</strong></span> 
     </span>
    </p>
   </div>
   <div class='ocr_carea' id='block_1_36' title="bbox 2093 688 3678 761">
    <p class='ocr_par' dir='ltr' id='par_1_36' title="bbox 2093 688 3678 761">
     <span class='ocr_line' id='line_1_36' title="bbox 2093 688 3678 761; baseline -0.001 -18"><span class='ocrx_word' id='word_1_246' title='bbox 2093 688 2283 743; x_wconf 76' lang='grc' dir='ltr'>είπώψ</span> <span class='ocrx_word' id='word_1_247' title='bbox 2329 710 2345 740; x_wconf 79' lang='grc' dir='ltr'><strong>ε</strong></span> <span class='ocrx_word' id='word_1_248' title='bbox 2371 690 2516 761; x_wconf 80' lang='grc' dir='ltr'>Πρὸς</span> <span class='ocrx_word' id='word_1_249' title='bbox 2536 692 2661 752; x_wconf 77' lang='grc' dir='ltr'>τοὺς</span> <span class='ocrx_word' id='word_1_250' title='bbox 2689 690 3141 761; x_wconf 77' lang='grc' dir='ltr'>κοσμοκράτορας</span> <span class='ocrx_word' id='word_1_251' title='bbox 3173 688 3268 742; x_wconf 92' lang='grc' dir='ltr'><strong>τοῦ</strong></span> <span class='ocrx_word' id='word_1_252' title='bbox 3290 689 3514 753; x_wconf 81' lang='grc' dir='ltr'>σκότους</span> <span class='ocrx_word' id='word_1_253' title='bbox 3544 689 3678 742; x_wconf 86' lang='grc' dir='ltr'>τού-</span> 
     </span>
    </p>
   </div>
   <div class='ocr_carea' id='block_1_37' title="bbox 2090 780 3682 854">
    <p class='ocr_par' dir='ltr' id='par_1_37' title="bbox 2090 780 3682 854">
     <span class='ocr_line' id='line_1_37' title="bbox 2090 780 3682 854; baseline -0.002 -18"><span class='ocrx_word' id='word_1_254' title='bbox 2090 783 2230 854; x_wconf 88' lang='grc' dir='ltr'>του·)</span> <span class='ocrx_word' id='word_1_255' title='bbox 2268 802 2285 833; x_wconf 76' lang='lat' dir='ltr'><strong>i</strong></span> <span class='ocrx_word' id='word_1_256' title='bbox 2311 782 2342 852; x_wconf 87' lang='grc' dir='ltr'>ἢ</span> <span class='ocrx_word' id='word_1_257' title='bbox 2368 785 2424 836; x_wconf 89' lang='grc' dir='ltr'><strong>ἐν</strong></span> <span class='ocrx_word' id='word_1_258' title='bbox 2455 782 2604 852; x_wconf 72' lang='grc' dir='ltr'>αὐτῷ</span> <span class='ocrx_word' id='word_1_259' title='bbox 2625 783 2862 846; x_wconf 80' lang='grc' dir='ltr'>καταδὺς</span> <span class='ocrx_word' id='word_1_260' title='bbox 2886 781 2965 853; x_wconf 81' lang='grc' dir='ltr'>τῷ</span> <span class='ocrx_word' id='word_1_261' title='bbox 3010 780 3244 852; x_wconf 81' lang='grc' dir='ltr'><strong>Θανάτῳ,</strong></span> <span class='ocrx_word' id='word_1_262' title='bbox 3279 780 3526 835; x_wconf 86' lang='grc' dir='ltr'>λέλεκται</span> <span class='ocrx_word' id='word_1_263' title='bbox 3559 783 3682 834; x_wconf 84' lang='grc' dir='ltr'>ἐπι-</span> 
     </span>
    </p>
   </div>
   <div class='ocr_carea' id='block_1_38' title="bbox 2093 871 3683 947">
    <p class='ocr_par' dir='ltr' id='par_1_38' title="bbox 2093 871 3683 947">
     <span class='ocr_line' id='line_1_38' title="bbox 2093 871 3683 947; baseline -0.001 -19"><span class='ocrx_word' id='word_1_264' title='bbox 2093 876 2388 946; x_wconf 76' lang='grc' dir='ltr'>ϐεϐηκέναι</span> <span class='ocrx_word' id='word_1_265' title='bbox 2412 877 2504 928; x_wconf 71' lang='grc' dir='ltr'><strong>ἐπὶ</strong></span> <span class='ocrx_word' id='word_1_266' title='bbox 2527 875 2766 947; x_wconf 83' lang='grc' dir='ltr'>δυσμῶν.</span> <span class='ocrx_word' id='word_1_267' title='bbox 2796 874 2984 947; x_wconf 89' lang='grc' dir='ltr'>Τούτῳ</span> <span class='ocrx_word' id='word_1_268' title='bbox 3012 871 3131 940; x_wconf 84' lang='grc' dir='ltr'>οῦν,</span> <span class='ocrx_word' id='word_1_269' title='bbox 3185 875 3340 945; x_wconf 70' lang='grc' dir='ltr'>φησὶ,</span> <span class='ocrx_word' id='word_1_270' title='bbox 3368 873 3448 945; x_wconf 80' lang='grc' dir='ltr'><strong>τῷ</strong></span> <span class='ocrx_word' id='word_1_271' title='bbox 3493 874 3683 927; x_wconf 78' lang='grc' dir='ltr'>ἐπιϐε-</span> 
     </span>
    </p>
   </div>
   <div class='ocr_carea' id='block_1_39' title="bbox 2092 965 3682 1040">
    <p class='ocr_par' dir='ltr' id='par_1_39' title="bbox 2092 965 3682 1040">
     <span class='ocr_line' id='line_1_39' title="bbox 2092 965 3682 1040; baseline -0.001 -18"><span class='ocrx_word' id='word_1_272' title='bbox 2092 971 2282 1040; x_wconf 75' lang='grc' dir='ltr'>ϐηκότι</span> <span class='ocrx_word' id='word_1_273' title='bbox 2323 971 2415 1023; x_wconf 72' lang='grc' dir='ltr'><strong>ἐπὶ</strong></span> <span class='ocrx_word' id='word_1_274' title='bbox 2459 968 2681 1040; x_wconf 86' lang='grc' dir='ltr'>δυσμῶν</span> <span class='ocrx_word' id='word_1_275' title='bbox 2725 969 2936 1040; x_wconf 82' lang='grc' dir='ltr'>Κυρίῳ,</span> <span class='ocrx_word' id='word_1_276' title='bbox 2968 965 3028 1023; x_wconf 69' lang='grc' dir='ltr'>οὗ</span> <span class='ocrx_word' id='word_1_277' title='bbox 3067 968 3128 1022; x_wconf 79' lang='grc' dir='ltr'>τὸ</span> <span class='ocrx_word' id='word_1_278' title='bbox 3171 968 3344 1038; x_wconf 85' lang='grc' dir='ltr'>Ἰησοῦ</span> <span class='ocrx_word' id='word_1_279' title='bbox 3373 968 3547 1038; x_wconf 78' lang='grc' dir='ltr'>ὄνομα</span> <span class='ocrx_word' id='word_1_280' title='bbox 3590 967 3682 1021; x_wconf 73' lang='grc' dir='ltr'>διὰ</span> 
     </span>
    </p>
   </div>
   <div class='ocr_carea' id='block_1_40' title="bbox 2095 1059 3677 1132">
    <p class='ocr_par' dir='ltr' id='par_1_40' title="bbox 2095 1059 3677 1132">
     <span class='ocr_line' id='line_1_40' title="bbox 2095 1059 3677 1132; baseline -0.001 -18"><span class='ocrx_word' id='word_1_281' title='bbox 2095 1061 2186 1114; x_wconf 89' lang='grc' dir='ltr'><strong>τοῦ</strong></span> <span class='ocrx_word' id='word_1_282' title='bbox 2255 1062 2314 1113; x_wconf 82' lang='grc' dir='ltr'>ια</span> <span class='ocrx_word' id='word_1_283' title='bbox 2372 1062 2717 1132; x_wconf 81' lang='grc' dir='ltr'>σημαίνεται,</span> <span class='ocrx_word' id='word_1_284' title='bbox 2777 1061 3151 1131; x_wconf 81' lang='grc' dir='ltr'>ὀδοποιήσατε.</span> <span class='ocrx_word' id='word_1_285' title='bbox 3209 1060 3545 1130; x_wconf 79' lang='grc' dir='ltr'>Προστάττει</span> <span class='ocrx_word' id='word_1_286' title='bbox 3619 1059 3677 1112; x_wconf 77' lang='grc' dir='ltr'>δὲ</span> 
     </span>
    </p>
   </div>
   <div class='ocr_carea' id='block_1_41' title="bbox 2091 1153 3680 1226">
    <p class='ocr_par' dir='ltr' id='par_1_41' title="bbox 2091 1153 3680 1226">
     <span class='ocr_line' id='line_1_41' title="bbox 2091 1153 3680 1226; baseline -0.003 -18"><span class='ocrx_word' id='word_1_287' title='bbox 2091 1154 2266 1208; x_wconf 85' lang='grc' dir='ltr'>ταῦτα</span> <span class='ocrx_word' id='word_1_288' title='bbox 2320 1154 2379 1208; x_wconf 81' lang='grc' dir='ltr'><strong>τὸ</strong></span> <span class='ocrx_word' id='word_1_289' title='bbox 2417 1155 2639 1224; x_wconf 80' lang='grc' dir='ltr'><strong>Πνεῦμα</strong></span> <span class='ocrx_word' id='word_1_290' title='bbox 2697 1153 2758 1206; x_wconf 86' lang='grc' dir='ltr'>τὸ</span> <span class='ocrx_word' id='word_1_291' title='bbox 2823 1153 3162 1226; x_wconf 72' lang='grc' dir='ltr'>προφητικὸν</span> <span class='ocrx_word' id='word_1_292' title='bbox 3206 1153 3283 1224; x_wconf 83' lang='grc' dir='ltr'>τῷ</span> <span class='ocrx_word' id='word_1_293' title='bbox 3333 1153 3680 1223; x_wconf 84' lang='grc' dir='ltr'>ἀποστολικῷ</span> 
     </span>
    </p>
   </div>
   <div class='ocr_carea' id='block_1_42' title="bbox 2091 1243 3679 1319">
    <p class='ocr_par' dir='ltr' id='par_1_42' title="bbox 2091 1243 3679 1319">
     <span class='ocr_line' id='line_1_42' title="bbox 2091 1243 3679 1319; baseline -0.003 -19"><span class='ocrx_word' id='word_1_294' title='bbox 2091 1247 2256 1319; x_wconf 84' lang='grc' dir='ltr'>χορῷ,</span> <span class='ocrx_word' id='word_1_295' title='bbox 2294 1246 2386 1300; x_wconf 68' lang='grc' dir='ltr'><strong>καὶ</strong></span> <span class='ocrx_word' id='word_1_296' title='bbox 2418 1247 2578 1300; x_wconf 89' lang='grc' dir='ltr'>τοῦτο</span> <span class='ocrx_word' id='word_1_297' title='bbox 2606 1247 2863 1318; x_wconf 87' lang='grc' dir='ltr'>πράττειν</span> <span class='ocrx_word' id='word_1_298' title='bbox 2915 1246 3011 1299; x_wconf 79' lang='grc' dir='ltr'><strong>σὺν</strong></span> <span class='ocrx_word' id='word_1_299' title='bbox 3044 1244 3210 1315; x_wconf 80' lang='grc' dir='ltr'>πολλῇ</span> <span class='ocrx_word' id='word_1_300' title='bbox 3266 1243 3546 1316; x_wconf 72' lang='grc' dir='ltr'>προθυμίᾳ</span> <span class='ocrx_word' id='word_1_301' title='bbox 3583 1244 3679 1297; x_wconf 82' lang='grc' dir='ltr'>καὶ</span> 
     </span>
    </p>
   </div>
   <div class='ocr_carea' id='block_1_43' title="bbox 2093 1335 3682 1412">
    <p class='ocr_par' dir='ltr' id='par_1_43' title="bbox 2093 1335 3682 1412">
     <span class='ocr_line' id='line_1_43' title="bbox 2093 1335 3682 1412; baseline -0.004 -19"><span class='ocrx_word' id='word_1_302' title='bbox 2093 1339 2375 1412; x_wconf 71' lang='grc' dir='ltr'>παρρησία</span> <span class='ocrx_word' id='word_1_303' title='bbox 2401 1337 2795 1392; x_wconf 86' lang='grc' dir='ltr'>ἐπικελεύεται.</span> <span class='ocrx_word' id='word_1_304' title='bbox 2845 1338 2936 1391; x_wconf 84' lang='grc' dir='ltr'><strong>Διὸ</strong></span> <span class='ocrx_word' id='word_1_305' title='bbox 2987 1335 3229 1404; x_wconf 85' lang='grc' dir='ltr'>ἐπιλέγει</span> <span class='ocrx_word' id='word_1_306' title='bbox 3276 1335 3423 1406; x_wconf 77' lang='grc' dir='ltr'><strong>ἑξῆς·</strong></span> <span class='ocrx_word' id='word_1_307' title='bbox 3497 1354 3515 1386; x_wconf 74' lang='grc' dir='ltr'><strong>ι</strong></span> <span class='ocrx_word' id='word_1_308' title='bbox 3568 1336 3682 1388; x_wconf 77' lang='grc' dir='ltr'><strong>Καὶ</strong></span> 
     </span>
    </p>
   </div>
   <div class='ocr_carea' id='block_1_44' title="bbox 2092 1427 3676 1501">
    <p class='ocr_par' dir='ltr' id='par_1_44' title="bbox 2092 1427 3676 1501">
     <span class='ocr_line' id='line_1_44' title="bbox 2092 1427 3676 1501; baseline -0.003 -16"><span class='ocrx_word' id='word_1_309' title='bbox 2092 1431 2424 1501; x_wconf 78' lang='grc' dir='ltr'><strong>ἀγαλλιᾶσθε</strong></span> <span class='ocrx_word' id='word_1_310' title='bbox 2455 1430 2684 1486; x_wconf 84' lang='grc' dir='ltr'>ἐνώπιον</span> <span class='ocrx_word' id='word_1_311' title='bbox 2740 1430 2960 1484; x_wconf 77' lang='grc' dir='ltr'>αὐτοῦ’»</span> <span class='ocrx_word' id='word_1_312' title='bbox 2995 1429 3030 1500; x_wconf 80' lang='grc' dir='ltr'>ἧ</span> <span class='ocrx_word' id='word_1_313' title='bbox 3062 1429 3202 1482; x_wconf 85' lang='grc' dir='ltr'><strong>κατά</strong></span> <span class='ocrx_word' id='word_1_314' title='bbox 3227 1428 3318 1481; x_wconf 80' lang='grc' dir='ltr'>τὸν</span> <span class='ocrx_word' id='word_1_315' title='bbox 3358 1427 3676 1498; x_wconf 84' lang='grc' dir='ltr'>Σύμμαχον,</span> 
     </span>
    </p>
   </div>
   <div class='ocr_carea' id='block_1_45' title="bbox 2099 1520 3678 1600">
    <p class='ocr_par' dir='ltr' id='par_1_45' title="bbox 2099 1520 3678 1600">
     <span class='ocr_line' id='line_1_45' title="bbox 2099 1520 3678 1600; baseline -0.004 -22"><span class='ocrx_word' id='word_1_316' title='bbox 2099 1546 2116 1578; x_wconf 80' lang='grc' dir='ltr'><strong>ι</strong></span> <span class='ocrx_word' id='word_1_317' title='bbox 2142 1527 2252 1580; x_wconf 75' lang='grc' dir='ltr'><strong>Καὶ</strong></span> <span class='ocrx_word' id='word_1_318' title='bbox 2279 1525 2576 1600; x_wconf 80' lang='grc' dir='ltr'>γαυριᾶσθε</span> <span class='ocrx_word' id='word_1_319' title='bbox 2606 1527 2686 1588; x_wconf 88' lang='grc' dir='ltr'>εἰς</span> <span class='ocrx_word' id='word_1_320' title='bbox 2718 1524 3009 1596; x_wconf 83' lang='grc' dir='ltr'>πρόσωπον</span> <span class='ocrx_word' id='word_1_321' title='bbox 3036 1521 3220 1576; x_wconf 84' lang='grc' dir='ltr'>αὑτοῦ.</span> <span class='ocrx_word' id='word_1_322' title='bbox 3239 1541 3257 1572; x_wconf 76' lang='grc' dir='ltr'>ι</span> <span class='ocrx_word' id='word_1_323' title='bbox 3296 1521 3406 1574; x_wconf 75' lang='grc' dir='ltr'><strong>Καὶ</strong></span> <span class='ocrx_word' id='word_1_324' title='bbox 3462 1520 3590 1573; x_wconf 74' lang='grc' dir='ltr'>ἄλλο</span> <span class='ocrx_word' id='word_1_325' title='bbox 3620 1520 3678 1572; x_wconf 75' lang='grc' dir='ltr'>δὲ</span> 
     </span>
    </p>
   </div>
   <div class='ocr_carea' id='block_1_46' title="bbox 2092 1613 3680 1690">
    <p class='ocr_par' dir='ltr' id='par_1_46' title="bbox 2092 1613 3680 1690">
     <span class='ocr_line' id='line_1_46' title="bbox 2092 1613 3680 1690; baseline -0.003 -20"><span class='ocrx_word' id='word_1_326' title='bbox 2092 1617 2374 1690; x_wconf 83' lang='grc' dir='ltr'>γνώρισμα</span> <span class='ocrx_word' id='word_1_327' title='bbox 2405 1618 2586 1671; x_wconf 85' lang='grc' dir='ltr'>δίδωσι</span> <span class='ocrx_word' id='word_1_328' title='bbox 2617 1616 2706 1670; x_wconf 88' lang='grc' dir='ltr'><strong>τοῦ</strong></span> <span class='ocrx_word' id='word_1_329' title='bbox 2740 1614 3175 1688; x_wconf 86' lang='grc' dir='ltr'>προδηλωθέντος</span> <span class='ocrx_word' id='word_1_330' title='bbox 3223 1614 3449 1685; x_wconf 80' lang='grc' dir='ltr'>Κυρίου,</span> <span class='ocrx_word' id='word_1_331' title='bbox 3482 1613 3680 1682; x_wconf 81' lang='grc' dir='ltr'>λέγων’</span> 
     </span>
    </p>
   </div>
   <div class='ocr_carea' id='block_1_47' title="bbox 2099 1704 3670 1782">
    <p class='ocr_par' dir='ltr' id='par_1_47' title="bbox 2099 1704 3670 1782">
     <span class='ocr_line' id='line_1_47' title="bbox 2099 1704 3670 1782; baseline -0.004 -19"><span class='ocrx_word' id='word_1_332' title='bbox 2099 1731 2118 1763; x_wconf 76' lang='grc' dir='ltr'>ι</span> <span class='ocrx_word' id='word_1_333' title='bbox 2156 1711 2262 1764; x_wconf 91' lang='grc' dir='ltr'><strong>Τοῦ</strong></span> <span class='ocrx_word' id='word_1_334' title='bbox 2298 1711 2502 1782; x_wconf 79' lang='grc' dir='ltr'>πατρὸς</span> <span class='ocrx_word' id='word_1_335' title='bbox 2529 1709 2636 1763; x_wconf 89' lang='grc' dir='ltr'><strong>τῶν</strong></span> <span class='ocrx_word' id='word_1_336' title='bbox 2667 1708 2918 1778; x_wconf 76' lang='grc' dir='ltr'>ὀρφανῶν</span> <span class='ocrx_word' id='word_1_337' title='bbox 2947 1707 3043 1761; x_wconf 73' lang='grc' dir='ltr'><strong>καὶ</strong></span> <span class='ocrx_word' id='word_1_338' title='bbox 3076 1705 3266 1779; x_wconf 79' lang='grc' dir='ltr'>κριτοῦ</span> <span class='ocrx_word' id='word_1_339' title='bbox 3297 1704 3402 1759; x_wconf 88' lang='grc' dir='ltr'><strong>τῶν</strong></span> <span class='ocrx_word' id='word_1_340' title='bbox 3431 1705 3670 1777; x_wconf 68' lang='grc' dir='ltr'>χηρῶν.»</span> 
     </span>
    </p>
   </div>
   <div class='ocr_carea' id='block_1_48' title="bbox 2021 1781 3682 1874">
    <p class='ocr_par' dir='ltr' id='par_1_48' title="bbox 2021 1781 3682 1874">
     <span class='ocr_line' id='line_1_48' title="bbox 2021 1781 3682 1874; baseline -0.004 -19"><span class='ocrx_word' id='word_1_341' title='bbox 2021 1781 2064 1834; x_wconf 77' lang='grc' dir='ltr'><strong>Β</strong></span> <span class='ocrx_word' id='word_1_342' title='bbox 2093 1803 2156 1855; x_wconf 78' lang='lat' dir='ltr'><strong>Ei</strong></span> <span class='ocrx_word' id='word_1_343' title='bbox 2193 1804 2267 1874; x_wconf 78' lang='grc' dir='ltr'>μὴ</span> <span class='ocrx_word' id='word_1_344' title='bbox 2309 1781 2420 1874; x_wconf 70' lang='grc' dir='ltr'>γὰρ</span> <span class='ocrx_word' id='word_1_345' title='bbox 2451 1801 2700 1874; x_wconf 87' lang='grc' dir='ltr'>ὀρφανῶν</span> <span class='ocrx_word' id='word_1_346' title='bbox 2726 1800 2924 1872; x_wconf 77' lang='grc' dir='ltr'>ἠξίωσε</span> <span class='ocrx_word' id='word_1_347' title='bbox 2959 1797 3208 1868; x_wconf 82' lang='grc' dir='ltr'>γενέσθαι</span> <span class='ocrx_word' id='word_1_348' title='bbox 3253 1798 3456 1870; x_wconf 76' lang='grc' dir='ltr'>πατὴρ,</span> <span class='ocrx_word' id='word_1_349' title='bbox 3495 1795 3682 1868; x_wconf 85' lang='grc' dir='ltr'>χηρῶν</span> 
     </span>
    </p>
   </div>
   <div class='ocr_carea' id='block_1_49' title="bbox 2091 1885 3683 1966">
    <p class='ocr_par' dir='ltr' id='par_1_49' title="bbox 2091 1885 3683 1966">
     <span class='ocr_line' id='line_1_49' title="bbox 2091 1885 3683 1966; baseline -0.006 -18"><span class='ocrx_word' id='word_1_350' title='bbox 2091 1913 2150 1948; x_wconf 93' lang='grc' dir='ltr'><strong>τε</strong></span> <span class='ocrx_word' id='word_1_351' title='bbox 2174 1894 2386 1958; x_wconf 79' lang='grc' dir='ltr'><strong>ἔκδικος</strong></span> <span class='ocrx_word' id='word_1_352' title='bbox 2416 1895 2508 1948; x_wconf 72' lang='grc' dir='ltr'><strong>καὶ</strong></span> <span class='ocrx_word' id='word_1_353' title='bbox 2557 1893 2774 1966; x_wconf 81' lang='grc' dir='ltr'>κριτὴς,</span> <span class='ocrx_word' id='word_1_354' title='bbox 2825 1891 3001 1954; x_wconf 65' lang='grc' dir='ltr'>οὐδεὶς</span> <span class='ocrx_word' id='word_1_355' title='bbox 3045 1885 3113 1962; x_wconf 75' lang='grc' dir='ltr'>ἦν</span> <span class='ocrx_word' id='word_1_356' title='bbox 3150 1888 3298 1959; x_wconf 80' lang='grc' dir='ltr'>αὐτῷ</span> <span class='ocrx_word' id='word_1_357' title='bbox 3341 1888 3498 1957; x_wconf 81' lang='grc' dir='ltr'>λόγος</span> <span class='ocrx_word' id='word_1_358' title='bbox 3541 1887 3683 1960; x_wconf 82' lang='grc' dir='ltr'>πρὸς</span> 
     </span>
    </p>
   </div>
   <div class='ocr_carea' id='block_1_50' title="bbox 2092 1979 3687 2057">
    <p class='ocr_par' dir='ltr' id='par_1_50' title="bbox 2092 1979 3687 2057">
     <span class='ocr_line' id='line_1_50' title="bbox 2092 1979 3687 2057; baseline -0.005 -17"><span class='ocrx_word' id='word_1_359' title='bbox 2092 1989 2217 2050; x_wconf 74' lang='grc' dir='ltr'>τοὺς</span> <span class='ocrx_word' id='word_1_360' title='bbox 2243 1987 2334 2038; x_wconf 73' lang='grc' dir='ltr'>ἐπὶ</span> <span class='ocrx_word' id='word_1_361' title='bbox 2377 1987 2481 2057; x_wconf 84' lang='grc' dir='ltr'><strong>γῆς</strong></span> <span class='ocrx_word' id='word_1_362' title='bbox 2532 1984 2841 2047; x_wconf 84' lang='grc' dir='ltr'>ταπεινούς.</span> <span class='ocrx_word' id='word_1_363' title='bbox 2906 1983 3060 2036; x_wconf 76' lang='grc' dir='ltr'>Ἐπεὶ</span> <span class='ocrx_word' id='word_1_364' title='bbox 3112 1981 3168 2036; x_wconf 88' lang='grc' dir='ltr'><strong>δέ</strong></span> <span class='ocrx_word' id='word_1_365' title='bbox 3218 1981 3340 2035; x_wconf 77' lang='grc' dir='ltr'>καθ’</span> <span class='ocrx_word' id='word_1_366' title='bbox 3375 1979 3687 2052; x_wconf 77' lang='grc' dir='ltr'>ὑπερϐολὴν</span> 
     </span>
    </p>
   </div>
   <div class='ocr_carea' id='block_1_51' title="bbox 2095 2073 3687 2150">
    <p class='ocr_par' dir='ltr' id='par_1_51' title="bbox 2095 2073 3687 2150">
     <span class='ocr_line' id='line_1_51' title="bbox 2095 2073 3687 2150; baseline -0.006 -18"><span class='ocrx_word' id='word_1_367' title='bbox 2095 2079 2502 2150; x_wconf 80' lang='grc' dir='ltr'><strong>φιλανθρωπίας</strong></span> <span class='ocrx_word' id='word_1_368' title='bbox 2529 2077 2866 2149; x_wconf 80' lang='grc' dir='ltr'><strong>κατηξίωσεν</strong></span> <span class='ocrx_word' id='word_1_369' title='bbox 2891 2075 3147 2146; x_wconf 77' lang='grc' dir='ltr'>ἐπιϐῆναι</span> <span class='ocrx_word' id='word_1_370' title='bbox 3188 2075 3281 2127; x_wconf 79' lang='grc' dir='ltr'><strong>ἐπὶ</strong></span> <span class='ocrx_word' id='word_1_371' title='bbox 3311 2073 3552 2144; x_wconf 82' lang='grc' dir='ltr'>δυσμῶν,</span> <span class='ocrx_word' id='word_1_372' title='bbox 3585 2075 3687 2126; x_wconf 69' lang='grc' dir='ltr'><strong>καὶ</strong></span> 
     </span>
    </p>
   </div>
   <div class='ocr_carea' id='block_1_52' title="bbox 2094 2164 3683 2242">
    <p class='ocr_par' dir='ltr' id='par_1_52' title="bbox 2094 2164 3683 2242">
     <span class='ocr_line' id='line_1_52' title="bbox 2094 2164 3683 2242; baseline -0.006 -16"><span class='ocrx_word' id='word_1_373' title='bbox 2094 2171 2201 2226; x_wconf 88' lang='grc' dir='ltr'><strong>τῶν</strong></span> <span class='ocrx_word' id='word_1_374' title='bbox 2231 2174 2288 2225; x_wconf 89' lang='grc' dir='ltr'><strong>ἐν</strong></span> <span class='ocrx_word' id='word_1_375' title='bbox 2318 2171 2395 2241; x_wconf 82' lang='grc' dir='ltr'><strong>τῷ</strong></span> <span class='ocrx_word' id='word_1_376' title='bbox 2417 2172 2592 2242; x_wconf 80' lang='grc' dir='ltr'>σκότῳ</span> <span class='ocrx_word' id='word_1_377' title='bbox 2615 2169 2866 2242; x_wconf 76' lang='grc' dir='ltr'>ὀρφανῶν</span> <span class='ocrx_word' id='word_1_378' title='bbox 2893 2167 3229 2240; x_wconf 86' lang='grc' dir='ltr'>χρηματίσαι</span> <span class='ocrx_word' id='word_1_379' title='bbox 3261 2165 3464 2237; x_wconf 76' lang='grc' dir='ltr'>πατὴρ,</span> <span class='ocrx_word' id='word_1_380' title='bbox 3486 2164 3593 2216; x_wconf 88' lang='grc' dir='ltr'><strong>τῶν</strong></span> <span class='ocrx_word' id='word_1_381' title='bbox 3623 2180 3683 2217; x_wconf 87' lang='grc' dir='ltr'><strong>τε</strong></span> 
     </span>
    </p>
   </div>
   <div class='ocr_carea' id='block_1_53' title="bbox 2093 2258 3690 2335">
    <p class='ocr_par' dir='ltr' id='par_1_53' title="bbox 2093 2258 3690 2335">
     <span class='ocr_line' id='line_1_53' title="bbox 2093 2258 3690 2335; baseline -0.005 -17"><span class='ocrx_word' id='word_1_382' title='bbox 2093 2265 2472 2335; x_wconf 83' lang='grc' dir='ltr'>ἀπεριστάτων</span> <span class='ocrx_word' id='word_1_383' title='bbox 2495 2263 2679 2334; x_wconf 85' lang='grc' dir='ltr'>χηρῶν</span> <span class='ocrx_word' id='word_1_384' title='bbox 2701 2280 2758 2315; x_wconf 90' lang='grc' dir='ltr'><strong>τε</strong></span> <span class='ocrx_word' id='word_1_385' title='bbox 2787 2262 2881 2315; x_wconf 78' lang='grc' dir='ltr'>καὶ</span> <span class='ocrx_word' id='word_1_386' title='bbox 2915 2263 3138 2334; x_wconf 74' lang='grc' dir='ltr'>ἐρήμων</span> <span class='ocrx_word' id='word_1_387' title='bbox 3169 2258 3358 2330; x_wconf 64' lang='grc' dir='ltr'>ψυχῶν</span> <span class='ocrx_word' id='word_1_388' title='bbox 3379 2258 3572 2330; x_wconf 79' lang='grc' dir='ltr'>κριτὴς</span> <span class='ocrx_word' id='word_1_389' title='bbox 3591 2259 3690 2310; x_wconf 73' lang='grc' dir='ltr'><strong>καὶ</strong></span> 
     </span>
    </p>
   </div>
   <div class='ocr_carea' id='block_1_54' title="bbox 2095 2353 3692 2426">
    <p class='ocr_par' dir='ltr' id='par_1_54' title="bbox 2095 2353 3692 2426">
     <span class='ocr_line' id='line_1_54' title="bbox 2095 2353 3692 2426; baseline -0.004 -15"><span class='ocrx_word' id='word_1_390' title='bbox 2095 2357 2304 2422; x_wconf 82' lang='grc' dir='ltr'><strong>ἔκδικος</strong></span> <span class='ocrx_word' id='word_1_391' title='bbox 2337 2357 2606 2426; x_wconf 82' lang='grc' dir='ltr'>γενέσθαι·</span> <span class='ocrx_word' id='word_1_392' title='bbox 2646 2356 2869 2418; x_wconf 78' lang='grc' dir='ltr'>εἰκότως</span> <span class='ocrx_word' id='word_1_393' title='bbox 2919 2354 3016 2426; x_wconf 74' lang='grc' dir='ltr'>τὴν</span> <span class='ocrx_word' id='word_1_394' title='bbox 3045 2354 3160 2408; x_wconf 74' lang='grc' dir='ltr'><strong>ὀδῦν</strong></span> <span class='ocrx_word' id='word_1_395' title='bbox 3191 2353 3556 2425; x_wconf 71' lang='grc' dir='ltr'>τὴν,ἀγουσαν</span> <span class='ocrx_word' id='word_1_396' title='bbox 3594 2353 3692 2404; x_wconf 68' lang='grc' dir='ltr'>ἐπὶ</span> 
     </span>
    </p>
   </div>
   <div class='ocr_carea' id='block_1_55' title="bbox 2093 2445 3688 2524">
    <p class='ocr_par' dir='ltr' id='par_1_55' title="bbox 2093 2445 3688 2524">
     <span class='ocr_line' id='line_1_55' title="bbox 2093 2445 3688 2524; baseline -0.006 -19"><span class='ocrx_word' id='word_1_397' title='bbox 2093 2454 2217 2517; x_wconf 64' lang='grc' dir='ltr'>τοὺς</span> <span class='ocrx_word' id='word_1_398' title='bbox 2245 2452 2516 2524; x_wconf 77' lang='grc' dir='ltr'>ὀρφανοὺς</span> <span class='ocrx_word' id='word_1_399' title='bbox 2573 2451 2698 2513; x_wconf 74' lang='grc' dir='ltr'>τοὺς</span> <span class='ocrx_word' id='word_1_400' title='bbox 2724 2449 2814 2502; x_wconf 82' lang='grc' dir='ltr'><strong>τὸν</strong></span> <span class='ocrx_word' id='word_1_401' title='bbox 2848 2449 3170 2519; x_wconf 75' lang='grc' dir='ltr'>ἐπουράνιον</span> <span class='ocrx_word' id='word_1_402' title='bbox 3213 2445 3542 2516; x_wconf 84' lang='grc' dir='ltr'>ἀγνοοῦντας</span> <span class='ocrx_word' id='word_1_403' title='bbox 3568 2446 3688 2497; x_wconf 76' lang='grc' dir='ltr'><strong>Πα-</strong></span> 
     </span>
    </p>
   </div>
   <div class='ocr_carea' id='block_1_56' title="bbox 2094 2539 3693 2616">
    <p class='ocr_par' dir='ltr' id='par_1_56' title="bbox 2094 2539 3693 2616">
     <span class='ocr_line' id='line_1_56' title="bbox 2094 2539 3693 2616; baseline -0.005 -18"><span class='ocrx_word' id='word_1_404' title='bbox 2094 2545 2248 2616; x_wconf 84' lang='grc' dir='ltr'>τέρα,</span> <span class='ocrx_word' id='word_1_405' title='bbox 2282 2544 2374 2597; x_wconf 86' lang='grc' dir='ltr'><strong>ἐπί</strong></span> <span class='ocrx_word' id='word_1_406' title='bbox 2423 2559 2482 2596; x_wconf 89' lang='grc' dir='ltr'><strong>τε</strong></span> <span class='ocrx_word' id='word_1_407' title='bbox 2531 2542 2629 2606; x_wconf 84' lang='grc' dir='ltr'>τὰς</span> <span class='ocrx_word' id='word_1_408' title='bbox 2677 2541 3046 2613; x_wconf 85' lang='grc' dir='ltr'>ἐστερημένας</span> <span class='ocrx_word' id='word_1_409' title='bbox 3079 2541 3172 2594; x_wconf 88' lang='grc' dir='ltr'><strong>τοῦ</strong></span> <span class='ocrx_word' id='word_1_410' title='bbox 3220 2540 3456 2610; x_wconf 82' lang='grc' dir='ltr'>νυμφίου</span> <span class='ocrx_word' id='word_1_411' title='bbox 3511 2539 3693 2608; x_wconf 76' lang='grc' dir='ltr'>χήρας</span> 
     </span>
    </p>
   </div>
   <div class='ocr_carea' id='block_1_57' title="bbox 2095 2627 3694 2710">
    <p class='ocr_par' dir='ltr' id='par_1_57' title="bbox 2095 2627 3694 2710">
     <span class='ocr_line' id='line_1_57' title="bbox 2095 2627 3694 2710; baseline -0.009 -17"><span class='ocrx_word' id='word_1_412' title='bbox 2095 2639 2272 2710; x_wconf 73' lang='grc' dir='ltr'>ψυχὰς</span> <span class='ocrx_word' id='word_1_413' title='bbox 2303 2638 2566 2691; x_wconf 81' lang='grc' dir='ltr'>ὁδοποιεῖν</span> <span class='ocrx_word' id='word_1_414' title='bbox 2599 2633 3052 2706; x_wconf 79' lang='grc' dir='ltr'>παρακελεύεται.</span> <span class='ocrx_word' id='word_1_415' title='bbox 3105 2632 3216 2684; x_wconf 77' lang='lat' dir='ltr'><strong>Kal.</strong></span> <span class='ocrx_word' id='word_1_416' title='bbox 3270 2631 3444 2692; x_wconf 74' lang='grc' dir='ltr'>ἄλλως</span> <span class='ocrx_word' id='word_1_417' title='bbox 3479 2629 3556 2692; x_wconf 78' lang='grc' dir='ltr'><strong>δὲ,</strong></span> <span class='ocrx_word' id='word_1_418' title='bbox 3590 2627 3694 2680; x_wconf 76' lang='grc' dir='ltr'><strong>τοῦ</strong></span> 
     </span>
    </p>
   </div>
   <div class='ocr_carea' id='block_1_58' title="bbox 2097 2722 3693 2802">
    <p class='ocr_par' dir='ltr' id='par_1_58' title="bbox 2097 2722 3693 2802">
     <span class='ocr_line' id='line_1_58' title="bbox 2097 2722 3693 2802; baseline -0.005 -18"><span class='ocrx_word' id='word_1_419' title='bbox 2097 2731 2224 2802; x_wconf 81' lang='grc' dir='ltr'>περὶ</span> <span class='ocrx_word' id='word_1_420' title='bbox 2247 2729 2512 2800; x_wconf 80' lang='grc' dir='ltr'>Προνοίας</span> <span class='ocrx_word' id='word_1_421' title='bbox 2537 2727 2697 2797; x_wconf 87' lang='grc' dir='ltr'>λόγου</span> <span class='ocrx_word' id='word_1_422' title='bbox 2730 2727 2924 2794; x_wconf 82' lang='grc' dir='ltr'>γένοιτ’</span> <span class='ocrx_word' id='word_1_423' title='bbox 2977 2724 3044 2778; x_wconf 81' lang='grc' dir='ltr'>ἂν</span> <span class='ocrx_word' id='word_1_424' title='bbox 3075 2725 3108 2796; x_wconf 75' lang='grc' dir='ltr'>ἡ</span> <span class='ocrx_word' id='word_1_425' title='bbox 3155 2722 3363 2776; x_wconf 83' lang='grc' dir='ltr'>διάνοια</span> <span class='ocrx_word' id='word_1_426' title='bbox 3400 2739 3693 2794; x_wconf 77' lang='grc' dir='ltr'>παραστα-</span> 
     </span>
    </p>
   </div>
   <div class='ocr_carea' id='block_1_59' title="bbox 2095 2815 3692 2894">
    <p class='ocr_par' dir='ltr' id='par_1_59' title="bbox 2095 2815 3692 2894">
     <span class='ocr_line' id='line_1_59' title="bbox 2095 2815 3692 2894; baseline -0.006 -19"><span class='ocrx_word' id='word_1_427' title='bbox 2095 2821 2244 2894; x_wconf 81' lang='grc' dir='ltr'>τικὴ,</span> <span class='ocrx_word' id='word_1_428' title='bbox 2285 2821 2632 2884; x_wconf 83' lang='grc' dir='ltr'>διδάσκουσα,</span> <span class='ocrx_word' id='word_1_429' title='bbox 2663 2820 2744 2872; x_wconf 83' lang='grc' dir='ltr'><strong>ὅτι</strong></span> <span class='ocrx_word' id='word_1_430' title='bbox 2769 2818 2934 2890; x_wconf 78' lang='grc' dir='ltr'>χῆραι</span> <span class='ocrx_word' id='word_1_431' title='bbox 2979 2817 3073 2870; x_wconf 65' lang='grc' dir='ltr'><strong>καλ⁸</strong></span> <span class='ocrx_word' id='word_1_432' title='bbox 3107 2817 3331 2888; x_wconf 83' lang='grc' dir='ltr'>ὀρφανοὶ</span> <span class='ocrx_word' id='word_1_433' title='bbox 3363 2815 3560 2887; x_wconf 78' lang='grc' dir='ltr'>ἔρημοι</span> <span class='ocrx_word' id='word_1_434' title='bbox 3593 2815 3692 2867; x_wconf 74' lang='grc' dir='ltr'>καὶ</span> 
     </span>
    </p>
   </div>
   <div class='ocr_carea' id='block_1_60' title="bbox 2097 2905 3692 2986">
    <p class='ocr_par' dir='ltr' id='par_1_60' title="bbox 2097 2905 3692 2986">
     <span class='ocr_line' id='line_1_60' title="bbox 2097 2905 3692 2986; baseline -0.006 -19"><span class='ocrx_word' id='word_1_435' title='bbox 2097 2914 2447 2986; x_wconf 88' lang='grc' dir='ltr'>ἀπερίστατοι</span> <span class='ocrx_word' id='word_1_436' title='bbox 2473 2911 2893 2965; x_wconf 78' lang='grc' dir='ltr'>καταλείπονται</span> <span class='ocrx_word' id='word_1_437' title='bbox 2916 2909 2974 2961; x_wconf 82' lang='grc' dir='ltr'><strong>ἐν</strong></span> <span class='ocrx_word' id='word_1_438' title='bbox 2998 2907 3076 2978; x_wconf 82' lang='grc' dir='ltr'>τῷ</span> <span class='ocrx_word' id='word_1_439' title='bbox 3101 2906 3204 2978; x_wconf 78' lang='grc' dir='ltr'><strong>βίῳ</strong></span> <span class='ocrx_word' id='word_1_440' title='bbox 3231 2907 3331 2958; x_wconf 77' lang='grc' dir='ltr'><strong>οὐκ</strong></span> <span class='ocrx_word' id='word_1_441' title='bbox 3376 2905 3505 2958; x_wconf 79' lang='grc' dir='ltr'>ἄνευ</span> <span class='ocrx_word' id='word_1_442' title='bbox 3527 2905 3692 2973; x_wconf 77' lang='grc' dir='ltr'>λόγου</span> 
     </span>
    </p>
   </div>
   <div class='ocr_carea' id='block_1_61' title="bbox 2096 2998 3694 3074">
    <p class='ocr_par' dir='ltr' id='par_1_61' title="bbox 2096 2998 3694 3074">
     <span class='ocr_line' id='line_1_61' title="bbox 2096 2998 3694 3074; baseline -0.004 -16"><span class='ocrx_word' id='word_1_443' title='bbox 2096 3007 2191 3058; x_wconf 75' lang='grc' dir='ltr'><strong>καὶ</strong></span> <span class='ocrx_word' id='word_1_444' title='bbox 2224 3005 2415 3074; x_wconf 81' lang='grc' dir='ltr'>σοφίας</span> <span class='ocrx_word' id='word_1_445' title='bbox 2435 3001 2594 3069; x_wconf 83' lang='grc' dir='ltr'>Θεοῦ,</span> <span class='ocrx_word' id='word_1_446' title='bbox 2622 3002 2736 3055; x_wconf 85' lang='grc' dir='ltr'>ἀλλ’</span> <span class='ocrx_word' id='word_1_447' title='bbox 2763 3003 2843 3064; x_wconf 86' lang='grc' dir='ltr'><strong>είς</strong></span> <span class='ocrx_word' id='word_1_448' title='bbox 2867 3000 3022 3065; x_wconf 78' lang='grc' dir='ltr'>δόξαν</span> <span class='ocrx_word' id='word_1_449' title='bbox 3042 2998 3207 3053; x_wconf 85' lang='grc' dir='ltr'>αὑτοῦ</span> <span class='ocrx_word' id='word_1_450' title='bbox 3232 3001 3324 3052; x_wconf 77' lang='grc' dir='ltr'><strong>καὶ</strong></span> <span class='ocrx_word' id='word_1_451' title='bbox 3354 3002 3435 3062; x_wconf 80' lang='grc' dir='ltr'>εἰς</span> <span class='ocrx_word' id='word_1_452' title='bbox 3467 2999 3694 3064; x_wconf 72' lang='grc' dir='ltr'>ἔνδειξιν</span> 
     </span>
    </p>
   </div>
   <div class='ocr_carea' id='block_1_62' title="bbox 417 3091 1998 3192">
    <p class='ocr_par' dir='ltr' id='par_1_62' title="bbox 417 3091 1994 3162">
     <span class='ocr_line' id='line_1_62' title="bbox 417 3091 1994 3162; baseline -0.003 -13"><span class='ocrx_word' id='word_1_453' title='bbox 417 3093 779 3149; x_wconf 80' lang='lat' dir='ltr'><strong>infortunium</strong></span> <span class='ocrx_word' id='word_1_454' title='bbox 813 3093 998 3162; x_wconf 54' lang='lat' dir='ltr'><strong>lapsa,</strong></span> <span class='ocrx_word' id='word_1_455' title='bbox 1043 3092 1318 3158; x_wconf 90' lang='lat' dir='ltr'><strong>alacriori,</strong></span> <span class='ocrx_word' id='word_1_456' title='bbox 1364 3091 1594 3147; x_wconf 86' lang='lat' dir='ltr'><strong>feliciori</strong></span> <span class='ocrx_word' id='word_1_457' title='bbox 1649 3107 1712 3146; x_wconf 88' lang='lat' dir='ltr'><strong>ac</strong></span> <span class='ocrx_word' id='word_1_458' title='bbox 1771 3091 1994 3162; x_wconf 85' lang='lat' dir='ltr'><strong>religio-</strong></span> 
     </span>
    </p>
   </div>
   <div class='ocr_carea' id='block_1_63' title="bbox 2102 3091 3695 3192">
    <p class='ocr_par' dir='ltr' id='par_1_63' title="bbox 2102 3093 3695 3170">
     <span class='ocr_line' id='line_1_63' title="bbox 2102 3093 3695 3170; baseline -0.005 -17"><span class='ocrx_word' id='word_1_459' title='bbox 2102 3099 2198 3170; x_wconf 78' lang='grc' dir='ltr'>τῆς</span> <span class='ocrx_word' id='word_1_460' title='bbox 2223 3097 2387 3153; x_wconf 84' lang='grc' dir='ltr'>αὑτοῦ</span> <span class='ocrx_word' id='word_1_461' title='bbox 2423 3097 2573 3160; x_wconf 85' lang='grc' dir='ltr'>θείας</span> <span class='ocrx_word' id='word_1_462' title='bbox 2599 3097 2925 3167; x_wconf 81' lang='grc' dir='ltr'>ἐπισκοπῆς.</span> <span class='ocrx_word' id='word_1_463' title='bbox 2961 3093 3227 3158; x_wconf 73' lang='grc' dir='ltr'>Πολλάκις</span> <span class='ocrx_word' id='word_1_464' title='bbox 3247 3093 3376 3162; x_wconf 85' lang='grc' dir='ltr'>γοῦν</span> <span class='ocrx_word' id='word_1_465' title='bbox 3405 3094 3460 3146; x_wconf 76' lang='grc' dir='ltr'><strong>οἱ</strong></span> <span class='ocrx_word' id='word_1_466' title='bbox 3489 3093 3695 3161; x_wconf 80' lang='grc' dir='ltr'>γονέων</span> 
     </span>
    </p>
   </div>
   <div class='ocr_carea' id='block_1_64' title="bbox 421 3185 1998 3256">
    <p class='ocr_par' dir='ltr' id='par_1_64' title="bbox 421 3185 1998 3256">
     <span class='ocr_line' id='line_1_64' title="bbox 421 3185 1998 3256; baseline -0.003 -13"><span class='ocrx_word' id='word_1_467' title='bbox 421 3187 560 3243; x_wconf 84' lang='lat' dir='ltr'><strong>siori</strong></span> <span class='ocrx_word' id='word_1_468' title='bbox 591 3186 702 3240; x_wconf 86' lang='lat' dir='ltr'><strong>vita</strong></span> <span class='ocrx_word' id='word_1_469' title='bbox 737 3185 1038 3256; x_wconf 68' lang='lat' dir='ltr'><strong>perfuncta:</strong></span> <span class='ocrx_word' id='word_1_470' title='bbox 1072 3191 1222 3247; x_wconf 84' lang='lat' dir='ltr'><strong>sunt,</strong></span> <span class='ocrx_word' id='word_1_471' title='bbox 1246 3200 1408 3255; x_wconf 90' lang='lat' dir='ltr'><strong>quam</strong></span> <span class='ocrx_word' id='word_1_472' title='bbox 1440 3185 1545 3239; x_wconf 77' lang='lat' dir='ltr'><strong>illa:</strong></span> <span class='ocrx_word' id='word_1_473' title='bbox 1571 3200 1693 3255; x_wconf 66' lang='lat' dir='ltr'><strong>quae</strong></span> <span class='ocrx_word' id='word_1_474' title='bbox 1717 3185 1772 3238; x_wconf 93' lang='lat' dir='ltr'><strong>in</strong></span> <span class='ocrx_word' id='word_1_475' title='bbox 1805 3185 1998 3254; x_wconf 86' lang='lat' dir='ltr'><strong>conju-</strong></span> 
     </span>
    </p>
   </div>
   <div class='ocr_carea' id='block_1_65' title="bbox 417 3277 2002 3351">
    <p class='ocr_par' dir='ltr' id='par_1_65' title="bbox 417 3277 2002 3351">
     <span class='ocr_line' id='line_1_65' title="bbox 417 3277 2002 3351; baseline 0.001 -20"><span class='ocrx_word' id='word_1_476' title='bbox 417 3279 510 3349; x_wconf 64' lang='grc' dir='ltr'><strong>εἷο</strong></span> <span class='ocrx_word' id='word_1_477' title='bbox 531 3280 698 3333; x_wconf 89' lang='lat' dir='ltr'><strong>vitam</strong></span> <span class='ocrx_word' id='word_1_478' title='bbox 731 3287 976 3351; x_wconf 85' lang='lat' dir='ltr'><strong>egerant.</strong></span> <span class='ocrx_word' id='word_1_479' title='bbox 1013 3277 1158 3335; x_wconf 90' lang='lat' dir='ltr'><strong>Deus</strong></span> <span class='ocrx_word' id='word_1_480' title='bbox 1192 3279 1394 3349; x_wconf 89' lang='lat' dir='ltr'><strong>quippe</strong></span> <span class='ocrx_word' id='word_1_481' title='bbox 1434 3279 1558 3348; x_wconf 91' lang='lat' dir='ltr'><strong>plus</strong></span> <span class='ocrx_word' id='word_1_482' title='bbox 1588 3279 1852 3350; x_wconf 84' lang='lat' dir='ltr'><strong>orphanis</strong></span> <span class='ocrx_word' id='word_1_483' title='bbox 1877 3293 2002 3349; x_wconf 89' lang='lat' dir='ltr'><strong>pro-</strong></span> 
     </span>
    </p>
   </div>
   <div class='ocr_carea' id='block_1_66' title="bbox 421 3368 1998 3443">
    <p class='ocr_par' dir='ltr' id='par_1_66' title="bbox 421 3368 1998 3443">
     <span class='ocr_line' id='line_1_66' title="bbox 421 3368 1998 3443; baseline 0.001 -19"><span class='ocrx_word' id='word_1_484' title='bbox 421 3368 605 3438; x_wconf 86' lang='lat' dir='ltr'><strong>spicit,</strong></span> <span class='ocrx_word' id='word_1_485' title='bbox 649 3386 816 3441; x_wconf 90' lang='lat' dir='ltr'><strong>quam</strong></span> <span class='ocrx_word' id='word_1_486' title='bbox 871 3378 1052 3441; x_wconf 90' lang='lat' dir='ltr'><strong>patres</strong></span> <span class='ocrx_word' id='word_1_487' title='bbox 1113 3369 1274 3438; x_wconf 81' lang='lat' dir='ltr'><strong>filiis;</strong></span> <span class='ocrx_word' id='word_1_488' title='bbox 1308 3379 1363 3425; x_wconf 92' lang='lat' dir='ltr'><strong>et</strong></span> <span class='ocrx_word' id='word_1_489' title='bbox 1399 3373 1687 3426; x_wconf 79' lang='lat' dir='ltr'><strong>viduarum</strong></span> <span class='ocrx_word' id='word_1_490' title='bbox 1734 3379 1998 3443; x_wconf 87' lang='lat' dir='ltr'><strong>patronus</strong></span> 
     </span>
    </p>
   </div>
   <div class='ocr_carea' id='block_1_67' title="bbox 420 3463 2000 3536">
    <p class='ocr_par' dir='ltr' id='par_1_67' title="bbox 420 3463 2000 3536">
     <span class='ocr_line' id='line_1_67' title="bbox 420 3463 2000 3536; baseline 0.001 -19"><span class='ocrx_word' id='word_1_491' title='bbox 420 3463 727 3535; x_wconf 84' lang='lat' dir='ltr'><strong>vindexque</strong></span> <span class='ocrx_word' id='word_1_492' title='bbox 754 3471 857 3519; x_wconf 88' lang='lat' dir='ltr'><strong>est.</strong></span> <span class='ocrx_word' id='word_1_493' title='bbox 886 3463 1067 3530; x_wconf 85' lang='lat' dir='ltr'><strong>Quare</strong></span> <span class='ocrx_word' id='word_1_494' title='bbox 1094 3463 1300 3518; x_wconf 90' lang='lat' dir='ltr'><strong>dictum</strong></span> <span class='ocrx_word' id='word_1_495' title='bbox 1340 3473 1424 3518; x_wconf 78' lang='lat' dir='ltr'><strong>est</strong></span> <span class='ocrx_word' id='word_1_496' title='bbox 1455 3483 1468 3520; x_wconf 92' lang='lat'>:</span> <span class='ocrx_word' id='word_1_497' title='bbox 1517 3483 1535 3516; x_wconf 84' lang='grc' dir='ltr'>ι</span> <span class='ocrx_word' id='word_1_498' title='bbox 1591 3463 1771 3524; x_wconf 77' lang='lat' dir='ltr'><strong>Patris</strong></span> <span class='ocrx_word' id='word_1_499' title='bbox 1799 3465 2000 3536; x_wconf 91' lang='lat' dir='ltr'><strong>orpha-</strong></span> 
     </span>
    </p>
   </div>
   <div class='ocr_carea' id='block_1_68' title="bbox 421 3553 2000 3624">
    <p class='ocr_par' dir='ltr' id='par_1_68' title="bbox 421 3553 2000 3624">
     <span class='ocr_line' id='line_1_68' title="bbox 421 3553 2000 3624; baseline 0.001 -14"><span class='ocrx_word' id='word_1_500' title='bbox 421 3569 620 3610; x_wconf 86' lang='lat' dir='ltr'><strong>norum</strong></span> <span class='ocrx_word' id='word_1_501' title='bbox 651 3555 926 3624; x_wconf 84' lang='lat' dir='ltr'><strong>etjudicis</strong></span> <span class='ocrx_word' id='word_1_502' title='bbox 945 3555 1256 3610; x_wconf 86' lang='lat' dir='ltr'><strong>viduarum.</strong></span> <span class='ocrx_word' id='word_1_503' title='bbox 1291 3573 1309 3606; x_wconf 75' lang='grc' dir='ltr'><strong>ι</strong></span> <span class='ocrx_word' id='word_1_504' title='bbox 1337 3553 1446 3610; x_wconf 86' lang='lat' dir='ltr'><strong>Pro</strong></span> <span class='ocrx_word' id='word_1_505' title='bbox 1475 3556 1570 3611; x_wconf 92' lang='lat' dir='ltr'><strong>illo</strong></span> <span class='ocrx_word' id='word_1_506' title='bbox 1595 3564 1797 3621; x_wconf 86' lang='lat' dir='ltr'><strong>autem,</strong></span> <span class='ocrx_word' id='word_1_507' title='bbox 1834 3575 1852 3608; x_wconf 79' lang='grc' dir='ltr'><strong>ι</strong></span> <span class='ocrx_word' id='word_1_508' title='bbox 1895 3558 2000 3623; x_wconf 86' lang='lat' dir='ltr'><strong>Qui</strong></span> 
     </span>
    </p>
   </div>
   <div class='ocr_carea' id='block_1_69' title="bbox 424 3644 2002 3717">
    <p class='ocr_par' dir='ltr' id='par_1_69' title="bbox 424 3644 2002 3717">
     <span class='ocr_line' id='line_1_69' title="bbox 424 3644 2002 3717; baseline 0.001 -17"><span class='ocrx_word' id='word_1_509' title='bbox 424 3646 672 3703; x_wconf 60' lang='lat' dir='ltr'><strong>ascendit</strong></span> <span class='ocrx_word' id='word_1_510' title='bbox 699 3663 862 3717; x_wconf 90' lang='lat' dir='ltr'><strong>super</strong></span> <span class='ocrx_word' id='word_1_511' title='bbox 902 3663 1198 3713; x_wconf 89' lang='lat' dir='ltr'><strong>occasum;</strong></span> <span class='ocrx_word' id='word_1_512' title='bbox 1239 3666 1258 3698; x_wconf 72' lang='grc' dir='ltr'><strong>ι</strong></span> <span class='ocrx_word' id='word_1_513' title='bbox 1296 3644 1680 3717; x_wconf 80' lang='lat' dir='ltr'><strong>Symmachus,</strong></span> <span class='ocrx_word' id='word_1_514' title='bbox 1718 3667 1738 3699; x_wconf 73' lang='grc' dir='ltr'><strong>ε</strong></span> <span class='ocrx_word' id='word_1_515' title='bbox 1773 3649 1874 3715; x_wconf 87' lang='lat' dir='ltr'><strong>Qui</strong></span> <span class='ocrx_word' id='word_1_516' title='bbox 1911 3664 2002 3702; x_wconf 50' lang='lat' dir='ltr'><strong>re-</strong></span> 
     </span>
    </p>
   </div>
   <div class='ocr_carea' id='block_1_70' title="bbox 430 3739 2000 3812">
    <p class='ocr_par' dir='ltr' id='par_1_70' title="bbox 430 3739 2000 3812">
     <span class='ocr_line' id='line_1_70' title="bbox 430 3739 2000 3812; baseline 0.003 -21"><span class='ocrx_word' id='word_1_517' title='bbox 430 3739 581 3792; x_wconf 87' lang='lat' dir='ltr'><strong>liitur</strong></span> <span class='ocrx_word' id='word_1_518' title='bbox 628 3739 682 3793; x_wconf 92' lang='lat' dir='ltr'><strong>in</strong></span> <span class='ocrx_word' id='word_1_519' title='bbox 733 3739 1055 3793; x_wconf 85' lang='lat' dir='ltr'><strong>lnhahitata.</strong></span> <span class='ocrx_word' id='word_1_520' title='bbox 1125 3759 1143 3791; x_wconf 71' lang='grc' dir='ltr'><strong>ι</strong></span> <span class='ocrx_word' id='word_1_521' title='bbox 1204 3739 1566 3795; x_wconf 87' lang='lat' dir='ltr'><strong>lnhabitatam</strong></span> <span class='ocrx_word' id='word_1_522' title='bbox 1618 3756 1782 3812; x_wconf 81' lang='lat' dir='ltr'><strong>porro</strong></span> <span class='ocrx_word' id='word_1_523' title='bbox 1818 3750 2000 3806; x_wconf 86' lang='lat' dir='ltr'><strong>vocat,</strong></span> 
     </span>
    </p>
   </div>
   <div class='ocr_carea' id='block_1_71' title="bbox 425 3831 2001 3904">
    <p class='ocr_par' dir='ltr' id='par_1_71' title="bbox 425 3831 2001 3904">
     <span class='ocr_line' id='line_1_71' title="bbox 425 3831 2001 3904; baseline 0.003 -20"><span class='ocrx_word' id='word_1_524' title='bbox 425 3831 852 3902; x_wconf 75' lang='lat' dir='ltr'><strong>alienigenarum</strong></span> <span class='ocrx_word' id='word_1_525' title='bbox 887 3839 942 3886; x_wconf 90' lang='lat' dir='ltr'><strong>et</strong></span> <span class='ocrx_word' id='word_1_526' title='bbox 981 3840 1366 3886; x_wconf 81' lang='lat' dir='ltr'><strong>extranearum</strong></span> <span class='ocrx_word' id='word_1_527' title='bbox 1411 3833 1656 3901; x_wconf 80' lang='lat' dir='ltr'><strong>gentium</strong></span> <span class='ocrx_word' id='word_1_528' title='bbox 1684 3834 2001 3904; x_wconf 75' lang='lat' dir='ltr'><strong>regionem;</strong></span> 
     </span>
    </p>
   </div>
   <div class='ocr_carea' id='block_1_72' title="bbox 427 3937 2004 4006">
    <p class='ocr_par' dir='ltr' id='par_1_72' title="bbox 427 3937 2004 4006">
     <span class='ocr_line' id='line_1_72' title="bbox 427 3937 2004 4006; baseline 0.004 -19"><span class='ocrx_word' id='word_1_529' title='bbox 427 3951 549 4005; x_wconf 59' lang='lat' dir='ltr'><strong>quae</strong></span> <span class='ocrx_word' id='word_1_530' title='bbox 587 3937 710 3992; x_wconf 88' lang='lat' dir='ltr'><strong>aliis</strong></span> <span class='ocrx_word' id='word_1_531' title='bbox 743 3937 799 3991; x_wconf 89' lang='lat' dir='ltr'><strong>iu</strong></span> <span class='ocrx_word' id='word_1_532' title='bbox 850 3937 988 3990; x_wconf 88' lang='lat' dir='ltr'><strong>locis</strong></span> <span class='ocrx_word' id='word_1_533' title='bbox 1024 3937 1305 3992; x_wconf 85' lang='lat' dir='ltr'><strong>desertum</strong></span> <span class='ocrx_word' id='word_1_534' title='bbox 1360 3938 1669 4006; x_wconf 85' lang='lat' dir='ltr'><strong>nuncupari</strong></span> <span class='ocrx_word' id='word_1_535' title='bbox 1729 3939 1889 3994; x_wconf 88' lang='lat' dir='ltr'><strong>solet.</strong></span> <span class='ocrx_word' id='word_1_536' title='bbox 1927 3940 2004 3994; x_wconf 82' lang='lat' dir='ltr'><strong>Ae</strong></span> 
     </span>
    </p>
   </div>
   <div class='ocr_carea' id='block_1_73' title="bbox 428 4042 2008 4115">
    <p class='ocr_par' dir='ltr' id='par_1_73' title="bbox 428 4042 2008 4115">
     <span class='ocr_line' id='line_1_73' title="bbox 428 4042 2008 4115; baseline 0.003 -20"><span class='ocrx_word' id='word_1_537' title='bbox 428 4057 623 4098; x_wconf 87' lang='lat' dir='ltr'><strong>rursus</strong></span> <span class='ocrx_word' id='word_1_538' title='bbox 642 4057 739 4112; x_wconf 91' lang='lat' dir='ltr'><strong>pro</strong></span> <span class='ocrx_word' id='word_1_539' title='bbox 764 4043 878 4108; x_wconf 92' lang='lat' dir='ltr'><strong>illo,</strong></span> <span class='ocrx_word' id='word_1_540' title='bbox 916 4064 934 4093; x_wconf 75' lang='grc' dir='ltr'><strong>ι</strong></span> <span class='ocrx_word' id='word_1_541' title='bbox 959 4043 1164 4113; x_wconf 90' lang='lat' dir='ltr'><strong>judicis</strong></span> <span class='ocrx_word' id='word_1_542' title='bbox 1193 4042 1525 4111; x_wconf 81' lang='lat' dir='ltr'><strong>viduarum;</strong></span> <span class='ocrx_word' id='word_1_543' title='bbox 1564 4064 1582 4096; x_wconf 77' lang='grc' dir='ltr'><strong>ι</strong></span> <span class='ocrx_word' id='word_1_544' title='bbox 1619 4045 1837 4114; x_wconf 88' lang='lat' dir='ltr'><strong>Aquila,</strong></span> <span class='ocrx_word' id='word_1_545' title='bbox 1867 4066 1884 4097; x_wconf 73' lang='grc' dir='ltr'><strong>ι</strong></span> <span class='ocrx_word' id='word_1_546' title='bbox 1915 4045 2008 4115; x_wconf 80' lang='lat' dir='ltr'><strong>ju-</strong></span> 
     </span>
    </p>
   </div>
   <div class='ocr_carea' id='block_1_74' title="bbox 427 4136 2006 4224">
    <p class='ocr_par' dir='ltr' id='par_1_74' title="bbox 427 4136 2006 4224">
     <span class='ocr_line' id='line_1_74' title="bbox 427 4136 2006 4224; baseline 0.001 -18"><span class='ocrx_word' id='word_1_547' title='bbox 427 4136 663 4208; x_wconf 88' lang='lat' dir='ltr'><strong>dicantis</strong></span> <span class='ocrx_word' id='word_1_548' title='bbox 693 4151 924 4219; x_wconf 82' lang='lat' dir='ltr'><strong>viduas;</strong></span> <span class='ocrx_word' id='word_1_549' title='bbox 985 4173 1004 4204; x_wconf 72' lang='grc' dir='ltr'><strong>ι</strong></span> <span class='ocrx_word' id='word_1_550' title='bbox 1063 4151 1450 4224; x_wconf 80' lang='lat' dir='ltr'><strong>Symmachus,</strong></span> <span class='ocrx_word' id='word_1_551' title='bbox 1497 4170 1515 4202; x_wconf 78' lang='grc' dir='ltr'><strong>ι</strong></span> <span class='ocrx_word' id='word_1_552' title='bbox 1554 4152 1874 4208; x_wconf 84' lang='lat' dir='ltr'><strong>ulciscentis</strong></span> <span class='ocrx_word' id='word_1_553' title='bbox 1924 4153 2006 4208; x_wconf 84' lang='lat' dir='ltr'><strong>vi-</strong></span> 
     </span>
    </p>
   </div>
   <div class='ocr_carea' id='block_1_75' title="bbox 429 4259 2001 4332">
    <p class='ocr_par' dir='ltr' id='par_1_75' title="bbox 429 4259 2001 4332">
     <span class='ocr_line' id='line_1_75' title="bbox 429 4259 2001 4332; baseline 0 -17"><span class='ocrx_word' id='word_1_554' title='bbox 429 4259 589 4316; x_wconf 84' lang='lat' dir='ltr'><strong>duas.</strong></span> <span class='ocrx_word' id='word_1_555' title='bbox 630 4279 650 4312; x_wconf 83' lang='grc'>›</span> <span class='ocrx_word' id='word_1_556' title='bbox 684 4259 947 4330; x_wconf 85' lang='lat' dir='ltr'><strong>Apposite</strong></span> <span class='ocrx_word' id='word_1_557' title='bbox 1003 4260 1294 4315; x_wconf 85' lang='lat' dir='ltr'><strong>admodum</strong></span> <span class='ocrx_word' id='word_1_558' title='bbox 1353 4267 1564 4332; x_wconf 89' lang='lat' dir='ltr'><strong>patrem</strong></span> <span class='ocrx_word' id='word_1_559' title='bbox 1602 4259 2001 4330; x_wconf 88' lang='lat' dir='ltr'><strong>orphanorum,</strong></span> 
     </span>
    </p>
   </div>
   <div class='ocr_carea' id='block_1_76' title="bbox 429 4361 2009 4433">
    <p class='ocr_par' dir='ltr' id='par_1_76' title="bbox 429 4361 2009 4433">
     <span class='ocr_line' id='line_1_76' title="bbox 429 4361 2009 4433; baseline 0.001 -17"><span class='ocrx_word' id='word_1_560' title='bbox 429 4361 975 4433; x_wconf 84' lang='lat' dir='ltr'><strong>viduarumjudieem</strong></span> <span class='ocrx_word' id='word_1_561' title='bbox 997 4371 1174 4418; x_wconf 80' lang='lat' dir='ltr'><strong>vocat.</strong></span> <span class='ocrx_word' id='word_1_562' title='bbox 1209 4363 1348 4428; x_wconf 81' lang='lat' dir='ltr'><strong>Quia</strong></span> <span class='ocrx_word' id='word_1_563' title='bbox 1384 4363 1528 4418; x_wconf 91' lang='lat' dir='ltr'><strong>enim</strong></span> <span class='ocrx_word' id='word_1_564' title='bbox 1563 4379 1672 4419; x_wconf 90' lang='lat' dir='ltr'><strong>non</strong></span> <span class='ocrx_word' id='word_1_565' title='bbox 1695 4378 1888 4421; x_wconf 88' lang='lat' dir='ltr'><strong>omnes</strong></span> <span class='ocrx_word' id='word_1_566' title='bbox 1923 4365 2009 4418; x_wconf 88' lang='lat' dir='ltr'><strong>vi-</strong></span> 
     </span>
    </p>
   </div>
   <div class='ocr_carea' id='block_1_77' title="bbox 429 4469 2003 4542">
    <p class='ocr_par' dir='ltr' id='par_1_77' title="bbox 429 4469 2003 4542">
     <span class='ocr_line' id='line_1_77' title="bbox 429 4469 2003 4542; baseline 0.001 -16"><span class='ocrx_word' id='word_1_567' title='bbox 429 4469 552 4526; x_wconf 65' lang='lat' dir='ltr'><strong>dua</strong></span> <span class='ocrx_word' id='word_1_568' title='bbox 583 4471 773 4526; x_wconf 90' lang='lat' dir='ltr'><strong>eodem</strong></span> <span class='ocrx_word' id='word_1_569' title='bbox 819 4471 946 4526; x_wconf 70' lang='lat' dir='ltr'><strong>vita:</strong></span> <span class='ocrx_word' id='word_1_570' title='bbox 997 4471 1250 4527; x_wconf 85' lang='lat' dir='ltr'><strong>instituto</strong></span> <span class='ocrx_word' id='word_1_571' title='bbox 1307 4481 1456 4536; x_wconf 87' lang='lat' dir='ltr'><strong>sunt,</strong></span> <span class='ocrx_word' id='word_1_572' title='bbox 1517 4470 1828 4541; x_wconf 86' lang='lat' dir='ltr'><strong>dijudicans</strong></span> <span class='ocrx_word' id='word_1_573' title='bbox 1885 4471 2003 4542; x_wconf 86' lang='lat' dir='ltr'><strong>ipse</strong></span> 
     </span>
    </p>
   </div>
   <div class='ocr_carea' id='block_1_78' title="bbox 2106 3185 3689 3264">
    <p class='ocr_par' dir='ltr' id='par_1_78' title="bbox 2106 3185 3689 3264">
     <span class='ocr_line' id='line_1_78' title="bbox 2106 3185 3689 3264; baseline -0.006 -18"><span class='ocrx_word' id='word_1_574' title='bbox 2106 3191 2458 3264; x_wconf 78' lang='grc' dir='ltr'>ἐστερημένοι</span> <span class='ocrx_word' id='word_1_575' title='bbox 2487 3189 2676 3252; x_wconf 86' lang='grc' dir='ltr'>παῖδες</span> <span class='ocrx_word' id='word_1_576' title='bbox 2698 3187 2923 3261; x_wconf 71' lang='grc' dir='ltr'>ὀρφανοὶ</span> <span class='ocrx_word' id='word_1_577' title='bbox 2957 3185 3155 3257; x_wconf 80' lang='grc' dir='ltr'>μᾶλλον</span> <span class='ocrx_word' id='word_1_578' title='bbox 3186 3186 3295 3239; x_wconf 88' lang='grc' dir='ltr'><strong>τῶν</strong></span> <span class='ocrx_word' id='word_1_579' title='bbox 3323 3185 3429 3238; x_wconf 79' lang='grc' dir='ltr'><strong>ὑπὸ</strong></span> <span class='ocrx_word' id='word_1_580' title='bbox 3453 3185 3689 3255; x_wconf 75' lang='grc' dir='ltr'>πατράσι</span> 
     </span>
    </p>
   </div>
   <div class='ocr_carea' id='block_1_79' title="bbox 2103 3276 3691 3357">
    <p class='ocr_par' dir='ltr' id='par_1_79' title="bbox 2103 3276 3691 3357">
     <span class='ocr_line' id='line_1_79' title="bbox 2103 3276 3691 3357; baseline -0.006 -20"><span class='ocrx_word' id='word_1_581' title='bbox 2103 3285 2421 3357; x_wconf 73' lang='grc' dir='ltr'>τραφέντων</span> <span class='ocrx_word' id='word_1_582' title='bbox 2453 3283 2626 3351; x_wconf 91' lang='grc' dir='ltr'>λόγων</span> <span class='ocrx_word' id='word_1_583' title='bbox 2658 3282 2748 3335; x_wconf 74' lang='grc' dir='ltr'><strong>καὶ</strong></span> <span class='ocrx_word' id='word_1_584' title='bbox 2785 3279 3030 3342; x_wconf 82' lang='grc' dir='ltr'>παιδείας</span> <span class='ocrx_word' id='word_1_585' title='bbox 3079 3279 3362 3350; x_wconf 83' lang='grc' dir='ltr'>μετέσχον,</span> <span class='ocrx_word' id='word_1_586' title='bbox 3403 3276 3691 3349; x_wconf 73' lang='grc' dir='ltr'>μακρόϐιοι</span> 
     </span>
    </p>
   </div>
   <div class='ocr_carea' id='block_1_80' title="bbox 2105 3368 3694 3447">
    <p class='ocr_par' dir='ltr' id='par_1_80' title="bbox 2105 3368 3694 3447">
     <span class='ocr_line' id='line_1_80' title="bbox 2105 3368 3694 3447; baseline -0.006 -16"><span class='ocrx_word' id='word_1_587' title='bbox 2105 3395 2165 3431; x_wconf 90' lang='grc' dir='ltr'><strong>τε</strong></span> <span class='ocrx_word' id='word_1_588' title='bbox 2199 3379 2290 3431; x_wconf 77' lang='grc' dir='ltr'><strong>καὶ</strong></span> <span class='ocrx_word' id='word_1_589' title='bbox 2338 3375 2677 3447; x_wconf 85' lang='grc' dir='ltr'>πολυχρόνιοι</span> <span class='ocrx_word' id='word_1_590' title='bbox 2731 3374 3006 3442; x_wconf 87' lang='grc' dir='ltr'>γεγόνασι·</span> <span class='ocrx_word' id='word_1_591' title='bbox 3040 3373 3132 3426; x_wconf 76' lang='grc' dir='ltr'><strong>καὶ</strong></span> <span class='ocrx_word' id='word_1_592' title='bbox 3177 3372 3239 3424; x_wconf 81' lang='grc' dir='ltr'>ού</span> <span class='ocrx_word' id='word_1_593' title='bbox 3275 3372 3434 3441; x_wconf 88' lang='grc' dir='ltr'>μόνον</span> <span class='ocrx_word' id='word_1_594' title='bbox 3486 3368 3694 3440; x_wconf 74' lang='grc' dir='ltr'>τροφῆς</span> 
     </span>
    </p>
   </div>
   <div class='ocr_carea' id='block_1_81' title="bbox 2107 3459 3697 3541">
    <p class='ocr_par' dir='ltr' id='par_1_81' title="bbox 2107 3459 3697 3541">
     <span class='ocr_line' id='line_1_81' title="bbox 2107 3459 3697 3541; baseline -0.004 -20"><span class='ocrx_word' id='word_1_595' title='bbox 2107 3469 2448 3541; x_wconf 79' lang='grc' dir='ltr'>ηὑπόρησαν,</span> <span class='ocrx_word' id='word_1_596' title='bbox 2468 3465 2602 3520; x_wconf 87' lang='grc' dir='ltr'><strong>άλλά</strong></span> <span class='ocrx_word' id='word_1_597' title='bbox 2620 3466 2715 3520; x_wconf 75' lang='grc' dir='ltr'><strong>καὶ</strong></span> <span class='ocrx_word' id='word_1_598' title='bbox 2747 3467 2825 3528; x_wconf 85' lang='grc' dir='ltr'><strong>είς</strong></span> <span class='ocrx_word' id='word_1_599' title='bbox 2855 3465 3157 3536; x_wconf 79' lang='grc' dir='ltr'>ἐπισήμους</span> <span class='ocrx_word' id='word_1_600' title='bbox 3184 3461 3385 3534; x_wconf 77' lang='grc' dir='ltr'>ἄνδρας</span> <span class='ocrx_word' id='word_1_601' title='bbox 3401 3459 3697 3533; x_wconf 76' lang='grc' dir='ltr'>προῆλθον.</span> 
     </span>
    </p>
   </div>
   <div class='ocr_carea' id='block_1_82' title="bbox 2109 3553 3698 3632">
    <p class='ocr_par' dir='ltr' id='par_1_82' title="bbox 2109 3553 3698 3632">
     <span class='ocr_line' id='line_1_82' title="bbox 2109 3553 3698 3632; baseline -0.007 -15"><span class='ocrx_word' id='word_1_602' title='bbox 2109 3562 2218 3617; x_wconf 78' lang='lat' dir='ltr'><strong>Kal.</strong></span> <span class='ocrx_word' id='word_1_603' title='bbox 2251 3563 2505 3630; x_wconf 89' lang='grc' dir='ltr'>γυναῖκες</span> <span class='ocrx_word' id='word_1_604' title='bbox 2533 3558 2796 3622; x_wconf 82' lang='grc' dir='ltr'>ὡσαύτως</span> <span class='ocrx_word' id='word_1_605' title='bbox 2826 3557 3023 3632; x_wconf 89' lang='grc' dir='ltr'>χηρίαν</span> <span class='ocrx_word' id='word_1_606' title='bbox 3049 3557 3452 3627; x_wconf 78' lang='grc' dir='ltr'>δυστυχήσασαι</span> <span class='ocrx_word' id='word_1_607' title='bbox 3495 3553 3698 3624; x_wconf 79' lang='grc' dir='ltr'>μᾶλλον</span> 
     </span>
    </p>
   </div>
   <div class='ocr_carea' id='block_1_83' title="bbox 2108 3647 3696 3725">
    <p class='ocr_par' dir='ltr' id='par_1_83' title="bbox 2108 3647 3696 3725">
     <span class='ocr_line' id='line_1_83' title="bbox 2108 3647 3696 3725; baseline -0.007 -16"><span class='ocrx_word' id='word_1_608' title='bbox 2108 3657 2216 3709; x_wconf 88' lang='grc' dir='ltr'><strong>τῶν</strong></span> <span class='ocrx_word' id='word_1_609' title='bbox 2241 3659 2297 3709; x_wconf 74' lang='grc' dir='ltr'><strong>ἐν</strong></span> <span class='ocrx_word' id='word_1_610' title='bbox 2330 3653 2557 3725; x_wconf 71' lang='grc' dir='ltr'>συζυγία</span> <span class='ocrx_word' id='word_1_611' title='bbox 2592 3653 2703 3724; x_wconf 84' lang='grc' dir='ltr'>βίον</span> <span class='ocrx_word' id='word_1_612' title='bbox 2731 3651 2967 3724; x_wconf 67' lang='grc' dir='ltr'>εὔθυμον</span> <span class='ocrx_word' id='word_1_613' title='bbox 2996 3651 3088 3704; x_wconf 72' lang='grc' dir='ltr'>καὶ</span> <span class='ocrx_word' id='word_1_614' title='bbox 3115 3650 3317 3706; x_wconf 80' lang='grc' dir='ltr'>ἄλυπον</span> <span class='ocrx_word' id='word_1_615' title='bbox 3338 3647 3433 3703; x_wconf 74' lang='grc' dir='ltr'>καὶ</span> <span class='ocrx_word' id='word_1_616' title='bbox 3468 3647 3696 3718; x_wconf 77' lang='grc' dir='ltr'>θεοσεεῆ</span> 
     </span>
    </p>
   </div>
   <div class='ocr_carea' id='block_1_84' title="bbox 2109 3742 3696 3819">
    <p class='ocr_par' dir='ltr' id='par_1_84' title="bbox 2109 3742 3696 3819">
     <span class='ocr_line' id='line_1_84' title="bbox 2109 3742 3696 3819; baseline -0.006 -17"><span class='ocrx_word' id='word_1_617' title='bbox 2109 3749 2403 3819; x_wconf 72' lang='grc' dir='ltr'>διεξῆλθοψ</span> <span class='ocrx_word' id='word_1_618' title='bbox 2436 3748 2532 3801; x_wconf 87' lang='grc' dir='ltr'><strong>τοῦ</strong></span> <span class='ocrx_word' id='word_1_619' title='bbox 2581 3745 2714 3800; x_wconf 86' lang='grc' dir='ltr'>Θεοῦ</span> <span class='ocrx_word' id='word_1_620' title='bbox 2749 3749 2862 3808; x_wconf 91' lang='grc' dir='ltr'>τοῖς</span> <span class='ocrx_word' id='word_1_621' title='bbox 2891 3745 2991 3812; x_wconf 84' lang='grc' dir='ltr'><strong>μέν</strong></span> <span class='ocrx_word' id='word_1_622' title='bbox 3037 3746 3292 3816; x_wconf 73' lang='grc' dir='ltr'>ὀρφανοῖς</span> <span class='ocrx_word' id='word_1_623' title='bbox 3342 3742 3483 3813; x_wconf 82' lang='grc' dir='ltr'>ὑπὲρ</span> <span class='ocrx_word' id='word_1_624' title='bbox 3519 3742 3696 3794; x_wconf 80' lang='grc' dir='ltr'>πάντα</span> 
     </span>
    </p>
   </div>
   <div class='ocr_carea' id='block_1_85' title="bbox 2111 3832 3698 3912">
    <p class='ocr_par' dir='ltr' id='par_1_85' title="bbox 2111 3832 3698 3912">
     <span class='ocr_line' id='line_1_85' title="bbox 2111 3832 3698 3912; baseline -0.007 -19"><span class='ocrx_word' id='word_1_625' title='bbox 2111 3841 2323 3912; x_wconf 81' lang='grc' dir='ltr'>πατέρα</span> <span class='ocrx_word' id='word_1_626' title='bbox 2358 3838 2747 3901; x_wconf 84' lang='grc' dir='ltr'>καταστάντος,</span> <span class='ocrx_word' id='word_1_627' title='bbox 2780 3839 2900 3900; x_wconf 88' lang='grc' dir='ltr'>ταῖς</span> <span class='ocrx_word' id='word_1_628' title='bbox 2948 3835 3004 3887; x_wconf 90' lang='grc' dir='ltr'><strong>δέ</strong></span> <span class='ocrx_word' id='word_1_629' title='bbox 3057 3837 3253 3905; x_wconf 75' lang='grc' dir='ltr'>χήραις</span> <span class='ocrx_word' id='word_1_630' title='bbox 3306 3832 3698 3902; x_wconf 76' lang='grc' dir='ltr'>ἀντιληπτορος</span> 
     </span>
    </p>
   </div>
   <div class='ocr_carea' id='block_1_86' title="bbox 2113 3936 3702 4017">
    <p class='ocr_par' dir='ltr' id='par_1_86' title="bbox 2113 3936 3702 4017">
     <span class='ocr_line' id='line_1_86' title="bbox 2113 3936 3702 4017; baseline -0.008 -15"><span class='ocrx_word' id='word_1_631' title='bbox 2113 3949 2208 4002; x_wconf 78' lang='grc' dir='ltr'><strong>καὶ</strong></span> <span class='ocrx_word' id='word_1_632' title='bbox 2235 3947 2470 4000; x_wconf 80' lang='grc' dir='ltr'>ἐκδίκου.</span> <span class='ocrx_word' id='word_1_633' title='bbox 2494 3945 2584 3998; x_wconf 82' lang='grc' dir='ltr'><strong>Διὸ</strong></span> <span class='ocrx_word' id='word_1_634' title='bbox 2612 3944 2842 4017; x_wconf 69' lang='grc' dir='ltr'>εἴρηταισ</span> <span class='ocrx_word' id='word_1_635' title='bbox 2890 3963 2907 3994; x_wconf 83' lang='grc' dir='ltr'>ι</span> <span class='ocrx_word' id='word_1_636' title='bbox 2937 3940 3042 3995; x_wconf 87' lang='grc' dir='ltr'>Τοῦ</span> <span class='ocrx_word' id='word_1_637' title='bbox 3087 3941 3290 4012; x_wconf 86' lang='grc' dir='ltr'>πατρὸς</span> <span class='ocrx_word' id='word_1_638' title='bbox 3313 3938 3422 3992; x_wconf 86' lang='grc' dir='ltr'><strong>τῶν</strong></span> <span class='ocrx_word' id='word_1_639' title='bbox 3443 3936 3702 4010; x_wconf 75' lang='grc' dir='ltr'>ὀρφανῶν</span> 
     </span>
    </p>
   </div>
   <div class='ocr_carea' id='block_1_87' title="bbox 2115 4038 3704 4119">
    <p class='ocr_par' dir='ltr' id='par_1_87' title="bbox 2115 4038 3704 4119">
     <span class='ocr_line' id='line_1_87' title="bbox 2115 4038 3704 4119; baseline -0.007 -16"><span class='ocrx_word' id='word_1_640' title='bbox 2115 4049 2208 4103; x_wconf 74' lang='grc' dir='ltr'><strong>καὶ</strong></span> <span class='ocrx_word' id='word_1_641' title='bbox 2239 4048 2424 4119; x_wconf 87' lang='grc' dir='ltr'>κριτοῦ</span> <span class='ocrx_word' id='word_1_642' title='bbox 2467 4046 2574 4100; x_wconf 87' lang='grc' dir='ltr'><strong>τῶν</strong></span> <span class='ocrx_word' id='word_1_643' title='bbox 2621 4044 2860 4117; x_wconf 78' lang='grc' dir='ltr'>χηρῶν.»</span> <span class='ocrx_word' id='word_1_644' title='bbox 2908 4044 3051 4097; x_wconf 72' lang='grc' dir='ltr'>Ἀντὶ</span> <span class='ocrx_word' id='word_1_645' title='bbox 3083 4041 3138 4094; x_wconf 89' lang='grc' dir='ltr'><strong>δέ</strong></span> <span class='ocrx_word' id='word_1_646' title='bbox 3176 4041 3295 4104; x_wconf 87' lang='grc' dir='ltr'>τοῦ,</span> <span class='ocrx_word' id='word_1_647' title='bbox 3337 4059 3356 4092; x_wconf 87' lang='grc'><strong><em>‹</em></strong></span> <span class='ocrx_word' id='word_1_648' title='bbox 3397 4039 3487 4111; x_wconf 74' lang='grc' dir='ltr'><strong>Τῷ</strong></span> <span class='ocrx_word' id='word_1_649' title='bbox 3513 4038 3704 4092; x_wconf 75' lang='grc' dir='ltr'>ἐπιϐε-</span> 
     </span>
    </p>
   </div>
   <div class='ocr_carea' id='block_1_88' title="bbox 2117 4145 3706 4225">
    <p class='ocr_par' dir='ltr' id='par_1_88' title="bbox 2117 4145 3706 4225">
     <span class='ocr_line' id='line_1_88' title="bbox 2117 4145 3706 4225; baseline -0.008 -17"><span class='ocrx_word' id='word_1_650' title='bbox 2117 4155 2308 4225; x_wconf 78' lang='grc' dir='ltr'>ϐηκότι</span> <span class='ocrx_word' id='word_1_651' title='bbox 2343 4154 2435 4206; x_wconf 67' lang='grc' dir='ltr'><strong>ἐπὶ</strong></span> <span class='ocrx_word' id='word_1_652' title='bbox 2465 4151 2741 4223; x_wconf 77' lang='grc' dir='ltr'>δυσμῶν,›</span> <span class='ocrx_word' id='word_1_653' title='bbox 2775 4152 2803 4204; x_wconf 90' lang='grc' dir='ltr'><strong>ὀ</strong></span> <span class='ocrx_word' id='word_1_654' title='bbox 2826 4151 3137 4222; x_wconf 85' lang='grc' dir='ltr'>Σύμμαχος·</span> <span class='ocrx_word' id='word_1_655' title='bbox 3183 4168 3201 4200; x_wconf 80' lang='grc' dir='ltr'><strong>ι</strong></span> <span class='ocrx_word' id='word_1_656' title='bbox 3230 4147 3320 4218; x_wconf 80' lang='grc' dir='ltr'><strong>Τῷ</strong></span> <span class='ocrx_word' id='word_1_657' title='bbox 3347 4145 3706 4217; x_wconf 83' lang='grc' dir='ltr'>ἐποχουμένῳ</span> 
     </span>
    </p>
   </div>
   <div class='ocr_carea' id='block_1_89' title="bbox 2119 4248 3703 4328">
    <p class='ocr_par' dir='ltr' id='par_1_89' title="bbox 2119 4248 3703 4328">
     <span class='ocr_line' id='line_1_89' title="bbox 2119 4248 3703 4328; baseline -0.006 -18"><span class='ocrx_word' id='word_1_658' title='bbox 2119 4259 2175 4310; x_wconf 91' lang='grc' dir='ltr'><strong>ἐν</strong></span> <span class='ocrx_word' id='word_1_659' title='bbox 2208 4259 2273 4328; x_wconf 74' lang='grc' dir='ltr'>τῇ</span> <span class='ocrx_word' id='word_1_660' title='bbox 2314 4257 2605 4328; x_wconf 74' lang='grc' dir='ltr'>ἀοικήτῳ.»</span> <span class='ocrx_word' id='word_1_661' title='bbox 2649 4256 2932 4326; x_wconf 78' lang='grc' dir='ltr'>Ἀοίκητον</span> <span class='ocrx_word' id='word_1_662' title='bbox 2968 4253 3024 4306; x_wconf 87' lang='grc' dir='ltr'>δὲ</span> <span class='ocrx_word' id='word_1_663' title='bbox 3059 4251 3215 4306; x_wconf 85' lang='grc' dir='ltr'>καλεῖ</span> <span class='ocrx_word' id='word_1_664' title='bbox 3256 4251 3354 4322; x_wconf 77' lang='grc' dir='ltr'><strong>τὴν</strong></span> <span class='ocrx_word' id='word_1_665' title='bbox 3399 4248 3508 4302; x_wconf 90' lang='grc' dir='ltr'><strong>τῶν</strong></span> <span class='ocrx_word' id='word_1_666' title='bbox 3541 4248 3703 4301; x_wconf 81' lang='grc' dir='ltr'>ἀλλο-</span> 
     </span>
    </p>
   </div>
   <div class='ocr_carea' id='block_1_90' title="bbox 2118 4356 3709 4433">
    <p class='ocr_par' dir='ltr' id='par_1_90' title="bbox 2118 4356 3709 4433">
     <span class='ocr_line' id='line_1_90' title="bbox 2118 4356 3709 4433; baseline -0.006 -17"><span class='ocrx_word' id='word_1_667' title='bbox 2118 4363 2291 4433; x_wconf 86' lang='grc' dir='ltr'>γενῶν</span> <span class='ocrx_word' id='word_1_668' title='bbox 2315 4364 2408 4417; x_wconf 76' lang='grc' dir='ltr'>καὶ</span> <span class='ocrx_word' id='word_1_669' title='bbox 2439 4363 2751 4433; x_wconf 79' lang='grc' dir='ltr'>ἀλλοφύλων</span> <span class='ocrx_word' id='word_1_670' title='bbox 2782 4361 2950 4416; x_wconf 86' lang='grc' dir='ltr'>ἐθνῶν</span> <span class='ocrx_word' id='word_1_671' title='bbox 2977 4359 3183 4433; x_wconf 85' lang='grc' dir='ltr'>χώραν·</span> <span class='ocrx_word' id='word_1_672' title='bbox 3221 4359 3289 4428; x_wconf 74' lang='grc' dir='ltr'>ἣν</span> <span class='ocrx_word' id='word_1_673' title='bbox 3340 4357 3544 4432; x_wconf 76' lang='grc' dir='ltr'>ἔρημον</span> <span class='ocrx_word' id='word_1_674' title='bbox 3589 4356 3709 4408; x_wconf 65' lang='grc' dir='ltr'>ὀνομ-</span> 
     </span>
    </p>
   </div>
   <div class='ocr_carea' id='block_1_91' title="bbox 2124 4461 3699 4545">
    <p class='ocr_par' dir='ltr' id='par_1_91' title="bbox 2124 4461 3699 4545">
     <span class='ocr_line' id='line_1_91' title="bbox 2124 4461 3699 4545; baseline -0.01 -17"><span class='ocrx_word' id='word_1_675' title='bbox 2124 4473 2314 4545; x_wconf 78' lang='grc' dir='ltr'>μάζειν</span> <span class='ocrx_word' id='word_1_676' title='bbox 2346 4473 2402 4526; x_wconf 91' lang='grc' dir='ltr'><strong>ἐν</strong></span> <span class='ocrx_word' id='word_1_677' title='bbox 2429 4473 2637 4543; x_wconf 79' lang='grc' dir='ltr'>ἑτέροις</span> <span class='ocrx_word' id='word_1_678' title='bbox 2681 4469 2870 4524; x_wconf 73' lang='grc' dir='ltr'>εἴωθεν</span> <span class='ocrx_word' id='word_1_679' title='bbox 2913 4470 2941 4522; x_wconf 86' lang='grc' dir='ltr'>ὁ</span> <span class='ocrx_word' id='word_1_680' title='bbox 2973 4467 3147 4537; x_wconf 89' lang='grc' dir='ltr'>λόγος.</span> <span class='ocrx_word' id='word_1_681' title='bbox 3188 4464 3296 4518; x_wconf 77' lang='grc' dir='ltr'><strong>Καὶ</strong></span> <span class='ocrx_word' id='word_1_682' title='bbox 3344 4461 3508 4516; x_wconf 87' lang='grc' dir='ltr'>πάλιν</span> <span class='ocrx_word' id='word_1_683' title='bbox 3557 4461 3699 4523; x_wconf 73' lang='grc' dir='ltr'>ἀντὶ,</span> 
     </span>
    </p>
   </div>
   <div class='ocr_carea' id='block_1_92' title="bbox 432 4565 1998 4660">
    <p class='ocr_par' dir='ltr' id='par_1_92' title="bbox 432 4576 1998 4650">
     <span class='ocr_line' id='line_1_92' title="bbox 432 4576 1998 4650; baseline 0 -19"><span class='ocrx_word' id='word_1_684' title='bbox 432 4589 680 4646; x_wconf 65' lang='lat' dir='ltr'><strong>quaenam</strong></span> <span class='ocrx_word' id='word_1_685' title='bbox 707 4594 767 4634; x_wconf 85' lang='lat' dir='ltr'><strong>se</strong></span> <span class='ocrx_word' id='word_1_686' title='bbox 804 4577 1002 4650; x_wconf 64' lang='lat' dir='ltr'><strong>dignae.</strong></span> <span class='ocrx_word' id='word_1_687' title='bbox 1034 4593 1158 4649; x_wconf 62' lang='lat' dir='ltr'><strong>quae</strong></span> <span class='ocrx_word' id='word_1_688' title='bbox 1188 4593 1299 4633; x_wconf 89' lang='lat' dir='ltr'><strong>non</strong></span> <span class='ocrx_word' id='word_1_689' title='bbox 1331 4576 1508 4649; x_wconf 84' lang='lat' dir='ltr'><strong>dignae</strong></span> <span class='ocrx_word' id='word_1_690' title='bbox 1553 4579 1684 4642; x_wconf 87' lang='lat' dir='ltr'><strong>sint,</strong></span> <span class='ocrx_word' id='word_1_691' title='bbox 1725 4578 1893 4646; x_wconf 80' lang='lat' dir='ltr'><strong>judex</strong></span> <span class='ocrx_word' id='word_1_692' title='bbox 1918 4593 1998 4633; x_wconf 87' lang='lat' dir='ltr'><strong>ea-</strong></span> 
     </span>
    </p>
   </div>
   <div class='ocr_carea' id='block_1_93' title="bbox 2102 4565 3704 4660">
    <p class='ocr_par' dir='ltr' id='par_1_93' title="bbox 2127 4565 3704 4654">
     <span class='ocr_line' id='line_1_93' title="bbox 2127 4565 3704 4654; baseline -0.009 -23"><span class='ocrx_word' id='word_1_693' title='bbox 2127 4599 2144 4631; x_wconf 76' lang='grc' dir='ltr'><strong>ι</strong></span> <span class='ocrx_word' id='word_1_694' title='bbox 2178 4579 2272 4634; x_wconf 87' lang='grc' dir='ltr'><strong>τοῦ</strong></span> <span class='ocrx_word' id='word_1_695' title='bbox 2299 4579 2486 4654; x_wconf 84' lang='grc' dir='ltr'>κριτοῦ</span> <span class='ocrx_word' id='word_1_696' title='bbox 2510 4577 2618 4631; x_wconf 91' lang='grc' dir='ltr'><strong>τῶν</strong></span> <span class='ocrx_word' id='word_1_697' title='bbox 2639 4575 2878 4648; x_wconf 83' lang='grc' dir='ltr'>χηρῶν,›</span> <span class='ocrx_word' id='word_1_698' title='bbox 2909 4575 2938 4627; x_wconf 93' lang='grc' dir='ltr'><strong>ὀ</strong></span> <span class='ocrx_word' id='word_1_699' title='bbox 2983 4573 3081 4645; x_wconf 80' lang='grc' dir='ltr'>μὲν</span> <span class='ocrx_word' id='word_1_700' title='bbox 3120 4570 3371 4633; x_wconf 79' lang='grc' dir='ltr'>Ἀκύλας,</span> <span class='ocrx_word' id='word_1_701' title='bbox 3396 4587 3414 4621; x_wconf 79' lang='grc' dir='ltr'><strong>ι</strong></span> <span class='ocrx_word' id='word_1_702' title='bbox 3442 4565 3704 4621; x_wconf 79' lang='grc' dir='ltr'>δικαστοῦ</span> 
     </span>
    </p>
   </div>
   <div class='ocr_carea' id='block_1_94' title="bbox 435 4683 2008 4756">
    <p class='ocr_par' dir='ltr' id='par_1_94' title="bbox 435 4683 2008 4756">
     <span class='ocr_line' id='line_1_94' title="bbox 435 4683 2008 4756; baseline 0.001 -21"><span class='ocrx_word' id='word_1_703' title='bbox 435 4697 555 4735; x_wconf 87' lang='lat' dir='ltr'><strong>rum</strong></span> <span class='ocrx_word' id='word_1_704' title='bbox 589 4684 964 4740; x_wconf 89' lang='lat' dir='ltr'><strong>constituitur.</strong></span> <span class='ocrx_word' id='word_1_705' title='bbox 997 4683 1183 4753; x_wconf 86' lang='lat' dir='ltr'><strong>Neque</strong></span> <span class='ocrx_word' id='word_1_706' title='bbox 1213 4689 1397 4738; x_wconf 89' lang='lat' dir='ltr'><strong>tamen</strong></span> <span class='ocrx_word' id='word_1_707' title='bbox 1447 4683 1566 4754; x_wconf 89' lang='lat' dir='ltr'><strong>pari</strong></span> <span class='ocrx_word' id='word_1_708' title='bbox 1613 4683 1776 4737; x_wconf 82' lang='lat' dir='ltr'><strong>modo</strong></span> <span class='ocrx_word' id='word_1_709' title='bbox 1805 4683 2008 4756; x_wconf 90' lang='lat' dir='ltr'><strong>orpha-</strong></span> 
     </span>
    </p>
   </div>
   <div class='ocr_carea' id='block_1_95' title="bbox 433 4789 2013 4864">
    <p class='ocr_par' dir='ltr' id='par_1_95' title="bbox 433 4789 2013 4864">
     <span class='ocr_line' id='line_1_95' title="bbox 433 4789 2013 4864; baseline 0.003 -23"><span class='ocrx_word' id='word_1_710' title='bbox 433 4803 628 4842; x_wconf 81' lang='lat' dir='ltr'><strong>norum</strong></span> <span class='ocrx_word' id='word_1_711' title='bbox 649 4789 817 4859; x_wconf 80' lang='lat' dir='ltr'><strong>judex</strong></span> <span class='ocrx_word' id='word_1_712' title='bbox 852 4789 1017 4844; x_wconf 84' lang='lat' dir='ltr'><strong>fuerit</strong></span> <span class='ocrx_word' id='word_1_713' title='bbox 1050 4810 1062 4844; x_wconf 90' lang='lat'><strong>:</strong></span> <span class='ocrx_word' id='word_1_714' title='bbox 1093 4805 1251 4860; x_wconf 63' lang='lat' dir='ltr'><strong>aeque</strong></span> <span class='ocrx_word' id='word_1_715' title='bbox 1267 4791 1412 4847; x_wconf 92' lang='lat' dir='ltr'><strong>enim</strong></span> <span class='ocrx_word' id='word_1_716' title='bbox 1443 4790 1553 4845; x_wconf 91' lang='lat' dir='ltr'><strong>illis</strong></span> <span class='ocrx_word' id='word_1_717' title='bbox 1584 4806 1682 4846; x_wconf 90' lang='lat' dir='ltr'><strong>ceu</strong></span> <span class='ocrx_word' id='word_1_718' title='bbox 1709 4799 1866 4862; x_wconf 85' lang='lat' dir='ltr'><strong>pater</strong></span> <span class='ocrx_word' id='word_1_719' title='bbox 1883 4807 2013 4864; x_wconf 84' lang='lat' dir='ltr'><strong>pro-</strong></span> 
     </span>
    </p>
   </div>
   <div class='ocr_carea' id='block_1_96' title="bbox 438 4897 621 4966">
    <p class='ocr_par' dir='ltr' id='par_1_96' title="bbox 438 4897 621 4966">
     <span class='ocr_line' id='line_1_96' title="bbox 438 4897 621 4966; baseline -0.005 -14"><span class='ocrx_word' id='word_1_720' title='bbox 438 4897 621 4966; x_wconf 73' lang='lat' dir='ltr'><strong>spicit.</strong></span> 
     </span>
    </p>
   </div>
   <div class='ocr_carea' id='block_1_97' title="bbox 2119 4673 3697 4759">
    <p class='ocr_par' dir='ltr' id='par_1_97' title="bbox 2119 4673 3697 4759">
     <span class='ocr_line' id='line_1_97' title="bbox 2119 4673 3697 4759; baseline -0.011 -19"><span class='ocrx_word' id='word_1_721' title='bbox 2119 4686 2324 4759; x_wconf 88' lang='grc' dir='ltr'>χηρῶν,</span> <span class='ocrx_word' id='word_1_722' title='bbox 2340 4708 2357 4738; x_wconf 75' lang='grc' dir='ltr'>ι</span> <span class='ocrx_word' id='word_1_723' title='bbox 2379 4687 2407 4738; x_wconf 92' lang='grc' dir='ltr'><strong>ό</strong></span> <span class='ocrx_word' id='word_1_724' title='bbox 2438 4685 2494 4738; x_wconf 78' lang='grc' dir='ltr'>δὲ</span> <span class='ocrx_word' id='word_1_725' title='bbox 2523 4683 2836 4753; x_wconf 81' lang='grc' dir='ltr'>Σύμμαχος,</span> <span class='ocrx_word' id='word_1_726' title='bbox 2857 4699 2875 4731; x_wconf 79' lang='grc' dir='ltr'><strong>ι</strong></span> <span class='ocrx_word' id='word_1_727' title='bbox 2906 4679 3003 4733; x_wconf 70' lang='grc' dir='ltr'><strong>καὶ</strong></span> <span class='ocrx_word' id='word_1_728' title='bbox 3017 4675 3434 4750; x_wconf 75' lang='grc' dir='ltr'>ὑπερδικοῦντος</span> <span class='ocrx_word' id='word_1_729' title='bbox 3457 4673 3697 4746; x_wconf 43' lang='lat' dir='ltr'><strong>nam,»</strong></span> 
     </span>
    </p>
   </div>
   <div class='ocr_carea' id='block_1_98' title="bbox 2119 4781 3703 4864">
    <p class='ocr_par' dir='ltr' id='par_1_98' title="bbox 2119 4781 3703 4864">
     <span class='ocr_line' id='line_1_98' title="bbox 2119 4781 3703 4864; baseline -0.009 -16"><span class='ocrx_word' id='word_1_730' title='bbox 2119 4794 2494 4864; x_wconf 78' lang='grc' dir='ltr'>ἡρμήνευσαν.</span> <span class='ocrx_word' id='word_1_731' title='bbox 2533 4790 2746 4861; x_wconf 86' lang='grc' dir='ltr'>Σφόδρα</span> <span class='ocrx_word' id='word_1_732' title='bbox 2767 4789 2824 4842; x_wconf 80' lang='grc' dir='ltr'><strong>δὲ</strong></span> <span class='ocrx_word' id='word_1_733' title='bbox 2871 4786 3113 4860; x_wconf 75' lang='grc' dir='ltr'>ἀκριϐῶς</span> <span class='ocrx_word' id='word_1_734' title='bbox 3138 4783 3388 4857; x_wconf 87' lang='grc' dir='ltr'>ὀρφανῶν</span> <span class='ocrx_word' id='word_1_735' title='bbox 3417 4782 3517 4854; x_wconf 76' lang='grc' dir='ltr'><strong>μὲν</strong></span> <span class='ocrx_word' id='word_1_736' title='bbox 3540 4781 3703 4835; x_wconf 72' lang='grc' dir='ltr'>αὑτὸν</span> 
     </span>
    </p>
   </div>
   <div class='ocr_carea' id='block_1_99' title="bbox 2121 4885 3704 4968">
    <p class='ocr_par' dir='ltr' id='par_1_99' title="bbox 2121 4885 3704 4968">
     <span class='ocr_line' id='line_1_99' title="bbox 2121 4885 3704 4968; baseline -0.008 -17"><span class='ocrx_word' id='word_1_737' title='bbox 2121 4898 2336 4968; x_wconf 83' lang='grc' dir='ltr'>πατέρα</span> <span class='ocrx_word' id='word_1_738' title='bbox 2361 4894 2645 4958; x_wconf 86' lang='grc' dir='ltr'>ἀποκαλεῖ,</span> <span class='ocrx_word' id='word_1_739' title='bbox 2679 4892 2863 4965; x_wconf 84' lang='grc' dir='ltr'>χηρῶν</span> <span class='ocrx_word' id='word_1_740' title='bbox 2908 4892 2964 4946; x_wconf 81' lang='grc' dir='ltr'><strong>δὲ</strong></span> <span class='ocrx_word' id='word_1_741' title='bbox 3011 4892 3224 4964; x_wconf 75' lang='grc' dir='ltr'>κριτήν.</span> <span class='ocrx_word' id='word_1_742' title='bbox 3267 4887 3422 4941; x_wconf 75' lang='grc' dir='ltr'>Ἐπεὶ</span> <span class='ocrx_word' id='word_1_743' title='bbox 3467 4885 3579 4957; x_wconf 67' lang='grc' dir='ltr'><strong>γὰρ</strong></span> <span class='ocrx_word' id='word_1_744' title='bbox 3631 4885 3704 4955; x_wconf 76' lang='grc' dir='ltr'>μὴ</span> 
     </span>
    </p>
   </div>
   <div class='ocr_carea' id='block_1_100' title="bbox 438 4981 3705 5066">
    <p class='ocr_par' dir='ltr' id='par_1_100' title="bbox 438 4981 3705 5066">
     <span class='ocr_line' id='line_1_100' title="bbox 438 4981 3705 5066; baseline -0.003 -22"><span class='ocrx_word' id='word_1_745' title='bbox 438 4993 609 5046; x_wconf 62' lang='grc' dir='ltr'>πᾶσαι</span> <span class='ocrx_word' id='word_1_746' title='bbox 636 4994 800 5065; x_wconf 87' lang='grc' dir='ltr'>χῆραι</span> <span class='ocrx_word' id='word_1_747' title='bbox 826 4995 925 5064; x_wconf 80' lang='grc' dir='ltr'>τῆς</span> <span class='ocrx_word' id='word_1_748' title='bbox 953 4995 1074 5066; x_wconf 86' lang='grc' dir='ltr'>ῐσης</span> <span class='ocrx_word' id='word_1_749' title='bbox 1107 4995 1411 5066; x_wconf 82' lang='grc' dir='ltr'>ὑπάρχουσι</span> <span class='ocrx_word' id='word_1_750' title='bbox 1473 4993 1864 5066; x_wconf 86' lang='grc' dir='ltr'>προαιρέσεως,</span> <span class='ocrx_word' id='word_1_751' title='bbox 1923 4993 2216 5066; x_wconf 89' lang='grc' dir='ltr'>διακρίνων</span> <span class='ocrx_word' id='word_1_752' title='bbox 2285 4991 2381 5054; x_wconf 72' lang='grc' dir='ltr'><strong>τὰς</strong></span> <span class='ocrx_word' id='word_1_753' title='bbox 2441 4990 2594 5056; x_wconf 75' lang='grc' dir='ltr'>ἀξίας</span> <span class='ocrx_word' id='word_1_754' title='bbox 2630 4989 2792 5043; x_wconf 76' lang='grc' dir='ltr'>αὑτοῦ</span> <span class='ocrx_word' id='word_1_755' title='bbox 2865 4989 2958 5042; x_wconf 73' lang='grc' dir='ltr'><strong>καὶ</strong></span> <span class='ocrx_word' id='word_1_756' title='bbox 2998 4986 3096 5050; x_wconf 71' lang='grc' dir='ltr'>τὰς</span> <span class='ocrx_word' id='word_1_757' title='bbox 3150 4985 3224 5057; x_wconf 81' lang='grc' dir='ltr'><strong>μὴ</strong></span> <span class='ocrx_word' id='word_1_758' title='bbox 3263 4981 3543 5046; x_wconf 66' lang='grc' dir='ltr'>τοιαύτας,</span> <span class='ocrx_word' id='word_1_759' title='bbox 3590 4997 3705 5050; x_wconf 84' lang='grc' dir='ltr'>κρι-</span> 
     </span>
    </p>
   </div>
   <div class='ocr_carea' id='block_1_101' title="bbox 437 5074 3704 5163">
    <p class='ocr_par' dir='ltr' id='par_1_101' title="bbox 437 5074 3704 5163">
     <span class='ocr_line' id='line_1_101' title="bbox 437 5074 3704 5163; baseline -0.004 -22"><span class='ocrx_word' id='word_1_760' title='bbox 437 5088 538 5160; x_wconf 82' lang='grc' dir='ltr'><strong>τὴς</strong></span> <span class='ocrx_word' id='word_1_761' title='bbox 563 5090 740 5142; x_wconf 73' lang='grc' dir='ltr'>αὐτῶν</span> <span class='ocrx_word' id='word_1_762' title='bbox 771 5089 1114 5145; x_wconf 86' lang='grc' dir='ltr'>καθίσταται.</span> <span class='ocrx_word' id='word_1_763' title='bbox 1143 5094 1218 5145; x_wconf 79' lang='grc' dir='ltr'><strong>Οὐ</strong></span> <span class='ocrx_word' id='word_1_764' title='bbox 1265 5091 1370 5163; x_wconf 76' lang='grc' dir='ltr'><strong>μὴν</strong></span> <span class='ocrx_word' id='word_1_765' title='bbox 1409 5093 1502 5144; x_wconf 68' lang='grc' dir='ltr'><strong>κα)⁸</strong></span> <span class='ocrx_word' id='word_1_766' title='bbox 1531 5091 1779 5163; x_wconf 88' lang='grc' dir='ltr'>ὀρφανῶν</span> <span class='ocrx_word' id='word_1_767' title='bbox 1815 5091 2016 5160; x_wconf 85' lang='grc' dir='ltr'>ὁμοίως</span> <span class='ocrx_word' id='word_1_768' title='bbox 2051 5089 2246 5158; x_wconf 82' lang='grc' dir='ltr'>γένοιτ’</span> <span class='ocrx_word' id='word_1_769' title='bbox 2290 5089 2356 5142; x_wconf 84' lang='grc' dir='ltr'>ἂν</span> <span class='ocrx_word' id='word_1_770' title='bbox 2381 5088 2571 5159; x_wconf 73' lang='grc' dir='ltr'>κριτής</span> <span class='ocrx_word' id='word_1_771' title='bbox 2591 5103 2604 5115; x_wconf 73' lang='grc' dir='ltr'><strong>ο</strong></span> <span class='ocrx_word' id='word_1_772' title='bbox 2636 5085 2695 5152; x_wconf 79' lang='grc' dir='ltr'><strong>ἐξ</strong></span> <span class='ocrx_word' id='word_1_773' title='bbox 2729 5087 2844 5139; x_wconf 82' lang='grc' dir='ltr'>ἴσου</span> <span class='ocrx_word' id='word_1_774' title='bbox 2879 5085 2988 5156; x_wconf 78' lang='grc' dir='ltr'>γὰρ</span> <span class='ocrx_word' id='word_1_775' title='bbox 3011 5081 3215 5136; x_wconf 83' lang='grc' dir='ltr'>τούτων</span> <span class='ocrx_word' id='word_1_776' title='bbox 3281 5077 3491 5150; x_wconf 79' lang='grc' dir='ltr'>πατρὸς</span> <span class='ocrx_word' id='word_1_777' title='bbox 3553 5074 3704 5143; x_wconf 84' lang='grc' dir='ltr'>δίκην</span> 
     </span>
    </p>
   </div>
   <div class='ocr_carea' id='block_1_102' title="bbox 440 5187 675 5255">
    <p class='ocr_par' dir='ltr' id='par_1_102' title="bbox 440 5187 675 5255">
     <span class='ocr_line' id='line_1_102' title="bbox 440 5187 675 5255; baseline 0.004 -20"><span class='ocrx_word' id='word_1_778' title='bbox 440 5187 675 5255; x_wconf 88' lang='grc' dir='ltr'>προνοεῖ.</span> 
     </span>
    </p>
   </div>
   <div class='ocr_carea' id='block_1_103' title="bbox 517 5306 2018 5375">
    <p class='ocr_par' dir='ltr' id='par_1_103' title="bbox 517 5306 2018 5375">
     <span class='ocr_line' id='line_1_103' title="bbox 517 5306 2018 5375; baseline 0.001 -8"><span class='ocrx_word' id='word_1_779' title='bbox 517 5310 679 5367; x_wconf 68' lang='lat' dir='ltr'><strong>Vens.</strong></span> <span class='ocrx_word' id='word_1_780' title='bbox 715 5309 764 5363; x_wconf 86' lang='lat'><strong>7.</strong></span> <span class='ocrx_word' id='word_1_781' title='bbox 807 5326 825 5360; x_wconf 71' lang='grc' dir='ltr'><strong>ι</strong></span> <span class='ocrx_word' id='word_1_782' title='bbox 864 5306 1008 5364; x_wconf 85' lang='lat' dir='ltr'><strong>Deus</strong></span> <span class='ocrx_word' id='word_1_783' title='bbox 1052 5309 1106 5362; x_wconf 92' lang='lat' dir='ltr'><strong>in</strong></span> <span class='ocrx_word' id='word_1_784' title='bbox 1141 5310 1262 5364; x_wconf 88' lang='lat' dir='ltr'><strong>loco</strong></span> <span class='ocrx_word' id='word_1_785' title='bbox 1297 5318 1490 5365; x_wconf 87' lang='lat' dir='ltr'><strong>sancto</strong></span> <span class='ocrx_word' id='word_1_786' title='bbox 1516 5327 1639 5375; x_wconf 87' lang='lat' dir='ltr'><strong>suo,</strong></span> <span class='ocrx_word' id='word_1_787' title='bbox 1682 5311 1828 5370; x_wconf 86' lang='lat' dir='ltr'><strong>Deus</strong></span> <span class='ocrx_word' id='word_1_788' title='bbox 1858 5315 2018 5368; x_wconf 83' lang='lat' dir='ltr'><strong>inha-</strong></span> 
     </span>
    </p>
   </div>
   <div class='ocr_carea' id='block_1_104' title="bbox 449 5401 2022 5470">
    <p class='ocr_par' dir='ltr' id='par_1_104' title="bbox 449 5401 2022 5470">
     <span class='ocr_line' id='line_1_104' title="bbox 449 5401 2022 5470; baseline 0.001 -11"><span class='ocrx_word' id='word_1_789' title='bbox 449 5405 626 5460; x_wconf 81' lang='lat' dir='ltr'><strong>bitare</strong></span> <span class='ocrx_word' id='word_1_790' title='bbox 646 5402 776 5457; x_wconf 83' lang='lat' dir='ltr'><strong>facit</strong></span> <span class='ocrx_word' id='word_1_791' title='bbox 810 5405 974 5456; x_wconf 87' lang='lat' dir='ltr'><strong>unius</strong></span> <span class='ocrx_word' id='word_1_792' title='bbox 994 5401 1166 5456; x_wconf 91' lang='lat' dir='ltr'><strong>moris</strong></span> <span class='ocrx_word' id='word_1_793' title='bbox 1198 5402 1252 5455; x_wconf 91' lang='lat' dir='ltr'><strong>in</strong></span> <span class='ocrx_word' id='word_1_794' title='bbox 1282 5402 1468 5457; x_wconf 90' lang='lat' dir='ltr'><strong>domo.</strong></span> <span class='ocrx_word' id='word_1_795' title='bbox 1509 5424 1526 5456; x_wconf 77' lang='grc' dir='ltr'>ι</span> <span class='ocrx_word' id='word_1_796' title='bbox 1560 5403 1698 5470; x_wconf 84' lang='lat' dir='ltr'><strong>Quia</strong></span> <span class='ocrx_word' id='word_1_797' title='bbox 1753 5422 2022 5461; x_wconf 82' lang='lat' dir='ltr'><strong>memora-</strong></span> 
     </span>
    </p>
   </div>
   <div class='ocr_carea' id='block_1_105' title="bbox 443 5494 2022 5565">
    <p class='ocr_par' dir='ltr' id='par_1_105' title="bbox 443 5494 2022 5565">
     <span class='ocr_line' id='line_1_105' title="bbox 443 5494 2022 5565; baseline 0.003 -16"><span class='ocrx_word' id='word_1_798' title='bbox 443 5505 560 5551; x_wconf 73' lang='lat' dir='ltr'><strong>tam</strong></span> <span class='ocrx_word' id='word_1_799' title='bbox 597 5496 886 5552; x_wconf 86' lang='lat' dir='ltr'><strong>Dominum</strong></span> <span class='ocrx_word' id='word_1_800' title='bbox 919 5494 1080 5565; x_wconf 89' lang='lat' dir='ltr'><strong>quasi</strong></span> <span class='ocrx_word' id='word_1_801' title='bbox 1127 5494 1439 5563; x_wconf 88' lang='lat' dir='ltr'><strong>deprimens</strong></span> <span class='ocrx_word' id='word_1_802' title='bbox 1466 5496 1726 5552; x_wconf 87' lang='lat' dir='ltr'><strong>humilem</strong></span> <span class='ocrx_word' id='word_1_803' title='bbox 1754 5499 1807 5552; x_wconf 89' lang='lat' dir='ltr'><strong>iu</strong></span> <span class='ocrx_word' id='word_1_804' title='bbox 1843 5501 2022 5554; x_wconf 81' lang='lat' dir='ltr'><strong>locum</strong></span> 
     </span>
    </p>
   </div>
   <div class='ocr_carea' id='block_1_106' title="bbox 447 5587 2021 5658">
    <p class='ocr_par' dir='ltr' id='par_1_106' title="bbox 447 5587 2021 5658">
     <span class='ocr_line' id='line_1_106' title="bbox 447 5587 2021 5658; baseline 0.003 -16"><span class='ocrx_word' id='word_1_805' title='bbox 447 5589 767 5652; x_wconf 74' lang='lat' dir='ltr'><strong>deduxerat,</strong></span> <span class='ocrx_word' id='word_1_806' title='bbox 809 5589 999 5644; x_wconf 85' lang='lat' dir='ltr'><strong>dlceus</strong></span> <span class='ocrx_word' id='word_1_807' title='bbox 1018 5587 1337 5643; x_wconf 86' lang='lat' dir='ltr'><strong>ascendisse</strong></span> <span class='ocrx_word' id='word_1_808' title='bbox 1362 5603 1529 5658; x_wconf 88' lang='lat' dir='ltr'><strong>super</strong></span> <span class='ocrx_word' id='word_1_809' title='bbox 1559 5604 1840 5653; x_wconf 85' lang='lat' dir='ltr'><strong>occasum,</strong></span> <span class='ocrx_word' id='word_1_810' title='bbox 1871 5607 2021 5647; x_wconf 84' lang='lat' dir='ltr'><strong>esse-</strong></span> 
     </span>
    </p>
   </div>
   <div class='ocr_carea' id='block_1_107' title="bbox 447 5679 2024 5752">
    <p class='ocr_par' dir='ltr' id='par_1_107' title="bbox 447 5679 2024 5752">
     <span class='ocr_line' id='line_1_107' title="bbox 447 5679 2024 5752; baseline 0.005 -22"><span class='ocrx_word' id='word_1_811' title='bbox 447 5694 553 5748; x_wconf 91' lang='lat' dir='ltr'><strong>que</strong></span> <span class='ocrx_word' id='word_1_812' title='bbox 587 5689 796 5749; x_wconf 82' lang='lat' dir='ltr'><strong>patrem</strong></span> <span class='ocrx_word' id='word_1_813' title='bbox 831 5682 1200 5752; x_wconf 81' lang='lat' dir='ltr'><strong>orphanorum</strong></span> <span class='ocrx_word' id='word_1_814' title='bbox 1224 5689 1278 5734; x_wconf 95' lang='lat' dir='ltr'><strong>et</strong></span> <span class='ocrx_word' id='word_1_815' title='bbox 1303 5679 1544 5750; x_wconf 89' lang='lat' dir='ltr'><strong>judicem</strong></span> <span class='ocrx_word' id='word_1_816' title='bbox 1576 5683 1900 5750; x_wconf 89' lang='lat' dir='ltr'><strong>viduarum;</strong></span> <span class='ocrx_word' id='word_1_817' title='bbox 1928 5699 2024 5738; x_wconf 90' lang='lat' dir='ltr'><strong>nc-</strong></span> 
     </span>
    </p>
   </div>
   <div class='ocr_carea' id='block_1_108' title="bbox 450 5773 2021 5846">
    <p class='ocr_par' dir='ltr' id='par_1_108' title="bbox 450 5773 2021 5846">
     <span class='ocr_line' id='line_1_108' title="bbox 450 5773 2021 5846; baseline 0.002 -18"><span class='ocrx_word' id='word_1_818' title='bbox 450 5777 688 5831; x_wconf 82' lang='lat' dir='ltr'><strong>cessario</strong></span> <span class='ocrx_word' id='word_1_819' title='bbox 735 5778 800 5832; x_wconf 88' lang='lat' dir='ltr'><strong>ad</strong></span> <span class='ocrx_word' id='word_1_820' title='bbox 831 5777 952 5846; x_wconf 91' lang='lat' dir='ltr'><strong>ejus</strong></span> <span class='ocrx_word' id='word_1_821' title='bbox 1000 5775 1259 5831; x_wconf 82' lang='lat' dir='ltr'><strong>deitatem</strong></span> <span class='ocrx_word' id='word_1_822' title='bbox 1310 5773 1714 5845; x_wconf 67' lang='lat' dir='ltr'><strong>praedicandam</strong></span> <span class='ocrx_word' id='word_1_823' title='bbox 1769 5777 2021 5841; x_wconf 80' lang='lat' dir='ltr'><strong>vertitur,</strong></span> 
     </span>
    </p>
   </div>
   <div class='ocr_carea' id='block_1_109' title="bbox 2205 5297 3711 5379">
    <p class='ocr_par' dir='ltr' id='par_1_109' title="bbox 2205 5297 3711 5379">
     <span class='ocr_line' id='line_1_109' title="bbox 2205 5297 3711 5379; baseline -0.012 -13"><span class='ocrx_word' id='word_1_824' title='bbox 2205 5334 2222 5366; x_wconf 78' lang='grc' dir='ltr'><strong>ι</strong></span> <span class='ocrx_word' id='word_1_825' title='bbox 2260 5313 2318 5365; x_wconf 90' lang='lat' dir='ltr'><strong>&#39;O</strong></span> <span class='ocrx_word' id='word_1_826' title='bbox 2348 5311 2480 5374; x_wconf 85' lang='grc' dir='ltr'>Θεὸς</span> <span class='ocrx_word' id='word_1_827' title='bbox 2513 5312 2569 5363; x_wconf 81' lang='grc' dir='ltr'><strong>ἐν</strong></span> <span class='ocrx_word' id='word_1_828' title='bbox 2607 5311 2758 5379; x_wconf 78' lang='grc' dir='ltr'>τόπῳ</span> <span class='ocrx_word' id='word_1_829' title='bbox 2795 5308 2935 5378; x_wconf 85' lang='grc' dir='ltr'>ἁγίῳ</span> <span class='ocrx_word' id='word_1_830' title='bbox 2968 5306 3154 5370; x_wconf 75' lang='grc' dir='ltr'>αὑτοῦ,</span> <span class='ocrx_word' id='word_1_831' title='bbox 3187 5306 3216 5358; x_wconf 89' lang='grc' dir='ltr'><strong>ὀ</strong></span> <span class='ocrx_word' id='word_1_832' title='bbox 3239 5303 3372 5366; x_wconf 76' lang='grc' dir='ltr'>Θεὸς</span> <span class='ocrx_word' id='word_1_833' title='bbox 3406 5297 3711 5359; x_wconf 78' lang='grc' dir='ltr'>κατοικίζει</span> 
     </span>
    </p>
   </div>
   <div class='ocr_carea' id='block_1_110' title="bbox 2130 5392 3713 5477">
    <p class='ocr_par' dir='ltr' id='par_1_110' title="bbox 2130 5392 3713 5477">
     <span class='ocr_line' id='line_1_110' title="bbox 2130 5392 3713 5477; baseline -0.011 -17"><span class='ocrx_word' id='word_1_834' title='bbox 2130 5406 2492 5477; x_wconf 86' lang='grc' dir='ltr'>μονοτρόπους</span> <span class='ocrx_word' id='word_1_835' title='bbox 2521 5405 2579 5456; x_wconf 92' lang='grc' dir='ltr'><strong>ἐν</strong></span> <span class='ocrx_word' id='word_1_836' title='bbox 2637 5404 2823 5474; x_wconf 74' lang='grc' dir='ltr'>οἴκῳ.)</span> <span class='ocrx_word' id='word_1_837' title='bbox 2872 5401 3089 5471; x_wconf 82' lang='grc' dir='ltr'>Ἐπειδὴ</span> <span class='ocrx_word' id='word_1_838' title='bbox 3147 5399 3236 5452; x_wconf 84' lang='grc' dir='ltr'><strong>τὸν</strong></span> <span class='ocrx_word' id='word_1_839' title='bbox 3295 5392 3713 5467; x_wconf 85' lang='grc' dir='ltr'>προδηλωθέντα</span> 
     </span>
    </p>
   </div>
   <div class='ocr_carea' id='block_1_111' title="bbox 2127 5482 3715 5570">
    <p class='ocr_par' dir='ltr' id='par_1_111' title="bbox 2127 5482 3715 5570">
     <span class='ocr_line' id='line_1_111' title="bbox 2127 5482 3715 5570; baseline -0.016 -14"><span class='ocrx_word' id='word_1_840' title='bbox 2127 5499 2330 5570; x_wconf 84' lang='grc' dir='ltr'>Κύριον</span> <span class='ocrx_word' id='word_1_841' title='bbox 2360 5499 2508 5552; x_wconf 87' lang='grc' dir='ltr'>κάτω</span> <span class='ocrx_word' id='word_1_842' title='bbox 2530 5515 2633 5550; x_wconf 85' lang='grc' dir='ltr'><strong>που</strong></span> <span class='ocrx_word' id='word_1_843' title='bbox 2665 5499 2756 5550; x_wconf 72' lang='grc' dir='ltr'><strong>ἐπὶ</strong></span> <span class='ocrx_word' id='word_1_844' title='bbox 2803 5497 2864 5549; x_wconf 81' lang='grc' dir='ltr'>τὸ</span> <span class='ocrx_word' id='word_1_845' title='bbox 2907 5493 3161 5549; x_wconf 81' lang='grc' dir='ltr'>ταπεινὸν</span> <span class='ocrx_word' id='word_1_846' title='bbox 3212 5491 3525 5558; x_wconf 79' lang='grc' dir='ltr'>κατήγαγεν</span> <span class='ocrx_word' id='word_1_847' title='bbox 3553 5487 3584 5536; x_wconf 85' lang='grc' dir='ltr'><strong>ό</strong></span> <span class='ocrx_word' id='word_1_848' title='bbox 3625 5482 3715 5570; x_wconf 64' lang='grc' dir='ltr'>λό-</span> 
     </span>
    </p>
   </div>
   <div class='ocr_carea' id='block_1_112' title="bbox 2125 5568 3715 5659">
    <p class='ocr_par' dir='ltr' id='par_1_112' title="bbox 2125 5568 3715 5659">
     <span class='ocr_line' id='line_1_112' title="bbox 2125 5568 3715 5659; baseline -0.016 -16"><span class='ocrx_word' id='word_1_849' title='bbox 2125 5568 2240 5658; x_wconf 77' lang='grc' dir='ltr'>γος,</span> <span class='ocrx_word' id='word_1_850' title='bbox 2271 5588 2654 5659; x_wconf 78' lang='grc' dir='ltr'>ἐπιϐεϐηκέναι</span> <span class='ocrx_word' id='word_1_851' title='bbox 2683 5587 2776 5638; x_wconf 70' lang='grc' dir='ltr'><strong>ἐπὶ</strong></span> <span class='ocrx_word' id='word_1_852' title='bbox 2802 5583 3021 5654; x_wconf 88' lang='grc' dir='ltr'>δυσμῶν</span> <span class='ocrx_word' id='word_1_853' title='bbox 3056 5585 3232 5651; x_wconf 75' lang='grc' dir='ltr'>φήσας</span> <span class='ocrx_word' id='word_1_854' title='bbox 3254 5576 3435 5633; x_wconf 83' lang='grc' dir='ltr'>αὐτὸν,</span> <span class='ocrx_word' id='word_1_855' title='bbox 3459 5568 3715 5642; x_wconf 84' lang='grc' dir='ltr'>ὀρφανῶν</span> 
     </span>
    </p>
   </div>
   <div class='ocr_carea' id='block_1_113' title="bbox 2126 5663 3717 5750">
    <p class='ocr_par' dir='ltr' id='par_1_113' title="bbox 2126 5663 3717 5750">
     <span class='ocr_line' id='line_1_113' title="bbox 2126 5663 3717 5750; baseline -0.016 -16"><span class='ocrx_word' id='word_1_856' title='bbox 2126 5699 2185 5734; x_wconf 83' lang='grc' dir='ltr'><strong>τε</strong></span> <span class='ocrx_word' id='word_1_857' title='bbox 2208 5677 2347 5734; x_wconf 79' lang='grc' dir='ltr'>εἶναι</span> <span class='ocrx_word' id='word_1_858' title='bbox 2379 5680 2592 5750; x_wconf 88' lang='grc' dir='ltr'>πατέρα</span> <span class='ocrx_word' id='word_1_859' title='bbox 2615 5678 2710 5732; x_wconf 76' lang='grc' dir='ltr'>καὶ</span> <span class='ocrx_word' id='word_1_860' title='bbox 2736 5676 2920 5749; x_wconf 85' lang='grc' dir='ltr'>χηρῶν</span> <span class='ocrx_word' id='word_1_861' title='bbox 2946 5674 3158 5747; x_wconf 78' lang='grc' dir='ltr'>κριτὴν,</span> <span class='ocrx_word' id='word_1_862' title='bbox 3189 5665 3502 5738; x_wconf 83' lang='grc' dir='ltr'>ἀναγκαίως</span> <span class='ocrx_word' id='word_1_863' title='bbox 3550 5663 3717 5713; x_wconf 57' lang='grc' dir='ltr'>ἐπαγ</span> 
     </span>
    </p>
   </div>
   <div class='ocr_carea' id='block_1_114' title="bbox 2129 5756 3723 5844">
    <p class='ocr_par' dir='ltr' id='par_1_114' title="bbox 2129 5756 3723 5844">
     <span class='ocr_line' id='line_1_114' title="bbox 2129 5756 3723 5844; baseline -0.015 -15"><span class='ocrx_word' id='word_1_864' title='bbox 2129 5773 2346 5844; x_wconf 72' lang='grc' dir='ltr'>ἔρχεται</span> <span class='ocrx_word' id='word_1_865' title='bbox 2382 5771 2474 5825; x_wconf 71' lang='grc' dir='ltr'><strong>ἐπὶ</strong></span> <span class='ocrx_word' id='word_1_866' title='bbox 2523 5773 2622 5840; x_wconf 70' lang='grc' dir='ltr'>τὴν</span> <span class='ocrx_word' id='word_1_867' title='bbox 2687 5771 2815 5838; x_wconf 75' lang='grc' dir='ltr'><strong>περὶ</strong></span> <span class='ocrx_word' id='word_1_868' title='bbox 2857 5768 3020 5823; x_wconf 71' lang='grc' dir='ltr'>αὐτοῦ</span> <span class='ocrx_word' id='word_1_869' title='bbox 3079 5762 3378 5831; x_wconf 84' lang='grc' dir='ltr'>θεολογίαν,</span> <span class='ocrx_word' id='word_1_870' title='bbox 3417 5756 3723 5832; x_wconf 56' lang='grc' dir='ltr'>διδάσκων,</span> 
     </span>
    </p>
   </div>
  </div>
