4024 6210
348 315 458 370 68$

1487 314 1993 370 COMMENTARIA
2034 313 2097 368 ΙΝ
2138 314 2479 371 PSALMOS.

3484 387 3492 405 ’
3511 316 3625 372 690

348 438 436 492 δτι
460 426 579 498 ταῖς
613 434 711 506 μὲν
738 431 1152 506 προλεχθείσαις
1183 433 1418 503 δυσμαῖς
1444 431 1534 486 διά
1561 450 1713 497 τινας
1731 433 1937 486 οἰκονο-

2043 433 2243 487 docens
2263 446 2388 487 eum
2408 429 2475 484 ad
2504 430 2822 500 pradictum
2851 445 3108 486 occasum
3138 445 3235 501 per
3259 427 3620 489 oeconomiam

353 530 487 602 μίας
511 526 641 599 πρὸς
679 525 885 597 βραχὺν
917 523 1185 578 ἐπιϐαίνει
1215 524 1426 595 χρόνον
1458 525 1519 577 τό
1551 541 1616 593 γε
1658 527 1763 597 μὴν
1788 526 1943 596 οἰκη-

347 622 540 693 τήριον
578 615 744 670 αὑτοῦ
775 621 869 670 καὶ
906 618 939 688 ή
963 615 1248 688 πρέπουσα
1297 615 1447 686 αύτῷ
1473 615 1723 688 διατριϐὴ
1752 617 1853 671 οὐκ
1883 618 1940 670 ἐν

347 711 583 781 δυσμαῖς
639 709 810 772 ἐστιν,
871 728 889 760 ι
919 708 1031 762 ἀλλ’
1058 709 1117 760 ἐν
1176 708 1328 780 τόπῳ
1351 709 1514 780 ἀγίῳο
1552 728 1569 758 »
1618 709 1651 781 ἢ
1678 710 1822 764 κατὰ
1847 711 1938 764 τὸν

361 797 617 862 ’Δκύλαν,
653 799 748 851 «ὲν
782 797 1084 869 οἰκητηρίῳ
1120 798 1440 870 ήγιασμένῳ
1476 799 1696 853 αὐτοῦ’»
1729 801 1762 871 ἢ
1801 799 1942 855 κατά

346 889 442 942 τὸν
475 889 794 961 Σύμμαχον,
853 909 872 942 ‹
908 891 965 943 ἐν
1013 890 1304 962 βασιλείοις
1331 891 1510 961 ἁγίοις
1528 892 1746 948 αὑτοῦ.»
1785 894 1940 946 Ἔστι

350 983 455 1054 μὲν
482 982 592 1054 γὰρ
621 982 769 1054 αὐτῷ
805 983 968 1048 τόπος
989 985 1293 1056 ἐμπρέπων
1333 985 1430 1040 καὶ
1461 987 1718 1057 ἁρμόζων
1744 989 1811 1061 τῇ
1842 987 1941 1040 αύ-

344 1075 443 1127 τοῦ
475 1074 709 1145 θεότητι’
725 1076 876 1145 ὅμως
899 1076 944 1130 δ’
962 1071 1075 1142 οῦν,
1094 1077 1476 1151 φιλάνθρωπος
1497 1079 1592 1142 ῶν,
1626 1077 1726 1132 τοῦ.
1741 1078 1938 1132 οἰκείου

349 1167 619 1238 μεγέθους
671 1168 1119 1235 ύποκαταὸαίνει,
1177 1170 1601 1240 συγκαταϐαίνει
1636 1187 1695 1224 τε
1738 1173 1851 1235 τοῖς
1885 1173 1942 1224 ἐν

341 1258 583 1328 δυσμαῖς
605 1258 846 1313 οἰκοῦσιν
873 1262 1126 1332 ὀρφανοῖς
1179 1262 1274 1316 καὶ
1327 1264 1544 1335 χήραις.
1589 1262 1680 1315 Διὸ
1709 1263 1804 1316 καὶ
1856 1262 1946 1314 ἀλ-

342 1349 514 1420 λαχοῦ
559 1351 793 1422 εῖρητιιιι⁸
857 1369 876 1403 ι
925 1354 1045 1406 Ὀτι
1099 1354 1208 1408 ἰδοὺ
1269 1354 1472 1425 Κύριος
1524 1354 1728 1424 Κύριος
1779 1353 1945 1406 ἐκπο-

344 1440 570 1511 ρεύεται
601 1441 694 1494 καὶ
719 1441 1091 1512 καταϐήσεται
1119 1445 1183 1496 ἐκ
1210 1443 1305 1496 τοῦ
1327 1444 1494 1498 τόπου
1525 1442 1714 1499 αὑτοῦ.
1740 1462 1758 1495 »
1796 1443 1944 1496 Κατ-

343 1531 445 1587 ιὼν
477 1532 534 1585 δὲ
589 1532 801 1586 ἐνθένδε
859 1533 954 1586 καὶ
1010 1532 1310 1589 ἐπιϐαίνων
1350 1534 1444 1587 ἐπὶ
1493 1533 1722 1606 δυσμὰς,
1777 1533 1938 1585 ὁποῖα

341 1626 738 1698 διαπράττεται
783 1626 1126 1698 θεασώμεθα.
1192 1627 1574 1693 «Κατοικίξει,
1634 1628 1789 1699 φησὶ,
1849 1643 1944 1698 μο-

329 1723 646 1795 -νοτρόπους
670 1723 727 1775 ἐν
743 1720 932 1792 οἴκῳ.»
967 1721 1125 1775 Κατὰ
1160 1720 1216 1773 δὲ
1259 1721 1351 1774 τὸν
1385 1721 1701 1792 Σύμμαχον,
1734 1739 1753 1772 ι
1779 1718 1944 1772 Δίδω-

2047 525 2114 580 ad
2155 525 2318 579 breve
2363 530 2579 593 tempus
2624 521 2962 578 ascendisse.
3020 520 3368 578 Domicilium
3423 524 3623 598 quippe

2043 618 2165 687 ejus
2196 624 2251 672 et
2279 615 2550 686 condigna
2573 615 2746 685 ipsius
2781 615 3046 671 habitatio
3071 631 3182 672 non
3218 616 3274 671 in
3300 631 3498 673 occasu
3514 629 3621 687 est;

2045 710 2136 766 sed
2183 727 2202 761 ι
2244 710 2299 764 in
2331 709 2452 764 loco
2498 715 2723 774 sancto;
2771 726 2797 762 ,»
2859 707 2974 763 sive
2999 708 3310 764 secundum
3344 708 3620 779 Aquilam,

2050 821 2067 852 ‹
2115 801 2172 855 in
2196 789 2516 856 babitaculo
2553 798 2897 854 sanctificato
2926 813 3061 866 suo;
3103 816 3123 851 »
3169 808 3265 854 aut
3319 802 3620 858 secundum

2047 892 2458 965 Symmachum,
2487 909 2505 942 ‹
2532 891 2587 945 in
2620 891 2766 962 regia
2797 899 2986 946 sancta
3019 906 3141 946 sua.
3174 912 3191 944 »
3229 891 3326 948 Est
3351 893 3495 948 enim
3516 894 3620 965 ipsi

2045 987 2205 1042 locus
2228 985 2560 1050 condecens,
2599 991 2654 1039 et
2688 983 2879 1039 deitati
2913 983 3036 1054 ejus
3065 995 3499 1052 consentaneus;
3523 987 3619 1042 sed

2043 1085 2226 1133 tamen
2262 1077 2540 1132 humanus
2569 1091 2696 1132 cum
2753 1076 2847 1142 sit,
2895 1091 2928 1130 a
2974 1077 3197 1147 propria
3244 1077 3622 1149 magnitudine

2044 1170 2350 1234 descendit,
2381 1169 2756 1240 orphanisque
2789 1177 2847 1224 et
2881 1168 3066 1224 viduis
3106 1170 3161 1224 in
3213 1185 3414 1225 occasu
3466 1170 3622 1226 habi-

2046 1261 2291 1317 tantibus
2339 1277 2462 1316 sese
2525 1267 2872 1331 attemperat.
2933 1259 3113 1327 Quare
3168 1262 3296 1317 alibi
3347 1262 3548 1319 dicitur
3603 1285 3616 1320 :

2051 1372 2070 1405 ι
2107 1352 2246 1418 Quia
2269 1367 2398 1408 ecce
2420 1351 2684 1406 Dominus
2719 1352 2983 1408 Dominus
3018 1353 3297 1424 egreditur
3319 1362 3373 1409 et
3400 1355 3623 1412 descen-

2047 1444 2138 1498 det
2175 1445 2242 1499 de
2266 1445 2390 1499 loco
2426 1459 2548 1500 suo.
2594 1464 2613 1497 »
2645 1444 2783 1501 Cum
2808 1452 2988 1501 autem
3023 1446 3148 1501 inde
3177 1447 3546 1513 descenderit,
3568 1457 3624 1504 et

2045 1536 2359 1593 ascenderit
2418 1551 2586 1606 super
2628 1551 2911 1602 occasum,
2961 1553 3082 1607 qua:
3112 1546 3388 1608 operetur,
3431 1539 3621 1595 videa-

2048 1645 2192 1685 mus.
2235 1649 2254 1681 ι
2296 1625 2613 1684 lnhabitare
2667 1627 2820 1694 facit,
2869 1629 3068 1700 inquit,
3114 1631 3280 1687 unius
3344 1633 3515 1689 moris
3563 1632 3619 1687 iu

2046 1721 2231 1776 domo.
2273 1739 2292 1772 »
2326 1718 2644 1775 Secundum
2671 1718 3061 1790 Symmachum
3109 1731 3314 1790 autem,
3352 1743 3372 1777 ι
3408 1723 3510 1780 Dat
3533 1725 3618 1780 in-

355 1833 446 1868 σιν
473 1817 636 1868 οἰκεῖν
663 1815 916 1886 μοναχοῖς
946 1813 1176 1866 οἰκίαν·»
1241 1813 1337 1866 καὶ
1363 1812 1505 1866 κατὰ
1541 1813 1630 1866 τὸν
1692 1809 1940 1874 ’Δκύλαν,

2046 1811 2398 1867 habitandam
2422 1811 2710 1867 monachis
2735 1811 2988 1880 domum;
3040 1832 3059 1865 »
3096 1816 3398 1872 secundum
3451 1817 3623 1888 Aqui-

359 1929 381 1958 ε
405 1905 622 1970 Καθξζει
650 1908 962 1978 μονογενεῖς
989 1904 1251 1960 οἵκονδεο»
1287 1905 1428 1960 κατὰ
1456 1906 1514 1959 δὲ
1542 1905 1642 1976 τὴν
1675 1905 1934 1976 πέμπτην

350 1999 583 2064 ἔκδοσιν,
653 2020 670 2051 ι
697 1999 1014 2063 Κατοικίζει
1056 1997 1391 2071 μονοζώνους
1450 2001 1508 2054 ἐν
1551 2001 1704 2071 οἴκῳ.
1750 2019 1768 2052 »
1827 2000 1937 2053 Καὶ

349 2092 498 2146 τοῦτ’
531 2089 596 2164 ἦν
624 2093 685 2146 τὸ
714 2093 931 2165 πρῶτον
953 2092 1117 2146 αὐτοῦ
1170 2091 1520 2165 κατόρθωμα⁸
1549 2093 1578 2146 ὃ
1615 2093 1680 2165 δὴ
1714 2094 1809 2148 καὶ
1837 2093 1936 2162 μέ-

345 2202 535 2253 γιστον
566 2184 675 2239 τῶν
702 2184 868 2240 αὐτοῦ
923 2185 1364 2258 κατορθωμάτων
1395 2185 1474 2258 τῷ
1501 2186 1609 2240 τῶν
1633 2184 1936 2259 ἀνθρώπων

339 2274 649 2348 δεδώρηται
688 2276 856 2346 γένει.
918 2277 992 2330 Τὸ
1043 2275 1175 2346 γοῦν
1233 2275 1448 2349 πρῶτον
1484 2275 1672 2347 τάγμα
1720 2277 1830 2331 τῶν
1878 2278 1936 2330 ἐν

319 2368 573 2441 .Χριστῷ
601 2369 1020 2442 προκοπτόντων
1071 2370 1132 2424 τὸ
1193 2370 1304 2424 τῶν
1360 2371 1608 2443 μοναχῶν
1652 2370 1932 2441 τυγχάνει.

338 2459 575 2514 Σπάνιοι
605 2460 665 2513 δέ
704 2463 843 2514 εἰσιν
872 2455 1036 2516 oft-cor
1105 2461 1187 2515 διὸ
1235 2461 1379 2517 κατὰ
1433 2463 1524 2517 τὸν
1579 2462 1809 2517 Ἀκύλαν
1843 2480 1938 2534 μο-

337 2554 586 2619 νογενεῖς
646 2551 1044 2623 ὠνομάσθησαν
1070 2553 1492 2624 ἀφωμοιωμένοι
1539 2552 1617 2624 τῷ
1659 2557 1938 2624 μονογενεῖ

343 2642 467 2714 Υἰῷ
496 2643 590 2696 τοῦ
623 2641 780 2697 Θεοῦ.
821 2643 978 2696 Κατά
1003 2643 1061 2698 δὲ
1089 2644 1215 2706 τοὺς
1256 2642 1655 2715 Ἑϐδομήκοντα
1680 2645 1936 2716 μονότρο-

345 2754 441 2790 rant
501 2737 882 2807 τυγχάνουσιν,
933 2736 1048 2790 ἀλλ’
1077 2737 1138 2790 ού
1186 2736 1536 2809 πολύτροποι,
1585 2737 1704 2790 οὐδὲ
1747 2737 1935 2791 ἄλλοτε

341 2828 524 2892 ἄλλως
547 2828 639 2880 τὸν
673 2826 882 2881 ἑαυτῶν
908 2827 1333 2899 μεταϐάλλοντες
1365 2828 1585 2901 τρόπον,
1637 2828 1733 2883 ἐίνα
1759 2828 1816 2882 δὲ
1850 2830 1940 2900 μό-

343 2939 439 2974 νον
465 2919 878 2991 κατορθοῦντες,
912 2922 1003 2975 τὸν
1032 2923 1112 2985 εἰς
1144 2922 1312 2994 ἄκρον
1339 2924 1542 2995 ἥκοντα
1569 2925 1788 2996 ἀρετῆς.
1824 2927 1937 2980 Μο-

342 3015 613 3081 νοζιίωους
638 3015 697 3068 δὲ
734 3015 929 3079 αὐτοὺς
949 3017 985 3086 ἡ
1017 3015 1243 3086 πέμπτη
1272 3016 1483 3081 ἐκδοσις
1533 3018 1838 3089 ὠνόμασεν,
1861 3021 1936 3082 ὡς

346 3106 415 3158 ἂν
448 3106 706 3176 μονήρεις
727 3105 821 3159 καὶ
840 3104 962 3159 καθ’
975 3106 1202 3169 ἑαυτοὺς
1231 3106 1659 3185 ἀνεζωσμένους.
1691 3107 1933 3161 Τοιοῦτοι

342 3199 405 3252 δὲ
433 3173 634 3262 πάντες
669 3199 807 3252 εἰσὶν
835 3200 885 3252 οἰ
918 3199 1010 3253 τὸν
1047 3201 1258 3271 μονήρη
1282 3175 1376 3253 καὶ
1419 3173 1584 3269 ἀγνδν
1613 3199 1930 3272 κατορθοῦν-
1965 3173 2007 3231 C

344 3305 441 3353 τες
471 3289 605 3359 βίον,
633 3282 708 3342 ῶν
740 3287 950 3360 πρῶτοι
981 3288 1271 3358 γεγόνασιν
1303 3291 1352 3342 οἰ
1378 3289 1472 3342 τοῦ
1505 3290 1756 3360 Σωτῆρος
1784 3290 1940 3361 ήμῶν

349 3381 612 3453 μαθηταὶ,
639 3377 723 3446 οἷς
785 3383 990 3455 εἴρητοο
1033 3402 1052 3434 ι
1093 3383 1185 3454 Μὴ
1219 3383 1496 3456 κτήσησθε
1552 3383 1773 3456 χρυσὸν,
1808 3385 1941 3455 μηδὲ

345 3476 588 3546 ἄργυρον
616 3476 698 3538 εἰς
737 3474 839 3538 τὰς
897 3474 1073 3540 ζώνας
1106 3475 1283 3547 ὑμῶν,
1353 3476 1427 3547 μὴ
1472 3477 1652 3547 πήραν
1688 3478 1767 3540 εἰς
1798 3477 1938 3541 ὁδὸν,

351 3566 488 3637 μηδὲ
518 3566 688 3638 ύποδή
698 3585 862 3638 ματα,
889 3567 1024 3638 μηδὲ
1059 3568 1308 3639 ῥάϐδον.»
1358 3569 1446 3622 Ἐν
1479 3569 1586 3642 γὰρ
1615 3558 1714 3640 ’τῷ
1763 3569 1942 3638 λέγειν

351 3658 428 3728 μὴ
452 3657 563 3711 δεῖν
586 3657 890 3730 κτήσασθαι
912 3659 1110 3731 χρυσὸν
1141 3659 1276 3730 μηδέ
1299 3659 1536 3731 ἄργυρον
1552 3661 1632 3723 εἰς
1646 3659 1746 3724 τὰς
1767 3659 1942 3725 ζώνας

345 3750 761 3821 ἀνεζωσμένους
816 3752 1012 3816 αὐτοὺς
1073 3752 1304 3822 εἰσάγει.
1340 3750 1500 3808 Ούτω
1555 3752 1611 3805 δέ
1644 3754 1740 3807 καὶ
1774 3755 1940 3808 πᾶσιν

348 3842 486 3912 ἡμῖν
542 3842 571 3894 ό
612 3842 932 3906 Ἀπόστολος
988 3842 1422 3916 παρακελεύεται
1483 3843 1676 3912 λέγων·
1729 3864 1747 3896 ι
1771 3846 1940 3916 Στῆτε

348 3931 447 3989 οὖν
471 3935 907 4008 περιζωσάμενοι
937 3937 1037 4008 τήν
1062 3938 1232 4007 ὀσφὺν
1258 3937 1411 4010 ὑμῶν
1440 3940 1498 3992 ἐν
1531 3938 1811 4010 ἀληθείᾳ.»
1834 3941 1943 3993 Καὶ

346 4029 400 4082 οἰ
441 4027 502 4082 τδ
532 4027 725 4100 Πάσχα
754 4029 813 4082 δὲ
840 4029 1114 4094 ἐσθίοντες
1139 4030 1450 4084 ἐκελεύοντο
1475 4029 1575 4095 τὰς
1603 4029 1775 4100 ὀσφῦς
1797 4031 1941 4101 ἔχειν

349 4120 820 4193 περιεζωσμένας.
855 4122 1026 4176 Τοῦτο
1056 4123 1121 4194 δὴ
1153 4118 1247 4177 οὖν
1279 4124 1498 4196 πρῶτον
1545 4125 1801 4196 κατορθοῖ
1831 4128 1942 4188 τοῖς

349 4215 410 4266 ἐν
465 4212 694 4284 δυσμαῖς
743 4214 982 4269 οἰκοῦσιν
1037 4216 1383 4288 ἐπιδημήσας
1437 4220 1467 4271 ὁ
1532 4218 1937 4288 θεσπιζόμενος.

363 4306 498 4358 Ἀπὸ
516 4307 626 4378 γὰρ
648 4307 758 4360 τῶν
791 4307 1194 4381 προλεχθέντων
1233 4310 1486 4382 ὀρφανῶν
1508 4312 1602 4365 καὶ
1631 4311 1740 4365 τῶν
1771 4311 1941 4383 δηλω-

348 4396 549 4450 θεισῶν
589 4399 774 4469 χηρῶν
805 4399 1104 4471 ξάφορίσας,
1169 4400 1447 4474 ἐξαίρετον
1495 4404 1590 4457 καὶ
1610 4399 1941 4474 τιμιώτατον

348 4489 532 4560 ἑαυτῷ
563 4491 750 4562 τάγμα
775 4493 836 4545 τὸ
870 4493 979 4546 τῶν
1017 4494 1366 4565 μονοτρόπων
1401 4495 1700 4562 κατοικίζει
1738 4496 1936 4560 αὐτοὺς
1967 4533 2014 4592 D

349 4585 413 4636 ἐν
444 4582 597 4652 οἴκῳ,
628 4583 827 4656 δηλαδὴ
848 4587 907 4638 ἐν
937 4589 1003 4658 τῇ
1042 4588 1338 4660 Ἐκκλησία
1370 4587 1558 4653 αὑτοῦ,
1597 4590 1935 4660 παραμένειν

350 4677 451 4730 καὶ
473 4681 746 4730 κατοικεῖν
804 4681 865 4736 ἐν
922 4681 1059 4752 αὐτῇ
1095 4680 1364 4747 καταξιῶν
1397 4681 1616 4746 αύτούς.
1669 4682 1826 4735 Μετὰ
1880 4683 1938 4735 δὲ

349 4767 574 4834 τούτους
607 4770 857 4844 δεύτερον
905 4773 1067 4845 ἔργον
1100 4775 1429 4844 κοινωφελὲς
1458 4777 1552 4828 καὶ
1594 4777 1674 4839 είς
1704 4775 1939 4836 πολλοὺς

349 4856 627 4914 διαϐαῖνον
667 4861 941 4934 κατορθοῖ,
983 4883 1001 4915 ι
1031 4863 1240 4933 ἐξάγων
1291 4864 1701 4936 πεπεδημένους
1735 4866 1792 4917 ἐν
1842 4865 1937 4917 ἀν-

336 4948 562 5020 δρείῳ»
601 4954 668 5022 τῇ
691 4951 800 5023 γὰρ
826 4953 1024 5006 ἑαυτοῦ
1050 4954 1273 5026 ἀνδρεία
1297 4953 1481 5024 ἐξάγει
1523 4959 1651 5019 τοὺς
1674 4955 1938 5027 πρότερον

353 5043 566 5112 σειραῖς
603 5043 886 5116 ἁμαρτιῶν
914 5046 1344 5117 πεπεδημένους.
1412 5047 1558 5102 Ἀντὶ
1582 5047 1639 5101 δὲ
1665 5047 1782 5111 τοῦ,
1819 5065 1838 5099 ι
1878 5050 1938 5102 ἐν

350 5134 598 5205 ἀνδρείᾳ,
623 5138 699 5198 εἰς
723 5136 1040 5202 ἀπόλυσιν,»
1083 5139 1424 5211 ἡρμήνευσεν
1453 5141 1482 5193 ό
1516 5139 1830 5210 Σύμμαχος,
1862 5141 1938 5192 εἰ·

351 5223 493 5279 πών·
535 5245 555 5278 ι
595 5226 808 5297 Ἐξάγει
848 5229 1164 5301 δεδεμένους
1207 5232 1286 5294 εἰς
1347 5231 1660 5284 ἀπόλυσιν.»
1709 5233 1938 5302 Νοήσεις

346 5319 413 5375 δὲ
439 5320 536 5374 καί
559 5320 718 5376 τοῦτο
738 5324 803 5375 ἐκ
826 5323 924 5393 τῆς
951 5323 1218 5394 λεγούσης
1259 5324 1318 5376 ἐν
1373 5324 1572 5395 Ἡσαΐᾳ
1600 5325 1939 5397 προφητείας

347 5414 435 5478 εἰς
456 5412 622 5468 αὐτοῦ
650 5414 944 5486 πρόσωπον
995 5414 1090 5468 τοῦ
1127 5415 1356 5486 Κυρίουσ
1407 5435 1425 5468 ι
1462 5415 1593 5469 Ἰδοὺ
1627 5415 1835 5470 δέδωκά
1878 5433 1938 5469 σε

349 5507 434 5571 εἰς
461 5505 729 5580 διαθήκην
751 5508 962 5577 γένους,
997 5509 1079 5572 είς
1132 5507 1249 5578 φῶς
1283 5506 1472 5573 ἐθνῶν,
1499 5506 1705 5573 ἀνοῖξαι
1737 5509 1937 5579 ὀφθαλ-

352 5598 494 5670 μοὺς
530 5598 766 5668 τυφλῶν,
796 5599 1013 5670 ἐξάγειν
1046 5601 1112 5653 ὲκ
1143 5597 1357 5669 δεσμῶν
1384 5599 1722 5672 δεδεμένους,
1757 5602 1852 5655 καὶ
1881 5601 1940 5666 ἐξ

431 5802 472 5835 ¹³
497 5800 686 5857 Matth.
740 5819 792 5867 χ,
827 5801 881 5868 9,
920 5801 1003 5856 l0.
1093 5801 1359 5875 "‘Ephes.
1390 5819 1460 5867 γι,
1497 5802 1578 5856 lt.

2045 1905 2175 1970 lam,
2235 1921 2254 1955 ι
2294 1901 2496 1959 Sedere
2528 1902 2658 1958 facit
2703 1904 3016 1975 unigenitos
3051 1905 3229 1976 domi;
3269 1929 3288 1962 »
3319 1909 3618 1966 secundum

2044 1996 2292 2066 quintam
2343 1995 2662 2059 editionem,
2715 2013 2734 2045 ‹
2783 1996 3094 2054 lnbabitare
3143 1998 3276 2055 facit
3323 2017 3432 2056 una
3483 2017 3621 2058 zona

2045 2088 2376 2158 praecinctos
2405 2085 2576 2142 domi.
2621 2105 2640 2138 »
2674 2086 2742 2142 Et
2772 2089 2908 2144 illud
2935 2097 3055 2146 erat
3079 2091 3320 2161 primum
3348 2093 3469 2164 ejus
3492 2111 3626 2165 pra:-

2043 2182 2254 2235 clarum
2287 2196 2450 2250 opus,
2481 2179 2630 2251 quod
2665 2181 2967 2236 maximum
2996 2183 3120 2254 ejus
3171 2183 3387 2242 facinus
3433 2194 3520 2243 est
3565 2188 3622 2241 in

2044 2274 2275 2345 gratiam
2335 2274 2561 2328 humani
2617 2275 2837 2345 generis
2879 2275 3110 2332 editum.
3166 2275 3387 2334 Primus
3439 2278 3624 2351 itaque

2043 2367 2179 2420 ordo
2203 2381 2398 2421 eorum
2419 2368 2513 2436 qui
2538 2367 2594 2420 in
2622 2365 2841 2423 Christo
2867 2365 3185 2438 proficiunt,
3215 2375 3300 2424 est
3321 2369 3624 2424 monacho-

2042 2475 2187 2514 rum.
2215 2459 2320 2514 Sed
2349 2461 2457 2515 rari
2486 2467 2614 2515 sunt
2642 2462 2759 2530 illi;
2793 2478 2965 2532 quare
3011 2461 3317 2519 secundum
3365 2464 3622 2536 Aquilam

2043 2553 2315 2624 uuigeniti
2353 2553 2529 2609 vocati
2562 2562 2711 2619 sunt,
2750 2554 2962 2611 similes
3001 2555 3130 2610 facti
3173 2557 3455 2628 unigenito
3487 2555 3625 2612 Filio

2043 2648 2160 2704 Dei.
2193 2644 2506 2702 Secundum
2535 2646 2679 2701 LXX
2700 2655 2903 2714 autem,
2925 2649 3111 2714 unius,
3133 2663 3244 2703 non
3275 2649 3479 2705 diversi
3506 2665 3626 2707 mo-

2045 2743 2124 2797 ris
2151 2733 2300 2806 sunt,
2329 2757 2508 2812 neque
2536 2741 2770 2798 subinde
2799 2758 3008 2797 morem
3045 2743 3282 2809 variant,
3326 2743 3422 2798 sed
3453 2757 3622 2798 unum

2043 2835 2232 2889 colunt
2263 2833 2359 2904 qui
2388 2833 2457 2888 ad
2489 2834 2712 2889 virtutis
2742 2849 3007 2889 cacumen
3043 2834 3283 2889 advenit.
3308 2833 3460 2904 Ipsos
3493 2849 3624 2889 vero

2044 2928 2209 2982 unius
2234 2943 2389 2983 zonae
2425 2928 2620 2998 quinta
2646 2927 2817 2983 editio
2846 2928 3087 2991 vocavit,
3127 2935 3316 2997 utpote
3356 2927 3449 2998 qui
3485 2929 3622 2983 soli-

2044 3018 2192 3084 tarii,
2228 3026 2284 3072 et
2315 3035 2412 3089 per
2461 3021 2672 3089 seipsos
2725 3019 3004 3090 praecincti
3039 3020 3168 3075 sint.
3231 3017 3391 3074 Tales
3441 3026 3622 3074 autem

2045 3120 2194 3175 sunt,
2217 3117 2488 3181 quotquot
2512 3111 2872 3165 monasticam
2891 3116 3214 3180 castamque
3241 3111 3406 3164 vitam
3431 3119 3621 3180 agunt,

2040 3218 2275 3274 quorum
2329 3203 2492 3273 primi
2545 3203 2697 3259 fuere
2749 3201 3053 3258 Salvatoris
3109 3204 3283 3259 nostri
3344 3202 3621 3274 discipuli,

2042 3297 2244 3368 quibus
2273 3297 2479 3352 dictum
2511 3305 2596 3352 est
2629 3316 2642 3352 :
2685 3315 2703 3348 ‹
2747 3295 2924 3352 Nolite
2974 3296 3260 3366 possidere
3299 3311 3495 3350 aurum
3526 3311 3624 3352 ne-

2041 3405 2148 3460 que
2195 3399 2482 3461 argentum
2541 3389 2595 3442 in
2651 3389 2803 3443 zonis
2849 3389 3070 3452 vestris,
3113 3403 3290 3457 neque
3328 3403 3513 3457 peram
3565 3387 3622 3442 in

2044 3480 2210 3545 viam,
2241 3495 2420 3550 neque
2448 3479 2844 3541 calceamenta,
2877 3493 3056 3546 neque
3088 3477 3298 3548 virgam
3318 3478 3382 3532 “.
3429 3498 3447 3530 »
3483 3475 3620 3533 Cum

2041 3571 2246 3626 dicitur
2272 3571 2440 3634 enim,
2472 3584 2580 3624 non
2613 3578 2870 3639 oportere
2897 3569 3182 3640 possidere
3222 3583 3417 3622 aurum
3449 3585 3625 3640 neque

2043 3672 2327 3734 argentum
2348 3664 2404 3716 in
2436 3665 2615 3725 zonis,
2655 3663 2806 3732 ipsos
2839 3663 2998 3716 zonis
3024 3661 3355 3731 praecinctos
3390 3661 3621 3724 indicat.

2045 3757 2136 3811 Sic
2167 3763 2348 3811 autem
2385 3755 2643 3810 omnibus
2698 3755 2859 3811 nobis
2905 3755 3204 3825 Apostolus
3251 3755 3502 3825 praacipit
3541 3755 3626 3810 di-

2042 3863 2211 3902 cens:
2251 3865 2271 3898 ‹
2326 3847 2478 3901 State
2527 3847 2697 3918 igitur
2745 3848 3031 3917 praecincti
3073 3849 3290 3904 lumbos
3317 3855 3533 3903 vestros
3568 3849 3623 3902 in

2043 3940 2274 3994 veritate
2298 3939 2364 3993 “.
2397 3957 2416 3989 »
2446 3936 2692 4009 Itemque
2717 3940 2810 4010 qui
2837 3940 3039 4010 pascha
3063 3941 3446 4007 comedebant,
3482 3940 3628 3994 lum-

2043 4030 2144 4084 bos
2177 4031 2506 4101 praacinetos
2539 4030 2742 4085 habere
2767 4030 3124 4100 jubebantur.
3176 4029 3232 4085 ld
3289 4031 3459 4102 igitur
3507 4031 3624 4101 pri-

2044 4135 2191 4174 mum
2210 4134 2348 4189 opus
2365 4119 2745 4174 habitantibus
2772 4120 2825 4172 in
2851 4133 3054 4174 occasu
3084 4118 3389 4173 adventans
3404 4117 3624 4172 exhibet

2043 4216 2092 4271 is
2119 4213 2214 4284 qui
2241 4214 2298 4268 in
2327 4213 2588 4268 vaticinio
2636 4212 2829 4268 fertur.
2876 4210 3012 4266 Nam
3057 4227 3125 4267 ex
3183 4211 3502 4266 memoratis
3532 4227 3623 4265 or.-

2043 4308 2244 4380 pbanis
2261 4315 2317 4363 et
2350 4306 2531 4362 viduis
2557 4304 2830 4360 adlectum
2861 4305 2967 4359 sibi
2995 4312 3347 4376 praestantem
3379 4303 3531 4356 illum
3569 4310 3624 4357 et

2046 4399 2504 4472 pretiosissimum
2555 4399 2720 4452 unius
2771 4397 2940 4452 moris
2987 4395 3260 4458 ordinem,
3312 4393 3624 4451 inhabitare

2045 4492 2177 4548 facit
2206 4492 2261 4546 in
2285 4491 2471 4554 domo,
2503 4489 2716 4545 scilicet
2745 4489 2800 4542 in
2859 4485 3107 4542 Ecclesia
3143 4501 3265 4549 sua,
3314 4484 3622 4556 dignosque

2037 4601 2135 4644 eos
2166 4585 2362 4640 habuit
2385 4583 2481 4654 qui
2513 4583 2570 4636 in
2591 4597 2654 4637 ea
2683 4586 2967 4634 manerent
2993 4586 3048 4634 et
3083 4576 3416 4633 habitarent.
3458 4573 3620 4632 Post-

2038 4695 2200 4750 quam
2224 4679 2375 4748 ipsos
2400 4676 2622 4747 delegit,
2657 4672 2806 4728 aliud
2853 4687 2994 4743 opus
3023 4677 3268 4743 praestat,
3311 4671 3367 4725 in
3419 4671 3624 4725 multo-

2039 4788 2158 4827 rum
2189 4771 2482 4825 utilitatem
2514 4776 2571 4823 et
2605 4767 3059 4830 emolumentum,
3121 4782 3140 4817 ι
3205 4763 3449 4820 educens
3498 4763 3622 4818 vin-

2039 4872 2159 4920 ctos
2187 4865 2243 4918 in
2284 4861 2609 4918 fortitudine
2653 4880 2667 4916 :
2732 4878 2752 4912 »
2811 4874 2938 4914 nam
2974 4859 3184 4914 virtute
3238 4873 3340 4914 sua
3393 4870 3490 4913 eos
3527 4859 3622 4926 qui

2038 4958 2246 5030 pridem
2271 4963 2625 5028 peccatorum
2656 4953 2894 5008 vinculis
2921 4951 3464 5022 constringebantur,
3483 4947 3622 5004 edu-

2040 5052 2134 5105 cit.
2158 5051 2264 5106 Pro
2294 5051 2387 5104 illo
2429 5057 2632 5112 autem,
2673 5066 2693 5099 ‹
2732 5046 2787 5099 in
2823 5044 3164 5108 fortitudine,
3207 5064 3224 5096 »
3259 5041 3622 5116 Symmachus

2046 5162 2064 5195 ι
2096 5145 2150 5198 in
2178 5144 2552 5198 dimissionem
2593 5161 2612 5194 »
2655 5142 3048 5210 interpretatus
3071 5145 3157 5194 est
3179 5139 3368 5194 dicens
3395 5155 3408 5192 :
3431 5155 3449 5186 ε
3475 5133 3622 5188 Edu-

2039 5239 2115 5292 eit
2142 5237 2355 5291 vinctos
2383 5235 2441 5288 in
2470 5233 2867 5290 dimissionem.
2913 5253 2932 5285 »
2967 5231 3093 5288 Haec
3138 5247 3303 5302 porro
3348 5227 3619 5297 intelligas

2037 5345 2104 5385 ex
2139 5327 2423 5400 prophetia
2449 5325 2625 5391 Isaiae,
2655 5339 2778 5396 quae
2811 5340 2878 5381 ex
2907 5326 3079 5395 ipsius
3123 5321 3339 5378 Domini
3379 5332 3615 5389 persona

2041 5420 2122 5475 sic
2143 5419 2429 5490 loquitur:
2469 5436 2490 5470 ι
2531 5415 2671 5472 Ecce
2697 5415 2822 5472 dedi
2859 5424 2912 5471 te
2951 5415 3007 5468 in
3037 5420 3420 5469 testamentum
3451 5420 3617 5477 gene-

2042 5516 2142 5580 ris,
2179 5514 2235 5568 in
2263 5515 2441 5569 lucem
2481 5513 2748 5586 gentium,
2797 5511 2863 5565 ad
2896 5505 3251 5579 aperiendum
3295 5499 3486 5555 oculos
3518 5514 3618 5554 οι·-

2042 5624 2260 5675 corum,
2295 5607 2364 5663 ad
2405 5605 2748 5664 educendum
2799 5618 2864 5657 ex
2908 5596 3143 5654 vinculis
3199 5595 3416 5664 ligatos,
3455 5599 3511 5647 et
3541 5608 3610 5647 ex
