4024 6210
431 315 538 376 ως

1112 314 1200 370 EU
1209 312 1380 368 SEBII
1417 312 1528 367 CA‘;
1537 309 1898 365 SARIENSIS
1939 306 2016 363 Ol“

2131 305 2308 362 PARS
2351 304 2439 359 IlI.
2481 333 2549 342 υ-
2587 299 3005 357 EXEGETICA.

3579 298 3704 354 .692

433 435 604 492 domo
630 438 894 493 custodia:
920 435 1176 492 sedentes
1207 437 1263 490 in
1298 436 1542 492 tenebris
1573 436 1637 488 ’³.
1679 454 1699 488 ι
1737 433 1845 490 Ees
1873 433 2016 487 enim

2119 427 2270 483 οἴκου
2309 427 2560 497 φυλακῆς
2587 425 2935 496 καθημένους
2963 426 3022 477 ἐν
3047 423 3278 478 σκότει.»
3312 423 3451 486 Τοὺς
3479 419 3585 491 γάρ
3608 421 3712 474 πάν

439 531 532 598 qui
563 529 693 583 olim
724 528 1014 583 diabolicis
1043 529 1282 583 vinculis
1325 527 1868 598 eonstringebantur.
1899 525 2015 580 dia-

437 621 618 675 Ιιοιίοο
645 620 942 674 multorum
977 621 1263 674 numinum
1319 622 1496 675 errori
1546 620 1783 685 deditos,
1819 619 2018 675 solutis

437 712 673 766 vinculis
706 713 917 779 eduxit,
951 727 1219 768 concessa
1249 721 1606 783 peccatorum
1666 710 2016 767 remissione.

438 805 550 860 lmo
583 807 751 860 etiam
793 821 887 861 cos
919 807 1016 877 qui
1078 821 1108 860 a
1169 806 1371 861 saeculo
1429 805 1485 860 in
1544 813 1722 860 morte
1775 803 2016 874 colligati

436 906 595 952 erant
653 914 839 954 secum
874 898 1247 961 resuscitavit,
1283 913 1407 952 cum
1441 898 1640 952 acerba
1667 896 1864 953 mortis
1897 897 2018 951 vin-

437 990 563 1042 cula
599 990 875 1045 solvisset.
915 988 1030 1044 Hoc
1055 998 1235 1043 autem
1267 989 1394 1044 fecit
1425 1009 1444 1038 ι
1488 990 1542 1043 in
1572 990 1803 1054 virtute;
1845 1008 1862 1042 ι
1890 1004 2016 1043 nam

438 1087 662 1151 accepta
700 1081 941 1137 hominis
967 1081 1143 1136 forma
1169 1095 1374 1152 perque
1397 1081 1698 1136 humanum
1722 1098 1924 1153 corpus
1942 1081 2018 1135 vi-

437 1173 613 1228 riliter
639 1184 829 1245 agens“,
861 1177 1079 1230 vinctos
1107 1176 1364 1245 superius
1409 1184 1741 1230 memoratos
1784 1190 1851 1228 ex
1896 1175 2018 1228 vin-

437 1267 582 1322 culis
613 1267 820 1321 eduxit.
859 1265 983 1321 Haec
1008 1275 1166 1320 erant
1199 1268 1463 1337 praeclara
1495 1266 1590 1320 Dei
1625 1264 1788 1320 Verbi
1825 1266 1892 1320 ad
1919 1265 2018 1320 ho-

439 1359 615 1414 mines
643 1358 992 1413 adventantis
1025 1359 1294 1421 facinora,
1325 1359 1528 1428 quibus
1560 1358 1761 1413 deinde
1785 1357 2018 1426 subjun-

437 1443 583 1511 gitur
621 1462 634 1496 :
675 1462 697 1495 ι
740 1442 1010 1499 Similiter
1055 1459 1152 1498 eos
1195 1443 1289 1513 qui
1323 1451 1673 1514 exasperant,
1719 1442 1812 1512 qui
1861 1441 2019 1495 babi-

437 1537 633 1590 tantin
665 1536 955 1606 sepulcris.
1002 1555 1020 1588 ι
1066 1534 1223 1602 Quod
1282 1534 1644 1606 Symmachus
1693 1533 1799 1587 hoc
1857 1541 2018 1603 pacto

437 1629 640 1683 clarius
673 1641 725 1683 et
761 1629 1006 1698 apertius
1037 1626 1335 1698 explicavit
1364 1645 1376 1679 :
1419 1645 1436 1677 ι
1475 1625 1904 1696 lnobsequentes
1921 1640 2019 1680 au-

437 1731 547 1776 tem
579 1721 966 1777 inhabitabunt
995 1729 1164 1776 :estus
1197 1719 1539 1786 siccitatem;
1581 1738 1602 1770 ι
1629 1718 1830 1789 Aquila
1861 1734 2014 1783 vero,

2118 522 2206 576 λαι
2233 522 2454 592 δεσμοῖς
2487 518 2815 582 διαϐολικοῖς
2867 516 3354 588 κατεσφιγμένους,
3403 514 3500 568 καὶ
3521 515 3586 585 τῇ
3612 531 3714 568 πο-

2116 613 2293 684 λυθέῳ
2323 613 2418 666 καὶ
2477 611 2765 682 δαιμονικῇ
2811 609 2988 681 πλάνῃ
3031 608 3487 680 προστετηκότας,
3543 605 3713 669 λύσας

2115 705 2228 758 τῶν
2257 703 2475 775 δεσμῶν
2503 703 2762 771 ἐξήγαγε,
2792 703 2916 766 δοὺς
2946 704 3158 772 ἄφεσιν»
3206 701 3513 773 ἁμαρτιῶνι
3549 699 3716 753 Ἀλλά

2117 800 2214 852 καὶ
2244 799 2376 861 τοὺς
2413 797 2473 850 ὲν
2525 794 2606 866 τῷ
2669 795 2886 864 θανάτῳ
2919 795 3174 865 δεσμίους
3213 795 3378 858 ὄντας
3421 793 3482 858 ἐξ
3513 791 3715 855 αἰῶνος

2119 889 2511 960 συνανέστησεν
2543 886 2742 958 ἐαυτῷ,
2777 886 2944 951 λύσας
2971 888 3081 940 τῶν
3111 887 3322 958 πικρῶν
3345 886 3440 940 τοῦ
3475 886 3715 939 θανάτου

2117 979 2353 1051 δεσμῶν.
2387 979 2498 1033 Καὶ
2555 976 2715 1030 τοῦτο
2746 975 2984 1047 ἔπραξεν
3047 995 3065 1027 ι
3092 978 3150 1028 ἐν
3182 975 3459 1047 ἀνδρείας»
3517 973 3719 1042 ἀνδρὸς

2114 1072 2226 1142 γάρ
2255 1072 2441 1143 σχῆμα
2468 1069 2668 1136 λαϐὼν,
2714 1070 2808 1123 καὶ
2855 1068 2920 1122 δι’
2962 1068 3299 1140 ἀνθρωπείου
3331 1066 3584 1138 σώματος
3619 1067 3720 1119 ἀν-

2116 1163 2463 1236 δρισάμενος,
2489 1160 2728 1234 ἐξήγαγε
2755 1161 2865 1214 τῶν
2888 1161 3103 1232 δεσμῶν
3131 1161 3255 1224 τοὺς
3289 1158 3713 1232 προλεχθέντας.

2119 1256 2286 1310 Ταῦτ’
2307 1253 2374 1327 ἦν
2403 1257 2470 1310 τὰ
2489 1254 2893 1328 κατορθώματα
2923 1255 3022 1324 τῆς
3043 1257 3125 1319 είς
3165 1253 3486 1325 ἀνθρώπους
3516 1253 3714 1324 ἐπιδη-

2119 1351 2248 1423 μίας
2277 1349 2374 1403 τοῦ
2404 1350 2539 1403 Θεοῦ
2603 1349 2798 1418 Λόγου,
2853 1343 2934 1412 οἷς
2979 1348 3106 1419 ἐξῆς
3147 1348 3378 1418 είρηται’
3416 1365 3435 1399 ι
3473 1347 3714 1418 Ὁμοίως

2117 1443 2243 1505 τοὺς
2266 1440 2810 1514 παραπικραίνοντας
2823 1442 2950 1503 τοὺς
2975 1439 3362 1504 κατοικοῦντας
3383 1442 3440 1492 ἐν
3459 1440 3661 1508 τάφοις.
3683 1460 3708 1490 ι

2121 1537 2296 1607 Ὅπερ
2323 1537 2351 1588 ό
2379 1535 2671 1605 Σύμμαχος
2711 1534 3025 1605 ἡρμήνευσε
3071 1532 3409 1603 λευκότερον,
3440 1533 3719 1602 διασαφή-

2120 1645 2220 1692 σας
2247 1627 2344 1698 τὴν
2384 1628 2620 1680 διάνοιαν
2646 1627 2739 1680 καὶ
2771 1624 2960 1679 εἰπών·
3001 1644 3019 1676 ι
3047 1625 3110 1677 Οἱ
3143 1625 3200 1678 δὲ
3241 1624 3490 1688 ἀπειθεῖς
3522 1643 3719 1679 κατοι-

2119 1721 2349 1791 κήσουσι
2379 1717 2662 1780 καύσωνος
2697 1716 3024 1788 ξηρότηταί
3057 1718 3086 1769 ὁ
3118 1715 3175 1768 δὲ
3210 1714 3459 1778 Ἀκύλας,
3507 1735 3526 1766 ι
3561 1717 3719 1788 Πλὴν

443 1829 462 1859 ‹
506 1811 890 1867 Verumtamen
924 1813 1256 1866 absistentes
1293 1809 1672 1864 inhabitarunt
1702 1810 1886 1866 laevem
1922 1827 2016 1881 pe-

2121 1811 2518 1882 ἀφιστάμενοι,
2568 1811 2762 1881 φησιν,
2808 1811 3128 1881 ἐσκήνωσαν
3212 1807 3637 1880 λεωπετρίανδε.
3689 1830 3713 1859 ι

437 1911 602 1957 tram.
645 1922 662 1955 ι
693 1900 818 1973 Ipse
839 1903 1041 1973 quippe
1074 1903 1291 1957 volebat
1319 1901 1718 1958 exacerbantes
1764 1917 1797 1954 a
1819 1901 2016 1956 vincu-

438 1998 509 2050 lis
536 2012 734 2051 eruere
767 2003 822 2050 et
855 1996 1109 2050 liberare.
1144 1994 1214 2048 At
1245 1995 1324 2048 illi
1359 1994 1415 2048 in
1447 1993 1762 2064 hujusmodi
1807 1994 2019 2048 inobse-

391 2155 396 2160 ‘
438 2089 668 2158 quentia"
697 2095 1137 2158 perseverantes,
1180 2086 1462 2156 Deumque
1490 2101 1554 2140 ea
1587 2086 1641 2139 in
1691 2101 1748 2139 re
1799 2099 2020 2140 exacer-

437 2181 637 2235 liantes
667 2189 722 2234 et
765 2169 1180 2250 exasperant'es,
1238 2179 1295 2234 in
1337 2178 1610 2250 sepulcris
1654 2177 1771 2234 suis
1805 2177 2018 2231 habita-

435 2271 596 2337 bunt,
624 2273 700 2326 ita
724 2281 783 2328 ut
809 2271 878 2328 de
900 2272 1010 2326 illis
1041 2272 1261 2326 dicatur
1297 2290 1311 2327 :
1351 2291 1369 2324 ι
1409 2272 1543 2327 Sine
1575 2277 1825 2326 mortuos
1859 2285 2016 2340 sepe-

438 2362 539 2417 lire
569 2368 819 2419 martuos
854 2379 987 2419 suos
1023 2364 1102 2430 ³⁸;
1136 2382 1158 2414 ›
1195 2362 1312 2419 sive
1359 2364 1524 2420 etiam
1561 2383 1580 2415 ι
1631 2363 2018 2418 inhabitabant

437 2467 606 2513 aestus
638 2457 944 2511 siccitatem
967 2475 982 2523 ;
1004 2453 1043 2508 ἑ)
1071 2464 1256 2526 utpote
1284 2456 1378 2526 qui
1403 2455 1533 2510 ituri
1559 2457 1672 2511 sint
1712 2475 1730 2508 ι
1763 2456 1819 2510 in
1839 2457 2017 2527 ignem

433 2557 722 2614 aeternum,
759 2557 1008 2619 paratum
1035 2549 1254 2604 diabolo
1281 2558 1336 2604 et
1363 2548 1573 2619 angelis
1604 2548 1726 2620 ejus
1745 2549 1814 2602 "..
1839 2567 1857 2600 ι

509 2727 672 2801 Vsus.
700 2729 755 2795 8,
784 2728 849 2784 9.¹
873 2727 1075 2794 «Deus,
1109 2744 1232 2784 cum
1261 2729 1605 2800 egredereris
1639 2728 1695 2782 in
1721 2735 2018 2798 conspectu

433 2823 619 2893 populi
638 2821 740 2897 tui,
773 2836 896 2876 eum
913 2823 1290 2892 pertransires
1309 2822 1362 2874 in
1387 2806 1627 2876 deserto.
1652 2819 1981 2890 Diapsalma.
1995 2839 2013 2872 ι

435 2913 532 2968 Dei
570 2911 806 2968 Verbum
842 2927 955 2966 non
978 2911 1138 2966 modo
1186 2911 1240 2965 in
1287 2910 1764 2966 consummatione
1791 2911 2020 2964 saeculo-

435 3021 558 3059 rum
591 3005 658 3059 ad
682 3004 931 3059 homines
960 3003 1294 3068 advenisse,
1320 3002 1416 3058 sed
1446 3002 1613 3057 etiam
1638 3001 1816 3072 ipsum
1853 3001 2021 3057 fuisse

433 3085 585 3165 quod.
625 3108 724 3165 per
771 3094 1012 3166 Moysem
1068 3094 1294 3150 oracula
1356 3092 1645 3158 fundebat,
1675 3092 1764 3147 hic
1792 3092 2021 3148 docetur

435 3189 526 3243 his
548 3187 731 3244 verbis
761 3203 775 3239 :
811 3205 830 3239 ι
871 3187 1042 3250 Deus,
1076 3202 1203 3241 cum
1237 3185 1580 3257 egredereris
1636 3185 1698 3240 in.
1719 3194 2018 3257 conspectu

435 3281 627 3354 populi
656 3280 756 3345 tui,
784 3294 908 3334 cum
942 3278 1311 3348 pertransires
1334 3279 1386 3332 in
1403 3278 1625 3334 deserto
1645 3319 1659 3342 ,
1686 3287 1834 3334 terra
1873 3286 2019 3334 mota

433 3381 540 3438 est,
568 3374 770 3430 etenim
826 3372 952 3426 caeli
1003 3371 1434 3429 distillaverunt.
1475 3389 1493 3423 ι
1551 3369 1707 3426 Tunc
1735 3373 1903 3436 enim,
1937 3372 2022 3427 in-

393 3465 396 3469 '
433 3467 573 3537 quit,
607 3481 734 3521 cum
784 3464 1049 3520 educeres
1089 3465 1231 3520 ﬁlios
1283 3464 1450 3521 Israel
1504 3480 1569 3519 ex
1597 3474 1742 3520 terra
1771 3464 2018 3536 Egypti,

432 3559 590 3616 fama
613 3575 798 3616 rerum
827 3551 884 3613 in
919 3557 1156 3632 Egypto
1187 3567 1462 3632 gestarum
1498 3558 1568 3612 ad
1611 3573 1803 3614 omnes
1826 3574 2021 3629 perva-

429 3645 958 3720 gantepuniversa'
989 3645 1136 3706 terra
1186 3659 1334 3706 mota
1372 3658 1476 3705 est.
1517 3649 1623 3707 Sed
1649 3659 1782 3706 tunc
1799 3651 2019 3722 quidem

435 3754 582 3799 terra
612 3753 759 3799 mota
792 3751 910 3808 est;
945 3743 1060 3798 sive
1111 3741 1278 3808 fama,
1309 3742 1596 3797 utdictum
1624 3751 1748 3807 est,
1772 3743 2018 3799 omnium

433 3837 832 3906 terrigenarum
864 3851 1027 3891 aures
1052 3837 1312 3905 implente
1338 3853 1367 3902 ;~.
1385 3835 1499 3890 sive
1525 3835 1690 3890 etiam
1723 3837 1842 3907 ipso
1862 3845 2020 3894 terra:

433 3929 704 3984 elemento
733 3929 800 3984 de
829 3930 1064 3985 adventu
1092 3929 1188 3984 Dei
1217 3931 1461 3986 laetante.
1496 3929 1654 3996 Quod
1695 3931 1822 3986 item
1859 3931 2020 3986 docet

433 4017 576 4092 alius
629 4019 878 4087 psalmus
929 4019 1018 4074 his
1067 4021 1298 4076 verbis:
1337 4040 1356 4073 ι
1397 4023 1460 4076 In
1518 4021 1671 4076 exitu
1729 4023 1898 4077 Israel
1949 4023 2018 4078 de

429 4107 699 4179 Aﬂgypto,
721 4109 918 4166 domus
931 4105 1105 4167 Iacob
1125 4111 1193 4167 de
1202 4111 1405 4182 populo
1421 4112 1678 4178 barbaro,
1698 4120 1911 4167 montes
1927 4130 2021 4168 ex-

431 4198 774 4254 sultaverunt
797 4208 857 4256 ut
884 4201 1105 4264 arietes.
1127 4212 1182 4267 et
1201 4204 1371 4258 colles
1394 4203 1537 4271 sicut
1552 4203 1877 4274 agniovium
1903 4205 1966 4258 ".
1991 4223 2012 4258 ι

432 4288 602 4345 Te’rra
637 4290 823 4363 itaque
847 4293 1095 4364 gaudens
1134 4294 1630 4362 commovebatur;
1675 4292 1804 4350 cmli
1834 4303 2017 4352 autem

425 4380 836 4448 distillayerunt
899 4404 913 4440 :
978 4385 1113 4456 quid
1168 4385 1614 4456 distillaverunt,
1669 4388 1776 4444 nisi
1831 4389 2014 4446 cibum

2132 1903 2412 1957 Ἐϐούλετο
2443 1903 2540 1974 μὲν
2565 1902 2674 1974 γὰρ
2705 1902 2868 1967 αὐτὸς
2891 1902 2985 1955 καὶ
3023 1902 3151 1964 τοὺς
3172 1901 3723 1972 παραπικραίνοντας

2119 1994 2406 2064 ἐξαγαγεῖν
2435 1996 2530 2047 καὶ
2563 1993 2926 2065 ἐλευθερῶσαι
2953 1991 3062 2045 τῶν
3106 1992 3342 2063 δεσμῶν.
3391 1993 3720 2063 Ἐπιμένου-

2118 2107 2211 2153 τες
2235 2087 2294 2143 δέ
2313 2084 2462 2142 οῦτοι
2522 2091 2588 2160 τῇ
2623 2087 2900 2159 ἀπειθείᾳ,
2953 2086 3347 2160 παροξύνοντες
3376 2105 3436 2140 τε
3467 2090 3526 2141 ἐν
3563 2089 3724 2157 αὐτῷ

2117 2182 2294 2252 τούτῳ
2343 2182 2438 2235 καὶ
2458 2181 2994 2254 παραπικραίνοντες
3020 2184 3112 2236 τὸν
3141 2182 3293 2247 Θεὸν,
3317 2184 3723 2255 κατοικήσουσι

2118 2274 2246 2336 τοὺς
2280 2272 2486 2326 ἑαυτῶν
2518 2272 2745 2342 τάφους,
2763 2271 2839 2335 ὡς
2858 2270 3109 2341 λέγεσθαι
3124 2272 3255 2344 περὶ
3281 2271 3479 2326 αὐτῶν·
3508 2274 3724 2340 «Ἄφες

2117 2361 2245 2425 τοὺς
2266 2363 2492 2434 νεκροὺς
2518 2362 2744 2416 θάπτειν
2781 2362 2908 2425 τοὺς
2949 2360 3159 2416 ἑαυτῶν
3187 2362 3433 2435 νεκρούς·
3450 2383 3468 2414 ι
3500 2362 3534 2434 ἢ
3562 2381 3724 2416 «κατι

2117 2457 2396 2528 οικήσουσι
2444 2457 2726 2521 καύσωνος
2786 2456 3080 2528 ξηρότητα·
3112 2476 3132 2510 ι
3189 2457 3266 2520 ώς
3311 2457 3380 2511 ἂν
3425 2457 3724 2528 μέλλοντες

2122 2549 2451 2620 πορεύεσθαι
2486 2569 2504 2601 ι
2538 2551 2618 2613 είς
2645 2550 2707 2604 τὸ
2746 2549 2859 2621 πῦρ
2887 2550 2950 2603 τὸ
2975 2549 3195 2605 αἰώνιον
3225 2551 3287 2604 τὸ
3309 2550 3724 2622 ἡτοιμασμένον

2119 2641 2196 2712 τῷ
2223 2641 2453 2714 διαϐόλῳ
2469 2643 2689 2706 καὶτοῖς
2720 2642 2972 2712 ἀγγέλοις
2993 2641 3177 2696 αὑτοῦ.
3193 2661 3212 2694 ι

2200 2755 2219 2788 ι
2259 2737 2318 2790 '0
2358 2737 2524 2805 Θεὸς,
2568 2739 2626 2792 ἐν
2657 2737 2734 2808 τῷ
2789 2736 3188 2808 ἐκπορεύεσθαί
3235 2753 3296 2789 σε
3339 2735 3572 2789 ἐνώπιον
3619 2736 3722 2788 τοῦ

2120 2826 2251 2880 λαοῦ
2283 2845 2408 2890 σου,
2454 2830 2514 2881 ἐν
2560 2828 2639 2900 τῷ
2677 2827 2976 2882 διαϐαίνειν
3021 2845 3080 2881 σε
3128 2830 3188 2881 ἐν
3223 2830 3289 2898 τῇ
3324 2829 3539 2898 ἐρήμῳ.
3581 2829 3721 2881 Διά-

2119 2921 2329 2992 ψαλμα.
2357 2942 2385 2970 ι
2411 2922 2534 2974 Ὀτι
2563 2921 2636 2992 μὴ
2667 2920 2826 2991 μόνον
2867 2921 2926 2973 ἐν
2963 2921 3030 2990 τῇ
3058 2918 3334 2989 συντελείᾳ
3358 2918 3469 2970 τῶν
3501 2917 3720 2972 αἰώνων

2121 3011 2432 3085 ἀνθρώποις
2473 3013 2738 3084 ἐπεδήμει
2789 3012 2818 3064 ὁ
2857 3011 2952 3065 τοῦ
2997 3011 3134 3066 Θεοῦ
3182 3013 3384 3081 Λόγος,
3429 3011 3570 3066 ἀλλά
3617 3011 3719 3064 καὶ

2125 3105 2390 3178 πρότερον
2421 3104 2585 3168 αὐτὸς
2626 3100 2695 3176 ἦν
2743 3107 2770 3158 ό
2808 3105 2897 3158 διὰ
2938 3103 3220 3168 Μωῦσέως
3248 3103 3602 3177 χρηματίζων
3625 3143 3640 3165 ,
3681 3107 3718 3156 ό

2124 3195 2315 3268 παρὼν
2345 3195 2588 3249 διδάσκει
2617 3194 2776 3262 λόγος
2814 3194 3069 3264 φάσκωνο
3097 3213 3116 3245 ι
3154 3193 3212 3247 '0
3244 3193 3398 3258 Θεὸς,
3425 3195 3485 3246 ἐν
3507 3192 3583 3262 τῷ
3612 3193 3709 3244 ἐκ·-

2121 3288 2447 3359 πορεύεσθαί
2479 3304 2540 3340 σε
2574 3285 2805 3340 ἐνώπιον
2826 3285 2917 3340 τοῦ
2938 3284 3070 3340 λαοῦ
3099 3302 3216 3351 σου,
3235 3287 3294 3340 ἐν
3311 3285 3390 3357 τῷ
3414 3283 3711 3338 διαϐαίνειν

2121 3395 2181 3431 σε
2214 3381 2274 3433 ἐν
2304 3383 2371 3450 τῇ
2418 3381 2610 3452 ἐρήμῳ
2634 3418 2648 3443 ,
2677 3379 2750 3450 γῆ
2793 3379 3015 3451 ἐσείσθη
3039 3419 3054 3444 ,
3105 3380 3204 3433 καὶ⁹
3242 3385 3355 3451 γὰρ
3397 3380 3446 3432 οἱ
3490 3378 3714 3451 οὐρανοὶ

2118 3469 2374 3536 ἔσταξαν.
2406 3490 2428 3523 ι
2455 3472 2565 3524 Καὶ
2597 3471 2718 3526 τότε
2740 3471 2870 3543 γὰρ,
2890 3473 3043 3543 φησὶ,
3063 3471 3186 3526 καθ’
3209 3471 3269 3526 δν
3296 3472 3486 3544 χρόνον
3513 3471 3716 3541 ἐξῆγες

2117 3564 2246 3628 τοὺς
2275 3565 2429 3628 υἱοὺς
2460 3563 2678 3635 Ἰσραὴλ
2707 3564 2817 3618 ἀπὸ
2838 3564 2942 3634 γῆς
2967 3563 3318 3635 Αίγύπτου,ή
3348 3563 3613 3636 σύμπασα
3637 3565 3711 3633 γῆ

2119 3657 2326 3710 ἐσείετο
2367 3657 2470 3727 τῆς
2516 3658 2706 3729 φήμης
2749 3655 2858 3709 τῶν
2906 3659 2963 3710 ἐν
3006 3655 3264 3728 Αἰγύπτῳ
3303 3655 3713 3728 πεπραγμένων

2116 3747 2510 3821 διατρεχούσης
2524 3750 2604 3812 είς
2620 3747 2851 3812 πάντας.
2872 3748 3011 3801 Ἀλλ’
3036 3751 3067 3819 ή
3093 3749 3192 3818 μὲν
3217 3749 3291 3818 γῆ
3322 3748 3444 3800 τότε
3469 3747 3672 3800 ἐσείετο
3693 3763 3708 3774 ·

2115 3840 2240 3910 ἦτοι
2276 3843 2375 3914 τῆς
2404 3842 2628 3913 φήμης,
2670 3839 2749 3904 ώς
2795 3841 3046 3912 εἴρηται,
3081 3840 3181 3906 τὰς
3214 3840 3429 3894 πάντων
3464 3839 3572 3892 τῶν
3616 3839 3714 3892 ἐπὶ

2119 3935 2222 4004 γῆς
2255 3931 2424 3994 ἀκοὰς
2456 3929 2772 4002 πληρούσης
2795 3968 2811 3994 ,
2848 3929 2882 4000 ἢ
2940 3931 3032 3984 καὶ
3081 3929 3246 3983 αὑτοῦ
3291 3929 3387 3983 τοῦ
3442 3928 3712 3999 στοιχείου

2115 4008 2397 4097 χαίροντος
2425 4022 2519 4076 ἐπὶ
2549 4025 2617 4094 τῇ
2648 4021 2903 4076 ἐπιϐάσει
2941 4021 3036 4076 τοῦ
3069 4021 3225 4075 Θεοῦ.
3267 4023 3333 4074 Ὃ
3372 4019 3435 4090 δὴ
3463 4020 3712 4074 διδάσκει

2119 4113 2213 4166 καὶ
2260 4111 2448 4182 ἕτερος
2479 4108 2697 4181 ψαλμὸς
2734 4108 2945 4179 λέγων’
2980 4129 2999 4161 ι
3043 4111 3132 4163 Ἑν
3170 4109 3334 4180 ἐξόδῳ
3393 4107 3612 4180 Ἰσραήλ
3650 4107 3716 4173 ἐξ

2116 4202 2394 4272 Αίγύπτου
2419 4242 2433 4266 ,
2459 4201 2611 4255 οίκου
2656 4201 2848 4257 Ἰακὼϐ
2899 4204 2964 4256 ἐκ
2992 4201 3123 4257 λαοῦ
3159 4201 3434 4274 βαρϐάρου
3459 4241 3475 4266 ,
3507 4200 3576 4255 τὰ
3609 4200 3711 4275 δρη

2118 4297 2449 4368 ἐσκίρτησαν
2473 4294 2548 4360 ὡς
2580 4295 2726 4366 κριοὶ
2745 4336 2760 4360 ,
2785 4295 2886 4350 καὶ
2911 4298 2960 4349 οἱ
2990 4295 3170 4367 βουνοί
3203 4296 3280 4360 ὡς
3307 4294 3470 4367 ἀρνία
3503 4294 3717 4364 προϐά-

2116 4404 2243 4441 των.
2278 4405 2296 4438 ι
2317 4387 2381 4438 Ἡ
2416 4385 2513 4456 μὲν
2547 4381 2641 4438 οὖν
2666 4385 2738 4456 γῆ
2771 4386 3038 4459 χαίρουσα
3085 4385 3311 4439 ἐσείετοο
3334 4385 3387 4438 οἱ
3411 4385 3467 4437 δέ
3491 4385 3716 4455 οὐρανοὶ

427 4476 862 4550 inexspectatum
889 4478 946 4534 in
967 4477 1540 4551 desertodegentibus
1567 4481 1872 4552 delapsum,
1900 4481 2016 4537 sive

2123 4479 2374 4548 ἐσταξαν.
2410 4480 2475 4532 Τί
2507 4478 2563 4530 δὲ
2607 4477 2838 4546 ἔσταξαν
2859 4522 2874 4546 ,
2917 4479 3033 4534 ἀλλ’
3065 4481 3185 4551 ἢτοι
3224 4479 3324 4551 τὴν
3355 4481 3565 4552 τροφὴν
3611 4479 3712 4550 τὴν

425 4571 595 4626 etiam
646 4571 882 4627 .divinos
932 4586 1215 4628 sermones
1237 4579 1293 4628 et
1341 4573 1491 4644 leges
1536 4590 1659 4645 qua:
1705 4575 2013 4630 animarum

429 4663 839 4718 rationabilium
897 4663 1008 4718 cibi
1039 4664 1212 4719 sunt?
1251 4663 1397 4721 Mota
1421 4674 1506 4720 est
1551 4677 1732 4722 autem
1758 4675 1924 4735 terra,
1960 4676 2014 4723 et

427 4753 556 4806 caeli
583 4752 992 4808 distillaverunt
1021 4772 1040 4804 ι
1078 4768 1108 4806 a
1137 4752 1278 4809 facie
1311 4753 1405 4809 Dei
1439 4737 1615 4822 Siuai,
1652 4776 1670 4809 ι
1712 4757 1765 4812 id
1797 4767 1905 4822 est,
1958 4760 2014 4813 in

426 4853 615 4901 monte
638 4844 792 4900 Sinai
816 4846 1048 4900 oracula.
1063 4845 1303 4918 edentis.
1355 4847 1482 4904 lIzec
1532 4864 1666 4904 vero
1696 4850 1901 4906 clarius
1931 4851 2015 4905 in-

425 4943 761 5008 terpretatus
797 4935 1162 5008 Symmachus
1179 4935 1264 4993 est
1283 4939 1474 4995 dicens
1510 4955 1539 4994 :_
1566 4957 1585 4989 ι
1619 4937 1788 4998 Terra
1824 4956 2012 4997 move-

426 5025 611 5092 batur,
642 5025 843 5080 cmlum
870 5042 1002 5082 vero
1035 5026 1320 5083 distillavit
1357 5044 1389 5083 a
1416 5029 1557 5084 facie
1591 5029 1687 5085 Dei
1725 5030 1890 5100 hujus
1929 5030 2014 5087 Si-

426 5118 657 5182 nai,eta
685 5116 824 5172 facie
860 5117 978 5180 Dei.
1011 5119 1104 5176 Dei
1137 5120 1324 5176 Israel.
1366 5142 1385 5174 ι
1419 5121 1561 5178 Nutu
1593 5121 1735 5178 forte
1761 5125 2014 5181 cmlestes

425 5209 659 5276 virtutes
685 5208 796 5264 ceu'
813 5210 1060 5266 nutrices
1090 5213 1337 5282 quaedam
1368 5229 1399 5269 e
1430 5231 1669 5272 mamma
1718 5217 1802 5271 lac
1832 5217 2011 5272 infan-

426 5298 574 5354 tibus
588 5299 857 5355 distillare
906 5289 1209 5370 facientes,
1241 5305 1322 5361 sic
1348 5315 1403 5362 et
1442 5307 1575 5377 ipsa:
1603 5308 1921 5365 alimentum
1943 5328 2011 5366 ex

426 5407 488 5446 se
522 5393 590 5448 iis
611 5394 703 5463 qui
729 5400 863 5448 tunc
890 5394 1152 5451 infantes
1204 5398 1388 5452 animo
1413 5412 1592 5466 erant,
1622 5402 2013 5459 subministra-

425 5485 596 5540 runt?
642 5487 927 5553 Quarelex
981 5489 1244 5561 a-Moyse
1301 5490 1501 5556 edicta,
1555 5494 1881 5566 pmdagogus
1943 5498 2012 5552 ab

425 5571 687 5638 Apostolo
710 5585 900 5627 vocata
935 5573 1038 5629 fuit
1073 5573 1135 5629 ”.
1187 5610 1192 5616 ο

424 5658 518 5726 γδς
555 5660 868 5732 ωνόμασται
899 5667 1049 5738 παρά
1086 5664 1162 5736 τῷ
1198 5667 1502 5740 Ἀπεττόλῳ
1538 5670 1565 5722 ὁ
1597 5670 1684 5725 διὰ
1729 5673 2004 5736 λῐωῦσέως
2042 5674 2106 5729 λα

505 5775 544 5806 ’³
573 5780 677 5832 Isa.
707 5797 839 5848 xui,
869 5785 923 5854 6,
966 5786 1018 5841 7.

1105 5789 1144 5820 ”
1173 5787 1303 5844 Luc.
1336 5805 1409 5856 Ix,
1445 5789 1534 5845 60.
1618 5792 1657 5822 ”’
1686 5791 1874 5849 Matth.
1915 5811 2037 5863 xxv,
2072 5796 2158 5852 41.

2119 4571 2437 4645 παραδόξως
2464 4569 2776 4641 ἐνεχθεῖσαν
2809 4573 2920 4634 τοῖς
2965 4571 3057 4624 ἐπὶ
3097 4572 3197 4643 τῆς
3239 4572 3452 4644 ἐρήμου
3475 4611 3493 4636 ,
3535 4570 3572 4641 ἦ
3618 4570 3712 4624 καὶ

2115 4666 2242 4729 τοὺς
2267 4664 2443 4728 θείους
2469 4662 2662 4731 λόγους
2683 4679 2744 4715 τε
2771 4663 2864 4717 καὶ
2888 4663 3088 4735 νόμους
3111 4663 3316 4736 τροφὴν
3339 4663 3501 4728 ὄντας
3519 4662 3708 4734 ψυχῶν

2114 4755 2379 4826 λογικῶν;
2422 4755 2660 4808 Ἐσείετο
2683 4755 2740 4808 δὲ
2773 4757 2805 4826 ή
2836 4756 2910 4826 γῆ
2932 4795 2948 4819 ,
2997 4758 3090 4810 καί
3118 4754 3350 4822 ἐσταξαν
3388 4757 3442 4810 οί
3488 4757 3710 4829 οὐρανοὶ

2119 4871 2138 4902 ι
2167 4851 2276 4905 ἀπὸ
2306 4847 2602 4921 προσώπου
2631 4846 2728 4901 τοῦ
2756 4848 2892 4901 Θεοῦ
2925 4849 3019 4902 τοῦ
3060 4848 3244 4915 Σιναῒ,
3276 4868 3296 4902 ι
3331 4850 3584 4904 τουτέστι
3614 4850 3706 4905 τοῦ

2113 4945 2173 4996 ἐν
2211 4942 2288 5014 τῷ
2329 4942 2447 5014 δρει
2481 4940 2633 4996 Σιναῒ
2665 4941 3126 5013 χρηματίσαντος.
3155 4943 3265 4996 Καὶ
3289 4943 3466 4998 ταῦτα
3511 4945 3572 4998 δέ
3616 4961 3712 4998 σα-

2115 5033 2376 5105 φέστερον
2397 5033 2742 5103 ἡρμήνευσεν
2765 5033 2794 5084 ό
2814 5030 3109 5102 Σύμμαχος
3130 5033 3317 5086 εἰπών’
3348 5035 3454 5106 ιΓῆ
3481 5037 3703 5100 ἐσείετο,

2116 5127 2343 5198 οὐρανὸς
2362 5124 2420 5177 δὲ
2445 5123 2751 5191 ἀπέσταξεν
2780 5123 2887 5177 ἀπὸ
2915 5125 3207 5196 προσώπου
3233 5126 3325 5180 τοῦ
3348 5128 3485 5181 Θεοῦ
3518 5130 3703 5182 τούτου

2113 5218 2208 5272 τοῦ
2233 5216 2404 5280 Σιναῒ,
2423 5217 2518 5270 καὶ
2540 5217 2647 5270 ἀπὸ
2670 5216 2964 5286 προσώπου
2991 5218 3086 5272 τοῦ
3102 5218 3258 5283 Θεοῦ,
3277 5220 3412 5273 Θεοῦ
3429 5222 3701 5292 Ἰσραήλ.)

2117 5311 2348 5381 Μήποτε
2380 5307 2437 5361 δὲ
2467 5307 2564 5361 καὶ
2594 5309 2648 5360 at
2693 5307 2936 5378 οὐράνιοι
2978 5307 3237 5380 δυνάμεις
3283 5309 3473 5380 ὥσπερ
3518 5312 3710 5381 τροφοί

2117 5418 2262 5465 τινες
2288 5401 2383 5454 καὶ
2409 5399 2619 5471 τιθηνοὶ
2641 5400 2748 5454 ἀπὸ
2773 5399 2941 5472 θηλῆς
2960 5400 3102 5468 γάλα
3131 5402 3342 5473 νηπίοις
3367 5403 3711 5468 ἀποστάζου-

2123 5510 2234 5556 σαι,
2278 5491 2452 5556 οὕτως
2475 5492 2569 5545 καὶ
2595 5487 2756 5547 αὗται
2788 5495 2889 5564 τὴν
2922 5493 2980 5560 ἐξ
3012 5494 3192 5548 αὐτῶν
3219 5495 3485 5566 χορηγίαν
3510 5499 3712 5568 παρεῖ-

2121 5603 2215 5656 χον
2245 5588 2358 5651 τοῖς
2389 5586 2510 5640 τότε
2533 5586 2634 5651 τὰς
2663 5587 2840 5659 ψυχὰς
2867 5588 3112 5660 νηπίοιςς
3142 5589 3219 5641 Δι’
3244 5587 3272 5641 ὃ
3296 5590 3390 5642 καὶ
3427 5588 3711 5660 παιδαγω-

2109 5677 2294 5749 ληθεὶς
2326 5677 2501 5746 λόγος.

2243 5799 2284 5829 ¹⁶
2314 5795 2457 5852 Psal.
2484 5812 2642 5861 CXIII,
2679 5797 2726 5863 I,
2757 5798 2809 5854 4.
2893 5799 3067 5854 "Gal.
3105 5815 3184 5864 ιιι,
3212 5799 3299 5854 ‘21.
