4062 6208
422 343 529 403 (1)3

1553 315 2058 380 COMMENTARIA
2099 313 2168 370 IN
2207 310 2551 368 PSALMOS.

3575 292 3680 350 εει

501 475 519 509 ι
551 456 757 528 Βροχὴν
782 448 1028 506 ἑκούσιον
1054 447 1319 519 ἁφοριεῖς,
1341 445 1370 497 6
1399 441 1551 506 Θεὸς,
1574 443 1642 512 τῇ
1673 433 2007 510 κληρονομίᾳ

2185 430 2353 487 Vens.
2389 431 2476 496 10,
2506 429 2594 485 il.
2626 445 2646 478 ι
2678 425 2924 480 Pluviam
2949 417 3314 480 voluntariam
3344 415 3680 490 segregabis.

425 565 522 603 erat)
541 587 557 612 ,
590 526 685 600 καὶ
717 543 982 614 ἠσθένησε
1003 580 1019 605 ,
1056 541 1121 594 σὺ
1151 538 1208 591 δὲ
1236 534 1550 606 κατηρτίσω
1581 531 1774 601 αὑτήν.
1815 547 1833 580 ι
1869 526 2002 580 Τότε

431 639 562 710 μὲν,
607 635 804 706 φησὶν,
846 651 864 683 ι
894 635 950 685 ἐν
985 629 1064 700 τῷ
1111 622 1510 698 ἐκπορεύεσθαί
1545 638 1605 674 σε
1641 618 1870 672 ἐνώπιον
1908 614 2001 669 τοῦ

425 708 556 786 λαοῦ
589 747 682 783 σου
701 769 716 794 ,
757 727 849 781 καὶ
887 727 945 778 ἐν
974 722 1053 794 τῷ
1081 719 1377 774 διαϐαίνειν
1403 733 1463 769 σε
1493 716 1550 768 ἐν
1578 716 1644 785 τῇ
1679 711 1872 782 ἐρήμῳ
1893 747 1907 771 ,
1933 708 2004 779 γῆ

427 820 646 890 ἐσείσθη
663 858 679 882 ,
707 817 801 870 καὶ
847 817 897 869 οί
924 813 1143 886 οὐρανοὶ
1170 809 1402 875 ἕσταξαν
1422 824 1438 839 °
1465 827 1484 859 ι
1505 807 1598 859 ἐπὶ
1624 805 1682 858 δὲ
1721 801 1816 856 τοῦ
1867 816 2006 871 παρ-

427 910 579 972 όντος
601 950 616 973 ,
647 910 733 963 ὅτε
778 905 1107 977 ἐπιϐέϐηκας
1132 903 1225 957 ἐπὶ
1250 900 1492 972 δυσμῶν,
1523 897 1687 968 ἔτερα
1729 891 2008 965 παράδοξα

428 1003 687 1072 εἰργάσω.
741 999 817 1070 Τῇ
842 998 951 1070 γὰρ
991 995 1329 1068 κληρονομίᾳ
1363 1009 1456 1046 σου
1493 988 1774 1061 ἁφώρισας
1805 985 2004 1057 βροχὴν

428 1092 690 1146 ἑκούσιον.
721 1090 1070 1162 Κληρονομία
1098 1088 1154 1142 δὲ
1189 1086 1353 1141 αὐτοῦ
1383 1085 1468 1150 τίς
1494 1080 1561 1156 ἦν
1593 1081 1731 1155 μετὰ
1748 1081 1838 1134 τὸν
1875 1079 2008 1151 πρό-

427 1202 582 1257 τερον
624 1184 750 1237 λαὸν
789 1183 963 1254 ἀλλ’ἢ
1009 1181 1084 1246 ἐξ
1111 1179 1283 1233 ἐθνῶν
1330 1175 1657 1247 Ἐκκλησία,
1693 1173 1882 1244 ὥσπερ
1911 1167 2005 1225 οῦν

425 1277 664 1332 διδάσκει
700 1277 872 1346 λέγων
913 1276 1075 1339 αὐτὸς
1118 1276 1174 1328 ἐν
1213 1273 1452 1344 δευτέρῳ
1484 1270 1715 1343 ψαλμῷ-
1751 1289 1770 1320 ι
1803 1269 2008 1340 Κύριος

426 1366 547 1424 εἷπε
568 1369 704 1441 πρδς
725 1369 792 1440 μέ
810 1387 824 1400 ο
841 1368 968 1432 Υἱός
989 1386 1090 1439 μου
1118 1363 1169 1420 εἷ
1193 1368 1278 1431 σὺ,
1305 1364 1417 1435 ἐγὼ
1442 1366 1508 1437 σή
1518 1383 1582 1436 με
1592 1381 1683 1437 ρον
1703 1361 2009 1432 γεγέννηκά

428 1478 509 1517 σε.
543 1463 776 1531 Αίτησαι
801 1461 932 1532 παρ’
970 1457 1105 1530 ἐμοῦ
1128 1499 1142 1523 ,
1171 1459 1266 1512 καὶ
1291 1456 1448 1511 δώσω
1486 1473 1567 1510 σοι
1598 1455 1723 1527 ἔθνη
1747 1455 1847 1525 τὴν
1878 1453 2009 1524 κλη-

429 1553 687 1624 ρονομίαν
720 1568 813 1605 σου
847 1551 942 1605 καὶ
971 1550 1072 1621 τὴν
1099 1548 1427 1619 κατάσχεσιν
1459 1564 1554 1600 σου
1584 1544 1652 1599 τὰ
1679 1544 1891 1615 πέρατα
1911 1543 2010 1614 τῆς

423 1645 548 1715 γῆς.
593 1665 611 1696 ι
642 1645 768 1707 Υἱὸς
800 1645 910 1715 γὰρ
938 1643 1073 1696 Θεοῦ
1111 1641 1466 1714 κελευόμενος
1505 1641 1641 1712 πρὸς
1666 1638 1762 1692 τοῦ
1797 1637 2010 1709 Πατρὸς

2108 523 2274 587 Deus,
2304 519 2607 577 haereditati
2637 525 2765 582 tuaz,
2797 523 2851 572 et
2888 515 3160 569 infirmata
3186 516 3291 577 est,
3317 516 3376 562 tu
3401 523 3530 564 vero
3559 521 3687 577 per-

2108 616 2286 672 fecisti
2313 630 2456 671 eam.
2486 633 2506 667 »
2563 610 2740 676 Tunc,
2795 608 3000 679 inquit,
3041 620 3210 660 «cum
3261 601 3604 673 egredereris
3627 598 3684 654 in

2107 713 2401 778 conspectu
2435 703 2618 775 populi
2635 701 2734 765 tui,
2757 707 2950 755 etcum
2975 695 3338 768 pertransires
3365 693 3420 746 in
3445 691 3690 756 deserto,

2110 805 2254 853 terra
2287 803 2437 852 mota
2457 802 2562 858 est,
2595 799 2653 848 et
2676 790 2804 846 coeli
2834 787 3260 844 distillaverunt.
3296 779 3396 835 »1η
3429 780 3685 851 praesenti

2109 895 2291 945 autem
2315 903 2437 943 cum
2471 883 2768 941 ascendisti
2797 895 2964 951 super
2983 889 3266 937 occasum,
3299 869 3686 926 mirabiliaalia

2109 980 2459 1054 perpetrasti.
2493 978 2627 1034 Nam
2659 972 2963 1031 haereditati
2983 982 3090 1027 tua:
3121 966 3421 1039 segregasti
3446 962 3686 1033 pluviam

2109 1073 2496 1130 voluntariam.
2534 1068 2835 1124 Haereditas
2865 1079 3029 1136 porro
3081 1061 3229 1116 illius
3282 1070 3531 1128 quamam
3570 1061 3688 1108 erat

2110 1175 2232 1238 post
2266 1167 2500 1237 priorem
2531 1163 2682 1218 illum
2712 1160 2994 1230 populum,
3021 1155 3124 1210 nisi
3149 1150 3392 1205 Ecclesia
3422 1146 3685 1238 gentium,

2111 1234 2170 1308 ut
2202 1234 2318 1324 ipse
2342 1252 2503 1307 docet
2534 1250 2590 1305 in
2621 1246 2862 1305 secundo
2919 1245 3167 1316 psalmo:
3201 1258 3221 1290 ‹
3252 1237 3517 1292 Dominus
3551 1234 3689 1290 dixit

2110 1344 2176 1400 ad
2204 1359 2291 1400 me
2325 1362 2339 1399 :
2378 1341 2551 1396 Filius
2573 1356 2729 1395 meus
2759 1355 2818 1394 es
2851 1345 2931 1405 tu,
2966 1351 3066 1408 ego
3093 1332 3254 1388 hodie
3284 1330 3445 1402 genui
3472 1339 3545 1384 te.
3593 1326 3692 1382 Po-

2113 1437 2256 1492 stula
2289 1450 2318 1515 a
2350 1449 2458 1498 me,
2482 1441 2537 1488 et
2567 1432 2709 1488 dabo
2740 1431 2841 1486 tibi
2862 1437 3048 1501 gentes
3105 1424 3480 1482 hmreditatem
3513 1429 3687 1488 tuam,

2111 1535 2165 1583 et
2185 1513 2591 1599 possessionem
2611 1533 2754 1578 tuam
2773 1522 3037 1577 terminos
3051 1528 3208 1576 terrae
3228 1519 3293 1574 ¹⁸.
3323 1537 3342 1570 ι
3367 1515 3501 1570 Nam
3520 1513 3689 1570 Filius

2113 1619 2232 1684 Dei,
2263 1619 2352 1674 cui
2394 1617 2554 1672 Pater
2601 1615 2852 1688 praecipit
2881 1623 2941 1668 ut
2973 1619 3122 1684 petat
3173 1611 3229 1666 in
3288 1608 3688 1672 baereditatem,

423 1702 597 1790 αἰτεῖν
619 1702 1006 1806 κληρονομίαν,
1032 1732 1155 1787 οὔτε
1188 1702 1460 1787 Ἰουδαίων
1479 1702 1651 1794 ἔθνος,
1673 1729 1809 1784 ἀλλὰ
1833 1702 2007 1783 πάντα

2115 1728 2224 1768 non
2257 1709 2568 1766 Judazorum
2598 1718 2835 1780 gentem,
2861 1705 2954 1760 sed
2981 1719 3172 1760 omnes
3199 1710 3390 1773 gentes
3425 1709 3478 1756 et
3501 1702 3693 1756 termiu

411 1826 495 1878 -τὰ
528 1825 654 1898 ἔθνη
683 1794 776 1880 καὶ
804 1794 872 1880 τά
900 1794 1112 1898 πέρατα
1140 1826 1238 1895 τῆς
1265 1824 1398 1894 γῆς,
1436 1824 1521 1885 τίς
1556 1822 1623 1876 ἂν
1656 1821 1864 1890 γένοιτο
1901 1819 1935 1891 ἦ
1975 1822 2004 1873 6

2114 1820 2217 1860 nos
2260 1811 2440 1868 terrae,
2477 1802 2733 1874 quisnam
2775 1798 2960 1862 fuerit,
3023 1797 3129 1852 nisi
3159 1796 3253 1867 qui
3288 1794 3589 1850 Ecclesiam
3623 1807 3689 1848 ex

425 1916 526 1988 τὴν
567 1914 627 1980 ἐξ
659 1915 828 1970 ἐθνῶν
859 1915 1190 1987 Ἐκκλησίαν
1224 1913 1627 1985 συστησάμενος
1651 1929 1664 1977 ;
1689 1911 1876 1982 Ταύτῃ
1908 1905 2002 1963 οὖν

424 2009 492 2078 τῇ
528 2007 860 2080 κληρονομίᾳ
891 2005 1056 2060 αὐτοῦ
1096 2003 1339 2077 ἀφώρισε
1381 2004 1582 2077 βροχὴν
1614 2001 1858 2057 ἑκούσιον
1881 2018 1894 2031 ⁸
1923 2000 2002 2054 διδ

425 2098 674 2153 λέλεκται
709 2099 836 2172 περὶ
877 2097 1078 2152 αὐτοῦ·
1127 2116 1146 2149 ι
1178 2096 1567 2168 Καταὸήσεται
1605 2095 1681 2159 ὡς
1714 2095 1868 2160 ύετὺς
1909 2093 2003 2148 ἐπὶ

423 2190 627 2257 πόκον,
658 2192 752 2245 καὶ
779 2191 910 2244 ὡσεὶ
941 2189 1198 2259 σταγόνες
1226 2188 1520 2254 στάζουσαι
1563 2189 1657 2242 ἐπὶ
1699 2187 1798 2259 τὴν
1821 2187 1945 2258 γῆν.
1978 2206 1997 2239 ι

423 2283 597 2352 Λόγος
639 2284 696 2336 δὲ
724 2279 793 2355 ἦν
819 2281 1175 2352 εὐαγγελικδς
1210 2283 1245 2354 ἠ
1285 2281 1454 2354 βροχὴ
1478 2283 1512 2352 ἡ
1538 2280 1791 2343 ἑκουσία,
1821 2279 1916 2333 καὶ
1941 2278 2004 2332 τὸ

421 2377 522 2447 τῆς
549 2376 758 2447 Καινῆς
771 2377 1046 2449 Διαθήκης
1069 2377 1332 2447 κήρυγμα
1352 2378 1418 2447 τῇ
1444 2375 1503 2442 ἐξ
1524 2374 1693 2428 ἐθνῶν
1708 2373 2004 2446 Ἐκκλησία

425 2468 877 2541 παραδεδομένον.
913 2469 1070 2540 Καλὴ
1097 2468 1154 2522 δὲ
1184 2469 1218 2540 ἡ
1255 2467 1543 2540 προσθήκη
1575 2467 1675 2538 τῆς
1709 2486 1726 2518 ι
1751 2466 2004 2530 ἑκουσίας

427 2561 651 2632 βροχῆςο
696 2581 715 2614 ι
755 2560 845 2615 διὰ
892 2561 1168 2626 Μωῦσέως
1216 2561 1444 2634 μὲνγὰρ
1489 2560 1587 2631 ούχ
1625 2558 1868 2624 ἐκούσιος
1893 2562 2003 2624 τοῖς

425 2652 674 2716 παλαιοῖς
700 2652 991 2724 παρείχετο
1013 2652 1188 2722 λόγος,
1216 2653 1338 2706 ἐπεὶ
1366 2653 1424 2705 οὐ
1464 2653 1606 2706 κατὰ
1643 2651 1867 2722 γνώμην
1907 2651 2005 2724 τὴν

425 2742 590 2798 αὑτοῦ
612 2745 996 2815 ἐνομοθετεῖτο⁸
1027 2745 1108 2799 διδ
1138 2745 1274 2816 πρὸς
1303 2746 1500 2808 αὐτοὺς
1527 2743 1708 2813 ἔλεγεν
1737 2745 1765 2796 6
1792 2743 1999 2815 Σωτήρ·

431 2855 449 2884 ι
487 2836 728 2906 Μωϋσῆς
753 2835 890 2907 πρὸς
922 2834 1018 2906 τὴν
1044 2835 1476 2908 σκληροκαρδίαν
1505 2834 1660 2906 ὑμῶν
1681 2833 1940 2907 ἔγραψεν·
1979 2853 1999 2887 ι

424 2927 454 2978 ὀ
476 2927 532 2980 δὲ
563 2927 718 2996 λόγος
751 2929 780 2980 6
803 2927 1160 2996 εύαγγελικὸς
1190 2928 1331 2981 κατὰ
1358 2927 1552 2999 βουλὴν
1583 2928 1677 2981 καὶ
1701 2925 1844 2980 κατὰ
1869 2943 2004 2998 προ-

424 3020 640 3087 αίρεσιν
667 3019 800 3072 Θεοῦ
825 3019 1112 3092 ἀφωρίσθη
1141 3039 1159 3072 ι
1190 3023 1256 3092 τῇ
1283 3019 1617 3092 κληρονομία
1656 3040 1675 3072 ι
1719 3017 1915 3082 αὑτοῦ,
1939 3018 2005 3089 ἣν

425 3107 806 3178 ἀεθενήσαταν
855 3109 952 3176 σὺ,
1000 3110 1170 3180 φησὶ,
1221 3109 1567 3182 κατηρτίσω·
1625 3109 1766 3164 κατὰ
1811 3109 1869 3162 δὲ
1913 3107 2005 3161 τὸν

440 3198 703 3264 Ἀκύλαν,
750 3217 768 3250 ι
815 3200 1275 3272 Μεμοχθηκυῖαν,
1315 3202 1479 3272 φησὶ,
1523 3202 1588 3255 σὺ
1631 3200 1874 3271 ἧδρασας
1914 3199 2011 3253 αύ-

425 3290 558 3361 τήνο
610 3307 629 3340 ι
670 3288 812 3343 κατὰ
853 3290 909 3342 δὲ
950 3291 1042 3345 τὸν
1083 3290 1406 3362 Σύμμαχον,
1448 3311 1467 3344 ι
1504 3293 1605 3346 Ἢν
1642 3291 2006 3363 ἐξεπόνησας,

429 3379 594 3450 φησὶ,
640 3381 732 3434 καὶ
771 3379 1035 3451 ἧδρασας.
1078 3402 1097 3434 ι
1138 3383 1213 3436 Ού
1243 3383 1325 3436 δεῖ
1359 3384 1416 3438 δὲ
1453 3383 1666 3438 πολλῶν
1713 3383 1888 3453 λόγων
1929 3384 2010 3447 είς

426 3469 489 3523 τὸ
513 3471 864 3542 παραστῆσαι
891 3472 1039 3536 ὅπως
1074 3475 1106 3545 ἡ
1149 3472 1210 3539 ἐξ
1253 3473 1423 3529 ἐθνῶν
1453 3476 1618 3530 πάλαι
1655 3476 1918 3547 πρότερον
1939 3470 2008 3547 ἦν

431 3564 812 3636 μεμοχθηκυῖα
846 3565 1030 3627 πόνοις
1075 3567 1170 3620 καὶ
1220 3566 1440 3640 μόχθοις
1483 3569 1582 3641 τῆς
1623 3568 2006 3640 είδωλολάτρου

427 3655 639 3727 πλάνης
672 3657 1133 3728 καταπονηθείσα·
1165 3660 1512 3732 ἀσθενήσασά
1545 3679 1602 3714 τε
1629 3656 1698 3733 ἦν
1730 3663 1809 3724 εἰς
1837 3662 2008 3734 ὑπερ-

429 3746 613 3826 βολὴν,
647 3747 722 3810 ὡς
750 3747 1021 3820 μηδεμίαν
1054 3751 1112 3802 ἐν
1137 3750 1274 3822 αὐτῇ
1301 3749 1726 3822 καταλειφθῆναι
1757 3751 2006 3823 δύναμιν.

443 3839 582 3894 Ἀλλ’
612 3840 893 3894 ἀναλαϐὼν
933 3842 1103 3913 αὐτὴν
1136 3843 1164 3896 6
1197 3843 1386 3915 Σωτὴρ
1419 3842 1786 3915 κατηρτίσατο
1814 3844 2006 3915 αὐτὴν,

426 3931 662 4009 sapam
706 3933 800 3986 ἐπὶ
841 3933 938 4006 τὴν
982 3934 1187 4007 πέτραν
1234 3934 1332 4007 τὴν
1377 3936 1596 4008 ἀρραγῆ
1634 3936 1727 3989 καὶ
1759 3936 2008 3990 ἄσειστον

423 4024 530 4094 τῆς
575 4025 736 4079 αὐτοῦ
772 4026 1026 4091 πίστεως·
1056 4027 1084 4080 ὂ
1123 4027 1187 4099 δὴ
1233 4029 1326 4081 καὶ
1366 4027 1731 4101 ἐπηγγείλατο
1758 4030 2008 4101 ποιήσειν

425 4114 618 4169 εἰπών’
654 4136 672 4167 ‹
725 4118 848 4171 Ἐπὶ
873 4117 972 4189 τὴν
997 4117 1203 4190 πέτραν
1232 4119 1570 4190 οἰκοδομήσω
1612 4137 1711 4191 μου
1740 4120 1838 4190 τὴν
1882 4121 2006 4174 Ἑκ-

427 4209 676 4280 κλησίαν·
716 4212 812 4266 ml.
844 4212 1006 4266 πύλαι
1036 4212 1162 4285 ᾅδου
1197 4215 1258 4267 ού
1293 4214 1710 4284 κατισχύσουσιν
1745 4215 1938 4285 αὐτῆς.
1982 4233 2001 4268 ι

435 4301 705 4375 Ἐδράσας
729 4305 786 4358 δὲ
813 4305 983 4377 αὐτὴν
1011 4307 1106 4360 καὶ
1135 4307 1624 4378 καταρτισάμενος,
1647 4307 1717 4362 τὰ
1741 4305 1856 4373 ζῶα
1881 4309 2008 4361 ἐαυ-

423 4393 518 4447 τοῦ
568 4394 885 4467 κατῴκισεν¹
913 4399 972 4452 ἐν
1013 4397 1172 4470 αὐτῇ.
1208 4397 1331 4452 Ζῶα
1368 4398 1424 4452 δὲ
1464 4399 1585 4453 τίνα
1607 4398 1673 4452 ἂν
1705 4400 1879 4463 εἴποις
1911 4397 2005 4453 τοῦ

422 4486 559 4582 θεοῦ
584 4489 618 4558 ἢ
647 4489 744 4552 τὰς
775 4491 841 4544 ἐκ
881 4490 984 4562 τῆς
1025 4493 1154 4563 παρ’
1186 4490 1335 4562 αύτῷ
1378 4491 1523 4562 ζωῆς
1565 4492 1872 4565 ἀρυομένας
1905 4493 2000 4546 καὶ
2031 4523 2078 4582 D

424 4577 862 4651 ζωοποιουμένας
912 4583 1120 4654 ψυχάς
1172 4584 1283 4639 Καὶ
1332 4583 1505 4638 ταῦτα
1549 4587 1756 4649 πάντα,
1804 4577 2042 4657 φησὶν,ξ

429 4693 448 4724 ε
484 4674 788 4746 ἡτοίμασας
832 4696 850 4728 ι
891 4676 978 4730 διὰ
1004 4679 1104 4749 τῆς
1151 4679 1251 4750 σῆς
1293 4679 1658 4751 χρηστότητος
1694 4679 1788 4733 καὶ
1812 4678 2003 4750 φιλαν-

425 4762 750 4834 ορωπίας,ἦ
783 4763 872 4818 διὰ
910 4784 929 4816 ι
971 4766 1070 4838 τῆς
1100 4767 1199 4838 σῆς
1233 4767 1612 4838 ἀγαθωσύνης,
1651 4787 1669 4820 ι
1697 4768 1838 4823 κατὰ
1877 4771 2004 4834 τοὺς

423 4854 644 4920 λοιποὺς
683 4857 1054 4930 ἐρμηνευτὰς,
1094 4879 1111 4910 ι
1158 4859 1235 4930 τῷ
1275 4860 1496 4934 πτωχῷ.
1534 4881 1552 4914 ι
1587 4861 1808 4934 Πτωχδν
1835 4862 1891 4916 δέ
1924 4864 2008 4917 ὲν-

423 4945 597 4999 ταῦθα
629 4947 866 5020 κέκληκε
899 4951 1178 5021 μυστικῶς
1221 4951 1309 5006 τὸν
1341 4953 1481 5007 κατὰ
1513 4953 1690 5025 σάρκα
1721 4953 2006 5026 ἄνθρωπον

422 5039 518 5092 τοῦ
551 5039 802 5114 Σωτῆρος
831 5041 1008 5113 ἡμῶν,
1035 5043 1095 5106 ὃς
1131 5061 1150 5094 ι
1191 5044 1444 5109 πλούσιος
1479 5044 1554 5099 ὢν
1597 5044 1906 5118 ἐπτώχευσε
1939 5047 2004 5100 δι’

421 5131 592 5201 ἡμᾶς,
632 5129 719 5184 ἵνα
744 5133 906 5203 ἡμεῖς
938 5136 1003 5206 τῇ
1035 5133 1198 5188 αὑτοῦ
1241 5135 1483 5206 πτωχείᾳ
1523 5135 1933 5208 πλουτήσωμεν.
1981 5156 2001 5191 ι

436 5217 654 5290 Ἐδήλου
698 5219 756 5273 δὲ
797 5221 960 5275 αὑτοῦ
1011 5223 1123 5294 τὴνσ
1156 5222 1428 5294 πτωχείαν
1472 5225 1564 5278 καὶ
1607 5226 1769 5290 αὐτὸς
1811 5226 2006 5295 λέγων’

430 5329 449 5360 ι
483 5309 701 5364 Μάθετε
730 5311 824 5364 ἀπ’
864 5312 999 5384 ἐμοῦ
1019 5355 1032 5379 ,
1067 5315 1148 5369 ὅτι
1186 5318 1359 5390 πρᾶός
1392 5320 1504 5390 εἰμι
1533 5318 1628 5371 καὶ
1653 5319 1905 5382 ταπεινὸς
1936 5320 2002 5390 τῇ

423 5401 643 5474 καρδίᾳ.
703 5421 722 5455 ›
769 5403 956 5477 Τούτῳ
987 5401 1079 5460 οὖν
1111 5407 1189 5480 τῷ
1217 5411 1418 5483 πτωχῷ
1455 5413 1484 5465 6
1520 5409 1653 5475 Θεὸς
1695 5411 1788 5464 καὶ
1818 5409 2006 5484 Πατὴρ

421 5490 592 5545 αὐτοῦ
637 5495 704 5564 τῇ
746 5494 909 5549 αὐτοῦ
939 5497 1319 5572 φιλανθρωπίᾳ
1341 5495 1448 5554 ’καὶ
1490 5500 1816 5574 χρηστότητι
1860 5500 2010 5572 ἡτοί-

507 5677 563 5752 ’ἶ
582 5678 723 5752 Psal.
778 5695 839 5746 ll,
880 5682 930 5748 '7,
965 5685 1018 5739 8.
1101 5683 1308 5739 “‘Psal.
1363 5701 1510 5750 LXXI,
1543 5683 1594 5739 6.
1676 5685 1719 5717 ²⁰
1749 5683 1912 5741 Marc.
1951 5702 2001 5752 ε,

2168 5685 2208 5718 ²¹
2241 5681 2429 5738 Matth.
2469 5698 2560 5747 xv,
2599 5681 2686 5736 18.

428 5761 504 5810 ιι,
534 5747 623 5803 29.

2111 1896 2366 1969 gentibus
2429 1892 2767 1951 constituit?
2821 1889 2963 1945 lluic
3001 1891 3186 1960 itaque
3242 1885 3543 1942 haereditati
3577 1900 3692 1941 suae

2109 1989 2414 2062 segregavit
2458 1988 2698 2059 pluviam
2727 1985 3092 2042 voluntariam
3125 2003 3138 2038 :
3172 1995 3342 2053 quare
3386 1978 3692 2035 de‘illo'di-

2110 2092 2260 2138 ctum
2318 2089 2402 2137 est
2440 2101 2452 2136 :
2494 2100 2514 2134 ι
2554 2078 2863 2134 Descendet
2920 2077 3065 2133 sicut
3093 2075 3277 2147 pluvia
3323 2073 3377 2126 in
3405 2071 3604 2134 vellus,
3639 2080 3695 2124 et

2111 2175 2254 2232 sicut
2286 2173 2565 2230 stillicidia
2620 2171 2884 2228 stillantia
2914 2185 3080 2240 super
3111 2178 3309 2223 terram
3355 2165 3419 2219 ”.
3443 2183 3461 2216 ι
3501 2162 3693 2217 Pluvia

2111 2275 2289 2322 autem
2318 2263 2627 2321 voluntaria
2655 2271 2771 2321 erat
2790 2262 3014 2318 verbum
3046 2257 3416 2332 evangelicum
3451 2297 3466 2322 ,
3490 2265 3543 2311 et
3565 2269 3697 2326 pra:-

2110 2357 2314 2412 dicatio
2340 2354 2473 2411 Novi
2505 2351 3116 2411 TestamentiEcclesize
3141 2348 3379 2421 gentium
3416 2340 3698 2400 tradita.E

2110 2463 2171 2503 re
2201 2445 2455 2518 adjicitur
2477 2444 2543 2499 ad
2577 2465 2596 2498 ι
2633 2444 2871 2515 pluviam
2898 2462 2916 2495 ι
2952 2440 3104 2510 illud,
3173 2459 3192 2492 ι
3231 2437 3633 2496 voluntariam:
3669 2453 3691 2488 ι

2112 2556 2238 2595 nam
2265 2556 2363 2611 per
2394 2538 2637 2610 Moysem
2694 2552 2804 2592 non
2867 2533 3238 2590 voluntarium
3278 2530 3522 2600 antiquis
3586 2527 3696 2582 illis

2111 2633 2433 2689 tradebatur
2452 2631 2701 2696 verbum,
2735 2629 2864 2701 quia
2891 2643 3001 2683 non
3030 2625 3332 2682 secundum
3365 2624 3540 2694 ipsius
3567 2637 3696 2678 sen-

2112 2726 2338 2780 tentiam
2364 2724 2454 2780 lex
2490 2721 2744 2779 dabatur.
2783 2718 3154 2786 Quamobrem
3185 2717 3308 2772 illos
3334 2714 3413 2771 sic
3443 2713 3697 2768 Salvator

2113 2817 2411 2887 alloquitur
2458 2835 2471 2870 :
2529 2833 2547 2867 ι
2581 2812 2798 2885 Moyses
2856 2810 2922 2864 ad
2976 2809 3238 2865 duritiam
3295 2805 3482 2863 cordis
3523 2804 3695 2860 vestri

2113 2910 2336 2980 scripsit
2380 2911 2448 2965 ³ο.
2486 2929 2506 2961 ι
2573 2908 2643 2963 At
2698 2907 2925 2963 verbum
2967 2901 3338 2974 evangelicum
3392 2897 3693 2955 secundum

2111 3007 2452 3061 voluntatem
2510 3008 2565 3056 ct
2623 2999 2948 3055 electionem
2996 2989 3091 3050 Dei
3144 3014 3162 3046 ι
3198 2989 3497 3047 ιιεειιεάἰιειί
3529 3009 3546 3042 ι
3577 2989 3696 3060 ejus

2113 3098 2372 3153 traditum
2395 3103 2478 3150 est
2505 3112 2519 3148 :
2546 3108 2709 3164 quam
2736 3091 3008 3147 infirmam
3038 3097 3120 3154 tu,
3150 3086 3350 3157 inquit,
3382 3083 3696 3155 perfecisti;

2118 3185 2420 3241 secundum
2473 3183 2762 3253 Aquilam,
2842 3201 2860 3233 (
2893 3181 3231 3235 laborantem
3262 3219 3278 3240 ,
3341 3177 3572 3248 inquit,
3636 3183 3696 3230 tu

2120 3276 2360 3332 fundasti
2415 3289 2576 3341 eam;
2637 3292 2656 3325 ι
2715 3271 3018 3328 secundum
3080 3269 3470 3342 Symmachum
3543 3282 3696 3330 vero,

2123 3387 2333 3444 «quam
2387 3367 2706 3432 elaborasti,
2761 3367 2978 3436 inquit,
3044 3373 3098 3420 et
3140 3361 3454 3418 fundasti.»
3512 3359 3700 3431 Neque

2117 3465 2305 3520 multis
2327 3478 2464 3534 opus
2511 3459 2858 3516 sermonibus
2901 3464 2986 3512 est
3031 3456 3099 3510 ad
3145 3452 3534 3510 declarandum
3589 3466 3700 3522 quo

2116 3569 2278 3630 pacto
2306 3556 2550 3628 gentium
2586 3552 2831 3607 Ecclesia
2883 3549 3093 3620 pridem
3120 3547 3358 3610 defessa,
3386 3544 3698 3600 laboribus-

2115 3664 2222 3720 que
2251 3646 2460 3702 erroris
2497 3643 2767 3699 idolorum
2802 3639 3052 3697 confecta
3086 3645 3252 3701 esset,
3288 3652 3352 3691 ac
3385 3649 3551 3704 supra
3571 3641 3699 3688 'mo-

2117 3739 2504 3802 duminfirma,
2535 3743 2594 3790 ut
2624 3735 2775 3790 nulla
2836 3731 2942 3804 ipsi
3003 3730 3178 3785 virtus
3232 3731 3565 3798 superesset.
3593 3722 3701 3778 Sed

2117 3837 2289 3906 ipsam
2327 3833 2586 3888 Servator
2627 3834 2940 3898 susceptam
2985 3823 3237 3895 perfecit,
3272 3821 3436 3890 inque
3461 3819 3618 3873 firma
3646 3825 3703 3872 et

2117 3927 2340 3982 immota
2367 3935 2522 3996 petra
2581 3922 2706 3977 fidei
2748 3934 2861 3997 sua;
2927 3915 3218 3972 fundavit:
3250 3913 3398 3985 quod
3435 3926 3494 3967 se
3529 3909 3706 3965 factu-

2115 4036 2236 4074 rum
2274 4018 2560 4090 pollicitus
2595 4024 2715 4071 erat
2747 4013 2979 4068 dicens:
3019 4029 3036 4061 σ
3079 4009 3254 4081 Supra
3290 4015 3500 4078 petram
3532 4004 3702 4060 aediﬁ-

2114 4110 2256 4171 cabo,
2300 4107 2600 4164 Ecclesiam
2637 4096 2838 4168 meam,
2871 4111 2925 4158 et
2958 4108 3129 4174 portae
3170 4099 3331 4155 inferi
3361 4113 3469 4152 non
3504 4109 3706 4167 praava-

2114 4204 2304 4259 lebunt
2336 4203 2603 4257 adversus
2631 4215 2773 4256 eam.
2809 4199 2876 4251 ¹¹.
2916 4215 2936 4248 ι
2962 4195 3262 4265 Postquam
3305 4205 3437 4246 vero
3459 4188 3706 4244 fundavit

2114 4306 2169 4353 et
2195 4295 2425 4368 perfecit
2456 4335 2470 4360 ,
2507 4292 2768 4348 animalia
2808 4303 2907 4344 sua
2933 4287 3181 4341 habitare
3219 4283 3344 4337 fecit
3376 4283 3432 4338 in
3463 4295 3549 4336 ea.
3574 4277 3706 4336 Ani-

2115 4391 2277 4445 malia
2305 4404 2435 4443 vero
2476 4385 2570 4440 Dei
2601 4398 2722 4455 quae
2768 4380 2976 4436 dixeris
3005 4393 3148 4441 esse,
3183 4375 3293 4430 nisi
3326 4373 3541 4430 animas
3591 4373 3704 4426 vita

2115 4495 2236 4551 qua:
2267 4479 2407 4549 apud
2440 4477 2620 4546 ipsum
2649 4483 2752 4536 est,
2779 4473 3080 4526 instructas
3109 4476 3162 4523 et
3191 4463 3539 4522 donatas?Et
3563 4464 3680 4520 haec

2108 4544 2318 4642 inquit,
2341 4544 2524 4624 omnia
2555 4580 2652 4635 per
2667 4561 3011 4619 dulcedinem
3026 4567 3080 4615 et
3108 4559 3505 4642 humanitatem
3528 4544 3704 4642 tuam:

2110 4666 2226 4721 sive
2268 4676 2368 4733 per
2397 4679 2416 4713 ι
2446 4659 2748 4714 bonitatem
2785 4661 2936 4708 tuam
2959 4674 2978 4706 ›
3014 4630 3316 4708 εεευήἀυιιι
3349 4651 3593 4722 reliquos
3617 4630 3705 4706 in:-

2109 4763 2398 4830 terpretes,
2417 4772 2435 4805 ι
2464 4751 2690 4825 pauperi
2723 4746 2961 4820 parasti.
2991 4766 3009 4800 ι
3029 4745 3334 4816 Pauperem
3373 4746 3460 4800 hic
3475 4746 3706 4817 mystice

2112 4861 2272 4909 vocat
2298 4848 2574 4904 hominem
2601 4841 2904 4898 Salvatoris
2931 4839 3108 4896 nostri
3133 4839 3435 4896 secundum
3459 4853 3701 4903 carnem,

2115 4944 2208 5017 qui
2237 4963 2256 4996 ι
2287 4956 2412 4996 cum
2438 4939 2590 4994 dives
2612 4944 2776 5001 esset,
2795 4949 2998 5005 egenus
3027 4939 3249 5003 propter
3272 4947 3373 4988 nos
3395 4931 3570 4986 factus
3595 4936 3702 4993 est,

2116 5046 2175 5092 ut
2208 5051 2311 5092 nos
2343 5035 2464 5104 ejus
2505 5029 2690 5101 inopia
2721 5027 2920 5084 divites
2945 5041 3198 5080 essemus
3227 5027 3294 5078 “.
3336 5045 3353 5076 ›
3377 5024 3545 5078 Suam
3575 5037 3704 5078 vero

2116 5133 2233 5202 ipse
2261 5127 2498 5199 inopiam
2532 5125 2617 5178 his
2649 5121 2834 5178 verbis
2865 5117 3164 5174 declaravit
3193 5135 3204 5170 :
3241 5136 3259 5168 ι
3297 5115 3502 5172 Discite
3527 5130 3556 5168 a
3592 5129 3698 5180 me,

2119 5223 2249 5295 quia
2280 5220 2430 5275 mitis
2464 5232 2586 5274 sum
2639 5223 2696 5270 et
2739 5211 2962 5268 humilis
2988 5211 3153 5266 Corde
3187 5210 3254 5264 ".
3296 5230 3314 5263 ι
3365 5206 3504 5263 Huic
3535 5205 3702 5276 igitur

2113 5313 2340 5394 pauperi
2378 5309 2523 5366 Deus
2544 5316 2597 5365 et
2627 5307 2787 5362 Pater
2809 5306 2929 5376 ejus
2948 5305 3284 5360 humanitate
3317 5317 3381 5355 ac
3410 5297 3702 5354 dulcedine

2111 5387 2213 5468 sua
2241 5402 2710 5477 praedictaomnia
2767 5396 3131 5470 praaparavit;
3180 5392 3428 5449 videlicet
3456 5387 3697 5458 pluviam

2114 5497 2511 5563 voluntariam,
2555 5493 2835 5566 praefatam
2873 5489 3244 5546 haereditate!“
3292 5491 3346 5538 et
3397 5492 3698 5536 memorata

2801 5681 2846 5710 "
2879 5676 2920 5729 ll
2951 5676 3076 5730 Cor.
3108 5685 3224 5735 viil,
3263 5669 3314 5724 9.
3431 5669 3478 5699 "
3503 5668 3690 5722 Matth.
