4062 6208
445 317 552 373 695

1145 314 1412 372 EUSEBII
1451 313 1928 372 CAESARIENSES
1969 317 2120 372 OPP.
2162 318 2340 372 PARS
2378 316 2464 373 lli.
2507 347 2575 357 —-—
2613 290 3034 372 EXEGETICA.

3607 318 3708 374 69.6

444 440 723 492 animalia.
759 433 1124 502 Quamobrem
1182 444 1306 506 post
1357 435 1476 492 haec
1517 437 1703 492 omnia
1735 435 1969 492 i‘nfertur
2005 454 2012 487 :

2133 455 2272 507 μασε
2320 436 2388 491 τὰ
2434 435 2803 508 προλεχθέντα
2836 435 3031 488 πᾶντα·
3064 433 3208 502 λέγω
3252 434 3310 488 δὲ
3339 433 3438 504 τὴν
3463 433 3710 489 ἑκούσιον

449 549 468 579 ι
492 526 704 582 Parasti
730 527 784 579 in
817 523 1108 582 dulcedine
1159 535 1252 580 tua
1280 528 1526 598 pauperi.
1583 527 1847 585 Dominus
1870 528 2022 583 dabit

439 620 666 674 verbum
693 617 1201 687 evangelizantibus
1231 621 1432 674 virtute
1464 621 1656 676 multa.
1697 641 1720 674 ν
1751 620 1876 676 Haec
1895 630 2026 676 sunt

439 709 699 778 przeclara
731 707 946 764 Domini
992 717 1182 779 opera,
1217 711 1309 780 qui
1370 711 1619 768 ascendit
1649 730 1816 785 super
1861 730 2024 770 occa-

438 819 582 857 sum.
610 800 882 869 Quoniam
916 818 1048 858 vero
1077 817 1142 857 ea
1171 802 1431 860 omnibus
1458 805 1729 860 declarari
1757 807 2022 878 oportuit,

438 895 492 949 id
516 895 680 950 etiam
717 895 840 965 ipse
897 894 1160 950 Dominus
1212 904 1337 965 post
1357 897 1566 966 reliqua
1611 900 1793 953 omnia
1838 899 2028 955 eﬂicit.

345 971 354 986 ’
436 987 721 1055 Quomodo
769 995 825 1042 et
867 1004 973 1060 qua
1006 988 1621 1046 rationc?llominibus
1668 993 1890 1063 quidem
1930 996 2022 1064 qui

437 1097 537 1135 nec
561 1080 842 1150 proprium
869 1082 1096 1136 verbum
1125 1098 1227 1137 nec
1257 1083 1534 1152 propriam
1564 1084 1890 1154 sapientiam
1925 1086 2025 1141 ba-

435 1176 586 1237 bent,
614 1173 710 1229 sed
740 1174 834 1244 qui
870 1176 1099 1229 omnino
1161 1177 1327 1232 rudes
1353 1185 1408 1232 et
1428 1177 1690 1232 ineruditi
1717 1185 1868 1240 sunt,
1907 1180 2024 1249 ipse

432 1265 662 1320 verbum
713 1265 1087 1336 suppeditabit
1131 1267 1352 1337 plenum
1412 1268 1771 1323 inenarrabili
1800 1269 2021 1322 virtute.

432 1355 538 1425 lpsi
599 1370 730 1411 vero
766 1357 1012 1412 roborati
1063 1365 1116 1412 et
1173 1359 1376 1414 tradito
1421 1361 1527 1414 sibi
1581 1361 1747 1415 verbo
1801 1360 2024 1426 diserti,

429 1461 712 1516 praecones
743 1447 1014 1502 bonorum
1069 1449 1242 1504 totius
1272 1451 1464 1505 mundi
1517 1451 1945 1513 constituentur,
1967 1461 2025 1504 ut

431 1550 733 1596 memorata
769 1539 1088 1598 hominibus
1141 1545 1402 1600 omnibus
1457 1546 1806 1600 annunticnt.
1843 1545 2027 1612 Quare

425 1641 831 1702 consequenter
860 1644 984 1704 post
1015 1637 1275 1704 praeclara
1329 1637 1422 1691 illa
1477 1635 1692 1692 Domini
1726 1653 1893 1709 opera
1928 1639 2024 1693 ad-

425 1724 617 1793 jicitur
642 1723 775 1778 illud
821 1744 836 1778 :

2128 529 2346 600 βροχὴν,
2375 527 2472 598 τὴν
2494 526 2823 598 δηλωθείσαν
2845 524 3230 597 κληρονομίαν,
3253 523 3321 576 τὰ
3346 523 3709 595 προλεχθέντα

2125 621 2260 686 ζῶα.
2297 619 2388 672 Διὸ
2429 621 2539 682 τοίς
2586 620 2751 671 πᾶσιν
2788 619 3142 688 ἐπενήνεκται
3177 615 3275 679 τὸ,
3313 633 3334 668 ε
3376 615 3708 685 Ἡτοίμαοας

2125 715 2183 765 ἐν
2228 715 2293 782 τῇ
2328 710 2656 782 χρηστότητί
2706 725 2800 762 σου
2843 707 2919 780 τῷ
2964 707 3184 778 πτωχῷ.
3228 707 3433 780 Κύριος
3461 707 3622 761 δώσει
3650 707 3711 760 τὸ

2127 805 2276 874 ῥῆμα
2325 804 2438 865 τοῖς
2485 801 2994 872 εύαγγελιζομένοις
3040 800 3269 870 δυνάμει
3319 799 3510 871 πολλῇ.
3565 819 3586 852 ι
3627 800 3710 852 Τὰ

2131 897 2227 966 μὲν
2293 892 2694 966 κατορθώματα
2743 891 2837 946 τοῦ
2891 891 3282 962 ἐπιϐεϐηκότος
3335 892 3428 945 ἐπὶ
3488 892 3710 964 δυσμῶν

2126 987 2334 1058 Κυρίου
2361 985 2606 1040 τοιαῦτα.
2649 985 2803 1038 Ἐπεὶ
2831 985 2875 1037 δ’
2909 985 3075 1056 ἐχρῆν
3100 983 3240 1038 αύτά
3271 982 3574 1048 ἐξάκουστα
3603 987 3710 1038 πᾶ-

2127 1097 2211 1132 σιν
2248 1077 2555 1150 ἀνθρώποις
2585 1076 2858 1146 γενέσθαι,
2906 1076 3068 1130 πάλιν
3101 1079 3129 1129 6
3170 1077 3334 1140 αὐτὸς
3372 1075 3576 1149 Κύριος
3611 1081 3708 1132 καὶ

2123 1173 2283 1225 τοῦτο
2323 1171 2464 1244 πρὸς
2503 1171 2620 1234 τοῖς
2661 1168 2842 1232 ἀλλοις
2885 1169 3139 1223 ἐπιτελεῖ.
3189 1167 3315 1230 Πῶς
3349 1168 3407 1221 δὲ
3454 1170 3549 1222 καὶ
3586 1169 3709 1222 τίνα

2123 1265 2354 1337 τρόπονς
2412 1261 2744 1334 Ἀνθρώποις
2793 1263 2866 1332 μὴ
2906 1261 3120 1332 ἔχουσιν
3171 1261 3302 1314 ἴδιον
3347 1260 3539 1330 λόγον,
3569 1262 3706 1333 μηδὲ

2124 1356 2331 1410 οἰκείαν
2382 1354 2594 1425 σοφίαν,
2632 1353 2912 1417 παντελῶς
2955 1353 3010 1406 δὲ
3061 1351 3301 1415 ἰδιώταις
3341 1353 3704 1424 ἀνεπιστήμο-

2128 1464 2231 1511 σιν,
2279 1445 2441 1506 αὐτὸς
2485 1443 2876 1516 ἐπιχορηγήσει
2928 1443 3080 1514 ῥῆμα
3115 1443 3310 1514 μεστὸν
3355 1442 3556 1511 ἁφάτου
3603 1445 3700 1498 καὶ

2125 1539 2327 1611 πολλῆς
2366 1539 2664 1609 δυνάμεως.
2715 1539 2778 1591 Οἱ
2819 1536 2876 1590 δὲ
2920 1536 3328 1608 δυναμωθέντες
3365 1537 3459 1592 καὶ
3491 1553 3697 1607 στομω-

2125 1631 2312 1695 θέντες
2346 1631 2449 1684 ὑπὸ
2477 1629 2569 1684 τοῦ
2607 1627 2942 1700 δωρηθέντος
2973 1629 3156 1692 αὐτοῖς
3191 1630 3434 1700 ῥήματος
3466 1630 3701 1700 κήρυκες

2125 1724 2344 1794 ἀγαθῶν
2390 1722 2482 1776 τοῦ
2527 1721 2727 1786 παντὸς
2771 1720 2976 1793 κόσμου
3009 1721 3448 1793 καταστήσονται
3474 1722 3704 1790 εὐαγγε-

429 1816 700 1888 λιζόμενοι
751 1821 915 1872 πᾶσιν
964 1821 1275 1892 ἀνθρώποις
1321 1823 1388 1876 τὰ
1439 1823 1872 1896 προλελεγμένα.
1926 1824 2018 1876 Διὸ
2057 1819 2367 1882 ἀκολούθως
2403 1823 2516 1882 τοῖς
2558 1816 2651 1871 τοῦ
2686 1817 2892 1872 Κυοίου
2961 1815 3381 1888 κατορθώμασιν
3449 1819 3707 1890 ἐπενήνε-

429 1926 554 1964 κται
578 1913 640 1964 τό
669 1930 682 1942 ·

506 2049 524 2079 ι
560 2029 826 2088 Dominus
849 2035 1001 2088 dabit
1025 2037 1250 2091 verbum
1280 2039 1786 2109 evangelizantibus
1820 2040 2012 2095 virtute

2200 2057 2218 2089 ι
2272 2034 2476 2107 Κύριος
2522 2033 2680 2086 δώσει
2720 2032 2868 2104 ῥῆμα
2915 2034 3031 2094 τοῖς
3067 2031 3573 2103 εύαγγελιζομένοις
3607 2031 3702 2086 δυ-

431 2122 620 2176 nmlta.
663 2143 680 2174 ι
703 2123 1086 2180 Necessarium
1115 2143 1247 2180 vero
1291 2127 1394 2182 fuit
1425 2131 1474 2184 id
1512 2147 1612 2186 nos
1645 2147 2001 2202 cognoscere,

427 2217 557 2284 quia
579 2218 837 2288 superius
865 2219 1087 2287 quidam
1129 2219 1274 2290 jussi
1307 2230 1435 2276 sunt
1464 2205 1664 2278 canere
1694 2236 1747 2279 et
1780 2225 2016 2294 psallere

426 2304 561 2371 Deo,
595 2306 808 2375 iterque
842 2307 1021 2363 facere
1054 2308 1102 2363 ei
1128 2310 1220 2380 qui
1250 2312 1502 2366 ascendit
1529 2329 1695 2384 super
1717 2330 2012 2370 occasum:

428 2396 590 2466 idque
621 2395 863 2452 declarat
919 2399 1110 2455 dicens
1148 2420 1169 2454 :0
1200 2420 1218 2453 ι
1274 2400 1537 2460 Dominus
1586 2406 1738 2461 dabit
1789 2407 2014 2462 verbum

427 2489 931 2558 evangelizantibus
971 2491 1173 2548 virtute
1223 2495 1410 2549 multa.
1455 2515 1476 2548 ›
1524 2495 1620 2551 His
1663 2499 1809 2552 enim
1843 2515 2014 2554 evan-

425 2579 812 2649 gelizautibus,
840 2583 932 2652 qui
969 2599 1072 2637 suo
1091 2584 1159 2638 ad
1186 2585 1437 2641 homines
1459 2589 1719 2643 transilui
1752 2589 1896 2644 viam
1925 2607 2017 2660 pa-

428 2671 651 2735 rabunt,
694 2671 812 2742 ipse
846 2674 940 2745 qui
981 2676 1395 2730 annuutiandus
1426 2678 1495 2732 ab
1548 2679 1684 2748 ipsis
1726 2690 1830 2740 est.
1863 2680 2015 2736 dabit

428 2765 651 2822 verbum
684 2765 953 2822 divinum.
986 2767 1122 2823 Nam
1153 2768 1310 2823 multi
1369 2779 1525 2824 erant
1569 2771 1816 2839 ejusdem
1860 2775 2014 2828 verbi

425 2872 660 2928 capaces
690 2873 814 2913 cum
847 2860 1050 2914 virtute
1081 2861 1250 2914 multa
1278 2880 1292 2915 :
1323 2877 1691 2933 magnumque
1725 2865 1860 2934 ipsis
1898 2876 2016 2920 erat

427 2950 740 3020 bujusmodi
771 2953 1019 3009 verbum.
1052 2954 1196 3023 quod
1229 2953 1295 3007 ad
1336 2951 1616 3024 Evangelii
1647 2956 2012 3012 ministerium

427 3045 719 3102 sumceret.
763 3045 886 3118 ipse
927 3062 1164 3118 namque
1220 3046 1488 3103 Dominus
1541 3048 1845 3118 perfectum
1895 3059 2013 3104 erat

421 3134 520 3193 Dei
552 3137 814 3193 Verbum.
843 3137 883 3191 li
916 3154 1046 3193 vero
1077 3141 1170 3210 qui
1197 3140 1422 3194 verbum
1482 3150 1814 3211 acceperunt
1860 3141 2010 3196 brevi

423 3227 667 3300 quodam
718 3229 940 3285 virtutis
977 3231 1098 3302 ejus
1148 3230 1329 3285 amatu
1369 3231 1598 3302 dignati,
1646 3232 1849 3286 virtute
1887 3248 2010 3286 cum

422 3322 597 3375 multa
618 3321 1003 3392 prmdicantes,
1030 3323 1349 3378 universum
1374 3323 1561 3378 orbem
1602 3322 1894 3394 Evangelio
1924 3341 2011 3380 re-

422 3415 712 3484 pleverunt
750 3413 940 3484 :quod
971 3415 1089 3485 ipse
1120 3415 1312 3471 iisdem
1363 3415 1640 3486 pollicitus
1690 3415 1777 3471 bis
1827 3417 2010 3471 verbis

423 3514 542 3560 erat
575 3525 587 3559 :
630 3524 648 3556 ι
676 3503 789 3560 Vos
817 3517 996 3561 autem
1027 3507 1310 3578 accipietis
1337 3507 1594 3562 virtutem
1620 3509 2011 3578 supervenien-

426 3599 496 3654 Iis
533 3598 780 3670 Spiritus
819 3599 996 3654 sancti
1026 3600 1082 3653 in
1127 3615 1224 3653 vos
1247 3599 1328 3664 ἰς
1363 3619 1381 3650 ι
1415 3597 1727 3653 Secundum
1761 3599 2011 3671 Symma-

422 3691 586 3746 cbum
645 3700 880 3746 autem:
949 3711 968 3743 c
1033 3689 1320 3752 Dominus.
1393 3691 1592 3761 inquit,
1647 3692 1796 3746 dedit
1842 3694 2008 3748 verba

424 3785 827 3854 evangeiizanti
854 3785 1122 3840 exercitui
1151 3785 1346 3840 multo.
1393 3804 1410 3836 ι
1441 3784 1637 3856 lugens
1660 3794 1840 3840 autem
1892 3797 2010 3841 erat

424 3878 728 3934 Salvatoris
757 3878 930 3934 nostri
959 3878 1255 3944 exercitus,
1305 3894 1496 3932 eorum
1558 3878 1769 3934 scilicet
1808 3879 2010 3950 quibus

424 3971 590 4025 verba
640 3971 732 4024 illa
763 3969 889 4023 data
923 3979 976 4024 ct
1019 3969 1341 4022 annuntiata
1381 3967 1644 4035 fuerant;
1683 3968 1860 4039 primo
1881 3970 2002 4040 qui-

423 4060 546 4116 dem
582 4060 956 4128 apostolorum
992 4058 1280 4112 duodecim
1305 4077 1319 4123 ;
1346 4059 1590 4114 secundo
1609 4061 2005 4130 discipulorum

421 4151 804 4222 septuaginta;
849 4157 1047 4222 pra2ter
1089 4149 1204 4204 haec
1241 4165 1371 4206 vero
1403 4151 1637 4204 aliorum
1683 4154 2008 4224 quingento-

422 4257 568 4304 rum,
593 4241 796 4313 quibus
821 4241 988 4296 simul
1017 4247 1142 4310 post
1167 4241 1629 4297 resurrectionem
1658 4245 1931 4314 apparuit,
1951 4257 2008 4299 ut

421 4333 642 4389 divinus
689 4331 987 4404 Apostolus
1013 4331 1341 4407 testiﬁcatur
1372 4332 1458 4386 his
1481 4334 1663 4388 verbis
1698 4354 1712 4390 :
1748 4355 1766 4387 ι
1804 4335 2008 4392 Deinde

420 4428 571 4482 visus
594 4434 679 4482 est
720 4427 844 4498 plus
862 4440 1025 4495 quam
1067 4425 1384 4495 quingentis
1418 4423 1680 4480 fratribus
1703 4428 1865 4483 simul
1900 4445 1912 4483 :
1942 4443 2008 4483 ex

415 4519 621 4588 quibus
651 4518 809 4571 multi
859 4526 1084 4573 manent
1115 4533 1289 4587 usque
1335 4517 1535 4583 adhuc,
1567 4520 1787 4590 quidam
1825 4531 2006 4576 autem

418 4609 764 4664 dormierunt
793 4612 878 4677 ";
916 4629 935 4661 ι
961 4620 1152 4680 postea
1183 4611 1466 4681 subjungit
1497 4629 1508 4665 :
1558 4630 1577 4664 ι
1615 4611 1820 4669 Deinde
1853 4614 2006 4670 visus

420 4709 507 4755 est
562 4703 824 4773 apostolis
880 4703 1137 4757 omnibus
1170 4704 1239 4755 ἀ.
1283 4722 1302 4754 ι
1364 4703 1431 4756 Et
1474 4711 1630 4758 erant
1684 4721 1816 4761 sane
1877 4722 2001 4760 cum

421 4793 532 4847 illis
569 4793 880 4853 duodecim,
933 4809 1059 4848 cum
1099 4794 1206 4850 illis
1248 4795 1621 4866 septuaginta,
1654 4805 1709 4852 et
1739 4814 1862 4853 cum
1898 4799 2004 4854 illis

419 4883 755 4953 quingentis,
813 4885 904 4939 alii
953 4885 1092 4940 bene
1143 4885 1298 4939 multi
1362 4886 1642 4957 Evangelii
1700 4905 2001 4959 precones,

421 4973 744 5044 apostolicis
792 4974 1154 5043 temporibus,
1197 4981 1404 5046 etpost
1460 4977 1583 5032 illos
1633 4978 1747 5042 alii,
1777 4979 1870 5048 qui
1907 4995 2006 5049 per

419 5071 593 5118 totum
619 5066 805 5119 orbem
842 5067 895 5119 in
925 5065 1184 5120 Ecclesiis
1203 5063 1555 5139 Evangelium
1586 5070 1708 5138 ejus
1737 5073 2003 5140 praedica-

422 5162 573 5219 runt,
599 5155 802 5228 quibus
837 5171 931 5211 rex
967 5157 1232 5212 virtutum
1282 5157 1475 5215 Diiecti
1510 5161 1764 5216 virtutem
1802 5180 2000 5235 suppe-

422 5245 654 5303 ditabat.
687 5245 824 5301 Aliae
853 5247 982 5301 item
1023 5255 1220 5316 ιιι-αξιοι·
1266 5249 1388 5305 illas
1420 5260 1577 5306 erant
1603 5251 1797 5308 Dilecti
1825 5257 2000 5311 virtu-

421 5346 526 5400 tes,
552 5338 808 5392 cmlestes
845 5339 1105 5393 nimirum
1143 5341 1439 5407 exercitus,
1468 5345 1668 5414 angeli.
1704 5348 2004 5417 archange-

421 5428 458 5480 li
487 5435 541 5482 et
570 5430 741 5484 divini
768 5430 1012 5501 spiritus.
1048 5428 1141 5484 Ha:
1163 5431 1402 5489 virtutes
1424 5432 1616 5491 Dilecti
1641 5445 1819 5494 erant.
1853 5438 2000 5507 Qua-

489 5582 537 5617 “
559 5584 683 5640 Act.
723 5603 763 5650 ι,
797 5589 850 5642 8.
927 5588 1013 5640 ²⁸1
1045 5587 1172 5642 Cor.
1212 5604 1300 5651 xv,
1343 5589 1397 5643 6.
1474 5591 1518 5624 ¹⁶
1543 5592 1670 5647 ibid.
1703 5594 1748 5648 7.

495 5742 570 5812 ﬁt)
616 5741 859 5812 Drusius,
891 5744 1425 5815 εύαγγελιζόμὲνοις.

2116 2130 2276 2202 νάμει
2320 2127 2509 2198 πολλῇ.
2549 2145 2566 2177 ι
2613 2126 2933 2193 Ἀναγκαῖον
2973 2125 3029 2178 δὲ
3076 2120 3144 2196 ἧν
3185 2124 3387 2193 γνῶναι
3418 2127 3566 2196 ἡμᾶς
3607 2127 3703 2178 καὶ

2117 2226 2292 2278 τοῦτο.
2348 2219 2567 2291 Ἐπειδὴ
2611 2219 2867 2291 ἀνωτέρω
2923 2216 3320 2289 παρεκελεύετό
3365 2234 3507 2270 τισιν
3554 2217 3703 2289 ᾄδειν

2117 2317 2213 2372 καὶ
2258 2315 2482 2386 ψάλλειν
2523 2311 2600 2384 τῷ
2641 2311 2780 2382 Θεῷ,
2823 2311 3090 2364 ὁδοποιεῖν
3139 2327 3198 2363 τε
3239 2309 3317 2379 τῷ
3351 2308 3700 2378 ἐπιϐεϐηκότι

2116 2411 2208 2464 ἐπὶ
2259 2407 2515 2479 δυσμῶν,
2565 2404 2912 2477 παρέστησεν
2968 2401 3164 2456 εἰπών·
3217 2421 3235 2453 ι
3288 2402 3495 2473 Κύριος
3536 2402 3700 2455 δώσει

2117 2503 2270 2574 ῥῆμα
2304 2504 2416 2564 τοῖς
2450 2496 2962 2567 εύαγγελιζομένοις
3004 2493 3233 2564 δυνάμει
3277 2493 3467 2564 πολλῇ.
3508 2511 3526 2544 ι
3558 2492 3698 2546 Τού-

2113 2611 2228 2657 τοις
2260 2592 2370 2664 γὰρ
2399 2595 2512 2655 τοῖς
2539 2586 3051 2659 εὐαγγελιζομένοις
3072 2586 3167 2640 καὶ
3189 2578 3523 2638 ὁδόποιοῦσιν
3549 2583 3702 2655 αύτῷ

2113 2685 2212 2758 τὴν
2238 2687 2318 2748 εἰς
2341 2683 2436 2737 ἀνθ
2447 2683 2660 2755 ρώπους
2689 2679 2920 2750 πάροδον
2935 2677 3097 2741 αὐτὸς
3121 2679 3149 2730 6
3182 2677 3317 2749 πρὸς
3343 2677 3522 2731 αὐτῶν
3566 2695 3702 2732 κατ-

2115 2777 2509 2848 αγγελλόμενος
2568 2773 2728 2826 δώσει
2796 2771 2946 2844 ῥῆμα
3021 2769 3221 2823 θεῖκόν.
3279 2770 3534 2824 Τοσοῦτοι
3587 2769 3700 2839 γὰρ

2112 2861 2252 2939 ἦσαν
2302 2863 2598 2937 χωρητικοὶ
2645 2861 2740 2916 σὺν
2786 2859 2954 2931 πολλῇ
2991 2860 3250 2932 δυνάμει·
3292 2861 3387 2914 καὶ
3432 2861 3572 2931 μέγα
3623 2857 3693 2930 ἦν

2115 2963 2299 3024 αὐτοῖς
2326 2960 2476 3012 τουτὶ
2500 2957 2560 3011 τὸ
2594 2956 2744 3028 ῥῆμα
2772 2955 2866 3008 καὶ
2904 2953 3176 3026 αὔταρκες
3205 2956 3284 3019 εἰς
3312 2953 3411 3025 τὴν
3450 2953 3542 3008 τοῦ
3589 2954 3698 3006 Εὐ-

2113 3049 2366 3120 αγγελίου
2411 3048 2709 3102 διακονίαν.
2760 3045 2929 3109 Αὐτὸς
2966 3045 3066 3116 μὲν
3111 3043 3216 3117 γὰρ
3247 3045 3276 3097 6
3304 3044 3510 3114 Κύριος
3552 3046 3581 3097 6
3610 3043 3700 3096 ri-

2112 3143 2255 3205 λειος
2300 3137 2368 3213 ἦν
2400 3139 2494 3193 τοῦ
2538 3138 2673 3192 Θεοῦ
2708 3139 2899 3207 Λόγος.
2940 3138 3003 3190 Οἱ
3034 3136 3091 3189 δὲ
3127 3135 3280 3207 ῥῆμα
3317 3134 3574 3198 λαϐόντες
3603 3137 3696 3187 καὶ

2114 3224 2371 3308 βραχείας
2398 3233 2541 3298 τινὸς
2563 3233 2662 3303 τῆς
2689 3231 2851 3284 αὐτοῦ
2873 3231 3151 3300 δυνάμεως
3177 3227 3528 3299 ἐμπνεύσεως
3567 3245 3696 3280 κατ’

2113 3326 2434 3394 ἀξιωθέντες
2463 3324 2563 3396 τὴν
2618 3324 2908 3394 σύμπασαν
2951 3321 3222 3392 ἐπλήρουν
3249 3320 3573 3391 οἰκουμένην
3599 3319 3697 3372 τοῦ

2114 3417 2446 3488 Εύαγγελίου
2490 3418 2586 3471 σὺν
2629 3415 2794 3486 πολλῇ
2841 3413 3067 3484 δυνάμει
3111 3411 3492 3484 κηρύττοντες.
3526 3411 3696 3465 Τοῦτο

2113 3513 2242 3581 γοῦν
2271 3511 2363 3565 καὶ
2397 3509 2700 3581 ἐπήγγελτο
2733 3511 2914 3572 αὐτοῖς
2934 3509 3000 3560 δι’
3026 3506 3218 3562 ἑαυτοῦ
3243 3508 3442 3576 φήσας·
3464 3527 3482 3557 ι
3506 3506 3696 3577 Ὑμεῖς

2113 3607 2170 3660 δέ
2200 3605 2436 3676 λήψεσθε
2468 3603 2697 3674 δύναμιν
2725 3601 3042 3664 ἐπελθόντος
3068 3599 3162 3654 τοῦ
3193 3599 3348 3668 ἁγίου
3377 3597 3688 3667 Πνεύματος

2101 3695 2198 3767 ’ἐφ’
2228 3698 2393 3769 ὑμᾶς.
2429 3715 2447 3747 ι
2475 3696 2633 3748 Κατά
2661 3695 2716 3748 δέ
2742 3693 2832 3748 τὸν
2856 3693 3174 3764 Σύμμαχον,
3206 3712 3225 3743 ι
3258 3691 3472 3762 Κύριος,
3497 3690 3681 3758 φησὶν,

2111 3789 2277 3842 ἔδωκε
2331 3790 2516 3860 ῥήσεις
2547 3787 2624 3856 (1)
2660 3784 3116 3857 εύαγγελιξομένῃ
3155 3784 3375 3857 στρατιᾷ
3417 3780 3607 3850 πολλῇ.
3661 3799 3678 3830 ι

2110 3879 2345 3951 Στρατιὰ
2377 3874 2521 3950 δὲῆν
2551 3875 2720 3947 πολλὴ
2745 3875 2837 3929 τοῦ
2871 3875 3122 3947 Σωτῆρος
3150 3873 3306 3946 ἡμῶν
3332 3874 3364 3944 ἡ
3393 3870 3500 3924 τῶν
3533 3871 3689 3938 εὐαγ-

2111 3970 2476 4041 γελιζομένων
2507 3969 2605 4032 τὰς
2633 3968 2878 4032 δοθείσας
2902 3969 3084 4030 αὐτοῖς
3115 3968 3322 4039 ῥήσεις,
3347 3962 3560 4035 πρῶτον
3595 3964 3693 4034 μὲν

2111 4063 2423 4116 ἀποστόλων
2473 4060 2562 4114 t6"
2606 4061 2796 4114 ἔπειτα
2842 4059 3097 4132 μαθητῶν
3129 4059 3191 4112 ο’·
3228 4060 3323 4113 καὶ
3362 4059 3453 4110 ἐπὶ
3485 4056 3695 4120 τούτοις

2111 4152 2312 4223 ἐτέρων
2349 4159 2420 4222 φ’,
2468 4148 2548 4214 οἷς
2579 4151 2790 4222 ἁθρόως
2830 4152 3002 4220 ἐφάνη
3052 4149 3191 4221 μετὰ
3236 4150 3337 4220 τὴν
3374 4147 3692 4208 ἀνάστασιν,

2110 4244 2186 4309 ὡς
2214 4246 2243 4297 6
2278 4243 2416 4309 θεῖος
2451 4242 2832 4316 ἐμαρτύρησεν
2859 4243 3177 4306 Ἀπόστολος
3201 4241 3390 4296 εἰπών’
3415 4262 3433 4293 ι
3462 4242 3694 4294 Ἔπειτα

2111 4335 2267 4406 ὤφθη
2301 4335 2487 4389 ἐπάνω
2522 4342 2575 4405 φ’
2602 4335 2851 4405 ἀδελφοῖς
2880 4333 3116 4403 ἐφάπαξ·
3153 4331 3212 4399 ἐξ
3253 4326 3330 4386 ὦν
3369 4333 3417 4384 οἱ
3450 4330 3697 4393 πλείονες

2115 4429 2336 4501 μένουσι
2380 4429 2486 4493 ἐως
2533 4429 2688 4499 ἄρτι,
2722 4430 2864 4491 τινὲς
2902 4428 2958 4482 δὲ
3004 4429 3096 4482 καὶ
3131 4427 3520 4498 ἐκοιμήθησαν·
3561 4443 3578 4475 ι
3613 4417 3697 4486 οἷς

2110 4522 2369 4591 ἐπιλέγει·
2424 4539 2442 4572 ι
2477 4523 2706 4575 Ἔπειτα
2751 4519 2907 4592 ὤφθη
2941 4523 3052 4584 τοῖς
3099 4519 3416 4581 ἀποστόλοις
3445 4518 3631 4570 πᾶσιν.
3669 4534 3689 4565 ›

2109 4610 2288 4668 τΗσαν
2319 4614 2427 4685 γὰρ
2457 4615 2576 4682 (sic)
2605 4609 2746 4684 ἦσαν
2790 4613 2883 4666 καὶ
2931 4613 3067 4684 μετά
3118 4614 3244 4675 τοὺς
3292 4611 3379 4676 ιϐ’,
3414 4610 3513 4663 καὶ
3555 4607 3693 4679 μετὰ

2107 4707 2235 4768 τοὺς
2283 4712 2347 4768 ο’,
2393 4706 2486 4758 καὶ
2542 4703 2681 4776 μετά
2712 4704 2839 4767 τοὺς
2882 4710 2931 4772 φ’
2961 4704 3138 4776 ἕτεροι
3187 4703 3410 4766 πλείους
3451 4701 3696 4772 κήρυκες

2110 4796 2202 4848 τοῦ
2231 4795 2585 4864 Εὑαγγελὶου,
2635 4795 2777 4848 κατά
2803 4812 2861 4847 τε
2897 4796 3022 4857 τοὺς
3053 4793 3275 4864 χρόνους
3305 4793 3432 4856 τοὺς
3465 4791 3694 4844 ἀποστο-

2109 4888 2316 4952 λικοὺς,
2349 4889 2443 4942 καὶ
2481 4889 2595 4959 μετ’
2631 4888 2872 4952 ἐκείνους
2911 4888 3086 4958 ἕτεροι
3122 4887 3172 4938 οἱ
3215 4884 3356 4939 κατά
3393 4885 3573 4936 πᾶσαν
3594 4879 3694 4950 τὴν

2109 4982 2431 5054 οἰκουμένην
2467 4984 2524 5034 ἐν
2561 4985 2682 5046 ταῖς
2716 4979 3062 5050 Ἐκκλησίαις
3085 4977 3251 5032 αύτοῦ
3271 4977 3333 5031 τὸ
3364 4974 3694 5044 Εύαγγέλιον

2109 5075 2276 5129 αὐτοῦ
2301 5093 2370 5147 κη
2381 5075 2680 5146 ρύττοντες,
2705 5068 2785 5137 οἷς
2808 5077 2836 5128 ό
2866 5072 3117 5144 βασιλεὺς
3149 5071 3256 5125 τῶν
3290 5070 3570 5140 δυνάμεων
3594 5065 3692 5138 τὴν

2107 5166 2199 5219 τοῦ
2237 5166 2544 5238 Ἀγαπητοῦ
2590 5166 2817 5237 δύναμιν
2869 5167 3140 5236 ἐχορήγει.
3180 5164 3404 5232 ’Έτεραι
3444 5160 3501 5214 δὲ
3542 5159 3692 5229 παρά

2108 5257 2331 5320 ταύταις
2358 5258 2451 5312 τοῦ
2489 5257 2796 5328 Ἀγαπητοῦ
2821 5257 3080 5328 δυνάμεις
3111 5252 3251 5328 ἦσαν
3287 5257 3341 5310 αἱ
3373 5255 3494 5307 κατ’
3527 5253 3692 5323 ούρα-

2107 5351 2196 5403 νὺν
2226 5352 2495 5424 στρατιαὶ,
2525 5352 2744 5421 ἄγγελοι
2779 5353 2872 5404 καὶ
2902 5348 3256 5422 ἀρχάγγελοι,
3279 5346 3374 5400 καὶ
3403 5344 3694 5418 πνεύματα

2109 5444 2246 5498 θεῖα.
2284 5439 2453 5499 Λῦται
2496 5444 2604 5517 γὰρ
2645 5439 2786 5515 ἦσαν
2827 5447 2882 5498 αἱ
2919 5443 3176 5515 δυνάμεις
3217 5440 3312 5496 τοῦ
3354 5437 3693 5512 Ἀγαπητοῢ.
