4024 6210
263 334 376 391 697

1399 323 1903 382 COMMENTARIA
1940 323 2006 380 IN
2046 325 2387 385 PSALMOS.

3431 329 3537 385 €98

264 455 359 512 Διὸ
388 453 600 527 Κύριος
637 451 747 506 τῶν
786 450 1071 523 δυνάμεων
1107 449 1488 520 ἀνηγόρευται.
1547 447 1826 520 Ἀγαπητὸη

1956 463 2015 504 re
2045 447 2310 505 Dominus
2343 449 2606 505 virtutum
2650 459 2900 508 vocatur.
2949 451 3192 514 Dilectus
3219 459 3398 506 autem
3434 451 3532 506 Dei

260 547 322 602 δέ
341 546 440 601 τοῦ
469 546 607 600 Θεοῦ
637 545 722 609 τίς
746 541 815 617 ἦν
842 545 875 617 ἦ
918 546 947 597 6
974 541 1285 614 Μονογενὴς
1319 541 1446 606 Υἱὸς
1478 540 1570 595 τοῦ
1596 539 1763 605 Θεοῦ;
1799 533 1844 609 ᾧ

260 644 294 713 ἡ
335 641 576 712 πατρικὴ
608 639 760 708 φωνὴ
791 635 1090 709 ἐμαρτύρει
1139 635 1358 708 φήσασα
1381 652 1394 665 ο
1428 653 1448 686 t
1489 629 1658 698 Οὗτός
1698 634 1844 687 ἐστιν

258 735 290 788 6
340 731 472 795 Υἱός
524 749 625 802 μου
671 732 700 783 ὁ
738 729 1042 801 ἀγαπητὸς,
1077 730 1158 792 εἰς
1197 727 1256 780 ὃν
1297 725 1594 798 ηὐδόκησαο
1631 746 1649 778 i
1677 717 1844 786 Οὗτος

255 820 442 874 τοίνυν
485 821 515 871 ὁ
559 818 816 889 βασιλεὺς
861 819 972 873 τῶν
1015 818 1110 872 τοῦ
1168 817 1477 890 ’Δγαπητοῦ
1517 817 1801 887 δυνάμεων
1825 853 1840 877 ,

257 912 453 984 ὥσπερ
493 914 614 974 ταῖς
662 913 786 965 κατ’
833 911 1058 983 οὐρανὸν
1106 910 1400 982 δυνάμεσιν
1452 911 1704 983 ἐχορήγει
1743 911 1844 974 τὰς

255 1004 452 1061 ἑαυτοῦ
487 1005 828 1076 εὐεργεσίας,
864 1005 1038 1068 οὕτως
1074 1005 1170 1060 καὶ
1205 1008 1318 1068 τοῖς
1347 1005 1440 1057 ἐπὶ
1470 1004 1573 1075 γῆς
1614 1004 1843 1073 εὐαγγε-

255 1102 565 1174 λιζομένοις
600 1100 783 1154 δίδωσι
807 1099 870 1152 τὸ
905 1097 1257 1174 εὐαγγελικὸν
1294 1097 1446 1168 ῥῆμα
1485 1095 1581 1149 σὺν
1615 1095 1842 1166 δυνάμει

254 1196 450 1266 πολλῇ.
485 1194 595 1248 Καὶ
619 1193 774 1248 αὐτοὶ
809 1193 868 1246 δὲ
899 1173 1048 1247 οὗτοι·
1071 1193 1121 1245 οἱ
1154 1191 1247 1244 ἐπὶ
1281 1189 1386 1261 γῆς
1417 1190 1668 1261 στρατιαὶ
1698 1184 1840 1259 ἦσαν

253 1288 423 1345 αὐτοῦ
465 1287 562 1342 καὶ
610 1285 871 1357 δυνάμεις
911 1282 1098 1338 αὑτοῦ.
1126 1281 1217 1336 Διὸ
1252 1279 1392 1334 κατά
1419 1279 1509 1334 τὸν
1546 1279 1839 1351 Σύμμαχον

252 1381 525 1437 λέλεκται⁹
565 1397 583 1429 t
615 1375 868 1438 Βασιλεῖς
896 1374 1005 1428 τῶν
1047 1372 1346 1445 στρατειῶν
1385 1370 1772 1443 ἠγαπήθησαν,
1812 1388 1830 1421 i

249 1475 307 1546 ἦ,
353 1471 634 1542 ἀγαπητοὶ
685 1470 951 1538 ἐγένοντο.
993 1466 1215 1530 Τούτοις
1256 1466 1314 1518 δὲ
1355 1466 1536 1529 αὐτοῖς
1580 1465 1674 1518 καὶ
1711 1463 1838 1518 ἄλλο

248 1566 500 1638 χάρισμα
532 1563 872 1635 ἐδωρήσατο·
896 1559 1055 1614 τοῦτο
1094 1560 1151 1612 δέ
1182 1555 1250 1630 ἦν
1279 1557 1340 1611 τὸ
1370 1557 1642 1614 διελέσθαι
1664 1556 1836 1610 σκύλα

247 1661 331 1723 είς
372 1658 684 1730 ὡραιότητα
721 1655 816 1708 τοῦ
865 1654 1036 1709 οἴκου.
1098 1651 1382 1723 Ὠραιότης
1429 1651 1525 1720 μὲν
1576 1651 1726 1704 οἴκου
1766 1649 1836 1702 τὰ

246 1752 617 1824 διαπρέποντα
667 1750 727 1802 ἐν
767 1750 833 1819 τῇ
883 1745 1180 1817 Ἐκκλησία
1208 1742 1301 1798 τοῦ
1343 1742 1479 1796 Θεοῦ
1521 1743 1606 1814 εἴη
1639 1742 1704 1796 ἂν
1733 1741 1832 1795 τά·

1946 541 2072 614 quis
2097 539 2282 606 fuerit,
2315 541 2422 596 nisi
2453 539 2777 614 Unigenitus
2810 543 2982 602 Filius
3013 545 3127 608 Dei,
3161 544 3248 598 cui
3273 543 3388 598 haec
3435 559 3532 612 ra-

1945 641 2103 690 terna
2130 649 2235 689 vox
2261 633 2661 690 testificabatur
2691 655 2703 690 :
2744 655 2762 688 ‹
2804 635 2902 690 Hic
2933 645 3019 692 est
3046 635 3218 692 Filius
3257 651 3412 692 meus
3444 635 3530 690 di-

1945 727 2142 790 lectus,
2186 725 2240 780 in
2271 742 2381 796 quo
2411 727 2542 782 mihi
2581 729 2890 798 complacui
2920 729 3007 783 '7?
3045 749 3063 782 ι
3093 728 3192 783 Hic
3212 729 3393 799 itaque
3433 744 3526 783 rex

1943 819 2206 871 virtutum
2232 817 2446 881 Dilecti,
2476 819 2933 888 quemadmodum
2964 820 3282 890 coelestibus
3301 819 3525 872 virtutis

1942 909 2046 965 bus
2078 910 2341 966 beneficia
2388 927 2490 967 sua
2533 913 3022 979 subministrabat,
3056 914 3136 970 sic
3164 923 3218 969 et
3248 911 3525 983 evangeli~

1943 1000 2198 1056 zantibus
2244 1003 2300 1056 in
2348 1010 2495 1058 terra
2546 1003 2773 1058 verbum
2830 1004 2925 1058 dat
2983 1005 3356 1076 evangelicum
3397 1018 3521 1058 cum

1916 1091 2144 1146 ‘virtute
2178 1091 2368 1145 multa.
2395 1079 2442 1146 li
2476 1108 2607 1148 vero
2655 1094 2782 1164 ipsi,
2815 1097 2908 1164 qui
2965 1094 3019 1148 in
3055 1102 3201 1150 terra
3231 1094 3521 1164 degebant,

1941 1186 2217 1240 exercitus
2244 1193 2300 1240 et
2328 1186 2562 1242 virtutes
2604 1187 2726 1257 ejus
2774 1198 2952 1243 erant.
3008 1187 3189 1254 Quare
3218 1187 3521 1242 secundum

1942 1277 2329 1349 Symmachum
2379 1279 2616 1344 dicitur,
2660 1299 2678 1330 t
2725 1279 2901 1352 Reges
2942 1282 3281 1336 exercituum
3337 1280 3521 1336 dilecti

1940 1378 2090 1434 sunt,
2123 1391 2140 1422 ι
2175 1372 2290 1427 sive
2319 1373 2501 1427 dilecti
2533 1385 2845 1430 evaserunt.
2896 1373 2994 1428 His
3023 1392 3152 1430 vero
3184 1375 3320 1445 ipsis
3349 1376 3520 1429 altera

1938 1465 2114 1534 gratia
2167 1465 2367 1519 collata
2405 1476 2520 1531 est;
2556 1466 2610 1520 id
2655 1476 2793 1531 erat,
2827 1475 2886 1521 nt
2919 1468 3226 1524 dividerent
3255 1467 3428 1538 spolia
3464 1468 3519 1522 in

1938 1557 2178 1626 speciem
2211 1557 2429 1614 domus.
2461 1557 2686 1630 Species
2723 1561 2942 1632 quidem
2974 1562 3170 1617 domus
3195 1560 3398 1620 fuerint
3429 1577 3520 1616 or-

1937 1648 2052 1701 nati
2081 1655 2136 1702 et
2161 1648 2345 1704 decori
2378 1649 2455 1703 illi
2489 1651 2543 1705 in
2574 1650 2818 1707 Ecclesia
2867 1653 2962 1708 Dei
2993 1652 3247 1719 ordines;
3285 1669 3517 1724 quorum

1937 1755 1998 1795 se
2029 1739 2286 1810 cupidum
2317 1741 2590 1812 qttiSpiam
2617 1740 3044 1806 fatetur,dicens
3071 1763 3084 1799 :
3111 1763 3129 1794 ι
3157 1742 3403 1808 Domine,
3435 1743 3521 1798 di-

247 1860 461 1915 γματα·
507 1836 580 1896 ὧν
624 1841 718 1895 καὶ
745 1839 1089 1911 ἐπιθυμητὴς
1116 1836 1367 1908 ὁμολογεῖ
1408 1853 1492 1900 τις
1529 1835 1826 1905 γεγονέναι,

1936 1833 2039 1887 lexi
2071 1833 2326 1887 decorem
2351 1832 2546 1888 domus
2575 1841 2699 1898 tuae,
2728 1845 2780 1889 et
2807 1835 2984 1889 locum
3018 1833 3368 1890 habitationis
3403 1835 3519 1904 glo-

249 1936 458 2006 φήσαςο
491 1950 511 1984 ι
559 1932 766 2004 Κύριε,
803 1930 1068 2001 ἠγάπησα
1124 1926 1455 1999 εὐπρέπειαν
1510 1925 1660 1980 οἴκου
1711 1943 1828 1990 σου,

247 2025 350 2078 καὶ
394 2021 556 2076 τόπον
606 2020 965 2092 σκηνὼματος
1011 2017 1169 2088 δόξης
1222 2035 1337 2071 σου.
1393 2039 1412 2071 i
1463 2017 1573 2071 Καὶ
1633 2015 1827 2070 πάλιν·

253 2135 274 2169 ι
312 2116 456 2170 Μίαν
481 2116 770 2186 ᾐτησάμην
801 2111 956 2183 παρά
989 2111 1227 2183 Κυρίου,
1261 2109 1466 2180 ταύτην
1497 2109 1735 2180 ζητήσω,
1769 2109 1831 2162 τὸ

243 2210 518 2262 κατοικεῖν
554 2223 620 2277 με
647 2207 704 2258 ἐν
731 2207 866 2275 οίκῳ
899 2203 1107 2275 Κυρίου
1147 2202 1325 2265 πάσας
1363 2201 1461 2264 τὰς
1493 2200 1704 2271 ἡμέρας
1731 2201 1831 2270 τῆς

238 2299 388 2368 ζωῆς
432 2317 572 2370 μου,
620 2296 717 2351 τοῦ
763 2297 988 2368 θεωρεῖν
1037 2314 1103 2368 με
1134 2296 1233 2368 τὴν
1259 2293 1600 2367 τερπνότητα
1625 2293 1828 2363 Κυρίου

237 2393 336 2447 καὶ
369 2390 801 2446 ἐπισκέπτεσθαι
821 2389 912 2443 τόν
946 2389 1072 2443 ναὸν
1101 2388 1288 2443 αὑτοῦ.
1330 2408 1350 2442 ι

307 2503 392 2557 Τά
409 2505 581 2574 ’Ἅγια
599 2502 779 2556 τοίνυν
801 2501 909 2555 τῶν
934 2501 1106 2570 ἁγίων
1126 2499 1210 2573 εἴη
1239 2500 1305 2555 ἀν
1337 2501 1370 2572 ἡ
1401 2501 1702 2572 τερπνότης
1733 2503 1828 2555 καὶ

234 2595 514 2668 ὡραιότης
547 2592 640 2647 τοῦ
669 2591 818 2646 οἴκου
859 2592 955 2646 τοῦ
999 2592 1156 2646 Θεοῦ.
1200 2591 1381 2646 Ταῦτα
1418 2592 1474 2646 δέ
1517 2594 1630 2645 ἐστι
1675 2592 1743 2646 τά
1771 2594 1828 2646 ἐν

234 2687 568 2759 σωφροσύνῃ
597 2687 691 2740 καὶ
728 2685 939 2755 ἁγνεία,
974 2686 1067 2740 καὶ
1097 2684 1427 2759 δικαιοσύνῃ,
1460 2683 1553 2738 καὶ
1580 2688 1698 2748 ταῖς
1722 2686 1830 2738 λοι-

233 2783 369 2842 παῖς
399 2780 624 2850 ἀρεταῖς
655 2777 1025 2848 διαλάμποντα
1053 2780 1154 2848 τῆς
1200 2776 1523 2848 Ἐκκλησίας
1561 2776 1654 2830 τοῦ
1691 2777 1827 2831 Θεοῦ

231 2873 518 2942 τάγματα.
550 2859 645 2935 Εἰς
677 2871 734 2924 δὲ
755 2871 855 2943 τὴν
883 2870 1190 2943 ὡραιότητα
1218 2869 1421 2942 ταύτην
1453 2871 1626 2925 σκύλα
1657 2870 1826 2924 διελέ-

231 2964 365 3018 σθαι
397 2967 513 3027 τοῖς
554 2962 718 3016 αὑτοῦ
762 2961 1120 3034 στρατιώταις
1166 2962 1470 3036 ἐδωρήσατο
1514 2965 1543 3017 ὁ
1579 2965 1828 3036 βασιλεὺς

229 3059 345 3110 τῶν
396 3056 698 3126 δυνάμεων.
761 3054 880 3109 Τῶν
937 3054 1046 3127 γὰρ
1095 3054 1368 3126 πολεμίων
1413 3057 1828 3128 ἀνατραπέντων

231 3151 334 3206 καὶ
384 3152 466 3212 είς
509 3149 688 3220 φυγὴν
735 3148 1152 3221 κεχωρηκότων,
1191 3148 1335 3217 λέγω
1367 3148 1425 3201 δὲ
1464 3149 1571 3202 τῶν
1601 3151 1823 3219 ἀφανῶν

223 3244 334 3298 ,καὶ
378 3242 631 3312 ἀοράτων
658 3241 960 3312 δυνάμεων,
999 3241 1128 3312 περὶ
1166 3235 1241 3295 ὧν
1281 3241 1538 3314 ἀνωτέρω
1582 3241 1818 3311 ἐλέγετοο

234 3354 254 3385 ο
329 3335 644 3405 Ἀναστήτω
703 3335 732 3387 6
791 3333 924 3397 Θεὸς
987 3335 1081 3386 καὶ
1140 3332 1719 3405 διασκορπισθήτωσαν
1771 3337 1822 3388 ot

227 3425 424 3498 ἐχθροὶ
453 3423 641 3489 αὐτοῦ,
673 3423 992 3492 φυγέτωσαν
1023 3423 1225 3489 πάντες
1265 3428 1314 3478 οἱ
1350 3426 1633 3496 μισοῦντες
1661 3427 1823 3482 αὑτὸν

227 3519 345 3574 ἀπὸ
397 3517 691 3589 προσώπου
735 3516 936 3579 αὐτοῦ,
991 3536 1010 3568 ι
1051 3520 1099 3570 οἱ
1141 3517 1235 3571 τοῦ
1289 3517 1508 3589 νικητοῦ
1559 3518 1823 3589 βασιλέως

231 3610 576 3681 στρατιῶται
609 3608 677 3662 τά
721 3608 892 3663 σκύλα
923 3599 1126 3666 τούτων
1157 3611 1237 3674 είς
1268 3609 1493 3673 ἑαυτοὺς
1519 3609 1817 3683 διῃροῦντο.

231 3699 424 3754 Σκύλα
473 3700 530 3754 δὲ
579 3696 721 3771 ἦμεν
755 3701 918 3770 ἡμεῖς
955 3702 1050 3754 καλ⁸
1098 3701 1206 3754 πᾶν
1251 3699 1313 3754 τό
1363 3701 1469 3754 τῶν
1520 3699 1822 3773 ἀνθρώπων

231 3794 420 3862 γένος,
453 3792 516 3845 τὸ
555 3791 724 3846 πάλαι
771 3792 1036 3864 πρότερον
1084 3793 1394 3865 ὑποχείριον
1439 3793 1548 3846 τῶν
1581 3795 1820 3847 ἀντικει-

233 3886 420 3957 μένων
461 3883 745 3954 δυνάμεων
777 3884 1172 3954 γεγενημένονο
1203 3878 1277 3937 ὧν
1310 3883 1740 3949 ἀπελασθεισῶν,
1771 3887 1819 3938 οἱ

228 3979 325 4035 τοῦ
359 3979 615 4049 Σωτῆρος
639 3977 794 4049 ἡμῶν
819 3976 1055 4048 μαθηταὶ
1083 3978 1175 4031 καὶ
1205 3979 1510 4044 ἀπόστολοι,
1541 3981 1634 4032 καὶ
1667 3980 1822 4047 εὐαγ-

229 4073 520 4143 γελισταὶ,
551 4073 587 4142 ἦ
631 4089 691 4124 τε
736 4071 896 4143 λοιπὴ
949 4071 1112 4124 αὑτοῦ
1169 4073 1458 4142 στρατεία,
1507 4072 1605 4135 τάς
1653 4071 1819 4126 πάλαι

233 4167 508 4239 πρότερον
546 4164 948 4236 ἐσκυλευμένας
974 4163 1171 4234 ψυχὰς,
1207 4165 1392 4237 κτῆμα
1427 4165 1555 4219 ἴδιον
1594 4166 1821 4238 ποιησά-

233 4276 424 4330 μενοι,
477 4256 813 4328 διενείμαντο
868 4256 948 4320 είς
993 4255 1274 4325 ἀλλήλους.
1322 4255 1533 4320 Παῦλος
1580 4257 1677 4327 μὲν
1729 4253 1822 4310 οὖν

228 4353 342 4406 ἀπὸ
403 4347 758 4422 Ἰερουσαλὴμ
809 4349 900 4402 καὶ
949 4347 1133 4418 κύκλῳ
1178 4347 1337 4418 μέχρι
1376 4347 1468 4400 τοῦ
1527 4347 1820 4420 Ἰλλυρικοῦ

228 4443 298 4497 τά
332 4441 397 4507 ἐξ
426 4441 597 4495 ἐθνῶν
629 4439 928 4512 ἐκληροῦτο
959 4439 1151 4493 σκύλα·
1177 4440 1381 4510 Πέτρος
1423 4439 1482 4492 δὲ
1512 4439 1671 4493 πάλιν
1705 4440 1822 4493 ἐτέ-

1932 1922 2027 1976 ria:
2062 1931 2172 1976 ture
2199 1922 2274 1988 ἐς
2309 1941 2328 1974 ι
2367 1937 2430 1978 ac
2461 1939 2679 1978 rursum
2709 1943 2721 1979 :
2769 1942 2788 1975 ι
2833 1925 3008 1980 Unam
3050 1925 3174 1995 petii
3202 1939 3232 1978 a
3263 1923 3516 1988 Domino.

1932 2012 2071 2066 hanc
2097 2011 2391 2081 requiram,
2418 2020 2477 2067 ut
2507 2013 2804 2068 inhabilem
2835 2016 2889 2069 in
2917 2015 3079 2070 domo
3110 2013 3324 2069 Domini
3340 2016 3518 2070 omni-

1929 2103 2032 2158 bus
2051 2103 2245 2159 diebus
2273 2105 2396 2158 vitae
2429 2121 2560 2160 mete
2586 2113 2680 2165 :ut
2716 2106 2927 2161 videam
2948 2107 3281 2176 voluptatem
3301 2104 3516 2180 Domini

1929 2205 1983 2252 et
2015 2198 2232 2253 visitem
2268 2199 2534 2270 templum
2565 2200 2688 2270 ejus
2715 2201 2780 2255 ²⁹.
2819 2219 2838 2252 ι

2001 2483 2205 2539 Sancta
2263 2493 2582 2540 sanctorum
2641 2486 2828 2555 itaque
2882 2496 3136 2556 vomptas
3191 2503 3258 2542 ac
3301 2490 3514 2559 species

1929 2575 2126 2632 domus
2156 2575 2249 2631 Dei
2287 2576 2508 2631 fuerint.
2542 2576 2607 2630 lli
2643 2591 2810 2646 porro
2843 2587 2972 2632 sunt
3004 2579 3263 2634 Ecclesiae
3306 2579 3400 2636 Dei
3424 2597 3515 2636 or-

1928 2668 2104 2730 dines,
2156 2668 2540 2738 temperantia,
2599 2669 2856 2724 castitate
2885 2709 2900 2732 ,
2944 2669 3158 2738 justitia
3207 2679 3260 2724 et
3297 2675 3512 2727 eteteris

1929 2759 2226 2816 virtutibus
2258 2761 2552 2830 fulgentes.
2586 2759 2666 2813 Ad
2701 2761 2865 2815 talem
2901 2776 3032 2832 ergo
3071 2762 3305 2831 speciem
3337 2762 3512 2832 spolia

1929 2852 2173 2909 dividere
2200 2869 2295 2909 rex
2322 2855 2586 2909 virtutum
2612 2853 2882 2910 militibus
2910 2855 3026 2910 suis
3054 2856 3347 2920 concessit.
3378 2854 3512 2912 Ver-

1929 2945 2008 3002 sis
2041 2946 2184 3000 enim
2244 2954 2300 3001 et
2348 2945 2548 3017 fugatis
2604 2947 2866 3014 inimicis,
2910 2949 3142 3004 occultis
3175 2949 3423 3006 videlicet
3457 2957 3513 3006 et

1930 3037 2301 3094 invisibilibus
2332 3039 2650 3104 virtutibus,
2677 3039 2743 3094 de
2771 3040 2974 3110 quibus
3016 3041 3268 3111 superius
3290 3042 3482 3097 diceba

1932 3141 2021 3186 tur
2050 3150 2062 3184 :
2097 3151 2114 3182 ι
2155 3130 2427 3202 Exsurgat
2461 3130 2628 3195 Deus,
2657 3139 2712 3186 et
2742 3131 3086 3203 dissipentur
3118 3134 3323 3189 inimici
3365 3135 3508 3205 ejus.

1849 3193 1892 3248 (ἶ
1927 3222 2138 3292 fugiant
2196 3193 2388 3278 omnes
2429 3222 2523 3292 qui
2564 3223 2798 3277 oderunt
2853 3193 2977 3279 eum
3031 3241 3060 3279 a
3103 3225 3239 3280 facie
3285 3193 3442 3296 ejus;
3482 3245 3504 3280 ι

1925 3315 2150 3370 victoris
2182 3315 2326 3383 regis
2360 3315 2564 3370 milites
2598 3316 2771 3386 spolia
2815 3331 3004 3370 eorum
3056 3317 3197 3372 inter
3233 3334 3292 3374 se
3320 3319 3510 3374 distri-

1921 3408 2182 3464 buerunt.
2217 3407 2402 3479 Spolia
2437 3416 2620 3464 autem
2663 3424 2764 3465 nos
2793 3426 3056 3479 eramus;
3091 3420 3374 3482 totumque
3409 3412 3510 3466 ho-

1923 3502 2132 3554 minum
2184 3517 2378 3571 genus,
2416 3503 2547 3556 olim
2599 3501 2937 3558 adversariis
2979 3504 3279 3558 virtutibus
3324 3503 3508 3558 subdi-

1922 3600 2060 3648 tum.
2094 3593 2307 3659 Quibus
2356 3595 2593 3664 repulsis
2643 3593 2944 3652 Salvatoris
2992 3596 3164 3652 nostri
3227 3597 3506 3668 discipuli,

1923 3689 2155 3756 apostoli
2197 3696 2252 3742 et
2277 3690 2646 3756 evangelistte,
2682 3695 2735 3743 et
2785 3689 3031 3759 reliquus
3068 3689 3188 3757 ejus
3231 3691 3509 3747 exercitus

1923 3781 2159 3844 animas,
2194 3797 2316 3851 qua:
2346 3782 2474 3836 olim
2503 3790 2674 3853 raptae
2704 3781 2946 3847 fuerant,
2975 3784 3134 3854 quasi
3174 3784 3228 3838 in
3258 3793 3506 3854 potesta-

1923 3878 2031 3925 tem
2059 3879 2114 3925 et
2147 3871 2410 3927 ditionem
2458 3888 2613 3928 suam
2659 3873 2931 3938 redactas,
2959 3875 3100 3930 inter
3119 3890 3180 3930 se
3208 3875 3508 3931 distribue-

1923 3971 2069 4019 runt.
2101 3962 2304 4020 Paulus
2335 3965 2603 4035 siquidem
2627 3965 2697 4020 ab
2724 3963 3028 4021 Jerusalem
3060 3975 3114 4022 et
3148 3967 3342 4022 vicinis
3370 3968 3512 4023 locis

1924 4073 2098 4127 usque
2151 4057 2219 4111 ad
2272 4057 2569 4130 Illyricum,
2597 4059 2840 4128 gentium
2887 4059 3063 4129 spolia
3109 4060 3338 4115 sortitus
3370 4066 3454 4114 est
3489 4078 3508 4113 :

1921 4149 2118 4207 Petrus
2157 4156 2284 4206 item
2317 4152 2547 4206 aliarum
2574 4153 2840 4222 gentium,
2872 4151 3113 4208 Joannes
3140 4154 3344 4225 pariter
3378 4153 3512 4206 alia-

1921 4259 2066 4307 rum,
2095 4259 2161 4298 ex
2194 4243 2418 4314 reliquis
2449 4246 2714 4316 apostolis
2747 4245 2948 4316 singuli
2990 4245 3218 4300 aliarum
3252 4246 3506 4300 similiter

1921 4337 2166 4408 gentium
2199 4338 2376 4406 spolia
2403 4338 2712 4393 obtinuere.
2754 4338 2829 4394 Ex
2861 4340 3065 4408 quibus
3100 4339 3290 4409 spoliis
3318 4337 3504 4392 excel-

1923 4428 2156 4483 lentiora
2186 4428 2410 4482 donaria
2439 4427 2505 4480 ad
2524 4431 2759 4499 speciem
2782 4429 2978 4484 domus
3010 4429 3101 4484 Dei
3125 4436 3500 4500 segregarunt.

230 4551 342 4605 ρων
380 4531 550 4586 ἐθνῶν
580 4531 674 4584 καὶ
726 4529 978 4598 Ἰωάννης
1013 4527 1272 4591 ὡσαύτως
1305 4527 1538 4599 ἑτέρων,
1583 4527 1676 4580 καὶ
1709 4526 1818 4579 τῶν

1928 4519 2286 4586 Quamobrem
2319 4520 2523 4574 dictum
2554 4529 2671 4574 est:
2714 4538 2732 4570 ι
2771 4519 2835 4573 Ει
2875 4521 3076 4590 speciei
3121 4520 3318 4574 domus
3363 4519 3504 4574 divi-

227 4624 440 4679 λοιπῶν
486 4623 798 4676 ἀποστόλων
839 4623 1070 4683 ἕκαστος
1109 4620 1524 4691 παραπλησίως.
1575 4619 1691 4690 Ἀφ’
1743 4613 1818 4672 ὧν

228 4715 449 4770 σκύλων
493 4714 563 4768 τὰ
605 4713 859 4785 ἐξαίρετα
891 4713 1238 4783 ἀναθήματα,
1281 4713 1358 4776 είς
1389 4712 1697 4784 ὡραιότητα
1721 4711 1816 4764 τοῦ

225 4811 384 4864 οἴκου
412 4807 508 4862 τοῦ
533 4807 666 4861 Θεοῦ
700 4805 995 4877 ἁφὼριζον.
1028 4805 1120 4860 Διὸ
1147 4803 1414 4858 λέλεκταιο
1439 4823 1457 4856 ι
1483 4804 1594 4857 Καὶ
1614 4804 1814 4876 ὡραιό-

225 4917 355 4970 τητι
421 4897 516 4952 τοῦ
567 4898 716 4950 οἴκου
775 4895 1041 4950 διελέσθαι
1090 4893 1282 4948 σκύλα.
1333 4894 1457 4948 Ἐάν
1516 4893 1816 4965 κοιμηθῆτε

224 4992 333 5048 ἀνὰ
387 4991 549 5060 μέσον
580 4991 689 5043 τῶν
721 4989 936 5060 κλήρων
982 4987 1250 5060 πτέρυγες
1295 4987 1624 5059 περιστερᾶς
1659 5003 1816 5056 περι-

221 5081 647 5156 ηργυρωμέναι,
701 5083 795 5135 καὶ
827 5081 896 5134 τά
944 5081 1260 5151 μετάφρενα
1307 5079 1476 5151 αὐτῆς
1509 5081 1568 5132 ἐν
1613 5079 1818 5151 χλωρό⁸

220 5192 355 5245 τητι
404 5174 648 5245 χρυσίου.
702 5193 722 5225 ι
772 5173 1170 5245 Μνημονεύσας
1212 5174 1241 5224 6
1291 5171 1447 5239 λόγος
1490 5171 1598 5224 τῶν
1654 5171 1818 5240 εὐαγ-

222 5265 595 5337 γελιζομένων
639 5265 864 5338 δυνάμει
912 5264 1080 5335 πολλῇ
1134 5263 1228 5316 τοῦ
1276 5279 1332 5316 τε
1385 5262 1534 5316 οἴκου
1577 5263 1670 5316 καὶ
1718 5263 1816 5334 τῆς

222 5357 567 5431 ὡμιότητος
605 5357 791 5419 αὐτοῦ,
837 5357 916 5410 ἔτι
972 5355 1077 5428 μὴν
1116 5357 1205 5409 καὶ
1246 5353 1355 5407 τῶν
1395 5355 1453 5406 ἐν
1493 5352 1640 5423 αὐτῷ
1686 5353 1813 5408 σκύ-

223 5447 368 5511 λων,
427 5447 496 5502 δι’
553 5440 630 5499 ὧν
695 5447 939 5518 ᾐνίττετο
994 5447 1091 5517 τὴν
1154 5445 1479 5516 Ἐκκλησίαν
1533 5443 1627 5497 τοῦ
1680 5444 1814 5498 Θεοῦ

226 5541 325 5593 καὶ
381 5539 510 5604 τοὺς
561 5540 624 5592 ἐν
675 5540 814 5611 αὐτῇ
862 5537 1298 5611 διαπρέποντας·
1363 5535 1670 5601 ἀκολούθως
1726 5537 1817 5590 διὰ

225 5631 340 5684 τῶν
377 5631 518 5701 μετὰ
549 5633 735 5703 χεῖρας
767 5631 862 5686 καὶ
899 5631 1008 5686 τῶν
1052 5630 1422 5685 θεοπνεύστιιΝ
1455 5631 1814 5702 ἀναγνωσμά-

1925 4611 2055 4666 dere
2086 4610 2281 4681 spolia.
2321 4610 2379 4664 Si
2413 4611 2703 4666 dormiatis
2746 4612 2890 4667 inter
2919 4612 3130 4669 medios
3162 4613 3342 4668 cleros
3370 4629 3500 4683 pen-

1925 4719 2010 4759 na:
2035 4704 2301 4758 columba:
2321 4703 2704 4774 deargentatte,
2733 4712 2786 4760 et
2821 4705 3123 4775 posteriora
3151 4704 3274 4774 ejus
3302 4705 3357 4759 in
3387 4705 3504 4776 pal-

1925 4799 2038 4854 lore
2051 4797 2194 4854 auri.
2213 4817 2232 4850 »
2255 4796 2549 4869 Postquam
2588 4799 3074 4869 evangelizantium
3101 4797 3302 4854 virtute
3331 4798 3502 4854 multa

1888 4891 2231 4962 -domusque
2253 4907 2318 4946 ac
2379 4890 2581 4962 Speciei
2618 4891 2759 4958 ejus,
2793 4906 3008 4945 necnon
3046 4891 3345 4959 spoliorum
3380 4906 3506 4961 quae

1922 4984 1980 5039 in
2011 4984 2126 5054 ipsa
2157 4992 2336 5049 erant,
2367 4985 2525 5056 queis
2568 4982 2809 5039 Ecclesia
2847 4983 2941 5038 Dei
2983 4991 3036 5038 et
3067 4985 3104 5039 ii
3143 4984 3236 5054 qui
3283 4985 3338 5040 in
3384 4983 3503 5055 ipsa

1923 5078 2208 5148 conspicui
2238 5077 2390 5134 fuere
2420 5077 2932 5141 subindicabantur,
2973 5078 3178 5132 mentio
3203 5076 3345 5132 facta
3373 5084 3501 5142 est;

1923 5178 2328 5239 consequenter
2352 5171 2406 5224 in
2439 5170 2507 5226 iis
2531 5185 2652 5240 qua
2673 5169 2786 5239 jam
2807 5178 3108 5225 tractamus
3138 5169 3399 5225 divinitus
3424 5167 3504 5222 in-

1922 5263 2160 5332 spiratas
2190 5264 2452 5320 lectiones
2475 5272 2890 5321 commemorat.
2909 5279 3011 5318 nos
3030 5264 3103 5317 ita
3129 5261 3497 5333 compellans:

1925 5353 2013 5408 tSi
2035 5354 2316 5410 dormiatis
2333 5355 2474 5411 inter
2500 5355 2706 5412 medios
2723 5356 2951 5412 cleros.»
2978 5355 3121 5411 Cleri
3150 5363 3352 5418 autem,
3385 5351 3503 5406 sive

1919 5448 2088 5504 fortes
2119 5448 2393 5513 Ecclesiae,
2431 5457 2559 5506 sunt
2579 5447 2747 5505 Vetus
2775 5458 2828 5504 et
2857 5448 3066 5504 Novum
3090 5445 3499 5510 Testamentum

1919 5539 2013 5596 Dei
2051 5559 2063 5594 :
2099 5523 2383 5612 docetque,
2429 5557 2524 5598 eos
2569 5541 2659 5613 qui
2695 5541 2748 5596 in
2783 5540 2962 5596 medio
2996 5553 3183 5594 eorum
3214 5541 3502 5612 versantur

1921 5647 2126 5689 pennas
2155 5635 2422 5690 columba:
2459 5635 2841 5706 deargcntatas
2871 5633 3189 5688 inventuros
3219 5642 3371 5694 esse;
3401 5641 3500 5682 cu-

307 5788 346 5816 "
384 5786 573 5841 Hatth.
613 5804 691 5854 ιιι,
732 5787 830 5853 l7;
867 5767 1000 5852 xvii,
1155 5785 1342 5843 "Psal
1395 5804 1520 5852 xxv,
1557 5787 1610 5842 8.
1691 5787 1733 5818 ³³
1756 5784 1826 5842 Ps

1934 5803 2086 5857 xxxi,
2119 5787 2172 5842 4.
