4062 6208
493 323 600 380 699

1187 319 1455 376 EUSEBII
1494 295 1974 376 CESARIENSIS
2013 316 2163 374 OPP.
2206 315 2386 370 PARS
2424 314 2514 371 Ill.
2555 345 2626 356 -—
2664 313 3075 372 EXEGETICA.

3661 313 3768 370 τοο

493 445 584 514 jus
615 441 877 498 columbae
930 440 1236 509 posteriora
1283 439 1417 495 dicit
1444 438 1647 494 essein
1679 438 1886 509 pallore
1933 436 2066 491 auri.

2179 451 2288 488 των
2345 434 2444 505 τὴν
2499 432 2721 506 μνήμην
2779 433 3006 485 ποιεῖται
3056 431 3131 497 ὡς
3181 433 3316 504 πρός
3367 433 3516 502 ἡμᾶς
3550 430 3767 512 λέγων·

492 533 625 590 Nam
658 549 780 589 cum
815 533 1057 604 Spiritus.
1089 540 1314 587 sanctus
1362 531 1614 585 columba
1645 545 1770 586 esse
1811 529 2079 600 intelliga-

491 632 603 687 tur,
625 639 747 693 quae
771 622 936 677 verba
962 621 1018 676 in
1046 619 1227 676 Veteri
1257 627 1307 675 et
1333 619 1485 675 Novo
1505 618 1858 675 Testamento
1889 618 2078 688 legun-

489 722 604 780 tur,
663 712 966 770 secundum
998 712 1198 767 nudam
1229 719 1283 767 et
1310 711 1524 766 obviam
1556 711 1844 766 lectionem
1867 749 1881 772 ,
1917 706 2075 779 quasi

491 806 596 862 sub
629 805 732 861 alis
763 804 978 859 oeculta
1001 810 1153 868 sunt,
1186 803 1310 870 alis,
1339 804 1585 873 inquam,
1617 801 1916 864 deauratis,
1947 799 2077 870 quia

489 901 706 969 eloquia
757 899 973 954 Domini
1020 904 1306 970 argentum
1341 906 1469 953 sunt
1513 896 1638 967 igne
1682 895 2074 957 examinatum,

491 991 781 1062 probatum
807 1001 988 1046 terrae.
1047 989 1218 1046 Sensa
1251 999 1434 1043 autem
1469 989 1520 1042 iu
1547 985 1821 1059 profundo
1844 986 2078 1042 abscon-

490 1081 626 1145 dita,
680 1096 803 1151 quae
849 1089 1163 1135 memoratae
1208 1079 1495 1143 columbae,
1544 1078 1803 1132 nimirum
1837 1075 2075 1147 Spiritus

491 1171 693 1237 sancti,
727 1172 1124 1243 posterioribus
1154 1171 1541 1242 comparanda,
1575 1171 1630 1225 in
1653 1169 1860 1242 pallore
1881 1170 2075 1224 dicun-

491 1270 582 1316 tur
611 1277 759 1328 esse,
802 1263 930 1332 quia
955 1263 1226 1318 sententia
1257 1271 1311 1317 et
1338 1263 1634 1333 purissima
1669 1278 1825 1318 mens
1854 1262 1957 1318 sub
1991 1262 2074 1316 di-

490 1355 674 1408 ctione
705 1353 1026 1409 abscondita
1063 1353 1182 1407 auri
1221 1353 1397 1408 instar
1437 1352 1674 1424 eﬂ‘ulget.
1729 1351 1935 1422 Hisque
1960 1367 2076 1406 rur-

491 1460 612 1499 sum
646 1460 748 1499 nos
777 1443 1068 1514 compellat
1091 1459 1304 1508 omnes,
1323 1444 1415 1514 qui
1447 1443 1502 1498 in
1535 1443 1698 1497 domo
1725 1441 1819 1498 Dei
1845 1458 2074 1514 congre-

492 1537 603 1607 gati
645 1551 860 1602 sumus,
905 1549 1043 1607 quos
1079 1537 1253 1606 spolia
1283 1536 1538 1607 superius
1559 1535 1912 1608 nuncupavit.
1963 1534 2073 1591 Pro

489 1627 587 1683 illo
615 1635 833 1693 autem,
885 1644 904 1677 ι
951 1627 1007 1680 Si
1043 1626 1350 1691 dormiatis,
1391 1645 1410 1677 ›
1453 1624 1814 1696 Symmachus
1862 1625 1942 1680 sic
1968 1625 2070 1679 h'a-

489 1721 602 1782 bet,
663 1737 682 1770 ι
720 1718 776 1773 Si
802 1719 1111 1775 recideritis
1155 1719 1298 1774 inter
1343 1719 1541 1776 cleros.
1582 1737 1601 1770 ι
1645 1716 1780 1773 Nam
1808 1718 2068 1782 dormire,

2193 545 2213 578 ι
2235 525 2360 580 Ἐάν
2397 505 2700 597 κοιμηθῆτε
2744 523 2850 578 άνά
2887 524 3049 596 μέσον
3079 523 3187 577 τῶν
3233 523 3468 596 κλήρων.
3501 543 3520 575 ι
3557 505 3770 595 Κλῆρθι

2185 617 2242 670 δὲ
2283 617 2381 688 τῆς
2422 615 2747 687 Ἐκκλησίας
2778 615 2916 668 είσὶν
2959 616 2994 686 ἦ
3049 632 3109 670 τε
3159 614 3374 670 Παλαιά
3403 615 3496 668 καὶ
3528 617 3562 687 ή
3587 617 3769 686 Καινὴ

2183 707 2426 779 Διαθήκη
2453 706 2548 760 τοῦ
2573 705 2709 760 Θεοῦ
2726 723 2739 737 ·
2765 701 2840 760 ὧν
2867 705 2994 770 τοὺς
3017 707 3074 760 ἐν
3099 706 3251 777 μέσῳ
3276 703 3770 778 διαστρεφομένους

2179 794 2421 848 διδάσκει
2454 794 2731 868 πτέρυγας
2758 797 3085 866 περιστερᾶς
3116 795 3643 869 περιηργυρωμένας
3673 797 3771 850 εὑ-

2188 890 2401 961 ρήσεινο
2436 884 2505 962 ἦς
2535 891 2864 963 περιστερᾶς
2897 890 2966 944 τά
3011 891 3323 962 μετάφρενα
3363 886 3500 945 εἷναι
3542 892 3599 944 ὲν
3624 891 3770 962 χλω-

2187 983 2373 1055 ρότητι
2398 985 2643 1056 χρυσίου.
2680 987 2786 1040 Τοῦ
2815 987 2923 1060 γὰρ
2962 987 3116 1056 ἁγίου
3156 984 3474 1054 Πνεύματος
3513 999 3769 1055 περιστε-

2187 1077 2283 1147 ρᾶς
2317 1076 2628 1148 νοουμένου,
2658 1080 2707 1131 οί
2741 1081 2796 1133 ἐν
2832 1079 3044 1150 Παλαιᾷ
3079 1077 3172 1130 καὶ
3202 1078 3379 1147 Καινῇ
3409 1074 3766 1146 λελαλημένοι

2181 1167 2352 1237 λόγοι,
2373 1168 2516 1222 κατά
2549 1170 2646 1241 μὲν
2680 1171 2778 1242 τὴν
2809 1170 3125 1223 ἐπιπόλαιον
3151 1167 3478 1238 ἀνάγνωσιν,
3503 1166 3767 1238 πτέρυξιν

2180 1259 2369 1330 ὥσπερ
2401 1260 2875 1333 ἐγκεκαλυμμένοι
2899 1260 3248 1330 τυγχάνουσι,
3278 1259 3373 1312 καὶ
3407 1255 3634 1328 πτέρυξι
3663 1274 3766 1310 τπφ

2183 1351 2676 1425 ριηργυρωμέναις,
2723 1353 2908 1424 ἐπειδὴ
2951 1352 3018 1405 τά
3063 1351 3218 1420 λόγια
3248 1350 3456 1422 Κυρίου
3497 1349 3764 1421 ἀργύριόν

2179 1444 2296 1496 ὲστι
2321 1443 2736 1514 πεπυρωμένον,
2763 1443 3005 1514 δοκίμιον
3024 1445 3090 1514 τῇ
3113 1439 3288 1513 γῇοτά
3307 1441 3363 1493 δὲ
3388 1440 3530 1495 κατὰ
3560 1439 3765 1510 βάθους

2179 1535 2602 1606 ὲγκεκρυμμένα
2629 1536 2896 1608 νοήματα,
2932 1537 3074 1608 άπερ
3107 1534 3249 1588 ἔοικε
3281 1534 3633 1605 μεταφρένοις
3655 1534 3762 1604 τῆς

2177 1623 2536 1696 ἀποδοθείσης
2570 1627 2922 1698 περιστερᾶς,
2955 1624 3156 1696 δηλαδὴ
3197 1624 3290 1678 τοῦ
3319 1626 3476 1694 ἁγίου
3505 1623 3754 1695 Πνεύμα-

2175 1733 2286 1780 τος,
2321 1717 2379 1769 ὲν
2411 1716 2714 1789 χλωρότητι
2741 1717 2958 1787 λέγεται
2987 1715 3146 1784 εἶναι,
3173 1718 3272 1790 τῆς
3301 1715 3758 1814 ἐγκεκρυμμένης

488 1827 636 1867 nunc
663 1811 1004 1882 requiescere
1038 1811 1330 1882 significat.
1366 1811 1438 1866 lis
1462 1811 1626 1882 igitur
1659 1813 1752 1882 qui
1779 1825 2066 1867 sacrorum

2171 1809 2239 1878 τῇ
2283 1806 2424 1871 λέξει
2467 1807 2707 1872 διανοίας
2754 1809 2847 1863 καὶ
2879 1810 2974 1864 τοῦ
3013 1811 3400 1883 καθαρωτάτου
3429 1808 3518 1863 νοῦ
3549 1805 3755 1881 χρυσοῦ

447 1972 452 1976 l
485 1903 782 1960 verborum
808 1903 1185 1958 exercitationi
1216 1910 1431 1968 vacant,
1451 1903 1754 1957 bortatorio
1770 1903 1930 1958 modo
1951 1916 2074 1972 pro-

487 1996 726 2051 mittitur
758 1995 1065 2051 divinarum
1091 1993 1498 2066 Scripturarum
1530 1994 1738 2051 utilitas
1772 2013 1785 2050 :
1821 2008 1946 2048 nam
1977 2007 2067 2049 sa-

2169 1900 2327 1972 δίκην
2359 1901 2866 1974 ἀπαστράπτοντος.
2893 1904 3078 1957 Ταῦτα
3110 1904 3168 1957 δὲ
3187 1905 3559 1984 ’ἀναφωνεῖται
3585 1902 3758 1956 πᾶσιν

2165 1992 2298 2063 ἡμῖν
2331 1995 2443 2058 τοῖς
2477 1995 2535 2047 ὲν
2565 1992 2643 2064 τῷ
2667 1993 2802 2064 οἴκῳ
2830 1994 2925 2050 τοῦ
2955 1995 3092 2049 Θεοῦ
3127 1995 3504 2067 συνηγμένοις,
3537 1993 3632 2057 οῦς
3664 1993 3758 2048 διὰ

485 2104 706 2144 crarum
736 2088 1030 2144 lectionum
1065 2088 1231 2142 dictio
1262 2096 1489 2158 purgata
1523 2095 1607 2142 est
1637 2086 1811 2142 instar
1851 2086 2062 2158 argenti

2169 2085 2272 2140 τῶν
2301 2085 2611 2159 ἔμπροσθεν
2645 2087 2816 2141 σκύλα
2834 2089 2862 2140 ό
2887 2087 3042 2158 λόγος
3067 2088 3366 2160 ὠνόμαζεν.
3387 2089 3533 2160 mat}
3551 2087 3610 2140 δὲ
3629 2085 3757 2146 τοῦ.

485 2181 608 2251 igne
635 2181 954 2246 examinati,
990 2181 1289 2237 secundum
1320 2180 1463 2236 hanc
1483 2180 1806 2236 sententiam
1839 2199 1852 2234 :
1892 2198 1911 2231 ι
1933 2178 2061 2234 Elo-

2169 2193 2184 2228 ι
2207 2177 2334 2230 Ἐὰν
2359 2177 2676 2251 κοιμηθῆτε,
2710 2198 2729 2231 ι
2769 2179 2912 2233 κατά
2941 2180 3033 2232 τὸν
3060 2178 3374 2251 Σύμμαχον,
3414 2199 3432 2230 ι
3455 2178 3580 2232 Ἐὰν
3604 2188 3758 2234 ἀνα-

483 2275 612 2342 quia
636 2273 848 2328 Domini
880 2273 1002 2344 igne
1032 2272 1341 2326 examinata
1367 2272 1446 2339 ³⁰;
1472 2291 1490 2324 ι
1521 2286 1584 2326 ac
1614 2286 1831 2326 rursum
1861 2291 1874 2326 :
1904 2291 1922 2323 ‹
1943 2271 2063 2327 Elo-

2169 2267 2368 2341 πέσητε
2395 2270 2598 2340 μεταξὺ
2636 2271 2745 2324 τῶν
2776 2273 3013 2344 κλήρων,
3047 2291 3065 2323 ι
3101 2272 3336 2345 εἴρηται.
3369 2271 3441 2324 Τὸ
3482 2270 3591 2342 γάρ
3635 2288 3756 2325 κοι-

483 2367 611 2436 quia
652 2365 863 2420 Domini
895 2365 1108 2436 eloquia
1155 2373 1331 2429 casta,
1383 2371 1668 2434 argentum
1707 2363 1830 2434 igne
1857 2363 2063 2418 exami-

2169 2361 2404 2433 μηθῆναι
2428 2362 2521 2417 νῦν
2540 2363 3004 2418 διαναπαύσεσθαι
3024 2364 3324 2437 δηλοῖ.Τοῖς
3343 2361 3436 2418 οὖν
3457 2363 3564 2416 τῶν
3587 2363 3767 2435 ίερῶν

484 2463 696 2519 natum,
733 2454 1018 2524 probatum
1046 2462 1228 2518 terra,
1261 2461 1552 2524 purgatum
1599 2453 1907 2524 septuplum
1935 2453 2002 2509 “.
2037 2471 2056 2505 ι

2169 2453 2432 2525 ἀσκηταῖς
2466 2455 2642 2526 λόγων
2669 2458 3088 2529 προτρεπτικῶς
3113 2460 3146 2529 ἡ
3177 2456 3562 2530 προσφώνησις
3583 2458 3758 2527 ἐπαγ-

483 2546 768 2600 Sententia
801 2561 930 2601 vero
960 2547 1263 2618 spiritualis
1307 2553 1575 2618 praestans
1623 2553 1680 2601 et
1725 2547 1905 2618 magni
1941 2562 2064 2617 pre-

2169 2546 2412 2615 γέλλεται
2445 2548 2544 2621 τὴν
2571 2550 2637 2604 ἐκ
2661 2550 2768 2604 τῶν
2798 2550 2955 2604 θείων
2980 2550 3152 2620 λόγων
3171 2550 3439 2620 ὠφέλειαν
3458 2567 3472 2581 ·
3495 2549 3531 2620 ἢ
3553 2565 3612 2602 τε
3638 2548 3763 2623 γάρ

482 2640 541 2694 tii
575 2654 718 2714 esse,
769 2655 894 2694 cum
945 2640 1172 2708 dicitur,
1211 2657 1231 2692 ι
1265 2639 1325 2695 ln
1371 2640 1580 2712 pallore
1629 2637 1785 2705 auri,
1819 2657 1838 2691 ι
1878 2638 2062 2694 decla-

2169 2639 2306 2706 λέξις
2355 2641 2464 2696 τῶν
2511 2642 2672 2715 ίερῶν
2718 2643 3162 2714 ἀναγνωσμάτων
3212 2642 3546 2716 κεκάθαρται
3595 2645 3754 2716 δίκην

481 2739 652 2788 ratur.
2165 2733 2429 2806 ἀργυρίου
2476 2735 2898 2808 πεπυρωμένου,
2935 2734 3075 2790 κατά
3117 2735 3210 2789 τὸν
3261 2737 3508 2806 φήσαντα
3547 2737 3704 2806 λόγον
3732 2755 3751 2770 ο

481 2849 503 2882 ι
531 2829 613 2883 Τά
642 2830 799 2899 λόγια
842 2829 1048 2901 Κυρίου
1094 2829 1503 2901 πεπυρωμένα·
1538 2847 1557 2881 ι
1589 2829 1686 2882 καὶ
1712 2828 1901 2882 πάλινο
1969 2845 1989 2878 ι
2052 2827 2134 2882 Τά
2170 2829 2326 2899 λόγια
2360 2830 2567 2905 Κυρίου
2615 2831 2771 2900 λόγια
2816 2830 2976 2900 ἁγνὰ,
3018 2830 3294 2904 ἀργύριονο
3330 2833 3762 2906 πεπυρωμένον,

481 2920 724 2990 δοκίμιον
745 2924 810 2991 τῇ
837 2925 929 2991 γῇ,
951 2920 1416 2992 κεκαθαρισμένον
1439 2919 1856 2982 ὲπταπλασίωςο
1895 2937 1913 2970 ι
1943 2919 1978 2990 ἦ
1999 2935 2061 2972 τε
2096 2920 2304 2976 διάνοια
2329 2925 2362 2996 ἡ
2393 2923 2736 2996 πνευματικὴ
2762 2922 3039 2995 ἐξαίρετος
3099 2923 3195 2977 καὶ
3256 2923 3620 2996 πολυτίμητος
3661 2926 3753 2980 διά

482 3012 577 3066 τοῦ
623 3012 908 3082 λέγεσθαι,
946 3033 965 3067 ι
989 3016 1077 3068 Ἐν
1118 3015 1421 3086 χλωρότητι
1461 3014 1710 3086 χρυσίου,
1739 3033 1759 3067 ι
1798 3013 2158 3086 παρίσταται.

547 3129 717 3186 Vens.
747 3131 936 3186 15-17.
982 3150 1001 3184 ι
1041 3131 1176 3186 Dum
1203 3131 1468 3188 discernit
1521 3132 1762 3188 celestis
1785 3148 1944 3203 reges
1975 3149 2066 3189 su-

2255 3152 2274 3184 ι
2297 3133 2383 3186 Ἐν
2415 3131 2494 3202 τῷ
2515 3131 2844 3185 διαστέλλειν
2873 3131 2964 3184 τὸν
2991 3131 3238 3203 ούράνιον
3272 3130 3512 3202 βασιλεῖς
3542 3131 3628 3185 ἐπ’
3649 3132 3750 3186 αῦ-

481 3238 576 3298 per
603 3238 722 3278 eam
756 3223 883 3278 nive
908 3223 1310 3279 dealbabuntur
1354 3223 1412 3277 in
1460 3223 1700 3278 Selmon.
1741 3242 1760 3276 ι
1799 3221 1906 3278 Pro
1941 3224 2054 3289 illo,

2169 3227 2285 3298 τὴν,
2323 3223 2748 3296 χιονωθήσονται
2774 3224 2832 3278 ἐν
2858 3222 3101 3294 Σελμών.
3124 3243 3141 3276 ι
3165 3225 3310 3278 Ἀντὶ
3343 3225 3458 3289 τοῦ,
3501 3245 3519 3277 ι
3543 3226 3630 3279 Ἐν
3666 3225 3750 3296 τῷ

486 3331 504 3362 ι
522 3311 655 3366 Dum
671 3312 935 3367 discernit
955 3312 1217 3380 cmlestis,
1231 3333 1249 3366 ι
1271 3319 1323 3367 et
1339 3321 1554 3378 caetera,
1572 3313 1652 3368 sic
1669 3313 2057 3391 interpretatur

2169 3318 2490 3373 Βιαστέλλειν
2507 3317 2601 3372 τὸν
2619 3315 2938 3388 ἐπουράνιον
2962 3335 2980 3369 ι
3015 3317 3108 3370 καὶ
3131 3316 3199 3371 τά
3229 3317 3376 3388 ἑξῆς,
3399 3320 3427 3372 6
3455 3317 3746 3390 Σύμμαχος

480 3401 842 3474 Symmachus
877 3423 890 3458 :
936 3422 956 3456 ι
985 3403 1214 3470 Quando
1243 3403 1580 3476 dispensavit
1611 3412 1804 3475 potens
1829 3419 2057 3477 regnare

2169 3407 2344 3465 τοῦτον
2372 3410 2683 3481 ἡρμήνευσε
2725 3407 2818 3462 τὸν
2856 3407 3085 3478 τρόπον⁶
3127 3425 3146 3459 ι
3171 3406 3364 3462 Ὁπότε
3390 3407 3743 3478 κατεμέριζεν

479 3495 652 3558 tllam,
685 3496 841 3566 quasi
869 3495 991 3552 nive
1014 3495 1265 3551 dealbata
1291 3507 1428 3552 erat.
1502 3495 1722 3552 Selmon
1752 3513 1910 3554 mons
1938 3497 2055 3565 Dei,

2169 3505 2186 3558 5
2222 3501 2408 3566 ίκανὸς
2438 3499 2744 3572 βασιλεύειν
2777 3500 2970 3572 αὐτὴν,
3011 3498 3091 3562 ὡς
3136 3499 3465 3570 χιονισθεῖσα
3495 3495 3581 3570 ἦν.
3613 3497 3740 3549 Σελο

475 3601 635 3641 mons
657 3588 894 3660 pinguis,
913 3605 1072 3644 mons
1090 3589 1413 3658 altissimus,
1431 3605 1588 3645 mons
1607 3591 1824 3662 pinguis
1849 3610 1861 3648 :
1886 3605 2056 3661 quare

2169 3593 2277 3666 μὼν
2321 3594 2448 3666 ὅρος
2492 3592 2651 3657 Θεοῦ,
2692 3593 2817 3665 ὅρος
2870 3591 3180 3664 εὐτροφίας,
3214 3591 3338 3662 δρος
3385 3588 3729 3659 ὑψηλότατον,

477 3679 696 3735 curiose
725 3681 1124 3752 investigantur
1176 3691 1390 3737 montes
1413 3682 1660 3738 excelsi?
1689 3681 1842 3737 Mons
1865 3682 1920 3737 in
1946 3697 2054 3753 quo

478 3770 809 3826 desideravit
851 3771 993 3828 Deus
1033 3774 1302 3838 habitare,
1336 3781 1390 3830 et
1415 3768 1679 3830 Dominus
1705 3774 1970 3830 habitabit
1996 3775 2052 3829 in

480 3861 666 3918 tinem.
698 3882 717 3918 ι
755 3863 848 3920 His
873 3874 1053 3921 autem
1077 3867 1358 3935 docemur,
1386 3883 1509 3922 cum
1535 3868 1774 3925 caelestis
1800 3868 1909 3934 ille,
1941 3870 2055 3925 sive

477 3953 784 4007 caelestium
819 3955 1120 4010 incolarum
1163 3956 1340 4025 Deus,
1394 3958 1705 4028 praedictam
1753 3959 2060 4013 columbam

478 4044 701 4114 regibus
729 4051 889 4099 terra:
927 4046 1172 4114 donavit,
1206 4048 1259 4102 id
1285 4057 1389 4113 est,
1422 4049 1492 4105 iis
1525 4047 1618 4117 qui
1646 4049 1701 4103 in
1728 4057 1872 4105 terra
1907 4049 2060 4120 regni

477 4135 601 4207 ejus
633 4146 916 4193 consortes
956 4138 1177 4194 fuerunt
1216 4140 1293 4211 (hi
1345 4156 1508 4211 porro
1558 4148 1716 4195 erant
1760 4141 2057 4212 prophetat.

475 4228 610 4300 justi
655 4237 709 4286 et
741 4231 815 4301 pii
846 4230 970 4296 viri,
1013 4245 1076 4286 ac
1103 4231 1362 4304 discipuli
1412 4242 1465 4288 et
1497 4235 1728 4304 apostoli
1757 4232 2061 4291 Salvatoris

477 4322 676 4390 nostri,
720 4323 922 4394 quibus
961 4321 1226 4395 Spiritum
1259 4331 1509 4380 sanctum
1536 4325 1776 4382 ccelestis
1803 4325 1894 4382 ille
1919 4325 2062 4383 Deus

475 4415 810 4484 distribuit);
857 4424 991 4472 tunc
1035 4433 1131 4473 eos
1169 4417 1264 4488 qui
1299 4417 1470 4472 divini
1522 4415 1762 4489 Spiritus
1794 4417 1954 4475 donis
1979 4435 2064 4475 or-

477 4509 592 4562 nati
625 4507 863 4576 fuerant,
892 4509 1067 4566 instar
1099 4510 1242 4565 nivis
1267 4509 1530 4567 candidos
1557 4511 1844 4582 clarosque
1866 4511 2054 4569 fuisse.

477 4601 659 4668 Quare
690 4603 894 4657 dictum
939 4611 1064 4660 est:
1107 4623 1126 4656 ι
1164 4602 1368 4675 thuid
1439 4604 1792 4675 suspicamini
1844 4614 2057 4663 montes

476 4693 837 4762 coagulatos?
873 4714 891 4745 ι
943 4694 1319 4766 Objurgantur
1361 4696 1568 4752 scilicet
1609 4696 1701 4767 qui
1753 4696 1955 4768 aliquid
1985 4699 2062 4754 si-

477 4782 606 4836 mile
631 4785 900 4840 exsistere
927 4787 1264 4842 arbitrantur
1295 4806 1309 4843 :
1336 4787 1490 4842 addit
1513 4803 1644 4843 vero
1673 4803 1778 4859 qua
1807 4790 1872 4845 de
1895 4804 2060 4844 causa

477 4888 588 4927 non
633 4884 882 4946 Oporteat
919 4878 1138 4948 quidvis
1167 4879 1314 4934 aliud
1345 4897 1468 4936 cum
1514 4880 1636 4951 ipso
1678 4879 1948 4945 conferre,
1976 4883 2060 4937 di-

476 4981 607 5022 cens
639 4992 651 5022 .
685 4968 873 5025 «Mons
903 4971 958 5026 in
991 4987 1100 5042 quo
1128 4972 1528 5045 beneplacitum
1557 4982 1642 5029 est
1677 4972 1786 5029 Deo
1813 4973 2059 5031 habitare

475 5057 533 5112 in
569 5073 636 5112 eo
672 5077 685 5114 :
719 5061 920 5115 etenim
954 5061 1217 5119 Dominus
1250 5064 1516 5120 habitabit
1553 5066 1608 5120 in
1643 5065 1824 5122 ﬁnem.
1865 5085 1883 5119 ι
1921 5065 2054 5124 Nam

474 5149 568 5205 ille
593 5150 746 5206 solus
781 5166 939 5207 mons
968 5162 1052 5208 est
1083 5156 1136 5208 in
1170 5171 1278 5226 quo
1309 5154 1452 5212 Deus
1481 5156 1732 5212 habitare
1757 5159 2054 5228 cooptavit,

473 5252 528 5298 et
554 5244 608 5299 in
640 5261 748 5316 quo
767 5243 929 5300 Pater
957 5247 1294 5304 domicilium
1327 5250 1489 5306 habet
1513 5252 1566 5305 in
1587 5252 1782 5306 szrcula
1811 5251 2052 5317 inﬁnita;

476 5352 647 5408 quare
681 5351 790 5392 non
816 5337 971 5393 decet
1007 5339 1170 5392 alium
1207 5354 1332 5394 cum
1359 5341 1453 5394 illo
1474 5341 1744 5395 conferre.
1789 5341 1922 5397 Nam
1949 5345 2052 5398 etsi

473 5429 543 5484 de
566 5431 688 5487 aliis
719 5431 923 5487 dictum
959 5430 1062 5487 fuit
1091 5431 1224 5487 illud
1248 5471 1263 5496 ,
1319 5449 1338 5483 ι
1373 5430 1691 5492 Inhabitabo
1738 5435 1793 5489 in
1843 5435 1950 5492 illis
1996 5444 2051 5491 et

477 5518 847 5586 inambulabo,
877 5530 931 5578 et
959 5537 1054 5578 ero
1089 5523 1306 5576 illorum
1336 5522 1570 5590 Deus,et
1598 5526 1702 5598 ipsi
1735 5536 1896 5582 erunt
1916 5526 2048 5582 mihi

477 5615 710 5684 populus
736 5614 810 5682 ⁸¹;
849 5633 867 5667 ι
901 5624 956 5671 at
987 5631 1093 5671 non
1125 5616 1348 5687 perinde
1378 5617 1432 5672 in
1465 5618 1599 5689 ipsis
1626 5618 1834 5674 habitat
1857 5626 1910 5674 et
1933 5633 2052 5674 am-

2157 3689 2284 3760 δρος
2323 3685 2645 3758 εύτροφίαςο
2681 3686 2761 3748 είς
2801 3683 2854 3737 τί
2901 3682 3382 3755 περισπουδάζεται
3428 3678 3495 3732 τά
3535 3679 3634 3751 ὅρη
3654 3681 3726 3733 τά

2160 3779 2375 3851 ὑψηλάς
2407 3778 2480 3831 Τὸ
2514 3777 2639 3848 ὅρος
2670 3779 2806 3848 ὅπερ
2838 3775 3102 3847 ἐπόθησεν
3133 3777 3163 3828 6
3193 3773 3317 3836 Θεὸς
3351 3773 3430 3836 είς
3462 3772 3524 3825 τὸ
3550 3789 3738 3825 κατοιο

2161 3876 2277 3928 κεῖν
2325 3875 2383 3924 έν
2427 3871 2594 3942 αύτῷ,
2626 3871 2721 3924 καὶ
2747 3869 2950 3942 Κύριος
2976 3867 3384 3940 κατασκηνώσει
3408 3867 3486 3930 εἱς
3507 3866 3682 3930 τέλος.
3714 3885 3733 3916 ι

2161 3965 2412 4018 Διδάσκει
2445 3963 2503 4016 δὲ
2533 3964 2562 4016 ό
2591 3961 2767 4030 λόγος,
2799 3961 2875 4024 ὡς
2904 3961 3013 4033 ἀρα
3050 3959 3191 4014 κατά
3225 3959 3315 4013 τὸν
3339 3959 3526 4030 καιρὸν
3553 3959 3612 4011 ὲν
3637 3950 3682 4026 ᾧ
3712 3960 3746 4012 6

2161 4057 2505 4131 ἐπουράνιος,
2532 4055 2731 4127 δηλαδὴ
2759 4058 2788 4110 ό
2807 4055 2916 4109 τῶν
2936 4055 2993 4107 ὲν
3014 4053 3261 4126 οὐρανοῖς
3279 4050 3570 4106 οἰκούντων
3588 4051 3740 4116 Θεὸς,

2161 4150 2260 4223 τὴν
2307 4148 2695 4223 προλεχθεῖσαν
2744 4147 3071 4219 περιστερὰν
3119 4145 3450 4216 κατεμέριζε
3483 4147 3596 4208 τοῖς
3650 4145 3741 4197 ἐπὶ

2162 4242 2262 4314 τῆς
2302 4243 2406 4313 γῆς
2456 4238 2755 4311 βασιλεῦσι,
2786 4239 3028 4292 τουτέστι
3051 4240 3164 4301 τοῖς
3193 4238 3251 4290 ὲν
3287 4239 3354 4306 τῇ
3497 4235 3741 4306 μετόχοις

2162 4334 2265 4404 τῆς
2295 4331 2458 4386 αὑτοῦ
2507 4330 2799 4402 βασιλείας,
2837 4327 3147 4401 (προφῆται
3191 4325 3249 4380 δὲ
3293 4323 3436 4397 ἦσαν
3467 4317 3632 4389 οὗτοι,
3659 4325 3742 4378 δί-

2164 4425 2309 4481 καιοί
2339 4441 2398 4477 τε
2425 4424 2519 4478 καὶ
2545 4422 2806 4492 θεοφιλεῖς
2826 4420 3034 4492 ἄνδρες,
3063 4419 3194 4472 οἵτε
3221 4417 3460 4489 μαθηταὶ
3487 4417 3581 4470 καὶ
3606 4414 3744 4470 ἀπό-

2168 4515 2342 4570 στολοι
2373 4513 2467 4568 τοῦ
2496 4514 2745 4585 Σωτῆρος
2771 4515 2804 4584 ἡ
2815 4512 2951 4584 μῶν,
2982 4506 3065 4574 οἷς
3094 4509 3156 4563 τὸ
3188 4507 3412 4579 Πνεῦμα
3443 4509 3506 4562 τὸ
3529 4509 3684 4578 ᾶγιον
3711 4508 3744 4559 6

2163 4609 2295 4674 Θεὸς
2322 4607 2626 4682 διεμέριζεν
2649 4608 2678 4660 6
2703 4593 3070 4678 ὲπούρανιος,)
3090 4602 3267 4674 χιόνος
3287 4601 3444 4673 δίκην
3467 4598 3745 4672 ἐλαμπρύ-

2162 4717 2318 4754 νοντο
2343 4701 2394 4754 οἱ
2427 4699 2538 4753 τῶν
2563 4697 2658 4752 τοῦ
2687 4697 2830 4751 θείου
2861 4695 3176 4767 Πνεύματος
3235 4693 3589 4765 χαρισμάτων
3619 4707 3747 4746 κατ-

2162 4789 2489 4862 αξιούμενοι.
2534 4787 2624 4842 Διὸ
2641 4787 2906 4840 λέλεκταιο
2939 4787 3086 4840 (Ἵνα
3110 4784 3164 4838 τί
3200 4782 3610 4854 ὑπολαμϐάνετε
3641 4783 3741 4852 ὅρη

2161 4881 2514 4955 τετυρωμένα
2535 4897 2549 4946 ;
2573 4900 2590 4931 ι
2611 4879 3003 4950 Ἐπιτιμῶντος
3026 4876 3120 4931 τοῦ
3152 4876 3311 4944 λόγου
3340 4877 3452 4938 τοῖς
3479 4873 3669 4945 ἔτερόν
3690 4890 3744 4926 τι

2162 4976 2474 5047 νομίζουσιν
2502 4975 2686 5045 ὅμοιον
2715 4971 2864 5043 αὐτῷ
2889 4966 3048 5024 εἶναι.
3067 4967 3338 5037 Ἐπιλέγει
3359 4968 3415 5022 δὲ
3439 4968 3532 5021 καὶ
3561 4965 3745 5020 αἰτίαν

2161 5067 2227 5120 δι’
2259 5068 2326 5138 ἢν
2351 5067 2414 5120 οὑ
2445 5067 2709 5138 προσήκει
2735 5063 3224 5135 ἀντιπαραϐάλλειν
3245 5060 3395 5132 αύτῷ
3424 5061 3610 5132 ἕτερον
3629 5075 3642 5088 ·
3667 5058 3748 5112 διό

2165 5176 2298 5230 φησι
2317 5175 2332 5190 ο
2367 5179 2385 5209 ι
2413 5159 2486 5212 Τὸ
2521 5159 2647 5230 ὅρος
2674 5158 2703 5211 ὃ
2728 5157 3026 5228 ηὐδόκησεν
3053 5157 3081 5209 6
3114 5154 3246 5219 Θεὸς
3269 5155 3547 5209 κατοικεῖν
3574 5152 3634 5204 ἐν
3654 5152 3756 5206 αὐ-

2161 5251 2272 5322 τῷ·
2303 5253 2398 5304 καὶ
2438 5251 2548 5321 γάρ
2599 5250 2628 5300 ὁ
2675 5249 2879 5322 Κύριος
2928 5246 3344 5319 κατασκηνώσει
3388 5250 3467 5310 είς
3510 5244 3690 5301 τέλος.
3723 5264 3747 5296 δ

2159 5345 2336 5401 Μόνον
2371 5345 2480 5416 γάρ
2508 5347 2624 5397 ἐστι
2652 5341 2810 5396 τοῦτο
2840 5344 2896 5396 ὲν
2923 5335 2968 5411 ᾧ
2987 5342 3288 5412 ηὐδόκησεν
3325 5343 3355 5395 6
3389 5341 3521 5404 Θεὸς
3553 5355 3752 5394 κατοι-

2160 5439 2294 5499 κεῖν,
2325 5437 2418 5491 καὶ
2445 5439 2500 5490 ὲν
2523 5431 2566 5505 ᾧ
2593 5438 2622 5490 ό
2651 5436 2842 5507 Πατὴρ
2869 5435 3200 5504 κατασκηνοῖ
3225 5434 3305 5496 είς
3333 5431 3592 5502 ἀπείρους
3618 5431 3756 5485 ah?)-

2155 5545 2252 5592 νας
2271 5545 2283 5556 ·
2313 5526 2395 5580 διὸ
2433 5526 2494 5579 ού
2541 5527 2807 5597 προσήκει
2837 5525 3022 5596 ἕτερον
3048 5520 3541 5594 ἀντιπαραϐάλλειν
3567 5520 3756 5593 αὐτῷ.

2155 5620 2218 5673 Ei
2250 5617 2359 5689 γὰρ
2385 5619 2479 5673 καὶ
2519 5617 2767 5672 λέλεκται
2803 5617 2930 5689 περὶ
2962 5617 3164 5690 ἐτέρων
3191 5614 3274 5681 τὸ,
3313 5631 3333 5668 ι
3357 5613 3662 5687 Ἐνοικήσω
3685 5613 3756 5668 ιν

556 5768 599 5800 ’θ
627 5767 768 5826 Psel.
815 5787 946 5838 ιινιι,
982 5773 1071 5829 51.
1153 5775 1192 5806 ³¹
1222 5771 1366 5830 Psal.
1409 5790 1483 5841 xI,
1517 5774 1565 5828 7.
1645 5776 1687 5809 δ’
1715 5775 1887 5833 Levit.
1919 5791 2066 5844 xxw,

2193 5795 2206 5846 ;
2245 5772 2285 5830 11
2317 5776 2445 5832 Cor.
2482 5791 2555 5840 vt,
2602 5774 2689 5831 l6.
