4024 6210
280 305 374 362 τοι

1409 311 1915 370 COMMENTARIA
1953 317 2018 372 IN
2057 317 2401 379 PSALMOS.

3427 334 3534 392 τινε

276 426 464 490 αὐτοῖς
505 427 600 482 καὶ
645 429 1098 500 ὲμπεριπατήσω,
1126 429 1220 484 καὶ
1249 429 1443 501 ἔσομαι
1485 431 1664 486 αὐτῶν
1703 433 1854 497 Θεὸς,

1963 433 2132 499 bulat,
2166 444 2329 508 atque
2362 438 2418 493 in
2444 447 2629 496 monte
2656 457 2758 498 suo
2804 462 2820 499 :
2861 445 3060 501 etenim
3093 445 3256 504 Pater
3283 449 3337 505 in
3368 449 3530 519 Filio,

275 519 371 572 καὶ
399 519 558 573 αὐτοὶ
600 518 811 572 ἔσονταί
860 537 962 590 μου
991 520 1116 583 λαός
1136 538 1149 551 ο
1189 539 1207 571 ι
1246 519 1360 573 ἀλλ’
1383 522 1484 591 οὐχ
1515 520 1688 585 οὕτως
1718 523 1856 575 ένοι-

275 614 363 666 κεῖ
395 612 488 664 καὶ
513 613 880 682 ὲμπεριπατεῖ
905 611 964 667 ἐν
994 611 1224 676 τούτοις,
1248 612 1323 675 ὡς
1344 615 1401 665 ἐν
1429 613 1504 684 τῷ
1526 613 1690 666 αὐτοῦ
1716 613 1851 687 ὄρει·

273 707 303 758 6
327 704 437 775 γὰρ
459 702 649 774 Πατὴρ
669 704 728 756 ὲν
751 702 828 774 τῷ
850 702 964 774 Υίῷ
995 705 1086 756 καὶ
1107 704 1135 756 6
1174 703 1298 767 Υἱὸς
1321 705 1378 757 ὲν
1396 703 1474 774 τῷ
1496 705 1668 775 Πατρί
1683 721 1696 734 ·
1726 727 1744 756 ι
1763 706 1858 758 καὶ

273 797 332 849 ἐν
361 795 512 867 αὐτῷ
539 794 808 868 ηὑδόκησε
836 797 943 849 πᾶν
967 795 1028 849 τὸ
1043 796 1319 868 πλήρωμα
1339 797 1439 868 τῆς
1461 795 1710 868 θεότητος
1731 813 1860 850 κατ-

269 885 498 956 οικῆσαι
516 904 530 916 ’
567 907 585 940 ι
615 887 711 940 καὶ
733 887 793 940 οὐ
837 888 968 941 ποτὲ
1016 888 1113 959 μὲν
1140 887 1352 960 ᾤκησεν
1379 890 1437 942 ὲν
1467 888 1635 959 αὐτῷ,
1667 887 1855 942 ἄλλοτε

270 979 330 1034 δὲ
356 979 524 1032 αὐτοῦ
553 980 766 1052 ἀπέστη
784 997 797 1009 ·
827 980 940 1034 ἀλλ’
969 982 1049 1044 εἰς
1079 981 1137 1034 τὸ
1162 983 1386 1052 ἄπειρον
1409 980 1560 1044 τέλος
1584 981 1670 1034 ἀεὶ
1694 983 1722 1034 6
1751 981 1858 1032 Πα-

271 1072 379 1143 τὴρ
397 1072 456 1124 ὲν
476 1070 555 1142 τῷ
581 1070 695 1142 Υἱῷ
715 1075 975 1125 κατοικεῖ.
994 1073 1165 1136 Αὐτὸς
1183 1072 1240 1125 δέ
1264 1075 1410 1125 ἐστιν
1433 1074 1466 1144 ἡ
1491 1073 1677 1144 εἰρήνη
1699 1070 1855 1142 ἡμῶν

273 1163 419 1216 κατὰ
440 1163 534 1215 τὸν
561 1164 898 1218 Ἀπόστολον.
916 1165 1006 1217 Διὸ
1026 1166 1119 1218 καὶ
1134 1162 1360 1235 Σαλμὼν
1380 1163 1500 1235 (sic)
1522 1164 1854 1234 ὠνόμασται,

1961 534 2017 580 et
2043 525 2224 589 Filius,
2257 530 2314 584 in
2356 528 2541 597 Patre,
2587 550 2605 583 ι
2640 543 2695 588 et
2723 534 2776 588 in
2805 536 2925 606 ipso
2957 541 3287 608 complacuit
3317 557 3532 599 omnem

1961 617 2354 688 plenitudinem
2375 622 2677 680 divinitatis
2709 627 3011 685 inhabitare
3031 631 3076 662 ⁸³
3104 649 3118 688 :
3145 651 3166 684 ι
3193 649 3369 704 neque
3387 637 3533 690 enim

1963 711 2126 765 modo
2155 711 2420 790 habitavit
2449 715 2505 770 in
2537 717 2656 783 illo,
2690 721 2852 776 modo
2882 724 3111 779 recessit
3141 726 3210 785 ab
3237 741 3337 792 eo;
3362 729 3455 782 sed
3478 730 3533 783 in

1962 800 2235 858 inﬁnitum
2272 820 2335 859 ac
2367 822 2583 879 semper
2606 809 2768 867 Pater
2798 813 2854 868 in
2893 813 3030 870 Filio
3072 815 3358 874 inhabitat.
3413 816 3535 890 Ipse

1962 901 2144 948 autem
2159 906 2243 950 est
2263 913 2366 967 pax
2380 910 2589 964 nostra,
2615 905 2918 961 secundum
2936 907 3253 978 Apostolum
3269 910 3332 964 ³⁵.
3355 910 3536 977 Quare

1965 983 2184 1040 Selmon
2214 996 2463 1056 vocat-ur,
2505 992 2558 1047 id
2580 1001 2698 1060 est,
2729 995 2836 1050 Pax
2859 1014 2876 1064 ;
2909 1007 2962 1052 et
2996 999 3150 1054 locus
3188 998 3282 1054 Dei
3313 1017 3416 1072 pax
3446 1001 3534 1055 di-

1963 1074 2140 1138 citur,
2201 1079 2504 1136 secundum
2553 1083 2729 1150 illud,
2790 1103 2810 1137 ι
2852 1085 2911 1140 ln
2965 1103 3100 1158 pace
3148 1096 3338 1145 sancta
3382 1091 3536 1147 locus

1961 1165 2080 1235 ejus
2110 1167 2173 1222 ³³.
2204 1189 2222 1221 ι

272 1257 415 1327 ὅπερ
443 1257 592 1309 ἐστὶν
617 1257 821 1328 Εἰρήνη
841 1274 854 1286 ο
884 1258 978 1310 καὶ
1011 1258 1175 1321 τόπος
1203 1257 1298 1311 τοῦ
1327 1257 1459 1312 Θεοῦ
1490 1259 1523 1328 ὴ
1554 1257 1743 1328 εἰρήνη
1777 1255 2044 1321 λέλεκται,
2076 1259 2216 1313 κατὰ
2244 1262 2326 1326 τὸ,
2363 1285 2381 1316 ι
2405 1265 2494 1319 Ἐν
2525 1268 2717 1340 εἰρήνῃ
2748 1269 2878 1342 ἁγίᾳ
2921 1272 2949 1324 6
2983 1271 3148 1333 τόπος
3177 1273 3365 1328 αὑτοῦ.
3404 1295 3423 1324 ι

353 1368 371 1399 ι
407 1348 484 1401 Τὸ
511 1348 666 1420 ἅρμα
696 1347 791 1401 τοῦ
841 1348 972 1402 Θεοῦ
1009 1350 1418 1421 μυριοπλάσιον,
1447 1350 1680 1421 χιλιάδες
1705 1347 1862 1418 εὐθη-

2037 1352 2204 1410 νειιε.
2242 1355 2328 1410 18.
2353 1375 2373 1406 ι
2396 1357 2604 1415 Currus
2627 1360 2722 1418 Dei
2743 1363 2931 1420 decem
2963 1366 3204 1422 millibus
3230 1369 3534 1440 multiplex,

275 1439 532 1493 νούντων·
549 1439 753 1511 Κύριος
782 1441 841 1494 ὲν
869 1441 1050 1504 αὐτοῖς
1075 1443 1133 1495 ὲν
1150 1441 1300 1496 Σιναῒ
1316 1443 1374 1495 ἐν
1393 1441 1471 1512 τῷ
1495 1442 1653 1513 ἁγίῳ.
1669 1463 1688 1493 ι
1709 1443 1858 1494 Ἀπο-

1963 1446 2131 1500 millia
2160 1448 2477 1514 laztantium,
2509 1450 2773 1510 Dominus
2805 1456 2858 1510 in
2885 1457 2989 1523 eis,
3028 1458 3084 1512 in
3113 1456 3286 1524 Sinai,
3321 1439 3536 1516 insan-

273 1532 399 1596 δοὺς
435 1533 465 1584 6
493 1532 651 1600 λόγος
689 1531 910 1603 πρώτην
944 1533 1042 1604 τὴν
1073 1535 1202 1605 περὶ
1230 1531 1322 1586 τοῦ
1357 1534 1512 1602 ἁγίου
1544 1533 1860 1605 Πνεύματος

275 1621 627 1676 διδασκαλίαν
653 1621 740 1675 διὰ
768 1621 868 1692 τῆς
897 1624 1246 1694 περιστερᾶς,
1275 1624 1462 1677 ἔπειτα
1488 1623 1585 1696 τὴν
1613 1625 1858 1698 περὶτοῦ

1962 1547 2070 1595 cto.
2113 1561 2133 1592 ι
2172 1540 2304 1597 Post
2328 1543 2556 1613 primam
2589 1547 2845 1602 traditam
2872 1549 2941 1604 de
2969 1549 3179 1620 Spiritu
3219 1561 3410 1606 sancto
3438 1552 3536 1606 do-

1962 1631 2194 1686 ctrinam
2225 1649 2322 1704 per
2349 1635 2616 1692 columbae
2642 1639 3056 1698 similitudinem
3077 1683 3094 1708 ,
3136 1643 3442 1714 deindeque
3469 1645 3537 1700 de

279 1712 413 1766 Υἱοῦ
444 1713 531 1767 διὰ
573 1712 666 1766 τοῦ
696 1713 855 1785 ὅρους
879 1713 972 1766 τοῦ
1002 1713 1156 1780 Θεοῦ,
1190 1716 1505 1770 καταϐαίνει
1543 1715 1726 1769 λοιπὸν
1766 1718 1858 1770 ἐπὶ

1963 1719 2100 1777 Filio
2133 1739 2228 1793 per
2255 1723 2482 1794 ﬁguram
2513 1729 2714 1782 montis
2742 1729 2868 1795 Dei,
2902 1731 2969 1786 ad
3005 1731 3292 1788 inferiores
3317 1712 3536 1788 demum

280 1806 383 1870 τὰς
409 1806 804 1878 ὑποϐεϐηκυίας
830 1806 1086 1878 δυνάμεις
1106 1825 1118 1837 ·
1145 1808 1433 1881 παριστὰς,
1460 1810 1563 1873 ὅτι,
1598 1811 1647 1862 εί
1672 1810 1764 1862 καὶ⁵
1789 1809 1858 1863 τὰ

287 1895 526 1967 μάλιστα
549 1897 604 1949 τὸ
634 1896 760 1968 ὅρος
804 1897 865 1950 τὸ
906 1897 1164 1952 άποδοθὲν
1210 1899 1447 1954 τοιοῦτον
1476 1903 1751 1972 τυγχάνει,
1783 1902 1859 1965 ὼς

284 1992 347 2042 ὲν
397 1988 540 2059 αὐτῷ
584 1993 858 2043 κατοικεῖν
905 1991 1014 2044 πᾶν
1058 1991 1119 2044 τὸ
1162 1990 1436 2064 πλήρωμα
1461 1993 1560 2064 τῆς
1587 1995 1858 2064 πατρικῆς

286 2081 555 2153 Θεότητος,
574 2082 687 2135 ἀλλ’
704 2084 765 2136 ού
794 2083 952 2154 μόνον
975 2083 1132 2138 τοῦτο
1161 2085 1348 2155 κτῆμά
1367 2087 1485 2138 ἐστι
1510 2085 1602 2140 τοῦ
1625 2087 1855 2157 Πατρὸς,

282 2173 396 2244 ἔχει
439 2173 493 2226 δὲ
537 2176 630 2228 καὶ
655 2173 819 2237 ἄλλας
847 2176 1247 2249 ὑποϐεϐηκυίας
1287 2177 1597 2241 διακονικὰς
1631 2177 1724 2231 καὶ
1756 2178 1862 2231 λει-

275 2266 576 2336 τουργικάς
598 2265 872 2338 δυνάμεις,
900 2267 966 2332 ἃς
1002 2269 1198 2339 μυρίας
1227 2268 1391 2333 οὔσας
1429 2270 1522 2323 καὶ
1548 2269 1768 2334 πολλὰς,
1789 2273 1856 2342 τῇ

272 2375 336 2410 τε
368 2359 535 2428 ἀρετῇ
562 2358 922 2430 διαφερούσας
947 2361 1036 2430 ὑφ’
1065 2362 1160 2414 ’ένα
1201 2361 1362 2430 ζυγὸν
1393 2362 1856 2433 καταδησάμενος,

271 2450 434 2521 ᾰρμα
459 2449 634 2520 ἐαυτῷ
657 2451 976 2518 κατέζευξεν
1000 2456 1028 2506 6
1046 2454 1422 2525 παμϐασιλεὺς
1461 2456 1614 2519 Θεὸς,
1647 2456 1733 2524 ὑφ’
1751 2457 1860 2526 ἡνι-

271 2541 389 2612 όχῳ
420 2541 500 2612 τῷ
529 2543 822 2610 Μονογενεῖ
848 2543 1010 2597 αὐτοῦ
1042 2546 1215 2616 Λόγῳ.
1240 2546 1312 2599 Τὸ
1338 2547 1395 2600 δὲ
1422 2547 1625 2600 τούτων
1657 2546 1858 2618 πλῆθος

272 2635 374 2687 καὶ
402 2634 601 2706 Δανιὴλ
627 2638 656 2689 6
680 2638 961 2709 προφήτης
996 2639 1053 2692 ἐν
1079 2642 1145 2710 τῇ
1178 2639 1402 2712 Θεοπτίᾳ
1445 2641 1738 2713 παρίστησι
1772 2639 1860 2692 λέ-

267 2743 418 2797 γων’
452 2745 470 2776 ι
491 2727 696 2799 Μύριαι
724 2729 981 2801 μυριάδες
1000 2730 1376 2804 ἐλειτούργουν
1405 2733 1858 2805 αὺτῷ,κα“ιχίλιαι

269 2819 518 2892 χιλιάδες
544 2823 1001 2895 παρειστήκεισαν
1026 2824 1332 2897 ἔμπροσθεν
1362 2825 1544 2878 αὐτοῦ.
1578 2845 1596 2878 ι
1614 2820 1682 2898 ᾯ
1717 2843 1859 2898 συμ-

269 2910 476 2982 φώνως
502 2913 594 2965 καὶ
626 2913 719 2966 νῦν
753 2914 1031 2970 λέλεκται·
1065 2936 1084 2968 ι
1107 2917 1181 2970 Τὸ
1204 2918 1355 2989 ἅρμα
1382 2917 1475 2971 τοῦ
1504 2917 1639 2973 Θεοῦ
1676 2936 1861 2991 μυριο-

269 3005 530 3066 πλάσιον,
569 3005 803 3076 χιλιάδες
836 3007 1224 3079 εὐθηνούντων.
1256 3029 1274 3060 ι
1296 3009 1433 3062 Ἀνθ’
1463 3002 1523 3063 οῦ
1563 3012 1592 3063 6
1634 3010 1860 3082 Σύμμα-

1965 1822 2263 1882 potestates
2289 1817 2572 1873 descendit
2600 1837 2616 1886 ;
2645 1819 2952 1887 declarans,
2987 1823 3200 1879 etiamsi
3244 1840 3404 1880 mons
3446 1827 3537 1882 ille

1964 1917 2298 1967 memoratus
2349 1911 2661 1982 bujusmodi
2715 1915 2824 1981 sit,
2886 1923 2945 1970 ut
2994 1916 3052 1970 in
3103 1916 3224 1988 ipso
3274 1919 3537 1974 inhabitet

1964 2000 2146 2056 omnis
2190 2002 2474 2072 plenitudo
2503 2014 2744 2074 paternae
2767 2005 3100 2073 divinitatis,
3130 2024 3241 2063 non
3283 2025 3406 2066 esse
3447 2018 3534 2063 ta-

1963 2105 2089 2144 men
2122 2093 2295 2147 solam
2343 2092 2525 2151 Patris
2563 2097 3006 2166 possessionem;
3054 2100 3149 2154 sed
3179 2101 3358 2170 ipsum
3399 2101 3537 2156 alias

1966 2179 2165 2236 habere
2196 2182 2552 2241 administras
2577 2195 2631 2241 et
2659 2187 2908 2244 subditas
2938 2188 3188 2252 virtutes.
3220 2206 3382 2260 quas,
3412 2191 3538 2247 licet

1964 2267 2178 2322 inﬁnito
2208 2286 2437 2325 numero
2459 2271 2592 2339 sint,
2621 2282 2786 2343 atque
2819 2275 3020 2330 virtute
3061 2284 3402 2346 praestantes,
3433 2276 3538 2331 sub

1965 2374 2074 2413 uno
2099 2359 2232 2430 jugo
2255 2361 2520 2431 colligans
2547 2364 2792 2418 omnium
2812 2379 2906 2419 rex
2938 2365 3027 2420 ille
3054 2365 3197 2422 Deus
3226 2367 3411 2421 currui
3437 2367 3538 2422 ad-

1958 2449 2142 2521 junxit
2174 2466 2296 2515 suo,
2331 2453 2613 2524 aurigante
2641 2453 2932 2525 Unigenito
2957 2453 3134 2511 Verbo
3157 2472 3278 2512 suo.
3330 2457 3538 2513 Harum

1964 2554 2094 2595 vero
2126 2539 2528 2597 multitudinem
2572 2543 2630 2597 in
2670 2543 2853 2597 divina
2898 2560 2995 2599 sua
3046 2546 3255 2601 visione
3297 2547 3538 2602 declarat

1965 2631 2175 2698 Daniel,
2204 2634 2392 2690 dicens
2422 2657 2436 2690 :
2480 2654 2498 2686 ι
2529 2634 2719 2692 Decies
2752 2637 2949 2692 millies
2985 2637 3124 2692 dena
3162 2639 3328 2694 millia
3375 2641 3540 2694 mini-

1964 2736 2212 2792 strabant
2238 2736 2310 2801 ei,
2336 2744 2390 2792 et
2410 2735 2582 2790 millia
2613 2736 2844 2792 millium
2871 2737 3125 2792 astabant
3158 2738 3215 2794 in
3241 2749 3538 2812 conspectu

1965 2829 2087 2896 ejus
2116 2830 2183 2886 ³⁸.
2221 2849 2242 2883 ι
2279 2829 2378 2885 Cui
2402 2830 2605 2885 accinit
2633 2830 2723 2885 hic
2750 2829 2903 2886 locus
2933 2849 2948 2885 :
2990 2850 3010 2883 ι
3047 2831 3257 2888 Currus
3281 2831 3372 2888 Dei
3403 2834 3541 2888 mul-

1965 2923 2132 2994 tiplex
2164 2923 2335 2977 millia
2373 2923 2695 2980 laetantium.
2725 2941 2745 2976 ι
2797 2922 2904 2979 Pro
2933 2937 3044 2994 quo
3071 2924 3430 2996 Symmachus
3459 2927 3539 2982 sic

1966 3016 2380 3088 interpretatur,
2417 3013 2684 3073 «Vectura
2712 3015 2808 3072 Dei
2838 3017 3104 3072 denorum
3131 3017 3381 3084 millium,
3417 3017 3540 3072 mil-

268 3116 376 3171 χος
402 3099 772 3170 ήρμήνευσεν·
805 3098 1068 3171 (Ὀχησις
1091 3099 1183 3154 τοῦ
1206 3100 1341 3154 Θεοῦ
1365 3101 1657 3173 μυριάδων,
1687 3102 1858 3174 χιλιά-

1966 3111 2037 3165 lia
2071 3111 2406 3166 sonantium.
2440 3129 2459 3162 ι
2501 3108 2643 3176 Quid
2673 3108 2830 3174 illud,
2861 3127 2880 3160 ι
2905 3110 3271 3173 sonantium,»
3306 3109 3411 3164 nisi
3437 3126 3537 3164 vo-

266 3194 371 3256 δες
421 3192 718 3263 ἠχούντων.
747 3212 766 3244 ›
807 3193 872 3246 Τί
921 3193 977 3246 δὲ
1014 3213 1031 3245 ι
1061 3193 1335 3264 ἠχούντων
1365 3215 1382 3246 ι
1414 3196 1446 3267 ἢ
1495 3195 1712 3260 πάντως
1757 3213 1858 3251 που

270 3285 470 3356 φωνὰς
502 3285 726 3358 πλήρεις
754 3286 1059 3356 δοξολογίας
1091 3288 1184 3340 καὶ⁵
1212 3286 1518 3356 Θεολογίας;
1552 3283 1652 3342 Οἷα
1677 3289 1768 3343 καὶ
1794 3289 1862 3344 τὰ

272 3377 558 3449 σεραφεὶμ
578 3379 994 3451 ἀναγέγραπται
1021 3379 1172 3451 παρὰ
1199 3379 1276 3450 τῷ
1311 3379 1508 3452 Ἡσαΐᾳ
1538 3380 1744 3451 βοῶντα
1770 3381 1864 3435 καὶ

269 3468 509 3538 λέγοντα
528 3485 540 3497 ·
570 3469 813 3537 (Ἄγιος,
839 3469 1012 3538 ἅγιος,
1044 3471 1198 3540 ἆγιος
1223 3470 1426 3544 Κύριος
1455 3471 1701 3539 Σαϐαὼθ,
1725 3473 1863 3545 πλή-

274 3579 382 3634 ρης
421 3562 572 3614 πᾶσα
598 3563 631 3633 ἡ
657 3565 727 3633 γῆ
755 3562 856 3633 τῆς
874 3561 1032 3634 δόξης
1051 3562 1233 3618 αὐτοῦ.
1267 3583 1284 3615 ι
1305 3565 1392 3618 Ἐν
1412 3565 1634 3629 ταύταις
1655 3565 1712 3619 δὲ
1741 3569 1863 3632 ταῖς

271 3653 489 3725 χιλιάσι
552 3654 646 3708 καὶ
694 3657 815 3719 ταῖς
868 3655 1093 3727 μυριάσι
1136 3658 1257 3720 ταῖς
1309 3657 1742 3730 ὑπεζευγμέναις
1783 3659 1863 3731 τῷ

271 3746 489 3820 ἅρματι
519 3745 612 3800 τοῦ
643 3746 779 3800 Θεοῦ
821 3748 915 3801 καὶ
942 3748 1103 3814 αὐτὸς
1144 3751 1171 3802 6
1206 3747 1408 3822 Κύριος
1436 3750 1599 3822 μέσος
1638 3751 1864 3822 ἐμπολι-

268 3840 520 3904 τεύεται,
554 3836 742 3910 ὥσπερ
771 3839 999 3911 ἡνιοχῶν
1028 3841 1197 3906 αὐτὰς
1224 3844 1317 3896 καὶ
1341 3842 1419 3914 τῷ
1452 3844 1728 3915 Πνεύματι
1757 3861 1862 3896 πα-

272 3929 659 4002 ρασκευάζων.
707 3932 800 3984 Διὸ
841 3932 1171 4002 έπιλέγεται,
1215 3953 1234 3984 ι
1261 3934 1460 4007 Κύριος
1498 3937 1556 3989 ἐν
1604 3937 1805 4000 αὐτοῖς.
1833 3955 1854 3990 ›

271 4023 444 4086 Ποίος
475 4022 533 4075 δὲ
565 4022 789 4095 Κύριος,
821 4024 1075 4095 σημαίνει
1103 4024 1306 4097 προῖὼν
1330 4027 1424 4080 καὶ
1446 4026 1696 4096 φάσκων
1732 4045 1753 4078 ι
1775 4028 1863 4080 Ἐν

270 4114 436 4170 Σιναῖ
467 4116 525 4168 έν
551 4114 630 4186 τῷ
658 4115 817 4187 ἁγίῳ.
850 4135 868 4168 ι
896 4116 1070 4180 Αὐτὸς
1094 4117 1202 4190 γὰρ
1235 4119 1460 4184 ἐκεῖνος,
1495 4120 1682 4190 φησιν,
1706 4121 1734 4173 6
1757 4119 1865 4172 Κύ-

269 4226 397 4281 ριος
437 4209 466 4260 6
509 4209 566 4261 ὲν
614 4208 764 4262 Σιναῒ
796 4208 874 4280 τῷ
901 4209 1042 4280 ἁγίῳ
1072 4209 1187 4282 ὄρει
1215 4211 1430 4280 ὀφθείςο
1467 4207 1535 4283 ἦν
1565 4212 1622 4266 δὲ
1653 4204 1808 4276 οὗτος
1833 4213 1862 4266 6

265 4301 370 4355 τοῦ
410 4300 547 4358 Θεοῦ
573 4301 765 4370 Λόγος,
800 4301 1000 4374 δηλαδὴ
1045 4306 1157 4368 τοῖς
1201 4303 1304 4356 ὑπὸ
1335 4303 1396 4357 τὸ
1421 4303 1575 4376 ἅρμα
1602 4303 1694 4359 τοῦ
1727 4303 1860 4357 Θεοῦ

265 4392 651 4462 ἐζευγμένοις.
672 4394 762 4447 Διὸ
773 4395 834 4447 οὐ
855 4393 931 4465 τῷ
945 4393 1112 4467 [mm]
1128 4395 1537 4467 τετραγράμμῳ
1549 4396 1810 4467 κέχρηται
1827 4398 1859 4467 ή

1965 3219 2056 3259 ces
2086 3204 2337 3259 laudibus
2372 3203 2681 3273 divinisque
2704 3201 3050 3258 sermonibus
3075 3202 3265 3272 plenas
3293 3201 3541 3256 emitten-

1964 3296 2134 3352 tium?
2163 3295 2357 3362 Qualia
2386 3294 2660 3365 seraphim
2687 3293 2832 3364 apud
2855 3291 3053 3348 Isaiam
3099 3292 3338 3346 clamare
3363 3307 3427 3345 ac
3449 3291 3537 3346 di-

1963 3401 2089 3442 cere
2117 3386 2380 3456 scriptum
2403 3392 2488 3440 est
2518 3403 2533 3439 :
2569 3403 2589 3435 ι
2625 3382 2880 3446 Sanctus,
2907 3389 3154 3446 sanctus,
3178 3390 3403 3436 sanctus
3430 3379 3538 3435 Do.

1964 3478 2146 3532 minus
2171 3475 2430 3541 Sabaoth,
2450 3477 2609 3547 plena
2632 3484 2715 3532 est
2731 3475 2909 3531 omnis
2925 3482 3071 3530 terra
3099 3472 3271 3545 gloria
3296 3472 3416 3542 ejus
3433 3472 3534 3527 ³⁷.»

1962 3569 2111 3626 Inter
2159 3571 2276 3626 haec
2322 3570 2492 3624 millia
2531 3577 2585 3625 et
2611 3568 2750 3625 dena
2784 3567 2988 3634 millia,
3039 3582 3162 3638 quae
3211 3566 3306 3622 Dei
3354 3571 3539 3622 currui

1955 3663 2153 3734 juncta
2181 3669 2342 3724 sunt,
2375 3662 2592 3718 medius
2619 3667 2869 3717 versatur
2898 3660 3016 3730 ipse
3050 3658 3316 3715 Dominus
3335 3699 3350 3725 ,
3380 3660 3538 3729 quasi

1965 3754 2224 3824 aurigans
2255 3768 2319 3808 ac
2347 3750 2574 3823 Spiritui
2603 3766 2915 3822 praeparans
2939 3753 3109 3821 ipsas.
3173 3749 3538 3816 Quamobrem

1963 3847 2335 3918 subjungitur,
2373 3863 2393 3898 ι
2424 3845 2688 3900 Dominus
2731 3845 2786 3899 in
2821 3844 2923 3899 eis.
2959 3862 2978 3895 ι
3032 3843 3137 3908 Qui
3172 3843 3244 3898 sit
3277 3841 3540 3895 Dominus

1964 3936 2198 3992 subinde
2219 3935 2461 3991 declarat
2494 3936 2579 3990 his
2602 3935 2804 4000 verbis,
2841 3953 2860 3986 ι
2899 3933 2957 3988 ln
2993 3931 3166 3997 Sinai,
3199 3932 3255 3986 in
3291 3937 3533 3987 sancto.»

1965 4032 2098 4086 Nam
2126 4032 2260 4102 ipse,
2294 4031 2494 4102 inquit,
2525 4029 2790 4086 Dominus
2815 4039 2898 4086 est
2931 4029 3027 4099 qui
3059 4029 3114 4084 in
3143 4035 3326 4084 monte
3349 4035 3542 4083 sancto

1967 4122 2117 4176 Sinai
2147 4123 2300 4178 visus
2323 4129 2444 4190 est;
2478 4130 2597 4176 erat
2624 4129 2804 4178 autem
2833 4121 2924 4176 ille
2955 4119 3053 4176 Dei
3087 4118 3324 4175 Verbum
3345 4157 3362 4183 ,
3389 4118 3541 4173 visus

1964 4213 2174 4268 scilicet
2201 4213 2270 4267 iis
2299 4212 2393 4283 qui
2442 4213 2547 4268 sub
2574 4227 2742 4266 curru
2787 4210 2881 4266 Dei
2923 4211 3101 4281 juncti
3131 4219 3309 4265 erant.
3359 4208 3540 4274 Quare

1964 4305 2233 4360 llebraica
2263 4305 2446 4370 lectio,
2485 4319 2598 4359 non
2647 4312 3066 4374 tetragrammo,
3104 4303 3219 4358 sive
3251 4315 3383 4354 voce
3411 4314 3540 4369 qua-

1965 4404 2089 4452 tuor
2111 4398 2414 4452 litterarum
2448 4397 2641 4461 utitur,
2673 4395 2769 4451 sed
2791 4395 3058 4449 elementa
3089 4391 3399 4447 communia
3431 4389 3540 4444 Do-

278 4484 552 4558 Ἑϐραῖκὴ
585 4484 750 4552 λέξις,
783 4488 1064 4558 στοιχείοις
1100 4466 1156 4540 δὲ
1185 4491 1383 4552 κοινοῖς
1408 4466 1499 4541 τὸν
1528 4466 1733 4560 Κύριον
1763 4466 1858 4540 πεέ

1965 4487 2170 4542 minum
2198 4502 2508 4542 memorans
2535 4490 2765 4556 usurpat
2790 4483 2846 4537 iu
2865 4483 2979 4547 illo,
3010 4481 3304 4536 «Dominus
3323 4479 3377 4532 in
3397 4480 3533 4534 eis.»

268 4578 454 4650 ριέχει
500 4578 557 4631 ὲν
601 4579 700 4651 τῷ,
738 4598 755 4630 ι
783 4578 988 4652 Κύριος
1021 4581 1079 4634 ὲν
1129 4580 1333 4645 αὐτοῖς.
1365 4581 1512 4634 »Ἵνα
1539 4581 1648 4652 γάρ
1676 4581 1858 4651 ἕτερον

265 4673 608 4746 παραστήσῃ
633 4672 820 4727 τοῦτον
851 4671 945 4726 τοῦ
975 4671 1230 4745 ἀνωτέρω
1271 4671 1358 4726 διὰ
1385 4671 1478 4726 τοῦ
1512 4671 1859 4743 τετραγράμ-

269 4782 381 4836 μου
413 4765 776 4836 σημανθέντος
804 4765 959 4831 Θεοῦ,
990 4767 1078 4820 ὅτε
1112 4765 1212 4837 μὲν
1245 4786 1263 4818 ι
1291 4765 1350 4819 τὸ
1372 4765 1524 4838 ἆρμα
1548 4763 1642 4818 τοῦ
1670 4764 1804 4817 Θεοῦ
1834 4783 1853 4816 ι

265 4855 516 4924 ἐλέγετο,
551 4855 639 4911 διά
687 4857 792 4910 τῶν
835 4859 1235 4930 ἀνεκφωνήτων
1269 4861 1398 4930 παρ’
1437 4856 1706 4929 Ἑϐραίοις
1738 4855 1860 4927 ἐδη-

261 4950 439 5006 λοῦτο
467 4952 743 5026 στοιχείων
765 4969 780 4984 ο
814 4953 932 5007 νυνὶ.
963 4953 1020 5006 δὲ
1051 4955 1159 5017 τοῖς
1191 4951 1516 5024 κοινοτέροις
1546 4954 1860 5024 χαρακτῆρ-

263 5060 386 5110 σιν,
405 5038 485 5107 οἷς
513 5044 606 5099 καὶ
625 5046 653 5097 6
679 5045 806 5116 παρ’
833 5043 1142 5116 ἀνθρώποις
1163 5045 1436 5116 γράφεται
1459 5043 1666 5115 κύριος.
1685 5045 1864 5115 Ἀκρι-

264 5131 390 5197 σῶς
422 5132 479 5186 δὲ
515 5135 606 5187 καὶ
630 5133 721 5187 τὸν
747 5134 909 5188 τόπον
934 5135 1356 5205 ἐπισημαίνεται
1381 5133 1471 5187 τὸν
1505 5155 1522 5186 ι
1551 5137 1608 5189 έν
1635 5132 1806 5199 Σιναῖ,
1834 5153 1853 5184 ι

265 5226 365 5280 ινα
410 5228 629 5298 σημήνῃ
657 5227 746 5281 τὸν
779 5229 870 5281 ἐπὶ
898 5227 1000 5299 γῆς
1038 5227 1272 5297 ὀφθέντα
1299 5227 1523 5299 Κύριον.
1557 5227 1768 5300 Σφόδρα
1802 5225 1859 5280 δὲ

273 5318 592 5383 ἀκολούθως
614 5319 852 5390 ἐπιλέγει
881 5319 1030 5389 ἑξῆς·

390 5435 408 5466 ι
463 5415 688 5488 Ἀνέϐης
755 5417 835 5480 είς
912 5415 1082 5484 ὕψος,
1152 5410 1580 5484 ᾐχμαλώτευσας
1650 5414 1852 5485 αἰχμα-

279 5507 521 5561 ῖωσίαψ
596 5507 784 5573 ἔλαϐες
850 5507 1058 5579 δόματα
1123 5507 1181 5560 ἐν
1239 5502 1566 5577 ἀνθρώποις.
1611 5524 1629 5556 ι
1673 5506 1853 5558 Αἰνετ-

1970 4579 2036 4634 Ut
2063 4579 2208 4635 enim
2255 4595 2380 4634 eum
2411 4579 2578 4633 alium
2601 4592 2724 4634 esse
2760 4575 3065 4631 declararet
3104 4573 3172 4628 ab
3201 4588 3288 4637 eo,
3319 4572 3412 4642 qui
3445 4587 3538 4626 su-

1962 4673 2148 4744 perius
2195 4688 2295 4742 per
2341 4687 2539 4727 nomen
2569 4676 2804 4741 quatuor
2835 4669 3139 4723 litterarum
3169 4665 3534 4729 indicabatur,

1965 4763 2097 4828 Deo,
2135 4779 2262 4818 cum
2295 4780 2314 4815 ι
2347 4776 2545 4816 currus
2575 4759 2671 4815 Dei
2706 4778 2725 4811 ι
2760 4759 3058 4825 diceretur,
3085 4757 3371 4813 elementis
3391 4753 3536 4826 apud

1961 4857 2217 4913 Hebraeos
2243 4854 2607 4911 inelfabilihus
2633 4868 2765 4909 usus
2810 4861 2930 4919 est;
2962 4865 3109 4905 nunc
3130 4865 3260 4904 vero
3293 4862 3538 4902 commu-

1962 4951 2211 5008 nioribus
2240 4945 2674 5011 characteribus,
2721 4945 2921 5015 quibus
2971 4942 3245 4998 indicatur
3279 4940 3538 4994 dominus

1961 5044 2190 5116 quilibet
2219 5041 2361 5113 apud
2390 5040 2657 5095 homines.
2709 5035 2916 5090 Locum
2951 5035 3080 5090 item
3109 5040 3364 5089 accurate
3394 5030 3538 5086 indi-

1962 5146 2069 5200 cat,
2108 5155 2126 5187 ι
2159 5137 2214 5191 in
2245 5133 2429 5199 Sinai,
2466 5153 2485 5185 ι
2517 5142 2577 5187 ut
2617 5131 2948 5202 signiﬁcaret
2982 5127 3269 5184 Dominum
3303 5128 3358 5181 in
3390 5134 3538 5180 terra

1962 5231 2163 5285 visum.
2231 5226 2434 5283 Deinde
2490 5233 2886 5295 consequenter
2945 5221 3237 5277 admodum
3299 5217 3466 5272 infert
3515 5229 3534 5269 :

2034 5412 2199 5468 Vens.
2231 5409 2322 5464 29..
2385 5427 2404 5459 ι
2443 5405 2753 5464 Ascendisti
2785 5405 2840 5459 in
2869 5404 3058 5465 altum,
3086 5397 3274 5470 cepisti
3309 5391 3534 5463 captivi-

1961 5514 2148 5571 tatem,
2185 5501 2440 5572 accepisti
2482 5500 2625 5554 dona
2673 5498 2729 5552 in
2770 5494 3102 5551 hominibus.
3143 5507 3159 5539 ι
3201 5488 3534 5540 Desccnsum

355 5743 398 5776 ⁸³
423 5747 631 5804 Coloss.
670 5766 706 5810 ι.
755 5751 837 5806 l9.
916 5751 1183 5823 “Ephes.
1222 5767 1282 5816 ιι,
1333 5749 1417 5806 ll.
1483 5749 1528 5783 ³⁵
1551 5748 1695 5807 Psal.
1731 5764 1858 5804 ωλι

1967 5794 1978 5806 .
2057 5749 2100 5781 '°
2122 5746 2257 5803 Dan.
2293 5760 2390 5811 vn,
2430 5744 2507 5797 ιο.
2587 5742 2627 5773 ³⁷
2655 5739 2758 5796 lsa.
2791 5754 2864 5802 vi,
2896 5736 2948 5789 '5.
