4024 6210
468 343 574 400 705

1140 335 1414 395 EUSEBII
1447 334 1932 392 CASSARIENSIS
1969 333 2120 391 OPP.
2160 332 2341 388 PARS
2379 330 2466 386 111.
2507 357 2574 372 -·
2617 325 3027 383 EXECETICA.

3627 326 3736 382 70-6

463 479 632 535 porro
657 460 778 528 eius
801 455 1116 514 subindicat
1134 470 1259 510 cum
1288 455 1384 518 ait,
1413 455 1745 511 «ascendlsti
1781 475 1794 510 :
1824 475 1842 508 ι
1872 472 2049 526 neque

2164 469 2299 505 τεται
2347 452 2404 504 δὲ
2459 448 2625 504 αὐτοῦ
2657 448 2757 521 τὴν
2797 447 3042 510 κάθοδον,
3095 443 3186 498 διὰ
3225 444 3318 498 τοῦ
3356 444 3556 514 φάναι,
3599 465 3617 496 ι
3640 448 3738 499 ἀνε-

466 555 612 609 enim
671 563 1003 604 ascensurus
1062 555 1215 612 erat,
1281 547 1390 602 nisi
1444 547 1600 618 prius
1652 547 2050 604 descendisset.

2155 543 2290 614 έϐης
2308 557 2322 571 ·
2355 561 2374 594 ι
2411 543 2472 595 οὐ
2503 540 2612 612 γὰρ
2641 539 2706 593 ἀν
2734 539 2911 601 άλλως
2945 536 3136 607 ἀνέϐη,
3163 536 3212 587 εί
3247 535 3320 606 μὴ
3348 536 3610 608 πρότερον
3638 553 3740 589 κα-

472 665 491 697 ι
511 643 646 698 Nam
684 642 778 713 qui
807 639 1112 705 descendit,
1141 640 1257 710 ipse
1280 647 1366 695 est
1398 650 1451 696 et
1491 641 1584 711 qui
1611 641 1861 696 ascendit
1889 656 2057 712 super

2164 633 2498 705 ταϐεϐήκει.ι
2520 633 2578 686 '0
2594 633 2701 705 γὰρ
2738 630 3004 696 καταϐὰς,
3032 630 3193 694 αὐτός
3221 631 3338 682 ἐστι
3368 631 3461 682 καὶ
3485 632 3513 682 6
3533 629 3738 695 ἀναϐάς

465 751 658 791 omnes
701 734 896 794 caelos,
931 741 992 787 ut
1022 732 1277 802 impleret
1321 733 1508 787 omnia
1539 733 1603 786 ³⁸.
1640 750 1659 784 ι
1702 731 1844 798 Quid
1875 740 2054 787 autem

468 829 600 884 fecit
646 842 770 881 cum
806 824 1188 881 ascendisset?
1241 823 1523 894 Captivam
1559 825 1717 880 duxit
1771 825 2056 895 captivita-

468 932 605 984 tem,
636 928 692 975 et
716 920 928 990 accepit
954 919 1097 974 dona
1122 918 1177 973 in
1203 917 1539 972 hominibus.
1599 916 1774 982 Quam
1804 932 1933 972 vero
1965 932 2058 971 ca-

467 1015 772 1085 ptivitatem
792 1013 1064 1082 captivam
1087 1010 1266 1069 duxit.
1294 1011 1398 1064 nisi
1431 1011 1691 1081 prmdicta
1724 1011 2058 1081 spolia,qu:e

469 1107 671 1162 milites
715 1107 800 1160 sui
836 1105 1142 1160 diviserant
1175 1103 1199 1156 ?
1239 1101 1344 1156 Sed
1381 1098 1561 1157 etiam
1603 1103 1869 1174 largiente
1899 1100 2060 1158 Patre

469 1215 572 1254 suo
601 1199 812 1268 accepit
842 1199 986 1252 dona
1017 1198 1072 1251 in
1101 1195 1438 1261 hominibus,
1496 1195 1798 1251 secundum
1825 1197 2059 1266 promis-

469 1290 683 1345 sionem
720 1288 784 1342 ad
827 1288 1004 1358 ipsum
1053 1285 1254 1340 factam
1304 1287 1391 1341 his
1442 1287 1628 1342 verbis
1661 1306 1674 1341 :
1714 1307 1731 1337 ‹
1769 1285 1991 1341 Postula
2027 1302 2057 1340 a

465 1396 579 1444 me,
632 1387 686 1434 et
732 1379 874 1433 dabo
907 1378 1004 1432 tibi
1039 1387 1228 1449 gentes
1265 1376 1636 1432 hereditatem
1666 1385 1816 1430 tuam
1847 1387 1900 1430 et
1934 1392 2060 1447 pos-

469 1471 779 1527 sessionem
805 1476 956 1524 tuam
982 1470 1246 1524 terminos
1274 1477 1454 1524 terrae.
1485 1469 1528 1501 "
1565 1486 1584 1519 ι
1616 1468 1871 1537 Acceptis
1900 1483 1929 1522 a
1957 1467 2060 1522 Pa-

473 1575 557 1619 tre
605 1563 918 1633 hnjusmodi
971 1562 1131 1618 donis
1170 1581 1189 1614 ι
1221 1563 1277 1617 in
1313 1561 1647 1624 hominibus,
1681 1579 1700 1611 ι
1739 1576 1891 1614 suam
1924 1576 2058 1614 con-

474 1656 654 1712 stituit
703 1653 1028 1712 Ecclesiam.
1090 1652 1189 1710 His
1237 1653 1532 1723 subjicitur
1577 1670 1590 1706 :
1647 1669 1666 1703 ‹
1706 1650 1917 1706 Etenim
1950 1667 2058 1706 non

475 1749 763 1804 credentes
805 1748 1154 1813 inhabitare;
1195 1767 1214 1798 ο
1263 1744 1409 1816 quod
1435 1745 1641 1800 clarius
1667 1744 2058 1815 interpretatus

2155 727 2410 798 ὑπεράνω
2440 725 2656 778 πάντων
2677 724 2786 778 τῶν
2813 722 3081 794 οὐρανῶν,
3109 722 3196 777 ἴνα
3226 720 3488 793 πληρώσῃ
3515 722 3584 774 τὰ
3611 726 3744 775 πάν-

2153 835 2242 873 τα.
2275 837 2294 870 ι
2316 817 2549 881 Ἀναϐὰς
2582 817 2640 870 δὲ
2668 816 2722 870 τί
2754 816 3019 889 ἐπραξεν;
3056 813 3509 887 ᾘχμαλώτευσεν
3544 815 3746 885 αίχμα-

2155 910 2376 975 λωσίαν,
2413 911 2509 964 καὶ
2559 908 2716 962 ἔλαϐε
2761 907 2969 980 δόματα
3015 909 3072 961 ὲν
3119 907 3445 979 ἀνθρώποις.
3485 907 3656 960 Ποίαν
3684 907 3742 961 δὲ

2156 1001 2534 1074 αἰχμαλωσίαν
2557 1001 2977 1074 ᾐχμαλώτευσεν
3002 1000 3036 1072 ἢ
3061 1000 3130 1054 τά
3154 999 3520 1073 προλεχθέντα
3548 999 3742 1062 σκύλα,

2156 1095 2191 1150 ἃ
2217 1095 2554 1166 διενείμαντο
2583 1097 2632 1148 οἱ
2667 1093 2832 1148 αὐτοῦ
2863 1093 3228 1166 argutum-at;
3274 1092 3434 1146 Ἀλλά
3466 1093 3564 1147 καὶ
3590 1091 3750 1146 ἔλαϐε

2155 1188 2366 1259 δόματα
2394 1190 2450 1241 ὲν
2477 1187 2806 1259 ἀνθρώποις,
2824 1186 2916 1240 τοῦ
2948 1185 3162 1259 Πατρὸς
3181 1186 3329 1258 αὐτῷ
3346 1185 3750 1257 δεδωρημένου,

2156 1282 2278 1336 καθ’
2307 1283 2372 1352 ἣν
2401 1279 2736 1352 ἐπήγγελται
2779 1280 2916 1351 πρὸς
2945 1278 3110 1332 αὐτὸν
3148 1278 3504 1347 ἐπαγγελίαν,
3533 1279 3715 1351 φήσας
3733 1278 3751 1306 έ

2163 1387 2183 1421 ι
2213 1369 2445 1440 Αἵτησαι
2477 1372 2606 1442 παρ’
2625 1368 2784 1438 ἐμοῦ,
2808 1370 2902 1423 καὶ
2925 1369 3080 1423 δώσω
3107 1386 3187 1422 σοι
3221 1368 3347 1440 ἔθνη
3373 1368 3469 1437 τὴν
3498 1369 3756 1440 κληρονο-

2162 1461 2291 1533 μίαν
2319 1478 2408 1515 σου
2431 1462 2524 1515 καὶ
2547 1462 2647 1534 τὴν
2673 1461 2999 1534 κατάσχεσίν
3024 1479 3116 1516 σου
3137 1461 3206 1515 τά
3228 1461 3440 1533 πέρατα
3463 1461 3565 1532 τῆς
3589 1462 3746 1532 γῆς.»

2158 1555 2344 1609 Ταῦτα
2365 1555 2501 1609 δὲτὰ
2529 1554 2737 1626 δόματα
2759 1575 2775 1606 ι
2801 1556 2859 1608 ὲν
2881 1554 3188 1627 ἀνθρώποις
3211 1574 3228 1606 ι
3259 1554 3512 1628 παράτοῦ
3536 1555 3753 1626 Πατρὶς

2161 1647 2362 1712 λαϐὼν,
2401 1649 2768 1719 συνεστήσατο
2805 1648 2906 1719 τὴν
2946 1647 3271 1718 Ἐκκλησίαν
3314 1647 3501 1700 αὐτοῦ.
3529 1649 3755 1710 Τούτοις

2161 1739 2286 1810 ἑξῆς
2330 1740 2574 1811 εἴρηται·
2616 1757 2635 1790 ι
2666 1740 2776 1792 Καὶ
2819 1739 2929 1810 γάρ
2956 1737 3309 1802 ἀπειθοῦντες
3347 1739 3440 1792 τοῦ
3472 1757 3758 1818 κατασληο

479 1839 843 1912 Symmachus
872 1847 976 1904 est,
1029 1857 1049 1889 ι
1085 1838 1276 1897 Adhuc
1304 1844 1358 1892 et
1382 1838 1436 1892 in
1459 1852 1571 1892 non
1597 1837 1946 1892 credentibus
1978 1839 2060 1892 in-

2164 1831 2362 1885 νῶσαιο
2395 1850 2414 1882 ι
2446 1832 2584 1901 ὅπερ
2615 1831 2947 1902 σαφέστερον
2983 1830 3263 1884 ἀπέδωκεν
3285 1833 3312 1885 6
3347 1831 3651 1902 Σύμμαχος
3686 1834 3758 1884 εξ-

480 1932 748 1987 habitare.
794 1951 814 1984 ι
860 1930 997 1985 Nam
1030 1937 1086 1984 et
1119 1927 1277 1993 illud,
1312 1929 1513 1999 inquit,
1570 1943 1599 1981 a
1628 1927 1790 1984 Patre
1825 1929 2056 1999 accepit,

478 2033 538 2077 ut
568 2023 901 2078 inhabitaret
936 2023 991 2076 in
1020 2023 1100 2078 eis
1138 2025 1235 2092 qui
1266 2021 1397 2076 olim
1428 2036 1537 2076 non
1580 2021 1964 2086 crediderant,
2006 2031 2061 2075 et

478 2117 664 2188 pietati
691 2115 746 2170 in
773 2115 943 2170 Deum
977 2114 1448 2170 contradixerant.
1504 2113 1638 2168 Nam
1672 2114 1813 2169 hanc
1844 2128 2062 2185 quoque

480 2214 802 2278 potestatem
830 2207 1063 2277 accepit,
1093 2213 1154 2260 ut
1183 2206 1239 2260 in
1260 2205 1440 2260 medio
1463 2218 1572 2259 non
1610 2203 1948 2259 credentium
1976 2204 2062 2258 in-

478 2302 772 2367 habitaret,
819 2308 984 2372 atque
1015 2315 1082 2355 ex
1111 2300 1245 2370 ipsis
1277 2313 1388 2354 n‘on
1417 2298 1768 2354 credentibus
1800 2297 1941 2353 dona
1971 2312 2063 2352 ac-

479 2395 703 2467 ciperet.
734 2393 1030 2464 Postquam
1061 2401 1242 2449 autem
1276 2403 1356 2448 tot
1379 2402 1646 2464 prtecepta
1677 2399 1802 2461 post
1828 2391 2064 2463 pr0phe-

479 2490 608 2543 tiam
659 2489 787 2544 data
837 2497 985 2552 sunt,
1022 2487 1286 2559 deinceps
1331 2486 1572 2557 Spiritus
1621 2495 1870 2550 sanctus,
1902 2486 2062 2556 quasi

470 2580 756 2652 przeclaris
787 2579 1240 2651 mirabilibusque
1274 2579 1443 2650 gestis
1478 2579 1760 2650 operibus,
1789 2585 1870 2632 tot
1893 2578 2063 2632 bono-

477 2689 598 2728 rum
629 2673 876 2744 largitori
905 2671 1182 2728 benedicit
1205 2671 1291 2726 his
1315 2672 1496 2727 verbis
1529 2689 1541 2724 :
1585 2689 1603 2721 ι
1623 2669 1889 2724 Dominus
1922 2667 2064 2723 Deus

477 2765 822 2832 benedictus,
877 2763 1201 2819 benedictus
1248 2761 1513 2818 Dominus
1569 2761 1834 2833 quotidie.
1871 2779 1890 2814 ι
1945 2759 2064 2814 Non

468 2858 620 2912 ultra
668 2857 835 2924 enim,
879 2855 1077 2926 inquit,
1112 2855 1365 2910 homines
1419 2853 1688 2924 malignos
1721 2853 1948 2924 spiritus
1978 2867 2065 2906 er-

473 2965 606 3004 rore
637 2949 786 3003 ducti
812 2951 1024 3011 colunt,
1056 2947 1153 3001 sed
1187 2946 1420 3016 singulis
1447 2946 1640 3000 diebus
1665 2953 1718 2999 el.
1750 2944 1901 2998 horis
1927 2960 2066 3014 pne-

479 3041 687 3096 dictum
724 3040 1013 3094 Dominum
1067 3037 1424 3094 benedicunt.
1490 3037 1610 3108 Ipse
1638 3051 1768 3091 vero
1799 3035 2065 3091 Dominus

485 3153 506 3185 ‹
535 3148 854 3204 prosperum
887 3133 991 3188 iter
1013 3131 1176 3186 faciet
1204 3131 1384 3191 nobis,
1408 3151 1427 3184 ι
1468 3147 1592 3185 cum
1617 3131 1734 3201 ipse
1757 3131 1828 3186 sit
1862 3148 1882 3182 ‹
1921 3128 2064 3186 Deus

475 3226 804 3280 salutarium
835 3233 1206 3280 nostrorum.»
1243 3223 1369 3278 [late
1400 3239 1530 3279 vero
1559 3240 1624 3279 ex
1652 3239 1882 3295 persona
1911 3223 2067 3277 chori

479 3318 852 3388 apostolorum
886 3317 1128 3387 Spiritus
1153 3325 1381 3372 sanctus
1407 3316 1684 3387 loquitur,
1722 3324 1781 3370 ut
1813 3315 1881 3370 ab
1913 3314 2068 3369 initio

481 3410 752 3464 sermonis
784 3409 1211 3465 declaravimus.
1241 3409 1510 3476 Quoniam
1541 3409 1710 3480 igitur
1739 3422 2068 3479 prosperum

481 3503 584 3556 iter
615 3517 645 3555 a
676 3500 787 3557 Deo
817 3503 894 3556 illi
925 3504 1314 3573 precabantur,
1345 3512 1403 3557 ut
1429 3518 1552 3556 eum
1582 3502 1815 3565 adirent,
1850 3502 1926 3556 nti
1953 3500 2065 3570 jam

483 3601 641 3648 antea
675 3594 885 3648 dictum
909 3602 1016 3659 est,
1055 3596 1372 3651 necessario
1408 3594 1600 3649 dicunt
1632 3612 1647 3648 :
1688 3614 1707 3646 ι
1739 3593 2066 3648 Benedictus

484 3686 744 3740 Dominus
773 3686 1039 3756 quotidie,
1073 3703 1396 3758 prosperum
1429 3689 1532 3742 iter
1558 3686 1718 3742 faciet
1741 3687 1897 3742 nobis
1925 3683 2067 3741 Deus

482 3778 806 3832 salutarium
838 3788 1174 3834 nostrorum.
1216 3799 1236 3833 ι
1303 3779 1412 3835 Pro
1438 3780 1532 3834 illo
1561 3789 1766 3844 autem,
1807 3799 1824 3832 ι
1861 3781 2068 3836 saluta-

481 3869 624 3922 rium
651 3876 1024 3931 nostrornm,»
1066 3870 1430 3942 Symmachus
1467 3891 1486 3923 ι
1513 3871 1814 3926 Salvatoris
1843 3872 2015 3926 nostri
2039 3891 2058 3924 ι

484 3960 872 4028 interpretatus
897 3969 1016 4028 est;
1051 3978 1148 4031 pro
1169 3978 1279 4032 quo
1300 3979 1519 4018 rursum
1535 3961 1862 4018 chraicum
1883 3979 2067 4019 exem-

483 4050 625 4119 plar,
662 4049 964 4106 Salvatoris
997 4055 1170 4107 nostri
1193 4052 1324 4108 Jesu
1355 4069 1555 4108 nomen
1594 4054 2063 4109 commemoravit.

490 4161 509 4194 ‹
534 4142 679 4198 Deus
715 4154 925 4210 noster,
946 4144 1090 4200 Deus
1126 4145 1308 4200 salvos
1339 4145 1594 4209 faciendi,
1628 4154 1682 4200 et
1710 4145 1927 4199 Domini
1958 4144 2068 4199 Do-

483 4236 618 4291 mini
650 4237 832 4292 cxitus
855 4237 1067 4292 mortis.
1110 4256 1130 4291 ι
1164 4237 1288 4292 Haec
1320 4251 1539 4291 rursum
1569 4251 1636 4290 ex
1667 4251 1902 4306 persona
1938 4252 2068 4307 apo-

483 4329 750 4384 stolorum
796 4329 1113 4399 prophetice
1141 4328 1285 4384 dicta
1319 4337 1468 4383 sunt.
1519 4325 1659 4393 Quia
1690 4327 1835 4381 enim
1867 4327 1934 4382 de
1958 4327 2068 4384 Deo

481 4423 636 4493 prius
663 4424 830 4479 locuti
861 4430 1010 4488 sunt,
1029 4430 1433 4494 consequenter
1463 4424 1516 4478 in
1547 4422 1802 4494 prarscnti
1834 4423 2025 4478 dicunt
2051 4442 2064 4476 :

486 4533 506 4565 ι
545 4515 688 4572 Deus
722 4525 930 4577 noster.
961 4517 1103 4572 Deus
1135 4518 1318 4573 salvos
1350 4517 1606 4584 faciendi,
1636 4525 1689 4573 et
1715 4515 1929 4571 Domini
1961 4516 2068 4572 Do-

2160 1923 2312 1977 πών⁸
2347 1925 2500 1977 «Ἐτι
2541 1926 2637 1978 καὶ
2683 1925 2742 1976 ἐν
2788 1923 3077 1977 ἀπειθοῦσι
3120 1924 3564 1995 κατασκηνῶσαι.
3597 1943 3618 1976 ι
3649 1926 3760 1978 Καὶ

2159 2019 2318 2073 τοῦτο
2350 2019 2480 2092 γὰρ,
2516 2019 2669 2091 φησὶ,
2701 2019 2852 2091 παρά
2877 2018 2970 2072 τοῦ
3003 2019 3217 2091 Πατρὸς
3250 2019 3430 2082 ἔλαϐε,
3473 2017 3535 2072 τὸ
3587 2037 3760 2073 κατα-

2164 2113 2441 2185 σκηνῶσαι
2467 2115 2524 2166 ἐν
2547 2117 2660 2178 τοῖς
2690 2113 2857 2167 πάλαι
2883 2112 3170 2166 ἀπειθοῦσι
3194 2113 3289 2167 καὶ
3323 2111 3675 2182 ἀντιλέγουσι
3698 2115 3762 2186 τῇ

2161 2210 2255 2264 τοῦ
2283 2209 2418 2263 Θεοῦ
2447 2209 2718 2280 εὐσεϐείᾳ.
2747 2209 2860 2262 Καὶ
2891 2207 3095 2278 ταύτην
3119 2208 3226 2279 γὰρ
3261 2205 3452 2278 εἴληφε
3485 2208 3590 2279 τὴν
3617 2206 3767 2272 ἐξου-

2165 2304 2307 2367 σίαν,
2339 2301 2479 2355 ὥστε
2513 2303 2570 2354 ὲν
2605 2300 2757 2372 μέσῳ
2795 2300 2904 2353 τῶν
2949 2298 3316 2376 ἀπειθούντων
3348 2299 3763 2370 κατασκηνοῦν,

2163 2397 2222 2462 ἐξ
2255 2395 2433 2450 αὐτῶν
2480 2412 2538 2448 τε
2585 2393 2692 2448 τῶν
2739 2392 3106 2447 ἀπειθούντων
3134 2390 3430 2463 λαμϐάνειν
3461 2390 3648 2463 ἐαυτῷ
3679 2392 3738 2444 δό

2167 2505 2330 2560 ματα.
2363 2485 2643 2540 Τοσούτων
2695 2485 2759 2556 δὴ
2817 2483 3156 2555 μαθημάτων
3209 2482 3633 2556 παραδοθέντων
3680 2483 3770 2538 διὰ

2162 2581 2263 2652 τῆς
2286 2579 2644 2651 προφητείας,
2668 2577 2794 2648 ἑξῆς
2814 2578 2876 2631 τὸ
2898 2575 3124 2648 Πνεῦμα
3148 2575 3209 2628 τὸ
3234 2576 3407 2645 ἆγιον,
3434 2575 3512 2638 ὡς
3541 2576 3639 2629 tul
3672 2594 3771 2648 με·

2164 2672 2348 2742 γάλοις
2381 2673 2477 2726 καὶ
2506 2670 2831 2742 παραδόξοις
2863 2667 3303 2740 κατορθώμασιν,
3327 2667 3544 2736 εὐλογεῐ
3565 2669 3661 2721 τὸν
3687 2685 3776 2722 τοι

2166 2765 2369 2820 σούτων
2401 2764 2622 2835 ἀγαθῶν
2649 2765 2851 2834 δοτῆρα
2884 2762 3090 2831 φάσκον
3113 2777 3127 2791 ⁸
3163 2779 3182 2812 ι
3209 2761 3412 2832 Κύριος
3448 2762 3477 2814 6
3509 2759 3648 2825 Θεὸς
3678 2760 3772 2813 εύ-

2164 2857 2411 2929 λογητὸς,
2457 2857 2750 2928 εὐλογητὸς
2791 2856 2996 2928 Κύριος
3041 2854 3255 2928 ἡμέραν
3299 2855 3420 2908 καθ’
3465 2855 3711 2926 ἡμέραν.
3743 2873 3763 2907 ι

2166 2950 2362 3005 Οὐκέτι
2396 2950 2526 3022 γὰρ,
2561 2952 2746 3021 φησὶν,
2781 2950 3056 3022 ἄνθρωποι
3087 2949 3345 3020 δαίμονας
3374 2950 3653 3019 πονηροὺς
3679 2965 3775 3002 πε-

2122 3085 2125 3088 .
2166 3041 2525 3114 πλανημένως
2550 3043 2885 3110 δοξάζουσιν,
2912 3041 3028 3096 ἀλλ’
3055 3043 3143 3112 ἐφ’
3162 3043 3401 3114 ἑκάστης
3429 3044 3645 3115 ἡμέρας
3674 3044 3772 3097 καὶ⁵

2169 3133 2288 3187 καθ’
2316 3135 2552 3206 ἑκάστην
2591 3134 2741 3206 ὥραν
2789 3135 2881 3188 τὸν
2927 3132 3342 3206 προδηλωθέντα
3372 3134 3576 3205 Κύριον
3604 3133 3768 3186 εὐλο-

2095 3207 2135 3262 C
2167 3225 2374 3296 γοῦσιν.
2393 3227 2450 3280 Ὀ
2475 3227 2531 3280 δὲ
2566 3227 2729 3291 αὐτὸς
2755 3227 2957 3299 Κύριος
2991 3245 3008 3277 ι
3039 3225 3402 3280 κατευοδώσει
3429 3227 3579 3296 ἡμῖν,
3605 3245 3623 3276 ο
3659 3227 3770 3279 αῦ-

2171 3319 2260 3383 τὸς
2287 3319 2362 3372 ῶν
2392 3339 2408 3370 ε
2437 3322 2465 3374 6
2483 3320 2615 3383 Θεὸς
2634 3318 2741 3373 τῶν
2767 3318 3049 3392 σωτηριῶν
3078 3318 3257 3391 ἡμῶν.
3280 3339 3298 3370 ι
3319 3320 3481 3387 Λέγει
3499 3318 3555 3371 δὲ
3583 3317 3770 3373 ταῦτα

2167 3411 2228 3464 τὸ
2256 3411 2478 3483 Πνεῦμα
2512 3412 2572 3464 τὸ
2605 3411 2758 3480 ἅγιον
2783 3411 2846 3463 ἐκ
2873 3409 3165 3482 προσώπου
3194 3411 3287 3464 τοῦ
3311 3409 3474 3482 χοροῦ
3495 3409 3608 3463 τῶν
3630 3413 3770 3464 ἀπο-

2171 3505 2391 3568 στόλων,
2439 3506 2630 3576 ῶσπερ
2661 3501 2757 3558 οῦν
2815 3505 2906 3558 καὶ
2938 3504 3230 3574 ἀρχόμενοι
3250 3503 3344 3556 τοῦ
3395 3503 3555 3572 λόγου
3625 3520 3771 3574 παρ-

2167 3599 2501 3669 εστήσαμεν.
2553 3598 2928 3652 Ἐπεὶποῐνυν
2967 3602 3067 3670 τῆς
3102 3601 3166 3652 ὲκ
3181 3598 3275 3652 τοῦ
3291 3597 3427 3652 Θεοῦ
3459 3598 3768 3652 κατευοδώ-

2169 3706 2305 3754 σεως
2335 3690 2543 3745 ἐδέοντο
2572 3686 2740 3757 οῦτοι,
2769 3693 2849 3755 εἰς
2885 3691 2946 3744 τὸ
2973 3691 3290 3764 ὁδοποιῆσαι
3322 3689 3492 3761 αὐτῷ,
3525 3691 3673 3744 κατά
3700 3692 3769 3744 τὰ

2167 3781 2476 3854 ἔμπροσθεν
2500 3783 2782 3854 εἰρημένα,
2819 3783 3131 3852 ἀναγκαίως
3182 3783 3365 3851 φασίνο
3405 3801 3423 3832 ι
3453 3781 3770 3854 Εὐλογητὸς

2167 3876 2371 3947 Κύριος
2425 3876 2639 3948 ἡμέραν
2690 3875 2810 3930 καθ’
2847 3875 3094 3947 ἡμέραν,
3143 3874 3504 3928 κατευοδώσει
3553 3878 3691 3945 ἡμῖν
3741 3877 3770 3926 ό

2166 3969 2296 4033 Θεὸς
2339 3969 2448 4024 τῶν
2491 3969 2772 4042 σωτηριῶν
2809 3968 2988 4040 ἡμῶν.
3019 3988 3037 4022 ι
3060 3970 3206 4022 Ἀντὶ
3231 3968 3286 4021 δὲ
3319 3967 3438 4031 τοῦ,
3471 3987 3488 4019 ι
3516 3968 3629 4021 τῶν
3661 3984 3769 4022 σω-

2166 4060 2369 4132 τηριῶν
2397 4060 2576 4132 ἡμῶν,
2610 4080 2630 4113 ι
2659 4063 2688 4114 6
2716 4059 3034 4131 Σύμμαχος,
3075 4077 3093 4110 ι
3119 4058 3215 4111 τοῦ
3243 4057 3500 4128 Σωτῆρος
3525 4056 3714 4128 ἡμῶν,
3746 4076 3765 4108 ι

2166 4154 2546 4225 ἡρμήνευσενο
2581 4153 2700 4207 ἀνθ’
2727 4148 2788 4207 οῦ
2815 4152 2876 4205 τὸ
2923 4151 3211 4224 Ἐϐραῖκὸν
3242 4151 3402 4205 πάλιν
3437 4149 3532 4205 τοῦ
3569 4149 3772 4220 ὀνόμα-

2166 4261 2258 4308 τος
2295 4244 2388 4298 τοῦ
2423 4245 2676 4317 Σωτῆρος
2722 4243 2878 4315 ἡμῶν
2916 4243 3092 4314 Ἰησοῦ
3148 4243 3442 4315 μέμνηται.
3485 4263 3501 4293 ι
3531 4241 3590 4295 Ὀ
3635 4241 3769 4305 Θεὸς

2169 4335 2347 4406 ἡμῶν,
2391 4337 2419 4390 6
2447 4335 2580 4399 Θεὸς
2629 4335 2725 4388 τοῦ
2760 4333 2974 4400 σώζειν,
3006 4335 3102 4388 καὶ
3136 4334 3231 4387 τοῦ
3289 4335 3498 4406 Κυρίου
3557 4334 3767 4404 Κυρίου

2169 4430 2227 4482 αἱ
2269 4427 2490 4494 διέξοδοι
2533 4428 2626 4482 τοῦ
2673 4428 2926 4484 θανάτου.
2963 4449 2981 4481 ι
3025 4428 3195 4482 Πάλιν
3237 4429 3302 4481 ἐκ
3336 4425 3632 4498 προσώπου
3659 4425 3768 4480 τῶν

2173 4521 2484 4574 ἀποστόλων
2505 4519 2859 4591 προφητικῶς
2877 4521 2972 4573 καὶ
2995 4517 3167 4572 ταῦτα
3193 4517 3464 4571 λέλεκται.
3485 4518 3542 4570 Ἐ
3554 4518 3642 4569 πεὶ
3661 4517 3766 4586 γάρ

481 4607 613 4660 mini
641 4607 822 4662 exitus
851 4609 1073 4670 mortis;
1098 4627 1117 4659 ι
1153 4607 1269 4663 sive
1297 4607 1598 4662 secundum
1624 4606 2008 4678 Symmachum
2046 4628 2059 4663 :

2171 4581 2809 4684 ὲθεολόγησαν.διά’τῶν
2841 4581 3177 4683 νὲμπροσθεν,
3214 4608 3527 4672 ἀκολούθως
3561 4581 3764 4661 καὶνδιά

485 4721 504 4751 ι
545 4702 690 4758 Deus
726 4705 906 4768 nobis,
931 4704 1075 4760 Deus
1109 4705 1165 4758 in
1196 4705 1450 4770 salutem,
1483 4712 1538 4759 et
1571 4703 1786 4759 Domini
1811 4703 2061 4759 domina-

482 4796 619 4851 toris
642 4799 822 4852 exitus
853 4800 904 4852 in
933 4808 1185 4852 mortem.
1223 4817 1242 4850 ι
1280 4796 1414 4850 Nam
1447 4813 1571 4852 cum
1604 4797 1693 4851 hic
1723 4798 1875 4852 solus
1919 4797 2062 4854 Deus

482 4890 575 4952 sit,
613 4890 660 4943 is
692 4905 824 4944 sane
859 4892 1042 4946 exitus
1087 4891 1294 4946 invenit
1332 4893 1489 4962 queis
1518 4906 1548 4944 a
1576 4899 1753 4946 morte
1784 4893 2057 4948 evaderet.

481 4981 931 5051 Quandoquidem
978 4983 1158 5038 omnis
1191 4983 1357 5038 homo
1388 4984 1454 5038 ad
1498 4983 1806 5053 ingressum
1842 4983 2062 5055 quidem

482 5073 674 5127 mortis
700 5074 966 5143 pervenit,
999 5073 1242 5128 nondum
1276 5083 1460 5130 tamen
1491 5075 1561 5130 ab
1586 5091 1652 5130 eo
1687 5077 1839 5132 exire
1863 5079 2060 5147 potuit.

482 5164 744 5221 Dominus
787 5175 969 5221 autem
1005 5166 1094 5221 hic
1123 5176 1480 5233 memoratus,
1511 5170 1602 5240 qui
1628 5169 1742 5239 jam
1766 5171 2067 5240 communi-

481 5258 586 5313 bus
615 5257 899 5313 elementis
931 5258 984 5312 in
1015 5257 1284 5314 llebraico
1316 5259 1456 5314 libro
1485 5261 1766 5327 scribitur,
1797 5277 1923 5317 cum
1969 5279 2066 5319 ex-

483 5353 592 5406 itus
623 5367 652 5404 a
681 5360 856 5405 morte
883 5351 1180 5422 aperuerit,
1203 5350 1346 5407 Deus
1369 5354 1532 5407 saluti
1556 5355 1903 5425 cognominis
1935 5355 2067 5410 effe-

481 5451 603 5499 ctus
635 5449 736 5497 est.
781 5440 1146 5508 Quamobrem
1175 5441 1375 5496 dicitur
1403 5461 1416 5498 :
1459 5462 1478 5495 ι
1512 5443 1654 5501 Deus
1681 5454 1889 5511 noster,
1922 5445 2065 5501 Deus

483 5534 665 5590 salvos
703 5533 960 5589 faciendi.
1001 5553 1020 5587 ι
1062 5533 1245 5601 Quare
1292 5534 1382 5590 hic
1416 5535 1535 5605 ipse
1581 5535 1722 5593 Jobo
1753 5539 2065 5596 vaticinans

483 5628 738 5683 dicebat:
780 5647 798 5680 ι
831 5627 1046 5683 Venisti
1087 5637 1267 5684 autem
1317 5627 1373 5683 in
1409 5627 1613 5685 fontem
1668 5633 1859 5700 maris,
1896 5643 1950 5690 ct
2008 5633 2062 5688 in

564 5810 604 5839 "
633 5809 809 5873 liphcs
865 5829 935 5876 Iv,
983 5814 1065 5867 ἰοῦ,
1149 5815 1188 5846 δί’
1218 5812 1361 5871 Ps:.l.
1405 5833 1464 5880 tl,
1501 5815 1551 5869 8.

2169 4705 2279 4758 τῶν
2325 4705 2462 4777 μετά
2499 4706 2686 4777 χεῖράς
2713 4720 2877 4774 φασιν
2896 4722 2910 4735 ο
2951 4722 2970 4754 ι
2993 4704 3052 4756 '0
3082 4702 3214 4765 Θεὸς
3242 4700 3420 4772 ἡμῶν,
3454 4703 3483 4754 6
3511 4701 3649 4763 Θεὸς
3673 4699 3763 4752 τοῦ

2173 4798 2386 4864 σώζειν,
2421 4800 2514 4852 καὶ
2540 4798 2633 4851 τοῦ
2664 4798 2870 4868 Κυρίου
2904 4797 3114 4868 Κυρίου
3144 4798 3199 4848 αἱ
3233 4795 3457 4862 διέξοδοι
3484 4795 3584 4847 τοῦ
3616 4795 3764 4848 θανά-

2170 4905 2294 4942 τουο
2322 4908 2340 4939 ι
2368 4888 2400 4959 ἢ
2428 4888 2567 4942 κατά
2599 4888 2692 4941 τὸν
2721 4887 3021 4959 Σύμμαχον
3043 4902 3056 4915 ·
3096 4906 3114 4938 ι
3137 4888 3196 4940 '0
3219 4886 3351 4950 Θεὸς
3373 4889 3506 4958 ἡμῖν
3532 4888 3665 4949 Θεὸς
3688 4888 3762 4948 είς

2175 4981 2471 5052 σωτηρίαν,
2506 4982 2718 5035 καὶτοῦ
2744 4982 2950 5052 Κυρίου
2989 4980 3083 5034 τοῦ
3116 4981 3378 5034 δεσπότου
3413 4981 3470 5032 αἱ
3505 4981 3589 5043 είς
3609 4979 3762 5032 θάνα-

2170 5091 2264 5126 τον
2295 5073 2482 5137 ἔξοδοι.
2517 5093 2535 5123 ι
2569 5073 2742 5138 Μόνος
2777 5073 2885 5146 γὰρ
2933 5069 3088 5138 οὗτος
3131 5073 3264 5136 Θεὸς
3308 5071 3384 5126 ῶν
3429 5071 3526 5126 τοῦ
3576 5069 3761 5134 σώζειν

2171 5162 2384 5232 ἐξόδους
2404 5166 2593 5237 εῦρετο
2613 5168 2705 5221 τοῦ
2728 5168 2982 5222 θανάτου.
3002 5165 3223 5238 Ἐπειδὴ
3249 5166 3356 5229 na;
3378 5165 3667 5239 ἄνθρωπος
3686 5164 3762 5223 είς

2177 5261 2274 5332 μὲν
2308 5261 2408 5332 τὴν
2438 5260 2638 5314 εἴσοδον
2671 5259 2765 5314 τοῦ
2801 5259 3031 5314 θανάτου
3067 5259 3324 5329 ἔφθασεν,
3353 5259 3539 5312 οὐκέτι
3584 5257 3641 5311 δὲ
3675 5256 3769 5310 καὶ

2171 5353 2460 5421 διεξελθεῖν
2505 5354 2667 5408 αὐτὸν
2715 5353 3096 5424 δεδύνηται.”0
3126 5351 3182 5405 δὲ
3210 5351 3298 5404 διὰ
3339 5349 3451 5402 τῶν
3479 5350 3769 5418 παρόντων

2169 5445 2330 5518 δηλού
2339 5464 2498 5517 μενος
2519 5446 2747 5518 Κύριος,
2773 5447 2868 5499 καὶ
2901 5446 2998 5499 νῦν
3021 5444 3110 5498 διὰ
3129 5443 3238 5496 τῶν
3269 5441 3462 5497 κοινῶν
3485 5437 3768 5510 στοιχείων

2171 5541 2230 5594 ἐν
2261 5539 2623 5612 τῇἙϐραῖκῇ
2651 5538 2818 5609 βίϐλῳ
2837 5539 3207 5611 γραφόμενος,
3233 5533 3500 5599 διεξόδους
3535 5528 3763 5600 ποιησά-

2176 5649 2333 5703 μενος
2362 5630 2455 5685 τοῦ
2490 5631 2742 5695 θανάτου,
2771 5631 2962 5701 γέγονε
2994 5629 3128 5693 Θεὸς
3158 5625 3444 5696 ἐπώνυμος
3467 5620 3760 5694 σωτηρίας.
