4024 6210
259 255 372 315 785

1400 256 1910 313 (ΣΟΜΜΕΝΤᾹΒῙΑ
1946 259 2022 315 1N
2060 258 2403 318 ΡεΑιΜοε.

3432 270 3536 329 706

255 371 354 429 Διὸ
387 372 669 428 λέλεκταν
701 389 721 423 t
744 372 803 427 Ὀ
851 371 986 438 Θεὸς
1034 374 1217 447 ἡμῶν,
1241 377 1270 430 6
1299 374 1431 442 Θεὸς
1460 375 1555 430 τοῦ
1586 376 1800 442 σώζειν.
1827 398 1846 431 ι

1953 378 2203 452 vestigiis
2254 379 2441 451 abyssi
2490 378 2807 437 ambulasti.
2855 380 3193 452 Aperiantur
3229 395 3408 441 autem
3435 387 3536 443 tibi

255 464 353 519 Διὸ
383 464 476 519 καὶ
514 463 594 537 τῷ
636 461 755 519 Ἰὼϐ
797 466 826 518 ό
858 466 1020 531 αὐτὸς
1054 461 1211 531 οὗτος
1243 467 1597 540 χρηματίζων
1625 467 1811 538 ἔλεγεν
1833 484 1852 503 ο

263 553 502 622 ςἮλθες
524 556 582 611 δὲ
610 558 706 612 ἐπὶ
733 560 919 631 πηγὴν
953 558 1254 631 θαλάσσης·
1279 562 1338 614 ἐν
1364 559 1422 614 δὲ
1454 560 1657 631 ἴχνεσιν
1685 562 1853 616 ἀϐύσ-

260 665 358 703 σου
404 649 1189 722 περιεπάτησας.Ἀνοίγονται
1239 651 1299 705 δέ
1347 668 1431 706 σοι
1480 652 1631 725 φόϐῳ
1684 654 1852 709 πύλαι

258 740 517 800 θανάτου.
576 740 829 815 Πυλωροὶ
875 742 933 796 δὲ
986 743 1115 815 ᾅδου
1172 743 1372 808 ίδόντες
1425 762 1486 799 σε
1528 744 1786 818 ἔπτηξαν.
1825 766 1846 800 ι

256 833 569 907 stuppam
597 834 694 888 καὶ
722 835 781 889 ὲν
805 835 1034 899 ἐκείνοις
1061 836 1160 907 τὴν
1196 838 1277 900 είς
1304 836 1396 892 τὸν
1425 836 1655 893 θάνατον
1684 838 1849 893 αὐτοῦ

257 925 487 981 κάθοδον
531 926 628 980 καὶ⁸
673 926 774 998 τὴν
826 927 1037 981 ἐκεῖθεν
1084 927 1320 992 διέξοδον
1345 930 1637 1001 παριστὰς,
1662 930 1851 1004 ὥσπερ

254 1014 353 1073 οῦν
380 1018 477 1072 καὶ
508 1020 567 1072 ἐν
592 1022 707 1081 τοῖς
728 1019 1132 1091 προκειμένοις,
1162 1017 1244 1084 οἷς
1282 1020 1592 1086 ἀκολούθως
1620 1022 1720 1094 τὴν
1742 1022 1850 1077 τῶν

257 1107 473 1181 ᾃχθρῶν
516 1107 685 1162 αὑτοῦ
729 1109 1019 1181 συντριϐὴν
1051 1108 1296 1164 διδάσκει
1335 1110 1543 1180 λέγων·
1593 1129 1611 1163 ι
1642 1112 1791 1184 Πλὴν
1820 1115 1851 1165 6

255 1199 393 1265 Θεὸς
427 1198 719 1254 συνθλάσει
750 1200 993 1270 κεφαλὰς
1024 1199 1237 1272 ἐχθρῶν
1277 1199 1465 1255 αὐτοῦ.
1496 1220 1516 1254 ι
1551 1203 1662 1256 Καὶ
1692 1201 1850 1256 τοῦτο

252 1291 315 1346 δὲ
346 1294 564 1365 νοήσεις
606 1292 877 1365 παραθεὶς
904 1294 1004 1366 τὴν
1035 1296 1093 1348 ὲν
1116 1294 1290 1367 ἑτέρῳ
1318 1295 1583 1364 λέγουσαν
1628 1297 1846 1367 φωνήν·

260 1401 282 1436 ι
310 1384 386 1437 Σὺ
417 1384 801 1455 ὲκραταίωσας
829 1386 896 1457 τῇ
923 1384 1150 1456 δυνάμει
1191 1402 1286 1440 σου
1317 1386 1415 1459 τὴν
1446 1386 1740 1455 θάλασσαν,
1783 1388 1849 1442 σὺ

256 1477 588 1549 συνέτριψας
605 1478 706 1541 τὰς
731 1478 976 1547 κεφαλὰς
1004 1478 1115 1533 τῶν
1140 1480 1451 1552 δρακόντων
1477 1481 1570 1534 ἐπὶ
1597 1481 1693 1535 τοῦ
1724 1480 1851 1536 ὕδα-

251 1587 369 1635 τος.
392 1570 467 1625 Σὺ
500 1570 834 1635 συνέθλασας
858 1570 958 1642 τὴν
987 1572 1230 1644 κεφαλὴν
1252 1573 1346 1627 τοῦ
1375 1574 1688 1645 δράκοντος.
1713 1594 1731 1626 ι
1753 1573 1852 1629 Διὰ

251 1661 369 1734 γὰρ
392 1660 711 1717 τούτωνκαὶ
745 1665 796 1716 οί
816 1661 1000 1736 ἐχθροὶ
1030 1663 1125 1718 τοῦ
1158 1664 1293 1718 Θεοῦ
1322 1664 1691 1737 έδηλὼθησαν,
1722 1665 1852 1738 περὶ

1952 470 2147 526 timore
2182 478 2354 540 portae
2398 468 2587 525 inferi.
2643 468 2868 527 Ostiarii
2895 487 3028 528 vero
3056 473 3259 529 inferni
3286 476 3534 535 videntes

1951 569 2008 618 te
2047 562 2334 619 conterriti
2379 567 2510 618 sunt
2548 562 2618 616 ιο.
2658 582 2677 616 ι
2719 562 2933 620 Diserte
2965 567 3021 620 in
3053 566 3167 623 illis
3195 583 3414 639 quoque
3437 570 3538 627 de.

1950 671 2207 713 scensum
2243 656 2365 727 ejus
2387 656 2442 710 in
2472 664 2705 712 mortem
2740 665 2797 713 et
2835 658 3041 715 exitum
3073 660 3202 717 inde
3223 660 3533 728 declarans,

1952 751 2408 823 quemadmodum
2439 759 2495 807 et
2525 751 2581 807 in
2616 754 2999 823 praesentibus,
3025 764 3217 826 postea
3246 772 3378 813 vero
3402 766 3537 813 edn-

1951 851 2245 914 sequenter
2291 843 2642 897 inimicorum
2672 859 2901 900 suorum
2949 848 3337 904 contritionem
3374 849 3537 904 docet

1951 936 2039 992 his
2063 936 2248 992 verbis
2281 955 2301 992 ε.
2332 955 2351 988 t
2385 933 2778 992 Verumtamen
2826 937 2972 995 Deus
3003 938 3310 1012 confringet
3351 940 3535 1012 capita

1948 1028 2301 1084 inimicorum
2327 1042 2576 1084 suorum.
2617 1046 2637 1079 ι
2701 1026 2828 1086 Haec
2848 1045 3012 1101 porro
3044 1030 3336 1103 intelliges,
3362 1031 3411 1088 si
3437 1043 3536 1088 νος

1949 1135 2066 1176 cem
2097 1120 2206 1175 alio
2234 1120 2289 1174 in
2324 1120 2538 1191 psalmo
2567 1122 2798 1190 positam
2823 1121 2950 1177 huic
2976 1137 3282 1193 compares,
3300 1138 3531 1194 nempe:

1954 1234 1978 1264 ι
2005 1211 2087 1267 Tu
2116 1212 2457 1268 confirmasti
2483 1213 2686 1268 virtute
2707 1223 2801 1269 tua
2823 1229 2994 1279 mare,
3023 1223 3081 1269 tu
3105 1216 3414 1272 contrivisti
3440 1231 3534 1271 ca-

1949 1305 2062 1376 pita
2084 1304 2389 1359 draconum
2416 1304 2474 1358 in
2507 1318 2670 1375 aqua.
2704 1303 2784 1359 Tu
2812 1304 3133 1378 confregisti
3159 1314 3325 1377 caput
3344 1307 3536 1362 draco.

1949 1401 2059 1457 nis.
2099 1418 2119 1452 ι
2156 1397 2255 1455 His
2282 1399 2430 1455 enim
2460 1399 2671 1453 inimici
2720 1398 2815 1455 Dei
2844 1399 3215 1464 declarantur,
3243 1397 3312 1453 de
3333 1398 3535 1469 quibus

1950 1492 2040 1547 hic
2060 1491 2270 1547 dictum
2305 1498 2390 1547 est
2416 1508 2430 1546 :
2467 1509 2485 1543 ι
2518 1489 2906 1547 Verumtamen
2938 1491 3083 1547 Deus
3105 1490 3413 1560 confringet
3438 1504 3531 1545 ca-

1949 1583 2063 1654 pita
2094 1583 2445 1639 inimicorum
2470 1597 2715 1638 suorum.
2757 1602 2778 1637 ι
2837 1583 3007 1638 Erant
3033 1590 3214 1639 autem
3239 1582 3319 1638 illi
3343 1582 3535 1637 draco-

1950 1691 2050 1732 nes
2080 1676 2136 1731 in
2164 1679 2303 1733 mari
2335 1685 2391 1734 et
2415 1679 2471 1733 in
2494 1679 2717 1735 humida
2750 1678 3056 1734 substantia
3094 1685 3311 1742 nantes,
3339 1676 3533 1733 videli-

252 1744 335 1805 ὧν
363 1751 595 1806 ἐνταῦθα
615 1752 900 1808 λέλεκται·
928 1773 947 1805 ι
976 1754 1126 1827 Πλὴν
1153 1755 1182 1807 ό
1212 1754 1345 1820 Θεὸς
1372 1755 1659 1810 συνθλάσει
1679 1773 1848 1827 κεφα-

1950 1775 2036 1824 cet
2065 1770 2395 1825 adversariae
2438 1778 2740 1842 potestates
2781 1771 2876 1828 Dei
2909 1772 3166 1835 inimicae,
3196 1771 3252 1824 in
3284 1769 3447 1826 salsis
3475 1776 3533 1824 et

257 1843 364 1908 λὰς
404 1843 609 1917 ἐχθρῶν
652 1844 843 1899 αὐτοῦ.
875 1842 1085 1899 »Ἶίσαν
1118 1845 1176 1900 δὲ
1207 1841 1354 1901 οὗτοι
1395 1848 1689 1921 δράκοντες
1714 1851 1762 1902 οί
1792 1850 1850 1902 ἐν

259 1933 512 2006 θαλάσσῃ
558 1934 649 1988 καὶ
694 1935 789 1989 ἐπὶ
818 1936 992 2007 ὑγρᾶς
1020 1935 1211 2000 οὐσίας
1256 1936 1564 2009 νηχόμενοι,
1593 1937 1850 2008 δυνάμεις

255 2025 466 2099 δηλαδὴ
493 2027 869 2099 ἁντικείμεναι
904 2028 1099 2100 ἐχθραὶ
1134 2028 1228 2083 τοῦ
1254 2029 1413 2095 Θεοῦ,
1441 2032 1555 2094 τοῖς
1585 2030 1849 2102 ἁλμυροῖς

259 2119 362 2172 καὶ
415 2121 659 2192 ρευστοῖς
724 2118 818 2173 τοῦ
870 2119 987 2191 βίου
1048 2120 1288 2193 κύμασιν
1343 2120 1848 2193 ὲγκαλινδούμεναι.

259 2211 425 2266 Ὅθεν
454 2213 547 2267 καὶ
574 2214 633 2268 ὲν
660 2211 739 2285 τῷ
779 2211 900 2266 Ἰὼϐ
931 2212 1177 2282 ἐλέγετο·
1205 2209 1439 2279 (Ἦλθες
1463 2215 1521 2268 δὲ
1542 2215 1637 2268 ἐπὶ
1665 2215 1849 2287 πηγὴν

254 2303 537 2378 θαλάσσης
558 2345 575 2372 ,
628 2308 687 2360 ὲν
737 2305 794 2359 δὲ
843 2307 1045 2377 ἴχνεσιν
1104 2305 1344 2362 ἀϐύσσου
1414 2307 1844 2379 περιεπάτησας.

266 2398 606 2466 ’Δνοεγονται
632 2396 691 2451 δέ
722 2414 804 2452 σοι
838 2396 990 2470 φόϐῳ
1029 2398 1197 2452 πύλαι
1229 2398 1482 2453 θανάτου.
1511 2398 1763 2471 Πυλωροὶ
1788 2399 1846 2452 δὲ

252 2489 406 2563 ᾅδου,
432 2490 637 2554 ἰδόντες
666 2506 750 2554 σε,
781 2489 1043 2562 ἔπτηξαν.
1077 2508 1096 2542 ι
1128 2490 1575 2563 Συντριϐομένων
1601 2490 1712 2563 γὰρ
1735 2489 1847 2544 τῶν

252 2580 510 2651 κεφαλῶν
552 2581 662 2635 τῶν
704 2580 1034 2654 δρακόντων,
1069 2580 1339 2655 ἔπτησσον
1382 2583 1435 2636 οί
1479 2582 1721 2654 πυλωροὶ
1749 2579 1845 2637 τοῦ

251 2672 417 2745 ᾄδου-
450 2672 532 2726 διδ
568 2673 667 2727 καὶ
707 2672 857 2744 φόϐῳ
888 2673 987 2737 τὰς
1017 2672 1194 2738 πύλας
1226 2674 1446 2746 ἤνοιγον
1484 2672 1581 2726 τοῦ
1614 2672 1846 2727 θανάτου

250 2764 335 2837 τῷ
366 2765 470 2829 τὰς
497 2765 742 2836 κεφαλὰς
768 2764 877 2818 τῶν
903 2762 1115 2837 ἐχθρῶν
1145 2763 1310 2819 αὐτοῦ
1341 2762 1659 2818 συνθλῶντι.
1684 2756 1844 2819 Οὗτοι

251 2858 310 2913 δὲ
334 2860 385 2912 oi
424 2857 633 2931 ἐχθροὶ.
649 2857 745 2912 τοῦ
781 2858 990 2931 Κυρίου
1014 2857 1076 2912 τὸ
1106 2857 1320 2913 πάντων
1354 2856 1659 2931 ἀνθρώπων
1713 2874 1847 2912 κατ-

252 2952 493 3007 επάτουν
539 2951 716 3022 γένος.
756 2952 848 3006 Διὸ
864 2951 1113 3008 λέλεκται
1136 2953 1261 3024 ἑξῆς
1280 2969 1294 2984 ’
1323 2972 1343 3004 ι
1375 2951 1635 3026 Κορυφὴν
1659 2952 1844 3025 τριχὸς

249 3044 725 3120 διαπορευομένων
771 3047 831 3102 ἐν
870 3045 1274 3120 πλημμελείαις
1312 3046 1513 3102 αὐτῶν.
1555 3067 1575 3101 ι
1627 3048 1843 3103 Τούτων

250 3136 366 3210 γὰρ
485 3113 617 3202 Θεὸς
650 3137 936 3193 συνθλάσει
1108 3138 1370 3209 κεφαλὰς,
1402 3140 1556 3211 φησὶ,
1589 3139 1699 3194 τῶν
1732 3140 1846 3195 δια·
1870 3113 1916 3174 C

250 3229 639 3302 πορευομένων
684 3229 783 3294 τὰς
807 3231 916 3284 τῶν
946 3229 1248 3305 ἀνθρώπων
1281 3231 1546 3301 κεφαλάς.
1566 3232 1712 3286 ’Δντὶ
1735 3227 1845 3306 γὰρ

250 3321 372 3386 τοῦ,
412 3340 431 3373 ι
460 3321 705 3396 κορυφὴν
757 3322 961 3393 τριχὸς,
1009 3322 1255 3396 κορυφὴν
1302 3321 1568 3396 ἑντριχον,
1600 3342 1620 3375 ι
1668 3324 1848 3396 ἡρμή-

251 3429 446 3467 νευσεν
491 3414 522 3466 6
563 3413 880 3485 Σύμμαχος.
918 3416 1147 3488 Κορυφὴ
1177 3416 1235 3470 δὲ
1263 3415 1510 3489 ἕντριχος
1551 3418 1585 3488 ἡ
1634 3416 1844 3489 κεφαλὴ

252 3505 364 3561 τῶν
405 3504 712 3578 ἀνθρώπιον
760 3507 1106 3578 σημαίνεται.
1138 3508 1358 3562 Τούτων
1404 3505 1498 3563 οὖν
1525 3509 1705 3563 αὐτῶν
1737 3509 1846 3563 τῶν

252 3599 468 3672 ἐχθρῶν
497 3599 716 3666 ἑαυτοῦ,
737 3600 849 3655 τῶν
872 3600 1139 3673 πρότερον
1164 3601 1263 3666 τὰς
1287 3601 1398 3657 τῶν
1428 3601 1526 3657 ἀνθ
1536 3600 1732 3675 ρώπων
1760 3620 1847 3657 κε-

254 3692 433 3762 φαλὰς
457 3691 929 3766 διαπορευομένων
963 3694 1058 3748 καὶ
1082 3693 1188 3748 ὑπὸ
1209 3697 1323 3759 τοῖς
1353 3694 1563 3748 ἑαυτῶν
1590 3696 1717 3748 ποσὶ
1745 3713 1845 3751 κα-

254 3784 665 3850 ταπατούντων,
697 3787 727 3840 ό
748 3787 847 3851 τὰς
870 3786 1139 3854 διεξόδους
1161 3785 1256 3840 τοῦ
1284 3786 1516 3842 θανάτου
1544 3805 1741 3860 πεποιη
1750 3789 1846 3859 μέ-

254 3894 346 3941 νος
388 3875 524 3939 Θεδς
568 3877 670 3943 τὰς
712 3877 954 3948 κεφαλὰς
989 3877 1460 3932 συνθλάσει.⁹Αντὶ
1491 3878 1548 3933 δὲ
1579 3877 1697 3943 τοῦ,
1734 3897 1754 3931 ι
1785 3880 1844 3933 ὲν

256 3968 663 4041 πλημμελείαις
688 3969 886 4035 αὐτῶν,
917 3989 937 4022 ι
977 3970 1006 4023 ό
1035 3969 1350 4043 Σύμμαχος,
1387 3989 1406 4021 t
1438 3971 1497 4023 ὲν
1525 3971 1647 4032 ταῖς
1670 3968 1846 4041 πλημ-

258 4060 506 4133 μελείαις
529 4061 720 4133 αὐτῆς,
754 4081 776 4115 ι
809 4063 1150 4135 ἡρμήνευσεν
1182 4060 1353 4116 εἰπών
1377 4079 1391 4093 ·
1428 4079 1446 4114 t
1475 4061 1736 4134 Κορυφὴν
1761 4060 1846 4115 ἒν-

253 4169 444 4227 τριχον
475 4156 955 4227 ἀναστρεφομένην
972 4156 1031 4210 ὲν
1049 4158 1168 4220 ταῖς
1182 4155 1288 4228 πλη
1298 4154 1584 4227 μμελείαις
1603 4155 1792 4227 αὐτῆς.
1817 4173 1837 4208 ι

254 4246 395 4301 οὐδὲ
425 4246 539 4319 γὰρ
571 4247 747 4312 ἄλλως
777 4248 1002 4302 δυνατὸν
1040 4243 1112 4319 ἦν
1154 4250 1269 4310 τοῖς
1300 4245 1518 4320 ἐχθροῖς
1561 4245 1656 4301 τοῦ
1706 4244 1842 4300 Θεοῦ

253 4342 593 4395 καταπατεῖν
631 4340 875 4413 κορυφὴν
906 4339 1171 4413 ἔντριχον,
1203 4339 1449 4395 τουτέστι
1480 4338 1580 4403 τὰς
1609 4339 1717 4393 τῶν
1746 4340 1845 4394 ἀν-

1950 1861 2288 1917 volubilihus
2333 1863 2456 1918 vitae
2489 1862 2747 1919 ﬂuctibus
2791 1863 3067 1918 voiutatae.
3113 1862 3294 1929 Quare
3335 1861 3394 1916 in
3428 1859 3531 1915 Job

1950 1968 2168 2024 quoque
2194 1954 2482 2010 dicebatur
2510 1975 2524 2011 :
2572 1973 2591 2007 ι
2630 1954 2843 2012 Venisti
2870 1963 3052 2011 autem
3082 1955 3139 2010 in
3179 1954 3385 2010 fontem
3413 1968 3534 2009 ma-

1948 2044 2051 2110 ris,
2078 2052 2133 2101 et
2156 2046 2211 2100 in
2237 2046 2487 2118 vestigiis
2509 2046 2693 2117 abyssi
2725 2048 3041 2103 ambulasti.
3075 2046 3411 2118 Aperiuntur
3434 2061 3534 2101 au-

1948 2142 2059 2189 tem
2085 2136 2185 2192 tibi
2219 2138 2416 2195 timore
2465 2148 2636 2209 portae
2664 2139 2846 2196 inferi.
2911 2138 3138 2195 Ostiarii
3166 2153 3297 2194 vero
3329 2136 3533 2193 inferni

1948 2227 2197 2285 videntes
2223 2236 2278 2286 te
2309 2231 2596 2287 conterriti
2625 2241 2809 2287 sunt.»
2838 2230 3106 2287 Contritis
3135 2245 3374 2301 namque
3398 2228 3534 2283 dra-

1948 2336 2150 2376 conum
2193 2322 2470 2393 capitibus
2511 2323 2725 2379 ostiarii
2773 2322 2974 2379 inferni
3017 2324 3303 2380 conterriti
3350 2331 3532 2381 sunt:

1946 2427 2118 2482 quare
2144 2411 2343 2469 timore
2371 2413 2611 2483 correpti
2634 2420 2821 2484 portas
2852 2415 3045 2470 mortis
3069 2415 3251 2485 capita
3277 2416 3534 2473 inimico-

1946 2517 2067 2556 rum
2091 2516 2318 2557 suorum
2355 2501 2722 2574 confringenti
2752 2504 3096 2574 aperiebant.
3138 2504 3207 2559 Hi
3254 2520 3386 2561 vero
3425 2507 3535 2561 ini-

1947 2594 2077 2651 mici
2117 2593 2336 2650 Domini
2381 2595 2698 2652 universum
2729 2596 3010 2651 hominum
3034 2606 3219 2668 genus
3246 2599 3536 2654 canonica.

1944 2688 2096 2744 bant.
2154 2688 2504 2760 Quapropter
2535 2686 2768 2744 inferius
2794 2686 2998 2743 dicitur
3025 2706 3041 2743 :
3075 2704 3096 2739 ι
3135 2687 3404 2742 Verticem
3438 2703 3535 2743 ca-

1944 2781 2062 2852 pilli
2092 2780 2591 2852 perambulantium
2619 2781 2674 2834 in
2706 2780 2920 2837 delictis
2945 2779 3085 2836 suis.
3120 2798 3140 2831 ι
3174 2777 3380 2834 Horum
3401 2820 3417 2846 ,
3446 2778 3535 2833 ins

1944 2872 2085 2944 quit,
2116 2870 2263 2928 Deus
2296 2870 2479 2940 capita
2505 2869 2837 2942 confringet,
2864 2867 3386 2940 perambulantium,
3427 2866 3531 2931 ait,

1943 2972 1999 3020 et
2030 2963 2363 3019 calcantium
2412 2961 2594 3032 capita
2637 2961 2943 3017 hominum.
2997 2957 3104 3016 Pro
3146 2959 3240 3015 illo
3269 2973 3531 3029 namque,

1951 3074 1970 3108 ι
1998 3057 2261 3112 verticem
2311 3056 2517 3127 capilli,
2564 3073 2584 3108 ι
2621 3052 3005 3126 Symmachus,
3065 3070 3091 3104 ι
3133 3051 3395 3109 verticem
3437 3064 3534 3107 ca-

1947 3148 2220 3219 pillatum,
2261 3165 2282 3201 ›
2334 3148 2521 3203 vertit.
2562 3144 2764 3202 Vertex
2805 3155 2985 3199 autem
3014 3144 3321 3215 capillatus.
3350 3147 3530 3214 ipsum

1946 3236 2231 3293 hominum
2254 3243 2421 3307 caput
2442 3234 2736 3307 significat.
2768 3232 2973 3287 Horum
3002 3233 3188 3304 itaque
3215 3232 3320 3289 sibi
3347 3232 3535 3287 inimi-o

1945 3343 2162 3393 eorum,
2209 3328 2305 3399 qui
2341 3328 2496 3398 prius
2548 3326 2833 3382 hominum
2877 3325 3058 3396 capita
3096 3324 3349 3380 terebant
3377 3323 3533 3393 pedi-

1946 3421 2160 3492 busque
2189 3422 2306 3478 suis
2339 3421 2651 3486 calcabam,
2681 3419 2862 3489 capita
2891 3418 3199 3489 confringet
3233 3417 3398 3483 Deus,
3434 3416 3533 3489 qui

1945 3515 2129 3570 exitus
2160 3513 2357 3569 mortis
2400 3511 2601 3568 eii'ecit.
2666 3508 2776 3564 Pro
2806 3509 2901 3563 illo
2917 3516 3131 3574 autem,
3174 3528 3193 3560 ι
3229 3509 3281 3563 in
3313 3507 3531 3564 delictis

1944 3606 2083 3669 suis,
2115 3624 2134 3657 ι
2170 3596 2554 3676 Symmachus,
2585 3621 2604 3655 ι
2639 3602 2695 3657 in
2736 3600 2952 3658 delictis
2997 3600 3117 3670 ejus
3153 3618 3173 3652 ι
3202 3599 3531 3669 ἱηιεῳιιθιαη

1945 3703 2036 3752 tus
2059 3703 2168 3760 est,
2190 3694 2384 3751 dicens
2415 3712 2430 3749 :
2468 3692 2770 3750 «Verticem
2793 3692 3107 3762 capillatum
3135 3691 3442 3747 revolutum
3471 3689 3531 3744 in

1946 3788 2167 3845 delictis
2188 3786 2328 3857 ejus.
2345 3805 2364 3838 ι
2380 3785 2570 3857 Neque
2590 3786 2736 3842 enim
2756 3785 2864 3840 alio
2879 3785 3041 3839 modo
3057 3790 3306 3854 poterant
3319 3781 3535 3837 inimici

1946 3881 2042 3938 Dei
2058 3881 2319 3937 verticem
2336 3880 2678 3950 capillatum,
2699 3877 2755 3934 id
2764 3885 2848 3934 est
2874 3876 3159 3932 hominum
3172 3875 3376 3946 capita,
3396 3888 3532 3929 con-

1945 3973 2186 4040 cuicare,
2201 3971 2306 4027 nisi
2324 3970 2563 4042 propriis
2575 3969 2791 4025 delictis
2804 3983 2870 4024 ac
2885 3966 3126 4038 peccatis
3138 3965 3380 4036 depressi
3394 3963 3537 4021 fuis-

1949 4072 2092 4121 sent.
2130 4062 2315 4129 Quare
2354 4062 2426 4117 iis
2449 4061 2543 4132 qui
2571 4061 2711 4117 tales
2746 4072 2858 4114 non
2885 4066 3046 4114 erant
3083 4056 3302 4113 dicebat
3332 4055 3539 4113 Serva-

1947 4165 2033 4212 tor
2066 4174 2081 4211 :
2131 4173 2151 4207 ι
2176 4153 2357 4211 Vestri
2388 4161 2572 4210 autem
2595 4152 2780 4223 capilli
2802 4151 3003 4223 capitis
3035 4166 3228 4207 omnes
3255 4150 3533 4206 numerati

1946 4254 2076 4301 sunt
2094 4245 2163 4301 δι.
2194 4262 2214 4298 ι
2234 4243 2369 4307 Nam
2395 4244 2790 4315 discipulorum
2808 4242 2989 4314 capilli
3013 4242 3216 4312 singuli
3243 4240 3533 4301 nobilioris

1945 4335 2197 4406 corporis
2224 4335 2421 4406 partis,
2468 4342 2530 4391 ut
2553 4334 2857 4391 necessarii
2891 4342 2947 4390 et
2978 4333 3048 4388 ad
3076 4340 3330 4387 ornatum
3358 4331 3531 4388 totius

255 4428 496 4504 θρώπων
525 4431 790 4501 κεφαλὰς,
825 4433 876 4486 εί
907 4432 983 4504 μὴ
1019 4432 1143 4496 ταῖς
1183 4430 1414 4497 οίκείαις
1440 4430 1844 4505 πλημμελείαις

1948 4426 2296 4483 conferentes
2316 4466 2334 4492 ,
2355 4425 2787 4512 enumeratione
2817 4432 2872 4480 et
2896 4422 3145 4479 custodia
3165 4420 3349 4476 divina
3377 4420 3533 4492 digni

252 4524 353 4577 xui
377 4524 677 4595 ἁμαρτίαις
706 4524 1123 4579 τεταπείνωντο.
1146 4523 1238 4578 Διδ
1264 4526 1379 4588 τοῖς
1416 4523 1492 4597 μὴ
1529 4524 1791 4587 τοιούτοις
1816 4525 1846 4577 6

1950 4516 2139 4584 fuere;
2172 4524 2235 4570 ut
2275 4510 2365 4570 ne’
2386 4514 2716 4570 raderentur
2738 4513 3005 4569 novacula
3034 4510 3407 4576 inimicorum,
3434 4510 3533 4582 qui

256 4612 455 4687 Σωτὴρ
487 4613 701 4683 ἔλεγεν·
733 4633 753 4666 ι
774 4614 961 4687 ’Υμῶν
988 4613 1046 4669 δὲ
1069 4614 1165 4669 καὶ¹
1187 4614 1243 4668 αι
1267 4613 1453 4688 τρίχες
1474 4614 1573 4686 τῆς
1601 4614 1843 4686 κεφαλῆς

1948 4609 2331 4682 perambulant
2372 4614 2429 4665 et
2453 4607 2787 4664 conculcant
2821 4620 3041 4662 omnem
3066 4604 3328 4661 verticem
3358 4603 3535 4674 capil-

253 4708 435 4761 πᾶσαι
472 4707 850 4779 ἠριθμημέναι
890 4706 1048 4760 είσίν.
1081 4724 1101 4758 ι
1138 4706 1259 4761 Τῶν
1292 4706 1403 4778 γὰρ
1435 4706 1617 4761 αὐτῶν
1662 4706 1843 4779 μαθη-

1948 4704 2120 4758 latum
2152 4700 2462 4758 revolutum
2486 4699 2542 4754 in
2564 4698 2783 4756 delictis
2805 4697 2947 4768 ejus.

253 4799 370 4855 τῶν
396 4802 494 4855 καὶ
522 4800 730 4874 ἑκάστη
756 4799 881 4875 θρὶξ
909 4799 1005 4855 τοῦ
1031 4800 1361 4873 τιμιωτέρου
1392 4802 1597 4874 μέρους
1622 4799 1717 4855 τοῦ
1746 4798 2029 4872 σώματος,
2069 4796 2147 4861 ὡς
2173 4793 2450 4865 ἀναγκαία
2480 4791 2577 4847 καὶ
2642 4790 2833 4864 κόσμῳ
2894 4788 2988 4845 τοῦ
3047 4787 3253 4854 παντὸς
3284 4785 3533 4860 συμϐαλ-

254 4897 484 4970 λομένη,
513 4896 748 4969 ἀριθμοῦ
791 4896 1126 4969 κατηξίωται
1157 4895 1302 4951 θείου
1328 4899 1422 4952 καὶ
1456 4896 1705 4969 φυλακῆς
1726 4912 1743 4929 ⁸
1771 4895 1848 4959 ὡς
1884 4891 1950 4947 ἂν
1977 4892 2055 4965 μὴ
2086 4889 2365 4965 ξυρηθῶσι
2387 4888 2470 4962 τῷ
2501 4886 2650 4961 ξυρῷ
2664 4885 2774 4941 τῶν
2818 4885 3029 4958 ἐχθρῶν
3084 4882 3193 4939 τῶν
3221 4885 3537 4959 ἐμπεριπα-

253 4993 497 5050 τούντων
519 4993 978 5049 καταπατούντων
1011 4992 1195 5047 πᾶσαν
1217 4992 1462 5065 κορυφὴν
1483 4992 1729 5063 ἔντριχον
1752 4991 1855 5065 τὴν
1888 4988 2376 5062 ἀναστρεφομένην
2405 4987 2465 5042 ὲν
2496 4983 2604 5058 πλη
2612 4982 2897 5056 μμελείαις
2921 4981 3113 5053 αὐτῆς.

336 5130 355 5162 ι
387 5106 525 5164 Εἷπε
576 5108 781 5181 Κύριος
802 5127 817 5141 ο
835 5108 931 5163 Ἐκ
953 5108 1134 5163 Βασὰν
1165 5108 1500 5182 ἐπιστρέψω,
1528 5107 1845 5181 ἐπιστρέψω

2017 5104 2189 5162 Vens.
2222 5104 2315 5160 25.
2363 5123 2382 5156 ι
2419 5102 2569 5159 Dixit
2618 5101 2902 5167 Dominus,
2946 5097 3027 5153 hx
3063 5096 3247 5154 Basan
3299 5110 3533 5153 conver-

257 5205 321 5258 ὲν
357 5201 539 5275 βυθοῖς
565 5201 860 5274 θαλάσσης.
888 5220 908 5254 ι
944 5200 1116 5256 Πάλιν
1160 5199 1439 5256 κάνταῦθα
1483 5219 1503 5253 ι
1532 5202 1562 5254 6
1587 5201 1790 5273 Κύριος
1820 5219 1839 5253 ι

1950 5209 2083 5265 tam,
2108 5205 2423 5255 convertam
2452 5199 2508 5252 in
2541 5194 2873 5268 profundum
2905 5192 3096 5275 maris.
3126 5209 3147 5244 ι
3188 5188 3288 5246 Hic
3309 5203 3532 5245 rursum

255 5298 321 5353 ού
340 5274 433 5349 διὰ
451 5295 872 5367 τετραγράμμου
895 5297 1026 5369 παρ’
1050 5294 1319 5368 Ἑϐραίοις
1340 5293 1744 5365 ὲκπεφώνηται,
1759 5293 1848 5348 διὰ

1956 5312 1975 5347 ι
2006 5293 2295 5357 Dominus,
2329 5310 2349 5345 ι
2379 5307 2490 5347 non
2517 5291 2610 5346 illa
2633 5296 2873 5362 quatuor
2909 5274 3214 5342 litterarum
3231 5298 3363 5338 voce
3386 5278 3531 5350 apud

257 5388 322 5443 δὲ
342 5387 456 5442 τῶν
476 5387 797 5461 κοινοτέρων
830 5388 1131 5459 στοιχείων.
1166 5387 1307 5457 Ἤδη
1360 5386 1418 5440 δὲ
1441 5386 1625 5457 τρίτον
1658 5386 1848 5443 τοῦτον

1954 5387 2213 5444 llebraos
2240 5384 2586 5456 exprimitur,
2629 5381 2725 5438 sed
2764 5379 3235 5437 communioribus
3283 5375 3526 5430 elemen-

261 5479 536 5551 ἐδήλωσεν
560 5482 594 5551 ή
615 5478 864 5551 παροῦσα
881 5478 1072 5551 Γραφὴ
1095 5479 1370 5548 ὲφιστῶσα
1399 5477 1491 5533 τὸν
1521 5476 1596 5543 ὡς
1619 5477 1686 5533 ἂν
1706 5479 1848 5534 εἴποι

1952 5480 2043 5536 tis.
2075 5477 2308 5548 Jamque
2337 5477 2499 5532 tertio
2527 5477 2672 5530 hunc
2697 5489 2938 5547 praesens
2969 5472 3242 5541 scriptura
3277 5464 3525 5520 nomina-

256 5588 368 5638 τις,
401 5573 654 5643 δεύτερον
682 5571 905 5644 Κύριον.
923 5572 1076 5627 Ἐπεὶ
1101 5574 1196 5628 καὶ
1226 5575 1286 5629 ὲν
1309 5570 1389 5645 τῷ
1422 5572 1684 5642 φάσκοντι
1712 5572 1848 5645 ψαλ-

1953 5572 2054 5640 vit,
2077 5570 2492 5642 secundumque
2515 5569 2841 5636 Dominum,
2890 5573 2950 5622 ut
2988 5559 3260 5636 quispiam
3301 5554 3532 5622 dixerit,

335 5730 383 5765 “
410 5728 515 5787 Job
550 5745 780 5794 xxxviii,
815 5730 902 5801 16,
940 5730 1027 5786 l7.
1104 5730 1146 5764 δι
1173 5729 1365 5788 Matth.
1401 5745 1457 5799 ι,
1493 5729 1585 5786 50.
