4024 6210
486 252 597 315 707

1198 248 1471 308 EUSEBll
1511 245 1991 306 CIESARIENSIS
2028 250 2177 306 OPP.
2220 251 2400 306 PARS
2438 251 2524 306 ΙΙΙ.
2567 281 2636 292 -
2676 250 3090 308 EXEGETICA.

3643 250 3747 307 708

489 371 725 429 induxit.
761 369 1041 440 Siquidem
1073 367 1126 422 in
1146 367 1360 438 psalmo
1393 365 1485 436 qui
1521 365 1603 420 sic
1633 365 1795 420 habet
1822 384 1838 418 :
1869 384 1891 417 ι
1918 365 2062 420 Dixit

2170 370 2256 441 μῷ
2275 387 2290 401 ·
2327 390 2344 421 ι
2374 365 2507 422 Εἶπε
2532 366 2735 441 Κύριος
2766 367 2846 438 τῷ
2875 365 3063 438 Κυρίῳ
3089 381 3213 437 μου,
3252 366 3434 419 Κάθου
3466 366 3530 419 ἐκ
3562 365 3748 432 δεξιῶν

489 464 753 518 Dominus
812 460 1043 514 Domino
1075 473 1196 513 meo
1230 476 1246 512 :
1289 456 1428 512 Sede
1464 472 1494 510 a
1529 455 1738 511 dextris
1763 457 1998 520 meis“,
2038 477 2060 510 ι

487 555 698 626 primus
741 569 839 624 per
870 551 1168 606 ineﬂ‘abilia
1195 549 1336 620 apud
1374 548 1632 604 Hebraeos
1663 557 1902 620 quatuor
1949 553 2065 606 ele—

486 654 668 702 menta
707 645 1008 711 scribitur;
1039 643 1315 698 secundus
1347 650 1550 705 autem,
1577 657 1740 712 quem
1766 642 1850 698 sui
1887 641 2069 697 Domi-

485 754 616 794 num
665 737 937 806 Propheta
993 735 1236 790 declarat
1277 733 1488 798 dicens,
1521 751 1542 784 ι
1572 731 1803 787 Domino
1833 748 1956 788 meo
1979 773 1996 798 ,
2039 752 2064 786 ι

484 831 607 886 aliis
640 830 925 886 elementis
956 828 1307 898 exprimitur,
1337 827 1495 896 queis
1519 825 1769 895 cujusvis
1799 827 1945 882 servi
1972 826 2068 881 do-

484 925 668 978 minus
697 921 1056 992 significatur.
1092 919 1183 974 Sic
1209 935 1342 990 ergo
1369 935 1518 974 nunc
1545 933 1765 989 quoque
1787 919 1901 990 jam
1951 927 2070 974 ter-

484 1017 562 1070 tio
592 1016 682 1070 ille
708 1014 992 1079 Dominus,
1016 1013 1115 1083 qui
1137 1027 1316 1082 usque
1346 1010 1415 1065 ad
1449 1009 1725 1065 infernum
1755 1011 2063 1078 descendit,

484 1109 773 1176 exitusque
816 1107 1010 1160 mortis
1044 1104 1280 1175 paravit.
1315 1101 1640 1173 vulgaribus
1686 1109 1742 1156 et
1785 1102 2065 1158 consuetis

485 1199 629 1270 apud
668 1197 925 1253 Hebrmos
952 1196 1240 1252 elementis
1289 1193 1639 1264 exprimitur.
1695 1191 1877 1259 Quare
1908 1192 2068 1266 Sym-

484 1294 716 1347 machus
767 1290 1054 1361 δεσπότην,
1097 1290 1213 1344 sive
1249 1287 1637 1342 dominatorem
1673 1287 2067 1358 interpretatus

482 1394 589 1440 est.
626 1383 724 1438 llic
767 1399 899 1454 ergo
932 1381 1219 1444 Dominus,
1249 1379 1502 1435 videlicet
1529 1378 1624 1434 Dei
1657 1377 1918 1442 Verbum,
1967 1378 2064 1444 ait,

491 1494 512 1528 ι
546 1476 620 1529 Ex
643 1475 819 1531 Basan
851 1482 1204 1539 convertam;
1245 1493 1265 1523 ι
1306 1486 1370 1526 ac
1402 1486 1657 1536 rursum,
1685 1488 1706 1522 ι
1737 1469 2066 1525 Convertam

484 1586 549 1625 ex
585 1568 858 1641 profundo
884 1567 1073 1622 maris.
1102 1585 1121 1617 ι
1149 1565 1258 1620 Pro
1277 1566 1370 1620 illo
1391 1573 1595 1628 autem,
1627 1582 1645 1614 ι
1675 1571 2011 1626 convertam,
2041 1580 2064 1615 ι

485 1679 550 1719 ac
580 1663 846 1726 secundo,
885 1679 904 1711 ‹
936 1668 1272 1721 convertam,
1317 1677 1334 1710 ι
1375 1655 1741 1728 Symmachus
1779 1656 1860 1712 sic
1897 1657 2068 1710 inter-

484 1761 753 1825 pretatur,
793 1772 812 1805 ‹
843 1751 992 1806 Dixit
1022 1749 1285 1804 Dominus
1317 1766 1329 1800 :
1370 1745 1448 1800 Ex
1489 1745 1667 1800 Basan
1696 1753 1974 1809 revertar,
2010 1752 2066 1800 et

486 1845 683 1900 reverti
735 1844 930 1898 faciam
978 1858 1044 1896 ex
1095 1837 1368 1910 profundo
1417 1835 1606 1891 maris.
1647 1856 1666 1888 ›
1703 1833 1900 1891 Viden’
1943 1851 2066 1906 qua:

484 1949 652 2004 opera
693 1932 928 1987 ediderit
975 1929 1241 1984 Dominus
1279 1942 1406 1982 cum
1455 1923 1832 1981 descendisset
1857 1925 1914 1980 in
1939 1940 2068 1996 pro-

485 2027 716 2087 fundum
740 2024 948 2080 maris?
976 2021 1258 2092 Confregit
1281 2019 1460 2090 capita
1487 2019 1790 2074 draconum
1820 2019 1876 2072 in
1899 2033 2066 2088 aqua,

485 2132 699 2176 necnon
729 2116 958 2186 capillos
989 2114 1337 2169 inimicorum
1370 2126 1620 2174 suorum,
1643 2110 1738 2180 qui
1761 2128 1780 2161 ι
1807 2109 2064 2165 verticem

483 2211 799 2283 capillatum
834 2209 891 2263 in
929 2207 1148 2263 delictis
1178 2225 1196 2257 ι
1231 2203 1667 2270 conculcabant;
1696 2202 1897 2258 reverti
1937 2201 2066 2257 fecit

483 2320 552 2360 ex
599 2304 777 2360 Basan
808 2309 863 2357 et
905 2317 973 2356 ex
1001 2298 1274 2372 profundo
1321 2297 1494 2352 maris
1537 2298 1751 2352 animas
1786 2296 1911 2351 istic
1933 2295 2065 2351 olim

485 2397 787 2452 demersas.
836 2393 1015 2449 Basan
1062 2400 1246 2446 autem
1280 2389 1591 2460 explicatur
1633 2385 1960 2459 ignominia,
2008 2387 2066 2439 in

483 2505 650 2562 quam
701 2488 962 2558 delapsus
1009 2492 1096 2541 est
1137 2483 1404 2538 Dominus
1453 2496 1552 2552 per
1602 2487 1903 2536 memorata
1955 2478 2070 2533 ele-

484 2592 668 2637 menta
715 2580 1012 2641 indicatus,
1054 2578 1148 2648 qui
1194 2575 1557 2647 ignominiam
1593 2572 1928 2643 contempsit
1965 2587 2066 2641 pre

483 2677 661 2732 salute
689 2689 880 2730 eorum
911 2675 1004 2743 qui
1036 2673 1163 2728 istic
1205 2671 1259 2724 in
1307 2669 1626 2740 captivitate
1647 2667 1855 2722 detenti
1885 2672 2063 2720 erant.

483 2768 850 2838 Quamobrem
898 2766 1105 2820 dicitur
1133 2784 1147 2819 :
1177 2783 1198 2815 ι
1235 2763 1380 2817 Dixit
1429 2762 1732 2816 Dominus:
1767 2759 1846 2813 Ex
1885 2757 2064 2813 Basan

481 2861 1155 2925 eonvei‘tam,convertam
1185 2872 1250 2910 ex
1276 2854 1551 2926 profundo
1581 2853 1789 2908 maris:
1818 2870 1837 2904 ι
1865 2849 2064 2905 deinde

482 2954 778 3023 adjicitur:
807 2969 827 3002 ‹
864 2949 934 3006 Ut
965 2949 1268 3019 intingatur
1318 2962 1415 3017 pcs
1448 2955 1574 3001 tuus
1603 2945 1661 2999 in
1703 2945 1990 3014 sanguine.
2034 2961 2054 2995 ι

2173 479 2296 533 μου,
2327 481 2345 513 ι
2376 462 2462 515 διὰ
2489 461 2597 515 τῶν
2628 460 3026 531 άνεκφωνήτων
3072 459 3204 530 παρ’
3245 457 3516 529 Ἑϐραίοις
3558 459 3748 512 τεττά-

2171 572 2280 626 ρων
2313 553 2590 627 στοιχείων
2617 553 2947 624 ἐγέγραπτο.
2988 549 3046 604 Ὀ
3075 550 3131 603 δὲ
3159 549 3430 619 δεύτερος,
3461 549 3523 602 ὃν
3555 549 3749 605 ἐαυτοῦ

2168 646 2374 718 Κύριον
2395 649 2424 700 6
2447 646 2732 722 προφήτης
2751 644 2938 716 ἐδήλου
2960 643 3206 712 φάσκων,
3233 641 3354 712 «Τῷ
3372 641 3566 714 Κυρίῳ
3591 661 3746 713 μου,›

2169 739 2376 811 ἑτέροις
2409 739 2694 809 στοιχείοις
2726 737 2998 809 ἐδηλοῦτο,
3027 730 3111 799 οἷς
3140 735 3235 790 καὶ
3263 736 3371 798 πᾶς
3397 737 3426 789 6
3451 737 3512 788 ἐν
3539 734 3755 807 ἀνθρώ-

2168 847 2291 894 ποις
2319 829 2507 883 δούλου
2537 828 2726 898 κύριος
2772 827 3116 898 σημαίνεται.
3152 825 3338 889 Οὕτως
3381 819 3474 878 οὖν
3516 827 3614 878 καὶ
3668 826 3755 877 ἐν-

2167 923 2343 978 ταῦθα
2388 923 2489 993 ήδη
2524 921 2706 994 τρίτον
2753 922 2783 974 6
2835 920 3028 991 μέχρις
3065 918 3194 990 ᾅδου
3241 916 3489 980 καταϐὰς
3532 918 3631 970 καὶ
3673 916 3755 970 δι-

2169 1014 2382 1080 εξόδους
2418 1013 2650 1068 Θανάτου
2683 1011 3050 1082 πεποιημένος
3097 1011 3302 1082 Κύριος
3349 1009 3439 1063 διὰ
3483 1008 3597 1062 τῶν
3623 1011 3758 1081 παρ’

2180 1107 2448 1180 Ἑϐραίοις
2493 1105 2688 1168 κοινῶς
2716 1102 3075 1176 γραφομένων
3109 1102 3386 1172 στοιχείων
3415 1098 3754 1170 ὠνόμασται.

2167 1198 2368 1269 Διόπερ
2393 1199 2423 1250 6
2452 1196 2744 1267 Σύμμαχος
2775 1212 2793 1244 ι
2822 1192 3088 1264 δεσπότην
3120 1211 3138 1241 ι
3170 1193 3522 1263 ἡρμήνευσεν
3568 1191 3756 1244 αὐτόν.

2168 1285 2338 1356 Οὗτος
2364 1287 2454 1344 οὖν
2476 1293 2504 1344 6
2537 1289 2762 1361 Κύριος,
2785 1286 2946 1350 αὐτὸς
2973 1287 3001 1338 6
3026 1284 3122 1338 τοῦ
3155 1283 3291 1338 Θεοῦ
3325 1284 3500 1352 Λόγος
3527 1283 3758 1354 δηλαδὴ.

2168 1379 2288 1436 εἷπε
2303 1399 2315 1412 ·
2329 1401 2347 1430 ε
2371 1382 2464 1434 Ἐκ
2478 1381 2659 1433 Βασὰν
2676 1377 3004 1448 ἐπιστρέψω
3021 1375 3143 1429 »καὶ
3159 1374 3320 1429 πάλιν
3335 1391 3380 1425 ο(
3405 1372 3758 1444 Ἐπιστρέψω

2167 1476 2232 1528 ἐκ
2245 1473 2430 1545 ,βυθῶν
2459 1472 2786 1544 Θαλάσσης.»
2808 1471 2952 1525 Ἀντὶ
2975 1470 3032 1524 δέ
3052 1468 3168 1534 7:06,
3197 1487 3215 1520 ι
3246 1467 3586 1539 ἐπιστρέψω,
3611 1487 3632 1519 ι
3662 1468 3759 1520 καὶ

2165 1569 2260 1622 τοῦ
2290 1569 2563 1641 δεύτερον,
2595 1587 2613 1621 ι
2638 1566 2971 1639 ἐπιστρέψω,
3003 1585 3022 1618 ο
3057 1567 3087 1617 6
3113 1564 3409 1636 Σύμμαχος
3432 1562 3626 1616 τοῦτον
3656 1563 3759 1633 ήρ-

2171 1664 2404 1735 μήνευσε
2425 1663 2516 1716 τὸν
2545 1662 2747 1736 τρόπον
2767 1679 2781 1692 ·
2808 1680 2828 1714 ι
2855 1656 2990 1714 Εἶπε
3016 1659 3222 1731 Κύριος
3239 1676 3251 1688 ο
3269 1657 3402 1710 Ἀπὸ
3422 1657 3608 1710 Βασὰν
3637 1658 3758 1709 ἐπι-
3793 1687 3800 1694 κ

2096 1721 2140 1776 Β
2169 1721 2406 1825 στρέψω,
2434 1753 2530 1807 καὶ
2557 1721 2894 1824 ἀναστρέψαι
2936 1721 3148 1822 ποιήσω
3194 1721 3301 1804 άπὸ
3339 1747 3516 1818 βυθῶν
3550 1747 3757 1801 θαλάσ-

2169 1863 2290 1918 σης.
2321 1864 2341 1897 ›
2389 1845 2555 1917 Ὁρᾷς
2587 1845 2748 1897 ὁποῖα
2800 1840 3197 1915 κατορθώματα
3241 1839 3536 1913 εἰργάσατο
3583 1856 3758 1895 κατα-

2165 1937 2268 2002 ϐὰς
2316 1938 2398 2002 είς
2428 1938 2552 2000 τοὺς
2595 1935 2790 2006 βυθοὺς
2816 1935 2916 2006 τῆς
2955 1933 3228 2004 Θαλάσσης
3257 1935 3286 1986 6
3329 1932 3576 2003 Κύριος;
3633 1949 3761 1985 συν-

2166 2030 2358 2084 έθλασε
2388 2029 2487 2093 τὰς
2519 2027 2761 2099 κεφαλάς
2793 2027 2902 2082 τῶν
2940 2025 3247 2099 δρακόντων
3271 2025 3362 2079 ἐπὶ
3395 2024 3490 2078 τοῦ
3534 2024 3758 2089 ὓδατος,

2167 2123 2262 2178 καί
2289 2122 2387 2186 τὰς
2416 2121 2608 2194 τρίχας
2628 2120 2735 2174 τῶν
2761 2118 2970 2191 ἐχθρῶν
3001 2117 3166 2172 αὑτοῦ
3193 2117 3304 2171 τῶν
3333 2136 3352 2170 ι
3378 2118 3479 2188 τήν
3506 2116 3764 2188 ἐντριχον

2167 2213 2410 2286 κορυφὴν
2453 2215 2511 2266 ἐν
2555 2210 2954 2284 πλημμελείαις
2990 2229 3009 2261 ι
3051 2209 3527 2281 διαπορευομένων
3555 2223 3576 2241 ⁶
3627 2210 3762 2262 ἐπι-

2169 2307 2397 2378 στρέψαι
2455 2306 2510 2360 δέ
2554 2305 2726 2358 ἐποίει
2769 2303 2876 2358 ἀπὸ
2909 2303 3088 2357 Βασὰν
3134 2303 3229 2356 καὶ
3283 2301 3392 2355 ἀπὸ
3441 2301 3627 2371 βυθῶν
3655 2300 3767 2372 τῆς

2166 2399 2444 2470 θαλάσσης
2500 2397 2600 2461 τὰς
2675 2395 2842 2450 πάλαι
2915 2393 3486 2464 καταπεποντωμένας
3553 2393 3763 2447 αὐτόσε

2165 2490 2361 2562 ψυχάς.
2395 2488 2574 2543 Βασὼι
2607 2489 2662 2542 δὲ
2693 2489 3032 2561 ἡρμήνευται
3059 2485 3312 2558 αἰσχύνη,
3339 2485 3469 2538 ἔνθα
3501 2485 3571 2539 δι’
3602 2488 3766 2557 ἡμᾶς

2166 2583 2430 2654 κατῆλθεν
2467 2583 2496 2634 6
2526 2582 2613 2636 διὰ
2654 2581 2764 2636 τῶν
2814 2580 3120 2652 εἰρημένων
3154 2578 3433 2649 στοιχείων
3484 2579 3764 2650 δηλωθεὶς

2166 2675 2392 2747 Κύριος,
2423 2674 2683 2746 αἰσχύνης
2714 2676 3134 2746 καταφρονήσας
3167 2671 3306 2743 ύπέρ
3339 2671 3616 2743 σωτηρίας
3643 2671 3766 2724 τῶν

2167 2771 2352 2825 αὐτόθι
2381 2769 2957 2840 καταδεδουλωμένων.
2983 2769 3074 2823 Διὸ
3103 2767 3352 2821 λέλεκται
3377 2785 3390 2798 ·
3423 2785 3441 2819 ι
3473 2762 3615 2821 Εἷπε
3642 2768 3765 2821 K6-

2169 2881 2282 2935 ριος
2305 2879 2318 2892 ·
2362 2864 2457 2916 Ἐκ
2490 2861 2668 2914 Βασὰν
2713 2861 3023 2934 ἐπιστρέψω
3051 2901 3066 2920 ,
3112 2859 3424 2932 ἐπιστρέψω
3473 2861 3538 2912 ἐκ
3574 2859 3765 2930 βυθῶν

2169 2953 2442 3026 Θαλάσσης
2465 2971 2478 2984 ⁸
2511 2973 2528 3006 ι
2563 2948 2662 3006 εἷθ’
2689 2951 2816 3023 ἐξῆς
2841 2952 3127 3006 λέλεκται·
3173 2972 3191 3003 ι
3227 2954 3412 3015 Ὅπως
3443 2951 3510 3005 ἆν
3547 2952 3698 3024 βαφῇ
3733 2955 3763 3005 6

481 3045 588 3101 Pro
617 3061 726 3116 quo
770 3041 1132 3117 Symmachus
1157 3041 1573 3110 interpretatur.
1612 3055 1633 3090 ι
1666 3035 2062 3107 υιοοηίτίηειιο

2169 3047 2305 3112 πούς
2353 3065 2447 3102 σου
2499 3049 2556 3100 ἐν
2587 3048 2800 3118 αἵματι.
2833 3065 2852 3097 ι
2895 3045 3035 3098 ’Λνθ’
3082 3039 3144 3100 οὗ
3169 3047 3197 3099 6
3243 3045 3538 3117 Σύμμαχος
3572 3047 3765 3118 ἡρμή-

482 3150 572 3194 tur
595 3155 691 3210 pes
719 3145 848 3192 tuus
869 3151 994 3191 cum
1024 3135 1312 3204 sanguine,
1336 3139 1390 3186 et
1418 3131 1622 3185 lambat
1647 3131 1832 3200 lingua
1860 3144 2060 3184 canum

483 3241 701 3286 tuorum
732 3230 799 3284 ab
831 3242 1162 3299 unoquoque
1198 3225 1550 3279 inimicorum
1579 3231 1824 3279 tuorum.
1865 3242 1884 3275 ι
1923 3221 2061 3278 Nam

481 3337 607 3378 cum
665 3321 917 3377 inimicos
969 3334 1106 3376 suos
1156 3324 1484 3380 contereret,
1540 3324 1594 3371 et
1639 3316 1818 3387 capita
1869 3330 2060 3370 eorum

480 3415 877 3486 confringeret,
907 3413 1098 3486 pedem
1128 3427 1287 3469 suum
1319 3410 1588 3482 sanguine
1620 3425 1690 3466 ex
1735 3409 1914 3480 capite
1956 3409 2064 3462 ini-

481 3508 608 3564 mici
643 3509 728 3563 sui
758 3506 962 3561 ﬂuente
991 3506 1256 3576 replebat.
1281 3503 1463 3571 Quare
1519 3505 1573 3557 in
1629 3501 1768 3557 Isaia
1816 3502 2056 3557 dicitur:

483 3617 506 3652 ι
546 3598 684 3668 Quis
735 3607 822 3654 est
871 3598 959 3652 hic
1014 3597 1109 3668 qui
1157 3595 1307 3651 venit
1351 3611 1419 3651 ex
1475 3593 1670 3658 Edom,
1702 3594 1870 3648 rubor
1893 3595 2062 3649 vesti-

481 3699 788 3747 mentorum
817 3706 883 3744 ex
917 3689 1087 3744 Bosor
1102 3688 1187 3742 “2
1213 3707 1233 3741 ι
1273 3703 1336 3742 ac
1369 3686 1566 3742 deinde
1593 3705 1606 3740 :
1643 3704 1663 3738 ι
1688 3684 1871 3752 Quare
1895 3686 2060 3741 rubra

479 3786 807 3840 vestimenta
832 3790 947 3847 tua,
975 3791 1030 3837 et
1078 3782 1397 3836 indumenta
1419 3788 1512 3834 tua
1543 3779 1690 3834 sicut
1718 3779 1913 3835 calcati
1943 3785 2062 3833 tor-

481 3875 708 3937 rularis,
740 3873 934 3944 plenus
965 3872 1390 3928 conculcata“?
1425 3892 1443 3924 ι
1483 3873 1683 3926 Postea
1736 3871 2058 3942 rogantibus

481 3966 557 4019 ita
593 3964 887 4033 respondet
917 3983 930 4017 :
969 3982 990 4014 ‹
1031 3962 1250 4018 Calcavi
1283 3963 1433 4033 ipsos
1461 3963 1514 4017 in
1566 3963 1755 4017 furore
1787 3977 1911 4016 meo
1933 3961 1998 4016 ⁸⁸.
2033 3981 2052 4013 i

479 4053 582 4111 llic
626 4055 752 4109 item
803 4061 930 4124 post
967 4054 1176 4108 calcata
1227 4054 1527 4108 draconum
1565 4054 1770 4124 capita,
1804 4052 2008 4106 dicitur
2040 4072 2054 4108 :

482 4165 504 4200 ‹
536 4145 609 4204 Ut
658 4145 1037 4216 confringatur
1087 4160 1184 4216 pes
1225 4153 1356 4200 tuus
1401 4160 1525 4199 cum
1575 4145 1862 4215 sanguine,
1893 4163 1912 4196 ι
1946 4143 2054 4210 vel,

484 4257 503 4291 ι
544 4237 616 4294 Ut
649 4239 952 4308 intingatur
975 4252 1073 4308 pes
1105 4244 1234 4292 tuus
1257 4236 1311 4290 in
1337 4236 1626 4308 sanguine,
1659 4243 1713 4291 et
1750 4236 1935 4307 lingua
1961 4251 2056 4290 ca-

478 4348 607 4388 num
630 4339 850 4388 tuorum
875 4347 943 4388 ex
967 4329 1205 4384 inimicis
1237 4329 1305 4383 ab
1331 4329 1470 4400 ipso.
1513 4348 1531 4380 ι
1575 4326 1683 4382 Pro
1711 4343 1821 4398 quo
1849 4327 2053 4383 clarius

2164 3157 2351 3194 νευσεν
2378 3139 2573 3193 εἰπών·
2611 3159 2628 3191 ι
2661 3140 2849 3202 Ὅπως
2880 3137 3229 3210 συγκατεάξῃ
3259 3140 3288 3191 6
3320 3137 3457 3201 ποῦς
3487 3155 3580 3191 σου
3612 3137 3764 3208 μετὰ

2164 3234 2412 3305 αἵματος,
2456 3233 2550 3287 καὶ
2597 3231 2740 3304 λάψῃ
2784 3233 2818 3304 ή
2850 3230 3071 3300 γλῶσσα
3116 3231 3223 3283 τῶν
3269 3229 3449 3283 κυνῶν
3500 3247 3591 3282 σου
3639 3229 3762 3283 ἀπὸ

2164 3326 2394 3379 ἐκάστου
2449 3323 2558 3378 τῶν
2607 3323 2816 3396 ἐχθρῶν
2866 3339 2980 3376 σου.
3029 3341 3046 3373 ι
3111 3321 3420 3392 Συντρίσων
3465 3320 3572 3392 γὰρ
3619 3323 3766 3385 τοὺς

2165 3413 2359 3468 ἐαυτοῦ
2405 3413 2633 3486 ἐχθροὺς
2664 3413 2760 3466 καὶ
2805 3411 2904 3476 τὰς
2958 3409 3200 3480 κεφαλὰς
3246 3408 3428 3462 αὐτῶν
3482 3408 3758 3472 συνθλῶν,

2162 3506 2401 3578 ἐπλήρου
2448 3505 2540 3557 τὸν
2573 3501 2766 3557 ἐαυτοῦ
2811 3501 2948 3554 πόδα
2978 3501 3232 3571 αἵματος,
3265 3497 3360 3551 τοῦ
3407 3499 3473 3550 ἐκ
3499 3497 3610 3548 τῶν
3657 3513 3762 3551 κε-

2163 3597 2348 3666 φαλῶν
2395 3594 2491 3648 τοῦ
2527 3594 2723 3666 ἐχθροῦ
2774 3591 2940 3646 αὑτοῦ
2995 3591 3235 3662 ῥυέντος.
3289 3589 3382 3642 Διὸ
3431 3587 3650 3656 ἐλέγετο
3693 3589 3762 3642 ἐν

2173 3689 2403 3759 Ἠσαῖγ
2443 3706 2461 3739 ι
2496 3687 2592 3750 Τίς
2622 3679 2779 3748 οὗτος
2830 3687 2858 3738 6
2908 3683 3355 3754 παραγενόμενος
3405 3678 3468 3744 ἐξ
3530 3677 3755 3749 Ἐδὼμ,

2161 3783 2411 3856 ἐρύθημα
2448 3782 2679 3853 ἱματίων
2709 3782 2774 3832 ἐκ
2795 3778 2965 3850 Βοσόρ
2991 3794 3004 3842 ;
3035 3797 3053 3826 ι
3079 3775 3173 3830 καὶ
3202 3773 3329 3844 ἐξῆς
3349 3792 3364 3806 ·
3387 3793 3407 3828 ι
3433 3772 3531 3826 Διὰ
3565 3771 3618 3823 τί
3654 3787 3758 3822 σου

2161 3872 2364 3945 ἐρυθρὰ
2403 3872 2470 3925 τὰ
2501 3872 2709 3942 ἱμάτια,
2755 3869 2846 3923 καὶ
2876 3869 2944 3921 τὰ
2977 3864 3250 3937 ἐνδύματα
3279 3882 3371 3918 σου
3413 3863 3490 3926 ὡς
3525 3863 3760 3915 ἀποπα-

2159 3966 2322 4038 τητού
2347 3962 2530 4035 ληνοῦ,
2557 3963 2769 4034 πλήρης
2796 3977 3014 4028 πεπατη
3025 3958 3192 4030 μένης
3216 3973 3230 4020 ;
3261 3975 3279 4006 ι
3306 3951 3418 4008 Εἶθ’
3449 3954 3579 4024 ἐξῆς
3611 3953 3756 4006 67:0-

2160 4059 2405 4131 κρίνεται
2437 4056 2572 4129 πρὸς
2598 4056 2723 4119 τοὺς
2751 4054 3154 4126 ἐρωτήσαντας,
3191 4049 3286 4103 καί
3323 4065 3457 4118 φησι
3479 4064 3493 4078 ·
3539 4065 3559 4097 ‹
3594 4048 3756 4100 Κατ-

2160 4151 2410 4221 επάτησα
2435 4148 2631 4210 αὐτοὺς
2666 4149 2723 4199 ἐν
2753 4145 2909 4217 θυμῷ
2943 4162 3066 4216 μου.
3120 4161 3138 4193 ι
3167 4143 3276 4196 Καὶ
3311 4138 3548 4194 ἐνταῦθα
3564 4137 3754 4190 τοίνυν

2161 4240 2300 4312 μετὰ
2343 4238 2440 4310 τὴν
2492 4236 2781 4308 συντριϐὴν
2811 4235 2924 4288 τῶν
2969 4231 3224 4304 κεφαλῶν
3265 4229 3375 4284 τῶν
3433 4225 3753 4298 δρακόντων

2159 4334 2430 4387 λέλεκταιο
2467 4350 2485 4381 ι
2519 4331 2705 4392 Ὅπως
2735 4327 2801 4382 ἂν
2847 4324 3197 4398 συγκατεάξῃ
3224 4325 3253 4377 6
3285 4319 3419 4384 ποῦς
3457 4335 3554 4372 σου
3609 4317 3752 4388 μετὰ

477 4421 844 4495 Symmachus
879 4422 1268 4490 interpretatus
1302 4427 1387 4475 est
1429 4419 1698 4490 dicens”
1735 4417 1802 4471 Et
1842 4419 2050 4474 lambat

2164 4427 2407 4497 αἵματος,
2422 4445 2440 4477 ι
2460 4425 2517 4495 ἢ,
2537 4424 2756 4485 «Ὅπως
2779 4421 2924 4493 βαφῇ
2947 4423 2975 4474 6
2992 4419 3127 4482 ποῦς
3149 4435 3242 4471 σου
3268 4419 3324 4469 ἐν
3352 4415 3567 4485 αἵματι,
3589 4412 3686 4465 καὶ
3712 4417 3747 4482 ή

477 4515 660 4588 lingua
689 4529 888 4569 canum
923 4522 1166 4576 tuorum,
1197 4513 1267 4568 ab
1316 4525 1650 4582 unoquoque
1697 4510 2052 4566 inimicorum

2164 4516 2374 4586 γλῶσσα
2427 4514 2535 4568 τῶν
2569 4513 2746 4568 κυνῶν
2801 4530 2893 4565 σου
2951 4511 3011 4576 ἐξ
3067 4508 3278 4581 ἐχθρῶν
3325 4508 3453 4578 παρ’
3491 4503 3684 4559 αὑτοῦ.
3723 4521 3746 4553 ι

475 4615 717 4663 tuorum.
761 4627 780 4661 ι
816 4606 996 4663 Canes
1031 4621 1197 4678 porro
1228 4605 1444 4660 Domini
1497 4602 1822 4673 sanguinem
1865 4602 2056 4657 inimi-

2164 4609 2307 4663 Ἀνθ’
2336 4601 2397 4662 06
2431 4606 2752 4678 λευκότερον
2779 4607 2807 4659 6
2829 4604 3126 4676 Σύμμαχος
3156 4601 3505 4673 ήρμήνευσεν
3530 4595 3705 4649 εἰπών
3729 4611 3746 4628 ο

474 4714 665 4754 corum
699 4699 820 4768 ejus
853 4699 1178 4762 lambentes,
1215 4711 1356 4766 quos
1383 4709 1508 4752 esse
1537 4695 1769 4758 dixeris,
1797 4695 1904 4750 nisi
1930 4709 2048 4766 gre-

2164 4719 2175 4753 l
2205 4703 2317 4754 Καὶ
2348 4700 2492 4771 λάψῃ
2520 4702 2554 4770 ή
2591 4698 2811 4768 γλῶσσα
2856 4695 2965 4750 τῶν
3001 4693 3183 4750 κυνῶν
3213 4691 3305 4746 ἁου
3352 4689 3462 4744 ἀπὸ
3509 4688 3746 4742 ἑκάστου

474 4793 558 4862 gis
605 4791 779 4862 ipsius
819 4791 1077 4847 custodes
1122 4789 1414 4861 pervigiles
1459 4787 1554 4859 qui
1603 4786 1904 4841 Ecclesiam
1931 4786 2052 4855 ejus

2164 4793 2259 4847 τῶν
2290 4792 2500 4865 ἐχθρῶν
2547 4808 2660 4844 σου.
2694 4811 2712 4842 ι
2747 4789 2931 4854 Κύνας
2964 4789 3022 4842 δέ
3053 4786 3150 4840 τοῦ
3196 4783 3401 4855 Κυρίου
3436 4781 3745 4842 λάπτοντας

474 4891 718 4950 tuentur,
772 4885 890 4940 sive
914 4883 1141 4938 ultrices
1187 4881 1455 4952 quasdam
1501 4879 1756 4945 virtutes,
1783 4894 1903 4948 qua
1928 4894 2056 4934 con-

2164 4884 2212 4936 ιδ
2233 4879 2372 4954 αἷμα
2403 4883 2512 4937 τῶν
2542 4881 2754 4954 ἐχθρῶν
2785 4879 2949 4934 αὐτοῦ
2981 4877 3135 4941 τίνας
3163 4875 3229 4930 ἂν
3257 4874 3433 4935 εἴποις
3463 4872 3497 4942 ἦ
3529 4873 3658 4934 τοὺς
3678 4869 3743 4921 τὰ

472 4974 715 5031 tereudis
748 4974 985 5032 inimicis
1000 4976 1120 5045 ejus
1145 4974 1491 5036 incumbunt,
1509 4986 1738 5042 quaeque
1751 4970 2048 5041 perniciem

2164 4974 2384 5044 ποίμνια
2426 4972 2593 5028 αὑτοῦ
2629 4972 2991 5043 φυλάττοντας
3025 4967 3271 5038 φύλακάς
3310 4980 3463 5026 τινας
3510 4961 3744 5034 ἐγρηγό-

475 5084 666 5122 oorum
697 5068 1100 5138 quodammodo
1123 5067 1416 5138 degustare
1438 5063 1735 5136 satagunt?

2164 5083 2306 5137 ρους.
2333 5065 2431 5138 τὴν
2463 5065 2788 5136 Ἐκκλησίαν
2821 5061 2985 5116 αὑτοῦ
3021 5059 3412 5132 φρουροῦντας,
3434 5054 3468 5126 ἢ
3493 5069 3739 5125 τιμωρη-

469 5165 630 5230 τικάς
647 5182 800 5228 τινας
821 5165 1080 5235 δυνάμεις
1103 5161 1541 5233 ἐπεμϐαινούσας
1565 5163 1632 5232 τῇ
1689 5159 1950 5232 συντριϐῇ
1976 5160 2086 5215 τῶν
2124 5161 2335 5234 ἐχθρῶν
2361 5160 2528 5216 αὑτοῦ
2545 5201 2560 5227 ,
2619 5161 2715 5214 καὶ
2746 5159 2934 5229 ὥσπερ
2981 5153 3345 5224 ἀπογεύεσθαι
3392 5148 3742 5218 πειρωμένοις

466 5263 566 5334 τῆς
597 5259 874 5321 ἀπωλείας
905 5257 1082 5312 αύτῶν
1108 5273 1124 5322 ;

536 5374 705 5432 Vens.
737 5374 826 5437 ‘25.
858 5373 949 5429 26.
983 5391 1002 5425 ι
1059 5371 1177 5428 Visi
1228 5380 1358 5426 sunt
1403 5371 1687 5442 ingressus
1725 5371 1829 5435 tui,
1878 5371 2047 5434 Deus,

2227 5389 2246 5421 ι
2289 5369 2705 5443 Ἐθεωρήθησαν
2744 5370 2801 5423 αί
2833 5366 3050 5440 πορεῖαί
3092 5383 3206 5432 σου,
3231 5365 3385 5428 Θεὸς,
3426 5365 3483 5417 αἱ
3519 5379 3745 5434 πορειαι

465 5475 751 5544 ingressus
781 5468 872 5524 Dei
899 5468 1027 5532 mei,
1067 5465 1213 5536 regis
1249 5465 1390 5527 mei,
1419 5464 1513 5535 qui
1551 5472 1636 5519 est
1681 5464 1735 5518 in
1769 5473 1980 5518 sancto.
2021 5477 2042 5513 ι

2164 5459 2244 5514 :06
2278 5459 2412 5513 Θεοῦ
2449 5477 2573 5532 μου,
2614 5459 2706 5512 τοῦ
2746 5458 3009 5530 βασιλέως
3039 5475 3164 5529 μου,
3206 5455 3297 5510 τοῦ
3326 5459 3383 5509 ἐν
3411 5453 3491 5525 τῷ
3526 5454 3688 5524 ἁγίῳ.
3715 5471 3734 5502 ι

465 5563 591 5621 Haec
618 5569 1019 5634 consequenter
1047 5557 1483 5631 praecedentibus
1509 5557 1868 5628 adjiciuntur.
1903 5555 2046 5622 Quia

2164 5555 2260 5608 Kal
2285 5553 2452 5607 ταῦτα
2472 5556 2584 5618 τοῖς
2616 5552 2990 5624 προλεχθεῖσιν
3018 5549 3324 5612 ἀκολούθως
3352 5535 3734 5617 ἐπενήνεκταῖ.

1598 5713 1646 5747 ’δ”
1669 5713 1802 5769 ibid.
1827 5712 1883 5768 ‘2.
1958 5711 2004 5744 “
2033 5710 2166 5768 ibid.
2203 5710 2257 5766 3.

536 5720 580 5751 θ’
605 5717 748 5776 Psal.
777 5734 888 5788 cxx,
917 5718 969 5775 l.
1044 5717 1089 5752 "
1113 5716 1220 5774 lsa.
1251 5726 1406 5782 um.
1431 5715 1484 5770 l.
