4024 6210
215 252 326 310 Ἰθθ

1357 248 1858 308 COMMENTARIA
1898 249 1966 304 IN
2005 249 2134 306 PSA
2143 248 2345 307 LMOS.

3375 254 3479 310 7I0

227 367 450 440 Ἐπειδὴ
488 366 600 439 γάρ
645 367 714 422 τά
765 366 1133 442 θεσπιζὸμενα
1181 371 1311 444 πρὶν
1355 371 1606 440 γενέσθαι
1667 387 1790 443 προ-

1906 343 2049 427 enim
2079 385 2202 440 quae
2225 369 2280 424 in
2311 367 2575 424 vaticinio
2618 367 2892 437 feruntur,
2947 377 3238 441 antequam
3291 377 3479 427 essent

209 458 508 531 εθεωρείτο
533 461 648 523 τοῖς
682 459 856 528 ἁγίοις
883 460 977 513 τοῦ
1008 461 1144 515 Θεοῦ
1168 462 1492 535 προφήταις,
1527 461 1615 515 διὰ
1638 461 1798 515 τοῦτό

212 567 382 623 φησιν
416 549 660 618 ὁλόγος·
710 567 730 602 ι
775 551 1191 624 Ἐθεωρήθησαν
1233 553 1288 608 αἱ
1334 555 1550 626 πορεῖαί
1607 571 1722 617 σου,
1768 554 1798 607 6

211 646 366 709 Θεός.
395 665 414 698 ι
443 645 603 698 Ποῖαι
628 644 683 698 δὲ
707 649 949 718 πορεῖαι;
984 645 1119 701 ἀλλὰ
1149 646 1336 720 πρώτη
1374 648 1478 719 μὴν
1511 649 1544 720 ἡ
1573 648 1800 713 κάθοδος

207 736 380 792 αὐτοῦ
401 739 435 808 ἡ
474 737 531 789 ὲν
561 735 731 799 Σινατ,
760 738 854 790 καὶ
888 737 1050 792 πάλιν
1090 739 1123 810 ἡ
1157 738 1420 802 ἀνάϐασις
1449 741 1482 810 ἡ
1527 742 1607 804 εἰς
1641 740 1794 810 ὕψος,

213 829 310 885 καὶ
342 826 501 893 αὖθις
539 832 573 901 ἡ
596 829 872 902 κάθοδοςὴ
899 832 991 884 ἐπὶ
1015 831 1196 886 Βασὰν
1236 833 1331 886 καὶ
1373 834 1406 904 ή
1441 831 1650 886 ἐκεῖθεν
1672 835 1794 886 ὲπι-

210 922 453 996 στροφὴ,
502 923 538 993 ἦ
579 940 638 977 τε
687 923 848 996 μέχρι
897 923 990 977 τοῦ
1042 924 1274 979 Θανάτου
1321 925 1653 990 κατάϐασις,
1700 925 1797 978 καὶ

209 1012 462 1066 ἐντεῦθεν
511 1012 733 1080 διέξοδοι
777 1013 940 1067 αὐτοῦ
965 1053 980 1078 ,
1027 1017 1123 1069 καὶ
1160 1015 1251 1068 ἐπὶ
1289 1016 1454 1069 πᾶσιν
1480 1017 1514 1086 ἡ
1563 1016 1627 1068 ἐκ
1687 1015 1795 1069 τῶν

209 1107 390 1178 βυθῶν
415 1109 518 1179 τῆς
540 1106 816 1178 θαλάσσης
847 1107 1109 1171 ἐπάνοδος
1134 1124 1149 1173 ;
1176 1101 1348 1162 Αῦται
1383 1109 1554 1161 πᾶσαι
1580 1111 1794 1185 πορεῖαι

206 1197 348 1272 ἦσαν
382 1199 480 1254 τοῦ
512 1199 840 1271 δηλουμένου
880 1199 1109 1272 Κυρίου,
1141 1201 1344 1264 αἵτινες
1380 1204 1492 1264 τοῖς
1531 1200 1624 1254 τοῦ
1658 1199 1792 1254 Θεοῦ

209 1295 520 1367 προφήταις
541 1291 923 1363 ὲθεωρήθησαν
947 1293 1077 1364 πρὶν
1109 1291 1360 1361 γενέσθαι
1379 1309 1393 1322 ⁸
1437 1291 1517 1344 διὸ
1554 1293 1646 1345 καὶ
1674 1297 1794 1357 ταῖς

209 1385 578 1458 προφητικαῖς
625 1381 1002 1454 παρεδόθησαν
1067 1383 1329 1455 Γραφαίς.
1398 1383 1639 1447 Εἰκότως
1699 1381 1792 1438 οὖν

207 1474 452 1547 εἴρηται·
483 1491 501 1524 ι
544 1471 956 1545 Ἐθεωρήθησαν
1000 1474 1056 1527 αἱ
1106 1475 1320 1546 πορεῖαί
1350 1493 1440 1529 σου
1466 1515 1482 1540 ,
1513 1477 1541 1529 ὁ
1578 1476 1728 1541 Θεὸς.
1765 1497 1785 1530 ι

205 1563 320 1620 Εἶτ’
361 1565 720 1636 άσφαλίζεται
767 1565 1036 1620 διδάσκων
1087 1566 1242 1620 ποίου
1288 1567 1423 1620 Θεοῦ
1469 1571 1527 1622 αί
1575 1573 1791 1641 πορεῖαι

204 1659 625 1731 ἐθεωρήθησανο
671 1656 752 1712 δῖὸ
793 1658 1034 1727 ὲπιλέγει
1058 1674 1074 1689 ο
1125 1679 1144 1710 ι
1176 1660 1240 1711 Ai
1279 1664 1492 1732 πορεῖαι
1519 1661 1614 1714 τοῦ
1652 1662 1788 1717 Θεοῦ

1899 463 2341 534 ρτωνὶιιοὺαιιιυι·
2364 477 2393 515 a
2418 462 2627 517 sanetis
2648 461 2744 517 Dei
2770 463 3072 533 prophetis,
3096 463 3217 517 ideo
3238 461 3472 517 dicitur:

1903 572 1922 606 ι
1968 552 2080 609 Visi
2138 561 2269 610 sunt
2319 556 2600 624 ingressus
2649 555 2750 618 tui,
2785 553 2949 609 Deus.
2981 574 3001 608 ι
3037 555 3140 621 Qui
3170 555 3473 626 ingressus.

1897 645 2007 701 nisi
2061 645 2296 716 primum
2356 647 2658 702 descensus
2688 646 2808 715 ejus
2850 647 2904 701 in
2938 647 3112 712 Sinai,
3146 661 3212 702 ac
3251 661 3474 702 rursum

1897 753 2165 794 ascensus
2200 739 2255 792 in
2291 738 2486 803 altum,
2524 739 2832 809 iterumque
2859 739 3159 795 descensus
3189 739 3246 793 in
3293 738 3476 794 Basan

1896 844 1960 884 ac
1989 845 2274 900 regressus
2295 829 2351 882 in
2383 829 2576 894 altum,
2608 837 2662 885 et
2702 846 2894 886 rursus
2925 831 3190 886 demissio
3222 831 3346 900 ejus
3377 847 3477 887 us-

1897 937 2004 992 que
2056 921 2125 975 ad
2183 930 2443 985 mortem,
2471 929 2526 976 et
2570 922 2752 977 exitus
2797 923 2944 980 illius
2969 939 3033 978 ex
3059 939 3145 988 ea,
3168 939 3233 978 ac
3276 934 3476 993 praeter

1898 1015 2013 1070 haec
2069 1015 2256 1069 omnia
2317 1016 2528 1071 reditus
2555 1031 2620 1070 ex
2651 1015 2924 1086 profundo
2951 1017 3152 1073 maris?
3185 1015 3248 1070 Hi
3281 1032 3475 1073 omnes

1896 1107 2178 1177 ingressus
2222 1113 2380 1161 erant
2426 1110 2712 1163 memorati
2757 1109 2994 1174 Domini,
3025 1109 3120 1180 qui
3180 1119 3470 1179 antequam

1894 1198 2223 1252 exsisterent
2251 1213 2283 1252 a
2319 1198 2599 1270 prophetis
2636 1197 2730 1253 Dei
2785 1199 2889 1254 visi
2936 1207 3066 1254 sunt
3098 1218 3112 1252 :
3143 1215 3314 1269 quare
3345 1213 3476 1269 pro-

1895 1287 2126 1357 pheticis
2155 1288 2211 1343 in
2265 1290 2485 1360 scriptis
2513 1291 2824 1362 consignati
2863 1299 3012 1348 sunt.
3066 1290 3198 1347 Jure
3237 1306 3368 1362 ergo
3393 1291 3474 1346 di-

1893 1388 2041 1435 etum
2075 1390 2160 1437 est
2197 1400 2211 1437 :
2251 1400 2269 1433 ι
2305 1381 2420 1437 Visi
2454 1392 2583 1438 sunt
2609 1385 2890 1454 ingressus
2922 1384 3024 1449 tui,
3052 1383 3217 1440 Deus.
3253 1403 3272 1436 ι
3312 1382 3475 1438 Dein-

1893 1472 2068 1544 deque
2093 1489 2206 1530 rem
2230 1474 2519 1529 conﬁrmat
2545 1475 2798 1531 indicans
2825 1477 3113 1546 cujusnam
3139 1474 3232 1531 Dei
3259 1477 3474 1547 ingrcs-

1893 1581 1988 1622 sus
2021 1567 2122 1622 visi
2153 1565 2392 1634 iuerint;
2427 1582 2552 1622 nam
2584 1567 2774 1637 adjicit
2802 1588 2814 1622 :
2847 1587 2864 1619 ι
2901 1569 3188 1640 Ingressus
3219 1568 3314 1624 Dei
3337 1569 3468 1632 mei,

1892 1657 2036 1728 regis
2083 1658 2211 1714 mei.
2249 1677 2270 1712 ι
2316 1657 2436 1713 Non
2483 1659 2802 1730 simpliciter
2829 1659 2954 1725 Dei,
2989 1672 3081 1717 aut
3128 1663 3272 1729 regis
3301 1701 3316 1726 ,
3372 1659 3472 1717 sed

208 1770 337 1824 μου,
371 1751 466 1806 τοῦ
493 1749 756 1822 βασιλέως
789 1769 910 1823 μου.
942 1771 960 1803 ι
993 1752 1068 1804 Οὐ
1114 1751 1222 1824 γὰρ
1251 1753 1436 1818 ἁπλῶς
1481 1754 1638 1820 Θεοῦ,
1669 1756 1789 1810 οὐδὲ

1897 1767 1916 1800 ι
1943 1748 2036 1803 Dei
2066 1749 2196 1804 mei.
2219 1767 2238 1801 ›
2269 1747 2384 1805 Hoc
2413 1765 2580 1820 porro
2604 1751 2781 1805 simile
2813 1749 3110 1816 fueritilli,
3131 1769 3150 1802 ι
3180 1751 3326 1806 Dixit
3363 1751 3473 1805 Do-

207 1844 512 1913 βασιλέως,
547 1843 680 1898 ἀλλὰ
707 1842 802 1897 τοῦ
851 1862 870 1895 ι
899 1843 1033 1898 Θεοῦ
1076 1863 1199 1917 μου.
1250 1865 1269 1897 ›
1309 1845 1479 1899 Τοῦτο
1519 1847 1576 1901 δὲ
1607 1849 1790 1919 ὅμοιον

206 1936 473 2007 τυγχάνει
500 1935 601 2006 τῷ,
631 1954 650 1988 ι
683 1931 818 1989 Εἷπε
847 1935 1050 2008 Κύριος
1073 1936 1151 2008 τῷ
1184 1937 1374 2009 Κυρίῳ
1401 1955 1500 2009 μου
1520 1955 1535 1969 ο
1584 1958 1603 1992 ι
1635 1942 1662 1994 6
1692 1941 1790 2012 μὲν

199 2030 324 2101 γὰρ
346 2029 560 2100 πρῶτος
583 2030 612 2082 ό
633 2029 728 2082 ἐπὶ
755 2029 973 2083 πάντων
1005 2030 1090 2101 εἴη
1121 2029 1188 2084 ἂν
1216 2030 1376 2094 Θεός·
1404 2033 1433 2084 ὁ
1455 2032 1512 2085 δὲ
1537 2031 1790 2106 δεύτερος

207 2121 418 2194 Κύριος
457 2121 485 2173 6
527 2119 772 2175 ἀκούων·
826 2139 846 2172 ι
880 2119 1064 2174 Κάθου
1105 2122 1170 2175 ὲκ
1218 2119 1408 2187 δεξιῶν
1461 2141 1582 2194 μου,
1607 2143 1626 2176 ι
1659 2125 1790 2196 ὲμδς

195 2210 466 2282 τυγχάνει
485 2209 686 2282 Κύριος
703 2225 718 2239 ο
753 2208 852 2274 διὸ,
876 2227 894 2260 ι
919 2203 1056 2262 Εἷπε
1080 2208 1283 2280 Κύριος
1301 2209 1378 2280 τῷ
1404 2210 1596 2282 Κυρίῳ
1620 2227 1739 2282 μου.
1764 2230 1784 2262 ι

205 2304 316 2359 Καὶ
340 2301 579 2356 ἐνταῦθα
603 2301 782 2356 τοίνυν
811 2301 902 2354 τὸν
947 2300 1198 2373 δεύτερον
1261 2302 1538 2372 σημαίνων
1567 2303 1596 2355 ὁ
1627 2301 1790 2368 αὐτὸς

202 2397 494 2469 προφήτης
543 2397 743 2468 φησίν·
781 2414 800 2447 ι
832 2397 900 2450 Al
941 2399 1156 2469 πορεῖαι
1204 2396 1300 2451 τοῦ
1343 2397 1478 2451 Θεοῦ
1512 2416 1611 2470 μου
1635 2437 1650 2463 ,
1691 2397 1786 2452 τοῦ

205 2487 474 2558 βασιλέως
504 2504 640 2560 μου,
686 2485 782 2540 τοῦ
828 2487 886 2541 ὲν
918 2486 998 2559 τῷ
1041 2487 1200 2559 άγίῳ.
1231 2507 1250 2539 ι
1313 2487 1439 2541 Ἐὰν
1484 2487 1594 2559 γὰρ
1645 2487 1790 2557 λέγω

204 2579 588 2652 θεωρουμένας
623 2579 883 2650 πορείας,
939 2580 1014 2651 μή
1051 2597 1136 2643 τις
1173 2577 1442 2652 νομιζέτω
1497 2597 1563 2651 με
1609 2579 1788 2650 λέγειν

203 2668 298 2726 τοῦ
331 2669 430 2722 ἐπὶ
475 2669 694 2723 πάντων
735 2667 902 2721 Θεοῦ·
937 2667 1073 2722 ἀλλὰ
1117 2668 1212 2722 τοῦ
1248 2669 1382 2722 Θεοῦ
1415 2686 1516 2741 μου
1560 2670 1652 2723 καὶ
1693 2667 1786 2723 τοῦ

207 2761 478 2832 βασιλέως
523 2777 626 2832 μου
669 2762 902 2831 πορεῖαι.
960 2760 1098 2814 Ἀλλ’
1145 2761 1332 2833 ἐπειδὴ
1381 2779 1400 2813 ι
1439 2759 1788 2833 προέφθασαν

204 2855 468 2926 ἄρχοντες
525 2853 775 2924 ὲχόμενοι
831 2853 1140 2923 ψαλλόντων
1197 2855 1256 2908 ὲν
1325 2853 1477 2924 μέσῳ
1531 2853 1786 2910 νεανίδων

203 2950 678 3023 τυμπανιστριῶν.
713 2969 733 3004 ι
767 2950 934 3004 Αὐτοὶ
969 2949 1077 3020 γὰρ
1109 2941 1254 3002 οὗτοι
1285 2950 1334 3002 οί
1377 2947 1789 3020 προφθάσαντες

204 3045 490 3117 ἄρχοντες,
529 3044 562 3116 ἢ
595 3046 644 3098 οἱ
668 3045 883 3117 ᾅδοντες
906 3045 1000 3098 καὶ
1029 3042 1302 3114 Πνεῦματι
1332 3042 1471 3114 ἁγίῳ
1497 3041 1558 3096 τὸ
1596 3041 1787 3112 μέλλον

206 3135 559 3199 θεσπίζοντες
583 3174 598 3199 ,
638 3133 1062 3206 προεθεὼρησαν
1109 3131 1208 3197 τάς
1255 3132 1478 3204 πορείας
1522 3129 1615 3184 τοῦ
1651 3130 1787 3184 Θεοῦ

211 3245 313 3300 μου
340 3229 444 3282 οιαὶ
466 3227 560 3281 τοῦ
588 3227 853 3298 βασιλέως
889 3245 1013 3298 μου.
1049 3221 1290 3298 Οὗτοιδὲ
1325 3219 1464 3296 ἦσαν
1490 3225 1540 3278 οἱ
1576 3223 1789 3295 προφῆ-

205 3338 319 3385 ται,
353 3324 401 3375 οἱ
445 3321 855 3394 προφθάσαντες
888 3322 1016 3384 τοὺς
1059 3319 1198 3392 μετὰ
1222 3319 1398 3373 ταῦτα
1428 3317 1792 3390 προελθόντας

209 3413 562 3476 ἀποστόλους.
593 3412 697 3466 Δύο
735 3412 842 3487 γάρ
875 3412 1052 3484 χορῶν
1080 3413 1180 3482 τὴν
1211 3410 1303 3464 τοῦ
1337 3411 1588 3483 Σωτῆρος
1632 3409 1790 3481 ἡμῶν

209 3505 490 3574 θεολογίαν
511 3503 816 3577 ἀνθρώποις
851 3503 1330 3576 παραδεδωκότων,
1352 3503 1382 3554 ὁ
1409 3503 1508 3574 μὲν
1540 3501 1790 3574 προφθά-

211 3613 312 3659 σας
343 3596 504 3668 χορὸς
533 3591 601 3668 ἦν
628 3597 657 3649 6
689 3595 1048 3666 προφητικὸς,
1097 3597 1126 3648 6
1157 3594 1215 3648 δὲ
1259 3591 1511 3664 δεύτερος
1548 3590 1789 3645 ἐπελθὼν

208 3689 240 3740 6
261 3688 376 3743 τῶν
416 3686 728 3765 ἀποστόλων
764 3687 858 3740 καλ⁸
897 3685 1150 3757 μαθητῶν
1189 3684 1282 3738 τοῦ
1333 3684 1607 3756 Σωτῆρος.
1642 3683 1789 3754 Πλὴν

209 3779 350 3835 ἀλλὰ
376 3778 762 3853 ὲθεωρήθησαν
805 3781 859 3832 αἱ
886 3781 1102 3849 πορεῖαι
1141 3777 1236 3830 τοῦ
1267 3775 1596 3848 δηλωθέντος
1619 3774 1785 3828 Θεοῦο

210 3871 245 3943 ἢ
284 3873 400 3935 τοῖς
455 3871 552 3942 μὲν
612 3870 928 3934 ἀποστόλοις
971 3868 1386 3941 ἐθεωρήθησαν,
1429 3869 1478 3922 οἶ
1527 3869 1623 3922 καὶ
1669 3867 1791 3937 ὄψει

211 3962 524 4036 παρέλαϐον
577 3961 648 4015 τά
701 3961 868 4015 πάλαι
925 3960 1228 4033 προγνώσει
1290 3960 1788 4032 προπεφωνημένα.

211 4049 376 4109 Οὗτοι
412 4053 511 4124 μὲν
549 4047 642 4106 οὖν
674 4053 860 4116 αὐτοῖς
903 4051 1201 4122 ὀφθαλμοῖς
1229 4051 1328 4116 τὰς
1367 4051 1590 4121 πορείας
1630 4049 1793 4103 ἐθεώ-

215 4163 388 4217 ρησαν
436 4145 530 4198 τοῦ
570 4145 741 4199 Θεοῦ·
790 4144 1143 4217 προέφθασαν
1186 4143 1245 4198 δὲ
1288 4143 1485 4207 αὐτοὺς
1533 4143 1791 4215 ἄρχοντές

208 4256 356 4302 τινες
386 4233 532 4292 οὗτοι
564 4240 612 4292 οἱ
654 4236 902 4308 ἐχόμενοι
940 4236 1049 4293 τῶν
1079 4235 1406 4307 ψαλλόντων.
1442 4235 1703 4307 Σημαίνει
1734 4233 1792 4287 δὲ

210 4331 242 4379 ὁ
265 4329 423 4397 λόγος
451 4329 544 4382 τὸν
571 4327 734 4382 Δαυῖδ
766 4328 928 4382 αὑτὸν
961 4329 1203 4391 καὶτοὺς
1234 4327 1330 4380 σὺν
1353 4326 1500 4398 αὐτῷ
1527 4327 1622 4380 καὶ
1652 4324 1793 4380 κατὰ

1891 1839 2074 1893 minus
2105 1838 2334 1895 Domino
2367 1855 2488 1896 meo
2529 1861 2542 1896 :
2594 1862 2612 1894 ι
2663 1844 2870 1912 primus
2930 1842 3130 1912 quippe
3184 1843 3472 1898 universo-

1891 1943 2015 1984 rum
2049 1927 2192 1986 Deus
2225 1928 2391 1984 iuerit
2417 1948 2432 1996 ;
2463 1931 2737 1985 secundus
2763 1945 2892 1985 vero
2922 1928 3206 1993 Dominus,
3242 1929 3336 1999 qui
3377 1943 3474 1982 au-

1890 2021 1990 2085 dit,
2029 2039 2047 2074 ι
2089 2019 2227 2076 Sede
2254 2037 2287 2077 a
2310 2020 2519 2078 dextris
2548 2024 2686 2078 meis
2700 2021 2767 2088 “,
2807 2041 2826 2074 ι
2861 2037 3015 2077 meus
3036 2019 3301 2076 Dominus
3329 2027 3414 2075 est
3449 2037 3466 2076 ε

1889 2130 2079 2184 quare,
2116 2132 2136 2167 ι
2181 2114 2328 2169 Dixit
2369 2113 2634 2172 Dominus
2666 2115 2895 2170 Domino
2917 2129 3059 2170 meo.
3093 2134 3114 2167 ι
3153 2112 3254 2168 Hic
3299 2113 3472 2184 igitur

1889 2205 2041 2260 illum
2079 2207 2324 2262 secundo
2353 2207 2475 2262 loco
2521 2208 2758 2279 poSitum
2785 2210 2901 2279 ipse
2939 2206 3209 2278 Propheta
3258 2205 3472 2276 signiﬁ-

1889 2311 2022 2352 cans
2051 2296 2186 2351 dicit
2215 2316 2230 2352 :
2267 2316 2286 2349 ι
2325 2296 2613 2369 Ingressus
2640 2297 2732 2354 Dei
2758 2298 2885 2363 mei,
2923 2298 3068 2368 regis
3107 2298 3238 2363 mei,
3269 2297 3363 2368 qui
3385 2303 3472 2353 est

1890 2388 1946 2442 in
1982 2396 2196 2444 sancto.
2231 2387 2412 2442 iNam
2469 2405 2593 2444 cum
2640 2390 2925 2461 ingressus
2983 2389 3156 2444 videri
3205 2388 3352 2455 dico,
3399 2404 3472 2444 ne

1890 2479 2016 2550 quis
2041 2481 2315 2536 existimet
2346 2482 2729 2537 universorum
2755 2479 2849 2536 Dei
2888 2480 3014 2535 illos
3037 2495 3195 2545 esse;
3233 2480 3329 2536 sed
3372 2479 3469 2535 Dei

1889 2571 2030 2636 mei,
2064 2571 2208 2643 regis
2237 2572 2344 2628 mei
2385 2572 2671 2644 ingressus
2695 2579 2846 2628 sunt.
2882 2569 3080 2627 Verum
3106 2571 3236 2644 quia
3272 2590 3292 2622 ι
3330 2589 3471 2642 pra:-

1889 2670 2155 2719 venerunt
2183 2663 2458 2734 principes
2487 2663 2767 2732 conjuncti
2796 2661 3180 2732 psallentibus,
3208 2662 3262 2715 in
3284 2663 3470 2718 medio

1884 2753 2302 2823 juvencularum
2360 2753 2888 2826 tympanistriarum.
2933 2773 2953 2806 ι
3011 2751 3076 2806 Hi
3137 2751 3282 2807 enim
3358 2753 3467 2823 ipsi

1890 2845 2168 2917 principes
2199 2845 2293 2916 qui
2333 2851 2736 2916 praevenerunt,
2763 2845 2879 2900 sive
2909 2845 3004 2915 qui
3044 2855 3270 2910 canunt,
3308 2853 3363 2898 et
3408 2844 3468 2899 in

1892 2935 2102 3008 Spiritu
2137 2946 2330 2994 sancto
2359 2937 2543 2993 futura
2568 2937 2962 3008 przenuntiant,
2988 2935 3356 3007 previderunt
3381 2935 3472 2989 in-

1814 3077 1855 3133 c
1893 3047 2120 3104 gressus
2171 3029 2264 3087 Dei
2312 3031 2419 3086 mei
2469 3030 2612 3102 regis
2660 3029 2787 3086 mei.
2843 3029 2926 3084 Illi
2973 3043 3144 3094 vero,
3191 3029 3471 3099 propheta:

1892 3138 2106 3194 nempe,
2139 3123 2440 3194 apostolos,
2469 3123 2563 3194 qui
2612 3130 2736 3194 post
2787 3137 3020 3189 venere,
3055 3129 3470 3192 praevenerunt.

1890 3215 2104 3272 Etenim
2163 3231 2288 3270 cum
2331 3215 2440 3271 duo
2473 3215 2629 3270 chori
2680 3213 2982 3270 Salvatoris
3036 3213 3210 3269 nostri
3255 3213 3472 3268 theolo-

1889 3307 2034 3378 giam
2087 3307 2402 3362 hominibus
2452 3306 2799 3371 tradiderint,
2846 3305 2938 3375 qui
2988 3304 3198 3374 primus
3242 3303 3469 3374 prodiit,

1890 3399 2244 3470 propheticus
2272 3398 2656 3470 chorusyrat;
2686 3398 2778 3467 qui
2811 3412 2940 3452 vero
2979 3396 3257 3452 secundus
3283 3409 3472 3451 acces-

1890 3490 1982 3556 sit,
2017 3489 2398 3561 apostolorum
2422 3497 2478 3546 et
2495 3489 2888 3558 discipulorum
2917 3486 3120 3542 Christi
3146 3485 3350 3540 chorus
3373 3501 3473 3540 ex-

1889 3583 2051 3639 stitit.
2083 3582 2354 3638 Cteterum
2385 3583 2489 3639 visi
2522 3587 2653 3638 sunt
2697 3581 2980 3650 ingressus
3007 3579 3294 3633 memorati
3329 3577 3467 3648 Dei;

1891 3675 2008 3731 sive
2033 3673 2294 3744 apostolis
2323 3672 2545 3743 quidem
2576 3671 2677 3726 visi
2727 3678 2877 3734 sunt,
2907 3668 2999 3739 qui
3047 3683 3170 3739 qua:
3219 3667 3352 3722 olim
3399 3683 3471 3723 ex

1894 3767 2242 3839 praescientia
2283 3765 2647 3838 praenuntiata
2682 3764 2898 3820 fuerant
2947 3763 3080 3835 ipsis
3120 3761 3297 3818 oculis
3335 3775 3473 3816 con-

1893 3871 2209 3934 spexerunt.
2257 3862 2326 3917 lli
2363 3848 2547 3932 itaque
2595 3860 2797 3916 oculati
2833 3860 3117 3931 ingressus
3161 3858 3259 3914 Dei
3297 3867 3471 3914 testes

1894 3959 2046 4013 fuere
2077 3975 2091 4012 :
2126 3957 2275 4027 ipsos
2308 3962 2489 4009 tamen
2515 3960 2891 4024 praevenerunt
2922 3951 3197 4022 principes
3248 3950 3471 4020 quidam

1893 4050 2174 4120 conjuncti
2227 4047 2586 4120 psallentibus
2617 4064 2632 4101 :
2665 4044 2824 4116 queis
2899 4042 3280 4114 signiﬁcantur
3343 4055 3471 4096 cum

1893 4145 2011 4215 ipse
2050 4141 2243 4207 David,
2291 4148 2405 4195 tum
2462 4139 2502 4194 ii
2551 4140 2646 4209 qui
2697 4151 2806 4192 una
2861 4151 2986 4190 cum
3017 4149 3084 4190 eo
3133 4142 3268 4189 tunc
3301 4133 3474 4188 duces

1899 4232 2083 4305 populi
2114 4219 2291 4287 erant.
2341 4227 2409 4283 Hi
2443 4226 2725 4297 conjuncti
2780 4224 3146 4297 psallentihus
3193 4235 3472 4293 praevene-

1893 4327 2022 4374 runt
2044 4320 2098 4373 in
2115 4317 2295 4373 medio
2309 4313 2726 4386 juvencularum
2759 4312 3284 4383 tympanistriarum.
3311 4308 3473 4364 Tales

211 4425 339 4486 τοὺς
372 4423 572 4486 αὐτοὺς
617 4423 842 4495 χρόνους
879 4421 1214 4494 ἡγουμένους
1242 4419 1338 4475 τοῦ
1384 4419 1549 4474 λαοῦσ
1599 4420 1790 4483 οἵτινες

1897 4420 2044 4466 certe
2072 4418 2229 4465 erant
2272 4406 2515 4463 Judaicae
2543 4417 2852 4476 synagogas,
2891 4398 3228 4470 imperfecta:
3259 4398 3474 4453 scilicet

212 4518 465 4590 ἐχόμενοι
493 4485 601 4569 τῶν
619 4485 959 4585 ’.θαλλόντων
995 4485 1346 4586 προέφθασαν
1391 4515 1448 4566 ὲν
1491 4513 1643 4584 μέσῳ
1670 4528 1790 4567 νεα-

1897 4509 1952 4557 et
2002 4499 2181 4554 adhuc
2218 4497 2544 4568 juvenculze,
2578 4494 2729 4549 nulla
2784 4491 2891 4544 alia
2932 4487 3163 4544 scientia
3205 4485 3469 4558 praedite,

208 4610 374 4665 νίδων
404 4607 865 4680 τυμπανιστριῶν.
886 4607 1144 4661 Τοιαῦται
1175 4607 1232 4660 δὲ
1254 4601 1393 4677 ἦσαν
1419 4607 1475 4659 αἱ
1509 4603 1790 4659 ἰουδαῖκαὶ

1897 4609 2062 4665 quam
2099 4599 2160 4646 ut
2181 4589 2453 4663 tympanis
2482 4587 2597 4643 sive
2623 4586 2904 4654 corporeis
2936 4586 3318 4636 instrumentis
3342 4586 3469 4634 ute-

213 4669 556 4769 συναγωγαὶ,
585 4669 797 4764 ἀτελεῖς
823 4699 919 4754 καὶ
957 4699 1122 4754 είσέτι
1151 4669 1409 4765 νεάνιδες,
1450 4700 1608 4754 πλέον
1641 4698 1790 4752 οὐδὲν

1897 4695 2112 4750 rentur,
2157 4699 2223 4739 ex
2252 4690 2595 4736 mortuorum
2629 4676 2950 4732 animalium
2995 4673 3134 4745 pelle
3180 4669 3470 4727 confectis.

210 4761 579 4863 ἐπιστάμεναι
623 4793 658 4864 ἢ
703 4761 1006 4864 τυμπάνοις
1048 4791 1283 4864 χρῆσθαι
1309 4761 1424 4854 soi;
1465 4791 1790 4861 σωματικοῖς

1897 4779 2081 4844 Quare
2140 4772 2536 4848 tympanistria:
2597 4770 2880 4834 dicuntur,
2939 4764 3087 4839 quod
3129 4763 3270 4820 nihil
3323 4761 3478 4818 aliud

210 4885 467 4960 ὀργάνοις
504 4887 567 4938 ὲκ
605 4863 1012 4956 δορᾶςίνεκρῶν
1046 4863 1200 4946 ζώων
1244 4882 1789 4954 κατεσκευασμένοις.

1900 4877 2152 4938 nossent,
2176 4884 2340 4941 quam
2366 4878 2630 4938 corporea
2652 4863 2787 4933 legis
2811 4867 3103 4934 pracepta.

210 4974 310 5029 Διὸ
335 4974 759 5046 τυμπανίστριαι
787 4972 1053 5045 εἴρηνται,
1083 4971 1161 5043 τῷ
1190 4973 1353 5044 μηδὲν
1383 4972 1568 5042 ἕτερον
1595 4971 1794 5026 εἰδέναι

212 5068 248 5141 ἢ
280 5068 353 5121 τὰ
389 5067 675 5139 σωματικά
704 5065 798 5121 τοῦ
822 5066 989 5138 νόμου
1015 5066 1472 5137 παραγγέλματα.

295 5200 316 5233 ι
358 5180 450 5233 Ἐν
491 5180 836 5253 Ἑκκλησίαις
863 5181 1133 5250 εὐλογεῖτε
1161 5180 1252 5234 τὸν
1301 5178 1434 5232 Θεὸν
1475 5178 1680 5250 Κύριον
1733 5177 1790 5230 ἐκ

1974 5167 2144 5223 Vens.
2172 5166 2264 5230 27,
2289 5163 2381 5218 28.
2409 5180 2427 5213 ι
2456 5159 2514 5215 In
2548 5157 2806 5214 Ecclesiis
2835 5154 3138 5210 benedicite
3194 5150 3306 5207 Deo
3367 5148 3480 5257 Do:

216 5272 417 5346 πηγῶν
459 5239 697 5345 Ἰσραήλ..
729 5294 746 5327 ι
806 5239 961 5328 θίετὰ
1000 5239 1136 5338 ’τοὺς
1168 5239 1660 5346 προθεωρήσαντας
1700 5269 1790 5334 τὰς

1905 5260 2056 5314 mino
2085 5256 2154 5310 de
2200 5253 2442 5308 fontibus
2490 5249 2674 5306 Israel.
2715 5266 2734 5300 ι
2773 5245 2844 5300 De
2879 5247 2946 5300 iis
2987 5245 3202 5300 locutus
3243 5242 3335 5312 qui
3378 5239 3473 5295 Dei

218 5333 324 5420 τοῦ.
368 5333 700 5437 διηλωθιέντος
736 5365 872 5420 Θεοῦ
909 5333 1133 5437 πορείας
1150 5405 1167 5432 ,
1213 5333 1522 5425 άκολοῦθως
1561 5363 1592 5415 6
1644 5361 1790 5430 λόγος

1902 5355 2017 5425 jam
2064 5347 2348 5405 memorati
2399 5346 2684 5416 ingressus
2732 5340 3116 5410 praeviderant,
3181 5344 3304 5408 post
3352 5333 3476 5386 illos

220 5423 436 5530 ἑτέροις
460 5458 572 5511 τισὶ⁵
625 5423 762 5529 μετὰ
803 5460 927 5522 τοὺς
977 5423 1228 5529 πρώτους
1254 5423 1578 5526 γενομένους
1633 5423 1790 5524 προσ-

1905 5423 2121 5520 primos
2151 5449 2549 5511 consequenter
2597 5437 2734 5492 alios
2768 5433 3058 5503 compellat
3086 5431 3273 5484 dicens
3301 5440 3366 5525 ετ
3398 5423 3474 5530 in

409 5509 584 5619 λέγων
817 5509 1150 5622 ήέκκληόίαις
1179 5509 1448 5618 είδλογείτε
1471 5509 1716 5600 τὸνθεόν
1730 5561 1744 5576 ο
1773 5562 1790 5597 ι

1903 5509 2154 5598 ecclesiis
2201 5509 2506 5590 hencdicite
2555 5527 2685 5585 Deo.
2727 5548 2744 5580 ι
2778 5525 2916 5592 Quia
2959 5537 3087 5578 vero
3125 5520 3177 5574 hi
3208 5532 3239 5570 ο
3267 5509 3478 5584 princi-

290 5709 338 5740 “
358 5707 505 5764 Psal.
536 5720 648 5772 cu,
685 5707 739 5762 1.
