2031 3104
273 122 322 150 7H

608 121 742 149 EUSEBH
760 118 1001 148 CAZSARIENS‘IS
1018 118 1094 146 OPP.
1115 118 1206 147 PARS
1224 119 1268 148 Ill.
1291 135 1322 140 —
1344 119 1550 149 EXEGETICA.

1851 115 1905 149 ne

275 182 356 217 pibus
381 180 435 208 illis
456 180 502 215 qui
527 184 722 215 pnevenerunt
753 179 856 207 diversi
885 179 1059 214 erant;jure

1111 179 1157 206 καὶ
1169 180 1317 216 ἐπειδήπερ
1333 180 1421 216 ἕτεροι
1442 179 1512 216 ἦσαν
1524 178 1594 208 οῦτοι
1610 180 1684 216 παρὰ
1701 180 1763 212 τοῦς
1781 181 1905 216 προφθά-

274 231 364 255 catus
381 227 489 254 illorum
505 226 639 253 ecclesias
655 229 746 257 vocat,
762 225 841 260 queis
851 225 996 260 prophetia
1010 233 1060 253 nec

272 273 391 301 obscure
415 271 571 299 Servatoris
593 271 681 298 nostri
704 270 838 298 ecclesias
853 274 1058 298 commemorat.

272 317 408 345 Jubentur
420 324 502 352 porro
517 316 544 343 hi
562 316 676 343 secundi
689 336 697 348 ,
712 323 768 343 non
785 315 813 342 in
827 315 917 343 medio
930 315 1062 351 juvencu-

273 363 361 390 larum
385 361 654 398 tympanistriarum,
677 361 725 389 sed
751 361 780 388 in
802 361 928 388 ecclesiis
949 360 1061 388 benedi-

271 417 334 437 cere
348 408 414 436 Deo.
428 409 495 442 Quis
520 408 556 435 sit
576 408 649 436 Deus
669 408 715 436 ille
731 416 794 435 mox
822 408 926 435 indicat
953 407 1058 440 dicens,

274 464 284 481 ι
302 454 428 482 Domino.
446 464 455 480 ι
476 454 553 482 Unde
567 462 632 482 vero
659 454 685 481 id
716 454 867 486 hauserint,
893 453 966 489 quod
982 461 1060 489 opor-

271 506 327 530 teat
339 501 470 529 Ecclesiis
486 501 594 528 Domini
609 501 647 537 (ι)
661 500 822 535 theologiam
832 500 952 533 tradere,
970 508 1062 527 neces-

271 547 346 574 sario
373 547 491 582 explicat
513 546 557 574 his
585 547 723 574 verbis”
741 546 857 574 Domino
879 546 913 574 de
936 546 1058 574 fontibus

271 593 370 627 Israel,
390 603 400 620 ι
425 593 638 629 vulgaribusque
655 593 756 620 iterum
783 592 994 620 characteribus
1015 592 1060 619 hic

271 640 404 668 Dominus
418 640 591 675 exprimitur.
614 639 717 668 Fontes
732 647 796 667 vero
810 639 903 671 Israel,
921 638 1061 674 propheti-

270 695 309 715 caa
334 686 482 722 Scriptum
508 690 572 714 sunt
596 690 679 721 atque
694 686 735 713 lex
751 685 862 721 Moysis.
890 685 928 712 Ex
958 686 1059 720 quibus
1081 702 1086 707 -

270 731 350 767 quasi
366 739 399 759 ex
411 731 543 763 fontibus,
557 739 605 767 per
621 731 719 758 hausta
743 730 776 758 de
799 729 942 758 Salvatore
965 735 1060 758 nostro

271 778 442 810 testimonia,
461 778 575 805 secundi
591 777 630 804 illi
646 778 674 804 in
692 777 818 805 ecclesiis
834 777 997 805 benedicere
1008 777 1058 812 ipsi

1113 234 1212 258 σαντας
1227 226 1377 263 ἄρχοντας,
1402 227 1515 258 εἰκότως
1530 227 1578 253 καὶ
1600 227 1649 259 τὰς
1674 227 1798 259 συνόδους
1813 227 1906 254 αὐτῶν

1110 272 1259 307 ἐκκλησίας
1269 273 1412 305 ἀποκαλεῖ,
1431 273 1572 308 μονονουχὶ
1585 274 1675 308 γυμνῇ
1689 274 1722 308 τῇ
1737 273 1841 309 κεφαλῇ
1854 272 1905 305 τὰς

1110 318 1158 345 τοῦ
1179 318 1305 355 Σωτῆρος
1320 319 1399 354 ἡμῶν
1421 319 1570 355 ἐκκλησίας
1593 319 1831 355 προαγορευούσης
1853 320 1905 355 τῆς

1112 364 1288 400 προφητείας.
1308 363 1469 391 Κελεύονται
1486 364 1514 391 δέ
1528 361 1601 390 οὗτοι
1618 364 1643 389 οἱ
1665 362 1787 399 δεύτεροι
1806 364 1857 390 οὐκ
1875 364 1905 390 ἐν

1113 411 1188 446 μέσῳ
1216 410 1342 437 νεανίδων
1357 409 1598 446 τυμπανιπριῶν,
1611 409 1669 436 ἀλλ’
1690 410 1720 436 ὲν
1743 409 1904 444 ἐκκλησίαις

1111 456 1232 490 εὐλογεῖν
1248 455 1293 482 τὸν
1310 456 1386 482 Θεόν.
1412 456 1467 483 Καὶ
1484 457 1560 482 ποῖον
1583 455 1660 488 Θεὸν,
1684 455 1765 482 πάλιν
1780 455 1904 490 ἐπιλέγει

1112 502 1186 537 ἑξῆς,
1205 511 1215 527 ι
1229 501 1342 538 Κύριον.
1359 513 1368 528 ι
1387 502 1441 528 Καὶ.
1465 502 1545 527 πόθεν
1566 502 1732 537 ἀρνυμένους
1755 502 1823 536 χρῆν
1843 503 1904 532 ταῖς

1111 548 1269 583 ἐκκλησίαις
1288 547 1337 583 τὴν
1358 548 1404 573 τοῦ
1432 547 1533 583 Κυρίου
1562 548 1736 582 παραδιδόναι
1765 548 1903 581 θεολογίαν

1111 594 1266 628 ἀναγκαίως
1297 594 1444 630 παρίστησι
1465 594 1566 627 λέγων·
1593 604 1602 619 ι
1621 594 1721 629 Κύριον
1751 595 1782 620 ἐκ
1807 594 1902 628 πηγῶν

1117 639 1242 675 Ἰσραὴλ,
1265 649 1274 665 ι
1299 642 1356 672 τοῖς
1376 640 1539 675 κοινοτέροις
1565 640 1736 675 χαρακτῆρσι
1763 640 1902 667 κάνταῦθα

1111 686 1192 712 πάλιν
1208 685 1256 712 τοῦ
1273 686 1377 721 Κυρίου
1394 687 1605 721 σημαινομένου.
1629 686 1717 721 Πηγαί
1743 686 1769 712 δὲ
1793 686 1902 721 Ἰσραὴλ

1114 732 1141 757 αἱ
1168 733 1333 777 προφητικαὶ
1359 733 1465 767 Γραψαὶ
1480 734 1668 767 τυγχάνουσιν,
1684 733 1700 767 ἥ
1719 741 1746 758 τε
1761 733 1901 762 Μωῦσέιυς

1110 778 1256 814 νομοθεσία
1266 787 1272 793 ·
1290 777 1319 811 ἐξ
1335 776 1372 805 ὧν
1384 778 1477 813 ὥσπερ
1492 778 1545 804 ἀπὸ
1566 778 1661 812 πηγῶν
1674 778 1836 813 ἀρυομένους
1849 777 1900 808 τὰς

267 825 408 860 jubentur.
421 824 522 851 Deinde
534 823 675 859 subiungit
689 833 696 850 ι
714 832 724 849 σ
744 822 782 850 lbi
798 823 941 858 Benjaniin
965 823 1059 851 adole-

1111 824 1177 860 περὶ
1202 823 1250 851 τοῦ
1265 824 1390 860 Σωτῆρος
1412 824 1489 859 ἡμῶν
1508 824 1659 859 μαρτυρίας
1684 824 1801 858 εὐλογεῖν
1819 823 1901 849 αὑτὸν

270 871 411 899 ειιεῃιιιιιιε
447 871 476 898 in
506 870 606 897 mentis
630 878 755 897 excessu.
774 879 784 895 ι
803 868 857 896 Pro
883 869 931 897 illo
955 873 1057 901 autem,

1110 870 1139 897 ὲν
1163 871 1223 901 ταῖς
1242 869 1401 905 ἐκκλησίαις
1429 872 1485 901 τοῖς
1508 870 1644 905 δευτέροις
1672 869 1898 905 παρακελεύεται.

271 926 282 942 ι
300 917 347 950 ibi,
361 927 370 943 ι
384 916 565 953 Symmachus
577 917 624 948 ait,
638 925 648 942 ι
663 916 708 943 ubi
725 916 868 950 Bcnjamin
886 916 1033 948 minimus;
1046 926 1055 942 ι

269 963 368 998 Aquila
392 969 456 989 vero
477 962 614 994 similiter,
634 971 643 987 ι
662 962 698 988 ibi
722 961 863 996 Benjamin
890 961 991 993 brevis,
1007 961 1059 987 im-

270 1015 370 1044 perans
388 1008 466 1043 ipsis.
486 1018 495 1034 ι
515 1007 656 1042 Bcnjamin
671 1014 735 1035 vero
748 1007 853 1042 junior,
871 1007 1001 1035 minimus
1012 1011 1059 1034 aut

270 1055 449 1082 brevissimus
476 1053 579 1081 Paulus
603 1058 662 1081 erat
695 1053 804 1082 divinus
830 1054 989 1089 Apostolus,
1025 1061 1059 1081 ex

270 1101 341 1128 tribu
362 1100 515 1135 Benjamin,
535 1099 665 1127 llebraaus
678 1108 712 1128 ex
727 1099 865 1133 Hebraeis,
880 1100 1059 1134 quemadmo-

270 1147 334 1175 dum
349 1147 407 1182 ipse
432 1146 512 1174 docet
536 1146 579 1174 his
595 1146 686 1174 verbis
703 1155 711 1173 :
732 1155 741 1172 ι
761 1146 944 1174 Circumcisio
962 1151 1059 1174 octavo

269 1193 323 1224 die,
341 1200 374 1221 ex
387 1200 486 1228 genere
503 1192 595 1224 Israel,
612 1192 648 1220 de
664 1193 738 1220 tribu
755 1193 911 1228 Benjamin,
928 1193 1059 1222 Hebraeus

268 1247 303 1266 ex
316 1238 437 1267 Hebraeis
448 1238 480 1265 ⁸⁷.
504 1248 512 1264 ι
533 1237 631 1266 Junior
647 1247 712 1267 vero
726 1239 839 1270 dicitur.
857 1240 915 1267 sive
930 1240 1059 1267 minimus

269 1290 316 1313 aut
330 1286 432 1317 brevis,
448 1285 512 1320 quia
533 1286 559 1313 id
576 1285 634 1320 ipse
661 1286 782 1313 declarat
799 1286 893 1314 dicens
910 1296 917 1314 :
936 1295 946 1312 ι
965 1285 1060 1314 Novis-

270 1333 341 1361 simo
366 1337 457 1360 autem
480 1332 603 1359 omnium
630 1332 710 1368 quasi
729 1332 854 1359 abortivo
876 1333 953 1360 visus
967 1336 1009 1360 est
1032 1335 1060 1360 et

269 1379 381 1406 mihi".
399 1388 408 1405 ι
437 1378 489 1406 Pro
504 1379 551 1406 illo
568 1382 672 1410 autem,
692 1387 702 1404 ‹
718 1379 746 1405 in
774 1379 875 1406 mentis
898 1386 1025 1411 excessu,
1046 1389 1055 1405 ι

267 1426 389 1461 Aquila,
418 1434 428 1451 ι
455 1425 594 1460 imperans
620 1425 707 1460 ipsis;
727 1435 736 1451 I
759 1425 912 1454 Tbeodotio
942 1431 1034 1453 autem
1050 1448 1057 1459 ,

271 1482 281 1498 ι
300 1475 450 1508 praeceptor
472 1479 588 1505 eorum;
606 1481 615 1498 ο
637 1472 732 1507 quinta
755 1471 850 1504 editio,
877 1482 887 1498 ‹
914 1473 1059 1501 instituen-

268 1522 334 1551 tem,
350 1528 359 1544 ι
394 1521 442 1545 aut
472 1527 481 1544 ι
501 1517 656 1552 docentem,
673 1527 683 1544 ι
701 1518 873 1553 interpretati
900 1524 974 1547 sunt.
1002 1519 1058 1548 Nec

268 1565 363 1593 multis
392 1565 483 1592 verbis
503 1572 572 1600 opus
597 1565 631 1592 ad
655 1565 903 1600 comprobandum,
932 1571 1057 1594 sanctum

267 1611 439 1646 Apostolum,
457 1610 503 1645 qui
520 1610 662 1645 Benjamin
675 1614 801 1642 vocatur,
816 1609 948 1639 Ecclesiis
971 1612 1058 1647 impe-

267 1664 340 1687 rare,
358 1662 507 1691 earumque
522 1659 716 1691 praeceptorem
734 1663 806 1684 esse.
831 1655 892 1683 Non
909 1657 985 1685 solus
1006 1657 1056 1684 ita-

267 1710 321 1737 que
337 1701 479 1736 Benjamin
495 1702 532 1729 ibi
546 1705 625 1734 erat,
639 1701 769 1729 videlicet
789 1702 816 1729 in
840 1701 972 1731 Ecclesiis
988 1702 1058 1737 Dei;

268 1747 315 1775 sed
330 1747 412 1774 etiam
433 1756 443 1772 ‹
461 1747 600 1782 principes
613 1745 684 1773 Iuda
697 1746 783 1773 duces
794 1753 901 1779 eorum,
918 1748 1057 1784 principes

268 1793 409 1825 Zabulon,
440 1793 579 1828 principes
604 1792 760 1828 Nephthali.
781 1803 790 1818 ι
809 1792 857 1820 His
880 1801 963 1829 porro
987 1795 1058 1822 indi-

268 1840 366 1864 cantur
382 1837 479 1871 reliqui
491 1837 619 1872 apostoli,
632 1844 750 1872 quorum
766 1837 812 1864 alii
827 1845 860 1865 ex
874 1839 950 1866 tribu
975 1838 1056 1874 Juda,

268 1882 313 1909 alii
326 1889 360 1909 ex
373 1882 446 1909 tribu
456 1882 589 1915 Zabnlon,
606 1883 652 1909 alii
666 1890 699 1909 ex
716 1882 789 1910 tribu
807 1882 952 1919 Nepbthali
966 1889 1056 1912 erant.

267 1927 358 1960 Quare
375 1928 473 1955 horum
489 1932 591 1956 terram
607 1934 739 1957 memorat
754 1929 874 1964 Spiritus
885 1935 998 1959 sanctus
1009 1940 1058 1967 per

267 1973 366 2001 lsaiam
393 1974 553 2009 prophetam
587 1974 711 2003 dicens:
732 1984 742 2000 ι
762 1975 847 2002 Terra
877 1976 1001 2004 Zahulon
1030 1981 1058 2005 et

268 2027 340 2047 terra
361 2019 544 2056 Nephthalim,
567 2020 640 2048 viam
663 2021 748 2048 maris
761 2040 769 2052 .
787 2025 863 2049 trans
897 2022 1056 2055 Jordanem,

266 2065 376 2093 Galihea
394 2065 517 2101 gentium
527 2065 560 2092 δ’.
581 2075 590 2091 ι
609 2066 668 2101 Ipse
681 2074 790 2102 quoque
817 2068 946 2096 Servator
964 2073 1058 2097 trans-

268 2112 328 2140 iens
348 2112 427 2147 juxta
452 2119 528 2139 mare
544 2111 672 2146 Galilaaze,
688 2113 791 2140 istbinc
816 2121 882 2142 suos
908 2114 1057 2150 discipulos

266 2159 386 2187 vocavit.
415 2158 516 2194 Aperte
539 2159 631 2194 itaque
657 2159 738 2186 docet
766 2159 898 2189 Ecclesiis
924 2161 1058 2197 imperare

1109 913 1177 943 Εἶτα
1196 915 1332 950 ἐπιλέγει·
1348 925 1357 941 ‹
1375 917 1448 942 Ἐκεῖ
1462 916 1589 950 Βενιαμὶν
1610 915 1739 950 νεώτερος
1759 917 1787 941 ὲν
1803 916 1900 941 ἐκστα-

1110 971 1160 989 σει.
1179 971 1188 988 ι
1210 962 1282 988 Ἀντὶ
1299 961 1328 988 δὲ
1340 962 1387 988 τοῦ
1406 972 1414 988 ι
1433 964 1490 988 ἐκεῖ
1502 983 1508 993 ,
1532 972 1540 987 ι
1559 963 1572 988 ὁ
1596 961 1759 998 Σύμμαχος,
1785 972 1794 987 ι
1813 962 1879 988 ὅπου
1892 982 1899 993 ,

1110 1008 1193 1044 φησὶ,
1224 1008 1353 1043 Βενιαμὶν
1386 1009 1401 1033 ὁ
1431 1010 1610 1043 μικρότατος·
1634 1018 1642 1033 ι
1672 1007 1720 1034 καὶ
1745 1008 1759 1033 ό
1786 1008 1900 1039 Ἀκύλας

1109 1053 1210 1088 ὁμοίως
1220 1061 1227 1068 ·
1242 1062 1251 1079 ι
1269 1054 1352 1086 Ἐκεῖ,
1366 1055 1441 1089 φησι,
1455 1055 1584 1089 Βενιαμὶν
1597 1055 1610 1080 ό
1623 1054 1734 1089 βραχὺς,
1745 1054 1901 1089 ἐπικρατῶν

1109 1099 1209 1125 αὐτῶν.
1229 1108 1238 1125 ι
1265 1099 1393 1135 Βενιαμὶν
1418 1101 1445 1126 δὲ
1468 1100 1598 1136 νεώτερος
1622 1101 1667 1127 καὶ
1696 1100 1856 1136 μικρότατος
1883 1100 1900 1135 ἦ

1110 1145 1278 1181 βραχύτατος
1294 1145 1399 1178 Παῦλος
1415 1144 1447 1181 ἦν
1458 1148 1471 1172 ὸ
1486 1146 1555 1178 θεῖος
1579 1147 1748 1178 Ἀπόστολος,
1766 1147 1850 1182 φυλῆς
1863 1146 1902 1173 ὣν

1110 1192 1249 1227 Βενιαμὶν,
1277 1192 1402 1228 Ἐὁραῐος
1421 1193 1450 1224 ἐξ
1479 1193 1628 1229 Ἐϐραίων,
1651 1193 1741 1224 καθὼς
1764 1193 1844 1224 αὐτὸς
1863 1193 1903 1219 δι-

1108 1238 1203 1265 δάσκει
1227 1238 1331 1273 λέγων’
1360 1248 1369 1264 ι
1393 1239 1531 1274 Περιτομὴ
1555 1240 1726 1274 ὀκταήμερος
1750 1239 1782 1264 ἐκ
1805 1239 1902 1272 γένους

1116 1284 1234 1320 Ἰσραὴλ,
1248 1285 1335 1320 φυλῆς
1358 1285 1504 1320 Βενιαμὶν,
1529 1286 1653 1320 Ἐϐραῖος
1675 1286 1703 1318 ἐξ
1728 1284 1870 1320 Ἐϐραίων.
1888 1293 1899 1309 ι

1110 1329 1250 1366 Νεώτερος
1263 1330 1292 1357 δέ
1309 1329 1427 1365 εἴρηται,
1443 1331 1459 1365 ἢ
1476 1331 1650 1366 μικρότατος,
1667 1330 1683 1366 ἢ
1708 1330 1821 1366 βραχὺς,
1840 1332 1903 1357 ἐπεὶ

1110 1376 1157 1403 καὶ
1173 1376 1255 1408 αὐτὸς
1269 1375 1347 1403 τοῦτο
1359 1376 1478 1402 διδάσκει
1491 1376 1578 1409 λέγων
1589 1384 1595 1390 ·
1614 1385 1622 1401 ι
1639 1376 1771 1411 Ὕστερον
1787 1376 1814 1402 δὲ
1832 1376 1903 1402 παν-

1109 1431 1163 1449 των
1182 1421 1278 1458 ὥσπερ
1294 1422 1333 1457 τῷ
1352 1421 1508 1457 ἐκτρώματι
1528 1421 1606 1457 ὤφθη
1632 1422 1725 1456 κάμοί.
1743 1432 1752 1447 ι
1782 1422 1853 1448 Ἀντὶ
1872 1422 1901 1449 δὲ

1109 1468 1173 1501 τοῦ,
1189 1477 1199 1494 ι
1212 1468 1242 1495 ἐν
1263 1468 1389 1495 ἐκστάσει
1403 1488 1410 1499 ,
1435 1478 1443 1493 ι
1462 1468 1476 1493 ὁ
1502 1468 1550 1503 μὲν
1568 1467 1698 1499 Ἀκύλας,
1720 1476 1730 1493 ι
1746 1467 1901 1503 ἐπικρατῶν

1110 1512 1199 1539 αὐτῶν
1209 1522 1215 1527 ·
1231 1521 1241 1538 ι
1257 1513 1271 1539 ό
1284 1512 1313 1539 δὲ
1331 1512 1487 1544 Θεοδοτίων,
1504 1522 1512 1537 ι
1527 1513 1672 1548 παιδευτὴς
1693 1512 1796 1539 αὐτῶν
1816 1522 1824 1538 ι
1843 1514 1859 1547 ἡ
1872 1512 1902 1539 δὲ

1111 1558 1221 1594 πέμπτη
1233 1558 1346 1591 ἔκδυσις,
1362 1569 1370 1584 ι
1384 1559 1781 1595 παιδεύοντα,ιῆ,‹διδασκοντα
1796 1569 1804 1584 ι
1813 1560 1903 1595 ἡρμή-

1109 1614 1217 1633 νευσαν.
1233 1606 1270 1632 Uti
1287 1605 1327 1632 δεῖ
1340 1605 1368 1632 δέ
1384 1607 1449 1641 ἡμῖν
1465 1606 1595 1632 πλειόνων
1612 1606 1698 1639 λόγων
1716 1607 1756 1637 εἰς
1766 1605 1900 1638 ἀπόδειξιν

1107 1651 1155 1678 τοῦ
1171 1652 1282 1687 κρατεῖν
1303 1651 1356 1678 τῶν
1386 1651 1568 1686 Ἐκκλησιῶν,
1586 1652 1632 1678 καὶ
1648 1651 1796 1687 παιδευτὴν
1812 1652 1902 1678 αὐτῶν

1108 1694 1176 1724 εἶναι
1191 1697 1236 1724 τὸν
1251 1697 1323 1733 ἱερὸν
1337 1697 1495 1724 Ἀπόστειλον
1510 1698 1637 1733 Βενιαμὶν
1650 1697 1900 1733 ὠνομασμένον.οὑ

1110 1743 1190 1778 μόνος
1206 1743 1234 1769 δέ
1257 1743 1312 1779 ἄρα
1334 1745 1349 1770 ὁ
1372 1744 1501 1778 Βενιαμὶν
1516 1742 1549 1778 ἦν
1569 1745 1642 1776 ἐκεῖ,
1659 1743 1758 1779 δηλαδὴ
1787 1744 1814 1769 ἐν
1836 1744 1899 1775 ταῖς

1114 1789 1288 1825 Ἐκκλησίαις
1302 1789 1349 1816 τοῦ
1365 1790 1442 1821 Θεοῦ,
1455 1790 1522 1816 ἀλλὰ
1547 1790 1592 1816 καὶ
1608 1800 1617 1815 ι
1631 1790 1654 1816 οἱ
1668 1789 1795 1825 ἄρχοντες
1812 1787 1897 1815 Ἰούδα

1107 1835 1241 1871 ἡγεμόνες
1257 1835 1362 1867 αὐτῶν,
1387 1837 1456 1862 οἵτε
1483 1836 1613 1870 ἄρχοντες
1638 1834 1776 1861 Ζαϐουλὼν
1802 1834 1849 1860 καὶ
1870 1835 1897 1860 οἱ

1107 1881 1238 1917 ἄρχοντες
1252 1881 1419 1917 Νεφθαλείμ.
1435 1882 1564 1917 Σημαίνει
1580 1882 1607 1907 δὲ
1623 1880 1721 1914 όμλόγος
1734 1880 1779 1906 διὰ
1793 1879 1899 1906 τούτων

1106 1927 1170 1959 τοὺς
1190 1927 1301 1959 λοιποὺς
1317 1927 1492 1959 ἀποστόλους,
1514 1924 1550 1954 ὧν
1565 1929 1588 1953 οἱ
1609 1928 1656 1963 μὲν
1671 1924 1739 1962 ἦσαν
1760 1927 1793 1953 ἐκ
1811 1927 1901 1961 φυλῆς

1113 1973 1208 2006 Ἰούδα,
1224 1975 1249 2000 οἱ
1263 1973 1291 2000 δέ
1304 1975 1337 2000 ἐκ
1354 1974 1441 2009 φυλῆς
1455 1973 1598 2000 Ζαϐουλὼν
1611 1973 1658 2000 καὶ
1674 1972 1843 2008 Νεφθαλείμ.
1855 1973 1902 1998 Διο

1107 2021 1156 2056 τῆς
1177 2021 1279 2048 τούτων
1300 2021 1436 2057 μέμνηται
1460 2021 1552 2056 χώρας
1575 2021 1605 2047 τὸ
1630 2021 1708 2055 ἆγιον
1726 2020 1838 2056 Πνεῦμα
1857 2020 1903 2046 διὰ

1113 2067 1224 2094 Ἢσαῖου
1235 2067 1284 2094 τοῦ
1297 2068 1436 2103 προφήτου
1454 2067 1531 2101 λέγον
1543 2076 1548 2081 ·
1564 2077 1573 2092 ι
1586 2067 1623 2102 Γῆ
1639 2066 1782 2093 Ζαΰουλὼν
1805 2067 1852 2093 καὶ
1865 2067 1901 2101 γῆ

1107 2113 1282 2149 Νεφθαλεὶμ,
1307 2113 1366 2140 ὁδὸν
1385 2114 1523 2148 Θαλάσσης
1536 2133 1543 2145 ,
1564 2113 1652 2148 πέραν
1674 2112 1720 2139 τοῦ
1751 2113 1900 2148 Ἰορδάνου,

1107 2159 1235 2186 Γαλιλαία
1245 2159 1299 2186 τῶν
1312 2158 1407 2185 ἐθνῶν.
1416 2169 1424 2184 ι
1435 2159 1490 2186 Καὶ
1503 2158 1582 2190 αὐτὸς
1592 2159 1620 2185 δέ
1633 2160 1647 2184 6
1657 2158 1761 2194 Σωτὴρ,
1774 2167 1902 2194 παραγα-

267 2205 356 2240 primo
382 2204 508 2237 Paulum,
536 2205 729 2233 brevissimum
745 2210 771 2233 et
787 2206 930 2234 minimum
941 2229 949 2241 ,
965 2215 997 2235 ac
1008 2208 1055 2242 ju-

1110 2206 1163 2240 γὼν
1180 2205 1255 2241 παρὰ
1268 2205 1316 2241 τὴν
1333 2205 1471 2232 θάλασσαν
1485 2206 1535 2240 τῆς
1549 2205 1704 2237 Γαλιλαίας,
1721 2205 1785 2236 τοὺς
1802 2205 1900 2231 ἐαυτοῦ

266 2253 371 2279 niorem
399 2252 506 2279 caeteris
526 2252 658 2287 apostolis
671 2271 679 2284 ,
694 2252 722 2280 in
746 2253 845 2280 utentis
870 2261 986 2281 excessu
1006 2254 1055 2281 ali-

266 2297 376 2332 quando
391 2297 523 2333 positum,
542 2297 653 2333 quando
667 2298 883 2334 persequebatur
904 2299 1053 2328 Ecclesiam

267 2342 326 2375 Dei,
345 2351 460 2378 eamque
477 2344 611 2376 vastabat,
629 2345 686 2371 sive
710 2344 821 2379 quando
841 2345 870 2372 in
888 2346 1054 2374 revelatione

266 2387 436 2416 Salvatorem
452 2389 537 2422 vidit;
554 2390 595 2417 vel
611 2390 722 2425 quando
739 2395 833 2426 raptus
848 2392 928 2419 estin
945 2393 1057 2427 paradi-

266 2441 326 2461 sum
343 2442 429 2469 usque
444 2434 476 2462 ad
491 2435 601 2462 tertium
615 2436 726 2463 coelum.
748 2435 814 2463 Post
837 2435 952 2464 Paulum
977 2445 1054 2470 vero,

265 2484 380 2508 (επιειος
403 2481 543 2515 apestolos
560 2490 569 2507 ι
590 2481 637 2513 ibi,
658 2491 668 2508 ι
687 2482 792 2509 scilicet
808 2482 836 2509 in
856 2482 916 2517 ipsa
932 2482 1055 2512 Ecclesia

265 2529 363 2554 ornate
389 2531 548 2555 versaturos
575 2527 751 2560 vaticinatur,
775 2528 969 2564 principesque
997 2529 1056 2558 fore

266 2576 378 2600 nostros
391 2581 424 2600 ex
438 2574 510 2601 tribu
527 2573 608 2606 Iuda,
624 2582 656 2602 ac
671 2575 810 2610 principes
827 2575 962 2609 Zabulon,
980 2577 1056 2612 prin-

265 2620 341 2654 cipes
357 2618 514 2655 Nephthali.
532 2620 560 2647 Si
577 2621 639 2657 quis
653 2629 719 2649 vero
741 2629 790 2657 per
817 2622 901 2650 otium
926 2628 1054 2652 accurate

267 2665 452 2702 perquisierit,
475 2666 609 2701 cujusque
632 2668 748 2702 apostoli
783 2668 885 2695 tribum
910 2669 1052 2704 reperiet:

301 2757 324 2774 "
338 2756 456 2793 Philipp.
482 2765 522 2790 ιιι,
543 2757 570 2784 5.
607 2756 650 2784 ⁸⁸1
664 2757 728 2785 Cor.
750 2766 797 2792 xv,
814 2758 841 2786 8.
879 2759 901 2775 "
914 2757 967 2786 lsa.
984 2766 1023 2790 Ix,
1044 2758 1070 2786 1.

1111 2251 1234 2288 μαθητὰς
1248 2251 1352 2278 ἐνθένδε
1376 2252 1542 2278 ἀνεκαλεῖτο.
1560 2251 1657 2286 Σαφῶς
1671 2249 1718 2277 οὖν
1742 2252 1901 2285 ἐπικρατεῖν

1108 2298 1162 2325 τῶν
1183 2298 1348 2335 Ἐκκλησιῶν
1364 2299 1470 2334 πρῶτον
1486 2299 1535 2334 μὲν
1550 2299 1655 2325 Παῦλον
1669 2298 1715 2325 τὸν
1732 2298 1902 2334 βραχύτατον

1108 2345 1156 2372 καὶ
1171 2344 1348 2381 μικρότατον,
1365 2346 1411 2371 καὶ
1427 2344 1560 2371 νεώτατον
1573 2344 1629 2371 τῶν
1643 2345 1800 2372 ἀποστόλων
1813 2344 1902 2371 ἐδίδα-

1109 2389 1170 2423 ξεν,
1187 2392 1216 2417 ἐν
1241 2391 1367 2418 ἐκστάσει
1385 2392 1449 2419 ποτὲ
1470 2392 1632 2427 γενόμενον,
1659 2391 1703 2417 ὅτε
1730 2390 1826 2417 ἐδίωκε
1852 2391 1902 2427 τὴν

1114 2437 1278 2472 Ἐκκλησίαν
1293 2437 1340 2464 τοῦ
1358 2437 1442 2470 Θεοῦ,
1465 2438 1512 2464 καὶ
1530 2437 1640 2473 ἐπόρθει
1652 2436 1747 2472 αὐτὴν,
1769 2437 1788 2472 ἦ
1803 2437 1849 2463 ὅτε
1874 2438 1904 2464 ἐν

1108 2483 1277 2518 ἀποκαλύψει
1290 2484 1335 2512 τὸν
1353 2485 1467 2520 Σωτῆρα
1485 2484 1612 2511 τεθέατο·
1631 2484 1648 2519 ἢ
1664 2484 1709 2510 ὅτε
1728 2483 1844 2519 ἡρπάγη
1863 2484 1905 2515 εἰς

1108 2530 1154 2557 τὸν
1179 2530 1342 2566 παράδεισον
1363 2531 1415 2562 ἓως
1437 2531 1529 2566 τρίτου
1555 2530 1686 2566 οὐρανοῦ·
1714 2530 1783 2565 μετὰ
1811 2530 1840 2556 δὲ
1857 2529 1907 2558 τὸν

1109 2576 1216 2603 Παῦλον
1236 2577 1300 2609 τοὺς
1324 2576 1435 2608 λοιποὺς
1460 2576 1625 2608 ἀποστόλους
1641 2576 1700 2603 ἐκεῖ
1724 2576 1754 2601 ἐν
1776 2576 1809 2610 τῇ
1831 2575 1906 2610 αὐτῇ

1115 2622 1262 2659 Ἐκκλησία
1294 2623 1456 2659 διαπρέπειν
1483 2622 1623 2655 θεσπίζει,
1658 2622 1792 2657 ἄρχοντας
1821 2620 1909 2652 ὄντας

1108 2669 1259 2705 ἡμετέρους
1274 2670 1307 2697 ἐκ
1319 2670 1407 2705 φυλῆς
1426 2668 1521 2702 Ἰούδα,
1538 2670 1586 2697 καὶ
1604 2669 1738 2705 ἄρχοντας
1755 2665 1912 2695 Ζαβουλὼν

303 2835 342 2873 (ι)
366 2836 393 2864 Id
417 2841 459 2864 est
472 2856 479 2869 ,
506 2836 587 2864 Deum
604 2837 677 2864 illum
699 2844 753 2865 use
771 2836 796 2862 in
816 2835 934 2864 Ecclesia
952 2836 1106 2871 pra'dicare.
