  <div class='ocr_page' id='page_1' title='image "/cluster/home/n/w/nwhite01/storage/ocr_20150623/23/hvd.32044073501116/362.png"; bbox 0 0 4062 6208; ppageno 0'>
   <div class='ocr_carea' id='block_1_1' title="bbox 379 273 479 328">
    <p class='ocr_par' dir='ltr' id='par_1_1' title="bbox 379 273 479 328">
     <span class='ocr_line' id='line_1_1' title="bbox 379 273 479 328; baseline 0.01 -1"><span class='ocrx_word' id='word_1_1' title='bbox 379 273 479 328; x_wconf 71' lang='grc' dir='ltr'><strong>ῗΙδ</strong></span> 
     </span>
    </p>
   </div>
   <div class='ocr_carea' id='block_1_2' title="bbox 1502 264 2496 324">
    <p class='ocr_par' dir='ltr' id='par_1_2' title="bbox 1502 264 2496 324">
     <span class='ocr_line' id='line_1_2' title="bbox 1502 264 2496 324; baseline -0.001 0"><span class='ocrx_word' id='word_1_2' title='bbox 1502 264 2009 324; x_wconf 71' lang='grc' dir='ltr'><strong>(ῘΟΜΜΕΝΤΑΒΙΑ</strong></span> <span class='ocrx_word' id='word_1_3' title='bbox 2047 267 2116 322; x_wconf 83' lang='lat' dir='ltr'><strong>IN</strong></span> <span class='ocrx_word' id='word_1_4' title='bbox 2156 266 2496 323; x_wconf 79' lang='lat' dir='ltr'><strong>PSALMOS.</strong></span> 
     </span>
    </p>
   </div>
   <div class='ocr_carea' id='block_1_3' title="bbox 3516 267 3618 331">
    <p class='ocr_par' dir='ltr' id='par_1_3' title="bbox 3516 267 3618 331">
     <span class='ocr_line' id='line_1_3' title="bbox 3516 267 3618 331; baseline 0.02 -2"><span class='ocrx_word' id='word_1_5' title='bbox 3516 267 3618 331; x_wconf 76' lang='grc' dir='ltr'><strong>ἰιι</strong></span> 
     </span>
    </p>
   </div>
   <div class='ocr_carea' id='block_1_4' title="bbox 376 388 1935 463">
    <p class='ocr_par' dir='ltr' id='par_1_4' title="bbox 376 388 1935 462">
     <span class='ocr_line' id='line_1_4' title="bbox 376 388 1935 462; baseline -0.001 -17"><span class='ocrx_word' id='word_1_6' title='bbox 376 389 467 445; x_wconf 72' lang='grc' dir='ltr'><strong>καλ⁵</strong></span> <span class='ocrx_word' id='word_1_7' title='bbox 497 389 761 462; x_wconf 75' lang='grc' dir='ltr'>ἄρχοντας</span> <span class='ocrx_word' id='word_1_8' title='bbox 800 388 1140 461; x_wconf 80' lang='grc' dir='ltr'><strong>Νεφθαλείμ.</strong></span> <span class='ocrx_word' id='word_1_9' title='bbox 1186 390 1309 444; x_wconf 77' lang='grc' dir='ltr'><strong>Ἐπὶ</strong></span> <span class='ocrx_word' id='word_1_10' title='bbox 1342 391 1534 462; x_wconf 81' lang='grc' dir='ltr'><strong>σχολῆς</strong></span> <span class='ocrx_word' id='word_1_11' title='bbox 1559 392 1604 446; x_wconf 84' lang='grc' dir='ltr'>δ’</span> <span class='ocrx_word' id='word_1_12' title='bbox 1644 393 1711 447; x_wconf 81' lang='grc' dir='ltr'><strong>ἀν</strong></span> <span class='ocrx_word' id='word_1_13' title='bbox 1741 410 1826 456; x_wconf 89' lang='grc' dir='ltr'><strong>τις</strong></span> <span class='ocrx_word' id='word_1_14' title='bbox 1858 410 1935 462; x_wconf 82' lang='grc' dir='ltr'><strong>φι-</strong></span> 
     </span>
    </p>
   </div>
   <div class='ocr_carea' id='block_1_5' title="bbox 2037 388 3616 463">
    <p class='ocr_par' dir='ltr' id='par_1_5' title="bbox 2049 392 3616 463">
     <span class='ocr_line' id='line_1_5' title="bbox 2049 392 3616 463; baseline 0.007 -19"><span class='ocrx_word' id='word_1_15' title='bbox 2049 407 2172 445; x_wconf 90' lang='lat' dir='ltr'><strong>nam</strong></span> <span class='ocrx_word' id='word_1_16' title='bbox 2207 392 2383 448; x_wconf 82' lang='lat' dir='ltr'><strong>cuivis</strong></span> <span class='ocrx_word' id='word_1_17' title='bbox 2417 392 2681 463; x_wconf 69' lang='lat' dir='ltr'><strong>quaerenti</strong></span> <span class='ocrx_word' id='word_1_18' title='bbox 2706 392 2867 448; x_wconf 88' lang='lat' dir='ltr'><strong>datur</strong></span> <span class='ocrx_word' id='word_1_19' title='bbox 2894 409 2927 449; x_wconf 85' lang='lat' dir='ltr'><strong>a</strong></span> <span class='ocrx_word' id='word_1_20' title='bbox 2976 393 3264 453; x_wconf 78' lang='lat' dir='ltr'><strong>Servatore</strong></span> <span class='ocrx_word' id='word_1_21' title='bbox 3307 399 3616 455; x_wconf 76' lang='lat' dir='ltr'><strong>inveniendi</strong></span> 
     </span>
    </p>
   </div>
   <div class='ocr_carea' id='block_1_6' title="bbox 374 480 1949 557">
    <p class='ocr_par' dir='ltr' id='par_1_6' title="bbox 374 480 1949 557">
     <span class='ocr_line' id='line_1_6' title="bbox 374 480 1949 557; baseline 0.001 -22"><span class='ocrx_word' id='word_1_22' title='bbox 374 482 705 554; x_wconf 81' lang='grc' dir='ltr'>λοκαλήσας,</span> <span class='ocrx_word' id='word_1_23' title='bbox 761 481 859 554; x_wconf 75' lang='grc' dir='ltr'><strong>τὴν</strong></span> <span class='ocrx_word' id='word_1_24' title='bbox 913 480 1143 536; x_wconf 79' lang='grc' dir='ltr'><strong>ἑκάστου</strong></span> <span class='ocrx_word' id='word_1_25' title='bbox 1204 482 1312 535; x_wconf 87' lang='grc' dir='ltr'><strong>τῶν</strong></span> <span class='ocrx_word' id='word_1_26' title='bbox 1364 484 1676 538; x_wconf 79' lang='grc' dir='ltr'><strong>ἀποστόλων</strong></span> <span class='ocrx_word' id='word_1_27' title='bbox 1728 486 1949 557; x_wconf 78' lang='grc' dir='ltr'><strong>εὑρήσει</strong></span> 
     </span>
    </p>
   </div>
   <div class='ocr_carea' id='block_1_7' title="bbox 377 572 1948 648">
    <p class='ocr_par' dir='ltr' id='par_1_7' title="bbox 377 572 1948 648">
     <span class='ocr_line' id='line_1_7' title="bbox 377 572 1948 648; baseline 0.003 -23"><span class='ocrx_word' id='word_1_28' title='bbox 377 572 581 645; x_wconf 74' lang='grc' dir='ltr'>φυλήψ</span> <span class='ocrx_word' id='word_1_29' title='bbox 636 574 759 627; x_wconf 78' lang='grc' dir='ltr'>ἐπεὶ</span> <span class='ocrx_word' id='word_1_30' title='bbox 812 574 975 627; x_wconf 74' lang='grc' dir='ltr'>παντὶ</span> <span class='ocrx_word' id='word_1_31' title='bbox 1024 573 1105 644; x_wconf 80' lang='grc' dir='ltr'><strong>τῷ</strong></span> <span class='ocrx_word' id='word_1_32' title='bbox 1162 574 1409 645; x_wconf 77' lang='grc' dir='ltr'><strong>ζητοῦντι</strong></span> <span class='ocrx_word' id='word_1_33' title='bbox 1459 577 1493 646; x_wconf 78' lang='grc' dir='ltr'>ἡ</span> <span class='ocrx_word' id='word_1_34' title='bbox 1541 575 1643 647; x_wconf 80' lang='grc' dir='ltr'><strong>τῆς</strong></span> <span class='ocrx_word' id='word_1_35' title='bbox 1683 576 1948 648; x_wconf 80' lang='grc' dir='ltr'><strong>εὑρέσεως</strong></span> 
     </span>
    </p>
   </div>
   <div class='ocr_carea' id='block_1_8' title="bbox 373 663 1454 737">
    <p class='ocr_par' dir='ltr' id='par_1_8' title="bbox 373 663 1454 737">
     <span class='ocr_line' id='line_1_8' title="bbox 373 663 1454 737; baseline 0.002 -20"><span class='ocrx_word' id='word_1_36' title='bbox 373 663 579 717; x_wconf 82' lang='grc' dir='ltr'>δέδοται</span> <span class='ocrx_word' id='word_1_37' title='bbox 602 665 706 718; x_wconf 79' lang='grc' dir='ltr'><strong>ὑπὸ</strong></span> <span class='ocrx_word' id='word_1_38' title='bbox 723 665 817 719; x_wconf 82' lang='grc' dir='ltr'><strong>τοῦ</strong></span> <span class='ocrx_word' id='word_1_39' title='bbox 852 665 1103 737; x_wconf 80' lang='grc' dir='ltr'><strong>Σωτῆρος</strong></span> <span class='ocrx_word' id='word_1_40' title='bbox 1132 665 1454 734; x_wconf 73' lang='grc' dir='ltr'><strong>ἐπαγγελία.</strong></span> 
     </span>
    </p>
   </div>
   <div class='ocr_carea' id='block_1_9' title="bbox 450 755 1946 829">
    <p class='ocr_par' dir='ltr' id='par_1_9' title="bbox 450 755 1946 829">
     <span class='ocr_line' id='line_1_9' title="bbox 450 755 1946 829; baseline 0.005 -23"><span class='ocrx_word' id='word_1_41' title='bbox 450 773 469 806; x_wconf 81' lang='grc' dir='ltr'><strong>ι</strong></span> <span class='ocrx_word' id='word_1_42' title='bbox 499 756 789 822; x_wconf 85' lang='grc' dir='ltr'>Ἕντειλαι,</span> <span class='ocrx_word' id='word_1_43' title='bbox 820 757 848 809; x_wconf 93' lang='lat'><strong>6</strong></span> <span class='ocrx_word' id='word_1_44' title='bbox 888 755 1039 820; x_wconf 92' lang='grc' dir='ltr'>Θεὸς,</span> <span class='ocrx_word' id='word_1_45' title='bbox 1076 755 1172 828; x_wconf 79' lang='grc' dir='ltr'><strong>τὴν</strong></span> <span class='ocrx_word' id='word_1_46' title='bbox 1201 756 1428 829; x_wconf 89' lang='grc' dir='ltr'>δύναμιν</span> <span class='ocrx_word' id='word_1_47' title='bbox 1458 774 1573 823; x_wconf 90' lang='grc' dir='ltr'>σου,</span> <span class='ocrx_word' id='word_1_48' title='bbox 1610 758 1946 829; x_wconf 85' lang='grc' dir='ltr'>δυνάμωσον,</span> 
     </span>
    </p>
   </div>
   <div class='ocr_carea' id='block_1_10' title="bbox 372 848 1948 921">
    <p class='ocr_par' dir='ltr' id='par_1_10' title="bbox 372 848 1948 921">
     <span class='ocr_line' id='line_1_10' title="bbox 372 848 1948 921; baseline 0.002 -19"><span class='ocrx_word' id='word_1_49' title='bbox 372 850 402 901; x_wconf 92' lang='lat'><strong>6</strong></span> <span class='ocrx_word' id='word_1_50' title='bbox 420 848 572 913; x_wconf 87' lang='grc' dir='ltr'>Θεὸς,</span> <span class='ocrx_word' id='word_1_51' title='bbox 597 850 753 903; x_wconf 87' lang='grc' dir='ltr'>τοῦτο</span> <span class='ocrx_word' id='word_1_52' title='bbox 768 849 798 902; x_wconf 83' lang='grc' dir='ltr'><strong>δ</strong></span> <span class='ocrx_word' id='word_1_53' title='bbox 818 849 1167 921; x_wconf 83' lang='grc' dir='ltr'><strong>κατειργάσω</strong></span> <span class='ocrx_word' id='word_1_54' title='bbox 1191 851 1341 920; x_wconf 83' lang='grc' dir='ltr'>ἡμῖν.</span> <span class='ocrx_word' id='word_1_55' title='bbox 1364 869 1384 901; x_wconf 70' lang='grc' dir='ltr'><strong>ι</strong></span> <span class='ocrx_word' id='word_1_56' title='bbox 1413 851 1645 903; x_wconf 84' lang='grc' dir='ltr'>Ἔπεται</span> <span class='ocrx_word' id='word_1_57' title='bbox 1666 850 1948 905; x_wconf 72' lang='grc' dir='ltr'>καὶταῦτα</span> 
     </span>
    </p>
   </div>
   <div class='ocr_carea' id='block_1_11' title="bbox 370 940 1948 1014">
    <p class='ocr_par' dir='ltr' id='par_1_11' title="bbox 370 940 1948 1014">
     <span class='ocr_line' id='line_1_11' title="bbox 370 940 1948 1014; baseline 0.003 -22"><span class='ocrx_word' id='word_1_58' title='bbox 370 943 485 1003; x_wconf 89' lang='grc' dir='ltr'>τοῖς</span> <span class='ocrx_word' id='word_1_59' title='bbox 533 941 926 1013; x_wconf 86' lang='grc' dir='ltr'>προλεχθεῖσιν.</span> <span class='ocrx_word' id='word_1_60' title='bbox 976 940 1195 1011; x_wconf 82' lang='grc' dir='ltr'>Ἐπειδὴ</span> <span class='ocrx_word' id='word_1_61' title='bbox 1236 940 1344 1012; x_wconf 84' lang='grc' dir='ltr'>γὰρ</span> <span class='ocrx_word' id='word_1_62' title='bbox 1381 942 1735 1013; x_wconf 78' lang='grc' dir='ltr'><strong>προφητικῶς</strong></span> <span class='ocrx_word' id='word_1_63' title='bbox 1782 960 1948 1014; x_wconf 86' lang='grc' dir='ltr'>προσ-</span> 
     </span>
    </p>
   </div>
   <div class='ocr_carea' id='block_1_12' title="bbox 370 1028 1945 1105">
    <p class='ocr_par' dir='ltr' id='par_1_12' title="bbox 370 1028 1945 1105">
     <span class='ocr_line' id='line_1_12' title="bbox 370 1028 1945 1105; baseline 0.004 -23"><span class='ocrx_word' id='word_1_64' title='bbox 370 1028 597 1085; x_wconf 74' lang='grc' dir='ltr'>ἐταττεν</span> <span class='ocrx_word' id='word_1_65' title='bbox 626 1034 654 1085; x_wconf 97' lang='lat'><strong>6</strong></span> <span class='ocrx_word' id='word_1_66' title='bbox 692 1032 846 1101; x_wconf 81' lang='grc' dir='ltr'>λόγος</span> <span class='ocrx_word' id='word_1_67' title='bbox 872 1035 985 1096; x_wconf 86' lang='grc' dir='ltr'>τοῖς</span> <span class='ocrx_word' id='word_1_68' title='bbox 1014 1032 1332 1097; x_wconf 76' lang='grc' dir='ltr'><strong>ἀποστόλοις</strong></span> <span class='ocrx_word' id='word_1_69' title='bbox 1355 1033 1413 1086; x_wconf 81' lang='grc' dir='ltr'><strong>ἐν</strong></span> <span class='ocrx_word' id='word_1_70' title='bbox 1442 1033 1757 1105; x_wconf 80' lang='grc' dir='ltr'><strong>ἐκκλησίαις</strong></span> <span class='ocrx_word' id='word_1_71' title='bbox 1793 1035 1945 1088; x_wconf 84' lang='grc' dir='ltr'>εὐλο-</span> 
     </span>
    </p>
   </div>
   <div class='ocr_carea' id='block_1_13' title="bbox 369 1121 1945 1199">
    <p class='ocr_par' dir='ltr' id='par_1_13' title="bbox 369 1121 1945 1199">
     <span class='ocr_line' id='line_1_13' title="bbox 369 1121 1945 1199; baseline 0.005 -26"><span class='ocrx_word' id='word_1_72' title='bbox 369 1122 489 1187; x_wconf 87' lang='grc' dir='ltr'>γεῖν</span> <span class='ocrx_word' id='word_1_73' title='bbox 515 1122 605 1175; x_wconf 79' lang='grc' dir='ltr'><strong>τὸν</strong></span> <span class='ocrx_word' id='word_1_74' title='bbox 636 1121 859 1195; x_wconf 81' lang='grc' dir='ltr'>Κύριον,</span> <span class='ocrx_word' id='word_1_75' title='bbox 890 1124 984 1177; x_wconf 77' lang='grc' dir='ltr'><strong>καὶ</strong></span> <span class='ocrx_word' id='word_1_76' title='bbox 1030 1123 1188 1177; x_wconf 88' lang='grc' dir='ltr'>τοῦτο</span> <span class='ocrx_word' id='word_1_77' title='bbox 1227 1128 1398 1179; x_wconf 84' lang='grc' dir='ltr'>ποιεῖν</span> <span class='ocrx_word' id='word_1_78' title='bbox 1439 1124 1512 1197; x_wconf 76' lang='grc' dir='ltr'>μὴ</span> <span class='ocrx_word' id='word_1_79' title='bbox 1542 1126 1744 1199; x_wconf 83' lang='grc' dir='ltr'>ἐτέρων</span> <span class='ocrx_word' id='word_1_80' title='bbox 1784 1127 1945 1181; x_wconf 86' lang='grc' dir='ltr'>τινῶν</span> 
     </span>
    </p>
   </div>
   <div class='ocr_carea' id='block_1_14' title="bbox 368 1215 1942 1293">
    <p class='ocr_par' dir='ltr' id='par_1_14' title="bbox 368 1215 1942 1293">
     <span class='ocr_line' id='line_1_14' title="bbox 368 1215 1942 1293; baseline 0.006 -27"><span class='ocrx_word' id='word_1_81' title='bbox 368 1215 722 1285; x_wconf 83' lang='grc' dir='ltr'>ὁρμωμένους</span> <span class='ocrx_word' id='word_1_82' title='bbox 772 1218 980 1288; x_wconf 90' lang='grc' dir='ltr'>λόγων,</span> <span class='ocrx_word' id='word_1_83' title='bbox 1015 1219 1130 1273; x_wconf 87' lang='grc' dir='ltr'>ἀλλ’</span> <span class='ocrx_word' id='word_1_84' title='bbox 1180 1221 1244 1273; x_wconf 83' lang='grc' dir='ltr'><strong>ἐκ</strong></span> <span class='ocrx_word' id='word_1_85' title='bbox 1297 1220 1405 1274; x_wconf 92' lang='grc' dir='ltr'><strong>τῶν</strong></span> <span class='ocrx_word' id='word_1_86' title='bbox 1456 1221 1643 1292; x_wconf 82' lang='grc' dir='ltr'>πηγῶν</span> <span class='ocrx_word' id='word_1_87' title='bbox 1709 1221 1942 1293; x_wconf 82' lang='grc' dir='ltr'>Ἰσραὴλ,</span> 
     </span>
    </p>
   </div>
   <div class='ocr_carea' id='block_1_15' title="bbox 369 1305 1945 1384">
    <p class='ocr_par' dir='ltr' id='par_1_15' title="bbox 369 1305 1945 1384">
     <span class='ocr_line' id='line_1_15' title="bbox 369 1305 1945 1384; baseline 0.006 -27"><span class='ocrx_word' id='word_1_88' title='bbox 369 1305 677 1372; x_wconf 76' lang='grc' dir='ltr'>ἀκολούθως</span> <span class='ocrx_word' id='word_1_89' title='bbox 715 1310 855 1381; x_wconf 86' lang='grc' dir='ltr'>ὑπὲρ</span> <span class='ocrx_word' id='word_1_90' title='bbox 887 1310 1066 1363; x_wconf 78' lang='grc' dir='ltr'>αὐτῶν</span> <span class='ocrx_word' id='word_1_91' title='bbox 1092 1310 1257 1382; x_wconf 84' lang='grc' dir='ltr'>εὐχὴν</span> <span class='ocrx_word' id='word_1_92' title='bbox 1284 1312 1598 1383; x_wconf 78' lang='grc' dir='ltr'>ἀναπέμπει</span> <span class='ocrx_word' id='word_1_93' title='bbox 1632 1312 1693 1366; x_wconf 87' lang='grc' dir='ltr'><strong>τὸ</strong></span> <span class='ocrx_word' id='word_1_94' title='bbox 1723 1313 1945 1384; x_wconf 81' lang='grc' dir='ltr'>Πνεῦμα</span> 
     </span>
    </p>
   </div>
   <div class='ocr_carea' id='block_1_16' title="bbox 367 1397 1942 1477">
    <p class='ocr_par' dir='ltr' id='par_1_16' title="bbox 367 1397 1942 1477">
     <span class='ocr_line' id='line_1_16' title="bbox 367 1397 1942 1477; baseline 0.006 -28"><span class='ocrx_word' id='word_1_95' title='bbox 367 1397 429 1450; x_wconf 85' lang='grc' dir='ltr'><strong>τὸ</strong></span> <span class='ocrx_word' id='word_1_96' title='bbox 454 1401 810 1470; x_wconf 75' lang='grc' dir='ltr'>προφητικὸν,</span> <span class='ocrx_word' id='word_1_97' title='bbox 843 1404 1048 1471; x_wconf 82' lang='grc' dir='ltr'>φάσκον</span> <span class='ocrx_word' id='word_1_98' title='bbox 1072 1421 1084 1433; x_wconf 93' lang='grc'><strong>·</strong></span> <span class='ocrx_word' id='word_1_99' title='bbox 1114 1421 1131 1455; x_wconf 81' lang='grc' dir='ltr'><strong>ι</strong></span> <span class='ocrx_word' id='word_1_100' title='bbox 1164 1403 1452 1469; x_wconf 80' lang='grc' dir='ltr'>Ἐντειλαι,</span> <span class='ocrx_word' id='word_1_101' title='bbox 1485 1405 1514 1457; x_wconf 92' lang='lat'><strong>6</strong></span> <span class='ocrx_word' id='word_1_102' title='bbox 1546 1404 1697 1471; x_wconf 83' lang='grc' dir='ltr'>Θεὸς,</span> <span class='ocrx_word' id='word_1_103' title='bbox 1726 1406 1823 1477; x_wconf 79' lang='grc' dir='ltr'>τὴν</span> <span class='ocrx_word' id='word_1_104' title='bbox 1849 1406 1942 1459; x_wconf 83' lang='grc' dir='ltr'>δύ-</span> 
     </span>
    </p>
   </div>
   <div class='ocr_carea' id='block_1_17' title="bbox 366 1490 1945 1566">
    <p class='ocr_par' dir='ltr' id='par_1_17' title="bbox 366 1490 1945 1566">
     <span class='ocr_line' id='line_1_17' title="bbox 366 1490 1945 1566; baseline 0.006 -24"><span class='ocrx_word' id='word_1_105' title='bbox 366 1490 531 1561; x_wconf 89' lang='grc' dir='ltr'>ναμίν</span> <span class='ocrx_word' id='word_1_106' title='bbox 577 1508 668 1545; x_wconf 91' lang='grc' dir='ltr'><strong>σου</strong></span> <span class='ocrx_word' id='word_1_107' title='bbox 693 1511 708 1524; x_wconf 70' lang='grc' dir='ltr'><strong>ο</strong></span> <span class='ocrx_word' id='word_1_108' title='bbox 745 1514 764 1546; x_wconf 72' lang='grc' dir='ltr'><strong>ι</strong></span> <span class='ocrx_word' id='word_1_109' title='bbox 808 1494 941 1546; x_wconf 68' lang='grc' dir='ltr'><strong>ιῖυσελ⁷</strong></span> <span class='ocrx_word' id='word_1_110' title='bbox 984 1495 1317 1566; x_wconf 77' lang='grc' dir='ltr'>σαφέστερον</span> <span class='ocrx_word' id='word_1_111' title='bbox 1367 1496 1549 1566; x_wconf 75' lang='grc' dir='ltr'>ἔλεγεν</span> <span class='ocrx_word' id='word_1_112' title='bbox 1574 1513 1587 1525; x_wconf 80' lang='lat'><strong>&#39;</strong></span> <span class='ocrx_word' id='word_1_113' title='bbox 1652 1499 1945 1552; x_wconf 83' lang='grc' dir='ltr'>Ἐπισπευ-</span> 
     </span>
    </p>
   </div>
   <div class='ocr_carea' id='block_1_18' title="bbox 369 1581 1939 1662">
    <p class='ocr_par' dir='ltr' id='par_1_18' title="bbox 369 1581 1939 1662">
     <span class='ocr_line' id='line_1_18' title="bbox 369 1581 1939 1662; baseline 0.006 -28"><span class='ocrx_word' id='word_1_114' title='bbox 369 1581 517 1635; x_wconf 91' lang='grc' dir='ltr'>σάτω</span> <span class='ocrx_word' id='word_1_115' title='bbox 551 1583 839 1655; x_wconf 85' lang='grc' dir='ltr'>ήδύναμίς</span> <span class='ocrx_word' id='word_1_116' title='bbox 872 1602 988 1648; x_wconf 90' lang='grc' dir='ltr'>σου,</span> <span class='ocrx_word' id='word_1_117' title='bbox 1024 1586 1119 1638; x_wconf 80' lang='grc' dir='ltr'>καὶ</span> <span class='ocrx_word' id='word_1_118' title='bbox 1146 1588 1472 1661; x_wconf 84' lang='grc' dir='ltr'>συνεργείτω</span> <span class='ocrx_word' id='word_1_119' title='bbox 1502 1591 1614 1652; x_wconf 89' lang='grc' dir='ltr'>τοῖς</span> <span class='ocrx_word' id='word_1_120' title='bbox 1652 1590 1939 1662; x_wconf 83' lang='grc' dir='ltr'>ἀνδράσιν·</span> 
     </span>
    </p>
   </div>
   <div class='ocr_carea' id='block_1_19' title="bbox 365 1671 1940 1754">
    <p class='ocr_par' dir='ltr' id='par_1_19' title="bbox 365 1671 1940 1754">
     <span class='ocr_line' id='line_1_19' title="bbox 365 1671 1940 1754; baseline 0.008 -30"><span class='ocrx_word' id='word_1_121' title='bbox 365 1671 508 1726; x_wconf 87' lang='grc' dir='ltr'>ἁλλά</span> <span class='ocrx_word' id='word_1_122' title='bbox 545 1675 639 1727; x_wconf 75' lang='grc' dir='ltr'><strong>καὶ</strong></span> <span class='ocrx_word' id='word_1_123' title='bbox 662 1674 760 1746; x_wconf 70' lang='grc' dir='ltr'>ήδη</span> <span class='ocrx_word' id='word_1_124' title='bbox 792 1677 922 1728; x_wconf 87' lang='grc' dir='ltr'>ποτὲ</span> <span class='ocrx_word' id='word_1_125' title='bbox 948 1679 1014 1747; x_wconf 79' lang='grc' dir='ltr'>τῇ</span> <span class='ocrx_word' id='word_1_126' title='bbox 1041 1677 1185 1748; x_wconf 86' lang='grc' dir='ltr'>ίσχύῖ</span> <span class='ocrx_word' id='word_1_127' title='bbox 1211 1695 1304 1731; x_wconf 89' lang='grc' dir='ltr'><strong>σου</strong></span> <span class='ocrx_word' id='word_1_128' title='bbox 1335 1679 1401 1732; x_wconf 88' lang='grc' dir='ltr'><strong>δι’</strong></span> <span class='ocrx_word' id='word_1_129' title='bbox 1430 1678 1605 1752; x_wconf 78' lang='grc' dir='ltr'>ἔργων</span> <span class='ocrx_word' id='word_1_130' title='bbox 1638 1683 1940 1754; x_wconf 87' lang='grc' dir='ltr'>χωρησάτω</span> 
     </span>
    </p>
   </div>
   <div class='ocr_carea' id='block_1_20' title="bbox 2052 484 2425 552">
    <p class='ocr_par' dir='ltr' id='par_1_20' title="bbox 2052 484 2425 552">
     <span class='ocr_line' id='line_1_20' title="bbox 2052 484 2425 552; baseline 0.011 -17"><span class='ocrx_word' id='word_1_131' title='bbox 2052 484 2342 552; x_wconf 84' lang='lat' dir='ltr'><strong>promissio</strong></span> <span class='ocrx_word' id='word_1_132' title='bbox 2364 484 2425 539; x_wconf 79' lang='lat'><strong>&#39;°.</strong></span> 
     </span>
    </p>
   </div>
   <div class='ocr_carea' id='block_1_21' title="bbox 2122 756 3615 826">
    <p class='ocr_par' dir='ltr' id='par_1_21' title="bbox 2122 756 3615 826">
     <span class='ocr_line' id='line_1_21' title="bbox 2122 756 3615 826; baseline 0.003 -14"><span class='ocrx_word' id='word_1_133' title='bbox 2122 757 2284 812; x_wconf 70' lang='lat' dir='ltr'><strong>Vsus.</strong></span> <span class='ocrx_word' id='word_1_134' title='bbox 2318 756 2411 812; x_wconf 77' lang='lat'><strong>29.</strong></span> <span class='ocrx_word' id='word_1_135' title='bbox 2450 774 2469 807; x_wconf 83' lang='grc' dir='ltr'><strong>ι</strong></span> <span class='ocrx_word' id='word_1_136' title='bbox 2510 756 2724 825; x_wconf 72' lang='lat' dir='ltr'><strong>Munda,</strong></span> <span class='ocrx_word' id='word_1_137' title='bbox 2756 756 2920 823; x_wconf 88' lang='lat' dir='ltr'><strong>Deus,</strong></span> <span class='ocrx_word' id='word_1_138' title='bbox 2953 759 3140 813; x_wconf 86' lang='lat' dir='ltr'><strong>virtuti</strong></span> <span class='ocrx_word' id='word_1_139' title='bbox 3170 765 3315 826; x_wconf 66' lang='lat' dir='ltr'><strong>tum;</strong></span> <span class='ocrx_word' id='word_1_140' title='bbox 3355 761 3615 816; x_wconf 89' lang='lat' dir='ltr'><strong>contirma</strong></span> 
     </span>
    </p>
   </div>
   <div class='ocr_carea' id='block_1_22' title="bbox 2049 848 3615 922">
    <p class='ocr_par' dir='ltr' id='par_1_22' title="bbox 2049 848 3615 922">
     <span class='ocr_line' id='line_1_22' title="bbox 2049 848 3615 922; baseline 0.004 -21"><span class='ocrx_word' id='word_1_141' title='bbox 2049 848 2173 913; x_wconf 78' lang='lat' dir='ltr'><strong>hoc,</strong></span> <span class='ocrx_word' id='word_1_142' title='bbox 2205 848 2369 915; x_wconf 85' lang='lat' dir='ltr'><strong>Deus,</strong></span> <span class='ocrx_word' id='word_1_143' title='bbox 2399 849 2544 919; x_wconf 90' lang='lat' dir='ltr'><strong>quod</strong></span> <span class='ocrx_word' id='word_1_144' title='bbox 2579 857 2836 918; x_wconf 74' lang='lat' dir='ltr'><strong>operatus</strong></span> <span class='ocrx_word' id='word_1_145' title='bbox 2870 866 2931 906; x_wconf 91' lang='lat' dir='ltr'><strong>es</strong></span> <span class='ocrx_word' id='word_1_146' title='bbox 2966 850 3020 905; x_wconf 92' lang='lat' dir='ltr'><strong>in</strong></span> <span class='ocrx_word' id='word_1_147' title='bbox 3055 850 3237 906; x_wconf 89' lang='lat' dir='ltr'><strong>nobis.</strong></span> <span class='ocrx_word' id='word_1_148' title='bbox 3268 870 3286 903; x_wconf 76' lang='grc' dir='ltr'><strong>ι</strong></span> <span class='ocrx_word' id='word_1_149' title='bbox 3324 850 3450 907; x_wconf 65' lang='lat' dir='ltr'><strong>Haec</strong></span> <span class='ocrx_word' id='word_1_150' title='bbox 3479 866 3615 922; x_wconf 70' lang='lat' dir='ltr'><strong>pra:-</strong></span> 
     </span>
    </p>
   </div>
   <div class='ocr_carea' id='block_1_23' title="bbox 2047 940 3615 1014">
    <p class='ocr_par' dir='ltr' id='par_1_23' title="bbox 2047 940 3615 1014">
     <span class='ocr_line' id='line_1_23' title="bbox 2047 940 3615 1014; baseline 0.003 -20"><span class='ocrx_word' id='word_1_151' title='bbox 2047 940 2369 996; x_wconf 87' lang='lat' dir='ltr'><strong>eedentibus</strong></span> <span class='ocrx_word' id='word_1_152' title='bbox 2425 949 2845 996; x_wconf 87' lang='lat' dir='ltr'><strong>connectuntur.</strong></span> <span class='ocrx_word' id='word_1_153' title='bbox 2907 942 3046 1009; x_wconf 87' lang='lat' dir='ltr'><strong>Quia</strong></span> <span class='ocrx_word' id='word_1_154' title='bbox 3100 942 3244 998; x_wconf 90' lang='lat' dir='ltr'><strong>enim</strong></span> <span class='ocrx_word' id='word_1_155' title='bbox 3304 943 3615 1014; x_wconf 57' lang='lat' dir='ltr'><strong>prophetico</strong></span> 
     </span>
    </p>
   </div>
   <div class='ocr_carea' id='block_1_24' title="bbox 2046 1031 3615 1102">
    <p class='ocr_par' dir='ltr' id='par_1_24' title="bbox 2046 1031 3615 1102">
     <span class='ocr_line' id='line_1_24' title="bbox 2046 1031 3615 1102; baseline 0.001 -16"><span class='ocrx_word' id='word_1_156' title='bbox 2046 1031 2360 1102; x_wconf 85' lang='lat' dir='ltr'><strong>praecipitur</strong></span> <span class='ocrx_word' id='word_1_157' title='bbox 2414 1032 2678 1102; x_wconf 83' lang='lat' dir='ltr'><strong>apostolis</strong></span> <span class='ocrx_word' id='word_1_158' title='bbox 2724 1031 2780 1087; x_wconf 91' lang='lat' dir='ltr'><strong>in</strong></span> <span class='ocrx_word' id='word_1_159' title='bbox 2833 1032 3086 1089; x_wconf 85' lang='lat' dir='ltr'><strong>ecclesiis</strong></span> <span class='ocrx_word' id='word_1_160' title='bbox 3146 1032 3470 1089; x_wconf 81' lang='lat' dir='ltr'><strong>benedicere</strong></span> <span class='ocrx_word' id='word_1_161' title='bbox 3512 1032 3615 1088; x_wconf 88' lang='lat' dir='ltr'><strong>Do-</strong></span> 
     </span>
    </p>
   </div>
   <div class='ocr_carea' id='block_1_25' title="bbox 2046 1124 3613 1196">
    <p class='ocr_par' dir='ltr' id='par_1_25' title="bbox 2046 1124 3613 1196">
     <span class='ocr_line' id='line_1_25' title="bbox 2046 1124 3613 1196; baseline 0.003 -18"><span class='ocrx_word' id='word_1_162' title='bbox 2046 1125 2229 1192; x_wconf 88' lang='lat' dir='ltr'><strong>mino,</strong></span> <span class='ocrx_word' id='word_1_163' title='bbox 2267 1124 2429 1195; x_wconf 89' lang='lat' dir='ltr'><strong>idque</strong></span> <span class='ocrx_word' id='word_1_164' title='bbox 2467 1135 2727 1196; x_wconf 84' lang='lat' dir='ltr'><strong>praestare</strong></span> <span class='ocrx_word' id='word_1_165' title='bbox 2771 1141 2880 1180; x_wconf 89' lang='lat' dir='ltr'><strong>non</strong></span> <span class='ocrx_word' id='word_1_166' title='bbox 2930 1125 3053 1180; x_wconf 89' lang='lat' dir='ltr'><strong>aliis</strong></span> <span class='ocrx_word' id='word_1_167' title='bbox 3087 1126 3432 1182; x_wconf 88' lang='lat' dir='ltr'><strong>sermonibus</strong></span> <span class='ocrx_word' id='word_1_168' title='bbox 3458 1141 3613 1182; x_wconf 56' lang='lat' dir='ltr'><strong>exora</strong></span> 
     </span>
    </p>
   </div>
   <div class='ocr_carea' id='block_1_26' title="bbox 2047 1217 3618 1289">
    <p class='ocr_par' dir='ltr' id='par_1_26' title="bbox 2047 1217 3618 1289">
     <span class='ocr_line' id='line_1_26' title="bbox 2047 1217 3618 1289; baseline 0.003 -19"><span class='ocrx_word' id='word_1_169' title='bbox 2047 1231 2139 1271; x_wconf 88' lang='lat' dir='ltr'><strong>sos</strong></span> <span class='ocrx_word' id='word_1_170' title='bbox 2163 1258 2176 1280; x_wconf 92' lang='lat'><strong>,</strong></span> <span class='ocrx_word' id='word_1_171' title='bbox 2208 1217 2302 1271; x_wconf 91' lang='lat' dir='ltr'><strong>sed</strong></span> <span class='ocrx_word' id='word_1_172' title='bbox 2335 1233 2398 1272; x_wconf 86' lang='lat' dir='ltr'><strong>ex</strong></span> <span class='ocrx_word' id='word_1_173' title='bbox 2438 1217 2680 1271; x_wconf 78' lang='lat' dir='ltr'><strong>fontibus</strong></span> <span class='ocrx_word' id='word_1_174' title='bbox 2736 1217 2935 1284; x_wconf 91' lang='lat' dir='ltr'><strong>Israel;</strong></span> <span class='ocrx_word' id='word_1_175' title='bbox 2969 1227 3373 1288; x_wconf 90' lang='lat' dir='ltr'><strong>consequenter</strong></span> <span class='ocrx_word' id='word_1_176' title='bbox 3408 1233 3511 1289; x_wconf 88' lang='lat' dir='ltr'><strong>pro</strong></span> <span class='ocrx_word' id='word_1_177' title='bbox 3548 1220 3618 1275; x_wconf 86' lang='lat' dir='ltr'><strong>iis</strong></span> 
     </span>
    </p>
   </div>
   <div class='ocr_carea' id='block_1_27' title="bbox 2045 1307 3614 1378">
    <p class='ocr_par' dir='ltr' id='par_1_27' title="bbox 2045 1307 3614 1378">
     <span class='ocr_line' id='line_1_27' title="bbox 2045 1307 3614 1378; baseline 0.004 -19"><span class='ocrx_word' id='word_1_178' title='bbox 2045 1307 2343 1362; x_wconf 86' lang='lat' dir='ltr'><strong>orationem</strong></span> <span class='ocrx_word' id='word_1_179' title='bbox 2402 1307 2642 1378; x_wconf 85' lang='lat' dir='ltr'><strong>Spiritus</strong></span> <span class='ocrx_word' id='word_1_180' title='bbox 2694 1308 3050 1378; x_wconf 85' lang='lat' dir='ltr'><strong>propheticus</strong></span> <span class='ocrx_word' id='word_1_181' title='bbox 3096 1307 3346 1373; x_wconf 73' lang='lat' dir='ltr'><strong>effundit,</strong></span> <span class='ocrx_word' id='word_1_182' title='bbox 3378 1309 3614 1366; x_wconf 90' lang='lat' dir='ltr'><strong>dicens:</strong></span> 
     </span>
    </p>
   </div>
   <div class='ocr_carea' id='block_1_28' title="bbox 2049 1398 3619 1470">
    <p class='ocr_par' dir='ltr' id='par_1_28' title="bbox 2049 1398 3619 1470">
     <span class='ocr_line' id='line_1_28' title="bbox 2049 1398 3619 1470; baseline 0.005 -21"><span class='ocrx_word' id='word_1_183' title='bbox 2049 1418 2067 1449; x_wconf 81' lang='grc' dir='ltr'><strong>ι</strong></span> <span class='ocrx_word' id='word_1_184' title='bbox 2107 1399 2324 1465; x_wconf 80' lang='lat' dir='ltr'><strong>Manda,</strong></span> <span class='ocrx_word' id='word_1_185' title='bbox 2355 1398 2520 1467; x_wconf 87' lang='lat' dir='ltr'><strong>Deus,</strong></span> <span class='ocrx_word' id='word_1_186' title='bbox 2553 1400 2740 1454; x_wconf 84' lang='lat' dir='ltr'><strong>virtuti</strong></span> <span class='ocrx_word' id='word_1_187' title='bbox 2770 1410 2917 1461; x_wconf 70' lang='lat' dir='ltr'><strong>tuae;</strong></span> <span class='ocrx_word' id='word_1_188' title='bbox 2960 1420 2978 1452; x_wconf 72' lang='grc' dir='ltr'><strong>ι</strong></span> <span class='ocrx_word' id='word_1_189' title='bbox 3019 1414 3082 1455; x_wconf 91' lang='lat' dir='ltr'><strong>ac</strong></span> <span class='ocrx_word' id='word_1_190' title='bbox 3115 1400 3161 1455; x_wconf 89' lang='lat' dir='ltr'><strong>si</strong></span> <span class='ocrx_word' id='word_1_191' title='bbox 3194 1401 3439 1470; x_wconf 85' lang='lat' dir='ltr'><strong>apertius</strong></span> <span class='ocrx_word' id='word_1_192' title='bbox 3471 1402 3619 1457; x_wconf 60' lang='lat' dir='ltr'><strong>dice»</strong></span> 
     </span>
    </p>
   </div>
   <div class='ocr_carea' id='block_1_29' title="bbox 2044 1490 3606 1564">
    <p class='ocr_par' dir='ltr' id='par_1_29' title="bbox 2044 1490 3606 1564">
     <span class='ocr_line' id='line_1_29' title="bbox 2044 1490 3606 1564; baseline 0.002 -20"><span class='ocrx_word' id='word_1_193' title='bbox 2044 1498 2126 1546; x_wconf 90' lang='lat' dir='ltr'><strong>ret</strong></span> <span class='ocrx_word' id='word_1_194' title='bbox 2162 1510 2174 1546; x_wconf 89' lang='lat'><strong>:</strong></span> <span class='ocrx_word' id='word_1_195' title='bbox 2212 1490 2453 1548; x_wconf 79' lang='lat' dir='ltr'><strong>Festinet</strong></span> <span class='ocrx_word' id='word_1_196' title='bbox 2476 1493 2649 1548; x_wconf 87' lang='lat' dir='ltr'><strong>virtus</strong></span> <span class='ocrx_word' id='word_1_197' title='bbox 2681 1499 2773 1546; x_wconf 90' lang='lat' dir='ltr'><strong>tua</strong></span> <span class='ocrx_word' id='word_1_198' title='bbox 2796 1532 2810 1554; x_wconf 92' lang='lat'><strong>,</strong></span> <span class='ocrx_word' id='word_1_199' title='bbox 2838 1492 3056 1563; x_wconf 89' lang='lat' dir='ltr'><strong>illisque</strong></span> <span class='ocrx_word' id='word_1_200' title='bbox 3083 1492 3216 1548; x_wconf 88' lang='lat' dir='ltr'><strong>viris</strong></span> <span class='ocrx_word' id='word_1_201' title='bbox 3240 1501 3565 1564; x_wconf 87' lang='lat' dir='ltr'><strong>cooperetur</strong></span> <span class='ocrx_word' id='word_1_202' title='bbox 3589 1511 3606 1557; x_wconf 84' lang='lat'><strong>;</strong></span> 
     </span>
    </p>
   </div>
   <div class='ocr_carea' id='block_1_30' title="bbox 2044 1583 3616 1656">
    <p class='ocr_par' dir='ltr' id='par_1_30' title="bbox 2044 1583 3616 1656">
     <span class='ocr_line' id='line_1_30' title="bbox 2044 1583 3616 1656; baseline 0.001 -18"><span class='ocrx_word' id='word_1_203' title='bbox 2044 1583 2139 1638; x_wconf 89' lang='lat' dir='ltr'><strong>sed</strong></span> <span class='ocrx_word' id='word_1_204' title='bbox 2188 1584 2274 1639; x_wconf 91' lang='lat' dir='ltr'><strong>vel</strong></span> <span class='ocrx_word' id='word_1_205' title='bbox 2305 1599 2430 1639; x_wconf 92' lang='lat' dir='ltr'><strong>sero</strong></span> <span class='ocrx_word' id='word_1_206' title='bbox 2464 1585 2684 1638; x_wconf 90' lang='lat' dir='ltr'><strong>tandem</strong></span> <span class='ocrx_word' id='word_1_207' title='bbox 2737 1584 2941 1639; x_wconf 86' lang='lat' dir='ltr'><strong>virtute</strong></span> <span class='ocrx_word' id='word_1_208' title='bbox 2992 1592 3086 1638; x_wconf 89' lang='lat' dir='ltr'><strong>tua</strong></span> <span class='ocrx_word' id='word_1_209' title='bbox 3141 1599 3262 1655; x_wconf 73' lang='lat' dir='ltr'><strong>quae</strong></span> <span class='ocrx_word' id='word_1_210' title='bbox 3302 1585 3616 1656; x_wconf 75' lang='lat' dir='ltr'><strong>prophetica</strong></span> 
     </span>
    </p>
   </div>
   <div class='ocr_carea' id='block_1_31' title="bbox 2044 1675 3613 1748">
    <p class='ocr_par' dir='ltr' id='par_1_31' title="bbox 2044 1675 3613 1748">
     <span class='ocr_line' id='line_1_31' title="bbox 2044 1675 3613 1748; baseline 0.002 -19"><span class='ocrx_word' id='word_1_211' title='bbox 2044 1675 2189 1729; x_wconf 90' lang='lat' dir='ltr'><strong>dicta</strong></span> <span class='ocrx_word' id='word_1_212' title='bbox 2220 1683 2348 1731; x_wconf 90' lang='lat' dir='ltr'><strong>sunt</strong></span> <span class='ocrx_word' id='word_1_213' title='bbox 2381 1691 2546 1747; x_wconf 88' lang='lat' dir='ltr'><strong>opere</strong></span> <span class='ocrx_word' id='word_1_214' title='bbox 2573 1676 2954 1745; x_wconf 86' lang='lat' dir='ltr'><strong>compleantur</strong></span> <span class='ocrx_word' id='word_1_215' title='bbox 2980 1694 2993 1731; x_wconf 90' lang='lat'><strong>:</strong></span> <span class='ocrx_word' id='word_1_216' title='bbox 3030 1684 3084 1729; x_wconf 85' lang='lat' dir='ltr'><strong>et</strong></span> <span class='ocrx_word' id='word_1_217' title='bbox 3112 1676 3216 1731; x_wconf 86' lang='lat' dir='ltr'><strong>hoc</strong></span> <span class='ocrx_word' id='word_1_218' title='bbox 3260 1677 3439 1747; x_wconf 84' lang='lat' dir='ltr'><strong>ipsum</strong></span> <span class='ocrx_word' id='word_1_219' title='bbox 3467 1679 3613 1748; x_wconf 91' lang='lat' dir='ltr'><strong>quod</strong></span> 
     </span>
    </p>
   </div>
   <div class='ocr_carea' id='block_1_32' title="bbox 363 1765 1935 1846">
    <p class='ocr_par' dir='ltr' id='par_1_32' title="bbox 363 1765 1935 1846">
     <span class='ocr_line' id='line_1_32' title="bbox 363 1765 1935 1846; baseline 0.007 -29"><span class='ocrx_word' id='word_1_220' title='bbox 363 1765 437 1818; x_wconf 75' lang='grc' dir='ltr'>τὰ</span> <span class='ocrx_word' id='word_1_221' title='bbox 468 1767 928 1838; x_wconf 81' lang='grc' dir='ltr'>προφητευόμενα</span> <span class='ocrx_word' id='word_1_222' title='bbox 949 1785 963 1798; x_wconf 78' lang='lat'>&#39;</span> <span class='ocrx_word' id='word_1_223' title='bbox 998 1769 1269 1824; x_wconf 73' lang='grc' dir='ltr'>καὶτοῦτο</span> <span class='ocrx_word' id='word_1_224' title='bbox 1298 1771 1355 1825; x_wconf 82' lang='grc' dir='ltr'>δὲ</span> <span class='ocrx_word' id='word_1_225' title='bbox 1382 1771 1410 1824; x_wconf 83' lang='grc' dir='ltr'><strong>ὅ</strong></span> <span class='ocrx_word' id='word_1_226' title='bbox 1442 1774 1784 1844; x_wconf 80' lang='grc' dir='ltr'>κατειργάσω</span> <span class='ocrx_word' id='word_1_227' title='bbox 1813 1776 1935 1846; x_wconf 61' lang='grc' dir='ltr'>ήμῖι</span> 
     </span>
    </p>
   </div>
   <div class='ocr_carea' id='block_1_33' title="bbox 2037 1765 3616 1846">
    <p class='ocr_par' dir='ltr' id='par_1_33' title="bbox 2046 1767 3616 1838">
     <span class='ocr_line' id='line_1_33' title="bbox 2046 1767 3616 1838; baseline 0.001 -17"><span class='ocrx_word' id='word_1_228' title='bbox 2046 1775 2305 1838; x_wconf 80' lang='lat' dir='ltr'><strong>Operatus</strong></span> <span class='ocrx_word' id='word_1_229' title='bbox 2343 1783 2404 1822; x_wconf 87' lang='lat' dir='ltr'><strong>es</strong></span> <span class='ocrx_word' id='word_1_230' title='bbox 2442 1768 2496 1822; x_wconf 91' lang='lat' dir='ltr'><strong>in</strong></span> <span class='ocrx_word' id='word_1_231' title='bbox 2549 1767 2710 1822; x_wconf 90' lang='lat' dir='ltr'><strong>nobis</strong></span> <span class='ocrx_word' id='word_1_232' title='bbox 2756 1776 3046 1837; x_wconf 86' lang='lat' dir='ltr'><strong>postquam</strong></span> <span class='ocrx_word' id='word_1_233' title='bbox 3090 1768 3336 1822; x_wconf 86' lang='lat' dir='ltr'><strong>Iuturum</strong></span> <span class='ocrx_word' id='word_1_234' title='bbox 3366 1784 3490 1824; x_wconf 90' lang='lat' dir='ltr'><strong>esse</strong></span> <span class='ocrx_word' id='word_1_235' title='bbox 3520 1786 3616 1822; x_wconf 83' lang='lat' dir='ltr'><strong>vo—</strong></span> 
     </span>
    </p>
   </div>
   <div class='ocr_carea' id='block_1_34' title="bbox 362 1856 1944 1936">
    <p class='ocr_par' dir='ltr' id='par_1_34' title="bbox 362 1856 1944 1936">
     <span class='ocr_line' id='line_1_34' title="bbox 362 1856 1944 1936; baseline 0.008 -29"><span class='ocrx_word' id='word_1_236' title='bbox 362 1858 433 1926; x_wconf 80' lang='grc' dir='ltr'>τῇ</span> <span class='ocrx_word' id='word_1_237' title='bbox 473 1860 538 1928; x_wconf 79' lang='grc' dir='ltr'>σῇ</span> <span class='ocrx_word' id='word_1_238' title='bbox 567 1856 728 1930; x_wconf 85' lang='grc' dir='ltr'>βουλῇ</span> <span class='ocrx_word' id='word_1_239' title='bbox 763 1860 1077 1933; x_wconf 87' lang='grc' dir='ltr'>προορίσας,</span> <span class='ocrx_word' id='word_1_240' title='bbox 1115 1863 1208 1915; x_wconf 86' lang='grc' dir='ltr'><strong>καὶ</strong></span> <span class='ocrx_word' id='word_1_241' title='bbox 1238 1862 1368 1916; x_wconf 75' lang='grc' dir='ltr'>αὐτὸ</span> <span class='ocrx_word' id='word_1_242' title='bbox 1399 1864 1714 1936; x_wconf 86' lang='grc' dir='ltr'>δυνάμωσον</span> <span class='ocrx_word' id='word_1_243' title='bbox 1736 1881 1752 1898; x_wconf 87' lang='grc'><strong>·</strong></span> <span class='ocrx_word' id='word_1_244' title='bbox 1795 1868 1944 1931; x_wconf 84' lang='grc' dir='ltr'>ὅπως</span> 
     </span>
    </p>
   </div>
   <div class='ocr_carea' id='block_1_35' title="bbox 361 1948 1939 2029">
    <p class='ocr_par' dir='ltr' id='par_1_35' title="bbox 361 1948 1939 2029">
     <span class='ocr_line' id='line_1_35' title="bbox 361 1948 1939 2029; baseline 0.01 -32"><span class='ocrx_word' id='word_1_245' title='bbox 361 1948 433 2016; x_wconf 84' lang='grc' dir='ltr'>τῇ</span> <span class='ocrx_word' id='word_1_246' title='bbox 474 1950 541 2019; x_wconf 83' lang='grc' dir='ltr'>σῇ</span> <span class='ocrx_word' id='word_1_247' title='bbox 568 1949 793 2021; x_wconf 87' lang='grc' dir='ltr'>δυνάμει</span> <span class='ocrx_word' id='word_1_248' title='bbox 821 1951 999 2023; x_wconf 78' lang='grc' dir='ltr'>ἔργοις</span> <span class='ocrx_word' id='word_1_249' title='bbox 1040 1953 1430 2027; x_wconf 76' lang='grc' dir='ltr'>ἐπιτελεσθείη.</span> <span class='ocrx_word' id='word_1_250' title='bbox 1456 1956 1520 2008; x_wconf 86' lang='grc' dir='ltr'><strong>Τί</strong></span> <span class='ocrx_word' id='word_1_251' title='bbox 1549 1955 1605 2009; x_wconf 90' lang='grc' dir='ltr'>δὲ</span> <span class='ocrx_word' id='word_1_252' title='bbox 1633 1952 1701 2029; x_wconf 81' lang='grc' dir='ltr'>ἦν</span> <span class='ocrx_word' id='word_1_253' title='bbox 1723 1957 1880 2011; x_wconf 87' lang='grc' dir='ltr'>τοῦτο</span> <span class='ocrx_word' id='word_1_254' title='bbox 1907 1959 1939 2029; x_wconf 81' lang='grc' dir='ltr'>ἢ</span> 
     </span>
    </p>
   </div>
   <div class='ocr_carea' id='block_1_36' title="bbox 363 2036 1942 2112">
    <p class='ocr_par' dir='ltr' id='par_1_36' title="bbox 363 2036 1942 2112">
     <span class='ocr_line' id='line_1_36' title="bbox 363 2036 1942 2112; baseline 0.008 -23"><span class='ocrx_word' id='word_1_255' title='bbox 363 2036 427 2090; x_wconf 85' lang='grc' dir='ltr'><strong>τὸ</strong></span> <span class='ocrx_word' id='word_1_256' title='bbox 460 2036 588 2109; x_wconf 78' lang='grc' dir='ltr'>ἑξῆς</span> <span class='ocrx_word' id='word_1_257' title='bbox 637 2041 1052 2112; x_wconf 78' lang='grc' dir='ltr'>ἐπιφερόμενον,</span> <span class='ocrx_word' id='word_1_258' title='bbox 1095 2061 1113 2094; x_wconf 85' lang='grc' dir='ltr'><strong>ι</strong></span> <span class='ocrx_word' id='word_1_259' title='bbox 1156 2043 1278 2096; x_wconf 71' lang='grc' dir='ltr'>Ἐπὶ</span> <span class='ocrx_word' id='word_1_260' title='bbox 1319 2043 1413 2099; x_wconf 83' lang='grc' dir='ltr'><strong>τὸν</strong></span> <span class='ocrx_word' id='word_1_261' title='bbox 1445 2045 1570 2099; x_wconf 89' lang='grc' dir='ltr'>ναόν</span> <span class='ocrx_word' id='word_1_262' title='bbox 1605 2063 1698 2100; x_wconf 91' lang='grc' dir='ltr'><strong>σου</strong></span> <span class='ocrx_word' id='word_1_263' title='bbox 1745 2047 1838 2101; x_wconf 81' lang='grc' dir='ltr'><strong>τὸν</strong></span> <span class='ocrx_word' id='word_1_264' title='bbox 1884 2049 1942 2102; x_wconf 89' lang='grc' dir='ltr'><strong>ἐν</strong></span> 
     </span>
    </p>
   </div>
   <div class='ocr_carea' id='block_1_37' title="bbox 370 2131 1941 2215">
    <p class='ocr_par' dir='ltr' id='par_1_37' title="bbox 370 2131 1941 2215">
     <span class='ocr_line' id='line_1_37' title="bbox 370 2131 1941 2215; baseline 0.008 -32"><span class='ocrx_word' id='word_1_265' title='bbox 370 2131 732 2203; x_wconf 77' lang='grc' dir='ltr'>Ἰερουσαλὴμ</span> <span class='ocrx_word' id='word_1_266' title='bbox 771 2134 853 2186; x_wconf 82' lang='grc' dir='ltr'><strong>σοὶ</strong></span> <span class='ocrx_word' id='word_1_267' title='bbox 880 2133 1087 2187; x_wconf 74' lang='grc' dir='ltr'>οἴσουσι</span> <span class='ocrx_word' id='word_1_268' title='bbox 1125 2134 1367 2206; x_wconf 82' lang='grc' dir='ltr'>βασιλεῖς</span> <span class='ocrx_word' id='word_1_269' title='bbox 1394 2137 1571 2209; x_wconf 87' lang='grc' dir='ltr'>δῶρα;</span> <span class='ocrx_word' id='word_1_270' title='bbox 1604 2158 1623 2190; x_wconf 73' lang='grc' dir='ltr'><strong>ι</strong></span> <span class='ocrx_word' id='word_1_271' title='bbox 1648 2140 1807 2194; x_wconf 88' lang='grc' dir='ltr'>τοῦτο</span> <span class='ocrx_word' id='word_1_272' title='bbox 1834 2142 1941 2215; x_wconf 85' lang='grc' dir='ltr'>γὰρ</span> 
     </span>
    </p>
   </div>
   <div class='ocr_carea' id='block_1_38' title="bbox 356 2222 1943 2301">
    <p class='ocr_par' dir='ltr' id='par_1_38' title="bbox 356 2222 1943 2301">
     <span class='ocr_line' id='line_1_38' title="bbox 356 2222 1943 2301; baseline 0.008 -27"><span class='ocrx_word' id='word_1_273' title='bbox 356 2222 496 2275; x_wconf 82' lang='grc' dir='ltr'>αὐτὸ</span> <span class='ocrx_word' id='word_1_274' title='bbox 523 2224 990 2296; x_wconf 78' lang='grc' dir='ltr'>ἐπαγγειλάμενος</span> <span class='ocrx_word' id='word_1_275' title='bbox 1029 2229 1162 2299; x_wconf 74' lang='grc' dir='ltr'>ἡμῖν</span> <span class='ocrx_word' id='word_1_276' title='bbox 1191 2228 1505 2301; x_wconf 87' lang='grc' dir='ltr'>δυνάμωσον</span> <span class='ocrx_word' id='word_1_277' title='bbox 1535 2231 1807 2300; x_wconf 81' lang='grc' dir='ltr'>γενέσθαι.</span> <span class='ocrx_word' id='word_1_278' title='bbox 1838 2233 1943 2286; x_wconf 86' lang='grc' dir='ltr'><strong>Βα-</strong></span> 
     </span>
    </p>
   </div>
   <div class='ocr_carea' id='block_1_39' title="bbox 358 2312 1936 2396">
    <p class='ocr_par' dir='ltr' id='par_1_39' title="bbox 358 2312 1936 2396">
     <span class='ocr_line' id='line_1_39' title="bbox 358 2312 1936 2396; baseline 0.008 -30"><span class='ocrx_word' id='word_1_279' title='bbox 358 2312 535 2379; x_wconf 87' lang='grc' dir='ltr'>σιλεῖς</span> <span class='ocrx_word' id='word_1_280' title='bbox 568 2315 627 2369; x_wconf 84' lang='grc' dir='ltr'>δὲ</span> <span class='ocrx_word' id='word_1_281' title='bbox 668 2316 757 2371; x_wconf 81' lang='grc' dir='ltr'>διὰ</span> <span class='ocrx_word' id='word_1_282' title='bbox 782 2316 940 2371; x_wconf 87' lang='grc' dir='ltr'>τοῦτο</span> <span class='ocrx_word' id='word_1_283' title='bbox 973 2320 1030 2372; x_wconf 84' lang='grc' dir='ltr'><strong>αί</strong></span> <span class='ocrx_word' id='word_1_284' title='bbox 1082 2319 1349 2390; x_wconf 86' lang='grc' dir='ltr'>βασιλεῖαι</span> <span class='ocrx_word' id='word_1_285' title='bbox 1387 2322 1623 2393; x_wconf 81' lang='grc' dir='ltr'>τῆς-γῆς</span> <span class='ocrx_word' id='word_1_286' title='bbox 1671 2323 1936 2396; x_wconf 81' lang='grc' dir='ltr'>εἴρηνται,</span> 
     </span>
    </p>
   </div>
   <div class='ocr_carea' id='block_1_40' title="bbox 351 2403 1934 2491">
    <p class='ocr_par' dir='ltr' id='par_1_40' title="bbox 351 2403 1934 2491">
     <span class='ocr_line' id='line_1_40' title="bbox 351 2403 1934 2491; baseline 0.01 -35"><span class='ocrx_word' id='word_1_287' title='bbox 351 2403 470 2458; x_wconf 82' lang='grc' dir='ltr'><strong>τῶν</strong></span> <span class='ocrx_word' id='word_1_288' title='bbox 492 2404 662 2460; x_wconf 86' lang='grc' dir='ltr'>ἐθνῶν</span> <span class='ocrx_word' id='word_1_289' title='bbox 683 2408 935 2462; x_wconf 86' lang='grc' dir='ltr'>ἁπάντων</span> <span class='ocrx_word' id='word_1_290' title='bbox 958 2410 1146 2464; x_wconf 87' lang='grc' dir='ltr'>τοῦτον</span> <span class='ocrx_word' id='word_1_291' title='bbox 1176 2415 1587 2484; x_wconf 83' lang='grc' dir='ltr'>σημαινομένων</span> <span class='ocrx_word' id='word_1_292' title='bbox 1604 2416 1696 2471; x_wconf 88' lang='grc' dir='ltr'><strong>τὸν</strong></span> <span class='ocrx_word' id='word_1_293' title='bbox 1717 2418 1934 2491; x_wconf 83' lang='grc' dir='ltr'>τρόπον,</span> 
     </span>
    </p>
   </div>
   <div class='ocr_carea' id='block_1_41' title="bbox 351 2493 1937 2576">
    <p class='ocr_par' dir='ltr' id='par_1_41' title="bbox 351 2493 1937 2576">
     <span class='ocr_line' id='line_1_41' title="bbox 351 2493 1937 2576; baseline 0.009 -30"><span class='ocrx_word' id='word_1_294' title='bbox 351 2493 519 2559; x_wconf 86' lang='grc' dir='ltr'>Νεὼς</span> <span class='ocrx_word' id='word_1_295' title='bbox 555 2494 614 2549; x_wconf 84' lang='grc' dir='ltr'>δὲ</span> <span class='ocrx_word' id='word_1_296' title='bbox 638 2497 696 2550; x_wconf 85' lang='grc' dir='ltr'><strong>ἐν</strong></span> <span class='ocrx_word' id='word_1_297' title='bbox 735 2498 1108 2571; x_wconf 78' lang='grc' dir='ltr'>Ἰερουσαλὴμ,</span> <span class='ocrx_word' id='word_1_298' title='bbox 1138 2502 1221 2571; x_wconf 76' lang='grc' dir='ltr'><strong>ἐφ’</strong></span> <span class='ocrx_word' id='word_1_299' title='bbox 1248 2502 1307 2555; x_wconf 87' lang='grc' dir='ltr'>ὃν</span> <span class='ocrx_word' id='word_1_300' title='bbox 1337 2503 1405 2555; x_wconf 86' lang='grc' dir='ltr'><strong>τά</strong></span> <span class='ocrx_word' id='word_1_301' title='bbox 1437 2504 1585 2576; x_wconf 87' lang='grc' dir='ltr'>δῶρα</span> <span class='ocrx_word' id='word_1_302' title='bbox 1624 2506 1861 2562; x_wconf 73' lang='grc' dir='ltr'>οἴσουσιν</span> <span class='ocrx_word' id='word_1_303' title='bbox 1888 2509 1937 2561; x_wconf 79' lang='lat' dir='ltr'><strong>oi</strong></span> 
     </span>
    </p>
   </div>
   <div class='ocr_carea' id='block_1_42' title="bbox 352 2586 1939 2666">
    <p class='ocr_par' dir='ltr' id='par_1_42' title="bbox 352 2586 1939 2666">
     <span class='ocr_line' id='line_1_42' title="bbox 352 2586 1939 2666; baseline 0.008 -26"><span class='ocrx_word' id='word_1_304' title='bbox 352 2586 624 2658; x_wconf 83' lang='grc' dir='ltr'>βασιλεῖς,</span> <span class='ocrx_word' id='word_1_305' title='bbox 653 2589 761 2643; x_wconf 82' lang='grc' dir='ltr'>οὐδ’</span> <span class='ocrx_word' id='word_1_306' title='bbox 790 2591 979 2663; x_wconf 72' lang='grc' dir='ltr'>ἔτερος</span> <span class='ocrx_word' id='word_1_307' title='bbox 1031 2592 1095 2645; x_wconf 86' lang='grc' dir='ltr'><strong>ἂν</strong></span> <span class='ocrx_word' id='word_1_308' title='bbox 1135 2593 1218 2665; x_wconf 83' lang='grc' dir='ltr'><strong>είη</strong></span> <span class='ocrx_word' id='word_1_309' title='bbox 1252 2595 1351 2665; x_wconf 84' lang='grc' dir='ltr'><strong>τῆς</strong></span> <span class='ocrx_word' id='word_1_310' title='bbox 1398 2594 1674 2666; x_wconf 81' lang='grc' dir='ltr'>βασιλείας</span> <span class='ocrx_word' id='word_1_311' title='bbox 1715 2598 1823 2652; x_wconf 87' lang='grc' dir='ltr'><strong>τῶν</strong></span> <span class='ocrx_word' id='word_1_312' title='bbox 1849 2599 1939 2651; x_wconf 77' lang='grc' dir='ltr'>ού-</span> 
     </span>
    </p>
   </div>
   <div class='ocr_carea' id='block_1_43' title="bbox 351 2681 1936 2764">
    <p class='ocr_par' dir='ltr' id='par_1_43' title="bbox 351 2681 1936 2764">
     <span class='ocr_line' id='line_1_43' title="bbox 351 2681 1936 2764; baseline 0.008 -29"><span class='ocrx_word' id='word_1_313' title='bbox 351 2681 576 2754; x_wconf 73' lang='grc' dir='ltr'>ρανῶνο</span> <span class='ocrx_word' id='word_1_314' title='bbox 634 2684 793 2755; x_wconf 86' lang='grc' dir='ltr'>εῐπερ</span> <span class='ocrx_word' id='word_1_315' title='bbox 845 2685 1003 2756; x_wconf 74' lang='grc' dir='ltr'>ἴσμεν</span> <span class='ocrx_word' id='word_1_316' title='bbox 1062 2687 1412 2759; x_wconf 79' lang='grc' dir='ltr'>Ἰερουσαλὴμ</span> <span class='ocrx_word' id='word_1_317' title='bbox 1462 2690 1781 2760; x_wconf 88' lang='grc' dir='ltr'>ἐπουράνιον</span> <span class='ocrx_word' id='word_1_318' title='bbox 1804 2732 1819 2757; x_wconf 90' lang='grc'><strong>,</strong></span> <span class='ocrx_word' id='word_1_319' title='bbox 1870 2693 1936 2764; x_wconf 78' lang='grc' dir='ltr'>ἣν</span> 
     </span>
    </p>
   </div>
   <div class='ocr_carea' id='block_1_44' title="bbox 345 2773 1935 2858">
    <p class='ocr_par' dir='ltr' id='par_1_44' title="bbox 345 2773 1935 2858">
     <span class='ocr_line' id='line_1_44' title="bbox 345 2773 1935 2858; baseline 0.007 -31"><span class='ocrx_word' id='word_1_320' title='bbox 345 2773 563 2840; x_wconf 78' lang='grc' dir='ltr'>ἔδειξεν</span> <span class='ocrx_word' id='word_1_321' title='bbox 601 2775 630 2828; x_wconf 89' lang='lat'><strong>6</strong></span> <span class='ocrx_word' id='word_1_322' title='bbox 665 2776 866 2831; x_wconf 74' lang='grc' dir='ltr'>εἰπών·</span> <span class='ocrx_word' id='word_1_323' title='bbox 907 2797 925 2829; x_wconf 81' lang='grc' dir='ltr'><strong>ι</strong></span> <span class='ocrx_word' id='word_1_324' title='bbox 961 2779 1024 2832; x_wconf 86' lang='grc' dir='ltr'>Ἡ</span> <span class='ocrx_word' id='word_1_325' title='bbox 1055 2779 1111 2832; x_wconf 82' lang='grc' dir='ltr'>δὲ</span> <span class='ocrx_word' id='word_1_326' title='bbox 1142 2781 1255 2834; x_wconf 84' lang='grc' dir='ltr'><strong>ἀνω</strong></span> <span class='ocrx_word' id='word_1_327' title='bbox 1296 2780 1649 2854; x_wconf 83' lang='grc' dir='ltr'>Ἰερουσαλὴμ</span> <span class='ocrx_word' id='word_1_328' title='bbox 1675 2784 1935 2858; x_wconf 81' lang='grc' dir='ltr'>ἐλευθέρα</span> 
     </span>
    </p>
   </div>
   <div class='ocr_carea' id='block_1_45' title="bbox 343 2867 1933 2949">
    <p class='ocr_par' dir='ltr' id='par_1_45' title="bbox 343 2867 1933 2949">
     <span class='ocr_line' id='line_1_45' title="bbox 343 2867 1933 2949; baseline 0.008 -30"><span class='ocrx_word' id='word_1_329' title='bbox 343 2867 530 2932; x_wconf 78' lang='grc' dir='ltr'>ἐστὶν,</span> <span class='ocrx_word' id='word_1_330' title='bbox 557 2869 681 2939; x_wconf 80' lang='grc' dir='ltr'>ἥτις</span> <span class='ocrx_word' id='word_1_331' title='bbox 700 2870 817 2922; x_wconf 78' lang='grc' dir='ltr'>ἐστὶ</span> <span class='ocrx_word' id='word_1_332' title='bbox 850 2871 1031 2943; x_wconf 82' lang='grc' dir='ltr'>μήτηρ</span> <span class='ocrx_word' id='word_1_333' title='bbox 1050 2871 1236 2942; x_wconf 84' lang='grc' dir='ltr'>ήμῶν·</span> <span class='ocrx_word' id='word_1_334' title='bbox 1265 2891 1284 2923; x_wconf 74' lang='grc' dir='ltr'><strong>ι</strong></span> <span class='ocrx_word' id='word_1_335' title='bbox 1304 2874 1419 2937; x_wconf 76' lang='grc' dir='ltr'>καὶ,</span> <span class='ocrx_word' id='word_1_336' title='bbox 1450 2892 1468 2925; x_wconf 80' lang='grc' dir='ltr'><strong>ι</strong></span> <span class='ocrx_word' id='word_1_337' title='bbox 1494 2875 1933 2949; x_wconf 84' lang='grc' dir='ltr'>Προσεληλύθατε</span> 
     </span>
    </p>
   </div>
   <div class='ocr_carea' id='block_1_46' title="bbox 341 2956 1934 3039">
    <p class='ocr_par' dir='ltr' id='par_1_46' title="bbox 341 2956 1934 3039">
     <span class='ocr_line' id='line_1_46' title="bbox 341 2956 1934 3039; baseline 0.006 -28"><span class='ocrx_word' id='word_1_338' title='bbox 341 2956 501 3011; x_wconf 84' lang='grc' dir='ltr'>Σιὼν</span> <span class='ocrx_word' id='word_1_339' title='bbox 526 2958 645 3030; x_wconf 75' lang='grc' dir='ltr'>ὄρει</span> <span class='ocrx_word' id='word_1_340' title='bbox 678 2960 770 3011; x_wconf 67' lang='grc' dir='ltr'>καὶ</span> <span class='ocrx_word' id='word_1_341' title='bbox 795 2959 944 3013; x_wconf 88' lang='grc' dir='ltr'>πόλει</span> <span class='ocrx_word' id='word_1_342' title='bbox 967 2960 1102 3014; x_wconf 86' lang='grc' dir='ltr'>Θεοῦ</span> <span class='ocrx_word' id='word_1_343' title='bbox 1132 2962 1351 3028; x_wconf 78' lang='grc' dir='ltr'>ζῶντος,</span> <span class='ocrx_word' id='word_1_344' title='bbox 1396 2964 1750 3039; x_wconf 85' lang='grc' dir='ltr'>Ἰερουσαλὴμ</span> <span class='ocrx_word' id='word_1_345' title='bbox 1774 2970 1934 3021; x_wconf 85' lang='grc' dir='ltr'>ἐπου-</span> 
     </span>
    </p>
   </div>
   <div class='ocr_carea' id='block_1_47' title="bbox 2047 1860 3615 1930">
    <p class='ocr_par' dir='ltr' id='par_1_47' title="bbox 2047 1860 3615 1930">
     <span class='ocr_line' id='line_1_47' title="bbox 2047 1860 3615 1930; baseline 0.001 -17"><span class='ocrx_word' id='word_1_346' title='bbox 2047 1860 2255 1916; x_wconf 90' lang='lat' dir='ltr'><strong>Iuntate</strong></span> <span class='ocrx_word' id='word_1_347' title='bbox 2283 1870 2372 1914; x_wconf 90' lang='lat' dir='ltr'><strong>tua</strong></span> <span class='ocrx_word' id='word_1_348' title='bbox 2414 1860 2724 1921; x_wconf 87' lang='lat' dir='ltr'><strong>detinieras,</strong></span> <span class='ocrx_word' id='word_1_349' title='bbox 2758 1862 3023 1913; x_wconf 81' lang='lat' dir='ltr'><strong>conﬁrma</strong></span> <span class='ocrx_word' id='word_1_350' title='bbox 3050 1899 3066 1921; x_wconf 91' lang='lat'><strong>,</strong></span> <span class='ocrx_word' id='word_1_351' title='bbox 3099 1867 3158 1913; x_wconf 90' lang='lat' dir='ltr'><strong>ut</strong></span> <span class='ocrx_word' id='word_1_352' title='bbox 3205 1867 3474 1930; x_wconf 86' lang='lat' dir='ltr'><strong>potestate</strong></span> <span class='ocrx_word' id='word_1_353' title='bbox 3523 1870 3615 1915; x_wconf 74' lang='lat' dir='ltr'><strong>tua</strong></span> 
     </span>
    </p>
   </div>
   <div class='ocr_carea' id='block_1_48' title="bbox 2044 1947 3613 2022">
    <p class='ocr_par' dir='ltr' id='par_1_48' title="bbox 2044 1947 3613 2022">
     <span class='ocr_line' id='line_1_48' title="bbox 2044 1947 3613 2022; baseline -0.001 -19"><span class='ocrx_word' id='word_1_354' title='bbox 2044 1964 2132 2005; x_wconf 89' lang='lat' dir='ltr'><strong>res</strong></span> <span class='ocrx_word' id='word_1_355' title='bbox 2166 1950 2284 2022; x_wconf 86' lang='lat' dir='ltr'><strong>ipsa</strong></span> <span class='ocrx_word' id='word_1_356' title='bbox 2329 1949 2663 2019; x_wconf 82' lang='lat' dir='ltr'><strong>perﬁciatur.</strong></span> <span class='ocrx_word' id='word_1_357' title='bbox 2695 1947 2834 2015; x_wconf 83' lang='lat' dir='ltr'><strong>Quid</strong></span> <span class='ocrx_word' id='word_1_358' title='bbox 2886 1957 3068 2004; x_wconf 88' lang='lat' dir='ltr'><strong>autem</strong></span> <span class='ocrx_word' id='word_1_359' title='bbox 3105 1950 3249 2005; x_wconf 87' lang='lat' dir='ltr'><strong>aliud</strong></span> <span class='ocrx_word' id='word_1_360' title='bbox 3292 1948 3427 2004; x_wconf 85' lang='lat' dir='ltr'><strong>illud</strong></span> <span class='ocrx_word' id='word_1_361' title='bbox 3472 1961 3613 2010; x_wconf 85' lang='lat' dir='ltr'><strong>erat.</strong></span> 
     </span>
    </p>
   </div>
   <div class='ocr_carea' id='block_1_49' title="bbox 2042 2040 3613 2114">
    <p class='ocr_par' dir='ltr' id='par_1_49' title="bbox 2042 2040 3613 2114">
     <span class='ocr_line' id='line_1_49' title="bbox 2042 2040 3613 2114; baseline -0.002 -17"><span class='ocrx_word' id='word_1_362' title='bbox 2042 2059 2204 2114; x_wconf 90' lang='lat' dir='ltr'><strong>quam</strong></span> <span class='ocrx_word' id='word_1_363' title='bbox 2237 2043 2289 2097; x_wconf 92' lang='lat' dir='ltr'><strong>id</strong></span> <span class='ocrx_word' id='word_1_364' title='bbox 2319 2042 2465 2113; x_wconf 90' lang='lat' dir='ltr'><strong>quod</strong></span> <span class='ocrx_word' id='word_1_365' title='bbox 2493 2041 2760 2111; x_wconf 88' lang='lat' dir='ltr'><strong>sequitur,</strong></span> <span class='ocrx_word' id='word_1_366' title='bbox 2801 2059 2821 2091; x_wconf 80' lang='grc' dir='ltr'><strong>ι</strong></span> <span class='ocrx_word' id='word_1_367' title='bbox 2858 2040 2936 2096; x_wconf 77' lang='lat' dir='ltr'><strong>Ad</strong></span> <span class='ocrx_word' id='word_1_368' title='bbox 2968 2043 3225 2112; x_wconf 87' lang='lat' dir='ltr'><strong>templum</strong></span> <span class='ocrx_word' id='word_1_369' title='bbox 3262 2052 3411 2096; x_wconf 84' lang='lat' dir='ltr'><strong>tuum</strong></span> <span class='ocrx_word' id='word_1_370' title='bbox 3443 2041 3498 2096; x_wconf 92' lang='lat' dir='ltr'><strong>in</strong></span> <span class='ocrx_word' id='word_1_371' title='bbox 3521 2040 3613 2096; x_wconf 81' lang='lat' dir='ltr'><strong>Je-</strong></span> 
     </span>
    </p>
   </div>
   <div class='ocr_carea' id='block_1_50' title="bbox 2043 2133 3614 2205">
    <p class='ocr_par' dir='ltr' id='par_1_50' title="bbox 2043 2133 3614 2205">
     <span class='ocr_line' id='line_1_50' title="bbox 2043 2133 3614 2205; baseline -0.001 -14"><span class='ocrx_word' id='word_1_372' title='bbox 2043 2138 2281 2192; x_wconf 88' lang='lat' dir='ltr'><strong>rusalem</strong></span> <span class='ocrx_word' id='word_1_373' title='bbox 2324 2135 2424 2190; x_wconf 85' lang='lat' dir='ltr'><strong>tibi</strong></span> <span class='ocrx_word' id='word_1_374' title='bbox 2477 2133 2706 2190; x_wconf 78' lang='lat' dir='ltr'><strong>oﬂ‘erent</strong></span> <span class='ocrx_word' id='word_1_375' title='bbox 2752 2150 2910 2205; x_wconf 83' lang='lat' dir='ltr'><strong>reges</strong></span> <span class='ocrx_word' id='word_1_376' title='bbox 2941 2135 3213 2191; x_wconf 85' lang='lat' dir='ltr'><strong>munera?</strong></span> <span class='ocrx_word' id='word_1_377' title='bbox 3252 2155 3270 2187; x_wconf 76' lang='grc' dir='ltr'><strong>ι</strong></span> <span class='ocrx_word' id='word_1_378' title='bbox 3310 2133 3427 2190; x_wconf 83' lang='lat' dir='ltr'><strong>Hoc</strong></span> <span class='ocrx_word' id='word_1_379' title='bbox 3468 2136 3614 2191; x_wconf 87' lang='lat' dir='ltr'><strong>enim</strong></span> 
     </span>
    </p>
   </div>
   <div class='ocr_carea' id='block_1_51' title="bbox 2042 2227 3611 2299">
    <p class='ocr_par' dir='ltr' id='par_1_51' title="bbox 2042 2227 3611 2299">
     <span class='ocr_line' id='line_1_51' title="bbox 2042 2227 3611 2299; baseline -0.001 -16"><span class='ocrx_word' id='word_1_380' title='bbox 2042 2230 2219 2299; x_wconf 84' lang='lat' dir='ltr'><strong>ipsum</strong></span> <span class='ocrx_word' id='word_1_381' title='bbox 2245 2227 2391 2299; x_wconf 89' lang='lat' dir='ltr'><strong>quod</strong></span> <span class='ocrx_word' id='word_1_382' title='bbox 2427 2227 2585 2282; x_wconf 91' lang='lat' dir='ltr'><strong>nobis</strong></span> <span class='ocrx_word' id='word_1_383' title='bbox 2619 2227 2920 2297; x_wconf 89' lang='lat' dir='ltr'><strong>promisisti</strong></span> <span class='ocrx_word' id='word_1_384' title='bbox 2965 2228 3248 2294; x_wconf 82' lang='lat' dir='ltr'><strong>conﬁrma,</strong></span> <span class='ocrx_word' id='word_1_385' title='bbox 3287 2236 3348 2282; x_wconf 92' lang='lat' dir='ltr'><strong>ut</strong></span> <span class='ocrx_word' id='word_1_386' title='bbox 3378 2228 3611 2283; x_wconf 76' lang='lat' dir='ltr'><strong>eveniat.</strong></span> 
     </span>
    </p>
   </div>
   <div class='ocr_carea' id='block_1_52' title="bbox 2044 2319 3615 2392">
    <p class='ocr_par' dir='ltr' id='par_1_52' title="bbox 2044 2319 3615 2392">
     <span class='ocr_line' id='line_1_52' title="bbox 2044 2319 3615 2392; baseline 0.001 -18"><span class='ocrx_word' id='word_1_387' title='bbox 2044 2320 2217 2392; x_wconf 78' lang='lat' dir='ltr'><strong>Reges</strong></span> <span class='ocrx_word' id='word_1_388' title='bbox 2247 2328 2428 2374; x_wconf 90' lang='lat' dir='ltr'><strong>autem</strong></span> <span class='ocrx_word' id='word_1_389' title='bbox 2456 2333 2621 2389; x_wconf 74' lang='lat' dir='ltr'><strong>regna</strong></span> <span class='ocrx_word' id='word_1_390' title='bbox 2670 2326 2831 2374; x_wconf 78' lang='lat' dir='ltr'><strong>terra:</strong></span> <span class='ocrx_word' id='word_1_391' title='bbox 2874 2319 3208 2389; x_wconf 77' lang='lat' dir='ltr'><strong>signiﬁcant,</strong></span> <span class='ocrx_word' id='word_1_392' title='bbox 3244 2334 3351 2389; x_wconf 87' lang='lat' dir='ltr'><strong>qua</strong></span> <span class='ocrx_word' id='word_1_393' title='bbox 3400 2320 3615 2375; x_wconf 81' lang='lat' dir='ltr'><strong>ratione</strong></span> 
     </span>
    </p>
   </div>
   <div class='ocr_carea' id='block_1_53' title="bbox 2041 2408 3615 2481">
    <p class='ocr_par' dir='ltr' id='par_1_53' title="bbox 2041 2408 3615 2481">
     <span class='ocr_line' id='line_1_53' title="bbox 2041 2408 3615 2481; baseline 0 -15"><span class='ocrx_word' id='word_1_394' title='bbox 2041 2411 2309 2466; x_wconf 60' lang='lat' dir='ltr'><strong>universae</strong></span> <span class='ocrx_word' id='word_1_395' title='bbox 2331 2419 2518 2481; x_wconf 81' lang='lat' dir='ltr'><strong>gentes</strong></span> <span class='ocrx_word' id='word_1_396' title='bbox 2552 2408 2882 2464; x_wconf 83' lang='lat' dir='ltr'><strong>indicantur.</strong></span> <span class='ocrx_word' id='word_1_397' title='bbox 2915 2409 3199 2480; x_wconf 89' lang='lat' dir='ltr'><strong>Templum</strong></span> <span class='ocrx_word' id='word_1_398' title='bbox 3228 2417 3410 2466; x_wconf 86' lang='lat' dir='ltr'><strong>autem</strong></span> <span class='ocrx_word' id='word_1_399' title='bbox 3438 2411 3493 2465; x_wconf 91' lang='lat' dir='ltr'><strong>in</strong></span> <span class='ocrx_word' id='word_1_400' title='bbox 3522 2408 3615 2466; x_wconf 65' lang='grc' dir='ltr'>εἰοι-</span> 
     </span>
    </p>
   </div>
   <div class='ocr_carea' id='block_1_54' title="bbox 2039 2499 3612 2572">
    <p class='ocr_par' dir='ltr' id='par_1_54' title="bbox 2039 2499 3612 2572">
     <span class='ocr_line' id='line_1_54' title="bbox 2039 2499 3612 2572; baseline 0.001 -17"><span class='ocrx_word' id='word_1_401' title='bbox 2039 2503 2302 2565; x_wconf 81' lang='lat' dir='ltr'><strong>rusalem,</strong></span> <span class='ocrx_word' id='word_1_402' title='bbox 2356 2516 2466 2572; x_wconf 86' lang='lat' dir='ltr'><strong>quo</strong></span> <span class='ocrx_word' id='word_1_403' title='bbox 2516 2499 2763 2556; x_wconf 81' lang='lat' dir='ltr'><strong>deferent</strong></span> <span class='ocrx_word' id='word_1_404' title='bbox 2818 2517 2977 2571; x_wconf 76' lang='lat' dir='ltr'><strong>reges</strong></span> <span class='ocrx_word' id='word_1_405' title='bbox 3026 2506 3276 2565; x_wconf 90' lang='lat' dir='ltr'><strong>munera,</strong></span> <span class='ocrx_word' id='word_1_406' title='bbox 3308 2517 3419 2558; x_wconf 89' lang='lat' dir='ltr'><strong>non</strong></span> <span class='ocrx_word' id='word_1_407' title='bbox 3460 2503 3612 2558; x_wconf 90' lang='lat' dir='ltr'><strong>aliud</strong></span> 
     </span>
    </p>
   </div>
   <div class='ocr_carea' id='block_1_55' title="bbox 2038 2591 3610 2664">
    <p class='ocr_par' dir='ltr' id='par_1_55' title="bbox 2038 2591 3610 2664">
     <span class='ocr_line' id='line_1_55' title="bbox 2038 2591 3610 2664; baseline 0 -16"><span class='ocrx_word' id='word_1_408' title='bbox 2038 2593 2203 2650; x_wconf 80' lang='lat' dir='ltr'><strong>fuerit</strong></span> <span class='ocrx_word' id='word_1_409' title='bbox 2237 2609 2399 2664; x_wconf 87' lang='lat' dir='ltr'><strong>quam</strong></span> <span class='ocrx_word' id='word_1_410' title='bbox 2430 2607 2655 2663; x_wconf 81' lang='lat' dir='ltr'><strong>regnum</strong></span> <span class='ocrx_word' id='word_1_411' title='bbox 2689 2592 2975 2648; x_wconf 60' lang='lat' dir='ltr'><strong>calorum.</strong></span> <span class='ocrx_word' id='word_1_412' title='bbox 3027 2591 3288 2649; x_wconf 83' lang='lat' dir='ltr'><strong>Novimus</strong></span> <span class='ocrx_word' id='word_1_413' title='bbox 3338 2594 3610 2663; x_wconf 85' lang='lat' dir='ltr'><strong>siquidem</strong></span> 
     </span>
    </p>
   </div>
   <div class='ocr_carea' id='block_1_56' title="bbox 2036 2683 3613 2755">
    <p class='ocr_par' dir='ltr' id='par_1_56' title="bbox 2036 2683 3613 2755">
     <span class='ocr_line' id='line_1_56' title="bbox 2036 2683 3613 2755; baseline -0.001 -14"><span class='ocrx_word' id='word_1_414' title='bbox 2036 2685 2338 2743; x_wconf 80' lang='lat' dir='ltr'><strong>Jerusalem</strong></span> <span class='ocrx_word' id='word_1_415' title='bbox 2370 2687 2646 2742; x_wconf 66' lang='lat' dir='ltr'><strong>caelestem</strong></span> <span class='ocrx_word' id='word_1_416' title='bbox 2702 2698 2866 2754; x_wconf 85' lang='lat' dir='ltr'><strong>quam</strong></span> <span class='ocrx_word' id='word_1_417' title='bbox 2918 2683 3177 2740; x_wconf 89' lang='lat' dir='ltr'><strong>indicavit</strong></span> <span class='ocrx_word' id='word_1_418' title='bbox 3220 2685 3495 2755; x_wconf 89' lang='lat' dir='ltr'><strong>quispiam</strong></span> <span class='ocrx_word' id='word_1_419' title='bbox 3525 2684 3613 2741; x_wconf 85' lang='lat' dir='ltr'><strong>his</strong></span> 
     </span>
    </p>
   </div>
   <div class='ocr_carea' id='block_1_57' title="bbox 2039 2776 3612 2850">
    <p class='ocr_par' dir='ltr' id='par_1_57' title="bbox 2039 2776 3612 2850">
     <span class='ocr_line' id='line_1_57' title="bbox 2039 2776 3612 2850; baseline -0.003 -16"><span class='ocrx_word' id='word_1_420' title='bbox 2039 2779 2261 2835; x_wconf 78' lang='lat' dir='ltr'><strong>verbis:</strong></span> <span class='ocrx_word' id='word_1_421' title='bbox 2293 2798 2311 2829; x_wconf 77' lang='grc' dir='ltr'><strong>ι</strong></span> <span class='ocrx_word' id='word_1_422' title='bbox 2343 2778 2417 2833; x_wconf 86' lang='lat' dir='ltr'><strong>Ea</strong></span> <span class='ocrx_word' id='word_1_423' title='bbox 2462 2794 2591 2834; x_wconf 90' lang='lat' dir='ltr'><strong>vero</strong></span> <span class='ocrx_word' id='word_1_424' title='bbox 2636 2794 2758 2850; x_wconf 71' lang='lat' dir='ltr'><strong>qua:</strong></span> <span class='ocrx_word' id='word_1_425' title='bbox 2800 2792 3021 2833; x_wconf 87' lang='lat' dir='ltr'><strong>sursum</strong></span> <span class='ocrx_word' id='word_1_426' title='bbox 3066 2785 3152 2833; x_wconf 91' lang='lat' dir='ltr'><strong>est</strong></span> <span class='ocrx_word' id='word_1_427' title='bbox 3182 2776 3508 2844; x_wconf 80' lang='lat' dir='ltr'><strong>Jerusalem,</strong></span> <span class='ocrx_word' id='word_1_428' title='bbox 3542 2777 3612 2830; x_wconf 85' lang='lat' dir='ltr'><strong>Ii-</strong></span> 
     </span>
    </p>
   </div>
   <div class='ocr_carea' id='block_1_58' title="bbox 2037 2870 3615 2943">
    <p class='ocr_par' dir='ltr' id='par_1_58' title="bbox 2037 2870 3615 2943">
     <span class='ocr_line' id='line_1_58' title="bbox 2037 2870 3615 2943; baseline -0.002 -14"><span class='ocrx_word' id='word_1_429' title='bbox 2037 2874 2167 2929; x_wconf 89' lang='lat' dir='ltr'><strong>bera</strong></span> <span class='ocrx_word' id='word_1_430' title='bbox 2196 2880 2302 2937; x_wconf 88' lang='lat' dir='ltr'><strong>est,</strong></span> <span class='ocrx_word' id='word_1_431' title='bbox 2334 2887 2454 2943; x_wconf 73' lang='lat' dir='ltr'><strong>qua:</strong></span> <span class='ocrx_word' id='word_1_432' title='bbox 2482 2880 2567 2928; x_wconf 91' lang='lat' dir='ltr'><strong>est</strong></span> <span class='ocrx_word' id='word_1_433' title='bbox 2620 2880 2794 2926; x_wconf 87' lang='lat' dir='ltr'><strong>mater</strong></span> <span class='ocrx_word' id='word_1_434' title='bbox 2839 2873 3129 2938; x_wconf 77' lang='lat' dir='ltr'><strong>nostra“;</strong></span> <span class='ocrx_word' id='word_1_435' title='bbox 3173 2892 3192 2924; x_wconf 78' lang='grc' dir='ltr'><strong>ι</strong></span> <span class='ocrx_word' id='word_1_436' title='bbox 3226 2878 3281 2926; x_wconf 84' lang='lat' dir='ltr'><strong>et</strong></span> <span class='ocrx_word' id='word_1_437' title='bbox 3309 2889 3323 2925; x_wconf 91' lang='lat'><strong>:</strong></span> <span class='ocrx_word' id='word_1_438' title='bbox 3351 2888 3371 2921; x_wconf 83' lang='grc' dir='ltr'><strong>ι</strong></span> <span class='ocrx_word' id='word_1_439' title='bbox 3417 2870 3615 2926; x_wconf 64' lang='grc' dir='ltr'>Αεοεεί</span> 
     </span>
    </p>
   </div>
   <div class='ocr_carea' id='block_1_59' title="bbox 2036 2960 3614 3018">
    <p class='ocr_par' dir='ltr' id='par_1_59' title="bbox 2036 2960 3614 3018">
     <span class='ocr_line' id='line_1_59' title="bbox 2036 2960 3614 3018; baseline 0.001 -1"><span class='ocrx_word' id='word_1_440' title='bbox 2036 2962 2190 3017; x_wconf 84' lang='lat' dir='ltr'><strong>sistis</strong></span> <span class='ocrx_word' id='word_1_441' title='bbox 2237 2961 2305 3016; x_wconf 86' lang='lat' dir='ltr'><strong>ad</strong></span> <span class='ocrx_word' id='word_1_442' title='bbox 2351 2962 2485 3016; x_wconf 90' lang='lat' dir='ltr'><strong>Sion</strong></span> <span class='ocrx_word' id='word_1_443' title='bbox 2532 2969 2774 3016; x_wconf 89' lang='lat' dir='ltr'><strong>montem</strong></span> <span class='ocrx_word' id='word_1_444' title='bbox 2817 2970 2871 3016; x_wconf 88' lang='lat' dir='ltr'><strong>et</strong></span> <span class='ocrx_word' id='word_1_445' title='bbox 2911 2961 3190 3017; x_wconf 89' lang='lat' dir='ltr'><strong>civitatem</strong></span> <span class='ocrx_word' id='word_1_446' title='bbox 3238 2960 3334 3017; x_wconf 78' lang='lat' dir='ltr'><strong>Dei</strong></span> <span class='ocrx_word' id='word_1_447' title='bbox 3377 2961 3614 3018; x_wconf 80' lang='lat' dir='ltr'><strong>viventis</strong></span> 
     </span>
    </p>
   </div>
   <div class='ocr_carea' id='block_1_60' title="bbox 345 3048 1935 3131">
    <p class='ocr_par' dir='ltr' id='par_1_60' title="bbox 345 3048 1935 3130">
     <span class='ocr_line' id='line_1_60' title="bbox 345 3048 1935 3130; baseline 0.009 -26"><span class='ocrx_word' id='word_1_448' title='bbox 345 3051 561 3122; x_wconf 81' lang='grc' dir='ltr'>ρανίῳ.</span> <span class='ocrx_word' id='word_1_449' title='bbox 594 3071 613 3102; x_wconf 76' lang='grc' dir='ltr'><strong>ι</strong></span> <span class='ocrx_word' id='word_1_450' title='bbox 667 3052 884 3123; x_wconf 82' lang='grc' dir='ltr'>Ταύτης</span> <span class='ocrx_word' id='word_1_451' title='bbox 937 3048 1029 3106; x_wconf 82' lang='grc' dir='ltr'><strong>οὖν</strong></span> <span class='ocrx_word' id='word_1_452' title='bbox 1076 3055 1177 3125; x_wconf 84' lang='grc' dir='ltr'><strong>τῆς</strong></span> <span class='ocrx_word' id='word_1_453' title='bbox 1228 3057 1547 3130; x_wconf 83' lang='grc' dir='ltr'>ἐπουρανίου</span> <span class='ocrx_word' id='word_1_454' title='bbox 1593 3061 1799 3126; x_wconf 84' lang='grc' dir='ltr'>πόλεως</span> <span class='ocrx_word' id='word_1_455' title='bbox 1844 3064 1935 3118; x_wconf 88' lang='grc' dir='ltr'><strong>τοῦ</strong></span> 
     </span>
    </p>
   </div>
   <div class='ocr_carea' id='block_1_61' title="bbox 2037 3048 3611 3131">
    <p class='ocr_par' dir='ltr' id='par_1_61' title="bbox 2040 3053 3611 3127">
     <span class='ocr_line' id='line_1_61' title="bbox 2040 3053 3611 3127; baseline 0.002 -19"><span class='ocrx_word' id='word_1_456' title='bbox 2040 3053 2341 3110; x_wconf 86' lang='lat' dir='ltr'><strong>Jerusalem</strong></span> <span class='ocrx_word' id='word_1_457' title='bbox 2376 3056 2655 3111; x_wconf 74' lang='lat' dir='ltr'><strong>cmlestem</strong></span> <span class='ocrx_word' id='word_1_458' title='bbox 2676 3056 2742 3109; x_wconf 71' lang='grc' dir='ltr'><strong>δ’.</strong></span> <span class='ocrx_word' id='word_1_459' title='bbox 2781 3074 2801 3107; x_wconf 71' lang='grc' dir='ltr'><strong>ι</strong></span> <span class='ocrx_word' id='word_1_460' title='bbox 2834 3053 2988 3122; x_wconf 83' lang='lat' dir='ltr'><strong>Quod</strong></span> <span class='ocrx_word' id='word_1_461' title='bbox 3012 3054 3179 3127; x_wconf 76' lang='lat' dir='ltr'><strong>igitur</strong></span> <span class='ocrx_word' id='word_1_462' title='bbox 3199 3055 3256 3111; x_wconf 88' lang='lat' dir='ltr'><strong>in</strong></span> <span class='ocrx_word' id='word_1_463' title='bbox 3286 3056 3379 3111; x_wconf 89' lang='lat' dir='ltr'><strong>illa</strong></span> <span class='ocrx_word' id='word_1_464' title='bbox 3400 3056 3611 3112; x_wconf 65' lang='lat' dir='ltr'><strong>caelesti</strong></span> 
     </span>
    </p>
   </div>
   <div class='ocr_carea' id='block_1_62' title="bbox 343 3141 1939 3221">
    <p class='ocr_par' dir='ltr' id='par_1_62' title="bbox 343 3141 1939 3221">
     <span class='ocr_line' id='line_1_62' title="bbox 343 3141 1939 3221; baseline 0.009 -27"><span class='ocrx_word' id='word_1_465' title='bbox 343 3142 501 3196; x_wconf 81' lang='grc' dir='ltr'>Θεοῦ</span> <span class='ocrx_word' id='word_1_466' title='bbox 533 3141 595 3195; x_wconf 79' lang='grc' dir='ltr'><strong>τὸ</strong></span> <span class='ocrx_word' id='word_1_467' title='bbox 623 3141 898 3214; x_wconf 83' lang='grc' dir='ltr'>ἐξαίρετον</span> <span class='ocrx_word' id='word_1_468' title='bbox 932 3144 1026 3197; x_wconf 73' lang='grc' dir='ltr'><strong>καὶ</strong></span> <span class='ocrx_word' id='word_1_469' title='bbox 1057 3144 1328 3200; x_wconf 83' lang='grc' dir='ltr'>ἀνώτατον</span> <span class='ocrx_word' id='word_1_470' title='bbox 1358 3150 1451 3202; x_wconf 76' lang='grc' dir='ltr'><strong>καὶ</strong></span> <span class='ocrx_word' id='word_1_471' title='bbox 1477 3152 1720 3221; x_wconf 86' lang='grc' dir='ltr'>κρεῖττον</span> <span class='ocrx_word' id='word_1_472' title='bbox 1745 3155 1773 3206; x_wconf 91' lang='lat'><strong>6</strong></span> <span class='ocrx_word' id='word_1_473' title='bbox 1806 3152 1939 3217; x_wconf 80' lang='grc' dir='ltr'>νεώς</span> 
     </span>
    </p>
   </div>
   <div class='ocr_carea' id='block_1_63' title="bbox 335 3234 1938 3317">
    <p class='ocr_par' dir='ltr' id='par_1_63' title="bbox 335 3234 1938 3317">
     <span class='ocr_line' id='line_1_63' title="bbox 335 3234 1938 3317; baseline 0.006 -28"><span class='ocrx_word' id='word_1_474' title='bbox 335 3238 464 3289; x_wconf 70' lang='grc' dir='ltr'>ἐστι</span> <span class='ocrx_word' id='word_1_475' title='bbox 492 3234 594 3287; x_wconf 81' lang='grc' dir='ltr'><strong>τοῦ</strong></span> <span class='ocrx_word' id='word_1_476' title='bbox 629 3234 784 3288; x_wconf 86' lang='grc' dir='ltr'>Θεοῦ.</span> <span class='ocrx_word' id='word_1_477' title='bbox 828 3236 948 3289; x_wconf 74' lang='grc' dir='ltr'><strong>Ἐπὶ</strong></span> <span class='ocrx_word' id='word_1_478' title='bbox 975 3236 1163 3291; x_wconf 88' lang='grc' dir='ltr'>τοῦτον</span> <span class='ocrx_word' id='word_1_479' title='bbox 1193 3239 1369 3294; x_wconf 87' lang='grc' dir='ltr'>τοίνυν</span> <span class='ocrx_word' id='word_1_480' title='bbox 1396 3242 1486 3296; x_wconf 88' lang='grc' dir='ltr'><strong>τὸν</strong></span> <span class='ocrx_word' id='word_1_481' title='bbox 1518 3242 1653 3297; x_wconf 86' lang='grc' dir='ltr'>νεών</span> <span class='ocrx_word' id='word_1_482' title='bbox 1680 3261 1795 3309; x_wconf 90' lang='grc' dir='ltr'>σου,</span> <span class='ocrx_word' id='word_1_483' title='bbox 1833 3263 1938 3317; x_wconf 78' lang='grc' dir='ltr'><strong>φη-</strong></span> 
     </span>
    </p>
   </div>
   <div class='ocr_carea' id='block_1_64' title="bbox 335 3325 1938 3411">
    <p class='ocr_par' dir='ltr' id='par_1_64' title="bbox 335 3325 1938 3411">
     <span class='ocr_line' id='line_1_64' title="bbox 335 3325 1938 3411; baseline 0.006 -29"><span class='ocrx_word' id='word_1_484' title='bbox 335 3327 452 3392; x_wconf 82' lang='grc' dir='ltr'>σὶν,</span> <span class='ocrx_word' id='word_1_485' title='bbox 513 3325 601 3378; x_wconf 79' lang='grc' dir='ltr'><strong>σοὶ</strong></span> <span class='ocrx_word' id='word_1_486' title='bbox 646 3327 849 3380; x_wconf 72' lang='grc' dir='ltr'>οἴσουσι</span> <span class='ocrx_word' id='word_1_487' title='bbox 884 3327 1121 3397; x_wconf 84' lang='grc' dir='ltr'>βασιλεῖς</span> <span class='ocrx_word' id='word_1_488' title='bbox 1166 3330 1341 3401; x_wconf 75' lang='grc' dir='ltr'>δῶραο</span> <span class='ocrx_word' id='word_1_489' title='bbox 1385 3336 1433 3387; x_wconf 87' lang='grc' dir='ltr'>οἱ</span> <span class='ocrx_word' id='word_1_490' title='bbox 1474 3335 1583 3406; x_wconf 78' lang='grc' dir='ltr'>’τὴν</span> <span class='ocrx_word' id='word_1_491' title='bbox 1626 3335 1813 3409; x_wconf 79' lang='grc' dir='ltr'>λοιπὴν</span> <span class='ocrx_word' id='word_1_492' title='bbox 1846 3337 1938 3411; x_wconf 84' lang='grc' dir='ltr'>δη-</span> 
     </span>
    </p>
   </div>
   <div class='ocr_carea' id='block_1_65' title="bbox 332 3416 1933 3496">
    <p class='ocr_par' dir='ltr' id='par_1_65' title="bbox 332 3416 1933 3496">
     <span class='ocr_line' id='line_1_65' title="bbox 332 3416 1933 3496; baseline 0.009 -28"><span class='ocrx_word' id='word_1_493' title='bbox 332 3416 478 3491; x_wconf 80' lang='grc' dir='ltr'>λαδὴ</span> <span class='ocrx_word' id='word_1_494' title='bbox 518 3417 676 3470; x_wconf 87' lang='grc' dir='ltr'>πόλιν</span> <span class='ocrx_word' id='word_1_495' title='bbox 702 3417 801 3489; x_wconf 80' lang='grc' dir='ltr'>τὴν</span> <span class='ocrx_word' id='word_1_496' title='bbox 830 3418 1147 3490; x_wconf 79' lang='grc' dir='ltr'>ἐπουράνιον</span> <span class='ocrx_word' id='word_1_497' title='bbox 1192 3421 1467 3488; x_wconf 75' lang='grc' dir='ltr'>οἰκοῦντες</span> <span class='ocrx_word' id='word_1_498' title='bbox 1498 3424 1735 3495; x_wconf 85' lang='grc' dir='ltr'>βασιλεῖς</span> <span class='ocrx_word' id='word_1_499' title='bbox 1764 3428 1933 3496; x_wconf 74' lang='grc' dir='ltr'>ὅντες,</span> 
     </span>
    </p>
   </div>
   <div class='ocr_carea' id='block_1_66' title="bbox 331 3509 1937 3590">
    <p class='ocr_par' dir='ltr' id='par_1_66' title="bbox 331 3509 1937 3590">
     <span class='ocr_line' id='line_1_66' title="bbox 331 3509 1937 3590; baseline 0.007 -27"><span class='ocrx_word' id='word_1_500' title='bbox 331 3510 427 3564; x_wconf 80' lang='grc' dir='ltr'>διὰ</span> <span class='ocrx_word' id='word_1_501' title='bbox 455 3510 531 3563; x_wconf 78' lang='grc' dir='ltr'><strong>τὸ</strong></span> <span class='ocrx_word' id='word_1_502' title='bbox 556 3509 927 3582; x_wconf 84' lang='grc' dir='ltr'>κατηξιῶσθαι</span> <span class='ocrx_word' id='word_1_503' title='bbox 955 3510 1055 3581; x_wconf 86' lang='grc' dir='ltr'>τῆς</span> <span class='ocrx_word' id='word_1_504' title='bbox 1087 3511 1365 3581; x_wconf 85' lang='grc' dir='ltr'>βασιλείας</span> <span class='ocrx_word' id='word_1_505' title='bbox 1387 3516 1493 3570; x_wconf 90' lang='grc' dir='ltr'><strong>τῶν</strong></span> <span class='ocrx_word' id='word_1_506' title='bbox 1540 3519 1803 3590; x_wconf 77' lang='grc' dir='ltr'>οὐρανῶν,</span> <span class='ocrx_word' id='word_1_507' title='bbox 1841 3522 1937 3575; x_wconf 78' lang='grc' dir='ltr'>καὶ</span> 
     </span>
    </p>
   </div>
   <div class='ocr_carea' id='block_1_67' title="bbox 328 3600 1934 3683">
    <p class='ocr_par' dir='ltr' id='par_1_67' title="bbox 328 3600 1934 3683">
     <span class='ocr_line' id='line_1_67' title="bbox 328 3600 1934 3683; baseline 0.004 -26"><span class='ocrx_word' id='word_1_508' title='bbox 328 3601 424 3657; x_wconf 77' lang='grc' dir='ltr'>διὰ</span> <span class='ocrx_word' id='word_1_509' title='bbox 454 3600 630 3656; x_wconf 78' lang='grc' dir='ltr'>τεῦτο</span> <span class='ocrx_word' id='word_1_510' title='bbox 651 3601 1066 3673; x_wconf 74' lang='grc' dir='ltr'>συμϐασιλεύειν</span> <span class='ocrx_word' id='word_1_511' title='bbox 1085 3604 1164 3675; x_wconf 85' lang='grc' dir='ltr'><strong>τῷ</strong></span> <span class='ocrx_word' id='word_1_512' title='bbox 1188 3605 1398 3660; x_wconf 81' lang='grc' dir='ltr'>ἑαυτῶν</span> <span class='ocrx_word' id='word_1_513' title='bbox 1429 3608 1637 3680; x_wconf 85' lang='grc' dir='ltr'>Κυρίῳ.</span> <span class='ocrx_word' id='word_1_514' title='bbox 1674 3629 1693 3661; x_wconf 80' lang='grc' dir='ltr'><strong>ι</strong></span> <span class='ocrx_word' id='word_1_515' title='bbox 1732 3610 1794 3662; x_wconf 83' lang='grc' dir='ltr'><strong>Εἰ</strong></span> <span class='ocrx_word' id='word_1_516' title='bbox 1827 3611 1934 3683; x_wconf 81' lang='grc' dir='ltr'><strong>γὰρ</strong></span> 
     </span>
    </p>
   </div>
   <div class='ocr_carea' id='block_1_68' title="bbox 330 3694 1934 3774">
    <p class='ocr_par' dir='ltr' id='par_1_68' title="bbox 330 3694 1934 3774">
     <span class='ocr_line' id='line_1_68' title="bbox 330 3694 1934 3774; baseline 0.006 -26"><span class='ocrx_word' id='word_1_517' title='bbox 330 3694 797 3767; x_wconf 81' lang='grc' dir='ltr'>συναπεθάνομεν</span> <span class='ocrx_word' id='word_1_518' title='bbox 819 3734 834 3761; x_wconf 95' lang='grc'><strong>,</strong></span> <span class='ocrx_word' id='word_1_519' title='bbox 863 3696 957 3749; x_wconf 74' lang='grc' dir='ltr'><strong>καὶ</strong></span> <span class='ocrx_word' id='word_1_520' title='bbox 1005 3695 1312 3769; x_wconf 79' lang='grc' dir='ltr'>συζήσομεν</span> <span class='ocrx_word' id='word_1_521' title='bbox 1338 3740 1352 3764; x_wconf 92' lang='grc'><strong>,</strong></span> <span class='ocrx_word' id='word_1_522' title='bbox 1383 3701 1480 3753; x_wconf 79' lang='grc' dir='ltr'><strong>καὶ</strong></span> <span class='ocrx_word' id='word_1_523' title='bbox 1510 3702 1559 3753; x_wconf 83' lang='grc' dir='ltr'><strong>εί</strong></span> <span class='ocrx_word' id='word_1_524' title='bbox 1593 3702 1934 3774; x_wconf 79' lang='grc' dir='ltr'>ὑπομένομεν</span> 
     </span>
    </p>
   </div>
   <div class='ocr_carea' id='block_1_69' title="bbox 325 3786 1930 3863">
    <p class='ocr_par' dir='ltr' id='par_1_69' title="bbox 325 3786 1930 3863">
     <span class='ocr_line' id='line_1_69' title="bbox 325 3786 1930 3863; baseline 0.003 -21"><span class='ocrx_word' id='word_1_525' title='bbox 325 3786 495 3853; x_wconf 84' lang='grc' dir='ltr'>Θεὸν,</span> <span class='ocrx_word' id='word_1_526' title='bbox 545 3788 636 3840; x_wconf 74' lang='grc' dir='ltr'>καὶ</span> <span class='ocrx_word' id='word_1_527' title='bbox 673 3787 1190 3860; x_wconf 77' lang='grc' dir='ltr'>συμϐασιλεύσομεν.</span> <span class='ocrx_word' id='word_1_528' title='bbox 1230 3808 1249 3841; x_wconf 76' lang='grc' dir='ltr'><strong>ι</strong></span> <span class='ocrx_word' id='word_1_529' title='bbox 1275 3786 1434 3845; x_wconf 78' lang='grc' dir='ltr'>Οὗτοι</span> <span class='ocrx_word' id='word_1_530' title='bbox 1463 3788 1557 3846; x_wconf 80' lang='grc' dir='ltr'><strong>οῦν</strong></span> <span class='ocrx_word' id='word_1_531' title='bbox 1594 3793 1645 3845; x_wconf 75' lang='lat' dir='ltr'><strong>oi</strong></span> <span class='ocrx_word' id='word_1_532' title='bbox 1674 3792 1930 3863; x_wconf 84' lang='grc' dir='ltr'>βασιλεῖς,</span> 
     </span>
    </p>
   </div>
   <div class='ocr_carea' id='block_1_70' title="bbox 322 3884 1931 3957">
    <p class='ocr_par' dir='ltr' id='par_1_70' title="bbox 322 3884 1931 3957">
     <span class='ocr_line' id='line_1_70' title="bbox 322 3884 1931 3957; baseline -0.001 -17"><span class='ocrx_word' id='word_1_533' title='bbox 322 3885 404 3950; x_wconf 82' lang='grc' dir='ltr'><strong>ὡς</strong></span> <span class='ocrx_word' id='word_1_534' title='bbox 439 3885 513 3940; x_wconf 85' lang='grc' dir='ltr'>ἃν</span> <span class='ocrx_word' id='word_1_535' title='bbox 557 3885 660 3937; x_wconf 84' lang='grc' dir='ltr'><strong>ὑπὸ</strong></span> <span class='ocrx_word' id='word_1_536' title='bbox 711 3885 928 3955; x_wconf 84' lang='grc' dir='ltr'>μεγάλῳ</span> <span class='ocrx_word' id='word_1_537' title='bbox 968 3886 1216 3957; x_wconf 84' lang='grc' dir='ltr'>ἀρχιερεῖ</span> <span class='ocrx_word' id='word_1_538' title='bbox 1249 3885 1328 3956; x_wconf 83' lang='grc' dir='ltr'>τῷ</span> <span class='ocrx_word' id='word_1_539' title='bbox 1361 3886 1656 3955; x_wconf 88' lang='grc' dir='ltr'>Μονογενεῖ</span> <span class='ocrx_word' id='word_1_540' title='bbox 1680 3884 1774 3939; x_wconf 84' lang='grc' dir='ltr'><strong>τοῦ</strong></span> <span class='ocrx_word' id='word_1_541' title='bbox 1798 3885 1931 3939; x_wconf 85' lang='grc' dir='ltr'>Θεοῦ</span> 
     </span>
    </p>
   </div>
   <div class='ocr_carea' id='block_1_71' title="bbox 323 3978 1934 4052">
    <p class='ocr_par' dir='ltr' id='par_1_71' title="bbox 323 3978 1934 4052">
     <span class='ocr_line' id='line_1_71' title="bbox 323 3978 1934 4052; baseline -0.001 -18"><span class='ocrx_word' id='word_1_542' title='bbox 323 3978 811 4051; x_wconf 83' lang='grc' dir='ltr'>λειτουργοῦντες,</span> <span class='ocrx_word' id='word_1_543' title='bbox 841 3980 1003 4050; x_wconf 80' lang='grc' dir='ltr'>ἱερεῖς</span> <span class='ocrx_word' id='word_1_544' title='bbox 1024 3996 1082 4032; x_wconf 88' lang='grc' dir='ltr'><strong>τε</strong></span> <span class='ocrx_word' id='word_1_545' title='bbox 1106 3978 1276 4042; x_wconf 77' lang='grc' dir='ltr'>ὄντες,</span> <span class='ocrx_word' id='word_1_546' title='bbox 1304 3979 1400 4032; x_wconf 75' lang='grc' dir='ltr'><strong>καὶ</strong></span> <span class='ocrx_word' id='word_1_547' title='bbox 1422 3979 1575 4034; x_wconf 77' lang='grc' dir='ltr'>αὐτοὶ</span> <span class='ocrx_word' id='word_1_548' title='bbox 1601 3979 1747 4052; x_wconf 88' lang='grc' dir='ltr'>δῶρα</span> <span class='ocrx_word' id='word_1_549' title='bbox 1773 3997 1934 4050; x_wconf 88' lang='grc' dir='ltr'>προσ-</span> 
     </span>
    </p>
   </div>
   <div class='ocr_carea' id='block_1_72' title="bbox 322 4071 1929 4143">
    <p class='ocr_par' dir='ltr' id='par_1_72' title="bbox 322 4071 1929 4143">
     <span class='ocr_line' id='line_1_72' title="bbox 322 4071 1929 4143; baseline 0.001 -18"><span class='ocrx_word' id='word_1_550' title='bbox 322 4073 590 4126; x_wconf 78' lang='grc' dir='ltr'>οίσουσιν</span> <span class='ocrx_word' id='word_1_551' title='bbox 621 4072 701 4134; x_wconf 86' lang='grc' dir='ltr'><strong>είς</strong></span> <span class='ocrx_word' id='word_1_552' title='bbox 741 4072 832 4124; x_wconf 88' lang='grc' dir='ltr'><strong>τὸν</strong></span> <span class='ocrx_word' id='word_1_553' title='bbox 866 4071 991 4125; x_wconf 90' lang='grc' dir='ltr'>ναὸν</span> <span class='ocrx_word' id='word_1_554' title='bbox 1030 4072 1194 4125; x_wconf 83' lang='grc' dir='ltr'>αὐτοῦ</span> <span class='ocrx_word' id='word_1_555' title='bbox 1221 4073 1312 4127; x_wconf 89' lang='grc' dir='ltr'><strong>τὸν</strong></span> <span class='ocrx_word' id='word_1_556' title='bbox 1344 4071 1684 4143; x_wconf 85' lang='grc' dir='ltr'>ἐπουράνιον,</span> <span class='ocrx_word' id='word_1_557' title='bbox 1717 4089 1929 4126; x_wconf 88' lang='grc' dir='ltr'>συνεισ-</span> 
     </span>
    </p>
   </div>
   <div class='ocr_carea' id='block_1_73' title="bbox 322 4163 1931 4239">
    <p class='ocr_par' dir='ltr' id='par_1_73' title="bbox 322 4163 1931 4239">
     <span class='ocr_line' id='line_1_73' title="bbox 322 4163 1931 4239; baseline -0.002 -19"><span class='ocrx_word' id='word_1_558' title='bbox 322 4167 637 4239; x_wconf 85' lang='grc' dir='ltr'>ερχόμενοι</span> <span class='ocrx_word' id='word_1_559' title='bbox 676 4163 754 4235; x_wconf 80' lang='grc' dir='ltr'><strong>τῷ</strong></span> <span class='ocrx_word' id='word_1_560' title='bbox 794 4164 1012 4235; x_wconf 84' lang='grc' dir='ltr'>μεγάλῳ</span> <span class='ocrx_word' id='word_1_561' title='bbox 1042 4166 1305 4238; x_wconf 78' lang='grc' dir='ltr'>ἀρχιερεῖ.</span> <span class='ocrx_word' id='word_1_562' title='bbox 1335 4166 1524 4229; x_wconf 79' lang='grc' dir='ltr'>Ὅπως</span> <span class='ocrx_word' id='word_1_563' title='bbox 1557 4163 1615 4218; x_wconf 86' lang='grc' dir='ltr'>δὲ</span> <span class='ocrx_word' id='word_1_564' title='bbox 1648 4163 1804 4218; x_wconf 87' lang='grc' dir='ltr'>τοῦτο</span> <span class='ocrx_word' id='word_1_565' title='bbox 1836 4164 1931 4233; x_wconf 79' lang='grc' dir='ltr'><strong>γέ-</strong></span> 
     </span>
    </p>
   </div>
   <div class='ocr_carea' id='block_1_74' title="bbox 321 4257 1931 4334">
    <p class='ocr_par' dir='ltr' id='par_1_74' title="bbox 321 4257 1931 4334">
     <span class='ocr_line' id='line_1_74' title="bbox 321 4257 1931 4334; baseline -0.002 -19"><span class='ocrx_word' id='word_1_566' title='bbox 321 4279 493 4334; x_wconf 88' lang='grc' dir='ltr'>νηται</span> <span class='ocrx_word' id='word_1_567' title='bbox 526 4261 628 4313; x_wconf 72' lang='grc' dir='ltr'><strong>καὶ</strong></span> <span class='ocrx_word' id='word_1_568' title='bbox 655 4258 719 4312; x_wconf 78' lang='grc' dir='ltr'>δι’</span> <span class='ocrx_word' id='word_1_569' title='bbox 746 4258 921 4329; x_wconf 75' lang='grc' dir='ltr'>ἔργων</span> <span class='ocrx_word' id='word_1_570' title='bbox 946 4263 1294 4331; x_wconf 80' lang='grc' dir='ltr'>προχωρήσῃ,</span> <span class='ocrx_word' id='word_1_571' title='bbox 1322 4257 1635 4327; x_wconf 81' lang='grc' dir='ltr'>ἀναγκαίως</span> <span class='ocrx_word' id='word_1_572' title='bbox 1660 4257 1931 4327; x_wconf 79' lang='grc' dir='ltr'>ἐπηύξατο</span> 
     </span>
    </p>
   </div>
   <div class='ocr_carea' id='block_1_75' title="bbox 322 4347 1930 4420">
    <p class='ocr_par' dir='ltr' id='par_1_75' title="bbox 322 4347 1930 4420">
     <span class='ocr_line' id='line_1_75' title="bbox 322 4347 1930 4420; baseline -0.004 -13"><span class='ocrx_word' id='word_1_573' title='bbox 322 4353 550 4408; x_wconf 74' lang='grc' dir='ltr'>εἰπών’</span> <span class='ocrx_word' id='word_1_574' title='bbox 588 4369 607 4402; x_wconf 81' lang='grc' dir='ltr'><strong>ι</strong></span> <span class='ocrx_word' id='word_1_575' title='bbox 647 4350 936 4413; x_wconf 87' lang='grc' dir='ltr'>Ἐντειλαι,</span> <span class='ocrx_word' id='word_1_576' title='bbox 966 4351 994 4402; x_wconf 89' lang='lat'><strong>6</strong></span> <span class='ocrx_word' id='word_1_577' title='bbox 1028 4348 1182 4413; x_wconf 89' lang='grc' dir='ltr'>Θεὸς,</span> <span class='ocrx_word' id='word_1_578' title='bbox 1224 4348 1320 4420; x_wconf 82' lang='grc' dir='ltr'><strong>τὴν</strong></span> <span class='ocrx_word' id='word_1_579' title='bbox 1358 4347 1583 4419; x_wconf 90' lang='grc' dir='ltr'>δύναμίν</span> <span class='ocrx_word' id='word_1_580' title='bbox 1617 4364 1732 4412; x_wconf 93' lang='grc' dir='ltr'>σου,</span> <span class='ocrx_word' id='word_1_581' title='bbox 1772 4347 1930 4401; x_wconf 82' lang='grc' dir='ltr'>δυνά-</span> 
     </span>
    </p>
   </div>
   <div class='ocr_carea' id='block_1_76' title="bbox 323 4441 1705 4516">
    <p class='ocr_par' dir='ltr' id='par_1_76' title="bbox 323 4441 1705 4516">
     <span class='ocr_line' id='line_1_76' title="bbox 323 4441 1705 4516; baseline -0.006 -16"><span class='ocrx_word' id='word_1_582' title='bbox 323 4463 530 4516; x_wconf 75' lang='grc' dir='ltr'>μωσον</span> <span class='ocrx_word' id='word_1_583' title='bbox 552 4484 566 4508; x_wconf 95' lang='grc'><strong>,</strong></span> <span class='ocrx_word' id='word_1_584' title='bbox 610 4444 638 4496; x_wconf 87' lang='lat'><strong>6</strong></span> <span class='ocrx_word' id='word_1_585' title='bbox 671 4442 821 4506; x_wconf 84' lang='grc' dir='ltr'>Θεὸς,</span> <span class='ocrx_word' id='word_1_586' title='bbox 854 4443 1011 4496; x_wconf 85' lang='grc' dir='ltr'>τοῦτο</span> <span class='ocrx_word' id='word_1_587' title='bbox 1043 4441 1071 4495; x_wconf 85' lang='grc' dir='ltr'><strong>ὃ</strong></span> <span class='ocrx_word' id='word_1_588' title='bbox 1111 4441 1454 4512; x_wconf 86' lang='grc' dir='ltr'>κατειργάσω</span> <span class='ocrx_word' id='word_1_589' title='bbox 1499 4441 1647 4511; x_wconf 76' lang='grc' dir='ltr'>ἡμῖν.</span> <span class='ocrx_word' id='word_1_590' title='bbox 1686 4459 1705 4493; x_wconf 75' lang='grc' dir='ltr'><strong>ι</strong></span> 
     </span>
    </p>
   </div>
   <div class='ocr_carea' id='block_1_77' title="bbox 408 4528 1931 4607">
    <p class='ocr_par' dir='ltr' id='par_1_77' title="bbox 408 4528 1931 4607">
     <span class='ocr_line' id='line_1_77' title="bbox 408 4528 1931 4607; baseline -0.005 -17"><span class='ocrx_word' id='word_1_591' title='bbox 408 4558 429 4590; x_wconf 79' lang='grc' dir='ltr'><strong>ι</strong></span> <span class='ocrx_word' id='word_1_592' title='bbox 453 4535 645 4591; x_wconf 80' lang='grc' dir='ltr'>Ἐπιτί</span> <span class='ocrx_word' id='word_1_593' title='bbox 651 4546 726 4607; x_wconf 83' lang='grc' dir='ltr'><strong>μη</strong></span> <span class='ocrx_word' id='word_1_594' title='bbox 734 4553 823 4590; x_wconf 91' lang='grc' dir='ltr'><strong>σον</strong></span> <span class='ocrx_word' id='word_1_595' title='bbox 838 4537 950 4599; x_wconf 86' lang='grc' dir='ltr'>τοῖς</span> <span class='ocrx_word' id='word_1_596' title='bbox 968 4533 1176 4607; x_wconf 81' lang='grc' dir='ltr'>θηρίοις</span> <span class='ocrx_word' id='word_1_597' title='bbox 1189 4532 1283 4586; x_wconf 83' lang='grc' dir='ltr'><strong>τοῦ</strong></span> <span class='ocrx_word' id='word_1_598' title='bbox 1302 4532 1569 4603; x_wconf 90' lang='grc' dir='ltr'>καλάμου.</span> <span class='ocrx_word' id='word_1_599' title='bbox 1583 4551 1600 4584; x_wconf 74' lang='grc' dir='ltr'><strong>ι</strong></span> <span class='ocrx_word' id='word_1_600' title='bbox 1612 4533 1782 4584; x_wconf 81' lang='grc' dir='ltr'>Ὣσπε</span> <span class='ocrx_word' id='word_1_601' title='bbox 1789 4548 1820 4602; x_wconf 93' lang='grc' dir='ltr'><strong>ρ</strong></span> <span class='ocrx_word' id='word_1_602' title='bbox 1836 4528 1931 4601; x_wconf 75' lang='grc' dir='ltr'><strong>ηὔ-</strong></span> 
     </span>
    </p>
   </div>
   <div class='ocr_carea' id='block_1_78' title="bbox 322 4622 1930 4700">
    <p class='ocr_par' dir='ltr' id='par_1_78' title="bbox 322 4622 1930 4700">
     <span class='ocr_line' id='line_1_78' title="bbox 322 4622 1930 4700; baseline -0.005 -16"><span class='ocrx_word' id='word_1_603' title='bbox 322 4632 466 4699; x_wconf 81' lang='grc' dir='ltr'>ξατο</span> <span class='ocrx_word' id='word_1_604' title='bbox 487 4629 829 4699; x_wconf 83' lang='grc' dir='ltr'>συνεργῆσαι</span> <span class='ocrx_word' id='word_1_605' title='bbox 841 4632 953 4692; x_wconf 89' lang='grc' dir='ltr'>τοῖς</span> <span class='ocrx_word' id='word_1_606' title='bbox 965 4626 1339 4700; x_wconf 83' lang='grc' dir='ltr'>προλεχθεῖσιν</span> <span class='ocrx_word' id='word_1_607' title='bbox 1351 4623 1535 4678; x_wconf 84' lang='grc' dir='ltr'>εἰπών·</span> <span class='ocrx_word' id='word_1_608' title='bbox 1558 4641 1577 4673; x_wconf 81' lang='grc' dir='ltr'><strong>ι</strong></span> <span class='ocrx_word' id='word_1_609' title='bbox 1592 4622 1879 4681; x_wconf 82' lang='grc' dir='ltr'>Ἐντειλαι,</span> <span class='ocrx_word' id='word_1_610' title='bbox 1902 4625 1930 4676; x_wconf 91' lang='lat'><strong>6</strong></span> 
     </span>
    </p>
   </div>
   <div class='ocr_carea' id='block_1_79' title="bbox 319 4713 1928 4795">
    <p class='ocr_par' dir='ltr' id='par_1_79' title="bbox 319 4713 1928 4795">
     <span class='ocr_line' id='line_1_79' title="bbox 319 4713 1928 4795; baseline -0.008 -17"><span class='ocrx_word' id='word_1_611' title='bbox 319 4725 489 4789; x_wconf 85' lang='grc' dir='ltr'>Θεὸς,</span> <span class='ocrx_word' id='word_1_612' title='bbox 523 4723 629 4795; x_wconf 74' lang='grc' dir='ltr'>τὴν</span> <span class='ocrx_word' id='word_1_613' title='bbox 654 4717 881 4793; x_wconf 88' lang='grc' dir='ltr'>δύναμίν</span> <span class='ocrx_word' id='word_1_614' title='bbox 902 4737 1015 4773; x_wconf 74' lang='grc' dir='ltr'>σουο</span> <span class='ocrx_word' id='word_1_615' title='bbox 1045 4739 1063 4770; x_wconf 73' lang='grc' dir='ltr'><strong>ι</strong></span> <span class='ocrx_word' id='word_1_616' title='bbox 1088 4720 1180 4773; x_wconf 77' lang='grc' dir='ltr'><strong>καὶ</strong></span> <span class='ocrx_word' id='word_1_617' title='bbox 1199 4717 1574 4788; x_wconf 80' lang='grc' dir='ltr'>(Δυνάμωσον,</span> <span class='ocrx_word' id='word_1_618' title='bbox 1592 4713 1785 4780; x_wconf 87' lang='grc' dir='ltr'>όΘεὸς,</span> <span class='ocrx_word' id='word_1_619' title='bbox 1811 4714 1928 4767; x_wconf 88' lang='grc' dir='ltr'>τοῦ-</span> 
     </span>
    </p>
   </div>
   <div class='ocr_carea' id='block_1_80' title="bbox 317 4806 1925 4886">
    <p class='ocr_par' dir='ltr' id='par_1_80' title="bbox 317 4806 1925 4886">
     <span class='ocr_line' id='line_1_80' title="bbox 317 4806 1925 4886; baseline -0.007 -15"><span class='ocrx_word' id='word_1_620' title='bbox 317 4817 431 4871; x_wconf 86' lang='grc' dir='ltr'><strong>τοό</strong></span> <span class='ocrx_word' id='word_1_621' title='bbox 462 4815 822 4886; x_wconf 81' lang='grc' dir='ltr'>κατειργάσω</span> <span class='ocrx_word' id='word_1_622' title='bbox 837 4816 969 4885; x_wconf 82' lang='grc' dir='ltr'>ἡμῖν</span> <span class='ocrx_word' id='word_1_623' title='bbox 988 4829 1002 4844; x_wconf 75' lang='grc' dir='ltr'><strong>ο</strong></span> <span class='ocrx_word' id='word_1_624' title='bbox 1039 4831 1056 4864; x_wconf 71' lang='grc' dir='ltr'><strong>ι</strong></span> <span class='ocrx_word' id='word_1_625' title='bbox 1084 4808 1227 4865; x_wconf 75' lang='grc' dir='ltr'>οὕτω</span> <span class='ocrx_word' id='word_1_626' title='bbox 1243 4811 1403 4864; x_wconf 90' lang='grc' dir='ltr'>πάλιν</span> <span class='ocrx_word' id='word_1_627' title='bbox 1428 4808 1641 4880; x_wconf 78' lang='grc' dir='ltr'>εύχεται</span> <span class='ocrx_word' id='word_1_628' title='bbox 1661 4809 1729 4863; x_wconf 87' lang='grc' dir='ltr'><strong>τὰ</strong></span> <span class='ocrx_word' id='word_1_629' title='bbox 1750 4806 1892 4861; x_wconf 87' lang='grc' dir='ltr'>κωλύ</span> <span class='ocrx_word' id='word_1_630' title='bbox 1910 4839 1925 4847; x_wconf 90' lang='grc'><strong>-</strong></span> 
     </span>
    </p>
   </div>
   <div class='ocr_carea' id='block_1_81' title="bbox 325 4889 1926 4980">
    <p class='ocr_par' dir='ltr' id='par_1_81' title="bbox 325 4889 1926 4980">
     <span class='ocr_line' id='line_1_81' title="bbox 325 4889 1926 4980; baseline -0.007 -17"><span class='ocrx_word' id='word_1_631' title='bbox 325 4925 489 4980; x_wconf 85' lang='grc' dir='ltr'>ματα</span> <span class='ocrx_word' id='word_1_632' title='bbox 520 4904 767 4961; x_wconf 84' lang='grc' dir='ltr'>ἐκποδὼν</span> <span class='ocrx_word' id='word_1_633' title='bbox 795 4904 1026 4978; x_wconf 81' lang='grc' dir='ltr'>ἀρθῆναι</span> <span class='ocrx_word' id='word_1_634' title='bbox 1066 4905 1129 4957; x_wconf 87' lang='grc' dir='ltr'><strong>ἐκ</strong></span> <span class='ocrx_word' id='word_1_635' title='bbox 1175 4901 1361 4973; x_wconf 85' lang='grc' dir='ltr'>μέσου,</span> <span class='ocrx_word' id='word_1_636' title='bbox 1390 4889 1536 4961; x_wconf 81' lang='grc' dir='ltr'>ὅπως</span> <span class='ocrx_word' id='word_1_637' title='bbox 1581 4889 1872 4964; x_wconf 86' lang='grc' dir='ltr'>ἀκωλύτως</span> <span class='ocrx_word' id='word_1_638' title='bbox 1898 4901 1926 4952; x_wconf 91' lang='lat'><strong>6</strong></span> 
     </span>
    </p>
   </div>
   <div class='ocr_carea' id='block_1_82' title="bbox 316 4992 1926 5073">
    <p class='ocr_par' dir='ltr' id='par_1_82' title="bbox 316 4992 1926 5073">
     <span class='ocr_line' id='line_1_82' title="bbox 316 4992 1926 5073; baseline -0.007 -18"><span class='ocrx_word' id='word_1_639' title='bbox 316 5000 498 5071; x_wconf 83' lang='grc' dir='ltr'>λόγος</span> <span class='ocrx_word' id='word_1_640' title='bbox 554 4998 846 5073; x_wconf 82' lang='grc' dir='ltr'>διαδράμῃ.</span> <span class='ocrx_word' id='word_1_641' title='bbox 895 4994 1147 5069; x_wconf 84' lang='grc' dir='ltr'>Συνεώρα</span> <span class='ocrx_word' id='word_1_642' title='bbox 1194 4993 1303 5065; x_wconf 85' lang='grc' dir='ltr'><strong>γὰρ</strong></span> <span class='ocrx_word' id='word_1_643' title='bbox 1345 4997 1410 5065; x_wconf 78' lang='grc' dir='ltr'>τῇ</span> <span class='ocrx_word' id='word_1_644' title='bbox 1454 4992 1756 5065; x_wconf 82' lang='grc' dir='ltr'>προγνώσει</span> <span class='ocrx_word' id='word_1_645' title='bbox 1798 4992 1926 5055; x_wconf 79' lang='grc' dir='ltr'>τοὺς</span> 
     </span>
    </p>
   </div>
   <div class='ocr_carea' id='block_1_83' title="bbox 319 5079 1922 5165">
    <p class='ocr_par' dir='ltr' id='par_1_83' title="bbox 319 5079 1922 5165">
     <span class='ocr_line' id='line_1_83' title="bbox 319 5079 1922 5165; baseline -0.007 -18"><span class='ocrx_word' id='word_1_646' title='bbox 319 5093 639 5165; x_wconf 86' lang='grc' dir='ltr'>μέλλοντας</span> <span class='ocrx_word' id='word_1_647' title='bbox 684 5087 1070 5145; x_wconf 84' lang='grc' dir='ltr'>ἐπανίστασθαι</span> <span class='ocrx_word' id='word_1_648' title='bbox 1111 5086 1189 5158; x_wconf 81' lang='grc' dir='ltr'><strong>τῷ</strong></span> <span class='ocrx_word' id='word_1_649' title='bbox 1233 5085 1569 5157; x_wconf 84' lang='grc' dir='ltr'>εὐαγγελικῷ</span> <span class='ocrx_word' id='word_1_650' title='bbox 1609 5079 1922 5157; x_wconf 83' lang='grc' dir='ltr'>κηρύγματι</span> 
     </span>
    </p>
   </div>
   <div class='ocr_carea' id='block_1_84' title="bbox 312 5171 1923 5261">
    <p class='ocr_par' dir='ltr' id='par_1_84' title="bbox 312 5171 1923 5261">
     <span class='ocr_line' id='line_1_84' title="bbox 312 5171 1923 5261; baseline -0.016 -19"><span class='ocrx_word' id='word_1_651' title='bbox 312 5186 618 5259; x_wconf 78' lang='grc' dir='ltr'>διωγμοὺς</span> <span class='ocrx_word' id='word_1_652' title='bbox 644 5184 738 5261; x_wconf 78' lang='grc' dir='ltr'><strong>καὶ</strong></span> <span class='ocrx_word' id='word_1_653' title='bbox 761 5184 886 5246; x_wconf 81' lang='grc' dir='ltr'>τοὺς</span> <span class='ocrx_word' id='word_1_654' title='bbox 921 5181 1144 5255; x_wconf 76' lang='grc' dir='ltr'>νοητοὺς</span> <span class='ocrx_word' id='word_1_655' title='bbox 1180 5177 1374 5250; x_wconf 82' lang='grc' dir='ltr'>θῆρας,</span> <span class='ocrx_word' id='word_1_656' title='bbox 1403 5171 1477 5232; x_wconf 82' lang='grc' dir='ltr'>ὧν</span> <span class='ocrx_word' id='word_1_657' title='bbox 1502 5173 1698 5249; x_wconf 73' lang='grc' dir='ltr'>ηὔχετο</span> <span class='ocrx_word' id='word_1_658' title='bbox 1725 5178 1923 5250; x_wconf 43' lang='lat' dir='ltr'><strong>{tuae-7‘-</strong></span> 
     </span>
    </p>
   </div>
   <div class='ocr_carea' id='block_1_85' title="bbox 314 5264 1923 5344">
    <p class='ocr_par' dir='ltr' id='par_1_85' title="bbox 314 5264 1923 5344">
     <span class='ocr_line' id='line_1_85' title="bbox 314 5264 1923 5344; baseline -0.008 -13"><span class='ocrx_word' id='word_1_659' title='bbox 314 5295 415 5331; x_wconf 84' lang='grc' dir='ltr'><strong>ναι</strong></span> <span class='ocrx_word' id='word_1_660' title='bbox 451 5278 485 5330; x_wconf 90' lang='lat'><strong>6</strong></span> <span class='ocrx_word' id='word_1_661' title='bbox 508 5274 711 5328; x_wconf 69' lang='grc' dir='ltr'>είπώψ</span> <span class='ocrx_word' id='word_1_662' title='bbox 750 5292 768 5324; x_wconf 83' lang='grc' dir='ltr'><strong>ι</strong></span> <span class='ocrx_word' id='word_1_663' title='bbox 806 5272 898 5344; x_wconf 82' lang='grc' dir='ltr'><strong>Μὴ</strong></span> <span class='ocrx_word' id='word_1_664' title='bbox 932 5269 1188 5343; x_wconf 81' lang='grc' dir='ltr'>παραδῷς</span> <span class='ocrx_word' id='word_1_665' title='bbox 1231 5272 1344 5331; x_wconf 87' lang='grc' dir='ltr'>τοῖς</span> <span class='ocrx_word' id='word_1_666' title='bbox 1388 5266 1594 5338; x_wconf 87' lang='grc' dir='ltr'>θηρίοις</span> <span class='ocrx_word' id='word_1_667' title='bbox 1631 5266 1806 5336; x_wconf 74' lang='grc' dir='ltr'>ψυχάς</span> <span class='ocrx_word' id='word_1_668' title='bbox 1838 5264 1923 5330; x_wconf 81' lang='grc' dir='ltr'><strong>ἐξ·</strong></span> 
     </span>
    </p>
   </div>
   <div class='ocr_carea' id='block_1_86' title="bbox 313 5358 1918 5443">
    <p class='ocr_par' dir='ltr' id='par_1_86' title="bbox 313 5358 1918 5443">
     <span class='ocr_line' id='line_1_86' title="bbox 313 5358 1918 5443; baseline -0.01 -19"><span class='ocrx_word' id='word_1_669' title='bbox 313 5366 785 5443; x_wconf 80' lang='grc' dir='ltr'>ομολογουμὲνας</span> <span class='ocrx_word' id='word_1_670' title='bbox 849 5381 962 5418; x_wconf 90' lang='grc' dir='ltr'>σοι·</span> <span class='ocrx_word' id='word_1_671' title='bbox 1004 5384 1025 5416; x_wconf 83' lang='grc'>›</span> <span class='ocrx_word' id='word_1_672' title='bbox 1062 5360 1224 5435; x_wconf 84' lang='grc' dir='ltr'>θηρία</span> <span class='ocrx_word' id='word_1_673' title='bbox 1267 5362 1325 5415; x_wconf 76' lang='grc' dir='ltr'>δὲ</span> <span class='ocrx_word' id='word_1_674' title='bbox 1353 5358 1626 5429; x_wconf 56' lang='grc' dir='ltr'>,καλάμου</span> <span class='ocrx_word' id='word_1_675' title='bbox 1678 5358 1918 5428; x_wconf 80' lang='grc' dir='ltr'>νοήσεις,</span> 
     </span>
    </p>
   </div>
   <div class='ocr_carea' id='block_1_87' title="bbox 317 5448 1915 5537">
    <p class='ocr_par' dir='ltr' id='par_1_87' title="bbox 317 5448 1915 5537">
     <span class='ocr_line' id='line_1_87' title="bbox 317 5448 1915 5537; baseline -0.011 -20"><span class='ocrx_word' id='word_1_676' title='bbox 317 5460 537 5537; x_wconf 80' lang='grc' dir='ltr'>μαθὼν</span> <span class='ocrx_word' id='word_1_677' title='bbox 567 5458 673 5513; x_wconf 73' lang='grc' dir='ltr'><strong>ἀπὸ</strong></span> <span class='ocrx_word' id='word_1_678' title='bbox 699 5459 790 5513; x_wconf 87' lang='grc' dir='ltr'><strong>τοῦ</strong></span> <span class='ocrx_word' id='word_1_679' title='bbox 829 5457 949 5511; x_wconf 79' lang='grc' dir='ltr'><strong>’1ὼὸ</strong></span> <span class='ocrx_word' id='word_1_680' title='bbox 979 5458 1127 5519; x_wconf 85' lang='grc' dir='ltr'>ὅπως</span> <span class='ocrx_word' id='word_1_681' title='bbox 1151 5456 1363 5527; x_wconf 75' lang='grc' dir='ltr'>εἴρηται</span> <span class='ocrx_word' id='word_1_682' title='bbox 1395 5451 1500 5506; x_wconf 84' lang='grc' dir='ltr'>ὑπὸ</span> <span class='ocrx_word' id='word_1_683' title='bbox 1525 5450 1619 5503; x_wconf 86' lang='grc' dir='ltr'><strong>τοῦ</strong></span> <span class='ocrx_word' id='word_1_684' title='bbox 1640 5448 1882 5502; x_wconf 74' lang='grc' dir='ltr'>διαϐόλου</span> <span class='ocrx_word' id='word_1_685' title='bbox 1903 5463 1915 5478; x_wconf 91' lang='grc'><strong>·</strong></span> 
     </span>
    </p>
   </div>
   <div class='ocr_carea' id='block_1_88' title="bbox 317 5539 1920 5621">
    <p class='ocr_par' dir='ltr' id='par_1_88' title="bbox 317 5539 1920 5621">
     <span class='ocr_line' id='line_1_88' title="bbox 317 5539 1920 5621; baseline -0.013 -9"><span class='ocrx_word' id='word_1_686' title='bbox 317 5576 338 5611; x_wconf 78' lang='grc' dir='ltr'><strong>ι</strong></span> <span class='ocrx_word' id='word_1_687' title='bbox 398 5552 563 5612; x_wconf 76' lang='grc' dir='ltr'>Ὑπὸ</span> <span class='ocrx_word' id='word_1_688' title='bbox 589 5551 901 5606; x_wconf 80' lang='grc' dir='ltr'>παντοδαπά</span> <span class='ocrx_word' id='word_1_689' title='bbox 944 5549 1134 5621; x_wconf 79' lang='grc' dir='ltr'>δένδρα</span> <span class='ocrx_word' id='word_1_690' title='bbox 1182 5547 1460 5619; x_wconf 83' lang='grc' dir='ltr'>κοιμᾶται,</span> <span class='ocrx_word' id='word_1_691' title='bbox 1494 5540 1643 5596; x_wconf 74' lang='grc' dir='ltr'>παοὰ</span> <span class='ocrx_word' id='word_1_692' title='bbox 1671 5539 1920 5593; x_wconf 90' lang='grc' dir='ltr'>πάπυοον</span> 
     </span>
    </p>
   </div>
   <div class='ocr_carea' id='block_1_89' title="bbox 2042 3142 3602 3214">
    <p class='ocr_par' dir='ltr' id='par_1_89' title="bbox 2042 3142 3602 3214">
     <span class='ocr_line' id='line_1_89' title="bbox 2042 3142 3602 3214; baseline 0.003 -18"><span class='ocrx_word' id='word_1_693' title='bbox 2042 3142 2135 3199; x_wconf 91' lang='lat' dir='ltr'><strong>Dei</strong></span> <span class='ocrx_word' id='word_1_694' title='bbox 2183 3145 2401 3200; x_wconf 86' lang='lat' dir='ltr'><strong>civitate</strong></span> <span class='ocrx_word' id='word_1_695' title='bbox 2453 3145 2823 3214; x_wconf 63' lang='lat' dir='ltr'><strong>praestantius,</strong></span> <span class='ocrx_word' id='word_1_696' title='bbox 2870 3145 3162 3201; x_wconf 89' lang='lat' dir='ltr'><strong>sublimius</strong></span> <span class='ocrx_word' id='word_1_697' title='bbox 3199 3153 3255 3201; x_wconf 88' lang='lat' dir='ltr'><strong>et</strong></span> <span class='ocrx_word' id='word_1_698' title='bbox 3294 3146 3491 3202; x_wconf 88' lang='lat' dir='ltr'><strong>melius</strong></span> <span class='ocrx_word' id='word_1_699' title='bbox 3514 3145 3602 3200; x_wconf 75' lang='lat' dir='ltr'><strong>hc.-</strong></span> 
     </span>
    </p>
   </div>
   <div class='ocr_carea' id='block_1_90' title="bbox 2038 3235 3610 3310">
    <p class='ocr_par' dir='ltr' id='par_1_90' title="bbox 2038 3235 3610 3310">
     <span class='ocr_line' id='line_1_90' title="bbox 2038 3235 3610 3310; baseline 0.002 -19"><span class='ocrx_word' id='word_1_700' title='bbox 2038 3235 2217 3299; x_wconf 85' lang='lat' dir='ltr'><strong>betur,</strong></span> <span class='ocrx_word' id='word_1_701' title='bbox 2250 3238 2509 3306; x_wconf 89' lang='lat' dir='ltr'><strong>templum</strong></span> <span class='ocrx_word' id='word_1_702' title='bbox 2554 3236 2647 3292; x_wconf 87' lang='lat' dir='ltr'><strong>Dei</strong></span> <span class='ocrx_word' id='word_1_703' title='bbox 2676 3247 2780 3292; x_wconf 89' lang='lat' dir='ltr'><strong>est.</strong></span> <span class='ocrx_word' id='word_1_704' title='bbox 2824 3239 2885 3291; x_wconf 77' lang='lat' dir='ltr'><strong>in</strong></span> <span class='ocrx_word' id='word_1_705' title='bbox 2909 3237 3012 3292; x_wconf 89' lang='lat' dir='ltr'><strong>hoc</strong></span> <span class='ocrx_word' id='word_1_706' title='bbox 3038 3238 3242 3309; x_wconf 90' lang='lat' dir='ltr'><strong>templo</strong></span> <span class='ocrx_word' id='word_1_707' title='bbox 3263 3247 3379 3305; x_wconf 90' lang='lat' dir='ltr'><strong>tuo,</strong></span> <span class='ocrx_word' id='word_1_708' title='bbox 3409 3238 3610 3310; x_wconf 86' lang='lat' dir='ltr'><strong>inquit,</strong></span> 
     </span>
    </p>
   </div>
   <div class='ocr_carea' id='block_1_91' title="bbox 2040 3327 3612 3400">
    <p class='ocr_par' dir='ltr' id='par_1_91' title="bbox 2040 3327 3612 3400">
     <span class='ocr_line' id='line_1_91' title="bbox 2040 3327 3612 3400; baseline 0.003 -19"><span class='ocrx_word' id='word_1_709' title='bbox 2040 3328 2136 3382; x_wconf 89' lang='lat' dir='ltr'><strong>tibi</strong></span> <span class='ocrx_word' id='word_1_710' title='bbox 2199 3327 2427 3384; x_wconf 83' lang='lat' dir='ltr'><strong>oll‘erent</strong></span> <span class='ocrx_word' id='word_1_711' title='bbox 2478 3344 2634 3399; x_wconf 82' lang='lat' dir='ltr'><strong>reges</strong></span> <span class='ocrx_word' id='word_1_712' title='bbox 2714 3331 3104 3400; x_wconf 79' lang='lat' dir='ltr'><strong>munerazqui</strong></span> <span class='ocrx_word' id='word_1_713' title='bbox 3171 3330 3386 3385; x_wconf 87' lang='lat' dir='ltr'><strong>scilicet</strong></span> <span class='ocrx_word' id='word_1_714' title='bbox 3447 3330 3612 3385; x_wconf 87' lang='lat' dir='ltr'><strong>aliam</strong></span> 
     </span>
    </p>
   </div>
   <div class='ocr_carea' id='block_1_92' title="bbox 2038 3418 3608 3490">
    <p class='ocr_par' dir='ltr' id='par_1_92' title="bbox 2038 3418 3608 3490">
     <span class='ocr_line' id='line_1_92' title="bbox 2038 3418 3608 3490; baseline 0.001 -18"><span class='ocrx_word' id='word_1_715' title='bbox 2038 3418 2187 3472; x_wconf 90' lang='lat' dir='ltr'><strong>illam</strong></span> <span class='ocrx_word' id='word_1_716' title='bbox 2240 3418 2515 3473; x_wconf 89' lang='lat' dir='ltr'><strong>civitatem</strong></span> <span class='ocrx_word' id='word_1_717' title='bbox 2573 3419 2852 3474; x_wconf 82' lang='lat' dir='ltr'><strong>caelestem</strong></span> <span class='ocrx_word' id='word_1_718' title='bbox 2912 3419 3200 3483; x_wconf 90' lang='lat' dir='ltr'><strong>incolunt,</strong></span> <span class='ocrx_word' id='word_1_719' title='bbox 3252 3434 3381 3474; x_wconf 87' lang='lat' dir='ltr'><strong>vere</strong></span> <span class='ocrx_word' id='word_1_720' title='bbox 3428 3434 3608 3490; x_wconf 76' lang='lat' dir='ltr'><strong>reges.</strong></span> 
     </span>
    </p>
   </div>
   <div class='ocr_carea' id='block_1_93' title="bbox 2035 3510 3612 3582">
    <p class='ocr_par' dir='ltr' id='par_1_93' title="bbox 2035 3510 3612 3582">
     <span class='ocr_line' id='line_1_93' title="bbox 2035 3510 3612 3582; baseline 0.001 -18"><span class='ocrx_word' id='word_1_721' title='bbox 2035 3510 2164 3581; x_wconf 88' lang='lat' dir='ltr'><strong>quia</strong></span> <span class='ocrx_word' id='word_1_722' title='bbox 2237 3526 2407 3581; x_wconf 82' lang='lat' dir='ltr'><strong>regno</strong></span> <span class='ocrx_word' id='word_1_723' title='bbox 2484 3511 2746 3565; x_wconf 66' lang='lat' dir='ltr'><strong>caelorum</strong></span> <span class='ocrx_word' id='word_1_724' title='bbox 2828 3511 3035 3581; x_wconf 84' lang='lat' dir='ltr'><strong>dignati</strong></span> <span class='ocrx_word' id='word_1_725' title='bbox 3126 3518 3302 3577; x_wconf 90' lang='lat' dir='ltr'><strong>sunt;</strong></span> <span class='ocrx_word' id='word_1_726' title='bbox 3380 3510 3612 3582; x_wconf 83' lang='lat' dir='ltr'><strong>ideoque</strong></span> 
     </span>
    </p>
   </div>
   <div class='ocr_carea' id='block_1_94' title="bbox 2036 3602 3613 3675">
    <p class='ocr_par' dir='ltr' id='par_1_94' title="bbox 2036 3602 3613 3675">
     <span class='ocr_line' id='line_1_94' title="bbox 2036 3602 3613 3675; baseline 0.001 -17"><span class='ocrx_word' id='word_1_727' title='bbox 2036 3619 2142 3659; x_wconf 87' lang='lat' dir='ltr'><strong>una</strong></span> <span class='ocrx_word' id='word_1_728' title='bbox 2204 3618 2329 3659; x_wconf 90' lang='lat' dir='ltr'><strong>cum</strong></span> <span class='ocrx_word' id='word_1_729' title='bbox 2405 3603 2634 3659; x_wconf 89' lang='lat' dir='ltr'><strong>Domino</strong></span> <span class='ocrx_word' id='word_1_730' title='bbox 2688 3618 2791 3659; x_wconf 90' lang='lat' dir='ltr'><strong>suo</strong></span> <span class='ocrx_word' id='word_1_731' title='bbox 2848 3612 3098 3675; x_wconf 77' lang='lat' dir='ltr'><strong>regnant.</strong></span> <span class='ocrx_word' id='word_1_732' title='bbox 3139 3622 3157 3655; x_wconf 85' lang='grc' dir='ltr'><strong>ι</strong></span> <span class='ocrx_word' id='word_1_733' title='bbox 3193 3602 3329 3657; x_wconf 86' lang='lat' dir='ltr'><strong>Nam</strong></span> <span class='ocrx_word' id='word_1_734' title='bbox 3372 3603 3420 3659; x_wconf 88' lang='lat' dir='ltr'><strong>si</strong></span> <span class='ocrx_word' id='word_1_735' title='bbox 3460 3618 3613 3659; x_wconf 67' lang='lat' dir='ltr'><strong>com~</strong></span> 
     </span>
    </p>
   </div>
   <div class='ocr_carea' id='block_1_95' title="bbox 2033 3697 3610 3764">
    <p class='ocr_par' dir='ltr' id='par_1_95' title="bbox 2033 3697 3610 3764">
     <span class='ocr_line' id='line_1_95' title="bbox 2033 3697 3610 3764; baseline 0.002 -13"><span class='ocrx_word' id='word_1_736' title='bbox 2033 3697 2236 3752; x_wconf 88' lang='lat' dir='ltr'><strong>mortui</strong></span> <span class='ocrx_word' id='word_1_737' title='bbox 2265 3713 2490 3764; x_wconf 90' lang='lat' dir='ltr'><strong>sumus,</strong></span> <span class='ocrx_word' id='word_1_738' title='bbox 2544 3705 2599 3752; x_wconf 91' lang='lat' dir='ltr'><strong>et</strong></span> <span class='ocrx_word' id='word_1_739' title='bbox 2646 3698 3017 3763; x_wconf 85' lang='lat' dir='ltr'><strong>convivemus,</strong></span> <span class='ocrx_word' id='word_1_740' title='bbox 3078 3705 3133 3752; x_wconf 91' lang='lat' dir='ltr'><strong>et</strong></span> <span class='ocrx_word' id='word_1_741' title='bbox 3166 3697 3213 3752; x_wconf 89' lang='lat' dir='ltr'><strong>si</strong></span> <span class='ocrx_word' id='word_1_742' title='bbox 3272 3697 3610 3754; x_wconf 84' lang='lat' dir='ltr'><strong>sustinemus</strong></span> 
     </span>
    </p>
   </div>
   <div class='ocr_carea' id='block_1_96' title="bbox 2033 3784 3612 3857">
    <p class='ocr_par' dir='ltr' id='par_1_96' title="bbox 2033 3784 3612 3857">
     <span class='ocr_line' id='line_1_96' title="bbox 2033 3784 3612 3857; baseline -0.001 -17"><span class='ocrx_word' id='word_1_743' title='bbox 2033 3785 2203 3842; x_wconf 91' lang='lat' dir='ltr'><strong>Deum</strong></span> <span class='ocrx_word' id='word_1_744' title='bbox 2255 3797 2308 3842; x_wconf 89' lang='lat' dir='ltr'><strong>et</strong></span> <span class='ocrx_word' id='word_1_745' title='bbox 2359 3786 2906 3857; x_wconf 78' lang='lat' dir='ltr'><strong>conregnabimus”.</strong></span> <span class='ocrx_word' id='word_1_746' title='bbox 2944 3805 2962 3838; x_wconf 71' lang='grc' dir='ltr'><strong>ι</strong></span> <span class='ocrx_word' id='word_1_747' title='bbox 3004 3784 3066 3839; x_wconf 90' lang='lat' dir='ltr'><strong>lli</strong></span> <span class='ocrx_word' id='word_1_748' title='bbox 3103 3785 3285 3855; x_wconf 86' lang='lat' dir='ltr'><strong>itaque</strong></span> <span class='ocrx_word' id='word_1_749' title='bbox 3310 3799 3486 3854; x_wconf 76' lang='lat' dir='ltr'><strong>reges,</strong></span> <span class='ocrx_word' id='word_1_750' title='bbox 3523 3796 3612 3838; x_wconf 82' lang='lat' dir='ltr'><strong>ut-</strong></span> 
     </span>
    </p>
   </div>
   <div class='ocr_carea' id='block_1_97' title="bbox 2033 3873 3619 3949">
    <p class='ocr_par' dir='ltr' id='par_1_97' title="bbox 2033 3873 3619 3949">
     <span class='ocr_line' id='line_1_97' title="bbox 2033 3873 3619 3949; baseline -0.002 -16"><span class='ocrx_word' id='word_1_751' title='bbox 2033 3888 2156 3947; x_wconf 91' lang='lat' dir='ltr'><strong>pote</strong></span> <span class='ocrx_word' id='word_1_752' title='bbox 2184 3878 2276 3948; x_wconf 89' lang='lat' dir='ltr'><strong>qui</strong></span> <span class='ocrx_word' id='word_1_753' title='bbox 2306 3880 2407 3935; x_wconf 86' lang='lat' dir='ltr'><strong>sub</strong></span> <span class='ocrx_word' id='word_1_754' title='bbox 2441 3894 2638 3949; x_wconf 78' lang='lat' dir='ltr'><strong>magno</strong></span> <span class='ocrx_word' id='word_1_755' title='bbox 2664 3878 3008 3934; x_wconf 88' lang='lat' dir='ltr'><strong>sacerdotum</strong></span> <span class='ocrx_word' id='word_1_756' title='bbox 3044 3877 3290 3947; x_wconf 86' lang='lat' dir='ltr'><strong>principe</strong></span> <span class='ocrx_word' id='word_1_757' title='bbox 3316 3873 3619 3946; x_wconf 28' lang='lat' dir='ltr'><strong>Unigenito‘</strong></span> 
     </span>
    </p>
   </div>
   <div class='ocr_carea' id='block_1_98' title="bbox 2032 3968 3610 4036">
    <p class='ocr_par' dir='ltr' id='par_1_98' title="bbox 2032 3968 3610 4036">
     <span class='ocr_line' id='line_1_98' title="bbox 2032 3968 3610 4036; baseline -0.001 -14"><span class='ocrx_word' id='word_1_758' title='bbox 2032 3968 2129 4025; x_wconf 87' lang='lat' dir='ltr'><strong>Dei</strong></span> <span class='ocrx_word' id='word_1_759' title='bbox 2159 3972 2522 4026; x_wconf 91' lang='lat' dir='ltr'><strong>ministerium</strong></span> <span class='ocrx_word' id='word_1_760' title='bbox 2548 3972 2766 4036; x_wconf 87' lang='lat' dir='ltr'><strong>obeant,</strong></span> <span class='ocrx_word' id='word_1_761' title='bbox 2794 3979 2849 4025; x_wconf 92' lang='lat' dir='ltr'><strong>et</strong></span> <span class='ocrx_word' id='word_1_762' title='bbox 2879 3968 3195 4024; x_wconf 84' lang='lat' dir='ltr'><strong>sacerdotes</strong></span> <span class='ocrx_word' id='word_1_763' title='bbox 3216 3968 3350 4030; x_wconf 88' lang='lat' dir='ltr'><strong>sint,</strong></span> <span class='ocrx_word' id='word_1_764' title='bbox 3382 3981 3610 4022; x_wconf 86' lang='lat' dir='ltr'><strong>munera</strong></span> 
     </span>
    </p>
   </div>
   <div class='ocr_carea' id='block_1_99' title="bbox 2031 4058 3608 4131">
    <p class='ocr_par' dir='ltr' id='par_1_99' title="bbox 2031 4058 3608 4131">
     <span class='ocr_line' id='line_1_99' title="bbox 2031 4058 3608 4131; baseline -0.004 -16"><span class='ocrx_word' id='word_1_765' title='bbox 2031 4068 2085 4116; x_wconf 89' lang='lat' dir='ltr'><strong>et</strong></span> <span class='ocrx_word' id='word_1_766' title='bbox 2118 4060 2221 4131; x_wconf 90' lang='lat' dir='ltr'><strong>ipsi</strong></span> <span class='ocrx_word' id='word_1_767' title='bbox 2250 4060 2305 4114; x_wconf 93' lang='lat' dir='ltr'><strong>in</strong></span> <span class='ocrx_word' id='word_1_768' title='bbox 2336 4060 2595 4130; x_wconf 81' lang='lat' dir='ltr'><strong>templum</strong></span> <span class='ocrx_word' id='word_1_769' title='bbox 2644 4061 2762 4129; x_wconf 85' lang='lat' dir='ltr'><strong>ejus</strong></span> <span class='ocrx_word' id='word_1_770' title='bbox 2792 4059 3013 4114; x_wconf 65' lang='lat' dir='ltr'><strong>caeleste</strong></span> <span class='ocrx_word' id='word_1_771' title='bbox 3052 4058 3302 4120; x_wconf 86' lang='lat' dir='ltr'><strong>aII&#39;erent,</strong></span> <span class='ocrx_word' id='word_1_772' title='bbox 3327 4071 3435 4111; x_wconf 89' lang='lat' dir='ltr'><strong>uua</strong></span> <span class='ocrx_word' id='word_1_773' title='bbox 3480 4069 3608 4110; x_wconf 87' lang='lat' dir='ltr'><strong>cum</strong></span> 
     </span>
    </p>
   </div>
   <div class='ocr_carea' id='block_1_100' title="bbox 2031 4147 3607 4224">
    <p class='ocr_par' dir='ltr' id='par_1_100' title="bbox 2031 4147 3607 4224">
     <span class='ocr_line' id='line_1_100' title="bbox 2031 4147 3607 4224; baseline -0.003 -18"><span class='ocrx_word' id='word_1_774' title='bbox 2031 4167 2231 4224; x_wconf 81' lang='lat' dir='ltr'><strong>magno</strong></span> <span class='ocrx_word' id='word_1_775' title='bbox 2260 4151 2607 4207; x_wconf 88' lang='lat' dir='ltr'><strong>sacerdotum</strong></span> <span class='ocrx_word' id='word_1_776' title='bbox 2637 4151 2885 4221; x_wconf 88' lang='lat' dir='ltr'><strong>principe</strong></span> <span class='ocrx_word' id='word_1_777' title='bbox 2935 4151 3295 4207; x_wconf 85' lang='lat' dir='ltr'><strong>introeuntes.</strong></span> <span class='ocrx_word' id='word_1_778' title='bbox 3328 4147 3398 4204; x_wconf 88' lang='lat' dir='ltr'><strong>Ut</strong></span> <span class='ocrx_word' id='word_1_779' title='bbox 3424 4159 3607 4204; x_wconf 89' lang='lat' dir='ltr'><strong>autem</strong></span> 
     </span>
    </p>
   </div>
   <div class='ocr_carea' id='block_1_101' title="bbox 2034 4238 3610 4312">
    <p class='ocr_par' dir='ltr' id='par_1_101' title="bbox 2034 4238 3610 4312">
     <span class='ocr_line' id='line_1_101' title="bbox 2034 4238 3610 4312; baseline -0.004 -15"><span class='ocrx_word' id='word_1_780' title='bbox 2034 4245 2135 4299; x_wconf 90' lang='lat' dir='ltr'><strong>hoc</strong></span> <span class='ocrx_word' id='word_1_781' title='bbox 2162 4245 2256 4297; x_wconf 75' lang='lat' dir='ltr'><strong>ttat</strong></span> <span class='ocrx_word' id='word_1_782' title='bbox 2282 4250 2337 4297; x_wconf 91' lang='lat' dir='ltr'><strong>et</strong></span> <span class='ocrx_word' id='word_1_783' title='bbox 2362 4257 2526 4312; x_wconf 88' lang='lat' dir='ltr'><strong>opere</strong></span> <span class='ocrx_word' id='word_1_784' title='bbox 2556 4242 2917 4312; x_wconf 90' lang='lat' dir='ltr'><strong>compleatur.</strong></span> <span class='ocrx_word' id='word_1_785' title='bbox 2954 4240 3272 4297; x_wconf 73' lang='lat' dir='ltr'><strong>neceSsario</strong></span> <span class='ocrx_word' id='word_1_786' title='bbox 3305 4238 3387 4294; x_wconf 91' lang='lat' dir='ltr'><strong>sic</strong></span> <span class='ocrx_word' id='word_1_787' title='bbox 3414 4252 3610 4308; x_wconf 79' lang='lat' dir='ltr'><strong>preca—</strong></span> 
     </span>
    </p>
   </div>
   <div class='ocr_carea' id='block_1_102' title="bbox 2032 4326 3604 4396">
    <p class='ocr_par' dir='ltr' id='par_1_102' title="bbox 2032 4326 3604 4396">
     <span class='ocr_line' id='line_1_102' title="bbox 2032 4326 3604 4396; baseline -0.004 -10"><span class='ocrx_word' id='word_1_788' title='bbox 2032 4340 2119 4388; x_wconf 92' lang='lat' dir='ltr'><strong>tus</strong></span> <span class='ocrx_word' id='word_1_789' title='bbox 2143 4341 2228 4388; x_wconf 89' lang='lat' dir='ltr'><strong>est</strong></span> <span class='ocrx_word' id='word_1_790' title='bbox 2256 4350 2270 4387; x_wconf 89' lang='lat'><strong>:</strong></span> <span class='ocrx_word' id='word_1_791' title='bbox 2308 4349 2327 4383; x_wconf 82' lang='grc' dir='ltr'><strong>ι</strong></span> <span class='ocrx_word' id='word_1_792' title='bbox 2360 4330 2578 4396; x_wconf 80' lang='lat' dir='ltr'><strong>Manda,</strong></span> <span class='ocrx_word' id='word_1_793' title='bbox 2610 4329 2774 4396; x_wconf 87' lang='lat' dir='ltr'><strong>Deus,</strong></span> <span class='ocrx_word' id='word_1_794' title='bbox 2810 4329 3001 4385; x_wconf 88' lang='lat' dir='ltr'><strong>virtuti</strong></span> <span class='ocrx_word' id='word_1_795' title='bbox 3022 4337 3129 4383; x_wconf 64' lang='lat' dir='ltr'><strong>ture</strong></span> <span class='ocrx_word' id='word_1_796' title='bbox 3149 4346 3164 4387; x_wconf 84' lang='lat'><strong>;</strong></span> <span class='ocrx_word' id='word_1_797' title='bbox 3185 4328 3447 4382; x_wconf 79' lang='lat' dir='ltr'><strong>conﬁrma</strong></span> <span class='ocrx_word' id='word_1_798' title='bbox 3476 4326 3604 4392; x_wconf 88' lang='lat' dir='ltr'><strong>hoc,</strong></span> 
     </span>
    </p>
   </div>
   <div class='ocr_carea' id='block_1_103' title="bbox 1962 4408 3100 4493">
    <p class='ocr_par' dir='ltr' id='par_1_103' title="bbox 1962 4408 3100 4493">
     <span class='ocr_line' id='line_1_103' title="bbox 1962 4408 3100 4493; baseline -0.005 -14"><span class='ocrx_word' id='word_1_799' title='bbox 1962 4408 2007 4466; x_wconf 80' lang='grc' dir='ltr'><strong>Ῐ)</strong></span> <span class='ocrx_word' id='word_1_800' title='bbox 2034 4425 2198 4491; x_wconf 90' lang='lat' dir='ltr'><strong>Deus,</strong></span> <span class='ocrx_word' id='word_1_801' title='bbox 2230 4423 2377 4493; x_wconf 90' lang='lat' dir='ltr'><strong>quod</strong></span> <span class='ocrx_word' id='word_1_802' title='bbox 2409 4430 2667 4491; x_wconf 79' lang='lat' dir='ltr'><strong>Operatus</strong></span> <span class='ocrx_word' id='word_1_803' title='bbox 2693 4438 2754 4477; x_wconf 89' lang='lat' dir='ltr'><strong>es</strong></span> <span class='ocrx_word' id='word_1_804' title='bbox 2784 4421 2837 4475; x_wconf 94' lang='lat' dir='ltr'><strong>in</strong></span> <span class='ocrx_word' id='word_1_805' title='bbox 2863 4419 3044 4474; x_wconf 89' lang='lat' dir='ltr'><strong>nobis.</strong></span> <span class='ocrx_word' id='word_1_806' title='bbox 3081 4438 3100 4481; x_wconf 67' lang='grc' dir='ltr'><strong><em>ρ</em></strong></span> 
     </span>
    </p>
   </div>
   <div class='ocr_carea' id='block_1_104' title="bbox 2104 4508 3607 4589">
    <p class='ocr_par' dir='ltr' id='par_1_104' title="bbox 2104 4508 3607 4589">
     <span class='ocr_line' id='line_1_104' title="bbox 2104 4508 3607 4589; baseline -0.003 -19"><span class='ocrx_word' id='word_1_807' title='bbox 2104 4514 2272 4571; x_wconf 70' lang='lat' dir='ltr'><strong>Vsus.</strong></span> <span class='ocrx_word' id='word_1_808' title='bbox 2304 4515 2491 4568; x_wconf 19' lang='lat'><strong>51755.</strong></span> <span class='ocrx_word' id='word_1_809' title='bbox 2537 4531 2556 4564; x_wconf 83' lang='grc' dir='ltr'><strong>ι</strong></span> <span class='ocrx_word' id='word_1_810' title='bbox 2596 4512 2818 4589; x_wconf 83' lang='lat' dir='ltr'><strong>Increpa</strong></span> <span class='ocrx_word' id='word_1_811' title='bbox 2854 4509 2997 4566; x_wconf 78' lang='lat' dir='ltr'><strong>feras</strong></span> <span class='ocrx_word' id='word_1_812' title='bbox 3025 4509 3334 4565; x_wconf 90' lang='lat' dir='ltr'><strong>arundinis.</strong></span> <span class='ocrx_word' id='word_1_813' title='bbox 3365 4529 3383 4561; x_wconf 78' lang='grc' dir='ltr'><strong>ι</strong></span> <span class='ocrx_word' id='word_1_814' title='bbox 3404 4508 3607 4589; x_wconf 70' lang='grc' dir='ltr'>ρυοωτ</span> 
     </span>
    </p>
   </div>
   <div class='ocr_carea' id='block_1_105' title="bbox 2031 4588 3608 4678">
    <p class='ocr_par' dir='ltr' id='par_1_105' title="bbox 2031 4588 3608 4678">
     <span class='ocr_line' id='line_1_105' title="bbox 2031 4588 3608 4678; baseline -0.003 -16"><span class='ocrx_word' id='word_1_815' title='bbox 2031 4606 2324 4662; x_wconf 88' lang='lat' dir='ltr'><strong>admodum</strong></span> <span class='ocrx_word' id='word_1_816' title='bbox 2367 4616 2622 4675; x_wconf 89' lang='lat' dir='ltr'><strong>precatus</strong></span> <span class='ocrx_word' id='word_1_817' title='bbox 2671 4588 2870 4668; x_wconf 73' lang='lat' dir='ltr'><strong>fuerat,</strong></span> <span class='ocrx_word' id='word_1_818' title='bbox 2910 4611 2968 4657; x_wconf 94' lang='lat' dir='ltr'><strong>ut</strong></span> <span class='ocrx_word' id='word_1_819' title='bbox 3016 4601 3307 4672; x_wconf 66' lang='lat' dir='ltr'><strong>praedictos</strong></span> <span class='ocrx_word' id='word_1_820' title='bbox 3354 4588 3608 4678; x_wconf 66' lang='lat' dir='ltr'><strong>homines</strong></span> 
     </span>
    </p>
   </div>
   <div class='ocr_carea' id='block_1_106' title="bbox 2031 4682 3598 4772">
    <p class='ocr_par' dir='ltr' id='par_1_106' title="bbox 2031 4682 3598 4772">
     <span class='ocr_line' id='line_1_106' title="bbox 2031 4682 3598 4772; baseline -0.008 -16"><span class='ocrx_word' id='word_1_821' title='bbox 2031 4701 2315 4772; x_wconf 85' lang='lat' dir='ltr'><strong>adjuvaret</strong></span> <span class='ocrx_word' id='word_1_822' title='bbox 2346 4682 2536 4755; x_wconf 85' lang='lat' dir='ltr'><strong>dicens</strong></span> <span class='ocrx_word' id='word_1_823' title='bbox 2582 4718 2593 4752; x_wconf 89' lang='lat'>:</span> <span class='ocrx_word' id='word_1_824' title='bbox 2651 4684 2913 4758; x_wconf 70' lang='lat' dir='ltr'><strong>«Munda,</strong></span> <span class='ocrx_word' id='word_1_825' title='bbox 2961 4695 3125 4759; x_wconf 85' lang='lat' dir='ltr'><strong>Deus,</strong></span> <span class='ocrx_word' id='word_1_826' title='bbox 3154 4694 3347 4749; x_wconf 90' lang='lat' dir='ltr'><strong>virtuti</strong></span> <span class='ocrx_word' id='word_1_827' title='bbox 3403 4702 3546 4759; x_wconf 69' lang='lat' dir='ltr'><strong>tuas;</strong></span> <span class='ocrx_word' id='word_1_828' title='bbox 3578 4712 3598 4744; x_wconf 76' lang='grc' dir='ltr'><strong>ι</strong></span> 
     </span>
    </p>
   </div>
   <div class='ocr_carea' id='block_1_107' title="bbox 2030 4786 3605 4858">
    <p class='ocr_par' dir='ltr' id='par_1_107' title="bbox 2030 4786 3605 4858">
     <span class='ocr_line' id='line_1_107' title="bbox 2030 4786 3605 4858; baseline -0.006 -7"><span class='ocrx_word' id='word_1_829' title='bbox 2030 4802 2121 4857; x_wconf 89' lang='lat' dir='ltr'><strong>et,</strong></span> <span class='ocrx_word' id='word_1_830' title='bbox 2158 4813 2176 4846; x_wconf 82' lang='grc' dir='ltr'><strong>ι</strong></span> <span class='ocrx_word' id='word_1_831' title='bbox 2198 4792 2477 4848; x_wconf 85' lang='lat' dir='ltr'><strong>Contirma</strong></span> <span class='ocrx_word' id='word_1_832' title='bbox 2502 4791 2627 4855; x_wconf 86' lang='lat' dir='ltr'><strong>hoc,</strong></span> <span class='ocrx_word' id='word_1_833' title='bbox 2658 4789 2825 4850; x_wconf 84' lang='lat' dir='ltr'><strong>Deus.</strong></span> <span class='ocrx_word' id='word_1_834' title='bbox 2856 4787 3001 4858; x_wconf 87' lang='lat' dir='ltr'><strong>quod</strong></span> <span class='ocrx_word' id='word_1_835' title='bbox 3030 4794 3289 4858; x_wconf 79' lang='lat' dir='ltr'><strong>Operatus</strong></span> <span class='ocrx_word' id='word_1_836' title='bbox 3318 4802 3379 4842; x_wconf 92' lang='lat' dir='ltr'><strong>es</strong></span> <span class='ocrx_word' id='word_1_837' title='bbox 3410 4786 3467 4840; x_wconf 91' lang='lat' dir='ltr'><strong>in</strong></span> <span class='ocrx_word' id='word_1_838' title='bbox 3500 4801 3605 4842; x_wconf 90' lang='lat' dir='ltr'><strong>no-</strong></span> 
     </span>
    </p>
   </div>
   <div class='ocr_carea' id='block_1_108' title="bbox 2033 4877 3604 4954">
    <p class='ocr_par' dir='ltr' id='par_1_108' title="bbox 2033 4877 3604 4954">
     <span class='ocr_line' id='line_1_108' title="bbox 2033 4877 3604 4954; baseline -0.006 -12"><span class='ocrx_word' id='word_1_839' title='bbox 2033 4887 2152 4953; x_wconf 86' lang='lat' dir='ltr'><strong>bis;</strong></span> <span class='ocrx_word' id='word_1_840' title='bbox 2179 4905 2197 4938; x_wconf 71' lang='grc' dir='ltr'><strong>ι</strong></span> <span class='ocrx_word' id='word_1_841' title='bbox 2236 4886 2315 4942; x_wconf 90' lang='lat' dir='ltr'><strong>sic</strong></span> <span class='ocrx_word' id='word_1_842' title='bbox 2346 4884 2508 4939; x_wconf 88' lang='lat' dir='ltr'><strong>modo</strong></span> <span class='ocrx_word' id='word_1_843' title='bbox 2543 4889 2819 4954; x_wconf 87' lang='lat' dir='ltr'><strong>precatur,</strong></span> <span class='ocrx_word' id='word_1_844' title='bbox 2854 4888 2914 4934; x_wconf 91' lang='lat' dir='ltr'><strong>ut</strong></span> <span class='ocrx_word' id='word_1_845' title='bbox 2946 4880 3132 4935; x_wconf 89' lang='lat' dir='ltr'><strong>obices</strong></span> <span class='ocrx_word' id='word_1_846' title='bbox 3171 4877 3240 4934; x_wconf 85' lang='lat' dir='ltr'><strong>de</strong></span> <span class='ocrx_word' id='word_1_847' title='bbox 3274 4878 3457 4934; x_wconf 88' lang='lat' dir='ltr'><strong>medio</strong></span> <span class='ocrx_word' id='word_1_848' title='bbox 3499 4878 3604 4935; x_wconf 90' lang='lat' dir='ltr'><strong>tol-</strong></span> 
     </span>
    </p>
   </div>
   <div class='ocr_carea' id='block_1_109' title="bbox 2031 4974 3594 5045">
    <p class='ocr_par' dir='ltr' id='par_1_109' title="bbox 2031 4974 3594 5045">
     <span class='ocr_line' id='line_1_109' title="bbox 2031 4974 3594 5045; baseline -0.006 -9"><span class='ocrx_word' id='word_1_849' title='bbox 2031 4982 2233 5045; x_wconf 89' lang='lat' dir='ltr'><strong>lantur,</strong></span> <span class='ocrx_word' id='word_1_850' title='bbox 2295 4986 2350 5035; x_wconf 88' lang='lat' dir='ltr'><strong>et</strong></span> <span class='ocrx_word' id='word_1_851' title='bbox 2411 4978 2529 5034; x_wconf 88' lang='lat' dir='ltr'><strong>sine</strong></span> <span class='ocrx_word' id='word_1_852' title='bbox 2589 4974 2978 5044; x_wconf 85' lang='lat' dir='ltr'><strong>impedimento</strong></span> <span class='ocrx_word' id='word_1_853' title='bbox 3042 4987 3223 5028; x_wconf 86' lang='lat' dir='ltr'><strong>sermo</strong></span> <span class='ocrx_word' id='word_1_854' title='bbox 3289 4982 3594 5043; x_wconf 89' lang='lat' dir='ltr'><strong>percurrat.</strong></span> 
     </span>
    </p>
   </div>
   <div class='ocr_carea' id='block_1_110' title="bbox 2028 5055 3595 5143">
    <p class='ocr_par' dir='ltr' id='par_1_110' title="bbox 2028 5055 3595 5143">
     <span class='ocr_line' id='line_1_110' title="bbox 2028 5055 3595 5143; baseline -0.006 -13"><span class='ocrx_word' id='word_1_855' title='bbox 2028 5055 2379 5131; x_wconf 77' lang='lat' dir='ltr'><strong>Praescientia</strong></span> <span class='ocrx_word' id='word_1_856' title='bbox 2407 5074 2606 5143; x_wconf 88' lang='lat' dir='ltr'><strong>quippe</strong></span> <span class='ocrx_word' id='word_1_857' title='bbox 2630 5076 2856 5124; x_wconf 86' lang='lat' dir='ltr'><strong>noverat</strong></span> <span class='ocrx_word' id='word_1_858' title='bbox 2885 5082 2980 5123; x_wconf 86' lang='lat' dir='ltr'><strong>eas</strong></span> <span class='ocrx_word' id='word_1_859' title='bbox 3006 5081 3129 5136; x_wconf 66' lang='lat' dir='ltr'><strong>qua:</strong></span> <span class='ocrx_word' id='word_1_860' title='bbox 3158 5066 3425 5122; x_wconf 86' lang='lat' dir='ltr'><strong>adversus</strong></span> <span class='ocrx_word' id='word_1_861' title='bbox 3454 5081 3595 5137; x_wconf 52' lang='lat' dir='ltr'><strong>prae.</strong></span> 
     </span>
    </p>
   </div>
   <div class='ocr_carea' id='block_1_111' title="bbox 2028 5156 3595 5230">
    <p class='ocr_par' dir='ltr' id='par_1_111' title="bbox 2028 5156 3595 5230">
     <span class='ocr_line' id='line_1_111' title="bbox 2028 5156 3595 5230; baseline -0.01 -8"><span class='ocrx_word' id='word_1_862' title='bbox 2028 5167 2359 5222; x_wconf 86' lang='lat' dir='ltr'><strong>dicationem</strong></span> <span class='ocrx_word' id='word_1_863' title='bbox 2402 5160 2769 5230; x_wconf 78' lang='lat' dir='ltr'><strong>evangelicam</strong></span> <span class='ocrx_word' id='word_1_864' title='bbox 2805 5156 3109 5212; x_wconf 61' lang='lat' dir='ltr'><strong>excitanda)</strong></span> <span class='ocrx_word' id='word_1_865' title='bbox 3147 5163 3303 5209; x_wconf 87' lang='lat' dir='ltr'><strong>erant</strong></span> <span class='ocrx_word' id='word_1_866' title='bbox 3330 5169 3595 5224; x_wconf 86' lang='lat' dir='ltr'><strong>persecu-</strong></span> 
     </span>
    </p>
   </div>
   <div class='ocr_carea' id='block_1_112' title="bbox 2024 5247 3591 5327">
    <p class='ocr_par' dir='ltr' id='par_1_112' title="bbox 2024 5247 3591 5327">
     <span class='ocr_line' id='line_1_112' title="bbox 2024 5247 3591 5327; baseline -0.013 -13"><span class='ocrx_word' id='word_1_867' title='bbox 2024 5261 2223 5324; x_wconf 89' lang='lat' dir='ltr'><strong>tiones,</strong></span> <span class='ocrx_word' id='word_1_868' title='bbox 2270 5253 2693 5327; x_wconf 84' lang='lat' dir='ltr'><strong>spiritualesque</strong></span> <span class='ocrx_word' id='word_1_869' title='bbox 2731 5249 2897 5314; x_wconf 82' lang='lat' dir='ltr'><strong>feras,</strong></span> <span class='ocrx_word' id='word_1_870' title='bbox 2952 5265 2982 5303; x_wconf 89' lang='lat' dir='ltr'><strong>a</strong></span> <span class='ocrx_word' id='word_1_871' title='bbox 3028 5247 3232 5318; x_wconf 85' lang='lat' dir='ltr'><strong>quibus</strong></span> <span class='ocrx_word' id='word_1_872' title='bbox 3260 5248 3398 5315; x_wconf 83' lang='lat' dir='ltr'><strong>eripi</strong></span> <span class='ocrx_word' id='word_1_873' title='bbox 3430 5258 3591 5313; x_wconf 73' lang='lat' dir='ltr'><strong>roga-</strong></span> 
     </span>
    </p>
   </div>
   <div class='ocr_carea' id='block_1_113' title="bbox 2026 5334 3590 5420">
    <p class='ocr_par' dir='ltr' id='par_1_113' title="bbox 2026 5334 3590 5420">
     <span class='ocr_line' id='line_1_113' title="bbox 2026 5334 3590 5420; baseline -0.011 -14"><span class='ocrx_word' id='word_1_874' title='bbox 2026 5352 2119 5406; x_wconf 85' lang='lat' dir='ltr'><strong>bat</strong></span> <span class='ocrx_word' id='word_1_875' title='bbox 2168 5351 2257 5406; x_wconf 91' lang='lat' dir='ltr'><strong>ille</strong></span> <span class='ocrx_word' id='word_1_876' title='bbox 2284 5349 2378 5420; x_wconf 89' lang='lat' dir='ltr'><strong>qui</strong></span> <span class='ocrx_word' id='word_1_877' title='bbox 2417 5347 2532 5401; x_wconf 63' lang='lat' dir='ltr'><strong>hate</strong></span> <span class='ocrx_word' id='word_1_878' title='bbox 2565 5345 2890 5415; x_wconf 88' lang='lat' dir='ltr'><strong>loquebatur</strong></span> <span class='ocrx_word' id='word_1_879' title='bbox 2931 5362 2944 5397; x_wconf 89' lang='lat'><strong>:</strong></span> <span class='ocrx_word' id='word_1_880' title='bbox 2997 5339 3119 5397; x_wconf 66' lang='lat' dir='ltr'><strong>«Ne</strong></span> <span class='ocrx_word' id='word_1_881' title='bbox 3152 5339 3343 5395; x_wconf 87' lang='lat' dir='ltr'><strong>tradas</strong></span> <span class='ocrx_word' id='word_1_882' title='bbox 3397 5334 3590 5391; x_wconf 75' lang='lat' dir='ltr'><strong>bestiis</strong></span> 
     </span>
    </p>
   </div>
   <div class='ocr_carea' id='block_1_114' title="bbox 2024 5425 3591 5501">
    <p class='ocr_par' dir='ltr' id='par_1_114' title="bbox 2024 5425 3591 5501">
     <span class='ocr_line' id='line_1_114' title="bbox 2024 5425 3591 5501; baseline -0.014 -2"><span class='ocrx_word' id='word_1_883' title='bbox 2024 5443 2236 5499; x_wconf 87' lang='lat' dir='ltr'><strong>animas</strong></span> <span class='ocrx_word' id='word_1_884' title='bbox 2282 5439 2603 5495; x_wconf 80' lang='lat' dir='ltr'><strong>conﬁtentes</strong></span> <span class='ocrx_word' id='word_1_885' title='bbox 2658 5435 2874 5490; x_wconf 69' lang='lat' dir='ltr'><strong>tibi&quot;.»</strong></span> <span class='ocrx_word' id='word_1_886' title='bbox 2939 5433 3071 5501; x_wconf 64' lang='lat' dir='ltr'><strong>Quae</strong></span> <span class='ocrx_word' id='word_1_887' title='bbox 3120 5432 3231 5487; x_wconf 87' lang='lat' dir='ltr'><strong>sint</strong></span> <span class='ocrx_word' id='word_1_888' title='bbox 3292 5428 3398 5482; x_wconf 75' lang='lat' dir='ltr'><strong>illa:</strong></span> <span class='ocrx_word' id='word_1_889' title='bbox 3459 5425 3591 5479; x_wconf 72' lang='lat' dir='ltr'><strong>ferte</strong></span> 
     </span>
    </p>
   </div>
   <div class='ocr_carea' id='block_1_115' title="bbox 2024 5516 3585 5600">
    <p class='ocr_par' dir='ltr' id='par_1_115' title="bbox 2024 5516 3585 5600">
     <span class='ocr_line' id='line_1_115' title="bbox 2024 5516 3585 5600; baseline -0.013 -10"><span class='ocrx_word' id='word_1_890' title='bbox 2024 5533 2309 5594; x_wconf 85' lang='lat' dir='ltr'><strong>arundinis</strong></span> <span class='ocrx_word' id='word_1_891' title='bbox 2340 5530 2632 5600; x_wconf 76' lang='lat' dir='ltr'><strong>intelligas.</strong></span> <span class='ocrx_word' id='word_1_892' title='bbox 2669 5530 2716 5583; x_wconf 89' lang='lat' dir='ltr'><strong>si</strong></span> <span class='ocrx_word' id='word_1_893' title='bbox 2764 5542 2794 5581; x_wconf 87' lang='lat' dir='ltr'><strong>a</strong></span> <span class='ocrx_word' id='word_1_894' title='bbox 2821 5526 2923 5583; x_wconf 80' lang='lat' dir='ltr'><strong>Job</strong></span> <span class='ocrx_word' id='word_1_895' title='bbox 2956 5524 3176 5580; x_wconf 77' lang='lat' dir='ltr'><strong>ediscas</strong></span> <span class='ocrx_word' id='word_1_896' title='bbox 3216 5519 3350 5591; x_wconf 83' lang='lat' dir='ltr'><strong>quid</strong></span> <span class='ocrx_word' id='word_1_897' title='bbox 3378 5516 3585 5575; x_wconf 81' lang='lat' dir='ltr'><strong>dictum</strong></span> 
     </span>
    </p>
   </div>
   <div class='ocr_carea' id='block_1_116' title="bbox 388 5650 1935 5775">
    <p class='ocr_par' dir='ltr' id='par_1_116' title="bbox 388 5695 1935 5774">
     <span class='ocr_line' id='line_1_116' title="bbox 388 5695 1935 5774; baseline -0.012 -7"><span class='ocrx_word' id='word_1_898' title='bbox 388 5712 443 5747; x_wconf 81' lang='lat'><strong>&quot;</strong></span> <span class='ocrx_word' id='word_1_899' title='bbox 476 5709 678 5766; x_wconf 64' lang='lat' dir='ltr'><strong>Hattli.</strong></span> <span class='ocrx_word' id='word_1_900' title='bbox 714 5726 807 5773; x_wconf 87' lang='lat' dir='ltr'><strong>vn,</strong></span> <span class='ocrx_word' id='word_1_901' title='bbox 842 5708 892 5774; x_wconf 88' lang='lat'><strong>7,</strong></span> <span class='ocrx_word' id='word_1_902' title='bbox 931 5707 986 5762; x_wconf 87' lang='lat'><strong>8.</strong></span> <span class='ocrx_word' id='word_1_903' title='bbox 1059 5706 1103 5739; x_wconf 80' lang='grc' dir='ltr'>’ί</span> <span class='ocrx_word' id='word_1_904' title='bbox 1131 5704 1307 5759; x_wconf 86' lang='lat' dir='ltr'><strong>Galat.</strong></span> <span class='ocrx_word' id='word_1_905' title='bbox 1345 5719 1417 5767; x_wconf 84' lang='lat' dir='ltr'><strong>Iv,</strong></span> <span class='ocrx_word' id='word_1_906' title='bbox 1447 5701 1536 5757; x_wconf 69' lang='lat'><strong>26.</strong></span> <span class='ocrx_word' id='word_1_907' title='bbox 1614 5699 1658 5732; x_wconf 81' lang='grc'><strong>⁵³</strong></span> <span class='ocrx_word' id='word_1_908' title='bbox 1688 5695 1852 5754; x_wconf 82' lang='lat' dir='ltr'><strong>Hebr.</strong></span> <span class='ocrx_word' id='word_1_909' title='bbox 1887 5712 1935 5751; x_wconf 72' lang='grc' dir='ltr'>ιι</span> 
     </span>
    </p>
   </div>
   <div class='ocr_carea' id='block_1_117' title="bbox 2037 5650 3541 5775">
    <p class='ocr_par' dir='ltr' id='par_1_117' title="bbox 2037 5650 3519 5767">
     <span class='ocr_line' id='line_1_117' title="bbox 2037 5650 3519 5767; baseline -0.015 -18"><span class='ocrx_word' id='word_1_910' title='bbox 2037 5694 2105 5749; x_wconf 63' lang='lat'><strong>£2.</strong></span> <span class='ocrx_word' id='word_1_911' title='bbox 2185 5693 2231 5725; x_wconf 84' lang='grc'><strong>⁵³</strong></span> <span class='ocrx_word' id='word_1_912' title='bbox 2258 5690 2299 5745; x_wconf 86' lang='grc' dir='ltr'><strong>ιι</strong></span> <span class='ocrx_word' id='word_1_913' title='bbox 2325 5688 2467 5746; x_wconf 86' lang='lat' dir='ltr'><strong>Tim.</strong></span> <span class='ocrx_word' id='word_1_914' title='bbox 2504 5704 2562 5758; x_wconf 67' lang='grc' dir='ltr'><strong>ιι,</strong></span> <span class='ocrx_word' id='word_1_915' title='bbox 2599 5687 2686 5751; x_wconf 78' lang='lat' dir='ltr'><strong>It,</strong></span> <span class='ocrx_word' id='word_1_916' title='bbox 2717 5682 2803 5738; x_wconf 75' lang='grc'><strong>12.</strong></span> <span class='ocrx_word' id='word_1_917' title='bbox 2881 5683 2927 5714; x_wconf 67' lang='grc'><strong>³⁸</strong></span> <span class='ocrx_word' id='word_1_918' title='bbox 2953 5677 3097 5734; x_wconf 87' lang='lat' dir='ltr'><strong>Psal.</strong></span> <span class='ocrx_word' id='word_1_919' title='bbox 3122 5690 3315 5734; x_wconf 78' lang='lat' dir='ltr'><strong>Lxxm,</strong></span> <span class='ocrx_word' id='word_1_920' title='bbox 3347 5674 3435 5729; x_wconf 67' lang='lat' dir='ltr'><strong>iit.</strong></span> <span class='ocrx_word' id='word_1_921' title='bbox 3488 5650 3519 5767; x_wconf 15' lang='grc' dir='ltr'>Δ,</span> 
     </span>
    </p>
   </div>
   <div class='ocr_carea' id='block_1_118' title="bbox 593 5801 1317 5869">
    <p class='ocr_par' dir='ltr' id='par_1_118' title="bbox 593 5801 1317 5869">
     <span class='ocr_line' id='line_1_118' title="bbox 593 5801 1317 5869; baseline -0.003 -3"><span class='ocrx_word' id='word_1_922' title='bbox 593 5809 866 5869; x_wconf 75' lang='grc' dir='ltr'>ΡΑῖιῚιοι..</span> <span class='ocrx_word' id='word_1_923' title='bbox 912 5804 1031 5866; x_wconf 78' lang='lat' dir='ltr'><strong>Gn.</strong></span> <span class='ocrx_word' id='word_1_924' title='bbox 1078 5801 1317 5865; x_wconf 79' lang='lat' dir='ltr'><strong>XXIII.</strong></span> 
     </span>
    </p>
   </div>
   <div class='ocr_carea' id='block_1_119' title="bbox 3195 5772 3274 5830">
    <p class='ocr_par' dir='ltr' id='par_1_119' title="bbox 3195 5772 3274 5830">
     <span class='ocr_line' id='line_1_119' title="bbox 3195 5772 3274 5830; baseline 0 0"><span class='ocrx_word' id='word_1_925' title='bbox 3195 5772 3274 5830; x_wconf 72' lang='lat'><strong>23</strong></span> 
     </span>
    </p>
   </div>
  </div>
