2031 3104
253 131 305 159 7⁸6

586 125 720 156 EUSEBII
739 122 976 153 CESA’RIENSIS
993 122 1068 151 OPP.
1088 122 1178 150 PARS
1197 122 1240 150 Ill.
1259 136 1296 144 —
1314 120 1522 150 EXEGETICA.

1824 120 1874 147 715

252 192 286 219 dc
299 190 407 218 diabolo
422 189 457 216 sit
473 198 479 215 :
491 197 504 213 ι
525 188 581 215 Sub
600 187 689 214 omnis
699 186 805 221 generis
816 184 959 211 arboribus
970 183 1034 211 dor-

1088 184 1130 210 καὶ
1150 183 1269 219 κάλαμον
1288 183 1334 210 καὶ
1356 181 1497 218 βούτομον.
1517 190 1527 207 ι
1542 180 1580 208 Οὐ
1605 180 1658 216 γὰρ
1678 178 1753 215 παρὰ
1777 178 1874 213 συκῆν,

254 238 314 271 mit,
328 237 405 272 juxta
419 243 563 270 papyrum,
580 234 714 260 calamum
731 236 758 259 et
772 231 947 258 cariccm”.i
976 230 1035 257 Non

250 284 326 318 juxta
342 282 434 313 ficum,
449 281 544 311 vitem,
570 280 656 306 oleam
684 283 729 305 aut
757 278 884 312 palmam,
903 280 948 303 aut
971 276 1035 310 quid

251 331 286 358 iis
296 329 387 356 simile
400 348 408 359 ,
424 328 470 355 sed
482 327 559 361 juxta
570 333 712 361 papyrum,
728 324 863 351 calamum
877 327 903 349 et
918 322 1035 348 cariccm

250 374 394 409 quiescere
413 373 503 407 ipsum
523 371 577 403 ait,
593 370 728 399 inﬁrmas,
746 368 858 403 frigidas
877 367 1036 401 nullumque

251 421 371 447 fructum
388 419 489 446 bonum
516 417 689 452 proferentes
712 416 817 442 animas
843 414 887 441 his
911 412 1037 440 subindi-

252 473 338 498 cans;
357 465 435 497 juxta
449 463 509 490 illas
526 463 626 497 quippe
639 462 722 489 draco
738 460 906 495 quiescebat.
931 458 1036 486 Truces

252 516 341 537 autem
360 509 412 536 illa:
438 508 501 536 fera:
524 507 678 538 arundinis,
694 510 758 534 sunt
783 504 945 533 adversaria:
961 509 1036 539 pote-

252 562 348 588 states,
364 555 475 590 maligni
491 554 639 585 dwmones,
667 558 694 580 et
715 552 846 580 venenosi
869 551 1036 586 reptilesque

252 603 376 638 spiritus,
392 609 461 637 quos
479 604 507 627 ut
523 600 644 633 increpet
665 598 748 629 Deus,
775 597 895 632 Spiritus
921 601 1036 624 sanctus

252 652 330 683 rogat
343 647 419 675 hisce
434 646 542 674 verbis:
562 645 695 680 c'lncrepa
712 644 784 671 feras
802 644 957 671 arundinis.
975 653 984 669 ι
1003 643 1037 669 Et

252 694 489 730 congregationem
513 697 670 725 taurorum;
694 692 760 724 sive,
783 691 931 720 secundum
957 691 1037 726 Sym-

252 740 390 771 machum,
424 743 544 766 Icaetum
571 737 772 773 praegrandium
787 746 794 770 ;
811 747 820 763 ι
848 744 947 764 vaccas
970 736 1036 764 item

252 787 413 822 populorum
432 784 566 819 increpari
584 783 704 819 postulat
729 793 734 810 :
768 791 858 810 vacca:
873 787 964 810 autem
988 789 1038 816 po-

252 834 378 869 pulorum
413 836 440 860 et
470 832 556 862 tauri,
590 834 653 859 sunt
683 830 701 858 ii
739 830 809 857 inter
848 828 958 857 Judazos
989 828 1036 863 qui

252 879 330 906 verbi
356 881 545 913 persecutores
567 880 644 905 sunt.
675 876 724 903 llis
747 875 820 903 aliud
835 883 904 911 opus
923 874 1038 909 subjun—

252 927 336 961 gitur,
357 929 405 952 «ut
416 924 596 952 excludantur
616 923 635 950 ii
654 923 700 957 qui
713 922 819 957 probati
842 925 906 949 sunt
935 927 1036 956 argen-

252 976 298 999 to:
312 981 320 996 ι
344 970 415 1005 quod
436 969 568 1003 liquidius
589 968 707 1003 explicat
723 966 903 1002 Symmachus
925 964 1034 991 dicens:

256 1027 265 1041 ι
277 1017 327 1050 Qui
343 1016 464 1043 calcibus
487 1015 591 1050 pellunt
605 1022 653 1041 eos
668 1013 715 1048 qui
738 1012 846 1047 probati
868 1014 932 1038 sunt
954 1010 1033 1045 quasi

252 1062 415 1098 probatione
438 1061 570 1096 argenti.)
598 1059 631 1086 Hi
656 1066 774 1093 namque
790 1057 872 1088 tauri,
891 1060 918 1083 et
933 1063 1037 1097 meme-

252 1113 319 1135 rata:
335 1115 433 1138 vaccze.
451 1114 465 1133 a
484 1106 548 1133 leris
566 1104 710 1131 arundinis
730 1103 848 1138 agitatae,
875 1101 980 1128 nullum
997 1093 1038 1127 la-

255 1155 344 1189 pidem
356 1161 411 1181 non
423 1156 542 1183 movent,
559 1154 587 1177 ut
608 1150 697 1178 sancti
713 1149 760 1176 Dei
776 1157 789 1174 a
802 1156 850 1183 spe
864 1147 916 1174 sibi
935 1154 1037 1181 propo-

254 1202 306 1229 sita
331 1200 521 1228 deturbentur.
542 1197 636 1225 Sancti
651 1203 717 1223 vero
735 1194 781 1222 Dei
795 1193 916 1228 suntqui
931 1192 1037 1228 probati

254 1251 319 1274 sunt
337 1249 462 1281 argento.
482 1242 716 1277 Quemadmodum
739 1240 811 1268 enim
837 1249 846 1265 ι
859 1240 967 1274 eloquia
985 1237 1038 1265 Do-

254 1292 321 1320 mini
336 1295 424 1323 casta,
439 1293 582 1326 argentum
597 1289 660 1324 igne
673 1286 912 1319 examinatum“;
927 1296 936 1311 ι
957 1284 999 1312 sic
1011 1287 1038 1312 et

255 1339 377 1367 homines
398 1337 444 1365 Del
473 1335 579 1372 probati
607 1338 671 1362 sunt
699 1337 728 1361 ut
760 1336 925 1368 argentum:
952 1337 1039 1366 quare

253 1386 365 1413 dicunt:
383 1394 393 1411 ι
404 1383 531 1411 Probasti
545 1389 606 1413 nos,
621 1380 703 1412 Deus,
726 1380 788 1415 igne
810 1386 861 1407 nos
877 1376 1037 1406 examinasti

252 1432 326 1460 sicut
339 1430 510 1458 examinalur
535 1430 677 1463 argentum
687 1426 737 1452 ³⁷.»
759 1425 844 1461 Igitur
866 1425 930 1453 ferae
954 1431 1039 1451 arun-

1086 230 1146 256 οὐδὲ
1163 229 1237 265 παρὰ
1250 229 1381 264 ἄμπελον,
1394 229 1454 256 οὐδὲ
1481 227 1555 263 παρὰ
1579 226 1681 258 ἐλαίαν,
1695 225 1712 260 ἢ
1724 224 1842 259 φοίνικα,
1858 225 1877 259 ἡ

1086 284 1112 301 τι
1135 275 1188 302 τῶν
1210 275 1314 306 τούτοις
1338 274 1549 310 παραπλησίων⁷
1574 271 1641 299 ἀλλὰ
1655 270 1730 306 παρὰ
1751 269 1877 305 πάπυρον

1087 323 1133 348 καὶ
1149 321 1269 356 κάλαμον
1285 321 1330 347 καὶ
1344 320 1472 355 βούτομον
1487 317 1673 346 ἀναπαύεσθαί
1688 325 1769 352 φησιν
1783 317 1877 347 αἰτὸν,

1086 368 1136 398 τὰς
1152 367 1261 398 ἀτόνους
1277 367 1324 393 καὶ
1337 366 1489 402 καθύγρους
1502 365 1548 392 καὶ
1563 364 1668 400 μηδένα,
1679 363 1784 399 καρπὸν
1797 363 1879 396 ἀναγ-

1088 414 1164 439 καῖον
1190 412 1378 447 προφερούσας
1400 411 1489 446 ψυχὰς
1521 410 1614 437 τοῦτον
1639 408 1811 443 αἰνιξάμενος
1831 407 1878 434 τὸν

1086 459 1202 495 τρόπον·
1230 457 1305 494 παρὰ
1328 457 1465 489 τοιαύταις
1487 457 1542 492 γὰρ
1564 454 1713 482 ἀνεπαύετο
1729 455 1743 481 ὁ
1758 454 1877 489 δράκων.

1088 505 1166 531 Δεινὰ
1183 504 1211 530 δὲ
1224 504 1304 539 θηρία
1317 504 1438 538 καλάμου
1457 504 1631 537 τυγχάνουσιν
1647 503 1673 527 αἱ
1692 501 1878 535 ἀντικείμενοι

1087 551 1224 585 δυνάμεις,
1246 551 1272 575 οἵ
1290 559 1318 575 τε
1344 550 1455 585 πονηροὶ
1475 550 1598 584 δαίμονες
1618 548 1664 574 καὶ
1678 547 1711 573 τὰ
1729 547 1817 573 ἰοϐόλα
1830 546 1880 572 καὶ

1088 596 1238 631 ἑρπυττικα
1261 595 1412 630 πνεύματα,
1438 592 1477 625 οἷς
1500 594 1660 628 ἐπιτιμῆσαι
1685 592 1730 618 τὸν
1757 591 1822 617 Θεὸν
1848 590 1879 617 τὸ

1087 643 1197 677 Πνεῦμα
1211 642 1241 667 τὸ
1258 642 1333 675 ἅγιον
1349 641 1391 667 διὰ
1407 641 1459 666 τῶν
1477 641 1543 675 μετὰ
1556 642 1649 674 χεῖρας
1662 639 1770 673 εὔχεται
1787 638 1877 671 λέγον·

1090 697 1098 712 ‹
1126 688 1301 722 Ἐπιτίμησον
1323 689 1377 719 τοῖς
1400 687 1504 722 θηρίοις
1529 686 1574 711 τοῦ
1598 684 1756 718 καλάμου.»
1774 683 1827 709 Καὶ
1841 685 1875 718 τῇ

1088 735 1229 769 συναγωγῇ
1255 734 1282 759 δὲ
1308 733 1360 759 τῶν
1385 732 1500 766 ταύρων,
1522 732 1548 766 ἢ,
1565 730 1633 757 κατὰ
1658 730 1703 755 τὸν
1721 729 1875 764 Σύμμαχον,

1053 792 1073 819 η
1091 790 1099 806 ι
1118 781 1217 815 συνόδῳ
1242 778 1443 814 παμμεγέθων,
1468 788 1476 803 ι
1504 778 1549 803 καὶ
1576 778 1635 807 ταῖς
1664 775 1793 810 δαμάλεσι
1819 774 1876 800 τῶν

1086 827 1156 853 λαῶν
1185 826 1345 860 ἐπιτιμῆσαι
1372 824 1503 850 ἱκετεύει·
1530 823 1659 857 δαμάλεις
1683 822 1711 848 δὲ
1735 821 1804 847 λαῶν
1827 821 1876 847 καὶ

1087 872 1180 907 ταῦροι
1205 872 1230 897 οὶ
1257 871 1331 905 παρὰ
1353 870 1489 900 Ἰουδαίοις
1518 869 1569 894 εἰσὶ
1589 868 1700 894 διῶκται
1718 867 1765 893 τοῦ
1785 867 1877 900 λόγου.

1090 915 1142 943 Ὠν
1167 917 1253 952 ἔργων
1276 917 1305 942 τὸ
1332 916 1394 949 ἑξῆς
1417 915 1604 950 ἐπιλεγόμενον
1625 916 1653 941 ὲν
1675 914 1722 949 τῷ,
1739 923 1748 939 ι
1764 913 1811 940 τοῦ
1834 914 1880 940 ὲκ-

1087 963 1242 998 κλεισϐἧναι
1272 962 1335 992 τοὺς
1363 962 1608 995 δεδοκιμασμένους
1635 960 1672 995 τῷ
1698 960 1838 995 ἀργυρίῳ·
1867 968 1877 985 ι

1087 1010 1154 1044 ὅπερ
1179 1009 1342 1043 σαιρέστερον
1367 1008 1535 1043 ἡρμήνευσεν
1559 1008 1573 1032 ὁ
1601 1006 1747 1041 Σύμμαχος
1776 1005 1876 1032 εἰπών·

1091 1065 1099 1080 ι
1116 1056 1177 1086 Τοῖς
1189 1054 1389 1085 διαλακτίζουσι
1404 1054 1466 1084 τοὺς
1480 1053 1638 1087 εὑδοκήτους
1649 1053 1686 1083 ὼς
1702 1052 1815 1087 δοκιμὴν
1829 1053 1882 1087 ἀρ-

1088 1101 1194 1135 γυρίου.
1214 1109 1223 1126 ι
1239 1097 1318 1126 Οὗτοι
1338 1099 1391 1133 γὰρ
1414 1099 1437 1124 οἱ
1465 1097 1571 1133 ταῦροι,
1589 1098 1636 1124 καὶ
1649 1098 1676 1123 αἱ
1689 1097 1881 1133 προλεχθείσαι.

1088 1147 1225 1181 δαμάλεις,
1245 1145 1295 1171 ὑπὸ
1310 1145 1363 1170 τῶν
1386 1144 1486 1178 Θηρίων
1503 1144 1548 1170 τοῦ
1576 1144 1698 1179 καλάμου
1719 1143 1882 1179 ἐνεργούμε-

1088 1201 1141 1223 ναι,
1157 1192 1205 1225 τὴν
1222 1192 1310 1217 πᾶσαν
1330 1189 1466 1215 ποιοῦνται
1494 1189 1611 1224 σπουδὴν
1634 1188 1702 1224 πρὸς
1722 1188 1752 1215 τὸ
1774 1188 1882 1215 ἐκκλει-

1090 1239 1183 1273 coam
1199 1240 1260 1270 τοὺς
1278 1238 1371 1272 ἁγίους
1388 1237 1434 1263 τοῦ
1452 1237 1518 1263 Θεοῦ
1538 1238 1587 1272 τῆς
1606 1237 1813 1272 ἐπηγγελμένης
1829 1237 1882 1264 αὺ-

1088 1286 1141 1314 τοῖς
1157 1285 1271 1314 ἐλπίδος.
1288 1284 1378 1317 Ἅγιοι
1402 1283 1430 1309 δὲ
1454 1282 1520 1308 Θεοῦ
1546 1283 1570 1309 οἱ
1591 1282 1815 1318 δεδοκιμασμένοι
1840 1282 1883 1317 τῷ

1088 1331 1218 1366 ἀργυρίῳ.
1240 1330 1343 1365 Ὥσπερ
1359 1329 1412 1365 γὰρ
1427 1339 1435 1354 ι
1450 1329 1483 1356 τὰ
1496 1329 1573 1363 λόγια
1587 1329 1689 1364 Κυρίου
1702 1328 1781 1362 ἁγνὰ,
1795 1328 1883 1365 ἀργύ-

1089 1386 1145 1412 ριον
1160 1375 1365 1411 πεπυρωμένον,
1382 1385 1391 1401 ι
1406 1374 1492 1406 οὕτως
1509 1374 1556 1401 καὶ
1568 1375 1592 1400 οἱ
1605 1374 1651 1400 τοῦ
1664 1374 1731 1401 Θεοῦ
1743 1374 1882 1410 ἄνθρωποι

1092 1421 1314 1457 δεδοκιμασμένοι
1339 1421 1406 1447 εἰσὶν
1430 1421 1467 1451 ὡς
1493 1420 1524 1447 τὸ
1551 1420 1696 1456 ἀργύριον·
1724 1420 1763 1447 διό
1784 1429 1879 1455 φασιν·

252 1478 339 1510 diuis,
358 1475 531 1513 congregatio
543 1479 695 1506 taurorum,
711 1477 738 1502 et
751 1480 840 1500 vaccae
855 1472 1028 1508 populorum,

1092 1478 1099 1493 ι
1121 1468 1300 1503 Ἐδοκίμασας
1312 1468 1395 1503 ἡμᾶς,
1409 1467 1423 1493 ὁ
1439 1466 1514 1498 Θεὸς,
1533 1466 1677 1502 ὲπύρωσας
1691 1468 1765 1502 ἡμᾶς
1777 1467 1816 1499 ὡς
1830 1476 1881 1493 πυ-

253 1532 302 1552 eos
321 1523 367 1559 qui
382 1522 488 1558 probati
504 1525 569 1549 sunt
584 1523 699 1556 argento
716 1526 731 1546 a
753 1518 895 1561 proposita
919 1517 971 1561 sibi
989 1525 1038 1553 spe

254 1554 399 1597 excludere
413 1570 550 1603 satagunt.
578 1554 651 1598 Sive,
665 1564 814 1593 secundum
832 1554 1037 1600 Symmachum,

256 1624 268 1641 ι
280 1614 408 1643 Calcibus
420 1613 528 1649 pellunt
543 1620 591 1640 eos
613 1612 660 1648 qui
676 1610 783 1647 probati
801 1615 865 1638 sunt
879 1610 958 1645 quasi
975 1617 1039 1644 pro-

255 1661 365 1689 batione
383 1660 515 1696 argenti.)
537 1658 573 1686 Ut
587 1666 621 1686 ne
637 1658 730 1693 itaque
746 1657 785 1684 illi
799 1663 881 1691 supra
894 1656 960 1683 dicti
974 1663 1039 1682 san-

255 1708 308 1735 ctis
327 1707 375 1735 Dei
393 1706 586 1742 impedimento
603 1699 668 1736 Sint,
683 1703 840 1731 necessario
864 1702 968 1729 dictum
981 1704 1038 1729 est:

258 1756 391 1790 clucrepa
419 1754 490 1782 feras
514 1752 668 1781 arundinis,
692 1749 869 1785 congregatio
897 1753 1039 1776 taurorum

256 1802 284 1828 in
310 1800 402 1827 vaccis
424 1798 616 1834 populorum.»
644 1796 705 1823 Alia
732 1796 796 1823 item
816 1795 924 1822 ratione
946 1798 1040 1821 tauros

255 1845 391 1880 intelligas
400 1843 555 1871 Iudaeorum
567 1841 720 1877 principes:
736 1847 834 1867 vaccas
847 1843 936 1867 autem
945 1845 1039 1866 eorum

256 1897 408 1927 synagogas
435 1889 469 1916 iis
495 1887 630 1918 subditas,
653 1890 680 1913 et
705 1885 820 1920 populos
846 1885 893 1920 qui
918 1888 1040 1919 tempore

256 1935 393 1972 passionis
409 1933 563 1961 Servatoris
575 1932 662 1960 nostri
679 1932 897 1959 insurrexerunt.
915 1930 964 1958 Cui
977 1937 1040 1957 sen-

256 1982 349 2009 tentia:
377 1979 539 2015 astipulatur
556 1985 610 2005 vox
638 1977 685 2004 illa
710 1984 742 2004 ex
773 1975 860 2010 ipsius
889 1975 1040 2002 Salvatoris

257 2034 375 2063 persona
401 2025 429 2052 in
441 2024 547 2059 psalmo
567 2031 613 2051 ut
630 2022 739 2057 posita:
761 2021 914 2054 «Quoniam
926 2020 1041 2048 circum-

257 2073 389 2101 dederunt
405 2078 448 2098 me
459 2069 538 2097 vituli
554 2068 644 2100 multi,
660 2068 732 2095 tauri
747 2068 862 2103 pingues
874 2067 1040 2094 obsederunt

256 2126 311 2146 me.
330 2117 505 2153 Aperuerunt
530 2115 557 2141 in
573 2121 616 2141 me
634 2121 666 2141 os
681 2120 761 2140 suum
771 2113 823 2139 ⁸⁸.»
844 2112 928 2146 Queis
944 2112 1039 2139 subin-

1090 1515 1182 1551 ροῦται
1207 1515 1237 1540 τὸ
1258 1514 1398 1549 ἀργύριον.
1420 1523 1427 1539 ι
1444 1514 1475 1540 Ol
1492 1511 1537 1540 οὖν
1552 1513 1633 1549 θῆρες
1649 1514 1673 1540 οι
1694 1513 1742 1540 τοῦ
1758 1513 1880 1549 καλάμου

1090 1561 1137 1587 καὶ
1154 1561 1170 1595 ὴ
1193 1560 1335 1595 συναγωγὴ
1352 1560 1405 1586 τῶν
1421 1559 1538 1594 ταύρων,
1555 1559 1600 1585 καὶ
1622 1559 1649 1585 αἱ
1674 1559 1805 1595 δαμάλεις
1826 1559 1879 1586 τῶν

1089 1605 1171 1635 λαῶν,
1188 1605 1250 1635 τοὺς
1262 1604 1503 1639 δεδοκιμασμένους
1515 1603 1553 1638 τῷ
1567 1603 1690 1639 ἀργυρίῳ
1703 1603 1879 1639 ἀποκλεισθῆ-

1090 1659 1132 1677 ναι
1153 1649 1330 1681 σπουδάζουσι
1350 1650 1398 1684 τῆς
1424 1648 1631 1683 ἐπηγγελμένης
1648 1649 1740 1681 αὐτοῖς
1761 1649 1876 1681 ἐλπίδος.

1090 1696 1137 1726 Ἣ,
1163 1694 1232 1721 κατὰ
1257 1695 1301 1720 τὸν
1319 1693 1479 1729 Σύμμαχον,
1504 1703 1512 1720 ι
1537 1694 1741 1726 Διαλακτίζουσι
1768 1694 1877 1726 τούτους

1091 1740 1187 1770 αὐτοὺς
1213 1740 1374 1774 essm—.0»;
1397 1738 1475 1769 ὂντας
1505 1739 1542 1770 ὡς
1569 1739 1682 1774 δοκιμὴν
1706 1739 1842 1775 ἀργυρίου.
1861 1749 1870 1764 ι

1092 1788 1138 1813 ”Ιν”
1153 1784 1197 1813 οὖν
1215 1786 1251 1821 μὴ
1269 1786 1391 1820 ἐμποδὼν
1408 1785 1536 1819 γένωνται
1562 1787 1618 1817 τοῖς
1642 1786 1726 1820 ἁγίοις
1741 1785 1786 1812 τοῦ
1806 1785 1872 1812 Θεοῦ

1090 1834 1113 1859 οἱ
1131 1832 1331 1868 προλεχθέντες,
1355 1831 1510 1865 ἀναγκαίως
1531 1832 1652 1867 εἴρηται·
1668 1841 1676 1856 ι
1699 1831 1872 1867 Ἐπιτίμησον

1090 1880 1145 1909 τοῖς
1161 1878 1263 1913 θηρίοις
1278 1877 1325 1903 τοῦ
1343 1877 1476 1912 καλάμου,
1500 1877 1516 1911 ἡ
1543 1877 1683 1912 συναγωγὴ
1699 1877 1751 1903 τῶν
1765 1877 1874 1913 ταύρων

1092 1925 1119 1950 ἐν
1140 1926 1199 1955 ταῖς
1219 1924 1349 1958 δαμάλεσι
1372 1923 1424 1949 τῶν
1442 1922 1522 1948 λαῶν.
1547 1932 1555 1948 ι
1575 1924 1629 1950 Καὶ
1652 1922 1735 1955 ἄλλως
1760 1923 1878 1959 ταύρους

1091 1972 1195 2006 νοήσεις
1211 1971 1272 2002 τοὺς
1290 1971 1420 1997 Ἰουδαίων
1440 1970 1571 2006 ἄρχοντας
1582 1980 1588 1986 '
1607 1971 1736 2006 δαμάλεις
1748 1971 1880 1998 seuera»;

1091 2017 1139 2049 τὰς
1159 2017 1210 2043 ὑπὸ
1232 2017 1340 2049 τούτους
1363 2018 1522 2051 συναγωγὰς
1550 2018 1596 2044 καὶ
1627 2019 1690 2050 τοὺς
1714 2018 1794 2050 λαοὺς
1816 2018 1880 2050 τοὺς

1092 2064 1285 2094 ἑπισυστάντας
1311 2063 1380 2090 κατὰ
1403 2063 1432 2089 τὸ
1459 2063 1543 2094 πάθος
1570 2063 1617 2089 τοῦ
1642 2064 1767 2099 Σωτῆρος
1788 2063 1879 2099 ἡμῶν.

1091 2108 1231 2143 Μαρτυρεῖ
1243 2108 1270 2133 δὲ
1282 2107 1320 2142 τῷ
1339 2107 1409 2142 λόγῳ
1423 2108 1438 2142 ἡ
1456 2108 1485 2139 ἐξ
1499 2107 1580 2134 αὑτοῦ
1599 2108 1743 2143 προσώπου
1758 2107 1804 2134 τοῦ
1822 2108 1880 2134 Σω-

256 2149 367 2191 dicabat
379 2162 517 2198 principes
537 2161 643 2190 Iudaici
665 2162 769 2197 populi,
790 2169 896 2189 necnon
914 2160 1037 2188 multitu-

1092 2154 1172 2188 τῆρος
1188 2154 1215 2178 ἐν
1228 2157 1266 2179 κα¹
1282 2153 1380 2188 ψαλμῷ
1395 2153 1468 2188 φωνὴ
1483 2153 1637 2187 φάσκουσα·
1655 2163 1665 2179 ι
1682 2154 1742 2181 Ὀτι
1759 2154 1881 2180 ἐκύκλω-

256 2210 347 2238 dincm
375 2209 443 2246 ipsis
467 2209 605 2237 subditam
631 2216 692 2244 qua
717 2207 862 2236 adversum
893 2215 922 2235 se
947 2207 1039 2234 insur-

256 2257 338 2285 rexit.

296 2382 424 2418 «Dissipa
444 2386 539 2418 gentes
562 2376 709 2417 quaa'bella
729 2382 850 2409 νοΙυιιι.›
873 2381 939 2415 Quae
956 2390 1040 2417 supe-

258 2429 317 2457 rius
331 2428 467 2460 l'eruntur,
490 2428 524 2456 de
549 2428 716 2456 adversariis
741 2428 926 2464 potestatibus
953 2432 981 2455 et
1006 2428 1040 2454 de

258 2474 427 2510 principibus
442 2474 598 2502 Iudaeorum
631 2479 758 2502 enarrata
781 2477 865 2502 sunt:
893 2473 950 2501 hac
976 2481 1040 2501 vero

259 2520 293 2547 de
308 2519 427 2547 inimicis
448 2519 576 2547 Ecclesia
599 2527 633 2547 ex
652 2519 819 2554 reliquarum
843 2519 965 2554 gentium
989 2527 1041 2545 nu-

258 2573 343 2594 mero.
364 2564 537 2600 Prospiciens
554 2573 671 2600 namque
688 2564 808 2600 Spiritus
823 2568 935 2592 sanctus
949 2571 996 2592 eos
1005 2572 1039 2591 ex

258 2610 384 2647 gentibus
396 2610 443 2645 qui
461 2609 488 2637 in
512 2609 705 2637 incredulitate
728 2609 929 2645 perseveraturi
949 2613 1039 2642 erant,

259 2657 390 2685 adversus
405 2655 498 2684 ﬁdeles
509 2655 579 2683 bella
590 2660 618 2683 et
631 2656 835 2691 persecutiones
844 2660 967 2683 moturos
978 2663 1040 2683 esse

258 2706 355 2730 contra
375 2701 527 2729 Ecclesiam
548 2701 607 2730 Dei.
632 2702 790 2728 necessario
815 2701 867 2729 bac
890 2701 923 2729 de
945 2709 976 2728 re
999 2701 1039 2729 sic

258 2751 386 2784 precatur
404 2756 412 2775 :
432 2746 559 2782 iDissipa
573 2750 669 2781 gentes
682 2754 743 2781 quas
756 2746 827 2774 bella
841 2747 962 2774 volunt.»
991 2746 1039 2774 His

259 2801 379 2835 namque
393 2793 546 2830 dissipatis.
566 2792 652 2829 gratia
669 2793 825 2828 evangelica
850 2793 939 2821 locum
953 2792 1039 2820 babe-

294 2871 317 2887 ⁸¹
328 2871 378 2899 Job
391 2879 433 2905 XL,
452 2871 493 2899 l6.
531 2871 554 2888 ⁸⁸
568 2870 640 2899 Psal.
659 2879 695 2903 ιιι,
708 2870 735 2898 7.
773 2870 794 2886 "’
807 2870 878 2898 Psal.
895 2878 956 2902 uv,
974 2869 1018 2903 l0,

1091 2199 1139 2225 σάν
1161 2207 1193 2233 με
1218 2199 1310 2233 μόσχοι
1332 2198 1433 2230 πολλοὶ,
1458 2198 1553 2234 ταῦροι
1571 2199 1661 2230 πίονες
1674 2199 1818 2234 περιέσχον
1834 2207 1879 2235 με.

1092 2244 1217 2276 Ἠνοιξαν
1230 2244 1273 2269 ἐπ’
1288 2243 1337 2278 ἐμὲ
1354 2243 1384 2269 τὸ
1399 2244 1485 2279 στόμα
1503 2243 1602 2271 αὐτῶν.
1620 2254 1629 2270 ι
1645 2245 1684 2270 Δι’
1702 2241 1739 2270 ὧν
1758 2244 1880 2279 ᾐνίττετο

1090 2291 1151 2321 τοὺς
1165 2290 1296 2325 ἄρχοντας
1309 2290 1355 2315 τοῦ
1369 2289 1504 2316 Ἰουδαίων
1515 2289 1579 2316 λαοῦ
1601 2290 1647 2317 καὶ
1664 2290 1699 2317 τά
1714 2289 1760 2316 ὑπ’
1782 2290 1880 2322 αὐτοὺς

1092 2335 1179 2370 πλήθη
1193 2335 1227 2361 τὰ
1241 2335 1421 2361 ἐπισυστάντα
1436 2337 1495 2362 κατ’
1510 2336 1602 2363 αὐτοῦ.

1128 2390 1136 2406 ι
1157 2381 1352 2415 Διασκόρπισον
1369 2381 1431 2416 ἔθνη
1452 2381 1484 2408 τὰ
1503 2382 1565 2413 τοὺς
1586 2381 1718 2417 πολέμους
1730 2381 1851 2410 Θέλοντα.
1867 2391 1878 2409 ι

1090 2427 1129 2452 Τὰ
1146 2427 1193 2461 μὲν
1213 2426 1334 2461 ἀνώτερα
1358 2427 1422 2462 περὶ
1443 2427 1495 2453 τῶν
1515 2428 1709 2462 ἀντικειμένων
1726 2428 1880 2463 δυνάμεων,

1089 2472 1135 2498 καὶ
1160 2472 1222 2507 περὶ
1246 2472 1299 2498 τῶν
1323 2473 1460 2508 ἀρχόντων
1484 2473 1530 2499 τοῦ
1552 2473 1684 2500 Ἰουδαίων
1707 2473 1800 2505 ἔθνους
1821 2473 1881 2508 ἐδη-

1089 2517 1180 2549 λοῦτο,
1204 2518 1237 2544 τὰ
1255 2517 1283 2544 δὲ
1307 2519 1474 2553 προκείμενα
1495 2518 1559 2553 περὶ
1577 2518 1631 2544 τῶν
1651 2519 1680 2545 ὲν
1701 2519 1757 2550 τοῖς
1777 2518 1881 2549 λοιποῖς

1089 2563 1175 2589 ἔθνεσι
1193 2564 1328 2600 πολεμίων
1341 2565 1391 2599 τῆς
1414 2564 1587 2600 Ἐκκλησίας.
1609 2564 1715 2600 Ἐπειδὴ
1732 2563 1787 2600 γὰρ
1806 2563 1882 2600 ἑώρα.

1090 2610 1119 2635 τὺ
1134 2610 1244 2645 Πνεῦμα
1262 2610 1291 2637 τὸ
1314 2610 1390 2643 ἅγιον
1412 2611 1475 2642 τοὺς
1497 2611 1526 2637 ὲν
1543 2610 1656 2645 ἀπιστίᾳ
1679 2609 1883 2644 ἀπομείναντας

1090 2655 1143 2681 τῶν
1168 2656 1251 2683 ὲθνῶν
1265 2657 1532 2692 ὲπαναστησομὲνους
1553 2657 1608 2688 τοῖς
1623 2657 1738 2689 πιστοῖς,
1758 2655 1806 2683 καὶ
1821 2656 1883 2682 διω-

1090 2702 1175 2736 γμοὺς
1195 2702 1264 2729 κατὰ
1291 2703 1340 2738 τῆς
1363 2702 1524 2737 Ἐκκλησίας
1546 2702 1592 2729 τοῦ
1618 2701 1685 2729 Θεοῦ
1707 2703 1882 2738 κινήσοντας,

1090 2747 1243 2781 ἀναγκαίως
1268 2748 1314 2773 καὶ
1336 2748 1400 2782 περὶ
1421 2747 1514 2774 τούτου
1541 2747 1649 2782 εὔχεται
1669 2747 1746 2781 λέγον
1756 2741 1768 2762 ί
1785 2755 1795 2773 c
1815 2746 1883 2774 Δια-

1090 2793 1233 2828 σκόρπισον
1255 2793 1318 2828 ἔθνη
1344 2794 1378 2822 τὰ
1403 2795 1465 2826 τοὺς
1491 2793 1625 2830 πολέμους
1650 2793 1771 2821 θέλοντα.
1787 2802 1797 2820 ι
1814 2794 1880 2821 Δια-

1056 2870 1078 2886 ⁵⁸
1093 2870 1166 2898 Psal.
1179 2878 1234 2904 ΠΙ,
1250 2870 1293 2905 15,
1307 2871 1350 2899 Μ.
