4062 6208
344 296 444 350 717

1467 295 1968 352 COMMENTARIA
2005 295 2074 350 IN
2112 292 2454 351 PSALMOS.

3474 290 3576 348 718

342 412 786 487 σκόρπιζομένων
808 416 920 489 γὰρ
968 417 1194 484 τούτων,
1237 420 1270 489 ἠ
1318 418 1475 491 χάρις
1511 419 1544 489 ὴ
1592 418 1915 490 εύαγγελικὴ

2020 416 2121 472 bit.
2181 416 2299 471 Jam
2345 414 2589 469 futurum
2645 419 2762 467 erat
2808 418 2868 465 ut
2904 409 3079 481 gratia
3130 414 3468 481 operaretur,
3508 407 3578 463 ab

337 507 521 581 χώραν
544 510 674 576 ἕξει.
707 511 948 582 Ἧμελλε
970 510 1063 564 τοῦ
1089 513 1325 583 ἐνεργεῖν
1358 510 1452 564 καὶ
1479 510 1539 575 ἐξ
1564 509 1742 563 αὐτῶν
1764 508 1916 581 πρώ-

337 617 446 655 των
497 601 760 673 ἄρχεσθαι
809 602 917 656 τῶν
966 602 1088 656 καθ’
1143 601 1441 674 ὑπερϐολὴν
1497 583 1913 672 εἰδωλολατρῶν.

338 691 625 761 Αἰγύπτιοι
652 693 711 748 δὲ
736 691 877 767 ἦσαν
913 695 962 747 οἰ
990 694 1204 749 πάντων
1252 693 1554 766 ἀνθρώπων
1580 695 1675 748 καὶ
1702 695 1917 748 πάντων

339 783 511 837 ἐθνῶν
531 784 1095 857 δεισιδαιμονέστατοι.
1118 785 1208 839 Διὸ
1231 785 1362 857 ἑξῆς
1378 784 1639 856 ἐπιλέγει·
1661 804 1679 837 ι
1693 784 1918 850 Ἥξουσι

340 876 600 948 πρέσϐεις
625 877 683 942 ἐξ
706 878 999 947 Αἰγύπτου.
1036 897 1054 928 ι
1088 878 1245 932 Κατά
1283 878 1339 931 δὲ
1361 878 1455 932 τὸν
1490 878 1741 944 Ἀκύλαν,
1777 896 1796 924 α
1828 879 1919 933 Οἰ-

341 984 523 1023 σουσιν
547 970 925 1041 ἐσπευσμένως
947 970 1006 1037 ἐξ
1031 970 1305 1039 Αἰγύπτου
1321 987 1336 1002 ο
1374 990 1393 1021 ι
1421 970 1563 1025 κατά
1584 971 1641 1025 δὲ
1659 972 1750 1025 τὸν
1772 970 1919 1042 Σύμ-

344 1077 533 1132 μαχον,
567 1081 586 1113 ι
610 1061 940 1117 Ἐλθέτωσαν
983 1063 1314 1131 ἐκφάναντες
1353 1064 1402 1115 οἱ
1449 1062 1508 1127 ἐξ
1560 1063 1853 1133 Αἰγύπτου.
1893 1082 1911 1114 ι

340 1152 452 1206 Καὶ
500 1152 561 1206 τὸ
610 1154 710 1224 μὲν
756 1156 973 1210 πάντων
1023 1153 1421 1225 εἰδωλολατρῶν
1463 1155 1620 1222 γένος
1669 1152 1757 1208 διὰ
1809 1154 1918 1207 τῶν

339 1239 704 1311 ἐλευσομένων
727 1242 786 1309 ἐξ
814 1243 1089 1312 Αἰγύπτου
1124 1243 1219 1296 καὶ
1246 1242 1649 1313 διαϐησομένων
1687 1244 1780 1296 ἐπὶ
1817 1242 1917 1314 τὴν

339 1331 434 1384 τοῦ
471 1332 605 1386 Θεοῦ
628 1334 829 1403 γνῶσιν
865 1335 1187 1407 δεδήλωται·
1225 1335 1313 1388 διὰ
1347 1335 1403 1389 δὲ
1448 1334 1542 1389 τοῦ
1576 1335 1703 1407 ἑξῆς
1742 1336 1921 1389 ἐπιλε-

340 1417 592 1489 γομένων
613 1437 631 1471 ι
650 1421 900 1475 Αἰθιοπία
920 1422 1221 1494 προφθάσει
1249 1425 1406 1494 χεῖρα
1430 1425 1599 1495 αὐτῆς
1618 1424 1696 1496 τῷ
1722 1424 1861 1496 Θεῷ,
1894 1444 1913 1478 ι

339 1508 409 1563 τὰ
441 1510 587 1583 ἀκρα
624 1512 723 1584 τῆς
766 1513 874 1567 τῶν
913 1513 1212 1584 ἀνθρώπων
1261 1516 1607 1588 οἰκουμένης,
1658 1516 1918 1588 Σημαίνει

338 1602 451 1675 γὰρ
492 1605 523 1657 ὁ
552 1603 732 1672 λόγος,
777 1606 854 1668 ὡς
885 1606 993 1678 ἄρα
1043 1605 1103 1670 ἐξ
1146 1607 1399 1661 ἁπάντων
1443 1608 1550 1662 τῶν
1599 1607 1768 1664 ἐθνῶν
1810 1608 1919 1662 τῶν

339 1694 435 1747 ἀπ’
463 1695 728 1767 ἀνατολῆς
753 1696 906 1768 ἡλίου
940 1696 1099 1769 μέχρι
1149 1698 1368 1769 δυσμῶν
1410 1700 1647 1770 ἥξουσιν,
1691 1700 1829 1755 κατά
1856 1702 1919 1757 τὸ

2016 509 2084 565 iis
2134 508 2411 578 prioribus
2464 520 2591 561 orsa
2640 503 2732 576 qui
2780 519 2945 575 supra
3002 500 3224 557 modum
3275 499 3579 554 idololatru:

2015 608 2206 657 erant:
2247 598 2489 669 Egyptii
2525 604 2705 652 autem
2737 596 2813 650 illi
2856 603 3013 651 erant
3053 592 3295 649 omnium
3336 591 3578 662 gentium

2016 707 2082 747 ac
2108 692 2432 762 pepuloruin
2465 687 3013 759 superstitiosissimi.
3046 685 3226 752 Quare
3242 690 3433 755 postea
3458 681 3582 736 sub-

2012 784 2194 855 jungit
2233 803 2246 839 :
2290 803 2309 837 ι
2338 782 2569 838 Venient
2611 780 2773 851 legati
2822 795 2887 834 ex
2936 777 3226 850 [Egyptoa
3271 774 3579 831 Secundum

2017 878 2270 948 Aquilam
2304 891 2457 935 vero,
2512 895 2531 926 ι
2557 874 2756 930 Ferent
2803 872 3127 927 festinanter
3151 885 3215 924 ex
3251 866 3488 939 :Egypto
3513 883 3529 932 ;
3555 883 3574 916 ι

2018 970 2319 1024 secundum
2374 966 2785 1038 Symmachum,
2842 963 3119 1018 «Veniant
3174 960 3458 1017 etl‘erentes
3513 972 3581 1013 ex

2018 1058 2306 1132 Egypto.»
2341 1058 2646 1129 Totamque
2687 1059 3097 1113 idololatrarum
3127 1068 3322 1126 genus,
3356 1067 3449 1123 per
3486 1064 3582 1106 eos

2017 1154 2112 1223 qui
2148 1168 2212 1207 ex
2249 1151 2483 1223 [Egvpto
2514 1151 2750 1214 venturi,
2796 1158 2850 1204 et
2884 1148 2951 1203 ad
2987 1148 3076 1203 Dei
3108 1146 3357 1202 notitiam
3409 1154 3585 1199 trans-

2018 1245 2147 1299 ituri
2176 1252 2324 1307 sunt,
2358 1244 2667 1310 indicatur;
2700 1258 2800 1314 per
2842 1242 2893 1297 id
2924 1255 3055 1295 vero
3095 1238 3239 1308 quod
3274 1251 3398 1290 mox
3428 1233 3585 1289 addi-

2019 1344 2144 1390 tur:
2195 1354 2213 1386 ι
2237 1335 2514 1406 AZthiopia
2544 1335 2784 1405 porriget
2835 1347 3053 1386 manum
3080 1345 3233 1386 suam
3269 1328 3398 1391 Deo,
3430 1346 3449 1378 ι
3488 1339 3584 1380 cx-

2019 1436 2189 1483 trema
2220 1427 2370 1483 orbis
2404 1427 2803 1498 signiﬁcantur.
2847 1424 3165 1479 Declaratur
3187 1436 3351 1492 porro
3373 1434 3438 1474 ex
3464 1419 3587 1472 uni-

2017 1519 2191 1573 versis
2222 1519 2475 1589 gentibus
2504 1518 2573 1573 ab
2604 1518 2815 1571 oriente
2854 1516 2968 1572 sole
3001 1529 3174 1584 usque
3216 1512 3283 1567 ad
3326 1509 3586 1566 occiden-

2018 1618 2128 1665 tem
2163 1624 2486 1665 accessuros
2535 1625 2676 1673 esse,
2727 1617 2787 1662 ut
2820 1608 2951 1662 alibi
3000 1606 3205 1662 dicitur
3239 1623 3253 1659 :
3291 1622 3310 1655 ι
3332 1601 3585 1658 Remini-

2020 1712 2242 1758 scentur
2267 1709 2320 1757 et
2356 1707 2745 1756 convertentur
2770 1699 2838 1754 ad
2865 1698 3152 1754 Dominum
3186 1696 3426 1752 universi
3448 1694 3585 1751 ﬁnes

340 1786 550 1856 φάσκον
584 1787 642 1843 ἐν
677 1789 886 1861 ἑτέροις
911 1788 1118 1859 λόγιον·
1158 1810 1178 1842 ι
1211 1791 1625 1863 Μνησθήσονται
1656 1794 1751 1847 καὶ⁵
1795 1796 1915 1847 ἐπι-

2019 1798 2177 1846 terrae
2220 1808 2235 1845 :
2282 1797 2337 1845 et
2383 1788 2688 1844 adorabunt
2714 1788 2769 1841 in
2802 1794 3102 1858 conspectu
3142 1786 3264 1856 ejus
3314 1784 3584 1840 universa:

341 1878 745 1951 στραφήσονται
795 1882 930 1953 πρὸς
980 1882 1183 1955 Κύριον
1231 1883 1405 1936 πάντα
1454 1882 1521 1936 τὰ
1564 1884 1776 1956 πέρατα
1811 1886 1912 1957 τῆς

338 1972 463 2043 γῆς,
492 1972 587 2027 καὶ
632 1975 1094 2045 προσκυνήσουσιν
1144 1972 1372 2028 ἐνώπιον
1418 1976 1581 2030 αὑτοῦ
1637 1980 1805 2040 πᾶσαι
1850 1980 1910 2034 αἰ

340 2066 566 2135 πατριαὶ
611 2065 720 2117 τῶν
764 2065 950 2119 ἐθνῶν.
985 2085 1004 2118 ι
1042 2066 1195 2121 Κατὰ
1237 2068 1293 2121 δὲ
1330 2069 1421 2121 τὸν
1463 2070 1722 2124 Ἀκύλαν·
1758 2090 1777 2123 ι
1813 2073 1910 2126 Αἶ-

338 2153 481 2226 eteo,
507 2156 661 2227 φησὶ,
690 2156 957 2230 δρομώσει
981 2162 1137 2231 χεῖρα
1158 2160 1322 2213 αὐτοῦ
1347 2160 1424 2232 τῷ
1453 2160 1597 2233 Θεῷ·
1637 2181 1656 2215 ι
1689 2163 1829 2217 κατά
1854 2163 1911 2217 δὲ

335 2246 427 2300 τὸν
457 2245 780 2319 Σύμμαχον·
814 2266 833 2299 ι
874 2250 1124 2304 Αἰθιοπία
1169 2251 1456 2306 σπευσάτω
1501 2251 1715 2306 διδοῦσα
1754 2255 1913 2325 χεῖρα

334 2330 414 2406 τῷ
446 2336 580 2408 Θεῷ.
623 2357 639 2388 ι
679 2336 833 2392 Ἐστι
877 2340 935 2393 δὲ
986 2342 1080 2396 καὶ
1131 2342 1273 2397 κατὰ
1329 2343 1427 2414 τὴν
1469 2344 1707 2416 ἱστορίαν
1755 2343 1912 2398 τοῦτο

337 2426 724 2500 πεπληρῶσθαι
759 2430 924 2499 φάναι
962 2432 1055 2484 ἐπὶ
1082 2431 1175 2486 τοῦ
1208 2433 1484 2499 Αἰθίοπος,
1515 2427 1575 2487 οὗ
1611 2434 1912 2507 μέμνηνται

334 2517 443 2571 τῶν
473 2515 783 2573 ἀποστόλων
814 2523 869 2575 αἰ
902 2522 1157 2594 Πράξεις.
1205 2524 1399 2595 Σχεδὸν
1432 2524 1539 2597 γὰρ
1573 2524 1912 2598 προέφθασεν

334 2602 488 2675 οὗτος
520 2610 590 2664 τὰ
634 2611 794 2665 λοιπά
827 2612 976 2685 ἔθνη,
1030 2615 1388 2682 καταξιωθεὶς
1420 2618 1526 2688 πρὸ
1568 2618 1782 2672 πάντων
1813 2617 1913 2690 τῆς

334 2703 588 2773 γνώσεως
612 2704 706 2759 τοῦ
734 2704 1003 2778 Σωτῆρος.
1036 2708 1219 2771 Ὅπως
1243 2708 1299 2761 δὲ
1337 2709 1431 2763 καὶ
1472 2710 1726 2782 πρέσϐεις
1752 2706 1914 2783 ἦλθον

336 2791 398 2858 ἐξ
442 2794 715 2863 Αἰγύπτου
749 2796 892 2851 κατά
934 2797 1033 2869 τὴν
1077 2798 1349 2871 ἱστορίαν,
1392 2800 1551 2855 πάλιν
1576 2805 1645 2877 αἰ
1678 2804 1915 2877 Πράξεις

333 2883 444 2938 τῶν
495 2885 804 2940 ἀποστόλων
849 2887 1115 2960 δηλοῦσιν,
1169 2892 1226 2942 ἐν
1277 2885 1365 2955 αἷς
1416 2893 1644 2964 εἴρηται,
1692 2894 1767 2958 ὡς
1807 2896 1914 2968 ἄρα

334 2977 479 3031 κατά
523 2977 622 3049 τὴν
668 2979 880 3051 ἡμέραν
925 2980 1027 3051 τῆς
1072 2982 1449 3055 Πεντηκοστῆς
1488 2985 1551 3038 τὸ
1595 2986 1819 3058 Πνεῦμα
1852 2982 1914 3041 τὸ

333 3066 492 3138 ἅγιον
532 3069 817 3143 ἐπλήρωσε
854 3067 944 3125 τὸν
987 3067 1135 3127 οἰκον
1177 3072 1304 3127 ἔνθα
1333 3071 1474 3147 ἦσαν
1513 3077 1564 3129 οἰ
1607 3076 1911 3144 ἀπόστολοι,

2018 1881 2240 1938 familiae
2269 1881 2580 1952 gentium".
2609 1900 2626 1932 ι
2649 1878 2959 1935 Secundum
2977 1876 3226 1948 Aquilam
3255 1894 3310 1931 ιι
3329 1875 3585 1947 Ᾱίιιιίορς

2018 1989 2307 2030 accurrere
2349 1973 2511 2027 faciet
2566 1986 2788 2025 manum
2836 1986 2992 2026 suam
3042 1969 3184 2037 Deo;
3215 1987 3235 2021 ι
3279 1967 3580 2024 secundum

2020 2064 2455 2138 Symmachum:
2493 2062 2811 2133 «Ethiopia
2876 2061 3097 2117 festinet
3168 2060 3300 2116 dare
3357 2074 3585 2115 manum

2020 2158 2182 2214 Deo.»
2224 2156 2304 2211 Ex
2333 2156 2563 2211 historia
2600 2172 2765 2227 porro
2813 2155 2938 2210 licet
2986 2169 3107 2210 eam
3146 2168 3262 2209 rem
3307 2152 3586 2222 impletam

2018 2250 2204 2305 dicere
2237 2248 2291 2303 in
2328 2246 2607 2319 (Ethiope,
2634 2247 2797 2317 cujus
2826 2246 3156 2301 mentionem
3194 2243 3401 2299 habent
3447 2243 3584 2298 Acta

2018 2340 2414 2412 apostolorum.
2478 2338 2601 2409 lpse
2653 2352 2889 2407 namque
2940 2343 3168 2391 caeteras
3213 2342 3404 2405 gentes
3467 2332 3581 2388 fere

2024 2430 2305 2503 praevenit,
2336 2430 2642 2486 Salvatoris
2672 2430 2986 2501 cognitione
3013 2436 3140 2484 ante
3181 2442 3371 2483 omnes
3396 2426 3589 2497 dignm-

2020 2532 2129 2578 tus.
2171 2520 2457 2588 Quomodo
2491 2529 2672 2574 autem
2722 2520 2882 2590 legati
2931 2518 3181 2574 venerint
3224 2532 3291 2571 ex
3322 2512 3583 2588 Egypto,

2018 2630 2239 2671 rursum
2292 2621 2553 2669 enarrant
2602 2610 2741 2665 Acta
2796 2610 3190 2680 apostolorum,
3239 2608 3335 2663 ubi
3361 2606 3584 2671 dicitur,

2020 2708 2077 2763 in
2116 2707 2204 2762 die
2254 2704 2608 2761 Pentecostes
2667 2701 2931 2774 Spiritum
2985 2712 3235 2758 sanctum
3291 2700 3590 2771 replevisse

2019 2797 2262 2861 domum,
2294 2795 2387 2850 ubi
2423 2801 2581 2849 erant
2615 2794 2872 2863 apostoli,
2918 2792 3239 2864 sedisseque
3267 2800 3434 2861 supra
3468 2806 3590 2845 om-

2021 2906 2120 2946 nes
2174 2888 2269 2961 qui
2323 2887 2574 2944 aderant.
2614 2885 2673 2941 in
2720 2887 2921 2957 quibus
2963 2894 3121 2942 erant
3168 2878 3376 2947 Parthi,
3422 2881 3584 2948 Medi,

2020 2974 2282 3048 Elamitaa,
2339 2988 2392 3036 et
2439 2978 2531 3050 qui
2591 2978 2910 3034 habitabant
2979 2976 3448 3049 Mesopotamiam,
3489 2972 3591 3029 Ju--

2020 3072 2190 3128 datam
2240 3080 2296 3126 et
2343 3070 2770 3143 Cappadociam,
2805 3063 3045 3123 Pontum
3072 3076 3127 3125 et
3158 3068 3371 3132 Asiam,
3411 3065 3586 3139 Phry-

334 3160 559 3215 ἐκάθισέ
585 3178 645 3214 τε
678 3162 770 3216 ἐπὶ
804 3164 929 3227 τοὺς
957 3159 1229 3237 παρόντας
1264 3145 1537 3232 ἅπανταςο
1571 3171 1628 3222 ὲν
1659 3165 1739 3234 οἷς
1778 3166 1915 3242 ἦσαν

2019 3165 2160 3237 giam
2192 3173 2247 3221 et
2294 3163 2695 3235 Pamphyliam,
2734 3161 3031 3234 Egyptum
3071 3168 3126 3216 et
3182 3167 3369 3232 partes
3402 3156 3587 3231 Libya:

335 3251 546 3327 Πάρθοι
578 3254 673 3308 καὶ
704 3254 882 3326 Μῆδοι
918 3256 1012 3311 καὶ
1054 3254 1337 3329 Ἐλαμῖται
1385 3260 1479 3313 καὶ
1518 3257 1568 3314 οἰ
1608 3262 1921 3317 κατοικοῦν-

334 3362 431 3411 τες
466 3344 564 3419 τὴν
609 3347 1065 3420 Μεσοποταμίαν,
1100 3343 1359 3405 Ἰουδαίαν
1390 3369 1452 3406 τε
1496 3354 1591 3407 καὶ
1628 3356 1923 3411 Καππαδο-

337 3440 482 3504 κίαν,
512 3440 717 3494 Πόντον
764 3441 857 3494 καὶ⁵
899 3441 996 3513 τὴν
1033 3443 1235 3509 Ἀσίαν,
1267 3441 1505 3516 Φρυγίαν
1534 3463 1595 3499 τε
1633 3444 1725 3500 καὶ
1761 3448 1920 3519 Παμ-

338 3529 555 3600 φυλίαν,
589 3528 861 3598 Αἷγυπτον
892 3531 986 3584 καὶ
1012 3531 1082 3585 τά
1123 3533 1261 3605 μέρη
1296 3532 1395 3605 τῆς
1426 3532 1631 3607 Λιϐύης
1654 3536 1753 3607 τῆς
1780 3537 1922 3591 κατά

338 3622 617 3693 Κυρήνην.
665 3613 822 3675 Οὗτοι
874 3622 937 3694 δὴ
987 3620 1080 3677 οῦν
1133 3618 1330 3688 πάντες
1374 3624 1613 3698 ὡσπερεὶ
1663 3626 1921 3698 πρέσϐεις

338 3715 630 3785 ἐτύγχανον
686 3713 793 3770 τῶν
842 3713 1043 3781 ἐθνῶν,
1094 3718 1197 3790 τῆς
1243 3721 1336 3774 τοῦ
1393 3722 1547 3791 ἁγίου
1605 3722 1922 3793 Πνεύματος

339 3804 595 3877 ἀπαρχῆς
651 3801 1065 3878 κατηξιωμένοι.
1109 3807 1268 3862 Ἀλλά
1317 3809 1426 3881 γὰρ
1482 3810 1621 3882 μετὰ
1679 3813 1804 3876 τοὺς
1861 3811 1921 3877 ἐξ

341 3896 643 3967 Αἰγύπτου,
692 3896 786 3952 καὶ
834 3898 972 3971 μετά
1018 3900 1117 3973 τὴν
1175 3899 1567 3973 προφθάσασαν
1615 3902 1917 3970 Αἰθιοπίαν,

340 3989 471 4060 ἑξῆς
504 3992 559 4043 αἰ
588 3989 772 4044 λοιπαὶ
815 3990 1078 4061 βασιλεῖαι
1118 3994 1219 4065 τῆς
1248 3995 1351 4064 γῆς
1379 3994 1687 4058 καλοῦνται,
1722 3995 1919 4068 δηλαδὴ

341 4082 438 4135 καὶ
463 4080 531 4135 τὰ
562 4081 666 4135 ὑπὸ
693 4082 914 4146 ταύταις
945 4082 1094 4156 ἔθνη.
1125 4084 1216 4137 Διὸ
1252 4085 1595 4155 ἐπιλέγεται·
1624 4106 1642 4137 ι
1673 4088 1736 4141 Αἰ
1769 4088 1921 4159 βασι-

338 4168 480 4225 λετῐιι
504 4172 604 4243 τῆς
642 4172 765 4243 γῆς,
817 4171 982 4244 ᾇσατε
1022 4172 1101 4244 τῷ
1130 4172 1268 4244 Θεῷ,
1302 4173 1508 4244 ψάλατε
1539 4174 1616 4246 τῷ
1644 4176 1849 4248 Κυρίῳ.
1894 4196 1913 4229 ι

347 4264 418 4316 Ἀ
459 4263 553 4316 καὶ⁵
590 4262 697 4315 οὐδ’
736 4262 907 4328 ἄλλως
947 4263 980 4335 ἢ
1037 4263 1124 4317 διά
1175 4265 1342 4336 μόνης
1385 4266 1486 4337 τῆς
1530 4266 1623 4320 τοῦ
1670 4268 1919 4340 Σωτῆρος

341 4352 501 4426 ἡμῶν
532 4351 878 4418 διδασκαλίας
911 4355 1097 4419 τέλους
1140 4357 1453 4429 ἐτύγχανεν.
1491 4358 1605 4413 Οὐκ
1645 4359 1791 4413 ἐστιν
1827 4356 1918 4415 οῦν

340 4445 515 4509 ἔθνος,
558 4447 619 4500 οὐ
664 4444 836 4519 χώρα,
886 4448 947 4500 οὐ
999 4447 1154 4517 γένος
1203 4448 1523 4523 ἀνθρώπων,
1571 4454 1632 4505 οὐ
1675 4453 1917 4524 βασιλεία

2019 3256 2167 3312 circa
2198 3257 2464 3327 Cyrenem
2481 3254 2550 3309 ⁶⁰.
2591 3252 2658 3307 lli
2688 3253 2855 3325 igitur
2888 3266 3081 3308 omnes
3125 3266 3226 3307 ceu
3262 3251 3424 3322 legati
3451 3266 3585 3322 gen-

2020 3352 2154 3406 tium
2213 3357 2390 3414 erant,
2440 3338 2678 3420 Spiritus
2725 3347 2899 3403 sancti
2935 3344 3190 3417 primitiis
3228 3343 3431 3399 donati.
3481 3346 3581 3398 At-

2024 3444 2169 3499 enim
2202 3450 2329 3514 post
2346 3441 2655 3513 Egyptios,
2697 3447 2820 3511 post
2862 3428 3199 3508 EtbiOpiam
3232 3447 3353 3507 quae
3382 3450 3587 3506 praeve-

2020 3545 2199 3600 nerat,
2241 3542 2434 3589 caetera
2463 3532 2662 3589 deinde
2708 3548 2872 3602 regna
2911 3542 3069 3587 terra:
3097 3536 3387 3591 vocantur,
3436 3527 3583 3583 vide-

2020 3627 2150 3683 licet
2228 3634 2419 3696 gentes
2482 3625 2551 3680 iis
2607 3624 2889 3693 subjectae.
2964 3621 3145 3689 Quare
3201 3618 3585 3691 subjungitur:

2026 3718 2256 3790 «Regna
2308 3730 2488 3785 terrm,
2546 3725 2764 3772 cantate
2820 3716 2951 3781 Deo,
3020 3714 3235 3787 psallite
3295 3712 3582 3767 Domino.»

2023 3812 2155 3880 Quae
2183 3828 2291 3867 non
2346 3811 2456 3866 alio
2503 3809 2665 3864 modo
2708 3824 2872 3881 quam
2921 3823 3017 3879 per
3063 3822 3227 3862 unam
3279 3804 3588 3861 Servatoris

2020 3905 2197 3961 nostri
2245 3904 2552 3960 doctrinam
2597 3901 2759 3958 linem
2814 3906 3166 3970 acceperunt.
3206 3897 3368 3952 Nulla
3419 3897 3589 3968 igitur

2021 4012 2173 4068 gens,
2201 3996 2349 4050 nulla
2377 3996 2553 4067 regio,
2575 3993 2787 4049 nullum
2819 4008 2992 4064 genus
3033 3992 3337 4057 hominum,
3364 3990 3581 4046 nullum

2020 4090 2078 4143 in
2110 4095 2225 4143 toto
2253 4088 2385 4144 orbe
2412 4100 2662 4158 regnum,
2708 4085 2765 4139 in
2804 4100 2914 4155 quo
2944 4101 3053 4142 non
3086 4084 3272 4156 populi
3308 4083 3417 4141 Deo
3447 4098 3585 4139 con-

2020 4183 2227 4254 gregati
2248 4182 2465 4253 jussnm
2496 4191 2893 4252 exsequantur.
2948 4178 3048 4234 Hic
3071 4195 3205 4236 vero
3234 4194 3454 4235 rursum
3495 4193 3591 4233 cao

2020 4289 2148 4329 nere
2196 4271 2327 4337 Deo,
2379 4272 2612 4343 psallere
2654 4271 2883 4327 Domino
2927 4270 3104 4339 jubet_
3154 4286 3261 4325 non
3311 4285 3408 4340 per
3455 4268 3589 4323 illud

2020 4371 2255 4435 quatuor
2280 4363 2585 4417 litterarum
2617 4377 2837 4425 nomen,
2888 4360 2984 4416 sed
3016 4376 3082 4416 eo
3126 4360 3221 4431 qui
3269 4359 3588 4431 vulgaribus

2020 4456 2305 4513 elementis
2346 4456 2685 4511 enuntiatur.
2724 4454 2902 4522 Atque
2948 4457 3007 4505 ut
3049 4452 3253 4508 clarius
3285 4451 3590 4522 perspicia—

340 4534 466 4591 καθ’
506 4537 635 4611 ὅλης
662 4539 761 4610 τῆς
804 4539 1144 4612 οἰκουμένης,
1179 4541 1305 4596 ἔνθα
1354 4543 1473 4614 ούχὶ
1522 4542 1637 4597 λαοὶ
1678 4544 1757 4616 τῷ
1799 4546 1915 4617 Θεῷ

2020 4564 2141 4603 mus
2170 4548 2293 4619 quis
2335 4547 2405 4602 sit
2445 4547 2534 4602 ille
2563 4546 2846 4611 Dominus,
2899 4536 3123 4601 subdit:
3164 4563 3183 4595 ι
3208 4544 3311 4611 Qui
3345 4544 3591 4599 ascendit

341 4631 631 4694 συστάντες
661 4631 722 4685 τὸ
753 4631 1027 4704 κέλευσμα
1058 4634 1479 4707 ἀποπληροῦσιν.
1502 4636 1671 4691 Πάλιν
1699 4637 1755 4690 δὲ
1790 4639 1916 4694 κάν-

339 4720 514 4775 ταῦθα
541 4722 686 4793 ᾅδειν
716 4720 815 4793 μὲν
844 4723 1165 4796 προστάττει
1193 4725 1274 4796 τῷ
1305 4726 1443 4796 Θεῷ,
1482 4728 1700 4797 ψάλλειν
1743 4729 1800 4782 δὲ
1838 4729 1915 4799 τῷ

337 4812 531 4885 Κυρίῳ
546 4816 643 4887 οὐχ
664 4814 749 4869 ἵνα
766 4816 841 4888 (1)
858 4810 951 4870 τοῦ
968 4819 1413 4890 τετραγρὰμμου,
1430 4820 1505 4891 τῷ
1520 4821 1575 4874 δὲ
1592 4823 1916 4895 κοινοτέροις

342 4905 625 4976 στοιχείοις
669 4907 980 4980 δηλουμένῳ
1021 4910 1262 4981 ὀνόματι.
1298 4912 1409 4966 Καὶ
1448 4913 1535 4967 ἵνα
1588 4914 1914 4985 σαφέστερον

338 4997 558 5069 γνῶμεν
571 4998 653 5064 τίς
670 5018 797 5053 ποτε
817 4997 884 5073 ἦν
903 4996 1055 5065 οὗτος
1073 5003 1103 5054 ὀ
1127 5002 1348 5075 Κύριος,
1367 5005 1720 5061 ἐπισυνάπτει
1740 5007 1915 5076 λέγων

338 5095 500 5169 ἑξῆς·
536 5114 557 5147 ι
586 5094 676 5169 Τῷ
722 5097 1069 5168 ὲπιϐεϐηκὸτι
1110 5099 1203 5152 ἐπὶ
1246 5100 1336 5154 τὸν
1369 5101 1594 5173 οὐρανὸν
1624 5102 1715 5155 τοῦ
1748 5104 1914 5176 ούρα-

337 5186 434 5241 νοῦ
486 5189 626 5243 κατά
668 5190 963 5271 ἀνατολάς·
1019 5210 1038 5243 ι
1092 5192 1293 5263 σφόδρα
1341 5193 1644 5257 ἀκολούθως
1663 5212 1675 5224 ·
1729 5194 1913 5265 ἐπειδὴ

337 5277 451 5350 γὰρ
496 5278 586 5332 διὰ
640 5279 749 5333 τῶν
800 5281 1055 5354 ἀνωτέρω
1104 5283 1319 5355 εἴρητο·
1353 5303 1371 5335 ι
1420 5284 1793 5355 Ὀδοποιήσατε
1838 5284 1916 5357 τῷ

338 5368 691 5440 ἐπιϐεϐηκότι
749 5372 842 5426 ἐπὶ
896 5372 1138 5444 δυσμῶν,
1192 5376 1392 5446 Κύριος
1449 5374 1619 5446 ὄνομα
1674 5377 1851 5449 αὐτῷ’
1892 5397 1910 5428 ι

339 5458 648 5526 ἀκολούθως
671 5461 760 5516 διὰ
798 5461 907 5517 τῶν
935 5464 1074 5535 μετά
1106 5466 1293 5536 χεῖρας
1322 5465 1503 5518 οὐκέτι
1533 5464 1915 5539 ἐπιϐεϐηκέναι

341 5553 504 5607 αὐτὸν
544 5554 639 5607 ἐπὶ
677 5554 894 5625 δυσμῶν
926 5573 1111 5628 φησιν,
1141 5556 1254 5613 ἀλλ’
1283 5559 1374 5611 ἐπὶ
1408 5557 1498 5612 τὸν
1531 5559 1757 5631 οὐρανὸν
1795 5564 1913 5615 κατ’

412 5664 459 5698 ⁸⁸
482 5665 630 5724 Psal.
663 5685 777 5734 xxi,
807 5670 897 5726 28.
975 5672 1018 5703 ⁸⁸
1045 5673 1165 5729 Act.
1200 5686 1260 5740 ll,
1290 5674 1440 5731 1-10.

416 5760 491 5833 (ι)
511 5758 651 5833 Lege
676 5762 738 5814 ού
766 5761 871 5817 ea.

2025 4656 2189 4711 super
2217 4639 2413 4694 coelum
2451 4639 2578 4694 (εωιὶ
2607 4640 2673 4694 ad
2704 4639 3007 4694 orientem:
3038 4656 3057 4689 ι
3102 4636 3264 4706 idque
3293 4635 3585 4691 admodum

2022 4740 2438 4803 consequenter,
2464 4732 2589 4803 quia
2618 4732 2869 4802 superius
2900 4729 3107 4784 dictum
3139 4729 3278 4783 fuit:
3316 4747 3336 4780 ι
3367 4730 3475 4785 lter
3510 4728 3589 4783 fa-

2023 4826 2131 4882 cite
2155 4826 2202 4880 ei
2227 4825 2319 4893 qui
2346 4819 2592 4882 ascendit
2616 4841 2779 4896 super
2800 4837 3076 4884 occasum.
3106 4820 3367 4877 Dominus
3388 4836 3587 4876 nomen

2022 4918 2153 4974 illi.»
2197 4914 2241 4972 E
2272 4935 2330 4975 re
2380 4919 2437 4974 in
2484 4918 2736 4990 przesenti
2783 4930 2893 4971 non
2944 4914 3019 4969 ait
3048 4914 3225 4984 ipsum
3271 4913 3587 4969 ascendisse

2020 5028 2184 5084 super
2229 5027 2506 5075 occasum,
2565 5011 2659 5066 sed
2710 5024 2875 5079 super
2928 5007 3127 5064 caelum
3170 5004 3237 5059 ad
3289 5006 3587 5063 orientem.

2018 5104 2123 5161 Par
2152 5106 2350 5176 quippe
2386 5111 2504 5160 erat
2537 5118 2637 5158 nos
2674 5102 2768 5172 qui
2808 5101 3134 5158 descensum
3175 5100 3295 5169 ejus
3337 5098 3581 5155 edidice-

2019 5212 2227 5261 ramus,
2270 5196 2503 5252 reditum
2557 5197 2683 5250 item
2733 5193 2971 5250 edoceri.
3036 5191 3349 5249 Descensus
3392 5190 3576 5258 itaque

2022 5298 2081 5345 ut
2129 5288 2348 5345 deitatis
2390 5303 2503 5345 suae
2535 5288 2741 5342 lumina
2773 5287 3077 5344 occultaret
3107 5284 3174 5339 ad
3210 5295 3465 5339 occasum
3499 5277 3582 5332 fa-

2021 5388 2147 5435 ctus
2169 5389 2281 5449 est;
2328 5394 2591 5434 ascensus
2620 5386 2801 5447 autem
2850 5376 2972 5450 ejus
2998 5377 3065 5433 ad
3104 5376 3303 5433 c'mlum
3332 5370 3479 5434 coeli,
3511 5369 3579 5424 ad

2026 5471 2314 5536 orientem,
2350 5472 2420 5527 ob
2454 5471 2751 5542 gloriosam
2806 5470 2928 5542 ejus
2966 5470 3021 5524 in
3077 5466 3275 5523 coelum
3314 5460 3580 5537 remigra-

2022 5563 2243 5618 tionem.
2284 5561 2398 5618 Hoc
2429 5577 2592 5633 porro
2621 5562 2826 5617 dictum
2856 5558 3105 5629 exemplo
3128 5556 3261 5611 solis
3284 5551 3576 5622 intelligas.
