4062 6208
406 377 409 381 _
508 307 609 364 τις

1186 303 1452 358 EUSEBII
1491 299 1965 358 CESARIENSIS
2001 300 2149 358 OPP.
2191 301 2370 357 PARS
2407 301 2492 356 III.
2532 330 2602 342 --
2630 301 3042 359 EXEGETICA.

3641 303 3746 360 720

507 424 662 478 Sicut
705 420 850 475 enim
895 418 975 473 sel
1011 418 1066 471 in
1108 417 1391 472 occidente
1421 418 1635 472 occulte
1680 416 2060 487 progreditur,

2185 417 2450 480 ίνατολάς.
2501 417 2649 470 Ἔδει
2682 421 2789 488 γὰρ
2821 419 2990 487 ἡμᾶς.
3021 417 3118 487 τὴν
3158 413 3378 468 κάθοδον
3414 416 3578 470 αιδτοῦ
3612 419 3747 490 “Po-

502 511 804 580 deindeque
833 517 1121 579 postquam
1147 508 1213 562 ad
1249 508 1572 561 orientalem
1605 509 1942 562 horizontem
1969 509 2065 562 ad-

502 605 672 670 venit,
717 609 862 657 recta
896 602 950 654 in
980 601 1123 656 coelo
1155 599 1348 670 pergit,
1397 600 1580 654 omnia
1616 600 1953 666 illuminans,
1988 600 2070 653 lu-

503 694 795 762 cidamque
824 693 966 746 diem
998 691 1258 754 etliciens,
1310 690 1498 744 eadem
1548 689 1762 743 ratione
1808 688 2070 743 Dominus

506 786 596 840 hic
621 784 965 846 enuntiatus,
997 782 1090 852 qui
1129 790 1374 853 tempore
1421 781 1698 852 passionis
1741 789 1795 834 et
1850 779 2068 842 mortis,

505 891 787 937 occasum,
816 883 873 928 ut
903 875 978 928 ita
1019 873 1221 936 dicam,
1259 873 1481 937 fecerat,
1514 883 1802 942 postquam
1833 871 2073 942 regionis

507 969 656 1023 illius
681 981 905 1022 cursum
937 965 1286 1028 confecisset,
1318 972 1504 1035 postea
1527 964 1728 1018 dicitur
1757 963 2074 1020 ascendisse

507 1075 674 1131 super
705 1061 908 1114 caelum
939 1060 1063 1114 εωιί
1114 1059 1180 1112 ad
1226 1059 1511 1112 orientem.
1559 1055 1871 1110 Secundum
1901 1055 2075 1126 Aqui-

507 1153 616 1206 lam
645 1168 807 1208 vero:
833 1171 850 1202 ι
875 1136 978 1217 Qui
1009 1150 1251 1206 ascendit
1281 1149 1335 1202 in
1365 1149 1562 1204 corium
1594 1148 1717 1202 cmli
1743 1149 1810 1202 ab
1832 1147 2025 1214 initio;
2051 1166 2068 1198 ›

509 1244 806 1299 secundum
839 1241 1222 1313 Symmachum
1247 1260 1259 1296 :
1289 1259 1307 1292 (
1329 1239 1432 1306 Qui
1461 1239 1674 1294 vehitur
1706 1239 1761 1293 in
1795 1240 1934 1294 cmlo
1958 1241 2079 1293 coeli

509 1352 573 1389 ex
607 1335 831 1403 primah
876 1332 1010 1386 Illud
1041 1340 1242 1397 autem,
1280 1350 1298 1383 ι
1349 1348 1414 1386 ex
1457 1331 1654 1402 prima,
1685 1349 1704 1383 ι
1738 1339 1822 1394 et,
1862 1350 1879 1379 ι
1906 1332 1972 1385 ab
1997 1331 2080 1384 in-

511 1427 659 1488 itio”
694 1426 862 1494 probe
892 1439 1191 1494 cognoscas
1233 1424 1458 1478 audiens
1504 1422 1842 1478 Servatorem
1875 1423 1948 1474 ita
2001 1422 2079 1474 lo-

509 1527 764 1590 quentem
815 1537 877 1572 ε(
915 1517 1096 1582 Pater,
1131 1519 1371 1589 gloriﬁca
1422 1534 1507 1573 me
1547 1517 1719 1588 gloria
1765 1529 1928 1584 quam
1981 1515 2076 1568 Iza-

511 1612 602 1664 bui
635 1619 925 1680 antequam
960 1611 1196 1666 mundus
1231 1619 1377 1666 esset
1408 1611 1548 1681 apud
1573 1619 1625 1664 te
1643 1609 1709 1661 ⁸⁸.
1751 1626 1770 1659 ι

2179 508 2578 579 μεμαθηκότας,
2604 510 2713 561 δοιαὶ
2755 508 2850 580 τὴν
2885 509 3142 562 ἐπάνοδον
3174 505 3504 576 διδαχθῆναι.
3546 507 3610 561 Ἦ
3653 510 3751 579 μὲν

2175 595 2266 653 οὖν
2295 599 2515 662 κάθοδος
2560 599 2648 653 διὰ
2693 599 2787 653 τοῦ
2839 599 3132 654 καλύπτειν
3177 598 3342 652 αὑτοῦ
3374 601 3441 652 τὰ
3465 596 3618 668 φῶτα
3653 602 3752 670 τῆς

2177 691 2426 761 θεότητος
2467 693 2558 744 ἐπὶ
2605 691 2825 762 δυσμῶν
2874 692 3116 760 ἐγίνετο·
3151 694 3184 762 ἡ
3225 691 3282 744 δὲ
3321 691 3503 754 ἄνοδος
3535 691 3629 743 ἐπὶ
3660 692 3753 744 τὸν

2176 783 2399 853 οὐρανὸν
2433 781 2524 835 τοῦ
2555 762 2780 854 ούρανοῦ
2827 783 2946 835 κατ’
2979 782 3238 846 ἀνατολὰς
3288 781 3378 835 διὰ
3417 782 3517 854 τὴν
3548 782 3754 849 ἔνδοξον

2177 871 2340 924 αὑτοῦ
2388 873 2467 934 εἰς
2519 871 2775 942 οὐρανοὺς
2812 872 3269 926 ἀποκατάστασιν.
3326 872 3558 943 Νοήσεις
3602 871 3660 926 δὲ
3693 871 3754 925 τὸ

2177 963 2496 1034 λελεγμένον
2536 965 2600 1016 ὲκ
2650 963 2742 1016 τοῦ
2795 964 2934 1017 κατά
2977 964 3066 1017 τὸν
3106 964 3261 1035 ἥλιον
3292 962 3749 1034 παραδείγματος.

2182 1057 2398 1128 Ὥσπερ
2423 1057 2532 1128 γὰρ
2579 1057 2606 1109 ὁ
2650 1057 2797 1127 ἥλιος
2821 1099 2836 1120 ,
2885 1057 3025 1111 κατά
3068 1057 3276 1129 δυσμὰς
3313 1057 3623 1128 γενόμενος,
3656 1057 3755 1126 τὴν

2179 1147 2358 1219 ἀφανῆ
2388 1147 2612 1216 πορείαν
2646 1150 2900 1211 ποιεῖται,
2930 1144 3027 1202 εἶτ’
3054 1149 3146 1201 ἐπὶ
3181 1148 3274 1202 τὸν
3305 1147 3614 1201 ἀνατολικὸν
3641 1148 3757 1218 όρί-

2187 1237 2344 1303 ζοντα
2400 1241 2774 1310 καταντήσας,
2831 1240 2959 1294 εὐθὺ
3000 1239 3094 1293 τοῦ
3141 1224 3367 1310 ούρανοῦ
3421 1238 3643 1311 φέρεται
3687 1238 3756 1292 τά

2186 1330 2472 1400 σύμπαντα
2504 1331 2751 1400 φωτίζων
2780 1332 2872 1385 καὶ
2916 1331 3170 1403 λαμπρὰν
3203 1331 3417 1403 ἡμέραν
3454 1331 3754 1403 ἐργαζόμε-

2182 1439 2290 1486 νος,
2338 1423 2477 1477 κατά
2518 1423 2610 1476 τὸν
2659 1423 2820 1476 αὐτὸν
2850 1424 3050 1495 τρόπον
3097 1425 3190 1478 καὶ
3241 1426 3269 1477 ό
3313 1423 3628 1494 δηλούμενος
3666 1426 3755 1475 ὲν-

2181 1513 2356 1568 ταῦθα
2392 1513 2614 1585 Κύριος,
2659 1515 2755 1585 τὴν
2797 1515 3145 1569 ἀποδοθεῖσαν
3194 1515 3482 1569 κατάδυσιν
3525 1515 3752 1585 ποιησά-

2187 1623 2344 1676 μενος
2387 1605 2528 1660 κατὰ
2559 1607 2648 1659 τὸν
2681 1605 2868 1678 καιρὸν
2899 1606 2992 1659 τοῦ
3026 1606 3230 1670 πάθους
3259 1609 3352 1661 καὶ
3379 1605 3472 1659 τοῦ
3508 1605 3753 1667 θανάτου,

509 1706 606 1777 τὴν
659 1704 840 1777 χώραν
887 1705 1280 1777 διαπορευθεὶς,
1330 1707 1466 1776 μετά
1487 1704 1656 1758 ταῦτα
1700 1703 1914 1770 λέγεται
1947 1700 2340 1770 ἀναϐεϐηκέναι
2403 1701 2495 1754 ἐπὶ
2540 1701 2630 1755 τὸν
2675 1701 2901 1774 οὐρανὸν
2965 1701 3058 1755 τοῦ
3122 1702 3346 1773 ούρανοῦ
3388 1703 3505 1756 κατ’
3566 1702 3756 1753 ἀνατο-

510 1798 626 1861 λάς.
667 1798 823 1852 Κατά
843 1798 901 1852 δὲ
923 1800 1014 1853 τὸν
1047 1800 1294 1863 Ἀκύλαν,
1338 1817 1357 1850 ι
1394 1799 1484 1870 Τῷ
1516 1797 1863 1869 ἐπιϐεϐηκότι
1904 1799 1962 1849 ὲν
2021 1796 2236 1868 ούρανῷ
2269 1795 2497 1867 ούρανοῦ
2539 1796 2774 1867 ἀρχῆθεν
2823 1813 2836 1827 ·

2913 1815 2931 1848 ι
2999 1796 3154 1850 Κατὰ
3203 1797 3260 1850 δὲ
3311 1798 3403 1851 τὸν
3445 1795 3760 1867 Σύμμαχον,

517 1910 535 1942 ι
577 1889 666 1961 Τῷ
695 1893 1036 1963 ὲποχουμένῳ
1083 1893 1174 1945 ἐπὶ
1217 1892 1306 1944 τὸν
1357 1892 1584 1962 οὐρανὸν
1620 1891 1711 1945 τοῦ
1753 1890 1981 1964 ούρανοῦ
2049 1892 2114 1943 ὲκ
2146 1889 2388 1962 πρώτης,
2439 1909 2458 1942 ι
2514 1889 2749 1961 εἴρηται.
2784 1889 2856 1942 Τὸ
2896 1889 2972 1952 δὲ,
3005 1908 3022 1939 t
3050 1891 3112 1942 ὲκ
3145 1888 3364 1961 πρώτης
3395 1907 3416 1941 ι
3443 1889 3556 1952 καὶ,
3589 1905 3608 1939 t
3663 1888 3762 1957 ἀρ-

511 1987 695 2059 χῆθεν,
730 2007 748 2039 ι
784 1989 994 2058 νοήσεις
1039 1987 1200 2040 αὑτοῦ
1235 1987 1485 2056 λέγοντος
1529 1987 1743 2042 ἀκούων
1774 1986 1870 2040 τοῦ
1904 1987 2151 2058 Σωτῆρος

511 2079 604 2132 τὸν
637 2079 842 2150 κόσμον
876 2077 1014 2132 εἶναι
1050 2077 1202 2150 παρὰ
1236 2080 1335 2132 σοί.
1384 2097 1404 2134 ι

2194 2003 2208 2017 ·
2245 2005 2263 2038 ι
2303 1986 2504 2057 Πάτερ,
2553 1983 2772 2051 δόξασόν
2823 2001 2888 2056 με
2935 1987 2999 2056 τῇ
3040 1979 3226 2057 δόξῃῇ
3289 1979 3432 2055 εἶχον
3499 1980 3604 2053 πρὸ
3665 1977 3761 2032 τοῦ

586 2192 751 2250 Vens.
785 2193 972 2249 διεδ.
1011 2213 1028 2245 ι
1055 2194 1193 2250 Ecce
1225 2195 1378 2249 dabit
1410 2195 1528 2249 voci
1586 2210 1699 2250 sua:
1741 2210 1925 2250 vocem
1981 2195 2080 2248 vir-

2263 2229 2282 2262 ι
2332 2209 2460 2262 Ἰδοὺ
2506 2205 2666 2262 δώσει
2709 2209 2775 2279 τῇ
2829 2208 2977 2278 φωνῇ
3028 2205 3190 2259 αὐτοῦ
3238 2205 3417 2277 φωνὴν
3457 2204 3756 2277 δυνάμεως,

515 2286 673 2349 tutis,
733 2286 857 2341 date
893 2288 1118 2357 gloriam
1171 2286 1277 2342 Deo
1337 2302 1500 2357 super
1546 2284 1767 2342 Israel.»
1820 2285 2076 2341 Notitiam

517 2379 719 2451 praebet
743 2379 1030 2434 memorati
1072 2377 1283 2434 Domini
1308 2381 1498 2436 dicens
1529 2399 1542 2435 :
1570 2398 1586 2432 ι
1618 2379 1757 2435 Ecce
1789 2379 1938 2434 dabit
1961 2380 2079 2434 voci

519 2483 632 2523 suae
666 2483 854 2522 vocem
892 2468 1166 2522 virtutis.»
1211 2467 1312 2523 IIic
1368 2485 1494 2524 vere
1527 2469 1656 2524 licet
1709 2469 1935 2523 fortnam
1987 2469 2081 2523 de—

515 2562 754 2616 scribere
797 2559 1016 2615 virtutis
1049 2559 1168 2630 ejus
1192 2600 1207 2625 ,
1241 2560 1335 2631 qui
1363 2579 1382 2612 ι
1415 2560 1467 2615 in
1499 2561 1767 2632 principio
1790 2569 1906 2616 erat
1938 2561 2077 2632 apud

514 2652 685 2709 Deum
703 2653 769 2720 ",
807 2671 823 2705 ι
855 2650 949 2708 Dei
979 2651 1164 2717 Verbi,
1197 2653 1340 2724 quod
1365 2668 1465 2708 vox
1493 2653 1613 2722 ejus
1657 2669 1764 2706 non
1799 2652 2078 2706 hominum

515 2747 636 2802 voci
683 2746 902 2812 similis,
956 2745 1054 2801 sed
1098 2745 1282 2800 divina
1331 2749 1533 2802 virtute
1587 2746 1744 2817 plena
1798 2747 1888 2801 sit.
1940 2743 2074 2799 Nam

521 2837 733 2902 «dabit.
797 2839 996 2910 inquit,
1064 2839 1186 2893 voci
1245 2854 1357 2894 sua:
1402 2853 1590 2893 vocem
1655 2836 2082 2891 virtutis.»'Su-

517 2931 703 3002 peritis
735 2932 864 2987 item
895 2931 1182 2986 dicebatur
1221 2950 1235 2986 :
1292 2949 1310 2981 ι
1342 2931 1608 2986 Dominus
1657 2930 1808 2984 dabit
1852 2931 2079 2985 verbum

516 3023 1038 3094 evangelizantibus,
1091 3023 1294 3078 virtute
1342 3023 1565 3076 multa.»
1610 3023 1750 3090 Quia
1783 3025 1928 3079 enim
1980 3039 2080 3078 vox

517 3107 664 3183 ejus
695 3115 897 3170 virtute
953 3115 1287 3184 replebatur,
1370 3115 1566 3184 merito
1639 3114 2079 3184 praedicationem

519 3221 675 3260 suam
720 3205 1221 3277 evangelizantibus
1251 3207 1476 3262 verbum
1524 3207 1687 3261 dabat
1713 3221 1836 3261 cum
1883 3208 2082 3262 virtute

518 3298 710 3354 multa.
749 3297 899 3369 Opus
929 3308 1107 3353 autem
1138 3298 1313 3370 ipsum
1347 3299 1602 3352 virtutem
1639 3298 1902 3353 declarat.
1943 3297 2080 3351 Nam

519 3405 644 3446 cum
665 3391 898 3460 simplici
945 3391 1137 3446 vocula
1185 3389 1470 3460 discipulis
1501 3391 1615 3444 suis
1641 3389 1891 3455 dixisset,
1934 3409 1952 3441 ι
1977 3387 2083 3443 Vc—

519 3484 651 3557 nite,
698 3483 990 3552 sequimini
1037 3500 1145 3548 tne,
1176 3491 1232 3538 et
1265 3483 1460 3538 faciam
1519 3499 1612 3538 vos
1643 3484 1946 3552 piscatores
1979 3482 2080 3536 ho-

2184 2302 2302 2356 δότε
2332 2300 2485 2364 δόξαν
2514 2298 2590 2370 τῷ
2623 2298 2741 2369 Θεῷ
2774 2297 2865 2351 ἐπὶ
2898 2298 2986 2350 τὸν
3019 2295 3249 2368 Ἰσραήλ.
3287 2315 3306 2348 ι
3342 2295 3632 2369 Γνώρισμα
3665 2297 3763 2351 τοῦ

2185 2392 2510 2464 δηλωθέντος
2555 2390 2762 2462 Κυρίου
2809 2389 3141 2462 παραδίδωσι
3189 2388 3390 2458 λέγων·
3426 2408 3444 2441 ι
3491 2389 3618 2444 Ἰδοὺ
3659 2389 3760 2443 δώ-

2188 2504 2270 2540 σει
2293 2487 2359 2556 τῇ
2393 2486 2540 2555 φωνῇ
2565 2481 2728 2536 αὑτοῦ
2762 2483 2939 2552 φωνὴν
2969 2481 3266 2552 δυνάμεως.
3307 2501 3323 2532 ι
3365 2480 3641 2535 Ἐντεῦθεν
3667 2479 3763 2536 οὖν

2185 2578 2399 2650 ἀληθῶς
2431 2579 2546 2629 ἐστι
2576 2575 2977 2646 χαρακτηρίσαι
3003 2574 3101 2645 τὴν
3135 2573 3332 2645 ἀρετὴν
3369 2593 3387 2625 ι
3419 2573 3514 2628 τοῦ
3532 2576 3589 2629 ὲν
3616 2575 3763 2647 ἀρχῇ

2187 2667 2319 2739 πρὸς
2353 2667 2442 2720 τὸν
2471 2665 2603 2718 Θεὸν
2635 2685 2653 2718 ι
2675 2664 2810 2719 Θεοῦ
2843 2665 3038 2733 Λόγου,
3065 2666 3127 2717 ἐκ
3150 2665 3240 2718 τοῦ
3263 2665 3359 2736 τὴν
3388 2665 3568 2737 φωνὴν
3597 2667 3765 2720 αὐτοῦ

2190 2761 2264 2832 μὴ
2293 2759 2481 2831 ὁμοίαν
2515 2755 2653 2812 εἶναι
2686 2756 3012 2830 ἀνθρώποις,
3051 2758 3329 2829 δυνάμεως
3367 2759 3422 2812 δὲ
3466 2759 3765 2834 πεπληρῶ-

2189 2852 2310 2905 σθαι
2345 2851 2511 2916 θείας.
2555 2869 2573 2904 t
2606 2848 2776 2904 Δώσει
2816 2869 2834 2902 ι
2865 2850 2995 2922 γὰρ,
3041 2851 3192 2922 φησὶ,
3229 2870 3247 2903 ι
3277 2855 3342 2923 τῇ
3397 2856 3546 2925 φωνῇ
3597 2854 3764 2908 αὐτοῦ

2187 2944 2368 3016 φωνὴν
2401 2945 2703 3017 δυνάμεως.
2740 2964 2757 2994 ι
2785 2943 2894 2997 Καὶ
2937 2943 3192 3014 ἀνωτέρω
3221 2944 3277 2998 δὲ
3314 2944 3556 3013 ἐλέγετο·
3593 2965 3611 2998 t
3652 2946 3766 3002 Κύ-

2191 3053 2302 3108 ριος
2357 3035 2514 3089 δώσει
2580 3036 2730 3106 ῥῆμα
2797 3037 2910 3098 τοῖς
2982 3034 3485 3107 εύαγγελιζομένοις
3539 3037 3768 3110 δυνάμει

2187 3129 2371 3199 πολλῇ.
2413 3148 2430 3180 ι
2471 3127 2686 3199 Ἐπειδὴ
2719 3128 2826 3199 γὰρ
2871 3129 2903 3199 ἡ
2953 3129 3102 3198 φωνὴ
3131 3128 3293 3182 αὐτοῦ
3324 3130 3647 3203 πεπλήρωτο
3672 3133 3767 3186 δυ-

2187 3219 2420 3288 νάμεως,
2455 3217 2676 3280 εἰκότως
2715 3216 2809 3269 καὶ
2858 3218 2969 3279 τοῖς
3010 3215 3515 3287 εύαγγελιζομένοις
3544 3219 3606 3272 τὸ
3635 3222 3763 3293 περὶ

2187 3309 2348 3362 αὑτοῦ
2374 3309 2631 3379 κήρυγμα
2655 3307 2821 3361 ἐδίδου
2848 3308 2995 3379 ῥῆμα
3022 3309 3119 3360 σὺν
3139 3307 3366 3380 δυνάμει
3390 3309 3575 3382 πολλῇ.
3603 3311 3767 3383 Παρί-

2188 3418 2342 3470 στησι
2374 3400 2430 3454 δὲ
2463 3399 2522 3452 τὸ
2555 3397 2714 3470 ἔργον
2763 3399 2861 3471 τὴν
2890 3398 3136 3470 δύναμιν.
3165 3400 3310 3472 Ψιλῇ
3338 3400 3446 3473 γὰρ
3473 3405 3615 3472 φωνῇ
3646 3403 3762 3465 τοῖς

2189 3492 2352 3547 αὑτοῦ
2399 3491 2666 3563 μαθηταῖς
2713 3490 2912 3543 εἰπών·
2979 3509 2998 3541 t
3051 3489 3213 3543 Δεῦτε
3263 3490 3597 3544 ἀκολουθεῖτέ
3641 3507 3750 3560 μοι,

517 3573 843 3636 ιιιίιιιιιιι⁶³,›
898 3589 1036 3644 Opus
1094 3573 1273 3644 ipsum
1325 3575 1528 3629 virtute
1579 3589 1680 3628 sua
1737 3573 1932 3629 edebat
1969 3592 1981 3626 :
2017 3589 2080 3629 ac

2185 3582 2276 3636 καὶ
2291 3583 2499 3653 ποιήσω
2515 3581 2656 3651 ὑμᾶς
2673 3578 2839 3642 ἁλιεῖς
2856 3579 2950 3632 ἀνθ
2960 3577 3176 3651 ρώπων,
3214 3598 3233 3630 ι
3262 3578 3482 3650 δυνάμει
3509 3578 3568 3631 τὸ
3597 3577 3756 3651 ἔργον

518 3679 737 3720 rursum
769 3680 893 3720 cum
928 3667 1274 3736 przecepisset
1311 3667 1501 3721 iisdem
1553 3667 1741 3723 dicens
1779 3687 1792 3722 :
1831 3687 1847 3719 ι
1879 3669 2082 3725 Euntes

517 3757 708 3810 docete
733 3771 922 3810 omnes
949 3765 1137 3826 gentes
1170 3758 1222 3811 in
1248 3759 1465 3812 nomine
1498 3775 1618 3813 meo
1633 3759 1733 3823 “,3
1770 3775 1935 3830 opere
1965 3760 2081 3814 vir-

517 3857 687 3903 tutem
717 3849 994 3904 exhibuit:
1028 3865 1091 3903 ac
1125 3865 1341 3904 rursum
1379 3866 1505 3904 cum
1539 3851 1772 3905 diceret:
1816 3871 1834 3902 ι
1860 3850 2085 3921 Oportet

519 3941 803 4013 praedicari
840 3940 1188 4012 Evangelium
1243 3943 1394 4012 regni
1431 3943 1483 3996 in
1536 3953 1649 3997 toto
1679 3946 1818 3999 orbe
1840 3945 1895 3998 in
1929 3946 2080 4000 testi-

510 4031 760 4087 inonium
786 4032 1042 4086 omnibus
1074 4033 1440 4102 gentibus“,i
1479 4035 1630 4089 verbi
1664 4036 1917 4090 virtutem
1949 4036 2082 4105 ipsis

519 4121 783 4194 operibus
823 4123 1264 4192 conspiciendam
1305 4127 1532 4194 przebuit
1560 4168 1573 4189 ,
1605 4135 1658 4180 et
1711 4126 1848 4180 alias
1899 4129 1978 4181 sic
2004 4128 2084 4180 Io-

518 4224 680 4270 cutus
713 4233 728 4271 :
761 4212 976 4284 «Supra
1008 4224 1216 4286 petram
1245 4217 1523 4272 :edilirabo
1561 4217 1853 4272 Ecclesiaiu
1883 4234 2078 4283 meam,

517 4318 572 4364 et
606 4316 778 4379 portae
817 4306 976 4364 inferi
1007 4324 1116 4362 non
1143 4311 1514 4378 praevalebunt
1540 4310 1804 4368 adversus
1839 4328 1957 4366 eam
1977 4314 2077 4377 “,i

515 4416 578 4456 re
611 4402 732 4471 ipsa
763 4399 873 4456 vim
921 4401 1236 4456 declaravit.
1285 4401 1485 4456 Eodem
1539 4419 1764 4473 prorsus
1814 4405 1976 4459 modo
2029 4407 2080 4460 in

519 4493 734 4548 caeteris
785 4493 1040 4548 omnibus
1097 4493 1218 4563 ejus
1255 4494 1521 4550 doctrina:
1557 4497 1740 4553 verbis
1787 4499 2078 4554 admistam

520 4584 759 4639 divinam
799 4585 918 4653 ejus
956 4587 1215 4641 virtutem
1252 4587 1650 4657 deprehendas.
1707 4590 1876 4662 Cujus
1913 4607 2081 4646 causa

520 4676 726 4730 dictum
755 4684 840 4731 est
865 4696 878 4732 :
916 4695 934 4728 ι
961 4677 1098 4732 Ecce
1121 4678 1273 4732 dabit
1307 4680 1427 4734 voci
1452 4696 1564 4736 sua:
1591 4697 1778 4736 vocem
1807 4684 2040 4737 virtutis.
2058 4703 2075 4735 ι

524 4764 630 4821 Sed
671 4765 831 4821 etiam
887 4767 972 4822 bis
1003 4768 1218 4822 traditis
1269 4769 1558 4835 institutis,
1593 4773 1698 4827 sub
1738 4773 1851 4828 base
1893 4775 2085 4845 praeci-

521 4857 636 4928 pit:
675 4876 694 4909 ι
716 4856 848 4913 Date
879 4860 1106 4929 gloriam
1164 4859 1272 4916 Deo
1308 4879 1472 4933 super
1506 4863 1700 4919 Israel:
1733 4865 2084 4936 magniﬁcen-

523 4948 602 5002 tia
633 4947 753 5018 ejus
789 4956 844 5004 et
871 4949 1044 5004 virtus
1073 4950 1192 5021 ejus
1222 4951 1276 5006 in
1320 4953 1613 5010 nubibus.»
1675 4953 1809 5008 Illud
1837 4955 2080 5025 quidem,

531 5058 552 5092 ο
576 5039 708 5096 Date
751 5041 979 5112 gloriam
1010 5040 1172 5109 Deo,»
1203 5045 1461 5100 omnibus
1487 5045 1711 5111 dicitur,
1751 5046 1843 5117 qui
1891 5046 1960 5101 ad
1991 5063 2081 5102 sa-

526 5132 756 5187 lutarent
779 5131 936 5188 ﬁdem
961 5143 1258 5202 vocantur;
1292 5136 1426 5191 illud
1447 5144 1651 5201 autem,
1690 5155 1708 5188 ι
1739 5153 1903 5207 super
1923 5135 2086 5194 Israel

526 5221 929 5293 magniﬁcentia
985 5223 1160 5294 ejus,»
1220 5224 1490 5295 signiﬁcat
1518 5240 1613 5280 eos
1650 5241 1714 5279 ex
1762 5223 1962 5281 Israele
1989 5227 2083 5295 qui

525 5315 742 5371 deitatls
790 5315 910 5386 ejus
951 5332 1231 5387 praecones
1272 5315 1513 5377 fuerunt,
1555 5317 1834 5386 apostolos
1877 5317 2086 5372 scilicet

526 5413 581 5459 et
611 5405 1000 5477 evangelistas,
1032 5421 1062 5460 a
1091 5407 1292 5475 quibus
1330 5407 1732 5476 magniﬁcentia
1761 5407 1905 5477 ejus,
1933 5405 2084 5460 vide-

526 5497 654 5553 licet
713 5499 952 5564 deitatis,
1026 5497 1378 5554 noscebatur.
1438 5495 1619 5564 Quare
1669 5498 1797 5552 alibi
1838 5497 2078 5553 dicitur:

2187 3674 2392 3728 ἐποίει·
2431 3673 2525 3726 καὶ
2565 3672 2724 3726 πάλιν
2777 3671 3149 3742 ἐντειλάμενος
3193 3671 3372 3734 αὐτοῖς
3421 3670 3512 3722 καὶ
3552 3668 3750 3722 είπών·

2189 3785 2208 3818 ι
2248 3765 2605 3837 Πορευθέντες
2670 3762 3040 3836 μαθητεύσατε
3084 3764 3261 3818 πάντα
3293 3762 3359 3816 τὰ
3398 3761 3521 3833 ἔθνη
3562 3763 3620 3814 ὲν
3674 3761 3759 3834 τῷ

2183 3857 2405 3928 ὀνόματί
2438 3875 2560 3928 μου,
2606 3875 2624 3908 ι
2657 3857 2802 3926 ἔργῳ
2831 3855 2929 3927 τὴν
2963 3855 3188 3926 δύναμιν
3221 3855 3451 3908 ἐδείκνυ·
3481 3853 3575 3907 καὶ
3603 3849 3759 3918 αὖθις

2183 3947 2382 4003 εἰπών·
2423 3968 2441 4000 ι
2499 3951 2591 4002 Δεῖ
2636 3946 2973 4019 κηρυχθῆναι
3018 3946 3078 4000 τὸ
3106 3946 3430 4015 Εύαγγέλιον
3472 3946 3570 4016 τῆς
3617 3945 3766 4016 βασιρ

2182 4041 2332 4104 λείας
2371 4044 2427 4094 ὲν
2470 4041 2568 4114 ὅλῃ
2617 4043 2683 4110 τῇ
2717 4039 3013 4111 οἰκουμένῃ
3059 4040 3137 4102 είς
3168 4038 3462 4110 μαρτύριον
3493 4040 3624 4090 πᾶσι
3651 4041 3767 4102 τοῖς

2184 4132 2381 4196 ἔθνεσι,
2411 4151 2428 4182 ι
2466 4130 2559 4184 τοῦ
2592 4130 2750 4199 λόγου
2784 4129 2880 4200 τὴν
2911 4129 3134 4198 δύναμιν
3163 4129 3345 4192 αὐτοῖς
3375 4127 3553 4199 ἔργοις
3577 4129 3770 4200 παρεῖ-

2183 4241 2276 4294 χεν
2309 4224 2440 4295 όρᾷν
2460 4239 2472 4252 ·
2508 4222 2600 4274 καὶ
2643 4220 2827 4275 ἄλλοτε
2861 4221 3064 4290 φήσας·
3105 4239 3123 4270 ι
3171 4219 3296 4271 Ἐπὶ
3327 4219 3426 4290 τὴν
3457 4219 3660 4291 πέτραν
3687 4219 3769 4272 οἱ·

2184 4313 2468 4383 κοδομήσω
2518 4329 2618 4383 μου
2662 4311 2762 4382 τὴν
2801 4310 3144 4382 Ἐκκλησίαν,
3192 4311 3286 4363 καὶ
3332 4310 3496 4364 πύλαι
3535 4311 3661 4382 ᾅδου
3701 4313 3765 4364 ού

2184 4403 2593 4472 κατισχύσουσιν
2619 4402 2809 4472 αὐτῆς,
2845 4423 2861 4455 ι
2900 4400 3048 4473 αὐτῷ
3088 4402 3370 4472 πράγματι
3395 4403 3494 4473 τὴν
3529 4400 3766 4472 δύναμιν

2185 4494 2582 4565 παρεστήσατο.
2618 4493 2720 4547 Τὸν
2753 4493 2912 4547 αὑτὸν
2940 4489 3032 4547 οὖν
3059 4493 3261 4565 τρόπον
3294 4493 3389 4546 καὶ
3415 4495 3525 4556 τοῖς
3556 4491 3768 4553 λοιποῖς

2184 4585 2356 4639 ἅπασι
2382 4589 2493 4650 τοῖς
2524 4587 2621 4657 τῆς
2651 4586 2991 4649 διδασκαλίας
3021 4584 3184 4638 αὑτοῦ
3216 4586 3420 4656 ῥήμασι
3456 4601 3769 4656 συγκεκρα-

2188 4675 2352 4752 μένην
2383 4679 2561 4752 εὖροις
2590 4681 2657 4735 ἂν
2683 4681 2781 4752 την
2815 4680 2999 4751 θεῖκὴν
3039 4677 3284 4750 δύναμιν.
3322 4673 3396 4732 Οὗ
3427 4678 3586 4750 χάριν
3611 4680 3770 4750 εἴρη-

2183 4788 2304 4825 ται·
2336 4791 2354 4823 ι
2391 4772 2520 4826 Ἰδοὺ
2544 4771 2706 4826 δώσει
2731 4775 2798 4844 τῇ
2822 4774 2972 4843 φωνῇ
2998 4771 3160 4824 αὑτοῦ
3195 4772 3376 4843 φωνὴν
3405 4772 3707 4842 δυνάμεως.
3743 4792 3764 4826 ι

2199 4861 2356 4917 Ἀλλά
2393 4862 2502 4935 γὰρ
2532 4863 2704 4917 ταῦτα
2727 4863 3040 4926 παιδεύσας,
3063 4861 3190 4932 ἑξῆς
3210 4861 3634 4934 παρακελεύεται
3659 4862 3771 4932 φά-

2189 4971 2331 5007 σκων
2357 4975 2370 4986 ο
2409 4975 2427 5006 ι
2459 4955 2586 5008 Δότε
2616 4956 2772 5022 δόξαν
2804 4954 2882 5026 τῷ
2910 4954 3028 5026 Θεῷ
3063 4955 3156 5008 ἐπὶ
3183 4955 3272 5008 τὸν
3313 4953 3559 5026 Ἰσραήλ·
3590 4954 3627 5024 ἡ
3667 4971 3773 5024 με-

2185 5043 2552 5115 γαλοπρέπεια
2582 5044 2744 5098 αὑτοῦ
2781 5045 2878 5098 καὶ
2905 5047 2938 5115 ἡ
2967 5045 3193 5116 δύναμις
3217 5044 3380 5098 αὑτοῦ
3416 5045 3473 5097 ὲν
3513 5045 3635 5106 ταῖς
3680 5059 3774 5097 νε-

2185 5135 2392 5206 φέλαις.
2435 5156 2453 5188 ι
2475 5135 2547 5189 Τὸ
2582 5137 2680 5208 μὲν
2720 5132 2833 5200 οὖν,
2871 5155 2890 5188 ι
2927 5137 3054 5191 Δότε
3083 5137 3236 5202 δόξαν
3259 5135 3336 5207 τῷ
3368 5133 3504 5206 Θεῷ,
3543 5153 3562 5186 ι
3593 5135 3773 5187 πᾶσιν

2191 5229 2399 5301 εἴρηται
2438 5230 2550 5291 τοῖς
2577 5228 2933 5300 κεκλημένοις
2971 5229 3076 5283 ὑπὸ
3113 5229 3209 5299 τὴν
3242 5229 3501 5300 σωτήριον
3539 5225 3731 5280 πίστιν
3757 5247 3773 5258 ·

2193 5319 2266 5374 Τὸ
2291 5321 2367 5384 δὲ,
2398 5339 2416 5372 ι
2447 5321 2538 5374 ἐπὶ
2580 5321 2671 5374 τὸν
2721 5320 2933 5393 Ἰσραὴλ
2970 5323 3004 5392 ἡ
3042 5320 3484 5392 μεγαλοπρέπεια
3512 5317 3706 5384 αὐτοῦ,
3749 5339 3775 5371 δ

2193 5412 2443 5482 σημαίνει
2483 5411 2609 5475 τοὺς
2653 5411 2712 5477 ἐξ
2753 5412 2966 5485 Ἰσραήλ
3003 5411 3323 5483 γενομένους
3368 5411 3466 5482 τῆς
3505 5409 3780 5481 θεότητος

2191 5499 2354 5552 αὑτοῦ
2383 5500 2644 5571 κήρυκας,
2669 5501 2993 5565 ἀποστόλους
3013 5499 3210 5572 δηλαδὴ
3236 5502 3328 5554 καὶ
3346 5497 3779 5571 εὐαγγελιστὰς,

595 5653 638 5684 ⁶¹
661 5650 828 5711 Joan.
852 5669 985 5717 xvtt,
1014 5654 1068 5708 5.
1145 5653 1188 5687 ⁶²
1215 5651 1372 5710 Joan.
1405 5668 1442 5718 ι,
1467 5653 1518 5706 1.
1593 5654 1637 5686 ⁸³
1659 5653 1846 5708 Matth.
1885 5669 1959 5715 tv,
1987 5653 2072 5710 l9.

2185 5652 2408 5708 'Mattb.
2443 5669 2630 5719 xxvm,
2663 5655 2751 5711 l9.
2825 5655 2870 5688 “
2903 5655 3087 5710 Matth.
3142 5672 3290 5722 utv,
3327 5656 3416 5712 η.
3488 5655 3534 5687 ⁸⁸
3562 5653 3775 5713 latth.

528 5737 637 5784 ιη,
673 5724 758 5776 18.
