4014 6206
273 261 370 317 721

1405 252 1913 315 COMMENTARIA
1950 249 2018 307 IN
2057 246 2399 307 PSALMOS.

3439 234 3548 291 72?.

267 381 397 453 :ap‘
423 375 507 445 οἷς
542 381 578 453 η
627 378 1071 452 μεγαλοπρέπεια
1109 378 1275 435 αὑτοῦ
1321 376 1651 450 ὲγνωρίζετο
1674 393 1688 409 ο
1724 373 1868 429 οὕτω

1977 369 2291 438 «Quoniam
2344 368 2555 422 elevata
2613 371 2699 420 est
2772 359 3178 434 magniﬁcentia
3229 368 3320 417 tua
3377 369 3544 425 super

264 472 364 543 τῆς
396 472 652 542 θεότητος
682 471 850 526 αὑτοῦ
884 472 1243 544 καλουμένης.
1269 471 1360 525 Διὸ
1382 470 1628 524 λέλεκται
1657 471 1714 522 ὲν
1744 468 1865 523 ἑτέ--

267 566 420 633 ροίςο
457 580 477 615 ι
519 562 641 615 Ὅτι
685 561 898 635 ἐπήρθη
930 565 964 635 ἡ
1003 561 1451 634 μεγαλοπρέπειά
1484 578 1579 614 σου
1612 558 1867 629 ὑπεράνω

264 652 378 707 τῶν
406 652 671 726 οὐρανῶν.
722 672 742 705 ι
770 654 894 709 ὀτι
925 654 982 708 δὲ
1014 655 1079 708 ού
1107 653 1309 718 πάντες
1337 656 1389 707 οἱ
1424 653 1482 720 ἐξ
1526 650 1744 724 Ἰσραὴλ
1773 643 1865 704 οὗ·

269 763 353 801 τοι
394 746 633 820 Ἰσραὴλ,
665 746 786 800 οὐδὲ
827 748 908 801 ὅτι
947 748 1056 801 εἰσὶ
1110 747 1332 819 σπέρμα
1367 744 1620 817 Ἀϐραὰμ
1667 746 1867 808 πάντες

267 840 441 895 τέκνα
459 856 473 870 ·
506 838 602 893 καὶ
627 838 704 903 ὡς
738 839 799 893 οὐ
826 837 895 893 τά
928 837 1093 892 τέκνα
1135 838 1235 909 τῆς
1263 836 1466 909 σαρκὸς
1493 833 1666 890 ταῦτα
1696 834 1886 889 τέκνα.

266 930 366 985 τοῦ
402 929 570 984 Θεοῦο
611 929 733 984 οὐδὲ
755 932 784 985 6
808 931 867 984 ὲν
893 927 973 1000 τῷ
1009 927 1232 1000 φανερῷ
1274 927 1524 991 Ἰουδαῖός
1546 928 1715 992 ἐστιν,
1746 927 1869 981 οὐδὲ

268 1023 305 1091 ἡ
335 1021 393 1073 ὲν
426 1019 508 1091 τῷ
536 1018 759 1091 φανερῷ
808 1019 866 1071 ὲν
917 1018 1080 1090 σαρκὶ
1128 1016 1421 1091 περιτομὴ,
1455 1018 1569 1072 ἀλλ’
1615 1020 1643 1072 6
1687 1018 1746 1069 ὲν
1790 1014 1868 1086 τῷ

268 1112 500 1187 κρυπτῷ
533 1112 805 1177 Ἰουδαῖος,
834 1114 930 1167 καί
953 1112 1222 1187 περιτομὴ
1248 1111 1474 1183 καρδίας
1500 1114 1558 1166 ὲν
1574 1110 1865 1180 πνεύματι,

267 1207 333 1260 ού
360 1206 675 1278 γράμματι,
709 1205 950 1260 διδάσκει
981 1205 1169 1277 σαφῶς
1194 1206 1222 1259 6
1256 1205 1595 1269 Ἀπόστολος.
1625 1204 1748 1258 Ἐπὶ
1776 1204 1868 1257 τὸν

283 1297 503 1371 Ἰσραὴλ
521 1297 755 1370 τοίνυνὴ
790 1298 1237 1370 μεγαλοπρέπεια
1277 1296 1441 1351 αὐτοῦ
1465 1314 1478 1327 ·
1508 1296 1643 1354 ἀλλά
1668 1296 1763 1350 καὶ
1788 1315 1806 1347 ι
1834 1299 1868 1368 ἡ

266 1390 500 1462 δύναμις
544 1389 707 1444 αὐτοῦ
734 1393 791 1445 ἐν
815 1395 933 1454 ταῖς
966 1391 1249 1461 νεφέλαιςο
1288 1410 1306 1444 ι
1340 1391 1469 1464 περὶ
1513 1382 1589 1444 ὧν
1641 1391 1871 1457 Ἡσαΐας

268 1481 519 1546 θεσπίζει
554 1481 753 1551 λέγων·
796 1501 815 1535 ι
847 1483 958 1537 Καὶ
992 1485 1114 1546 ταῖς
1146 1481 1395 1552 νεφέλαις
1439 1481 1758 1553 ὲντελοῦμαι
1794 1483 1869 1554 μὴ

271 1572 464 1647 βρέξαι
506 1573 600 1626 ἐπὶ
646 1573 738 1628 τὸν
784 1573 1082 1645 ἀμπελῶνα
1112 1574 1288 1643 ὑετόν.
1326 1594 1346 1626 ι
1392 1573 1611 1645 Ἐδήλου
1655 1573 1712 1629 δὲ
1758 1575 1868 1646 ἀρα

271 1668 408 1730 τοὺς
444 1667 732 1739 προφήτας
760 1668 853 1720 m‘t
900 1667 1027 1731 τοὺς
1068 1665 1177 1720 τῶν
1222 1667 1381 1721 θείων
1423 1666 1762 1739 μαθημάτων
1790 1666 1871 1720 δι-

1967 462 2248 519 εωιοε⁶⁷.ι
2294 458 2450 526 Quod
2497 465 2821 511 autemnon
2867 468 3058 508 omnes
3096 449 3194 522 qui
3239 464 3306 505 ex
3341 445 3546 501 Israele

1967 562 2117 618 sunt,
2148 553 2312 609 Israel
2340 548 2573 607 vocandi
2605 551 2747 616 sint;
2781 562 2957 618 neque
2982 545 3113 616 quia
3145 557 3332 598 semen
3371 538 3546 594 Abra-

1966 646 2051 702 hae
2076 651 2225 708 sunt,
2264 642 2387 698 ideo
2422 655 2615 695 omnes
2662 637 2756 692 lilii
2800 638 2922 706 ejus
2968 636 3109 700 sint;
3157 632 3415 704 quodque
3449 630 3545 684 tilii

1967 738 2154 794 carnis
2181 753 2291 793 non
2341 737 2438 790 lilii
2471 734 2565 789 Dei
2614 732 2809 795 sint”,
2860 745 3039 801 neque
3093 727 3186 799 qui
3235 726 3414 797 palam
3449 720 3548 778 ιυ-

1967 830 2139 891 (Ιιειιε,
2171 844 2299 884 vere
2338 827 2467 882 talis
2495 827 2589 886 sit.
2624 840 2801 895 neque
2830 837 2961 879 vera
2992 820 3346 876 circumcisio
3376 819 3450 874 sit
3483 833 3547 873 ea

1970 938 2091 992 qua:
2125 921 2181 976 in
2214 935 2381 975 carne
2412 918 2508 982 fit;
2545 917 2642 974 sed
2669 915 2896 976 Ιιιάιειιε
2923 929 3083 969 verus
3124 913 3180 967 iu
3219 910 3459 975 occulto,
3493 918 3551 963 et

1968 1014 2322 1069 circumcisio
2351 1011 2536 1067 cordis
2573 1011 2628 1064 in
2659 1008 2854 1080 spiritu
2880 1050 2894 1075 ,
2943 1022 3053 1061 non
3082 1006 3139 1060 in
3167 1006 3350 1073 littera
3380 1002 3544 1067 sit”,

1970 1087 2118 1160 clare
2149 1105 2309 1159 docet
2335 1102 2651 1174 Apostolus.
2694 1099 2873 1172 Super
2903 1096 3076 1152 Israel
3126 1095 3296 1166 igitur
3335 1093 3547 1165 magni-

1970 1196 2188 1252 iicentia
2213 1196 2373 1266 ejus;
2416 1193 2512 1250 sed
2539 1194 2707 1249 etiam
2743 1211 2761 1243 ι
2786 1192 2965 1245 virtus
2988 1189 3108 1259 ejus
3140 1189 3195 1243 in
3227 1187 3498 1243 nubibus:
3520 1205 3543 1241 ι

1970 1292 2037 1348 de
2071 1290 2272 1362 quibus
2320 1290 2490 1345 Isaias
2515 1288 2846 1344 vaticinatur
2899 1284 3126 1340 dicens:
3170 1301 3189 1334 ι
3217 1280 3284 1336 Ει
3310 1281 3547 1338 nubibus

1972 1383 2245 1439 mandabo
2272 1396 2343 1437 ne
2370 1382 2561 1452 pluant
2586 1394 2753 1451 supra
2780 1379 2995 1437 vineam
3033 1374 3338 1447 pluviam“lo
3362 1392 3377 1444 ;
3404 1392 3422 1426 ι
3458 1373 3547 1428 in-

1972 1479 2167 1534 dicans
2223 1475 2433 1533 scilicet
2486 1474 2803 1545 prophetas,
2856 1478 2912 1528 et
2946 1470 3258 1525 divinarum
3289 1466 3543 1536 discipli~

1970 1583 2165 1624 narum
2220 1567 2496 1630 doctores,
2528 1564 2642 1636 qui,
2675 1562 3130 1621 subministrante
3158 1559 3393 1630 Spiritu,
3433 1571 3551 1613 co;-

1971 1661 2096 1717 lesti
2122 1660 2304 1731 pluvia
2333 1659 2545 1715 animas
2575 1657 2859 1713 hominum
2890 1662 2950 1711 ut
2976 1656 3180 1711 bonum
3215 1668 3405 1725 agrum
3431 1651 3553 1706 irri-

269 1758 594 1825 δασκάλους,
628 1760 679 1813 οἳ
710 1762 777 1831 τῇ
815 1760 909 1813 τοῦ
953 1759 1271 1828 Πνεύματος
1298 1759 1533 1831 χορηγίᾳ
1578 1760 1668 1813 τὸν
1709 1759 1870 1831 οὐρά-

1975 1753 2197 1824 gabant.
2238 1753 2314 1806 Ita
2346 1766 2476 1823 ergo
2503 1751 2681 1806 virtus
2716 1749 2838 1818 ejus
2872 1748 2927 1803 in
2964 1747 3233 1802 nubibus.
3279 1764 3298 1796 ι
3321 1743 3550 1799 Mirabi-

275 1866 396 1905 νιον
421 1850 569 1904 ὐετὸν
591 1854 711 1915 ταῖς
748 1850 859 1907 τῶν
893 1849 1194 1923 ἀνθρώπων
1215 1850 1415 1921 ψυχαῖς
1461 1850 1650 1924 ῶσπερ
1672 1851 1731 1904 ὲν
1765 1849 1871 1922 χώ-

277 1959 409 2014 ραις
436 1942 657 2011 ἀγαθαῖς
683 1942 1003 2015 ὲπήρδευον.
1051 1941 1238 2007 Οὕτως
1289 1937 1382 1996 οὖν
1432 1942 1525 1996 ml.
1562 1943 1597 2013 ἡ
1643 1941 1871 2012 δύναμις

276 2033 449 2089 αὐτοῦ
494 2035 549 2088 ὲν
568 2036 689 2099 ταῖς
724 2033 994 2103 νεφέλαις.
1030 2052 1051 2087 ι
1078 2034 1401 2106 Θαυμαστὸς
1444 2035 1474 2087 6
1517 2033 1647 2099 Θεὸς
1675 2034 1733 2086 ὲν
1759 2035 1873 2096 τοῖς

275 2125 458 2194 ἁγίοις
477 2124 665 2190 αὐτοῦ,
697 2143 717 2178 ι
758 2124 964 2198 ἑτέροις
984 2121 1102 2180 οὖσι
1122 2125 1272 2199 παρὰ
1291 2126 1419 2190 τοὺς
1444 2124 1872 2199 προωνομασμὲ-

271 2234 400 2281 νους
420 2217 706 2288 προφήτας
737 2217 832 2270 ml.
859 2216 1212 2281 ἀποστόλους.
1248 2217 1407 2281 Τίνες
1431 2217 1475 2271 δ’
1502 2217 1568 2270 ἂν
1593 2211 1701 2271 εἶεν
1728 2210 1873 2271 οὗτοι

267 2308 390 2363 ἀλλ’
414 2310 467 2362 οί
492 2307 553 2375 ἐξ
579 2309 836 2365 ἁπάντων
860 2308 967 2363 τῶν
994 2309 1168 2365 ἐθνῶν
1198 2311 1421 2380 ἁγνείας
1443 2310 1538 2365 καὶ
1564 2309 1871 2381 ἁγιωσύνης

267 2399 604 2483 ἠξιωμένος
634 2401 692 2454 ὲν
717 2394 800 2464 οἷς
828 2400 922 2454 καὶ
956 2400 1270 2473 θαυμαστός
1292 2403 1440 2455 ἐστιν
1463 2403 1492 2455 6
1519 2402 1673 2467 Θεὸς,
1698 2400 1872 2465 διδοὺς

261 2490 461 2554 αὐτοῖς
487 2488 715 2561 δύναμιν
756 2490 852 2544 καὶ
890 2492 1247 2563 κραταίωσιν.
1274 2492 1367 2546 Διὸ
1408 2492 1677 2562 συνῆπται
1714 2491 1866 2564 ἑξῆς·

270 2598 299 2632 ι
340 2580 403 2634 Ὀ
427 2579 563 2643 Θεὸς
605 2581 823 2653 Ἰσραὴλ
847 2581 1009 2644 αὐτὸς
1037 2580 1197 2635 δώσει
1223 2581 1453 2655 δύναμιν
1478 2584 1572 2637 καὶ
1601 2584 1875 2655 κραταίω-

263 2688 361 2726 σιν
392 2670 473 2743 τῷ
502 2670 617 2744 λαῷ
644 2672 835 2736 αὐτοῦ,
860 2672 1151 2745 εὐλογητὸς
1177 2675 1207 2726 6
1235 2673 1387 2739 Θεός.
1422 2693 1441 2727 ι
1467 2674 1637 2729 Πάλιν
1666 2675 1721 2729 δὲ
1745 2675 1879 2730 κάνο.

262 2763 452 2818 ταῦθα
490 2762 722 2835 δύναμιν
768 2765 1082 2835 ἀναγκαίως
1110 2764 1309 2819 διδόναι
1334 2765 1581 2821 λέλεκται
1616 2767 1693 2839 τῷ
1731 2767 1873 2840 ἁγίῳ

267 2853 391 2922 ὶαῷ
418 2851 607 2918 αὐτοῦ,
657 2853 745 2907 ἴνα
789 2854 1014 2927 δύνηται
1061 2854 1277 2927 λέγειν·
1309 2874 1330 2908 ι
1370 2856 1556 2911 Πάντα
1607 2858 1774 2929 ἰσχύω
1813 2859 1872 2912 ὲν

261 2939 357 3018 τῷ
379 2946 769 3020 ἐνδυναμοῦντί
799 2965 887 3020 με.
917 2968 937 3001 ι
961 2949 1109 3007 Ἔδει
1138 2949 1269 3022 γὰρ,
1297 2949 1487 3022 ῶσπερ
1506 2954 1620 3015 τοῖς
1643 2953 1871 3021 εὐαγγε-

265 3039 582 3112 λιζομένοις
610 3040 789 3094 δέδοτο
813 3040 965 3113 ῥῆμα
998 3042 1095 3097 σὺν
1121 3042 1349 3115 δυνάμει
1380 3042 1573 3117 πολλῇ,
1600 3044 1742 3099 οὕτω
1776 3044 1868 3099 καὶ

1978 1847 2045 1902 lis
2092 1843 2236 1899 Deus
2272 1844 2328 1898 in
2378 1843 2584 1899 sanrtis
2641 1842 2811 1905 suis,»
2868 1839 2965 1911 qui
3014 1838 3106 1893 alii
3158 1847 3347 1894 sunta
3382 1852 3553 1908 supra

1977 1937 2294 1992 memoratis
2342 1934 2625 2005 prophetis
2676 1941 2732 1990 et
2800 1932 3088 2005 apostolis.
3145 1930 3383 1998 Quinam
3440 1929 3548 1994 illi,

1977 2030 2085 2087 nisi
2124 2029 2218 2101 qui
2253 2045 2321 2084 ex
2347 2028 2607 2083 omnibus
2650 2027 2909 2099 gentibus
2934 2026 3202 2082 castitate
3248 2031 3303 2080 et
3346 2023 3554 2081 sancti-

1977 2123 2162 2179 monia
2194 2121 2385 2178 donati
2418 2120 2582 2179 sunt?
2610 2121 2665 2175 in
2707 2119 2907 2190 quibus
2957 2117 3237 2173 mirabilis
3268 2115 3415 2175 Deus
3441 2123 3558 2179 est,

1976 2219 2073 2291 qui
2102 2218 2362 2289 virtutem
2387 2223 2444 2271 et
2471 2215 2641 2270 robur
2663 2213 2799 2283 ipsis
2830 2211 3112 2282 impertiit.
3145 2210 3326 2277 Quare
3356 2207 3556 2265 deinde

1978 2309 2327 2380 subjungitur
2357 2327 2370 2362 :
2432 2325 2450 2358 ι
2473 2305 2617 2361 Deus
2664 2302 2832 2360 Israel
2883 2303 3001 2373 ipse
3035 2298 3188 2356 dabit
3216 2301 3470 2356 virtutem
3499 2304 3557 2354 et

1978 2404 2356 2460 fortitudinem
2402 2400 2547 2471 plebi
2612 2413 2747 2461 sua),
2796 2394 3125 2451 benedictus
3186 2392 3385 2449 Deus.»
3453 2390 3555 2448 Hic

1976 2510 2200 2553 rursum
2254 2493 2510 2548 virtutem
2564 2497 2760 2546 saneto
2808 2489 3013 2558 populo
3062 2487 3186 2556 ejus
3235 2484 3554 2541 necessario

1976 2586 2093 2642 dari
2127 2585 2225 2649 ait,
2277 2590 2338 2639 ut
2365 2581 2541 2653 possit
2570 2581 2755 2635 dicere
2793 2597 2807 2632 :
2865 2597 2884 2629 ι
2908 2575 3105 2633 Omnia
3134 2583 3359 2647 possum
3388 2575 3445 2629 in
3486 2590 3556 2630 eo

1976 2679 2072 2751 qui
2120 2693 2207 2733 me
2253 2674 2646 2732 coniortat'm
2685 2670 2944 2741 Oportuit
2969 2669 3142 2733 enim,
3174 2665 3551 2735 utevangeli-

1979 2769 2234 2827 zantibus
2266 2766 2494 2823 verbum
2522 2763 2711 2820 datum
2760 2760 2939 2817 fuerat
2964 2774 3088 2815 cum
3122 2759 3325 2812 virtute
3353 2755 3551 2819 multa,

1978 2860 2055 2915 ita
2084 2872 2317 2929 quoque
2341 2855 2545 2927 populo
2590 2852 2714 2924 ejus
2763 2851 2933 2907 robur
2963 2857 3019 2905 et
3046 2849 3303 2903 virtutem
3338 2845 3552 2903 submi-

1977 2928 2231 3015 nistrari,
2261 2928 2325 3003 ut
2354 2946 2529 3019 possit
2574 2954 2767 3004 contra
2798 2943 3074 3000 versutias
3120 2939 3327 2997 diaboli
3365 2937 3553 2995 consi-

1978 3051 2144 3111 stere,
2177 3057 2241 3099 ac
2273 3041 2502 3114 perinde
2531 3047 2695 3111 atque
2726 3037 2930 3093 Paulus
2961 3036 3147 3090 dicere
3179 3052 3193 3088 :
3238 3052 3257 3086 ι
3286 3031 3422 3101 Quis
3450 3046 3555 3087 nos

259 3133 354 3211 ’ιῴ
400 3132 515 3204 λαῷ
552 3132 720 3187 αὑτοῦ
768 3133 1101 3204 κραταίωσιν
1156 3136 1252 3189 καὶ
1293 3135 1522 3208 δύναμιν
1581 3138 1863 3209 παρέχειν,

1975 3134 2242 3207 separabit
2273 3149 2304 3189 a
2334 3133 2607 3191 cbaritate
2633 3132 2764 3187 Dei?
2801 3128 3110 3193 tribulatio,
3159 3142 3229 3181 an
3270 3123 3552 3197 angustia,

262 3223 418 3294 ’πρὸς
451 3225 511 3278 τὸ
537 3224 795 3279 δύνασθαι
835 3224 1084 3280 ἵστασθαι
1131 3228 1268 3299 πρὸς
1314 3227 1415 3293 τὰς
1447 3228 1727 3301 μεθοδείας
1771 3229 1864 3284 τοῦ

1974 3246 2042 3285 an
2075 3226 2410 3300 persecutio,
2437 3241 2507 3279 an
2536 3223 2771 3279 fames"
2790 3222 2814 3276 ?
2836 3241 2855 3276 ι
2893 3232 2949 3277 ει
2975 3222 3062 3277 his
3089 3217 3311 3275 similia.

179 3343 183 3346 ν
260 3315 544 3386 διαϐόλου,
570 3321 663 3374 καὶ
702 3320 880 3390 λέγειν
912 3321 1115 3393 ὁμοίως
1178 3321 1408 3393 Παύλῳ·
1465 3342 1485 3376 ι
1519 3324 1615 3388 Τίς
1672 3326 1820 3397 ἡμᾶς
1856 3324 2081 3397 χωρίσει
2123 3322 2233 3378 ἀπὸ
2273 3322 2374 3393 τῆς
2416 3319 2635 3389 ἀγάπης
2687 3313 2782 3370 τοῦ
2823 3314 2998 3379 Θεοῦς
3049 3312 3226 3382 θλίψις
3270 3310 3305 3382 ἢ
3375 3324 3557 3368 στενο-

262 3410 476 3483 χωρία,
506 3410 540 3482 ἢ
565 3410 823 3483 διωγμὸς,
865 3413 899 3485 ἢ
945 3413 1131 3485 λιμός;
1164 3432 1184 3465 ι
1219 3414 1314 3468 καὶ
1343 3414 1412 3468 τά
1450 3413 1662 3480 τούτοις
1696 3416 2073 3490 παραπλήσια.

268 3524 393 3579 ΕΙΣ
432 3522 817 3585 Το·ΤΕΛΟΣ,
869 3525 1057 3579 ΥΠΕΡ
1116 3527 1253 3579 ΤΩΝ
1300 3528 1869 3584 ΑΛΛΟΙΩΘΗΣΟΜΕ-

721 3596 883 3661 ΝΩΝ,
922 3597 1010 3669 To
1050 3597 1273 3652 ΔΑΥιΔ.
1313 3596 1438 3653 sua

354 3704 379 3737 ε
420 3683 604 3739 Σῶσόν
659 3703 748 3758 με,
795 3686 825 3740 6
868 3686 1021 3753 Θεὸς,
1053 3687 1135 3742 ὅτι
1183 3688 1504 3761 είσήλθοσαν
1552 3690 1722 3746 ὕδατα
1767 3691 1873 3755 ἕως

270 3776 464 3849 ψυχῆς
521 3795 642 3850 μου.
688 3797 707 3830 ι
770 3779 1041 3850 Τέτταρές
1096 3780 1234 3835 εἰσιν
1291 3783 1343 3835 οἱ
1400 3783 1871 3855 ἐπιγεγραμμένοι

280 3889 301 3920 ι
350 3868 528 3941 ’Υπὲρ
553 3870 661 3923 τῶν
683 3869 1228 3943 ἀλλοιωθησομὲνωψ
1267 3892 1287 3925 ι
1322 3872 1416 3927 δύο
1443 3874 1542 3946 μὲν
1563 3874 1658 3929 τοῦ
1688 3874 1869 3939 Δαυῒδ,

276 3964 306 4017 ὁ
340 3960 487 4033 μετά
511 3965 699 4034 χεῖρας
723 3965 817 4017 καὶ
840 3960 998 4018 6'v0"
1020 3964 1130 4018 τῶν
1161 3965 1219 4018 δὲ
1248 3965 1380 4019 υίῶν
1402 3967 1546 4039 Κορὲ
1571 3961 1672 4033 εἷς,
1702 3967 1871 4039 ὁ,μδ¹,

280 4051 383 4103 καὶ
427 4051 525 4104 τοῦ
568 4051 740 4122 Ἀσάφ
784 4052 986 4123 ὁμοίως
1031 4054 1061 4107 6
1101 4052 1195 4107 οϐ’.
1242 4053 1367 4109 Ἐπὶ
1411 4056 1627 4111 πάντων
1664 4056 1721 4111 δὲ
1754 4059 1874 4113 ἀντ)¹

278 4140 406 4206 τοῦ,
452 4160 472 4194 ι
514 4143 689 4218 ’Υπὲρ
736 4144 846 4197 τῶν
890 4144 1424 4218 ἀλλοιωθησομένων,
1460 4170 1479 4201 ι
1514 4152 1543 4203 6
1577 4150 1674 4221 μὲν
1716 4150 1873 4205 Ἀκύ-

1972 3527 2038 3582 IN
2087 3524 2339 3590 manu,
2378 3519 2527 3577 pno.
2566 3518 2656 3574 ns
2684 3516 2823 3590 om
2869 3509 3554 3590 ,εριιιιυτλευιιτυιμ

2413 3590 2543 3648 11³81
2584 3584 2820 3645 DAVID.
2862 3584 3093 3644 LXVIII.

2044 3687 2213 3744 Vens.
2244 3686 2301 3750 2.
2330 3687 2385 3742 5.
2425 3705 2443 3739 ι
2483 3685 2705 3741 Salvum
2735 3697 2822 3738 me
2860 3680 2968 3743 fac,
2994 3677 3159 3740 Deus,
3193 3673 3452 3747 quoniam
3479 3672 3558 3728 in-

1976 3789 2260 3843 traverunt
2282 3795 2437 3850 aquae
2462 3792 2638 3849 usque
2666 3775 2734 3830 ad
2757 3774 2995 3829 animam
3025 3784 3222 3824 meam.
3253 3786 3274 3820 ι
3309 3765 3560 3833 Quatuor

1974 3873 2169 3947 psalmi
2207 3892 2225 3925 ι
2281 3870 2391 3927 Pro
2441 3870 2513 3926 iis
2562 3867 2656 3940 qui
2697 3863 3183 3922 commutabuntur
3238 3879 3257 3914 ι
3304 3858 3569 3931 inscripti.

1976 3969 2127 4020 sunt.
2159 3960 2277 4016 Duo
2310 3957 2554 4023 Davidis,
2588 3971 2786 4026 nempe
2817 3954 2907 4009 hic
2955 3967 3116 4023 quem
3169 3958 3483 4007 tractamus.
3504 3958 3563 4006 et

1979 4073 2071 4111 ιιι
2102 4076 2115 4110 :
2146 4054 2382 4108 ﬁliorum
2409 4050 2550 4106 Core
2571 4064 2735 4109 unus,
2754 4046 2964 4103 scilicet
2986 4059 3111 4099 κων
3135 4061 3150 4111 ;
3179 4043 3380 4113 Αεοιὶιί
3407 4042 3559 4098 simi-

1976 4149 2098 4204 liter
2130 4161 2318 4202 ιιιιιχ.
2350 4143 2408 4197 In
2436 4140 2695 4197 omnibus
2744 4153 2911 4209 porro
2937 4136 3086 4191 illius
3117 4135 3268 4202 loco,
3291 4156 3321 4186 «η
3354 4134 3460 4189 Pro
3491 4134 3559 4190 iis

282 4233 408 4299 λας,
444 4254 464 4286 ι
514 4235 639 4288 Ἐπὶ
681 4236 903 4308 κρίνων,
939 4257 958 4290 ι
1005 4237 1335 4293 ἐκδέδωκεν·
1383 4241 1412 4293 6
1452 4241 1511 4294 δὲ
1557 4241 1870 4313 Σύμμαχος,

1978 4239 2072 4310 qui
2102 4238 2610 4295 commutabuntur,
2652 4253 2670 4285 ι
2709 4230 2928 4301 Aquila,
2962 4248 2980 4281 ι
3017 4228 3194 4299 Super
3214 4228 3347 4293 lilia,
3382 4245 3402 4279 ι
3438 4226 3555 4281 edi—

282 4346 308 4379 ί
359 4325 537 4398 ’Υπὲρ
574 4326 684 4382 τῶν
726 4326 923 4382 ἀνθῶν.
961 4347 981 4381 ι
1031 4326 1089 4383 Ὀ
1115 4330 1212 4401 μὲν
1239 4325 1330 4384 οὖν
1367 4330 1449 4402 μδ¹
1475 4330 1572 4403 τὴν
1617 4334 1748 4405 περὶ
1781 4333 1870 4388 τοῦ

1980 4333 2062 4388 dit
2089 4351 2104 4397 ;
2129 4330 2491 4403 Symmachus
2521 4341 2673 4387 vero,
2705 4342 2723 4375 ι
2769 4323 2873 4376 Pro
2901 4321 3146 4376 ﬂoribus.
3186 4338 3205 4371 ι
3244 4317 3561 4390 Quadrage-

296 4418 616 4489 ⁹Δγαπητοῦ
665 4421 1003 4493 προφητείαν
1043 4424 1308 4493 περιεῖχε,
1353 4423 1453 4495 τῆς
1494 4440 1553 4477 τε
1602 4423 1663 4489 ἐξ
1705 4423 1870 4478 ἐθνῶν

1982 4425 2157 4480 simus
2184 4423 2368 4492 itaque
2398 4426 2631 4490 quartus
2660 4415 2727 4470 de
2759 4413 2975 4467 Dilecto.
3006 4410 3368 4481 pr0phetiam,
3392 4416 3559 4479 atque

296 4510 631 4581 Ἐκκλησίας
676 4511 775 4585 τὴν
806 4513 916 4567 ἀπὸ
956 4513 1066 4567 τῶν
1095 4514 1350 4587 χειρόνων
1389 4515 1484 4570 ἐπὶ
1524 4515 1595 4570 τά
1640 4515 1870 4589 κρείττω

1975 4516 2217 4591 gentium
2257 4512 2523 4567 Ecclesiae
2550 4524 2582 4563 a
2621 4505 2903 4579 pejoribus
2936 4502 3002 4558 ad
3038 4501 3264 4558 meliora
3306 4501 3560 4555 immuta-

281 4604 580 4661 ἀλλοίωσιν
600 4623 615 4639 ·
657 4608 686 4660 6
728 4607 787 4662 δὲ
831 4609 1196 4680 πεντηκοστὸς
1241 4609 1428 4675 ἔνατος
1467 4608 1738 4681 ἀποϐολὴν
1777 4609 1870 4663 τοῦ

1978 4612 2204 4672 tionem,
2256 4601 2679 4674 complectitur;
2718 4595 3208 4668 quinquagesimus
3241 4609 3421 4650 nonus
3461 4595 3560 4649 ab-

301 4696 578 4751 Ἰουδαίων
607 4697 795 4765 ἔθνους
823 4700 916 4755 ml.
946 4701 1056 4755 τῶν
1089 4701 1399 4772 ἀλλοφύλων
1438 4700 1608 4757 ἐθνῶν
1648 4701 1749 4772 τὴν
1782 4701 1870 4755 ἐπὶ

1975 4699 2270 4773 jectionem
2290 4694 2505 4751 Iudaici
2526 4691 2734 4766 populi,
2752 4689 3291 4761 alienigenarumque
3315 4688 3555 4757 gentium

1981 4793 2048 4848 ad
2099 4786 2551 4862 praestantissima
2577 4780 2993 4839 conversionem
3024 4796 3053 4847 ;.
3078 4793 3297 4835 rursum
3332 4788 3559 4850 septua-

1981 4884 2222 4957 gesimus
2261 4895 2439 4935 nonus
2487 4875 2703 4933 Judaiei
2734 4872 3186 4957 populilapsum,
3220 4878 3274 4926 et
3309 4869 3559 4925 Salvato-

285 4786 364 4839 τά
390 4785 652 4842 κάλλιστα
681 4789 1015 4861 μεταϐολήν
1055 4792 1083 4845 6
1110 4790 1167 4844 δὲ
1193 4790 1268 4845 οθ¹
1301 4787 1457 4856 αὖθις
1485 4792 1584 4863 τὴν
1614 4789 1709 4844 τοῦ
1746 4792 1877 4844 Ἰου-

285 4877 460 4933 δαίων
484 4877 670 4944 ἔθνους
697 4881 1035 4949 ἀπόπτωσιν,
1062 4884 1156 4939 ml.
1188 4883 1281 4938 τοῦ
1302 4883 1556 4957 Σωτῆρος
1582 4882 1742 4956 ἡμῶν
1774 4881 1873 4954 τὴν

288 4968 706 5043 ὲνανθρὼπησιν
740 4973 1011 5045 σημαίνει.
1040 4975 1278 5039 Εἰκότως
1305 4969 1399 5029 οὖν
1427 4954 1522 5029 καὶ
1550 4975 1579 5028 6
1604 4954 1742 5047 μετὰ
1767 4975 1870 5045 χεῖ-

1983 4954 2063 5036 ris
2114 4977 2290 5034 nostri
2343 4971 2775 5029 incarnationem
2840 4954 3132 5038 signiﬁcat.
3181 4957 3343 5020 ἔοι-ε’
3373 4964 3557 5033 itaque

293 5080 420 5137 ρας,
473 5080 492 5114 ι
539 5064 709 5137 ’Υπὲρ
755 5066 863 5121 τῶν
903 5066 1433 5140 ἀλλοιωθησομένων,
1486 5086 1505 5119 ι
1538 5067 1594 5139 ἢ,
1642 5086 1660 5118 ι
1708 5067 1870 5139 ’Υπὲρ

1983 5087 2223 5145 praesens
2253 5071 2381 5126 item
2413 5068 2683 5140 psalmus,
2718 5082 2742 5114 ι⁴
2773 5060 2882 5118 Pro
2914 5062 2985 5118 iis
3010 5060 3104 5133 qui
3136 5058 3556 5117 commutabune

291 5154 408 5210 τῶν
429 5155 626 5222 ἀνθῶν,
658 5177 677 5210 ι
709 5159 851 5214 κατά
871 5160 961 5214 τὸν
995 5159 1397 5233 Σύμμαχον,’ἣ,
1430 5179 1448 5211 ι
1472 5160 1596 5214 Ἐπὶ
1616 5159 1870 5233 κρίνων.»

1981 5175 2111 5233 tur;
2160 5185 2179 5218 ι
2214 5169 2307 5217 aut
2356 5179 2380 5213 ι
2411 5158 2516 5214 Pro
2554 5150 2802 5216 ﬂoribus,
2847 5177 2866 5207 ι
2910 5160 2970 5207 ut
3013 5151 3558 5225 Symmachus;aut,

293 5245 447 5301 κατά
473 5245 564 5300 τὸν
606 5248 853 5315 Ἀκύλαν,
879 5251 1279 5323 ἐπιγέγραπται
1298 5268 1311 5282 ·
1342 5251 1530 5324 ἐπειδὴ
1558 5252 1658 5324 τὴν
1689 5253 1783 5305 ἐπὶ
1815 5251 1870 5306 :6

1987 5278 2007 5311 ι
2043 5259 2221 5328 Super
2242 5253 2385 5320 lilia,
2417 5271 2436 5306 ι
2475 5261 2536 5306 ιιι
2571 5249 2789 5323 Aquila,
2821 5246 3122 5317 inscriptus
3150 5252 3257 5308 est,
3288 5240 3415 5313 quia
3453 5253 3553 5309 po-

296 5338 484 5410 χεῖρον
530 5337 810 5396 ἀλλοίωσιν
844 5342 940 5397 τοῦ
975 5345 1039 5397 ὲκ
1083 5343 1385 5416 περιτομῆς
1417 5340 1547 5396 λαοῦ
1591 5344 1685 5397 καὶ
1716 5343 1870 5407 αὐτὸς

1976 5349 2094 5420 puli
2119 5364 2188 5405 ex
2217 5344 2642 5403 circumcisione
2673 5340 2739 5397 ad
2766 5340 2954 5411 pejora
2993 5336 3346 5393 mutationem
3380 5328 3558 5385 couti-

299 5428 570 5504 περιέχει,
597 5430 709 5498 οὓς,
735 5433 895 5505 κρίνα
923 5436 1016 5489 καὶ
1042 5435 1179 5506 ἄνθη
1206 5436 1348 5491 κατά
1375 5434 1566 5508 καιρὸν
1589 5434 1870 5505 ὀφθέντας,

1977 5419 2094 5507 net,
2146 5439 2239 5511 qui
2284 5451 2409 5493 cum
2462 5435 2594 5491 liliis
2649 5439 2702 5489 et
2744 5430 2975 5487 ﬂoribus
3021 5429 3149 5484 olim
3196 5422 3403 5481 similes
3449 5419 3553 5475 visi

297 5523 336 5591 ἡ
367 5522 462 5576 ἐπὶ
501 5522 570 5576 τὰ
594 5523 764 5595 χείρω
792 5524 1061 5595 διεδέξατο
1105 5528 1394 5603 μεταὸολή.
1427 5525 1647 5583 ’Δνθεσι
1671 5526 1729 5580 δὲ
1776 5528 1870 5581 αύ-

1980 5510 2237 5594 fuissent,
2289 5527 2403 5598 jam
2445 5524 2513 5580 ad
2566 5523 2839 5580 deteriora
2892 5519 3256 5576 declinarunt.
3301 5510 3554 5568 Floribus

374 5636 422 5675 "
444 5636 591 5719 Bsal.
626 5655 748 5708 vni,
822 5643 877 5702 2.
953 5647 999 5682 ⁸⁸
1029 5644 1191 5705 Rom.
1223 5662 1299 5715 ix,
1328 5646 1438 5703 6-8.
1541 5646 1586 5680 ⁸⁸
1610 5644 1768 5703 Ilom.
1804 5663 1865 5714 ιι,
1897 5647 1991 5719 28,
2027 5648 2118 5707 29.

2221 5649 2268 5682 ⁷⁸
2308 5650 2417 5704 Isa.
2452 5663 2509 5713 ν,
2539 5644 2591 5702 6.
2692 5645 2737 5677 τι
2763 5640 2997 5713 Pliilipp.
3034 5652 3109 5701 Iv,
3152 5634 3240 5689 I3.
3317 5635 3362 5667 "
3391 5630 3550 5689 Rom.

305 5724 428 5775 vni,
456 5708 547 5766 35.
