4062 6208
487 291 591 346 723

1165 296 1433 354 EUSEBH
1471 286 1950 353 CJESARIENSIS
1988 297 2138 353 OPP.
2178 296 2360 353 PARS
2396 297 2483 354 lli.
2516 329 2584 339 —-
2623 296 3031 353 EXEGEI‘lCA.

3631 292 3733 347 721

484 415 671 463 autem
698 409 821 464 illos
863 407 1034 466 Isaias
1086 423 1368 483 comparat
1397 415 1623 471 dicens:
1660 434 1678 466 ‹
1711 415 1903 470 Omnis
1927 431 2047 470 carc

2158 416 2284 477 τοὺς
2311 414 2646 486 παραϐάλλει
2674 416 2769 466 καὶ
2801 415 2829 466 6
2865 413 3089 475 Ἡσαΐας
3114 411 3287 480 λέγων
3307 427 3321 447 ο
3360 430 3379 462 ι
3417 412 3572 467 Πᾶσα
3597 411 3734 483 σὰρξ

482 488 703 566 fenum,
723 507 777 553 et
807 501 985 557 omnis
1013 502 1183 572 gloria
1218 504 1340 573 ejus
1369 507 1524 575 quasi
1561 506 1659 562 llos
1690 505 1823 561 feni.
1863 506 2057 562 Exsic-

482 596 664 642 catum
693 597 780 643 est
828 590 1034 655 fenum,
1076 601 1129 646 et
1163 593 1262 648 llos
1302 593 1501 648 decidit
1529 596 1596 648 τ’.
1643 616 1661 648 ι
1714 594 1881 661 Queis
1933 611 2059 666 spe-

480 680 690 734 ciosum
723 679 875 735 illum
897 682 965 736 ad
993 682 1155 737 breve
1180 691 1396 755 tempus
1422 684 1705 741 ﬂorentem
1731 700 2056 756 corporeum

476 766 789 825 Iudaeorum
822 772 1028 826 cultum
1067 771 1196 826 feno
1226 782 1281 829 et
1310 774 1536 831 ﬂoribus
1568 775 1798 832 confert.
1830 774 1889 831 In
1915 792 2055 847 pra:-

479 864 621 919 senti
653 878 872 938 quoque
898 864 1075 920 floridi
1107 881 1297 921 eorum
1332 876 1508 924 status
1532 869 1598 924 ad
1624 870 1897 926 deteriora
1931 886 2055 925 mu-

476 954 740 1009 lationem
776 962 832 1011 et
861 956 1276 1013 conversionem
1307 956 1548 1013 declarat
1589 960 1643 1014 in
1677 961 2052 1032 sequentibus,

478 1047 573 1103 ubi
612 1047 860 1104 dicitur:
889 1067 908 1100 ‹
946 1046 1066 1104 Fiat
1097 1065 1286 1107 mensa
1341 1067 1529 1106 eorum
1582 1067 1766 1107 coram
1817 1053 1952 1125 ipsis
1998 1054 2054 1109 in

475 1136 771 1208 laqueum,
822 1145 879 1192 et
930 1138 987 1193 in
1034 1140 1449 1196 retributionem
1501 1148 1555 1197 et
1600 1143 1655 1197 in
1708 1144 2050 1199 scandalum.

474 1227 853 1285 Obscurentur
880 1230 1026 1285 oculi
1069 1246 1283 1295 eorum,
1335 1248 1405 1287 ne
1456 1234 1699 1304 videant,
1756 1253 1774 1287 ο
1829 1242 1935 1291 etc.
1989 1235 2055 1289 Et

475 1318 604 1399 quia
636 1318 818 1390 longis
848 1328 1037 1391 postea
1060 1322 1399 1392 temporibus
1437 1323 1552 1379 haec
1582 1332 1844 1380 eventura
1868 1332 2048 1388 erant,

477 1406 818 1472 necessario,
860 1425 879 1458 ι
913 1405 971 1461 In
1011 1408 1199 1474 tinem,
1242 1426 1262 1461 ι
1298 1407 1623 1480 inscriptum
1672 1418 1775 1466 est.
1812 1410 1879 1465 Et
1924 1426 2052 1467 vero

474 1510 654 1566 neque
691 1497 959 1566 psalmus,
999 1513 1178 1568 neque
1220 1502 1516 1564 canticum,
1567 1516 1745 1572 neque
1794 1501 2047 1573 hymnus,

478 1600 654 1656 neque
678 1586 811 1657 quid
839 1587 1020 1643 simile
1048 1596 1133 1643 est
1161 1607 1174 1643 :
1207 1590 1335 1659 quia
1384 1605 1448 1646 ea
1492 1606 1613 1660 quae
1639 1592 2052 1663 subsequuntur

474 1693 586 1732 non
634 1687 1004 1736 consentanea
1033 1680 1129 1734 tali
1181 1681 1340 1736 titulo
1390 1692 1567 1739 erant.
1619 1682 1801 1750 Quare
1845 1687 2051 1745 dixeris

2163 508 2373 579 χόρτος,
2404 507 2498 560 καὶ
2523 510 2673 560 πᾶσα
2703 506 2830 571 δόξα
2862 506 3032 578 αὐτῆς
3060 504 3135 569 ὡς
3174 504 3333 568 ἄνθος
3359 504 3552 575 χόρτου
3573 522 3586 536 ο
3613 505 3737 575 ἑῇ-

2167 600 2335 673 ράνθη
2368 602 2397 653 6
2437 600 2652 671 χόρτος,
2685 603 2779 653 καὶ
2806 601 2868 653 τὸ
2910 598 3068 661 ἄνθος
3095 597 3321 664 ἐξέπεσε
3346 613 3359 627 °
3398 615 3416 648 ›
3468 596 3533 649 δι’
3558 590 3633 649 ὧν
3675 598 3737 650 τὸ

2162 695 2299 765 πρὸς
2339 693 2545 765 βραχύν
2573 710 2693 746 τινα
2733 692 2922 764 χρόνον
2954 690 3193 761 άνθῆσαν
3221 689 3314 743 καὶ
3347 688 3546 761 ὡραῖον
3574 689 3740 759 ὀφθέν

2160 787 2260 857 τῆς
2288 785 2606 856 σωματικῆς
2640 786 2909 838 Ἰουδαίων
2953 781 3247 854 θρησκείας
3289 782 3467 854 χόρτῳ
3504 782 3600 835 καὶ
3642 782 3741 849 ἄν·

2161 875 2311 929 θεσιν
2357 875 2664 940 ἀπεικάζει.
2703 876 2811 928 Καὶ
2853 873 2942 927 διὰ
2981 873 3091 928 τῶν
3134 874 3510 944 προκειμένων
3554 874 3742 927 τοίνυν

2158 972 2256 1044 τὴν
2287 972 2571 1027 ἀλλοίωσιν
2602 972 2695 1026 καὶ
2724 973 2825 1043 τὴν
2860 971 2950 1024 ἐπὶ
2990 970 3052 1023 τὸ
3078 972 3257 1041 χεῖρον
3309 968 3607 1040 μεταϐολὴν
3636 970 3743 1040 τῆς

2159 1064 2327 1135 ἄνθης
2355 1064 2473 1137 (sic)
2519 1063 2697 1119 αὐτῶν
2741 1064 3037 1135 παρίστησι
3081 1061 3284 1135 προῖὼν
3312 1064 3341 1115 6
3367 1062 3524 1131 λόγος
3564 1064 3622 1116 ἐν
3657 1058 3741 1127 οἷς

2160 1173 2329 1226 φησι·
2370 1176 2388 1207 ι
2422 1155 2710 1227 Γενηθήτω
2743 1156 2777 1226 ἡ
2801 1154 3049 1225 τράπεζα
3090 1154 3269 1208 αὐτῶν
3301 1151 3530 1208 ἐνώπιον
3556 1152 3743 1208 αὐτῶν

2159 1249 2239 1311 είς
2269 1246 2472 1316 παγίδα
2513 1246 2608 1300 καὶ
2642 1247 2721 1310 είς
2765 1244 3118 1300 ἀνταπόδοσιν
3158 1244 3251 1298 καὶ
3299 1247 3379 1309 εἰς
3421 1244 3738 1299 σκάνδαλον.

2158 1338 2606 1411 Σκοτισθήτωσαν
2633 1341 2682 1393 οί
2707 1337 2976 1409 ὀφθαλμοὶ
3001 1337 3179 1392 αὐτῶν
3203 1336 3297 1390 τοῦ
3331 1336 3406 1408 μὴ
3442 1336 3677 1406 βλέπειν,
3712 1357 3733 1388 ι

2157 1430 2252 1484 καὶ
2276 1430 2343 1484 τὰ
2366 1430 2514 1501 ἐξῆς.
2538 1432 2649 1485 Καὶ
2677 1430 2973 1502 ἐπειδήπερ
3010 1432 3239 1501 μακροῖς
3265 1426 3490 1499 ὕστερον
3518 1428 3737 1499 χρόνοις

2155 1522 2331 1577 ταῦτα
2361 1522 2426 1576 δι’
2455 1522 2631 1595 ἔργων
2662 1524 2860 1595 χωρεῖν
2886 1520 3127 1593 ἔμελλον,
3151 1521 3461 1590 ἀναγκαίως
3493 1538 3512 1571 ι
3544 1521 3638 1583 Ei;
3666 1521 3734 1573 τὸ

2157 1614 2308 1679 τέλος
2345 1635 2362 1666 ι
2400 1614 2839 1687 προγέγραπται.
2875 1612 3012 1666 Οῦτε
3058 1612 3117 1667 δὲ
3159 1612 3374 1683 ψαλμός
3404 1615 3570 1677 ἐστιν,
3606 1612 3735 1668 οὔτε

2156 1706 2283 1779 ᾠδὴ,
2318 1706 2440 1761 οὔτε
2486 1707 2671 1778 ὕμνος,
2695 1705 2818 1760 οὔτε
2861 1724 2913 1760 τι
2955 1704 3230 1759 τοιοῦτον·
3259 1706 3382 1758 ἐπεὶ
3424 1706 3560 1777 μηδὲ
3603 1723 3743 1761 κατ-

475 1772 816 1843 prophetiam
842 1788 966 1840 esse
998 1788 1067 1828 ex
1096 1789 1330 1845 persona
1362 1774 1669 1834 Servatoris
1692 1781 1870 1836 nostri
1899 1797 2047 1837 enar-

2155 1760 2358 1870 άλληλα
2384 1796 2452 1871 ἦν
2498 1760 2567 1852 τά
2598 1760 2960 1869 ἐπιλεγόμενα
3019 1798 3242 1870 τοιαύτῃ
3283 1760 3602 1871 προγραφῇ.

473 1867 650 1920 rantis
693 1880 758 1921 ea
792 1881 915 1937 qua:
952 1866 1059 1926 sibi
1093 1876 1285 1938 postea
1322 1870 1708 1940 contigerunt;
1739 1874 2052 1943 przedictio-

474 1972 708 2028 nemque
735 1973 926 2013 eorum
953 1975 1075 2030 qua:
1096 1958 1301 2017 Judaais
1329 1971 1452 2031 post
1486 1970 1670 2019 tantos
1700 1981 1871 2021 ausus
1903 1966 2053 2021 illata

473 2056 626 2105 sum.
662 2049 890 2106 Orditur
927 2052 1112 2123 itaque
1161 2052 1422 2109 Servatur
1459 2056 1762 2112 orationem
1796 2059 2052 2115 emittens

471 2141 542 2196 ad
588 2141 805 2200 Patrem
856 2144 943 2201 his
993 2146 1173 2202 verbis
1225 2166 1240 2202 :
1298 2165 1319 2204 ς
1362 2146 1582 2204 Salvum
1615 2165 1702 2205 me
1750 2150 1857 2216 fac,
1884 2150 2050 2218 Deus,

471 2233 733 2304 quoniam
804 2235 1150 2294 intraverunt
1218 2254 1374 2311 aqua:
1435 2255 1610 2312 usque
1677 2241 1746 2297 ad
1811 2243 2051 2299 animam

472 2341 671 2383 meam.
707 2346 728 2381 ι
775 2326 1151 2401 Videnturque
1184 2331 1318 2387 mihi
1357 2333 1425 2388 de
1453 2332 1722 2389 industria
1755 2335 1874 2391 haec
1922 2351 2048 2391 cum

472 2419 635 2476 dictis
664 2420 722 2475 in
753 2421 1080 2492 praecedenti
1115 2424 1330 2493 psalmo
1363 2424 1659 2496 conjuncta
1688 2442 1829 2483 esse.
1865 2427 1924 2483 In
1954 2427 2049 2483 illo

471 2526 708 2584 namque
759 2512 1082 2569 dicebatur:
1132 2534 1153 2573 ιη
1211 2514 1355 2571 Dixit
1390 2516 1691 2574 Dominus:
1744 2517 1823 2573 Ex
1869 2518 2065 2575 Basan-

468 2612 806 2671 convertam,
841 2616 1156 2663 convertam
1186 2624 1253 2663 ex
1278 2609 1553 2680 profundo
1596 2611 1766 2666 maris
1788 2611 1865 2678 7‘;
1923 2630 1943 2662 ι
1992 2612 2047 2667 in

468 2696 574 2753 hoc
601 2713 751 2763 vero,
780 2717 800 2750 ι
837 2697 969 2755 Veni
1001 2701 1057 2755 in
1088 2702 1431 2758 altitudinem
1455 2704 1646 2768 maris,
1666 2712 1722 2759 et
1751 2712 2049 2778 tempestas

469 2789 729 2847 demersit
752 2807 860 2847 me.
898 2813 917 2845 ι
944 2792 1199 2864 Oportuit
1221 2795 1365 2851 enim
1385 2796 1604 2852 edoceri
1629 2813 1730 2853 nos
1757 2813 1866 2868 quo
1886 2810 2047 2869 pacto

469 2884 819 2941 descenderit
848 2886 1112 2944 Dominus
1131 2891 1188 2944 in
1220 2890 1418 2954 Basan,
1443 2891 1589 2961 quod
1612 2898 1697 2947 est
1722 2894 2044 2963 ignominia,

466 2984 524 3032 et
552 2977 829 3049 quomodo
856 2980 1074 3045 dixerit,
1110 3001 1128 3032 ‹
1164 2980 1491 3037 Convertam
1524 2999 1591 3038 ex
1630 2982 1902 3054 profundo
1930 3000 2048 3040 ma-

2155 1891 2329 1954 εἴποις
2378 1891 2443 1945 ἂν
2494 1892 2831 1964 προφητείαν
2879 1888 2943 1945 ἐκ
2988 1891 3281 1963 προσώπου
3325 1890 3419 1945 τοῦ
3480 1893 3746 1965 Σωτῆρος

2153 1984 2309 2055 ἡμῶν
2339 1983 2625 2049 διεξιόντος
2685 1983 2755 2037 τὰ
2788 1984 2916 2055 περὶ
2948 1983 3112 2036 αὐτὸν
3149 1983 3557 2055 συμϐεϐηκότα,
3606 2003 3748 2057 προ-

2152 2077 2497 2151 αναφὼνησίν
2539 2096 2598 2133 τε
2642 2078 2751 2132 τῶν
2801 2079 3073 2144 Ἰουδαίοις
3092 2079 3427 2134 ἐπελθόντων
3480 2080 3621 2152 μετὰ
3676 2081 3747 2136 τά

2151 2169 2270 2223 κατ’
2305 2170 2501 2234 αὐτοὺς
2539 2168 2936 2242 τετολμημένα.
2975 2169 3305 2242 Ἀρχόμενος
3334 2169 3379 2223 δ’
3410 2165 3504 2224 οὖν
3550 2172 3579 2223 6
3621 2171 3746 2225 Σω-

2149 2262 2274 2337 τὴρ,
2300 2263 2467 2335 εὐχὴν
2492 2261 2806 2333 ἀναπέμπει
2831 2260 2969 2333 πρὸς
2998 2260 3091 2314 τὸν
3116 2261 3335 2333 Πατέρα
3353 2260 3526 2331 λέγων
3550 2279 3566 2294 ·
3594 2282 3617 2314 ‹
3636 2262 3746 2316 Σῶ-

2152 2358 2244 2413 σόν
2299 2374 2388 2429 με,
2437 2358 2466 2410 6
2517 2354 2672 2419 Θεὸς,
2721 2355 2803 2409 ὅτι
2852 2352 3170 2424 είσήλθοσαν
3223 2352 3391 2407 ὕδατα
3419 2353 3526 2417 ἐως
3555 2353 3747 2427 ψυχῆς

2154 2465 2275 2521 μου.
2319 2467 2337 2501 ι
2372 2446 2484 2501 Καί
2528 2463 2618 2519 μοι
2655 2445 2803 2499 δοκεῖ
2841 2442 2984 2498 κατὰ
3015 2443 3171 2513 λόγον
3212 2443 3385 2498 ταῦτα
3420 2447 3537 2508 τοὶς
3566 2445 3631 2498 ἐν
3663 2445 3747 2517 τῷ

2149 2539 2503 2613 προλεχθέντι
2538 2538 2806 2610 συνῆφθαι
2852 2536 3072 2608 ψαλμῷ.
3119 2528 3442 2609 Ἐνέκείνῳ
3485 2537 3587 2609 μέν
3628 2538 3747 2610 γὰρ

2148 2630 2365 2698 ἐλέγετο
2386 2645 2399 2658 ·
2439 2649 2456 2680 ι
2489 2624 2624 2682 Εἷπε
2660 2627 2864 2698 Κύριος
2884 2643 2899 2657 θ
2936 2625 3030 2679 Ἐκ
3059 2626 3239 2680 Βασάν
3264 2625 3598 2699 ἐπιστρέιμυ,
3628 2629 3748 2680 ἐπι-

2159 2722 2375 2795 στρέψω
2417 2722 2481 2775 ἐκ
2528 2720 2705 2791 βυθῶν
2736 2721 3043 2794 θαλάσσης·
3078 2739 3098 2772 ι
3136 2721 3193 2773 ἐν
3226 2719 3401 2791 τούτῳ
3427 2720 3508 2781 δέ.
3546 2739 3566 2771 ι
3598 2714 3745 2773 Ἦλ-

2147 2813 2237 2867 θον
2268 2814 2347 2875 είς
2394 2812 2464 2865 τά
2498 2811 2635 2883 βάθη
2682 2812 2781 2884 τῆς
2813 2811 3110 2883 θαλάσσης,
3168 2812 3265 2865 καὶ
3307 2811 3562 2880 καταιγὶς
3602 2828 3743 2865 κατ-

2145 2904 2393 2959 επόντισέ
2438 2921 2525 2975 με.
2561 2923 2579 2955 ι
2617 2903 2764 2957 Ἔδει
2810 2902 2919 2974 γὰρ
2952 2904 3098 2977 ἡμᾶς
3124 2902 3436 2974 διδαχθῆναι
3484 2901 3606 2967 πῶς
3658 2906 3742 2967 είς

2144 2996 2242 3067 τὴν
2270 2994 2451 3049 Βασὰν
2481 2992 2748 3065 κατῆλθεν
2787 2995 2816 3047 6
2862 2994 3086 3067 Κύριος,
3123 2993 3260 3065 ὅπερ
3291 2994 3440 3047 ἐστὶν
3476 2992 3735 3066 αἰσχύνην

467 3071 569 3125 ris.
617 3089 638 3123 ι
686 3069 868 3137 Quare
917 3072 1033 3127 haec
1082 3072 1201 3145 ipsa
1251 3073 1308 3128 in
1341 3075 1597 3144 praesenti
1645 3074 1930 3131 declarat:
1976 3076 2046 3134 de

2150 3089 2380 3154 καὶπῶς
2407 3089 2610 3159 ἔλεγεν,
2643 3106 2662 3142 t
2701 3089 2890 3142 Ἐπιστ
2903 3088 3050 3162 ρέψω
3081 3089 3145 3142 ἐκ
3172 3086 3350 3160 βυθῶν
3382 3088 3682 3163 θαλάσσης.
3708 3109 3729 3143 ι

468 3162 767 3233 ignominia
811 3164 1032 3235 quidem
1069 3165 1125 3220 in
1155 3166 1531 3237 sequentibus,
1557 3167 1790 3224 dicens:
1831 3188 1851 3221 ι
1894 3169 2043 3236 Quo-

2150 3184 2236 3238 Διὸ
2268 3183 2332 3256 δὴ
2360 3183 2532 3238 ταῦτα
2563 3181 2701 3235 αὐτὰ
2727 3181 2818 3236 διὰ
2843 3159 2955 3235 των
2982 3180 3360 3253 προκειμένων
3396 3159 3729 3255 παρίστησιο

467 3254 615 3309 niam
642 3264 864 3327 propter
890 3266 943 3312 te
990 3259 1230 3315 sustinui
1256 3260 1633 3331 opprobrium,
1665 3263 1882 3332 operuit
1909 3277 2044 3318 con-

469 3342 615 3399 fusio
640 3332 833 3401 faciem
871 3362 1088 3415 meam;
1132 3367 1150 3400 ι
1187 3364 1251 3404 ac
1273 3365 1507 3406 rursus:
1537 3370 1556 3403 ι
1595 3349 1677 3405 Τιι
1703 3352 1812 3409 scis
1839 3352 2045 3425 impro-

466 3436 679 3507 perium
705 3452 884 3493 meum
916 3446 971 3494 et
997 3439 1377 3498 confusionem
1403 3458 1578 3499 meam
1604 3452 1659 3499 et
1683 3447 2044 3502 reverentiam

466 3544 669 3605 meam.
697 3550 716 3583 ›
755 3530 829 3587 De
853 3532 1127 3602 profundo
1156 3542 1338 3591 autem
1366 3537 1536 3592 maris
1568 3536 1725 3605 illud,
1757 3557 1777 3591 ‹
1822 3537 2043 3595 Salvum

466 3634 555 3674 me
587 3619 697 3685 fac,
728 3620 893 3686 Deus,
920 3625 1178 3694 quoniam
1212 3627 1557 3683 intraverunt
1592 3644 1747 3700 aquae
1761 3646 1935 3702 usque
1976 3631 2047 3687 ad

465 3710 711 3789 animam
739 3730 938 3772 meam.
977 3714 1184 3773 Infixus
1219 3735 1341 3775 sum
1394 3720 1449 3775 in
1500 3721 1631 3776 limo
1678 3720 1958 3793 profundi,
1991 3729 2047 3778 et

468 3818 578 3858 non
603 3814 688 3862 est
725 3807 1055 3865 substantia.
1088 3809 1225 3866 Veni
1276 3813 1331 3866 in
1381 3813 1726 3869 altitudinem
1766 3815 1957 3879 maris,
1991 3821 2047 3869 et

464 3901 763 3966 tempestas
801 3897 1061 3955 demersit
1087 3915 1195 3955 me.
1244 3920 1263 3952 ι
1308 3899 1435 3959 Hac
1462 3903 1607 3957 enim
1645 3918 1895 3981 magnam
1932 3902 2048 3958 aﬂi-

466 3987 694 4043 nitatem
727 3988 964 4044 habeant
997 4006 1121 4045 cum
1147 3992 1215 4046 iis
1237 4009 1358 4063 qua:
1386 3996 1442 4048 in
1484 3995 1809 4064 prmeedenti
1836 3997 2048 4066 psalmo

467 4078 613 4136 dicta
648 4090 799 4145 sunt,
851 4098 1047 4153 nempe
1093 4084 1148 4137 in
1196 4085 1331 4139 illo:
1370 4104 1388 4136 ‹
1429 4084 1576 4140 Dixit
1614 4086 1914 4143 Dominus:
1969 4088 2046 4144 Ex

467 4172 646 4248 Basan
676 4183 1014 4241 convertam,
1050 4186 1361 4232 convertam
1394 4195 1462 4234 ex
1486 4179 1757 4249 profundo
1801 4182 1988 4236 maris.
2021 4200 2041 4234 ι

464 4264 604 4334 Quia
651 4267 707 4322 in
742 4267 836 4345 illo
885 4269 1003 4339 ipse
1050 4268 1315 4325 Dominus
1368 4272 1450 4327 sic
1501 4271 1757 4337 dicebat;
1798 4279 1853 4327 et
1900 4288 2047 4330 nunc

464 4360 947 4432 quoqueenmdem
994 4362 1173 4433 ipsum
1217 4378 1341 4441 esse
1379 4363 1472 4435 qui
1512 4363 1627 4421 haec
1653 4363 1892 4441 loquitur
1932 4368 2046 4422 exi-

465 4445 821 4507 stimandnm.

538 4651 659 4723 Ipse
685 4654 853 4725 igitur
888 4672 1048 4733 quem
1076 4673 1185 4720 non
1235 4659 1402 4715 alium
1433 4676 1558 4723 esse
1603 4677 1764 4733 quam
1792 4661 1885 4719 Dei
1913 4663 2043 4727 Ver-

468 4744 605 4801 bum
629 4748 883 4816 superius
920 4747 1436 4826 demonstravimus,
1476 4755 1781 4814 orationem
1813 4755 2042 4814 effundit

469 4837 539 4893 ad
565 4837 803 4905 Patrem,
832 4839 1071 4895 hominis
1098 4857 1263 4913 quem
1293 4846 1592 4917 assumpsit
1623 4848 1899 4925 cruciatus
1932 4851 2041 4913 sibi

469 4929 730 5004 proprios
767 4940 1049 5001 reputans,
1090 4950 1261 5005 quare
1311 4937 1426 4992 ait:
1467 4957 1485 4989 ι
1525 4936 1745 4993 Salvum
1797 4957 1882 4997 me
1931 4942 2037 5008 fac,

466 5017 636 5095 Deus,
667 5018 924 5091 quoniam
955 5024 1299 5093 intraverunt
1328 5045 1482 5101 aqua:
1511 5047 1686 5102 usque
1706 5032 1773 5108 ad
1803 5034 2042 5090 animam

468 5129 666 5169 meam.
718 5112 922 5172 lnlixus
961 5132 1082 5171 sum
1114 5118 1171 5173 in
1221 5120 1352 5176 limo
1396 5110 1673 5192 profundi,
1711 5134 1766 5181 et
1801 5143 1909 5181 non
1956 5136 2041 5184 est

468 5205 793 5289 substantia.
824 5205 959 5263 Veni
989 5209 1042 5262 in
1069 5211 1409 5268 altitudinem
1441 5217 1630 5283 maris,
1662 5229 1716 5274 et
1744 5227 2038 5290 tempestas

469 5286 730 5357 demersit
757 5315 862 5373 me.
905 5320 924 5353 ι
956 5299 1278 5375 Ρηεοοόοηε
1300 5308 1486 5378 utique
1513 5311 1754 5380 psalmus
1779 5286 1872 5369 his
1888 5294 2040 5370 com-

467 5390 746 5459 pellabat:
783 5410 801 5443 ‹
841 5393 948 5447 Iter
968 5392 1132 5449 facite
1177 5396 1228 5451 ei
1280 5397 1375 5471 qui
1405 5400 1651 5455 ascendit
1687 5416 1852 5473 super
1881 5419 2040 5459 occa-

465 5496 613 5549 sum,
651 5481 920 5558 Dominus
962 5500 1161 5543 nomen
1204 5488 1282 5543 illi
1304 5489 1370 5545 ⁷⁸.
1421 5510 1439 5541 ι
1476 5489 1679 5549 Deinde
1728 5510 1884 5549 suam
1914 5511 2038 5552 cum

541 5637 588 5671 ⁷³
612 5640 717 5697 lsa.
743 5659 831 5709 χι,
863 5645 936 5710 6,
962 5646 1013 5700 7.
1088 5646 1133 5678 ⁷⁸
1171 5645 1316 5713 Psal.
1358 5662 1524 5715 van,
1564 5648 1654 5704 25.
1729 5651 1775 5682 ⁷³
1813 5651 1945 5720 ibid.
1984 5651 2039 5706 5.

2146 3276 2274 3349 περὶ
2308 3275 2408 3347 μὲν
2449 3273 2551 3345 τῆς
2582 3273 2845 3344 αἰσχύνης
2888 3271 3093 3345 προῖὼν
3141 3274 3237 3326 καὶ
3281 3271 3459 3341 λέγων
3482 3290 3498 3304 ·
3547 3292 3567 3325 ι
3609 3273 3728 3325 Ὅτι

2145 3369 2308 3423 ἕνεκα
2355 3366 2451 3422 σοῦ
2499 3368 2784 3440 ὑπήνεγκα
2826 3366 3148 3436 ὀνειδισμὸν,
3184 3365 3452 3437 ἐκάλυψεν
3493 3364 3721 3438 ἐντροπὴ

2144 3462 2206 3515 τὸ
2232 3461 2523 3534 πρόσωπόν
2562 3477 2665 3532 μου
2693 3478 2707 3492 ο
2747 3480 2765 3513 ι
2809 3461 2903 3513 καὶ
2948 3456 3105 3523 αὖθις
3124 3477 3138 3492 ο
3172 3479 3191 3512 ι
3219 3460 3292 3513 Σὺ
3324 3459 3602 3529 γινώσκεις
3628 3458 3715 3511 τὸν

2146 3554 2448 3626 ὀνειδισμόν
2480 3571 2581 3626 μου
2607 3554 2701 3608 καὶ
2726 3553 2828 3625 τὴν
2859 3551 3120 3625 αίσχύνην
3160 3571 3262 3625 μου
3289 3554 3384 3607 καὶ
3417 3552 3512 3624 τὴν
3536 3554 3711 3623 ἐντρο-

2147 3649 2257 3719 πήν
2310 3653 2455 3720 μου’⁶
2500 3667 2518 3700 ι
2576 3648 2705 3720 περὶ
2752 3647 2811 3701 δέ
2855 3647 2951 3702 τοῦ
2998 3647 3161 3719 βυθοῦ
3199 3647 3300 3716 τῆς
3333 3646 3593 3717 θαλάσσης
3625 3643 3706 3707 τὸ,

2152 3758 2171 3792 ι
2206 3738 2388 3794 Σῶσόν
2413 3757 2502 3812 με,
2529 3742 2558 3794 6
2582 3739 2733 3804 Θεὸς,
2761 3740 2840 3793 ὅτι
2867 3740 3187 3811 είσήλθοσαν
3219 3737 3381 3792 ὕδατα
3408 3735 3510 3800 ἕως
3532 3735 3714 3807 ψυχῆς

2150 3848 2273 3902 μου.
2292 3831 2597 3902 Ἐνεπάγην
2609 3833 2689 3894 είς
2717 3829 2850 3903 ὕλην
2876 3831 2953 3901 (1)
2970 3830 3156 3900 βυθοῦ,
3188 3831 3283 3885 καὶ
3310 3830 3407 3884 οὐκ
3426 3829 3568 3883 ἐστιν
3585 3825 3719 3881 ὑπό-

2150 3940 2357 3989 στασις.
2392 3920 2594 3978 Ἦλθον
2624 3925 2705 3988 εἰς
2731 3922 2800 3978 τὰ
2840 3922 2978 3996 βάθη
3011 3923 3112 3995 τῆς
3135 3922 3432 3995 θαλάσσης,
3454 3923 3550 3976 καὶ
3590 3939 3727 3977 κατ-

2147 4017 2294 4093 αηιγὶς
2321 4016 2673 4093 κατεπόντισέ
2733 4033 2821 4086 με.
2869 4035 2888 4068 ι
2927 4015 3112 4070 Ταῦτα
3146 4016 3255 4088 γὰρ
3314 4017 3575 4088 πλείστην
3613 4014 3730 4088 ἔχοι

2149 4089 2215 4163 ἂν
2244 4089 2564 4179 ἀκολουθίαν
2594 4108 2731 4179 πρὸς
2756 4107 2823 4161 τὰ
2863 4108 2921 4160 ἐν
2950 4106 3028 4179 τῷ
3057 4107 3164 4179 πρὸ
3191 4108 3385 4162 τούτου
3409 4107 3614 4179 ψαλμῷ
3641 4106 3727 4160 λε

2147 4199 2413 4271 λεγμένα’
2446 4200 2504 4254 ἐν
2533 4198 2630 4275 τῷ,
2668 4219 2686 4250 ι
2721 4194 2889 4253 Εἶπεν
2926 4201 2955 4252 6
2979 4199 3217 4271 Κύριος·
3257 4200 3351 4252 Ἐκ
3384 4197 3568 4251 Βασάν
3608 4200 3733 4251 ἐπι-

2151 4292 2386 4364 στρέψω,
2422 4291 2735 4365 ἐπιστρέψω
2782 4292 2847 4345 ἐκ
2895 4289 3072 4362 βυθῶν
3102 4290 3401 4361 θαλάσσης.
3439 4309 3458 4342 ι
3507 4289 3729 4363 Ἐπειδὴ

2147 4386 2211 4452 ἐν,
2235 4384 2426 4455 ἐκείνῳ
2457 4384 2619 4447 αὐτὸς
2649 4380 2716 4455 ἦν
2743 4384 2773 4435 6
2794 4383 2998 4454 Κύριος
3039 4385 3068 4437 6
3104 4381 3276 4436 ταῦτα
3302 4381 3505 4451 λέγων·
3536 4382 3733 4438 ἔπειτα

2074 4496 2119 4552 D
2148 4475 2239 4528 καὶ
2271 4474 2367 4528 νῦν
2406 4474 2498 4528 τὸν
2526 4473 2686 4551 αὐτὸν
2715 4469 2855 4528 εἶναι
2885 4471 3133 4545 ἡγεῖσθαι
3166 4471 3258 4526 τὸν
3291 4471 3361 4527 τὰ
3387 4472 3730 4545 προκείμενα

2147 4566 2428 4633 διεξιόντα.

2215 4679 2385 4744 Αὐτὸς
2412 4678 2719 4752 τοιγαροῦν,
2747 4680 2807 4735 δν
2844 4680 2953 4753 οὐδ’
2990 4680 3178 4752 ἕτερον
3212 4674 3350 4734 εἶναι
3378 4678 3411 4750 ἧ
3451 4677 3548 4732 τοῦ
3586 4677 3728 4733 Θεοῦ

2144 4766 2314 4835 Λόγον
2338 4766 2425 4845 διὰ
2460 4767 2567 4820 τῶν
2586 4767 2896 4844 ἔμπροσθεν
2927 4770 3369 4850 παρεστήσαμεν,
3397 4768 3566 4840 εὐχὴν
3593 4770 3728 4823 ἀνα-

2146 4858 2354 4928 πέμπει
2385 4858 2462 4929 τῷ
2489 4859 2683 4931 Πατρὶ,
2722 4859 3142 4931 ἰδιοποιούμενος
3166 4861 3236 4931 τά
3265 4860 3386 4927 καθ’
3417 4855 3480 4915 οὗ
3508 4861 3727 4933 ἀνείληο

2145 4967 2244 5020 φεν
2275 4949 2561 5023 ἀνθρώπου
2592 4950 2737 5022 πάθη
2756 4969 2769 4982 ·
2804 4951 2886 5006 διό
2913 4970 3082 5023 φησι·
3119 4973 3140 5006 ι
3175 4952 3355 5024 Σῶσόν
3387 4969 3477 5024 με,
3505 4954 3534 5006 6
3564 4952 3720 5016 Θεὸς,

2142 5043 2224 5101 ὅτι
2256 5041 2573 5117 είσήλθοσαν
2602 5043 2768 5099 ὕδατα
2799 5045 2902 5109 ἓως
2928 5044 3103 5116 ψυχῆς
3136 5063 3259 5117 μου.
3300 5043 3612 5121 Ἐνεπάγην
3641 5046 3722 5109 εἰς

2146 5132 2276 5203 ὓλην
2304 5131 2488 5202 βυθοῦ,
2517 5134 2610 5187 καὶ
2650 5134 2751 5188 οὐκ
2783 5134 2935 5209 ἐστιν,
2963 5136 3279 5199 ὑπόστασις.
3306 5130 3509 5209 Ἦλθον
3535 5137 3624 5200 εἰς
3652 5135 3722 5188 τά

2149 5224 2284 5295 βάθη
2315 5224 2413 5296 τῆς
2447 5225 2741 5297 θαλάσσης,
2771 5227 2863 5305 καὶ
2900 5228 3153 5295 καταιγὶς
3184 5225 3539 5305 κατεπόντισέ
3574 5244 3664 5297 με.
3692 5245 3713 5278 ι

2157 5316 2213 5370 '0
2246 5316 2343 5387 μὲν
2372 5312 2462 5370 οὖν
2492 5318 2598 5390 πρὸ
2632 5302 2822 5391 τούτου
2847 5318 3059 5392 ψαλμὸς
3092 5302 3425 5391 προσεφώνει
3452 5317 3684 5387 φάσκων
3702 5335 3717 5349 ·

2150 5425 2170 5457 ι
2218 5406 2596 5481 Ὀδοποιήσατε
2624 5409 2704 5481 τῷ
2738 5409 3087 5483 ἐπιϐεϐηκότι
3127 5412 3218 5467 ἐπὶ
3243 5394 3485 5482 δυσμῶν,
3510 5410 3723 5492 Κύριος

2144 5497 2313 5571 ὄνομα
2346 5500 2521 5575 αὐτῷ·
2562 5521 2581 5561 ι
2621 5499 2719 5556 εἷθ’
2752 5502 2879 5574 ἐξῆς
2909 5503 3008 5575 τὴν
3032 5504 3147 5574 ἅμα
3171 5501 3477 5575 ἀνθρώποις
3502 5501 3722 5588 διατρι-

536 5730 822 5814 (trum.
861 5734 1127 5809 lntcrprcs
1158 5738 1353 5812 legisse
1375 5739 1587 5798 videtur
1614 5740 1747 5808 ἰλύν,
1782 5742 1929 5812 quod
1958 5740 2306 5801 verisimilius
2329 5752 2413 5817 est
2440 5754 2495 5801 et
2514 5744 2911 5816 nobisquoque
2942 5744 3115 5816 magis
3151 5745 3346 5821 placet.
3380 5745 3537 5804 Eutr.
