4062 6208
344 292 452 354 ’325
1474 297 1980 356 οοιιιιεΝτΑιιιΑ
2016 298 2084 354 1N
2122 295 2461 354 PSALMOS.
3516 291 3618 347 τεο
3694 256 3707 267 ’

240 450 245 455 ‘
294 498 302 503 .
343 415 444 489 δὴν
468 416 636 471 αὐτου
673 418 970 492 παρίστησι
994 417 1258 503 λέγων-,ι
1287 420 1394 475 Kal
1422 418 1751 489 ἀγαλλιᾶσθε
1783 418 1917 474 ἐνώ-

2024 418 2339 474 hominibus
2366 417 2853 472 commorationem
2874 414 3192 471 enuntiahat
3227 413 3421 471 dicens
3495 432 3514 465 ι
3548 411 3615 467 Et

294 498 307 599 ξ
343 523 465 562 πιον
495 508 684 575 αὑτοῦ,
708 509 804 563 τοῦ
832 510 1037 583 πατρὸς
1058 511 1168 566 τῶν
1198 498 1447 583 όρφανῶν
1475 511 1570 565 καὶ
1595 510 1782 582 κριτοῦ
1810 510 1919 564 τῶν

2029 512 2305 567 exsultate
2337 509 2393 563 in
2418 514 2716 576 conspectu
2751 506 2892 577 ejus,
2926 507 3100 576 patris
3138 507 3511 577 orphanorum
3559 513 3615 561 et

296 597 302 625 ί
341 597 546 670 χηρῶν.
592 623 610 652 .
641 600 753 653 Kal
786 600 896 655 τῶν
933 601 1190 673 μαθητῶν
1214 601 1270 654 δὲ
1310 600 1475 656 αὑτοῦ
1511 601 1605 655 καὶ
1649 600 1757 655 τῶν
1788 601 1923 654 ἁπο-

2024 603 2231 676 judicis
2256 601 2543 657 viduarum
2565 600 2633 655 ⁷⁸.
2662 618 2680 651 ι
2719 598 3123 669 Discipulorum
3149 598 3276 652 item
3310 604 3365 651 et
3397 605 3616 667 aposto-

293 721 302 775 ε
343 690 547 746 στόλων
589 692 689 764 τὴν
723 692 916 764 κλῆσιν
968 693 1158 764 ἐδήλου
1208 694 1266 746 ἐν
1310 693 1408 764 τῷ,
1462 712 1480 745 ι
1525 692 1728 766 Κύριος
1765 691 1926 747 δώσει

293 787 297 795 .
343 783 498 855 ῥῆμα
543 788 658 849 τοῖς
701 784 1208 857 εύαγγελιζομένοις
1257 786 1484 857 δυνάμει
1517 787 1707 857 πολλῇ.
1742 806 1760 837 ,
1811 782 1925 839 Em.

338 876 467 950 ἑξῆς
494 880 575 945 είς
600 879 690 934 τὸν
717 880 942 935 θάνατον
965 878 1129 933 αὑτοῦ
1161 877 1386 933 κάθοδον
1430 879 1525 933 xal
1556 878 1654 950 τὴν
1697 878 1927 945 διέξοδον

339 970 439 1042 τὴν
465 971 715 1025 ἐντεῦθεν
744 971 1023 1027 ἐδίδασκεν
1050 974 1110 1024 ἐν
1135 970 1234 1042 τῷ,
1268 989 1288 1023 ι
1321 970 1431 1024 Kal
1457 970 1551 1024 τοῦ
1583 970 1789 1043 Κυρίου
1814 973 1927 1025 Ku-

340 1063 457 1136 ρίου
489 1066 545 1118 al
565 1064 787 1130 διέξοδοι
803 1063 895 1118 τοῦ
925 1063 1158 1118 θανάτου
1181 1080 1194 1092 ·
1225 1083 1244 1115 ι
1282 1062 1378 1117 καὶ
1401 1064 1460 1115 ἐν
1484 1061 1585 1134 τῷ,
1623 1080 1642 1112 ι
1665 1057 1801 1116 Εἷπε
1819 1062 1929 1115 Κύ-

338 1174 471 1228 ριος·
489 1158 582 1211 Ἐκ
595 1157 773 1211 Βασάν
788 1155 1123 1229 ἐπιστρέψω,
1136 1154 1449 1227 ἐπιστρέψω
1459 1156 1524 1209 ἐκ
1541 1154 1717 1226 βυθῶν
1733 1154 1929 1210 θαλάσ-

339 1265 498 1321 σηςί
532 1249 625 1304 ἐπὶ
650 1250 784 1303 πᾶσι
814 1248 872 1302 δέ
900 1248 1113 1312 τούτοις
1142 1247 1242 1319 τὴν
1270 1249 1353 1311 είς
1381 1248 1642 1319 οὐρανοὺς
1668 1248 1926 1302 ἐπάνοδον

336 1340 498 1396 αὐτοῦ
517 1341 608 1396 διὰ
640 1341 736 1395 τοῦ
759 1340 925 1397 αὑτοῦ
955 1341 1144 1414 ἐδήλου
1174 1339 1381 1411 λέγων·
1412 1340 1665 1395 «Ψάλατε
1696 1340 1775 1412 τῷ
1804 1340 1925 1412 Θεῷ

336 1433 412 1505 τῷ
427 1434 778 1505 ἐπιϐεϐηκότι
805 1435 897 1487 ἐπὶ
924 1435 1015 1488 τὸν
1030 1434 1262 1506 οὐρανὸν
1282 1432 1379 1489 τοῦ
1396 1433 1627 1505 ούρανοῦ
1653 1435 1774 1488 κατ’
1804 1435 1930 1488 ἀνα-

334 1524 514 1589 τολάς.
555 1546 575 1579 ι
611 1526 797 1580 Ταῦτα
827 1528 926 1599 μὲν
953 1544 1048 1581 ουν
1077 1528 1135 1579 ἐν
1164 1526 1394 1592 ἐκείνοις
1414 1544 1427 1557 ·
1451 1526 1540 1581 διὰ
1567 1526 1625 1581 δὲ
1656 1526 1766 1581 τῶν
1791 1543 1925 1599 προ-

335 1617 612 1688 κειμένων
647 1617 822 1692 τὰῇὼς
846 1621 905 1673 ἐν
933 1618 1261 1690 παραδρομῇ
1298 1618 1421 1671 τότε
1450 1618 1754 1690 λελεγμένα
1787 1619 1926 1673 πλα-

332 1707 505 1775 τύνει,
546 1699 765 1775 δεικνὺς
789 1711 936 1775 ὅπως
973 1710 1224 1764 λέλεκτο·
1264 1728 1283 1761 ι
1314 1711 1426 1765 Kal
1457 1710 1551 1765 τοῦ
1579 1711 1785 1783 Κυρίου
1810 1714 1933 1766 Κυσηη

2000 732 2004 736 -
2029 700 2207 754 lorum
2230 710 2457 754 suorum
2483 693 2831 751 vocationem
2857 692 3174 747 declarabat
3204 691 3261 746 in
3290 690 3418 746 illo:
3458 709 3475 741 ι
3510 689 3615 745 Do-

2028 791 2212 846 minus
2280 787 2430 843 dabit
2501 786 2730 842 verbum
2795 783 3336 855 evangelizantibus,
3416 782 3615 841 virtute

2028 883 2203 938 multa
2223 883 2290 937 ".
2338 900 2358 934 ι
2407 879 2522 935 Sub
2555 880 2672 934 base
2714 878 2837 949 ejus
2885 876 2955 932 ad
3000 886 3229 932 mortem
3264 875 3613 939 descensum,

2027 986 2082 1033 et
2100 974 2479 1032 inde-reditum
2510 972 2704 1029 docuit.
2729 972 2804 1027 ita
2834 970 2980 1026 fatus
3000 993 3014 1027 :
3038 990 3056 1021 ι
3082 968 3148 1023 Et
3164 967 3380 1024 Domini
3396 967 3613 1024 Domini

2026 1070 2203 1125 exitus
2233 1067 2428 1123 mortis
2448 1067 2529 1134 ης
2573 1085 2591 1117 ι
2629 1074 2684 1121 et
2707 1064 2761 1119 in
2796 1064 2912 1133 illo,
2950 1082 2969 1115 ι
3015 1061 3163 1117 Dixit
3186 1060 3451 1117 Dominus
3486 1079 3501 1116 :
3533 1058 3614 1118 Ex

2027 1161 2205 1216 Basan
2227 1166 2567 1223 convertam,
2588 1164 2903 1213 convertam
2944 1171 3013 1212 ex
3052 1153 3326 1226 profundo
3372 1153 3561 1210 maris.
3586 1172 3606 1204 ι

2025 1254 2108 1309 Ad
2138 1253 2253 1309 hanc
2292 1260 2473 1307 autem
2501 1251 2708 1317 omnia,
2764 1249 3000 1307 reditum
3047 1249 3172 1320 ejus
3208 1247 3277 1303 ad
3307 1248 3506 1304 coelum
3556 1248 3613 1303 in

2026 1344 2234 1401 eodem.
2265 1345 2479 1416 psalmo
2530 1346 2613 1401 sic
2662 1343 2980 1401 enarravit:
3041 1362 3059 1394 ι
3103 1340 3331 1399 Psallite
3379 1340 3490 1397 Deo
3518 1342 3614 1411 qni

2027 1436 2277 1493 ascendit
2303 1453 2469 1511 super
2505 1439 2705 1494 coelum
2753 1438 2876 1492 coeli
2910 1436 2975 1492 ad
3032 1436 3299 1491 orientem
3321 1434 3389 1491 ⁸⁸.
3432 1454 3452 1488 ι
3487 1433 3614 1490 Haec

2029 1529 2127 1584 ibi.
2188 1528 2247 1584 In
2302 1530 2561 1600 praesenti
2608 1538 2790 1585 autem
2820 1544 2942 1599 qua:
2978 1528 3134 1599 quasi
3188 1531 3244 1585 in
3290 1534 3627 1583 transcursu-

2028 1629 2163 1676 tune
2211 1620 2358 1675 dicta
2408 1620 2625 1677 fuerant
2684 1619 2863 1676 fusius
2914 1620 3111 1689 aperit,
3158 1618 3456 1675 ostendens
3502 1632 3625 1688 quo

2032 1727 2200 1768 sensu
2250 1710 2456 1767 dictum
2482 1712 2551 1766 de
2591 1711 2824 1766 Domino
2854 1711 3017 1767 fuerit
3051 1729 3065 1767 :
3113 1729 3132 1763 ι
3169 1711 3236 1765 Ει
3266 1710 3479 1766 Domini
3511 1709 3616 1766 Do-

336 1799 454 1872 ρίου
498 1800 556 1852 αἱ
599 1800 820 1863 διέξοδοι
860 1800 953 1855 τοῦ
985 1792 1240 1866 θανάτοῦ,
1280 1821 1300 1853 ι
1338 1803 1432 1856 καὶ
1461 1803 1542 1870 τὺ,
1587 1822 1607 1856 ι
1648 1800 1785 1857 Εῐπε
1813 1804 1923 1857 Κύ-

2029 1804 2162 1859 mini
2203 1804 2384 1859 exitus
2418 1803 2634 1868 mortis,
2688 1822 2706 1854 ι
2742 1810 2906 1873 atque
2955 1801 3089 1856 illud
3117 1842 3133 1866 ,
3169 1820 3189 1853 ι
3230 1801 3374 1856 Dixit
3428 1800 3616 1855 Domi.

337 1907 485 1963 ριος’
540 1892 635 1945 Ἐκ
669 1893 854 1947 Βασάν
893 1894 1232 1966 ἐπιστρέψω.
1274 1894 1590 1966 ἐπιστρέψω
1638 1897 1704 1949 ἐκ
1746 1895 1924 1967 βυθῶν

333 1981 633 2054 θαλάσσης.
664 2002 683 2038 r
719 1984 904 2038 Ταῦτα
929 1985 1038 2057 γάφ
1067 1986 1150 2049 είς
1178 1984 1379 2049 πλάτος
1406 1985 1501 2039 ἐπὶ
1531 1986 1627 2039 τοῦ
1660 1987 1926 2058 παρόντος

331 2075 664 2149 διεξέρχεται
693 2076 871 2146 λέγων
890 2095 903 2109 ο
935 2097 953 2131 ι
984 2077 1166 2131 Σῶσόν
1200 2095 1289 2150 με,
1319 2080 1348 2131 6
1376 2077 1530 2145 Θεὸς,
1560 2081 1643 2135 ὅτι
1682 2079 1926 2152 εἰσήλθο-

331 2183 433 2223 σαν
470 2168 641 2223 ὕδατα
671 2169 777 2233 ἓως
825 2169 1003 2242 ψυχῆς
1038 2188 1163 2242 μου.
1204 2173 1509 2246 Ἐνεπάγην
1548 2176 1628 2239 είς
1664 2173 1796 2246 ὓλην
1827 2174 1920 2246 βυ-

328 2258 447 2325 θοῦ,
478 2261 574 2314 καὶ
620 2260 720 2315 οὐκ
765 2260 912 2315 ἔστιν
951 2262 1271 2330 ὑπόστασις.
1302 2262 1504 2320 *Ηλθον
1550 2269 1632 2331 είς
1672 2267 1743 2321 τά
1785 2267 1922 2340 βάθη

325 2351 428 2423 τῆς
470 2353 749 2426 θαλάσσης
795 2356 893 2409 καὶ
932 2359 1187 2427 καταιγὶς
1218 2360 1576 2414 κατεπόντισέ
1626 2378 1714 2433 με.
1745 2381 1763 2414 ι
1799 2363 1928 2415 Πει-

331 2447 580 2519 ,τασμοὺς
616 2447 674 2501 δὲ
718 2448 813 2502 καὶ
845 2447 1121 2521 διωγμοὺς
1150 2451 1246 2507 καὶ
1276 2452 1673 2518 ἐπαναστάσεις
1713 2454 1925 2508 ἀσεϐῶν

326 2536 542 2610 ἀνδρῶν
566 2536 733 2593 ὕδατα
765 2540 949 2595 καλεῖν
979 2540 1172 2596 εῐωθεν
1198 2544 1228 2596 6
1255 2543 1432 2614 Λόγος
1449 2561 1464 2576 ⁸
1502 2543 1825 2615 οῦτω.γοῦν
1848 2545 1928 2599 εῖ-

333 2646 495 2702 ρηται
541 2630 777 2703 ἀλλαχοῦ
796 2649 811 2664 ⁸
853 2652 872 2686 ι
909 2634 1015 2689 Τὸν
1062 2635 1376 2711 χείμαρρον,
1415 2636 1633 2710 διῆλθεν
1690 2640 1726 2710 ή
1777 2637 1938 2719 ψυχή

327 2724 519 2799 ήμῶψ
548 2725 657 2799 ἄρα
682 2725 899 2798 διῆλθεν
923 2728 957 2799 ἡ
982 2727 1129 2801 ψυχὴ
1154 2727 1325 2801 ήμῶν.
1352 2728 1415 2787 τὸ
1448 2728 1939 2803 ὖδωρ-ἀνυπόστα-.

329 2833 439 2876 τον.
483 2836 502 2870 ι
533 2818 646 2871 Kal
680 2817 845 2881 αὐτὸς
876 2817 934 2872 δὲ
964 2818 993 2871 6
1026 2819 1218 2892 Σωτὴρ
1252 2820 1509 2881 ἐδίδασκε,
1524 2822 1684 2877 τοῦτο
1716 2822 1922 2893 λέγων·

335 2929 354 2961 σ
391 2908 615 2981 Κατέϐη
651 2911 686 2982 ή
737 2909 928 2985 βροχὴ,
974 2904 1139 2983 ἦλθον
1181 2913 1239 2965 οί-
1260 2916 1520 2986 ποταμοὶ,
1567 2915 1835 2971 ἔπνευσαν
1872 2916 1924 2969 οί

327 3001 542 3074 ἄνεμοι,
574 3003 670 3056 καὶ
715 3001 1096 3075 προσέῤῥηξαν
1133 3007 1200 3077 τῇ
1241 3006 1388 3078 οἰκίᾳ
1433 3007 1641 3081 ἐκείνῃ,
1678 3008 1776 3063 καὶ
1821 3009 1924 3062 οὐκ

326 3094 495 3149 ἔπεσε
515 3112 528 3126 ”
551 3094 910 3167 τεθεμελίωτο
941 3097 1053 3169 γάρ
1090 3098 1183 3151 ἐπὶ
1242 3099 1342 3170 τὴν
1374 3100 1597 3173 πέτραν.
1633 3120 1653 3153 ι
1697 3102 1808 3156 Καὶ
1836 3101 1925 3156 διά

2025 1916 2132 1956 nus
2164 1919 2176 1953 :
2215 1897 2291 1953 Ex
2323 1897 2498 1953 Basan
2524 1906 2866 1962 convertam,
2898 1904 3215 1951 convertam
3236 1911 3305 1952 ex
3338 1894 3615 1967 profundo

2023 1992 2213 2048 maris.
2258 2010 2277 2043 ι
2332 1989 2460 2046 Hac
2493 1990 2640 2047 enim
2680 1989 2858 2045 fusius
2892 1988 2951 2044 in
2985 1989 3243 2060 praesenti
3274 1997 3498 2044 enarrat
3526 1988 3616 2044 di-

2024 2100 2157 2141 cens
2183 2103 2198 2140 :
2233 2102 2252 2136 ι
2286 2081 2512 2140 Salvum
2541 2098 2629 2139 me
2653 2082 2761 2149 fac,
2786 2083 2952 2147 Deus,
2980 2081 3241 2154 quoniam
3271 2082 3615 2139 intraverunt

2024 2192 2180 2249 aqua:
2212 2192 2388 2248 usque
2420 2175 2488 2231 ad
2513 2178 2750 2231 animam
2781 2188 2980 2230 meam.
3012 2173 3218 2231 lnfixus
3252 2188 3374 2229 sum
3401 2173 3457 2229 in
3484 2172 3615 2229 limo

2025 2267 2306 2339 profundi,
2340 2277 2396 2324 et
2436 2282 2549 2322 non
2596 2274 2682 2323 est
2736 2266 3064 2327 substantia.
3106 2263 3245 2320 Veni
3281 2265 3336 2320 in
3367 2265 3613 2320 altitudi-

2027 2377 2153 2417 nem
2188 2361 2381 2427 maris,
2415 2367 2469 2416 et
2499 2366 2797 2431 tempestas
2824 2358 3086 2416 demersit
3130 2374 3237 2415 me.
3276 2378 3295 2412 ι
3333 2356 3614 2414 Tentatiu-

2025 2470 2124 2511 nes
2156 2461 2362 2519 autem,
2408 2453 2726 2509 vexationes
2759 2460 2815 2507 et
2859 2449 3100 2507 insultus
3146 2449 3439 2520 impiorum
3467 2449 3615 2506 viro-

2023 2563 2170 2614 rum,
2222 2561 2396 2619 aquas
2434 2559 2633 2601 vocare
2675 2542 2975 2613 Scriptura:
3028 2557 3151 2599 mos
3188 2550 3295 2598 est.
3343 2541 3423 2597 Ita
3465 2542 3612 2598 enim

2024 2638 2231 2697 dicitur
2294 2635 2425 2693 alibi
2482 2656 2496 2693 :
2565 2654 2586 2689 ι
2654 2634 2978 2692 Torrentem
3013 2634 3371 2706 pertransivit
3429 2635 3614 2690 anima

2024 2739 2236 2796 nostra,
2267 2728 2499 2785 forsitan
2532 2727 2926 2800 pertransisset
2955 2726 3140 2782 anima
3183 2733 3373 2783 nostra
3413 2740 3614 2798 aquam

2025 2824 2147 2882 sine
2179 2821 2351 2879 fundo
2374 2820 2443 2878 ⁸¹.
2487 2840 2507 2875 ι
2540 2818 2897 2892 ldipsumque
2943 2818 3088 2875 idem
3141 2816 3402 2874 Servator
3452 2818 3620 2876 docet

2025 2917 2112 2973 his
2140 2916 2368 2972 verbis:
2404 2932 2423 2966 ι
2474 2912 2769 2970 Descendit
2797 2911 3006 2984 pluvia,
3056 2918 3330 2968 venerunt
3362 2909 3629 2975 ﬂumina;

2024 3006 2296 3064 ﬂaverunt
2326 3005 2497 3071 venti,
2529 3012 2586 3061 et
2615 3004 2962 3077 impegerunt
2995 3005 3052 3059 in
3085 3003 3310 3060 domum
3360 3004 3616 3071 illam,et

2024 3114 2136 3154 non
2172 3097 2375 3156 cecidit
2405 3117 2419 3153 :
2452 3096 2677 3153 fundata
2710 3096 2858 3151 enim
2884 3104 3004 3153 erat
3040 3111 3208 3168 supra
3241 3106 3452 3169 petram
3474 3096 3542 3153 “.
3586 3115 3625 3151 ι.

328 3187 439 3241 τῶν
486 3188 863 3259 προκειμένων
908 3190 1094 3249 τοίνυν⁴
1139 3191 1267 3256 τοὺς
1315 3194 1657 3265 πειρασμοὺς
1689 3194 1784 3247 καὶ
1825 3194 1923 3259 τὰς

2028 3191 2084 3246 ln
2116 3191 2201 3247 his
2233 3192 2417 3261 itaque
2447 3190 2612 3246 dictis
2637 3189 2974 3245 tentationes
3010 3199 3065 3246 et
3110 3190 3345 3250 insidias
3376 3189 3491 3250 sibi
3512 3204 3613 3259 tta-

328 3279 454 3335 κατ’
480 3279 647 3333 αὑτοῦ
676 3279 991 3346 ἐπιϐουλάς,
1032 3282 1202 3339 ὕδατα
1247 3285 1533 3356 ὀνομάζων
1578 3286 1918 3357 εἰσεληλυθέ-

328 3388 418 3427 ναι
440 3372 546 3437 ἐως
575 3371 679 3443 τῆς
705 3373 886 3446 ψυχῆς
918 3375 1084 3434 αὐτοῦ
1118 3375 1380 3431 διδάσκει.
1427 3379 1550 3433 Ἐπὶ
1579 3380 1678 3451 μὲν
1704 3376 1797 3434 οὖν
1822 3380 1917 3435 τοῦ

342 3461 484 3527 Ἰὼϐ,
540 3463 746 3536 καίπερ
790 3464 942 3530 ϐντος
990 3466 1228 3539 ἀθλητοῦ
1285 3470 1555 3539 γενναίου,
1611 3472 1919 3545 γέγραπται

329 3552 570 3628 εἰρηκὼς
609 3556 638 3608 6
672 3555 805 3621 Θεὸς
851 3557 929 3629 τῷ
968 3560 1314 3631 πειράζοντι·
1367 3580 1386 3613 ι
1428 3562 1560 3616 Ἰδοὺ
1604 3563 1781 3617 πάντα
1818 3566 1918 3619 ὅσα

330 3646 567 3719 ὑπάρχει
601 3647 751 3720 αὐτῷ
781 3649 976 3722 δίδωμι
1007 3652 1065 3704 ἐν
1096 3655 1163 3724 τῇ
1195 3653 1338 3725 χειρί
1368 3671 1483 3720 σου,
1510 3656 1671 3726 μόνον
1695 3657 1794 3727 τήν
1820 3656 1920 3727 ψυ-

329 3739 432 3811 χὴν
458 3740 623 3794 αὑτοῦ
651 3740 995 3811 διαφύλαξον.
1031 3762 1051 3796 ι
1100 3744 1365 3801 Ἐνταῦθα
1391 3746 1447 3800 δὲ
1484 3748 1584 3819 τὴν
1617 3747 1794 3821 ψυχὴν
1822 3751 1919 3804 αύ-

328 3831 430 3905 τὴν
477 3832 507 3885 6
559 3833 837 3905 πειράζων
888 3834 1159 3908 πειράζει,
1210 3838 1334 3909 ἥτις
1380 3839 1510 3893 ποτέ
1541 3835 1611 3912 ἦν
1642 3840 1801 3914 αῦτη,
1849 3837 1919 3915 ἦς

332 3923 579 3996 μέμνητο
602 3925 696 3979 καὶ
728 3926 890 3990 αὐτὸς
914 3926 1088 3996 λέγων
1107 3945 1123 3961 ·
1163 3947 1181 3980 ι
1224 3928 1415 3993 Οὐδεὶς
1444 3929 1591 4000 αἴρει
1618 3931 1715 4002 τὴν
1738 3931 1917 4005 ψυχήν

332 4032 435 4088 μου
466 4017 561 4071 ἀπ’
597 4015 732 4087 ἐμοῦ
755 4033 767 4045 ο
798 4015 1046 4082 ἐξουσίαν
1078 4017 1187 4090 ἔχω
1216 4018 1390 4075 θεῖναι
1418 4020 1611 4092 αὐτὴν,
1638 4022 1736 4076 καὶ
1767 4021 1918 4089 ἐξου-

331 4107 458 4162 σίαν
500 4107 608 4178 ἐχω
647 4107 830 4161 λαϐεῖν
859 4108 1030 4180 αὑτήν
1054 4126 1067 4139 ·
1104 4129 1124 4161 ›
1163 4111 1258 4164 καὶ
1297 4111 1489 4170 πάλιν·
1532 4130 1552 4164 ι
1596 4113 1708 4184 Τὴν
1739 4112 1917 4186 ψυχήν

332 4214 437 4269 μου
478 4196 672 4270 τίθημι
712 4198 854 4271 ὑπὲρ
893 4199 1003 4254 τῶν
1042 4201 1331 4273 προϐάτων
1367 4220 1503 4274 μου-
1537 4223 1557 4257 ›
1603 4205 1718 4270 καὶ,
1754 4225 1773 4257 ι
1803 4204 1919 4261 Νῦν

329 4291 366 4361 ή
392 4288 537 4361 ψυχή
567 4306 667 4361 μου
694 4290 1057 4361 τετάρακται·
1100 4311 1119 4345 ι
1151 4294 1266 4357 καὶ,
1303 4314 1321 4345 ι
1352 4293 1660 4366 Περίλυπός
1704 4296 1852 4350 ἐστιν
1882 4298 1917 4368 ὴ

329 4380 475 4453 ψυχή
527 4398 630 4453 μου
691 4381 798 4447 ἕως
843 4382 1095 4439 θανάτου.
1137 4404 1156 4437 ι
1206 4385 1370 4441 Ὅθεν
1427 4388 1523 4441 καὶ
1566 4387 1664 4443 νῦν
1716 4405 1913 4460 φησιν’

2019 3288 2191 3344 ratas,
2224 3297 2398 3353 aquas
2436 3296 2788 3352 nuncupans,
2843 3296 3018 3351 usque
3045 3281 3119 3336 ad
3164 3282 3405 3335 animam
3452 3294 3611 3335 suam

2019 3373 2237 3429 venisse
2288 3372 2469 3428 docet.
2525 3369 2602 3426 De
2658 3370 2797 3429 Jobo
2859 3386 2991 3427 sane
3017 3411 3055 3436 ,,
3084 3372 3300 3426 tametsi
3350 3378 3611 3428 strenuus

2019 3465 2223 3521 athleta
2256 3473 2395 3533 erat,
2432 3465 2640 3521 dixisse
2665 3464 3126 3521 Deumtentatori
3165 3463 3377 3521 fertur:
3417 3484 3434 3517 ι
3472 3463 3614 3520 Ecce

2019 3560 2206 3614 omnia
2245 3574 2588 3630 quaecunque
2618 3559 2723 3629 ipsi
2759 3566 2890 3615 sunt
2916 3559 2989 3615 do
3024 3559 3078 3613 in
3113 3574 3278 3614 manu
3336 3566 3451 3623 tua,
3489 3566 3611 3613 tan-

2023 3660 2138 3707 tum
2174 3651 2414 3707 animam
2444 3650 2566 3720 ejus
2594 3661 2811 3706 servato
2833 3650 2901 3705 ⁸³.
2939 3669 2958 3703 ι
2996 3648 3097 3705 Hic
3125 3665 3255 3706 vero
3286 3649 3459 3721 ipsam
3490 3651 3612 3705 ani-

2018 3758 2163 3798 mam
2190 3750 2429 3800 tentator
2451 3741 2790 3813 aggreditur,
2814 3756 2933 3797 eam
2960 3741 3135 3813 ipsam
3174 3740 3385 3798 scilicet
3410 3741 3478 3797 de
3502 3755 3611 3812 qua

2020 3833 2285 3891 Dominus
2304 3835 2493 3891 dicitzc
2517 3832 2689 3890 Nemo
2703 3833 2844 3888 tollit
2861 3834 3096 3888 animam
3120 3847 3295 3889 meam
3313 3847 3343 3887 a
3363 3848 3448 3889 me
3472 3852 3486 3888 :
3515 3848 3614 3904 po-

2019 3933 2272 3983 testatem
2284 3926 2460 3985 habeo
2474 3925 2711 3996 ponendi
2738 3925 2969 3991 illam,et
2985 3932 3309 3996 potestatem
3329 3926 3506 3983 habeo
3522 3941 3613 3983 ac-

2021 4001 2260 4090 cipiendi
2288 4034 2407 4075 eam
2429 4018 2498 4074 ⁸⁸.
2536 4037 2556 4071 ι
2588 4017 2656 4073 Et
2688 4019 2919 4073 iterum:
2949 4035 2971 4069 ι
2995 4017 3250 4073 Animam
3268 4033 3444 4073 meam
3465 4033 3612 4097 pono

2020 4127 2122 4185 pro
2155 4112 2353 4167 ovibus
2387 4110 2525 4167 meis
2547 4111 2616 4176 ",
2656 4129 2676 4163 ι
2713 4117 2789 4174 et,
2820 4127 2840 4161 ι
2872 4108 3030 4164 Nunc
3046 4109 3227 4164 anima
3256 4124 3376 4166 mea
3393 4110 3611 4166 turbata

2019 4206 2161 4261 est“
2178 4203 2646 4273 ;iet,¢'l'ristis.est
2662 4202 2841 4258 anima
2859 4217 3170 4273 meausque
3182 4202 3250 4257 ad
3268 4202 3572 4257 mortem".
3586 4222 3605 4255 ο

2022 4297 2391 4364 Quamobrem
2431 4312 2580 4352 nunc
2606 4310 2826 4366 quoque
2856 4296 2935 4349 ait
2972 4314 2986 4349 :
3018 4312 3041 4345 ι
3066 4292 3335 4360 Quoniam
3368 4293 3612 4347 intrave-

2020 4397 2150 4445 runt
2168 4405 2324 4460 aqua:
2350 4405 2523 4459 usque
2536 4388 2605 4442 ad
2626 4388 2865 4443 animam
2899 4399 3074 4440 meam
3096 4404 3108 4440 :
3134 4400 3155 4437 ι
3176 4386 3289 4440 sive
3306 4383 3610 4440 secundum

336 4493 357 4526 ι
392 4475 515 4529 Ὅτι
554 4473 874 4547 είσήλθοσαν
903 4474 1072 4531 ῦδατα
1099 4475 1204 4541 ἓως
1235 4477 1413 4549 ψυχῆς
1459 4496 1561 4551 μου
1580 4496 1594 4510 ·
1631 4497 1652 4533 ι
1691 4478 1833 4538 κατὰ
1859 4479 1923 4536 δὲ

2024 4478 2410 4553 Symmachum
2437 4500 2450 4536 :
2477 4499 2494 4532 ι
2520 4478 2787 4546 Quoniam
2802 4486 3155 4532 accesserunt
3170 4491 3326 4546 aqua:
3346 4489 3520 4545 usque
3539 4476 3610 4531 ad

329 4566 423 4621 τὸν
473 4542 801 4639 Σύμμαχον·
861 4587 879 4619 ι
913 4569 1036 4622 Ὅτι
1068 4542 1533 4642 ἐπῆλθενηῦδατα
1581 4572 1686 4638 ἕως
1738 4572 1918 4645 ψυχῆς

2024 4542 2474 4629 animammeam.
2503 4588 2521 4621 ι
2544 4542 2750 4624 Deinde
2771 4564 3055 4637 subjungit
3081 4583 3094 4619 :
3129 4584 3149 4617 ι
3177 4542 3382 4621 Inﬁxus
3401 4542 3521 4621 sum
3553 4566 3611 4623 in

335 4674 458 4729 μου.
503 4680 522 4712 ι
573 4656 715 4717 Εἶτα.
740 4661 1015 4730 ἐπιλέγει’
1050 4681 1068 4714 ι
1116 4663 1423 4735 Ἐνεπάγην
1456 4667 1535 4729 είς
1562 4664 1695 4737 ῦλην
1732 4665 1917 4737 βυθοῦ,

331 4749 427 4802 καὶ
452 4750 553 4804 ούκ
595 4751 743 4807 ἐστιν
774 4751 1073 4816 ὑπόστασις
1099 4770 1112 4783 ·
1151 4772 1169 4805 ι
1199 4754 1342 4808 κατὰ
1378 4754 1435 4808 δὲ
1463 4755 1553 4808 τὸν
1579 4755 1874 4828 Σύμμαχον
1901 4772 1914 4785 ο

337 4861 357 4894 ι
406 4842 774 4916 Ἐϐαπτίσθην
816 4848 898 4911 είς
943 4847 1284 4919 ἀπεράντους
1313 4848 1659 4914 καταδύσεις,
1686 4852 1782 4904 καὶ
1819 4851 1921 4904 οὐκ

331 4933 448 4988 ἐστι
474 4935 682 5001 στάσις,
716 4956 735 4988 ι
768 4939 1081 5010 ἡρμήνευσε
1106 4957 1119 4970 ·
1153 4940 1359 5012 σφόδρα
1388 4940 1717 5005 ἀκολούθως.
1752 4942 1920 4995 Ἔνθα

329 5023 440 5096 γάρ
463 5026 565 5081 οὐκ
585 5023 654 5098 ἦν
678 5028 867 5093 στάσις
892 5029 1119 5102 ἑτέροις,
1149 5029 1237 5087 διὰ
1260 5030 1323 5085 τὸ
1348 5031 1554 5095 πάντας
1583 5032 1711 5091 τοὺς
1732 5030 1920 5084 αύτὸθι

332 5117 695 5183 κατελθόντας
745 5120 945 5193 όλίσθῳ
990 5125 1310 5195 περιπεσεῖν
1361 5124 1455 5177 καὶ
1512 5123 1918 5196 κατασύρεσθαι

332 5209 443 5263 ὑπὸ
484 5208 594 5264 τῶν
625 5210 719 5265 τοῦ
752 5195 985 5267 θανάτου
1030 5215 1340 5284 ῥευμάτων,
1370 5214 1604 5269 ἐνταῦθα
1632 5195 1930 5286 καὶίαύτὸς-

328 5296 517 5373 ἦλθον,
547 5302 783 5374 ὁπηνίκα
811 5305 890 5368 είς
922 5304 992 5358 τά
1031 5303 1172 5377 βάθη
1197 5307 1301 5377 τῆς
1342 5305 1618 5378 θαλάσσης
1650 5306 1916 5379 ἐλήλυθα’

333 5392 392 5464 ἢ,
422 5394 566 5451 κατά
589 5395 679 5448 τὸν
713 5395 1025 5469 Σύμμαχον,
1055 5417 1074 5450 ι
1107 5398 1372 5471 Είσῆλθον
1400 5400 1480 5463 είς
1519 5398 1588 5455 τά
1630 5397 1787 5471 βάθη,
1811 5398 1920 5453 τῶν

332 5486 581 5550 ὑδάτων,
609 5489 703 5542 καὶ
736 5489 947 5562 ῥεῖθρον
990 5491 1260 5546 ἐπέκλυσὲ
1296 5509 1384 5565 με.
1425 5513 1443 5544 ι
1481 5491 1594 5545 Kal
1634 5490 1705 5545 τά
1745 5508 1923 5563 παρα-

334 5578 540 5650 πλήσια
573 5580 630 5634 δὲ
681 5581 889 5648 τούτοις
922 5583 1016 5638 καὶ
1054 5585 1240 5651 Ἰωνᾶς
1287 5586 1316 5639 6
1359 5585 1645 5658 προφήτης
1679 5583 1789 5638 ἀπὸ
1820 5583 1922 5654 τῆς

410 5738 453 5767 ⁷⁸
491 5737 633 5796 Psal.
672 5756 842 5803 Lxm,
877 5740 930 5804 5,
974 5739 1026 5795 6.
1119 5743 1163 5774 ⁷⁷
1205 5743 1336 5799 ibid.
1381 5742 1465 5796 12.

2025 4662 2155 4716 limo
2171 4660 2449 4731 profundi,
2483 4671 2675 4717 etnon
2725 4671 2810 4716 est
2854 4657 3202 4724 substantia;
3243 4678 3262 4711 ι
3305 4658 3608 4715 secundum

2028 4750 2416 4827 Symmachum
2434 4766 2562 4807 vero
2582 4769 2594 4806 :
2622 4769 2639 4802 ι
2659 4748 2956 4806 lmmersus
2973 4764 3094 4804 sum
3114 4749 3170 4811 in
3189 4749 3430 4805 inﬁnitas
3452 4764 3608 4804 vora-

2026 4846 2199 4917 gines,
2240 4851 2294 4899 et
2325 4858 2435 4899 non
2466 4850 2549 4899 cst
2602 4850 2803 4907 status,
2853 4859 2872 4892 ι
2919 4840 3262 4910 explicatur;
3302 4847 3356 4896 et
3384 4839 3608 4911 quidem

2025 4954 2057 4993 e
2090 4953 2150 4993 re
2178 4935 2494 4992 admodum.
2523 4932 2659 4987 Nam
2691 4933 2783 4988 ubi
2822 4932 3008 4987 nullus
3051 4931 3231 4986 standi
3258 4931 3454 5002 modus
3484 4931 3609 5005 aliis

2026 5038 2166 5094 erat,
2206 5029 2333 5099 quia
2360 5033 2630 5096 quotquot
2656 5039 2722 5079 eo
2756 5023 3156 5097 descenderant
3202 5022 3258 5077 in
3310 5023 3607 5094 perniciem

2029 5120 2200 5185 ibant,
2226 5127 2280 5177 et
2326 5134 2356 5173 a
2391 5117 2651 5174 ﬂuctibus
2687 5116 2881 5172 mortis
2918 5115 3372 5180 detrahebantur,
3416 5115 3629 5171 eodem

2028 5213 2237 5273 accessi
2282 5213 2502 5282 quando
2535 5209 2652 5266 veni
2706 5209 2763 5264 in
2814 5208 3158 5264 altitudinem
3217 5206 3603 5274 maris;sive.

2029 5306 2332 5365 secundum
2371 5303 2782 5377 Symmachum,
2833 5321 2850 5353 ι
2887 5299 3175 5372 ingressus
3207 5315 3328 5357 sum
3376 5298 3430 5351 in
3480 5310 3607 5365 pru-

2030 5400 2259 5457 fundum
2290 5414 2579 5470 aquarum,
2606 5407 2661 5455 et
2690 5397 2891 5453 ﬂuctus
2921 5395 3205 5452 inundavit
3228 5408 3331 5447 me.
3370 5409 3388 5441 ι
3424 5387 3489 5441 Ει
3518 5387 3606 5443 his

2029 5491 2228 5548 similia
2264 5489 2435 5545 Jonas
2473 5490 2738 5562 propheta
2761 5504 2790 5543 a
2819 5497 3008 5543 ventre
3036 5485 3141 5541 ceti
3184 5487 3439 5554 precatus
3468 5479 3606 5534 scri-

2029 5584 2211 5650 bitur;
2252 5583 2328 5637 ait
2356 5582 2521 5654 igitur
2552 5583 2681 5638 ille:
2731 5603 2748 5633 ι
2790 5577 3135 5637 Circumfusa
3169 5585 3253 5632 est
3295 5575 3430 5629 mihi
3464 5587 3605 5645 aqua

1577 5742 1623 5774 "
1662 5739 1791 5797 ibid.
1832 5738 1920 5793 2|.

2026 5741 2118 5773 ⁶·⁸⁰
2160 5741 2291 5797 ibid.
2330 5741 2418 5796 54.
2495 5741 2537 5772 ⁸³
2563 5738 2706 5795 Psal.
2746 5737 3008 5801 cxxm,5.
3086 5732 3347 5791 "Matth.
3377 5730 3599 5800 "1,25.

335 5805 381 5838 ⁸³
418 5805 525 5866 10b.
557 5826 615 5878 ιι,
659 5812 711 5867 6.
786 5813 830 5844 ⁸⁸
870 5809 1029 5869 Joan.
1065 5829 1119 5883 x,
1158 5813 1221 5873 18
1318 5814 1363 5847 ⁸⁸
1404 5812 1535 5871 ibid.
1586 5813 1669 5870 15.
1746 5811 1792 5849 ⁸³
1827 5808 1923 5868 Joa

2040 5827 2137 5882 xu,
2178 5811 2279 5891 27.7
2344 5815 2385 5844 ⁸⁷
2430 5810 2620 5867 Matth.
2663 5824 2808 5874 xm,
2851 5809 2938 5865 58.
