4062 6208
441 270 544 325 ἾΞἹ

1126 266 1401 324 EUSEBII
1432 265 1914 323 CIESARIENSIS
1950 264 2104 325 OPP.
2156 265 2340 322 PARS
2378 265 2466 323 Ill.
2508 296 2581 307 —-
2619 264 3034 323 EXEGETICA.

3588 252 3694 319 728

438 401 614 457 usque
643 386 712 442 ad
743 385 981 440 animam
1029 400 1231 449 meam,
1280 385 1515 457 abyssus
1560 385 1753 440 ultima
1781 388 2018 441 circum-

2129 385 2325 449 κοιλίας
2349 386 2443 439 τοῦ
2469 386 2671 458 κήτους
2694 386 3109 460 ἀναγέγραπται
3133 383 3426 456 ηύγμένος.
3460 380 3622 450 Λέγει
3644 382 3693 436 δ’

433 479 585 535 dedit
612 494 719 534 me.
747 477 924 533 Subiit
970 486 1136 548 caput
1182 494 1361 534 meum
1416 479 1484 534 ad
1530 479 1830 536 divisiones
1860 496 2016 534 mon-

437 571 591 635 tium,
631 569 888 626 descendi
919 569 972 624 in
1004 577 1230 633 terram,
1273 570 1434 638 cujus
1471 582 1654 627 vectes
1685 581 1815 627 sunt
1845 572 2018 627 admi-

434 662 619 719 nicula
652 671 857 717 aeterna
878 661 943 714 ³⁸.
998 680 1017 713 ι
1052 659 1396 731 Quapropter
1429 664 1683 733 exemplo
1710 661 1862 719 Jonze
1890 680 2020 735 pro-

436 754 612 825 pheta:
643 769 779 817 usus
817 750 1076 807 Servator
1105 761 1189 808 est
1225 753 1292 807 ad
1327 768 1444 818 eos,
1475 755 1567 824 qui
1609 756 1823 826 signum
1865 756 1934 810 ab
1959 772 2020 812 se

435 844 712 916 petebant,
748 843 977 899 dicens:
1037 861 1056 893 ι
1105 842 1398 899 Generatio
1449 861 1616 915 prava
1667 853 1721 902 et
1772 846 2019 902 adultera

436 936 652 1007 signum
688 936 904 1005 quaerit,
933 943 986 991 et
1017 936 1233 1006 signum
1283 952 1394 992 non
1427 938 1646 993 dabitur
1693 939 1765 1002 ei,
1804 940 1912 995 nisi
1951 942 2021 995 si-

435 1043 603 1100 gnum
630 1025 783 1082 Iona:
817 1027 1113 1098 prophetae.
1153 1027 1307 1083 Sicut
1344 1031 1489 1085 enim
1537 1030 1638 1083 fuit
1691 1028 1859 1085 Jonas
1888 1047 2017 1102 pro-

436 1119 600 1189 pheta
624 1118 679 1172 in
704 1127 892 1172 ventre
920 1121 1022 1172 ceti
1053 1120 1232 1174 tribus
1247 1120 1442 1175 diebus
1462 1132 1517 1175 et
1539 1122 1710 1176 tribus
1733 1121 1986 1177 noctibus
2001 1160 2017 1186 ,

438 1210 519 1266 sic
546 1210 650 1265 erit
674 1220 723 1266 et
756 1210 928 1266 Filius
957 1211 1195 1267 hominis
1227 1212 1281 1266 in
1312 1212 1479 1268 corde
1505 1221 1666 1268 terra:
1698 1213 1876 1270 tribus
1905 1214 2021 1270 die-

438 1303 544 1364 bus
573 1312 626 1359 et
653 1304 831 1360 tribus
862 1305 1118 1360 noctibus
1134 1305 1200 1359 “9.
1236 1325 1254 1357 ι
1288 1306 1397 1360 Cor
1420 1312 1582 1360 terra:
1601 1316 1760 1382 vorat
1789 1307 1843 1361 id
1874 1306 2019 1377 quod

439 1395 529 1451 hic
560 1396 764 1451 dicitur
793 1396 1123 1467 profundum
1157 1398 1347 1461 maris,
1383 1397 1584 1454 inferni
1614 1399 1732 1452 loca
1769 1399 2020 1455 subindi-

437 1504 593 1545 cans.
624 1488 989 1563 Quamobrem
1021 1490 1076 1544 in
1118 1487 1221 1544 Job
1250 1505 1471 1560 quoque
1517 1491 1737 1544 oracula
1789 1490 2021 1546 fundens

439 1581 559 1653 ipse
603 1580 866 1636 Dominus
898 1580 1100 1637 similia
1149 1580 1449 1636 declaravit
1480 1582 1715 1638 dicens:
1753 1602 1771 1634 ι
1814 1581 2021 1638 Venisti

439 1679 622 1728 autem
657 1673 723 1726 ad
778 1672 982 1728 fontem
1026 1673 1215 1738 maris,
1266 1673 1323 1728 in
1374 1675 1624 1745 vestigiis
1655 1690 1784 1729 vero
1834 1676 2020 1747 abyssi

438 1763 828 1820 deambulasti.
859 1763 1199 1835 Aperiuntur
1237 1763 1337 1818 tibi
1367 1765 1564 1820 timore
1592 1772 1763 1834 portae
1789 1766 1981 1821 mortis
2007 1783 2020 1820 :

440 1859 652 1916 ostiarii
678 1859 878 1915 inferni
910 1859 1160 1915 videntes
1191 1867 1245 1914 te
1274 1860 1559 1915 conterriti
1581 1868 1713 1915 sunt
1734 1862 1800 1916 ’°.
1845 1880 1864 1913 ι

2117 475 2210 532 οὖν
2233 478 2326 534 καὶ
2348 478 2510 542 αὐτός
2528 494 2542 509 ο
2573 495 2592 529 ι
2622 476 2928 549 Περιεχύθη
2957 493 3045 548 μοι
3069 474 3212 546 ὕδωρ
3231 474 3335 537 ἕως
3358 472 3535 543 ψυχῆς
3566 480 3693 544 pou“

2119 571 2352 634 ἄϐυσσος
2379 570 2655 627 ὲκύκλωσέ
2686 587 2753 643 με
2776 569 3003 641 ἐσχάτη.
3031 567 3215 638 Ἔδυη
3245 566 3454 636 κεφαλή
3487 582 3588 635 μου
3611 565 3697 629 εις

2121 662 2357 735 σχισμάς
2388 662 2580 735 ὀρέων,
2611 663 2845 735 κατέϐην
2870 665 2951 726 εἰς
2978 663 3101 733 γῆν,
3131 656 3200 734 ἧς
3229 662 3276 714 οἱ
3309 658 3494 733 μοχλοὶ
3524 659 3697 730 αὐτῆς

2120 756 2337 827 κάτοχοι
2396 753 2623 809 αἰώνιοι.
2667 773 2686 806 ι
2742 754 2944 825 Διόπερ
2998 752 3077 823 τῷ
3134 749 3536 822 παραδείγματι
3595 747 3696 802 τοῦ

2133 848 2286 901 Ἰωνᾶ
2322 847 2587 918 κέχρηται
2624 848 2652 900 6
2686 845 2877 917 Σωτὴρ
2908 845 3043 916 πρὸς
3079 845 3207 907 τοὺς
3238 846 3568 914 αἰτήσαντας
3598 842 3699 896 a6-

2118 939 2210 992 τὸν
2258 941 2503 1010 σημεῖον,
2553 937 2754 991 εἰπών·
2790 957 2808 989 ι
2842 936 3009 991 Γενεὰ
3051 935 3265 1008 πονηρὰ
3309 934 3405 988 καὶ
3449 935 3700 1007 μοιχαλὶς

2120 1030 2345 1098 σημεῖον
2383 1026 2647 1098 ἐπιζητεῖ,
2684 1026 2778 1080 καὶ
2820 1029 3041 1099 σημεῖον
3068 1026 3128 1080 ού
3158 1025 3440 1097 δοθήσεται
3464 1025 3601 1096 αὐτῇ
3647 1024 3701 1078 εἰ

2123 1119 2198 1191 μὴ
2247 1120 2309 1174 τὸ
2354 1122 2579 1190 σημεῖον
2634 1120 2791 1173 Ἰωνᾶ
2844 1119 2939 1173 τοῦ
2988 1120 3289 1192 προφήτου.
3329 1118 3538 1190 Ὠσπερ
3588 1118 3702 1190 γὰρ

2119 1210 2338 1281 ἐγένετο
2376 1212 2559 1275 Ἰωνᾶς
2584 1214 2613 1265 6
2654 1214 2939 1285 προφήτης
2969 1214 3027 1266 ὲν
3057 1214 3123 1283 τῇ
3157 1210 3334 1283 κοιλία
3375 1211 3469 1264 τοῦ
3496 1211 3703 1282 κήτους

2119 1307 2270 1377 τρεῖς
2301 1305 2517 1377 ἡμέρας
2549 1306 2643 1359 καὶ
2679 1309 2829 1377 τρεῖς
2869 1305 3090 1369 νύκτας,
3125 1304 3298 1369 οὕτως
3341 1304 3491 1358 ἔσται
3538 1306 3633 1359 καὶ
3670 1305 3701 1356 ὁ

2121 1396 2251 1460 Υἱὸς
2281 1397 2376 1451 τοῦ
2401 1396 2691 1470 ἀνθρώπου
2717 1398 2775 1451 ἐν
2801 1399 2867 1469 τῇ
2899 1397 3095 1470 καρδίᾳ
3121 1398 3220 1468 τῆς
3260 1398 3365 1467 γῆς
3392 1400 3540 1468 τρεῖς
3568 1397 3693 1467 ἡμέ·

2126 1508 2226 1562 ρας
2261 1491 2357 1544 καὶ
2379 1494 2527 1564 τρεῖς
2569 1490 2789 1555 νύκτας.
2830 1510 2848 1543 ι
2886 1490 3129 1561 Καρδίαν
3152 1489 3208 1543 δὲ
3235 1490 3338 1561 γῆς
3361 1488 3432 1542 τά
3469 1489 3704 1543 ἐνταῦθα

2121 1581 2386 1654 λεγόμενα
2419 1582 2558 1653 βάθη
2590 1581 2868 1652 θαλάσσης
2906 1582 3182 1652 ὀνομάζει,
3211 1581 3281 1635 τά
3310 1581 3408 1636 τοῦ
3438 1582 3565 1653 ᾆδου
3597 1600 3707 1653 χω-

2125 1674 2216 1745 ρία
2252 1673 2643 1744 αἰνιττόμενος.
2673 1673 2764 1725 Διὸ
2798 1673 2892 1727 καὶ
2929 1676 2986 1727 ὲν
3016 1672 3096 1744 τῷ
3139 1671 3261 1726 Ἰὼϐ
3292 1674 3649 1745 χρηματίζων
3675 1676 3707 1728 ὁ

2129 1766 2294 1829 αὐτὸς
2323 1764 2527 1837 Κύριος
2557 1766 2627 1818 τὰ
2654 1765 2826 1835 ὅμοια
2853 1750 3098 1837 Ῐπαρίστη
3127 1764 3298 1834 λέγων
3318 1781 3331 1794 ’
3373 1784 3393 1816 ι
3416 1762 3619 1830 τΗλθες
3650 1766 3707 1820 δὲ

2135 1861 2228 1914 ἐπὶ
2256 1860 2438 1932 πηγὴν
2463 1859 2757 1931 θαλάσσης,
2785 1860 2843 1914 ὲν
2868 1860 2926 1914 δὲ
2952 1859 3150 1931 ἴχνεσιν
3178 1858 3416 1912 ἀϐύσσου
3444 1860 3710 1931 περιεπά-

440 1971 631 2025 τησας.
661 1954 988 2022 Ἀνοίγονται
1018 1953 1076 2006 δέ
1110 1970 1192 2015 σοι
1227 1953 1376 2024 φόϐῳ
1405 1953 1572 2007 πύλαι
1598 1954 1848 2020 θανάτου,
1886 1954 2127 2027 πυλωροὶ
2159 1954 2284 2026 ᾅδου
2310 1954 2506 2017 ἰδόντες
2530 1970 2589 2005 σε
2625 1951 2916 2023 ἔπτηξαν.»

516 2068 677 2127 Vides
712 2079 890 2125 autem
926 2067 1201 2141 quomodo
1247 2071 1338 2126 hic
1392 2088 1612 2144 quoque
1644 2088 1771 2127 cum
1816 2073 2020 2129 fontem
2054 2084 2096 2138 Β

440 2162 612 2217 maris
666 2163 1036 2226 nominasset,
1091 2169 1145 2218 et
1205 2162 1538 2232 adiecisset,
1595 2183 1613 2218 ‹
1670 2165 1728 2219 ln
1777 2165 2020 2235 vestigiis

442 2252 628 2324 abyssi
657 2254 969 2321 ambulasti,
1007 2273 1026 2308 ι
1062 2253 1304 2310 declaret
1335 2256 1466 2325 quid
1496 2257 1567 2311 sit
1601 2257 1855 2328 abyssus,
1889 2256 2021 2327 quid

442 2357 612 2407 mare,
645 2343 982 2412 subjicieus:
1031 2363 1050 2395 ι
1092 2343 1428 2413 Aperiuntur
1458 2352 1638 2399 autem
1695 2345 1795 2400 tibi
1827 2347 2023 2402 timore

441 2443 613 2507 portae
645 2436 857 2497 mortis,
887 2435 1099 2491 ostiarii
1133 2450 1264 2490 vero
1303 2435 1501 2490 inferni
1536 2435 1780 2492 videntes
1811 2444 1864 2492 te
1893 2453 2023 2491 con-

443 2529 622 2583 territi
653 2536 801 2584 simt.
846 2548 864 2580 ι
925 2526 1025 2585 Hic
1061 2528 1230 2599 igitur
1258 2527 1423 2583 etiam
1475 2528 1805 2600 profundum
1855 2530 2023 2585 maris

444 2622 638 2681 mortis
672 2623 923 2693 regiones
955 2620 1267 2685 adumbrat,
1311 2635 1422 2691 quo
1458 2621 1800 2678 descendens
1831 2620 2021 2676 Salva-

442 2725 530 2770 tor
568 2720 630 2769 eo
674 2712 937 2768 Dominus
991 2719 1201 2774 noster,
1241 2712 1393 2768 solus
1427 2713 1553 2768 inde
1602 2728 1888 2785 regressus
1918 2723 2020 2770 est.

443 2803 625 2874 Quare
673 2806 729 2860 in
778 2805 1107 2876 prmcedenti
1154 2820 1376 2876 quoque
1430 2808 1645 2877 psalmo
1688 2806 2018 2862 dicebatur:

449 2918 466 2951 ι
503 2896 571 2952 Et
599 2896 812 2953 Domini
843 2897 1057 2953 Domini
1087 2900 1269 2954 exitus
1293 2899 1485 2955 mortis
1508 2899 1591 2965 9‘;
1625 2918 1644 2949 ›
1675 2914 1739 2953 ac
1768 2914 2021 2955 rursum:

450 3009 469 3041 ‹
507 2989 655 3044 Dixit
683 2989 948 3046 Dominus
980 3009 993 3045 :
1020 2988 1101 3044 Ex
1131 2989 1309 3046 Basan
1335 2998 1672 3058 convertam,
1708 2997 2021 3047 convertam

442 3097 510 3139 ex
555 3081 827 3152 profundo
856 3083 1025 3137 maris
1047 3082 1115 3137 ".
1154 3102 1173 3134 ι
1220 3081 1326 3137 Pro
1353 3084 1447 3138 illo
1473 3091 1674 3148 autem,
1719 3102 1739 3135 ι
1793 3085 1859 3137 Ει
1895 3092 2027 3138 tem-

446 3180 628 3244 pestas
678 3172 939 3233 demersit
990 3190 1095 3240 me,
1159 3193 1179 3227 ›
1232 3174 1450 3246 Aquila,
1508 3193 1527 3227 ι
1583 3175 1650 3228 Et
1698 3155 2068 3246 profluvium.

445 3266 731 3321 inundavit
758 3283 876 3336 me;
900 3287 919 3319 ι
944 3266 1305 3341 Symmachus
1326 3284 1476 3334 vero,
1510 3286 1529 3320 ί
1553 3268 1616 3323 Ει
1643 3271 1842 3324 ﬂuctus
1867 3269 2025 3323 inun-

445 3358 594 3415 davit
642 3374 749 3426 me,
802 3379 821 3413 ι
866 3362 1208 3433 interpretati
1243 3370 1395 3419 sunt.
1437 3361 1572 3415 Nam
1616 3361 1912 3417 verisimile
1939 3369 2025 3416 est

2208 2074 2369 2145 Ὁρᾷς
2395 2074 2504 2146 γὰρ
2548 2074 2697 2136 ὅπως
2737 2073 2832 2126 καὶ
2865 2074 2922 2125 ὲν
2960 2071 3169 2136 τούτοις
3212 2071 3394 2143 πηγὴν
3431 2070 3711 2142 θαλάσσης

2125 2164 2420 2236 ὀνομάσας,
2452 2164 2546 2217 καὶ
2578 2163 2833 2236 προσθεὶς
2858 2164 2942 2225 τὸ,
2976 2182 2995 2215 ι
3046 2164 3134 2216 Ἐν
3160 2163 3218 2216 δὲ
3246 2163 3447 2234 ἴχνεσιν
3470 2162 3709 2216 ἀϐύσσου

2125 2256 2553 2327 περιεπάτησας,
2592 2274 2610 2306 ι
2644 2254 2739 2327 τὴν
2773 2254 3008 2310 ἄϐυσσον
3044 2255 3137 2308 καὶ
3163 2253 3271 2325 τὴν
3291 2254 3565 2308 Θάλασσαν
3588 2255 3711 2308 τίνα

2125 2348 2241 2402 ἐστὶ
2286 2348 2544 2416 διασαφεῖ
2579 2346 2847 2416 ἐπιλέγων
2871 2362 2885 2376 ⁸
2923 2366 2941 2398 ι
2987 2346 3318 2415 Ἀνοίγονται
3358 2345 3413 2399 δέ
3442 2364 3522 2399 σοι
3559 2347 3713 2417 φόϐῳ

2125 2439 2287 2493 πύλαι
2311 2439 2563 2501 θανάτου,
2592 2438 2832 2511 πυλωροὶ
2852 2438 2908 2492 δὲ
2940 2438 3065 2511 ᾅδου
3097 2439 3293 2503 ἰδόντες
3324 2456 3383 2492 σε
3410 2438 3704 2511 ἔπτηξαν.ι›

2125 2528 2334 2583 Οὐκοῦν
2363 2528 2456 2581 καὶ
2488 2528 2546 2581 ὲν
2571 2530 2686 2592 τοῖς
2716 2528 3101 2600 προκειμένοις
3125 2528 3192 2582 τὰ
3215 2528 3354 2599 βάθη
3384 2529 3481 2598 τῆς
3509 2528 3714 2582 θαλάσι-

2127 2637 2227 2691 σης
2268 2620 2335 2673 τὰ
2374 2619 2469 2679 τοῦ
2518 2618 2749 2673 θανάτου
2792 2618 2968 2691 χωρία
3012 2618 3327 2681 αἰνίττεται,
3375 2618 3503 2673 ἔνθα
3553 2619 3715 2691 μόνος

2126 2710 2373 2774 καταϐάς
2396 2713 2425 2764 6
2448 2709 2638 2782 Σωτὴρ
2667 2709 2761 2764 καὶ
2785 2710 2990 2783 Κύριος
3010 2710 3167 2783 ἡμῶν
3193 2710 3492 2781 διεξῆλθεν.
3527 2712 3620 2765 Διὸ
3655 2712 3716 2765 ὲν

2124 2801 2201 2873 τῷ
2249 2801 2355 2873 πρὸ
2393 2800 2581 2854 τούτου
2620 2800 2822 2871 ψαλμῷ
2870 2800 3091 2869 ἐλέγετο
3115 2817 3127 2830 ·
3162 2818 3182 2852 ι
3222 2800 3330 2853 Καὶ
3363 2799 3457 2853 τοῦ
3503 2798 3714 2870 Κυρίου

2126 2891 2329 2965 Κυρίου
2358 2893 2412 2945 αἱ
2443 2891 2663 2956 διέξοδοι
2695 2890 2789 2944 τοῦ
2823 2890 3052 2946 θανάτου
3080 2908 3092 2921 ·
3133 2910 3152 2942 ι
3178 2891 3270 2944 καὶ
3296 2890 3457 2944 πάλιν
3476 2907 3493 2923 ·
3533 2910 3552 2943 ι
3578 2888 3717 2944 Eine

2125 2983 2348 3056 Κύριος*
2367 2985 2461 3037 Ἐκ
2474 2984 2655 3038 Βασάν
2673 2985 3004 3057 ἐπιστρέψω,
3024 2984 3336 3056 ἐπιστρέψω
3352 2986 3415 3037 ὲκ
3435 2984 3613 3056 βυθῶν
3630 2984 3723 3038 θα-

2124 3077 2380 3150 λάσσης.»
2402 3077 2544 3132 Ἀντὶ
2576 3077 2634 3131 δὲ
2673 3076 2767 3131 τοῦ
2787 3094 2801 3107 ο
2854 3095 2873 3128 ι
2922 3077 3034 3131 Καὶ
3072 3077 3325 3145 καταιγὶς
3358 3077 3718 3131 κατεπόντισέ

2131 3188 2217 3242 με,
2247 3191 2265 3223 ι
2298 3174 2327 3224 6
2353 3170 2717 3242 μὲνᾍκύλας,
2750 3190 2769 3222 ι
2800 3171 2909 3224 Καὶ
2941 3170 3069 3242 ῥοῦς
3101 3169 3365 3224 ὲπέκλυσέ
3396 3187 3463 3241 με
3493 3185 3504 3196 ⁸
3542 3190 3562 3222 ι
3601 3172 3629 3223 6
3657 3170 3714 3222 δὲ

2127 3263 2441 3335 Σύμμαχος,
2480 3281 2498 3314 ι
2525 3263 2637 3316 Καὶ
2665 3261 2876 3334 ῥεῖθρον
2898 3261 3163 3316 ὲπέκλυσέ
3188 3279 3309 3332 με,›
3348 3264 3708 3333 ἡρμήνευσεν.

2128 3356 2289 3420 Εἰκὸς
2335 3355 2444 3429 γὰρ
2491 3356 2619 3427 περὶ
2666 3355 2828 3409 αὐτὸν
2860 3354 3143 3424 γεγονέναι
3193 3355 3292 3420 τὰς
3329 3353 3708 3426 ἀντικειμένας

448 3451 795 3509 adversarius
839 3432 1142 3524 potestates
1204 3453 1259 3509 in
1318 3454 1553 3509 circuitu
1601 3454 1719 3523 ejus
1788 3454 2026 3517 stetisse,

2133 3450 2409 3520 δυνάμεις,
2439 3451 2548 3513 ὅτε,
2579 3448 2771 3514 ἐπιϐάς
2805 3452 2871 3521 τῇ
2908 3449 3173 3525 θαλάσσῃ,
3202 3448 3469 3522 συνέτριϐε
3498 3449 3599 3512 τὰς
3622 3467 3707 3504 κε-

446 3545 668 3614 quando
700 3545 985 3616 ingressus
1018 3562 1169 3601 mare
1218 3546 1486 3617 confregit
1515 3548 1693 3618 capita
1724 3547 2024 3602 draconum

448 3632 503 3686 in
528 3636 701 3703 aqua.
735 3632 1001 3699 Quocirca
1032 3635 1089 3690 in
1119 3637 1444 3706 praecedenti
1471 3639 1679 3706 psalmo
1705 3638 2023 3694 dicebatur:

453 3741 474 3775 ι
518 3721 587 3777 Et
619 3723 836 3781 Domini
886 3725 1103 3782 Domini
1140 3729 1321 3785 exitus
1373 3730 1584 3784 mortis.
1645 3728 2027 3785 Verumtamen

450 3812 592 3869 Deus
618 3813 925 3885 confringet
953 3817 1130 3885 capita
1150 3817 1498 3872 inimicorum
1522 3834 1748 3874 suorum
1761 3818 1827 3874 “.
1861 3838 1880 3870 ι
1907 3817 2028 3873 Non

448 3905 595 3958 eriim
629 3905 736 3959 alio
784 3907 947 3960 modo
988 3908 1113 3962 illos
1148 3910 1342 3966 mortis
1382 3911 1563 3965 exitus
1614 3910 2023 3981 pcrtransisset,

451 3994 557 4051 nisi
591 3995 955 4067 confregisset
1003 3998 1182 4069 capita
1236 4000 1583 4055 inimicorum
1635 4017 1881 4065 suorum,
1934 4003 2028 4072 qui

451 4089 576 4144 istic
605 4095 784 4151 erant.
827 4086 983 4154 Quod
1033 4089 1078 4144 si
1109 4090 1234 4159 quis
1265 4091 1377 4146 haec
1405 4106 1470 4145 eo
1515 4091 1722 4146 dixisse
1772 4090 2028 4146 Davidcm

452 4189 626 4254 putet,
656 4182 801 4253 quod
831 4183 951 4253 ipse
980 4183 1037 4237 in
1065 4184 1265 4240 multas
1293 4185 1624 4263 tentationes
1652 4185 1907 4240 inciderit
1931 4226 1947 4250 ,
1981 4186 2027 4263 is

452 4253 754 4348 perpendat
778 4274 1054 4346 quomodo
1090 4276 1306 4347 possint
1353 4260 1545 4332 isthaec
1575 4276 1766 4332 Davidi
1810 4253 2043 4349 compe-\

450 4376 605 4426 tere:
640 4388 661 4425 ι
692 4368 973 4425 Dederunt
998 4368 1053 4423 in
1074 4385 1261 4425 escam
1293 4385 1467 4426 meam
1502 4369 1593 4435 fel,
1624 4378 1680 4425 et
1709 4370 1763 4423 in
1796 4368 1887 4423 siti
1910 4383 2029 4423 mea

452 4469 777 4531 potaverunt
824 4462 912 4516 me
963 4468 1158 4529 aceto;
1198 4480 1217 4513 ι
1276 4471 1370 4517 aut
1391 4462 1566 4528 illud,
1616 4482 1632 4515 ι
1670 4459 1790 4516 Fiat
1843 4477 2029 4516 mensa

449 4567 641 4608 eorum
670 4569 857 4613 coram
889 4553 1025 4625 ipsis
1050 4555 1110 4608 in
1141 4554 1417 4625 laqueum,
1458 4555 1589 4621 et,in
1639 4554 2030 4610 retributiones

450 4653 503 4703 et
532 4645 591 4705 in
619 4647 959 4703 scandalum.
998 4645 1378 4703 Obscurentur
1423 4649 1566 4703 oculi
1601 4664 1791 4703 eorum
1843 4663 1912 4704 ne
1944 4647 2030 4702 vi»

450 4738 637 4801 deant,
667 4744 723 4792 et
749 4738 974 4795 dorsum
1007 4752 1198 4793 eorum
1224 4754 1443 4810 semper
1472 4740 1722 4794 incurva.
1754 4759 1772 4792 ι
1803 4740 2032 4796 Caetera-

2137 3540 2312 3610 φαλὰς
2337 3540 2444 3594 τῶν
2470 3541 2779 3613 δρακόντων
2809 3541 2901 3594 ἐπὶ
2923 3540 3016 3594 τοῦ
3043 3540 3255 3606 ὓδατος.
3278 3541 3365 3595 Διδ
3405 3540 3497 3594 καὶ
3522 3543 3581 3594 ὲν
3624 3541 3703 3611 τῷ

2135 3633 2241 3705 πρὸ
2280 3632 2471 3686 τούτου
2504 3634 2723 3703 ἐλέγετο
2750 3634 2949 3706 ψαλμῷ
2977 3653 2988 3664 ·
3027 3653 3046 3686 ι
3080 3635 3189 3687 Ka‘t
3220 3634 3313 3690 τοῦ
3351 3634 3552 3706 Κυρίου
3587 3635 3703 3688 Ku-

2137 3726 2252 3799 ρίου
2282 3727 2338 3780 αἰ
2364 3725 2583 3790 διέξοδοι
2622 3727 2715 3780 τοῦ
2741 3728 2989 3781 θανάτου.
3020 3726 3166 3797 Πλὴν
3191 3728 3219 3779 6
3257 3727 3388 3789 Θεὸς
3430 3724 3710 3779 συνθλάσει

2136 3816 2377 3886 κεφαλὰς
2395 3816 2502 3869 τῶν
2526 3816 2734 3888 ἐχθρῶν
2759 3816 2946 3872 αὐτοῦ.
2996 3837 3018 3870 ι
3046 3818 3115 3871 Οὐ
3146 3817 3255 3890 γὰρ
3281 3816 3347 3870 ἂν
3376 3816 3548 3877 ἄλλως
3572 3815 3714 3882 διεξ-

2135 3907 2381 3980 εληλύθει
2424 3908 2522 3972 τάς
2550 3908 2810 3975 διεξόδους
2849 3907 2942 3962 τοῦ
2982 3908 3265 3982 θανάτουῆ
3295 3908 3598 3972 συνθλάσας
3617 3908 3717 3973 τὰς

2136 4000 2374 4070 κεφαλάς
2398 4000 2506 4053 τῶν
2533 3999 2718 4053 αὐτόθι
2749 3999 2960 4072 ἐχθρῶν
2990 3999 3177 4055 αὑτοῦ.
3214 3998 3340 4053 Ἐάν
3361 3999 3419 4052 δέ
3440 4017 3524 4064 τις
3547 3998 3722 4053 ταῦτα

2137 4090 2332 4165 νομίζῃ
2366 4091 2544 4158 λέγειν
2569 4091 2660 4145 τὸν
2696 4090 2857 4145 Δαυῒδ
2891 4091 2980 4145 διά
3014 4092 3075 4144 τὸ
3117 4091 3332 4154 πολλοῖς
3363 4108 3723 4164 περιπεπτω-

2138 4187 2289 4240 κέναι
2333 4188 2679 4259 πειρασμοῖς,
2725 4183 3073 4255 ἐπιστησάτω
3111 4182 3231 4246 πῶς
3265 4178 3376 4236 οἷόν
3423 4200 3482 4236 τε
3526 4179 3596 4255 ἦν
3642 4182 3726 4253 τῷ

2136 4279 2297 4333 Δαυῒδ
2330 4278 2593 4352 ἁρμόζειν
2625 4278 2686 4331 τὸ
2714 4277 2926 4346 λέγειν·
2970 4298 2988 4328 ι
3026 4276 3275 4333 Ἐδωκαν
3310 4278 3389 4341 εἰς
3430 4276 3492 4329 τὸ
3523 4275 3727 4347 βρῶμά

2141 4391 2242 4445 μου
2271 4372 2453 4447 χολὴν,
2484 4371 2576 4426 καὶ
2602 4372 2681 4435 εἰς
2702 4370 2802 4442 τὴν
2823 4369 2979 4440 δίψαν
3011 4386 3112 4440 μου
3142 4367 3397 4422 ὲπότισάν
3435 4385 3500 4438 με
3529 4368 3720 4434 ὅξος»

2136 4462 2170 4533 ἢ
2197 4461 2278 4529 τὺ,
2317 4478 2336 4513 ι
2370 4459 2660 4531 Γενηθήτω
2693 4460 2725 4529 ἡ
2773 4456 3020 4530 τράπεζα
3049 4456 3230 4510 αὐτῶν
3266 4455 3498 4510 ἐνώπιον
3539 4457 3728 4511 αὐτῶν

2138 4557 2218 4618 εἰς
2242 4553 2443 4623 παγίδα
2482 4554 2576 4606 καὶ
2604 4555 2685 4615 εἰς
2712 4552 3093 4615 ἀνταποδόσεις
3141 4549 3235 4604 καὶ
3274 4550 3355 4613 εἰς
3398 4547 3727 4608 σκάνδαλον,

2139 4645 2589 4716 Σκοτισθήτωσαν
2628 4647 2677 4698 οἰ
2706 4644 2974 4715 ὀφθαλμοὶ
3006 4643 3187 4697 αὐτῶν
3218 4642 3312 4695 τοῦ
3353 4642 3427 4713 μὴ
3477 4641 3725 4713 βλέπειν.

2138 4739 2233 4793 καὶ
2269 4738 2361 4792 τὸν
2393 4737 2562 4791 νῶτον
2592 4736 2770 4791 αὐτῶν
2805 4737 2892 4790 διὰ
2932 4736 3135 4800 παντὸς
3167 4735 3514 4807 σύγκαμψον.
3554 4754 3573 4786 ›
3611 4735 3729 4788 Καὶ

450 4843 559 4898 que
584 4827 674 4885 his
702 4828 904 4884 similia
930 4829 978 4884 si
1004 4829 1132 4899 quis
1167 4829 1274 4885 sibi
1304 4831 1608 4900 collegerit,
1642 4830 1864 4887 Davidis
1902 4848 2026 4901 per-

2132 4830 2203 4885 τά
2257 4830 2422 4884 λοιπά
2483 4830 2542 4883 δὲ
2595 4830 2804 4893 τούτοις
2850 4829 3210 4902 παραπλήσια
3263 4826 3586 4898 συναγαγών
3637 4844 3727 4892 τις

452 4933 604 4981 sona
631 4919 948 4975 nullatenus
982 4935 1286 4992 congruere
1325 4922 1715 4991 deprehendet.
1755 4922 2029 4993 Interpre-

452 5010 649 5069 tationi
679 5024 859 5067 autem
896 5012 971 5066 illi
1022 5012 1090 5067 de
1119 5009 1410 5068 Servatore
1457 5024 1648 5070 nostro
1684 5015 2032 5073 evidentibus

451 5101 788 5172 argumentis
819 5099 977 5156 fidem
1011 5103 1269 5158 conciliat
1298 5119 1581 5159 sacrorum
1616 5103 2031 5176 Evangeliorum

455 5192 849 5256 testimonium,
880 5210 1004 5248 cum
1033 5196 1102 5249 ab
1133 5196 1295 5250 allato
1328 5196 1481 5252 Iona:
1512 5198 1785 5267 exemplo,
1821 5206 1936 5252 tum
1964 5215 2029 5257 cx

453 5286 621 5358 hujus
662 5286 859 5358 psalmi
903 5287 1072 5350 dicto,
1126 5305 1147 5339 ‹
1183 5286 1454 5353 Quoniam
1484 5289 1640 5344 zelus
1685 5290 1881 5345 domus
1929 5299 2033 5344 ture

460 5378 698 5436 comedit
738 5394 847 5445 me,
888 5399 907 5431 ι
934 5379 1079 5450 quod
1108 5380 1162 5433 in
1202 5378 1495 5451 Evangelio
1532 5382 1834 5438 secundum
1866 5381 2033 5438 Joan-

461 5487 608 5535 nem,
654 5471 947 5541 ipsissimis
984 5472 1163 5526 verbis
1216 5472 1495 5542 impletum
1536 5472 1887 5540 declaratur,
1940 5474 2034 5543 ubi

529 5625 745 5683 "Joan.
789 5645 848 5693 ιι,
890 5629 942 5695 6,
988 5628 1033 5684 7.

1134 5628 1379 5685 l“Matth.
1418 5644 1516 5695 xu,
1554 5630 1645 5694 59,
1688 5630 1775 5685 40.

461 5696 511 5740 ⁸³
543 5698 674 5761 ibid.
716 5699 804 5759 Ἡ.

1875 5627 2044 5690 "Iob
2084 5647 2327 5697 xxxvnn,
2365 5631 2449 5701 l6,
2482 5631 2567 5687 l7.
2663 5632 2706 5664 ⁹¹
2749 5629 2893 5687 Psal.
2938 5645 3107 5697 ιινιι,
3146 5629 3237 5686 21.

2135 4923 2334 4995 ἑαυτῷ,
2365 4921 2516 4993 εὖροι
2548 4922 2614 4976 ἂν
2654 4922 2907 4994 οὐδαμῶς
2944 4921 3256 4994 ἁρμόζοντα
3295 4921 3375 4992 τῷ
3415 4919 3511 4974 τοῦ
3559 4920 3729 4975 Δαυῒδ

2136 5015 2434 5087 προσώπῳ.
2471 5013 2582 5086 Τὴν
2612 5014 2669 5067 δέ
2707 5031 2771 5084 γε
2804 5015 2897 5068 ὲπί
2940 5013 3032 5067 τὸν
3070 5014 3341 5085 ἡμέτερον
3371 5014 3602 5085 Σωτῆρα
3634 5014 3731 5086 έρ-

2139 5106 2365 5178 μηνείαν
2394 5103 2725 5159 πιστώσεται
2758 5107 3048 5177 σφραγῖσιν
3080 5105 3503 5176 ἀναμφιλέκτοις
3537 5107 3570 5176 ἡ
3615 5105 3728 5158 τῶν

2138 5198 2298 5271 ἱερῶν
2326 5196 2671 5266 Εύαγγελίων
2708 5197 3006 5268 μαρτυρία,
3035 5197 3141 5251 ἀπό
3167 5214 3225 5250 τε
3252 5196 3346 5251 τοῦ
3384 5196 3733 5268 παρατεθέν-

2137 5308 2229 5355 τος
2260 5289 2353 5343 τοῢ
2397 5290 2552 5343 Ἰωνᾶ
2593 5287 3054 5361 παραδείγματος,
3085 5289 3180 5343 καὶ
3206 5290 3314 5343 ἀπὸ
3344 5288 3440 5343 τοῦ
3468 5286 3732 5358 λέγεσθαι

2140 5384 2198 5435 ὲν
2236 5384 2349 5445 τοῖς
2382 5381 2782 5454 προκειμένοις,
2818 5400 2836 5432 ι
2869 5382 2989 5433 Ὅτι
3024 5383 3054 5434 6
3088 5380 3248 5452 ζῆλος
3293 5379 3387 5434 τοῦ
3426 5378 3574 5434 οῐκου
3628 5395 3733 5434 σου

2142 5475 2421 5546 κατέφαγέ
2466 5491 2568 5547 με’
2605 5494 2624 5526 ι
2678 5475 2816 5546 ὅπερ
2853 5473 3128 5540 αύτολεξεὶ
3177 5471 3598 5544 μεμαρτύρηται
3644 5475 3738 5538 εἰς

3351 5631 3395 5661 ⁹²
3437 5628 3591 5693 ibid.,
3631 5628 3733 5683 εδ.
