4014 6206
294 299 400 354 729

1427 308 1930 366 COMMENTARIA
1971 312 2035 367 1N
2078 310 2414 368 PSALMOS.
3440 319 3543 374 750

291 419 459 472 αὑτὸν
504 419 928 493 πεπληρωμένον
970 425 1027 476 ἐν
1059 424 1136 496 τῷ
1167 424 1307 480 κατά
1341 427 1593 498 Ἰωάννην
1634 430 1853 498 Εὐάγγε-

1973 432 2175 485 dicitur
2210 451 2224 486 :
2266 452 2284 483 «
2342 432 2408 485 Ει
2447 431 2690 487 ascendit
2719 432 2878 488 Jesus
2924 433 3338 504 Jerosolymam,
3372 443 3425 488 et
3455 437 3543 491 in-

289 509 412 581 λίῳ,
437 513 496 564 ἐν
526 504 570 580 ᾧ
593 513 931 584 γέγραπταιο
970 535 986 566 ι
1023 517 1131 570 Kal
1161 518 1328 588 ἀνέ6η
1355 521 1384 571 6
1424 519 1632 590 Ἰησοῦς
1657 523 1736 584 είς
1774 522 1870 574 Ἱε-

295 602 587 674 ροσόλυμα,
623 605 716 657 καὶ
743 598 901 677 εὗρεν
930 609 986 660 ἐν
1014 607 1090 678 τῷ
1125 609 1254 678 ίερῷ
1284 609 1528 681 πρόϐατα
1556 611 1868 678 πωλοῦντας

289 694 385 749 καὶ
419 694 548 764 βόας
589 696 682 748 καὶ
721 699 1068 769 περιστεράς.
1106 720 1124 751 ι
1174 697 1286 753 Εἶθ’
1319 701 1394 765 ώς
1436 701 1601 772 ἤλασε
1647 703 1868 767 τούτους

289 787 494 840 εἰπών’
527 806 546 838 ι
586 787 788 857 ’Ἄρατε
809 789 980 842 ταῦτα
1025 793 1295 856 ἐντεῦθεν,
1330 793 1404 863 μὴ
1439 797 1640 846 ποιεῖτε
1673 794 1764 847 τὸν
1793 791 1870 848 ol-

289 897 388 933 κον
423 879 519 933 τοῦ
564 880 778 951 Πατρός
831 898 931 952 μου
974 879 1120 937 οἷκον
1159 885 1443 956 ἐμπορίου,
1482 904 1501 936 ι
1553 885 1796 954 ἐπιλέγει
1840 889 1868 940 ὀ

287 974 718 1048 εὖαγγελιστήςο
774 996 793 1028 ‹
843 977 1224 1050 Ἐμνήσθησαν
1277 981 1326 1032 οἱ
1386 979 1625 1049 μαθηταὶ
1680 981 1864 1047 αὐτοῦ,

287 1065 372 1119 ὅτι
404 1070 788 1140 γεγραμμένον
821 1071 995 1124 ἐστίν’
1035 1072 1094 1124 '0
1120 1072 1278 1142 ζῆλος
1309 1072 1402 1125 τοῦ
1431 1075 1579 1126 οῖκου
1603 1089 1696 1124 σου
1743 1090 1869 1126 κατ-

285 1156 462 1227 έφαγέ
509 1178 596 1230 με.
635 1181 653 1212 ι
709 1162 868 1215 Ἀλλά
911 1163 1004 1215 καλ⁹
1053 1164 1133 1227 τὸ,
1167 1183 1185 1214 ‹
1237 1164 1482 1216 Ἐδωκαν
1526 1164 1605 1226 είς
1673 1161 1868 1234 βρῶμά

285 1263 391 1316 μου
417 1247 600 1318 χολὴν,
625 1250 719 1304 καὶ
743 1253 819 1314 εἰς
845 1253 943 1320 τὴν
969 1251 1125 1321 δίψαν
1151 1271 1250 1323 μου
1284 1253 1540 1306 ἐπότισάν
1576 1269 1642 1322 με
1675 1252 1817 1318 ὅξος,
1841 1271 1858 1303 ι

281 1337 342 1389 ἐν
373 1340 487 1402 τοῖς
516 1341 650 1409 μετά
683 1344 871 1412 χεῖρας
898 1342 1168 1412 κείμενον,
1199 1346 1263 1396 ἐκ
1305 1341 1595 1414 προσώπου
1625 1341 1716 1395 τοῦ
1754 1342 1866 1394 Σω-

279 1428 448 1500 τῆρος
501 1430 657 1501 ήμῶν
722 1433 1143 1504 μεμαρτύρηται
1195 1433 1545 1502 λελεγμένον,
1578 1433 1717 1485 κατὰ
1773 1431 1863 1484 τὸν

291 1519 567 1592 Ἰωάννην,
596 1523 861 1593 φήσαντα”
897 1542 915 1574 ι
949 1525 1103 1578 Μετά
1126 1524 1298 1578 ταῦτα
1328 1523 1448 1576 ἰδὼν
1471 1526 1498 1576 6
1531 1522 1755 1593 Ἰησοῦς,
1783 1523 1862 1574 ὅτι

277 1613 461 1665 πάντα
486 1612 794 1666 τετέλεσται
821 1615 944 1685 ήδη,
974 1615 1063 1668 ἵνα
1090 1615 1350 1687 πληρωθῇ
1375 1617 1406 1685 ἡ
1438 1615 1477 1666 Γ
1483 1613 1648 1685 ραφὴ,
1673 1613 1821 1682 λέγει
1845 1631 1858 1643 σ

278 1701 449 1771 Διψῶ.
493 1703 708 1773 Λεκάνη
737 1703 914 1757 ἔκειτο
954 1705 1108 1772 ὄξους
1140 1707 1310 1777 μεστή
1332 1723 1345 1736 ο
1384 1705 1620 1773 σπόγγον
1647 1699 1739 1756 οὖν
1777 1719 1864 1773 με-

1976 522 2123 576 venit
2153 522 2208 576 in
2245 523 2447 591 templo
2479 522 2775 577 vendentes
2811 537 2940 580 oves
2972 531 3026 578 et
3059 524 3224 578 boves
3252 534 3304 577 et
3331 525 3542 584 colum-

1975 613 2094 670 bas.
2132 633 2150 665 ι
2184 613 2386 669 Deinde
2408 625 2691 684 postquam
2721 615 2972 684 ejecisset
2994 632 3089 672 eos
3116 617 3341 670 dicens:
3377 638 3394 669 ι
3435 619 3546 671 Αυ-

1976 705 2110 760 ferte
2147 707 2251 761 ista
2289 706 2455 772 hinc;
2494 707 2662 761 nolite
2702 707 2884 762 facere
2939 707 3158 762 domum
3212 707 3390 764 Patris
3438 711 3542 765 mei

1975 797 2193 850 domum
2243 799 2646 866 negotiationis,
2678 818 2696 849 ι
2725 798 2912 852 subdit
2962 799 3337 868 evangelista:
3377 819 3395 850 ι
3438 799 3543 855 Rc-

1975 885 2181 940 cordati
2208 895 2336 941 sunt
2356 887 2607 956 discipuli
2632 887 2749 956 ejus
2779 889 2904 956 quia
2933 889 3195 957 scriptum
3221 898 3305 944 est
3333 909 3346 944 :
3383 890 3544 945 Zelus

1974 973 2169 1033 domus
2223 983 2327 1028 tua:
2377 976 2613 1030 comedit
2665 991 2752 1029 me
2772 976 2836 1031 ³⁵.
2903 995 2921 1026 ι
2981 976 3087 1030 Sed
3151 977 3315 1032 etiam
3367 979 3538 1043 illud,

1979 1084 1996 1115 ι
2036 1065 2310 1120 Dederunt
2343 1067 2395 1120 in
2428 1083 2609 1122 escam
2645 1084 2819 1121 meam
2846 1067 2938 1132 fel,
2977 1078 3030 1122 et
3062 1070 3116 1122 in
3160 1069 3250 1124 siti
3281 1085 3400 1126 mea
3443 1085 3543 1141 po-

1974 1165 2228 1210 taverunt
2263 1174 2347 1211 me
2374 1166 2550 1220 aceto,
2588 1177 2606 1209 »
2649 1158 2792 1226 quod
2829 1159 2885 1212 in
2919 1159 3020 1212 hoc
3049 1159 3259 1228 psalmo
3286 1161 3537 1226 habetur,

1971 1263 2036 1300 ex
2070 1263 2300 1317 persona
2330 1246 2630 1303 Salvatoris
2662 1249 3055 1303 nostridictum
3086 1250 3416 1315 declaratur,
3449 1270 3532 1308 se-

1970 1338 2208 1392 cundum
2247 1337 2530 1396 Joannem.
2577 1339 2670 1408 qui
2723 1340 2798 1391 ait
2829 1358 2841 1392 :
2877 1359 2894 1390 ι
2934 1339 3126 1396 Postea
3160 1342 3351 1397 videns
3380 1341 3538 1399 Jesus

1969 1430 2093 1498 quia
2143 1429 2325 1483 omnia
2357 1437 2732 1485 consummata
2767 1439 2914 1496 sunt,
2951 1441 3008 1485 ut
3042 1433 3356 1502 impleretur
3392 1433 3542 1489 Scri-

1968 1528 2147 1588 ptura,
2172 1519 2310 1572 dixit
2341 1540 2354 1575 :
2390 1518 2547 1575 Sitio.
2572 1519 2680 1573 Vas
2705 1531 2820 1576 erat
2848 1524 3082 1590 positum
3113 1532 3267 1580 aceto
3297 1527 3535 1595 plenum.

1967 1608 2049 1662 Illi
2090 1615 2268 1663 autem
2305 1611 2586 1678 spongiam
2622 1610 2836 1679 plenam
2887 1619 3041 1666 aceto
3071 1629 3195 1667 cum
3240 1614 3363 1670 felle
3411 1617 3538 1687 hys-

1967 1715 2100 1769 sopo
2153 1700 2669 1770 circumponeutcs,
2715 1704 3030 1760 obtulerunt
3075 1707 3156 1761 ori
3211 1707 3350 1776 ejus.
3400 1707 3534 1762 Cum

280 1795 404 1846 στὸν
451 1796 774 1866 ποιήσαντες
812 1797 966 1862 ὄξους
1021 1798 1157 1868 μετά
1201 1797 1383 1868 χολῆς,
1421 1797 1657 1866 ὑσσώπῳ
1701 1812 1853 1866 περι-

1960 1807 2082 1862 ergo
2129 1792 2428 1862 accepisset
2480 1791 2640 1848 Jesus
2695 1804 2906 1850 acetum
2965 1812 3088 1851 cum
3142 1799 3304 1867 felle,
3355 1800 3534 1855 dixit.

279 1887 487 1952 θέντες,
535 1891 914 1960 προσήνεγκαν
964 1891 1130 1944 αὐτοῦ
1175 1891 1251 1961 τῷ
1295 1891 1542 1962 στόματι.
1593 1890 1720 1942 Ὅτε
1767 1884 1859 1941 οὖν

279 1980 474 2035 ἐλαϐεν
520 1983 546 2034 6
591 1982 798 2053 Ἰησοῦς
840 1985 901 2036 τὸ
942 1983 1060 2048 ὅξος
1096 1983 1234 2055 μετά
1266 1983 1451 2054 χολῆς,
1491 1979 1610 2035 εἶπε
1636 2000 1648 2012 ο
1697 1979 1861 2032 Τετέ-

278 2073 467 2128 λεσται
519 2077 612 2130 καὶ
654 2076 792 2148 αὕτη
837 2080 869 2148 ή
915 2078 1128 2150 Γραφή,
1167 2097 1186 2129 ι
1229 2079 1323 2132 καὶ
1355 2077 1424 2130 τά
1470 2075 1630 2130 λοιπά
1673 2075 1728 2127 δὲ
1782 2075 1860 2135 είς

1966 1884 2359 1938 Consummata
2389 1895 2472 1938 est
2499 1895 2552 1940 et
2582 1886 2698 1940 hzcc
2749 1886 3033 1958 Scriptura
3054 1893 3122 1955 ",
3161 1911 3180 1943 ι
3233 1901 3288 1946 et
3338 1901 3535 1947 cattera

1966 1991 2087 2046 quae
2115 1977 2178 2029 ad
2209 1992 2498 2046 personam
2534 1977 2846 2035 Servatoris
2892 1985 3066 2038 nostri
3095 1985 3407 2041 referuntur
3438 2005 3453 2054 ;
3483 1993 3537 2043 ct

1965 2069 2083 2122 sine
2112 2069 2220 2122 ulla
2259 2070 2518 2124 violentia
2549 2071 3057 2142 interpretationem
3090 2076 3230 2131 hanc
3257 2085 3478 2133 tuentur

273 2167 573 2237 πρόσωπσν
614 2166 708 2222 τοῦ
756 2170 1006 2241 Σωτῆρος
1049 2171 1203 2241 ήμῶν
1243 2171 1641 2242 ἀναφερόμενα,
1689 2168 1850 2232 σώζοι
1875 2163 2194 2219 ἀναϐίαστον
2229 2163 2304 2236 (1)
2342 2166 2439 2236 τὴν
2468 2167 2784 2236 ἐρμηνείαν.

348 2279 367 2311 ι
394 2259 692 2315 Ἐκοπίασα
736 2261 976 2334 κράζων,
1031 2265 1395 2336 ἐδραγχίασεν
1435 2268 1462 2318 6
1488 2265 1694 2337 λάρυγξ
1729 2281 1853 2336 μου,

266 2353 522 2420 ἐξέλιπον
563 2357 612 2408 oi
653 2355 922 2426 ὀφθαλμοί
967 2375 1066 2428 μου
1107 2359 1216 2411 ἀπὸ
1248 2359 1342 2412 τοῦ
1385 2358 1623 2423 ἐλπίζειν
1665 2375 1731 2429 με
1777 2360 1856 2420 εξς

266 2443 360 2499 τὺν
399 2445 533 2498 Θεόν
571 2463 692 2516 μου.
735 2466 753 2498 ι
820 2448 930 2501 Καὶ
968 2449 1142 2503 ταῦτα
1187 2451 1245 2502 ἐν
1288 2450 1369 2521 τῷ
1413 2450 1554 2504 κατά
1605 2451 1854 2520 Ἰωάννην

263 2534 576 2607 ἐπληροῦτο
607 2537 922 2609 Εύαγγελίῳ
945 2556 958 2568 ·
1005 2541 1062 2593 ἐν
1100 2533 1145 2608 ᾧ
1175 2542 1418 2612 εἱστήκει
1455 2544 1483 2595 6
1527 2539 1732 2613 Ἰησοῦς
1764 2542 1856 2594 καὶ

263 2625 472 2698 εκραζε
515 2628 725 2697 λέγων·
769 2650 788 2682 ι
828 2633 951 2684 Ἐάν
996 2650 1082 2696 τις
1125 2633 1281 2704 διψᾷ,
1329 2633 1572 2705 ἐρχέσθω
1614 2634 1749 2706 πρὸς
1785 2633 1852 2704 μὲ

261 2720 366 2773 καὶ
398 2720 631 2774 πινέτωο
659 2741 677 2773 ι
712 2719 867 2786 αὖθις
904 2723 961 2776 δέ
993 2725 1230 2797 εἴρηται*
1271 2743 1290 2777 ι
1336 2726 1542 2798 Ἰησοῦς
1571 2727 1628 2780 δὲ
1654 2725 1851 2797 ἐκραζε

261 2813 365 2866 καὶ
417 2813 631 2882 ἔλεγεν·
683 2816 740 2868 ’0
780 2817 1047 2871 πιστεύων
1091 2820 1171 2882 εἰς
1219 2819 1319 2890 ἐμὲ
1371 2819 1434 2872 ού
1483 2818 1728 2872 πιστεύει
1774 2819 1854 2883 εἰς

258 2907 393 2978 ἐμὲ,
441 2907 556 2961 ἀλλ’
589 2910 668 2970 εἰς
708 2908 798 2961 τὸν
839 2909 1132 2980 πέμψαντά
1175 2928 1261 2981 με.
1299 2911 1406 2964 Kal
1439 2913 1468 2964 6
1501 2911 1718 2982 θεωρῶν
1752 2911 1851 2984 ἐμὲ

2036 2258 2200 2314 Vsus.
2234 2259 2290 2324 4,
2324 2259 2376 2315 5.
2425 2279 2442 2311 ι
2490 2261 2760 2318 Laboravi
2813 2265 3084 2331 clamans,
3139 2281 3319 2322 rauce
3377 2268 3536 2324 facta:

1961 2368 2090 2412 sunt
2143 2356 2331 2412 fauces
2368 2373 2522 2422 meae,
2553 2357 2876 2415 defecerunt
2908 2361 3051 2415 oculi
3083 2364 3188 2418 mei
3221 2361 3348 2417 dum
3373 2380 3536 2434 spero

1958 2448 2012 2502 in
2043 2447 2212 2502 Deum
2247 2464 2448 2502 meum.
2476 2468 2496 2500 ι
2529 2449 2653 2504 llaec
2677 2467 2893 2521 quoque
2931 2453 2985 2506 in
3011 2452 3306 2524 Evangelio
3336 2470 3537 2510 secun-

1961 2540 2091 2594 dum
2124 2539 2388 2595 Joannem
2423 2542 2647 2612 impleta
2695 2543 2964 2606 feruntur,
2995 2547 3215 2614 quando
3243 2548 3422 2601 stabat
3446 2547 3537 2603 Je-

1960 2650 2056 2690 sus
2088 2641 2142 2688 et
2171 2633 2257 2689 his
2281 2633 2464 2688 verbis
2498 2634 2772 2689 clamabat
2803 2655 2815 2690 :
2852 2654 2870 2686 ι
2911 2635 2966 2690 Si
3001 2637 3127 2706 quis
3175 2638 3313 2704 sitit,
3349 2641 3537 2695 veniat

1961 2725 2026 2779 ad
2058 2739 2145 2780 me
2178 2733 2232 2779 et
2270 2725 2421 2778 bibat
2447 2727 2514 2780 ⁸⁸.
2551 2746 2568 2777 ι
2602 2725 2818 2783 Rursus
2870 2744 3088 2798 quoque
3133 2730 3341 2784 dictum
3393 2738 3482 2786 es‘.
3514 2749 3530 2788 :

1967 2834 1986 2866 ‹
2027 2814 2189 2870 Jesus
2222 2824 2401 2870 autem
2435 2817 2709 2872 clamabat
2741 2826 2796 2874 et
2814 2818 3022 2873 dicebat
3057 2839 3070 2872 :
3109 2818 3212 2885 Qui
3262 2821 3434 2876 credit
3475 2821 3535 2877 ia

1963 2922 2071 2970 me,
2100 2923 2207 2962 non
2243 2907 2420 2962 credit
2451 2908 2505 2960 in
2540 2925 2646 2976 me,
2671 2910 2767 2964 sed
2792 2910 2845 2964 in
2870 2926 2992 2965 cum
3025 2912 3115 2984 qui
3140 2927 3224 2966 me
3269 2912 3438 2968 misit.
3463 2912 3534 2968 Et

257 2999 467 3071 θεωρεῖ
496 2999 587 3052 τὸν
621 3000 914 3070 πέμψαντά
955 3019 1041 3073 με.
1085 3002 1226 3072 Ἐγὼ
1253 3003 1367 3072 φῶς
1399 3007 1479 3066 εἰς
1521 3003 1612 3056 τὸν
1646 3003 1849 3073 κόσμον

1960 2996 2050 3066 qui
2083 2996 2227 3051 videt
2256 3012 2362 3059 me,
2394 2997 2542 3052 videt
2575 3013 2702 3052 eum
2735 3000 2828 3069 qui
2859 2999 3007 3055 misit
3047 3017 3152 3056 me.
3182 2999 3292 3071 Ego
3342 3000 3434 3054 lux
3471 3001 3531 3056 in

255 3090 536 3164 ἐλήλυθα,
569 3092 653 3146 ἵνα
695 3095 802 3156 πᾶς
833 3095 861 3147 6
894 3094 1168 3148 πιστεύων
1198 3096 1278 3159 εἰς
1311 3097 1410 3167 ἐμὲ
1453 3099 1511 3150 ἐν
1556 3099 1619 3167 τῇ
1660 3081 1850 3168 σκοτίᾲ

258 3185 347 3257 μὴ
404 3186 584 3257 μείνῃ.
616 3207 633 3238 ι
677 3187 786 3239 Καὶ
835 3187 928 3241 ἐπὶ
960 3186 1054 3240 τοῦ
1083 3187 1335 3260 Λαζάρου
1380 3187 1437 3240 δὲ
1481 3188 1692 3261 ἐπάρας
1722 3189 1849 3252 τοὺς

253 3274 581 3347 ὀφθαλμοὺς
621 3275 786 3329 αὐτοῦ
832 3279 912 3340 εἰς
955 3278 1049 3330 τὸν
1091 3278 1318 3348 οὐρανὸν
1374 3275 1522 3332 εἴπεο
1583 3298 1600 3329 ι
1642 3280 1844 3350 Πάτερ,

256 3369 576 3441 εὐχαριστῶ
610 3388 712 3434 σοι,
748 3370 830 3423 ὅτι
862 3369 1102 3440 ήκουσάς
1139 3387 1260 3440 μου.
1310 3369 1449 3438 Ἐγώ
1481 3370 1537 3422 δὲ
1571 3371 1737 3441 ᾔδειν,
1765 3371 1846 3424 ὅτι

255 3462 502 3518 πάντοτέ
537 3480 638 3533 μου
672 3461 908 3525 ἀκούεις.
958 3463 1068 3516 Καὶ
1113 3462 1285 3515 ταῦτα
1331 3460 1520 3525 εἰπὼν,
1563 3465 1713 3533 φωνῇ
1751 3479 1849 3533 με-

255 3553 411 3625 γάλῃ
453 3553 799 3625 ἐκραύγασε·
853 3555 1091 3626 Λάζαρε,
1137 3553 1295 3625 δεῦρο
1342 3554 1463 3621 ἐξω.
1501 3575 1518 3606 ›
1567 3555 1724 3608 Ἀλλά
1753 3556 1847 3608 καὶ

255 3648 390 3701 κατ’
417 3646 550 3699 αὐτὸ
577 3645 637 3698 τὸ
666 3645 834 3709 πάθος
865 3648 1065 3717 ἱστορεῖ
1092 3649 1119 3700 6
1142 3646 1419 3709 Ματθαῖος
1445 3647 1616 3715 λέγων
1633 3663 1645 3677 ·
1687 3646 1848 3700 (Ἀπὸ

253 3737 315 3792 δέ
363 3740 532 3809 ἕκτης
561 3737 709 3808 ὧρας
760 3738 949 3802 σκότος
996 3738 1210 3806 ἐγένετο
1265 3739 1356 3791 ἐπὶ
1402 3741 1582 3792 πᾶσαν
1609 3741 1708 3811 τὴν
1745 3741 1849 3811 γῆν

254 3832 372 3894 ἕως
401 3830 550 3902 ὧρας
579 3831 790 3900 ἐνάτης.
826 3829 961 3902 Περὶ
989 3829 1045 3882 δέ
1073 3829 1171 3900 τὴν
1204 3830 1398 3900 ἐνάτην
1423 3829 1591 3902 ὥραν,
1627 3831 1849 3902 ἀνεϐόη-

257 3941 360 3978 σεν
416 3925 446 3976 6
487 3921 692 3993 Ἰησοῦς
746 3925 894 3993 φωνῇ
957 3922 1166 3993 μεγάλη
1215 3922 1420 3992 λέγων·
1469 3923 1636 3988 Ἠλεὶ,
1681 3923 1844 3988 Ἠλεὶ,

256 4016 432 4086 Δαμά
464 4014 816 4085 Σαὸαχθανεί.
845 4035 863 4066 ι
899 4015 1032 4067 Τότε
1061 4015 1157 4086 μὲν
1185 4011 1278 4068 οὖν
1310 4013 1484 4068 συνὼν
1519 4015 1844 4087 ἀνθρώποις,

258 4107 479 4169 πάντας
521 4105 660 4175 βοῶν
689 4104 988 4174 παρεκάλει
1018 4105 1174 4175 ἥκειν
1204 4105 1298 4158 καὶ
1334 4105 1581 4158 σπεύδειν
1628 4107 1718 4159 ἐπὶ
1749 4106 1846 4177 τὴν

254 4195 430 4249 αὐτοῦ
476 4196 853 4249 διδασκαλίανο
912 4196 1004 4248 καὶ
1047 4195 1138 4248 τὸν
1185 4199 1502 4268 τεταρταῖον
1551 4197 1607 4250 δὲ
1656 4198 1847 4272 νεκρὸν

261 4287 407 4356 μετά
450 4285 692 4357 μεγάλης
732 4285 1045 4339 ἀνεκαλεῖτο
1085 4287 1354 4356 κραυγῆς.
1404 4287 1563 4341 Ἀλλά
1594 4289 1844 4361 καὶπερὶ

1959 3089 2224 3144 mundum
2251 3089 2396 3153 veni,
2429 3096 2490 3143 ut
2527 3089 2708 3146 omnis
2731 3092 2824 3161 qui
2860 3091 3032 3148 credit
3065 3092 3118 3146 in
3148 3108 3254 3159 me,
3292 3092 3347 3147 in
3371 3100 3525 3148 tene-

1955 3180 2070 3236 bris
2094 3196 2202 3235 non
2221 3189 2438 3235 maneat
2452 3183 2518 3234 ⁸⁷.
2549 3201 2568 3233 ι
2603 3182 2662 3236 Et
2691 3199 2854 3254 super
2871 3181 3132 3237 Lazarum
3166 3184 3387 3240 elevatis
3405 3200 3530 3240 ocu-

1959 3272 2027 3326 lis
2047 3273 2163 3328 suis
2213 3273 2268 3326 in
2310 3273 2510 3327 cmlum
2551 3275 2733 3329 dixit:
2775 3293 2792 3326 ι
2829 3274 3011 3338 Pater,
3054 3278 3255 3345 gratias
3304 3293 3404 3348 ago
3427 3278 3526 3332 tibi

1957 3365 2085 3434 quia
2120 3365 2319 3420 audisti
2349 3381 2457 3420 me.
2487 3365 2599 3436 Ego
2629 3375 2809 3421 autem
2859 3367 3098 3422 sciebam
3151 3370 3279 3438 quia
3309 3385 3528 3440 semper

1957 3473 2044 3512 me
2067 3455 2244 3511 audis.
2278 3456 2486 3512 Etcum
2512 3458 2627 3512 haec
2654 3459 2902 3524 dixisset,
2934 3475 3067 3512 voce
3091 3474 3285 3530 magna
3321 3461 3527 3514 clama—

1954 3549 2082 3603 vit:
2119 3548 2344 3612 Lazare,
2395 3551 2514 3605 veni
2569 3550 2802 3606 foras”.
2845 3569 2863 3602 ι
2902 3548 3009 3605 Sed
3067 3552 3230 3605 etiam
3287 3551 3354 3605 de
3406 3552 3526 3622 ipso

1957 3642 2230 3710 passionis
2251 3650 2498 3713 tempore
2527 3643 2642 3697 haec
2660 3650 2850 3696 narrat
2881 3643 3166 3698 Mattlneus
3196 3663 3210 3698 :
3246 3661 3264 3693 ι
3303 3644 3348 3697 Α
3371 3654 3526 3700 sexta

1955 3741 2135 3788 autem
2172 3735 2305 3788 hora
2340 3736 2576 3790 tenebrae
2620 3735 2778 3789 facta:
2835 3743 2964 3792 sunt
3009 3751 3176 3804 super
3215 3735 3524 3790 universam

1955 3832 2154 3878 terram
2207 3841 2381 3895 usque
2435 3825 2503 3880 ad
2533 3827 2722 3880 horam
2765 3841 2988 3882 nonam.
3039 3825 3103 3879 Et
3131 3827 3280 3880 circa
3333 3827 3524 3881 horam

1954 3932 2153 3969 nonam
2200 3917 2455 3971 clamavit
2499 3917 2663 3974 Jesus
2717 3933 2848 3973 voce
2904 3934 3098 3985 magna
3133 3917 3322 3972 dicens
3359 3935 3375 3972 :
3414 3915 3522 3984 Eli,

1954 4007 2058 4069 Eli,
2090 4004 2252 4061 Lama
2297 4008 2668 4064 Sabacltthani
2694 4011 2762 4065 θ’.
2803 4031 2822 4061 ι
2864 4009 3018 4064 Tunc
3069 4011 3252 4080 itaque
3276 4027 3398 4065 cum
3425 4010 3527 4066 ho-

1955 4100 2195 4156 minibus
2252 4101 2476 4172 degens,
2529 4103 2815 4158 clamando
2869 4118 3060 4158 omnes
3113 4104 3522 4169 cohortabatur,

1955 4199 2015 4244 ut
2045 4194 2292 4247 venirent
2335 4203 2780 4264 maturarentque
2823 4193 2890 4247 ad
2929 4193 3050 4263 ejus
3083 4194 3386 4248 doctrinam
3420 4213 3436 4250 :
3468 4203 3524 4252 et

1953 4280 2381 4349 quatriduanum
2417 4291 2692 4336 mortuum
2741 4283 2981 4336 clamore
3014 4297 3212 4352 magno
3237 4283 3520 4338 evocabat.

255 4355 364 4448 τὴν
395 4377 590 4449 ἐνάτην
624 4355 773 4450 ώραν
803 4378 898 4431 τοῦ
931 4355 1137 4442 πάθους
1165 4355 1361 4433 ἀνεϐόα
1394 4383 1545 4452 φωνῇ
1598 4355 1838 4454 μεγάλη

1960 4371 2058 4427 Sed
2093 4373 2256 4427 etiam
2291 4374 2437 4427 circa
2468 4390 2668 4427 nonam
2691 4373 2964 4442 passionis
3004 4373 3218 4435 horam,
3250 4375 3522 4432 clamabat

257 4471 360 4523 καὶ
408 4470 550 4541 μετά
604 4469 779 4523 ταῦτα
821 4468 1014 4523 πάλινο
1079 4488 1097 4522 ι
1129 4468 1353 4538 Κράξας
1401 4473 1550 4542 φωνῇ
1609 4469 1840 4543 μεγάλῃ,

257 4563 446 4632 ἀφῆκε
491 4561 553 4614 τὸ
595 4560 830 4632 πνεῦμα.
892 4561 1001 4614 Kal
1050 4561 1160 4614 ἰδοὺ
1208 4561 1269 4614 τὸ
1309 4561 1703 4632 καταπέτασμα
1747 4560 1842 4613 τοῦ

256 4653 392 4708 ναοῦ
421 4651 644 4724 ἐσχίσθη
667 4653 745 4716 είς
767 4651 880 4715 δύο,
907 4653 999 4705 καὶ
1026 4653 1059 4723 ή
1083 4653 1154 4724 γῇ
1177 4653 1417 4724 ἐσείσθη,
1442 4654 1536 4706 καὶ
1561 4655 1616 4706 αἱ
1646 4653 1842 4724 πέτραι

258 4745 603 4816 ἐρράγησαν,
639 4743 734 4797 καὶ
771 4743 838 4797 τά
866 4748 1102 4814 μνημεῖα
1131 4743 1500 4816 ἀνεῴχθησαν,
1537 4745 1632 4797 καὶ
1674 4745 1842 4799 πολλά

260 4834 496 4906 σώματα
537 4835 645 4887 τῶν
683 4836 1102 4906 κεκοιμημένων
1144 4837 1314 4904 ἁγίων
1351 4836 1662 4907 ἠγέρθησαν
1685 4854 1697 4866 ·
1721 4856 1738 4886 ι
1777 4836 1847 4890 τά

256 4927 506 4982 τοσαῦτα
548 4927 645 4998 τῆς
682 4927 923 4999 μεγάλης
961 4924 1126 4981 αὑτοῦ
1162 4926 1346 4996 φωνῆς
1395 4927 1636 4997 ἐνεργεῖν
1685 4925 1846 4979 δυνα-

262 5017 461 5089 μένης.
500 5018 562 5070 Εἰ
591 5017 648 5070 δέ
677 5016 984 5088 ἐπιστήσειέ
1033 5032 1136 5078 τις,
1181 5016 1256 5078 ὼς
1302 5015 1359 5082 ἐξ
1399 5017 1607 5069 ἐκείνου
1645 5017 1738 5070 καὶ
1765 5017 1846 5078 είς

256 5110 428 5182 δεῦρο
466 5109 589 5163 καθ’
624 5110 754 5180 ὅλης
785 5109 885 5178 τῆς
917 5107 1218 5178 ἀνθρώπων
1263 5109 1587 5180 οἰκουμένης
1624 5109 1682 5159 ἐν
1722 5111 1844 5170 ταῖς

258 5203 587 5273 ἐκκλησίαις
638 5201 802 5256 αὑτοῦ
855 5200 972 5272 βοᾷ,
1029 5199 1278 5253 σπεύδειν
1329 5200 1420 5253 ἐπὶ
1475 5201 1534 5253 τὸ
1582 5200 1843 5265 ζωοποιὸν

258 5292 432 5348 αὐτοῦ
467 5294 618 5366 πόμα
641 5292 993 5364 παρακαλῶν,
1021 5291 1115 5346 καὶ
1142 5291 1269 5353 τοὺς
1300 5292 1419 5352 ταῖς
1451 5290 1586 5362 πρὸς
1619 5291 1843 5346 θάνατον

255 5384 567 5456 ἁμαρτίαις
640 5381 1079 5454 νενεκρωμένους
1139 5378 1580 5449 ἀνακαλούμενος
1605 5393 1620 5410 ο
1666 5379 1743 5450 τῷ
1783 5395 1842 5432 τε

1946 4479 2078 4518 voce
2106 4479 2302 4534 magna
2334 4483 2346 4518 :
2391 4477 2454 4518 ac
2497 4473 2683 4534 postea
2743 4479 2964 4519 rursum
3003 4483 3017 4518 :
3050 4482 3068 4515 ι
3099 4464 3356 4520 Clamans
3387 4479 3525 4520 voce

1952 4570 2168 4624 magna,
2201 4556 2383 4610 emisit
2406 4556 2682 4625 spiritum.
2716 4556 2782 4610 Et
2810 4569 2940 4610 ecce
2963 4555 3138 4609 velum
3171 4556 3354 4626 templi
3377 4557 3523 4611 scis-

1954 4663 2075 4702 sum
2105 4655 2189 4702 est
2213 4647 2266 4701 in
2288 4647 2418 4712 duo,
2455 4655 2510 4702 et
2540 4656 2684 4702 terra
2712 4655 2859 4702 mota
2907 4657 3013 4713 est,
3051 4657 3106 4703 et
3133 4661 3296 4719 petra:
3336 4650 3528 4716 scissas

1951 4749 2100 4803 sunt,
2131 4748 2184 4794 et
2216 4749 2569 4795 monumenta
2593 4749 2779 4812 aperta
2809 4751 2956 4804 sunt,
2985 4752 3038 4796 et
3084 4743 3254 4797 multa
3287 4757 3524 4812 corpora

1954 4839 2271 4886 sanctorum
2297 4833 2390 4902 qui
2437 4833 2774 4887 dormierant
2806 4843 3224 4889 resurrexerunt
3259 4836 3298 4890 ¹.
3339 4853 3359 4887 ι
3396 4833 3526 4890 Haec

1953 4925 2164 4980 scilicet
2195 4940 2388 4995 magna
2421 4925 2591 4995 ipsius
2624 4941 2728 4980 vox
2782 4929 2944 4982 edere
3004 4935 3237 4996 poterat.
3271 4927 3426 4994 Quod
3475 4929 3523 4984 si

1947 5014 2071 5083 quis
2093 5015 2401 5070 consideret
2434 5015 2527 5086 qui
2577 5015 2646 5069 ab
2675 5016 2767 5069 illo
2809 5016 2878 5070 ad
2936 5017 3039 5070 hoc
3083 5033 3256 5087 usque
3305 5025 3526 5086 tempus

1950 5123 2046 5176 per
2075 5115 2249 5161 totum
2273 5108 2460 5162 orbem
2510 5109 2564 5162 in
2606 5109 2858 5164 ecclesiis
2887 5110 3002 5164 suis
3026 5110 3142 5180 ipse
3170 5111 3390 5174 clamet,
3426 5124 3521 5163 co-

1951 5197 2181 5256 Itortans
2210 5200 2459 5270 singulos
2502 5208 2561 5254 ut
2605 5209 2880 5255 maturent
2935 5202 3000 5254 ad
3037 5203 3311 5258 vivificum
3343 5200 3521 5270 ipsius

1949 5295 2171 5360 potum;
2206 5304 2272 5344 ac
2323 5305 2588 5346 revocans
2639 5291 2762 5346 illos
2801 5292 2894 5361 qui
2927 5293 3250 5346 mortalibus
3283 5288 3519 5360 peccatis

1949 5383 2205 5438 exstint-a
2261 5393 2422 5452 sunt;
2475 5383 2661 5439 audiat
2715 5385 2844 5440 item
2895 5385 3218 5440 clamantem
3264 5379 3520 5452 passione

337 5539 386 5573 “
421 5538 581 5599 Ioan.
610 5536 884 5598 ".1347.
958 5537 1004 5568 ”
1041 5534 1200 5590 Joan.
1240 5531 1582 5605 nugs-.50.
1659 5533 1704 5565 ”
1742 5533 1853 5591 Joat

1960 5553 2037 5604 ut,
2079 5537 2170 5593 57.
2247 5538 2292 5570 ⁸⁷
2331 5537 2486 5595 Joan.
2519 5556 2620 5605 xu,
2661 5523 2850 5596 44-46.
2926 5539 2973 5574 "
3010 5536 3166 5594 Joan.
3209 5550 3286 5602 τι,
3324 5534 3513 5597 £143.

261 5612 317 5644 ’³
356 5609 548 5664 Παιιιι.
591 5623 760 5670 xxvn,
799 5606 889 5672 ιε,
938 5605 1027 5661 46.
1107 5608 1121 5637 ‘
1168 5605 1316 5668 ibid.,
1367 5602 1546 5659 50-52.

346 5721 424 5794 (l)
456 5721 626 5784 Σώζοι
657 5722 1041 5776 ἀνεκϐίαστον.
1072 5720 1231 5777 Forte
1261 5718 1424 5784 σώζει
1449 5719 1847 5777 ἀκατασίαστον

1960 5719 1986 5774 il
2017 5717 2293 5776 ἀᾶίαστον.
2329 5715 2484 5773 Enn.
