4062 6208
472 310 568 368 731

1165 307 1436 364 EUSEBII
1471 303 1944 361 C/ESARIENSlS
1980 303 2128 361 OPP.
2170 305 2348 360 PARS
2383 305 2559 360 lll.—-
2597 297 3004 356 EXEGETICA.

3589 261 3596 268 ’
3614 289 3720 343 ηδε

469 435 570 481 sna
602 427 668 482 ad
708 434 878 482 totum
915 425 1122 490 orbem,
1153 425 1325 494 magis
1348 438 1510 494 quam
1536 431 1668 477 tunc
1700 423 1765 477 ad
1799 421 2042 486 Sionem,

2150 423 2405 494 βοωμένῳ
2457 417 2622 474 αὐτοῦ
2681 415 2843 469 πάθει
2894 413 2992 482 τὴν
3051 407 3340 479 σύμπασαν
3395 405 3720 476 οίκουμένην

473 521 744 590 siquidem
782 540 800 570 ι
844 521 898 574 ίη
940 533 1160 572 omnem
1193 527 1396 573 terram
1425 517 1593 572 exivit
1621 531 1790 571 sonus
1833 531 2044 580 eorum,

472 621 530 668 et
561 613 614 666 in
647 612 780 666 lines
826 611 977 665 orbis
1031 619 1190 665 terrae
1242 611 1405 664 verba
1457 624 1648 665 eorum
1676 611 1733 675 ¹;
1760 627 1778 659 ι
1814 610 1862 663 is
1918 622 2052 662 sane

473 703 612 758 sciet
645 717 745 755 cur
789 702 842 754 in
887 701 1145 770 praesenti
1167 717 1232 756 ex
1262 701 1383 770 ejus
1427 715 1661 770 persona
1692 698 1899 754 dictum
1932 699 2004 753 sit
2033 712 2046 748 :

479 814 497 846 ι
532 779 800 850 Laboravi
868 795 1136 856 clamans,
1187 809 1367 848 raucae
1439 793 1594 846 factm
1664 799 1794 846 sunt
1865 791 2051 845 fauces

473 903 628 941 meae.
671 908 689 938 ι
717 885 850 940 Nam
883 887 1036 942 vocis
1071 886 1191 955 ejus
1251 885 1712 954 perseverantiam
1772 883 1857 937 his
1910 881 2051 935 indi-

473 989 582 1034 cat.
619 979 739 1033 Non
774 979 918 1034 enim
955 994 1078 1032 cum
1109 980 1279 1033 semel
1304 980 1599 1033 clamasset
1621 977 1923 1042 abscessit;
1955 973 2052 1030 sed

475 1087 693 1141 semper
738 1071 1134 1141 discipulorum
1181 1071 1572 1132 voce,clamat
1621 1076 1675 1123 ct
1709 1068 1774 1123 ad
1805 1068 2050 1121 omnium

474 1164 686 1216 animas
716 1163 1052 1216 vociferatur
1087 1181 1100 1214 :
1130 1176 1346 1232 semper
1393 1163 1520 1216 item
1588 1160 1655 1213 ad
1697 1157 1912 1214 Patrem
1946 1159 2052 1213 cla-

475 1264 701 1322 matpro
734 1254 802 1308 iis
825 1253 918 1322 qui
953 1254 1008 1307 in
1029 1255 1206 1324 ipsum
1242 1252 1616 1307 crediderunt.
1649 1252 1830 1317 Quare
1851 1248 2050 1304 deinde

477 1343 756 1416 subjungit
790 1359 803 1396 :
846 1363 864 1395 (
906 1343 1230 1400 Defecerunt
1277 1344 1423 1400 oculi
1464 1344 1568 1398 mei
1596 1343 1724 1398 dum
1794 1358 1956 1412 spero
1993 1344 2048 1396 in

475 1437 645 1491 Deum
698 1452 898 1492 meum.
959 1456 976 1487 ι
1036 1436 1142 1491 Pro
1185 1437 1277 1492 illo
1331 1445 1552 1501 autem,
1592 1455 1610 1486 ι
1643 1434 1984 1497 defecerunt,
2025 1453 2044 1485 ι

474 1528 694 1599 Aquila,
732 1526 1011 1583 «confecti
1076 1535 1223 1593 sunt,
1281 1530 1395 1590 ait,
1467 1527 1611 1580 oculi
1665 1525 1792 1588 luci,
1856 1539 2050 1594 exspe-

477 1626 691 1673 ctantes
725 1617 913 1673 Deum.
941 1635 959 1669 ι
981 1617 1264 1673 Clamabat
1296 1631 1458 1688 porro
1479 1626 1531 1670 et
1550 1613 1950 1670 vociferabatur
1979 1612 2050 1667 ob

480 1709 886 1764 multitudinem
918 1709 1262 1763 inimicorum
1297 1724 1546 1762 suorum.
1577 1706 1731 1772 Quod
1759 1707 1842 1759 his
1870 1704 2048 1758 verbis

482 1799 726 1853 declarat
756 1815 769 1851 :
811 1818 828 1850 ι
869 1799 1206 1870 Multiplicati
1243 1807 1372 1856 sunt
1403 1815 1568 1868 super
1595 1799 1820 1867 capillos
1853 1797 2048 1866 capitis
2083 1787 2120 1839 Β

474 1893 579 1947 mei
620 1894 712 1964 qui
775 1895 1008 1948 oderunt
1068 1909 1151 1949 me
1197 1895 1387 1963 gratis.
1439 1912 1456 1943 ι
1494 1891 1649 1958 Quod
1695 1892 1741 1947 si
1805 1890 2048 1945 Ecclesia

472 1983 593 2051 ejus
627 1986 699 2040 sit
734 2001 936 2055 corpus
962 1987 1104 2056 ejus,
1139 1985 1439 2040 secundum
1471 1985 1816 2054 Apostolum,
1847 1983 1938 2052 qui
1994 1981 2049 2036 id

472 2077 632 2131 docet
655 2075 740 2131 his
771 2077 952 2131 verbis
989 2057 1020 2130 ε’
1043 2095 1061 2126 ι
1101 2075 1211 2130 Vos
1243 2083 1423 2130 autem
1468 2075 1603 2129 estis
1654 2088 1855 2142 corpus
1885 2071 2048 2126 Chri-

473 2166 566 2226 sti.
594 2175 649 2220 et
681 2167 925 2220 membra
956 2181 1022 2220 ex
1071 2175 1228 2236 parte
1252 2167 1304 2232 3;
1339 2185 1357 2218 ι
1391 2165 1595 2220 dixeris
1637 2164 1880 2219 membra
1925 2179 2050 2218 cor-

473 2259 628 2328 poris
672 2273 794 2328 quae
843 2259 1018 2328 magis
1075 2258 1389 2313 necessaria
1450 2265 1603 2324 sunt,
1655 2265 1840 2326 atque,
1873 2266 1931 2310 ut
1975 2256 2049 2310 ita

477 2350 684 2414 dicam,
715 2365 931 2414 sensus,
966 2365 1063 2405 eos
1097 2365 1164 2405 ex
1215 2350 1418 2421 populo
1469 2364 1592 2405 esse
1625 2350 1718 2419 qui
1752 2347 2048 2403 necessarii

470 2439 776 2506 habentur;
812 2447 892 2503 ut,
927 2440 1082 2495 verbi
1113 2456 1302 2502 causa,
1335 2449 1499 2512 caput
1533 2439 1774 2511 praefecti
1814 2438 2045 2505 fuerint;

469 2543 556 2591 os,
608 2527 894 2598 magistri;
947 2544 1129 2594 aures,
1200 2529 1499 2600 prudentes
1534 2529 1847 2595 auditores;
1879 2529 2046 2593 oculi,

469 2619 564 2690 qui
606 2619 660 2673 in
692 2618 990 2689 Scripturis
1016 2621 1362 2690 perspicaces
1397 2627 1555 2685 sunt;
1595 2635 1812 2684 manus,
1837 2620 1930 2690 qui
1961 2634 2050 2674 re-

470 2711 575 2767 bus
606 2711 831 2782 agendis
857 2713 1220 2781 promptiores
1257 2730 1269 2765 ε
1295 2720 1459 2782 atque
1488 2726 1614 2765 cum
1653 2711 1888 2781 quadam
1917 2726 2049 2782 pro-

476 2802 728 2872 portione
759 2803 840 2858 sic
870 2803 1079 2872 reliqua
1122 2805 1369 2873 corporis
1419 2803 1664 2859 membra
1709 2803 2047 2860 distribuan-

477 2901 589 2949 tur.
613 2893 738 2947 Pari
770 2895 932 2949 modo
959 2897 1187 2965 capillos
1244 2896 1516 2967 intelligas
1564 2912 1686 2953 esse
1734 2899 2044 2954 multitudi»

473 2997 598 3036 nem
630 2990 822 3046 totam,
855 2998 918 3036 ac
947 2984 1276 3053 superﬂuam
1309 2986 1526 3040 turbam
1561 3002 1774 3054 eorum,
1807 2989 1897 3057 qui
1948 2991 2048 3043 ali-

472 3089 640 3144 quem
707 3081 962 3128 ornatum
1040 3077 1138 3129 toti
1211 3077 1428 3145 corpori
1498 3078 1814 3141 conciliant,
1867 3095 2044 3150 neque

473 3174 655 3220 tamen
687 3166 913 3235 perinde
944 3169 1238 3222 necessarii
1267 3179 1394 3224 sunt
1432 3185 1497 3223 ac
1525 3169 1738 3240 reliqua
1774 3172 2040 3228 membra.

473 3253 700 3311 Talibus
728 3258 891 3327 igitur
911 3259 1124 3328 capillis
1151 3261 1324 3314 multo
1350 3260 1534 3330 plures
1587 3276 1815 3315 numero
1844 3260 2044 3316 fuerint

469 3347 566 3418 qui
601 3349 760 3402 alieni
785 3358 913 3403 sunt
944 3365 976 3402 a
1007 3349 1130 3416 ﬁde,
1168 3360 1353 3422 utpote
1381 3352 1475 3421 qui
1508 3352 1696 3405 inlata
1723 3360 1774 3408 et
1804 3354 2042 3422 spatiosa

471 3441 559 3494 via
618 3440 893 3495 incedant.
927 3441 1290 3508 Quamobrem
1326 3445 1533 3498 dictum
1570 3454 1656 3499 est
1687 3464 1700 3499 :
1735 3463 1753 3494 ι
1781 3443 2043 3514 Multipli-

478 3533 588 3586 cati
616 3542 744 3588 sunt
771 3551 936 3605 super
968 3536 1196 3606 capillos
1227 3537 1424 3607 capitis
1461 3539 1565 3592 mei
1587 3536 1927 3608 quioderunt
1957 3553 2043 3593 me

471 3625 659 3693 gratis.
675 3645 692 3676 ι
713 3625 894 3682 Gratis
908 3637 1086 3682 autem
1101 3629 1280 3683 odisse
1295 3628 1569 3693 dicuntur,
1586 3629 1680 3698 qui
1699 3629 1900 3682 nullam
1919 3645 2042 3699 pro-

473 3715 614 3769 ferre
640 3717 820 3770 valent
847 3718 960 3772 odii
991 3734 1236 3782 causam,
1263 3727 1322 3773 ut
1381 3719 1475 3789 qui
1527 3720 1768 3775 salutare
1818 3721 2039 3775 verbum

473 3816 908 3876 persequuntur,
936 3825 1060 3863 cum
1091 3813 1239 3864 nulla
1263 3813 1552 3867 incusandi
1575 3813 1695 3882 ejus
1743 3816 1884 3869 ratio
1911 3831 2042 3886 sup-

471 3903 641 3964 petat.
673 3896 779 3952 Pro
814 3900 910 3954 illo
959 3911 1160 3970 autem,
1199 3922 1216 3954 ι
1251 3905 1346 3972 qui
1395 3903 1630 3958 oderunt
1673 3920 1760 3960 me
1787 3908 1975 3976 gratis,
2016 3928 2034 3961 ι

472 3990 854 4060 Symmachus,
903 4011 922 4043 ι
959 3994 1204 4049 odientes
1249 4011 1355 4059 me,
1388 3995 1587 4064 inquit,
1639 3998 1756 4052 sine
1788 4015 1975 4054 causa.
2017 4022 2035 4053 ι

469 4076 553 4134 11ιί
581 4081 783 4152 itaque,
818 4083 914 4143 ait,
949 4086 1299 4154 multiplicati
1326 4095 1456 4140 sunt
1497 4090 1620 4158 plus
1667 4105 1828 4158 quam
1857 4092 2039 4162 capilli

469 4173 666 4242 capitis
699 4173 824 4229 mei.
863 4173 1005 4240 Quin
1033 4177 1194 4230 etiam
1222 4177 1514 4233 confortati
1545 4188 1670 4235 sunt
1692 4181 1894 4238 inimici
1925 4198 2042 4252 per-

469 4272 764 4335 sequentes
809 4280 956 4321 eum.
990 4265 1054 4319 Et
1119 4283 1251 4323 sane
1294 4268 1480 4325 ridere
1508 4279 1612 4336 est,
1639 4287 1748 4340 quo
1799 4281 2039 4343 tempore

468 4355 832 4426 persequendi
900 4355 1134 4414 facultas
1209 4359 1391 4427 datur,
1441 4361 1763 4425 confortari,
1829 4365 2033 4430 extolli,

2155 517 2353 587 μᾶλλον
2385 516 2417 585 ἢ
2452 517 2571 568 τότε
2612 510 2784 574 Σιὼν,
2825 507 3052 577 ἐπείπερ
3100 523 3118 555 ι
3165 504 3243 565 είς
3277 503 3453 554 πᾶσαν
3486 498 3582 570 τὴν
3616 499 3719 569 γῆν

2150 608 2369 678 ἐξῆλθεν
2419 607 2447 657 6
2479 605 2712 675 φθόγγος
2761 601 2959 661 αὐτῶν,
3010 598 3101 650 καὶ
3135 597 3214 658 είς
3253 593 3318 645 τά
3364 591 3574 662 πέρατα
3620 592 3720 662 τῆς

2151 698 2475 768 οἰκουμένης
2523 696 2591 749 τά
2630 697 2846 765 ῥήματα
2898 689 3106 743 αὐτῶν·
3141 706 3160 740 ι
3213 685 3416 738 εἴσεται
3463 684 3611 747 ὅπως
3659 685 3718 736 ὲν

2148 795 2262 855 τοῖς
2297 789 2675 862 προκειμένοις
2721 784 2782 851 te
2823 782 2984 839 αὑτοῦ
3035 778 3324 853 προσώπου
3377 777 3589 848 εἴρηται
3633 773 3714 841 τὸ,

2156 902 2174 936 ι
2213 883 2510 936 Ἑκοπίασα
2564 878 2799 950 κράζων,
2855 874 3213 946 ἐδραγχίασεν
3239 873 3267 923 6
3309 867 3517 941 λάρυγξ
3541 885 3663 938 μου.
3693 886 3712 919 ι

2151 976 2224 1028 Τὸ
2278 973 2386 1046 γὰρ
2433 971 2743 1043 παράμονον
2796 967 2960 1022 αὑτοῦ
3010 967 3110 1036 τῆς
3156 964 3284 1034 βοῆς
3354 961 3443 1015 διά
3513 960 3716 1013 τούτων

2154 1064 2426 1135 σημαίνει.
2482 1061 2554 1113 Οὐ
2607 1060 2717 1130 γάρ
2771 1056 2916 1120 ἅπαξ
2973 1053 3100 1110 ποτὲ
3150 1053 3348 1122 βοήσας
3406 1046 3711 1120 παρῆλθεν

2151 1156 2262 1210 ἀλλ’
2304 1156 2391 1208 ἀεὶ
2433 1153 2530 1225 βοᾷ
2566 1155 2659 1207 καὶ
2703 1152 2971 1223 κέκραγεν
3015 1149 3094 1210 εἰς
3135 1145 3232 1208 τὰς
3279 1143 3496 1196 πάντων
3539 1140 3715 1210 ψυχάς

2149 1247 2236 1300 διὰ
2259 1247 2367 1300 τῶν
2395 1245 2558 1299 αὐτοῦ
2594 1243 2874 1316 μαθητῶν·
2906 1242 2992 1294 ἀεὶ
3017 1240 3073 1294 δὲ
3097 1239 3188 1291 καὶ
3220 1236 3355 1307 πρὸς
3381 1235 3473 1287 τὸν
3498 1233 3715 1303 Πατέρα

2153 1341 2251 1411 βοᾷ
2285 1342 2422 1412 ὑπὲρ
2469 1338 2575 1392 τῶν
2615 1339 2694 1400 είς
2737 1336 2894 1389 αὐτὸν
2945 1329 3405 1385 πεπιστευκότων.
3457 1326 3544 1379 Διὸ
3587 1323 3713 1395 ἑξῆς

2150 1431 2418 1499 ἐπιλέγειο
2503 1449 2521 1483 ι
2565 1427 2836 1493 Ἐξέλιπον
2899 1427 2946 1478 al
2992 1421 3255 1493 ὀφθαλμοί
3311 1436 3411 1491 μου
3461 1418 3565 1472 ἀπὸ
3616 1415 3707 1469 τοῦ

2151 1523 2388 1587 ἐλπίζειν
2448 1539 2514 1592 με
2571 1522 2663 1573 ἐπὶ
2711 1520 2801 1572 τὸν
2859 1517 2988 1570 Θεόν
3044 1533 3165 1587 μου.
3197 1533 3214 1566 ι
3278 1510 3422 1565 Ἀντ)⁸
3474 1509 3529 1561 δὲ
3577 1506 3706 1568 τοῦ,

2157 1633 2174 1664 ι
2205 1613 2467 1678 ἐξέλιπον,
2518 1632 2536 1664 ›
2585 1613 2612 1664 ὁ
2659 1609 2924 1673 Ἀκύλας,
2977 1625 2994 1658 ι
3062 1603 3466 1671 Ἐτελέσθησαν,
3528 1599 3707 1667 φησιν,

2149 1708 2197 1759 οἱ
2230 1704 2492 1774 ὀφθαλμοί
2531 1721 2631 1774 μου
2680 1701 3062 1772 περιμένοντες
3120 1696 3211 1749 τὸν
3233 1694 3379 1748 Θεόν.
3407 1712 3424 1744 ι
3461 1689 3620 1743 Ἐδόα
3657 1688 3712 1741 δὲ

2149 1798 2242 1851 καὶ
2276 1796 2562 1866 ἐκεκράγει
2613 1793 2700 1847 διά
2748 1793 2810 1845 τὸ
2855 1791 3056 1861 πλῆθος
3101 1787 3208 1840 τῶν
3257 1783 3466 1854 ἐχθρῶν
3513 1778 3707 1835 αὐτοῦ·

2148 1890 2176 1942 ὃ
2203 1889 2266 1960 δὴ
2300 1889 2593 1960 παρίστησι
2638 1887 2838 1954 λέγων’
2906 1903 2922 1936 ι
2956 1879 3394 1952 Ἐπληθύνθησαν
3435 1875 3577 1946 ὑπὲρ
3616 1873 3711 1936 τὰς

2148 1983 2337 2053 τρίχας
2370 1981 2470 2050 τῆς
2500 1979 2737 2050 κεφαλῆς
2781 1995 2879 2050 μου
2925 1979 2973 2029 οί
3011 1972 3290 2046 μισοῦντές
3332 1987 3396 2041 με
3436 1967 3661 2038 δωρεάν.
3686 1983 3705 2016 ι

2150 2077 2212 2128 Ei
2251 2074 2308 2126 δὲ
2348 2072 2506 2141 σῶμα
2531 2069 2695 2124 αὑτοῦ
2717 2069 3018 2139 τυγχάνειή
3044 2061 3330 2134 Ἐκκλησία
3359 2057 3542 2118 αὑτοῦ,
3574 2056 3712 2109 κατά

2148 2168 2237 2221 τὸν
2276 2164 2612 2228 Ἀπόστολον,
2647 2164 2706 2226 ὃς
2738 2162 2981 2220 ἐδίδασκε
3003 2159 3205 2227 λέγων-
3250 2174 3268 2206 ι
3289 2154 3479 2224 Ὑμεῖς
3505 2151 3562 2203 δέ
3589 2151 3710 2202 ἐστε

2151 2260 2307 2330 σῶμα
2329 2259 2564 2330 Χριστοῦ
2599 2257 2693 2311 καὶ
2727 2255 2862 2327 μέλη
2894 2256 2959 2307 ὲκ
2993 2252 3224 2324 μέρουςο
3267 2267 3286 2300 ι
3343 2247 3513 2307 εἴποις
3548 2243 3613 2297 ἂν
3645 2241 3713 2294 τὰ

2154 2350 2252 2421 μὲν
2291 2349 2690 2419 ἀναγκαιότερα
2744 2346 2876 2418 μέλη
2923 2345 3016 2398 τοῦ
3057 2339 3326 2414 σώματος,
3366 2342 3459 2394 καὶ
3498 2337 3597 2401 τά,
3635 2338 3701 2389 ἶν’

2146 2439 2317 2502 οὕτως
2351 2439 2524 2503 εἴπω,
2560 2435 2906 2508 αἰσθητήρια,
2934 2434 3058 2497 τοὺς
3089 2432 3416 2502 ἀναγκαίως
3449 2427 3588 2484 εἶναι
3615 2427 3712 2483 τοῦ

2149 2528 2308 2583 λαοῦ’
2362 2523 2473 2583 οἷον
2517 2528 2758 2600 κεφαλήν
2798 2528 2923 2591 τοὺς
2973 2525 3336 2597 ἡγουμένους,
3386 2523 3556 2594 στόμα
3586 2521 3715 2586 τοὺς

2146 2621 2518 2685 διδασκάλους,
2558 2622 2652 2674 καὶ
2698 2621 2824 2683 τοὺς
2859 2618 3114 2681 συνετοὺς
3155 2614 3428 2688 ἀκροατάς
3463 2613 3532 2667 τά
3573 2607 3711 2677 ὦτα,

2144 2714 2271 2776 τοὺς
2329 2711 2638 2782 ὀφθαλμοὺς
2705 2711 2831 2774 τοὺς
2897 2710 3236 2782 διορατικοὺς
3293 2708 3400 2762 τῶν
3459 2706 3712 2777 Γραφῶν,

2147 2805 2333 2874 χεῖρας
2363 2802 2488 2864 τοὺς
2535 2800 3038 2872 πρακτικωτέρους,
3085 2798 3291 2861 τούτοις
3331 2815 3391 2851 τε
3439 2797 3714 2866 ἀναλόγως

2145 2893 2214 2946 τά
2244 2892 2408 2946 λοιπά
2441 2893 2578 2964 μέλη
2608 2892 2702 2946 τοῦ
2734 2891 3000 2962 σώματος,
3026 2887 3106 2955 οἷς
3139 2889 3426 2944 ἀκόλουθον
3454 2889 3540 2960 εἴη
3573 2891 3713 2942 νοεῖν

2144 2985 2336 3057 τρίχας
2361 2981 2499 3040 εἶναι
2531 2985 2623 3039 τοῦ
2659 2987 2856 3050 παντὸς
2887 2987 2956 3040 τά
2985 2985 3183 3057 πλήθη,
3219 2984 3311 3038 καὶ
3339 2984 3429 3036 τὸν
3461 2982 3715 3054 περιττὴν

2145 3077 2300 3149 δχλον
2335 3079 2598 3150 φέροντας
2646 3079 2744 3149 μέν
2787 3096 2908 3132 τινα
2944 3078 3147 3148 κόσμον
3199 3076 3304 3146 ὅλῳ
3353 3073 3432 3144 τῷ
3476 3073 3712 3144 σώματι,

2149 3168 2223 3239 μὴ
2276 3168 2380 3240 μὴν
2424 3168 2727 3237 ἀναγκαίαν
2775 3167 2896 3221 τινά
2953 3167 3146 3239 χρῆσιν
3198 3164 3389 3236 ὁμοίαν
3429 3162 3498 3216 τὰ
3553 3161 3716 3215 λοιπά

2149 3261 2305 3332 μέλη.
2343 3261 2462 3314 Τῶν
2485 3257 2578 3314 οὖν
2601 3259 2857 3314 τοιούτων
2891 3258 3093 3330 τριχῶν
3123 3257 3301 3327 πολλῷ
3334 3256 3572 3309 πλεῖστοι
3603 3250 3711 3307 εἷεν

2143 3351 2209 3405 ἂν
2248 3353 2296 3405 οί
2335 3351 2603 3423 ἀλλότριοι
2643 3352 2743 3422 τῆς
2790 3351 3045 3416 πίστεως,
3080 3350 3175 3404 ἅτε
3212 3349 3276 3421 δὴ
3314 3348 3410 3419 τὴν
3452 3347 3707 3400 πλατεῖαν

2145 3447 2240 3498 καὶ
2302 3445 2400 3516 τὴν
2462 3445 2770 3517 εὐρύχωρον
2843 3443 3167 3514 βαδίζοντες.
3251 3441 3344 3494 Διὸ
3426 3439 3700 3492 λέλεκταιο

2149 3555 2167 3586 ι
2193 3535 2632 3607 Ἑπληθύνθησαν
2676 3535 2816 3606 ὑπὲρ
2851 3533 2948 3598 τάς
2974 3534 3162 3605 τρίχας
3196 3535 3294 3602 τῆς
3324 3529 3557 3599 κεφαλῆς
3600 3544 3702 3598 μου

2142 3630 2191 3680 ot
2229 3628 2511 3699 μισοῦντές
2549 3645 2614 3699 με
2647 3627 2874 3698 δωρεάν.
2909 3647 2927 3678 ›
2977 3625 3193 3697 Δωρεάν
3226 3626 3282 3678 δὲ
3314 3626 3485 3694 μισεῖν
3517 3621 3704 3688 λέγον-

2143 3737 2234 3771 ται
2266 3720 2314 3772 οί
2349 3721 2449 3772 οὐκ
2483 3719 2698 3789 ἔχοντες
2730 3718 2908 3772 αἰτίαν
2934 3720 3106 3771 εἰπεῖν
3154 3716 3248 3770 τοῦ
3292 3715 3496 3786 μίσους,
3544 3714 3620 3777 ὼς
3657 3714 3707 3764 οί

2141 3808 2230 3862 τὸν
2262 3810 2525 3880 σωτήριον
2550 3809 2702 3877 λόγον
2725 3807 3010 3872 διώκοντες
3037 3811 3129 3862 καὶ
3162 3808 3324 3879 μηδὲν
3355 3806 3710 3876 καταμέμφε-

2145 3900 2266 3953 σθαι
2308 3900 2455 3971 αύτῷ
2488 3900 2793 3971 δυνάμενοι.
2844 3901 2988 3953 Ἀντί
3019 3901 3076 3954 δὲ
3108 3901 3222 3966 τοῦ,
3269 3920 3287 3951 ι
3325 3902 3372 3953 οἱ
3428 3900 3712 3970 μισοῦντές

2145 4007 2212 4058 με
2254 3989 2491 4058 δωρεάν,
2523 4009 2542 4041 ι
2597 3992 2625 4043 6
2678 3989 3003 4060 Σύμμαχος,
3067 4010 3085 4041 ι
3140 3991 3202 4046 Οἱ
3255 3989 3539 4060 μισοῦντές
3605 4007 3709 4060 με,

2144 4079 2328 4150 φησὶν,
2389 4079 2664 4143 ἀναιτίως.
2722 4099 2740 4131 ι
2781 4072 2939 4134 Οὗτοι
2977 4077 3070 4134 οὖν
3116 4080 3314 4152 μᾶλλον
3353 4081 3710 4143 ἐπλεόνασαν,

2143 4171 2326 4242 φησιν,
2375 4171 2408 4241 ἢ
2453 4173 2508 4224 αἱ
2549 4172 2735 4243 τρίχες
2785 4173 2884 4242 τῆς
2932 4171 3174 4241 κεφαλῆς
3223 4189 3347 4243 μου.
3403 4172 3564 4224 Ἀλλά
3616 4173 3711 4224 καὶ

2142 4261 2588 4334 ὲκραταιώθησαν
2620 4264 2669 4316 οἱ
2702 4262 2886 4334 ἐχθροὶ
2914 4262 3079 4320 αὑτοῦ
3113 4265 3162 4316 oi
3193 4262 3478 4326 διώκοντες
3525 4264 3709 4317 αὐτόν.

2145 4353 2272 4406 Ἰδοι
2311 4353 2440 4421 γοῦν
2471 4371 2576 4419 τις,
2608 4353 2731 4410 καθ’
2765 4355 2990 4410 ἕκαστον
3029 4355 3216 4427 καιρὸν
3250 4355 3372 4409 καθ’
3403 4356 3461 4408 ὃν
3495 4354 3711 4409 διώκειν

467 4449 747 4518 nullaque
771 4463 931 4519 posse
966 4451 1215 4506 inimicos
1247 4453 1386 4521 ejus.
1442 4452 1645 4523 Iujuste
1695 4465 1872 4510 autem
1909 4472 2031 4525 per-

2145 4445 2580 4515 συγχωροῦνται,
2635 4448 3098 4517 κραταιουμένους
3150 4449 3243 4501 καὶ
3292 4449 3708 4518 ἐπαιρομένους,

470 4550 774 4609 sequuntur
796 4542 968 4605 illum,
992 4551 1045 4599 et
1071 4544 1241 4613 gratis
1271 4547 1523 4601 oderunt.
1549 4547 1684 4601 Cum
1715 4549 1857 4602 enim
1888 4551 2036 4603 nulla

469 4631 646 4686 subsit
680 4633 981 4690 inimicitia:
1009 4651 1210 4700 causa,
1245 4653 1422 4707 neque
1467 4651 1893 4701 consentaneam
1947 4657 2038 4694 ra-

470 4719 673 4775 tionem
708 4721 958 4790 proferre
986 4724 1202 4778 valeant
1227 4741 1328 4779 cur
1356 4735 1787 4797 persequantur,
1833 4727 2038 4795 injuste

465 4818 648 4865 tamen
685 4819 900 4865 vexant.
934 4815 1030 4868 llic
1058 4830 1190 4869 vero
1246 4831 1370 4870 cum
1419 4819 1554 4871 nihil
1611 4821 1869 4887 rapuerit,
1889 4818 2034 4871 nihil

467 4899 682 4968 injuriae
713 4903 977 4969 intulerit,
1001 4907 1327 4977 supplicium
1356 4909 1474 4963 luit.
1499 4909 1634 4963 Nam
1657 4911 1703 4964 si
1734 4907 2035 4964 secundum

466 4992 614 5062 leges
645 5008 820 5061 paena:
846 5011 875 5047 a
921 4997 1030 5052 reis
1086 5000 1389 5068 repetendae
1425 5001 1554 5065 sint,
1583 5017 1761 5070 neque
1793 5002 1909 5071 ipse
1939 5018 2035 5056 ne-

466 5098 572 5152 que
606 5091 850 5152 germani
897 5087 1016 5156 ejus
1065 5089 1321 5159 discipuli
1357 5093 1538 5162 aliquo
1567 5093 1622 5146 in
1676 5092 1915 5147 facinore
1939 5092 2035 5146 de-

464 5175 724 5245 prehensi
776 5184 926 5232 sunt.
995 5177 1125 5234 Jure
1183 5196 1312 5252 ergo
1357 5185 1432 5237 ait
1466 5203 1479 5238 :
1515 5203 1532 5235 (
1569 5184 1702 5250 Quae
1736 5201 1846 5238 non
1876 5186 2032 5254 rapui

463 5273 598 5319 tunc
657 5265 1029 5319 exsolvebam.
1079 5287 1097 5319 ι
1148 5270 1227 5322 Ac
1277 5281 1523 5340 tempore
1585 5275 1862 5342 passionis
1920 5290 2034 5329 suae

396 5359 401 5366 '
463 5358 633 5426 gratis
654 5356 1027 5425 cruciabatur,
1061 5366 1115 5412 et
1143 5361 1472 5430 supplicium
1497 5363 1700 5426 luebat,
1733 5380 1856 5418 cum
1898 5367 2032 5420 nulli

462 5447 719 5516 injuriam
750 5447 990 5505 fecisset.
1029 5449 1208 5514 Quare
1245 5461 1374 5505 tunc
1403 5453 1613 5508 dicebat
1653 5472 1665 5506 :
1707 5476 1725 5508 ι
1758 5455 1888 5522 Qua:
1924 5474 2030 5511 non

463 5538 620 5607 rapui
643 5547 774 5594 tunc
818 5539 1204 5607 exsolvebam;
1251 5561 1268 5593 δ
1321 5541 1458 5608 sive,
1519 5548 1820 5601 secundum
1868 5547 2034 5617 Aqui-

538 5714 558 5744 ³
601 5711 745 5770 θδίιι.
790 5733 942 5787 xvut,
985 5719 1034 5774 5.
1114 5719 1133 5750 ³
1177 5717 1190 5772 Ι
1231 5718 1354 5776 C‘or.
1399 5736 1498 5786 xu,
1537 5722 1624 5777 27.

2142 4535 2235 4588 καὶ
2265 4535 2434 4588 πολλά
2471 4537 2800 4610 δυναμένους
2835 4539 2962 4602 τοὺς
2989 4538 3215 4610 ἐχθροὺς
3256 4539 3440 4594 αὐτοῦ.
3484 4541 3707 4603 ’Λδίκως

2137 4627 2194 4680 δὲ
2221 4627 2380 4680 αὑτὸν
2407 4609 2688 4682 διώκουσιν
2715 4625 2880 4694 οὗτοι,
2911 4630 3005 4683 καὶ
3037 4631 3258 4701 ἑμίσουν
3285 4632 3444 4685 αὑτὸν
3475 4631 3708 4702 δωρεάν.

2137 4720 2424 4790 Μηδεμίαν
2454 4719 2561 4791 γὰρ
2591 4721 2804 4792 ἔχοντες
2834 4721 3085 4774 ὑπόθεσιν
3113 4721 3332 4793 ἔχθρας,
3367 4723 3502 4793 μηδὲ
3529 4723 3708 4786 αἰτίας

2139 4810 2310 4864 εἰπεῖν
2339 4809 2592 4878 εὐλόγους
2621 4804 2722 4862 οἷοί
2763 4826 2822 4862 τε
2855 4810 2922 4863 δι’
2954 4809 3039 4873 ἀςς
3058 4809 3363 4874 διώκουσιν,
3397 4811 3547 4880 ὅμως
3586 4809 3706 4861 ἀδί-

2138 4917 2251 4964 κως
2297 4901 2458 4954 αὑτὸν
2492 4900 2793 4956 διώκουσιν.
2857 4903 2915 4956 '0
2947 4903 3005 4957 δὲ
3051 4903 3188 4974 ὑπὲρ
3229 4897 3304 4956 ὧν
3357 4903 3430 4974 μὴ
3464 4903 3708 4972 ἥρπασε,

2140 4992 2274 5063 μηδὲ
2305 4993 2549 5063 ἠδίκησε,
2582 4994 2803 5048 κόλασιν
2837 4995 3142 5065 ὑπέμεινεν.
3176 4995 3241 5046 Et
3287 4993 3396 5065 γάρ
3436 4991 3579 5046 κατὰ
3617 4994 3706 5047 νό-

2140 5099 2272 5154 μους
2321 5087 2584 5156 προσήκει
2620 5085 2774 5156 δίκην
2811 5085 3226 5157 εἰσπράττεσθαι
3276 5087 3402 5149 τοὺς
3445 5085 3706 5155 ⁴ὴιδικηκό-

2138 5193 2271 5240 τας,
2301 5174 2423 5228 οὔτε
2464 5176 2519 5228 δὲ
2551 5177 2713 5239 αὐτὸς
2752 5175 2874 5230 οὔτε
2919 5177 2968 5228 οί
3009 5175 3171 5244 αὑτοῦ
3206 5178 3419 5247 γνήσιοι
3463 5177 3706 5248 μαθηταὶ

2137 5268 2353 5338 ἤλωσάν
2394 5285 2521 5321 ποτε
2574 5269 2666 5322 ἐπὶ
2703 5270 3049 5341 παρανομίᾳ’
3093 5269 3318 5333 εἰκότως
3361 5269 3557 5340 φησίν·
3601 5271 3704 5322 «Ἃ

2137 5362 2234 5432 οὐχ
2268 5361 2488 5432 ῆρπασα
2530 5362 2650 5415 τότε
2682 5363 3020 5416 ἀπετίννυον.
3046 5381 3064 5414 ι
3098 5363 3214 5415 Καὶ
3234 5361 3374 5416 κατά
3397 5361 3487 5415 τὸν
3515 5361 3705 5431 καιρὸν

2133 5453 2190 5506 δὲ
2231 5453 2324 5506 τοῦ
2369 5454 2571 5518 πάθους
2614 5453 2774 5506 αὑτοῦ
2818 5454 3023 5524 δωρεάν
3068 5453 3292 5523 ἔπασχε,
3332 5454 3426 5507 καλ⁵
3464 5453 3604 5525 ὑπὲρ
3630 5447 3706 5506 ὧι

2139 5546 2212 5617 μὴ
2247 5545 2492 5616 ἠδικήκει
2539 5546 2806 5617 τιμωρίαν
2849 5545 3039 5599 ἐδίδου.
3091 5543 3182 5597 Διδ
3215 5545 3308 5598 καὶ
3337 5544 3455 5597 τότε
3487 5543 3706 5615 ἔλεγεν·
