  <div class='ocr_page' id='page_1' title='image "/cluster/home/n/w/nwhite01/storage/ocr_20150623/23/hvd.32044073501116/372.png"; bbox 0 0 4062 6208; ppageno 0'>
   <div class='ocr_carea' id='block_1_1' title="bbox 331 295 3573 361">
    <p class='ocr_par' dir='ltr' id='par_1_1' title="bbox 331 295 3573 361">
     <span class='ocr_line' id='line_1_1' title="bbox 331 295 3573 361; baseline -0.002 -1"><span class='ocrx_word' id='word_1_1' title='bbox 331 304 428 361; x_wconf 78' lang='lat'><strong>755</strong></span> <span class='ocrx_word' id='word_1_2' title='bbox 1458 299 1962 358; x_wconf 74' lang='lat' dir='ltr'><strong>COMMENTARIA</strong></span> <span class='ocrx_word' id='word_1_3' title='bbox 2001 300 2065 355; x_wconf 79' lang='lat' dir='ltr'><strong>IN</strong></span> <span class='ocrx_word' id='word_1_4' title='bbox 2104 300 2442 356; x_wconf 82' lang='lat' dir='ltr'><strong>PSALMOS.</strong></span> <span class='ocrx_word' id='word_1_5' title='bbox 3470 295 3573 352; x_wconf 63' lang='grc' dir='ltr'>τω</span> 
     </span>
    </p>
   </div>
   <div class='ocr_carea' id='block_1_2' title="bbox 331 414 1872 486">
    <p class='ocr_par' dir='ltr' id='par_1_2' title="bbox 331 414 1872 486">
     <span class='ocr_line' id='line_1_2' title="bbox 331 414 1872 486; baseline 0 -17"><span class='ocrx_word' id='word_1_6' title='bbox 331 437 349 469; x_wconf 82' lang='grc'><em>‹</em></span> <span class='ocrx_word' id='word_1_7' title='bbox 383 415 450 470; x_wconf 74' lang='grc' dir='ltr'>Ἀ</span> <span class='ocrx_word' id='word_1_8' title='bbox 497 414 596 486; x_wconf 79' lang='grc' dir='ltr'><strong>οὐχ</strong></span> <span class='ocrx_word' id='word_1_9' title='bbox 639 414 886 486; x_wconf 63' lang='grc' dir='ltr'>ἥρπαζον</span> <span class='ocrx_word' id='word_1_10' title='bbox 934 414 1056 468; x_wconf 84' lang='grc' dir='ltr'>τότε</span> <span class='ocrx_word' id='word_1_11' title='bbox 1099 414 1443 468; x_wconf 84' lang='grc' dir='ltr'>ἀπετίννυον·</span> <span class='ocrx_word' id='word_1_12' title='bbox 1479 435 1498 466; x_wconf 72' lang='grc' dir='ltr'><strong>ι</strong></span> <span class='ocrx_word' id='word_1_13' title='bbox 1525 416 1582 485; x_wconf 78' lang='grc' dir='ltr'>ἦ,</span> <span class='ocrx_word' id='word_1_14' title='bbox 1623 415 1762 469; x_wconf 82' lang='grc' dir='ltr'>κατὰ</span> <span class='ocrx_word' id='word_1_15' title='bbox 1801 417 1872 469; x_wconf 68' lang='grc' dir='ltr'>τὸε</span> 
     </span>
    </p>
   </div>
   <div class='ocr_carea' id='block_1_3' title="bbox 1977 414 3572 486">
    <p class='ocr_par' dir='ltr' id='par_1_3' title="bbox 1996 414 3572 483">
     <span class='ocr_line' id='line_1_3' title="bbox 1996 414 3572 483; baseline 0.001 -14"><span class='ocrx_word' id='word_1_16' title='bbox 1996 417 2147 470; x_wconf 88' lang='lat' dir='ltr'><strong>lam:</strong></span> <span class='ocrx_word' id='word_1_17' title='bbox 2193 436 2211 469; x_wconf 87' lang='grc'><em>‹</em></span> <span class='ocrx_word' id='word_1_18' title='bbox 2254 415 2386 483; x_wconf 72' lang='lat' dir='ltr'><strong>Quae</strong></span> <span class='ocrx_word' id='word_1_19' title='bbox 2420 430 2528 470; x_wconf 92' lang='lat' dir='ltr'><strong>non</strong></span> <span class='ocrx_word' id='word_1_20' title='bbox 2560 414 2829 470; x_wconf 75' lang='lat' dir='ltr'><strong>violenter</strong></span> <span class='ocrx_word' id='word_1_21' title='bbox 2873 415 3075 472; x_wconf 79' lang='lat' dir='ltr'><strong>abstuli</strong></span> <span class='ocrx_word' id='word_1_22' title='bbox 3136 421 3268 469; x_wconf 86' lang='lat' dir='ltr'><strong>tunc</strong></span> <span class='ocrx_word' id='word_1_23' title='bbox 3314 414 3572 470; x_wconf 85' lang='lat' dir='ltr'><strong>restitue-</strong></span> 
     </span>
    </p>
   </div>
   <div class='ocr_carea' id='block_1_4' title="bbox 335 507 2193 581">
    <p class='ocr_par' dir='ltr' id='par_1_4' title="bbox 335 507 2193 581">
     <span class='ocr_line' id='line_1_4' title="bbox 335 507 2193 581; baseline -0.003 -17"><span class='ocrx_word' id='word_1_24' title='bbox 335 509 592 564; x_wconf 76' lang='grc' dir='ltr'>’Δκύλανο</span> <span class='ocrx_word' id='word_1_25' title='bbox 633 511 735 562; x_wconf 75' lang='grc' dir='ltr'><strong>«Ἃ</strong></span> <span class='ocrx_word' id='word_1_26' title='bbox 764 510 865 563; x_wconf 73' lang='grc' dir='ltr'><strong>οὐκ</strong></span> <span class='ocrx_word' id='word_1_27' title='bbox 897 508 1204 580; x_wconf 74' lang='grc' dir='ltr'>ἐϐιασάμην</span> <span class='ocrx_word' id='word_1_28' title='bbox 1235 508 1353 562; x_wconf 87' lang='grc' dir='ltr'>τότε</span> <span class='ocrx_word' id='word_1_29' title='bbox 1386 507 1742 581; x_wconf 77' lang='grc' dir='ltr'>ἐπέστρεφον.</span> <span class='ocrx_word' id='word_1_30' title='bbox 1766 528 1784 560; x_wconf 74' lang='grc' dir='ltr'><strong>ι</strong></span> <span class='ocrx_word' id='word_1_31' title='bbox 1995 509 2140 561; x_wconf 86' lang='lat' dir='ltr'><strong>bam.</strong></span> <span class='ocrx_word' id='word_1_32' title='bbox 2171 524 2193 558; x_wconf 69' lang='grc' dir='ltr'><strong>ι</strong></span> 
     </span>
    </p>
   </div>
   <div class='ocr_carea' id='block_1_5' title="bbox 2063 618 3562 687">
    <p class='ocr_par' dir='ltr' id='par_1_5' title="bbox 2063 618 3562 687">
     <span class='ocr_line' id='line_1_5' title="bbox 2063 618 3562 687; baseline -0.003 -17"><span class='ocrx_word' id='word_1_33' title='bbox 2063 618 2234 675; x_wconf 72' lang='lat' dir='ltr'><strong>Vens.</strong></span> <span class='ocrx_word' id='word_1_34' title='bbox 2266 620 2318 674; x_wconf 69' lang='lat' dir='ltr'><strong>ii.</strong></span> <span class='ocrx_word' id='word_1_35' title='bbox 2356 637 2374 670; x_wconf 86' lang='grc'><strong>‹</strong></span> <span class='ocrx_word' id='word_1_36' title='bbox 2416 619 2580 683; x_wconf 87' lang='lat' dir='ltr'><strong>Deus,</strong></span> <span class='ocrx_word' id='word_1_37' title='bbox 2617 627 2673 674; x_wconf 91' lang='lat' dir='ltr'><strong>tu</strong></span> <span class='ocrx_word' id='word_1_38' title='bbox 2721 620 2831 674; x_wconf 90' lang='lat' dir='ltr'><strong>scis</strong></span> <span class='ocrx_word' id='word_1_39' title='bbox 2883 619 3249 687; x_wconf 84' lang='lat' dir='ltr'><strong>insipientiam</strong></span> <span class='ocrx_word' id='word_1_40' title='bbox 3308 632 3505 672; x_wconf 84' lang='lat' dir='ltr'><strong>meam.</strong></span> <span class='ocrx_word' id='word_1_41' title='bbox 3545 637 3562 666; x_wconf 79' lang='grc' dir='ltr'><strong>ι</strong></span> 
     </span>
    </p>
   </div>
   <div class='ocr_carea' id='block_1_6' title="bbox 1994 707 3563 780">
    <p class='ocr_par' dir='ltr' id='par_1_6' title="bbox 1994 707 3563 780">
     <span class='ocr_line' id='line_1_6' title="bbox 1994 707 3563 780; baseline -0.001 -15"><span class='ocrx_word' id='word_1_42' title='bbox 1994 711 2467 778; x_wconf 73' lang='lat' dir='ltr'><strong>Quemadmodum</strong></span> <span class='ocrx_word' id='word_1_43' title='bbox 2544 712 2765 766; x_wconf 85' lang='lat' dir='ltr'><strong>divinus</strong></span> <span class='ocrx_word' id='word_1_44' title='bbox 2819 711 3115 780; x_wconf 76' lang='lat' dir='ltr'><strong>Apostolus</strong></span> <span class='ocrx_word' id='word_1_45' title='bbox 3170 709 3394 764; x_wconf 80' lang='lat' dir='ltr'><strong>stultum</strong></span> <span class='ocrx_word' id='word_1_46' title='bbox 3445 707 3563 768; x_wconf 80' lang='lat' dir='ltr'><strong>Dei.</strong></span> 
     </span>
    </p>
   </div>
   <div class='ocr_carea' id='block_1_7' title="bbox 1993 800 3565 874">
    <p class='ocr_par' dir='ltr' id='par_1_7' title="bbox 1993 800 3565 874">
     <span class='ocr_line' id='line_1_7' title="bbox 1993 800 3565 874; baseline -0.002 -18"><span class='ocrx_word' id='word_1_47' title='bbox 1993 804 2303 874; x_wconf 83' lang='lat' dir='ltr'><strong>passionem</strong></span> <span class='ocrx_word' id='word_1_48' title='bbox 2338 801 2640 857; x_wconf 86' lang='lat' dir='ltr'><strong>Salvatoris</strong></span> <span class='ocrx_word' id='word_1_49' title='bbox 2664 843 2678 868; x_wconf 93' lang='lat'><strong>,</strong></span> <span class='ocrx_word' id='word_1_50' title='bbox 2711 811 2765 859; x_wconf 90' lang='lat' dir='ltr'><strong>et</strong></span> <span class='ocrx_word' id='word_1_51' title='bbox 2799 819 3042 866; x_wconf 86' lang='lat' dir='ltr'><strong>crucem,</strong></span> <span class='ocrx_word' id='word_1_52' title='bbox 3076 802 3448 857; x_wconf 83' lang='lat' dir='ltr'><strong>inﬁrmitatem</strong></span> <span class='ocrx_word' id='word_1_53' title='bbox 3478 800 3565 854; x_wconf 87' lang='lat' dir='ltr'><strong>in-</strong></span> 
     </span>
    </p>
   </div>
   <div class='ocr_carea' id='block_1_8' title="bbox 396 620 1891 692">
    <p class='ocr_par' dir='ltr' id='par_1_8' title="bbox 396 620 1891 692">
     <span class='ocr_line' id='line_1_8' title="bbox 396 620 1891 692; baseline -0.001 -18"><span class='ocrx_word' id='word_1_54' title='bbox 396 642 414 674; x_wconf 76' lang='grc' dir='ltr'><strong>ι</strong></span> <span class='ocrx_word' id='word_1_55' title='bbox 435 621 496 676; x_wconf 86' lang='lat'><strong>&#39;0</strong></span> <span class='ocrx_word' id='word_1_56' title='bbox 518 621 670 688; x_wconf 82' lang='grc' dir='ltr'><strong>Θεὸς,</strong></span> <span class='ocrx_word' id='word_1_57' title='bbox 705 623 767 675; x_wconf 77' lang='grc' dir='ltr'><strong>σὺ</strong></span> <span class='ocrx_word' id='word_1_58' title='bbox 796 621 966 690; x_wconf 77' lang='grc' dir='ltr'>ἔγνως</span> <span class='ocrx_word' id='word_1_59' title='bbox 989 620 1087 691; x_wconf 83' lang='grc' dir='ltr'>τὴν</span> <span class='ocrx_word' id='word_1_60' title='bbox 1122 620 1430 692; x_wconf 80' lang='grc' dir='ltr'>ἀφροσύνην</span> <span class='ocrx_word' id='word_1_61' title='bbox 1462 639 1584 692; x_wconf 88' lang='grc' dir='ltr'>μου,</span> <span class='ocrx_word' id='word_1_62' title='bbox 1625 641 1642 673; x_wconf 79' lang='grc' dir='ltr'><strong>ι</strong></span> <span class='ocrx_word' id='word_1_63' title='bbox 1683 622 1891 692; x_wconf 82' lang='grc' dir='ltr'>Ὥσπερ</span> 
     </span>
    </p>
   </div>
   <div class='ocr_carea' id='block_1_9' title="bbox 317 709 1890 784">
    <p class='ocr_par' dir='ltr' id='par_1_9' title="bbox 317 709 1890 784">
     <span class='ocr_line' id='line_1_9' title="bbox 317 709 1890 784; baseline -0.001 -17"><span class='ocrx_word' id='word_1_64' title='bbox 317 713 663 784; x_wconf 77' lang='grc' dir='ltr'><strong>ἀνεγκλήτως</strong></span> <span class='ocrx_word' id='word_1_65' title='bbox 687 714 715 764; x_wconf 98' lang='lat'><strong>6</strong></span> <span class='ocrx_word' id='word_1_66' title='bbox 744 713 885 776; x_wconf 84' lang='grc' dir='ltr'>θεῖος</span> <span class='ocrx_word' id='word_1_67' title='bbox 909 709 1226 774; x_wconf 85' lang='grc' dir='ltr'>Ἀπόστολος</span> <span class='ocrx_word' id='word_1_68' title='bbox 1245 713 1446 781; x_wconf 80' lang='grc' dir='ltr'>μωρὸν</span> <span class='ocrx_word' id='word_1_69' title='bbox 1461 712 1568 766; x_wconf 84' lang='grc' dir='ltr'><strong>τοῦ</strong></span> <span class='ocrx_word' id='word_1_70' title='bbox 1587 713 1734 766; x_wconf 86' lang='grc' dir='ltr'><strong>Θεοῦ</strong></span> <span class='ocrx_word' id='word_1_71' title='bbox 1754 713 1860 766; x_wconf 84' lang='grc' dir='ltr'><strong>ώνό</strong></span> <span class='ocrx_word' id='word_1_72' title='bbox 1876 742 1890 753; x_wconf 79' lang='grc' dir='ltr'><strong>ο</strong></span> 
     </span>
    </p>
   </div>
   <div class='ocr_carea' id='block_1_10' title="bbox 323 803 1889 875">
    <p class='ocr_par' dir='ltr' id='par_1_10' title="bbox 323 803 1889 875">
     <span class='ocr_line' id='line_1_10' title="bbox 323 803 1889 875; baseline -0.001 -17"><span class='ocrx_word' id='word_1_73' title='bbox 323 822 461 875; x_wconf 83' lang='grc' dir='ltr'>μασε</span> <span class='ocrx_word' id='word_1_74' title='bbox 486 806 547 858; x_wconf 87' lang='grc' dir='ltr'><strong>τὸ</strong></span> <span class='ocrx_word' id='word_1_75' title='bbox 570 803 740 867; x_wconf 82' lang='grc' dir='ltr'>πάθος</span> <span class='ocrx_word' id='word_1_76' title='bbox 762 804 854 856; x_wconf 85' lang='grc' dir='ltr'><strong>τοῦ</strong></span> <span class='ocrx_word' id='word_1_77' title='bbox 878 803 1151 874; x_wconf 75' lang='grc' dir='ltr'><strong>Σωτῆρος,</strong></span> <span class='ocrx_word' id='word_1_78' title='bbox 1177 803 1273 855; x_wconf 76' lang='grc' dir='ltr'>καὶ</span> <span class='ocrx_word' id='word_1_79' title='bbox 1298 803 1583 857; x_wconf 84' lang='grc' dir='ltr'>ἀσθένειαν</span> <span class='ocrx_word' id='word_1_80' title='bbox 1604 805 1696 857; x_wconf 90' lang='grc' dir='ltr'><strong>τὸν</strong></span> <span class='ocrx_word' id='word_1_81' title='bbox 1726 821 1889 858; x_wconf 88' lang='grc' dir='ltr'>σταυ-</span> 
     </span>
    </p>
   </div>
   <div class='ocr_carea' id='block_1_11' title="bbox 320 894 1886 969">
    <p class='ocr_par' dir='ltr' id='par_1_11' title="bbox 320 894 1886 969">
     <span class='ocr_line' id='line_1_11' title="bbox 320 894 1886 969; baseline -0.001 -19"><span class='ocrx_word' id='word_1_82' title='bbox 320 897 430 969; x_wconf 85' lang='grc' dir='ltr'>ρὸν,</span> <span class='ocrx_word' id='word_1_83' title='bbox 471 897 668 951; x_wconf 74' lang='grc' dir='ltr'>εἰπών’</span> <span class='ocrx_word' id='word_1_84' title='bbox 699 915 717 948; x_wconf 73' lang='grc' dir='ltr'><strong>ι</strong></span> <span class='ocrx_word' id='word_1_85' title='bbox 741 894 1085 968; x_wconf 84' lang='grc' dir='ltr'>Ἐσταυρώθη</span> <span class='ocrx_word' id='word_1_86' title='bbox 1111 895 1170 960; x_wconf 81' lang='grc' dir='ltr'>ἐξ</span> <span class='ocrx_word' id='word_1_87' title='bbox 1200 896 1484 959; x_wconf 78' lang='grc' dir='ltr'>ἀσθενείας</span> <span class='ocrx_word' id='word_1_88' title='bbox 1505 913 1552 948; x_wconf 72' lang='grc' dir='ltr'>ο»</span> <span class='ocrx_word' id='word_1_89' title='bbox 1577 898 1670 950; x_wconf 71' lang='grc' dir='ltr'><strong>καὶ</strong></span> <span class='ocrx_word' id='word_1_90' title='bbox 1695 897 1853 951; x_wconf 85' lang='grc' dir='ltr'>πάλιν</span> <span class='ocrx_word' id='word_1_91' title='bbox 1871 914 1886 928; x_wconf 77' lang='grc' dir='ltr'><strong>ο</strong></span> 
     </span>
    </p>
   </div>
   <div class='ocr_carea' id='block_1_12' title="bbox 319 989 1884 1063">
    <p class='ocr_par' dir='ltr' id='par_1_12' title="bbox 319 989 1884 1063">
     <span class='ocr_line' id='line_1_12' title="bbox 319 989 1884 1063; baseline -0.001 -19"><span class='ocrx_word' id='word_1_92' title='bbox 319 1012 337 1044; x_wconf 73' lang='grc' dir='ltr'><strong>ι</strong></span> <span class='ocrx_word' id='word_1_93' title='bbox 372 993 563 1063; x_wconf 82' lang='grc' dir='ltr'>Ἡμεῖς</span> <span class='ocrx_word' id='word_1_94' title='bbox 627 991 682 1044; x_wconf 81' lang='grc' dir='ltr'>δὲ</span> <span class='ocrx_word' id='word_1_95' title='bbox 741 989 1086 1060; x_wconf 82' lang='grc' dir='ltr'>κηρύσσομεν</span> <span class='ocrx_word' id='word_1_96' title='bbox 1154 989 1388 1059; x_wconf 90' lang='grc' dir='ltr'>Χριστὸν</span> <span class='ocrx_word' id='word_1_97' title='bbox 1452 989 1884 1061; x_wconf 75' lang='grc' dir='ltr'>ἐσταυρωμένον,</span> 
     </span>
    </p>
   </div>
   <div class='ocr_carea' id='block_1_13' title="bbox 323 1076 1888 1151">
    <p class='ocr_par' dir='ltr' id='par_1_13' title="bbox 323 1076 1888 1151">
     <span class='ocr_line' id='line_1_13' title="bbox 323 1076 1888 1151; baseline -0.002 -17"><span class='ocrx_word' id='word_1_98' title='bbox 323 1081 598 1144; x_wconf 81' lang='grc' dir='ltr'>Ἰουδαίοις</span> <span class='ocrx_word' id='word_1_99' title='bbox 633 1081 729 1151; x_wconf 86' lang='grc' dir='ltr'><strong>μὲν</strong></span> <span class='ocrx_word' id='word_1_100' title='bbox 761 1078 1075 1142; x_wconf 81' lang='grc' dir='ltr'>σκάνδαλον,</span> <span class='ocrx_word' id='word_1_101' title='bbox 1116 1076 1294 1130; x_wconf 74' lang='grc' dir='ltr'>ἔθνεσι</span> <span class='ocrx_word' id='word_1_102' title='bbox 1320 1077 1378 1130; x_wconf 82' lang='grc' dir='ltr'>δὲ</span> <span class='ocrx_word' id='word_1_103' title='bbox 1422 1079 1665 1148; x_wconf 90' lang='grc' dir='ltr'>μωρίαν·</span> <span class='ocrx_word' id='word_1_104' title='bbox 1707 1079 1787 1131; x_wconf 86' lang='grc' dir='ltr'>ὃτι</span> <span class='ocrx_word' id='word_1_105' title='bbox 1827 1079 1888 1131; x_wconf 91' lang='grc' dir='ltr'><strong>τὸ</strong></span> 
     </span>
    </p>
   </div>
   <div class='ocr_carea' id='block_1_14' title="bbox 314 1167 1886 1244">
    <p class='ocr_par' dir='ltr' id='par_1_14' title="bbox 314 1167 1886 1244">
     <span class='ocr_line' id='line_1_14' title="bbox 314 1167 1886 1244; baseline -0.001 -20"><span class='ocrx_word' id='word_1_106' title='bbox 314 1171 494 1244; x_wconf 87' lang='grc' dir='ltr'>μωρὸν</span> <span class='ocrx_word' id='word_1_107' title='bbox 522 1170 616 1223; x_wconf 90' lang='grc' dir='ltr'><strong>τοῦ</strong></span> <span class='ocrx_word' id='word_1_108' title='bbox 649 1169 782 1223; x_wconf 84' lang='grc' dir='ltr'>Θεοῦ</span> <span class='ocrx_word' id='word_1_109' title='bbox 824 1167 1128 1239; x_wconf 81' lang='grc' dir='ltr'>σοφώτερον</span> <span class='ocrx_word' id='word_1_110' title='bbox 1155 1167 1262 1221; x_wconf 86' lang='grc' dir='ltr'><strong>τῶν</strong></span> <span class='ocrx_word' id='word_1_111' title='bbox 1290 1167 1590 1240; x_wconf 85' lang='grc' dir='ltr'>ἀνθρώπων</span> <span class='ocrx_word' id='word_1_112' title='bbox 1623 1169 1758 1234; x_wconf 74' lang='grc' dir='ltr'>ἐστὶ,</span> <span class='ocrx_word' id='word_1_113' title='bbox 1793 1170 1886 1222; x_wconf 78' lang='grc' dir='ltr'><strong>καὶ</strong></span> 
     </span>
    </p>
   </div>
   <div class='ocr_carea' id='block_1_15' title="bbox 306 1260 1878 1333">
    <p class='ocr_par' dir='ltr' id='par_1_15' title="bbox 306 1260 1878 1333">
     <span class='ocr_line' id='line_1_15' title="bbox 306 1260 1878 1333; baseline -0.001 -16"><span class='ocrx_word' id='word_1_114' title='bbox 306 1265 366 1317; x_wconf 87' lang='grc' dir='ltr'><strong>τὸ</strong></span> <span class='ocrx_word' id='word_1_115' title='bbox 397 1263 623 1327; x_wconf 78' lang='grc' dir='ltr'>ἀσθενὲς</span> <span class='ocrx_word' id='word_1_116' title='bbox 655 1263 748 1316; x_wconf 88' lang='grc' dir='ltr'><strong>τοῦ</strong></span> <span class='ocrx_word' id='word_1_117' title='bbox 773 1261 909 1315; x_wconf 84' lang='grc' dir='ltr'>Θεοῦ</span> <span class='ocrx_word' id='word_1_118' title='bbox 944 1260 1296 1333; x_wconf 70' lang='grc' dir='ltr'>ἰσχυρότερον</span> <span class='ocrx_word' id='word_1_119' title='bbox 1343 1261 1450 1314; x_wconf 81' lang='grc' dir='ltr'><strong>τῶν</strong></span> <span class='ocrx_word' id='word_1_120' title='bbox 1493 1260 1794 1332; x_wconf 86' lang='grc' dir='ltr'>ἀνθρώπων</span> <span class='ocrx_word' id='word_1_121' title='bbox 1815 1278 1828 1292; x_wconf 73' lang='grc' dir='ltr'><strong>ο</strong></span> <span class='ocrx_word' id='word_1_122' title='bbox 1858 1283 1878 1315; x_wconf 72' lang='grc' dir='ltr'><strong>ι</strong></span> 
     </span>
    </p>
   </div>
   <div class='ocr_carea' id='block_1_16' title="bbox 303 1354 1882 1426">
    <p class='ocr_par' dir='ltr' id='par_1_16' title="bbox 303 1354 1882 1426">
     <span class='ocr_line' id='line_1_16' title="bbox 303 1354 1882 1426; baseline -0.001 -17"><span class='ocrx_word' id='word_1_123' title='bbox 303 1355 446 1410; x_wconf 78' lang='grc' dir='ltr'>οὕτω</span> <span class='ocrx_word' id='word_1_124' title='bbox 487 1357 580 1410; x_wconf 83' lang='grc' dir='ltr'>καὶ</span> <span class='ocrx_word' id='word_1_125' title='bbox 619 1355 714 1410; x_wconf 89' lang='grc' dir='ltr'><strong>νῦν</strong></span> <span class='ocrx_word' id='word_1_126' title='bbox 754 1357 854 1409; x_wconf 75' lang='grc' dir='ltr'><strong>οὐκ</strong></span> <span class='ocrx_word' id='word_1_127' title='bbox 894 1355 960 1410; x_wconf 86' lang='grc' dir='ltr'><strong>ἂν</strong></span> <span class='ocrx_word' id='word_1_128' title='bbox 1005 1355 1271 1426; x_wconf 83' lang='grc' dir='ltr'>ἁμάρτοις</span> <span class='ocrx_word' id='word_1_129' title='bbox 1304 1355 1402 1425; x_wconf 81' lang='grc' dir='ltr'>τὴν</span> <span class='ocrx_word' id='word_1_130' title='bbox 1457 1354 1687 1408; x_wconf 79' lang='grc' dir='ltr'>ἐνταῦθα</span> <span class='ocrx_word' id='word_1_131' title='bbox 1727 1354 1882 1424; x_wconf 90' lang='grc' dir='ltr'>λεγο-</span> 
     </span>
    </p>
   </div>
   <div class='ocr_carea' id='block_1_17' title="bbox 305 1447 1886 1522">
    <p class='ocr_par' dir='ltr' id='par_1_17' title="bbox 305 1447 1886 1522">
     <span class='ocr_line' id='line_1_17' title="bbox 305 1447 1886 1522; baseline -0.001 -20"><span class='ocrx_word' id='word_1_132' title='bbox 305 1449 476 1522; x_wconf 81' lang='grc' dir='ltr'>μένην</span> <span class='ocrx_word' id='word_1_133' title='bbox 526 1450 836 1520; x_wconf 79' lang='grc' dir='ltr'>ἀφροσύνην</span> <span class='ocrx_word' id='word_1_134' title='bbox 885 1447 1284 1521; x_wconf 80' lang='grc' dir='ltr'>παραπλησίως</span> <span class='ocrx_word' id='word_1_135' title='bbox 1329 1448 1527 1518; x_wconf 88' lang='grc' dir='ltr'>νοήσας</span> <span class='ocrx_word' id='word_1_136' title='bbox 1572 1450 1637 1518; x_wconf 81' lang='grc' dir='ltr'>τῇ</span> <span class='ocrx_word' id='word_1_137' title='bbox 1687 1448 1886 1519; x_wconf 84' lang='grc' dir='ltr'>ὀνομα-</span> 
     </span>
    </p>
   </div>
   <div class='ocr_carea' id='block_1_18' title="bbox 301 1539 1883 1613">
    <p class='ocr_par' dir='ltr' id='par_1_18' title="bbox 301 1539 1883 1613">
     <span class='ocr_line' id='line_1_18' title="bbox 301 1539 1883 1613; baseline -0.001 -20"><span class='ocrx_word' id='word_1_138' title='bbox 301 1541 489 1612; x_wconf 77' lang='grc' dir='ltr'>σθείσῃ</span> <span class='ocrx_word' id='word_1_139' title='bbox 517 1541 669 1613; x_wconf 85' lang='grc' dir='ltr'><strong>παρά</strong></span> <span class='ocrx_word' id='word_1_140' title='bbox 696 1541 771 1612; x_wconf 83' lang='grc' dir='ltr'>τῷ</span> <span class='ocrx_word' id='word_1_141' title='bbox 808 1541 1116 1611; x_wconf 82' lang='grc' dir='ltr'>Ἀποστόλῳ</span> <span class='ocrx_word' id='word_1_142' title='bbox 1149 1539 1346 1612; x_wconf 80' lang='grc' dir='ltr'>μωρίᾳ.</span> <span class='ocrx_word' id='word_1_143' title='bbox 1387 1539 1545 1592; x_wconf 87' lang='grc' dir='ltr'>Ἀλλά</span> <span class='ocrx_word' id='word_1_144' title='bbox 1575 1540 1668 1593; x_wconf 78' lang='grc' dir='ltr'><strong>καὶ</strong></span> <span class='ocrx_word' id='word_1_145' title='bbox 1696 1539 1883 1611; x_wconf 81' lang='grc' dir='ltr'>ὥσπερ</span> 
     </span>
    </p>
   </div>
   <div class='ocr_carea' id='block_1_19' title="bbox 298 1631 1881 1705">
    <p class='ocr_par' dir='ltr' id='par_1_19' title="bbox 298 1631 1881 1705">
     <span class='ocr_line' id='line_1_19' title="bbox 298 1631 1881 1705; baseline -0.001 -18"><span class='ocrx_word' id='word_1_146' title='bbox 298 1633 448 1703; x_wconf 77' lang='grc' dir='ltr'>ἔγνω</span> <span class='ocrx_word' id='word_1_147' title='bbox 479 1633 684 1705; x_wconf 81' lang='grc' dir='ltr'>Κύριος</span> <span class='ocrx_word' id='word_1_148' title='bbox 730 1635 860 1696; x_wconf 79' lang='grc' dir='ltr'>τοὺς</span> <span class='ocrx_word' id='word_1_149' title='bbox 904 1633 1063 1696; x_wconf 73' lang='grc' dir='ltr'>ὄντας</span> <span class='ocrx_word' id='word_1_150' title='bbox 1107 1631 1306 1696; x_wconf 81' lang='grc' dir='ltr'>αὐτοῦ,</span> <span class='ocrx_word' id='word_1_151' title='bbox 1346 1632 1574 1704; x_wconf 79' lang='grc' dir='ltr'>ἐπείπερ</span> <span class='ocrx_word' id='word_1_152' title='bbox 1615 1632 1881 1704; x_wconf 83' lang='grc' dir='ltr'>ὲξαίρετοί</span> 
     </span>
    </p>
   </div>
   <div class='ocr_carea' id='block_1_20' title="bbox 295 1724 1874 1796">
    <p class='ocr_par' dir='ltr' id='par_1_20' title="bbox 295 1724 1874 1796">
     <span class='ocr_line' id='line_1_20' title="bbox 295 1724 1874 1796; baseline 0 -18"><span class='ocrx_word' id='word_1_153' title='bbox 295 1725 446 1788; x_wconf 82' lang='grc' dir='ltr'>τινές</span> <span class='ocrx_word' id='word_1_154' title='bbox 486 1726 625 1779; x_wconf 77' lang='grc' dir='ltr'>εἰσιν</span> <span class='ocrx_word' id='word_1_155' title='bbox 653 1727 702 1779; x_wconf 79' lang='grc' dir='ltr'>οἱ</span> <span class='ocrx_word' id='word_1_156' title='bbox 735 1727 836 1796; x_wconf 82' lang='grc' dir='ltr'><strong>τῆς</strong></span> <span class='ocrx_word' id='word_1_157' title='bbox 867 1725 960 1778; x_wconf 91' lang='grc' dir='ltr'><strong>τοῦ</strong></span> <span class='ocrx_word' id='word_1_158' title='bbox 986 1725 1120 1780; x_wconf 88' lang='grc' dir='ltr'>Θεοῦ</span> <span class='ocrx_word' id='word_1_159' title='bbox 1162 1725 1413 1795; x_wconf 90' lang='grc' dir='ltr'>γνώσεως</span> <span class='ocrx_word' id='word_1_160' title='bbox 1451 1724 1874 1796; x_wconf 83' lang='grc' dir='ltr'>κατηξιωμένοι·</span> 
     </span>
    </p>
   </div>
   <div class='ocr_carea' id='block_1_21' title="bbox 293 1815 1878 1890">
    <p class='ocr_par' dir='ltr' id='par_1_21' title="bbox 293 1815 1878 1890">
     <span class='ocr_line' id='line_1_21' title="bbox 293 1815 1878 1890; baseline -0.001 -19"><span class='ocrx_word' id='word_1_161' title='bbox 293 1817 474 1880; x_wconf 76' lang='grc' dir='ltr'>οὕτως</span> <span class='ocrx_word' id='word_1_162' title='bbox 501 1819 658 1888; x_wconf 78' lang='grc' dir='ltr'>καὶὴ</span> <span class='ocrx_word' id='word_1_163' title='bbox 707 1817 942 1872; x_wconf 70' lang='grc' dir='ltr'>ἐνταῦθα</span> <span class='ocrx_word' id='word_1_164' title='bbox 988 1817 1288 1890; x_wconf 79' lang='grc' dir='ltr'>ἀφροσύνη,</span> <span class='ocrx_word' id='word_1_165' title='bbox 1324 1815 1447 1880; x_wconf 80' lang='grc' dir='ltr'>ἀξία</span> <span class='ocrx_word' id='word_1_166' title='bbox 1487 1817 1584 1886; x_wconf 80' lang='grc' dir='ltr'>τῆς</span> <span class='ocrx_word' id='word_1_167' title='bbox 1625 1815 1878 1885; x_wconf 85' lang='grc' dir='ltr'>γνώσεως</span> 
     </span>
    </p>
   </div>
   <div class='ocr_carea' id='block_1_22' title="bbox 291 1903 1876 1978">
    <p class='ocr_par' dir='ltr' id='par_1_22' title="bbox 291 1903 1876 1978">
     <span class='ocr_line' id='line_1_22' title="bbox 291 1903 1876 1978; baseline -0.001 -18"><span class='ocrx_word' id='word_1_168' title='bbox 291 1907 642 1978; x_wconf 83' lang='grc' dir='ltr'>τυγχάνουσα</span> <span class='ocrx_word' id='word_1_169' title='bbox 686 1909 782 1961; x_wconf 88' lang='grc' dir='ltr'><strong>τοῦ</strong></span> <span class='ocrx_word' id='word_1_170' title='bbox 831 1907 984 1972; x_wconf 87' lang='grc' dir='ltr'>Θεοῦ,</span> <span class='ocrx_word' id='word_1_171' title='bbox 1039 1909 1210 1978; x_wconf 84' lang='grc' dir='ltr'>μέγαν</span> <span class='ocrx_word' id='word_1_172' title='bbox 1253 1907 1372 1961; x_wconf 79' lang='grc' dir='ltr'>τινὰ</span> <span class='ocrx_word' id='word_1_173' title='bbox 1409 1906 1502 1960; x_wconf 77' lang='grc' dir='ltr'><strong>καὶ</strong></span> <span class='ocrx_word' id='word_1_174' title='bbox 1550 1905 1717 1977; x_wconf 83' lang='grc' dir='ltr'>βαθὺν</span> <span class='ocrx_word' id='word_1_175' title='bbox 1763 1903 1876 1978; x_wconf 79' lang='grc' dir='ltr'>εἶχε</span> 
     </span>
    </p>
   </div>
   <div class='ocr_carea' id='block_1_23' title="bbox 293 1997 1878 2070">
    <p class='ocr_par' dir='ltr' id='par_1_23' title="bbox 293 1997 1878 2070">
     <span class='ocr_line' id='line_1_23' title="bbox 293 1997 1878 2070; baseline 0.002 -21"><span class='ocrx_word' id='word_1_176' title='bbox 293 1997 476 2068; x_wconf 83' lang='grc' dir='ltr'>λόγον.</span> <span class='ocrx_word' id='word_1_177' title='bbox 523 1999 598 2052; x_wconf 79' lang='grc' dir='ltr'>Οὐ</span> <span class='ocrx_word' id='word_1_178' title='bbox 639 1998 749 2069; x_wconf 90' lang='grc' dir='ltr'><strong>γάρ</strong></span> <span class='ocrx_word' id='word_1_179' title='bbox 805 1998 957 2069; x_wconf 85' lang='grc' dir='ltr'><strong>παρά</strong></span> <span class='ocrx_word' id='word_1_180' title='bbox 1004 1998 1099 2070; x_wconf 78' lang='grc' dir='ltr'><strong>τὴν</strong></span> <span class='ocrx_word' id='word_1_181' title='bbox 1155 1998 1251 2070; x_wconf 76' lang='grc' dir='ltr'><strong>σὴν</strong></span> <span class='ocrx_word' id='word_1_182' title='bbox 1298 1997 1511 2068; x_wconf 82' lang='grc' dir='ltr'>βουλὴν,</span> <span class='ocrx_word' id='word_1_183' title='bbox 1558 1999 1680 2052; x_wconf 72' lang='grc' dir='ltr'>οὐδὲ</span> <span class='ocrx_word' id='word_1_184' title='bbox 1728 1999 1878 2070; x_wconf 83' lang='grc' dir='ltr'><strong>παρά</strong></span> 
     </span>
    </p>
   </div>
   <div class='ocr_carea' id='block_1_24' title="bbox 289 2090 1873 2163">
    <p class='ocr_par' dir='ltr' id='par_1_24' title="bbox 289 2090 1873 2163">
     <span class='ocr_line' id='line_1_24' title="bbox 289 2090 1873 2163; baseline 0.003 -21"><span class='ocrx_word' id='word_1_185' title='bbox 289 2090 395 2161; x_wconf 80' lang='grc' dir='ltr'>τὴν</span> <span class='ocrx_word' id='word_1_186' title='bbox 451 2090 548 2162; x_wconf 79' lang='grc' dir='ltr'>σὴν</span> <span class='ocrx_word' id='word_1_187' title='bbox 577 2090 776 2159; x_wconf 84' lang='grc' dir='ltr'>γνῶσιν</span> <span class='ocrx_word' id='word_1_188' title='bbox 821 2090 1054 2160; x_wconf 79' lang='grc' dir='ltr'>ἐγένετο,</span> <span class='ocrx_word' id='word_1_189' title='bbox 1109 2090 1294 2162; x_wconf 80' lang='grc' dir='ltr'>φησὶν,</span> <span class='ocrx_word' id='word_1_190' title='bbox 1340 2093 1373 2161; x_wconf 86' lang='grc' dir='ltr'>ή</span> <span class='ocrx_word' id='word_1_191' title='bbox 1423 2091 1703 2162; x_wconf 88' lang='grc' dir='ltr'>ἀφροσύνη</span> <span class='ocrx_word' id='word_1_192' title='bbox 1750 2109 1873 2163; x_wconf 89' lang='grc' dir='ltr'>μου.</span> 
     </span>
    </p>
   </div>
   <div class='ocr_carea' id='block_1_25' title="bbox 290 2180 1874 2254">
    <p class='ocr_par' dir='ltr' id='par_1_25' title="bbox 290 2180 1874 2254">
     <span class='ocr_line' id='line_1_25' title="bbox 290 2180 1874 2254; baseline 0.011 -20"><span class='ocrx_word' id='word_1_193' title='bbox 290 2180 438 2236; x_wconf 88' lang='grc' dir='ltr'>Ποία</span> <span class='ocrx_word' id='word_1_194' title='bbox 486 2181 543 2234; x_wconf 86' lang='grc' dir='ltr'>δὲ</span> <span class='ocrx_word' id='word_1_195' title='bbox 593 2181 730 2253; x_wconf 76' lang='grc' dir='ltr'>αὕτη</span> <span class='ocrx_word' id='word_1_196' title='bbox 779 2183 830 2235; x_wconf 84' lang='grc' dir='ltr'><strong>εί</strong></span> <span class='ocrx_word' id='word_1_197' title='bbox 887 2183 960 2253; x_wconf 84' lang='grc' dir='ltr'>μὴ</span> <span class='ocrx_word' id='word_1_198' title='bbox 1007 2180 1414 2254; x_wconf 71' lang='grc' dir='ltr'>ιιι-νομιζομένη</span> <span class='ocrx_word' id='word_1_199' title='bbox 1480 2186 1592 2248; x_wconf 82' lang='grc' dir='ltr'>τοῖς</span> <span class='ocrx_word' id='word_1_200' title='bbox 1633 2182 1874 2252; x_wconf 76' lang='grc' dir='ltr'>πολλοῖςὶ</span> 
     </span>
    </p>
   </div>
   <div class='ocr_carea' id='block_1_26' title="bbox 297 2270 1878 2346">
    <p class='ocr_par' dir='ltr' id='par_1_26' title="bbox 297 2270 1878 2346">
     <span class='ocr_line' id='line_1_26' title="bbox 297 2270 1878 2346; baseline 0.004 -23"><span class='ocrx_word' id='word_1_201' title='bbox 297 2270 394 2335; x_wconf 83' lang='grc' dir='ltr'>Ὠς</span> <span class='ocrx_word' id='word_1_202' title='bbox 438 2272 546 2343; x_wconf 79' lang='grc' dir='ltr'>γὰρ</span> <span class='ocrx_word' id='word_1_203' title='bbox 588 2272 620 2343; x_wconf 81' lang='grc' dir='ltr'>ὴ</span> <span class='ocrx_word' id='word_1_204' title='bbox 661 2271 839 2344; x_wconf 86' lang='grc' dir='ltr'>μωρία</span> <span class='ocrx_word' id='word_1_205' title='bbox 871 2272 1123 2344; x_wconf 84' lang='grc' dir='ltr'>Ἕλλησιν</span> <span class='ocrx_word' id='word_1_206' title='bbox 1177 2273 1454 2344; x_wconf 72' lang='grc' dir='ltr'>ἐνομίζετο</span> <span class='ocrx_word' id='word_1_207' title='bbox 1501 2274 1702 2346; x_wconf 88' lang='grc' dir='ltr'>μωρία,</span> <span class='ocrx_word' id='word_1_208' title='bbox 1737 2275 1878 2330; x_wconf 90' lang='grc' dir='ltr'><strong>κατά</strong></span> 
     </span>
    </p>
   </div>
   <div class='ocr_carea' id='block_1_27' title="bbox 288 2359 1878 2438">
    <p class='ocr_par' dir='ltr' id='par_1_27' title="bbox 288 2359 1878 2438">
     <span class='ocr_line' id='line_1_27' title="bbox 288 2359 1878 2438; baseline 0.004 -26"><span class='ocrx_word' id='word_1_209' title='bbox 288 2359 486 2431; x_wconf 79' lang='grc' dir='ltr'>βαθεῖς</span> <span class='ocrx_word' id='word_1_210' title='bbox 543 2361 600 2414; x_wconf 88' lang='grc' dir='ltr'>δὲ</span> <span class='ocrx_word' id='word_1_211' title='bbox 645 2360 836 2430; x_wconf 79' lang='grc' dir='ltr'>λόγους</span> <span class='ocrx_word' id='word_1_212' title='bbox 887 2362 1024 2416; x_wconf 82' lang='grc' dir='ltr'>Θεοῦ</span> <span class='ocrx_word' id='word_1_213' title='bbox 1088 2362 1487 2417; x_wconf 73' lang='grc' dir='ltr'>συνεστελεῖτοο</span> <span class='ocrx_word' id='word_1_214' title='bbox 1550 2365 1645 2419; x_wconf 78' lang='grc' dir='ltr'><strong>καὶ</strong></span> <span class='ocrx_word' id='word_1_215' title='bbox 1697 2361 1764 2438; x_wconf 81' lang='grc' dir='ltr'>ἦν</span> <span class='ocrx_word' id='word_1_216' title='bbox 1817 2365 1878 2420; x_wconf 91' lang='grc' dir='ltr'><strong>τὸ</strong></span> 
     </span>
    </p>
   </div>
   <div class='ocr_carea' id='block_1_28' title="bbox 282 2453 1876 2530">
    <p class='ocr_par' dir='ltr' id='par_1_28' title="bbox 282 2453 1876 2530">
     <span class='ocr_line' id='line_1_28' title="bbox 282 2453 1876 2530; baseline 0.004 -25"><span class='ocrx_word' id='word_1_217' title='bbox 282 2453 425 2525; x_wconf 84' lang='grc' dir='ltr'>παρ’</span> <span class='ocrx_word' id='word_1_218' title='bbox 455 2453 763 2525; x_wconf 86' lang='grc' dir='ltr'>ἀνθρώποις</span> <span class='ocrx_word' id='word_1_219' title='bbox 802 2455 985 2526; x_wconf 89' lang='grc' dir='ltr'>μωρὸν</span> <span class='ocrx_word' id='word_1_220' title='bbox 1031 2455 1384 2527; x_wconf 79' lang='grc' dir='ltr'>νομιζόμενον</span> <span class='ocrx_word' id='word_1_221' title='bbox 1433 2455 1738 2530; x_wconf 76' lang='grc' dir='ltr'>σοφώτερον</span> <span class='ocrx_word' id='word_1_222' title='bbox 1769 2457 1876 2512; x_wconf 86' lang='grc' dir='ltr'><strong>τῶν</strong></span> 
     </span>
    </p>
   </div>
   <div class='ocr_carea' id='block_1_29' title="bbox 281 2545 1875 2622">
    <p class='ocr_par' dir='ltr' id='par_1_29' title="bbox 281 2545 1875 2622">
     <span class='ocr_line' id='line_1_29' title="bbox 281 2545 1875 2622; baseline 0.003 -23"><span class='ocrx_word' id='word_1_223' title='bbox 281 2545 633 2618; x_wconf 83' lang='grc' dir='ltr'>ἀνθρώπων·</span> <span class='ocrx_word' id='word_1_224' title='bbox 677 2547 946 2618; x_wconf 84' lang='grc' dir='ltr'>ηὑδόκησε</span> <span class='ocrx_word' id='word_1_225' title='bbox 995 2547 1104 2620; x_wconf 83' lang='grc' dir='ltr'><strong>γάρ</strong></span> <span class='ocrx_word' id='word_1_226' title='bbox 1151 2549 1179 2601; x_wconf 92' lang='lat'><strong>6</strong></span> <span class='ocrx_word' id='word_1_227' title='bbox 1223 2547 1358 2612; x_wconf 89' lang='grc' dir='ltr'>Θεὸς</span> <span class='ocrx_word' id='word_1_228' title='bbox 1400 2547 1488 2603; x_wconf 83' lang='grc' dir='ltr'>διὰ</span> <span class='ocrx_word' id='word_1_229' title='bbox 1533 2549 1632 2621; x_wconf 82' lang='grc' dir='ltr'>τῆς</span> <span class='ocrx_word' id='word_1_230' title='bbox 1665 2550 1875 2622; x_wconf 85' lang='grc' dir='ltr'>μωρίας</span> 
     </span>
    </p>
   </div>
   <div class='ocr_carea' id='block_1_30' title="bbox 277 2637 1874 2711">
    <p class='ocr_par' dir='ltr' id='par_1_30' title="bbox 277 2637 1874 2711">
     <span class='ocr_line' id='line_1_30' title="bbox 277 2637 1874 2711; baseline 0.003 -18"><span class='ocrx_word' id='word_1_231' title='bbox 277 2637 378 2693; x_wconf 89' lang='grc' dir='ltr'><strong>τοῦ</strong></span> <span class='ocrx_word' id='word_1_232' title='bbox 413 2639 770 2711; x_wconf 79' lang='grc' dir='ltr'>κηρύγματος</span> <span class='ocrx_word' id='word_1_233' title='bbox 797 2640 968 2693; x_wconf 85' lang='grc' dir='ltr'>σῶσαι</span> <span class='ocrx_word' id='word_1_234' title='bbox 1011 2641 1136 2704; x_wconf 85' lang='grc' dir='ltr'>τοὺς</span> <span class='ocrx_word' id='word_1_235' title='bbox 1172 2639 1544 2705; x_wconf 81' lang='grc' dir='ltr'><strong>πιστεύοντας⁹</strong></span> <span class='ocrx_word' id='word_1_236' title='bbox 1577 2641 1748 2706; x_wconf 78' lang='grc' dir='ltr'>οὕτως</span> <span class='ocrx_word' id='word_1_237' title='bbox 1781 2644 1874 2697; x_wconf 74' lang='grc' dir='ltr'><strong>καὶ</strong></span> 
     </span>
    </p>
   </div>
   <div class='ocr_carea' id='block_1_31' title="bbox 278 2729 1874 2803">
    <p class='ocr_par' dir='ltr' id='par_1_31' title="bbox 278 2729 1874 2803">
     <span class='ocr_line' id='line_1_31' title="bbox 278 2729 1874 2803; baseline 0.003 -20"><span class='ocrx_word' id='word_1_238' title='bbox 278 2731 313 2800; x_wconf 85' lang='grc' dir='ltr'>ἡ</span> <span class='ocrx_word' id='word_1_239' title='bbox 347 2729 674 2801; x_wconf 81' lang='grc' dir='ltr'>ἀφροσύνη,</span> <span class='ocrx_word' id='word_1_240' title='bbox 714 2732 779 2802; x_wconf 86' lang='grc' dir='ltr'>ἢν</span> <span class='ocrx_word' id='word_1_241' title='bbox 825 2731 892 2784; x_wconf 89' lang='grc' dir='ltr'>δι’</span> <span class='ocrx_word' id='word_1_242' title='bbox 940 2732 1088 2802; x_wconf 83' lang='grc' dir='ltr'>ἡμᾶς</span> <span class='ocrx_word' id='word_1_243' title='bbox 1131 2731 1338 2803; x_wconf 77' lang='grc' dir='ltr'>ὑπῆλθε</span> <span class='ocrx_word' id='word_1_244' title='bbox 1393 2731 1637 2797; x_wconf 84' lang='grc' dir='ltr'>κενώσας</span> <span class='ocrx_word' id='word_1_245' title='bbox 1683 2733 1874 2788; x_wconf 78' lang='grc' dir='ltr'>ἑαυτὸν</span> 
     </span>
    </p>
   </div>
   <div class='ocr_carea' id='block_1_32' title="bbox 276 2822 1873 2898">
    <p class='ocr_par' dir='ltr' id='par_1_32' title="bbox 276 2822 1873 2898">
     <span class='ocr_line' id='line_1_32' title="bbox 276 2822 1873 2898; baseline 0.001 -21"><span class='ocrx_word' id='word_1_246' title='bbox 276 2823 377 2878; x_wconf 80' lang='grc' dir='ltr'><strong>καὶ</strong></span> <span class='ocrx_word' id='word_1_247' title='bbox 431 2822 648 2894; x_wconf 81' lang='grc' dir='ltr'>μορφὴν</span> <span class='ocrx_word' id='word_1_248' title='bbox 675 2822 861 2876; x_wconf 85' lang='grc' dir='ltr'>δούλου</span> <span class='ocrx_word' id='word_1_249' title='bbox 905 2823 1084 2878; x_wconf 75' lang='grc' dir='ltr'>λαϐὼν</span> <span class='ocrx_word' id='word_1_250' title='bbox 1111 2825 1204 2876; x_wconf 76' lang='grc' dir='ltr'><strong>καὶ</strong></span> <span class='ocrx_word' id='word_1_251' title='bbox 1243 2825 1436 2898; x_wconf 81' lang='grc' dir='ltr'>μέχρις</span> <span class='ocrx_word' id='word_1_252' title='bbox 1467 2825 1696 2879; x_wconf 80' lang='grc' dir='ltr'>θανάτου</span> <span class='ocrx_word' id='word_1_253' title='bbox 1730 2843 1873 2898; x_wconf 85' lang='grc' dir='ltr'>παρ-</span> 
     </span>
    </p>
   </div>
   <div class='ocr_carea' id='block_1_33' title="bbox 275 2915 1870 2992">
    <p class='ocr_par' dir='ltr' id='par_1_33' title="bbox 275 2915 1870 2992">
     <span class='ocr_line' id='line_1_33' title="bbox 275 2915 1870 2992; baseline 0.003 -22"><span class='ocrx_word' id='word_1_254' title='bbox 275 2915 482 2981; x_wconf 81' lang='grc' dir='ltr'>ελθὼν,</span> <span class='ocrx_word' id='word_1_255' title='bbox 551 2917 833 2988; x_wconf 82' lang='grc' dir='ltr'>σοφωτέρα</span> <span class='ocrx_word' id='word_1_256' title='bbox 878 2917 976 2986; x_wconf 82' lang='grc' dir='ltr'>τῆς</span> <span class='ocrx_word' id='word_1_257' title='bbox 1024 2916 1132 2970; x_wconf 85' lang='grc' dir='ltr'><strong>τῶν</strong></span> <span class='ocrx_word' id='word_1_258' title='bbox 1185 2917 1484 2990; x_wconf 87' lang='grc' dir='ltr'>ἀνθρώπων</span> <span class='ocrx_word' id='word_1_259' title='bbox 1549 2919 1740 2988; x_wconf 85' lang='grc' dir='ltr'>σοφίας</span> <span class='ocrx_word' id='word_1_260' title='bbox 1781 2916 1870 2992; x_wconf 82' lang='grc' dir='ltr'><strong>ἦν.</strong></span> 
     </span>
    </p>
   </div>
   <div class='ocr_carea' id='block_1_34' title="bbox 286 3008 1869 3084">
    <p class='ocr_par' dir='ltr' id='par_1_34' title="bbox 286 3008 1869 3084">
     <span class='ocr_line' id='line_1_34' title="bbox 286 3008 1869 3084; baseline 0.001 -19"><span class='ocrx_word' id='word_1_261' title='bbox 286 3008 349 3066; x_wconf 82' lang='grc' dir='ltr'><strong>Ὀ</strong></span> <span class='ocrx_word' id='word_1_262' title='bbox 375 3010 543 3079; x_wconf 87' lang='grc' dir='ltr'>λόγος</span> <span class='ocrx_word' id='word_1_263' title='bbox 569 3009 678 3081; x_wconf 83' lang='grc' dir='ltr'><strong>γὰρ</strong></span> <span class='ocrx_word' id='word_1_264' title='bbox 722 3011 751 3063; x_wconf 94' lang='lat'><strong>6</strong></span> <span class='ocrx_word' id='word_1_265' title='bbox 791 3008 884 3062; x_wconf 89' lang='grc' dir='ltr'><strong>τοῦ</strong></span> <span class='ocrx_word' id='word_1_266' title='bbox 920 3009 1154 3082; x_wconf 83' lang='grc' dir='ltr'>σταυροῦ</span> <span class='ocrx_word' id='word_1_267' title='bbox 1187 3014 1298 3074; x_wconf 81' lang='grc' dir='ltr'>τοῖς</span> <span class='ocrx_word' id='word_1_268' title='bbox 1335 3012 1433 3083; x_wconf 80' lang='grc' dir='ltr'><strong>μὲν</strong></span> <span class='ocrx_word' id='word_1_269' title='bbox 1456 3012 1869 3084; x_wconf 82' lang='grc' dir='ltr'>ἀπολλυμένοις,</span> 
     </span>
    </p>
   </div>
   <div class='ocr_carea' id='block_1_35' title="bbox 1991 893 3565 965">
    <p class='ocr_par' dir='ltr' id='par_1_35' title="bbox 1991 893 3565 965">
     <span class='ocr_line' id='line_1_35' title="bbox 1991 893 3565 965; baseline -0.004 -13"><span class='ocrx_word' id='word_1_270' title='bbox 1991 898 2250 965; x_wconf 88' lang='lat' dir='ltr'><strong>culpatim</strong></span> <span class='ocrx_word' id='word_1_271' title='bbox 2281 896 2495 950; x_wconf 85' lang='lat' dir='ltr'><strong>vocavit</strong></span> <span class='ocrx_word' id='word_1_272' title='bbox 2539 897 2730 952; x_wconf 86' lang='lat' dir='ltr'><strong>dicens</strong></span> <span class='ocrx_word' id='word_1_273' title='bbox 2774 915 2786 950; x_wconf 90' lang='lat'>:</span> <span class='ocrx_word' id='word_1_274' title='bbox 2827 916 2844 948; x_wconf 73' lang='grc' dir='ltr'><strong>ι</strong></span> <span class='ocrx_word' id='word_1_275' title='bbox 2881 895 3189 951; x_wconf 77' lang='lat' dir='ltr'><strong>Cruciiixus</strong></span> <span class='ocrx_word' id='word_1_276' title='bbox 3215 906 3384 950; x_wconf 80' lang='lat' dir='ltr'><strong>estex</strong></span> <span class='ocrx_word' id='word_1_277' title='bbox 3416 893 3565 948; x_wconf 82' lang='lat' dir='ltr'><strong>inﬁr-</strong></span> 
     </span>
    </p>
   </div>
   <div class='ocr_carea' id='block_1_36' title="bbox 1990 987 3564 1058">
    <p class='ocr_par' dir='ltr' id='par_1_36' title="bbox 1990 987 3564 1058">
     <span class='ocr_line' id='line_1_36' title="bbox 1990 987 3564 1058; baseline -0.001 -17"><span class='ocrx_word' id='word_1_278' title='bbox 1990 989 2182 1042; x_wconf 89' lang='lat' dir='ltr'><strong>mitate</strong></span> <span class='ocrx_word' id='word_1_279' title='bbox 2207 988 2269 1053; x_wconf 72' lang='grc'><strong>⁸;</strong></span> <span class='ocrx_word' id='word_1_280' title='bbox 2308 1007 2329 1040; x_wconf 70' lang='grc' dir='ltr'><strong>ι</strong></span> <span class='ocrx_word' id='word_1_281' title='bbox 2365 1003 2427 1041; x_wconf 90' lang='lat' dir='ltr'><strong>ac</strong></span> <span class='ocrx_word' id='word_1_282' title='bbox 2475 1004 2734 1043; x_wconf 85' lang='lat' dir='ltr'><strong>rursum:</strong></span> <span class='ocrx_word' id='word_1_283' title='bbox 2774 1007 2791 1039; x_wconf 76' lang='grc' dir='ltr'><strong>ι</strong></span> <span class='ocrx_word' id='word_1_284' title='bbox 2833 987 2944 1043; x_wconf 77' lang='lat' dir='ltr'><strong>Nos</strong></span> <span class='ocrx_word' id='word_1_285' title='bbox 2993 1000 3170 1044; x_wconf 90' lang='lat' dir='ltr'><strong>autem</strong></span> <span class='ocrx_word' id='word_1_286' title='bbox 3208 987 3564 1058; x_wconf 68' lang='lat' dir='ltr'><strong>praedicamus</strong></span> 
     </span>
    </p>
   </div>
   <div class='ocr_carea' id='block_1_37' title="bbox 1988 1073 3560 1148">
    <p class='ocr_par' dir='ltr' id='par_1_37' title="bbox 1988 1073 3560 1148">
     <span class='ocr_line' id='line_1_37' title="bbox 1988 1073 3560 1148; baseline 0.001 -20"><span class='ocrx_word' id='word_1_287' title='bbox 1988 1073 2267 1128; x_wconf 85' lang='lat' dir='ltr'><strong>Christum</strong></span> <span class='ocrx_word' id='word_1_288' title='bbox 2323 1075 2670 1139; x_wconf 73' lang='lat' dir='ltr'><strong>crucifixum,</strong></span> <span class='ocrx_word' id='word_1_289' title='bbox 2701 1075 2906 1132; x_wconf 64' lang='lat' dir='ltr'><strong>Iudaeis</strong></span> <span class='ocrx_word' id='word_1_290' title='bbox 2951 1079 3172 1148; x_wconf 84' lang='lat' dir='ltr'><strong>quidem</strong></span> <span class='ocrx_word' id='word_1_291' title='bbox 3207 1077 3560 1140; x_wconf 84' lang='lat' dir='ltr'><strong>scandalum,</strong></span> 
     </span>
    </p>
   </div>
   <div class='ocr_carea' id='block_1_38' title="bbox 1987 1166 3564 1239">
    <p class='ocr_par' dir='ltr' id='par_1_38' title="bbox 1987 1166 3564 1239">
     <span class='ocr_line' id='line_1_38' title="bbox 1987 1166 3564 1239; baseline 0.001 -20"><span class='ocrx_word' id='word_1_292' title='bbox 1987 1166 2244 1235; x_wconf 78' lang='lat' dir='ltr'><strong>gentibus</strong></span> <span class='ocrx_word' id='word_1_293' title='bbox 2275 1174 2455 1221; x_wconf 90' lang='lat' dir='ltr'><strong>autem</strong></span> <span class='ocrx_word' id='word_1_294' title='bbox 2513 1168 2824 1232; x_wconf 86' lang='lat' dir='ltr'><strong>stultitiam,</strong></span> <span class='ocrx_word' id='word_1_295' title='bbox 2853 1171 2980 1239; x_wconf 89' lang='lat' dir='ltr'><strong>quia</strong></span> <span class='ocrx_word' id='word_1_296' title='bbox 3028 1170 3170 1239; x_wconf 90' lang='lat' dir='ltr'><strong>quod</strong></span> <span class='ocrx_word' id='word_1_297' title='bbox 3217 1169 3445 1223; x_wconf 88' lang='lat' dir='ltr'><strong>stultum</strong></span> <span class='ocrx_word' id='word_1_298' title='bbox 3478 1174 3564 1222; x_wconf 88' lang='lat' dir='ltr'><strong>est</strong></span> 
     </span>
    </p>
   </div>
   <div class='ocr_carea' id='block_1_39' title="bbox 1988 1257 3562 1332">
    <p class='ocr_par' dir='ltr' id='par_1_39' title="bbox 1988 1257 3562 1332">
     <span class='ocr_line' id='line_1_39' title="bbox 1988 1257 3562 1332; baseline 0.002 -23"><span class='ocrx_word' id='word_1_299' title='bbox 1988 1257 2105 1320; x_wconf 85' lang='lat' dir='ltr'><strong>Dei,</strong></span> <span class='ocrx_word' id='word_1_300' title='bbox 2139 1259 2443 1328; x_wconf 89' lang='lat' dir='ltr'><strong>sapientius</strong></span> <span class='ocrx_word' id='word_1_301' title='bbox 2474 1269 2558 1315; x_wconf 91' lang='lat' dir='ltr'><strong>est</strong></span> <span class='ocrx_word' id='word_1_302' title='bbox 2585 1261 2926 1316; x_wconf 88' lang='lat' dir='ltr'><strong>hominibus:</strong></span> <span class='ocrx_word' id='word_1_303' title='bbox 2949 1262 3162 1332; x_wconf 86' lang='lat' dir='ltr'><strong>etquod</strong></span> <span class='ocrx_word' id='word_1_304' title='bbox 3183 1261 3455 1315; x_wconf 76' lang='lat' dir='ltr'><strong>infirmum</strong></span> <span class='ocrx_word' id='word_1_305' title='bbox 3477 1267 3562 1315; x_wconf 84' lang='lat' dir='ltr'><strong>est</strong></span> 
     </span>
    </p>
   </div>
   <div class='ocr_carea' id='block_1_40' title="bbox 1987 1349 3560 1424">
    <p class='ocr_par' dir='ltr' id='par_1_40' title="bbox 1987 1349 3560 1424">
     <span class='ocr_line' id='line_1_40' title="bbox 1987 1349 3560 1424; baseline 0.001 -23"><span class='ocrx_word' id='word_1_306' title='bbox 1987 1349 2104 1412; x_wconf 86' lang='lat' dir='ltr'><strong>Dei,</strong></span> <span class='ocrx_word' id='word_1_307' title='bbox 2132 1350 2327 1405; x_wconf 77' lang='lat' dir='ltr'><strong>fortius</strong></span> <span class='ocrx_word' id='word_1_308' title='bbox 2343 1359 2426 1406; x_wconf 91' lang='lat' dir='ltr'><strong>est</strong></span> <span class='ocrx_word' id='word_1_309' title='bbox 2450 1351 2764 1408; x_wconf 88' lang='lat' dir='ltr'><strong>hominibus</strong></span> <span class='ocrx_word' id='word_1_310' title='bbox 2784 1355 2804 1385; x_wconf 80' lang='grc'><strong><em>⁸</em></strong></span> <span class='ocrx_word' id='word_1_311' title='bbox 2827 1372 2840 1421; x_wconf 91' lang='grc'><strong>;</strong></span> <span class='ocrx_word' id='word_1_312' title='bbox 2869 1375 2884 1404; x_wconf 71' lang='grc' dir='ltr'><strong>ι</strong></span> <span class='ocrx_word' id='word_1_313' title='bbox 2907 1355 2984 1410; x_wconf 91' lang='lat' dir='ltr'><strong>sic</strong></span> <span class='ocrx_word' id='word_1_314' title='bbox 3007 1364 3062 1408; x_wconf 88' lang='lat' dir='ltr'><strong>et</strong></span> <span class='ocrx_word' id='word_1_315' title='bbox 3093 1355 3146 1407; x_wconf 90' lang='lat' dir='ltr'><strong>in</strong></span> <span class='ocrx_word' id='word_1_316' title='bbox 3178 1353 3431 1424; x_wconf 69' lang='lat' dir='ltr'><strong>praasenti</strong></span> <span class='ocrx_word' id='word_1_317' title='bbox 3449 1366 3560 1405; x_wconf 90' lang='lat' dir='ltr'><strong>non</strong></span> 
     </span>
    </p>
   </div>
   <div class='ocr_carea' id='block_1_41' title="bbox 1992 1441 3561 1514">
    <p class='ocr_par' dir='ltr' id='par_1_41' title="bbox 1992 1441 3561 1514">
     <span class='ocr_line' id='line_1_41' title="bbox 1992 1441 3561 1514; baseline 0.002 -19"><span class='ocrx_word' id='word_1_318' title='bbox 1992 1441 2359 1507; x_wconf 85' lang='lat' dir='ltr'><strong>aberraveris,</strong></span> <span class='ocrx_word' id='word_1_319' title='bbox 2393 1444 2440 1498; x_wconf 90' lang='lat' dir='ltr'><strong>si</strong></span> <span class='ocrx_word' id='word_1_320' title='bbox 2476 1445 2847 1514; x_wconf 90' lang='lat' dir='ltr'><strong>insipientiam</strong></span> <span class='ocrx_word' id='word_1_321' title='bbox 2889 1447 2976 1501; x_wconf 89' lang='lat' dir='ltr'><strong>hic</strong></span> <span class='ocrx_word' id='word_1_322' title='bbox 3027 1455 3405 1508; x_wconf 90' lang='lat' dir='ltr'><strong>memoratam,</strong></span> <span class='ocrx_word' id='word_1_323' title='bbox 3443 1443 3561 1512; x_wconf 85' lang='lat' dir='ltr'><strong>pari</strong></span> 
     </span>
    </p>
   </div>
   <div class='ocr_carea' id='block_1_42' title="bbox 1984 1533 3562 1608">
    <p class='ocr_par' dir='ltr' id='par_1_42' title="bbox 1984 1533 3562 1608">
     <span class='ocr_line' id='line_1_42' title="bbox 1984 1533 3562 1608; baseline 0.003 -23"><span class='ocrx_word' id='word_1_324' title='bbox 1984 1533 2196 1588; x_wconf 85' lang='lat' dir='ltr'><strong>ratione</strong></span> <span class='ocrx_word' id='word_1_325' title='bbox 2240 1534 2512 1606; x_wconf 80' lang='lat' dir='ltr'><strong>intelligas</strong></span> <span class='ocrx_word' id='word_1_326' title='bbox 2545 1546 2707 1606; x_wconf 90' lang='lat' dir='ltr'><strong>atque</strong></span> <span class='ocrx_word' id='word_1_327' title='bbox 2755 1538 3045 1592; x_wconf 87' lang='lat' dir='ltr'><strong>stultitiam</strong></span> <span class='ocrx_word' id='word_1_328' title='bbox 3079 1539 3147 1592; x_wconf 91' lang='lat' dir='ltr'><strong>ab</strong></span> <span class='ocrx_word' id='word_1_329' title='bbox 3178 1537 3441 1608; x_wconf 84' lang='lat' dir='ltr'><strong>Apostolo</strong></span> <span class='ocrx_word' id='word_1_330' title='bbox 3475 1533 3562 1590; x_wconf 89' lang='lat' dir='ltr'><strong>di-</strong></span> 
     </span>
    </p>
   </div>
   <div class='ocr_carea' id='block_1_43' title="bbox 1983 1622 3556 1698">
    <p class='ocr_par' dir='ltr' id='par_1_43' title="bbox 1983 1622 3556 1698">
     <span class='ocr_line' id='line_1_43' title="bbox 1983 1622 3556 1698; baseline 0.003 -22"><span class='ocrx_word' id='word_1_331' title='bbox 1983 1630 2148 1676; x_wconf 84' lang='lat' dir='ltr'><strong>ctam.</strong></span> <span class='ocrx_word' id='word_1_332' title='bbox 2177 1622 2282 1677; x_wconf 89' lang='lat' dir='ltr'><strong>Sed</strong></span> <span class='ocrx_word' id='word_1_333' title='bbox 2317 1625 2460 1678; x_wconf 91' lang='lat' dir='ltr'><strong>sicut</strong></span> <span class='ocrx_word' id='word_1_334' title='bbox 2489 1627 2642 1680; x_wconf 75' lang='lat' dir='ltr'><strong>novit</strong></span> <span class='ocrx_word' id='word_1_335' title='bbox 2677 1627 2939 1682; x_wconf 91' lang='lat' dir='ltr'><strong>Dominus</strong></span> <span class='ocrx_word' id='word_1_336' title='bbox 2969 1629 3061 1697; x_wconf 90' lang='lat' dir='ltr'><strong>qui</strong></span> <span class='ocrx_word' id='word_1_337' title='bbox 3092 1638 3219 1683; x_wconf 91' lang='lat' dir='ltr'><strong>sunt</strong></span> <span class='ocrx_word' id='word_1_338' title='bbox 3240 1628 3382 1698; x_wconf 83' lang='lat' dir='ltr'><strong>ejus,</strong></span> <span class='ocrx_word' id='word_1_339' title='bbox 3423 1641 3556 1697; x_wconf 88' lang='lat' dir='ltr'><strong>quo-</strong></span> 
     </span>
    </p>
   </div>
   <div class='ocr_carea' id='block_1_44' title="bbox 1982 1713 3562 1790">
    <p class='ocr_par' dir='ltr' id='par_1_44' title="bbox 1982 1713 3562 1790">
     <span class='ocr_line' id='line_1_44' title="bbox 1982 1713 3562 1790; baseline 0.004 -25"><span class='ocrx_word' id='word_1_340' title='bbox 1982 1713 2130 1766; x_wconf 90' lang='lat' dir='ltr'><strong>niam</strong></span> <span class='ocrx_word' id='word_1_341' title='bbox 2155 1714 2376 1784; x_wconf 88' lang='lat' dir='ltr'><strong>quidam</strong></span> <span class='ocrx_word' id='word_1_342' title='bbox 2405 1716 2591 1771; x_wconf 88' lang='lat' dir='ltr'><strong>selecti</strong></span> <span class='ocrx_word' id='word_1_343' title='bbox 2617 1717 2866 1774; x_wconf 87' lang='lat' dir='ltr'><strong>homines</strong></span> <span class='ocrx_word' id='word_1_344' title='bbox 2893 1728 3020 1774; x_wconf 90' lang='lat' dir='ltr'><strong>sunt</strong></span> <span class='ocrx_word' id='word_1_345' title='bbox 3039 1719 3133 1774; x_wconf 91' lang='lat' dir='ltr'><strong>Dei</strong></span> <span class='ocrx_word' id='word_1_346' title='bbox 3152 1720 3463 1790; x_wconf 81' lang='lat' dir='ltr'><strong>cognitione</strong></span> <span class='ocrx_word' id='word_1_347' title='bbox 3483 1717 3562 1772; x_wconf 85' lang='lat' dir='ltr'><strong>di-</strong></span> 
     </span>
    </p>
   </div>
   <div class='ocr_carea' id='block_1_45' title="bbox 1981 1805 3560 1882">
    <p class='ocr_par' dir='ltr' id='par_1_45' title="bbox 1981 1805 3560 1882">
     <span class='ocr_line' id='line_1_45' title="bbox 1981 1805 3560 1882; baseline 0.005 -26"><span class='ocrx_word' id='word_1_348' title='bbox 1981 1805 2152 1873; x_wconf 82' lang='lat' dir='ltr'><strong>gnati,</strong></span> <span class='ocrx_word' id='word_1_349' title='bbox 2204 1806 2275 1859; x_wconf 90' lang='lat' dir='ltr'><strong>ita</strong></span> <span class='ocrx_word' id='word_1_350' title='bbox 2323 1805 2426 1860; x_wconf 90' lang='lat' dir='ltr'><strong>hoc</strong></span> <span class='ocrx_word' id='word_1_351' title='bbox 2480 1807 2601 1862; x_wconf 90' lang='lat' dir='ltr'><strong>loco</strong></span> <span class='ocrx_word' id='word_1_352' title='bbox 2654 1810 2965 1880; x_wconf 88' lang='lat' dir='ltr'><strong>insipientia</strong></span> <span class='ocrx_word' id='word_1_353' title='bbox 2995 1813 3106 1878; x_wconf 90' lang='lat' dir='ltr'><strong>illa,</strong></span> <span class='ocrx_word' id='word_1_354' title='bbox 3133 1828 3254 1882; x_wconf 71' lang='lat' dir='ltr'><strong>qua:</strong></span> <span class='ocrx_word' id='word_1_355' title='bbox 3280 1811 3444 1881; x_wconf 88' lang='lat' dir='ltr'><strong>digna</strong></span> <span class='ocrx_word' id='word_1_356' title='bbox 3473 1816 3560 1864; x_wconf 80' lang='lat' dir='ltr'><strong>est</strong></span> 
     </span>
    </p>
   </div>
   <div class='ocr_carea' id='block_1_46' title="bbox 1983 1895 3556 1974">
    <p class='ocr_par' dir='ltr' id='par_1_46' title="bbox 1983 1895 3556 1974">
     <span class='ocr_line' id='line_1_46' title="bbox 1983 1895 3556 1974; baseline 0.006 -26"><span class='ocrx_word' id='word_1_357' title='bbox 1983 1895 2077 1950; x_wconf 89' lang='lat' dir='ltr'><strong>Dei</strong></span> <span class='ocrx_word' id='word_1_358' title='bbox 2125 1899 2456 1968; x_wconf 77' lang='lat' dir='ltr'><strong>cognitione,</strong></span> <span class='ocrx_word' id='word_1_359' title='bbox 2493 1918 2745 1972; x_wconf 85' lang='lat' dir='ltr'><strong>magnam</strong></span> <span class='ocrx_word' id='word_1_360' title='bbox 2796 1903 3234 1974; x_wconf 77' lang='lat' dir='ltr'><strong>profundamque</strong></span> <span class='ocrx_word' id='word_1_361' title='bbox 3288 1905 3556 1958; x_wconf 89' lang='lat' dir='ltr'><strong>rationem</strong></span> 
     </span>
    </p>
   </div>
   <div class='ocr_carea' id='block_1_47' title="bbox 1981 1986 3560 2066">
    <p class='ocr_par' dir='ltr' id='par_1_47' title="bbox 1981 1986 3560 2066">
     <span class='ocr_line' id='line_1_47' title="bbox 1981 1986 3560 2066; baseline 0.007 -27"><span class='ocrx_word' id='word_1_362' title='bbox 1981 1986 2392 2059; x_wconf 78' lang='lat' dir='ltr'><strong>habuit.Ncque</strong></span> <span class='ocrx_word' id='word_1_363' title='bbox 2418 1991 2560 2045; x_wconf 89' lang='lat' dir='ltr'><strong>enim</strong></span> <span class='ocrx_word' id='word_1_364' title='bbox 2589 2003 2786 2062; x_wconf 80' lang='lat' dir='ltr'><strong>pra-ter</strong></span> <span class='ocrx_word' id='word_1_365' title='bbox 2814 1994 3148 2050; x_wconf 84' lang='lat' dir='ltr'><strong>voluntatem</strong></span> <span class='ocrx_word' id='word_1_366' title='bbox 3176 2010 3240 2049; x_wconf 88' lang='lat' dir='ltr'><strong>ac</strong></span> <span class='ocrx_word' id='word_1_367' title='bbox 3258 2007 3453 2066; x_wconf 72' lang='lat' dir='ltr'><strong>przeter</strong></span> <span class='ocrx_word' id='word_1_368' title='bbox 3470 2011 3560 2050; x_wconf 86' lang='lat' dir='ltr'><strong>co-</strong></span> 
     </span>
    </p>
   </div>
   <div class='ocr_carea' id='block_1_48' title="bbox 1978 2079 3556 2155">
    <p class='ocr_par' dir='ltr' id='par_1_48' title="bbox 1978 2079 3556 2155">
     <span class='ocr_line' id='line_1_48' title="bbox 1978 2079 3556 2155; baseline 0.004 -23"><span class='ocrx_word' id='word_1_369' title='bbox 1978 2079 2278 2148; x_wconf 86' lang='lat' dir='ltr'><strong>gnitionem</strong></span> <span class='ocrx_word' id='word_1_370' title='bbox 2306 2089 2454 2134; x_wconf 91' lang='lat' dir='ltr'><strong>tuam</strong></span> <span class='ocrx_word' id='word_1_371' title='bbox 2486 2081 2588 2136; x_wconf 76' lang='lat' dir='ltr'><strong>fuit</strong></span> <span class='ocrx_word' id='word_1_372' title='bbox 2611 2083 2700 2136; x_wconf 92' lang='lat' dir='ltr'><strong>illa</strong></span> <span class='ocrx_word' id='word_1_373' title='bbox 2755 2085 3069 2155; x_wconf 90' lang='lat' dir='ltr'><strong>insipientia</strong></span> <span class='ocrx_word' id='word_1_374' title='bbox 3112 2101 3256 2140; x_wconf 86' lang='lat' dir='ltr'><strong>mea.</strong></span> <span class='ocrx_word' id='word_1_375' title='bbox 3296 2084 3556 2152; x_wconf 64' lang='lat' dir='ltr'><strong>Quaenam</strong></span> 
     </span>
    </p>
   </div>
   <div class='ocr_carea' id='block_1_49' title="bbox 1980 2171 3559 2250">
    <p class='ocr_par' dir='ltr' id='par_1_49' title="bbox 1980 2171 3559 2250">
     <span class='ocr_line' id='line_1_49' title="bbox 1980 2171 3559 2250; baseline 0.005 -26"><span class='ocrx_word' id='word_1_376' title='bbox 1980 2171 2094 2240; x_wconf 91' lang='lat' dir='ltr'><strong>illa,</strong></span> <span class='ocrx_word' id='word_1_377' title='bbox 2119 2173 2224 2228; x_wconf 87' lang='lat' dir='ltr'><strong>nisi</strong></span> <span class='ocrx_word' id='word_1_378' title='bbox 2247 2189 2368 2244; x_wconf 71' lang='lat' dir='ltr'><strong>quae</strong></span> <span class='ocrx_word' id='word_1_379' title='bbox 2399 2175 2524 2230; x_wconf 89' lang='lat' dir='ltr'><strong>talis</strong></span> <span class='ocrx_word' id='word_1_380' title='bbox 2572 2193 2604 2230; x_wconf 91' lang='lat' dir='ltr'><strong>a</strong></span> <span class='ocrx_word' id='word_1_381' title='bbox 2641 2179 2830 2233; x_wconf 91' lang='lat' dir='ltr'><strong>multis</strong></span> <span class='ocrx_word' id='word_1_382' title='bbox 2859 2179 3186 2250; x_wconf 86' lang='lat' dir='ltr'><strong>reputatur?</strong></span> <span class='ocrx_word' id='word_1_383' title='bbox 3217 2177 3371 2234; x_wconf 87' lang='lat' dir='ltr'><strong>Sicut</strong></span> <span class='ocrx_word' id='word_1_384' title='bbox 3413 2179 3559 2232; x_wconf 90' lang='lat' dir='ltr'><strong>enim</strong></span> 
     </span>
    </p>
   </div>
   <div class='ocr_carea' id='block_1_50' title="bbox 1979 2262 3559 2344">
    <p class='ocr_par' dir='ltr' id='par_1_50' title="bbox 1979 2262 3559 2344">
     <span class='ocr_line' id='line_1_50' title="bbox 1979 2262 3559 2344; baseline 0.008 -27"><span class='ocrx_word' id='word_1_385' title='bbox 1979 2262 2299 2336; x_wconf 82' lang='lat' dir='ltr'><strong>insipientia</strong></span> <span class='ocrx_word' id='word_1_386' title='bbox 2324 2269 2417 2324; x_wconf 90' lang='lat' dir='ltr'><strong>illa</strong></span> <span class='ocrx_word' id='word_1_387' title='bbox 2447 2269 2652 2326; x_wconf 61' lang='lat' dir='ltr'><strong>Grecis</strong></span> <span class='ocrx_word' id='word_1_388' title='bbox 2684 2272 2998 2344; x_wconf 89' lang='lat' dir='ltr'><strong>insipientia</strong></span> <span class='ocrx_word' id='word_1_389' title='bbox 3039 2273 3446 2337; x_wconf 64' lang='lat' dir='ltr'><strong>aestimabatur,</strong></span> <span class='ocrx_word' id='word_1_390' title='bbox 3472 2287 3559 2328; x_wconf 84' lang='lat' dir='ltr'><strong>se-</strong></span> 
     </span>
    </p>
   </div>
   <div class='ocr_carea' id='block_1_51' title="bbox 1979 2361 3557 2433">
    <p class='ocr_par' dir='ltr' id='par_1_51' title="bbox 1979 2361 3557 2433">
     <span class='ocr_line' id='line_1_51' title="bbox 1979 2361 3557 2433; baseline 0.006 -20"><span class='ocrx_word' id='word_1_391' title='bbox 1979 2361 2224 2416; x_wconf 82' lang='lat' dir='ltr'><strong>cundum</strong></span> <span class='ocrx_word' id='word_1_392' title='bbox 2257 2363 2587 2433; x_wconf 82' lang='lat' dir='ltr'><strong>profundam</strong></span> <span class='ocrx_word' id='word_1_393' title='bbox 2615 2381 2744 2422; x_wconf 86' lang='lat' dir='ltr'><strong>vero</strong></span> <span class='ocrx_word' id='word_1_394' title='bbox 2785 2365 2882 2422; x_wconf 89' lang='lat' dir='ltr'><strong>Dei</strong></span> <span class='ocrx_word' id='word_1_395' title='bbox 2922 2368 3214 2432; x_wconf 88' lang='lat' dir='ltr'><strong>rationem,</strong></span> <span class='ocrx_word' id='word_1_396' title='bbox 3254 2367 3321 2422; x_wconf 91' lang='lat' dir='ltr'><strong>ad</strong></span> <span class='ocrx_word' id='word_1_397' title='bbox 3359 2366 3557 2422; x_wconf 74' lang='lat' dir='ltr'><strong>melius</strong></span> 
     </span>
    </p>
   </div>
   <div class='ocr_carea' id='block_1_52' title="bbox 1980 2453 3560 2528">
    <p class='ocr_par' dir='ltr' id='par_1_52' title="bbox 1980 2453 3560 2528">
     <span class='ocr_line' id='line_1_52' title="bbox 1980 2453 3560 2528; baseline 0.003 -22"><span class='ocrx_word' id='word_1_398' title='bbox 1980 2453 2335 2522; x_wconf 79' lang='lat' dir='ltr'><strong>vertebatur;</strong></span> <span class='ocrx_word' id='word_1_399' title='bbox 2364 2462 2420 2509; x_wconf 92' lang='lat' dir='ltr'><strong>et</strong></span> <span class='ocrx_word' id='word_1_400' title='bbox 2450 2455 2596 2526; x_wconf 88' lang='lat' dir='ltr'><strong>quod</strong></span> <span class='ocrx_word' id='word_1_401' title='bbox 2631 2455 2701 2512; x_wconf 88' lang='lat' dir='ltr'><strong>ab</strong></span> <span class='ocrx_word' id='word_1_402' title='bbox 2737 2456 3054 2511; x_wconf 86' lang='lat' dir='ltr'><strong>hominibus</strong></span> <span class='ocrx_word' id='word_1_403' title='bbox 3074 2457 3300 2512; x_wconf 88' lang='lat' dir='ltr'><strong>stultum</strong></span> <span class='ocrx_word' id='word_1_404' title='bbox 3330 2456 3560 2528; x_wconf 87' lang='lat' dir='ltr'><strong>putaba-</strong></span> 
     </span>
    </p>
   </div>
   <div class='ocr_carea' id='block_1_53' title="bbox 1980 2545 3559 2619">
    <p class='ocr_par' dir='ltr' id='par_1_53' title="bbox 1980 2545 3559 2619">
     <span class='ocr_line' id='line_1_53' title="bbox 1980 2545 3559 2619; baseline 0.003 -20"><span class='ocrx_word' id='word_1_405' title='bbox 1980 2552 2094 2610; x_wconf 81' lang='lat' dir='ltr'><strong>tur,</strong></span> <span class='ocrx_word' id='word_1_406' title='bbox 2145 2545 2449 2616; x_wconf 89' lang='lat' dir='ltr'><strong>sapientius</strong></span> <span class='ocrx_word' id='word_1_407' title='bbox 2487 2555 2606 2602; x_wconf 89' lang='lat' dir='ltr'><strong>erat</strong></span> <span class='ocrx_word' id='word_1_408' title='bbox 2638 2547 2991 2615; x_wconf 88' lang='lat' dir='ltr'><strong>hominibus;</strong></span> <span class='ocrx_word' id='word_1_409' title='bbox 3027 2563 3152 2602; x_wconf 93' lang='lat' dir='ltr'><strong>nam</strong></span> <span class='ocrx_word' id='word_1_410' title='bbox 3201 2547 3312 2603; x_wconf 92' lang='lat' dir='ltr'><strong>Deo</strong></span> <span class='ocrx_word' id='word_1_411' title='bbox 3355 2548 3559 2619; x_wconf 87' lang='lat' dir='ltr'><strong>placuit</strong></span> 
     </span>
    </p>
   </div>
   <div class='ocr_carea' id='block_1_54' title="bbox 1978 2637 3555 2708">
    <p class='ocr_par' dir='ltr' id='par_1_54' title="bbox 1978 2637 3555 2708">
     <span class='ocr_line' id='line_1_54' title="bbox 1978 2637 3555 2708; baseline 0.004 -18"><span class='ocrx_word' id='word_1_412' title='bbox 1978 2652 2075 2707; x_wconf 91' lang='lat' dir='ltr'><strong>per</strong></span> <span class='ocrx_word' id='word_1_413' title='bbox 2107 2637 2392 2692; x_wconf 87' lang='lat' dir='ltr'><strong>stultitiam</strong></span> <span class='ocrx_word' id='word_1_414' title='bbox 2417 2637 2824 2708; x_wconf 64' lang='lat' dir='ltr'><strong>praedicationis</strong></span> <span class='ocrx_word' id='word_1_415' title='bbox 2839 2639 3126 2694; x_wconf 87' lang='lat' dir='ltr'><strong>credentes</strong></span> <span class='ocrx_word' id='word_1_416' title='bbox 3147 2640 3329 2694; x_wconf 87' lang='lat' dir='ltr'><strong>salvos</strong></span> <span class='ocrx_word' id='word_1_417' title='bbox 3352 2640 3555 2706; x_wconf 81' lang='lat' dir='ltr'><strong>tacere.</strong></span> 
     </span>
    </p>
   </div>
   <div class='ocr_carea' id='block_1_55' title="bbox 1980 2731 3558 2805">
    <p class='ocr_par' dir='ltr' id='par_1_55' title="bbox 1980 2731 3558 2805">
     <span class='ocr_line' id='line_1_55' title="bbox 1980 2731 3558 2805; baseline 0.002 -19"><span class='ocrx_word' id='word_1_418' title='bbox 1980 2731 2061 2786; x_wconf 90' lang='lat' dir='ltr'><strong>sic</strong></span> <span class='ocrx_word' id='word_1_419' title='bbox 2089 2740 2142 2786; x_wconf 91' lang='lat' dir='ltr'><strong>et</strong></span> <span class='ocrx_word' id='word_1_420' title='bbox 2171 2731 2425 2796; x_wconf 80' lang='lat' dir='ltr'><strong>stultitia,</strong></span> <span class='ocrx_word' id='word_1_421' title='bbox 2449 2748 2612 2803; x_wconf 91' lang='lat' dir='ltr'><strong>quam</strong></span> <span class='ocrx_word' id='word_1_422' title='bbox 2644 2740 2867 2805; x_wconf 85' lang='lat' dir='ltr'><strong>propter</strong></span> <span class='ocrx_word' id='word_1_423' title='bbox 2891 2748 2994 2788; x_wconf 90' lang='lat' dir='ltr'><strong>nos</strong></span> <span class='ocrx_word' id='word_1_424' title='bbox 3039 2733 3228 2798; x_wconf 89' lang='lat' dir='ltr'><strong>subiit,</strong></span> <span class='ocrx_word' id='word_1_425' title='bbox 3261 2733 3558 2789; x_wconf 78' lang='lat' dir='ltr'><strong>humilians</strong></span> 
     </span>
    </p>
   </div>
   <div class='ocr_carea' id='block_1_56' title="bbox 1977 2821 3560 2896">
    <p class='ocr_par' dir='ltr' id='par_1_56' title="bbox 1977 2821 3560 2896">
     <span class='ocr_line' id='line_1_56' title="bbox 1977 2821 3560 2896; baseline 0.003 -20"><span class='ocrx_word' id='word_1_426' title='bbox 1977 2823 2242 2892; x_wconf 89' lang='lat' dir='ltr'><strong>seipsum,</strong></span> <span class='ocrx_word' id='word_1_427' title='bbox 2303 2821 2536 2878; x_wconf 83' lang='lat' dir='ltr'><strong>formam</strong></span> <span class='ocrx_word' id='word_1_428' title='bbox 2617 2825 2760 2880; x_wconf 89' lang='lat' dir='ltr'><strong>servi</strong></span> <span class='ocrx_word' id='word_1_429' title='bbox 2831 2824 3132 2895; x_wconf 89' lang='lat' dir='ltr'><strong>accipiens,</strong></span> <span class='ocrx_word' id='word_1_430' title='bbox 3159 2835 3214 2880; x_wconf 91' lang='lat' dir='ltr'><strong>et</strong></span> <span class='ocrx_word' id='word_1_431' title='bbox 3257 2841 3432 2896; x_wconf 88' lang='lat' dir='ltr'><strong>usque</strong></span> <span class='ocrx_word' id='word_1_432' title='bbox 3485 2824 3560 2880; x_wconf 65' lang='lat' dir='ltr'><strong>ad</strong></span> 
     </span>
    </p>
   </div>
   <div class='ocr_carea' id='block_1_57' title="bbox 1978 2916 3558 2990">
    <p class='ocr_par' dir='ltr' id='par_1_57' title="bbox 1978 2916 3558 2990">
     <span class='ocr_line' id='line_1_57' title="bbox 1978 2916 3558 2990; baseline 0.003 -20"><span class='ocrx_word' id='word_1_433' title='bbox 1978 2923 2211 2971; x_wconf 89' lang='lat' dir='ltr'><strong>mortem</strong></span> <span class='ocrx_word' id='word_1_434' title='bbox 2251 2916 2542 2982; x_wconf 89' lang='lat' dir='ltr'><strong>accedens,</strong></span> <span class='ocrx_word' id='word_1_435' title='bbox 2592 2918 2893 2988; x_wconf 90' lang='lat' dir='ltr'><strong>sapientior</strong></span> <span class='ocrx_word' id='word_1_436' title='bbox 2943 2919 3060 2990; x_wconf 89' lang='lat' dir='ltr'><strong>ipsa</strong></span> <span class='ocrx_word' id='word_1_437' title='bbox 3122 2920 3403 2976; x_wconf 88' lang='lat' dir='ltr'><strong>hominum</strong></span> <span class='ocrx_word' id='word_1_438' title='bbox 3465 2935 3558 2976; x_wconf 85' lang='lat' dir='ltr'><strong>sa-</strong></span> 
     </span>
    </p>
   </div>
   <div class='ocr_carea' id='block_1_58' title="bbox 1977 3008 3553 3087">
    <p class='ocr_par' dir='ltr' id='par_1_58' title="bbox 1977 3008 3553 3087">
     <span class='ocr_line' id='line_1_58' title="bbox 1977 3008 3553 3087; baseline 0.006 -24"><span class='ocrx_word' id='word_1_439' title='bbox 1977 3008 2183 3080; x_wconf 89' lang='lat' dir='ltr'><strong>pientia</strong></span> <span class='ocrx_word' id='word_1_440' title='bbox 2215 3021 2352 3064; x_wconf 86' lang='lat' dir='ltr'><strong>erat.</strong></span> <span class='ocrx_word' id='word_1_441' title='bbox 2379 3009 2514 3064; x_wconf 87' lang='lat' dir='ltr'><strong>Nam</strong></span> <span class='ocrx_word' id='word_1_442' title='bbox 2549 3011 2732 3068; x_wconf 90' lang='lat' dir='ltr'><strong>crucis</strong></span> <span class='ocrx_word' id='word_1_443' title='bbox 2759 3013 2896 3069; x_wconf 91' lang='lat' dir='ltr'><strong>ratio</strong></span> <span class='ocrx_word' id='word_1_444' title='bbox 2923 3016 3277 3085; x_wconf 82' lang='lat' dir='ltr'><strong>pereuntibus</strong></span> <span class='ocrx_word' id='word_1_445' title='bbox 3308 3015 3553 3087; x_wconf 85' lang='lat' dir='ltr'><strong>quidem,</strong></span> 
     </span>
    </p>
   </div>
   <div class='ocr_carea' id='block_1_59' title="bbox 269 3100 1872 3176">
    <p class='ocr_par' dir='ltr' id='par_1_59' title="bbox 269 3100 1868 3176">
     <span class='ocr_line' id='line_1_59' title="bbox 269 3100 1868 3176; baseline 0.003 -22"><span class='ocrx_word' id='word_1_446' title='bbox 269 3103 455 3174; x_wconf 67' lang='grc' dir='ltr'>φησιν</span> <span class='ocrx_word' id='word_1_447' title='bbox 512 3103 541 3154; x_wconf 90' lang='lat'><strong>6</strong></span> <span class='ocrx_word' id='word_1_448' title='bbox 591 3100 955 3166; x_wconf 80' lang='grc' dir='ltr'>’Δπόστολος,</span> <span class='ocrx_word' id='word_1_449' title='bbox 1009 3101 1189 3174; x_wconf 89' lang='grc' dir='ltr'>μωρία</span> <span class='ocrx_word' id='word_1_450' title='bbox 1237 3103 1417 3168; x_wconf 75' lang='grc' dir='ltr'>ἐστὶν,</span> <span class='ocrx_word' id='word_1_451' title='bbox 1458 3106 1508 3158; x_wconf 83' lang='grc' dir='ltr'>εἰ</span> <span class='ocrx_word' id='word_1_452' title='bbox 1555 3104 1612 3158; x_wconf 84' lang='grc' dir='ltr'>δὲ</span> <span class='ocrx_word' id='word_1_453' title='bbox 1667 3104 1868 3176; x_wconf 83' lang='grc' dir='ltr'>μωρία,</span> 
     </span>
    </p>
   </div>
   <div class='ocr_carea' id='block_1_60' title="bbox 1977 3100 3557 3176">
    <p class='ocr_par' dir='ltr' id='par_1_60' title="bbox 1977 3100 3557 3173">
     <span class='ocr_line' id='line_1_60' title="bbox 1977 3100 3557 3173; baseline 0.003 -17"><span class='ocrx_word' id='word_1_454' title='bbox 1977 3101 2154 3173; x_wconf 88' lang='lat' dir='ltr'><strong>inquit</strong></span> <span class='ocrx_word' id='word_1_455' title='bbox 2182 3100 2500 3172; x_wconf 81' lang='lat' dir='ltr'><strong>Apostolus.</strong></span> <span class='ocrx_word' id='word_1_456' title='bbox 2539 3103 2776 3158; x_wconf 82' lang='lat' dir='ltr'><strong>stultitia</strong></span> <span class='ocrx_word' id='word_1_457' title='bbox 2807 3115 2910 3163; x_wconf 88' lang='lat' dir='ltr'><strong>est.</strong></span> <span class='ocrx_word' id='word_1_458' title='bbox 2943 3105 3103 3172; x_wconf 82' lang='lat' dir='ltr'><strong>Quod</strong></span> <span class='ocrx_word' id='word_1_459' title='bbox 3141 3107 3188 3163; x_wconf 91' lang='lat' dir='ltr'><strong>si</strong></span> <span class='ocrx_word' id='word_1_460' title='bbox 3238 3108 3466 3163; x_wconf 92' lang='lat' dir='ltr'><strong>stultitia</strong></span> <span class='ocrx_word' id='word_1_461' title='bbox 3500 3115 3557 3163; x_wconf 81' lang='lat' dir='ltr'><strong>et</strong></span> 
     </span>
    </p>
   </div>
   <div class='ocr_carea' id='block_1_61' title="bbox 266 3192 1872 3268">
    <p class='ocr_par' dir='ltr' id='par_1_61' title="bbox 266 3192 1872 3268">
     <span class='ocr_line' id='line_1_61' title="bbox 266 3192 1872 3268; baseline 0.001 -19"><span class='ocrx_word' id='word_1_462' title='bbox 266 3196 373 3249; x_wconf 81' lang='grc' dir='ltr'>καὶ</span> <span class='ocrx_word' id='word_1_463' title='bbox 427 3192 749 3264; x_wconf 81' lang='grc' dir='ltr'>ἀφροσύνη,</span> <span class='ocrx_word' id='word_1_464' title='bbox 811 3197 923 3258; x_wconf 88' lang='grc' dir='ltr'>τοῖς</span> <span class='ocrx_word' id='word_1_465' title='bbox 974 3194 1030 3249; x_wconf 86' lang='grc' dir='ltr'>δὲ</span> <span class='ocrx_word' id='word_1_466' title='bbox 1080 3195 1409 3268; x_wconf 77' lang='grc' dir='ltr'>σωζομένοις</span> <span class='ocrx_word' id='word_1_467' title='bbox 1463 3199 1594 3268; x_wconf 80' lang='grc' dir='ltr'>ἡμῖν</span> <span class='ocrx_word' id='word_1_468' title='bbox 1644 3197 1872 3268; x_wconf 89' lang='grc' dir='ltr'>δύναμις</span> 
     </span>
    </p>
   </div>
   <div class='ocr_carea' id='block_1_62' title="bbox 265 3281 1872 3361">
    <p class='ocr_par' dir='ltr' id='par_1_62' title="bbox 265 3281 1872 3361">
     <span class='ocr_line' id='line_1_62' title="bbox 265 3281 1872 3361; baseline 0.002 -22"><span class='ocrx_word' id='word_1_469' title='bbox 265 3283 416 3339; x_wconf 86' lang='grc' dir='ltr'>Θεοῦ</span> <span class='ocrx_word' id='word_1_470' title='bbox 485 3285 625 3338; x_wconf 76' lang='grc' dir='ltr'>ἐστι.</span> <span class='ocrx_word' id='word_1_471' title='bbox 687 3284 900 3355; x_wconf 86' lang='grc' dir='ltr'>Ταύτην</span> <span class='ocrx_word' id='word_1_472' title='bbox 958 3281 1050 3340; x_wconf 82' lang='grc' dir='ltr'>οὖν</span> <span class='ocrx_word' id='word_1_473' title='bbox 1101 3287 1200 3357; x_wconf 75' lang='grc' dir='ltr'><strong>τὴν</strong></span> <span class='ocrx_word' id='word_1_474' title='bbox 1255 3288 1566 3360; x_wconf 87' lang='grc' dir='ltr'>ἀφροσύνην</span> <span class='ocrx_word' id='word_1_475' title='bbox 1630 3291 1723 3343; x_wconf 77' lang='grc' dir='ltr'>καὶ</span> <span class='ocrx_word' id='word_1_476' title='bbox 1774 3289 1872 3361; x_wconf 80' lang='grc' dir='ltr'>τὴν</span> 
     </span>
    </p>
   </div>
   <div class='ocr_carea' id='block_1_63' title="bbox 269 3374 1871 3454">
    <p class='ocr_par' dir='ltr' id='par_1_63' title="bbox 269 3374 1871 3454">
     <span class='ocr_line' id='line_1_63' title="bbox 269 3374 1871 3454; baseline 0.004 -27"><span class='ocrx_word' id='word_1_477' title='bbox 269 3375 500 3447; x_wconf 83' lang='grc' dir='ltr'>μωρίαν</span> <span class='ocrx_word' id='word_1_478' title='bbox 552 3374 653 3429; x_wconf 74' lang='grc' dir='ltr'><strong>οὐκ</strong></span> <span class='ocrx_word' id='word_1_479' title='bbox 703 3378 970 3448; x_wconf 77' lang='grc' dir='ltr'>ἠγνόησεν</span> <span class='ocrx_word' id='word_1_480' title='bbox 1013 3381 1042 3432; x_wconf 93' lang='lat'><strong>6</strong></span> <span class='ocrx_word' id='word_1_481' title='bbox 1092 3378 1256 3443; x_wconf 87' lang='grc' dir='ltr'>Θεός·</span> <span class='ocrx_word' id='word_1_482' title='bbox 1301 3380 1465 3437; x_wconf 81' lang='grc' dir='ltr'>αὐτοῦ</span> <span class='ocrx_word' id='word_1_483' title='bbox 1525 3381 1633 3453; x_wconf 82' lang='grc' dir='ltr'>γὰρ</span> <span class='ocrx_word' id='word_1_484' title='bbox 1693 3382 1871 3454; x_wconf 89' lang='grc' dir='ltr'>κρίσει</span> 
     </span>
    </p>
   </div>
   <div class='ocr_carea' id='block_1_64' title="bbox 265 3469 1870 3544">
    <p class='ocr_par' dir='ltr' id='par_1_64' title="bbox 265 3469 1870 3544">
     <span class='ocr_line' id='line_1_64' title="bbox 265 3469 1870 3544; baseline 0.004 -23"><span class='ocrx_word' id='word_1_485' title='bbox 265 3469 600 3540; x_wconf 81' lang='grc' dir='ltr'>γεγένηται.</span> <span class='ocrx_word' id='word_1_486' title='bbox 664 3470 754 3523; x_wconf 85' lang='grc' dir='ltr'>Διό</span> <span class='ocrx_word' id='word_1_487' title='bbox 803 3487 1004 3542; x_wconf 81' lang='grc' dir='ltr'>φησιν’</span> <span class='ocrx_word' id='word_1_488' title='bbox 1065 3489 1083 3522; x_wconf 75' lang='grc' dir='ltr'><strong>ι</strong></span> <span class='ocrx_word' id='word_1_489' title='bbox 1121 3470 1177 3524; x_wconf 88' lang='lat'><strong>&#39;0</strong></span> <span class='ocrx_word' id='word_1_490' title='bbox 1229 3471 1390 3536; x_wconf 84' lang='grc' dir='ltr'>Θεὸς,</span> <span class='ocrx_word' id='word_1_491' title='bbox 1438 3475 1502 3527; x_wconf 79' lang='grc' dir='ltr'><strong>σὺ</strong></span> <span class='ocrx_word' id='word_1_492' title='bbox 1550 3474 1720 3542; x_wconf 77' lang='grc' dir='ltr'>ἔγνως</span> <span class='ocrx_word' id='word_1_493' title='bbox 1773 3473 1870 3544; x_wconf 77' lang='grc' dir='ltr'><strong>τὴν</strong></span> 
     </span>
    </p>
   </div>
   <div class='ocr_carea' id='block_1_65' title="bbox 264 3560 1870 3636">
    <p class='ocr_par' dir='ltr' id='par_1_65' title="bbox 264 3560 1870 3636">
     <span class='ocr_line' id='line_1_65' title="bbox 264 3560 1870 3636; baseline 0.003 -22"><span class='ocrx_word' id='word_1_494' title='bbox 264 3560 601 3633; x_wconf 86' lang='grc' dir='ltr'>ἀφροσύνην</span> <span class='ocrx_word' id='word_1_495' title='bbox 635 3578 757 3631; x_wconf 83' lang='grc' dir='ltr'>μου,</span> <span class='ocrx_word' id='word_1_496' title='bbox 791 3580 809 3612; x_wconf 74' lang='grc' dir='ltr'><strong>ι</strong></span> <span class='ocrx_word' id='word_1_497' title='bbox 881 3561 1180 3632; x_wconf 81' lang='grc' dir='ltr'>Ἀπήλλαξε</span> <span class='ocrx_word' id='word_1_498' title='bbox 1233 3562 1290 3616; x_wconf 83' lang='grc' dir='ltr'>δὲ</span> <span class='ocrx_word' id='word_1_499' title='bbox 1328 3565 1476 3634; x_wconf 79' lang='grc' dir='ltr'>ἡμᾶς</span> <span class='ocrx_word' id='word_1_500' title='bbox 1528 3566 1870 3636; x_wconf 85' lang='grc' dir='ltr'>πραγμάτων</span> 
     </span>
    </p>
   </div>
   <div class='ocr_carea' id='block_1_66' title="bbox 261 3651 1868 3726">
    <p class='ocr_par' dir='ltr' id='par_1_66' title="bbox 261 3651 1868 3726">
     <span class='ocr_line' id='line_1_66' title="bbox 261 3651 1868 3726; baseline 0.002 -19"><span class='ocrx_word' id='word_1_501' title='bbox 261 3655 290 3707; x_wconf 94' lang='lat'><strong>6</strong></span> <span class='ocrx_word' id='word_1_502' title='bbox 318 3651 669 3726; x_wconf 78' lang='grc' dir='ltr'>Σύμμαχος,</span> <span class='ocrx_word' id='word_1_503' title='bbox 707 3653 1050 3724; x_wconf 80' lang='grc' dir='ltr'>ἑρμηνεύσας</span> <span class='ocrx_word' id='word_1_504' title='bbox 1087 3654 1180 3708; x_wconf 72' lang='grc' dir='ltr'><strong>καὶ</strong></span> <span class='ocrx_word' id='word_1_505' title='bbox 1222 3656 1425 3708; x_wconf 74' lang='grc' dir='ltr'>εἰπών·</span> <span class='ocrx_word' id='word_1_506' title='bbox 1483 3675 1502 3706; x_wconf 71' lang='grc' dir='ltr'><strong>ε</strong></span> <span class='ocrx_word' id='word_1_507' title='bbox 1525 3657 1584 3709; x_wconf 85' lang='lat'><strong>&#39;0</strong></span> <span class='ocrx_word' id='word_1_508' title='bbox 1615 3656 1768 3721; x_wconf 88' lang='grc' dir='ltr'>Θεὸς,</span> <span class='ocrx_word' id='word_1_509' title='bbox 1803 3659 1868 3711; x_wconf 82' lang='grc' dir='ltr'><strong>σὺ</strong></span> 
     </span>
    </p>
   </div>
   <div class='ocr_carea' id='block_1_67' title="bbox 261 3746 1868 3823">
    <p class='ocr_par' dir='ltr' id='par_1_67' title="bbox 261 3746 1868 3823">
     <span class='ocr_line' id='line_1_67' title="bbox 261 3746 1868 3823; baseline 0.002 -21"><span class='ocrx_word' id='word_1_510' title='bbox 261 3746 420 3815; x_wconf 84' lang='grc' dir='ltr'>οἶδας</span> <span class='ocrx_word' id='word_1_511' title='bbox 453 3749 563 3820; x_wconf 83' lang='grc' dir='ltr'>τὴν</span> <span class='ocrx_word' id='word_1_512' title='bbox 595 3748 849 3818; x_wconf 84' lang='grc' dir='ltr'>ἀπειρίαν</span> <span class='ocrx_word' id='word_1_513' title='bbox 896 3766 997 3820; x_wconf 90' lang='grc' dir='ltr'><strong>μου</strong></span> <span class='ocrx_word' id='word_1_514' title='bbox 1025 3764 1038 3778; x_wconf 78' lang='grc'><strong><em>⁸</em></strong></span> <span class='ocrx_word' id='word_1_515' title='bbox 1073 3767 1090 3799; x_wconf 75' lang='grc' dir='ltr'><strong>ι</strong></span> <span class='ocrx_word' id='word_1_516' title='bbox 1150 3750 1408 3821; x_wconf 84' lang='grc' dir='ltr'>ἀπειρίαν</span> <span class='ocrx_word' id='word_1_517' title='bbox 1439 3750 1640 3823; x_wconf 84' lang='grc' dir='ltr'>δηλαδὴ</span> <span class='ocrx_word' id='word_1_518' title='bbox 1677 3753 1776 3823; x_wconf 83' lang='grc' dir='ltr'>τὴν</span> <span class='ocrx_word' id='word_1_519' title='bbox 1810 3755 1868 3806; x_wconf 83' lang='grc' dir='ltr'>ὲν</span> 
     </span>
    </p>
   </div>
   <div class='ocr_carea' id='block_1_68' title="bbox 261 3841 1869 3917">
    <p class='ocr_par' dir='ltr' id='par_1_68' title="bbox 261 3841 1869 3917">
     <span class='ocr_line' id='line_1_68' title="bbox 261 3841 1869 3917; baseline 0.001 -19"><span class='ocrx_word' id='word_1_520' title='bbox 261 3843 613 3917; x_wconf 83' lang='grc' dir='ltr'>ἀνθρώποις.</span> <span class='ocrx_word' id='word_1_521' title='bbox 660 3842 770 3913; x_wconf 78' lang='grc' dir='ltr'><strong>Τῆς</strong></span> <span class='ocrx_word' id='word_1_522' title='bbox 796 3841 904 3913; x_wconf 76' lang='grc' dir='ltr'><strong>γὰρ</strong></span> <span class='ocrx_word' id='word_1_523' title='bbox 931 3844 988 3896; x_wconf 82' lang='grc' dir='ltr'>ἐν</span> <span class='ocrx_word' id='word_1_524' title='bbox 1021 3841 1326 3914; x_wconf 86' lang='grc' dir='ltr'>ἀνθρώποις</span> <span class='ocrx_word' id='word_1_525' title='bbox 1367 3844 1565 3908; x_wconf 88' lang='grc' dir='ltr'>κακίας</span> <span class='ocrx_word' id='word_1_526' title='bbox 1593 3845 1869 3917; x_wconf 83' lang='grc' dir='ltr'>ἀλλότριος</span> 
     </span>
    </p>
   </div>
   <div class='ocr_carea' id='block_1_69' title="bbox 259 3934 1868 4010">
    <p class='ocr_par' dir='ltr' id='par_1_69' title="bbox 259 3934 1868 4010">
     <span class='ocr_line' id='line_1_69' title="bbox 259 3934 1868 4010; baseline -0.001 -20"><span class='ocrx_word' id='word_1_527' title='bbox 259 3937 361 4000; x_wconf 80' lang='grc' dir='ltr'><strong>ὢν,</strong></span> <span class='ocrx_word' id='word_1_528' title='bbox 395 3939 510 4010; x_wconf 79' lang='grc' dir='ltr'><strong>τὴν</strong></span> <span class='ocrx_word' id='word_1_529' title='bbox 541 3934 712 4006; x_wconf 77' lang='grc' dir='ltr'>καλὴν</span> <span class='ocrx_word' id='word_1_530' title='bbox 744 3934 944 4005; x_wconf 86' lang='grc' dir='ltr'>ταύτην</span> <span class='ocrx_word' id='word_1_531' title='bbox 971 3935 1224 4006; x_wconf 79' lang='grc' dir='ltr'>ἀπειρίαν</span> <span class='ocrx_word' id='word_1_532' title='bbox 1256 3935 1543 4006; x_wconf 79' lang='grc' dir='ltr'>ἀνατίθησι</span> <span class='ocrx_word' id='word_1_533' title='bbox 1574 3940 1639 4008; x_wconf 78' lang='grc' dir='ltr'>τῇ</span> <span class='ocrx_word' id='word_1_534' title='bbox 1670 3937 1868 4005; x_wconf 84' lang='grc' dir='ltr'>γνώσει</span> 
     </span>
    </p>
   </div>
   <div class='ocr_carea' id='block_1_70' title="bbox 256 4026 1868 4102">
    <p class='ocr_par' dir='ltr' id='par_1_70' title="bbox 256 4026 1868 4102">
     <span class='ocr_line' id='line_1_70' title="bbox 256 4026 1868 4102; baseline 0.001 -19"><span class='ocrx_word' id='word_1_535' title='bbox 256 4030 356 4084; x_wconf 88' lang='grc' dir='ltr'><strong>τοῦ</strong></span> <span class='ocrx_word' id='word_1_536' title='bbox 400 4026 614 4084; x_wconf 80' lang='grc' dir='ltr'>ἑαυτοῦ</span> <span class='ocrx_word' id='word_1_537' title='bbox 643 4027 876 4101; x_wconf 86' lang='grc' dir='ltr'>Πατρός.</span> <span class='ocrx_word' id='word_1_538' title='bbox 919 4029 1029 4082; x_wconf 71' lang='lat' dir='ltr'><strong>Kal</strong></span> <span class='ocrx_word' id='word_1_539' title='bbox 1061 4029 1193 4101; x_wconf 84' lang='grc' dir='ltr'>ἄλλη</span> <span class='ocrx_word' id='word_1_540' title='bbox 1236 4029 1293 4082; x_wconf 84' lang='grc' dir='ltr'>δὲ</span> <span class='ocrx_word' id='word_1_541' title='bbox 1326 4029 1516 4101; x_wconf 79' lang='grc' dir='ltr'>Γραφὴ</span> <span class='ocrx_word' id='word_1_542' title='bbox 1549 4029 1668 4083; x_wconf 85' lang='grc' dir='ltr'>θεία</span> <span class='ocrx_word' id='word_1_543' title='bbox 1699 4033 1868 4102; x_wconf 82' lang='grc' dir='ltr'>ἀφρο-</span> 
     </span>
    </p>
   </div>
   <div class='ocr_carea' id='block_1_71' title="bbox 262 4120 1862 4195">
    <p class='ocr_par' dir='ltr' id='par_1_71' title="bbox 262 4120 1862 4195">
     <span class='ocr_line' id='line_1_71' title="bbox 262 4120 1862 4195; baseline 0.001 -21"><span class='ocrx_word' id='word_1_544' title='bbox 262 4122 440 4195; x_wconf 89' lang='grc' dir='ltr'>σύνης</span> <span class='ocrx_word' id='word_1_545' title='bbox 480 4121 762 4193; x_wconf 84' lang='grc' dir='ltr'>μέμνηται</span> <span class='ocrx_word' id='word_1_546' title='bbox 793 4120 888 4174; x_wconf 89' lang='grc' dir='ltr'><strong>τοῦ</strong></span> <span class='ocrx_word' id='word_1_547' title='bbox 917 4121 1171 4193; x_wconf 83' lang='grc' dir='ltr'>Σωτῆρος</span> <span class='ocrx_word' id='word_1_548' title='bbox 1207 4121 1510 4193; x_wconf 85' lang='grc' dir='ltr'>συμφώνως</span> <span class='ocrx_word' id='word_1_549' title='bbox 1547 4125 1612 4193; x_wconf 87' lang='grc' dir='ltr'>τῇ</span> <span class='ocrx_word' id='word_1_550' title='bbox 1645 4140 1862 4194; x_wconf 82' lang='grc' dir='ltr'>προκει-</span> 
     </span>
    </p>
   </div>
   <div class='ocr_carea' id='block_1_72' title="bbox 262 4210 1866 4288">
    <p class='ocr_par' dir='ltr' id='par_1_72' title="bbox 262 4210 1866 4288">
     <span class='ocr_line' id='line_1_72' title="bbox 262 4210 1866 4288; baseline 0.001 -22"><span class='ocrx_word' id='word_1_551' title='bbox 262 4214 430 4288; x_wconf 82' lang='grc' dir='ltr'>μένῃ.</span> <span class='ocrx_word' id='word_1_552' title='bbox 474 4211 799 4283; x_wconf 80' lang='grc' dir='ltr'>Γέγραπται</span> <span class='ocrx_word' id='word_1_553' title='bbox 846 4210 976 4280; x_wconf 90' lang='grc' dir='ltr'>γοῦν</span> <span class='ocrx_word' id='word_1_554' title='bbox 1016 4212 1073 4264; x_wconf 84' lang='grc' dir='ltr'><strong>ὲν</strong></span> <span class='ocrx_word' id='word_1_555' title='bbox 1098 4213 1429 4284; x_wconf 85' lang='grc' dir='ltr'>Παροιμίαις</span> <span class='ocrx_word' id='word_1_556' title='bbox 1452 4229 1465 4242; x_wconf 78' lang='grc' dir='ltr'><strong><em>ο</em></strong></span> <span class='ocrx_word' id='word_1_557' title='bbox 1505 4232 1522 4263; x_wconf 80' lang='grc' dir='ltr'><strong>ι</strong></span> <span class='ocrx_word' id='word_1_558' title='bbox 1547 4213 1684 4267; x_wconf 85' lang='grc' dir='ltr'>Τάδε</span> <span class='ocrx_word' id='word_1_559' title='bbox 1721 4213 1866 4283; x_wconf 83' lang='grc' dir='ltr'>λέγει</span> 
     </span>
    </p>
   </div>
   <div class='ocr_carea' id='block_1_73' title="bbox 257 4305 1866 4380">
    <p class='ocr_par' dir='ltr' id='par_1_73' title="bbox 257 4305 1866 4380">
     <span class='ocr_line' id='line_1_73' title="bbox 257 4305 1866 4380; baseline -0.001 -19"><span class='ocrx_word' id='word_1_560' title='bbox 257 4307 406 4380; x_wconf 74' lang='grc' dir='ltr'>ἀνὴρ</span> <span class='ocrx_word' id='word_1_561' title='bbox 453 4308 580 4370; x_wconf 84' lang='grc' dir='ltr'>τοῖς</span> <span class='ocrx_word' id='word_1_562' title='bbox 628 4305 940 4359; x_wconf 86' lang='grc' dir='ltr'>πιστεύουσι</span> <span class='ocrx_word' id='word_1_563' title='bbox 980 4305 1118 4376; x_wconf 78' lang='grc' dir='ltr'>Θεῷ,</span> <span class='ocrx_word' id='word_1_564' title='bbox 1159 4307 1252 4358; x_wconf 70' lang='grc' dir='ltr'>καὶ</span> <span class='ocrx_word' id='word_1_565' title='bbox 1297 4306 1560 4377; x_wconf 85' lang='grc' dir='ltr'>παύομαι.</span> <span class='ocrx_word' id='word_1_566' title='bbox 1615 4307 1866 4380; x_wconf 82' lang='grc' dir='ltr'>Ἀφρονέ-</span> 
     </span>
    </p>
   </div>
   <div class='ocr_carea' id='block_1_74' title="bbox 259 4397 1865 4472">
    <p class='ocr_par' dir='ltr' id='par_1_74' title="bbox 259 4397 1865 4472">
     <span class='ocr_line' id='line_1_74' title="bbox 259 4397 1865 4472; baseline 0.001 -21"><span class='ocrx_word' id='word_1_567' title='bbox 259 4417 470 4462; x_wconf 64' lang='grc' dir='ltr'>στέατος</span> <span class='ocrx_word' id='word_1_568' title='bbox 514 4397 626 4470; x_wconf 86' lang='grc' dir='ltr'><strong>γάρ</strong></span> <span class='ocrx_word' id='word_1_569' title='bbox 669 4399 786 4467; x_wconf 85' lang='grc' dir='ltr'>είμι</span> <span class='ocrx_word' id='word_1_570' title='bbox 832 4398 1050 4451; x_wconf 86' lang='grc' dir='ltr'>πάντων</span> <span class='ocrx_word' id='word_1_571' title='bbox 1103 4397 1426 4468; x_wconf 87' lang='grc' dir='ltr'>ἀνθρώπων,</span> <span class='ocrx_word' id='word_1_572' title='bbox 1465 4399 1557 4452; x_wconf 80' lang='grc' dir='ltr'>καὶ</span> <span class='ocrx_word' id='word_1_573' title='bbox 1603 4401 1865 4472; x_wconf 88' lang='grc' dir='ltr'>φρόνησις</span> 
     </span>
    </p>
   </div>
   <div class='ocr_carea' id='block_1_75' title="bbox 256 4487 1863 4562">
    <p class='ocr_par' dir='ltr' id='par_1_75' title="bbox 256 4487 1863 4562">
     <span class='ocr_line' id='line_1_75' title="bbox 256 4487 1863 4562; baseline 0 -19"><span class='ocrx_word' id='word_1_574' title='bbox 256 4489 572 4562; x_wconf 80' lang='grc' dir='ltr'>ἀνθρώπου</span> <span class='ocrx_word' id='word_1_575' title='bbox 597 4488 696 4540; x_wconf 83' lang='grc' dir='ltr'><strong>οὐκ</strong></span> <span class='ocrx_word' id='word_1_576' title='bbox 722 4487 865 4540; x_wconf 79' lang='grc' dir='ltr'>ἔστιν</span> <span class='ocrx_word' id='word_1_577' title='bbox 893 4491 951 4540; x_wconf 80' lang='grc' dir='ltr'>ὲν</span> <span class='ocrx_word' id='word_1_578' title='bbox 976 4487 1118 4558; x_wconf 84' lang='grc' dir='ltr'>ὲμοί.</span> <span class='ocrx_word' id='word_1_579' title='bbox 1137 4488 1267 4551; x_wconf 90' lang='grc' dir='ltr'>Θεὸς</span> <span class='ocrx_word' id='word_1_580' title='bbox 1293 4488 1529 4560; x_wconf 80' lang='grc' dir='ltr'>δεδίδαχέ</span> <span class='ocrx_word' id='word_1_581' title='bbox 1556 4508 1620 4561; x_wconf 88' lang='grc' dir='ltr'><strong>με</strong></span> <span class='ocrx_word' id='word_1_582' title='bbox 1651 4494 1863 4562; x_wconf 85' lang='grc' dir='ltr'>σοφίαν,</span> 
     </span>
    </p>
   </div>
   <div class='ocr_carea' id='block_1_76' title="bbox 257 4581 1866 4660">
    <p class='ocr_par' dir='ltr' id='par_1_76' title="bbox 257 4581 1866 4660">
     <span class='ocr_line' id='line_1_76' title="bbox 257 4581 1866 4660; baseline 0.002 -23"><span class='ocrx_word' id='word_1_583' title='bbox 257 4583 358 4637; x_wconf 80' lang='grc' dir='ltr'><strong>καὶ</strong></span> <span class='ocrx_word' id='word_1_584' title='bbox 415 4581 631 4653; x_wconf 87' lang='grc' dir='ltr'>γνῶσιν</span> <span class='ocrx_word' id='word_1_585' title='bbox 685 4583 855 4650; x_wconf 87' lang='grc' dir='ltr'>ἁγίων</span> <span class='ocrx_word' id='word_1_586' title='bbox 901 4581 1135 4651; x_wconf 81' lang='grc' dir='ltr'>ἔγνωκα.</span> <span class='ocrx_word' id='word_1_587' title='bbox 1163 4601 1181 4635; x_wconf 75' lang='grc' dir='ltr'><strong>ι</strong></span> <span class='ocrx_word' id='word_1_588' title='bbox 1243 4584 1354 4637; x_wconf 78' lang='grc' dir='ltr'>Καὶ</span> <span class='ocrx_word' id='word_1_589' title='bbox 1410 4585 1470 4638; x_wconf 83' lang='grc' dir='ltr'>ὲν</span> <span class='ocrx_word' id='word_1_590' title='bbox 1511 4585 1720 4650; x_wconf 88' lang='grc' dir='ltr'>τούτοις</span> <span class='ocrx_word' id='word_1_591' title='bbox 1757 4586 1866 4660; x_wconf 86' lang='grc' dir='ltr'>γὰρ</span> 
     </span>
    </p>
   </div>
   <div class='ocr_carea' id='block_1_77' title="bbox 257 4672 1866 4746">
    <p class='ocr_par' dir='ltr' id='par_1_77' title="bbox 257 4672 1866 4746">
     <span class='ocr_line' id='line_1_77' title="bbox 257 4672 1866 4746; baseline 0.005 -20"><span class='ocrx_word' id='word_1_592' title='bbox 257 4673 498 4728; x_wconf 84' lang='grc' dir='ltr'>πάντων</span> <span class='ocrx_word' id='word_1_593' title='bbox 555 4672 654 4744; x_wconf 85' lang='grc' dir='ltr'><strong>μὲν</strong></span> <span class='ocrx_word' id='word_1_594' title='bbox 698 4672 999 4744; x_wconf 87' lang='grc' dir='ltr'>ἀνθρώπων</span> <span class='ocrx_word' id='word_1_595' title='bbox 1051 4676 1449 4746; x_wconf 86' lang='grc' dir='ltr'>ἀφρονέστατον</span> <span class='ocrx_word' id='word_1_596' title='bbox 1497 4678 1686 4731; x_wconf 80' lang='grc' dir='ltr'>ἑαυτὸν</span> <span class='ocrx_word' id='word_1_597' title='bbox 1726 4675 1866 4738; x_wconf 79' lang='grc' dir='ltr'>εἶναι</span> 
     </span>
    </p>
   </div>
   <div class='ocr_carea' id='block_1_78' title="bbox 254 4765 1866 4843">
    <p class='ocr_par' dir='ltr' id='par_1_78' title="bbox 254 4765 1866 4843">
     <span class='ocr_line' id='line_1_78' title="bbox 254 4765 1866 4843; baseline 0.005 -25"><span class='ocrx_word' id='word_1_598' title='bbox 254 4765 443 4836; x_wconf 83' lang='grc' dir='ltr'>λέγει,</span> <span class='ocrx_word' id='word_1_599' title='bbox 478 4766 580 4819; x_wconf 74' lang='grc' dir='ltr'><strong>καὶ</strong></span> <span class='ocrx_word' id='word_1_600' title='bbox 609 4767 870 4838; x_wconf 89' lang='grc' dir='ltr'>φρόνησιν</span> <span class='ocrx_word' id='word_1_601' title='bbox 915 4766 1201 4839; x_wconf 86' lang='grc' dir='ltr'>ἀνθρώπου</span> <span class='ocrx_word' id='word_1_602' title='bbox 1245 4769 1321 4840; x_wconf 82' lang='grc' dir='ltr'>μὴ</span> <span class='ocrx_word' id='word_1_603' title='bbox 1361 4770 1681 4840; x_wconf 61' lang='grc' dir='ltr'>ἐσχηκέναι·</span> <span class='ocrx_word' id='word_1_604' title='bbox 1717 4773 1866 4843; x_wconf 83' lang='grc' dir='ltr'>ὅμως</span> 
     </span>
    </p>
   </div>
   <div class='ocr_carea' id='block_1_79' title="bbox 253 4853 1865 4932">
    <p class='ocr_par' dir='ltr' id='par_1_79' title="bbox 253 4853 1865 4932">
     <span class='ocr_line' id='line_1_79' title="bbox 253 4853 1865 4932; baseline 0.004 -24"><span class='ocrx_word' id='word_1_605' title='bbox 253 4855 314 4908; x_wconf 84' lang='grc' dir='ltr'>δὲ</span> <span class='ocrx_word' id='word_1_606' title='bbox 355 4855 503 4927; x_wconf 87' lang='grc' dir='ltr'>παρ’</span> <span class='ocrx_word' id='word_1_607' title='bbox 533 4855 698 4907; x_wconf 76' lang='grc' dir='ltr'>αὑτοῦ</span> <span class='ocrx_word' id='word_1_608' title='bbox 737 4853 831 4908; x_wconf 88' lang='grc' dir='ltr'><strong>τοῦ</strong></span> <span class='ocrx_word' id='word_1_609' title='bbox 856 4853 990 4907; x_wconf 88' lang='grc' dir='ltr'>Θεοῦ</span> <span class='ocrx_word' id='word_1_610' title='bbox 1024 4855 1325 4927; x_wconf 79' lang='grc' dir='ltr'>δεδιδάχθαι</span> <span class='ocrx_word' id='word_1_611' title='bbox 1359 4859 1458 4928; x_wconf 81' lang='grc' dir='ltr'><strong>τὴν</strong></span> <span class='ocrx_word' id='word_1_612' title='bbox 1493 4861 1865 4932; x_wconf 76' lang='grc' dir='ltr'>πνευματικὴν</span> 
     </span>
    </p>
   </div>
   <div class='ocr_carea' id='block_1_80' title="bbox 257 4944 1864 5018">
    <p class='ocr_par' dir='ltr' id='par_1_80' title="bbox 257 4944 1864 5018">
     <span class='ocr_line' id='line_1_80' title="bbox 257 4944 1864 5018; baseline 0.005 -20"><span class='ocrx_word' id='word_1_613' title='bbox 257 4945 494 5014; x_wconf 74' lang='grc' dir='ltr'>σοφίαν,</span> <span class='ocrx_word' id='word_1_614' title='bbox 534 4945 629 4996; x_wconf 78' lang='grc' dir='ltr'><strong>καὶ</strong></span> <span class='ocrx_word' id='word_1_615' title='bbox 652 4945 750 5014; x_wconf 81' lang='grc' dir='ltr'>τὴν</span> <span class='ocrx_word' id='word_1_616' title='bbox 779 4945 980 5012; x_wconf 82' lang='grc' dir='ltr'>γνῶσιν</span> <span class='ocrx_word' id='word_1_617' title='bbox 1007 4944 1112 4999; x_wconf 80' lang='grc' dir='ltr'><strong>τῶν</strong></span> <span class='ocrx_word' id='word_1_618' title='bbox 1141 4947 1308 5014; x_wconf 86' lang='grc' dir='ltr'>ἀγίων</span> <span class='ocrx_word' id='word_1_619' title='bbox 1338 4949 1654 5018; x_wconf 83' lang='grc' dir='ltr'>ἐγνωκέναι.</span> <span class='ocrx_word' id='word_1_620' title='bbox 1706 4952 1864 5006; x_wconf 84' lang='grc' dir='ltr'>Ἀλλά</span> 
     </span>
    </p>
   </div>
   <div class='ocr_carea' id='block_1_81' title="bbox 255 5038 1864 5110">
    <p class='ocr_par' dir='ltr' id='par_1_81' title="bbox 255 5038 1864 5110">
     <span class='ocr_line' id='line_1_81' title="bbox 255 5038 1864 5110; baseline 0.004 -18"><span class='ocrx_word' id='word_1_621' title='bbox 255 5039 360 5092; x_wconf 72' lang='grc' dir='ltr'><strong>καὶ</strong></span> <span class='ocrx_word' id='word_1_622' title='bbox 405 5059 424 5091; x_wconf 83' lang='grc'><strong>‹</strong></span> <span class='ocrx_word' id='word_1_623' title='bbox 477 5040 538 5092; x_wconf 87' lang='grc' dir='ltr'><strong>αί</strong></span> <span class='ocrx_word' id='word_1_624' title='bbox 598 5038 972 5110; x_wconf 83' lang='grc' dir='ltr'>πλημμέλειαι</span> <span class='ocrx_word' id='word_1_625' title='bbox 1015 5058 1152 5110; x_wconf 88' lang='grc' dir='ltr'>μου,</span> <span class='ocrx_word' id='word_1_626' title='bbox 1203 5042 1402 5110; x_wconf 79' lang='grc' dir='ltr'>φησὶν,</span> <span class='ocrx_word' id='word_1_627' title='bbox 1467 5043 1573 5096; x_wconf 82' lang='grc' dir='ltr'><strong>ἀπὸ</strong></span> <span class='ocrx_word' id='word_1_628' title='bbox 1623 5044 1718 5097; x_wconf 91' lang='grc' dir='ltr'><strong>σοῦ</strong></span> <span class='ocrx_word' id='word_1_629' title='bbox 1765 5046 1864 5099; x_wconf 83' lang='grc' dir='ltr'><strong>οὐκ</strong></span> 
     </span>
    </p>
   </div>
   <div class='ocr_carea' id='block_1_82' title="bbox 255 5124 1866 5204">
    <p class='ocr_par' dir='ltr' id='par_1_82' title="bbox 255 5124 1866 5204">
     <span class='ocr_line' id='line_1_82' title="bbox 255 5124 1866 5204; baseline 0.002 -22"><span class='ocrx_word' id='word_1_630' title='bbox 255 5127 698 5199; x_wconf 71' lang='grc' dir='ltr'>ἀπεκρύϐησαν.</span> <span class='ocrx_word' id='word_1_631' title='bbox 730 5148 746 5178; x_wconf 72' lang='grc' dir='ltr'><strong>ι</strong></span> <span class='ocrx_word' id='word_1_632' title='bbox 802 5128 864 5180; x_wconf 86' lang='grc' dir='ltr'><strong>Εἰ</strong></span> <span class='ocrx_word' id='word_1_633' title='bbox 906 5127 1016 5200; x_wconf 82' lang='grc' dir='ltr'><strong>γὰρ</strong></span> <span class='ocrx_word' id='word_1_634' title='bbox 1063 5124 1202 5200; x_wconf 77' lang='grc' dir='ltr'>ἦσάν</span> <span class='ocrx_word' id='word_1_635' title='bbox 1247 5147 1390 5194; x_wconf 82' lang='grc' dir='ltr'>τινες</span> <span class='ocrx_word' id='word_1_636' title='bbox 1435 5133 1492 5184; x_wconf 79' lang='grc' dir='ltr'><strong>ἐν</strong></span> <span class='ocrx_word' id='word_1_637' title='bbox 1523 5133 1645 5204; x_wconf 78' lang='grc' dir='ltr'>ἐμοὶ</span> <span class='ocrx_word' id='word_1_638' title='bbox 1684 5133 1866 5204; x_wconf 84' lang='grc' dir='ltr'>πλημ-</span> 
     </span>
    </p>
   </div>
   <div class='ocr_carea' id='block_1_83' title="bbox 257 5219 1865 5296">
    <p class='ocr_par' dir='ltr' id='par_1_83' title="bbox 257 5219 1865 5296">
     <span class='ocr_line' id='line_1_83' title="bbox 257 5219 1865 5296; baseline 0.005 -25"><span class='ocrx_word' id='word_1_639' title='bbox 257 5219 518 5289; x_wconf 80' lang='grc' dir='ltr'>μέλειαι,</span> <span class='ocrx_word' id='word_1_640' title='bbox 562 5219 630 5272; x_wconf 77' lang='grc' dir='ltr'>δι’</span> <span class='ocrx_word' id='word_1_641' title='bbox 675 5219 741 5284; x_wconf 83' lang='grc' dir='ltr'><strong>ἀς</strong></span> <span class='ocrx_word' id='word_1_642' title='bbox 783 5219 860 5291; x_wconf 85' lang='grc' dir='ltr'><strong>τῷ</strong></span> <span class='ocrx_word' id='word_1_643' title='bbox 903 5221 1116 5292; x_wconf 88' lang='grc' dir='ltr'>σταυρῴ</span> <span class='ocrx_word' id='word_1_644' title='bbox 1151 5239 1218 5291; x_wconf 90' lang='grc' dir='ltr'><strong>με</strong></span> <span class='ocrx_word' id='word_1_645' title='bbox 1255 5223 1682 5294; x_wconf 85' lang='grc' dir='ltr'>προσετίμησαν,</span> <span class='ocrx_word' id='word_1_646' title='bbox 1725 5227 1865 5296; x_wconf 86' lang='grc' dir='ltr'><strong>τάχα</strong></span> 
     </span>
    </p>
   </div>
   <div class='ocr_carea' id='block_1_84' title="bbox 256 5309 1860 5383">
    <p class='ocr_par' dir='ltr' id='par_1_84' title="bbox 256 5309 1860 5383">
     <span class='ocr_line' id='line_1_84' title="bbox 256 5309 1860 5383; baseline 0.002 -18"><span class='ocrx_word' id='word_1_647' title='bbox 256 5327 370 5365; x_wconf 87' lang='grc' dir='ltr'><strong>που</strong></span> <span class='ocrx_word' id='word_1_648' title='bbox 425 5313 498 5364; x_wconf 73' lang='grc' dir='ltr'><strong>σὺ</strong></span> <span class='ocrx_word' id='word_1_649' title='bbox 540 5311 756 5383; x_wconf 83' lang='grc' dir='ltr'>πρῶτος</span> <span class='ocrx_word' id='word_1_650' title='bbox 789 5310 990 5380; x_wconf 78' lang='grc' dir='ltr'>ἔγνως,</span> <span class='ocrx_word' id='word_1_651' title='bbox 1038 5312 1095 5364; x_wconf 87' lang='grc' dir='ltr'>ὂν</span> <span class='ocrx_word' id='word_1_652' title='bbox 1125 5311 1408 5366; x_wconf 76' lang='grc' dir='ltr'>λανθάνειν</span> <span class='ocrx_word' id='word_1_653' title='bbox 1447 5313 1596 5365; x_wconf 77' lang='grc' dir='ltr'>οὐδὲν</span> <span class='ocrx_word' id='word_1_654' title='bbox 1632 5309 1743 5367; x_wconf 74' lang='grc' dir='ltr'>οἷόν</span> <span class='ocrx_word' id='word_1_655' title='bbox 1772 5333 1860 5368; x_wconf 89' lang='grc' dir='ltr'>τε·</span> 
     </span>
    </p>
   </div>
   <div class='ocr_carea' id='block_1_85' title="bbox 254 5397 1864 5476">
    <p class='ocr_par' dir='ltr' id='par_1_85' title="bbox 254 5397 1864 5476">
     <span class='ocr_line' id='line_1_85' title="bbox 254 5397 1864 5476; baseline 0.001 -20"><span class='ocrx_word' id='word_1_656' title='bbox 254 5402 382 5457; x_wconf 84' lang='grc' dir='ltr'>ἀλλ’</span> <span class='ocrx_word' id='word_1_657' title='bbox 415 5399 640 5467; x_wconf 77' lang='grc' dir='ltr'>οὐδένες</span> <span class='ocrx_word' id='word_1_658' title='bbox 668 5401 786 5473; x_wconf 82' lang='lat' dir='ltr'><strong>(sic)</strong></span> <span class='ocrx_word' id='word_1_659' title='bbox 823 5397 984 5473; x_wconf 75' lang='grc' dir='ltr'>ἦσαν.</span> <span class='ocrx_word' id='word_1_660' title='bbox 1027 5402 1119 5454; x_wconf 75' lang='grc' dir='ltr'>Διὸ</span> <span class='ocrx_word' id='word_1_661' title='bbox 1152 5405 1200 5455; x_wconf 85' lang='grc' dir='ltr'>οἱ</span> <span class='ocrx_word' id='word_1_662' title='bbox 1236 5401 1520 5474; x_wconf 83' lang='grc' dir='ltr'>μισοῦντές</span> <span class='ocrx_word' id='word_1_663' title='bbox 1557 5421 1621 5474; x_wconf 87' lang='grc' dir='ltr'><strong>με</strong></span> <span class='ocrx_word' id='word_1_664' title='bbox 1655 5403 1864 5476; x_wconf 74' lang='grc' dir='ltr'>δωρεὰν</span> 
     </span>
    </p>
   </div>
   <div class='ocr_carea' id='block_1_86' title="bbox 256 5493 1866 5569">
    <p class='ocr_par' dir='ltr' id='par_1_86' title="bbox 256 5493 1866 5569">
     <span class='ocr_line' id='line_1_86' title="bbox 256 5493 1866 5569; baseline 0.002 -23"><span class='ocrx_word' id='word_1_665' title='bbox 256 5494 542 5565; x_wconf 79' lang='grc' dir='ltr'>ἑμίσουν,</span> <span class='ocrx_word' id='word_1_666' title='bbox 618 5494 712 5548; x_wconf 75' lang='grc' dir='ltr'>καὶ</span> <span class='ocrx_word' id='word_1_667' title='bbox 769 5496 818 5547; x_wconf 89' lang='grc' dir='ltr'><strong>οί</strong></span> <span class='ocrx_word' id='word_1_668' title='bbox 887 5493 1239 5559; x_wconf 80' lang='grc' dir='ltr'>ὲκδιώκοντές</span> <span class='ocrx_word' id='word_1_669' title='bbox 1293 5513 1359 5566; x_wconf 92' lang='grc' dir='ltr'><strong>με</strong></span> <span class='ocrx_word' id='word_1_670' title='bbox 1417 5495 1617 5559; x_wconf 83' lang='grc' dir='ltr'>ἀδίκως</span> <span class='ocrx_word' id='word_1_671' title='bbox 1681 5495 1716 5549; x_wconf 80' lang='grc' dir='ltr'><strong>ἀ</strong></span> <span class='ocrx_word' id='word_1_672' title='bbox 1769 5497 1866 5569; x_wconf 66' lang='grc' dir='ltr'><strong>οὐχ</strong></span> 
     </span>
    </p>
   </div>
   <div class='ocr_carea' id='block_1_87' title="bbox 254 5581 1866 5660">
    <p class='ocr_par' dir='ltr' id='par_1_87' title="bbox 254 5581 1866 5660">
     <span class='ocr_line' id='line_1_87' title="bbox 254 5581 1866 5660; baseline 0.002 -23"><span class='ocrx_word' id='word_1_673' title='bbox 254 5587 514 5658; x_wconf 70' lang='grc' dir='ltr'>ἣρπασα.</span> <span class='ocrx_word' id='word_1_674' title='bbox 567 5587 915 5660; x_wconf 55' lang='grc' dir='ltr'>ἐξέπραττονρ</span> <span class='ocrx_word' id='word_1_675' title='bbox 980 5588 1131 5643; x_wconf 74' lang='grc' dir='ltr'>Ἐπεὶ</span> <span class='ocrx_word' id='word_1_676' title='bbox 1173 5588 1230 5642; x_wconf 82' lang='grc' dir='ltr'><strong>δὲ</strong></span> <span class='ocrx_word' id='word_1_677' title='bbox 1265 5581 1721 5659; x_wconf 68' lang='grc' dir='ltr'>ψευδομάρτυρας</span> <span class='ocrx_word' id='word_1_678' title='bbox 1772 5589 1866 5641; x_wconf 74' lang='grc' dir='ltr'><strong>καὶ</strong></span> 
     </span>
    </p>
   </div>
   <div class='ocr_carea' id='block_1_88' title="bbox 339 5741 1502 5816">
    <p class='ocr_par' dir='ltr' id='par_1_88' title="bbox 339 5741 1502 5816">
     <span class='ocr_line' id='line_1_88' title="bbox 339 5741 1502 5816; baseline 0.004 -19"><span class='ocrx_word' id='word_1_679' title='bbox 339 5745 362 5777; x_wconf 75' lang='grc'><strong>⁸</strong></span> <span class='ocrx_word' id='word_1_680' title='bbox 402 5742 456 5798; x_wconf 75' lang='grc' dir='ltr'><strong>ιι</strong></span> <span class='ocrx_word' id='word_1_681' title='bbox 494 5741 624 5800; x_wconf 87' lang='lat' dir='ltr'><strong>Cor.</strong></span> <span class='ocrx_word' id='word_1_682' title='bbox 668 5763 783 5816; x_wconf 76' lang='lat' dir='ltr'><strong>xm,</strong></span> <span class='ocrx_word' id='word_1_683' title='bbox 826 5746 874 5800; x_wconf 71' lang='grc'><strong>4.</strong></span> <span class='ocrx_word' id='word_1_684' title='bbox 954 5749 973 5779; x_wconf 85' lang='grc'>⁸</span> <span class='ocrx_word' id='word_1_685' title='bbox 1016 5747 1032 5800; x_wconf 96' lang='lat' dir='ltr'><strong>l</strong></span> <span class='ocrx_word' id='word_1_686' title='bbox 1069 5747 1188 5803; x_wconf 88' lang='lat' dir='ltr'><strong>Cor.</strong></span> <span class='ocrx_word' id='word_1_687' title='bbox 1240 5763 1274 5812; x_wconf 87' lang='grc' dir='ltr'><strong>ι,</strong></span> <span class='ocrx_word' id='word_1_688' title='bbox 1314 5746 1502 5802; x_wconf 68' lang='grc'><strong>23-25.</strong></span> 
     </span>
    </p>
   </div>
   <div class='ocr_carea' id='block_1_89' title="bbox 1976 3193 3554 3264">
    <p class='ocr_par' dir='ltr' id='par_1_89' title="bbox 1976 3193 3554 3264">
     <span class='ocr_line' id='line_1_89' title="bbox 1976 3193 3554 3264; baseline 0.005 -17"><span class='ocrx_word' id='word_1_689' title='bbox 1976 3193 2290 3264; x_wconf 71' lang='lat' dir='ltr'><strong>insipientia</strong></span> <span class='ocrx_word' id='word_1_690' title='bbox 2318 3203 2422 3258; x_wconf 91' lang='lat' dir='ltr'><strong>est,</strong></span> <span class='ocrx_word' id='word_1_691' title='bbox 2464 3195 2625 3250; x_wconf 89' lang='lat' dir='ltr'><strong>nobis</strong></span> <span class='ocrx_word' id='word_1_692' title='bbox 2656 3205 2836 3251; x_wconf 91' lang='lat' dir='ltr'><strong>tamen</strong></span> <span class='ocrx_word' id='word_1_693' title='bbox 2867 3198 3100 3254; x_wconf 86' lang='lat' dir='ltr'><strong>salutem</strong></span> <span class='ocrx_word' id='word_1_694' title='bbox 3163 3201 3342 3256; x_wconf 93' lang='lat' dir='ltr'><strong>nactis</strong></span> <span class='ocrx_word' id='word_1_695' title='bbox 3375 3200 3554 3255; x_wconf 86' lang='lat' dir='ltr'><strong>virtus</strong></span> 
     </span>
    </p>
   </div>
   <div class='ocr_carea' id='block_1_90' title="bbox 1973 3281 3554 3355">
    <p class='ocr_par' dir='ltr' id='par_1_90' title="bbox 1973 3281 3554 3355">
     <span class='ocr_line' id='line_1_90' title="bbox 1973 3281 3554 3355; baseline 0.004 -19"><span class='ocrx_word' id='word_1_696' title='bbox 1973 3281 2070 3338; x_wconf 89' lang='lat' dir='ltr'><strong>Dei</strong></span> <span class='ocrx_word' id='word_1_697' title='bbox 2099 3291 2203 3337; x_wconf 90' lang='lat' dir='ltr'><strong>est.</strong></span> <span class='ocrx_word' id='word_1_698' title='bbox 2232 3282 2384 3338; x_wconf 84' lang='lat' dir='ltr'><strong>Hanc</strong></span> <span class='ocrx_word' id='word_1_699' title='bbox 2413 3283 2580 3354; x_wconf 84' lang='lat' dir='ltr'><strong>igitur</strong></span> <span class='ocrx_word' id='word_1_700' title='bbox 2620 3285 2992 3355; x_wconf 89' lang='lat' dir='ltr'><strong>insipientiam</strong></span> <span class='ocrx_word' id='word_1_701' title='bbox 3030 3298 3084 3342; x_wconf 89' lang='lat' dir='ltr'><strong>et</strong></span> <span class='ocrx_word' id='word_1_702' title='bbox 3121 3289 3410 3343; x_wconf 87' lang='lat' dir='ltr'><strong>stultitiam</strong></span> <span class='ocrx_word' id='word_1_703' title='bbox 3443 3305 3554 3344; x_wconf 91' lang='lat' dir='ltr'><strong>non</strong></span> 
     </span>
    </p>
   </div>
   <div class='ocr_carea' id='block_1_91' title="bbox 1975 3374 3555 3447">
    <p class='ocr_par' dir='ltr' id='par_1_91' title="bbox 1975 3374 3555 3447">
     <span class='ocr_line' id='line_1_91' title="bbox 1975 3374 3555 3447; baseline 0.004 -19"><span class='ocrx_word' id='word_1_704' title='bbox 1975 3375 2245 3447; x_wconf 77' lang='lat' dir='ltr'><strong>ignoravit</strong></span> <span class='ocrx_word' id='word_1_705' title='bbox 2284 3374 2464 3443; x_wconf 89' lang='lat' dir='ltr'><strong>Deus;</strong></span> <span class='ocrx_word' id='word_1_706' title='bbox 2498 3392 2625 3431; x_wconf 91' lang='lat' dir='ltr'><strong>nam</strong></span> <span class='ocrx_word' id='word_1_707' title='bbox 2683 3377 2858 3446; x_wconf 91' lang='lat' dir='ltr'><strong>ipsius</strong></span> <span class='ocrx_word' id='word_1_708' title='bbox 2903 3378 3114 3447; x_wconf 84' lang='lat' dir='ltr'><strong>judicio</strong></span> <span class='ocrx_word' id='word_1_709' title='bbox 3158 3381 3390 3435; x_wconf 77' lang='lat' dir='ltr'><strong>exstitit.</strong></span> <span class='ocrx_word' id='word_1_710' title='bbox 3426 3381 3555 3435; x_wconf 83' lang='lat' dir='ltr'><strong>ideo</strong></span> 
     </span>
    </p>
   </div>
   <div class='ocr_carea' id='block_1_92' title="bbox 1973 3467 3553 3542">
    <p class='ocr_par' dir='ltr' id='par_1_92' title="bbox 1973 3467 3553 3542">
     <span class='ocr_line' id='line_1_92' title="bbox 1973 3467 3553 3542; baseline 0.004 -22"><span class='ocrx_word' id='word_1_711' title='bbox 1973 3467 2088 3522; x_wconf 91' lang='lat' dir='ltr'><strong>ait:</strong></span> <span class='ocrx_word' id='word_1_712' title='bbox 2130 3490 2147 3519; x_wconf 78' lang='grc' dir='ltr'><strong>ι</strong></span> <span class='ocrx_word' id='word_1_713' title='bbox 2189 3467 2351 3532; x_wconf 90' lang='lat' dir='ltr'><strong>Deus,</strong></span> <span class='ocrx_word' id='word_1_714' title='bbox 2408 3480 2463 3524; x_wconf 93' lang='lat' dir='ltr'><strong>tu</strong></span> <span class='ocrx_word' id='word_1_715' title='bbox 2522 3471 2634 3526; x_wconf 83' lang='lat' dir='ltr'><strong>scis</strong></span> <span class='ocrx_word' id='word_1_716' title='bbox 2702 3472 3072 3542; x_wconf 89' lang='lat' dir='ltr'><strong>insipientiam</strong></span> <span class='ocrx_word' id='word_1_717' title='bbox 3140 3487 3338 3527; x_wconf 87' lang='lat' dir='ltr'><strong>meam.</strong></span> <span class='ocrx_word' id='word_1_718' title='bbox 3384 3492 3403 3526; x_wconf 86' lang='grc'>›</span> <span class='ocrx_word' id='word_1_719' title='bbox 3441 3471 3553 3528; x_wconf 89' lang='lat' dir='ltr'><strong>Nos</strong></span> 
     </span>
    </p>
   </div>
   <div class='ocr_carea' id='block_1_93' title="bbox 1971 3559 3551 3631">
    <p class='ocr_par' dir='ltr' id='par_1_93' title="bbox 1971 3559 3551 3631">
     <span class='ocr_line' id='line_1_93' title="bbox 1971 3559 3551 3631; baseline 0.004 -19"><span class='ocrx_word' id='word_1_720' title='bbox 1971 3575 2102 3613; x_wconf 85' lang='lat' dir='ltr'><strong>vero</strong></span> <span class='ocrx_word' id='word_1_721' title='bbox 2137 3559 2500 3630; x_wconf 83' lang='lat' dir='ltr'><strong>Symmachus</strong></span> <span class='ocrx_word' id='word_1_722' title='bbox 2531 3562 2600 3615; x_wconf 89' lang='lat' dir='ltr'><strong>ab</strong></span> <span class='ocrx_word' id='word_1_723' title='bbox 2645 3561 2746 3616; x_wconf 86' lang='lat' dir='ltr'><strong>hac</strong></span> <span class='ocrx_word' id='word_1_724' title='bbox 2780 3578 2840 3617; x_wconf 92' lang='lat' dir='ltr'><strong>re</strong></span> <span class='ocrx_word' id='word_1_725' title='bbox 2885 3562 3180 3631; x_wconf 79' lang='lat' dir='ltr'><strong>expedivit,</strong></span> <span class='ocrx_word' id='word_1_726' title='bbox 3234 3563 3316 3618; x_wconf 89' lang='lat' dir='ltr'><strong>sic</strong></span> <span class='ocrx_word' id='word_1_727' title='bbox 3377 3564 3551 3618; x_wconf 83' lang='lat' dir='ltr'><strong>inter-</strong></span> 
     </span>
    </p>
   </div>
   <div class='ocr_carea' id='block_1_94' title="bbox 1973 3652 3556 3725">
    <p class='ocr_par' dir='ltr' id='par_1_94' title="bbox 1973 3652 3556 3725">
     <span class='ocr_line' id='line_1_94' title="bbox 1973 3652 3556 3725; baseline 0.004 -21"><span class='ocrx_word' id='word_1_728' title='bbox 1973 3659 2220 3721; x_wconf 86' lang='lat' dir='ltr'><strong>prctatus</strong></span> <span class='ocrx_word' id='word_1_729' title='bbox 2253 3671 2265 3707; x_wconf 92' lang='lat'>:</span> <span class='ocrx_word' id='word_1_730' title='bbox 2305 3671 2323 3704; x_wconf 85' lang='grc'><em>‹</em></span> <span class='ocrx_word' id='word_1_731' title='bbox 2364 3652 2529 3715; x_wconf 89' lang='lat' dir='ltr'><strong>Deus,</strong></span> <span class='ocrx_word' id='word_1_732' title='bbox 2563 3663 2620 3708; x_wconf 92' lang='lat' dir='ltr'><strong>tu</strong></span> <span class='ocrx_word' id='word_1_733' title='bbox 2652 3655 2763 3710; x_wconf 91' lang='lat' dir='ltr'><strong>scis</strong></span> <span class='ocrx_word' id='word_1_734' title='bbox 2788 3655 3116 3725; x_wconf 88' lang='lat' dir='ltr'><strong>imperitiam</strong></span> <span class='ocrx_word' id='word_1_735' title='bbox 3150 3671 3347 3724; x_wconf 84' lang='lat' dir='ltr'><strong>meam,</strong></span> <span class='ocrx_word' id='word_1_736' title='bbox 3392 3675 3411 3709; x_wconf 74' lang='grc' dir='ltr'><strong>ι</strong></span> <span class='ocrx_word' id='word_1_737' title='bbox 3448 3657 3556 3710; x_wconf 89' lang='lat' dir='ltr'><strong>im-</strong></span> 
     </span>
    </p>
   </div>
   <div class='ocr_carea' id='block_1_95' title="bbox 1971 3743 3548 3816">
    <p class='ocr_par' dir='ltr' id='par_1_95' title="bbox 1971 3743 3548 3816">
     <span class='ocr_line' id='line_1_95' title="bbox 1971 3743 3548 3816; baseline 0.003 -18"><span class='ocrx_word' id='word_1_738' title='bbox 1971 3743 2223 3813; x_wconf 86' lang='lat' dir='ltr'><strong>peritiam</strong></span> <span class='ocrx_word' id='word_1_739' title='bbox 2253 3744 2466 3801; x_wconf 85' lang='lat' dir='ltr'><strong>scilicet</strong></span> <span class='ocrx_word' id='word_1_740' title='bbox 2497 3761 2618 3816; x_wconf 74' lang='lat' dir='ltr'><strong>qua:</strong></span> <span class='ocrx_word' id='word_1_741' title='bbox 2665 3748 2722 3801; x_wconf 91' lang='lat' dir='ltr'><strong>in</strong></span> <span class='ocrx_word' id='word_1_742' title='bbox 2768 3747 3085 3804; x_wconf 89' lang='lat' dir='ltr'><strong>hominibus</strong></span> <span class='ocrx_word' id='word_1_743' title='bbox 3122 3757 3225 3805; x_wconf 91' lang='lat' dir='ltr'><strong>est.</strong></span> <span class='ocrx_word' id='word_1_744' title='bbox 3252 3747 3387 3803; x_wconf 81' lang='lat' dir='ltr'><strong>Nam</strong></span> <span class='ocrx_word' id='word_1_745' title='bbox 3425 3766 3548 3804; x_wconf 80' lang='lat' dir='ltr'><strong>cum</strong></span> 
     </span>
    </p>
   </div>
   <div class='ocr_carea' id='block_1_96' title="bbox 1971 3835 3550 3914">
    <p class='ocr_par' dir='ltr' id='par_1_96' title="bbox 1971 3835 3550 3914">
     <span class='ocr_line' id='line_1_96' title="bbox 1971 3835 3550 3914; baseline 0.006 -27"><span class='ocrx_word' id='word_1_746' title='bbox 1971 3835 2041 3888; x_wconf 92' lang='lat' dir='ltr'><strong>ab</strong></span> <span class='ocrx_word' id='word_1_747' title='bbox 2074 3835 2355 3891; x_wconf 90' lang='lat' dir='ltr'><strong>hominum</strong></span> <span class='ocrx_word' id='word_1_748' title='bbox 2409 3839 2618 3892; x_wconf 90' lang='lat' dir='ltr'><strong>malitia</strong></span> <span class='ocrx_word' id='word_1_749' title='bbox 2679 3841 2894 3896; x_wconf 91' lang='lat' dir='ltr'><strong>alienus</strong></span> <span class='ocrx_word' id='word_1_750' title='bbox 2928 3848 3096 3906; x_wconf 86' lang='lat' dir='ltr'><strong>esset,</strong></span> <span class='ocrx_word' id='word_1_751' title='bbox 3130 3843 3271 3898; x_wconf 91' lang='lat' dir='ltr'><strong>hanc</strong></span> <span class='ocrx_word' id='word_1_752' title='bbox 3324 3843 3550 3914; x_wconf 89' lang='lat' dir='ltr'><strong>probam</strong></span> 
     </span>
    </p>
   </div>
   <div class='ocr_carea' id='block_1_97' title="bbox 1969 3932 3551 4007">
    <p class='ocr_par' dir='ltr' id='par_1_97' title="bbox 1969 3932 3551 4007">
     <span class='ocr_line' id='line_1_97' title="bbox 1969 3932 3551 4007; baseline 0.003 -23"><span class='ocrx_word' id='word_1_753' title='bbox 1969 3932 2300 4002; x_wconf 87' lang='lat' dir='ltr'><strong>imperitiam</strong></span> <span class='ocrx_word' id='word_1_754' title='bbox 2334 3933 2515 3988; x_wconf 86' lang='lat' dir='ltr'><strong>Patris</strong></span> <span class='ocrx_word' id='word_1_755' title='bbox 2571 3937 2658 3990; x_wconf 89' lang='lat' dir='ltr'><strong>sui</strong></span> <span class='ocrx_word' id='word_1_756' title='bbox 2741 3937 3038 4007; x_wconf 82' lang='lat' dir='ltr'><strong>cognitioni</strong></span> <span class='ocrx_word' id='word_1_757' title='bbox 3096 3937 3360 4006; x_wconf 88' lang='lat' dir='ltr'><strong>assignat.</strong></span> <span class='ocrx_word' id='word_1_758' title='bbox 3407 3934 3551 3988; x_wconf 82' lang='lat' dir='ltr'><strong>Alibi</strong></span> 
     </span>
    </p>
   </div>
   <div class='ocr_carea' id='block_1_98' title="bbox 1969 4023 3551 4100">
    <p class='ocr_par' dir='ltr' id='par_1_98' title="bbox 1969 4023 3551 4100">
     <span class='ocr_line' id='line_1_98' title="bbox 1969 4023 3551 4100; baseline 0.006 -25"><span class='ocrx_word' id='word_1_759' title='bbox 1969 4038 2187 4093; x_wconf 90' lang='lat' dir='ltr'><strong>quoque</strong></span> <span class='ocrx_word' id='word_1_760' title='bbox 2212 4023 2397 4079; x_wconf 85' lang='lat' dir='ltr'><strong>divina</strong></span> <span class='ocrx_word' id='word_1_761' title='bbox 2432 4026 2718 4098; x_wconf 82' lang='lat' dir='ltr'><strong>Scriptura</strong></span> <span class='ocrx_word' id='word_1_762' title='bbox 2745 4029 3076 4100; x_wconf 68' lang='lat' dir='ltr'><strong>insipientia:</strong></span> <span class='ocrx_word' id='word_1_763' title='bbox 3109 4027 3410 4083; x_wconf 89' lang='lat' dir='ltr'><strong>Salvatoris</strong></span> <span class='ocrx_word' id='word_1_764' title='bbox 3436 4043 3551 4084; x_wconf 83' lang='lat' dir='ltr'><strong>me-</strong></span> 
     </span>
    </p>
   </div>
   <div class='ocr_carea' id='block_1_99' title="bbox 1969 4110 3552 4193">
    <p class='ocr_par' dir='ltr' id='par_1_99' title="bbox 1969 4110 3552 4193">
     <span class='ocr_line' id='line_1_99' title="bbox 1969 4110 3552 4193; baseline 0.005 -25"><span class='ocrx_word' id='word_1_765' title='bbox 1969 4115 2149 4182; x_wconf 91' lang='lat' dir='ltr'><strong>minit,</strong></span> <span class='ocrx_word' id='word_1_766' title='bbox 2188 4116 2386 4188; x_wconf 90' lang='lat' dir='ltr'><strong>hisque</strong></span> <span class='ocrx_word' id='word_1_767' title='bbox 2443 4128 2734 4176; x_wconf 88' lang='lat' dir='ltr'><strong>consonat.</strong></span> <span class='ocrx_word' id='word_1_768' title='bbox 2795 4120 3075 4192; x_wconf 85' lang='lat' dir='ltr'><strong>Scriptum</strong></span> <span class='ocrx_word' id='word_1_769' title='bbox 3134 4110 3320 4193; x_wconf 88' lang='lat' dir='ltr'><strong>itaque</strong></span> <span class='ocrx_word' id='word_1_770' title='bbox 3361 4128 3446 4175; x_wconf 87' lang='lat' dir='ltr'><strong>est</strong></span> <span class='ocrx_word' id='word_1_771' title='bbox 3492 4121 3552 4176; x_wconf 89' lang='lat' dir='ltr'><strong>in</strong></span> 
     </span>
    </p>
   </div>
   <div class='ocr_carea' id='block_1_100' title="bbox 1968 4208 3552 4277">
    <p class='ocr_par' dir='ltr' id='par_1_100' title="bbox 1968 4208 3552 4277">
     <span class='ocr_line' id='line_1_100' title="bbox 1968 4208 3552 4277; baseline 0.003 -15"><span class='ocrx_word' id='word_1_772' title='bbox 1968 4208 2278 4266; x_wconf 84' lang='lat' dir='ltr'><strong>Proverbiis</strong></span> <span class='ocrx_word' id='word_1_773' title='bbox 2344 4231 2357 4266; x_wconf 89' lang='lat'><strong>:</strong></span> <span class='ocrx_word' id='word_1_774' title='bbox 2398 4231 2416 4263; x_wconf 73' lang='grc' dir='ltr'><strong>ι</strong></span> <span class='ocrx_word' id='word_1_775' title='bbox 2474 4211 2600 4268; x_wconf 81' lang='lat' dir='ltr'><strong>Haec</strong></span> <span class='ocrx_word' id='word_1_776' title='bbox 2626 4213 2760 4269; x_wconf 88' lang='lat' dir='ltr'><strong>dicit</strong></span> <span class='ocrx_word' id='word_1_777' title='bbox 2800 4216 2884 4270; x_wconf 86' lang='lat' dir='ltr'><strong>vir</strong></span> <span class='ocrx_word' id='word_1_778' title='bbox 2935 4215 3285 4271; x_wconf 87' lang='lat' dir='ltr'><strong>credentibus</strong></span> <span class='ocrx_word' id='word_1_779' title='bbox 3321 4215 3450 4277; x_wconf 86' lang='lat' dir='ltr'><strong>Deo.</strong></span> <span class='ocrx_word' id='word_1_780' title='bbox 3496 4223 3552 4269; x_wconf 88' lang='lat' dir='ltr'><strong>et</strong></span> 
     </span>
    </p>
   </div>
   <div class='ocr_carea' id='block_1_101' title="bbox 1968 4300 3550 4368">
    <p class='ocr_par' dir='ltr' id='par_1_101' title="bbox 1968 4300 3550 4368">
     <span class='ocr_line' id='line_1_101' title="bbox 1968 4300 3550 4368; baseline 0.004 -14"><span class='ocrx_word' id='word_1_781' title='bbox 1968 4315 2148 4355; x_wconf 90' lang='lat' dir='ltr'><strong>cesso.</strong></span> <span class='ocrx_word' id='word_1_782' title='bbox 2201 4300 2570 4360; x_wconf 87' lang='lat' dir='ltr'><strong>Stultissimus</strong></span> <span class='ocrx_word' id='word_1_783' title='bbox 2593 4306 2739 4361; x_wconf 89' lang='lat' dir='ltr'><strong>enim</strong></span> <span class='ocrx_word' id='word_1_784' title='bbox 2773 4323 2894 4362; x_wconf 93' lang='lat' dir='ltr'><strong>sum</strong></span> <span class='ocrx_word' id='word_1_785' title='bbox 2948 4308 3191 4362; x_wconf 92' lang='lat' dir='ltr'><strong>omnium</strong></span> <span class='ocrx_word' id='word_1_786' title='bbox 3245 4307 3550 4368; x_wconf 87' lang='lat' dir='ltr'><strong>hominum,</strong></span> 
     </span>
    </p>
   </div>
   <div class='ocr_carea' id='block_1_102' title="bbox 1969 4393 3552 4462">
    <p class='ocr_par' dir='ltr' id='par_1_102' title="bbox 1969 4393 3552 4462">
     <span class='ocr_line' id='line_1_102' title="bbox 1969 4393 3552 4462; baseline 0.002 -15"><span class='ocrx_word' id='word_1_787' title='bbox 1969 4401 2022 4447; x_wconf 89' lang='lat' dir='ltr'><strong>et</strong></span> <span class='ocrx_word' id='word_1_788' title='bbox 2053 4393 2344 4462; x_wconf 88' lang='lat' dir='ltr'><strong>prudentia</strong></span> <span class='ocrx_word' id='word_1_789' title='bbox 2389 4395 2629 4452; x_wconf 88' lang='lat' dir='ltr'><strong>hominis</strong></span> <span class='ocrx_word' id='word_1_790' title='bbox 2661 4413 2768 4450; x_wconf 90' lang='lat' dir='ltr'><strong>non</strong></span> <span class='ocrx_word' id='word_1_791' title='bbox 2815 4407 2898 4452; x_wconf 89' lang='lat' dir='ltr'><strong>est</strong></span> <span class='ocrx_word' id='word_1_792' title='bbox 2952 4399 3006 4452; x_wconf 94' lang='lat' dir='ltr'><strong>in</strong></span> <span class='ocrx_word' id='word_1_793' title='bbox 3042 4415 3150 4453; x_wconf 88' lang='lat' dir='ltr'><strong>me.</strong></span> <span class='ocrx_word' id='word_1_794' title='bbox 3194 4397 3336 4452; x_wconf 91' lang='lat' dir='ltr'><strong>Deus</strong></span> <span class='ocrx_word' id='word_1_795' title='bbox 3365 4397 3552 4451; x_wconf 88' lang='lat' dir='ltr'><strong>docuit</strong></span> 
     </span>
    </p>
   </div>
   <div class='ocr_carea' id='block_1_103' title="bbox 1975 4484 3544 4558">
    <p class='ocr_par' dir='ltr' id='par_1_103' title="bbox 1975 4484 3544 4558">
     <span class='ocr_line' id='line_1_103' title="bbox 1975 4484 3544 4558; baseline 0.002 -22"><span class='ocrx_word' id='word_1_796' title='bbox 1975 4499 2060 4537; x_wconf 89' lang='lat' dir='ltr'><strong>me</strong></span> <span class='ocrx_word' id='word_1_797' title='bbox 2092 4484 2441 4553; x_wconf 89' lang='lat' dir='ltr'><strong>sapientiam,</strong></span> <span class='ocrx_word' id='word_1_798' title='bbox 2468 4495 2522 4541; x_wconf 91' lang='lat' dir='ltr'><strong>et</strong></span> <span class='ocrx_word' id='word_1_799' title='bbox 2551 4487 2918 4558; x_wconf 85' lang='lat' dir='ltr'><strong>cognitionem</strong></span> <span class='ocrx_word' id='word_1_800' title='bbox 2950 4499 3265 4543; x_wconf 90' lang='lat' dir='ltr'><strong>sanctorum</strong></span> <span class='ocrx_word' id='word_1_801' title='bbox 3309 4487 3430 4541; x_wconf 85' lang='lat' dir='ltr'><strong>novi</strong></span> <span class='ocrx_word' id='word_1_802' title='bbox 3452 4486 3492 4540; x_wconf 79' lang='grc'><strong>⁸.</strong></span> <span class='ocrx_word' id='word_1_803' title='bbox 3525 4505 3544 4538; x_wconf 78' lang='grc' dir='ltr'><strong>ι</strong></span> 
     </span>
    </p>
   </div>
   <div class='ocr_carea' id='block_1_104' title="bbox 1973 4568 3553 4649">
    <p class='ocr_par' dir='ltr' id='par_1_104' title="bbox 1973 4568 3553 4649">
     <span class='ocr_line' id='line_1_104' title="bbox 1973 4568 3553 4649; baseline 0.003 -21"><span class='ocrx_word' id='word_1_804' title='bbox 1973 4574 2032 4629; x_wconf 91' lang='lat' dir='ltr'><strong>ln</strong></span> <span class='ocrx_word' id='word_1_805' title='bbox 2067 4575 2155 4630; x_wconf 90' lang='lat' dir='ltr'><strong>his</strong></span> <span class='ocrx_word' id='word_1_806' title='bbox 2191 4592 2431 4647; x_wconf 89' lang='lat' dir='ltr'><strong>namque</strong></span> <span class='ocrx_word' id='word_1_807' title='bbox 2454 4593 2514 4633; x_wconf 90' lang='lat' dir='ltr'><strong>se</strong></span> <span class='ocrx_word' id='word_1_808' title='bbox 2549 4579 2793 4633; x_wconf 92' lang='lat' dir='ltr'><strong>omnium</strong></span> <span class='ocrx_word' id='word_1_809' title='bbox 2847 4579 3128 4635; x_wconf 90' lang='lat' dir='ltr'><strong>hominum</strong></span> <span class='ocrx_word' id='word_1_810' title='bbox 3171 4568 3553 4649; x_wconf 79' lang='lat' dir='ltr'><strong>insipientissi-</strong></span> 
     </span>
    </p>
   </div>
   <div class='ocr_carea' id='block_1_105' title="bbox 1974 4666 3549 4738">
    <p class='ocr_par' dir='ltr' id='par_1_105' title="bbox 1974 4666 3549 4738">
     <span class='ocr_line' id='line_1_105' title="bbox 1974 4666 3549 4738; baseline 0.003 -19"><span class='ocrx_word' id='word_1_811' title='bbox 1974 4680 2124 4719; x_wconf 89' lang='lat' dir='ltr'><strong>mum</strong></span> <span class='ocrx_word' id='word_1_812' title='bbox 2161 4667 2504 4736; x_wconf 86' lang='lat' dir='ltr'><strong>pronuntiat.</strong></span> <span class='ocrx_word' id='word_1_813' title='bbox 2545 4675 2598 4722; x_wconf 92' lang='lat' dir='ltr'><strong>et</strong></span> <span class='ocrx_word' id='word_1_814' title='bbox 2651 4666 2999 4738; x_wconf 85' lang='lat' dir='ltr'><strong>prudentiam</strong></span> <span class='ocrx_word' id='word_1_815' title='bbox 3048 4668 3285 4724; x_wconf 89' lang='lat' dir='ltr'><strong>hominis</strong></span> <span class='ocrx_word' id='word_1_816' title='bbox 3342 4684 3401 4724; x_wconf 89' lang='lat' dir='ltr'><strong>se</strong></span> <span class='ocrx_word' id='word_1_817' title='bbox 3438 4683 3549 4724; x_wconf 89' lang='lat' dir='ltr'><strong>non</strong></span> 
     </span>
    </p>
   </div>
   <div class='ocr_carea' id='block_1_106' title="bbox 1974 4758 3552 4832">
    <p class='ocr_par' dir='ltr' id='par_1_106' title="bbox 1974 4758 3552 4832">
     <span class='ocr_line' id='line_1_106' title="bbox 1974 4758 3552 4832; baseline 0.004 -20"><span class='ocrx_word' id='word_1_818' title='bbox 1974 4758 2176 4814; x_wconf 88' lang='lat' dir='ltr'><strong>habere</strong></span> <span class='ocrx_word' id='word_1_819' title='bbox 2206 4758 2340 4814; x_wconf 91' lang='lat' dir='ltr'><strong>dicit</strong></span> <span class='ocrx_word' id='word_1_820' title='bbox 2373 4778 2386 4814; x_wconf 94' lang='lat'>:</span> <span class='ocrx_word' id='word_1_821' title='bbox 2417 4758 2512 4815; x_wconf 90' lang='lat' dir='ltr'><strong>sed</strong></span> <span class='ocrx_word' id='word_1_822' title='bbox 2565 4767 2749 4816; x_wconf 90' lang='lat' dir='ltr'><strong>tamen</strong></span> <span class='ocrx_word' id='word_1_823' title='bbox 2783 4760 2852 4816; x_wconf 91' lang='lat' dir='ltr'><strong>ab</strong></span> <span class='ocrx_word' id='word_1_824' title='bbox 2888 4760 3008 4832; x_wconf 89' lang='lat' dir='ltr'><strong>ipso</strong></span> <span class='ocrx_word' id='word_1_825' title='bbox 3039 4759 3152 4817; x_wconf 88' lang='lat' dir='ltr'><strong>Deo</strong></span> <span class='ocrx_word' id='word_1_826' title='bbox 3189 4761 3442 4817; x_wconf 90' lang='lat' dir='ltr'><strong>edoctum</strong></span> <span class='ocrx_word' id='word_1_827' title='bbox 3491 4778 3552 4819; x_wconf 90' lang='lat' dir='ltr'><strong>se</strong></span> 
     </span>
    </p>
   </div>
   <div class='ocr_carea' id='block_1_107' title="bbox 1974 4851 3550 4923">
    <p class='ocr_par' dir='ltr' id='par_1_107' title="bbox 1974 4851 3550 4923">
     <span class='ocr_line' id='line_1_107' title="bbox 1974 4851 3550 4923; baseline 0.001 -17"><span class='ocrx_word' id='word_1_828' title='bbox 1974 4851 2318 4921; x_wconf 89' lang='lat' dir='ltr'><strong>spiritualem</strong></span> <span class='ocrx_word' id='word_1_829' title='bbox 2355 4851 2704 4920; x_wconf 90' lang='lat' dir='ltr'><strong>sapientiam,</strong></span> <span class='ocrx_word' id='word_1_830' title='bbox 2735 4860 2790 4908; x_wconf 90' lang='lat' dir='ltr'><strong>et</strong></span> <span class='ocrx_word' id='word_1_831' title='bbox 2823 4852 3191 4923; x_wconf 89' lang='lat' dir='ltr'><strong>cognitionem</strong></span> <span class='ocrx_word' id='word_1_832' title='bbox 3235 4864 3550 4909; x_wconf 89' lang='lat' dir='ltr'><strong>sanctorum</strong></span> 
     </span>
    </p>
   </div>
   <div class='ocr_carea' id='block_1_108' title="bbox 1974 4941 3552 5015">
    <p class='ocr_par' dir='ltr' id='par_1_108' title="bbox 1974 4941 3552 5015">
     <span class='ocr_line' id='line_1_108' title="bbox 1974 4941 3552 5015; baseline 0.003 -18"><span class='ocrx_word' id='word_1_833' title='bbox 1974 4959 2140 5000; x_wconf 90' lang='lat' dir='ltr'><strong>nosse</strong></span> <span class='ocrx_word' id='word_1_834' title='bbox 2163 4951 2375 4998; x_wconf 88' lang='lat' dir='ltr'><strong>narrat.</strong></span> <span class='ocrx_word' id='word_1_835' title='bbox 2411 4941 2518 4999; x_wconf 90' lang='lat' dir='ltr'><strong>Sed</strong></span> <span class='ocrx_word' id='word_1_836' title='bbox 2554 4944 2742 5009; x_wconf 91' lang='lat' dir='ltr'><strong>etiam,</strong></span> <span class='ocrx_word' id='word_1_837' title='bbox 2783 4944 2982 5015; x_wconf 87' lang='lat' dir='ltr'><strong>inquit,</strong></span> <span class='ocrx_word' id='word_1_838' title='bbox 3008 4963 3026 4996; x_wconf 75' lang='grc' dir='ltr'><strong>ι</strong></span> <span class='ocrx_word' id='word_1_839' title='bbox 3064 4944 3261 5000; x_wconf 84' lang='lat' dir='ltr'><strong>delicta</strong></span> <span class='ocrx_word' id='word_1_840' title='bbox 3294 4962 3465 5002; x_wconf 88' lang='lat' dir='ltr'><strong>meaa</strong></span> <span class='ocrx_word' id='word_1_841' title='bbox 3499 4956 3552 5002; x_wconf 89' lang='lat' dir='ltr'><strong>te</strong></span> 
     </span>
    </p>
   </div>
   <div class='ocr_carea' id='block_1_109' title="bbox 1969 5035 3552 5110">
    <p class='ocr_par' dir='ltr' id='par_1_109' title="bbox 1969 5035 3552 5110">
     <span class='ocr_line' id='line_1_109' title="bbox 1969 5035 3552 5110; baseline 0.003 -20"><span class='ocrx_word' id='word_1_842' title='bbox 1969 5051 2082 5091; x_wconf 91' lang='lat' dir='ltr'><strong>non</strong></span> <span class='ocrx_word' id='word_1_843' title='bbox 2145 5045 2272 5093; x_wconf 85' lang='lat' dir='ltr'><strong>sunt</strong></span> <span class='ocrx_word' id='word_1_844' title='bbox 2336 5037 2675 5093; x_wconf 90' lang='lat' dir='ltr'><strong>abscondita.</strong></span> <span class='ocrx_word' id='word_1_845' title='bbox 2713 5056 2733 5090; x_wconf 71' lang='grc' dir='ltr'><strong>ι</strong></span> <span class='ocrx_word' id='word_1_846' title='bbox 2771 5035 2905 5091; x_wconf 79' lang='lat' dir='ltr'><strong>Nam</strong></span> <span class='ocrx_word' id='word_1_847' title='bbox 2941 5039 2986 5094; x_wconf 87' lang='lat' dir='ltr'><strong>si</strong></span> <span class='ocrx_word' id='word_1_848' title='bbox 3043 5040 3289 5110; x_wconf 56' lang='lat' dir='ltr'><strong>quasdam</strong></span> <span class='ocrx_word' id='word_1_849' title='bbox 3344 5040 3399 5095; x_wconf 93' lang='lat' dir='ltr'><strong>in</strong></span> <span class='ocrx_word' id='word_1_850' title='bbox 3465 5055 3552 5094; x_wconf 84' lang='lat' dir='ltr'><strong>me</strong></span> 
     </span>
    </p>
   </div>
   <div class='ocr_carea' id='block_1_110' title="bbox 1972 5128 3548 5201">
    <p class='ocr_par' dir='ltr' id='par_1_110' title="bbox 1972 5128 3548 5201">
     <span class='ocr_line' id='line_1_110' title="bbox 1972 5128 3548 5201; baseline 0.003 -21"><span class='ocrx_word' id='word_1_851' title='bbox 1972 5128 2176 5184; x_wconf 84' lang='lat' dir='ltr'><strong>delicta</strong></span> <span class='ocrx_word' id='word_1_852' title='bbox 2223 5138 2431 5194; x_wconf 89' lang='lat' dir='ltr'><strong>essent,</strong></span> <span class='ocrx_word' id='word_1_853' title='bbox 2491 5131 2562 5185; x_wconf 91' lang='lat' dir='ltr'><strong>ob</strong></span> <span class='ocrx_word' id='word_1_854' title='bbox 2610 5146 2732 5201; x_wconf 69' lang='lat' dir='ltr'><strong>quae</strong></span> <span class='ocrx_word' id='word_1_855' title='bbox 2787 5146 2875 5186; x_wconf 88' lang='lat' dir='ltr'><strong>me</strong></span> <span class='ocrx_word' id='word_1_856' title='bbox 2932 5133 3084 5188; x_wconf 92' lang='lat' dir='ltr'><strong>cruci</strong></span> <span class='ocrx_word' id='word_1_857' title='bbox 3132 5133 3548 5196; x_wconf 90' lang='lat' dir='ltr'><strong>destinaverint,</strong></span> 
     </span>
    </p>
   </div>
   <div class='ocr_carea' id='block_1_111' title="bbox 1973 5221 3546 5296">
    <p class='ocr_par' dir='ltr' id='par_1_111' title="bbox 1973 5221 3546 5296">
     <span class='ocr_line' id='line_1_111' title="bbox 1973 5221 3546 5296; baseline -0.001 -20"><span class='ocrx_word' id='word_1_858' title='bbox 1973 5237 2106 5276; x_wconf 88' lang='lat' dir='ltr'><strong>sane</strong></span> <span class='ocrx_word' id='word_1_859' title='bbox 2133 5229 2189 5274; x_wconf 90' lang='lat' dir='ltr'><strong>tu</strong></span> <span class='ocrx_word' id='word_1_860' title='bbox 2225 5221 2434 5292; x_wconf 91' lang='lat' dir='ltr'><strong>primus</strong></span> <span class='ocrx_word' id='word_1_861' title='bbox 2460 5237 2676 5287; x_wconf 88' lang='lat' dir='ltr'><strong>nosses,</strong></span> <span class='ocrx_word' id='word_1_862' title='bbox 2704 5223 2790 5278; x_wconf 78' lang='lat' dir='ltr'><strong>cui</strong></span> <span class='ocrx_word' id='word_1_863' title='bbox 2829 5224 3000 5280; x_wconf 87' lang='lat' dir='ltr'><strong>latere</strong></span> <span class='ocrx_word' id='word_1_864' title='bbox 3035 5225 3170 5279; x_wconf 89' lang='lat' dir='ltr'><strong>nihil</strong></span> <span class='ocrx_word' id='word_1_865' title='bbox 3203 5233 3417 5296; x_wconf 88' lang='lat' dir='ltr'><strong>potest;</strong></span> <span class='ocrx_word' id='word_1_866' title='bbox 3449 5223 3546 5277; x_wconf 91' lang='lat' dir='ltr'><strong>sed</strong></span> 
     </span>
    </p>
   </div>
   <div class='ocr_carea' id='block_1_112' title="bbox 1972 5314 3543 5389">
    <p class='ocr_par' dir='ltr' id='par_1_112' title="bbox 1972 5314 3543 5389">
     <span class='ocr_line' id='line_1_112' title="bbox 1972 5314 3543 5389; baseline 0.001 -21"><span class='ocrx_word' id='word_1_867' title='bbox 1972 5314 2123 5374; x_wconf 88' lang='lat' dir='ltr'><strong>nulla</strong></span> <span class='ocrx_word' id='word_1_868' title='bbox 2147 5322 2325 5369; x_wconf 89' lang='lat' dir='ltr'><strong>erant.</strong></span> <span class='ocrx_word' id='word_1_869' title='bbox 2368 5314 2549 5380; x_wconf 88' lang='lat' dir='ltr'><strong>Quare</strong></span> <span class='ocrx_word' id='word_1_870' title='bbox 2570 5317 2662 5387; x_wconf 92' lang='lat' dir='ltr'><strong>qui</strong></span> <span class='ocrx_word' id='word_1_871' title='bbox 2686 5315 2915 5372; x_wconf 85' lang='lat' dir='ltr'><strong>oderant</strong></span> <span class='ocrx_word' id='word_1_872' title='bbox 2939 5333 3044 5382; x_wconf 90' lang='lat' dir='ltr'><strong>me,</strong></span> <span class='ocrx_word' id='word_1_873' title='bbox 3073 5320 3244 5389; x_wconf 85' lang='lat' dir='ltr'><strong>gratis</strong></span> <span class='ocrx_word' id='word_1_874' title='bbox 3276 5317 3502 5372; x_wconf 75' lang='lat' dir='ltr'><strong>oderant</strong></span> <span class='ocrx_word' id='word_1_875' title='bbox 3530 5331 3543 5366; x_wconf 87' lang='lat'><strong>:</strong></span> 
     </span>
    </p>
   </div>
   <div class='ocr_carea' id='block_1_113' title="bbox 1972 5406 3546 5482">
    <p class='ocr_par' dir='ltr' id='par_1_113' title="bbox 1972 5406 3546 5482">
     <span class='ocr_line' id='line_1_113' title="bbox 1972 5406 3546 5482; baseline 0 -21"><span class='ocrx_word' id='word_1_876' title='bbox 1972 5413 2027 5461; x_wconf 89' lang='lat' dir='ltr'><strong>et</strong></span> <span class='ocrx_word' id='word_1_877' title='bbox 2052 5406 2145 5477; x_wconf 82' lang='lat' dir='ltr'><strong>qui</strong></span> <span class='ocrx_word' id='word_1_878' title='bbox 2169 5408 2641 5477; x_wconf 86' lang='lat' dir='ltr'><strong>persequebantur</strong></span> <span class='ocrx_word' id='word_1_879' title='bbox 2672 5427 2779 5475; x_wconf 87' lang='lat' dir='ltr'><strong>me,</strong></span> <span class='ocrx_word' id='word_1_880' title='bbox 2824 5410 3028 5482; x_wconf 86' lang='lat' dir='ltr'><strong>injuste</strong></span> <span class='ocrx_word' id='word_1_881' title='bbox 3074 5427 3196 5481; x_wconf 68' lang='lat' dir='ltr'><strong>quae</strong></span> <span class='ocrx_word' id='word_1_882' title='bbox 3250 5425 3357 5464; x_wconf 90' lang='lat' dir='ltr'><strong>nou</strong></span> <span class='ocrx_word' id='word_1_883' title='bbox 3391 5409 3546 5476; x_wconf 88' lang='lat' dir='ltr'><strong>rapui</strong></span> 
     </span>
    </p>
   </div>
   <div class='ocr_carea' id='block_1_114' title="bbox 1972 5498 3546 5571">
    <p class='ocr_par' dir='ltr' id='par_1_114' title="bbox 1972 5498 3546 5571">
     <span class='ocr_line' id='line_1_114' title="bbox 1972 5498 3546 5571; baseline -0.001 -15"><span class='ocrx_word' id='word_1_884' title='bbox 1972 5499 2284 5570; x_wconf 79' lang='lat' dir='ltr'><strong>exigebant.</strong></span> <span class='ocrx_word' id='word_1_885' title='bbox 2319 5498 2458 5570; x_wconf 89' lang='lat' dir='ltr'><strong>Quia</strong></span> <span class='ocrx_word' id='word_1_886' title='bbox 2506 5519 2638 5558; x_wconf 90' lang='lat' dir='ltr'><strong>vero</strong></span> <span class='ocrx_word' id='word_1_887' title='bbox 2665 5503 2835 5559; x_wconf 82' lang='lat' dir='ltr'><strong>falsos</strong></span> <span class='ocrx_word' id='word_1_888' title='bbox 2879 5510 3047 5558; x_wconf 88' lang='lat' dir='ltr'><strong>testes</strong></span> <span class='ocrx_word' id='word_1_889' title='bbox 3093 5511 3148 5557; x_wconf 89' lang='lat' dir='ltr'><strong>et</strong></span> <span class='ocrx_word' id='word_1_890' title='bbox 3181 5499 3546 5571; x_wconf 81' lang='lat' dir='ltr'><strong>sycophantas</strong></span> 
     </span>
    </p>
   </div>
   <div class='ocr_carea' id='block_1_115' title="bbox 1973 5591 3542 5666">
    <p class='ocr_par' dir='ltr' id='par_1_115' title="bbox 1973 5591 3542 5666">
     <span class='ocr_line' id='line_1_115' title="bbox 1973 5591 3542 5666; baseline 0.002 -22"><span class='ocrx_word' id='word_1_891' title='bbox 1973 5591 2041 5646; x_wconf 91' lang='lat' dir='ltr'><strong>ad</strong></span> <span class='ocrx_word' id='word_1_892' title='bbox 2077 5607 2163 5648; x_wconf 88' lang='lat' dir='ltr'><strong>me</strong></span> <span class='ocrx_word' id='word_1_893' title='bbox 2194 5595 2565 5652; x_wconf 85' lang='lat' dir='ltr'><strong>accusandum</strong></span> <span class='ocrx_word' id='word_1_894' title='bbox 2623 5597 3022 5660; x_wconf 85' lang='lat' dir='ltr'><strong>subornarunt,</strong></span> <span class='ocrx_word' id='word_1_895' title='bbox 3049 5601 3105 5649; x_wconf 90' lang='lat' dir='ltr'><strong>tu</strong></span> <span class='ocrx_word' id='word_1_896' title='bbox 3147 5594 3315 5662; x_wconf 83' lang='lat' dir='ltr'><strong>nosti,</strong></span> <span class='ocrx_word' id='word_1_897' title='bbox 3347 5593 3542 5666; x_wconf 82' lang='lat' dir='ltr'><strong>inquit,</strong></span> 
     </span>
    </p>
   </div>
   <div class='ocr_carea' id='block_1_116' title="bbox 1583 5745 2127 5811">
    <p class='ocr_par' dir='ltr' id='par_1_116' title="bbox 1583 5745 2127 5811">
     <span class='ocr_line' id='line_1_116' title="bbox 1583 5745 2127 5811; baseline 0.011 -13"><span class='ocrx_word' id='word_1_898' title='bbox 1583 5748 1602 5777; x_wconf 80' lang='grc'>⁸</span> <span class='ocrx_word' id='word_1_899' title='bbox 1643 5745 1804 5803; x_wconf 85' lang='lat' dir='ltr'><strong>Prov.</strong></span> <span class='ocrx_word' id='word_1_900' title='bbox 1849 5763 1974 5811; x_wconf 76' lang='lat' dir='ltr'><strong>xxx,</strong></span> <span class='ocrx_word' id='word_1_901' title='bbox 2023 5749 2127 5804; x_wconf 81' lang='grc'><strong>1-5.</strong></span> 
     </span>
    </p>
   </div>
  </div>
