4062 6208
470 329 575 385 755

1131 320 1404 380 EUSEBll
1440 313 1923 377 CASSARIENSIS
1956 309 2111 370 OPP.
2151 306 2336 367 PARS
2370 306 2459 365 Ill.
2499 336 2572 352 —
2608 304 3023 363 EXEGETICA.

3634 298 3742 357 7‘56

467 447 615 505 Deus
638 462 768 503 num
802 444 932 517 quid
959 453 1247 518 peccatum
1279 459 1311 498 a
1350 457 1438 498 me
1486 442 1576 498 sit.
1605 438 1793 510 Neque
1834 437 1982 493 enim
2008 435 2044 490 si

2162 432 2503 502 συκοφάντας
2536 430 2771 501 ἔστησαν
2804 424 2864 483 ἐν
2893 428 2960 499 τῇ
2996 426 3114 480 κατ’
3149 422 3283 497 ἐμοῦ
3314 421 3639 495 κατηγορίᾳ,
3671 424 3744 477 σὺ

464 538 715 611 quaedam
738 538 876 593 mihi
929 537 1130 593 delicta
1160 537 1429 598 inessent,
1467 532 1565 589 tibi
1592 538 1778 588 essent
1813 529 2049 584 occulta.

462 626 533 684 Et
563 627 725 692 alias,
757 627 804 683 si
835 636 1021 682 nostra
1055 626 1174 695 ipse
1206 633 1427 695 peccata
1461 622 1743 688 abstersit,
1768 630 1822 676 et
1875 619 2054 674 factus

461 728 548 778 est
575 735 679 791 pro
722 719 885 775 nobis
934 718 1313 781 maledictum,
1347 718 1423 771 ita
1464 723 1525 770 ut
1568 714 1636 770 de
1662 714 1757 769 illo
1783 712 2000 768 dicatur
2036 727 2052 764 :

469 833 488 866 ι
529 812 651 885 Ipse
686 819 914 883 peccata
956 819 1143 866 nostra
1192 817 1398 881 portat,
1424 818 1477 864 et
1521 823 1620 879 pro
1651 807 1812 862 nobis
1840 808 2055 861 crucia-

463 916 574 962 tur.
608 904 674 959 Et
706 908 823 976 ipse
846 905 1169 960 vulneratus
1203 910 1290 958 est
1322 910 1546 972 propter
1576 908 1801 970 peccata
1839 906 2050 963 nostra,

465 1001 775 1054 infirmatus
806 1009 890 1052 est
933 1006 1155 1066 propter
1193 994 1515 1063 iniquitates
1572 998 1817 1045 nostras.
1848 990 1911 1044 Et
1948 988 2049 1044 Do-

466 1091 655 1147 minus
689 1089 919 1143 tradidit
948 1103 1073 1143 eum
1125 1086 1366 1157 peccatis
1424 1084 1692 1139 nostris'.
1728 1101 1747 1136 ι
1787 1080 1934 1146 Haec,
1969 1081 2055 1135 in-

464 1184 605 1254 quit,
651 1182 852 1237 delicta
922 1195 1024 1251 pro
1071 1177 1389 1232 hominibus
1457 1174 1727 1245 suscepi:
1765 1179 1827 1227 tu
1878 1173 2049 1237 nosti,

466 1274 631 1339 Deus,
660 1274 791 1345 quia
822 1287 932 1328 non
966 1269 1286 1327 abscondita
1330 1269 1431 1324 tibi
1484 1276 1635 1323 sunt.
1674 1265 1862 1337 Neque
1893 1267 2043 1322 enim

465 1375 662 1439 praeter
691 1366 985 1421 consilium
1018 1375 1168 1418 tuum
1222 1361 1413 1417 isthaac
1465 1360 1706 1417 suscepi.
1736 1357 1917 1425 Quare
1960 1359 2051 1412 illa

466 1461 659 1518 notitia
691 1469 787 1515 tua
816 1460 980 1530 digna
1017 1454 1268 1512 effecisti.

533 1744 704 1802 Vens.
736 1746 787 1800 7.
818 1763 836 1797 ι
876 1743 995 1801 Non
1024 1742 1358 1800 erubescant
1405 1742 1462 1796 in
1484 1755 1572 1795 me
1602 1737 1697 1810 qui
1722 1744 2049 1809 exspectant

2157 520 2324 589 οἶδας,
2375 525 2560 595 φησὶν,
2608 527 2637 577 6
2664 521 2832 586 Θεὸς,
2880 520 2934 574 εῐ
2959 519 3080 573 τινά
3120 534 3211 589 μοι
3255 515 3737 588 πεπλημμέληται.

2155 616 2230 670 Οὐ
2272 616 2382 688 γὰρ
2427 616 2494 671 ἂν
2530 613 2841 687 ἐκρύϐησάν
2894 630 2990 675 σε,
3038 611 3091 664 εί
3130 626 3276 672 τινες
3322 603 3465 680 ἦσαν
3509 608 3568 660 ἐν
3613 607 3740 678 ἐμοὶ

2156 708 2545 781 πλημμέλειαι.
2571 709 2682 763 Kal
2708 706 2904 769 ἄλλως,
2930 707 2978 759 εἰ
3002 703 3101 768 τὰς
3121 701 3396 774 ἡμετέρας
3428 699 3740 771 ἀνεμάξατο

2156 800 2460 873 ἁμαρτίας,
2496 799 2592 854 καὶ
2622 799 2847 868 γέγονεν
2881 797 3023 867 ὑπὲρ
3067 794 3223 868 ἡμῶν
3264 794 3510 866 κατάρα,
3540 792 3617 856 ὡς
3646 792 3739 846 λέ-

2153 893 2347 962 γεσθαι
2396 893 2526 964 περὶ
2578 891 2775 947 αὐτοῦ·
2835 909 2854 942 ι
2889 884 3056 950 Οὗτος
3106 888 3206 952 τὰς
3252 886 3528 958 ἁμαρτίας
3572 885 3735 957 ήμῶν

2154 983 2333 1057 φέρει,
2367 982 2462 1037 καὶ
2511 982 2640 1053 περὶ
2667 980 2822 1052 ἡμῶν
2866 979 3137 1033 ὀδυνᾶται.
3183 978 3294 1031 Καὶ
3338 975 3500 1040 αὐτὸς
3537 976 3735 1048 ἐτραυ-

2157 1075 2393 1147 ματίσθη
2428 1074 2517 1129 διὰ
2547 1073 2648 1139 τὰς
2678 1072 2949 1145 ἁμαρτίας
2986 1071 3163 1143 ἡμῶν,
3194 1070 3287 1125 καὶ
3331 1068 3735 1142 μεμαλάκισται

2152 1168 2239 1221 διὰ
2265 1168 2368 1232 τὰς
2398 1167 2629 1238 ἀνομίας
2660 1165 2835 1238 ήμῶν.
2863 1165 2975 1219 Kal
2996 1163 3200 1236 Κύριος
3232 1162 3545 1234 παρέδωκεν
3571 1162 3733 1217 αὑτὸν

2152 1263 2268 1323 ταῖς
2293 1261 2589 1332 ἁμαρτίαις
2612 1260 2822 1331 ήμῶν.»
2855 1258 2963 1313 Καὶ
2988 1257 3210 1321 ταύτας,
3243 1257 3395 1329 φησὶ,
3425 1257 3523 1321 τὰς
3551 1258 3733 1329 πλημ-

2155 1351 2376 1421 μελείας
2427 1353 2570 1423 ὑπὲρ
2631 1351 2932 1425 ἀνθρώπων
2985 1350 3351 1421 ἀνεδεξάμην·
3416 1350 3477 1403 σὺ
3531 1348 3727 1417 ἔγνως,

2150 1443 2179 1494 6
2212 1441 2364 1505 Θεὸς,
2386 1443 2508 1496 ἐπεὶ
2557 1443 2631 1515 μὴ
2675 1443 3066 1515 ἀπεκρύϐησάν
3096 1459 3177 1497 σε.
3217 1442 3291 1496 οὐ
3333 1439 3440 1512 γάρ
3469 1440 3589 1510 δίχα
3619 1439 3728 1510 τῆς

2153 1534 2250 1604 σῆς
2283 1534 2592 1606 βουλήσεως
2650 1538 2853 1602 ταύτας
2900 1535 3272 1607 ἀνεδεξάμην·
3316 1534 3397 1587 διὸ
3440 1533 3533 1587 καὶ
3567 1532 3726 1600 ἀξίας

2149 1624 2247 1696 τῆς
2277 1626 2474 1680 σαυτοῦ
2501 1626 2756 1696 γνώσεως
2779 1627 2949 1692 αὑτὰς
2972 1628 3231 1699 ἐποιήσω.

2198 1755 2215 1786 ι
2229 1735 2318 1810 Μὴ
2334 1739 2750 1810 αἰσχυνθείησαν
2766 1740 2962 1810 ἐπ’ἐμέ
2985 1741 3034 1793 οί
3053 1740 3414 1811 ὑπομένοντες
3432 1756 3511 1804 σε,
3533 1738 3726 1812 Κύριε,

464 1847 541 1905 te,
598 1837 847 1900 Domine,
897 1834 1126 1890 Domine
1168 1834 1454 1889 virtutum.
1497 1851 1515 1884 ι
1548 1828 1688 1896 Quia
1745 1827 2044 1883 doctrinam

2154 1828 2326 1901 Κύριε
2349 1830 2457 1885 τῶν
2488 1832 2788 1904 δυνάμεων.
2805 1852 2823 1885 ι
2844 1833 3062 1905 Ἐπειδὴ
3216 1833 3353 1905 ἐμὴν
3380 1810 3729 1890 διδασκαλίαν

464 1947 642 1988 meam
669 1931 947 2002 sapientes
992 1929 1160 1999 hujus
1194 1926 1381 1983 saeculi
1423 1925 1809 1988 criminantur,
1844 1923 2049 1992 ipsam-

464 2040 572 2096 que
597 2023 809 2095 pellunt
838 2030 898 2076 ut
930 2020 1249 2092 insipientia
1291 2024 1346 2074 et
1398 2017 1631 2073 stultitia
1666 2016 1881 2088 plenam
1922 2028 2050 2084 pro-

463 2126 586 2190 pter
646 2114 1070 2187 ignominiosam
1123 2129 1366 2178 crucem,
1420 2126 1615 2183 precor
1649 2127 1713 2166 ac
1766 2125 1917 2180 rogo,
1952 2123 2049 2165 eos

464 2210 561 2282 qui
592 2209 826 2264 credunt
869 2208 925 2263 in
956 2224 1043 2262 me
1076 2206 1175 2262 abs
1204 2215 1257 2262 te
1297 2206 1503 2261 servari
1554 2203 1941 2265 immutabilcs,
1974 2203 2047 2256 ita

464 2309 527 2358 ut
584 2317 866 2374 nunquam
927 2301 1277 2356 erubescant.
1312 2297 1495 2367 Quare
1526 2305 1583 2351 tu
1618 2298 1757 2367 ipse,
1797 2296 2045 2361 Domine,

466 2393 699 2450 Domine
754 2394 1041 2456 virtutum,
1077 2406 1172 2448 eos
1227 2391 1323 2462 qui
1374 2398 1599 2461 propter
1676 2387 2045 2459 cognitionem

463 2496 614 2542 tuam
678 2501 708 2540 a
759 2501 846 2544 me
900 2484 1161 2540 traditam
1212 2484 1629 2554 impugnantur,
1697 2479 1793 2553 qui
1859 2481 2046 2551 gravia

462 2593 679 2649 semper
701 2577 1006 2648 patiuntur,
1026 2584 1081 2632 et
1106 2591 1282 2647 usque
1308 2573 1377 2629 ad
1403 2582 1635 2629 mortem
1658 2579 2034 2644 perseverant,

461 2687 532 2727 ne
578 2670 952 2741 derelinquas,
986 2685 1054 2724 ne
1108 2668 1164 2723 in
1216 2683 1304 2723 me
1344 2675 1631 2739 sperantes
1696 2666 2043 2723 confundan-

458 2770 573 2832 tur,
603 2763 697 2836 qui
734 2770 790 2819 te
834 2761 1005 2818 Deum
1064 2759 1233 2817 Israel
1281 2759 1600 2831 exquirunt.
1630 2759 1860 2814 Etiamsi
1901 2759 2044 2815 enim

460 2868 513 2912 te
541 2856 672 2912 olim
701 2872 814 2912 non
843 2862 1158 2920 noscerent,
1188 2853 1317 2924 quia
1342 2853 1685 2910 daemonibus
1715 2854 1877 2909 malis
1912 2853 2045 2910 sub-

459 2948 563 3004 diti
596 2956 795 3016 erant;
825 2956 881 3002 at
901 2948 1014 3018 jam
1041 2962 1165 3002 cum
1184 2954 1239 3001 te
1258 2957 1511 3011 noscant,
1530 2946 1584 3001 in
1614 2948 1860 3002 omnium
1894 2947 2041 3001 obli-

459 3042 677 3097 vionem
710 3049 1004 3105 venerunt,
1036 3047 1200 3110 teque
1238 3039 1416 3094 solum
1467 3039 1763 3111 quarendo
1790 3055 2045 3110 perseve-

460 3139 606 3189 rant.
635 3131 1004 3200 Quamobrem
1035 3132 1308 3203 supplicio
1342 3148 1412 3188 ne
1458 3132 1893 3196 confundantur,
1935 3148 2041 3188 neu
2071 3155 2112 3212 ο

463 3242 486 3277 ι
526 3223 829 3294 ignominia
878 3222 1207 3291 afficiantur;
1250 3243 1269 3275 ι
1317 3224 1399 3279 sic
1454 3224 1600 3279 enim
1649 3225 2044 3296 interpretatus

459 3310 827 3386 Symmachus
876 3321 1009 3369 est:
1047 3333 1066 3367 ι
1109 3313 1189 3370 Ne
1249 3313 1665 3369 confundantur
1713 3331 1880 3387 super
1932 3332 2041 3380 me,

460 3406 555 3478 qui
592 3414 913 3477 exspectant
946 3415 1019 3477 te,
1048 3408 1279 3465 Domine
1304 3408 1450 3465 Deus
1477 3409 1768 3474 virtutum,
1800 3425 1868 3464 ne
1890 3409 2047 3479 igno-

459 3497 631 3553 minia
676 3496 990 3553 afﬁciantur
1034 3515 1203 3571 super
1242 3515 1329 3556 me
1361 3501 1458 3575 qui
1506 3511 1759 3571 quaerunt
1789 3507 1864 3564 te,
1901 3499 2046 3556 Deus

459 3588 649 3645 Israel.
695 3609 714 3642 ι
756 3587 1029 3648 Observes
1089 3607 1256 3662 porro
1332 3592 1613 3663 quomodo
1673 3592 1882 3647 dictum
1950 3591 2042 3653 sit,

465 3698 486 3732 ι
533 3677 787 3742 Domine,
818 3678 1047 3737 Domine
1086 3683 1386 3749 virtutum;
1424 3703 1443 3736 ›
1480 3683 1554 3738 ita
1600 3691 1659 3737 ut
1712 3698 1909 3738 nomen
1941 3681 2046 3735 Do-

458 3769 595 3825 mini
620 3769 931 3841 repetitum,
963 3779 1018 3826 et
1057 3771 1125 3826 ad
1155 3771 1326 3828 Deum
1366 3774 1754 3828 universorum
1811 3773 2044 3828 relatum

457 3861 552 3917 sit.

533 3976 704 4034 Vens.
732 3978 787 4042 8,
816 3978 871 4033 9.
909 3997 928 4030 ι
968 3977 1241 4045 Quoniam
1300 3988 1526 4050 propter
1573 3987 1627 4035 te
1680 3979 1921 4035 sustinui
1948 3994 2048 4048 op-

458 4071 772 4143 probrium,
801 4073 1020 4142 operuit
1064 4072 1319 4127 confusio
1378 4072 1570 4127 faciem
1622 4088 1823 4126 meam.
1869 4092 1887 4123 »
1929 4071 2044 4126 Οιιμ

456 4162 587 4229 teri,
621 4163 824 4234 inquit,
860 4163 1113 4218 homines
1153 4164 1223 4216 oh
1269 4169 1492 4234 peccata
1543 4178 1643 4218 sua
1675 4164 2043 4234 correptioni-

458 4254 564 4311 bus
587 4266 642 4311 ct
668 4254 985 4326 Opprobriis
1038 4256 1444 4325 subjiciuntur;
1474 4271 1574 4327 ego
1623 4269 1755 4311 vero
1779 4255 1873 4326 qui
1915 4271 2044 4326 poc-

454 4359 642 4405 catum
678 4365 791 4405 non
822 4349 972 4413 novi,
1008 4358 1234 4419 propter
1268 4357 1321 4405 te
1367 4350 1603 4405 sustinui
1659 4349 2039 4422 approbrium,

454 4442 587 4512 quia
617 4449 677 4498 tu
704 4442 844 4512 ipse,
872 4439 1018 4499 Deus
1074 4440 1359 4497 hominum
1408 4453 1640 4506 amator,
1666 4457 1769 4514 pro
1802 4441 2040 4497 humano

453 4546 659 4601 genere
689 4548 778 4588 me
811 4542 1096 4604 peccatum
1122 4531 1330 4599 fecisti;
1360 4544 1418 4590 ut
1449 4534 1542 4605 qni
1574 4535 1811 4590 credunt
1839 4534 1895 4589 in
1923 4550 2032 4600 me,

449 4619 669 4693 justitia
698 4622 1022 4681 efficiantur.
1054 4624 1169 4681 Imo
1206 4626 1370 4681 etiam
1404 4645 1422 4678 ι
1454 4635 1677 4697 propter
1708 4636 1759 4681 te
1797 4626 2035 4682 sustinui

453 4714 832 4784 approbrium,
864 4736 883 4769 ι
914 4733 1039 4772 cum
1067 4734 1137 4772 ex
1172 4719 1456 4774 voluntate
1485 4726 1578 4773 tua
1600 4733 1686 4774 me
1707 4718 1774 4772 ad
1804 4718 2034 4773 nihilum

455 4804 665 4875 redegi,
714 4814 769 4861 et
823 4807 891 4861 ad
930 4816 1163 4864 mortem
1194 4826 1372 4882 usque
1412 4811 1684 4881 depressi,
1744 4827 1853 4882 quo
1900 4822 2038 4868 tem-

454 4912 590 4970 pore
640 4907 1038 4968 praetereuntes
1089 4900 1570 4972 blasphemabant,
1628 4912 1912 4960 moventes
1944 4919 2037 4960 ca-

455 4990 567 5062 pita
602 5002 702 5045 sua
733 4997 788 5045 et
815 4990 1062 5048 dicentes
1091 5011 1105 5047 :
1142 5012 1161 5044 ι
1194 4991 1332 5059 Vah,
1361 4994 1456 5065 qui
1479 4993 1720 5051 destruis
1748 4995 2033 5066 templum,

454 5090 511 5141 et
560 5082 616 5137 in
666 5082 844 5139 tribus
886 5084 1079 5141 diebus
1135 5070 1396 5151 aedificas,
1433 5088 1647 5143 salvum
1704 5086 1795 5144 fac
1842 5098 2035 5144 temet-

455 5175 663 5247 ipsum.
689 5174 747 5229 Si
785 5173 958 5232 Filius
984 5176 1079 5232 Dei
1109 5195 1191 5245 es,
1219 5180 1492 5237 descende
1515 5182 1583 5238 de
1611 5197 1799 5238 cruce.
1835 5181 2037 5237 Simili-

455 5273 540 5322 ter
561 5273 617 5322 et
650 5266 930 5338 principes
971 5271 1320 5326 sacerdotum
1356 5272 1649 5329 illudentes
1680 5288 1805 5328 cum
1854 5287 2038 5328 sacer-

456 5358 678 5416 dotibus
725 5366 780 5416 et
804 5357 1018 5416 Scribis
1071 5368 1125 5417 et
1171 5361 1467 5420 Pharisaeis
1506 5364 1763 5421 dicebant
1822 5380 1836 5418 :
1884 5366 2036 5422 Alios

458 5450 643 5506 salvos
698 5448 852 5516 fecit,
883 5451 1129 5522 seipsum
1179 5469 1292 5508 non
1338 5462 1518 5526 potest
1568 5456 1781 5512 salvum
1832 5454 2034 5513 facere.

460 5539 519 5596 Si
574 5559 671 5599 rex
729 5544 903 5600 Israel
947 5553 1056 5609 est,
1090 5545 1392 5605 descendat
1445 5565 1593 5606 nunc
1636 5550 1706 5606 de
1768 5565 1955 5611 cruce,
1981 5557 2039 5606 et

456 5632 746 5690 credemus
785 5635 859 5691 ei.
901 5636 1151 5708 Speravit
1215 5639 1269 5698 in
1318 5639 1512 5707 Deum,
1549 5641 1747 5715 eripiat
1794 5657 1942 5709 eum,
1986 5641 2033 5698 si

533 5764 554 5805 ⁷
591 5764 694 5826 lsa.
738 5784 855 5837 Lm,
897 5770 1019 5828 4-6.

2151 1922 2200 1975 οἱ
2242 1923 2397 1992 σοφοὶ
2438 1923 2532 1977 τοῦ
2561 1925 2758 1988 αἰῶνος
2788 1923 2976 1979 τούτου
3016 1925 3408 1991 διαϐάλλουσιν,
3444 1926 3727 1981 ἐλαύνουσί

2149 2032 2209 2068 τε
2246 2014 2415 2088 αὐτὴν
2451 2016 2527 2082 ὡς
2564 2018 2766 2089 μεστὴν
2801 2018 3112 2091 ἀφροσύνης
3139 2020 3233 2074 καῖ⁹
3277 2021 3486 2092 μωρίας
3514 2021 3601 2075 διὰ
3633 2023 3727 2077 τὸν

2150 2109 2511 2164 ἐπονείδιστον
2547 2110 2797 2183 σταυρὸν,
2826 2110 3089 2165 ἀντιϐολῶ
3118 2112 3212 2165 καὶ
3243 2112 3452 2183 δέομαι,
3481 2114 3608 2178 τοὺς
3646 2117 3728 2179 είς

2148 2204 2248 2276 ἐμέ
2279 2196 2631 2267 πιστεύοντας
2660 2201 3020 2273 φυλάττεσθαι
3049 2205 3153 2258 ὑπὸ
3186 2202 3279 2257 σοῦ
3312 2205 3721 2276 άδιατρέπτους,

2148 2298 2224 2362 ὡς
2261 2300 2469 2369 μήποτε
2498 2296 2975 2369 καταισχυνθῆναι.
3007 2297 3097 2351 Διὸ
3134 2300 3196 2352 σὺ
3230 2298 3420 2364 αὐτὸς,
3452 2292 3499 2352 ὦ
3526 2300 3722 2370 Κύριε,

2148 2390 2322 2462 Κύριε
2361 2389 2469 2443 τῶν
2511 2389 2813 2461 δυνάμεων,
2864 2390 2988 2454 τοὺς
3037 2388 3473 2461 πολεμουμένους
3503 2390 3592 2444 διὰ
3623 2392 3727 2465 τὴν

2149 2481 2247 2554 σὴν
2296 2481 2529 2552 γνῶσιν,
2582 2482 2648 2554 ήν
2695 2483 2786 2536 ὑπ’
2837 2481 2971 2554 ἐμοῦ
3030 2483 3394 2556 παρειλήφασι
3419 2524 3434 2548 ,
3493 2486 3725 2539 πάντοτε

2148 2575 2517 2648 ὑπομένοντας
2544 2575 2614 2629 τὰ
2639 2575 2789 2630 δεινὰ
2818 2576 2912 2630 καὶ
2948 2577 3106 2650 μέχρι
3133 2576 3363 2632 θανάτου
3395 2578 3726 2651 καρτεροῦν-

2145 2685 2275 2733 τας,
2314 2667 2388 2741 μὴ
2422 2667 2821 2742 ἐγκαταλείπῃς
2845 2709 2860 2734 ,
2901 2669 3032 2742 μηδέ
3076 2670 3475 2741 ἐντραπείησαν
3517 2671 3726 2745 θαρσή-

2148 2776 2339 2823 σαντες
2384 2760 2469 2812 ἐπ’
2497 2759 2652 2830 ἐμοὶ,
2694 2761 2745 2813 οἱ
2787 2760 2847 2813 σέ
2889 2760 2980 2814 τὸν
3008 2758 3138 2813 Θεὸν
3171 2758 3263 2813 τοῦ
3301 2759 3519 2832 Ἰσραὴλ
3561 2758 3726 2833 ἐκζη-

2144 2851 2385 2916 τοῦντες.
2404 2853 2465 2906 Εἰ
2492 2852 2599 2926 γάρ
2615 2853 2710 2907 καὶ
2732 2853 2799 2907 τὰ
2833 2853 3064 2926 μάλιστα
3088 2849 3227 2926 ἦσάν
3245 2871 3375 2907 ποτε
3405 2854 3727 2924 ἀγνοοῦντες

2148 2963 2206 2999 σε
2245 2944 2334 3000 διά
2370 2946 2430 3000 τὸ
2460 2945 2680 3019 δαίμοσι
2720 2949 2980 3021 πονηροῖς
3012 2945 3396 3013 δεδουλῶσθαι,
3436 2948 3574 3002 ἀλλά
3604 2948 3721 3014 νῦν,

2147 3036 2458 3106 ἐπιγνόντες
2504 3054 2596 3101 σε,
2650 3038 2868 3091 πάντων
2914 3036 3011 3108 μὲν
3056 3035 3225 3108 λήθην
3272 3036 3631 3108 ἐποιήσαντο,
3666 3037 3725 3092 σὲ

2146 3128 2204 3182 δέ
2265 3127 2422 3200 μόνον
2478 3127 2780 3182 διατελοῦσι
2837 3127 3145 3200 ζητοῦντες.
3214 3127 3304 3180 Διὸ
3364 3129 3595 3182 ἱκετεύω
3650 3130 3725 3201 μὴ

2147 3221 2838 3294 καταιηυνθῆναιαὺτοὺς,
2876 3221 3011 3292 μηδέ
3046 3239 3065 3272 ι
3090 3221 3469 3293 άσχημονῆσαι
3494 3241 3508 3254 ·
3539 3242 3559 3275 ι
3582 3221 3726 3278 οὕτω

2146 3315 2255 3386 γάρ
2279 3316 2621 3386 ἡρμήνευσεν
2648 3316 2677 3368 ὀ
2700 3313 2994 3386 Σύμμαχος
3016 3312 3181 3367 εἰπών
3197 3333 3211 3345 ·
3246 3334 3263 3364 ι
3287 3314 3379 3387 Μὴ
3402 3331 3725 3385 καταισχυν-

2147 3405 2368 3477 οείησαν
2412 3405 2499 3457 ἐπ’
2548 3404 2671 3476 ἐμοὶ
2720 3405 2771 3456 οἱ
2816 3404 3223 3474 προσδοκῶντες
3267 3421 3360 3467 σε,
3409 3405 3575 3476 Κύριε
3613 3404 3721 3457 9εέ

2145 3497 2254 3551 τῶν
2290 3496 2574 3569 δυνάμεων
2596 3514 2610 3527 ο
2648 3497 2722 3568 μὴ
2748 3496 3190 3568 άσχημονήσαιεν
3229 3497 3315 3551 ἐπ’
3346 3498 3442 3569 ἐμὲ
3469 3499 3518 3551 οξ
3550 3496 3718 3568 ἐκζη-

2145 3590 2364 3654 τοῦντές
2414 3607 2497 3654 σε,
2544 3590 2644 3643 Θεέ
2681 3587 2777 3642 τοῦ
2817 3589 3052 3661 Ἰσραήλ.
3087 3609 3106 3642 ι
3169 3591 3439 3663 Ἐπιτήρει
3475 3589 3533 3642 δέ
3564 3591 3716 3655 ὅπως

2148 3684 2361 3756 εἴρηται
2382 3683 2461 3747 τὸ,
2481 3701 2500 3735 ι
2526 3680 2718 3753 Κύριε,
2745 3680 2917 3753 Κύριε
2928 3680 3036 3735 τῶν
3051 3681 3345 3754 δυνάμεων,
3365 3700 3384 3734 ι
3409 3680 3560 3734 δευτε
3571 3681 3723 3753 ροῦν-

2147 3795 2237 3841 τος
2269 3776 2363 3831 τοῦ
2390 3775 2550 3845 λόγου
2594 3776 2692 3848 τὴν
2725 3775 3069 3849 κυριολογίαν
3090 3778 3184 3831 καὶ
3205 3775 3298 3830 ἐπὶ
3316 3774 3406 3829 τὸν
3438 3773 3546 3829 τῶν
3579 3775 3723 3829 ὅλων

2148 3868 2281 3923 Θεὸν
2306 3869 2739 3941 ἀναπέμποντος.

2226 4005 2243 4036 ι
2274 3986 2397 4038 Ὅτι
2427 3983 2591 4037 ἐνεκά
2629 4000 2722 4037 σου
2765 3984 3049 4054 ὑπήνεγκα
3091 3982 3415 4054 ὀνειδισμὸν,
3458 3982 3729 4053 ἐκάλυψεν

2147 4077 2381 4150 ἐντροπὴ
2416 4077 2478 4130 τὸ
2510 4076 2802 4149 πρόσωπόν
2839 4094 2958 4148 μου.
2987 4096 3005 4128 ι
3070 4078 3134 4130 Ol
3179 4076 3276 4148 μὲν
3304 4077 3505 4141 λοιποὶ,
3537 4080 3724 4148 φησιν,

2145 4169 2417 4241 ἄνθρωποι
2455 4168 2523 4223 δι’
2556 4168 2762 4232 οἰκείας
2806 4170 3081 4241 ἁμαρτίας
3120 4168 3365 4241 ἐλέγχοις
3398 4171 3491 4223 καὶ
3529 4170 3725 4224 ὀνειδι-

2146 4242 2303 4333 σμοῖς
2345 4260 2770 4314 ὑποϐάλλονταιο
2816 4260 2927 4330 ἐγὼ
2961 4260 3018 4314 δέ
3057 4262 3085 4312 ὀ
3132 4260 3208 4332 μὴ
3244 4261 3406 4329 γνοὺς
3447 4262 3726 4334 ἁμαρτίαν

2143 4352 2308 4406 ἐνεκά
2337 4369 2428 4405 σου
2460 4352 2743 4431 ὑπήνεγκα
2766 4353 3096 4424 ὀνειδισμὸν·
3135 4353 3430 4426 ἐπειδήπερ
3468 4354 3532 4406 σὺ
3562 4354 3727 4420 αὑτὸς

2142 4445 2172 4497 6
2195 4443 2572 4516 φιλάνθρωπος
2595 4443 2727 4509 Θεὸς
2761 4445 2903 4517 ὑπὲρ
2938 4445 3033 4500 τοῦ
3059 4446 3167 4500 τῶν
3196 4446 3499 4519 ἀνθρώπων
3529 4449 3725 4519 γένους

2144 4536 2417 4611 ἁμαρτίαν
2447 4555 2514 4608 με
2544 4537 2826 4609 ἐποίησας,
2868 4540 3017 4603 ὅπως
3049 4539 3098 4592 οί
3130 4539 3478 4604 πιστεύοντες
3507 4543 3595 4605 εἰς
3618 4542 3724 4613 ἐμὲ

2138 4633 2401 4702 γένωνται
2418 4629 2753 4701 δικαιοσύνη.
2773 4630 2932 4685 Ἀλλά
2958 4633 3053 4686 καὶ
3075 4652 3093 4683 ι
3116 4632 3281 4686 ἐνεκά
3310 4650 3401 4686 σου
3434 4634 3723 4705 ὑπήνεγκα

2142 4721 2477 4793 ὀνειδισμὸν,
2509 4740 2528 4773 ι
2567 4720 2654 4774 διὰ
2681 4720 2780 4793 τὴν
2804 4722 2904 4793 σὴν
2952 4721 3145 4793 βουλὴν
3187 4722 3432 4786 κενώσας
3482 4724 3721 4795 ἐμαυτὸν

2138 4815 2235 4869 καὶ
2288 4814 2449 4887 μέχρι
2500 4813 2731 4869 θανάτου
2797 4813 3169 4881 ταπεινώσας,
3232 4816 3353 4869 καθ’
3411 4817 3472 4870 ὂν
3529 4818 3721 4888 καιρὸν

2137 4908 2187 4960 οί
2249 4905 2759 4978 παραπορευόμενοι
2817 4904 3201 4977 ἐϐλασφήμουν
3283 4906 3561 4971 κινοῦντες
3618 4908 3721 4973 τάς

2138 4997 2380 5069 κεφαλὰς
2405 4997 2584 5053 αὐτῶν
2610 4998 2704 5053 καὶ
2729 4997 2979 5069 λέγοντες
3002 5016 3015 5029 ”
3065 5018 3081 5050 ι
3113 4998 3228 5053 υὺὰ
3258 5002 3287 5054 6
3318 5001 3604 5055 καταλύων
3626 5001 3720 5055 τὸν

2136 5092 2295 5154 ναὸν,
2343 5093 2439 5146 καὶ
2481 5093 2538 5145 ἐν
2589 5093 2767 5165 τρισὶν
2825 5092 3059 5166 ἡμέραις
3129 5093 3461 5165 οἰκοδομῶν,
3543 5094 3719 5150 σῶσον

2140 5185 2384 5241 σεαυτόν.
2435 5186 2498 5239 Εἰ
2522 5186 2653 5251 Υἱὸς
2700 5180 2753 5240 εῐ
2818 5183 2913 5239 τοῦ
2956 5185 3122 5252 Θεοῦ,
3166 5186 3434 5260 κατάϐηθι
3473 5188 3583 5242 ἀπὸ
3620 5187 3719 5243 τοῦ

2138 5275 2391 5350 σταυροῦ.
2441 5278 2671 5351 Ὁμοίως
2708 5278 2764 5332 δέ
2803 5280 2898 5332 καὶ
2941 5281 2989 5333 οἱ
3040 5280 3314 5353 ἀρχιερεῖς
3357 5281 3721 5352 ἐμπαίζοντες

2140 5367 2279 5440 μετά
2330 5368 2440 5423 τῶν
2481 5370 2672 5443 ἱερέων
2706 5369 2803 5425 καὶ
2840 5370 3223 5442 Γραμματέων
3266 5372 3362 5426 καὶ
3404 5372 3722 5446 Φαρισαίων

2137 5460 2343 5531 ἔλεγονσ
2369 5462 2597 5528 ¹Ἄλλους
2640 5461 2864 5529 ἔσωσεν,
2911 5463 3103 5518 ἐαυτὸν
3145 5463 3207 5518 οὑ
3253 5462 3475 5519 δύναται
3514 5464 3717 5522 σῶσαι.

2137 5553 2201 5608 El
2250 5554 2511 5626 βασιλεὺς
2540 5554 2757 5627 Ἰσραήλ
2798 5556 2950 5624 ἐστι,
3002 5555 3296 5612 καταϐάτω
3332 5556 3429 5611 νῦν
3464 5555 3577 5613 άπὸ
3619 5555 3718 5612 τοῦ

2140 5649 2398 5717 σταυροῦ,
2443 5647 2534 5703 καὶ
2576 5646 2941 5719 πιστεύσομεν
2985 5646 3155 5720 αὐτῷ.
3202 5647 3468 5709 Πέποιθεν
3495 5647 3593 5703 ἐπὶ
3620 5646 3718 5704 τὸν
