4014 6206
334 256 443 311 757

1461 257 1967 314 COMMENTARIA
2007 256 2073 312 IN
2111 257 2450 316 PSALMOS.

3476 267 3583 323 738

331 372 497 426 Θεόνο
535 371 787 444 ῥυσάσθω
841 373 1026 437 αὑτὸν,
1076 374 1125 426 εξ
1176 373 1320 428 θέλει
1369 374 1552 430 αὐτόν.
1595 371 1730 429 Εἷπε
1780 375 1890 446 γὰρ

2015 375 2133 430 vult
2171 391 2318 430 eum.
2375 375 2522 430 Dixit
2567 377 2736 442 enim,
2771 377 2898 447 quia
2947 377 3121 434 Filius
3169 379 3264 436 Dei
3313 396 3432 436 sum
3474 382 3517 435 ‘.
3563 404 3582 436 ι

328 465 415 517 ὅτι
455 463 588 516 Θεοῦ
617 463 743 528 Υἱός
785 466 920 536 εἰμι.
961 484 979 517 ι
1020 466 1204 520 Ταῦτα
1247 467 1310 538 δὴ
1362 463 1456 519 οὖν
1502 466 1771 530 θεσπίζων
1816 469 1893 521 ὲπ¹

2012 466 2138 522 Haec
2186 484 2336 522 nunc
2392 469 2703 524 vaticinans
2755 469 2936 524 dicit:
2980 489 3001 523 σ
3043 470 3312 538 Quoniam
3365 483 3590 544 propter

326 554 426 608 τοῦ
480 555 763 626 παρόντος,
817 557 1011 627 φησίν·
1064 575 1084 608 ι
1111 559 1233 611 Ὅτι
1278 559 1443 613 ἓνεκά
1488 576 1581 612 σου
1626 559 1908 630 ὑπήνεγκα

326 646 651 718 ὀνειδισμὸν,
690 647 960 718 ἐκάλυψεν
998 649 1232 720 ἐντροπὴ
1272 649 1334 702 τὸ
1375 650 1662 722 πρόσωπόν
1733 669 1855 721 μου.
1882 670 1900 704 ι

327 741 406 792 Ού
452 741 559 812 γὰρ
609 741 675 794 δι’
727 741 1001 813 ἁμαρτίας
1046 741 1205 812 ἐμὰς,
1256 742 1376 795 οὐδὲ
1421 741 1510 796 διά
1556 743 1907 814 παρανόμους

327 833 591 903 πράξεις,
625 832 776 896 ἀλλ’,
816 851 836 884 ι
870 833 1034 888 ἕνεκά
1067 851 1158 888 σου
1199 853 1217 886 ι
1269 835 1364 887 καὶ
1402 834 1493 887 τὸν
1542 833 1905 905 προλεχθέντα

331 945 351 976 ε
390 925 695 995 ὀνειδισμὸν
728 925 1020 996 ὑπέμεινα,
1046 925 1142 978 καὶ
1167 925 1228 978 τὸ
1252 926 1542 997 πρόσωπόν
1579 943 1678 997 μου
1712 926 1906 979 ἐκάλυ-

321 1015 426 1084 ψεν
465 1016 736 1086 ὲντροπήέ
764 1034 782 1066 ι
822 1015 878 1086 ἢ,
911 1015 1051 1068 κατά
1093 1015 1184 1068 τὸν
1219 1015 1531 1086 Σύμμαχον,
1567 1034 1584 1066 ι
1610 1015 1903 1084 Ἐκάλυψεν

323 1109 704 1180 ἀσχημόνησις
726 1107 786 1162 τὸ
821 1109 1106 1179 πρόσωπον
1131 1108 1316 1163 αὑτοῦ.
1349 1129 1367 1160 ι
1401 1109 1509 1162 Καὶ
1523 1108 1696 1162 ταῦτα
1723 1109 1904 1162 πάντα

323 1200 615 1271 ὑπέμεινα,
653 1201 835 1271 φησὶν,
862 1200 1027 1253 ἕνεκά
1054 1217 1166 1263 σου,
1203 1201 1479 1254 τουτέστιν
1503 1202 1663 1254 ἕνεκα
1679 1201 1772 1254 τοῦ
1807 1200 1899 1254 σοῦ

322 1291 650 1362 θελήματος.
700 1291 856 1344 Ἀλλά
899 1291 992 1345 καὶ
1038 1309 1056 1342 ι
1087 1290 1597 1363 ἀπηλλοτριωμένος
1639 1291 1901 1362 ἐγενήθην

317 1386 433 1447 τοῖς
454 1383 701 1452 ἀδελφοῖς
741 1400 875 1454 μου,
909 1384 1002 1438 καὶ
1053 1383 1200 1450 ξένος
1237 1386 1349 1447 τοῖς
1379 1385 1512 1447 υἱοῖς
1555 1382 1655 1452 τῆς
1699 1383 1900 1454 μητρός

323 1493 449 1545 μου.
484 1494 502 1526 ›
543 1475 646 1526 Δύο
677 1475 734 1528 δὲ
757 1475 1012 1544 τάγματα
1033 1474 1091 1526 ὲν
1115 1473 1324 1537 τούτοις
1345 1473 1690 1544 παρίστησιν
1723 1472 1779 1524 ἒν
1803 1473 1898 1542 μὲν

315 1566 380 1619 τὸ
402 1565 514 1617 τῶν
546 1564 758 1634 ἀληθῶς
792 1563 1030 1631 ἀδελφῶν
1059 1561 1220 1615 αὐτοῦ
1243 1601 1258 1626 ,
1287 1558 1367 1626 οἷς
1406 1563 1634 1633 ἐγενήθη
1668 1560 1900 1632 ἀπηλλο-

316 1655 642 1726 τριωμένοςο
677 1655 861 1726 ἕτερον
893 1653 950 1706 δὲ
971 1653 1166 1706 τὸτῶν
1191 1652 1321 1705 υἱῶν
1343 1653 1443 1722 τῆς
1475 1651 1679 1723 μητρὸς
1707 1651 1894 1714 αὑτοῦ,

2009 567 2063 616 te
2119 560 2358 615 sustinui
2399 562 2776 631 Opprobrium,
2807 564 3024 633 operuit
3077 563 3330 618 confusio
3391 565 3585 621 faciem

2008 667 2206 706 meam.
2235 670 2253 704 ι
2283 651 2402 706 Non
2429 654 2573 707 enim
2610 655 2680 708 ob
2712 663 2932 724 peccata
2967 664 3022 709 et
3065 655 3313 725 improba
3343 655 3588 714 facinora

2007 758 2164 808 mea;
2199 743 2293 798 sed
2327 763 2345 795 ‹
2383 753 2606 814 propter
2635 752 2687 800 te
2737 764 2757 798 ›
2792 745 3112 815 ριίεάἰοιιιω
3164 765 3182 797 ι
3220 747 3584 816 0pprobrium

2004 835 2265 898 sustinui,
2287 844 2340 889 et
2376 836 2595 904 operuit
2623 836 2876 892 confusio
2902 836 3098 892 faciem
3129 855 3305 894 meam
3336 856 3350 906 ;
3386 858 3405 892 ι
3446 842 3584 905 sive,

2005 927 2304 980 secundum
2359 926 2743 998 Symmachum
2780 947 2793 983 :
2831 947 2851 981 ι
2888 930 3116 999 Operuit
3157 931 3456 1002 ignominia
3498 931 3589 987 fa-

2004 1017 2143 1072 ciem
2171 1018 2313 1087 ejus.
2351 1038 2369 1070 ›
2407 1018 2474 1072 Et
2499 1019 2614 1076 haec
2640 1021 2846 1088 omnia,
2876 1021 3052 1092 inquit
3079 1062 3093 1083 ,
3126 1033 3351 1094 propter
3380 1034 3432 1079 te
3459 1040 3587 1094 pas-

2003 1121 2099 1162 sus
2137 1123 2282 1174 sum,
2313 1110 2366 1164 id
2417 1118 2522 1176 est,
2567 1121 2789 1181 prepter
2839 1114 3173 1170 voluntatem
3210 1125 3382 1170 tuam.
3437 1117 3582 1184 Quin

2001 1201 2162 1254 etiam
2209 1223 2228 1254 ‹
2284 1214 2579 1267 extraneus
2632 1205 2810 1262 factus
2858 1222 2977 1261 sum
3031 1206 3294 1264 fratribus
3329 1211 3489 1272 meis,
3529 1221 3584 1266 et

2002 1289 2322 1357 peregrinus
2367 1291 2495 1345 ﬁliis
2533 1292 2726 1348 matris
2777 1309 2929 1348 meae.
2977 1314 2996 1346 ι
3035 1295 3180 1351 Duos
3231 1298 3320 1352 hic
3363 1299 3586 1356 ordines

2001 1377 2313 1446 signiﬁcat;
2362 1380 2590 1435 alterum
2647 1398 2835 1437 eorum
2891 1385 2984 1453 qui
3039 1402 3167 1441 vere
3228 1387 3430 1444 fratres
3464 1390 3583 1459 ejus

1999 1476 2175 1533 erant,
2212 1470 2412 1539 quibus
2435 1480 2730 1528 extraneus
2765 1473 2943 1530 factus
2971 1485 3088 1544 est;
3121 1479 3352 1533 alterum
3387 1496 3580 1536 eorum

2000 1559 2091 1627 qui
2124 1557 2218 1611 ﬁlii
2272 1559 2464 1613 matris
2518 1561 2638 1630 ejus
2668 1572 2846 1629 erant,
2879 1565 2970 1619 sed
3022 1582 3130 1620 non
3188 1566 3388 1623 fratres
3436 1570 3580 1638 ejus,

1999 1652 2198 1722 quibus
2227 1653 2546 1724 peregrinus
2578 1655 2803 1714 effectus
2832 1667 2935 1713 est.
2990 1659 3054 1730 Et
3099 1669 3283 1718 tamen
3337 1666 3580 1734 oportuit

316 1749 380 1800 οὐ
418 1748 522 1819 μὴν
554 1747 794 1817 ἀδελφῶν
840 1746 1004 1800 αὐτοῦ
1025 1785 1040 1808 ,
1072 1741 1152 1810 οἷς
1181 1745 1410 1816 ἐγενήθη
1437 1745 1602 1811 ξένος.
1650 1745 1759 1798 Kal.
1796 1746 1893 1816 μὴν

2005 1741 2145 1796 ﬁlios
2182 1744 2376 1798 matris
2402 1744 2545 1814 ejus,
2577 1761 2700 1799 cum
2739 1747 2936 1805 fratres
2971 1728 3093 1820 ejus
3121 1761 3327 1814 essent,
3352 1728 3580 1824 perinde
3653 1795 3660 1804 .

319 1841 491 1912 ἐχρῆν
524 1842 670 1904 υἱοὺς
705 1840 908 1912 μητρὸς
941 1838 1126 1902 αὑτοῦ,
1159 1837 1317 1902 ὄντας
1360 1838 1642 1907 ἀδελφοὺς,
1679 1840 1772 1892 καὶ
1807 1839 1903 1890 αὺ-

321 1935 453 1996 τοὺς
489 1932 679 2002 ὁμοίως
719 1935 833 1995 τοῖς
875 1931 1158 2003 προτέροις
1192 1930 1568 2001 χρηματίζειν.
1630 1930 1766 1984 Ἀλλ’
1803 1931 1902 1984 ούκ

322 2025 569 2094 ὠνόμασε
592 2027 717 2087 τοὺς
746 2024 893 2086 υἱοὺς
915 2011 1012 2095 τῆς
1054 2022 1258 2093 μητρὸς
1280 2022 1559 2091 ἀδελφοὺς,
1589 2021 1662 2084 ὡς
1683 2021 1902 2092 ἑτέρους

319 2117 479 2180 ὄντας
501 2115 698 2186 δηλαδὴ
724 2115 875 2187 παρά
901 2115 960 2168 τὸ
985 2114 1196 2185 πρῶτον
1230 2114 1416 2184 τάγμα
1443 2113 1551 2167 τῶν
1579 2113 1901 2184 ὀνομασθέν-

312 2208 696 2276 τωνάδελφῶν
728 2207 920 2260 αὐτοῦ.
961 2206 1037 2277 (l)
1070 2207 1165 2270 Εἰς
1191 2202 1282 2259 οὖν
1313 2205 1572 2275 ἀδελφοὺς
1603 2205 1701 2275 μὲν
1736 2203 1898 2257 αὐτοῦ

313 2301 666 2369 γεγεγονέναι
693 2300 817 2363 τοὺς
844 2299 1006 2352 αὑτοῦ
1038 2297 1303 2370 μαθητάς,
1334 2292 1542 2369 περὶῶν
1560 2299 1653 2351 καὶ
1667 2299 1723 2351 ἐν
1738 2297 1900 2369 ἑτέρᾳ.

313 2391 501 2462 φησίν·
535 2409 552 2442 ι
594 2389 912 2458 Ἀπαγγελῶ
925 2388 987 2442 τὸ
1010 2389 1182 2459 ὄνομά
1205 2406 1298 2441 σου
1334 2391 1445 2452 τοῖς
1484 2388 1730 2456 ἀδελφοῖς
1759 2403 1858 2458 μου
1881 2426 1895 2450 ,

312 2486 411 2537 καλ⁵
430 2487 489 2538 ἐν
518 2484 667 2555 μέσῳ
697 2482 1023 2555 Ἑκκλησίας
1041 2483 1269 2552 ὑμνήσω
1287 2499 1367 2535 σε.
1393 2500 1412 2532 ι
1433 2481 1543 2534 Καὶ
1562 2483 1620 2534 ὲν
1635 2479 1713 2552 τῷ
1728 2481 1900 2549 Εὐαγ-

310 2576 480 2646 γελίῳ
503 2579 568 2647 τῇ
594 2574 782 2647 Μαρίᾳ
821 2574 1008 2643 φανεὶς
1040 2573 1177 2644 μετά
1207 2574 1306 2645 τὴν
1339 2574 1403 2628 ὲκ
1436 2571 1644 2644 νεκρῶν
1666 2572 1898 2625 ἀνάστα-

311 2683 400 2720 σιν
426 2666 606 2736 ἐλεγε-
631 2685 649 2718 ι
675 2665 912 2736 Πορεύου
945 2664 1080 2737 πρὸς
1111 2665 1238 2728 τοὺς
1267 2663 1530 2732 ἀδελφούς
1564 2680 1684 2735 μου,
1709 2664 1802 2716 καὶ
1817 2657 1897 2715 εἶ-

311 2775 415 2814 πον
442 2759 643 2822 αὐτοῖς·
680 2757 980 2812 Ἀναϐαίνω
1009 2757 1145 2829 πρὸς
1168 2757 1259 2809 τὸν
1287 2755 1504 2828 Πατέρα
1538 2773 1636 2827 μου
1667 2757 1760 2808 καὶ
1781 2755 1895 2809 Πα-

310 2851 448 2924 τέρα
483 2851 656 2922 ὑμῶν,
680 2852 774 2906 καὶ
798 2850 929 2903 Θεόν
949 2867 1050 2921 μου
1075 2849 1169 2904 καὶ⁸
1184 2848 1316 2902 Θεὸν
1334 2847 1507 2920 ὑμῶν.
1523 2867 1540 2901 ι
1562 2848 1786 2912 Τούτοις
1804 2843 1895 2901 οὖν

310 2949 424 3008 τοῖς
457 2943 702 3013 ἀδελφοῖς
735 2942 898 2998 αὑτοῦ
935 2941 1440 3014 ἀπηλλοτριωμένος
1475 2940 1706 3012 ἐγενήθη
1753 2940 1896 2994 κατὰ

311 3037 508 3109 καιρὸν
527 3035 621 3089 τοῦ
647 3035 976 3108 δηλουμένου
1001 3035 1225 3100 πάθους,
1251 3035 1338 3088 ὅτε
1365 3034 1563 3098 πάντες
1580 3035 1628 3086 οἱ
1657 3034 1894 3105 μαθηταὶ

309 3128 480 3182 αὑτοῦ
510 3129 737 3198 ἀφέντες
764 3129 924 3183 αὑτὸν
968 3128 1196 3198 ἔφευγον
1221 3167 1236 3191 ,
1264 3126 1426 3189 αὑτός
1449 3143 1508 3177 τε
1534 3128 1561 3178 ὁ
1594 3129 1889 3197 κορυφαῖος

308 3221 421 3276 τῶν
444 3222 754 3276 ἀποστόλων
783 3222 986 3294 Πέτρος
1012 3224 1284 3294 ἠρνήσατο
1317 3218 1478 3273 αὑτὸν
1519 3220 1720 3292 τρίτον.
1759 3219 1894 3273 Τού-

307 3333 425 3378 τοις
445 3315 595 3382 ξένος
622 3316 714 3369 καὶ
735 3315 1244 3387 ἀπηλλοτριωμένος
1261 3312 1514 3384 ἐγενήθη”
1543 3315 1655 3374 τοῖς
1679 3312 1736 3365 δὲ
1759 3314 1892 3376 υἱοῖς

307 3404 414 3474 τῆς
445 3403 648 3475 μητρὸς
677 3404 860 3466 αύτοῦ,
894 3405 955 3457 ού
991 3403 1096 3474 μὴν
1121 3403 1216 3456 καὶ
1247 3404 1494 3473 ἀδελφοῖς
1521 3399 1668 3456 οὖσιν
1705 3401 1889 3465 αὑτοῦ,

309 3496 464 3562 ξένος
491 3497 700 3564 γέγονε.
760 3497 1047 3567 Μέμνηται
1094 3497 1151 3549 δὲ
1186 3497 1247 3549 τὸ
1276 3496 1605 3566 Εὑαγγέλιον
1648 3494 1891 3565 ἀδελφῶν

309 3586 479 3642 αὐτοῦ
507 3588 602 3641 καὶ
635 3588 858 3660 μητρὸς,
877 3589 986 3652 ὅτε,
1010 3588 1178 3642 ἐλθὼν
1205 3591 1283 3652 εἰς
1313 3589 1413 3658 τὴν
1444 3587 1676 3658 πατρίδα
1702 3586 1887 3653 αὐτοῦ,

309 3679 590 3733 ἐδίδασκεν
625 3681 682 3734 ὲν
716 3683 780 3751 τῇ
818 3683 1128 3752 συναγωγῇ,
1161 3681 1234 3745 ὼς
1265 3680 1667 3752 ἐκπλήσσεσθαι
1695 3681 1891 3744 αὐτοὺς

309 3771 411 3826 καὶ
436 3771 635 3839 λέγειν·
676 3790 694 3822 ι
727 3772 894 3825 Πόθεν
928 3773 1102 3844 τούτῳ
1204 3772 1362 3842 σοφία
1402 3771 1570 3842 aint};
1602 3773 1713 3842 Οὐχ
1737 3768 1889 3834 οὗτός

310 3863 462 3914 ἐστιν
484 3861 512 3912 ό
531 3859 624 3914 τοῦ
655 3859 900 3924 τέκτονος
925 3861 1068 3926 υίὸς;
1099 3861 1211 3931 Οὐχ
1236 3863 1268 3933 ἠ
1312 3862 1496 3932 μήτηρ
1523 3860 1687 3914 αὑτοῦ
1722 3860 1815 3913 καὶ
1839 3861 1888 3912 oi

308 3953 532 4024 ἀδελφοὶ
563 3951 727 4006 αὐτοῦ
758 3954 850 4005 καὶ
869 3955 924 4008 αἱ
955 3953 1177 4024 ἀδελφαὶ
1191 3952 1354 4007 αὐτοῦ
1383 3955 1550 4006 πᾶσαι
1582 3953 1718 4024 πρὸς
1743 3953 1888 4023 ἡμᾶς

305 4047 448 4110 ciet;
478 4045 645 4098 Πόθεν
683 4045 856 4118 τούτῳ
868 4046 1038 4100 ταῦτα
1104 4048 1314 4111 πάντα;
1342 4064 1362 4097 ι
1384 4045 1508 4098 Ἐὰν
1532 4044 1629 4115 μὲν
1654 4038 1745 4095 οὖν
1766 4044 1889 4105 τοὺς

307 4140 373 4191 ὲν
408 4137 489 4208 τῷ
532 4138 670 4208 μετὰ
704 4141 890 4210 χεῖρας
940 4138 1262 4209 λεγομένους
1305 4137 1454 4200 υἱοὺς
1491 4134 1694 4207 μητρὸς
1723 4134 1886 4187 αὐτοῦ

305 4228 534 4292 τούτους
570 4226 708 4282 εἶναι
745 4229 1090 4299 ὲκλάόοιμεν,
1123 4227 1337 4299 ἀνάγκη
1360 4228 1458 4298 τὴν
1486 4225 1643 4294 ἁγίαν
1675 4223 1888 4296 Παρθέ-

307 4339 401 4374 νον
433 4323 647 4394 μητέρα
668 4324 830 4392 φάναι
867 4320 1145 4392 γεγονέναι
1170 4320 1277 4373 τῶν
1304 4318 1506 4372 λοιπῶν
1529 4316 1770 4388 ἀδελφῶν
1788 4316 1887 4369 αὐ-

2002 1842 2164 1903 atque
2213 1835 2426 1903 priores
2479 1838 2785 1907 nuncupari
2848 1838 3067 1896 fratres.
3097 1841 3167 1894 At
3219 1841 3361 1897 ﬁlios
3391 1845 3582 1900 matris

2001 1925 2197 1981 fratres
2223 1941 2333 1980 non
2357 1927 2592 1990 vocavit,
2627 1937 2815 1998 utpote
2848 1931 2986 1986 alios
3009 1942 3062 1986 et
3083 1932 3332 1988 diversos
3367 1949 3396 1986 a
3429 1937 3580 2006 prio-

2002 2033 2061 2073 re
2086 2019 2280 2074 ordine
2324 2035 2513 2074 eorum
2549 2020 2641 2090 qui
2689 2021 2888 2078 fratres
2919 2025 3098 2077 vocati
3149 2033 3298 2080 sunt.
3356 2025 3580 2083 Fratres

1999 2126 2132 2182 ergo
2161 2112 2304 2180 ejus,
2337 2112 2594 2182 discipuli
2632 2113 3001 2183 existimandi,
3029 2117 3095 2172 de
3115 2118 3313 2187 quibus
3341 2119 3467 2173 alibi
3496 2120 3582 2174 di-

1999 2205 2074 2258 cit
2108 2224 2120 2259 :
2159 2225 2176 2256 ι
2211 2205 2456 2261 Narrabo
2489 2223 2688 2262 nomen
2724 2217 2877 2263 tuum
2932 2209 3197 2266 fratribus
3254 2213 3411 2276 meis,
3441 2220 3495 2268 et
3522 2214 3579 2269 in

1999 2297 2177 2351 medio
2195 2298 2460 2353 Ecclesiae
2485 2299 2717 2354 laudabo
2741 2308 2793 2355 te
2817 2303 2860 2359 ⁸.
2902 2321 2921 2355 ι
2958 2301 3024 2355 Et
3054 2303 3106 2356 in
3137 2302 3429 2375 Evangelio
3455 2314 3578 2376 post

1999 2391 2456 2445 resurrectionem
2500 2407 2568 2446 ex
2613 2394 2868 2458 mortuis,
2908 2409 3032 2448 cum
3075 2393 3258 2451 Maria:
3291 2398 3443 2452 visus
3469 2405 3574 2460 est,

1998 2479 2212 2535 dicebat
2257 2499 2269 2535 :
2319 2499 2337 2532 ι
2372 2480 2523 2537 Vade
2564 2482 2632 2537 ad
2685 2482 2883 2538 fratres
2938 2499 3110 2549 meos,
3167 2493 3222 2539 et
3279 2487 3369 2542 dic
3418 2487 3572 2542 illis:

1996 2571 2248 2628 Ascendo
2269 2573 2334 2627 ad
2359 2571 2575 2628 Patrem
2598 2590 2776 2628 meum
2807 2585 2859 2629 ct
2884 2573 3097 2630 Patrem
3116 2585 3380 2641 vestrum,
3406 2577 3574 2633 Deum

1996 2681 2178 2720 meum
2212 2674 2266 2721 et
2299 2665 2468 2721 Deum
2499 2675 2742 2722 vestrum
2771 2668 2835 2721 ³ο.
2875 2688 2894 2720 ι
2931 2666 3026 2722 llis
3066 2668 3251 2738 itaque
3310 2670 3574 2726 fratribus

1997 2759 2113 2813 suis
2129 2765 2426 2814 extrancus
2459 2757 2638 2814 factus
2667 2769 2751 2816 est
2787 2767 3029 2830 tempore
3052 2761 3325 2830 praedictae
3360 2763 3573 2832 passio-

1995 2850 2101 2912 nis,
2137 2849 2359 2920 quando
2398 2865 2590 2906 omnes
2632 2851 2891 2922 discipuli
2916 2852 3036 2921 ejus
3070 2852 3261 2907 relicto
3298 2869 3363 2908 eo
3399 2853 3574 2924 fugie-

1996 2941 2146 3005 bant,
2179 2942 2402 3014 ipseque
2456 2943 2765 3014 praecipuus
2825 2945 3199 3014 apostolorum
3256 2943 3451 3002 Petrus
3491 2955 3572 3000 ter

1997 3036 2213 3104 negavit
2240 3050 2387 3090 eum.
2422 3033 2518 3091 His
2567 3036 2891 3106 peregrinus
2940 3045 2994 3092 et
3022 3046 3317 3093 extraneus
3346 3037 3570 3093 effectus

1995 3131 2098 3180 est.
2137 3124 2294 3182 Filiis
2347 3127 2477 3181 item
2536 3129 2731 3183 matris
2761 3143 2895 3192 suae,
2924 3129 3017 3199 qui
3067 3129 3264 3186 fratres
3321 3131 3406 3185 sui
3458 3146 3567 3185 non

1993 3222 2171 3282 erant,
2204 3216 2522 3288 peregrinus
2570 3216 2692 3272 fuit.
2746 3217 2990 3272 Meminit
3021 3233 3182 3288 porro
3219 3217 3563 3289 Evangeliqu

1995 3304 2225 3359 fratrum
2278 3313 2332 3360 et
2379 3306 2572 3361 matris
2607 3306 2748 3375 ejus,
2778 3307 2870 3362 ubi
2923 3322 3047 3361 cum
3084 3309 3325 3362 venisset
3373 3309 3426 3362 in
3473 3325 3570 3377 pa-

1992 3396 2150 3450 triam
2182 3411 2362 3461 suam,
2394 3396 2629 3450 docebat
2675 3397 2729 3450 in
2790 3412 3083 3468 synagoga,
3117 3399 3188 3451 ita
3227 3407 3284 3452 ut
3315 3399 3417 3468 ipsi
3452 3407 3570 3453 stu--

1991 3494 2180 3556 perent
2214 3501 2277 3540 ac
2304 3487 2595 3542 dicerent:
2645 3506 2664 3539 ι
2703 3486 2857 3542 Unde
2913 3487 3039 3541 huic
3088 3490 3356 3558 sapientia
3405 3490 3571 3545 lure?

1989 3576 2182 3632 Nonne
2209 3577 2298 3630 hic
2322 3585 2407 3631 est
2432 3576 2570 3631 fabri
2607 3577 2785 3633 ﬁlius?
2815 3576 3006 3633 Nonne
3035 3586 3208 3632 mater
3230 3579 3348 3647 cjus
3376 3591 3428 3635 et
3459 3582 3569 3634 fra~

1991 3675 2103 3721 tres
2127 3666 2268 3736 ejus,
2304 3673 2358 3720 et
2386 3681 2606 3722 sorores
2658 3669 2778 3736 ejus
2821 3682 3013 3735 omnes
3055 3667 3198 3737 apud
3247 3685 3348 3723 nos
3398 3669 3570 3725 sunt?

1991 3763 2147 3819 Unde
2183 3763 2313 3818 huic
2364 3763 2478 3818 haec
2516 3765 2698 3818 omnia
2732 3764 2813 3817 “?
2849 3784 2866 3816 ι
2896 3763 2954 3818 Si
2983 3765 3150 3834 igitur
3199 3765 3342 3820 filios
3376 3767 3566 3821 matris

1974 3855 2109 3925 ejus
2141 3855 2197 3910 in
2241 3856 2344 3910 hoc
2400 3857 2611 3926 psalmo
2642 3857 2722 3911 sic
2755 3865 3006 3936 vocatos,
3040 3872 3139 3926 pro
3173 3857 3295 3913 istis
3327 3857 3564 3928 accipia-

1988 3963 2134 4014 mus,
2171 3964 2396 4004 nccesse
2425 3956 2509 4004 est
2554 3963 2655 4005 nos
2704 3956 2948 4004 sanctam
2987 3949 3282 4019 Virginem,
3323 3950 3565 4020 reliquo-

1987 4054 2110 4094 rum
2151 4041 2384 4095 fratrum
2429 4041 2546 4111 ejus
2580 4049 2808 4095 matrem
2859 4041 3060 4096 diccre.
3097 4039 3294 4095 Verum
3325 4039 3565 4097 Jacobus

1988 4135 2080 4204 qui
2125 4134 2324 4188 dicitur
2383 4133 2552 4188 frater
2584 4132 2820 4194 Domini,
2852 4148 2959 4187 non
2995 4133 3210 4187 videtur
3244 4134 3565 4204 peregrinus

1988 4227 2089 4297 ipsi
2121 4227 2311 4291 fuisse,
2344 4241 2447 4280 nec
2478 4225 2602 4282 ﬁdei
2631 4225 2685 4278 in
2727 4226 2903 4294 ipsum
2936 4235 3264 4290 extraneus;
3288 4225 3399 4277 imo
3433 4237 3563 4277 vero

1988 4332 2130 4370 unus
2164 4331 2228 4370 ex
2280 4315 2348 4368 iis
2407 4315 2500 4384 qui
2535 4329 2658 4368 cum
2717 4314 2906 4382 primis
2956 4313 3100 4366 inter
3126 4327 3413 4382 germanos
3441 4313 3564 4381 ejus

306 4413 425 4467 τοῦ.
475 4413 610 4466 Ἀλλ’
637 4415 978 4484 ἐπιφαίνεται
1017 4412 1267 4475 Ἰάκωϐος
1302 4412 1330 4464 ὁ
1353 4409 1693 4482 χρηματίσας
1716 4407 1880 4460 αὐτοῦ

1994 4407 2285 4474 discipulos
2315 4412 2510 4466 erant;
2547 4404 2620 4457 ita
2646 4412 2702 4456 ut
2739 4404 2854 4471 ipse
2877 4401 3086 4470 primus
3117 4401 3562 4471 llierosolymita-

307 4503 538 4574 ἀδελφὸς
564 4507 662 4558 οὐκ
686 4505 1095 4575 ἀπεξενωμένος
1110 4501 1274 4555 αὐτοῦ
1296 4501 1554 4570 γεγονὼς,
1582 4499 1701 4552 οὐδὲ
1729 4497 1884 4552 ἀλλό-

306 4613 460 4668 τριος
490 4597 591 4668 τῆς
619 4600 698 4663 είς
726 4599 886 4651 αὐτὸν
913 4597 1169 4658 πίστεως,
1195 4589 1274 4658 εἷς
1304 4594 1358 4646 δὲ
1384 4592 1491 4646 τῶν
1525 4592 1730 4662 σφόδρα
1747 4609 1880 4662 γνη-

310 4689 444 4741 σίων
479 4689 644 4743 αὑτοῦ
677 4689 951 4762 μαθητῶν·
987 4689 1059 4752 ὡς
1090 4688 1291 4742 καὶτὸν
1323 4686 1509 4757 θρόνον
1526 4682 1882 4748 ἀναδέξασθαι

309 4781 529 4851 πρῶτον
551 4783 650 4853 τῆς
674 4784 732 4835 ὲν
765 4782 1154 4854 Ἱεροσολύμοις
1191 4779 1535 4849 Ἐκκλησίας.
1570 4777 1681 4830 Καὶ
1701 4777 1749 4828 οἱ
1781 4775 1886 4827 λοι-

309 4876 403 4928 ποὶ
428 4875 483 4928 δὲ
513 4875 674 4930 αὐτοῦ
707 4876 953 4946 ἀδελφοὶ,
992 4878 1040 4929 εἰ
1073 4875 1167 4929 καὶ
1196 4872 1268 4930 τᾶ
1294 4873 1525 4945 μάλιστα
1557 4869 1676 4924 κατ’
1709 4867 1882 4940 ἀρχὰς

308 4967 411 5020 ούκ
437 4968 716 5022 ἐπίστευον
748 4969 827 5033 εἰς
859 4969 1042 5032 αὐτὸν,
1069 4965 1204 5022 ἀλλὰ
1236 4965 1372 5037 μετὰ
1401 4964 1574 5018 ταῦτα
1604 4961 1752 5033 δῆλοί
1774 4963 1882 5014 εισι

308 5059 718 5124 πιστεύσαντες.
754 5061 976 5131 Ἱστορεῖ
997 5060 1040 5112 δ’
1071 5055 1162 5113 οὖν
1194 5057 1255 5110 τὸ
1289 5055 1636 5124 Εὐαγγέλιον,
1670 5053 1745 5116 ὠς
1774 5052 1881 5124 ἄρα

305 5151 342 5222 ἠ
378 5153 556 5225 μήτηρ
582 5151 745 5207 αὐτοῦ
777 5153 870 5206 καὶ
889 5155 938 5206 οἱ
967 5151 1183 5221 ἀδελφοὶ
1209 5148 1372 5205 αὑτοῦ
1407 5147 1747 5218 εἱστήκεισαν
1777 5143 1883 5210 ἔξω

307 5242 598 5314 ζητοῦντες
624 5243 851 5315 λαλῆσαι
872 5243 1041 5315 αὐτῷ.
1067 5243 1178 5296 Καὶ
1203 5243 1260 5294 ὲν
1286 5241 1406 5301 ταῖς
1432 5237 1670 5309 Πράξεσι
1690 5235 1746 5289 δὲ
1769 5233 1876 5288 τῶν

305 5334 619 5388 ἀποστόλων
641 5334 908 5398 λέλεκται,
941 5333 1016 5398 ὡς
1047 5333 1156 5406 ἄρα
1173 5327 1311 5403 ἦσαν
1337 5329 1386 5382 οἱ
1415 5327 1698 5381 ἀπόστολοι
1723 5326 1874 5396 κοινῇ

307 5424 509 5489 πάντες
537 5423 1067 5497 προσκαρτεροῦντες
1098 5425 1164 5494 τῇ
1199 5420 1470 5494 προσευχῇ
1513 5417 1610 5470 σὺν
1645 5413 1878 5488 Μαριὰμ

379 5539 402 5570 ⁸
441 5536 631 5592 Matth.
673 5552 846 5599 xxvii,
885 5537 1072 5592 40-45.

309 5607 401 5663 47.
481 5608 526 5640 ⁸⁸
567 5609 688 5662 Act.
729 5623 768 5672 ι,
814 5607 902 5663 14.

383 5701 461 5772 (Ι)
494 5700 696 5756 Textus
722 5699 960 5753 vitiatus.

1148 5538 1169 5571 ³
1206 5533 1356 5590 Psal.
1395 5547 1512 5595 xxi,
1552 5531 1644 5585 23.
1722 5529 1764 5561 ‘°
1802 5526 1962 5585 Joan.
2007 5544 2100 5593 xx,
2143 5527 2231 5582 17.

1985 4514 2068 4552 me
2098 4496 2354 4550 Ecclesia:
2383 4495 2642 4547 thronum
2695 4492 2985 4561 acciperet.
3045 4489 3257 4560 lleliqui
3283 4491 3407 4546 item
3440 4491 3563 4562 ejus

1985 4589 2204 4650 fratres,
2236 4587 2339 4641 etsi
2375 4600 2404 4638 a
2432 4583 2701 4654 principio
2735 4599 2842 4636 nou
2869 4582 3157 4637 crederent
3192 4583 3246 4636 in
3273 4583 3474 4653 ipsum,
3505 4592 3560 4636 ut

1983 4690 2192 4737 certum
2243 4686 2327 4734 est
2375 4693 2471 4731 eos
2531 4688 2719 4746 postea
2774 4675 3092 4732 credidisse.
3150 4674 3347 4730 Narrat
3412 4676 3558 4732 enim

1984 4771 2331 4844 Evangelium
2365 4771 2428 4835 ¹¹,
2456 4779 2683 4823 matrem
2733 4775 2787 4822 et
2836 4767 3036 4823 fratres
3067 4767 3187 4837 ejus
3239 4767 3386 4824 foras
3443 4777 3558 4824 ste-

1986 4867 2122 4922 tisse
2149 4870 2458 4935 quaarentes
2485 4876 2609 4916 eum
2642 4860 2865 4930 alloqui.
2901 4857 2969 4914 Et
3000 4861 3054 4914 in
3089 4861 3318 4915 Actibus
3344 4869 3561 4930 aposto-

1988 4958 2166 5012 lorum
2202 4954 2244 4986 ¹³
2268 4953 2489 5016 dicitur,
2541 4950 2712 5006 fuisse
2740 4953 3018 5022 apostolos
3054 4967 3162 5004 una
3204 4965 3560 5020 perseveran—

1987 5057 2072 5104 tes
2102 5048 2157 5101 in
2185 5044 2435 5100 oratione
2457 5057 2580 5096 cum
2618 5041 2789 5096 Maria
2817 5050 2991 5099 matre
3015 5043 3136 5114 ejus
3181 5049 3236 5096 et
3293 5041 3553 5096 fratribus

1987 5141 2129 5212 ejus.
2182 5137 2286 5206 Qui
2337 5151 2468 5208 ergo
2504 5135 2850 5190 existimetur
2903 5137 2971 5192 iis
3023 5136 3344 5208 peregrinus
3394 5133 3555 5188 esse?

1981 5229 2178 5286 Nullus
2224 5229 2407 5297 itaque
2454 5223 2610 5280 locus
2661 5235 2907 5296 superest
2958 5235 3018 5280 ut
3051 5225 3118 5281 de
3170 5225 3238 5280 iis
3287 5223 3546 5278 dicatur:

1990 5340 2008 5374 ι
2043 5320 2350 5376 Extraneus
2377 5316 2554 5372 factus
2586 5330 2707 5370 sum
2741 5315 3004 5371 fratribus
3027 5316 3184 5379 meis,
3215 5321 3270 5370 et
3306 5305 3550 5380 peregri-

1985 5431 2089 5470 nus
2123 5413 2248 5467 filiis
2281 5410 2471 5464 matris
2513 5423 2668 5463 meae.
2703 5428 2722 5461 ι
2766 5408 2885 5464 Neu
2928 5410 3074 5464 enim
3107 5409 3173 5461 iis
3208 5401 3549 5474 peregrinus,

2320 5527 2358 5557 “
2403 5521 2590 5580 Matth.
2647 5538 2770 5589 xm,
2829 5521 3014 5580 54.56.
3131 5519 3172 5550 "
3214 5512 3401 5570 Matth.
3444 5526 3547 5583 ω,
