4014 6206
471 279 574 337 739

1163 277 1432 336 EUSEBII
1469 277 1949 336 CESARIENSIS
1987 281 2135 338 OPP.
2176 284 2356 340 PARS
2386 283 2470 342 IIl.
2497 315 2565 326 —-
2604 284 3016 341 EXEGETICA.

3630 282 3743 339 740

469 395 567 451 sed
597 394 824 450 multum
857 395 1130 464 pretiosus
1154 403 1293 459 erat.
1320 397 1394 450 ita
1431 403 1490 450 ut
1514 397 1830 454 nullatenus
1858 399 2032 456 crede-

2150 409 2216 477 τῇ
2253 406 2418 478 μητρὶ⁷
2446 404 2607 458 αὑτοῦ
2633 406 2727 458 καὶ
2750 404 2861 468 τοῖς
2889 403 3137 474 ἀδελφοῖς
3164 403 3346 456 αὑτοῦ.
3383 403 3508 466 Πῶς
3528 399 3626 456 οὗν
3649 403 3744 456 δύ-

466 504 528 542 re
560 488 719 542 liceat
741 496 1072 543 memoratos
1105 488 1306 544 fratres
1326 489 1449 558 ejus
1480 489 1622 546 filios
1646 490 1828 547 Maria:
1852 492 2044 550 fuisse.

466 581 573 634 Alii
609 593 742 635 sane
773 578 978 634 fuerint
1005 582 1098 650 qui
1134 583 1189 635 in
1224 583 1436 653 psalmo
1471 583 1565 636 lilii
1605 585 1795 638 matris
1817 583 1938 654 ejus
1966 586 2050 640 di-

465 677 687 734 cuntur,
730 671 1043 742 quibusque
1082 682 1380 729 extraneus
1422 674 1601 728 factus
1631 680 1735 728 est.
1770 672 2048 746 lntelligas

463 777 631 833 porro
652 770 883 819 matrem
913 763 1135 834 quidem
1164 765 1286 834 ejus
1317 782 1440 822 esse
1462 765 1780 821 Iudaeorum
1801 767 2049 840 Synago-

461 871 586 926 gam
637 870 966 927 omnemque
1018 859 1402 929 cognationem
1452 858 1754 914 secundum
1803 876 2046 924 carnem,

462 960 653 1000 eorum
701 947 911 1001 scilicet
955 947 1047 1018 qui
1092 964 1159 1002 ex
1195 947 1621 1004 circumcisione
1659 957 1856 1016 erant;
1908 949 2048 1006 filios

461 1054 593 1094 vero
619 1039 930 1108 hujusmodi
956 1041 1172 1106 matris,
1206 1056 1301 1096 eos
1335 1042 1428 1111 qui
1457 1041 1637 1112 ipsum
1674 1042 2044 1111 abnegarunt,

461 1146 526 1185 ac
556 1131 815 1185 dixerunt
853 1150 865 1186 :
907 1150 925 1183 ι
971 1131 1128 1187 Hunc
1154 1141 1336 1188 autem
1367 1133 1648 1189 nescimus
1673 1133 1816 1188 unde
1842 1134 1912 1188 sit
1945 1135 2041 1190 “.i

461 1222 607 1289 Ideo,
645 1239 768 1278 cum
807 1224 957 1278 illum
1012 1225 1361 1296 peregrinum
1401 1225 1804 1285 existimarent,
1828 1227 2046 1280 dicebat

458 1315 584 1370 eis:
623 1333 641 1365 ι
680 1315 1080 1384 Curloquelam
1132 1333 1306 1372 meam
1350 1332 1458 1372 non
1489 1318 1712 1372 nostis?
1750 1317 1882 1387 quia
1935 1333 2047 1373 non

459 1406 692 1477 potestis
741 1407 933 1463 audire
963 1424 1274 1464 sermonem
1320 1425 1504 1464 meum
1533 1412 1598 1463 ⁸⁵.
1636 1429 1653 1462 ι
1690 1409 2044 1482 Peregrinum

457 1501 624 1553 etiam
662 1499 810 1553 illum
846 1501 1107 1570 putabant
1136 1517 1261 1556 cum
1294 1502 1540 1556 dicerent
1575 1522 1588 1557 :
1627 1521 1645 1553 ι
1684 1501 1877 1558 Nonne
1910 1504 2046 1559 bene

457 1588 692 1644 dicimus
719 1606 842 1654 nos,
866 1592 994 1662 quia
1027 1590 1409 1648 Samaritanus
1437 1610 1496 1650 es
1536 1603 1614 1658 tu,
1633 1603 1688 1650 et
1716 1595 2044 1651 daemonium

458 1683 628 1739 habes
661 1684 741 1736 “?
783 1704 801 1736 ι
839 1684 1021 1750 Quare
1049 1686 1269 1740 dicebat
1303 1689 1384 1742 eis
1417 1706 1430 1742 :
1470 1707 1488 1738 ι
1531 1687 1645 1759 Ego
1669 1691 1792 1744 veni
1843 1691 1897 1744 in
1941 1707 2045 1746 no-

2149 513 2306 549 ναται
2331 496 2536 560 τούτοις
2565 493 2712 560 ξένος
2738 490 2876 547 εἶναι
2909 493 3218 565 νομίζεσθαι
3237 495 3428 559 ;Ὧστε
3459 495 3534 566 μὴ
3554 494 3742 566 χώραν

2150 585 2294 655 ἔχειν
2335 585 2464 656 περὶ
2504 583 2708 637 τούτων
2738 583 2993 653 λέγεσθαι
3023 583 3106 649 τὸ,
3138 603 3156 635 ι
3202 585 3742 656 Ἀπηλλοτριωμὲνος

2149 677 2412 748 ἐγενήθην
2444 679 2557 740 τοῖς
2581 676 2832 746 ἀδελφοῖς
2861 693 2960 746 μου
2987 715 3002 740 ,
3032 677 3126 729 καὶ
3153 676 3300 743 ξένος
3331 680 3447 741 τοῖς
3475 679 3612 740 υίοῖς
3637 677 3741 747 τῆς

2153 769 2356 840 μητρός
2383 785 2504 840 μου.
2549 787 2568 820 ι
2590 769 2664 822 Ού
2695 768 2805 839 γὰρ
2832 764 2899 842 ἦν
2922 769 3127 823 τούτων
3146 769 3466 836 ξένος,άλλὰ
3480 772 3576 823 καὶ
3601 771 3741 838 ἄγαν

2147 859 2346 930 τίμιος⁹
2378 857 2454 921 ὡς
2479 859 2672 929 μηκέτι
2693 859 2818 922 τοὺς
2844 858 3238 930 προλεχθέντας
3275 859 3439 912 αὑτοῦ
3477 859 3741 930 ἀδελφοὺς

2149 952 2298 1015 υἱοὺς
2343 946 2480 1004 εἶναι
2525 951 2621 1024 τῆς
2663 950 2880 1022 Μαρίας
2918 952 3190 1021 ἡγεῖσθαι,
3221 950 3398 1022 ἐτεροι
3440 951 3485 1004 δ’
3523 950 3590 1005 ἂν
3627 946 3738 1004 εἷεν

2149 1043 2300 1114 παρὰ
2327 1043 2550 1106 τούτους
2581 1043 2629 1095 oi
2669 1042 2758 1096 διὰ
2788 1041 2882 1096 τοῦ
2915 1042 3130 1112 ψαλμοῦ
3179 1041 3464 1113 λεγόμενοι
3496 1043 3601 1095 υἱοὶ
3637 1044 3738 1115 τῆς

2152 1129 2359 1198 μητρὸς
2382 1127 2569 1191 αὐτοῦ,
2603 1122 2684 1191 οἷς
2715 1127 2860 1192 ξένος
2878 1128 3132 1199 ἐγενήθη.
3160 1128 3392 1200 Νοήσεις
3425 1128 3482 1181 δὲ
3519 1131 3736 1201 μητέρα

2152 1220 2250 1290 μὲν
2279 1220 2377 1290 τὴν
2401 1218 2507 1272 τῶν
2532 1218 2799 1271 Ἰουδαίων
2821 1219 3149 1289 Συναγωγὴν
3165 1220 3258 1271 καὶ
3275 1220 3457 1272 πᾶσαν
3478 1220 3578 1291 τὴν
3598 1223 3736 1276 κατὰ

2151 1313 2330 1383 σάρκα
2363 1311 2676 1380 συγγένειαν
2712 1309 2819 1363 τῶν
2853 1312 2918 1363 ἐκ
2957 1310 3262 1382 περιτομῆς
3292 1328 3306 1340 ·
3341 1313 3488 1374 υἱοὺς
3529 1312 3588 1364 δὲ
3637 1313 3734 1384 τῆς

2147 1403 2400 1475 τοιαύτης
2433 1403 2636 1474 μητρὸς
2658 1405 2784 1466 τοὺς
2828 1403 3236 1475 ἀρνησαμένους
3257 1403 3438 1467 αὑτὸν,
3468 1407 3565 1458 καὶ
3585 1406 3733 1478 είρη-

2148 1497 2341 1560 κότας’
2382 1513 2400 1547 ι
2425 1494 2626 1548 Τοῦτον
2649 1494 2707 1547 δὲ
2745 1495 2845 1546 οὐκ
2889 1493 3107 1563 οἴδαμεν
3171 1493 3332 1546 πόθεν
3373 1494 3554 1547 ἐστίν·
3587 1515 3605 1546 ι
3642 1495 3731 1548 Διὸ

2147 1590 2329 1659 ἔλεγεν
2365 1591 2579 1653 αὐτοῖς,
2615 1588 2800 1660 ἐπειδὴ
2832 1587 2979 1655 ξένον
3012 1587 3172 1641 αὑτὸν
3204 1586 3474 1657 ἐνόμιζον·
3517 1606 3535 1637 ι
3559 1588 3658 1640 Διὰ
3679 1588 3729 1640 τι

2145 1682 2243 1754 τὴν
2269 1683 2455 1735 λαλιὰν
2497 1681 2594 1753 τὴν
2636 1681 2776 1752 ἐμὴν
2814 1681 2874 1733 ού
2913 1679 3244 1748 γινώσκετε;
3290 1681 3372 1732 ὃτι
3409 1681 3469 1732 ού
3500 1679 3726 1734 δύνασθε

457 1775 607 1830 mine
637 1775 816 1831 Patris
851 1777 978 1841 mei,
1009 1791 1063 1831 et
1093 1795 1199 1832 non
1236 1779 1489 1848 accipitis
1533 1795 1658 1847 me;
1688 1779 1735 1834 si
1775 1781 1914 1835 alius
1949 1797 2032 1836 ve-

2147 1776 2363 1830 ἀκούειν
2395 1776 2486 1830 τὸν
2523 1776 2680 1844 λόγον
2706 1775 2798 1828 τὸν
2839 1775 2989 1845 ἐμόν.
3021 1793 3039 1825 ι
3077 1773 3237 1826 Ξένον
3269 1773 3325 1825 δὲ
3360 1773 3524 1826 αὑτὸν
3572 1774 3726 1827 πάλιν

457 1869 601 1922 nerit
632 1868 686 1921 in
724 1867 947 1921 nomine
975 1869 1220 1936 proprio,
1249 1869 1428 1938 ipsum
1465 1869 1750 1939 accipietis
1788 1872 1851 1923 ¹⁷.
1897 1889 1914 1922 ι
1951 1869 2043 1926 Sic

455 1959 624 2030 igitur
661 1960 990 2030 peregrinus
1022 1967 1077 2012 et
1107 1969 1402 2016 extraneus
1429 1961 1607 2017 factus
1638 1970 1724 2017 est
1771 1963 1898 2016 filiis
1930 1978 2046 2016 ma-

454 2052 558 2107 tris
585 2068 719 2107 suaa.
749 2051 875 2106 liene
913 2067 1077 2122 porro
1115 2054 1301 2107 omnia
1340 2055 1604 2110 sustinuit
1647 2055 1716 2110 ob
1744 2070 1887 2121 eam,
1923 2071 2044 2126 quae

454 2158 580 2197 mox
609 2144 856 2209 allertur,
891 2158 1138 2209 causam,
1163 2161 1327 2216 quam
1354 2151 1671 2205 necessario
1709 2151 1905 2220 aperit,
1960 2151 2044 2205 di-

453 2250 585 2288 rens
612 2252 627 2290 2

2146 1868 2375 1941 ἡγοῦντο
2405 1867 2673 1936 λέγοντες
2711 1886 2728 1918 ι
2755 1867 2829 1920 Ού
2863 1865 3042 1928 καλῶς
3066 1867 3228 1936 ἡμεῖς
3253 1865 3482 1934 λέγομεν
3517 1866 3600 1918 ὃτι
3625 1866 3727 1919 Σα-

2151 1962 2412 2033 μαρείτης
2428 1957 2477 2013 εἷ
2502 1961 2586 2022 σὺ,
2620 1959 2715 2013 καὶ
2734 1958 3008 2029 δαιμόνιον
3034 1958 3208 2028 ἕχεις;
3241 1976 3258 2008 ›
3287 1958 3377 2010 Διὸ
3411 1957 3564 2026 ἔλεγε
3597 1959 3729 2030 πρὸς

2147 2053 2361 2117 αὐτούς’
2388 2073 2406 2105 ι
2432 2051 2573 2122 Ἐγὼ
2596 2051 2828 2123 ἐλήλυθα
2846 2054 2902 2104 ἐν
2915 2050 2992 2120 τῷ
3005 2037 3234 2120 ὀνόματι
3256 2049 3348 2103 τοῦ
3368 2051 3582 2122 Πατρός
3605 2069 3727 2121 μου,

2149 2151 2241 2202 καὶ
2273 2150 2334 2202 οὐ
2368 2145 2674 2218 λαμϐάνετέ
2717 2161 2783 2215 με
2801 2160 2814 2173 °
2841 2143 2936 2196 ἐὰν
2964 2143 3120 2206 ἄλλος
3146 2143 3273 2214 ἔλθῃ
3313 2145 3368 2195 ἐν
3401 2143 3480 2214 τῷ
3509 2143 3730 2214 ὀνόματι

2147 2234 2226 2312 τῷ
2247 2241 2382 2311 ίδίῳ,
2412 2242 2615 2293 ἐκεῖνον
2635 2234 2890 2306 λήψεσθε.
2915 2253 2932 2285 ι
2956 2233 3112 2286 υῦτω
3135 2234 3314 2286 τοίνυν
3345 2233 3494 2298 ξένος
3526 2236 3622 2288 καὶ
3640 2234 3733 2288 ἁλ-

451 2323 661 2397 λότριος
688 2326 878 2396 γέγονε
904 2332 1017 2393 τοῖς
1047 2333 1182 2395 υἱοῖς
1207 2331 1304 2403 τῆς
1329 2334 1535 2406 μητρὸς
1559 2335 1745 2390 αὑτοῦ.
1775 2336 1964 2392 Ταῦτα
1978 2338 2034 2392 δὲ
2072 2338 2251 2392 πάντα
2273 2334 2532 2406 ὑπέμεινε
2549 2331 2637 2386 διὰ
2663 2331 2761 2402 τὴν
2789 2328 3186 2398 ἐπιλεγομένην
3238 2328 3440 2390 αἰτίαν,
3485 2331 3552 2400 ἢν
3568 2330 3734 2396 ἀναγ-

450 2418 623 2482 καίως
645 2419 942 2494 παρίστησι
969 2423 1166 2491 λέγων’

521 2535 686 2592 ans.
718 2537 903 2594 10-15.
945 2555 964 2589 ι
1004 2538 1271 2604 Quoniam
1313 2539 1464 2594 zelus
1509 2538 1707 2596 domus
1742 2547 1849 2596 tua:
1879 2557 2032 2597 com-

448 2631 562 2688 edit
591 2647 698 2696 me,
750 2639 806 2687 et
846 2633 1142 2703 opprobria
1182 2632 1636 2703 exprobrantium
1679 2633 1780 2687 tibi
1828 2634 2034 2689 cecide-

448 2733 578 2778 runt
607 2741 773 2795 super
805 2741 912 2780 me.
959 2745 977 2777 ›
1026 2724 1165 2791 Quia
1195 2725 1340 2780 enim
1394 2725 1564 2780 multa
1617 2741 1753 2780 usus
1812 2726 2032 2790 ﬁducia,

447 2833 542 2874 eos
572 2819 667 2888 qui
689 2818 910 2873 domum
944 2816 1124 2873 Patris
1155 2819 1262 2882 sui,
1299 2818 1524 2873 domum
1563 2818 1950 2889 negotiationis
1980 2828 2035 2874 et

447 2913 765 2983 speluncam
790 2912 1068 2965 latronum
1096 2909 1391 2976 faciebant,
1417 2913 1752 2984 coarguebat
1775 2920 1830 2968 et
1860 2913 2030 2984 pelle-

443 3003 534 3059 bat
556 3047 570 3070 ,
599 3004 723 3059 ideo
752 3003 1158 3059 insidiabantur
1179 3004 1304 3075 ipsi.
1341 3003 1497 3071 Quod
1521 3004 1763 3060 declarat
1790 3020 2025 3078 evange-

445 3096 590 3159 lista,
619 3095 844 3151 dicens:
883 3114 901 3147 ι
940 3095 1007 3150 Et
1044 3111 1212 3167 prope
1252 3104 1372 3152 erat
1421 3095 1634 3153 Pascha
1684 3096 2020 3164 Judazorum,

444 3196 498 3240 ct
522 3184 770 3242 ascendit
798 3183 960 3241 Iesus
999 3184 1397 3257 Jerosolymam
1429 3205 1445 3240 :
1480 3194 1535 3241 et
1569 3186 1776 3242 invenit
1804 3185 1860 3240 in
1893 3193 2032 3240 tem-

444 3279 535 3350 plo
568 3277 864 3336 vendentes
919 3295 1049 3336 oves
1094 3287 1148 3334 et
1199 3280 1388 3344 boves,
1431 3286 1485 3334 et
1534 3279 2030 3334 nummulariorum

443 3370 633 3428 effudit
681 3388 755 3429 ωε
804 3380 860 3429 et
910 3387 1152 3429 mensas.
1188 3371 1255 3426 Et
1282 3372 1350 3429 iis
1375 3371 1469 3443 qui
1513 3373 1800 3430 columbas
1831 3372 2032 3429 vende-

444 3464 576 3519 bant
622 3464 798 3520 dixit:
834 3463 1058 3520 Auferte
1112 3465 1219 3520 ista
1284 3464 1434 3526 hinc.
1501 3471 1556 3519 et
1617 3465 1792 3520 nolite
1851 3463 2032 3519 facere

443 3557 664 3612 domum
693 3557 872 3614 Patris
900 3558 1030 3623 mei,
1079 3557 1282 3612 donum
1325 3557 1712 3628 negotiationis
1745 3557 1808 3612 “.
1853 3577 1871 3610 ι
1899 3557 2032 3624 Qui-

443 3647 550 3704 bus
601 3649 935 3720 subjungit:
989 3666 1009 3701 ι
1071 3647 1363 3704 Recordati
1405 3657 1532 3704 sunt
1585 3649 1840 3720 discipuli
1890 3649 2029 3719 ejus,

443 3741 571 3811 quia
641 3742 906 3812 scriptum
969 3729 1110 3798 est':
1166 3741 1326 3797 Zelus
1378 3743 1576 3800 donius
1644 3752 1749 3798 tuae
1795 3743 2034 3798 comedit

442 3835 612 3888 me".
641 3853 658 3885 ›
681 3833 786 3888 Sed
832 3834 998 3889 etiam
1029 3834 1322 3905 opprobria
1356 3836 1803 3905 exprobrantium
1835 3834 1944 3890 Deo
1975 3836 2033 3890 in

441 3941 502 3982 se
544 3927 836 3996 recipiens,
868 3943 1060 3982 eorum
1119 3929 1266 3984 ultor
1297 3927 1436 3983 fuit:
1485 3929 1841 3998 quamobrem
1890 3928 2035 3985 dice-

441 4017 534 4072 bat
563 4035 577 4072 :
605 4036 623 4070 ι
649 4017 715 4071 Et
745 4019 1038 4090 opprobria
1083 4019 1530 4090 exprobrantium
1577 4018 1672 4073 tibi
1715 4018 2033 4074 ceciderunt

440 4127 604 4182 super
632 4127 740 4167 me.
783 4131 801 4165 ι
837 4110 956 4167 Non
982 4109 1162 4168 ferens
1194 4113 1340 4168 enim
1371 4128 1469 4168 eos
1502 4112 1596 4182 qui
1622 4111 1882 4182 operibus
1913 4111 2031 4168 suis

441 4205 799 4279 approbrium
829 4205 1111 4277 religionis
1143 4205 1354 4276 legibus
1382 4204 1714 4268 inferebant,
1752 4203 2030 4275 principes

440 4301 617 4372 gentis
648 4298 1000 4370 coarguebat.
1033 4297 1216 4364 Quare
1246 4297 1438 4354 turbas
1472 4304 1526 4352 et
1566 4295 1870 4366 discipulos
1899 4310 2030 4351 suos

2215 2558 2235 2591 ι
2276 2540 2455 2594 Ὄτιό
2496 2536 2655 2610 ζῆλος
2702 2537 2797 2591 τοῦ
2825 2538 2979 2591 οἴκου
3037 2556 3134 2592 σου
3167 2540 3448 2609 κατέφαγέ
3502 2557 3604 2611 με,
3636 2539 3732 2594 καὶ

2136 2633 2190 2685 οἱ
2246 2629 2538 2699 ὀνειδισμοὶ
2583 2629 2691 2682 τῶν
2760 2628 3124 2693 ὀνειδιζόντων
3192 2649 3251 2684 σε
3314 2633 3591 2686 ἐπέπεσαν
3641 2617 3729 2688 ἐπ⁹

2140 2721 2260 2791 ἐμέ.
2308 2738 2326 2772 ι
2385 2718 2603 2791 Ἐπειδὴ
2649 2718 2790 2790 γὰρ,
2855 2720 3024 2792 πολλῇ
3085 2721 3368 2794 παρρησίᾳ
3425 2722 3730 2796 χρώμενος,

2139 2813 2266 2876 τοὺς
2306 2813 2398 2865 τὸν
2439 2807 2586 2866 οἷκον
2639 2813 2734 2866 τοῦ
2792 2814 3005 2886 Πατρός
3045 2814 3210 2868 αὑτοῦ
3249 2811 3395 2869 οἶκον
3461 2817 3730 2889 ἐμπορίου

2137 2907 2229 2960 καὶ
2304 2906 2566 2978 σπήλαιον
2625 2906 2837 2978 λῃστῶν
2913 2907 3204 2972 ποιοῦντας
3257 2908 3457 2980 ἥλεγχέ
3517 2927 3578 2962 τε
3639 2910 3732 2965 καὶ

2136 2999 2352 3074 ᾕλαυνε,
2387 2998 2577 3053 τούτου
2605 2999 2764 3072 χάριν
2821 3000 3178 3054 ἐπεϐούλευον
3222 3001 3390 3073 αὐτῷ’
3428 3002 3457 3055 ὃ
3495 3001 3560 3072 δὴ
3592 3017 3731 3074 παρ-

2051 3065 2095 3124 c
2133 3065 2343 3165 ιστησιν
2359 3095 2387 3147 ό
2403 3065 2992 3166 εὐαγγελιστὴςείπών·
3016 3114 3035 3148 ι
3054 3079 3165 3151 καὶ
3179 3091 3248 3169 ἦν
3269 3065 3438 3166 ἐγγὺς
3452 3097 3514 3150 τὸ
3534 3065 3728 3167 ῖΙάσχα

2130 3183 2238 3237 τῶν
2283 3183 2571 3248 Ἰουδαίων,
2604 3185 2697 3239 καὶ
2729 3184 2895 3256 ἀνέϐη
2925 3186 2954 3238 ό
2996 3185 3203 3258 Ἰησοῦς
3233 3187 3313 3251 είς
3353 3187 3725 3260 Ἱεροσόλυμα·

2131 3276 2226 3330 καὶ
2254 3293 2413 3349 ευρεν
2451 3279 2509 3330 ἐν
2537 3276 2614 3347 τῷ
2645 3277 2776 3349 ἱερῷ
2808 3278 3124 3343 πωλοῦντας
3159 3279 3411 3350 πρόϐατα
3443 3281 3532 3333 καὶ
3567 3279 3718 3349 βόας.

2135 3371 2228 3424 καὶ
2256 3370 2363 3422 τῶν
2400 3370 2762 3424 κολλυϐιστῶν
2784 3369 2964 3441 ἐξέχεε
2980 3373 3048 3424 τὰ
3072 3373 3319 3443 κέρματα
3347 3373 3441 3425 καὶ
3465 3372 3560 3436 τὰς
3584 3390 3723 3444 τρα-

2134 3461 2322 3526 πέζας.
2343 3463 2453 3515 Kal
2467 3464 2580 3525 τοῖς
2601 3463 2698 3526 τὰς
2716 3463 3047 3534 περιστεράς
3073 3464 3344 3517 πωλοῦσιν
3361 3463 3535 3518 εἶπενι
3562 3467 3729 3536 Ἀραο

2132 3571 2191 3607 τε
2219 3554 2392 3608 ταῦτα
2427 3554 2696 3619 ἐντεῦθεν,
2723 3556 2816 3610 καὶ
2854 3555 2928 3627 μὴ
2962 3559 3166 3609 ποιεῖτε
3195 3557 3283 3610 τὸν
3311 3553 3459 3610 οἷκον
3491 3557 3586 3611 τοῦ
3616 3558 3728 3611 Πα-

2131 3644 2258 3717 τρός
2275 3663 2375 3716 μου
2397 3641 2542 3698 οἷκον
2563 3647 2826 3718 ἐμπορίου
2847 3663 2859 3674 ο
2889 3666 2906 3697 ι
2938 3647 3200 3715 ἐπιλέγειο
3231 3667 3247 3699 ι
3272 3649 3656 3720 Ἐμνήσθησαν
3676 3649 3726 3701 οἱ

2137 3737 2376 3808 μαθηταὶ
2402 3737 2588 3801 αὑτοῦ,
2617 3739 2698 3792 ὅτι
2731 3739 3118 3812 γεγραμμένον
3148 3741 3315 3793 ἐστίν’
3347 3741 3405 3794 '0
3436 3739 3604 3812 ζῆλος
3630 3740 3725 3795 τοῦ

2133 3830 2283 3883 οἴκου
2320 3848 2412 3884 σου
2435 3831 2714 3902 κατέφαγέ
2742 3849 2830 3904 με.
2864 3852 2882 3884 ι
2929 3833 3090 3886 Ἀλλὰ
3120 3833 3358 3896 καὶτοὺς
3385 3833 3726 3904 ὀνειδισμοὺς

2132 3922 2240 3974 τῶν
2267 3923 2634 3988 ὀνειδιζόντων
2669 3924 2760 3977 τὸν
2799 3923 2930 3977 Θεὸν
2958 3927 3037 3988 εἰς
3068 3925 3259 3979 ἐαυτὸν
3297 3924 3724 3997 ἀναλαμϐάνων,

2133 4013 2344 4080 ἔκδικος
2377 4017 2592 4084 ἐγένετο
2618 4015 2840 4070 τούτων’
2858 4016 2937 4071 διὸ
2953 4016 3125 4087 ἐλεγε-
3158 4037 3176 4069 ι
3201 4019 3311 4072 Καὶ
3337 4020 3388 4071 οἱ
3421 4018 3727 4090 ὀνειδισμοὶ

2133 4107 2241 4160 τῶν
2269 4108 2631 4174 ὀνειδιζόντων
2673 4126 2732 4163 σε
2767 4109 3041 4164 ἐπέπεσαν
3063 4109 3150 4163 ἐπ’
3177 4110 3298 4182 ἐμέ.
3333 4129 3352 4164 ι
3385 4112 3460 4164 Ού
3492 4111 3606 4184 γάρ
3632 4111 3729 4180 φέ-

2138 4221 2243 4275 ρων
2264 4205 2388 4268 τοὺς
2413 4203 2501 4258 διὰ
2536 4204 2643 4259 τῶν
2671 4204 2887 4259 οἰκείων
2911 4205 3088 4280 ἔργων
3121 4207 3323 4270 ὄνειδος
3356 4207 3726 4279 προστρίϐον-

2134 4314 2231 4361 τας
2251 4295 2329 4367 τῷ
2359 4296 2458 4368 τῆς
2492 4297 2797 4363 θεοσεϐείας
2836 4299 3005 4371 νόμῳ,
3040 4299 3167 4363 τοῦς
3206 4299 3458 4370 ἐλέγχους
3483 4300 3726 4353 ἐποιεῖτο

438 4392 855 4454 cohortabatur,
896 4389 1087 4446 dicens
1121 4409 1134 4444 :
1173 4408 1192 4442 ι
1236 4387 1416 4460 Super
1465 4387 1782 4444 cathedram
1826 4385 2028 4458 Moysis

2138 4387 2274 4442 κατὰ
2289 4388 2395 4442 τῶν
2426 4389 2702 4460 ἀρχόντων
2727 4390 2819 4444 τοῦ
2837 4391 3040 4456 ἔθνους.
3067 4391 3157 4444 Διὸ
3171 4395 3282 4456 τοῖς
3297 4391 3476 4461 ὄχλοις
3499 4394 3594 4446 καὶ
3609 4396 3724 4456 τοῖς

439 4485 697 4540 sederunt
729 4481 936 4537 Scribat
959 4488 1012 4537 et
1045 4479 1307 4536 Pharisaei
1345 4499 1360 4536 :
1393 4480 1576 4534 omnia
1606 4495 1735 4550 ergo
1757 4494 2018 4549 quascun-

437 4593 545 4648 que
568 4575 807 4631 dixerint
839 4573 997 4628 vobis
1034 4572 1196 4627 facite
1231 4581 1285 4627 et
1312 4578 1546 4638 servate,
1565 4571 1865 4626 secundum
1889 4584 2020 4640 ope-

436 4689 499 4727 ra
523 4681 705 4727 autem
735 4686 927 4727 eorum
959 4670 1131 4724 nolite
1165 4669 1366 4724 facere.
1404 4667 1605 4722 Dicunt
1632 4667 1798 4733 enim,
1825 4673 1879 4721 et
1908 4680 2018 4718 non

437 4763 646 4820 faciunt
668 4763 736 4816 ³⁸.
790 4784 809 4815 ι
859 4761 1064 4816 Deinde
1108 4777 1239 4815 vero
1278 4775 1515 4830 arguens
1565 4759 1680 4812 haec
1716 4758 1772 4811 in
1828 4771 2017 4812 eorum

435 4867 724 4922 personam
756 4850 1067 4922 proferebat
1101 4867 1114 4902 :
1149 4868 1168 4901 ι
1213 4849 1307 4904 Va:
1328 4849 1508 4914 vobis,
1541 4849 1750 4903 Scribze
1791 4855 1844 4902 et
1875 4846 2018 4902 Pha-

433 4943 576 5000 risaei
606 4943 924 5013 hypocritae,
956 4943 1085 5013 quia
1109 4941 1368 4998 clauditis
1403 4958 1631 5013 regnum
1661 4941 1930 4996 ccelorum
1957 4940 2014 4994 in

433 5043 729 5106 conspectu
761 5035 1043 5090 hominum
1073 5036 1156 5102 ¹¹;
1199 5055 1218 5089 ι
1258 5050 1322 5091 ac
1352 5049 1573 5090 rursum
1608 5053 1621 5088 :
1664 5052 1684 5086 ι
1720 5031 1813 5088 Va:
1834 5032 2012 5096 vobis,

434 5128 640 5184 Scriba:
693 5134 748 5182 et
804 5125 1087 5192 Pharisaai,
1115 5127 1244 5197 quia
1298 5128 1504 5184 similes
1562 5125 1697 5182 estis
1743 5124 2009 5195 sepulcris

428 5219 702 5280 dealbatis
730 5220 796 5272 ".
838 5237 856 5270 ι
889 5217 972 5274 0b
1008 5220 1150 5275 tales
1184 5219 1370 5290 itaque
1418 5220 1818 5290 correptiones,
1880 5215 2012 5272 insi-

430 5315 550 5372 dias
598 5314 703 5385 ipsi
740 5321 1028 5385 pararunt.
1086 5311 1432 5383 Quapropter
1471 5312 1562 5366 hic
1614 5312 1733 5366 ait:
1774 5329 1792 5363 ι
1849 5307 2011 5364 Zelus

427 5411 625 5464 domus
653 5416 758 5462 tuaa
776 5404 1012 5461 comedit
1031 5421 1139 5470 me,
1163 5415 1216 5460 et
1237 5404 1530 5475 Opprobria
1558 5402 2010 5472 exprobrantium

429 5505 526 5562 tibi
563 5503 881 5560 ceciderunt
909 5514 1076 5570 super
1096 5514 1202 5553 me.
1231 5497 1296 5550 Et
1325 5497 1520 5568 operui
1548 5496 1601 5550 in
1646 5495 1860 5566 jejunio
1891 5492 2012 5547 ani-

502 5662 545 5693 "
581 5659 736 5714 Joan.
782 5675 858 5723 Ix,
897 5657 988 5713 29.
1066 5659 1108 5689 “
1144 5655 1301 5710 Joan.
1344 5668 1465 5717 vm,
1504 5653 1594 5707 43.
1673 5652 1729 5723 ¹⁶μ
1760 5650 1892 5723 ibid.
1935 5647 2024 5703 ιε.

2138 5649 2144 5676 τ
2182 5646 2340 5702 Joan.
2385 5665 2436 5717 ν,
2483 5649 2570 5703 65.

426 5735 474 5768 ⁸⁸
499 5731 686 5786 Matth.
732 5721 890 5794 χχιιι,
929 5730 984 5793 2,
1025 5729 1078 5783 5.
1155 5730 1196 5760 ’⁸
1240 5727 1370 5781 ibid.
1405 5726 1456 5779 3.
1536 5726 1580 5754 "
1623 5721 1756 5777 ibid.
1805 5721 1896 5773 ‘27.

2131 4481 2400 4553 μαθηταῖς
2425 4483 2588 4536 αὐτοῦ
2624 4483 3063 4556 παρῄνειλέγων·
3102 4504 3120 4536 ι
3165 4485 3288 4537 Ἐπὶ
3311 4484 3413 4555 τῆς
3444 4485 3722 4555 καθέδρας

2125 4574 2403 4638 Μωῦσέως
2439 4565 2698 4630 ἐκάθισαν
2731 4578 2778 4629 oi
2809 4577 3160 4649 Γραμματεῖς
3186 4577 3280 4629 καὶ
3319 4577 3367 4629 οἱ
3395 4577 3721 4647 Φαρισαῖοιο

2127 4664 2302 4719 πάντα
2329 4662 2422 4720 οὖν
2442 4668 2540 4722 ὅσα
2564 4667 2630 4720 ἂν
2663 4667 2892 4720 εἴπωσιν
2916 4668 3044 4739 ὑμῖν
3078 4669 3337 4739 ποιήσατε
3355 4669 3448 4722 καὶ
3474 4672 3717 4740 τηρεῖτε·

2126 4757 2267 4812 κατὰ
2295 4757 2351 4810 δὲ
2386 4759 2452 4812 τὰ
2478 4758 2614 4831 ἔργα
2642 4759 2820 4812 αὐτῶν
2857 4760 2931 4831 μὴ
2963 4762 3184 4813 ποιεῖτε.
3213 4761 3450 4829 Λέγουσι
3478 4762 3592 4832 γὰρ
3628 4761 3718 4814 καὶ

2124 4853 2185 4904 οὐ
2216 4851 2480 4906 ποιοῦσιν.
2516 4872 2533 4904 ι
2567 4849 2821 4925 Εἶθ’ὲξῆς
2848 4854 3164 4925 ἀπελέγχων
3193 4856 3390 4918 αὐτοὺς
3418 4858 3500 4920 εἰς
3535 4855 3714 4910 αὐτῶν

2124 4945 2412 5017 πρόσωπον
2446 4945 2650 5015 ἔλεγεν·
2675 4967 2692 5000 ι
2717 4947 2854 5001 Ούαὶ
2883 4949 3032 5016 ὑμῖν;
3051 4950 3402 5021 Γραμματεῖς
3421 4952 3520 5004 καὶ
3549 4953 3714 5021 Φαρι-

2126 5041 2264 5092 σαῖοι
2300 5040 2615 5112 ὑποκριταὶ,
2647 5041 2726 5094 ὅτι
2749 5041 2958 5094 κλείετε
2983 5041 3081 5114 τὴν
3107 5041 3382 5113 βασιλείαν
3407 5042 3520 5095 τῶν
3550 5045 3710 5115 ούρα-

2120 5129 2226 5183 νῶν
2257 5128 2566 5202 ἔμπροσθεν
2600 5130 2708 5183 τῶν
2744 5131 3078 5202 ἀνθρώπων
3119 5153 3137 5184 ι
3183 5133 3278 5186 καὶ
3315 5131 3498 5186 πάλινο
3535 5151 3554 5184 ι
3577 5131 3710 5186 Οὐαὶ

2114 5217 2262 5290 ὑμῖν,
2299 5223 2648 5290 γραμματεῖς
2687 5223 2779 5274 καὶ
2815 5223 3130 5293 Φαρισαῖοι,
3181 5223 3261 5274 ὃτι
3304 5221 3709 5293 παρομοιάζετε

2111 5310 2303 5380 τάφοις
2354 5311 2774 5382 κεκονιαμένοις.
2809 5332 2826 5364 ι
2867 5311 2986 5365 Τῶν
3031 5311 3159 5382 γοῦν
3193 5312 3449 5366 τοιούτων
3471 5312 3711 5382 ἐλέγχων

2115 5401 2277 5455 ἓνεκα
2296 5401 2393 5472 τὴν
2410 5401 2697 5474 ἐπιϐουλὴν
2717 5403 2864 5475 αὐτῷ
2893 5405 3368 5457 συνεσκευάσαντο.
3402 5405 3602 5475 Διόπερ
3625 5406 3708 5455 ενα

2117 5490 2290 5546 ταῦθά
2308 5509 2491 5565 φησιν’
2528 5512 2544 5544 ι
2569 5494 2626 5546 '0
2658 5492 2818 5563 ζῆλος
2847 5493 2941 5548 τοῦ
2971 5493 3119 5547 οἴκου
3161 5511 3252 5546 σου
3287 5493 3565 5563 κατέφαγέ
3599 5509 3663 5562 με
3687 5531 3705 5554 ,

2683 5649 2726 5681 ’⁸
2765 5648 2922 5705 Joan.
2967 5666 3028 5716 ιι,
3070 5650 3236 5706 13-16
3360 5651 3403 5683 ⁸⁸
3433 5649 3564 5704 ibid.
3610 5646 3698 5702 i7.
