4014 6206
293 273 389 327 ῖιι

1420 268 1926 360 (ΖΟῌΜΕΝΤΑΒΙΑ
1965 269 2032 324 ΙΝ
2069 269 2412 331 PSALMOS.

3442 281 3544 337 742

289 391 384 445 καὶ
411 392 462 444 oi
494 387 788 458 ὀνειδισμοὶ
816 387 926 442 τῶν
964 388 1326 453 ὀνειδιζόντων
1377 406 1436 440 σε
1471 389 1743 444 ἐπέπεσαν
1775 388 1852 440 ἐπ

1966 403 2108 442 mam
2165 405 2363 458 meam,
2406 401 2460 447 et
2489 391 2690 448 factum
2729 401 2814 451 est
2838 394 2891 449 in
2923 395 3271 466 opprobrium
3323 397 3476 453 mihi.
3516 419 3536 448 ι

288 482 412 553 ἐμέ.
507 481 617 534 Καὶ
683 479 1027 550 συνεκάλυψα
1101 482 1158 532 ἐν
1234 479 1457 551 νηστείᾳ
1524 479 1622 549 τὴν
1683 479 1861 549 ψυχήν

290 591 398 648 μου
427 613 442 637 ,
491 573 584 626 καὶ
643 571 876 642 ἐγενήθη
934 573 1014 634 εἰς
1071 571 1408 641 ὀνειδισμοὺς
1463 572 1606 642 ἐμοί.
1649 591 1666 623 ι
1731 572 1861 622 Ὅτε

290 665 416 740 μὲν,
463 664 646 736 φησὶν,
697 663 880 735 ἐώρων
931 664 1020 716 τὸν
1070 663 1160 716 σὺν
1203 659 1348 717 οἷκον
1371 703 1376 708 .
1397 663 1578 734 πάσης
1622 662 1861 734 πληρού-

291 774 454 828 μενον
491 754 740 824 ἀνομίας,
767 755 860 808 καὶ
894 755 1023 808 ποτέ
1057 754 1154 826 μὲν
1179 754 1494 825 γιγνόμενον
1522 750 1667 808 οἷκον
1699 756 1862 824 ἐμπο-

289 848 430 921 ρίου,
458 847 585 900 ποτὲ
611 847 666 900 δὲ
685 847 945 917 σπήλαιον
968 845 1195 919 λῃστῶν,
1230 845 1568 916 πυρούμενος
1593 845 1696 898 ὑπὸ
1716 844 1858 897 θείου

288 942 474 1013 ζήλου,
502 939 730 1012 ἤλαυνον
761 941 884 1001 τοὺς
913 938 1056 992 ἔνδον
1087 938 1554 1010 παρανομοῦντας
1597 937 1731 991 ἀλλὰ
1766 939 1860 990 καὶ

283 1034 376 1088 ὅτε
426 1033 548 1096 ταῖς
584 1031 792 1086 ἑαυτῶν
816 1031 1094 1102 ἀθεμίτοις
1141 1031 1401 1103 πράξεσιν
1444 1031 1646 1094 όνειδος
1697 1048 1853 1101 περι-

281 1125 456 1198 ἦπτόν
472 1143 553 1178 σοι
565 1123 642 1194 τῷ
663 1123 800 1194 Θεῷ,
818 1117 877 1177 οὗ
893 1123 988 1195 τὴν
1003 1123 1310 1178 θεοσέϐειαν
1322 1123 1732 1195 ἐπηγγέλλοντο,
1754 1123 1858 1175 πά-

280 1217 365 1272 λιν
397 1219 477 1280 είς
514 1215 704 1270 ἐαυτὸν
766 1215 1157 1287 ἀναλαμϐάνων
1200 1219 1326 1280 τοὺς
1365 1216 1634 1280 τοιούτους
1671 1214 1858 1270 ὀνειδι-

283 1309 475 1379 σμοὺς,
491 1306 878 1378 ἠναγκαζόμην
895 1308 1005 1378 παῤ
1011 1307 1173 1379 ρησίᾳ
1189 1306 1444 1378 χρῆσθαι,
1464 1308 1691 1361 καὶτοὺς
1706 1307 1857 1375 ἐλέγ-

279 1418 411 1472 χους
439 1402 621 1463 αὐτοῖς
653 1398 1060 1470 θεραπευτικῶς
1094 1399 1440 1471 προσφέρειν
1476 1401 1564 1452 ὅτε
1584 1399 1640 1452 δὲ
1670 1397 1855 1469 ἐώρων

276 1493 622 1563 ἀναισθήτως
651 1491 846 1552 αὐτοὺς
866 1488 1106 1559 ἔχοντας,
1131 1476 1222 1544 καὶ
1258 1491 1331 1561 μὴ
1360 1491 1854 1562 ἐπιστρεφομένους

275 1586 407 1648 τοὺς
438 1584 605 1654 ἐμοὺς
631 1582 911 1653 ἐλέγχους,
943 1582 1380 1653 ’ἀποκλαιόμενος
1409 1583 1588 1636 αὐτῶν
1624 1582 1722 1654 τὴν
1745 1584 1852 1636 άπ-

1964 479 2122 545 Cum,
2153 479 2349 552 inquit,
2367 483 2584 538 domum
2627 493 2776 541 tuam
2805 485 3046 542 viderem
3080 489 3228 544 omni
3255 488 3542 559 iniquitate

1962 574 2250 643 repletam,
2271 585 2324 628 et
2350 577 2511 631 modo
2543 577 2767 632 domum
2802 579 3210 650 negotiationis,
3229 581 3390 635 modo
3418 598 3544 651 spe-

1962 665 2179 720 luncam
2214 668 2488 722 latronum
2538 669 2807 734 effectam,
2853 672 3041 726 divino
3083 673 3346 730 incensus
3401 676 3536 738 zelo,

1961 770 2056 811 eos
2101 759 2197 826 qui
2244 759 2390 814 intus
2429 761 2774 830 iniquitatem
2810 765 3184 833 operabantur
3232 766 3390 836 ejeci.
3427 765 3541 820 lmo

1959 849 2122 904 etiam
2164 867 2290 905 cum
2320 852 2548 910 nefariis
2580 856 2750 926 gestis
2776 858 2891 911 suis
2920 859 3274 927 opprobrium
3305 861 3402 914 tibi
3429 859 3542 916 Deo

1959 943 2244 1010 inferrent,
2267 961 2393 1016 erga
2424 962 2585 1016 quem
2627 955 2808 1001 tamen
2843 949 3164 1018 religionem
3200 951 3539 1019 profiteban-

1957 1045 2066 1099 tur,
2103 1035 2160 1089 in
2190 1051 2276 1090 me
2303 1051 2521 1091 rursum
2551 1037 2844 1107 opprobria
2882 1038 3197 1106 hujusmodi
3245 1041 3540 1110 recipiens,

1956 1129 2289 1183 necessitate
2316 1130 2660 1198 compulsus,
2695 1131 3072 1200 correptiones
3104 1131 3238 1202 ipsis
3264 1133 3330 1187 ad
3363 1149 3541 1190 reme-

1955 1219 2104 1273 dium
2149 1221 2522 1276 admovebam.
2578 1221 2648 1275 Ut
2704 1222 2954 1278 videbam
3016 1232 3196 1278 autem
3233 1227 3354 1281 illos
3389 1229 3540 1283 nullo

1955 1328 2120 1368 sensu
2166 1314 2394 1377 moveri,
2423 1329 2600 1384 neque
2633 1315 2959 1384 resipiscere
3001 1333 3070 1371 ex
3115 1319 3540 1387 reprehensione

1953 1418 2094 1466 mea,
2117 1417 2306 1457 eorum
2343 1405 2636 1472 perniciem
2665 1404 2960 1474 deplorans
2985 1405 3320 1476 jejunabant.
3344 1425 3541 1482 meque

1954 1494 2169 1547 illorum
2197 1508 2363 1548 causa
2389 1494 2853 1550 maccrabam.llli
2883 1505 3063 1550 autem
3091 1504 3223 1550 tunc
3250 1499 3410 1552 etiam
3435 1515 3534 1554 ex-

1952 1584 2292 1652 prohrabant
2316 1583 2471 1646 mihi,
2491 1591 2545 1638 et
2569 1583 2836 1652 jejunium
2863 1600 3040 1640 meum
3060 1586 3300 1656 profusis
3314 1589 3541 1643 cachin-

275 1676 496 1738 ὡλειαν,
536 1677 819 1746 ἐνήστευον
852 1675 943 1728 καὶ
967 1675 1294 1728 κατεπόνουν
1328 1676 1561 1745 ἐμαυτὸν
1579 1675 1718 1747 ὑπὲρ
1753 1677 1851 1729 αὑ-

1954 1674 2041 1729 nis
2070 1674 2392 1728 irridebant.
2422 1674 2558 1728 Cum
2601 1675 2794 1729 vellem
2829 1691 2994 1745 porro
3026 1680 3333 1749 exemplum
3362 1681 3538 1750 poeni-

274 1766 407 1821 τῶν.
441 1736 502 1820 Oi
533 1767 590 1819 δὲ
617 1736 717 1819 ’καὶ
749 1765 921 1829 οὕτως
954 1764 1224 1830 ὠνείδιζόν
1269 1736 1731 1837 μοίδιασύροντες
1760 1767 1851 1820 καὶ

1957 1767 2138 1819 tentia:
2170 1765 2306 1834 ipsis
2339 1781 2666 1835 proponere,
2710 1782 2818 1821 non
2851 1769 3011 1823 modo
3041 1769 3270 1839 jejuniis
3302 1787 3388 1826 me
3419 1786 3536 1825 ma-

275 1858 628 1931 χλευάζοντες
645 1857 740 1930 τὴν
768 1858 905 1930 ἐμὴν
937 1857 1207 1928 νηστείαν.
1232 1858 1560 1928 Βουλόμενος
1576 1859 1638 1912 δὲ
1670 1860 1851 1922 αὐτοῖς

279 1947 640 2020 ὑπογραμμὸν
673 1947 962 2019 μετανοίας
984 1946 1274 2009 δεικνύναι,
1301 1948 1360 2000 οὑ
1399 1947 1558 2018 μόνον
1577 1948 1852 2016 νηστείαις

279 2041 517 2113 ἐμαυτὸν
545 2039 890 2103 κατεπόνουν,
921 2038 1056 2092 ἀλλὰ
1086 2038 1177 2091 καὶ
1212 2038 1272 2090 τὸ
1292 2037 1494 2109 ἕνδυμά
1522 2056 1622 2108 μου
1650 2038 1850 2092 σάκκον

279 2132 598 2203 ἐποιούμην,
631 2131 876 2196 κολάζων
908 2130 999 2184 καὶ
1039 2129 1445 2201 τιμωρούμενος
1477 2129 1574 2201 τὴν
1609 2128 1848 2201 ἐμαυτοῦ

277 2224 479 2294 σάρκα,
508 2224 656 2295 αὐτῷ
676 2241 736 2276 τε
763 2223 908 2295 ἔργῳ
938 2222 1138 2296 τρόπον
1161 2221 1599 2294 ἐξομολογήσεως
1617 2223 1710 2276 καὶ
1742 2223 1849 2278 τῶν

272 2315 556 2388 προτέρων
603 2315 1016 2387 ἁμαρτημάτων
1054 2313 1374 2385 καθάρσεως
1422 2314 1729 2378 ἐπιδεικνὺς
1755 2316 1851 2368 αὐ-

267 2412 407 2472 τςίς.
443 2410 505 2462 υἱ
538 2409 595 2463 δὲ
617 2409 710 2462 καὶ
742 2408 909 2461 ταῦτα
927 2407 1193 2477 γελῶντες
1213 2408 1332 2462 ἀντὶ
1355 2409 1671 2480 παραϐολῆς
1692 2426 1758 2480 με
1773 2403 1850 2462 εῖ-

269 2518 387 2572 χον,
421 2500 802 2572 συνερχόμενοι
839 2500 937 2572 μὲν
963 2500 1078 2571 ἅμα
1109 2501 1202 2554 καὶ⁸
1235 2501 1370 2574 πρὸς
1383 2505 1502 2565 ταῖς
1517 2501 1722 2556 ἐαυτῶν
1742 2499 1849 2556 πύ-

267 2593 392 2656 λαις
424 2592 795 2664 καθεζόμενοι,
830 2595 1008 2646 πᾶσαν
1030 2592 1086 2645 δὲ
1109 2593 1206 2664 τὴν
1237 2593 1444 2648 ἐαυτῶν
1475 2593 1690 2664 ὁμιλίαν
1721 2593 1848 2668 περὶ

267 2683 408 2756 ἐμοῦ
437 2683 781 2755 ποιούμενοι,
827 2684 921 2739 καὶ
956 2686 1237 2756 μονονουχὶ
1270 2685 1680 2756 ἀδολεσχοῦντες
1713 2688 1848 2759 πρὸς

265 2777 536 2848 ἀλλήλους
568 2779 626 2830 ἐν
654 2779 720 2848 τῇ
744 2777 862 2830 κατ’
885 2777 1017 2849 ἐμοῦ
1047 2777 1230 2850 χλεύῃ.
1268 2779 1380 2832 Οὐκ
1400 2779 1637 2850 ἀπήρκει
1665 2780 1721 2834 δὲ
1750 2781 1848 2833 αύ-

265 2871 382 2932 τοίς
422 2865 697 2940 διασύρειν
727 2869 821 2922 καὶ
865 2867 1148 2939 χλευάζειν
1190 2869 1287 2933 τὰς
1319 2869 1457 2942 ἐμὰς
1486 2871 1626 2944 ὑπὲρ
1667 2872 1846 2926 αὐτῶν

262 2961 565 3033 ἀσκήσεις,
603 2959 738 3015 ἀλλὰ
770 2961 865 3015 καὶ
899 2960 1180 3031 συμπόσια
1216 2963 1672 3035 συγκροτοῦντες.,
1705 2965 1846 3037 ᾠδάς

265 3053 363 3107 καὶ
391 3053 611 3126 ᾅσματα
638 3056 719 3118 είς
743 3053 842 3125 ἐμὲ
863 3052 1141 3150 διεξῄεσαν
1159 3053 1601 3124 οἰνοφλυγοῦντες
1626 3057 1722 3150 καὶ
1749 3075 1845 3128 με·
1869 3089 1916 3150 C

264 3145 596 3216 θυσκόμενοι
622 3147 679 3199 ἐν
705 3147 824 3208 ταῖς
853 3146 972 3198 κατ’
1001 3143 1136 3216 ἐμοῦ
1157 3145 1482 3216 παροινίαις.
1519 3147 1634 3218 Ἐφ’
1664 3144 1745 3214 οἷς
1763 3149 1844 3204 ἔτι

267 3239 472 3311 μᾶλλον
497 3237 608 3307 ἐγὼ
637 3239 1036 3293 συνεκάλυπτον
1069 3239 1127 3291 ἐν
1158 3239 1382 3311 νηστείᾳ
1404 3240 1502 3312 τὴν
1523 3239 1701 3314 ψυχήν
1727 3261 1850 3314 μου,

263 3332 363 3386 καὶ
399 3331 657 3404 ἐτιθέμην
684 3332 746 3384 τὸ
781 3330 985 3403 ἐνδυμά
1016 3349 1116 3402 μου
1151 3331 1376 3395 σάκκον,
1407 3332 1504 3404 τὴν
1540 3334 1720 3389 αὐτῶν
1741 3337 1852 3388 ἀπ-

261 3423 468 3477 ώλειαν
501 3423 943 3494 άποκλαιόμενος.
970 3424 1061 3477 Διὸ
1097 3423 1236 3477 κατὰ
1257 3423 1349 3476 τὸν
1365 3422 1594 3478 Ἀκύλαν
1610 3425 1848 3498 εἴρηται⁶

272 3536 288 3566 ι
333 3516 447 3570 Καὶ
491 3515 732 3569 ἔκλαυσα
752 3517 809 3568 ἐν
849 3515 1074 3587 νηστεία
1103 3515 1281 3586 ψυχήν
1327 3533 1427 3585 μου
1448 3555 1463 3580 ,
1495 3517 1588 3571 καὶ
1618 3516 1850 3590 ἐγενήθη

263 3611 348 3674 εἰς
370 3608 709 3680 ὀνειδισμοὺς
736 3610 759 3661 ὲ
769 3609 877 3680 μοί.
897 3609 1008 3662 Καὶ
1033 3608 1231 3662 ἔδωκεν
1256 3607 1465 3663 ἕνδυσίν
1494 3627 1594 3680 μου
1621 3611 1845 3674 σάκκον,

267 3702 364 3754 καὶ
398 3700 666 3772 ἐγενόμην
689 3700 872 3764 αὐτοῖς
895 3702 975 3764 εἰς
993 3701 1327 3772 παραϐολήν.
1369 3701 1617 3772 Ὥμίλουν
1640 3703 1698 3755 ἐν
1728 3702 1851 3772 ἐμοὶ

265 3794 567 3864 καθήμενοι
601 3793 804 3864 πύληνο
865 3794 965 3846 καὶ
997 3792 1200 3864 ψαλμοὶ
1239 3793 1498 3846 πινόντων
1518 3794 1785 3864 μέθυσμα.
1826 3813 1844 3844 ι

263 3882 410 3937 κατὰ
437 3883 496 3935 δὲ
524 3881 614 3936 τὸν
635 3881 946 3953 Σύμμαχον·
984 3901 1002 3932 ι
1043 3883 1153 3936 Καὶ
1179 3882 1397 3937 κλάοντι
1433 3882 1572 3953 μετὰ
1598 3882 1852 3952 νηστείας

260 3976 365 4044 τὴν
397 3973 576 4044 ψυχήν
609 3991 708 4045 μου
739 3974 953 4042 ἐγένετο
985 3975 1065 4038 είς
1095 3974 1292 4037 ὄνειδος
1326 3976 1468 4045 ἐμοί.
1498 3975 1609 4028 Καὶ
1637 3974 1850 4028 τάσσων

258 4068 324 4122 τὸ
348 4068 554 4139 ἕνδυμά
577 4085 677 4139 μου
711 4067 933 4131 σάκκον,
956 4069 1050 4122 καὶ
1072 4069 1335 4138 ἐγενόμην
1362 4067 1543 4131 αὐτοῖς
1564 4070 1642 4131 είς
1676 4085 1853 4139 παρα-

260 4161 454 4229 ϐολήν.
489 4159 783 4231 Διηγοῦντό
815 4178 882 4231 με
928 4160 1224 4231 καθήμενοι
1257 4163 1312 4213 ἐν
1346 4160 1519 4232 πύλῃ,
1555 4161 1648 4214 xal.
1690 4159 1852 4230 ἔψαλ-

259 4250 359 4304 λόν
391 4267 460 4320 με
518 4251 566 4304 οἱ
609 4249 855 4314 πίνοντες
897 4250 1172 4321 μέθυσμα.
1219 4271 1236 4303 ι
1289 4250 1448 4304 Ἀλλὰ
1484 4251 1693 4314 τούτοις
1728 4269 1853 4305 συν-

262 4335 520 4400 εξετάσαι
549 4338 862 4407 ἀναγκαῖον,
895 4339 1012 4403 πῶς
1028 4339 1238 4411 εἴρηται
1272 4341 1377 4392 ὑπὸ
1391 4341 1484 4394 τοῦ
1516 4342 1766 4412 Σωτῆρος
1791 4343 1850 4395 ἐν

1955 1857 2228 1923 cerabam,
2266 1857 2359 1911 sed
2394 1858 2558 1910 etiam
2602 1873 2702 1927 pro
2749 1860 3076 1915 vestimento
3112 1863 3380 1931 ponebam
3411 1865 3538 1918 cili-

1955 1950 2122 2016 cium,
2147 1961 2367 2004 carnem
2426 1965 2601 2004 meam
2663 1952 2940 2022 castigans
2981 1961 3036 2007 et
3078 1955 3334 2024 puniens,
3371 1966 3537 2026 atque

1954 2043 2074 2114 ipso
2124 2059 2288 2114 opere
2333 2043 2552 2098 modum
2589 2045 2954 2101 confessionis
2982 2054 3146 2118 atque
3197 2050 3538 2118 purgationis

1953 2133 2312 2203 pristinorum
2340 2143 2689 2205 peccatorum
2718 2136 2856 2206 ipsis
2891 2141 3422 2197 commonstrabam.
3458 2142 3538 2198 Illi

1952 2243 2081 2282 vero
2126 2229 2242 2283 haec
2286 2243 2505 2299 quoque
2535 2227 2852 2284 deridentes
2873 2246 2972 2302 pro
3013 2233 3270 2302 parabola
3311 2251 3398 2290 me
3440 2236 3538 2290 ha-

1951 2321 2208 2385 buerunt,
2238 2322 2401 2377 simul
2430 2323 2844 2388 convenientes,
2872 2333 2926 2379 et
2968 2325 3037 2379 ad
3071 2335 3256 2396 portas
3287 2342 3419 2382 suas
3449 2345 3539 2383 se-

1950 2412 2162 2477 dentes,
2194 2413 2262 2468 de
2293 2429 2378 2468 me
2424 2430 2530 2468 una
2586 2413 2858 2484 colloquia
2905 2415 3223 2483 miscentes,
3251 2436 3315 2475 ac
3345 2428 3537 2474 mutuo

1949 2517 2125 2574 nugas
2166 2511 2488 2574 spargentes
2525 2504 2654 2558 dum
2702 2519 2786 2558 me
2839 2505 3160 2564 irriderent.
3222 2509 3410 2581 Neque
3450 2519 3538 2568 sat

1949 2595 2059 2650 illis
2090 2593 2192 2648 fuit
2221 2595 2367 2664 quod
2397 2611 2493 2651 me
2525 2596 2867 2660 deluderent,
2899 2606 3062 2669 atque
3098 2600 3168 2654 ob
3192 2617 3311 2655 mea
3343 2619 3442 2672 pro
3472 2604 3538 2656 il-

1948 2687 2016 2742 lis
2045 2694 2300 2757 suscepta
2333 2687 2597 2742 exercitia
2630 2688 2925 2742 ridiculum
2961 2700 3216 2760 agerent;
3242 2691 3338 2746 sed
3367 2693 3533 2745 etiam

1950 2780 2203 2834 convivia
2235 2788 2484 2849 agentes,
2515 2781 2820 2836 cantilenas
2847 2781 2976 2836 vino
3010 2782 3151 2851 capti
3189 2789 3243 2836 et
3290 2783 3450 2846 ebrii,
3478 2783 3533 2836 in

1948 2887 2035 2926 me
2060 2870 2464 2926 debacchantes
2489 2871 2744 2926 edebant.
2783 2871 2900 2938 Qua
2939 2870 3005 2927 de
3043 2887 3208 2926 causa
3228 2888 3329 2944 ego
3360 2873 3536 2926 multo

1922 2963 2125 3035 magis
2148 2962 2461 3034 operiebam
2497 2963 2552 3018 in
2581 2963 2791 3033 jejunio
2839 2963 3079 3018 animam
3110 2980 3306 3027 meam,
3341 2971 3395 3019 et
3432 2979 3534 3034 po-

1950 3056 2144 3110 nebam
2169 3055 2554 3110 vestimentum
2598 3070 2780 3110 meum
2808 3055 3076 3119 cilicium,
3109 3055 3335 3111 exitium
3388 3055 3537 3124 ipso-

1953 3162 2074 3200 rum
2097 3147 2409 3218 deplorans.
2441 3146 2641 3214 Quarc,
2660 3146 2964 3204 secundum
2993 3147 3267 3218 Aquilam,
3292 3146 3492 3202 dicitur

1959 3257 1978 3290 ι
2018 3239 2085 3295 Et
2125 3240 2333 3310 ploravi
2387 3240 2442 3294 in
2471 3240 2683 3310 jejunio
2711 3241 2950 3296 animam
3001 3256 3200 3306 meam,
3227 3250 3282 3296 et
3325 3241 3530 3296 factum

1954 3336 2038 3385 est
2073 3330 2129 3385 in
2153 3329 2450 3401 opprobria
2478 3330 2634 3384 mihi.
2667 3329 2734 3383 Et
2762 3329 2912 3385 dedit
2935 3330 3321 3386 vestimentum
3348 3347 3528 3384 meum

1955 3430 2272 3486 saccum,et
2304 3421 2482 3478 factus
2515 3437 2635 3476 sum
2666 3421 2775 3477 illis
2797 3423 2850 3476 in
2883 3422 3217 3492 parabolam.
3250 3421 3535 3493 Colloque—

1956 3515 2157 3569 bantur
2200 3513 2256 3568 in
2299 3530 2385 3569 me
2417 3514 2671 3569 sedentes
2699 3513 2766 3568 ad
2793 3498 3030 3584 'portam
3079 3533 3091 3569 :
3135 3521 3188 3568 ct
3219 3514 3414 3584 psalmi
3451 3513 3505 3568 bi

1954 3607 2195 3662 bentium
2229 3607 2582 3678 ebrietatem;
2622 3627 2640 3660 ι
2674 3606 2976 3663 secundum
3015 3605 3404 3677 Symmachum
3432 3621 3533 3659 au-

1954 3708 2063 3754 tem
2095 3719 2108 3754 :
2150 3718 2166 3748 ι
2207 3699 2274 3752 Εῑ
2313 3700 2551 3769 ploranti
2581 3705 2706 3769 post
2725 3698 2935 3768 jejunia
2961 3698 3198 3752 animam
3225 3713 3422 3760 meam,
3455 3695 3535 3751 fa-

1953 3804 2099 3848 ctum
2147 3792 2310 3848 estin
2340 3792 2695 3863 opprobriqu
2729 3790 2965 3846 mihi.Et
3000 3806 3208 3860 ponens
3242 3789 3534 3842 indumen-

1951 3894 2066 3939 tum
2096 3901 2276 3938 meum
2309 3899 2553 3947 saccum,
2585 3891 2640 3938 et
2675 3883 2854 3939 factus
2895 3899 3016 3937 sum
3060 3882 3168 3938 illis
3215 3882 3268 3934 in
3301 3880 3531 3950 parabo-

1953 3976 2082 4030 lam.
2113 3974 2456 4028 Enarrabant
2501 3989 2588 4028 me
2612 3973 2864 4029 sedentes
2908 3974 2962 4026 in
3016 3981 3196 4043 porta,
3233 3979 3286 4026 et
3320 3971 3491 4041 psalle

1951 4068 2084 4122 bant
2107 4083 2195 4122 me
2214 4067 2466 4122 bibentes
2496 4067 2836 4122 ebrietatem.
2872 4085 2890 4116 ι
2920 4064 2987 4118 At
3017 4065 3211 4120 borum
3245 4064 3534 4119 occasione

1951 4158 2362 4228 disquirendum
2393 4166 2500 4222 est,
2533 4173 2632 4212 cur
2658 4173 2688 4211 a
2717 4156 3009 4213 Servatore
3033 4156 3242 4211 dictum
3275 4155 3329 4209 in
3358 4154 3506 4208 Evan

1949 4252 2091 4322 gelio
2124 4251 2288 4306 fuerit
2324 4270 2336 4306 :
2373 4270 2390 4304 ι
2434 4251 2598 4306 Venit
2648 4251 2888 4307 Joannes
2944 4265 3121 4320 neque
3171 4247 3532 4306 manducans.

1953 4357 2130 4411 neque
2169 4342 2384 4407 bibens,
2420 4350 2475 4396 et
2504 4342 2737 4397 dicunt:
2773 4340 3109 4396 Daemonium
3159 4337 3340 4390 habet.
3371 4325 3534 4388 Venit

263 4425 643 4496 Εὑαγγελίοιςο
683 4446 702 4479 ι
736 4423 938 4480 τΗλθι-εν
995 4428 1244 4499 Ἰωάννης
1293 4429 1427 4500 μήτε
1472 4428 1665 4481 ἐσθίων
1709 4429 1846 4498 μήτε

1954 4433 2122 4488 Filius
2163 4433 2400 4488 hominis
2447 4435 2787 4488 manducans
2835 4439 2889 4487 ct
2938 4431 3154 4492 bibens,
3185 4437 3238 4483 et
3289 4425 3528 4480 dicunt:

267 4516 470 4579 πίνων,
509 4519 602 4572 καὶ
629 4519 896 4586 λέγουσιν’
942 4521 1228 4591 Δαιμόνιον
1262 4521 1393 4592 ἔχει.
1420 4517 1622 4574 Ἦλθεν
1659 4524 1688 4575 ὁ
1720 4521 1847 4585 Υἱὸς

264 4607 368 4661 τοῦ
396 4607 682 4679 ἀνθρώπου
709 4608 902 4662 ἐσθίων
930 4610 1022 4663 καὶ
1053 4609 1244 4673 πίνων,
1279 4612 1371 4664 καὶ
1408 4612 1675 4680 λέγουσιν·
1716 4612 1847 4665 Ἰδοὺ

268 4699 562 4771 ἄνθρωπος
597 4702 766 4770 φάγος
793 4702 887 4755 κα)⁸
920 4703 1202 4772 οἰνοπότης
1223 4743 1238 4768 ,
1282 4703 1527 4758 τελωνῶν
1560 4704 1712 4773 φίλος
1758 4706 1852 4759 καὶ

269 4792 638 4863 ἁμαρτωλῶν,
665 4812 683 4844 ι
714 4793 851 4846 Ἀλλ’
869 4797 1014 4866 ἐρεῖς
1029 4793 1200 4848 ταῦτα
1225 4798 1342 4848 κατ’
1363 4797 1537 4868 ἀρχάς
1562 4794 1656 4850 τοῦ
1672 4797 1851 4867 Εὐαγ-

270 4885 462 4954 γελίου
507 4884 805 4954 γίγνεσθαι,
841 4886 930 4939 ὅτε
957 4886 1044 4938 διὰ
1074 4886 1136 4939 τὸ
1173 4887 1244 4958 μὴ
1275 4889 1554 4958 νηστεύειν
1584 4890 1708 4953 τοὺς
1750 4907 1854 4959 μοι·

273 4977 449 5047 θητὰς
472 4978 655 5044 αὐτοῦ,
687 4978 783 5050 τὴν
808 4979 948 5050 ὑπὲρ
976 4978 1150 5032 αὐτῶν
1179 4980 1470 5050 ἀπολογίαν
1514 4980 1853 5052 ποιούμενος,

271 5071 517 5138 ἔφασκεν
537 5088 549 5100 ·
577 5090 594 5122 ι
605 5071 678 5123 Ut’)
691 5070 940 5124 δύνανται
955 5072 1003 5124 οί
1025 5071 1130 5123 υἱοὶ
1142 5070 1234 5124 τοῦ
1251 5073 1536 5143 νυμφῶνος
1551 5071 1852 5143 νηστεύειν,

272 5159 367 5228 ἐφ’
397 5161 520 5214 ὅσον
551 5163 666 5232 μετ’
693 5162 872 5216 αὐτῶν
896 5164 1041 5216 ἐστιν
1074 5163 1102 5215 ὁ
1130 5163 1360 5234 νυμφίος
1379 5180 1393 5194 ·
1421 5164 1716 5236 ἀρθήσεται
1753 5164 1847 5217 ἀπ’

271 5251 461 5307 αὐτῶν
505 5252 535 5304 ό
571 5253 821 5322 νυμφίος,
869 5252 962 5305 καὶ
1000 5253 1121 5306 τότε
1173 5252 1572 5324 νηστεύσουσιν.
1609 5273 1628 5306 ›
1692 5255 1852 5326 Ὁρᾷς

273 5341 412 5414 γὰρ,
443 5343 520 5406 ὡς
558 5346 650 5397 καὶ
683 5343 842 5407 αὐτὸς
873 5343 1139 5414 ἠπίστατο
1175 5345 1265 5397 τὸν
1301 5345 1400 5414 τῆς
1441 5345 1693 5416 νηστείας
1729 5365 1852 5401 και-

278 5434 406 5509 ρόν;
435 5435 687 5489 Είτοίνυν
707 5435 796 5488 τὸν
821 5434 1011 5508 καιρὸν
1039 5436 1130 5490 τοῦ
1155 5437 1360 5500 πάθους
1385 5437 1548 5491 αὑτοῦ
1575 5438 1853 5505 συνεξετάο

276 5543 436 5591 σειας
466 5529 578 5591 τοῖς
605 5527 738 5599 μετὰ
766 5531 953 5600 χεῖρας
976 5530 1375 5601 προκειμένοις,
1411 5528 1591 5602 εὕροις
1615 5530 1679 5585 ἂν
1706 5532 1852 5598 ὃπως

363 5707 406 5738 ³³
438 5705 630 5766 Matth.
679 5725 756 5776 ιι,
807 5710 894 5779 18,
937 5709 1028 5767 19.
1101 5709 1146 5742 ’⁵
1189 5707 1377 5765 Matth.
1423 5725 1505 5778 ut,
1544 5709 1640 5765 15.

1953 4526 2092 4580 Ecce
2121 4525 2286 4578 homo
2311 4540 2478 4579 vorax
2516 4533 2571 4579 et
2611 4532 2829 4594 potator
2858 4523 2990 4584 vini,
3025 4519 3444 4590 publicanorum
3477 4524 3533 4572 et

1954 4622 2303 4686 peccatorum
2344 4618 2555 4670 amicus
2576 4616 2643 4668 ’³.
2674 4635 2692 4667 ι
2724 4615 2829 4670 Sed
2859 4615 3011 4668 dicas
3039 4612 3154 4665 haec
3179 4608 3334 4664 initio
3357 4607 3533 4662 Evanv

1956 4705 2079 4773 gelii
2104 4704 2247 4759 facta
2277 4719 2420 4767 esse,
2449 4702 2670 4774 quando
2698 4719 2763 4759 eo
2785 4703 2933 4774 quod
2964 4700 3219 4771 discipuli
3255 4698 3375 4767 ejus
3421 4712 3531 4752 nou

1954 4798 2295 4869 jejunarent,
2345 4812 2446 4868 pro
2483 4797 2642 4868 ipsis,
2675 4797 2888 4868 objecta
2920 4795 3198 4866 depellens
3219 4833 3233 4857 ,
3261 4793 3479 4848 dicebat
3514 4813 3528 4848 :

1964 4908 1982 4940 ι
2045 4888 2165 4944 Νοη
2218 4896 2449 4960 possunt
2507 4889 2600 4942 lilii
2655 4888 2878 4942 thalami
2934 4885 3212 4956 sponsalis
3253 4884 3529 4953 jejunarc,

1958 4980 2197 5050 quandiu
2237 4997 2360 5034 cum
2416 4980 2524 5035 illis
2572 4990 2655 5033 est
2705 4995 2980 5049 sponsus:
3019 4977 3297 5031 auferetur
3331 4976 3400 5030 ab
3451 4974 3531 5028 eis

1959 5089 2220 5143 sponsus,
2253 5080 2308 5127 et
2340 5083 2471 5126 tunc
2496 5073 2824 5142 jejunabunt
2847 5072 2911 5124 “.
2954 5089 2972 5122 ›
3008 5069 3202 5124 Viden‘
3236 5067 3381 5138 quod
3415 5067 3533 5136 ipse

1956 5180 2174 5234 quoque
2219 5164 2411 5234 jejunii
2460 5173 2674 5235 tempus
2701 5165 2870 5235 probe
2909 5163 3111 5219 sciret?
3148 5161 3204 5216 Si
3237 5176 3367 5230 ergo
3397 5169 3532 5212 tem-

1958 5271 2060 5326 pus
2102 5255 2376 5325 passionis
2429 5256 2603 5325 ipsius
2657 5272 2782 5311 cum
2833 5257 2901 5311 iis
2931 5271 3051 5326 quae
3081 5254 3193 5323 jam
3230 5259 3530 5304 tractamus

1960 5348 2261 5403 contuleris
2320 5348 2698 5418 deprehendes
2759 5349 3034 5419 quomodo
3084 5348 3198 5401 haec
3263 5340 3529 5409 completa

1960 5440 2182 5506 fuerint,
2215 5441 2436 5510 quando
2495 5441 2710 5498 sublato
2751 5441 2969 5496 demum
3019 5452 3242 5509 sponso,
3274 5429 3526 5500 discipuli

1956 5531 2078 5603 ejus
2101 5533 2444 5604 jejunabant.
2472 5533 2656 5606 Neque
2684 5536 2795 5591 veri
2828 5533 3078 5590 absimile
3101 5537 3206 5592 est,
3241 5538 3364 5580 cum
3389 5534 3532 5594 prte-
