4062 6208
517 261 623 316 ’163

1248 255 1517 315 EUSEBII
1557 254 2040 312 CESARIENSIS
2071 255 2217 314 ΟΡΡ.
2259 255 2436 312 PARS
2472 255 2557 310 Ill.
2597 285 2668 298 —
2705 255 3109 312 EXEGETICA.

3667 255 3774 316 7“

516 381 792 436 videntem
845 393 905 433 se
948 377 1100 434 brevi
1145 389 1269 448 post
1324 387 1566 448 tempore
1601 377 1736 448 ipsis
1784 386 2090 433 extraneun

2204 377 2374 431 ταῦτα
2402 377 2722 451 ἐπληροῦτο,
2757 379 2845 432 ὅτε
2881 378 3066 432 λοιπὸν
3095 377 3380 449 αἰρομένου
3410 377 3506 431 τοῦ
3539 381 3776 450 νυμφίου

518 471 655 535 fore,
683 480 738 526 et
772 478 946 525 totum
993 486 1058 525 ex
1105 471 1535 525 circumcisione
1579 471 1838 540 populum
1874 470 2099 540 sangui-

518 579 642 619 nem
675 578 834 618 suum
869 563 1277 633 postulaturum
1306 578 1452 626 esse,
1483 562 1706 618 Petrum
1747 569 2095 633 negaturum,

518 663 573 708 et
603 653 734 706 talia
784 661 980 707 contra
1025 669 1084 708 se
1134 652 1497 722 perpetranda
1539 669 1701 719 esse;
1755 661 1813 707 ut
1853 652 2096 707 futurum

517 751 668 800 esset
719 745 974 799 tenebras
1013 745 1208 797 “omnia
1268 743 1479 797 circum
1537 743 1864 806 obvolvere,
1927 744 2096 799 solem

515 837 696 907 ipsum
729 835 1039 897 obscurari,
1088 835 1266 889 velum
1315 835 1500 904 templi
1552 835 1750 898 scindi,
1807 832 2098 905 omniaque

514 931 646 984 olim
675 931 730 983 in
760 928 963 984 lsraele
995 927 1307 982 veneranda
1339 928 1543 992 everti;
1571 927 1827 982 nimirum
1868 943 2094 998 regnum

515 1021 1113 1086 eorum,sacerdotium
1137 1028 1191 1074 et
1222 1020 1422 1075 Sancta
1453 1029 1800 1086 sanctorum;
1830 1021 2097 1074 omnium-

515 1129 623 1184 que
658 1128 846 1168 eorum
888 1111 1252 1180 ahjectionem
1291 1118 1346 1164 et
1385 1110 1656 1164 excidium
1689 1110 1980 1165 confertim
2012 1110 2095 1165 fu-

517 1213 700 1256 turum
733 1221 746 1257 :
784 1217 892 1255 non
922 1201 1058 1265 veri,
1091 1200 1337 1270 inquam,
1363 1201 1614 1256 absimile
1653 1209 1758 1265 est,
1791 1202 1966 1272 ipsum
2001 1203 2094 1256 ho-

514 1312 637 1350 rum
661 1311 826 1349 causa
851 1309 1160 1349 macerasse
1199 1295 1254 1348 in
1277 1294 1489 1363 jejunio
1534 1297 1772 1349 animam
1826 1313 2002 1361 suam,
2037 1305 2093 1352 et

513 1389 768 1458 posuisse
802 1388 1186 1442 vestimentum
1218 1403 1378 1440 suum
1412 1402 1656 1442 saccum.
1699 1388 1817 1453 Qua
1841 1389 1908 1443 de
1928 1406 2092 1444 causa

515 1481 668 1550 impii
695 1481 944 1534 homines
967 1481 1143 1550 ipsum
1175 1480 1495 1543 irridebant,
1519 1480 1648 1534 dum
1683 1481 1802 1534 loco
1825 1484 2094 1552 parabolae

515 1569 768 1624 futilibus
793 1571 908 1625 suis
941 1571 1287 1624 sermonibus
1335 1578 1702 1640 nugarentur;
1732 1571 1947 1641 alioque
1985 1572 2092 1626 dici

515 1675 758 1733 tempore
790 1663 842 1716 in
878 1664 1046 1732 portis
1095 1664 1334 1728 collecti,
1365 1678 1460 1716 eos
1485 1662 1579 1732 qui
1615 1663 1963 1731 prazteribaut
1997 1681 2092 1734 per

2201 470 2294 523 καὶ
2322 471 2372 522 οἱ
2405 470 2640 541 μαθηταὶ
2660 470 2824 523 αὑτοῦ
2847 471 2938 539 ὲνή
2949 487 3152 522 στευον.
3184 470 3297 538 Ἐφ’
3314 464 3395 534 οἷς
3419 471 3521 524 οὒκ
3548 472 3779 538 ἀπεικὸς

2197 556 2265 633 ἦν
2290 563 2384 614 καὶ
2418 563 2578 615 αὐτὸν
2607 562 2944 634 προορῶντα,
2972 561 3047 624 ὼς
3071 561 3265 632 μικρὸν
3284 561 3512 634 ὕστερον
3538 563 3782 634 ἀπηλλο-

2197 653 2496 724 τριωμένος
2526 653 2675 706 ἔσται
2719 654 2919 717 αὐτοῖς,
2952 652 3047 705 καὶ
3078 653 3152 716 ὡς
3176 652 3236 706 τὸ
3265 654 3373 706 πᾶν
3400 653 3551 718 ἔθνος
3580 655 3680 708 τοῦ
3716 660 3780 710 ὲκ

2199 743 2500 814 περιτομῆς
2531 743 2660 797 λαοῦ
2698 744 2760 796 τὸ
2788 738 2926 814 αἷμα
2962 741 3128 796 αὑτοῦ
3161 742 3539 815 ἐξαιτήσεται,
3575 749 3671 800 καὶ
3701 749 3779 812 ὡς

2198 838 2401 908 Πέτρος
2427 836 2586 889 αὑτὸν
2615 837 2930 908 ἀρνήσεται,
2965 836 3059 889 καὶ
3080 835 3301 890 τοιαῦτα
3321 839 3440 892 κατ’
3463 840 3624 892 αὑτοῦ
3655 841 3780 894 τολ-

2200 928 2523 999 μηθήσεται,
2550 926 2689 980 ὥστε
2724 927 2910 990 σκότος
2942 926 3213 980 διαλαϐεῖν
3243 928 3302 980 τὸ
3328 930 3600 1000 περιέχον,
3619 931 3778 1002 ἥλιόν

2194 1037 2252 1072 τε
2283 1019 2445 1073 αὐτὸν
2477 1019 2823 1089 σκοτισθῆναι
2847 1061 2861 1083 ,
2893 1019 2984 1072 καὶ
3018 1018 3078 1071 τὸ
3113 1020 3510 1092 καταπέτασμα
3540 1022 3636 1075 τοῦ
3671 1023 3776 1076 νεὼ

2197 1112 2511 1182 σχισθῆναι,
2571 1111 2944 1182 ἀνατραπῆναι
2990 1129 3047 1164 τε
3111 1112 3290 1164 πάντα
3347 1112 3416 1166 τά
3454 1113 3620 1167 πάλαι
3678 1115 3775 1168 τοῦ

2206 1201 2419 1273 Ἰσραὴλ
2452 1201 2642 1272 σεμνὰ,
2677 1201 2819 1270 λέγω
2849 1201 2905 1254 δὲ
2929 1201 3024 1273 τὴν
3053 1200 3322 1272 βασιλείαν
3344 1203 3522 1257 αὐτῶν
3557 1204 3652 1258 καὶ
3675 1206 3776 1276 τὴν

2198 1293 2492 1366 ἱερωσύνην
2526 1294 2619 1346 καὶ
2653 1293 2720 1346 τά
2745 1295 2908 1363 ’Ἀγια
2937 1295 3044 1346 τῶν
3075 1294 3267 1362 ἁγίωνο
3301 1295 3515 1348 πάντων
3551 1313 3607 1348 τε
3647 1297 3776 1349 τού-

2195 1405 2302 1442 των
2336 1386 2604 1456 ἀποϐολὴν
2642 1386 2736 1438 καὶ
2761 1387 3068 1458 ἀνατροπὴν
3102 1387 3302 1458 ἀθρόαν
3329 1387 3614 1457 γενέσθαι⁶
3647 1391 3773 1442 τού-

2193 1497 2299 1533 των
2329 1479 2494 1533 ἕνεκα
2531 1481 2630 1532 οὐκ
2672 1479 2899 1542 ἀπεικὸς
2930 1475 2996 1550 ἦν
3034 1479 3193 1531 αὑτὸν
3228 1483 3547 1532 καταπονεῖν
3575 1483 3632 1532 ὲν
3675 1499 3770 1551 νη-

2196 1573 2348 1643 στείᾳ
2377 1571 2472 1643 τὴν
2507 1571 2683 1642 ψυχὴν
2706 1570 2891 1633 αὑτοῦ,
2926 1571 3019 1624 καὶ
3042 1569 3246 1623 τίθέναι
3271 1569 3331 1622 τὸ
3369 1570 3570 1640 ἔνδυμα
3599 1573 3770 1626 αὑτοῦ

2195 1665 2396 1718 σάκκον
2434 1667 2520 1732 ἐφ’
2547 1658 2592 1732 ᾧ
2622 1664 2714 1716 καὶ
2751 1662 3037 1733 ἐχλεύαζον
3072 1663 3233 1714 αὑτὸν
3263 1665 3310 1715 οἱ
3355 1663 3573 1726 ἀσεϐεῖς
3598 1704 3612 1727 ,
3649 1665 3770 1717 ἀντὶ

512 1756 817 1810 calumnias
867 1756 922 1809 in
975 1757 1152 1824 ipsum
1197 1763 1436 1810 structas
1477 1755 1532 1808 in
1567 1769 1808 1809 errorem
1854 1756 2089 1813 deduce-

2195 1755 2508 1828 παραϐολῆς
2527 1759 2646 1819 ταῖς
2677 1756 2796 1809 κατ’
2823 1755 2985 1808 αὐτοῦ
3003 1756 3314 1826 διηγήσεσιν
3334 1755 3765 1826 ἀδολεσχοῦντες·

511 1861 669 1918 rent;
714 1858 960 1920 tempore
994 1855 1174 1902 autem
1209 1847 1339 1910 cibi,
1371 1848 1498 1901 vino
1529 1855 1582 1902 et
1604 1847 1856 1902 ebrietati
1889 1864 2091 1903 vacan-

513 1957 615 2004 tes.
644 1945 948 1999 cantilenas
1001 1947 1192 1994 contra
1242 1940 1419 2004 ipsum
1467 1940 1714 1994 ederent.
1767 1941 1947 2006 Quare
2001 1942 2090 1997 ille

513 2037 794 2108 aperiebat
828 2036 880 2088 in
921 2034 1133 2102 jejunio
1166 2033 1402 2085 animam
1437 2048 1617 2097 suam,
1651 2041 1705 2088 et
1750 2036 1985 2104 ponebat
2013 2037 2090 2091 in-

512 2128 834 2182 dumentum
885 2139 1044 2179 suum
1082 2138 1328 2184 saccum,
1364 2122 1528 2192 idque
1551 2138 1651 2192 pro
1681 2124 1911 2179 aliorum
1945 2128 2091 2182 salu-

511 2226 565 2273 te
594 2234 662 2272 ex
688 2217 950 2271 bonitatis
977 2215 1363 2284 exsuperantia
1396 2215 1707 2284 praestabat.

2195 1850 2395 1904 καὶτὸν
2415 1850 2511 1920 μὲν
2539 1848 2694 1902 ἄλλον
2713 1848 2903 1919 καιρὸν
2929 1848 3028 1918 τῆς
3053 1847 3286 1918 ἡμέρας,
3314 1851 3371 1900 ὲν
3402 1850 3522 1911 ταῖς
3572 1848 3768 1912 πύλαις

2197 1941 2580 2011 συναγόμενοι,
2603 1940 2727 2003 τοὺς
2761 1939 2827 1992 δι’
2859 1939 3038 1993 αὐτῶν
3078 1940 3457 2012 διερχομένους
3488 1943 3612 2004 ταῖς
3648 1943 3764 1996 κατ’

2195 2031 2358 2084 αὑτοῦ
2391 2029 2662 2092 διαϐολαῖς
2683 2028 2947 2082 ὲπλάνωνο
2981 2031 3038 2081 ὲν
3059 2029 3114 2082 δὲ
3134 2030 3211 2100 τῷ
3228 2029 3404 2101 καιρῷ
3425 2031 3523 2100 τῆς
3541 2033 3762 2101 τροφῆς,

2195 2127 2320 2196 οἱνῳ
2353 2124 2446 2177 καὶ
2487 2122 2625 2195 μέθῃ
2662 2122 3030 2193 σχολάζοντες,
3071 2122 3212 2192 ᾠδὰς
3260 2124 3602 2178 συνετίθεσαν
3649 2129 3763 2179 κατ’

2195 2217 2378 2270 αὑτοῦ.
2409 2215 2499 2268 Διὸ
2526 2215 2925 2268 συνεκάλυπτεν
2953 2217 3009 2269 ὲν
3039 2216 3257 2287 νηστείᾳ
3276 2217 3372 2288 τὴν
3385 2217 3562 2288 ψυχὴν
3581 2218 3764 2286 αὐτοῦ,

511 2310 607 2362 καὶ
639 2308 846 2362 ἐτίθετο
877 2307 936 2361 τὸ
1004 2306 1208 2376 ἔνδυμα
1254 2307 1418 2360 αὐτοῦ
1455 2307 1688 2373 σάκκον,
1758 2309 1897 2380 ὑπὲρ
1935 2310 2033 2382 τῆς
2095 2311 2296 2383 ἐτέρων
2345 2309 2646 2380 σωτηρίας,
2689 2308 2756 2361 δι’
2806 2309 3109 2381 ὑπερϐολὴν
3154 2309 3564 2382 φιλανθρωπίας
3597 2310 3763 2364 ταῦτα

511 2405 789 2476 πράττων.

585 2523 753 2577 Vens.
780 2520 866 2574 14.
897 2538 917 2570 ‹
940 2518 1050 2590 Ego
1084 2534 1214 2574 vero
1237 2520 1542 2574 orationem
1573 2534 1749 2574 meam
1778 2521 1844 2576 ad
1880 2529 1951 2586 te,
1987 2520 2087 2575 Do-

512 2619 679 2679 mine,
715 2621 929 2682 tempus
985 2612 1331 2682 heneplaciti,
1377 2610 1562 2667 Deus:
1623 2612 1684 2666 In
1742 2613 2088 2669 multitudine

511 2706 900 2763 misericordiae
926 2712 1032 2758 tua:
1053 2703 1249 2759 exaudi
1281 2721 1385 2759 me.
1428 2724 1447 2758 ι
1483 2703 1563 2758 llli
1598 2705 1837 2775 quidem,
1865 2708 1958 2772 ait,
1993 2708 2090 2761 de—

509 2799 780 2860 ridebant,
825 2795 1284 2862 amictionemque
1328 2807 1505 2846 meam
1545 2793 1922 2848 traducebant.
1975 2795 2088 2865 Ego

509 2906 639 2945 vero
673 2887 1110 2959 perscverabam,
1143 2886 1444 2939 orationem
1495 2902 1672 2941 meam
1704 2887 1804 2940 tibi
1858 2886 2086 2941 Domino

509 2982 765 3038 offerens.
798 2980 1066 3035 Observes
1114 2994 1280 3048 porro
1332 2979 1514 3042 velim,
1559 2978 1880 3033 llebraicam
1942 2977 2086 3034 Scri-

516 3082 733 3144 pturam
762 3072 853 3126 hic
879 3086 1094 3141 quoque
1125 3078 1362 3140 quatuor
1407 3070 1712 3124 litterarum
1739 3085 1871 3126 voce
1897 3071 2083 3126 Domi-

515 3183 645 3221 num
679 3166 1002 3235 exprimere.
1032 3162 1106 3217 Tc
1134 3178 1265 3217 vero
1300 3160 1590 3216 Dominum
1623 3162 1923 3232 deprecans
1949 3164 2090 3219 dice-
2115 3135 2157 3193 α

511 3258 638 3313 bam
673 3277 685 3312 :
723 3276 741 3308 ι
779 3256 1020 3326 Tempus
1058 3254 1407 3324 beueplaciti,
1440 3252 1624 3318 Deus;
1667 3273 1685 3306 ι
1721 3254 1858 3318 sive,
1891 3269 2091 3310 secun-

513 3350 641 3404 dum
664 3347 1051 3419 Symmachum
1077 3365 1090 3398 :
1121 3364 1137 3395 ι
1159 3343 1396 3414 Tempus
1422 3343 1903 3399 reconciliationis.
1923 3343 2085 3407 Deus,

511 3441 566 3496 in
591 3440 938 3494 multitudine
974 3437 1368 3492 misericordiae
1406 3444 1514 3489 tuae
1533 3435 1731 3489 exaudi
1767 3451 1870 3490 me.
1908 3455 1926 3486 ι
1956 3434 2088 3488 Nam

511 3534 557 3588 si
588 3531 722 3586 alias
759 3547 857 3584 vox
889 3537 983 3582 tua
1022 3527 1201 3582 Patris
1224 3529 1330 3582 mei
1363 3527 1495 3580 mihi
1519 3526 1634 3580 haec
1658 3525 1942 3580 testificata
1972 3533 2086 3579 est:

517 3643 536 3676 ι
579 3623 677 3678 Hic
710 3631 794 3678 est
834 3621 1004 3676 Filius
1054 3635 1209 3675 meus
1259 3619 1490 3673 dilectus
1537 3618 1591 3671 in
1629 3633 1737 3688 quo
1787 3617 1918 3670 mihi
1954 3617 2090 3670 bene

511 3716 816 3787 complacui
857 3715 937 3782 ²⁵;
983 3733 1000 3765 ι
1039 3727 1184 3767 nunc
1224 3711 1462 3765 maxime
1492 3721 1705 3780 tempus
1763 3706 2088 3778 beneplaciti

511 3817 598 3864 cst
633 3823 843 3877 :quare
872 3821 1069 3876 precor
1114 3813 1176 3856 ut
1210 3803 1266 3856 in
1314 3801 1663 3854 multitudine
1701 3799 2090 3854 misericordia}

511 3905 622 3952 tuze
653 3896 914 3950 exaudias
946 3911 1048 3957 me,
1080 3901 1132 3947 et
1167 3892 1219 3944 in
1268 3891 1499 3944 veritate
1541 3890 1736 3944 salutis
1772 3897 1877 3942 tua!
1903 3904 2088 3943 serves

511 4003 619 4041 me.
667 3985 789 4040 Non
836 3987 1130 4038 humanam
1179 3985 1379 4054 quippe
1430 3982 1649 4051 postulo
1706 3981 1956 4043 salutem,
1993 3978 2088 4033 sed

511 4094 718 4133 veram.
750 4077 899 4130 Talis
925 4091 1090 4145 porro
1117 4085 1201 4130 est
1243 4091 1363 4145 qua:
1392 4091 1459 4129 ex
1483 4084 1536 4127 te
1565 4071 1835 4144 provenit,
1867 4085 1973 4141 qua
2003 4086 2090 4124 me

511 4185 647 4241 rogo
697 4168 836 4238 eripi
889 4183 919 4220 a
954 4168 1068 4220 luto
1103 4175 1162 4218 ut
1206 4181 1316 4219 non
1363 4164 1576 4234 infigar.
1605 4163 1649 4216 A
1677 4179 1787 4232 quo
1814 4163 1948 4228 luto,
1982 4161 2089 4217 nisi

510 4259 579 4315 de
617 4273 726 4329 quo
755 4257 1006 4327 superius
1034 4254 1320 4309 dicebam:
1369 4271 1387 4303 ι
1438 4253 1640 4307 lnfixus
1684 4267 1803 4306 sum
1855 4251 1911 4304 in
1961 4250 2089 4304 limo

509 4351 788 4426 profundi,
823 4360 877 4405 et
909 4364 1014 4402 non
1040 4358 1123 4403 est
1153 4345 1490 4402 substantia?
1517 4364 1535 4396 ι
1559 4343 1692 4397 Nam
1721 4343 1810 4413 qui
1837 4343 2088 4413 superius

2267 2535 2286 2566 ι
2324 2511 2492 2582 Κάγὼ
2514 2513 2569 2566 δὲ
2594 2514 2625 2584 ἡ
2655 2513 2924 2585 προσευχή
2951 2531 3050 2583 μου
3092 2513 3227 2585 πρὸς
3257 2514 3336 2581 σὲ,
3360 2517 3552 2588 Κύριε,
3577 2536 3762 2592 καιρος

2191 2605 2456 2669 εὐδοκίας,
2494 2607 2522 2658 ὁ
2549 2604 2679 2668 Θεὸς
2699 2621 2711 2634 °
2742 2605 2799 2657 ἐν
2838 2604 2916 2675 τῷ
2947 2605 3138 2676 πλήθει
3166 2607 3261 2660 τοῦ
3295 2607 3475 2668 ἐλέους
3502 2625 3600 2662 σου
3635 2613 3763 2665 ἐπά-

2191 2692 2384 2746 κουσόν
2421 2709 2542 2762 μου.
2579 2713 2596 2744 ι
2633 2693 2695 2745 Οἱ
2729 2693 2826 2764 μὲν
2881 2693 3195 2763 ἐχλεύαζον,
3225 2697 3489 2767 φησὶ,καὶ
3519 2699 3762 2773 διέσυρον

2193 2785 2292 2848 τὰς
2341 2783 2481 2855 ὲμάς
2527 2783 2816 2847 κακώσεις⁸
2866 2784 2976 2854 ἐγὼ
3027 2785 3083 2837 δὲ
3141 2789 3635 2860 προσεκαρτέρουν,
3668 2795 3760 2864 τὴν

2193 2878 2332 2948 ὲμὴν
2367 2877 2670 2948 προσευχήν
2697 2893 2776 2928 σοι
2809 2875 2886 2948 τῷ
2909 2877 3097 2948 Κυρίῳ
3116 2880 3561 2950 προσαναφέρων.
3600 2885 3761 2955 Τήρει

2190 2969 2266 3034 δὲ,
2302 2968 2378 3032 ὡς
2413 2969 2505 3020 καὶ
2539 2967 2767 3021 ἐνταῦθα
2801 2967 2892 3021 τὸν
2930 2969 3131 3040 Κύριον
3164 2971 3250 3024 διά
3278 2971 3370 3024 τοῦ
3415 2976 3759 3046 τετραγράμ-

2193 3079 2296 3132 μου
2329 3063 2362 3132 ἡ
2401 3061 2661 3132 Ἐϐραῖκὴ
2691 3063 3109 3132 ἐπισημαίνεται
3141 3067 3348 3137 γραφή.
3375 3067 3677 3137 Εὐχόμενος
3705 3069 3759 3123 δὲ

2192 3156 2326 3228 πρὸς
2357 3155 2413 3208 σὲ
2435 3156 2524 3208 τὸν
2555 3155 2758 3226 Κύριον
2776 3155 2947 3208 ταῦτα
2969 3156 3171 3224 ἔλεγον·
3216 3177 3234 3209 ι
3263 3160 3469 3230 Καιρδς
3498 3159 3760 3223 εὐδοκίας,

2189 3248 2219 3299 ὁ
2255 3247 2404 3312 Θεὸςο
2441 3267 2458 3299 ι
2489 3247 2544 3318 ἢ,
2575 3246 2714 3299 κατά
2744 3248 2834 3299 τὸν
2848 3247 3160 3319 Σύμμαχονο
3199 3268 3216 3299 ι
3242 3250 3430 3320 καιρὸς
3455 3250 3755 3321 διαλλαγῆς.

2201 3338 2260 3391 Ὁ
2277 3339 2427 3403 Θεὸς,
2458 3341 2514 3392 ὲν
2539 3339 2615 3409 τῷ
2632 3338 2826 3410 πλήθει
2841 3340 2934 3392 τοῦ
2956 3340 3138 3404 ἐλέους
3155 3359 3246 3393 σου
3269 3343 3562 3395 ἐπάκουσόν
3584 3360 3706 3412 μου.
3734 3363 3754 3395 ι

2192 3430 2255 3483 Εἱ
2281 3431 2387 3502 γὰρ
2425 3431 2518 3483 καί
2551 3447 2680 3483 ποτε
2704 3430 2890 3483 ἄλλοτε
2921 3432 3038 3502 ήσὴ
3055 3431 3146 3484 τοῦ
3175 3432 3388 3503 Πατρὸς
3422 3433 3763 3506 ἐμαρτύρησε

2191 3525 2342 3594 φωνὴ
2375 3523 2623 3592 λέγουσαο
2669 3544 2686 3576 ι
2714 3519 2880 3588 Οῦτός
2907 3528 3052 3578 ἐστιν
3072 3527 3099 3578 ὁ
3133 3526 3256 3588 Υἱός
3287 3544 3384 3597 μου
3416 3530 3443 3580 ὁ
3464 3529 3760 3598 ἀγαπητὸς,

2189 3621 2247 3672 ὲν
2271 3613 2314 3688 ᾧ
2345 3619 2640 3690 ηὑδόκησα.
2674 3638 2692 3670 ι
2742 3619 2900 3672 Ἀλλά
2926 3619 3019 3673 νῦν
3053 3620 3285 3690 μάλιστα
3310 3622 3500 3693 καιρός
3536 3625 3761 3694 ἐστιτῆς

2189 3710 2454 3773 εὐδοκίας⁸
2485 3710 2562 3762 διὸ
2595 3710 2820 3764 ἱκετεύω
2853 3713 2911 3764 ὲν
2961 3711 3037 3780 τῷ
3080 3707 3268 3782 πλήθει
3301 3713 3394 3766 τοῦ
3439 3713 3624 3778 ἐλέους
3670 3731 3759 3767 σου

2189 3799 2491 3853 ἐπακοῦσαὶ
2519 3818 2642 3870 μου,
2671 3801 2764 3852 καὶ
2793 3801 2848 3852 ὲν
2872 3801 3098 3873 ἀληθείᾳ
3115 3802 3214 3871 τῆς
3238 3803 3507 3874 σωτηρίας
3535 3820 3629 3858 σου
3663 3804 3761 3856 σῶο

2191 3888 2278 3941 σαί
2309 3907 2394 3958 με.
2432 3889 2504 3942 Ού
2542 3890 2650 3959 γὰρ
2689 3889 3033 3962 ἀνθρωπίνης
3065 3892 3252 3962 δέομαι
3285 3893 3595 3963 σωτηρίας,
3630 3894 3760 3949 ἀλλά

2188 3979 2284 4050 τῆς
2306 3980 2556 4051 ἀληθοῦς·
2593 3980 2827 4049 Τοιαύτη
2865 3981 2922 4033 δέ
2957 3982 3104 4034 ἐστιν
3135 3983 3168 4052 ή
3203 3982 3353 4053 παρὰ
3392 3983 3508 4047 σοῦ,
3543 3984 3666 4038 καθ’
3701 3986 3763 4054 ἦν

2191 4069 2427 4140 σωθῆναι
2448 4071 2670 4123 ἱκετεύω
2685 4071 2792 4124 ἀπὸ
2814 4070 3006 4142 πηλοῦ,
3028 4073 3116 4126 ἵνα
3145 4075 3216 4144 μὴ
3244 4075 3496 4144 ὲμπαγῶ.
3535 4075 3761 4127 Ποίουδὲ

2189 4161 2430 4232 πηλοῦ,ἢ
2460 4180 2526 4214 πε
2534 4163 2588 4233 pi.
2599 4157 2658 4215 οὗ
2673 4164 2926 4234 ἀνωτέρω
2945 4163 3147 4233 ελεγον·
3176 4185 3193 4216 ι
3217 4166 3518 4238 Ἐνεπάγην
3535 4169 3616 4232 εἱς
3635 4168 3761 4237 ὕλην

2191 4249 2373 4322 βυθοῦ,
2398 4253 2490 4306 καὶ
2518 4255 2617 4306 οὐκ
2634 4253 2777 4307 ἔστιν
2800 4255 3093 4318 ὑπόστασις
3113 4272 3126 4320 ;
3157 4275 3173 4307 ι
3195 4256 3257 4309 Ἡ
3282 4255 3387 4326 γὰρ
3406 4259 3668 4331 ἀνωτέρω
3681 4258 3760 4312 λε-

2189 4344 2374 4415 χθεῖσα
2396 4345 2508 4406 ἱλὺς
2527 4344 2688 4415 βυθοῦ
2710 4345 2943 4398 ἐνταῦθα
2961 4346 3128 4416 πηλὸς
3150 4346 3486 4418 ὠνόμασται.
3501 4351 3579 4420 Ση
3591 4351 3760 4420 μαίνει

509 4448 676 4502 ἰὶειιιιε
726 4441 982 4514 profundi
1047 4441 1228 4494 dictus
1287 4449 1401 4502 est,
1459 4437 1550 4491 hic
1607 4437 1780 4491 lutum
1833 4445 2085 4491 vocatur.

2193 4435 2245 4488 δὲ
2269 4435 2354 4489 διὰ
2375 4435 2575 4488 τούτων
2599 4436 2697 4507 τὴν
2726 4437 2819 4490 τοῦ
2867 4436 3115 4507 σώματος
3148 4439 3206 4490 ὲν
3245 4438 3322 4508 τῷ
3347 4437 3565 4510 θανάτῳ
3592 4441 3757 4498 λύσιν.

509 4537 608 4594 llis
694 4553 854 4608 porro
932 4535 1202 4604 signilicat
1296 4531 1624 4587 solutionem
1663 4517 1946 4598 'corporis
2031 4528 2085 4580 in

2193 4527 2317 4599 περὶ
2365 4524 2432 4599 ἦς
2490 4530 2547 4580 ὲν
2604 4528 2774 4599 ἑτέρῳ
2816 4528 3052 4597 ἔφασκεν
3084 4544 3097 4558 ο
3139 4547 3158 4581 ι
3209 4530 3321 4582 Οὐκ
3352 4530 3760 4602 ἐγκαταλείψεις

511 4638 722 4693 morte,
785 4629 853 4684 de
910 4644 1016 4698 qua
1085 4627 1140 4679 in
1209 4625 1315 4678 alio
1362 4624 1442 4678 sic
1490 4621 1862 4692 loquebatur:
1901 4639 1919 4671 ι
1968 4617 2085 4672 Non

2193 4619 2285 4689 τὴν
2335 4617 2513 4689 ψυχήν
2567 4637 2667 4689 μου
2719 4621 2798 4672 εἱς
2847 4620 2935 4673 τὸν
3003 4621 3134 4692 ᾅδην
3163 4661 3178 4686 ,
3241 4621 3360 4674 οὐδὲ
3418 4621 3616 4687 δώσεις
3678 4625 3761 4678 τὸν

512 4723 861 4791 derelinques
902 4719 1140 4773 animam
1197 4732 1372 4771 meam
1417 4703 1472 4770 in
1523 4713 1756 4777 inferno,
1790 4727 1891 4767 nec
1931 4711 2087 4765 dabis

2193 4709 2327 4762 ὅσιόν
2381 4727 2474 4763 σου
2527 4711 2651 4764 ἱδεῖν
2701 4712 3015 4784 διαφθοράν.
3061 4731 3078 4763 ι
3125 4714 3188 4765 Οἱ
3228 4713 3326 4782 μὲν
3370 4709 3464 4767 οῦν
3515 4715 3624 4768 ὑπὸ
3674 4715 3758 4768 τοῦ

510 4822 762 4872 sanctum
789 4821 942 4866 tuum
975 4809 1162 4865 videre
1187 4809 1594 4878 corruptionem
1626 4807 1693 4860 ".
1735 4823 1754 4857 ι
1789 4803 1892 4869 Qui
1925 4803 2088 4874 igitur

2193 4801 2418 4856 θανάτου
2465 4804 2845 4875 κρατηθέντες,
2884 4805 3178 4876 διαφθορὰν
3223 4805 3617 4876 ὑπομείναντες
3677 4809 3762 4860 καὶ

513 4921 545 4959 a
579 4910 755 4959 morte
782 4903 1117 4966 detinentur,
1166 4900 1570 4969 corruptionem
1614 4895 1786 4966 passi,
1828 4895 1881 4949 in
1914 4909 2084 4964 eaque

2193 4893 2244 4946 ὲν
2279 4893 2452 4966 φθορᾷ
2485 4896 2786 4966 γενόμενοι,
2822 4895 3273 4968 ἐναπομείναντές
3295 4913 3354 4949 τε
3384 4898 3548 4969 αὐτῇ,
3573 4897 3762 4951 ὲνεπά-

512 4996 822 5060 constituti,
858 5009 980 5050 cum
1017 4995 1072 5048 in
1115 5007 1178 5046 ea
1209 4990 1643 5063 permanserint,
1674 4987 1824 5042 infixi
1859 4997 1985 5041 sunt
2029 4987 2084 5042 in

2193 5002 2361 5056 γησαν
2384 4989 2462 5050 εἰς
2493 4987 2582 5039 τὸν
2617 4987 2805 5057 πηλόν.
2847 4988 2987 5056 Ἐγὼ
3017 4988 3072 5041 δὲ
3107 4989 3156 5040 εἱ
3183 4989 3277 5041 καὶ
3298 4987 3570 5059 κατῆλθον
3598 4986 3760 5040 κενώ-

513 5089 629 5142 luto
664 5105 678 5142 :
710 5101 810 5156 ego
841 5100 968 5140 vero
997 5083 1214 5138 etiamsi
1259 5080 1656 5144 descenderim,
1685 5079 1750 5133 ad
1787 5079 1959 5132 lutum
1993 5093 2084 5133 us-

514 5193 620 5251 que
651 5177 949 5232 humilians
983 5175 1270 5244 meipsum,
1299 5188 1492 5244 precor
1530 5181 1709 5226 tamen
1744 5171 1829 5226 his
1860 5172 2040 5226 verbis
2066 5191 2078 5226 :

519 5290 539 5324 ι
585 5269 743 5340 Eripe
773 5283 858 5322 me
893 5267 960 5321 de
1005 5266 1142 5330 luto,
1176 5273 1234 5319 ut
1281 5279 1389 5318 non
1439 5264 1654 5334 infigar.
1693 5280 1711 5314 ι
1740 5261 1871 5328 Quae
1910 5279 2073 5333 porro

515 5360 945 5430 subsequuntur,
970 5356 1198 5409 virtutes
1219 5354 1274 5407 in
1304 5354 1418 5423 ipsa
1442 5362 1614 5407 morte
1643 5353 1776 5409 sitas
1792 5353 2073 5420 denotant,

515 5469 546 5508 a
573 5453 771 5524 quibus
801 5451 933 5522 eripi
965 5465 1023 5504 se
1055 5455 1208 5519 rogat
1237 5445 1425 5499 dicens
1453 5462 1466 5498 :
1499 5463 1517 5496 ι
1556 5444 1776 5499 Liberer
1799 5445 1870 5500 ab
1895 5445 1962 5500 iis
1983 5445 2076 5515 qui

2191 5094 2289 5141 σας
2335 5077 2566 5148 ἐμαυτὸν
2628 5078 2786 5150 μέχρι
2833 5080 3054 5132 τούτου·
3109 5079 3223 5133 ἀλλ’
3273 5080 3497 5133 ἱκετεύω
3556 5081 3757 5148 λέγων’

2196 5191 2214 5222 ι
2240 5170 2420 5222 Σῶσόν
2451 5187 2516 5240 με
2534 5170 2642 5224 ἀπὸ
2663 5169 2856 5241 πηλοῦ,
2881 5173 2969 5226 ἴνα
3005 5170 3078 5243 μὴ
3107 5171 3357 5243 ὲμπαγῶ.
3387 5190 3406 5222 ι
3432 5171 3513 5224 Τὰ
3546 5173 3604 5225 δὲ
3639 5173 3763 5242 ἑξῆς

2180 5261 2538 5333 ἐπιλεγόμενα
2569 5261 2668 5326 τὰς
2703 5265 2759 5315 ὲν
2792 5263 2939 5334 αὐτῷ
2965 5264 3042 5335 τῷ
3072 5264 3284 5335 θανάτῳ
3315 5263 3578 5336 δυνάμεις
3623 5280 3764 5334 παρ-

2184 5354 2419 5425 ίστησιν·
2453 5357 2544 5425 ἀφ’
2569 5346 2644 5409 ὧν
2689 5356 2950 5426 ῥυσθῆναι
2981 5355 3195 5428 εῦχεται
3228 5357 3417 5425 λέγων·
3439 5375 3458 5408 ι
3481 5357 3764 5428 Ῥυσθείην

2183 5448 2247 5499 ὲκ
2267 5447 2374 5500 τῶν
2400 5448 2697 5519 μισούντων
2727 5465 2792 5519 με
2823 5450 2914 5505 καὶ
2939 5451 3002 5504 ὲκ
3029 5449 3136 5504 τῶν
3163 5448 3366 5521 βαθέων
3395 5447 3504 5502 τῶν
3531 5449 3759 5502 ὑδάτων.

515 5545 751 5601 oderunt
775 5559 884 5608 me,
915 5550 969 5598 et
1003 5540 1069 5596 de
1100 5537 1385 5611 profundis
1411 5551 1695 5608 aquarum.
1723 5534 1840 5590 Non
1875 5552 1960 5592 me
1986 5537 2079 5592 de-

2193 5538 2273 5609 Μή
2300 5555 2365 5609 με
2393 5541 2839 5594 ηταποντισάτω
2877 5543 3128 5610 καταιγὶς
3171 5541 3379 5606 ὓδατος,
3419 5539 3554 5612 μηδὲ
3594 5557 3764 5594 κατα-

595 5727 640 5765 ”
670 5726 856 5783 Matth.
899 5741 983 5792 ιιι,
1025 5724 1122 5794 1Ἱ;
1154 5738 1286 5791 xvn,
1315 5721 1368 5778 5.
1445 5720 1487 5751 "
1527 5717 1674 5774 Psal.
1714 5733 1803 5786 xv,
1845 5716 1932 5773 l0.
