4062 6208
316 260 419 321 745

1436 252 1947 313 εοιιιιεστειιιιι
1986 232 2054 312 ni
2090 252 2432 312 essurus.

3456 263 3561 324 7‘8

310 383 474 440 πιέτω
492 398 565 456 με
593 380 770 452 suos;
798 398 823 431 θ
859 377 1044 433 Ταῦτα
1071 379 1129 432 δὲ
1153 376 1223 434 τὰ
1255 379 1417 434 ὕδατα
1443 380 1497 433 οἵ
1524 396 1583 433 τε
1608 382 1667 435 ὲν
1692 381 1875 445 αὐτοῖς

1978 390 2184 452 mergat
2211 385 2512 449 tempestas
2542 392 2716 448 aqua,
2762 396 2937 450 neque
2983 379 3274 436 ab'sorbeat
3316 394 3404 436 me
3428 393 3563 453 pro-

301 473 585 545 opéatows;
616 473 708 527 καὶ
756 470 843 525 διὰ
890 469 1000 524 τῶν
1046 470 1351 542 ἔμπροσθεν
1406 470 1709 543 ἐδηλοῦντο,
1737 474 1876 527 κατὰ

305 564 393 618 τό·
436 586 453 618 ι
485 565 663 620 Σῶσόν
694 581 784 635 με,
817 563 846 617 ὁ
872 561 1025 626 Θεὸς,
1067 562 1149 615 ὅτι
1188 561 1505 634 είσήλθοσαν
1566 562 1733 617 ὕδατα
1771 564 1878 628 ἓως

305 659 476 732 ψυχῆς
513 675 641 730 μου·
676 655 980 727 Ἐνεπάγην
1013 655 1093 717 είς
1117 651 1248 726 ὓλην
1275 653 1458 725 βυθοῦ,
1483 655 1578 708 καὶ
1600 654 1700 708 οὐκ
1729 653 1878 710 ἐστιν

304 750 614 815 ὑπόστασις
646 745 848 802 τΠλθον
911 748 993 811 εἰς
1049 745 1118 800 τὰ
1152 746 1289 820 βάθη
1323 748 1424 817 τῆς
1456 747 1753 819 θαλάσσης,
1784 749 1879 801 καὶ

304 843 554 913 καταιγὶς
584 838 936 896 κατεπόντισέ
973 856 1061 910 με.
1092 860 1113 891 ο
1168 837 1329 893 Ἀλλά
1359 837 1447 892 διὰ
1484 838 1582 910 μὲν
1602 838 1708 891 τῶν
1740 856 1876 910 προ-

300 935 473 1010 τέρων
500 935 597 1007 τὴν
624 933 846 989 κάθοδον
884 930 1048 986 αὑτοῦ
1079 930 1176 1003 τὴν
1205 932 1285 996 εἰς
1312 929 1485 985 ταῦτα
1510 932 1769 1004 παρίστη,
1792 931 1878 986 διὰ

299 1024 357 1078 δὲ
382 1024 489 1079 τῶν
520 1023 654 1097 μετὰ
682 1026 867 1095 χεῖρας
887 1021 987 1092 τὴν
1017 1019 1127 1074 ἀπὸ
1147 1018 1354 1074 τούτων
1381 1021 1663 1077 ἐπάνοδον.
1687 1040 1707 1073 ‹
1754 1023 1879 1075 Ῥυ-

300 1115 484 1187 σθείην
503 1135 525 1167 ο
550 1115 658 1188 γάρ
690 1131 853 1184 φησιν
885 1133 909 1166 r
952 1114 1018 1167 ὲκ
1051 1112 1159 1166 τῶν
1190 1110 1398 1183 βαθέων
1428 1111 1537 1166 τῶν
1559 1113 1765 1167 ὑδάτων
1787 1114 1879 1168 καὶ

303 1211 375 1282 μή
419 1228 484 1283 με
517 1210 965 1265 καταποντισάτω
1010 1207 1262 1275 καταιγὶς
1296 1205 1507 1270 ὓδατος,
1544 1206 1677 1279 μηδὲ
1709 1223 1879 1261 κατα-

296 1304 467 1357 πιέτω
501 1321 566 1375 με
612 1302 791 1374 βυθὸς,
823 1301 956 1374 μηδὲ
1009 1301 1254 1371 συσχέτω
1305 1300 1391 1353 ἐπ’
1436 1299 1535 1370 ἐμὲ
1592 1298 1769 1371 φρέαρ
1819 1298 1880 1352 τὸ

302 1392 475 1463 στόμα
514 1391 701 1445 αὐτοῦ.
745 1411 764 1443 ι
795 1390 908 1454 Τὰς
943 1390 1040 1461 μὲν
1068 1390 1177 1460 γάρ
1208 1387 1399 1452 λοιπὰς
1430 1387 1537 1440 τῶν
1581 1385 1879 1459 ἀνθρώπων

294 1482 471 1554 ψυχὰς
501 1483 758 1538 κατέπιεν
782 1485 814 1536 ὁ
837 1482 1063 1546 θάνατος
1094 1480 1340 1553 ἰσχύσας,
1357 1479 1453 1534 καὶ
1472 1479 1532 1533 τδ
1556 1480 1732 1551 φρέαρ
1757 1497 1882 1533 συν.

295 1576 422 1647 έσχε
467 1578 561 1629 καὶ
625 1574 917 1629 ἀπέκλεισε
956 1573 1034 1646 τῷ
1074 1572 1269 1628 ἑαυτοῦ
1322 1572 1570 1644 στόματι,
1603 1572 1781 1645 Φρέαρ
1824 1572 1881 1628 δὲ

297 1668 476 1737 στόμα
523 1665 643 1737 ἕχον
680 1666 843 1730 αὐτὸς
874 1665 939 1719 ἂν
968 1662 1182 1735 λεχθείη
1216 1665 1245 1717 ὁ
1278 1662 1574 1727 θάνατος,ὸ
1602 1662 1661 1729 ἐξ
1686 1663 1881 1728 αἰῶνος

1980 471 2235 527 fundum.
2270 489 2291 524 ι
2326 468 2422 525 Ha:
2458 483 2587 525 vero
2619 484 2793 540 aquae,
2823 480 2877 527 et
2905 471 3174 527 dracones
3200 470 3256 525 in
3292 470 3426 541 ipsis
3464 471 3564 528 de-

1978 571 2189 635 gentes,
2241 562 2500 633 superius
2561 562 2947 617 indicabantur
3003 562 3056 617 in
3093 562 3186 617 illo
3229 580 3244 617 ι
3279 579 3298 614 ι
3333 561 3560 618 Salvum

1978 672 2066 712 me
2100 656 2203 718 fac,
2237 653 2401 717 Deus,
2441 653 2699 724 quoniam
2734 654 3078 710 intraverunt
3104 667 3259 724 aquas
3290 667 3469 723 usque
3492 653 3563 709 ad

1979 749 2214 803 animam
2270 759 2467 801 meam.
2512 743 2717 800 lnfixus
2764 761 2886 802 sum
2920 745 2975 799 in
3019 744 3152 799 limo
3189 741 3470 815 profundi,
3506 751 3566 803 et

1978 857 2090 896 non
2118 849 2203 895 est
2236 835 2565 894 substantia.
2597 836 2734 892 Veni
2790 837 2846 892 in
2901 837 3245 892 altitudinem
3282 834 3475 900 maris,
3508 843 3565 891 et

1978 940 2279 1003 tempestas
2329 930 2593 988 demersit
2635 945 2739 986 me.
2781 949 2801 984 ι
2845 927 2957 985 Sed
3005 928 3162 1000 prius
3193 927 3414 999 quidem
3438 926 3564 998 ejus

1979 1027 2035 1082 in
2070 1040 2242 1097 aquas
2269 1025 2571 1081 descensus
2598 1024 3018 1091 declarabatur;
3052 1025 3108 1076 in
3137 1020 3225 1077 bis
3256 1027 3439 1075 autem
3477 1034 3568 1074 re-

1980 1134 2200 1189 gressus
2254 1118 2380 1172 inde
2435 1125 2673 1172 notatur.
2706 1135 2726 1168 ι
2765 1116 3008 1180 Liberer,
3057 1114 3255 1186 inquit,
3321 1112 3389 1168 de
3435 1127 3568 1184 pro-

1981 1208 2165 1265 fundis
2179 1224 2282 1279 aqu
2291 1224 2469 1272 arum,
2487 1215 2660 1263 etnon
2676 1223 2762 1263 me
2776 1208 3368 1279 demergattempestas
3384 1219 3565 1274 aqum,

1980 1315 2159 1371 neque
2183 1299 2472 1356 absorbeat
2494 1314 2580 1356 me
2594 1298 2950 1369 profundum,
2979 1312 3159 1368 neque
3181 1305 3372 1368 urgeat
3396 1309 3565 1365 super

1981 1409 2069 1450 me
2086 1401 2285 1467 puteus
2311 1406 2374 1447 os
2391 1406 2580 1447 suum.
2608 1412 2627 1445 ι
2644 1392 2883 1447 Caeteras
2912 1391 3113 1461 quippe
3136 1388 3421 1443 hominum
3442 1386 3566 1441 ani-

1982 1496 2101 1537 mas
2124 1496 2277 1537 mors
2301 1480 2598 1552 absorpsit,
2616 1492 2672 1537 et
2692 1481 2993 1551 praevaluit,
3014 1494 3081 1534 ac
3103 1486 3302 1550 puteus
3322 1477 3483 1541 ursit,
3508 1483 3564 1532 et

1982 1573 2363 1629 conclusitore
2387 1591 2511 1630 suo.
2544 1573 2751 1629 Puteus
2779 1580 2957 1627 autem
2974 1561 3077 1628 ore
3098 1572 3421 1634 instructus,
3440 1569 3561 1640 ipsa

1985 1678 2136 1721 mors
2158 1679 2282 1719 esse
2309 1663 2547 1731 dicatur,
2577 1680 2700 1736 quae
2722 1665 2792 1719 ab
2815 1664 2971 1720 initio
2996 1679 3187 1720 omnes
3207 1662 3390 1718 isthuc
3417 1661 3562 1717 dela-

294 1758 511 1823 πάντας
547 1756 964 1823 καταπεπωκὼς
991 1759 1117 1822 τοὺς
1149 1758 1229 1820 εἰς
1261 1755 1423 1810 αὐτὸν
1450 1754 1876 1810 καταπεπτωκό-

1980 1770 2110 1827 psos
2137 1755 2425 1827 deglutivit
2446 1776 2464 1813 :
2497 1765 2554 1813 et
2587 1765 2879 1827 postquam
2903 1755 3210 1826 deglutivit,
3241 1751 3558 1819 momordit,

289 1866 413 1914 τας,
449 1850 547 1903 καὶ
605 1848 743 1921 μετὰ
786 1849 846 1903 τὸ
895 1850 1179 1904 καταπιεῖν
1229 1845 1490 1909 ἐνδακὼν,
1546 1845 1737 1918 ὥσπερ
1783 1847 1877 1901 καὶ⁵

292 1942 629 2006 ἀποκλείσας
648 1942 707 1996 τὸ
734 1940 927 1995 ἑαυτοῦ
953 1940 1147 2010 στόμα,
1174 1939 1311 2011 πρὸς
1337 1938 1397 1993 τὺ
1428 1942 1501 2011 μή
1534 1955 1657 1992 τινα
1688 1937 1878 1992 παλιν-

290 2033 589 2106 δρομῆσαι.
624 2032 743 2085 Ἐπ’
774 2031 907 2103 ἐμοῦ
936 2031 992 2085 δὲ
1041 2030 1115 2102 μὴ
1146 2029 1354 2098 γένοιτο
1386 2028 1563 2085 τοῦτο.
1604 2028 1696 2082 Διὸ
1727 2030 1879 2083 ἀντι-

294 2122 438 2176 ϐολῶ
471 2139 532 2175 σε
556 2122 646 2174 τὸν
674 2120 893 2192 Πατέρα
924 2119 1096 2188 λέγων
1116 2137 1128 2149 ·
1160 2137 1180 2170 t
1210 2120 1300 2190 Μή
1332 2136 1398 2190 με
1429 2119 1879 2173 καταποντισάτω

294 2213 549 2282 καταιγὶς
600 2211 806 2276 ὕδατος,
866 2212 1001 2284 μηδὲ
1050 2209 1366 2265 καταπιέτω
1418 2226 1485 2280 με
1530 2208 1707 2280 βυθὸς,
1744 2209 1878 2281 μηδὲ

297 2304 547 2375 συσχέτω
592 2305 679 2357 ἐπ’
714 2303 815 2376 ἐμὲ
862 2302 1038 2375 φρέαρ
1070 2303 1131 2356 τὸ
1177 2303 1349 2374 στόμα
1381 2300 1567 2354 αὐτοῦ·
1607 2318 1632 2353 s
1668 2300 1704 2372 ἢ
1738 2300 1881 2355 κατὰ

293 2392 386 2447 τὸν
443 2392 758 2464 Σύμμαχον,
803 2410 822 2444 ι
871 2393 1023 2463 Μηδὲ
1078 2392 1435 2462 ὲπιπωμάσαι
1474 2408 1564 2463 μοι
1609 2391 1786 2463 φρέαρ
1816 2391 1881 2444 τὸ

292 2484 472 2557 στόμα
499 2484 685 2539 αὑτοῦ.
731 2504 749 2537 ι
786 2484 895 2539 Καὶ
926 2483 1020 2538 νῦν
1067 2483 1167 2555 μὲν
1220 2483 1425 2540 ὑδάτων
1483 2482 1752 2555 μέμνηται
1786 2483 1880 2538 καὶ

293 2576 476 2648 βυθῶν
535 2578 628 2632 καὶ
679 2578 911 2649 φρέατος
932 2593 945 2606 ·
1003 2577 1062 2632 ὲν
1114 2575 1175 2630 δὲ
1203 2574 1280 2646 τῷ
1304 2572 1388 2628 κα¹
1420 2574 1621 2646 ψαλμῷ
1644 2575 1713 2628 τὰ
1739 2574 1881 2629 αὐτὰ

288 2669 464 2724 ταῦτα
521 2668 823 2741 σημαίνων,
865 2668 1072 2740 ἑτέροις
1102 2666 1326 2738 ὀνόμασι
1373 2667 1638 2738 κέχρηται
1667 2665 1873 2736 λέγων’

295 2782 315 2815 ι
337 2761 533 2816 Ῥῦσαι
562 2761 671 2816 άπδ
697 2760 972 2832 ῥομφαίας
997 2758 1096 2830 τὴν
1124 2758 1300 2829 ψυχήν
1329 2775 1450 2830 μου,
1483 2759 1577 2813 καὶ
1600 2758 1667 2813 ὲκ
1697 2759 1880 2833 χειρὸς

289 2852 455 2917 κυνὸς
479 2852 582 2922 τὴν
607 2851 863 2923 μονογενῆ
893 2867 1014 2921 μου,
1037 2849 1218 2904 Σῶσόν
1245 2866 1312 2921 με
1344 2852 1408 2903 ὲκ
1438 2850 1704 2923 στόματος
1728 2851 1877 2905 λέον-

289 2961 403 3007 τος,
435 2943 535 2997 καὶ
565 2943 671 2995 ἀπὸ
714 2940 959 3012 κεράτων
1003 2940 1385 3012 μονοκερὼτων
1430 2940 1527 3014 τὴν
1551 2941 1878 2997 ταπείνωσίν

1972 1862 2044 1902 ac
2074 1847 2123 1902 si
2145 1848 2472 1905 occlusisset
2493 1864 2557 1905 os
2575 1864 2759 1913 suum,
2783 1862 2853 1902 ne
2880 1848 3007 1919 quis
3030 1845 3157 1902 inde
3172 1851 3558 1902 reverteretur.

1979 1937 2194 1996 Mecum
2223 1950 2404 1997 autem
2438 1956 2507 1997 ne
2529 1941 2648 2011 pari
2678 1940 2842 1995 modo
2871 1947 3080 2012 agatur.
3115 1938 3297 2006 Quare
3323 1938 3421 1993 tibi
3454 1935 3561 1991 Pa-

1973 2032 2051 2086 tri
2095 2035 2344 2104 supplico
2382 2034 2571 2089 dicens
2596 2053 2615 2089 ι
2640 2052 2663 2084 ‹
2698 2033 2816 2087 Non
2848 2048 2936 2088 me
2957 2033 3235 2102 demergat
3262 2037 3558 2103 tempestas

1979 2138 2152 2194 aquae,
2180 2141 2356 2197 neque
2405 2127 2697 2182 absorbent
2745 2141 2832 2181 me
2864 2122 3219 2195 profundum,
3260 2137 3437 2193 neque
3468 2137 3560 2175 ur-

1978 2226 2101 2286 geat
2137 2234 2303 2289 super
2337 2233 2425 2274 me
2457 2228 2655 2290 puteus
2696 2232 2760 2273 os
2798 2232 2992 2285 suum;
3033 2234 3053 2269 ι
3092 2215 3209 2272 sive
3256 2214 3559 2271 secundum

1980 2304 2365 2377 Symmachum
2402 2328 2417 2364 :
2457 2326 2479 2362 ι
2515 2307 2703 2379 Neque
2745 2308 2962 2364 obturet
3012 2323 3177 2379 super
3223 2322 3310 2362 me
3359 2312 3561 2376 puteus

1979 2414 2044 2454 os
2074 2414 2255 2455 suum.
2292 2420 2311 2453 ι
2346 2399 2411 2454 Et
2429 2400 2542 2473 jam
2577 2401 2796 2472 quidem
2828 2408 3019 2471 aquas,
3078 2397 3350 2470 profunda
3372 2405 3429 2453 et
3456 2413 3562 2468 pu-

1979 2498 2126 2545 teum
2154 2499 2423 2546 memorat
2448 2509 2467 2546 :
2499 2490 2556 2545 in
2586 2490 2849 2546 vicesimo
2890 2498 3072 2544 autem
3119 2488 3300 2559 primo
3347 2487 3558 2557 psalmo

1979 2580 2168 2635 eadem
2199 2581 2318 2652 ipsa
2361 2582 2485 2637 aliis
2517 2582 2803 2637 vocabulis
2838 2582 3045 2636 indicat
3080 2581 3272 2635 dicens
3304 2598 3318 2634 :
3354 2597 3374 2631 ι
3416 2578 3560 2634 Erue

1980 2687 2013 2725 ιι
2046 2670 2272 2739 framea,
2301 2671 2467 2739 Deus,
2502 2673 2744 2728 animam
2780 2688 2979 2752 meam,
3009 2679 3063 2727 et
3088 2672 3156 2728 de
3189 2687 3357 2726 manu
3404 2672 3559 2727 canis

1980 2758 2312 2830 unigenitam
2366 2776 2565 2817 meam.
2624 2761 2784 2817 Salva
2814 2778 2903 2817 me
2952 2777 3019 2817 ex
3072 2778 3168 2818 ore
3202 2762 3398 2825 leonis,
3440 2769 3494 2816 et
3527 2776 3560 2815 a

1981 2852 2243 2909 cornibus
2279 2853 2625 2909 unicornium
2685 2855 3048 2910 humilitatem
3098 2869 3274 2908 meam
3310 2854 3375 2909 ".
3421 2873 3440 2906 ι
3493 2851 3561 2909 Et

1981 2943 2097 2999 haec
2130 2945 2199 3000 de
2228 2944 2563 3004 adversariis
2598 2947 2966 3018 potestatibus
3000 2946 3054 3000 in
3092 2945 3331 3009 inferno,
3373 2952 3431 2999 ut
3463 2960 3558 2999 vo-

294 3053 423 3107 μου.
470 3053 490 3086 ι
524 3032 636 3087 Καὶ
661 3031 836 3086 ταῦτα
867 3030 976 3104 γὰρ
1006 3033 1133 3104 περὶ
1164 3031 1272 3085 τῶν
1324 3033 1382 3086 ἐν
1433 3031 1513 3102 τῷ
1561 3032 1876 3103 καλουμένῳ

1978 3044 2130 3104 cant,
2164 3036 2488 3108 degentibus
2520 3040 2667 3094 dicta
2698 3048 2847 3101 sunt,
2886 3048 2945 3093 ut
2968 3039 3022 3095 in
3058 3039 3372 3110 huiusmodi
3408 3038 3558 3092 loco-

289 3104 398 3201 ᾅδῃ
420 3123 703 3195 δυνάμεων
723 3123 1109 3193 ἀντικειμένων
1139 3122 1404 3187 λέλεκται,
1426 3122 1504 3185 ὡς
1532 3123 1657 3186 τοὺς
1676 3123 1875 3187 τόπους

1980 3136 2103 3175 rum
2133 3104 2499 3195 explicatione
2520 3124 2943 3181 declaravitnus.

287 3217 648 3293 διηγούμενοι
677 3216 1122 3287 παρεστήσαμεν.

362 3328 386 3364 r
418 3309 756 3364 Είσάκουσόν
815 3325 937 3379 μου,
991 3307 1184 3379 Κύριε,
1234 3308 1315 3361 ὅτι
1372 3307 1607 3380 χρηστὸν
1638 3307 1699 3360 τδ
1732 3306 1878 3371 ἔλεός

289 3422 386 3459 σου
408 3421 420 3436 ’
455 3402 601 3457 κατὰ
644 3401 703 3455 τὸ
747 3400 949 3472 πλῆθος
988 3400 1094 3453 τῶν
1122 3400 1422 3472 οἰκτιρμῶν
1456 3418 1550 3454 σου
1589 3399 1876 3470 ἑπίὸλεψον

286 3497 375 3549 ἐπ’
404 3494 539 3566 ἐμέ.
576 3513 594 3546 ι
626 3493 737 3546 Καὶ
787 3491 1017 3545 ἐνταῦθα
1041 3490 1128 3544 διὰ
1148 3490 1243 3546 τοῦ
1270 3494 1401 3564 παρ’
1428 3491 1698 3564 Ἑϐραίοις
1719 3493 1878 3546 ἀνεκ-

287 3588 550 3659 φωνήτω
606 3585 695 3638 τὴν
744 3582 937 3637 ἑαυτοῦ
972 3583 1191 3654 Πατέρα
1243 3586 1271 3637 ὁ
1323 3582 1511 3656 Σωτὴρ
1538 3584 1875 3640 ἐπικαλεῖται

282 3678 464 3750 λέγων
486 3697 504 3710 ·
552 3676 767 3748 Ἐπειδὴ
797 3676 923 3730 τάδε
957 3677 1051 3731 καὶ
1082 3676 1208 3732 τάδε
1242 3676 1444 3748 Ιᾔτησα,
1474 3678 1561 3732 ἵνα
1591 3677 1664 3750 μη
1693 3679 1874 3749 ἐμπά-

284 3789 369 3841 γω
392 3774 477 3835 εἰς
506 3770 601 3823 τὸν
636 3769 825 3842 πηλὸν,
844 3769 937 3823 καὶ
963 3770 1110 3833 ὅπως
1159 3768 1413 3841 ρυσθείην
1440 3772 1506 3822 ὲκ
1530 3769 1638 3823 τῶν
1670 3770 1875 3842 βαθέων

281 3860 393 3917 τῶν
413 3861 656 3927 ὑδάτων,
681 3860 749 3914 τά
779 3876 836 3915 τε
855 3859 1064 3923 τούτοις
1086 3858 1233 3930 ἑξῆς,
1260 3858 1452 3914 τούτου
1475 3860 1633 3933 χάριν
1659 3860 1876 3914 ἐπίνευ-

2061 3299 2225 3358 sts.
2273 3302 2482 3357 Π-Ξί.
2543 3320 2564 3353 ι
2610 3300 2819 3356 Exaudi
2858 3316 2967 3364 me,
3014 3299 3266 3364 Domine,
3297 3298 3556 3369 quoniam

1978 3398 2215 3469 benigna
2250 3403 2338 3451 est
2366 3393 2743 3450 misericordia
2774 3402 2888 3460 tua,
2922 3394 3229 3448 secundum
3254 3393 3560 3449 multitudi-

1980 3506 2104 3547 nem
2164 3488 2579 3544 miserationum
2634 3493 2853 3541 tuarum
2901 3486 3113 3556 respice
3158 3486 3215 3541 in
3247 3502 3353 3542 me.
3392 3505 3412 3539 ι
3461 3485 3560 3541 llic

1976 3596 2196 3653 quoque
2233 3580 2496 3636 ineffabili
2534 3578 2681 3651 apud
2712 3578 2970 3635 Hebrrncs
3000 3592 3135 3634 voce
3167 3577 3428 3634 Serrator
3454 3576 3561 3633 Pa-

1976 3684 2117 3729 trem
2140 3687 2301 3728 suum
2324 3671 2542 3727 invocat
2571 3671 2760 3726 dicens
2792 3690 2806 3726 :
2838 3668 2974 3737 Quia
2997 3669 3119 3726 haec
3146 3678 3201 3726 et
3227 3670 3318 3725 illa
3349 3671 3554 3742 rogavi.

1978 3776 2042 3823 ut
2069 3781 2137 3822 ne
2166 3765 2360 3836 infigar
2382 3764 2436 3819 in
2454 3765 2588 3829 luto,
2613 3772 2673 3819 ut
2697 3765 2895 3819 liberer
2914 3778 2943 3817 a
2961 3762 3247 3834 profundis
3269 3779 3556 3835 aquarum,

1978 3868 2037 3917 et
2071 3865 2269 3915 uetera
2301 3872 2423 3928 quae
2464 3863 2793 3927 sequuntur,
2830 3855 2952 3909 ideo
2976 3870 3159 3911 annue
3187 3854 3557 3910 obsecrationi

286 3956 379 4010 σύν
415 3973 530 4027 μου
561 3957 628 4025 τῇ
673 3953 873 4025 δεήσει,
906 3946 950 4004 ὧ
986 3951 1181 4025 Κύριε,
1210 3969 1235 4002 ι
1267 3953 1348 4005 ὅτι
1380 3952 1612 4025 χρηστὸν
1640 3951 1700 4006 τδ
1728 3952 1876 4018 ἔλεός

1978 3963 2133 4012 meae,
2157 3963 2191 4003 o
2217 3946 2465 4012 Domine,
2497 3964 2520 3998 ‹
2563 3945 2821 4017 quoniam
2853 3944 3088 4016 benigna
3120 3953 3204 4000 est
3243 3944 3559 3999 misericor-

286 4048 528 4118 cou,xa‘t
551 4046 691 4099 κατὰ
706 4044 765 4098 τὸ
785 4042 987 4114 πλῆθος
1014 4043 1122 4096 τῶν
1141 4043 1437 4115 οἰκτιρμῶν
1466 4061 1557 4097 σου
1580 4043 1874 4114 ἑπίόλεψον

1977 4039 2067 4094 dia
2095 4048 2211 4104 tua,
2247 4049 2300 4095 et
2342 4037 2642 4095 secundum
2694 4036 3103 4093 multitudinem
3144 4037 3557 4093 miseratiunutu

283 4141 374 4191 ἐπ’
402 4140 537 4213 ὲμέ.
569 4139 659 4209 Μὴ
693 4137 1032 4207 ἀπόστρεψον
1058 4136 1121 4189 τι
1146 4135 1435 4207 πρόσωπόν
1488 4151 1583 4188 σου
1620 4136 1728 4189 ἀπὸ
1781 4136 1874 4189 τοῦ

1978 4141 2195 4188 tuarum
2235 4133 2447 4203 respice
2478 4131 2533 4185 in
2567 4147 2671 4186 me.
2713 4128 2792 4185 Ne
2830 4136 3049 4185 avertas
3101 4129 3295 4186 faciem
3338 4139 3487 4184 tuam
3523 4143 3557 4181 a

280 4233 476 4297 παιδός
528 4247 645 4283 σου.
685 4249 703 4280 ι
743 4230 834 4283 Ἐν
866 4222 946 4292 οἷς
996 4226 1303 4299 παρακαλεῖ
1346 4226 1653 4296 ἐπιϐλέψαι,
1681 4228 1772 4282 καὶ
1800 4226 1874 4300 μὴ

1978 4240 2149 4297 puero
2176 4233 2291 4279 tuo.
2330 4244 2351 4275 ι
2393 4222 2604 4290 Quibus
2632 4231 2785 4294 rogat
2814 4229 2873 4276 ut
2903 4222 3181 4293 respiciat,
3215 4237 3316 4278 nec
3350 4225 3562 4277 avertat

281 4319 639 4393 ἀποστρέψαι
671 4318 731 4371 τὸ
752 4317 1040 4389 πρόσωπον
1071 4317 1132 4386 ἐξ
1164 4316 1328 4370 αὑτοῦ
1349 4331 1364 4347 ο
1400 4317 1466 4369 ἵν’
1490 4316 1678 4390 ὥσπερ
1704 4318 1876 4389 μέγας

1977 4319 2173 4373 faciem
2206 4333 2360 4372 suam
2405 4332 2437 4371 a
2480 4333 2561 4379 se,
2611 4323 2671 4370 ut
2736 4315 2897 4385 quasi
2946 4330 3177 4384 magnus
3228 4315 3557 4385 agonotheta

282 4410 644 4481 ἀγωνοθέτης
690 4408 956 4480 δοκιμάσῃ
983 4408 1073 4460 τὸν
1102 4406 1287 4476 ἀγῶνα
1318 4406 1377 4460 δν
1416 4407 1622 4479 ὑπέστη
1657 4409 1750 4462 καὶ
1775 4410 1874 4480 τὴν

1980 4411 2172 4481 probet
2198 4408 2344 4479 quod
2371 4416 2652 4478 certamen
2680 4406 2933 4470 subierit,
2974 4422 3136 4477 quam
3166 4406 3482 4476 patientiam
3503 4414 3557 4461 et

282 4503 576 4575 ὑπομονὴν
622 4501 715 4554 καὶ
766 4500 865 4572 τὴν
888 4498 1230 4563 ταπείνωσιν,
1273 4500 1355 4569 ἐφ’
1479 4500 1871 4571 σεμνυνόμενος

282 4595 430 4663 άξιοῖ
472 4594 572 4648 τὸν
621 4592 835 4662 Πατέρα
885 4591 958 4662 μὴ
996 4589 1331 4661 ἀποστρέψαι
1383 4589 1443 4641 τὸ
1483 4590 1773 4662 πρόσωπον
1814 4591 1874 4655 ἐξ

285 4687 481 4752 αὐτοῦ,
534 4684 650 4737 ἀλλ’
705 4682 987 4753 ἐπιϐλέψαι
1057 4685 1135 4746 εἰς
1198 4682 1379 4736 αὐτόν.
1409 4677 1542 4737 Εἶτα
1597 4681 1871 4751 ἐπιλέγειο

289 4797 310 4831 ι
351 4780 481 4832 Ὅτι
526 4775 798 4847 θλίϐομαι,
834 4774 970 4846 ταχῦ
1011 4774 1310 4830 ὲπάκουσόν
1342 4790 1471 4844 μου’
1500 4794 1518 4826 ι
1548 4773 1580 4845 ἢ
1620 4775 1761 4829 κατὰ
1785 4777 1876 4831 τὸν

297 4870 566 4931 Ἀκύλαν,
607 4885 625 4919 r
664 4869 784 4920 Ὅτι
828 4866 1010 4919 στενόν
1044 4882 1153 4937 μοι,
1187 4867 1325 4936 ταχὺ
1356 4865 1659 4920 ἐπάκουσον
1698 4885 1820 4939 μου.
1852 4886 1870 4919 ι

284 4960 531 5033 Νοήσεις
571 4960 629 5014 δὲ
671 4959 764 5012 καὶ
793 4958 980 5012 τούτου
1011 4957 1368 5030 τὴνδιάνοιαν
1397 4960 1698 5030 ἐπιστήσας
1727 4959 1876 5021 ὅπως

284 5053 512 5127 εἴρηται
546 5052 627 5118 τὸ,
663 5070 681 5104 ι
705 5050 869 5125 Στενη
893 5052 986 5104 καὶ
1013 5049 1339 5121 τεθλιμαενη
1361 5052 1394 5121 ἠ
1421 5050 1538 5114 ὁδὸς
1569 5053 1603 5123 η
1633 5051 1875 5119 ἀπάγου-

286 5159 359 5198 σα
394 5146 481 5206 εἰς
516 5143 616 5213 τὴν
644 5140 808 5213 ζωὴν,
836 5141 928 5198 καὶ
962 5139 1129 5211 ὀλίγοι
1158 5140 1295 5194 εἰσὶν
1328 5139 1377 5191 οἱ
1409 5140 1774 5212 εἰσερχόμενοι
1804 5140 1870 5193 δι’

284 5234 490 5307 αὐτῆς.
538 5253 558 5287 ι
601 5234 823 5306 Πρῶτος
856 5231 988 5302 γοῦν
1034 5231 1196 5296 αὐτὸς
1232 5230 1330 5305 τὴν
1361 5230 1551 5301 στενὴν
1578 5232 1748 5303 αὐτὴν
1777 5233 1872 5286 καὶ

284 5324 387 5399 τὴν
415 5325 783 5398 τεθλιμμένην
809 5323 1033 5388 ὁδεύσας
1055 5322 1270 5395 ἔλεγενι
1313 5342 1331 5373 ι
1359 5323 1480 5375 ὀτι
1514 5325 1671 5394 στενή
1704 5339 1816 5393 μοι,
1844 5343 1864 5375 ο

283 5417 407 5483 καὶ,
449 5435 470 5468 ι
517 5416 601 5471 ὅτι
637 5415 908 5487 θλίϐομαι,
941 5414 1077 5485 ταχὺ
1113 5412 1412 5471 ἐπάκουσον
1447 5429 1568 5485 μου·
1598 5432 1617 5464 ι
1653 5414 1869 5486 Ἐδήλου

283 5507 345 5565 δὶ
373 5510 477 5563 καὶ
502 5508 588 5563 διὰ
615 5509 722 5563 τῶν
748 5507 1054 5581 ἔμπροσθεν
1080 5507 1179 5578 τὴν
1213 5505 1388 5577 θλίψιν
1422 5505 1615 5560 ἑαυτοῦ
1649 5507 1742 5564 καὶ
1773 5507 1872 5581 τὴν

360 5691 410 5724 ⁸⁷
453 5688 600 5747 Psal.
642 5708 760 5756 ut,
800 5691 892 5755 2t,
932 5690 1022 5745 22.
1101 5692 1148 5722 ’⁸
1186 5689 1374 5747 Matth.
1420 5706 1515 5757 vn,
1562 5688 1642 5744 ιι.

462 5787 734 5849 Ρλτιιοι..
783 5787 899 5849 Gtt.
939 5787 1174 5849 XXIII.

1982 4502 2339 4555 humilitatem
2374 4518 2388 4555 :
2422 4499 2489 4555 de
2514 4516 2621 4570 qua
2652 4499 2939 4570 gloriatus,
2975 4496 3191 4552 Patrem
3224 4504 3381 4567 rogat
3406 4507 3558 4554 utne

1976 4601 2191 4649 avertat
2223 4592 2415 4647 faciem
2444 4608 2624 4651 suam.
2661 4590 2755 4647 sed
2784 4589 3149 4660 se'respiciat.
3189 4588 3395 4645 Dehinc
3426 4590 3559 4646 sub.

1976 4685 2158 4756 jungit
2187 4702 2199 4739 :
2242 4704 2259 4736 ι
2289 4682 2562 4751 Quoniam
2590 4684 2846 4748 tribulor,
2864 4681 3127 4737 velociter
3150 4682 3352 4738 exaudi
3374 4696 3462 4738 me
3486 4700 3503 4749 ;
3530 4702 3549 4737 ι

1981 4778 2097 4832 sive
2119 4776 2420 4831 secundum
2451 4774 2724 4846 Aquilam,
2752 4794 2770 4828 ι
2796 4773 2936 4841 Quia
2958 4782 3249 4844 angustum
3278 4775 3434 4840 mihi,
3461 4791 3557 4832 ver

1978 4868 2168 4923 lociter
2200 4868 2397 4923 exaudi
2425 4883 2530 4923 me.
2574 4887 2593 4920 ο
2632 4866 2785 4922 Hanc
2814 4882 2979 4938 porro
3018 4867 3348 4923 sententiam
3389 4868 3553 4923 intelo

1977 4960 2135 5031 liges,
2169 4962 2216 5014 si
2252 4958 2568 5014 consideres
2598 4958 2744 5028 quod
2777 4958 2984 5013 dictum
3017 4966 3103 5015 est
3130 4977 3144 5014 :
3180 4977 3199 5011 ι
3230 4959 3475 5030 Angusta
3498 4966 3554 5015 et

1979 5058 2130 5103 arcta
2167 5050 2253 5103 via
2299 5055 2383 5103 est
2412 5062 2535 5117 qua
2586 5048 2735 5103 ducit
2784 5046 2851 5100 ad
2886 5046 3078 5114 vitam,
3131 5055 3188 5103 et
3230 5047 3389 5116 pauci
3422 5052 3551 5102 sunt

1978 5142 2071 5213 qui
2107 5140 2493 5212 ingrediuntur
2516 5155 2613 5210 per
2648 5156 2768 5195 eam
2800 5142 2864 5195 ’⁸.
2909 5161 2929 5196 ι
2968 5141 3087 5213 Ipse
3114 5142 3301 5214 igitur,
3324 5139 3417 5210 qui
3439 5139 3549 5207 pri-

1979 5250 2104 5289 mus
2134 5233 2236 5288 hac
2283 5239 2516 5303 angusta
2569 5239 2624 5288 et
2679 5240 2828 5289 arcta
2870 5233 2954 5289 via
2997 5234 3246 5295 incessit,
3280 5227 3543 5285 dicebat:

1986 5342 2005 5376 ι
2038 5324 2308 5391 Quoniam
2337 5330 2569 5393 angusta
2605 5322 2759 5385 mihi,
2799 5344 2818 5377 ι
2850 5334 2927 5389 et,
2954 5342 2972 5375 ι
3003 5325 3258 5394 quoniam
3291 5316 3543 5376 tribulor.

1979 5417 2238 5472 velociter
2257 5414 2452 5470 exaudi
2483 5430 2590 5469 me.
2622 5433 2640 5465 ι
2671 5412 2727 5468 1η
2749 5418 3124 5486 superioribus
3137 5424 3353 5483 quoque
3375 5407 3548 5461 tribu.

1979 5510 2237 5565 lationem
2284 5518 2337 5564 et
2370 5506 2673 5579 angustiam
2722 5523 2876 5563 suam
2924 5508 3005 5565 sic
3032 5501 3386 5563 declarabat:
3420 5513 3440 5549 ι
3480 5495 3548 5554 Ει

3185 5770 3261 5837 25
