4062 6208
498 190 608 253 7ιῖ

1140 192 1407 250 EUSEBII
1448 192 2120 254 CESABIENSISOPP.
2163 194 2346 250 PARS
2387 192 2474 250 Ill.
2520 225 2587 236 -
2626 192 3053 250 EXEGETICA.

3654 192 3757 251 7ιῖ

499 312 692 385 operui
731 310 787 366 in
804 308 1019 382 jejunio
1040 310 1293 364 animam
1337 324 1535 375 meam,
1569 316 1624 364 et
1660 309 1862 365 factum
1890 321 1976 367 est
2020 312 2069 367 in

2179 314 2434 368 στένωσιν
2468 312 2672 381 λέγων·
2710 330 2729 363 ι
2769 311 2878 365 Καὶ
2926 309 3271 380 συνεκάλυψα
3309 306 3366 364 ἒν
3408 310 3633 383 νηστείᾳ
3661 309 3759 383 τὴν

500 405 851 477 opprobrium
902 403 1057 458 mihi.
1110 401 1383 471 Et,posui
1445 403 1829 473 vestimentum
1892 419 2073 458 meum

499 488 744 557 saccum.
777 517 797 550 ι
825 495 1039 551 Patrem
1073 494 1256 565 itaque
1288 494 1649 564 rugabathtec
1693 504 1751 550 ut
1780 496 2074 565 respiceret

498 599 555 649 et
580 590 952 646 consideraret
980 603 1102 660 qua:
1140 603 1236 657 pro
1262 587 1424 642 nobis
1455 587 1757 643 certamina
1797 588 2076 643 sustinue-

494 686 589 740 rit.
619 681 801 749 Quare
825 681 1037 736 dicebat
1074 700 1087 735 :
1120 699 1140 731 ι
1174 677 1396 734 Intende
1421 679 1617 734 animae
1647 695 1798 744 meae,
1825 687 1878 735 et
1906 680 2075 735 libera

492 790 639 830 eam.
683 793 702 826 ι
740 771 940 827 Deinde
963 786 1090 828 vero
1124 779 1268 826 recte
1302 770 1443 826 facta
1479 769 1774 827 ostendens
1809 787 1931 836 sua,
1953 787 2075 843 qua:

496 872 558 918 ut
596 864 688 919 ille
733 862 993 934 respiciat
1045 862 1320 925 obsecrat,
1368 860 1544 933 pergit
1579 880 1592 917 :
1635 880 1654 913 ι
1692 861 1922 933 Propter
1970 864 2077 917 ini-

494 957 671 1011 micos
703 971 853 1011 meos
881 955 1029 1025 eripe
1066 971 1172 1010 me.
1202 955 1282 1009 Tu
1315 955 1425 1010 scis
1464 954 1856 1025 improperium
1892 970 2075 1010 meum

495 1056 549 1100 et
568 1063 671 1103 con
681 1048 949 1103 fusionem
966 1063 1165 1111 meam,
1184 1058 1235 1102 et
1253 1048 1607 1102 reverentiam
1625 1063 1818 1103 meam.
1836 1066 1853 1099 ι
1876 1047 2075 1114 Quem-

498 1140 792 1194 admodum
820 1140 964 1195 enim
994 1154 1158 1209 supra
1192 1139 1407 1194 dicebat
1441 1158 1453 1193 :
1487 1157 1505 1189 ‹
1543 1135 1625 1193 Tu
1661 1141 1772 1195 scis
1813 1138 2076 1210 insipien-

497 1231 630 1287 tiam
658 1246 856 1295 meam,
894 1240 948 1285 et
980 1229 1176 1284 delicta
1201 1244 1318 1284 mea
1360 1246 1391 1282 a
1443 1236 1496 1284 te
1529 1243 1639 1283 non
1677 1237 1804 1282 sunt
1850 1227 2078 1284 abscon-

500 1318 652 1386 dita;
696 1339 715 1372 ι
757 1321 839 1374 sic
872 1330 927 1374 et
973 1334 1139 1379 nunc.
1186 1326 1302 1383 tua,
1335 1317 1536 1389 inquit,
1571 1318 1878 1389 crgnitione
1913 1316 2075 1387 digna

501 1418 631 1466 sunt
680 1409 1005 1480 improperia
1056 1425 1195 1464 mea.
1251 1408 1325 1465 De
1389 1409 1497 1465 illis
1540 1424 1757 1479 quoque
1823 1408 2075 1478 superius

501 1504 695 1574 agebat
718 1502 908 1558 dicens
948 1522 964 1557 :
1004 1520 1023 1553 ι
1057 1503 1363 1574 Oppi-ebria
1387 1490 1833 1573 exprObranlium
1862 1501 1957 1555 tibi
1986 1517 2077 1556 ce-

496 1594 752 1651 ciderunt
786 1610 949 1666 super
978 1611 1082 1649 me.
1120 1615 1137 1645 ι
1182 1594 1634 1664 Quandoquidem
1682 1593 1848 1664 igitur
1876 1609 1943 1649 ex
1984 1594 2075 1662 ju-

501 1687 647 1744 dicio
672 1696 768 1744 tuo
799 1697 854 1744 et
877 1696 1025 1743 .nutu
1055 1689 1346 1760 Oppi-ebria
1398 1687 1635 1743 sustinui
1666 1695 1721 1743 et
1778 1688 2073 1759 ignominia

498 1781 714 1852 plenam
749 1781 1080 1852 passionem,
1117 1781 1239 1835 ideo
1270 1780 1433 1836 dico:
1464 1797 1484 1830 ι
1533 1778 1612 1833 Tu
1648 1779 1759 1836 scis
1797 1780 2073 1849 imprope-

496 1872 644 1926 rium
677 1888 855 1927 meum
884 1880 939 1927 et
968 1871 1346 1927 confusionem
1390 1886 1565 1925 meam
1616 1877 1670 1925 et
1714 1871 2072 1929 reverentiam

496 1976 698 2018 meam.
738 1981 758 2013 ι
793 1960 1184 2017 Confusiunem
1215 1961 1361 2016 nosti
1397 1976 1597 2025 meam,
1639 1976 1749 2015 non
1793 1960 2072 2030 indignam

495 2054 693 2109 notitia
744 2061 870 2120 tua,
920 2061 976 2110 et
1027 2057 1389 2111 reverentiam
1443 2070 1540 2109 seu
1592 2038 1875 2124 pudorem,
1909 2069 2071 2124 quem

498 2146 761 2209 sustinui,
796 2161 920 2200 cum
953 2164 971 2196 ι
1007 2147 1237 2203 dorsum
1266 2163 1442 2203 meum
1473 2147 1599 2203 dedi
1647 2146 1716 2200 ad
1760 2145 1991 2217 ﬂagella,
2020 2155 2074 2200 et

494 2239 693 2294 faciem
737 2254 912 2295 meam
937 2239 1007 2294 ad
1056 2240 1263 2311 alapas.
1301 2260 1320 2293 ι
1358 2240 1544 2312 Neque
1595 2239 1713 2309 pari
1763 2246 1927 2308 atque
1972 2252 2073 2308 ego

498 2330 712 2385 ratione
739 2331 1054 2387 cruciantes
1087 2347 1175 2386 me
1222 2333 1365 2387 nosti
1414 2351 1428 2386 :
1467 2346 1650 2401 neque
1692 2330 1836 2385 enim
1868 2328 1944 2382 illi
1979 2344 2073 2384 co-

491 2421 857 2491 gnitionetua
886 2423 1054 2493 digni.
1078 2422 1256 2489 Quare
1290 2424 1356 2479 de
1386 2424 1493 2478 illis
1527 2423 1649 2477 dico
1677 2441 1690 2476 :
1719 2440 1737 2473 ι
1773 2419 1977 2475 Contra
2019 2427 2072 2476 te

493 2523 627 2571 sunt
662 2529 852 2570 omnes
871 2515 964 2585 qui
1003 2516 1268 2570 tribulant
1298 2531 1403 2571 me.
1444 2535 1462 2569 ι
1500 2514 1575 2569 lta
1605 2529 1772 2585 porro
1800 2521 1991 2567 contra
2018 2520 2072 2569 te

489 2614 645 2673 sunt,
677 2615 738 2663 ut
771 2608 1045 2663 contraria
1102 2608 1197 2662 tibi
1236 2608 1522 2679 eligentes,
1555 2622 1751 2678 meque
1800 2607 2067 2668 cruciant,

487 2700 630 2755 nihil
662 2701 914 2756 utilitatis
966 2716 1030 2755 ex
1076 2701 1386 2756 ministerio
1436 2715 1557 2754 nico
1597 2700 1768 2763 nacti,
1796 2707 1969 2769 atque
2012 2697 2070 2751 in

491 2808 653 2849 suam
684 2793 982 2864 perniciem
1016 2792 1290 2847 cruciant.
1329 2791 1494 2847 Addit
1526 2800 1716 2863 postea
1752 2810 1768 2846 :
1805 2809 1824 2842 ι
1860 2789 2072 2859 lmpro-

496 2886 704 2957 perium
730 2885 1064 2956 exspectavit
1097 2900 1194 2939 cor
1229 2900 1408 2939 meum
1439 2891 1493 2938 et
1524 2885 1819 2938 miseriam.
1860 2902 1879 2933 ι
1912 2881 2070 2948 Quod

489 2977 699 3033 clarius
758 2977 1152 3049 interpretatus
1212 2974 1578 3048 Symmachus
1650 2983 1733 3031 est
1802 2974 1992 3029 dicens
2050 2991 2063 3027 :

498 3090 519 3121 ι
557 3070 948 3141 lmproperium
982 3069 1250 3141 confregit
1278 3086 1375 3125 cor
1401 3085 1603 3134 meum,
1628 3078 1683 3125 et
1713 3068 1961 3124 dolebam
1988 3086 2004 3132 ;
2042 3088 2060 3121 ι

492 3161 688 3231 Aquila
723 3176 875 3225 vero,
908 3180 927 3214 ι
972 3161 1388 3233 lmproperium,
1438 3162 1638 3234 inquit,
1676 3160 1936 3218 contrivit
1972 3176 2068 3217 cor

482 3266 694 3314 meum,
723 3260 777 3308 et
802 3251 1121 3324 desperatus
1155 3270 1297 3309 sum.
1323 3274 1342 3308 ι

2177 405 2355 476 ψυχήν
2390 420 2512 476 μου,
2558 403 2652 456 καὶ
2701 401 2932 474 ἐγενηθη
2981 403 3060 466 είς
3103 400 3439 472 ὀνειδισμοὺς
3475 401 3618 473 ἐμοί.
3651 398 3761 455 Καὶ

2176 496 2377 568 ἐθέμην
2431 495 2493 548 τὸ
2533 494 2737 566 ἐνδυμά¹
2788 512 2888 566 μου
2931 493 3151 547 σάκκον.
3202 513 3220 545 ι
3270 490 3395 546 Ἐπὶ
3424 496 3635 558 τούτοις
3666 489 3761 549 οὖν

2177 589 2274 642 καὶ
2318 587 2617 660 παρεκάλει
2663 585 2753 640 τὸν
2776 574 3017 657 Ἰῐατέρα
3044 584 3310 657 ἐμϐλέψαι
3340 585 3434 639 καὶ¹
3461 584 3762 640 θεάσασθαι

2175 680 2302 742 τοὺς
2335 678 2527 742 ἄθλους
2556 677 2647 741 οὓς
2706 677 2846 749 ὑπὲρ
2898 676 3055 749 ἡμῶν
3107 676 3401 747 ὑπέμεινεο
3447 674 3528 730 διὸ
3569 676 3760 746 €151:-

2183 791 2201 821 ι
2243 770 2487 842 Πρόσχες
2534 772 2600 841 τῇ
2653 769 2797 842 ψυχῇ
2846 787 2983 841 μου,
3029 768 3126 823 καὶ
3175 766 3449 841 λύτρωσαι
3503 768 3693 839 αὑτήν.
3738 788 3757 819 ι

2177 859 2311 916 Εἶτα
2341 862 2552 926 δεικνὺς
2595 862 2759 915 αὑτοῦ
2802 863 2871 916 τὰ
2905 860 3304 933 κατορθώματα
3359 856 3441 925 οἷς
3491 861 3766 933 ἐμϐλέψαι

2179 954 2497 1026 παρεκάλει,
2534 953 2791 1023 ἐπιλέγεισ
2817 972 2835 1006 ι
2863 954 3064 1007 Ἕνεκα
3091 952 3200 1006 τῶν
3227 952 3437 1025 ἐχθρῶν
3464 970 3566 1025 μου
3596 952 3764 1025 ρὖαἰ

2181 1065 2268 1120 με.
2301 1048 2373 1101 Σὺ
2400 1045 2726 1117 γιγνώσκεις
2754 1046 2844 1099 τὸν
2871 1046 3168 1117 όνειδισμόν
3199 1046 3413 1117 μουκαὶ
3439 1045 3537 1118 τὴν
3570 1042 3764 1117 αἰσχύ-

2177 1149 2273 1198 νην
2308 1150 2430 1205 μου,
2458 1133 2553 1187 καὶ
2580 1133 2678 1204 τὴν
2710 1135 2977 1206 ἐντροπὴν
3023 1152 3143 1204 μου.
3184 1155 3202 1186 ι
3245 1133 3332 1199 Ὣς
3363 1136 3470 1207 γὰρ
3503 1136 3768 1209 άιωτέρω

2177 1223 2363 1292 ἔλεγεσ
2431 1241 2450 1274 ι
2503 1224 2575 1277 Σὺ
2628 1223 2798 1293 ἔγνως
2860 1224 2958 1296 τὴν
3011 1225 3320 1298 ἀφροσύνην
3378 1244 3500 1297 μου,
3548 1229 3645 1281 καὶ
3702 1230 3763 1281 αί

2179 1316 2545 1389 πλημμέλειαι
2584 1335 2683 1390 μου
2714 1318 2821 1372 ἀπὸ
2848 1316 2940 1371 σθῦ
2976 1319 3076 1372 οὑκ
3106 1319 3499 1390 ἀπεκρύϐησαν
3519 1338 3532 1351 υ
3566 1340 3585 1372 ι
3618 1319 3766 1374 οὕτω

2177 1409 2269 1463 καὶ
2294 1409 2388 1464 νῦν
2433 1411 2532 1482 τῆς
2582 1411 2700 1482 σῆς,
2735 1411 2893 1483 φησι,
2938 1408 3191 1480 γνώσεως
3234 1411 3585 1482 τυγχάνουσιν
3618 1413 3765 1479 ἄξιοι

2177 1502 2227 1554 οί
2277 1500 2570 1571 ὀνειδισμοί
2625 1518 2750 1573 μου.
2811 1501 3030 1573 Ἐδήλου
3063 1502 3119 1556 δὲ
3166 1502 3297 1575 περὶ
3346 1502 3546 1557 τούτων
3578 1507 3673 1559 καὶ
3702 1507 3765 1559 ἐν

2178 1596 2288 1657 τοῖς
2320 1592 2624 1665 ἔμπροσθεν
2658 1593 2830 1662 λέγων
2849 1611 2863 1624 ο
2899 1611 2917 1644 ι
2959 1596 3069 1648 Καὶ
3090 1595 3140 1648 οί
3172 1595 3464 1668 ὀνειδισμοὶ
3491 1598 3599 1650 τῶν
3620 1599 3765 1652 ὀνει-

2106 1669 2147 1725 Β
2174 1684 2427 1750 διζόντων
2486 1701 2546 1737 σε
2580 1683 2854 1738 ἐπέπεσαν
2898 1684 2983 1738 ἐπ’
3035 1686 3156 1756 ἐμέ.
3190 1705 3208 1737 ι
3253 1686 3405 1739 Ἐπεὶ
3449 1687 3624 1743 τοίνυν
3690 1693 3762 1762 σῇ

2173 1775 2351 1847 κρίσει
2408 1774 2501 1828 καὶ
2533 1772 2610 1845 σῷ
2649 1774 2917 1847 πνεύματι
2940 1776 3064 1840 τοὺς
3092 1777 3425 1848 ὀνειδισμοὺς
3467 1778 3762 1850 ὑπέμεινα,

2173 1866 2268 1920 καὶ
2302 1865 2362 1918 τὸ
2407 1864 2605 1938 μεστὸν
2644 1865 2905 1937 αἰσχύνης
2951 1865 3012 1920 τὸ
3049 1866 3237 1931 πάθος,
3262 1867 3349 1921 διὰ
3381 1867 3537 1923 τοῦτό
3579 1887 3759 1942 φημιο

2179 1979 2198 2011 ι
2234 1959 2306 2013 Σὺ
2334 1957 2621 2029 γινώσκεις
2652 1958 2744 2012 τὸν
2773 1959 3073 2029 όνειδισμόν
3110 1977 3211 2030 μου
3240 1961 3332 2014 καὶ
3366 1962 3463 2033 τὴν
3494 1960 3766 2035 αἰσχύνην

2175 2068 2300 2122 μου,
2337 2052 2431 2103 καὶ
2463 2050 2562 2120 τὴν
2608 2051 2877 2122 ὲντροπήν
2910 2068 3030 2122 μου.
3071 2073 3088 2102 ι
3129 2052 3241 2123 Τὴν
3296 2052 3392 2123 μὲν
3435 2052 3574 2126 ἐμὴν
3609 2051 3767 2121 οἶδας

2173 2141 2434 2213 αἰσχύνην
2470 2143 2569 2195 οὐκ
2611 2138 2776 2197 οὖσαν
2820 2142 3043 2208 άναξίιτν
3077 2144 3173 2216 τῆς
3212 2145 3308 2216 σῆς
3336 2144 3607 2213 γνώσεως.
3648 2149 3765 2201 Καὶ

2171 2236 2268 2307 τὴν
2318 2237 2583 2307 ἐντροπὴν
2634 2253 2759 2308 μου,
2815 2237 2881 2308 ἣν
2937 2236 3226 2308 ὑπέμεινα,
3263 2256 3281 2287 ‹
3321 2236 3414 2290 τὸν
3452 2237 3616 2291 νῶτόν
3655 2256 3765 2309 μου

2171 2329 2295 2393 δοὺς
2329 2331 2409 2394 είς
2445 2330 2716 2400 μάστιγας
2768 2331 2862 2383 καὶ
2906 2329 3007 2394 τὰς
3055 2332 3310 2400 σιαγόνας
3345 2333 3561 2403 μου,εἰς
3597 2333 3766 2404 ῥαπί-

2173 2436 2374 2489 σματα,
2413 2438 2431 2472 ›
2462 2418 2771 2489 γινώσκεις.
2802 2420 3000 2475 οὐκέτι
3031 2420 3088 2473 δὲ
3111 2422 3310 2493 ὁμοίως
3335 2423 3460 2494 ἐμοὶ
3490 2424 3616 2486 τοὺς
3644 2422 3766 2476 θλί-

2172 2512 2365 2577 ϐοντάς
2415 2528 2481 2583 με
2521 2512 2843 2582 γινώσκεις*
2891 2513 2953 2566 οὑ
2995 2513 3105 2586 γάρ
3144 2514 3242 2585 τῆς
3289 2514 3389 2585 σῆς
3427 2514 3765 2586 τυγχάνουσι

2170 2603 2423 2673 γνώσεως
2470 2603 2628 2671 ἄξιοι.
2681 2603 2773 2658 Διὸ
2827 2605 2955 2677 περὶ
2986 2605 3166 2660 αὑτῶν
3210 2623 3386 2677 φημι,
3421 2623 3441 2656 ι
3484 2606 3764 2661 Ἑναντίον

2173 2694 2267 2749 σοῦ
2297 2695 2499 2760 πάντες
2549 2698 2599 2749 οί
2626 2695 2898 2761 θλίϐοντές
2933 2714 3022 2769 με.
3049 2717 3067 2749 ι
3090 2697 3244 2751 Οὕτω
3275 2697 3333 2751 δέ
3355 2697 3492 2751 εἰσιν
3516 2698 3763 2754 ἐναντίον

2172 2789 2286 2854 σοῦ,
2320 2788 2396 2854 ὡς
2422 2788 2490 2844 τά
2529 2788 2746 2843 ἐναντία
2780 2791 2863 2843 σοὶ
2886 2790 3260 2864 προῃρημένοι
3281 2809 3294 2821 ·
3332 2787 3575 2845 θλίϐουσι
3605 2791 3664 2845 δέ
3693 2811 3761 2865 με

2173 2883 2339 2955 μηδὲν
2367 2882 2732 2955 ὠφελούμενοι
2764 2884 2829 2937 ὲκ
2872 2884 2973 2956 τῆς
3001 2884 3139 2956 ἐμῆς
3170 2883 3485 2957 θεραπείας,
3513 2886 3608 2940 καὶ
3650 2883 3761 2941 θλί-

2170 2977 2324 3030 ϐουσι
2348 2974 2436 3030 διὰ
2462 2976 2562 3046 τῆς
2577 2975 2757 3029 αὑτῶν
2780 2975 3071 3040 ἀπωλείας.
3089 2974 3203 3029 Εἶτ’
3228 2976 3474 3046 ἐπιλέγει
3494 2995 3508 3007 ·
3535 2996 3553 3029 ι
3590 2978 3760 3032 Ὀνει-

2170 3067 2359 3139 δισμὸν
2405 3067 2807 3140 προσεδόκησεν
2860 3069 2893 3140 ἡ
2943 3067 3141 3140 καρδία
3196 3085 3297 3140 μου
3345 3070 3442 3123 καὶ
3478 3070 3758 3124 ταλαιπω-

2174 3160 2293 3232 ρίαν
2312 3178 2324 3190 ·
2371 3179 2389 3211 ι
2419 3159 2448 3213 ὃ
2477 3159 2541 3229 δὴ
2568 3159 2898 3232 σαφέστερον
2925 3161 3270 3232 ήρμήνευσεν
3297 3163 3325 3214 ὁ
3359 3161 3658 3234 Σύμμαχος
3674 3165 3755 3216 εἰ-

2170 3250 2321 3305 πών·
2363 3269 2382 3302 ι
2433 3250 2759 3322 Ὀνειδισμδς
2786 3250 3014 3316 κατέαξε
3043 3251 3142 3323 τὴν
3202 3252 3425 3324 καρδίαν
3474 3270 3598 3325 μου,
3655 3252 3751 3307 καὶ

484 3343 739 3418 ἠνιώμην
768 3364 785 3378 ο
843 3367 862 3398 ι
898 3350 927 3401 ό
987 3348 1045 3402 δὲ
1119 3349 1369 3416 Ἀκύλας,
1419 3368 1438 3401 ι
1493 3349 1842 3421 Ὀνειδισμδς,
1902 3351 2056 3423 φησὶ,
2087 3345 2371 3418 συνέτριψε
2400 3345 2498 3417 τὴν
2520 3339 2743 3417 καρδίαν
2780 3362 2902 3416 μου,
2927 3345 3020 3397 καὶ
3052 3344 3422 3419 άπεγνώσθην.
3465 3363 3485 3396 ι

498 3462 501 3467 ·
565 3439 734 3498 Vitas.
770 3442 976 3499 22-25.
1013 3461 1032 3496 ι
1072 3442 1138 3499 Et
1182 3445 1421 3502 sustinui
1446 3445 1539 3516 qui
1569 3446 1734 3501 simul
1769 3446 2068 3501 contrista»

482 3539 665 3599 retur,
691 3544 744 3590 et
768 3549 876 3590 non
901 3534 1034 3603 fuit;
1051 3543 1102 3592 et
1119 3536 1212 3607 qui
1236 3536 1638 3599 consolaretur,
1659 3545 1711 3592 et
1726 3551 1832 3591 non
1865 3536 2067 3592 inveni.

483 3622 563 3677 .Et
601 3624 873 3680 dederunt
896 3625 949 3680 in
989 3642 1173 3682 escam
1205 3642 1380 3683 meam
1410 3625 1501 3690 fel,
1535 3638 1590 3682 et
1616 3628 1670 3682 in
1701 3627 1791 3683 siti
1824 3641 1943 3682 mea
1969 3641 2069 3696 po-

488 3726 749 3773 taverunt
789 3734 877 3774 me
920 3726 1097 3775 aceto.
1139 3739 1157 3773 ι
1183 3718 1496 3777 Secundum
1544 3720 1930 3792 Symmachum
1966 3735 2065 3773 au-

483 3818 604 3863 tem
636 3830 650 3865 :
685 3829 704 3862 ι
737 3810 804 3865 Ει
823 3812 1211 3881 exspectabam
1262 3814 1355 3883 qui
1401 3813 1565 3869 simul
1616 3813 2061 3877 contristaretur,

488 3909 549 3955 et
577 3916 687 3956 non
715 3900 848 3968 fuit;
887 3911 941 3958 et
971 3908 1371 3968 consolantem,
1403 3912 1456 3960 et
1487 3920 1594 3960 non
1630 3904 1835 3960 inveni.
1870 3903 1935 3957 Et
1979 3904 2063 3957 in-

489 3989 751 4060 jiciebant
782 3992 839 4046 in
860 3992 1044 4047 cibum
1071 4008 1248 4047 meum
1282 3993 1374 4057 fel,
1406 4002 1462 4049 et
1488 3995 1543 4049 in
1573 3995 1661 4050 siti
1692 4009 1811 4049 mea
1842 4002 2066 4064 potave-

483 4087 624 4134 a'unt
653 4090 944 4137 meaeeto.
982 4103 1002 4136 ι
1034 4083 1343 4155 Discipulos
1362 4085 1744 4157 ejustempore
1765 4088 2061 4158 passionis,

490 4174 614 4244 ipso
635 4173 918 4238 derelicto,
943 4175 1220 4248 effugisse,
1244 4188 1627 4249 nequetamen
1650 4178 1840 4235 dolore
1863 4195 2066 4235 vacuos

490 4264 683 4335 fuisse,
707 4267 866 4326 docet
895 4271 1266 4343 Evangelinm.
1296 4272 1433 4328 Cum
1454 4272 1598 4327 enim
1628 4272 1824 4330 Petrus
1850 4273 2065 4331 ﬂevisse

2251 3461 2268 3490 ι
2314 3440 2423 3493 Καὶ
2456 3440 2722 3511 ὑπέμεινα
2762 3437 3030 3491 συλλυπού
3039 3456 3220 3510 μενον,
3247 3439 3339 3494 καὶ
3361 3439 3454 3509 οὐχ
3477 3437 3735 3509 ὑπῆρξεν,

2176 3533 2271 3586 καὶ
2315 3530 2755 3603 παρακαλοῦντα,
2783 3531 2878 3584 καὶ
2924 3530 3024 3600 οὐχ
3073 3521 3251 3602 εὗρον.
3282 3532 3392 3584 Καὶ
3429 3530 3630 3585 ἔδωκαν
3660 3533 3742 3596 είς

2173 3627 2234 3680 τὸ
2260 3626 2455 3697 βρῶμά
2482 3642 2582 3697 μου
2609 3624 2790 3697 χολὴν,
2825 3626 2919 3678 κα)⁸
2940 3628 3020 3691 είς
3048 3627 3148 3699 τὴν
3173 3626 3328 3699 δίψαν
3362 3645 3463 3699 μου
3493 3628 3747 3683 ὲπότισάν

2175 3734 2242 3789 με
2275 3715 2415 3782 ὅξος.
2460 3736 2479 3770 ι
2529 3715 2686 3770 Κατὰ
2717 3716 2773 3769 δὲ
2804 3716 2895 3770 τὸν
2927 3716 3218 3787 Σύμμαχον
3240 3732 3252 3746 ⁸
3295 3735 3313 3767 ι
3345 3718 3456 3772 Kal.
3492 3717 3752 3790 ἀνέμενον

2172 3809 2439 3863 συλλυπού
2448 3824 2629 3880 μενον,
2661 3808 2755 3862 καὶ
2782 3808 3144 3880 οὑχ.ὑπῆρξε,
3182 3809 3277 3864 καὶ
3308 3811 3752 3883 παρηγοροῦντα,

2171 3899 2265 3952 καὶ
2308 3898 2406 3969 οὑχ
2452 3898 2704 3971 εὕρισκον
2730 3914 2743 3928 ·
2775 3900 2885 3953 Kal.
2933 3900 3217 3953 ἐνέϐαλλον
3273 3904 3354 3966 εἰς
3404 3901 3503 3973 τὴν
3543 3908 3754 3975 τροφήν

2144 3982 2149 3987 ⁷
2176 4007 2276 4059 μου
2329 3990 2512 4061 χολὴν,
2553 3991 2646 4045 καὶ
2678 3993 2735 4045 ἐν
2762 3994 2829 4063 τῇ
2863 3991 3003 4062 δίψει
3046 4010 3147 4064 μου
3179 3992 3436 4048 ὲπότισάν
3462 4012 3529 4065 με
3555 3995 3750 4061 ὅξοςνι

2175 4083 2297 4136 Ὅτι
2327 4083 2426 4154 μὲν
2441 4085 2490 4137 οἱ
2509 4084 2749 4156 μαθηταὶ
2775 4083 2962 4148 αὑτοῦ,
2988 4084 3377 4150 καταλιπόντες
3405 4087 3591 4151 αὐτὸν,
3624 4088 3758 4158 ἔφυ-

2172 4194 2267 4246 γον
2300 4178 2441 4232 κατὰ
2478 4178 2571 4233 τὸν
2599 4178 2694 4233 τοῦ
2739 4179 2943 4243 πάθους
2975 4180 3183 4252 καιρὸν,
3212 4180 3363 4253 ὅμως
3391 4181 3436 4235 δ’
3465 4182 3625 4246 ἐκτὸς
3662 4183 3757 4236 λύ-

2173 4285 2281 4339 πης
2311 4270 2410 4323 ούκ
2439 4264 2601 4340 ἦσαν,
2624 4269 2864 4324 διδάσκει
2889 4271 2950 4324 τὸ
2974 4271 3322 4342 Εὑαγγέλιον.
3349 4273 3475 4327 Ὅτε
3504 4273 3615 4346 γὰρ
3648 4275 3757 4328 Πέ-

489 4374 677 4416 amare
729 4361 1038 4431 scribatur;
1077 4378 1143 4419 ac
1189 4366 1386 4436 reliqui
1428 4367 1744 4437 congregati
1800 4367 1857 4421 in
1901 4367 2063 4423 domo

2170 4376 2291 4431 τρος
2331 4360 2746 4432 ἀναγέγραπται
2790 4360 3276 4433 άποκλαυσάμενος
3327 4363 3563 4434 πικρῶς,
3592 4364 3649 4416 οῖ
3692 4382 3753 4417 τε

491 4466 598 4506 una
640 4451 868 4509 latuisse
915 4463 1138 4525 propter
1170 4466 1373 4512 metum
1407 4457 1724 4513 Iudaeorum
1778 4458 2063 4527 ferantur;

490 4555 835 4613 nequaquam
855 4543 1045 4601 dolore
1061 4548 1219 4601 vacui
1243 4558 1421 4603 erant.
1456 4548 1582 4605 Haec
1606 4551 1774 4622 igitur
1802 4551 2065 4607 dechoro

489 4633 864 4700 apostolorum
892 4635 1039 4690 dicta
1076 4636 1243 4694 fuisse
1266 4648 1466 4710 putare
1496 4650 1924 4698 consentaneum
1954 4659 2064 4699 non

489 4729 605 4791 est;
639 4724 732 4779 sed
773 4725 841 4782 de
877 4729 1256 4786 cruciantibus
1296 4731 1448 4786 illum
1479 4734 1546 4788 de
1567 4734 1770 4804 quibus
1803 4734 2009 4790 dictum
2046 4755 2061 4793 :

493 4828 516 4861 ι
552 4809 755 4866 Contra
808 4821 864 4869 te
909 4823 1040 4871 sunt
1071 4832 1263 4875 omnes
1305 4822 1398 4890 qui
1433 4823 1717 4878 .tribulant
1759 4840 1917 4879 mea
1956 4823 2065 4895 Ego

488 4903 690 4974 quippe
715 4907 898 4962 omnia
942 4925 1042 4979 pro
1070 4910 1289 4967 illorum
1318 4915 1497 4970 salute
1525 4918 1776 4985 agebam,
1810 4919 2064 4987 operiens

489 4992 549 5047 in
578 4994 790 5064 jejunio
821 4998 1056 5055 animam
1094 5017 1292 5069 meam,
1330 5020 1493 5061 sacco
1547 5015 1707 5062 utens
1760 5007 2061 5062 indumenti

489 5083 613 5140 loco
643 5106 658 5153 ;
699 5088 775 5142 illi
797 5105 928 5144 vero
960 5092 1027 5148 iis
1047 5096 1323 5150 contraria
1349 5100 1757 5168 perpetrabant,
1785 5098 1947 5153 modo
1971 5114 2066 5153 ex-

489 5180 814 5247 probrantes
862 5185 1323 5260 traducentesque
1361 5190 1571 5259 jejunia
1622 5206 1765 5254 mea,
1822 5206 1947 5245 mox
2010 5191 2065 5247 in

486 5274 980 5342 compotationibus
1007 5280 1124 5335 suis
1152 5288 1344 5335 contra
1378 5298 1463 5337 me
1499 5283 1816 5353 psallentes,
1853 5299 1917 5339 ac
1946 5299 2066 5339 om-

485 5364 578 5417 nia
626 5365 807 5437 potius
839 5378 1082 5439 agentes,
1118 5386 1282 5439 quam
1313 5380 1374 5426 ut
1406 5388 1623 5428 mecum
1662 5374 2065 5430 contristaren-

487 5461 599 5510 tur.
629 5456 748 5527 Ego
777 5475 919 5515 vero-
947 5476 1046 5530 pro
1096 5463 1204 5518 illis
1234 5463 1424 5519 dolore
1461 5466 1779 5533 alliciebar;
1811 5467 1885 5521 illi
1934 5480 2066 5521 vero

489 5558 599 5597 non
630 5560 737 5600 una
769 5563 983 5603 mecum
1014 5549 1270 5606 dolebant
1294 5560 1348 5609 et
1373 5554 1714 5624 angebantur
1745 5574 1758 5610 :
1786 5571 1888 5610 nec
1915 5554 2068 5624 quis-

486 5635 637 5704 piam
672 5635 815 5693 inter
839 5637 962 5694 illos
991 5637 1094 5694 fuit
1126 5642 1217 5713 qui
1247 5657 1334 5699 me
1367 5643 1765 5701 consolaretur.
1798 5642 1907 5701 Sed
1930 5645 2064 5701 nihil

2166 4451 2343 4506 λοιποὶ
2371 4452 2701 4523 συνηγμένοι
2731 4452 2825 4507 καὶ
2860 4455 2951 4523 ὑφ’
2987 4454 3084 4507 ἕνα
3139 4454 3577 4526 κρυπταζόμενοι
3603 4451 3755 4509 οἷκον

2164 4542 2252 4597 διὰ
2274 4543 2365 4597 τὸν
2387 4542 2550 4613 φόϐον
2572 4543 2681 4597 τῶν
2719 4544 3005 4610 Ἰουδαίων,
3024 4547 3124 4600 οὑκ
3149 4546 3253 4613 ἔξω
3284 4546 3458 4618 λύπης
3478 4546 3749 4617 ὑπῆρχον.

2156 4637 2281 4691 Οὐκ
2310 4636 2376 4690 ἂν
2397 4632 2489 4690 οὖν
2510 4637 2773 4709 ἁρμόσειε
2805 4638 2980 4693 ταῦτα
3012 4642 3139 4713 περὶ
3164 4640 3256 4693 τοῦ
3291 4639 3452 4712 χοροῦ
3478 4640 3589 4693 τῶν
3610 4644 3753 4694 ἁπο-

2168 4728 2370 4784 στόλων
2418 4728 2690 4799 λέγεσθαι,
2728 4730 2861 4784 ἀλλὰ
2909 4733 3039 4804 περὶ
3080 4732 3189 4786 τῶν
3243 4732 3531 4786 θλιϐόντων
3562 4733 3750 4794 αὑτὸν,

2167 4814 2397 4893 περὶ-ὦν
2443 4820 2656 4891 ἔλεγεν⁵
2696 4841 2715 4873 ι
2739 4822 3006 4878 Ἐναντίον
3046 4824 3139 4878 σοῦ
3175 4826 3373 4889 πάντες
3392 4826 3440 4878 οί
3477 4824 3753 4886 θλίϐοντὲς

2170 4930 2257 4984 με.
2288 4934 2307 4966 ι
2353 4912 2493 4983 Ἐγὼ
2530 4914 2629 4986 μὲν
2662 4915 2772 4987 γάρ
2822 4918 3001 4972 πάντα
3046 4919 3185 4991 ὑπὲρ
3212 4920 3311 4989 τῆς
3350 4918 3531 4972 αὑτῶν
3575 4935 3755 4986 σωτη-

2171 5005 2289 5077 ρίας
2324 5007 2559 5071 ἐποίουν,
2616 5007 2906 5063 καλύπτων
2930 5011 2988 5064 ὲν
3018 5011 3242 5082 νηστείᾳ
3274 5011 3374 5082 τὴν
3405 5010 3585 5082 ψυχήν
3623 5027 3752 5081 μου,

2168 5096 2357 5166 σάκκῳ
2389 5113 2449 5149 τε
2487 5096 2742 5168 ὲνδύματι
2776 5097 3056 5169 χρώμενος
3075 5117 3088 5130 ·
3113 5101 3163 5152 οἱ
3195 5099 3251 5154 δὲ
3279 5099 3349 5153 τὰ
3380 5100 3594 5154 ἐναντία
3624 5098 3752 5153 τούς·
3782 5101 3787 5109 ’

2165 5205 2278 5252 τοις
2299 5187 2587 5260 ἔπραττον,
2621 5191 2744 5244 τοτὲ
2775 5191 2875 5261 μὲν
2913 5192 3260 5257 ὀνειδίζοντες
3287 5193 3381 5245 καὶ
3402 5191 3756 5263 διασύροντες

2163 5279 2265 5342 τὰς
2308 5278 2446 5351 ἐμάς
2470 5264 2739 5351 νηστείας,
2768 5282 2886 5335 τοτὲ
2911 5282 2968 5335 δὲ
3000 5284 3057 5337 ὲν
3086 5285 3208 5347 ταῖς
3228 5282 3536 5355 παροινίαις
3565 5282 3757 5337 αὐτῶν

2167 5370 2285 5422 κατ’
2323 5369 2458 5440 ἐμοῦ
2489 5369 2802 5440 ψάλλοντες,
2826 5373 2922 5426 καὶ
2948 5373 3125 5427 πάντα
3149 5372 3354 5444 μᾶλλον
3382 5374 3415 5445 ἦ
3449 5373 3766 5429 συλλυπού-

2170 5481 2338 5536 μενοι.
2372 5462 2545 5534 Κάγὼ
2578 5466 2679 5536 μὲν
2716 5466 2858 5538 ὑπὲρ
2889 5466 3068 5520 αὐτῶν
3105 5468 3286 5537 ἀλγῶν
3319 5467 3670 5539 ἑλυπούμηνυ
3700 5470 3761 5522 οἱ

2164 5556 2220 5609 δὲ
2253 5556 2314 5610 οὐ
2345 5556 2641 5628 συνήλγουν
2675 5574 2783 5629 μοι,
2807 5558 2926 5611 οὐδε
2956 5558 3294 5630 συνέπασχον
3313 5577 3326 5591 ·
3353 5558 3467 5613 ἀλλ’
3494 5560 3617 5613 οὑδὲ
3639 5574 3762 5613 πα-

2172 5648 2434 5722 ράκλητός
2470 5666 2553 5715 τις
2598 5648 2777 5708 αὑτῶν
2821 5651 2901 5717 είς
2933 5651 3073 5726 ἐμὴν
3117 5651 3467 5725 παραμυθίαν
3496 5652 3759 5725 εὓρηται.
