4014 6206
358 271 476 328 τις)

1497 261 2000 322 (ῘΟΠΜΕΝΤᾹΒΙΑ
2030 263 2104 320 ΙΝ
2142 260 2484 319 PSALMOS.

3509 256 3624 319 730

365 388 448 442 Πά
469 402 552 440 ποτα
570 384 629 440 δὲ
650 384 720 440 τὰ
736 387 868 439 κατ’
895 384 1030 457 ἐμοῦ
1062 384 1456 457 ἐγχειροῦντες,
1487 384 1567 448 είς
1600 384 1699 456 μὲν
1721 383 1783 437 τὺ
1806 382 1940 457 βρῶ-

2049 386 2241 435 contra
2268 393 2354 433 me
2383 391 2491 431 non
2518 374 2917 447 aggretlientes,
2948 375 3002 432 in
3019 391 3209 434 escam
3236 391 3412 432 meam
3436 377 3512 434 l‘el
3540 378 3627 434 itt-

364 480 446 551 μά
499 495 601 550 μου
654 476 815 549 χολὴν
857 476 1100 540 ἔϐαλλον,
1149 478 1323 531 καίτοι
1372 477 1578 549 τροφὰς
1602 479 1785 541 αὐτοῖς
1814 476 1948 549 ἐμοῦ

370 571 627 633 πλουσίας
660 570 1065 640 παρεχομένου·
1098 568 1320 637 διψῶντι
1348 568 1406 622 δέ
1429 587 1519 641 μοι
1548 569 1669 634 ὅξος
1702 569 1823 623 ἀντὶ
1850 587 1948 622 πο·-

368 663 460 718 τοῦ
522 662 882 735 προσέφερον.
929 660 1193 734 Τοιαύτην
1251 662 1309 715 δέ
1373 678 1462 733 μοι
1511 662 1741 735 ἐκίρνων
1787 662 1949 735 χολὴν

361 756 552 810 ὁποίαν
598 754 786 827 ἐδήλου
839 756 867 806 ὁ
913 754 1249 826 προφητικδς
1300 754 1458 824 λόγος
1507 754 1709 809 είπώνο
1754 775 1773 807 ι
1823 756 1949 820 Πῶς

361 846 643 919 ἑστράφης
668 847 747 910 εἰς
779 845 1021 915 πικρίαν,
1049 847 1081 915 ἠ
1109 843 1351 914 ἄμπελος
1381 846 1414 915 ὴ
1449 844 1738 915 ἀλλοτρίας
1765 864 1784 896 ι
1806 844 1950 915 Νοή-

362 954 479 999 σεις
512 937 571 990 δὲ
603 938 751 1002 ὅπως
787 936 1042 1008 τρέφεται
1070 938 1099 989 ὁ
1132 935 1323 1007 Σωτὴρ
1348 934 1504 1006 ἡμῶν
1540 934 1826 989 ἐπακούων
1853 936 1949 989 αὑ-

363 1028 457 1082 τοῦ
486 1028 770 1097 λέγοντοςσ
798 1046 817 1079 ι
863 1027 1141 1089 Ἐπείνων,
1184 1028 1277 1080 καὶ
1311 1025 1549 1080 ἐδώκατὲ
1584 1044 1672 1097 pm
1715 1029 1907 1095 φαγεῖν
1929 1041 1945 1056 ’

358 1123 585 1192 ἐδίψων,
638 1121 732 1175 καὶ
782 1121 1067 1175 ἐποτίσατέ
1131 1138 1199 1192 με
1261 1140 1277 1171 ι
1318 1122 1380 1173 Εἰ
1409 1120 1465 1173 δὲ
1501 1122 1625 1174 ἀντὶ
1665 1121 1947 1193 τροφίμων

357 1213 594 1285 καρπῶν
623 1211 733 1266 τῶν
753 1212 841 1266 διὰ
866 1212 1122 1276 εὐσεϐοῦς
1156 1211 1273 1281 βίου
1304 1210 1509 1281 πικράς
1532 1228 1617 1275 τις
1649 1212 1945 1284 προσφέροι

354 1306 480 1360 κατ’
505 1305 669 1359 αὐτοῦ
700 1305 1065 1376 βλασφημίας,
1100 1307 1165 1375 τῇ
1182 1322 1241 1359 τε
1269 1304 1584 1377 διδασκαλίᾳ
1609 1304 1773 1359 αὐτοῦ
1807 1323 1949 1377 παρ-

354 1395 629 1468 εμπλέκοι
684 1395 818 1449 ἄθεα
875 1394 970 1449 καὶ
1017 1394 1187 1465 ψευδῆ
1237 1394 1504 1465 δόγματα,
1560 1388 1716 1458 οὗτος
1763 1397 1844 1459 είς
1886 1395 1948 1448 τὸ

357 1488 558 1560 βρῶμα
592 1488 754 1542 αὐτοῦ
804 1487 964 1559 χολὴν
1000 1486 1279 1558 ἐμϐάλλει,
1312 1487 1404 1540 καὶ
1431 1487 1653 1557 διψῶντι
1680 1484 1820 1543 οἶνον
1850 1490 1944 1541 ὲκ-

353 1580 590 1650 τροπίαν
624 1580 715 1633 τὸν
755 1581 819 1633 ἐκ
854 1579 954 1650 τῆς
1000 1578 1215 1642 εὐθείας
1258 1579 1379 1634 ὁδοῦ
1419 1581 1947 1652 παρατετραμμένον

348 1670 596 1725 δίδωσιν.
620 1670 853 1725 Τοιαῦτα
873 1670 929 1725 δὲ
952 1670 1207 1735 ἐθέσπιζε
1239 1689 1304 1725 πε
1315 1673 1367 1746 pi.
1393 1672 1487 1725 τοῦ
1521 1672 1788 1726 Ἰουδαίων
1812 1672 1943 1727 λαοῦ

353 1763 598 1832 Μωῦσῆς
631 1765 689 1816 ὲν
718 1762 928 1838 μεγάλῃ
966 1763 1076 1835 ᾠδῇ
1119 1764 1473 1845 προφητικῶς
1507 1765 1807 1835 ἀναφωνῶν
1849 1766 1943 1821 καὶ

354 1854 529 1923 λέγων
548 1872 562 1883 ο
608 1872 630 1904 ι
681 1856 773 1908 Ἐκ
806 1856 914 1928 γὰρ
948 1857 1194 1928 ἀμπέλου
1226 1858 1475 1928 Σοδόμων
1503 1860 1536 1930 ἡ
1566 1858 1811 1930 ἄμπελος
1839 1861 1941 1913 αὑ-

358 1945 492 2008 τῶν,
525 1946 616 1999 καὶ
642 1948 677 2018 ἡ
711 1946 980 2019 κληματὶς
1003 1949 1180 2004 αὐτῶν
1207 1950 1272 2003 ἐκ
1302 1950 1662 2022 Γομόρραςσή
1700 1950 1941 2023 σταφυλὴ

360 2038 539 2092 αὐτῶν
565 2041 810 2113 σταφυλὴ
839 2041 1019 2114 χολῆς,
1047 2041 1243 2114 βότρυς
1276 2043 1503 2115 πικρίας
1528 2042 1728 2097 αὐτῶν.
1762 2064 1781 2096 ι
1816 2045 1942 2098 Ἐν-

359 2131 454 2186 θεν
499 2133 722 2197 είκότως
763 2138 877 2199 τοῖς
910 2135 1098 2199 αὐτοῖς
1133 2137 1227 2190 καὶ
1258 2136 1345 2190 διὰ
1385 2137 1604 2190 Ἡσαΐου
1650 2137 1940 2209 καταμέμ-

358 2241 520 2293 φεται
547 2226 609 2279 τὸ
638 2226 863 2297 Πνεῦμα
891 2226 1048 2296 λέγον
1068 2244 1081 2257 ⁸
1108 2227 1370 2299 «Ἔμεινα
1394 2228 1479 2280 ἵνα
1503 2227 1703 2300 ποιήσῃ
1732 2244 1939 2299 σταφυ-

353 2315 478 2388 λὴν,
508 2317 731 2388 ἐποίησε
763 2315 821 2370 δὲ
854 2316 1095 2380 ἀκάνθας
1119 2335 1131 2347 '
1168 2337 1187 2367 ι
1225 2317 1334 2370 Καὶ
1364 2315 1523 2370 πάλιν
1544 2317 1834 2387 ἰἜμεινα
1854 2317 1941 2370 ἵνα

352 2408 558 2479 ποιήσῃ
588 2408 792 2480 κρίσιν,
820 2409 1044 2481 ἐποίησε
1073 2408 1131 2462 δὲ
1162 2408 1410 2480 ἀνομίαν,
1436 2409 1533 2462 καὶ
1559 2409 1619 2462 οὐ
1664 2408 1941 2463 δικαιοσύ-

350 2516 477 2571 νην,
529 2499 666 2554 ἀλλά
715 2502 982 2574 κραυγήν.
1026 2522 1047 2555 ι
1087 2502 1308 2574 Ἔργοις
1352 2502 1641 2576 τοιγαροῦν
1673 2504 1765 2557 καὶ
1799 2502 1940 2577 πρά-

352 2590 497 2657 ξεσι,
525 2593 709 2665 πικρῷ
739 2611 798 2647 τε
822 2593 972 2666 λόγῳ
1000 2596 1094 2649 καὶ
1122 2594 1223 2667 βίῳ
1253 2595 1457 2649 ἔδωκαν
1508 2599 1589 2661 είς
1635 2597 1697 2652 τὸ
1740 2597 1939 2669 βρῶμα

350 2684 452 2739 τοῦ
494 2686 748 2758 Σωτῆρος
778 2686 960 2758 χολὴν,
998 2687 1093 2741 καὶ
1125 2690 1203 2750 είς
1233 2688 1333 2759 τὴν
1362 2687 1520 2758 δίψαν
1551 2688 1715 2742 αὐτοῦ
1756 2688 1939 2742 ἐπότι-

353 2796 457 2834 σαν
490 2779 652 2833 αὑτὸν
688 2779 826 2844 ὅξος.
879 2782 1031 2834 Ἐπεὶ
1058 2782 1117 2836 δὲ
1149 2781 1254 2836 ἔδει
1280 2783 1374 2836 καὶ
1402 2782 1543 2835 κατὰ
1563 2782 1660 2855 τὴν
1696 2783 1937 2854 ἱστορίαν

348 2871 448 2924 τὸν
478 2872 577 2942 τῆς
607 2873 939 2942 προφητείας
970 2873 1428 2946 ἀποπληρωθῆναι
1465 2874 1642 2943 λόγον,
1670 2874 1810 2929 κατά
1846 2874 1938 2927 τὸν

350 2964 551 3037 καιρὸν
583 2963 675 3016 τοῦ
713 2963 916 3028 πάθους
942 2965 1104 3019 αὐτοῦ
1148 2968 1350 3038 ἱστορεί
1372 2968 1400 3020 ό
1425 2965 1816 3037 εὐαγγελιστὴς
1847 2966 1935 3021 λέ-

348 3071 499 3125 γωνο
531 3075 549 3106 ι
590 3054 744 3109 Μετά
772 3055 927 3110 τοῦτο
954 3056 1107 3121 εἰδὼς
1136 3060 1164 3111 ὁ
1210 3058 1435 3128 Ἰησοῦς,
1469 3058 1551 3111 ὅτι
1585 3057 1761 3111 πάντα
1790 3058 1938 3111 τετέ-

348 3148 543 3203 λεσται
563 3149 688 3221 ῆδη,
724 3149 810 3203 ἵνα
838 3150 1096 3223 πληρωθῇ
1131 3154 1163 3221 ή
1200 3152 1412 3225 Γραφὴ,
1439 3151 1608 3221 λέγει·
1635 3151 1807 3221 Διψῶ.
1833 3154 1938 3205 Λε-

351 3241 496 3313 κὰνη
529 3240 705 3294 ἔκειτο
737 3241 890 3309 ὄξους
922 3243 1115 3314 μεστή.
1150 3244 1398 3312 Σπόγγον
1428 3239 1522 3316 οῦν
1546 3243 1748 3315 μεστὸν
1781 3234 1951 3313 ποινή-ἔ

352 3351 549 3397 σαντες
590 3334 744 3401 ὄξους
794 3334 933 3406 μετὰ
973 3335 1134 3407 χολῆς
1184 3335 1278 3389 καὶ
1335 3332 1573 3406 ὑσσώπῳ
1624 3333 1939 3406 περιθέντες

351 3416 737 3508 προσήνεγκαν
786 3426 950 3480 αὑτοῦ
996 3426 1072 3498 τῷ
1115 3427 1376 3497 στόματι.
1407 3428 1536 3479 Ὅτε
1564 3421 1657 3479 οὖν
1697 3425 1883 3478 ἔλαϐεν
1911 3427 1940 3479 ὁ

364 3518 597 3589 Ἰησοῦς.
622 3520 682 3573 τὸ
731 3519 849 3584 ὅξος
891 3520 1028 3590 μετά
1054 3520 1152 3591 τῆς
1195 3518 1378 3591 χολῆς,
1422 3515 1575 3572 εἷπε·
1612 3517 1935 3571 Τετέλεσται

350 3611 451 3663 καὶ
491 3610 632 3682 αῦτη
660 3613 694 3682 ἡ
726 3611 938 3682 Γραφή.
969 3612 1079 3664 Καὶ
1115 3612 1304 3675 κλίνας
1332 3611 1429 3682 τὴν
1465 3610 1727 3682 κεφαλὴν,
1760 3611 1938 3682 ἀφῆκε

349 3700 414 3755 τὸ
447 3699 685 3771 πνεῦμα.
725 3718 743 3750 ι
781 3699 890 3753 Καὶ
921 3700 1106 3772 ἐπειδὴ
1139 3700 1325 3765 κλίνας
1366 3701 1461 3773 τὴν
1502 3700 1741 3773 κεφαλὴν
1770 3701 1939 3773 παρὲ-

348 3790 496 3845 δωκε
515 3790 575 3845 τὸ
594 3791 814 3862 πνεῦμα
849 3790 987 3862 μετά
1015 3792 1115 3863 τὴν
1144 3792 1538 3866 συμπλήρωσιν
1567 3794 1667 3864 τῆς
1691 3791 1935 3865 Γραφῆςν

349 3884 580 3948 είκότως
624 3884 718 3938 καὶ
759 3884 817 3935 ὲν
858 3881 935 3953 τῷ
986 3882 1183 3956 ψαλμῷ
1214 3885 1377 3956 μέχρι
1424 3884 1613 3939 τούτου
1643 3884 1713 3939 τὰ
1743 3883 1938 3940 ἑαυτοῦ

350 3975 688 4047 περιγράφει
728 3976 896 4049 πάθη.
934 3973 1045 4031 Εἶτ’
1082 3976 1330 4031 ἐντεῦθεν
1364 3980 1521 4032 ὁποῖα
1556 3976 1938 4049 μετελεύσεται

350 4070 553 4135 αὐτοὺς
587 4070 851 4137 θεσπίζειο
890 4091 909 4123 ι
948 4071 1290 4145 Γενηθήτωὴ
1321 4072 1570 4143 τράπεζα
1601 4072 1782 4126 αὐτῶν
1804 4074 1939 4127 ἐνώ-

350 4180 480 4219 πιον
522 4164 700 4218 αὐτῶν
734 4166 812 4229 είς
844 4165 1069 4235 παγίδα,
1113 4166 1206 4219 καὶ
1245 4168 1325 4229 είς
1351 4166 1704 4220 ἀνταπόδοσιν
1744 4167 1836 4221 καὶ
1861 4170 1940 4232 εἰς

352 4254 670 4312 σκάνδαλον.
711 4275 730 4309 ι
779 4257 988 4328 Ὥσπερ
1014 4257 1156 4311 κατά
1192 4274 1312 4310 τινα
1368 4257 1677 4328 συνήθειαν,
1712 4256 1779 4310 τὰ
1814 4258 1941 4328 μέλ-

350 4345 512 4400 λοντα
539 4346 614 4410 ὡς
643 4349 1009 4420 παρῳχηκότα
1045 4348 1416 4419 προφέρεσθαι
1450 4348 1639 4403 εἴωθεν
1668 4348 1936 4420 ήΓραφήο

2049 470 2322 540 jecerunt,
2344 467 2560 523 etiamsi
2581 481 2680 536 ego
2703 468 2880 524 lautos
2905 469 3011 521 illis
3031 471 3184 525 cibos
3212 475 3626 540 apposuissem:

2050 563 2257 619 sitienti
2289 577 2419 616 vero
2453 560 2583 615 mihi
2620 570 2834 615 acetum
2874 576 2971 630 pro
2996 571 3131 630 potu
3162 562 3482 617 oﬂ'erebant.
3516 562 3630 618 Hu-

2047 656 2436 726 jusmodivero
2466 655 2597 708 mihi
2620 652 2690 709 fel
2708 654 3031 716 miscebant,
3059 656 3219 724 quale
3241 656 3485 711 declarat
3507 646 3667 728 prof

2052 749 2303 819 pheticus
2328 763 2512 803 sermo
2543 748 2733 803 dicens
2753 767 2774 802 ε
2813 768 2831 800 ι
2868 748 3158 815 Quomodo
3186 763 3452 804 conversa
3484 765 3546 805 es
3571 732 3675 811 ini:

2051 840 2495 904 amaritudinem,
2527 840 2655 894 vitis
2703 840 2880 895 aliena
2914 840 3030 893 ’3'?
3059 859 3077 891 ι
3133 840 3419 906 Quomodo
3443 851 3629 899 autem

2048 932 2229 985 alatur
2254 929 2520 987 Servatur
2566 940 2771 995 uoster,
2812 931 3086 1003 intelliges
3117 932 3164 987 si
3204 935 3381 1002 ipsum
3431 934 3627 989 audias

2050 1023 2322 1078 dicentem
2354 1043 2366 1078 :
2399 1044 2418 1075 ι
2452 1023 2689 1088 Esurivi,
2726 1035 2779 1079 et
2809 1024 3040 1080 dedistis
3079 1025 3209 1078 milii
3253 1024 3626 1091 manducare;

2050 1116 2220 1182 sitivi,
2245 1126 2299 1172 et
2326 1117 2556 1172 dedistis
2588 1117 2721 1170 milii
2754 1116 2941 1171 bibere
2967 1117 3032 1168 ⁸³.
3066 1137 3090 1168 ι
3113 1115 3269 1182 Quod
3301 1116 3346 1170 si
3376 1131 3476 1186 pro
3507 1116 3631 1169 frit--

2048 1213 2231 1268 ctihus
2282 1213 2350 1267 ad
2409 1213 2663 1267 alendum
2713 1211 3073 1281 opportunis,
3134 1226 3229 1280 per
3276 1211 3419 1281 piam
3460 1211 3627 1264 vitam

2047 1306 2325 1374 praebitis,
2367 1307 2592 1360 acerbas
2635 1311 2829 1359 contra
2871 1305 3047 1375 ipsum
3097 1303 3463 1372 lilaspltetnias
3503 1303 3628 1372 quis

2048 1396 2309 1465 proferat,
2343 1405 2397 1451 et
2435 1396 2700 1451 doctrina:
2745 1395 2867 1465 ejus
2905 1395 3062 1449 atbea
3093 1404 3144 1448 et
3200 1394 3335 1450 falsa
3372 1393 3628 1464 dogmata

2048 1488 2370 1551 admisceat,
2421 1488 2470 1542 is
2503 1488 2567 1541 ad
2602 1503 2785 1543 escam
2831 1488 2950 1557 «:jus
2993 1488 3061 1542 fel
3101 1488 3300 1555 injicit,
3331 1494 3386 1541 et
3420 1489 3627 1543 sitienti

2047 1583 2258 1640 vinum.
2288 1596 2516 1650 vappam
2549 1596 2579 1634 a
2611 1589 2757 1634 recta
2782 1581 2866 1633 via
2891 1579 3264 1635 deﬂectentem
3291 1579 3468 1636 offert.
3493 1580 3627 1637 Hinc

2047 1682 2227 1729 autem
2263 1673 2330 1727 de
2358 1671 2584 1727 Judaico
2620 1673 2819 1743 popqu
2852 1672 3063 1743 Moyses
3091 1674 3145 1725 in
3179 1687 3375 1741 magno
3402 1674 3625 1727 cantico

2048 1765 2366 1837 proplietice
2403 1765 2735 1820 vaticinatus
2760 1773 2862 1830 est,
2894 1767 3009 1819 haec
3040 1764 3349 1821 vociferans
3391 1784 3404 1819 ε
3442 1784 3461 1817 ι
3486 1764 3627 1864 Νειέη

2048 1871 2115 1912 ex
2144 1860 2297 1911 vinea
2349 1854 2709 1911 Sodomorum
2749 1855 2906 1909 vinea
2928 1870 3143 1918 eorum,
3183 1863 3236 1909 et
3264 1856 3474 1924 palmes
3502 1854 3626 1925 ejus

2046 1963 2114 2002 ex
2141 1946 2468 2002 Gomorrlia.
2501 1945 2617 2001 Uva
2640 1962 2855 2009 eorum,
2887 1963 2987 2000 uva
3013 1946 3173 2007 l‘ellis,
3203 1947 3392 2001 botrus
3423 1948 3629 2001 amari-

2049 2033 2257 2089 tudinis
2285 2048 2477 2090 eorum
2506 2035 2575 2087 ³⁰.
2614 2053 2633 2086 ι
2671 2032 2812 2090 Hinc
2842 2035 3097 2091 similiter
3126 2034 3364 2105 Spiritus
3392 2052 3488 2094 eos
3525 2053 3629 2108 per

2047 2125 2243 2182 Isaiam
2270 2126 2660 2197 arguitdiccns
2691 2146 2706 2183 :
2736 2146 2754 2177 ι
2788 2127 3108 2198 Exspectavi
3134 2139 3189 2184 ut
3215 2130 3417 2185 faceret
3442 2146 3623 2196 uvam,

2046 2222 2173 2279 fecit
2203 2232 2384 2278 autem
2418 2223 2606 2294 spinas
2634 2222 2711 2290 “;
2747 2242 2765 2274 ι
2794 2232 2848 2278 et
2876 2236 3130 2279 rursum:
3155 2243 3173 2276 ι
3217 2224 3534 2295 Exspectavi
3564 2234 3628 2279 ut

2046 2314 2250 2370 faceret
2275 2315 2569 2385 judicium,
2618 2314 2749 2371 fecit
2792 2325 2973 2371 autem
3021 2318 3387 2388 iniquitatem,
3420 2325 3475 2373 et
3513 2334 3626 2374 non

2038 2406 2315 2477 justitiam
2348 2407 2443 2462 sed
2478 2408 2774 2463 clamorem
2807 2408 2874 2460 ³³.
2920 2427 2939 2460 ι
2974 2406 3244 2479 Operibus
3284 2425 3417 2477 ergo
3445 2416 3501 2464 et
3540 2426 3627 2465 re-

2045 2499 2151 2554 bus
2181 2501 2374 2571 gestis,
2419 2500 2619 2555 acerbo
2668 2515 2926 2555 sermone
2975 2509 3030 2556 et
3081 2502 3194 2557 vita
3244 2501 3516 2558 dederunt
3566 2503 3627 2558 in

2044 2602 2228 2644 escam
2261 2586 2540 2644 Servatori
2570 2587 2664 2653 fel,
2697 2598 2750 2643 et
2784 2589 2839 2643 in
2870 2589 2966 2644 siti
2990 2591 3112 2660 ejus
3143 2601 3472 2661 potaverunt
3496 2609 3627 2650 eum

2044 2691 2219 2734 aceto.
2235 2681 2372 2746 Quia
2392 2696 2519 2735 vero
2539 2682 2839 2736 secundum
2855 2683 3139 2737 historiam
3158 2700 3374 2754 quoque
3391 2686 3628 2758 prophe-

2043 2774 2134 2828 tia:
2163 2788 2469 2831 sermonem
2490 2775 2702 2845 impleri
2723 2775 2986 2844 oportuit,
3013 2774 3127 2829 haec
3148 2776 3217 2829 de
3237 2783 3480 2845 tempore
3498 2793 3627 2847 pas-

2044 2866 2217 2922 sionis
2234 2866 2355 2935 ejus
2372 2876 2560 2922 narrat
2586 2868 2922 2938 evangelista
2939 2869 3159 2923 dicens:
3180 2886 3200 2918 ι
3218 2866 3412 2923 Postea
3440 2870 3625 2926 sciens

2039 2958 2204 3015 Jesus
2224 2961 2351 3031 quia
2371 2962 2556 3015 omnia
2578 2968 2961 3016 consummata
2988 2970 3118 3016 sunt
3139 2961 3272 3029 jam,
3300 2970 3354 3015 ut
3370 2976 3627 3017 consum-

2044 3062 2287 3109 maretur
2319 3052 2625 3125 Scriptura,
2659 3055 2796 3110 dixit
2833 3074 2847 3110 :
2883 3053 3040 3109 Sitio.
3084 3053 3192 3110 Vas
3230 3065 3348 3111 erat
3384 3056 3625 3125 positum

2041 3156 2195 3202 aceto
2223 3147 2464 3217 plenum.
2497 3146 2578 3201 llli
2644 3155 2826 3203 autem
2876 3150 3161 3217 spongiam
3210 3148 3423 3217 plenam
3466 3157 3625 3203 aceto

2040 3255 2164 3294 cum
2218 3240 2342 3294 felle
2391 3247 2445 3294 et
2483 3240 2720 3312 liyssopo
2770 3240 3253 3310 circumponentes
3308 3241 3626 3296 obtulerunt

2040 3333 2123 3385 ori
2173 3332 2315 3402 ejus.
2371 3331 2507 3387 Cum
2542 3348 2673 3402 ergo
2717 3333 3019 3401 accepisset
3069 3338 3281 3386 acetum
3317 3347 3441 3386 cum
3475 3331 3620 3398 felle,

2040 3421 2210 3475 dixit:
2240 3420 2631 3476 Consummata
2659 3431 2745 3477 est
2773 3432 2827 3477 et
2854 3423 2970 3476 hanc
3001 3422 3305 3492 Scriptura.
3342 3421 3429 3483 Et.
3465 3423 3626 3476 incli-

2041 3520 2172 3567 nato
2195 3514 2394 3583 capite,
2441 3511 2665 3567 tradidit
2721 3512 2974 3582 spiritum
3011 3513 3077 3567 ⁸³.
3122 3534 3141 3565 ι
3177 3513 3447 3579 Quoniam
3493 3528 3623 3569 vero

2043 3605 2305 3659 inclinato
2335 3604 2515 3675 capite
2546 3604 2772 3660 tradidit
2801 3605 3052 3675 spiritum
3100 3614 3223 3676 post
3273 3619 3626 3661 consumma-

2042 3697 2243 3751 tionem
2302 3695 2622 3762 Scripturze,
2677 3697 2804 3767 jure
2850 3699 2906 3752 in
2964 3698 3175 3767 psalmo
3212 3698 3278 3752 ad
3310 3699 3413 3753 hoc
3447 3713 3625 3768 usque

2039 3800 2257 3860 tempus
2289 3791 2569 3845 cruciatus
2598 3790 3011 3846 circumscribit
3056 3806 3209 3846 suos.
3254 3789 3461 3846 Deinde
3496 3806 3624 3846 vero

2040 3900 2163 3954 qua:
2199 3884 2334 3953 ipsis
2380 3883 2527 3939 mala
2562 3893 2826 3939 eventura
2877 3884 2988 3939 sint
3040 3884 3411 3940 vaticinatur:
3453 3903 3473 3936 ι
3507 3883 3626 3938 Fiat

2042 3990 2230 4029 mensa
2256 3990 2451 4029 eorum
2487 3989 2674 4030 coram
2708 3974 2844 4044 ipsis
2866 3973 2919 4028 in
2956 3977 3233 4045 laqueum,
3278 3984 3331 4030 et
3366 3976 3418 4030 iu
3462 3976 3625 4030 retri-

2040 4067 2321 4122 butionem
2340 4074 2398 4121 et
2420 4065 2473 4121 in
2493 4064 2836 4122 scandalum.
2876 4085 2894 4118 ι
2927 4066 3094 4135 Quasi
3124 4084 3187 4123 ex
3222 4069 3625 4123 consuetudine

2041 4158 2181 4212 solet
2227 4156 2510 4227 Scriptura
2563 4157 2744 4213 futura
2777 4160 2937 4230 quasi
2982 4152 3258 4231 prieterita
3294 4162 3620 4229 vaticinari;

2041 4267 2211 4321 quare
2238 4251 2463 4321 jamjam
2487 4251 2704 4307 dicebat
2735 4269 2751 4307 :
2780 4270 2800 4302 ι
2832 4251 3109 4307 Dederuut
3137 4252 3191 4307 in
3225 4268 3411 4308 escam
3445 4268 3624 4309 meam

2043 4345 2136 4408 l'el,
2179 4364 2199 4396 ι
2242 4360 2308 4399 ac
2336 4345 2383 4400 si
2410 4344 2637 4409 diceret,
2668 4343 2909 4408 dabuuti;
2948 4363 2967 4394 ι
3008 4344 3145 4398 etin
3187 4345 3280 4398 siti
3308 4360 3426 4399 mea
3467 4353 3626 4414 pota-

350 4439 559 4512 ἀρτίως
586 4439 717 4508 γοῦν
756 4439 909 4507 ἔλεγε
937 4440 1017 4503 τὸ,
1058 4458 1077 4491 ι
1109 4440 1354 4494 Ἕδωκαν
1378 4441 1459 4503 είς
1492 4440 1551 4492 τὸ
1594 4438 1791 4511 βρῶμά
1827 4457 1927 4510 μου

2044 4445 2228 4498 verunt
2290 4453 2377 4493 me
2425 4448 2609 4505 aceto,
2644 4456 2664 4488 ι
2706 4436 2762 4492 id
2815 4443 2902 4493 est
2945 4435 3220 4501 potabant.
3282 4436 3424 4492 Alibi
3487 4454 3628 4508 quo-

352 4531 538 4602 χολὴν,
582 4550 603 4583 ι
646 4530 768 4584 ἀντὶ
804 4529 921 4595 τοῦ,
975 4527 1263 4593 δώσουσι,
1296 4549 1315 4580 ι
1355 4531 1449 4584 καὶ
1495 4531 1575 4593 εἰς
1636 4530 1734 4600 τὴν
1778 4527 1936 4598 δίψαν

357 4639 459 4693 μου
521 4620 781 4675 ὲπότισάν
840 4638 908 4690 με
965 4620 1117 4688 ὅξος·
1160 4641 1178 4673 ι
1217 4621 1337 4674 ἀντὶ
1386 4620 1512 4685 τοῦ,
1584 4620 1932 4674 ποτίσουσι.

350 4715 464 4769 Καὶ
506 4713 740 4786 ἀλλαχοῦ
771 4714 827 4768 δὲ
854 4715 1055 4786 ὁμοίως
1101 4714 1352 4787 εἴρηται·
1389 4732 1409 4765 ι
1449 4714 1841 4786 Διεμερίσαντο
1870 4712 1937 4765 τὰ

356 4806 552 4878 ἱμάτιά⁴
578 4823 681 4878 μου
714 4808 947 4871 ἑαυτοῖς,
970 4807 1064 4860 καὶ
1101 4808 1194 4863 ἐπὶ
1220 4808 1311 4861 τὸν
1348 4808 1641 4878 ἱματισμόν
1672 4823 1772 4878 μου
1806 4805 1931 4857 ἔδα-

350 4897 443 4953 λον
483 4898 706 4970 κλῆρον’
750 4919 768 4950 ι
805 4899 898 4952 καὶ
930 4898 1121 4952 πάλινο
1165 4918 1183 4949 ι
1219 4898 1576 4969 Παρεστησαν
1606 4898 1656 4949 oi
1692 4894 1934 4967 βασιλεῖς

351 4988 453 5059 τῆς
487 4989 615 5060 γῆς,
660 4991 755 5043 καὶ
809 4992 855 5043 oi
888 4991 1145 5062 ἄρχοντες
1178 4989 1524 5061 συνήχθησαν
1554 4988 1649 5042 ἐπὶ
1692 4987 1754 5039 τὸ
1778 4987 1930 5051 αὐτὸ,

354 5078 496 5133 κατὰ
552 5079 646 5134 τοῦ
696 5081 901 5152 Κυρίου
950 5083 1043 5135 καὶ
1077 5080 1216 5134 κατὰ
1260 5080 1353 5133 τοῦ
1402 5078 1639 5151 Χριστοῦ
1686 5077 1873 5132 αὑτοῦ.
1912 5097 1931 5129 ι

362 5170 599 5242 Ὁμοίως
639 5172 747 5245 γὰρ
788 5173 882 5225 καὶ
910 5170 1078 5224 ταῦτα
1112 5171 1372 5242 μέλλοντα
1406 5169 1687 5240 γίγνεσθαι
1728 5169 1803 5233 ὡς
1834 5169 1937 5240 ἤδη

352 5265 724 5336 παρῳχηκότα
758 5266 1209 5335 προανεφωνεῖτο.
1241 5261 1398 5318 Οὕτω
1454 5263 1547 5315 καὶ
1576 5263 1675 5315 ὅσα
1720 5260 1935 5332 νομίζει

352 5374 444 5410 ται
476 5354 885 5427 προστακτικῶς
924 5356 957 5425 ἢ
1003 5353 1267 5418 εὐκτικῶς
1301 5352 1575 5422 λέγεσθαι,
1622 5355 1737 5411 καί¹⁴
1761 5352 1937 5410 ταῦτα

353 5447 679 5520 προφητικῷ
727 5450 914 5521 τρόπῳ
955 5445 1434 5521 προαγορευτικῶς
1463 5445 1780 5511 ἐξακούεται
1801 5461 1814 5475 ·
1847 5440 1938 5499 οἶά

2042 4547 2151 4604 que
2181 4530 2436 4586 similiter
2467 4529 2671 4584 dicitur
2698 4548 2711 4584 :
2753 4547 2772 4579 ι
2811 4527 3126 4583 Diviserunt
3157 4530 3262 4583 szbi
3294 4529 3628 4588 vestimenta

2045 4638 2187 4684 mea,
2215 4630 2269 4675 et
2299 4636 2466 4691 super
2498 4630 2699 4675 vestem
2736 4636 2910 4675 meam
2952 4623 3223 4676 miserunt
3251 4631 3456 4678 sortem
3481 4622 3529 4655 ”
3556 4639 3573 4692 ;
3604 4649 3624 4676 ο

2042 4729 2111 4769 ac
2141 4729 2361 4768 rursum
2397 4731 2408 4766 :
2445 4731 2463 4764 ι
2502 4713 2808 4768 Astiterunt
2846 4728 3002 4784 reges
3053 4721 3232 4777 teme,
3264 4724 3318 4769 et
3347 4716 3629 4786 principes

2045 4812 2420 4860 convenerunt
2448 4803 2501 4857 in
2538 4818 2704 4858 unum
2737 4801 3002 4858 adversus
3028 4800 3317 4857 Dominum
3349 4810 3403 4858 et
3431 4802 3632 4859 adver-

2044 4912 2139 4952 sus
2167 4894 2448 4950 Christum
2476 4894 2595 4963 ejus
2626 4893 2691 4950 ³⁸³,
2727 4913 2745 4945 ι
2786 4893 2920 4948 Nam
2951 4895 3202 4951 similiter
3235 4895 3349 4951 hinc
3380 4911 3503 4967 quze
3537 4894 3628 4952 fu-

2043 4997 2166 5042 tura
2198 4996 2374 5053 erant,
2413 4989 2570 5060 quasi
2608 4989 2724 5057 jam
2764 4992 3037 5057 praeterita
3081 4990 3623 5060 praenuntiabunlur.

2045 5079 2169 5134 Pari
2227 5082 2434 5136 ratione
2481 5096 2821 5151 quaecunque
2870 5093 3132 5152 putantur
3174 5085 3495 5155 imperando
3533 5091 3628 5136 aut

2043 5172 2283 5244 optando
2314 5173 2445 5234 dici.
2481 5174 2799 5244 prophetico
2846 5190 2997 5230 more
3029 5175 3385 5246 praanuntiari
3422 5180 3627 5246 putau-

2043 5263 2171 5318 dum
2198 5272 2282 5321 cst
2337 5282 2351 5319 ε
2397 5266 2578 5335 qualia
2615 5272 2744 5320 sunt
2802 5266 2917 5321 huic
2964 5276 3085 5338 qua:
3127 5276 3446 5321 tractamus.
3480 5261 3622 5316 Illud

2043 5358 2186 5410 enim
2220 5374 2233 5409 :
2267 5374 2284 5407 ι
2324 5354 2445 5410 Fiat
2488 5373 2676 5412 mensa
2730 5373 2946 5419 eorum,
2989 5378 3006 5411 ι
3043 5360 3337 5428 intelligas,
3370 5374 3389 5407 ι
3418 5354 3509 5409 ﬁet
3544 5373 3559 5410 :
3595 5374 3616 5407 ι

2042 5455 2096 5502 et
2126 5448 2257 5504 illud
2287 5468 2300 5503 :
2330 5448 2739 5507 «Obscurentur
2767 5452 2911 5508 oculi
2937 5467 3146 5517 eorum,
3173 5469 3193 5503 ι
3224 5464 3323 5520 pro
3359 5465 3379 5499 ι
3416 5447 3622 5505 obscu-

424 5649 947 5727 "_‘_VJere_m;t-t._2l.
1023 5648 1470 5727 ’°_yattt.,_xxy,
1513 5649 1636 5727 55,-
1681 5650 1725 5683 ao
1768 5651 1922 5709 Dem.

2044 5670 2135 5723 xu,
2182 5655 2271 5711 52.
2349 5655 2390 5689 "
2428 5652 2536 5712 lsa.
2583 5672 2634 5721 ν,
2675 5654 2731 5709 2.
2809 5657 2853 5688 ³¹
2897 5653 3032 5709 ibid.
3077 5652 3127 5708 7.
3210 5651 3254 5684 ³³
3294 5647 3453 5706 Joan.
3498 5669 3620 5727 xxx,

357 5720 547 5780 28-50.
628 5721 673 5754 "
710 5721 856 5778 Psal.
902 5736 1018 5789 xu,
1062 5722 1147 5777 l9.
1224 5720 1267 5752 ³⁸
1311 5719 1458 5778 Psal.
1501 5736 1563 5792 tt,
1603 5720 1657 5775 2.
