4062 6208
417 234 519 301 ’ῖὸἰ
1089 241 1363 301 EUSEBII
1403 238 1882 298 CESARIENSIS
1917 238 2067 298 OPP.
2110 238 2289 296 PARS
2327 240 2416 297 ιιι.
2452 270 2523 283 -
2559 240 2973 300 EXEGETICA.
3566 238 3684 306 r75!

415 365 718 431 rabuntur;
757 381 776 416 ι
805 368 859 418 et
890 364 1175 435 sequentia
1220 364 1493 420 similiter.
1534 361 1653 418 Non
1685 363 1831 419 enim
1862 374 1990 418 con-

2100 362 2215 415 ἐστι
2244 361 2311 417 τά
2344 363 2483 433 μετά
2504 366 2711 437 χεῖρας.
2735 363 2808 417 Τὸ
2834 364 2963 437 γὰρ,
2992 383 3010 417 ι
3051 366 3338 438 Γενηθήτω
3361 367 3394 439 ὴ
3417 365 3685 441 Ἰτράπεζα

400 460 742 514 ‘sentancum
774 462 880 521 est,
917 469 1043 509 eum
1069 455 1166 525 qui
1197 454 1358 511 nobis
1401 454 1649 526 pracipit
1702 465 1761 511 ut
1794 454 1990 510 malum

2100 454 2299 520 αὐτῶν,
2337 475 2357 508 ι
2387 455 2678 510 ἀκουστέον
2709 457 2831 511 ἀντὶ
2855 459 2973 523 τοῦ,
2998 478 3022 511 ι
3050 462 3371 531 γενήσεται⁸
3408 479 3429 513 ι
3466 460 3562 515 καὶ
3596 461 3681 526 τὸ,

412 563 519 621 pro
554 549 697 603 malo
725 563 834 602 non
861 546 1178 611 reddamus,
1211 546 1308 604 sed
1329 562 1620 618 precemur
1660 562 1761 619 pro
1792 547 1863 604 iis
1902 548 1990 619 qui

2106 565 2125 598 ι
2176 547 2619 620 Σκοτισθήτωσαν
2661 550 2712 604 oi
2756 550 3023 623 ὀφθαλμοὶ
3060 551 3260 617 αὐτῶν,
3298 571 3322 607 ι
3372 553 3494 607 ἀντὶ
3560 553 3681 620 τοῦ,

394 641 580 699 ‘uobis
600 640 907 696 molestiam
934 646 1148 705 creant,
1175 648 1230 695 et
1255 647 1315 694 ut
1345 639 1757 705 benedicamus,
1780 654 1883 696 nec
1909 654 1998 695 ex-

414 746 722 797 secremur,
754 732 1115 803 inimicosque
1144 732 1461 803 diligamus,
1499 731 1813 802 huiusmodi
1854 733 1995 788 mala

415 826 539 883 aliis
574 825 889 897 imprecari.
913 824 1032 880 Non
1063 825 1304 896 oplativo
1336 813 1520 898 igitur,
1546 840 1723 897 neque
1761 826 1998 897 impera-

415 922 529 975 tivo
562 918 745 982 modo,
770 917 867 973 sed
918 919 1222 975 secundum
1277 919 1531 974 traditam
1565 920 1831 975 rationem
1881 920 1995 975 haec

416 1011 737 1083 prophetice
760 1011 1109 1082 pronuntiata
1141 1018 1290 1067 sunt.
1316 1008 1423 1065 Pro
1444 1011 1511 1065 iis
1532 1009 1677 1065 enim
1711 1025 1834 1081 qua:
1860 1025 1994 1066 con-

417 1108 503 1159 tra
557 1119 643 1160 me
696 1104 816 1159 ausi
858 1111 1265 1175 perpetrarunt,
1301 1103 1417 1159 haec
1473 1103 1621 1177 ipsos
1677 1105 1990 1176 excipient:

416 1214 605 1254 mensa
643 1213 834 1253 eorum
894 1198 1001 1254 illis
1048 1213 1159 1251 non
1209 1197 1276 1251 ad
1322 1196 1783 1268 suppeditandum
1808 1197 1995 1253 cibum

394 1291 544 1355 erit,
570 1290 665 1346 sed
688 1292 743 1345 in
772 1290 1048 1360 laqueum,
1074 1297 1128 1345 et
1158 1293 1213 1343 in
1238 1288 1629 1345 retributiones
1658 1300 1712 1344 ct
1748 1290 1804 1345 in
1833 1304 1996 1346 scan-

418 1380 625 1445 dalum,
659 1381 789 1450 quia
815 1380 1083 1436 dederunt
1119 1381 1175 1436 in
1199 1395 1386 1436 escam
1415 1395 1594 1435 meam
1626 1379 1720 1435 fel.
1751 1380 1991 1436 Mensam

419 1489 586 1545 porro
611 1472 827 1528 ludaici
859 1474 1042 1544 populi
1081 1489 1243 1544 quam
1279 1471 1487 1527 dixeris
1528 1487 1673 1537 esse,
1709 1472 1818 1528 nisi
1856 1471 1995 1527 divi-

414 1570 566 1623 nitus
617 1568 913 1637 inspiratus
963 1565 1296 1636 Scripturas,
1330 1579 1468 1635 quas
1506 1562 1759 1619 meditari
1788 1571 1848 1619 et
1877 1579 1999 1619 me...

413 1658 648 1713 moriter
697 1657 943 1729 proferre
980 1656 1192 1713 solent?
1214 1655 1464 1723 Quarum
1510 1656 1898 1725 contemplatio
1936 1662 1990 1711 et

2105 658 2124 691 ι
2158 641 2625 714 σκοτισθήσονται·
2675 661 2695 695 ι
2743 644 2838 697 xui
2865 644 2934 698 τὰ
2968 645 3094 717 ἑξῆς
3143 646 3353 711 τούτοις
3387 646 3684 720 παραπλη-

2100 736 2251 803 σίως.
2291 737 2367 791 Ού
2409 738 2519 811 γὰρ
2549 739 2661 810 ἔχει
2688 738 2846 808 λόγον
2875 739 2965 794 τὸν
2996 741 3128 811 ἡμῖν
3165 740 3573 815 προστάττοντα
3604 742 3681 814 μὴ

2097 829 2502 885 ἀνταποδιδόναι
2542 834 2709 888 κακὸν
2746 836 2867 890 ἀντὶ
2897 833 3090 898 κακοῦ,
3116 833 3252 888 ἀλλά
3282 833 3684 906 προσεύχεσθαι

2099 922 2244 995 ὑπὲρ
2265 922 2373 977 τῶν
2405 924 2840 997 ἐπηρεαζόντων,
2872 927 2967 981 καὶ
2996 926 3238 994 εὐλογεῖν
3274 926 3369 980 xui
3403 924 3478 997 μὴ
3509 942 3683 980 κατα-

2100 1015 2313 1087 ρᾶσθαι,
2345 1016 2563 1088 ἀγαπᾷν
2598 1016 2655 1071 δὲ
2682 1018 2779 1071 xui
2812 1018 2938 1082 τοὺς
2981 1016 3231 1089 ἐχθροὺς,
3262 1008 3424 1070 αὐτόν
3454 1014 3683 1069 τοιαῦτα

2097 1106 2456 1178 κατεύχεσθαι
2515 1107 2745 1180 ἑτέροις.
2793 1109 2906 1161 Ούκ
2961 1107 3232 1171 εύκτικῶς
3289 1106 3501 1172 τοίνυν,
3560 1106 3680 1160 οὐδὲ

2096 1200 2530 1271 προστακτικῶς,
2557 1200 2699 1255 κατά
2732 1201 2791 1255 δὲ
2822 1201 2911 1254 τὸν
2946 1200 3276 1255 ἀποδοθέντα
3308 1200 3511 1273 τρόπον
3544 1215 3681 1271 προ-

2094 1290 2337 1361 φητικῶς
2370 1291 2468 1345 xui
2494 1291 2666 1346 ταῦτα
2691 1291 2961 1347 λέλεκται.
3001 1292 3141 1347 ’Δνθ’
3171 1284 3249 1347 ὧν
3275 1293 3389 1366 γάρ
3415 1291 3681 1366 τετολμή-

2094 1397 2224 1435 κασι
2272 1382 2371 1437 καὶ
2420 1382 2780 1455 διεπράξαντο
2825 1387 2949 1439 κατ’
2996 1384 3154 1456 ἐμοῦ,
3202 1384 3435 1441 τοιαῦτα
3477 1383 3679 1451 αὐτοὺς

2091 1471 2420 1538 διαδέξεται·
2456 1476 2489 1547 ἡ
2529 1473 2776 1547 τράπεζα
2807 1475 2985 1530 αὐτῶν
3035 1475 3188 1530 ἔσται
3241 1476 3422 1541 αὐτοῖς
3457 1476 3561 1529 οὐκ
3598 1475 3679 1539 τίς

2093 1562 2392 1635 παράθεσιν
2439 1566 2667 1638 τροφῆς,
2706 1566 2821 1620 ἀλλ’
2869 1567 2951 1631 είς
2982 1566 3185 1636 παγίδα
3215 1568 3310 1622 xui
3342 1568 3423 1631 είς
3454 1566 3681 1620 ἀνταπο-

2092 1656 2267 1722 δόσεις
2318 1658 2413 1711 xui
2464 1659 2544 1723 είς
2591 1658 2907 1725 σκάνδαλον,
2965 1658 3084 1713 ἀνθ’
3131 1652 3206 1713 ὧν
3256 1658 3465 1714 ἔδωκαν
3498 1662 3582 1725 είς
3617 1661 3680 1713 τὺ

418 1750 799 1821 intelligentia,
832 1750 1142 1804 animarum
1177 1747 1582 1802 rationabilium
1616 1760 1798 1801 escam
1839 1761 1989 1801 coma

2094 1748 2289 1821 βρῶμά
2314 1766 2417 1820 μου
2451 1750 2634 1822 χολήν.
2660 1750 2951 1823 Τράπεζαν
2982 1750 3041 1804 δέ
3065 1750 3161 1805 τοῦ
3200 1750 3473 1807 Ἰουδαίων
3493 1750 3680 1816 ἔθνους

413 1844 700 1913 plectitur,
725 1842 893 1898 dictio
918 1848 1099 1896 autem
1131 1856 1332 1894 mensae
1362 1841 1481 1893 loco
1509 1849 1613 1895 est.

2095 1841 2216 1895 τίνα
2238 1840 2303 1894 ἂν
2335 1841 2508 1905 εἴποις
2528 1841 2561 1913 ἦ
2582 1842 2679 1907 τὰς
2701 1841 3085 1907 θεοπνεύστους
3102 1842 3345 1915 Γραφάς,
3361 1842 3428 1907 ἀς
3451 1842 3686 1915 μελετᾷν

415 1934 509 1987 καὶ
556 1934 1009 2004 ἀποστοματίζειν
1051 1932 1338 1999 similae-tv;
1372 1925 1448 1987 ὧν
1474 1935 1508 2004 ή
1547 1927 1881 2007 μέειθεωρία
1944 1935 2037 1988 καὶ
2073 1936 2106 2007 ἡ
2161 1935 2365 2007 νόησις,
2391 1934 2576 2007 ψυχῶν
2597 1937 2804 2008 τροφὴν
2833 1935 3064 2006 λογικῶν
3097 1938 3358 2010 περιέχει,
3381 1940 3415 2010 ἡ
3446 1936 3504 1991 δέ
3535 1934 3689 2005 λέξις

412 2024 692 2097 τραπέζης
723 2023 907 2096 χώραν
942 2026 1206 2098 περιέχει.

487 2137 639 2193 lianc
686 2140 869 2210 itaque
898 2154 1145 2195 mensam
1187 2155 1397 2207 eorum,
1430 2156 1625 2213 nempe
1660 2141 1874 2198 obviam
1909 2141 1995 2198 di-

414 2232 666 2284 vinarum
690 2228 1101 2299 Scripturarum
1130 2231 1445 2301 lectionem,
1468 2234 1603 2305 ipsis
1624 2237 1680 2289 in
1711 2235 1988 2306 laqueum,

413 2331 467 2374 et
493 2320 551 2376 in
579 2320 968 2375 retributiones
990 2321 1116 2377 et.in
1143 2323 1461 2379 scandalum
1486 2323 1602 2380 fore
1620 2324 1987 2396 praenuntiat;

415 2418 579 2483 atque
614 2428 724 2466 non
769 2419 964 2466 natura
1011 2412 1171 2469 talem
1206 2429 1351 2479 esse,
1386 2414 1481 2471 sed
1511 2416 1646 2487 ipsis
1674 2415 1992 2487 huiusmodi

412 2503 676 2559 futuram.
714 2503 770 2558 ld
802 2505 949 2559 enim
984 2505 1070 2561 his
1092 2506 1273 2561 verbis
1313 2507 1653 2579 significatur
1689 2527 1703 2563 :
1736 2527 1755 2560 ι
1792 2507 1993 2564 Coram

412 2590 548 2667 ipsis
575 2595 669 2650 liat
697 2611 888 2651 mensa
919 2612 1109 2651 eorum
1141 2599 1194 2652 in
1224 2599 1475 2669 laqueum
1506 2608 1561 2656 et
1590 2600 1646 2654 in
1672 2599 1994 2656 retributio-

2171 2139 2387 2211 Ταύτην
2410 2138 2588 2193 τοίνυν
2612 2139 2709 2212 τὴν
2732 2138 3011 2212 τράπεζαν
3047 2137 3247 2203 αὐτῶν,
3265 2140 3364 2212 τὴν
3390 2142 3683 2216 πρόχειρον

2094 2229 2204 2283 τῶν
2253 2229 2411 2283 θείων
2445 2228 2675 2301 Γραφῶν
2718 2230 3021 2296 ἀνάγνωσιν
3054 2226 3412 2301 προαγορεύει
3460 2230 3680 2287 ἔσεσθαι

2095 2321 2279 2384 αὐτοῖς
2309 2323 2388 2384 είς
2412 2320 2613 2389 παγίδα
2636 2321 2731 2374 xui
2757 2322 2837 2384 είς
2861 2320 3247 2385 ἀνταποδόσεις
3280 2321 3375 2375 xui
3411 2323 3490 2387 είς
3516 2323 3681 2378 exuv-

2095 2412 2252 2466 δαλον
2272 2430 2285 2444 ⁸
2323 2412 2418 2466 καὶ
2446 2411 2664 2466 ἔσεσθαι
2693 2412 2861 2484 αὐτὴν
2892 2412 3148 2485 τοιαύτην
3180 2413 3384 2479 αὐτοῖς,
3423 2415 3484 2467 ού
3520 2416 3679 2485 φύσει

2093 2502 2259 2561 οὖσαν
2290 2505 2565 2577 τοιαύτην,
2590 2506 2704 2560 ἀλλ’
2737 2507 2923 2571 αὐτοῖς
2957 2505 3176 2560 ἔσεσθαι
3208 2506 3485 2580 τοιαύτην.
3511 2509 3681 2564 Τοῦτο

2094 2595 2203 2669 γὰρ
2228 2596 2480 2669 σημαίνει
2510 2598 2538 2650 ό
2573 2595 2737 2665 λόγος
2758 2596 2980 2651 εἰπών-ι
3020 2596 3279 2652 Ἐνιῖιπιον
3307 2598 3487 2653 αὐτῶν
3519 2616 3681 2675 γενη-

410 2700 511 2744 nes
555 2686 697 2743 etin
750 2687 1093 2744 scandalum.
1134 2707 1154 2741 ι
1206 2687 1320 2746 Hoc
1356 2698 1537 2745 autem
1581 2705 1745 2761 opere
1788 2691 1841 2746 in
1883 2691 1990 2746 illis

2094 2689 2244 2761 θήτω
2274 2692 2307 2762 ἡ
2339 2689 2587 2761 τράπεζα
2613 2691 2793 2745 αὐτῶν
2831 2693 2911 2756 είς
2950 2693 3174 2762 παγίδα,
3210 2695 3304 2749 xui
3326 2696 3407 2759 εἰς
3444 2696 3678 2752 ἀνταπο-

388 2780 735 2848 completur.
776 2778 1001 2836 Divinas
1055 2795 1294 2852 namque
1344 2780 1661 2853 Scripturas
1713 2783 1990 2854 legentes,

2094 2783 2269 2847 δόσεις
2300 2783 2396 2838 xui
2418 2786 2499 2848 είς
2527 2783 2842 2839 σκάνδαλον.
2870 2803 2887 2835 ι
2915 2786 3101 2859 Ἕργῳ
3115 2786 3171 2839 δέ
3193 2786 3350 2840 τοῦτο
3379 2788 3459 2852 είς
3482 2789 3679 2853 αὐτοὺς

412 2870 610 2926 exinde
656 2872 865 2942 laqueis
906 2873 1309 2942 complicantur
1339 2890 1353 2927 :
1382 2890 1571 2929 earum
1609 2875 1811 2946 quippe
1842 2875 1989 2930 dicta

2096 2874 2418 2947 πληροῦται.
2452 2876 2585 2939 Ταῖς
2615 2875 2745 2944 γοῦν
2778 2875 2948 2940 θείαις
2979 2876 3225 2949 Γραφαῖς
3259 2879 3680 2949 ἐντυγχάνοντες

412 2970 608 3032 ιιι-αξιοι
628 2979 813 3019 veram
838 2965 1122 3019 scientiam
1147 2967 1503 3037 excipientes,
1532 2979 1853 3040 rectumque
1878 2984 1990 3025 ver-

2097 2966 2156 3035 ἐξ
2204 2967 2384 3023 αὐτῶν
2418 2968 2606 3036 παγίσι
2647 2968 3076 3043 περικείρονται,
3112 2970 3313 3042 ἑτέρως
3343 2970 3378 3043 ἢ
3415 2972 3559 3026 κατά
3588 2973 3681 3027 τὸν

412 3057 604 3111 borum
652 3071 876 3111 sensum
909 3064 1248 3119 evel-tentes;
1295 3058 1362 3114 iis
1393 3059 1460 3113 ad
1506 3075 1614 3113 non
1655 3059 1989 3116 credendum

2094 3061 2272 3132 ἀληθῆ
2291 3060 2414 3115 νοῦν
2432 3059 2864 3133 ἐκλαμϐάνοντες
2885 3060 2981 3126 τὰς
2999 3061 3194 3128 λέξεις,
3216 3062 3311 3117 καὶ
3331 3062 3679 3138 διαστρέφον-

390 3145 694 3203 'Servatori
739 3146 950 3203 seducti
994 3156 1145 3205 sunt.
1198 3151 1312 3204 lmo
1344 3151 1506 3205 etiam
1559 3166 1747 3209 mensa
1797 3167 1989 3208 eorum

2094 3173 2185 3219 τες
2204 3155 2294 3209 τὸν
2318 3156 2376 3208 ἐν
2400 3154 2590 3219 αὐταῖς
2607 3153 2764 3225 ὀρθὸν
2784 3154 2961 3224 λόγον,
2976 3154 3033 3223 ἐξ
3049 3155 3227 3209 αὐτῶν
3252 3175 3311 3211 τε
3330 3159 3412 3222 είς
3421 3158 3678 3217 ἀπιστίαν

409 3236 546 3324 ipsis
601 3238 654 3293 in
725 3240 1113 3296 retributiones
1173 3242 1421 3298 vertitur.
1484 3242 1642 3311 Quod
1705 3246 1850 3301 enim
1916 3247 1995 3302 le-

407 3333 622 3387 ctiones
649 3348 760 3387 non
788 3332 1123 3404 intelligant,
1155 3335 1237 3389 vel
1267 3335 1394 3392 inde
1420 3336 1729 3392 facinorum
1762 3353 1993 3394 suorum

408 3427 464 3479 in
499 3425 676 3496 ipsum
705 3441 899 3497 ρωπος
929 3426 1104 3481 Ιυυηι.
1137 3426 1318 3495 Quare
1344 3427 1707 3501 Symmachus
1735 3446 1833 3502 pro
1862 3432 1991 3497 illo,

390 3526 432 3567 ἰ
460 3523 514 3572 et
545 3517 601 3571 in
636 3517 1064 3578 retributiones.
1086 3539 1106 3572 ι
1129 3521 1327 3589 vertit,
1353 3541 1371 3573 ι
1397 3531 1451 3576 et
1486 3521 1539 3575 in
1573 3523 1901 3594 supplicium
1926 3541 1941 3590 ;
1968 3543 1986 3575 ι

386 3607 542 3680 ἠυίη
568 3611 733 3665 etiam
768 3612 823 3666 in
855 3612 1177 3667 scandalum
1203 3630 1389 3669 coram
1420 3616 1553 3685 ipsis
1581 3630 1774 3672 mensa
1802 3630 1993 3672 eorum

407 3706 660 3759 vertitur.
707 3702 862 3759 Nuda
905 3708 1108 3776 quippe
1157 3708 1325 3761 verba
1370 3709 1611 3779 legentes
1645 3708 1990 3780 impingunt,

410 3810 671 3849 arcanum
722 3812 914 3851 eorum
962 3810 1186 3852 sensum
1233 3814 1342 3853 non
1390 3803 1690 3870 capientes.
1746 3800 1991 3870 Exempli

406 3902 611 3950 causa,
640 3903 763 3942 cum
789 3889 1019 3944 audiunt
1040 3932 1053 3954 ,
1081 3900 1170 3956 ut,
1203 3892 1525 3948 adveniente
1550 3893 1801 3957 Christo,
1826 3893 1992 3948 simul

409 3990 598 4049 pascet
627 3980 788 4050 lupus
811 3996 935 4035 cum
967 3998 1108 4053 agno
1130 4024 1143 4047 ,
1172 3993 1226 4039 et
1257 3984 1463 4053 pardus
1488 3999 1613 4039 cum
1648 3984 1802 4039 luedo
1828 4001 1993 4040 accu-

414 4069 569 4124 babit
590 4111 605 4136 ,
637 4071 723 4126 lco
753 4078 806 4126 et
839 4071 941 4127 bos
972 4074 1261 4129 comedent
1292 4075 1477 4145 paleas
1520 4075 1603 4141 ³⁶ς
1656 4076 1770 4129 haec
1817 4084 1871 4131 et
1912 4077 1989 4131 si-

410 4161 563 4217 milia
598 4178 705 4217 non
738 4163 1140 4234 intelligentes,
1176 4164 1501 4219 adveniente
1531 4163 1756 4220 Christo
1788 4164 1843 4219 in
1876 4164 1992 4219 haec

408 4254 750 4325 impingunt;
776 4255 905 4326 quia
935 4255 1050 4311 haec
1075 4272 1182 4311 non
1207 4257 1455 4312 sensibili
1487 4257 1651 4312 modo
1672 4257 1726 4311 in
1746 4257 1871 4327 ejus
1895 4256 1993 4313 ad-

406 4355 573 4404 ventu
600 4351 968 4421 contigerunt.
1006 4346 1099 4403 Sic
1128 4364 1262 4420 ergo
1292 4349 1551 4420 praedicta
1583 4366 1772 4404 eorum
1799 4365 1990 4407 mensa

2093 3247 2189 3300 τοῦ
2223 3246 2475 3317 ἃυτῆρος
2511 3246 2978 3319 περιπειρόμενοι.
3019 3246 3179 3301 Ἀλλά
3212 3248 3307 3302 xui
3339 3250 3418 3312 είς
3442 3250 3678 3303 ἀνταπο-

2093 3339 2268 3403 δόσεις
2289 3338 2499 3409 γίνεται
2523 3340 2705 3402 αὐτοῖς
2727 3338 3026 3410 ὴτράπεζα
3055 3339 3255 3395 αὐτῶν.
3289 3341 3373 3394 Ἐν
3390 3341 3496 3413 γάρ
3521 3341 3675 3413 αύτῷ

2092 3432 2269 3504 τούτῳ
2300 3431 2377 3501 τῷ
2414 3418 2505 3503 μὴ’
2523 3431 2758 3486 συνιέναι
2788 3431 2856 3485 τά
2886 3431 3318 3503 ἁναγνώσματα,
3348 3430 3669 3493 ἀπολαμϐά-

2092 3540 2275 3577 νουσιν
2302 3518 2377 3576 ὧν
2403 3522 2637 3595 ἔδρασαν
2669 3525 2791 3576 κατ’
2821 3522 2984 3576 αὐτοῦ
3017 3523 3117 3595 τὴν
3147 3523 3434 3597 τιμωρίαν.
3468 3523 3671 3596 Διόπερ

2091 3614 2123 3667 δ
2146 3614 2442 3685 Σύμμαχος
2468 3613 2588 3667 ἀντὶ
2613 3612 2729 3678 τοῦ,
2757 3631 2775 3664 ι
2804 3613 2898 3667 xui
2930 3612 3011 3676 είς
3035 3612 3415 3677 ἀνταποδόσεις
3433 3654 3449 3677 ,
3475 3611 3569 3666 καὶ
3585 3612 3676 3679 εις

2093 3707 2405 3776 τιμωρίαν,
2453 3706 2819 3777 ἡρμήνευσεν.
2874 3703 3036 3758 Ἀλλά
3096 3704 3192 3758 xui
3238 3706 3319 3769 είς
3377 3704 3676 3759 σκάνδαλον

2093 3799 2302 3867 γίνεται
2339 3797 2569 3852 ἐνώπιον
2603 3795 2781 3850 αὐτῶν
2814 3798 2848 3868 ἡ
2878 3793 3127 3869 τράπεζα
3158 3796 3357 3850 αὐτῶν.
3391 3796 3682 3851 Σκανδαλί·

2094 3889 2275 3955 ζονται
2304 3889 2412 3962 γὰρ
2439 3888 2857 3960 ἐντυγχάνοντες
2883 3888 3065 3957 ψιλαῖς
3094 3890 3213 3952 ταῖς
3241 3887 3441 3953 λέξεσι,
3475 3889 3572 3942 καὶ
3602 3888 3683 3961 μὴ

2096 3982 2366 4046 συνιέντες
2392 3982 2491 4053 τὴν
2514 3984 2572 4035 ἐν
2601 3982 2791 4044 αὑταῖς
2819 3980 3051 4053 θεωρίαν
3068 3994 3084 4009 "
3112 3978 3223 4035 οἷον
3244 3980 3555 4045 ἀκούοντες,
3579 3982 3681 4050 ὡς,

2094 4074 2415 4137 ἐπιστάντος
2438 4071 2531 4125 τοῦ
2555 4071 2813 4146 Χριστοῦ,
2839 4071 3276 4145 συμϐοσκήσεται
3323 4071 3487 4136 λύκος
3539 4072 3683 4143 μετὰ

2094 4164 2276 4235 ἀρνὸς,
2295 4164 2389 4217 xui
2411 4161 2673 4235 πάρδαλις
2700 4160 3167 4215 συναναπαύσεται
3191 4162 3366 4234 ἐρίφῳ
3384 4202 3399 4228 ,
3423 4164 3519 4216 καὶ
3541 4162 3685 4218 λέων

2094 4257 2191 4310 xui
2228 4254 2353 4326 βοῦς
2384 4255 2617 4325 φάγεται
2647 4256 2855 4325 ἄχυρα’
2906 4254 3077 4308 ταῦτα
3115 4254 3208 4308 καὶ
3241 4254 3309 4308 τά
3341 4254 3567 4309 τοιαῦτα
3600 4256 3681 4329 μὴ

2096 4349 2386 4412 συνιέντες,
2418 4345 2857 4410 σκανδαλίζονται
2896 4348 2988 4400 ἐπὶ
3015 4346 3093 4418 τῷ
3120 4346 3399 4416 ἐληλυθότι
3428 4346 3677 4421 Χριστῷ,

380 4444 383 4447 ’
409 4440 511 4497 fuit
540 4457 725 4497 coram
757 4442 893 4513 ipsis
925 4441 983 4497 in
1013 4441 1270 4514 laqueum
1295 4482 1312 4508 ,
1341 4449 1395 4497 et
1426 4442 1481 4496 iu
1511 4442 1902 4498 retributiones
1934 4449 1989 4499 et

2094 4442 2177 4495 ὅτι
2212 4440 2287 4513 μὴ
2331 4438 2607 4510 αίσθητῶς
2638 4439 2853 4508 ἐγένετο
2877 4439 3050 4492 ταῦτα
3075 4440 3133 4493 ἐν
3267 4439 3433 4494 αὐτοῦ
3466 4459 3676 4515 παρου·

408 4533 465 4589 in
495 4534 838 4589 scandalum.
868 4532 1104 4605 Haecque
1133 4535 1281 4605 passi
1331 4543 1493 4597 sunt,
1537 4537 1665 4605 quia
1707 4536 1989 4590 ohscurati

2094 4535 2204 4606 σία.
2246 4531 2432 4597 Οῦτως
2454 4528 2545 4587 οὖν
2572 4532 2605 4604 ἡ
2639 4531 2956 4585 ἀποδοθεῖσα
2980 4532 3158 4585 αὐτῶν
3179 4532 3427 4605 τράπεζα
3452 4533 3677 4603 γέγονεν

406 4634 537 4682 sunt
567 4627 711 4681 oculi
735 4642 927 4682 eorum
954 4636 1012 4681 ut
1038 4643 1149 4683 non
1185 4628 1470 4691 viderent,
1496 4628 1627 4698 quia
1660 4635 1988 4699 respuerunt

2094 4626 2323 4680 ἐνώπιον
2355 4625 2535 4679 αὐτῶν
2567 4626 2648 4688 είς
2680 4624 2904 4693 παγίδα,
2936 4624 3032 4678 xui
3062 4627 3141 4688 εἰς
3165 4626 3554 4689 ἀνταποδόσεις
3579 4627 3677 4681 xui

404 4718 583 4772 lucem
609 4718 1011 4774 illuminantem
1037 4733 1256 4773 omnem
1288 4718 1595 4783 hominem,
1622 4726 1677 4773 et
1706 4720 1834 4789 quia
1863 4735 1990 4774 ocu-

2094 4719 2173 4780 είς
2194 4716 2507 4772 σκάνδαλον.
2527 4714 2634 4770 Καὶ
2650 4714 2820 4769 ταῦτα
2840 4716 3191 4781 πεπόνθασιν,
3213 4715 3511 4788 ἐπειδήπερ
3526 4720 3678 4772 ἐσκο-

406 4811 487 4864 los
520 4808 786 4865 habentes
816 4826 925 4865 non
957 4811 1259 4875 videbant,
1289 4822 1342 4866 et
1370 4826 1533 4867 aures
1578 4811 1845 4867 habentes
1877 4827 1988 4867 non

2094 4808 2355 4881 τίσθησαν
2382 4809 2433 4860 οί
2459 4805 2727 4877 ὀφθαλμοὶ
2754 4805 2932 4859 αὐτῶν
2961 4805 3057 4860 τοῦ
3095 4806 3169 4879 μὴ
3204 4806 3421 4878 βλέπειν
3446 4846 3461 4872 ,
3493 4807 3585 4862 διά
3618 4809 3680 4863 τὸ

404 4900 722 4956 audiebant.
769 4900 1140 4959 lncrassatum
1174 4905 1320 4958 enim
1362 4913 1446 4959 est
1493 4919 1590 4958 cor
1636 4919 1852 4966 eorum,
1902 4919 1990 4959 se-

404 4992 646 5048 cundum
671 4993 888 5057 lsaiam,
929 5004 982 5048 et
1006 4995 1196 5051 oculos
1219 4997 1572 5060 obturarunt,
1599 5010 1871 5067 auresque
1893 5011 1986 5067 ag-

407 5096 711 5159 gravarunt
732 5085 803 5142 ⁸⁷.
838 5087 1020 5154 Quare
1044 5088 1132 5142 hic
1155 5089 1556 5158 praznuntiatur
1582 5109 1595 5144 :
1626 5108 1643 5140 ι
1668 5088 1983 5145 Obscure‘u-

2095 4900 2442 4974 παρῃτῆσθαι
2463 4899 2524 4953 τὸ
2553 4899 2669 4969 φῶς
2695 4899 2756 4952 τδ
2782 4899 3015 4969 φωτίζον
3043 4900 3220 4954 πάντα
3240 4899 3557 4972 ἄνθρωπον,
3580 4899 3679 4953 xui

2089 4994 2217 5047 ἐπεὶ
2238 4991 2549 5063 ὀφθαλμοὺς
2583 4989 2795 5062 ἔχοντες
2824 4990 2925 5044 οὐκ
2964 4990 3209 5056 ἔϐλεπον,
3240 4990 3336 5045 xui
3371 4984 3484 5046 ὦτα
3524 4991 3677 5061 ἔχονο

2089 5101 2180 5149 τες
2220 5086 2320 5137 οὑκ
2375 5085 2592 5155 ἢκουον.
2645 5082 2951 5155 Ἑπαχύνθη
2995 5084 3105 5155 γὰρ
3139 5086 3173 5155 η
3218 5083 3417 5157 καρδία
3452 5082 3670 5149 αὐτῶν,

405 5183 498 5231 tur
515 5177 660 5231 oculi
688 5191 882 5231 eorum
910 5193 978 5231 ne
1006 5176 1248 5232 videant.
1281 5196 1299 5230 ι
1332 5178 1511 5232 Alium
1540 5192 1762 5249 quoque
1788 5194 1979 5234 casum

2094 5174 2230 5231 κατά
2253 5176 2345 5230 τὸν
2386 5173 2629 5242 Ἦσαταν,
2676 5174 2766 5229 καὶ
2809 5175 2935 5238 τοὺς
2966 5173 3279 5246 ὀφθαλμοὺς
3319 5175 3670 5248 ἐκάμμυσαν,

406 5281 596 5327 eorum
624 5270 772 5323 clare
795 5268 1129 5323 vaticinatur
1154 5269 1243 5324 his
1269 5270 1455 5325 verbis
1478 5289 1490 5324 :
1513 5289 1531 5321 ι
1554 5268 1619 5324 Ει
1643 5270 1868 5326 dorsum
1893 5287 1985 5325 eo.

405 5374 531 5415 mm
563 5374 779 5431 semper
810 5360 1035 5413 incurva
1056 5397 1071 5423 ,
1108 5377 1126 5409 ›
1154 5358 1209 5412 id
1235 5367 1359 5423 est,
1388 5378 1406 5411 ι
1440 5360 1757 5416 incurvabis
1778 5379 1798 5428 .;
1835 5380 1854 5414 ι
1883 5370 1937 5416 et
1963 5380 1978 5416 :

384 5460 389 5467 ‘
414 5471 432 5505 ι
448 5452 674 5508 l-Il'l'uude
697 5466 866 5522 super
891 5467 987 5508 eos
1008 5452 1146 5505 iram
1172 5458 1346 5515 tuam,
1362 5453 1619 5517 iscilicet,
1643 5452 1975 5521 ceﬂ‘undcsu

403 5551 461 5597 et
486 5560 501 5597 :
539 5542 751 5599 «Furor
782 5545 876 5599 ira:
912 5553 1018 5598 tua:
1046 5542 1476 5614 comprehendat
1505 5559 1601 5602 eos
1622 5549 1939 5613 ,mimirum
1961 5589 1977 5615 ,

474 5699 527 5737 ³⁸
563 5702 670 5756 ιω.
712 5716 789 5766 xl,
829 5701 884 5757 6.
962 5702 1003 5733 ³⁷
1040 5696 1149 5757 Isa.
1188 5717 1264 5765 vi,
1306 5701 1391 5757 ιθ.

2091 5272 2186 5325 xui
2230 5270 2297 5324 τά
2335 5265 2448 5324 ὦτα
2515 5269 2805 5341 ἐϐάρυναν.
2847 5269 2937 5324 Διὸ
2992 5271 3350 5345 προαγορεύει
3389 5272 3614 5343 φάσκων
3643 5274 3674 5327 ό

2090 5363 2275 5433 λόγος’
2319 5382 2337 5414 ι
2357 5363 2801 5436 Σκοτισθήτωσαν
2846 5363 2895 5417 οί
2943 5364 3211 5437 ὀφθαλμοὶ
3249 5366 3429 5420 αὐτῶν
3468 5365 3561 5419 τοῦ
3593 5365 3673 5439 μὴ

2094 5454 2327 5526 βλέπειν.
2356 5456 2515 5511 ι’Καὶ
2538 5456 2666 5511 ἄλλο
2689 5455 2744 5509 δὲ
2769 5455 3012 5527 ἐναργῶς
3043 5455 3254 5528 συμϐάν
3275 5460 3458 5522 αύτοῐς
3484 5456 3676 5512 θεσπί-

2089 5547 2172 5613 ζει
2191 5547 2363 5617 λέγων
2378 5565 2396 5583 ο
2428 5566 2452 5603 ι
2472 5546 2581 5603 Καὶ
2603 5546 2694 5601 τὸν
2716 5546 2883 5602 νῶτον
2904 5548 3085 5602 αὐτῶν
3109 5548 3399 5616 διαπαντὸς
3423 5548 3677 5622 σύγέαμρ
