4014 6206
403 315 513 374 753

1422 356 1425 361 ·
1532 337 2031 401 COMMENTARIA
2071 345 2136 402 IN
2176 346 2535 405 PSALMOS.’

3571 361 3662 410 lbi

400 438 571 540 ψον,“ι
613 438 755 540 ἀντὶῄ
774 443 870 497 του
889 487 904 511 ,
950 464 969 498 ι
999 450 1339 522 συγκάμψεις
1356 471 1369 484 ·
1397 472 1415 506 ›
1458 458 1573 521 καὶ,
1601 477 1621 509 ι
1648 463 1875 534 Ἔκχεον
1906 468 1967 520 ἐτι

2101 486 2121 514 ι
2153 469 2597 538 comprehendet.
2626 488 2643 517 ι
2675 467 2962 535 Quomodo
2992 477 3170 525 autem
3206 470 3394 526 isthme
3419 478 3542 540 post
3568 468 3668 527 Ju-

400 530 601 621 αὐτοὺς
621 531 717 604 τὴν
732 534 900 609 ὀργήν
934 555 1026 593 σου
1049 581 1064 606 ,
1091 562 1107 593 ι
1143 543 1263 597 ἀντὶ
1286 546 1404 611 τοῦ,
1429 568 1446 599 ι
1471 550 1685 620 ὲκχεεῖς
1702 530 1887 621 uacat,
1913 577 1931 609 ι
1962 580 1967 606 ι

2092 558 2333 614 decorum
2362 568 2556 614 contra
2584 560 2932 616 Servatorem
2962 570 3212 617 nostrum
3245 562 3426 617 audax
3451 562 3666 620 facinus

402 620 575 694 eum
604 625 704 697 τῆς
745 628 915 699 ὀργῆς
961 648 1055 687 σου
1090 635 1389 693 καταλάϐοι
1421 642 1635 708 αὐτοὺς,
1662 665 1679 696 ι
1718 646 1840 700 ἀντὶ
1871 620 1987 713 τοῦ,

406 732 428 765 ι
450 716 874 812 καταλήψεται.»
913 724 1100 791 Ὅπως
1127 727 1185 782 δὲ
1221 730 1317 782 καὶ
1344 732 1514 787 ταῦτα
1551 739 1688 807 μετὰ
1718 740 1816 812 τὴν
1848 743 1988 796 κατά

397 803 496 900 τοῦ
522 808 773 881 Σωτῆρος
800 812 955 884 ήμῶν
982 816 1187 887 τόλμαν
1212 820 1305 892 τῷ.
1337 803 1604 878 Ἰουδαίων
1629 803 1977 900 συμϐέϐηκεν

399 896 546 991 ἔθνει
564 937 591 991 ,7
620 900 682 991 οὐ
720 900 980 977 δυσχερὲς
1016 909 1372 979 καταμαθεῖν.
1424 912 1597 968 Πάλαι
1631 896 1729 986 μὲν
1762 896 1875 991 γὰρ
1898 917 1987 973 διὰ

394 989 499 1053 τὰς
525 985 969 1067 είδώλολατρείας
986 999 1165 1055 αὐτῶν
1194 1002 1408 1074 ἐχθροῖς
1430 1006 1524 1058 καὶ
1547 1006 1828 1079 πολεμίοις
1841 985 1986 1081 ’πρδς

392 1082 577 1154 ὀλίγον
600 1086 791 1156 καιρὸν
813 1088 1126 1145 ἐδουλοῦντο
1143 1107 1158 1122 ⁶
1186 1090 1284 1147 εἶτ’
1307 1092 1462 1162 αὖθις
1484 1097 1584 1169 τὴν
1609 1100 1814 1155 οἰκείαν
1835 1102 1985 1156 ἐλευ-

393 1173 586 1246 θερίαν
618 1176 922 1248 ὲλάμϐανον
942 1198 956 1212 ·
986 1182 1274 1256 αὐτόνομοί
1303 1205 1363 1241 τε
1407 1189 1504 1245 καὶ
1547 1192 1981 1248 αὐτοΰασίλευτοι

390 1266 684 1335 διετέλουν,
707 1270 769 1324 τὸ
783 1271 924 1343 ἱερὸν
949 1275 1040 1329 καὶ
1062 1274 1161 1349 τὴν
1179 1279 1239 1331 ἐν
1263 1280 1414 1352 αὐτῷ
1440 1281 1581 1337 κατὰ
1601 1284 1690 1336 τὸν
1704 1286 1837 1339 llin
1848 1287 1983 1351 σέως

390 1358 562 1431 νόμον
600 1360 854 1435 λατρείαν
883 1365 1285 1439 διατρέχοντεςο
1329 1374 1468 1442 μετὰ
1498 1373 1557 1429 δὲ
1589 1377 1689 1447 τὴν
1714 1377 1854 1431 κατὰ
1884 1378 1979 1431 τοῦ

392 1451 651 1524 Σωτῆρος
677 1455 835 1527 ἡμῶν
858 1458 1176 1531 ἐπιϐουλὴν,
1202 1463 1420 1520 πάντων
1447 1466 1660 1539 ἁθρόως
1686 1469 1982 1541 ἐστερήθη-

392 1559 531 1597 σανο
573 1548 887 1619 πολιορκίαν
912 1567 972 1605 τε
1004 1553 1098 1605 καὶ
1131 1553 1372 1611 δουλείαν
1411 1557 1511 1630 τὴν
1539 1560 1643 1614 ὑπὸ
1691 1561 1980 1632 Ῥωμαίοις

391 1635 813 1707 ὑπομείναντες,
854 1641 1130 1714 διέμειναν
1163 1645 1307 1702 οὕτω
1343 1652 1622 1716 ταπεινοὶ,
1659 1654 1752 1706 καὶ
1787 1654 1977 1724 μηκέτ’

389 1727 688 1784 ἀνανεῦσαι
718 1730 1064 1804 δεδυνημένοι
1084 1754 1098 1768 ·
1136 1737 1166 1790 ὃ
1189 1737 1253 1808 δὴ
1288 1742 1595 1814 σημαίνειή
1631 1743 1767 1813 μετὰ
1791 1747 1977 1815 χεῖρας

2090 651 2236 721 genti
2265 651 2633 723 contigerint,
2674 668 2784 707 non
2814 651 3037 709 dillicile
3066 654 3353 709 intellectu
3382 662 3487 711 est.
3519 654 3657 710 Nam

2090 743 2219 795 olim
2249 743 2492 813 quidem,
2523 743 2845 800 idololatriae
2875 760 2989 800 sua:
3015 760 3204 807 causa,
3233 745 3580 801 inimicorum
3609 755 3666 803 et

2089 833 2331 888 hostium
2384 833 2639 889 servituti
2684 834 2752 889 ad
2800 835 2965 890 breve
3006 842 3225 904 tempus
3269 835 3662 902 tradebantur;

2087 925 2287 981 deinde
2332 926 2389 980 in
2431 925 2719 996 pristinam
2764 927 3073 983 libertatem
3114 926 3571 992 restituebantur,
3599 943 3665 984 ac

2086 1020 2174 1074 sui
2214 1020 2359 1090 juris
2406 1021 2634 1090 suisque
2676 1019 2901 1089 regibus
2944 1019 3148 1075 subditi
3190 1018 3492 1089 degebant,
3526 1029 3666 1077 tem-

2085 1111 2269 1182 plum,
2300 1113 2619 1183 cultumque
2663 1113 2738 1167 ibi
2768 1128 2832 1168 ex
2880 1112 3080 1184 Moysis
3130 1112 3247 1181 lege
3282 1114 3662 1184 praescriptum

2085 1201 2552 1271 frequentabant;
2586 1212 2709 1271 post
2738 1200 2968 1281 insidias
2998 1217 3130 1255 vero
3168 1209 3363 1256 contra
3404 1200 3659 1258 Salvato-

2085 1310 2198 1349 rem
2228 1304 2480 1349 nostrum
2511 1301 2756 1349 structas
2776 1334 2791 1357 ,
2826 1293 3086 1348 omnibus
3126 1292 3415 1349 confertim
3461 1294 3660 1365 privati

2083 1393 2215 1441 sunt
2241 1404 2253 1439 :
2281 1395 2449 1454 atque
2472 1385 2761 1442 obsidione
2787 1393 2841 1440 et
2869 1385 3134 1441 servitute
3157 1384 3421 1442 Romanis
3442 1402 3664 1458 Oppres-

2082 1477 2164 1542 si,
2205 1477 2285 1532 sic
2317 1477 2520 1546 abjecti
2541 1516 2556 1540 ,
2590 1492 2659 1531 ne
2684 1476 2904 1546 quidem
2935 1485 3104 1547 caput
3130 1478 3344 1548 erigere
3371 1478 3657 1541 audentes,

2079 1578 2483 1625 remanserunt.
2531 1568 2689 1636 Quod
2733 1570 2832 1623 hac
2875 1570 3160 1640 pmphetia
3203 1570 3544 1641 signiﬁcatur
3570 1572 3657 1628 his

2080 1661 2262 1717 verbis
2287 1679 2300 1714 :
2333 1679 2355 1711 ι
2384 1659 2450 1714 Et
2479 1660 2704 1715 dorsum
2733 1676 2923 1716 eorum
2971 1678 3186 1732 semper
3229 1664 3479 1720 incurva.
3511 1683 3530 1715 ι
3558 1664 3657 1719 At-

2078 1752 2241 1809 tende
2266 1766 2396 1807 vero
2425 1752 2493 1807 ad
2527 1750 2659 1806 illud
2681 1792 2695 1815 ,
2723 1771 2747 1803 ι
2768 1767 3006 1823 semper.
3036 1773 3056 1804 ι
3079 1752 3197 1807 Νοη
3224 1754 3367 1818 enim
3399 1754 3465 1808 ad
3494 1754 3660 1810 breve

389 1822 702 1892 προφητεία
734 1823 792 1878 ὲν
817 1824 895 1896 τῷ
922 1826 1100 1898 λέγειν
1117 1847 1131 1861 ’
1172 1849 1190 1883 ι
1216 1832 1325 1886 Kal.
1350 1834 1442 1886 τὸν
1464 1834 1633 1890 νῶτον
1661 1837 1840 1893 αὐτῶν
1868 1839 1967 1893 δια-

2083 1854 2297 1915 tempus
2328 1852 2388 1899 ut
2414 1844 2583 1909 olim,
2614 1843 2707 1900 sed
2731 1862 2753 1896 ι
2778 1822 3015 1916 semper,
3044 1865 3062 1897 ι
3087 1846 3184 1901 ait.
3207 1846 3313 1901 Pro
3332 1862 3443 1917 quo
3460 1847 3656 1918 Aquila

390 1912 591 1976 παντὸς
630 1913 1006 1988 σύγκαμψον.»
1063 1920 1303 1992 Πρὸσχες
1333 1924 1441 1997 γὰρ
1469 1927 1617 1991 ὃπως
1640 1928 1854 2000 εἴρηται
1891 1931 1972 1994 τὸ,

398 2021 418 2053 ι
444 2003 769 2071 διαπαντόςο
800 2028 820 2061 ι
859 2010 919 2064 ού
961 2011 1069 2084 γὰρ
1103 2014 1240 2088 πρὸς
1271 2015 1450 2085 ὀλίγον
1482 2019 1606 2073 τινὰ
1642 2021 1832 2092 χρόνον
1870 2040 1975 2077 κα·-

392 2092 504 2183 θςυς
525 2095 712 2151 ἄλλοτε
733 2099 967 2169 ἐγένετο,
996 2104 1151 2170 ἀλλὰ,
1182 2126 1200 2158 ι
1220 2107 1575 2175 διαπαντὸς,»
1604 2113 1788 2183 φησίν.
1834 2114 1973 2169 Ἀνθ’

386 2177 504 2238 οῦδ
534 2185 636 2257 μὲν
672 2186 905 2254 Ἀκύλας
942 2194 1283 2266 ἡρμήνευσε·
1327 2198 1480 2252 (Καὶ
1508 2177 1855 2267 τοὺςνὼτους
1877 2206 1975 2258 αύ-

380 2274 497 2330 τῶν
521 2276 810 2353 ἐνδελεχῶς
836 2282 1106 2339 ἀτόνωσον
1125 2302 1138 2316 ’
1164 2305 1182 2337 ι
1211 2290 1239 2342 6
1261 2287 1317 2341 δὲ
1343 2289 1638 2361 Σύμμαχος
1655 2309 1669 2322 ·
1703 2311 1720 2345 ι
1742 2294 1851 2348 Καὶ
1874 2296 1974 2361 τὰς

379 2368 562 2439 ὀσφῦς
593 2372 773 2428 αὐτῶν
809 2375 1102 2444 διαπαντὸς
1133 2381 1495 2455 ὲξάρθρωσον.
1525 2404 1543 2437 ι
1588 2384 1701 2439 Ka‘t
1728 2388 1886 2444 τοῦτο
1915 2391 1972 2445 δὲ

381 2462 572 2528 αὐτοῖς
612 2466 811 2538 συνέϐη
839 2484 852 2500 °
887 2470 1009 2524 ἐπεὶ
1036 2473 1068 2543 ἡ
1100 2470 1236 2545 ὀργὴ
1275 2474 1369 2528 τοῦ
1408 2476 1542 2530 Θεοῦ
1572 2478 1752 2533 οὐκέτι
1789 2481 1972 2554 μέτρῳ

384 2553 534 2608 κατὰ
559 2557 620 2610 τὸ
639 2559 867 2614 παλαιὸν
893 2563 1154 2635 μετῆλθεν
1183 2565 1378 2632 αύτούς
1399 2585 1413 2599 θ
1444 2571 1476 2638 ἡ
1514 2571 1663 2624 πᾶσα
1681 2572 1738 2625 δὲ
1762 2573 1971 2645 ἁθρόως

382 2646 508 2700 κατ’
529 2648 709 2703 αὐτῶν
733 2651 982 2725 ἐξεχύθη.
1004 2656 1097 2708 Διὸ
1115 2657 1422 2726 ὲπιλέγεται
1443 2678 1456 2691 ·
1481 2680 1498 2710 ι
1514 2662 1740 2733 Ἔκχεον
1762 2665 1848 2718 ἐπ’
1871 2666 1969 2718 αύ-

377 2741 512 2803 τοὺς
538 2741 636 2813 τὴν
660 2743 829 2816 ὀργήν
854 2764 947 2799 σου
963 2786 976 2810 ,
1002 2749 1095 2802 καὶ
1118 2751 1146 2803 6
1171 2749 1339 2821 θυμὸς
1363 2751 1462 2823 τῆς
1484 2754 1655 2825 ὀργῆς
1684 2773 1777 2809 σου
1804 2775 1971 2811 κατα-

377 2830 538 2887 λάϐοι
568 2836 783 2903 αὐτούς.
813 2859 830 2890 ι
868 2839 1040 2895 Τοῦτο
1061 2841 1118 2895 δὲ
1148 2843 1240 2898 καὶ
1273 2846 1331 2898 ὲν
1358 2848 1525 2919 ἑτέρῳ
1553 2848 1807 2918 δηλοῦται
1832 2851 1970 2920 ψαλ-

380 2920 473 2993 μῷ
505 2923 582 2995 τῷ
607 2928 871 2999 φήσαντι·
910 2949 928 2982 ι
966 2932 1146 2996 Ἰνατί,
1169 2934 1195 2985 ὀ
1216 2933 1367 2999 Θεὸς,
1392 2936 1598 2992 ἀπώσω
1637 2940 1718 3004 εἰς
1738 2939 1890 3004 τέλος
1913 2958 1962 3005 ς»

378 3015 493 3069 Καὶ
516 3017 546 3069 6
583 3016 725 3084 θεῖος
745 3020 799 3075 δὲ
818 3023 1141 3090 ’Λπόστολος
1165 3026 1376 3093 τούτοις
1408 3031 1718 3102 συμφώνως
1748 3033 1931 3103 ἔλεγεν
1951 3054 1962 3064 ·

382 3109 677 3200 «ῌἜφθασε
706 3113 765 3166 δὲ
801 3116 888 3168 ἐπ’
918 3118 1117 3183 αὐτοὺς
1147 3121 1180 3191 ἡ
1221 3121 1356 3199 ὀργὴ
1388 3125 1467 3188 εἰς
1495 3125 1697 3190 τέλος.»
1739 3128 1963 3200 Πρῶτον

2080 1935 2473 2007 interpretatus
2512 1945 2634 1992 est:
2668 1955 2687 1987 ι
2720 1935 2783 1989 Et
2831 1936 2995 1993 dorsa
3043 1953 3234 1993 eorum
3284 1940 3658 1995 indesinenter

2076 2042 2275 2083 enerva
2304 2045 2319 2094 ;
2355 2046 2374 2080 ι
2407 2026 2771 2099 Symmachus
2828 2045 2994 2093 vero,
3030 2049 3047 2081 ι
3082 2029 3148 2084 Ει
3200 2032 3418 2088 lumbos
3460 2046 3654 2088 eorum

2076 2134 2294 2189 semper
2343 2119 2591 2176 debilita.
2630 2120 2831 2188 »ρυοά
2888 2123 3052 2177 etiam
3110 2124 3312 2179 accidit
3366 2125 3511 2191 illis;
3570 2125 3653 2180 ira

2074 2211 2276 2281 quippe
2309 2210 2403 2266 Dei
2435 2226 2544 2266 non
2576 2228 2700 2267 eum
2730 2228 2987 2269 mensura
3021 2215 3296 2285 quadam,
3328 2222 3388 2269 ut
3416 2215 3655 2285 antiqui-

2078 2311 2185 2364 tus,
2216 2301 2415 2356 invasit
2429 2315 2523 2357 eos
2543 2318 2557 2369 ;
2577 2302 2673 2358 sed
2702 2310 2814 2357 tota
2839 2304 3128 2360 confertim
3145 2304 3315 2361 eﬂ'usa
3327 2314 3432 2361 est.
3457 2304 3655 2373 Quam-

2072 2392 2260 2449 obrem
2306 2394 2565 2450 additur:
2596 2414 2613 2448 ι
2646 2394 2873 2453 Eﬂ'unde
2918 2412 3085 2467 super
3126 2412 3222 2453 eos
3264 2397 3401 2452 iram
3455 2406 3604 2452 tuam
3630 2437 3647 2460 ,

2071 2493 2126 2541 et
2166 2485 2320 2540 furor
2360 2486 2455 2542 ira:
2496 2494 2604 2543 tua:
2640 2488 3069 2560 comprehendat
3099 2504 3214 2545 eos.
3248 2509 3268 2541 ι
3296 2489 3410 2546 Hoc
3438 2492 3494 2545 in
3542 2492 3651 2546 alio

2073 2579 2200 2634 item
2256 2579 2467 2648 psalmo
2520 2579 2840 2634 enuntiatur
2898 2579 2985 2647 his
3039 2579 3271 2634 verbis:
3328 2599 3347 2632 ι
3406 2580 3645 2651 thuid,

2071 2669 2216 2726 Deus
2236 2710 2252 2734 ,
2286 2671 2532 2741 repulisti
2563 2671 2620 2725 in
2651 2670 2810 2727 tinem
2837 2672 2882 2704 ⁸⁸
2905 2673 2929 2723 ⁸(
2968 2691 2986 2723 ι
3016 2671 3112 2727 His
3140 2673 3306 2726 ctiam
3335 2672 3515 2727 aiﬁnia
3550 2675 3649 2728 ha-

2070 2762 2162 2819 bet
2185 2762 2407 2818 divinus
2437 2763 2732 2834 Apostolus
2760 2784 2774 2820 :
2804 2783 2823 2816 ‹
2850 2764 3103 2820 Pervenit
3139 2764 3194 2819 in
3221 2779 3317 2821 eos
3345 2764 3425 2819 ira
3477 2766 3532 2820 in
3584 2767 3649 2821 ila-

2071 2869 2194 2909 nem
2224 2854 2290 2909 ³⁵.
2321 2874 2341 2906 ι
2372 2853 2558 2909 Primo
2585 2855 2768 2927 itaque
2798 2871 2986 2912 mensa
3035 2872 3228 2912 eorum
3269 2857 3374 2912 fuit
3415 2858 3550 2928 ipsis
3588 2858 3647 2916 in

2072 2946 2327 3014 laqueum
2355 2986 2371 3012 ,
2405 2945 2603 3005 deinde
2636 2949 2779 3008 oculi
2811 2964 3001 3005 eorum
3033 2950 3316 3006 obscurati
3345 2959 3518 3017 sunt;
3550 2966 3649 3021 po-

2071 3045 2188 3094 stea
2219 3039 2455 3099 dorsum.
2479 3055 2667 3099 eorum
2702 3057 2920 3112 semper
2945 3042 3292 3097 incurvatum
3325 3051 3444 3106 est,
3475 3044 3646 3098 eli‘usa

2068 3127 2287 3183 scilicet.
2307 3129 2361 3185 in
2394 3129 2631 3187 illosira
2660 3128 2777 3185 Dei.
2812 3131 2928 3186 Sub
2954 3133 3071 3186 hazc
3102 3142 3286 3189 autem
3320 3131 3470 3186 aliud
3505 3132 3646 3203 ipsis

376 3194 524 3271 οὖνὴ
550 3204 799 3274 τράπεζα
826 3208 1003 3262 αὐτῶν
1033 3210 1247 3280 ἐγένετο
1262 3194 1457 3278 ἀὐτοῖς
1479 3219 1557 3282 είς
1584 3218 1781 3287 παγίδα
1801 3236 1817 3251 ο
1844 3215 1963 3274 εἶτα

2069 3230 2390 3279 eventurum
2422 3224 2756 3279 vaticinatur
2781 3224 2970 3280 dicens
2996 3244 3008 3279 :

375 3293 429 3347 οἱ
460 3292 730 3366 ὀφθαλμοὶ
760 3298 940 3354 αὐτῶν
967 3302 1305 3368 ὲσκοτίζοντο
1323 3321 1336 3334 ο
1368 3300 1487 3358 εἶτα
1518 3308 1546 3360 6
1574 3307 1743 3373 νῶτος
1775 3310 1967 3369 urbem
1989 3311 2279 3374 διαπαντὸς
2300 3313 2634 3384 ἐκάμπτετο,
2670 3314 2767 3384 τῆς
2796 3313 2890 3368 τοῦ
2920 3313 3054 3369 Θεοῦ
3082 3315 3253 3387 ὀργῆς
3303 3316 3388 3370 ἐπ’
3448 3316 3647 3381 αὐτοὺς

374 3383 729 3459 ἰκχτομένης.
764 3390 920 3446 Μετὰ
938 3392 997 3447 δὲ
1016 3392 1189 3450 ταῦτα
1208 3395 1336 3452 ἀλλο
1355 3414 1408 3452 τι
1426 3400 1751 3470 γενήσεσθαι
1778 3403 1963 3469 αὐτοῖς
1999 3403 2360 3476 προαγορεύει
2385 3383 2630 3476 φάσκων·

453 3504 782 3596 ιΓενηθήτω
816 3511 849 3582 ή
891 3510 1119 3578 ἔπαυλις
1160 3515 1341 3572 αὐτῶν
1378 3521 1718 3596 ήρημωμένη
1740 3541 1754 3555 ’
1781 3543 1799 3577 ι
1838 3527 1960 3582 ἀντὶ

374 3594 495 3662 τοῦ,
523 3600 935 3669 γενηθήσεται·
959 3624 977 3658 ι
1002 3609 1095 3662 καὶ
1112 3610 1169 3664 ἐν
1185 3613 1298 3676 τοῖς
1312 3613 1663 3686 σκηνώμασιν
1676 3617 1854 3672 αὐτῶν
1883 3620 1959 3697 μὴ

373 3691 518 3745 εστω
547 3693 577 3747 ό
613 3695 907 3750 κατοικῶν*
940 3718 958 3750 ι
993 3701 1113 3755 ἀντὶ
1137 3702 1251 3769 τοῦ,
1280 3704 1367 3774 μὴ
1404 3707 1647 3769 ἔσεται,
1671 3712 1819 3765 Ἔδει
1845 3691 1959 3787 γὰρ

378 3785 517 3855 μηδὲ
579 3785 738 3840 τοῦτο
777 3789 1067 3861 παρελθεῖν
1098 3795 1198 3866 τὴν
1231 3800 1574 3871 προφητικὴν
1606 3802 1804 3871 γνῶσιν
1826 3820 1843 3835 ·
1883 3785 1960 3869 ὡς

374 3873 487 3945 ἄρα
518 3875 612 3928 καὶ
642 3876 674 3947 ἡ
708 3875 934 3944 ἔπαυλις
960 3882 1141 3938 αὐτῶν
1179 3884 1333 3941 ἔσται
1366 3888 1569 3961 ἔρημος
1589 3910 1603 3921 ·
1634 3891 1667 3963 ἢ
1698 3892 1839 3946 κατὰ
1867 3894 1959 3947 τὸν

376 3966 696 4039 Σύμμαχον,
727 3989 747 4021 ι
770 3972 1023 4046 ἀοίκητος
1043 3992 1057 4006 ”
1108 3997 1126 4028 ι
1151 3977 1187 4049 ἢ
1211 3981 1352 4035 κατὰ
1370 3984 1461 4036 τὸν
1500 3985 1749 4050 Ἀκύλαν,
1778 4005 1796 4038 ι
1817 3988 1961 4057 rapa-

371 4059 656 4151 νισμένη.ι
680 4063 945 4119 Ἔπαυλιν
972 4066 1029 4121 δὲ
1057 4069 1234 4124 αὐτῶν
1255 4072 1352 4145 τὴν
1386 4075 1739 4149 Ἰερουσαλὴμ
1762 4078 1960 4151 ὀνομά-

374 4149 458 4215 ζει
480 4191 496 4215 ,
529 4150 712 4207 οὐκέτι
745 4153 880 4207 Θεοῦ
911 4156 1068 4210 πόλιν
1091 4155 1258 4216 οὖσαν
1277 4202 1292 4226 ,
1340 4164 1455 4225 ἀλλ’
1489 4167 1669 4222 αὐτῶν
1706 4149 1965 4233 ἔπαυλιν.Δ

373 4239 468 4332 se
494 4242 591 4294 καὶ
617 4240 823 4332 ἔρημον
854 4245 1023 4317 αὐτὴν
1050 4247 1271 4306 ἔσεσθαί
1305 4270 1505 4326 φησινι
1535 4257 1564 4308 ὃ
1594 4257 1657 4329 δὴ
1683 4260 1777 4313 καὶ
1810 4259 1957 4332 ἔργῳ

371 4331 671 4387 δείκνυται.
707 4331 821 4389 Εἶτ’
853 4336 1098 4407 ἐπιλέγει
1118 4358 1133 4374 ο
1189 4343 1338 4398 (Καὶ
1368 4346 1428 4400 ὲν
1458 4350 1571 4413 τοῖς
1603 4351 1968 4424 σκηνώμασιν.
2012 4340 2017 4347 ’

371 4426 553 4481 αὐτῶν
600 4426 675 4499 μὴ
701 4427 841 4482 ἔστω
869 4432 898 4484 6
929 4432 1201 4487 κατοικῶν
1224 4475 1240 4500 ,
1267 4455 1286 4488 ι
1324 4436 1387 4507 ἐξ
1412 4439 1589 4494 αὐτῶν
1617 4442 1817 4518 δηλαδὴ
1847 4445 1956 4505 τῶν

374 4516 542 4571 πάλαι
560 4518 861 4590 οἰκητόρων
880 4537 895 4551 ·
916 4521 945 4575 ὃ
965 4522 1058 4578 καὶ
1084 4524 1215 4579 αὐτὸ
1241 4527 1538 4600 ὀφθαλμοίς
1561 4533 1597 4607 ἡ
1617 4516 1842 4606 ἀλήθεια
1858 4538 1952 4593 τοῦ

371 4608 531 4679 λόγου
547 4612 893 4688 παρίστησιν.
911 4615 974 4668 Et
990 4615 1120 4685 γοῦν
1140 4634 1225 4682 τις
1238 4618 1484 4688 ἀφίκοιτο
1500 4625 1579 4689 εἰς
1594 4626 1720 4690 τοὺς
1735 4628 1951 4695 τόπους,

372 4699 471 4755 [Bm
497 4699 565 4755 ἂν
588 4701 686 4774 τὴν
718 4704 957 4778 ἐσχάτην
983 4707 1219 4781 ἐρημίαν
1248 4710 1342 4765 τοῦ
1365 4713 1529 4769 τόπου
1549 4733 1563 4746 “
1606 4716 1872 4775 Ἰουδαίων
1895 4722 1955 4776 δὲ

2127 3521 2297 3579 Vsus.
2324 3522 2513 3580 26-29.
2553 3543 2572 3577 ι
2607 3522 2727 3579 Fiat
2755 3524 3020 3580 habitatio
3045 3539 3237 3580 eorum
3264 3523 3513 3590 deserta;
3546 3544 3564 3577 ι
3587 3526 3640 3580 id

2059 3623 2141 3671 est
2160 3656 2176 3679 ,
2199 3617 2289 3686 ﬁet
2318 3631 2337 3670 :
2369 3636 2387 3666 ι
2420 3627 2470 3672 et
2498 3617 2552 3670 in
2579 3618 2950 3674 tabernaculis
2976 3632 3166 3673 eorum
3194 3633 3301 3672 non
3333 3620 3402 3672 sit
3434 3620 3528 3688 qui
3556 3618 3641 3672 in-

2060 3706 2298 3773 habitet,
2346 3726 2364 3760 ι
2397 3709 2638 3773 scilicet,
2675 3728 2778 3765 non
2825 3711 2945 3767 erit.
2984 3711 3052 3765 At
3087 3710 3233 3765 enim
3264 3710 3637 3780 propheticam

2058 3798 2305 3854 notitiam
2348 3799 2403 3854 id
2446 3802 2727 3872 praeterire
2768 3820 2878 3858 non
2918 3804 3198 3875 oportuit,
3245 3804 3390 3873 quod
3440 3818 3639 3874 nempe

2059 3892 2326 3949 habitatio
2350 3909 2539 3950 eorum
2568 3894 2787 3951 deserta
2816 3897 2994 3952 futura
3021 3899 3125 3963 sit;
3156 3895 3271 3951 sive
3290 3905 3310 3960 ,’
3334 3894 3636 3950 secundum

2060 3982 2450 4058 Symmachum
2468 4026 2484 4053 ,
2507 3986 2918 4045 «inhabitabilis
2938 3989 3081 4056 ;ivel
3097 4027 3113 4054 ,
3139 3986 3440 4045 secundum
3462 3986 3639 4058 Aqui--

2055 4079 2166 4133 lam
2184 4120 2201 4147 ,
2223 4097 2243 4131 ι
2266 4079 2467 4136 deleta.
2494 4100 2512 4133 ι
2536 4079 2941 4136 Habitationem
2980 4096 3173 4138 eorum
3215 4088 3374 4137 vocat
3413 4079 3635 4136 Jerosoi-

2056 4170 2258 4243 lymam
2279 4214 2294 4239 ,
2324 4187 2446 4243 qute
2474 4188 2587 4228 non
2619 4174 2766 4228 ultra
2795 4174 2995 4230 civitas
3028 4174 3123 4230 Dei
3153 4182 3270 4239 est,
3304 4174 3398 4230 sed
3443 4188 3634 4231 eorum

2058 4263 2346 4322 habitatio.
2392 4264 2574 4332 Quare
2619 4266 2896 4321 desertam
2941 4266 3059 4322 fore
3107 4266 3283 4333 dicit;
3325 4267 3468 4338 quod
3513 4267 3634 4337 ipso

2058 4371 2222 4427 opere
2253 4357 2671 4427 comprobatur.
2706 4357 2904 4412 Subdit
2935 4366 3124 4428 postea
3152 4377 3165 4412 :
3198 4378 3216 4409 ι
3246 4356 3314 4411 Ει
3351 4359 3405 4413 in
3448 4358 3636 4413 tabero

2056 4448 2273 4504 naculis
2316 4463 2507 4502 eorum
2556 4464 2666 4503 non
2713 4449 2787 4505 sit
2816 4450 2909 4518 qui
2954 4449 3257 4513 inhabitet,
3291 4470 3310 4502 ι
3335 4465 3402 4507 ex
3434 4450 3634 4521 priscis

2057 4540 2272 4594 scilicet
2305 4539 2545 4605 incolis;
2582 4539 2730 4608 quod
2759 4540 2939 4610 ipsum
2971 4542 3135 4595 etiam
3162 4540 3456 4602 oculisrei.
3492 4541 3637 4599 πενία

2054 4641 2139 4686 tas
2164 4631 2344 4687 oll‘ert.
2377 4629 2434 4687 Si
2466 4635 2593 4702 quis
2635 4632 2781 4688 enim
2824 4632 2943 4686 loca
2982 4632 3179 4699 adeat,
3213 4642 3523 4693 extremam.
3556 4635 3632 4697 ibi

2055 4723 2404 4780 solitudinem
2432 4723 2735 4794 conspiciet
2762 4740 2776 4790 ;
2801 4721 3115 4781 ludazorum
3140 4725 3294 4780 nullo
3316 4724 3552 4781 audente
3575 4725 3631 4784 in

369 4789 561 4883 οὐδένα
597 4792 880 4883 τολμῶντα
913 4798 1213 4853 ἐπιϐαίνειν
1235 4804 1302 4875 τῇ
1338 4804 1513 4871 πόλει,
1543 4809 1753 4880 μήτιγε
1785 4814 1956 4866 οίκετν

2069 4816 2249 4871 urbem
2278 4817 2546 4872 accedere
2605 4789 2807 4871 nedum
2833 4816 2999 4873 isthic
3022 4817 3308 4880 habitare;
3335 4820 3444 4874 imo
3463 4821 3637 4875 etiam

368 4881 585 4936 αὑτόθυ
622 4882 738 4937 ἀλλ’
766 4885 887 4939 οὐδὲ
916 4886 1130 4961 οἴκησις
1167 4892 1428 4970 Ἰουδαϊκῇ
1457 4898 1859 4971 περιλέλειπται
1888 4905 1946 4957 ὲν

364 4972 448 5046 τῷ
472 4974 625 5046 τόπῳ
649 5017 665 5042 ,
714 4976 790 5040 ὣς
817 4995 939 5033 τινα
964 4980 1074 5034 τῶν
1109 4982 1377 5056 Ἑλλήνων
1407 4992 1581 5045 οίκεῖνη
1603 4994 1661 5047 ἐν
1687 4994 1825 5067 αὐτῇ
1852 4994 1945 5050 δύ-

362 5067 583 5121 νασθαι.
616 5068 709 5122 Διὸ
735 5068 1014 5124 λέλεκται·
1053 5094 1072 5126 ι
1098 5077 1207 5130 Καὶ
1233 5080 1292 5131 ὲν
1319 5084 1431 5145 τοῖς
1464 5085 1815 5157 σκηνώμασιν
1847 5089 1946 5141 αύ-

358 5157 472 5210 τῶν
502 5158 578 5231 μὴ
596 5158 735 5214 ἔστω
754 5164 783 5216 6
805 5164 1092 5219 κατοικῶν·
1118 5188 1137 5219 ι
1159 5168 1190 5241 ἢ
1220 5171 1360 5227 κατὰ
1382 5172 1473 5228 τὸν
1496 5175 1566 5228 Σύ
1574 5193 1837 5248 μμαχονοι
1862 5182 1951 5235 Ἑν

359 5253 483 5313 ταῖς
508 5255 733 5323 σκηναῖς
747 5256 926 5310 αὐτῶν
949 5256 1024 5330 μὴ
1043 5257 1183 5313 ἔστω
1202 5263 1232 5315 6
1253 5263 1537 5321 κατοικῶν.
1563 5287 1582 5317 ι
1615 5269 1817 5342 Ἀρδην
1834 5270 1944 5343 γὰρ

356 5343 429 5395 ἐκ
472 5341 690 5415 βάθρων
733 5348 904 5400 πᾶσαι
947 5346 1128 5403 αὐτῶν
1166 5355 1223 5409 at
1256 5356 1453 5427 σκηναί¹
1487 5358 1579 5411 καὶ
1615 5362 1670 5415 ai
1701 5341 1947 5433 οἰκήσεις,

2054 4910 2263 4964 nullum
2297 4907 2714 4964 ibidudmorum
2743 4911 3114 4968 habitaculum
3145 4913 3393 4968 relictqu
3422 4922 3506 4969 cst
3538 4915 3630 4973 ubi

2054 5000 2369 5057 Graecorum
2417 5002 2692 5073 quispiam
2743 5002 2994 5061 habitare
3041 5005 3236 5075 possit.
3283 5005 3635 5077 Quapropter

2055 5093 2259 5149 dictum
2288 5101 2375 5149 est
2398 5113 2412 5149 :
2435 5114 2457 5146 ι
2486 5094 2550 5147 Et
2580 5095 2639 5148 in
2666 5094 3050 5151 tabernaculis.
3068 5111 3260 5152 eorum
3290 5112 3401 5152 non
3432 5095 3624 5163 sitqui

2057 5185 2357 5251 inhabitet;
2384 5205 2404 5237 ι
2428 5185 2535 5251 vel,
2556 5185 2857 5241 secundum
2889 5186 3298 5258 Symmachum,
3320 5207 3338 5238 ι
3359 5189 3414 5242 in
3444 5186 3634 5240 taberm

2049 5274 2262 5334 naculis
2286 5289 2474 5331 eorum
2502 5290 2610 5329 non
2630 5276 2703 5331 sit
2725 5275 2818 5346 qui
2842 5275 3126 5331 inhabitet.
3142 5276 3454 5333 inadicitus
3471 5273 3618 5329 enim

2049 5372 2103 5421 et
2130 5381 2159 5419 a
2191 5365 2560 5423 fundamentis
2572 5369 2755 5423 omnia
2780 5370 3135 5426 tabernacula
3164 5380 3216 5424 et
3231 5366 3507 5423 domicilia
3524 5381 3623 5422 eo-

360 5438 804 5510 κατεσκάφησαν.
866 5442 1005 5514 Ὅρα
1036 5446 1217 5500 τοίνυν
1241 5447 1454 5501 ὁπόσων
1482 5451 1887 5523 ἐμνημόνευσεν
1914 5457 1944 5509 6

2069 5473 2168 5512 'um
2195 5460 2378 5516 excisa
2402 5468 2551 5516 sunt.
2581 5460 2967 5518 Animadverte
2991 5463 3157 5534 igitur
3182 5465 3315 5529 quot
3336 5465 3391 5512 et
3412 5469 3621 5527 quanta

357 5527 541 5597 λόγος,
568 5532 805 5603 ἐρημίας
824 5534 919 5588 τοῦ
946 5536 1104 5605 ἁγίου
1124 5539 1292 5592 τόπου
1313 5578 1328 5603 ,
1352 5542 1660 5614 ἀφανισμοῦ
1683 5545 1789 5599 τῶν
1811 5563 1943 5619 σκη-

359 5621 630 5695 νωμάτων
657 5625 856 5692 αὐτῶν,
889 5627 981 5681 τοῦ
1010 5628 1199 5695 ἔθνους
1224 5631 1517 5698 παντελοῦς
1539 5635 1941 5705 ταπεινώσεως,

431 5779 474 5812 ³⁸
516 5776 661 5836 Psal.
705 5797 900 5851 tum,
945 5784 995 5843 l.
1073 5785 1116 5818 ”
1159 5785 1176 5841 l
1216 5786 1409 5847 Thess.
1455 5806 1517 5857 ιι,
1563 5789 1647 5848 iii.

2047 5548 2138 5603 hic
2165 5558 2561 5617 memorentur,
2591 5554 2767 5610 sancti
2813 5553 2919 5608 loci
2958 5549 3232 5611 solitudo,
3274 5547 3489 5604 evulsio
3537 5558 3618 5604 ta-

2047 5642 2469 5700 bernaculorum
2514 5645 2788 5718 ipsorum,
2833 5655 3072 5704 extrema
3118 5643 3297 5715 gentis
3342 5640 3580 5714 abjectio
3610 5684 3629 5714 ,
