4014 6206
358 319 463 374 757

1492 322 2003 380 COMMENTARIA
2040 323 2108 378 IN
2146 321 2481 381 PSAL‘MOS.

3504 327 3605 384 758

350 434 411 491 δὲ
439 436 785 509 προσέθηκαν
809 438 935 510 ἐμοϊ
956 439 1026 493 τὰ
1046 440 1252 503 ἑαυτῶν
1269 443 1432 496 κακά.
1468 461 1485 493 ι
1502 444 1749 498 Ἕδωκαν
1770 465 1788 496 ι
1811 444 1932 515 γοῦν

2041 445 2172 499 mihi
2200 446 2575 502 addiderunt.¢
2600 444 2873 502 Dederunt
2901 467 2918 499 ι
2942 445 3130 517 igitur:
3158 445 3213 501 in
3230 461 3409 502 escam
3430 462 3606 503 meam

309 524 317 549 ‘
356 530 471 593 «εἰς
491 529 552 583 τὸ
584 529 782 601 βρῶμά
810 547 911 600 μου
939 531 1121 603 χολὴν,
1149 533 1243 585 καὶ
1270 534 1348 598 είς
1373 535 1471 605 τὴν
1502 535 1786 606 δίψαν⁸μου
1813 537 1941 589 ἐπό-

348 623 510 675 τισάν
537 639 603 692 με
626 621 747 687 ὅξος
767 641 779 653 ·
812 641 830 675 ι
877 625 937 677 ού
965 625 1125 695 μόνον
1155 625 1276 679 καθ’
1303 627 1361 679 ὃν
1391 627 1630 698 ἔπασχον
1652 630 1743 682 ὑπ’
1767 630 1942 683 αὐτῶν

348 714 543 786 καιρὸν
561 755 577 779 ,
613 715 748 769 ἀλλὰ
780 718 874 769 καὶ
898 720 956 770 ἐν
979 722 1092 781 τοῖς
1110 718 1248 788 μετά
1261 719 1432 772 ταῦτα
1448 721 1659 793 χρόνοις
1680 725 1798 786 ταῖς
1820 725 1941 776 κατ’

355 807 489 877 ἐμοῦ
522 808 897 880 βλασφημίαις
927 811 1355 882 παραμένοντες.
1381 813 1471 866 Διὸ
1495 812 1636 867 κατὰ
1663 814 1753 868 τὸν
1785 814 1942 867 Ἀκύ-

347 895 469 966 ὶαν,
495 901 616 955 ἀντὶ
646 901 762 966 τοῦ,
785 921 804 952 ι
833 901 1193 974 προσέθηκαν,
1217 921 1235 952 δ
1269 902 1681 973 διηγήσονται,
1705 905 1936 977 εἴρηται·

350 993 491 1047 κατά
512 992 569 1045 δὲ
586 992 679 1045 τὸν
698 991 1014 1064 Σύμμαχον,
1045 1011 1064 1045 ι
1087 991 1398 1063 ἐξηγοῦντο.
1422 1014 1441 1046 ι
1468 994 1542 1047 Οὐ
1568 994 1685 1065 γὰρ.
1700 994 1810 1064 ἀπή
1821 1011 1939 1065 ρκει

347 1085 413 1139 τὸ
440 1086 589 1152 ἀπαξ
628 1084 761 1139 ποτέ
798 1085 1166 1158 τραυματίσαι
1195 1085 1390 1151 αὐτὸν,
1435 1086 1532 1139 καὶ
1567 1086 1790 1140 τοιαῦτα
1821 1089 1937 1139 κατ’

348 1177 518 1232 αὐτοῦ
537 1177 624 1232 τολ
635 1178 807 1250 μῆσαι-
820 1197 833 1209 “
853 1178 967 1232 ἀλλ’
983 1177 1174 1251 ῶσπερ
1191 1179 1284 1232 ἐπὶ
1303 1178 1722 1251 κατορθώμασιν
1739 1180 1938 1248 ἐγκαυ-

348 1270 588 1343 χώμενοι
621 1277 732 1336 τοῖς
762 1271 970 1325 ἑαυτῶν
998 1271 1240 1335 τέκνοις,
1273 1270 1341 1326 τὰ
1384 1273 1503 1325 κατ’
1538 1271 1701 1326 αὑτοῦ
1732 1270 1936 1342 τολμη-

346 1364 513 1419 θέντα
563 1365 751 1428 αύτοῖς
785 1362 1088 1435 διηγοῦντο.
1133 1362 1289 1416 Ἐπεὶ
1319 1363 1499 1416 τοίνυν
1542 1363 1696 1418 αὐτοὶ
1734 1361 1935 1432 ταύτην

346 1458 563 1512 εῦωαντο
591 1458 691 1528 τὴν
724 1456 918 1528 μερίδα
937 1496 952 1519 ,
1000 1454 1289 1520 διώξαντες
1325 1456 1424 1527 μέν
1449 1456 1508 1509 ὅν
1538 1457 1603 1510 σὺ
1634 1454 1931 1519 ἐπάταξας,

344 1552 579 1622 ἀνομίας
603 1551 660 1603 δέ
690 1551 784 1603 καὶ
802 1550 1057 1614 ἀσεϐείας
1087 1552 1172 1619 ἐφ’
1197 1550 1423 1612 ἑαυτοὺς
1450 1548 1544 1602 καὶ
1567 1548 1660 1601 ἐπὶ
1680 1546 1747 1601 τὰ
1768 1547 1934 1600 τέκνα

343 1640 527 1695 αὐτῶν
581 1640 957 1711 σωρεύσαντες
982 1657 998 1671 ’
1051 1640 1276 1703 εἰκότως
1325 1638 1638 1708 ἐπιλέγεται
1686 1637 1931 1701 τούτοις·

352 1754 378 1785 ο
399 1731 643 1806 Πρόσθες
662 1732 890 1803 ἀνομίαν
913 1732 1004 1785 ἐπὶ
1025 1731 1124 1802 τὴν
1155 1731 1384 1803 ἀνομίαν
1401 1730 1579 1784 αὐτῶν
1595 1748 1607 1761 ·
1623 1750 1641 1783 ι
1668 1731 1787 1784 ἀντὶ
1812 1727 1928 1794 τοῦ,

353 1845 377 1877 ι
403 1804 758 1897 προσθήσεις’
787 1843 803 1875 ι
845 1823 996 1877 ἔσται
1027 1824 1137 1895 γὰρ
1169 1823 1351 1888 αὐτοῖς
1398 1822 1583 1876 κακῶν
1624 1822 1930 1894 προσθήκη.
1966 1804 2008 1859 Β

349 1916 437 1971 Τὰ
466 1918 560 1989 μὲν
591 1918 700 1988 γὰρ
725 1918 791 1970 ἐκ
814 1915 908 1970 τοῦ
941 1917 1026 1986 ἐφ’
1059 1918 1191 1988 ἡμῖν
1224 1913 1529 1985 ἀνθρώποις
1552 1914 1835 1984 γίγνεται,
1865 1914 1936 1967 τὰ

348 2008 413 2062 δὲ
445 2011 510 2062 ἐκ
540 2008 644 2091 τῶν
675 2005 1183 2061 ἐπακολουθούντων
1213 2004 1411 2070 ἔξωθεν
1441 2004 1520 2076 τῷ
1547 2005 1631 2074 ἐφ’
1662 2007 1815 2076 ἡμῖν.
1844 2004 1935 2057 Διὸ

352 2099 597 2154 λέλεκταί
629 2117 731 2153 που
763 2099 897 2173 πρὸς
920 2099 1011 2152 τὸν
1035 2098 1166 2151 Θεόν
1185 2115 1198 2128 ⁸
1239 2116 1256 2149 ι
1284 2097 1438 2151 Μετά
1459 2096 1607 2150 όσίου
1632 2096 1930 2167 όσιωθήσῃ,

350 2193 448 2247 καὶ
490 2192 629 2263 μετὰ
672 2190 932 2263 στρεϐλοῡ
979 2188 1357 2262 διαστρέψεις·
1380 2208 1396 2239 ι
1435 2187 1547 2241 Καὶ
1587 2188 1644 2239 ἐν
1677 2186 1755 2258 τῷ
1787 2186 1935 2256 νόμῳ

343 2283 405 2337 δὲ
431 2285 649 2355 εἴρηται
680 2284 745 2336 ἐκ
778 2280 1071 2354 προσώπου
1110 2280 1297 2335 αὐτοῦ.
1339 2299 1356 2331 ι
1379 2279 1487 2333 Καὶ
1511 2278 1605 2333 ἐὰν
1629 2275 1932 2348 πορευθῆτε

344 2373 489 2445 πρὸς
520 2374 587 2445 μέ
616 2373 868 2441 πλάγιοι,
900 2370 1236 2443 πορεύσομαι
1270 2367 1425 2438 κάγὼ
1448 2366 1582 2441 πρὸς
1608 2366 1750 2437 ὑμᾶς
1776 2362 1935 2435 θυμῷ

345 2464 588 2535 πλαγίῳ.
614 2482 634 2516 ι
683 2462 837 2517 Ἐπεὶ
881 2461 1060 2516 τοίνυν
1089 2461 1243 2514 αὐτοὶ
1274 2459 1462 2532 ὥσπερ
1495 2456 1690 2530 μακρῷ
1717 2455 1933 2526 σχοινίῳ

341 2555 449 2620 τὰς
480 2556 710 2627 ἀνομίας
740 2555 948 2610 ἑαυτῶν
979 2553 1360 2609 ἐπεσπάσαντο
1379 2592 1394 2616 ,
1424 2550 1647 2613 εἰκότως
1686 2549 1778 2602 καὶ
1808 2547 1872 2600 σὺ
1903 2548 1933 2600 ό

339 2647 557 2711 δίκαιος
591 2646 782 2719 κριτὴς
821 2644 1149 2718 προσθήσεις
1181 2644 1407 2714 ἀνομίαν
1439 2642 1531 2695 ἐπὶ
1567 2639 1665 2711 τὴν
1703 2637 1931 2707 ἀνομίαν

314 2739 562 2795 -αύτῶνο
601 2738 861 2810 δευτέραν
892 2737 1075 2799 αὐτοῖς
1100 2735 1237 2808 πρὸς
1267 2737 1335 2806 τῇ
1378 2731 1617 2806 προτέρα
1647 2721 1930 2799 λογιζόμε-

2047 538 2149 602 fel,
2180 549 2234 594 et
2268 540 2322 592 in
2354 539 2443 593 siti
2476 555 2592 593 mea
2628 548 2956 609 putaverunt
2990 555 3075 594 me
3105 546 3300 605 aceto;
3332 558 3350 590 ι
3380 555 3486 594 non
3518 552 3610 597 so-

2045 632 2154 685 lum
2206 643 2447 701 tempore
2496 632 2764 702 passionis
2799 647 2966 696 meae,
3012 630 3109 687 sed
3155 632 3208 684 in
3252 631 3610 701 sequentibus

2042 724 2361 794 blasphema
2388 732 2580 778 contra
2607 740 2692 778 me
2724 724 2871 777 dicta
2902 721 3147 793 proferre
3174 733 3606 791 perseverantes.

2042 812 2247 881 Quare,
2273 813 2574 869 secundum
2605 813 2895 883 Aquilam,
2923 827 3023 883 pro
3045 812 3161 878 illo,
3185 831 3202 863 ι
3228 811 3605 877 ιιιιᾱὶιίοιιιιιι,ι

2042 907 2264 971 dicitur,
2319 924 2338 957 ι
2371 906 2748 971 enarrabunt;
2792 925 2810 959 ι
2865 904 3167 960 secundum
3225 901 3609 975 Symmachum

2045 1015 2172 1054 vero
2202 1017 2222 1050 ι
2250 998 2601 1053 enarrabant.
2638 1017 2655 1050 ι
2685 996 2807 1052 Non
2854 999 2999 1051 enim
3041 1005 3127 1050 sat
3167 995 3276 1050 illis
3321 994 3424 1050 fuit
3464 997 3611 1068 quod

2042 1092 2212 1146 semel
2271 1090 2448 1160 ipsum
2499 1091 2917 1152 vulnerassent,
2965 1096 3023 1143 et
3070 1088 3200 1141 talia
3246 1096 3437 1142 contra
3485 1103 3608 1152 eum

2039 1184 2157 1237 ausi
2206 1183 2473 1247 fuissent;
2517 1183 2610 1238 sed
2662 1180 2816 1251 quasi
2866 1196 2925 1235 re
2974 1180 3115 1235 bene
3157 1187 3309 1250 gesta
3349 1179 3606 1250 gloriosi,

2039 1293 2206 1332 ausus
2256 1292 2387 1332 suos
2435 1276 2559 1331 liliis
2602 1275 2953 1329 (-narrahant.
3009 1273 3277 1340 Quoniam
3324 1272 3489 1343 igitur
3530 1272 3607 1327 illi

2006 1366 2009 1369 ’
2038 1371 2200 1423 talem
2230 1371 2535 1439 portionem
2571 1372 2907 1438 coaptarunt
2931 1408 2947 1433 ,
2980 1382 3141 1436 quem
3188 1374 3242 1418 ιιι
3286 1364 3607 1435 percussisti

2037 1472 2455 1534 persequentes.
2490 1462 2810 1533 iniquitates
2837 1468 3020 1514 autem
3041 1468 3096 1515 et
3125 1459 3431 1529 impietates
3465 1458 3521 1512 in
3549 1471 3609 1514 se

2034 1562 2091 1609 et
2123 1555 2177 1608 in
2207 1556 2346 1609 lilios
2373 1569 2505 1609 suos
2528 1559 2917 1607 coacervantes
2943 1567 2958 1615 ;
2995 1550 3119 1619 jure
3148 1548 3435 1617 adjicitur:
3461 1565 3479 1599 ι
3498 1546 3609 1619 Ap-

2035 1661 2178 1716 pone
2215 1644 2558 1715 iniquitatem
2607 1657 2771 1712 super
2816 1641 3159 1711 iniquitatem
3197 1638 3474 1708 ipsorum,
3508 1656 3524 1687 ι
3552 1636 3607 1691 id

2036 1744 2151 1802 est,
2184 1755 2202 1788 ι
2235 1750 2477 1807 appones
2505 1753 2519 1788 :
2553 1753 2575 1785 ι
2600 1732 2740 1803 ipsis
2779 1746 3015 1801 namque
3049 1730 3320 1783 malorum
3362 1726 3606 1783 accessio

2035 1831 2159 1886 erit.
2213 1828 2333 1882 Alia
2380 1826 2525 1883 enim
2578 1825 2741 1880 nobis
2782 1823 3101 1878 hominibus
3141 1838 3211 1875 ex
3251 1818 3608 1875 interioribus

2035 1922 2335 1987 eveniunt;
2374 1921 2480 1976 alia
2520 1933 2650 1974 vero
2697 1917 2916 1972 aliunde
2960 1932 3025 1971 ex
3077 1913 3433 1985 sequentibus
3461 1911 3606 1966 inte-

2036 2016 2183 2070 riora
2235 2022 2447 2069 nostra.
2498 2010 2679 2078 Quare
2732 2007 2931 2063 alicubi
2984 2005 3098 2061 Deo
3146 2005 3383 2059 dicitur:
3416 2021 3434 2054 ι
3466 2001 3605 2067 Cum

2037 2115 2230 2162 sancto
2253 2114 2474 2161 sanctus
2495 2103 2628 2163 eris,
2651 2111 2845 2156 etcum
2880 2113 3135 2170 perverso
3162 2093 3489 2167 perverteris
3500 2091 3601 2149 ⁸⁸.»

2035 2199 2095 2253 1η
2130 2198 2246 2268 lege
2277 2210 2494 2268 quoque
2522 2210 2591 2249 ex
2624 2193 2797 2263 ipsius
2833 2204 3063 2260 persona
3096 2187 3337 2242 dicitur:
3371 2204 3387 2233 ι
3418 2182 3478 2237 Si
3507 2197 3605 2237 ve—

2034 2292 2201 2347 niatis
2228 2288 2296 2344 ad
2328 2304 2413 2344 me
2440 2285 2679 2357 obliqui,
2708 2283 2963 2338 accedam
2992 2288 3047 2334 et
3075 2293 3177 2350 ego
3204 2279 3270 2333 ad
3300 2291 3396 2331 vos
3421 2274 3608 2328 animo

2034 2384 2260 2453 obliquo
2288 2382 2354 2435 ⁸⁸.
2388 2401 2407 2433 ι
2438 2380 2575 2447 Quia
2610 2379 2773 2449 igitur
2803 2377 2881 2431 illi
2911 2373 3067 2446 quasi
3099 2369 3343 2425 funiculo
3372 2367 3605 2437 oblonga

2035 2476 2258 2541 peccata
2294 2483 2393 2523 sua
2427 2466 2755 2529 trahebant,
2789 2463 2914 2535 jure
2948 2472 3005 2517 tu
3036 2475 3254 2533 quoque
3285 2458 3473 2528 justus
3506 2455 3603 2525 ju-

2034 2562 2139 2618 dex
2180 2575 2422 2632 appones
2464 2557 2805 2628 iniquitatem
2852 2570 3018 2625 super
3046 2550 3410 2622 iniquitatem
3455 2548 3606 2618 ipso~

2035 2668 2155 2707 rum
2182 2670 2197 2719 ;
2220 2650 2295 2707 ad
2322 2651 2561 2722 priorem
2588 2649 2767 2710 illam,
2797 2646 2958 2698 aliam
2992 2644 3288 2713 imputans.
3318 2637 3431 2694 Imo
3461 2651 3603 2708 quo-

2034 2760 2141 2817 que
2183 2745 2297 2798 ait:
2332 2763 2350 2795 ι
2376 2740 2493 2796 Non
2547 2742 2750 2795 intrent
2798 2737 2853 2792 in
2897 2735 3165 2807 justitiam
3213 2740 3385 2787 tuam.
3415 2749 3435 2783 ι
3463 2728 3601 2783 Nam

343 2849 460 2897 νος.
510 2830 669 2885 Ἀλλά
711 2831 806 2884 καὶ
841 2848 858 2880 ο
893 2827 986 2899 Μὴ
1032 2827 1457 2890 είσελθέτωσαν,
1503 2823 1700 2895 φησιν,
1753 2824 1809 2873 ἐν
1855 2820 1932 2873 δι-

2035 2837 2245 2907 iustitia
2280 2834 2497 2917 quidem
2539 2840 2631 2886 tua
2675 2830 2857 2900 justos
2899 2826 3164 2890 advocat,
3198 2835 3499 2891 omnesque
3531 2818 3601 2875 ad

343 2922 613 2995 καιοσύνῃ
644 2939 758 2975 σου.
786 2939 804 2972 ι
867 2921 929 2973 Ἡ
966 2920 1062 2991 μὲν
1098 2918 1208 2990 γὰρ
1252 2916 1318 2989 σὴ
1352 2914 1667 2985 δικαιοσύνη
1693 2911 1932 2976 δικαίους

340 3014 701 3077 εἰσκαλείται,
727 3014 822 3067 καὶ
851 3013 1056 3074 πάντας
1079 3012 1158 3074 είς
1182 3008 1249 3063 τὰ
1281 3007 1546 3062 ἐνδοτάτω
1573 3006 1672 3077 τῆς
1706 3004 1805 3075 σῆς
1835 3004 1931 3074 βα-

344 3107 555 3169 σιλείας
587 3106 728 3160 κατά
758 3104 855 3168 τὰς
886 3102 1219 3175 ἐπαγγελίας
1247 3100 1570 3171 ὑποδέχεται
1590 3117 1602 3130 ’
1655 3100 1702 3152 oi
1733 3098 1789 3151 δὲ
1823 3115 1932 3151 τοι-

318 3200 491 3255 -αὖτα
513 3199 883 3269 τολμήσαντες
906 3196 1006 3250 οὐκ
1038 3193 1433 3249 εἰσελεύσονται
1469 3190 1606 3264 μετά
1634 3190 1742 3245 τῶν
1765 3194 1833 3262 τῇ
1863 3193 1928 3262 σῇ

342 3290 664 3363 δικαιοσύνῃ
696 3287 1186 3359 συνελευσομένων·
1228 3285 1343 3340 ἀλλ’
1375 3285 1496 3340 οὐδὲ
1550 3283 1930 3355 ἐγγραφήσον-

341 3403 439 3441 ται
473 3387 532 3438 ἐν
567 3383 733 3455 βίϐλῳ
764 3379 1013 3446 ζώντων
1054 3378 1362 3433 τούναντίον
1401 3376 1457 3429 δὲ
1496 3375 1771 3430 πείσονται
1821 3376 1931 3436 τοῖς

340 3473 798 3547 ἐγγραφομένοις.
833 3472 896 3524 Εἰ
927 3470 1037 3541 γάρ
1052 3470 1145 3524 καὶ
1178 3468 1385 3542 πρῶτοι
1416 3467 1517 3538 τῆς
1549 3466 1690 3538 ἐμῆς
1710 3466 1931 3537 χάριτος

342 3566 669 3635 ἀξιωθέντες
707 3562 1086 3635 ἐνεγράφησάν
1119 3578 1250 3614 ποτε
1276 3562 1332 3613 ἐν
1361 3562 1427 3630 τῇ
1462 3558 1630 3630 βίϐλῳ
1661 3556 1771 3611 τῶν
1798 3555 1932 3620 ζών-

341 3677 455 3714 των
488 3658 576 3712 διὰ
606 3656 734 3721 τοὺς
774 3655 923 3726 παρά
954 3654 1032 3725 τῷ
1062 3652 1182 3724 Θεῷ
1225 3651 1430 3718 ζῶντας
1463 3650 1707 3721 πατέρας
1730 3647 1928 3711 αὐτῶν,

324 3752 421 3814 -ὼς
445 3750 540 3804 καὶ
563 3750 745 3811 αὐτοῖς
769 3747 1011 3801 δεδόσθαι
1033 3745 1133 3810 τὰς
1155 3745 1485 3815 ἐπαγγελίας
1505 3762 1519 3775 ο
1546 3743 1660 3797 ἀλλ’
1682 3742 1804 3797 ἐπεὶ
1830 3759 1932 3795 τοι·

342 3842 488 3897 αὔτα
534 3841 934 3913 τετολμήκασιν
958 3880 973 3905 ,
1033 3857 1051 3889 ι
1091 3837 1593 3908 Ἐξαλειιρθήτωσαν
1636 3837 1700 3889 ἐκ
1747 3832 1928 3905 βίϐλου

343 3934 581 4000 ζώντων.
611 3953 631 3986 ι
684 3932 972 4003 Διασαςρῶν
1004 3931 1186 4002 δὲτὴν
1224 3930 1430 3983 ἔννοιαν
1469 3929 1570 4000 τῆς
1606 3927 1786 3999 βίϐλου
1820 3924 1927 3979 τῶν

345 4026 589 4092 ζώντων,
620 4026 860 4094 ἐπιλέγει
898 4025 1023 4095 ἐξῆς
1044 4041 1056 4054 ·
1101 4043 1118 4075 ι
1140 4024 1249 4077 Καὶ
1278 4021 1417 4093 μετά
1441 4021 1665 4075 δικαίων
1692 4018 1766 4091 μὴ
1789 4034 1927 4090 γρα-

346 4120 628 4190 φήτωσαν.
644 4138 662 4171 ι
684 4118 942 4188 Ἐκλογῆς
963 4117 1071 4188 γὰρ
1091 4115 1415 4187 γιγνομένης
1434 4113 1542 4166 τῶν
1565 4111 1704 4166 κατά
1724 4111 1813 4165 τὸν
1833 4112 1927 4163 ἁν-

346 4211 619 4284 θρώπινον
652 4211 765 4282 βίον
786 4249 801 4275 ,
840 4211 890 4263 οἱ
925 4210 1022 4280 μὲν
1047 4209 1191 4280 ζωῆς
1219 4207 1359 4274 ἄξιοι
1388 4206 1488 4277 τῆς
1519 4204 1670 4276 παρά
1702 4200 1779 4274 τῷ
1812 4200 1928 4272 Θεῷ

344 4304 439 4361 διὰ
481 4304 580 4375 τὴν
612 4301 818 4358 οἰκείαν
840 4299 1186 4370 δικαιοσύνην
1218 4299 1561 4369 ἀνάγραπτοι
1607 4295 1926 4366 γενήσονται

342 4397 478 4469 παρ’
508 4374 655 4465 αὐτῷ
674 4412 688 4426 ·
713 4396 762 4446 οί
788 4393 843 4447 δὲ
872 4391 1169 4462 ἀπόϐλητοι
1191 4391 1287 4460 τῆς
1317 4389 1500 4460 βίϐλου
1532 4390 1745 4442 ἔσονται
1766 4374 1813 4439 0i
1838 4386 1926 4438 τὸν

2036 2930 2225 2985 intima
2272 2912 2440 3000 regni
2473 2926 2552 2981 tui
2592 2923 2893 2980 secundum
2925 2917 3347 2991 promissionem
3384 2912 3599 2983 recipit.

2035 3020 2138 3090 Qui
2186 3036 2315 3077 vero
2368 3019 2498 3074 talia
2548 3017 2666 3074 ausi
2712 3021 2841 3071 sunt
2888 3028 2996 3067 non
3046 3010 3332 3065 intrabunt
3377 3021 3501 3061 cum
3536 3003 3606 3063 iis

2035 3114 2128 3185 qui
2165 3128 2272 3168 una
2303 3127 2428 3167 cum
2459 3109 2673 3181 justitia
2707 3116 2800 3162 tua
2832 3102 3141 3177 ingressuri
3175 3106 3346 3158 sunt:
3379 3097 3475 3155 sed
3498 3112 3605 3157 ne-

2034 3220 2140 3277 que
2164 3206 2220 3261 in
2246 3205 2386 3260 libro
2410 3202 2704 3259 viventium
2729 3199 3040 3256 scribentur
3064 3213 3079 3261 ;
3107 3187 3605 3250 im0.contrariaiis

2034 3297 2127 3369 qui
2175 3295 2435 3366 descripti
2483 3302 2612 3349 sunt
2644 3292 2941 3364 patientur.
2989 3286 3216 3341 Etiamsi
3246 3284 3391 3340 enim
3427 3280 3604 3354 gratia

2033 3389 2218 3446 donati
2251 3404 2371 3444 mea
2402 3384 2700 3458 aliquando
2733 3385 2789 3439 in
2828 3384 2971 3439 libro
3004 3379 3304 3440 viventium
3332 3419 3346 3442 ,
3386 3382 3601 3447 patrum

2033 3497 2257 3539 suorum
2299 3478 2441 3551 apud
2501 3478 2667 3533 Deum
2719 3474 3021 3530 viventium
3071 3487 3267 3533 causa,
3305 3465 3608 3536 conscripti

2035 3578 2269 3637 fuerint,
2317 3575 2389 3628 ita
2437 3582 2496 3628 nt
2549 3581 2599 3626 ιιι
2622 3571 2757 3641 ipsis
2806 3567 3080 3640 promissa
3126 3564 3307 3618 oblata
3361 3561 3504 3625 sint;
3550 3565 3609 3614 ιιι

2031 3670 2289 3740 quoniam
2342 3666 2473 3720 talia
2555 3672 2684 3720 sunt
2746 3661 2901 3725 ausi,
2956 3679 2974 3711 ι
3025 3657 3311 3714 deleantur
3356 3654 3423 3709 de
3463 3652 3608 3711 libro

2032 3758 2350 3815 viventium.
2385 3776 2404 3808 ι
2430 3754 2580 3810 Libri
2610 3761 2789 3808 autem
2820 3750 3117 3805 viventium
3139 3746 3406 3801 rationem
3432 3741 3608 3812 expli-

2031 3867 2200 3913 cans,
2236 3848 2421 3905 subdit
2451 3854 2672 3918 postea,
2706 3862 2731 3895 ι
2755 3841 2980 3897 Ει.οιιιη
3007 3839 3172 3910 justis
3214 3852 3325 3891 non
3356 3834 3606 3891 scriban-

2033 3952 2142 3998 tur.
2177 3961 2196 3995 ι
2221 3939 2500 3996 Electione
2531 3938 2732 4009 quippe
2766 3935 2910 3989 facta
2942 3946 3131 3987 eorum
3162 3928 3256 4000 qui
3304 3928 3358 3982 in
3399 3921 3606 3980 mundo

2030 4041 2189 4088 erant
2222 4030 2510 4085 hominum
2530 4067 2545 4093 ,
2584 4027 2676 4082 alii
2721 4025 2939 4096 quidem
2970 4022 3080 4076 vita
3111 4034 3232 4090 quae
3263 4016 3409 4088 apud
3438 4015 3606 4071 Deum

2031 4133 2115 4180 est
2144 4122 2333 4196 digni,
2367 4121 2438 4176 oh
2471 4119 2746 4192 propriam
2778 4115 3049 4187 justitiam
3095 4112 3238 4183 apud
3287 4111 3468 4181 ipsum
3513 4108 3607 4163 de-

2029 4220 2374 4285 scribentur;
2400 4214 2491 4285 qui
2518 4221 2699 4271 autem
2726 4225 2793 4266 ex
2821 4210 2964 4264 libro
2992 4205 3343 4265 delebuntur,
3377 4201 3413 4255 ii
3444 4205 3608 4255 erunt

2029 4314 2125 4386 qui
2158 4314 2285 4369 vita:
2321 4311 2626 4382 principem
2673 4306 3049 4377 repudiarunt.
3098 4298 3165 4352 Et
3215 4297 3304 4351 hic
3350 4295 3474 4348 linis
3501 4292 3607 4347 erit

2031 4423 2223 4462 eorum
2263 4404 2357 4476 qui
2391 4403 2503 4472 jam
2548 4405 2849 4456 memorata
2902 4400 3094 4446 contra
3133 4388 3476 4444 Servatorem
3505 4397 3605 4441 n0-

344 4486 591 4561 ἀρχηγὺν
622 4487 719 4557 τῆς
751 4482 896 4556 ζωῆς
929 4482 1416 4562 παρειιτῃσὰμενοι.
1468 4480 1577 4534 Καὶ
1618 4478 1777 4533 τοῦτο
1827 4479 1923 4549 μὲν

2035 4507 2204 4554 strum
2236 4494 2479 4567 aggressi
2514 4499 2662 4547 sunt.
2693 4490 2824 4555 Quae
2856 4490 3158 4554 sequuntur
3187 4487 3389 4543 autem,
3425 4477 3480 4532 in
3512 4479 3605 4534 ιω-

341 4580 406 4634 τὺ
430 4579 583 4643 τέλος
603 4578 711 4632 τῶν
734 4576 802 4630 τά
829 4575 1192 4648 προλεχθὲθτα
1218 4572 1360 4627 κατά
1383 4572 1475 4626 τοῦ
1499 4572 1749 4643 Σωτῆρος
1771 4570 1925 4642 ἡμῶν

341 4672 756 4743 τετολμηκότων
775 4688 789 4700 ο
823 4671 893 4724 τὰ
913 4671 959 4724 δ’
983 4670 1109 4739 ἑξῆς
1137 4671 1165 4722 ὁ
1193 4667 1349 4732 λόγος
1379 4667 1471 4718 ἐπὶ
1496 4664 1556 4718 τὸ
1582 4665 1925 4736 φαιδρότερον

344 4763 674 4835 μεταϐάλλει
692 4801 708 4825 ,
735 4759 980 4813 ἐντεῦθεν
1004 4757 1193 4812 λοιπὸν
1209 4757 1309 4830 τῆς
1330 4754 1688 4826 εὐαγγελικῆς
1707 4754 1924 4825 χάριτος

341 4856 749 4928 ἀπαρχόμενος.

421 4988 440 5019 ι
462 4968 686 5038 Πτωχὸς
719 4968 814 5021 καὶ
844 4964 1028 5034 ἀλγῶν
1051 4962 1163 5034 ἐγώ
1197 4965 1312 5035 εἰμι
1336 5004 1350 5027 ,
1398 4964 1431 5034 ἡ
1464 4960 1704 5033 σωτηρία
1754 4975 1869 5023 σου,
1895 4960 1923 5012 ὁ

344 5061 496 5125 θεὸς,
519 5059 842 5115 ἀντελάϐετό
894 5077 1016 5131 μου.
1044 5079 1065 5110 ι
1128 5056 1190 5112 Ὀ
1219 5054 1388 5110 εἰπὼν
1436 5056 1494 5106 ἐν
1536 5050 1920 5121 Εὑαγγελίοις.·

347 5173 367 5207 ι
392 5153 611 5209 Μάθετε
657 5154 753 5208 ἀπ’
780 5152 945 5225 ἐμοῦ,
985 5152 1072 5206 ὅτι
1104 5148 1280 5221 πρᾶός
1309 5148 1425 5217 εἰμι
1454 5145 1548 5199 καὶ
1574 5142 1825 5206 ταπεινὸς
1854 5144 1919 5213 τῇ

342 5244 543 5317 καρδία
557 5284 571 5304 ,
599 5262 618 5295 ι
646 5242 734 5297 διὰ
757 5243 865 5295 τῶν
880 5239 1251 5313 προκειμένων
1274 5234 1487 5306 πτωχὸς
1504 5233 1596 5289 καὶ
1616 5231 1796 5301 ἀλγῶν
1812 5229 1924 5299 ἐγώ

342 5334 499 5404 είμι,
532 5332 686 5403 φησί.
748 5330 971 5401 Πτωχὸς
1002 5329 1059 5382 δέ
1094 5323 1163 5398 ἦν
1201 5325 1293 5379 τὸν
1322 5321 1548 5376 πλοῦτον
1572 5322 1670 5393 τῆς
1703 5318 1920 5376 αἰωνίου

341 5423 622 5496 βασιλείας
651 5420 982 5493 ἀποθέμενος
1030 5419 1122 5473 Διό
1154 5434 1316 5488 φησιν
1335 5416 1363 5469 ὁ
1390 5413 1627 5477 Παῦλος·
1666 5430 1683 5463 ι
1717 5411 1924 5484 Ἰησοῦς

340 5518 585 5592 Χριστὸς
606 5516 859 5580 πλούσιος
878 5514 977 5580 ὢν,
999 5515 1066 5568 δι’
1090 5515 1239 5586 ἡμᾶς
1263 5510 1627 5581 ἐπτώχευσεν,
1660 5508 1746 5561 ἶνα
1762 5509 1925 5579 ἡμεῖς

337 5614 411 5684 τῇ
428 5609 603 5668 αὐτοῦ
623 5610 864 5680 πτωχείᾳ
884 5607 1293 5679 πλουτήσωμεν.
1308 5624 1326 5655 ι
1347 5602 1506 5656 Ἀλλά
1538 5601 1632 5656 καὶ
1652 5619 1669 5651 ι
1694 5598 1876 5668 ἀλγῶν
1896 5617 1917 5650 ι

416 5766 463 5799 ⁵⁸
503 5764 647 5823 Psal.
692 5780 824 5832 ml,
860 5763 954 5831 26,
994 5763 1084 5819 27.
1162 5760 1206 5795 δ’
1247 5758 1420 5817 Levit.
1465 5773 1612 5824 xxvi,
1652 5754 1743 5824 23,
1783 5753 1875 5810 25.
1952 5754 1999 5788 "
2040 5750 2227 5806 Matth.
2272 5763 2349 5811 ιι,
2383 5745 2475 5802 29.

2035 4592 2229 4646 tiorem
2278 4588 2511 4642 lormam
2563 4588 2880 4638 mutantur:
2930 4594 3058 4635 nam
3106 4577 3232 4634 inde
3278 4572 3606 4646 evangelica

2032 4682 2222 4753 gratia:
2248 4678 2466 4736 initium
2493 4674 2732 4729 ducitur.

2100 4947 2270 5003 Vsus.
2312 4945 2381 4999 30
2400 4985 2415 5008 ,
2444 4943 2533 4998 51.
2561 4961 2579 4994 ι
2602 4940 2711 5011 Ego
2737 4954 2857 4995 smn
2884 4954 3093 5009 pauper
3121 4944 3175 4992 et
3200 4936 3390 4992 dolens
3410 4978 3430 5001 ,
3456 4936 3607 4991 salus

2032 5051 2125 5098 tua
2145 5081 2159 5105 ,
2206 5038 2371 5103 Deus,
2396 5036 2639 5105 suscepit
2682 5051 2787 5089 me.
2813 5032 2958 5099 ιριιὶ
2991 5033 3051 5086 in
3084 5029 3560 5101 Evangeliisdixit
3586 5047 3601 5083 :

2038 5152 2057 5185 ι
2082 5130 2286 5188 Discite
2308 5142 2337 5181 a
2363 5142 2449 5182 me
2479 5126 2607 5196 quia
2665 5124 2813 5177 ruitis
2839 5138 2959 5177 sum
2988 5127 3042 5176 et
3071 5120 3291 5174 humilis
3316 5116 3478 5173 corde
3498 5116 3597 5176 ³⁰.›

2032 5226 2086 5279 in
2122 5220 2377 5294 praesenti
2397 5234 2455 5274 se
2486 5231 2778 5289 pauperem
2810 5224 2863 5269 et
2892 5213 3167 5268 dolentem
3200 5211 3355 5267 dicit.
3392 5208 3600 5276 Pauer

2029 5326 2212 5373 autem
2240 5322 2396 5377 erat,
2427 5310 2691 5382 depositis
2731 5306 2917 5364 aeterni
2951 5306 3102 5377 regni
3131 5303 3354 5360 divitiis.
3404 5299 3604 5363 Quam-

2029 5411 2215 5465 obrem
2246 5404 2543 5461 aitPaulus
2564 5421 2578 5458 :
2602 5422 2618 5452 ι
2640 5399 3077 5457 JesusChristus
3098 5411 3222 5451 cum
3252 5393 3401 5447 dives
3429 5395 3598 5450 esset.

2030 5508 2256 5574 propter
2284 5513 2387 5555 nos
2426 5498 2585 5566 inops
2616 5494 2843 5552 effectus
2870 5501 2989 5556 est,
3023 5496 3084 5543 ut
3126 5502 3227 5541 nos
3256 5483 3377 5552 ejus
3417 5480 3601 5552 inopia

2032 5573 2230 5651 divites
2252 5605 2501 5647 essemus
2523 5588 2588 5645 ⁸¹,
2618 5607 2636 5642 ι
2662 5584 2770 5643 Sed
2790 5585 2952 5641 etiam
2977 5578 3205 5635 «dolens
3228 5595 3248 5629 ι
3268 5573 3415 5644 fuit;
3430 5590 3500 5646 qu
3513 5588 3602 5632 are

2577 5746 2619 5777 "
2661 5739 2867 5797 ILCor.
2908 5750 3027 5803 \‘ttl,
3063 5734 3116 5791 9.
