4014 6206
361 340 367 345 '
449 320 561 385 τε)

1127 320 1398 380 EtSEBll
1431 317 1915 379 CAESARIENSIS
1952 318 2105 377 OPP.
2135 314 2318 376 PARS
2354 314 2529 373 lll.-—-
2556 307 2971 368 EXEGETICA.

3595 305 3707 363 πο

414 405 606 519 supra
638 432 852 500 dicebat
880 464 893 499 :
928 464 949 497 ι
976 442 1041 498 Et
1069 459 1236 516 super
1260 443 1507 502 dolorem
1536 444 1826 500 vulnerum
1858 458 2002 499 meo-

2110 420 2329 510 γέγονε·
2364 435 2446 492 διὸ
2467 434 2653 503 ἔλεγεν
2681 429 2974 503 ἀνωτέρω·
3016 446 3036 480 ι
3058 426 3173 519 Και
3198 427 3291 480 ἐπὶ
3318 425 3381 519 τι
3400 425 3566 519 ἄλγος
3589 422 3704 478 τῶν

435 555 560 597 rum
585 539 935 597 addiderunt.
966 559 987 594 ι
1012 538 1241 597 Dolebat
1265 542 1410 597 enim
1443 557 1543 613 pro
1576 542 1644 597 iis
1672 541 1765 611 qui
1795 540 1852 596 in
1882 556 2007 611 per-

433 629 651 685 niciem-
684 630 869 695 ibant,
914 640 970 685 et
1011 631 1320 702 patiebatur
1357 648 1548 686 eorum
1588 647 1759 687 causa
1799 634 1892 702 qui
1940 632 2008 685 ad

433 720 664 776 salutem
706 721 805 776 abs
848 736 909 777 se
952 730 1297 789 procuratam
1343 737 1452 776 non
1497 722 1844 777 accederent.
1885 720 2010 777 ideo

434 804 776 871 seu‘dolens
828 815 1138 869 clamabat:
1171 834 1190 868 ι
1221 814 1266 868 0
1294 816 1575 885 generatio
1627 815 1905 871 incredula
1955 825 2011 871 et

410 909 1050 979 -perversa,'quousque
1094 908 1378 964 vobiscum
1413 909 1558 963 ero?
1595 924 1884 980 quousque
1909 924 2015 967 vos

429 1001 610 1070 patiar
637 1000 726 1054 "?
755 1020 772 1053 ι
800 999 927 1055 Ideo
955 1000 1120 1055 dicit:
1148 1020 1165 1052 ι
1192 999 1305 1072 Ego
1332 1015 1453 1057 sum
1480 1016 1686 1071 pauper
1710 1011 1765 1057 et
1793 1002 2004 1067 dolens,

431 1092 581 1148 salus
610 1100 703 1147 tua
724 1134 739 1158 ,
770 1092 947 1156 Deus,
982 1092 1228 1162 suscepit
1258 1107 1365 1148 me.
1399 1110 1418 1145 ι
1446 1089 1545 1147 His
1577 1108 1743 1165 porro
1774 1094 2004 1150 salutem

429 1184 745 1239 subindicat
767 1200 875 1254 qua
898 1194 1022 1255 post
1043 1194 1270 1240 mortem
1294 1184 1586 1242 donandus
1604 1195 1707 1242 est.
1724 1184 1856 1241 Nam
1878 1201 2003 1241 cum

430 1274 640 1345 pridem
688 1277 891 1332 inﬁxus
934 1277 988 1331 in
1030 1276 1162 1330 limo
1214 1274 1509 1347 profundi,
1548 1278 1760 1333 venerit
1793 1279 1847 1332 in
1881 1277 2006 1332 alti-

428 1370 677 1426 tudinem
714 1373 916 1434 maris,
954 1379 1014 1425 ut
1047 1371 1099 1424 in
1130 1370 1416 1441 prophetia
1447 1370 1703 1435 dicebat,
1729 1371 1842 1440 jam
1876 1384 2004 1425 vero

430 1461 601 1527 dicit,
647 1483 665 1514 ι
698 1463 860 1518 Salus
913 1475 1004 1517 tua
1026 1504 1040 1526 .
1074 1463 1217 1519 Deus
1242 1504 1258 1527 ,
1317 1464 1558 1535 suscepit
1610 1480 1736 1520 me:
1770 1483 1790 1515 ι
1819 1472 2003 1536 aperte

427 1557 672 1613 declarat
722 1572 819 1622 se,
871 1565 1157 1629 postquam
1206 1558 1261 1611 in
1311 1556 1655 1611 altitudinem
1700 1558 1869 1613 maris
1910 1574 2003 1613 ve-

426 1656 614 1711 nerat,
642 1656 929 1719 postquam
955 1656 1252 1705 memorata
1279 1648 1533 1718 superius
1560 1663 1759 1718 passus
1785 1648 1999 1715 fuerat,

425 1740 797 1809 patrocinium
842 1753 1199 1797 consecutum
1244 1755 1386 1795 esse.
1435 1739 1615 1805 Quare
1649 1741 1705 1795 in
1740 1740 2003 1797 vicesimo

2113 529 2442 604 τραυμάτων
2475 545 2576 599 μου
2612 522 2982 597 προσέθηκαν.
3024 541 3043 573 ι
3081 518 3274 589 Ἥλγει
3319 517 3430 588 γὰρ
3467 518 3561 571 ἐπὶ
3586 519 3703 581 τοῖς

2112 622 2522 695 ἀπολλυμένοις,
2551 618 2646 673 καὶ
2667 617 2769 671 {me
2779 615 3020 687 ρέπασχε
3042 610 3150 665 τῶν
3175 611 3250 683 μὴ
3275 610 3610 683 προσιόντων
3631 611 3702 681 τῇ

2111 718 2178 772 δι’
2216 712 2383 771 αὑτοῦ
2426 708 2831 784 προξενουμένῃ
2862 705 3126 778 σωτηρία.
3176 703 3269 758 Διδ
3293 702 3483 772 ὥσπερ
3515 700 3703 770 ἀλγῶν

2112 806 2241 864 ἐϐόα
2258 825 2271 838 ·
2309 825 2328 858 ι
2354 802 2424 859 Ὦ
2455 802 2619 874 γενεά
2644 802 2841 855 ἀπιστε
2873 799 2968 854 καὶ
2991 796 3420 871 διεστραμμένη,
3442 797 3550 860 ἓως
3568 795 3702 850 πότε

2114 901 2231 975 μεθ’
2287 898 2439 970 ὑμῶν
2484 896 2634 967 είμι;
2680 893 2786 956 ἕως
2831 891 2962 945 πότε
3022 890 3286 961 ἀνέχομαι
3322 886 3511 959 ὐμῶν;
3550 906 3571 939 ι
3605 884 3701 941 Διό

2111 1012 2244 1068 φησι
2266 1009 2281 1026 ο
2323 1011 2342 1045 ι
2367 989 2590 1061 Πτωχὸς
2619 986 2715 1042 καί⁸
2736 984 2917 1055 ἀλγῶν
2948 982 3060 1053 ἐγώ
3084 984 3228 1053 είμι·
3255 982 3288 1053 ἡ
3313 981 3557 1053 σωτηρία
3578 997 3696 1046 σου,

2108 1087 2137 1140 6
2183 1085 2351 1149 Θεὸς,
2381 1078 2707 1138 ἀντελάϐετό
2738 1095 2860 1150 μου.
2886 1095 2906 1129 ι
2932 1076 3236 1130 Αίνίττεται
3273 1073 3331 1126 δέ
3369 1072 3460 1126 δοά
3489 1072 3705 1127 τούτων

2106 1182 2205 1253 τὴν
2248 1178 2388 1252 μετά
2417 1179 2509 1232 τὸν
2538 1176 2766 1232 θάνατον
2796 1171 2961 1229 αὐτοῦ
2994 1167 3290 1242 σωτηρίαν.
3345 1168 3409 1223 Εἰ
3438 1166 3549 1237 γὰρ
3580 1167 3700 1219 ἐνε-

2107 1274 2256 1344 πάγη
2284 1274 2364 1336 είς
2397 1270 2530 1343 ὓλην
2558 1269 2721 1340 βυθοῦ
2746 1309 2761 1328 .
2799 1268 2895 1321 καὶ
2920 1261 3084 1338 ἦλθεν
3108 1266 3188 1328 είς
3216 1261 3287 1315 τὰ
3315 1260 3453 1331 βάθη
3475 1259 3576 1331 τῆς
3596 1258 3697 1312 θα-

2104 1362 2309 1437 λάσσης
2328 1403 2343 1429 ,
2375 1362 2452 1428 ὡς
2479 1362 2567 1416 διὰ
2597 1360 2709 1415 τῶν
2736 1360 2834 1431 τῆς
2870 1356 3208 1430 προφητείας
3233 1353 3423 1426 ἐδήλου
3443 1391 3458 1417 ,
3493 1352 3611 1405 νυνὶ
3636 1350 3700 1404 δέ

2107 1472 2300 1531 φησιν’
2334 1475 2353 1509 ι
2376 1457 2440 1510 Ἠ
2466 1454 2708 1527 σωτηρία
2742 1471 2859 1516 σου,
2883 1455 2912 1506 6
2937 1451 3070 1515 Θεὸς
3089 1490 3104 1512 ,
3150 1446 3474 1503 ἀντελάϐετό
3507 1463 3611 1517 μου
3629 1463 3644 1474 ·
3669 1467 3688 1495 ο

2107 1549 2294 1621 σαφῶς
2343 1548 2671 1620 παρίστησιν
2719 1543 3059 1615 ἀντιλήψεως
3108 1538 3496 1611 τετυχηκέναι,
3556 1536 3699 1609 μετὰ

2103 1640 2164 1694 τὸ
2208 1639 2523 1713 ἐληλυθέναι
2560 1639 2641 1702 είς
2676 1636 2750 1691 τὰ
2788 1635 2924 1707 βάθη
2963 1634 3065 1704 τῆς
3102 1632 3377 1703 θαλάσσης
3399 1671 3413 1695 ,
3458 1629 3596 1701 μετὰ
3632 1627 3694 1680 τό

2104 1731 2428 1788 πεπονθέναι
2454 1731 2525 1785 τὰ
2550 1730 2935 1802 προλεχθέντα.
2962 1727 3053 1782 Διδ
3073 1727 3168 1781 καὶ
3193 1728 3252 1780 ἐν
3275 1731 3359 1779 ια’
3378 1722 3581 1795 ψαλμῷ
3602 1720 3695 1774 τάν

428 1827 605 1894 primo
647 1829 857 1898 psalmo
905 1830 1165 1900 hymnum
1196 1847 1214 1881 ι
1240 1844 1340 1899 pro
1388 1830 1740 1900 susceptione
1784 1832 2002 1886 matuti-

2106 1843 2126 1876 ι
2151 1823 2293 1895 ὑπὲρ
2327 1823 2431 1894 τῆς
2453 1820 2794 1893 ἀντιλήψεως
2825 1820 2925 1891 τῆς
2951 1816 3181 1889 ἑωθινῆς
3202 1836 3222 1869 ι
3250 1816 3566 1887 ἀνέπεμπεν
3591 1814 3697 1884 ῦμ-

427 1935 496 1973 ua
520 1921 595 1973 ⁸³»
617 1922 841 1975 emittit.-
868 1921 1071 1977 Deinde
1095 1937 1247 1981 vero.
1274 1929 1332 1975 ut
1351 1922 1712 1993 patrocinium
1735 1938 1993 1980 consecu-

425 2017 536 2074 tus,
566 2012 632 2066 ad
659 2013 987 2079 jucundiora
1020 2029 1329 2068 sermonem
1361 2014 1631 2070 convertit
1659 2015 1878 2086 hymnis
1899 2015 2003 2070 Pa-

424 2110 563 2157 trem
591 2103 899 2167 celebrans,
929 2120 1052 2156 cum
1080 2103 1189 2169 ait,
1208 2122 1225 2154 ι
1251 2104 1510 2160 Laudabo
1535 2120 1731 2160 nomen
1757 2104 1851 2161 Dei
1877 2120 2003 2160 cum

424 2193 660 2250 cantico.
694 2213 714 2245 ι
744 2193 879 2248 Cum
913 2195 1144 2249 melodis
1178 2205 1358 2252 autem
1390 2203 1445 2251 et
1471 2196 1690 2252 cantico
1719 2211 2004 2252 sermones

422 2284 815 2356 proferre,id
850 2286 1068 2357 signum
1114 2288 1300 2359 gaudii
1351 2295 1407 2344 et
1466 2288 1672 2344 laetitiae
1723 2296 1860 2344 erat.
1898 2288 2004 2345 Sed

422 2376 590 2433 etiam
618 2396 636 2428 ι
666 2377 1023 2448 magnilicabo
1052 2394 1199 2444 eum,
1241 2398 1261 2431 ι
1307 2378 1502 2452 inquit,
1541 2380 1754 2434 scilicet
1784 2378 2003 2436 Patrem

423 2486 605 2527 suum.
631 2467 734 2536 Qui
764 2469 1134 2540 magniﬁcabit
1156 2481 1344 2542 postea
1374 2471 1621 2541 subjicit,
1650 2490 1669 2523 ι
1704 2472 1760 2528 in
1787 2473 1998 2541 laude,»

422 2561 559 2625 sive,
585 2557 885 2615 secundum
918 2560 1192 2630 Aquilam,
1231 2579 1251 2614 ‹
1292 2560 1349 2615 ἱιι
1375 2562 1678 2632 gratiarum
1702 2563 1941 2619 actione.
1980 2583 1999 2616 ι

424 2649 737 2706 Gratiarum
766 2667 899 2707 vero
930 2652 1198 2709 actio::em
1264 2661 1318 2710 et
1369 2653 1594 2710 laudem
1637 2670 1746 2726 qua
1784 2655 2003 2711 Patrem

419 2739 596 2798 Filius
648 2741 963 2815 magniﬁcat
1016 2743 1309 2815 intelliges,
1368 2744 1416 2799 si
1468 2743 1608 2801 Novi
1670 2745 2007 2803 Testamenti

419 2835 699 2907 mysteriis
751 2836 995 2890 animum
1022 2835 1310 2901 adhibens,
1355 2836 1450 2893 ubi
1481 2836 1727 2894 Ecclesia
1764 2837 1859 2894 Dei
1907 2855 2006 2910 per

419 2932 595 2980 totum
614 2926 801 2982 orbem
820 2926 889 2982 ad
920 2927 1219 2997 gratiarum
1246 2928 1513 2995 aetiones,
1540 2929 1607 2984 ad
1623 2929 2005 2987 rationabilem

420 3024 477 3072 et
511 3017 631 3072 sine
654 3015 808 3071 fumo
846 3017 1055 3071 cultum
1106 3016 1218 3075 Deo
1249 3018 1590 3074 oﬂ‘crendum
1617 3020 1868 3076 instituta
1896 3031 2002 3080 est.

420 3104 570 3163 Laus
606 3107 797 3163 isthaac
834 3115 889 3164 et
938 3108 1240 3179 gratiarum
1292 3111 1437 3166 actio
1470 3106 1752 3183 corporeis
1782 3115 2003 3182 hostiis,

2103 1931 2212 1969 νον.
2239 1909 2352 1967 Εἶθ’
2377 1912 2454 1977 ὡς
2478 1911 2659 1984 τυχὼν
2684 1910 3022 1983 ἀντιλήψεως
3039 1937 3066 1973 ,-
3091 1906 3413 1980 μεταϐάλλει
3444 1906 3571 1968 τοὺς
3604 1904 3691 1957 λόο

2102 2024 2235 2079 γους
2258 2006 2351 2060 ἐπὶ
2376 2005 2437 2058 τὸ
2467 2002 2834 2076 φαιδρότερον,
2869 2001 3074 2073 ῦμνους
3099 1998 3441 2077 ἀναπέμπων
3467 1998 3546 2068 τῷ
3565 1999 3692 2050 ἐαυ-

2102 2099 2197 2154 τοῦ
2235 2099 2440 2170 Πατρὶ,
2478 2098 2535 2149 ἐν
2578 2090 2661 2159 οἷς
2700 2112 2864 2168 φησιν
2891 2112 2905 2125 ο
2967 2113 2985 2145 ι
3010 2090 3219 2145 Αίνέσω
3271 2091 3334 2143 τὸ
3380 2090 3551 2159 ὄνομα
3596 2088 3697 2142 τοῦ

2103 2191 2239 2245 Θεοῦ
2272 2192 2387 2262 μετ’
2415 2188 2576 2260 ᾠδῆς.
2593 2207 2610 2239 ι
2637 2183 2711 2240 T6
2738 2186 2795 2240 δὲ
2823 2187 2961 2257 μετὰ
2994 2183 3187 2255 μέλους
3220 2181 3314 2236 καὶ
3338 2181 3479 2253 ᾠδῆς
3502 2181 3695 2250 λόγους

2105 2283 2510 2356 προσφέρεσθαι
2539 2280 2805 2351 σύμϐολον
2835 2275 2903 2350 ἦν
2925 2276 3194 2349 θυμηδίας
3216 2275 3312 2330 καὶ⁵
3331 2274 3690 2346 εὐφροσύνης.

2118 2377 2277 2431 Ἀλλά
2308 2376 2401 2430 καὶ⁵
2442 2395 2459 2426 ι
2500 2373 2786 2446 μεγαλυνῶ
2842 2372 3029 2435 αὐτὸν,
3066 2390 3087 2422 ι
3120 2369 3319 2442 φησίνσ
3352 2368 3512 2441 δῆλον
3540 2369 3586 2422 δ’
3613 2368 3698 2421 ὅτι

2102 2469 2195 2523 τὸν
2227 2467 2388 2524 αὐτοῦ
2432 2466 2677 2538 Πατέρα.
2728 2464 2962 2529 Πῶςδέ
3009 2462 3105 2517 καὶ
3157 2462 3322 2516 αὐτὸν
3378 2460 3691 2532 μεγαλυνεῖ,

2105 2559 2343 2629 ἐπιλέγει
2366 2558 2512 2630 ἑξῆς,
2566 2576 2586 2609 ι
2621 2559 2681 2610 ἐν
2719 2556 2977 2611 αἰνέσει·›
3029 2554 3063 2626 ἢ
3123 2552 3264 2607 κατά
3295 2551 3387 2605 τὸν
3433 2549 3690 2613 Ἀκύλαν,

2111 2654 2197 2705 «ἐν
2230 2650 2605 2723 εὐχαριστίᾳ.»
2640 2649 2871 2720 Νοήσεις
2903 2648 2960 2702 δὲ
2981 2647 3080 2716 τὴν
3109 2643 3459 2717 εὐχαριστίαν
3479 2644 3577 2696 καὶ
3595 2641 3697 2713 τὴν

2105 2746 2310 2799 αῐνεσιν
2339 2743 2407 2797 δι’
2428 2740 2497 2815 ἦς
2518 2745 2546 2796 6
2572 2741 2699 2806 Υἱὸς
2730 2739 3021 2813 μεγαλύνει
3071 2739 3164 2792 τὸν
3192 2736 3431 2805 Πατέρα,
3467 2735 3696 2805 ἐπιστή-

2106 2853 2205 2900 σας
2234 2836 2345 2899 τοίς
2385 2832 2703 2905 μυστηρίοις
2758 2832 2859 2902 τῆς
2920 2830 3127 2901 Καινῆς
3175 2828 3474 2899 Διαθήκης,
3523 2830 3582 2881 ἐν
3612 2822 3698 2892 οἷς

2104 2924 2228 2979 καθ’
2260 2923 2389 2994 ὅλης
2419 2923 2520 2996 τῆς
2548 2922 2876 2993 οἰκουμένης
2905 2924 2938 2991 ἡ
2980 2920 3278 2992 Ἐκκλησία
3296 2920 3391 2973 τοῦ
3414 2918 3553 2972 Θεοῦ
3596 2919 3697 2983 τὰς

2105 3015 2456 3088 εὐχαριστίας
2479 3014 2575 3068 καὶ
2605 3014 2704 3078 τὰς
2736 3014 2961 3083 λογικὰς
2992 3015 3088 3067 καὶ
3124 3014 3403 3077 ἀκάπνους
3432 3011 3693 3083 λατρείας

2105 3107 2396 3180 ἀναφέρειν
2429 3106 2509 3178 τῷ
2554 3105 2674 3177 Θεῷ
2723 3104 3081 3177 παρείληφεν.
3134 3104 3279 3177 Αὐτη
3316 3104 3374 3157 δὲ
3427 3106 3461 3176 ἡ
3490 3105 3695 3168 αῐνεσις

420 3214 543 3269 quae
594 3199 726 3255 olim
780 3200 1087 3256 secundum
1138 3202 1311 3274 legem
1364 3202 1568 3276 Moysis
1610 3204 2001 3276 offerebantur,

2105 3202 2200 3255 mi
2233 3203 2266 3273 ὴ
2295 3198 2617 3273 εὐχαριστία
2649 3198 2786 3252 πολὺ
2840 3198 3106 3270 κρείττων
3141 3197 3400 3269 τυγχάνει
3429 3197 3539 3250 τῶν
3586 3215 3694 3251 σω-

418 3291 593 3346 multo
622 3292 975 3361 praestantior
1019 3301 1124 3350 est.
1187 3294 1559 3360 Quamobrem
1610 3298 1800 3370 adjicit
1842 3319 1904 3357 ιι
1936 3300 2005 3356 Et

420 3383 665 3454 placebit
714 3383 946 3441 Domino
985 3402 1157 3458 super
1176 3389 1412 3443 vitulum
1459 3391 1759 3457 novellum,
1793 3408 2003 3450 cornua

417 3473 812 3542 producentem
845 3480 900 3529 et
933 3476 1190 3547 ungulas.
1222 3496 1241 3529 ι
1282 3476 1341 3532 Si
1377 3494 1616 3549 namque
1643 3481 1713 3537 de
1745 3482 1815 3539 iis
1829 3482 2003 3539 Judaei

416 3564 747 3635 gloriantur,
813 3569 992 3624 sciant
1026 3570 1216 3640 utique
1268 3571 1428 3643 longe
1470 3574 1750 3630 meliorem
1784 3573 2005 3648 Deoque

419 3660 782 3740 acceptiorem
818 3676 998 3716 meam
1040 3662 1342 3733 gratiarum
1390 3665 1665 3722 actionem
1695 3674 1750 3723 et
1787 3669 2002 3724 laudem

418 3763 585 3817 supra
649 3752 969 3806 memoratis
1030 3766 1172 3808 esse.
1249 3752 1619 3819 Quamobrem
1699 3759 2000 3814 secundum

419 3835 807 3909 Symmachum
843 3832 1081 3909 dicitur,
1104 3861 1123 3895 ι
1153 3842 1219 3898 Et
1274 3846 1511 3915 placebit
1548 3845 1783 3904 Domino
1804 3851 1998 3925 magis,

330 3984 333 3987 .
416 3945 585 4000 quam
606 3931 707 3987 bos
740 3941 955 3999 taurus,
1000 3935 1235 4006 ungulas
1287 3935 1598 4004 diﬂindens,
1654 3951 1943 3998 cernulus.
1976 3960 1996 3995 ι

417 4024 531 4078 Cur
557 4022 645 4078 hic
683 4025 915 4080 vitulum
975 4026 1142 4093 dicat,
1174 4044 1283 4083 non
1318 4030 1466 4086 aliud
1517 4033 1717 4088 animal
1745 4036 1798 4089 in
1830 4036 2002 4090 sacri-

420 4114 544 4169 licio
569 4113 753 4171 offerri
782 4117 1030 4181 solitum,
1080 4135 1190 4173 non
1221 4120 1342 4176 sine
1383 4123 1634 4178 examine
1678 4126 2002 4195 puctermito

419 4208 667 4289 tendum.
728 4208 863 4264 Nam
928 4227 994 4266 ex
1058 4211 1388 4269 animalibus
1453 4214 1756 4271 secundum
1829 4218 1999 4289 legem

418 4298 624 4372 Moysis
663 4301 940 4358 iminolari
997 4304 1193 4374 jussis,
1254 4306 1361 4360 alia
1404 4321 1470 4362 ex
1526 4317 1778 4364 armento
1812 4310 1997 4375 boum,

419 4391 526 4446 alia
559 4406 623 4447 ex
667 4408 829 4465 grege
851 4394 1033 4449 ovium
1057 4394 1492 4457 adducebantur,
1518 4398 1629 4452 alia
1653 4415 1722 4454 ex
1765 4401 1999 4455 volatili-

2110 3292 2356 3365 ματικῶν
2375 3290 2599 3357 θυσιῶν,
2618 3290 2727 3345 τῶν
2748 3289 2892 3344 κατά
2918 3289 3011 3344 τὸν
3027 3289 3306 3353 Μωῦσέως
3330 3288 3490 3360 νόμον
3517 3288 3689 3341 πάλαι

2105 3383 2552 3458 προσαγομένων.
2597 3380 2690 3436 Διὸ
2713 3382 2976 3452 ἐπιλέγω
3011 3401 3029 3433 ι
3056 3383 3168 3435 Καὶ
3201 3382 3391 3455 ἀρέσει
3410 3380 3690 3451 τῷΚυρίῳ

2105 3475 2243 3547 ὑπὲρ
2280 3474 2480 3546 μόσχον
2513 3471 2656 3538 νέον,
2712 3472 2919 3543 κέρατα
2949 3470 3252 3544 ἐκφέροντα
3302 3473 3398 3525 καὶ
3427 3470 3621 3534 ὁπλάς.
3663 3490 3685 3522 ι

2103 3568 2169 3621 Εί
2200 3566 2309 3639 γὰρ
2341 3566 2435 3619 ἐπὶ⁸
2489 3564 2699 3631 τούτοις
2764 3564 3120 3636 σεμνύνονται
3166 3564 3433 3617 Ἰουδαίων
3482 3562 3690 3628 παῖδες,

2105 3660 2362 3723 ἴστωσαν,
2393 3658 2475 3711 ὅτι
2501 3656 2635 3711 πολὺ
2674 3656 2898 3728 βελτίων
2930 3657 3024 3710 καὶ
3053 3655 3131 3727 τῷ
3176 3654 3298 3726 Θεῷ
3322 3654 3694 3727 προτιμοτέρέι¹

2100 3754 2135 3824 ή
2159 3751 2266 3824 ὲμὴ
2292 3750 2615 3822 εὐχαριστία
2648 3749 2743 3804 καὶ
2785 3752 2823 3823 ἡ
2851 3749 2960 3821 ἐμὴ
2982 3750 3191 3814 αἴνεσις
3230 3749 3342 3802 τῶν
3366 3749 3695 3821 προλεχθένο

2100 3861 2231 3902 των.
2262 3843 2354 3897 Διὸ
2379 3842 2521 3897 κατὰ
2559 3841 2653 3897 τὸν
2693 3841 2990 3913 Σύμμαχον
3022 3843 3259 3914 εἴρηται·
3302 3862 3321 3895 ι
3352 3844 3467 3896 Καὶ
3503 3842 3694 3913 ἀφέσει

2100 3934 2179 4007 τῷ
2208 3934 2399 4007 Κυρίῳ
2453 3932 2717 4007 μᾶλλονῆ
2773 3933 2900 4003 βοῦς
2948 3932 3150 4005 ταῦρος
3211 3933 3468 4005 διχηλῶν,
3528 3936 3699 4006 κερά-

2104 4045 2289 4101 στης.»
2324 4028 2425 4082 Διά
2449 4027 2582 4082 τίδὲ
2606 4025 2845 4081 ἐνταῦθα
2869 4026 3071 4098 μόσχου
3106 4026 3433 4098 μνημονεύει
3462 4028 3561 4080 καὶ
3595 4028 3699 4099 οὐχ

2102 4123 2288 4196 ἐτέρου
2322 4124 2466 4188 τινὸς
2496 4123 2609 4177 τῶν
2639 4123 3045 4196 προσφέρεσθαι
3070 4120 3338 4175 εἰωθότων
3390 4122 3472 4185 είς
3501 4120 3699 4175 θυσίαν

2102 4212 2278 4279 ζώων,
2305 4213 2453 4281 ἀξιον
2488 4213 2565 4286 μὴ
2630 4212 3007 4277 ἀϐασανίστως
3069 4211 3379 4283 παρελθεῖν.
3418 4209 3542 4263 Τῶν
3585 4208 3699 4280 γὰρ

2102 4305 2243 4361 κατὰ
2288 4304 2378 4359 τὸν
2422 4303 2700 4369 Μωῦσέως
2722 4306 2886 4376 νόμον
2932 4303 3157 4357 θύεσθαι
3204 4301 3700 4374 προσταττομένων

2102 4396 2256 4463 ζώων
2291 4397 2360 4450 τά
2396 4397 2493 4468 μὲν
2525 4395 2585 4461 ἐξ
2630 4396 2835 4469 ἀγέλης
2862 4396 3008 4468 βοῶν
3064 4397 3394 4468 προσήγετο,
3434 4392 3505 4446 τὰ
3529 4392 3590 4446 δὲ
3633 4395 3699 4446 ἐκ

416 4478 562 4549 bus;
597 4500 826 4553 quorum
860 4486 964 4540 alia
999 4487 1246 4552 masculi,
1277 4489 1385 4543 alia
1418 4487 1635 4544 femina:
1661 4498 1860 4559 erant;
1893 4492 2002 4546 alia

2106 4490 2414 4563 προϐάτων,
2443 4489 2509 4543 τά
2547 4489 2604 4543 δὲ
2641 4488 2749 4544 ἀπὸ
2786 4490 3069 4543 πετεινῶν·
3109 4487 3291 4543 καὶτὰ
3329 4486 3431 4557 μὲν
3460 4487 3695 4558 ἄρρενα,

419 4583 726 4644 spontanea
745 4593 812 4635 ex
845 4579 1097 4640 arbitrio,
1134 4573 1241 4635 alia
1295 4597 1360 4637 ex
1397 4582 1623 4651 debito;
1651 4584 1755 4637 alia
1785 4586 1999 4640 sacriﬁ-

330 4730 333 4731 ν
416 4666 567 4735 cium
600 4669 878 4733 salutaris,
915 4672 1021 4726 alia
1073 4687 1169 4742 pro
1217 4684 1443 4743 peccato
1502 4678 2000 4744 vocabantur;alia

424 4773 527 4828 pro
556 4774 771 4814 summo
816 4764 1121 4827 sacerdote,
1155 4766 1261 4819 alia
1320 4782 1417 4835 pro
1471 4769 1730 4824 universo
1776 4772 1999 4840 populo,

422 4848 527 4902 alia
545 4864 645 4918 pro
666 4851 913 4921 principe
945 4866 1204 4924 peccante
1256 4857 1646 4915 oll‘erebantur.
1686 4859 1823 4915 Cum
1881 4877 2000 4916 ma-

322 4936 325 4939 ’
422 4956 587 5010 gnum
618 4941 804 5013 itaque
837 4946 891 4999 in
923 4946 1008 5002 his
1032 4946 1325 5004 discrimen
1355 4960 1533 5015 esset,
1585 4966 1868 5023 nunquam
1916 4960 2003 5008 ιιι-ο

423 5046 548 5089 men
567 5048 679 5104 pro
704 5034 950 5104 principe
968 5038 1210 5108 quolibet
1244 5040 1327 5094 vel
1359 5056 1461 5110 pro
1488 5043 1745 5112 quopiam
1788 5044 2001 5113 privato

418 5124 628 5182 vitulus
687 5126 1034 5185 oﬂ‘erebatur.
1092 5130 1309 5188 Vitulus
1375 5136 1652 5191 masculus
1705 5136 1999 5206 aliquando

340 5251 344 5256 -
418 5218 843 5289 immolabatur;
882 5221 1177 5293 aliquando
1207 5240 1358 5289 vero,
1390 5241 1512 5279 cum
1563 5235 1676 5283 tota
1724 5242 1997 5300 synagoga

415 5311 474 5367 in
500 5321 788 5383 peccatum
845 5314 999 5385 lapsa
1052 5323 1219 5376 esset,
1284 5317 1564 5386 sacerdos,
1614 5320 1707 5391 qui
1761 5322 1999 5379 universi

413 5406 603 5478 populi
644 5421 741 5464 seu
772 5414 945 5479 caput.
964 5417 1101 5472 erat,
1148 5417 1209 5462 ut
1252 5410 1461 5478 peccati
1492 5427 1723 5468 consors
1768 5415 1997 5470 vitulum

416 5494 699 5557 oﬁ‘erebat.
732 5490 859 5556 Haec
898 5516 1065 5573 porro
1115 5502 1168 5555 in
1213 5497 1455 5556 Levitico
1508 5501 1903 5573 deprehendas,
1942 5507 1994 5563 in

416 5604 526 5661 quo
548 5591 847 5650 scribitur:
885 5612 903 5646 ι
942 5581 1008 5648 Et
1028 5595 1244 5652 locutus
1270 5605 1353 5649 est
1368 5591 1633 5651 Dominus
1651 5596 1716 5652 ad
1749 5597 1990 5670 Moysem

497 5778 540 5809 ⁴²
584 5777 770 5833 Matth.
814 5796 948 5847 nu,
996 5781 1080 5838 16.
1136 5782 1202 5865 "‘
1240 5780 1386 5838 Psal.
1435 5799 1546 5852 ui,
1594 5783 1643 5840 l.

2105 4585 2173 4637 τὰ
2199 4584 2256 4637 δὲ
2286 4583 2470 4656 θήλεα·
2505 4582 2600 4637 καὶ
2638 4582 2708 4637 τὰ
2739 4583 2838 4654 μὲν
2878 4581 3103 4636 ἑκούσια
3153 4580 3297 4635 κατά
3345 4579 3692 4651 προαίρεσιν.

2105 4676 2175 4730 τὰ
2207 4676 2263 4730 δὲ
2296 4677 2437 4731 κατά
2469 4676 2711 4749 ὁφειλήνο
2752 4677 2845 4731 καὶ
2899 4676 2969 4729 τὰ
3019 4674 3120 4747 μὲν
3168 4674 3486 4746 ὠνομάζετο
3528 4672 3695 4725 θυσία

2108 4772 2398 4844 σωτηρίου,
2423 4770 2492 4825 τὰ
2519 4771 2576 4826 δὲ
2615 4770 2755 4843 ὑπὲρ
2810 4769 3106 4843 ἁμαρτίας*
3156 4770 3249 4822 καὶ
3293 4769 3363 4821 τὰ
3421 4766 3523 4838 μὲν
3550 4767 3694 4836 ὑπὲρ

2106 4862 2200 4917 τοῦ
2235 4862 2534 4937 ἀρχιερέως
2563 4862 2956 4937 προσεφέρετο,
3003 4863 3073 4917 τὰ
3103 4862 3161 4917 δὲ
3200 4862 3339 4933 ὑπὲρ
3370 4860 3574 4924 παντὸς
3596 4859 3690 4913 τοῦ

2106 4954 2257 5019 λαοῦ,
2289 4955 2359 5010 τὰ
2384 4955 2441 5010 δὲ
2470 4956 2611 5027 ὑπὲρ
2637 4956 2897 5026 ἄρχοντος
2933 4954 3334 5027 ἡμαρτηκότος.
3388 4953 3604 5025 Πολλῆς
3636 4954 3692 5007 δὲ

2103 5048 2270 5120 οὔσης
2316 5052 2372 5103 ἐν
2409 5049 2619 5112 τούτοις
2669 5047 2952 5118 διαφορᾶς,
2980 5047 3102 5101 οὐδὲ
3140 5045 3357 5100 πώποτε
3411 5047 3557 5118 ὑπὲρ
3596 5045 3689 5100 τοῦ

2105 5136 2357 5210 τυχόντος
2379 5141 2659 5212 ἄρχοντος,
2694 5138 2802 5192 οὐδ’
2833 5138 2974 5210 ὑπὲρ
3009 5137 3216 5192 ίδιώτου
3275 5138 3470 5211 ἀνδρὸς
3493 5139 3690 5210 μόσχος

2105 5233 2417 5304 ἀνεφέρετο.
2451 5232 2591 5286 Ποτέ
2618 5230 2675 5285 δὲ
2703 5234 2732 5285 6
2761 5230 2958 5302 μόσχος
2983 5233 3012 5285 6
3040 5230 3216 5303 ἄρρην
3240 5230 3448 5297 ἐθύετο,
3503 5231 3688 5285 ἄλλοτε

2104 5326 2305 5396 πᾶσαη
2340 5324 2630 5397 συναγωγὴ
2664 5321 2912 5394 ἁμαρτία
2959 5322 3394 5395 περιπεπτώκει,
3424 5323 3572 5395 ὑπὲρ
3620 5318 3691 5395 ἧς

2100 5419 2194 5471 καὶ
2227 5418 2387 5482 αὐτὸς
2419 5422 2447 5473 6
2499 5419 2677 5489 ἱερεὺς
2728 5417 2918 5489 ῶσπερ
2978 5416 3189 5488 κεφαλὴ
3236 5414 3311 5469 ὢν
3357 5414 3454 5470 τοῦ
3487 5415 3689 5479 παντὸς

2098 5508 2228 5563 λαοῦ
2261 5510 2363 5581 τῆς
2393 5511 2667 5583 ἁμαρτίας
2718 5508 2974 5574 κοινωνὸς
3027 5511 3121 5563 τὸν
3162 5510 3360 5581 μόσχον
3415 5510 3683 5581 προσῆγε.

2098 5601 2285 5658 Ταῦτα
2308 5602 2363 5657 δέ
2412 5605 2470 5657 ἐν
2500 5602 2772 5676 Λευιτικῷ
2827 5602 3008 5675 εὕροις
3065 5601 3131 5656 ἂν
3159 5602 3486 5675 ἐπιστήσας,
3549 5603 3611 5658 δν
3638 5591 3685 5670 ᾧ
