4062 6208
282 363 372 420 761
1400 351 1897 410 COMMENTARIA
1936 349 2000 406 IN
2039 351 2376 408 PSALMOS.

3415 349 3528 407 762

281 475 609 546 γέγραπταιο
637 491 655 523 ι
693 473 803 525 Καὶ
831 470 1056 543 ἑλάλησε
1080 470 1284 542 Κύριος
1317 470 1454 542 πρὸς
1492 468 1734 538 Μωῦσῆν
1760 467 1846 520 λέ-

1951 467 2171 524 dicens:
2193 467 2442 539 Loquere
2475 467 2540 522 ad
2561 466 2698 522 ﬁlios
2727 465 2914 531 lsrael,
2939 467 3167 523 dicens:
3191 463 3246 519 Si
3270 481 3527 522 summus

278 583 407 636 γωνο
451 563 698 635 Δάλησον
727 564 861 634 πρὸς
890 565 1014 627 τοὺς
1045 563 1192 626 υἱοὺς
1233 561 1447 633 Ἰσραὴλ
1472 561 1664 630 λέγων’
1722 559 1847 613 Ἐὰν

277 657 306 709 6
333 656 618 728 ἀρχιερεὺς
649 657 678 708 6
705 654 1060 726 κεχρισμένος
1097 653 1318 727 ἁμάρτῃ
1380 653 1476 706 τοῦ
1515 652 1643 706 λαὸν
1674 652 1849 724 ἁμαρ-

277 749 408 810 τεῖν,
444 747 538 800 καὶ
569 745 828 816 προσάξει
883 746 1010 816 περὶ
1067 745 1164 817 τῆς
1223 745 1500 817 ἁμαρτίας
1563 743 1726 797 αὑτοῦ
1781 739 1849 816 ἧς

275 839 508 908 ἥμαρτε,
549 837 746 906 μόσχον
773 837 837 887 ὲκ
889 833 1027 904 βοῶν
1081 834 1310 906 ἄμωμον
1341 833 1420 904 τῷ
1477 835 1716 906 Κυρίῳο»
1756 839 1850 890 καὶ

276 929 422 998 ἑξῆς·
466 949 484 980 ι
523 929 645 982 Ἐὰν
685 928 742 981 δὲ
776 929 922 980 πᾶσα
973 928 1262 999 συναγωγὴ
1307 927 1522 1000 Ἰσραὴλ
1584 929 1845 1007 ἀγνοήση,

277 1020 370 1074 καὶ
405 1021 540 1092 λάθῃ
567 1021 716 1091 ρἧα
768 1019 829 1084 ἐξ
879 1020 1172 1092 ὀφθαλμῶν
1225 1022 1324 1091 τῆς
1363 1022 1702 1091 συναγωγῆς·
1757 1023 1849 1076 καὶ

275 1115 538 1184 ποιήσωσι
576 1113 703 1182 μίαν
729 1112 835 1165 ἀπὸ
860 1112 1049 1165 πασῶν
1085 1111 1192 1164 τῶν
1224 1112 1453 1165 ἐντολῶν
1490 1114 1584 1166 τοῦ
1622 1114 1845 1184 Κυρίου,

273 1202 306 1276 ἢ
340 1205 399 1257 οὐ
438 1203 812 1276 ποιηθήσεται,
845 1204 936 1256 καὶ
971 1202 1353 1274 πλημμελῶσι,
1389 1205 1483 1257 καὶ
1511 1204 1724 1274 γνωσθῇ
1752 1205 1849 1256 αύ-

273 1298 382 1359 τοῖς
413 1295 714 1367 ήάμαρτία
745 1295 813 1365 ἢν
849 1295 1094 1365 ἥμαρτον
1127 1296 1184 1348 ὲν
1207 1295 1364 1365 αὐτῇ·
1405 1295 1496 1348 καὶ
1529 1296 1788 1366 προσάξει
1815 1297 1847 1367 ἡ

275 1388 560 1460 συναγωγὴ
596 1389 793 1460 μόσχον
819 1390 883 1442 ἐκ
914 1389 1051 1459 βοῶν
1084 1390 1211 1460 περὶ
1234 1391 1333 1459 τῆς
1360 1388 1653 1460 ἁμαρτίας.
1697 1409 1715 1442 »
1741 1391 1850 1444 Καὶ

276 1479 411 1547 μετὰ
462 1477 636 1532 ταῦτα
663 1481 696 1550 ἡ
728 1479 938 1550 ἱστορία
969 1480 1178 1547 εἰσάγει
1237 1479 1375 1551 ὑπὲρ
1401 1479 1495 1534 τοῦ
1553 1481 1850 1553 ἀρχιερέως

272 1568 463 1622 θυσίαν
513 1570 733 1642 μόσχον,
787 1573 845 1626 ὲν
894 1565 974 1634 οἷς
1023 1569 1259 1642 εἴρηται*
1329 1590 1348 1622 ι
1386 1573 1492 1625 Καὶ
1531 1575 1848 1645 προσήγαγε

270 1661 512 1731 Μωῦσῆς
543 1660 632 1715 τὸν
660 1661 856 1732 μόσχον
883 1662 974 1715 τὸν
991 1664 1118 1732 περὶ
1154 1663 1254 1732 τῆς
1279 1663 1569 1734 ἁμαρτίας,
1599 1665 1692 1718 καὶ
1721 1667 1848 1719 ἑπέ-

272 1751 442 1823 θηκεν
499 1751 705 1824 ’Λαρὼν
735 1754 828 1806 καὶ
849 1755 897 1806 οἱ
929 1754 1033 1807 υίοὶ
1061 1754 1227 1807 αὑτοῦ
1254 1755 1358 1818 τὰς
1401 1758 1590 1828 χεῖρας
1630 1758 1722 1810 ἐπὶ
1749 1758 1847 1827 τὴν

271 1841 513 1912 κεφαλὴν
545 1841 638 1895 τοῦ
665 1843 863 1914 μόσχου
889 1843 982 1897 τοῦ
1010 1844 1106 1914 τῆς
1139 1846 1432 1918 ἁμαρτίας,
1491 1849 1584 1902 καὶ
1617 1848 1847 1918 ἔσφαξεν
1882 1832 1923 1889 Β

270 1933 488 1986 αὐτόν.»
536 1935 698 2006 Ὁρᾷς
730 1935 820 1988 ἐπὶ
859 1935 1031 1998 ποίοις
1060 1938 1088 1988 6
1124 1937 1320 2007 μόσχος
1359 1940 1728 2012 προσεφέρετο
1756 1941 1848 1992 ἐπὶ

271 2022 424 2096 πάσῃ
450 2027 514 2094 τῇ
546 2028 830 2095 συναγωγῇ
873 2025 1084 2097 Ἰσραὴλ
1135 2028 1473 2101 ἁμαρτούσῃ,
1505 2031 1597 2083 καὶ
1625 2032 1716 2086 ἐπὶ
1745 2033 1845 2105 ἀρ-

270 2116 446 2182 χιερεῖ
496 2115 870 2185 ἡμαρτηκότι·
923 2117 1017 2170 καὶ
1069 2118 1165 2188 οὐχ
1219 2119 1405 2184 ἁπλῶς
1469 2124 1846 2194 ἡμαρτηκότι,

268 2203 404 2257 ἀλλά
436 2205 531 2258 καὶ
589 2205 666 2276 τῷ
698 2205 810 2277 λαῷ
842 2208 998 2279 αἰτίῳ
1030 2209 1305 2281 γενομένῳ
1361 2212 1658 2283 ἁμαρτίας·
1702 2215 1848 2284 λέγει

267 2295 398 2366 γάρ·
434 2314 453 2345 ι
476 2297 599 2349 Ἐὰν
627 2300 655 2352 6
699 2300 988 2370 ἀρχιερεὺς
1015 2301 1042 2352 ό
1087 2303 1444 2372 κεχρισμένος
1485 2305 1706 2377 ἁμάρτῃ
1753 2307 1847 2360 τοῦ

267 2387 359 2440 τὸν
390 2387 517 2440 λαὸν
545 2390 834 2460 ἁμαρτεῖν·
855 2412 872 2443 »
905 2391 1022 2445 ἀνθ’
1055 2389 1114 2447 οῦ
1142 2394 1170 2445 6
1218 2393 1446 2459 Ἀκύλας
1483 2398 1846 2469 ἡρμήνευσεν·

273 2500 289 2530 ι
331 2481 426 2543 Εἰς
457 2482 841 2552 πλημμέλησιν
877 2483 972 2537 τοῦ
1007 2483 1158 2538 λαοῦ.
1177 2505 1194 2536 »
1237 2487 1390 2541 Ἐπεὶ
1419 2490 1598 2542 τοίνυν
1627 2490 1768 2545 κατά
1790 2492 1850 2544 τὸ

270 2573 539 2642 σωτήριον
574 2572 744 2636 πάθος
789 2574 836 2626 οί
897 2575 1177 2644 ἀρχιερεῖς
1216 2577 1311 2629 καὶ
1360 2579 1408 2630 οί
1453 2579 1713 2649 ἄρχοντες
1753 2581 1846 2635 τοῦ

279 2659 548 2713 Ἰουδαίων
587 2660 770 2724 ἔθνους
804 2661 1145 2734 συνήχθησαν
1204 2665 1295 2716 ἐπὶ
1339 2667 1400 2719 τὸ
1425 2667 1555 2721 αὐτὸ
1587 2669 1728 2723 κατὰ
1753 2671 1848 2725 τοῦ

267 2753 475 2824 Κυρίου
505 2754 597 2806 καὶ
630 2753 772 2807 κατά
817 2756 912 2808 τοῦ
964 2758 1202 2828 Χριστοῦ
1237 2760 1422 2825 αὐτοῦ,
1468 2761 1546 2833 τῷ
1591 2781 1651 2816 τε
1689 2766 1850 2818 παντὶ

264 2840 373 2910 λαῷ
415 2843 744 2914 διαστροφῆς
777 2843 932 2897 αὐτοὶ
985 2846 1274 2915 γεγόνασιν
1311 2849 1494 2904 αἴτιοι·
1546 2850 1851 2924 γέγραπται

265 2933 392 3004 γάρ·
432 2953 449 2983 ι
487 2935 597 2987 Καὶ
627 2936 676 2987 oi
711 2936 986 3008 ἀρχιερεῖς
1025 2938 1120 2990 καὶ
1171 2939 1232 2992 τὸ
1263 2942 1534 3013 συνέδριον
1583 2945 1702 2998 ὅλον
1728 2947 1851 3017 ἐζή-

261 3041 391 3079 τουν
419 3027 894 3100 ψευδομαρτυρίαν
922 3032 1060 3086 κατά
1081 3033 1175 3088 τοῦ
1219 3034 1412 3104 Ἰησοῦ,
1434 3037 1580 3100 ὅπως
1606 3036 1852 3092 θανωτώ-

265 3137 436 3174 σωσιν
462 3121 679 3175 αὐτόν’»
713 3123 806 3176 καί
830 3123 986 3177 πάλιν
1016 3125 1166 3197 ἐξῆςο
1197 3146 1214 3178 ι
1239 3129 1302 3180 Οἱ
1356 3128 1412 3181 δὲ
1445 3129 1721 3202 ἀρχιερεῖς
1756 3131 1849 3185 καὶ

262 3215 312 3268 οί
342 3212 707 3286 πρεσϐύτεροι
736 3213 959 3268 ἔπεισαν
983 3217 1108 3279 τους
1135 3217 1323 3286 ὄχλους
1345 3219 1432 3272 ἴνα
1465 3221 1728 3291 αἰτήσωσι
1758 3222 1848 3275 τὸν

263 3304 584 3377 Βαραϐϐᾶν,
623 3306 713 3360 τὸν
736 3306 794 3360 δὲ
834 3307 1040 3378 Ἰησοῦν
1073 3309 1465 3364 ἀπολέσωσινο»
1498 3312 1668 3384 Χρεία
1692 3313 1750 3365 δὲ
1778 3308 1848 3384 ἦν

266 3399 591 3472 καθάρσεως
620 3403 732 3465 τοῖς
765 3400 934 3455 ταῦτα
983 3403 1361 3475 τετολμηκόσι,
1395 3407 1487 3460 καὶ
1531 3406 1718 3472 θυσίας
1749 3409 1849 3462 οὐκ

264 3492 449 3565 ἄλλης,
477 3495 514 3565 ἢ
545 3494 643 3565 τῆς
665 3493 752 3548 διὰ
781 3492 874 3547 τοῦ
910 3494 1130 3565 μόσχου,
1188 3495 1266 3559 ὡς
1305 3497 1724 3569 μεμαρτύρηται
1761 3499 1850 3553 διά

263 3586 362 3658 τῆς
385 3587 751 3660 προτεθείσης
777 3588 1020 3660 Γραφῆςο
1035 3587 1282 3652 είκότως,
1307 3589 1421 3643 Ούκ
1436 3590 1691 3661 αἰσθητὸν
1715 3590 1846 3659 ἐγὼ,

267 3681 418 3752 φησὶ,
455 3680 664 3754 μόσχον
701 3680 1014 3753 προσφέρω,
1042 3679 1131 3734 διὰ
1156 3681 1268 3735 τῶν
1296 3682 1669 3754 προκειμένων
1691 3683 1720 3736 6
1739 3684 1851 3736 ﬁo-

265 3771 365 3844 τὴρ
394 3772 586 3844 ἡμῶν,
624 3771 760 3826 ἀλλὰ
792 3772 891 3845 την
947 3772 1194 3845 καθαρὰν
1218 3775 1314 3828 καὶ
1357 3775 1588 3846 ἄναιμον
1637 3774 1847 3840 θυσίαν,

264 3864 328 3932 ἥν
357 3864 525 3926 αὐτὸς
553 3861 664 3932 ἐγὼ
690 3864 1103 3936 συνεστησάμην
1157 3865 1215 3918 ἐν
1239 3867 1303 3936 τῇ
1349 3865 1584 3936 ἐμαυτοῦ
1626 3865 1848 3935 Ἐκκληο

267 3954 353 4025 σία
372 3955 459 4009 διὰ
493 3954 602 4024 τῆς
635 3953 866 4025 ἀναίμου
892 3955 986 4008 καὶ
1007 3955 1219 4026 ἀπύρου
1255 3955 1616 4028 λειτουργίας,
1653 3957 1750 4027 τῆς
1781 3957 1849 4011 δι’

265 4048 548 4114 αἰνέσεωςο
583 4049 705 4118 ἥτις
759 4049 943 4120 ἀρέσει
995 4048 1071 4119 τῷ
1129 4048 1250 4121 Θεῷ
1298 4049 1496 4121 μᾶλλον
1547 4050 1580 4120 ἢ
1619 4053 1648 4104 6
1700 4049 1851 4120 παρά

265 4143 483 4197 Μωῦσεῖ
518 4141 846 4213 νενομοθετη
857 4143 1013 4212 μένος
1039 4143 1254 4214 μόσχος.
1289 4143 1378 4196 Διὸ
1401 4142 1672 4196 λέλεκται·
1693 4161 1712 4194 ι
1736 4145 1850 4198 Με-

265 4235 475 4302 γαλυνῶ
507 4233 683 4290 αὐτὸν
711 4237 767 4288 ὲν
797 4235 1015 4288 αἰνέσει.
1045 4234 1156 4289 Καὶ
1185 4235 1372 4308 ἀρέσει
1403 4236 1481 4306 τῷ
1505 4236 1676 4306 Θεῷ,»
1705 4239 1738 4308 ἡ
1771 4237 1854 4290 αῖ-

267 4343 407 4391 νεσις
428 4327 664 4400 δηλαδὴ.
693 4346 712 4378 ι
741 4327 880 4398 ὑπὲρ
903 4327 1104 4398 μόσχον
1130 4328 1271 4392 νέον,
1302 4327 1511 4401 κέρατα
1542 4329 1850 4400 ἐκφέροντα

267 4422 358 4472 καὶ
382 4422 583 4483 ὁπλάς.
612 4441 632 4472 »
672 4420 899 4491 Ἔτυχον
926 4420 970 4472 δ’
999 4420 1065 4474 ἂν
1097 4421 1346 4490 ἀφέσεως
1395 4422 1490 4475 καὶ
1535 4421 1853 4493 καθάρσεως

1949 561 2208 618 sacerdos
2230 562 2322 632 qui
2349 567 2550 616 unctus
2579 569 2662 616 est
2691 561 3016 632 peccaverit,
3066 567 3129 614 ut
3179 574 3409 631 peccare
3439 558 3517 614 fa-

1949 655 2058 709 ciat
2079 655 2357 725 populum,
2389 653 2577 710 oﬁ‘crct
2611 669 2711 724 pro
2759 661 2980 724 peccato
3035 668 3135 709 suo
3171 668 3280 724 quo
3326 667 3523 723 pecca-

1949 748 2047 810 vit,
2082 747 2310 801 vitulum
2342 763 2405 801 ex
2434 746 2608 800 bobus
2662 746 3070 800 immaculatum
3116 745 3348 801 Domino
3380 745 3457 813 ἰς
3496 762 3516 797 »

1949 851 2014 892 ac
2045 837 2242 892 deinde
2273 853 2286 888 :
2327 855 2344 887 ι
2373 836 2527 902 Quod
2574 837 2618 892 si
2659 837 2840 891 omnis
2877 851 3150 908 synagoga
3178 834 3342 890 Israel
3377 836 3525 905 igno-

1950 930 2171 992 raverit,
2221 936 2275 984 et
2318 929 2538 983 latuerit
2581 929 2806 983 verbum
2856 944 2922 983 ex
2970 929 3145 984 oculis
3197 943 3524 999 synagoga:

1950 1031 2043 1076 aut
2078 1021 2270 1075 fecerit
2293 1036 2458 1074 unum
2515 1036 2582 1075 ex
2617 1020 2878 1075 omnibus
2926 1021 3212 1092 praeceptis
3273 1019 3532 1085 Domini;

1951 1121 2044 1168 aut
2077 1129 2184 1168 non
2219 1112 2428 1176 fecerit,
2465 1121 2518 1167 et
2545 1111 2835 1184 deliquerit
2873 1121 2926 1168 et
2981 1112 3298 1183 cognoverit
3331 1127 3521 1182 pecca-

1947 1215 2064 1260 tum
2092 1221 2252 1261 suum
2282 1221 2392 1276 quo
2436 1205 2713 1274 peccavit;
2743 1205 2935 1260 offeret
2988 1219 3262 1276 synagoga
3290 1204 3530 1258 vitulum

1949 1315 2012 1352 ex
2043 1300 2216 1354 bobus
2249 1315 2348 1368 pro
2371 1307 2597 1368 peccato
2625 1299 2691 1352 ".
2727 1317 2746 1350 »
2784 1298 2897 1358 Sub
2921 1298 3035 1354 haec
3067 1305 3247 1351 autem
3298 1313 3396 1366 pro
3447 1313 3534 1351 sa-

1948 1389 2468 1444 cerdoteiuducitur
2521 1391 2574 1444 in
2635 1389 2966 1445 sacriﬁcium
3023 1389 3248 1454 vitulus,
3281 1405 3406 1443 nam
3437 1388 3520 1442 di-

1951 1482 2090 1534 citur
2118 1495 2131 1530 :
2162 1499 2179 1531 (
2206 1478 2271 1533 Ει
2299 1480 2496 1534 obtulit
2519 1479 2734 1551 Moyses
2772 1480 3003 1534 vitulum
3033 1495 3132 1548 pro
3181 1485 3408 1549 peccato
3433 1493 3446 1529 :
3471 1485 3526 1531 et

1951 1571 2209 1641 imposuit
2230 1572 2410 1624 Aaron
2428 1579 2482 1625 et
2528 1571 2620 1625 ﬁlii
2664 1572 2785 1641 ejus
2812 1586 3008 1626 manus
3036 1585 3204 1640 super
3260 1570 3528 1640 caputvi-

1950 1664 2046 1717 tuli
2081 1680 2179 1734 pro
2205 1671 2453 1734 peccato,
2484 1670 2540 1717 et
2563 1664 2867 1718 immolavit
2913 1679 3036 1718 eum
3059 1664 3128 1714 “.
3160 1682 3179 1715 »
3217 1663 3378 1718 Vides
3405 1661 3529 1732 qui-

1950 1759 2054 1812 bus
2073 1757 2141 1812 de
2165 1757 2349 1813 causis
2371 1757 2576 1812 vitulus
2609 1755 2905 1811 offerretur
2943 1771 3042 1828 pro
3067 1757 3323 1811 universa
3357 1770 3527 1826 syna-

1950 1864 2085 1920 goga
2119 1847 2340 1905 lsraelis
2384 1855 2674 1918 peccante,
2723 1857 2776 1902 et
2819 1863 2920 1918 pro
2977 1863 3192 1903 summo
3244 1849 3528 1902 sacerdote

1951 1949 2208 2012 peccante
2233 1959 2247 2009 ;
2272 1957 2372 1996 nec
2405 1942 2567 1996 modo
2591 1947 2873 2011 peccante,
2931 1940 3025 1995 sed
3070 1941 3237 1995 etiam
3269 1940 3526 2009 p0pnlum

1950 2033 2004 2087 in
2036 2041 2320 2104 peccatum
2364 2033 2692 2099 inducente;
2727 2033 2861 2087 dicit
2913 2033 3092 2088 enim:
3132 2051 3149 2084 ι
3189 2031 3246 2088 Si
3279 2049 3528 2090 summus

1949 2126 2229 2191 sacerdos,
2256 2127 2347 2197 qui
2372 2134 2572 2181 unctus
2593 2135 2696 2188 est,
2735 2127 3061 2196 peccaverit,
3107 2135 3165 2181 ut
3194 2142 3418 2196 peccare
3451 2126 3532 2179 tau

1949 2219 2404 2290 ciatpopulum.’
2439 2218 2546 2273 Pro
2571 2235 2680 2290 quo
2737 2219 2932 2290 Aquila
2996 2220 3076 2274 sic
3137 2219 3530 2290 interpretatus

1947 2317 2071 2364 est:
2109 2327 2127 2359 ι
2167 2309 2223 2363 ln
2277 2309 2535 2364 delictum
2588 2309 2796 2380 populi.
2831 2329 2848 2362 »
2908 2309 3046 2376 Quia
3105 2309 3530 2381 igiturtempore

1951 2403 2226 2474 passionis
2285 2401 2498 2457 Domini
2557 2404 2755 2457 summi
2817 2403 3136 2458 sacerdotes
3166 2413 3218 2459 et
3251 2403 3531 2473 principes

1949 2491 2189 2547 Judaica':
2253 2493 2433 2563 gentis
2495 2502 2870 2548 convenerunt
2928 2494 2982 2547 in
3044 2510 3211 2547 unum
3266 2496 3530 2547 adversus

1950 2591 2237 2646 Dominum
2272 2599 2327 2646 et
2360 2590 2624 2645 adversus
2671 2589 2951 2644 Christum
2987 2590 3129 2659 ejus,
3177 2591 3387 2659 totique
3441 2605 3532 2658 pu-

1951 2685 2079 2756 pulo
2142 2683 2512 2754 perversionis
2557 2690 2813 2736 auctores
2874 2680 3048 2745 fuere,
3117 2681 3382 2751 scriptum
3448 2690 3530 2734 est

1949 2778 2126 2836 enim:
2155 2795 2173 2828 ι
2204 2776 2488 2846 Principes
2523 2774 2871 2832 sacerdotum
2923 2782 2978 2829 ct
3030 2773 3321 2828 consilium
3356 2779 3528 2828 totum

1950 2870 2268 2942 quaerebant
2289 2869 2486 2925 falsum
2524 2868 2902 2924 testimonium
2933 2876 3123 2921 contra
3157 2865 3365 2932 Jesum,
3389 2881 3531 2935 quo-

1951 2961 2114 3016 modo
2147 2962 2310 3016 morti
2340 2959 2758 3016 traderenteum
2783 2960 2859 3028 '7;
2888 2977 2907 3010 »
2944 2974 3006 3014 ac
3036 2974 3286 3013 rursum:
3318 2976 3336 3008 ι
3371 2956 3528 3012 Prin-

1951 3055 2100 3124 cipes
2131 3055 2480 3110 sacerdotum
2519 3062 2571 3108 et
2612 3053 2860 3108 seniores
2907 3057 3305 3122 persuaserunt
3352 3050 3530 3106 turbis

1957 3154 2277 3217 utpeterent
2323 3145 2650 3211 Barabbam,
2682 3142 2865 3200 Iesum
2911 3159 3042 3199 vero
3083 3143 3372 3214 perderent
3403 3143 3470 3197 ⁸⁸.
3503 3161 3527 3195 »

1950 3238 2018 3295 iis
2042 3253 2206 3308 porro
2233 3237 2324 3307 qui
2355 3237 2482 3290 talia
2507 3237 2624 3292 ausi
2656 3236 3361 3307 fuerantpurgationeopus
3387 3245 3526 3300 erat,

1949 3339 2004 3388 et
2033 3331 2326 3395 sacriﬁcio,
2361 3346 2469 3384 non
2499 3329 2606 3384 alio
2633 3345 2795 3399 quam
2833 3329 3014 3393 vituli,
3035 3337 3094 3384 ut
3122 3327 3405 3399 Scriptura
3431 3346 3532 3384 su-

1951 3426 2136 3497 perius
2169 3426 2332 3478 allata
2383 3423 2730 3478 testiﬁcatur.
2763 3421 2894 3478 Jure
2930 3423 3018 3476 hic
3059 3421 3318 3478 Servator
3345 3431 3533 3478 noster

1952 3519 2064 3572 ait:
2097 3517 2215 3572 Non
2265 3517 2578 3572 sensibilem
2613 3531 2712 3586 ego
2746 3515 2977 3568 vitulum
3013 3513 3252 3584 profero.
3309 3513 3403 3568 scd
3433 3531 3532 3584 pu-

1951 3624 2067 3664 ram
2090 3616 2143 3663 et
2173 3609 2513 3662 incruentam
2565 3607 2822 3668 hostiam,
2865 3621 3026 3676 quam
3059 3621 3160 3677 ego
3189 3606 3305 3676 ipse
3346 3607 3398 3659 in
3430 3605 3532 3659 Ec-

1951 3703 2118 3757 clesia
2178 3716 2296 3755 mea
2326 3699 2612 3762 constitui,
2656 3715 2752 3769 per
2809 3699 3157 3752 incruentum
3204 3705 3256 3752 et
3283 3697 3406 3767 igne
3435 3711 3533 3750 va-

1952 3807 2114 3846 cuum
2144 3790 2530 3853 ministerium,
2565 3790 2709 3858 quod
2744 3788 2904 3842 laude
2953 3787 3324 3858 persolvitur;
3384 3787 3530 3857 quod

1954 3898 2087 3938 sane
2118 3882 2226 3940 Deo
2256 3883 2418 3954 longe
2468 3883 2748 3952 acceptius
2777 3889 2830 3934 et
2866 3880 3074 3951 gratius
3098 3879 3224 3942 erit,
3255 3894 3418 3950 quam
3443 3879 3534 3933 ille

1952 3973 2158 4046 Moysis
2187 3975 2305 4045 lege
2353 3975 2670 4044 assignatus
2701 3972 2928 4026 vitulus.
2955 3970 3299 4040 Quapropter
3321 3969 3530 4023 dictum

1952 4075 2037 4121 est
2066 4085 2078 4121 :
2117 4085 2136 4116 ι
2162 4064 2520 4136 Magniﬁcabo
2541 4079 2666 4118 eum
2707 4063 2760 4116 in
2788 4062 2968 4116 laude.
3004 4060 3067 4113 Et
3090 4061 3323 4131 placebit
3345 4060 3473 4120 Deo.
3506 4079 3529 4111 »

1954 4159 2075 4214 laus
2124 4159 2371 4223 scilicet,
2431 4176 2450 4208 ι
2479 4172 2645 4227 super
2702 4155 2936 4210 vitulum
2985 4154 3279 4217 novellum,
3323 4168 3534 4207 cornua

1953 4249 2343 4322 producentem
2373 4257 2427 4304 et
2455 4249 2709 4320 ungulas.
2752 4266 2772 4300 »
2808 4245 2876 4300 Et
2902 4262 3033 4301 sane
3069 4247 3285 4300 veniam
3333 4260 3532 4314 purga-

1953 4347 2265 4416 tioncmque
2287 4359 2410 4399 cum
2451 4343 2729 4414 principes
2756 4340 3124 4401 sacerdotum,
3152 4348 3266 4392 tum
3298 4337 3534 4408 populus

1954 4439 2134 4494 omnis
2196 4437 2477 4494 consecuti
2540 4442 2747 4502 essent,
2814 4433 2859 4488 si
2923 4447 3123 4486 novum
3191 4437 3246 4484 ct
3295 4430 3535 4484 salutare

265 4511 368 4566 τῶν
401 4511 816 4585 ἡμαρτημένων
869 4513 1053 4576 αὐτοῖς
1101 4515 1151 4565 οί
1187 4514 1464 4584 ἀρχιερεῖς
1513 4513 1606 4567 καὶ
1655 4515 1705 4568 οἱ
1757 4513 1850 4568 τοῦ

1955 4531 2363 4588 Testamentum
2413 4529 2800 4599 suscipientes,
2851 4523 2945 4578 tali
3000 4521 3273 4579 sacriﬁcio
3300 4521 3532 4576 fuissent

267 4605 459 4669 παντὸς
486 4604 700 4668 ἔθνους,
727 4606 776 4657 εἰ
814 4605 1082 4676 κέχρηντο
1107 4605 1277 4676 ταύτῃ
1303 4609 1369 4677 τῇ
1393 4604 1573 4676 θυσίᾳ,
1599 4606 1698 4676 τὴν
1724 4623 1846 4659 και-

268 4695 360 4766 νὴν
392 4698 484 4751 καὶ
528 4698 798 4768 σωτήριον
825 4695 1102 4767 Διαθήκην
1132 4699 1585 4770 παραδεξάμενοι.

336 4783 467 4843 Εἶτα
494 4788 665 4860 εὐχὴν
694 4788 1006 4859 ἀναπέμπει
1042 4791 1071 4842 6
1111 4791 1429 4862 προλεχθεὶς
1468 4789 1682 4860 πτωχὸς
1712 4789 1850 4860 ὑπὲρ

270 4878 373 4932 τῶν
401 4881 803 4954 παραπλησίως
831 4879 980 4951 αὐτῷ
1037 4881 1288 4952 πτωχῶν,
1321 4883 1450 4953 περὶ
1503 4877 1577 4936 ὧν
1613 4882 1854 4936 διδάσκει

270 4969 458 5041 λέγων’
490 4993 508 5026 ι
535 4974 814 5044 Μακάριοι
845 4976 896 5028 οί
945 4974 1150 5046 πτωχοὶ
1199 4973 1276 5044 τῷ
1311 4975 1603 5046 πνεύματι,
1637 4976 1720 5028 ὅτι
1759 4974 1855 5027 αύ-

269 5061 376 5115 τῶν
402 5065 550 5117 ἐστιν
577 5064 611 5135 ἡ
639 5064 884 5136 βασιλεία
934 5064 1042 5119 τῶν
1073 5064 1375 5136 οὐρανῶν.»
1431 5066 1538 5118 Καί
1589 5082 1722 5137 φησι
1763 5063 1854 5118 διὰ

270 5154 366 5226 τῆς
390 5157 574 5228 εὐχῆςο
615 5176 634 5207 ι
657 5157 937 5212 Ἰδέτωσαν
977 5157 1183 5229 πτωχοὶ
1215 5157 1309 5211 καὶ
1333 5156 1844 5228 εὐφρανθήτωσαν.»

275 5246 502 5318 Εῦχεται
563 5248 620 5302 δὲ
673 5249 775 5320 ἤδη
824 5251 954 5303 ποτὲ
987 5252 1068 5314 είς
1125 5249 1264 5320 ἔργα
1292 5249 1539 5322 χωρῆσαι
1595 5248 1665 5301 τὰ
1715 5265 1850 5320 προ-

274 5340 550 5410 λεχθέντα,
575 5341 714 5395 ὥστε
736 5342 1034 5414 ὀφθαλμοῖς
1060 5341 1198 5396 αὐτὰ
1221 5341 1517 5395 θεάσασθαι
1549 5342 1674 5404 τοὺς
1703 5343 1853 5413 είρη-

279 5429 469 5498 μένους
504 5434 770 5504 πτωχοὺς,
829 5432 1029 5505 δηλαδὴ
1088 5433 1214 5497 τοὺς
1272 5432 1519 5505 μαθητὰς
1560 5431 1722 5485 αὐτοῦ
1757 5433 1852 5484 καὶ

277 5524 396 5587 τώς
419 5525 770 5590 ἀποστόλους.
801 5527 948 5580 Ἰδεῖν
975 5527 1030 5580 δὲ
1064 5526 1273 5590 τούτοις
1299 5525 1514 5597 εὔχεται
1547 5525 1641 5596 τὴν
1669 5524 1854 5578 ἀποδο-

282 5615 563 5685 μασμένην
591 5615 718 5688 ύμῖν
773 5616 1049 5687 βασιλείαν
1096 5617 1204 5670 ἀπὸ
1254 5613 1559 5688 καταϐολῆς
1587 5617 1844 5686 κόσμου.»

346 5728 409 5802 ’ξ’
446 5727 616 5802 Levit.
686 5747 759 5795 Iv,
822 5733 934 5789 L5.
1011 5734 1057 5767 ⁸³
1107 5735 1237 5792 ibid.
1269 5735 1462 5802 15,”.

281 5796 325 5845 ’ἓ
363 5797 550 5855 Matth.
598 5819 650 5868 ν,
684 5803 736 5860 5.

1563 5734 1607 5767 "
1638 5732 1809 5790 Levit.
1840 5747 1936 5788 vni
1958 5773 1971 5798 ,
2015 5730 2092 5786 ι».

1953 4625 2060 4680 usi.

2021 4776 2225 4832 Deinde
2244 4773 2529 4830 mendicus
2560 4773 2651 4827 ille
2679 4771 2987 4827 orationem
3017 4767 3246 4824 eﬁundit
3275 4782 3375 4838 pro
3399 4781 3537 4838 pau-

1949 4870 2174 4943 peribus
2201 4868 2286 4924 sui
2315 4865 2614 4927 similibus,
2647 4863 2714 4918 de
2739 4863 2939 4932 quibus
2973 4860 3088 4914 haec
3117 4859 3312 4914 tradit:
3342 4878 3361 4910 ι
3386 4858 3534 4916 Beati

1949 4975 2218 5034 pauperes
2273 4956 2495 5026 spiritu,
2554 4952 2814 5023 quoniam
2866 4952 3112 5021 ipsorum
3169 4958 3253 5005 est
3307 4964 3538 5020 regnum

1950 5053 2215 5109 caelorum
2251 5050 2317 5104 ⁵ο.
2348 5066 2367 5099 »
2408 5045 2466 5101 1η
2493 5045 2746 5101 oratione
2778 5059 2910 5098 vero
2959 5057 3056 5098 sua
3108 5042 3184 5095 ait
3212 5060 3225 5096 :
3258 5061 3274 5092 ι
3307 5040 3538 5095 Videant

1953 5158 2222 5217 pauperes
2251 5150 2307 5198 et
2335 5141 2602 5195 laetentur.
2638 5156 2656 5190 »
2696 5135 2814 5190 Jam
2851 5146 3029 5191 autem
3056 5143 3311 5206 precatur
3343 5142 3536 5203 utquze

1955 5251 2121 5308 supra
2141 5235 2285 5290 dicta
2308 5240 2437 5288 sunt
2467 5230 2741 5294 eveniant,
2773 5230 2845 5284 ita
2877 5238 2936 5283 ut
2956 5244 3230 5299 pauperes
3264 5227 3378 5290 isti,
3432 5225 3534 5278 sei-

1954 5333 2080 5388 licet
2117 5327 2372 5399 discipuli
2425 5333 2479 5380 et
2534 5323 2766 5395 apostoli
2821 5323 2930 5388 sui,
2978 5323 3216 5378 videant.
3273 5318 3536 5372 Precatur

1953 5443 2084 5482 vero
2117 5432 2174 5478 ut
2200 5421 2414 5476 laudem
2463 5419 2610 5475 illam
2638 5419 2811 5472 vitulo
2840 5417 3054 5472 novello
3085 5426 3290 5467 cornua
3324 5405 3529 5474 produ~

1958 5525 2116 5574 rente
2156 5524 2211 5571 et
2252 5513 2485 5584 ungulas
2523 5513 2817 5581 gratiorem
2871 5505 3233 5576 conspiciant.
3287 5497 3352 5549 Et
3395 5511 3528 5551 sane

1967 5631 1984 5665 ι
2025 5613 2098 5668 Ea
2142 5624 2270 5665 vero
2295 5623 2418 5680 qua:
2478 5622 2696 5662 sursum
2757 5611 2849 5658 cst‘
2897 5597 3194 5655 Jerusalem
3229 5593 3394 5646 libera
3421 5599 3528 5653 est,

2189 5731 2228 5762 "
2263 5727 2452 5783 Matth.
2515 5739 2662 5789 xxvi,
2710 5719 2799 5776 59.
2898 5719 2944 5750 ⁵⁸
2997 5711 3379 5774 Mat-tinum,
3434 5706 3528 5768 ‘20.
