4062 6208
512 370 513 373 η
552 329 659 385 765

1230 323 1503 382 EUSEBII
1536 322 2019 381 CESARIENSIS
2056 321 2208 380 OPP.
2248 321 2432 378 PARS
2470 320 2559 378 ΙΙΙ.
2601 353 2669 364 -—
2699 318 3111 376 EXEGETICA.

3664 340 3667 343 ·
3703 322 3812 377 τοι

508 447 809 522 ειιιιοιιὶιιιιι
850 445 1027 500 oratio
1086 443 1207 513 ejus
1250 443 1527 501 diuturnis
1572 453 1763 514 postea
1789 442 2115 513 temporibus

2227 442 2408 496 θεῖσαν
2426 438 2592 495 αὐτοῦ
2621 440 2824 494 αῖνεσιν
2845 437 2942 510 τὴν
2963 432 3101 509 ὑπὲρ
3129 452 3327 508 μοσχον
3345 437 3463 492 νέον
3487 436 3579 491 τὸν
3600 439 3813 511 κέρατα

550 542 800 597 effectum
822 545 1118 592 consecuta
1174 542 1279 599 est,
1312 535 1501 592 beatos
1553 534 1882 606 praedicabat
1904 550 2000 589 eos
2031 534 2124 605 qui

551 632 741 686 talium
796 644 979 684 rerum
1040 629 1354 698 spectaculo
1387 626 1593 698 dignati
1638 634 2050 697 essent:quare
2070 626 2125 679 in

551 720 860 782 Evangeliis
889 717 1173 788 discipulis
1204 717 1322 773 suis
1342 716 1548 771 dixisse
1569 716 1829 771 scribitur
1854 733 1867 769 :
1905 733 1924 766 ι
1945 712 2126 769 Vestri

547 822 730 867 autem
792 811 1126 872 heatioculi,
1181 812 1311 879 quia
1360 809 1585 875 vident;
1623 817 1680 863 et
1708 823 1871 863 aures
1907 814 2125 874 vestrae,

551 906 680 977 quia
712 906 942 961 audiunt
995 906 1061 956 σο.
1099 924 1119 958 ι
1155 904 1282 959 Haec
1336 905 1539 974 quippe
1563 901 1742 957 alﬁnia
1801 900 1930 956 huic
1979 901 2126 957 dicto

544 1006 725 1065 erant,
772 995 1048 1065 «Videant
1101 1012 1375 1067 pauperes
1405 1035 1421 1058 ,
1471 1004 1526 1051 et
1572 994 1864 1049 hetentur:
1897 994 2124 1064 quaerite

547 1090 741 1154 Deum,
768 1100 823 1146 et
864 1090 1008 1146 vivet
1044 1091 1225 1144 anima
1264 1096 1471 1145 vestra.
1505 1106 1525 1141 ›
1569 1085 1707 1142 Cum
1747 1102 1846 1157 pro
1873 1086 2125 1157 pauperi-

546 1184 651 1240 bus
692 1188 963 1254 rogasset,
1021 1181 1171 1252 ipsos
1229 1180 1449 1236 demum
1513 1180 1832 1251 alloquitur,
1882 1179 2124 1249 ipsisque

546 1282 713 1336 vitam
744 1280 1056 1342 denuntiat,
1115 1294 1225 1335 non
1284 1294 1598 1349 corporum,
1647 1277 1743 1334 sed
1768 1278 2073 1331 animarum
2106 1295 2118 1330 :

546 1388 711 1443 quam
745 1372 814 1427 ab
847 1372 984 1442 ipsis
1014 1371 1183 1427 Deum
1209 1372 1584 1442 quarentibus
1605 1368 1977 1440 reperiendam
2000 1384 2124 1423 esse

548 1463 858 1535 pollicetur,
908 1463 1042 1518 talia
1106 1462 1338 1518 fatusu
1368 1461 1606 1528 Quaerite
1632 1460 1823 1524 Deum,
1872 1467 1927 1514 et
1978 1459 2123 1517 vivet

547 1556 730 1611 anima
761 1564 963 1611 vestra.
995 1574 1016 1609 ι
1051 1553 1197 1611 Fons
1227 1555 1429 1625 quippe
1479 1553 1604 1609 vita:
1627 1566 1796 1622 penes
1830 1550 1983 1605 illum
2013 1557 2118 1605 est.

544 1647 912 1715 Quamobrem
935 1647 1128 1703 iisdem
1168 1644 1504 1716 pauperibus
1525 1643 1791 1715 praecipit,
1827 1650 1909 1707 ut,
1939 1642 2121 1696 omnia

546 1750 958 1812 postponentes,
996 1741 1147 1796 illum
1204 1741 1307 1794 Iide
1345 1739 1598 1808 bonaque
1630 1752 1726 1808 spe
1778 1736 1972 1791 muniti
2000 1750 2123 1805 per-

2231 534 2531 606 ἐκφέροντα
2589 534 2683 587 καὶ
2732 532 2922 595 ὁπλάς.
2960 533 3069 585 Καὶ
3106 531 3171 602 δὴ
3220 531 3604 604 πληρουμένης
3639 534 3811 590 αὐτοῦ

2229 624 2329 695 τῆς
2355 624 2522 695 εὐχῆς
2560 625 2794 695 μακροῖς
2823 622 3048 692 ὕστερον
3080 621 3317 693 χρόνοις,
3349 621 3652 693 ἐμακάριζε
3681 626 3808 689 τοὺς

2230 713 2668 787 κατηξιωμένους
2712 716 2811 785 τῆς
2851 713 2961 767 τῶν
3010 714 3353 785 πραγμάτων
3405 713 3554 777 θέας·
3614 714 3697 769 διὸ
3750 718 3811 768 ἐν

2228 808 2581 877 Εὑαγγελὶοις
2609 809 3021 879 ἀναγέγραπται
3067 810 3183 871 τοῖς
3214 806 3382 862 αὐτοῦ
3408 808 3677 879 μαθηταῖς
3726 811 3812 863 εἱ-

2229 900 2364 954 πών·
2397 921 2417 952 ι
2452 900 2633 972 ’Υμῶν
2659 901 2717 953 δὲ
2752 901 3076 973 μακάριοιοὶ
3106 900 3492 971 ὁφθαλμοὶ,ὄτι
3526 901 3811 971 βλέπουσι,

2227 992 2322 1045 καὶ
2349 991 2418 1045 τὰ
2441 985 2555 1044 ὦτα
2587 990 2763 1062 ὑμῶν,
2793 992 2873 1044 ὃτι
2904 990 3217 1045 ἀκούουσι.»
3273 989 3460 1046 Ταῦτα
3507 991 3618 1062 γὰρ
3664 991 3812 1063 σύμ-

2226 1101 2379 1155 φωνα
2408 1079 2476 1153 ἦν
2507 1083 2585 1154 τῷ
2609 1084 2840 1155 φήσαντι
2878 1082 3040 1155 λόγῳ·
3093 1102 3111 1135 ι
3148 1083 3423 1137 Ἰδέτωσαν
3473 1085 3681 1156 πτωχοὶ
3710 1086 3807 1138 καὶ

2226 1173 2703 1246 εὐφρανθήτωσαν·
2737 1173 3071 1245 ἐκζητήσατε
3092 1173 3181 1227 τὸν
3210 1173 3365 1238 Θεὸν,
3393 1173 3488 1227 καὶ
3519 1173 3749 1244 ζήσεται
3772 1176 3808 1247 ή

2223 1264 2370 1336 ψυχὴ
2404 1264 2610 1335 ὑμῶν.»
2665 1264 2976 1335 Εὐξάμενος
3023 1264 3162 1336 ὑπὲρ
3193 1263 3300 1317 τῶν
3364 1263 3618 1333 πτωχῶν,
3669 1263 3810 1337 πρὸς

2225 1356 2420 1420 αὐτοὺς
2440 1356 2625 1409 λοιπὸν
2651 1358 2882 1410 ποιεῖται
2924 1355 3014 1409 τὸν
3069 1355 3246 1425 λόγον,
3304 1355 3716 1425 εὐαγγελίζεται
3745 1375 3810 1411 τε

2224 1451 2406 1514 αὐτοῖς
2437 1448 2581 1522 ζωὴν
2607 1450 2667 1504 οὐ
2697 1449 2988 1520 σωμάτων,
3040 1448 3176 1503 ἀλλὰ
3207 1448 3414 1521 ψυχῶν·
3474 1450 3571 1504 καὶ
3599 1450 3809 1521 ταύτην

2224 1545 2409 1608 αὐτοῖς
2439 1543 2832 1615 εὑρεθήσεσθαι
2867 1543 3203 1616 ὲκζητήσασι
3225 1544 3315 1597 τὸν
3348 1543 3482 1598 Θεὸν
3525 1544 3809 1614 ἐπαγγέλ-

2223 1637 2391 1692 λεται·
2426 1637 2506 1691 διό
2534 1653 2685 1709 φησι·
2720 1655 2740 1689 ι
2762 1637 3130 1710 Ἑκζητήσατε
3158 1638 3249 1692 τὸν
3266 1636 3418 1704 Θεὸν,
3453 1638 3550 1693 καὶ
3576 1637 3809 1711 ζήσεται

2223 1731 2254 1799 ή
2294 1726 2438 1798 ψυχὴ
2462 1727 2635 1797 ὑμῶν.
2673 1746 2692 1778 ι
2745 1727 2903 1799 Πηγὴ
2958 1728 3069 1799 γὰρ
3112 1726 3256 1799 ζωῆς
3308 1731 3437 1801 παρ’
3481 1728 3652 1800 αὐτῷ.
3712 1732 3809 1785 Διὸ

545 1834 798 1904 quirant;
830 1834 906 1888 ita
937 1835 1084 1889 enim
1122 1848 1217 1889 eos
1249 1833 1360 1886 vita
1402 1833 1599 1885 animae
1635 1831 1877 1886 victuros
1901 1829 2115 1900 pollice-

2226 1822 2404 1876 πάντα
2435 1821 2663 1893 δεύτερα
2687 1821 2945 1894 θεμένους
2999 1823 3124 1886 τοὺς
3174 1821 3497 1894 εἰρημένους
3529 1824 3803 1896 πτωχοὺς,

538 1934 675 1981 tur:
704 1927 772 1982 de
821 1941 929 1996 qua
979 1925 1092 1980 vita
1146 1925 1262 1979 haec
1322 1923 1617 1993 Apostolus
1675 1922 1903 1977 docuit:
1944 1918 2119 1974 «Nam

543 2018 659 2076 vita
714 2026 897 2074 vestra
950 2016 1271 2072 abscondita
1325 2023 1411 2070 est
1450 2029 1574 2069 cum
1627 2012 1851 2069 Christo
1897 2013 1952 2067 in
1986 2010 2116 2066 Deo.

541 2107 679 2163 Cum
703 2114 884 2162 autem
927 2106 1181 2161 Christus
1229 2106 1543 2176 apparuerit
1592 2104 1705 2156 vita
1755 2112 1954 2166 vestra,
1988 2110 2121 2156 tunc

540 2212 599 2257 et
650 2214 751 2254 vos
785 2213 910 2253 cum
944 2199 1037 2253 illo
1083 2196 1423 2269 apparebitis
1472 2196 1525 2249 in
1574 2194 1746 2266 gloria
1771 2193 1837 2247 ⁶¹.
1879 2212 1897 2246 ι
1925 2192 2120 2248 Postea

542 2291 762 2347 subdit:
801 2309 819 2341 ι
841 2289 1108 2357 Quoniam
1127 2290 1406 2345 exaudivit
1459 2302 1722 2359 pauperes
1750 2286 2035 2351 Dominus,
2065 2293 2119 2342 et

542 2383 754 2439 vinctos
776 2398 907 2438 suos
929 2398 1038 2436 non
1066 2383 1335 2454 despexit.
1375 2403 1394 2435 ι
1429 2381 1530 2436 llic
1570 2396 1788 2435 rursum
1809 2420 1824 2443 ,
1863 2378 2119 2435 «exaudi-

540 2476 640 2540 vit,
669 2496 687 2529 ο
724 2491 844 2547 pro,
883 2494 901 2526 ι
930 2475 1220 2540 exaudiet;
1262 2496 1280 2527 ι
1314 2484 1369 2530 et
1398 2517 1412 2542 ,
1451 2494 1469 2525 ι
1499 2489 1607 2529 non
1642 2474 1913 2544 despexit,
1940 2492 1959 2524 ι
1996 2487 2116 2543 pro,

546 2578 566 2614 ι
604 2577 713 2617 non
736 2562 1022 2633 despiciet,
1052 2583 1071 2616 ι
1106 2563 1313 2618 dictum
1335 2573 1439 2619 est.
1471 2562 1606 2618 Cum
1626 2562 1739 2632 jam
1769 2563 1918 2617 enim
1947 2561 2117 2616 dixis-

539 2663 643 2719 set,
680 2672 698 2705 ι
727 2653 963 2721 Quaerite
992 2653 1186 2720 Deum,
1233 2663 1288 2710 et
1328 2655 1475 2711 vivet
1526 2656 1708 2709 anima
1755 2662 1974 2717 vestra;
2007 2673 2025 2707 ι
2053 2651 2119 2707 fi-

537 2748 732 2803 denter
766 2748 864 2810 ait,
911 2748 1157 2818 quaerite,
1212 2748 1471 2818 quoniam
1526 2745 1783 2802 exaudiet
1827 2759 2111 2816 pauperes.

536 2837 724 2910 Neque
743 2840 887 2894 enim
917 2837 1371 2909 voluptariorum,
1398 2839 1760 2908 superborum
1787 2846 1841 2892 et
1861 2852 2118 2906 arrogan-

536 2932 675 2986 tium
726 2930 869 2986 Deus
898 2938 1016 2997 est;
1052 2930 1147 2985 sed
1192 2930 1479 2985 humilium
1513 2939 1567 2986 et
1601 2945 1920 3000 pauperum.
1969 2928 2117 2996 Qua-

536 3035 760 3095 pr0pter
775 3024 976 3078 dicitur
1008 3042 1021 3077 :
1061 3042 1079 3075 ι
1112 3021 1170 3076 In
1199 3037 1361 3092 quem
1395 3024 1704 3093 respiciam,
1745 3022 1853 3076 nisi
1881 3021 1934 3076 in
1960 3037 2116 3076 man-

538 3126 755 3172 suetum
789 3126 843 3172 et
886 3117 1144 3171 humilem
1199 3124 1253 3171 et
1285 3116 1527 3186 quietum
1558 3124 1613 3171 et
1651 3125 1970 3171 trementem
1999 3131 2116 3171 ser-

2194 1914 2469 1984 ¹ι-ξκζητεῖν
2492 1916 2654 1970 αὑτὸν
2684 1916 3009 1988 προστάττει
3041 1916 3178 1988 μετὰ
3213 1917 3447 1981 πίστεως
3472 1918 3567 1971 καὶ
3590 1920 3808 1990 ἀγαθῆς

2221 2003 2451 2069 ἐλπίδος·
2514 2004 2777 2071 ζήσεσθαι
2828 2005 2936 2077 γὰρ
2969 2006 3165 2072 αὐτοὺς
3232 2007 3630 2078 ἐπαγγέλλεται
3657 2007 3809 2083 ζωὴν

2218 2096 2415 2168 ψυχῆς,
2480 2097 2607 2171 περὶ
2661 2094 2727 2171 ἦς
2773 2099 2864 2152 καὶ
2890 2102 2919 2153 ὀ
2964 2099 3283 2164 Ἀπόστολος
3315 2100 3562 2157 ἐδίδασκε
3587 2101 3766 2171 λέγων
3788 2122 3804 2135 ·

2224 2209 2243 2241 ι
2269 2191 2329 2242 'lI
2359 2189 2467 2262 γὰρ
2497 2189 2608 2261 ζωὴ
2631 2190 2784 2260 ὑμῶν
2817 2191 3122 2263 κέκρυπται
3157 2192 3252 2246 σὺν
3284 2192 3361 2263 τῷ
3393 2192 3613 2265 Χριστῷ
3644 2195 3703 2246 ὲν
3724 2194 3811 2265 τῷ

2219 2283 2358 2355 Θεῷ.
2403 2284 2569 2337 Ὅταν
2599 2286 2627 2338 ὁ
2664 2284 2897 2356 Χριστὸς
2954 2286 3298 2358 φανερωθῇή
3329 2285 3442 2358 ζωὴ
3477 2288 3652 2358 ὑμῶν,
3679 2289 3809 2342 τότε

2219 2379 2313 2431 καὶ
2344 2378 2502 2449 ὑμεῖς
2532 2377 2627 2430 σὺν
2650 2378 2798 2449 αὐτῷ
2827 2378 3275 2451 φανερωθήσεσθε
3309 2383 3366 2434 ὲν
3418 2380 3565 2455 δόξῃ.
3607 2402 3625 2434 ι
3691 2380 3809 2437 Εἶτ’

2218 2469 2477 2539 ἐπιλέγει·
2526 2469 2682 2524 ι”Οτι
2728 2472 3011 2542 εἰσήκουσε
3053 2470 3161 2526 τῶν
3205 2475 3459 2546 ’πενήτων
3505 2477 3534 2528 ὁ
3573 2474 3807 2546 Κύριος,

2217 2562 2311 2615 καὶ
2344 2564 2467 2627 τοὺς
2488 2562 2894 2635 πεπεδημένους
2916 2562 3082 2617 αὐτοῦ
3108 2565 3207 2618 οὐκ
3233 2565 3576 2631 ἐξουδένωσε.
3591 2587 3608 2619 ι
3630 2567 3807 2622 Πάλιν

2215 2653 2273 2707 δὲ
2305 2654 2582 2709 κάνταῦθα
2610 2654 2692 2717 τὸ,
2731 2674 2748 2706 ι
2777 2656 3151 2726 εἰσήκουσεν,›
3190 2656 3310 2710 ἀντὶ
3357 2657 3473 2720 τοῦ,
3504 2676 3523 2709 ι
3552 2659 3807 2712 εἰσακού-

2218 2763 2390 2808 σεται,
2413 2767 2430 2797 ι
2447 2746 2679 2818 εἴρηται,
2699 2747 2792 2801 καὶ
2817 2746 2897 2811 τὸ,
2936 2767 2954 2798 ι
2985 2747 3087 2802 οὐκ
3104 2747 3478 2815 ὲξουδένωσεν,
3507 2769 3523 2800 ι
3546 2751 3666 2804 ἀντὶ
3680 2750 3802 2815 τοῦ,

2222 2857 2241 2887 ι
2269 2839 2369 2891 οὐκ
2395 2837 2790 2903 ὲξουὸενὼσει.»
2831 2838 3117 2912 Προειπὼν
3148 2839 3275 2913 γὰρ,
3322 2862 3341 2893 ι
3367 2844 3646 2915 Ζητήσατε
3707 2842 3803 2898 τὸν

2215 2928 2367 2994 Θεὸν,
2400 2930 2493 2983 καὶ
2526 2928 2750 3001 ζήσεται
2777 2931 2811 3001 ή
2835 2928 2981 3001 ψυχὴ
3010 2930 3219 3000 ὑμῶν,›
3264 2932 3613 3005 θαρσούντως
3642 2937 3799 3007 φησι,

2216 3024 2515 3093 Ζητήσατε,
2546 3023 2627 3076 ὅτι
2681 3024 3057 3079 εἰσακούσεται
3113 3025 3221 3079 τῶν
3247 3028 3520 3099 πενήτων.
3562 3031 3636 3083 Οὐ
3690 3030 3799 3103 γὰρ

2212 3112 2543 3185 τρυφώντων
2571 3114 2718 3167 ἐστὶν
2744 3115 2773 3167 ὁ
2803 3115 2957 3180 Θεὸς,
2985 3114 3105 3169 οὐδὲ
3128 3117 3453 3188 ἐπηρμένων
3476 3120 3570 3173 καὶ
3602 3119 3798 3187 ἀλαζο-

538 3225 729 3265 ntones
769 3225 917 3265 meos
954 3208 1032 3263 “?
1070 3228 1089 3261 ι
1124 3207 1352 3265 Fiducia
1396 3209 1561 3280 igitur
1605 3209 1861 3264 instructi
1892 3210 2115 3277 quaerite

2219 3205 2541 3276 νευομένων,
2566 3206 2701 3261 ἀλλὰ
2751 3207 3026 3263 ταπεινῶν
3078 3209 3171 3262 καὶ
3225 3210 3489 3281 πενήτων.
3525 3212 3617 3265 Διὸ
3647 3215 3801 3287 εἴρη-

540 3300 732 3363 Deum,
760 3302 914 3372 gnari
944 3300 1230 3356 Dominum
1264 3318 1363 3357 vos
1403 3316 1672 3374 pauperes
1705 3301 2110 3366 exauditurum,

537 3404 592 3449 et
626 3396 835 3450 vinctos
856 3411 986 3452 suos
1019 3412 1127 3450 non
1166 3396 1552 3465 despecturum
1576 3409 1736 3462 esse;
1770 3393 1886 3449 sive
1915 3408 2113 3450 secun-

536 3485 666 3539 dum.
727 3485 1154 3555 Symmachum:
1187 3506 1205 3538 ι
1238 3487 1305 3540 Et
1342 3488 1556 3541 vinctos
1617 3499 1748 3541 suos
1804 3501 1913 3541 non
1960 3486 2115 3556 parvi

538 3577 750 3632 faciet.»
781 3576 900 3644 Quo
922 3587 1082 3649 pacto
1109 3587 1289 3634 autem
1306 3578 1359 3631 hi
1388 3592 1676 3648 pauperes,
1695 3576 1858 3631 vincti
1887 3587 1941 3633 et
1961 3573 2108 3633 com-

535 3668 700 3738 pediti
737 3668 1236 3741 fuerintintelliges.
1262 3672 1307 3725 si
1332 3671 1558 3725 Paulum
1589 3671 1778 3726 audias
1809 3672 2110 3729 dicentem:

542 3780 560 3811 ι
584 3758 787 3814 Paulus
814 3760 1032 3815 vinctus
1060 3759 1190 3835 Jesu
1237 3761 1444 3816 Christi
1470 3760 1515 3791 ⁸³
1541 3779 1554 3814 :
1582 3781 1600 3813 ι
1630 3776 1694 3815 ac
1728 3762 1986 3817 similiter
2036 3778 2115 3818 re.-

537 3853 672 3922 liqui
734 3852 988 3922 discipuli
1043 3869 1143 3921 pro
1179 3854 1383 3911 Christi
1422 3854 1622 3909 vinclis
1671 3854 1925 3909 habendi.
1972 3854 2115 3921 Quin

533 3944 698 3998 etiam
735 3945 771 3998 ii
802 3946 897 4015 qui
927 3946 984 3999 in
1016 3946 1366 4001 tabernaculo
1396 3946 1685 4019 (corporis)
1716 3948 1873 4016 quasi
1905 3949 1959 4002 in
1994 3950 2112 4003 vin-

535 4034 675 4089 culis
727 4042 875 4099 sunt,
923 4035 1111 4104 lugent
1159 4037 1531 4106 supplicantes
1563 4053 1594 4091 a
1627 4038 1859 4094 vinculis
1921 4039 2057 4109 eripi
2095 4055 2110 4093 :

533 4137 705 4194 quare
733 4122 925 4178 dicunt
952 4142 965 4178 :
1004 4142 1024 4174 ι
1057 4120 1250 4177 Infelix
1265 4139 1364 4194 ego
1388 4124 1573 4189 homo,
1597 4125 1722 4194 quis
1748 4140 1831 4180 me
1862 4124 2114 4179 liberabit

531 4230 600 4270 ex
637 4229 866 4285 corpore
919 4214 1112 4270 mortis
1147 4215 1310 4285 hujus
1342 4216 1420 4270 “?
1458 4235 1476 4266 ι
1513 4215 1614 4281 Qui
1661 4232 1792 4286 ergo
1842 4215 2115 4286 corrupti-

532 4306 626 4363 bili
648 4322 878 4377 corpore
906 4308 1092 4364 onusti
1123 4316 1272 4376 sunt,
1307 4315 1362 4363 et
1390 4311 1802 4380 corruptionem
1860 4323 2115 4363 aversan-

531 4406 642 4464 tur,
692 4407 971 4472 gementes
1020 4399 1075 4454 in
1125 4400 1228 4455 hac
1259 4402 1603 4471 corruptibili
1651 4403 1781 4466 vita,
1821 4401 1987 4456 vincti
2020 4400 2112 4456 Dei

531 4498 681 4555 sunt,
715 4500 769 4548 et
799 4492 1091 4563 compediti
1115 4493 1257 4563 ejus,
1285 4510 1521 4565 quorum
1562 4495 1978 4566 deprecationes
2000 4507 2109 4547 non

530 4584 790 4654 despiciet
811 4600 987 4654 neque
1010 4586 1373 4640 aversabitur.
1425 4584 1527 4651 Qui
1557 4603 1686 4642 vero
1729 4586 1947 4641 vincula
2007 4599 2107 4640 sua

532 4676 893 4748 impinguant,
919 4686 974 4734 et
1007 4678 1177 4732 nimia
1207 4681 1485 4750 voluptate
1549 4680 1751 4746 fovent,
1787 4680 1956 4736 vincti
1980 4695 2107 4735 cor-

532 4769 799 4838 ruptionis
824 4777 881 4824 et
913 4775 1105 4825 mortis
1129 4770 1253 4839 jure
1275 4772 1548 4828 dicantur.

2214 3315 2322 3352 ται·
2371 3319 2388 3349 ι
2431 3298 2556 3352 Ἐπὶ
2578 3299 2700 3354 τίνα
2722 3300 2994 3370 ὲπιόλέψω
3034 3301 3065 3372 ἢ
3102 3301 3194 3354 ἐπὶ
3225 3302 3319 3355 τὸν
3352 3305 3518 3374 πρᾶον
3553 3304 3645 3357 καὶ
3693 3322 3794 3359 τα-

2215 3392 2421 3458 πεινὸν,
2457 3393 2552 3446 καὶ
2589 3391 2808 3463 ἡσύχιον
2834 3394 2929 3447 καὶ
2956 3393 3229 3466 τρέμοντα
3255 3412 3354 3466 μου
3376 3397 3495 3459 τοὺς
3521 3394 3716 3464 λόγους
3735 3414 3751 3463 ;
3767 3420 3786 3451 ι

2214 3484 2553 3556 Θαρσοῦντες
2585 3482 2677 3539 οὖν
2699 3484 2968 3558 ζητήσατε
3001 3487 3093 3540 τὸν
3144 3487 3296 3554 Θεὸν,
3324 3487 3536 3553 εἰδότες,
3564 3490 3645 3543 ὅτι
3675 3493 3789 3545 εἱσ-

2215 3576 2508 3632 ακούσεται
2558 3577 2710 3650 ὑμῶν
2759 3578 2866 3632 τῶν
2921 3580 3166 3651 πενήτων
3211 3581 3433 3654 Κύριος,
3518 3584 3612 3637 καὶ
3659 3586 3789 3649 τοὺς

2214 3668 2624 3739 πεπεδημένους
2671 3669 2836 3724 αὑτοῦ
2880 3671 2980 3726 οὐκ
3012 3671 3379 3737 ἐξουδενώσει·
3426 3674 3459 3746 ἢ
3508 3675 3648 3730 κατὰ
3701 3677 3793 3730 τὸν

2214 3760 2529 3830 Σύμμαχον,
2583 3780 2601 3812 ι
2650 3762 2761 3815 Καὶ
2820 3763 2945 3827 τοὺς
2987 3763 3269 3834 δεσμώτας
3305 3767 3432 3830 τοὺς
3476 3768 3668 3823 ἑαυτοῦ
3696 3771 3796 3825 οὐκ

2215 3852 2556 3918 ὲξευτελίσει.
2591 3874 2610 3905 ι
2672 3855 2905 3926 Νοήσεις
2955 3855 3013 3909 δὲ
3070 3857 3218 3921 ὃπως
3279 3858 3330 3911 οἱ
3387 3860 3593 3930 πτωχοὶ
3650 3858 3797 3916 οὗτοι

2213 3946 2487 4016 δεσμῶται
2512 3948 2607 3999 καὶ
2635 3947 2994 4019 πεπεδημένοι
3016 3948 3303 4017 γεγόνασιν
3333 3952 3544 4006 ἀκούων
3581 3955 3796 4009 Παύλου

2214 4034 2483 4102 λέγοντος·
2544 4056 2561 4085 ι
2618 4036 2827 4100 Παῦλος
2864 4037 3088 4108 δέσμιος
3151 4038 3326 4109 Ἰησοῦ
3383 4043 3640 4113 Χριστοῦ·
3684 4063 3703 4095 ι
3753 4038 3797 4114 ᾧ

2214 4128 2613 4199 παραπλησίως
2655 4128 2750 4183 καὶ
2813 4131 2862 4183 οἱ
2919 4130 3098 4185 λοιποὶ
3133 4133 3373 4205 μαθηταὶ
3402 4134 3612 4205 δέσμιοι
3654 4132 3796 4208 ἦσαν

2213 4220 2466 4291 Χριστοῦ.
2518 4220 2678 4273 Ἀλλὰ
2727 4221 2823 4274 καὶ
2855 4223 2904 4276 οἱ
2952 4223 3103 4288 ὄντες
3150 4226 3335 4299 ὲνντῷ
3393 4229 3578 4299 σκήνει
3607 4226 3795 4301 ῶσπερ

2213 4312 2272 4365 ὲν
2305 4311 2520 4382 δεσμοῖς
2559 4311 2710 4376 ὄντες
2746 4312 2988 4368 στένουσι
3026 4316 3248 4389 λυθῆναι
3294 4318 3403 4372 τῶν
3440 4320 3656 4391 δεσμῶν
3688 4324 3796 4374 ικεοι

2212 4404 2472 4468 τεύοντες·
2506 4405 2586 4459 διό
2614 4421 2763 4476 φασι·
2801 4425 2820 4456 ι
2850 4408 3206 4482 Ταλαίπωρος
3254 4412 3364 4480 ἐγὼ
3385 4412 3691 4484 ἄνθρωπος,
3710 4415 3794 4479 τίς

2218 4516 2286 4570 με
2316 4498 2535 4569 ῥύσεται
2574 4503 2640 4555 ὲκ
2669 4501 2920 4575 σώματος
2973 4502 3066 4557 τοῦ
3104 4503 3333 4557 θανάτου
3393 4506 3582 4559 τούτου
3612 4523 3670 4572 ;›
3728 4508 3790 4562 0i

2216 4590 2317 4662 μὲν
2348 4586 2443 4644 οὖν
2477 4592 2538 4645 τὸ
2568 4592 2802 4665 φθαρτὸν
2833 4592 2991 4664 σῶμα
3037 4594 3385 4667 βαρούμενοι,
3426 4597 3517 4651 καὶ
3538 4598 3639 4670 τὴν
3663 4599 3789 4668 φθο-

2215 4680 2315 4754 ρὰν
2348 4683 2836 4755 ἀποστρεφόμενοι,
2863 4686 3140 4750 στένοντες
3196 4704 3255 4739 τε
3289 4686 3383 4739 ἐπὶ
3440 4687 3518 4758 τῷ
3564 4688 3788 4759 φθαρτῷ

2215 4771 2334 4843 βίῳ,
2365 4773 2637 4845 δεσμῶται
2672 4775 2764 4829 τοῦ
2804 4776 2939 4831 Θεοῦ
2972 4780 3318 4850 τυγχάνουσι,
3353 4780 3449 4834 καὶ
3483 4779 3789 4851 πεπεδημέ-

529 4880 610 4916 νοι
641 4863 829 4928 αὐτοῦ,
858 4857 933 4919 ὧν
956 4865 1055 4930 τὰς
1078 4867 1243 4937 εὐχὰς
1274 4869 1373 4922 οὐκ
1404 4868 1773 4935 ἑξουδενώσει,
1813 4869 1935 4923 οὐδὲ
1967 4868 2469 4941 ἀποστραφήσεται.
2512 4870 2576 4922 Οἱ
2600 4870 2658 4923 δὲ
2688 4873 2815 4935 τοὺς
2836 4873 3041 4927 ἑαυτῶν
3068 4873 3301 4945 δεσμοὺς
3327 4874 3653 4943 πιαίνοντες,
3697 4875 3787 4928 καὶ

528 4955 618 5010 διὰ
654 4957 853 5029 πολλῆς
884 4960 1097 5032 τρυφῆς
1125 4961 1494 5034 περιέποντες,
1528 4964 1805 5035 δεσμῶται
1841 4963 2048 5036 φθορᾶς
2084 4966 2178 5018 καὶ
2201 4964 2430 5019 θανάτου
2457 4964 2698 5034 λεχθεῖεν
2728 4966 2795 5021 ἂν
2829 4969 3072 5033 εἰκότως.
3614 4958 3639 4971 κ

603 5075 764 5134 Vsus.
790 5078 878 5134 '55.
909 5099 926 5132 ι
964 5080 1210 5138 Laudent
1250 5084 1401 5139 illum
1445 5087 1567 5141 coeli
1597 5094 1652 5142 et
1682 5094 1847 5153 terra,
1882 5100 2032 5141 mare
2052 5095 2107 5142 et

528 5167 708 5221 omnia
738 5169 952 5238 reptilia
978 5170 1031 5224 in
1056 5188 1140 5227 eo.
1170 5193 1189 5225 ι
1239 5174 1506 5241 Quoniam
1561 5193 1784 5249 regnum
1840 5179 2108 5234 calorum

528 5258 857 5334 pauperibus
888 5261 1162 5331 pollicitus
1206 5273 1292 5320 est
1348 5265 1434 5322 his
1482 5267 1700 5324 verbis:
1746 5287 1765 5321 ι
1798 5267 1946 5324 Beati
1976 5285 2105 5340 pau-

529 5365 684 5419 peres
709 5350 923 5422 spiritu,
956 5355 1216 5423 quoniam
1259 5357 1501 5426 ipsorum
1553 5368 1637 5415 est
1685 5377 1914 5433 regnum
1936 5363 2104 5418 ecclo-

525 5458 646 5497 rum
708 5444 785 5513 ⁶⁶;
819 5463 839 5497 ι
904 5446 1194 5502 admodum
1256 5446 1655 5521 consequenter
1697 5463 1984 5526 postquam
2035 5455 2103 5510 de

527 5536 857 5607 pauperibus
917 5537 1130 5596 locutus
1150 5550 1279 5609 est,
1336 5541 1546 5598 infert:
1588 5544 1879 5602 «Laudent
1947 5546 2100 5603 illum

595 5689 865 5765 '_‘_Ma_tth.
924 5711 1044 5765 xm,
1105 5697 1191 5755 16.

595 5698 865 5752 "Matth.
924 5711 1044 5765 xui,
1105 5698 1191 5755 l6.
1304 5698 1345 5734 "
1381 5698 1593 5759 Coloss.
1656 5718 1738 5771 ιιι,
1786 5702 1841 5771 3,
1900 5703 1954 5760 4.

528 5757 576 5796 ’τ
612 5759 803 5820 Matth.
833 5780 886 5821 v.
916 5766 967 5821 5.

523 5822 528 5826 ι
612 5803 803 5820 ..ι-σι...
841 5803 886 5833 v,
917 5803 967 5823 υ.

2064 5705 2108 5738 ⁸⁸
2159 5703 2267 5765 lsa.
2324 5720 2471 5771 uri,
2530 5705 2583 5762 2.

2290 5106 2310 5138 ι
2353 5085 2734 5140 Δίνεσάτωσαν
2768 5088 2928 5142 αὑτὸν
2954 5089 3169 5160 οὐρανοὶ
3193 5093 3287 5146 καὶ
3310 5091 3404 5162 γῆ,
3425 5091 3671 5148 θάλασσα
3696 5092 3789 5147 καὶ

2212 5175 2390 5229 πάντα
2418 5174 2488 5228 τὰ
2511 5176 2746 5247 ἓρποντα
2792 5181 2850 5232 ἐν
2902 5180 3093 5252 αὐτῇ.»
3150 5182 3367 5255 Ἐπειδὴ
3396 5187 3507 5248 τοῖς
3554 5190 3787 5258 πτωχοῖς

2209 5266 2575 5338 ἐπηγγείλατο
2600 5268 2876 5339 βασιλείαν
2933 5272 3181 5345 οὐρανῶν
3222 5273 3413 5339 εἰπὼν,
3447 5294 3467 5328 ι
3511 5277 3788 5350 Μακάριοι

2209 5363 2257 5415 οἱ
2281 5363 2485 5432 πτωχοὶ
2517 5362 2596 5432 τῷ
2623 5364 2914 5436 πνεύματι,
2953 5367 3034 5420 ὅτι
3073 5367 3251 5424 αὐτῶν
3289 5371 3434 5423 ἐστιν
3475 5371 3509 5442 ή
3539 5369 3789 5441 βασιλεία

2209 5453 2317 5508 τῶν
2337 5454 2635 5526 οὐρανῶν-ι
2671 5456 2874 5530 σφόδρα
2896 5458 3203 5524 ἀκολούθως
3234 5460 3373 5532 μετὰ
3403 5461 3492 5516 τὸν
3523 5463 3651 5535 περὶ
3679 5461 3789 5518 τῶν

2209 5548 2456 5622 πενήτων
2479 5549 2635 5620 λόγον
2661 5550 2933 5622 ἐπιφέρει·
2969 5570 2988 5603 ι
3028 5553 3405 5609 Δίνεσάτωσαν
3433 5552 3595 5609 αὐτὸν
3622 5554 3789 5627 obpa-

2696 5708 2739 5740 ⁸³
2788 5706 3016 5767 Philem.
3060 5725 3099 5774 ι,
3134 5710 3184 5768 1.
3297 5710 3343 5744 ⁸⁸
3366 5708 3524 5765 Rom.
3560 5725 3656 5779 vn,
3690 5709 3782 5767 24.
