4062 6208
235 340 332 402 ⁸165

1342 342 1841 400 COMMENTARIA
1864 340 1933 397 IN
1969 341 2317 397 PSALMOS.

3380 342 3489 415 766

233 456 357 513 νοί.»
408 454 623 526 Ἐπειδὴ
660 453 801 508 κατά
841 454 1019 507 πᾶσαν
1048 454 1147 525 τὴν
1185 456 1507 527 οἰκουμένην
1536 459 1679 511 κατά
1732 475 1791 510 τε

1895 456 2040 511 coriis
2076 475 2094 508 ι
2126 454 2262 521 Quia
2316 469 2445 510 vero
2491 452 2735 509 futurum
2769 461 2910 519 erat,
2936 462 2996 510 ut
3029 470 3125 525 per
3171 462 3360 510 totum
3376 472 3470 512 or-

233 551 331 621 γῆν
355 550 447 603 καὶ
479 547 755 602 θάλασσαν
781 547 1012 619 ήμελλον
1051 546 1367 618 Ἐκκλησίαι
1387 547 1465 620 τῷ
1506 548 1628 618 Θεῴ
1652 549 1801 601 συνί-

234 641 454 697 στασθαι
483 642 548 693 ἐκ
575 639 682 693 τῶν
732 638 1174 710 προλελεγμένων
1204 638 1454 709 πτωχῶν,
1497 639 1804 704 ἀκολούθως

231 733 609 802 ἐπισυνῆπται,
654 749 672 780 ι
709 730 803 782 καὶ
826 730 895 799 γῆ
953 728 1046 781 καὶ
1088 727 1331 782 θάλασσα
1375 729 1471 783 καὶ
1516 729 1693 783 πάντα
1735 729 1802 782 τὰ

230 824 460 895 ἓρποντα
496 824 554 874 ἐν
584 823 817 884 αὐτοῖς.»
849 822 1122 891 Ἔρποντα
1154 820 1210 873 δέ
1260 819 1355 872 ἐπὶ⁹
1393 820 1499 890 γῆς
1551 820 1646 874 καὶ
1695 819 1796 873 θα·

229 911 431 981 λόισσης
455 910 684 965 ἐνταῦθα
708 909 1036 979 κελευόμενα
1063 910 1160 963 σὺν
1187 907 1400 980 οὐρανῷ
1415 909 1510 961 καὶ
1533 911 1603 979 γῇ
1633 910 1803 962 αἰνεῖν

228 1002 296 1057 τά
323 1002 448 1073 ἔθνη
467 1001 720 1073 τυγχάνει
746 1002 814 1055 τά
835 1004 891 1054 ἐν
912 999 990 1071 τῷ
1024 999 1202 1071 θνητῷ
1234 999 1333 1070 βίῳ
1362 998 1473 1051 τῶν
1500 998 1802 1071 ἀνθρώπων

228 1092 470 1165 ἐρτπτῶν
482 1092 638 1162 δίκην
664 1092 724 1145 τὸ
740 1090 964 1145 παλαιὸν
981 1090 1075 1144 ἐπὶ
1094 1090 1171 1161 τῷ
1200 1090 1384 1160 στήθει
1412 1089 1506 1143 καὶ
1527 1092 1592 1160 τῇ
1626 1089 1802 1160 κοιλίᾳ

228 1184 580 1254 πορευόμενα.
610 1182 720 1235 Καὶ
742 1181 894 1249 παρὰ
935 1180 1014 1251 τῷ
1056 1179 1258 1250 Ἡσαΐᾳ
1287 1177 1451 1250 θηρία
1481 1179 1574 1232 καί⁵
1599 1177 1804 1251 ἑρπετά

225 1271 565 1344 ἀλληγορικῷ
596 1270 786 1344 τρόπῳ
808 1271 877 1325 τὰ
924 1270 1052 1343 ἔθνη
1091 1270 1376 1342 κέκληται,
1416 1271 1475 1323 ἐν
1523 1263 1605 1334 οἷς
1653 1270 1804 1341 εἰρη-

225 1381 333 1419 ται⁸
371 1384 389 1415 ι
416 1364 527 1418 Καὶ
570 1363 1009 1435 συμϐοσκήσεται
1062 1362 1225 1426 λύκος
1294 1360 1435 1433 μετά
1484 1361 1665 1431 ἀρνὸς,
1709 1361 1804 1414 καὶ

190 1488 193 1491 ι
227 1455 485 1527 πάρδαλις
506 1453 980 1508 συναναπαύσεται
1032 1452 1225 1524 ἐρίφῳ,
1264 1452 1361 1505 καὶ
1380 1450 1516 1504 λέων
1542 1450 1617 1515 ὡς
1679 1450 1804 1521 βοῦς

226 1547 455 1616 φάγεται
500 1546 700 1617 ἄχυρα.
764 1545 874 1598 Καὶ
916 1544 1126 1597 παιδίον
1172 1544 1367 1614 νήπιον
1416 1542 1508 1596 ἐπὶ
1555 1541 1803 1616 τρώγλην

223 1640 467 1692 ἀσπίδιον
502 1639 609 1691 καὶ·
621 1638 713 1691 ἐπὶ
745 1637 933 1705 κοίτην
958 1635 1197 1705 ἐγγόνων
1238 1634 1476 1689 ἀσπίδων
1526 1633 1624 1705 τὴν
1649 1637 1804 1705 χεῖρα

188 1792 193 1796 ι
222 1729 494 1792 ἑπιϐαλεῖ,
521 1729 616 1782 καὶ
636 1729 697 1781 οὺ
741 1728 816 1799 μή
846 1727 1248 1798 ἀδικήσουσινοι
1273 1726 1308 1781 ἃ
1330 1727 1423 1779 καὶ
1437 1724 1808 1799 διερμηνεύων

1906 550 2035 603 bern.
2059 548 2114 601 in
2148 558 2297 602 terra
2324 553 2378 600 et
2414 546 2469 600 in
2506 546 2643 600 mari
2675 544 2937 602 Ecclesia
2982 548 3181 603 Deo'cx
3215 538 3484 604 memora-

1903 639 1977 694 tis
2009 638 2341 709 pauperibus
2371 638 2859 702 constituerentur,
2899 638 3196 694 secundum
3238 638 3365 692 haec-
3386 640 3471 693 ad:

1904 730 2052 785 ditur
2083 749 2097 783 :
2133 749 2152 781 ι
2190 742 2243 783 et
2271 738 2415 784 terra
2447 738 2502 785 et
2532 746 2683 786 mare
2720 741 2774 786 et
2795 731 2978 785 omnia
3008 730 3301 800 reptilia'in
3333 730 3435 784 eis.
3459 750 3482 782 ι

1904 822 2037 888 Quae
2068 822 2282 891 reptilia
2316 822 2367 875 in
2397 830 2541 877 terra
2564 830 2618 877 et
2650 824 2705 877 in
2750 822 2889 876 mari
2941 839 3049 876 una
3086 838 3211 877 cum
3248 831 3395 875 terra
3431 832 3485 875 et

1903 914 2044 968 cmlo
2084 914 2307 968 laudare
2353 914 2643 983 iubentur,
2686 923 2877 986 gentes
2899 924 3048 979 sunt,
3095 931 3215 987 quae
3243 916 3372 969 olim
3427 917 3485 969 in

1904 1005 2121 1059 mortali
2146 1004 2426 1059 hominum
2462 1007 2571 1060 vita
2590 1007 2864 1078 reptilium
2896 1007 3071 1061 instar
3096 1020 3257 1077 supra
3289 1012 3485 1077 pectus

1903 1105 1957 1152 et
2008 1106 2247 1153 ventrem
2281 1097 2687 1169 gradiebantur.
2743 1098 2800 1153 In
2836 1101 2987 1155 Isaia
3024 1115 3243 1171 quoque
3279 1100 3405 1156 ferae
3426 1108 3481 1155 ct

1903 1189 2117 1258 reptilia
2165 1189 2461 1261 allegorico
2493 1207 2644 1247 more
2674 1199 2864 1263 gentes
2898 1200 3182 1257 vocantur,
3236 1207 3363 1247 cum
3394 1193 3477 1253 di-

1904 1284 2048 1337 citur
2079 1302 2095 1337 :
2133 1302 2151 1334 ι
2191 1281 2258 1336 Et
2288 1290 2475 1353 pascet
2499 1284 2659 1354 lupus
2697 1300 2820 1340 cum
2850 1300 3011 1356 agno,
3039 1292 3100 1340 et
3114 1284 3318 1355 pardus
3350 1302 3475 1341 cum

1906 1373 2058 1428 hmdo
2086 1374 2396 1437 accubabit,
2439 1383 2492 1429 et
2528 1376 2614 1430 leo
2651 1377 2809 1445 quasi
2851 1376 2951 1433 bos
2995 1376 3243 1432 comedet
3266 1378 3473 1448 paleas;

1906 1462 1970 1516 Et
2000 1479 2137 1532 puer
2162 1461 2345 1520 infans
2378 1466 2431 1519 in
2464 1465 2672 1520 foveam
2732 1468 3003 1538 aspidum,
3035 1478 3089 1524 et
3118 1470 3171 1524 in
3208 1470 3386 1525 cubile
3412 1472 3476 1527 ll-

1905 1555 2101 1609 liorum
2166 1554 2414 1623 aSpidum
2473 1571 2694 1611 manum
2748 1558 2989 1627 injiciet;
3021 1569 3075 1616 et
3118 1562 3251 1615 nihil
3279 1561 3478 1617 laedent

1903 1662 2025 1701 eum
2060 1648 2123 1701 “.
2166 1667 2183 1698 ι
2222 1647 2353 1714 Quae
2394 1649 2498 1703 sub
2528 1649 2644 1704 haec
2681 1652 2962 1722 explicans
2992 1653 3192 1710 infert:
3225 1674 3244 1707 ι
3274 1653 3339 1708 Ει
3371 1655 3479 1711 erit

1905 1738 2058 1791 radix
2086 1736 2274 1801 Iesse,
2303 1748 2363 1793 et
2389 1740 2677 1812 quisurgit
2709 1742 2773 1797 ad
2793 1744 3168 1813 imperandum
3198 1747 3473 1818 gentibus,

221 1819 351 1887 ἑξῆς
379 1823 408 1874 ὁ
430 1820 583 1884 λόγος
621 1820 889 1891 ἐπιφέρει·
926 1837 945 1871 ι
971 1819 1081 1872 Καὶ
1108 1816 1258 1871 ἔσται
1315 1819 1348 1889 ή
1384 1816 1509 1889 ῥίζα
1537 1815 1632 1870 τοῦ
1666 1814 1793 1869 Ἰεσ-

1904 1821 1957 1875 in
1986 1837 2109 1876 eum
2145 1831 2333 1893 gentes
2371 1803 2749 1894 sperabunt".
2783 1848 2803 1879 ι
2842 1803 3013 1884 Tanta
3035 1803 3475 1904 igiturvgentiuni

221 1910 315 1963 σαὶ
339 1909 438 1963 καὶ
472 1911 500 1963 ό
531 1909 885 1977 ἀνιστάμενος
919 1906 1107 1980 ἄρχειν
1152 1905 1340 1971 ἐθνῶν,
1394 1905 1454 1959 ἐν
1493 1904 1641 1975 αὐτῷ
1669 1904 1795 1979 ἔθνη

220 1999 521 2054 ἐλπιοῦσι.»
550 1998 663 2069 Τῆς
683 1996 776 2052 οὖν
807 1996 1103 2068 μεταϐολῆς
1138 1994 1345 2067 ταύτης
1379 1994 1488 2049 τῶν
1518 1993 1686 2049 ἐθνῶν
1705 1996 1799 2050 ἐπὶ

186 2091 286 2162 -τῇ
318 2088 419 2143 τοῦ
461 2088 697 2160 Χριστοῦ
727 2086 1000 2161 παρουσίᾳ
1038 2085 1387 2159 γιγνομένης,
1434 2085 1660 2149 εἰκότως
1700 2087 1797 2140 σὺν

215 2180 436 2256 οὐρανῷ
495 2180 591 2234 καὶ
634 2183 747 2243 τοῖς
783 2181 904 2234 κατ’
940 2179 1168 2252 οὐρανὸν
1214 2177 1466 2248 ἀγγέλοις
1502 2177 1568 2231 τὰ
1607 2177 1797 2231 ἀποδο-

217 2273 377 2327 θέντα
428 2273 631 2347 ἐρπετὰ
685 2275 851 2326 αἰνεῖν
903 2273 1297 2343 προστάττεται
1349 2272 1440 2324 τὸν
1503 2271 1656 2325 Θεόν.
1707 2271 1798 2323 Διὸ

215 2365 484 2420 λέλεκται’
520 2389 539 2417 ι
566 2364 943 2419 Αἰνεσάτωσαν
991 2364 1151 2417 αὑτὸν
1195 2364 1412 2435 οὐρανοὶ
1441 2364 1531 2417 καὶ
1570 2363 1665 2434 γῆ,
1704 2362 1799 2415 θά-

216 2456 391 2510 λασσα
426 2458 518 2509 καὶ
566 2456 744 2509 πάντα
783 2454 852 2507 τὰ
905 2454 1147 2526 ἓρποντα
1177 2456 1236 2506 ἐν
1285 2453 1526 2516 αὐτοῖς.»
1570 2453 1693 2516 Πῶς
1740 2452 1797 2505 δέ

214 2547 440 2601 δύναται
472 2547 564 2601 τὸν
592 2546 725 2601 Θεὸν
764 2549 933 2599 αἰνεῖν
962 2545 1030 2598 τὰ
1071 2546 1296 2617 ἑρπετὰ,
1334 2547 1381 2598 εἰ
1424 2545 1499 2617 μὴ
1542 2545 1799 2615 μετάσχοι

214 2643 533 2713 φρονήσεως
561 2641 655 2709 καὶ
710 2638 845 2693 Θεοῦ
903 2637 1190 2707 γνὼσεως;
1242 2634 1450 2691 Οὐκοῦν
1502 2638 1653 2691 θύσει
1698 2638 1796 2710 τὴν

214 2734 407 2788 θυσίαν
435 2735 537 2805 τῆς
571 2733 829 2797 αἰνέσεως
867 2732 963 2786 καὶ
988 2730 1058 2783 τὰ
1084 2730 1292 2802 ἑρπετά
1316 2747 1330 2795 ;
1362 2732 1481 2784 Ὀτι
1502 2731 1558 2785 δὲ
1584 2731 1793 2803 ἀνθρώ-

213 2843 349 2890 πους
376 2827 470 2880 διὰ
504 2825 710 2880 τούτων
739 2825 1054 2887 αἰνίττεται,
1078 2823 1318 2878 διδάσκει
1347 2823 1407 2877 τὸ
1438 2824 1786 2893 Εύαγγέλιον,

1901 1914 2203 1969 mutatione
2234 1914 2285 1969 in
2319 1915 2552 1971 adventu
2585 1918 2786 1973 Christi
2811 1920 3020 1987 eﬂ‘eeta,
3039 1922 3162 1991 jure
3185 1939 3309 1978 cum
3332 1923 3481 1980 caelo

1900 2004 2044 2059 etiis
2064 2005 2157 2075 qui
2190 2005 2244 2060 in
2298 2007 2437 2062 cmlo
2487 2018 2616 2065 sunt
2673 2011 2881 2081 angelis
2944 2014 3202 2083 praedicta
3258 2017 3474 2086 reptilia

1903 2094 2069 2149 Deum
2113 2096 2319 2152 laudari
2351 2097 2634 2168 iubentur.
2669 2099 2848 2166 Quare
2876 2101 3082 2157 dictum
3111 2117 3236 2160 esu
3268 2124 3287 2157 ι
3321 2104 3469 2161 Laui-

1899 2186 2029 2241 dent
2058 2188 2209 2242 illum
2249 2190 2371 2245 (ςαξΙί
2407 2200 2461 2246 et
2491 2199 2660 2257 terra,
2696 2209 2847 2249 utare
2878 2202 2932 2248 et
2974 2196 3156 2249 omnia
3174 2198 3386 2267 reptilia
3413 2198 3472 2252 in

1899 2279 1999 2332 eis.
2031 2297 2049 2328 ι
2089 2281 2375 2345 Quomodo
2407 2286 2865 2355 possuntrcptilia
2895 2286 3063 2341 Deum
3099 2288 3341 2357 laudare,
3363 2290 3472 2347 nisi

1898 2368 2186 2437 prudentia
2217 2380 2270 2425 et
2303 2374 2615 2441 cognitione
2648 2373 2741 2429 Dei
2796 2376 3066 2432 instructa
3088 2378 3116 2431 ?
3138 2379 3219 2433 An
3253 2381 3471 2451 reptilia

1898 2461 2227 2515 sacriﬁcium
2260 2463 2437 2518 laudis
2484 2466 2746 2521 onerent?
2809 2467 2965 2534 Quod
3024 2472 3313 2540 reptilibus
3360 2474 3473 2530 illis

1898 2550 2147 2607 homines
2174 2555 2609 2621 subindicentur,
2647 2562 2808 2612 docet
2841 2559 3190 2630 Evangelium
3224 2562 3308 2618 his
3345 2580 3472 2619 ver-

1893 2645 1977 2701 bis
2009 2662 2022 2697 :
2058 2669 2075 2697 ι
2106 2645 2392 2703 Genimina
2427 2651 2762 2720 viperarum.
2794 2653 2918 2721 quis
2948 2668 3045 2707 vos
3061 2652 3249 2707 docuit
3280 2653 3472 2724 fugere

1890 2752 1918 2791 a
1957 2745 2183 2792 ventura
2218 2741 2345 2795 ira?
2394 2740 2580 2798 Facite
2628 2758 2756 2814 ergo
2804 2742 3014 2799 fructus
3061 2745 3256 2815 dignos
3294 2746 3469 2815 pinni-

1887 2832 2072 2887 tentia:
2093 2832 2158 2886 ⁸⁸.
2200 2852 2219 2887 ι

211 2920 270 2973 ἐν
293 2915 340 2989 ᾧ
366 2921 702 2991 γέγραπται·
749 2938 767 2971 ι
804 2919 1119 2987 Γεννήματα
1144 2918 1386 2989 ἐχιδνῶν,
1409 2919 1492 2983 τίς
1523 2919 1797 2986 ὑπέδειξεν
1833 2923 1960 2995 ύμῖν
1996 2931 2184 2998 φυγεῖν
2212 2928 2321 2984 ἀπὸ
2344 2931 2442 3002 τῆς
2474 2930 2770 3003 μελλούσης
2796 2932 2999 3005 ὀργῆς;
3049 2934 3316 3005 Ποιήσατε
3373 2927 3472 2986 οῦν

213 3015 465 3086 καρποὺς
498 3012 682 3078 ἀξίους
707 3012 1009 3084 μετανοίας.
1037 3030 1055 3063 ι

286 3152 307 3184 ι
321 3134 450 3186 Ὀτι
470 3129 644 3195 όΘεὺς
674 3130 833 3184 σώσει
858 3132 957 3203 τὴν
985 3130 1143 3194 Σιὼν,
1162 3132 1253 3185 καὶ
1272 3132 1784 3206 οἰκοδομηθήσονται

1957 3132 2123 3190 Vens.
2151 3134 2240 3199 56,
2263 3136 2349 3191 37.
2381 3156 2399 3189 ι
2424 3135 2691 3202 Quoniam
2718 3135 2861 3193 Deus
2883 3136 3086 3191 salvam
3118 3138 3279 3197 faciet
3306 3143 3464 3211 Sion,

209 3228 264 3281 αι
306 3225 499 3288 πόλεις
532 3225 631 3295 τῆς
687 3224 997 3287 Ἰουδαίας.»
1053 3226 1241 3279 Αἰτίαν
1288 3226 1580 3281 ἀποδίδωσι
1635 3228 1788 3300 δι’ἣν

210 3318 432 3390 ούρανοί¹
469 3315 591 3391 καὶ.
614 3315 686 3386 γῆ
725 3316 819 3369 καὶ
859 3316 1099 3370 θάλασσα
1141 3318 1234 3371 καὶ
1285 3318 1459 3372 πάντα
1484 3318 1552 3373 τὰ
1591 3321 1649 3372 ἐν
1694 3321 1791 3374 αύ-

209 3410 318 3472 τοίς
349 3407 595 3462 αἰνέσειν
648 3407 895 3476 λέγονται
945 3409 1038 3461 τὸν
1080 3408 1232 3463 Θεόν.
1267 3410 1329 3464 Ἦ
1360 3411 1417 3464 δὲ
1450 3412 1597 3467 αἰτία
1644 3415 1789 3468 ἐστὶν

210 3500 369 3572 αῦτη,
416 3520 436 3553 ι
464 3501 589 3555 Ὅτι
622 3501 650 3554 ό
681 3499 812 3562 Θεὸς
844 3498 1008 3553 σώσει
1061 3500 1160 3573 τὴν
1190 3501 1347 3568 Σιὼν,
1373 3505 1467 3558 καὶ
1507 3507 1790 3579 οἰκοδομη-

210 3587 466 3660 θήσονται
514 3591 573 3643 αἰ
633 3589 816 3653 πόλεις
877 3589 1183 3654 Ἰουδαίας.»
1235 3593 1403 3646 Ποίαν
1461 3594 1517 3648 δέ
1551 3596 1707 3664 Σιὼν,
1753 3599 1786 3669 ἦ

208 3678 447 3752 δηλονότι
475 3680 582 3753 τὴν
607 3680 728 3735 καθ’
756 3680 883 3753 ὅλης
903 3682 999 3753 τῆς
1021 3683 1340 3756 οἰκουμένης
1369 3685 1665 3757 ἱδρυθεῖσαν
1694 3688 1788 3742 τοῦ

208 3772 459 3845 Σωτῆρος
508 3772 668 3844 ήμῶν
712 3773 1070 3845 Ἐκκλησίαν;
1095 3775 1284 3839 Πόλεις
1329 3776 1385 3830 δὲ
1432 3779 1687 3843 Ἰουδαίας
1715 3779 1788 3853 μὴ

207 3863 352 3918 ὖκνει
403 3865 596 3936 λέγειν
641 3864 740 3928 τὰς
781 3863 1169 3929 θεοπνεύστους
1225 3866 1465 3938 Γραφάς,
1524 3869 1591 3923 δι’
1646 3865 1785 3944 ὧνὴ

221 3955 482 4028 Ἰουδαῖκὴ
519 3955 763 4009 πολιτεία
817 3955 1145 4010 τετύπωται.
1204 3958 1344 4011 Ἀλλ’
1396 3952 1555 4014 αὗται
1590 3961 1688 4032 μὲν
1732 3966 1789 4017 αἰ

208 4045 388 4111 πόλεις
420 4047 761 4119 καθῄρηντο,
792 4047 915 4101 ὅσον
955 4048 1048 4100 ἐπὶ
1090 4049 1384 4116 Ἰουδαίοις,
1420 4051 1704 4124 οἰκοδομὴν
1732 4053 1787 4107 δέ

209 4138 460 4209 εἰλήφασι
493 4139 589 4193 διὰ
620 4140 721 4211 τῆς
752 4143 810 4195 ἐν
839 4142 1057 4214 Χριστῷ
1088 4145 1280 4217 καινῆς
1311 4145 1679 4212 διδασκαλίας·
1720 4149 1788 4203 δι’

206 4225 272 4299 ἧς
300 4230 395 4283 καὶ
420 4233 455 4303 ή
478 4229 713 4302 ἀληθινή
739 4231 1005 4303 περιτομὴ
1035 4233 1367 4297 συνίσταται,
1407 4236 1502 4290 καὶ
1530 4236 1599 4289 τὰ
1630 4254 1790 4291 πνευ-

210 4321 414 4388 ματικά
469 4320 749 4385 Σάϐϐατα,
796 4323 915 4403 καὶ,
946 4325 1001 4377 αἱ
1058 4325 1423 4396 πνευματικαὶ
1470 4326 1648 4381 θυσίαι
1696 4329 1789 4383 καὶ

207 4410 384 4464 πάντα
410 4411 634 4473 τούτοις
676 4410 984 4474 ἀκολούθως
1030 4410 1171 4465 κατά
1207 4413 1306 4485 τὴν
1357 4413 1651 4485 ἑρμηνείαν
1696 4414 1787 4468 τοῦ

1889 3232 1940 3279 et
1979 3224 2394 3279 aadilicabuntur
2421 3225 2673 3279 civitates
2724 3223 2941 3281 Judaae.
2987 3246 3006 3279 ι
3044 3227 3275 3284 Causam
3303 3232 3458 3289 effert

1888 3330 1988 3369 cur
2006 3315 2151 3377 coali,
2220 3304 2387 3380 terra,
2444 3331 2595 3369 mare
2627 3324 2680 3369 et
2711 3317 2891 3370 omnia
2953 3335 3074 3388 quae
3113 3320 3169 3375 in
3223 3322 3305 3377 eis
3337 3332 3468 3379 sunt

1889 3406 2057 3463 Deum
2088 3408 2371 3464 Iaudatura
2394 3425 2516 3464 esse
2544 3408 2815 3463 dicantur.
2855 3408 2930 3463 Ea
2966 3427 3094 3467 vero
3119 3420 3201 3467 est
3227 3431 3239 3467 :
3278 3432 3298 3465 ι
3321 3413 3466 3481 Quo-

1889 3500 2034 3553 niam
2074 3500 2215 3554 Deus
2240 3500 2445 3555 salvam
2482 3498 2642 3552 faciet
2673 3498 2829 3566 Sion,
2862 3508 2915 3554 et
2941 3500 3358 3557 tediiicabuntur
3382 3520 3467 3558 cn-

1886 3594 2083 3648 vitates
2114 3591 2331 3646 Judzere.
2357 3610 2374 3642 ›
2408 3590 2580 3657 Quam
2604 3590 2822 3647 Sionem
2856 3591 3008 3657 dicit,
3035 3593 3138 3649 nisi
3167 3593 3466 3649 Ecclesiam

1891 3681 2201 3737 Servatoris
2236 3680 2408 3736 nostri
2455 3681 2511 3735 in
2547 3687 2662 3734 toto
2689 3680 2822 3735 orbe
2848 3680 3172 3737 fundatam?
3203 3683 3467 3742 Civitates

1890 3779 2071 3827 autem
2105 3771 2304 3826 Judaea:
2328 3788 2397 3826 ne
2438 3771 2717 3826 cuncteris
2746 3770 2931 3827 dicere
2959 3773 3225 3830 divinitus
3255 3774 3467 3835 alilatas

1891 3860 2225 3932 Scripturas,
2250 3862 2406 3932 queis
2434 3859 2742 3915 Judzeorum
2778 3862 3086 3931 respublica
3113 3862 3459 3922 informatur.

1892 3952 1998 4011 Sed
2046 3955 2130 4009 has
2188 3953 2411 4024 quidem
2469 3953 2743 4020 civitates,
2810 3961 3075 4023 quantum
3129 3956 3194 4010 ad
3244 3955 3464 4016 Judaeos

1890 4046 2202 4116 speetat,de
2226 4046 2403 4101 medio
2434 4046 2660 4101 sublata:
2678 4053 2836 4114 sunt;
2866 4048 2959 4102 sed
2989 4047 3168 4102 denuo
3187 4049 3467 4106 aedificatae

1891 4155 1986 4211 per
2017 4155 2212 4195 novam
2244 4141 2298 4194 in
2317 4139 2536 4196 Christo
2574 4141 2875 4197 doctrinam
2912 4141 3082 4206 fuere,
3119 4158 3225 4213 qua
3255 4152 3307 4198 et
3333 4161 3463 4200 vera

1891 4227 2237 4284 circumcisio
2290 4229 2569 4294 consistit,
2610 4246 2823 4285 necnon
2860 4232 3165 4301 spiritualia
3200 4231 3458 4293 Sabbata.

1892 4320 2203 4391 spirituales
2229 4322 2424 4377 hostiae
2460 4331 2516 4377 et
2540 4323 2721 4377 omnia
2742 4339 2863 4393 quae
2905 4325 3019 4377 haec
3050 4334 3465 4393 consequuntur

1892 4413 2192 4469 secundum
2243 4413 2742 4483 interpretationem
2801 4416 3102 4485 spiritualis
3151 4416 3303 4486 legis.
3369 4415 3462 4471 Sic

207 4502 587 4573 πνευματικοῦ
612 4501 798 4573 νόμου.
818 4501 1006 4567 Οῦτως
1030 4499 1124 4557 οῦν
1153 4504 1559 4575 οἰκοδομοῦνται
1610 4506 1667 4559 αἱ
1695 4505 1792 4559 πό-

1895 4503 2076 4574 itaque
2099 4503 2440 4559 aediﬁcantur
2467 4505 2720 4560 civitates
2738 4504 2961 4572 Judzeaa,
2996 4508 3048 4561 in
3079 4509 3270 4579 eisque
3302 4510 3459 4564 inha-

208 4590 315 4656 λεις
344 4595 444 4665 τῆς
486 4593 771 4657 Ἰουδαίας,
812 4594 908 4647 καὶ
952 4596 1370 4667 κατοικήσουσιν
1414 4598 1471 4649 ἐν
1513 4597 1703 4661 αὑταῖς
1737 4599 1786 4650 οἰ

208 4682 418 4736 πολῖται
442 4685 545 4738 καὶ
569 4686 618 4737 οἰ
650 4682 975 4755 κληρονόμοι
1003 4683 1111 4737 τῶν
1130 4687 1187 4737 ἐν
1207 4688 1328 4748 ταῖς
1353 4684 1525 4748 θείαις
1544 4686 1787 4755 Γραφαῖς

206 4773 660 4848 ἐπηγγελμένων⁹
684 4776 764 4829 διὸ
796 4776 1066 4831 λέλεκται·
1103 4795 1122 4828 ι
1156 4778 1265 4831 Καὶ
1293 4778 1785 4850 κληρονομήσουσιν

207 4866 431 4937 αὑτήν.ι
479 4868 646 4922 Ἀλλά
683 4871 777 4924 καὶ
839 4890 858 4921 ι
890 4870 950 4924 τὸ
979 4871 1199 4943 σπέρμα
1231 4870 1338 4924 τῶν
1387 4872 1587 4925 δούλων
1621 4871 1786 4925 αὑτοῦ

208 4957 527 5026 καθέξουσιν
560 4962 747 5033 αὐτήν.
771 4981 788 5012 ι
843 4961 1027 5014 Δοῦλοι
1060 4961 1116 5013 δὲ
1162 4960 1329 5014 αὐτοῦ
1377 4963 1519 5026 τίνες
1547 4962 1612 5016 ἂν
1654 4957 1784 5027 εἶεν,

206 5046 240 5116 ἢ
266 5048 486 5113 πάντως
510 5051 564 5103 οἰ
621 5050 716 5103 τοῦ
752 5050 1004 5121 Σωτῆρος
1045 5050 1202 5121 ήμῶν
1254 5050 1528 5122 μαθηταὶ,
1589 5052 1682 5105 καὶ
1726 5051 1788 5103 τὸ

210 5138 431 5210 σπέρμα
456 5141 520 5193 τὸ
555 5140 675 5193 καθ’
713 5141 842 5212 ὅλης
892 5142 990 5212 τῆς
1038 5141 1359 5213 οἰκουμένης
1416 5141 1784 5215 ωτασπαρέν,

211 5228 343 5301 ὅπερ
387 5231 489 5303 τὴν
547 5232 908 5304 κληρονομίαν
957 5232 1057 5303 τὴν
1114 5232 1530 5304 ἐπηγγελμένην
1577 5235 1634 5287 ἐν
1668 5236 1790 5298 ταῖς

211 5318 383 5385 θείαις
410 5323 658 5395 Γραφαῖς
710 5322 963 5388 καθέξει;
1007 5323 1166 5376 Ἀλλά
1197 5326 1292 5377 καὶ
1354 5342 1373 5375 ι
1400 5326 1447 5377 οἰ
1470 5324 1789 5393 ἀγαπῶντες

211 5409 267 5461 τὸ
299 5410 478 5481 ὄνομα
504 5411 670 5465 αὐτοῦ
717 5409 1235 5483 κατασκηνὼσουσιν
1272 5414 1329 5467 ἐν
1373 5413 1530 5483 αὐτῇ,
1563 5431 1582 5464 ι
1630 5412 1786 5483 δῆλον

212 5501 252 5556 δ’
282 5505 366 5558 ὅτι
397 5508 466 5576 τῇ
490 5505 848 5579 κληρονομίᾳο
880 5503 963 5571 οἷς
1008 5507 1348 5579 λεχθήσεται’
1389 5526 1407 5559 ι
1436 5507 1596 5561 Δεῦτε
1616 5509 1664 5560 οἱ
1696 5508 1784 5560 εύ-

211 5594 503 5668 λογημένοι
534 5599 627 5653 τοῦ
651 5600 863 5672 Πατρός
899 5618 1020 5672 μου,
1051 5601 1491 5672 κληρονομήσατε
1521 5601 1617 5669 τὴν
1641 5601 1784 5672 ἡτοιὲ

178 5795 182 5804 .
281 5751 325 5783 ⁸⁸
348 5748 455 5808 lsa.
489 5768 569 5821 ιι,
600 5754 708 5810 6-9.
788 5756 831 5788 ⁸⁷
856 5756 987 5811 ibid.
1013 5756 1092 5810 10.

1887 4598 2139 4653 bitabnnt
2172 4598 2320 4652 cives
2352 4606 2406 4652 et
2438 4597 2682 4655 haeredes
2717 4600 3110 4669 promissorum
3147 4617 3267 4671 qua:
3296 4602 3349 4656 in
3377 4603 3459 4657 dic

1887 4688 2031 4743 vinis
2081 4687 2383 4758 Scripturis
2425 4687 2694 4743 feruntur.
2726 4691 2906 4756 Quare
2935 4691 3139 4747 dictum
3188 4704 3271 4748 est
3299 4708 3310 4744 :
3340 4713 3359 4745 ι
3392 4693 3459 4748 Et

1883 4777 2280 4833 haereditabunt
2315 4779 2481 4833 illam.
2523 4798 2543 4832 ι
2577 4776 2682 4833 Sed
2705 4780 2869 4834 etiam
2904 4800 2923 4832 ι
2962 4797 3144 4837 semen
3177 4797 3457 4839 servorum

1890 4872 2009 4942 ejus
2032 4872 2330 4942 possidebit
2352 4887 2493 4927 eant.
2524 4891 2543 4923 ι
2575 4870 2727 4927 Servi
2755 4880 2933 4928 autem
2960 4875 3079 4944 ejus
3100 4876 3193 4946 qui
3234 4876 3455 4941 fuerint,

1895 4964 2000 5019 nisi
2029 4964 2171 5021 haud
2229 4963 2393 5020 dubie
2438 4963 2739 5020 Salvatoris
2775 4966 2948 5020 nostri
2972 4965 3248 5038 discipuli,
3293 4976 3347 5023 et
3383 4986 3464 5026 se-

1892 5068 2016 5109 men
2041 5054 2099 5108 in
2122 5055 2381 5111 universo
2407 5056 2539 5111 orbe
2586 5071 2859 5126 sparsum,
2911 5059 3056 5127 quod
3085 5058 3462 5116 hzereditatcm

1894 5143 1951 5198 in
1984 5145 2183 5201 divinis
2242 5145 2543 5217 Seripturis
2603 5150 2927 5219 promissam
2975 5151 3272 5207 obtinebit?
3307 5152 3461 5215 imo,

1902 5252 1922 5286 ι
1959 5235 2052 5305 qui
2083 5235 2316 5307 diligunt
2369 5252 2568 5292 nomen
2608 5239 2727 5309 ejus
2792 5240 3111 5295 habitabant
3142 5242 3194 5296 in
3245 5258 3330 5305 ea,
3354 5262 3372 5293 ι
3410 5243 3461 5294 id

1894 5338 1999 5391 est,
2054 5327 2110 5382 in
2161 5344 2225 5383 ea
2263 5329 2595 5386 haereditate.
2652 5332 2863 5397 Quibus
2920 5332 3172 5387 dicetur:
3204 5331 3455 5388 «Venite.

1893 5417 2160 5474 benedicti
2183 5419 2359 5475 Patris
2386 5423 2510 5485 mei,
2535 5424 2795 5493 percipite
2846 5440 3072 5494 regnum
3106 5423 3260 5478 vobis
3298 5434 3455 5490 para-

1890 5518 2003 5564 tum
2032 5526 2061 5564 a
2094 5512 2485 5569 constitutione
2530 5515 2715 5569 mundi
2744 5517 2810 5568 ".
2864 5535 2882 5568 ι
2923 5515 3078 5582 Quod
3121 5514 3165 5567 si
3212 5507 3452 5564 cmlestis

1890 5601 1959 5657 sit
1990 5600 2081 5658 Dei
2114 5602 2303 5659 civitas
2340 5604 2491 5670 Sion,
2533 5605 2599 5662 de
2626 5623 2729 5679 qua
2766 5608 3059 5678 Apostolus
3086 5604 3200 5659 haec
3223 5599 3407 5658 docuit
3435 5614 3449 5651 :

1170 5754 1211 5785 “
1234 5752 1365 5809 an.
1403 5770 1484 5823 ιιι,
1514 5754 1568 5809 8.
1646 5756 1688 5786 θ’
1723 5752 1909 5811 Matth.
1942 5735 2065 5823 ειν,
2092 5756 2180 5810 5i.
