4014 6206
592 303 693 362 767
1257 301 1529 360 EUSEBII
1568 302 2055 359 CESARIENSIS
2087 300 2242 359 OPP.
2283 297 2466 355 PARS
2504 297 2603 355 Ill.
2645 328 2715 338 —
2753 292 3169 351 EXEGETICA.
3757 288 3859 343 768

588 434 715 496 qua
737 427 822 477 est
849 426 1022 475 mater
1049 424 1238 474 nostra
1261 418 1343 482 ὀς
1381 424 1436 474 et
1471 437 1486 473 :
1525 438 1544 465 ε
1576 418 1905 487 ᾼροεεεὶειὶε
1931 397 2163 473 διιέἰοη

2272 416 2329 469 Et
2361 415 2417 468 δὲ
2443 410 2767 485 ἐπουράνιός
2800 412 2919 465 ἐστι
2941 408 3037 464 τοῦ
3076 407 3214 462 Θεοῦ
3248 405 3401 471 πόλις
3431 405 3594 471 Σιὼν,
3640 405 3779 477 περὶ
3797 402 3863 477 ἧς

589 521 850 575 montem,
874 518 930 568 et
959 509 1230 565 civitatem
1276 508 1371 565 Dei
1407 509 1668 572 viventis,
1715 509 2019 566 Jerusalem
2051 523 2165 565 cos-

2272 510 2295 562 ΰ
2343 505 2663 569 Ἀπόστολος
2692 501 2931 570 ἐδίδαξεν
2974 499 3163 556 είπών·
3205 519 3224 552 ι
3263 499 3414 555 Ἡδὲ
3442 499 3559 554 ἄνω
3596 498 3867 571 Ἰερουσα-

588 606 781 661 lestem
800 604 909 671 ⁷¹;ι
939 601 1177 657 fueritne
1202 600 1405 657 ludam
1436 602 1672 659 civitas?
1704 602 1801 658 sed
1822 617 2166 673 consequen—

584 705 673 754 ter
725 696 975 751 dicamus
1008 710 1133 751 esse
1188 696 1467 752 caelestem
1520 694 1651 750 Sion
1701 694 1794 749 ubi
1853 695 2168 751 mansiones

585 787 732 860 apud
760 787 979 843 Patrem
1006 786 1190 843 multa:
1227 790 1301 840 ἠε
1331 801 1470 858 quas
1501 786 1740 841 incolent
1772 794 1824 840 et
1855 787 2169 843 hereditate

587 881 859 952 accipient
886 896 1078 937 omnes
1102 879 1246 936 servi
1271 879 1414 949 ejus.
1443 879 1560 933 sive
1594 879 1671 933 illi
1713 880 1844 934 olim
1891 881 2169 951 prophetae

583 982 640 1028 et
673 973 915 1046 religiosi
935 974 1061 1040 viri,
1093 975 1209 1030 sive
1230 972 1323 1044 qui
1364 982 1553 1043 postea
1607 973 1847 1029 ministri
1888 971 2168 1043 Evangelii

586 1066 762 1135 ipsius
793 1064 965 1122 fuere.
1006 1064 1120 1120 lmo
1152 1064 1316 1120 etiam
1372 1080 1560 1119 semen
1604 1079 1795 1120 eorum
1818 1062 2029 1119 scilicet
2075 1060 2169 1131 qui

584 1157 658 1214 ab
687 1158 796 1214 illis
827 1157 1127 1213 secundum
1180 1156 1350 1212 Deum
1380 1157 1489 1212 orti
1538 1166 1688 1221 sunt,
1742 1155 1989 1227 profectu
2018 1153 2163 1208 aucti

585 1257 641 1303 et
666 1249 735 1305 ad
764 1249 1061 1322 perfectam
1087 1247 1178 1304 Dei
1208 1249 1534 1307 charitatem
1554 1248 1856 1319 progressi,
1903 1246 2007 1302 hoc
2051 1260 2167 1300 mu-

586 1355 692 1395 nus
753 1338 1194 1410 condignumque
1245 1340 1531 1411 praemium
1588 1337 1659 1392 ab
1713 1337 1836 1408 ipso
1875 1334 2165 1406 recipient,

585 1430 732 1499 quod
760 1430 1063 1485 inbabitent
1091 1430 1146 1484 in
1178 1429 1449 1500 promissa
1482 1426 1589 1484 sibi
1622 1424 1958 1481 haereditate.

2266 597 2381 670 λὴμ
2403 595 2666 668 ἐλευθέρα
2691 595 2862 659 ἐστὶν,
2914 594 3038 664 ἥτις
3083 593 3203 647 ἐστὶ
3252 591 3437 663 μήτηρ
3476 588 3699 661 ἡμῶν»
3748 589 3861 652 καὶ,

2274 709 2294 741 ι
2319 687 2761 761 Προσεληλύθατε
2791 684 2929 740 Σιὼν
2981 685 3119 756 ὄρει,
3167 684 3264 739 καὶ
3314 682 3466 736 πόλει
3490 681 3631 736 Θεοῦ
3660 679 3867 744 ζῶντος

2283 779 2638 852 Ἰερουσαλὴμ
2661 777 2989 849 ἐπουρανίῳ,
3004 795 3022 828 ι
3049 771 3158 830 εἶεν
3185 774 3255 829 ἂν
3271 775 3425 837 πόλις
3448 774 3550 846 τῆς
3573 772 3863 835 ἰουδαίας

2271 874 2347 945 (l)
2379 872 2447 925 δι’
2478 871 2545 936 ἃς
2591 870 2903 933 ἀκολούθως
2935 872 3003 940 τῇ
3030 869 3339 939 ἐπουρανίῳ
3379 866 3521 920 Σιὼν
3550 866 3610 918 αἱ
3670 863 3866 918 πολλαὶ

2273 966 2423 1038 παρέ
2476 964 2555 1035 τῷ
2594 963 2769 1035 Πατρὶ
2800 963 2977 1034 μοναὶ,
3009 964 3068 1015 ἐν
3101 956 3189 1027 αἷς
3230 960 3649 1030 κατοικήσουσι,
3670 956 3774 1009 καὶ⁵
3798 956 3862 1018 ἃς

2274 1057 2743 1133 κληρονομήσουσι
2772 1056 2973 1120 πάντες
2998 1056 3047 1109 oi
3068 1053 3243 1107 δοῦλοι
3272 1050 3458 1107 αὐτοῦ’
3506 1050 3563 1103 οῖ
3601 1065 3668 1101 τε
3695 1046 3863 1100 παλαι

2271 1150 2554 1221 γενόμενοι
2575 1148 2849 1220 προφῆται
2871 1147 2966 1201 καὶ
2987 1144 3253 1215 θεοφιλεῖς
3281 1143 3492 1215 ἄνδρες,
3524 1139 3625 1193 καὶ
3651 1140 3703 1192 οἱ
3722 1136 3860 1209 μετᾶ

2270 1242 2443 1297 ταῦτα
2466 1240 2734 1311 ὑπηρέται
2791 1241 2886 1294 καὶ
2906 1238 3142 1294 διάκονοι
3171 1234 3265 1290 τοῦ
3299 1231 3640 1301 Εὐαγγελίου
3673 1229 3859 1283 αὐτοῦ.

2281 1332 2445 1387 Ἀλλὰ
2469 1335 2563 1390 καὶ
2589 1332 2652 1386 τὸ
2695 1331 2918 1403 σπέρμα
2968 1328 3172 1392 αὐτῶν,
3207 1328 3258 1382 oi
3301 1325 3361 1393 ἐξ
3420 1324 3606 1378 αὐτῶν
3660 1320 3859 1392 δηλαδὴ

2264 1428 2411 1479 κατὰ
2443 1425 2577 1478 Θεὸν
2624 1422 3001 1495 γεγενημένοι,
3037 1418 3408 1493 προκόψαντες
3431 1418 3527 1471 καὶ
3573 1415 3660 1477 είς
3686 1415 3749 1467 τὸ
3769 1413 3857 1465 τέ-

586 1524 727 1580 λειον
775 1524 1020 1589 ἐλθόντες
1062 1524 1163 1595 τῆς
1193 1523 1289 1577 τοῦ
1343 1523 1479 1578 Θεοῦ
1525 1521 1768 1592 ἀγάπης,
1810 1520 1971 1575 τοῦτο
2003 1518 2172 1592 γέρας
2198 1518 2381 1584 ἕξουσι
2404 1521 2501 1579 καὶ
2534 1520 2725 1593 μισθὸν
2754 1518 2975 1585 ἐπάξιον
3025 1518 3155 1591 παρ’
3216 1515 3404 1581 αὑτοῦ,
3447 1514 3512 1569 τδ
3575 1526 3857 1581 κατασκη-

587 1620 754 1676 νῶσαι
772 1622 831 1673 ἐν
856 1624 922 1693 τῇ
956 1619 1336 1693 ἐπηγγελμένῃ
1363 1621 1547 1683 αὐτοῖς
1569 1618 1923 1689 κληρονομίᾳ.

588 1716 643 1771 ι.
683 1714 751 1770 IN
782 1714 1014 1783 FINEM,
1068 1713 1199 1770 lPSl
1258 1710 1583 1783 navigan
1622 1706 2162 1766 narrationum-

2272 1704 2374 1758 ειε
2411 1705 2498 1757 T0
2562 1704 2785 1759 ΤΕΛΟΣ
2832 1704 2920 1775 Tn
2966 1703 3165 1783 arma
3204 1702 3341 1773 ~nu:
3411 1701 3849 1756 maxumum.

1192 1783 1356 1838 NEM.
1387 1780 1577 1839 LXIX.

659 1876 827 1933 Vens.
864 1876 984 1933 2-4.
1033 1894 1053 1929 ι
1095 1874 1259 1940 Deus,
1293 1873 1347 1928 in
1397 1871 1729 1942 adiutorium
1765 1886 1946 1928 meum
1995 1870 2172 1925 inten-

586 1968 675 2024 de.
708 1988 727 2021 ι
760 1968 945 2038 Neque
966 1967 1241 2027 canticum
1267 2005 1282 2029 ,
1314 1980 1488 2035 neque
1531 1965 1774 2036 psalmus
1794 2003 1810 2026 .
1837 1978 2015 2034 neque
2038 1962 2169 2033 quid

587 2058 765 2114 simile
797 2058 875 2121 bi,
911 2073 1049 2127 quos
1080 2065 1379 2111 tractamus
1401 2095 1415 2120 ,
1458 2070 1738 2111 sermones
1787 2062 1955 2111 sunt:
2007 2063 2169 2109 caete-

587 2165 710 2203 rum
741 2150 808 2204 ad
854 2149 1016 2204 linem
1068 2150 1376 2214 remittunt,
1406 2148 1533 2219 quia
1567 2147 1635 2204 de
1666 2147 1853 2203 l‘uturo
1896 2148 2168 2218 supplica-

585 2241 789 2295 tionem
822 2238 1042 2292 habent.
1102 2236 1368 2292 Dicuntur
1420 2246 1634 2304 autem,
1681 2256 1703 2290 ι
1745 2236 1847 2308 ipsi
1889 2236 2061 2291 David
2112 2238 2168 2292 in

586 2331 1130 2397 rememorationem;
1168 2350 1187 2381 ι
1219 2339 1403 2400 utpote
1425 2330 1516 2401 qui
1544 2331 1666 2386 ideo
1694 2330 1825 2385 dicti
1855 2328 2076 2392 fuerint,
2108 2339 2163 2384 ut

586 2428 774 2491 posset
813 2436 908 2476 eos
949 2421 1003 2475 in
1060 2430 1309 2492 promptu
1338 2437 1432 2477 ore
1466 2422 1731 2492 proferre,
1766 2431 1935 2493 utque
1966 2422 2033 2478 iis
2070 2437 2170 2493 pro

587 2512 829 2567 remedio
861 2514 915 2567 in
948 2513 1169 2568 casibus
1194 2514 1362 2570 variis
1385 2523 1649 2569 uteretur.
1682 2513 1800 2569 Duo
1832 2523 2012 2570 autem
2039 2521 2170 2569 sunt

592 2624 611 2654 ι
654 2606 706 2658 in
734 2606 1246 2661 rememorationem
1282 2626 1298 2657 ι
1330 2607 1614 2678 inscripti;
1642 2607 1731 2663 hic
1768 2622 1930 2678 quem
1964 2614 2171 2662 tracta-

587 2713 732 2764 mus,
762 2704 817 2754 et
869 2714 1076 2765 xxxvii,
1110 2698 1203 2770 qui
1260 2701 1389 2754 item
1425 2717 1444 2746 ι
1485 2700 1541 2753 in
1587 2699 2102 2755 rememorationem
2144 2717 2163 2751 ι

588 2790 888 2860 inscriptus
914 2799 1019 2845 est.
1070 2789 1175 2845 Sed
1205 2791 1295 2845 ille
1330 2807 1436 2845 non
1470 2791 1536 2845 ad
1567 2791 1727 2847 linem
1754 2791 2023 2856 remittit,
2071 2789 2168 2847 sed

588 2890 673 2936 est
705 2898 723 2931 ι
767 2881 1010 2950 psalmus
1054 2880 1245 2936 Davidi
1303 2882 1356 2936 in
1415 2883 1956 2950 rememorationem;
2004 2902 2024 2936 ι
2082 2884 2169 2938 bic

588 2988 721 3028 vero
752 2991 771 3022 ι
802 2972 857 3027 in
885 2971 1044 3027 linem
1085 2990 1104 3024 ι
1144 2973 1444 3043 inscriptus
1485 2980 1588 3028 est.
1645 2972 1779 3027 Nam
1808 2989 2014 3039 xxxvii,
2059 2990 2167 3029 non

588 3066 770 3121 futura
803 3066 1233 3136 prtenuntiabat,
1286 3067 1381 3122 sed
1414 3067 1809 3137 praeteritarum
1840 3082 2019 3122 rerum
2052 3082 2167 3122 me-
2196 3090 2241 3154 ο

590 3157 821 3211 moriam
853 3157 1149 3212 refricaliat
1176 3176 1190 3212 :
1224 3159 1574 3228 quamobrem
1606 3159 1795 3214 eodem
1823 3175 1932 3230 quo
1982 3169 2170 3215 sextus

586 3248 813 3304 exordio
836 3250 1027 3312 utitur,
1064 3266 1278 3321 nempe,
1315 3269 1334 3301 ι
1388 3250 1633 3309 Domine.
1655 3267 1722 3305 ne
1758 3251 1811 3305 in
1861 3251 2044 3306 furore
2076 3257 2171 3304 tuo

588 3353 788 3408 arguas
836 3355 951 3403 me,
1001 3356 1178 3411 neque
1227 3340 1281 3394 in
1334 3340 1414 3395 ira
1451 3350 1542 3395 tua
1590 3342 1857 3412 corripias
1898 3358 1999 3397 me.
2044 3361 2062 3394 ι
2106 3340 2171 3397 Et

588 3429 778 3485 eodem
815 3440 1043 3502 uterque
1068 3442 1392 3504 argumento
1432 3440 1609 3488 erant.
1672 3433 1952 3505 Siquidem
1984 3444 2170 3491 sextus

589 3521 646 3576 in
698 3524 1057 3592 sequentibus
1096 3524 1210 3579 ait:
1262 3544 1279 3575 ι
1328 3524 1594 3581 Laboravi
1650 3527 1705 3580 in
1754 3527 1955 3596 gemitu
2006 3541 2167 3581 meo:

587 3615 782 3671 lavabo
806 3632 903 3687 per
927 3618 1174 3690 singulas
1208 3627 1399 3674 noctes
1428 3619 1628 3674 lectum
1657 3634 1837 3673 rneum
1858 3659 1873 3681 ,
1915 3619 2171 3692 lacrymis

588 3706 725 3763 meis
771 3717 1005 3763 stratum
1054 3725 1233 3763 meum
1272 3711 1457 3781 rigabo
1490 3711 1557 3766 ⁷³.
1619 3730 1637 3762 ι
1674 3710 2008 3767 Tricesimus
2040 3727 2170 3767 vero

587 3802 853 3873 septimus
884 3803 1083 3859 similia
1114 3804 1273 3859 docet
1330 3805 1415 3861 his
1469 3806 1650 3863 verbis
1682 3825 1695 3861 :
1735 3824 1755 3858 ι
1797 3805 1915 3862 Non
1950 3814 2034 3862 est
2065 3821 2171 3876 pax

588 3893 807 3949 ossibus
841 3892 976 3948 meis
1017 3908 1047 3947 a
1094 3894 1231 3951 facie
1279 3905 1623 3965 peccatorum
1676 3912 1919 3952 meorum
1958 3916 1972 3953 :
2027 3914 2168 3967 quo«

587 3984 733 4038 niam
795 3983 1111 4055 iniquitates
1172 4002 1305 4042 mete
1370 4003 1739 4058 supergressa
1816 3997 1947 4044 sunt
2006 3997 2171 4060 caput

589 4092 791 4141 meum,
825 4077 966 4133 sicut
996 4093 1139 4135 onus
1170 4094 1334 4150 grave
1375 4088 1612 4151 gravata:
1667 4090 1796 4137 sunt
1844 4096 2009 4152 super
2061 4097 2165 4137 me.

587 4167 921 4225 Putruerunt
952 4177 1006 4227 et
1025 4179 1295 4242 corrupta:
1329 4179 1457 4225 sunt
1488 4172 1776 4228 cicatrices
1807 4188 1939 4228 mere
1968 4188 1998 4228 a
2031 4173 2169 4230 facie

587 4259 914 4329 insipientia:
959 4275 1091 4316 mea:
1118 4262 1187 4316 ".
1231 4280 1251 4315 ι
1285 4259 1411 4316 Haec
1440 4277 1607 4332 porro
1645 4273 1699 4318 et
1728 4263 1930 4318 similia
1957 4263 2024 4319 ad
2056 4279 2165 4320 me.

587 4351 817 4406 moriam
843 4351 1071 4409 admissi
1103 4353 1329 4410 sceleris
1360 4354 1652 4411 referebat.
1687 4355 1869 4422 Quare
1905 4374 1924 4407 ‹
1980 4356 2037 4411 in
2077 4372 2138 4413 re

2564 1807 2591 1830 ο
2898 1774 2901 1775 ⁷
3028 1774 3145 1828 ΞΘ.

2349 1887 2369 1920 ι
2403 1868 2460 1923 ⁸0
2479 1867 2631 1933 Θεὸς,
2654 1871 2734 1932 εἰς
2745 1867 2845 1940 τὴν
2863 1866 3115 1938 βοήθειάν
3134 1882 3234 1937 μου
3250 1864 3506 1937 πρόσχες.
3520 1883 3539 1916 ι
3563 1864 3708 1918 οὒτε
3722 1865 3845 1937 ᾠδὴ,

2270 1961 2394 2017 οὒτε
2423 1959 2669 2032 ψαλμὸς,
2710 1958 2833 2014 οὔτε
2873 1977 2927 2012 τι
2972 1958 3084 2012 τῶν
3116 1958 3373 2012 τοιούτων
3404 1961 3453 2011 οῖ
3493 1960 3843 2030 προκείμενα

2268 2053 2593 2125 τυγχάνουσι
2633 2052 2813 2121 λόγοιν
2866 2052 3003 2123 πλὴν
3055 2052 3475 2122 άναπέμπουσιν
3530 2054 3614 2116 είς
3660 2053 3722 2106 τὸ
3764 2053 3849 2105 τέ-

2268 2145 2378 2209 λος,
2422 2144 2543 2197 ἐπεὶ
2583 2144 2711 2215 περὶ
2750 2143 3051 2215 μελλόντων
3087 2143 3188 2213 τὴν
3224 2143 3513 2215 ἱκετηρίαν
3555 2144 3847 2199 ποιοῦνται.

2269 2239 2527 2310 Εἴρηνται
2557 2236 2615 2290 δὲ
2662 2255 2682 2288 ι
2705 2234 2780 2307 τῷ
2817 2235 2980 2290 Δαυῖδ
3029 2236 3108 2299 είς
3137 2236 3442 2306 ἀνάμνησιν
3461 2252 3478 2267 ο
3517 2255 3537 2288 ι
3580 2236 3661 2300 ὡς
3688 2236 3753 2290 ἂν
3777 2237 3850 2301 είς

2269 2330 2401 2384 αὐτὸ
2430 2328 2588 2382 τοῦτο
2638 2328 2958 2399 λεχθέντες,
3016 2328 3079 2381 ἵν’
3123 2328 3237 2398 ἔχοι
3286 2328 3601 2399 προχείρως
3626 2327 3717 2382 διὰ
3742 2330 3853 2383 nd.

2273 2438 2439 2490 ματος
2492 2418 2967 2491 ἀπομνημονεύειν
3028 2420 3226 2483 αὐτοὺς
3249 2460 3263 2484 ,
3308 2419 3404 2473 καὶ
3465 2419 3595 2473 ἀντὶ
3637 2421 3852 2492 ἐπῳδῆς

2270 2513 2454 2575 αὐτοῖς
2480 2513 2537 2564 ἐν
2569 2514 2690 2574 ταῖς
2717 2510 3070 2583 περιστάσεσι
3108 2510 3361 2582 χρῆσθαι.
3396 2511 3503 2565 Δύο
3539 2512 3597 2565 δέ
3634 2515 3777 2566 εξσιν
3804 2514 3851 2565 oi

2277 2622 2296 2656 ι
2322 2605 2403 2667 είς
2433 2604 2782 2678 ἀνάμνησιν-»
2810 2606 3301 2675 ἐπιγεγραμμένοι,
3329 2605 3358 2657 ὂ
3386 2621 3445 2658 τε
3472 2604 3620 2676 μετὰ
3647 2607 3850 2678 χεῖρας,

2271 2696 2365 2750 καὶ
2390 2697 2419 2749 ὁ
2453 2695 2529 2760 λζ’
2572 2675 3052 2767 ἐπιγεγραμμένος
3099 2697 3195 2753 καὶ
3235 2697 3398 2761 αὐτὸς
3435 2715 3454 2748 ι
3490 2687 3573 2761 εἷς
3616 2675 3853 2769 ἀνάμνη.

2271 2803 2377 2840 σιν.
2411 2804 2430 2837 ι
2478 2785 2618 2839 Ἀλλ’
2658 2788 2866 2850 ἐκεῖνος
2914 2787 3011 2857 μὲν
3059 2787 3161 2841 οὐκ
3187 2789 3270 2851 είς
3319 2787 3379 2841 τὸ
3427 2789 3586 2852 τέλος
3620 2791 3851 2861 ἀνέπεμ-

2272 2895 2401 2942 πεν,
2437 2878 2551 2933 ἀλλ’
2581 2875 2649 2951 ἦν
2693 2900 2711 2929 ι
2738 2878 2952 2950 ψαλμὸς
2992 2880 3068 2949 τῷ
3117 2880 3279 2934 Δαυῖδ
3330 2883 3408 2945 είς
3452 2882 3761 2953 ἀνάμνησιν
3784 2900 3800 2914 ο
3828 2901 3846 2934 ο

2272 2964 2441 3035 Οὗτος
2467 2970 2523 3023 δὲ
2562 2989 2581 3019 ι
2610 2973 2689 3034 είς
2731 2972 2790 3024 τὸ
2819 2971 2971 3034 τέλος
3002 2992 3021 3023 ι
3058 2973 3375 3044 ἐπιγράφει.
3401 2974 3460 3028 '0
3505 2977 3606 3045 μὲν
3636 2972 3730 3030 οὖν
3755 2976 3851 3042 λζ’,

2270 3064 2333 3116 οὐ
2363 3061 2663 3134 μελλόντων
2687 3058 2753 3132 ἦν
2774 3063 3255 3134 προαγορευτικὸς,
3290 3063 3425 3117 ἀλλὰ
3443 3067 3855 3137 παρῳχηκότων

2272 3153 2615 3225 πραγμάτων
2639 3154 3045 3225 ὑπομνηστικός
3064 3169 3078 3183 ⁸
3106 3154 3187 3208 διὸ
3211 3154 3310 3227 τὴν
3336 3142 3709 3228 αὑτὴνάρχὴν
3742 3152 3856 3230 εἶχε

2269 3244 2349 3316 τῷ
2384 3245 2437 3310 ς’
2466 3245 2641 3315 λέγων
2660 3264 2672 3276 ’
2707 3265 2724 3297 ι
2752 3246 2945 3320 Κύριε,
2985 3246 3059 3319 μὴ
3085 3245 3163 3318 τῷ
3189 3246 3346 3318 θυμῷ
3378 3265 3470 3301 σου
3494 3247 3721 3320 ἐλέγξῃς
3762 3266 3855 3321 με,

2275 3335 2409 3408 μηδὲ
2451 3339 2515 3409 τῇ
2557 3338 2695 3411 ὀργῇ
2747 3353 2841 3391 σου
2881 3337 3177 3410 παιδεύσῃς
3207 3356 3296 3410 με.
3334 3356 3354 3391 ι
3386 3339 3525 3394 Μίαν
3561 3356 3623 3392 τε
3657 3341 3709 3393 οἱ
3746 3341 3856 3411 ἀμ.

2271 3430 2487 3501 φότεροι
2509 3430 2762 3484 ὑπόθεσιν
2791 3433 3085 3503 περιεῖχον.
3118 3431 3176 3483 ὐ
3205 3431 3306 3503 μὲν
3332 3431 3441 3503 γὰρ
3464 3432 3620 3497 ἕκτος
3645 3434 3857 3502 προῖὼν

2271 3525 2545 3594 ἐπιλέγει·
2572 3545 2590 3577 ι
2644 3526 2942 3582 Ἐκοπίασα
2975 3529 3032 3580 ἐν
3066 3526 3147 3599 τῷ
3180 3527 3466 3599 στεναγμῷ
3509 3545 3615 3600 μου
3635 3547 3649 3558 ’
3678 3529 3855 3582 λοῦσιν

2270 3617 2391 3671 καθ’
2443 3618 2681 3691 ἑκάστην
2731 3620 2903 3674 νύκτα
2950 3620 3047 3691 τὴν
3097 3619 3286 3693 κλίνην
3339 3637 3473 3693 μου·
3527 3625 3585 3675 ἐν
3624 3622 3853 3693 δάκρυσί

2274 3726 2375 3780 μου
2412 3710 2509 3781 τὴν
2548 3712 2836 3783 στρωμνήν
2877 3729 2979 3782 μου
3029 3711 3234 3785 βρέξω·
3267 3733 3285 3764 ι
3317 3715 3347 3766 ό
3377 3713 3436 3767 δὲ
3473 3712 3554 3779 λς’
3576 3713 3650 3768 τὰ
3693 3714 3856 3785 ὃμοια

2269 3799 2509 3855 διδάσκει
2527 3801 2700 3871 λέγων
2719 3820 2732 3833 ο
2762 3822 2779 3854 ι
2806 3804 2919 3857 Οὐκ
2942 3802 3086 3857 ἐστιν
3099 3805 3289 3877 εἰρήνη
3310 3805 3368 3859 ἐν
3388 3807 3506 3869 τοῖς
3521 3805 3734 3868 ὀστέοις
3754 3824 3854 3877 μου

2269 3893 2381 3947 ἀπὸ
2410 3894 2701 3965 προσώπου
2744 3896 2853 3950 τῶν
2894 3897 3180 3971 ἁμαρτιῶν
3229 3915 3362 3970 μου·
3408 3899 3493 3953 ὅτι
3543 3900 3601 3953 αῖ
3635 3901 3854 3972 ἀνομίαι

2273 4002 2376 4056 μου
2435 3987 2719 4061 ὑπερῇραν
2775 3988 2875 4060 τῆν
2943 3990 3185 4061 κεφαλήν
3259 4008 3360 4062 μου
3432 3989 3569 4044 ὡσεὶ
3634 3992 3852 4063 φορτίον

2272 4075 2411 4147 βαρὺ
2456 4076 2833 4148 ἐδαρύνθησαν
2890 4077 2977 4129 ἐπ’
3007 4077 3127 4148 ἐμέ.
3168 4076 3531 4151 Προσὼζεσαν
3577 4079 3680 4132 καὶ
3726 4078 3851 4132 ἐσά-

2270 4184 2450 4238 πησαν
2487 4170 2535 4222 οί
2587 4167 2853 4239 μώλωπές
2900 4187 3002 4242 μου
3050 4170 3159 4224 ἀπὸ
3204 4168 3497 4243 προσώπου
3541 4170 3649 4243 τῆς
3689 4172 3853 4243 ἀφροο

2273 4256 2438 4329 σύνης
2490 4276 2614 4329 μου.
2644 4279 2664 4312 ι
2724 4258 2912 4315 Ταῦτα
2960 4258 3017 4314 δὲ
3074 4261 3168 4315 καὶ
3217 4260 3283 4315 τὰ
3332 4260 3562 4315 τοιαῦτα
3615 4262 3711 4315 ἐπὶ
3761 4261 3850 4332 τὴν

2273 4352 2497 4423 μνήμην
2544 4351 2639 4405 τοῦ
2688 4351 3025 4425 πραχθέντος
3048 4352 3197 4424 αὐτῷ
3229 4353 3711 4427 πλημμελήματος
3738 4356 3849 4410 ἀνέ-

586 4444 1033 4501 memorationem
1070 4464 1088 4499 υ
1125 4446 1423 4517 inscriptus
1468 4455 1553 4502 est
1576 4487 1592 4510 .
1645 4446 1917 4520 frequenti
1951 4447 2168 4505 confes-

2273 4459 2427 4515 φερε.
2475 4443 2676 4518 Διόπερ
2731 4463 2749 4496 ι
2779 4447 2859 4509 είς
2916 4445 3223 4517 ἀνάμνησιν
3256 4465 3276 4499 ι
3311 4446 3667 4519 ἐπέγραφεν,
3724 4450 3848 4502 Erra-

586 4536 740 4592 sione
773 4540 1044 4609 praeterita
1095 4551 1368 4611 repetens.
1416 4537 1548 4607 Quae
1597 4540 1725 4598 item
1773 4557 1939 4598 causa
1968 4550 2070 4607 est,
2108 4552 2168 4598 ut

591 4651 609 4682 ι
649 4632 704 4687 in
746 4632 907 4689 linem
943 4652 962 4684 ι
996 4647 1106 4687 ιιοη
1129 4634 1485 4690 inscribatnr.
1519 4632 1619 4690 llic
1644 4651 1774 4691 vero
1802 4654 1821 4687 ι
1856 4635 1910 4691 in
1947 4636 2107 4693 finem
2142 4656 2161 4689 ι

585 4723 826 4789 dicitur,
860 4726 988 4796 quia
1020 4734 1458 4796 exspectatarum
1517 4743 1700 4782 rerum
1753 4730 1995 4798 precatio
2047 4737 2167 4796 est,

586 4824 944 4886 praevertente
983 4814 1250 4886 Propheta
1303 4833 1368 4872 ac
1415 4827 1670 4887 rogante;
1725 4831 1783 4876 ut
1840 4823 1884 4876 si
1945 4822 2167 4893 quando

585 4907 910 4975 contingant
938 4907 1285 4962 inimiCurum
1336 4911 1574 4966 insultus
1631 4920 1686 4966 et
1740 4912 1952 4969 insidiae
1999 4915 2057 4969 in
2109 4928 2169 4969 se

587 5005 811 5068 paratae,
844 4998 927 5053 bis
954 4998 1213 5054 remediis
1238 5016 1393 5067 usus,
1425 5016 1489 5058 ea
1525 5003 1681 5073 quasi
1713 5004 1958 5061 antidota
1985 5006 2166 5077 quod-

586 5088 668 5141 vis
699 5087 1068 5157 perniciosum
1096 5091 1391 5145 amulctum
1423 5092 1748 5163 depellentia
1781 5096 1989 5153 alferat.
2026 5095 2165 5152 Num

582 5179 748 5232 etiam
801 5177 916 5233 hac
973 5179 1121 5235 dicta
1175 5182 1242 5236 ad
1298 5198 1586 5252 personam
1638 5184 1938 5243 Salvatoris
1992 5189 2167 5245 nostri

583 5268 905 5338 prophetice
952 5268 1298 5325 referantur?
1348 5270 1795 5346 Quandoquidem
1851 5277 1906 5334 in
1965 5292 2168 5350 praece-

581 5360 732 5415 denti
763 5360 971 5431 psalmo
1009 5360 1156 5416 clare
1189 5362 1499 5435 passionem
1551 5366 1670 5436 ejus
1715 5368 2037 5425 vaticinanti
2101 5384 2165 5424 ex

581 5453 704 5522 ejus
743 5468 976 5525 persona
1002 5451 1331 5509 dicebatur:
1371 5474 1388 5506 ι
1432 5455 1540 5527 Ego
1584 5474 1706 5513 sum
1740 5475 1945 5532 pauper
1980 5469 2033 5517 et
2066 5460 2167 5517 do-

585 5545 725 5611 lens,
766 5547 916 5603 salus
948 5553 1062 5615 tua,
1102 5543 1266 5604 Deus.
1300 5550 1543 5620 suscepit
1585 5566 1672 5607 me
1703 5553 1778 5621 7';
1833 5570 1851 5605 ι
1914 5552 2167 5610 similiter

2273 4534 2633 4608 ναλαμσάνων
2685 4536 2756 4591 τὰ
2800 4537 3141 4610 παρελθόντα
3182 4537 3273 4592 διὰ
3309 4538 3411 4609 τῆς
3444 4540 3713 4610 συνεχοῦς
3743 4540 3847 4606 ἐξο-

2277 4628 2639 4700 μολογήσεως.
2673 4629 2763 4683 Διὸ
2788 4631 2887 4684 οὐκ
2914 4630 3226 4703 ἐπέγραφεν
3265 4650 3284 4683 ι
3316 4632 3397 4696 είς
3421 4631 3486 4685 τὸ
3514 4632 3694 4697 τέλος.
3730 4653 3749 4686 ι
3796 4634 3845 4686 '0

2273 4720 2330 4774 δὲ
2365 4721 2554 4793 παᾴον
2594 4740 2614 4773 ι
2649 4724 2729 4785 είς
2760 4721 2987 4787 τὸτέλος
3020 4742 3039 4775 ι
3081 4722 3318 4796 εἴρηται,
3338 4723 3647 4797 ἐπειδήπερ
3679 4727 3844 4795 intr.-

2272 4812 2364 4884 ρία
2391 4813 2509 4865 ἐστὶ
2544 4813 3008 4885 προσδοκωμένων
3044 4814 3406 4886 πραγμάτων,
3440 4814 3540 4869 τοῦ
3569 4817 3843 4889 Προφὴτου

2271 4906 2750 4978 προλαμϐάνοντος
2767 4909 2859 4963 καὶ
2882 4891 3194 4981 εὐχομένουλ
3226 4909 3316 4975 ἶν’,
3349 4908 3405 4962 εί
3433 4927 3568 4963 ποτε
3594 4911 3844 4982 συμϐαῖεν

2272 4997 2481 5071 ἐχθρῶν
2538 5000 2931 5064 ἐπαναστάσεις
2986 4998 3082 5054 καὶ
3125 4998 3415 5053 ἐπιϐουλαὶ
3487 5003 3614 5053 κατ’
3665 4998 3843 5061 αὐτοῦ,

2270 5094 2391 5156 ταῖς
2424 5092 2813 5164 προκειμέναις
2836 5091 3067 5163 ἐπῳδαῖς
3111 5091 3393 5164 χρώμενος
3436 5091 3852 5167 ἀλεξιφάρμακα

2275 5184 2461 5257 ὥσπερ
2482 5186 2824 5260 ἀποτρόπαια
2854 5184 3055 5249 παντὸς
3094 5184 3331 5258 πονηροῦ
3351 5187 3853 5258 άντιπεριὰτιματος

2276 5278 2551 5346 ἐπάγοιτο.
2598 5279 2823 5350 Μήποτε
2845 5277 2902 5332 δὲ
2933 5277 3027 5332 καὶ
3058 5276 3416 5349 προφητικῶς
3444 5280 3529 5344 είς
3567 5279 3857 5352 πρόσωπον

2274 5370 2604 5443 ἀναφέρεται
2636 5370 2703 5425 τὰ
2732 5369 3002 5443 λεγόμενα
3032 5368 3128 5423 τοῦ
3161 5369 3446 5442 Σωτῆροςς
3472 5371 3776 5443 ἐπειδήπερ
3800 5372 3857 5423 ἐν

2276 5461 2375 5533 μὲν
2428 5462 2505 5533 τῷ
2549 5463 2655 5535 πρὸ
2701 5462 2891 5516 τούτου
2955 5462 3140 5533 σαφῶς
3193 5461 3506 5525 θεσπίζοντι
3572 5466 3634 5518 τὸ
3690 5463 3855 5525 πάθος

2274 5554 2437 5609 αὑτοῦ
2479 5554 2694 5625 ἐλέγετο
2742 5558 2800 5624 ἐξ
2851 5555 3017 5611 αὐτοῦ
3076 5555 3400 5628 προσώπου·
3441 5572 3462 5606 ι
3499 5555 3728 5626 Πτωχὸς
3763 5554 3853 5609 καὶ

640 5662 686 5694 ’⁸
713 5661 887 5720 Galat.
916 5680 991 5731 tv,
1007 5663 1098 5720 26.
1151 5667 1194 5699 "
1225 5665 1390 5723 Hebr.
1416 5683 1516 5729 xu.
1539 5668 1628 5723 22.
1701 5672 1745 5703 "
1770 5668 1924 5727 Joan.
1951 5671 2135 5739 xxv,2.
2202 5670 2408 5729 "Psai.
2435 5689 2508 5739 vr,
2536 5673 2586 5729 7.
2652 5673 2698 5705 "
2718 5672 2861 5729 Psal.
2884 5689 3093 5739 xxxv",
3120 5672 3237 5728 ι-σ,
3300 5674 3346 5706 ⁷³
3366 5670 3514 5729 Psal.
3546 5687 3740 5737 uvm,
3766 5670 3853 5727 30.

668 5757 744 5828 (Ι)
766 5758 971 5832 Lectio,
1009 5772 1066 5821 ut
1096 5762 1332 5833 videtur,
1361 5764 1569 5822 vitiata.
