4062 6208
264 212 370 272 769

1390 205 1893 266 COMMENTARIA
1925 206 1993 261 IN
2032 206 2370 262 PSALMOS.

3418 216 3525 273 770

265 333 447 404 ἀλγῶν
475 333 586 403 ἐγώ
611 334 745 405 εἰμι,
776 332 811 403 ὴ
846 330 1091 403 σωτηρία
1139 345 1254 392 σου,
1288 330 1317 383 6
1337 328 1488 393 Θεὸς,
1522 325 1835 385 ἀντελάϐετό

1947 325 2002 380 in
2021 325 2276 398 praesenti
2307 330 2495 396 postea
2525 323 2658 379 dicit
2683 342 2699 380 :
2735 342 2756 380 ι
2795 322 2910 399 Ego
2928 341 3059 382 vero
3086 334 3295 395 egenus
3314 338 3368 387 et
3385 343 3525 404 pau-

260 443 370 499 .μου
389 443 402 457 ·
440 444 459 478 ι
502 424 763 489 ὡσαύτως
798 424 855 478 δὲ
894 424 988 478 καὶ
1024 426 1083 477 ἐν
1119 421 1196 491 τῷ
1232 421 1370 493 μετὰ
1401 422 1587 491 χεῖρας
1635 416 1837 491 προῖὼν

267 518 492 586 φάσκεν
522 534 543 569 ι
584 514 726 585 Ἐγὼ
756 514 813 568 δὲ
849 514 1061 585 πτωχὸς
1092 513 1186 567 καὶ
1218 512 1421 582 πένης,
1464 509 1494 561 6
1531 508 1685 573 Θεὸς,
1715 508 1839 579 βοή-

254 610 433 683 ’θησόν
457 627 568 681 μοι.
605 628 624 661 ι
652 609 813 662 Ὥστε
847 607 941 661 καὶ
970 606 1058 659 διὰ
1080 605 1238 659 τοῦτο
1273 602 1583 672 ἀναγκαίως
1609 600 1838 673 ἐπιγρά-

268 721 389 774 φειν
423 723 441 755 ι
477 704 559 767 εἰς
595 701 655 755 τὸ
704 700 877 764 τέλος.
910 718 932 752 τ
980 697 1107 751 Ἐὰν
1160 697 1259 767 μὲν
1293 692 1387 749 οὖν
1428 697 1493 748 ὲκ
1547 691 1840 766 προσώπου

265 797 362 850 τοῦ
389 794 556 850 Ὰαυῖδ
581 794 811 864 λέγοιτο,
839 792 1010 855 εἴποι..
1046 790 1111 844 ἂν
1155 790 1237 843 ὅτι
1267 788 1502 861 μεγάλου
1541 785 1840 857 βασιλεύων

267 887 487 953 ἔθνους,
537 886 742 959 σφόδρα
798 883 1198 945 πλουσιώτατος
1238 878 1345 944 ῶν,
1399 879 1502 933 οὐκ
1544 878 1731 948 ἠγνόει
1778 876 1841 931 τὸ

264 980 477 1050 φάσκον
509 978 714 1048 λόγιον·
746 996 765 1030 ι
801 978 949 1046 Ὅσῳ
984 976 1159 1046 μέγας
1190 969 1276 1036 εἴ,
1310 970 1549 1042 τοσούτῳ
1578 968 1838 1024 ταπεινοῦ

266 1071 521 1137 σεαυτὸν,
555 1073 648 1125 καὶ
685 1067 913 1125 ἐνώπιον
943 1068 1151 1140 Κυρίου
1185 1066 1440 1139 εὑρήσεις
1471 1064 1654 1136 χάριν.
1693 1083 1711 1115 ι
1749 1060 1840 1117 Διὸ

258 1163 668 1236 ιμετριοφρονῶν
708 1163 802 1215 καὶ
844 1158 1284 1230 ταπεινοφρονῶν
1316 1158 1412 1211 καὶ
1453 1155 1671 1228 ἀληθῶς
1709 1173 1837 1227 σμι-

266 1255 481 1330 κρύνων
508 1251 697 1310 ἑαυτὸν
718 1295 734 1321 ,
778 1252 874 1309 καὶ
921 1252 1059 1324 πρὸς
1101 1246 1162 1305 τὸ
1206 1248 1435 1321 μέγεθος
1481 1248 1700 1321 ἀφορῶν
1744 1247 1838 1303 τοῦ

267 1350 494 1404 πλούτου
524 1349 625 1419 τῆς
658 1339 1027 1420 χρηστότητος
1057 1342 1152 1397 τοῦ
1174 1341 1311 1397 Θεοῦ
1330 1384 1345 1409 ,
1374 1341 1588 1412 πτωχὸν
1615 1341 1710 1395 καί⁵
1742 1338 1841 1395 πὲ-

260 1460 401 1514 νητα
451 1435 641 1495 ἐαυτὸν
692 1439 780 1493 διὰ
826 1439 937 1492 τῶν
983 1432 1362 1508 προκειμένων
1411 1433 1659 1504 ὠνόμασε
1684 1451 1698 1463 ·
1745 1433 1840 1487 καὶ

266 1532 564 1607 ἀρχόμενος
602 1531 659 1584 δὲ
696 1528 790 1583 τοῦ
819 1529 1002 1597 λόγου,
1032 1526 1109 1590 ὼς
1143 1524 1308 1598 μηδὲν
1348 1522 1496 1594 αύτῷ
1536 1522 1839 1594 συμϐαλλο-

252 1626 454 1693 μένου,
490 1622 624 1693 μήτε
653 1618 907 1684 πλούτου,
939 1618 1076 1689 μήτε
1112 1614 1406 1687 βασιλείας,
1442 1614 1576 1685 μήτε
1616 1613 1714 1685 τῆς
1743 1613 1837 1666 τοῦ

1943 434 2039 490 per
2066 435 2210 487 sum,
2248 418 2409 483 Deus,
2446 416 2642 483 adiuva
2693 432 2801 475 me.
2850 439 2871 473 ι
2904 418 2983 474 lta
3032 429 3091 475 ut
3140 436 3202 477 ea
3240 421 3309 478 de
3352 437 3523 480 causa

1946 528 1965 562 ι
1997 511 2053 566 in
2099 509 2262 567 ﬁnem
2300 530 2320 563 ι
2374 510 2688 566 necessario
2748 510 3101 568 inscribatur.
3155 513 3312 580 Quod
3365 517 3415 572 si
3450 531 3524 577 ex

1942 618 2178 674 persona
2212 603 2435 659 Davidis
2467 601 2803 674 proferatur,
2836 605 2988 660 dicas
3021 606 3149 661 licet
3186 608 3364 678 ipsum
3406 623 3526 664 ma-

1941 712 2060 768 gna:
2094 698 2271 769 gentis
2313 713 2514 768 regem,
2549 712 2615 754 ac
2644 698 2976 756 ditissimum
3002 739 3018 763 ,
3068 715 3180 755 non
3243 701 3527 771 ignorasse

1943 799 2123 845 tamen
2156 790 2361 845 dictum
2414 791 2596 847 illud:
2655 810 2675 843 ι
2715 790 2932 859 Quanto
2986 793 3165 861 major
3216 808 3309 857 es,
3372 801 3528 850 tanto

1942 879 2118 951 magis
2157 880 2391 951 teipsum
2441 881 2705 948 humilia,
2757 888 2812 936 et
2860 881 2915 935 in
2959 890 3259 952 conspectu
3306 881 3527 938 Domini

1942 972 2189 1028 invenies
2213 974 2445 1045 gratiam
2472 975 2563 1028 π’.
2588 993 2607 1027 ι
2636 972 2818 1040 Quare
2850 976 3131 1031 moderate
3162 982 3216 1031 et
3247 976 3530 1031 humiliter

1939 1066 2207 1132 sentiens,
2237 1082 2473 1137 vereque
2502 1082 2624 1122 sese
2658 1082 2884 1137 parvum
2930 1076 3212 1138 reputans,
3249 1084 3313 1123 ac
3348 1070 3527 1138 reSpi-

1939 1158 2095 1215 ciens
2126 1159 2557 1231 magnitudinem
2583 1160 2897 1216 divitiarum
2937 1161 3199 1218 bonitatis
3232 1161 3365 1229 Dei,
3400 1178 3529 1234 ege-

1943 1267 2071 1305 num
2108 1267 2168 1307 se
2215 1262 2270 1307 et
2302 1267 2595 1323 pauperem
2652 1253 2709 1307 in
2757 1253 3009 1323 praesenti
3057 1255 3307 1312 vocavit:
3361 1261 3529 1324 atque

1940 1357 2249 1398 sermonem
2281 1343 2524 1407 ordiens,
2557 1357 2621 1397 ac
2655 1343 2705 1400 si
2743 1344 2981 1410 divitia},
3038 1360 3299 1417 regnum,
3356 1348 3530 1404 totius

1940 1436 2125 1506 populi
2155 1436 2377 1501 auxilia,
2407 1436 2646 1510 itemque
2684 1437 2897 1508 justitia
2931 1453 3029 1509 per
3073 1439 3525 1497 exercitationem

1940 1534 2276 1597 comparata,
2311 1527 2447 1581 nihil
2478 1529 2582 1586 sibi
2634 1529 2974 1597 conferrent,
3003 1528 3175 1587 solius
3219 1528 3316 1586 Dei
3366 1532 3528 1587 auxi-

1941 1617 2072 1672 lium
2131 1619 2417 1689 expetebat
2474 1620 2712 1680 dicens:
2760 1638 2782 1677 ι
2835 1620 3014 1688 Deus,
3076 1622 3134 1678 in
3191 1622 3525 1692 adjutorium

256 1715 469 1778 παντὸς
508 1712 690 1776 ἔθνους
720 1710 971 1783 βοηθείας
991 1749 1005 1771 ,
1044 1711 1177 1781 μήτε
1203 1708 1301 1780 τῆς
1341 1705 1401 1770 ἐξ
1427 1706 1712 1777 ἀσκήσεως
1745 1722 1835 1758 πο-

1942 1722 2123 1765 mcum
2141 1710 2357 1765 intende
2377 1730 2392 1778 ;
2411 1710 2659 1778 Domine,
2684 1713 2753 1770 ad
2774 1715 3143 1786 adjuvandum
3164 1727 3250 1772 me
3266 1715 3487 1772 festina.
3501 1736 3521 1769 ο

266 1805 546 1877 ρισθείσης
589 1802 737 1875 αὐτῷ
778 1801 1142 1873 δικαιοσύνης,
1190 1801 1289 1870 τὴν
1334 1799 1482 1871 παρὰ
1537 1797 1697 1869 μόνου
1744 1795 1840 1886 τοῦ

250 1896 403 1950 Θεοῦ
446 1896 695 1969 βοήθειαν
729 1893 1093 1966 ἐξῄτει).ἐγων
1113 1909 1127 1923 ·
1168 1911 1187 1943 ι
1211 1893 1269 1945 '0
1300 1891 1450 1955 Θεὸς,
1478 1892 1558 1954 εἰς
1582 1888 1680 1961 τὴν
1710 1888 1839 1961 βοή-

245 1989 418 2044 ’θειάν
446 2006 546 2060 μου
571 1988 823 2060 πρόσχες.
850 1985 1042 2057 Κύριε,
1078 1987 1157 2048 εἰς
1176 1984 1239 2037 τὸ
1258 1983 1523 2054 βοηθῆσαί
1553 1999 1642 2055 μοι
1671 1980 1840 2034 σπεῦ-

252 2096 379 2133 οσον.
416 2098 435 2131 ι
483 2078 652 2151 Ὁρῶν
696 2078 752 2131 δὲ
787 2076 1013 2139 πολλοὺς
1057 2074 1542 2146 διαφθονουμένους
1589 2076 1656 2145 τῇ
1699 2070 1840 2126 κατὰ

245 2170 398 2225 ίθεδν
420 2168 584 2226 αὐτοῦ
610 2170 856 2242 προκοπῇ
892 2168 986 2220 καὶ
1015 2166 1406 2237 βασκαίνοντας
1434 2166 1599 2222 αὑτοῦ
1628 2168 1694 2238 τῇ
1726 2183 1836 2220 σω-

258 2264 428 2336 τηρίᾳ
467 2264 565 2335 τῆς
598 2262 809 2333 ψυχῆς,
856 2258 1164 2331 προσετίθει
1196 2258 1256 2313 τὸ
1276 2298 1291 2319 ,
1319 2278 1340 2310 ι
1379 2258 1837 2331 Αἰσχυνθήτωσαν

250 2358 360 2411 ’καὶ
407 2355 828 2426 ἐντραπήτωσαν
878 2353 926 2406 οἰ
978 2349 1271 2422 ζητοῦντες
1318 2352 1419 2423 τὴν
1469 2350 1648 2423 ψυχήν
1710 2368 1835 2423 μου.

264 2438 802 2514 ¹Ἇποεινετραφήτωσαν
830 2442 911 2504 εἰς
942 2441 1008 2496 τὰ
1044 2441 1220 2495 ὀπίσω
1242 2442 1335 2495 καὶ
1365 2441 1838 2514 καταισχυνθήτω-

254 2548 364 2593 ίσαν
395 2540 445 2591 οἰ
479 2536 788 2610 βουλόμενοί
823 2548 913 2607 μοι
951 2536 1117 2591 κακά.
1159 2536 1690 2607 Ἀποστραφήτωσαν
1731 2552 1837 2589 πα-

264 2627 497 2705 ραυτίκα
528 2628 900 2699 αἰσχυνόμενοι
926 2628 976 2681 οἰ
1005 2626 1255 2696 λέγοντές
1284 2644 1407 2698 μοι,
1438 2623 1602 2695 Εὖγε,
1628 2623 1777 2695 εὖγε.
1811 2644 1832 2678 ›

254 2722 362 2777 Διὰ
376 2722 582 2775 τούτων
596 2722 705 2793 γὰρ
719 2719 969 2792 ὁμολογεῖ
982 2720 1144 2782 αὐτὸς
1166 2719 1263 2791 μὲν
1280 2718 1459 2790 ἐαυτῷ
1485 2718 1561 2791 μὴ
1580 2718 1838 2773 δύνασθαι

261 2814 524 2885 ἐπαρκεῖν
544 2853 558 2876 ,
591 2812 795 2866 δεῖσθαι
832 2811 889 2864 δὲ
921 2811 1019 2874 τῆς
1055 2809 1207 2882 παρὰ
1248 2809 1342 2864 τοῦ
1366 2812 1671 2883 κρείττονος
1709 2811 1837 2883 βοη-

261 2903 449 2968 θείας*
483 2904 580 2969 ῶς,
609 2904 659 2957 εἰ
695 2902 768 2974 μὴ
795 2903 946 2972 τύχοι
978 2901 1198 2974 ταύτης,
1231 2901 1436 2975 ἕρημος
1462 2902 1717 2974 ἐσόμενος
1742 2903 1838 2957 καὶ

261 2994 723 3065 ἐλεγχθησόμενος
748 2993 983 3065 ἀσθενὴς
998 2994 1092 3047 καὶ
1117 2993 1280 3047 πλέον
1293 2994 1444 3048 οὐδὲν
1470 2994 1505 3065 ἢ
1534 2994 1723 3066 θνητὸς
1741 2996 1837 3050 ἆν-

262 3087 485 3158 θρωπος
504 3105 516 3116 ο
546 3086 642 3140 καὶ
671 3085 746 3149 ὼς
775 3088 825 3139 οἱ
850 3085 1035 3159 ἐχθροὶ
1066 3085 1227 3138 αὐτοῦ
1254 3086 1721 3158 ἐπιχαιρεσίκακοί
1755 3104 1838 3140 τι-

257 3195 349 3242 νες
390 3177 545 3241 ὄντες
586 3176 807 3230 πεσόντι
853 3176 1001 3247 αὐτῷ
1041 3175 1494 3248 ἐπαναδήσονται.
1535 3177 1600 3230 El
1627 3176 1683 3229 δὲ
1715 3176 1840 3248 βοη-

260 3271 357 3325 Θοῦ
414 3269 566 3342 τύχοι
617 3270 710 3323 τοῦ
764 3269 920 3335 Θεοῦ,
973 3269 1158 3334 αὐτὸς»
1185 3268 1282 3341 μὲν
1346 3267 1496 3322 ἔσται
1536 3267 1837 3341 ἀνώτεροςο

260 3364 527 3434 αἰσχύνην
562 3360 620 3415 δὲ
661 3360 1053 3433 καταχεοῦνται
1093 3363 1142 3415 οἰ
1180 3360 1282 3431 τῆς
1301 3359 1472 3414 ἀὑτοῦ
1513 3359 1691 3430 ψυχῆς
1723 3357 1840 3412 ἐπί-

259 3457 474 3517 ϐουλοι·
502 3454 701 3518 οἵτινες
748 3454 831 3522 ἐφ’
860 3454 1065 3527 ἑκάστῃ
1096 3453 1291 3526 πράξει
1316 3452 1457 3506 κατὰ
1481 3452 1648 3517 πόδας
1671 3450 1836 3507 αὐτοῦ

252 3550 538 3621 βαίνοντες
549 3547 645 3601 καὶ
655 3545 983 3620 πειρώμενοι
999 3545 1331 3617 ἐπιλαμϐἁνε
1339 3544 1461 3597 σθαι
1475 3543 1637 3597 αὑτοῦ
1657 3543 1836 3613 λέγειν

256 3641 537 3704 εἰώθασιν,
574 3658 593 3690 ι
625 3635 799 3709 Εὖγε,
832 3633 958 3707 εὖγε
980 3677 993 3701 ,
1025 3656 1044 3689 ι
1073 3637 1149 3701 ὡς
1170 3636 1236 3691 ἂν
1265 3635 1715 3707 ἐπιτυγχάνοντες
1739 3636 1834 3691 καὶ

260 3735 386 3789 κατ’
413 3732 577 3804 εὒχὰς
608 3732 936 3804 πράττοντες
957 3733 1015 3784 ἐν
1047 3724 1128 3792 οἷς
1157 3729 1320 3783 αὑτὸν
1355 3728 1683 3797 σφάλλεσθαι
1715 3728 1832 3783 ἐνό-

260 3824 440 3896 μιζον.
481 3823 620 3877 Εἰδέ
657 3823 750 3875 ἐπὶ
782 3823 874 3874 τὸν
900 3820 1129 3893 Σωτῆρα
1147 3836 1230 3882 τις
1253 3820 1514 3891 ἀναφέροι
1545 3817 1714 3872 ταῦτα
1747 3818 1835 3872 διὰ

248 3914 360 3986 ’τὴν
385 3913 736 3968 ἀποδοθεῖσαν
769 3912 966 3976 αἰτίαν,
1000 3913 1148 3984 ἐρεῖ,
1176 3911 1257 3965 ὃτι
1301 3913 1426 3975 τοὺς
1463 3909 1835 3965 ἐπιϐουλεύον-

254 4020 362 4070 τας
385 4004 551 4060 αὐτοῦ
576 4004 818 4076 τῷλόγῳ
846 4006 939 4058 καὶ
964 4007 1027 4075 τῇ
1056 3988 1395 4075 διδασκαλίᾳ,
1423 4002 1502 4074 τῷ
1522 4020 1582 4056 τε
1612 4003 1832 4075 μεγάλῳ

259 4097 473 4169 σώματι
504 4098 603 4169 τῆς
640 4097 966 4168 Ἐκκλησίας
1003 4094 1166 4150 αὑτοῦ
1208 4094 1428 4167 θεωρῶν
1464 4095 1822 4166 ἐπανισταμέ·

1943 1802 2401 1861 Animadvertens
2435 1814 2615 1863 autem
2669 1808 2938 1879 plurimos
2977 1825 3102 1866 esse
3133 1810 3229 1881 qui
3277 1825 3380 1865 suo
3441 1825 3528 1866 se—

1941 1897 2181 1950 cundum
2213 1895 2381 1951 Deum
2414 1897 2702 1969 profectui,
2728 1899 2900 1957 livore
2927 1901 3098 1969 ducti,
3121 1918 3186 1957 ac
3208 1904 3374 1958 saluti
3399 1902 3525 1957 anis

1939 2003 2043 2043 ma:
2068 2002 2180 2044 suae
2224 1988 2549 2056 inviderent,
2580 1992 2713 2047 illud
2763 1992 3004 2064 adjecit:
3044 2013 3064 2046 ι
3099 1993 3527 2050 Confundantur

1940 2087 1994 2135 et
2023 2092 2375 2138 revereantur
2411 2086 2505 2155 qui
2540 2093 2793 2156 quaerunt
2822 2087 3059 2141 animam
3092 2102 3293 2144 meam.
3349 2088 3526 2143 Avera

1939 2180 2125 2229 tantur
2172 2184 2474 2233 retrorsum
2522 2186 2576 2234 et
2627 2181 2955 2238 erubescant
2999 2183 3094 2253 qui
3148 2183 3338 2237 volunt
3386 2183 3523 2238 mihi

1938 2262 2100 2315 mala.
2128 2260 2464 2319 Avertantur
2500 2267 2686 2323 statim
2743 2270 3136 2326 erubescentes
3176 2270 3271 2342 qui
3330 2272 3525 2327 dicunt

1936 2353 2093 2418 mihi,
2116 2353 2286 2426 Euge,
2314 2372 2472 2428 euge.
2512 2377 2531 2410 ι
2566 2357 2663 2414 liis
2700 2361 2994 2417 conﬁtetur
3021 2378 3080 2418 se
3108 2377 3219 2418 non
3252 2362 3355 2418 sibi
3387 2365 3524 2422 satis

1936 2460 2080 2510 esse,
2108 2446 2205 2501 sed
2238 2446 2333 2502 Dei
2374 2449 2579 2506 auxilio
2615 2466 2794 2522 egere.
2830 2450 3097 2507 Futurum
3131 2454 3335 2526 quippe
3362 2464 3519 2522 erat,

1938 2538 1986 2594 si
2007 2538 2062 2593 id
2091 2554 2198 2594 non
2224 2553 2675 2613 consequeretur,
2709 2552 2770 2599 ut
2813 2545 3063 2602 desertus
3088 2532 3344 2613 esset,ac
3371 2550 3523 2604 inﬁr-

1937 2647 2062 2688 mus
2088 2632 2334 2704 nihilque
2356 2636 2528 2707 magis
2551 2652 2713 2707 quam
2745 2640 2992 2694 mortalis
3018 2638 3178 2694 homo
3211 2639 3515 2711 deprehen-

1938 2722 2180 2789 deretur,
2198 2725 2516 2798 inimicique
2545 2729 2737 2784 alienis
2756 2730 2915 2785 malis
2947 2730 3272 2801 gaudentes,
3302 2733 3524 2804 lapsum

1940 2831 2000 2872 se
2026 2816 2270 2874 invasuri
2296 2828 2500 2877 essent.
2539 2819 2597 2876 Si
2644 2837 2776 2877 vero
2809 2823 3114 2893 adjutorem
3163 2822 3336 2881 Deum
3382 2840 3529 2881 nan~

1939 2911 2257 2977 cisceretur,
2290 2912 2627 2984 superiorem
2662 2930 2723 2970 se
2754 2914 2868 2971 fore
2898 2916 3201 2988 animaeque
3252 2933 3369 2975 suae
3419 2919 3530 2974 ini-

1941 3000 2113 3058 micos
2136 3003 2345 3073 pudore
2374 3003 2640 3060 sull'usum
2689 3006 2758 3061 iri
2802 3007 3078 3077 sperabat.
3136 3007 3201 3063 Hi
3249 3009 3395 3065 enim
3456 3010 3526 3065 ad

1941 3093 2155 3163 singula
2186 3105 2337 3165 gesta
2356 3097 2475 3166 ejus
2490 3112 2520 3151 e
2536 3097 2767 3169 vestigio
2788 3099 3105 3156 incedentes
3128 3102 3525 3175 observabant,

1942 3181 2230 3254 ipsumque
2283 3186 2745 3256 comprehendere
2798 3190 3081 3247 studentes
3143 3193 3329 3248 dicere
3373 3195 3526 3250 sole-

1943 3272 2092 3341 bant,
2124 3293 2142 3326 ι
2184 3274 2370 3347 Euge,
2409 3292 2565 3348 euge,
2600 3297 2619 3330 ι
2656 3280 2811 3348 quasi
2853 3296 2909 3335 re
2953 3280 3092 3337 bene
3135 3291 3286 3354 gesta
3333 3293 3390 3341 et
3427 3302 3528 3356 pro

1939 3375 2066 3421 voto
2098 3367 2449 3432 succedente,
2481 3382 2603 3423 cum
2639 3370 2851 3440 lapsum
2885 3387 3009 3427 eum
3053 3382 3330 3443 putarent.
3369 3375 3527 3444 Quod

1940 3457 1988 3514 si
2014 3459 2139 3529 quis
2165 3459 2281 3514 haec
2312 3459 2379 3514 ad
2415 3460 2749 3517 Salvatorem
2795 3462 2867 3518 ob
2910 3479 3076 3534 super
3101 3467 3360 3522 traditam
3391 3485 3528 3524 eau-

1943 3566 2059 3605 sam
2089 3551 2310 3616 referat,
2348 3553 2397 3607 is
2427 3553 2604 3620 dicet,
2651 3555 2830 3625 ipsum
2858 3570 2984 3611 cum
3020 3568 3267 3615 cerneret
3304 3574 3401 3617 eos
3433 3563 3527 3631 qui

1942 3644 2108 3699 verbo
2150 3651 2206 3700 et
2268 3645 2532 3702 doctrinm
2584 3662 2699 3703 suae
2744 3663 3049 3720 magnoque
3094 3649 3354 3708 Ecclesiae
3413 3669 3528 3710 stne

1941 3735 2161 3805 corpori
2203 3735 2628 3801 insidiabantur,
2666 3737 2948 3809 insurgere
2977 3754 3042 3796 ac
3084 3740 3400 3812 frequenter
3430 3744 3526 3798 ad—

1938 3841 2135 3882 versus
2182 3826 2329 3880 illam
2362 3829 2770 3897 persecutiones
2809 3831 3090 3901 excitare;
3125 3847 3315 3889 eorum
3365 3837 3524 3892 mali-

1936 3920 2066 3974 tiam
2091 3926 2458 3985 exsecratum,
2494 3920 2637 3977 hanc
2667 3925 2988 3994 prophetice
3027 3927 3331 3983 orationem
3383 3930 3522 3985 emi-

1936 4012 2096 4073 sisse,
2126 4011 2338 4081 hocque
2371 4013 2565 4068 orandi
2600 4014 2913 4071 institutum
2959 4016 3220 4076 Ecclesia:
3263 4036 3379 4077 sua:
3410 4030 3524 4076 tra-

1935 4097 2157 4153 uidisse.

254 4209 404 4258 νους,
429 4192 524 4247 καὶ
547 4192 673 4256 τοὺς
709 4191 978 4261 διωγμοὺς
1018 4189 1252 4260 συνεχῶς
1288 4189 1408 4243 κατ’
1436 4189 1608 4261 αὐτῆς
1652 4190 2038 4260 ἐνεργοῦντας,
2071 4193 2601 4267 ἀπαιροπιαζόμενος
2662 4198 2843 4253 αὐτῶν
2904 4200 3003 4274 τὴν
3054 4202 3285 4271 κακίαν,
3317 4204 3523 4277 ταύτην

252 4285 611 4358 προφητικῶς
664 4285 939 4357 ἀνέπεμπε
994 4285 1093 4354 τὴν
1134 4283 1331 4355 εὐχὴν,
1380 4283 1522 4338 οὕτω
1564 4284 1673 4340 δεῖν
1719 4285 1970 4356 εὔχεσθαι
2001 4286 2263 4372 διδάσκων
2285 4290 2383 4362 τὴν
2430 4292 2754 4364 Ἐκκλησίαν
2786 4295 2972 4350 αὐτοῦ.

332 4396 355 4430 ι
398 4378 866 4447 ’Δγαλλιάσθωσαν
898 4379 991 4432 καὶ
1019 4378 1477 4451 εύιρρανθήτωσαν
1509 4381 1599 4434 ἐπὶ
1625 4380 1684 4435 σὲ
1705 4380 1835 4435 πάν-

2014 4379 2179 4437 Vsns.
2220 4383 2275 4448 5,
2315 4384 2367 4437 6.
2392 4402 2411 4435 ι
2439 4383 2726 4441 Exsultent
2761 4396 2816 4442 et
2850 4389 3100 4442 lani-mur
3118 4404 3285 4461 super
3317 4401 3370 4448 te
3404 4408 3525 4447 om-

252 4486 351 4534 τες
380 4471 431 4524 οἱ
479 4471 765 4544 ζητοῦντές
791 4489 871 4525 σε.
904 4490 923 4523 ›
961 4471 1042 4525 Τὰ
1085 4471 1182 4541 μὲν
1226 4470 1418 4543 πρῶτα
1464 4472 1835 4544 ᾁνατρεπτικὰ

248 4557 327 4634 ἧν
384 4561 493 4616 τῶν
529 4564 820 4617 ἐναντίων·
877 4562 1184 4625 ἀκολούθως
1219 4562 1276 4615 δέ
1317 4561 1386 4615 τὰ
1428 4562 1657 4635 δεύτερα
1696 4565 1833 4636 ὑπὲρ

251 4652 368 4709 τῶν
394 4655 610 4710 οἰκείων
650 4654 962 4727 πρεσϐεύει.
1000 4655 1109 4710 Καὶ
1144 4656 1193 4709 εἰ
1241 4655 1339 4727 μὲν
1376 4656 1406 4708 6
1441 4655 1603 4709 Δαυῖδ
1640 4656 1833 4728 δικαίῳ

252 4745 575 4818 πρέπουσαν
601 4748 764 4819 εὐχὴν
796 4751 1052 4812 ἐποιεῖτο,
1088 4748 1163 4811 ὡς
1189 4748 1255 4801 ἂν
1288 4748 1488 4812 πάντες
1509 4751 1556 4803 οἰ
1582 4749 1674 4802 τὸν
1699 4749 1832 4805 Θεὸν

252 4837 566 4908 ζητοῦντες,
600 4833 676 4895 ὧν
724 4836 803 4904 εἷς
854 4840 949 4894 καὶ
996 4841 1158 4903 αὐτὸς
1203 4835 1303 4911 ἦν,
1335 4841 1706 4910 ἀγαλλιάσεως
1739 4841 1833 4896 καὶ

248 4928 596 5000 εὐφροσύνης
618 4931 892 5001 μετέχοιεν
912 4930 1019 4984 τῶν
1050 4930 1257 5005 ἐχθρῶν
1286 4932 1794 5004 καταισχυνομένων
1814 4951 1828 4965 -

246 5021 301 5074 ol
342 5020 402 5073 δὲ
442 5022 759 5091 ἀγαπῶντες
792 5024 852 5077 τὸ
891 5024 1155 5097 σωτήριον
1200 5024 1292 5078 τοῦ
1325 5023 1461 5078 Θεοῦ
1502 5024 1709 5094 λέγοιεν
1735 5024 1829 5090 ἂν,

254 5132 275 5164 ι
304 5112 714 5187 Μεγαλυνθήτω
761 5118 790 5168 ὁ
834 5116 999 5180 Θεός·
1031 5136 1050 5170 ι
1106 5119 1200 5172 καὶ
1238 5117 1401 5171 τοῦτο
1454 5118 1529 5189 μὴ
1574 5118 1828 5183 εἰσάπαξ,

255 5204 397 5274 μηδὲ
440 5204 521 5258 ἐνί
570 5225 699 5262 ποτε
750 5208 923 5280 καιρῷ
948 5250 963 5270 ,
998 5209 1132 5264 ἀλλὰ
1157 5210 1447 5274 διαπαντὸς
1485 5210 1692 5280 λέγοιεν
1713 5250 1728 5272 ,
1753 5229 1831 5265 νι-

250 5286 464 5361 uinco;
514 5298 571 5350 ἐν
614 5299 797 5363 αὐτοῖς
840 5300 934 5354 καὶ
964 5300 1029 5354 δι’
1064 5300 1242 5354 αὖτῶν
1285 5302 1395 5356 πᾶν
1440 5300 1532 5356 τὸν
1570 5301 1829 5372 πολέμιον

251 5386 415 5456 γένος
437 5386 531 5442 τοῦ
557 5388 713 5445 Θεοῦ.
745 5393 808 5446 Ei
836 5392 894 5447 δὲ
917 5395 947 5447 6
980 5392 1168 5464 Σωτὴρ
1192 5394 1302 5457 τοῖς
1342 5391 1715 5464 προλεχθεῖσιν
1750 5393 1828 5465 (1)

252 5479 565 5547 ἀκολούθως
600 5481 685 5555 εἰη
721 5484 861 5558 ὑπὲρ
886 5484 994 5539 τῶν
1039 5483 1098 5549 ἐξ
1136 5485 1552 5558 ἁπάντωντῶν,
1564 5485 1731 5541 ἐθνῶν
1754 5488 1832 5551 εἰς

327 5573 397 5607 ⁷⁸⁸
426 5571 592 5631 Eccli.
628 5591 708 5636 ιιι.
737 5576 826 5632 20.

336 5668 411 5737 (1)
442 5669 651 5723 Δείπει.

1938 4490 2036 4531 nes
2069 4475 2160 4545 qui
2195 4485 2445 4546 quaerunt
2471 4485 2543 4533 te.
2583 4498 2601 4530 ι
2650 4478 2841 4534 Priora
2883 4480 3102 4549 quidem
3139 4484 3208 4538 ad
3266 4484 3522 4542 inimicos

1935 4567 2262 4623 avertendos
2294 4569 2439 4624 dicta
2490 4578 2657 4637 sunt;
2698 4571 2937 4627 secunda
2970 4588 3098 4627 vero
3127 4589 3227 4644 pro
3259 4575 3523 4633 domesti-

1934 4656 2017 4712 cis
2058 4658 2390 4727 supplicant.
2426 4656 2492 4713 Et
2535 4673 2668 4714 sane
2721 4658 2942 4729 quidem
2996 4660 3162 4718 David
3213 4666 3521 4723 orationem

1930 4746 2082 4817 justo
2113 4758 2505 4820 congruentem
2538 4751 2744 4818 emisit,
2782 4764 3037 4825 precatus
3062 4764 3121 4811 ut
3155 4758 3395 4816 universi
3424 4761 3520 4832 qui

1933 4839 2106 4896 Deum
2141 4843 2447 4912 requirunt,
2484 4859 2550 4899 ex
2582 4860 2815 4914 quorum
2842 4847 2932 4903 ille
2957 4864 3187 4905 numero
3212 4858 3334 4906 erat
3354 4892 3370 4917 ,
3407 4853 3519 4908 ini-

1939 4932 2096 4989 micis
2119 4934 2325 5005 pudore
2352 4934 2599 5001 suil-‘usis,
2623 4938 3007 4996 exsultationis
3029 4947 3083 4995 et
3124 4942 3305 5012 gaudii
3352 4947 3523 5015 parti-

1939 5024 2090 5094 cipes
2120 5026 2252 5081 sint.
2308 5026 2347 5083 li
2385 5043 2513 5084 vero
2557 5030 2653 5100 qui
2684 5030 2920 5102 diligunt
2971 5033 3214 5089 salutare
3245 5032 3362 5101 Dei,
3396 5034 3524 5106 jure

1938 5115 2210 5180 dixerint,
2270 5137 2290 5170 ι
2357 5119 2734 5191 Llagnil‘tcetur
2791 5122 3085 5192 Dominus;
3130 5145 3149 5179 ι
3204 5125 3369 5183 idoue
3412 5140 3519 5182 non

1938 5210 2128 5275 semel,
2159 5210 2256 5266 sed
2280 5213 2427 5268 omni
2444 5221 2711 5285 tempore,
2735 5217 2864 5288 quia
2886 5216 3004 5289 ipse
3021 5217 3285 5276 Dominus
3306 5221 3360 5274 in
3386 5218 3519 5290 ipsis

1936 5301 2292 5372 ipsorumque
2319 5319 2487 5375 opera
2520 5322 2696 5377 genus
2739 5323 2904 5365 omne
2954 5311 3395 5367 adversariorum
3420 5305 3517 5361 Dei

1938 5393 2212 5465 proﬂigat.
2246 5393 2400 5462 Quod
2447 5398 2492 5454 si
2544 5397 2795 5456 Salvator
2844 5402 3121 5473 praedictis
3150 5401 3333 5457 verbis
3382 5410 3517 5454 usus

1940 5486 2455 5559 sit,consequentcr
2501 5489 2570 5547 de
2620 5493 2877 5550 omnibus
2928 5493 3181 5566 gentibus
3216 5491 3270 5543 in
3300 5503 3361 5544 se
3391 5500 3515 5543 creo
