4014 6206
553 210 657 268 ππ

1222 205 1491 263 EUSEBII
1526 202 2003 262 CIESARIENSIS
2040 201 2191 257 OPP.
2233 198 2415 257 PARS
2442 198 2530 255 Ill.
2575 226 2646 239 -—
2677 190 3100 250 EXEGETICA.

3718 183 3826 239 πε

553 327 810 387 dentibus
840 324 1075 382 dixerit:
1110 343 1129 375 ι
1162 323 1447 378 Exsultent
1470 329 1526 377 et
1561 322 1814 376 laetentur
1847 319 1904 374 in
1937 327 1991 376 te
2016 334 2134 374 om-

2244 320 2398 386 αἰετὸν
2420 312 2883 373 πεπιστευκότων,
2909 309 3059 377 λέγοι
3085 308 3153 361 ἂν
3178 306 3257 373 τὸ,
3287 325 3307 360 ι
3349 302 3829 375 Ἀγαλλιάσθωσαν

555 438 655 478 nes
675 419 771 491 qui
796 424 1050 488 quaerunt
1081 425 1153 471 te.
1193 434 1210 467 ι
1247 413 1366 470 Non
1393 415 1539 469 enim
1586 412 1757 468 Judaei
1786 410 1963 467 solum
1984 451 2000 474 .
2043 426 2137 464 ne-

553 531 662 588 que
704 515 749 568 ii
792 513 887 584 qui
930 527 991 566 se
1041 526 1107 566 ex
1140 510 1452 564 Abrahamo
1484 514 1636 561 ortos
1668 504 2006 577 gloriantur;
2042 502 2137 557 sed

555 607 856 664 universim
884 614 939 660 et
975 603 1255 659 indefinite
1280 616 1472 657 omnes
1501 612 1731 669 prorsus
1771 596 1866 667 qui
1888 600 2140 663 quaerunt

553 709 630 766 te,
654 714 724 755 ex
751 697 948 769 quovis
974 710 1172 767 genere
1196 693 1418 756 fuerint,
1455 709 1475 742 ι
1508 690 1786 745 exsultent
1806 694 1862 743 et
1888 687 2140 741 laetentur

553 794 611 849 in
634 800 709 862 te,
732 799 786 847 et
810 791 1029 855 dicant,
1081 787 1456 857 Magnificetur
1491 785 1632 840 Deus
1665 802 1678 837 :
1735 802 1754 834 ι
1792 781 1956 852 idque
1992 780 2139 834 omni

556 894 800 955 tempore
820 884 1011 938 dicant
1039 881 1132 951 qui
1163 880 1397 950 diligunt
1439 878 1683 932 salutare
1718 883 1896 936 tuum.
1929 872 2141 928 scilicet

554 977 923 1037 Salvatorem,
948 976 1039 1044 qui
1071 988 1213 1042 saepe
1260 973 1313 1025 in
1368 968 1669 1039 Seripturis
1703 966 1946 1022 salutare
1973 976 2140 1017 voca-

554 1083 674 1142 tur;
706 1089 869 1146 quem
903 1073 1137 1142 diligunt
1166 1069 1202 1123 ii
1227 1107 1245 1131 .
1290 1066 1384 1136 qui
1432 1064 1739 1120 doctrinam
1768 1061 1890 1131 ejus
1918 1058 1975 1113 in
2001 1056 2141 1110 dile-

566 1167 753 1221 ctione
782 1179 920 1235 pura
970 1161 1227 1231 operibus
1261 1157 1463 1213 fovent.
1495 1174 1515 1208 ι
1549 1154 1662 1225 Ego
1686 1167 1815 1208 vero
1842 1162 2050 1220 egenus
2087 1154 2141 1202 et

561 1271 774 1328 pauper
800 1270 921 1309 sum
950 1272 963 1308 :
996 1252 1160 1314 Deus,
1185 1250 1382 1316 adjuva
1417 1263 1523 1302 me.
1554 1266 1572 1298 ›
1605 1243 1772 1299 David
1795 1255 2034 1313 quoque,
2057 1238 2132 1292 di-

555 1364 652 1404 ves
686 1363 810 1402 cum
845 1352 1011 1408 esset,
1045 1342 1322 1398 humiliter
1359 1338 1649 1397 sentiebat.
1681 1350 1887 1407 gnarus
1933 1330 2143 1387 scilicet

557 1437 957 1509 magnitudinis
990 1436 1123 1499 Dei,
1182 1445 1233 1489 et
1262 1432 1407 1504 quod
1442 1447 1503 1487 se
1534 1429 1671 1484 nihil
1724 1442 1848 1482 esse
1911 1424 2138 1479 videret.

556 1532 738 1598 Quare
769 1531 940 1585 solius
961 1526 1177 1599 forti8‘{
1191 1525 1325 1599 Dei]
1357 1539 1514 1594 opem
1546 1519 1872 1591 implorabat
1914 1517 2136 1571 dicens:

557 1644 582 1676 ι
624 1624 801 1686 Deus,
853 1624 1054 1692 adjuva
1108 1636 1241 1675 me:
1304 1619 1524 1688 adjutor
1579 1629 1735 1668 meus
1781 1618 1837 1667 et
1885 1611 2142 1665 liberator

2240 409 2334 463 καὶ
2358 405 2820 478 εὑφρανθήτωσαν
2844 400 2939 455 ἐπὶ
2965 399 3050 452 σοὶ
3078 398 3278 461 πάντες
3297 397 3345 449 οἰ
3372 393 3671 466 ζητοῦντές
3698 410 3779 447 σε.
3805 412 3824 445 δ

2240 502 2332 572 Μὴ
2384 499 2493 572 γὰρ
2541 498 2691 569 μόνοι
2732 493 2996 556 Ἰουδαῖοι,
3035 491 3171 562 μηδὲ
3217 490 3265 542 οἰ
3313 488 3404 541 τὸν
3440 484 3700 559 Ἀϐραὰμ
3731 485 3829 537 αό-

2238 591 2483 665 χοῦντες,
2519 588 2656 644 ἀλλά
2685 585 2917 641 καθόλου
2944 583 3039 637 καὶ
3070 581 3339 652 ἀορίστως
3364 577 3569 640 πάντες
3589 574 3709 630 ὅσοι
3738 576 3832 646 δή·

2240 700 2372 737 ποτε
2419 682 2513 736 καὶ
2558 680 2619 747 ἐξ
2663 679 2776 733 οἴου
2828 675 3021 746 γένους
3071 667 3180 725 εἶεν
3225 672 3277 724 οἰ
3329 667 3694 740 ἐκζητοῦντές
3742 683 3830 731 σε,

2244 795 2264 826 ‹
2293 769 2743 843 ἀγαλλιάσθωσαν
2760 768 2855 821 καὶ
2882 762 3338 837 εὐφρανθήτωσαν
3360 760 3455 813 ἐπὶ
3489 759 3594 819 σοὶ,
3635 758 3730 811 καὶ
3746 756 3835 809 λε-

2240 866 2509 936 γέτωσαν,
2542 858 2950 931 Μεγαλυνθήτω
2973 859 3002 911 6
3025 856 3158 919 Θεός
3175 871 3189 884 ⁸
3236 873 3255 906 ι
3292 853 3387 907 καὶ
3414 852 3575 906 τοῦτο
3599 850 3832 920 λεγέτω-

2242 976 2342 1013 σαν
2368 955 2659 1019 διαπαντὸς
2691 954 2740 1007 οξ
2764 949 3090 1023 ἀγαπῶντες
3121 947 3182 1000 τὸ
3216 944 3483 1016 σωτήριόν
3518 960 3615 995 σου
3633 959 3650 974 ο
3676 942 3835 996 αὐτὸν

2239 1048 2438 1121 δηλαδὴ
2471 1046 2561 1100 τὸν
2596 1042 2825 1113 Σωτῆρα
2865 1039 3134 1109 σωτήριον
3157 1031 3422 1104 πολλαχοῦ
3459 1031 3571 1084 τῶν
3601 1027 3836 1101 Γραφῶν

2240 1135 2647 1210 ὠνομασμένον,
2681 1133 2741 1186 ὃν
2771 1129 3056 1201 ἀγαπῶσιν
3082 1128 3131 1182 οἱ
3162 1127 3226 1180 δι’
3252 1125 3426 1197 ἔργων
3454 1124 3558 1194 τὴν
3583 1121 3836 1175 διδασκα-

2240 1232 2360 1285 λίαν
2388 1227 2557 1283 αὐτοῦ
2583 1231 2640 1282 ὲν
2665 1225 2855 1298 ἀγάπῃ
2888 1222 3104 1293 καθαρᾷ
3131 1219 3503 1291 περιέποντες.
3536 1234 3556 1266 ι
3599 1212 3747 1282 Ἐγὼ
3778 1211 3833 1266 δὲ

2242 1324 2457 1394 πτωχὸς
2487 1322 2579 1376 καὶ
2604 1320 2792 1390 πένηςο
2816 1319 2845 1369 ό
2860 1315 3015 1379 Θεὸς,
3049 1311 3312 1385 βοήθησόν
3352 1326 3463 1381 μοι.
3502 1326 3520 1359 ι
3542 1307 3659 1362 Καὶ
3675 1304 3834 1360 Δαυῒδ

2244 1418 2496 1480 πλούσιος
2526 1414 2601 1467 ὢν
2647 1414 2975 1481 έταπεινοφρ
2989 1407 3121 1469 όνει,
3178 1405 3273 1458 ἀτε
3326 1402 3533 1473 γνῶσιν
3574 1400 3718 1472 ἔχων
3740 1397 3830 1453 τοῦ

2247 1511 2510 1584 μεγέθους
2550 1506 2646 1561 τοῦ
2693 1503 2863 1568 Θεοῦ,
2908 1501 3000 1556 καὶ
3040 1500 3101 1552 τὸ
3131 1498 3297 1570 μηδὲν
3322 1496 3519 1550 ἑαυτὸν
3549 1495 3719 1568 ὁρῶν.
3743 1491 3833 1549 Aab

2241 1606 2342 1677 τὴν
2369 1602 2524 1676 παρά
2560 1600 2722 1672 μόνου
2767 1596 2861 1652 τοῦ
2914 1589 3133 1665 ἰσχυροῦ
3170 1589 3420 1662 βοήθειαν
3461 1588 3710 1660 ἐξῃτεῖτο
3748 1585 3832 1638 λέ-

558 1733 716 1773 meus
745 1734 804 1774 es
834 1725 912 1775 tu.
942 1713 1189 1774 Domine,
1237 1724 1306 1763 ne
1349 1705 1597 1762 moreris.
1653 1723 1673 1756 ι
1715 1701 1969 1757 Chri‘stus
2000 1716 2138 1770 quo-

2244 1715 2351 1769 ἴων
2370 1714 2383 1727 ⁸
2410 1715 2438 1748 ι
2474 1696 2534 1748 Ὀ
2561 1692 2735 1756 Θεὸς,
2766 1689 3030 1763 βοήθησόν
3061 1705 3151 1760 μοι
3171 1704 3185 1717 ·
3237 1683 3429 1757 βοηθός
3471 1699 3576 1753 μου
3614 1681 3709 1735 καὶ
3740 1680 3829 1751 ρύο

554 1827 664 1880 que
684 1826 808 1865 cum
832 1809 983 1861 dives
1004 1812 1172 1865 esset,
1202 1809 1425 1872 propter
1463 1813 1565 1854 nos
1596 1810 1801 1867 egenus
1828 1793 2008 1849 factus
2032 1800 2136 1857 est,

556 1911 619 1958 ut
643 1901 831 1956 docuit
853 1897 1074 1952 divinus
1098 1892 1393 1963 Apostolus
1414 1891 1483 1942 ".
1513 1887 1879 1955 Quamobrem
1898 1884 2141 1955 seipsum

557 1992 800 2064 Spiritus
832 1987 1038 2042 auxilio
1073 1982 1518 2042 commendabat.
1545 1994 1646 2051 pro
1689 1977 1885 2048 populo
1915 1990 2016 2032 suo
2047 1975 2141 2030 de-

557 2098 813 2156 precans,
849 2087 904 2135 et
952 2092 1052 2148 pro
1078 2075 1357 2141 Ecclesia;
1388 2090 1455 2129 ne
1481 2072 1690 2127 diutius
1726 2078 1977 2138 tempore
2014 2081 2143 2137 per-

558 2177 902 2232 secutionum
938 2172 1276 2242 impugnata,
1311 2165 1460 2238 gravi
1510 2165 1640 2219 hinc
1673 2162 2004 2218 detrimento
2034 2157 2144 2213 θαί-

557 2278 794 2324 certatur.
810 2264 1174 2331 Quamobrem
1203 2261 1280 2315 ait
1307 2279 1320 2313 :
1359 2277 1377 2309 ι
1399 2257 1630 2327 Adjutor
1647 2268 1800 2313 meus
1815 2252 2143 2308 etliberator

557 2375 712 2415 meus
758 2373 818 2412 es
848 2364 928 2419 tu,
956 2354 1203 2416 Domine.
1236 2366 1305 2406 ne
1348 2348 1599 2404 moreris.
1636 2364 1659 2399 ι
1702 2346 1785 2399 An
1836 2358 1999 2415 porro
2026 2343 2143 2397 haec

558 2448 628 2502 ad
655 2457 868 2516 tempus
899 2442 1173 2515 passionis
1210 2439 1518 2495 Servatoris
1563 2436 1893 2499 referantur,
1927 2444 1983 2488 tu
2027 2434 2144 2504 ipse

557 2538 880 2596 consideres
932 2537 1118 2592 velim.
1166 2532 1617 2602 Quandoquidem
1641 2531 1786 2585 enim
1834 2528 1889 2582 in
1938 2541 2142 2597 praece-

556 2632 711 2688 denti
755 2630 936 2684 illatas
979 2627 1085 2682 sibi
1142 2627 1459 2681 vexationes
1488 2621 1816 2692 descripsit;
1865 2616 2141 2690 quomodo

554 2721 883 2779 intraverint
907 2733 1062 2790 aquae
1093 2731 1270 2789 usque
1303 2717 1371 2771 ad
1396 2715 1634 2770 animam
1664 2727 1818 2769 suam
1841 2750 1857 2777 ,
1888 2711 1983 2783 qui
2016 2709 2141 2766 infi-

556 2830 662 2870 xus
684 2814 755 2870 sit
778 2814 834 2867 in
868 2813 997 2866 limo
1028 2809 1303 2881 profundi,
1332 2808 1543 2863 venerit
1567 2806 1622 2859 in
1652 2803 1997 2859 altitudinem
2027 2816 2144 2855 ma-

552 2907 658 2973 ris,
688 2902 1033 2973 multiplicati
1078 2901 1187 2956 sint
1215 2914 1381 2970 super
1411 2899 1639 2968 capillos
1692 2895 1889 2966 capitis
1927 2895 2013 2951 sui
2046 2893 2142 2965 qui

557 3014 619 3053 se
656 2996 827 3066 gratis
854 2994 1113 3055 oderunt,
1139 3000 1193 3046 et
1224 2992 1330 3044 alia
1377 2992 1546 3043 multa
1601 2988 1801 3043 ibidem
1829 2987 1991 3041 allata
2020 3002 2143 3055 per-

556 3102 754 3159 pessus
804 3086 907 3153 sit;
956 3084 1081 3155 jure
1136 3085 1279 3139 hanc
1329 3083 1784 3153 supplicationem
1844 3079 1994 3136 Patri
2040 3095 2143 3135 suo

556 3177 757 3233 emittit
785 3174 1017 3231 dicens:
1059 3193 1078 3224 ι
1119 3171 1260 3227 Deus
1285 3210 1301 3235 ,
1349 3172 1403 3224 in
1439 3169 1772 3238 adjutorium
1822 3182 2005 3222 meum
2059 3167 2145 3220 in-

554 3267 755 3333 tende;
787 3266 1037 3329 Domine,
1086 3262 1152 3318 ad
1191 3260 1560 3332 adjuvandum
1627 3276 1712 3314 me
1770 3260 1986 3317 festina.
2028 3277 2047 3310 ι
2088 3265 2145 3311 et

557 3365 775 3412 caetera.
813 3356 956 3422 Quia
984 3354 1358 3425 apostolorum
1387 3365 1615 3407 suorum
1661 3350 1906 3404 ordinem
1940 3349 2143 3402 amoris

557 3453 644 3507 sui
677 3465 845 3505 causa
877 3463 1075 3519 magna
1119 3448 1175 3501 in
1208 3446 1533 3501 confusione
1562 3452 1868 3500 versantem
1901 3440 2140 3504 videbat,

557 3542 833 3599 secundas
861 3555 959 3611 pro
985 3540 1078 3593 illo
1110 3553 1274 3593 voces
1300 3536 1530 3603 edebat;
1561 3544 1619 3589 ut
1647 3541 1872 3604 accepto
1896 3546 2145 3588 resurre—

551 3633 761 3689 ctionis
809 3646 943 3694 suae,
980 3645 1143 3701 quam
1201 3628 1321 3697 ejus
1369 3625 1589 3695 videndi
1626 3625 1808 3695 cupidi
1860 3633 2145 3694 exspecta-

556 3728 712 3792 bant,
748 3726 962 3788 nuntio,
999 3721 1368 3777 exsultatione
1388 3729 1443 3776 et
1467 3718 1649 3774 laetitia
1688 3717 1878 3788 repleti
1929 3730 2147 3786 semper

557 3819 839 3880 dicerent,
899 3835 920 3868 ‹
974 3814 1349 3883 Magnificctur
1379 3811 1688 3867 Dominus:
1729 3829 1748 3861 ι
1804 3808 1910 3879 ipsi
1943 3809 2145 3880 quippe

556 3916 715 3966 erant
743 3908 838 3980 qui
859 3907 1163 3980 diligebant
1191 3907 1434 3963 salutare
1469 3904 1667 3975 ipsius.

1220 4198 1267 4255 li
1284 4197 1445 4255 LXX.

1220 4201 1237 4253 l
1284 4198 1445 4255 LXX.

629 4299 798 4354 Vsus.
836 4294 952 4350 1-5.
997 4311 1017 4346 ι
1057 4291 1114 4348 in
1149 4201 1220 4359 le(,
1250 4198 1503 4352 )Domine.
1563 4288 1801 4359 speravi,
1853 4303 1964 4343 non
2015 4301 2148 4343 con-

2202 1864 2205 1865 ν
2239 1809 2375 1863 στης
2400 1806 2500 1860 μου
2531 1783 2584 1841 εἷ
2608 1787 2697 1852 σὺ,
2722 1784 2910 1857 Κύριε,
2942 1782 3017 1855 μὴ
3042 1777 3317 1853 χρονίσῃς.
3346 1795 3365 1829 ι
3399 1773 3510 1828 Καὶ
3541 1775 3571 1828 6
3596 1772 3826 1843 Χριστὸς

2240 1885 2299 1938 δὲ
2327 1881 2583 1944 πλούσιος
2615 1879 2690 1933 ὣν
2723 1878 2790 1931 δι’
2822 1878 2974 1948 ἡμᾶς
3019 1871 3362 1943 ἐπτώχευσεν
3382 1909 3397 1934 ,
3431 1868 3511 1932 ὡς
3537 1867 3775 1934 ἐδίδαξεν
3800 1868 3828 1920 6

2242 1977 2382 2040 θεῖος
2422 1972 2759 2036 Ἀπόστολος.
2810 1969 2903 2024 Διὸ
2951 1968 3046 2023 καὶ
3095 1963 3287 2020 ἑαυτὸν
3336 1961 3575 2018 ἀνετίθει
3618 1964 3687 2033 τῇ
3738 1958 3830 2015 τοῦ

2242 2068 2554 2139 Πνεύματος
2590 2064 2830 2138 βοηθείᾳ,
2866 2060 3184 2134 πρεσϐεύων
3209 2059 3347 2130 ὑπὲρ
3368 2055 3463 2110 τοῦ
3507 2054 3644 2108 λαοῦ
3669 2052 3830 2108 αὑτοῦ

2242 2161 2337 2215 καὶ
2358 2159 2458 2231 τῆς
2493 2155 2842 2229 Ἑκκλησίας,
2877 2154 2955 2217 ὼς
2985 2151 3052 2206 ἂν
3081 2152 3177 2224 μὴ,
3207 2153 3286 2214 εἰς
3327 2150 3576 2221 μακροὺς
3609 2146 3831 2218 χρόνους

2249 2251 2635 2324 πολεμουμένῃ
2658 2251 2718 2303 εν
2744 2249 2858 2313 τοῖς
2889 2247 3105 2318 καιροῖς
3140 2242 3249 2297 τῶν
3281 2240 3558 2312 διωγμῶν,
3591 2237 3831 2309 μεγάλην

2242 2344 2598 2413 ἀπενέγκοιτο
2655 2339 2879 2412 βλάϐην.
2926 2338 3020 2391 Διό
3068 2351 3201 2407 φησι
3220 2351 3237 2367 ⁸
3294 2352 3314 2386 ι
3341 2331 3545 2403 Βοηθός
3597 2347 3700 2400 μου
3744 2328 3834 2380 καὶ

2244 2434 2447 2508 ρύστης
2478 2452 2580 2507 μου
2616 2429 2673 2486 εἴ
2701 2432 2801 2496 σὺ,
2837 2429 3032 2503 Κύριε,
3067 2428 3143 2499 μὴ
3182 2424 3457 2498 χρονίσῃς.
3487 2440 3507 2474 ι
3545 2422 3613 2476 Εἰ
3644 2420 3704 2473 δὲ
3744 2420 3837 2472 καὶ

2240 2527 2415 2582 ταῦτα
2464 2525 2788 2597 ἀναφέροιτο
2832 2523 2927 2577 ἐπὶ
2979 2520 3071 2575 τὸν
3120 2518 3313 2590 καιρὸν
3344 2515 3439 2570 τοῦ
3480 2513 3692 2577 πάθους
3740 2511 3835 2566 τοῦ

2243 2620 2493 2691 Σωτῆρος
2523 2617 2714 2691 ἡμῶν,
2748 2617 2842 2671 καὶ
2884 2613 3047 2677 αὐτὸς
3094 2610 3433 2682 ἐπιστήσεις.
3472 2604 3694 2677 Ἐπειδὴ
3727 2604 3837 2674 γὰρ

2241 2709 2534 2782 διέγραψεν
2561 2711 2619 2763 ὲν
2650 2708 2729 2781 τῷ
2757 2707 2864 2778 πρὸ
2891 2704 3080 2759 τούτου
3124 2701 3223 2767 τὰς
3263 2702 3383 2756 κατ’
3421 2696 3590 2768 αὐτοῦ
3628 2698 3837 2750 ἐπανα-

2246 2806 2464 2868 στάσεις
2485 2820 2498 2834 ·
2529 2805 2680 2867 ὅπως
2720 2819 2780 2855 τε
2832 2798 3143 2855 εἰσέλθοσαν
3186 2795 3353 2850 ὕδατα
3385 2793 3494 2857 ἕως
3523 2793 3625 2863 τῆς
3657 2790 3839 2862 ψυχῆς

2243 2895 2432 2960 αὑτοῦ,
2464 2896 2561 2949 καὶ
2591 2894 2831 2964 ὲνεπὰγη
2857 2893 2939 2958 εἰς
2969 2889 3103 2962 ὕλην
3135 2887 3324 2960 βυθοῦ,
3347 2886 3441 2940 καὶ
3462 2881 3727 2956 ὡςῆλθεν
3757 2885 3839 2947 εἰς

2244 2988 2312 3042 τὰ
2348 2988 2484 3058 βάθη
2521 2987 2621 3058 τῆς
2660 2985 2964 3055 θαλάσσης·
3002 2978 3420 3053 ὲπληθύνθησάν
3455 2996 3519 3032 τε
3561 2977 3706 3050 ὑπὲρ
3737 2974 3839 3039 τάς

2243 3081 2437 3153 τρίχας
2467 3079 2566 3150 τῆς
2598 3077 2839 3149 κεφαλῆς
2871 3075 3038 3131 αὐτοῦ
3069 3074 3122 3128 οἰ
3160 3072 3445 3145 μισοῦντές
3479 3087 3549 3142 με
3582 3068 3797 3141 δωρεάν
3818 3086 3835 3100 ·

2244 3170 2478 3226 πέπονθέ
2503 3188 2564 3224 τε
2589 3171 2688 3224 ὅσα
2720 3170 2815 3225 καί⁵
2846 3168 3061 3242 εἴρηται
3082 3182 3097 3198 ⁸
3134 3166 3363 3229 εἰκότως
3398 3164 3499 3235 τὴν
3547 3160 3840 3233 παροῦσαν

2241 3264 2425 3335 δέησιν
2450 3262 2764 3333 ἀναπέμπει
2796 3260 2933 3332 πρὸς
2959 3258 3052 3314 τὸν
3078 3257 3301 3330 Πατέρα
3319 3256 3490 3326 λέγων
3505 3269 3520 3283 ·
3548 3272 3568 3304 α
3592 3255 3649 3307 ’0
3670 3253 3840 3319 Θεὸς.

2242 3356 2323 3417 εἰς
2349 3353 2447 3425 τὴν
2483 3352 2735 3425 βοήθειάν
2767 3370 2869 3424 μου
2903 3352 3161 3424 πρόσχεςο
3191 3350 3388 3422 Κύριε,
3419 3350 3496 3411 εἰς
3523 3346 3585 3400 τὸ
3619 3345 3841 3418 βοηθῆ-

2246 3446 2335 3500 σαί
2371 3463 2459 3516 μοι
2495 3442 2751 3507 σπεῦσον,
2782 3463 2801 3496 ι
2834 3444 2928 3498 καὶ
2954 3443 3024 3497 τὰ
3053 3443 3265 3506 τούτοις
3296 3436 3580 3494 ἀκόλουθα.
3609 3438 3845 3510 Ἐπειδὴ

2244 3540 2393 3613 ἐώρα
2455 3539 2518 3592 τὸ
2575 3536 2762 3608 τάγμα
2812 3537 2919 3590 τῶν
2965 3535 3276 3590 ἀποστόλων
3326 3532 3491 3587 αὑτοῦ
3552 3534 3614 3585 ὲν
3664 3531 3841 3603 πολλῇ

2246 3632 2504 3703 συγχύσει
2552 3629 2919 3700 γεγενημένον
2963 3627 3053 3682 διὰ
3095 3627 3193 3699 τὴν
3222 3628 3352 3699 περὶ
3384 3626 3547 3679 αὐτὸν
3587 3623 3837 3695 ἀγάπην,

2245 3725 2343 3787 τὰς
2391 3722 2645 3792 δευτέρας
2697 3722 2841 3794 ὑπὲρ
2898 3719 3078 3774 αὐτῶν
3127 3720 3349 3792 προῒετο
3395 3717 3620 3787 φωνὰς,
3654 3716 3841 3779 ὅπως,

2245 3816 2612 3879 ἀπολαϐόντες
2666 3814 2829 3868 αὑτοῦ
2881 3814 2980 3885 τὴν
3039 3812 3334 3867 ἀνάστασιν
3392 3809 3459 3880 ἡν
3511 3808 3846 3880 περιέμενον

2246 3909 2536 3973 ποθοῦντες
2571 3908 2720 3973 ἰδεῖν,
2754 3906 3093 3979 πληρωθείεν
3118 3896 3496 3974 ἀγαλλιάσεως
3519 3902 3620 3956 καὶ
3642 3902 3845 3973 εὐφρο-

2248 4002 2433 4072 σύνης,
2468 4003 2718 4071 λέγοντες
2775 4000 3089 4064 διαπαντόςο
3116 4018 3134 4050 ι
3158 3996 3569 4068 Μεγαλυνθήτω
3595 3998 3626 4051 6
3647 3994 3835 4059 666;,»

2249 4096 2401 4150 αὐτοὶ
2432 4095 2585 4159 ὄντες
2616 4095 2664 4148 οἰ
2697 4091 3022 4162 ἀγαπῶντες
3044 4091 3106 4145 τὸ
3137 4091 3401 4162 σωτήριον
3431 4086 3625 4144 αὐτοῦ.

2997 4202 3073 4257 Ο’.

2326 4320 2343 4351 ι
2380 4300 2505 4353 Ἐπὶ
2531 4300 2613 4353 σοὶ
2632 4341 2646 4363 ,
2677 4298 2847 4372 Κύριε
2868 4339 2882 4362 ,
2917 4297 3142 4367 ῆλπισα,
3179 4292 3252 4365 μὴ
3273 4292 3739 4364 καταισχυνθεῦην
3759 4292 3837 4355 εἰς

556 4389 761 4473 fundar
793 4388 848 4443 in
875 4393 1164 4449 aeternum,
1200 4385 1253 4439 in
1302 4382 1512 4453 justitia
1565 4390 1657 4436 tua
1712 4380 1881 4437 libera
1941 4394 2029 4436 me
2085 4387 2140 4435 et

2244 4394 2332 4447 τὸν
2363 4393 2555 4455 αἰῶνα,
2590 4395 2646 4446 ὲν
2677 4395 2743 4464 τῇ
2777 4388 3088 4461 δικαιοσύνῃ
3132 4404 3223 4441 σου
3260 4385 3417 4458 ῥῦσαί
3460 4402 3551 4457 με,
3594 4386 3691 4439 καὶ
3721 4383 3833 4451 ἑξέ-

557 4484 714 4554 eripe
741 4497 847 4537 me.
888 4501 908 4535 ι
944 4478 1042 4536 His
1068 4478 1269 4535 similia
1294 4477 1605 4532 tricesimus
1644 4491 1861 4546 quoque
1900 4475 2146 4545 psalmus

557 4576 898 4640 circumfert,
941 4574 1045 4630 hoc
1082 4568 1211 4627 item
1272 4571 1434 4627 modo
1493 4587 1655 4626 orsus
1690 4589 1703 4625 :
1741 4588 1760 4621 ι
1803 4571 1863 4624 In
1894 4576 1987 4633 te,
2046 4566 2149 4624 Do-

562 4671 729 4734 mine,
759 4669 994 4738 speravi,
1026 4682 1133 4722 non
1157 4665 1466 4720 confundar
1492 4664 1546 4718 in
1574 4671 1862 4725 aeternum,
1894 4661 1949 4714 in
1979 4660 2147 4731 justi-

562 4762 638 4815 tia
685 4769 778 4814 tua
812 4761 981 4814 libera
1013 4776 1118 4815 me.
1146 4758 1355 4813 luclina
1390 4758 1455 4811 ad
1498 4772 1583 4811 me
1622 4769 1811 4809 aurem
1841 4765 1989 4808 tuam
2018 4753 2084 4806 ⁷⁷.
2122 4772 2142 4807 ι

566 4853 673 4908 Sed
702 4853 792 4908 ille
820 4852 1065 4922 quidem,
1098 4873 1116 4903 ι
1153 4853 1207 4907 ln
1234 4852 1417 4914 finem,
1444 4870 1462 4901 ι
1488 4859 1542 4905 et
1572 4870 1589 4901 ι
1615 4849 1864 4903 Psalmus
1890 4848 2101 4913 Davidi,
2122 4864 2142 4900 ι

563 4945 866 5015 inscriptus
894 4954 1017 5010 est;
1052 4945 1140 4998 hic
1168 4952 1348 4999 autem
1379 4944 1540 4999 titulo
1573 4949 1741 4997 caret.
1794 4940 1886 4995 Ille
1931 4940 2153 4997 confes-

566 5036 778 5091 sionem
815 5051 938 5089 cum
976 5037 1374 5106 supplicatione
1423 5036 1687 5099 continet,
1731 5034 1819 5088 hic
1846 5046 1989 5088 vero.
2022 5045 2147 5101 pro-

569 5124 755 5195 phetia
785 5125 1002 5179 videtur
1029 5141 1151 5179 esse
1176 5142 1239 5179 ex
1292 5141 1525 5195 persona
1557 5124 1857 5180 Salvatoris
1910 5121 2144 5194 prolata.

562 5218 744 5283 Quare
782 5233 801 5266 ι
843 5213 1061 5270 Davidis
1114 5240 1131 5265 ι
1175 5226 1439 5272 consueto
1477 5233 1628 5273 more
1681 5233 1789 5271 non
1842 5215 2142 5284 inscriptus

561 5316 668 5366 est.
700 5308 908 5363 Dixerit
940 5306 1174 5363 fortasse
1198 5310 1471 5379 quispiam
1525 5319 1778 5380 oportere
1818 5309 1969 5363 illum
2010 5323 2145 5378 prae-

556 5402 884 5460 cedentibus
904 5400 1252 5472 conjungere.
1286 5402 1429 5473 quod
1472 5419 1720 5473 magnam
1765 5418 1887 5460 cum
1919 5402 2026 5458 illis
2052 5403 2145 5456 lia-

636 5558 685 5594 '°
701 5559 745 5614 ll
768 5559 895 5616 Cor.
917 5574 1036 5625 ml,
1070 5559 1121 5615 9.
1196 5560 1240 5591 ⁷⁷
1266 5559 1414 5615 Psal.
1443 5576 1573 5621 xxx.
1594 5560 1649 5625 *2,
1673 5561 1728 5616 5.

2245 4485 2337 4538 λου
2390 4501 2475 4556 με.
2516 4504 2534 4535 ι
2569 4483 2649 4537 Τὰ
2706 4480 3130 4552 ἰσοδυναμοῦντα
3175 4477 3381 4539 τούτοις
3428 4475 3526 4529 καὶ
3576 4477 3608 4529 6
3654 4474 3698 4527 λ’
3740 4490 3831 4526 πο

2249 4577 2419 4650 ριέχει
2456 4576 2687 4647 ψαλμὸς,
2710 4572 2901 4628 τοῦτον
2932 4572 3027 4626 καὶ
3057 4571 3218 4634 αὐτὸς
3240 4568 3546 4641 ἀρχόμενος
3577 4568 3671 4621 τὸν
3709 4565 3826 4636 τρό-

2248 4686 2370 4723 πον.
2415 4686 2433 4719 ι
2464 4668 2585 4721 Ἐπὶ
2621 4667 2735 4730 σοι,
2771 4664 2972 4736 Κύριε,
3005 4663 3243 4735 ῆλπισα,
3275 4660 3351 4732 μὴ
3373 4657 3829 4731 καταισχυνθεὲςν

2249 4761 2329 4824 εἰς
2358 4758 2450 4812 τὸν
2478 4757 2670 4821 αἰῶνα,
2703 4757 2761 4809 ὲν
2795 4758 2862 4827 τῇ
2898 4752 3212 4823 δικαιοσύνῃ
3241 4768 3333 4804 σου
3360 4750 3528 4823 ῥῦσαί
3564 4766 3661 4821 με.
3698 4746 3825 4801 KH-

2248 4870 2337 4908 νον
2367 4849 2502 4923 πρὸς
2539 4850 2606 4921 μὲ
2629 4850 2691 4903 τὸ
2719 4844 2814 4913 οὖς
2841 4865 2954 4901 σου.
2986 4867 3003 4898 ι
3040 4844 3179 4899 Ἀλλ’
3205 4846 3413 4909 ἐκεῖνος
3437 4842 3565 4913 μὲν,
3612 4861 3631 4893 ι
3651 4841 3743 4903 Ei;
3764 4837 3825 4890 τὸ

2247 4944 2431 5008 τέλος,
2464 4962 2483 4995 ι
2523 4941 2617 4996 καὶ
2666 4959 2685 4992 ι
2713 4939 2941 5011 Ψαλμὸς
2969 4937 3048 5010 τῷ
3073 4936 3265 5000 Δαυῒδ,
3300 4955 3317 4986 ι
3357 4934 3769 5005 ἐπεγέγραπτο’
3793 4931 3824 4981 6

2246 5035 2303 5088 δὲ
2329 5032 2518 5106 παρὼν
2547 5033 2954 5104 ἀνεπίγραπτος
2977 5030 3260 5101 τυγχάνει.
3290 5027 3564 5089 Κάκεῖνος
3596 5026 3692 5097 μὲν
3716 5021 3828 5086 ἑξο-

2252 5125 2542 5197 μολόγησιν
2587 5125 2685 5178 σὺν
2730 5122 2979 5195 ἱκετηρία
3023 5125 3317 5193 περιεῖχεν,
3362 5122 3393 5173 6
3423 5118 3485 5172 δὲ
3526 5115 3832 5190 προεὶς-θεία

2249 5218 2424 5272 ἔοικεν
2463 5221 2527 5272 ὲκ
2568 5217 2861 5290 προσώπου
2910 5215 3004 5270 τοῦ
3050 5215 3302 5285 Σωτῆρος
3350 5209 3835 5283 προενήνεγμένη.

2248 5310 2340 5362 Διὸ
2363 5309 2483 5364 οὐδὲ
2521 5310 2925 5382 ἐπιγέγραπται
2944 5306 3208 5379 συνήθως,
3234 5325 3253 5357 ι
3292 5306 3387 5360 τοῦ
3408 5306 3597 5360 Δαυῖὁ.
3629 5324 3650 5358 ι
3676 5290 3842 5357 Εἴποι

2247 5400 2292 5454 δ’
2323 5401 2388 5456 ἄν
2434 5418 2516 5465 τις
2562 5403 2857 5475 προσήκειν
2909 5399 3444 5474 συμπεριλαμϐάνειν
3502 5398 3667 5452 αὐτὸν
3723 5395 3841 5459 τοῖς

634 5672 712 5741 (l)
755 5671 817 5727 In
862 5674 1086 5745 \ulgala
1118 5673 1335 5742 titulus,
1375 5664 1641 5730 Filiorum
1670 5669 1916 5728 Ionadab
1946 5681 1994 5728 et
2023 5673 2256 5728 vriorum
2285 5674 2624 5728 captivorum.
