4062 6208
258 217 362 291 ’173

1384 226 1880 288 COMMENTARIA
1922 232 1984 288 IN
2023 232 2362 290 PSALMl)S.

3388 237 3501 294 ’174

263 343 364 419 πρὸ
400 343 562 398 αὐτοῦ
602 342 990 413 τεταγμένοις,
1035 342 1124 397 διά
1174 344 1236 396 τὸ
1272 344 1466 415 πολλὴν
1506 345 1643 417 πρὸς
1687 345 1826 400 αὐτά

1930 348 2049 403 heat
2101 348 2433 406 aﬂinitatcm.
2490 350 2624 405 Nam
2686 352 2739 407 in
2804 355 3125 425 pnecedcnti
3172 354 3497 414 dicebatur:

260 434 449 501 σώζειν
477 435 794 489 ἀκολουθίαν
814 450 827 463 ·
859 435 916 487 ἐν
957 434 1088 502 γοῦν
1121 433 1197 506 τῷ
1225 435 1328 506 πρὸ
1357 437 1543 489 τούτου
1570 437 1786 505 ἐλέγετο
1804 453 1821 469 ο

265 549 284 582 ι
321 528 379 584 ’0
399 529 552 592 Θεὸς,
596 529 675 591 είς
694 528 792 598 τὴν
824 526 1073 598 βοήθειάν
1104 544 1205 598 μου
1235 528 1486 599 πρόσχες.
1518 529 1824 600 Αἰσχυνθή-

258 634 434 674 τωσαν
479 618 575 673 καὶ
622 618 1044 689 ἐντραπήτωσαν
1080 618 1130 670 οἱ
1175 617 1461 686 ζητοῦντες
1506 617 1604 689 τὴν
1646 618 1826 690 ψυχήν

263 729 381 783 μου.
414 709 919 783 ’Δποστραφείησαν
951 710 1030 772 εἰς
1071 707 1134 762 τὰ
1164 710 1338 762 ὀπίσω
1378 710 1470 764 καὶ
1494 728 1824 783 καταισχυν-

250 802 482 875 ’θείησαν
519 803 569 855 οἱ
611 801 916 873 βουλόμενοί
947 818 1037 871 μοι
1069 801 1214 853 κακά
1234 819 1247 829 ·
1285 820 1302 851 ι
1340 802 1434 855 καὶ
1466 802 1524 854 ἐν
1547 805 1659 865 τοῖς
1690 800 1828 872 μετά

260 897 447 967 χεῖρας
473 895 531 949 δὲ
564 893 766 966 προϊών
803 896 831 948 ό
858 894 1013 963 λόγος
1042 896 1164 956 ταῖς
1196 893 1389 957 αὐταῖς
1424 893 1688 966 κέχρηται
1717 912 1828 963 φω-

260 988 380 1051 ναῖς
401 987 572 1056 λέγων
592 1004 604 1016 ·
635 1003 654 1037 ι
675 986 733 1039 '0
760 985 911 1050 Θεδς,
939 986 1019 1049 εἰς
1043 984 1140 1056 τὴν
1161 983 1411 1055 βοήθειάν
1440 1002 1540 1056 μου
1567 985 1824 1056 πρόσχες,

258 1078 705 1151 αἰσχυνθείησανό
739 1097 757 1129 ι
802 1078 894 1132 καὶ
938 1079 1007 1132 τά
1043 1078 1204 1131 λοιπά
1232 1078 1289 1130 δὲ
1323 1079 1420 1148 τῆς
1446 1079 1615 1149 αὐτῆς
1649 1078 1824 1149 ἔχεται

258 1168 512 1234 διανοίας,
540 1172 618 1234 εἰς
651 1170 849 1234 πλάτος
879 1169 1256 1241 ἐκτεινομένου
1284 1171 1377 1223 τοῦ
1407 1171 1566 1239 λόγου
1602 1171 1688 1224 διὰ
1718 1172 1826 1224 τῶν

259 1264 633 1334 προκειμένων
650 1304 664 1326 ,
696 1262 840 1333 ειπερ
866 1262 966 1315 οὐκ
997 1262 1105 1315 ἀπὸ
1137 1263 1339 1315 σκόπου
1365 1262 1429 1316 ἀν
1455 1279 1537 1325 τις
1562 1263 1701 1315 εἴποι
1729 1264 1828 1335 ἀρ-

263 1356 445 1425 μόζειν
466 1354 542 1425 τῷ
564 1355 739 1425 Πατρί
759 1373 771 1385 ·
807 1355 906 1408 Διά
924 1371 983 1406 τε
1013 1353 1074 1406 τό
1095 1353 1351 1421 λέγεσθαι
1389 1355 1445 1407 ὲν
1476 1353 1644 1424 αὐτῷ·
1675 1354 1827 1407 «Ὅτι

256 1448 325 1501 σὺ
351 1444 400 1502 εἷ
425 1449 458 1518 ἡ
488 1449 732 1518 ύπομονή
771 1464 892 1518 μου,
928 1446 1122 1516 Κύριε,
1158 1445 1348 1517 Κύριε,
1379 1448 1411 1516 ή
1444 1445 1597 1509 ἐλπίς
1631 1463 1730 1517 μου
1765 1448 1828 1500 ἐκ

255 1540 505 1610 νεότητός
542 1557 642 1610 μου
662 1557 676 1571 ·
711 1559 729 1591 ι
766 1538 903 1592 αὐτὰ
928 1538 1033 1610 γὰρ
1054 1538 1229 1591 ταῦτα
1259 1539 1316 1589 ἐν
1349 1535 1544 1607 καὶτῷ
1588 1536 1671 1590 κα¹
1701 1536 1830 1605 ψαλ-

260 1630 345 1701 μῷ
374 1631 435 1696 ἐξ
456 1630 620 1685 αὑτοῦ
650 1630 938 1703 προσώπου
968 1630 1184 1697 ἐλέγετο
1205 1631 1263 1680 ἐν
1292 1626 1527 1693 τούτοις·
1568 1646 1587 1679 ι
1618 1629 1736 1680 ’Θτι
1763 1629 1826 1681 σὺ

254 1719 307 1775 εἷ
330 1726 359 1776 ό
391 1724 671 1811 ἐκσπάσας
701 1739 767 1793 με
801 1724 865 1775 ἐκ
903 1720 1167 1790 γαστρός·
1200 1738 1219 1771 ι
1258 1719 1356 1811 καί
1393 1718 1461 1772 τὰ
1490 1718 1635 1790 ἐξῆς.
1671 1716 1830 1771 ⁹Αλλά
1860 1756 1899 1811 Β

250 1814 354 1866 καὶ
387 1812 447 1864 τὸ
482 1809 609 1882 ἑξῆς
641 1811 1025 1881 ἐπιλεγόμενον
1046 1811 1103 1863 ἐν
1131 1812 1195 1879 τῇ
1234 1807 1370 1879 μετὰ
1396 1812 1584 1881 χεῖρας
1618 1826 1827 1881 προφη-

253 1905 380 1976 τεία
406 1905 463 1957 ἐν
493 1901 591 1973 τῷ,
626 1922 643 1953 ι
684 1902 740 1956 '0
771 1902 903 1966 Θεός
931 1919 1054 1972 μου,
1098 1900 1172 1972 μὴ
1224 1900 1591 1973 ἐγκαταλίπης
1614 1918 1702 1971 με,
1723 1903 1827 1964 ἕως

250 1996 321 2049 ἂν
354 1992 650 2062 ἀπαγγελῶ
670 1993 759 2048 τὸν
790 1993 1049 2064 βραχίονά
1076 2010 1168 2045 σου
1195 1995 1260 2064 τῇ
1284 1994 1445 2065 γενεᾷ
1474 1994 1622 2065 πάσῃ
1647 1996 1709 2065 τῇ
1739 1995 1827 2067 ἐρ-

252 2088 483 2160 χομένῃ,
509 2108 526 2139 ι
552 2088 888 2157 ἰσοδυναμεῖν
911 2085 1049 2139 ἔοικε
1069 2085 1146 2156 τῷ
1167 2086 1223 2137 ἐν
1245 2086 1329 2139 κα¹
1346 2085 1545 2157 ψαλμῷ
1568 2087 1825 2155 φάσκοντι

250 2176 400 2246 λόγῳ
420 2194 432 2207 ⁸
457 2195 475 2228 ι
500 2176 791 2247 Ἀναγγελή
800 2193 951 2229 σεται
966 2175 1043 2245 τῷ
1058 2175 1246 2246 Κυρίῳ
1267 2175 1428 2244 γενεὰ
1447 2178 1480 2246 ἡ
1499 2175 1785 2248 ἐρχομένη.
1800 2194 1819 2226 ι

252 2265 502 2337 Πρόσχες
546 2267 652 2338 γὰρ
687 2266 930 2338 ἀκριϐῶς
968 2267 1115 2330 ὅπως
1144 2267 1202 2318 ἐν
1226 2266 1424 2337 ἐκείνῳ
1459 2266 1556 2336 μὲν
1586 2265 1823 2334 ἐλέγετο,

254 2379 273 2410 ι
284 2362 583 2433 Ἀναγγελή
592 2379 739 2415 σεται
751 2362 828 2431 τῷ
842 2362 1032 2433 Κυρίῳ
1045 2362 1250 2432 γενεάὴ
1275 2361 1563 2439 ἐρχομένη,
1578 2362 1661 2414 ιέν
1675 2360 1730 2414 δὲ
1748 2360 1826 2432 τῷ

250 2455 637 2526 προκειμένῳ,
677 2475 695 2507 ι
732 2457 875 2519 Ἕως
904 2454 968 2508 ἂν
1002 2455 1298 2524 ἀπαγγελῶ
1318 2456 1410 2509 τὸν
1444 2454 1703 2528 βραχίονά
1731 2473 1825 2509 σου

249 2547 313 2618 τῇ
343 2549 509 2618 γενεᾷ
534 2548 681 2621 πάσῃ
705 2551 769 2618 τῇ
803 2547 1092 2619 ἐρχομένῃ.
1130 2566 1147 2598 ι
1187 2546 1345 2600 Ἀλλά
1383 2547 1477 2601 καὶ
1509 2548 1609 2619 τὴν
1642 2547 1708 2600 ἐκ
1737 2565 1826 2601 νε-

248 2638 397 2710 κρῶν
418 2639 712 2693 ἀνάστασιν
728 2638 887 2693 αὐτοῦ
905 2638 1091 2709 σαφῶς
1104 2640 1429 2711 παρίστησιν
1446 2640 1479 2711 ἡ
1495 2637 1629 2709 μετά
1640 2641 1827 2712 χεῖρας

246 2730 558 2802 προφητεία
587 2714 815 2800 λέγουσα
832 2729 891 2795 ἐξ
912 2730 1075 2784 αὐτοῦ
1094 2731 1385 2803 προσώπου
1401 2748 1414 2761 ο
1446 2749 1463 2780 ι
1488 2732 1544 2783 '0
1558 2730 1709 2795 Θεὸς,
1742 2730 1829 2795 τίς

243 2820 429 2891 ὅμοιός
460 2839 574 2886 σοις
592 2823 720 2886 ὅσας
750 2821 954 2887 ἕδειξὰς
972 2839 1060 2894 μοι
1087 2821 1293 2891 θλίψεις
1310 2820 1507 2885 πολλὰς
1532 2822 1625 2874 καὶ
1653 2820 1827 2884 κακὰς

244 2915 338 2966 καὶ
358 2914 696 2986 ἐπιστρέψας
724 2914 986 2985 ἐζωοποῦη
996 2914 1090 2975 σάς
1112 2930 1199 2984 με,
1222 2912 1316 2965 καὶ
1336 2912 1444 2966 τῶν
1462 2912 1715 2981 ἀναγκῶν
1728 2913 1825 2983 τῆς

241 3006 347 3077 γῆς
362 3006 528 3060 πάλιν
539 3005 809 3077 ἀνήγαγές
825 3022 889 3075 με
906 3021 920 3069 ;
948 3025 966 3056 ι
987 3005 1099 3058 Εἶτ’
1114 3001 1205 3058 οὖν
1218 3006 1281 3058 ἐκ
1302 3004 1588 3076 προσώπου
1605 3004 1699 3057 τοῦ
1718 3006 1830 3057 Σω-

1931 454 1950 488 ι
1982 436 2147 503 Deus,
2179 439 2234 493 in
2260 438 2592 509 adjutorium
2625 456 2803 497 meum
2840 444 3058 500 intende
3082 486 3095 504 .
3149 444 3476 503 Confundan
3516 486 3523 495 .

1926 537 2015 583 tur
2064 538 2119 584 et
2167 543 2518 586 revereantur
2565 534 2657 603 qui
2710 545 2959 604 quaerunt
3013 538 3247 591 animam
3298 554 3499 595 meam.

1925 619 2252 676 Avertantur
2304 630 2606 700 retrorsum
2665 633 2717 679 et
2764 626 3092 682 erubescant
3156 629 3248 698 qui
3314 631 3505 686 volunt

1926 710 2058 764 mihi
2088 712 2230 765 mala
2266 712 2331 768 ⁷⁸.
2376 733 2396 766 ›
2438 711 2495 768 in
2531 706 2635 771 hoc
2671 733 2802 773 vero
2829 758 2844 783 ,
2894 734 3056 788 quem
3110 736 3256 774 nunc
3311 732 3506 778 tracta-

1927 818 2076 868 mus,
2117 803 2402 874 ipsissimaa
2429 822 2589 864 voces
2623 807 2678 862 in
2711 811 3066 880 sequentibus
3116 824 3454 882 usurpantur
3488 833 3501 869 :

1932 909 1950 943 ι
1985 891 2147 957 Deus,
2177 893 2232 947 in
2260 895 2593 964 adjutorium
2626 914 2807 953 meum
2840 900 3064 954 intende
3087 940 3102 963 ,
3158 901 3505 958 confundan-

1929 991 2036 1048 tur,
2059 1004 2077 1037 ι
2103 992 2157 1040 et
2183 994 2399 1051 caetera,
2436 1003 2653 1060 quoque
2678 991 2852 1046 eidem
2887 994 3172 1048 sententia:
3203 993 3507 1058 insistunt;

1927 1076 2023 1131 sed
2053 1076 2143 1132 hic
2172 1076 2349 1133 fusius
2371 1096 2458 1135 res
2488 1092 2837 1148 enarrantur,
2869 1100 3005 1154 quas
3032 1084 3177 1139 Patri
3211 1086 3509 1140 convenire

1926 1182 2034 1221 non
2056 1168 2152 1224 abs
2179 1186 2239 1225 re
2266 1172 2535 1242 quispiam
2566 1173 2787 1229 dixerit.
2812 1177 2947 1231 Cum
2984 1180 3110 1232 item
3140 1177 3193 1231 in
3221 1179 3323 1233 hoc
3358 1178 3509 1248 psal-

1926 1278 2016 1316 mo
2042 1263 2277 1327 dicatur,
2306 1282 2324 1314 ι
2361 1264 2628 1331 Quoniam
2649 1275 2705 1320 tu
2729 1284 2788 1322 es
2809 1268 3065 1338 patientia
3086 1284 3228 1332 mea,
3255 1268 3503 1333 Domine,

1934 1352 2162 1410 Domine
2192 1371 2317 1425 spes
2352 1372 2469 1412 mea
2491 1372 2521 1411 a
2543 1358 2825 1426 juventute
2857 1375 3011 1425 mea;
3056 1379 3074 1412 ι
3107 1360 3212 1415 hoc
3241 1360 3417 1430 ipsum
3446 1361 3502 1414 in

1926 1448 2139 1517 psalmo
2170 1464 2284 1512 χιι,
2314 1465 2379 1503 ex
2406 1449 2594 1504 eadem
2624 1466 2859 1521 persona
2898 1451 3139 1507 dicitur:
3172 1470 3191 1503 ι
3230 1450 3502 1518 Quoniam

1928 1546 1985 1591 tu
2010 1555 2069 1593 es
2092 1540 2184 1609 qui
2207 1542 2490 1595 extraxisti
2526 1557 2609 1595 me
2634 1542 2702 1596 de
2747 1552 2933 1598 ventre
2961 1545 3029 1607 ⁷³,
3068 1564 3087 1597 ›
3120 1552 3173 1599 et
3196 1545 3502 1615 sequentia.

1930 1626 2035 1683 Sed
2084 1629 2246 1684 etiam
2304 1630 2448 1702 quod
2495 1631 2551 1685 in
2605 1632 2708 1687 hac
2766 1634 3047 1704 prophetia
3112 1635 3501 1706 subjungitur,

1935 1737 1954 1769 ι
1987 1718 2128 1775 Deus
2166 1736 2353 1785 meus,
2386 1737 2454 1776 ne
2475 1722 2824 1793 derelinquas
2855 1740 2958 1789 me,
2981 1723 3153 1779 donec
3182 1726 3501 1780 annuntiem

1927 1808 2210 1863 brachium
2239 1816 2390 1864 tuum
2418 1813 2755 1882 generationi
2777 1814 2927 1868 omni
2949 1830 3069 1885 quae
3095 1824 3316 1870 ventura
3346 1825 3450 1880 est;
3477 1835 3497 1868 ο

1928 1901 2106 1957 simile
2132 1902 2347 1957 videtur
2377 1904 2452 1959 illi
2502 1920 2592 1958 xxx
2635 1906 2830 1975 psalmi
2881 1907 3051 1969 dicto,
3089 1926 3107 1959 ι
3149 1907 3504 1962 Annuntiabi-

1926 2002 2017 2047 tur
2051 1992 2273 2047 Domina
2302 1996 2582 2065 generatio
2600 2004 2832 2051 ventura
2863 1998 2931 2051 ⁸ο.
2966 2016 2985 2049 ι
3012 1998 3280 2053 Attendas
3301 1998 3504 2069 quippe

1926 2084 2108 2151 velim,
2132 2086 2406 2155 quomodo
2434 2086 2485 2140 in
2513 2086 2604 2141 illo
2626 2088 2844 2158 quidem
2870 2089 3104 2153 dicatur,
3134 2108 3153 2141 ι
3193 2090 3505 2143 Annuntia—

1927 2174 2076 2229 bitur
2115 2174 2347 2232 Domino
2390 2180 2671 2247 generatio
2702 2188 2969 2246 ventura;
3014 2199 3034 2234 ι
3071 2180 3126 2234 in
3156 2180 3259 2235 hoc
3295 2188 3499 2244 autem,

1933 2284 1952 2318 ι
1980 2266 2161 2324 Donec
2190 2271 2508 2325 annuntiem
2535 2270 2818 2326 brachium
2840 2282 2991 2327 tuum
3019 2266 3352 2344 generatioui
3382 2288 3505 2327 om-

1926 2357 1981 2411 ni
2007 2372 2127 2427 qua:
2149 2367 2374 2413 ventura
2415 2369 2517 2416 est.
2560 2379 2579 2411 ›
2617 2358 2761 2425 Quin
2805 2363 2967 2416 etiam
3001 2363 3120 2433 ejus
3155 2379 3218 2418 ex
3270 2363 3503 2417 mortuis

1929 2450 2384 2505 resurrectionem
2420 2459 2606 2521 aperte
2632 2454 2873 2508 declarat
2905 2453 3018 2508 haec
3052 2453 3334 2524 prophetia
3356 2494 3370 2518 ,
3433 2469 3502 2509 ex

1926 2544 2048 2613 ejus
2066 2558 2299 2614 persona
2316 2543 2540 2599 dicens:
2565 2563 2584 2595 ι
2621 2543 2784 2609 Deus,
2800 2545 2924 2615 quis
2952 2545 3147 2600 similis
3168 2546 3302 2599 tibi?
3324 2546 3504 2611 Quan-

1927 2643 2014 2691 tas
2046 2635 2334 2691 ostendisti
2362 2636 2492 2703 mihi
2517 2638 2900 2692 tribulationes
2921 2638 3120 2692 multas
3141 2646 3194 2692 ct
3216 2639 3386 2695 malas
3408 2679 3424 2706 ,
3446 2649 3502 2693 et

1928 2741 2229 2782 conversus
2255 2727 2539 2784 viviﬁcasti
2575 2744 2681 2792 me,
2723 2734 2777 2782 et
2800 2728 2868 2782 de
2899 2727 3313 2783 necessitatibus
3341 2735 3503 2783 terra:

1927 2812 2125 2868 iterum
2154 2814 2417 2872 reduxisti
2451 2817 2570 2871 me?
2608 2836 2627 2869 ι
2664 2815 2791 2870 Sive
2823 2816 2991 2887 igitur
3016 2832 3081 2872 ex
3106 2832 3339 2887 persona
3374 2816 3500 2873 Ser-

1927 2903 2153 2965 vatoris,
2186 2902 2299 2959 sive
2328 2919 2393 2957 ex
2425 2918 2657 2974 persona
2703 2904 2997 2973 cujuslibet
3024 2903 3161 2973 justi
3207 2902 3322 2959 hzec
3354 2904 3501 2958 acci-

1927 2997 2121 3066 pienda
2144 3004 2292 3051 sunt.
2327 2995 2637 3052 Doctrinam
2681 2998 2826 3051 enim
2876 2996 3311 3066 complectuntur
3332 3033 3349 3061 ,
3377 3011 3499 3067 qua:

240 3100 432 3171 τῆρος,
459 3098 570 3151 εἴτε
600 3099 664 3150 ἐκ
677 3095 977 3169 προσώπου
1003 3099 1200 3160 παντὸς
1221 3096 1448 3159 δικαίου,
1471 3098 1579 3150 τῶν
1611 3114 1828 3168 προκει-

1932 3104 2031 3144 nos
2058 3089 2293 3144 instituit
2324 3098 2382 3142 ut
2412 3106 2477 3144 ex
2513 3089 2657 3144 bono
2686 3089 2967 3160 proposito
2995 3090 3179 3143 omnia
3230 3097 3354 3160 post
3406 3088 3503 3144 du-

243 3192 427 3262 μένων
448 3188 762 3244 ἀκουστέον.
787 3190 1035 3261 Περιέχει
1060 3189 1167 3262 γὰρ
1185 3188 1529 3242 διδασκαλίαν
1551 3188 1827 3243 παιδεύου-

242 3301 345 3337 σαν
379 3282 536 3355 ἡμᾶς
566 3284 701 3353 μετά
731 3283 1023 3346 διαθέσεως
1055 3281 1241 3351 ύγιοῦς
1273 3281 1452 3335 πάντα
1478 3280 1579 3352 μὲν
1599 3280 1826 3351 δεύτερα

245 3377 516 3438 τίθεσθαι,
535 3376 629 3428 ἐπὶ
651 3375 809 3446 μόνον
829 3375 886 3428 δὲ
905 3376 995 3429 τὸν
1016 3373 1221 3446 Κύριον
1238 3374 1340 3438 τὰς
1360 3373 1568 3428 ἑαυτῶν
1590 3374 1826 3445 ἁναρτᾷν

246 3469 491 3533 ἐλπίδας,
516 3467 656 3521 ὥστε
676 3467 855 3536 λέγειν
875 3466 1022 3539 αὐτῷ
1040 3466 1275 3521 διαθέσει
1300 3465 1548 3536 γνησίᾳΑ
1573 3466 1696 3519 Ἑπὶ
1721 3465 1823 3529 σοὶ,

247 3564 686 3637 Κύριε,ᾕλπισα,
716 3563 789 3636 μὴ
816 3561 1267 3635 καταισχυνθείην
1289 3562 1369 3625 είς
1392 3561 1482 3614 τὸν
1508 3559 1699 3614 αἰῶνα.
1727 3579 1744 3611 ι
1762 3561 1826 3613 Οἱ

246 3656 458 3729 γὰρέπὶ
484 3655 704 3727 πλούτῳ
725 3656 818 3709 καὶ
839 3654 1003 3724 πολλῇ
1025 3653 1310 3725 περιουσίᾳ
1342 3651 1530 3723 βίου,ἢ
1553 3652 1647 3706 ἐπὶ
1662 3650 1829 3718 ἀξιῶ·

251 3764 378 3816 μασι
395 3752 705 3820 κοσμικοῖς,
723 3747 756 3819 ἢ
777 3748 867 3800 ἐπὶ
883 3746 1157 3818 ἀρχόντων
1179 3746 1466 3814 οἰκειότητι
1489 3747 1580 3799 καὶ
1600 3761 1832 3819 προστα-

248 3838 354 3909 σίᾳ,
405 3840 492 3909 ἐφ’
533 3839 706 3911 ἑτέρῳ
736 3841 842 3893 τινὶ
888 3837 997 3891 τῶν
1027 3836 1238 3908 θνητῶν
1277 3837 1371 3891 καὶ
1416 3838 1695 3909 ἐπικήρων
1732 3836 1830 3901 τὰς

246 3930 451 3985 ἑαυτῶν
496 3930 843 3993 ἀνατιθέντες
894 3929 1135 3993 ἐλπίδας,
1184 3929 1446 4000 αἰσχύνην
1486 3928 1826 4000 ὁφλήσουσιν.

250 4039 269 4071 ι
307 4022 744 4093 Ἐπικατάρατος
759 4020 868 4093 γὰρ
888 4021 1171 4091 ἄνθρωπος
1188 4020 1247 4086 ὃς
1275 4022 1373 4092 τὴν
1390 4020 1577 4075 ἐλπίδα
1602 4019 1714 4091 ἔχει
1741 4020 1828 4074 ἐπ’

245 4110 561 4183 ἄνθρωπον,
624 4113 719 4167 καὶ
776 4110 1018 4183 στηρίξει
1055 4111 1231 4183 σάρκα
1258 4112 1538 4184 βραχίονος
1573 4110 1759 4167 αὑτοῦ.
1806 4130 1824 4164 ο

245 4203 498 4277 Κέκραγέ
550 4221 608 4257 τε
641 4203 778 4274 βοῶν
804 4206 834 4259 ὁ
876 4204 1029 4274 λόγος
1055 4222 1069 4236 -
1098 4224 1118 4256 ι
1153 4204 1244 4275 Μὴ
1283 4203 1576 4257 πεποίθατε
1606 4204 1692 4257 ἐπ’
1732 4202 1832 4276 ἀρ-

246 4310 456 4364 χοντας,
496 4295 641 4368 μηδέ
663 4294 747 4364 ἐφ’
779 4296 927 4359 υἱοὺς
975 4295 1296 4368 ἀνθρώπων,
1327 4290 1407 4359 οἷς
1438 4296 1536 4348 οὐκ
1564 4294 1679 4348 ἐστι
1725 4311 1833 4347 σω-

247 4388 406 4459 τηρία
431 4406 445 4421 ο
490 4409 511 4441 ι
546 4389 642 4442 καὶ
672 4388 831 4443 πάλιν
854 4405 867 4418 ·
898 4408 916 4439 ι
958 4389 1192 4453 Πλοῦτος
1225 4388 1319 4442 ἐὰν
1354 4387 1473 4459 ῥέῃ,
1506 4387 1580 4459 μὴ
1612 4386 1833 4459 προστί-

1925 3196 2135 3245 camus,
2163 3183 2217 3237 in
2238 3198 2457 3253 unoque
2480 3180 2713 3236 Domino
2734 3196 2885 3252 spem
2912 3189 3216 3237 statuamus
3232 3190 3500 3242 nostram,

1924 3275 2000 3329 ita
2028 3280 2088 3326 ut
2121 3272 2340 3329 sincero
2368 3272 2564 3329 affectu
2608 3273 2855 3330 dicamus
2888 3292 2902 3329 :
2942 3290 2962 3326 ι
3012 3272 3072 3327 In
3120 3280 3202 3338 te,
3237 3273 3464 3329 Domine
3485 3316 3501 3339 ,

1928 3365 2163 3431 speravi,
2182 3380 2288 3419 non
2312 3365 2619 3420 confundar
2639 3368 2694 3421 in
2711 3372 2995 3420 :eternum.
3019 3384 3039 3417 ι
3063 3364 3170 3432 Qui
3186 3365 3330 3421 enim
3349 3366 3403 3419 in
3420 3366 3505 3421 di-

1927 3458 2077 3514 vitiis
2094 3473 2158 3513 ac
2172 3458 2227 3512 in
2245 3458 2482 3530 c0piosis
2496 3460 2622 3514 vita:
2638 3457 3128 3520 facultatibus,sive
3143 3457 3196 3511 in
3212 3456 3505 3512 mundanis

1931 3549 2320 3621 dignitatibus,
2349 3551 2467 3607 sive
2498 3551 2557 3606 in
2591 3551 2902 3622 principum
2953 3548 3137 3605 favore
3169 3558 3222 3605 et
3267 3550 3505 3620 patroci-

1928 3644 2043 3709 nio,
2081 3643 2196 3699 sive
2251 3644 2308 3697 in
2356 3643 2462 3698 alia
2499 3644 2755 3715 quapiam
2791 3641 3104 3696 mortalium
3145 3649 3200 3697 et
3234 3639 3504 3695 ﬂuxarum

1931 3752 2113 3792 rerum
2167 3751 2318 3807 spem
2380 3745 2674 3806 reponunt,
2710 3734 3021 3807 ignominia:
3049 3732 3270 3788 obnoxii
3320 3742 3503 3791 erunt.

1936 3846 1955 3879 ι
2000 3827 2325 3884 Maledictus
2353 3829 2500 3884 enim
2527 3828 2691 3882 homo
2725 3828 2818 3898 qui
2855 3842 3007 3897 spem
3033 3826 3198 3880 habet
3229 3827 3283 3880 in
3320 3825 3503 3880 bomio

1933 3936 2081 3985 nem,
2115 3929 2171 3976 et
2193 3921 2371 3975 ﬁrmat
2401 3935 2625 3977 carnem
2658 3921 2870 3977 brachii
2897 3920 3068 3975 sui".
3096 3940 3114 3972 ι
3136 3918 3344 3975 Clamat
3377 3922 3504 3974 item

1934 4012 2244 4085 Scriptura,
2278 4032 2297 4065 ι
2333 4012 2511 4071 Nolite
2546 4014 2821 4070 confidere
2854 4015 2907 4069 in
2938 4012 3304 4084 principibus,
3330 4027 3505 4082 neque

1934 4107 1988 4161 in
2042 4107 2169 4162 ﬁliis
2211 4107 2515 4172 hominum,
2561 4108 2616 4163 in
2661 4108 2863 4180 quibus
2908 4123 3019 4162 non
3062 4112 3147 4162 est
3187 4105 3337 4162 salus
3360 4105 3441 4170 ⁸³;
3482 4122 3500 4155 ο

1932 4207 1986 4253 et
2013 4214 2258 4262 rursum,
2293 4218 2312 4251 ι
2354 4198 2568 4256 Divitiae
2611 4200 2656 4256 si
2708 4200 2952 4263 aﬂluant,
3003 4198 3169 4252 nolite
3202 4211 3300 4251 cor
3331 4210 3500 4265 appo-

1933 4304 2064 4344 nere
2085 4290 2151 4342 ⁸³.
2185 4307 2203 4341 ι
2233 4287 2292 4343 1n
2317 4289 2439 4345 aliis
2465 4290 2592 4346 item
2615 4290 2683 4345 ad
2712 4290 2826 4344 hazc
2856 4288 3089 4344 dicenda
3112 4287 3455 4341 instituimur
3485 4302 3499 4338 :

1939 4398 1958 4431 ι
1997 4378 2261 4436 Dominus
2312 4381 2444 4435 mihi
2488 4380 2726 4450 adjutor,
2780 4396 2888 4435 non
2932 4377 3135 4431 timebo
3166 4377 3298 4446 quid
3340 4375 3507 4430 faciat

249 4473 402 4531 θεσθε
431 4477 686 4552 καρδίαν.
704 4480 839 4533 »Καὶ
865 4482 922 4533 ἐν
946 4480 1152 4552 ἑτέροις
1173 4479 1229 4532 δὲ
1250 4478 1425 4548 λέγειν
1447 4478 1827 4550 διδασκόμεθα·

1935 4471 2067 4527 mihi
2105 4471 2289 4526 homo.
2326 4471 2536 4527 Bonum
2574 4481 2656 4528 est
2687 4471 2960 4527 conlidere
2987 4472 3041 4525 in
3066 4469 3318 4533 Domino,
3340 4484 3507 4538 quam

255 4585 272 4617 ι
305 4568 506 4641 Κύριος
540 4572 664 4642 ἐμοὶ
686 4571 895 4643 βοηθδς,
918 4573 979 4624 οὐ
1000 4570 1379 4642 φοϐηθήσομαι
1402 4569 1455 4623 τί
1483 4570 1701 4641 ποιήσει
1737 4586 1826 4640 μοι

250 4657 560 4731 ἄνθρωπος.
600 4661 828 4730 Ἀγαθὸν
845 4662 1162 4715 πεποιθέναι
1195 4663 1286 4715 ἐπὶ⁵
1319 4660 1543 4733 Κύριον,
1576 4660 1609 4731 ἢ
1644 4676 1830 4714 πεποιο

249 4748 397 4804 θέναι
425 4755 518 4807 ἐπὶ
541 4752 849 4824 ἄνθρωπον.
895 4752 1119 4823 Ἀγαθὸν
1155 4752 1394 4818 ἐλπίζειν
1419 4754 1512 4805 ἐπὶ
1548 4751 1771 4823 Κύριον,
1792 4751 1828 4822 ἦ

248 4838 488 4906 ἐλπίζειν
538 4845 634 4896 ἐπὶ
658 4843 941 4916 ἄρχοντας.
984 4863 1003 4895 ι
1052 4844 1110 4897 ’0
1136 4843 1194 4897 δὲ
1231 4843 1410 4912 ἀγαθὰ
1447 4842 1626 4914 ἐαυτῷ
1655 4860 1831 4897 συνει-

248 4926 349 4992 δὼς
378 4933 521 4987 εἴποι
546 4932 613 4986 ἂν
639 4922 716 5003 τῷ
738 4934 928 5005 Κυρίῳ
954 4933 1046 4986 καὶ
1083 4932 1163 4997 τὸ,
1200 4951 1219 4983 ι
1272 4935 1357 4987 Ἐν
1387 4933 1702 5007 δικαιοσύνῃ
1732 4949 1826 4985 σου

253 5017 411 5086 ῥῦσαί
476 5041 543 5094 με
603 5025 697 5078 καὶ
748 5024 930 5089 ἐξέλου
966 5041 1053 5096 με.
1100 5042 1119 5075 ι
1158 5023 1331 5095 Πολλῇ
1364 5026 1474 5097 γὰρ
1508 5025 1828 5095 πεποιθήσει

252 5110 609 5186 τεθάρῤηκεν,
638 5118 741 5181 ὅτι,
778 5116 917 5170 κατά
958 5116 1018 5170 τδ
1045 5116 1381 5170 δικαιότατον
1416 5117 1609 5188 κρίνας
1632 5116 1829 5179 ὁΘεος,

256 5203 476 5276 εὑρήσει
513 5209 676 5263 αὐτὸν
706 5210 766 5263 οὐ
794 5209 1188 5282 κατακρίσεως,
1220 5209 1339 5264 οὐδὲ
1365 5209 1636 5278 ἀποϐολῆς
1660 5209 1830 5275 ἀξιον,

256 5294 386 5349 ἀλλὰ
413 5298 668 5369 βοηθείας
700 5302 794 5354 καὶ
826 5300 1162 5374 ἀντιλήψεως
1186 5321 1200 5333 ο
1234 5301 1319 5355 διό
1344 5318 1507 5372 φησιν
1526 5317 1539 5331 ·
1579 5320 1598 5351 ι
1648 5303 1735 5354 Ἐν
1761 5304 1827 5372 τῇ

257 5384 569 5465 δικαιοσύνῃ
598 5409 690 5446 σου
709 5392 869 5465 ῥῦσαί
906 5410 973 5465 με
1010 5394 1105 5448 καὶ
1132 5394 1314 5461 ἐξέλου
1351 5411 1440 5466 με.
1470 5414 1489 5448 ο
1522 5394 1830 5467 Συνειδήσει

1931 4560 2207 4617 conﬁdere
2245 4560 2301 4615 in
2331 4560 2572 4616 homine.
2626 4562 2835 4616 Bonum
2867 4568 2953 4617 est
2979 4573 3201 4630 sperare
3237 4557 3293 4613 in
3323 4557 3509 4613 Domi-

1935 4669 2028 4717 no,
2063 4668 2228 4724 quam
2278 4668 2503 4724 sperare
2559 4655 2614 4709 in
2661 4654 3000 4726 principibus
3020 4652 3086 4705 δ”.
3128 4671 3148 4705 ι
3188 4650 3293 4718 Qui
3322 4656 3506 4706 autem

1935 4748 2208 4803 bonorum
2240 4746 2346 4802 sibi
2386 4747 2645 4803 conscius
2674 4756 2780 4812 est,
2815 4746 3047 4803 Domino
3078 4744 3279 4800 dixerit
3324 4743 3457 4798 illud
3489 4761 3504 4798 :

1944 4858 1962 4891 ι
2007 4840 2065 4894 ln
2093 4839 2309 4909 justitia
2360 4847 2454 4894 tua
2503 4840 2675 4896 libera
2736 4856 2824 4897 me
2856 4847 2910 4895 et
2956 4840 3106 4911 eripe
3133 4853 3240 4893 me.
3284 4856 3304 4891 ι
3340 4835 3510 4892 Multa

1936 4934 2139 5004 quippe
2177 4932 2374 4989 ﬁducia
2401 4934 2663 5005 repletur,
2697 4936 2825 5006 quia
2851 4934 3163 5004 justissimo
3207 4946 3394 4989 secum
3422 4929 3510 5001 ju-

1936 5026 2084 5080 dicio
2115 5023 2259 5081 Deus
2282 5040 2472 5095 agens,
2499 5041 2608 5081 non
2643 5026 3017 5091 damnatione,
3056 5040 3235 5096 neque
3268 5021 3509 5093 repulsa,

1938 5117 2034 5175 sed
2065 5116 2270 5172 auxilio
2290 5125 2344 5171 et
2373 5118 2680 5186 patrocinio
2705 5117 2927 5189 dignum
2959 5116 3299 5187 comperiet:
3339 5127 3513 5184 quare

1938 5208 2016 5263 ait
2048 5228 2062 5264 :
2102 5228 2120 5261 ι
2166 5210 2225 5264 In
2254 5208 2468 5278 justitia
2495 5217 2587 5263 tua
2616 5209 2786 5264 libera
2813 5225 2901 5265 me
2925 5216 2980 5264 et
3014 5210 3163 5277 eripe
3187 5223 3295 5262 me.
3329 5229 3351 5259 ›
3405 5203 3512 5257 Pu.

1938 5318 2108 5374 raque
2160 5303 2496 5359 conscientia
2544 5304 2822 5374 supplices
2848 5318 3013 5359 voces
3047 5303 3114 5357 ad
3151 5300 3316 5357 Deum
3350 5297 3513 5353 emit~

1939 5394 2380 5467 tensid'quoque
2405 5395 2670 5452 dicebat:
2729 5413 2748 5448 ι
2803 5394 3012 5451 lnclina
3064 5393 3131 5449 ad
3185 5407 3273 5446 mu
3321 5400 3511 5442 aurem

330 5589 377 5667 ’ς
408 5590 553 5667 Psal.
580 5595 865 5667 mxﬂ-J.
941 5598 984 5631 τ’
1008 5596 1148 5655 Psal.
1174 5613 1285 5666 nt,
1320 5598 1405 5654 10.
1482 5597 1529 5629 ⁸ο
1558 5596 1687 5653 ibid.
1712 5597 1799 5653 3-2.
1876 5598 1920 5631 ⁸⁸
1952 5595 2321 5667 ἔστεωίκνιι,
2482 5599 2868 5665 "Psal.cxcv,
2899 5598 2951 5654 9..
3029 5595 3076 5626 ‘“
3109 5591 3254 5648 Psal.
3287 5603 3397 5655 ut,
3419 5588 3510 5650 li;

258 5657 304 5688 "
334 5657 478 5715 Psal.
511 5675 679 5731 cxvn,
719 5666 831 5721 7-9.
