4062 6208
537 206 650 266 775

1212 201 1476 259 E-USEBII
1515 198 1996 258 CESABIENSIS
2030 198 2181 258 OPP.
2221 198 2401 255 PARS
2435 196 2524 253 [Π.
2563 226 2635 238 -
2671 193 3083 253 EXEGETICA.

3680 187 3788 246 776

538 298 714 385 tuam,
743 324 798 373 et
844 316 998 373 salva
1034 328 1133 368 -me
1154 313 1222 366 ⁸⁸.
1262 332 1281 365 ι
1323 311 1439 367 imo
1473 313 1633 383 quasi
1674 327 1744 367 ex
1784 311 2110 367 necessitate

2218 311 2268 364 δὲ
2292 308 2683 381 κεκαθαρμένῃ
2708 307 2807 372 τὰς
2838 306 3144 377 ί-κετηρίους
3165 304 3345 374 φωνὰς
3376 302 3509 373 πρὸς
3541 301 3633 356 ’ὢν
3655 301 3792 358 Θεὸν

539 410 713 468 Deum
745 410 821 464 ita
849 406 1079 478 rogabat
1111 425 1124 460 :
1156 423 1176 456 ι
1208 402 1341 459 Esto
1383 404 1519 458 mihi
1551 405 1606 458 in
1634 402 1806 460 Deum
1835 411 2113 474 protecto-

535 517 658 559 rem
686 508 741 556 et
768 500 828 555 in
855 499 1036 554 locum
1068 497 1363 560 munitum,
1400 503 1462 551 ut
1492 498 1705 551 salvum
1731 510 1816 552 me
1851 495 2044 551 facias.
2087 516 2106 550 ι

534 592 675 651 Nam
700 606 832 647 cum
867 589 1010 645 Deus
1038 589 1274 660 protegit
1297 595 1351 643 et
1371 596 1703 660 propugnat,
1728 603 1841 643 non
1869 603 1969 658 pro
1990 590 2115 643 nul-

534 685 647 739 lius
672 683 839 754 pretii
883 681 1104 737 homine
1148 681 1202 735 id
1258 681 1391 752 agit,
1434 682 1695 751 solusque
1730 679 2007 752 perfectus
2057 681 2113 735 id

534 773 650 830 Deo
675 773 859 829 dicere
884 764 1062 829 vaieat
1094 790 1109 829 :
1144 790 1164 824 ‹
1201 770 1471 838 Quoniam
1505 772 1907 827 ﬁrmamentum
1932 788 2112 826 meum

530 873 593 920 et
617 865 890 935 refugium
921 879 1103 919 meum
1132 879 1194 919 es
1226 872 1308 918 tu.
1351 883 1370 916 ι
1406 861 1514 918 Pro
1536 880 1645 932 quo
1674 863 1891 935 Aquila,
1924 883 1942 914 ι
1971 862 2116 931 Quo-

537 959 689 1015 niam
722 966 877 1029 petra
907 972 1028 1012 mea
1064 964 1119 1012 et
1149 956 1462 1028 praesidium
1494 971 1698 1019 meum,
1735 975 1756 1008 ι
1789 956 2117 1025 interpreta-

538 1059 631 1107 tus
655 1056 776 1115 est;
803 1046 1168 1121 Symmachus
1187 1060 1337 1110 vero,
1376 1063 1398 1097 ι
1427 1044 1697 1111 Quoniam
1732 1055 1886 1116 petra
1914 1061 2033 1101 mea
2062 1053 2115 1102 et

541 1142 814 1214 refugium
842 1156 1025 1197 meum
1052 1148 1345 1196 estua—t
1359 1137 1504 1195 Deus
1531 1155 1711 1201 meus.
1739 1138 1890 1209 eripe
1923 1154 2010 1194 me
2049 1139 2117 1194 de

540 1249 706 1288 manu
736 1230 1066 1302 peccatoris,
1097 1239 1151 1285 et
1179 1229 1248 1285 de
1286 1243 1452 1284 manu
1479 1237 1672 1282 contra
1703 1228 1875 1299 legem
1906 1229 2115 1300 agentis

541 1332 597 1380 et
643 1322 837 1394 iniqui.
867 1319 1136 1388 Quoniam
1167 1327 1229 1375 tu
1279 1335 1339 1376 es
1372 1319 1636 1390 patientia
1670 1334 1812 1382 mea,
1846 1317 2112 1385 Domine,

544 1432 670 1489 spes
700 1431 820 1471 mea
846 1430 876 1468 a
903 1415 1193 1484 juventute
1237 1428 1379 1469 mea.
1420 1433 1440 1465 ο
1486 1411 1585 1466 V'ir
1635 1409 1907 1480 perfectus
1954 1411 2115 1481 quasi

544 1508 823 1579 propriam
883 1506 1289 1578 possessionem
1342 1503 1513 1559 Deum
1583 1504 1807 1557 invocat
1883 1502 2111 1567 dicens,

549 1617 570 1651 ι
609 1596 751 1652 Deus
776 1610 932 1651 meus
965 1614 977 1649 :
1019 1614 1039 1647 ι
1073 1595 1202 1664 quia
1233 1591 1528 1664 promissio
1563 1591 1747 1663 dignis
1779 1605 1810 1645 a
1844 1590 1953 1646 Dee
1987 1590 2115 1646 data

2210 401 2548 472 ἀναπέμπων
2578 439 2593 460 ,
2636 396 2839 461 καὶτὸ,
2875 416 2893 448 ι
2935 396 3128 449 κλῖνον
3149 392 3290 465 πρὸς
3333 392 3401 464 μὲ
3444 392 3506 446 τὸ
3530 387 3623 456 οῦς
3669 408 3790 457 σου,

2211 495 2308 548 καὶ
2341 493 2512 546 σῶσόν
2536 508 2624 563 με,
2662 510 2680 543 ι
2719 491 2922 560 ἔλεγεν.
2952 486 3112 541 Ἀλλὰ
3134 486 3227 540 καὶ
3256 486 3333 549 ὡς
3368 483 3682 553 ἀναγκαίως
3712 482 3795 557 τῷ

2212 586 2330 659 Θεῷ
2373 586 2668 659 παρεκάλει
2709 581 2915 651 λέγων’
2952 598 2971 631 ι
3011 577 3175 632 Γενοῦ
3221 593 3310 647 μοι
3341 578 3420 640 είς
3456 575 3589 630 Θεὸν
3619 577 3797 651 ὕπερ-

2213 676 2482 748 ασπιστὴν
2500 677 2593 729 καὶ
2627 675 2707 738 εἰς
2738 672 2901 727 τόπον
2932 669 3127 742 ὀχυρὸν
3154 667 3247 722 τοῦ
3277 666 3450 722 σῶσαί
3486 668 3801 740 μεΑΠροα-

2216 766 2423 830 σπίζων
2448 766 2556 838 γὰρ
2578 767 2609 819 ό
2631 765 2763 829 Θεὸς
2803 765 2898 817 καὶ
2934 760 3289 834 ὑπερμαχῶν,
3316 760 3416 812 οὐκ
3442 759 3510 813 ἂν
3541 758 3671 832 περὶ
3707 776 3802 831 μι-

2217 856 2350 929 κροῦ
2371 874 2516 920 τινος
2534 855 2678 909 τοῦτ’
2699 853 2920 924 ἐποίησε
2940 869 2954 883 ·
2991 852 3150 923 μόνος
3169 851 3228 904 δὲ
3258 852 3287 904 ὁ
3312 848 3518 913 τέλειος
3548 848 3693 902 εἴποι
3730 848 3800 902 ἂν

2213 949 2291 1021 τῷ
2327 949 2472 1021 Θεῷ·
2508 967 2528 1000 ι
2566 949 2687 1001 ’Ότι
2719 944 3005 1019 στερέωμα
3060 961 3162 1015 μου
3212 943 3307 997 καὶ
3354 941 3644 1010 καταφυγή
3692 955 3798 1011 μου

2217 1041 2281 1095 σὺ
2315 1035 2384 1093 εἷ.
2421 1059 2439 1092 ι
2476 1038 2614 1093 Ἀνθ’
2647 1033 2708 1092 οῦ
2732 1040 2760 1092 ό
2795 1037 2895 1110 μὲν
2939 1035 3200 1099 Ἀκύλας·
3255 1052 3275 1086 ι
3313 1033 3433 1086 Ὅτι
3472 1032 3645 1104 πέτρα
3692 1046 3799 1102 μου

2214 1131 2311 1185 καὶ
2361 1130 2625 1203 ὀχύρωμά
2671 1147 2795 1202 μου,
2838 1148 2857 1182 ι
2889 1130 3234 1201 ήρμήνευσεν
3260 1144 3273 1157 '
3297 1128 3328 1181 ό
3368 1127 3426 1180 δὲ
3459 1126 3756 1197 Σύμμαχος
3778 1142 3794 1155 ⁸

2221 1222 2374 1276 «Ὅτι
2399 1222 2571 1295 πέτρα
2594 1239 2694 1293 μου
2717 1222 2810 1275 καὶ
2832 1221 3118 1292 καταφυγή
3139 1237 3241 1290 μου
3257 1220 3320 1272 σὺ
3333 1214 3399 1273 εἴ.
3415 1238 3433 1271 ι
3453 1237 3549 1269 -ι
3572 1218 3633 1271 ’0
3658 1215 3798 1281 Θεός

2218 1333 2342 1389 μου,
2373 1314 2533 1387 ῥῦσαί
2574 1332 2642 1389 με
2675 1318 2739 1369 ὲκ
2761 1314 2944 1386 χειρὸς
2977 1312 3327 1385 άμαρτωλοῦ,
3377 1312 3473 1368 καὶ
3507 1313 3573 1366 ἐκ
3614 1309 3801 1384 χειρὸς

2214 1409 2663 1484 παρανομοῦντος
2690 1410 2785 1464 καὶ
2801 1408 3130 1474 ἀδικοῦντος.
3158 1410 3282 1463 Ὅτι
3312 1410 3376 1464 σὺ
3410 1405 3459 1463 εί
3480 1411 3514 1480 ἡ
3544 1409 3797 1482 ὑπομονῆ

2221 1518 2346 1573 μου,
2374 1501 2570 1575 Κῦριε,
2603 1501 2808 1574 ήὲλπίς
2838 1518 2943 1572 μου
2968 1501 3033 1555 ὲκ
3051 1501 3299 1573 νεότητός
3323 1517 3446 1572 μου.
3466 1519 3486 1553 ι
3517 1501 3575 1554 '0
3590 1500 3801 1565 τέλειος

2214 1596 2404 1670 ὥσπερ
2467 1596 2596 1652 tam
2650 1596 2840 1667 κτῆμα
2889 1595 2981 1650 τὸν
3030 1595 3160 1649 Θεὸν
3200 1595 3538 1650 ἐπικαλεῖται
3586 1595 3793 1665 λέγων’

538 1697 630 1745 cst
661 1688 747 1743 his
772 1687 950 1742 verbis
990 1704 1004 1740 :
1056 1703 1074 1736 ι
1112 1684 1220 1739 Ero
1251 1684 1472 1738 illorum
1524 1681 1690 1745 Deus.
1732 1692 1791 1737 et
1815 1681 1921 1753 ipsi
1953 1690 2117 1737 erunt

2221 1707 2240 1740 ι
2289 1689 2348 1743 Ὀ
2385 1689 2519 1755 Θεός
2561 1706 2663 1757 μου
2685 1705 2699 1719 ·
2744 1707 2763 1740 ι
2811 1688 3140 1760 Ἐπειδήπερ
3188 1687 3490 1757 ἐπαγγελία
3535 1686 3653 1741 ἐστὶ
3694 1686 3796 1741 τοῦ

544 1782 678 1836 mihi
711 1780 945 1852 pepultts
974 1779 1041 1833 ⁸⁸.
1077 1797 1095 1830 ι
1129 1776 1231 1843 Qui
1257 1790 1388 1830 vero
1416 1773 1616 1839 dicit,<
1668 1775 1727 1829 ln
1752 1782 1832 1838 te,
1865 1774 2114 1840 Domine.

539 1871 786 1943 speravi,
825 1889 845 1922 ι
872 1877 929 1926 et
957 1868 1141 1923 omnia
1166 1874 1290 1937 post
1320 1866 1529 1936 putavit
1556 1877 1616 1920 ut
1637 1866 1732 1920 uni
1753 1865 1861 1922 Deo
1888 1881 1949 1922 se
1967 1881 2118 1923 eom-

536 1966 806 2028 anitteret,
840 1964 965 2033 jure
986 1960 1155 2025 dicat,
1189 1978 1208 2011 ι
1250 1958 1393 2014 Deus
1422 1974 1599 2015 meus.
1651 1976 1672 2011 ο
1720 1958 1869 2029 Eripi
1897 1972 2030 2014 vero
2057 1973 2118 2015 se

543 2055 614 2109 de
641 2069 804 2108 manu
836 2052 1141 2123 peccatoris
1168 2057 1343 2121 rogat,
1389 2064 1460 2104 ne
1487 2050 1654 2120 gestis
1687 2050 1804 2105 suis
1836 2048 2113 2120 peccatori

538 2145 631 2200 vel
661 2145 850 2214 iniquo
882 2143 1077 2199 similis
1107 2143 1302 2199 evadat
1330 2160 1345 2201 :
1389 2156 1559 2212 quare
1591 2141 1762 2207 addit,
1794 2160 1817 2193 ‹
1847 2140 1921 2197 De
1952 2156 2117 2196 manu

534 2242 853 2308 peccatoris
879 2247 935 2294 et
965 2237 1033 2293 de
1055 2252 1216 2292 manu
1246 2242 1440 2290 contra
1465 2236 1636 2307 legem
1672 2234 1887 2306 agentis
1918 2216 1977 2290 et
2006 2234 2115 2289 ini-

543 2332 668 2403 qui;
708 2350 728 2384 ι
750 2346 813 2385 ac
839 2347 908 2385 ne
926 2330 994 2385 iis
1017 2330 1298 2399 subjectus
1320 2327 1423 2394 sit;
1449 2326 1543 2383 sed
1561 2326 1757 2381 merito
1786 2323 1978 2391 Deum,
2003 2341 2117 2381 non

533 2425 723 2479 solum
753 2424 824 2477 ob
851 2422 1017 2475 allata
1052 2420 1328 2491 superius,
1357 2419 1456 2476 sed
1484 2417 1648 2472 etiam
1675 2418 1747 2473 ob
1778 2418 2119 2488 subsequen-

542 2525 630 2571 tes
663 2529 884 2578 causas,
942 2513 1047 2568 sibi
1095 2511 1263 2566 Deum
1317 2511 1573 2581 appellat.
1632 2508 1792 2572 Nam,
1828 2509 2025 2580 inquit,
2059 2518 2116 2565 tu

532 2607 678 2664 mihi
713 2605 978 2677 patientia
1008 2620 1090 2667 es,
1123 2613 1180 2657 tu
1212 2619 1339 2674 spes
1383 2618 1502 2657 mea
1542 2616 1572 2655 a
1609 2601 1919 2670 juventute.
1969 2599 2118 2656 Nun-

535 2714 707 2768 quam
735 2698 881 2753 enim
910 2705 962 2751 te
985 2706 1303 2766 exspectare
1330 2693 1541 2757 destiti,
1574 2687 1750 2762 neque
1775 2692 1875 2746 fuit
1903 2699 2117 2763 tempus

543 2805 654 2855 quo
712 2802 822 2844 non
872 2796 925 2841 te
966 2786 1101 2841 mihi
1155 2786 1208 2840 in
1259 2801 1410 2856 spem
1469 2798 1849 2855 preponerem.
1908 2782 2118 2849 Quam-

529 2883 733 2937 obrem
781 2895 917 2951 rogo
959 2894 1028 2934 ex
1086 2894 1250 2933 manu
1309 2887 1657 2948 peccatorum
1702 2887 1755 2931 et
1806 2875 2116 2946 iniquorum

533 2975 622 3029 «eri
629 2974 703 3044 pi.

2213 1779 2349 1833 Θεοῦ
2405 1781 2534 1853 περὶ¹
2580 1781 2690 1834 τῶν
2736 1779 2901 1846 ἀξίων
2945 1779 3179 1848 λέγουσα
3202 1796 3215 1810 ·
3270 1798 3288 1829 ‹
3340 1779 3573 1850 Ἐσομαι
3614 1777 3799 1832 αὐτῶν

2214 1870 2368 1936 Θεὸς,
2414 1872 2511 1926 καὶ
2548 1871 2704 1925 αὐτοὶ
2749 1870 2962 1924 ἔσονταί
3005 1887 3097 1941 μοι
3151 1869 3299 1934 λαός.
3341 1888 3360 1921 ι
3413 1870 3469 1922 '0
3505 1870 3563 1923 δὲ
3597 1869 3798 1939 λέγων,

2215 1982 2242 2016 ί
2284 1964 2406 2018 Ἐπὶ
2440 1962 2544 2027 σοὶ,
2582 1963 2779 2033 Κύριε,
2809 1960 3034 2032 ἧλπισα,
3073 1979 3092 2013 ι
3125 1962 3219 2015 καλ⁵
3240 1960 3418 2014 πάντα
3448 1959 3679 2032 δεῦτερα
3708 1958 3803 2013 θέ-

2219 2071 2398 2126 μενος,
2424 2055 2516 2107 ἐπὶ⁸
2548 2053 2706 2125 μόνον
2734 2054 2793 2109 δὲ
2808 2054 2898 2108 τὸν
2934 2053 3063 2108 Θεὸν
3090 2053 3278 2106 ἑαυτὸν
3299 2051 3614 2125 ἐπιρῤίψας,
3649 2050 3802 2106 εἰκό-

2215 2164 2322 2213 τως
2346 2146 2491 2201 εἴποι
2508 2147 2595 2211 ἂν,
2628 2166 2647 2199 ‹
2696 2148 2754 2201 Ὀ
2782 2147 2914 2210 Θεός
2944 2164 3068 2217 μου.
3106 2165 3126 2198 ο
3169 2144 3457 2215 Ῥυσθῆναι
3482 2143 3544 2198 δὲ
3588 2145 3655 2196 ὲκ
3679 2161 3801 2214 χει-

2219 2239 2311 2312 ρὸς
2378 2238 2706 2312 ἁμαρτωλοῦ
2781 2238 2999 2311 εὔχεται
3021 2281 3037 2305 ,
3089 2239 3177 2293 ἵνα
3229 2238 3303 2310 μὴ
3351 2240 3472 2302 ταῖς
3529 2236 3801 2308 πράξεσιν

2216 2329 2399 2400 ὅμοιος
2416 2327 2639 2398 γένηται
2660 2326 2737 2397 τῷ
2756 2313 3087 2399 ἁμαρτωλῷ,
3113 2324 3248 2398 μὴδὲ
3271 2325 3348 2396 τῷ
3367 2325 3798 2397 παρανομοῦντι-

2216 2419 2298 2473 διὸ
2325 2418 2604 2488 ἐπιλέγει·
2638 2437 2657 2470 ι
2699 2418 2793 2472 Ἐκ
2808 2417 2990 2490 χειρὸς
3023 2416 3372 2490 ἁμαρτωλοῦ,
3406 2417 3503 2471 καὶ
3524 2418 3589 2470 ὲκ
3611 2416 3805 2489 χειρὸς

2220 2511 2661 2585 παρανομοῦντος
2692 2510 2785 2565 καὶ
2813 2508 3124 2574 ἀδικοῦντος
3145 2528 3158 2540 ·
3195 2528 3214 2562 ι
3254 2508 3392 2564 ἀλλὰ
3412 2511 3508 2564 καὶ
3530 2509 3685 2573 ὅπως
3719 2511 3805 2583 μὴ

2220 2604 2528 2677 ὑποχείριος
2572 2603 2798 2674 γένηται
2848 2607 2961 2667 τοῖς
3007 2602 3289 2667 τοιούτοις,
3334 2601 3569 2672 εὐλόγως
3609 2601 3670 2655 δὲ
3705 2599 3805 2655 τὸν

2216 2696 2349 2750 Θεὸν
2409 2695 2602 2751 ἑαυτοῦ
2656 2696 2789 2750 Θεὸν
2842 2695 3096 2767 ὀνομάζοι
3148 2694 3235 2760 ἂν,
3293 2695 3354 2749 οὐ
3404 2695 3564 2767 μόνον
3600 2693 3689 2748 διὰ
3727 2692 3807 2749 τὰ

2219 2787 2525 2861 ἔμπροσθεν
2550 2788 2870 2860 λελεγμένα,
2908 2788 3045 2843 ἀλλὰ
3088 2788 3184 2841 καὶ
3216 2787 3304 2841 διὰ
3328 2787 3427 2853 τὰς
3461 2788 3588 2860 ἑξῆς
3612 2787 3804 2843 ἐπιλε-

2217 2879 2455 2951 γομένας
2505 2881 2702 2946 αἰτίας.
2746 2882 2818 2936 Σὺ
2860 2881 2971 2955 γάρ
3012 2900 3135 2954 μου,
3176 2883 3330 2953 φησὶ,
3354 2882 3642 2953 τυγχάνεις
3669 2884 3807 2937 ὐπο-

2223 2971 2378 3044 μονὴ,
2407 2974 2502 3027 καὶ
2533 2972 2596 3027 σύ
2634 2992 2735 3045 μου
2771 2975 2926 3039 ἐλπὶς
2944 2977 3009 3029 ὲκ
3038 2976 3307 3045 νεότητος.
3328 2974 3403 3028 Οὐ
3436 2974 3547 3045 γὰρ
3579 2974 3802 3029 πώποτε

534 3032 780 3121 διέλιπόν
815 3082 876 3118 σε
916 3032 1223 3135 ὑπομένων,
1259 3061 1379 3116 οὐδὲ
1401 3060 1593 3130 γέγονέ
1626 3077 1710 3125 τις
1737 3058 1952 3132 καιρὸς,
1989 3062 2046 3114 ἐν
2074 3054 2119 3130 ᾧ
2154 3032 2274 3136 obii
2430 3032 2741 3139 προεθέμην
2781 3032 3020 3139 ὲμαῦτοῦ
3071 3032 3285 3122 ἑλπίδαῐ
3313 3059 3414 3120 Ὧν
3448 3032 3627 3137 ’χάριν
3686 3069 3802 3121 ἱκε-

541 3160 688 3217 τεύω
716 3161 781 3214 ἐκ
810 3159 993 3233 χειρὸς
1031 3156 1373 3231 ἁμαρτωλῶν
1401 3157 1496 3210 καὶ
1539 3156 1994 3227 παρανομούντων
2030 3159 2314 3231 ρυσϐἦναι.

618 3280 787 3338 Vsus.
818 3280 874 3345 6,
906 3280 956 3335 7.
991 3297 1012 3331 ι
1040 3277 1101 3333 In
1131 3284 1188 3332 te
1213 3276 1571 3333 confirmatus
1598 3291 1719 3331 sum
1744 3291 1811 3332 ex
1846 3288 2022 3342 utero,
2044 3278 2112 3332 de

2293 3301 2312 3335 ι
2361 3283 2488 3337 Ἐπὶ
2532 3282 2594 3338 σὲ
2638 3282 3034 3356 ὲπεστηρίχθην
3077 3283 3185 3336 ἀπὸ
3218 3282 3467 3354 γαστρὸς,
3495 3283 3556 3334 ἐκ
3589 3279 3803 3344 κοιλίας

540 3379 739 3427 ventre
769 3372 961 3426 matris
982 3385 1115 3426 mea)
1141 3379 1196 3424 tu
1225 3384 1286 3424 es
1318 3376 1596 3439 protector
1616 3384 1792 3424 meus.
1834 3387 1855 3421 ι
1893 3367 1970 3423 De
2010 3367 2119 3423 Da-

546 3464 636 3520 vid
672 3479 891 3536 quoque
923 3463 1032 3518 dici
1057 3464 1235 3518 valeat
1261 3462 1406 3533 quod
1438 3478 1469 3515 a
1501 3470 1691 3517 tenera
1739 3461 2029 3532 juventute
2060 3461 2116 3517 in

545 3558 659 3614 Deo
688 3557 945 3627 speravit.
984 3553 1118 3609 Nam
1148 3555 1369 3625 juvenis
1409 3568 1533 3608 cum
1578 3563 1742 3620 esset,
1782 3561 1836 3609 et
1868 3562 2119 3624 pasceret

545 3665 677 3704 oves
711 3647 880 3704 Jessae
911 3649 1083 3718 patris
1112 3647 1222 3711 sui,
1258 3647 1361 3700 lide
1391 3661 1456 3700 ac
1491 3662 1586 3716 spe
1616 3646 1671 3701 in
1705 3645 1896 3707 Deum,
1921 3648 1977 3701 in
2008 3647 2123 3702 leo.

541 3757 647 3796 nes
679 3749 735 3796 et
765 3756 924 3797 ursos
954 3740 1220 3802 irruebat,
1265 3745 1323 3791 ut
1367 3745 1613 3792 servaret
1659 3752 1788 3792 oves
1845 3756 1859 3792 ε
1916 3738 2119 3793 bonum

550 3841 826 3904 pastorem
861 3832 1131 3895 imitatus,
1176 3831 1245 3884 de
1278 3845 1389 3899 quo
1412 3828 1620 3883 dicitur
1651 3846 1665 3883 :
1702 3847 1721 3879 ι
1757 3828 2121 3895 Quemadmo-

549 3926 681 3978 dum
712 3939 835 3978 cum
861 3922 1164 3978 extraxerit
1183 3929 1372 3992 pastor
1400 3936 1468 3975 ex
1499 3935 1597 3975 ore
1644 3920 1818 3975 leonis
1847 3920 1957 3975 duo
1983 3935 2122 3975 cru-

549 4033 634 4079 ra,
682 4024 775 4070 aut
827 4014 1149 4084 particulam
1202 4014 1464 4068 auricula:
1491 4012 1561 4066 ⁸⁷.
1608 4029 1625 4062 ι
1656 4009 1769 4066 Sed
1801 4013 1963 4066 etiam
1994 4027 2121 4067 cum

549 4120 687 4175 puer
723 4111 891 4165 esset,
928 4103 1183 4174 spiritum
1218 4103 1516 4173 malignum
1562 4120 1627 4158 cx
1664 4103 1827 4158 Saule
1860 4102 2116 4172 peltebat,

550 4199 718 4269 idque
740 4197 790 4251 vi
828 4196 951 4251 lidei
985 4204 1041 4251 et
1070 4196 1184 4266 spei
1217 4192 1271 4248 in
1308 4194 1500 4249 Deum.
1541 4194 1757 4249 Atcnim
1804 4194 1859 4249 id
1901 4209 2122 4264 quoque

546 4294 734 4369 juveni
766 4292 1014 4353 cuilibet,
1037 4291 1133 4360 qui
1166 4289 1259 4345 Dei
1285 4290 1554 4347 electione
1585 4288 1960 4359 dignatussit,
1982 4301 2121 4357 qua-

543 4387 620 4441 lis
652 4392 769 4440 erat
799 4382 1141 4445 Timotheus,
1176 4384 1319 4452 quia
1348 4397 1515 4452 puero
1549 4396 1737 4437 sacras
1754 4380 1989 4435 Litteras
2012 4378 2124 4433 edi-

546 4478 780 4539 dicerat,
812 4476 999 4532 dicere
1032 4475 1316 4546 competit,
1346 4494 1375 4525 ι
1416 4473 1557 4543 Spes
1586 4489 1704 4528 mea
1756 4489 1786 4527 a
1835 4472 2123 4541 juventute

551 4585 692 4624 mea.
728 4588 756 4620 ιι
797 4567 933 4621 illud
980 4575 1185 4630 autem,
1221 4584 1242 4617 ι
1290 4566 1347 4620 ln
1386 4574 1438 4620 te
1471 4563 1824 4618 conﬁrmatus
1877 4578 1999 4617 sum
2053 4577 2121 4618 ex

2223 3374 2431 3446 μητρός
2465 3391 2568 3446 μου
2599 3374 2662 3428 σύ
2695 3391 2794 3446 μου
2834 3369 2885 3427 εἴ
2925 3373 3255 3445 σκεπαστής.
3302 3392 3320 3426 ι
3345 3372 3414 3426 Τὸ
3438 3372 3534 3442 μὲν
3571 3371 3635 3423 ὲκ
3663 3371 3801 3434 νέας

2215 3463 2433 3534 ἡλικίας
2460 3465 2555 3519 ἐπὶ
2603 3464 2696 3517 τὸν
2745 3463 2879 3517 Θεὸν
2906 3462 3145 3528 ἐλπίζειν
3182 3462 3374 3531 λέγοιτ’
3418 3461 3483 3515 ἂν
3524 3460 3619 3515 καὶ
3660 3460 3797 3532 περὶ

2215 3556 2518 3611 τοῦ²Δαυῖδ.
2553 3557 2835 3629 Ἐπείπερ,
2872 3556 2992 3620 νέος
3017 3555 3092 3610 ὣν
3110 3557 3215 3610 ’καὶ
3244 3555 3541 3626 ποιμαίνων
3567 3553 3635 3608 τὰ
3657 3553 3795 3625 πρό-

2219 3650 2356 3704 ϐατα
2393 3651 2591 3704 Ἰεσσαῖ¹
2647 3650 2739 3704 τοῦ
2797 3649 3024 3721 πατρὸς,
3060 3648 3238 3703 πίστει
3268 3648 3362 3703 καὶ
3406 3647 3578 3702 ἑλπίδι
3618 3650 3688 3720 τῇ
3714 3648 3799 3713 είς

2216 3741 2309 3794 τὸν
2335 3741 2468 3796 Θεὸν
2501 3743 2593 3796 καλ¹
2622 3742 2800 3797 λέουσι
2833 3740 2929 3795 καὶ
2960 3742 3182 3813 ἄρκτοις
3220 3740 3378 3813 ἐπῄει
3407 3743 3508 3813 τῆς
3530 3740 3640 3794 τῶν
3672 3755 3804 3811 προ-

2219 3834 2401 3888 ϐάτων
2447 3834 2719 3907 σωτηρίας
2755 3833 2953 3887 ἕνεκα⁸
2984 3832 3075 3886 τὸν
3102 3831 3263 3886 καλὸν
3300 3831 3634 3904 μιμούμενος
3672 3847 3797 3885 ποι-

2220 3926 2379 3997 μένα,
2414 3927 2543 3998 περὶ
2575 3918 2635 3979 οὗ
2674 3925 3063 3998 εἴρηταιῚὊν
3079 3918 3277 3998 τρόπον
3310 3926 3438 3979 ὅταν
3483 3923 3799 3998 ὲκσπάσῃό

2222 4018 2424 4090 ποιμὴν
2451 4018 2516 4071 ὲκ
2559 4017 2823 4088 στόματος
2852 4017 2947 4072 τοῦ
2982 4017 3195 4081 λέοντος
3231 4016 3325 4071 δύο
3361 4017 3548 4088 σκέλη,
3577 4017 3611 4089 ἢ
3638 4016 3799 4071 λοϐὸν

2220 4109 2399 4165 ὠτίου.
2432 4127 2450 4160 ι
2488 4108 2647 4162 Ἀλλὰ
2676 4113 2770 4164 καὶ
2797 4111 3079 4183 παιδάριον
3100 4107 3177 4163 ὢν
3206 4098 3405 4180 ἦλαυνε
3420 4110 3481 4164 τὸ
3501 4108 3799 4180 πνεῦματδ

2224 4201 2459 4273 πονηρὸν
2489 4202 2599 4255 ἀπὸ
2618 4202 2712 4256 τοῦ
2750 4202 2922 4257 Σαοὺλ
2949 4202 3175 4273 δυνάμει
3206 4205 3443 4265 πίστεως
3454 4201 3553 4255 καὶ
3582 4200 3800 4264 ἐλπίδος

2220 4288 2321 4357 τῆς
2340 4290 2419 4352 εἰς
2454 4288 2545 4342 τὸν
2570 4289 2721 4343 Θεόν.
2754 4290 3002 4344 Ἐπειδὰν
3023 4294 3118 4345 καὶ
3149 4294 3258 4356 πᾶς
3283 4294 3312 4346 ὁ
3334 4293 3397 4345 ὲκ
3425 4292 3554 4355 νέας
3582 4292 3801 4361 ἡλικίας

2219 4382 2321 4451 τῆς
2349 4379 2493 4434 κατὰ
2523 4380 2654 4434 Θεὸν
2688 4381 2917 4453 ἐκλογῆς
2949 4383 3369 4456 κατηξιωμένος,
3392 4377 3503 4446 οἶος
3526 4378 3596 4454 ἦν
3625 4382 3798 4453 Τιμό-

2224 4468 2343 4534 θεος
2374 4472 2439 4524 ὲκ
2474 4472 2659 4535 παιδὸς
2683 4471 2812 4541 ἅγια
2840 4473 3145 4545 Γράμματα
3196 4472 3530 4545 μεμαθηκὼς
3552 4474 3635 4537 τὸ,
3667 4493 3688 4527 ι
3732 4473 3799 4528 Ἡ

2225 4559 2380 4625 ἐλπίς
2411 4579 2513 4633 μου
2536 4563 2600 4615 ὲκ
2626 4561 2873 4634 νεότητός
2901 4579 3022 4634 μου.
3053 4582 3072 4615 ι
3092 4564 3166 4617 Τὸ
3185 4563 3261 4628 δὲ,
3289 4582 3307 4614 ι
3332 4565 3456 4618 Ἐπὶ
3487 4563 3548 4617 σὲ
3572 4564 3801 4634 ἐπεστη-

550 4672 728 4726 utero,
759 4661 827 4715 de
853 4667 1043 4714 ventre
1069 4658 1263 4713 matris
1282 4673 1414 4714 mea:
1441 4666 1498 4711 tu
1518 4672 1578 4712 es
1602 4663 1882 4727 protector
1904 4668 2114 4718 meus,»

2224 4631 2421 4725 ρίχθην
2443 4652 2549 4706 ἀπὸ
2577 4631 2831 4724 γαστρὸς,
2857 4631 2921 4707 ὲκ
2946 4652 3152 4718 κοιλίας
3188 4654 3391 4727 μητρός
3440 4671 3563 4725 μου,
3596 4653 3662 4708 σύ
3696 4631 3799 4726 μοι»

552 4753 657 4809 soli
681 4751 973 4807 conveniat
1007 4748 1278 4803 Salvatori
1308 4756 1516 4807 nostro.
1537 4749 1631 4817 qui
1665 4745 2125 4802 immaculatuset

547 4843 688 4896 nihil
719 4842 1040 4910 inquinatus
1071 4847 1190 4894 erat
1236 4853 1346 4909 quo
1387 4846 1633 4908 tempore
1663 4838 1717 4891 in
1753 4845 1909 4891 utero
1942 4845 2124 4908 gesta-

552 4937 731 4986 natur.
760 4928 896 4983 Nam
928 4928 1125 4996 reliqui
1156 4926 1405 4982 homines
1437 4941 1649 4989 omnes,
1693 4925 1827 4980 dum
1848 4935 2003 4981 utero
2024 4942 2120 4997 ge-

551 5022 794 5077 stiuntur
838 5027 893 5074 et
921 5019 1150 5090 primam
1200 5017 1450 5088 corporis
1495 5017 1945 5073 constitutionem
1980 5017 2123 5072 acci-

555 5114 727 5182 piunt,
770 5113 928 5182 quasi
961 5114 1067 5167 ritu
1097 5113 1407 5183 plantarum
1436 5111 1703 5177 viventes,
1733 5127 1912 5181 neque
1941 5112 2122 5168 sensi-

548 5206 653 5262 bus
702 5219 879 5275 neque
928 5212 1110 5259 mente
1163 5219 1360 5261 sensus
1408 5211 1672 5276 sequente
1717 5211 1974 5271 utuntur;
2021 5202 2117 5260 sed

556 5299 715 5353 etiam
752 5298 871 5370 ipsa
905 5296 1154 5368 principe
1178 5298 1347 5351 animi
1384 5305 1542 5367 parte
1572 5304 1629 5352 et
1674 5303 1855 5353 mente
1880 5296 2118 5352 demersi

546 5391 688 5448 nihil
714 5407 746 5445 a
777 5404 959 5446 verme
999 5388 1277 5443 diil‘erunt.
1313 5386 1417 5452 Qui
1448 5396 1630 5442 autem
1662 5386 1772 5442 Deo
1797 5386 1951 5450 dicit,
1997 5403 2018 5437 ι
2059 5384 2121 5441 In

547 5491 606 5537 te
633 5481 987 5537 conﬁrmatus
1038 5494 1157 5533 sum
1205 5494 1269 5532 cx
1305 5485 1479 5542 utero,
1513 5495 1538 5527 -ι
1590 5492 1698 5531 non
1741 5476 1906 5529 modo
1938 5490 1997 5529 se
2024 5473 2116 5528 Dei

2218 4732 2274 4791 εἴ
2319 4739 2650 4809 σκεπαςτὴς,
2690 4758 2707 4790 ι
2742 4740 2886 4812 μόνῳ
2911 4739 2977 4795 ἂν
3027 4741 3257 4815 ἁρμόζοι
3278 4742 3356 4815 τῷ
3388 4743 3604 4817 Σωτῆρι
3641 4744 3801 4816 ἡμῶν

2219 4827 2481 4899 ὰθολώτῳ
2531 4828 2624 4881 καὶ
2668 4829 2954 4900 ἁσυγχύτῳ
3008 4832 3282 4903 γενομένῳ
3334 4831 3452 4885 καθ’
3515 4831 3578 4885 δν
3640 4835 3800 4884 ἐκυο-

2226 4924 2444 4993 φορείτο
2467 4920 2672 4991 καιρόν⁴
2703 4922 2765 4974 υί
2800 4922 2898 4993 μὲν
2924 4921 3032 4993 γὰρ
3074 4922 3249 4977 λοιποὶ
3290 4922 3491 4986 πάντες
3522 4921 3801 4994 ἄνθρωποι

2225 5012 2285 5065 ἐν
2317 5012 2395 5081 τῷ
2427 5011 2763 5077 κυΐσκεσθαι,
2814 5012 2909 5066 καὶ
2954 5012 3178 5085 πρώτην
3205 5014 3499 5085 λαμϐάνειν
3538 5012 3800 5067 σύστασιν

2225 5104 2318 5159 τοῦ
2353 5104 2620 5176 σώματος,
2654 5105 2885 5177 φυτικὴν
2904 5104 3093 5178 ὥσπερ
3112 5106 3258 5176 ζωὴν
3286 5107 3515 5172 ζῶντες,
3536 5104 3662 5158 οὔτε
3689 5106 3803 5167 τοῖς

2223 5194 2315 5249 τοῦ
2339 5195 2988 5269 σώματοςαίσθητηρίοις,
3012 5196 3136 5251 οὔτε
3146 5200 3213 5267 τῇ
3226 5196 3432 5267 διανοίᾳ
3456 5195 3803 5267 παρακαλοῦ·-

2226 5288 2391 5359 θοὺσῃ
2442 5286 2769 5360 κέχρηνται·
2806 5290 2941 5344 ἀλλὰ
2976 5290 3071 5344 καὶ
3099 5289 3160 5343 τὸ
3188 5286 3510 5359 ἡγεμονικὸν
3532 5285 3668 5341 αὐτὸ
3703 5285 3805 5340 καὶ

2223 5379 2315 5435 τὸν
2343 5379 2465 5433 νοῦν
2497 5377 2914 5453 βεϐαπτισμένοι
2940 5421 2955 5446 ,
2983 5380 3135 5435 οὐδὲν
3164 5378 3445 5451 σκώληκος
3473 5378 3719 5448 διενέγκῃ
3731 5395 3806 5432 ,εν

2226 5473 2311 5526 ἄν.
2357 5473 2416 5525 '0
2450 5472 2505 5526 δὲ
2547 5472 2721 5542 λέγων
2746 5473 2825 5545 τῷ
2877 5473 3017 5545 Θεῷ,
3056 5493 3074 5543 ς
3124 5473 3247 5527 Ἐπὶ
3294 5474 3351 5529 σὲ
3399 5468 3723 5544 ἐπεστηρίχε
3740 5486 3804 5542 ην

615 5639 667 5671 ⁸⁸
700 5636 847 5698 Fsal.
883 5651 1014 5701 nx,
1041 5635 1102 5691 5.
1177 5634 1224 5668 ⁸⁸
1254 5633 1450 5688 Ezech.
1493 5647 1698 5697 xxxvii,
1726 5630 1817 5686 25.
1894 5630 1940 5662 ⁸⁷
1968 5628 2133 5683 Amos
2160 5641 2238 5693 tu,
2263 5626 2349 5681 l2.
