4014 6206
277 316 378 372 777

1391 313 1811 369 COMMENTAR

1924 312 1988 369 ΙΝ
2027 313 2363 370 PSALMOS.
3376 315 3477 366 ’τἹὸ

264 435 372 492 ἀπὸ
397 431 650 504 γαστρὸς,
688 450 705 482 ι
739 431 800 485 οὑ
835 431 993 502 μόνον
1019 432 1216 501 γνῶσιν
1257 433 1509 501 ἐμφαίνει
1529 431 1811 502 κεκτῆσθαι

1925 417 2235 502 cognitione
2257 431 2522 487 imbutum
2555 430 2726 486 fuisse
2769 429 3028 495 ostendit,
3051 431 3145 486 sed
3170 431 3334 484 etiam
3366 443 3474 481 ma-

264 525 418 589 Θεοῦ,
447 522 579 578 ἀλλὰ
611 524 702 577 καὶ
730 523 988 593 μεγίστην
1014 522 1209 595 ἀρετὴν
1246 521 1492 592 φιλοθέου
1523 522 1820 593 δυνάμεως,

261 618 326 673 δι’
357 613 426 690 ἦς
441 617 527 669 ἐπ’
561 616 722 670 αὑτὸν
760 614 851 668 τδὺ
883 614 1014 669 Θεὸν
1069 615 1400 689 ἐστηρίζετο.
1442 616 1552 670 Καὶ
1587 615 1822 680 τοιοῦτος

259 705 329 782 ἧν
378 709 730 778 κυῖσκόμενος
766 705 857 759 καὶ
901 708 958 759 ἐν
987 707 1185 779 γαστρὶ
1214 710 1311 779 τῆς
1334 707 1539 778 μητρὸς
1585 704 1820 776 συλλαμ-

260 797 574 860 ϐανόμενος.
598 796 670 849 Τὸ
693 793 773 858 δὲ,
809 812 829 846 ι
876 795 970 849 Ἐκ
1007 795 1210 859 κοιλίας
1238 796 1440 868 μητρός
1475 813 1574 867 μου
1600 791 1651 849 εἷ
1699 812 1822 848 σκε-

260 893 492 958 παστης,
517 906 535 938 ι
573 886 792 941 δύναται
821 889 912 940 καὶ
932 888 1022 940 ἐπὶ
1050 887 1264 941 πάντων
1299 887 1573 959 ἁρμόζειν.
1612 887 1674 942 Εί
1714 887 1821 959 γὰρ

261 980 338 1052 μὴ
391 980 523 1033 6εοῦ
577 970 805 1050 δύναμις
845 979 1098 1052 ἐφρούρει
1145 980 1238 1032 καὶ
1288 977 1550 1047 ἐφύλαττε
1581 978 1642 1032 τὸ
1681 977 1822 1032 κατὰ

257 1071 496 1143 ταττρὺς
532 1061 904 1142 κυῖσκόμενον,
945 1072 1053 1125 οὐδ’
1082 1069 1147 1124 ἂν
1195 1071 1442 1142 συνέστη,
1477 1070 1666 1124 οὐδ’ἂν
1695 1088 1822 1141 μετ-

257 1162 386 1233 έσχε
423 1161 592 1233 ζωῆς,
633 1163 770 1234 μήτε
799 1165 948 1215 πνεῖν
972 1161 1288 1232 δυνάμενον,
1311 1163 1446 1233 μήτε
1477 1164 1589 1226 τοῖς
1617 1161 1822 1225 λοιποῖς

259 1252 560 1324 κεχρῆσθαι
585 1251 976 1323 αἰσθητηρίοις.
1027 1251 1194 1305 Πάλιν
1225 1251 1284 1305 δὲ
1315 1251 1408 1305 καὶ
1442 1253 1498 1303 ἐν
1525 1251 1698 1321 τούτῳ
1731 1250 1819 1304 λέ-

256 1359 391 1411 1w,
425 1359 442 1394 ι
471 1341 544 1393 Σύ
592 1353 692 1410 μου
731 1335 783 1393 εἴ
823 1341 1150 1412 σκεπαστὴς,
1190 1361 1209 1393 ι
1242 1341 1518 1411 ἐνέφαινεν
1548 1340 1819 1412 ἐξαίρετόν

255 1450 308 1484 τι
335 1431 626 1503 ἐσχηκέναι
652 1431 798 1503 παρὰ
812 1432 936 1496 τοὺς
956 1431 1175 1497 λοιποὺς
1199 1432 1323 1496 τοὺς
1346 1435 1402 1486 ἐν
1421 1432 1596 1504 κοιλίᾳ
1617 1431 1820 1504 μητρὸς

257 1522 675 1596 συλληφθέντας.
733 1523 883 1594 Τάχα
925 1523 1032 1596 γὰρ
1075 1525 1166 1578 ἐπὶ
1205 1525 1302 1595 μὲν
1345 1525 1442 1597 τῆς
1481 1523 1589 1577 τῶν
1617 1523 1818 1578 λοιπῶν

255 1614 560 1686 ἀνθρώπων
592 1614 854 1682 γενέσεως
882 1615 1028 1670 ἄλλοι
1053 1617 1195 1680 τινὲς
1215 1613 1582 1689 ’ἐφεστήκασιν
1602 1617 1818 1686 ἄγγελοι

253 1705 658 1776 διακονούμενοι
701 1709 764 1778 τῇ
795 1706 1022 1760 ἑκάστου
1067 1709 1148 1772 είς
1171 1707 1262 1761 τὸν
1293 1707 1407 1778 βίον
1441 1708 1688 1780 παρόδῳ·
1726 1709 1817 1760 ἐπὶ

1919 536 2078 590 gnam
2112 538 2171 578 se
2197 521 2472 585 virtutem,
2507 523 2726 592 vimque
2758 522 2959 575 amoris
2989 535 3117 591 erga
3155 522 3341 580 Deum,
3368 533 3476 587 qua

1918 609 1975 664 in
2009 611 2130 680 ipso
2169 612 2614 677 conﬁrmabatur,
2654 612 2910 666 habuisse
2940 611 3295 665 demonstrat.
3326 606 3477 662 Talis

1919 709 2098 757 autem
2127 704 2186 756 in
2224 712 2379 758 utero
2408 712 2461 758 et
2511 703 2565 756 in
2607 711 2795 758 ventre
2843 702 3034 756 matris
3061 699 3358 756 conclusus
3387 701 3478 753 ille

1918 803 2056 850 erat.
2089 795 2227 850 Illud
2257 810 2407 860 vero,
2445 813 2464 846 ι
2502 794 2577 850 De
2597 804 2786 850 ventre
2809 795 3000 849 matris
3023 809 3154 849 mere
3183 800 3242 846 tu
3266 807 3325 846 es
3349 806 3480 862 pro-

1918 895 2110 952 lector,
2146 906 2164 938 ι
2217 888 2471 942 omnibus
2506 889 2799 942 convenire
2825 887 3017 958 possit.
3047 885 3162 941 Nisi
3201 885 3345 940 enim
3379 883 3474 939 Dei

1918 977 2092 1034 virtus
2120 977 2423 1034 custodiret
2467 994 2530 1033 ac
2583 987 2828 1034 servaret
2877 978 3047 1032 fetum
3098 977 3262 1042 uteri,
3296 991 3475 1046 neque

1918 1068 2271 1135 formaretur,
2323 1087 2500 1142 neque
2545 1072 2668 1126 vitae
2717 1071 2991 1142 particeps
3017 1079 3183 1135 esset,
3221 1086 3344 1125 cum
3375 1085 3477 1125 nec

1916 1163 2208 1232 respirare,
2238 1178 2339 1218 nec
2378 1164 2602 1235 reliquis
2646 1165 2898 1220 sensibus
2950 1166 3030 1218 uti
3076 1164 3297 1218 valeret.
3334 1163 3476 1216 Rur-

1917 1266 2146 1323 sumque
2165 1268 2288 1308 cum
2321 1253 2474 1318 dicit.
2499 1273 2516 1305 ‹
2542 1254 2622 1309 Tu
2641 1271 2701 1310 es
2728 1262 3005 1325 protector
3035 1270 3209 1317 meus,
3237 1273 3255 1306 ι
3285 1270 3344 1309 se
3376 1254 3476 1308 ali-

1917 1343 2047 1413 quid
2070 1346 2420 1415 prazstantius
2447 1346 2674 1416 reliquis
2709 1346 3020 1401 hominibus
3054 1345 3110 1400 in
3140 1352 3330 1401 ventre
3360 1361 3476 1399 ma-

1917 1435 2018 1490 tris
2078 1437 2356 1506 conceptis
2421 1437 2678 1492 habuisse
2735 1445 3149 1494 commonstrat.
3218 1436 3476 1493 Fortasse

1917 1526 2115 1596 quippe
2148 1525 2202 1580 in
2242 1527 2577 1598 reliquorum
2608 1529 2890 1583 hominum
2914 1531 3260 1600 generatione
3292 1529 3467 1599 angeli

1916 1614 2138 1684 quidam
2163 1615 2365 1670 adsunt
2399 1617 2741 1689 singulorum
2779 1618 2846 1673 ad
2876 1620 3044 1673 vitam
3074 1619 3341 1690 ingressui
3369 1619 3474 1672 mi-

1918 1706 2250 1774 nistrantes;
2281 1710 2337 1762 in
2364 1709 2711 1778 generatione
2735 1724 2863 1764 vero
2897 1707 3203 1764 Servatoris
3233 1710 3350 1780 ipse
3371 1706 3475 1782 Pa-

255 1797 314 1849 δὲ
342 1797 444 1867 τῆς
472 1796 734 1866 γενέσεως
784 1796 877 1850 τοῦ
933 1798 1181 1870 Σωτῆρος
1203 1839 1218 1860 ,
1249 1799 1408 1864 αὐτὸς
1440 1793 1509 1870 ἦν
1554 1801 1583 1852 ὁ
1628 1799 1811 1871 Πατὴρ

1912 1804 1996 1853 ter
2027 1804 2302 1868 protector
2328 1797 2448 1868 ejus
2474 1806 2625 1867 erat;
2657 1813 2828 1870 quare
2861 1801 2916 1853 in
2959 1801 3079 1870 ipso
3109 1799 3474 1854 conﬁrmaba-

261 1889 568 1961 σκεπαστὴς
593 1887 756 1943 αὑτοῦ
780 1889 1092 1962 γιγνόμενος
1110 1907 1124 1920 ·
1159 1890 1238 1944 διὸ
1258 1892 1351 1945 καὶ
1378 1891 1471 1944 ἐπὶ
1509 1892 1667 1946 αὑτὸν
1717 1893 1815 1946 ἐπ-

259 1983 592 2056 εστηρίζετο.
629 1983 815 2047 Οὕτως
859 1984 1148 2048 διαπαντὸς
1197 2004 1215 2036 ι
1266 1985 1498 2057 ὑμνησιν
1547 2005 1567 2039 ι
1621 1987 1811 2041 ἑαυτοῦ

259 2072 377 2148 εἶχε
405 2076 491 2130 τὸν
523 2077 755 2149 Πατέρα.
787 2076 876 2130 Διὸ
905 2077 1175 2147 ἐπιλέγειο
1213 2095 1234 2129 ι
1284 2079 1373 2132 Ἐν
1393 2080 1476 2132 σοὶ
1506 2081 1538 2150 ή
1584 2079 1816 2151 ὑμνησίς

261 2186 367 2238 μου
391 2168 693 2233 διαπαντός.
729 2169 846 2222 »οΟὑ
874 2168 982 2242 γὰρ
1021 2170 1228 2224 διέλιπέ
1268 2188 1389 2224 τινα
1418 2172 1606 2243 καιρὸν
1633 2172 1814 2244 ὑμνῶν

252 2257 348 2312 τὸν
398 2259 635 2330 Πατέρα,
693 2258 724 2329 ἢ
781 2259 873 2313 καὶ
918 2259 1251 2332 ὑμνούμενος
1305 2263 1395 2314 ὑπ’
1424 2262 1587 2315 αὑτοῦ
1629 2265 1720 2318 ἐπὶ
1747 2267 1812 2338 τῇ

251 2350 489 2422 τοσαύτῃ
510 2352 742 2424 ὑπακοῇ.
789 2351 948 2417 Ἀλλ’,
990 2353 1057 2406 Ἠ
1087 2353 1184 2423 μὲν
1206 2351 1334 2428 ἐμὴ,
1371 2353 1553 2423 φησὶν,
1589 2355 1812 2420 αῐνεσις,

249 2441 282 2513 ἢ
312 2442 409 2495 καὶ
443 2442 670 2514 ὑμνησις
699 2447 755 2498 ἐν
788 2445 870 2497 σοὶ
888 2443 1076 2514 γέγονε
1104 2443 1412 2508 διαπαντός.
1443 2445 1506 2499 Οἱ
1535 2444 1590 2498 δὲ
1632 2444 1816 2499 πολλοὶ

246 2531 363 2584 τῶν
407 2531 726 2605 ἀνθρώπων,
778 2533 942 2606 μηδὲν
975 2533 1175 2588 τούτων
1213 2535 1582 2607 ἐπιστάμενοι,
1628 2535 1814 2608 ὥσπερ

246 2623 415 2692 τέρας
444 2625 736 2695 ἐκτήσαντό
776 2643 863 2698 με.
891 2625 1182 2698 Τεράστιον
1204 2626 1334 2695 γοῦν
1365 2645 1419 2681 τι
1453 2629 1682 2699 πρᾶγμα
1704 2632 1815 2692 τοῖς

248 2713 469 2778 πολλοῖς
521 2715 802 2788 ἐγενόμην,
853 2716 928 2779 ὡς
954 2717 1182 2788 διάφορα
1227 2719 1355 2791 περὶ
1401 2719 1534 2789 ἐμοῦ
1574 2719 1814 2788 δοξάζειν

245 2803 486 2866 αὑτούς·
511 2805 623 2857 -καί
654 2823 802 2868 τινας
844 2805 942 2876 μὲν
963 2805 1094 2860 Θεὸν
1124 2803 1262 2861 εἶναι
1289 2809 1527 2878 άσαρκον
1559 2810 1650 2864 καί
1671 2809 1814 2864 ἀσώ-

246 2913 445 2967 ματον,
488 2895 703 2968 δοκήσει
757 2898 914 2968 μόνον
964 2898 1192 2967 ὀφθέντα
1241 2901 1332 2954 ἐπὶ
1373 2901 1496 2972 γῆς,
1540 2903 1811 2973 ήγεῖσθαι,

241 2985 406 3050 τινὰς
433 2987 487 3040 δὲ
514 2987 667 3058 ψιλὸν
695 2987 995 3061 ἄνθρωπον,
1035 2990 1110 3056 ὡς
1142 2991 1305 3064 μηδὲν
1334 2993 1492 3045 πλέον
1517 2994 1664 3067 παρὰ
1687 2995 1812 3058 τοὺς

243 3077 473 3142 λοιποὺς
495 3079 762 3150 ἐσχηκότα
786 3096 798 3110 ·
826 3082 920 3134 καὶ
950 3081 1141 3147 ἄλλους
1167 3082 1266 3153 μὲν
1295 3084 1453 3156 ἀραῖς
1485 3087 1578 3139 καὶ
1609 3086 1811 3158 δυσφη-

246 3171 407 3240 μίαις
441 3170 781 3237 ὑποϐάλλειν,
800 3173 1018 3246 ἐτέρους
1049 3175 1104 3228 δὲ
1135 3175 1310 3229 σέϐειν
1349 3179 1442 3230 καὶ
1468 3183 1808 3251 προσκυνεῖν.

243 3263 430 3336 Τέρας
453 3262 511 3316 δέ
537 3265 648 3326 τοῖς
675 3265 838 3317 πᾶσιν
868 3265 1082 3337 άληθῶς
1105 3266 1324 3335 γέγονεν
1358 3267 1386 3320 ὁ
1412 3268 1542 3339 ἐμὸς
1567 3269 1812 3334 θάνατος.

243 3353 323 3408 Τὸ
358 3352 469 3426 γὰρ
497 3355 724 3426 σταυρὸν
773 3357 1056 3427 ὑπομεῖναι
1101 3356 1230 3410 Θεὸν
1265 3358 1412 3423 ὄντα,
1457 3361 1549 3414 καὶ
1591 3359 1813 3414 τοιαῦτα

244 3446 445 3501 παθεῖν
483 3444 574 3499 τὸν
623 3447 826 3520 ἑτέροις
875 3446 1016 3520 ζωὴν
1071 3451 1480 3521 κεχαρισμένον,
1530 3453 1693 3525 τέρας
1744 3448 1814 3524 ἦν

241 3536 486 3606 ἀληθῶς.
538 3534 628 3589 Διό
671 3553 932 3609 φησινοοι
988 3537 1130 3590 Ὠσεὶ
1183 3539 1345 3610 τέρας
1391 3540 1650 3612 ἐγενήθην
1703 3545 1813 3607 τοῖς

244 3626 483 3690 πολλοῖς.
524 3645 544 3678 ο
585 3627 720 3680 Ἀλλ’
743 3629 801 3681 ἐν
833 3629 964 3682 πᾶσι
996 3631 1200 3694 τούτοις
1226 3631 1312 3694 σὺ,
1339 3633 1490 3701 φησὶ,
1527 3650 1545 3684 ι
1572 3631 1762 3704 βοηθός
1786 3653 1804 3685 ι

245 3737 353 3790 μου
386 3719 620 3788 γέγονας
653 3739 671 3770 ι
708 3721 966 3792 κραταιός
987 3738 1000 3751 ·
1043 3741 1062 3772 ι
1099 3722 1219 3776 οὑδέ
1249 3721 1357 3795 γὰρ
1388 3722 1542 3778 ἄλλον
1583 3725 1812 3797 ἐκτησά-

245 3828 360 3882 μην
393 3809 606 3882 βοηθόν.
633 3811 814 3865 Πάντα
840 3812 948 3883 γὰρ
973 3808 1041 3884 ἦν
1070 3813 1295 3886 δεύτερα
1319 3815 1413 3868 καὶ
1439 3816 1812 3888 ὑποϐεϐηκότα

1918 1897 2028 1942 tur.
2063 1887 2156 1942 Sic
2196 1905 2410 1960 semper
2464 1909 2482 1944 ι
2532 1891 2898 1946 cantationem
2933 1910 2952 1942 ι
2990 1892 3179 1946 habuit
3208 1893 3265 1946 in
3294 1890 3492 1962 Patris.

1916 1978 2152 2036 laudem.
2185 1979 2366 2046 Quare
2394 1982 2582 2038 subdit
2616 2001 2630 2037 :
2671 2001 2692 2034 ‹
2731 1981 2788 2036 1η
2818 1990 2872 2038 te
2898 1983 3139 2037 cantatio
3167 1998 3286 2038 mea
3331 1999 3476 2038 sem-

1916 2085 2030 2140 per.
2074 2089 2094 2122 ι
2130 2069 2348 2127 Nullum
2395 2077 2540 2129 enim
2572 2075 2920 2146 praetermisit
2958 2083 3196 2146 tempus,
3229 2075 3361 2145 quin
3393 2076 3474 2131 vel

1915 2161 2131 2220 Patrem
2160 2165 2378 2238 hymnis
2429 2167 2751 2232 celebraret,
2796 2169 2878 2223 vel
2932 2167 3002 2223 ab
3031 2167 3153 2238 ipso
3196 2183 3295 2238 pro
3322 2176 3473 2222 tanta

1913 2257 2272 2328 obsequentia
2319 2260 2707 2315 celebraretur.
2761 2258 2962 2316 Verum
3018 2261 3114 2327 ait,
3161 2258 3308 2316 Laus
3361 2260 3475 2315 sive

1915 2348 2154 2403 cantatio
2175 2364 2295 2405 mea
2318 2349 2373 2405 in
2391 2359 2443 2407 te
2459 2349 2562 2406 fuit
2585 2367 2820 2422 semper.
2848 2350 3137 2406 Hominum
3162 2367 3293 2407 vero
3317 2351 3475 2405 multi

1914 2439 2108 2494 horum
2137 2442 2333 2511 ignari,
2371 2451 2630 2514 tanquam
2669 2444 2977 2514 prodigium
3021 2459 3108 2499 me
3141 2443 3471 2500 habuerunt.

1914 2527 2290 2600 Prodigiosum
2331 2548 2460 2604 ergo
2491 2532 2768 2602 quidpiam
2819 2533 3006 2590 multis
3047 2533 3273 2590 eﬂectus
3326 2550 3471 2600 sum,

1914 2619 1986 2676 ita
2015 2629 2074 2675 ut
2115 2622 2171 2677 in
2223 2624 2404 2680 varias
2439 2625 2507 2680 de
2556 2642 2643 2680 me
2679 2625 2981 2682 sententias
3016 2625 3265 2691 abirent;
3295 2633 3350 2682 et
3380 2627 3472 2680 alii

1905 2710 2129 2784 quidem
2162 2710 2329 2767 Deum
2357 2728 2523 2769 carne
2565 2730 2793 2769 vacuum
2823 2723 2880 2770 et
2909 2717 3312 2784 incorporeum.
3355 2716 3471 2770 sola

1912 2800 2093 2870 specie
2115 2801 2291 2857 visum
2320 2802 2378 2857 in
2408 2811 2552 2859 terra
2593 2813 2886 2876 putarent;
2919 2807 3012 2862 alii
3045 2805 3254 2861 nudum
3292 2805 3471 2861 homi-

1913 2904 2055 2956 nem,
2089 2889 2226 2946 nihil
2261 2891 2384 2962 plus
2430 2907 2593 2963 quam
2625 2893 2716 2947 alii
2748 2893 3067 2962 habentem;
3101 2893 3192 2948 alii
3217 2907 3470 2948 exsecra—

1911 2979 2157 3037 tionibus
2179 2989 2236 3039 et
2267 2983 2533 3040 conviciis
2563 3000 2648 3040 me
2675 2985 3039 3055 subjicerent;
3089 2985 3180 3040 alii
3229 2984 3470 3038 colerent

1909 3080 1965 3126 et
1997 3073 2309 3130 adorarent.
2341 3071 2486 3131 Mors
2535 3091 2665 3132 vero
2699 3091 2820 3132 mea
2865 3075 3118 3132 omnibus
3164 3075 3468 3146 prodigium

1914 3164 2072 3234 plane
2099 3164 2219 3218 fuit.
2259 3164 2395 3219 Nam
2425 3182 2549 3222 eum
2579 3167 2672 3239 qui
2699 3166 2842 3224 Deus
2880 3177 3027 3224 esset
3061 3183 3280 3223 crucem
3312 3169 3473 3224 susti-

1913 3271 2062 3321 nere,
2093 3265 2148 3313 et
2169 3257 2296 3313 talia
2328 3259 2440 3328 pati
2466 3273 2592 3314 eum
2634 3259 2729 3330 qui
2784 3260 2906 3314 aliis
2952 3259 3468 3330 vitamimpertiret,

1914 3361 2036 3401 vere
2061 3347 2367 3418 prodlgium
2399 3357 2537 3404 erat.
2572 3347 2936 3415 Quamobrem
2967 3352 3082 3406 ait:
3124 3369 3142 3400 ι
3184 3348 3465 3420 Tanquam

1911 3439 2218 3510 prodigium
2245 3439 2423 3495 factus
2453 3457 2574 3496 sum
2595 3442 2801 3508 multis.
2833 3461 2852 3494 ι
2889 3442 2995 3498 Sed
3026 3444 3080 3497 in
3106 3443 3191 3499 his
3213 3444 3466 3499 omnibus

1911 3536 1968 3581 tu
2001 3529 2156 3594 mihi,
2189 3529 2386 3601 inquit,
2425 3549 2443 3583 ι
2481 3531 2699 3602 adjutor
2733 3531 2913 3597 fortis,
2985 3551 3004 3585 ι
3073 3533 3245 3588 fuisti.
3283 3533 3468 3604 Neque

1909 3617 2052 3672 enim
2101 3619 2233 3672 mihi
2282 3620 2423 3676 alius
2461 3619 2681 3691 adjutor
2731 3623 2963 3678 exstitit.
3019 3620 3212 3678 Omnia
3266 3625 3467 3694 quippe

1908 3710 2097 3764 virtuti
2119 3725 2253 3766 mea:
2279 3711 2534 3768 inferiora
2561 3722 2616 3768 et
2657 3714 2883 3784 imparia
2905 3723 3063 3770 erant
3097 3733 3109 3769 :
3145 3724 3201 3770 tu
3233 3732 3360 3771 vero
3378 3732 3469 3772 so-

1909 3799 2015 3864 lus,
2051 3815 2210 3872 quem
2238 3801 2368 3855 mihi
2395 3803 2449 3857 in
2473 3819 2622 3874 spem
2654 3805 2909 3876 ascripsi,
2952 3805 3102 3861 fuisti
3144 3805 3278 3860 mihi
3315 3825 3333 3858 ‹
3372 3806 3470 3860 ad-

241 3904 348 3974 τὴν
377 3902 516 3974 ἐμὴν
563 3902 786 3974 δύναμιν
809 3919 822 3933 ’
852 3906 916 3959 σὺ
961 3905 1018 3958 δὲ
1054 3905 1230 3976 μόνος,
1263 3906 1320 3960 ὃν
1355 3907 1544 3962 ἐλπίδα
1576 3909 1808 3979 ἐμαυτὸν

1911 3892 2055 3962 iutor
2084 3893 2261 3948 fortis.
2305 3913 2322 3946 ι
2357 3895 2668 3952 Secundum
2691 3896 3077 3967 Symmachum
3108 3897 3238 3952 item
3273 3897 3466 3954 simili-
3552 3951 3559 3957 ,

241 3994 675 4067 ὑπεγραψάμην,
719 4015 738 4048 ι
769 3995 959 4067 βοηθός
993 4017 1011 4049 ι
1040 4015 1139 4068 μου
1173 3998 1400 4068 γέγονας
1429 4019 1448 4050 ι
1473 4001 1746 4072 κραταιός.
1785 4019 1802 4052 ι

1911 3995 1990 4041 ter
2023 3986 2244 4054 dicitur,
2285 4009 2304 4038 ι
2345 3986 2466 4042 Tibi
2501 3989 2856 4046 conﬁrmatus
2907 4005 3027 4045 sum
3056 4005 3123 4045 ex
3161 3997 3371 4054 ventre,
3399 4006 3468 4045 ex

241 4087 358 4141 Καὶ
413 4085 555 4140 κατὰ
597 4087 686 4141 τὸν
714 4087 1004 4159 Σύμμαχον
1041 4089 1100 4143 δὲ
1137 4091 1336 4161 ὁμοίως
1378 4091 1618 4162 εἴρηται’
1650 4112 1669 4145 ι
1718 4095 1808 4148 Σοὶ

1911 4077 2208 4132 visceribus
2239 4078 2429 4134 matris
2469 4093 2601 4133 mea:
2633 4085 2691 4132 tu
2725 4078 3006 4149 respexisti
3050 4094 3156 4133 me.
3203 4077 3261 4132 In
3291 4087 3342 4134 te
3373 4094 3469 4146 pa-

243 4175 652 4249 ἐπεστηρίχθην
691 4178 799 4232 ἀπὸ
840 4179 1093 4252 γαστρὸς,
1130 4182 1236 4236 ἀπὸ
1264 4182 1372 4235 τῶν
1411 4185 1690 4240 ἐνδοσθίων
1711 4188 1807 4260 τῆς

1911 4168 2098 4223 tientia
2145 4184 2266 4224 mea
2312 4179 2597 4241 perpetuo,
2640 4179 2899 4242 tanquam
2951 4172 3256 4242 prodigium
3289 4172 3467 4226 factus

243 4267 458 4339 μητρός
504 4286 605 4340 μου
656 4269 720 4322 σὺ
765 4270 972 4335 ὲπεῖδές
1018 4288 1105 4341 με.
1135 4273 1229 4336 Et;
1264 4274 1322 4327 σὲ
1361 4276 1392 4346 ὴ
1429 4275 1664 4350 ἀναμονὴ
1703 4296 1804 4349 μου

241 4359 558 4431 ἐνδελεχῶς,
588 4360 718 4416 ὡσεὶ
747 4362 909 4433 τέρας
952 4364 1216 4434 ἐγενόμην
1241 4369 1352 4428 τοῖς
1375 4368 1584 4430 πολλοῖς
1603 4386 1616 4399 ·
1656 4373 1719 4424 σὺ
1749 4370 1805 4422 δὲ

242 4452 570 4524 πεποίθησίς
609 4472 710 4525 μου
742 4455 956 4528 ἰσχυρά.
993 4475 1012 4508 ι

323 4586 343 4618 ι
369 4566 716 4639 Πληρωθήτω
729 4568 790 4622 τὸ
812 4569 982 4641 στόμα
995 4588 1094 4641 μου
1110 4571 1386 4636 αἰνέσεως,
1410 4573 1555 4637 ὅπως
1581 4575 1806 4646 ὑμνήσω

240 4659 346 4731 τὴν
366 4659 521 4726 δόξαν
554 4676 669 4722 σου,
694 4659 822 4732 ὃλην
852 4660 949 4732 τὴν
971 4662 1179 4735 ἡμέραν
1217 4663 1315 4735 τὴν
1341 4665 1806 4737 μεγαλοπρέπειὼθ

243 4767 366 4805 σου.
401 4771 420 4803 ι
453 4750 590 4823 Ἤδη
625 4753 722 4823 μὲν
755 4752 892 4806 κατὰ
932 4753 1022 4806 τὸν
1057 4753 1390 4825 παρελθόντα
1422 4756 1609 4828 χρόνον
1633 4756 1804 4827 ὑμνη-

242 4839 332 4901 σίς
361 4855 483 4909 μου,
506 4842 688 4911 φησὶν,
737 4842 793 4893 ἐν
838 4841 921 4895 σοὶ
947 4841 1134 4910 γέγονε
1158 4843 1443 4908 διαπαντός
1462 4860 1476 4874 ο
1514 4844 1650 4916 πλὴν
1671 4844 1805 4898 ἀλλὰ

239 4927 492 5000 καὶπερὶ
521 4928 614 4982 τοῦ
642 4929 920 5001 μέλλοντος
937 4929 1146 5001 δέομαι,
1173 4929 1248 4993 ὡς
1276 4931 1341 4984 ἂν
1365 4931 1555 5004 μέχρις
1572 4931 1804 5002 ἐσχάτης

236 5020 396 5091 ὥρας
425 5019 519 5073 τοῦ
551 5019 665 5091 βίου
694 5020 755 5074 τὸ
789 5020 960 5092 στόμα
987 5037 1088 5091 μου
1119 5021 1219 5090 τῆς
1252 5022 1351 5092 σῆς
1385 5025 1638 5086 αἰνέσεως
1669 5023 1805 5094 πλη-

238 5109 409 5182 ρῷτο,
436 5111 531 5164 καὶ
555 5110 724 5173 οὕτως
742 5128 804 5180 γε
833 5111 1104 5183 πληρῷτο,
1133 5111 1208 5175 ὡς
1239 5112 1438 5182 μηδένα
1473 5113 1652 5184 χώραν
1679 5131 1801 5185 σχο-

236 5199 512 5264 λάζουσαν
556 5200 698 5271 ἔχειν
757 5202 884 5273 πρὸς
915 5202 975 5254 τὸ
1005 5201 1132 5256 ἄλλο
1179 5219 1230 5255 τι
1269 5201 1611 5270 φθέγγεσθαι,
1653 5238 1655 5240 η
1669 5204 1802 5276 μηδὲ

233 5290 550 5364 ἀνθρώποις
597 5293 834 5362 όμιλεῖνσ
882 5294 975 5346 καὶ⁵
1017 5292 1174 5347 τοῦτό
1231 5310 1319 5364 μοι
1376 5293 1611 5364 ὑπάρξαι
1666 5295 1800 5360 ἀξιῶ

234 5384 384 5438 κατὰ
413 5385 593 5438 πᾶσαν
619 5384 850 5456 ἡμέραν,
879 5386 968 5439 καὶ
991 5387 1050 5438 ἐν
1075 5386 1152 5457 τῷ
1180 5385 1339 5439 παντὶ
1363 5386 1534 5456 χρόνῳ
1555 5388 1652 5457 τῆς
1663 5389 1800 5459 ἐμῆς

239 5477 389 5548 ζωῆς
415 5477 491 5549 μὴ
521 5477 957 5549 ἀποστερηθῆναι
974 5478 1066 5532 καὶ
1081 5479 1447 5549 ἀποῤῥιφῆναι
1479 5477 1678 5548 ταύτης
1703 5479 1800 5550 τῆς

236 5569 482 5641 χάριτος,
506 5567 607 5622 κᾶν
636 5569 729 5622 ἐπὶ
755 5570 954 5640 γήραος
983 5569 1119 5640 οὑδῴ
1147 5569 1252 5623 δέοι
1271 5569 1488 5640 φθάσαι,
1521 5571 1654 5640 μηδὲ
1702 5572 1798 5641 μέ-

236 5677 364 5729 χρις
373 5661 606 5732 ἐσχάτης
617 5661 868 5732 τελευτῆς
879 5663 1004 5716 ἄλλο
1016 5663 1065 5714 τί
1079 5679 1145 5733 με
1159 5663 1357 5732 πρᾶττε
1368 5681 1412 5714 ιν
1425 5662 1455 5733 ἢ
1473 5661 1799 5733 πληροῦσθαι

238 5751 303 5804 τὸ
328 5753 498 5818 στόμα
527 5770 628 5820 μου
654 5754 748 5824 τῆς
783 5754 882 5823 σῆς
913 5753 1165 5816 αἰνέσεως
1187 5755 1278 5808 καὶ
1315 5754 1411 5822 τῆς
1447 5754 1542 5823 σῆς
1574 5755 1799 5823 μεὀἀλθ’

486 5849 750 5908 Parnm“
785 5848 900 5909 Gn.
940 5851 990 5910 Χ
1006 5849 1171 5911 XIII.

1907 4277 2026 4317 sum
2058 4261 2244 4317 multis
2279 4281 2292 4316 :
2324 4271 2381 4317 tu
2409 4279 2538 4319 vero
2571 4264 2767 4319 ﬁducia
2803 4279 2921 4319 mea
2941 4265 3120 4318 fortis.
3161 4283 3178 4314 ι

1977 4562 2140 4618 Vens.
2184 4562 2334 4617 8-H.
2405 4580 2423 4612 ι
2493 4560 2786 4631 chlcatur
2829 4578 2892 4617 os
2950 4579 3126 4617 meum
3163 4562 3340 4630 laude,
3404 4576 3461 4619 ut

1906 4664 2119 4711 cantem
2181 4654 2406 4723 gloriam
2462 4661 2654 4718 tuam,
2718 4662 2830 4709 tota
2894 4655 2982 4709 die
3031 4657 3458 4728 magnitudinem

1905 4758 2075 4805 tuam.
2115 4767 2134 4799 ι
2167 4745 2286 4801 lam
2341 4747 2634 4818 praeterito,
2676 4748 2872 4818 inquit,
2926 4757 3187 4820 tempore,
3218 4754 3462 4808 cantatio

1905 4855 2023 4894 mea
2055 4839 2110 4894 in
2144 4846 2196 4894 te
2230 4838 2331 4894 fuit
2359 4854 2574 4910 semper
2608 4859 2620 4893 :
2673 4850 2926 4896 caeterum
2959 4857 3055 4912 pro
3088 4842 3272 4898 futuro
3320 4860 3462 4916 quo-

1903 4946 2009 5000 que
2037 4931 2304 5003 supplico,
2334 4939 2393 4986 ut
2417 4933 2484 4988 ad
2516 4935 2759 4989 ultimam
2801 4935 2926 4990 vita:
2968 4936 3155 4990 horam
3188 4953 3250 4992 os
3275 4953 3460 4993 meum

1904 5023 2063 5079 laude
2089 5032 2178 5079 tua
2207 5026 2499 5094 repleatur,
2529 5034 2583 5080 et
2614 5027 2684 5081 ita
2719 5027 3014 5099 repleatur,
3047 5035 3107 5082 ut
3133 5029 3277 5083 aliud
3299 5031 3460 5099 quid-

1901 5118 2043 5187 piam
2076 5117 2350 5188 loquendi,
2384 5118 2468 5173 vel
2497 5133 2619 5172 cum
2653 5119 2965 5176 hominibus
2997 5121 3246 5177 versandi
3277 5124 3460 5178 nullus

1901 5210 2140 5280 supersit
2179 5210 2334 5265 locus
2365 5228 2378 5263 :
2406 5223 2600 5280 meque
2629 5212 2872 5282 quotidie
2901 5221 2956 5266 et
2999 5220 3112 5268 toto
3165 5215 3288 5268 vitae
3326 5227 3460 5267 mea:

1899 5302 2134 5358 decursu
2189 5301 2275 5356 ita'
2309 5311 2684 5372 comparatqu
2719 5319 2840 5361 esse
2882 5320 3035 5375 rogo,
3069 5314 3131 5360 ut
3158 5307 3250 5359 tali
3281 5305 3454 5374 gratia

1898 5395 2123 5450 orbatus
2155 5407 2434 5462 nunquam
2463 5408 2563 5447 nec
2585 5394 2844 5464 depulsus
2874 5397 2973 5450 sim
3005 5416 3016 5450 :
3051 5403 3216 5465 utque
3239 5393 3454 5449 θείου-λεὶ

1900 5487 1967 5542 ad
1992 5487 2153 5542 limen
2181 5483 2479 5541 senectutis
2508 5484 2967 5550 devenero,-nihil
3016 5487 3160 5540 aliud
3215 5486 3280 5539 ad
3312 5501 3455 5539 mor-

1898 5587 2004 5631 tem
2027 5590 2198 5645 usque
2217 5588 2494 5644 peragam,
2518 5589 2702 5643 quam,
2722 5573 2862 5643 quod
2891 5573 3164 5642 repleatur
3188 5586 3248 5624 os
3272 5586 3452 5629 meum

1899 5669 2056 5723 laude
2090 5673 2144 5720 et
2178 5665 2582 5737 magniﬁcentia
2617 5673 2730 5720 tua.
2766 5665 2870 5719 Pro
2910 5665 3002 5718 illo
3040 5672 3241 5726 autem,
3279 5679 3298 5712 ι
3337 5670 3453 5716 tota

1900 5759 2007 5827 die,
2044 5779 2060 5812 ι
2105 5758 2492 5831 Symmachus,
2533 5777 2550 5808 ‹
2591 5773 2684 5827 per
2735 5770 2948 5809 omnem
3001 5755 3167 5816 diem,
3224 5773 3241 5805 ι
3281 5753 3453 5810 edidit

3058 5848 3131 5908 εδ
