4062 6208
516 293 618 351 779

1177 291 1442 350 EUSEBII
1483 289 1963 348 CESARIENSIS
2001 287 2154 346 OPP.
2195 288 2375 344 PARS
2412 286 2500 344 Ill.
2522 320 2589 328 -—
2620 287 3027 344 EXEGETICA.

3627 287 3736 343 780

519 452 538 484 ι
571 431 883 502 Repleatur,
917 432 1115 504 inquit,
1170 448 1233 488 os
1266 448 1446 488 meum
1477 433 1638 488 laude
1665 440 1781 497 tua,
1827 447 1922 502 per
1954 446 2062 485 om-

2172 427 2456 501 πρεπείας.
2502 427 2646 480 Ἀντὶ
2675 426 2730 480 δέ
2753 426 2868 492 τοῦ,
2893 446 2911 477 ι
2941 425 3070 496 ὅλην
3099 426 3197 494 τὴν
3225 425 3455 498 ἡμέραν,
3483 443 3503 476 r
3534 425 3566 477 ὁ
3588 425 3734 496 Σύμο

511 538 636 578 nem
665 521 830 588 diem,
874 523 930 576 in
971 523 1170 578 decore
1203 534 1296 578 tuo
1328 539 1397 579 ne
1445 523 1678 593 abjicias
1707 539 1795 578 me
1830 530 2073 591 tempore

510 612 830 668 senectutis.
886 630 906 666 ι
946 608 1082 666 Nam
1133 612 1181 667 si
1231 612 1295 666 ad
1333 620 1670 668 senectutem
1706 624 1879 680 usque
1906 609 2072 662 vitam

509 703 766 758 devenire
803 718 978 759 meam
1015 711 1285 774 oporteat,
1322 718 1434 756 non
1491 702 1672 756 abnuo
1701 715 1716 753 :
1744 699 1798 753 id
1829 697 2072 768 supplico

510 805 743 864 tantum,
767 807 827 852 ut
854 811 919 852 os
943 811 1128 851 meum
1169 811 1448 866 nunquam
1494 793 1656 848 ﬁnem
1705 793 1867 846 faciat
1927 790 2072 844 cele—

508 888 704 944 brandi
729 888 943 944 laudem
972 896 1124 942 tuam
1154 895 1208 942 et
1233 885 1688 958 ruagniﬁcentiam
1710 891 1878 938 tuam.
1915 880 2071 947 Quod

506 980 556 1037 si
598 981 898 1036 senectutis
931 994 1098 1034 causa
1145 977 1441 1048 aliquando
1475 979 1620 1031 vires
1661 990 1748 1030 me
1794 974 2068 1039 deﬁciant,

509 1087 579 1127 ne
616 1082 746 1126 tunc
776 1071 996 1141 quidem
1029 1085 1117 1124 me
1142 1068 1514 1139 derelinquas.
1551 1065 1676 1121 llaec
1725 1067 1777 1120 in
1825 1066 2072 1120 oratione

510 1165 695 1220 dicere
724 1163 982 1218 convenit
1014 1171 1130 1216 tum
1165 1160 1448 1226 Davidem,
1479 1169 1594 1215 tum
1628 1160 1875 1232 quemvis
1903 1159 2072 1214 homi-

505 1270 630 1309 nem
679 1253 1013 1323 religiosum.
1048 1251 1434 1306 Animadverte
1479 1266 1643 1322 porro
1689 1250 1959 1320 quomodo
2002 1249 2070 1304 de

506 1345 789 1402 Salvatore
812 1346 879 1400 ah
900 1346 1165 1416 Apostolo
1195 1344 1419 1399 dicatur
1445 1361 1460 1398 :
1499 1363 1517 1394 ι
1548 1342 1854 1398 Cruciﬁxus
1885 1350 1968 1397 est
1999 1358 2068 1396 ex

503 1438 841 1502 inﬁrmitate,
869 1437 970 1494 sed
1002 1436 1135 1491 vivit
1164 1452 1231 1492 ex
1255 1437 1458 1491 virtute
1492 1434 1586 1489 Dei
1611 1435 1678 1490 ⁸⁸.
1722 1453 1741 1485 ι
1775 1433 1888 1488 Etsi
1921 1434 2065 1487 enim

504 1546 569 1584 ex
598 1530 915 1584 inlirmitate
946 1529 1244 1583 cruciﬁxus
1270 1528 1341 1583 sit
1381 1545 1396 1593 ;
1425 1537 1479 1580 at
1505 1539 1616 1580 non
1648 1525 1715 1578 ab
1748 1524 1872 1578 aliis
1906 1538 2069 1593 supe-

503 1630 658 1677 ratus
687 1640 702 1676 :
730 1622 846 1692 ipse
875 1620 1077 1690 quippe
1096 1634 1218 1674 sese
1245 1617 1518 1672 inﬁrmum
1545 1615 1746 1679 eﬁ‘ecit,
1781 1629 1947 1684 seque
1971 1613 2066 1669 de-

504 1710 744 1763 dititium
773 1709 1089 1763 hominibus
1125 1707 1346 1761 obtulit.
1373 1705 1530 1770 Quod
1560 1704 1724 1760 etiam
1758 1704 1874 1773 ipse
1903 1703 2064 1757 docet

2179 537 2368 592 μαχος,
2400 540 2417 572 ι
2444 519 2583 572 κατὰ
2604 522 2781 574 πᾶσαν
2819 518 3032 590 ἡμέραν
3069 537 3087 569 ι
3113 516 3338 580 ἐξέδωκε
3356 533 3369 546 ·
3410 535 3429 568 ι
3459 516 3734 589 Πλησθὲίη

2172 611 2234 666 τὸ
2259 611 2433 682 στόμα
2472 627 2564 664 σου
2603 611 2786 674 ατνους
2817 627 2910 662 σου
2944 607 3086 662 κατὰ
3121 610 3299 662 πᾶσαν
3320 607 3550 678 ἡμέραν,
3577 609 3635 661 ἐν
3663 612 3734 680 τῇ

2173 701 2472 775 εὐπρεπείᾳ
2509 717 2598 754 σου
2652 700 2724 772 μὴ
2757 699 3044 773 ἀποϐάλῃς
3075 716 3140 770 με
3175 698 3350 770 καιρῷ
3379 701 3579 771 γήρως.
3614 719 3633 752 ι
3667 702 3735 755 Et

2172 793 2278 864 γὰρ
2303 793 2409 846 δέοι
2463 791 2555 845 καὶ
2593 791 2752 862 μέχρι
2797 791 2983 862 γήρως
3018 792 3338 860 παρατεῖναι
3369 789 3466 859 τὴν
3496 789 3731 860 ήλικίαν,

2170 885 2326 938 τοῦτο
2356 883 2454 952 μὲν
2480 884 2542 935 ού
2584 880 2961 953 παραιτητέον,
2986 879 3211 933 ἱκετεύω
3243 877 3390 949 δὲμὴ
3424 880 3734 951 ἀποστερη-

2171 975 2327 1047 θῆναί
2363 992 2492 1028 ποτε
2539 973 2632 1026 τοῦ
2662 972 3045 1044 πεπληρῶσθαι
3086 971 3148 1024 τὸ
3178 972 3351 1042 στόμα
3378 989 3476 1041 μου
3504 972 3604 1042 τῆς
3631 971 3738 1042 σῆς

2170 1068 2426 1130 αἰνέσεως
2466 1067 2559 1120 καὶ
2600 1065 2698 1136 τῆς
2726 1065 2826 1136 σῆς
2862 1063 3350 1135 μεγαλοπρεπείας.
3383 1064 3445 1115 Εἰ
3477 1063 3534 1117 δέ
3557 1064 3738 1135 καιρῷ

2169 1177 2272 1212 τινι
2293 1157 2381 1212 διὰ
2405 1157 2578 1229 γῆρας
2603 1156 2813 1209 ἐκλίποι
2838 1157 2869 1225 ή
2923 1154 3075 1224 ἰσχύς
3096 1171 3217 1224 μου,
3251 1153 3383 1224 μηδέ
3414 1153 3532 1206 τότε
3569 1171 3636 1224 με
3665 1157 3738 1208 σὺ

2168 1249 2566 1319 ἐγκαταλίποις.
2612 1248 2796 1302 Ταῦτα
2829 1247 2925 1318 μὲν
2953 1243 3045 1299 οὖν
3079 1245 3304 1317 ἁρμόζοι
3339 1246 3405 1299 ἂν
3431 1245 3609 1314 λέγειν
3637 1248 3735 1300 καὶ

2167 1340 2246 1412 τῷ
2265 1339 2425 1394 Δαυῒδ
2453 1342 2563 1394 καὶ,
2588 1341 2747 1393 παντὶ
2789 1336 3056 1408 ἀνθρώπῳ
3096 1335 3332 1405 θεοφιλεῖ
3360 1337 3417 1389 ἐν
3445 1339 3563 1399 ταῖς
3595 1337 3732 1408 πρὸς

2166 1432 2256 1485 τὸν
2287 1431 2417 1486 Θεὸν
2458 1431 2778 1502 ἱκετηρίαις.
2826 1429 2947 1482 Ἐπὶ
2969 1428 3025 1480 δὲ
3053 1425 3148 1480 τοῦ
3165 1428 3412 1497 Σωτῆρος
3442 1428 3735 1499 ἐπίστησον

2165 1524 2312 1587 ὅπως
2335 1527 2546 1595 εἴρηται
2589 1521 2667 1593 τῷ
2712 1520 3012 1591 Ἀποστόλῳ
3038 1519 3118 1584 τὸ,
3152 1537 3172 1570 ι
3213 1517 3555 1591 Ἐσταυρώθη
3591 1519 3647 1572 δέ
3669 1519 3734 1584 ἐξ

2165 1615 2468 1679 ἀσθενείας,
2500 1613 2633 1668 ἀλλά
2661 1613 2724 1684 ζῇ
2756 1614 2821 1666 ἐκ
2849 1612 3128 1683 δυνάμεως
3153 1610 3308 1666 Θεοῦ.
3346 1631 3364 1662 ι
3402 1613 3463 1664 Εἰ
3495 1611 3606 1683 γὰρ
3634 1613 3729 1665 καὶ
3765 1606 3772 1610 ”

2166 1706 2224 1773 ἐξ
2271 1707 2553 1769 ἀσθενείας
2607 1703 2943 1777 ἐσταυρώθη,
2987 1703 3099 1757 ἀλλ’
3127 1702 3242 1756 οὔτι
3274 1720 3337 1771 γε
3372 1703 3609 1774 νικηθεὶς
3637 1704 3728 1771 ὑφ’

503 1802 590 1872 his
609 1801 826 1858 verbis:
859 1819 888 1852 .‹
928 1798 1096 1856 Nemo
1126 1799 1267 1854 tollit
1295 1791 1729 1854 animam-meam
1761 1810 1791 1849 a
1821 1811 1940 1850 me:
1967 1795 2061 1850 sed

2165 1797 2384 1868 ἐτέρων,
2415 1796 2575 1858 αὐτὸς
2599 1795 2654 1849 δὲ
2692 1794 2883 1848 ἐαυτὸν
2903 1793 3102 1863 ἀσθενῆ
3133 1795 3382 1864 ποιήσας,
3417 1795 3511 1847 καὶ
3538 1793 3729 1847 ἐαυτὸν

501 1905 601 1960 ego
623 1905 769 1960 pono
801 1904 986 1945 eama
1017 1889 1244 1958 meipso.
1269 1887 1600 1943 Potestatem
1628 1877 1803 1941 habeo
1827 1887 2062 1956 ponendi

501 1997 642 2048 eam,
660 1989 712 2036 et
734 1988 1056 2052 potestatem
1078 1980 1250 2035 habeo
1272 1979 1572 2049 recipiendi
1591 1992 1713 2034 eam
1726 1979 1793 2034 δ’.
1824 1999 1842 2030 ›
1864 1978 2065 2044 Quem-

502 2071 794 2125 admodum
849 2071 1014 2142 igitur
1070 2070 1376 2125 humiliavit
1425 2069 1797 2140 semetipsum,
1832 2068 2063 2124 formam

501 2162 645 2215 servi
675 2160 990 2230 accipiens;
1026 2162 1106 2215 Sic
1138 2175 1260 2216 sese
1293 2159 1576 2214 inﬁrmum
1631 2160 1832 2233 effecit,
1895 2168 1954 2214 ut
1996 2159 2065 2213 ab

501 2251 814 2308 hominibus
843 2252 962 2322 capi
987 2259 1192 2322 posset,
1231 2260 1398 2323 utque
1418 2267 1635 2308 crucem
1665 2253 1895 2318 subiret,
1935 2270 1953 2303 ι
1983 2251 2064 2306 fa-

499 2351 621 2401 ctus
647 2344 907 2399 obediens
928 2363 956 2396 .›
984 2343 1136 2397 Patri
1171 2364 1189 2395 ι
1227 2361 1403 2416 usque
1435 2346 1500 2400 ad
1547 2354 1798 2410 mortem,
1834 2353 2065 2400 mortem

500 2446 681 2491 autem
711 2436 895 2490 crucis
916 2435 985 2488 ’°.
1028 2454 1047 2486 ι
1083 2433 1265 2500 Quare
1294 2434 1390 2502 ait;
1438 2455 1457 2488 ι
1497 2435 1635 2492 Cum
1668 2437 1928 2492 defecerit
1953 2437 2066 2492 vir-

500 2538 590 2583 tus
620 2542 761 2592 mea,
795 2543 864 2582 ne
883 2526 1235 2598 derelinquas
1268 2543 1373 2583 me.
1405 2547 1426 2580 ι
1462 2527 1670 2584 Deinde
1699 2543 1821 2582 cum
1852 2529 2066 2599 passio-

497 2634 621 2674 nem
653 2623 1032 2684 memorasset,
1064 2617 1338 2686 passionis
1388 2625 1674 2672 auctorum
1731 2618 2062 2672 mentionem

496 2709 628 2764 facit
657 2707 848 2763 dicens
879 2726 892 2762 :
931 2726 949 2758 ι
995 2707 1131 2774 Quia
1167 2708 1421 2763 dixerunt
1452 2709 1661 2764 inimici
1691 2709 1796 2764 mei
1828 2709 1982 2772 mihi,
2011 2718 2064 2764 et

497 2802 589 2871 qui
614 2799 996 2855 custodiebant
1027 2799 1263 2853 animam
1310 2815 1517 2866 meam;
1566 2820 1585 2853 ι
1615 2801 1730 2856 sive
1764 2801 2062 2856 secundum

499 2891 907 2964 Symmachum,
948 2907 966 2940 ι
1005 2890 1069 2943 Et
1097 2891 1190 2960 qui
1219 2891 1587 2945 observabant
1608 2893 1843 2945 animam
1867 2908 2061 2960 meam,

499 2983 798 3038 consilium
824 2981 1064 3036 inierunt
1096 2981 1261 3037 simul
1291 2982 1536 3036 dicentes
1557 3022 1572 3047 ,
1605 2980 1749 3037 Deus
1778 2982 2066 3053 dereliquit

495 3091 650 3142 eum;
695 3072 1084 3144 persequimini
1129 3080 1181 3127 et
1234 3072 1675 3143 comprehendite
1733 3088 1896 3140 eum,
1935 3076 2063 3142 quia

495 3182 606 3222 non
631 3174 715 3220 est
746 3165 839 3235 qui
871 3164 1085 3233 eripiat.
1122 3183 1139 3214 ι
1178 3162 1301 3218 llaec
1344 3164 1545 3235 quippe
1573 3163 1829 3218 dicebant
1853 3165 2059 3234 princi-
2084 3205 2126 3262 ϐ

495 3272 595 3328 pes
627 3256 970 3311 sacerdotum
1000 3263 1054 3310 et
1082 3255 1174 3325 qui
1215 3271 1337 3309 cum
1372 3255 1440 3310 iis
1486 3263 1664 3319 erant,
1701 3255 1756 3308 in
1808 3261 2056 3326 tempore

493 3347 772 3421 passionis
806 3356 1088 3403 moventes
1113 3347 1294 3418 capita
1328 3361 1427 3420 sua
1482 3354 1535 3402 et
1590 3346 1670 3402 sic
1719 3347 2005 3418 loquentes
2040 3365 2054 3402 :

431 3507 434 3511 ς
499 3459 520 3493 ι
554 3439 658 3507 Qui
687 3440 920 3496 destruit
947 3439 1208 3508 templum
1244 3449 1297 3494 et
1329 3439 1384 3492 in
1417 3437 1594 3492 tribus
1625 3437 1819 3494 diebus
1852 3439 2060 3494 excitat

493 3531 649 3598 illud,
675 3532 812 3588 alios
839 3532 1019 3586 salvos
1041 3529 1192 3595 fecit,
1229 3531 1468 3600 seipsum
1505 3546 1615 3585 non
1645 3539 1823 3602 potest
1848 3533 2056 3587 salvum

495 3626 695 3681 facere.
734 3622 791 3679 Si
816 3639 912 3680 rex
945 3622 1111 3679 Israel
1144 3630 1250 3688 est,
1277 3622 1575 3678 descendat
1601 3636 1749 3678 nunc
1769 3623 1836 3680 de
1865 3639 2051 3690 cruce,

494 3725 550 3772 et
573 3717 858 3771 credemus
886 3716 936 3769 ei
963 3716 1029 3766 ³³.
1077 3734 1096 3766 ›

2165 1891 2436 1961 παραδοὺς
2453 1888 2760 1958 ὑποχείριον
2800 1885 3138 1958 ἀνθρὼποις’
3175 1886 3203 1938 δ
3234 1885 3297 1956 δὴ
3343 1885 3580 1939 διδάσκει
3625 1885 3732 1954 φά-

2164 1999 2307 2036 σκων
2325 1997 2338 2010 ο
2367 1999 2384 2030 ι
2415 1979 2601 2041 Οὐδεὶς
2647 1978 2787 2048 αἴρει
2831 1977 2926 2048 τὴν
2954 1977 3128 2047 ψυχήν
3158 1994 3257 2047 μου
3285 1976 3376 2030 ἀπ’
3405 1975 3538 2046 ἐμοῦ
3559 1994 3572 2006 ·
3615 1976 3729 2030 ἀλλ’

2163 2070 2272 2141 ἐγὼ
2291 2069 2479 2141 τίθημι
2509 2069 2677 2140 αὐτὴν
2710 2070 2804 2122 ἀπ’
2827 2067 3082 2139 ἐμαυτοῦ.
3127 2067 3400 2134 Ἑξουσίαν
3421 2067 3528 2137 ἔχω
3558 2068 3729 2121 θεῖναι

2163 2163 2352 2236 αὐτὴν,
2384 2163 2476 2216 καὶ
2505 2162 2748 2226 ἐξουσίαν
2774 2159 2881 2231 έχω
2913 2159 3095 2213 λαϐεῖν
3127 2160 3316 2231 αὑτήν.
3355 2179 3373 2212 ι
3405 2161 3612 2233 ’Ὠσπερ
3633 2155 3731 2214 οὖν

2163 2256 2426 2309 ἐκένωσεν
2456 2255 2617 2316 αὐτὸς
2649 2253 2835 2307 ἐαυτὸν
2867 2253 3079 2324 μορφὴν
3111 2251 3296 2305 δούλου
3330 2252 3528 2315 λαϐὼν,
3556 2253 3732 2316 οὕτως

2161 2346 2360 2416 ἀσθενῆ
2387 2345 2573 2399 ἐαυτὸν
2621 2345 2931 2416 εἰργάσατο,
2975 2344 3121 2407 ὅπως
3153 2344 3355 2407 ἀλωτὸς
3391 2345 3610 2414 γένηται
3645 2344 3737 2398 ἀνο

2163 2437 2417 2510 θρώποις,
2440 2439 2534 2492 καὶ
2568 2438 2653 2491 ἵνα
2688 2437 2917 2508 σταυρὸν
2940 2435 3186 2506 ὑπομένῃ
3226 2455 3244 2487 ι
3285 2437 3525 2507 ὑπήκοος
3554 2435 3733 2504 γιγνό-

2167 2547 2325 2601 μενος
2369 2550 2388 2582 ι
2424 2528 2502 2601 τῷ
2555 2529 2728 2601 Πατρὶ
2761 2549 2778 2580 ι
2827 2528 2986 2600 μέχρι
3039 2527 3287 2589 θανάτου,
3347 2527 3442 2581 καὶ
3498 2527 3731 2580 θανάτου

2165 2621 2416 2694 σταυροῦ.
2452 2640 2470 2674 ι
2505 2620 2595 2673 Διό
2641 2637 2801 2690 φησιν
2823 2636 2836 2650 ο
2877 2639 2895 2672 ι
2946 2621 3033 2673 Ἐν
3062 2618 3138 2690 τῷ
3161 2619 3430 2671 ἐκλείπειν
3449 2619 3546 2688 τὴν
3577 2617 3733 2690 ἰσχύν

2167 2730 2267 2785 μου
2300 2715 2372 2784 μὴ
2414 2710 2782 2782 ἐγκαταλίπῃς
2828 2728 2915 2782 με.
2953 2731 2972 2763 ι
3010 2707 3142 2764 Εἶτα
3170 2711 3351 2781 ἐπειδὴ
3390 2709 3483 2763 τοῦ
3525 2710 3733 2773 πάθους

2163 2805 2355 2858 ἐαυτοῦ
2381 2804 2748 2875 ἐμνημόνευσε
2783 2805 2878 2857 καὶ
2906 2803 3014 2857 τῶν
3038 2804 3097 2856 τὸ
3131 2802 3300 2866 πάθος
3341 2803 3734 2874 ἐργασαμένων

2163 2896 2466 2960 ἀκολούθως
2518 2899 2748 2949 ποιεῖται
2797 2896 3015 2966 μνήμην
3061 2895 3264 2964 λέγων·
3297 2914 3315 2946 ι
3351 2895 3470 2948 Ὅτι
3499 2892 3657 2948 εῐπαν
3677 2897 3733 2947 οἱ

2163 2989 2346 3062 ἐχθροί
2365 3007 2464 3060 μου
2494 2989 2636 3059 ἐμοὶ,
2661 2988 2755 3041 καὶ
2777 2989 2824 3040 οἱ
2842 2987 3203 3056 φυλάσσοντες
3227 2987 3326 3057 τὴν
3350 2985 3527 3058 ψυχήν
3554 3005 3656 3058 μου
3676 3004 3723 3038 ·›

2161 3082 2196 3150 ἢ
2227 3080 2366 3135 κατά
2420 3080 2510 3133 τὸν
2545 3079 2855 3150 Σύμμαχον,
2902 3097 2920 3128 ι
2969 3079 3077 3132 Καὶ
3110 3079 3157 3130 οἱ
3202 3078 3589 3149 ἐπιτηροῦντες
3628 3079 3734 3149 τὴν

2158 3171 2333 3243 ψυχήν
2360 3189 2460 3242 μου
2513 3169 2899 3222 ἐϐουλεύσαντο
2933 3171 3025 3222 ἐπὶ⁵
3064 3169 3123 3223 τὸ
3164 3169 3296 3223 αὐτὸ
3341 3169 3623 3238 λέγοντες⁶
3669 3170 3733 3223 ὐ

2160 3261 2292 3325 Θεὸς
2329 3261 2680 3329 ἐγκατέλιπεν
2713 3259 2904 3314 αὐτόν·
2949 3259 3312 3326 καταδιώξατε
3356 3261 3447 3313 καὶ
3492 3259 3729 3312 καταλά-

2161 3351 2283 3405 ϐετε
2307 3352 2486 3417 αὐτὸν,
2511 3353 2593 3405 ὅτι
2640 3352 2742 3406 οὐκ
2783 3351 2927 3404 ἐστιν
2966 3352 2994 3404 ὁ
3028 3351 3305 3422 ῥυόμενος.
3346 3370 3364 3402 ι
3403 3349 3582 3402 Ταῦτα
3611 3350 3724 3422 γὰρ

2162 3443 2345 3512 ἐλεγον
2390 3446 2438 3498 οἱ
2480 3446 2753 3516 ἀρχιερεῖς
2785 3443 2878 3497 καὶ
2902 3444 2950 3496 οἱ
2987 3444 3080 3495 σὺν
3114 3443 3292 3506 αὐτοῖς
3323 3441 3458 3495 κατά
3485 3442 3574 3494 τὸν
3601 3458 3725 3495 και-

2165 3535 2254 3605 ρὸν
2283 3534 2378 3588 τοῦ
2433 3535 2658 3602 πάθους,
2708 3534 2982 3596 κινοῦντες
3012 3533 3188 3588 αὐτῶν
3228 3534 3327 3597 τὰς
3363 3533 3597 3603 κεφαλὰς
3630 3534 3729 3587 καὶ

2160 3625 2438 3695 λέγοντες·
2483 3646 2501 3678 ι
2548 3628 2607 3680 '0
2659 3625 2941 3680 καταλύων
2997 3627 3087 3679 τὸν
3135 3626 3260 3679 ναὸν
3317 3627 3410 3678 καὶ
3437 3628 3495 3678 ἐν
3549 3627 3732 3698 τρισὶν

2161 3713 2396 3789 ἡμέραις
2454 3717 2680 3788 ἐγείρων
2738 3715 2920 3778 αὐτὸν,
2964 3714 3155 3779 ἄλλους
3190 3715 3411 3779 ἔσωσεν,
3447 3716 3634 3768 ἐαυτὸν
3667 3715 3731 3768 ού

492 3805 710 3861 δύναται
738 3808 927 3861 σῶσαι.
969 3807 1031 3859 Ei
1098 3805 1343 3876 βασιλεύς
1375 3807 1490 3858 ἐστι
1540 3806 1631 3859 τοῦ
1678 3807 1891 3881 Ἰσραὴλ
1912 3847 1926 3873 ,
1968 3807 2257 3864 καταϐάτω
2291 3809 2384 3864 νῦν
2413 3807 2520 3862 ἀπὸ
2540 3807 2634 3862 τοῦ
2666 3807 2897 3879 σταυροῦ
2922 3847 2937 3872 ,
2987 3807 3081 3862 καὶ
3110 3806 3472 3879 πιστεύσομεν
3496 3807 3666 3879 αὐτῷ.
3705 3828 3724 3858 ι

565 3920 732 3975 Vens.
770 3919 952 3974 {2-16.
993 3937 1011 3970 ι
1073 3917 1238 3982 Deus,
1272 3935 1339 3974 ne
1375 3922 1647 3989 elongeris
1689 3937 1720 3974 a
1767 3937 1874 3985 me,
1913 3921 2054 3978 Deus

493 4012 550 4067 in
580 4010 844 4065 auxilium
905 4025 1083 4064 meum
1135 4011 1368 4079 respice.
1408 4031 1427 4062 ι
1467 4010 1677 4065 Inimici
1729 4011 1837 4066 mei
1889 4027 2055 4083 supra

494 4102 784 4158 memorati
827 4100 1103 4165 dicebant,
1139 4120 1155 4152 ι
1192 4100 1335 4157 Deus
1363 4101 1650 4171 dereliquit
1683 4117 1806 4156 eum
1845 4121 1857 4157 :
1900 4123 1918 4154 ι
1955 4119 2054 4173 ego

493 4203 676 4250 autem
705 4208 838 4264 rogo
869 4195 1243 4263 deprecorque
1272 4200 1326 4248 te
1372 4191 1541 4246 Deum
1577 4207 1778 4257 meum,
1810 4202 1868 4248 ut
1903 4193 2053 4250 adsis

490 4300 706 4356 semper
755 4285 909 4349 mihi,
947 4299 1124 4354 neque
1153 4284 1343 4354 procul
1376 4299 1406 4336 a
1459 4299 1544 4337 me
1575 4283 1820 4349 recedas,
1855 4285 1948 4340 sed
1985 4286 2053 4342 ad

489 4377 751 4432 auxilium
785 4391 964 4432 meum
995 4376 1280 4447 respicias.
1303 4374 1380 4431 Te
1405 4376 1604 4445 quippe
1631 4375 1933 4446 adjutoretn
1958 4393 2056 4432 na—

2237 3942 2254 3974 ι
2303 3924 2362 3976 '0
2383 3922 2533 3986 Θεὸς,
2561 3921 2634 3994 μὴ
2662 3921 2940 3994 μακρύνῃς
2967 3923 3060 3974 ἀπ’
3083 3920 3216 3992 ἐμοῦ
3236 3937 3250 3951 ·
3279 3923 3306 3972 ὁ
3334 3920 3486 3984 Θεὸς,
3521 3923 3600 3985 εἰς
3628 3921 3736 3994 τὴν

2163 4014 2407 4086 βοήθειάν
2444 4031 2545 4085 μου
2572 4015 2824 4086 πρόσχες.
2852 4035 2869 4066 ι
2899 4017 2960 4068 Οἱ
3003 4013 3100 4085 μὲν
3138 4011 3523 4084 προλεχθέντες
3544 4012 3734 4083 ἐχθροί

2164 4125 2264 4179 μου
2311 4107 2521 4176 ἐλεγον·
2570 4127 2588 4159 ι
2632 4109 2690 4161 '0
2739 4107 2870 4171 Θεὸς
2920 4107 3271 4176 ἐγκατέλιπεν
3319 4107 3513 4160 αὐτόν’
3557 4125 3575 4157 ι
3619 4105 3736 4173 ἐγὼ

2159 4198 2215 4252 δὲ
2243 4197 2504 4250 ἀντιϐολῶ
2531 4198 2624 4251 κα)⁸
2669 4198 2857 4269 δέομαί
2886 4215 2946 4252 σε
2986 4199 3076 4252 τὸν
3107 4197 3343 4268 ἐμαυτοῦ
3377 4196 3506 4250 Θεὸν
3541 4199 3734 4267 παρεῖ-

2160 4290 2248 4343 ναί
2310 4308 2398 4361 μοι
2455 4291 2765 4356 διαπαντὸς,
2830 4292 2964 4363 μηδέ
3022 4291 3236 4364 μακράν
3288 4309 3388 4362 μου
3447 4290 3732 4352 ἵστασθαι,

2161 4383 2446 4454 προσέχειν
2479 4384 2533 4437 δέ
2583 4386 2662 4448 εἰς
2693 4383 2792 4455 τὴν
2835 4383 3085 4456 βοήθειάν
3130 4402 3248 4455 μου.
3291 4384 3361 4436 Σὲ
3393 4382 3501 4454 γὰρ
3537 4383 3732 4454 βοηθὸν

489 4477 633 4534 ctus,
661 4469 829 4540 probe
870 4469 985 4524 scio
1025 4483 1113 4522 me
1143 4482 1334 4522 omnes
1365 4467 1620 4521 inimicos
1664 4483 1814 4523 meos
1845 4468 2051 4538 pudore

2163 4471 2573 4546 κτώμενος,”οἷδ’
2608 4477 2689 4529 ὅτι
2731 4475 2932 4547 ὄψομαι
2968 4473 3487 4546 καταισχυνομένους
3521 4475 3730 4538 πάντας

488 4558 730 4617 suffusos
773 4561 1015 4615 visurum
1068 4574 1209 4614 esse.
1246 4557 1382 4612 lllud
1414 4565 1616 4624 autem,
1652 4577 1670 4609 ι
1716 4559 2058 4614 confundan-

488 4661 599 4718 tur,
638 4671 658 4704 ι
684 4667 783 4723 pro
811 4661 1074 4707 consueto
1096 4652 1152 4704 in
1176 4651 1361 4705 divina
1391 4648 1675 4719 Scriptura
1699 4666 1872 4715 more,
1907 4667 2055 4705 nunc

487 4761 707 4815 quoque
761 4761 859 4815 pro
906 4762 923 4794 ι
986 4741 1391 4798 confundentur
1444 4761 1462 4793 ι
1499 4741 1709 4796 dictum
1757 4751 1877 4809 est;
1924 4743 2054 4797 illud

489 4837 643 4900 item,
682 4855 700 4887 ι
759 4843 811 4890 et
842 4834 1118 4898 deﬁciant,
1163 4854 1182 4885 ι
1217 4849 1316 4904 pro
1361 4853 1379 4886 ι
1419 4832 1674 4888 deﬁcient
1703 4832 2054 4891 detrahentes

489 4927 683 4982 anima:
710 4942 863 4990 meat,
906 4946 925 4978 ι
974 4925 1206 4995 positum
1237 4935 1361 4992 est;
1417 4924 1532 4980 sive
1562 4924 1859 4979 secundum
1897 4923 2054 4995 Sym-

487 5019 766 5080 machum,
809 5037 827 5068 ι
866 5017 1166 5072 adversarii
1197 5019 1391 5072 animae
1409 5033 1561 5072 meae.
1599 5036 1617 5069 ι
1651 5017 1934 5083 Quomodo
1955 5035 2053 5073 au-

489 5119 602 5166 tem
635 5110 842 5182 pudore
877 5111 1070 5168 suﬂ‘usi
1111 5109 1411 5166 defecerint
1438 5112 1532 5182 qui
1565 5126 1752 5166 necem
1782 5111 1904 5180 ejus
1935 5126 2052 5166 mo-

489 5203 571 5258 liti
603 5211 752 5267 sunt,
788 5218 897 5258 non
930 5205 1094 5274 longo
1128 5204 1286 5258 nobis
1311 5219 1563 5258 sermone
1591 5203 1896 5273 disquirere
1915 5217 2054 5272 opus

489 5305 574 5352 est
604 5317 616 5352 :
649 5311 772 5353 nam
804 5311 869 5351 ex
895 5311 961 5351 eo
990 5303 1232 5366 tempore
1262 5296 1514 5367 princeps
1536 5279 1882 5351 sacerdotum
1910 5294 2053 5364 apud

490 5406 586 5446 cos
619 5389 838 5464 penitus
885 5388 1102 5452 defecit,
1149 5387 1549 5442 Pharisaeorum
1585 5405 1715 5444 vero
1749 5404 1819 5444 ne
1853 5404 2051 5444 nomen

487 5482 707 5550 quidem
741 5491 1010 5552 superest,
1059 5468 1235 5549 neque
1283 5479 1546 5533 memoria
1582 5480 1691 5532 ulla
1726 5479 2050 5550 dignitatum

2161 4583 2260 4636 μου
2289 4566 2415 4628 τοὺς
2461 4567 2707 4638 ἐχθρούς.
2755 4567 2828 4620 Τὸ
2867 4567 2944 4632 δέ,
2986 4586 3005 4619 ι
3041 4566 3504 4638 αἱσχυνθήτωσαν,
3549 4587 3568 4618 ι
3607 4583 3731 4620 συν-

2156 4657 2300 4729 ήθως
2323 4662 2389 4731 τῇ
2413 4658 2532 4730 θείᾳ
2551 4660 2738 4731 Γραφῇ
2775 4658 2870 4712 καὶ
2903 4659 2998 4712 νῦν
3030 4658 3149 4712 ἀντὶ
3179 4657 3295 4722 τοῦ,
3316 4655 3732 4726 «αἰσχυνθήσον-

2155 4767 2245 4804 ται
2279 4769 2297 4803 ι
2331 4753 2575 4822 εἴρηται’
2626 4753 2719 4806 καὶ
2749 4751 2828 4814 τὸ,
2872 4769 2892 4802 ι
2941 4749 3360 4812 ἐκλειπέτωσαν,
3397 4769 3415 4802 ι
3448 4749 3567 4802 ἀντὶ
3607 4749 3725 4810 τοῦ.

2166 4861 2184 4892 ι
2223 4841 2558 4910 ἐκλείψουσιν
2582 4843 2632 4895 οἱ
2667 4841 3096 4905 ἐνδιαϐάλλοντες
3122 4843 3221 4914 τὴν
3249 4841 3428 4911 ψυχήν
3460 4856 3561 4911 μου
3586 4857 3602 4869 ο
3638 4860 3656 4892 ι
3690 4839 3725 4909 ἢ

2159 4930 2300 4985 κατὰ
2318 4931 2408 4984 τὸν
2436 4932 2748 5003 Σύμμαχον,
2778 4950 2796 4982 ι
2820 4934 2868 4985 οί
2882 4932 3250 5002 ἀντικείμενοι
3287 4935 3353 5003 τῇ
3385 4931 3528 5002 ψυχῇ
3563 4947 3720 5000 μου.»

2162 5022 2344 5085 Ὅπως
2365 5021 2420 5075 δέ
2446 5022 2819 5076 ἐκλελοίπασιν
2851 5022 3112 5094 αἰσχύνην
3138 5023 3532 5094 καταχεάμενοι
3563 5023 3615 5074 οἱ
3635 5022 3730 5074 τὸν

2159 5111 2383 5166 θάνατον
2427 5111 2572 5183 αὐτῷ
2610 5114 2991 5184 τυρεύσαντες,
3028 5115 3090 5167 οὐ
3130 5113 3352 5186 μακρῶν
3373 5116 3500 5186 ήμῖν
3530 5113 3614 5166 δεῖ
3636 5113 3727 5165 λό·

2156 5219 2268 5271 γων
2286 5220 2300 5232 °
2337 5204 2495 5256 ὁπότε
2522 5204 2581 5270 ἐξ
2604 5205 2810 5258 ἐκείνου
2838 5191 3113 5259 ἐκλέλοιπε
3142 5207 3249 5270 πᾶς
3279 5205 3566 5276 ἀρχιερεὺς
3594 5206 3730 5275 παρ’

2157 5295 2358 5359 αὐτοῖς,
2383 5297 2689 5368 Φαρισαίων
2731 5297 2788 5351 δέ
2829 5298 2948 5351 οὐδέ
2991 5298 3161 5368 δνομα
3191 5297 3269 5350 ἔτι
3308 5293 3570 5358 λείπεται,
3607 5294 3733 5348 οὐδὲ

2161 5391 2348 5460 μνήμη
2391 5388 2500 5442 τῶν
2544 5391 2674 5461 παρ’
2705 5391 2886 5453 αὐτοῖς
2904 5390 3245 5461 ἀξιωμάτων.
3300 5384 3571 5454 Ἐξέλιπον
3617 5386 3736 5457 γὰρ

2157 5481 2416 5552 ἄρχοντες
2443 5481 2502 5544 ἐξ
2541 5481 2710 5535 Ἰούδα
2748 5485 2840 5537 καὶ
2869 5483 3158 5555 ἡγούμενοι
3191 5485 3254 5536 ἐκ
3278 5483 3383 5536 τῶν
3414 5479 3605 5554 μηρῶν
3627 5478 3739 5536 αὐ-

568 5677 610 5734 ll
649 5679 773 5734 Cor.
810 5693 928 5743 xui,
957 5677 1008 5733 4.
1085 5677 1126 5710 ³³
1171 5675 1322 5735 loan.
1370 5693 1421 5745 κ,
1461 5676 1539 5730 18.
1616 5662 1882 5750 “Philip.
1921 5693 1980 5744 ll,
2015 5678 2068 5736 8.
2124 5679 2184 5754 f'
2214 5677 2402 5734 Matth.
2439 5693 2606 5742 xxvii,
2635 5679 2702 5734 40
