4014 6206
235 333 334 389 78!

1365 336 1864 394 COMMENTABIA
1903 337 1968 392 ΙΝ
2006 336 2340 392 PSALMOS.

3359 341 3459 397 783

232 450 356 515 τοῦ,
390 447 492 522 τῆς
524 449 844 524 προσδοκίας
870 452 978 507 τῶν
1010 454 1174 508 ἐθνῶν
1211 457 1508 529 ἐπιστάσης
1537 457 1679 511 κατὰ
1705 458 1803 527 τὴν

1916 472 2112 512 :orum.
2144 455 2466 511 Defecerunt
2495 455 2694 527 quippe
2722 455 2993 527 principes
3025 472 3090 512 ex
3121 456 3260 512 Juda
3290 461 3461 515 etdn-

235 540 399 594 τοῦτο
453 540 811 605 θεσπίζουσαν
846 544 1200 614 προφητείαν.
1226 546 1334 599 Καὶ
1377 544 1499 598 οὔτε
1546 544 1802 615 βασιλεῖς,

235 632 360 686 οὔτε
388 633 671 704 ἡγεμόνες,
698 632 822 688 ούτε
843 635 984 698 τινὲς
1002 636 1131 706 παρ’
1151 637 1333 701 αὐτοῖς
1363 637 1616 691 δυνάσται
1647 639 1804 702 εἰσὶν,

237 726 359 781 οὐδέ
391 743 442 778 τι
461 725 645 797 τάγμα
682 725 788 778 τῶν
817 727 984 781 πάλαι
1013 730 1139 800 παρ’
1168 730 1350 791 αὐτοῖς
1384 729 1550 782 ὄντων
1593 729 1807 800 περιλέ-

237 823 481 876 λειπται’
539 823 1018 893 καταισχυνθέντες
1063 825 1120 878 δὲ
1173 825 1372 888 πάντες
1433 824 1804 878 ἐκλελοίπασιν

239 918 289 969 οἱ
317 915 692 979 διαϐάλλοντες
739 917 900 970 αὑτοῦ
938 917 1034 988 τὴν
1080 917 1279 988 ψυχήν.
1316 919 1402 970 Ἐν
1431 917 1590 987 ὁποίᾳ
1629 917 1686 970 δὲ
1719 921 1804 971 αἰ-

241 1008 414 1081 σχύνῃ
462 1008 818 1079 τυγχάνουσιν
865 1010 1029 1062 εἰσέτι
1073 1011 1166 1064 καὶ
1198 1009 1292 1062 νῦν
1319 1011 1367 1063 οἱ
1397 1009 1504 1062 τῶν
1539 1009 1805 1063 Ίουδαίων

241 1100 570 1172 προεστάναι
628 1099 1000 1171 νομιζόμενοι,
1044 1099 1276 1172 ὁρῶντες
1315 1102 1539 1164 ἑαυτοὺς
1579 1103 1674 1172 μὲν
1718 1101 1806 1155 διὰ

242 1193 426 1262 πάσης
461 1190 684 1260 Γραφῆς
721 1191 812 1243 ἐπὶ
841 1189 1301 1262 εἰδωλολατρείαις
1332 1191 1804 1262 διαϐεϐλημένους,

240 1285 418 1337 πάντα
445 1283 502 1335 δὲ
536 1283 604 1334 τὰ
643 1282 762 1335 καθ’
792 1283 927 1354 ὅλης
948 1283 1046 1355 τῆς
1079 1284 1404 1355 οἰκουμένης
1432 1283 1556 1356 έθνη
1587 1284 1679 1337 διὰ
1705 1283 1806 1353 τῆς

241 1375 330 1428 τοῦ
365 1372 601 1445 Χριστοῦ
647 1374 988 1438 διδασκαλίας
1020 1375 1118 1446 τῆς
1160 1376 1634 1446 πατροπαραδότου
1673 1375 1808 1428 πλά-

240 1485 337 1538 νης
365 1466 806 1538 μεταϐεϐληκότα
823 1485 836 1497 ·
866 1469 923 1520 ὲν
942 1462 1022 1531 οἷς
1034 1468 1139 1539 *ήδη
1166 1467 1538 1538 τυγχάνουσιν,
1573 1469 1803 1539 ὲντροπῇ

239 1559 476 1630 ὁρῶντες
507 1560 728 1623 ἑαυτοὺς
763 1560 859 1631 μὲν
890 1560 990 1629 τῆς
1013 1559 1290 1630 βασιλικῆς
1320 1559 1498 1613 αὐτῶν
1534 1558 1804 1631 μητροπό-

239 1653 380 1715 λεως
407 1652 502 1704 καὶ
529 1652 882 1722 ἀποϐλήτους,
905 1651 1164 1722 Ἕλληνας
1191 1652 1247 1704 δὲ
1279 1651 1486 1722 ἄνδρας·
1503 1650 1806 1718 ἁλλογενεῖς

241 1745 338 1799 καὶ
388 1744 715 1814 ἀλλοφύλους
757 1745 848 1797 τὸν
893 1744 1054 1797 τόπον
1105 1745 1280 1798 αὐτῶν
1333 1744 1630 1807 οἰκοῦντας,
1666 1743 1807 1797 κατά

1905 563 1996 602 ces
2027 563 2091 601 ex
2120 546 2420 602 femoribus
2459 546 2600 616 ejus,
2629 562 2751 602 cum
2784 548 3093 603 advenisset
3124 554 3460 620 exspectatio

1906 638 2144 708 gentium
2176 638 2242 701 θ’,
2263 636 2560 692 secundum
2603 638 2942 709 prophetiam
2991 639 3106 694 haac
3157 639 3462 695 vaticinan-

1903 739 2032 784 tem.
2062 730 2140 784 Ac
2169 745 2345 799 neque
2390 744 2568 800 reges,
2602 745 2777 801 neque
2813 731 3002 797 duces,
3039 748 3216 802 neque
3247 733 3340 787 ulli
3373 748 3463 804 pe-

1906 839 2001 878 nes
2021 838 2114 878 eos
2140 831 2422 895 magnetes
2457 831 2604 888 sunt,
2637 839 2748 878 non
2779 825 2912 879 ordo
2951 825 3221 896 quispiam
3252 827 3463 896 prisco-

1906 932 2026 970 rum
2052 917 2465 986 magistratuum
2497 918 2604 973 illis
2640 926 2919 988 superstes
2969 927 3090 986 est;
3143 920 3238 976 sed
3270 936 3462 977 omnes

1905 1006 1998 1076 qui
2020 1006 2379 1060 detrahebant
2413 1007 2607 1060 animm
2658 1007 2798 1076 ejus,
2858 1008 3074 1064 confusi
3124 1009 3458 1067 defecerunt.

1906 1098 2117 1162 Quanta
2150 1113 2277 1152 vero
2295 1098 2349 1151 in
2379 1097 2706 1154 confusione
2727 1108 3016 1155 versantur
3047 1103 3335 1172 hodieque,
3368 1107 3461 1174 qui

1905 1185 2107 1242 luditis
2159 1203 2392 1256 praeesse
2419 1197 2706 1258 putantur,
2762 1190 3010 1247 videntes
3061 1209 3119 1248 se
3168 1196 3366 1263 passim
3405 1195 3461 1250 in

1910 1276 2208 1347 Scripturis
2229 1279 2546 1334 idololatria:
2568 1282 2786 1336 nomine
2815 1285 3086 1353 accusari,
3114 1301 3304 1342 omnes
3335 1302 3464 1341 vero

1907 1385 2003 1440 per
2027 1370 2210 1424 orbem
2240 1379 2426 1440 gentes
2460 1387 2554 1442 per
2585 1373 2789 1428 Christi
2825 1375 3128 1430 doctrinam
3167 1393 3196 1432 a
3238 1387 3464 1448 paterno

1906 1475 2090 1515 errore
2115 1459 2418 1516 descivisse
2453 1477 2552 1518 :ac
2588 1464 2642 1518 in
2669 1466 2869 1534 quibus
2913 1468 3047 1524 locis
3099 1470 3207 1539 jam
3236 1470 3461 1540 degunt,

1907 1567 2006 1606 nec
2036 1551 2154 1607 sine
2175 1552 2500 1609 confusione
2525 1564 2832 1625 cernentes,
2859 1574 2918 1614 se
2938 1559 3154 1630 quidem
3192 1563 3337 1632 regia
3365 1578 3464 1618 sua

1906 1645 2198 1715 metropoli
2219 1653 2476 1702 extrusos
2506 1662 2569 1702 ac
2592 1648 2852 1716 dejectos,
2885 1649 3102 1707 Graecos
3137 1661 3314 1708 autem
3341 1655 3468 1709 alie-

1908 1737 2134 1808 nigenas
2164 1746 2219 1793 et
2251 1746 2541 1796 extraneos
2568 1742 2742 1796 locum
2774 1759 2938 1798 suum
2966 1744 3301 1812 incolentes;
3336 1763 3466 1819 gen-

244 1836 428 1899 πάσας
464 1853 522 1888 τε
553 1834 819 1906 ἐπαρχίας
859 1835 952 1888 καὶ
996 1833 1195 1906 χώρας,
1238 1834 1330 1888 καὶ
1365 1835 1547 1898 πόλεις
1589 1837 1714 1899 τοὺς
1747 1835 1806 1900 ἐξ

1916 1836 2095 1900 tesque
2117 1831 2171 1884 in
2201 1833 2454 1888 omnibus
2483 1835 2803 1904 provinciis,
2830 1837 3146 1907 regionibus
3169 1841 3466 1895 eturbibus

241 1926 417 1979 ἐθνῶν
440 1926 534 1989 τὰς
559 1925 686 1997 περὶ
717 1925 811 1978 τυῦ
841 1925 1089 1998 Σωτῆρος
1121 1924 1461 1997 προφητικὰς
1490 1925 1672 1995 φωνὰς
1710 1943 1809 1996 κη-

245 2019 573 2090 ρύττονταςς
609 2018 848 2089 Αἰσχύνη
885 2017 941 2070 δὲ
979 2017 1191 2089 ἀληθῶς
1236 2018 1329 2071 καὶ
1365 2018 1597 2088 ἐντροπὴ
1624 2017 1807 2071 κατεί-

239 2112 416 2184 ληφεν
447 2112 620 2166 αὐτῶν
668 2111 766 2175 τὰς
798 2111 995 2182 ψυχὰς,
1029 2112 1120 2164 τὸν
1151 2110 1276 2180 χθὲς
1295 2111 1361 2164 δι’
1394 2110 1571 2164 αὐτῶν
1594 2109 1810 2182 σταυρῷ

238 2203 616 2274 παραδοθέντα
645 2203 769 2256 καθ’
810 2205 936 2276 ὅλης
974 2207 1073 2276 τῆς
1124 2203 1445 2275 οἰκουμένης
1478 2204 1811 2274 προσκυνού-

237 2313 403 2366 μενον
443 2296 538 2348 καὶ
573 2295 986 2366 θεολογούμενον
1026 2296 1298 2368 ὁρῶντας·
1334 2295 1371 2349 ἃ
1412 2295 1476 2366 δή
1510 2293 1812 2364 ἐπληροῦτο

233 2387 551 2450 ἀκολούθως
575 2391 640 2458 τῇ
669 2386 807 2458 μετὰ
833 2389 1022 2458 χεῖρας
1060 2389 1360 2459 προρρήσει
1388 2387 1680 2457 λεγούσῃί
1707 2386 1812 2438 Πε-

238 2479 648 2551 ριϐαλέσθωσαν
682 2478 938 2550 αἰσχύνην
971 2479 1066 2532 καὶ
1089 2479 1350 2551 ἐντροπὴν
1374 2480 1423 2532 oi
1441 2478 1728 2550 ζητοῦντες
1746 2479 1813 2532 τὰ

231 2571 390 2625 κακά
422 2589 563 2641 μοι.»
585 2572 691 2623 Καὶ
719 2565 861 2623 οῦτοι
895 2570 991 2639 μὲν
1015 2570 1137 2624 τάδε
1168 2571 1460 2624 πείσονται·
1498 2590 1516 2622 ι
1539 2569 1678 2638 Ἐγὼ
1699 2570 1808 2633 se.

237 2662 338 2716 ὑπ’
371 2661 634 2715 αὐτῶντά
662 2662 893 2716 τοσαῦτα
913 2661 1210 2726 πεπονθὼς,
1241 2680 1259 2712 ι
1295 2662 1600 2726 διαπαντὸς,
1629 2663 1812 2732 φησὶν,

237 2755 436 2816 ὲλπιῶ,
459 2757 554 2808 καὶ
583 2754 873 2826 προσθήσω
899 2755 992 2809 ἐπὶ
1044 2757 1222 2808 πᾶσαν
1245 2753 1339 2826 τὴν
1381 2754 1582 2808 αἴνεσίν
1637 2771 1751 2823 σου.
1789 2773 1807 2807 ι

252 2845 409 2898 Ἐπεὶ
447 2843 504 2896 δὲ
580 2843 716 2897 κατά
770 2844 977 2907 πάντας
1027 2844 1152 2905 τοὺς
1227 2843 1665 2914 ἑρμηνεύσαντας
1717 2841 1812 2906 τὸ,

1911 1922 2261 1992 propheticas
2287 1921 2607 1980 .Servatoris
2639 1940 2802 1982 voces
2833 1927 3231 1996 praedicantes?
3257 1929 3465 1985 Conlu-

1910 2013 1993 2068 sio
2038 2029 2226 2069 revera
2253 2025 2307 2069 et
2335 2015 2633 2085 ignominia
2667 2017 2876 2075 animas
2913 2034 3101 2074 eorum
3137 2020 3355 2085 invasit,
3387 2021 3466 2074 vi-

1911 2103 2100 2160 dentes
2121 2119 2242 2159 eum
2261 2107 2354 2176 qui
2377 2107 2446 2162 ab
2466 2107 2598 2178 ipsis
2623 2108 2877 2164 hesterna
2905 2109 2991 2165 die
3022 2109 3088 2165 ad
3121 2126 3337 2166 crucem
3358 2121 3470 2167 tra-

1911 2193 2055 2248 ditus
2071 2204 2174 2259 est,
2195 2211 2291 2265 per
2304 2203 2477 2250 totum
2497 2197 2684 2253 orbem
2701 2200 2914 2254 adorari
2929 2199 3473 2272 Deumqueprzedica—

1911 2283 1958 2335 ri
1979 2301 1994 2350 ;
2016 2300 2136 2354 quae
2155 2300 2286 2340 sane
2302 2286 2522 2355 impleta
2540 2296 2667 2342 sunt
2688 2300 3084 2361 consequenter
3101 2291 3166 2346 ad
3180 2292 3318 2347 hanc
3335 2308 3473 2362 pra!-

1912 2374 2203 2430 dictionem
2223 2376 2301 2431 sic
2319 2376 2608 2434 habentem
2638 2398 2650 2436 :
2683 2388 2710 2431 ἰ
2743 2371 3047 2437 lnduantur
3072 2384 3395 2440 confusione
3419 2394 3474 2440 et

1913 2468 2213 2522 reverentia
2227 2468 2314 2538 qui
2331 2477 2578 2538 quaerunt
2594 2472 2732 2525 mala
2748 2473 2898 2527 mihi.
2913 2473 3005 2527 »Ει
3020 2475 3094 2527 illi
3113 2475 3327 2544 quidem
3345 2477 3472 2530 talia

1913 2559 2187 2628 patientur
2205 2575 2223 2612 :
2246 2578 2263 2611 ι
2289 2576 2386 2631 ego
2400 2577 2551 2625 vero,
2578 2582 2596 2615 ι
2625 2564 2722 2628 ait,
2745 2572 2824 2618 tot
2841 2567 2998 2622 malis
3020 2566 3242 2623 aﬂ‘ectus
3255 2569 3322 2625 ab
3347 2569 3472 2632 illis.

1919 2671 1936 2703 ι
1961 2667 2174 2722 semper
2204 2656 2455 2723 sperabo,
2491 2663 2546 2711 et
2593 2655 2845 2726 adjiciam
2896 2673 3061 2727 super
3099 2674 3315 2714 omnem
3352 2661 3474 2716 lau-

1913 2744 2034 2800 dem
2069 2754 2271 2800 tuam.»
2316 2746 2451 2801 Cum
2480 2756 2659 2803 autem
2700 2749 2769 2802 ab
2799 2750 3054 2806 omnibus
3089 2750 3474 2822 interpretibus

1919 2856 1938 2890 ι
1959 2837 2210 2908 adjiciam
2241 2856 2260 2890 ι
2281 2838 2515 2904 dicatur.
2538 2847 2590 2896 et
2609 2839 2801 2911 Aquila
2816 2842 2903 2897 sic
2919 2843 3134 2908 habeat,
3165 2862 3183 2895 ι
3207 2844 3472 2931 Adjiciani

242 2955 269 2989 ε
299 2936 594 3008 προσθήσω
624 2975 640 3001 ,
682 2955 700 2988 ι
724 2936 972 2990 λέλεκται
1008 2936 1036 2989 ὃ
1070 2953 1128 2989 τε
1180 2934 1408 2998 Ἀκύλας
1433 2937 1594 3004 φησὶ,
1630 2954 1650 2987 ι
1707 2935 1814 2988 Καὶ

1916 2947 2079 3002 super
2112 2947 2302 2988 omnes
2331 2932 2583 3004 hymnos,
2628 2953 2646 2986 ι
2678 2933 3038 3006 Symmachus
3068 2953 3217 3003 vero,
3250 2937 3353 2992 «Et
3383 2938 3476 2992 ad-

239 3029 543 3101 προσθήσω
576 3028 667 3082 ἐπὶ
701 3028 880 3092 πάσας
912 3029 1206 3098 ὑμνήσεις·
1251 3048 1271 3079 ›
1303 3028 1397 3080 καὶ
1426 3029 1454 3080 ὁ
1480 3027 1773 3098 Σύμμαχος
1797 3067 1812 3092 ,

1916 3020 2097 3091 ji‘hiam
2133 3023 2384 3094 hymnis;
2410 3043 2428 3076 ι
2468 3024 2589 3078 vide
2617 3039 2750 3078 num
2803 3025 3019 3097 hymnis
3052 3026 3234 3084 Patris
3265 3029 3350 3084 sui
3381 3029 3477 3083 ad-

244 3144 269 3176 s
315 3122 412 3177 καὶ
447 3121 735 3194 προσθήσω
754 3123 866 3184 τοῖς
900 3119 1112 3191 ὕμνοις⁸
1146 3139 1164 3171 ι
1198 3120 1298 3192 ὅρα
1319 3121 1366 3172 εἰ
1398 3118 1472 3190 μὴ
1501 3118 1814 3190 προσθήκην

1917 3113 2276 3171 ditamentum
2335 3113 2547 3182 fecerit,
2597 3114 2806 3171 Novum
2851 3116 3266 3187 Testamentum.
3296 3120 3476 3177 Veteri

241 3216 543 3285 ἐποιήσατο
577 3215 686 3276 τοῖς
717 3212 808 3266 τοῦ
839 3211 1046 3282 Πατρὸς
1075 3209 1280 3281 ὕμνοις,
1308 3209 1404 3281 τήν
1448 3208 1653 3280 Καινήν
1700 3211 1814 3262 Δια-

1926 3207 2158 3263 addens.
2197 3208 2383 3278 Neque
2409 3208 2556 3264 enim
2588 3209 2768 3278 priora
2806 3210 3046 3275 sustulit,
3088 3227 3212 3266 cum
3239 3216 3477 3269 secunda

244 3309 424 3380 θήκην
455 3307 588 3377 πρὸς
621 3308 686 3377 τῇ
734 3304 943 3373 Παλαιᾷ
976 3301 1267 3374 παραδούς.
1297 3303 1370 3356 Οὐ
1423 3301 1529 3372 γὰρ
1543 3300 1717 3354 ἀνεῖλε
1748 3300 1816 3354 τὰ

244 3397 466 3469 πρῶτα,
495 3393 802 3464 εἰσαγαγὼν
833 3394 901 3447 τὰ
932 3392 1178 3464 δεύτερα,
1211 3392 1526 3465 προσθήκην
1544 3393 1600 3446 δὲ
1628 3394 1814 3465 ἐποιή-

242 3505 383 3543 σατο
399 3504 413 3517 °
448 3487 541 3540 καὶ
572 3486 728 3538 τοῦτό
753 3488 900 3538 ἐστιν
926 3487 1109 3557 εὑρεῖν
1135 3485 1191 3538 ἐν
1215 3486 1335 3548 ταῖς
1363 3483 1525 3537 αὐτοῦ
1564 3484 1816 3538 διδασκα-

239 3579 410 3642 λίαις,
433 3578 499 3630 δι’
528 3571 601 3631 ὧν
635 3595 795 3646 φησιν
817 3593 828 3606 ·
873 3597 890 3628 ι
914 3577 1141 3650 Ἐρρέθη
1173 3579 1283 3640 τοῖς
1309 3576 1573 3648 ἀρχαίοις,
1615 3577 1688 3630 Ού
1720 3594 1818 3647 φο-

240 3671 461 3734 νεύσεις
478 3689 491 3702 ·
526 3669 636 3738 ἐγὼ
667 3671 722 3724 δὲ
746 3670 888 3739 λέγω
905 3709 920 3734 ,
946 3669 1078 3741 μηδὲ
1100 3668 1428 3740 ὀργίζεσθαι.
1467 3669 1690 3740 Ἐρρέθη
1710 3672 1820 3733 τοῖς

239 3760 515 3832 ἀρχαίοις,
545 3762 618 3814 Ού
651 3760 986 3832 μοιχεύσειςο
1017 3758 1128 3827 ἐγὼ
1173 3761 1230 3813 δὲ
1253 3760 1413 3830 λέγω,
1457 3761 1591 3832 μηδὲ
1635 3760 1821 3813 ἐπιθυ-

245 3857 406 3926 μεῖν·
446 3872 464 3905 ι
502 3853 594 3907 καῖ⁹
626 3854 725 3906 ὃσα
756 3837 890 3908 ἀλλα
920 3853 1142 3907 τοιαῦτα.
1175 3852 1490 3926 προσθήκην
1516 3852 1704 3923 ἔχοντα
1733 3853 1820 3907 διὰ

238 3947 348 4017 τῆς
377 3945 746 4016 πνευματικῆς
768 3944 998 4016 θεωρίας
1026 3963 1085 3998 τε
1113 3945 1206 3999 καὶ
1224 3945 1515 4017 ἑρμηνείας
1536 3944 1627 3998 τοῦ
1655 3945 1818 4014 νόμου
1847 3991 1850 3994 .

239 4038 303 4089 ὲν
334 4038 404 4107 τῇ
443 4035 735 4108 Ἐκκλησία
762 4035 926 4089 αὐτοῦ
960 4037 1334 4109 παραδέδοται.
1382 4036 1541 4090 Ἀλλὰ
1581 4038 1674 4090 καὶ
1707 4057 1724 4088 ι
1760 4038 1820 4092 τὸ

241 4128 429 4198 στόμα
493 4145 593 4198 μου
621 4167 634 4192 ,
727 4128 927 4198 φησὶν,
985 4129 1271 4197 ἀναγγελεῖ
1335 4130 1433 4200 τὴν
1477 4128 1819 4200 δικαιοσύνην

240 4239 369 4274 σου.
397 4240 414 4271 ι
435 4219 508 4272 Τὸ
546 4219 655 4292 γὰρ
685 4221 1009 4290 Εὐαγγέλιον
1025 4221 1365 4293 δικαιοσύνην
1386 4221 1637 4292 ἐμφαίνει
1663 4222 1817 4284 Θεοῦ,

238 4317 350 4368 ούκ
366 4314 640 4378 Ἰουδαίοις
672 4313 853 4385 μόνοις
874 4314 1253 4386 ἀφωρισμένον
1276 4314 1462 4385 ὥσπερ
1486 4316 1515 4367 ὁ
1541 4314 1627 4368 διὰ
1655 4317 1818 4371 Mm?)-

241 4406 393 4466 σέως
418 4404 600 4474 νόμος.
633 4404 724 4457 Διό
753 4421 915 4474 φησιν
935 4406 964 4456 ὁ
1003 4403 1320 4469 Ἀπόστολος
1343 4421 1354 4433 ·
1386 4423 1404 4456 ι
1436 4405 1511 4458 Οὐ
1540 4404 1648 4476 γὰρ
1664 4406 1820 4458 ἐπαι-

243 4485 518 4566 σχύνομαι
550 4496 611 4548 τὸ
633 4496 982 4564 Εύαγγέλιον.
1019 4495 1254 4566 Δύναμις
1280 4495 1385 4568 γὰρ
1410 4496 1543 4549 Θεοῦ
1571 4498 1715 4550 ἐστιν
1741 4499 1819 4562 εἰς

240 4589 527 4659 σωτηρίαν
557 4588 716 4641 παντὶ
743 4587 819 4658 τῷ
845 4589 1175 4653 πιστεύοντι,
1237 4588 1470 4660 Ἰουδαίῳ
1499 4607 1557 4642 τε
1605 4589 1818 4660 πρῶτον

238 4682 345 4734 καὶ
377 4680 616 4750 Ἕλληνι.
657 4681 979 4750 Δικαιοσύνη
1009 4680 1114 4751 γὰρ
1150 4679 1284 4734 Θεοῦ
1318 4683 1376 4733 ὲν
1421 4681 1569 4751 αὐτῷ
1610 4681 1817 4734 ἀποκα-

235 4771 525 4825 λύπτεται.
583 4791 601 4824 ι
633 4770 724 4824 Διὸ
773 4769 1002 4824 ἐνταῦθα
1037 4769 1278 4825 λέλεκται
1300 4788 1314 4797 ’
1359 4789 1376 4822 ι
1412 4771 1485 4824 Τὸ
1507 4771 1680 4842 στόμα
1718 4787 1817 4840 μου

237 4860 544 4928 ἀναγγελεῖ
573 4860 670 4930 τὴν
693 4859 1034 4932 δικαιοσύνην
1065 4877 1180 4927 σου,
1204 4860 1332 4932 ὃλην
1359 4861 1456 4932 τήν
1482 4862 1690 4932 ἡμέραν
1720 4861 1819 4931 τὴν

241 4952 531 5023 σωτηρίαν
559 4968 652 5005 σου
673 4968 686 4981 ·
730 4972 748 5003 ι
785 4952 817 5024 ἢ
846 4951 984 5006 κατὰ
1013 4953 1100 5005 τὸν
1134 4950 1447 5023 Σύμμαχον,
1491 4971 1510 5005 ι
1545 4951 1685 5007 κατὰ
1724 4954 1821 5006 πᾶ-

237 5062 353 5098 σαν
384 5045 599 5116 ἡμέραν
631 5045 726 5116 τὴν
755 5044 1024 5116 σωτηρίαν
1057 5061 1171 5098 σου.
1214 5064 1233 5096 ι
1279 5044 1388 5116 Kal.
1432 5043 1590 5099 τοῦτο
1619 5045 1675 5099 δέ
1709 5047 1824 5098 ἐστι

234 5135 632 5207 πληρούμενον
660 5136 882 5208 θεωρεῖν
905 5135 1022 5190 καθ’
1038 5135 1165 5206 ὅλης
1192 5136 1291 5206 τῆς
1315 5137 1634 5208 οἰκουμένης
1658 5155 1670 5168 ·
1706 5139 1763 5190 ὲν

234 5227 308 5280 τὸ
345 5226 525 5294 στόμα
557 5225 648 5279 τοῦ
685 5226 935 5297 Σωτῆρος
966 5229 997 5297 ή
1008 5225 1122 5297 μῶν
1156 5226 1243 5280 διὰ
1271 5225 1378 5279 τῶν
1410 5225 1567 5280 θείων
1595 5227 1824 5298 Γραφῶν

237 5319 421 5371 πᾶσιν
455 5316 760 5389 ἀνθρώποις
793 5319 877 5388 ἐφ’
908 5320 1142 5390 ἑκάστης
1183 5319 1394 5391 ἡμέρας
1435 5321 1533 5392 τὴν
1559 5321 1625 5374 δι’
1660 5322 1822 5376 αὑτοῦ

236 5405 679 5478 προξενηθεῖσαν
732 5407 904 5462 ἅπασι
946 5408 1218 5480 σωτηρίαν
1243 5409 1519 5480 κηρύττει.
1556 5411 1824 5479 Ἑπιλέγει

236 5501 309 5553 δὲ
336 5499 732 5563 τούτοις,‹”οτι
756 5501 857 5554 οὐκ
874 5501 1043 5569 ἔγνων
1068 5498 1472 5573 γραμματείας.
1504 5521 1524 5554 ι
1546 5503 1655 5566 Τὰς
1678 5504 1824 5567 κλεῖς

233 5592 536 5663 εἰληφότες
571 5593 668 5663 τῆς
695 5593 988 5662 βασιλείας,
1020 5595 1110 5646 καὶ
1139 5595 1274 5666 μήτε
1314 5595 1466 5649 αὐτοὶ
1506 5595 1820 5666 εἰσερχόμε-

326 5747 371 5778 "
395 5747 532 5804 Gen.
561 5764 709 5814 xux,
745 5750 828 5806 10.
905 5754 950 5787 ’³
983 5751 1169 5808 Matth.
1197 5771 1248 5822 v,
1273 5753 1363 5820 2i,
1392 5753 1482 5820 27,
1509 5752 1600 5811 νε.

1919 3298 2142 3367 adjecit,
2178 3301 2272 3354 sed
2301 3299 2734 3356 additamentum
2761 3301 2963 3356 ell‘ecit.
3020 3301 3176 3368 Quod
3216 3305 3378 3359 etiam
3422 3306 3477 3360 in

1917 3391 2037 3458 ejus
2077 3391 2323 3445 doctrina
2351 3392 2592 3462 reperire
2631 3399 2736 3459 est,
2792 3393 2880 3448 ubi
2919 3393 2998 3448 ait
3045 3413 3058 3449 :
3099 3413 3117 3446 ι
3143 3375 3353 3451 Dictum
3392 3407 3476 3452 est

1919 3483 2182 3552 antiquis,
2217 3481 2333 3537 Non
2372 3483 2627 3552 occides;
2662 3499 2762 3555 ego
2793 3496 2971 3541 autem
3020 3486 3144 3541 dico
3197 3477 3374 3551 vobis.
3401 3486 3481 3544 Ne

1918 3574 2254 3630 irascamini.
2285 3574 2499 3630 Dictum
2525 3586 2610 3631 est
2639 3575 2899 3649 antiquis,
2928 3578 3046 3635 Non
3077 3581 3478 3650 mmchaberis;

1918 3681 2018 3736 ego
2068 3677 2250 3720 autem
2280 3667 2404 3722 dico
2452 3669 2628 3732 vobis,
2662 3669 2739 3725 I\'e
2785 3673 3192 3742 concupiscatis
3212 3675 3314 3740 ’³,ι
3349 3685 3404 3731 et
3432 3679 3476 3732 si

1919 3772 2024 3826 qua
2080 3758 2301 3822 similia,
2353 3774 2473 3828 quae
2531 3760 2801 3830 spiritu-ali
2848 3777 3012 3818 sensu
3062 3773 3116 3819 et
3157 3766 3482 3836 interpreta-

1917 3851 2068 3903 tione
2116 3850 2410 3914 intellecta,
2446 3860 2501 3906 et
2547 3852 2977 3909 additamentum
3028 3856 3134 3927 legi
3169 3857 3478 3920 inferentia,

1920 3942 1974 3996 in
2015 3941 2255 3998 Ecclesia
2310 3945 2432 4014 ejus
2479 3945 2675 4002 tradita
2730 3955 2881 4002 sunt.
2925 3945 3032 4002 Sed
3063 3949 3249 4014 etiam,
3284 3951 3480 4021 inquit.

1925 4049 1942 4080 ι
1965 4045 2027 4086 os
2059 4047 2240 4086 meum
2267 4034 2900 4104 annuntiabitjustitiam
2944 4044 3115 4092 tuam.
3137 4056 3159 4091 ›
3203 4037 3480 4110 Siquidem

1913 4121 2184 4191 justitiam
2218 4123 2312 4180 Dei
2345 4127 2564 4183 exhibet
2590 4127 2961 4198 Evangelium,
2994 4148 3098 4186 non
3121 4131 3322 4189 Judazis
3345 4135 3483 4190 dun-

1921 4220 2068 4267 taxat
2098 4214 2452 4282 destinatum,
2482 4224 2541 4271 ut
2569 4220 2654 4273 lex
2684 4235 2780 4288 per
2801 4220 3038 4292 Moysein
3085 4223 3231 4278 data.
3275 4223 3480 4288 Quam-

1920 4305 2106 4361 obrem
2139 4307 2214 4359 ait
2241 4306 2570 4376 Apostolus:
2611 4330 2629 4364 ι
2660 4310 2780 4367 Non
2813 4315 2955 4368 enim
2999 4317 3264 4370 erubesco
3299 4315 3480 4371 Evan-

1921 4399 2140 4468 gelium.
2195 4399 2383 4456 Virtus
2415 4405 2558 4458 enim
2589 4403 2682 4460 Dei
2706 4416 2791 4460 est
2830 4407 2886 4460 in
2921 4407 3150 4462 salutem
3181 4409 3328 4463 omni
3357 4425 3478 4465 cre-

1922 4491 2092 4553 denti,
2127 4489 2313 4546 Judzeo
2344 4496 2578 4562 primum
2608 4503 2662 4550 et
2683 4495 2895 4556 Graeco.
2949 4496 3169 4553 Justitia
3197 4501 3343 4556 enim
3388 4501 3482 4558 Dei

1924 4582 1977 4635 in
2011 4597 2076 4637 eo
2107 4585 2375 4639 revelatur
2413 4586 2740 4642 ".ildcirco
2760 4589 2851 4643 hic
2877 4590 3119 4646 dicitur:
3154 4611 3171 4643 ι
3196 4590 3270 4647 Os
3304 4609 3483 4649 meum

1925 4675 2266 4730 annuntiabit
2280 4676 2550 4746 justitiam
2571 4691 2738 4743 tuam,
2759 4689 2870 4735 tota
2895 4681 2983 4738 die
3008 4683 3238 4740 salutem
3263 4695 3407 4740 tuam
3433 4706 3479 4754 ;›

1926 4767 2041 4820 sive
2089 4768 2389 4823 secundum
2441 4770 2850 4839 Symmachum,
2905 4791 2924 4824 ι
2953 4771 3059 4828 Per
3093 4789 3311 4831 omnem
3342 4776 3484 4832 diem

1929 4857 2160 4912 salutem
2198 4869 2408 4914 tuam.»
2453 4859 2620 4932 quue
2650 4879 2746 4932 per
2779 4873 2952 4918 totuln
2981 4865 3170 4920 orbem
3204 4867 3485 4939 impletum

1927 4949 2110 5003 videre
2161 4963 2246 5006 est
2275 4968 2286 5004 :
2331 4951 2385 5005 in
2431 4968 2542 5022 quo
2572 4969 2636 5009 os
2669 4953 2968 5010 Salvatoris
3002 4958 3176 5013 nostri
3207 4975 3303 5029 per
3347 4961 3487 5016 divi-

1927 5054 2027 5094 nas
2090 5038 2407 5113 Scripturas
2439 5045 2696 5099 omnibus
2729 5046 3040 5102 hominibus
3067 5051 3311 5121 quotidie
3340 5054 3482 5108 salu-

1927 5138 2035 5185 tem
2065 5133 2134 5187 ab
2170 5149 2230 5190 se
2257 5137 2512 5194 omnibus
2558 5147 2905 5208 procuratam
2941 5142 3220 5212 pradicat.
3267 5143 3362 5200 llis
3384 5147 3450 5199 ad

1919 5223 2062 5290 jicit.
2125 5245 2141 5275 ι
2169 5222 2435 5292 Quoniam
2488 5244 2598 5284 non
2633 5233 2872 5302 cognovi,
2903 5233 3285 5292 litteraturam.
3335 5255 3354 5286 ι
3381 5235 3481 5300 Qui

1925 5314 2170 5371 clavibus
2209 5319 2362 5389 regni
2393 5323 2650 5391 acceptis,
2682 5338 2857 5394 neque
2884 5326 2985 5397 ipsi
3018 5326 3478 5398 ingrediebantur.

1931 5419 2105 5474 neque
2133 5407 2269 5463 alios
2318 5409 2526 5482 ingredi
2569 5415 2964 5480 concedebant,
2995 5417 3352 5472 litteraturam
3385 5414 3483 5470 de-

1931 5503 2200 5558 tinebant.
2241 5504 2352 5577 Ego
2405 5525 2555 5576 vero,
2611 5513 2808 5583 inquit,
2850 5512 2942 5585 qui
3003 5512 3204 5583 Moysis
3261 5513 3480 5584 scriptis

1930 5611 2036 5651 non
2073 5597 2315 5667 attendo,
2351 5619 2526 5674 neque
2571 5620 2887 5677 corpoream
2935 5604 3067 5672 legis
3121 5606 3480 5664 litteraturam

1677 5752 1724 5787 ’³
1756 5750 1961 5820 RomJ,
1997 5752 2077 5819 l6,
2110 5754 2191 5807 l7.
