4062 6208
578 335 684 390 Ὶὲῦ

1244 334 1506 391 [ΞΗΒΕΒΙΙ
1544 334 2020 390 C/ESARIENSIS
2059 336 2122 392 01

2252 335 2434 391 PARS
2468 337 2559 392 111.
2601 369 2670 379 -
2709 338 3121 396 EXECETICA.

3690 349 3790 405 786

572 453 856 523 discipulis
895 453 1030 507 meis
1067 451 1288 516 tradidi,
1317 468 1425 507 non
1473 455 1701 525 cognovi
1734 455 2114 510 litteraturam.

2225 474 2296 510 νοι
2331 457 2468 527 μήτε
2499 457 2706 528 ἑτέροις
2759 457 3166 528 συγχωροῦντες
3192 498 3208 519 ,
3261 458 3362 520 τὰς
3408 461 3792 530 γραμματείας

574 544 712 612 Quid
739 552 918 598 autem
948 544 1132 598 nosti?
1180 541 1234 596 Id
1269 554 1453 612 postea
1479 545 1721 600 declarat
1749 545 1965 602 dicens:
1997 565 2015 598 ι
2039 545 2122 600 ln-

573 637 751 691 troibo
774 636 827 690 in
856 635 1127 704 potentias
1171 634 1386 689 Domini
1419 635 1655 701 Domini,
1686 645 1740 692 et
1778 638 2122 693 memorabor

574 728 800 800 justitia:
833 735 941 782 tuae
978 727 1200 784 solius.»
1242 727 1376 782 Nam
1413 729 1718 784 litteratura
1747 727 1948 785 Judmis
1988 731 2120 787 solis

571 825 930 894 competebat,
979 823 1072 894 qui
1124 832 1204 878 ter
1247 823 1303 878 in
1347 838 1492 878 anno
1533 822 1919 896 Jerosolymam
1970 823 2121 880 adire

568 913 925 984 jubebantur;
955 927 1128 982 eaque
1156 911 1326 965 multa
1357 912 1461 966 alia
1491 912 1658 967 ardua
1689 929 1787 968 nec
1811 914 2120 969 necessaria

573 1007 902 1062 continebat.
947 1006 1057 1077 Ego
1083 1020 1212 1061 vero
1261 1005 1316 1060 in
1361 1006 1598 1077 potentia
1662 1003 1873 1060 Domini
1906 1005 2116 1060 Domini

575 1100 628 1153 in
673 1097 945 1155 Ecclesias
984 1112 1133 1153 meas
1167 1096 1425 1164 introibo,
1456 1107 1508 1152 et
1534 1097 2123 1167 memoraborjnstitiae

571 1199 676 1245 tua:
706 1190 894 1246 solius.
923 1187 1139 1244 Justitia
1176 1204 1409 1260 namque
1453 1187 1630 1244 Patris
1656 1199 1792 1256 erat,
1845 1197 1903 1244 ut
1933 1205 2121 1245 omnes

571 1281 816 1338 homines
860 1278 1076 1336 Graecos
1111 1280 1273 1335 simul
1303 1290 1357 1335 et
1392 1280 1654 1337 barbaros
1685 1296 1783 1338 sua
1813 1281 2123 1352 cognitione

570 1374 819 1437 donaret,
851 1379 905 1428 et
933 1379 994 1427 ut
1025 1371 1077 1426 in
1111 1371 1258 1427 omni
1286 1372 1426 1439 loco,
1464 1387 1640 1443 neque
1662 1373 1715 1427 in
1747 1388 1855 1428 uno
1883 1381 1941 1427 ut
1965 1373 2117 1440 olim,

569 1465 675 1519 coli
709 1480 768 1520 se
799 1464 1148 1535 praeciperet;
1181 1463 1255 1518 ita
1300 1472 1361 1518 ut
1409 1464 1477 1518 ab
1527 1465 1738 1519 oriente
1785 1465 1899 1520 sole
1945 1479 2120 1535 usque

571 1559 639 1612 ad
678 1558 1013 1614 occidentem
1061 1573 1259 1614 nomen
1289 1557 1410 1628 ejus
1445 1557 1814 1613 celebraretur
1856 1558 1911 1614 in
1939 1559 2118 1630 genti-

571 1651 674 1704 bus
693 1650 762 1704 ⁸³.

2226 549 2494 617 κατεῖχον.
2536 546 2676 615 Ἐγὼ
2695 547 2770 612 δὲ,
2798 549 2950 618 φησί,
2982 547 3161 620 μὴτῷ
3194 549 3468 612 Μωῦσέως
3509 552 3794 623 συγγράμ-

2229 654 2358 708 ματι
2382 637 2678 706 προσέχων,
2699 638 2831 708 μηδὲ
2857 639 2955 702 τὰς
2983 639 3076 692 τοῦ
3100 640 3264 709 νόμου
3282 641 3595 710 σωματικὰς
3618 660 3797 714 γραμ-

2229 729 2458 800 ματείας
2487 731 2602 792 τοῖς
2618 730 2854 800 ἐμαυτοῦ
2879 731 3150 803 παραδοὺς
3175 731 3460 802 μαθηταῖς,
3490 733 3590 785 οὐκ
3618 733 3794 800 ἔγνων

2226 819 2628 892 γραμματείας.
2665 819 2728 872 Τί
2759 820 2816 874 δέ
2855 821 3064 889 ἐγνως;
3103 821 3258 892 Ἑξῆς
3297 821 3549 890 διασαφεῖ
3578 821 3750 890 λέγων
3772 839 3788 852 ο

2232 930 2251 963 ‹
2293 910 2680 980 Εἰσελεύσομαι
2703 914 2782 976 εἰς
2805 912 3118 976 δυναστείας
3163 911 3365 984 Κυρίου
3409 914 3644 984 Κυρίου,
3694 915 3797 968 καὶ

2231 1005 2608 1078 μνησθήσομαι
2653 1007 2752 1077 τῆς
2783 1005 3125 1076 δικαιοσύνης
3156 1023 3248 1059 σου
3291 1005 3470 1078 μόνου.
3513 1027 3533 1058 ι
3563 1008 3630 1060 Δί
3688 1009 3795 1079 μὲν

2227 1096 2334 1167 γὰρ
2361 1100 2736 1168 γραμματεῖαι
2795 1097 3062 1160 Ἰουδαίοις
3107 1097 3288 1169 μόνοις
3333 1099 3637 1170 ἣρμοττον,
3669 1100 3792 1171 τρὶς

2223 1185 2319 1238 τοῦ
2339 1187 2586 1241 ἐνιαυτοῦ
2617 1187 3138 1258 παρακελευομένοις
3169 1190 3416 1260 ἀπαντᾷν
3456 1191 3536 1254 εἰς
3578 1191 3650 1244 τά
3690 1191 3798 1243 Ἱε-

2226 1280 2517 1351 ροσόλυμα,
2546 1280 2715 1336 πολλά
2737 1299 2796 1335 τε
2817 1282 2949 1337 ἀλλα
2971 1282 3206 1354 δυσχερῆ
3253 1282 3348 1337 καὶ
3379 1283 3478 1337 οὐκ
3517 1283 3798 1352 ἀναγκαῖα.

2225 1375 2515 1444 περιεῖχον.
2569 1372 2708 1442 Ἐγὼ
2737 1374 2793 1427 δὲ
2823 1377 2882 1428 ἐν
2902 1375 3185 1446 δυναστείᾳ
3206 1375 3412 1446 Κυρίου
3448 1375 3676 1446 Κυρίου,
3707 1378 3798 1440 εἰς

2223 1461 2324 1525 τὰς
2351 1462 2588 1532 ἐμαυτοῦ
2633 1465 2953 1536 Ἐκκλησίας
2992 1465 3386 1537 εἰσελεύσομαι,
3426 1467 3518 1521 καὶ
3548 1467 3802 1538 μνησθήο

2225 1571 2388 1624 σομαι
2413 1555 2513 1626 τῆς
2533 1555 2874 1628 δικαιοσύνης
2900 1573 2992 1610 σου
3024 1558 3205 1627 μόνου.
3231 1557 3552 1629 Δικαιοσύνη
3568 1557 3672 1629 γὰρ
3685 1556 3798 1611 τοῦ

2223 1645 2435 1716 Πατρὸς
2461 1641 2528 1716 ἦν
2557 1647 2618 1700 τὸ
2640 1647 2846 1711 πάντας
2871 1646 3188 1719 ἀνθρώπους
3225 1649 3490 1720 ’Έλληνας
3535 1649 3649 1720 ἅμα
3689 1648 3800 1702 καὶ

571 1741 873 1814 βαρϐάρους
902 1741 1000 1812 τῆς
1048 1739 1211 1795 αὐτοῦ
1241 1736 1637 1808 καταξιωθῆναι
1686 1737 1968 1806 γνώσεως,
2013 1734 2107 1788 καὶ
2150 1733 2212 1788 τὺ
2261 1737 2318 1788 ἐν
2341 1738 2499 1791 παντὶ
2534 1738 2702 1810 τόπῳ,
2731 1739 2864 1793 ἀλλά
2893 1740 3086 1811 μηκέτι
3113 1743 3171 1794 ἐν
3223 1741 3304 1793 ἐνὶ
3349 1741 3631 1812 ἐπιτρέψαι
3691 1741 3794 1794 λα-

566 1839 776 1912 τρεύειν
802 1837 976 1909 αὐτῷ·
1041 1838 1179 1892 ὥστε
1217 1835 1323 1890 ἀπὸ
1344 1833 1611 1889 ἀνατολῶν
1655 1833 1804 1905 ἡλίου
1855 1831 2013 1903 μέχρι
2057 1829 2274 1902 δυσμῶν
2318 1831 2632 1899 δοξάζεσθαι
2657 1833 2818 1888 αὑτοῦ
2849 1834 2909 1888 τὸ
2938 1835 3105 1906 ὄνομα
3129 1835 3186 1890 ἐν
3212 1837 3324 1900 τοῖς
3346 1835 3573 1890 ἔθνεσιν.

641 1957 805 2014 Vens.
858 1957 947 2013 17.
999 1975 1018 2009 ι
1051 1955 1212 2020 Deus,
1245 1955 1480 2010 docuisti
1508 1969 1592 2009 me
1623 1969 1652 2007 a
1678 1953 1957 2022 juventute
1985 1965 2122 2017 mea,

2301 1970 2320 2002 ‹
2362 1953 2420 2006 '0
2443 1953 2592 2019 Θεὸς,
2619 1953 2860 2022 ἐδίδαξᾶς
2882 1973 2950 2026 με
2977 1956 3042 2009 ἐκ
3064 1956 3312 2026 νεότητός
3346 1974 3468 2023 μου,
3498 1957 3592 2011 καὶ
3627 1958 3798 2031 μέχρι

567 2061 621 2107 et
658 2067 832 2122 usque
871 2065 1017 2104 nunc
1049 2048 1414 2119 pronuntiabo
1462 2045 1732 2100 mirabilia
1761 2055 1906 2099 tua.»
1959 2041 2121 2099 Solus

571 2143 824 2198 Servatur
859 2140 1073 2196 Patrem
1118 2140 1224 2196 sibi
1270 2138 1587 2210 magistrum
1648 2135 1902 2192 ascribit:
1952 2149 2123 2205 quare

569 2233 902 2289 contribules
949 2232 1068 2302 ejus
1117 2229 1402 2286 dicebant:
1441 2227 1635 2284 «Unde
1683 2228 1811 2282 buic
1851 2226 2120 2296 sapientia

568 2332 742 2389 tanta,
773 2331 828 2379 et
874 2321 1147 2377 virtutes?
1191 2318 1380 2376 Nonne
1425 2319 1512 2374 hic
1545 2326 1630 2374 est
1667 2317 1806 2373 fabri
1843 2317 2117 2372 ﬁlius"?i

568 2412 744 2471 Probe
769 2414 970 2486 quippe
1003 2412 1249 2468 sciebant
1277 2411 1453 2480 ipsum
1484 2425 1592 2465 non
1627 2408 1904 2480 magistris
1946 2407 2125 2462 homi-

567 2503 730 2559 nibus
758 2516 976 2573 operam
1013 2500 1245 2556 dedisse.
1306 2497 1444 2564 Quia
1477 2499 1640 2570 igitur
1666 2497 1838 2554 forma
1867 2497 2010 2554 servi
2033 2511 2124 2551 ac-

567 2600 744 2664 cepta,
795 2599 850 2648 et
925 2590 1117 2645 habitu
1175 2591 1430 2646 inventus
1487 2597 1546 2643 ut
1610 2588 1795 2652 homo,
1861 2587 2124 2658 puerilem

567 2698 821 2740 emensus
852 2688 936 2738 est
971 2689 1208 2745 aetatem,
1241 2695 1304 2735 ac
1349 2679 1576 2750 perinde
1604 2685 1768 2749 atque
1796 2691 1898 2733 nos
1927 2677 2124 2746 juven—

569 2779 699 2833 tutis
732 2790 909 2831 annos
945 2773 1210 2837 decurrit,
1259 2773 1462 2842 illoque
1501 2778 1746 2842 tempore
1797 2784 1908 2824 non
1958 2767 2126 2823 disci-

568 2868 753 2940 plinis,
812 2883 919 2922 non
952 2865 1228 2938 magistris
1279 2878 1498 2934 operam
1540 2862 1719 2930 dedit;
1772 2861 1866 2916 sed
1923 2863 2125 2915 virtute

569 2962 752 3018 divina
781 2959 1099 3030 proﬁciebat
1136 2967 1294 3014 aetate
1331 2964 1384 3012 et
1413 2955 1681 3027 sapientia
1707 2963 1758 3009 et
1781 2952 1954 3025 gratia
1982 2950 2124 3022 apud

572 3051 736 3109 Deum
775 3058 829 3106 et
865 3049 1152 3115 homines;
1197 3048 1320 3118 jure
1354 3047 1441 3101 hic
1467 3047 1542 3101 ait
1582 3065 1597 3102 :
1649 3063 1667 3096 ι
1690 3043 1855 3108 Deus,
1891 3042 2124 3099 docuisti

571 3159 657 3200 me
699 3157 729 3196 a
757 3143 1039 3212 juventute
1065 3155 1206 3206 mea,
1238 3147 1292 3195 et
1342 3155 1515 3209 usque
1565 3153 1710 3192 nunc
1763 3137 2126 3208 pronuntiabo

570 3233 840 3290 mirabilia
871 3239 1002 3300 tua;
1029 3249 1049 3284 ι
1081 3233 1225 3302 quod
1257 3231 1419 3284 etiam
1453 3245 1620 3301 penes
1647 3229 1945 3299 discipulos
1973 3243 2123 3285 meos

2220 2039 2313 2094 τοῦ
2341 2040 2436 2095 νῦν
2457 2042 2740 2112 ἀναγγελῶ
2766 2043 2835 2097 τὰ
2861 2044 3138 2116 θαυμάσιά
3163 2062 3278 2099 σου.
3301 2066 3318 2098 ι
3343 2047 3517 2111 Μόνος
3545 2051 3574 2101 ό
3600 2049 3799 2121 Σωτὴρ

2219 2129 2310 2182 τδν
2337 2130 2553 2202 Πατέρα
2583 2131 2902 2187 διδάσκαλον
2928 2136 3291 2206 ἐπιγράφεται
3312 2154 3324 2168 ·
3349 2137 3537 2209 διόπερ
3566 2140 3616 2192 οἰ
3640 2141 3698 2192 ἐν
3719 2144 3801 2212 τῇ

2220 2221 2437 2293 πατρίδι
2469 2223 2632 2276 αὑτοῦ
2655 2223 2870 2293 ἔλεγον·
2910 2244 2930 2276 ι
2967 2225 3138 2278 Πόθεν
3170 2226 3343 2298 τούτῳ
3374 2230 3522 2282 πᾶσα
3567 2231 3600 2300 ἡ
3628 2231 3805 2300 σοφία.

2220 2313 2359 2383 αῦτη
2389 2313 2481 2366 καὶ
2506 2315 2559 2366 αἰ
2592 2315 2846 2386 δυνάμεις
2869 2333 2884 2380 ;
2907 2317 3020 2386 Οὐχ
3050 2312 3202 2381 οὗτός
3243 2319 3388 2372 ἐστιν
3416 2320 3444 2371 ό
3477 2320 3572 2373 τοῦ
3603 2322 3803 2376 τέκτο-

2220 2422 2308 2467 νος
2353 2406 2496 2472 υἰός;
2537 2423 2555 2457 ι
2597 2406 2830 2478 ’ῌδεσαν
2884 2408 2992 2481 γὰρ
3030 2409 3275 2480 ἀκριϐῶς
3327 2410 3402 2482 μὴ
3449 2411 3805 2480 διδασκάλοις

2220 2497 2525 2568 ἀνθρώποις
2557 2499 2968 2571 προσεσχηκότα
2994 2501 3177 2555 αὐτόν.
3227 2501 3377 2555 Ἐπεὶ
3403 2503 3601 2568 τοίνυν,
3654 2523 3804 2578 μορ-

2223 2591 2329 2663 φὴν
2357 2590 2541 2644 δούλου
2566 2589 2762 2656 λαϐὼν,
2797 2591 2891 2644 καὶ
2917 2592 3154 2662 σχήματι
3195 2591 3434 2663 εὑρεθεὶς
3463 2593 3539 2657 ὼς
3577 2593 3803 2666 ἄνθρω.

2223 2698 2341 2746 πος,
2374 2680 2470 2752 τὴν
2495 2680 2744 2750 παιδικὴν
2767 2680 2979 2752 διῆλθεν
3006 2681 3221 2754 ἡλικίαν
3239 2721 3254 2748 ,
3291 2683 3384 2737 καὶ
3413 2685 3511 2756 τῆς
3541 2686 3802 2756 νεότητος

2221 2771 2318 2843 τὴν
2343 2770 2488 2844 ὥραν
2527 2772 2724 2843 ὁμοίως
2749 2773 2879 2844 ημῖν
2910 2773 3226 2844 ὑπέμεινεν·
3260 2775 3381 2828 οὔτε
3413 2776 3469 2830 δέ
3491 2777 3803 2850 διατριϐαῖς

2223 2863 2543 2935 προσέσχεν,
2561 2862 2682 2918 οὔτε
2706 2864 3044 2929 διδασκάλοις
3069 2867 3209 2920 κατὰ
3243 2866 3430 2921 τοῦτον
3454 2868 3546 2921 τὸν
3577 2872 3798 2942 χρόνον,

2223 2957 2446 3027 δυνάμει
2477 2955 2533 3008 δέ
2575 2955 2726 3028 θεῖκῇ
2755 2956 3091 3028 προέκοπτεν
3127 2959 3310 3031 ἡλικίᾳ
3344 2960 3439 3014 καὶ
3481 2963 3663 3034 σοφίᾳ,
3698 2965 3800 3018 καὶ

2225 3047 2403 3118 χάριτι
2449 3045 2600 3117 παρά
2625 3045 2742 3117 Θεῷ
2770 3047 2862 3100 καὶ
2911 3045 3248 3119 ἀνθρὼποις’
3290 3050 3515 3114 εἰκότως
3560 3053 3800 3108 ἐνταῦθά

2227 3156 2414 3212 φησιν·
2452 3157 2471 3190 ι
2526 3140 2585 3192 '0
2609 3139 2760 3204 Θεὸς,
2795 3139 3038 3206 ἐδίδαξας
3073 3157 3140 3210 με
3169 3143 3510 3214 ἐκ.νεότητός
3539 3161 3662 3214 μου,
3697 3146 3798 3198 καὶ

2230 3231 2390 3302 μέχρι
2413 3231 2505 3284 τοῦ
2530 3230 2624 3286 νῦν
2649 3231 2932 3301 ἀναγγελῶ
2961 3232 3030 3287 τά
3053 3233 3332 3305 θαυμάσιά
3360 3251 3452 3288 σου
3477 3253 3492 3266 ο
3518 3255 3537 3287 ι
3558 3237 3652 3288 καὶ
3679 3240 3797 3300 τοῖς

570 3332 817 3382 servetur
845 3338 1020 3394 usque
1051 3325 1119 3376 ad
1143 3321 1672 3377 consummationem
1702 3320 1921 3376 saeculi:
1958 3327 2032 3385 et,
2064 3325 2122 3374 ut

2225 3325 2374 3395 ἐμοῖς
2403 3323 2698 3395 φυλαχθείη
2727 3324 2990 3397 μαθηταῖς
3020 3324 3182 3398 μέχρι
3208 3326 3510 3390 συντελείας
3530 3327 3623 3379 τοῦ
3654 3328 3798 3380 αἰῶ-

569 3417 767 3475 dixerit
801 3415 1097 3487 quispiam,
1127 3429 1299 3484 usque
1330 3412 1398 3468 ad
1454 3422 1811 3477 senectutem,
1845 3418 1899 3468 et
1927 3410 1994 3465 ad
2034 3427 2129 3466 us-

568 3522 673 3579 que
709 3513 1037 3576 postremam
1083 3502 1655 3564 consummationem,
1684 3509 1736 3557 te
1782 3515 1999 3555 rursum
2029 3499 2124 3554 de-

568 3613 781 3671 precor,
823 3596 991 3663 Deus,
1025 3610 1092 3651 ne
1126 3610 1212 3651 me
1262 3593 1648 3664 derelinquas;
1680 3592 1776 3649 sed
1807 3592 1941 3647 mihi
1975 3590 2124 3647 adsis

569 3705 634 3746 ac
667 3704 764 3762 per
795 3703 882 3744 me
925 3686 1193 3741 mirabilia
1223 3693 1312 3739 tua
1357 3683 1622 3754 opereris,
1672 3701 1690 3734 ι
1714 3682 1885 3737 donec
1916 3697 2128 3736 annun-

567 3785 694 3838 tiem
727 3781 1008 3837 brachium
1051 3787 1202 3832 tuum
1241 3776 1582 3848 generationi
1627 3775 1798 3839 omni,
1835 3791 1957 3846 qua:
1987 3790 2123 3829 vcn-

569 3884 690 3929 tura
722 3881 858 3930 est»
887 3871 1022 3926 Nam
1052 3885 1314 3942 praesens,
1345 3870 1542 3940 inquit,
1565 3871 1845 3940 generatio
1881 3876 2126 3924 tortuosa

568 3974 652 4021 est
673 3975 726 4020 et
753 3979 1033 4035 perversa,
1075 3962 1350 4033 generatio
1404 3962 1547 4015 mala
1581 3970 1636 4016 et
1663 3961 1937 4016 adultera.
1973 3957 2124 4025 Qua-

571 4064 791 4128 propter
830 4055 884 4108 in
938 4053 1120 4107 futura
1169 4052 1520 4122 generatione
1580 4051 1916 4106 annuntiabo
1985 4067 2002 4100 ι
2031 4064 2126 4120 po-

569 4149 794 4205 tentiam
831 4157 978 4202 tuam
1009 4153 1063 4200 et
1108 4144 1377 4216 justitiam
1425 4152 1597 4208 tuam,
1631 4143 1795 4208 Deus,
1843 4158 2016 4212 usque
2067 4142 2124 4196 iu

569 4234 867 4299 altisnima,
891 4242 945 4288 et
967 4247 1087 4304 qua:
1116 4232 1293 4288 fecisti
1326 4232 1643 4303 magnalia.»
1673 4231 1753 4286 Tu
1785 4232 1920 4301 ipse,
1944 4229 2122 4296 Pater,

569 4343 664 4400 per
697 4342 784 4382 me
813 4327 928 4381 haec
953 4325 1231 4390 omnibus,
1265 4325 1358 4396 qui
1391 4331 1516 4397 post
1561 4323 1729 4378 futuri
1764 4333 1894 4380 sunt
1950 4323 2125 4378 homi-

569 4421 750 4486 nibus,
781 4427 836 4477 et
863 4427 1106 4476 venturae
1141 4419 1478 4492 generationi
1510 4416 1878 4480 annuntiabis,
1909 4423 1962 4472 et
1988 4432 2124 4487 pra:-

566 4515 841 4572 dicabitur
862 4513 1076 4585 justitia
1104 4521 1199 4568 tua
1231 4527 1402 4583 usque
1433 4514 1487 4566 in
1517 4511 1802 4567 altissima.
1835 4509 1967 4564 Nam
1999 4524 2124 4564 cum

566 4609 604 4663 ii
635 4607 727 4678 qui
753 4607 808 4661 in
837 4614 986 4661 terra
1003 4614 1154 4670 sunt,
1177 4605 1404 4661 salutem
1425 4611 1844 4673 consequentur,
1868 4602 2122 4672 gaudium

566 4699 670 4752 erit
705 4699 760 4752 in
807 4697 984 4761 caelis,
1014 4697 1243 4767 angelis,
1273 4695 1367 4765 qui
1416 4695 1470 4748 in
1529 4694 1810 4749 altissimis
1851 4693 2116 4755 habitant,

567 4787 852 4843 hoinum
887 4787 1050 4842 saluti
1097 4785 1518 4856 gratulantibus.
1561 4784 1848 4840 Senectam
1902 4798 2034 4839 vero
2062 4794 2118 4840 et

570 4881 782 4936 senium
817 4893 885 4933 ne
931 4880 1209 4933 cuncteris
1255 4879 1459 4940 dicere,
1492 4892 1612 4933 esse
1639 4876 2036 4946 discipulorum
2069 4889 2124 4930 et

569 4969 826 5026 Ecclesia
879 4971 1053 5041 ipsius
1087 4971 1498 5041 perfectionem.
1558 4969 1616 5024 Si
1652 4983 1886 5038 namque
1915 4982 2119 5038 corpus

567 5065 686 5133 ejus
716 5061 954 5118 Ecclesia
970 5073 1074 5132 est,
1099 5075 1155 5118 ut
1181 5065 1364 5120 docuit
1383 5063 1676 5134 Apostolus
1709 5062 1927 5118 dicens:
1968 5080 1987 5112 ε
2015 5059 2127 5116 Vos

568 5161 748 5209 autem
778 5155 911 5210 estis
933 5169 1133 5226 corpus
1162 5155 1365 5212 Christi
1391 5165 1445 5211 et
1466 5155 1704 5211 membra
1726 5170 1792 5208 ex
1815 5161 1970 5224 parte
1988 5153 2070 5221 ’7;
2098 5172 2117 5204 ι

568 5262 696 5318 pars
730 5246 987 5302 Ecclesiae
1034 5256 1088 5303 et
1139 5251 1349 5303 senium
1397 5251 1516 5319 ejus
1561 5257 1870 5320 opportune
1907 5247 2124 5303 dicatur

566 5352 710 5402 esse,
767 5337 888 5407 ejus
947 5339 1000 5392 in
1042 5339 1294 5407 prasenti
1341 5340 1450 5394 vita
1505 5339 1804 5394 secundum
1866 5338 2118 5392 virtutem

567 5431 986 5494 consummatio,
1038 5437 1162 5499 post
1205 5445 1369 5501 quam
1425 5439 1589 5486 exuta
1646 5429 1862 5485 mortali
1916 5443 1980 5483 ac
2015 5436 2123 5483 ter—

568 5536 699 5574 rena
735 5521 868 5584 vita,
900 5520 1110 5575 crelesti
1155 5521 1440 5576 mansione
1471 5520 1712 5592 dignata,
1743 5529 1798 5576 et
1827 5520 2122 5588 conjuncta

570 5607 826 5666 brelesiae
876 5610 1360 5682 primogenitorum
1411 5611 1810 5682 deseriptorum
1853 5611 1908 5664 in
1942 5608 2118 5672 ctelis,

2226 3434 2316 3481 νος
2335 3433 2348 3446 ·
2373 3417 2467 3470 καὶ
2495 3417 2570 3480 ὼς
2593 3417 2658 3470 ἀν
2687 3435 2771 3481 τις
2795 3416 2958 3482 εἴποι,
2996 3419 3156 3489 μέχρι
3191 3420 3375 3490 γήρως
3424 3419 3516 3472 καὶ
3553 3419 3654 3489 τῆς
3702 3424 3794 3487 εἰς

2227 3509 2392 3580 ἀκρον
2417 3507 2762 3574 τελειώσεως,
2796 3509 2856 3562 σὲ
2888 3509 3048 3563 πάλιν
3078 3511 3168 3564 τὸν
3187 3511 3318 3566 Θεὸν
3345 3511 3562 3565 ἱκετεύω
3599 3513 3672 3584 μή
3714 3531 3792 3584 με

2229 3601 2632 3670 ἐγκαταλιπεῖν,
2668 3605 2904 3657 συνεῖναι
2933 3602 2990 3656 δέ
3021 3620 3109 3674 μοι
3138 3603 3230 3656 καὶ
3260 3603 3329 3657 τά
3372 3603 3645 3675 θαυμάσιά
3691 3623 3794 3659 σου

2227 3693 2464 3763 ἐνεργεῖν
2484 3691 2551 3744 δι’
2585 3690 2739 3762 ἐμοῦ,
2776 3710 2794 3742 ι
2827 3691 2929 3756 ἐως
2963 3691 3270 3760 ἀναγγείλω
3294 3691 3382 3745 τὸν
3416 3691 3676 3764 βραχίονα
3694 3709 3797 3748 σου

2225 3786 2292 3854 τῇ
2319 3785 2480 3855 γενεᾷ
2505 3784 2652 3856 πάσῃ
2669 3786 2734 3854 τῇ
2763 3783 3083 3854 ἐρχομένῃ.»
3104 3784 3168 3837 Ἠ
3189 3768 3298 3856 ’γὰρ
3322 3783 3437 3848 νῦν,
3469 3785 3622 3855 φησὶ,
3654 3802 3799 3859 παρ-

2225 3875 2360 3930 οῦσα
2400 3875 2561 3945 γενεά
2614 3875 2800 3929 σκολιά
2830 3876 3086 3946 τυγχάνει
3113 3877 3205 3930 καὶ
3231 3876 3658 3948 διεστραμμένη,
3698 3879 3798 3932 καὶ

2225 3965 2382 4035 γενεά
2412 3963 2620 4038 πονηρὰ
2641 3963 2732 4017 καὶ
2763 3963 3028 4036 μοιχαλίς.
3076 3964 3166 4018 Διὸ
3205 3967 3271 4036 τῇ
3316 3966 3480 4036 γενεᾷ
3525 3969 3590 4036 τῇ
3640 3967 3798 4037 ἐρχοο
3830 4026 3837 4032 ,

2227 4057 2364 4137 μένῃ
2390 4056 2683 4127 ἀπαγγελῶ
2722 4075 2739 4108 ι
2763 4056 2860 4128 τὴν
2891 4056 3210 4110 δυναστείαν
3235 4074 3328 4110 σου
3357 4058 3453 4111 καὶ
3475 4057 3573 4128 τὴν
3592 4057 3798 4111 δικαιο-

2226 4147 2391 4220 σύνην
2417 4165 2533 4213 σου,
2560 4149 2589 4200 ό
2615 4146 2765 4212 Θεὸς,
2797 4148 2902 4211 ἕως
2927 4147 3034 4201 τῶν
3057 4147 3313 4217 ὑψίστων,
3356 4148 3392 4202 ἀ
3436 4165 3496 4200 τε
3533 4149 3794 4218 ἐποίησας

2227 4242 2504 4312 μεγαλεῖα.
2535 4259 2555 4294 ι
2588 4241 2658 4293 Σὺ
2680 4239 2838 4304 αὐτὸς
2861 4242 2890 4293 ὁ
2916 4240 3123 4312 Πατὴρ,
3155 4241 3222 4294 δι’
3261 4239 3395 4311 ἐμοῦ
3431 4239 3603 4294 ταῦτα
3658 4243 3792 4294 πᾶσι

2222 4337 2336 4398 τοῖς
2360 4333 2496 4405 μετὰ
2519 4333 2690 4388 ταῦτα
2723 4333 3106 4405 γενησομένοις
3131 4331 3436 4403 ἀνθρώποις
3466 4333 3560 4385 καὶ
3601 4334 3669 4403 τῇ
3696 4349 3790 4401 γε·

2223 4427 2319 4497 νεᾷ
2343 4427 2409 4497 τῇ
2465 4424 2729 4496 ἐρχομένῃ
2770 4424 3132 4492 ἀπαγγελεῖς,
3179 4425 3272 4477 καὶ
3320 4422 3788 4494 κηρυχθήσεταιη

2223 4517 2534 4590 δικαιοσύνη
2556 4533 2649 4571 σου
2670 4518 2772 4581 ἕως
2792 4516 2899 4572 τῶν
2927 4515 3182 4585 ὑψίστων.
3202 4516 3528 4586 Σωζομένων
3550 4515 3662 4587 γὰρ
3683 4516 3788 4568 τῶν

2227 4610 2320 4663 ἐπὶ
2351 4609 2479 4680 γῆς,
2509 4607 2652 4680 χαρὰ
2682 4607 2834 4662 ἔσται
2863 4610 2922 4662 ἐν
2954 4609 3220 4678 οὐρανοῖς,
3257 4607 3657 4678 συγχαιρόντων
3680 4604 3786 4658 τῶν

2223 4700 2281 4751 ἐν
2308 4700 2419 4761 τοῖς
2452 4696 2693 4766 ὑψίστοις
2727 4695 3017 4750 οἰκούντων
3043 4696 3287 4765 ἀγγέλων
3327 4699 3392 4767 τῇ
3421 4695 3529 4750 τῶν
3575 4695 3786 4768 ἀνθρώ-

2224 4800 2340 4837 πων
2364 4783 2624 4855 σωτηρίᾳ.
2653 4784 2832 4856 Γῆρας
2851 4784 2908 4837 δέ
2935 4785 3028 4838 καὶ
3057 4785 3320 4856 πρεσϐεία
3342 4787 3417 4858 μὴ
3437 4785 3584 4839 ὄκνει
3613 4785 3788 4854 λέγειν

2224 4874 2320 4946 τὴν
2349 4875 2660 4948 τελειότητα
2689 4876 2796 4929 τῶν
2823 4875 2986 4930 αὐτοῦ
3017 4877 3270 4948 μαθητῶν
3298 4879 3390 4932 καὶ
3416 4879 3511 4948 τῆς
3566 4878 3786 4946 Ἐκκλη-

2228 4968 2347 5032 σίας
2370 4967 2554 5022 αὐτοῦ.
2586 4969 2649 5022 Εἰ
2677 4969 2784 5039 γὰρ
2821 4969 2976 5040 σῶμα
2996 4969 3157 5022 αὐτοῦ
3191 4971 3224 5041 ἡ
3267 4969 3559 5040 Ἐκκλησία
3590 4970 3786 5040 τυγχά-

2225 5077 2325 5124 νει,
2347 5059 2421 5123 ὡς
2447 5059 2683 5126 ἐδίδαξεν
2705 5060 2736 5113 ό
2776 5060 3092 5125 Ἀπόστολος
3108 5060 3274 5115 εἰπών
3291 5078 3304 5091 ·
3334 5079 3353 5113 ι
3377 5061 3560 5132 Ὑμεῖς
3582 5061 3639 5116 δέ
3667 5065 3784 5115 ἐστε

2230 5151 2386 5222 σῶμα
2433 5153 2667 5224 Χριστοῦ
2712 5154 2807 5208 καὶ
2841 5154 2976 5224 μέλη
3028 5158 3092 5208 ἐκ
3146 5154 3371 5226 μέρους·
3411 5174 3430 5206 ι
3475 5155 3640 5226 μέρος
3687 5154 3786 5224 τῆς

2241 5243 2558 5315 Ἐκκλησίας
2591 5247 2685 5299 καί
2705 5245 2988 5318 πρεσϐεῖον
3015 5245 3182 5316 αὐτῆς
3226 5245 3419 5316 λέγοιτ’
3461 5247 3527 5300 ἂν
3565 5246 3789 5308 εἰκότως

2226 5337 2259 5404 ἡ
2289 5334 2407 5388 κατ’
2435 5335 2635 5408 ἀρετὴν
2655 5335 2750 5408 τὴν
2781 5338 2837 5390 ἐν
2865 5337 2941 5408 τῷ
2968 5337 3191 5407 παρόντι
3216 5337 3314 5410 βίῳ
3342 5337 3642 5400 τελείωσις,
3667 5333 3771 5406 μεθ

2225 5425 2313 5497 ἢν,
2350 5426 2536 5500 ὥσπερ
2556 5428 2938 5501 ἀποδυσαμένη
2963 5429 3054 5482 τὸν
3071 5431 3160 5483 ἐπί
3179 5431 3280 5500 γῆς
3299 5429 3488 5502 θνητὸν
3511 5429 3643 5499 βίον,
3665 5428 3792 5481 ἀνα-

2225 5519 2626 5590 καινισθήσεται
2653 5519 2752 5591 τῆς
2781 5520 3032 5590 οὐρανίου
3066 5521 3340 5594 διατριϐῆς
3388 5521 3778 5589 καταξιωθησο

2226 5609 2386 5680 μένη,
2425 5613 2802 5684 συναπτομένη
2831 5629 2889 5665 τε
2919 5614 2984 5683 τῇ
3019 5611 3307 5684 Ἐκκλησία
3356 5613 3462 5667 τῶν
3513 5611 3790 5684 πρωτοτόο

641 5768 683 5798 "
715 5765 921 5820 Malacli
987 5783 1026 5835 ι,
1057 5767 1143 5827 Η.
1221 5769 1267 5801 ’⁸
1304 5767 1493 5822 Matth.
1523 5781 1642 5832 xm,
1670 5757 1866 5822 54-55:
1933 5765 1977 5797 ’⁷
2005 5766 2022 5819 l
2051 5767 2175 5828 Cor.
2199 5779 2300 5831 xu,
2329 5765 2416 5819 9.7.
