4062 6208
346 273 454 334 785

1475 261 1972 322 COMMENTARIA
2007 258 2074 314 IN
2109 254 2450 316 PSALMOS.

3490 248 3590 306 786

346 411 459 452 κων
484 394 592 448 τῶν
627 389 1138 463 ἀπογεγραμμένων
1163 386 1221 441 ἐν
1242 386 1508 456 οὐρανοῖς.
1535 383 1690 438 Οὕτω
1710 385 1905 455 νοήσεις

2028 377 2403 436 renovabitur.
2449 371 2543 428 Sic
2573 373 2698 427 item
2745 370 3017 442 intelligas
3046 370 3191 443 quod
3225 370 3478 443 superius
3505 371 3591 426 di-

351 486 531 542 καὶτὸ
558 484 814 556 ἀνωτέρω
837 481 1159 554 λελεγμένον
1199 481 1257 533 ἐν
1285 477 1380 548 τῷ,
1421 496 1440 528 ι
1476 476 1573 547 Μὴ
1613 475 1923 547 ἀπορρίψῃς

351 593 421 649 με
458 578 538 640 είς
569 574 758 648 καιρὸν
778 575 984 646 γήρως,
1015 575 1074 626 ἐν
1103 569 1181 641 τῷ
1209 567 1478 622 ἐκλείπειν
1501 566 1600 637 τὴν
1637 563 1789 635 ίσχύν
1819 580 1920 635 μου

354 667 430 740 μὴ
473 666 842 738 ἐγκαταλίπῃς
876 681 964 736 με.
1019 682 1038 715 ›
1090 660 1246 716 Κατὰ
1296 658 1405 732 γὰρ
1461 657 1654 729 ἑτέραν
1698 656 1923 727 ἐκδοχὴν

349 757 710 830 ύπερεύχεται
749 757 845 827 τῆς
901 751 1222 824 Ἐκκλησίας
1266 747 1468 814 αὐτοῦ,
1507 749 1598 802 ἵνα
1639 747 1698 801 ἐν
1744 744 1922 817 καιρῷ

345 850 449 921 τῆς
478 849 618 904 κατά
649 849 750 920 γῆν
775 845 1116 919 μακρότητος
1141 843 1215 915 μὴ
1239 839 1605 914 ἀπορῤιφθείη
1628 856 1644 869 ·
1675 841 1722 892 εἰ
1745 838 1800 892 δὲ
1826 838 1920 892 καὶ

344 940 470 996 τότε
495 940 736 995 ἐκλείπει
764 940 798 1010 ή
834 937 986 1008 ίσχὺς
1007 933 1211 1006 αὐτῆς,
1259 931 1393 1005 μηδὲ
1440 930 1564 1010 τότε
1605 927 1920 998 ἐγκαταλει-

344 1035 528 1108 φθείη.
559 1007 852 1106 Συμϐαίνει
884 1031 993 1103 γὰρ
1023 1027 1282 1091 πολλάκις
1311 1007 1588 1078 ἐκλείπειν
1615 1021 1759 1076 κατά
1792 1020 1918 1083 τοὺς

340 1129 570 1200 καιροὺς
617 1126 724 1180 τῶν
771 1122 1024 1194 διωγμῶν
1052 1162 1067 1186 ,
1113 1118 1333 1174 ἐπειδὰν
1355 1117 1404 1171 οί
1449 1114 1636 1169 πολλοὶ
1675 1111 1776 1167 τοῦ
1816 1111 1919 1166 σώ-

346 1237 515 1291 ματος
565 1218 663 1287 τῆς
718 1214 1040 1287 Ἐκκλησίας
1081 1215 1145 1268 δι’
1195 1210 1474 1267 ἀσθένειαν
1533 1206 1763 1270 πίστεως
1839 1204 1919 1272 ἐξ-

338 1311 628 1384 ομνῦονται
658 1309 756 1382 τὴν
794 1311 996 1364 πίστιν.
1036 1308 1147 1360 Καὶ
1198 1306 1404 1377 μήποτε
1451 1298 1624 1354 ταῦτα
1675 1297 1918 1368 ἀναπέμ-

343 1421 500 1458 πεται
520 1404 612 1458 ἐπὶ
647 1403 740 1458 τὸν
769 1401 958 1473 καιρὸν
977 1400 1078 1471 τῆς
1111 1395 1465 1458 ἀποστασίας,
1483 1392 1610 1463 περὶ
1639 1385 1700 1445 οὗ
1722 1388 1914 1461 καιροῦ

338 1497 368 1550 6
408 1495 728 1559 Ἀπόστολος
781 1493 1025 1548 ἐδίδασκε
1077 1490 1280 1559 λέγων·
1331 1505 1350 1538 ι
1399 1484 1522 1539 Ἐἀν
1574 1482 1648 1555 μὴ
1700 1480 1831 1554 ἔλθῃ
1881 1481 1916 1552 ή

337 1587 641 1644 ἀποστασία
703 1585 918 1659 πρῶτον
943 1625 958 1648 ,
1028 1583 1122 1638 καὶ
1204 1577 1558 1649 ἀποκαλυφθῇ
1631 1575 1915 1645 ἄνθρωπος

335 1679 434 1751 τῆς
489 1677 801 1750 ἁμαρτίας,
864 1677 894 1729 6
950 1675 1076 1738 Υἰδς
1131 1674 1230 1744 τῆς
1282 1669 1574 1733 ἀπωλείας.
1638 1686 1658 1720 ι
1714 1665 1915 1720 Τοῦτον

2023 472 2207 527 citur:
2250 466 2371 522 «Ne
2411 463 2675 536 projicias
2729 478 2818 518 me
2865 463 2920 518 in
2967 471 3216 534 tempere
3263 462 3582 527 senectutis.

2023 585 2146 626 cum
2170 566 2388 623 deﬁciet
2422 563 2597 618 virtus
2634 575 2776 629 mea,
2806 575 2876 616 ne
2904 559 3251 630 derelinquas
3274 575 3413 615 me.»
3449 557 3582 616 Nam

2023 657 2326 718 secundum
2378 655 2543 709 aliam
2593 653 2989 724 expositionem
3029 666 3130 723 pro
3190 650 3433 707 Ecclesia
3484 667 3613 708 sua.

2023 759 2297 825 precatur,
2327 759 2388 804 ut
2421 763 2492 805 ne
2516 748 2573 803 in
2609 753 2852 818 tempore
2898 754 3132 802 terrena:
3179 745 3329 802 illius
3364 744 3584 801 diutur-

3651 292 3704 852 ἔ

2021 843 2211 899 nitatis
2253 841 2597 913 projiciatur.
2646 837 2802 905 Quod
2858 837 2907 896 si
2953 845 3088 893 tunc
3139 836 3356 892 deﬁciat
3408 836 3586 895 virtus
3655 836 3680 891 ἰ

2019 935 2162 1005 eius,
2196 943 2354 1006 rogat
2394 940 2456 988 ut
2489 947 2558 988 ne
2597 931 2678 988 sic
2719 931 2939 1003 quidem
2974 930 3408 1001 derelinquatur.
3447 929 3586 985 Con-

2019 1029 2181 1099 tingit
2231 1028 2376 1084 enim
2433 1025 2779 1098 plerumque,
2830 1033 2893 1080 ut
2946 1024 3393 1096 persecutionum
3443 1031 3583 1080 tem-

2015 1137 2153 1193 pore
2181 1120 2422 1184 deﬁciat,
2459 1133 2586 1174 cum
2626 1118 2782 1172 multi
2817 1133 2882 1174 ex
2915 1117 3173 1174 Ecclesiae
3219 1131 3448 1188 corpore
3512 1116 3584 1171 ob

2018 1211 2144 1267 ﬁdei
2176 1210 2573 1276 inﬁrmitatem,
2614 1225 2735 1265 eam
2781 1209 3055 1280 abjurant.
3094 1207 3236 1265 Num
3283 1207 3424 1265 forte
3467 1208 3583 1265 haec

2017 1302 2303 1360 referenda
2345 1304 2415 1360 ad
2455 1310 2675 1373 tempus
2708 1301 3056 1368 defectionis,
3092 1302 3162 1360 de
3211 1318 3320 1375 quo
3350 1304 3584 1374 Aposto-

2017 1398 2104 1455 lus
2154 1398 2268 1454 baac
2323 1397 2546 1453 docuit:
2599 1395 2760 1450 «Nisi
2801 1396 3010 1452 venerit
3043 1395 3280 1452 defectio
3323 1397 3579 1467 primum,

2014 1497 2070 1545 et
2099 1489 2378 1546 revelatus
2435 1489 2604 1545 fuerit
2655 1487 2818 1543 homo
2865 1488 3096 1558 peccati,
3133 1489 3278 1545 ﬁlius
3324 1489 3583 1559 perditio.

2014 1582 2217 1638 nis’h
2260 1580 2375 1638 Hoc
2404 1595 2532 1638 vero
2565 1586 2786 1650 tempus
2833 1578 3092 1636 Servatur
3137 1580 3437 1637 declaravit
3472 1581 3560 1637 bis

2013 1675 2193 1733 verbis
2208 1694 2228 1731 :
2251 1695 2270 1728 ι
2293 1674 2432 1731 Num
2456 1675 2684 1731 veniens
2709 1672 2880 1730 Filius
2904 1673 3142 1731 hominis
3161 1675 3400 1732 inveniet
3418 1675 3578 1733 ﬁdem

330 1768 394 1822 δὲ
449 1769 542 1824 τὸν
602 1769 792 1840 καιρὸν
866 1769 896 1821 6
941 1766 1132 1838 Σωτὴρ
1188 1763 1374 1836 ἐδήλου
1428 1761 1600 1831 λέγων
1624 1775 1640 1788 ο
1705 1776 1724 1810 t
1759 1755 1905 1830 'Apa

2007 1785 2174 1840 super
2205 1768 2505 1825 terram”?
2529 1787 2549 1822 ι
2581 1777 2636 1824 et
2668 1782 2900 1824 rursum
2927 1786 2941 1824 :
2973 1787 2991 1822 ι
3021 1767 3088 1824 Et
3117 1770 3378 1841 quoniam
3406 1769 3583 1826 abun-

332 1860 510 1916 ἐλθὼν
564 1862 594 1914 6
642 1861 771 1925 Υἱὸς
813 1859 908 1914 τοῦ
955 1857 1239 1930 ἀνθρώπου
1298 1855 1518 1927 εὑρήσει
1574 1853 1675 1926 τ’ὴν
1725 1852 1909 1906 πίστιν

335 1953 432 2006 ἐπὶ
458 1953 560 2024 τῆς
587 1952 724 2025 γῆς;
752 1972 770 2004 ι
800 1953 911 2007 Καὶ
957 1951 1117 2007 πάλιν
1140 1967 1154 1982 ο
1205 1970 1225 2002 ι
1251 1949 1350 2004 Διά
1374 1948 1432 2003 δέ
1459 1947 1520 2002 τὸ
1544 1945 1910 2017 πληθυνθῆναι

335 2047 436 2117 τὴν
463 2045 712 2117 ἀνομίαν,
736 2045 1038 2116 ψυγήσεται
1068 2046 1102 2114 ὴ
1133 2042 1319 2114 ἀγάπη
1351 2040 1458 2096 τῶν
1481 2037 1711 2095 πολλῶν.
1736 2057 1755 2091 ι
1776 2037 1910 2092 Τότε

337 2137 447 2210 γὰρ
477 2137 628 2191 ἔσται
667 2137 932 2209 γηραλέον
965 2137 1058 2189 καὶ
1091 2134 1314 2197 ἀσθενὲς
1343 2134 1406 2187 τὸ
1451 2133 1609 2204 σῶμα
1649 2131 1749 2201 τῆς
1789 2131 1910 2185 Ἐκ-

335 2229 582 2302 κλησίας.
602 2229 740 2283 Ἀλλ’
766 2229 852 2284 ἵνα
888 2228 1022 2301 μηδὲ
1058 2229 1178 2282 τότε
1221 2227 1425 2299 ἕρημος
1464 2223 1849 2295 καταλειφθείη
1879 2225 1908 2276 6

333 2321 463 2386 λαὸς
493 2320 678 2386 αὑτοῦ,
713 2322 1024 2391 ἀναγκαίως
1064 2320 1163 2386 τάς
1202 2320 1562 2394 προκειμένας
1593 2319 1906 2390 ἀναπέμπει

335 2413 549 2481 φωνάς’
589 2431 607 2465 ι
630 2413 688 2466 Ὀ
721 2413 873 2477 Θεὸς,
907 2413 991 2476 τίς
1017 2412 1410 2486 ὁμοιωθήσεταί
1437 2429 1548 2478 σοις
1575 2412 1742 2475 Ὅσας
1775 2409 1910 2463 ἔδει·

334 2503 435 2570 ξὰς
485 2521 574 2576 μοι
625 2505 832 2575 θλίψεις
875 2506 1076 2571 πολλὰς
1128 2507 1223 2560 καὶ
1267 2506 1447 2571 κακά;
1475 2524 1493 2558 ι
1538 2505 1630 2559 καὶ
1659 2504 1728 2558 τὰ
1755 2503 1903 2574 ἐξῆς.

334 2596 477 2660 Τοὺς
500 2596 747 2670 ἀκριϐεῖς
778 2597 971 2667 λόγους
1002 2599 1124 2653 καθ’
1158 2597 1251 2662 οὓς
1273 2599 1302 2650 6
1331 2597 1462 2660 Θεὸς
1489 2595 1584 2650 τοῦ
1621 2595 1747 2650 ίδίου
1773 2594 1904 2649 Υίοῦ

333 2689 437 2743 οὐκ
487 2691 757 2760 ἐφείσατο,
800 2692 914 2747 ἀλλ’
943 2692 1085 2765 ὑπὲρ
1127 2691 1284 2764 ήμῶν
1328 2692 1545 2746 πάντων
1595 2689 1908 2762 παρέδωκεν

336 2783 518 2848 αὐτὸν,
555 2783 630 2855 μὴ
681 2784 876 2854 γνόντα
923 2802 984 2838 τε
1029 2785 1192 2839 αὐτὸν
1241 2783 1512 2856 ἁμαρτίαν
1563 2783 1701 2856 ὑπὲρ
1749 2781 1906 2853 ήμῶν

338 2875 610 2947 ἁμαρτίαν
641 2875 916 2948 ἐποίησεν,
943 2875 1117 2941 οὐδεὶς
1147 2875 1368 2931 δύναται
1408 2874 1632 2929 διελθεῖν
1671 2874 1704 2946 ἢ
1748 2874 1907 2946 μόνος

333 2968 516 3032 αὑτός.
557 2985 576 3019 t
603 2968 699 3032 Τίς
735 2968 844 3041 γὰρ
892 2968 1032 3038 ἔγνω
1067 2968 1192 3024 νοῦν
1228 2969 1454 3041 Κυρίου,
1481 2968 1541 3032 ὃς
1581 2967 1906 3039 συμϐιϐἀσει

333 3056 529 3122 αὐτόν;
559 3075 580 3107 ι
618 3056 739 3109 Οὐδ’
775 3057 841 3111 ἂν
888 3058 1135 3112 ἐπιϐάλοι
1177 3075 1262 3122 τις
1291 3060 1356 3129 τῇ
1399 3057 1493 3111 τοῦ
1536 3055 1671 3111 Θεοῦ
1704 3057 1903 3128 κρίσει,

2010 1861 2158 1917 davit
2204 1863 2484 1934 iniquitas,
2526 1861 3119 1934 refrigescet-Charitas
3159 1863 3455 1919 multorum
3480 1866 3522 1918 ⁸.
3552 1883 3573 1917 ι

2009 1954 2165 2010 Tunc
2195 1956 2338 2010 enim
2367 1971 2569 2026 corpus
2600 1954 2860 2013 Ecclesiae.
2887 1953 3043 2011 senio
3070 1953 3378 2012 confectum
3407 1963 3463 2012 et
3490 1956 3579 2012 in-

2008 2048 2223 2104 ﬁrmum
2257 2049 2384 2105 erit.
2420 2047 2620 2104 Verum
2660 2064 2729 2105 ne
2758 2049 2853 2104 illo
2896 2056 3144 2120 tempore
3186 2048 3438 2106 desertus
3476 2063 3579 2121 po-

2009 2141 2170 2214 pulus
2197 2141 2318 2211 ejus
2358 2142 2724 2212 relinquatur,
2766 2143 3085 2199 necessario
3128 2142 3229 2199 has
3257 2142 3466 2214 prolert
3488 2159 3584 2202 vo-

2006 2249 2138 2290 ces:
2169 2253 2187 2286 ι
2218 2232 2382 2297 Deus,
2417 2233 2542 2304 quis
2581 2232 2778 2290 similis
2817 2233 2924 2289 crit
2953 2232 3093 2288 tibi?
3116 2232 3361 2299 Quantas
3391 2242 3580 2292 osten-

2007 2326 2139 2383 disti
2185 2326 2317 2381 mibi
2348 2325 2735 2383 tribulationes
2782 2327 2982 2384 multas
3013 2334 3069 2382 et
3120 2326 3294 2382 mala?
3323 2348 3342 2380 ι
3389 2338 3444 2384 et
3481 2342 3584 2384 (κει

2007 2427 2145 2474 tera.
2178 2416 2315 2472 Nam
2357 2429 2668 2472 accuratam
2702 2417 2972 2474 rationem
3005 2433 3106 2474 cur
3135 2417 3279 2474 Deus
3307 2416 3446 2475 Filio
3475 2435 3578 2476 suo

2008 2526 2116 2566 non
2152 2511 2475 2582 pepercerit,
2512 2509 2608 2566 sed
2653 2525 2754 2581 pro
2790 2509 2952 2566 nobis
2996 2510 3250 2566 omnibus
3292 2511 3579 2568 tradiderit

2007 2602 2197 2670 illum;
2231 2615 2296 2655 ac
2316 2615 2440 2655 cum
2467 2609 2750 2671 peccat-um
2777 2615 2887 2656 non
2911 2607 3118 2666 nosset,
3149 2608 3429 2670 peccatum
3449 2616 3576 2657 eum

2008 2706 2107 2763 pro
2131 2691 2289 2748 nobis
2311 2689 2572 2757 eﬁ‘eccrit,
2606 2706 2768 2747 nemo
2789 2697 2987 2763 praeter
3006 2691 3184 2762 ipsum
3215 2692 3391 2747 solum
3413 2706 3576 2748 enar-

2006 2798 2129 2840 rare
2161 2790 2360 2855 potest.
2402 2801 2421 2836 ι
2450 2782 2586 2851 Quis
2615 2784 2760 2840 enim
2787 2784 2938 2840 novit
2961 2799 3183 2840 sensum
3218 2782 3454 2851 Domini,
3478 2785 3574 2857 qui

2008 2875 2244 2933 instruat
2281 2892 2407 2933 eum
2426 2876 2485 2931 ’ἲ
2513 2896 2532 2930 ι
2567 2875 2752 2948 Neque
2773 2877 2918 2934 enim
2949 2877 3074 2949 quis
3101 2877 3156 2933 in
3185 2877 3280 2934 Dei
3304 2877 3571 2947 judicium

2009 2985 2131 3027 sese
2174 2969 2470 3027 immittere
2511 2969 2729 3035 audeat,
2783 2985 2962 3042 neque
3000 2970 3231 3027 consilia
3269 2969 3574 3041 deprehen-

2009 3062 2138 3118 dere
2160 3063 2355 3134 possit,
2390 3062 2546 3134 queis
2576 3060 2869 3134 Unigenito
2917 3077 3020 3119 suo
3065 3062 3305 3120 ostendit
3349 3063 3572 3119 tribula-

327 3149 442 3202 οὐδ’
475 3147 542 3202 ἂν
591 3145 800 3219 ἐξεύροι
850 3149 977 3215 τοὺς
1020 3128 1438 3222 λογισμουςξδιν
1472 3148 1563 3213 οὒς
1612 3147 1905 3213 ἐνεδείξατο

2006 3128 2186 3212 tiones
2217 3162 2273 3211 et
2301 3128 2471 3211 multa
2497 3156 2664 3210 mala.
2687 3128 2882 3226 l‘iequo
2913 3155 2970 3210 in
2995 3156 3066 3212 iis
3095 3156 3274 3227 ipsum
3303 3156 3567 3220 deseruit,

330 3241 414 3314 τῷ
448 3243 743 3314 Μονογενεί
784 3241 989 3312 θλίψεις
1019 3242 1217 3307 πολλὰς
1243 3243 1337 3297 καὶ
1364 3241 1540 3296 κακά’
1575 3242 1637 3294 ού
1674 3241 1772 3312 μὲν
1799 3239 1906 3293 ετα-

337 3349 432 3387 σεν
476 3332 637 3389 αὐτὸν
679 3334 736 3387 ἐν
775 3333 991 3396 αὐταῖς·
1034 3332 1148 3387 ἀλλ’
1174 3331 1502 3404 ἐπιστρέψας
1545 3328 1904 3402 ἐζωοποίησεν

330 3424 495 3478 αὐτὸν
528 3425 623 3478 καὶ
655 3426 719 3478 ἐκ
761 3425 867 3478 τῶν
909 3423 1158 3479 ἀϐύσσων
1190 3427 1287 3497 τῆς
1312 3427 1414 3497 γῆς
1448 3424 1607 3480 πάλιν
1631 3425 1904 3496 ἀνήγαγεν

331 3517 513 3572 αὐτόν.
549 3517 759 3590 Σφόδρα
790 3518 846 3572 δὲ
879 3517 1120 3590 ἀκριϐῶς
1148 3519 1360 3591 εἴρηται
1387 3519 1468 3583 τὸ,
1500 3518 1776 3584 vacuas;
1813 3536 1901 3590 μοι

331 3607 540 3679 θλίψεις
567 3608 766 3674 πολλὰς
795 3609 888 3663 καὶ
915 3609 1081 3665 κακά.
1105 3629 1123 3662 ι
1143 3607 1288 3662 Ἰδὼν
1311 3608 1422 3681 γάρ
1441 3608 1540 3673 τάς
1569 3608 1775 3679 θλίψεις
1809 3606 1902 3662 καὶ

329 3699 398 3754 τὰ
447 3699 821 3772 ὀνομαζόμενα
863 3699 1038 3766 κακά,
1084 3700 1184 3770 οὐχ
1229 3700 1371 3755 ἐάλω
1414 3700 1505 3753 ὑπ’
1535 3699 1733 3765 αὐτῶν,
1779 3699 1901 3752 ούδέ

329 3791 539 3863 ἡττήθη
561 3809 574 3822 ·
611 3793 874 3864 κρείττων
905 3792 961 3847 δὲ
994 3792 1210 3846 πάντων
1244 3793 1553 3864 γενόμενος,
1590 3790 1792 3863 θεωρὸς
1832 3786 1899 3862 ἢν

329 3886 536 3940 αὐτῶν·
571 3885 646 3951 ὡς
686 3887 902 3941 πάντων
938 3886 1137 3957 μᾶλλον
1166 3887 1341 3939 εἰπεῖν
1363 3884 1430 3938 ἂν
1455 3883 1538 3948 τὸ,
1574 3903 1591 3934 ι
1617 3884 1705 3937 Ἐν
1739 3883 1900 3936 παντὶ

330 3978 656 4050 θλιϐόμενοι,
705 3978 818 4032 ἀλλ’
844 3979 906 4032 ού
953 3976 1467 4049 στενοχωρούμενοι·
1513 3975 1895 4048 ἀπορούμενοι,

328 4072 446 4126 ἀλλ’
475 4072 578 4125 ούκ
624 4071 1071 4144 ἐξαπορούμενοι·
1122 4068 1602 4140 καταϐαλλόμενοι,
1650 4067 1764 4123 ἀλλ’
1797 4067 1898 4120 οὐκ

328 4163 869 4236 ἐγκαταλειπόμενοι.
904 4181 922 4215 ι
956 4160 1140 4216 Ταῦτα
1185 4161 1292 4233 γὰρ
1320 4160 1532 4225 Παῦλος
1569 4161 1663 4214 καὶ
1704 4160 1753 4214 οἱ
1792 4177 1898 4214 πα-

329 4256 619 4329 ραπλήσιοι
648 4255 830 4327 ὠφελη
839 4256 986 4326 μένοι
1013 4254 1104 4310 τὸν
1141 4252 1456 4309 διδάσκαλον
1483 4253 1686 4322 ἔλεγον.
1705 4251 1898 4307 ’Δϐύσ-

331 4365 458 4413 σους
483 4349 540 4402 δὲ
571 4348 674 4419 γῆς
701 4346 932 4401 ἐνταῦθα
975 4345 1074 4418 τὴν
1115 4344 1223 4400 τῶν
1264 4343 1630 4416 καταχθονίων
1662 4343 1764 4414 γῆν
1788 4342 1896 4415 χώ-

328 4459 434 4513 ραν
461 4439 739 4525 ὠνόμαζεν
759 4457 773 4472 ·
813 4439 843 4493 ὃ
868 4439 931 4510 δὴ
966 4437 1246 4509 σαφηνίζει
1278 4438 1308 4490 6
1339 4436 1654 4500 Ἀπόστολος
1679 4435 1854 4505 λέγων
1875 4453 1889 4468 ο

334 4553 354 4585 ι
382 4534 474 4605 Μὴ
504 4534 684 4604 εἴπῃς,
711 4533 805 4596 Τίς
832 4530 1197 4603 καταϐήσεται
1217 4532 1294 4594 εἰς
1319 4529 1418 4602 τὴν
1441 4528 1694 4596 ἄϐυσσον,
1738 4545 1895 4582 τουτ-

326 4626 446 4679 έστι
469 4624 700 4698 Χριστὸν
724 4627 789 4678 ἐκ
807 4623 1018 4696 νεκρῶν
1039 4625 1334 4693 ἀναγαγεῖν
1356 4641 1370 4688 ;
1413 4642 1431 4674 ι
1454 4622 1564 4677 Καὶ
1585 4623 1642 4676 ἐν
1664 4621 1743 4694 τῷ
1774 4620 1894 4675 Ἰὼϐ

325 4719 384 4772 δέ
403 4721 434 4773 6
459 4718 809 4805 χρηματίζων
835 4716 985 4787 αύτῷ
1009 4715 1212 4788 Κύριος
1240 4715 1391 4784 ἐλεγε
1409 4732 1423 4746 ·
1460 4711 1690 4779 «Ἦλθες
1719 4713 1776 4768 δὲ
1804 4715 1897 4768 ἐπὶ

325 4809 509 4881 πηγὴν
539 4809 831 4882 θαλάσσης,
867 4812 924 4863 ἐν
965 4810 1023 4863 δὲ
1065 4808 1265 4880 ἴχνεσιν
1293 4807 1530 4862 ἀϐύσσου
1563 4807 1898 4878 περιεπάτη-

328 4902 796 4971 σας.Ἀνοίγονται
839 4902 897 4955 δέ
938 4919 1020 4955 σοι
1056 4901 1205 4972 φόϐῳ
1239 4901 1404 4956 πύλαι
1434 4903 1694 4958 θανάτουο
1726 4903 1897 4957 πυλω-

327 4995 414 5066 ροὶ
440 4993 498 5047 δὲ
531 4993 656 5066 ᾅδου
693 4994 892 5058 ἰδόντες
918 5011 978 5047 σε
1009 4992 1263 5066 ἔπτηξαν.
1297 5013 1315 5046 ι
1335 4995 1392 5048 '0
1429 4996 1487 5050 δὲ
1528 4997 1695 5052 εἰπὼν
1716 4995 1899 5050 ἐνταῦ-

326 5085 419 5150 θα,
451 5103 471 5137 ι
502 5086 610 5140 Καὶ
643 5089 708 5140 ἐκ
746 5086 856 5141 τῶν
891 5085 1141 5142 ἀϐύσσων
1169 5087 1268 5154 τῆς
1296 5088 1400 5159 γῆς
1431 5089 1591 5144 πάλιν
1623 5091 1896 5163 ἀνήγαγές

331 5194 424 5248 με,
458 5197 477 5230 r
509 5179 695 5248 σαφῶς
729 5177 966 5245 ἐδίδαξεν
995 5179 1184 5232 ἑαυτὸν
1211 5180 1631 5252 κατεληλυθέναι
1679 5185 1760 5247 είς
1799 5183 1898 5247 τάς

322 5268 598 5333 ἀϐύσσους
621 5271 720 5341 τῆς
743 5270 868 5340 γῆς,
899 5273 991 5325 καὶ
1023 5271 1182 5325 πάλιν
1206 5271 1604 5344 ἀνεληλυθέναι.
1636 5275 1748 5329 Οὐκ
1778 5271 1894 5330 οἴδα

322 5359 384 5413 δὲ
422 5361 583 5424 εἴτις
623 5361 842 5416 δύναται
887 5363 1090 5436 ἑτέρως
1124 5365 1370 5419 ἐκλαϐεῖν
1415 5363 1586 5418 ταῦτα
1612 5365 1644 5436 ἢ
1674 5366 1766 5419 ἐπὶ
1801 5367 1892 5422 τὸν

322 5450 558 5526 Σωτῆρα
584 5455 677 5507 καὶ
699 5453 900 5527 Κύριον
929 5455 961 5527 ή
969 5455 1082 5527 μῶν
1101 5455 1388 5528 ἀναφέρων
1411 5458 1510 5528 τὴν
1535 5458 1888 5529 προφητείαν.

386 5629 503 5707 _”_ll
527 5629 721 5691 Thess.
753 5634 1028 5707 n._3.__"
1060 5635 1214 5705 Luc.,
1237 5653 1389 5707 xvm,
1411 5640 1461 5697 8.

322 5698 348 5732 '
369 5697 491 5768 Job,
512 5717 738 5772 xxxvm,
779 5704 862 5772 ιθ,
906 5703 988 5758 l7.

2004 3246 2101 3305 sed
2130 3262 2432 3304 conversus
2466 3246 2766 3303 viviﬁcavit
2787 3263 2934 3313 etim,
2967 3255 3032 3304 et.
3065 3247 3134 3303 de
3165 3248 3380 3321 abyssis
3408 3256 3570 3304 terrae

2002 3340 2198 3395 iterum
2230 3339 2448 3396 reduxit
2484 3355 2630 3396 eum.
2665 3339 3095 3398 Accuratissime
3138 3349 3320 3398 autem
3363 3343 3567 3398 dictum

2001 3431 2104 3488 fuit
2139 3433 2292 3497 illud,
2331 3450 2350 3483 ι
2381 3431 2678 3489 Ostendisti
2707 3433 2840 3487 mihi
2866 3432 3247 3490 tribulationes
3280 3435 3482 3492 multas
3511 3443 3567 3491 et

2001 3524 2162 3579 mala.
2197 3543 2216 3576 ι
2277 3523 2416 3579 Cum
2467 3523 2811 3596 prospiceret:
2847 3524 2991 3580 enim
3043 3525 3457 3590 tribulationes,
3511 3537 3566 3583 et

1999 3613 2171 3670 multa
2208 3615 2300 3669 illa
2332 3631 2454 3687 qua:
2485 3623 2751 3670 vocantur
2779 3616 2943 3682 mala,
2978 3632 3087 3672 non
3127 3625 3320 3688 captus
3353 3619 3422 3674 ab
3456 3620 3565 3676 illis

1999 3721 2177 3779 neque
2221 3707 2398 3764 victus
2440 3715 2559 3777 est;
2608 3707 2704 3764 sed
2743 3708 2998 3765 omnibus
3034 3711 3282 3780 superior
3316 3710 3560 3777 eﬁ‘ectus,

1998 3802 2474 3874 contemplabatur
2517 3817 2615 3869 ea;
2668 3801 2743 3857 ita
2784 3811 2847 3858 ut
2879 3803 2966 3860 his
3005 3805 3249 3861 vocibus
3273 3805 3560 3879 piusquam

1997 3911 2188 3952 omnes
2235 3895 2329 3951 alii
2381 3911 2514 3952 usus
2561 3895 2633 3952 sit
2665 3916 2678 3951 :
2718 3913 2738 3948 ι
2768 3893 2826 3950 In
2860 3896 3116 3952 omnibus
3155 3897 3560 3955 tribulationem

1998 3988 2254 4059 patimur,
2278 3987 2374 4046 sed
2397 4002 2505 4042 non
2531 3988 2910 4060 angustiamur
2937 4007 2950 4043 :
2975 3989 3306 4059 aporiamur.
3333 3991 3428 4048 sed
3451 4007 3562 4047 non

1997 4079 2348 4137 destituimur
2376 4099 2390 4135 :
2418 4080 2728 4150 dejicimur,
2759 4081 2852 4137 sed
2880 4097 2988 4138 non
3018 4082 3504 4156 derclinquimur’.
3538 4104 3556 4134 ι

1995 4171 2121 4228 Haec
2149 4172 2349 4244 quippe
2380 4171 2608 4238 Paulus,
2655 4182 2709 4229 et
2737 4175 2830 4244 qui
2865 4190 3051 4245 parem
3101 4183 3266 4246 atque
3301 4176 3562 4248 magister

1995 4265 2087 4321 ille
2113 4264 2401 4322 utilitatem
2433 4274 2788 4336 perceperant
2814 4265 3086 4322 dicebant.
3129 4266 3369 4338 Abyssos
3402 4277 3561 4322 terrae

1994 4356 2084 4412 hic
2124 4349 2420 4413 inferorum
2466 4357 2742 4427 regionem
2783 4357 2997 4412 vocavit
3029 4377 3055 4411 :.
3082 4359 3228 4428 quod
3265 4358 3559 4428 Apostolus

1994 4449 2227 4520 explicat
2247 4448 2467 4504 dicens:
2496 4467 2512 4500 ι
2545 4448 2624 4504 Ne
2645 4441 2797 4503 dicas
2821 4446 2989 4514 :Quis
3014 4447 3312 4504 descendet
3330 4449 3385 4503 in
3405 4449 3561 4520 abys-

1997 4539 2194 4607 sum‘;
2224 4538 2280 4594 id
2319 4545 2423 4603 est,
2469 4538 2752 4594 Christum
2802 4554 2868 4594 ex
2917 4537 3164 4594 mortuis
3203 4538 3500 4594 reducere?
3535 4558 3554 4588 ι

1995 4629 2061 4684 Ει
2089 4630 2144 4686 in
2172 4628 2274 4685 Job
2295 4645 2512 4702 quoque
2539 4629 2801 4685 Dominus
2829 4630 2923 4700 qui
2955 4630 3011 4685 in
3039 4629 3160 4700 ipso
3181 4630 3403 4685 oracula
3434 4629 3559 4685 fun-

1993 4722 2153 4777 debat
2190 4722 2303 4776 haac
2338 4721 2567 4791 protulit
2596 4740 2610 4776 :
2640 4741 2660 4774 ι
2694 4719 2904 4784 Venisti
2943 4735 3072 4777 vero
3122 4721 3179 4776 in
3213 4720 3415 4777 fontem
3443 4737 3560 4776 ma~

1991 4817 2091 4880 ris,
2126 4815 2183 4870 in
2226 4816 2472 4887 vestigiis
2505 4821 2688 4870 autem
2733 4815 2916 4887 abyssi
2948 4815 3260 4872 ambulasti.
3293 4816 3559 4887 Aperiun-

1995 4919 2084 4964 tur
2114 4924 2244 4966 vero
2289 4909 2386 4965 tibi
2415 4910 2614 4964 timore
2647 4916 2817 4978 porta:
2847 4909 3040 4964 mortis
3075 4929 3088 4964 :
3123 4908 3336 4966 ostiarii
3375 4920 3556 4967 autem

1995 5001 2195 5058 inferni
2239 5001 2484 5058 videntes
2530 5011 2584 5058 te
2625 5001 2910 5058 conterriti
2961 5003 3152 5058 sunt".
3187 5021 3206 5055 ι
3243 5001 3348 5070 Qui
3393 5019 3559 5074 porro

1995 5092 2084 5148 hic
2124 5093 2220 5154 ait,
2283 5110 2302 5143 ι
2333 5091 2399 5145 Et
2450 5091 2518 5148 de
2574 5091 2790 5163 abyssis
2834 5101 2992 5147 terra:
3044 5092 3241 5148 iterum
3291 5093 3556 5151 reduxisti

1996 5201 2103 5251 me,
2135 5205 2155 5238 ›
2187 5185 2334 5241 clare
2355 5184 2542 5240 docuit
2572 5200 2633 5241 se
2657 5189 2712 5240 in
2740 5184 2970 5257 abyssos
2998 5192 3161 5242 terra:
3180 5185 3554 5248 descendisse.

2000 5291 2064 5333 ac
2097 5291 2314 5333 rursum
2355 5275 2691 5333 ascendisse.
2722 5273 2833 5333 Nec
2871 5278 2988 5333 scio
3015 5286 3198 5333 utrum
3229 5280 3352 5350 quis
3380 5279 3557 5333 valeat

1999 5368 2113 5423 hac
2141 5366 2246 5422 alio
2281 5367 2532 5436 accipere
2577 5365 2760 5434 modo,
2805 5382 2967 5436 quam
3008 5367 3076 5422 ad
3127 5365 3471 5422 Servatorem
3502 5371 3559 5417 et

2000 5459 2284 5514 Dominum
2301 5467 2548 5513 nostrum
2559 5457 2844 5516 referendo
2857 5460 3214 5529 prophetiam.
3231 5456 3280 5515 ls
3296 5457 3410 5526 ipse
3428 5467 3558 5510 vero

1546 5642 1561 5670 ⁸
1593 5637 1776 5695 Matth.
1813 5657 1900 5695 ut

2014 5641 2096 5696 12.
2173 5643 2192 5673 ⁸
2224 5639 2379 5696 Rom.
2406 5657 2481 5708 χι,
2514 5639 2598 5697 54.
2681 5639 2700 5670 ³
2727 5636 2770 5691 ll
2793 5637 2919 5694 Cor.
2954 5653 3027 5703 tv,
3053 5636 3107 5696 8.
3185 5635 3206 5665 ⁸
3229 5631 3386 5691 Rem.
3409 5651 3464 5701 χ,
3490 5635 3545 5692 7.
