4062 6208
524 261 627 318 787

1191 261 1458 318 EUSEBll
1496 259 1974 317 CASSARIENSIS
2011 261 2162 318 OPP.
2202 258 2386 315 PARS
2423 257 2510 315 lll.
2534 288 2606 301 -—-
2636 252 3043 311 EXEGETICA.

3649 240 3755 296 788

523 382 832 451 snhjungit:
857 399 875 430 ι
899 380 1270 450 Multiplicasti
1311 381 1768 452 magniﬁcentiam
1807 397 2002 444 meam,
2032 391 2088 438 ct

2201 382 2258 434 '0
2285 381 2329 434 δ’
2362 379 2523 443 αὐτὸς
2553 377 2795 445 ἐπιλέγει
2815 393 2827 405 ·
2864 392 2885 427 t
2907 370 3264 433 Ἑπλεόνασας
3306 368 3404 439 τὴν
3458 362 3758 436 μεγαλοσύ-

521 485 817 527 conversus
839 472 1155 526 consolatus
1177 488 1237 528 es
1268 487 1375 526 me.
1409 491 1426 524 ι
1459 471 1745 538 Quomodo
1773 484 1952 528 autem
1982 473 2087 528 Pa-

522 572 606 618 ter
643 562 1086 632 mnltiplicaverit
1137 563 1598 632 magniﬁcentiam
1651 564 1929 637 Unigeniti
1977 567 2084 632 sui,

521 654 627 709 nisi
649 670 772 708 cum
804 654 1044 709 ostendit
1073 655 1148 709 illi
1181 657 1564 713 tribulationes
1598 658 1809 713 multas.
1829 666 1884 713 et
1913 659 2089 713 mala?

521 743 986 811 Quemadmodum
1038 747 1183 801 enim
1229 748 1555 819 agonotheta
1601 751 1910 819 quispiam,
1962 766 2087 804 cum

522 837 810 893 adversum
837 839 1048 894 ~multos
1089 839 1348 894 athletam
1379 849 1594 896 exercet
1640 857 1820 907 suum,
1856 842 1978 911 ejus
2022 842 2090 896 li-

523 930 742 1000 quidius
794 931 1052 987 virtutem
1097 932 1363 996 ostendit,
1406 932 1627 1003 quando
1679 949 1802 988 eum
1845 935 2088 988 omnium

520 1021 780 1077 victorem
816 1023 1107 1093 praedicat;
1135 1023 1324 1079 eodem
1354 1024 1516 1079 modo
1545 1024 1706 1080 Pater
1727 1023 1850 1079 Filii
1876 1025 2088 1096 magni-

522 1115 794 1170 ﬁcentiam
828 1126 886 1170 ut
911 1117 1169 1173 omnibus
1209 1119 1386 1188 palam
1432 1117 1654 1182 laceret,
1690 1117 1877 1173 multis
1910 1118 2088 1187 ipsum

521 1205 973 1264 tribulationibus
1001 1217 1054 1263 et
1081 1209 1241 1265 malis
1274 1209 1664 1279 circumdedit;
1701 1217 1760 1264 ut
1793 1217 1946 1280 parta
1967 1225 2093 1265 con-

521 1310 609 1355 tra
663 1316 854 1358 omnes
889 1304 1161 1368 victoria,
1224 1303 1366 1374 apud
1431 1318 1622 1358 omnes
1680 1303 2087 1374 praedicaretur.

522 1391 703 1459 Quare
735 1395 809 1448 ait
836 1413 855 1450 τ·
882 1414 900 1445 ι
932 1394 1304 1466 Multiplicasti
1337 1393 1798 1466 magniﬁcentiam
1828 1408 2033 1460 meam;
2065 1413 2084 1446 ι

523 1484 621 1543 sed
653 1494 778 1556 post
823 1486 936 1541 haec
968 1488 1176 1552 omnia,
1205 1486 1406 1557 inquit,
1447 1506 1464 1537 ι
1496 1500 1797 1540 conversus
1834 1485 2090 1546 consola-

523 1586 616 1633 tus
644 1593 704 1633 es
735 1594 838 1651 me.
875 1599 893 1629 ι
929 1577 1048 1644 Quo
1091 1585 1254 1650 pacto
1289 1577 1604 1633 consolatus
1635 1592 1758 1631 eum
1785 1584 1888 1640 est,
1926 1591 2090 1647 supe-

525 1672 642 1727 rius
685 1671 869 1725 docuit
917 1671 1006 1726 his
1048 1671 1228 1726 verbis
1261 1690 1273 1725 :
1307 1690 1323 1721 ι
1353 1669 1420 1723 Ει
1458 1684 1757 1724 conversus
1807 1667 2091 1724 viviﬁcasti

524 1773 632 1822 me,
663 1767 716 1813 et
737 1759 803 1814 de
833 1759 1046 1831 abyssis
1071 1769 1230 1814 terra;
1255 1761 1451 1814 iterum
1479 1757 1746 1814 reduxisti
1772 1775 1875 1814 me.
1913 1779 1934 1812 ι
1964 1757 2090 1814 Ηαιο
2116 1743 2164 1802 Β

525 1851 724 1922 quippe
761 1852 1066 1908 consolatio
1099 1859 1236 1915 erat,
1271 1841 1434 1920 quam
1467 1851 1764 1922 Apostolus
1793 1850 1880 1906 his
1903 1851 2088 1907 decla-

524 1955 702 1998 ravrt:
738 1964 755 1992 ι
785 1944 1011 2014 Propter
1045 1943 1191 2014 quod
1239 1952 1292 1997 et
1332 1942 1476 1998 Deus
1508 1938 1770 1998 exaltavit
1816 1944 1995 2005 illum,
2038 1952 2090 1997 et

525 2036 672 2094 dedit
705 2036 781 2089 illi
813 2052 1032 2096 nomen,
1061 2035 1208 2104 quod
1254 2043 1338 2090 est
1373 2051 1537 2106 super
1566 2051 1727 2090 omne
1757 2049 1994 2101 nomen;
2027 2041 2091 2088 ut

525 2128 584 2187 in
625 2128 844 2182 nomine
885 2125 1014 2181 Jesu
1064 2141 1225 2181 omne
1275 2142 1418 2197 genu
1463 2126 1713 2182 ﬂectatur
1759 2128 2086 2191 coalestium,

525 2220 868 2278 terrestrium
897 2229 950 2275 et
982 2219 1319 2276 inlernorum
1347 2220 1388 2274 °.
1422 2239 1442 2271 ι

595 2405 763 2462 Vens.
789 2405 986 2463 92-24.
1031 2426 1048 2458 ι
1080 2404 1213 2460 Nam
1246 2413 1299 2460 et
1329 2421 1428 2476 ego
1455 2405 1754 2460 conﬁtebor
1783 2405 1884 2460 tibi
1911 2406 1964 2460 in
1991 2419 2086 2459 va-

526 2499 604 2554 sis
636 2498 834 2570 psalmi
864 2500 1148 2554 veritatem
1185 2505 1353 2557 tuam.
1387 2515 1406 2547 »
1439 2495 1522 2550 Tu
1549 2497 1680 2551 mihi
1710 2495 1928 2568 quidem
1954 2497 2088 2561 haec,

524 2591 706 2656 Pater,
755 2592 1061 2663 praebuisti,
1109 2591 1304 2662 inquit.
1358 2588 1488 2646 Post
1526 2592 1726 2646 multas
1775 2591 1919 2646 enim
1970 2591 2092 2644 illas

524 2685 929 2749 tribulationes,
965 2695 1088 2755 post
1121 2687 1379 2756 praedicta
1424 2687 1589 2750 mala,
1629 2704 1646 2738 ι
1677 2699 1980 2742 conversus
2010 2687 2093 2741 vi-

523 2777 754 2834 viticasti
792 2793 900 2842 me,
935 2778 1084 2833 etde
1117 2779 1331 2848 abyssis
1381 2789 1538 2834 terra:
1580 2778 1779 2833 iterum
1827 2777 2091 2834 reduxisti

525 2885 633 2936 me,
667 2889 686 2922 ι
715 2878 770 2925 et
804 2870 1124 2926 consolatus
1188 2886 1274 2925 me
1307 2885 1392 2934 es,
1439 2869 1810 2939 multiplicans
1847 2868 2094 2941 magniﬁ-

526 2960 762 3015 centiam
797 2975 992 3015 meam.
1031 2959 1142 3031 Ego
1172 2975 1298 3016 vero
1329 2975 1429 3030 pro
1457 2959 1672 3014 collatis
1713 2959 1810 3016 abs
1859 2969 1910 3015 te
1958 2959 2092 3014 mihi

527 3053 806 3106 beneﬁciis
836 3053 1010 3108 vicem
1046 3052 1368 3124 rependens,
1403 3069 1422 3103 ι
1451 3051 1750 3107 conﬁtebor
1781 3051 1877 3106 tibi
1907 3053 1960 3106 in
1999 3067 2095 3106 va-

530 3145 607 3200 sis
664 3144 898 3214 psalmi:
933 3163 952 3196 ι
984 3159 1107 3198 nam
1141 3161 1158 3195 ι
1191 3143 1321 3214 quid
1376 3143 1670 3199 retribuam
1713 3141 1944 3197 Domino
1996 3158 2094 3212 pro

530 3239 783 3295 omnibus
814 3255 935 3311 quae
970 3239 1223 3295 retribuit
1251 3239 1382 3293 mihi
1408 3239 1470 3291 '?
1501 3259 1518 3290 ι
1559 3237 1671 3294 lmo
1701 3253 1832 3294 vero
1865 3255 2116 3310 apparag

532 3335 604 3386 tis
634 3332 780 3388 vasis
822 3332 918 3387 tibi
963 3334 1414 3404 congruentibus,
1458 3334 1910 3403 concinnatisque
1946 3334 2093 3402 psal—

532 3422 725 3478 modize
761 3424 1143 3481 instrumentis
1187 3433 1242 3480 te
1286 3425 1485 3497 dignis,
1526 3441 1623 3496 per
1673 3425 1788 3480 haec
1813 3427 2094 3480 veritatem

531 3526 680 3572 tuam
709 3517 941 3572 cantabo
965 3516 1087 3582 tibi,
1115 3518 1361 3588 talesque
1385 3517 1633 3572 excitabo
1655 3518 1916 3583 citharas,
1939 3519 2095 3589 queis

532 3608 670 3663 labia
700 3624 820 3664 mea
851 3609 1224 3674 exsultabunt,
1262 3625 1476 3665 necnon
1510 3629 1528 3661 ι
1559 3609 1739 3664 anima
1781 3626 1901 3665 mea
1931 3626 2094 3681 quam

532 3697 831 3762 redemisti,
865 3718 884 3750 ι
918 3697 1186 3754 reducens
1211 3714 1329 3754 eam
1371 3700 1438 3754 de
1469 3699 1682 3770 abyssis
1724 3707 1902 3765 terra),
1926 3698 1987 3753 'et
2015 3700 2097 3754 vi-

530 3789 758 3844 viﬁcans
790 3805 910 3844 eam
954 3797 1239 3860 postquam
1279 3797 1511 3844 mortem
1552 3791 1915 3845 sustinuerat.
1948 3787 2094 3845 Vasa

531 3888 710 3935 autem
751 3888 803 3935 et
849 3882 1208 3937 instrumenta
1248 3880 1358 3936 Deo
1391 3889 1566 3952 grata,
1589 3881 1790 3952 quibus
1828 3881 2096 3952 hodieque

529 3973 780 4028 Christus
811 3972 906 4028 Dei
936 3988 1032 4044 per
1063 3982 1234 4028 totum
1267 3975 1455 4029 orbem
1483 3975 1748 4044 psalmos,
1783 3975 2016 4046 hymnos
2041 3983 2096 4030 ct

531 4066 721 4121 laudes
753 4064 900 4119 Patri
927 4067 1144 4131 emittit,
1177 4082 1297 4136 quae
1320 4067 1525 4122 dixeris
1553 4083 1695 4132 esse,
1725 4068 1832 4122 nisi
1867 4069 2096 4138 populos

531 4155 588 4209 in
619 4155 851 4226 singulis
884 4155 1145 4209 Ecclesiis
1170 4157 1579 4211 consistentes?
1612 4173 1846 4228 quorum
1885 4157 2096 4213 animas

530 4263 869 4318 componens
894 4248 989 4304 Dei
1020 4247 1280 4313 Verbum,
1312 4249 1568 4320 ipsasque
1613 4266 1723 4305 uno
1763 4251 2098 4322 symphonia

529 4347 585 4395 et
632 4341 934 4396 harmoniae
988 4341 1204 4398 vinculo
1261 4341 1411 4397 Patri
1463 4343 1750 4414 colligans,
1805 4342 2092 4399 amabilem

529 4434 856 4505 dulcemque
914 4436 1340 4491 modulationem
1396 4435 1612 4491 emittit.
1679 4433 1736 4489 Si
1791 4435 1916 4505 quis
1966 4451 2096 4506 ergo

532 4527 700 4582 animi
737 4527 935 4598 gratia,
968 4528 1329 4584 instrumenta
1369 4527 1458 4580 illa
1491 4525 1802 4581 Iudaeorum
1826 4533 2094 4591 veterum,

533 4619 846 4674 inanimatis
869 4634 936 4673 ex
971 4618 1192 4674 chordis
1228 4619 1482 4682 conllata,
1519 4634 1583 4673 ac
1615 4634 1723 4674 non
1754 4618 2094 4672 articulatam

531 4725 720 4766 vocem
746 4710 1094 4780 proferentia,
1128 4726 1253 4765 cum
1289 4711 1507 4782 hymnis
1539 4711 1594 4766 in
1623 4710 1827 4767 Christi
1855 4709 2098 4765 Ecclesia

532 4817 564 4855 a
603 4803 1018 4858 rationabilibns
1052 4802 1340 4857 animabus
1372 4801 1482 4858 Deo
1509 4802 1735 4859 emissis
1762 4802 2093 4867 contulerit;

532 4893 670 4946 nihil
701 4893 755 4947 in
802 4894 892 4956 bis
922 4893 1100 4950 simile
1129 4893 1519 4963 deprehendet.
1553 4892 1758 4960 Quovis
1800 4893 1943 4948 enim
1978 4906 2098 4946 cor-

532 4998 699 5053 porco
727 4985 985 5054 psalterio
1015 4986 1359 5055 praestantior
1389 4991 1475 5041 est
1506 4984 1820 5049 multitudo,
1850 4999 1970 5054 quae
1998 4997 2093 5052 per

532 5087 705 5132 tomm
748 5078 936 5132 orbem
969 5093 1077 5131 uno
1105 5085 1394 5144 concentu,
1426 5078 1710 5132 harmonia
1758 5092 1888 5140 una,
1924 5075 2094 5132 Deum

532 5166 627 5238 qui
656 5181 821 5238 super
853 5169 1032 5222 omnia
1061 5175 1145 5222 est
1175 5169 1433 5224 celebrat.
1466 5168 1638 5240 Cujus
1669 5167 1972 5224 ministerio
2001 5165 2094 5220 Fi-

535 5264 643 5318 lius
688 5277 746 5317 se
776 5259 925 5316 Patri
976 5262 1206 5332 psallere
1241 5262 1532 5318 conﬁtetur
1562 5264 1752 5320 dicens
1779 5283 1790 5317 :
1826 5281 1845 5314 ι
1877 5262 2008 5316 Nam
2041 5268 2096 5316 et

533 5369 634 5427 ego
663 5353 961 5410 conﬁtebor
995 5354 1090 5408 tibi
1122 5354 1178 5408 in
1208 5356 1352 5410 vasis
1378 5356 1575 5425 psalmi
1602 5356 1885 5412 veritatem
1917 5361 2090 5418 tuam,

532 5447 694 5503 Deus.
731 5467 750 5500 ι
788 5446 910 5503 Non
937 5447 1080 5502 ultra
1118 5447 1263 5503 enim
1295 5446 1517 5517 ﬁguras,
1549 5463 1660 5504 non
1693 5449 1938 5512 umbras,
1987 5462 2099 5502 non

534 5541 778 5610 symbola
813 5541 994 5610 qualia
1026 5541 1168 5611 apud
1199 5539 1439 5612 Moysem
1469 5550 1646 5606 erant,
1692 5542 1788 5598 sed
1817 5541 2098 5597 veritatem

639 5727 651 5749 ‘
688 5721 884 5798 Philip.
913 5739 972 5792 ιι,
1005 5727 1037 5779 9
1119 5726 1137 5757 '
1161 5724 1304 5783 Psal.
1337 5740 1460 5792 cxv,
1497 5680 1585 5780 l2.

2187 492 2283 546 νην
2322 490 2444 544 μου,
2475 473 2569 525 καὶ
2598 467 2931 540 ἐπιστρέψας
2959 461 3335 536 παρεκάλεσάς
3366 477 3454 531 με.
3480 479 3499 510 ι
3535 459 3662 520 Πῶς
3697 457 3760 510 δὲ

2186 564 2506 617 ἐπλεόνασεν
2539 563 2567 614 6
2605 560 2793 630 Πατὴρ
2840 557 2939 630 τὴν
2976 552 3343 627 μεγαλοσύνην
3383 550 3479 603 τοῦ
3511 550 3758 616 Μονογε-

2186 656 2308 718 νοῦς
2335 655 2522 719 αὑτοῦ,
2545 654 2578 725 ἦ
2605 653 2691 706 διὰ
2713 651 2807 704 τοῦ
2833 649 3000 714 δεῖξαι
3030 645 3178 717 αύτῷ
3201 644 3407 715 θλίψεις
3429 641 3628 705 πολλὰς
3661 640 3761 694 καὶ

2187 747 2364 812 κακά;
2403 745 2612 815 Ὠσπερ
2658 743 2768 814 γάρ
2813 759 2895 804 τις
2930 737 3292 808 ἀγωνοθέτης,
3323 733 3534 796 πολλοῖς
3574 747 3758 801 παρα-

2188 839 2396 892 ϐάλλων
2426 835 2516 889 τὸν
2551 834 2741 888 ἑαυτοῦ
2767 832 3025 903 ἀθλητὴν,
3061 827 3318 901 μειζόνως
3343 823 3506 880 αὑτοῦ
3529 825 3628 896 τὴν
3663 825 3761 877 ἀν-

2186 930 2368 1001 δρείαν
2399 927 2752 990 ἐπιδείκνυσι,
2785 925 3009 996 νικητὴν
3051 923 3212 978 αὐτὸν
3259 919 3508 974 ἁπάντων
3553 917 3761 987 ἀνακη-

2191 1021 2396 1092 ρύττων
2416 1038 2436 1052 ο
2460 1021 2550 1073 τὸν
2579 1021 2741 1074 αὑτὸν
2776 1020 2976 1090 τρόπον
3002 1019 3096 1071 καὶ
3139 1018 3168 1069 6
3215 1012 3424 1084 Πατὴρ,
3455 1010 3552 1082 τὴν
3588 1025 3762 1081 μεγα-

2187 1113 2414 1184 λοσύνην
2443 1113 2536 1166 τοῦ
2563 1111 2692 1166 Υίοῦ
2725 1113 2836 1174 τοῖς
2869 1111 3001 1164 πᾶσι
3025 1106 3263 1178 φανεράν
3294 1104 3618 1167 ἐπιδεικνὺς,
3648 1102 3763 1156 θλί-

2187 1207 2307 1277 ψεις
2341 1204 2542 1268 πολλὰς
2585 1205 2679 1258 καὶ
2726 1201 2874 1256 κακὰ
2919 1198 3272 1272 περιέϐαλλεν
3301 1194 3466 1266 αὐτῷ,
3491 1195 3567 1258 ὡς
3601 1193 3667 1248 ἂν
3693 1194 3764 1248 τὰ

2190 1298 2332 1352 κατὰ
2374 1298 2588 1352 πάντων
2627 1295 2898 1366 ἀράμενος
2929 1292 3247 1362 νικητήρια,
3269 1287 3421 1360 παρά
3467 1287 3580 1348 τοῖς
3625 1286 3763 1338 πᾶσι

2190 1387 2508 1460 κηρυχθείη.
2544 1385 2635 1438 Διό
2665 1401 2854 1456 φησιν·
2896 1402 2915 1434 ι
2938 1381 3298 1443 Ἐπλεόνασας
3329 1377 3426 1449 τὴν
3457 1374 3765 1448 μεγαλοσύ-

2190 1497 2287 1551 νην
2336 1496 2458 1550 μου.
2490 1477 2686 1530 »Ἀλλά
2734 1475 2869 1547 μετὰ
2912 1474 3084 1527 ταῦτα
3136 1473 3332 1534 πάντα,
3381 1469 3562 1540 φησὶν,
3595 1486 3613 1518 ι
3643 1469 3764 1520 ὲπι-
3799 1500 3802 1502 ~

2193 1571 2429 1643 στρέψας
2461 1567 2836 1640 παρεκάλεσάς
2869 1583 2956 1638 με.
2991 1585 3008 1617 ι
3040 1563 3164 1626 Πῶς
3193 1562 3249 1615 δὲ
3280 1554 3644 1631 παρεκάλεσεν
3667 1558 3762 1611 αύ-

2193 1665 2305 1731 τδν,
2333 1660 2675 1735 προεδίδαξεν
2721 1659 2978 1730 ἀνωτέρω
3015 1655 3212 1710 εἰπών’
3246 1673 3265 1705 ι
3288 1654 3398 1706 Καὶ
3429 1649 3764 1722 ἐπιστρέψας

2190 1756 2560 1827 ἐζωοποίησάς
2591 1773 2680 1826 με,
2713 1755 2805 1807 καὶ
2837 1755 2900 1806 ὲκ
2931 1751 3039 1804 τῶν
3068 1748 3317 1803 ἀϐύσσων
3343 1745 3443 1815 τῆς
3468 1743 3572 1815 γῆς
3602 1743 3765 1798 πάλιν

2190 1849 2464 1921 ἀνήγαγές
2493 1865 2580 1919 με.
2610 1868 2628 1899 ι
2659 1847 2806 1918 Αὕτη
2835 1845 2944 1918 γὰρ
2972 1840 3039 1916 ἦν
3082 1845 3116 1914 ή
3163 1838 3524 1912 παράκλησις,
3555 1838 3621 1909 ἢν
3667 1838 3777 1890 καὶ.

2189 1945 2218 1996 6
2253 1941 2571 2006 Ἀπόστολος
2614 1940 2957 2012 παρέστησεν
3002 1933 3202 1990 εἰπών·
3251 1953 3269 1985 ι
3300 1931 3388 1985 Διὸ
3423 1932 3519 1986 καὶ
3562 1933 3592 1984 6
3633 1930 3768 1994 Θεὸς

2191 2031 2546 2104 ὑπερύψωσεν
2599 2030 2780 2092 αὑτὸν,
2814 2028 2909 2082 καὶ
2958 2025 3250 2098 ἐχαρίσατο
3296 2021 3443 2092 αὐτῷ
3480 2021 3671 2092 ὄνομα,
3702 2018 3771 2072 τὸ

2190 2125 2325 2197 ύπέρ
2355 2126 2462 2178 πᾶν
2490 2123 2659 2194 ὄνομα
2678 2139 2691 2153 ·
2724 2124 2810 2176 ἵνα
2842 2124 2898 2176 ἐν
2929 2121 3007 2192 τῷ
3030 2120 3253 2190 ὀνόματι
3297 2114 3471 2187 Ἰησοῦ
3501 2116 3608 2168 πᾶν
3633 2115 3769 2183 γόνυ

2191 2216 2403 2288 κάμψῃ,
2460 2214 2821 2284 ἐπουρανίων,
2857 2212 2954 2266 καὶ
3006 2209 3285 2278 ἐπιγείων,
3345 2207 3438 2261 καὶ
3497 2203 3771 2275 καταχθο-

2191 2309 2339 2361 νίων.
2372 2328 2391 2360 ι

2265 2418 2283 2450 ι
2307 2400 2417 2452 Καὶ
2441 2399 2548 2468 γὰρ
2572 2397 2680 2466 ἐγὼ
2701 2395 3170 2468 ἐξομολογήσομαί
3201 2411 3280 2448 σοι
3313 2393 3370 2446 ἐν
3400 2392 3616 2447 σκεύεσι
3635 2389 3773 2460 ψαλ-

2195 2493 2295 2564 μοῦ
2323 2496 2421 2563 τήν
2454 2491 2708 2564 ἀλήθειάν
2742 2507 2858 2544 σου.
2889 2509 2909 2541 ι
2948 2490 3019 2542 Σὺ
3059 2488 3156 2559 μὲν
3197 2487 3320 2557 ἐμοὶ
3354 2485 3548 2550 ταῦτα,
3578 2484 3768 2553 φησιν,

2191 2579 2236 2637 ὧ
2276 2583 2477 2656 Πάτερ,
2511 2582 2819 2654 παρέσχου’
2859 2580 2996 2652 μετὰ
3037 2579 3145 2650 γάρ
3177 2578 3278 2643 τὰς
3324 2577 3524 2641 πολλὰς
3557 2575 3775 2645 θλίψεις

2193 2681 2286 2734 καὶ
2329 2678 2396 2733 τὰ
2443 2676 2740 2748 λελεγμένα
2781 2675 2928 2731 κακά
2966 2695 2986 2728 ι
3017 2671 3350 2744 ἐπιστρέψας
3393 2667 3772 2740 ἐςωοποίησάς

2197 2792 2283 2846 με,
2309 2773 2403 2826 καὶ
2427 2775 2490 2826 ὲκ
2509 2771 2616 2824 τῶν
2639 2769 2891 2824 ἀϐύσσων
2911 2770 3009 2841 τῆς
3033 2768 3135 2838 γῆς
3164 2765 3323 2820 πάλιν
3344 2763 3615 2834 άνήγαγές
3640 2779 3728 2833 με,
3743 2781 3769 2814 ι

2195 2867 2289 2920 καὶ
2336 2863 2716 2936 παρεκάλεσάς
2761 2879 2849 2934 με,
2899 2861 3201 2923 πλεονάσας
3245 2859 3344 2931 τήν
3395 2856 3775 2929 μεγαλοσύνην

2199 2975 2298 3029 μου
2319 2973 2332 2986 ·
2363 2955 2518 3024 κάγὼ
2545 2956 2624 3020 δέ,
2652 2954 3010 3026 ἀμειϐόμενος
3044 2953 3144 3017 τὰς
3171 2954 3250 3016 είς
3283 2951 3384 3022 ἐμέ
3417 2967 3512 3003 σου
3543 2950 3770 3021 εὐεργε-

2199 3051 2340 3116 σίας,
2379 3067 2397 3101 ι
2444 3047 2908 3119 ὲξομολογήσομαί
2949 3063 3032 3100 σοι
3073 3048 3130 3098 ἐν
3168 3045 3384 3098 σκεύεσι
3421 3041 3666 3114 ψαλμοῦ’
3712 3042 3772 3094 τί

2196 3143 2304 3214 γάρ
2328 3139 2694 3196 ἀνταποδώσω
2726 3139 2804 3210 τῷ
2821 3138 3008 3212 Κυρίῳ
3033 3138 3161 3210 περί
3187 3137 3402 3191 πάντων
3437 3129 3512 3190 ὧν
3531 3134 3770 3189 ἀνταπέ-

2193 3233 2335 3287 δωκέ
2363 3250 2488 3304 μοι;
2520 3251 2540 3284 ι
2560 3215 2719 3286 nim
2741 3231 2849 3302 γὰρ
2869 3231 2938 3284 τά
2959 3247 3039 3283 σοι
3071 3229 3348 3300 πρέποντα
3377 3227 3541 3297 σκεύη
3567 3242 3773 3296 καταρ-

2195 3323 2496 3396 τιζόμενος,
2519 3323 2728 3394 ὄργανά
2747 3321 2806 3374 τέ
2835 3339 2926 3374 σου
2949 3321 3073 3386 ἄξια
3091 3319 3404 3391 ψαλμῳδίας
3431 3316 3771 3370 κατασκευά-

2197 3432 2316 3480 σας,
2349 3415 2414 3468 δι’
2443 3413 2620 3467 αὐτῶν
2646 3413 2746 3485 τὴν
2772 3410 3024 3483 ἀλήθειάν
3047 3428 3140 3464 σου
3159 3408 3315 3480 ψαλῶ
3338 3426 3434 3471 σοι,
3466 3406 3554 3459 καὶ
3583 3405 3767 3457 τοιαύ-

2194 3525 2294 3572 τας
2325 3525 2407 3562 σοι
2440 3506 2671 3578 κιθάρας
2693 3507 2999 3577 ἀναστήσω,
3025 3504 3090 3558 δι’
3122 3496 3196 3558 ὧν
3226 3501 3294 3555 τὰ
3313 3500 3458 3573 χείλη
3483 3517 3578 3570 μου
3599 3496 3765 3566 ἀγαλ-

2195 3601 2458 3663 λιάσεται,
2489 3599 2624 3653 ἀλλὰ
2671 3599 2767 3654 καὶ⁵
2815 3600 2891 3670 «ἡ
2937 3597 3082 3668 ψυχή
3137 3613 3258 3668 μου,
3281 3595 3348 3665 ἢν
3391 3591 3695 3663 ἐλυτρώσω,
3737 3609 3758 3642 ι

2195 3691 2530 3755 ἀναϐιϐάσας
2557 3691 2726 3762 αὐτὴν
2747 3692 2812 3744 ἐκ
2831 3688 2939 3742 τῶν
2966 3687 3217 3742 ἀϐύσσων
3243 3685 3342 3755 τῆς
3374 3683 3498 3754 γῆς,
3525 3683 3616 3736 καὶ
3641 3681 3772 3746 ζωο-

2199 3785 2430 3854 ποιήσας
2461 3782 2630 3855 αὐτὴν
2677 3781 2796 3852 μεθ’
2829 3781 2886 3834 ὃν
2920 3780 3176 3850 ὑπέμεινε
3217 3777 3463 3833 θάνατον.
3494 3775 3671 3847 Σκεύη
3708 3776 3771 3829 δὲ

2197 3877 2290 3930 καὶ
2336 3877 2538 3948 ὄργανα
2580 3875 2657 3946 τῷ
2703 3874 2820 3945 Θεῷ
2863 3872 3252 3944 κεχαρισμένα,
3279 3870 3345 3923 δι’
3375 3863 3449 3924 ὧν
3473 3870 3641 3923 εἰσέτι
3673 3870 3772 3923 καὶ

2197 3968 2291 4023 νῦν
2340 3971 2369 4022 6
2414 3968 2648 4039 Χριστὸς
2692 3967 2783 4021 τοῦ
2833 3965 2968 4020 Θεοῦ
3013 3965 3133 4019 καθ’
3167 3964 3294 4036 ὅλης
3322 3965 3420 4035 τῆς
3444 3962 3774 4035 οἰκουμένης

2196 4060 2512 4132 ψαλμῳδίας
2538 4059 2850 4130 ἀναπέμπει
2884 4076 2976 4112 και
3005 4056 3204 4128 ὕμνους
3235 4056 3327 4109 καὶ
3350 4054 3530 4119 αῖνους
3563 4053 3640 4124 τῷ
3667 4054 3774 4106 Πα-

2196 4155 2306 4226 τρὶ,
2330 4155 2480 4217 τίνας
2517 4153 2582 4207 ἂν
2615 4153 2786 4216 εἴποις
2809 4152 2841 4223 ἢ
2865 4152 2991 4215 τοὺς
3024 4150 3142 4204 καθ’
3166 4149 3399 4219 ἑκάστην
3446 4147 3772 4218 Ἐκκλησίαν

2196 4245 2390 4311 λαούς;
2414 4239 2512 4297 Ὧν
2561 4243 2660 4307 τὰς
2701 4241 2877 4312 ψυχὰς
2927 4241 3207 4304 συντείνας⁴
3229 4243 3257 4294 6
3283 4239 3376 4292 τοῦ
3407 4236 3542 4292 Θεοῦ
3574 4238 3768 4305 Λόγος,

2199 4339 2485 4409 συμφωνίᾳ
2509 4353 2570 4390 τε
2603 4336 2695 4389 καὶ
2736 4334 2969 4405 ἁρμονίᾳ
2997 4335 3094 4405 μιᾷ
3123 4332 3516 4404 συνδησάμενος
3545 4330 3623 4401 τῷ
3657 4332 3773 4384 Πα-

2199 4432 2306 4504 τρὶ,
2343 4428 2614 4503 προσφιλῆ
2662 4427 2756 4482 καὶ
2805 4428 2987 4499 ἡδεῖαν
3032 4427 3341 4498 ἀναπέμπει
3393 4423 3678 4496 μελῳδίαν.
3703 4423 3774 4477 Ei

2201 4525 2330 4595 γοῦν
2370 4541 2454 4587 τις
2498 4523 2573 4586 ὡς
2603 4523 2658 4575 ἐν
2694 4520 2992 4593 παραθέσει
3024 4519 3307 4591 σύγκρισιν
3348 4519 3623 4588 ποιήσοιτο
3661 4515 3772 4568 τῶν

2201 4617 2365 4672 πάλαι
2415 4615 2564 4687 παρά
2602 4614 2869 4677 Ἰουδαίοις
2897 4613 3221 4685 σωματικῶν
3266 4610 3510 4684 ὀργάνων
3539 4608 3597 4676 ἐξ
3627 4608 3774 4678 ἀψύ-

2199 4728 2308 4782 χων
2359 4707 2562 4781 χορδῶν
2611 4706 3149 4778 κατεσκευασμένων,
3180 4705 3363 4776 φωνήν
3398 4721 3456 4756 τε
3498 4701 3769 4774 ἄναρθρον

2201 4800 2557 4872 ἐξηχούντων,
2586 4799 2679 4854 καὶ
2706 4799 2815 4852 τῶν
2839 4799 2897 4852 ὲν
2922 4801 2986 4870 τῇ
3015 4795 3251 4866 Χριστοῦ
3287 4794 3579 4865 Ἐκκλησία
3592 4795 3660 4846 ἐκ
3682 4793 3770 4846 λο-

2201 4896 2373 4965 γικῶν
2399 4894 2584 4966 ψυχῶν
2615 4890 3081 4964 ἀναπεμπομένων
3115 4889 3296 4960 ὓμνων
3331 4886 3408 4958 τῷ
3439 4886 3577 4957 Θεῷ,
3618 4884 3771 4938 οὐδὲν

2199 4987 2266 5041 ἃν
2315 4986 2465 5059 εὖροι
2505 4988 2705 5057 ὅμοιον.
2741 4984 2946 5048 Παντὸς
2986 4981 3094 5054 γὰρ
3135 4981 3415 5054 κρείττονα
3456 4977 3769 5050 σωματικοῦ

2199 5077 2498 5150 ψαλτηρίου
2543 5079 2799 5149 τυγχάνει
2847 5076 2917 5130 τά
2961 5073 3140 5147 πλήθη
3164 5073 3232 5127 τὰ
3263 5071 3381 5126 καθ’
3407 5071 3536 5141 ὅλης
3565 5070 3765 5139 τῆςνοί-

2203 5169 2475 5241 κουμένης
2502 5169 2788 5240 συμφωνίᾳ
2818 5169 2914 5238 μιᾷ
2935 5168 3028 5220 καὶ
3054 5164 3288 5239 ἁρμονίᾳ
3316 5165 3405 5220 τὸν
3436 5164 3529 5217 ἐπὶ
3554 5163 3771 5216 πάντων

2201 5264 2333 5318 Θεὸν
2367 5263 2654 5336 ὑμνοῦντα,
2688 5263 2755 5316 δι’
2773 5254 2848 5315 ὧν
2874 5263 2903 5315 6
2932 5261 3058 5324 Υἱὸς
3086 5279 3164 5330 τῳ
3186 5260 3362 5330 Πατρὶ
3389 5256 3608 5327 ψάλλειν
3636 5256 3770 5326 ὀμο-

2199 5355 2348 5426 λογεῖ
2379 5357 2600 5427 φάσκων
2619 5373 2632 5387 ο
2669 5375 2687 5407 ι
2716 5357 2826 5410 Καὶ
2876 5355 2985 5427 γάρ
3031 5354 3141 5418 ἐγὼ
3182 5348 3644 5423 ἐξομολογήσομαί
3687 5365 3772 5400 σοι

2201 5448 2259 5501 ἐν
2285 5448 2502 5503 σκεύεσι
2524 5447 2737 5521 ψαλμοῦ
2764 5448 2862 5518 τὴν
2891 5446 3146 5518 ἀλήθειάν
3172 5461 3287 5508 σου,
3315 5445 3343 5496 6
3367 5441 3550 5505 Θεός.»
3571 5439 3773 5494 οὐκέτι

2200 5540 2310 5614 γὰρ
2335 5540 2556 5606 τύπους,
2574 5541 2693 5595 οὐδὲ
2727 5539 2882 5605 σκιάς
2911 5539 3001 5596 καὶ
3031 5528 3396 5610 σύμϐολα,οἷα
3422 5529 3488 5606 ἦν
3517 5531 3586 5586 τά
3619 5530 3772 5603 παρά
