4062 6208
374 271 476 329 789

1498 269 2002 352 COMMENTARIA
2035 269 2102 324 IN
2143 269 2480 326 PSALMOS.

2055 174 2094 181 -ρ

3513 282 3614 337 790

371 391 614 454 Μωῦσεῖ,
639 390 737 462 τὴν
789 379 846 444 δὲ
891 390 1148 463 ἀλήθειαν
1188 392 1289 464 τὴν
1337 392 1434 466 σὴν
1465 396 1801 467 παραστήσω
1830 394 1932 456 τοῖς

2044 398 2192 444 luam
2223 388 2538 444 hominibus
2571 387 2884 456 declarabo,
2913 399 2966 446 et
3003 409 3021 443 ι
3053 394 3279 462 psallam
3312 395 3409 451 tibi
3445 396 3500 450 in
3536 387 3627 451 ci?

367 480 694 551 ἀνθρώποις,
719 484 813 536 καὶ
860 501 878 534 ι
905 483 1060 554 ψαλῶ
1109 501 1190 538 σοι
1235 485 1292 538 ἐν
1336 485 1556 559 κιθάρᾳ,
1585 489 1613 540 ὁ
1652 488 1802 557 ἅγιος
1845 486 1937 540 τοῦ

383 575 632 646 Ἰσραήλ·
663 597 682 628 ι
720 577 753 648 ἢ
787 578 929 632 κατὰ
964 579 1057 633 τὸν
1096 577 1342 644 Ἀκύλαν,
1383 600 1401 632 ι
1429 581 1734 653 Μελῳδήσω
1768 599 1849 634 σοι
1881 584 1938 635 ὲν

367 666 590 742 κιθάρᾳ,
623 669 743 739 ἆγιε
786 671 1018 742 Ἰσραήλ.
1057 690 1075 722 ι
1095 670 1252 725 Ἀλλὰ
1285 672 1379 726 ml
1413 691 1432 725 ι
1459 673 1842 742 ἀγαλλιάσεται
1869 673 1940 728 τὰ

365 759 520 831 χείλη
557 779 680 831 μου,
705 762 832 816 ὅταν
860 761 1013 831 ψαλῶ
1046 780 1128 816 σοι
1150 780 1164 793 ο
1198 783 1216 816 ι
1247 763 1280 835 ἢ
1313 764 1455 817 κατὰ
1486 765 1578 818 τὸν
1620 765 1934 837 Σύμμαχον,

373 870 392 903 ι
420 851 742 926 Εύφημήσει
774 853 841 908 τὰ
870 855 1022 925 χείλη
1063 872 1185 926 μου,
1222 856 1349 910 ὅταν
1389 855 1681 928 μελῳδήσω
1709 873 1810 921 σοι,
1842 858 1936 912 ml

365 944 402 1012 ἠ
427 943 572 1015 ψυχή
603 963 725 1015 μου,
753 946 818 1017 ῆν
850 945 1288 1018 ὲλυτρώσω.Ἔτι
1315 947 1370 1000 δὲ
1403 949 1550 1018 καὶὴ
1583 947 1803 1016 γλῶσσά
1832 965 1932 1019 μου

369 1032 660 1104 μελητήσει
702 1035 828 1105 ὃλην
870 1036 968 1108 τὴν
1009 1037 1222 1109 ἡμέραν
1263 1036 1359 1108 τὴν
1390 1037 1734 1108 δικαιοσύνην
1761 1055 1873 1092 σου.
1909 1058 1929 1091 ι

367 1122 533 1195 Χείλη
559 1125 614 1178 δὲ
646 1126 740 1178 καὶ
768 1126 1016 1195 γλῶσσαν
1044 1126 1208 1181 αὑτοῦ
1236 1127 1547 1199 μελετῶσαν
1591 1127 1688 1199 τὴν
1733 1128 1935 1182 δικαιο-

364 1215 532 1286 σύνην
549 1216 642 1269 τοῦ
669 1219 881 1292 Πατρὸς
910 1221 1008 1273 οὐκ
1045 1219 1112 1274 ἂν
1153 1219 1416 1290 ἁμάρτοις
1450 1219 1616 1273 εἰπὼν
1640 1221 1762 1285 τοὺς
1787 1223 1843 1274 ὲν
1868 1225 1932 1294 τῇ

377 1305 668 1382 Ἐκκλησία
695 1312 857 1364 αὐτοῦ
883 1312 1113 1382 ἀσκήσει
1130 1311 1286 1366 θείων
1309 1312 1481 1382 λόγων
1506 1314 1730 1377 ἑαυτοὺς
1753 1315 1937 1368 ἀνατε-

364 1397 631 1464 θεικότας.
675 1404 785 1456 Kal
829 1403 1000 1458 ταῦτα
1047 1405 1243 1468 πάντα,
1290 1405 1442 1474 φησὶ,
1491 1406 1719 1477 ποιήσω,
1762 1424 1780 1456 ι
1809 1406 1935 1460 ὅταν

362 1491 691 1562 αἰσχυνθιῖηι
738 1497 833 1548 καὶ
878 1497 1219 1568 ὲντραπῶσιν
1267 1499 1317 1550 οἰ
1365 1496 1651 1567 ζητοῦντες
1691 1498 1758 1556 τὰ
1790 1499 1936 1553 κακά

364 1601 482 1654 μοι’
517 1604 536 1636 ι
569 1586 602 1657 ἢ
630 1586 769 1640 κατὰ
795 1588 885 1641 τὸν
910 1589 1225 1659 Σύμμαχον,
1267 1589 1421 1642 «Ὅτι
1464 1591 1932 1663 κατῃσχύνθησαν,

360 1676 395 1747 ἢ
429 1677 512 1730 ὅτι
539 1678 911 1750 ἀπωρύγησαν
939 1682 989 1733 οἰ
1021 1680 1307 1753 ζητοῦντες
1337 1681 1436 1753 τὴν
1464 1682 1702 1737 κάκωσιν
1739 1702 1837 1755 μου
1859 1702 1870 1714 ·
1911 1704 1928 1737 ι

2046 483 2224 546 thara,
2267 489 2493 538 sanctus
2539 481 2724 538 Israel.
2760 503 2778 536 ι
2825 483 2949 541 Sive
2987 488 3289 541 secundum
3339 488 3612 559 Aquilam,

2051 592 2070 624 ε
2103 573 2424 628 Modulabor
2468 573 2568 628 tibi
2619 573 2673 628 in
2714 575 2947 641 cithara,
2993 585 3182 632 sancte
3216 577 3405 634 Israel.
3446 599 3465 631 ι
3505 577 3611 635 Sed

2041 665 2207 719 etiam
2271 665 2670 722 «exsultabunt
2731 667 2876 723 labia
2936 684 3090 734 mea,
3143 685 3266 723 cum
3324 679 3614 726 cantavero

2043 756 2175 824 tibi;
2209 777 2226 810 ι
2261 757 2377 814 sive
2410 758 2710 814 secundum
2743 758 3151 831 Symmachum,
3187 779 3205 812 ι
3237 761 3606 817 Celebrabunt

2044 844 2186 899 labia
2234 861 2352 901 mea
2403 861 2528 900 cum
2584 847 2906 903 modulabor
2955 850 3074 916 tibi,
3129 859 3183 905 et
3239 850 3420 906 anima
3471 867 3611 916 mea,

2041 949 2206 1005 quam
2237 933 2536 990 redemisti.
2571 935 2678 990 Sed
2707 943 2762 992 et
2804 937 2986 1010 lingua
3017 954 3133 994 mea
3169 947 3281 993 tota
3307 939 3396 995 die
3437 941 3611 996 medi-

2041 1025 2250 1080 tabitur
2275 1025 2542 1095 justitiam
2587 1033 2758 1082 tuam.
2793 1047 2810 1080 ι
2849 1027 3014 1084 Labia
3059 1037 3238 1085 autem
3274 1040 3328 1086 et
3373 1032 3612 1102 linguam

2041 1117 2161 1188 ejus
2192 1117 2545 1174 meditantem
2582 1119 2852 1188 justitiam
2880 1120 3084 1187 Patris,
3126 1138 3234 1178 non
3270 1123 3612 1181 aberraveris

2042 1209 2090 1264 si
2124 1210 2276 1266 dicas
2308 1225 2404 1266 eos
2451 1226 2571 1267 esse
2602 1213 2694 1282 qui
2741 1213 2796 1268 in
2842 1213 3086 1271 Ecclesia
3128 1217 3302 1286 ipsius
3344 1221 3614 1274 exercita-

2041 1300 2176 1356 tioni
2209 1301 2406 1356 divinae
2442 1300 2738 1373 Scriptura
2779 1321 2900 1362 sese
2939 1319 3361 1367 consecrarunt.
3398 1311 3462 1367 Et
3493 1313 3613 1368 haec

2040 1390 2243 1458 omnia,
2278 1392 2475 1463 inquit,
2523 1394 2741 1462 faciam,
2795 1415 2813 1448 ‹
2851 1414 2976 1452 cum
3027 1399 3240 1456 confusi
3286 1411 3340 1458 et
3391 1405 3611 1460 reveriti

2041 1483 2245 1538 fuerint
2277 1485 2370 1554 qui
2405 1495 2661 1555 quaerunt
2696 1488 2840 1542 mala
2880 1489 3048 1558 mihi;
3081 1510 3099 1543 ι
3141 1492 3278 1558 sive,
3309 1495 3611 1550 secundum

2041 1572 2451 1644 Symmachum,
2492 1594 2510 1627 ι
2539 1575 2677 1642 Quia
2711 1578 2927 1634 confusi
2964 1588 3114 1647 sunt,
3149 1590 3242 1637 aut
3271 1584 3399 1654 quia
3429 1584 3610 1640 eﬂ‘ossi

2041 1673 2170 1720 sunt
2199 1666 2292 1736 qui
2315 1674 2566 1737 quaerunt
2588 1667 2931 1726 aﬂlictionem
2955 1687 3152 1738 meam,
3187 1694 3205 1726 ι
3241 1675 3378 1740 sive,
3414 1692 3581 1732 seeuu
3610 1710 3614 1714 -

363 1767 398 1837 ἢ
431 1768 574 1839 κατὰ
601 1770 689 1822 τὸν
722 1771 970 1836 Ἀκύλαν,
995 1774 1146 1826 «Ὅτι
1176 1773 1623 1846 κατῃσχύνθησαν
1643 1777 1692 1828 οί
1715 1776 1932 1848 ζητοῦν-

2039 1764 2178 1819 dum
2213 1764 2485 1835 Aquilam,
2544 1786 2563 1818 ‹
2593 1766 2731 1834 Quia
2784 1767 2999 1825 confusi
3044 1778 3173 1825 sunt
3219 1772 3313 1842 qui
3359 1789 3611 1843 quierunt

364 1875 458 1922 τες
499 1862 699 1914 κακίαν
748 1880 868 1932 μου.
898 1883 915 1914 ι
949 1864 1184 1935 Πάρεστι
1216 1864 1272 1918 δὲ
1305 1866 1396 1920 καὶ
1423 1866 1594 1920 ταῦτα
1629 1866 1772 1939 ἔργῳ
1803 1869 1940 1940 πλη-

365 1951 605 2022 ρούμενα
637 1952 890 2024 θεωρεῖν
932 1957 1241 2028 ἁπανταχοῦ
1274 1960 1381 2028 γὰρ
1425 1959 1528 2030 γῆς
1564 1959 1673 2013 τῶν
1712 1960 1940 2033 Ἐκκλη-

364 2043 497 2097 σιῶν
529 2044 622 2098 τοῦ
656 2047 904 2119 Σωτῆρος
946 2048 1044 2119 τὴν
1082 2049 1424 2123 δικαιοσύνην
1449 2051 1542 2105 τοῦ
1571 2051 1704 2105 Θεοῦ
1737 2053 1938 2126 διεξερ-

360 2137 623 2207 χομένων,
651 2140 745 2192 ml
778 2141 940 2194 αὑτοῦ
980 2141 1037 2195 δὲ
1081 2143 1246 2211 σκεύη
1277 2142 1532 2214 ἐκλογῆς,
1566 2137 1654 2198 οἶα
1685 2146 1939 2216 προλελε-

357 2244 503 2295 κται,
540 2231 632 2283 ml
679 2232 882 2304 ὄργανα
915 2233 1108 2303 λογικὰ
1131 2235 1210 2306 τῷ
1235 2236 1411 2308 Πατρὶ
1457 2235 1932 2309 καταρτιξομένου,

354 2319 718 2392 ἀνυμνοῦντός
752 2343 809 2379 τε
843 2327 928 2380 ἀεὶ
956 2327 1024 2381 δι’
1050 2329 1228 2383 αὐτῶν
1256 2331 1346 2384 τὸν
1394 2331 1484 2384 ἐπὶ
1532 2331 1751 2386 πάντων
1782 2334 1934 2401 Θεὸν,

355 2413 617 2486 αἰσχύνην
643 2419 1057 2489 περιϐάλλονται
1101 2423 1150 2475 οἱ
1190 2422 1376 2494 ἐχθροὶ
1408 2423 1571 2478 αὐτοῦ
1590 2442 1603 2455 ο
1637 2425 1937 2497 ἐνετράπη-

361 2505 460 2560 σὰν
482 2525 541 2561 τε
565 2510 658 2564 καὶ
679 2511 1026 2584 ἐντρέπονται
1047 2515 1096 2567 οἰ
1133 2513 1418 2586 ζητοῦντες
1450 2517 1600 2587 αὐτῷ
1633 2518 1796 2573 κακά.
1830 2513 1934 2574 Οὖ-

354 2614 438 2654 τοι
455 2600 514 2654 δέ
537 2604 672 2656 εἰσιν
689 2606 736 2658 οἰ
760 2605 1078 2677 θηρεύοντες
1103 2608 1200 2679 μὲν
1223 2607 1400 2671 πάσας
1420 2610 1737 2680 προφάσεις,
1753 2609 1936 2684 ὕϐρεις

355 2704 416 2740 τε
446 2691 540 2744 καὶ
570 2693 839 2760 διαϐολὰς,
875 2698 969 2750 ml
1003 2697 1350 2769 βλασφημίας
1384 2701 1504 2753 κατ’
1527 2699 1690 2754 αὑτοῦ
1721 2719 1936 2774 περινο-

355 2779 562 2849 οῦντες,
601 2785 869 2857 μηδεμίαν
915 2789 972 2841 δὲ
1005 2791 1346 2861 εὑρίσκοντες
1389 2791 1645 2845 ὑπόθεσιν
1664 2792 1932 2867 διαϐολῆς,

359 2873 496 2944 μήτε
528 2876 648 2928 κατ’
670 2877 855 2942 αὐτοῦ,
890 2880 1024 2950 μήτε
1049 2881 1150 2952 τῆς
1182 2881 1504 2955 Ἐκκλησίας
1526 2884 1710 2941 αὐτοῦ.
1729 2887 1819 2939 Διὸ
1841 2906 1935 2941 κα-

353 2965 641 3036 ταχέονται
666 2969 926 3042 αἰσχύνην
958 2973 1052 3024 ml
1085 2974 1435 3045 ἐντρέπονται
1474 2977 1610 3046 πρὸς
1644 2978 1704 3030 τὸ
1735 2980 1932 3049 μηκέτι

363 3055 531 3126 μηδὲν
578 3056 779 3128 τολμᾷν
831 3058 1079 3132 διαϐολῆς
1118 3061 1265 3127 ἄξιον
1296 3065 1592 3119 ἐπικαλεῖν.
1628 3067 1739 3120 Καὶ
1765 3067 1932 3121 ταῦτα

357 3147 539 3200 πάντα
582 3147 726 3220 ἔργῳ
773 3150 1069 3223 πληροῦται
1102 3154 1404 3226 συμφώνως
1434 3160 1499 3229 τῇ
1536 3158 1818 3233 φασκούσῃ
1845 3160 1932 3214 διὰ

352 3237 468 3291 τῶν
492 3241 866 3311 προκειμένων
896 3245 1226 3318 προφητείᾳδ
1265 3249 1463 3302 ι”υταν
1487 3250 1815 3320 αἰσχυνθῶσι
1839 3253 1933 3308 καὶ

353 3330 700 3402 ὶντραπῶσιν
746 3335 796 3386 οἰ
849 3333 1134 3406 ζητοῦντες
1165 3338 1231 3392 τὰ
1263 3341 1406 3394 κακὰ
1442 3357 1550 3412 μοι.
1581 3361 1600 3392 ι
1639 3341 1768 3395 Τότε
1802 3343 1929 3413 γὰρ,

355 3425 542 3493 φησὶν,
567 3425 692 3478 ὅταν
721 3427 770 3479 οἰ
799 3427 980 3500 ἐχθροὶ
1005 3431 1485 3503 καταισχύνωνται,
1515 3431 1625 3503 ἐγὼ
1645 3433 1800 3503 ψαλῶ
1823 3452 1928 3501 σοι,

353 3515 452 3568 καὶ
484 3515 947 3592 ὲξομολογήσομαί
995 3539 1076 3576 σοι
1123 3523 1200 3595 τῷ
1243 3525 1479 3595 ἐμαυτοῦ
1529 3527 1848 3600 Πατρί.⁹Ετι
1873 3527 1931 3580 δὲ

355 3609 454 3660 καὶ
490 3627 508 3660 ι
539 3611 571 3681 ὴ
609 3611 830 3678 γλῶσσά
867 3632 966 3685 μου
1000 3616 1128 3687 ὅλην
1157 3617 1255 3688 τὴν
1283 3618 1497 3690 ἡμέραν
1522 3619 1931 3691 μελητήσειτὴν

353 3696 714 3775 δικαιοσύνην⁸
735 3719 848 3758 σου.
879 3719 899 3755 ι
1007 3728 1018 3740 ·

786 3814 892 3870 ΕΙΣ
922 3818 1334 3873 ΣΟΛΟΜΩΝΤΑ
1375 3822 1472 3874 OA'.
1483 3863 1495 3875 .

435 3923 454 3958 ι
477 3905 533 3958 Ὀ
565 3906 716 3972 Θεὸς,
732 3908 790 3961 τὸ
822 3908 996 3981 κρίμα
1027 3927 1120 3964 σου
1152 3911 1228 3982 τῷ
1261 3911 1468 3983 βασιλεῖ
1497 3912 1605 3978 δός.
1637 3934 1654 3966 ι
1675 3916 1737 3968 Ol
1757 3916 1930 3971 λοιποὶ

351 3996 452 4052 τοῦ
491 4018 509 4052 ι
547 3998 890 4072 Σολομῶντος
933 4021 951 4053 ι
989 4003 1520 4074 ἡρμήνευσαν.Ἕστι
1544 4007 1601 4060 δὲ
1629 4010 1722 4061 καὶ
1746 4009 1930 4081 ἕτερος

350 4088 450 4143 τοῦ
485 4090 647 4145 αὐτοῦ
681 4093 738 4145 ὲν
769 4095 888 4157 ταῖς
916 4093 1082 4165 ᾠδαῖς
1113 4094 1220 4149 τῶν
1247 4095 1597 4169 ἀναϐαθμῶν,
1624 4094 1684 4154 οῦ
1709 4101 1924 4174 ἡάρχὴ-

357 4199 381 4232 ι
405 4181 528 4235 Ἐὰν
562 4183 639 4254 μὴ
675 4183 877 4254 Κύριος
920 4186 1249 4260 οἰκοδομήσει
1294 4183 1459 4254 οἶκον,
1493 4191 1580 4254 εἰς,
1605 4191 1780 4262 μάτην
1811 4195 1930 4246 ὲκο-

352 4274 559 4328 πίασαν
589 4276 638 4328 οἱ
659 4275 1064 4346 οἰκοδομοῦντες
1093 4279 1274 4334 αὐτόν.
1305 4299 1324 4331 ι
1345 4281 1431 4333 Ἑν
1463 4275 1544 4344 οἷς
1575 4281 1749 4338 ἔοικεν
1776 4285 1804 4337 ὁ
1829 4285 1925 4338 Σο-

350 4361 536 4434 λομὼν
581 4367 672 4418 ἐπὶ
704 4369 768 4438 τῇ
803 4370 1110 4447 κατασκευῇ
1160 4368 1254 4423 τοῦ
1301 4371 1470 4434 οίκου,
1499 4372 1558 4426 ὃν
1604 4374 1823 4446 ἦγειρεν
1869 4377 1927 4429 ὲν

2040 1854 2317 1912 miseriam
2354 1873 2548 1912 meam.
2590 1878 2607 1909 ι
2644 1857 2769 1914 Haec
2803 1875 2971 1930 porro
3014 1875 3179 1932 opere
3211 1865 3485 1934 completa
3526 1865 3611 1920 vi-

2039 1949 2166 2004 dere
2207 1950 2352 2005 licet.
2410 1949 2544 2004 Nam
2598 1967 2722 2006 cum
2777 1953 2978 2024 ubique
3028 1962 3300 2010 terrarum
3353 1956 3610 2015 Ecclesiae

2038 2039 2634 2113 Servatorisjustitiam
2660 2043 2753 2099 Dei
2787 2053 3069 2109 enarrent.
3097 2047 3323 2119 ipseque
3347 2047 3610 2105 Servator

2037 2147 2166 2187 vasa
2193 2133 2498 2198 electionis,
2535 2135 2717 2204 qualia
2752 2151 2916 2207 supra
2958 2137 3104 2193 dicta
3136 2149 3284 2207 sunt,
3322 2148 3376 2197 et
3407 2143 3609 2198 instru-

2037 2234 2216 2278 menta
2233 2225 2576 2281 rationabilia
2597 2225 2744 2281 Patri
2776 2239 3064 2300 praeparet,
3091 2248 3412 2305 semperque
3439 2235 3607 2291 Deum

2036 2317 2130 2387 qui
2163 2332 2328 2386 supra
2373 2319 2557 2372 omnia
2601 2329 2684 2375 est
2721 2323 2788 2378 iis
2837 2325 3203 2392 concelebret,
3234 2327 3441 2382 inimici
3483 2327 3608 2397 ejus

2037 2407 2360 2464 confusione
2391 2409 2714 2477 induuntur,
2768 2430 2832 2470 ac
2876 2417 3088 2474 confusi
3134 2426 3188 2474 et
3230 2420 3449 2475 reveriti
3480 2431 3608 2476 sunt

2036 2500 2131 2571 qui
2169 2509 2421 2571 quaerunt
2475 2502 2576 2573 ipsi
2621 2507 2782 2561 mala.
2830 2505 2895 2561 Ili
2929 2524 3060 2564 vero
3106 2518 3253 2576 sunt,
3289 2512 3380 2580 qui
3414 2527 3606 2567 omnes

2035 2595 2354 2651 occasiones
2399 2604 2691 2661 venantur,
2751 2601 3135 2668 contumelias,
3192 2603 3497 2659 calumnias
3554 2611 3608 2660 et

2035 2684 2404 2755 blasphemias
2434 2695 2622 2742 contra
2651 2704 2776 2744 eum
2816 2691 3148 2763 excogitant,
3176 2694 3493 2763 nullamque
3521 2710 3607 2750 re-

2036 2776 2254 2846 periunt
2286 2779 2370 2834 vel
2409 2781 2463 2834 in
2503 2781 2681 2852 ipsum
2730 2781 2814 2836 vel
2855 2781 2934 2836 in-
2961 2783 3256 2839 Ecclesiam
3289 2785 3463 2854 ipsius
3513 2800 3608 2839 ca-

2036 2869 2255 2925 lumniae
2287 2874 2744 2940 causam.'Quare
2773 2876 2982 2946 pudore
3021 2874 3408 2934 suﬁ‘unduntur
3435 2884 3490 2931 et
3515 2891 3606 2931 re-

2037 2969 2313 3029 verentur,
2361 2963 2510 3034 quod
2560 2965 2705 3020 ultra
2750 2982 2858 3022 non
2907 2967 3144 3023 audeant
3189 2967 3469 3038 quidpiam
3513 2983 3606 3023 ca-

2037 3056 2257 3112 lumniae
2284 3058 2552 3130 proferre.
2587 3060 2652 3116 Et
2689 3063 2801 3118 hinc
2825 3065 3009 3119 omnia
3040 3080 3204 3136 opere
3239 3065 3602 3136 complentur,

2036 3150 2338 3205 secundum
2383 3153 2725 3225 prophetiam
2767 3172 2887 3227 qua:
2943 3159 2999 3212 in
3053 3157 3480 3227 praecedentibus
3524 3160 3604 3214 sic

2033 3239 2217 3306 habet,
2251 3260 2269 3292 ι
2295 3239 2431 3296 Cum
2481 3245 2697 3302 confusi
2732 3255 2788 3303 et
2833 3248 3055 3303 reveriti
3096 3247 3299 3302 fuerint
3329 3248 3424 3318 qui
3464 3263 3606 3318 quaa-

2031 3336 2162 3383 runt
2194 3331 2336 3385 mala
2365 3332 2520 3388 mihi.
2553 3353 2572 3386 ›
2604 3333 2757 3389 Tunc
2793 3337 2962 3401 enim,
2992 3337 3190 3408 inquit,
3227 3351 3352 3390 cum
3395 3336 3603 3391 inimici

2030 3415 2456 3485 confundentur,
2488 3436 2590 3492 ego
2629 3423 2856 3492 psallam
2887 3425 3007 3490 tibi,
3049 3424 3257 3496 tibique
3283 3423 3432 3479 Patri
3482 3439 3603 3480 meo

2031 3507 2352 3565 conﬁtebor.
2382 3509 2721 3582 Insuperque
2765 3532 2784 3565 ι
2812 3515 2996 3586 lingua
3028 3530 3148 3572 mea
3177 3523 3288 3570 tota
3315 3514 3404 3570 die
3434 3513 3602 3571 medi-

2032 3599 2238 3655 tabitur
2267 3601 2537 3672 justitiam
2561 3611 2730 3659 tuam.
2766 3626 2784 3658 ι

2431 3811 2500 3867 ΙΝ
2532 3811 2952 3868 SALOMONEM
2983 3813 3172 3870 LXXI.

2103 3901 2268 3960 Vens.
2298 3905 2349 3970 I,
2373 3904 2428 3961 2.
2475 3925 2492 3957 ι
2524 3905 2666 3963 Deus
2696 3907 2961 3976 judicium
2999 3917 3147 3964 tuum
3183 3909 3292 3980 regi
3327 3909 3416 3965 da.
3449 3929 3468 3961 ι
3504 3910 3602 3966 Re-

2031 3993 2186 4066 liqui,
2237 4015 2255 4048 ι
2287 3994 2618 4066 Salomonis,
2649 4018 2669 4051 ι
2703 3999 3043 4070 interpretati
3094 4008 3241 4056 sunt.
3279 3999 3376 4057 Est
3420 4011 3600 4057 autem

2031 4096 2084 4144 et
2115 4089 2254 4146 alius
2282 4089 2526 4160 ejusdem
2581 4091 2640 4146 in
2678 4092 2910 4148 canticis
2949 4093 3236 4163 graduum,
3289 4094 3448 4164 cujus
3489 4095 3599 4148 ini-

2033 4180 2166 4235 tium
2193 4199 2205 4236 :
2237 4199 2255 4232 ι
2286 4181 2401 4237 Nisi
2448 4181 2714 4239 Dominus
2754 4182 3106 4241 aediﬁcaverit
3136 4185 3382 4251 domum,
3425 4185 3480 4238 in
3513 4201 3601 4237 va-

2031 4288 2163 4327 num
2212 4273 2603 4330 laboraverunt
2644 4275 2739 4346 qui
2785 4275 3060 4331 mdiﬁcant
3098 4292 3218 4332 eam
3244 4279 3285 4333 ⁸.
3319 4299 3337 4330 ›
3368 4278 3446 4332 Ex
3479 4280 3603 4348 qui~

2031 4365 2132 4422 bus
2167 4367 2382 4421 videtur
2431 4365 2778 4422 Salomonem
2831 4367 2885 4420 in
2931 4370 3343 4423 constructione
3384 4369 3600 4434 domus,

367 4455 791 4529 Ἱεροσολύμοις,
814 4459 1029 4531 πρῶτος
1068 4461 1229 4527 αὐτὸς
1271 4465 1629 4537 οἰκοδομήσας
1649 4466 1711 4520 τὸ
1742 4467 1926 4523 αὐτόοι

2035 4473 2194 4528 quam
2257 4459 2516 4530 excitavit
2559 4459 2618 4514 in
2664 4459 3000 4524 Jerusalem,
3051 4474 3177 4514 nam
3233 4459 3351 4530 ipse
3394 4461 3604 4532 primus

355 4547 523 4618 ἱερὸν,
558 4549 654 4620 τὴν
704 4550 844 4624 ᾠδὴν
892 4553 1242 4623 πεποιῆσθαι,
1275 4555 1628 4611 διδάσκουσαν
1677 4559 1812 4630 μόνα
1861 4559 1931 4614 τὰ

352 4637 450 4691 τοῦ
481 4638 614 4692 Θεοῦ
648 4641 1052 4714 οἰκοδομήματα
1098 4643 1416 4710 διαιωνίζειν
1437 4663 1450 4676 ·
1482 4645 1549 4699 τὰ
1575 4647 1682 4718 γὰρ
1722 4646 1930 4718 ἀνθρὼ-

355 4746 488 4783 πινα
533 4731 708 4804 καιρῷ
743 4733 1129 4791 συνίστασθαι·
1173 4736 1202 4788 ὃ
1244 4736 1308 4808 δὴ
1353 4738 1445 4791 ml
1477 4738 1653 4809 ἀπέϐη
1698 4739 1792 4790 ἐπὶ
1828 4738 1930 4808 τῆς

352 4820 522 4875 αὑτοῦ
565 4823 851 4894 οἰκοδομῆς
873 4840 885 4854 ’
924 4824 1024 4877 οὑκ
1055 4826 1133 4888 εἰς
1168 4826 1377 4897 μακρὸν
1407 4826 1535 4894 γοῦν
1575 4827 1603 4878 ὁ
1647 4827 1739 4880 ὑπ’
1763 4823 1926 4880 αὐτοῦ

354 4914 812 4979 κατασκευασθεὶς
850 4915 984 4980 νεὼς
1035 4918 1139 4971 ὑπὸ
1176 4918 1528 4974 Βαϐυλωνίων
1559 4921 1845 4993 κατελύθη.
1864 4923 1928 4976 Ἦ

349 5005 412 5059 δὲ
439 5007 576 5076 μετὰ
597 5009 783 5080 χεῖρας
809 5010 1112 5080 προφητεία
1141 5009 1250 5064 εἴτε
1283 5013 1361 5075 εἰς
1386 5014 1545 5067 αὑτὸν
1571 5014 1819 5069 λέλεκται
1838 5015 1927 5070 τὸν

352 5098 693 5169 Σολομῶντα,
718 5100 829 5154 εἴτε
854 5101 1018 5158 αὐτοῦ
1051 5104 1165 5156 ἐστι
1185 5105 1323 5158 κατὰ
1350 5107 1476 5170 τοὺς
1508 5106 1723 5173 λοιποὺς
1757 5111 1928 5180 ἐρμητ

349 5190 578 5254 νευτάςο
610 5193 659 5246 οἱ
687 5192 832 5262 λόγοι
864 5195 1049 5266 ἕτερόν
1089 5213 1212 5250 τινα
1261 5199 1564 5268 παριστῶσι
1590 5202 1926 5274 προφητευό-

357 5298 540 5350 μενον.
581 5284 672 5337 Διὸ
703 5284 832 5339 οῦτε
853 5286 1084 5359 ψαλμὸς,
1120 5288 1241 5344 οῦτε
1275 5291 1407 5364 ᾠδὴ,
1435 5291 1557 5346 οὔτε
1585 5292 1771 5362 ὕμνος,
1802 5293 1925 5348 οὔτε

352 5387 406 5423 τι
429 5371 637 5436 τούτοις
659 5377 1037 5448 παραπλήσιον
1064 5379 1484 5452 ἐπιγέγραπται.
1503 5383 1641 5436 Ἀλλ’
1663 5384 1776 5437 ἔστι
1802 5403 1929 5457 προ-

353 5462 552 5534 φητεία
585 5464 910 5532 θεσπίζουσα
942 5471 1376 5544 ἁναφανήσεσθαί
1400 5492 1518 5529 τινα
1545 5477 1602 5528 ἐν
1624 5476 1927 5548 ἀνθρώποις

352 5557 602 5626 πενήτων
650 5560 745 5611 ml
796 5562 1026 5632 πτωχῶν
1077 5565 1315 5637 σωτῆρα,
1351 5567 1444 5623 καὶ
1487 5567 1671 5622 τοῦτον
1724 5571 1927 5626 ἄνωθέν

429 5709 450 5741 ³
473 5708 617 5766 Psal.
648 5729 832 5783 cxxvl,
879 5719 926 5771 ~I.

2031 4551 2291 4621 templum
2338 4550 2450 4605 illic
2511 4554 2801 4618 exstruxit,
2849 4553 2953 4607 hoc
2996 4552 3272 4608 canticum
3313 4552 3597 4610 edidisse:

2031 4662 2141 4716 quo
2169 4645 2450 4713 docemur,
2501 4647 2617 4702 sola
2665 4647 2759 4703 Dei
2787 4647 3018 4703 aedilicia
3073 4657 3336 4704 aeternum
3386 4667 3601 4722 perma-

2031 4754 2194 4805 nere;
2229 4737 2467 4794 humana
2514 4741 2717 4811 quippe
2753 4757 2853 4812 pro
2901 4749 3145 4810 tempore
3191 4743 3366 4798 solum
3414 4747 3601 4820 consi-

2030 4837 2184 4886 stunt
2211 4849 2224 4885 :
2249 4831 2394 4901 quod
2425 4831 2679 4887 etiamin
2707 4832 2827 4902 ejus
2869 4834 3236 4891 exstructione
3271 4845 3449 4892 actum
3483 4845 3601 4905 est;

2029 4939 2141 4979 non
2169 4924 2262 4979 diu
2311 4924 2455 4980 enim
2499 4935 2687 4994 postea
2718 4925 2976 4997 templum
3011 4927 3079 4982 ab
3098 4941 3164 4982 eo
3193 4926 3539 4995 aediﬁcatum,
3569 4945 3601 4984 a

2029 5015 2344 5088 Babyloniis
2391 5015 2635 5072 dirutum
2667 5016 2790 5072 fuit.
2830 5017 3077 5075 Praesens
3121 5035 3251 5076 vero
3288 5022 3593 5093 prophetia,

2030 5109 2145 5164 sive
2175 5109 2230 5162 in
2263 5106 2609 5164 Salomonem
2645 5109 2790 5165 dicta
2831 5118 2946 5177 est,
2981 5112 3095 5167 sive
3127 5111 3427 5168 secundum
3465 5113 3597 5168 reli-

2029 5215 2168 5271 quos
2191 5200 2541 5272 interpretes,
2574 5203 2750 5274 ipsius
2779 5204 3087 5260 Salomonis
3113 5212 3216 5262 est.
3246 5205 3430 5262 Series
3449 5211 3600 5259 certe

2031 5293 2302 5350 sermonis
2359 5295 2527 5350 alium
2580 5298 2891 5368 quempiam
2933 5298 3196 5353 vaticinio
3252 5298 3594 5353 enuntiatum

2029 5386 2311 5443 declarare
2363 5387 2601 5445 videtur.
2649 5388 2829 5456 Quare
2880 5405 3057 5461 neque
3102 5390 3366 5460 psalmus,
3422 5401 3597 5456 neque

2027 5478 2323 5547 canticum,
2361 5498 2537 5553 neque
2567 5482 2824 5555 hymnus,
2856 5499 3031 5554 neque
3076 5481 3356 5552 quidpiam
3393 5479 3593 5545 simile,

2029 5569 2329 5642 inscriptus
2351 5579 2452 5628 est.
2481 5571 2584 5629 Sed
2607 5587 2691 5629 εει
2703 5573 2984 5644 prophetia
3012 5569 3382 5642 prmnuntians
3405 5583 3595 5638 quem-
