4008 6210
511 255 608 313 791

1173 263 1441 319 EUSEBII
1480 263 1960 324 CIESARIENSIS
1995 267 2147 324 OPP.
2189 268 2367 326 PARS
2403 272 2492 329 lli.
2532 305 2602 316 —-
2634 275 3043 337 EXECETICA.

3637 287 3742 344 792

507 383 651 439 piam
692 369 1002 426 horninibus
1033 373 1392 430 adventurum
1429 391 1727 448 pauperum
1769 387 1823 435 et
1851 382 2051 450 inopun

2177 381 2338 436 ποθεν
2366 386 2547 457 ἠρέμα
2591 390 2996 462 καταϐήσεσθαι
3021 393 3114 447 καὶ
3135 387 3372 467 ἀψοφητί
3388 413 3404 428 ο
3437 418 3455 450 ι
3485 400 3743 476 Καταϐἠ-

507 468 864 525 servatorem,
895 462 989 532 qui
1019 478 1083 518 ex
1116 465 1226 519 alto
1253 467 1458 522 sensim
1489 475 1543 523 et
1570 469 1688 524 sine
1718 472 1948 540 strepitu
1975 487 2068 528 ac-

503 567 764 608 cessurus
813 564 946 609 cst:
989 573 1008 606 ι
1047 554 1351 614 Descendet
1397 562 1543 614 enim
1592 561 1737 617 sicut
1788 564 1971 632 pluvia
2012 565 2067 620 in

505 642 698 698 vellus.
731 663 750 696 ι
783 645 982 716 Aitque
993 646 1262 716 justitiam
1296 649 1555 722 deinceps
1598 656 1654 710 in
1686 656 1921 712 adventu
1948 656 2068 727 ejus

503 735 558 788 in
577 751 775 804 genere
803 737 1085 794 hominum
1114 749 1454 796 versaturam
1488 764 1501 799 :
1531 747 1818 818 ipsumque
1845 764 1953 804 non
1981 749 2068 804 Ju-

501 824 630 879 daza:
664 827 847 896 modo,
893 845 1069 900 neque
1116 833 1333 888 duabus
1367 837 1611 893 tribusve
1651 840 1925 910 gentibus,
1971 843 2066 898 sed

500 919 753 974 omnibus
801 936 898 990 per
943 923 1133 978 orbem
1173 923 1598 994 dominaturum,
1642 945 1832 987 omnes
1878 939 2066 1002 gentes

497 1009 828 1081 subigendas
858 1012 964 1083 ipsi
995 1013 1134 1080 fore,
1175 1018 1562 1074 celebrandum
1593 1021 1771 1090 ipsum
1800 1038 1923 1080 esse
1949 1039 2066 1080 om-

498 1099 678 1164 nibus,
708 1117 817 1156 non
846 1102 998 1159 brevi
1037 1113 1310 1177 tempore,
1340 1108 1436 1166 sed
1464 1125 1562 1180 per
1583 1126 1744 1168 omne
1781 1115 2058 1178 saeculum.

496 1190 554 1245 ln
580 1208 794 1248 summa
819 1196 951 1265 quid
994 1196 1144 1252 aliud
1181 1198 1272 1253 hic
1327 1215 1509 1256 sermo
1536 1213 1801 1271 recenset,
1831 1206 1940 1262 nisi
1980 1214 2063 1260 ta-

498 1283 600 1338 iem
629 1300 754 1340 esse
780 1287 874 1357 qui
906 1287 962 1342 in
994 1290 1254 1347 vaticinio
1291 1290 1487 1358 fertur,
1517 1295 1732 1364 qualem
1763 1312 1922 1352 nemo
1955 1314 2060 1352 un-

494 1391 678 1446 quam,
707 1393 810 1433 nec
837 1379 891 1434 in
919 1378 1234 1436 Iudaeorum
1262 1391 1443 1454 gente,
1467 1400 1647 1456 neque
1669 1386 1728 1441 in
1749 1387 1872 1444 aliis
1893 1387 2060 1445 fuisse

494 1470 855 1524 memoravit?
883 1469 1070 1542 Neque
1095 1475 1239 1528 enim
1280 1475 1398 1546 ipse
1442 1474 1719 1543 Salomon,
1753 1493 1929 1549 neque
1955 1478 2060 1534 Da-

490 1563 603 1629 vid,
635 1580 812 1635 neque
836 1566 1109 1637 quispiam
1131 1585 1514 1627 successorum
1535 1573 1583 1628 is
1605 1572 1889 1629 videbatur
1911 1590 2053 1640 esse,

486 1653 579 1706 cui
602 1668 666 1706 ea
709 1669 832 1724 qua;
877 1654 931 1709 in
973 1658 1259 1727 prophetia
1308 1659 1559 1716 feramur
1599 1663 1778 1733 aptari
1819 1666 2050 1735 possint.

487 1743 768 1815 Perpende
798 1745 964 1818 igitur
999 1765 1130 1803 num
1171 1753 1470 1820 praemissis
1503 1753 1572 1810 de
1608 1729 1916 1814 servatoris
1959 1775 2055 1815 no-
2089 1729 2132 1789 Β

489 1838 586 1891 stri
615 1839 868 1908 passione
902 1841 1349 1911 pradictionibus
1379 1846 1516 1910 haec,
1547 1861 1654 1916 qua
1682 1862 1908 1919 regnum
1934 1851 2054 1921 ejus

486 1928 844 1997 describitur,
875 1943 1280 2004 consequenter
1305 1933 1614 2006 adjiciatur.
1645 1936 1751 1992 Par
1768 1947 1883 1994 erat
1909 1943 2055 1996 enim

486 2036 587 2076 nos
629 2038 752 2092 quae
791 2023 859 2077 ad
899 2023 1036 2078 illud
1075 2041 1294 2096 quoque
1351 2029 1585 2086 attinent
1627 2031 1864 2090 edoceri.
1917 2035 2052 2090 Cum

485 2124 666 2168 autem
698 2115 950 2185 plurima:
981 2118 1280 2189 prophetia:
1306 2120 1607 2190 Christum,
1646 2125 1738 2196 qui
1761 2141 1828 2180 ex
1853 2125 2054 2183 Davide

483 2203 751 2272 originem
793 2204 1064 2264 ducturus
1120 2217 1260 2276 erat,
1311 2213 1676 2283 celebrarent,
1723 2219 1851 2290 quia
1905 2220 2051 2275 veri-

482 2283 662 2352 simile
678 2305 818 2362 erat,
840 2301 1136 2357 nonnullos
1161 2303 1228 2358 iis
1248 2301 1595 2363 Salomonem
1615 2309 1846 2365 indicari
1870 2311 2051 2382 suspi-

481 2396 703 2445 caturos
734 2405 898 2455 esse;
933 2407 1057 2447 nam
1094 2393 1142 2448 is
1175 2395 1326 2452 solus
1372 2412 1437 2452 ex
1471 2398 1598 2456 ﬁliis
1632 2399 1851 2458 Davidis
1884 2403 1939 2458 in
1970 2419 2052 2460 re-

479 2493 589 2548 gno
616 2480 852 2536 maxime
880 2482 1100 2548 claruit,
1135 2482 1249 2540 Deo
1281 2487 1544 2558 templum
1568 2491 1847 2557 excitavit,
1877 2501 1930 2547 et
1959 2508 2052 2549 sa-

481 2569 685 2638 pientia
716 2579 946 2628 ornatus
975 2571 1148 2631 fuisse
1187 2588 1524 2634 memoratur
1549 2599 1564 2637 :
1597 2583 1912 2638 necessario
1946 2602 1965 2636 ι
1994 2583 2049 2638 in

482 2661 829 2720 Salomonem
854 2684 874 2718 ι
907 2667 1023 2724 haec
1045 2669 1329 2740 prophetia
1353 2671 1706 2740 inscribitur;
1736 2675 1852 2732 sive
1875 2675 2048 2747 ipsius

481 2755 794 2813 Salomonis
843 2774 968 2815 esse
1031 2760 1240 2832 fertur;
1293 2771 1354 2819 ut
1410 2780 1520 2820 non
1569 2766 1713 2822 ultra
1743 2776 2050 2838 putaretur

481 2848 663 2917 ipsum
693 2863 814 2904 esse
845 2863 913 2904 ex
947 2848 1170 2909 Davidis
1209 2853 1418 2910 semine
1445 2856 1540 2926 qui
1578 2859 2003 2928 exspectabatur
2031 2881 2044 2916 :

479 2954 548 2992 ex
574 2941 696 3009 ipso
723 2940 926 3012 quippe
962 2938 1254 3000 Salomone
1287 2946 1431 3004 alius
1461 2957 1726 3006 venturus
1770 2959 2045 3022 speratur,

479 3038 542 3084 ut
575 3031 680 3101 ipsi
708 3031 1038 3103 promissum
1067 3045 1171 3092 est.
1198 3035 1254 3092 Si
1278 3037 1462 3109 itaque
1488 3033 1788 3098 secundum
1821 3041 2048 3114 Septua-

478 3120 632 3191 ginta
679 3119 1041 3194 lnterpretum
1087 3125 1306 3182 titulum
1355 3129 1413 3184 in
1464 3130 1644 3202 ipsum
1699 3130 2048 3191 Salomonem

477 3211 685 3294 dictum
721 3212 892 3272 fuisse
921 3217 1192 3288 psalmum
1237 3219 1628 3294 intelligamus,
1662 3224 1908 3283 dicemus
1941 3228 2048 3284 uti-

477 3290 584 3375 que
635 3302 896 3377 Spiritum
936 3317 1212 3380 sanctum,
1257 3327 1383 3368 cum
1417 3290 1538 3386 vpro
1581 3313 1702 3388 ipso
1744 3319 2044 3376 orationem

479 3398 592 3456 Deo
647 3403 921 3462 emisisset
974 3407 1030 3462 in
1093 3407 1270 3478 primo
1323 3424 1509 3476 versu,
1569 3412 1664 3483 qui
1725 3414 1807 3470 sic
1858 3413 2044 3481 habet,

481 3510 502 3545 ι
528 3489 979 3565 Deus,judicium
1016 3505 1169 3554 tuum
1202 3500 1316 3572 regi
1347 3501 1437 3566 da,
1471 3522 1490 3555 ι
1526 3503 1582 3559 id
1613 3511 1698 3561 est
1727 3505 2044 3574 Salomoni;

477 3601 599 3656 quae
627 3596 934 3658 sequuntur
971 3589 1040 3646 de
1069 3591 1164 3646 illo
1189 3593 1283 3663 qui
1313 3593 1382 3649 ab
1412 3595 1532 3666 ipso
1562 3598 1880 3654 nasciturus
1924 3607 2046 3655 erat

475 3677 682 3737 dixisse
708 3680 796 3736 his
825 3681 1028 3746 verbis,
1071 3700 1090 3734 ι
1121 3682 1187 3737 Et
1208 3683 1481 3754 justitiam
1505 3694 1654 3742 tuam
1686 3687 1797 3744 lilio
1822 3689 1989 3760 regis,
2018 3710 2038 3744 ι

477 3766 530 3822 id
553 3777 658 3837 est,
689 3770 791 3841 ipsi
825 3768 955 3826 Jesu
983 3772 1078 3842 qui
1115 3787 1182 3828 ex
1211 3774 1419 3830 semine
1449 3775 1570 3846 ejus
1596 3786 1862 3837 venturus
1901 3789 2039 3836 erat.

2172 489 2319 527 σεται
2343 475 2450 548 γὰρ
2497 478 2573 542 ὡς
2598 480 2754 546 ὑετὸς
2781 482 2874 535 ἐπὶ
2915 483 3099 539 πόκον.
3129 504 3148 537 ›
3188 488 3540 563 Δικαιοσύνην
3554 511 3610 547 τε
3628 475 3741 550 λοι-

2169 561 2267 614 πὸν
2305 564 2750 634 ἐμπολιτεύεσθαι
2793 570 2872 642 τῷ
2919 573 3068 642 γένει
3091 575 3200 629 τῶν
3232 561 3530 652 ἀνθρώπων
3557 585 3649 638 ἐπὶ
3670 589 3736 658 τῇ

2167 653 2330 708 αὑτοῦ
2358 660 2650 732 παρουσίᾳ.
2670 663 3088 736 Ἐπικρατήσειν
3109 685 3168 721 τε
3196 670 3356 724 αὑτὸν
3389 675 3449 727 οὐ
3475 677 3574 748 τῆς
3606 679 3738 732 Ἰου-

2164 743 2317 809 δαίας
2352 748 2538 818 μόνης,
2571 751 2692 805 οὐδὲ
2724 752 2869 808 δυεῖν
2895 756 2928 827 ῆ
2957 757 3122 829 τριῶν
3153 759 3340 827 ἐθνῶν,
3362 763 3498 819 ἀλλὰ
3519 743 3736 823 πάντων

2164 835 2272 889 τῶν
2314 837 2435 891 καθ’
2465 839 2594 912 ὅλης
2638 843 2738 912 τῆς
2786 847 3129 920 οἰκουμένης,
3162 853 3337 906 πάντα
3381 873 3441 908 τε
3487 857 3556 911 τὰ
3604 859 3734 932 ἔθνη

2166 928 2599 1000 ὑποταγήσεσθαι
2623 935 2791 1007 αὐτῷ,
2813 939 3106 1010 ὀνομαστόν
3129 960 3190 996 τε
3209 945 3371 1000 αὑτὸν
3398 947 3614 1003 ἔσεσθαι
3635 928 3738 1006 1w;-

2164 1019 2236 1092 ρὰ
2271 1023 2385 1085 τοῖς
2415 1025 2598 1089 πᾶσιν,
2630 1028 2690 1080 οὐ
2718 1031 2857 1084 κατά
2887 1048 3006 1085 τινα
3028 1036 3222 1105 χρόνον
3248 1036 3471 1109 βραχὺν,
3504 1043 3618 1096 ἀλλ’
3653 1047 3737 1110 είς

2164 1112 2378 1166 ἅπαντα
2413 1115 2503 1168 τὸν
2547 1117 2736 1174 αἰῶνα.
2773 1122 2882 1175 Καὶ
2912 1123 2965 1175 τί
2999 1124 3106 1196 γὰρ
3137 1126 3249 1182 ἄλλ’
3281 1127 3313 1200 ἢ
3347 1131 3584 1187 τοιοῦτόν
3607 1151 3735 1188 τινα

2163 1203 2378 1299 έσεσθαι
2410 1208 2503 1262 τὸν
2530 1209 2914 1284 θεσπιξόμενον
2951 1220 2981 1271 ὁ
3015 1219 3152 1290 μετὰ
3192 1225 3379 1294 χεῖρας
3424 1226 3732 1299 ὑπογράφει

2159 1291 2334 1362 λόγος,
2367 1299 2548 1353 ὁποῖον
2581 1302 2757 1368 οὐδεὶς
2786 1305 3002 1362 πώποτε
3033 1308 3156 1364 οὔτε
3191 1291 3434 1386 παραβῶ
3463 1291 3732 1375 Ἰουδαίων

2159 1385 2320 1478 ἔθνει,
2353 1387 2476 1443 οὔτε
2509 1396 2638 1465 παρ’
2673 1396 2876 1468 ἑτέροις
2906 1402 3182 1470 γεγονέναι
3210 1385 3564 1478 μνημονεύεις
3587 1411 3727 1468 οὔτε

2159 1477 2268 1550 γὰρ
2317 1481 2480 1566 αυτὸς
2510 1485 2784 1558 Σολομὼν,
2806 1488 2927 1544 οὔτε
2975 1494 3156 1560 Δαυῒδ,
3188 1477 3313 1552 οὔτε
3353 1519 3438 1566 τις
3468 1503 3570 1557 τῶν
3603 1507 3725 1578 μετ’

2157 1570 2353 1636 αὐτοὺς
2401 1574 2640 1641 τοιοῦτος
2684 1580 2879 1654 ἐφάνη,
2913 1583 2988 1648 ὡς
3038 1586 3276 1658 ἁρμόσαι
3320 1593 3424 1646 τινὶ
3455 1570 3628 1650 αὐτῶν
3651 1599 3724 1653 τὰ

2159 1660 2262 1762 ὑπο
2291 1662 2393 1732 τῆς
2423 1668 2758 1738 προφητείας
2789 1675 3329 1762 σημαινόμενα.⁹’ορα
3358 1684 3539 1740 τοίνυν
3565 1690 3615 1741 εί
3649 1689 3729 1762 μὴ

2157 1753 2277 1816 ταῖς
2308 1759 2775 1828 προτεταγμέναις
2818 1760 2908 1816 διὰ
2954 1763 3062 1817 τῶν
3101 1765 3407 1841 ἔμπροσθεν
3454 1776 3582 1847 περὶ

2156 1843 2364 1910 πάθους
2405 1847 2501 1900 τοῦ
2544 1849 2794 1923 Σωτῆρος
2835 1858 3205 1930 προρρήσεσιν
3251 1843 3556 1932 ἀκολούθως
3603 1887 3728 1924 συν⁹

2152 1936 2324 2006 ἧπται
2369 1939 2402 2009 ή
2455 1940 2594 2010 μετὰ
2639 1945 2828 2014 χεῖρας
2873 1947 2972 2018 τὴν
3001 1949 3275 2020 βασιλείαν
3307 1957 3471 2011 αὐτοῦ
3495 1959 3726 2033 διαγρά-

2155 2045 2348 2120 φουσα.
2369 2030 2564 2102 Ἐχρῆν
2595 2033 2702 2107 γὰρ
2735 2036 2881 2107 ἡμᾶς
2911 2041 3004 2094 καὶ
3033 2042 3101 2096 τὰ
3132 2047 3258 2118 περὶ
3281 2047 3484 2120 ταύτης
3510 2030 3727 2108 παιδευ-

2154 2117 2330 2192 θῆναι.
2370 2121 2584 2177 Πολλῶν
2615 2125 2672 2180 δὲ
2699 2133 3043 2202 προφητειῶν
3083 2135 3174 2189 τὸν
3206 2117 3285 2191 ίὲκ
3312 2117 3470 2193 Δαυίδ
3509 2159 3727 2216 προφηο

2152 2213 2437 2284 τευόμενον
2465 2217 2700 2288 Χριστὸν
2729 2221 3078 2293 ἀνυμνουσῶν
3096 2243 3111 2256 θ
3143 2229 3327 2302 ἐπειδὴ
3348 2231 3493 2295 εἰκὸς
3599 2213 3727 2288 ὐπο-

2149 2302 2330 2360 λαδείν
2360 2324 2508 2396 τινας
2535 2310 2626 2364 τὸν
2643 2311 2963 2384 Σολομῶντα
2975 2317 3264 2388 δηλοῦσθαι
3294 2321 3361 2374 δι’
3383 2302 3591 2378 αὐτῶν-
3622 2327 3708 2396 μό

2151 2413 2240 2461 νος
2265 2398 2373 2470 γὰρ
2401 2392 2555 2465 οὗτος
2585 2402 2692 2456 τῶν
2726 2404 2856 2459 υίῶν
2897 2408 3058 2461 Δαυτδ
3090 2411 3438 2479 ὲπιδοξότατα
3473 2392 3728 2486 βασιλεῦ.

2152 2506 2270 2555 σας,
2298 2493 2391 2546 καὶ
2419 2493 2511 2548 τὸν
2548 2494 2680 2550 νεὼν
2706 2497 2892 2571 ἤγειρε
2919 2500 2998 2572 τῷ
3027 2501 3163 2574 Θεῷ,
3195 2505 3289 2559 καὶ
3313 2507 3474 2579 σοφίᾳ
3492 2508 3728 2582 διαπρέ-

2148 2581 2245 2652 ψαι
2280 2585 2696 2658 μεμαρτύρηται
2714 2605 2729 2620 ⁸
2759 2590 3119 2665 ἀναγκαίωςή
3146 2598 3478 2669 προκειμένη
3507 2581 3726 2673 προφη-

2147 2672 2268 2725 τεία
2306 2691 2324 2725 ι
2352 2675 2434 2738 εἰς
2458 2675 2777 2747 Σολομῶντα
2803 2697 2821 2729 ι
2857 2680 3285 2752 ἐπιγέγραπται·
3331 2684 3364 2756 ἢ
3407 2688 3572 2742 αὑτοῦ
3621 2672 3726 2744 τοῦ

2150 2762 2492 2834 Σολομῶντος
2520 2763 2658 2820 εἶναι
2679 2765 2959 2824 λέλεκται·
2985 2772 3072 2824 ἵνα
3093 2775 3283 2845 μηκέτι
3308 2777 3470 2841 αὐτὸς
3499 2780 3724 2850 νομίζη-

2148 2870 2237 2906 ται
2267 2855 2295 2907 ό
2328 2856 2774 2929 προσδοκώμενος
2826 2856 2964 2914 εἶναι
3008 2863 3071 2916 ἐκ
3114 2864 3309 2920 Δαυῖδ·
3363 2868 3422 2935 ἐξ
3475 2871 3638 2924 αὐτοῦ
3661 2872 3725 2925 δὲ

2150 2945 2487 3018 Σολομῶντος
2517 2949 2789 3014 ὲλπίζεται
2820 2951 3003 3024 ἕτερος
3027 2955 3055 3007 ὁ
3080 2957 3172 3009 καὶ
3200 2958 3347 3030 αὐτῷ
3379 2961 3721 3034 ἐπηγγελμέ-

2151 3056 2258 3104 νος.
2276 3041 2400 3094 Ἐὰν
2431 3040 2532 3112 μὲν
2555 3038 2648 3096 οῦν
2681 3043 3023 3116 ὲκδεξώμεθα
3049 3048 3129 3111 εἰς
3159 3049 3322 3104 αὑτὸν
3347 3051 3600 3124 εἰρῆσθαι
3627 3057 3722 3112 τὸν

2151 3131 2464 3203 Σολομῶντα
2483 3132 2573 3187 τὸν
2596 3134 2809 3205 ψαλμὸν
2852 3136 2994 3190 κατὰ
3037 3139 3133 3209 τήν
3169 3138 3278 3193 τῶν
3319 3141 3720 3216 Ἑϐδομήκοντα

2152 3225 2492 3297 προγραφὴν,
2519 3226 2771 3298 ἐροῦμεν,
2807 3228 2889 3282 ὅτι
2935 3229 2997 3282 τὸ
3035 3231 3260 3303 Πνεῦμα
3296 3233 3359 3287 τὸ
3384 3235 3556 3304 ἅγιον,
3585 3241 3716 3310 περὶ

2147 3316 2312 3375 αὑτοῦ
2349 3317 2446 3388 τὴν
2473 3318 2636 3388 εὐχὴν
2661 3319 2986 3391 ἀναπέμψαν
3018 3321 3235 3397 τῷ,θῲ
3262 3325 3351 3380 διὰ
3374 3326 3464 3381 τοῦ
3492 3327 3712 3400 πρώτου

2147 3408 2351 3478 στίχου,
2385 3409 2450 3462 δι’
2475 3402 2535 3462 οὗ
2568 3410 2812 3483 εἴρηται·
2855 3431 2874 3464 ι
2895 3413 2954 3466 ὐ
2992 3413 3144 3479 Θεὸς,
3175 3416 3258 3469 τὸ
3285 3418 3449 3490 κρίμα
3489 3435 3582 3473 σου
3626 3422 3709 3493 τῷ

2147 3498 2353 3570 βασιλεῖ
2375 3500 2482 3566 δὸς,
2508 3521 2527 3554 ι
2563 3503 2804 3558 τουτέστι
2833 3503 2912 3577 τῷ
2939 3505 3266 3578 Σολομῶντι,
3283 3509 3372 3564 τὸν
3399 3507 3522 3583 ἑξῆς
3547 3510 3708 3582 λόγον

2145 3593 2383 3665 περὶτοῦ
2404 3593 2462 3660 ἐξ
2482 3594 2646 3649 αὐτοῦ
2673 3598 3034 3669 γενησομένου
3059 3602 3290 3655 ποιεῖται
3308 3618 3322 3632 ’
3344 3601 3425 3657 διὸ
3447 3603 3706 3673 ἐπιλέγει·

2111 3668 2168 3735 ἰ
2197 3685 2306 3739 Καὶ
2346 3686 2445 3757 τήν
2487 3668 2830 3761 δικαιοσύνην
2865 3668 2957 3744 σου
2990 3691 3069 3763 τῷ
3107 3693 3206 3764 υἱῷ
3230 3693 3324 3747 τοῦ
3353 3668 3647 3766 βασιλέως·
3687 3717 3708 3751 ι

2142 3773 2339 3848 δηλαδὴ
2365 3776 2444 3847 τῷ
2471 3777 2713 3848 μέλλοντι
2741 3781 3160 3853 προελεύσεσθαι
3193 3787 3259 3840 ὲκ
3283 3786 3597 3859 σπέρματος
3621 3791 3716 3844 αὐ-
3789 3779 3808 3793 ’

477 3858 574 3916 Vel
599 3860 792 3916 horum
816 3878 937 3933 qua:
975 3870 1273 3919 tractamus
1306 3867 1430 3923 talis
1461 3883 1618 3925 mens
1641 3869 1824 3936 fuerit,
1854 3873 2046 3930 decre-

2150 3867 2236 3920 τοῦ
2267 3868 2542 3940 Ἰησοῦ.Ἦ
2557 3871 2666 3924 τῶν
2687 3874 3061 3945 προκειμένων
3085 3877 3114 3928 ὁ
3144 3875 3265 3941 νοῦς
3279 3877 3714 3954 τοιοῦτος·”ορος

473 3957 591 4007 tum
638 3967 669 4006 a
707 3953 906 4010 deitate
940 3962 1032 4008 tua
1087 3954 1292 4012 editum
1328 3958 1451 4024 fuit,
1501 3970 1666 4032 atque
1709 3964 1950 4020 edictum
1989 3974 2045 4023 et

2150 3960 2299 4030 παρὰ
2333 3960 2434 4028 τῆς
2466 3963 2565 4034 σῆς
2613 3961 2863 4036 θεότητος
2901 3965 3261 4038 ἐξενήνεκται,
3303 3968 3479 4041 δόγμα
3521 3989 3583 4026 τε
3616 3953 3718 4028 καὶ

471 4042 738 4114 judicium
778 4047 988 4116 regium
1037 4063 1101 4102 ex
1157 4049 1364 4119 Spiritu
1406 4058 1500 4107 tuo
1544 4055 1902 4110 constitutum
1934 4067 2040 4126 est,

2150 4049 2316 4122 κρίμα
2369 4051 2640 4121 βασιλικὸν
2697 4057 2761 4108 ὲκ
2828 4054 2920 4109 σοῦ
2981 4057 3294 4130 Πνεῦματος
3336 4060 3708 4128 διατέτακται,

478 4143 537 4191 ut
562 4151 629 4192 ex
661 4134 968 4194 Salomonis
1012 4140 1166 4210 prole
1211 4139 1471 4198 Servator
1512 4145 1701 4200 mundi
1737 4149 2040 4206 secundum

2153 4141 2230 4206 ὡς
2245 4140 2312 4197 ἂν
2334 4143 2398 4197 ὲκ
2410 4143 2513 4214 τῆς
2529 4144 2869 4216 Σολομῶντος
2883 4147 3131 4221 διαδοχῆς
3157 4151 3185 4202 ὁ
3219 4168 3282 4205 το
3297 4151 3500 4226 κόσμου
3516 4153 3716 4228 Σωτὴρ

473 4242 695 4284 carnem
723 4227 997 4300 gignatur.
1025 4228 1143 4285 Hoc
1178 4229 1345 4303 igitur
1363 4231 1634 4302 judicium
1669 4244 1843 4304 tuum,
1875 4239 2039 4304 Deus.

2150 4233 2285 4288 κατὰ
2337 4236 2516 4309 σάρκα
2554 4237 2860 4312 γεννηθείη.
2888 4241 3056 4297 Τοῦτο
3097 4237 3189 4297 οὖν
3221 4243 3284 4298 τὸ
3322 4245 3500 4318 κρίμα
3530 4227 3712 4315 coma

472 4332 619 4372 nunc
659 4317 879 4373 tandem
912 4321 1026 4391 regi
1054 4321 1143 4388 da,
1176 4321 1386 4378 scilicet
1434 4321 1731 4393 Salomoni,
1782 4337 1843 4383 ut
1877 4332 2042 4388 verba

2150 4324 2294 4393 Θεὸς,
2323 4326 2424 4398 ήδη
2469 4328 2601 4382 ποτὲ
2638 4326 2879 4402 δώρησαι
2909 4331 2988 4403 τῷ
3023 4331 3250 4403 βασιλεῖ,
3501 4335 3582 4408 τῷ
3610 4337 3718 4393 Σο-

472 4427 638 4483 opere
673 4415 1052 4486 compleantur
1080 4435 1093 4470 :
1123 4416 1339 4490 ipsique
1365 4416 1475 4490 regi
1508 4430 1868 4477 memoratum
1892 4423 2040 4494 judi-

2150 4416 2397 4488 λομῶντι,
2416 4418 2491 4482 ὡς
2517 4417 2583 4473 ἂν
2598 4419 2666 4472 δι’
2681 4418 2856 4491 ἔργων
2882 4423 3187 4494 χωρήσειαν
3213 4425 3264 4477 οἱ
3290 4424 3436 4495 λόγοι
3452 4442 3468 4456 ο
3497 4427 3594 4484 καὶ
3613 4427 3717 4482 αῦ-

470 4504 616 4560 cium
654 4509 926 4577 praebeas;
955 4507 1224 4580 justitiam
1259 4526 1388 4567 vero
1427 4518 1577 4566 tuam
1613 4512 1723 4569 lilio
1743 4514 1908 4587 regis,
1945 4517 2039 4587 qui

2150 4507 2218 4580 τῷ
2249 4510 2347 4580 μὲν
2372 4509 2448 4582 τῷ
2481 4510 2690 4582 βασιλεί
2713 4512 2774 4565 τὸ
2799 4513 3036 4584 δηλωθὲν
3066 4515 3241 4587 κρίμα
3271 4516 3576 4588 παράσχου,
3607 4519 3714 4591 τὴν

470 4608 538 4649 ex
567 4596 775 4652 semine
824 4597 945 4668 ejus
983 4600 1303 4668 proditurus
1334 4607 1454 4666 est;
1498 4609 1560 4656 ut
1587 4602 1682 4672 qui
1713 4618 1780 4658 ex
1833 4602 2039 4676 Spiritu

2150 4601 2197 4654 Βὲ
2220 4601 2562 4673 δικαιοσύνην
2584 4621 2677 4658 σου
2704 4603 2781 4674 τῷ
2803 4603 2902 4676 υἱῷ
2923 4604 3016 4659 τοῦ
3044 4606 3323 4677 βασιλέως,
3353 4608 3434 4680 τῷ
3456 4609 3709 4682 μέλλοντι

471 4682 724 4758 gig'netur
757 4704 1046 4745 successor
1085 4691 1226 4760 ejus,
1269 4701 1496 4764 accepta
1517 4693 1728 4762 iustitia
1757 4703 1872 4760 tua,
1906 4715 1925 4748 ι
1949 4697 2040 4768 ju-

470 4776 615 4830 dicet
643 4779 902 4848 populum
959 4785 1112 4832 tuum
1154 4781 1208 4834 in
1233 4779 1468 4850 iustitia,
1517 4791 1571 4838 et
1610 4799 1883 4854 pauperes.
1917 4797 2042 4844 tuos

469 4869 526 4922 in
549 4868 782 4938 judicio.
815 4890 835 4923 ι
867 4870 934 4925 Et
955 4876 1069 4927 haec
1094 4872 1336 4943 quidem,
1364 4876 1413 4930 si
1443 4875 1499 4929 in
1527 4875 1700 4947 ipsius
1731 4875 2039 4936 Salomonis

470 4973 757 5030 personam
803 4961 1070 5018 referatur
1121 4965 1404 5036 inscriptio
1460 4963 1812 5040 Septuaginta
1864 4971 2041 5027 Inter-

471 5057 702 5120 pretum.
740 5069 860 5124 qua:
893 5072 912 5106 ι
968 5055 1025 5110 in
1052 5053 1396 5113 Salomonem
1433 5077 1453 5110 ι
1484 5059 1668 5116 habet.
1702 5058 1796 5116 Sin
1839 5078 2038 5120 secun-

471 5144 599 5197 dum
627 5144 866 5215 reliquos
890 5145 1217 5217 interpretes
1239 5147 1545 5208 Salomonis
1572 5152 1854 5223 prophetia
1886 5154 2038 5210 dica-

470 5246 558 5290 tur
597 5253 752 5300 esse;
793 5236 1036 5294 dicemus
1087 5239 1261 5310 ipsum
1314 5242 1658 5300 Salomonem
1695 5244 1900 5316 Spiritu
1951 5262 2038 5302 re-

470 5330 699 5400 pletum,
730 5337 840 5385 tres
887 5332 976 5386 hic
1024 5347 1285 5402 personas
1335 5335 1648 5403 declarare,
1692 5337 1894 5405 Deum,
1948 5339 2038 5395 cui

470 5422 772 5478 orationem
794 5423 1026 5490 emittit;
1059 5439 1258 5494 regem,
1284 5440 1444 5495 quem
1476 5429 1532 5482 in
1557 5429 1812 5486 universa
1846 5446 2037 5503 regna-

471 5523 653 5568 turum
676 5514 950 5578 credebat,
976 5514 1226 5571 videlicet
1267 5515 1461 5571 Filium
1508 5517 1644 5588 Dei;
1679 5522 1840 5577 tertio
1863 5523 2036 5577 homi-

472 5619 617 5666 nem,
649 5621 810 5676 quem
836 5607 1133 5677 assumpsit
1157 5623 1220 5662 ex
1253 5609 1462 5664 semine
1483 5607 1672 5677 David,
1703 5628 1770 5669 ex
1811 5614 2038 5686 ipsoque

479 5694 768 5754 Salomone
802 5697 1176 5767 nasciturum;
1207 5698 1372 5755 alium
1397 5700 1466 5756 ab
1511 5699 1604 5757 illo
1650 5717 1774 5774 rege
1827 5704 1919 5774 qui
1980 5705 2035 5761 in

2141 4690 2204 4743 ὲκ
2238 4690 2550 4762 σπέρματος
2586 4691 2748 4747 αὐτοῦ
2791 4694 3243 4765 προελεύσεσθαι·
3277 4698 3343 4752 ἶν’
3366 4699 3396 4752 ὁ
3432 4701 3711 4774 γεννώμε-

2140 4800 2229 4847 νος
2266 4786 2294 4837 ὁ
2331 4785 2394 4838 ὲκ
2422 4783 2729 4856 πνεύματος
2765 4787 2856 4839 καὶ
2881 4785 3120 4858 διάδοχος
3161 4788 3344 4855 αὑτοῦ,
3376 4789 3711 4864 ὑποδεξάμε-

2140 4893 2229 4940 νος
2257 4876 2354 4948 τὴν
2391 4876 2490 4949 σὴν
2519 4876 2884 4948 δικαιοσύνην,
2933 4897 2952 4930 ι
2978 4877 3226 4955 διακρίνῃ
3252 4881 3344 4936 τὸν
3374 4881 3497 4936 λαόν
3527 4900 3621 4938 σου
3648 4887 3710 4941 ἐν

2138 4968 2470 5042 δικαιοσύνῃ,
2503 4969 2601 5023 καὶ⁸
2628 4971 2751 5034 τοὺς
2780 4969 3024 5042 πτωχούς
3068 4989 3160 5025 σου
3212 4974 3271 5026 ὲν
3313 4973 3510 5046 κρίσει.
3544 4994 3565 5028 ι
3598 4977 3710 5031 Καὶ

2138 5061 2310 5115 ταῦτα
2329 5062 2446 5134 μὲν,
2470 5062 2626 5135 εἴπερ
2641 5065 2719 5127 εἰς
2736 5063 2898 5119 αὐτοῦ
2929 5063 3216 5138 προσώπου
3248 5064 3342 5120 τοῦ
3364 5067 3710 5140 Σολομῶντος

2139 5155 2459 5228 ἀναφέροιτο
2517 5157 2550 5227 ή
2616 5156 2906 5229 προγραφὴ
2953 5157 3101 5232 κατὰ
3141 5157 3268 5222 τοὺς
3305 5157 3708 5232 Ἐὁδομήκοντα

2141 5251 2403 5322 φέρουσα,
2430 5267 2448 5301 ι
2473 5251 2553 5313 είς
2585 5249 2903 5318 Σολομῶντα
2920 5265 2935 5281 ’
2967 5268 2986 5301 ι
3015 5251 3064 5304 εί
3093 5248 3150 5305 δὲ
3173 5249 3316 5306 κατὰ
3340 5251 3467 5317 τοὺς
3487 5249 3709 5318 λοιποὺς

2141 5339 2478 5414 ἑρμηνευτὰς
2521 5340 2613 5394 τοῦ
2657 5339 3002 5412 Σολομῶντος
3031 5337 3168 5396 εἷναι
3187 5340 3453 5416 λέγοιτοή
3494 5359 3711 5416 προφη-
3791 5401 3797 5406 ,

2138 5432 2256 5486 τεία
2279 5472 2296 5497 ,
2343 5433 2620 5503 φήσομεν,
2659 5432 2742 5484 ὅτι
2775 5430 2936 5496 αὐτὸς
2971 5431 3000 5484 ὁ
3050 5429 3336 5504 Σολομὼν,
3387 5431 3709 5506 animum;

2139 5522 2465 5594 πληρωθεὶς,
2514 5523 2638 5595 τρία
2683 5521 2772 5576 διὰ
2806 5522 3011 5576 τούτων
3055 5513 3352 5596 παρίστησι
3395 5526 3704 5597 πρόσωπ’

2137 5615 2229 5668 τὸν
2256 5615 2408 5678 Θεὸν,
2443 5607 2490 5682 ᾧ
2516 5613 2614 5684 τὴν
2646 5614 2810 5686 εὐχὴν
2844 5613 3176 5685 ἀναπέμπει,
3207 5615 3302 5671 καὶ
3339 5617 3432 5670 τὸν
3461 5617 3703 5687 βασιλέα.

2140 5706 2197 5760 ὃν
2243 5705 2504 5760 πέπειστο
2539 5704 2839 5775 βασιλεύειν
2867 5706 2974 5760 τῶν
3003 5706 3170 5772 ὅλων,
3203 5707 3404 5782 δηλαδὴ
3439 5710 3529 5766 τὶν
3583 5711 3704 5765 ὶίιὸν
