4014 6206
266 271 373 326 793

1367 271 1503 328 (ΞοΜ
1512 268 1869 326 ΜΕΝΤΑΒῘΑ
1907 269 1974 324 ΙΝ
2014 262 2353 324 PSALMOS.

3408 263 3510 318 796

259 391 356 445 τοῦ
405 389 574 444 Θεοῦ’
623 391 717 446 καὶ
760 389 942 461 τρίτον
993 390 1052 444 ὃν
1097 389 1384 462 ἀνείληφεν
1443 389 1728 462 ἄνθρωπον
1779 391 1835 444 ὲκ

1944 387 2154 460 psalmo
2191 383 2302 439 ait:
2339 399 2359 433 ι
2398 379 2511 452 Ego
2555 385 2738 436 autem
2763 378 3100 434 constitutus
3143 393 3264 434 sum
3315 392 3412 433 rex
3440 377 3510 432 ab

260 484 580 555 σπέρματος
594 481 754 535 Δαυῒδ
768 481 826 548 ἐξ
850 482 1012 536 αὐτοῦ
1042 499 1104 536 τε
1129 482 1224 536 τοῦ
1263 481 1606 553 Σολομῶντος
1631 480 1834 550 γεννώ-

264 593 448 647 μενον,
477 577 666 646 ’ἕτερον
713 574 844 628 ὅντα
875 575 1028 647 παρὰ
1067 575 1162 629 τὸν
1216 573 1438 646 βασιλέα
1467 574 1558 628 τὸν
1602 573 1690 627 διὰ
1739 572 1833 626 τοῦ

257 668 478 740 ψαλμοῦ
517 668 691 738 φάντα
711 684 724 700 ·
761 687 780 719 ι
816 666 959 737 Ἐγὼ
993 668 1048 721 δὲ
1090 667 1427 739 κατεστάθην
1462 666 1712 738 βασιλεὺς
1742 666 1834 719 ὑπ’

258 761 428 815 αὑτοῦ
480 761 572 814 ἐπὶ
600 759 739 814 Σιὼν
792 760 917 834 ὅρος
969 761 1122 829 ἆγιον
1167 760 1332 815 αὑτοῦ
1357 799 1372 825 ,
1417 759 1744 830 διαγγέλλων
1772 758 1835 813 τὸ

259 853 593 926 πρόσταγμα
619 854 847 925 Κυρίου.
871 853 1076 925 Κύριος
1089 848 1212 908 εἶπε
1229 853 1364 925 πρὸς
1389 853 1455 925 μέ
1477 872 1490 886 ·
1519 853 1647 918 rw;
1665 869 1765 924 μου
1783 847 1838 905 εἷ

260 946 328 1001 σύ
354 965 368 978 ·
405 947 516 1016 ἐγὼ
546 947 786 1020 σήμερον
804 946 1111 1018 γεγέννηκά
1149 964 1230 1002 σε.
1264 947 1492 1019 Αίτησαι
1514 947 1645 1019 παρ’
1674 945 1834 1018 ἐμοῦ,

259 1039 358 1093 καὶ
389 1037 546 1092 δώσω
580 1055 662 1092 σοι
697 1038 824 1110 ἔθνη
874 1038 974 1111 τὴν
1021 1039 1385 1112 κληρονομίαν
1433 1056 1523 1092 σου
1546 1080 1560 1104 ,
1597 1039 1692 1092 καὶ⁸
1735 1037 1835 1110 τὴν

255 1131 592 1202 κατάσχεσιν
643 1148 736 1185 σου
783 1133 852 1186 τὰ
892 1131 1104 1203 πέρατα
1144 1131 1246 1203 τῆς
1285 1135 1407 1204 γῆς.
1443 1151 1462 1184 ι
1491 1132 1588 1186 Διὰ
1629 1131 1836 1186 τούτων

254 1223 367 1296 γὰρ
385 1225 574 1293 σαφῶς
594 1225 892 1290 καταστὰς,
912 1224 1096 1280 ἀκούει
1123 1226 1259 1296 πρὸς
1277 1226 1371 1278 τοῦ
1392 1225 1604 1298 Πατρός
1622 1243 1636 1256 ·
1663 1245 1680 1277 ι
1707 1225 1836 1288 Υίός

259 1333 362 1388 μου
418 1312 471 1370 εἷ
520 1317 586 1371 σύ
609 1333 624 1349 ’
681 1317 792 1386 ἐγὼ
843 1318 1080 1390 σήμερον
1125 1317 1432 1388 γεγέννηκά
1483 1334 1560 1371 σε.
1608 1315 1837 1388 Αίτησαι

254 1411 390 1482 παρ’
411 1409 570 1482 ἐμοῦ,
599 1411 694 1464 καὶ
719 1410 876 1464 δώσω
908 1427 990 1463 σοι
1018 1410 1145 1481 ἔθνη
1171 1411 1269 1482 τὴν
1297 1411 1659 1483 κληρονομίαν
1682 1427 1829 1463 σου.»

255 1495 380 1554 Οἵδε
425 1500 485 1553 δὲ
529 1499 624 1554 καὶ⁸
670 1501 832 1564 αὐτὸς
871 1503 900 1554 6
949 1501 1198 1573 Σολομὼν
1246 1501 1338 1554 τὸν
1373 1501 1499 1556 Υίὸν
1539 1500 1634 1555 τοῦ
1677 1500 1834 1566 Θεοῦ,

254 1592 454 1662 σοφίαν
496 1592 776 1664 ὀνομάζων
804 1593 985 1658 αὐτὸν,
1020 1594 1079 1648 ὲν
1110 1588 1192 1657 οἷς
1241 1592 1301 1658 ἐξ
1333 1593 1498 1647 αὐτοῦ
1545 1592 1835 1665 προσώπου

253 1684 314 1735 ὲν
366 1681 692 1755 Παροιμίαις
745 1683 872 1737 τάδε
908 1682 1107 1755 φησίν·
1149 1703 1167 1735 ι
1227 1682 1367 1752 Ἐγὼ
1412 1685 1446 1755 ή
1485 1683 1654 1753 Σοφία
1701 1700 1830 1736 κατι

1938 495 2004 536 eo
2033 493 2198 548 super
2233 474 2363 530 Sion
2394 480 2633 528 montem
2693 479 2944 527 sanetum
2997 469 3153 541 ejus,
3205 469 3514 541 pradicans

1940 577 2267 642 praeceptum
2305 565 2534 621 Domini.
2567 562 2831 619 Dominus
2880 561 3018 617 dixit
3056 561 3128 616 ad
3166 576 3288 616 me:
3339 559 3514 617 Filius

1939 679 2094 719 meus
2131 676 2191 716 es
2215 667 2296 724 tu,
2328 672 2432 728 ego
2477 656 2638 712 hodie
2662 657 2824 726 genui
2859 662 2934 709 te.
2980 651 3204 709 Postula
3233 667 3264 706 a
3291 666 3378 708 me
3403 691 3420 717 ,
3457 661 3512 708 et

1940 754 2081 810 dabo
2115 752 2212 808 tibi
2246 759 2436 822 gentes
2482 746 2856 802 baereditatem
2893 752 3074 810 tuam,
3115 751 3170 800 et
3215 743 3516 814 possessio-

1940 862 2063 903 nem
2113 854 2264 900 tuam
2312 841 2574 898 terminos
2628 847 2788 895 terrae
2815 838 2861 895 ’.
2918 856 2940 890 ι
2984 836 3082 892 His
3137 836 3284 892 enim
3329 845 3515 906 aperte

1939 939 2292 1002 constitutus,
2327 936 2442 990 haec
2497 949 2528 988 a
2573 931 2736 987 Patre
2786 930 2974 986 audit:
3009 948 3033 982 ι
3064 927 3236 985 Filius
3267 943 3424 983 meus
3453 943 3514 982 es

1939 1039 2020 1096 tu,
2053 1046 2153 1101 ego
2193 1028 2354 1085 hodie
2387 1025 2553 1097 genui
2584 1033 2653 1079 te.
2679 1021 2900 1078 Postula
2929 1037 2960 1076 a
3001 1036 3108 1086 me,
3141 1027 3194 1075 et
3236 1019 3376 1074 dabo
3416 1018 3511 1072 tibi

1939 1128 2130 1192 gentes
2173 1117 2545 1173 liaareditatem
2595 1124 2764 1168 tuam.
2819 1131 2838 1163 ι
2891 1109 3052 1165 Novit
3104 1123 3268 1179 porro
3312 1114 3366 1162 et
3398 1106 3514 1176 ipse

1943 1210 2198 1266 Salomon
2232 1207 2431 1262 Filium
2463 1204 2578 1270 Dei,
2604 1203 2698 1274 qui
2723 1203 2901 1273 ipsum
2935 1199 3255 1271 sapientiam
3274 1204 3436 1253 vocat
3454 1196 3508 1250 in

1940 1301 2272 1364 Proverbiis,
2305 1299 2398 1354 ubi
2423 1313 2489 1354 ex
2521 1297 2640 1368 ejus
2661 1309 2895 1366 persona
2932 1293 3012 1349 sic
3043 1292 3317 1362 loquitur:
3346 1309 3366 1343 ι
3401 1291 3513 1362 Ego

1943 1394 2220 1466 Sapientia
2244 1390 2542 1446 inliabitavi
2578 1388 2886 1450 consilium,
2911 1395 2967 1442 et
2995 1383 3300 1449 scientiam,
3331 1388 3386 1436 et
3415 1396 3509 1438 co-

1941 1492 2255 1564 gitationem
2279 1503 2379 1558 ego
2401 1483 2669 1540 invocavi.
2695 1482 2796 1538 Per
2823 1496 2910 1536 me
2934 1494 3094 1550 reges
3121 1482 3351 1547 regnant
3371 1475 3450 1540 ¹⁰;
3486 1496 3506 1528 ι

1942 1598 2006 1638 ac
2026 1579 2262 1638 deinde:
2299 1597 2317 1630 ι
2369 1576 2632 1632 Dominus
2680 1572 2883 1628 creavit
2918 1585 3005 1626 me
3050 1568 3264 1623 initium
3297 1565 3511 1621 viarum

1943 1690 2163 1732 suarum
2195 1672 2250 1726 in
2288 1683 2454 1739 opera
2494 1683 2591 1722 sua
2621 1684 2634 1719 :
2672 1671 2797 1718 ante
2833 1661 3091 1718 saeculum
3117 1657 3364 1714 fundavit
3394 1671 3502 1720 me,

252 1777 540 1844 εσκήνωσα
563 1774 776 1846 βουλήν,
806 1775 902 1828 καὶ
929 1775 1128 1845 γνῶσιν
1155 1777 1248 1829 καὶ
1266 1775 1472 1830 ἔννοιαν
1503 1773 1612 1844 ἐγὼ
1635 1777 1835 1828 ἐπεκα-

1937 1777 2226 1838 antequam
2263 1769 2477 1818 montes
2505 1760 2906 1814 collocarentur
2933 1775 2947 1810 :
2980 1761 3105 1809 ante
3127 1765 3318 1808 omnes
3341 1749 3508 1805 colles

252 1866 521 1938 λεσάμην.
547 1868 627 1919 Δι’
655 1866 790 1937 ἐμοῦ
825 1866 1067 1938 βασιλεῖς
1094 1867 1463 1938 βασιλεύουσιο
1496 1886 1514 1918 ι
1551 1868 1644 1920 καὶ
1675 1866 1798 1939 ἑξῆς
1817 1886 1830 1898 ·

259 1977 280 2009 ο
325 1957 532 2029 Κύριος
578 1957 762 2012 ἐκτισέ
827 1976 893 2030 με
931 1959 1104 2031 ἀρχὴν
1144 1958 1279 2013 ὁδῶν
1344 1957 1508 2012 αύτοῦ
1570 1959 1651 2022 είς
1700 1957 1837 2029 ἔργα

253 2049 447 2105 αὑτοῦ.
483 2051 591 2122 Πρὸ
617 2049 710 2104 τοῦ
751 2049 945 2115 αίῶνος
973 2050 1300 2122 ὲθεμελίωσέ
1329 2067 1417 2122 με,
1458 2049 1564 2120 πρὸ
1599 2049 1694 2102 τοῦ
1734 2049 1835 2121 ὅρη

255 2141 635 2215 ἑδρασθῆναι·
689 2142 796 2216 πρὸ
853 2141 911 2195 δὲ
961 2141 1179 2196 πάντων
1235 2140 1436 2212 βουνῶν
1481 2142 1644 2212 γεννᾷ
1696 2157 1783 2212 με.
1810 2159 1830 2192 ι

251 2234 508 2306 Γὲννημᾶ
535 2235 714 2290 τοίνυν
761 2233 855 2288 τοῦ
882 2234 1016 2288 Θεοῦ
1043 2236 1076 2306 ή
1126 2234 1286 2305 σοφία
1327 2235 1421 2288 καὶ
1449 2236 1478 2288 6
1511 2233 1638 2298 Υἱὸς
1669 2233 1834 2287 αὑτοῦ

248 2330 279 2382 6
304 2329 656 2399 Μονογενής·
691 2326 790 2381 καὶ
839 2327 973 2399 περὶ
999 2326 1162 2381 αὑτοῦ
1205 2325 1302 2397 τὴν
1345 2324 1626 2399 παροῦσαν
1671 2322 1836 2394 εὐχὴν

247 2397 633 2490 ἀναπέμπει-ὁ
664 2397 1194 2489 Σολομὼνήφάσκων·
1235 2437 1253 2470 ι
1289 2418 1346 2471 ὐ
1369 2417 1520 2482 Θεὸς,
1551 2397 1613 2469 τδ
1657 2415 1834 2489 κρίμα

251 2529 349 2566 σου
396 2512 477 2584 τῷ
510 2512 721 2584 βασιλεῖ
764 2512 904 2578 δὸς,,
934 2528 955 2565 t
995 2511 1153 2583 δῆλον
1197 2511 1242 2564 δ’
1286 2511 1369 2564 ὅτι
1417 2509 1496 2580 τῷ
1544 2509 1837 2577 Μονογενεῖ

248 2605 414 2676 Λόγῳ
441 2621 558 2657 σου.
597 2602 818 2675 Ἐπειδὴ
850 2601 959 2675 γὰρ
985 2602 1204 2676 ἔκρινας
1233 2602 1394 2657 αὐτὸν
1420 2601 1512 2655 ἐπὶ
1535 2599 1639 2670 γῆς
1667 2598 1837 2669 ὀφθῆ-

248 2713 364 2761 ναι,
390 2697 481 2750 ἴνα
516 2696 591 2766 μή
631 2697 789 2767 μόνον
822 2696 932 2750 τῶν
965 2695 1086 2750 κατ’
1119 2691 1564 2768 οὐρανῶν,’άλλὰ
1604 2691 1698 2746 καὶ
1724 2689 1834 2743 τῶν

252 2785 349 2838 ἐπὶ
377 2785 482 2856 γῆς
509 2784 786 2856 βασιλεύῃ,
809 2785 964 2839 τοῦτο
985 2784 1047 2838 τὸ
1072 2784 1247 2856 κρίμα
1270 2784 1371 2856 ήδη
1394 2782 1526 2836 ποτὲ
1554 2782 1645 2835 ἐπὶ
1663 2781 1835 2852 πέρας

251 2875 501 2946 ἀγέσθω⁶
533 2878 628 2931 καὶ¹
659 2877 756 2949 τὴν
785 2876 1128 2949 δικαιοσύνην
1159 2877 1218 2930 δὲ
1245 2877 1343 2948 τὴν
1377 2875 1474 2948 σὴν
1502 2875 1582 2947 τῷ
1607 2874 1710 2946 υίῷ
1737 2872 1833 2928 τοῦ

251 2968 524 3038 βασιλέως
550 2969 659 3033 δὸς,
685 2969 876 3034 ὁΘεόςο
896 2970 1010 3024 υίοῦ
1035 2969 1300 3041 βασιλέως
1324 2967 1556 3022 ἐνταῦθα
1579 2966 1672 3021 τοῦ
1693 2965 1836 3020 κατὰ

249 3061 435 3134 σάρκα
452 3060 740 3133 νοουμένου
770 3064 836 3115 ὲκ
859 3061 1174 3134 σπέρματος
1184 3060 1366 3125 Δαυῒδ,
1389 3059 1448 3113 δν
1474 3059 1634 3122 αὐτὸς
1658 3055 1834 3128 ἐαυτῷ

1939 1858 2112 1931 gignit
2141 1872 2227 1912 me
2251 1855 2314 1910 “.
2352 1873 2370 1906 ι
2398 1851 2589 1906 Proles
2619 1849 2786 1922 igitur
2814 1846 2908 1902 Dei
2940 1856 3025 1901 est
3053 1843 3318 1914 sapientia
3340 1852 3395 1900 et
3417 1839 3510 1896 Fi-

1937 1949 2044 2003 lius
2092 1946 2213 2016 ejus
2259 1941 2620 2014 Unigenitus:
2673 1940 2848 2008 deque
2900 1937 2995 1992 illo
3052 1935 3308 1990 Salomon
3367 1935 3509 1989 hanc

1937 2034 2118 2090 fundit
2133 2034 2435 2088 orationem
2456 2030 2674 2086 dicens:
2706 2047 2725 2080 ι
2752 2025 3195 2095 Deus,judicium
3217 2032 3368 2080 tuum
3392 2024 3509 2086 regi

1936 2126 2030 2192 da,
2067 2145 2086 2180 ι
2122 2125 2334 2182 scilicet
2364 2121 2652 2194 Unigenito
2678 2119 2858 2175 Verbo
2905 2126 3021 2174 tuo.
3057 2116 3198 2184 Quia
3227 2116 3374 2174 enim
3418 2117 3512 2188 ju-

1935 2219 2136 2276 dicasti
2171 2226 2232 2273 ut
2259 2218 2315 2273 in
2345 2224 2493 2272 terra
2526 2213 2822 2277 videretur,
2861 2219 2920 2265 ut
2946 2226 3056 2266 non
3084 2211 3251 2265 modo
3272 2208 3512 2264 caelesti—

1937 2314 2064 2378 bus,
2086 2311 2180 2368 sed
2206 2311 2371 2366 etiam
2404 2306 2636 2363 terrenis
2666 2311 2948 2375 regnaret;
2978 2303 3082 2358 hoc
3111 2301 3378 2373 judicium
3395 2301 3510 2372 jam

1936 2407 2156 2462 demum
2193 2403 2262 2459 ad
2310 2399 2602 2456 terminum
2660 2396 2982 2454 deducatur.
3042 2395 3321 2451 Justitiam
3380 2395 3510 2450 item

1935 2507 2083 2553 tuam
2117 2495 2227 2550 tilio
2258 2493 2401 2564 regis
2423 2531 2439 2556 ,
2478 2506 2512 2546 o
2543 2489 2686 2546 Deus
2711 2529 2726 2552 .
2757 2488 2996 2543 concede
3024 2506 3037 2542 :
3071 2487 3160 2542 hic
3201 2501 3332 2542 vero
3365 2485 3511 2541 ﬁlius

1934 2586 2081 2658 regis
2130 2582 2452 2653 intelligitur
2481 2578 2784 2636 secundum
2816 2591 3039 2632 carnem
3067 2591 3135 2630 ex
3167 2575 3374 2630 semine
3403 2573 3510 2629 Da-

1935 2679 2047 2743 vid,
2077 2691 2239 2748 quem
2272 2674 2366 2730 Dei
2391 2671 2650 2736 Verbum,
2683 2670 2827 2741 quod
2862 2677 3022 2724 antea
3047 2666 3366 2733 exsistebat,
3402 2665 3509 2722 sibi

1934 2785 2000 2827 ex
2051 2767 2256 2840 Spiritu
2304 2773 2496 2823 sancto
2557 2770 2611 2820 et
2669 2769 2860 2818 sancta
2906 2759 3128 2830 Virgine
3186 2756 3504 2814 constituit:

1934 2875 2095 2934 quem
2140 2859 2266 2914 item
2301 2865 2434 2928 puto
2466 2853 2814 2910 Salomonem
2869 2851 2926 2906 in
2970 2847 3281 2913 Proverbiis
3313 2846 3508 2903 subin-

1936 2956 2122 3012 dicare
2143 2953 2228 3008 his
2251 2951 2469 3007 verbis:
2505 2967 2525 3000 ι
2561 2948 2696 3014 Quis
2725 2945 2972 3002 ascendit
3000 2945 3054 2999 in
3084 2944 3281 3000 calum
3323 2953 3376 2999 et
3414 2941 3512 2997 de-
3571 2959 3576 2963 ·

1937 3048 2156 3106 cendit?
2188 3046 2324 3113 Quis
2384 3041 2732 3114 congregavit
2791 3047 2986 3095 ventos
3050 3039 3107 3094 in
3155 3037 3324 3094 sinu?
3373 3034 3510 3102 Quis

246 3154 280 3206 6
325 3124 526 3222 "Itva
555 3124 651 3205 τοῦ
681 3151 817 3206 Θεοῦ
867 3124 1041 3234 Λόγος
1082 3124 1165 3218 ἐξ⁷
1189 3152 1342 3222 ἁγίου
1383 3149 1700 3222 Πνεύματος
1736 3124 1831 3205 καὶ

1937 3139 2202 3194 convertit
2228 3149 2421 3205 aquam
2465 3133 2521 3186 in
2548 3128 2980 3188 vestimentum?
3023 3127 3159 3194 Quis
3195 3124 3510 3181 dominatus

246 3242 350 3313 τῆς
376 3243 548 3314 ἁγίας
570 3243 852 3320 Παρθένου
898 3245 1264 3317 συνεστήσατο
1283 3261 1296 3275 ·
1324 3243 1383 3296 δν
1417 3243 1512 3296 καὶ
1539 3244 1596 3295 έν
1634 3241 1834 3310 Παροι-

251 3335 410 3418 (iiut;
438 3341 767 3398 αἰνίττεσθαι
801 3339 890 3395 τὸν
907 3337 1230 3410 Σολομῶντα
1247 3336 1382 3408 ήγοῦ
1392 3353 1488 3408 μαι
1511 3337 1578 3390 δι’
1597 3327 1671 3388 ὧν
1684 3324 1834 3405 ’γρά-

249 3453 345 3507 φει
360 3436 555 3504 λέγων’
568 3456 582 3486 ι
596 3434 692 3499 Τίς
719 3433 886 3504 ἀνέϐη
906 3433 986 3496 είς
1000 3431 1090 3485 τὸν
1109 3430 1335 3502 οὐρανὸν
1351 3429 1444 3483 καὶ
1469 3427 1674 3497 κατέϐη
1698 3442 1712 3492 ;
1738 3425 1836 3490 Τίς

250 3529 566 3600 συνήγαγεν
591 3526 824 3597 ἀνέμους
851 3526 908 3578 ὲν
932 3524 1147 3596 κόλπῳ;
1177 3523 1275 3586 Τίς
1302 3519 1660 3593 συνέστρεψεν
1691 3518 1835 3590 ὕδωρ

251 3622 312 3675 ὲν
334 3617 539 3692 ἱματίῳ
563 3635 578 3683 ;
600 3616 696 3681 Τίς
713 3617 982 3688 ἐκράτησε
1005 3615 1224 3670 πάντων
1240 3613 1348 3666 τῶν
1372 3613 1555 3684 ἄκρων
1575 3613 1678 3683 τῆς
1697 3610 1799 3680 γῆς
1817 3625 1832 3673 ;

251 3715 321 3768 Τί
345 3713 516 3782 ὄνομα
545 3708 711 3780 αὐτῷ,
739 3710 832 3763 καὶ
861 3709 915 3761 τί
939 3708 1109 3778 ὄνομα
1137 3706 1216 3778 τῷ
1242 3705 1356 3776 Υἱῷ
1389 3703 1588 3770 αύτοῦ;
1621 3722 1640 3754 ι
1679 3701 1834 3756 υῦτω

251 3800 370 3872 γὰρ
404 3800 756 3872 ήρμήνευσαν
786 3799 836 3852 οί
879 3797 1086 3851 λοιποί·
1125 3797 1154 3849 6
1201 3796 1298 3867 μὲν
1359 3793 1589 3858 Ἀκύλας
1625 3789 1793 3846 είπὼν
1816 3807 1830 3820 ·

258 3911 280 3945 ι
311 3892 382 3945 Τί
409 3891 581 3962 ὄνομα
613 3888 781 3961 αὐτῷ,
808 3890 902 3944 καὶ
922 3889 975 3942 τί
1001 3889 1171 3959 ὄνομα
1202 3885 1285 3957 τῷ
1317 3885 1430 3957 Υἱῴ
1456 3884 1658 3950 αὐτοῦ;
1692 3903 1710 3936 ι
1741 3882 1836 3936 καὶ

251 3989 283 4040 ὁ
305 3983 602 4039 Θεοδοτίων
618 3982 882 4054 ὁμοίωςί
899 3981 964 4034 Τί
992 3981 1160 4052 ὄνομα
1192 3977 1359 4049 αύτῷ,
1381 3977 1539 4032 καὶτί
1565 3976 1734 4048 ὄνομα
1757 3974 1835 4047 τῷ

252 4074 378 4145 Υἱῷ
410 4073 611 4139 αύτοῦ;
641 4092 659 4125 ι
704 4071 896 4142 Σαφῶς
931 4069 1040 4142 γὰρ
1071 4073 1129 4124 ὲν
1173 4069 1384 4132 τούτοις
1428 4069 1525 4140 μὲν
1555 4068 1835 4141 κρατήσας

253 4168 359 4238 τῆς
390 4165 514 4237 γῆς,
550 4165 645 4218 καὶ
677 4161 1069 4234 καταϐεϐηκὼς
1097 4162 1190 4216 καὶ
1221 4157 1457 4215 ἀνελθὼν
1482 4160 1562 4223 είς
1587 4158 1833 4230 οὐρανὸν,

251 4259 332 4314 τά
361 4275 421 4313 τε
454 4257 626 4311 λοιπᾶ
642 4256 870 4328 δεόμενα
892 4255 992 4326 τῆς
1024 4252 1163 4308 κατὰ
1193 4251 1386 4325 σχολήν
1410 4249 1704 4323 ἑρμηνείας
1743 4266 1836 4301 πε-

256 4348 530 4424 ποιηκὼς,
563 4349 737 4414 οὐδεὶς
767 4347 834 4403 ἂν
858 4348 1064 4417 γένοιτο
1083 4346 1267 4418 ἔτερος
1284 4342 1378 4399 τοῦ
1404 4340 1536 4396 Υίοῦ
1559 4340 1653 4394 τοῦ
1675 4339 1833 4404 Θεοῦ,

255 4449 324 4513 ὃς
350 4444 491 4500 αὐτὰ
515 4443 580 4514 δὴ
606 4442 780 4496 ταῦτα
804 4439 1067 4494 διδάσκων
1105 4437 1290 4506 ἔλεγεν
1311 4453 1325 4466 ’
1367 4454 1384 4488 ι
1413 4433 1602 4498 Οὐδεὶς
1636 4431 1836 4487 ἀναδέ-

259 4541 434 4611 6ηκεν
463 4539 544 4603 είς
573 4538 664 4591 τὸν
693 4535 922 4606 οὐρανὸν
961 4535 1011 4587 εί
1049 4533 1125 4605 μὴ
1149 4533 1178 4584 6
1203 4533 1268 4586 ἑκ
1299 4528 1393 4585 τοῦ
1438 4527 1665 4601 ούρανοῦ
1698 4526 1940 4590 καταύὰς
1979 4527 2008 4580 6
2065 4522 2193 4585 Υίὸς
2239 4518 2332 4573 τοῦ
2381 4519 2446 4572 ἀν

1937 3239 2020 3287 est
2042 3229 2284 3285 omnium
2326 3225 2516 3281 finium
2570 3221 2766 3279 terrae?
2797 3220 2951 3288 Quod
2989 3235 3188 3275 nomen
3236 3217 3356 3288 ejus
3381 3256 3398 3283 ,
3457 3224 3512 3271 et

1933 3324 2077 3396 quod
2101 3337 2300 3379 nomen
2331 3319 2440 3375 filio
2495 3317 2616 3388 ejus
2641 3316 2727 3372 ⁸³2
2762 3335 2782 3369 ι
2840 3313 2930 3371 Sic
2967 3313 3112 3370 enim
3167 3307 3511 3380 interpretati

1940 3425 2073 3474 sunt
2114 3415 2330 3486 reliqui,
2359 3412 2554 3484 Aquila
2607 3411 2818 3467 scilicet
2853 3409 3078 3463 dicens:
3132 3424 3150 3457 ι
3187 3403 3344 3470 Quod
3407 3416 3510 3455 no-

1934 3524 2057 3564 men
2085 3507 2226 3579 ipsi,
2267 3514 2322 3561 et
2365 3502 2511 3575 quod
2548 3516 2743 3556 nomen
2778 3500 2888 3554 ﬁlio
2933 3496 3087 3568 ejus?
3127 3515 3145 3547 ι
3209 3491 3511 3548 Theodotio

1934 3600 2220 3663 similiter,
2277 3616 2296 3650 ‹
2335 3595 2490 3663 Quod
2543 3609 2741 3650 nomen
2789 3591 2944 3662 ejus,
3003 3597 3058 3645 et
3109 3585 3254 3658 quod
3310 3598 3512 3639 nomen

1935 3693 2046 3748 filio
2078 3691 2242 3761 ejus?
2276 3711 2295 3744 ι
2329 3689 2491 3744 Clare
2526 3687 2672 3743 enim
2705 3685 2801 3756 qui
2830 3683 2918 3738 hic
2951 3680 3125 3738 fertur
3143 3686 3304 3734 terra
3340 3676 3513 3746 impe-

1932 3799 2104 3848 rasse,
2130 3781 2483 3838 descendisse
2525 3787 2579 3834 et
2604 3776 2919 3834 ascendisse
2951 3773 3009 3828 in
3038 3771 3262 3836 coelum,
3291 3776 3346 3824 et
3383 3765 3513 3822 relio

1933 3889 2041 3945 qua
2088 3871 2398 3945 peregisse,
2461 3883 2583 3940 quae
2630 3865 2852 3922 nonnisi
2902 3878 2997 3934 per
3040 3860 3214 3916 otium
3253 3854 3514 3928 explicari

1933 3944 2184 4037 possunt,
2216 3963 2402 4018 nullus
2428 3961 2568 4015 alius
2597 3972 2760 4030 quam
2793 3954 2966 4009 Filius
3005 3950 3103 4007 Dei
3154 3947 3360 4014 fuerit,
3420 3944 3515 4014 qui

1935 4059 2049 4114 haec
2082 4058 2198 4129 ipsa
2231 4055 2462 4112 docebat
2508 4053 2597 4108 his
2645 4049 2825 4106 verbis
2860 4067 2873 4103 :
2918 4064 2937 4098 ‹
2973 4043 3145 4098 Nemo
3181 4037 3427 4096 ascendit
3459 4037 3515 4091 in

1943 4125 2175 4215 coelum,
2230 4147 2336 4202 nisi
2387 4143 2479 4216 qui
2512 4143 2579 4199 de
2611 4142 2750 4198 cmlo
2802 4132 3085 4193 descendit
3137 4129 3308 4185 Filius
3337 4125 3516 4182 homi-

1907 4245 2022 4299 -nis
2055 4242 2119 4295 ¹³.
2161 4259 2181 4294 ι
2221 4238 2325 4306 Qui
2354 4246 2536 4293 autem
2587 4233 2678 4288 hic
2707 4227 2878 4285 Filius
2907 4226 3027 4298 ejus
3065 4221 3286 4284 dicitur,
3318 4232 3514 4274 secun-

1935 4337 2066 4393 dum
2100 4348 2321 4390 carnem
2356 4328 2715 4399 intelligatur,
2745 4336 2907 4393 quam
2931 4334 2996 4374 ex
3029 4313 3237 4371 semine
3270 4308 3438 4365 David
3459 4314 3516 4362 et

1938 4427 2248 4484 Salomonis
2276 4423 2473 4478 factam
2503 4421 2730 4487 accepit.

2451 4513 2697 4587 θρώιιτου⁸
2747 4529 2766 4562 ι
2806 4508 2863 4561 ’0
2888 4506 2931 4558 δ’
2957 4501 3187 4557 ἐνταῦθα
3229 4495 3520 4567 λεγόμενος

464 4589 592 4694 tib;
616 4589 704 4701 εἴη
733 4589 800 4682 δίν
831 4631 860 4682 6
881 4629 1022 4682 κατὰ
1049 4589 1248 4699 ’σάρκα
1277 4589 1582 4695 νοούμενδςν
1609 4623 1676 4694 ἣν
1735 4621 2027 4692 ἀνείληφεν
2056 4619 2122 4671 ὲκ
2156 4614 2471 4685 σπέρματος
2503 4605 2664 4661 Amm
2697 4603 2788 4658 καὶ
2821 4597 3160 4670 Σολομῶντος
3195 4589 3513 4664 γενομένην.

349 4744 488 4798 Ἀλλ’
526 4743 650 4797 ἐπεὶ
682 4741 947 4796 Ἰουδαίων
975 4741 1163 4804 παῖδες
1200 4739 1302 4804 τὰς
1335 4738 1704 4812 προκειμένας
1733 4737 1835 4791 τῶν

2016 4731 2121 4788 Sed
2146 4731 2274 4802 quia
2301 4726 2474 4784 Judzei
2503 4725 2602 4780 has
2644 4716 3067 4775 Proverbiorum
3099 4725 3261 4767 voces
3290 4705 3516 4761 univer-

259 4835 582 4908 Παροιμιῶν
615 4834 794 4905 φωνὰς
823 4835 903 4898 είς
933 4835 1024 4888 τὸν
1061 4834 1153 4887 ἐπὶ
1183 4833 1396 4887 πάντων
1434 4831 1566 4885 Θεὸν
1607 4829 1832 4894 ἀνάξου-

261 4945 373 4992 σιν,
396 4929 495 4981 οὐκ
526 4929 726 4991 εἰδότες
748 4927 837 4980 τὸν
862 4927 987 4981 Υίὸν
1000 4927 1093 4980 τοῦ
1125 4924 1281 4989 Θεοῦ,
1303 4923 1542 4977 δεικτέον
1563 4923 1746 4985 αὐτοῖς
1773 4922 1837 4974 ἐκ

260 5019 374 5074 τῶν
399 5020 776 5091 προκειμένων
799 5021 874 5085 ὡς
910 5019 1038 5072 Υίὸν
1075 5016 1232 5082 Θεοῦ,
1267 5015 1455 5086 σαφῶς
1482 5017 1575 5070 καὶ
1611 5015 1838 5087 διαρρή-

260 5112 362 5180 δην
390 5110 722 5183 παρίστησιν
746 5113 779 5182 ή
818 5108 1008 5185 Γραφὴ
1035 5108 1265 5177 λέγουσα
1283 5124 1298 5138 ·
1338 5126 1357 5159 ι
1382 5107 1448 5160 Τί
1467 5105 1648 5177 ὄνομα,
1667 5103 1837 5175 αύτῷ,

261 5204 361 5257 καὶ
377 5203 432 5255 τί
461 5203 629 5274 ὄνομα
661 5202 742 5274 τῷ
771 5203 885 5273 Υίῷ
915 5200 1112 5266 aurei};
1147 5220 1165 5252 ι
1193 5201 1418 5254 Φάσκων
1448 5198 1505 5251 δὲ
1532 5200 1560 5251 6
1597 5197 1753 5266 λόγος
1783 5197 1840 5249 ὲν

261 5295 344 5365 τῷ
367 5295 568 5366 ψαλμῷ
592 5311 604 5322 ·
629 5315 650 5346 ‹
684 5297 744 5349 ’0
771 5295 922 5359 Θεὸς,
946 5295 1008 5348 τὸ
1029 5293 1204 5366 κρίμα
1233 5310 1327 5346 σου
1350 5290 1429 5363 τῷ
1463 5290 1671 5362 βασιλεί
1693 5289 1834 5353 δὸς,ι

263 5386 398 5439 ἄλλο
423 5381 642 5440 εἶναιτὸ
663 5385 838 5458 κρίμα
863 5386 1013 5457 παρὰ
1033 5385 1136 5458 τήν
1159 5386 1340 5457 κρίσιν
1362 5383 1625 5438 διδάσκει.
1647 5381 1838 5453 Κρίμα

263 5479 377 5551 γὰρ
409 5479 470 5531 τὸ
502 5477 650 5542 ἅπαξ
680 5477 835 5544 δόξαν
863 5476 940 5549 τῷ
964 5477 1082 5549 Θεῷ
1113 5477 1204 5531 καὶ
1232 5476 1293 5529 τὸ
1323 5473 1510 5547 κριθὲν
1536 5474 1663 5544 παρ’
1689 5471 1838 5544 αύτῷ

265 5571 552 5642 τυγχάνειθ
601 5572 781 5642 κρίσις
820 5571 876 5625 δὲ
927 5570 1034 5625 τῶν
1081 5568 1416 5644 κρινομένων
1459 5566 1761 5638 διάκρισις,

344 5752 366 5783 ’
391 5749 534 5809 Psal.
563 5767 624 5822 ιι,
651 5751 772 5809 6-8.
850 5753 893 5784 ⁸⁸
917 5750 1074 5807 Prov.
1112 5765 1230 5815 \‘lll,
1261 5748 1344 5806 12.
1425 5749 1463 5781 ¹¹
1491 5745 1622 5802 ibid.
1653 5743 1742 5810 ‘22,
1775 5741 1862 5797 ‘25.

1936 4841 2120 4882 sorum
2152 4799 2259 4878 Deo
2308 4820 2568 4880 referent,
2600 4813 2908 4870 nescientes
2958 4806 3153 4863 Filium
3211 4801 3308 4857 Dei
3361 4799 3516 4854 hisce

1937 4918 2118 4976 verbis
2155 4915 2312 4987 quasi
2349 4927 2478 4968 vere
2516 4907 2709 4964 Filium
2739 4904 2834 4960 Dei
2867 4895 3350 4959 demonstrandum
3381 4892 3518 4964 ipsis

1938 5025 2082 5074 esse,
2111 4985 2344 5062 id—clare
2378 5011 2433 5058 et
2466 4999 2653 5072 aperte
2679 4995 2963 5065 Scriptura
3013 4990 3255 5045 declarat
3284 4985 3372 5040 his
3399 4999 3518 5039 ver-

1942 5102 2059 5158 bis:
2088 5119 2106 5152 ι
2131 5097 2288 5166 Quod
2315 5110 2514 5151 nomen
2540 5091 2681 5162 ejus,
2699 5097 2753 5146 et
2775 5086 2920 5159 quod
2945 5099 3140 5140 nomen
3158 5080 3295 5136 Filio
3313 5077 3459 5148 ejus?
3487 5094 3508 5128 ι

1946 5193 2082 5251 Cum
2129 5201 2307 5246 autem
2337 5187 2622 5257 Scriptura
2660 5183 2717 5238 in
2750 5181 2959 5251 psalmo
2993 5178 3149 5241 dicit,
3185 5193 3204 5226 ι
3243 5172 3406 5232 Deus,
3433 5169 3517 5238 ju-

1945 5287 2148 5343 dicium
2200 5290 2353 5338 tuum
2401 5280 2514 5350 regi
2555 5276 2659 5342 da;
2701 5293 2720 5326 ι
2764 5273 3040 5328 diversum
3083 5283 3205 5324 esse
3248 5262 3512 5335 judicium

1944 5396 1975 5434 a
2003 5375 2341 5448 judicatione
2368 5372 2546 5427 docet.
2575 5366 2709 5422 Nam
2760 5364 3024 5437 judicium
3059 5368 3145 5416 est
3172 5355 3314 5427 quod
3345 5351 3512 5406 semel

1944 5447 2054 5526 Deo
2094 5467 2350 5539 placitum
2386 5474 2439 5519 et
2465 5461 2766 5532 judicatunt
2803 5463 2924 5523 est;
2954 5449 3218 5524 judicatio
3263 5456 3394 5497 vero
3425 5447 3512 5496 est

1944 5534 2131 5621 eorum
2159 5573 2279 5631 quae
2303 5555 2619 5628 judicantur
2651 5564 2898 5611 examen,
2934 5543 3077 5615 quod
3127 5534 3373 5607 sequitur
3413 5546 3510 5603 pro

1943 5743 1982 5774 ¹¹
2013 5738 2172 5795 Prov.
2198 5737 2287 5793 50.
2313 5735 2364 5790 4.
2480 5734 2523 5764 ⁸³
2550 5729 2706 5786 Joan.
2735 5742 2816 5791 ιιι,
2860 5708 2941 5777 l3.
