4008 6210
475 249 585 307 795

1147 249 1414 304 EUSEBII
1452 247 1935 305 CAESARIENSIS
1974 247 2124 306 OPP.
2167 248 2346 303 PARS
2385 247 2566 307 lll.-—
2594 245 3004 302 EXEGETICA.

3610 245 3715 302 798

476 366 676 423 merito
706 365 934 435 singulis
971 365 1096 420 data
1139 366 1442 424 retributio.
1492 365 1672 433 Quare
1700 367 1788 421 hic
1817 381 1925 421 non
1961 366 2046 437 ju-

2151 367 2542 438 παρακολουθεῖ
2572 365 2632 418 τὸ
2681 365 2800 419 κατ’
2834 362 2987 428 ἀξίαν
3031 359 3424 433 ἁπονεμητικὸν
3473 359 3708 432 ἑκάστῳ.

478 457 804 515 dicationem
853 458 1092 527 postulat
1125 460 1235 529 regi
1266 459 1405 523 dari,
1439 460 1534 516 sed
1573 460 1838 530 judicium
1862 499 1877 524 ,
1930 461 2044 515 sive

478 550 802 606 sententiam
835 557 889 604 et
919 549 1172 619 placitum
1202 548 1381 605 Patris
1410 551 1476 606 de
1508 551 1692 606 divino
1719 551 1839 606 Filii
1868 552 1953 606 sui
1977 551 2045 605 ad

476 639 728 695 homines
761 639 1014 694 adventu.
1071 639 1345 694 Iudicium
1395 642 1577 711 itaque
1630 644 1777 712 regi,
1831 643 2042 712 justitia

475 745 608 786 vero
636 729 746 785 filio
774 732 916 801 regis
945 730 1124 785 datur.
1157 733 1279 802 Ipse
1303 733 1502 802 quippe
1533 749 1629 788 rex
1653 733 1863 802 justitia
1904 742 2042 797 erat,

476 828 538 874 ut
595 821 836 874 declarat
891 820 1182 892 Apostolus
1234 823 1469 880 dicens:
1510 843 1529 876 ι
1571 825 1673 892 Qui
1733 825 1909 880 factus
1959 834 2045 882 est

368 951 377 966 .
474 909 636 964 nobis
669 911 935 980 sapientia
967 927 997 965 a
1029 911 1160 978 Deo,
1185 914 1401 984 justitia
1431 916 1556 970 item
1587 926 1641 971 et
1664 917 2042 982 sanctiﬁcatio,

475 1011 531 1058 et
556 1004 859 1075 redemptio
885 1005 948 1061 “.
988 1024 1006 1057 ι
1047 1004 1172 1061 Haec
1223 1009 1401 1077 itaque
1437 1006 1613 1062 Patris
1673 1007 1884 1077 justitia
1935 1009 2045 1063 tilio

473 1093 620 1163 regis
672 1094 796 1148 data
857 1104 937 1152 est
1005 1112 1072 1151 ex
1119 1097 1325 1152 semine
1374 1097 1542 1152 David
1593 1099 1892 1153 secundum
1924 1114 2044 1153 car-

480 1199 603 1238 nem
663 1183 849 1241 facto:
892 1188 947 1241 in
981 1203 1089 1256 quo
1141 1203 1241 1244 ceu
1285 1188 1338 1242 in
1389 1189 1588 1258 templo
1634 1189 1893 1244 habitavit
1948 1189 2044 1245 Dei

474 1276 700 1331 verbum
754 1289 807 1333 et
849 1280 1112 1350 sapientia
1157 1288 1211 1335 et
1254 1280 1484 1350 justitia.
1521 1281 1754 1338 Causam
1789 1297 1915 1337 vero
1945 1297 2045 1336 cur

473 1366 687 1434 justitia
721 1377 1018 1424 memorato
1049 1371 1160 1424 lilio
1190 1372 1334 1443 regis
1367 1372 1492 1427 data
1526 1374 1635 1437 sit,
1666 1373 1858 1428 deinde
1888 1373 2043 1428 docet

373 1526 377 1531 η
479 1459 563 1514 his
593 1459 810 1514 verbis:
849 1481 867 1513 ι
902 1460 1157 1518 Judicare
1178 1465 1434 1532 populum
1467 1472 1620 1519 tuum
1649 1466 1700 1520 in
1731 1467 1966 1536 justitia,
1991 1476 2045 1523 et

477 1564 746 1620 pauperes
777 1558 901 1606 tuos
931 1552 986 1606 in
1015 1553 1250 1622 judicio.
1287 1573 1306 1606 ι
1335 1553 1634 1625 Oportebat
1666 1559 1810 1611 enim
1843 1573 2044 1628 paupe-

476 1654 568 1694 res
603 1638 716 1706 Dei,
753 1651 804 1696 et
836 1643 1095 1712 populum
1119 1644 1240 1712 ejus
1280 1644 1335 1698 in
1367 1645 1682 1702 hominibus
1707 1661 1737 1700 a
1765 1646 1873 1703 filio
1903 1650 2043 1720 regis

2149 460 2346 530 Διόπερ
2390 458 2622 513 ἐνταῦθα
2657 459 2716 511 ού
2746 457 2842 530 τὴν
2883 456 3062 527 κρίσιν
3103 453 3242 519 ἀξιοῖ
3283 452 3565 524 δοῦναιτῷ
3612 451 3712 523 βα-

2152 552 2311 605 σιλεῖ·
2345 551 2478 604 ἀλλά
2509 551 2571 604 τὸ
2604 550 2800 622 κρίμα,
2823 548 3064 602 τουτέστι
3085 547 3145 600 τὸ
3182 547 3356 617 δόγμα
3381 545 3474 599 καὶ
3501 544 3564 596 τὸ
3591 561 3730 616 κριο-

2153 645 2241 698 θὲν
2271 643 2348 715 τῷ
2375 644 2548 715 Πατρὶ
2589 643 2716 715 περὶ
2755 641 2857 710 τῆς
2905 642 2985 704 είς
3028 637 3345 710 ἀνθρώπους
3396 634 3716 706 θεοφανείας

2151 735 2334 789 αὐτοῦ.
2367 734 2440 786 Τὸ
2478 734 2575 804 μὲν
2611 729 2704 786 οὖν
2746 730 2917 803 κρίμα
2957 728 3034 800 τῷ
3070 727 3277 799 βασιλεί
3317 727 3556 780 δέδοται·
3587 727 3622 796 ἠ
3654 723 3715 777 δὲ

2149 826 2460 896 δικαιοσύνη
2492 824 2570 896 τῷ
2598 823 2698 895 υίῷ
2726 822 2819 876 τοῦ
2848 820 3127 892 βασιλέως.
3153 818 3473 888 Δικαιοσύνη
3508 817 3618 890 γὰρ
3644 811 3720 887 ἦν

2150 918 2310 981 αὐτὸς
2339 919 2366 970 6
2407 916 2692 988 βασιλεὺς,
2741 915 2924 983 ὥσπερ
2960 907 3052 965 οὖν
3105 910 3428 982 παρίστησιν
3467 910 3496 962 ὁ
3553 910 3731 962 Ἀπὸ-α

2153 1009 2335 1074 στολος
2363 1007 2563 1063 εἰπών’
2603 1026 2622 1058 ι
2651 1008 2745 1071 Ὃς
2779 1005 3006 1077 ἐγενήθη
3046 1004 3178 1074 ἡμῖν
3230 1001 3390 1071 σοφία
3417 1000 3528 1054 ἀπὸ
3554 1000 3716 1064 Θεοῦ,

2149 1098 2458 1170 δικαιοσύνη
2490 1115 2549 1152 τε
2572 1098 2666 1151 καὶ
2691 1095 2976 1166 ἁγιασμὸς,
3003 1094 3096 1146 καὶ
3123 1090 3510 1163 ἀπολύτρωσις.
3529 1111 3548 1143 ι
3566 1088 3721 1161 Αὕτη

2149 1193 2320 1246 τοίνυν
2346 1194 2379 1263 ἠ
2411 1191 2504 1245 τοῦ
2527 1189 2739 1260 Πατρὸς
2762 1185 3072 1255 δικαιοσύνη
3095 1184 3172 1255 τῷ
3200 1183 3313 1254 Υίῷ
3330 1183 3424 1236 τοῦ
3457 1182 3718 1254 βασιλέως

2149 1287 2354 1339 δέδοται
2401 1284 2478 1355 τῷ
2512 1286 2576 1337 ἐκ
2619 1281 2929 1353 σπέρματος
2969 1277 3132 1331 Δαυῖδ
3170 1276 3311 1330 κατὰ
3349 1275 3529 1348 σάρκα
3559 1291 3718 1344 γενο-

2154 1378 2330 1450 μένῳ·
2379 1378 2436 1430 ἐν
2469 1369 2513 1444 ᾧ
2555 1372 2872 1444 κατῴκησεν
2910 1370 3098 1440 ὥσπερ
3129 1371 3184 1422 ἐν
3216 1366 3329 1438 ναῷ
3379 1369 3408 1420 6
3447 1366 3537 1418 τοῦ
3573 1364 3719 1418 Θεοῦ

2150 1469 2303 1537 λόγος
2331 1470 2424 1522 καὶ
2467 1469 2500 1538 ὴ
2537 1466 2719 1536 σοφία,
2759 1463 2853 1517 καὶ
2879 1464 2911 1534 ἡ
2943 1459 3276 1531 δικαιοσύνη.
3312 1458 3422 1530 Τὴν
3453 1458 3506 1510 δὲ
3535 1455 3716 1510 αἰτίαν

2149 1561 2242 1614 τοῦ
2270 1560 2485 1631 δοθῆναι
2529 1558 2624 1629 τὴν
2665 1554 3008 1625 δικαιοσύνην
3041 1552 3118 1623 τῷ
3148 1549 3439 1623 δηλωθέντι
3484 1547 3582 1619 υίῷ
3615 1548 3713 1601 τοῦ

2155 1651 2440 1722 βασιλέως,
2476 1647 2604 1719 ὲξῆς
2647 1647 2887 1702 διδάσκει
2914 1646 3115 1714 λέγων’
3161 1663 3179 1695 ι
3210 1642 3432 1714 Κρίνειν
3473 1641 3562 1693 τὸν
3589 1639 3721 1693 λαόν

477 1732 533 1786 in
563 1732 777 1801 justitia
803 1733 1042 1802 judicari
1080 1755 1092 1790 :
1130 1736 1258 1806 quia
1309 1737 1418 1791 alio
1466 1739 1626 1794 modo
1664 1755 1842 1811 regem
1868 1758 2046 1799 susce-

2151 1763 2238 1798 σου
2266 1746 2324 1797 ἐν
2355 1740 2689 1814 δικαιοσύνῃ,
2718 1741 2812 1793 καὶ
2836 1739 2962 1801 τοὺς
2985 1735 3232 1805 πτωχούς
3264 1751 3355 1788 σου
3383 1734 3441 1786 ἐν
3475 1733 3672 1804 κρίσει.
3697 1751 3718 1784 ι

478 1826 622 1895 pturi
663 1840 771 1879 non
812 1833 987 1880 erant.
1021 1826 1390 1893 Quamobrem
1427 1827 1654 1884 formam
1703 1834 1845 1886 servi
1901 1835 2046 1889 acci-

479 1916 634 1985 piens
661 1925 714 1971 et
740 1918 929 1972 habitu
952 1919 1204 1974 inventus
1241 1927 1299 1973 ut
1321 1919 1503 1980 homo,
1534 1938 1629 1990 per
1651 1921 1845 1977 Filium
1871 1925 2045 1979 homi-

479 2008 568 2064 nis
602 2025 762 2079 quem
797 2012 1114 2080 assumpsit,
1157 2028 1222 2067 ει
1263 2012 1520 2068 omnibus
1567 2017 1820 2084 gentibus
1849 2033 2047 2071 secun-

476 2102 607 2156 dum
645 2104 749 2158 hoc
770 2105 904 2174 justi
937 2105 1039 2158 viri
1066 2105 1271 2160 dictum
1302 2105 1401 2177 (l),
1431 2126 1450 2158 ι
1478 2109 1638 2179 elegit
1659 2109 1760 2163 sibi
1788 2111 2044 2180 populum

478 2195 809 2263 peculiarem
839 2197 916 2263 ¹⁵;
960 2215 978 2248 ›
1018 2213 1230 2254 necnon
1265 2213 1361 2253 eos
1383 2199 1475 2269 qui
1511 2200 1598 2254 hic
1623 2216 1890 2270 pauperes
1926 2206 2045 2270 ejus

479 2293 772 2351 vocantur,
808 2303 945 2357 quos
989 2289 1080 2344 ille
1117 2290 1306 2346 beatos
1354 2292 1613 2362 praedicat
1673 2293 1760 2348 his
1811 2293 1992 2348 verbis
2029 2314 2041 2348 :

485 2390 507 2426 α
552 2375 702 2432 Beati
744 2394 1013 2450 pauperes
1055 2380 1276 2449 spiritu,
1344 2383 1599 2452 quoniam
1665 2385 1909 2453 ipsorum
1963 2393 2046 2440 est

479 2482 770 2538 regnorum
791 2471 1054 2525 caelorum
1081 2472 1145 2527 “.
1190 2492 1208 2525 ι
1238 2473 1302 2526 Et
1323 2475 1458 2530 alias
1487 2476 1554 2530 de
1579 2475 1792 2544 justitia
1815 2477 1928 2530 haec
1949 2477 2047 2530 do-

476 2564 568 2611 cet
597 2559 892 2627 Apostolus
921 2579 934 2614 :
977 2579 995 2612 ι
1033 2559 1153 2616 Non
1179 2563 1322 2617 enim
1349 2565 1615 2619 erubesco
1646 2563 1995 2636 Evangelium
2031 2585 2044 2620 :

477 2646 656 2702 virtus
689 2649 834 2703 enim
878 2649 970 2706 Dei
1003 2658 1087 2707 est
1119 2653 1172 2708 in
1208 2654 1440 2709 salutem
1471 2655 1620 2710 omni
1654 2657 1920 2723 credenti,
1953 2656 2048 2711 Ju-

478 2739 596 2794 ἀπο
622 2741 878 2810 primum,
911 2752 963 2797 et
991 2741 1201 2800 Graeco.
1231 2742 1451 2799 Justitia
1476 2747 1622 2801 enim
1660 2747 1714 2800 in
1737 2748 1855 2817 ipso
1892 2763 2047 2803 reve»

478 2831 625 2885 tatur
650 2833 714 2887 ".
768 2852 786 2885 ι
829 2832 905 2888 De
938 2833 1271 2905 pauperibus
1300 2837 1428 2890 item
1454 2837 1569 2891 hzec
1613 2837 1730 2907 ipse
1757 2838 1995 2893 declarat
2030 2859 2043 2894 :

439 2935 448 2944 ·
484 2939 504 2974 ι
547 2921 736 2977 Videte
772 2924 916 2978 enim
951 2926 1298 2980 vocationem
1340 2935 1602 2991 vestram,
1646 2926 1864 2992 fratres,
1920 2931 2046 2999 quia

477 3028 589 3066 non
640 3013 795 3067 multi
841 3014 1114 3084 sapientes
1146 3017 1444 3071 secundum
1478 3034 1720 3083 carnem,
1753 3035 1861 3074 non
1893 3021 2046 3075 multi

480 3103 715 3169 nobiles,
750 3119 859 3159 non
900 3107 1053 3160 multi
1080 3115 1332 3178 potentes
1373 3129 1386 3165 :
1433 3111 1528 3167 sed
1560 3128 1679 3182 qua:
1705 3113 1870 3167 stulta
1921 3122 2048 3168 sunt

479 3194 695 3259 mundi,
717 3195 879 3267 elegit
898 3195 1062 3261 Deus,
1096 3206 1156 3252 ut
1183 3198 1483 3255 confundat
1523 3203 1842 3272 sapientes;
1878 3211 1933 3258 et
1964 3205 2050 3258 in-

480 3287 637 3342 firma
675 3295 730 3343 et
753 3290 1185 3359 contemptibilia
1219 3291 1405 3362 elegit,
1438 3300 1492 3346 et
1517 3308 1578 3346 ea
1618 3309 1739 3362 quae
1770 3310 1877 3349 non
1902 3306 2048 3358 sunt,

2151 1839 2296 1891 Ἔδει
2330 1835 2437 1908 γὰρ
2469 1835 2594 1896 τοὺς
2619 1833 2866 1903 πτωχοὺς
2895 1829 2990 1884 τοῦ
3021 1827 3156 1882 Θεοῦ
3185 1827 3392 1881 καὶτὸν
3422 1828 3480 1879 ὲν
3508 1824 3725 1898 ἀνθρώ⁶

2148 1945 2269 1991 ποις
2299 1927 2426 1979 λαὸν
2466 1923 2630 1978 αὑτοῦ
2665 1924 2768 1976 ὑπὸ
2797 1922 2891 1976 τοῦ
2933 1921 3050 1974 υἱοῦ
3077 1919 3171 1973 τοῦ
3223 1919 3484 1990 βασιλέως
3513 1918 3729 1990 διακρίο

2145 2017 2330 2072 νεσθαι
2361 2019 2420 2071 ἐν
2447 2014 2784 2086 δικαιοσύνῃ·
2818 2013 2938 2068 ἐπεὶ
2983 2012 3056 2084 μὴ
3088 2010 3326 2082 ἐχώρουν
3364 2009 3537 2072 ἄλλως
3567 2007 3728 2073 δέξα-

2148 2109 2269 2163 σθαι
2296 2109 2385 2162 τὸν
2416 2107 2656 2178 βασιλέα.
2689 2106 2887 2178 Διόπερ
2931 2104 3142 2176 μορφὴν
3182 2101 3364 2155 δούλου
3412 2099 3590 2153 λαϐὼν
3627 2101 3731 2152 καὶ

2149 2203 2384 2272 σχήματι
2433 2197 2676 2270 εὑρεθεὶς
2727 2197 2802 2260 ὼς
2850 2195 3155 2266 ἄνθρωπος,
3188 2194 3254 2246 δι’
3314 2183 3376 2245 οῦ
3433 2190 3755 2260 ἀνείληφεν»

2147 2293 2278 2346 Υίοῦ
2315 2291 2602 2362 ἀνθρώπου
2637 2289 2698 2354 ὲξ
2729 2289 2983 2343 ἁπάντων
3009 2287 3116 2340 τῶν
3151 2285 3318 2340 ἐθνῶν
3353 2285 3491 2338 κατά
3527 2283 3621 2336 τοῦ
3645 2282 3754 2336 δμ-

2147 2385 2300 2439 καίου
2339 2383 2515 2452 λόγον,
2568 2403 2587 2434 ι
2618 2381 2899 2448 ἐξελέξατο
2939 2377 3114 2448 ἐαυτῷ
3154 2378 3279 2432 λαὸν
3330 2375 3666 2447 περιούσιον,
3701 2394 3750 2426 ιι
3841 2374 3845 2378 ’

2147 2480 2240 2532 καὶ
2271 2478 2395 2541 τοὺς
2443 2475 2812 2546 καλουμένους
2855 2471 3020 2526 αὑτοῦ
3054 2471 3320 2540 πτωχοὺς,
3355 2467 3448 2531 οὒς
3491 2467 3584 2520 καὶ
3617 2482 3750 2536 μαι

2147 2568 2386 2640 καρίζων
2417 2568 2567 2637 ἔλεγε
2589 2585 2603 2598 ο
2639 2587 2656 2617 ι
2684 2566 2957 2636 Μακάριοι
3005 2564 3054 2616 οἱ
3090 2561 3293 2632 πτωχοὶ
3330 2560 3406 2630 τῷ
3431 2560 3730 2628 πνεύματι,

2148 2661 2228 2713 ὃτι
2251 2658 2426 2712 αὐτῶν
2453 2661 2599 2712 ἐστιν
2628 2659 2660 2729 ἡ
2685 2656 2929 2728 βασιλεία
2947 2655 3055 2708 τῶν
3075 2651 3336 2726 οὐρανῶν.
3365 2671 3382 2702 ι
3413 2651 3523 2703 Καὶ
3547 2648 3747 2710 ἄλλως

2146 2751 2204 2804 δέ
2234 2751 2363 2823 περὶ
2406 2751 2506 2820 τῆς
2549 2747 2892 2819 δικαιοσύνης
2935 2747 3174 2800 διδάσκει
3211 2747 3240 2799 6
3280 2744 3597 2805 Ἀπόστολος
3633 2743 3730 2797 λέ-

2147 2858 2259 2910 γων
2278 2857 2292 2873 ⁸
2320 2861 2339 2893 ι
2363 2842 2438 2895 Οὐ
2461 2840 2569 2912 γὰρ
2600 2841 2995 2910 ἐπαισχύνομαι
3024 2839 3086 2892 τὸ
3107 2838 3433 2906 Εὑαγγέλιον
3454 2854 3467 2867 ’
3495 2836 3752 2907 δύναμις-

2150 2935 2256 3006 γάρ
2282 2933 2416 2987 Θεοῦ
2459 2937 2606 2988 ἐστιν
2642 2933 2720 2997 εἰς
2763 2932 3037 3003 σωτηρίαν
3079 2930 3243 2984 παντὶ
3278 2929 3358 3000 τῷ
3390 2930 3727 2991 πιστεύοντι,

2162 3024 2400 3096 Ἰουδαίῳ
2431 3042 2490 3078 τε
2519 3024 2732 3096 πρῶτον
2770 3025 2863 3078 καὶ
2893 3023 3132 3094 Ἕλληνι.
3167 3021 3490 3091 Δικαιοσύνη
3528 3021 3637 3091 γὰρ
3668 3022 3731 3073 ἐν

2149 3115 2296 3186 αὐτῴ
2321 3114 2778 3169 ἀποκαλύπτεται.
2812 3134 2830 3166 ›
2863 3115 2973 3168 Καὶ
3006 3115 3137 3186 περὶ
3166 3113 3278 3167 τῶν
3302 3112 3532 3182 πτωχῶν
3564 3111 3730 3166 πάλιν

2148 3209 2176 3260 6
2217 3208 2376 3271 αὐτὸς
2403 3208 2653 3276 διασαφεῖ
2697 3207 2868 3276 λέγων
2890 3224 2902 3238 ·
2940 3226 2958 3258 ι
2989 3207 3224 3260 Βλέπετε
3249 3205 3354 3277 γὰρ
3387 3206 3488 3276 τὴν
3533 3205 3716 3276 κλῆσιξ

2150 3298 2322 3370 ὑμῶν,
2355 3298 2570 3368 ἀδελφοί
2590 3317 2603 3330 ο
2633 3299 2713 3351 ὅτι
2741 3299 2802 3351 οὑ
2831 3297 3017 3352 πολλοὶ
3049 3297 3202 3366 σοφοὶ
3245 3295 3386 3350 κατά
3429 3297 3626 3366 σάρκα,
3657 3296 3723 3350 οὒ

364 4570 370 4576 _
480 4517 762 4584 proprium
795 4517 901 4571 sibi
937 4517 1091 4582 facit,
1147 4525 1281 4572 tunc
1317 4526 1550 4583 montes,
1593 4526 1651 4572 ut
1704 4518 1794 4573 hic
1850 4534 2052 4573 vocan-

479 3390 626 3438 utea
653 3397 772 3452 quae
787 3392 938 3448 sunt,
965 3382 1310 3451 destrueret;
1351 3393 1410 3438 ut
1443 3399 1550 3439 non
1584 3385 1844 3455 glorietur
1873 3388 2046 3444 omnis

2151 3391 2336 3444 πολλοὶ⁵
2378 3393 2635 3460 εὐγενεῖς,
2664 3392 2725 3444 οὐ
2775 3389 2958 3444 πολλοὶ
2988 3389 3236 3444 δυνατοί·
3277 3387 3412 3442 ἀλλά
3461 3388 3533 3441 τά
3564 3388 3726 3459 μωρὰ

480 3488 610 3528 caro
639 3475 692 3528 in
724 3485 1021 3545 οοηερθοιιι
1053 3473 1146 3529 Dei
1175 3475 1240 3529 ".
1283 3495 1301 3528 »
2149 3480 2243 3534 τοῦ
2277 3482 2482 3553 κόσμου
2533 3481 2811 3548 ἐξελέξατο
2847 3483 2875 3534 6
2915 3480 3075 3542 Θεὸς,
3103 3479 3191 3532 ἵνα
3237 3477 3564 3548 καταισχύνῃ
3597 3476 3723 3538 τοὺς

481 3565 705 3636 σοφούς·
737 3567 830 3620 καὶ
871 3565 941 3619 τά
969 3565 1165 3636 ἀσθενῆ
1201 3565 1292 3619 καὶ
1330 3564 1399 3618 τὰ
1426 3565 1820 3638 ἐξουθενημένα
1867 3568 2167 3636 ἐξελέξατο,
2194 3573 2287 3626 καὶ
2313 3567 2383 3627 τὰ
2418 3574 2493 3645 μὴ
2517 3573 2665 3636 ὄντα,
2734 3573 2820 3626 ἵνα
2880 3572 2949 3625 τά
2987 3571 3115 3624 ὄντα
3179 3572 3496 3641 καταργήσῃ
3517 3585 3530 3598 ·
3565 3568 3713 3630 ὅπως

483 3665 558 3737 μὴ
591 3665 933 3736 καυχήσηται
968 3665 1115 3717 πᾶσα
1141 3662 1276 3736 σὰρξ
1303 3662 1532 3717 ἐνώπιον
1558 3663 1651 3716 τοῦ
1673 3664 1828 3719 Θεοῦ.
1853 3685 1871 3716 ι

551 3781 718 3838 Vens.
752 3785 804 3839 5.
843 3805 861 3836 ‹
905 3785 1218 3856 Suscipiant
1245 3794 1458 3843 montes
1500 3802 1688 3857 pacem
1737 3789 1959 3858 populo,
1994 3797 2048 3843 et

481 3875 652 3930 colles
677 3877 969 3948 justitiam.
1003 3899 1021 3932 ›
1046 3878 1251 3934 Praeter
1283 3880 1465 3950 priora
1487 3880 1602 3934 haec
1633 3895 1848 3950 quoque
1880 3881 2052 3950 spiri-

481 3974 574 4024 tus
598 3970 952 4039 propheticus
980 3979 1253 4042 precatur,
1283 3981 1342 4026 ut
1383 3979 1595 4028 montes
1645 3973 1914 4041 quondam
1950 3988 2047 4042 po-

489 4060 618 4129 pulo
645 4059 849 4124 infesti,
882 4062 1058 4130 posita
1093 4062 1397 4126 inimicitia,
1430 4076 1617 4130 pacem
1639 4079 1760 4117 cum
1794 4077 1859 4117 eo
1883 4062 2046 4117 habeo

2233 3809 2250 3840 ι
2293 3785 2728 3840 Ἀναλαὸέτωσαν
2757 3783 2826 3839 τὰ
2866 3784 2965 3858 ὅρη
2997 3785 3217 3856 εἰρήνην
3244 3783 3322 3854 τῷ
3355 3783 3488 3853 λαῷ,
3534 3783 3628 3836 καὶ
3669 3785 3721 3836 οἱ

2159 3881 2337 3952 βουνοὶ
2357 3876 2719 3947 δικαιοσύνην.
2753 3895 2771 3927 ι
2801 3876 2947 3946 Πρὸς
2979 3879 3091 3940 τοῖς
3125 3875 3406 3946 προτέροις
3437 3875 3529 3928 καὶ
3554 3873 3728 3927 ταῦτα

2155 3971 2216 4024 τὸ
2255 3968 2466 4040 πνεῦμα
2504 3969 2565 4021 τὸ
2603 3966 2936 4039 προφητικὸν
2969 3966 3206 4037 εὔχεται,
3233 3966 3381 4028 ὅπως
3413 3966 3482 4019 τά
3527 3965 3628 4037 ὅρη
3659 3965 3730 4020 τὰ

2157 4062 2321 4115 πάλαι
2358 4059 2708 4131 ἐχθραίνοντα
2749 4058 2824 4129 τῷ
2867 4059 2980 4129 λαῷ
3009 4058 3339 4128 εἰρηνεύσειε
3382 4060 3516 4130 πρὸς
3565 4059 3731 4113 αὑτὸν

485 4158 629 4214 rent,
660 4161 714 4206 et
739 4161 796 4206 ut
832 4154 997 4208 colles
1023 4155 1333 4224 praedictam
1355 4153 1624 4224 justitiam
1648 4154 1820 4209 eidem
1849 4156 2046 4224 populo

2154 4152 2515 4224 ἀπωθούμενα
2557 4151 2654 4222 τὴν
2698 4151 2894 4223 ἔχθραν
2920 4191 2934 4216 ,
2982 4153 3073 4205 καὶ
3115 4153 3262 4216 ὅπως
3305 4154 3352 4205 οἱ
3403 4152 3583 4222 βουνοὶ
3629 4155 3730 4224 τὴν

483 4243 896 4297 annuntiarent.
949 4241 1065 4296 Jam
1123 4243 1333 4314 pridem
1369 4246 1513 4299 enim
1555 4252 1766 4300 montes
1803 4259 1925 4298 cum
1961 4261 2046 4315 po-

2157 4243 2545 4317 προλεχθεῖσαν
2594 4243 2935 4313 δικαιοσύνην
2979 4243 3058 4314 τῷ
3109 4243 3258 4315 αὐτῷ
3294 4244 3406 4314 λαῷ
3443 4245 3731 4314 εὐαγγελί-

480 4335 610 4404 pulo
660 4334 979 4390 inimicitias
1032 4343 1363 4406 gesserunt,
1437 4343 1491 4391 et
1545 4335 1712 4391 colles
1772 4337 2044 4394 similiter.

2156 4333 2372 4397 ζωνται.
2398 4332 2669 4403 Πρότερον
2703 4333 2800 4404 μὲν
2824 4333 2932 4403 γὰρ
2960 4332 3030 4386 τὰ
3074 4334 3175 4405 ὅρη
3225 4333 3422 4406 ἔχθραν
3448 4331 3563 4406 εἶχε
3593 4333 3730 4406 πρὸς

477 4424 616 4478 Cum
644 4431 825 4480 autem
864 4425 1009 4481 filius
1053 4427 1194 4497 regis
1224 4429 1483 4498 pupulum
1527 4427 1657 4482 olim
1703 4436 2044 4497 extraneum,

2151 4429 2241 4481 τὸν
2281 4426 2427 4492 λαὸν,
2462 4427 2556 4480 καὶ
2589 4429 2638 4480 οί
2669 4426 2842 4496 βουνοὶ
2887 4426 3176 4490 ὡσαύτωςο
3205 4428 3293 4480 ὅτε
3320 4427 3428 4480 δὲὸ
3472 4428 3588 4492 υίὸς
3629 4429 3727 4483 τοῦ

2149 4519 2411 4590 βασιλέως
2466 4519 2595 4573 ἴδιον
2629 4520 2919 4590 ἐποιήσατο
2950 4519 3042 4572 τὸν
3091 4518 3222 4574 λαὸν
3271 4519 3434 4574 πάλαι
3487 4521 3728 4592 ἀπηλλο-

480 4613 592 4670 tur,
626 4622 814 4675 pacem
843 4623 967 4663 cum
1009 4611 1213 4680 populo
1261 4610 1480 4664 habent.
1535 4608 1745 4665 Montes
1786 4617 1963 4664 autem
1998 4616 2046 4664 et

2151 4608 2446 4682 τριωμένον
2477 4606 2664 4672 αὑτοῦ,
2691 4606 2988 4678 τηνικαῦτα
3033 4607 3128 4661 καὶ
3177 4607 3255 4660 τὰ
3281 4607 3588 4678 καλούμενα
3636 4610 3727 4662 ἐν·-

480 4695 648 4751 colles
669 4713 856 4766 pacem
888 4715 1011 4754 cum
1045 4701 1245 4771 populo
1273 4701 1557 4765 habentes,
1581 4717 1720 4771 quos
1749 4716 1874 4756 esse
1901 4700 2046 4756 dixe-

2151 4701 2322 4756 ταῦθα
2352 4701 2454 4773 ὅρη
2487 4687 2757 4772 είρηνεύει
2775 4699 2912 4772 πρὸς
2934 4699 3026 4752 τὸν
3047 4700 3196 4754 λαόν.
3226 4702 3365 4772 Ὀρη
3391 4699 3447 4754 δὲ
3477 4701 3584 4753 καὶ
3604 4699 3728 4769 βου-

481 4786 580 4849 ris,
610 4788 715 4843 nisi
745 4791 1064 4859 angelorum
1089 4793 1342 4857 chorum,
1374 4803 1430 4848 et
1453 4793 1540 4848 his
1569 4793 1880 4862 superiores
1906 4791 2050 4846 divi-

482 4894 583 4936 nas
616 4882 883 4938 virtutes?
912 4900 1031 4954 quae
1057 4900 1178 4940 cum
1209 4885 1338 4939 olim
1370 4887 1604 4956 populus
1625 4893 1919 4941 extraneus
1939 4884 2049 4939 Deo

481 4983 646 5037 esset,
682 4974 1000 5030 inimicitias
1033 4993 1156 5030 cum
1205 4992 1270 5031 eo
1318 4977 1618 5048 gerebant;
1668 4993 1814 5032 nunc
1867 4984 2047 5032 autem

481 5079 608 5122 cum
637 5064 690 5120 in
727 5069 1130 5136 possessionem
1164 5068 1260 5122 filii
1290 5069 1435 5140 regis
1465 5071 1699 5135 venerit,
1732 5069 1911 5140 posita
1938 5069 2047 5124 ini-

483 5157 712 5221 micitia,
745 5159 933 5213 amica:
962 5160 1082 5229 ejus
1107 5160 1309 5216 effectae
1336 5170 1483 5218 sunt.
1517 5160 1653 5228 Quis
1685 5163 1756 5217 sit
1783 5177 1913 5218 vero
1945 5177 2046 5232 po-

483 5251 647 5321 pulus
677 5267 743 5306 ex
780 5251 1034 5307 omnibus
1062 5253 1314 5324 gentibus
1353 5262 1577 5310 coactus
1634 5254 1909 5327 intelliges
1933 5293 1948 5318 ,
1999 5255 2046 5310 si

485 5342 574 5401 his
599 5342 853 5398 conferas
886 5341 1162 5399 Zachariae
1194 5345 1558 5416 prophetiam,
1593 5361 1714 5417 quae
1734 5350 1816 5403 sic
1845 5346 2006 5402 habet
2031 5365 2044 5401 :

561 5498 640 5553 ιιι
670 5499 798 5555 Cor.
836 5516 875 5565 ι,
899 5500 987 5557 50.
1067 5501 1112 5532 ¹⁸
1141 5498 1428 5567 Deut.xrv,
1461 5501 1518 5557 2.
1596 5502 1639 5533 ¹⁶
1672 5501 1860 5558 Matth.
1892 5520 1943 5569 v,
1976 5503 2029 5559 5.

562 5679 638 5749 (ι)
675 5676 786 5744 Vel,
817 5680 1098 5735 secundum
1130 5682 1353 5752 justitim
1379 5681 1650 5738 rationem.
1970 5711 2015 5759 Α(
2055 5719 2090 5741 ιι

2109 5502 2149 5534 "
2184 5500 2337 5557 Rom.
2370 5517 2409 5566 ι,
2441 5498 2524 5556 it}.

2151 4794 2275 4856 νοῦς
2306 4792 2680 4864 είρηνεύοντας
2713 4789 3018 4862 ἀνθρώποις
3059 4781 3209 4855 τίνας
3239 4791 3308 4844 ἂν
3358 4791 3532 4854 εἴποις
3565 4791 3599 4862 ἢ
3632 4791 3730 4844 τὸν

2158 4886 2404 4955 ἀγγέλων
2447 4884 2607 4956 χορὸν
2653 4883 2748 4938 καὶ
2779 4882 2877 4947 τάς
2908 4881 3110 4936 τούτων
3143 4885 3418 4954 ἀνωτέρας
3454 4883 3604 4946 θείας
3635 4883 3726 4936 δυ·-

2156 4980 2378 5049 νάμεις;
2408 4978 2464 5046 αἳ
2510 4976 2674 5030 πάλαι
2710 4977 2827 5047 μὲν,
2857 4976 2943 5029 ὅτε
2986 4975 3262 5048 ἀλλότριος
3307 4972 3373 5046 ἦν
3401 4977 3430 5028 6
3458 4975 3583 5039 λαὸς
3625 4972 3722 5029 τοῦ

2156 5069 2312 5135 Θεοῦ,
2343 5068 2537 5139 ἐχθραὶ
2567 5063 2707 5139 ἦσαν
2739 5067 2904 5122 αἰτοῦ
2927 5084 2940 5098 ·
2973 5067 3066 5122 νῦν
3089 5067 3134 5120 δ’
3181 5069 3270 5121 ὅτε
3303 5067 3487 5138 κτῆμα
3529 5066 3722 5135 γέγονε

2155 5160 2247 5214 τοῦ
2287 5158 2404 5212 υἱοῦ
2437 5157 2529 5211 τοῦ
2563 5157 2856 5229 βασιλέως,
2907 5155 3267 5227 ἑφιλιώθησιαν
3307 5156 3453 5227 αὐτῷ
3487 5154 3721 5226 μεταδα-

2154 5251 2333 5314 λόντες
2360 5249 2460 5320 τῆς
2489 5248 2708 5322 ἔχθρας.
2747 5249 2984 5320 Νοησεις
3010 5248 3067 5301 δὲ
3097 5246 3186 5302 τὸν
3221 5246 3279 5315 ἐξ
3320 5246 3572 5302 ἁπάντων
3612 5244 3732 5302 τῶν.

2156 5343 2323 5398 ἐθνῶν
2362 5341 2697 5414 συνηγμένον
2728 5340 2873 5407 λαὸν,
2911 5339 3173 5412 παραθεὶς
3195 5340 3400 5404 τούτοις
3427 5338 3524 5411 τὴν
3556 5339 3615 5392 ἐν
3640 5337 3738 5406 τῷ⁴

2606 5500 2646 5532 ³⁸
2671 5499 2684 5554 I
2719 5497 2841 5554 Cor.
2867 5513 2907 5567 ι,
2941 5497 3128 5554 26-29.
