4014 6206
312 227 416 282 797

1440 232 1942 292 COMMENTARIA
1977 235 2045 290 ιΝ
2082 235 2426 295 PSALMOS.

3442 245 3550 300 198

305 338 560 411 Ζαχαρία
587 341 936 412 ,προφητείαν
959 381 973 402 .
1017 335 1119 396 ὧδε
1165 342 1462 414 λέγουσαν·
1509 365 1526 396 ι
1573 348 1741 418 Χαῖρε
1787 348 1872 402 καὶ

1988 367 2006 400 ι
2045 348 2234 404 Gaude
2266 357 2320 405 et
2349 350 2557 414 laetare,
2588 350 2694 404 ﬁlia
2731 348 2884 405 Sion.
2915 350 3054 408 Ecce
3090 368 3188 408 rex
3220 361 3348 411 tuus
3377 362 3548 423 venit,

307 429 622 500 εὐφραίνου,
661 429 894 502 θύγατερ
918 432 1072 487 Σιών.
1090 434 1218 486 Ἰδοὺ
1249 435 1277 486 6
1307 433 1552 504 βασιλεύς
1599 453 1690 488 σου
1729 435 1884 507 ἔρχει

305 539 418 586 ται,
452 522 546 574 καὶ
568 522 979 591 κατασκηνώσει
1014 527 1071 576 ὲν
1117 525 1265 596 μέσῳ
1298 543 1412 593 σου,
1465 526 1611 595 λέγει
1654 527 1878 599 Κύριος.

1981 450 2036 496 et
2068 441 2334 496 habitabit
2362 441 2418 495 in
2452 441 2630 496 medio
2665 443 2764 507 tui,
2792 443 2926 498 dicit
2955 443 3237 501 Dominus.
3264 445 3329 500 Et
3357 449 3551 503 confu-

1981 535 2130 606 gient
2157 542 2345 604 gentes
2379 535 2563 588 multae
2609 535 2676 588 ad
2702 533 3016 602 Dominum,
3050 545 3105 591 et
3133 516 3455 594 erunt'mihi
3489 541 3548 596 in

305 614 422 666 Καὶ
448 611 877 684 καταφεύξονται
913 613 1038 686 ἔθνη
1069 616 1238 670 πολλὰ
1275 617 1366 670 ἐπὶ
1402 617 1493 671 τὸν
1525 618 1755 690 Κύριον,
1787 621 1872 672 καὶ

1981 627 2266 698 populum,
2290 635 2346 683 et
2370 642 2470 698 ego
2501 643 2597 682 ero
2626 628 2708 683 eis
2741 628 2798 682 in
2847 627 3041 682 Deum.
3098 629 3164 683 Et
3213 643 3548 701 cognoscent

307 703 523 757 ἔσονταί
567 720 657 774 μοι
687 704 765 768 εἰς
798 703 955 769 λαὸν,
993 706 1146 775 κάγὼ
1187 705 1377 778 ἔσομαι
1409 710 1591 773 αὐτοῖς
1620 713 1699 773 είς
1725 710 1876 765 Θεόν.

307 797 422 850 Kal
484 795 816 864 γνώσονται,
866 798 948 850 ὅτι
1008 797 1212 870 Κύριος
1270 803 1660 875 παντοκράτωρ
1709 803 1877 870 ἑξαπ-

307 884 541 939 έσταλκέ
575 903 640 955 με
665 887 800 958 πρὸς
827 887 906 942 σέ.
932 908 951 940 ι
972 888 1166 958 Σαφῶς
1185 889 1292 961 γὰρ
1313 891 1397 944 διὰ
1417 891 1618 946 τούτων
1641 892 1746 945 ἀπὸ
1770 892 1878 946 τῶν

305 977 501 1041 ἐθνῶν,
537 977 649 1030 ἀλλ’
679 978 778 1031 οὐκ
804 977 908 1031 ἀπὺ
942 979 1036 1032 τοῦ
1083 981 1351 1034 Ἰουδαίων
1384 980 1566 1047 ἔθνους
1597 982 1878 1048 συντάξειν

304 1068 472 1131 αὐτὸς
506 1067 682 1138 ἐαυτῷ
701 1067 828 1122 λαὸν
855 1071 883 1122 ὁ
912 1069 1113 1141 Κύριος
1144 1068 1570 1139 εὐαγγελίζεται.
1601 1070 1785 1142 Τούτῳ
1812 1071 1874 1144 δὴ

302 1156 398 1213 οὖν
432 1158 511 1230 τῷ
540 1159 652 1231 λαῷ
677 1161 731 1213 al
753 1161 1007 1232 δυνάμεις
1035 1163 1090 1216 al
1122 1161 1478 1234 ὑπερκόσμιοι
1510 1164 1603 1216 καὶ
1631 1163 1687 1216 αἱ
1712 1163 1877 1230 ἀγγε-

303 1251 476 1317 λικαὶ,
506 1251 605 1324 ὅρη
639 1251 734 1305 καὶ
769 1251 946 1322 βουνοὶ
993 1253 1224 1308 ἐνταῦθα
1262 1253 1689 1325 ὀνομαζόμεναι,
1725 1254 1876 1324 εἰρή-

303 1361 502 1397 νευσαν
536 1343 912 1415 ὲχθραίνουσαι
945 1346 1006 1398 τὸ
1036 1347 1182 1418 πρὶν,
1212 1348 1299 1400 ὅτε
1329 1349 1394 1417 τῇ
1425 1346 1568 1418 ἀθέῳ
1591 1349 1875 1417 προσεῖχεν

301 1436 740 1508 είδωλολατρείᾳ.
787 1439 853 1490 Αἱ
901 1438 944 1490 δ’
985 1439 1146 1491 αὑταὶ
1195 1439 1541 1509 δικαιοσύνην
1596 1439 1877 1507 εὐαγγελί-

301 1527 488 1592 ζονται
525 1527 602 1599 τῷ
648 1527 797 1598 αὐτῷ
829 1528 972 1599 λαῷ·
1013 1529 1129 1600 ἦτοι
1163 1529 1251 1582 τὸν
1296 1529 1527 1601 Χριστὸν
1567 1529 1660 1582 τοῦ
1703 1528 1872 1592 Θεοῦ,

303 1623 470 1675 αὑτὸν
497 1622 624 1675 ὄντα
643 1621 742 1692 τὴν
769 1621 1132 1693 δικαιοσύνην,
1170 1621 1202 1694 ἢ
1235 1621 1295 1674 τὸ
1329 1623 1590 1694 σωτήριον
1633 1620 1876 1689 Εὐαγγέ-

1978 721 2105 791 quia
2137 719 2408 775 Dominus
2437 722 2785 790 omnipotens
2814 721 2964 776 misit
3000 737 3087 798 tne
3123 722 3189 776 ad
3222 730 3276 777 te
3298 726 3362 779 ¹⁹.
3400 746 3418 776 ›
3452 723 3548 782 His

1977 812 2178 882 quippe
2204 811 2491 875 Dominus,
2545 828 2610 866 ex
2657 813 2911 882 gentibus
2964 828 3043 878 se,
3079 827 3187 866 non
3215 829 3281 867 ex
3317 811 3546 867 Iudaica

1978 910 2158 971 gente,
2186 901 2288 955 sibi
2317 902 2578 970 populum
2602 910 3059 971 congregaturum
3087 916 3210 956 esse
3255 902 3548 971 perspicue

1977 992 2282 1048 denuntiat.
2330 991 2472 1046 Huic
2524 1007 2656 1046 sane
2702 994 2903 1063 popqu
2935 994 3166 1048 virtutes
3213 1009 3332 1064 quae
3379 1008 3546 1064 supra

1975 1085 2239 1160 mundum
2282 1093 2336 1139 et
2371 1084 2631 1154 angelicae
2683 1094 2833 1150 sunt,
2894 1085 2984 1139 hic
3033 1094 3248 1140 montes
3282 1093 3336 1139 et
3375 1085 3544 1141 colles

1975 1186 2203 1242 vocata,
2230 1176 2298 1230 ad
2323 1176 2476 1246 pacis
2519 1175 2866 1231 conditiones
2905 1185 3208 1243 venerunt;
3242 1192 3362 1247 quae
3392 1177 3542 1246 olim,

1975 1284 2099 1322 cum
2117 1269 2350 1338 populus
2365 1269 2528 1337 impie
2546 1269 2867 1324 idololatriae
2884 1269 3351 1334 bacreret,infestaa
3363 1277 3544 1325 erant.

1975 1359 2069 1414 Ha:
2103 1376 2232 1416 vero
2261 1362 2392 1429 ipsa:
2419 1359 2692 1429 justitiam
2722 1362 2898 1416 eidem
2944 1362 3146 1431 populo
3192 1362 3541 1424 annuntiant,

1974 1451 2232 1507 videlicet
2261 1451 2538 1504 Christum
2587 1450 2705 1516 Dei,
2740 1452 2834 1522 qui
2875 1466 3004 1506 vere
3024 1451 3238 1522 justitia
3277 1463 3396 1518 est;
3431 1454 3547 1509 sive.

1976 1545 2220 1599 salutare
2265 1541 2642 1612 Evangelium,
2707 1543 2868 1613 cujus
2927 1557 3094 1598 causa
3146 1543 3350 1598 dictum
3397 1553 3479 1598 est
3527 1564 3540 1599 :

1981 1653 1999 1686 ι
2040 1633 2363 1704 Suscipiant
2387 1642 2602 1689 montes
2635 1648 2820 1704 pacem
2854 1633 3076 1704 populo,
3112 1640 3165 1687 et
3200 1633 3370 1688 colles
3387 1632 3546 1702 justi-

301 1713 440 1777 λιον,
468 1712 533 1765 δι’
557 1711 585 1765 ὃ
612 1711 892 1764 λέλεκται·
924 1731 942 1762 ι
977 1711 1415 1766 Ἀναλαϐέτωσαν
1437 1712 1504 1764 τὰ
1528 1711 1628 1784 ὅρη
1656 1713 1872 1782 εἰρήνην

1978 1728 2130 1781 tiam.
2177 1746 2196 1778 ›
2234 1724 2359 1778 "me
2381 1739 2549 1793 porro
2578 1723 2851 1787 evenient,
2885 1724 3012 1794 quia
3037 1731 3370 1779 memoratus
3401 1723 3544 1791 ﬁlius

298 1802 379 1873 τῷ
432 1800 574 1872 λαῷ,
619 1801 712 1854 καὶ
753 1803 800 1853 oi
856 1800 1033 1871 βουνοὶ
1079 1801 1438 1872 δικαιοσύνην.
1486 1819 1506 1853 ι
1550 1801 1660 1854 Καὶ
1703 1798 1873 1852 ταῦτα

298 1894 476 1958 ἔσται,
506 1892 690 1963 ἐπειδὴ
714 1893 742 1944 6
769 1891 1085 1964 προλεχθεὶς
1113 1893 1226 1956 υἱὸς
1244 1892 1337 1946 τοῦ
1366 1891 1627 1963 βασιλέως
1655 1912 1672 1944 ι
1700 1893 1876 1964 κρινεῖ

299 1987 429 2048 τοὺς
463 1985 705 2055 πτωχοὺς
747 1983 840 2037 τοῦ
871 1983 1001 2037 λαοῦ
1021 2025 1034 2048 ,
1087 1986 1180 2037 καὶ
1215 1983 1375 2038 σώσει
1428 1986 1553 2048 τοὺς
1588 1986 1732 2046 υἱοὺς
1765 1983 1872 2037 τῶν

301 2078 548 2147 πενήτων
567 2093 581 2106 ·
615 2096 632 2127 ι
675 2075 874 2147 κρίνας
898 2074 1006 2147 γὰρ
1036 2065 1296 2147 πρότερον
1325 2075 1505 2141 ἀξίους
1538 2072 1674 2129 εἶναι
1703 2093 1874 2148 σωτη-

299 2164 442 2237 ρίας,
476 2164 648 2229 οὓτως
695 2164 890 2228 αὐτοὺς
929 2164 1113 2228 σώζει.
1163 2165 1236 2218 Οὐ
1281 2165 1388 2238 γὰρ
1438 2167 1709 2238 ἀκρίτως,
1756 2163 1874 2238 μετ’

295 2253 671 2325 ὲξητασμένης
715 2254 771 2308 δὲ
799 2255 1032 2326 κρίσεως
1062 2255 1160 2326 τὴν
1192 2257 1463 2328 σωτηρίαν
1507 2257 1734 2328 παρέχει
1762 2257 1873 2319 τοῖς

293 2346 494 2401 ἑαυτοῦ
533 2351 768 2418 πτωχοῖς
799 2348 893 2401 καὶ¹
931 2351 1043 2412 τοῖς
1080 2350 1215 2413 υἱοῖς
1245 2349 1352 2403 τῶν
1384 2353 1650 2421 πενήτων,
1683 2347 1757 2407 ὧν
1779 2351 1872 2406 καὶ

293 2441 332 2511 ἡ
380 2440 686 2510 προφητεία
736 2439 1004 2511 μέμνηται
1039 2440 1300 2509 λέγουσα·
1349 2460 1368 2494 ί
1405 2443 1871 2512 Εὐαγγελίσασθαι

293 2535 534 2604 πτωχοῖς
557 2532 863 2586 άπέσταλκέ
895 2550 990 2604 με·
1022 2532 1254 2604 κηρῦξαι
1287 2535 1649 2606 αίχμαλώτοις
1681 2539 1871 2608 ἄφεσιν

294 2625 394 2679 καὶ
427 2625 648 2693 τυφλοῖς
675 2624 985 2696 ἀνάϐλεψιν.
1003 2645 1020 2676 ›
1043 2627 1300 2697 Πτωχοὺς
1327 2627 1382 2679 δὲ
1411 2628 1596 2692 ποίους
1619 2631 1802 2700 φησιν,
1835 2632 1868 2702 ἢ

289 2717 422 2779 τοὺς
455 2715 782 2786 δυναμένους
812 2714 1010 2786 ὁμοίως
1052 2714 1248 2786 Παύλῳ
1280 2715 1458 2786 λέγειν
1479 2735 1490 2747 ·
1522 2737 1540 2769 ι
1575 2721 1734 2791 ’Λχρι
1772 2721 1870 2793 τῆς

290 2807 418 2878 ἄρτι
455 2805 607 2876 ὧρας
641 2809 736 2859 καὶ
790 2806 1058 2876 πεινῶμεν
1108 2806 1201 2860 καὶ
1226 2806 1487 2878 διψῶμεν,
1518 2809 1609 2862 καὶ
1661 2828 1871 2882 γυμνη-

290 2897 547 2969 τεύομεν,
595 2899 688 2950 καὶ
716 2897 1137 2967 κολαφιζόμεθα,
1173 2899 1266 2951 καὶ
1291 2899 1626 2971 ἀστατοῦμεν
1647 2921 1659 2933 ·
1693 2921 1711 2953 ι
1746 2903 1870 2966 τούς

287 3007 352 3046 τε
401 2991 607 3061 ὁμοίως
639 2990 829 3061 Πέτρῳ
877 2991 1187 3060 φήσαντας·
1225 3009 1243 3042 ι
1283 2990 1568 3063 ’Δργύριον
1601 2995 1695 3046 καὶ
1738 3011 1870 3064 χρυ-

294 3083 411 3138 σίον
439 3083 538 3152 οὐχ
571 3081 802 3154 ὑπάρχει
836 3100 944 3153 μοι.
980 3101 998 3134 ι
1028 3082 1314 3147 Τοιούτους
1345 3084 1400 3137 δὲ
1433 3085 1679 3154 πτωχοὺς
1708 3086 1868 3150 αὐτὸς
1895 3080 1937 3137 C

290 3173 474 3245 ἑαυτῷ
520 3170 894 3245 παρεσκεύαζε
938 3173 1216 3245 παραινῶν
1252 3173 1325 3245 μὴ
1373 3174 1600 3246 κτῆσθαι
1650 3176 1868 3247 χρυσίον

295 3270 434 3344 μηδὲ
469 3268 729 3340 ἀργύριον
777 3271 856 3332 είς
891 3268 989 3332 τὰς
1023 3267 1215 3332 ζώνας,
1273 3268 1347 3340 μὴ
1390 3271 1569 3341 πήραν
1616 3270 1697 3333 εἰς
1729 3270 1865 3334 ὁδὸν,

293 3363 436 3434 μηδὲ
466 3361 560 3414 δύο
592 3361 823 3432 χιτῶνας
847 3401 862 3425 ,
897 3361 1027 3432 μηδὲ
1056 3361 1375 3432 ὑποδήματα
1394 3402 1408 3426 ,
1464 3363 1596 3435 μηδὲ
1652 3363 1864 3435 ῥάϐδον.

293 3475 313 3507 ι
344 3453 594 3508 Τοιοῦτοι
623 3454 681 3508 δὲ
711 3451 850 3525 ἦσαν
868 3453 970 3530 καὶ
997 3455 1046 3506 οἱ
1079 3453 1245 3507 πάλαι
1278 3455 1652 3527 περιελθόντες
1675 3459 1732 3510 ὲν
1767 3475 1869 3530 μη-

284 3548 510 3610 λωταῖς,
534 3548 591 3598 ὲν
623 3545 846 3614 αἰγείοις
868 3526 1150 3617 ’δέρμασιν
1169 3585 1183 3610 ,
1217 3526 1636 3618 ὑστερούμενοι,
1687 3526 1867 3602 θλιϐό-

287 3657 468 3711 μενοι,
514 3637 972 3709 κακουχούμενοι,
1000 3641 1058 3692 ὲν
1098 3640 1352 3712 ἐρημίαις
1405 3639 1745 3711 πλανώμενοι
1774 3643 1867 3696 καὶ

282 3729 468 3802 ὄρεσι,
501 3729 594 3782 καὶ
622 3729 924 3799 σπηλαίοις,
952 3730 1045 3783 καὶ
1083 3733 1200 3794 ταῖς
1225 3733 1384 3794 ὀπαῖς
1413 3733 1512 3803 τῆς
1536 3733 1690 3803 γῆς.»
1729 3733 1866 3786 Ἀλλ’

283 3824 337 3877 εί
380 3821 481 3892 μὲν
526 3822 728 3875 τούτων
780 3823 938 3893 μόνον
971 3822 1372 3894 ἐμνημόνευσεν
1401 3825 1428 3876 ὀ
1479 3823 1668 3892 λόγος,
1729 3827 1866 3879 άπο-

283 3914 574 3970 κέκλειστο
611 3915 719 3976 πᾶς
750 3916 778 3967 6
833 3914 906 3986 μὴ
933 3914 1204 3979 τοιοῦτος·
1253 3914 1346 3969 νῦν
1394 3915 1450 3969 δὲ
1493 3918 1586 3970 καὶ
1618 3915 1868 3989 δεύτερον

285 4007 484 4077 τάγμα
526 4005 944 4077 καταριθμεῖται
997 4006 1255 4074 φάσκων·
1319 4025 1338 4057 t
1375 4007 1486 4060 Καὶ
1532 4006 1692 4060 σώσει
1743 4008 1868 4070 τοὺς

287 4099 445 4161 υἱοὺς
473 4095 581 4149 τῶν
613 4097 880 4167 πενήτων.
911 4115 929 4148 ι
971 4095 1088 4149 Υἱοὶ
1128 4096 1184 4150 δὲ
1227 4098 1469 4169 πενήτων
1491 4093 1629 4170 ἦσαν
1667 4098 1715 4150 οἱ
1760 4098 1867 4153 τῶν

285 4187 607 4244 ἀποστόλων
640 4188 734 4240 καὶ
790 4186 1046 4258 μαθητῶν
1091 4187 1185 4240 τοῦ
1236 4187 1488 4258 Σωτῆρος
1525 4187 1684 4259 ήμῶν
1727 4187 1866 4256 γνώ-

292 4297 469 4352 ριμοι,
489 4280 705 4343 ὁποίους
732 4278 906 4351 δηλῶν
932 4281 960 4332 6
993 4279 1310 4344 Ἀπόστολος
1331 4279 1512 4348 ἔλεγεν
1531 4297 1544 4309 °
1570 4299 1587 4330 ι
1613 4279 1734 4334 Ἐὰν
1759 4279 1866 4352 γὰρ

289 4372 526 4436 πολλοὺς
554 4372 932 4441 παιδαγωγοὺς
960 4371 1121 4442 ἔχητε
1154 4373 1212 4425 ὲν
1237 4372 1477 4444 Χριστῷ,
1511 4372 1625 4425 ἀλλ’
1648 4374 1708 4426 οὐ
1739 4372 1866 4428 πολ-

286 4464 420 4527 λοὺς
449 4463 716 4535 πατέρας·
749 4467 806 4516 ὲν
828 4463 936 4535 γὰρ
966 4464 1186 4536 Χριστῷ
1213 4463 1387 4534 Ἰησοῦ
1410 4463 1520 4532 ἐγὼ
1544 4465 1687 4535 ὑμᾶς
1719 4467 1870 4534 ὲγέν-
1901 4449 1944 4502 Ῑ)

288 4571 436 4625 νησα
456 4569 471 4582 ⁸
504 4573 522 4606 ι
557 4557 651 4608 καὶ
681 4555 842 4609 πάλιν
861 4572 874 4585 ·
919 4574 938 4606 ι
967 4555 1144 4609 Τέκνα
1181 4573 1279 4625 μου
1305 4594 1320 4618 ,
1362 4555 1456 4620 οὒς
1502 4557 1662 4611 πάλιν
1693 4557 1866 4610 ώδίνω

289 4646 454 4717 ἄχρις
480 4639 542 4698 οὗ
576 4646 832 4718 μορφωθῇ
857 4647 1089 4718 Χριστὸς
1120 4649 1176 4701 ἐν
1200 4648 1345 4718 ὑμῖν.
1379 4667 1396 4700 ι
1430 4648 1590 4702 Ἀλλὰ
1615 4649 1738 4712 τοὺς
1770 4650 1867 4720 μὲν

294 4737 550 4806 πτωχοὺς
578 4737 770 4790 ἑαυτοῦ
803 4739 897 4790 καὶ
930 4739 1051 4800 τοὺς
1083 4738 1230 4801 υἱοὺς
1257 4738 1366 4790 τῶν
1394 4741 1639 4810 πενήτων
1669 4739 1764 4792 σὺν
1785 4739 1865 4792 δι-

290 4829 552 4900 καιοσύνῃ
583 4831 676 4884 καὶ
704 4831 835 4902 ὀρθῇ
872 4832 1051 4903 κρίσει
1095 4830 1255 4896 σώζει
1277 4851 1290 4864 ·
1327 4833 1416 4886 τὸν
1441 4833 1497 4886 δὲ
1523 4834 1865 4905 συκοφάντην

292 4923 678 4994 προῃρημένον
709 4924 741 4993 ἢ
782 4925 875 4978 καὶ
902 4923 993 4978 τὸν
1022 4925 1147 4979 λαὸν
1178 4925 1342 4978 αὑτοῦ
1375 4927 1471 4979 καὶ
1498 4928 1596 4998 τὴν
1637 4927 1865 4998 Ἐκκλη-

294 5014 419 5067 σίαν
448 5014 702 5086 πολεμεῖν
735 5017 941 5088 (μυρίοι
983 5017 1040 5071 δὲ
1078 5019 1406 5088 συκοφάνται
1427 5021 1526 5092 τὴν
1541 5022 1866 5092 Ἐκκλησίαν

292 5105 462 5159 αὑτοῦ
490 5106 875 5177 διαϐάλλουσι),
900 5109 992 5162 καὶ
1022 5110 1110 5164 τὸν
1136 5111 1248 5181 βίον
1276 5111 1383 5165 τῶν
1408 5113 1465 5165 ἐν
1487 5116 1552 5184 τῇ
1571 5114 1866 5186 Ἐκκλησία

292 5197 462 5250 αὑτοῦ
493 5198 896 5271 διαπρεπόντων
943 5201 1089 5255 ἄλλοι
1125 5203 1572 5272 συκοφαντοῦσιν·
1619 5199 1694 5259 ὧν
1744 5209 1865 5260 ὲπι-

297 5290 506 5359 στήσας
533 5292 596 5362 τῇ
623 5291 846 5362 τελευτῇ
879 5291 974 5345 τοῦ
1008 5292 1154 5362 βίου,
1187 5294 1306 5363 ὄψει
1329 5295 1478 5358 ὅπως
1519 5297 1728 5368 εἴρηται
1779 5298 1860 5365 τὸ,

299 5380 444 5434 «Καὶ
468 5382 793 5436 ταπεινώσει
830 5385 1189 5457 συκοφάντην.
1217 5406 1236 5439 ι
1267 5386 1363 5450 Τίς
1395 5386 1504 5460 γὰρ
1534 5389 1642 5443 τῶν
1669 5407 1864 5461 τυραν-

388 5587 432 5618 "
471 5585 635 5640 Zacb.
670 5605 731 5652 ιι,
763 5590 850 5655 10,
885 5591 971 5646 Η.

300 5655 347 5686 ³⁸
381 5655 400 5710 1
435 5657 559 5710 Cor.
613 5675 684 5724 ιν,
732 5660 810 5714 15.
890 5663 932 5693 ²⁶
966 5661 1083 5721 Gal.
1122 5679 1195 5721 tv,
1234 5664 1317 5719 l9.

1077 5593 1124 5624 ³⁸
1155 5594 1403 5668 Isa_._t.x|,
1437 5597 1484 5650 l.
1510 5599 1551 5631 ¹¹
1587 5596 1754 5656 lCor.
1779 5600 1834 5668 4,
1875 5600 1961 5656 Η.

1975 1820 2120 1889 regis
2161 1837 2178 1870 ι
2215 1817 2488 1888 judicabit
2524 1832 2790 1887 pauperes
2822 1815 3030 1887 populi,
3079 1823 3134 1871 et
3164 1817 3346 1872 salvos
3380 1815 3544 1870 faciet

1976 1913 2115 1967 ﬁlios
2146 1926 2479 1982 pauperum;
2521 1929 2538 1960 ι
2575 1924 2700 1962 nam
2736 1924 2860 1963 cum
2911 1908 3066 1978 prius
3118 1909 3293 1962 salute
3349 1908 3543 1979 dignos

1967 2006 2295 2076 judicasset,
2319 2004 2400 2058 sic
2422 2003 2503 2057 eis
2528 2002 2757 2057 salutem
2793 2001 3052 2070 impertit.
3098 1999 3216 2054 Non
3251 2000 3394 2055 enim
3425 1999 3544 2055 sine

1973 2097 2176 2170 prmvio
2219 2096 2453 2167 judicio,
2513 2095 2605 2150 sed
2661 2095 2945 2163 praemisso
2994 2093 3266 2157 examine,
3314 2093 3544 2148 salutem

1973 2191 2178 2262 praebet
2199 2188 2533 2259 pauperibus
2566 2187 2681 2242 suis
2705 2195 2757 2240 et
2787 2185 2912 2239 ﬁliis
2936 2200 3264 2256 pauperum,
3307 2199 3543 2254 quorum

1973 2282 2256 2355 prophetia
2285 2280 2534 2335 meminit
2555 2278 2743 2334 dicens
2771 2297 2784 2332 :
2823 2298 2841 2329 ι
2877 2277 3266 2348 Evangelizare
3289 2277 3545 2347 pauperi-

1972 2379 2077 2432 bus
2111 2374 2261 2430 misit
2303 2390 2390 2429 me
2419 2393 2431 2428 :
2461 2373 2757 2444 praadicare
2786 2370 3018 2440 captivis
3047 2371 3450 2434 dimissionem,
3491 2376 3546 2424 et

1972 2469 2133 2525 caecis
2166 2468 2318 2522 visus
2343 2463 2746 2520 restitutionem
2777 2463 2844 2518 ¹⁰.
2878 2481 2896 2515 ι
2934 2461 3212 2518 Mendicos
3240 2477 3374 2516 vero
3403 2478 3544 2532 quos

1973 2561 2068 2624 ait,
2094 2558 2201 2613 nisi
2223 2572 2320 2613 eos
2345 2555 2438 2626 qui
2464 2553 2688 2624 perinde
2713 2562 2874 2622 atque
2902 2550 3106 2606 Paulus
3131 2551 3315 2606 dicere
3338 2553 3541 2620 valent,

1977 2673 1997 2705 ι
2039 2651 2225 2722 Usque
2259 2649 2314 2703 in
2343 2648 2486 2702 hanc
2515 2647 2703 2700 horam
2731 2653 2786 2699 et
2814 2643 3088 2698 esurimus
3116 2651 3169 2697 et
3205 2644 3445 2708 sitimus,
3489 2653 3546 2705 et

1971 2745 2100 2801 nudi
2127 2757 2336 2805 sumus,
2374 2750 2428 2795 et
2459 2738 2703 2809 colaphis
2737 2736 3015 2801 caedimur,
3047 2745 3103 2791 et
3133 2736 3420 2791 instabiles
3445 2752 3543 2792 su-
3648 2751 3654 2764 ι

1972 2850 2096 2890 mus
2121 2836 2164 2867 ἰ
2210 2853 2223 2887 :
2267 2853 2286 2885 ι
2317 2841 2480 2902 atque
2505 2846 2602 2886 cos
2635 2831 2727 2900 qui
2756 2845 2882 2884 cum
2905 2827 3070 2884 Petro
3098 2828 3212 2883 hac
3241 2827 3392 2882 eﬁ‘ari
3413 2842 3544 2897 pos-

1973 2932 2123 2988 sunt,
2157 2942 2175 2974 ι
2200 2922 2497 2993 Argentum
2533 2927 2587 2975 et
2616 2935 2808 2973 aurum
2839 2934 2948 2973 non
2978 2925 3062 2973 est
3084 2918 3218 2972 mihi
3237 2919 3301 2971 ".
3339 2937 3357 2969 ι
3379 2915 3540 2974 Tales

1974 3017 2079 3074 sibi
2099 3017 2375 3087 pauperes
2405 3013 2635 3085 paravit,
2657 3011 2979 3082 prmeipiens
3001 3011 3109 3066 illis
3141 3018 3200 3064 ut
3228 3024 3334 3064 non
3363 3011 3543 3080 possi-

1970 3112 2162 3167 derent
2210 3124 2406 3162 aurum
2457 3121 2633 3177 neque
2682 3112 2966 3176 argentum
3017 3103 3074 3158 in
3133 3103 3308 3168 zonis,
3363 3118 3541 3174 neque

1969 3219 2153 3275 peram
2179 3201 2245 3256 ad
2273 3201 2439 3265 viam,
2465 3214 2642 3269 neque
2673 3198 2810 3253 duas
2845 3196 3080 3263 tunicas,
3116 3211 3294 3266 neque
3335 3194 3540 3250 calcea-

1971 3303 2175 3358 menta,
2215 3307 2396 3362 neque
2418 3291 2622 3360 virgam
2648 3289 2714 3342 ³³,
2741 3287 3066 3356 Hujusmodi
3099 3287 3229 3340 item
3259 3292 3416 3340 erant
3460 3285 3537 3338 illi

1968 3387 2096 3441 olim
2130 3403 2147 3436 ι
2188 3384 2598 3438 circumeuntes
2627 3379 2680 3432 in
2712 3379 2951 3440 melotis,
2988 3378 3041 3431 in
3085 3377 3315 3447 pellibus
3359 3377 3541 3445 capri-

1969 3480 2078 3544 nis,
2114 3485 2358 3548 egentes,
2420 3473 2735 3543 angustiati,
2789 3471 2992 3534 alllicti,
3043 3470 3100 3524 in
3154 3468 3538 3525 solitudinibus

1968 3579 2243 3633 errantes,
2281 3568 2337 3622 in
2368 3565 2667 3626 montibus,
2697 3564 2752 3617 in
2785 3561 3060 3633 speluncis
3087 3561 3218 3616 etin
3255 3553 3540 3616 foramini-

1968 3665 2072 3719 bus
2101 3670 2262 3716 terra:
2283 3660 2350 3714 “.
2391 3677 2408 3710 ι
2466 3656 2570 3712 Sed
2603 3656 2648 3711 si
2688 3656 2852 3710 hosce
2878 3654 3052 3708 solum
3085 3668 3265 3709 sermo
3296 3667 3536 3708 comme-

1967 3761 2256 3816 morasset,
2320 3751 2576 3807 exclusus
2638 3763 2769 3806 sane
2810 3747 2948 3802 foret
3014 3745 3264 3817 quisquis
3315 3745 3383 3800 iis
3427 3760 3538 3800 non

1971 3847 2170 3904 similis
2205 3850 2372 3901 esset.
2410 3842 2479 3896 At
2520 3843 2632 3912 jam
2664 3841 2831 3896 alium
2860 3839 3108 3894 ordinem
3136 3844 3419 3893 enumerat
3455 3836 3542 3890 di~

1967 3953 2121 4004 cens,
2160 3955 2178 3988 ‹
2213 3934 2281 3989 Ει
2305 3933 2490 3989 salvos
2517 3933 2678 3987 faciet
2709 3931 2848 3986 ﬁlios
2873 3943 3194 4001 pauperum.
3221 3947 3238 3979 ι
3265 3926 3388 3981 Filii
3413 3942 3538 3982 vero

1967 4043 2263 4100 pauperum
2293 4033 2449 4081 erant
2481 4025 2852 4094 apostolorum
2884 4029 2937 4076 et
2982 4021 3372 4091 discipulorum
3417 4016 3540 4072 Ser-

1966 4121 2173 4175 vatoris
2202 4121 2375 4175 nostri
2402 4119 2537 4181 noti,
2568 4133 2706 4188 quos
2746 4114 3038 4186 Apostolus
3059 4113 3208 4168 hisce
3249 4109 3429 4165 verbis
3453 4109 3540 4162 in-

1971 4213 2204 4268 dicavit:
2238 4231 2256 4264 ‹
2296 4211 2429 4266 Nam
2459 4211 2560 4266 etsi
2605 4209 2809 4264 multos
2842 4206 3163 4278 paedagogos
3200 4201 3442 4257 habeatis
3482 4201 3537 4254 in

1969 4305 2211 4372 Christo,
2245 4304 2340 4360 sed
2382 4319 2491 4358 non
2528 4322 2541 4357 :
2581 4302 2783 4356 multos
2815 4309 3034 4372 patres:
3059 4299 3112 4352 in
3148 4297 3362 4350 Christo
3391 4293 3536 4347 enim

1968 4398 2096 4454 Jesu
2127 4411 2226 4467 ego
2270 4412 2366 4450 vos
2398 4397 2555 4466 genui
2575 4396 2655 4460 ²⁸;
2705 4413 2723 4445 ι
2760 4407 2822 4446 ac
2866 4404 3088 4445 rursum
3137 4406 3152 4442 :
3197 4406 3214 4437 ι
3252 4385 3372 4439 Filii
3406 4385 3533 4449 mei,

1971 4504 2112 4561 quos
2145 4503 2366 4541 rursum
2401 4485 2669 4557 parturio,
2701 4483 2874 4539 donec
2905 4481 3168 4536 formetur
3195 4477 3448 4532 Christus
3479 4476 3536 4530 in

1970 4579 2125 4634 vobis
2152 4580 2217 4630 ".
2252 4596 2270 4628 ι
2299 4575 2500 4631 Verum
2531 4588 2802 4646 pauperes
2824 4586 2956 4627 suos
2987 4578 3040 4626 et
3070 4569 3210 4623 ﬁlios
3235 4567 3535 4638 pauperum

1967 4688 2090 4728 cum
2111 4670 2327 4741 justitia
2356 4677 2410 4724 et
2440 4677 2590 4724 recto
2624 4665 2834 4736 judicio
2878 4665 3053 4720 salute
3083 4663 3266 4718 donat.
3315 4659 3537 4715 Calum-

1967 4761 2199 4818 niatoris
2227 4770 2431 4823 autem,
2457 4759 2549 4829 qui
2589 4758 2642 4811 in
2676 4757 2914 4810 animum
2944 4753 3156 4808 induxit
3186 4752 3444 4823 populum
3481 4755 3538 4804 et

1971 4851 2268 4910 Ecclesiam
2315 4851 2436 4922 ejus
2481 4852 2800 4919 impugnare
2874 4851 3036 4916 (nam
3092 4843 3334 4900 sexcenti
3371 4858 3534 4915 syco-

1970 4945 2186 5014 phantae
2240 4951 2367 4997 sunt
2425 4940 2517 5009 qui
2558 4938 2854 4992 Ecclesiam
2904 4936 3023 5004 eius
3071 4932 3532 5006 calumniantur);

1967 5031 2076 5084 imo
2109 5030 2272 5084 etiam
2297 5029 2530 5081 aliorum
2563 5026 2655 5096 qui
2696 5025 2847 5096 probi
2899 5025 3133 5080 instituti
3159 5025 3307 5081 viros
3346 5025 3400 5078 in
3431 5022 3535 5077 Ec-

1965 5118 2132 5174 clesia
2154 5117 2277 5188 ejus
2311 5117 2684 5189 sycophantiis
2706 5116 2994 5186 impetunt,
3019 5117 3143 5170 vita:
3174 5118 3376 5172 exitum
3410 5129 3532 5185 per-

1969 5211 2236 5282 pendens,
2280 5210 2451 5280 probe
2482 5209 2747 5278 intelliges
2795 5223 2892 5262 cur
2921 5207 3152 5272 dicatur,
3190 5227 3208 5258 ι
3262 5207 3328 5261 Et
3357 5207 3532 5259 Immi-

1970 5301 2124 5356 liabit
2171 5301 2646 5357 calumniatorem.
2687 5319 2704 5351 ι
2740 5299 2873 5366 Quis
2912 5301 3055 5355 enim
3089 5314 3298 5360 eorum,
3332 5297 3420 5364 qui
3454 5302 3530 5364 ty.

1967 5395 2196 5447 rannice
2249 5392 2305 5447 in
2358 5389 2656 5447 Salvatoris
2703 5391 2877 5447 nostri
2941 5391 3234 5446 Ecclesiam
3281 5391 3523 5457 egerunt,

2059 5603 2103 5636 ²¹
2134 5600 2254 5658 Act.
2287 5617 2368 5670 ιιι,
2395 5601 2449 5659 6.
2548 5602 2595 5634 ’³
2629 5601 2817 5657 Matth.
2851 5616 2900 5665 x,
2927 5597 2978 5652 9.
3058 5595 3100 5626 "
3133 5593 3296 5652 llebr.
3328 5608 3404 5662 xx,
3431 5592 3520 5649 37.
