4008 6210
474 259 582 316 799

1142 259 1408 318 EUSEBII
1446 258 1925 315 CAESARIENSI‘S
1962 258 2112 318 ΟΝ).
2151 260 2330 315 PARS
2369 260 2456 317 Ill.
2497 288 2564 303 -—
2599 259 3006 317 EXEGETICA.

3607 263 3714 321 ειο

475 393 706 448 eamque
739 377 1068 448 blasphemis
1105 380 1268 438 dictis
1301 389 1356 436 et
1381 380 1756 453 syc0phantiis
1787 382 2036 436 traduxe-

2142 383 2462 448 νευσάντων,
2508 384 2603 438 καὶ
2634 383 2735 455 τὴν
2771 383 2865 436 τοῦ
2899 383 3148 453 Σωτηρος
3189 398 3222 452 η
3233 398 3347 452 μων
3392 380 3715 453 ’Ἐκκλησίαν
3747 414 3750 416 ~

477 475 624 533 runt,
661 467 905 534 deiectus
935 484 1044 524 non
1079 469 1224 524 fuit?
1251 470 1387 538 Quis
1417 487 1483 526 ex
1517 471 1854 542 sapientibus
1883 472 2044 540 hujus

479 557 664 611 saeculi
688 557 928 629 linguam
959 576 1113 615 suam
1140 564 1358 618 exacuit
1388 571 1578 618 contra
1621 563 1857 618 divinam
1896 562 2046 618 Scri-

477 656 715 718 pturam,
756 649 888 720 quin
917 653 1287 724 sycophantias
1318 636 1432 710 suae
1480 655 1709 725 pignora
1757 657 2045 711 retulerit?

478 737 584 793 Sed
619 755 744 794 cum
778 742 918 797 bene
955 744 1110 798 multi
1149 745 1499 816 sycophaan
1525 755 1714 800 contra
1743 744 2044 802 Ecclesium

475 827 598 896 ejus
622 828 1044 898 insurrexerint,
1079 849 1380 906 omnesque
1401 850 1630 905 prorsus
1651 835 1847 905 dejecti
1869 845 1923 891 et
1953 836 2049 890 lm-

473 918 670 974 miliati
715 922 952 989 fuerint;
991 923 1108 994 ipse
1149 933 1331 981 tamen
1362 940 1470 979 una
1509 940 1630 981 cum
1656 927 1770 981 sole
1798 941 2047 998 perman-

472 1024 665 1078 surus,
701 1029 764 1068 ac
794 1016 1018 1086 perinde
1050 1028 1210 1088 atque
1238 1019 1319 1074 sol
1337 1019 1601 1075 doctrinae
1627 1036 1739 1076 suae
1769 1022 1938 1077 radiis
1963 1032 2046 1078 to-

472 1110 591 1156 tum
627 1105 814 1160 orbem
840 1107 1220 1165 illustraturus
1249 1110 1595 1180 prmdicitur;
1624 1121 1677 1167 et
1699 1121 1825 1168 ante
1856 1114 2042 1168 lunam

475 1195 692 1254 futurus
743 1202 1174 1270 praenuntiatur;
1239 1204 1353 1258 sive
1417 1205 1718 1260 secundum
1767 1205 2042 1275 Aquilam,

479 1304 498 1337 ι
530 1285 596 1342 Et
624 1287 677 1342 in
707 1287 900 1344 faciem
936 1291 1104 1358 lunae;
1139 1313 1158 1342 ο
1188 1300 1282 1345 aut
1305 1293 1604 1348 secundum
1630 1293 2039 1365 Symmachum,

477 1396 496 1428 ι
529 1374 596 1431 Ει
625 1379 678 1432 in
710 1387 1010 1450 conSpcctn
1059 1381 1199 1436 luna:
1227 1383 1588 1452 permanebit.
1635 1403 1655 1437 ι
1709 1383 1827 1438 Non
1873 1385 2041 1449 enim,

474 1479 602 1524 ante
633 1470 840 1536 lunam,
875 1471 928 1526 id
954 1481 1055 1541 est,
1088 1481 1382 1546 antequam
1425 1475 1554 1530 luna
1601 1476 1789 1544 fieret;
1825 1477 1918 1532 sed
1950 1493 2044 1532 co-

397 1610 400 1614 .
469 1575 612 1628 ram,
654 1561 710 1616 id
755 1573 860 1628 est,
919 1564 974 1620 in
1024 1581 1326 1637 conspecw
1383 1567 1524 1623 lunae
1569 1574 1652 1624 est
1683 1569 2039 1639 reputandus.

471 1651 938 1718 Quemadmodum
972 1655 1117 1710 enim
1162 1657 1247 1711 sol
1299 1657 1442 1712 diem
1490 1657 1652 1712 efficit
1705 1673 1829 1713 cum
1879 1675 2044 1731 super

2149 475 2516 546 βλασφημίαις
2555 476 2650 530 καὶ
2702 475 3083 544 συκοφαντίαις
3139 472 3601 545 περιϐαλλόντων,
3650 476 3712 528 ού

2144 567 2568 633 τεταπείνωται;
2613 567 2708 632 Τίς
2756 567 2864 620 τῶν
2914 565 3091 635 σοφῶν
3140 565 3234 618 τοῦ
3277 564 3469 628 αἰῶνος
3499 564 3712 631 τούτου,

2143 659 2242 730 τὴν
2273 657 2437 712 αὑτοῦ
2471 658 2716 728 γλῶτταν
2748 660 3018 732 ἀκονήσας
3049 659 3189 713 κατὰ
3224 658 3324 728 τῆς
3357 657 3713 713 θεοπνεύστου

2145 751 2388 824 Γραφῆς,
2421 752 2482 805 οὑ
2511 752 2579 806 τά
2615 753 2864 825 ἐπίχειρα
2899 752 3131 808 πέπονθε
3177 753 3278 822 τῆς
3316 753 3709 823 συκοφαντίας;

2160 844 2319 898 Ἀλλὰ
2351 844 2460 916 γὰρ
2493 845 2755 900 πλείστων
2784 848 2922 901 ὅσων
2962 846 3331 918 ἐπισταμένων
3363 847 3715 916 συκοφαντῶν

2145 937 2286 993 κατὰ
2312 939 2411 1010 τῆς
2443 938 2767 1010 Ἐκκλησίας
2786 939 2971 1005 αὑτοῦ,
2995 940 3210 995 πάντων
3231 957 3291 993 τε
3316 941 3457 995 κατὰ
3485 943 3713 1012 καιροὺς

2144 1030 2578 1101 ταπεινουμένων
2601 1070 2616 1096 ,
2648 1031 2809 1097 αὐτὸς
2837 1031 3284 1104 συμπαραμένειν
3327 1032 3406 1104 τῷ
3452 1033 3586 1104 ἡλίῳ
3620 1034 3714 1088 θε-

2147 1123 2414 1189 σπίζεται,
2451 1124 2651 1196 ὁμοίως
2683 1124 2814 1198 ἡλίῳ
2846 1129 2965 1189 ταῖς
2997 1126 3190 1194 αὐγαῖς
3222 1127 3321 1197 τῆς
3356 1125 3519 1180 αὐτοῦ
3559 1127 3715 1181 διδα-

2147 1217 2370 1282 σκαλίας
2395 1219 2484 1272 τὸν
2511 1218 2798 1290 σύμπαντα
2826 1218 3195 1291 καταλάμπων
3221 1221 3426 1291 κόσμον
3445 1236 3460 1252 ’
3487 1221 3582 1274 καὶ
3605 1223 3715 1294 πρὸ

2142 1307 2241 1378 τῆς
2273 1308 2498 1380 σελήνης
2529 1308 2586 1361 δέ
2606 1325 2619 1338 ·
2650 1308 2682 1380 ἢ
2713 1309 2851 1363 κατὰ
2873 1309 2962 1362 τὸν
2991 1309 3240 1373 Ἀκύλαν,
3270 1330 3289 1362 ι
3314 1312 3423 1366 Καὶ
3443 1313 3522 1375 είς
3545 1314 3716 1384 πρόσ-

2143 1415 2289 1451 ωπον
2319 1399 2416 1470 τῆς
2447 1399 2672 1472 σελήνης
2691 1418 2704 1431 ·
2736 1420 2755 1452 ι
2808 1401 2840 1472 ἡ
2880 1401 3019 1455 κατὰ
3067 1402 3156 1455 τὸν
3207 1402 3517 1475 Σύμμαχον,
3550 1425 3567 1456 ι
3593 1407 3709 1460 Καὶ

2143 1481 2449 1555 ἔμπροσθεν
2478 1486 2577 1556 τῆς
2617 1486 2844 1560 σελήνης
2869 1488 3129 1560 διαμενεῖ.
3170 1509 3188 1542 ι
3215 1491 3290 1545 Ob
3335 1491 3444 1565 γὰρ
3471 1493 3572 1565 πρό
3601 1496 3704 1567 τῆς

2146 1576 2392 1648 σελήνης,
2422 1578 2671 1633 τουτέστι
2717 1579 2844 1651 πρὶν
2875 1580 3124 1649 γενέσθαι
3159 1582 3256 1654 τὴν
3293 1584 3518 1657 σελήνην
3540 1603 3553 1617 ·
3587 1587 3702 1641 ἀλλ’

2144 1667 2371 1722 ἐνώπιον
2394 1667 2584 1740 ὥσπερ
2611 1669 2706 1722 καὶ
2745 1668 3052 1740 ἔμπροσθεν
3075 1671 3372 1744 ἡγούμενος
3415 1674 3517 1745 τῆς
3553 1676 3711 1748 σελή-

469 1754 674 1799 terram
721 1745 972 1812 advenit;
1007 1748 1135 1803 luna
1155 1742 1290 1804 vero
1318 1748 1522 1804 lumine
1551 1763 1652 1804 suo
1688 1751 1863 1807 noctis
1893 1761 2036 1807 tene-

2141 1777 2257 1831 νης.
2292 1759 2502 1832 Ὠσπερ
2526 1759 2634 1832 γὰρ
2659 1761 2808 1834 ἥλιος
2855 1764 2952 1834 μὲν
2982 1742 3193 1836 ἡμέραν
3219 1742 3520 1838 ἐργάζεται
3565 1742 3712 1842 ὑπέρ

469 1835 598 1890 bras
625 1837 789 1892 solvit
838 1855 853 1893 :
888 1839 1077 1894 eodem
1113 1839 1274 1895 modo
1303 1841 1395 1911 qui
1435 1841 1490 1896 in
1532 1842 1798 1898 vaticinio
1843 1843 2035 1911 fertur,

466 1927 692 1997 perinde
725 1936 888 1999 atque
912 1931 1038 1983 luna
1062 1929 1274 1986 animas
1303 1931 1358 1985 in
1388 1933 1630 1988 tenebris
1659 1944 1713 1989 et
1737 1944 1896 1990 nocte
1918 1951 2039 1990 ver-

468 2028 655 2076 santes
686 2021 987 2089 illuminat;
1022 2029 1185 2092 atque
1236 2022 1404 2078 veluti
1458 2025 1539 2079 sol
1591 2033 1762 2080 totum
1798 2026 2040 2082 illustrat

469 2112 678 2177 orbem,
709 2127 774 2167 ac
805 2123 1088 2182 permanet
1124 2123 1179 2170 et
1227 2126 1542 2186 perseverat
1583 2135 1758 2189 usque
1800 2121 1866 2176 ad
1906 2137 2039 2178 con-

467 2203 884 2259 summationem
917 2207 1121 2261 saeculi.
1165 2206 1417 2274 Quandiu
1449 2211 1594 2265 enim
1637 2211 1720 2268 sol
1755 2219 1926 2267 totum
1948 2229 2038 2269 or—

465 2293 587 2349 bem
615 2295 872 2360 lzetilicat,
911 2297 1097 2352 tasdiu
1128 2307 1183 2357 ct
1232 2299 1324 2356 ille
1356 2318 1461 2356 una
1503 2318 1628 2358 cum
1660 2305 1776 2361 sole
1823 2321 2038 2377 perma-

463 2402 602 2442 nens
627 2393 680 2440 et
713 2403 1070 2458 perseverans
1098 2390 1380 2448 hominum
1405 2394 1618 2452 animas
1640 2398 1946 2467 illuminat;
1972 2417 2036 2456 ac

464 2475 690 2547 perinde
725 2485 889 2547 atque
910 2479 1034 2533 luna
1059 2480 1220 2551 plena
1251 2483 1303 2538 in
1323 2487 1707 2556 generationes
1726 2492 2035 2561 generatio-

462 2581 590 2622 num
617 2567 918 2638 perdurare
949 2569 1175 2626 dicitur.

531 2882 695 2941 Vsus.
744 2885 852 2943 6-8.
889 2907 909 2940 ι
956 2886 1259 2948 Descendet
1293 2892 1439 2947 sicut
1500 2893 1684 2964 pluvia
1720 2895 1777 2949 in
1832 2896 2028 2960 vellus,

459 2983 514 3028 et
549 2975 690 3030 sicut
735 2977 1012 3032 stillicidia
1046 2979 1311 3036 stillantia
1359 2997 1525 3053 super
1568 2991 1792 3038 terram.
1853 3004 1872 3037 ι
1917 2985 2030 3040 -υο-

2138 1853 2242 1924 γῆς
2270 1853 2592 1925 γενόμενος’
2638 1852 2833 1926 σελήνη
2864 1855 2922 1908 δὲ
2961 1857 3152 1921 νυκτὸς
3196 1857 3398 1912 διαλύει
3425 1859 3486 1912 τὸ
3521 1861 3714 1925 σκότος

2136 1942 2216 2016 τῷ
2261 1943 2459 2014 ἑαυτῆς
2502 1944 2673 2014 φωτί·
2704 1946 2796 1999 τὸν
2841 1944 3005 1998 αὑτὸν
3051 1946 3250 2017 τρόπον
3296 1947 3387 2000 καὶ¹
3426 1948 3454 2000 ὁ
3493 1965 3714 2019 προφη-

2135 2037 2422 2109 τευόμενος
2449 2039 2651 2110 ὁμοίως
2679 2040 2777 2111 μὲν
2809 2038 3004 2110 σελήνῃ
3028 2038 3127 2102 τὰς
3155 2040 3212 2092 ὲν
3241 2039 3417 2111 σκότῳ
3437 2039 3716 2101 καὶνυκτὶ

2135 2130 2508 2202 τυγχανούσας
2537 2131 2711 2204 ψυχάς
2744 2129 2987 2202 φωτίζει,
3038 2130 3172 2202 ἡλίῳ
3210 2131 3266 2185 δὲ
3314 2131 3717 2204 παραπλησίως

2135 2222 2225 2276 τὸν
2256 2221 2548 2294 σύμπαντα
2584 2223 2929 2294 καταλάμπει
2973 2223 3194 2294 κόσμον,
3225 2223 3468 2294 διαμένει
3510 2241 3570 2277 τε
3611 2224 3716 2278 καὶ

2137 2315 2553 2387 συμπαραμένει
2583 2316 2709 2388 ἄχρι
2748 2316 2846 2388 τῆς
2879 2316 3183 2382 συντελείας
3226 2317 3319 2370 τοῦ
3369 2316 3583 2381 αἰῶνος.
3611 2319 3714 2383 El;

2132 2409 2256 2462 ὅσον
2284 2408 2392 2482 γάρ
2414 2410 2565 2480 ἡλιος
2597 2409 2687 2464 τὸν
2721 2409 3011 2482 σύμπαντα
3049 2411 3328 2484 φαιδρύνει
3367 2413 3590 2485 κόσμον,
3623 2416 3718 2479 είς

2131 2500 2382 2556 τοσοῦτον
2409 2503 2501 2556 καὶ
2525 2502 2686 2567 αὐτὸς
2711 2503 2789 2574 τῷ
2821 2503 2956 2575 ἡλίῳ
2987 2506 3428 2577 ωμπαραμένων
3455 2508 3548 2561 καὶ
3581 2524 3716 2560 συν-

2132 2592 2504 2663 εκτεινόμενος
2556 2593 2654 2657 τὰς
2713 2594 2819 2647 τῶν
2879 2592 3179 2666 ἀνθρώπων
3224 2595 3446 2666 φωτίζει
3493 2597 3711 2668 ψυχάς·

2131 2683 2391 2749 ὡσαύτως
2420 2684 2477 2738 δὲ
2508 2686 2602 2740 καὶ
2635 2685 2833 2760 σελήνῃ
2875 2686 3170 2759 πλησιφαεῖ
3200 2691 3592 2762 παραπλησίως
3623 2694 3714 2758 είς

2131 2776 2323 2846 γενεὰς
2351 2776 2552 2847 γενεῶν
2580 2778 2799 2848 λέγεται
2822 2778 3086 2851 διαρκεῖν.

2205 2908 2223 2940 ι
2251 2888 2634 2961 Καταϐήσεται
2662 2889 2737 2956 ὡς
2762 2891 2916 2954 ὑετὸς
2943 2891 3036 2946 ἐπὶ
3069 2891 3254 2956 πόκον,
3287 2893 3382 2946 καὶ
3414 2894 3546 2961 dies!
3576 2911 3712 2948 στα-

2130 2979 2284 3048 γόνες
2314 2979 2603 3044 στάζουσαι
2629 2981 2722 3034 ἐπὶ
2762 2981 2860 3052 τὴν
2887 2981 3011 3053 γῆν.
3037 3001 3056 3035 ›
3087 2982 3403 3037 Κατάϐασιν
3434 2983 3529 3038 τοῦ
3567 2983 3709 3040 Θεοῦ

461 3081 713 3122 scensum
746 3065 839 3122 Dei
869 3067 1028 3124 Verbi
1059 3071 1354 3142 intelligas,
1385 3073 1432 3128 si
1471 3073 1787 3130 consideres
1809 3077 2030 3146 depres-

2139 3072 2300 3142 Λόγου
2331 3073 2561 3144 νοήσεις,
2588 3073 2888 3145 ἐπιστήσας
2921 3077 2986 3146 τῇ
3011 3075 3306 3130 καταϐάσει
3345 3077 3437 3130 κα)⁸
3465 3080 3533 3148 τῇ
3566 3094 3711 3150 συμ-

458 3158 670 3212 sionem
700 3165 755 3213 et
777 3162 1284 3231 attemperationem
1308 3178 1416 3232 qua
1442 3180 1502 3220 se
1530 3163 1815 3220 hominum
1846 3168 2028 3237 parvi-

456 3249 558 3304 tati
593 3249 892 3320 adaptavit,
922 3266 1046 3306 cum
1090 3271 1110 3304 ι
1151 3253 1459 3309 humiliavit
1505 3255 1860 3325 semetipsum
1916 3256 2028 3312 for-

454 3352 599 3392 mam
619 3339 761 3394 servi
785 3336 1086 3410 accipiens,
1106 3348 1160 3396 et
1183 3340 1373 3397 habitu
1396 3341 1647 3400 inventus
1666 3351 1726 3398 ut
1741 3343 1905 3400 homo
1925 3346 1989 3398 ’⁷.
2003 3365 2020 3399 ι

455 3425 637 3492 Quare
659 3428 882 3494 dicitur,
920 3447 939 3481 ι
976 3427 1303 3487 Descendet.
1343 3449 1362 3483 ι
1395 3430 1633 3488 Necesse
1661 3448 1792 3488 vero
1833 3432 1935 3488 fuit
1967 3443 2027 3488 ut

451 3519 702 3590 exemplo
727 3521 1012 3592 prophetia
1057 3529 1303 3578 uteretur
1332 3523 1544 3594 dicens,
1578 3545 1597 3578 ι
1654 3526 1810 3583 Sicut
1839 3529 2026 3600 pluvia

452 3609 509 3664 in
540 3611 732 3668 vellus.
769 3631 788 3664 ι
819 3611 976 3680 Quod
999 3614 1252 3671 similiter
1281 3617 1479 3687 reliqui
1503 3633 1694 3676 omnes
1710 3621 2019 3687 ediderunt,

451 3702 647 3775 Aquila
705 3707 939 3774 scilicet,
997 3727 1016 3760 ι
1074 3708 1141 3763 Et
1186 3709 1483 3767 descendet
1523 3712 1671 3768 sicut
1726 3714 1912 3785 pluvia
1967 3715 2024 3772 in

452 3797 678 3866 pellem;
720 3816 740 3849 ι
781 3797 1165 3870 Symmachus,
1224 3819 1244 3853 ι
1307 3801 1614 3859 Descendet
1647 3804 1792 3860 sicut
1825 3821 1918 3863 ros
1968 3808 2022 3864 in

450 3891 658 3957 vellus;
718 3909 738 3942 ι
795 3893 1024 3963 parique
1064 3895 1228 3950 modo
1287 3896 1485 3966 reliqui
1534 3897 1885 3969 interpretes,
1923 3899 2026 3957 de-

2132 3166 2405 3237 περιφορᾷ
2435 3165 2554 3220 καθ’
2585 3167 2650 3238 ἡν
2677 3167 3158 3239 συμπεριενεχθεὶς
3184 3171 3248 3241 τῇ
3270 3168 3378 3222 τῶν
3398 3169 3708 3241 ἀνθρώπων

2133 3256 2492 3330 σμικρότητι,
2544 3276 2562 3310 ι
2604 3257 2962 3313 ἐταπείνωσεν
3006 3259 3195 3314 ἑαυτὸν
3249 3262 3460 3335 μορφὴν
3513 3262 3701 3317 δούλου

2128 3346 2326 3413 λαϐὼν,
2367 3350 2460 3402 καὶ
2493 3350 2728 3421 σχήματι
2765 3350 3007 3422 εὑρεθεὶς
3033 3350 3111 3416 ὡς
3157 3352 3459 3425 ἄνθρωπος.
3493 3373 3512 3407 ι
3559 3358 3637 3410 Δι’
3671 3357 3702 3410 ὃ

2127 3440 2413 3495 λέλεκται·
2474 3461 2493 3494 ι
2530 3443 2935 3514 Καταϐἡσεται.
2979 3464 2998 3496 ι
3068 3445 3402 3514 ’Δναγκαίως
3467 3448 3525 3501 δὲ
3606 3451 3702 3503 καὶ

2127 3532 2530 3604 παραδείγματι
2583 3534 2846 3607 κέχρηται
2904 3535 3208 3608 προφητεία
3257 3538 3500 3609 φήσασα,
3538 3558 3558 3590 ι
3609 3541 3697 3604 Ὠς

2127 3624 2278 3688 ὑετὸς
2337 3626 2430 3678 ἐπὶ
2503 3627 2687 3680 πόκον.
2743 3646 2762 3679 ι
2825 3629 2890 3681 Ὃ
2938 3628 3002 3700 δὴ
3053 3628 3356 3701 συμφώνως
3411 3634 3456 3686 οί
3514 3631 3691 3686 λοιποὶ

2126 3712 2321 3778 πάντες
2344 3715 2691 3786 ήρμήνευσαν
2707 3731 2721 3744 '
2759 3715 2988 3781 ’Δκύλας
3012 3718 3110 3790 μὲν
3131 3719 3319 3789 εἰπὼν,
3352 3741 3371 3773 ι
3395 3721 3498 3776 Καὶ
3519 3739 3691 3778 κατα-

2125 3805 2352 3877 ϐήσεται
2384 3805 2460 3869 ὡς
2483 3807 2638 3870 ὑετὸς
2673 3807 2766 3862 ἐπὶ
2796 3811 3027 3882 κουράν·
3065 3830 3083 3863 ι
3115 3812 3408 3886 Σύμμαχος
3428 3814 3504 3877 δὲ,
3537 3835 3556 3868 ι
3578 3817 3696 3870 Κα-

2122 3894 2415 3968 ταϐήσεται
2461 3897 2538 3963 ὡς
2579 3899 2768 3971 δρόσος
2838 3901 2930 3955 ἐπὶ
2972 3902 3172 3958 πόκον·
3217 3925 3235 3958 ι
3283 3907 3377 3960 καὶ
3413 3909 3464 3960 ot
3520 3908 3698 3964 λοιποὶ

451 3980 724 4037 clarantes
783 3981 967 4049 Verbi,
1024 3987 1170 4055 quod
1229 3988 1285 4041 in
1345 3989 1667 4060 prophetia,
1721 3990 1898 4046 fertur
1955 4008 2022 4047 ex

2139 3988 2457 4059 ἑρμηνευταὶ
2484 3991 2686 4062 ὁμοίως
2706 4008 2719 4021 ο
2754 3994 3126 4066 παριστῶντες
3152 3997 3246 4051 τοῦ
3289 3999 3462 4068 Λόγου
3508 4001 3607 4074 τὴν
3637 4002 3700 4069 ἐξ

452 4071 693 4140 sublimi,
724 4074 842 4130 sive
869 4090 936 4130 ex
963 4076 1098 4146 ipsis
1127 4078 1305 4144 caelis,
1337 4079 1662 4136 descensum
1691 4081 1743 4136 in
1769 4089 1967 4137 terram
2001 4103 2016 4140 :

2139 4075 2288 4146 ὂψους
2315 4080 2414 4152 τὴν
2461 4079 2520 4146 se
2566 4081 2745 4136 αὐτῶν
2789 4085 3035 4157 οὐρανῶν
3065 4089 3284 4144 κάθοδον
3316 4092 3408 4145 ἐπὶ
3452 4071 3574 4170 γῆςξ
3602 4095 3694 4149 τοῦ

449 4164 742 4236 ipsumque
794 4166 979 4236 quiete
1030 4181 1096 4223 ac
1143 4173 1369 4234 sensim,
1421 4171 1735 4229 advertente
1779 4174 2016 4242 nemine,

2139 4175 2625 4247 τροφητευομένου’
2659 4178 2755 4232 καὶ
2805 4180 2880 4245 ὼς
2905 4182 3088 4254 ἡρέμα
3134 4184 3226 4237 καὶ
3256 4185 3431 4257 ἡσυχῆ
3467 4164 3694 4257 μηδενὸς

447 4255 801 4313 descendisse
839 4259 1272 4316 subindicanles.
1321 4259 1511 4317 Pluvia
1538 4264 1738 4336 quippe
1763 4267 1819 4320 in
1845 4267 2019 4326 vellus

2139 4264 2437 4337 ιίσθομένου
2463 4268 2860 4342 καταϐέϐηκεν.
2886 4273 3070 4338 ’Υετὸς
3100 4275 3209 4347 γὰρ
3239 4255 3331 4330 ἐπὶ
3363 4255 3540 4333 πόκον
3563 4297 3670 4334 κατ

445 4349 695 4405 insensili
725 4349 888 4405 modo
918 4350 1040 4406 sine
1068 4351 1298 4422 strepitu
1333 4351 1657 4409 demittitur.
1691 4354 1829 4423 Quia
1852 4357 2017 4428 igitur

2141 4357 2249 4424 ὼν,
2298 4359 2710 4434 άνεπαισθήτως
2766 4365 2860 4418 καὶ
2921 4365 3159 4438 ἀψοφητὶ
3216 4369 3478 4426 κάτεισιν.
3537 4374 3696 4428 Ἐπεὶ

446 4431 754 4491 Servatoris
799 4438 977 4492 nostri
1011 4439 1290 4511 generatio
1324 4441 1626 4497 secundum
1659 4459 1883 4500 carnem
1919 4445 2016 4500 tali

2139 4453 2296 4508 τοίνυν
2345 4456 2378 4527 ἡ
2416 4455 2556 4510 κατά
2588 4431 2790 4529 ’σάρκα
2834 4431 3052 4529 γένεσις
3080 4431 3174 4516 τοῦ
3230 4465 3480 4537 Σωτῆρος
3529 4467 3690 4538 ἡμῶν

443 4525 854 4596 dispensatione
884 4529 1026 4585 facta
1059 4540 1164 4597 est,
1201 4542 1259 4587 ut
1285 4549 1354 4587 ne
1374 4549 1440 4588 ex
1457 4535 1654 4591 vicinis
1679 4537 1896 4606 quidem
1927 4539 2011 4593 ul-

2139 4525 2375 4619 :ozati'rqv
2397 4548 2656 4623 ἀνείληφε
2807 4525 3137 4626 οίκονομίαν,
3158 4556 3234 4621 ὼς
3266 4525 3475 4629 μηδένα
3499 4525 3694 4631 νοήσαι

442 4614 530 4672 lus
551 4621 927 4691 conceptionis
959 4631 1014 4678 et
1061 4634 1250 4695 partus
1277 4636 1481 4682 sanctae
1521 4625 1762 4699 Virginis
1800 4639 2008 4700 myste-

2139 4639 2252 4700 ιηδὲ
2282 4614 2630 4714 ἀκουσθῆναι,
2655 4614 2789 4716 μηδὲ
2811 4645 2935 4710 τοὺς
2952 4614 3028 4718 (ί)
3047 4650 3110 4702 ἐκ
3127 4614 3396 4717 ’γεὶτὲνέυν
3411 4614 3696 4707 οἰκοῦσιτὸ

442 4706 584 4762 rium
610 4711 693 4765 vel
716 4712 978 4782 cogitaret
995 4715 1076 4769 vel
1105 4716 1351 4784 audiret;
1387 4718 1534 4789 quod
1569 4719 1746 4787 ipsum
1771 4735 2010 4790 praesens

2139 4734 2412 4804 ιυστήριον
2447 4706 2546 4806 της
2583 4706 2894 4808 συλλήψεως
2915 4706 3021 4794 καί
3039 4739 3131 4794 τοῦ
3153 4706 3377 4796 τοκετοῦ
3403 4743 3504 4814 τῆς
3528 4745 3695 4814 ἁγίας

442 4809 624 4852 sermo
646 4801 1011 4858 subindicavit
1032 4804 1258 4862 dicens:
1289 4826 1307 4858 ι
1339 4807 1640 4864 Descendet
1664 4811 1806 4864 sicut
1829 4813 2011 4882 pluvia

2139 4801 2414 4897 Ιαρθένου.
2463 4801 2620 4882 Τοῦτ’
2671 4801 2834 4895 «die;
2876 4801 2919 4883 Vb
2983 4831 3174 4904 παρὼν
3225 4801 3694 4906 ᾐνίξατονλόγοᾴ

441 4887 499 4942 in
525 4889 729 4959 vellus;
769 4912 787 4944 ι
822 4903 875 4948 ει
907 4895 1069 4962 alias,
1097 4898 1226 4968 quia
1259 4901 1434 4957 vellus
1463 4903 1646 4958 ovium
1694 4906 1852 4976 pellis
1900 4918 2007 4976 est,

2139 4887 2318 4970 Μῶν·
2359 4936 2378 4969 ι
2408 4887 2906 4991 Καταϐήσεταιγὼς
2953 4887 3106 4988 ὑετὸς
3157 4887 3258 4979 ἐπί,Ι

440 4978 487 5035 si
531 4981 740 5052 cogites
791 4983 1134 5044 Servatorem
1184 4991 1361 5061 ipsum
1406 4995 1478 5048 ita
1517 4995 1792 5064 docuisse,
1831 5018 1850 5051 ι
1887 4999 2008 5057 Νοιι

2139 5005 2308 5073 ἱλλως,
2336 5009 2524 5078 ἐπειδὴ
2556 4978 2725 5076 πόκος
2757 4978 3042 5083 προϐάτων
3083 4978 3246 5089 δορὰ,
3295 4978 3493 5091 νοήσας
3533 4978 3689 5088 aes;

437 5071 560 5126 veni
593 5073 699 5130 nisi
730 5077 798 5131 ad
834 5093 964 5134 oves
995 5096 1117 5151 quae
1145 5085 1426 5154 perierunt
1454 5087 1649 5145 domus
1688 5092 1855 5149 Israel
1887 5095 2000 5163 ης»

437 5177 676 5186 __..--__
989 5171 1004 5186 .
1069 5171 1082 5184 .
1265 5175 1301 5186 ..
1467 5179 1478 5186 .
1733 5183 1778 5186 -,
1891 5185 1933 5186 η

2139 5071 2275 5162 ista;
2294 5071 2549 5155 mw.
2595 5071 2766 5173 λέγων
2801 5071 3083 5181 ὸΣωτήρσ
3117 5071 3492 5183 «ὀιέκῆἆθὸᾷ
3524 5071 3688 5186 eiii,

436 5177 678 5232 praesens
730 5165 938 5224 dictum
989 5171 1304 5242 huiusmodi
1363 5179 1481 5234 voci
1531 5183 1835 5252 coaptabis.
1890 5185 2009 5242 Non

2139 5192 2196 5254 lg
2245 5191 2315 5246 τὰ
2364 5193 2614 5264 πρόϐατα
2662 5165 2732 5250 τὰ
2780 5165 3096 5254 ἀπολωλότα
3151 5201 3301 5256 οἴκου
3353 5165 3580 5276 ’Ἰσραήλ

434 5256 581 5311 enim
611 5257 678 5312 ad
709 5258 872 5314 aliam
903 5271 1118 5333 gentem
1141 5264 1446 5335 descendit,
1483 5272 1579 5328 sed
1611 5274 1680 5329 ad
1711 5276 1884 5331 solam
1917 5277 2008 5334 Ju-

2144 5256 2442 5354 φαρμόσεις
2474 5286 2535 5339 τὸ
2566 5290 2737 5360 παρὸν
2765 5289 2942 5360 λόγιον
2977 5296 3044 5365 τῇ
3074 5294 3238 5348 αὐτοῦ
3260 5256 3544 5367 φωνῇ.ι(λύ’
3571 5297 3685 5370 γὰρ

434 5349 685 5416 daicam,
753 5367 920 5422 penes
975 5371 1139 5428 quam
1197 5372 1567 5422 commoratus
1611 5377 1717 5424 est.
1783 5368 2003 5428 Primus

2142 5349 2436 5449 ’πὶ-ἓτερον
2478 5349 3076 5457 ἔθνος-καταϐέϐηκεν,
3119 5387 3233 5442 ἀλλ’
3271 5349 3593 5461 θὲπὶῆμόνον.
3615 5349 3686 5445 τὸ
3763 5429 3776 5444 .

434 5455 564 5512 ergo
585 5444 705 5511 ejus
733 5444 1032 5505 descensus
1069 5451 1194 5507 talis
1219 5453 1340 5518 fuit,
1369 5458 1548 5526 qualis
1574 5460 1773 5530 pluvia:
1802 5462 1858 5518 in
1883 5465 1998 5518 vel-

2139 5444 2403 5535 Ιουδαίων,
2430 5473 2560 5543 παρ’
2592 5444 2674 5538 οἷς
2705 5477 2796 5528 καὶ
2824 5477 2922 5541 τὰς
2938 5444 3230 5551 ’διατριϐὰς
3258 5444 3569 5553 ἐποιήσατο.

434 5531 521 5589 lies
573 5537 871 5595 secundum
915 5540 1030 5611 jam
1064 5543 1318 5600 traditam
1377 5548 1664 5607 rationem.
1720 5551 1851 5610 Post
1882 5555 1996 5612 haec

2391 5531 2399 5535 .
2512 5531 2522 5543 ,
2653 5531 2669 5538 -
2901 5531 2918 5541 ,
3012 5531 3019 5532 κ
3074 5531 3569 5553 ,θέην-μνη--
3626 5531 3675 5537 __

2139 5558 2204 5611 .ὲν
2241 5555 2332 5614 οὖν
2373 5562 2562 5636 πρώτη
2611 5568 2908 5635 κατάϐασις
2954 5572 3118 5626 αὑτοῦ
3145 5574 3363 5644 γέγονεν
3402 5575 3476 5641 ὡς
3519 5576 3675 5643 ὑετὸς

503 5630 549 5660 ³⁷
584 5629 785 5704 Philip.
812 5651 872 5700 ιι,
897 5636 953 5693 8.
1032 5639 1084 5679 ³⁸-
1114 5638 1305 5699 Matth.
1338 5659 1426 5710 xv,
1460 5644 1551 5699 ‘24.

511 5725 586 5795 (ι)
619 5725 782 5787 Forte
809 5735 939 5796 τοῖς.
