4008 6210
401 285 496 342 801

1514 279 2012 368 COPIMENTARIA
2053 279 2118 333 IN
2152 278 2494 338 PSALMOS.

3510 289 3617 346 802

399 404 493 456 ἐπὶ
549 400 715 456 πόκον
748 401 884 456 κατά
933 401 1056 463 τοὺς
1101 399 1459 462 ἀποδοθέντας
1518 397 1786 467 τρόπουςο
1832 396 1949 467 μετὲ

2070 403 2271 459 autem,
2295 411 2403 450 non
2439 396 2580 449 ultra
2609 395 2752 451 sicut
2803 396 2855 449 in
2903 397 3096 464 vellus,
3134 399 3226 454 sed
3272 415 3466 471 magno
3491 419 3617 461 cum

397 490 568 544 ταῦτα
599 489 656 545 δὲ
705 491 885 544 οὐκέτι
939 491 1013 553 ὡς
1059 490 1154 543 ἐπὶ
1202 489 1400 551 πόκον,
1460 487 1596 541 ἀλλά
1655 487 1752 540 σὺν
1797 485 1962 558 πολλῇ

399 579 642 654 κινήσει·
676 582 770 635 καὶ
794 579 995 643 κτύπος
1019 578 1339 644 ἐξάκουστος
1358 577 1548 647 γέγονε
1575 577 1694 630 καθ’
1719 577 1844 647 ὅλης
1868 577 1966 647 τῆς

400 671 721 743 οἰκουμένης
742 673 774 742 ἡ
799 670 1110 725 διδασκαλία
1132 669 1315 724 αὑτοῦ.
1339 670 1415 722 Δι’
1439 670 1466 722 ὃ
1487 668 1791 736 έπιλέγεται
1815 666 1960 738 ἑξῆς,

408 779 429 811 ‹
455 762 547 814 καὶ
577 761 707 814 ὡσεὶ
751 761 1004 828 σταγόνες
1033 758 1321 823 στάζουσαι
1367 759 1460 812 ἐπὶ
1501 758 1600 828 τὴν
1631 757 1752 828 γῆν.
1775 775 1794 808 ι
1827 758 1965 810 Σταο

403 851 557 920 γόνες
579 852 684 923 γὰρ
714 852 745 921 ἢ
791 850 1018 920 ψεκάδες
1049 849 1188 903 κατά
1221 850 1347 913 τοὺς
1377 849 1597 911 λοιποὺς
1626 847 1962 919 ὲρμηνευτάς

404 943 688 1006 στάζουσαι
721 943 812 996 ἐπὶ
857 943 954 1012 τὴν
987 943 1090 1012 γῆν
1143 941 1318 995 οὐκέτ’
1353 939 1618 1010 ἀψοφητὶ,
1657 939 1752 991 σὺν
1786 938 1962 1009 πολλῷ

399 1035 457 1087 δὲ
493 1036 646 1106 ψόφῳ
672 1034 908 1088 κατίασι.
945 1034 1056 1086 Καὶ
1085 1033 1240 1087 τοῦτο
1263 1033 1318 1086 δὲ
1348 1031 1496 1094 τέλος
1523 1029 1832 1100 ἐτύγχανεν,
1873 1030 1960 1082 ὅτε

398 1129 479 1190 εἰς
500 1129 677 1181 πᾶσαν
699 1126 795 1198 τὴν
820 1125 923 1197 γῆν
953 1125 1174 1197 ἐξῆλθεν
1201 1127 1230 1178 ὁ
1252 1124 1482 1193 φθόγγος
1519 1122 1628 1176 τῶν
1653 1121 1960 1177 ἀποστόλων

393 1217 577 1280 αὑτοῦ,
604 1219 695 1272 καὶ
719 1219 797 1282 εἰς
825 1217 894 1271 τὰ
926 1217 1135 1288 πέρατα
1159 1216 1258 1287 τῆς
1295 1214 1614 1286 οἰκουμένης
1642 1214 1710 1268 τὰ
1744 1217 1960 1288 ῥήματα

395 1310 592 1364 αὐτῶν.

462 1422 682 1486 Τούτοις
709 1423 834 1494 ἑξῆς
854 1423 1084 1495 εἴρηταιο
1139 1442 1158 1476 ι
1202 1425 1470 1479 Ἀνατελεῖ
1492 1425 1550 1478 ὲν
1575 1425 1694 1488 ταῖς
1725 1421 1958 1494 ἡμέραις

393 1514 556 1568 αὐτοῦ
582 1514 892 1585 δικαιοσύνη
922 1515 1016 1568 καὶ
1043 1515 1243 1586 πλῆθος
1269 1517 1489 1587 εἰρήνης
1506 1533 1520 1546 ο
1561 1535 1579 1568 ι
1615 1515 1758 1570 κατά
1778 1515 1835 1567 δὲ
1865 1514 1957 1569 τὸν

407 1605 656 1672 Ἀκύλαν,
683 1625 702 1658 ι
729 1606 1027 1678 Βλαστήσει
1067 1608 1124 1660 ὲν
1154 1607 1385 1678 ἡμέραις
1417 1607 1582 1660 αὑτοῦ
1625 1607 1829 1670 δίκαιος
1865 1607 1956 1660 καὶ

394 1695 596 1768 πλῆθος
623 1697 844 1767 εἰρήνης
865 1711 879 1725 ·
911 1714 930 1746 ι
971 1694 1106 1749 κατά
1135 1695 1192 1748 δὲ
1219 1695 1312 1747 τὸν
1355 1694 1663 1765 Σύμμαχον,
1703 1712 1722 1746 ι
1769 1691 1955 1762 ’Δνθή-

2067 495 2240 550 motu,
2277 487 2492 542 sonitus
2525 487 2640 542 sive
2663 487 2911 542 doctrina
2935 490 3056 558 ejus
3098 505 3195 560 per
3223 497 3396 545 totum
3434 494 3620 549 orbem

2069 579 2134 633 ad
2163 579 2403 634 omnium
2441 593 2602 634 aures
2641 580 2900 649 pervasit.
2934 579 3110 647 Quare
3141 582 3359 636 additur
3405 583 3618 652 deinde,

2074 689 2093 722 ι
2126 678 2180 726 et
2208 671 2346 725 sicut
2373 670 2650 726 stillicidia
2701 670 2957 725 stillantia
2985 688 3148 743 super
3175 681 3397 728 terram.
3437 693 3455 724 ι
3493 674 3622 729 Stil-

2068 761 2247 816 licidia
2286 776 2536 830 namque,
2572 760 2684 815 sive
2716 778 2734 811 ι
2775 769 2940 829 gutta:
2981 761 3124 817 roris
3161 782 3178 814 ι
3211 763 3506 818 secundum
3541 781 3625 820 re-

2066 853 2244 922 liquos
2306 853 2650 922 interpretes,
2711 853 2979 909 stillantes
3031 851 3197 923 super
3255 862 3475 917 terram,
3513 870 3622 910 non

2067 960 2291 1014 prorsus
2321 946 2439 1000 sine
2476 945 2728 1016 strepitu,
2766 945 2860 1001 sed
2911 960 3108 1017 magno
3156 961 3278 1002 cum
3317 947 3495 1001 sonitu
3526 947 3626 1001 dc-

2065 1036 2352 1090 scendunt.
2392 1033 2451 1089 Id
2503 1051 2632 1090 vero
2687 1044 2798 1090 tum
2836 1035 2996 1091 linem
3032 1037 3265 1106 accepit,
3314 1037 3532 1108 quando
3567 1036 3621 1092 in

2063 1143 2280 1183 omnem
2313 1135 2511 1182 terram
2537 1127 2703 1182 exivit
2755 1143 2924 1185 sonus
2984 1129 3357 1198 apostolorum
3395 1127 3535 1199 ejus,
3568 1135 3623 1185 et

2063 1218 2120 1274 in
2153 1220 2288 1275 lines
2318 1220 2467 1275 orbis
2499 1230 2654 1275 teme
2684 1221 2850 1276 verba
2877 1235 3086 1276 eorum.

2134 1417 2246 1474 Sub
2272 1419 2386 1475 haec
2421 1420 2620 1476 dicitur
2649 1439 2662 1475 :
2705 1439 2722 1472 ι
2754 1419 2972 1476 Orietur
2999 1421 3053 1476 in
3081 1420 3273 1477 diebus
3301 1421 3420 1492 ejus
3456 1422 3619 1493 justi-

2061 1511 2135 1564 tia
2169 1519 2221 1566 et
2252 1511 2584 1566 abundantia
2617 1512 2836 1582 pacisn
2877 1515 3174 1570 secundum
3191 1513 3440 1584 Aquilam
3468 1529 3617 1579 vero,

2066 1623 2085 1655 ι
2116 1601 2452 1658 Germinabit
2482 1604 2537 1658 in
2566 1603 2761 1659 diebus
2807 1605 2925 1673 ejus
2967 1605 3173 1674 justus,
3207 1613 3260 1662 et
3291 1606 3619 1661 abundantia

2058 1689 2243 1758 pacis;
2277 1708 2296 1740 ›
2343 1690 2644 1745 secundum
2695 1689 3078 1761 Symmachum
3121 1708 3274 1758 vero,
3331 1711 3349 1744 ι
3383 1693 3620 1748 Florebit

395 1757 589 1838 est'év
624 1757 744 1847 ταῖς
781 1757 1014 1855 ἡμέραις
1068 1781 1230 1836 αὐτοῦ
1273 1757 1495 1844 δίκαιοςξ
1610 1780 1842 1852 Ἡμέραι

2059 1757 2113 1833 in
2142 1779 2334 1836 diebus
2361 1780 2482 1850 ejus
2507 1781 2709 1852 justus.
2737 1757 2764 1834 v)
2820 1781 2942 1838 Dies
2971 1793 3149 1839 autem
3180 1757 3484 1840 Sei-vatoris
3516 1802 3616 1839 no.-

390 1875 486 1929 τοῦ
529 1875 777 1946 Σωτῆρος
829 1872 985 1945 ἡμῶν
1033 1874 1088 1926 αἱ
1139 1872 1244 1925 ἀπὸ
1291 1871 1390 1941 τῆς
1437 1871 1736 1942 παρουσίας
1789 1869 1954 1924 αὐτοῦ

394 1967 554 2039 μέχρι
574 1966 673 2037 τῆς
698 1964 1002 2028 συντελείας
1031 1963 1122 2018 τοῦ
1140 1963 1334 2027 αἰῶνος
1348 1963 1718 2035 νοηθὴσονται.
1745 1963 1954 2035 Ὠσπερ

389 2055 497 2127 γὰρ
529 2055 794 2126 ἀκούομεν
826 2040 910 2118 τὸ,
950 2073 968 2106 ι
1022 2055 1108 2108 Ἐν
1139 2056 1257 2116 ταῖς
1303 2054 1537 2125 ἡμέραις
1567 2053 1748 2118 Δαυῒδ,
1784 2072 1802 2105 ›
1835 2055 1949 2120 καὶ,

393 2164 412 2197 ι
463 2147 549 2199 Ἑν
589 2145 819 2216 ἡμέραις
865 2145 1160 2217 Ἱεροϐοάμ,
1217 2164 1236 2197 ι
1283 2145 1454 2208 οὓτως
1505 2142 1612 2198 εἷεν
1656 2146 1720 2198 ἂν
1751 2145 1953 2217 ἡμέραι

383 2236 477 2290 τοῦ
519 2237 766 2307 Σωτῆρος
798 2236 971 2308 ἡμῶν.
1019 2236 1157 2289 Ἀλλ’
1197 2237 1395 2289 ἐκεῖνοι
1430 2236 1549 2306 μὲν,
1583 2236 1718 2306 πρὸς
1771 2237 1952 2304 ὀλίγον

385 2329 659 2399 φανέντες,
691 2328 880 2382 θᾶττον
913 2328 1355 2399 ἀπεσϐέσθησαν·
1391 2328 1459 2381 δι’
1491 2329 1519 2381 ὃ
1549 2328 1641 2382 καὶ
1669 2329 1725 2382 αἰ
1752 2328 1952 2400 ἡμέραι

385 2418 561 2472 αὐτῶν
604 2416 844 2484 ἐξέλιπον
868 2434 882 2448 ο
918 2418 974 2471 αἱ
1013 2417 1071 2470 δὲ
1114 2417 1318 2489 ἡμέραι
1363 2417 1456 2471 τοῦ
1509 2417 1760 2489 Σωτῆρος
1799 2417 1952 2489 ἡμῶν

383 2509 573 2564 ὁπόσαι
617 2508 960 2578 τυγχάνουσι,
989 2508 1198 2578 φθάσας
1226 2509 1256 2561 ό
1285 2508 1440 2578 λόγος
1461 2508 1730 2580 ἐδήλωσεν
1760 2508 1946 2562 εἰπών·

392 2619 410 2652 ι
445 2601 864 2673 Συμπαραμενεί
885 2599 963 2672 τῷ
982 2599 1115 2671 ἡλίῳ
1141 2600 1234 2654 καὶ
1266 2599 1570 2672 ἔμπροσθεν
1595 2600 1693 2671 τῆς
1724 2599 1952 2671 σελήνης

383 2693 574 2760 γενεὰς
602 2693 830 2762 γενεῶν·
875 2713 894 2746 ι
931 2689 1010 2757 οἷς
1042 2693 1346 2756 ἀκολούθως
1379 2693 1472 2746 καὶ
1501 2692 1664 2756 αὐτὸς
1689 2695 1800 2756 τοῖς
1830 2694 1952 2746 ἐαυ-

383 2783 475 2836 τοῦ
525 2783 788 2855 μαθηταῖς
815 2783 1176 2854 ἐπηγγέλλετο
1217 2782 1419 2850 λέγων’
1457 2800 1476 2832 ι
1522 2782 1651 2836 Ἰδοὺ
1689 2781 1797 2852 ἐγὼ
1829 2782 1944 2853 μεθ’

384 2875 537 2946 ὑμῶν
571 2878 685 2947 εἰμι
717 2875 844 2949 ἄχρι
879 2875 978 2944 τῆς
1018 2872 1318 2936 συντελείας
1357 2871 1449 2926 τοῦ
1477 2873 1701 2937 αίῶνος’
1743 2891 1762 2925 ι
1797 2871 1949 2928 Οὕτω

381 2969 490 3039 γὰρ
509 2969 704 3040 ἡμελλε
735 2967 1175 3041 συμπαραμένειν
1202 2965 1276 3038 τῷ
1305 2965 1458 3036 ἡλίῳ.
1501 2965 1709 3020 ῡὺκοῦν
1743 2967 1800 3019 ὲν
1829 2969 1948 3031 ταῖς

2057 1871 2154 1928 stri
2207 1873 2274 1928 ab
2322 1874 2556 1929 adventu
2611 1875 2730 1944 ejus
2777 1890 2948 1946 usque
2988 1877 3055 1931 ad
3097 1877 3616 1932 consummationem

2055 1965 2234 2020 δεξιουιὶ
2266 1965 2601 2035 intelligendi
2627 1973 2774 2020 sunt.
2798 1965 2913 2031 Qua
2935 1968 3147 2022 ratione
3175 1968 3317 2023 enim
3341 1968 3612 2033 audimus.

2061 2075 2079 2107 ι
2106 2055 2163 2110 In
2211 2057 2403 2112 diebus
2461 2056 2658 2123 David;
2694 2058 2756 2112 In
2787 2057 2979 2114 diebus
3019 2055 3340 2127 Jeroboam;
3372 2079 3391 2112 ι
3428 2059 3614 2116 eodem

2053 2162 2279 2217 prorsus
2350 2147 2512 2202 modo
2557 2149 2675 2204 dies
2724 2148 3030 2206 Servatoris
3087 2151 3259 2206 nostri
3313 2151 3617 2221 excipiendi

2054 2246 2199 2292 sunt.
2255 2237 2358 2294 Sed
2394 2239 2470 2293 illi
2502 2240 2720 2310 quidem
2745 2255 2868 2294 cum
2901 2241 2966 2295 ad
2998 2242 3161 2297 breve
3193 2250 3406 2311 tempus
3427 2257 3619 2313 super-

2053 2327 2210 2384 stites
2232 2322 2487 2395 fuissent,
2519 2330 2668 2386 brevi
2711 2332 2966 2387 exstincti
3002 2340 3152 2398 sunt,
3201 2348 3371 2403 quare
3402 2333 3518 2390 dies
3550 2334 3616 2388 il-

2051 2417 2228 2473 lorum
2257 2418 2594 2477 defecerunt.
2631 2422 2756 2478 Dies
2784 2438 2914 2478 vero
2945 2423 3249 2481 Servatoris
3277 2427 3451 2481 nostri
3481 2436 3616 2497 quot

2051 2511 2182 2577 sint,
2219 2526 2382 2583 supra
2409 2512 2744 2568 declaratum
2779 2513 2866 2569 his
2887 2514 3067 2570 verbis
3099 2523 3182 2569 est
3213 2534 3225 2568 :
3264 2533 3283 2566 ι
3323 2515 3613 2573 Permane-

2048 2601 2129 2656 bit
2162 2618 2285 2658 cum
2319 2603 2433 2659 sole
2468 2611 2523 2660 et
2562 2613 2688 2659 ante
2727 2605 2934 2671 lunam,
2965 2605 3022 2659 in
3053 2605 3429 2676 generationes
3452 2623 3615 2677 gene-

2049 2695 2341 2750 rationum.
2379 2715 2398 2749 ι
2465 2695 2876 2768 Consequenter
2904 2697 2970 2752 ad
2996 2697 3110 2753 haec
3138 2698 3302 2753 verba
3331 2698 3614 2770 discipulis

2049 2785 2165 2842 suis
2209 2786 2323 2841 haec
2348 2788 2623 2857 pollicitus
2663 2797 2783 2845 est:
2821 2808 2839 2840 ι
2876 2788 3016 2845 Ecce
3041 2805 3141 2861 ego
3176 2790 3457 2847 vobiscum
3491 2809 3614 2847 sum

2049 2891 2226 2947 usque
2269 2878 2338 2933 ad
2388 2879 2910 2934 consummationem
2961 2879 3146 2935 saeculi
3173 2880 3254 2947 ”;
3291 2899 3309 2932 ι
3363 2880 3436 2935 ita
3466 2881 3611 2936 enim

2049 2985 2172 3024 cum
2202 2971 2315 3026 sole
2340 2987 2731 3042 permansurus
2759 2980 2896 3027 erat.
2926 2970 3110 3043 Itaque
3130 2973 3184 3026 in
3205 2972 3394 3028 diebus
3415 2974 3608 3044 ipsius,

381 3059 616 3130 ἡμέραις
646 3059 830 3124 αὑτοῦ,
871 3059 991 3113 καθ’
1019 3059 1084 3124 ἃς
1111 3059 1533 3132 συμπαραμενεί
1561 3057 1638 3130 τῷ
1664 3058 1819 3131 ἡλίῳ,
1854 3059 1948 3112 καὶ

2050 3064 2203 3133 queis
2248 3078 2370 3118 cum
2422 3063 2536 3118 sole
2585 3055 2957 3133 permanebit,
3010 3070 3066 3118 et
3117 3064 3279 3118 simili
3326 3079 3434 3134 quo
3482 3064 3609 3118 luna

380 3150 580 3219 ὁμοίως
604 3151 797 3222 σελήνῃ
818 3150 916 3215 τὰς
942 3151 1048 3205 τῶν
1079 3153 1136 3204 ὲν
1159 3151 1334 3220 σκότῳ
1357 3152 1582 3220 φωτίσει
1608 3150 1804 3220 ψυχὰς,
1831 3151 1952 3204 ἀνα-

378 3240 582 3311 λάμψει
613 3243 705 3294 ἐπὶ
742 3241 920 3314 πάσης
951 3242 1050 3313 τῆς
1090 3243 1191 3313 γῆς
1237 3241 1638 3314 δικαιοσύνηοὴ
1680 3241 1836 3297 κατὰ.
1857 3241 1948 3295 τὸν

392 3332 640 3399 Ἀκύλαν,
681 3351 702 3386 ι
733 3335 962 3398 δίκαιος·
1007 3354 1027 3387 ι
1060 3334 1240 3388 οὐκέτι
1271 3334 1423 3406 παρά
1461 3335 1732 3399 Ἰουδαίοις
1767 3337 1949 3407 μόνοις

378 3423 496 3488 ἑνός
536 3442 636 3478 που
680 3427 775 3479 καὶ
801 3425 1052 3498 δευτέρου
1096 3426 1492 3497 ὀνομαζομένου
1545 3427 1775 3488 δικαίου,
1825 3425 1946 3480 καθ’

377 3515 505 3586 ὅλης
527 3515 583 3568 δὲ
601 3517 701 3586 τῆς
730 3517 1052 3589 οἰκουμένης
1087 3517 1290 3588 μυρίων
1315 3519 1374 3570 ὲν
1398 3516 1616 3588 Χριστῷ
1639 3517 1948 3588 δικαιουμέ-

377 3625 503 3662 νων.
544 3610 615 3662 Τὸ
638 3609 695 3664 δὲ
724 3610 926 3681 πλῆθος
951 3610 1058 3664 τῶν
1090 3610 1311 3664 δικαίων
1335 3611 1445 3664 τῶν
1478 3611 1535 3664 ὲν
1565 3613 1684 3674 ταῖς
1712 3610 1947 3683 ἡμέραις

374 3700 469 3754 τοῦ
494 3702 746 3773 Σωτῆρος
784 3703 1083 3758 ἀνθούντων
1117 3705 1211 3758 καὶ
1239 3704 1414 3774 φωτὸς
1452 3705 1606 3775 δίκην
1631 3702 1944 3756 ἀνατελλόν-

376 3809 483 3845 των
505 3793 704 3863 ὀμοίως
723 3793 800 3864 τῷ
825 3795 1029 3849 ἑαυτῶν
1052 3798 1293 3869 φωστῆρι
1322 3798 1534 3868 νοήσεις
1559 3795 1668 3850 ἀπὸ
1692 3795 1788 3850 τοῦ
1821 3796 1948 3867 πλή-

378 3883 503 3948 θους
530 3884 637 3940 τῶν
684 3886 991 3958 ἁπανταχοῦ
1029 3888 1132 3959 γῆς
1173 3888 1464 3961 μαρτύρων
1506 3886 1668 3941 αὐτοῦ
1701 3887 1794 3940 καὶ
1839 3887 1946 3941 τῶν

376 3974 518 4030 κατά
541 3975 639 4048 τὴν
675 3976 998 4048 Ἐκκλησίαν
1023 3979 1187 4032 αὑτοῦ
1215 3979 1307 4032 τὸν
1346 3978 1634 4048 ἀγγελικδν
1661 3978 1718 4031 ὲν
1745 3995 1945 4032 παντε-

375 4064 459 4118 λεῖ
485 4065 673 4137 ἁγνείᾳ
711 4066 1114 4138 κατορθούντων
1150 4066 1283 4138 βίον.
1313 4069 1376 4122 Ei
1413 4068 1472 4121 δὲ
1515 4066 1608 4120 καὶ
1636 4065 1943 4136 δικαιοσύνη

375 4156 434 4210 ἐν
464 4159 584 4222 ταῖς
607 4157 839 4230 ἡμέραις
864 4158 1026 4212 αὑτοῦ
1059 4157 1316 4230 ἀνθήσειν
1356 4158 1623 4221 λέλεκται,
1657 4157 1750 4210 καὶ
1789 4155 1948 4210 τοῦτο

373 4248 522 4310 ὅπως
549 4247 614 4303 δι’
649 4247 822 4320 ἔργων
867 4248 1166 4321 πληροῦται
1202 4248 1318 4302 ἔστι
1366 4247 1702 4320 καταμαθεῖν
1741 4248 1806 4300 ὲκ
1849 4245 1942 4299 τοῦ

377 4339 453 4412 μὴ
485 4340 768 4403 Ἰουδαίους
808 4340 1018 4411 μόνους,
1052 4333 1188 4394 ἀλλὰ
1233 4339 1328 4393 καὶ
1357 4341 1466 4394 πᾶν
1492 4339 1640 4402 ἔθνος
1664 4335 1942 4392 καλεῖσθαι

374 4431 468 4487 ἐπὶ
494 4432 591 4504 τήν
624 4431 802 4486 ἔνθεον
835 4433 1036 4498 πίστιν,
1069 4433 1287 4497 δούλους
1315 4449 1375 4486 τε
1403 4431 1460 4500 ἐξ
1490 4431 1604 4485 ῐσου
1636 4435 1747 4494 τοῖς
1789 4430 1939 4484 ἐλευ-

2049 3153 2245 3217 modo,
2297 3153 2509 3206 animas
2538 3151 2592 3205 in
2621 3151 2859 3207 tenebris
2895 3153 3103 3222 positas
3133 3152 3456 3208 illuminabit
3476 3193 3490 3218 ,
3520 3153 3612 3222 ju~

2046 3243 2194 3298 stitia
2263 3244 2462 3299 lucebit
2513 3243 2570 3298 in
2617 3243 2871 3298 universa
2919 3251 3094 3311 terra;
3145 3245 3258 3300 sive
3308 3245 3606 3299 secundum

2044 3335 2318 3409 Aquilam,
2359 3353 2378 3386 ι
2404 3335 2606 3404 justus.
2640 3353 2659 3386 ι
2697 3333 2807 3389 Nec
2839 3335 2980 3388 ultra
3030 3335 3172 3406 apud
3213 3333 3432 3390 Judaaos
3485 3343 3608 3389 tan-

2047 3439 2159 3483 tum
2201 3440 2344 3483 unus
2382 3431 2485 3482 aut
2531 3425 2669 3479 alter
2698 3424 2881 3492 justus
2932 3423 3335 3492 nominabitur;
3371 3423 3465 3480 sed
3511 3441 3610 3496 per

2044 3527 2215 3574 totum
2289 3518 2473 3572 orbem
2525 3513 2721 3571 inﬁniti
2772 3514 2827 3570 In
2866 3511 3086 3570 Christo
3144 3513 3607 3585 justiﬁcabuntur.

2046 3609 2442 3664 Multitudinem
2491 3613 2671 3662 autem
2713 3605 3009 3675 justorum,
3045 3605 3138 3675 qui
3184 3605 3237 3658 in
3264 3605 3457 3669 diebus
3488 3604 3610 3659 Ser-

2043 3700 2247 3756 vatoris
2267 3700 2437 3754 nostri
2459 3697 2775 3759 ﬂoruerunt,
2799 3702 2854 3752 et
2880 3695 2970 3765 qui
3003 3695 3223 3750 luminis
3253 3693 3442 3759 instar,
3471 3710 3599 3763 per-

2040 3792 2171 3847 inde
2212 3799 2374 3860 atque
2419 3789 2660 3858 ipsorum
2694 3785 2978 3851 luminare,
3014 3784 3186 3839 exorti
3218 3791 3366 3848 sunt,
3401 3785 3600 3838 intelli-

2043 3897 2138 3954 ges
2167 3898 2233 3938 ex
2260 3879 2608 3935 multitudine
2657 3885 2954 3948 martyrum
3001 3877 3119 3947 ejus
3163 3892 3259 3946 per
3298 3876 3603 3932 universam

2045 3982 2266 4037 terram,
2315 3985 2611 4041 eorumque
2656 3969 2748 4040 qui
2780 3970 2834 4023 in
2867 3967 3106 4024 Ecclesia
3141 3970 3260 4034 ejus
3307 3967 3603 4038 angelicam

2043 4064 2207 4118 vitam
2225 4078 2348 4118 cum
2371 4061 2518 4117 omni
2545 4061 2797 4116 castitate
2824 4059 3114 4114 duxerunt.
3149 4058 3302 4125 Quod
3328 4059 3372 4112 si
3400 4059 3602 4112 dictum

2042 4163 2146 4215 est,
2183 4155 2424 4208 futurum
2469 4167 2591 4208 esse
2622 4161 2682 4205 ut
2706 4150 2918 4220 justitia
2965 4150 3020 4205 in
3065 4148 3410 4223 diebusejus
3443 4148 3606 4203 cillo-

2042 4252 2218 4300 rcscat
2238 4263 2252 4311 ;
2270 4253 2323 4300 et
2351 4249 2452 4300 hoc
2477 4257 2587 4314 quo
2618 4249 2779 4312 pacto
2804 4241 3016 4298 eveniat
3047 4241 3176 4294 hinc
3203 4241 3436 4303 edisces,
3458 4239 3602 4308 quod

2043 4350 2150 4388 non
2187 4341 2392 4388 tantum
2425 4333 2620 4398 Judaai,
2648 4332 2742 4388 sed
2772 4332 2936 4386 etiam
2975 4346 3164 4385 omnes
3195 4337 3384 4400 gentes
3417 4328 3481 4386 ad
3512 4327 3600 4381 di-

2042 4425 2225 4480 vinam
2268 4424 2424 4478 ﬁdem
2450 4429 2655 4477 vocatae
2678 4423 2808 4484 sint,
2849 4434 2912 4474 ac
2955 4419 3093 4474 servi
3121 4419 3324 4487 pariter
3351 4425 3406 4472 et
3445 4417 3602 4472 liberi

376 4498 559 4595 θέροις
574 4524 860 4591 θεοσεϐεῖν,
889 4526 982 4580 καὶ
1012 4526 1246 4598 πένητας
1280 4498 1478 4598 ὁμοίως
1508 4529 1619 4589 τοῖς
1647 4523 1938 4587 πλουσίοις,

2050 4519 2212 4574 Deum
2243 4515 2445 4575 colant,
2476 4526 2741 4582 pauperes
2773 4509 2996 4580 perinde
3019 4517 3180 4579 atque
3212 4507 3430 4573 divites,
3451 4505 3604 4578 pr};-

374 4613 640 4685 ἄρχοντάς
665 4632 725 4668 τε
765 4615 862 4670 σὺν
884 4615 1208 4689 ἀρχομένοις
1237 4619 1332 4670 σὺν
1371 4615 1534 4686 πολλῇ
1560 4612 1695 4668 Θεοῦ
1741 4614 1941 4667 δικαιο-

377 4705 530 4779 σύνη.
557 4707 746 4771 Ὅπως
776 4708 834 4762 δὲ
860 4708 1062 4778 πλῆθος
1105 4710 1324 4781 εἰρήνης
1351 4707 1713 4762 ἀνατέταλκεν
1739 4707 1798 4760 ὲν
1822 4708 1941 4769 ταῖς

373 4798 724 4870 δηλωθείσαις
771 4799 865 4854 τοῦ
919 4801 1165 4872 Σωτῆρος
1215 4800 1370 4871 ἡμῶν
1428 4799 1698 4870 ἡμέραις,
1753 4799 1971 4866 νοῆσαι’

374 4889 521 4944 ἔστιν
552 4892 919 4962 ἐπιστήσαντα
939 4895 1005 4962 τῇ
1038 4890 1366 4945 καταστάσει
1388 4889 1495 4943 τῶν
1525 4887 1631 4962 πρὸ
1647 4889 1747 4960 τῆς
1770 4888 1936 4943 αὐτοῦ

375 4985 676 5052 παρουσίας
703 4986 1059 5055 πραγμάτων.
1095 4983 1231 5038 Καθ’
1257 4983 1323 5055 ἢν
1359 4983 1419 5036 τὸ
1451 4981 1670 5053 σύμπαν
1706 4980 1817 5034 τῶν
1853 4981 1940 5032 άν-

376 5074 606 5145 θρὼπων
661 5075 817 5144 γένος
864 5075 1083 5148 διῄρητο
1125 5073 1586 5145 ἀποτετμημένων
1639 5072 1825 5142 ὥσπερ
1880 5071 1939 5136 ἐξ

375 5166 492 5228 ἑνὸς
541 5167 788 5238 σώματος
830 5167 909 5229 είς
944 5165 1108 5237 μυρία
1152 5163 1521 5234 διεσπαρμένα
1563 5161 1720 5232 μέλη,
1766 5159 1939 5213 ἄλλων

374 5256 548 5320 ἄλλως
585 5256 752 5310 ὲθνῶν
802 5257 964 5312 πάλαι
1013 5253 1272 5325 πρότερον
1318 5251 1728 5324 ἀφωρισμένων,
1783 5249 1940 5304 πολε-

378 5347 618 5419 μούντων
650 5365 707 5401 τε
741 5347 983 5419 ἀλλήλοις
1010 5348 1103 5401 καὶ
1125 5345 1359 5416 πολεμου
1367 5343 1558 5414 μένων·
1589 5341 1682 5397 καλ⁸
1705 5340 1812 5394 τῶν
1838 5339 1938 5410 μὲν

372 5440 832 5511 τυραννουμένων,
867 5439 974 5493 τῶν
1005 5437 1060 5490 δὲ
1088 5435 1627 5508 δημοκρατουμένων,
1651 5432 1850 5503 ἑτέρων
1879 5431 1937 5486 δὲ

373 5531 865 5602 ὀλιγαρχουμένων·
901 5529 1188 5601 τοπάρχων
1210 5531 1329 5584 κατ’
1353 5527 1503 5591 ἔθνος
1545 5525 1638 5580 καὶ
1663 5523 1937 5595 τυράννων

447 5690 490 5720 ⁸⁵
521 5687 705 5753 Matth.
751 5703 938 5751 xvvm,
968 5687 1057 5741 20.

2043 4613 2196 4682 cipes
2223 4621 2346 4662 cum
2369 4604 2626 4667 subditis,
2655 4617 2778 4656 cum
2803 4601 2973 4655 multa
3006 4599 3099 4654 Dei
3139 4599 3347 4670 justitia
3376 4598 3498 4671 [pie
3521 4600 3605 4654 vi.

2045 4699 2228 4772 vant’].
2281 4696 2398 4764 Quo
2427 4702 2588 4765 pacto
2620 4701 2799 4748 autem
2842 4689 3176 4745 abundantia
3205 4690 3356 4760 pacis
3395 4689 3452 4744 in
3495 4706 3604 4746 me-

2045 4790 2270 4848 moratis
2299 4784 2597 4842 Salvatoris
2626 4782 2799 4839 nostri
2823 4781 3012 4838 diebus
3039 4788 3158 4835 orta
3187 4782 3280 4847 sit,
3308 4781 3476 4851 probe
3502 4782 3602 4836 in—

2041 4883 2301 4952 telligitur
2341 4895 2408 4935 ex
2457 4891 2640 4932 rerum
2691 4881 2816 4930 ante
2864 4874 3100 4944 primum
3151 4873 3269 4944 ejus
3310 4873 3600 4928 adventum

2039 4971 2369 5031 conditione.
2424 4967 2543 5034 Quo
2592 4975 2831 5036 tempore
2877 4973 3049 5020 totum
3101 4965 3395 5020 humanum
3427 4979 3602 5036 genus

2041 5081 2140 5121 ceu
2172 5079 2236 5119 ex
2271 5075 2382 5117 uno
2423 5073 2651 5129 corpore
2697 5057 2752 5111 in
2787 5055 2997 5111 inﬁnita
3018 5055 3257 5111 membra
3306 5055 3432 5109 hinc
3471 5052 3602 5107 inde

2042 5157 2284 5226 dispersa
2311 5153 2544 5208 divisum
2573 5157 2709 5204 erat.
2773 5147 2908 5203 Nam
2934 5155 3125 5218 gentes
3155 5148 3274 5202 alia:
3297 5147 3404 5200 alio
3437 5143 3602 5198 modo

2041 5263 2073 5302 a
2094 5245 2290 5318 priscis
2313 5243 2426 5312 jam
2456 5238 2994 5310 temporibusdivisa:
3016 5237 3258 5300 fuerant;
3293 5235 3597 5298 bellumque

2042 5340 2182 5394 inter
2207 5350 2267 5390 se
2295 5333 2588 5406 gerebant,
2637 5329 2705 5384 ab
2749 5329 2978 5400 aliisque
3008 5326 3463 5396 impugnabantur
3496 5335 3510 5370 :
3543 5325 3598 5371 et

2043 5427 2132 5481 alii
2156 5425 2372 5497 quidem
2402 5421 2648 5494 tyrannis
2672 5420 2875 5478 subditi
2903 5426 3081 5482 erant,
3128 5415 3217 5470 alii
3241 5407 3594 5471 democratia,

2043 5520 2131 5576 alii
2166 5532 2462 5590 paucorum
2512 5516 2791 5573 dominatu
2823 5511 3193 5584 regebantur,
3243 5499 3515 5574 toparclire
3543 5506 3602 5555 et
