4014 6206
263 301 371 360 805

1401 301 1904 360 COMMENTARIA
1939 304 2007 360 ΙΝ
2046 304 2382 364 ΡδΑωιοδ.

3394 313 3499 370 806

258 435 353 472 τεν
389 417 642 488 Ἰωάννης
664 417 692 470 ὁ
720 415 1047 488 Βαπτιστής.
1089 418 1246 471 Ἐὁόα
1264 418 1307 471 δ’
1336 413 1428 471 οῦν
1447 419 1638 488 λέγων’
1678 438 1696 470 ι
1734 419 1837 470 E6-

1936 420 2311 490 evangelizans
2344 421 2616 477 desertum
2663 424 2718 477 in
2764 440 2872 495 quo
2903 427 3228 497 praedicabat
3259 424 3500 484 Joannes

206 530 213 536 '
263 509 552 582 φράνθητι,
601 509 803 580 ἔρημος
839 509 1066 579 διψῶσα,
1099 510 1439 579 άγαλλιάσθω
1484 511 1686 582 ἔρημος
1730 512 1824 564 καὶ

260 601 490 655 άνθείτω
518 600 594 663 ὼς
622 600 804 670 κρίνον
825 616 837 629 ·
872 600 965 652 καὶ
996 599 1272 671 ὲξανθήσει
1307 601 1400 654 ml.
1443 600 1826 669 ἀγαλλιάσεται

259 693 330 745 τὰ
359 691 539 764 ἔρημα
564 691 655 744 τοῦ
696 691 974 762 Ἰορδάνου.
1016 711 1034 746 ι
1091 693 1234 745 ’Λντί
1265 693 1408 757 τίνος
1436 693 1542 765 γὰρ
1585 694 1682 763 οὐχ
1711 693 1828 746 ἑτέ-

264 801 360 856 ρου
397 785 670 854 μέμνηται
729 783 971 853 ποταμοῦ
1019 785 1047 836 6
1077 783 1328 847 τοσοῦτος
1369 786 1672 857 προφήτης,
1714 784 1829 840 ἀλλ’

258 875 428 929 αὑτοῦ
469 874 563 927 τοῦ
607 873 866 945 Ἰορδάνου
900 874 993 926 καὶ
1039 875 1137 946 τῆς
1169 876 1374 946 ἐρήμου
1418 876 1559 946 ἀμφὶ
1609 875 1827 929 τοῦτονο

257 964 601 1038 εὐφροσύνην
639 983 700 1019 τε
747 966 840 1021 καὶ
882 965 1194 1033 ἀγαλλίασιν
1221 969 1286 1036 τῇ
1333 967 1524 1039 ἐρήμῳ
1570 967 1663 1020 τοῦ
1705 970 1835 1039 Ἰορ-

259 1059 454 1123 δάνου,
473 1057 587 1112 ἀλλ’
609 1058 728 1129 οὐχὶ
755 1061 821 1129 τῇ
859 1058 1228 1132 Ἰερουσαλὴμ,
1251 1059 1370 1112 οὐδὲ
1402 1062 1467 1130 τῇ
1498 1060 1654 1131 λοιπῇ
1701 1062 1833 1113 Ἰου-

256 1149 386 1220 δαίᾳ
447 1147 882 1218 εὐαγγελίζεταις
944 1151 1148 1204 Οὐκοῦν
1204 1151 1395 1222 ἔχομεν
1439 1152 1533 1204 καὶ
1575 1151 1725 1223 παρὰ
1757 1150 1835 1222 τῷ

274 1239 472 1309 Ἡσαΐᾳ
513 1238 613 1310 τὴν
641 1240 869 1311 δήλωσιν
917 1239 1010 1293 τοῦ
1043 1241 1285 1312 ποταμοῦ
1334 1243 1460 1314 περὶ
1513 1235 1574 1295 οῦ
1608 1259 1768 1312 φησιν
1808 1244 1836 1295 6

261 1331 453 1403 παρὼν
480 1331 658 1399 λόγος,
696 1351 714 1383 ι
744 1332 854 1386 Καὶ
884 1332 990 1385 ἀπὸ
1037 1333 1280 1404 ποταμοῦ
1308 1333 1412 1397 ἕως
1454 1334 1560 1388 τῶν
1587 1334 1837 1405 περάτων

259 1426 360 1497 τῆς
381 1425 711 1496 οἰκουμένης
745 1443 763 1476 ι
796 1423 1244 1495 κατακυριεύσειν
1293 1425 1380 1478 τὸν
1425 1426 1837 1496 προφητευόμε-

261 1535 373 1571 νον.
430 1516 758 1586 Ὀφθαλμοῖς
792 1516 849 1569 δὲ
885 1515 1218 1586 παραλαϐεῖν
1266 1515 1379 1568 ἔστι
1429 1516 1494 1568 δι’
1524 1515 1698 1588 ἔργων
1749 1534 1839 1570 κε-

261 1608 581 1678 χωρηκυὶας
608 1605 708 1669 τὰς
737 1607 1237 1678 προαναφωνήσεις,
1279 1605 1516 1674 ὁρῶντας
1552 1607 1710 1678 μέχρι
1732 1609 1840 1663 τῶν

263 1700 520 1770 περάτων
548 1697 648 1768 τῆς
675 1698 777 1769 γῆς
806 1700 862 1751 ὲν
887 1701 1005 1761 ταῖς
1044 1697 1386 1769 Ἐκκλησίαις
1414 1697 1574 1751 αὑτοῦ
1603 1699 1841 1770 κυριολο-

259 1790 530 1862 γούμενον
559 1789 650 1843 τὸν
680 1787 912 1860 Χριστὸν
931 1789 1024 1842 τοῦ
1058 1787 1213 1843 Θεοῦ.

335 1901 359 1934 ι
418 1881 674 1935 Ἐνιὶιπιον
719 1879 880 1934 αὐτοῦ
915 1881 1308 1952 προπεσοῦνται
1344 1882 1616 1947 Αἰθίοπες,
1651 1883 1745 1937 καὶ
1778 1885 1825 1936 οἰ

257 1974 453 2044 ἐχθροί
471 1973 629 2028 αὑτοῦ
660 1972 787 2044 χοῦν
819 1973 1068 2038 λείξουσι.
1101 1994 1120 2026 ι
1149 1974 1338 2045 Σφόδρ’
1363 1974 1667 2038 ἀκολούθως
1694 1974 1830 2046 μετὰ

264 2067 330 2120 τδ
357 2069 547 2129 εὶπεῖν,
589 2086 606 2116 ι
637 2066 1068 2138 Κατακυριεύσει
1117 2067 1224 2120 ἀπὸ
1270 2066 1542 2138 Θαλάσσης
1579 2069 1683 2131 ἕως
1732 2067 1828 2121 θα-

263 2157 489 2230 λάσσης,
516 2160 607 2212 καὶ
637 2159 744 2212 ἀπὸ
775 2159 1018 2229 ποταμοῦ
1050 2159 1152 2222 ἕως
1177 2159 1424 2230 περάτων
1455 2160 1553 2229 τῆς
1577 2159 1830 2230 οἰκουμέ-

264 2267 383 2320 νης,
415 2269 432 2300 ι
457 2249 729 2303 Αἰθιόπων
755 2251 890 2320 ὲμνη
901 2247 1176 2319 μόνευσεν,
1202 2249 1250 2302 οἳ
1274 2248 1342 2301 τὰ
1363 2248 1562 2318 ἔσχατα
1584 2248 1683 2317 τῆς
1710 2249 1829 2302 καθ’
1851 2231 1876 2265 ⁸

258 2344 415 2414 ἡμᾶς
457 2342 778 2414 οἰκουμένης
804 2341 1028 2405 οἰκοῦσι,
1062 2341 1132 2394 τά
1161 2357 1220 2392 τε
1268 2339 1404 2412 πρὸς
1433 2339 1694 2404 ἀνατολὰς
1738 2340 1832 2394 καὶ

260 2435 333 2488 τὰ
372 2433 510 2505 πρὸς
537 2433 726 2487 δύοντα
765 2433 932 2503 ἥλιον.
970 2430 1131 2483 Ὅθεν
1160 2430 1252 2484 καὶ
1293 2429 1444 2502 παρὰ
1472 2433 1584 2494 τοῖς
1611 2429 1714 2494 ἔξω
1738 2430 1831 2485 τοῦ

263 2525 388 2578 καθ’
427 2526 571 2596 ἡμᾶς
609 2524 766 2592 λόγου
791 2522 929 2576 κατὰ
954 2521 1114 2592 φύσιν
1137 2521 1382 2593 εἰρῆσθαι
1407 2521 1552 2576 δοκεί
1583 2521 1659 2588 τὸ,

331 2721 636 2786 Αἰθίοπας,
663 2721 749 2773 τοί
783 2720 955 2789 διχθὰ
982 2719 1281 2773 δεδαίαται
1309 2720 1554 2790 ἔσχατοι
1579 2720 1830 2789 ἀνδρῶν·

335 2793 402 2843 Ol
426 2789 544 2860 μὲν
571 2789 907 2860 δυσομένου
937 2791 1272 2858 ὑπερίονος,
1302 2792 1356 2844 οι
1378 2789 1429 2843 δ’
1457 2791 1748 2857 ἀνιόντος.

262 2943 378 2996 Καὶ
427 2943 484 2994 ὲν
520 2941 689 3013 ἑτέρῳ
719 2942 775 2993 δὲ
825 2941 1038 3013 εἴρηται
1078 2940 1312 3013 ψαλμῷ·
1343 2961 1362 2995 ι
1397 2943 1650 2999 Αἰθιοπία
1701 2964 1834 3016 προ-

263 3029 465 3096 φθάσει
508 3033 663 3100 χεῖρα
696 3029 860 3099 αὐτῆς
894 3027 968 3099 τῷ
997 3027 1114 3098 Θεῷ
1135 3047 1148 3060 ·
1193 3047 1212 3080 ι
1245 3030 1339 3082 καὶ
1368 3031 1525 3082 πάλιν
1565 3033 1623 3084 ὲν
1663 3031 1834 3102 ἑτέρῳ

262 3124 522 3195 προφήτῃ
559 3122 834 3176 λέλεκται*
874 3139 893 3172 ι
936 3123 1030 3175 Ἐκ
1073 3124 1323 3195 περάτων
1363 3123 1620 3194 ποταμῶν
1660 3123 1836 3177 Αἰθιο-

262 3215 400 3277 πίας
426 3213 659 3267 οἴσουσιν
680 3214 864 3277 οὐσίας
895 3232 1002 3285 μοι.
1044 3235 1062 3267 ι
1099 3215 1208 3268 Καὶ
1240 3216 1298 3267 ἐν
1320 3216 1431 3279 τοῖς
1461 3215 1838 3286 προκειμένοις

260 3305 322 3358 δὲ
362 3304 670 3368 ἀκολούθως
709 3305 914 3369 τούτοις
947 3306 1028 3371 τὸ,
1075 3325 1094 3357 ι
1146 3305 1402 3360 Ἐνώπιον
1433 3305 1594 3360 αὑτοῦ
1638 3324 1841 3378 προπε-

262 3397 487 3451 σοῦνται
531 3397 800 3461 Αἰθίοπες,
841 3418 860 3447 ι
896 3398 1228 3463 θεσπίζεται.
1284 3401 1359 3452 Δι’
1395 3392 1468 3452 ὧν
1518 3399 1773 3452 ἁπάντων
1811 3401 1840 3451 6

261 3491 426 3558 λόγος
484 3489 733 3560 σημαίνει
769 3489 838 3543 τὰ
884 3490 1086 3559 ἔσχατα
1118 3491 1214 3560 τῆς
1245 3491 1347 3562 γῆς
1381 3491 1476 3562 τὴν
1505 3489 1594 3543 τοῦ
1630 3508 1841 3562 προφη-

258 3581 557 3653 τευομένου
603 3580 803 3648 γνῶσιν
863 3581 1252 3652 ἀναλήψεσθαι,
1303 3582 1396 3634 καὶ
1448 3572 1839 3652 προσκυνήσειν

259 3673 437 3744 αὐτῷ,
491 3675 927 3746 προσπίπτοντας
959 3675 1053 3726 καὶ
1101 3674 1230 3741 γόνυ
1257 3673 1554 3737 κλίνοντας.
1582 3675 1666 3725 Δι’
1693 3674 1722 3726 δ
1754 3672 1839 3727 λέ-

258 3766 457 3819 λεκται
515 3763 656 3818 κατὰ
705 3764 795 3817 τὸν
850 3762 1103 3818 ’Ᾱκύλανθ
1150 3783 1167 3815 ι
1208 3765 1302 3828 Εἰς
1343 3765 1632 3837 πρόσωπον
1672 3764 1836 3818 αὑτοῦ

262 3855 574 3926 κάμψουσιν
639 3854 919 3917 Αἰθίοπες·
980 3872 998 3906 ι
1053 3853 1193 3908 κατά
1248 3854 1306 3908 δὲ
1361 3854 1452 3908 τὸν
1508 3854 1834 3926 Σύμμαχον⁸

269 3967 290 3999 ι
323 3947 672 4018 Ἐμπροσθεν
717 3945 880 4000 αὑτοῦ
925 3945 1239 4006 ὁκλάσουσιν
1281 3948 1556 4012 Αἰθίοπες.
1601 3967 1619 3999 ι
1657 3948 1754 4001 Διὰ
1781 3949 1838 4002 δὲ

259 4040 374 4094 τῶν
400 4039 667 4093 Αἰθιόπων
695 4038 802 4092 τῶν
833 4039 902 4092 τὰ
931 4038 1133 4110 ἔσχατα
1164 4041 1261 4111 τῆς
1288 4041 1393 4111 γῆς
1431 4042 1720 4096 οἰκούντων
1745 4043 1836 4096 καὶ

257 4134 334 4186 τὰ
356 4132 486 4186 εἵσω
506 4132 602 4202 τῆς
642 4131 962 4202 οἰκουμένης
1001 4131 1126 4203 ἔθνη
1165 4133 1445 4202 δηλοῦνται
1499 4133 1605 4186 Καὶ
1639 4134 1838 4205 πρόδη-

258 4225 353 4280 λον
383 4226 530 4288 ὅπως
559 4223 869 4293 ἁπανταχοῦ
893 4224 994 4294 γῆς
1015 4227 1061 4278 οἰ
1091 4227 1170 4289 εἰς
1195 4225 1354 4279 αὐτὸν
1392 4227 1832 4289 πεπιστευκότες,

259 4319 394 4386 τόνυ
431 4316 702 4379 κλίνοντες
729 4316 823 4370 καὶ
855 4317 932 4379 εἰς
961 4316 1125 4388 αὐτὴν
1158 4317 1552 4388 προπίπτοντες
1583 4317 1680 4388 τὴν
1709 4318 1832 4388 γῆν,

256 4408 326 4460 δι’
366 4404 528 4459 αὐτοῦ
569 4404 667 4476 τὴν
702 4403 1067 4475 προσκύνησιν
1099 4403 1175 4474 τῷ
1221 4405 1312 4456 ἐπὶ
1343 4405 1558 4457 πάντων
1591 4402 1835 4472 ἀναπέμ-

257 4513 429 4550 πουσι
459 4495 593 4565 Θεῷ.
642 4494 803 4548 Ἀλλὰ
850 4497 942 4549 καὶ
979 4496 1025 4547 οἰ
1059 4495 1243 4565 ἐχθροὶ
1287 4493 1474 4557 αὑτοῦ,
1519 4494 1672 4566 φησί,
1705 4493 1834 4563 χοῦν
1866 4531 1911 4588 D

257 4587 551 4652 λείξουσιν,
581 4586 994 4659 ἐξομοιωθέντες
1032 4585 1108 4656 τῷ
1144 4585 1349 4638 ἑαυτῶν
1384 4585 1548 4655 πατρὶ
1589 4582 1667 4654 τῷ
1692 4585 1830 4652 ὄφει,

257 4679 358 4733 ἐπὶ
385 4677 465 4748 τῷ
495 4677 678 4749 στήθει
731 4677 824 4730 καὶ
855 4678 920 4748 τῇ
957 4675 1134 4745 κοιλίᾳ
1176 4673 1542 4746 πορευομένῳ,
1591 4673 1684 4726 καὶ
1732 4672 1834 4742 γῆν

258 4770 498 4824 ἐσθίοντι
524 4768 664 4822 κατὰ
691 4769 789 4838 τὴν
817 4766 877 4832 ὲξ
907 4766 1078 4839 ἀρχῆς
1115 4766 1407 4836 γενομένην
1439 4763 1584 4835 αύτῷ
1618 4763 1836 4836 προστί-

262 4879 454 4934 μησιν.
489 4860 644 4914 Οὕτω
690 4861 735 4914 δ’
765 4856 856 4914 οῦν
900 4859 1018 4928 ὄψει
1053 4859 1177 4920 τοὺς
1229 4857 1326 4926 τῆς
1364 4857 1687 4924 Ἐκκλησίας
1743 4853 1836 4906 τοῦ

257 4952 500 5024 Χριστοῦ
541 4951 828 5022 πολεμίους
855 4951 943 5004 τὸν
971 4948 1098 5021 χοῦν
1126 4950 1218 5002 καὶ
1256 4949 1354 5012 τὰς
1389 4947 1704 5019 σωματικὰς
1729 4945 1841 5016 ἡδο-

257 5044 365 5106 νὰς
390 5042 913 5114 περιλιχμωμὲνους.
945 5043 1008 5094 Εἰ
1034 5040 1142 5112 γὰρ
1179 5040 1240 5094 τὸ
1276 5039 1451 5108 σῶμα,
1481 5033 1630 5110 ᾧπερ
1662 5040 1840 5090 κεῖται

257 5137 295 5205 ἡ
321 5134 492 5205 ψυχὴ,
515 5133 643 5204 χοῦς
672 5134 950 5205 ἁνείρηται
972 5133 1112 5186 κατὰ
1136 5131 1234 5203 τὴν
1257 5131 1568 5199 φάσκουσαν
1594 5130 1834 5201 Γραφήν·

265 5247 284 5278 ι
335 5224 568 5279 Ἔλαὸεν
593 5227 621 5279 6
648 5224 778 5288 Θεὸς
813 5223 940 5295 χοῦν
977 5224 1084 5277 ἀπὸ
1110 5224 1210 5294 τῆς
1237 5222 1362 5292 γῆς,
1393 5222 1487 5275 καὶ¹
1521 5221 1720 5274 ἔπλασε
1746 5221 1838 5273 τὸν

259 5319 583 5392 ἄνθρωπον·
625 5338 642 5370 ι
674 5308 722 5372 οἰ
768 5319 858 5372 τὸν
903 5317 1030 5390 χοῦν
1087 5312 1547 5386 περιλιχμώμενοι
1601 5313 1694 5366 καὶ
1740 5313 1838 5376 τὰς

256 5413 363 5482 τῆς
391 5411 592 5483 σαρκὸς
616 5410 942 5483 ἡδυπαθείας
984 5409 1250 5480 τιμῶντες
1284 5405 1660 5476 διαϐέϐληνται
1705 5406 1840 5458 εἰκός

261 5523 392 5568 τως,
428 5505 506 5567 ὡς
541 5503 607 5558 ἂν
636 5505 817 5576 ἐχθροὶ
855 5504 947 5558 τοῦ
977 5504 1244 5574 σωτηρίου
1289 5499 1644 5570 τυγχάνοντες
1658 5498 1833 5567 λόγου.

278 5597 418 5649 Ἀλλ’
458 5591 601 5651 οὗτοι
648 5599 745 5669 μὲν
786 5597 1043 5651 τοιοῦτοι·
1089 5596 1148 5649 τὸ
1186 5595 1230 5647 δ’
1263 5595 1446 5664 ἕτερον
1497 5591 1680 5662 τάγμα
1731 5592 1837 5646 τῶν

342 5755 382 5786 ³⁵
420 5754 524 5812 lsa.
555 5770 716 5820 xxxv,
762 5769 797 5807 ι.
881 5755 922 5785 ³⁸
967 5753 1122 5808 llom.
1162 5751 1324 5822 Odys.
1359 5752 1405 5808 l.

1930 507 2190 580 Baptista.
2236 509 2326 567 Sic
2359 513 2448 568 ille
2481 515 2750 569 clamabat
2785 536 2796 570 :
2842 536 2858 567 ι
2893 517 3099 573 Laetare
3127 513 3400 577 desertum
3432 525 3504 580 si-

1929 599 2102 662 tiens,
2139 602 2374 655 exsultet
2404 603 2642 658 solitudo
2679 613 2732 659 et
2761 605 2950 662 ﬂoreat
3000 610 3145 664 sicut
3194 610 3366 666 lilium
3399 633 3412 667 :
3447 626 3504 670 et

1928 690 2198 747 ﬂorebunt
2226 701 2278 747 et
2301 694 2653 749 exsultabunt
2675 697 2888 752 deserta
2913 698 3163 757 Jordanis
3181 702 3278 758 ³⁵.»
3318 704 3503 771 Quare

1930 797 2037 837 non
2071 785 2212 838 alius
2255 783 2495 840 ﬂuminis
2536 790 2866 844 mentionem
2913 800 3097 846 tantus
3125 796 3387 865 pr0pheta
3419 797 3501 852 fa-

1931 876 2037 936 cit,
2078 892 2240 946 quam
2285 877 2570 943 Jordanis,
2622 889 2676 935 et
2710 883 3020 938 solitudinis
3064 887 3501 958 circumpositae;

1931 967 2285 1038 laetitiamque
2329 977 2381 1023 et
2425 973 2840 1028 exsultationem
2881 975 3098 1031 deserto
3127 977 3382 1036 Jordanis
3406 995 3504 1035 an-

1933 1061 2166 1124 nuntiat,
2201 1076 2307 1115 non
2331 1070 2508 1116 autem
2539 1061 2907 1136 Jerosolymae,
2925 1081 3025 1121 nec
3049 1069 3268 1138 reliqua:
3282 1069 3499 1126 Judaaae.

1933 1150 2100 1205 Adest
2149 1165 2281 1205 sane
2315 1151 2454 1221 apud
2507 1152 2684 1221 ipsum
2718 1153 2910 1208 Isaiam
2970 1155 3268 1212 declaratio
3325 1158 3501 1213 ﬂumi-

1934 1241 2042 1304 nis,
2078 1241 2144 1296 de
2177 1257 2287 1312 quo
2322 1243 2411 1296 hic
2456 1243 2675 1310 dicitur,
2711 1264 2730 1296 ‹
2774 1245 2837 1298 Ει
2885 1262 2915 1300 a
2961 1246 3182 1304 ﬂumine
3229 1266 3403 1320 usque
3434 1253 3502 1306 ad

1935 1333 2203 1388 terminos
2249 1334 2396 1388 orbis
2433 1343 2697 1389 terrarum
2737 1356 2754 1387 ι
2789 1336 3194 1394 dominaturum
3229 1357 3355 1399 esse.
3379 1358 3502 1397 eum

1937 1423 2030 1492 qui
2059 1423 2114 1477 in
2151 1424 2410 1478 vaticinio
2441 1425 2631 1480 fertur.
2695 1426 2952 1498 Licetque
2983 1430 3386 1498 praedictionem
3420 1433 3504 1487 vel

1937 1515 2072 1585 ipsis
2101 1516 2274 1570 oculis
2296 1518 2612 1586 completam
2637 1518 3056 1588 deprehendere,
3079 1537 3202 1576 cum
3228 1524 3505 1578 videamus

1939 1606 2216 1662 Christum
2253 1607 2345 1661 Dei
2378 1623 2550 1678 usque
2580 1609 2644 1662 ad
2669 1613 2933 1667 terminos
2956 1619 3116 1668 terrae
3157 1615 3210 1668 in
3247 1614 3504 1672 Ecclesiis

1945 1697 2064 1767 ejus
2093 1704 2151 1751 ut
2177 1697 2462 1754 Dominum
2493 1701 2773 1756 celebrari.

2001 1877 2166 1934 Vens.
2211 1879 2390 1932 9-H.
2440 1898 2458 1930 ι
2495 1878 2688 1934 Coram
2733 1882 2824 1936 illo
2867 1883 3149 1952 procident
3195 1883 3502 1954 Ethiopes,

1931 1980 1983 2026 et
2011 1971 2216 2026 inimici
2251 1972 2371 2040 ejus
2403 1979 2604 2027 terram
2640 1974 2862 2045 lingent.
2904 1995 2922 2027 ι
2985 1976 3285 2031 Admodum
3314 1993 3505 2033 conse-

1929 2070 2177 2133 quenter,
2225 2071 2512 2133 postquam
2561 2065 2792 2131 dixerat,
2834 2087 2852 2118 ι
2883 2065 3259 2121 Dominabitur
3291 2084 3321 2122 a
3351 2084 3505 2124 mare

1930 2171 2103 2226 usque
2133 2155 2196 2210 ad
2225 2170 2395 2219 mare,
2435 2164 2489 2210 et
2520 2171 2550 2209 a
2575 2155 2796 2212 ﬂumine
2840 2174 3013 2228 usque
3040 2159 3105 2213 ad
3134 2160 3396 2215 terminos
3421 2175 3504 2214 or-

1929 2250 2014 2305 bis
2043 2258 2333 2311 terrarum,
2361 2267 2380 2300 ι
2412 2247 2700 2320 Ᾱζιὴίοροε
2733 2251 3074 2314 memoravit,
3108 2254 3201 2322 qui
3231 2254 3381 2309 orbis
3409 2270 3507 2310 no-

1931 2340 2028 2395 stri
2075 2349 2318 2393 extrema
2371 2339 2654 2407 incolunt,
2694 2351 2805 2394 tum
2845 2356 2906 2395 ea
2955 2358 3076 2411 quae
3120 2342 3185 2395 ad
3216 2344 3502 2412 orientem,

1930 2438 2045 2484 tum
2077 2445 2142 2485 ea
2168 2445 2289 2500 qua:
2315 2427 2381 2482 ad
2405 2444 2660 2484 occasum
2683 2431 2816 2485 solis
2841 2434 2944 2487 sita
2983 2439 3130 2485 sunt.
3182 2431 3336 2489 Unde
3359 2435 3503 2505 apud

1930 2531 2166 2584 exteros,
2210 2520 2375 2575 dictis
2401 2521 2608 2575 nostris
2639 2536 2875 2576 consona
2918 2522 3217 2577 secundum
3245 2524 3321 2578 rei
3352 2533 3506 2580 natu-

1932 2627 2049 2666 ram
2081 2612 2352 2667 habentur
2378 2611 2432 2664 in
2458 2610 2549 2665 illo
2571 2627 2587 2665 :

2003 2725 2284 2795 lEt/ziopas
2307 2726 2396 2796 qui
2418 2724 2665 2796 bifariam
2688 2725 2846 2780 divisi
2865 2735 2987 2781 sunt
3016 2727 3188 2780 ultmn
3209 2727 3500 2791 hominum,

2004 2798 2112 2850 Atii
2143 2794 2348 2868 quidem
2390 2794 2459 2848 ad
2507 2796 2822 2851 occidentem
2843 2837 2858 2862 ,
2905 2797 3004 2850 alii
3038 2796 3105 2850 ad
3137 2798 3382 2938 οἲῖιὲξεέιέ
3411 2815 3505 2938 fac

1935 2959 1994 3013 ln
2026 2957 2133 3013 alio
2160 2974 2375 3029 quoque
2402 2960 2609 3028 psalmo
2643 2958 2847 3012 dictum
2873 2965 2956 3014 est
2991 2977 3005 3012 :
3043 2958 3350 3028 «Ethiopia
3384 2973 3506 3028 por-

1934 3051 2072 3120 riget
2105 3067 2320 3105 manum
2357 3066 2510 3106 suam
2543 3049 2656 3105 Deo
2685 3050 2762 3115 ⁸⁶;
2794 3070 2812 3102 ι
2849 3065 2912 3105 ac
2947 3050 3143 3104 iterum
3181 3051 3235 3104 in
3264 3051 3368 3104 alio
3386 3064 3507 3119 pro-

1938 3142 2145 3206 pheta:
2201 3160 2218 3193 ι
2256 3141 2331 3194 Ex
2379 3141 2629 3196 terminis
2676 3139 2958 3195 ﬂuminum
2993 3140 3284 3210 Ethiopia'
3332 3140 3507 3196 ferent

1941 3231 2301 3286 substantiam
2353 3230 2574 3286 mihi".
2615 3249 2634 3281 ›
2673 3231 2728 3284 ln
2782 3230 2869 3285 his
2916 3232 3042 3284 item
3090 3246 3331 3286 consona
3374 3247 3506 3286 voce

1938 3322 2268 3375 vaticinatur
2298 3321 2408 3385 ille,
2449 3340 2468 3373 (
2495 3322 2690 3374 Coram
2725 3321 2816 3374 illo
2844 3323 3130 3390 procident
3158 3322 3500 3393 Ethiopes.»

1939 3410 2104 3476 Queis
2131 3412 2385 3465 omnibus
2409 3410 2746 3481 signiﬁcatur
2772 3409 3036 3476 futurum,
3061 3421 3120 3464 ut
3143 3412 3362 3466 termini
3397 3421 3506 3466 tero

1938 3517 2012 3555 ra:
2044 3500 2164 3569 ejus
2211 3501 2304 3570 qui
2343 3501 2397 3554 in
2443 3499 2727 3570 pr0phetia
2775 3500 3090 3553 enuntiatur
3144 3501 3503 3571 cognitionem

1938 3592 2222 3662 recipiant,
2261 3607 2325 3646 ac
2364 3592 2710 3662 procidentes
2739 3572 2791 3645 é:
2819 3605 2996 3660 genua
3045 3588 3344 3655 ﬂectentes,
3380 3593 3508 3645 ado-

1937 3689 2058 3736 rent
2085 3682 2286 3751 ipsum.
2322 3680 2705 3747 Quamobrem,
2742 3678 3043 3733 secundum
3069 3679 3342 3748 Aquilam,
3374 3679 3509 3734 dici-

1936 3779 2046 3838 tur,
2089 3789 2107 3822 ι
2137 3771 2218 3826 Ad
2268 3771 2459 3826 faciem
2487 3771 2624 3838 ,ejus
2668 3767 2973 3824 curvabunt
3025 3783 3084 3822 se
3125 3767 3446 3840 Ethiopes;
3479 3787 3500 3820 ι

1938 3861 2236 3918 secundum
2274 3858 2656 3931 Symmachum
2686 3866 2889 3918 autem,
2927 3877 2944 3908 ι
2977 3856 3032 3911 In
3066 3867 3362 3928 conspectu
3385 3860 3505 3927 ejus

1935 3951 2293 4022 procumbent
2349 3949 2656 4019 IEthiopes.
2696 3968 2715 4000 ι
2754 3945 2858 4003 Per
2885 3946 3168 4016 Aitbiopes
3197 3955 3374 4001 autem
3412 3948 3507 4018 qui

1936 4050 2176 4098 extrema
2204 4047 2361 4094 terra:
2387 4039 2653 4104 incolunt,
2684 4047 2871 4108 gentes
2895 4039 3058 4093 etiam
3095 4053 3215 4108 qua:
3247 4039 3387 4092 intra
3423 4056 3508 4094 or-

1936 4131 2060 4187 bem
2101 4138 2251 4198 sunt,
2300 4130 2632 4184 indicantur.
2685 4127 3138 4200 Manifestumque
3179 4139 3284 4196 est,
3308 4132 3508 4200 ubique

1937 4229 2228 4285 terrarum,
2269 4220 2363 4290 qui
2391 4220 2444 4273 in
2475 4219 2652 4289 ipsum
2675 4219 2926 4283 credunt,
2951 4235 3125 4290 genua
3154 4219 3432 4274 ﬂectentes
3455 4227 3509 4274 et

1937 4312 1992 4364 in
2015 4319 2215 4365 terram
2242 4310 2685 4380 procumbentes,
2704 4324 2798 4378 per
2813 4325 2939 4363 eum
2957 4309 3326 4364 adorationem
3351 4323 3506 4363 suam

1935 4403 2316 4456 universorum
2349 4401 2456 4455 Deo
2478 4401 2745 4454 emittere:
2780 4399 2891 4453 lmo
2918 4400 3077 4453 etiam
3114 4400 3209 4462 ait,
3243 4418 3260 4451 ι
3295 4399 3506 4452 Inimici

1937 4496 2057 4563 ejus
2089 4501 2290 4547 terram
2330 4492 2570 4560 lingent,
2601 4509 2619 4542 ι
2658 4490 2798 4559 patri
2839 4504 2939 4544 suo
2987 4489 3226 4558 serpenti
3275 4490 3504 4554 similes,

1939 4584 2029 4655 qui
2062 4584 2116 4637 in
2147 4591 2362 4653 pectore
2389 4589 2442 4636 et
2471 4586 2656 4634 ventre
2699 4578 2944 4650 graditur
2965 4618 2980 4644 ,
3028 4587 3082 4632 et
3106 4587 3304 4634 terram
3335 4595 3509 4635 come-

1941 4678 2052 4740 dit,
2090 4673 2388 4731 secundum
2435 4672 2690 4726 inﬂictam
2724 4672 2824 4726 sibi
2869 4686 2898 4724 a
2941 4671 3208 4740 principio
3268 4686 3505 4742 pmnam.

1945 4769 2035 4823 Sic
2066 4766 2250 4822 videas
2277 4765 2530 4819 inimicos
2555 4763 2808 4819 Ecclesiae
2836 4762 3061 4828 Christi,
3089 4772 3288 4818 terram
3319 4772 3371 4819 et
3393 4779 3512 4819 cor-

1943 4871 2140 4928 poreas
2171 4854 2477 4923 voluptates
2504 4852 2728 4922 lingere.
2766 4849 2822 4904 Si
2847 4849 2991 4906 enim
3016 4852 3341 4920 corpus,cui
3371 4852 3512 4908 inest

1945 4949 2147 5011 anima,
2176 4947 2352 5017 pulvis
2379 4945 2585 4999 dictum
2614 4950 2697 4998 est
2725 4942 3024 4997 secundum
3049 4942 3189 4997 hanc
3216 4941 3512 5014 Scriptura:

1941 5053 2152 5102 vocem,
2189 5056 2208 5088 ι
2237 5035 2460 5105 Accepit
2491 5033 2632 5088 Deus
2663 5033 2937 5103 pulverem
2980 5048 3047 5087 ex
3075 5043 3242 5098 terra,
3271 5043 3324 5089 et
3348 5035 3508 5091 θεῖοι·-

1939 5131 2106 5185 mavit
2129 5129 2402 5183 hominem
2429 5127 2495 5190 ³⁸,
2529 5144 2548 5178 ι
2584 5126 2676 5196 qui
2700 5133 2898 5180 terram
2924 5125 3156 5195 lingunt,
3179 5127 3513 5180 carnalibus-
3564 5178 3570 5183 .

1940 5238 2046 5293 que
2077 5221 2446 5291 voluptatibus
2483 5217 2684 5274 addicti
2734 5224 2882 5280 sunt,
2913 5217 3058 5287 jure,
3092 5226 3278 5289 utpote
3302 5219 3508 5273 saluta-
3563 5197 3573 5220 ’

1944 5315 2020 5368 ris
2047 5311 2200 5367 verbi
2226 5310 2456 5374 inimici,
2498 5309 2639 5363 male
2668 5306 2915 5362 audiunt.
2959 5305 3066 5363 Sed
3099 5309 3151 5362 hi
3182 5307 3397 5378 quidem
3427 5315 3510 5358 ta-

1944 5410 2024 5462 les
2057 5425 2071 5460 :
2105 5405 2244 5458 alius
2287 5411 2465 5458 autem
2498 5401 2632 5456 ordo
2661 5415 2850 5457 eorum
2896 5399 2987 5470 qui
3030 5415 3255 5470 regnum
3305 5396 3508 5452 Christi

1943 5504 2306 5569 cognoscunt,
2348 5495 2492 5550 dona
2524 5493 2628 5565 ipsi
2661 5492 2868 5557 aﬂ'eret,
2903 5500 2963 5546 ut
2988 5493 3042 5548 in
3070 5489 3352 5562 prophetia
3401 5489 3508 5543 fer-

1943 5602 2032 5646 tur
2065 5589 2149 5646 his
2193 5588 2375 5644 verbis
2410 5606 2424 5643 :
2470 5607 2488 5638 ‹
2529 5585 2702 5658 Reges
2731 5583 2956 5641 Tharsis
2979 5589 3034 5638 et
3067 5581 3254 5637 insulze
3284 5595 3507 5635 munera

1522 5752 1562 5781 ³⁸
1591 5747 1731 5805 Psal.
1775 5763 1938 5814 nvn,
1971 5748 2058 5802 3‘2.
2138 5748 2178 5780 ’⁷
2213 5743 2378 5816 Soph.
2417 5760 2495 5808 ιιι,
2535 5743 2618 5796 l0.
2697 5742 2740 5772 ³⁸
2772 5739 2904 5796 Gen.
2945 5753 3004 5805 ιι,
3034 5734 3079 5788 7.
