4008 6210
521 278 626 331 81η

1179 281 1447 338 EUSEBII
1487 281 1966 338 C/ESARIENSIS
2003 283 2150 338 OPP.
2196 283 2373 339 PARS
2409 283 2496 339 111.
2534 315 2604 325 —
2644 282 3049 339 EXEGETICA.

3655 285 3770 341 808

519 394 781 459 olTerent,
825 409 980 465 reges
1001 359 1252 451 'Arabum
1290 407 1344 452 et
1374 397 1515 452 Saba
1546 398 1687 453 dona
1737 399 2027 467 adducent.
2060 419 2078 453 ι

2183 401 2280 472 τὴν
2321 400 2595 471 βασιλείαν
2624 400 2718 454 τοῦ
2742 397 2973 472 Χριστοῦ
3017 395 3386 470 γνωριζόντων
3413 397 3562 470 δῶρα
3589 414 3768 471 προσ-

521 487 580 539 In
608 485 692 540 his
725 489 904 540 autem
948 485 1079 541 dum
1126 491 1180 542 iu
1230 486 1367 544 duas
1409 497 1592 559 partes
1627 489 1776 545 orbis
1807 490 2088 550 dividitur.

520 576 667 630 aliud
706 576 771 630 ad
815 592 1071 633 occasum
1098 579 1235 635 solis
1263 581 1642 650 assignantur,
1686 581 1830 651 quod
1858 582 2090 651 primum

519 667 829 722 declaratur
877 669 963 725 his
1008 671 1219 736 verbis,
1275 691 1294 722 ι
1332 670 1508 742 Reges
1541 671 1769 728 Tharsis
1810 681 1866 727 et
1899 673 2092 728 insulas

519 767 746 814 munera
782 759 1039 826 olferent;
1074 779 1093 811 ι
1128 762 1286 830 queis
1327 777 1476 816 mare
1506 759 1852 818 Occidentale
1885 762 2090 832 signiﬁ-

517 857 629 915 cat,
664 865 876 906 necnon
902 850 1113 907 insulas
1150 851 1347 907 ibidem
1381 853 1535 908 sitas.
1574 851 1663 907 Sic
1698 868 1828 924 ergo
1853 853 1982 908 olim
2007 851 2093 907 Jo-

518 953 620 993 nas
651 940 912 1010 propheta
961 943 1200 996 surrexit
1231 949 1290 995 ut
1326 941 1536 1014 fugeret
1566 943 1622 996 in
1650 942 1898 1008 Tharsis,
1923 950 1977 999 et
2003 943 2093 998 de-

520 1032 732 1088 scendit
759 1032 992 1104 Joppen,
1027 1036 1456 1108 conscenditque
1484 1052 1676 1091 navem
1710 1044 1770 1091 ut
1798 1036 2007 1108 fugeret
2036 1037 2090 1092 in

519 1127 771 1193 Tharsis,
819 1146 983 1200 quam
1021 1146 1146 1186 esse
1181 1131 1372 1185 dicunt
1398 1129 1686 1186 Tharsum.
1725 1131 1783 1185 In
1815 1131 2092 1187 Ezechiele

518 1235 648 1275 vero
690 1219 915 1276 Tharsis
975 1221 1338 1286 vocabulum,
1379 1221 1762 1292 Carthaginem
1815 1219 1951 1275 LXX
2003 1237 2093 1277 ex-

517 1320 858 1381 presserunt.
919 1311 1080 1366 Aliud
1141 1313 1303 1367 clima
1346 1311 1415 1366 ad
1467 1315 1731 1368 orientem
1793 1313 1962 1367 solem
2006 1313 2090 1368 his

519 1402 898 1472 signiﬁcatur,
960 1401 1181 1472 «Reges
1244 1403 1482 1458 Arabum
1543 1411 1598 1458 et
1664 1401 1826 1457 Saba.
1877 1422 1896 1454 ι
1955 1402 2088 1458 Nam

519 1493 756 1548 Arabum
798 1509 970 1564 genus
1010 1494 1276 1549 orientale
1311 1502 1422 1561 est,
1473 1494 1703 1550 ulterius
1746 1501 1923 1549 autem
1969 1493 2094 1550 Per-

519 1588 634 1639 sica
699 1587 849 1655 regio
889 1601 1102 1641 necnon
1161 1584 1504 1640 Sabaitarum
1552 1595 1696 1640 terra
1743 1586 1921 1656 posita
1960 1586 2090 1641 dici-

516 1683 628 1730 tur.
698 1673 805 1729 Pro
863 1676 955 1729 illo
1007 1684 1230 1741 autem,
1288 1694 1307 1727 ι
1353 1674 1528 1746 Reges
1582 1675 1821 1730 Arabum
1879 1684 1936 1730 et
1996 1676 2092 1730 Sa-

516 1765 620 1830 ba,
659 1785 678 1818 ›
711 1766 904 1837 Aquila
961 1777 1014 1823 et
1053 1766 1412 1838 Symmachus
1438 1742 1525 1822 iac
1582 1782 1706 1821 cum
1737 1768 1805 1822 iis
1861 1766 2088 1824 Hebrai-
2121 1742 2162 1798 Β

515 1871 642 1910 cum
691 1858 1002 1928 exemplar,
1046 1857 1266 1927 «Reges
1307 1857 1449 1912 Saba
1502 1863 1557 1912 et
1613 1857 1756 1912 Saba
1783 1876 1802 1910 ι
1860 1858 2082 1916 habent.

515 1943 595 1999 Ita
655 1954 714 2000 ut
768 1947 1170 2015 pronuntiando
1229 1946 1447 2015 quidem
1501 1946 1734 2017 idipsum
1778 1947 1932 2012 sint,
1971 1949 2085 2005 ele—

517 2045 823 2090 mentorum
862 2038 1126 2092 varietate
1163 2037 1432 2092 diﬁ'erant.
1494 2036 1630 2092 Nam
1668 2040 1902 2108 primum
1943 2038 2085 2095 Saba

516 2141 615 2196 per
654 2127 888 2181 litteram
937 2127 1039 2182 Sen
1083 2129 1152 2183 ab
1190 2127 1431 2184 Hebraeis
1487 2130 1731 2196 dictam;
1786 2132 2085 2186 secundum

516 2233 648 2273 vero
673 2234 769 2288 per
806 2218 948 2274 Sadc
981 2220 1244 2290 scriptum
1283 2221 1338 2274 in
1373 2219 1640 2274 Hebraico
1676 2228 1780 2284 est,
1811 2222 1957 2277 unde
2001 2223 2086 2277 iu-

517 2311 925 2380 terpretationis
955 2320 1137 2366 ortum
1170 2311 1467 2367 discrimen
1507 2321 1612 2366 est.
1657 2311 1911 2367 Servator
1955 2329 2087 2370 sane

514 2401 621 2454 hoc
676 2415 873 2455 nomen
903 2409 1297 2456 commemorat
1335 2401 1565 2456 dicens:
1610 2420 1629 2453 ι
1683 2401 1887 2474 Regina
1943 2402 2084 2460 Saba

516 2501 703 2564 surget
735 2496 790 2546 in
815 2494 902 2549 die
921 2493 1140 2563 judicii,
1169 2500 1223 2548 et
1261 2493 1646 2550 condemnabit
1684 2495 2084 2564 generationem

515 2583 676 2648 banc,
704 2584 830 2656 quia
866 2585 1012 2640 venit
1032 2600 1062 2638 a
1094 2585 1291 2640 ﬁnibus
1329 2593 1508 2648 terra),
1541 2593 1602 2639 ut
1631 2586 1840 2640 audiret
1869 2587 2085 2657 sapien-

514 2683 642 2736 tiam
683 2681 990 2740 Salomonis
1020 2685 1102 2739 "z
1144 2704 1163 2737 ι
1206 2693 1391 2756 aperte
1418 2685 1706 2740 declarans
1758 2685 1812 2740 in
1839 2688 2084 2743 terminis

513 2780 672 2828 terra:
699 2773 859 2829 sitam
889 2782 1102 2842 gentem
1133 2773 1276 2830 Saba
1300 2776 1522 2830 dictam.
1552 2774 1677 2830 Haec
1706 2791 1868 2845 porro
1892 2777 2084 2834 tertius

513 2861 826 2933 Regnorum
864 2864 998 2918 liber
1039 2864 1106 2920 de
1138 2865 1242 2920 ista
1280 2873 1437 2936 gente
1471 2875 1701 2921 narrat:
1748 2885 1766 2918 ι
1807 2867 1870 2922 Et
1898 2868 2083 2938 regina

515 2952 661 3008 Saba
689 2954 899 3009 audivit
929 2970 1127 3010 nomen
1154 2953 1485 3020 Salomonis,
1513 2963 1567 3012 et
1595 2958 1741 3011 venit
1765 2966 1825 3011 ut
1853 2967 2084 3014 tentaret

2189 492 2423 546 οίσουσιν
2475 493 2642 564 αύτῷ,
2692 490 3118 563 προφητεύεται·
3155 489 3221 544 δι’
3259 489 3286 543 6
3326 489 3573 544 λέλεκται
3607 491 3760 560 ὲξῆςο
3803 506 3812 513 “

2195 602 2214 636 ι
2245 584 2490 648 Βασιλεῖς
2520 585 2750 656 Θαρσεῖς
2786 586 2880 638 καὶ
2912 584 3066 654 νῆσοι
3094 583 3240 654 δῶρα
3267 582 3635 653 προσοίσουσι,
3667 583 3767 652 βα-

2191 677 2356 740 σιλεῖς
2392 677 2631 748 Ἀράϐων
2653 676 2747 730 καὶ
2771 677 2918 731 Σαϐὰ
2948 676 3095 748 δῶρα
3121 675 3465 747 προσάξουσι.
3509 694 3528 727 ι
3561 674 3672 728 Καὶ
3701 678 3764 729 ἐν

2187 768 2396 832 τούτοις
2429 768 2483 821 δὲ
2511 771 2539 823 6
2563 768 2736 838 λόγος,
2777 768 2964 823 διελὼν
3004 770 3085 832 εἰς
3124 767 3217 821 δύο
3265 767 3404 839 μέρη
3439 768 3539 840 τὴν
3579 771 3761 822 οίκουο

2192 860 2381 930 μένην,
2419 860 2480 913 τὸ
2524 861 2619 931 μὲν
2648 860 2892 932 ἀφορίζει
2937 861 3030 913 ἐπὶ
3071 859 3132 912 τὸ
3169 857 3306 930 πρὸς
3344 860 3573 929 δυσμαῖς
3602 860 3758 931 ήλίου

2190 950 2378 1021 κλίμα,
2411 949 2439 1002 6
2466 951 2530 1023 δὴ
2575 951 2788 1023 πρῶτον
2827 950 3156 1022 παρίστησιν
3203 948 3399 1002 εἰπών·
3446 968 3466 1002 ι
3507 950 3758 1014 Βασιλεῖς

2188 1039 2419 1112 Θαρσεῖς
2463 1042 2556 1095 καὶ
2603 1042 2751 1112 νῆσοι
2777 1040 2921 1113 δῶρα
2960 1039 3332 1110 προσοίσουσι·
3362 1059 3382 1093 ι
3415 1040 3483 1093 δι’
3523 1033 3598 1094 ὧν
3657 1040 3758 1112 τὴν

2189 1131 2325 1202 πρὸς
2368 1132 2598 1204 δυσμαῖς
2639 1132 2888 1204 σημαίνει
2921 1131 3195 1185 θάλασσαν
3222 1131 3316 1186 καὶ
3351 1130 3452 1194 τὰς
3485 1133 3543 1183 ἐν
3583 1132 3757 1204 ταύτῃ

2187 1225 2403 1296 νήσους.
2432 1225 2616 1288 Οὕτως
2646 1220 2738 1278 οὖν
2765 1241 2894 1277 ποτε
2931 1223 3025 1276 καὶ
3065 1224 3247 1286 Ἰωνᾶς
3273 1225 3302 1277 6
3349 1224 3632 1295 προφήτης
3662 1224 3750 1276 6v-

2189 1317 2317 1389 ἑστη
2340 1319 2530 1387 φυγεῖν
2567 1319 2646 1382 είς
2667 1316 2898 1389 Θαρσεῖς
2929 1317 3024 1370 καὶ
3049 1315 3251 1385 κατέϐη
3285 1317 3364 1379 εἰς
3397 1316 3634 1387 Ἰόππην,
3660 1318 3758 1370 καὶ

2185 1408 2353 1480 ἀνέϐη
2397 1412 2478 1473 είς
2523 1408 2703 1462 πλοῖον
2743 1408 2835 1462 τοῦ
2863 1411 3052 1477 φυγεῖν
3085 1408 3164 1470 είς
3208 1407 3456 1478 Θαρσεῖς,
3477 1408 3539 1478 ἦν
3585 1425 3757 1475 φασιν

2188 1497 2326 1554 εἶναι
2359 1501 2456 1573 τὴν
2487 1500 2714 1572 Θαρσόν.
2757 1500 2845 1553 Ἐν
2891 1499 2946 1552 δὲ
2985 1498 3063 1570 τῷ
3103 1497 3350 1570 Ἐζεκιὴλ
3392 1497 3482 1551 τοῦ
3515 1498 3754 1569 Θαρσεῖς

2188 1593 2444 1665 ὀνόματος
2491 1591 2788 1664 φερομένου
2809 1630 2823 1655 ,
2870 1593 2918 1644 οἱ
2980 1589 3378 1660 Ἐϐδομήκοντα
3432 1589 3754 1660 Καρχηδόνα

2186 1688 2556 1758 ήρμήνευσαν.
2589 1684 2661 1738 Τδ
2705 1684 2761 1738 δέ
2793 1683 2977 1755 ἕτερον
3021 1681 3189 1753 κλίμα
3233 1681 3294 1734 τὸ
3329 1680 3463 1753 πρὸς
3490 1681 3756 1745 ἀνατολὰς

2188 1777 2336 1849 ἡλίου
2389 1775 2638 1846 δηλοῦται
2685 1775 2774 1828 διὰ
2831 1774 2948 1840 τοῦ,
2999 1790 3016 1822 ι
3073 1771 3318 1836 Βασιλεῖς
3361 1772 3604 1843 Ἀράϐων
3660 1773 3754 1825 καὶ

2186 1871 2353 1926 Σαϐά.
2398 1889 2417 1923 ο
2447 1869 2520 1922 T6
2550 1886 2610 1922 τε
2659 1867 2768 1939 γὰρ
2807 1866 2915 1920 τῶν
2952 1864 3196 1938 Ἀράϐων
3237 1863 3392 1932 γένος
3438 1864 3752 1918 ἀνατολικὸν

2184 1963 2458 2033 τυγχάνει,
2503 1959 2762 2014 ἐπέκεινα
2799 1958 2855 2012 δέ
2881 1956 3043 2012 αύτοῦ
3074 1957 3142 2010 τὰ
3176 1954 3419 2026 Περσικά
3449 1955 3609 2027 μέρη,
3660 1957 3753 2008 xal.

2185 2055 2218 2125 ή
2250 2055 2358 2108 τῶν
2404 2051 2680 2106 Σαϐαῑτῶν
2712 2051 2865 2123 χώρα
2910 2045 3048 2102 εἶναι
3075 2047 3309 2116 λέγεται.
3347 2048 3495 2100 Ἀντί⁵
3535 2048 3603 2100 δὲ
3632 2048 3748 2111 τοῦ,

2189 2166 2210 2198 ι
2243 2147 2488 2210 Βασιλεῖς
2545 2143 2788 2216 Ἀράϐων
2836 2144 2931 2197 καὶ
2977 2141 3146 2204 Σαϐὰ,
3193 2159 3212 2192 ι
3253 2140 3282 2192 6
3323 2139 3553 2204 Ἀκύλας
3597 2141 3693 2193 καὶ
3722 2143 3751 2194 6

2185 2238 2494 2309 Σύμμαχος,
2519 2239 2554 2309 ἦ
2599 2254 2656 2290 τε
2697 2235 2956 2306 Ἐϐραῖκὴ
2996 2232 3182 2305 γραφὴ
3220 2231 3482 2296 συντόνως
3519 2232 3748 2296 τούτοις,

2188 2349 2209 2382 ι
2251 2329 2496 2393 Βασιλεῖς
2525 2329 2673 2382 Σαϐὰ
2715 2330 2810 2382 καὶ
2853 2327 3001 2382 Σαϐὰ
3039 2347 3057 2380 ι
3093 2328 3395 2400 εἰρήκασιν.
3436 2328 3583 2379 Ὢστ¹
3612 2321 3750 2380 εἷναι

2182 2423 2378 2478 ταύτὺν
2421 2423 2518 2494 μὲν
2573 2422 2976 2493 ἐκφωνούμενον
3014 2420 3203 2492 ὄνομα,
3233 2420 3558 2474 διαλλάττειν
3591 2419 3648 2472 δὲ
3682 2421 3748 2491 τῇ

2182 2515 2290 2568 τῶν
2333 2513 2609 2586 στοιχείων
2655 2515 2915 2586 διαφορᾷο
2951 2513 3011 2568 τὸ
3057 2514 3154 2584 μὲν
3205 2512 3313 2585 γὰρ
3361 2512 3574 2585 πρῶτον
3601 2511 3749 2565 Σαϐὰ

2183 2603 2269 2657 διὰ
2321 2603 2417 2657 τοῦ
2473 2603 2804 2674 καλουμένου
2863 2603 2990 2676 παρ’
3055 2602 3325 2675 Ἑϐραίοις
3386 2603 3530 2666 σὲν,
3591 2601 3652 2654 τδ
3692 2601 3750 2654 δέ

2181 2693 2430 2765 δεύτερον
2463 2693 2552 2748 διὰ
2575 2693 2669 2746 τοῦ
2712 2693 2868 2763 σ’ἁδη
2919 2694 3179 2764 στοιχείου
3209 2695 3351 2749 κατὰ
3383 2695 3482 2766 τὴν
3544 2694 3753 2765 Ἑϐραῖ-

2184 2786 2286 2857 κὴν
2318 2785 2610 2856 ἐμφέρεται
2657 2787 2875 2857 γραφήν
2895 2803 2908 2816 ·
2937 2785 3085 2840 ἔνθεν
3115 2787 3207 2840 καὶ
3239 2785 3309 2840 τὰ
3335 2787 3432 2859 τῆς
3460 2784 3750 2858 ἑρμηνείας

2184 2879 2365 2942 αὐτοῖς
2389 2878 2717 2932 ἐναλλάττει.
2756 2879 2867 2932 Καὶ
2896 2880 2924 2932 6
2962 2879 3150 2950 Σωτὴρ
3178 2879 3233 2932 δέ
3262 2878 3450 2931 τούτου
3483 2879 3750 2949 μέμνηται

2185 2973 2276 3026 τοῦ
2309 2970 2569 3042 ὀνόματος
2597 2969 2798 3039 λέγων·
2837 2989 2854 3020 ι
2893 2969 3186 3023 Βασίλισσα
3217 2968 3364 3022 Σαϐὰ
3389 2969 3749 3040 ἀναστήσεται

513 3060 640 3100 eum
673 3045 727 3098 in
751 3046 1151 3116 aenigmatibus.
1194 3045 1260 3100 Et
1286 3049 1436 3102 venit
1468 3049 1523 3102 in
1557 3047 1854 3104 Jerusalem
1889 3051 1942 3104 in
1987 3066 2082 3122 po-

2186 3068 2244 3120 ὲν
2269 3065 2449 3137 ἡμέρᾳ
2469 3063 2718 3135 κρίσεως,
2747 3063 2840 3116 καὶ
2859 3065 3175 3135 κατακρινεῖ
3199 3062 3296 3132 τὴν
3317 3062 3508 3130 γενεάν
3523 3060 3746 3136 ταύτην,

513 3148 712 3196 testate
748 3142 898 3211 gravi
935 3140 1108 3197 valde.
1157 3140 1223 3195 Et
1253 3143 1444 3197 cameli
1485 3142 1720 3198 ferentes
1767 3144 1988 3200 delicias
2030 3153 2083 3200 et

516 3231 749 3301 lapidem
778 3233 1076 3303 pretiosum
1105 3233 1171 3286 “.
1213 3253 1233 3286 ι
1281 3231 1590 3289 Vocabatur
1625 3250 1786 3304 porro
1827 3237 1976 3308 regio
2001 3247 2084 3290 at-

513 3337 620 3391 que
646 3339 778 3394 gens
805 3324 895 3377 illa
931 3323 1094 3387 Saba,
1119 3340 1149 3379 a
1195 3339 1399 3395 proavo
1435 3323 1600 3390 Saba,
1638 3327 1731 3397 qui
1761 3327 1905 3383 ﬁlius
1934 3329 2082 3384 Chus

515 3411 686 3468 fuisse
721 3414 1005 3469 scribitur.
1036 3415 1126 3469 Alt
1158 3431 1289 3486 ergo
1320 3415 1520 3487 Moysis
1552 3416 1874 3488 Scriptura:
1911 3437 1930 3471 ι
1961 3417 2081 3473 Filii

515 3509 698 3559 autem
726 3504 897 3570 Chu‘s,
932 3505 1073 3561 Saba
1107 3516 1162 3562 et
1190 3506 1398 3573 Hevila,
1427 3518 1482 3564 et
1515 3507 1752 3564 Sabatha
1773 3510 1840 3564 δ’.
1883 3529 1900 3561 ι
1933 3509 2082 3566 Chus

509 3611 641 3651 vero
666 3598 971 3668 explicatur
1002 3617 1021 3651 ι
1051 3598 1325 3670 Ᾰζιιιίορε.
1372 3618 1391 3652 ι
1423 3599 1568 3657 Gens
1598 3601 1760 3672 igitur
1787 3617 1908 3672 quae
1940 3602 2081 3658 Saba

511 3693 739 3741 vocatur
765 3727 780 3752 ,
832 3687 1143 3758 AEtbiopica
1175 3689 1390 3744 videtur
1436 3705 1579 3746 esse.
1614 3690 1924 3746 Secundum
1953 3692 2080 3747 item

513 3773 656 3830 Saba
697 3786 1051 3843 memoratur,
1098 3779 1165 3835 de
1218 3795 1326 3852 quo
1370 3781 1448 3836 ait
1499 3781 1822 3853 Scriptura:
1881 3802 1900 3835 ι
1960 3782 2080 3838 Filii

511 3868 766 3941 Regmas,
799 3871 940 3926 Saba
966 3881 1020 3928 et
1051 3873 1232 3930 Dadan
1257 3877 1321 3930 “.
1362 3895 1380 3928 ι
1411 3877 1783 3949 Congruenter
1813 3879 1994 3950 itaque
2025 3883 2080 3934 in

511 3959 722 4028 psalmo
770 3962 1073 4016 secundum
1126 3964 1366 4034 reliquos
1416 3965 1741 4037 interpretes
1777 3968 2077 4024 scribitur:

517 4068 536 4100 ι
576 4048 748 4120 Reges
779 4049 921 4106 Saba
950 4061 1004 4108 et
1051 4051 1193 4110 Saba
1243 4056 1385 4110 dona
1433 4057 1721 4113 adducent.
1760 4078 1779 4111 ι
1815 4058 2080 4116 Caeterum

511 4141 599 4198 his
633 4143 919 4214 prophetia
967 4146 1258 4216 signiﬁcat,
1296 4165 1462 4221 regna
1515 4152 1579 4206 ad
1616 4153 1933 4209 orientalem
1964 4156 2081 4225 pla-

514 4247 634 4303 gam
668 4233 797 4297 sita,
829 4233 1066 4305 itemque
1096 4251 1260 4308 regna
1291 4239 1614 4303 occidentis,
1649 4242 1697 4295 ei
1731 4242 1822 4312 qui
1856 4243 1910 4297 in
1944 4244 2080 4299 vati-

511 4326 658 4380 cinio
694 4323 887 4389 fertur,
903 4324 1044 4381 dona
1067 4327 1316 4382 oblatura
1339 4345 1492 4398 esse;
1518 4345 1642 4384 nam
1664 4331 1744 4386 sic
1771 4333 2080 4390 indicantur

2181 3161 2261 3212 ὅτι
2287 3153 2450 3229 ἦλθεν
2476 3157 2539 3209 ἐκ
2571 3155 2681 3208 τῶν
2719 3155 2966 3227 περάτων
2995 3155 3093 3225 τῆς
3125 3155 3226 3226 γῆς
3267 3154 3497 3211 ἀκοῦσαι
3530 3157 3627 3229 τὴν
3666 3175 3751 3211 σο-

2183 3250 2309 3320 φίαν
2324 3247 2681 3318 Σολομῶντος·
2715 3265 2732 3298 ι
2761 3245 2944 3316 σαφῶς
2966 3246 3232 3318 παριστὰς
3250 3247 3324 3312 ὠς
3340 3251 3396 3302 ἐν
3416 3252 3526 3313 τοῖς
3554 3250 3751 3320 πέρασι

2181 3341 2281 3410 τῆς
2311 3341 2412 3411 γῆς
2442 3339 2502 3393 τὸ
2550 3337 2698 3392 Σαϐὰ
2728 3337 2875 3402 ἔθνος
2912 3338 3185 3409 τυγχάνει.
3222 3339 3447 3411 Ἱστορεῖ
3480 3341 3538 3395 δὲ
3577 3342 3670 3394 καὶ
3713 3343 3748 3412 ὴ

2180 3430 2338 3502 τρίτη
2366 3429 2472 3483 τῶν
2514 3427 2805 3483 Βασιλειῶν
2846 3429 2974 3501 περὶ
3009 3429 3103 3482 τοῦ
3132 3431 3295 3484 αὑτοῦ
3335 3431 3520 3496 ἔθνους
3547 3433 3750 3486 ταῦτα’

2189 3543 2205 3575 ι
2219 3524 2324 3576 Καὶ
2339 3523 2623 3594 βασίλισσα
2639 3523 2786 3577 Σαϐὰ
2805 3523 3001 3594 ἤκουσε
3017 3523 3076 3576 τὸ
3090 3523 3258 3594 ὄνομα
3271 3525 3630 3596 Σολομῶντος,
3651 3526 3749 3580 καὶ

2179 3610 2308 3687 ἦλθε
2336 3615 2590 3685 πειράσαι
2613 3614 2772 3668 αὐτὸν
2794 3616 2851 3667 ἐν
2873 3614 3174 3686 αἰνίγμασι.
3199 3618 3308 3669 Kal.
3339 3611 3495 3687 ἦλθεν
3523 3616 3604 3678 εἰς
3641 3616 3746 3668 Ἱε-

2183 3704 2461 3778 ρουσαλὴμ
2491 3706 2548 3760 ἐν
2580 3704 2804 3775 δυνάμει
2853 3704 3046 3776 βαρείᾳ
3091 3706 3313 3778 σφόδρα.
3360 3707 3464 3760 Kal.
3503 3705 3745 3777 κάμηλοι

2181 3798 2429 3870 αἴρουσαι
2473 3797 2756 3868 ἡδύσματα
2800 3798 2894 3850 καὶ
2938 3797 3134 3868 χρυσὸν
3180 3798 3348 3852 πολὺν
3398 3798 3595 3869 σφόδρα
3645 3799 3747 3852 καὶ

2180 3890 2327 3944 λίθον
2378 3889 2574 3960 τίμιον.
2608 3907 2627 3940 ο
2657 3886 2904 3960 Κέκλητο
2956 3889 3014 3942 δὲ
3059 3891 3092 3960 ὴ
3132 3887 3284 3961 χώρα
3329 3890 3423 3944 καὶ
3477 3892 3537 3945 τὸ
3597 3893 3748 3958 ἔθνος

2181 3979 2327 4032 Σαϐὰ
2370 3979 2476 4032 ἀπὸ
2519 3977 2858 4052 προπάτορος
2888 3979 2980 4031 τοῦ
3019 3979 3198 4040 Σαϐὰ.
3239 3980 3297 4044 ὃς
3331 3981 3749 4055 ἀναγέγραπται

2181 4071 2294 4135 υἱὸς
2310 4071 2546 4140 γεγονὼς
2559 4070 2652 4124 τοῦ
2669 4070 2830 4134 Χοῦς.
2850 4071 3010 4139 Λέγει
3027 4071 3069 4124 δ’
3086 4068 3178 4125 οὖν
3193 4075 3224 4144 ἡ
3240 4073 3515 4138 Μωῦσέως
3537 4078 3744 4147 γραφή·

2186 4183 2204 4214 ι
2230 4165 2345 4216 Υἱοὶ
2372 4163 2428 4216 δὲ
2456 4162 2616 4229 Χοῦς,
2641 4162 2788 4217 Σαϐὰ
2811 4165 2904 4218 καὶ
2920 4163 3103 4228 Εύίλα,
3121 4165 3213 4218 καὶ
3231 4166 3463 4221 Σαϐάθα.
3490 4187 3509 4219 ι
3534 4169 3677 4234 Χοῦς
3690 4168 3749 4224 δὲ

2181 4255 2538 4327 ἑρμηνεύεται
2561 4273 2579 4306 ι
2616 4258 2644 4309 6
2665 4255 2874 4326 Αἰθίοψ.
2907 4275 2925 4308 ι
2963 4257 3120 4321 Γένος
3141 4254 3231 4312 οὖν
3245 4258 3556 4314 Αἰθιοπικὸν
3574 4261 3748 4315 ἔοικεν

2180 4341 2316 4399 εἶναι
2343 4346 2402 4398 τὸ
2428 4345 2574 4398 Σαϐὰ
2601 4345 2770 4410 ἔθνος.
2805 4346 2915 4400 Καὶ
2947 4347 3196 4420 δεύτερον
3232 4349 3288 4403 δὲ
3326 4350 3540 4422 εἴρηται
3574 4353 3746 4416 Σαϐὰ,

511 4424 702 4487 gentes
731 4415 948 4488 regibus
989 4417 1236 4474 subditae.
1280 4417 1419 4474 Num
1451 4419 1685 4476 fortasse
1714 4437 1869 4493 reges
1895 4424 2081 4480 dican-

2183 4433 2310 4505 περὶ
2348 4427 2407 4486 οὗ
2439 4450 2600 4502 φησιν
2633 4437 2666 4506 ὴ
2695 4436 2880 4507 Γραφή
2906 4453 2917 4466 ”
2967 4454 2985 4486 ι
3030 4415 3150 4490 Υἱοὶ
3189 4439 3247 4492 δὲ
3291 4415 3552 4512 Ῥεγμὰς,
3598 4415 3746 4498 Σαϐἀ

509 4514 602 4559 tur
630 4506 828 4578 angeli,
859 4510 952 4578 qui
986 4509 1237 4579 gentibus
1267 4518 1528 4579 prazsunt,
1561 4509 1670 4567 Deo
1694 4528 1849 4568 sacra
1875 4512 2077 4569 facien-

511 4607 613 4663 tes,
643 4601 804 4670 eique
835 4599 1111 4657 Ecclesias
1136 4603 1378 4673 gentium
1418 4619 1646 4672 quarum
1679 4606 1916 4676 praefecti
1948 4613 2076 4662 sunt

509 4686 566 4740 in
593 4687 794 4743 donum
824 4689 1157 4746 offerentes?
1188 4691 1367 4758 Quare
1395 4692 1592 4750 deinde
1628 4697 1951 4751 vaticinatur
1984 4697 2074 4752 fu-

509 4786 713 4842 turum,
757 4786 816 4834 ut
854 4780 1083 4836 adorent
1124 4797 1247 4837 eum
1281 4798 1470 4839 omnes
1501 4800 1676 4857 reges.
1710 4786 1894 4858 Neque
1927 4789 2072 4844 enim

510 4867 778 4925 duntaxat
808 4871 1066 4941 praedicta
1113 4874 1255 4928 dona
1290 4876 1552 4933 allaturos
1600 4881 1944 4949 pramuntiat,
1979 4883 2074 4938 sed

509 4975 632 5014 eum
662 4961 826 5015 etiam
859 4963 1182 5020 adoraturos
1206 4982 1348 5022 esse.
1379 4966 1534 5034 Quod
1581 4972 1709 5024 item
1763 4969 1974 5042 Moyses
2017 4973 2071 5028 in

510 5065 707 5121 magno
734 5055 949 5111 ctntico
976 5056 1164 5112 docuit
1189 5058 1256 5114 de
1282 5059 1502 5115 Christo
1531 5061 1659 5116 talia
1686 5061 1828 5118 fatus
1856 5082 1870 5118 :
1901 5082 1920 5115 ι
1957 5062 2074 5119 Lae-

509 5143 719 5209 tamini,
778 5145 925 5212 caeli,
971 5163 1095 5201 cum
1149 5150 1289 5219 ipso,
1329 5157 1383 5206 et
1434 5153 1660 5209 adorent
1705 5169 1829 5209 eum
1878 5171 2069 5212 omnes

508 5237 683 5309 angeli
719 5236 811 5293 Dei
835 5237 903 5295 ”.
945 5259 964 5292 ι
994 5240 1058 5296 Hi
1100 5245 1308 5302 scilicet
1350 5265 1523 5321 reges,
1552 5253 1749 5307 occulti
1783 5263 1836 5308 et
1879 5252 2070 5308 invisi-

509 5327 646 5386 biles
674 5330 912 5401 gentiuln
944 5334 1218 5406 principes
1249 5337 1531 5396 Dominum
1564 5359 1721 5398 suum
1757 5345 2066 5412 adorantes,

509 5423 718 5478 animas
756 5424 859 5480 sibi
908 5426 1229 5484 commissas
1281 5430 1383 5501 ipsi
1431 5431 1486 5486 in
1536 5432 1674 5489 dona
1729 5433 2064 5492 offerebant:

507 5529 674 5582 quare
703 5517 807 5573 sub
833 5516 947 5576 bmc
977 5518 1252 5590 adjicitur,
1291 5540 1310 5575 ι
1346 5521 1546 5582 Omnes
1589 5533 1779 5597 gentes
1827 5529 2067 5584 servient

575 5665 620 5697 "
644 5667 772 5724 Luc.
813 5685 888 5739 XI,
927 5675 1012 5729 3L
1090 5675 1132 5707 ⁸ο
1165 5675 1227 5731 Ill
1264 5677 1391 5750 Reg.
1419 5697 1471 5748 ι,
1500 5681 1627 5747 Ι,2.
1719 5683 1757 5715 δ’
1793 5683 1927 5741 Gen.
1973 5685 2083 5750 x,7

2185 5685 2230 5719 δ’
2261 5686 2390 5742 ibid.

2183 4526 2276 4578 καὶ
2295 4525 2466 4579 Δαδάν
2484 4567 2498 4580 .
2530 4545 2548 4577 ι
2574 4527 2812 4591 Εἰκότως
2834 4527 3009 4582 τοίνυν
3043 4531 3098 4582 ἐν
3120 4529 3196 4602 τῷ
3216 4531 3412 4603 ψαλμῷ
3430 4534 3746 4606 γέγραπται

2181 4613 2320 4668 κατὰ
2353 4616 2476 4678 τοὺς
2503 4615 2751 4679 λοιπούςο
2793 4634 2812 4667 ι
2850 4617 3092 4684 Βασιλεῖς
3123 4621 3269 4676 Σαϐὰ
3293 4624 3387 4678 καὶ
3413 4625 3563 4679 Σαϐὰ
3595 4627 3745 4698 δῶρα

2180 4705 2526 4776 προσάξουσι.
2568 4727 2586 4758 ι
2612 4707 2759 4778 Πλὴν
2797 4707 2931 4762 άλλά
2972 4712 3225 4780 σημαίνει
3253 4715 3286 4784 ἡ
3319 4718 3625 4787 προφητεία
3656 4719 3744 4772 διὰ

2175 4796 2378 4851 τούτων
2405 4798 2504 4862 τὰς
2532 4798 2673 4852 κατὰ
2707 4800 2768 4853 τὸ
2795 4800 3106 4855 ἀνατολικὸν
3138 4801 3306 4875 κλίμα
3343 4805 3617 4874 βασιλείας
3649 4810 3742 4863 καὶ

2173 4886 2272 4950 τὰς
2304 4888 2436 4960 πρὸς
2474 4888 2682 4960 δυσμάς
2712 4888 2858 4961 ἡλίου
2889 4889 3036 4962 δῶρα
3067 4890 3144 4962 τῷ
3172 4892 3544 4970 θεσπιζομὲνῳ
3575 4916 3746 4972 προσ-

2173 4977 2356 5043 οίσειν,
2375 4978 2514 5032 οὕτω
2535 4997 2649 5043 πως
2671 4981 3079 5052 σημαινομένων
3097 4983 3205 5038 τῶν
3225 4985 3328 5039 ὑπὸ
3349 4986 3446 5051 τὰς
3467 4987 3742 5058 βασιλείας

2172 5069 2358 5123 ἐθνῶν.
2393 5071 2616 5142 Μήποτε
2656 5071 2712 5125 δὲ
2755 5075 2847 5127 καὶ
2889 5074 3127 5144 βασιλεῖς
3171 5079 3220 5132 οἱ
3263 5078 3369 5132 τῶν
3405 5079 3576 5133 ἐθνῶν
3609 5099 3742 5153 προ-

2171 5161 2400 5224 εστῶτες
2419 5161 2637 5231 ἄγγελοι
2654 5164 2932 5235 δηλοῦνται
2947 5170 3226 5241 ἰερωμένοι
3246 5169 3323 5241 τῷ
3335 5169 3452 5241 Θεῷ
3477 5172 3572 5225 καὶ
3591 5172 3741 5243 δῶρα

2174 5254 2534 5325 προσάγοντες
2559 5257 2706 5329 αύτῷ
2743 5258 2844 5324 τὰς
2887 5261 3205 5334 Ἐκκλησίας
3254 5256 3328 5316 ὧν
3376 5263 3739 5333 καθηγοῦνται

2173 5345 2372 5412 ἐθνῶν;
2406 5348 2481 5401 Δι’
2511 5348 2540 5402 ὃ
2575 5349 2702 5419 ἑξῆς
2749 5355 3142 5425 προσκυνήσειν
3188 5353 3336 5426 αὐτῷ
3377 5353 3586 5418 πάντας
3612 5356 3739 5419 τοὺς

2175 5436 2412 5507 βασιλεῖς
2437 5439 2698 5505 θεσπίζει.
2735 5443 2808 5496 Οὐ
2840 5442 2948 5514 γάρ
2979 5445 3137 5511 μόνον
3173 5445 3477 5517 προσοίσειν
3504 5447 3653 5518 αύτῷ
3673 5447 3740 5500 τὰ

2174 5529 2534 5602 προλεχθέντα
2589 5532 2737 5605 δῶρά
2791 5551 2976 5605 φησιν,
3023 5535 3156 5590 ἀλλὰ
3205 5537 3299 5591 καὶ
3344 5541 3738 5611 προσκυνήσειν

2503 5688 2546 5720 ⁸³
2575 5687 2729 5744 Deut.
2775 5707 2941 5760 xxx",
2964 5693 2997 5747 4
3016 5694 3082 5754 5;
3110 5692 3232 5749 Psal
3289 5711 3425 5752 xcvi.
3449 5695 3499 5750 7.
