4014 6206
289 264 400 320 809

1423 265 1930 326 COMMENTARIA
1964 268 2031 323 1N
2072 266 2417 325 PSALMOS.

3442 278 3551 332 8I0

288 381 461 454 αύτῷ.
500 383 566 437 ‘0
587 382 653 455 δὴ
701 383 793 439 καὶ
827 385 1071 456 Μωῦσῆς
1101 386 1162 440 ἐν
1209 385 1417 459 μεγάλῃ
1454 386 1565 458 ᾠδῇ
1599 386 1871 442 ἐδίδασκεν

1949 386 2050 448 ,ei.
2093 407 2113 438 ι
2166 385 2322 453 Quod
2355 400 2489 443 sane
2521 386 2651 443 huic
2679 386 2829 445 dicto
2859 388 3019 447 afﬁne
3048 400 3172 449 est:
3228 412 3248 447 ι
3288 392 3565 456 Dominus

287 477 385 531 ὡδί
431 493 509 550 πη
542 478 671 551 περὶ
704 479 941 551 Χριστοῦ
982 479 1188 546 λέγων’
1232 499 1250 531 ι
1284 480 1659 553 Εὐφράνθητε,
1716 480 1874 553 ούρα-

286 572 390 637 vel,
428 572 545 643 ἅμα
577 571 745 644 αὐτῷ,
780 574 875 627 καὶ
919 573 1446 645 προσκυνησάτωσαν
1480 572 1628 643 αὐτῷ
1669 573 1870 636 πάντες

284 665 507 735 ἄγγελοι
539 664 697 719 Θεοῦ.
740 686 758 718 ι
786 661 944 722 Οὗτοι
969 668 1106 738 δῆτα
1139 668 1188 720 οἱ
1221 666 1478 737 βασιλεῖς,
1520 667 1745 735 ἀφανεῖς
1775 666 1870 721 καὶ

282 756 507 828 ἀόρατοι
554 755 664 810 τῶν
701 755 869 810 ἐθνῶν
923 756 1203 828 ἄρχοντες,
1258 755 1733 826 προσκυνήσαντες
1777 752 1869 806 τὸν

280 847 494 903 ἑαυτῶν
532 848 758 920 Κύριον,
800 847 901 912 τὰς
932 848 1023 902 ὑπ’
1066 851 1247 912 αὐτοῖς
1281 848 1457 917 ψυχάς
1499 844 1647 917 δῶρα
1703 861 1872 917 προσ-

276 941 419 1011 ῆγον
437 940 606 1011 αύτῷ.
636 941 832 1012 Διόπερ
849 941 1059 1004 τούτοις
1081 940 1210 1010 ἑξῆς
1237 940 1503 1009 συνῆπται
1528 939 1605 992 τό·
1636 959 1652 989 ι
1684 939 1869 991 Πάντα

273 1031 350 1086 τὰ
400 1033 528 1105 ἔθνη
572 1032 944 1087 δουλεύσουσιν
996 1032 1162 1103 αὐτῷ.
1204 1052 1223 1083 ι
1261 1031 1555 1101 Σύμφωνον
1595 1030 1640 1082 δ’
1673 1030 1739 1084 ἂν
1782 1029 1869 1101 εἴη

271 1123 437 1180 τοῦτο
494 1124 575 1196 τῷ
618 1126 849 1196 φήσαντι
898 1125 1062 1196 λόγῳο
1104 1144 1122 1175 ι
1162 1124 1364 1193 Κύριος
1410 1120 1529 1175 εἶπε
1580 1121 1714 1195 πρὸς
1758 1121 1857 1192 με’

272 1214 408 1281 Υῑός
442 1234 545 1288 μου
575 1213 626 1270 εἶ
654 1217 717 1270 σύ
738 1234 751 1246 ·
787 1219 897 1286 ἐγὼ
918 1219 1159 1289 σήμερον
1184 1216 1491 1287 γεγέννηκά
1523 1233 1600 1270 σε.
1627 1214 1858 1286 Αίτησαι

274 1313 411 1381 ⁴παρ’
443 1308 604 1381 ἐμοῦ,
635 1310 729 1363 καὶ
770 1308 926 1363 δώσω
952 1327 1036 1363 σοι
1063 1310 1190 1380 ἔθνη
1217 1309 1314 1381 τὴν
1347 1308 1711 1380 κληρονομίαν
1740 1325 1855 1372 σου,

273 1404 371 1454 καὶ
408 1400 511 1471 τὴν
539 1399 865 1469 κατάσχεσιν
893 1416 986 1453 σου
1007 1400 1075 1454 τά
1104 1401 1315 1471 πέρατα
1347 1399 1448 1469 τῆς
1474 1400 1594 1471 γῆς.
1637 1418 1654 1450 ι
1702 1401 1765 1453 Ὃ
1792 1398 1854 1470 δὴ

272 1493 370 1547 καὶ
420 1492 712 1546 πεπεῖσθαι
746 1493 853 1565 χρὴ
900 1491 1376 1564 πληρωθήσεσθαι,
1408 1493 1483 1546 ὅτ’
1514 1491 1580 1545 ἂν
1616 1492 1679 1545 τὸ
1720 1492 1855 1563 πλή-

274 1599 441 1654 ρωμα
471 1583 578 1637 τῶν
606 1583 774 1637 ἐθνῶν
794 1583 1030 1656 εἰσέλθῃ,
1066 1585 1159 1637 καὶ
1194 1584 1426 1655 μάλιστα
1457 1581 1600 1637 κατὰ
1627 1583 1725 1654 τὴν
1744 1583 1858 1636 δευ-

1978 478 2116 532 dixit
2144 478 2212 532 ad
2241 492 2360 534 me:
2386 477 2559 534 Filius
2588 495 2744 537 meus
2762 495 2822 537 es
2848 492 2928 547 tu,
2962 498 3064 554 ego
3094 484 3258 540 hodie
3283 490 3445 557 genui
3473 498 3550 547 te.

1976 564 2200 625 Postula
2259 585 2291 624 a
2334 586 2442 635 me,
2500 579 2555 627 et
2601 572 2744 629 dabo
2791 574 2890 629 tibi
2936 585 3127 646 gentes
3180 577 3551 640 htereditatem

1973 672 2144 725 tuam,
2191 668 2245 716 et
2276 662 2680 732 possessionem
2726 672 2873 718 tuam
2923 666 3187 724 terminos
3232 675 3391 725 teme
3414 672 3480 728 “.
3524 692 3544 725 ι

1972 754 2126 821 Quod
2181 767 2315 809 sane
2358 762 2681 810 eventurum
2727 771 2851 813 esse
2897 756 3269 825 credendum,
3329 764 3550 831 quando

1971 844 2255 917 plenitudo
2283 845 2528 917 gentium
2570 845 2816 917 ingressa
2871 845 3057 911 fuerit,
3093 850 3439 922 maximeque
3490 854 3550 911 in

1973 938 2218 995 secundo
2245 947 2301 993 et
2327 938 2517 993 divino
2547 935 2861 996 Servatoris
2893 943 3067 997 nostri
3094 942 3349 1000 adventu.
3386 946 3543 1004 'I‘unc

1972 1045 2162 1084 omnes
2189 1043 2345 1100 reges
2375 1029 2683 1084 adorabunt
2720 1045 2866 1096 eum,
2901 1038 2955 1087 et
2983 1049 3175 1090 omnes
3205 1044 3394 1107 gentes
3420 1053 3542 1093 ser-

1967 1122 2115 1176 vient
2146 1136 2221 1181 ei.
2257 1140 2276 1172 ι
2312 1121 2379 1175 Ει
2406 1120 2497 1175 hic
2527 1122 2770 1177 omnium
2803 1122 2925 1179 linis
2954 1126 3080 1191 erit,
3107 1141 3228 1182 cum
3259 1129 3545 1186 tradiderit

1965 1209 2195 1283 regnum
2252 1213 2363 1270 Deo
2409 1223 2463 1270 et
2520 1212 2708 1281 Patri,
2756 1231 2879 1271 cum
2944 1217 3276 1276 destruxerit
3324 1237 3542 1279 omnem

1964 1303 2330 1374 principatum
2395 1312 2450 1360 et
2496 1319 2712 1361 omnem
2760 1314 3084 1376 potestatem
3143 1319 3196 1366 et
3258 1314 3538 1371 virtutem.

1964 1393 2190 1464 Oportet
2236 1396 2383 1450 enim
2433 1411 2557 1452 eum
2603 1413 2855 1468 regnare,
2911 1399 3085 1456 donec
3134 1412 3299 1465 ponat
3345 1420 3543 1463 omnes

1962 1487 2218 1543 inimicos
2251 1489 2354 1543 sub
2399 1488 2630 1558 pedibus
2673 1491 2813 1556 suis,
2863 1502 2917 1549 et
2967 1494 3266 1552 novissima
3316 1499 3540 1555 mimica

1962 1582 2279 1636 destruatur
2311 1595 2458 1639 mors
2482 1584 2548 1638 ".
2593 1604 2613 1635 ι

269 1673 442 1746 τέραν
470 1674 562 1728 τοῦ
594 1675 845 1747 Σωτῆρος
872 1674 1028 1746 ἡμῶν
1059 1675 1396 1745 θεοφάνειαν.
1423 1674 1556 1728 Τότε
1604 1674 1733 1743 γοῦν
1774 1675 1974 1738 πάντες
2011 1675 2061 1727 οἱ
2098 1674 2336 1743 βασιλεῖς
2370 1677 2840 1747 προσκυνήσουσιν
2880 1680 3051 1752 αὐτῷ,
3107 1683 3202 1736 καὶ
3242 1684 3420 1740 πάντα
3465 1703 3538 1743 τα

271 1767 404 1839 ἔθνη
431 1767 802 1821 δουλεύσουσιν
834 1768 1004 1840 αὐτῷ.
1046 1787 1064 1820 ι
1114 1769 1223 1822 Καὶ
1248 1768 1405 1821 τοῦτο
1436 1767 1587 1821 ἔσται
1616 1766 1674 1819 τὸ
1711 1766 1930 1821 πάντων
1953 1765 2123 1830 τέλος,
2156 1765 2234 1818 ὅτ’
2274 1765 2341 1819 ἂν
2392 1765 2669 1837 παραδιδῷ
2706 1766 2807 1838 τὴν
2855 1768 3132 1839 βασιλείαν
3162 1774 3242 1846 τῷ
3277 1774 3397 1848 Θεῷ
3441 1778 3537 1833 καὶ

267 1864 471 1937 Πατρὶ,
501 1864 577 1917 ὅτ’
614 1862 680 1916 ἂν
725 1866 1048 1937 καταργήσῃ
1087 1865 1268 1918 πᾶσαν
1320 1862 1495 1936 ἀρχὴν
1566 1862 1660 1916 καὶ
1702 1863 1883 1915 πᾶσαν
1954 1861 2203 1926 ἐξουσίαν
2264 1861 2359 1914 καὶ
2405 1859 2656 1932 δύναμιν.
2702 1864 2795 1915 Δεῖ
2847 1863 2958 1937 γάρ
3000 1867 3162 1922 αὑτὸν
3209 1867 3531 1939 βασιλεύειν,

267 1957 403 2031 ἄχρι
439 1951 501 2013 οὗ
524 1958 588 2030 θῇ
631 1959 839 2023 πάντας
875 1960 1002 2023 τοὺς
1044 1958 1270 2031 ἐχθροὺς
1309 1958 1414 2012 ὑπὸ
1448 1958 1617 2021 πόδας
1657 1958 1847 2021 αὐτοῦ,
1885 1957 2115 2030 ἔσχατος
2141 1955 2335 2028 ἐχθρὸς
2365 1960 2722 2029 καταργεῖται
2744 1960 3040 2026 ὁθάνατος.
3082 1983 3101 2017 ι

352 2091 372 2125 ι
405 2071 525 2127 Ὀτι
556 2071 824 2144 ἐρρύσατο
868 2070 1084 2144 πτωχὸν
1117 2074 1181 2127 ὲκ
1207 2073 1489 2137 δυνάστου,
1524 2075 1618 2127 καὶ
1639 2074 1846 2144 πένητα

2020 2070 2188 2127 V'sns.
2223 2070 2312 2127 12.
2352 2091 2371 2125 ι
2396 2071 2535 2139 Quia
2562 2073 2811 2129 liberavit
2832 2091 3125 2147 pauperem
3150 2093 3181 2133 a
3211 2087 3451 2151 potente,
3476 2093 3531 2140 et

262 2157 316 2234 ᾧ
346 2165 444 2236 οὐχ
480 2164 691 2236 ὑπῆρχε
724 2163 977 2236 βοηθός.ι
1024 2164 1169 2218 Ἀντὶ
1208 2166 1321 2219 τοῦδ
1359 2184 1378 2218 ι
1419 2165 1537 2219 Ὀτι
1575 2164 1845 2238 ὲρρύσατο

262 2257 487 2329 πτωχὸν
519 2260 584 2311 ὲκ
606 2259 887 2324 δυνάστου,
927 2280 945 2313 ι
977 2260 1006 2312 ὁ
1032 2259 1347 2332 Σύμμαχος·
1384 2279 1403 2312 ι
1447 2260 1570 2313 Ὂτι
1593 2258 1852 2325 ὲξελεῖται

259 2350 478 2422 πένητα
537 2349 859 2424 οἰμώζοντα.
902 2372 920 2404 ι
955 2353 1030 2406 Ού
1082 2353 1191 2424 γάρ
1223 2352 1299 2416 ὡς
1338 2351 1438 2423 ῆδη
1481 2350 1849 2424 γεγενημένα,

258 2441 382 2496 ἀλλ’
420 2442 498 2505 ὡς
533 2442 795 2512 μέλλοντα
831 2442 1048 2498 ἔσεσθαι
1091 2443 1265 2496 ταῦτα
1309 2443 1572 2509 θεσπίζει.
1611 2444 1752 2516 Ὅρα
1795 2442 1852 2496 δὲ

257 2530 459 2595 ὁσάκις
481 2531 574 2584 τοῦ
602 2530 817 2603 πτωχοῦ
841 2531 1186 2604 μνημονεύει,
1214 2531 1427 2605 πρῶτον
1448 2532 1635 2587 εἰπών·
1667 2553 1683 2584 ι
1716 2533 1852 2603 Κρί-

258 2638 382 2677 νειν
414 2622 506 2675 τὸν
538 2621 664 2678 λαόν
714 2640 807 2677 σου
838 2624 893 2677 ἐν
924 2624 1258 2699 δικαιοσύνῃ,
1292 2626 1385 2679 καί⁸
1431 2626 1559 2689 τοὺς
1602 2626 1851 2695 πτωχοὺς

256 2715 324 2769 ὲν
342 2715 546 2787 κρίσει·
569 2715 874 2789 ιδεύτερον,
898 2736 916 2769 ι
945 2718 1135 2789 Κρινεῖ
1167 2720 1291 2782 τοὺς
1318 2719 1567 2790 πτωχοὺς
1588 2719 1681 2773 τοῦ
1698 2717 1846 2783 λαοῦ,

258 2807 361 2860 καὶ
387 2807 553 2861 σώσει
572 2809 698 2871 τοὺς
725 2809 874 2873 υἱοὺς
895 2810 1001 2862 τῶν
1039 2810 1313 2881 πενήτων·
1360 2829 1379 2862 ι
1407 2810 1503 2863 καὶ
1531 2808 1626 2865 νῦν
1656 2809 1844 2863 πάλιν·

262 2919 287 2951 ι
327 2902 452 2954 Ὅτι
493 2900 761 2971 ἐρρύσατο
802 2902 1013 2971 πτωχὸν
1053 2904 1119 2956 ὲκ
1146 2902 1406 2957 δυνάστου
1435 2903 1528 2957 καὶ⁹
1562 2904 1769 2973 πένητα
1804 2897 1849 2971 ᾧ

255 2993 363 3064 οὐχ
384 2993 599 3066 ὑπῆρχε
618 2993 826 3065 βοηθόςο
842 3015 860 3048 ι
881 2996 973 3049 καὶ
988 2992 1163 3059 αὖθις·
1188 3016 1205 3047 ι
1233 2997 1479 3050 Φείσεται
1507 2998 1721 3067 πτωχοῦ
1754 2999 1848 3052 καὶ

258 3086 520 3156 πένητος,
553 3085 645 3138 καὶ
678 3085 855 3157 ψυχάς
895 3091 1143 3159 πενήτων
1186 3088 1366 3143 σώσει.
1411 3108 1430 3141 ι
1464 3084 1631 3159 Οἶμαι
1673 3089 1729 3142 δὲ
1762 3090 1848 3143 διὰ

253 3180 471 3233 τούτων
502 3178 757 3232 ἁπάντων
799 3180 1049 3250 πτωχοὺς
1078 3183 1173 3234 καὶ
1218 3180 1455 3253 πένητας
1498 3182 1682 3235 καλεῖν
1720 3182 1848 3245 τοὺς

254 3270 597 3335 ἀποστόλους
622 3272 717 3325 καὶ
743 3271 869 3336 τοὺς
899 3270 1145 3344 μαθητάς
1166 3273 1260 3328 τοῦ
1285 3274 1535 3345 Σωτῆρος
1566 3271 1742 3344 ἡμῶν,
1770 3272 1841 3337 οἳ,

254 3357 363 3430 τὴν
395 3358 463 3412 δι’
492 3360 652 3413 αὐτὸν
694 3361 966 3431 πτωχείαν
1010 3362 1377 3434 ἀνειληφότες,
1410 3363 1510 3435 τὴν
1555 3365 1635 3428 εἰς
1676 3364 1843 3435 ἄκρον

254 3451 469 3523 ἀρετῆς
500 3450 823 3506 ἐλαύνουσαν
850 3451 1164 3525 κατώρθουν
1193 3453 1510 3525 φιλοσοφίαν
1526 3471 1539 3485 ·
1574 3454 1639 3510 δι’
1663 3454 1690 3508 δ
1716 3456 1843 3526 περὶ

253 3542 443 3598 αὐτῶν
485 3542 713 3608 Ἡσαΐας
750 3546 846 3616 μὲν
885 3544 1255 3616 πωανεφὼνει
1296 3545 1469 3615 λέγων
1492 3563 1507 3576 ο
1542 3563 1561 3597 ι
1598 3546 1840 3616 Εὑαγγε-

252 3632 511 3688 λίσασθαι
562 3637 796 3706 πτωχοῖς
834 3635 1141 3689 ἀπέσταλκὲ
1177 3652 1263 3707 με.
1307 3654 1326 3687 ι
1371 3636 1556 3699 Ἀυτὸς
1578 3635 1634 3689 δὲ
1664 3638 1693 3689 ὁ
1724 3638 1838 3691 Σω-

252 3724 389 3797 τὴρ,
421 3726 606 3791 αὐτοῖς
635 3726 1000 3798 προσομιλῶν,
1034 3726 1184 3796 ἔλεγε
1204 3744 1217 3758 ·
1258 3744 1277 3778 ι
1316 3728 1594 3799 Μακάριοι
1619 3730 1667 3781 οί
1693 3745 1839 3781 πτω-

254 3816 368 3889 χοὶ,
385 3817 468 3871 ὅτι
492 3817 672 3873 αὐτῶν
700 3820 898 3891 ἐστινὴ
928 3819 1171 3891 βασιλεία
1190 3819 1299 3873 τῶν
1317 3819 1580 3892 οὐρανῶν.
1606 3821 1790 3875 Πάντα
1813 3840 1831 3871 ι

253 3904 355 3966 οὖν
380 3928 402 3961 ‹
440 3909 508 3963 τά
537 3909 662 3982 ἔθνη
688 3910 1061 3965 δουλεύσουσιν
1089 3910 1255 3983 αύτῷ,
1277 3912 1359 3965 ὃτι
1392 3912 1662 3985 ἐρρύσατο
1690 3930 1836 3967 πτω-

252 4001 355 4074 χὸν
388 4002 454 4055 ὲκ
484 4001 765 4067 δυνάστου,
795 4003 889 4057 καὶ
921 4003 1127 4074 πένητα
1152 3998 1196 4073 ᾧ
1218 4003 1316 4074 οὐχ
1345 4004 1555 4076 ὑπῆρχε
1579 4004 1786 4076 βοηθός.
1812 4025 1830 4057 ι

253 4098 335 4152 Th
371 4099 502 4170 γὰρ,
532 4117 553 4150 ι
585 4099 685 4163 ὅτι,
718 4117 737 4150 ι
776 4098 925 4170 παρὰ
953 4099 1086 4152 πᾶσι
1126 4101 1238 4163 τοῖς
1269 4100 1630 4171 ὲρμηνευταῖς
1662 4096 1754 4151 καὶ
1777 4097 1835 4151 ὲν

253 4190 401 4263 αὐτῇ
449 4193 515 4263 τῇ
585 4191 843 4263 Ἐδραῖκῇ
887 4194 1068 4263 γραφῇ
1143 4191 1427 4261 κείμενον,
1479 4189 1835 4258 αἰτιολογικὸν

250 4281 539 4352 τυγχάνει,
579 4282 822 4335 διδάσκον
868 4283 1014 4346 ὅπως
1050 4281 1227 4335 πάντα
1258 4282 1328 4335 τὰ
1361 4282 1487 4353 ἔθνη
1531 4281 1834 4335 δουλεύσειν

254 4374 464 4448 ῆμιελλε
514 4373 593 4446 τῷ
632 4375 860 4448 Σωτῆρι.
915 4375 1085 4429 Τοῦτο
1138 4374 1266 4447 γάρ,
1319 4376 1470 4445 φησὶ,
1526 4377 1831 4446 γενήσεται,

263 4486 284 4523 ι
316 4467 508 4539 ἐπειδὴ
545 4468 763 4541 ῥύσεται
803 4468 1015 4538 πτωχὸν
1050 4470 1113 4521 ἐκ
1149 4468 1443 4522 δυνάστου·
1480 4489 1498 4519 ι
1533 4468 1608 4532 ὼς
1654 4470 1699 4520 εἰ
1740 4484 1833 4520 σα-

256 4560 522 4632 φέστερον
537 4559 738 4629 ἔλεγεν·
756 4560 880 4614 Ὅτι
899 4560 1007 4613 τῶν
1033 4560 1341 4614 ἀποστόλων
1356 4559 1521 4613 αύτοῦ
1540 4560 1602 4612 τὸ
1626 4559 1829 4629 τάγμα,

253 4652 369 4706 τῶν
387 4651 457 4705 δι’
474 4652 634 4705 αὑτὸν
662 4651 891 4722 πτωχῶν
922 4653 1015 4705 καὶ
1035 4656 1299 4724 πενήτων,
1316 4652 1538 4722 ῥύσεται
1559 4649 1667 4705 ἀπὸ
1696 4667 1828 4704 παν-

252 4745 349 4808 τὸς
372 4744 656 4799 δυνάστου.
690 4742 907 4797 Πολλῶν
936 4744 1047 4816 γὰρ
1089 4743 1364 4798 δυναστῶν
1398 4742 1610 4815 ὁρατῶν
1644 4759 1704 4803 τε
1738 4742 1832 4795 καὶ

256 4835 484 4905 ἀφανῶν
508 4837 899 4909 ἀντικειμένων
926 4838 1019 4892 καὶ
1044 4837 1485 4909 ἐπανισταμένων
1509 4835 1720 4898 τούτοις
1741 4834 1832 4887 αύο
1865 4861 1909 4916 D

255 4931 372 4992 τοῖς
396 4929 510 4992 τοῖς
528 4931 761 5001 πτωχοῖς
786 4927 879 4984 καὶ
909 4931 1022 4993 τοῖς
1044 4929 1289 5000 πένησιν,
1319 4928 1501 4993 αὐτὸς,
1531 4930 1726 4997 ἀφανεῖ
1744 4927 1834 4979 δυ-

254 5018 425 5091 νάμει
456 5017 807 5092 προασπίζων
829 5021 1027 5084 αὐτῶν,
1054 5023 1117 5075 ὲκ
1138 5022 1352 5077 πάντων
1367 5021 1562 5083 αὐτοὺς
1592 5019 1832 5092 ῥύσεται,

258 5112 400 5186 πρὸς
428 5111 601 5186 τὸδ’μη
635 5113 939 5185 κωλυθῆναι
969 5116 1068 5186 τὴν
1106 5116 1173 5169 δι’
1204 5113 1383 5169 αὐτῶν
1413 5111 1831 5182 ἐπιτελουμένην

255 5203 357 5258 τοῦ
385 5204 738 5273 εὐαγγελικοΰ
776 5207 1124 5280 κηρύγματος
1163 5205 1482 5278 ὑπηρεσίαν.
1529 5206 1638 5259 Καὶ
1672 5204 1831 5258 τοῦτο

259 5294 461 5369 πράξει
492 5295 667 5351 συνὼν
699 5297 900 5364 αὐτοῖς,
939 5298 1059 5352 καθ’
1078 5298 1147 5369 ῆν
1178 5299 1460 5369 ποιήσεται
1481 5297 1615 5368 πρὸς
1635 5297 1831 5359 αὐτοὺς

258 5388 594 5458 ἐπαγγελίαν
620 5391 831 5461 φήσαςο
866 5410 884 5444 ι
936 5391 1068 5446 Ἰδοὺ
1101 5390 1212 5460 ἐγὼ
1246 5391 1364 5463 μεθ’
1399 5387 1555 5460 ὑμῶν
1578 5391 1694 5460 ειμι
1728 5389 1833 5442 πά-

260 5496 365 5545 σας
381 5479 481 5543 τάς
500 5481 712 5552 ἡμέρας
734 5481 838 5545 ἕως
858 5483 957 5555 τῆς
986 5481 1293 5545 συντελείας
1312 5481 1405 5535 τοῦ
1426 5479 1640 5543 αἰῶνος.
1679 5498 1696 5531 ι
1729 5479 1833 5534 Οὓ-

260 5586 372 5633 τως
402 5566 496 5623 οὖν
528 5569 622 5626 καὶ
665 5569 914 5640 ἐφείσατο
940 5570 1154 5641 πτωχοῦ
1187 5570 1280 5624 καὶ
1315 5570 1562 5640 πένητος,
1596 5568 1690 5621 καὶ
1730 5565 1831 5636 ψυ-

338 5729 385 5764 “
407 5728 555 5788 Psal.
587 5732 648 5794 ιι,
674 5729 728 5794 7,
755 5729 806 5783 8.
883 5729 928 5761 "
962 5728 1130 5788 ICor.
1158 5744 1247 5791 xv,
1282 5725 1464 5782 2&26.

579 5825 861 5888 Parnm:
908 5824 1024 5885 (in.
1103 5819 1340 5883 XXIII.

1950 2181 2243 2239 pauperem
2271 2168 2495 2223 cuinon
2528 2175 2647 2223 erat
2680 2168 2917 2239 adjutor.
2955 2190 2973 2222 ι
3014 2170 3119 2227 Pro
3153 2174 3285 2229 illo:
3329 2194 3348 2228 ι
3390 2175 3531 2243 Quia

1952 2255 2205 2311 liberavit
2232 2271 2520 2327 pauperem
2543 2273 2572 2311 a
2597 2265 2838 2328 potente,
2863 2282 2880 2312 ι
2906 2259 3268 2333 Symmachus
3292 2286 3304 2322 :
3340 2286 3360 2320 ι
3389 2266 3530 2335 Quia

1951 2345 2143 2416 eripiet
2189 2362 2482 2417 pauperem
2535 2348 2853 2417 ejulantem.
2913 2372 2931 2402 ι
2994 2352 3118 2409 "me
3167 2357 3367 2428 quippe
3416 2375 3529 2417 non

1952 2438 2111 2509 quasi
2165 2437 2278 2507 jam
2331 2440 2631 2503 evenerint,
2688 2440 2784 2495 sed
2832 2452 2890 2497 ut
2941 2442 3121 2500 futura
3175 2450 3523 2509 vaticinatur.

1950 2530 2371 2586 Animadvertas
2412 2531 2574 2585 velim
2624 2532 2838 2602 quoties
2880 2550 3173 2606 pauperem
3215 2553 3525 2613 memoret;

1950 2622 2129 2692 primo
2146 2636 2271 2677 cum
2301 2622 2416 2678 ait:
2443 2641 2461 2673 ι
2498 2621 2751 2679 Judicare
2797 2626 3054 2694 populum
3086 2637 3239 2683 tuum
3271 2633 3327 2686 in
3352 2632 3525 2703 justi-

1950 2714 2046 2776 tia,
2081 2721 2135 2768 et
2164 2729 2432 2785 pauperes
2461 2726 2584 2770 tuos
2615 2714 2669 2768 in
2697 2714 2949 2784 judicio;
2992 2737 3011 2769 ι
3046 2720 3326 2777 secundo:
3360 2743 3379 2775 ‹
3427 2722 3525 2781 ιυ-

1950 2804 2152 2860 dieabit
2175 2819 2441 2876 pauperes
2479 2805 2687 2876 populi,
2726 2811 2781 2860 et
2819 2806 3000 2863 salvos
3032 2806 3192 2864 faciet
3220 2811 3359 2867 lllios
3389 2829 3525 2884 pau-

1948 2914 2176 2969 perum;
2210 2916 2230 2950 ι
2255 2905 2309 2953 et
2341 2912 2488 2953 nunc
2520 2897 2716 2953 iterum
2752 2918 2764 2954 :
2804 2918 2822 2951 ‹
2868 2899 3008 2968 Quia
3039 2903 3288 2961 liberavit
3319 2924 3526 2981 paupe-

1948 3006 2063 3046 rem
2094 3006 2125 3045 a
2146 2998 2386 3062 potente,
2409 2997 2463 3047 et
2494 3007 2786 3062 pauperem
2810 2994 2897 3048 cui
2929 3010 3037 3050 non
3065 3007 3185 3052 erat
3217 2999 3465 3071 adjutor;
3498 3022 3520 3055 ι

1949 3101 2013 3141 ac
2044 3101 2262 3141 rursum
2297 3104 2310 3140 :
2349 3102 2367 3137 ι
2423 3083 2616 3141 Parcet
2639 3089 2865 3159 pauperi
2896 3096 2950 3144 et
2982 3091 3168 3162 inopi,
3219 3102 3273 3150 et
3312 3096 3525 3154 animas

1948 3190 2250 3246 pauperum
2279 3174 2461 3231 salvas
2488 3174 2673 3234 faciet.
2708 3196 2728 3230 ι
2761 3179 3014 3235 Arbitror
3040 3197 3204 3252 porro
3228 3184 3315 3240 his
3343 3189 3525 3242 omni-

1947 3267 2050 3322 bus
2082 3266 2138 3320 in
2169 3266 2305 3322 locis
2336 3266 2515 3337 ipsum
2546 3274 2832 3338 apostolos
2859 3278 2913 3327 et
2940 3273 3236 3345 discipulos
3265 3275 3522 3335 Servate-

1947 3357 2026 3413 ris
2062 3358 2257 3426 nostri,
2287 3372 2555 3429 pauperes
2589 3366 2644 3415 et
2688 3359 2881 3433 inopes
2906 3378 3120 3429 vocare,
3164 3367 3258 3437 qui
3299 3378 3523 3442 propter

1945 3448 2125 3521 ipsum
2161 3460 2534 3522 paupertatem
2570 3452 2887 3519 subeuntes,
2919 3454 3317 3528 philosophiam
3369 3462 3517 3517 illam

1950 3543 2019 3596 ad
2056 3542 2276 3598 virtutis
2315 3541 2592 3615 fastigium
2624 3542 2940 3600 evehentem
2994 3546 3264 3605 colebant.
3318 3549 3520 3618 Quam-

1946 3635 2133 3690 obrem
2162 3633 2279 3689 haec
2319 3634 2387 3690 de
2433 3634 2541 3690 illis
2593 3633 2766 3692 Isaias
2808 3639 3250 3708 praenuntiabat:
3290 3662 3309 3694 ι
3346 3642 3519 3701 Evan-

1944 3726 2178 3798 gelizare
2216 3724 2551 3795 pauperibus
2592 3726 2743 3782 misit
2770 3742 2856 3783 me
2877 3728 2944 3784 “.
2970 3711 3003 3781 ἰ
3031 3729 3152 3800 Ipse
3178 3748 3305 3788 vero
3331 3732 3517 3791 Domi-

1944 3835 2052 3874 nus
2082 3833 2177 3874 eos
2205 3818 2488 3891 alloquens
2522 3819 2734 3876 dicebat
2769 3840 2782 3877 :
2820 3839 2839 3874 ι
2873 3821 3023 3878 Beati
3061 3838 3349 3894 pauperes,
3377 3842 3515 3898 quo-

1943 3911 2091 3965 niam
2123 3910 2366 3982 ipsorum
2419 3919 2507 3968 est
2561 3926 2787 3983 regnum
2830 3915 3181 3971 ctelorum".
3246 3917 3447 3974 Omnes
3486 3938 3508 3973 ι

1943 4016 2074 4073 ergo
2108 4022 2127 4056 ι
2148 4012 2338 4075 gentes
2365 4005 2603 4061 servient
2619 4006 2693 4073 ei,
2726 4004 2854 4077 quia
2887 4008 3140 4063 liberavit
3160 4025 3448 4081 pauperem
3481 4029 3513 4067 a

1942 4101 2184 4164 potente,
2221 4102 2275 4151 et
2306 4110 2598 4166 pauperem
2630 4097 2717 4151 cui
2751 4112 2860 4152 non
2893 4107 3009 4153 erat
3042 4098 3279 4170 adjutor.
3322 4120 3341 4153 ι
3375 4100 3510 4156 Nam

1942 4186 2099 4253 illud,
2138 4206 2157 4240 ι
2194 4188 2347 4258 quia,
2385 4208 2405 4241 ι
2438 4187 2581 4259 apud
2611 4205 2801 4245 omnes
2836 4191 3180 4260 interpretes,
3214 4200 3269 4249 et
3306 4194 3363 4249 in
3392 4192 3512 4264 ipsa

1942 4277 2208 4334 Hebraica
2264 4279 2534 4351 scriptura
2602 4281 2838 4350 positum
2865 4321 2880 4346 ,
2955 4297 3175 4337 causam
3241 4284 3464 4339 denotat
3490 4324 3508 4351 ,

1940 4371 2144 4427 docens
2175 4387 2275 4426 cur
2322 4371 2565 4425 futurum
2612 4374 2683 4427 sit
2712 4383 2767 4427 ut
2818 4388 3005 4429 omnes
3038 4384 3225 4445 gentes
3272 4376 3509 4431 serviant

1943 4459 2262 4528 Servatori;
2297 4461 2352 4516 id
2379 4475 2615 4530 namque
2648 4461 2760 4528 ﬁet,
2808 4460 3008 4531 inquit,
3046 4481 3066 4515 ι
3099 4465 3224 4534 quia
3256 4466 3508 4521 liberavit

1938 4563 2231 4620 pauperem
2266 4562 2298 4603 a
2326 4555 2590 4620 potente;
2626 4567 2644 4599 ι
2679 4563 2743 4603 ac
2772 4548 2818 4603 si
2846 4548 3049 4605 clarius
3093 4550 3301 4606 diceret
3328 4569 3341 4606 :
3367 4550 3506 4618 Quia

1940 4642 2311 4714 apostolorum
2355 4656 2604 4702 suorum.
2636 4642 2729 4711 qui
2761 4650 2981 4715 propter
3031 4643 3208 4713 ipsum
3242 4659 3507 4714 pauperes

1938 4739 1993 4788 et
2026 4732 2216 4803 inopes
2237 4739 2419 4797 erant,
2444 4732 2693 4788 ordinem
2718 4731 2970 4787 liberabit
2991 4733 3060 4788 ab
3083 4733 3232 4788 omni
3265 4743 3503 4805 potente.

1938 4825 2075 4880 Cum
2110 4825 2268 4880 multi
2318 4825 2466 4880 enim
2510 4831 2761 4896 potentes
2799 4825 3043 4881 visibiles
3100 4835 3155 4880 et
3206 4827 3509 4883 invisibiles

1940 4918 2228 4974 adversum
2242 4917 2366 4973 illos
2382 4931 2648 4989 pauperes
2660 4924 2714 4972 et
2731 4917 2919 4989 inopes
2946 4917 3252 4988 insurgent.
3282 4919 3502 4974 eosdem

1940 5010 2058 5081 ipse
2094 5011 2308 5067 occulta
2328 5011 2531 5066 virtute
2559 5016 2824 5081 proteget,
2841 5024 3015 5081 exque
3041 5010 3298 5067 omnibus
3315 5012 3485 5067 libera

1939 5104 2041 5167 bit,
2072 5112 2133 5158 ut
2159 5119 2230 5159 ne
2255 5103 2401 5174 quod
2435 5103 2538 5174 ipsi
2575 5105 2778 5158 obeunt
2807 5103 3132 5174 evangelica:
3162 5103 3505 5174 praedicatio-

1937 5197 2024 5252 nis
2053 5195 2418 5252 ministerium
2451 5195 2835 5266 prmpediatur.
2878 5194 3049 5266 quue
3094 5195 3216 5267 ipse
3261 5208 3502 5267 praesens

1936 5289 2150 5353 efﬁciet,
2181 5290 2482 5346 secundum
2513 5290 2583 5344 ab
2607 5303 2665 5345 se
2697 5289 3015 5345 tradendam
3064 5290 3498 5361 promissionem.

1896 5412 1901 5417 -
1938 5397 2044 5452 qua
2074 5382 2210 5437 dicit
2236 5399 2251 5436 :
2291 5399 2314 5435 ι
2348 5381 2488 5439 Ecce
2515 5397 2614 5455 ego
2640 5384 2923 5439 vobiscum
2954 5398 3074 5438 sum
3105 5381 3358 5438 omnibus
3386 5376 3502 5431 die-

1937 5474 2042 5530 bus
2089 5487 2265 5543 usque
2307 5474 2376 5531 ad
2431 5475 2956 5531 consummationem
3005 5471 3275 5530 saeculi“.
3330 5488 3352 5521 ι
3404 5465 3501 5524 Sic

1930 5565 2122 5638 itaque
2150 5568 2393 5640 pepercit
2425 5569 2651 5640 pauperi
2684 5576 2737 5622 et
2766 5570 2932 5640 inopi,
2964 5580 3018 5622 et
3058 5569 3267 5620 animas
3297 5576 3501 5634 paupe-

1540 5725 1584 5757 “
1625 5723 1729 5779 lsa.
1758 5737 1850 5776 ut
1886 5724 1936 5790 l,
2014 5722 2058 5757 ⁸⁷
2087 5721 2275 5780 Matth.
2304 5741 2355 5794 ν,
2397 5725 2448 5779 3.
2528 5726 2572 5759 "
2595 5724 2781 5779 Matth.
2827 5736 3015 5787 xxviii,
3045 5719 3136 5773 20.

3104 5809 3183 5871 26
