4014 6206
486 251 588 319 811

1156 248 1425 308 EUSEBII
1460 244 1944 306 CESdRIENSIS
1979 243 2135 305 OPP.
2175 246 2355 303 PARS
2391 248 2476 304 111.
2515 278 2589 292 --
2611 246 3022 307 EXEGETICA.

3633 248 3740 303 εει

482 390 603 430 rum
620 372 799 433 salvas
815 372 942 432 fecit
967 395 979 429 :
1003 375 1418 448 bacqueomnia
1437 372 1723 444 discipulis
1736 381 1785 428 et
1802 371 2048 439 apostoli:

2164 386 2264 442 χας
2321 381 2564 445 πενήτων
2615 373 2818 427 ἔσωσε·
2854 389 2949 425 και
2996 369 3170 424 ταῦτα
3217 371 3394 425 πάντα
3428 372 3543 434 τοῖς
3575 369 3741 423 αὐτοῦ

466 471 602 549 ,ειιίε
619 467 870 540 prabuit,
884 468 1011 525 utin
1024 483 1241 524 omnem
1263 476 1464 525 terram
1480 475 1653 523 exiret
1670 481 1842 523 sonus
1864 481 2056 524 eorum

484 573 538 617 et
570 562 625 616 in
664 559 799 617 ﬁnes
822 560 973 616 orbis
1025 570 1184 616 terra
1234 560 1399 616 verba
1437 575 1647 617 eorum.
1687 560 1896 616 Horum
1928 575 2058 616 vero

482 671 782 727 pauperum
805 662 862 713 et
884 644 1107 725 inOpum
1138 654 1350 709 animas
1372 669 1439 710 ex
1468 654 1654 711 usuris
1684 661 1739 708 et
1768 653 2059 725 iniquitate

482 747 735 811 redemit,
788 754 850 801 ut
896 745 1100 802 nemini
1145 745 1424 818 quidpiam
1471 744 1753 802 deberent.
1802 743 1959 812 Quod
2008 746 2058 802 si

480 839 809 911 quandoque
853 837 1012 895 fenus
1048 837 1392 909 acceperint,
1424 837 1502 892 ita
1549 843 1610 891 ut
1650 843 1895 893 veterum
1928 850 2056 908 pec-

482 940 729 987 catorum
767 931 845 988 rei
885 931 1195 998 exsistant;
1238 939 1295 985 at
1346 929 1465 1001 ipse
1508 928 1754 1000 pretioso
1787 930 2058 1001 sanguine

480 1038 580 1095 pro
612 1022 721 1079 illis
769 1021 972 1078 tradito
1005 1021 1237 1078 redemit
1267 1021 1480 1077 animas
1516 1036 1708 1076 eorum
1735 1040 1750 1076 :
1797 1020 1944 1077 unde
1973 1020 2060 1075 di-

481 1115 642 1169 vinus
685 1114 979 1185 Apostolus
1016 1114 1131 1170 haec
1162 1112 1391 1169 docuit:
1426 1131 1445 1164 ι
1484 1112 1741 1170 Christus
1773 1128 1875 1169 nos
1899 1113 2058 1169 rede«

479 1204 581 1259 mit
609 1202 679 1258 de
728 1204 1020 1260 maledicto
1049 1204 1205 1276 legis,
1257 1202 1437 1261 factus
1487 1219 1588 1274 pro
1620 1203 1779 1260 nobis
1831 1204 2058 1260 maledi-

479 1303 628 1350 ctum
651 1295 718 1351 δ’.
765 1315 785 1349 ι
822 1294 958 1351 Nam
992 1296 1121 1367 quia
1155 1296 1433 1353 debitores
1461 1302 1619 1352 erant
1645 1295 1750 1367 legi
1781 1294 1972 1368 Moysi,
2001 1302 2056 1353 et

479 1402 600 1458 quae
652 1386 861 1457 scripto
912 1386 1114 1442 tradita
1170 1394 1301 1444 sunt
1348 1403 1457 1443 non
1513 1387 1893 1459 impleverant,
1951 1389 2055 1445 sub

477 1479 767 1536 maledicto
793 1478 989 1536 deinde
1012 1489 1188 1544 erant,
1227 1479 1373 1550 quod
1397 1494 1508 1535 non
1536 1487 1707 1535 totam
1738 1480 1911 1548 legem
1937 1494 2056 1535 ser-

476 1576 721 1626 vassent.
746 1568 1019 1641 Scriptum
1040 1569 1242 1641 quippe
1271 1579 1421 1626 erat:
1455 1588 1474 1621 ι
1521 1568 1842 1626 Maledict'us
1874 1568 2053 1624 omnis

2162 466 2426 538 μαθηταῖς
2452 468 2543 520 καὶ
2568 464 2888 528 ἀποστόλοις
2918 467 3198 535 παρεῖχεν,
3231 462 3296 516 ἶν’
3325 464 3404 527 είς
3430 464 3614 516 πᾶσαν
3643 465 3743 535 τὴν

2158 559 2260 630 γῆν
2290 558 2495 624 ἐξέλθοι
2524 560 2553 611 6
2573 558 2808 627 φθόγγος
2842 555 3043 620 αὐτῶν,
3074 556 3169 609 καὶ
3202 557 3282 618 εἰς
3304 555 3374 609 τὰ
3404 555 3619 626 πέρατα
3644 558 3744 626 τῆς

2157 650 2477 722 οἰκουμένης
2513 651 2581 704 τά
2614 652 2834 722 ῥήματα
2870 649 3069 704 αὐτῶν.
3107 646 3323 702 Τούτων
3363 648 3422 701 δὲ
3453 646 3566 701 τῶν
3597 665 3747 700 πτω-

2158 745 2268 816 χῶν
2302 744 2399 799 καὶ
2425 744 2533 797 τῶν
2575 745 2820 816 πενήτων
2848 746 2913 798 ἐκ
2956 744 3117 798 τόκου
3151 743 3243 797 καὶ
3269 742 3327 809 ἐξ
3372 742 3591 806 ἀδικίας
3620 742 3743 794 ἐλυ-

2157 837 2403 909 τρώσατο
2433 837 2530 901 τὰς
2553 835 2752 908 ψυχὰς,
2778 838 2928 901 ὅπως
2952 836 3144 908 μηδενὶ
3169 833 3335 907 μηδὲν
3365 834 3659 905 ὀφείλοιεν.
3683 836 3747 888 Εἰ

2156 930 2212 983 δὲ
2244 929 2335 983 καί
2367 946 2496 983 ποτε
2528 928 2922 1000 δεδανεισμένοι
2942 927 3219 1001 ὥφλησαν,
3243 926 3382 981 ὥστε
3412 928 3636 998 ἐνόχους
3658 928 3750 981 αύ-

2155 1022 2282 1086 τοὺς
2304 1020 2554 1089 γενέσθαι
2582 1020 2824 1075 παλαιῶν
2854 1021 3288 1093 ἁμαρτημάτων,
3321 1018 3438 1073 ἀλλ’
3469 1019 3662 1083 αὐτὸς,
3686 1017 3748 1072 τὸ

2156 1107 2295 1184 αἷμα
2326 1113 2386 1166 τὸ
2416 1114 2592 1184 τίμιον
2624 1112 2815 1185 λύτρον
2845 1113 2984 1184 ὑπὲρ
3016 1113 3194 1166 αὐτῶν
3222 1112 3365 1177 δοὺς,
3397 1110 3750 1184 ἐλυτρὼσατο

2154 1206 2254 1269 τὰς
2279 1205 2454 1277 ψυχὰς
2498 1204 2677 1259 αὐτῶν
2699 1223 2714 1237 ·
2744 1205 2865 1259 ὃθεν
2909 1208 2938 1259 ό
2980 1204 3122 1269 θεῖος
3150 1203 3469 1268 Ἀπόστολος
3497 1203 3745 1257 ἐδίδασκε

2156 1297 2360 1367 λέγων’
2398 1317 2415 1348 ι
2455 1296 2688 1367 Χριστὸς
2720 1297 2867 1368 ἡμᾶς
2908 1296 3238 1369 ἐξηγόρασεν
3274 1299 3339 1350 ἐκ
3363 1296 3465 1367 τῆς
3492 1297 3746 1366 κατάρας

2154 1390 2248 1445 τοῦ
2282 1391 2468 1461 νόμου,
2502 1389 2791 1458 γενόμενος
2830 1389 2968 1461 ὑπὲρ
3000 1389 3155 1460 ήμῶν
3187 1389 3425 1459 κατάρα.
3460 1407 3479 1439 ι
3518 1386 3740 1459 Ἐπειδὴ

2155 1480 2264 1551 γὰρ
2294 1481 2562 1553 χρεῶσται
2583 1476 2721 1551 ἦσαν
2749 1480 2842 1535 καὶ
2860 1481 3132 1551 ὀφειλέται.
3153 1481 3252 1553 τῆς
3277 1480 3548 1544 Μωῦσέως
3566 1496 3733 1551 νομο-

2156 1569 2361 1635 θεσίας,
2410 1573 2511 1626 οὐκ
2568 1573 2837 1645 ἐπλήρουν
2867 1574 2923 1627 δὲ
2959 1574 3031 1626 τά
3072 1572 3461 1645 γεγραμμένα,
3504 1567 3598 1624 εἶθ’
3624 1571 3733 1625 ὑπὸ

478 1663 571 1733 qui
612 1678 723 1722 non
763 1663 1006 1718 manebit
1044 1663 1102 1717 in
1137 1662 1394 1718 omnibus
1429 1677 1551 1732 qua:
1588 1661 1795 1733 scripta
1833 1670 1962 1717 sunt
1994 1661 2048 1717 in

2157 1664 2397 1738 κατάραν
2426 1661 2565 1736 ἦσαν
2586 1705 2601 1731 ,
2650 1665 2737 1721 διὰ
2763 1664 2824 1718 τὺ
2860 1665 2934 1738 μὴ
2987 1665 3164 1719 πάντα
3198 1664 3288 1718 τὸν
3321 1665 3484 1736 νόμον
3531 1663 3733 1733 φυλατ-

476 1731 622 1809 libro
643 1753 801 1825 legis,
836 1760 897 1808 ut
951 1751 1118 1808 faciat
1163 1768 1226 1809 ea
1251 1752 1318 1807 ⁸⁸.
1359 1772 1378 1805 ι
1418 1750 1612 1808 Merito
1655 1731 1875 1823 ereptos
1924 1753 2048 1809 illos

2152 1731 2312 1812 1::va
2334 1731 2614 1828 Γέγραπτο
2666 1758 2806 1829 γάρ·
2844 1731 2874 1809 «-
2917 1731 3353 1829 Ἐπικατάρατος
3387 1731 3511 1821 ’πᾶς
3540 1731 3601 1821 ὀς
3638 1756 3738 1809 οὐκ

477 1859 545 1898 ex
584 1844 677 1898 tali
703 1843 1111 1909 maledictione,
1145 1860 1211 1899 ex
1253 1845 1439 1900 usuris
1473 1851 1526 1900 et
1558 1844 1848 1914 iniquitate
1890 1845 2048 1900 rede-

477 1938 597 1998 mit,
631 1936 807 1992 factus
828 1937 1051 2008 proillis
1083 1937 1462 1998 maledictum:
1483 1938 1796 2009 traditoque
1824 1953 2045 1993 eorum-

476 2030 597 2085 dem
646 2030 821 2099 gratia
865 2030 1104 2100 pretioso
1146 2031 1436 2101 sanguine,
1482 2031 1565 2089 sic
1622 2031 1727 2088 sibi
1777 2031 2048 2102 pretiosos

476 2119 674 2175 effecit.
710 2117 891 2186 Quare
920 2122 1024 2177 sub
1054 2122 1169 2177 haec
1206 2122 1429 2189 dicitur,
1467 2140 1486 2176 ι
1520 2122 1589 2177 Et
1621 2124 1922 2194 pretiosum
1947 2140 2049 2180 no-

476 2226 603 2265 men
649 2226 837 2266 eorum
880 2227 1062 2267 coram
1091 2213 1223 2281 illo;
1261 2233 1280 2267 ›
1324 2213 1447 2270 ideo
1480 2213 1605 2271 illos
1661 2216 1742 2271 sic
1776 2217 2049 2272 allocutus

473 2302 737 2360 scribitur
767 2324 781 2361 :
819 2324 839 2358 ι
872 2303 1049 2363 Nolite
1079 2306 1315 2378 gaudere
1346 2309 1603 2379 quoniam
1623 2308 1887 2364 daemonia
1918 2311 2049 2366 sub-

471 2395 741 2466 jiciuntur
771 2395 930 2455 vobis
964 2417 977 2454 :
1011 2399 1243 2470 gaudete
1285 2407 1467 2455 autem
1518 2410 1573 2457 et
1605 2401 1877 2457 exsultate
1919 2404 2047 2472 quia

474 2490 697 2544 nomina
728 2499 909 2547 vestra
945 2491 1148 2562 scripta
1176 2500 1305 2548 sunt
1326 2493 1382 2550 in
1414 2494 1566 2550 caelis
1583 2495 1649 2549 ".
1682 2514 1701 2546 ι
1733 2493 1845 2550 Cur
1864 2502 2046 2549 autem

474 2597 676 2638 nomen
701 2598 887 2640 eorum
927 2585 1227 2653 pretiosum
1270 2592 1388 2641 erat
1419 2600 1605 2641 coram
1638 2586 1754 2651 illo,
1780 2587 1888 2643 nisi
1916 2588 2044 2658 quia

474 2674 592 2743 ipse
623 2675 847 2731 nomina
892 2672 1003 2732 illis
1044 2676 1229 2732 indere
1270 2676 1527 2749 dignatus
1577 2686 1682 2745 est,
1736 2676 2042 2746 Simonem,

476 2764 698 2822 Petrum
751 2783 1113 2840 nuncupans;
1170 2768 1471 2835 Thomam,
1524 2770 1849 2844 Didymum;
1902 2772 2046 2831 tilios

472 2853 743 2923 Zebedaﬁ,
777 2859 1108 2933 Boanerges,
1134 2861 1282 2932 quod
1313 2862 1623 2933 explicatur
1651 2866 1756 2934 ﬁlii
1778 2866 2000 2920 tonitrui
2018 2869 2044 2922 2

472 2947 587 3003 imo
622 2964 751 3005 vero
777 2951 1075 3008 universim
1109 2953 1353 3008 omnium
1378 2968 1574 3010 nomen
1603 2956 1905 3025 pretiosum
1927 2963 2047 3014 erat

473 3051 659 3090 coram
693 3037 808 3133 illo.
842 3035 1009 3133 quue
1039 3039 1315 3133 significat
1344 3040 1627 3114 Evangelii
1656 3046 1937 3117 scriptura
1965 3046 2042 3101 di-
2068 3072 2114 3133 (τ

472 3144 643 3184 cens:
682 3147 702 3182 ι
731 3126 843 3187 Hos
870 3129 1156 3188 duodecim
1191 3133 1355 3206 elegit
1379 3133 1563 3200 Jesus,
1594 3152 1734 3208 quos
1765 3139 2043 3209 apostolos

474 3223 779 3278 nominavit
798 3223 868 3279 ⁸³.
913 3243 933 3277 ι
970 3221 1077 3281 Pro
1111 3226 1204 3283 illo
1234 3236 1441 3296 autem,
1475 3246 1495 3281 ι
1535 3245 1736 3287 nomen
1770 3247 1984 3301 eorum,
2018 3254 2038 3289 ο

473 3311 741 3370 Hebraica
762 3315 1059 3387 scriptura,
1094 3336 1114 3369 ι
1138 3320 1363 3393 sanguis
1403 3337 1616 3391 eorum,
1646 3342 1667 3377 ι
1691 3325 2040 3397 circumfert;

473 3415 641 3476 atque
670 3406 868 3477 reliqui
896 3406 977 3463 sic
1006 3407 1352 3480 interpretati
1386 3421 1535 3478 sunt,
1563 3414 1760 3486 Aquila
1790 3418 2002 3474 scilicet
2026 3438 2040 3474 :

478 3515 497 3548 ι
534 3493 599 3552 Et
630 3497 993 3554 bonorabitur
1020 3502 1245 3574 sanguis
1286 3516 1478 3566 eorum
1510 3505 1567 3561 in
1615 3509 1793 3565 oculis
1829 3510 1984 3582 ejus;
2019 3530 2038 3564 ι

473 3588 833 3662 Symmachus
859 3607 1026 3650 vero:
1055 3612 1076 3646 ι
1100 3593 1167 3649 Ει
1190 3597 1463 3667 pretiosus
1475 3601 1581 3656 erit
1603 3602 1827 3673 sanguis
1852 3619 2043 3660 eorum

470 3696 658 3737 coram
688 3680 800 3739 illo.
832 3703 851 3736 ι
877 3683 1045 3751 Queis
1072 3695 1261 3757 aperte
1308 3704 1499 3746 necem
1537 3692 1756 3749 illorqu
1790 3696 2045 3752 subindi-

471 3769 637 3838 cavit,
686 3788 795 3844 qua
842 3774 1045 3848 singuli
1103 3778 1258 3835 vario
1310 3782 1561 3854 martyrii
1609 3800 1811 3857 genere
1861 3786 2043 3844 affecti

472 3874 621 3929 sunt,
652 3880 717 3921 ac
764 3865 905 3924 alius
952 3869 1060 3924 alio
1099 3871 1261 3927 modo
1309 3873 1381 3930 ob
1429 3876 1805 3934 testimonium
1849 3880 1917 3936 de
1950 3881 2045 3937 illo

471 3958 658 4013 datum
690 3960 976 4030 sanguinis
1003 3976 1233 4033 agonem
1273 3964 1477 4034 subiit;
1513 3968 1586 4023 ita
1610 3978 1671 4024 ut
1711 3971 1778 4027 de
1812 3971 1922 4029 illis
1956 3974 2045 4029 di-

470 4059 628 4109 catur
657 4069 677 4109 ι
712 4071 733 4104 ι
761 4048 1010 4109 Pretiosa
1044 4056 1099 4111 in
1140 4067 1435 4129 conspectu
1467 4059 1682 4119 Domini
1724 4079 1871 4122 mors
1916 4083 2046 4123 san-

470 4147 684 4197 ctorum
712 4142 914 4214 ejus".
958 4164 976 4198 ι
1013 4139 1110 4203 Isti
1142 4148 1289 4203 enim
1333 4148 1514 4207 simile
1553 4152 1658 4208 boc
1697 4170 1915 4227 quoque
1960 4159 2045 4213 di-

471 4239 620 4286 ctum
668 4241 753 4289 est
786 4252 800 4289 :
836 4252 857 4288 r
893 4234 958 4291 Et
990 4238 1290 4308 pretiosum
1345 4256 1549 4298 nomen
1604 4258 1794 4302 eorum
1856 4263 2043 4306 coram

473 4322 587 4379 illo.
626 4342 647 4377 ι

2150 1845 2377 1917 ἐμμένει
2411 1849 2543 1900 πᾶσι
2581 1849 2693 1910 τοῖς
2734 1846 3137 1921 γεγραμμένοις
3177 1850 3234 1901 ἐν
3263 1845 3341 1917 τῷ
3400 1845 3591 1917 βιϐλίῳ
3643 1846 3736 1900 τοῦ

2148 1940 2315 2009 νόμου
2395 1938 2488 1992 τοῦ
2563 1939 2783 2011 ποιῆσαι
2846 1939 3003 1992 αύτά.
3049 1960 3067 1990 ι
3101 1939 3338 2003 Εἰκότως
3383 1937 3590 2010 ταύτης
3639 1939 3734 2010 τῆς

2148 2030 2286 2102 ἀρᾶς
2324 2029 2693 2102 ἐλευθερώσας
2733 2030 2950 2095 αὐτοὺς,
2989 2031 3053 2083 ἐκ
3098 2030 3257 2083 τόκου
3288 2030 3381 2084 καὶ
3422 2028 3483 2094 ἐξ
3525 2028 3738 2091 ἀδικίας

2147 2122 2435 2195 ἐλυτροῦτο
2475 2124 2689 2188 αὐτοὺς,
2752 2123 3036 2195 γινόμενος
3084 2123 3226 2195 ὑπὲρ
3256 2122 3436 2176 αὐτῶν
3483 2123 3734 2193 κατάρα’

2149 2218 2334 2271 καὶτὸ
2388 2218 2568 2289 τίμιον
2622 2216 2784 2270 αὐτοῦ
2822 2212 2961 2287 αἷμα
2986 2216 3127 2290 ὑπὲρ
3170 2216 3349 2269 αὐτῶν
3399 2214 3598 2280 διδοὺς,
3644 2217 3736 2269 καὶ

2147 2308 2287 2362 οὕτω
2330 2310 2543 2382 τιμίους
2596 2308 2773 2380 ἐαυτῷ
2821 2306 3279 2380 ἀπεργαζόμενος.
3333 2308 3426 2361 Διὸ
3485 2308 3737 2363 λέλεκται

2148 2404 2302 2475 ἑξῆς
2344 2423 2361 2455 ι
2403 2404 2513 2457 Kal.
2561 2403 2777 2472 ἔντιμον
2814 2402 2875 2455 τὸ
2922 2403 3094 2474 ὀνομα
3139 2401 3322 2456 αὐτῶν
3365 2400 3600 2455 ἐνώπιον
3639 2401 3737 2453 αύ-

2145 2493 2260 2548 τού.
2306 2514 2323 2547 ι
2362 2494 2521 2549 Ὅθεν
2571 2494 2983 2564 ἀναγέγραπται
3038 2493 3276 2566 εἰρηκὼς
3322 2492 3459 2564 πρὸς
3500 2493 3734 2557 αὐτούς·

2153 2605 2170 2638 ι
2206 2585 2297 2658 Μή
2337 2586 2577 2657 χαίρετε,
2620 2588 2702 2639 ὅτι
2740 2586 2809 2639 τὰ
2859 2585 3115 2657 δαιμόνια
3155 2586 3284 2657 ὑμῖν
3328 2584 3731 2638 ὑποτάσσεταιο

2145 2680 2362 2751 χαίρετε
2394 2679 2450 2732 δὲ
2476 2681 2571 2733 καὶ
2605 2677 2952 2747 ἀγαλλιᾶσθε,
2982 2680 3065 2731 ὅτι
3092 2678 3159 2731 τὰ
3185 2678 3428 2749 ὀνόματα
3457 2678 3616 2751 ὑμῶν
3640 2680 3734 2749 ἐγ-

2146 2771 2455 2843 γέγραπται
2487 2772 2543 2823 ἐν
2576 2774 2688 2834 τοῖς
2714 2771 2979 2841 οὐρανοῖς.
3024 2790 3043 2821 ι
3080 2769 3176 2823 Διά
3201 2771 3251 2823 τί
3279 2770 3411 2824 δὲτὸ
3441 2771 3616 2843 ὄνομα
3640 2772 3737 2826 αὐ-

2145 2865 2251 2918 τῶν
2277 2865 2491 2936 ἔντιμον
2519 2860 2585 2937 ἦν
2610 2864 2837 2918 ἐνώπιον
2864 2863 3051 2927 αὐτοῦ,
3085 2864 3198 2917 ἀλλ’
3225 2864 3530 2938 ἐπειδήπερ
3569 2864 3735 2929 αὐτὸς

2146 2958 2240 3011 καὶ
2263 2956 2369 3010 τῶν
2397 2957 2675 3028 ὀνομάτων
2707 2957 2902 3019 αὐτοὺς
2921 2954 3097 3026 ἠξίου,
3123 2956 3212 3009 τὸν
3245 2957 3342 3027 μὲν
3373 2956 3599 3029 Σίμωνα
3630 2958 3737 3012 Πί-

2145 3066 2271 3121 τρον
2303 3050 2558 3115 ἀνειπὼν,
2591 3049 2684 3103 τὸν
2715 3048 2771 3101 δὲ
2810 3048 3011 3120 Θωμᾶν
3051 3049 3299 3121 Δίδυμον,
3331 3049 3458 3113 τούς
3496 3067 3556 3105 τε
3590 3051 3735 3116 δίου(

2147 3145 2431 3199 Ζεϐεδαίου
2455 3145 2801 3213 Βοανεῖργες,
2834 3142 2971 3215 ὅπερ
3017 3140 3376 3215 ἑρμηνεύεται
3403 3142 3524 3195 υἱοί
3549 3142 3737 3212 ,βρον-

2144 3238 2285 3309 τῆςς
2316 3238 2475 3292 Ἀλλά
2494 3236 2589 3292 καὶ
2611 3236 2752 3290 κατά
2778 3236 2839 3288 τὸ
2862 3235 3037 3291 κοινὸν
3063 3237 3281 3290 πάντων
3308 3234 3487 3289 αὐτῶν
3514 3234 3733 3306 ἔντιμον

2144 3333 2313 3403 ὄνομα
2344 3326 2412 3401 ἦν
2462 3328 2691 3383 ἐνώπιον
2730 3327 2916 3382 αὐτοῦ.
2952 3324 3124 3381 Τοῦτο
3156 3326 3214 3380 δέ
3256 3322 3325 3398 ἦν
3368 3326 3500 3395 ὅπερ
3528 3326 3731 3396 ἐπεση-

2150 3424 2357 3495 μήνατο
2390 3423 2423 3493 ή
2456 3418 2550 3474 τοῦ
2577 3419 2909 3488 Εὑαγγελίου
2938 3418 3121 3490 γραφή
3149 3417 3370 3490 φήσασα
3389 3434 3402 3447 ο
3431 3436 3451 3469 ι
3487 3415 3727 3481 Τούτους

2143 3515 2270 3578 τοὺς
2295 3512 2501 3567 δώδεκα
2526 3508 2804 3576 ἐξελέξατο
2828 3512 2856 3564 6
2885 3509 3111 3580 Ἰησοῦς.
3140 3508 3234 3573 οὓς
3274 3510 3369 3563 καὶ
3398 3507 3731 3574 ἀποστόλους

2143 3605 2445 3676 ὠνόμασεν.
2484 3622 2502 3656 ι
2524 3604 2669 3658 Ἀντὶ
2691 3603 2747 3656 δέ
2773 3602 2889 3672 τοῦ,
2924 3622 2942 3653 ι
2970 3602 3030 3655 τὸ
3056 3602 3227 3675 ὄνομα
3250 3602 3562 3667 αὐτῶν,»τό
3585 3595 3733 3671 αἷμα

2143 3696 2362 3760 αὐτῶν,
2419 3700 2452 3769 ὴ
2493 3695 2753 3769 Ἐϐραῖκὴ
2786 3695 2972 3766 γραφή
3008 3696 3280 3767 περιέχει·
3317 3695 3462 3748 οὕτω
3507 3694 3566 3747 δέ
3631 3695 3728 3749 καὶ

2144 3793 2192 3845 οἱ
2229 3790 2406 3845 λοιποὶ
2439 3789 2819 3861 ήρμήνευσαν·
2859 3789 2887 3840 6
2930 3789 3030 3859 μὲν
3064 3788 3289 3852 Ἀκύλας
3327 3786 3519 3841 είπιὶινο
3572 3806 3593 3839 ι
3619 3786 3732 3841 Καὶ

2143 3882 2503 3953 τιμηθήσεται
2548 3879 2608 3933 τὸ
2638 3875 2777 3951 αἷμα
2817 3878 2995 3933 αὐτῶν
3031 3882 3087 3933 ἐν
3126 3878 3425 3950 ὀφθαλμοῖς
3462 3877 3668 3932 αὐτοῦ·
3700 3896 3724 3930 ο

2143 3975 2173 4028 ὀ
2203 3973 2260 4027 δέ
2298 3972 2613 4044 Σύμμαχοςσ
2666 3989 2685 4023 ι
2727 3972 2838 4024 Kal.
2878 3971 3055 4042 τίμιον
3095 3970 3245 4026 ἔσται
3281 3970 3343 4024 τὸ
3372 3967 3515 4042 αἷμα
3552 3969 3735 4025 αὐτῶν

2146 4064 2374 4120 ἐνώπιον
2400 4063 2585 4119 αὐτοῦ.
2633 4083 2650 4115 ι
2690 4065 2764 4116 Δι’
2797 4056 2871 4117 ὧν
2904 4062 3089 4131 σαφῶς
3122 4060 3337 4133 ᾐνίξατο
3362 4061 3454 4115 τὸν
3499 4061 3734 4116 θάνατον

2144 4157 2250 4211 τῶν
2279 4155 2701 4229 προλεχθέντων,
2727 4146 2801 4207 ὢν
2837 4156 2865 4208 6
2893 4154 3080 4218 καθεὶς
3110 4153 3352 4208 ποικίλον
3374 4152 3643 4225 ὑπέμεινε
3670 4153 3734 4207 τὺ

2143 4245 2237 4300 τοῦ
2269 4245 2569 4318 μαρτυρίου
2601 4243 2775 4308 τέλος,
2807 4242 2965 4308 ἄλλος
3001 4242 3176 4308 ἄλλως
3202 4242 3289 4297 διά
3317 4244 3414 4316 τὴν
3446 4245 3532 4310 είς
3563 4243 3733 4299 αὐτὸν

2149 4335 2453 4411 μαρτυρίαν
2496 4335 2588 4388 τὸν
2620 4336 2687 4389 δι’
2728 4335 2957 4405 αἵματος
2993 4335 3293 4406 ὑπομείνας
3338 4334 3565 4403 ἀγῶνα·
3596 4334 3733 4389 ὥστ’

470 4419 715 4491 εἰρῆσθαι
763 4423 891 4497 περὶ
933 4424 1138 4480 αὐτῶνθ
1184 4445 1205 4479 ι
1242 4428 1434 4501 Τίμιος
1476 4431 1707 4488 ἐνώπιον
1751 4435 1949 4508 Κυρίοι
2006 4438 2035 4491 6
2074 4435 2301 4497 θάνατος
2324 4430 2432 4485 τῶν
2460 4431 2623 4483 ὁσίων
2648 4428 2833 4484 αὑτοῦ.
2879 4449 2896 4481 ι
2925 4428 3111 4501 Τούτῳ
3139 4428 3247 4502 γὰρ
3310 4429 3499 4501 ὅμοιον
3527 4429 3726 4503 τυγχάο

470 4530 550 4568 νει
589 4516 683 4571 καὶ
732 4517 785 4571 τὸ
832 4519 968 4590 μετά
1007 4523 1191 4595 χεῖρας
1234 4524 1472 4594 φάσκον·
1516 4547 1536 4580 ι
1571 4530 1681 4583 Kal.
1733 4530 1946 4604 ἔντιμον
1975 4532 2037 4588 τὸ
2066 4531 2235 4603 ονομα
2263 4528 2442 4583 αὐτῶν
2471 4524 2696 4580 ἐνώπιον
2725 4524 2908 4580 αὑτοῦ.
2940 4545 2959 4578 ι

542 4631 708 4691 Vens.
746 4634 836 4700 15,
867 4635 953 4692 16.
988 4657 1008 4690 ι
1046 4638 1111 4693 Ει
1140 4640 1285 4697 vivet
1352 4649 1407 4699 et
1452 4643 1671 4701 dabitur
1704 4647 1754 4703 ei
1793 4648 1861 4706 de
1910 4664 2044 4706 auro

2224 4666 2241 4697 ι
2281 4644 2389 4700 Kal.
2420 4643 2639 4715 ζήσεται
2669 4643 2765 4698 xal.
2786 4640 3071 4715 δοθήσεται
3102 4643 3251 4715 αὐτῷ
3276 4645 3341 4697 ἐκ
3372 4642 3467 4697 τοῦ
3496 4643 3727 4715 χρυσίου
3758 4704 3761 4709 _

471 4721 703 4790 Arabiae,
734 4733 789 4780 et
814 4728 1050 4784 orabunt
1091 4729 1160 4787 de
1205 4731 1323 4802 ipso
1354 4748 1590 4806 semper.
1631 4756 1652 4791 ›
1683 4735 1784 4795 Hic
1821 4740 2038 4797 videtur

471 4816 607 4871 mihi
636 4818 793 4883 illud,
825 4838 844 4873 ι
875 4829 929 4877 et
960 4823 1126 4889 vivet,
1164 4843 1183 4877 ι
1216 4825 1336 4881 voci
1385 4826 1697 4886 Senator-is
1735 4831 2038 4904 discipulos

471 4906 800 4977 alloquentis
826 4912 1109 4970 acciuere:
1132 4933 1151 4967 ι
1186 4914 1326 4974 Ecce
1345 4933 1446 4991 ego
1462 4920 1743 4979 vobiscum
1768 4938 1889 4978 sum
1921 4939 2041 4979 om-

472 4996 635 5053 nibus
666 4998 857 5058 diebus
889 5018 1064 5074 usque
1092 5002 1160 5061 ad
1180 5011 1709 5069 consummationem
1740 5014 2035 5070 saeculi'h

476 5086 544 5143 Ut
563 5088 717 5145 enim.
734 5090 854 5163 ejus
881 5094 976 5165 qui
1001 5095 1055 5151 in
1080 5100 1340 5157 vaticinio
1369 5101 1546 5160 fertur
1575 5106 2037 5178 permansionem,

468 5188 526 5237 et
570 5182 736 5238 vitam
787 5184 843 5240 in
900 5186 1173 5246 infinitum
1225 5193 1515 5254 durantem
1562 5198 1888 5266 declararet,
1933 5201 2038 5256 bac

473 5289 604 5330 usus
646 5288 779 5330 voce
820 5284 926 5344 est,
955 5295 975 5329 ι
1018 5286 1074 5334 et
1100 5279 1268 5339 vivet.
1306 5301 1327 5336 ι
1361 5282 1629 5341 Diuturna
1675 5287 1877 5359 quippe
1925 5290 2038 5343 vita

470 5381 607 5436 opus
639 5377 757 5423 erat
798 5368 867 5424 ad
899 5371 1156 5439 praedicta
1201 5388 1367 5444 opera
1412 5376 1644 5435 edenda.
1684 5377 1741 5434 Si
1773 5381 1958 5452 itaque
1990 5381 2038 5437 is

469 5461 565 5531 qui
614 5460 668 5516 in
703 5461 986 5534 prophetia
1019 5464 1210 5531 fertur,
1240 5466 1508 5536 iudicabit
1559 5472 1821 5543 populum
1876 5489 2036 5529 suum

445 5570 452 5589 ι
540 5601 585 5632 ⁸³
606 5600 725 5656 Gal.
766 5620 847 5669 ιιι,
876 5607 960 5662 l3.

470 5686 657 5735 xxvm,
692 5671 783 5729 20.

1068 5608 1115 5642 ⁸⁸
1147 5607 1301 5668 Deut.
1338 5628 1509 5681 xxvu,
1542 5614 1634 5673 26.
1705 5617 1748 5649 “
1780 5617 1914 5674 Luc.
1954 5635 1979 5673 ιι
2000 5659 2015 5683 ,
2047 5616 2137 5674 20.

2141 4741 2238 4811 τῆς
2272 4738 2545 4810 Ἀραϐίας,
2587 4737 2682 4790 καὶ
2724 4735 3109 4809 προσεύξονται
3136 4737 3265 4810 περὶ
3300 4736 3468 4793 αὐτοῦ
3496 4737 3753 4793 διαπαν-“

2142 4830 2252 4892 τός.
2296 4846 2314 4879 ι
2352 4829 2510 4881 Δοκεῖ
2539 4843 2627 4898 μοι
2667 4823 2897 4880 ἐνταῦθα
2928 4826 3008 4890 τὸ,
3043 4845 3061 4878 ι
3105 4828 3201 4881 καὶ
3228 4825 3475 4899 ζήσεται,
3510 4847 3530 4881 ι
3565 4830 3728 4901 συνᾴ-

2144 4920 2256 4974 δειν
2280 4923 2345 4993 τῇ
2381 4919 2630 4991 σωτηρίῳ
2658 4921 2809 4990 φωνῇ
2842 4918 3063 4991 φησάσῃ
3090 4920 3227 4992 πρὸς
3252 4921 3380 4983 τοὺς
3420 4920 3589 4975 αὑτοῦ
3625 4938 3727 4994 μα-

2147 5012 2346 5083 θητάςο
2385 5031 2403 5064 ι
2449 5011 2577 5065 Ἰδοὺ
2608 5011 2719 5081 ἐγὼ
2748 5010 2864 5083 μεθ’
2891 5010 3044 5083 ὑμῶν
3087 5014 3199 5084 είμι
3239 5014 3417 5077 πάσας
3458 5015 3561 5079 τάς
3589 5016 3725 5087 ἠμέ-

2149 5123 2248 5180 ρας
2279 5105 2383 5169 ἕως
2419 5105 2517 5175 τῆς
2544 5104 2854 5169 συντελείας
2899 5104 2994 5160 τοῦ
3023 5104 3238 5171 αἰῶνος.
3275 5124 3295 5158 ι
3326 5107 3443 5160 Ἵνα
3486 5108 3601 5180 γὰρ
3626 5108 3720 5179 τὴν

2143 5195 2466 5268 παραμονὴν
2505 5196 2600 5251 καὶ
2640 5195 2739 5269 τὴν
2763 5195 3190 5269 παρατείνουσαν
3217 5197 3297 5261 είς
3322 5197 3554 5271 ἄπειρον
3578 5199 3722 5271 ζωὴν

2143 5290 2237 5344 τοῦ
2268 5290 2745 5361 προρητευομένου
2790 5291 3138 5364 παραστήσῃ,
3166 5292 3412 5363 ἐπήγαγε
3442 5293 3528 5356 τὸ,
3570 5312 3592 5344 ι
3628 5294 3724 5347 καὶ

2144 5382 2386 5454 ζήσεται.
2418 5400 2436 5434 ι
2483 5383 2716 5454 Μακρᾶς
2757 5383 2867 5456 γάρ
2921 5383 3026 5438 ἔδει
3073 5382 3217 5455 ζωῆς
3263 5384 3344 5447 είς
3376 5384 3722 5456 κατόρθωσιν

2142 5470 2250 5528 τῶν
2290 5470 2615 5544 εἰρημένων.
2662 5474 2726 5528 El
2769 5474 2900 5544 γοῦν
2937 5476 2966 5528 6
3010 5473 3486 5547 προφητευόμενος
3547 5479 3723 5549 κρινεῖ

2252 5619 2294 5651 ’ί
2319 5614 2451 5673 Luc.
2511 5633 2585 5681 γι,
2622 5618 2708 5676 15.
2813 5621 2858 5653 ⁸³
2885 5620 3031 5676 Psal.
3085 5637 3209 5687 (ειν,
3246 5619 3329 5676 15.
3431 5622 3478 5653 ³⁸
3519 5619 3716 5678 Matth.
