4014 6206
274 351 384 411 815

1400 349 1904 408 COMMENTARIA
1930 347 2007 409 ἸΝ
2044 352 2387 414 PSALMOS.

3416 345 3521 410 8M

273 470 365 523 τὶν
388 466 517 520 λαὸν
550 462 715 520 αὑτοῦ
744 466 802 518 ὲν
831 465 1165 538 δικαιοσύνῃ.
1198 466 1292 521 καὶ
1319 468 1446 531 τοὺς
1476 470 1723 539 πτωχοὺς
1749 468 1843 522 αύ-

1949 472 2002 526 in
2037 472 2251 542 justitia
2286 480 2342 527 et
2368 485 2635 542 pauperes
2669 484 2800 526 suos
2838 468 2893 525 in
2921 468 3151 539 judicio,
3182 478 3237 526 et
3268 468 3525 525 humilia‘

268 561 453 615 τοῦ.ὲν
480 560 679 630 κρίσει,
710 558 803 611 καὶ
842 561 1089 612 ταπεινοῖ
1114 558 1475 630 συκοφάντην,
1502 561 1594 614 καὶ
1622 577 1846 632 συμπα-

275 656 506 727 ραμενεῖ
534 652 612 723 τῷ
636 651 787 724 ἡλίῳ,
818 651 1300 723 κατακυριεύσειτε
1325 654 1433 706 ἀπὸ
1450 652 1720 725 Θαλάσσης
1745 654 1848 718 ἓως

271 745 571 815 θαλάσσης,
596 744 690 797 καὶ
730 744 839 797 ἀπὸ
879 744 1123 815 ποταμοῦ
1164 744 1268 810 ἓως
1309 745 1419 799 τῶν
1462 747 1712 819 περάτων
1748 748 1846 817 τῆς

269 834 628 906 οἰκουμένης*
688 835 914 899 εἰκότως
972 835 1268 906 μακροϐίου
1318 836 1465 907 ζωῆς
1514 836 1619 890 ἔδει
1675 837 1843 907 αὐτῷ.

270 928 398 993 Πῶς
419 946 477 981 τε
512 928 831 996 ύποταγείεν
854 926 1001 996 αὐτῷ
1029 926 1282 993 Αἰθίοπες
1307 928 1399 982 καὶ
1434 928 1672 999 βασιλεῖς
1701 928 1845 1001 Θαρ-

270 1021 386 1082 σεῖς
412 1018 507 1070 καὶ
535 1016 710 1087 νῆσοι,
744 1016 1171 1088 προσκυνήσουσί
1195 1035 1253 1071 τε
1278 1016 1426 1088 αὐτῷ
1451 1017 1650 1081 πάντες
1669 1020 1719 1071 οἱ
1751 1018 1847 1089 βα-

269 1110 440 1171 σιλεῖς
477 1108 575 1178 τῆς
628 1107 752 1176 γῆς,
804 1107 897 1160 καὶ
945 1107 1120 1159 πάντα
1172 1106 1240 1160 τὰ
1294 1106 1421 1178 ἔθνη
1473 1105 1845 1161 δουλεύσουσιν

267 1197 446 1269 αύτῷς
483 1196 699 1250 Τούτων
750 1197 857 1267 γὰρ
904 1194 1066 1250 ἕνεκα
1116 1194 1333 1251 πάντων
1388 1197 1644 1267 διαρκοῦς
1698 1197 1845 1270 αὐτῷ

269 1286 416 1357 ζωῆς
456 1286 587 1340 ἔδει.
628 1285 717 1339 Διὸ
760 1285 895 1358 μετᾶ
929 1285 1099 1339 ταῦτα
1137 1286 1313 1340 πάντα
1356 1286 1532 1350 καλῶς
1559 1287 1651 1340 καί
1675 1288 1844 1356 άναγ-

270 1380 445 1443 καίως
481 1378 836 1450 ἐπενήνεκται
883 1377 964 1441 τὸ,
998 1397 1016 1429 ι
1054 1379 1145 1431 καὶ
1183 1377 1407 1448 ζήσεται
1431 1395 1443 1408 ·
1481 1398 1500 1431 ι
1528 1378 1715 1433 τοῦτον
1753 1380 1847 1451 δη·

268 1468 540 1543 λουμένης
580 1471 670 1525 τὸν
705 1471 904 1542 τρόπον
932 1470 1026 1541 τῆς
1064 1470 1155 1522 τοῦ
1206 1468 1677 1543 προφητευομένου
1710 1471 1845 1524 ἀθα-

265 1565 433 1618 νάτου
458 1562 550 1616 καὶ
574 1563 789 1615 αἰωνίου
824 1562 985 1634 ζωῆς.
1033 1561 1187 1634 Ἑξῆς
1212 1562 1255 1615 δ’
1282 1562 1495 1635 εἴρηται
1517 1578 1531 1591 '
1569 1580 1588 1613 ι
1624 1561 1733 1615 Καὶ
1760 1561 1844 1615 δο-

266 1654 495 1724 θήσεται
524 1651 669 1723 αύτῷ
694 1654 757 1707 ὲκ
782 1652 875 1706 τοῦ
920 1652 1141 1725 χρυσίου
1184 1655 1282 1724 τῆς
1316 1653 1591 1725 Ἃραϐίας.
1634 1673 1652 1705 ι
1700 1655 1843 1707 Ἀντὶ

267 1743 325 1796 δὲ
358 1742 476 1804 τοῦ.
513 1763 530 1793 ι
571 1742 669 1812 τῆς
709 1741 985 1814 ’Ᾱραϐίας,
1026 1762 1044 1793 ι
1081 1742 1304 1812 nam”)
1345 1740 1604 1813 «Εδραῖκὴ
1657 1740 1842 1812 γραψὴ

264 1834 330 1887 τὸ
368 1852 389 1884 ι
420 1829 569 1887 Σαϐὰ
606 1853 624 1883 ι
674 1834 951 1904 περιέχει·
1000 1832 1054 1887 οἴ
1093 1850 1153 1886 τε
1197 1833 1374 1886 λοιποὶ
1420 1831 1752 1903 ἑρμηνευταὶ
1779 1834 1844 1901 τῇ
1879 1828 1925 1883 Β

262 1923 430 1997 ὁμοίᾳ
464 1924 756 1996 κέχρηνται
793 1926 859 1996 τῇ
902 1927 1075 1996 φωνῇ.
1111 1922 1398 1995 Τροπικῶς
1444 1923 1541 1993 μὲν
1572 1918 1666 1976 οῦν
1699 1921 1842 1975 είποι

264 2016 333 2071 ἄν
363 2034 448 2080 τις
478 2016 535 2068 τὸ
564 2014 784 2088 χρυσίον
816 2014 971 2069 τοῦτο
996 2015 1277 2087 σημαίνειν
1303 2015 1395 2068 τὸν
1435 2015 1494 2069 ὲν
1534 2012 1842 2085 ἀνθρώποις

266 2104 652 2178 καθαρώτατον
688 2104 833 2159 νοῦν.
877 2105 989 2159 Καὶ
1015 2106 1154 2159 κατὰ
1184 2104 1422 2177 ἱστορίαν
1458 2104 1515 2158 δὲ
1541 2103 1848 2176 ἐπληροῦτο

262 2196 326 2251 τὺ
352 2196 551 2266 λόγιον,
584 2196 671 2251 ὅτε
698 2198 747 2249 oi
778 2195 838 2261 ἐξ
875 2196 1139 2267 ἀνατολῆς
1182 2198 1342 2268 μάγοι
1383 2197 1627 2260 ἐλθόντες
1678 2196 1841 2250 παῖδα

259 2290 393 2345 ὄντα
444 2289 855 2360 προσεκύνησαν
899 2290 990 2342 τὸν
1044 2290 1289 2362 Σωτῆρα,
1347 2290 1728 2363 προσήνεγκαν
1780 2305 1840 2342 τε

256 2379 413 2453 αὐτῷ
440 2381 660 2453 χρυσίον
691 2381 785 2436 καὶ
819 2382 1031 2437 λίϐανον
1061 2383 1155 2436 καί⁹
1204 2382 1468 2455 σμύρναν.
1503 2384 1591 2456 Μή
1625 2401 1752 2438 ποτε
1785 2382 1841 2437 δὲ

258 2472 358 2526 καὶ
379 2470 464 2533 τὸ,
505 2491 523 2523 ι
557 2471 798 2543 ζήσεται,
838 2494 855 2522 ι
889 2476 967 2537 εἱς
991 2474 1195 2525 ἐκεῖνον
1226 2473 1551 2543 ἀναφέρεται
1585 2474 1676 2525 τὸν
1714 2473 1842 2544 χρό-

255 2580 375 2627 νον,
422 2564 545 2617 καθ’
578 2562 635 2617 ὃν
686 2563 950 2636 Ἡρώδης,
1002 2564 1366 2618 ἐπιϐουλεύων
1405 2564 1721 2636 νηπιάξοντι
1762 2563 1840 2635 τῷ

269 2655 475 2728 Ἰησοῦ,
513 2676 531 2709 ι
563 2656 781 2729 πέμψας
816 2657 989 2710 ἀνεῖλε
1030 2658 1235 2720 πάντας
1259 2657 1383 2720 τοὺς
1408 2656 1535 2727 περὶ
1568 2655 1842 2727 τὴν,Βηθ-

254 2745 397 2817 λεὲμ
431 2746 628 2810 παῖδας
694 2748 801 2800 ἀπὸ
836 2746 1044 2811 διετοῦς
1086 2749 1178 2801 καὶ
1219 2747 1533 2819 κατωτέρω,
1569 2747 1712 2801 κατά
1747 2747 1845 2801 τὸν

256 2835 456 2909 χρόνον
507 2837 567 2891 ὃν
607 2837 880 2909 ήκρίϐωσε
936 2837 1085 2911 παρὰ
1116 2839 1224 2892 τῶν
1271 2839 1480 2909 μάγων.
1526 2858 1544 2890 ι
1572 2838 1704 2891 Τότε
1730 2837 1839 2909 γὰρ

257 2931 656 3005 χρηματισθεὶς
696 2931 725 2985 ό
759 2933 977 3003 Ἰωσὴφ,
1020 2932 1293 3003 παρέλαϐε
1342 2930 1556 3003 Μαρίαν
1599 2932 1700 3003 τὴν
1747 2947 1841 3000 γυι

255 3024 429 3078 ναῖκα
459 3023 622 3077 αὐτοῦ
648 3023 743 3078 καὶ
776 3021 837 3076 τὸ
866 3024 1094 3087 παιδίον,
1134 3026 1226 3077 καὶ
1254 3023 1598 3095 ἀνεχώρησεν
1638 3025 1718 3087 είς
1746 3022 1839 3075 Ατ-

256 3130 490 3184 γυπτον.
526 3112 615 3167 Διδ
638 3111 811 3169 ταῦτα
842 3114 1169 3179 θεσπίζουσα
1201 3116 1235 3187 ἡ
1262 3114 1509 3187 παροῦσα
1535 3116 1838 3187 προφητεία

263 3205 590 3278 προῦλεγεν,
636 3208 717 3260 ὅτι
778 3225 796 3256 ι
835 3205 1078 3277 ζήσεται,
1120 3208 1215 3260 καὶ
1259 3206 1545 3279 δοθήσεται
1592 3203 1743 3278 αύτῷ
1779 3208 1844 3261 ὲκ

259 3295 356 3350 τοῦ
385 3295 606 3367 χρυσίου
630 3292 730 3365 τῆς
770 3295 1028 3366 Ἀραϐίας
1063 3316 1081 3349 ι
1120 3293 1212 3350 τοῦ
1242 3296 1350 3351 ἀπὸ
1376 3296 1525 3350 Σαϐά
1543 3310 1562 3327 ί
1589 3295 1721 3349 ὡσεὶ
1748 3312 1844 3351 σα·

261 3389 526 3462 φέστερον
555 3389 704 3459 ἔλεγε
743 3409 761 3441 ι
794 3389 885 3443 τοῦ
915 3390 1190 3444 ὲκλεκτοῦ.
1223 3410 1242 3442 ι
1291 3392 1356 3444 Ἦ
1383 3390 1491 3463 γὰρ
1524 3390 1671 3444 Σαϐὰ
1700 3390 1842 3461 αὕτη

258 3484 359 3537 καὶ
403 3481 466 3537 τό
510 3482 789 3538 Σαϐαῖτῶν
829 3482 979 3548 ἔθνος
1018 3480 1235 3552 λέγεται
1268 3480 1407 3537 εἶναι
1452 3482 1550 3555 τῆς
1588 3483 1845 3556 Ἀραϐίας

256 3572 364 3646 τῆς
395 3575 734 3647 καλουμένης
775 3576 1141 3647 Εὐδαίμονος·
1177 3573 1425 3629 ἐντεῦθέν
1458 3593 1515 3629 τε
1551 3578 1843 3648 ἱστορεῖται

256 3665 341 3739 τῷ
370 3667 641 3740 Σολομῶνι
680 3668 940 3741 φέρεσθαι
971 3666 1108 3739 μετά
1139 3665 1247 3720 τῶν
1287 3667 1459 3720 ἄλλων
1489 3667 1583 3720 καὶ
1621 3666 1844 3737 χρυσίον

260 3759 541 3817 ἐκλεκτόν.
592 3760 701 3812 Καὶ
743 3760 917 3823 ἄλλως
956 3758 1013 3811 δὲ
1056 3758 1237 3820 αὐτοῖς
1280 3754 1579 3826 ὀφθαλμοῖς
1628 3754 1843 3825 ὁρῶμεν

262 3851 320 3903 ὲν
371 3852 495 3914 ταῖς
548 3850 866 3920 ἐκκλησίαις
910 3848 1146 3920 Χριστοῦ
1198 3847 1366 3920 μυρία
1415 3847 1677 3918 κειμήλια
1736 3846 1844 3899 ἀπὸ

262 3943 491 4015 χρυσίου
530 3942 770 4015 καθαροῦ
819 3944 897 4006 είς
934 3940 1096 3996 αὑτοῦ
1141 3958 1202 3994 τε
1245 3940 1413 4013 τιμὴν
1449 3938 1838 4012 ἀφιερούμενα.

262 4035 507 4097 Εἰκότως
538 4031 637 4088 οῦν
653 4033 775 4088 οὐδὲ
803 4035 903 4106 τὴν
932 4034 1135 4087 τούτων
1168 4034 1386 4105 μνήμην
1414 4032 1658 4105 παριδεῖν
1689 4031 1845 4101 ἠξίω-

264 4142 357 4178 σεν
389 4126 418 4179 ὃ
445 4124 623 4193 λόγος.
660 4124 938 4194 Ἐπιλέγετ
971 4124 1029 4177 δὲ
1058 4123 1184 4195 ἑξῆς
1209 4142 1222 4156 ·
1265 4143 1299 4189 ι,
1318 4124 1428 4178 Καὶ
1458 4121 1843 4196 προσεύξονται

263 4219 395 4289 περὶ
447 4216 610 4271 αύτοῦ
664 4217 945 4289 διηνεκῶς,
994 4216 1083 4270 διὰ
1132 4217 1312 4286 πάσης
1365 4216 1578 4287 ἡμέρας
1615 4215 1851 4281 ἕκαστος

263 4309 548 4380 εύλογήσει
593 4308 774 4362 αὐτόν.
817 4329 835 4360 ι
872 4309 947 4362 σύ
981 4308 1059 4361 δεῖ
1094 4309 1154 4362 δὲ
1198 4308 1406 4361 πολλῶν
1455 4308 1628 4378 λόγων
1658 4310 1737 4373 είς
1782 4310 1843 4364 τὸ

264 4404 614 4473 παραστῆσαι
637 4401 783 4464 ὅπως
811 4400 1008 4464 πάντες
1031 4401 1081 4453 οἱ
1113 4400 1191 4464 εἰς
1215 4396 1305 4453 τὸν
1320 4400 1552 4471 Χριστὸν
1583 4399 1677 4453 τοῦ
1706 4399 1850 4453 Θεοῦ

1954 564 2032 619 bit
2054 564 2533 632 calumniatorem,
2560 571 2614 617 et
2653 561 2994 633 permanebit
3022 576 3148 616 cum
3189 561 3323 627 sole,
3347 561 3523 617 domin

1953 655 2279 726 nabiturque
2301 671 2331 708 a
2361 655 2499 708 mari
2533 670 2705 725 usque
2738 653 2803 707 ad
2855 668 3003 707 mare
3034 663 3088 708 et
3120 668 3149 706 a
3176 651 3394 709 ﬂumine
3431 670 3524 710 usv

1952 762 2057 816 que
2082 745 2148 800 ad
2176 746 2440 802 terminos
2459 744 2611 801 orbis
2636 756 2899 799 terrarusn
2922 762 2936 806 ;
2959 743 3082 812 jure
3104 743 3205 813 ipsi
3230 743 3402 813 longa'
3416 746 3527 800 vita

1952 854 2111 909 opus.
2144 838 2292 894 Alias
2335 839 2480 893 enim
2513 853 2623 909 quo
2678 845 2837 904 pacto
2888 836 2989 905 ipsi
3036 835 3240 890 subditi
3293 818 3529 893 fuissent

1954 929 2262 999 IEthiopes,
2293 946 2505 985 necnon
2538 946 2690 1001 reges
2718 928 2945 982 Tharsis
2967 936 3020 983 et
3053 928 3261 995 insula),
3292 928 3384 999 qui
3427 925 3528 982 ad-

1952 1031 2203 1077 orasscnt
2227 1039 2350 1077 eum
2385 1038 2576 1078 omnes
2619 1037 2772 1092 rcges
2798 1030 2974 1085 iCi‘I‘tP,
3012 1029 3064 1075 et
3093 1035 3284 1075 omnes
3336 1027 3528 1091 gentes

1952 1116 2275 1171 serviisscnt
2293 1116 2380 1173 ei?
2412 1108 2615 1169 Horum
2654 1115 2797 1167 enim
2832 1114 3073 1168 omnium
3103 1127 3265 1166 causa
3300 1112 3526 1183 perenni

1950 1202 2059 1261 vita
2103 1204 2205 1277 ipsi
2242 1222 2380 1277 opus
2430 1214 2566 1262 erat.
2620 1204 2965 1275 Quapropter
3013 1202 3115 1258 sub
3172 1205 3288 1259 haec
3340 1204 3527 1259 omnia

1950 1300 2121 1371 probe
2163 1315 2225 1354 ac
2261 1299 2578 1355 necessario
2614 1297 2837 1354 affertur
2860 1296 3013 1362 illud,
3046 1315 3062 1348 ι
3098 1306 3151 1351 et
3172 1295 3359 1351 vivet:
3399 1314 3418 1342 ι
3446 1296 3533 1353 εἰσ

1949 1402 2185 1461 namque
2211 1387 2332 1460 ejus
2363 1392 2457 1461 qui
2495 1390 2547 1445 in
2594 1388 2856 1445 vaticinio
2911 1389 3230 1446 enuntiatur
3266 1382 3397 1454 vita,
3424 1388 3528 1441 im-

1950 1479 2200 1539 mortalis
2233 1490 2285 1537 et
2323 1491 2525 1538 aeterna
2560 1482 2674 1539 fore
2704 1485 3042 1555 prtedicitur.
3085 1480 3351 1551 Deinceps
3383 1476 3535 1535 addia

1949 1583 2041 1630 tur
2074 1591 2087 1628 :
2123 1593 2139 1626 σ
2177 1573 2243 1630 Ει
2279 1575 2499 1629 dabitur
2523 1574 2573 1631 ei
2606 1576 2673 1633 de
2703 1593 2837 1632 auro
2868 1577 3100 1632 Arabim.
3134 1595 3153 1627 ι
3185 1571 3293 1630 Pro
3315 1572 3411 1630 illo
3438 1588 3537 1629 auc

1950 1674 2082 1732 tem,
2107 1685 2125 1720 ι
2153 1664 2419 1730 Arabiae,»
2448 1684 2668 1725 rursum
2699 1665 2965 1725 Hebraica
2997 1664 3272 1740 scriptura
3297 1686 3316 1720 ι
3348 1664 3523 1725 Saba»

1950 1757 2297 1825 circumfert;
2330 1776 2395 1817 ac
2425 1758 2620 1832 reliqui
2657 1763 2983 1833 interpretes
3031 1756 3197 1818 simili
3236 1776 3370 1817 voce
3398 1762 3533 1817 sunt

1949 1852 2056 1907 usi.
2090 1852 2298 1910 Dixerit
2352 1856 2651 1925 quispiam.
2681 1850 2772 1909 hic
2807 1871 3000 1909 aurum
3044 1856 3254 1924 tropice
3286 1854 3533 1910 indicare

1948 1948 2299 2017 purissimam
2330 1948 2385 2002 in
2417 1944 2737 2003 hominibus
2784 1956 3042 2004 mentem.
3104 1942 3416 2003 Secundum
3451 1943 3534 2004 hic

1949 2036 2173 2091 storiam
2203 2044 2383 2092 autem
2410 2036 2689 2109 impletum
2720 2036 2853 2093 illud
2886 2034 3008 2103 fuit,
3043 2039 3261 2110 quando
3286 2035 3427 2110 magi
3458 2034 3536 2093 air

1948 2129 2171 2192 Oriente
2240 2137 2533 2196 venerunt,
2588 2137 2644 2188 et
2707 2130 3053 2188 Servatorem
3102 2142 3233 2187 tunc
3296 2142 3532 2203 puerum

1949 2222 2331 2287 adoravcrunt,
2364 2218 2787 2294 obtuleruntque
2813 2218 2866 2278 ei
2889 2239 3103 2291 aurum,
3135 2225 3263 2280 thus
3292 2230 3345 2278 et
3376 2235 3536 2294 myr-v

1947 2310 2123 2367 rham.
2158 2308 2296 2367 Num
2333 2312 2472 2369 forte
2523 2313 2678 2378 illud,
2712 2333 2732 2365 ι
2767 2313 2930 2378 vivet,
2964 2334 2983 2367 ι
3023 2307 3076 2370 in
3123 2313 3175 2370 id
3212 2324 3423 2384 tempus
3449 2326 3539 2369 rev

1948 2402 2175 2466 feratur.
2212 2421 2321 2475 quo
2369 2401 2565 2458 infanti
2604 2398 2734 2460 Iesu
2764 2400 2995 2459 insidias
3027 2421 3227 2476 parans
3258 2400 3523 2461 Herodes.

1952 2514 1972 2546 ‹
2006 2492 2226 2551 mittens
2283 2496 2484 2550 occidit
2543 2510 2735 2551 omnes
2777 2511 3001 2565 pueros.
3044 2494 3137 2566 qui
3186 2498 3345 2550 erant
3374 2491 3525 2552 circa

1947 2582 2261 2640 Bethlehem
2280 2600 2309 2638 a
2326 2582 2532 2640 bimatu
2554 2594 2606 2640 et
2625 2584 2709 2639 inl'
2711 2599 2788 2643 ra.
2814 2582 3114 2639 secundum
3134 2591 3349 2656 tempus
3378 2577 3530 2654 quod

1946 2672 2281 2746 exquisi'erat
2325 2690 2355 2729 a
2401 2672 2658 2745 magis".
2692 2697 2712 2729 ι
2745 2671 2901 2732 Tunc
2933 2672 3079 2730 enim
3126 2686 3392 2747 responSo
3427 2691 3525 2729 ara

1946 2776 2128 2839 cepto.
2161 2763 2364 2839 Ioseph
2392 2769 2691 2840 assumpsit
2722 2766 2947 2823 Mariam
2979 2767 3265 2838 coniugem
3290 2782 3445 2824 suam
3470 2774 3530 2825 et

1945 2875 2198 2930 puerum,
2232 2867 2286 2916 et
2315 2862 2545 2919 secessit
2584 2863 2639 2916 in
2678 2855 2995 2933 Egyptum.
3029 2856 3212 2928 Quare
3243 2859 3358 2916 haec
3383 2875 3526 2931 «pro—

1946 2951 2129 3023 phetia
2155 2952 2505 3009 vaticinando
2529 2954 2896 3024 praenuntiat:
2925 2972 2943 3003 ι
2968 2945 3125 3007 Vivet
3153 2957 3208 3007 et
3227 2950 3450 3007 dabitur
3470 2942 3531 3009 ei

1945 3044 2012 3099 de
2040 3058 2176 3098 auro
2204 3040 2438 3106 Arabiae,
2472 3064 2490 3096 ι
2525 3059 2619 3099 seu
2648 3043 2715 3099 de
2740 3040 2918 3109 Saba;
2950 3058 3013 3097 ac
3041 3042 3086 3098 si
3106 3042 3348 3113 apertius
3373 3039 3534 3097 dieeo

1946 3144 2051 3202 ret,
2090 3157 2109 3189 ι
2143 3138 2335 3195 electo.
2378 3157 2396 3192 ι
2437 3133 2573 3192 Nam
2604 3138 2720 3191 haec
2753 3136 2905 3207 regio
2958 3135 3102 3190 Saba
3143 3143 3199 3191 et
3246 3149 3379 3206 gens
3423 3131 3532 3188 Sua

1943 3221 2239 3288 baitarum,
2257 3223 2462 3279 dicitur
2477 3241 2599 3280 esse
2614 3223 3019 3295 Arabumquam
3035 3220 3272 3280 Felicem
3288 3226 3529 3281 vocant:

1945 3328 2012 3371 ex
2042 3330 2151 3386 qua
2186 3311 2465 3372 Salomoni
2509 3331 2726 3387 quoque
2761 3315 2985 3369 allatum
3024 3331 3149 3370 cum
3181 3314 3304 3372 aliis
3353 3314 3534 3373 fuisse

1945 3423 2137 3462 aurum
2176 3408 2408 3464 electum
2455 3421 2763 3464 enarratur.
2802 3407 2869 3462 Et
2906 3408 3043 3465 alias
3085 3422 3308 3479 quoque
3345 3407 3403 3463 in
3431 3420 3527 3465 ec“-

1945 3496 2128 3556 clesiis
2156 3499 2363 3555 Christi
2395 3500 2611 3556 inﬁnita
2644 3501 2893 3557 videmus
2924 3516 2991 3556 ex
3022 3514 3158 3554 auro
3183 3513 3324 3572 puro
3350 3498 3533 3555 cime-r

1944 3596 2020 3651 lia
2054 3596 2112 3651 in
2152 3593 2275 3665 ejus
2303 3595 2565 3652 honorem
2618 3602 2964 3650 consecrata.
2998 3588 3196 3649 Merito
3224 3593 3394 3665 igitur
3416 3593 3529 3647 ho«

1944 3703 2066 3743 rum
2119 3688 2387 3743 memoria
2430 3702 2775 3758 nequaquam
2829 3685 3198 3757 praetermissa
3237 3683 3361 3740 fuit.
3399 3682 3529 3741 Mox

1945 3776 2318 3847 subiungitur,
2346 3797 2364 3828 ι
2408 3774 2474 3831 Et
2506 3776 2746 3832 orabunt
2771 3775 2837 3831 de
2866 3777 2987 3846 ipso
3028 3790 3265 3846 semper,
3289 3781 3403 3831 tota
3436 3775 3532 3832 die

1944 3868 2147 3942 singuli
2196 3865 2520 3925 benedicent
2567 3884 2714 3925 eum.
2754 3889 2772 3923 ι
2807 3863 2926 3924 Non
2954 3865 3142 3923 multis
3172 3866 3353 3923 verbis
3387 3877 3531 3939 opus

1945 3962 2015 4017 ad
2056 3957 2445 4017 declarandum
2474 3977 2583 4033 quo
2612 3967 2775 4031 pacto
2807 3975 3001 4016 omnes
3029 3959 3123 4031 qui
3157 3958 3216 4013 in
3239 3957 3521 4014 Christum

1946 4052 2040 4109 Dei
2090 4050 2461 4118 crediderunt,
2504 4048 2881 4108 indesinenter
2910 4064 3103 4121 preces
3136 4047 3365 4104 efferant
3396 4065 3417 4100 ι
3453 4048 3533 4103 de

1946 4143 2063 4211 illo,
2096 4164 2114 4197 ι
2157 4152 2217 4199 ιιι
2248 4145 2399 4198 illum
2436 4157 2651 4215 semper
2698 4154 2886 4200 secum
2927 4140 3187 4204 habeant.
3214 4146 3275 4196 et
3306 4136 3531 4210 adjuto«

1945 4252 2063 4294 rem
2096 4237 2151 4293 in
2172 4236 2429 4294 omnibus
2449 4236 2863 4292 nanciscantur.
2895 4230 3051 4300 Quod
3068 4241 3248 4287 autem
3278 4231 3527 4301 quotidie

1948 4324 2151 4396 singuli
2181 4323 2508 4383 bened’icant'
2535 4324 2606 4388 ei,
2644 4321 2770 4394 quis
2811 4320 3188 4376 dubitaverit?
3206 4332 3330 4373 nam
3361 4329 3529 4374 nocte

1944 4406 1999 4474 et
2030 4417 2118 4473 die
2145 4417 2341 4471 anima:
2376 4416 2619 4471 omnium
2643 4415 2699 4469 in
2725 4416 2905 4484 ipsum
2942 4413 3155 4468 sincere
3180 4410 3527 4466 credentium

263 4488 688 4554 πεπιστευκότες
708 4490 1079 4555 ἀδιαλείπτως
1103 4491 1467 4563 ἀναφέρουσιν
1490 4493 1654 4564 εὐχὰς
1683 4511 1780 4546 «πε
1789 4494 1841 4564 ρὶ

1947 4506 2307 4580 frequentius,
2335 4520 2498 4577 quam
2530 4506 2823 4576 respirent,
2850 4517 3050 4557 nomen
3084 4501 3205 4572 ejus
3235 4501 3423 4556 colunt
3454 4511 3525 4557 ac

261 4582 454 4645 αὑτοῦ,
487 4602 506 4634 ι
537 4581 613 4646 ὡς
640 4581 706 4637 ἂν
731 4581 901 4653 ἔχοιεν
924 4583 1086 4637 αὑτδν
1118 4585 1225 4637 αἰεὶ
1257 4584 1501 4647 συνόντα,
1532 4586 1625 4637 καὶ
1650 4584 1842 4655 βοηθὸν

262 4674 452 4739 αὐτοῖς
495 4676 629 4728 πᾶσι
663 4675 999 4746 γιγνόμενον.
1044 4675 1131 4739 Ὠς
1175 4674 1233 4728 δὲ
1281 4675 1370 4728 διὰ
1419 4675 1607 4747 πάσης
1630 4672 1842 4747 ἡμέρας

261 4765 495 4830 ἕκαστος
526 4764 737 4835 εὗλογεί
765 4764 947 4831 αὐτόν,
989 4766 1072 4830 τίς
1110 4765 1184 4819 ἂν·
1214 4766 1572 4837 ἀμφιϐάλλοις
1604 4766 1840 4837 Νύκτωρ

262 4858 399 4926 γοῦν
444 4858 538 4912 καὶ
588 4857 707 4928 μεθ’
739 4858 950 4929 ἡμέραν
1003 4857 1181 4912 πλεῖον
1229 4861 1329 4930 τῆς
1363 4859 1636 4929 ἀναπνοῆς
1690 4861 1840 4912 πᾶσα

261 4949 414 5021 ψυχὴ
456 4951 565 5003 τῶν
608 4950 686 5016 είς
728 4949 889 5004 αύτδν
937 4949 1175 5021 γνησίως
1237 4950 1692 5013 πεπιστευκότων,
1741 4949 1839 5022 τὴν

261 5042 636 5116 προσηγορίαν
664 5041 825 5097 αὑτοῦ
854 5041 1068 5112 τιμῶσα
1098 5042 1190 5096 καὶ
1234 5042 1463 5095 σέϐουσα
1494 5042 1707 5112 εὐλογεῖ
1737 5043 1837 5096 αύ-

257 5133 380 5197 τὺν,
426 5132 766 5203 πεπεισμένη
803 5134 881 5195 είς
913 5132 1111 5203 ἑαυτὴν
1152 5131 1537 5204 ἀντιστρέφειν
1557 5132 1661 5204 τὴν
1686 5132 1838 5187 εὐλο-

259 5226 415 5296 γίαν,
448 5223 752 5288 ἀκολούθως
784 5222 948 5295 λογίῳ
977 5225 1054 5287 εἰς
1087 5221 1251 5277 αὐτοῦ
1280 5223 1568 5296 πρόσωπον
1597 5224 1833 5297 Χριστοῦ

261 5319 500 5389 φήσαντι
518 5334 532 5346 ·
552 5336 570 5366 ι
590 5319 653 5371 Ui
681 5316 1025 5385 εὐλογοῦντες
1053 5333 1112 5369 σε
1128 5314 1464 5388 εύλόγηνται,
1499 5316 1594 5369 καὶ
1622 5317 1673 5369 oi
1700 5330 1833 5371 κατ-

263 5405 544 5481 αρώμενοε
586 5424 643 5460 σε
688 5409 1104 5479 κεκατήρανται.
1152 5427 1170 5458 ι
1202 5406 1363 5460 Ὅθεν
1395 5407 1487 5460 καὶ
1512 5405 1665 5473 αῦξει
1705 5405 1838 5479 όση-

267 5500 439 5571 μέραι
468 5499 563 5553 καὶ
585 5497 812 5570 πληθύει
837 5500 900 5553 τὸ
921 5498 1259 5571 Χριστιανῶν
1284 5498 1460 5567 γένος,
1486 5497 1574 5552 διὰ
1601 5498 1664 5552 τὸ
1686 5500 1837 5569 μετέο

263 5608 387 5664 χειν
422 5588 523 5662 τῆς
555 5592 621 5643 ὲκ
650 5588 786 5644 Θεοῦ
815 5590 1083 5657 εὐλογίας,
1112 5584 1178 5660 ἧι,
1199 5590 1457 5643 ἀπολαύει
1488 5588 1578 5645 διὰ
1600 5589 1662 5644 τδ
1687 5589 1830 5647 ἀδια-

341 5774 387 5806 ⁸⁸
418 5771 612 5830 Intth.
646 5787 706 5837 ιι,
752 5770 833 5827 I6.
908 5771 955 5804 ⁸⁸
983 5768 1143 5827 Num.
1172 5786 1317 5838 sxw,
1343 5770 1399 5837 9.

1947 4604 2300 4661 venerantur,
2333 4595 2547 4668 ipsique
2575 4594 2905 4651 bcnedicunt
2934 4606 2953 4645 τ
2981 4599 3144 4648 certae
3174 4593 3230 4648 in
3261 4609 3321 4647 se
3362 4592 3529 4649 relic:

1947 4688 2019 4743 cti
2051 4688 2214 4742 talem
2261 4684 2718 4743 benedictionem.
2755 4681 3059 4738 secundum
3090 4679 3192 4735 hoc
3234 4682 3288 4736 in
3331 4695 3523 4751 pers»-

1948 4791 2073 4833 nam
2098 4773 2306 4831 Christi
2345 4774 2549 4829 dictum
2585 4788 2600 4824 :
2636 4789 2654 4823 ι
2687 4770 2792 4838 Qui
2828 4767 3155 4825 benedicunt
3200 4767 3323 4831 tibi,
3351 4768 3524 4824 benc-

1946 4869 2078 4925 dicti
2120 4872 2267 4934 sunt,
2302 4871 2356 4922 et
2387 4864 2481 4936 qui
2530 4863 2865 4918 maledicunt
2913 4860 3044 4941 tibi,
3087 4858 3366 4915 maledicti
3383 4860 3453 4916 ⁸⁸.
3495 4882 3519 4907 ν

1945 4959 2311 5027 Quamobrem
2341 4956 2583 5029 quotidie
2604 4956 2805 5010 crescit
2833 4962 2886 5009 et
2914 4959 3146 5022 augetur
3169 4951 3523 5008 Christiano-

1944 5065 2067 5106 rum
2118 5065 2310 5119 genus.
2342 5047 2487 5118 quod
2530 5042 2939 5102 benedictionis
2981 5042 3081 5098 Dei
3118 5057 3349 5099 consors
3392 5050 3515 5098 est:

1945 5150 2009 5190 ea
2041 5135 2243 5205 quippe
2276 5134 2499 5196 fruitur,
2544 5134 2673 5205 quia
2712 5146 2933 5203 semper
2960 5131 3181 5187 Christo
3217 5131 3391 5202 ipsius
3421 5130 3513 5185 be—

1948 5225 2191 5289 nedicit,
2249 5224 2553 5281 secundum
2607 5224 2748 5279 hanc
2786 5221 3126 5293 Scripturam
3180 5220 3450 5278 dicentem
3491 5230 3529 5275 ε,

1947 5334 1966 5367 ι
2006 5315 2142 5370 Tota
2168 5316 2262 5371 die
2286 5314 2610 5372 benedicent
2643 5317 2714 5371 ei.
2753 5333 2775 5368 ι
2804 5315 3119 5386 ﬂorumque
3157 5327 3379 5369 causam
3409 5311 3513 5365 de-

1941 5407 2113 5461 clarat
2135 5406 2323 5462 dicens
2355 5420 2376 5460 ι’
2402 5425 2420 5458 ι
2457 5405 2575 5461 Erit
2605 5406 3005 5463 ﬁrmamentum
3037 5406 3090 5460 in
3113 5412 3256 5459 terra
3277 5402 3332 5456 in
3360 5414 3517 5454 sum-

1941 5500 2045 5556 mis
2079 5500 2366 5555 montium.
2405 5517 2425 5551 ι
2464 5498 2561 5555 His
2602 5507 2787 5557 autem
2825 5500 3030 5554 indicat
3066 5494 3360 5551 Ecclesiam
3388 5489 3518 5562 eius

1939 5592 1997 5649 in
2025 5592 2181 5649 ﬁrma
2207 5593 2430 5651 virtutis
2472 5593 2647 5665 ipsius
2678 5601 2836 5667 petra
2876 5590 3167 5647 fundatam
3213 5584 3519 5641 ﬁrmata»
