4008 6210
440 307 546 363 815
1107 302 1377 363 EUSEBII
1414 301 1895 361 CESAEIENSIS
1933 303 1988 360 Ο]

2126 302 2311 359 PARS
2351 302 2439 359 Ill.
2457 334 2528 345 —
2552 303 2979 361 EXEGETICA.
3593 306 3706 364 816

439 443 567 499 que,
591 427 788 484 elatam
811 427 940 481 item
969 427 1348 495 etexaltatam,
1370 435 1425 485 et
1453 398 1625 498 quasi
1646 427 1701 482 in
1730 427 1983 483 cacumin

2114 423 2348 493 λείπτως
2392 425 2482 480 τὸν
2528 424 2762 497 Χριστὸν
2800 422 2964 478 αύωῦ
3008 421 3249 492 εὐλογεῖν
3288 420 3594 487 ἀκολούθως
3635 426 3702 496 τῇ

437 519 704 575 montium
731 519 914 585 sitam,
961 519 1015 572 in
1047 519 1383 589 propheticis
1437 519 1649 575 scilicet
1680 527 1736 574 et
1783 528 1988 590 aposto-

2122 517 2260 589 μετὰ
2290 519 2477 588 χεῖρας
2512 519 2699 590 γραφῇ
2737 514 3022 590 φασκούσῃ
3043 532 3057 546 ·
3105 534 3124 567 ι
3158 514 3324 588 ’Ὅλην
3349 515 3461 588 υτὴν
3484 517 3704 589 ἡμέραν

437 613 561 667 licis
582 611 786 679 verbis,
818 610 976 681 queis
1012 610 1256 668 Ecclesia
1312 612 1625 669 Servatoris
1658 613 1834 669 nostri
1876 629 1988 671 con-

2114 609 2498 681 εὐλογήσουσιν
2551 609 2736 663 αὐτόν·
2780 628 2799 661 ι
2838 609 2948 662 Καὶ
2982 607 3044 662 τὸ
3080 606 3283 662 τούτων
3325 609 3496 662 αἴτιον
3532 608 3703 681 παρί-

437 704 692 759 struitur.
2112 719 2270 774 στησι
2299 702 2471 771 λέγων
2489 719 2503 731 ·
2546 718 2563 753 ι
2609 703 2801 756 Ἔσται
2831 702 3109 772 στήριγμα
3133 700 3193 753 ὲν
3213 702 3280 771 τῇ
3313 703 3384 771 γῇ
3412 700 3497 753 ἐπ’
3526 701 3703 773 ἄκρου

432 796 537 851 τῶν
574 795 766 867 ὀρέων.
801 815 820 848 ι
851 796 1005 849 Οὕτω
1036 796 1094 850 δὲ
1134 793 1388 867 σημαίνει
1432 795 1530 868 τὴν
1568 795 1893 866 Ἐκκλησίαν
1916 796 2080 849 αὐτοῦ
2119 796 2590 869 τεθεμελιωμένην
2635 796 2731 849 καὶ
2766 793 3167 867 ὲστηριγμένην
3197 793 3292 846 ἐπὶ
3334 791 3435 865 τὴν
3477 793 3700 867 ἀρραγῆ

432 891 533 962 τῆς
561 890 726 946 αὐτοῦ
751 891 1032 961 δυνάμεως
1060 890 1282 963 πέτραν,
1330 891 1648 963 ἐπηρμένην
1709 891 1765 945 δὲ
1798 892 1894 946 καὶ
1959 892 2274 965 ὑψωμένην,
2309 893 2385 957 ὼς
2415 893 2480 947 ἂν
2518 892 2609 945 ἐπὶ
2652 890 2799 963 ἄκρα
2827 891 2999 962 ὁρέων
3031 887 3312 961 κειμένην,
3342 888 3701 961 προφητικῶν

430 984 633 1057 δηλαδὴ
660 985 756 1040 καὶ
788 984 1158 1040 ἀποστολικῶν
1185 984 1379 1054 λόγων,
1408 982 1488 1048 οἷς
1515 987 1548 1056 ἡ
1595 985 1891 1058 Ἐκκλησία
1911 985 2005 1040 τοῦ
2032 987 2283 1059 Σωτῆρος
2312 990 2345 1059 ἡ
2355 986 2471 1060 μῶν
2503 986 2954 1057 ἐποικοδομεῖται.

506 1102 670 1160 Vnus.
704 1105 794 1171 16,
840 1104 926 1159 17.
964 1122 984 1155 ι
1026 1102 1498 1175 Superextolletur
1541 1119 1707 1177 super
1734 1104 2002 1161 Libanum

431 1196 643 1254 fructus
696 1196 843 1266 ejus,
874 1202 930 1251 et
958 1195 1230 1251 ﬂorebunt
1261 1195 1329 1252 de
1373 1195 1596 1251 civitate
1641 1196 1786 1252 sicut
1818 1195 1999 1250 fenum

434 1295 614 1344 terrae.
658 1306 679 1340 ι
730 1288 849 1355 Qua
893 1288 1106 1344 ratione
1137 1286 1468 1353 Servatoris,
1502 1289 1596 1360 qui
1628 1289 1682 1343 in
1716 1290 2002 1361 prophetia

427 1378 769 1444 enuntiatur,
817 1377 1032 1436 fructus
1065 1394 1230 1451 super
1268 1376 1536 1436 Libanum
1588 1381 1857 1436 exaltatus
1908 1381 1998 1445 sit,

428 1469 723 1541 intelliges,
747 1470 794 1526 si
824 1470 1050 1542 colligas
1067 1485 1129 1526 ea
1150 1486 1271 1542 quae
1289 1471 1343 1525 in
1368 1470 1668 1541 prophetiis
1698 1471 1765 1527 de
1792 1470 1999 1526 Libano

426 1557 707 1615 dicuntur.
737 1558 953 1616 Dictum
995 1561 1197 1633 quippe
1238 1571 1323 1618 est
1366 1562 1423 1615 in
1466 1559 1605 1616 lsaia
1636 1578 1649 1614 :
1686 1581 1704 1614 ι
1732 1561 1872 1619 Ecce
1903 1563 2001 1617 D0-

304 1701 313 1705 -
426 1651 611 1707 minus
666 1651 907 1707 Sabaoth
956 1654 1250 1708 conturbat
1297 1652 1573 1724 gloriosos
1615 1670 1738 1709 cum
1782 1653 1999 1711 fortitu-

2189 1126 2210 1159 ι
2254 1107 2721 1179 ’Υπεραρθήσεται
2751 1106 2888 1177 ὑπὲρ
2921 1104 3013 1158 τὸν
3043 1102 3276 1157 Λίϐανον
3299 1103 3328 1155 6
3353 1103 3561 1173 καρπὸς
3595 1102 3697 1156 αύ-

2090 1200 2224 1265 ’τοῦ,
2256 1201 2351 1254 καὶ
2395 1198 2780 1270 ὲξανθήσουσιν
2813 1199 2878 1251 ὲκ
2925 1196 3129 1261 πόλεως
3176 1195 3310 1249 ὡσεὶ
3353 1195 3547 1267 χόρτος
3593 1198 3695 1267 τῆς

2109 1296 2232 1365 γῆς.
2283 1311 2301 1344 ι
2332 1293 2518 1356 Ὅπως
2551 1289 2835 1363 ὑπερήρθη
2864 1288 2958 1343 τοῦ
2992 1286 3470 1360 προφητευομένου
3508 1287 3697 1358 Σωτῆ-

2109 1401 2203 1455 ρος
2250 1383 2407 1455 ἡμῶν
2459 1384 2488 1436 6
2535 1382 2745 1453 καρπὸς
2783 1378 2923 1454 ὑπὲρ
2965 1381 3059 1437 τὸν
3103 1379 3336 1434 Λίϐανον
3376 1380 3580 1450 νοήσεις
3615 1379 3691 1431 τὰ

2109 1476 2238 1548 περὶ
2266 1474 2361 1529 τοῦ
2387 1474 2620 1529 Λιϐάνου
2650 1476 2709 1528 ὲν
2740 1472 3101 1545 προφητείαις
3126 1470 3425 1543 λελεγμένα
3452 1486 3688 1539 συναγα-

2107 1567 2240 1638 γών.
2277 1569 2506 1640 Εἴρηται
2538 1568 2595 1623 δὲ
2626 1568 2685 1621 ὲν
2733 1568 2832 1638 μὲν
2864 1565 2942 1637 τῷ
2983 1565 3212 1637 Ἠσαῖᾳο
3247 1583 3266 1617 ι
3310 1564 3439 1618 Ἰδοὺ
3470 1563 3534 1635 δὴ
3562 1563 3685 1617 Κύ-

2110 1679 2222 1733 ριος
2294 1661 2521 1717 Σαϐαὼθ
2597 1660 2961 1733 συνταράσσει
3029 1659 3157 1722 τοὺς
3222 1657 3472 1724 εὐδόξους
3547 1656 3693 1728 μετὰ

423 1743 553 1800 dine
572 1744 648 1812 '7;
684 1763 704 1797 ι
727 1751 781 1800 et
808 1753 996 1815 postea
1031 1764 1045 1801 :
1080 1764 1099 1797 ι
1136 1744 1377 1800 Libanus
1406 1752 1588 1801 autem
1612 1761 1736 1801 cum
1767 1747 1988 1803 excelsis

2106 1753 2319 1825 ἰσχύος·
2349 1773 2370 1806 ι
2418 1754 2511 1807 καὶ
2542 1750 2668 1823 ἑξῆς
2689 1770 2701 1782 -
2746 1769 2765 1802 ‹
2815 1751 2875 1804 Ὁ
2905 1750 2964 1804 δὲ
3001 1749 3233 1812 Λίϐανος
3267 1748 3365 1802 σὺν
3408 1750 3522 1812 τοῖς
3547 1747 3693 1820 ὑψηο

424 1837 660 1893 cadet".
689 1854 709 1891 ι
742 1836 802 1892 1n
826 1836 1090 1892 Zacharia
1114 1852 1243 1892 vero
1274 1835 1448 1893 fertur
1474 1858 1486 1893 :
1520 1856 1540 1890 ι
1564 1837 1749 1910 Aperi,
1767 1839 1993 1902 Libane,

421 1936 613 1999 portas
648 1940 791 1995 tuas,
823 1935 879 1983 et
921 1927 1145 1983 devoret
1183 1928 1326 2000 ignis
1375 1929 1570 1987 cedrus
1594 1938 1716 1986 tuas
1737 1931 1805 1986 δ’.
1848 1951 1866 1983 ι
1906 1930 1997 1984 Di-

421 2029 570 2073 ctum
608 2019 735 2076 item
768 2017 872 2073 fuit
903 2019 961 2073 in
990 2018 1253 2075 vicesimo
1274 2028 1468 2076 octavo
1499 2022 1712 2093 psalmo
1744 2039 1760 2075 ς
1797 2040 1818 2073 ι
1854 2021 1998 2078 Con-

422 2112 622 2183 fringct
650 2110 916 2167 Dominus
955 2111 1151 2169 cedros
1181 2111 1398 2181 Libani,
1425 2122 1481 2170 et
1528 2114 1862 2171 comminuet
1903 2131 1996 2172 eas

418 2214 684 2276 tanquam
736 2204 968 2260 vitulum
1023 2203 1289 2261 Libanum
1308 2205 1374 2260 σθ.
1407 2223 1427 2258 ι
1472 2203 1582 2262 Has
1621 2221 1787 2278 porro
1831 2222 1996 2264 voces

419 2312 554 2352 sane
587 2295 854 2354 obscuras
892 2296 1128 2368 explicat
1176 2295 1463 2368 Scriptura
1492 2298 1547 2352 in
1582 2294 1873 2354 Ezechiele
1911 2298 1997 2354 di-

420 2405 551 2446 cens
581 2407 595 2445 :
629 2408 649 2441 ‹
677 2389 873 2461 Aquila
923 2388 1149 2460 grandis
1199 2404 1522 2462 magnarum
1557 2390 1790 2456 alarum,
1832 2391 1996 2463 longo

418 2483 790 2539 membrorum
844 2481 1034 2549 ductu,
1084 2482 1245 2553 plena
1302 2481 1600 2553 unguibus,
1660 2481 1997 2554 ductumque

417 2573 626 2645 habens
689 2581 752 2628 ut
803 2570 1146 2643 ingrediatur
1196 2572 1254 2626 in
1309 2570 1601 2637 Libanum,
1650 2579 1704 2628 et
1751 2574 1997 2630 exsecuit

418 2673 607 2722 tenera
634 2663 788 2720 cedri
802 2665 881 2733 ⁶¹;
921 2683 941 2719 ι
970 2664 1173 2736 quibus
1199 2664 1419 2721 subdit:
1459 2681 1478 2715 ι
1509 2664 1646 2720 Cum
1675 2666 1886 2721 venerit
1900 2681 1995 2722 rex

418 2757 740 2831 Babylonis,
773 2767 828 2814 et
878 2758 1164 2829 ingressus
1197 2757 1361 2814 fuerit
1386 2758 1443 2812 in
1478 2756 1804 2828 Jerusalem,
1840 2776 1998 2816 assu-

419 2860 532 2908 met
569 2850 844 2923 principes
858 2851 925 2905 ⁶².
948 2868 968 2902 ι
994 2850 1093 2907 His
1111 2850 1311 2922 quippe
1339 2853 1487 2906 clare
1527 2852 1810 2921 prophetia
1838 2852 1994 2922 aqui-

414 2943 525 2999 lam
549 2943 809 3016 grandem
837 2957 1161 3015 magnarum
1186 2943 1420 3007 alarum,
1451 2958 1632 3013 regem
1672 2942 1995 3015 Babylonio-

413 3051 538 3091 rum
552 3035 965 3106 interpretatur;
979 3031 1244 3090 Libanum
1259 3050 1386 3090 vero
1398 3034 1719 3091 Jerusalem.
1738 3032 1995 3119 Reliquo-

2102 1844 2213 1908 λοῖς
2240 1846 2502 1897 πεσεῖται.
2537 1862 2556 1894 ι
2587 1841 2851 1896 Λέλεκται
2881 1839 2939 1894 δὲ
2971 1840 3065 1894 καὶ
3089 1840 3145 1892 έν
3174 1837 3452 1910 Ζαχαρία·
3477 1856 3497 1889 ι
3525 1838 3686 1893 Διάν-

2099 1935 2263 2003 οιξον,
2320 1935 2350 1987 6
2393 1934 2783 2005 Λίϐανοςητὰς
2828 1932 3001 1996 πύλας
3038 1948 3152 1997 σου,
3177 1930 3275 1985 καὶ
3316 1929 3688 1999 καταφαγέτω

2099 2027 2213 2100 πῦρ
2237 2026 2334 2092 τὰς
2359 2028 2583 2100 κέδρους
2609 2043 2722 2080 σου.
2760 2044 2778 2077 ι
2807 2024 3036 2097 Εἴρηται
3061 2022 3118 2076 δὲ
3142 2022 3236 2076 καὶ
3264 2023 3322 2076 ὲν
3347 2020 3434 2094 κη’
3452 2020 3685 2092 ψαλμῷ·

2105 2140 2124 2173 ι
2156 2118 2443 2192 Συντρίψει
2483 2120 2580 2182 τὰς
2625 2117 2850 2189 κέδρους
2880 2114 2975 2169 τοῦ
3010 2114 3265 2180 Λιϐάνου,
3310 2114 3406 2168 καὶ
3433 2112 3691 2167 λεπτυνεῖ

2098 2212 2269 2276 αὑτὰς
2295 2212 2370 2275 ὼς
2407 2211 2496 2265 τὸν
2541 2211 2741 2283 μόσχον
2778 2209 2870 2262 τὸν
2919 2206 3177 2261 Λιϐανον.
3217 2225 3236 2258 ι
3286 2205 3597 2259 Ἐπιλύεται
3625 2205 3688 2257 δὲ

2097 2306 2300 2370 ταύτας
2324 2305 2423 2369 τάς
2452 2305 2634 2375 φωνὰς
2659 2305 2887 2373 ἀσαφεῖς
2916 2301 3080 2366 οὔσας
3105 2301 3134 2353 6
3156 2299 3307 2373 παρὰ
3330 2299 3409 2372 τῷ
3437 2298 3689 2369 Ἑζεκιὴλ

2097 2398 2323 2468 φάσκων
2355 2397 2512 2466 λόγος
2535 2413 2548 2426 ο
2588 2415 2606 2447 ι
2651 2395 2709 2448 '0
2741 2392 2898 2457 ἀετὸς
2929 2394 2957 2447 6
3001 2392 3174 2464 μέγας
3212 2394 3240 2446 6
3277 2391 3691 2463 μεγαλοπτέρυ-

2096 2507 2212 2560 γος,
2245 2492 2275 2544 6
2318 2488 2524 2552 πλατὺς
2564 2490 2631 2559 τῇ
2667 2486 2909 2550 ἐκτάσει,
2970 2486 3183 2558 πλήρης
3215 2484 3446 2556 ὀνύχων,
3479 2485 3537 2548 ὃς
3569 2485 3688 2555 ἔχει

2093 2584 2156 2637 το
2183 2583 2375 2654 ἧγημα
2401 2579 2658 2635 εἰσελθεῖν
2684 2580 2764 2644 εἰς
2793 2578 2885 2633 τὸν
2927 2577 3172 2641 Λίϐανον,
3200 2577 3293 2631 καὶ
3337 2575 3580 2647 ἀπέκοψε
3610 2575 3687 2630 τὰ.

2094 2670 2281 2727 ἁπαλὰ
2321 2675 2418 2742 τῆς
2449 2671 2671 2742 κέδρουο
2712 2689 2730 2721 ι
2760 2662 2841 2732 οἷς
2866 2667 2993 2738 ἑξῆς
3016 2668 3348 2738 ὲπιλέγεται⁹
3387 2687 3406 2719 ι
3445 2668 3574 2721 Ὅτε
3612 2666 3683 2721 ἂν

2096 2765 2224 2838 ἔλθῃ
2246 2766 2274 2817 6
2300 2763 2552 2836 βασιλεὺς
2582 2762 2901 2828 Βαϐυλῶνος
2932 2763 3028 2817 καὶ
3052 2761 3268 2833 εἰσέλθῃ
3294 2762 3375 2824 εἰς
3410 2760 3684 2833 Ἰερουσα-

2094 2858 2225 2930 λὴμ,
2262 2859 2355 2912 καὶ
2384 2856 2612 2930 λήψεται
2645 2857 2771 2919 τοὺς
2804 2855 3091 2927 ἄρχοντας.
3121 2873 3140 2906 ι
3188 2852 3383 2923 Σαφῶς
3433 2852 3543 2924 γὰρ
3590 2850 3682 2905 διὰ

2093 2948 2298 3002 τούτων
2339 2950 2372 3019 ή
2421 2946 2727 3020 προφητεία
2776 2946 2868 2999 τὸν
2909 2945 3008 3016 μὲν
3049 2944 3206 2998 ἀετὸν
3237 2944 3331 2997 τὸν
3386 2943 3557 3015 μέγαν
3587 2942 3681 2995 τὸν

2098 3039 2570 3112 μεγαλοπτέρυγον
2592 3037 2682 3093 τὸν
2718 3037 2941 3108 βασιλέα
2980 3037 3087 3089 τῶν
3117 3033 3473 3089 Βαϐυλωνίων
3494 3033 3671 3105 ἡρμή-

413 3141 537 3181 rum
561 3125 688 3181 item
712 3124 1094 3196 prophetarum
1121 3124 1287 3193 dicta,
1310 3139 1409 3181 ceu
1433 3124 1500 3181 de
1529 3123 1737 3180 Libano
1755 3124 1987 3196 prolata,

2095 3148 2274 3194 νευσε,
2304 3130 2398 3184 τὸν
2430 3129 2487 3183 δὲ
2525 3128 2755 3183 Λίϐανον
2783 3126 3271 3199 τὴνἸερουσαλὴμ.
3317 3125 3683 3197 Ἐφαρμόσεις

409 3218 766 3291 Jerosolymae
796 3218 1029 3290 aptabis.
1057 3217 1214 3273 Enim
1256 3233 1386 3274 vero
1414 3234 1577 3275 nemo
1605 3234 1672 3275 ex
1698 3218 1991 3274 circumci-

413 3313 570 3368 sione
602 3311 759 3369 fateri
789 3310 1024 3376 dubitet,
1059 3309 1127 3367 iis
1156 3326 1278 3382 quae
1301 3310 1369 3367 de
1393 3310 1601 3366 Libano
1627 3311 1885 3366 dicuntur
1906 3308 1992 3367 Je-

409 3402 746 3474 rosolymam
795 3401 1137 3459 adumbrari.
1193 3419 1212 3453 ι
1266 3398 1795 3472 Superexaltabitur,
1850 3420 1870 3455 ›
1929 3408 1989 3457 ιιι

410 3494 518 3550 fert
544 3508 731 3550 sermo
756 3508 1024 3564 praesens,
1051 3510 1069 3543 ι
1090 3507 1256 3563 super
1276 3490 1545 3547 Libanum
1575 3491 1786 3549 fructus
1810 3492 1983 3563 ejus,»

410 3585 626 3642 scilicet
658 3583 963 3641 Servatoris
1002 3582 1069 3637 de
1102 3598 1213 3653 quo
1235 3581 1523 3653 prophetia
1555 3582 1818 3651 loquitur.
1848 3579 1988 3636 Fru-

409 3686 535 3734 ctus
561 3685 743 3733 autem
770 3672 891 3747 ejus
909 3674 1034 3747 quis
1066 3674 1251 3738 fuerit,
1284 3674 1389 3730 nisi
1418 3672 1857 3744 Ecclesiaipsius
1892 3688 1988 3744 per

409 3780 586 3828 totum
620 3771 812 3827 orbem
843 3770 1077 3834 ﬁrmata,
1112 3769 1181 3824 de
1206 3782 1314 3839 qua
1352 3766 1637 3823 dicebatur
1664 3787 1677 3823 :
1709 3786 1727 3819 ι
1759 3767 1876 3822 Erit
1898 3766 1989 3821 ﬂr-

409 3871 746 3919 mamentum
790 3861 847 3916 in
877 3871 1027 3917 terra
1058 3859 1117 3916 in
1155 3858 1386 3916 summis
1436 3859 1739 3915 montium?
1772 3879 1791 3912 ι
1834 3857 1987 3914 Hanc

408 3955 595 4025 itaque
632 3967 799 4023 super
824 3951 1091 4008 Libanum
1137 3951 1484 4008 exaltandam
1515 3967 1639 4007 esse
1664 3951 1720 4005 in
1751 3950 1987 4021 prophe—

408 4047 486 4101 tia
520 4045 742 4102 dicitur.
770 4043 921 4099 Licet
943 4043 1088 4099 enim
1116 4042 1361 4100 Libanus
1386 4043 1496 4109 ille,
1530 4058 1728 4112 nempe
1759 4039 1984 4098 Jeroso-

408 4138 577 4210 lyma,
600 4135 730 4192 olim
762 4132 936 4207 gloria
967 4130 1107 4187 aﬂici
1136 4138 1191 4188 et
1218 4130 1413 4190 ﬂorere
1442 4132 1595 4189 visus
1628 4132 1735 4200 sit;
1766 4140 1821 4186 at
1848 4147 1986 4202 prac-

408 4227 663 4286 stantiori
719 4226 1245 4299 incomparabilique
1312 4224 1474 4283 modo
1540 4224 1984 4295 superexaltatus

406 4323 508 4378 fuit
526 4321 836 4381 Servatoris
858 4319 1031 4375 nostri
1059 4317 1291 4383 fructus,
1310 4332 1409 4373 seu
1431 4315 1674 4373 Ecclesia
1696 4330 1793 4386 per
1807 4322 1981 4370 totum

406 4419 589 4474 urbem
629 4415 945 4472 constituta.
972 4413 1088 4471 Sub
1108 4413 1224 4469 haec
1244 4420 1425 4469 autem
1448 4410 1679 4483 populos
1701 4410 1757 4464 in
1788 4407 1979 4478 singu-

2094 3220 2153 3273 δὲ
2184 3221 2278 3274 καὶ
2307 3217 2377 3273 τὰ
2400 3218 2553 3292 παρὰ
2576 3220 2688 3283 τοῖς
2717 3217 2923 3282 λοιποῖς
2953 3220 3257 3290 προφήταις
3286 3215 3478 3288 ὥσπερ
3506 3215 3674 3271 Λιϐά-

2091 3328 2183 3366 νου
2227 3310 2525 3383 λελεγμένα
2572 3314 2639 3382 τῇ
2686 3310 3063 3384 Ἰερουσαλήμ.
3117 3307 3255 3361 Ἀλλ’
3302 3307 3424 3361 οὐδὲ
3456 3306 3564 3360 τῶν
3606 3307 3677 3362 ἐκ

2091 3407 2392 3477 περιτομῆς
2426 3422 2507 3468 τις
2534 3403 2862 3475 άμφιϐάλλοι
2897 3404 2964 3457 ἂν
2997 3402 3073 3475 μὴ
3104 3402 3225 3473 οὐχὶ
3272 3399 3401 3473 περὶ
3431 3401 3529 3471 τῆς
3567 3400 3669 3455 Ἱε-

2092 3497 2371 3571 ρουσαλὴμ
2398 3498 2729 3552 αἰνίττεσθαι
2758 3495 3038 3569 ὁμολογεῖν
3065 3494 3135 3548 τὰ
3165 3494 3294 3571 περ).
3319 3493 3550 3548 Λιϐάνου
3580 3491 3673 3545 λε-

2088 3588 2342 3661 λεγμένα.
2396 3607 2415 3641 ι
2467 3587 2936 3661 Ὑπεραρθήσεται
2971 3605 2989 3637 ι
3026 3586 3225 3651 τοίνυν,
3256 3586 3317 3639 τὸ
3361 3584 3530 3655 παρὸν
3571 3583 3667 3636 λό-

2088 3681 2204 3750 γιόν
2237 3697 2421 3752 φησιν,
2480 3699 2498 3731 ι
2539 3679 2680 3752 ὑπὲρ
2711 3678 2801 3732 τὸν
2845 3677 3074 3733 Λίϐανον
3109 3680 3138 3732 6
3168 3676 3376 3749 καρπὸς
3408 3672 3593 3739 αὐτοῦ,
3634 3692 3660 3727 ι

2088 3772 2289 3845 δηλαδὴ
2342 3772 2437 3826 τοῦ
2482 3769 2961 3844 προφητευομένου
3006 3771 3279 3842 Σωτῆρος.
3332 3766 3550 3839 Καρπδς
3602 3766 3670 3822 δὲ

2087 3869 2250 3923 αὐτοῦ
2284 3868 2366 3934 τίς
2397 3868 2463 3923 ἂν
2492 3867 2753 3938 γένοιτοῆ
2799 3865 3095 3939 Ἐκκλησία
3122 3863 3287 3918 αὑτοῦ
3330 3865 3366 3936 ἡ
3391 3861 3507 3916 καθ’
3535 3861 3672 3935 ὅλης

2089 3965 2189 4035 τῆς
2253 3961 2576 4033 οἰκουμένης
2640 3958 3005 4032 ὲστηριγμένη
3030 3997 3046 4023 ,
3108 3956 3237 4029 περὶ
3289 3950 3359 4027 ἧς
3414 3954 3668 4024 ὲλέγετο“

2093 4072 2113 4105 ι
2159 4054 2351 4108 Ἔσται
2386 4054 2663 4125 στήριγμα
2694 4053 2752 4104 ὲν
2784 4053 2850 4122 τῇ
2879 4052 2949 4121 γῇ
2976 4050 3062 4103 ἐπ’
3087 4049 3255 4120 ἄκρον
3287 4047 3397 4101 τῶν
3426 4046 3665 4118 ὀρέωνςι

2087 4146 2235 4216 Λῦτη
2267 4145 2444 4201 τοίνυν
2474 4128 2942 4216 ὑπεραρθησεσθαν
2979 4141 3120 4215 ὑπὲρ
3146 4140 3235 4193 τὸν
3269 4138 3502 4193 Λίϐανον
3531 4155 3671 4211 προ-

2089 4237 2382 4310 φητεύεται
2403 4253 2416 4266 °
2457 4239 2505 4291 εἰ
2533 4235 2642 4308 γὰρ
2665 4236 2758 4290 καὶ
2796 4232 2943 4300 ἔδοξέ
2979 4250 3109 4287 ποτε
3148 4232 3176 4283 6
3208 4230 3471 4303 δηλωθεὶς
3502 4228 3672 4286 Λίϐα-

2085 4345 2196 4393 νος,
2235 4327 2378 4397 λέγω
2407 4312 2464 4381 δὲ
2497 4327 2530 4398 ἠ
2569 4325 2944 4398 Ἰερουσαλὴμ,
2984 4320 3300 4390 δοξάζεσθαι
3332 4320 3427 4375 καὶ
3460 4320 3667 4383 ἀνθεῖν,

2088 4420 2201 4475 ἀλλ’
2244 4418 2525 4492 ὑπερήρθη
2560 4419 2654 4473 καὶ
2683 4416 2817 4471 πολὺ
2847 4417 3063 4471 κάλλιον
3100 4415 3314 4484 ἐκείνης
3346 4413 3669 4484 άσυγκρίτῳ

406 4508 475 4564 lis
506 4508 734 4563 urbibus
762 4507 1022 4562 collectos
1056 4480 1576 4574 multitudinemque
1603 4515 1858 4572 magnam
1894 4501 1979 4554 in-

2094 4513 2327 4584 ὑπεροχῇ
2487 4480 2735 4583 Σιιτῆρος
2782 4508 2938 4581 ἡμῶν
2984 4509 3013 4561 6
3051 4480 3282 4581 καρπὸς,
3312 4506 3347 4575 ἡ
3376 4480 3501 4558 καθ’
3532 4480 3667 4574 ϐλης

406 4600 551 4655 dicat
591 4601 678 4656 bis
723 4600 945 4656 verbis:
984 4618 1003 4650 ι
1038 4597 1104 4652 Et
1146 4596 1419 4653 ﬂorebunt
1461 4595 1529 4651 de
1574 4594 1798 4649 civitate
1835 4593 1979 4649 sicut

405 4692 592 4748 fenum
624 4700 799 4749 terrae.
834 4712 853 4744 ι
888 4689 1024 4746 Illud
1052 4705 1238 4762 porro,
1286 4709 1305 4742 ι
1336 4689 1404 4745 de
1422 4688 1669 4752 civitate,
1712 4707 1732 4740 ›
1769 4685 1977 4742 dictum

404 4794 511 4850 est,
542 4786 701 4856 quasi
739 4785 970 4856 singulis
1007 4783 1064 4837 in
1092 4782 1407 4839 civitatibus
1437 4788 1492 4836 et
1520 4780 1779 4835 omnibus
1817 4780 1875 4833 in
1899 4778 1978 4833 lo-

403 4879 507 4934 cis.
538 4877 654 4935 lmo
679 4879 841 4934 etiam
876 4876 1121 4933 Ecclesia
1151 4876 1349 4947 ipsius,
1376 4874 1447 4931 ob
1475 4873 1697 4944 politica
1729 4880 1784 4928 et
1820 4885 1978 4926 evan-

403 4971 599 5042 gelica,
631 4971 789 5040 queis
825 4971 1016 5032 utitur,
1046 4968 1318 5034 instituta,
1357 4965 1556 5021 civitas
1594 4962 1691 5019 Dei
1725 4971 1973 5018 vocatur.

405 5065 587 5131 Quare
609 5062 819 5117 dictum
854 5068 976 5116 est:
1010 5078 1028 5111 ι
1057 5058 1306 5115 Gloriosa
1352 5057 1503 5112 dicta
1542 5064 1673 5111 sunt
1696 5054 1765 5109 de
1795 5061 1867 5119 te,
1893 5053 1976 5109 ci—

402 5153 546 5208 vitas
568 5150 756 5217 Dei";
789 5158 879 5206 iet
906 5163 1127 5205 rursum
1154 5166 1168 5204 :
1205 5166 1224 5200 ι
1258 5146 1527 5203 Fluminis
1545 5145 1778 5215 impetus
1805 5142 1978 5198 laetifi-

404 5251 536 5300 cant
573 5242 848 5299 civitatem
889 5240 984 5297 Dei
1004 5241 1070 5298 “.
1102 5259 1121 5292 ι
1153 5238 1293 5307 Quia
1332 5254 1464 5310 ergo
1513 5238 1707 5293 civitas
1747 5235 1840 5290 illa
1883 5234 1978 5288 Dei

308 5398 315 5409 δ
404 5338 571 5393 ﬂuvio
588 5337 642 5393 in
663 5353 723 5393 se
746 5335 1080 5396 exundante,
1104 5349 1201 5389 seu
1227 5330 1412 5393 verbo,
1445 5329 1692 5400 irrigata,
1725 5341 1978 5398 magnam

403 5429 611 5499 profert
642 5429 816 5485 turba
847 5428 902 5483 in
957 5424 1202 5482 Ecclesia
1241 5423 1487 5479 collecta:
1524 5420 1975 5485 multitudinem;

398 5523 525 5593 jure
556 5522 859 5602 adjicitur;
896 5540 916 5573 ι
958 5519 1021 5575 Et
1047 5518 1319 5573 ﬂorebunt
1348 5515 1418 5570 de
1454 5514 1677 5569 civitate
1710 5514 1855 5569 sicut
1892 5512 1975 5568 te-

474 5637 517 5667 "
547 5637 650 5692 lsa.
706 5655 760 5695 κ.
800 5639 887 5694 55.
1000 5637 1044 5669 ⁸⁸
1070 5635 1204 5691 ibid.
1236 5632 1327 5688 54.
1403 5633 1447 5665 ⁸⁹
1479 5630 1646 5686 Zacb.
1680 5646 1757 5698 ιι,
1788 5632 1840 5687 1.

403 5706 450 5737 ⁸³
483 5705 629 5763 Psal.
670 5725 889 5775 Lxxxw,
924 5709 975 5764 5.
1046 5708 1089 5740 ⁸³
1128 5704 1271 5761 Ρεειιο
1305 5718 1430 5770 ην.
1470 5703 1522 5757 5-

1949 5632 1993 5666 “
2020 5632 2165 5689 Psal.
2225 5650 2415 5698 xxvm,
2450 5633 2503 5697 5,
2537 5631 2590 5686 6.

2083 4602 2283 4675 δηλαδὴ
2327 4605 2426 4675 τῆς
2470 4601 2795 4671 οἰκουμένης
2834 4598 3130 4670 Ἐκκλησία
3182 4595 3395 4666 γέγονε.
3439 4593 3666 4657 Τούτοις

2083 4696 2210 4768 ἑξῆς
2236 4695 2361 4759 τοὺς
2392 4695 2554 4758 λαοὺς
2598 4693 2724 4757 τοὺς
2759 4690 2901 4746 κατὰ
2940 4692 3118 4744 πᾶσαν
3144 4688 3298 4742 πόλιν
3329 4683 3664 4758 συγκροτου-

2085 4788 2277 4860 μένους
2304 4788 2397 4841 καί⁵
2424 4785 2496 4839 τὰ
2520 4784 2689 4839 πολλὰ
2724 4782 2905 4855 πλήθη
2938 4782 3234 4854 παρίστησι
3260 4779 3435 4848 λέγων
3459 4795 3473 4807 ο
3508 4796 3529 4827 ι
3550 4774 3661 4829 Καὶ

2080 4878 2463 4951 ἐξανθήσουσιν
2496 4879 2560 4931 ὲκ
2597 4877 2803 4940 πόλεως
2842 4876 2971 4928 ὼσεί
2999 4878 3188 4947 χόρτος
3226 4871 3326 4942 τῆς
3366 4871 3485 4942 γῆς.
3527 4888 3546 4920 ι
3587 4869 3661 4922 T6

2083 4972 2160 5034 δὲ,
2203 4989 2220 5021 ι
2257 4972 2322 5024 ἐκ
2370 4970 2597 5034 πόλεως,
2635 4990 2653 5021 ι
2688 4970 2921 5041 είρηται,
2953 4966 3073 5021 ἀντὶ
3115 4964 3230 5030 τοῦ,
3265 4963 3382 5019 καθ’
3418 4963 3661 5032 ἑκάστην

2084 5063 2239 5116 πόλιν
2265 5062 2357 5115 καὶ
2383 5060 2523 5114 κατὰ
2555 5062 2732 5115 πάντα
2757 5061 2941 5113 τόπον.
2982 5056 3140 5112 Ἀλλά
3170 5056 3265 5112 καὶ
3294 5057 3329 5127 ἡ
3363 5052 3659 5125 Ἐκκλησία

2084 5148 2247 5202 αὐτοῦ
2290 5148 2441 5213 πόλις
2486 5148 2798 5218 ὠνόμασται
2831 5147 2924 5200 τοῦ
2970 5143 3104 5199 Θεοῦ
3149 5143 3239 5199 διὰ
3280 5143 3381 5215 τὴν
3423 5144 3482 5194 ὲν
3517 5141 3656 5210 αὐτῇ

2086 5238 2476 5308 συνισταμένην
2501 5237 2730 5307 νόμιμον
2753 5237 2845 5290 καὶ
2865 5233 3222 5304 εύαγγελικὴν
3244 5230 3537 5285 πολιτείαν.
3568 5228 3661 5280 Διὸ

2084 5329 2360 5382 λέλεκταιο
2404 5347 2421 5378 ι
2456 5326 2822 5398 Λεδοςασμένα
2868 5324 3097 5397 ἐλαλήθη
3132 5323 3258 5396 περί
3288 5320 3404 5383 σοῦ,
3432 5321 3467 5391 ὴ
3502 5318 3661 5380 πόλις

2083 5420 2175 5473 τοῦ
2202 5419 2335 5474 Θεοῦ
2355 5438 2368 5449 ’
2404 5439 2422 5472 ι
2453 5420 2547 5473 καὶ
2570 5418 2728 5476 πάλιν
2749 5436 2762 5448 ·
2806 5437 2824 5469 ι
2858 5416 2964 5470 T06
2993 5414 3237 5488 ποταμοῦ
3264 5412 3333 5466 τὰ
3356 5411 3661 5485 όρμῆματα

2085 5514 2435 5585 εὐφραίνουσι
2482 5512 2579 5584 τὴν
2628 5511 2781 5565 πόλιν
2822 5510 2915 5564 τοῦ
2960 5508 3115 5565 Θεοῦ.
3158 5527 3176 5560 ι
3214 5506 3363 5561 Ἐπεὶ
3398 5503 3581 5557 τοίνυν
3620 5501 3659 5572 ἡ

2698 5632 2739 5664 ⁸³
2771 5628 2964 5685 Ezech.
3010 5626 3221 5691 “11,5.
3297 5623 3342 5657 ⁶²
3369 5620 3504 5677 ibid.
3566 5614 3652 5672 Ιῖ.
