4014 6206
327 303 438 359 817

1464 304 1975 363 ΕΟΜΜΕΝΤΑΒΙΑ
2011 304 2082 362 1N
2113 305 2450 364 PSALMOS.

3475 298 3586 362 -8l8

330 426 493 490 τώλις
536 422 629 478 τοῦ
673 422 829 489 Θεοῦ,
869 422 1201 497 ἀρδευομένη
1242 423 1320 495 τῷ
1368 425 1425 479 ὲν
1470 426 1608 496 αὐτῇ
1655 425 1912 498 πλημμύ-

2020 441 2144 479 uum
2178 432 2360 481 terrae.
2395 444 2415 478 ο
2464 423 2822 481 Praemittitur
2857 438 2992 481 sane
3043 422 3413 489 multitudini,
3467 439 3589 494 qua:

330 525 482 594 ροντι
506 515 756 587 ποταμῷ,
789 514 954 588 λόγῳ,
998 516 1131 570 πολὺ
1162 516 1361 588 πλῆθος
1404 518 1667 590 προφέρει
1699 518 1805 571 τῶν
1851 520 1910 572 ὲν

330 614 402 683 τῇ
451 608 745 681 Ἐκκλησία
766 609 1266 682 συγκροτουμένων,
1295 610 1519 674 εἰκότως
1542 610 1906 665 ἐπιλέλεκται·

341 724 362 756 ι
391 704 501 758 Καὶ
525 701 905 772 ὲξανθήσουσιν
936 703 1001 756 ἐκ
1025 701 1232 765 πόλεως
1255 692 1387 756 ὡσεὶ
1410 702 1600 774 χόρτος
1631 703 1729 775 τῆς
1752 704 1873 776 γῆς.
1888 724 1907 758 ι

334 800 640 871 Προηγεῖτο
671 797 768 868 μὲν
790 792 882 852 οὖν
908 795 1002 851 τοῦ
1024 797 1216 869 χόρτου
1241 797 1395 869 δίκην
1414 797 1758 865 ὲξανθοῦντος
1784 799 1916 871 πλή-

334 891 462 954 θους
500 891 531 943 6
562 889 989 963 προλελεγμένος
1033 890 1247 962 καρπὸς
1286 890 1473 956 αὐτοῦ,
1506 890 1641 945 πολὺ
1693 890 1912 962 βελτίων

335 987 434 1038 καὶ
487 983 753 1055 κρείττων
804 982 1087 1053 τυγχάνων
1130 981 1224 1036 τοῦ
1269 983 1465 1055 χόρτου
1520 983 1621 1054 τῆς
1660 984 1801 1056 γῆς’
1834 984 1914 1038 διὸ

336 1074 702 1147 προτέτακται
730 1073 812 1127 τόο
849 1093 867 1126 ι
891 1072 1357 1145 Ὑπεραρθήσεται
1382 1068 1523 1145 ὑπὲρ
1562 1074 1655 1128 τὸν
1686 1075 1914 1128 Λίϐανον

331 1170 363 1222 6
412 1166 624 1239 καρπὸς
653 1165 847 1220 αὐτοῦ’
887 1185 907 1218 ι
953 1164 1090 1238 μετὰ
1114 1166 1172 1220 δὲ
1201 1166 1294 1221 τὸν
1339 1167 1549 1238 καρπὸν
1575 1166 1664 1221 τὸν
1706 1166 1916 1239 ἐξαίρε-

333 1275 447 1321 τον,
477 1256 606 1320 τοὺς
631 1256 689 1310 ὲν
718 1258 784 1328 τῇ
831 1257 1124 1329 Ἐκκλησία
1167 1257 1369 1328 δηλαδὴ
1413 1257 1912 1331 “pascam-3w“,

333 1349 404 1403 τὰ
432 1347 597 1402 λοιπά
624 1346 801 1421 πλήθη
845 1348 1173 1421 καταριθμεῖ
1211 1349 1300 1402 διὰ
1328 1348 1442 1403 τοῦ·
1485 1368 1504 1402 t
1543 1350 1655 1404 Καὶ
1692 1348 1917 1422 ἐξανθή-

335 1459 523 1496 σουσιν
561 1443 625 1495 ὲκ
666 1441 873 1506 πόλεως
908 1442 1041 1495 ὡσεὶ
1084 1443 1275 1513 χόρτος
1312 1443 1412 1514 τῆς
1442 1442 1564 1512 γῆς.
1602 1462 1620 1495 ι
1670 1438 1781 1497 Εἶτ’
1823 1442 1917 1497 ἐπὶ

332 1536 550 1599 τούτοις
586 1535 834 1604 λέγεται·
883 1553 903 1587 ι
937 1536 1132 1589 Ἔσται
1164 1536 1223 1588 τὸ
1262 1536 1433 1607 ὄνομα
1470 1536 1635 1591 αὐτοῦ
1673 1537 1755 1600 είς
1792 1536 1919 1601 τοὺς

334 1628 559 1692 αἰῶνας.
592 1648 611 1681 ι
648 1627 1003 1699 Διαμένοντος
1027 1629 1084 1682 δὲ
1116 1629 1213 1683 καὶ
1233 1628 1632 1694 διαιωνίζοντος
1656 1629 1751 1683 τοῦ
1784 1631 1918 1701 Χρι-

340 1715 470 1769 στοῦ
495 1717 772 1788 ὀνόματος,
799 1718 1360 1790 συμπαρεκτείνεσθαι
1375 1720 1481 1773 ’καὶ
1502 1719 1562 1773 τὸ
1578 1719 1916 1792 Χριστιανῶν

2019 518 2195 575 instar
2244 516 2353 573 feni
2403 516 2732 583 etilorescit,
2788 526 3123 574 memoratus
3171 515 3386 571 fructus
3440 515 3585 587 ejus,

2021 620 2181 685 longe
2228 610 2595 682 praestabilior
2641 609 2945 681 meliorque
2983 607 3110 664 feno
3150 616 3346 674 terra;
3395 623 3590 679 quam-

2020 705 2209 761 obrem
2227 702 2582 775 praepositum
2601 702 2702 758 fuit
2720 701 2854 757 illud
2877 720 2893 758 :
2916 720 2935 754 ι
2966 700 3475 772 Superexaltabitur
3503 715 3587 757 su-

2018 813 2116 870 per
2149 795 2418 852 Libanum
2452 794 2664 852 fructus
2694 795 2816 865 ejus
2848 812 2862 851 :
2902 814 2921 848 ι
2960 800 3082 865 post
3113 792 3352 848 fructum
3407 798 3591 849 autem

2020 892 2176 948 illum
2226 889 2648 960 praecellentem,
2684 888 2940 945 videlicet
2972 893 3097 958 post
3135 900 3231 943 eos
3264 885 3358 957 qui
3393 885 3449 940 in
3487 883 3592 941 Ec-

2019 984 2188 1040 clesia
2216 981 2574 1047 fructiﬁcant,
2607 981 2876 1052 reliquam
2917 978 3325 1035 multitudinem
3362 993 3592 1036 enume-

2021 1087 2127 1140 rat,
2159 1074 2241 1131 sic
2271 1073 2464 1130 dicens
2496 1088 2512 1125 :
2552 1091 2571 1124 ι
2603 1071 2671 1128 Et
2696 1071 2966 1128 ﬂorebunt
2986 1071 3055 1128 de
3081 1071 3303 1127 civitate
3349 1071 3492 1128 sicut
3514 1070 3594 1127 fe—

2020 1182 2152 1222 num
2182 1174 2363 1222 terrae.
2395 1185 2414 1219 ι
2445 1163 2757 1222 Secundum
2788 1163 2905 1219 haec
2936 1163 3179 1219 dicitur:
3208 1182 3227 1216 ι
3246 1161 3365 1218 Erit
3395 1177 3594 1219 nomen

2021 1261 2142 1331 ejus
2171 1260 2227 1314 in
2253 1259 2474 1315 saecula.
2515 1276 2534 1311 ι
2568 1257 2705 1314 Cum
2752 1271 2920 1329 porro
2967 1271 3167 1313 nomen
3212 1254 3420 1312 Christi
3468 1270 3595 1327 per-

2021 1362 2188 1424 petuo
2241 1358 2481 1416 maneat,
2533 1356 2935 1420 consequenter
2991 1363 3123 1405 sane
3156 1347 3596 1405 Christianorum

2022 1463 2225 1504 nomen
2255 1445 2600 1503 tantumdem
2634 1443 2901 1516 temporis
2949 1443 3311 1515 permanebit.
3344 1442 3459 1498 Hoc
3495 1456 3597 1497 au—

2025 1549 2130 1596 tem
2150 1554 2355 1596 nomen
2378 1538 2528 1611 quod
2559 1548 2644 1596 est
2665 1553 2831 1610 super
2846 1551 3009 1594 omne
3027 1553 3227 1594 nomen
3250 1546 3377 1592 ante
3404 1534 3598 1592 mundi

2023 1631 2473 1688 constitutionem
2509 1638 2630 1687 erat
2665 1643 2877 1701 :quare
2892 1628 3102 1684 dictum
3135 1636 3260 1684 est:
3299 1646 3317 1679 ι
3348 1626 3490 1685 Ante
3513 1641 3600 1683 so-

2023 1724 2129 1781 lem
2156 1729 2449 1796 permanet
2487 1737 2688 1779 nomen
2719 1721 2862 1793 ejus.
2900 1737 2921 1775 ι
2959 1719 3226 1792 Superius
3275 1735 3491 1791 quoque
3520 1718 3599 1775 di-

335 1807 510 1879 ὄνομα
539 1808 826 1863 ἀκόλουθον
853 1807 919 1863 ἂν
949 1809 1055 1880 εἴη.
1090 1808 1260 1863 Τοῦτο
1298 1809 1355 1863 δὲ
1387 1809 1448 1863 τὸ
1492 1810 1662 1881 ὄνομα
1688 1810 1751 1863 τὸ
1783 1809 1917 1882 ὑπὲρ

2022 1815 2270 1883 cebatur,
2297 1828 2719 1885 permansurum
2744 1826 2868 1870 esse
2888 1826 3011 1868 cum
3042 1811 3158 1868 sole
3187 1820 3242 1867 et
3267 1820 3393 1867 ante
3408 1811 3595 1865 lunam

337 1903 450 1955 πᾶν
478 1900 648 1972 ὄνομα
679 1901 776 1954 καὶ
818 1901 924 1972 πρὸ
962 1901 1062 1972 τῆς
1090 1900 1183 1954 τοῦ
1216 1901 1422 1972 κόσμου
1458 1901 1769 1967 συστάσεως
1806 1898 1875 1975 ἦν
1899 1919 1913 1934 ·

333 1993 421 2047 διὸ
447 1992 688 2064 εἴρηται·
730 2011 749 2045 ι
787 1993 902 2065 Πρὸ
931 1993 1025 2047 τοῦ
1060 1992 1211 2065 ήλίου
1255 1994 1499 2064 διαμένει
1529 1994 1589 2047 τὸ
1620 1993 1790 2066 ὄνομα
1819 1995 1917 2048 αὐ-

336 2083 460 2140 τοῦ.
500 2102 520 2136 ι
555 2084 666 2137 Καὶ
705 2083 962 2157 ἀνωτέρω
990 2084 1046 2137 δὲ
1078 2085 1296 2155 ἐλέγετο
1344 2084 1793 2157 συμπαραμένειν
1839 2084 1918 2156 τῷ

339 2173 476 2245 ήλίῳ
508 2172 604 2227 καὶ
646 2173 753 2245 πρὸ
771 2174 869 2246 τῆς
899 2174 1128 2248 σελήνης
1148 2177 1228 2241 είς
1248 2175 1442 2246 γενεὰς
1469 2176 1691 2245 γενεῶν.
1726 2178 1920 2232 Ὂτιδὲ

333 2265 515 2320 ταῦτα
547 2266 608 2321 οὐ
645 2266 870 2322 δυνατὸν
906 2267 1072 2341 θνητῇ
1109 2270 1418 2342 ἐφαρμόσαι
1453 2269 1633 2339 φύσει,
1675 2270 1918 2340 φθάσαν-

335 2374 429 2422 τες
460 2356 562 2429 ήδη
612 2358 1053 2430 παρεστήσαμεν.
1102 2360 1258 2414 Μετὰ
1305 2359 1475 2414 ταῦτα
1527 2360 1584 2414 δὲ
1634 2360 1916 2414 λέλεκται·

340 2467 362 2500 ε
397 2448 512 2502 Καὶ
545 2447 1029 2522 ὲνευλογηθήσεται
1059 2451 1118 2504 ὲν
1148 2450 1298 2522 αὐτῷ
1339 2451 1518 2505 πάντα
1547 2451 1619 2504 τὰ
1664 2450 1789 2522 ἔθνη
1822 2450 1919 2520 τῆς

335 2544 464 2614 γῆς.
530 2562 548 2594 ι
615 2537 710 2606 Οἷς
767 2542 1111 2615 παραθήσεις
1169 2543 1259 2597 τὸν
1321 2544 1572 2614 φήσαντα
1629 2544 1768 2616 πρὸς
1830 2543 1921 2598 τὸν

350 2634 607 2707 Ἀϐραὰμ
649 2636 930 2706 χρησμόν·
977 2653 998 2687 ι
1031 2634 1142 2690 Καὶ⁵
1178 2635 1689 2708 ὲνευλογηθήσονται
1742 2638 1801 2690 ὲν
1841 2636 1921 2708 τῷ

336 2726 618 2797 σπέρματί
651 2744 746 2780 σου
785 2727 964 2781 πάντα
992 2727 1060 2782 τά
1104 2726 1230 2799 ἔθνη
1277 2727 1379 2798 τῆς
1417 2727 1540 2799 γῆς.
1581 2748 1599 2781 ι
1647 2729 1758 2783 Καὶ
1801 2727 1918 2796 θέα,

334 2819 490 2883 ὅπως
535 2820 568 2890 ή
614 2819 750 2889 πρὸς
808 2819 899 2874 τὸν
948 2819 1198 2893 Ἀϐραὰμ
1243 2820 1546 2889 ἐπαγγελία
1597 2820 1923 2890 ἐφυλάττετο

336 2910 486 2966 κατὰ
505 2911 732 2983 χρόνους
754 2912 1122 2987 άνανεουμένη
1149 2913 1215 2966 δι’
1247 2912 1475 2968 ἑκάστου
1506 2916 1802 2988 προφήτου.
1831 2914 1921 2985 Τῷ

336 3002 440 3074 μὲν
484 3002 595 3076 γάρ
636 3003 885 3076 Ἀϐραὰμ
931 3004 1133 3077 πρώτῳ
1182 3006 1401 3061 λέλεκτο
1421 3007 1517 3060 τό’
1555 3025 1574 3057 t
1615 3005 1923 3079 Εὐλογηθή-

334 3110 523 3150 σονται
555 3097 614 3149 ὲν
640 3095 719 3166 τῷ
749 3096 1021 3168 σπέρματί
1047 3114 1140 3151 σου
1174 3098 1349 3153 πάντα
1375 3098 1443 3152 τά
1464 3097 1590 3170 ἔθνη
1621 3099 1719 3170 τῆς
1749 3098 1914 3169 γῆς’»

337 3184 483 3256 μετὰ
511 3185 566 3238 δὲ
595 3185 772 3239 ταῦτα
804 3189 834 3241 6
871 3186 1070 3241 Ἰακὼϐ
1103 3187 1373 3255 θεσπίζων
1403 3190 1532 3259 περὶ
1557 3188 1651 3242 τοῦ
1684 3189 1919 3262 Χριστοῦ

331 3276 754 3350 ἀναγέγραπται
797 3279 1073 3353 εἰρηκώς’
1112 3299 1131 3333 ι
1182 3283 1299 3336 Οὐκ
1347 3281 1586 3352 ἐκλείψει
1632 3283 1815 3354 ἄρχων
1861 3282 1920 3351 ἐξ

347 3372 521 3427 ’ἰούδα
548 3374 652 3438 ἕως
679 3373 744 3428 ἂν
768 3373 896 3448 ἔλθῃ
927 3374 955 3428 ὂ
985 3376 1274 3431 ἀπόκειται
1306 3379 1417 3447 (1)·
1450 3378 1545 3432 καὶ
1573 3377 1732 3442 αὐτὸς
1771 3377 1922 3433 ἐσται

332 3464 638 3537 προσδοκία
662 3464 852 3522 ἐθνῶν.
905 3486 926 3520 ι
958 3468 1074 3522 Καὶ
1103 3470 1161 3522 ἐν
1188 3471 1301 3532 τοῖς
1340 3467 1477 3539 μετα
1510 3468 1683 3522 ταῦτα
1710 3469 1923 3540 χρόνοις

331 3554 496 3623 αὖθις
528 3557 744 3630 εἴρηται
784 3556 874 3611 διὰ
915 3556 1009 3611 τοῦ
1054 3556 1317 3630 Βαλαάμ*
1366 3577 1385 3611 ι
1433 3557 1800 3623 Ἐξελεύσεται
1830 3559 1927 3613 άν-

335 3651 559 3725 θρωπος
617 3652 683 3705 ὲκ
733 3649 830 3704 τοῦ
882 3650 1196 3723 σπέρματος
1248 3649 1432 3715 αὐτοῦ,
1490 3650 1584 3705 καὶ
1636 3651 1915 3723 κυριεύσει

334 3742 509 3797 ἐθνῶν
540 3742 767 3797 πολλῶν.
811 3762 832 3795 ι
866 3743 979 3797 Καὶ
1009 3744 1252 3815 Μωῦσῆς
1280 3744 1338 3800 δὲ
1368 3742 1477 3799 τῶν
1506 3743 1676 3798 ἐθνῶν
1722 3748 1780 3800 ἐν
1808 3745 1918 3819 ᾠδῇ

337 3833 553 3906 μεγάλῃ
603 3833 846 3905 μέμνητο
893 3834 1101 3904 λέγων’
1156 3854 1176 3887 ι
1216 3834 1593 3908 Εὐφράνθητε,
1629 3834 1755 3908 ἔθνη
1795 3835 1924 3900 λαὸς

334 3927 505 3981 αὐτοῦ
530 3944 544 3958 ο
605 3928 699 3982 καὶ
746 3927 1281 3999 προσκυνησάτωσαν
1340 3926 1491 3998 αὐτῷ
1548 3927 1751 3992 πάντες
1817 3929 1925 3982 υἱοὶ

335 4016 497 4071 Θεοῦ.
530 4037 550 4070 ι
579 4017 765 4082 Οὕτως
794 4013 887 4072 οὖν
912 4018 1006 4072 καὶ
1031 4018 1262 4072 ἐνταῦθα
1288 4018 1358 4073 τὰ
1384 4013 1522 4091 πρὸς
1550 4020 1642 4074 τὸν
1675 4020 1924 4092 Ἁϐραάμ

333 4109 430 4163 διά
477 4107 578 4165 τοῦ
618 4110 870 4184 χρησμοῦ
923 4110 1322 4183 τεθεσπισμένα
1372 4112 1816 4185 ἑπαναλαμϐάνει
1863 4114 1926 4168 τὸ

335 4203 518 4273 λόγιον
544 4202 793 4257 διδάσκον
814 4204 916 4258 οὐκ
943 4203 1117 4268 ἄλλως
1143 4204 1176 4276 ἢ
1209 4204 1296 4259 διὰ
1318 4205 1413 4259 τοῦ
1442 4203 1680 4277 Χριστοῦ
1706 4205 1811 4278 πλη
1821 4224 1926 4277 ρω-

336 4290 623 4363 θήσεσθαι,
669 4291 909 4362 φάσκονο
959 4311 979 4343 ι
1030 4292 1142 4347 Καὶ
1186 4294 1641 4365 εὐλογηθήσονται
1685 4296 1743 4349 ὲν
1776 4295 1924 4368 αὐτῷ

2020 1909 2077 1964 in
2136 1906 2522 1980 generationes
2572 1907 3012 1979 generationum.
3059 1902 3218 1971 Quod
3277 1917 3405 1958 vero
3458 1902 3595 1957 illud

2018 2000 2239 2056 mortali
2270 2007 2486 2055 naturae
2512 1998 2759 2069 coaptari
2792 2004 3051 2068 nequeat,
3093 1995 3206 2066 jam
3240 1995 3599 2067 comprobare

2019 2091 2436 2163 occupavimus.
2472 2089 2588 2146 Sub
2627 2091 2744 2146 haec
2772 2098 2955 2144 autem
2991 2087 3239 2144 dicitur:
3278 2105 3297 2140 ι
3336 2086 3404 2141 Et
3432 2087 3599 2143 bene-

2020 2181 2353 2250 dicenturin
2370 2183 2491 2255 ipso
2509 2197 2700 2239 omnes
2729 2187 2923 2253 gentes
2937 2187 3121 2237 terrae.
3157 2197 3177 2232 ι
3216 2178 3431 2247 Quibus
3460 2193 3597 2235 con-

2022 2272 2167 2330 feras
2206 2275 2368 2331 velim
2399 2275 2507 2330 hoc
2534 2278 2822 2331 oraculum
2851 2273 2922 2329 ad
2950 2273 3327 2329 Abrahamum
3362 2271 3551 2327 datum
3579 2290 3595 2327 :

2027 2384 2046 2417 ι
2076 2365 2142 2420 Ει
2198 2366 2596 2423 benedicentur
2643 2366 2701 2421 in
2761 2366 2970 2422 semine
3013 2374 3110 2421 tuo
3156 2379 3351 2421 omnes
3410 2371 3601 2435 gentes

2020 2458 2268 2515 terrae“.
2310 2478 2330 2512 ι
2366 2459 2433 2513 Ει
2483 2458 2776 2532 perpende,
2816 2472 3025 2530 quaso,
3058 2458 3483 2530 promissionem
3532 2457 3602 2513 ad

2020 2549 2394 2606 Ahrahamum
2440 2548 2665 2616 factam,
2716 2546 3078 2619 subsequenti
3114 2553 3366 2615 tempore
3406 2557 3599 2601 serva-

2019 2653 2155 2710 tam,
2186 2657 2252 2698 ac
2278 2657 2378 2713 per
2411 2640 2661 2713 singulos
2708 2637 3009 2710 prophetas
3049 2643 3365 2692 renovatam
3403 2634 3599 2692 fuisse.

2020 2734 2237 2792 Atenim
2279 2732 2593 2789 Abrahamo
2624 2731 2863 2803 primum
2891 2729 3099 2785 dictum
3138 2726 3281 2783 fuit:
3313 2745 3333 2779 ι
3366 2725 3601 2783 Benedi-

2021 2835 2222 2884 centur
2248 2826 2303 2881 in
2352 2825 2563 2882 semine
2589 2831 2688 2879 tuo
2731 2838 2925 2879 omnes
2963 2828 3152 2894 gentes
3196 2827 3376 2876 terrae.
3415 2838 3436 2872 ι
3469 2817 3602 2876 Post

2022 2917 2139 2974 haec
2160 2915 2332 2972 Jacoh
2358 2916 2427 2971 de
2459 2914 2681 2972 Christo
2706 2913 3017 2969 vaticinans
3046 2910 3257 2968 dixisse
3286 2908 3553 2967 scribitur
3578 2926 3595 2961 :

2029 3026 2047 3059 ι
2082 3005 2205 3062 Non
2237 3005 2454 3063 deﬁciet
2486 3004 2744 3076 princeps
2770 3018 2838 3060 ex
2870 3001 3034 3068 Juda,
3065 3001 3245 3059 donec
3273 2999 3458 3057 veniat
3498 3001 3592 3055 cui

2024 3099 2324 3171 repositum
2343 3106 2428 3154 est
2458 3116 2473 3153 :
2495 3104 2552 3154 et
2582 3098 2700 3168 ipse
2726 3096 2833 3152 erit
2862 3093 3201 3167 exspectatio
3226 3093 3467 3166 gentium
3481 3093 3547 3148 “.
3570 3111 3594 3147 ι

2025 3189 2339 3247 Secundum
2383 3189 2501 3245 haec
2533 3197 2783 3259 tempora
2816 3201 3039 3243 rursum
3070 3201 3102 3241 a
3124 3185 3350 3241 Balaam
3388 3186 3600 3242 dictum

2018 3289 2146 3338 est:
2187 3298 2209 3335 ι
2244 3281 2571 3353 Egredietur
2612 3280 2779 3336 homo
2810 3295 2876 3336 ex
2918 3278 3129 3336 semine
3159 3278 3303 3351 ejus,
3338 3288 3394 3335 et
3424 3269 3601 3332 domi-

2022 3374 2245 3430 nabitur
2263 3373 2521 3445 gentibus
2549 3371 2739 3428 multis
2757 3371 2823 3426 ".
2851 3390 2871 3422 ι
2914 3370 3125 3442 Moyses
3151 3370 3282 3425 item
3313 3370 3371 3425 in
3400 3383 3600 3441 magno

2022 3464 2236 3521 cantico
2260 3466 2504 3537 gentium
2520 3463 2769 3520 meminit
2783 3462 2973 3519 dicens
3002 3480 3058 3519 ι(
3089 3460 3393 3526 Ῑιωιεωὶηἰ,
3411 3469 3602 3532 gentes

2022 3557 2260 3628 populus
2289 3556 2410 3626 ejus
2445 3572 2460 3612 :
2493 3564 2548 3612 et
2569 3554 2797 3611 adorent
2831 3570 2956 3611 eum
2999 3569 3193 3611 omnes
3226 3553 3324 3609 ﬁlii
3357 3552 3447 3609 Dei
3466 3552 3532 3606 ⁵⁸.
3573 3573 3593 3605 ι

2020 3651 2117 3708 Sic
2146 3651 2316 3723 igitur
2343 3651 2451 3707 hoc
2494 3651 2617 3707 loco
2662 3666 2785 3722 quae
2830 3665 2927 3723 per
2962 3650 3245 3706 oraculum
3284 3649 3600 3705 Abrahamo

2024 3744 2393 3815 praenuntiata
2440 3743 2660 3798 fuerant
2694 3751 3071 3807 resumuntur,
3106 3741 3237 3797 dum
3270 3757 3334 3798 ea
3376 3757 3487 3797 non
3529 3742 3603 3798 ab

2021 3837 2130 3892 alio
2169 3853 2334 3911 quam
2378 3852 2411 3893 a
2448 3835 2671 3893 Christo
2716 3835 2992 3906 implenda
3031 3849 3157 3891 esse
3199 3834 3464 3890 docemur
3513 3834 3601 3888 bis

2018 3929 2207 3987 verbis
2240 3947 2257 3986 :
2294 3948 2314 3981 ι
2353 3927 2421 3984 Ει
2449 3927 2847 4001 benedicentur
2895 3927 2952 3981 in
3006 3926 3129 3998 ipso
3171 3940 3365 3982 omnes
3409 3933 3602 3997 gentes

2024 4033 2205 4079 terrae.
2242 4042 2261 4075 ι
2293 4020 2500 4077 Deinde
2522 4036 2652 4077 vero
2686 4021 2803 4075 ait:
2848 4038 2868 4071 ι
2905 4016 3111 4074 Omnes
3147 4024 3339 4089 gentes
3378 4018 3599 4074 beatum

2023 4114 2403 4187 praedicabunt
2434 4129 2584 4169 eum.
2624 4132 2643 4167 ›
2669 4111 2955 4180 Quomodo
2980 4112 3202 4167 beatum
3225 4108 3602 4180 praedicabunt

2022 4222 2148 4262 eum
2180 4222 2373 4263 omnes
2392 4204 2624 4278 gentes?
2650 4220 2746 4275 per
2765 4202 3158 4260 beatitudinem
3187 4214 3345 4256 suam
3366 4198 3600 4270 gratiam

2024 4299 2146 4370 ejus
2176 4298 2544 4355 declarantes.
3141 4306 3147 4319 '

336 4388 517 4442 πάντα
552 4386 621 4440 τὰ
652 4386 778 4459 έθνη
841 4387 941 4459 τῆς
971 4388 1096 4459 γῆς.
1130 4406 1149 4440 ι
1194 4385 1309 4442 Εἶθ’
1336 4389 1463 4459 ἑξῆς
1502 4407 1634 4462 φησι
1668 4407 1683 4421 ο
1720 4410 1739 4441 ι
1773 4391 1958 4446 Πάντα
1992 4393 2062 4447 τὰ
2105 4393 2230 4465 ἔθνη
2277 4391 2637 4463 μακαριοῢσιν
2674 4390 2857 4444 αὐτόν.
2895 4408 2915 4441 ι
2957 4388 3077 4452 Πῶς
3119 4388 3177 4442 δὲ
3240 4383 3599 4457 μακαριοῦσιν

335 4482 500 4538 αὐτὸν
522 4482 699 4537 πάντα
739 4484 805 4537 τὰ
838 4482 998 4553 ἔθνη;
1026 4482 1114 4538 διά
1142 4483 1242 4553 τῆς
1266 4484 1323 4537 ἐν
1355 4485 1539 4549 αὐτοῖς
1575 4486 1973 4559 μακαριότητος
1999 4489 2098 4560 τὴν
2125 4486 2185 4553 ἐξ
2205 4486 2369 4541 αὐτοῦ
2398 4487 2557 4558 χάριν
2598 4482 2962 4557 παριστῶντα.

414 4594 434 4626 ι
467 4573 770 4646 Εὐλογητὸς
801 4573 1005 4646 Κύριος
1040 4576 1068 4628 6
1098 4574 1229 4639 Θεὸς
1269 4576 1504 4648 Ἰσραὴλ,
1538 4579 1566 4631 6
1592 4578 1760 4631 ποιῶν
1784 4577 1917 4632 θαυ--

2095 4580 2261 4636 Vans.
2292 4579 2380 4644 18,
2408 4578 2499 4631 20.
2532 4595 2551 4628 ι
2578 4574 2907 4632 Benedictus
2944 4573 3207 4631 Dominus
3227 4573 3372 4631 Deus
3402 4571 3595 4641 Israel,

339 4664 512 4737 μάσια
542 4666 719 4740 μόνος..
762 4686 781 4719 ι
819 4665 1200 4737 Εὐλογούμενα
1226 4667 1295 4721 τά
1342 4667 1469 4740 ἔθνη
1506 4670 1565 4722 ἐν
1596 4668 1674 4739 τῷ
1706 4686 1921 4742 προφη-

333 4757 613 4829 τευομὲνῳ
639 4758 780 4812 κατὰ
808 4758 869 4810 τὸ
894 4757 1070 4826 λόγιον
1097 4758 1157 4811 τὸ
1187 4758 1364 4829 φῆσαν
1383 4776 1397 4789 ⁸
1435 4778 1454 4811 ί
1488 4761 1597 4813 Καὶ
1622 4761 1919 4832 suom“-

336 4865 523 4902 σονται
558 4852 616 4903 ὲν
659 4848 809 4915 αὐτῷ
846 4849 1022 4903 πάντα
1071 4848 1140 4902 τά
1185 4849 1345 4921 ἔθνη·
1388 4870 1406 4902 ι
1445 4850 1595 4917 αὔξει
1631 4852 1732 4925 τὴν
1779 4852 1920 4906 κατὰ

332 4940 472 4994 Θεὸν
494 4939 741 5010 αὔξησιν,
769 4941 861 4995 καὶ
882 4940 1130 5013 πληθύει,
1156 4942 1368 5013 καὶτῆς
1387 4943 1490 5014 γῆς
1512 4946 1916 5016 κατακυριεύει.

334 5034 538 5107 Διόπερ
572 5036 735 5105 φησὶν
755 5036 784 5088 6
811 5034 950 5101 θεῖος
978 5036 1297 5100 Ἀπὸστολος
1314 5053 1328 5067 ο
1366 5056 1384 5088 ι
1413 5037 1716 5110 Εὐλογητὸς
1737 5041 1766 5092 6
1787 5040 1918 5104 Θεὸς

331 5128 366 5180 6
406 5126 709 5198 εὐλογήσας
754 5129 902 5199 ἡμᾶς
933 5130 992 5183 ὲν
1038 5129 1188 5202 πάσῃ
1236 5128 1457 5200 εὐλογίᾳ
1488 5132 1850 5202 πνευματικῇ.
1893 5149 1913 5182 ι

333 5219 496 5273 Οὖτω
523 5219 582 5272 δὲ
613 5219 825 5289 ἔχοντα,
863 5221 1175 5289 άντευλογεῖ
1206 5220 1297 5273 τὸν
1323 5221 1423 5291 τῆς
1456 5222 1706 5291 εὐλογίας
1736 5223 1918 5286 αὐτοῖς

329 5308 511 5365 αἴτιον
537 5309 926 5380 γεγενημένον.
957 5311 1049 5364 Διὸ
1077 5309 1291 5381 πρῶτον
1324 5310 1422 5381 μὲν
1451 5309 1786 5381 ἐμακάριζον
1817 5311 1917 5363 αὐ-

285 5420 293 5433 ο
329 5403 447 5464 τὸν,
482 5397 601 5455 εἶτα
644 5402 738 5456 καὶ
778 5402 1019 5472 εὐλογεῖν
1057 5402 1364 5457 διδάσκεται
1409 5400 1499 5455 διά
1549 5399 1643 5453 τοῦ
1702 5400 1915 5470 λέγειν·

336 5512 357 5544 ε
399 5493 707 5566 Εὐλογητὸς
733 5494 936 5566 Κύριος
966 5496 995 5548 6
1020 5494 1152 5558 Θεὸς
1194 5492 1429 5566 Ἰσραὴλ,
1456 5495 1485 5548 6
1513 5492 1682 5547 ποιῶν
1704 5493 1913 5565 θαυμά-

334 5600 429 5638 σια
477 5584 655 5649 μόνος.
700 5604 718 5637 ι
767 5583 1043 5647 Ἐπιτήρει
1086 5585 1164 5654 δὲ,
1207 5585 1283 5650 ὡς
1330 5586 1556 5641 ἕκαστον
1612 5585 1778 5657 μέρος
1816 5585 1912 5656 τῆς

407 5685 453 5713 *⁸
477 5683 616 5736 Gen.
643 5697 785 5741 xm.
819 5682 904 5737 18.
981 5680 1180 5741 “Gen.
1213 5699 1358 5741 μιν.
1389 5685 1469 5740 tu.

411 5784 460 5832 tl
471 5790 490 5847 )
526 5774 666 5848 Lege
695 5771 1069 5847 ᾧάποκενται.

2023 4674 2117 4744 qui
2179 4671 2312 4727 facit
2364 4669 2637 4725 mirabilia
2696 4668 2869 4722 solus.
2915 4686 2933 4719 ι
2970 4670 3106 4722 Cum
3160 4679 3351 4738 gentes
3402 4667 3457 4721 in
3504 4682 3593 4733 eo,

2022 4780 2185 4835 quem
2220 4762 2504 4835 prophetia
2527 4760 2753 4823 indicat,
2786 4758 3220 4815 benedictionem
3257 4758 3592 4830 acceperint,

2021 4869 2185 4931 prout
2218 4856 2483 4928 superius
2511 4854 2781 4910 habetur:
2815 4871 2832 4905 ‹
2870 4852 2934 4907 Et
2954 4852 3348 4910 benedicentur
3378 4852 3434 4908 in
3475 4852 3596 4925 ipso

2021 4963 2214 5005 omnes
2268 4953 2492 5019 gentes;
2545 4964 2564 4998 ι
2596 4943 2914 5000 accessione
2975 4950 3234 4999 crescunt
3292 4941 3595 4999 secundum

2022 5038 2216 5103 Deum,
2263 5034 2705 5105 multiplicantur
2737 5044 2792 5089 et
2835 5042 2996 5088 terra:
3039 5032 3416 5088 dominantur.
3448 5032 3597 5098 Qua-

2014 5132 2241 5197 propter
2263 5125 2343 5178 ait
2382 5121 2605 5178 divinus
2637 5123 2934 5192 Apostolus
2969 5142 2981 5177 :
3019 5141 3037 5173 ‹
3071 5121 3396 5179 Benedictus
3429 5121 3592 5184 Deus.

2015 5215 2110 5285 qui
2134 5213 2410 5270 benedixit
2428 5228 2530 5270 nos
2553 5213 2609 5268 in
2626 5213 2777 5269 omni
2794 5214 3177 5270 benedictione
3201 5212 3472 5286 spirituali
3490 5212 3553 5265 ⁸⁸.
3568 5230 3588 5261 ι

2017 5308 2154 5364 Cum
2187 5308 2262 5361 ita
2292 5321 2461 5377 porro
2501 5321 2562 5363 se
2594 5321 2686 5363 res
2712 5306 2933 5367 habeat.
2966 5306 3366 5362 benedictionis
3398 5308 3593 5357 aucto-

2016 5414 2130 5453 rem
2160 5414 2194 5454 e
2236 5412 2507 5453 converso
2560 5397 2913 5453 benedicunt.
2943 5397 3126 5463 Quare
3164 5396 3340 5467 primo
3369 5391 3589 5463 quidem

2018 5491 2238 5547 beatum
2262 5489 2571 5559 praedicant
2591 5503 2715 5544 eum
2738 5471 2768 5555 ;'
2787 5488 2987 5544 deinde
3025 5481 3382 5542 benedicendi
3415 5481 3591 5537 ratio-

2018 5599 2142 5639 nem
2181 5582 2481 5639 educentur
2530 5581 2614 5636 his
2638 5580 2821 5638 verbis
2852 5599 2865 5636 :
2901 5597 2920 5632 ι
2956 5577 3280 5634 Benedictus
3327 5574 3590 5633 Dominus

1549 5683 1593 5717 ⁵⁷
1627 5680 1786 5739 Num.
1831 5697 1981 5749 xxiv,
2014 5681 2097 5737 l9.
2178 5682 2220 5716 ⁸⁸
2246 5681 2383 5737 Deut
2442 5694 2610 5745 xxxn,
2646 5676 2736 5734 65.
2804 5677 2845 5710 επ
2882 5674 3079 5745 Epizes.
3117 5690 3155 5731 l.
3190 5674 3241 5730 3.
