4014 6206
517 279 626 347 8'l9

1192 290 1463 350 EUSEBII
1495 295 1975 357 CESARIENSIS
2010 300 2161 359 OPP.
2201 300 2382 359 PARS
2418 300 2508 359 III.
2539 333 2609 345 -—
2647 300 3063 359 EXEGETICA.
3613 308 3696 365 8‘20

523 402 669 462 Deus
706 400 895 468 Israel,
940 404 1035 476 qui
1074 404 1204 461 facit
1242 408 1512 465 mirabilia
1564 412 1737 469 solus.
1791 435 1810 467 ι
1844 413 2088 473 Observa

2204 417 2373 473 Βίϐλου
2400 419 2506 473 τῶν
2518 419 2764 490 Ψαλμῶν
2798 420 2884 484 εἰς
2908 420 3091 491 ὅμοιον
3115 421 3399 491 καταλήγει
3433 422 3583 486 τέλος.
3610 423 3696 477 Τοῦ

522 511 687 567 porro
712 496 958 568 singulas
993 498 1121 554 libri
1155 497 1499 557 Psalmorum
1536 514 1721 575 partes
1766 508 2000 563 similem
2036 510 2091 565 in

522 591 684 644 tinem
708 589 981 648 desinere.
1019 590 1153 647 Nam
1185 594 1377 663 primae
1405 598 1579 666 partis
1606 608 1917 669 postremus
1949 604 2095 672 psal-

525 701 647 740 mus
684 692 804 740 erat
842 684 1322 757 quadragesimus,
1371 689 1465 760 qui
1512 691 1593 746 sic
1638 692 1692 746 in
1726 692 1831 748 fine
1878 694 2040 750 habet
2076 714 2089 750 :

528 792 546 824 ι
562 773 882 830 Benedictus
898 773 1159 832 Dominus
1175 775 1317 834 Deus
1339 777 1505 836 Israel
1524 796 1591 836 ex
1610 799 1752 838 nunc
1772 794 1823 839 et
1842 785 1894 840 in
1917 802 2090 842 sacu-

519 866 657 933 Ium,
679 868 792 934 fiat,
815 867 960 923 fiat.»
983 868 1251 926 Secundae
1279 872 1453 941 partis
1482 874 1708 932 ultimus
1734 885 1819 931 est
1844 877 1933 933 hic
1956 880 2097 949 psal-

506 976 667 1024 Jnus,
700 961 794 1032 qui
827 961 1080 1019 similiter
1102 962 1157 1018 in
1192 962 1299 1018 fine
1315 964 1481 1019 dicit:
1511 986 1529 1017 ι
1552 966 1881 1024 Benedictus
1912 968 2098 1024 Domi-

502 1067 627 1109 .nus
662 1053 804 1109 Deus
849 1051 1037 1115 Israel,
1069 1054 1161 1125 qui
1215 1054 1349 1108 facit
1403 1056 1677 1113 mirabilia
1709 1061 1882 1116 solus.
1905 1061 1970 1114 Et
1998 1061 2094 1117 be-

522 1145 807 1204 nedictum
856 1162 1057 1203 nomen
1111 1148 1298 1218 gloriae
1331 1148 1473 1219 ejus,
1507 1169 1525 1202 ι
1569 1158 1624 1206 et
1653 1161 1869 1208 caetera.
1901 1152 2098 1211 Tertia:

504 1240 696 1310 partis
754 1248 1068 1311 postremus
1122 1248 1208 1298 est
1268 1258 1534 1308 Luxvm,
1576 1245 1735 1315 cujus
1792 1245 1917 1302 linis
1964 1255 2092 1303 est:

525 1352 547 1386 ι
582 1332 908 1388 Benedictus
939 1333 1200 1390 Dominus
1260 1336 1313 1390 in
1371 1337 1629 1393 smeulum
1688 1358 1699 1393 :
1749 1339 1863 1406 fiat,
1920 1338 2034 1394 fiat.
2073 1361 2091 1392 ι

522 1423 651 1480 Item
675 1433 884 1494 quarta:
908 1426 1079 1495 partis
1108 1427 1331 1483 ultimus
1359 1435 1445 1483 est
1468 1443 1555 1493 cv,
1584 1429 1749 1499 hujus
1767 1445 1896 1485 vero
1926 1431 2050 1486 finis
2080 1448 2094 1483 :

527 1535 546 1567 ι
583 1516 912 1574 Benedictus
966 1518 1231 1575 Dominus
1292 1519 1433 1577 Deus
1488 1521 1654 1579 Israel
1717 1538 1748 1577 a
1793 1524 1994 1578 saaculo
2046 1531 2100 1579 et

524 1625 699 1681 usque
725 1610 781 1665 in
815 1612 1098 1677 smculum,
1143 1620 1197 1668 et
1230 1614 1371 1669 dicet
1424 1613 1605 1670 omnis
1640 1614 1873 1684 populus
1906 1633 1919 1669 :
1960 1614 2099 1680 Fiat,

522 1705 638 1762 fiat.
669 1723 688 1756 ι
715 1703 915 1771 Quinta
956 1720 1085 1777 pars
1112 1714 1293 1761 autem
1321 1706 1374 1760 in
1412 1725 1430 1757 ι
1456 1706 1670 1759 alleluia
1698 1727 1715 1757 ι
1754 1708 2097 1771 terminatur,

522 1813 633 1868 quo
663 1805 812 1853 totus
832 1798 972 1853 liber
1011 1796 1505 1854 circumscribitur.
1550 1797 1813 1853 Cancrum
1855 1814 2097 1869 praesens
2130 1783 2171 1840 Β

521 1890 766 1960 psalmus
799 1898 923 1962 post
945 1898 1302 1946 memoratam
1329 1889 1398 1945 de
1419 1888 1641 1946 Christo
1669 1889 2096 1960 prredictionem,

523 1982 711 2053 adjicit
739 1982 870 2037 illud
905 2001 917 2036 :
958 2001 980 2033 ι
1014 1981 1343 2037 Benedictus
1371 1980 1635 2037 Dominus
1674 1981 1819 2038 Deus
1847 1981 2038 2047 Israel,
2075 2003 2095 2036 ι

523 2074 840 2144 subditque,
878 2092 896 2126 ι
932 2075 1025 2144 qui
1050 2074 1180 2129 facit
1215 2074 1485 2129 mirabilia
1518 2076 1687 2132 solus.
1728 2096 1747 2126 ι
1780 2075 2101 2151 Quaegmira-

525 2165 679 2231 bilia,
710 2165 817 2220 nisi
840 2181 904 2222 ea
923 2182 1043 2237 quae
1073 2168 1327 2237 superius
1347 2167 1508 2221 allata
1526 2178 1656 2224 sunt
1689 2186 1701 2220 :
1723 2171 1866 2239 quod
1892 2170 2102 2227 scilicet

525 2256 895 2315 descensurus
919 2262 992 2315 sit
1016 2262 1158 2317 sicut
1178 2262 1360 2333 pluvia
1385 2263 1442 2317 in
1463 2263 1661 2327 vellus,
1712 2264 2099 2320 bumiliaturus

528 2354 602 2407 sit
660 2342 1137 2418 éalumnialorem,
1196 2355 1342 2426 quod
1411 2371 1804 2426 permansuros
1854 2357 1924 2413 sit
1972 2373 2096 2411 eum

528 2445 651 2500 sole
678 2462 692 2508 ;
732 2445 880 2516 quod
909 2446 965 2500 in
982 2447 1177 2503 diebus
1203 2447 1324 2516 ejus
1350 2450 1561 2504 oritura
1590 2450 1663 2505 sit
1688 2451 1923 2520 justitia,
1954 2450 2099 2521 quod

524 2536 910 2595 dominaturus
929 2542 1001 2594 sit
1023 2554 1054 2594 a
1071 2542 1211 2596 mari
1235 2542 1303 2598 ad
1324 2558 1472 2599 mare
1487 2550 1508 2608 ;'
1522 2545 1665 2614 quod
1688 2542 1931 2598 futurum
1955 2544 2022 2598 sit
2044 2552 2102 2598 ut

527 2629 814 2701 Ethiopes
846 2631 1135 2702 procidant
1158 2649 1344 2690 coram
1376 2635 1509 2701 illo;
1541 2635 1685 2707 quod
1718 2636 1861 2691 dona
1891 2634 1993 2706 ipsi
2033 2651 2098 2690 ex

522 2721 782 2779 omnibus
806 2724 1061 2794 gentibus
1092 2723 1366 2780 aﬂerenda
1416 2727 1557 2793 sint;
1591 2726 1736 2797 quod
1785 2725 1949 2780 etiam
1986 2726 2102 2795 ipse

524 2815 927 2869 ﬁrmamentum
957 2814 1172 2872 futurus
1211 2816 1283 2872 sit
1307 2816 1363 2870 in
1421 2824 1586 2882 terra,
1633 2826 1686 2873 et
1728 2817 1941 2872 fructus
1980 2818 2101 2885 ejus

526 2921 693 2976 super
720 2904 989 2962 Libanum
1030 2907 1356 2963 exaltandus
1379 2908 1485 2974 sit;
1510 2916 1564 2963 et
1591 2908 1793 2963 similia
1823 2924 1944 2978 quae
1998 2910 2101 2964 sub

524 2996 643 3052 haec
677 2998 1330 3066 enumerantur‘louibus
1358 3001 1616 3055 omnibus
1643 3000 1709 3054 ad
1736 3001 1851 3055 haec
1870 3000 2099 3056 dicenda

520 3087 903 3143 iustituimur:
934 3108 953 3141 ι
976 3089 1301 3148 Benedictus
1328 3090 1591 3148 Dominus
1614 3091 1757 3149 Deus
1792 3092 1980 3156 Israel,
2004 3094 2099 3164 qui

2198 513 2296 582 μὲν
2325 512 2430 584 γὰρ
2467 510 2679 583 πρώτου
2715 513 2914 584 μέρους
2942 512 3246 577 τελευταῖος
3275 508 3341 582 ἦν
3369 514 3396 564 6
3429 520 3494 583 μ’,
3518 509 3571 567 06
3594 515 3699 585 πρὸς

2192 603 2273 674 τῷ
2293 602 2431 656 τέλει
2467 602 2680 671 ἐλέγετο
2695 620 2707 635 ·
2736 622 2754 653 ι
2786 603 3088 672 Εὐλογητὸς
3119 601 3317 672 Κύριος
3338 603 3367 655 6
3388 600 3509 665 Θεὸς
3531 602 3704 675 Ἰσραὴλ

2194 694 2416 749 ἀπὸτοῦ
2449 694 2543 748 νῦν
2569 695 2663 748 καὶ
2701 697 2781 759 εἰς
2823 695 2913 748 τὸν
2956 694 3145 747 αἰῶνα·
3181 694 3401 762 γένοιτο,
3438 694 3649 760 γένοιτο·
3686 715 3700 746 ι

2194 786 2289 840 τοῦ
2331 787 2387 840 δὲ
2420 786 2672 859 δευτέρου
2699 785 2999 850 τελευταῖος
3027 782 3095 856 ἦν
3126 787 3153 839 6
3186 785 3320 856 μετὰ
3351 787 3522 856 χεῖρας
3548 786 3708 855 ὁμοίως

2197 881 2289 933 ἐπὶ
2319 880 2397 949 τῷ
2445 880 2589 934 τέλει
2640 879 2846 949 λέγων·
2905 899 2923 931 ‹
2974 878 3276 949 Εὐλογητὸς
3312 879 3503 949 Κύριος
3542 881 3566 932 6
3606 878 3710 941 Θεὸς

2210 971 2425 1045 Ἰσραὴλ
2470 974 2499 1025 6
2533 972 2700 1025 ποιῶν
2732 972 3005 1043 θαυμάσια
3051 971 3227 1042 μόνος.
3257 971 3366 1023 Καὶ
3390 968 3640 1038 εὐλογητὸν
3665 966 3711 1020 τὸ

2196 1066 2365 1137 ὄνομα
2396 1067 2496 1137 τῆς
2525 1065 2683 1136 δόξης
2713 1063 2898 1128 αὐτοῦ,
2942 1083 2960 1116 ι
3012 1066 3105 1119 καὶ
3134 1064 3202 1118 τὰ
3246 1063 3400 1135 ἑξῆς·
3428 1061 3513 1115 τοῦ
3546 1061 3595 1115 δὲ
3618 1060 3712 1133 τρί-

2195 1173 2292 1211 του
2346 1157 2543 1230 μέρους
2591 1156 2896 1220 τελευταῖος
2945 1158 2973 1210 6
3021 1163 3112 1228 πη⁹
3163 1156 3435 1226 τυγχάνει,
3485 1148 3540 1207 οῦ
3565 1152 3711 1216 τέλος·

2205 1269 2223 1301 r
2246 1250 2563 1322 Εὐλογητὸς
2584 1250 2786 1323 Κύριος
2819 1252 2900 1314 εἰς
2923 1249 3015 1303 τὸν
3040 1248 3228 1303 αἰῶνα·
3255 1249 3473 1318 γένοιτο,
3495 1246 3707 1315 γένοιτο.»

2212 1342 2440 1413 Ὁμοίως
2467 1342 2524 1394 δὲ
2553 1342 2647 1396 καὶ
2681 1341 2777 1394 τοῦ
2807 1341 3067 1413 τετάρτου
3100 1341 3299 1413 μέρους
3333 1339 3605 1400 τελευταῖος
3629 1335 3709 1407 μὲν

2201 1434 2347 1487 ἐστιν
2377 1437 2406 1487 6
2431 1441 2528 1507 ρε’,
2557 1434 2706 1498 τέλος
2738 1433 2795 1487 δὲ
2837 1434 3025 1487 τούτου
3048 1451 3061 1465 ·
3102 1452 3122 1484 ι
3163 1430 3463 1500 Εὐλογητὸς
3491 1430 3651 1500 Κύριος
3681 1430 3705 1482 6

2199 1526 2332 1590 Θεὸς
2370 1526 2583 1598 Ἰσραὴλ
2614 1526 2721 1581 ἀπὸ
2764 1525 2857 1579 τοῦ
2902 1525 3097 1589 αἰῶνος
3138 1525 3234 1579 καὶ
3283 1525 3386 1587 ἕως
3417 1521 3503 1575 τοῦ
3540 1520 3703 1583 αἰῶνος,

2202 1618 2296 1671 καὶ
2328 1619 2445 1690 ὲρεί
2475 1619 2583 1681 πᾶς
2599 1619 2636 1671 6
2663 1617 2810 1680 λαός·
2832 1617 3072 1681 Γένοιτο,
3106 1617 3336 1685 γένοιτο.
3381 1634 3399 1668 ι
3430 1614 3497 1667 Τὸ
3533 1613 3582 1666 δὲ
3603 1611 3710 1682 πέμ-

2204 1727 2335 1763 πτον
2362 1709 2530 1781 μέρος
2556 1712 2634 1773 εἰς
2655 1708 2715 1763 τὸ
2745 1728 2764 1760 ‹
2803 1707 3092 1779 ἀλληλούῖα
3131 1728 3148 1759 ι
3185 1706 3494 1777 καταλήγει,
3522 1706 3570 1757 ὲν
3588 1697 3624 1770 ᾧ
3642 1701 3714 1755 καὶ

2201 1801 2352 1855 πᾶσα
2392 1800 2827 1872 περιγέγραπται
2861 1801 2894 1870 ή
2936 1797 3135 1869 βίϐλος.
3187 1797 3331 1868 Πλὴν
3368 1798 3395 1849 6
3418 1792 3587 1867 παρὼν
3610 1790 3715 1863 μετὰ

2199 1893 2298 1963 τὴν
2324 1893 2745 1963 προεκτεθετσαν
2776 1889 3018 1962 περὶτοῦ
3056 1891 3295 1962 Χριστοῦ
3321 1888 3599 1959 πρόρρησιν
3625 1885 3716 1936 ἐπι-

2201 1986 2357 2056 φέρει
2384 1985 2464 2037 τό·
2501 2005 2519 2037 ι
2551 1983 2855 2056 Εὐλογητὸς
2885 1982 3087 2056 Κύριος
3119 1984 3150 2037 6
3178 1981 3310 2045 Θεὸς
3350 1978 3566 2051 Ἰσραήλ,
3595 1995 3611 2028 ι
3643 1973 3716 2029 καὶ

2201 2075 2524 2147 προστίθησι
2553 2077 2634 2140 τὸ,
2672 2095 2691 2127 ι
2720 2078 2749 2129 6
2794 2075 2958 2129 ποιῶν
2986 2074 3267 2145 θαυμάσια
3298 2073 3469 2144 μόνος.
3497 2090 3514 2122 ι
3546 2064 3717 2124 Ποῖαδὶ

2201 2168 2498 2239 θαυμάσια,
2526 2168 2559 2239 ἢ
2596 2167 2665 2221 τὰ
2694 2167 3054 2240 προλεχθέντα
3078 2170 3139 2221 ὲν
3162 2160 3244 2230 οἷς
3282 2161 3347 2235 ἦν
3380 2164 3439 2217 τὸ
3473 2158 3720 2229 καταϐήσε-

2205 2260 2325 2314 σθαι
2353 2261 2514 2315 αὐτὸν
2554 2261 2646 2315 ἐπὶ
2684 2260 2847 2314 πόκον
2878 2260 2954 2323 ὡς
2992 2258 3169 2322 ὑετὸν,
3217 2257 3310 2311 καὶ
3341 2255 3400 2309 τὸ
3437 2250 3719 2307 ταπεινῶσαι

2205 2350 2567 2423 συκοφάντην,
2606 2351 2700 2405 καὶ
2749 2350 2811 2404 τὸ
2853 2351 3307 2422 συμπαραμενεῖν
3351 2346 3424 2418 τῷ
3460 2346 3609 2417 ἡλίῳ·
3648 2338 3721 2393 καὶ

2200 2442 2263 2497 τὸ
2290 2445 2347 2496 ὲν
2372 2445 2492 2506 ταῖς
2520 2441 2757 2514 ἡμέραις
2783 2439 2947 2494 αὐτοῦ
2974 2439 3258 2494 ἀνατελεῖν
3289 2434 3622 2502 δικαιοσύνην,
3649 2428 3722 2483 καὶ

2199 2538 2262 2591 τὸ
2294 2534 2747 2608 κατακυριεύσειν
2777 2534 2939 2587 αὐτὸν
2984 2532 3094 2587 ἀπὸ
3128 2531 3406 2602 θαλάσσης
3445 2528 3541 2590 ἓως
3563 2523 3722 2578 θαλάσ-

2205 2646 2304 2701 σης
2326 2646 2342 2661 ·
2367 2630 2492 2693 τοὺς
2520 2627 2782 2690 Αἰθίοπας
2808 2626 3134 2697 προπίπτειν
3155 2624 3390 2678 ἐνώπιον
3415 2618 3563 2676 αὐτοῦ
3579 2635 3591 2649 ·
3610 2612 3726 2685 δῶρά

2201 2739 2261 2775 τε
2307 2719 2456 2791 αὐτῷ
2498 2716 2973 2792 προσαχθήσεσθαι
3019 2716 3077 2782 ἐξ
3120 2715 3384 2770 ἁπάντων
3421 2713 3519 2766 τῶν
3559 2706 3719 2762 ἐθνῶν·

2202 2813 2339 2869 ἀλλὰ
2377 2815 2467 2867 καὶ
2505 2813 2566 2866 τὸ
2603 2814 2876 2884 στήριγμα
2908 2811 3068 2864 αὐτὸν
3111 2810 3167 2862 ὲν
3210 2811 3276 2879 τῇ
3321 2809 3389 2878 γῇ
3433 2797 3721 2875 γενήσεσθαι.

2202 2907 2298 2961 καὶ
2324 2905 2415 2959 τὸν
2438 2905 2651 2976 καρπὸν
2686 2902 2850 2956 αὐτοῦ
2879 2902 3018 2974 ὑπὲρ
3050 2901 3141 2955 τὸν
3173 2900 3406 2953 Λίϐανον
3429 2891 3722 2969 ἀρθήσεσθαι.

2202 2999 2297 3054 καὶ
2336 2999 2436 3052 ὅσα
2483 2997 2618 3051 ἄλλα
2658 2995 2868 3059 τούτοις
2911 2994 3039 3065 ὲξῆς
3083 2992 3524 3064 κατηρίθμηται;
3564 2987 3633 3055 ἐφ’
3662 2977 3725 3044 οἷς

2205 3094 2338 3148 πᾶσι
2368 3090 2729 3164 διδασκόμεθα
2751 3089 2927 3159 λέγειν
2946 3105 2959 3120 ·
2989 3107 3007 3140 ι
3031 3087 3346 3159 Εὐλογητὸς
3374 3084 3557 3156 Κύριος
3580 3076 3725 3138 ὁθεὸς

522 3176 659 3236 facit
687 3179 959 3235 mirabilia
990 3182 1161 3237 solus.
1195 3181 1257 3235 Et
1303 3183 1652 3239 benedictum
1692 3199 1889 3239 nomen
1916 3184 2101 3255 gloriae

2218 3185 2432 3259 Ἰσραὴλ
2454 3186 2483 3238 6
2521 3183 2690 3237 ποιῶν
2723 3182 3001 3253 θαυμάσια
3036 3180 3223 3251 μόνος.
3263 3179 3371 3233 Καὶ⁵
3401 3170 3649 3243 εὐλογητὸν

523 3270 648 3342 ejus
696 3270 751 3327 in
783 3280 1069 3329 aeternum.
1100 3292 1119 3327 ι
1154 3273 1363 3330 Nomen
1395 3282 1575 3330 autem
1620 3276 1808 3348 gloria:
1845 3278 1964 3349 ejus
2017 3289 2102 3336 est

524 3362 703 3421 deitas
730 3365 867 3435 ejus.
900 3364 958 3421 Si
990 3367 1135 3422 enim
1170 3365 1313 3438 quod
1344 3376 1531 3422 natum
1558 3375 1643 3423 est
1679 3384 1743 3424 ex
1782 3368 2103 3424 sanetaVir-

525 3457 677 3532 gine,
709 3457 840 3514 Jesu
865 3459 1090 3515 nomine
1118 3459 1399 3530 dignatum
1423 3470 1505 3516 est
1536 3462 1839 3517 secundum
1875 3460 2103 3519 Gabrie-

525 3544 656 3611 Iem,
679 3548 772 3618 qui
814 3548 891 3602 ait
931 3548 1000 3603 ad
1017 3547 1258 3619 Ioseph:
1306 3567 1325 3601 ι
1365 3547 1430 3605 Et
1483 3551 1657 3620 pariet
1703 3550 1895 3616 tilium,
1920 3559 1974 3607 et
2001 3570 2101 3606 vo-

523 3638 680 3694 cabis
710 3654 910 3695 nomen
943 3639 1064 3710 ejus
1109 3638 1295 3695 Iesum
1330 3659 1343 3693 :
1369 3640 1488 3711 ipse
1512 3637 1680 3695 enin1'
1701 3641 1911 3697 salvum
1943 3641 2102 3698 faciet

524 3729 786 3802 populum
810 3745 971 3786 suum
1006 3746 1036 3785 a
1061 3730 1300 3802 peccatis
1324 3746 1512 3787 eorum
1537 3732 1615 3800 '9;
1648 3751 1665 3784 ι
1697 3732 1828 3788 hinc
1857 3734 2103 3804 sequitur

528 3837 728 3878 nomen
758 3822 948 3894 gloriae
963 3821 1107 3891 ejus,
1134 3821 1515 3892 accipiendum
1564 3837 1688 3880 esse
1732 3823 1799 3880 de
1831 3825 2102 3896 theologia

527 3913 739 3986 ipsius,’
755 3931 862 3985 qua
894 3915 1037 3971 Deus
1059 3912 1297 3970 Verbum
1314 3922 1369 3970 et
1385 3916 1700 3987 unigenitus
1722 3916 1884 3986 Deus,
1900 3919 1991 3989 qui
2018 3926 2102 3974 est

526 4004 585 4063 In
615 4005 738 4059 sinu
764 4004 965 4071 Patris,
995 4004 1340 4076 intelligitur.
1377 4006 1559 4073 Quare
1575 4008 1775 4063 dehinc
1804 4010 2099 4080 adjicitur:

532 4114 556 4153 ι
576 4098 641 4152 Ει
665 4098 966 4168 replebitur
997 4099 1172 4171 gloria
1202 4101 1325 4170 ejus
1345 4101 1525 4156 omnis
1561 4109 1727 4156 terra.
1750 4121 1768 4153 ι
1808 4102 1940 4157 Nam
1973 4103 2099 4156 olim

525 4190 749 4265 quidem
785 4209 804 4243 ι
832 4192 887 4246 in
917 4192 1123 4249 mundo
1159 4200 1277 4250 erat
1303 4201 1359 4252 et
1404 4193 1643 4249 mundus
1668 4211 1767 4266 per
1797 4195 1974 4266 ipsum
2018 4196 2102 4250 fa-

526 4294 650 4339 ctus
671 4290 776 4347 est,
795 4289 849 4339 et
878 4282 1116 4340 mundus
1143 4299 1266 4340 eum
1289 4301 1397 4341 non
1432 4287 1687 4357 cognovit
1707 4286 1770 4339 τι.
1789 4306 1806 4339 ι
1834 4285 2100 4353 Quoniam

527 4391 658 4431 vero
684 4392 753 4432 ne
782 4374 955 4433 Judmi
972 4377 1213 4449 quidem,
1252 4378 1409 4450 queis
1442 4386 1591 4432 tanta
1630 4379 1873 4450 prodigia
1916 4388 2103 4436 osten-

529 4466 1078 4541 derat,cognitionem
1101 4471 1222 4542 ejus
1248 4471 1606 4543 recipiebant,
1628 4471 1752 4543 jure
1776 4474 1843 4528 ad
1865 4472 2101 4546 Moysem

2206 3256 2514 3350 ὄνομαήτῆς
2551 3274 2709 3344 δόξης
2739 3271 2904 3327 αὐτοῦ
2946 3272 3026 3335 εἰς
3070 3271 3162 3324 τὸν
3210 3271 3400 3324 αἰῶνα.
3434 3287 3451 3320 ι
3487 3267 3653 3350 Ὀνυμᾲ

2205 3344 2363 3437 δόξης
2389 3344 2552 3419 αὐτοῦ
2582 3367 2615 3435 ή
2652 3363 2844 3434 θεότης
2873 3358 3035 3415 αὐτοῦ
3061 3359 3326 3431 τυγχάνει
3349 3376 3362 3389 ·
3389 3359 3433 3411 εἰ
3456 3355 3544 3427 γὰρ
3568 3350 3616 3405 τὸ
3636 3344 3722 3402 ὑπὸ

2206 3460 2307 3529 τῆς
2337 3458 2497 3527 ἁγίας
2537 3455 2813 3527 Παρθένου
2854 3452 3227 3523 γεγενημένον
3260 3451 3508 3523 ὀνόματος
3540 3442 3723 3513 ήξίωται

2206 3552 2301 3605 τοῦ
2339 3548 2514 3620 Ἰησοῦ
2543 3548 2683 3601 κατὰ
2712 3546 2802 3599 τὸν
2831 3543 3072 3616 Γαϐριὴλ
3093 3545 3352 3615 φήσαντα
3384 3541 3508 3614 πρὸς
3529 3536 3604 3589 τὸν
3635 3533 3729 3585 ἰωρ

2210 3646 2318 3715 σήφ
2342 3661 2355 3671 ’
2396 3662 2414 3695 ‘
2457 3641 2568 3696 καὶ
2602 3640 2813 3707 τέξεται
2838 3639 2973 3702 υἱὸν,
3001 3638 3095 3691 καὶ
3128 3638 3382 3700 καλέσεις
3406 3634 3462 3688 τὸ
3491 3633 3636 3698 ὄνομα
3658 3622 3725 3715 at):

2206 3709 2305 3789 τοῦ
2340 3732 2578 3806 Ἰησοῦν·
2622 3730 2784 3794 αὐτὸς
2821 3730 2930 3801 γὰρ
2967 3727 3127 3782 σώσει
3170 3731 3270 3784 τὸν
3313 3727 3436 3781 λαὸν
3471 3717 3610 3777 αὐτοῦ
3644 3709 3727 3768 ἀπὸ

2206 3827 2314 3880 τῶν
2342 3824 2622 3899 ἁμαρτιῶν
2654 3824 2817 3879 αὐτοῦ
2844 3840 2857 3853 ·
2891 3842 2909 3875 ι
2952 3819 3251 3884 ἀκόλουθόν
3279 3824 3392 3875 ἐστι
3418 3819 3475 3871 τὸ
3494 3814 3580 3885 τῆς

2208 3919 2372 3973 αὐτοῦ
2400 3920 2571 3991 όνομα
2602 3918 2874 3991 τὴνίπερὶ
2923 3914 3089 3971 αὐτοῦ
3118 3915 3363 3969 νοεῖσθαι
3395 3907 3652 3976 θεολογίαν,
3675 3893 3727 3952 δι’

2206 4007 2274 4083 ἧς
2302 4011 2432 4075 Θεὸς
2466 4010 2637 4080 Λόγος
2659 3990 2754 4063 κοὶι
2784 4007 3079 4081 μονογενὴς
3115 4006 3254 4071 Θεὸς
3282 4010 3310 4060 6
3342 4006 3416 4058 ὢν
3443 4004 3517 4065 εἰς
3538 3998 3616 4052 τὸν
3638 3991 3731 4047 κόλ-

2208 4122 2309 4158 πον
2339 4104 2433 4157 τοῦ
2468 4102 2681 4175 Πατρὸς
2713 4102 3087 4172 ἐπινενόηται·
3128 4100 3257 4154 ὅθεν
3288 4097 3577 4165 ὲπιλέγεται
3602 4086 3728 4156 ὲξῆς⁹

2213 4217 2232 4249 ι
2275 4198 2383 4251 Καὶ
2407 4196 2819 4267 πληρωθήσεται
2843 4194 2943 4264 τῆς
2978 4195 3135 4266 δόξης
3160 4193 3328 4246 αὑτοῦ
3373 4191 3515 4244 πᾶσα
3544 4186 3574 4255 ἡ
3609 4180 3682 4249 γῆ.
3712 4192 3728 4224 ι

2210 4291 2382 4345 Πάλαι
2408 4290 2506 4361 μὲν
2528 4288 2635 4360 γὰρ
2662 4291 2719 4341 ὲν
2744 4287 2821 4358 τῷ
2849 4287 3038 4359 κόσμῳ
3066 4283 3155 4356 ἦν,
3188 4286 3287 4340 καὶ
3310 4287 3338 4337 ὁ
3371 4284 3559 4351 κόσμος
3577 4274 3633 4328 δι’
3655 4270 3729 4361 ait

2209 4383 2301 4436 106
2344 4383 2579 4451 ἐγένετο,
2614 4381 2708 4436 καὶ
2756 4382 2785 4433 6
2827 4383 3030 4454 κόσμος
3070 4380 3237 4433 αὐτὸν
3286 4380 3384 4431 οὐκ
3425 4375 3570 4443 ἔγνω.
3603 4388 3618 4418 ι
3648 4360 3730 4417 Καὶ

2209 4473 2332 4527 ἐπεὶ
2379 4471 2510 4543 μηδὲ
2546 4470 2784 4524 Ἰουδαῖοι
2820 4467 2901 4535 οἷς
2942 4469 3211 4532 τοσαύτας
3238 4466 3527 4530 ἐνεδείξατο
3562 4460 3729 4525 θαυμα-

529 4558 663 4617 dicit
695 4577 708 4613 :
741 4580 761 4614 ς
794 4561 925 4619 Sine
959 4579 1064 4628 me,
1094 4571 1149 4619 et
1184 4564 1262 4618 ira
1297 4579 1563 4620 accensus
1589 4572 1866 4620 conteram
1911 4581 2026 4632 eos,
2050 4574 2101 4621 et

2208 4565 2464 4636 τουργίας
2515 4562 2875 4635 παρεδέξαντο
2930 4564 3029 4634 τὴν
3077 4561 3280 4631 γνῶσιν
3333 4556 3511 4618 αὐτοῦ,
3558 4548 3730 4636 εἰκότως

528 4652 727 4717 faciam
753 4663 807 4710 te
844 4656 900 4711 in
955 4667 1166 4728 gentem
1222 4672 1473 4728 magnam
1498 4661 1574 4727 7*;
1609 4679 1628 4711 ι
1662 4668 1826 4731 atque
1875 4659 2058 4715 subdit
2088 4674 2102 4711 :

538 4763 558 4797 ι
600 4743 744 4801 Vivit
765 4763 960 4803 nomen
979 4764 1159 4804 meum
1183 4750 1310 4818 quia
1327 4752 1626 4821 replebitur
1647 4754 1818 4823 gloria
1844 4768 1962 4807 mea
1983 4755 2107 4807 uni-

531 4851 693 4893 versa
717 4842 865 4893 terra
886 4839 1344 4908 "-“JQuamvis
1368 4844 1514 4899 enim
1545 4844 1622 4908 hi,
1647 4845 1856 4914 inquit,
1879 4844 2105 4913 gloriam

530 4940 709 4985 meam
738 4925 1050 4997 depellant:
1074 4929 1169 4985 sed
1211 4929 1396 4989 futuro
1426 4931 1661 5003 quodam
1694 4942 1935 5002 tempore
1960 4940 2107 4988 totus

532 5018 685 5074 orbis
708 5020 1003 5089 replebitur
1034 5022 1206 5093 gloria
1262 5040 1402 5081 mea.
1463 5024 1620 5092 Quod
1650 5025 1703 5079 in
1738 5025 1990 5095 praesenti
2017 5024 2110 5079 do-

532 5111 796 5172 ceturhis
839 5113 1063 5171 verbis:
1101 5135 1120 5167 ‹
1150 5115 1216 5169 Et
1267 5117 1566 5188 replebitur
1595 5118 1767 5190 gloria
1820 5117 1943 5188 ejus
1984 5117 2109 5173 uni.

531 5221 691 5265 versa
720 5214 886 5262 terra.
919 5226 939 5259 ι
980 5205 1135 5274 Quod
1168 5208 1345 5280 ipsum
1404 5208 1574 5266 Isaias
1623 5211 1971 5267 vaticinando
2009 5211 2107 5267 de-

531 5297 799 5363 clarabat,
825 5296 1015 5352 dicens
1045 5299 1318 5369 seraphim
1357 5301 1503 5353 circa
1551 5299 1839 5359 Dominum
1865 5302 2107 5357 Sabaoth

532 5391 773 5446 clamare
821 5404 884 5445 ac
933 5389 1156 5446 dicere:
1188 5408 1207 5440 ι
1243 5388 1511 5458 Sanctus,
1566 5402 1790 5449 sanctus
1817 5435 1833 5459 ,
1883 5403 2108 5449 sanctus

534 5477 799 5538 Dominus
863 5480 1148 5538 Sabaoth:
1181 5483 1336 5555 plena
1386 5496 1468 5540 est
1516 5487 1695 5542 omnis
1746 5494 1893 5541 terra
1941 5487 2110 5558 gloria

532 5572 656 5643 ejus
679 5575 747 5629 ⁷³.
781 5592 800 5626 ι
864 5572 1084 5634 νει-ιιω
1104 5577 1219 5632 haec
1249 5577 1470 5647 quidem
1502 5579 1631 5633 olim
1686 5595 1749 5634 ex
1773 5579 2110 5650 praescientia

2205 4633 2337 4729 φησι
2365 4658 2499 4729 πρὸς
2529 4633 2770 4728 Μωῦσῆν
2790 4673 2802 4685 ο
2840 4675 2859 4707 ι
2893 4633 3091 4710 Ἔασόν
3118 4671 3206 4726 με,
3232 4654 3329 4708 καὶ
3348 4645 3601 4721 θυμωθεὶς
3626 4633 3727 4708 691i

2204 4749 2446 4821 ὲκτρίψω
2488 4752 2703 4816 αὐτοὺς,
2744 4750 2837 4804 καὶ
2868 4750 3081 4821 ποιήσω
3125 4765 3182 4801 σε
3227 4749 3307 4810 εἰς
3340 4744 3485 4807 ἔθνος
3539 4737 3678 4808 tibi"
3710 4747 3724 4776 ’

2205 4843 2300 4895 καὶ
2330 4822 2602 4911 ἐπιλέγει·
2642 4861 2662 4894 r
2695 4845 2768 4913 Ζῇ
2804 4842 2863 4895 τὸ
2894 4839 3065 4911 ὄνομά
3101 4856 3224 4909 μου,
3255 4839 3339 4891 ὅτι
3371 4828 3727 4904 πληρωθήσεται

2207 4934 2307 5004 τῆς
2338 4933 2495 5005 δόξης
2524 4952 2623 5006 μου
2659 4937 2805 4988 πειτα
2836 4937 2869 5004 ὴ
2908 4934 3000 5005 γῆ·
3036 4952 3053 4983 ν
3092 4933 3154 4986 El
3188 4930 3299 5002 γάρ
3331 4928 3424 4982 καὶ
3454 4926 3517 4978 τά
3545 4917 3727 5015 μάλίπῗ

2209 5020 2375 5088 οὗτοι,
2395 5027 2547 5097 φησὶ,
2567 5027 2941 5100 παρωθοῦνται
2965 5025 3060 5097 τὴν
3089 5025 3226 5096 ὲμὴν
3245 5022 3423 5088 δόξαν,
3447 5016 3569 5072 ἀλλὰ
3592 5021 3727 5110 καις)

2208 5135 2313 5175 τινι
2351 5099 2765 5190 πληρωθήσεται
2795 5122 2827 5191 ἠ
2862 5119 3153 5189 οἰκουμένη
3199 5118 3349 5170 πᾶσα
3386 5115 3481 5183 τῆς
3510 5109 3632 5179 ἐμῆς
3663 5099 3724 5163 δά*

2212 5209 2327 5281 ξης·
2382 5212 2446 5262 Ὃ
2491 5210 2555 5282 δὴ
2603 5212 2787 5265 καὶτὸ
2840 5211 3012 5284 παρὸν
3049 5211 3227 5279 λόγιον
3273 5208 3509 5262 διδάσκει
3553 5200 3722 5269 φῆσαν·

2216 5322 2236 5353 ι
2278 5302 2388 5355 Καὶ
2422 5302 2833 5376 πληρωθήσεται
2861 5305 2963 5375 τῆς
2994 5301 3153 5374 δόξης
3185 5300 3345 5355 αὐτοῦ
3382 5298 3523 5351 πᾶσα
3554 5294 3582 5362 ἡ
3708 5296 3724 5331 ³

2213 5394 2383 5448 Τοῦτο
2408 5396 2499 5449 καὶ
2538 5396 2761 5460 Ἡσαΐας
2808 5397 3040 5467 παρίστη
3091 5393 3354 5458 θεσπίζων
3397 5389 3463 5443 τά
3505 5376 3729 5467 σεραφεὶῗι

2215 5485 2518 5541 κυκλοῦντα
2547 5487 2641 5540 τὸν
2686 5464 2896 5559 Κύριον
2931 5464 3157 5540 Σαϐαὼθ
3207 5482 3409 5555 βοῶντά
3450 5496 3505 5534 τε
3541 5474 3620 5530 καὶ
3662 5464 3732 5559 λέ-

2217 5597 2411 5648 γοντα·
2450 5601 2467 5631 ι
2505 5581 2712 5649 Ἄγιος,
2745 5556 2916 5650 ἅγιος,
2948 5580 3102 5649 ἅγιος
3126 5578 3323 5648 Κύριος
3348 5568 3585 5629 Σαϐαὼθ·
3624 5556 3732 5626 πλή·

605 5730 653 5767 '°
688 5730 1046 5803 Mallhstﬂl-
1125 5735 1167 5770 "
1197 5733 1357 5799 Joan.
1386 5752 1424 5805 ι,
1459 5736 1546 5793 l0.
1622 5738 1665 5769 "
1698 5735 2101 5804 Exod.xxxu,l

2237 5737 2283 5769 τι
2315 5738 2358 5774 τι
2384 5736 2547 5800 Νυωἱ
2569 5753 2690 5800 τιν,
2729 5737 2820 5798 2|.
2896 5736 2943 5768 ⁷³
2974 5735 3079 5792 Isa.
3111 5735 3252 5800 v1,5o
