4008 6210
324 317 416 374 89.!

1405 320 1908 380 COMMENTAth
1937 325 2001 380 IN
2036 326 2377 386 PSALMOS.

3441 331 3547 386 822

327 450 421 506 ρης
451 434 597 487 πᾶσα
624 435 656 506 ἡ
695 435 762 505 γῆ
807 435 905 506 τῆς
932 435 1088 506 δόξης
1120 435 1303 491 αὐτοῦ.
1338 427 1372 488 ι’
1403 437 1559 491 Ἀλλά
1581 439 1750 494 ταῦτα
1784 443 1878 513 μὲν

1980 442 2162 500 divina
2183 444 2694 515 pmnuntiabantur
2725 464 2739 502 :
2772 461 2936 517 opere
2981 456 3159 502 autem
3202 447 3547 518 compleban-

321 525 474 596 θεῖκῇ
514 525 817 596 προγνώσει
842 525 1153 590 ἐθεσπίζετο
1181 527 1345 580 πάλαι
1371 546 1383 558 ⁸
1419 528 1600 600 ἔργοις
1640 531 1694 584 δέ
1721 533 1885 603 ἐπλη-

325 612 480 683 ροῦτο
515 615 776 686 πρότερον
805 617 836 685 ἢ
870 616 962 668 τὸν
995 616 1221 686 Σωτῆρα
1250 617 1343 670 καὶ
1376 619 1577 691 Κύριον
1602 621 1758 692 ἡμῶν
1783 623 1886 692 Ἰη-

326 701 451 756 σοῦν
491 703 582 755 τὸν
614 704 844 775 Χριστὸν
872 705 948 775 τῷ
990 705 1095 758 τῶν
1127 706 1427 778 ἀνθρώπων
1460 710 1763 781 ἐπιλάμψαι
1796 712 1886 781 γέ-

323 811 404 848 νει
427 811 440 825 ·
487 793 594 848 ίδοὺ
630 796 736 868 γὰρ
777 797 895 850 καθ’
939 799 1083 869 ἡμᾶς
1113 800 1308 864 αὐτοὺς
1347 803 1748 876 ἀνατέτραπται
1788 806 1884 875 μὲν

329 887 473 939 πᾶσα
494 885 771 958 δαιμονικὴ
797 887 966 960 πλάνη
985 906 998 918 ·
1023 889 1346 962 πεπλήρωκε
1369 892 1425 945 δὲ
1451 893 1545 964 τὴν
1565 896 1887 968 οἰκουμένην

326 973 541 1027 ἃπασαν
572 976 605 1045 ἡ
641 975 929 1046 Ἐκκλησία
979 979 1236 1049 Χριστοῦ,
1277 981 1367 1034 τὸν
1406 982 1537 1036 Θεὸν
1580 985 1792 1057 Ἰσραὴλ
1827 989 1886 1040 ἐν

325 1063 472 1133 πάσῃ
521 1066 586 1134 τῇ
633 1067 700 1135 γῇ
747 1064 1060 1131 δοξάζουσιν..
1114 1070 1226 1122 Καὶ
1269 1071 1564 1145 ἐπειδήπερ
1607 1076 1774 1128 ταῦτα
1825 1078 1886 1130 τὸ

324 1154 547 1226 Πνεῦμα
573 1155 632 1219 τὺ
665 1157 816 1226 ἅγιον
838 1161 1190 1231 προφητικῶς
1220 1162 1480 1233 μέλλοντα
1512 1166 1726 1222 ἔσεσθαι
1754 1187 1886 1240 προ-

319 1246 600 1317 ανεφὼνει,
615 1251 769 1322 χορὸς
783 1251 1026 1320 ἀγγέλων
1045 1255 1073 1307 ύ
1083 1256 1305 1309 πακούει
1325 1256 1401 1328 (1)
1423 1262 1805 1333 συνευχόμενος
1818 1269 1882 1335 τῇ

319 1341 426 1394 τῶν
461 1343 798 1414 πραγμάτων
828 1345 1124 1413 τελειώσει,
1155 1350 1508 1421 πιστούμενός
1534 1370 1591 1406 τε
1629 1355 1766 1408 αὐτὰ
1795 1357 1888 1409 καὶ

267 1431 512 1502 ·,λέγων’
561 1453 580 1486 ‹
621 1437 659 1488 Γ
663 1436 856 1501 ένοιτο,
892 1439 1134 1507 γένοιτο*
1174 1460 1192 1493 ι
1239 1441 1272 1511 ἢ
1319 1443 1458 1496 κατά
1498 1445 1587 1498 τὸν
1638 1448 1883 1512 Ἀκύλαν,

321 1541 343 1576 ς
380 1526 828 1596 πεπιστωμένως,
858 1531 1307 1600 πεπιστωμένως,
1349 1552 1366 1583 ι
1399 1533 1430 1604 ἢ
1459 1535 1596 1587 κατὰ
1624 1535 1713 1589 τὸν
1738 1536 1886 1608 Σύμ-

323 1631 528 1686 μαχον*
568 1637 585 1668 ι
632 1619 800 1691 Ἀμὴν
841 1623 934 1674 καὶ
978 1623 1123 1693 ἀμήν
1147 1639 1162 1653 ·
1196 1642 1213 1673 ι
1251 1619 1330 1687 οἷς
1377 1624 1501 1696 ἑξῆς
1538 1627 1842 1695 ἐπιλέγεται
1869 1645 1883 1658 ·

325 1721 346 1755 ι
395 1706 665 1772 Ἐξέλιπον
707 1710 865 1780 ὕμνοι
924 1710 1085 1765 Δαυῒδ
1124 1711 1216 1766 τοῦ
1261 1715 1376 1768 υἱοῦ
1415 1717 1625 1770 Ἰεσσαί.
1677 1738 1695 1770 ›
1747 1719 1886 1772 Ἀνθ⁹

317 1788 382 1848 οὒ
423 1796 452 1848 ὁ
483 1797 582 1868 μὲν
613 1798 907 1871 Σύμμαχος
935 1803 1277 1874 ἡρμήνευσεν
1303 1824 1314 1834 υ
1361 1824 1378 1857 ι
1429 1808 1884 1881 Ἐπετελέσθησαν

320 1890 625 1959 προσευχαὶ
656 1892 818 1945 Δαυῖδ
855 1893 970 1946 υἱοῦ
1019 1896 1210 1949 Ἰεσσαί
1237 1912 1248 1923 ·
1279 1916 1298 1948 ›
1326 1899 1352 1950 ὁ
1383 1898 1438 1952 δέ
1474 1899 1763 1954 Θεοδοτίων
1791 1905 1884 1957 καὶ

319 1977 355 2048 ή
393 1979 612 2052 πέμπτη
645 1983 886 2048 ἔκδοσις·
923 2005 940 2037 ι
988 1987 1555 2063 Ἀνεκεφαλαιὼθησαν
1589 1996 1882 2066 προσευχαὶ

315 2069 481 2158 Δαυῒδ
513 2073 626 2126 υἱοῦ
666 2075 877 2129 Ἰεσσαί.
916 2096 934 2127 ι
984 2079 1043 2130 Οἱ
1075 2078 1173 2148 μὲν
1204 2076 1296 2134 οῦν
1328 2083 1545 2156 ἄπειροι
1591 2086 1690 2156 τῆς
1731 2089 1883 2158 ἀκριο

315 2157 472 2225 ϐείας
494 2162 586 2215 τοῦ
615 2165 1036 2248 ἀναῃώσματος
1058 2169 1155 2240 οὐχ
1194 2169 1268 2234 ὡς
1298 2174 1460 2244 μέρος
1490 2176 1580 2229 τοῦ
1605 2176 1724 2230 ὅλου
1749 2157 1883 2248 ψάλ-

315 2252 425 2322 μοῦ
473 2245 784 2326 ἐξειλήιρασι
822 2259 902 2322 τὸ,
954 2279 972 2312 ι
1025 2262 1299 2329 Ἐξέλιπον
1351 2264 1510 2336 ῦμνοι
1558 2269 1718 2324 Δαυῒδ
1765 2245 1879 2325 υἱοῦ

325 2341 553 2398 Ἰεσσαί·
590 2365 609 2398 ι
656 2347 770 2400 ἀλλ’
802 2349 878 2413 ὡς
909 2350 1105 2416 ἔξωθεν
1134 2355 1235 2425 τῆς
1264 2359 1598 2428 προφητείαις
1641 2379 1882 2432 παραγε-

311 2435 633 2524 γραμμένον
658 2437 986 2507 ἀνέγνωσαν.
1017 2443 1161 2496 Αίδέ
1194 2443 1372 2499 λοιπαὶ
1406 2449 1686 2519 ἑρμηνεῖαι
1730 2455 1823 2506 καὶ
1848 2455 1880 2524 ή

322 2522 591 2599 Ἐϐραῖκὴ
633 2529 814 2600 γραφὴ
859 2531 1045 2600 σαφῶς
1089 2535 1437 2608 παρίστησιν,
1482 2540 1562 2592 ὅτι
1593 2543 1684 2596 καὶ
1711 2522 1881 2598 ταῦτα

311 2612 486 2686 μέρος
518 2619 771 2688 τυγχάνει
799 2620 890 2673 τοῦ
922 2622 1042 2675 ὅλου
1068 2624 1299 2696 ψαλμοῦ.
1340 2629 1555 2702 Ἐπειδὴ
1589 2631 1698 2704 γὰρ
1718 2635 1881 2689 Δαυῒδ

305 2705 340 2760 ὁ
365 2705 620 2777 βασιλεὺς
657 2712 714 2762 ἐν
745 2718 1070 2784 προσευχαῖς
1103 2717 1307 2771 ἐτίθετο
1342 2722 1426 2774 ἀεὶ
1449 2724 1749 2795 ἐπιλάμψαι
1785 2726 1880 2780 τοῦ

308 2796 570 2890 Σωτῆρος
617 2801 714 2870 τὴν
759 2804 824 2855 ἐκ
868 2805 1176 2877 σπέρματος
1226 2811 1388 2864 αὐτοῦ
1426 2817 1880 2890 προφωνουμένην

307 2889 528 2981 γένεσιν
547 2909 559 2920 ·
591 2892 794 2962 ταύτης
818 2895 876 2948 δὲ
905 2897 985 2959 είς
1009 2896 1142 2969 ἔργα
1180 2903 1479 2976 χωρούσης,
1525 2907 1713 2978 ἔμελλε
1753 2889 1882 2981 συμ-

306 2980 652 3054 πληροῦσθαι
677 2984 849 3038 πάντα
869 2987 935 3039 τὰ
959 3005 1302 3062 προπεφητευ
1311 2996 1444 3064 μένα
1463 3016 1475 3027 ·
1501 2999 1723 3063 εἰκότως
1747 2980 1881 3071 μετά

1984 543 2076 589 t-ur
2105 535 2258 605 prius
2285 551 2450 608 quam
2470 535 2731 593 Servator
2756 545 2810 592 et
2839 535 3102 594 Dominus
3157 546 3344 593 noster
3385 538 3546 595 Iesus

1984 627 2234 685 Christus
2293 628 2532 684 humano
2584 629 2769 701 generi
2818 629 3063 685 illuceret
3097 646 3109 681 :
3147 644 3274 685 ecce
3317 645 3549 701 namque

1984 725 2225 788 tempore
2255 727 2444 776 nostro
2475 736 2701 777 eversus
2727 727 2812 777 est
2837 720 3015 777 omnis
3044 721 3349 778 diabolicus
3371 737 3546 797 error.

1987 815 2154 864 totam
2179 827 2309 868 vero
2341 819 2543 868 terram
2567 813 2796 884 replevit
2840 812 3084 870 Ecclesia
3118 813 3348 880 Christi,
3378 812 3547 869 Deum

1989 900 2155 958 israel
2196 903 2254 957 in
2299 911 2414 960 toto
2466 905 2594 960 orbe
2625 905 2798 976 gloria
2825 905 3078 962 alliciens.
3128 904 3194 960 Et
3249 906 3376 976 quia
3435 905 3550 959 hzec

1988 993 2223 1064 Spiritus
2284 1008 2507 1052 sanctus
2567 998 2882 1068 prophetiae
2948 997 3129 1052 futura
3201 997 3548 1068 praedixerat,

1987 1088 2190 1145 chorus
2242 1091 2557 1162 angelorum
2609 1091 2902 1164 respondet
2950 1106 3061 1147 una
3109 1091 3413 1163 deprecans
3450 1106 3550 1161 pro

1989 1181 2065 1237 rei
2095 1185 2587 1248 consummatione,
2621 1184 2822 1256 illaque
2858 1184 3188 1240 conﬁrmans
3223 1198 3288 1239 ac
3315 1183 3545 1242 dicens:

1991 1294 2010 1327 ι
2047 1273 2187 1338 Fiat,
2217 1274 2307 1328 ﬁat
2335 1285 2359 1341 ,‘
2388 1293 2407 1327 ι
2430 1275 2544 1331 sive
2575 1275 2875 1332 secundum
2925 1276 3199 1348 Aquilam,
3233 1296 3253 1331 ι
3293 1276 3550 1346 ﬁdeliter,

1988 1363 2254 1431 ﬁdeliter;
2283 1383 2302 1416 ι
2345 1373 2438 1419 aut
2474 1367 2775 1421 secundum
2825 1365 3208 1439 Symmachum
3241 1385 3253 1420 :
3303 1384 3322 1419 ι
3353 1367 3546 1433 Amen,

1987 1471 2163 1510 amen.
2199 1475 2216 1508 ι
2249 1455 2414 1522 Queis
2443 1457 2638 1514 deinde
2674 1457 2927 1514 additur:
2957 1477 2976 1510 ι
3008 1457 3334 1514 Defecerunt
3362 1457 3548 1529 hymni

1986 1540 2157 1596 David
2184 1541 2276 1597 ﬁlii
2307 1543 2526 1601 'Jessam
2554 1545 2662 1602 Pro
2681 1563 2788 1618 quo
2811 1546 3174 1620 Symmachus
3195 1547 3275 1604 sic
3291 1547 3552 1618 interpre-

1989 1639 2134 1686 tatur
2164 1649 2176 1683 :
2202 1650 2220 1683 ι
2239 1632 2496 1690 Perfecta:
2518 1644 2644 1690 sunt
2664 1635 2940 1692 orationes
2967 1634 3136 1691 David
3160 1635 3256 1690 lilii
3285 1633 3455 1690 Jessaa
3481 1652 3495 1701 ;
3525 1652 3543 1684 ι

1989 1721 2290 1779 Theodotio
2335 1733 2514 1779 autem
2575 1732 2629 1779 et
2680 1725 2874 1794 quinta
2930 1722 3138 1778 editio:
3196 1720 3554 1792 «Recognitze

1915 1797 1957 1854 Β
1986 1825 2115 1871 sunt
2138 1816 2414 1874 orationes
2446 1816 2617 1871 David
2645 1816 2742 1871 ﬁlii
2774 1815 2960 1873 Jessae.
2981 1835 3000 1868 ι
3045 1814 3149 1882 Qui
3175 1814 3425 1870 lectionis
3453 1828 3550 1867 ac-

1983 1906 2322 1962 curationem
2370 1907 2669 1978 ignorant,
2732 1905 2848 1960 haec
2911 1905 3075 1961 verba
3109 1945 3123 1969 ,
3178 1923 3197 1956 ι
3225 1903 3551 1960 Defecernnt

1983 1997 2166 2069 hymni
2195 1997 2359 2054 David
2394 1998 2488 2053 ﬁlii
2513 1997 2700 2063 Jessaz,
2729 2017 2748 2051 ι
2782 2013 2881 2070 pro
2908 2006 3061 2068 parte
3090 1996 3281 2067 psalmi
3311 2011 3420 2050 non
3452 1995 3552 2050 ha-

1981 2090 2140 2157 bent;
2174 2091 2270 2147 sed
2300 2092 2458 2164 quasi
2501 2107 2617 2148 rem
2663 2099 2818 2148 extra
2869 2089 3211 2162 prophetiam
3239 2096 3293 2145 et
3325 2087 3552 2160 adjecti-

1983 2184 2111 2238 tiam
2155 2183 2362 2255 legunt.
2417 2182 2618 2240 Verum
2662 2183 2886 2254 reliquae
2939 2181 3438 2253 interpretationes,
3495 2188 3552 2235 et

1982 2273 2101 2344 ipsa
2129 2272 2398 2329 Hebraica
2440 2276 2737 2346 scriptura,
2761 2275 2910 2330 clare
2965 2280 3403 2330 commonstrant
3434 2270 3562 2326 haec

1981 2380 2198 2435 quoque
2225 2366 2396 2422 totius
2417 2366 2611 2436 psalmi
2641 2376 2849 2438 partem
2879 2381 3020 2422 esse.
3045 2365 3182 2432 Quia
3204 2364 3347 2420 enim
3379 2361 3558 2417 David-

1981 2471 2077 2512 rex
2110 2456 2164 2511 in
2194 2457 2544 2512 orationibus
2568 2459 2683 2513 suis
2721 2472 2936 2527 semper
2965 2456 3276 2522 insistebat,
3310 2463 3372 2511 ut
3391 2462 3554 2511 ortus

1985 2543 2421 2616 Servatoris,qui
2450 2562 2517 2601 ex
2546 2546 2755 2603 semine
2776 2561 2877 2602 suo
2900 2546 3217 2617 proditurus
3260 2553 3398 2612 erat,
3421 2546 3559 2601 illu-x

1980 2645 2256 2703 cesceret;
2289 2637 2416 2707 quia
2452 2651 2575 2691 cum
2625 2634 2694 2689 ad
2725 2634 2979 2692 eﬁ‘ectum
3033 2633 3331 2704 perductus
3377 2641 3546 2699 esset,

1981 2727 2787 2797 futurumeratutomniaquae
2838 2726 2893 2780 in
2946 2723 3248 2796 prophetiis
3297 2722 3549 2778 feruntur

1980 2817 2375 2889 implerentur;
2411 2817 2537 2887 jure
2567 2823 2692 2888 post
2739 2815 3125 2888 praedictorum
3175 2815 3547 2886 complemen-

1980 2919 2096 2966 tum
2125 2910 2364 2976 additur,
2395 2910 2669 2982 perfectas
2699 2917 2754 2966 et
2795 2909 3095 2980 completas
3129 2907 3384 2979 superius
3410 2921 3548 2962 esse

1980 2993 2203 3057 Davidis
2251 3002 2547 3058 orationes.
2595 3000 2781 3057 Potest
2823 3000 2989 3056 etiam
3029 2999 3184 3067 illud,
3243 3018 3262 3052 ι
3290 2998 3547 3071 perfecta

304 3073 372 3126 τὸ
408 3074 781 3145 συμπέρασμα
815 3076 920 3130 τῶν
955 3080 1395 3152 προλελεγμένων
1429 3087 1758 3156 ἐπιλέγεται,
1801 3090 1876 3154 ὡς

309 3163 421 3191 ι-..
475 3167 863 3191 ι----πι-ιι..---
889 3188 896 3191 .
946 3188 974 3191 -_
1015 3173 1029 3191 \
1262 3175 1279 3191 ς
1383 3178 1436 3191 ,Α
1639 3181 1662 3191 μ
1695 3182 1705 3191 .
1810 3186 1834 3191 _

1981 3102 2108 3150 sunt
2138 3101 2232 3148 aut
2256 3093 2592 3159 defecerunt,
2623 3112 2642 3143 ι
2677 3091 2994 3164 prophetice
3021 3092 3250 3165 intelligi
3272 3093 3340 3150 de
3358 3093 3553 3149 futuro

306 3163 438 3258 ἄρα
474 3167 896 3239 ἐπετελέσθησαν
943 3173 1038 3225 καὶ
1091 3175 1580 3250 συνεπληρώθησαν
1635 3181 1723 3235 διὰ
1767 3186 1874 3237 τῶν

1979 3194 2220 3258 tempore
2245 3203 2257 3238 :
2281 3202 2406 3241 nam
2463 3186 2676 3258 singula
2704 3202 2826 3257 qua:
2873 3185 3125 3257 superius
3153 3194 3544 3242 enumerantur

304 3253 758 3326 προλελεγμένων
793 3260 846 3311 αί
884 3261 974 3313 τοῦ
1014 3264 1177 3317 Δαυῒδ
1217 3270 1526 3339 προσευχαί.
1567 3271 1794 3327 Δύναται
1820 3275 1876 3328 δέ

299 3342 387 3408 τὸ,
429 3362 450 3395 ‹
495 3346 919 3420 ἐπετελέσθησαν
962 3353 993 3422 ἢ
1043 3353 1308 3424 ἐξέλιπον,
1341 3380 1359 3411 ι
1399 3365 1749 3434 προφητικῶς
1790 3365 1877 3419 λέ-

297 3435 503 3505 γεσθαι
523 3438 612 3529 ,είς
641 3438 897 3508 μέλλοντα
921 3441 1108 3514 χρόνον
1133 3461 1145 3473 ·
1168 3447 1277 3499 τῶν
1299 3449 1404 3521 γὰρ
1431 3455 1874 3529 προκατηριθμη-

299 3527 493 3596 μένων
519 3527 744 3582 ἕκαστον
774 3535 1060 3605 γενήσεται
1085 3538 1222 3591 ἐπὰν
1251 3541 1343 3593 καὶ
1371 3544 1750 3601 ἐπιτελεσθῶσι
1779 3527 1876 3605 καὶ

296 3617 782 3691 συμπληρωθῶσιν
819 3625 874 3678 αί
922 3631 1216 3700 προσευχαὶ
1256 3633 1415 3688 Δαυῒδ
1451 3636 1542 3690 τοῦ
1589 3640 1704 3693 υἱοῦ
1742 3643 1876 3696 Ἰεσ-

1979 3289 2105 3335 tunc
2120 3278 2392 3347 evenient,
2408 3294 2533 3334 cum
2550 3279 2822 3336 orationes
2836 3277 3054 3334 Davidis
3076 3277 3170 3333 ﬁlii
3190 3277 3358 3336 Jessaa
3378 3278 3554 3349 perﬁu-

1975 3371 2187 3426 cientur
2202 3379 2256 3426 et
2267 3387 2326 3427 re
2337 3371 2452 3441 ipsa
2472 3371 2859 3442 implebuntur.
2874 3370 3345 3452 Opportunissime
3360 3378 3543 3426 autem
3561 3402 3569 3410 -

1976 3473 2194 3534 propter
2207 3462 2481 3520 Christum
2503 3463 2598 3519 Dei
2615 3462 2708 3535 qui
2728 3463 2783 3518 in
2807 3463 3066 3518 vaticinio
3077 3461 3390 3528 fertur,non
3411 3462 3546 3515 «Da-

1975 3555 2147 3610 vidis»
2170 3563 2380 3611 tantum
2402 3556 2560 3622 dixit,
2588 3555 2684 3612 sed
2701 3571 2825 3611 cum
2848 3557 2952 3612 hoc
2965 3555 3355 3620 additamento,
3396 3573 3414 3606 ι
3448 3554 3552 3609 ﬁlii

1973 3646 2209 3716 188533;)
2261 3656 2319 3703 ιιι
2353 3649 2480 3704 huic
2521 3648 2826 3720 scripturae,
2865 3648 3018 3704 Isaia:
3055 3647 3390 3719 prophetiam
3415 3648 3546 3704 θιὼ-ς

293 3708 412 3809 σαί.
444 3709 906 3812 ξύξαιρόταταδέ
937 3717 1022 3771 διὰ
1048 3720 1136 3772 τὸν
1158 3728 1622 3799 προφητευόμενον
1647 3733 1875 3805 Χριστὸν

1979 3740 2263 3812 iungamus
2278 3757 2396 3812 quae
2408 3741 2605 3796 similia
2621 3741 2687 3796 de
2702 3741 2918 3797 Christo
2934 3740 3282 3804 vaticinatur,
3299 3754 3422 3795 cum
3437 3741 3512 3794 ait
3525 3758 3550 3796 :-

288 3799 388 3853 τοῦ
439 3800 582 3854 Θεοῦ
624 3805 1025 3875 ἐμνημόνευσεν
1071 3813 1169 3883 οὐχ
1215 3815 1397 3882 ἁπλῶς
1441 3837 1458 3870 ι
1488 3820 1582 3874 τοῦ
1637 3799 1818 3890 Δαυῒδ,
1851 3847 1868 3880 ι

1979 3799 1998 3884 λ
2027 3799 2342 3902 Εξνεάἰειιίτ
2371 3814 2521 3904 virga
2554 3831 2620 3886 de
2637 3830 2816 3886 radice
2837 3830 3024 3898 Jessae,
3054 3839 3109 3888 et
3139 3830 3238 3888 ﬁos
3265 3832 3332 3886 de
3361 3831 3546 3885 radice

287 3888 436 3944 ἀλλὰ
467 3893 610 3961 μετά
643 3896 957 3970 προσθήκης
986 3919 1005 3951 ι
1038 3902 1130 3955 τοῦ
1156 3905 1272 3958 υἱοῦ
1315 3908 1550 3964 Ἰεσσαί”
1580 3932 1598 3965 ι
1635 3915 1720 3969 ἵνα
1752 3888 1876 3970 συν-

287 3987 532 4085 άψιιὲμεν
553 3995 616 4063 τῇ
645 3994 891 4070 παρούσῃ
918 4003 1098 4072 γραιξῇ
1141 4002 1238 4074 τὴν
1273 4005 1491 4062 Ἡσαΐου
1521 4016 1872 4085 προφητείαν,

285 4083 356 4137 δι’
390 4079 470 4155 ἧς
511 4085 579 4138 τά
609 4086 767 4156 ὃμοια
809 4092 932 4162 περὶ
968 4094 1061 4147 τοῦ
1096 4096 1328 4166 Χριστοῦ
1357 4079 1667 4167 θεσπίζεται
1689 4079 1766 4161 ’ἐν
1795 4105 1876 4175 οἷς

285 4175 558 4249 εἴρηται·
595 4198 613 4229 ι
663 4180 1026 4246 Ἐξελεύσεται
1073 4188 1264 4258 ῥάϐδος
1310 4193 1374 4246 ἐκ
1415 4196 1712 4271 τῆςτρίζης
1747 4203 1875 4254 Ἰεσ-

286 4270 403 4333 σαὶ,
437 4270 540 4324 καὶ
572 4271 729 4337 ἄνθος
755 4277 817 4327 ἐκ
849 4276 946 4346 τῆς
978 4278 1133 4349 ῥίζης
1165 4283 1490 4355 ἀναϐήσεται
1513 4307 1525 4320 ο
1555 4291 1647 4344 καὶ
1677 4294 1876 4348 ἐπανα-

286 4359 573 4414 παύσεται
613 4364 698 4415 ἐπ’
737 4366 898 4421 αὐτὸν
940 4370 1000 4422 τὸ
1032 4372 1253 4444 Πνεῦμα
1298 4378 1390 4430 τοῦ
1435 4379 1591 4444 Θεοῦ,
1628 4401 1646 4433 ι
1684 4385 1776 4437 καὶ
1805 4385 1871 4439 τά

1973 3924 2094 3994 ejus
2145 3922 2431 3989 ascendet,
2477 3932 2532 3978 et
2578 3923 2884 3993 requiescet
2936 3939 3101 3995 super
3129 3939 3255 3980 eum
3305 3922 3550 3994 Spiritus

1973 4013 2068 4070 Dei
2093 4016 2171 4079 ⁷⁸,
2198 4034 2216 4068 ι
2257 4022 2311 4069 et
2335 4022 2529 4069 caetera
2551 4053 2566 4079 ,
2618 4013 2819 4086 quibus
2854 4013 3148 4085 adjicitur:
3187 4032 3204 4065 ι
3236 4013 3302 4067 Et
3323 4012 3426 4069 erit
3453 4027 3544 4066 ra-

1973 4105 2067 4161 dix
2092 4105 2281 4170 Jessae,
2328 4115 2381 4162 et
2409 4107 2502 4176 qui
2541 4114 2798 4178 exsurget
2844 4107 3115 4178 imperare
3154 4105 3428 4178 gentibus,
3485 4105 3540 4160 in

1974 4198 2092 4268 ipso
2116 4207 2307 4268 gentes
2343 4199 2644 4268 sperabunt
2674 4200 2742 4252 ⁷⁷.
2767 4218 2785 4252 ι
2827 4198 2994 4255 Vides
3030 4200 3175 4254 enim
3213 4215 3322 4270 quo
3381 4206 3553 4269 pacto.

1971 4289 2060 4344 hic
2083 4305 2178 4359 per
2197 4289 2436 4344 radicem
2463 4288 2631 4344 Jessze
2651 4290 2862 4345 vocatio
2891 4291 3132 4361 gentium
3161 4290 3537 4350 annuntietur,

1973 4382 2047 4436 ita
2089 4389 2149 4436 ut
2195 4381 2629 4436 additamentum
2665 4382 2820 4448 illud,
2859 4401 2876 4434 ι
2912 4380 3211 4444 ﬁliiJessae,
3245 4400 3264 4434 ι
3299 4396 3410 4436 non
3427 4380 3552 4434 ἴνα--

281 4451 440 4522 ὲξῆςο
489 4447 569 4516 οἷς
591 4455 919 4525 ἐπιλέγεται’
954 4479 971 4511 ι
1003 4463 1110 4517 Καὶ
1137 4465 1286 4520 ἔσται
1317 4470 1349 4539 ἡ
1377 4471 1499 4539 ῥίζα
1528 4472 1618 4525 τοῦ
1653 4475 1868 4543 Ἰεσσαὶ,

1979 4485 2088 4531 stra
2122 4475 2177 4528 in
2230 4475 2334 4528 hac
2386 4473 2667 4544 prophetia
2712 4474 2912 4544 jaceat.
2942 4473 3079 4528 Cum
3121 4481 3304 4528 autem
3330 4473 3545 4536 Christi

283 4543 443 4638 καὶ.ῌὸ
485 4545 836 4617 ἀνιστάμενος
875 4551 1062 4624 ἄρχειν
1098 4555 1286 4622 ἐθνῶν,
1323 4562 1407 4614 ἐπ’
1445 4563 1589 4634 αὐτῷ
1626 4565 1748 4638 ἔθνη
1781 4569 1868 4621 ἐλ-

279 4633 533 4690 πιοῦσιν.
572 4657 589 4688 ι
634 4639 794 4711 Ὁρᾷς
825 4642 930 4715 γὰρ
961 4645 1106 4710 ὅπως
1145 4649 1238 4702 καὶ
1281 4652 1508 4706 ἐνταῦθα
1533 4655 1618 4709 διὸ.
1657 4658 1754 4728 τῆς
1786 4661 1865 4728 ῥί-

281 4723 387 4796 ζης
432 4727 634 4780 Ἰεσσαὶ
663 4732 695 4798 ἠ
739 4731 925 4803 κλῆσις
957 4737 1062 4791 τῶν
1103 4738 1268 4792 ἐθνῶν
1301 4743 1657 4813 ἀναφωνεῖται
1679 4723 1864 4803 ’,ὥστε

278 4817 361 4888 μὴ
391 4819 576 4890 μάτην
608 4821 740 4892 μηδέ
779 4825 877 4895 τὴν
908 4828 1222 4902 προσθήκην
1250 4834 1347 4904 τὴν
1384 4855 1400 4886 ι
1439 4836 1530 4890 τοῦ
1569 4839 1684 4892 υἱοῦ
1730 4843 1860 4894 Ἰεσ-

1973 4583 2200 4640 regnum
2218 4575 2273 4623 et
2305 4567 2548 4638 gentium
2587 4568 2803 4622 vocatio
2848 4567 3167 4621 annuntiata
3195 4565 3420 4630 fuerint,
3449 4566 3542 4621 hic

1969 4664 2371 4730 peropportune
2407 4659 2730 4712 terminatur
2766 4657 3006 4714 secunda
3043 4674 3172 4730 pars
3207 4658 3331 4715 libri
3377 4659 3535 4715 Psal~

1970 4765 2204 4814 morum,
2233 4763 2353 4818 quae
2377 4763 2408 4802 a
2447 4749 2867 4820 quadragesimo
2907 4751 3083 4820 primo
3103 4750 3316 4823 incipit,
3363 4760 3417 4810 et
3480 4753 3539 4808 in

1966 4848 2287 4911 praesentem
2314 4841 2582 4910 psalmum
2606 4841 2824 4898 desinit.

276 4911 430 5015 ἰπὶ.»
475 4914 634 5015 ἐντῇ
679 4922 1008 5015 προκειμένῃ
1054 4925 1312 4995 φέρεσθαι
1349 4935 1667 5006 προφητεία.
1703 4938 1857 4990 Κατὰ
1897 4937 2084 5009 καιρὸν
2126 4937 2183 4990 δὲ
2226 4935 2492 5000 ἐνταῦθα,
2524 4937 2762 5007 Χριστοῦ
2807 4939 3081 5010 βασιλείας
3125 4942 3217 4996 καὶ
3289 4941 3537 5015 κλήσεως

275 5003 458 5103 “Vt-5V
499 5004 988 5103 εὐαγγελισθείσης,
1029 5015 1088 5066 τὸ
1133 5015 1379 5088 δεύτερον
1431 5003 1591 5093 μέρος
1622 5003 1729 5095 τῆς
1773 5025 1952 5094 βίϐλου
1997 5003 2105 5080 τῶν
2133 5025 2376 5096 Ψαλμῶν
2406 5003 2846 5098 περιγράφεται,
2914 5003 3212 5102 ἀρξάμενον
3264 5003 3390 5103 μὲν.
3428 5036 3536 5088 ἀπὸ

277 5093 509 5167 πρώτου
553 5100 648 5152 καὶ
696 5105 1152 5173 τεσσαρακοστοῦ,
1203 5110 1509 5180 καταλῆξαν
1549 5115 1604 5167 δέ
1649 5119 1726 5180 εἰς
1769 5118 1857 5171 τὸν
1898 5117 2035 5189 μετά
2068 5121 2272 5188 χεῖρας.

279 5209 422 5265 ΤΩΝ
478 5212 1293 5344 ΕΠΙΓΕΓΡΑἈἮΕῐΙῖἕέιΟἸὲΕΙἨ
1341 5226 1512 5278 AEN?
1565 5230 1861 5284 ΨΛᾹΜΩΝ

1046 5379 1124 5430 Α’.

344 5461 414 5515 Οἱ
436 5463 535 5515 τοῦ
561 5465 748 5536 Ἀσὰφ
769 5470 1227 5541 ἐπιγεγραμμένοι
1254 5478 1358 5530 είσὶ
1382 5479 1480 5549 μὲν
1511 5480 1602 5534 τὸν
1631 5483 1862 5554 ἀριθμὸν

342 5619 392 5649 ⁷⁸
422 5624 530 5672 Isa.
565 5636 641 5686 χι,
673 5625 721 5677 1.
799 5627 843 5654 ’⁷
882 5627 1012 5683 ibid.
1058 5630 1142 5686 l0.

2066 5231 2963 5305 ARGUMENTAPSALMORUM
3003 5236 3120 5305 QUI
3171 5239 3422 5295 ASAPl-ll

2350 5323 2354 5328 ’
2483 5304 3022 5366 INSCRIBUNTUR.

2723 5394 2762 5450 ι.

2033 5485 2228 5541 Psalmi
2252 5489 2343 5559 qui
2368 5488 2567 5558 Asaplu'
2594 5489 2968 5545 inscribuntur
2992 5489 3273 5546 duodecim
3299 5503 3529 5551 numero

344 5731 428 5801 (Ι)
488 5731 823 5802 ’Υπακούειν,
852 5739 902 5794 id
929 5749 1009 5796 est
1042 5747 1361 5800 respondere.
1393 5742 1526 5801 Vide
1556 5747 1608 5800 in
1640 5745 1878 5802 Onomaa

2008 5749 2071 5804 ad
2113 5749 2288 5821 Opera
2317 5751 2370 5808 S.
2405 5751 2708 5809 Athanasii.
2793 5789 2795 5791 ι
