4008 6210
467 276 575 347 825

1137 276 1406 335 EUSEBII
1443 277 1926 338 CIESARIENSIS
1960 277 2111 336 OPP.
2150 277 2332 337 PARS
2367 277 2454 335 Ill.
2484 310 2558 322 —
2590 276 3001 336 EXEGETICA.

3597 245 3710 331 sit

466 400 597 451 sunt
630 392 741 465 (l),
773 407 1006 465 quorum
1052 411 1193 451 unus
1234 412 1265 450 a
1297 398 1524 479 reliquis
1559 400 1813 457 undecim
1847 402 2022 472 sejun-

2135 400 2220 463 ιϐ’,
2248 397 2452 454 τούτων
2481 398 2538 454 δὲ
2567 392 2649 463 εἷς
2674 398 3080 470 ἀπεσχοίνισται
3125 400 3225 469 τῆς
3272 395 3380 450 τῶν
3407 396 3708 467 προκειμέ-

465 492 609 547 ctus,
628 498 691 538 ac
717 492 841 539 ante
861 485 1370 556 quinquagesimum
1391 491 1724 547 constitutus
1745 500 1851 553 est.
1888 493 2033 559 Qua-

462 576 803 645 dragesimus
835 590 1010 631 nonus
1037 578 1218 648 itaque
1245 580 1489 649 psalmus
1514 582 1713 650 Asaphi
1738 584 2033 655 inscriptus

460 672 575 720 est.
606 663 765 733 cujus
800 665 877 719 rei
906 681 1127 721 causam
1148 707 1164 729 ,
1195 670 1373 739 qualis
1404 676 1518 724 tum
1552 672 1938 747 succurrebat,
1976 674 2034 729 in

458 755 579 824 ejus
613 755 952 826 expositione
993 759 1302 815 retulimus.
1352 759 1570 817 Primus
1608 771 1787 819 autem
1826 764 2028 835 Asaplti

457 846 740 915 psalmus,
789 848 855 904 de
897 864 1007 918 quo
1051 849 1165 919 jam
1199 851 1400 921 agitur,
1454 855 1773 926 prophetam
1822 856 2032 913 inducit

456 935 663 1008 ingenti
697 936 1059 995 admiratione
1090 948 1310 1011 captum
1340 942 1407 998 de
1440 943 1854 1016 longanimitate
1883 949 2026 1019 opti-

455 1032 530 1084 mi
581 1028 705 1093 Dei,
752 1030 929 1102 deque
970 1031 1092 1102 ejus
1125 1048 1252 1103 erga
1283 1034 1480 1106 impios
1514 1038 1837 1104 tolerantia,
1874 1040 2031 1096 ittm-

456 1136 579 1191 que»
600 1120 670 1176 de
702 1122 861 1178 venia
896 1124 1253 1194 peccantibus
1285 1141 1569 1185 concessa.
1600 1128 1715 1195 Qua
1747 1130 1815 1186 de
1843 1148 1903 1188 re
1927 1133 2026 1187 ob-

457 1221 806 1285 stupescens,
832 1230 953 1270 sese
987 1223 1044 1269 ut
1101 1217 1502 1285 pusillanimem
1531 1235 1596 1276 ac
1623 1237 1760 1291 pene
1787 1238 2028 1278 commo-

454 1313 570 1360 tum
591 1346 608 1371 ,
642 1314 804 1378 atque
832 1322 1027 1363 anima:
1056 1324 1248 1380 gressu
1277 1326 1531 1367 eversum
1560 1314 1844 1386 coarguit;
1880 1316 2028 1386 quod

453 1400 663 1457 videret
694 1400 986 1472 impiorum
1019 1409 1072 1456 et
1110 1403 1395 1459 atheorum
1440 1405 1721 1463 hominum
1763 1424 1852 1463 res
1899 1424 2028 1479 pro-

452 1512 610 1569 spere
639 1498 854 1556 cedere.
892 1499 1162 1557 Caeterum
1194 1509 1486 1572 postquam
1522 1503 1577 1558 in
1606 1504 1879 1576 principio
1910 1521 2025 1561 rem

452 1606 597 1662 aegre
629 1589 775 1648 ferre
806 1592 960 1649 visus
996 1592 1173 1648 fuerat
1193 1633 1207 1657 ,
1245 1595 1299 1649 in
1332 1596 1691 1666 sequentibus
1724 1596 2023 1653 infaustum

451 1697 642 1743 eorum
681 1685 885 1741 exitum
938 1685 1268 1742 vaticinatur
1317 1688 1547 1744 dicens:
1605 1688 1851 1760 Dejecisti
1898 1707 2021 1756 eos,

450 1777 578 1831 dum
613 1777 1011 1833 extollerentur.
1066 1778 1341 1845 Quomodo
1379 1781 1510 1851 facti
1549 1792 1673 1837 sunt
1711 1785 1769 1839 in
1810 1784 2022 1841 desola-

452 1868 645 1924 tionem
673 1868 849 1925 subito
873 1874 897 1925 ?
927 1868 1267 1940 Defecerunt,
1303 1872 1572 1940 perierunt
1597 1883 1809 1945 propter
1837 1878 2023 1932 incon-

449 1958 828 2037 siderationem
858 1977 1013 2014 suam
1044 1961 1112 2039 τε,
1143 1971 1198 2015 et
1226 1977 1348 2032 quae
1376 1973 1702 2034 sequuntur.

1205 2074 1253 2131 ll

523 2162 811 2222 Secundus
845 2165 915 2222 de
949 2181 1058 2237 qua
1083 2182 1266 2224 rerum
1297 2168 1614 2228 conditione
1656 2171 1712 2227 in
1742 2175 1922 2244 primo
1947 2176 2025 2233 di-

449 2262 599 2312 ctum
629 2257 702 2312 sit
727 2257 956 2325 edocet,
982 2258 1273 2330 deplorans
1294 2269 1626 2332 postremam
1652 2263 2021 2323 Romanorum

449 2356 694 2421 tempore
731 2349 1084 2425 Jerosolyma:
1120 2354 1460 2411 obsidionem
1486 2395 1502 2421 ,
1542 2357 2024 2432 obsidentiumque

366 2498 379 2507 _
448 2450 636 2501 motus
665 2452 720 2501 et
745 2453 897 2516 gesta
926 2446 1171 2503 declarat
1196 2447 1282 2504 his
1312 2450 1494 2506 verbis
1520 2469 1533 2506 :
1574 2450 1769 2524 L’tquid
1794 2494 1809 2517 ,
1849 2454 1986 2510 Deus
2004 2497 2019 2519 ,

448 2536 694 2605 repulisti
723 2538 782 2591 in
816 2539 1009 2608 finem,
1043 2541 1220 2595 iratus
1249 2552 1327 2596 est
1366 2543 1520 2614 furor
1554 2554 1677 2601 tuus
1718 2562 1875 2615 super
1906 2565 2021 2604 oves

447 2640 661 2696 pascua:
693 2636 800 2681 tua:
820 2628 1068 2698 7quihus
1098 2629 1289 2699 adjicit
1322 2649 1336 2685 :
1380 2631 1551 2698 Quasi
1589 2634 1642 2687 in
1681 2633 1817 2688 silva
1856 2634 2022 2705 tigno—

449 2734 569 2774 rum
605 2720 877 2776 securibus
915 2721 1224 2777 eatciderunt
1254 2723 1456 2794 januas
1495 2725 1611 2793 eius
1652 2725 1707 2781 in
1755 2727 2018 2798 idipsum,

446 2813 505 2868 in
531 2814 704 2867 securi
731 2823 781 2869 et
811 2816 960 2870 ascia
988 2813 1290 2885 dejecerunt
1327 2832 1465 2871 eam.
1511 2815 1869 2873 Incenderunt
1904 2821 2023 2890 igne

445 2907 813 2963 sanctuarium
845 2917 1036 2973 tuum;
1060 2909 1264 2980 quibus
1289 2908 1483 2964 iterum
1511 2910 1823 2981 subjungit:
1856 2911 2023 2982 Signa

446 3007 635 3052 nostra
665 3013 768 3053 non
799 2997 1058 3063 vidimus,
1087 2999 1206 3068 jam
1240 3014 1346 3052 non
1387 3008 1467 3053 est
1504 2998 1794 3067 propheta,
1836 3007 1886 3053 et
1926 3015 2020 3053 nos

445 3105 553 3151 non
583 3097 857 3159 cognoscet
885 3090 1115 3160 amplius
1142 3093 1210 3145 ".
1241 3092 1377 3148 Nam
1406 3092 1553 3163 quod
1579 3091 1744 3155 dicit,
1778 3100 2021 3162 tempore

446 3181 757 3238 obsidionis
788 3182 953 3238 istius
981 3184 1277 3255 prophetas
1313 3201 1423 3241 non
1450 3185 1765 3253 exstitisse;
1800 3184 1853 3240 id
1890 3200 2022 3241 sane

446 3272 712 3345 postremi
742 3289 933 3330 eorum
964 3275 1163 3332 excidii
1195 3287 1576 3349 argumentum
1606 3285 1710 3334 est.
1741 3276 1867 3333 Hmc
1892 3292 2023 3333 vero

445 3370 813 3435 congruenter
846 3372 972 3436 post
1001 3367 1386 3432 praedictiones
1414 3371 1483 3425 de
1511 3367 1734 3425 Christo
1764 3369 2022 3441 superius

443 3455 763 3513 enuntiatus
786 3458 965 3527 posita
990 3467 1139 3515 sunt.
1169 3459 1307 3526 Quia
1333 3461 1478 3516 enim
1509 3461 1688 3531 ipsum
1713 3463 2019 3518 venientem

445 3557 560 3607 non
592 3556 960 3616 acceperunt,
995 3550 1315 3605 necessario
1352 3565 1470 3606 eam
1493 3590 1508 3614 ,
1548 3567 1671 3622 quae
1707 3559 1831 3621 post
1868 3558 2021 3606 tanta

444 3632 505 3690 In
535 3634 815 3695 Christum
852 3637 1099 3701 facinora
1128 3641 1279 3714 ipsos
1312 3643 1551 3710 invasit,
1580 3644 1852 3700 ultionem
1881 3644 2021 3700 vati-

446 3724 681 3787 cinatur.

1183 4016 1271 4072 Ill.

518 4096 737 4159 Tertius
773 4104 980 4176 Asaplti
1018 4109 1264 4179 psalmus
1301 4112 1356 4166 in
1398 4111 1560 4169 ﬁnem
1614 4115 1845 4169 remittit
1893 4132 2016 4172 cum

445 4189 539 4261 qui
570 4192 755 4262 priora
785 4195 981 4268 legerit
1007 4238 1023 4265 ,
1053 4198 1416 4274 hortaturque
1442 4220 1505 4259 ne
1534 4203 1806 4275 disperdat
1835 4207 1904 4262 ⁸ο.
1936 4209 2018 4263 Ad

445 4280 562 4338 haec
587 4292 768 4341 autem
795 4287 988 4344 titulus
1012 4290 1282 4362 psalmum
1310 4305 1359 4348 et
1382 4294 1660 4349 canticum
1688 4294 1867 4367 ipsum
1895 4313 2018 4353 esse

2134 509 2238 546 νων
2272 498 2337 546 ια’
2366 493 2677 562 συναφείας,
2706 491 3104 547 κατατέτακται
3139 490 3197 544 δὲ
3229 489 3332 561 πρὸ
3370 489 3463 543 τοῦ
3492 497 3533 542 ν’
3565 490 3709 559 ψαλ-

2136 584 2337 656 μοῦ.⁹Ο
2365 585 2496 654 γοῦν
2546 585 2629 657 μθ⁹
2661 586 3062 657 ἐπιγέγραπται
3105 583 3210 638 τοῦ
3253 582 3465 652 Ἀσάφ·
3500 582 3598 653 τὴν
3646 583 3707 636 δὲ

2133 678 2505 734 ύποπεσοῦσαν
2551 682 2681 751 ἡμίν
2727 680 2904 735 αἰτίαν
2949 678 3076 742 τοὺς
3122 678 3317 739 τόπους
3354 675 3701 747 διηγούμενοι

2133 772 2546 843 παρεθήκαμεν.
2573 772 2800 841 Είσάγει
2828 773 2885 826 δὲ
2915 773 2945 824 ὁ
2980 769 3119 842 μετά
3144 773 3331 842 χεῖρας
3362 768 3579 841 πρῶτος
3625 768 3705 824 ὣν

2128 863 2223 918 τοῦ
2256 863 2448 933 Ἀσάφ,
2474 863 2564 917 τὸν
2590 865 2870 936 προφήτην
2897 861 3385 934 ύπερθαυμάξοντα
3405 860 3466 915 τὸ
3492 862 3704 932 μακρό-

2131 955 2299 1027 θυμον
2332 955 2424 1009 τοῦ
2455 955 2767 1025 παναγάθου
2800 954 2957 1018 Θεοῦ,
2998 954 3093 1009 καὶ
3126 953 3221 1025 τὴν
3252 953 3346 1006 ἐπὶ
3368 955 3479 1015 τοῖς
3509 952 3705 1006 ἀσεϐές

2133 1064 2216 1101 σιν
2243 1048 2590 1116 ἀνεξικακίαν
2618 1048 2804 1111 αὐτοῦ,
2835 1049 2934 1120 τήν
2962 1064 3020 1101 τε
3048 1045 3386 1117 ἐνδιδομένην
3414 1043 3705 1116 συγχώρη-

2131 1159 2215 1196 σιν
2248 1144 2368 1207 .τοῖς
2395 1120 2799 1214 ἁμαρτάνουσιῧ
2819 1157 2832 1170 ·
2863 1141 2930 1212 ἢν
2957 1137 3548 1210 ύπερεκπληττόμενος,
3574 1137 3721 1197 ἑαυσ,

2126 1235 2221 1289 τοῦ
2250 1237 2547 1308 κατηγορεῖ
2572 1234 2648 1299 ὼς
2669 1233 3115 1304 ὀλιγοψυχοῦντος
3135 1232 3230 1287 καὶ
3254 1230 3450 1302 μικροῦ
3473 1231 3585 1285 δεῖν
3604 1248 3702 1284 σα-

2127 1325 2427 1392 λευθέντος,
2453 1327 2542 1381 καὶ
2562 1327 2663 1398 τῆς
2697 1326 2873 1398 ψυχῆς
2904 1325 3004 1390 τὰς
3034 1326 3219 1396 βάσεις
3248 1323 3694 1396 περιτραπέντος,

2127 1419 2193 1474 δι’
2212 1419 2279 1483 ἃς
2307 1418 2454 1491 ἑώρα
2474 1419 2581 1474 τῶν
2600 1419 2810 1474 ἀσεϐῶν
2832 1418 2924 1473 καὶ
2947 1418 3123 1472 ἀθέων
3141 1416 3350 1489 ἀνδρῶν
3373 1415 3690 1486 εὐπραγίας.

2126 1511 2271 1583 Πλὴν
2319 1512 2767 1581 ἀποδυσπετήσας
2815 1512 2873 1563 ὲν
2921 1513 3035 1574 τοῖς
3079 1509 3335 1582 πρώτοις,
3364 1508 3558 1578 προῖὼν
3589 1507 3699 1581 τὴν,

2126 1603 2504 1676 καταστροφὴν
2534 1603 2714 1659 αὐτῶν
2740 1602 2983 1667 θεσπίζει
3000 1602 3174 1671 λέγων
3193 1618 3208 1633 ο
3231 1600 3565 1666 Κατέὄαλες
3584 1602 3692 1653 αὑ-

2125 1697 2269 1761 τοὺς
2297 1699 2367 1751 ἐν
2394 1696 2474 1761 τῷ
2497 1694 2849 1765 ἐπαρθῆναι.
2879 1693 3013 1761 Πῶς
3049 1692 3325 1764 ἐγένοντο
3357 1694 3445 1759 εὶς
3479 1690 3700 1761 ἐρήμω-

2058 1750 2098 1806 Β
2124 1804 2229 1844 σιν
2245 1750 2507 1855 agenda
2523 1805 2541 1853 ;
2559 1750 2895 1853 ’έξέλιποη
2924 1750 3237 1859 ἀπώλοντο
3259 1784 3357 1839 διὰ
3378 1750 3702 1852 τὴν

2122 1878 2266 1931 λίαν
2292 1876 2513 1943 αὐτῶν,
2546 1876 2642 1932 καὶ
2671 1875 2742 1931 τὰ
2772 1877 2982 1940 τούτοις
3009 1873 3299 1929 ἀκόλουθα.

2872 2077 2948 2132 Β¹.
3682 2106 3685 2109 λ

2204 2168 2262 2223 '0
2288 2166 2534 2241 δεύτερος
2555 2167 2648 2221 ὲπὶ
2680 2166 2859 2232 ποίαις
2878 2165 3260 2239 περιστάσεσιν
3282 2164 3350 2218 τὰ
3368 2164 3428 2218 ἐν
3447 2162 3526 2235 τῷ
3549 2179 3671 2231 πρω
3686 2194 3698 2203 -

2122 2277 2200 2331 τῳ
2231 2260 2454 2314 λέλεκτο
2477 2260 2738 2324 διδάσκει,
2770 2258 3171 2331 ἀποδυρόμενος
3208 2256 3306 2328 τῆς
3342 2254 3696 2328 Ἰερουσαλὴμ

2121 2352 2219 2424 τὴν
2251 2352 2485 2425 ἐσχάτην
2517 2351 2851 2424 πολιορκίαν,
2886 2352 2953 2423 ἢν
2982 2350 3248 2405 πέπονθεν
3285 2349 3381 2403 ἐπὶ
3410 2348 3522 2401 τῶν
3563 2348 3694 2402 Ῥω-

2126 2444 2337 2514 μαϊκῶν
2366 2442 2595 2515 χρόνων,
2628 2442 2908 2514 σημαίνων
2951 2459 3013 2495 τε
3058 2442 3157 2512 τὴν
3199 2441 3563 2495 ἐπανάστασιν
3585 2438 3694 2492 τῶν

2122 2535 2211 2588 τὸν
2259 2534 2421 2588 τόπον
2465 2533 2968 2606 πολιορκησάντωνο
3000 2534 3029 2587 ὃ
3052 2534 3114 2605 δὴ
3150 2534 3447 2606 παρίστησι
3479 2532 3687 2602 φήσαςο

2124 2628 2255 2681 Ἵνα
2266 2626 2344 2689 τι,
2374 2629 2407 2681 ό
2433 2625 2595 2691 Θεὸς,
2614 2624 2832 2680 ἀπώσω
2855 2628 2944 2691 εὶς
2957 2626 3150 2691 τέλος.
3175 2626 3432 2696 ὠργίσθη
3455 2626 3488 2678 ὀ
3509 2624 3697 2693 θυμός

2122 2734 2238 2774 σου
2277 2718 2377 2773 ἐπὶ
2416 2720 2679 2788 πρόϐατα
2720 2718 2912 2789 νομῆς
2956 2735 3106 2782 σου;
3137 2714 3235 2783 Οἷς
3266 2717 3392 2787 ἑξῆς
3419 2717 3656 2785 ἐπιλέγει
3675 2733 3691 2747 ’

2133 2811 2227 2876 Ὡς
2246 2812 2316 2865 ἐν
2336 2809 2535 2881 δρυμῷ
2563 2811 2766 2876 ξύλων
2787 2810 3023 2876 ἀξίναις
3049 2809 3352 2879 ἐξέκοψαν
3377 2810 3485 2875 τὰς
3515 2809 3700 2877 θύρας

2120 2903 2312 2973 αὐτῆς
2334 2904 2433 2957 ἐπὶ
2461 2902 2528 2957 τὸ
2554 2902 2721 2967 αὐτὸ,
2745 2902 2815 2956 ἐν
2844 2902 3061 2957 «eam
3087 2902 3186 2956 καὶ
3210 2901 3577 2970 λαξευτηρίῳ
3594 2917 3698 2956 κα-

2122 2995 2333 3064 τέρῤαξ
2336 3012 2412 3049 αν
2431 2994 2642 3063 αὑτήν.
2661 2995 3052 3063 Ἐνεπύρισαν
3065 2995 3136 3048 ἐν
3158 2992 3301 3064 πιφὶ
3329 2993 3397 3046 τὸ
3418 2992 3698 3063 (irruat-ri.

2116 3088 2254 3157 ριόν
2282 3101 2399 3142 σου
2417 3104 2431 3118 °
2458 3082 2541 3150 οἷς
2565 3083 2721 3150 αὖθις
2754 3085 2994 3154 ἐπιλέγει
3015 3103 3029 3117 ·
3056 3085 3131 3140 Τὰ
3149 3084 3368 3155 σημεῖα
3390 3083 3562 3154 ἡμῶν
3587 3087 3698 3139 οὐκ

2120 3179 2378 3249 δίδομεν*
2409 3181 2520 3234 οὐκ
2563 3178 2736 3233 ἐστιν
2780 3177 2869 3231 ἔτι
2920 3176 3250 3247 προφήτης,
3282 3177 3378 3231 καὶ
3420 3174 3579 3245 ἡμᾶς
3626 3178 3700 3232 οὐ

2122 3270 2413 3341 γνώσεται
2436 3271 2521 3324 ἔτι
2541 3287 2555 3301 ·
2582 3269 2659 3341 τῷ
2682 3269 2791 3341 γὰρ
2821 3269 3047 3338 φάσκειν
3081 3268 3278 3341 μηκέτι
3302 3270 3587 3343 προφήτας
3605 3285 3697 3337 γε-

2122 3361 2337 3430 γονέναι
2369 3360 2511 3416 κατὰ
2539 3361 2638 3432 τὴν
2668 3360 3001 3432 δηλουμένην
3029 3360 3339 3431 πολιορκίαν
3379 3363 3601 3432 σημεῖον
3628 3354 3699 3432 ἧν

2120 3453 2220 3524 τῆς
2249 3452 2486 3523 ὑστάτης
2533 3451 2709 3505 αὐτῶν
2759 3451 3383 3517 ἀποπτώσεως.”Επεται
3426 3452 3483 3506 δὲ
3526 3451 3698 3506 ταῦτα

2123 3544 2329 3616 σφόδρα
2355 3542 2663 3608 ἀκολούθως
2690 3546 2814 3608 ταῖς
2843 3543 2932 3597 διά
2967 3543 3077 3598 τῶν
3108 3542 3418 3614 ἔμπροσθεν
3447 3542 3573 3614 περὶ
3597 3541 3694 3595 τοῦ

2120 3634 2357 3708 Χριστοῦ
2389 3634 2693 3705 λεχθείσαις
2724 3635 3113 3707 προρρήσεσιν.
3132 3633 3350 3706 Ἐπειδὴ
3381 3633 3484 3704 γὰρ
3509 3631 3692 3685 ἐλθόν-

2119 3745 2188 3781 τα
2208 3726 2371 3781 αὑτὸν
2400 3726 2474 3799 μὴ
2497 3728 2877 3801 παρεδέξαντο,
2903 3728 3214 3797 ἀναγκαίως
3239 3727 3339 3800 τὴν
3367 3723 3691 3779 ἐπελθοῦσαν

2120 3820 2305 3883 αὐτοῖς
2330 3819 2500 3891 ὀργὴν
2535 3820 2675 3892 μετά
2717 3818 2783 3874 τά
2814 3821 2936 3875 κατ’
2959 3818 3124 3875 αὐτοῦ
3153 3819 3484 3891 τολμηθέντα
3509 3817 3694 3883 αὐτοῖς

2120 3907 2387 3973 θεσπίζει.
2467 3896 2474 3903 ’

2866 4022 2940 4078 I".

2200 4114 2259 4167 Ὀ
2286 4114 2469 4186 τρίτος
2493 4113 2585 4168 τοῦ
2627 4113 2798 4184 Ἀσάφ
2827 4116 2908 4179 είς
2934 4115 2996 4169 τὸ
3015 4115 3166 4179 τέλος
3196 4115 3558 4188 παραπέμπει
3608 4114 3704 4169 τὸν

2120 4207 2231 4268 τοῖς
2262 4205 2548 4277 προτέροις
2578 4207 2992 4277 ὲντετυχηκότα,
3024 4207 3119 4259 καὶ
3156 4208 3414 4278 παραινεῖ
3446 4205 3534 4275 μὴ
3568 4205 3703 4260 δια-

2120 4295 2369 4365 φθεῖραι.
2388 4297 2712 4370 Ἐπιγράφει
2738 4315 2796 4351 τε
2827 4297 2964 4371 πρὸς
2987 4298 3215 4362 τούτοις,
3251 4299 3334 4352 ὅτι
3366 4298 3460 4352 καὶ
3483 4298 3706 4370 ψαλμὸς

444 4371 718 4440 declarat,
752 4379 882 4449 quia
913 4396 1104 4437 eorum
1136 4384 1229 4453 qui
1266 4383 1321 4438 in
1350 4384 1633 4442 Christum
1665 4363 2018 4444 crediderunt

2124 4391 2206 4460 εἴη
2251 4363 2351 4443 καὶ
2396 4363 2760 4462 ᾠδήλ-ὲπειδὴ
2813 4363 3055 4464 περιέχει
3099 4391 3448 4463 εὐχαριστίαν
3474 4363 3703 4456 τῶννεῐς

444 4468 747 4537 gratiarum
800 4475 1071 4532 actionem
1123 4478 1531 4548 complectitur.
1582 4479 1840 4536 Divinum
1887 4482 2016 4539 item

439 4552 705 4632 judicium
731 4574 1031 4631 memorat,
1057 4578 1350 4638 narratque
1376 4569 1649 4639 quomodo
1671 4573 2019 4629 constituerit

445 4643 589 4702 diem
610 4650 805 4719 judicii
825 4694 839 4720 ,
864 4671 974 4725 quo
994 4658 1184 4714 reddet
1208 4661 1504 4732 unicuique
1528 4663 1828 4718 secundum
1853 4680 2016 4735 opera

445 4738 604 4807 ejus,
645 4742 722 4797 ita
764 4752 822 4800 ut
870 4748 965 4819 qui
1011 4750 1067 4804 in
1112 4755 1366 4821 praesenti
1399 4755 1510 4809 vita
1540 4757 1802 4812 aerumnis
1834 4758 2015 4812 alllicti

445 4825 690 4899 fuerint,
723 4833 905 4891 futura
942 4839 998 4893 in
1038 4839 1149 4896 Deo
1178 4846 1419 4914 reposita
1452 4862 1549 4916 spe
1576 4862 1687 4902 non
1718 4848 2012 4916 excidant;

448 4923 545 4992 qui
579 4940 710 4980 vero
751 4927 854 4983 hoc
884 4937 1130 5000 tempore
1159 4935 1287 4988 elati
1332 4947 1522 4991 contra
1553 4937 1831 4994 Christum
1861 4956 2015 4996 arro-

447 5023 641 5086 ganter
669 5019 915 5087 egerint,
948 5021 1207 5079 ultionem
1250 5024 1307 5079 in
1339 5027 1527 5083 futura
1556 5028 1666 5083 vita
1697 5045 1810 5084 non
1847 5029 2019 5086 decli-

445 5114 599 5165 nent.
642 5108 985 5180 Quapropter
1023 5130 1091 5169 ex
1133 5131 1365 5186 persona
1410 5122 1820 5191 apostolorum,
1851 5121 2018 5178 disci-

447 5201 701 5283 pulorum
730 5209 787 5257 et
824 5207 1286 5276 evangelistarum
1331 5210 1635 5270 Salvatoris
1677 5215 1857 5271 nostri
1898 5216 2015 5271 haec

445 5293 767 5364 pronuntiat
795 5310 809 5349 :
843 5293 1221 5367 Conﬁtebimur
1248 5304 1378 5366 tibi,
1402 5303 1566 5370 Deus,
1591 5315 1639 5361 et
1663 5307 2018 5364 invocabimus

444 5404 632 5447 nomen
661 5398 828 5444 tuum.
855 5389 932 5446 De
954 5390 1022 5447 iis
1047 5408 1178 5448 vero
1201 5394 1295 5466 qui
1320 5395 1375 5450 in
1401 5394 1740 5457 Salvatorem
1766 5407 2018 5457 nostrum

2122 4481 2215 4535 τὸν
2262 4482 2494 4552 Χριστὸν
2524 4481 2983 4535 πεπιστευκότων.
3018 4482 3128 4536 Καὶ
3171 4482 3268 4554 τὴν
3314 4480 3405 4535 τοῦ
3445 4481 3580 4534 Θεοῦ
3624 4481 3704 4535 δι·-

2124 4576 2467 4647 καιοκρισίαν
2496 4576 2790 4648 παρίστησι
2816 4575 3078 4631 διδάσκων
3121 4578 3271 4641 ὅπως
3316 4578 3543 4649 ἔστησεν
3570 4578 3703 4649 ήμέ·

2127 4686 2227 4739 ραν
2260 4670 2513 4741 κρίσεως,
2547 4662 2661 4743 ὲνῇ
2693 4668 2960 4723 ἀποδώσει
3001 4670 3215 4741 ἑκάστῳ
3262 4669 3404 4725 κατὰ
3449 4668 3519 4726 τὰ
3561 4670 3703 4740 ἔργα

2124 4759 2311 4815 αὐτοῦ.
2340 4762 2450 4814 Καὶ
2477 4760 2601 4814 οὔτε
2632 4763 2681 4814 οἱ
2711 4761 2851 4816 κατά
2886 4762 2979 4816 τὸν
3005 4763 3245 4835 παρόντα
3279 4763 3391 4834 βίον
3417 4762 3701 4833 κακούμε-

2123 4871 2202 4907 νοι
2226 4855 2325 4924 τῆς
2358 4853 2508 4925 παρά
2534 4853 2610 4925 τῷ
2643 4852 2762 4925 Θεῷ
2795 4854 3093 4927 μελλούσης
3121 4854 3333 4920 ἐλπίδος
3362 4854 3703 4909 ἁποπεσοῦν⁹

2122 4962 2232 5012 ται,
2253 4944 2365 4998 οὔθ’
2382 4948 2430 4998 οί
2460 4945 2599 4999 κατὰ
2628 4945 2719 5000 τὸν
2738 4946 3007 5000 ἐνεστῶτα
3038 4946 3226 5018 καιρὸν
3252 4944 3578 5017 ἐπαρθέντες
3602 4944 3698 4998 καὶ

2124 5036 2715 5108 καταλαζονευσάμενοι
2757 5038 2850 5092 τοῦ
2880 5038 3116 5111 Χριστοῦ
3145 5036 3487 5110 ἀτιμώρητον
3510 5036 3697 5104 ἕξουσι

2121 5131 2210 5183 τὸν
2249 5128 2385 5201 μετὰ
2419 5131 2591 5185 ταῦτα
2621 5131 2754 5202 βίον.
2782 5132 2872 5185 Διὸ
2915 5134 2979 5186 ὲκ
3020 5129 3307 5205 προσώπου
3343 5131 3439 5202 μὲν
3459 5129 3572 5183 τῶν
3603 5126 3697 5183 τοῦ

2124 5219 2373 5290 Σωτῆρος
2396 5219 2554 5291 ἡμῶν
2582 5222 2893 5276 ἀποστόλων
2919 5221 3012 5276 καὶ
3056 5221 3314 5295 μαθητῶν
3343 5221 3437 5275 καλ⁸
3464 5221 3698 5289 εὐαγγεο

2122 5309 2319 5365 λιστῶν
2363 5312 2637 5381 ἀναφωνεῖ
2690 5313 2779 5367 τόο
2824 5313 3410 5385 Ἐξομολογησόμεθά
3469 5328 3571 5366 σοι
3595 5351 3613 5376 ,
3663 5312 3698 5364 ὀ

2128 5402 2291 5469 Θεὸς,
2316 5403 2415 5458 καί
2454 5404 2932 5478 ἐπικαλεσόμεθα
2956 5406 3025 5463 τὸ
3062 5406 3249 5478 ὄνομὰ
3270 5421 3387 5464 σου
3405 5421 3419 5437 ·
3474 5404 3606 5481 περὶ
3637 5398 3699 5456 δι

515 5547 561 5578 ⁷³
605 5546 944 5615 Psal.i.xxn,
985 5549 1188 5617 18,19.
1262 5551 1307 5582 τ’
1336 5550 1482 5610 Psal.
1509 5570 1702 5622 Lxxnt,
1728 5542 1839 5619 1-9.
1906 5556 1964 5615 ,⁸ο
1994 5554 2412 5629 Psal.t.xxtv,l.

520 5728 594 5799 (l)
634 5727 761 5785 Vide
789 5746 953 5803 supra
993 5730 1059 5786 ad
1094 5733 1231 5804 psal,
1262 5747 1386 5791 XLIX
1424 5731 1595 5789 initio.
