4008 6210
273 292 373 348 89.5

1394 294 1900 352 COMMENTARIA
1939 292 2009 348 IN
2037 292 2379 351 PSALMOS.

3420 291 3528 354 8‘26

267 412 375 466 τῶν
398 412 467 467 τά
497 413 637 492 κατά
661 414 754 468 τοῦ
780 415 1035 489 Σωτῆρος
1049 417 1207 490 ἡμῶν
1230 419 1619 491 τολμησάντων
1644 422 1850 491 προϊων

1961 417 2085 472 talia
2116 432 2238 472 aus:
2273 424 2402 472 sunt
2434 415 2539 473 sub
2575 415 2691 472 haec
2720 417 2912 488 adjicit
2943 437 2955 474 :
2990 416 3118 473 Dixi
3146 417 3341 488 iniquis
3365 432 3385 473 :
3418 415 3535 471 No-

270 506 459 575 ἐπάγει
491 508 572 560 τό·
608 503 766 562 Εἴπα
796 508 919 575 τοῖς
956 496 1406 581 παρανομοῦσι·
1451 511 1549 580 Μὴ
1601 525 1854 581 παρανο-

263 597 445 669 Ῑιεῖτε,
478 599 575 653 καὶ
621 599 749 665 τοῖς
788 600 1193 670 ἁμαρτάνουσι
1212 620 1224 634 ’
1254 602 1351 671 Μὴ
1384 604 1619 673 ὑψοῦτε
1651 603 1848 673 κέρας.

270 689 363 759 Μὴ
395 691 669 762 ἐπαίρετε
698 695 786 758 εὶς
805 694 963 762 ὕψος
981 694 1046 748 τὸ
1067 693 1247 764 κέρας
1276 695 1462 766 ὑμῶν,
1483 695 1571 765 μὴ
1611 696 1869 751 λαλεῖτε·

268 784 421 838 κατὰ
453 785 560 840 τοῦ
595 786 743 841 Θεοῦ
792 785 1046 841 ἀδικίαν.
1087 785 1200 843 Εἴθ’
1236 788 1364 853 ὲξῆς
1393 788 1453 854 ἐξ
1484 788 1650 842 αὐτοῦ
1686 806 1854 859 προσ-

267 872 419 928 ώπου
458 873 551 928 τοῦ
579 875 813 947 Χριστοῦ
846 878 1096 950 ἐπιφέρει
1128 878 1220 931 τόο
1267 877 1407 948 Ἐγὼ
1442 877 1511 931 δὲ
1537 877 1854 948 ἀπαγγελῶ

266 963 358 1028 είς
397 964 503 1018 τὸν
539 963 744 1029 αἰῶνα,
782 965 962 1036 ψαλῶ
994 966 1076 1033 τῷ
1103 967 1225 1034 Θεῷ
1260 968 1476 1026 Ἰακώϐ.
1503 968 1616 1022 Καὶ
1656 968 1855 1023 πάντα

267 1050 343 1107 τὰ
370 1054 585 1125 κέρατα
610 1054 730 1111 τῶν
747 1057 1112 1128 ἁμαρτωλῶν
1129 1058 1480 1122 συνθλάσω,
1505 1057 1601 1112 καὶ
1621 1060 1853 1130 ὑψωθή-

265 1160 437 1204 σεται
470 1149 541 1204 τὰ
576 1148 793 1205 κέοατα
828 1152 934 1207 τοῦ
960 1151 1217 1206 δικαίου.

1028 1268 1103 1321 Δ’.

332 1352 447 1409 Καὶ
476 1356 506 1408 ὁ
534 1355 725 1429 παρὼν
739 1356 953 1429 ψαλμδς
984 1357 1233 1410 λέλεκται
1250 1359 1353 1412 Ἑν
1380 1358 1593 1427 ὕμνοις
1611 1375 1624 1389 ⁸
1655 1360 1717 1413 οὐ
1751 1358 1849 1430 μό-

263 1462 354 1501 νον
380 1446 518 1501 άλλὰ
563 1450 658 1501 καὶ
698 1448 812 1521 ᾠδὴ
851 1451 1108 1520 τυγχάνει
1136 1450 1539 1521 ἀναπέμπουσα
1568 1454 1646 1516 εἰς
1674 1454 1735 1507 τὸ
1761 1454 1852 1507 τέ-

261 1523 376 1604 λος.
411 1540 716 1611 Διαγράφει
761 1541 818 1595 δὲ
851 1541 961 1595 τῶν
995 1542 1096 1613 μὲν
1131 1541 1446 1597 ἀποστόλων
1477 1544 1572 1598 τοῦ
1602 1545 1856 1616 Σωτῆρος

261 1632 362 1687 καὶ
397 1636 496 1705 τῆς
534 1633 858 1705 Ἐκκλησίας
887 1633 1049 1687 αὐτοῦ
1082 1633 1179 1707 τὴν
1219 1636 1537 1705 ἀσφάλειαν,
1583 1636 1749 1691 αὐτοῦ
1796 1637 1854 1691 δὲ

260 1724 366 1796 τὴν
393 1726 450 1779 ὲν
474 1726 666 1797 εἰρήνῃ
699 1725 864 1798 μονὴν
888 1728 982 1781 καὶ⁵
1004 1728 1212 1792 στάσιν,
1231 1730 1326 1782 καὶ
1353 1730 1451 1799 τὴν
1473 1729 1566 1782 ἐπὶ
1591 1732 1692 1800 τῆς
1721 1730 1855 1782 Ἰου-

1954 508 2051 562 lite
2079 510 2259 579 inique
2283 525 2479 579 agere;
2505 517 2552 562 et
2584 508 3007 580 delinquentibus
3034 526 3053 564 :
3084 507 3269 564 Nolite
3293 509 3535 563 exaltare

1954 616 2138 653 cornu.
2175 598 2357 654 Nolite
2382 600 2637 655 extollere
2666 604 2720 654 in
2752 601 2923 654 altum
2951 617 3114 655 cornu
3144 609 3374 654 uestrum
3394 640 3409 662 ,
3439 617 3536 653 no-

1954 691 2047 746 lite
2082 690 2227 761 loqui
2270 691 2526 745 adversus
2568 691 2738 746 Deum
2781 692 3136 762 iniquitatem.
3167 690 3373 745 Deinde
3405 706 3536 745 vero

1953 800 2018 838 ex
2054 799 2287 852 persona
2317 785 2491 854 ipsius
2522 782 2729 839 Christi
2763 784 2951 840 addit:
2987 783 3098 854 Ego
3129 794 3304 837 autem
3336 799 3537 836 ant-un-

1956 874 2100 927 tiabo
2145 875 2199 926 in
2242 874 2536 939 saeculum,
2587 875 2815 929 cantabo
2860 875 2968 930 Deo
3008 875 3196 930 Jacob.
3247 874 3315 928 Et
3354 875 3534 929 omnia

1954 981 2155 1019 cornua
2210 977 2549 1034 peccatorum
2604 968 2987 1040 confringant,
3045 978 3096 1023 et
3150 968 3534 1023 exaltabuutur

1953 1074 2155 1112 cornua
2175 1058 2336 1128 justi.

2698 1279 2789 1334 IV.

2022 1368 2274 1424 Praesens
2312 1384 2533 1440 quoque
2570 1370 2817 1441 psalmus
2846 1369 2911 1425 In
2963 1371 3178 1442 hymnis
3214 1374 3258 1406 ⁸¹
3292 1373 3531 1444 dicitur;

1954 1462 2088 1532 quin
2129 1461 2294 1515 etiam
2335 1462 2615 1517 canticum
2652 1470 2735 1518 est
2770 1461 2837 1517 ad
2877 1463 3040 1519 ﬁnem
3081 1466 3392 1523 remittens.
3431 1466 3535 1524 Dc-

1956 1554 2148 1610 scribit
2194 1569 2323 1608 vero
2371 1555 2751 1625 apostolorum
2810 1555 3121 1615 Servatoris
3171 1570 3224 1615 et
3274 1557 3536 1618 Ecclesiae

1952 1648 2132 1719 ipsius
2172 1647 2567 1715 securitatem;
2612 1648 2789 1719 ipsius
2826 1665 2958 1705 vero
2997 1651 3203 1708 Christi
3248 1657 3534 1726 paciﬁcum

1955 1739 2295 1793 mansionem
2331 1745 2387 1793 et
2421 1750 2624 1794 statum
2650 1780 2667 1805 ,
2699 1742 2929 1812 ejusque
2964 1742 3018 1797 in
3052 1741 3295 1799 Iudaeam
3330 1747 3537 1803 adven-

263 1791 426 1878 δάίας
458 1791 763 1888 πάρὸυὲεὰν
784 1835 798 1848 ⁸
822 1791 930 1871 ’καὶ
951 1818 1079 1890 ὼςὴ
1108 1818 1333 1891 ἀληθινὴ
1354 1791 1519 1873 abem“:
1550 1791 1728 1884 πόὶξις,
1757 1821 1851 1873 καὶ

2221 1791 2234 1792 ι
2343 1791 2380 1793 μ
2423 1791 2464 1794 ν
2652 1791 2666 1805 ,
2707 1791 2927 1812 Ἴηη--
3054 1791 3295 1799 ----.._.--
3330 1791 3505 1803 πη..

1961 1833 2094 1888 ium.
2154 1828 2461 1901 Narratque
2517 1847 2703 1886 veram
2750 1833 2873 1902 ejus
2931 1834 3246 1903 civitatem,
3297 1846 3351 1894 et
3403 1838 3537 1914 Sion

261 1906 328 1961 τὸ
361 1906 500 1961 Σιὼν
531 1908 656 1981 ὅρος
676 1909 738 1963 τὸ
770 1910 1021 1981 ἀληθινὸν
1061 1910 1226 1965 αὐτοῦ
1265 1912 1577 1986 οἰκητήριον
1620 1913 1851 1968 πάντοτε

265 2000 630 2075 εἰρηνεύεται,
676 2003 798 2057 οὐδὲ
837 2003 1057 2057 πώποτε
1087 2002 1303 2076 ἐχθροῖς
1334 2005 1645 2077 ὑποχείριον
1671 2006 1854 2076 γιγνό-

266 2096 530 2166 μενον.⁶ὐ
562 2094 626 2165 δὴ
654 2094 907 2165 σημαίνει
930 2093 1102 2163 λέγων
1121 2110 1135 2124 '
1184 2095 1469 2162 Γνωστὸς
1503 2096 1574 2150 ἐν
1602 2095 1677 2165 τῇ
1710 2098 1851 2151 Ἰου-

258 2186 407 2255 δαίᾳ
436 2190 470 2242 d
503 2189 667 2253 Θεὸς,
692 2188 764 2242 ἐν
785 2184 865 2252 τῷ
904 2186 1144 2257 Ἰσραὴλ
1161 2185 1317 2259 μέγα
1339 2187 1403 2241 τὸ
1426 2187 1616 2257 ὄνομα
1643 2187 1850 2242 αὑτοῦ.

271 2278 558 2348 Ἐγενήθη
582 2277 791 2349 εἰρήνη
819 2281 852 2333 ό
874 2279 1056 2343 τόπος
1078 2278 1267 2333 αὐτοῦ
1290 2278 1476 2333 καὶτὸ
1505 2278 1858 2348 κατοικητή-

253 2386 395 2439 ριον
416 2368 604 2424 αὐτοῦ
631 2368 703 2422 ἐν
723 2367 897 2422 Σιών.
922 2363 1037 2421 Εἴθ’
1058 2366 1185 2439 ἑξῆς
1210 2368 1319 2421 τῶν
1342 2366 1550 2439 ἐχθρῶν
1574 2366 1739 2422 αὑτοῦ
1760 2370 1855 2423 καὶ

254 2459 370 2513 τῶν
398 2460 500 2531 τῆς
529 2459 856 2532 Ἐκκλησίας
874 2459 1041 2514 αὐτοῦ
1071 2460 1345 2531 πολεμίων
1367 2461 1466 2533 τὴν
1488 2460 1699 2514 πτῶσιν
1725 2477 1855 2533 παρ-

260 2552 481 2626 ίστησιν
528 2547 630 2608 ὧδε
679 2554 933 2623 φάσκων·
982 2553 1145 2609 Ἐκεῖ
1174 2553 1504 2622 συνέτριψε
1546 2552 1619 2608 τὰ
1667 2552 1855 2623 κράτη

254 2644 381 2700 τῶν
430 2645 642 2713 τόξων,
675 2646 870 2701 ὅπλον
919 2644 1017 2699 καὶ
1042 2646 1352 2715 ῥομφαίαν
1404 2646 1502 2699 καὶ
1550 2647 1854 2715 πόλεμονο

255 2738 357 2794 καὶ
391 2738 585 2793 πάλιν·
638 2737 1088 2808 Ἐταρὰχθησαν
1112 2736 1337 2803 πάντες
1358 2741 1413 2793 ol
1458 2739 1742 2793 ἀσύνετοι
1780 2737 1856 2807 τῇ

255 2829 499 2901 καρδίᾳ.
537 2829 859 2882 Ὕπνωσαν
905 2829 1104 2883 ὕπνον
1133 2827 1351 2894 αὐτῶν,
1389 2830 1488 2883 καὶ
1528 2832 1641 2898 οὐχ
1676 2828 1858 2902 εὗρον

256 2921 452 2978 οὐδὲν
482 2921 706 2987 πάντες
729 2925 784 2977 ol
811 2921 1026 2991 ἄνδρες
1049 2922 1156 2978 τοῦ
1183 2923 1453 2977 πλούτου
1496 2923 1626 2991 ταῖς
1647 2927 1859 2996 χερσὶν

252 3014 487 3072 αὐτῶν.
505 3014 637 3068 Ἀπὸ
663 3011 1055 3082 ἐπιτιμήσεως
1074 3028 1212 3078 σου,
1238 3017 1271 3068 ὁ
1301 3013 1445 3079 Θεὸς
1480 3015 1697 3082 Ἰακὼϐ,
1724 3019 1859 3074 ἐνύ-

1953 1930 2195 1977 montem
2218 1962 2233 1988 ,
2269 1922 2391 1990 eius
2422 1938 2613 1978 verum
2649 1923 2989 1980 domicilium
3015 1968 3030 1990 ,
3068 1927 3123 1983 in
3155 1944 3289 1999 pace
3320 1946 3537 2002 semper

1954 2013 2195 2079 versari,
2235 2029 2415 2086 neque
2454 2015 2784 2086 unquamin
2813 2015 3058 2072 hostium
3097 2019 3361 2076 ditionem
3403 2037 3540 2077 ven-

1955 2112 2140 2160 turum
2169 2121 2314 2162 esse.
2359 2105 2518 2174 Quod
2558 2122 2694 2163 sane
2728 2106 2815 2162 his
2846 2109 3031 2165 verbis
3064 2109 3373 2183 signiﬁcat:
3417 2111 3538 2169 No-

1955 2207 2040 2254 tus
2076 2201 2132 2255 in
2159 2199 2357 2256 Juda'a
2390 2201 2533 2257 Deus
2555 2242 2570 2266 ,
2603 2202 2659 2255 in
2694 2201 2869 2257 Israel
2902 2219 3153 2275 magnum
3183 2222 3369 2261 nomen
3399 2207 3535 2277 ejus.

1956 2290 2161 2348 Factus
2188 2301 2267 2348 est
2296 2310 2402 2364 pax
2429 2295 2578 2349 locus
2610 2296 2725 2364 ejus
2747 2336 2761 2360 ,
2786 2304 2838 2350 et
2865 2296 3127 2352 habitatio
3156 2297 3272 2368 ejus
3301 2300 3355 2353 in
3383 2299 3538 2356 Sion.

1959 2380 2076 2436 Sub
2109 2383 2225 2438 haec
2259 2384 2608 2439 inimicorum
2660 2386 2817 2456 ejus,
2863 2403 3080 2444 necnon
3124 2389 3382 2448 Ecclesia:
3418 2393 3540 2464 ejus

1957 2473 2199 2529 hostium
2228 2477 2446 2531 ruinam
2487 2478 2732 2534 declarat
2766 2479 2852 2534 his
2891 2481 3111 2537 verbis:
3157 2481 3243 2537 Ibi
3280 2486 3540 2558 confregit

1956 2568 2222 2636 potentias
2264 2584 2519 2633 arcuum,
2571 2570 2733 2624 telum
2759 2610 2773 2635 ,
2819 2570 3055 2641 gladium
3101 2583 3152 2628 et
3195 2574 3432 2640 bellum;
3475 2592 3542 2633 ac

1958 2674 2177 2714 rursum
2206 2677 2219 2714 :
2250 2659 2474 2714 Turbati
2501 2669 2623 2715 sunt
2650 2680 2828 2717 omnes
2858 2664 3159 2732 insipientes
3188 2667 3364 2722 corde.
3398 2669 3541 2723 Dor-

1958 2752 2189 2806 mierunt
2231 2769 2476 2807 somnum
2520 2770 2712 2820 suum,
2757 2766 2808 2810 et
2850 2755 2988 2810 nihil
3025 2756 3334 2814 invenerunt
3363 2778 3539 2817 omnes

1958 2841 2058 2896 uiri
2085 2841 2393 2898 divitiarum
2418 2846 2474 2899 in
2502 2848 2747 2902 manibus
2775 2849 2910 2904 suis.
2940 2851 3019 2906 Ab
3041 2853 3402 2923 increpatione
3423 2856 3537 2920 tu‘a,

1958 2933 2101 2988 Deus
2139 2933 2343 3000 Iacob,
2386 2936 2807 2993 dormitaverunt
2846 2957 3026 2997 omnes
3062 2944 3154 3015 qui
3192 2944 3541 2999 ascenderunt

1957 3043 2138 3096 equos.
2175 3025 2386 3094 Quibus
2417 3030 2716 3100 gloriosum
2745 3029 3055 3091 Servatoris
3084 3036 3377 3091 adventum
3408 3036 3543 3092 sub-

255 3109 509 3173 σταξαν
536 3103 758 3169 πάντες
786 3107 840 3159 ol
870 3104 1287 3174 ἐπιϐεϐηκότες
1309 3105 1451 3171 τοὺς
1488 3108 1713 3174 ἵππους
1730 3123 1746 3139 ⁶
1777 3105 1856 3175 οἷς

1961 3117 2081 3187 jicit
2129 3118 2361 3176 dicens:
2418 3120 2496 3175 De
2548 3122 2678 3177 caelo
2725 3123 2968 3179 auditum
3024 3127 3197 3196 fecisti
3239 3128 3537 3200 judicium,

256 3199 630 3259 ὲπισυνάπτει
664 3196 763 3269 τὴν
792 3196 999 3261 ἔνδοξον
1026 3197 1120 3251 τοῦ
1156 3198 1407 3269 Σωτῆρος
1437 3203 1739 3271 παρουσίαν
1769 3202 1857 3257 λέ-

252 3313 374 3365 γων
395 3312 410 3327 ο
461 3294 555 3346 Ἐκ
584 3290 690 3345 τοῦ
715 3290 973 3358 οὐρανοῦ
1002 3291 1336 3358 ήκούτισας
1366 3291 1591 3360 κρίσιν,
1617 3292 1695 3363 γῆ
1717 3294 1857 3364 ἐφο-

1964 3218 2107 3265 terra
2136 3213 2350 3267 tremuit
2379 3222 2427 3267 et
2459 3214 2687 3285 quievit,
2719 3232 2838 3270 cum
2868 3229 3172 3290 exsurgeret
3199 3221 3254 3274 in
3276 3221 3542 3290 judicium

1963 3300 2107 3356 Deus
2128 3343 2144 3367 ,
2174 3312 2234 3357 ut
2264 3303 2440 3359 salvos
2471 3304 2669 3374 faceret
2697 3323 2874 3363 omnes
2905 3325 3050 3380 reges
3082 3318 3258 3365 teme.

254 3390 416 3459 ϐήθη
452 3386 552 3442 καὶ
579 3386 901 3455 ἡσύχασεν
925 3384 996 3439 ἐν
1026 3383 1107 3451 τῷ
1133 3384 1508 3456 καταστῆναι
1561 3390 1650 3455 εὶς
1685 3391 1890 3459 κρίσιν
1925 3395 2033 3451 τὸν
2071 3398 2246 3467 Θεὸν,
2274 3400 2383 3455 τοῦ
2418 3398 2615 3456 σῶσαι
2647 3401 2879 3469 πάντας
2905 3403 3050 3470 τοὺς
3106 3405 3391 3471 βασιλεῖς
3430 3402 3542 3472 τῆς

252 3485 395 3558 τῆς·

1020 3603 1097 3657 Ε⁹.

325 3701 448 3757 Καὶ
476 3699 505 3752 ὁ
540 3696 678 3761 μετὰ
700 3699 889 3769 χεῖρας
921 3694 1014 3750 τοῦ
1044 3695 1144 3767 μὲν
1183 3696 1357 3767 Ἀσάφ
1400 3698 1679 3770 τυγχάνει,
1718 3702 1850 3757 ὑπο-

251 3790 472 3863 γράφει
498 3789 576 3854 δὲ,
601 3788 781 3857 Ὑπὲρ
813 3786 1093 3857 ἰδιθούμο
1128 3789 1257 3859 περὶ
1295 3783 1356 3845 οὗ
1391 3791 1853 3865 προδιειλήφαμεν

248 3884 341 3940 διὰ
362 3884 488 3938 τῶν
508 3880 1062 3954 ἔμπροσθεν.Ἔοικεν
1090 3880 1149 3934 δὲ
1177 3882 1318 3954 ὑπὲρ
1342 3882 1437 3936 τοῦ
1471 3884 1707 3955 ἰδιθοὺμ
1730 3904 1853 3941 συνο

250 3977 486 4033 τάττειν
515 3976 638 4039 τοὺς
672 3973 882 4043 λόγους,
913 3971 1083 4027 πολλὰ
1118 3972 1195 4038 ὡς
1235 3975 1461 4040 εἰκότως
1493 3977 1578 4048 ἐφ’
1605 3973 1687 4043 οἷς
1718 3979 1855 4051 ἀκή-

251 4084 381 4123 κοεν
405 4066 547 4138 περὶ
572 4062 667 4117 τοῦ
694 4061 823 4116 λαοῦ
854 4062 1367 4132 καταστενάζοντος,
1399 4066 1856 4139 λειποθυμοῦντός

250 4177 313 4214 τε
341 4160 453 4232 ἤδη
488 4157 582 4211 καὶ
614 4154 807 4228 μικροῦ
849 4154 959 4209 δεῖν
1006 4155 1100 4209 καὶ
1146 4156 1336 4210 ἑαυτὸν
1386 4158 1854 4229 ἀπογινώσκοντας

250 4252 342 4306 διὰ
386 4250 501 4313 τὰς
552 4246 646 4301 τοῦ
680 4244 809 4300 λαοῦ
841 4240 1185 4317 παρανομίας
1230 4248 1325 4301 καὶ
1367 4248 1434 4302 τὰ
1465 4250 1856 4323 συμϐησόμενα

251 4344 319 4399 δι’
344 4341 531 4404 αὐτὰς
577 4339 657 4410 τῷ
692 4339 851 4393 παντὶ
894 4338 1053 4392 ἔθνει.
1089 4339 1166 4390 Δι’
1195 4339 1224 4391 ὃ
1255 4340 1313 4393 ὲν
1341 4340 1481 4412 ἀρχῇ
1530 4342 1628 4413 μὲν
1672 4342 1748 4405 ὼς
1793 4345 1858 4396 ἐκ

2026 3701 2127 3758 Hic
2152 3702 2281 3759 item
2307 3705 2550 3774 psalmus
2573 3705 2778 3777 Asaphi
2805 3716 2890 3763 est
2916 3726 2929 3763 :
2963 3707 3161 3766 titulus
3192 3718 3375 3767 autem
3410 3711 3533 3782 ejus

1956 3799 2068 3857 est,
2105 3790 2209 3848 Pro
2237 3792 2477 3848 Iditltum
2504 3794 2549 3827 "
2577 3810 2592 3861 ;
2622 3794 2692 3853 de
2706 3810 2817 3866 quo
2840 3796 2951 3866 jam
2981 3801 3256 3871 superius.
3288 3799 3540 3858 Videtur-

1960 3898 2067 3953 que
2100 3898 2409 3940 sermonem
2440 3896 2623 3941 texere
2655 3900 2757 3954 pro
2788 3884 3025 3943 ldithum
3048 3929 3064 3955 ,
3091 3890 3185 3961 qui
3218 3892 3407 3948 audito
3440 3909 3540 3965 po-

1960 3976 2075 4047 puli
2120 3983 2307 4042 statu,
2356 3978 2624 4043 multum,
2673 3987 2735 4033 ut
2781 3993 2882 4049 par
2923 3988 3077 4046 erat,
3112 3981 3536 4054 ingemiscchat,

1956 4065 2182 4137 jamque
2209 4067 2393 4123 animo
2420 4066 2745 4134 deﬁciebat,
2778 4078 2946 4141 atque
2973 4071 3046 4127 ob
3075 4073 3259 4142 populi
3292 4075 3500 4130 scelera
3520 4116 3536 4139 ,

1960 4172 2025 4211 ac
2066 4157 2280 4215 futuras
2321 4158 2444 4214 ideo
2483 4161 2757 4218 universa:
2799 4163 2950 4233 genti
2991 4163 3364 4230 calamitates,
3402 4180 3541 4235 pene

1961 4248 2306 4319 desperabat.
2352 4249 2533 4317 Quare
2579 4253 2634 4306 in
2674 4254 2948 4324 principio
2978 4254 3233 4323 quidem,
3272 4256 3435 4325 quasi
3469 4271 3567 4324 ex.

1963 4356 2197 4411 persona
2228 4342 2402 4412 ipsius
2435 4344 2516 4398 sic
2549 4344 2712 4399 habet
2739 4365 2752 4399 :
2793 4345 2927 4398 Voce
2956 4361 3073 4399 mea
3117 4345 3185 4398 ad
3224 4346 3390 4399 Deum
3423 4346 3543 4399 cla-

254 4435 567 4508 προσώπου
613 4432 778 4487 αὑτοῦ
826 4429 1009 4501 τίθησι
1049 4429 1131 4493 τὸ,
1164 4430 1341 4499 Φωνιῇ
1388 4451 1509 4501 μου
1557 4434 1708 4503 πρὸς
1749 4435 1856 4489 τὸν

1964 4434 2103 4487 maoi
2128 4472 2143 4496 ,
2178 4450 2297 4488 uoce
2328 4450 2444 4487 mea
2473 4433 2542 4487 ad
2578 4434 2746 4488 Deum
2771 4476 2786 4500 ,
2816 4445 2867 4489 et
2901 4438 3124 4490 intendit
3154 4437 3302 4492 mihi.
3338 4437 3548 4496 Deinde

259 4529 414 4584 Θεὸν
465 4525 781 4596 ἐκέκραξα,
820 4523 992 4595 φωνῇ
1035 4542 1155 4594 μου
1208 4524 1358 4594 πρὸς
1405 4526 1513 4581 τὸν
1560 4529 1728 4596 Θεὸν,
1762 4528 1856 4583 καὶ

1963 4540 2093 4579 vero
2125 4540 2283 4579 suum
2305 4526 2487 4578 animi
2519 4526 2819 4595 deliquium
2852 4528 3164 4583 subindicat
3193 4529 3280 4585 his
3312 4531 3536 4589 verbis:

258 4620 584 4693 προσέσχε
616 4635 746 4688 μοι·
782 4613 878 4671 εἷθ’
910 4616 1040 4687 ἑξῆς
1071 4616 1170 4688 τὴν
1216 4619 1519 4691 γενομένην
1545 4621 1694 4692 αὐτῷ
1726 4620 1863 4675 aes.

263 4715 401 4786 μίαν
435 4712 727 4781 ὑποφαίνει
757 4710 928 4781 λέγων
946 4728 961 4741 ο
1007 4710 1374 4778 Ἀπηνήνατο
1403 4713 1863 4783 παρακληθῆναι

259 4806 301 4875 ἠ
338 4805 522 4878 ψυχή
570 4821 711 4874 μου,
742 4802 1126 4872 ἠδολέσχησε
1164 4804 1261 4857 καὶ
1312 4805 1740 4875 ὼλιγοψύχησε
1796 4806 1865 4860 τὸ

261 4898 514 4969 πνεῦμά
540 4894 1068 4968 μου.Ὲταράχθην
1113 4896 1214 4950 καὶ
1259 4898 1371 4952 οὐκ
1418 4898 1719 4968 ἐλάλησα.
1753 4900 1863 4953 Καὶ

264 4992 522 5060 ἐπιλέγει
545 5008 559 5022 ο
591 4992 838 5060 Νύκτωρ
871 4992 1022 5059 μετὰ
1070 4988 1179 5057 τῆς
1222 4989 1470 5059 καρδίας
1493 5009 1613 5060 μου
1650 4989 1866 5059 ἡδολέο

264 5101 478 5155 σχουν
501 5082 598 5137 καὶ
621 5084 933 5137 ἕσκαλλον
966 5081 1029 5135 τὸ
1070 5079 1308 5151 πνεῦμά
1324 5079 1572 5150 μου.Μὴ
1604 5083 1692 5145 εἰς
1720 5081 1864 5147 τοὺς

263 5175 499 5242 αἰῶνας
533 5174 831 5230 ἀπώσεται
858 5174 1095 5243 Κύριος,
1137 5174 1235 5228 καὶ
1267 5176 1341 5229 οὐ
1381 5172 1714 5243 προσθήσει
1753 5175 1863 5230 τοῦ

262 5264 607 5335 εὐδοκῆσαι
633 5267 717 5321 ἔτι
734 5280 754 5328 ;
785 5264 823 5333 ἢ
858 5267 945 5331 εὶς
973 5263 1148 5329 τέλος
1193 5264 1259 5319 τὸ
1288 5264 1462 5331 ἒλερς
1489 5266 1674 5320 αὐτοῦ
1717 5266 1865 5321 ἀπο-

264 5358 497 5427 κρύψει
526 5354 644 5410 ἀπὸ
670 5352 880 5426 γενεᾶς
901 5357 988 5420 εἰς
1020 5352 1267 5424 γενεάν;
1296 5354 1333 5423 ἢ
1375 5354 1730 5424 ἐπιλήσεται
1754 5356 1862 5411 τοῦ

265 5446 643 5517 οικτεφῆσαι
669 5450 700 5501 ό
730 5445 893 5513 Θεὸς,
919 5444 959 5514 ἢ
984 5445 1229 5509 συνέξει
1272 5446 1343 5500 ἐν
1381 5444 1456 5514 τῇ
1500 5444 1647 5514 ὀργῇ
1675 5445 1861 5502 αὑτοῦ

267 5540 422 5607 τοὺς
473 5537 807 5609 οὶκτιρμοὺς
862 5537 1078 5601 αὐτοῦς
1124 5537 1286 5590 Ταῦτ’
1313 5533 1382 5609 ἦν
1430 5538 1501 5593 τὰ
1545 5536 1862 5610 λυπήσαντα

267 5632 376 5703 τὴν
410 5629 510 5685 τοῦ
542 5629 776 5703 Ἰδιθοὺμ
801 5628 994 5702 ψυχήν.
1026 5630 1102 5684 Δι’
1126 5629 1158 5683 ὅ
1185 5629 1366 5695 καλῶς
1392 5629 1858 5707 ὠλιγοψυχηκὲναι

350 5795 399 5831 ³³
430 5788 577 5853 Psal.
604 5809 764 5863 uxr,
799 5793 841 5848 l,
922 5793 968 5828 ⁸³
999 5790 1141 5849 Psal.
1182 5805 1369 5860 tu",
1411 5791 1457 5847 l.

1964 4615 2153 4670 Renuit
2206 4618 2476 4670 consolari
2527 4618 2711 4671 anima
2759 4634 2912 4683 mea,
2963 4621 3287 4676 exercitatus
3333 4631 3445 4688 est,
3490 4633 3542 4679 et
3586 4642 3589 4647 '

1964 4709 2151 4778 defecit
2185 4710 2404 4777 spiritus
2440 4726 2604 4764 meus.
2640 4710 2906 4765 Turbatus
2939 4729 3057 4766 sum
3087 4723 3138 4768 et
3169 4731 3271 4768 non
3301 4732 3415 4769 sum
3459 4715 3543 4772 lo-

1964 4808 2139 4853 cutus.
2181 4798 2279 4854 llis
2322 4800 2646 4872 subjungit:
2687 4801 2856 4857 Nocte
2894 4820 3013 4857 cum
3047 4806 3204 4860 corde
3243 4824 3355 4862 meo
3390 4810 3541 4863 exer-

1964 4890 2171 4945 citabar
2216 4900 2267 4946 et
2318 4894 2591 4961 scopcbnm
2640 4895 2886 4962 spiritum
2936 4914 3126 4953 meum.
3179 4897 3436 4972 Nunquid
3485 4901 3540 4957 in

1965 4996 2222 5040 wternum
2273 4987 2515 5057 projiciet
2574 4986 2867 5054 Dominus,
2919 5006 3010 5043 au.
3055 5008 3159 5046 non
3211 5002 3431 5063 apponet
3480 5004 3539 5049 ut

1964 5078 2328 5145 complacitior
2355 5081 2424 5132 sit
2454 5078 2627 5133 adhuc
2649 5118 2664 5144 ,
2697 5088 2792 5133 aut
2829 5082 2882 5135 in
2923 5083 3079 5151 finem
3121 5084 3539 5140 misericordiam

1964 5185 2116 5222 suam
2147 5168 2426 5224 abscondet
2457 5187 2489 5223 a
2518 5174 2856 5242 generatione
2893 5175 2945 5228 in
2986 5180 3378 5246 generationem
3398 5217 3412 5241 ,
3443 5185 3538 5234 aut

1966 5263 2301 5318 obliviscetur
2328 5264 2566 5319 misereri
2595 5263 2736 5320 Deus
2759 5305 2774 5329 ,
2809 5274 2903 5320 aut
2933 5269 3220 5324 continebit
3243 5271 3296 5324 in
3326 5271 3410 5323 ira
3436 5284 3540 5322 sua

1966 5354 2359 5411 misericordias
2397 5359 2575 5413 suas?
2610 5356 2735 5414 Hinc
2765 5367 2923 5415 erant
2962 5377 3083 5432 qua:
3122 5360 3379 5415 ldithumi
3418 5359 3540 5413 ani-

1963 5466 2110 5506 luam
2142 5451 2468 5523 amigebant.
2511 5451 2694 5519 Quare
2724 5470 2785 5510 se
2816 5456 3001 5510 animo
3028 5455 3297 5511 defecisse
3328 5452 3536 5510 fateba-

1964 5549 2075 5598 tur.
2124 5541 2230 5597 Sed
2284 5539 2524 5613 Spiritus
2565 5550 2794 5599 sanctus
2837 5559 2936 5615 per
2974 5543 3295 5613 prophetam
3348 5541 3533 5611 Asapb

1962 5632 2083 5705 ejus
2129 5630 2303 5689 dolori
2354 5631 2554 5691 deinde
2601 5632 2875 5699 medetur,
2911 5634 3040 5689 dum
3073 5631 3186 5687 ait:
3223 5631 3356 5700 Quis
3390 5631 3535 5694 Deus
