4008 6210
456 281 562 336 827

1160 281 1430 338 EUSEBll
1464 281 1939 343 C£5.\RIENSIS
1980 286 2127 345 Ol’P.
2169 287 2349 345 PARS
2384 287 2563 343 lll.—
2600 286 3010 344 EXEGETICA.

3607 286 3715 343 828

455 417 683 472 magnus
727 400 863 455 sicut
887 399 1052 456 'Deus
1085 401 1412 459 nosterrTu
1456 420 1510 458 es
1561 402 1703 458 Deus
1749 405 1837 475 qui
1890 406 2029 475 facis

2140 408 2416 479 ὡμολόγει.
2435 408 2596 462 Ἀλλὰ
2626 406 2687 461 τὸ
2720 406 2861 461 θετον
2897 402 3123 478 Πνεῦμα
3163 404 3251 459 διά
3299 401 3394 460 τοῦ
3432 407 3718 478 προφήτου

418 520 421 523 λ
453 491 746 548 mirabilia.
785 490 988 547 Notam
1021 492 1196 562 fecisti
1230 495 1286 548 in
1315 494 1524 565 populis
1559 496 1805 551 uirtutem
1839 506 1985 552 tuam
2007 538 2023 563 ,

453 583 725 640 redemisti
768 585 824 638 in
854 584 1069 639 brachio
1100 596 1189 640 tuo
1220 588 1473 657 populum
1521 596 1669 641 tuum
1689 628 1704 652 ,
1751 589 1892 658 ﬁlios
1922 589 2025 644 Ja-

452 677 547 731 cob
592 687 643 733 et
692 678 887 748 Joseph
908 696 1051 745 ;.ac
1111 697 1375 737 rursum:
1422 679 1681 736 Viderunt
1733 691 1780 736 te
1841 698 2027 754 aquce,

452 769 595 826 Deus
616 811 632 836 ,
664 772 905 826 uiderunt
936 782 984 828 te
1014 790 1197 845 aquae,
1225 783 1275 828 et
1301 774 1628 841 timuerunt,
1653 778 1877 829 turbata:
1906 785 2029 830 sunt

453 861 675 933 abyssi:
725 864 1014 918 multitudo
1049 866 1255 920 sonitus
1286 883 1548 937 aquarum
1569 882 1589 920 :
1620 881 1686 921 ac
1719 881 2028 922 sermonem

450 952 540 1009 his
567 955 862 1026 obsignat:
908 956 1189 1011 Deduxisti
1236 959 1373 1013 sicut
1422 972 1536 1013 oves
1579 958 1832 1029 populum
1881 967 2029 1013 tuum

453 1046 511 1100 in
552 1063 716 1101 manu
757 1046 934 1118 Moysi
977 1058 1028 1103 et
1072 1047 1272 1103 Aaron.
1320 1047 1447 1104 Haec
1487 1049 1802 1104 necessario
1848 1047 2031 1117 Asaph

454 1137 560 1207 ipsi
605 1136 841 1193 ldithum
866 1139 1347 1204 commemoravit,
1384 1147 1444 1194 ut
1482 1154 1551 1196 ne
1582 1139 1726 1194 ultra
1771 1139 1977 1195 diceret
2013 1156 2028 1193 ;

455 1226 799 1285 Exercitatus
837 1244 917 1285 est
956 1229 1216 1300 eldefccit
1259 1231 1477 1299 spiritus
1521 1246 1705 1297 meus;
1736 1230 1832 1286 sed
1867 1229 2035 1284 mira-

455 1320 660 1377 bilibus
702 1321 801 1378 Dei
841 1337 930 1393 per
979 1322 1221 1394 Moysem
1266 1323 1397 1377 olim
1430 1323 1637 1394 gestis,
1673 1322 1832 1393 queis
1864 1335 2038 1392 popu-

456 1413 570 1469 lum
600 1428 761 1470 suum
785 1414 1036 1477 redemit,
1059 1414 1218 1470 fidem
1241 1414 1452 1471 habens
1480 1430 1579 1486 pro
1608 1413 1793 1470 futuro
1814 1429 2032 1486 quoque

456 1514 702 1577 tempore
729 1506 929 1562 similia
961 1515 1221 1564 eventura
1251 1516 1512 1578 speraret.

2146 501 2315 570 Ἀσάφ
2356 500 2482 572 csa;
2525 500 2594 554 τὰ
2631 500 2851 573 λυπηρά
2897 498 3189 573 θεραπεύει
3219 501 3277 552 ὲν
3304 495 3385 564 οἷς
3414 516 3578 570 φησι·
3618 500 3718 566 Τίς

2137 590 2281 658 Θεὸς
2290 592 2478 661 μέγας
2506 592 2586 657 ὡς
2612 594 2645 645 d
2664 592 2807 656 Θεὸς
2831 587 3000 661 ήμῶν
3014 607 3032 654 ;
3050 589 3132 645 Σὺ
3158 586 3219 644 εἴ
3241 592 3273 643 ὁ
3301 588 3444 655 Θεὸς
3471 592 3504 643 ὀ
3526 586 3718 642 ποιῶν

2135 680 2455 752 θαυμάσια.
2474 681 2831 752 Ἐγνώρισας
2853 681 2924 735 ἐν
2947 679 3070 745 τοῖς
3099 679 3273 745 λαοῖς
3309 679 3424 747 τὴν
3455 677 3718 748 δύναμιν

2135 791 2272 839 σου,
2298 774 2615 843 ἐλυτρώσω
2631 774 2700 827 ὲν
2723 771 2801 839 τῷ
2820 772 3111 843 ,βραχίονι
3136 787 3254 826 σου
3276 771 3549 825 τὸνλαόν
3572 786 3718 835 σου,

2135 867 2280 933 τοὺς
2312 866 2483 933 υἱοὺς
2519 866 2720 921 Ἰακὼό
2758 865 2857 920 καί
2902 864 3140 935 Ἰωσήφ·
3190 865 3282 917 καὶ
3317 860 3507 928 αὖθις’
3543 863 3723 918 E160-

2135 956 2259 1011 σάν
2306 973 2379 1010 σε
2434 955 2644 1019 ὕδατα,
2679 959 2712 1010 ό
2745 955 2909 1021 Θεὸς,
2941 954 3192 1010 εἴδοσὰν
3236 970 3310 1009 σε
3363 954 3572 1017 ὕδατα,
3618 953 3722 1007 καί

2133 1049 2545 1120 ἐφοϐήθησαν,
2585 1048 3008 1118 ἐταράχθησαν
3045 1050 3103 1103 al
3139 1048 3397 1102 ἄϐυσσοι
3420 1063 3434 1079 ο
3479 1045 3722 1115 πλῆθος

2136 1139 2330 1209 ἤχους
2371 1138 2621 1206 ὕδατοςο
2665 1139 2761 1194 καὶ
2802 1139 3254 1211 ἐπισφραγίζεται
3296 1138 3504 1208 λέγων·
3549 1138 3724 1205 1061i-

2136 1246 2332 1303 τησας
2366 1232 2447 1299 ὡς
2488 1234 2751 1302 πρόϐατα
2772 1232 2880 1287 τὸν
2906 1232 3060 1287 λαόν
3082 1248 3199 1286 σου
3223 1232 3293 1286 ἐν
3313 1231 3460 1303 χειρί
3488 1229 3722 1300 Μωῠσῆ

2134 1323 2231 1377 καί
2268 1321 2503 1399 Ἀαρών)
2520 1321 2853 1391 ’Δναγκαίως
2880 1322 2938 1376 δὲ
2963 1322 3168 1376 τούτων
3186 1322 3215 1375 ὁ
3246 1321 3417 1391 Ἀσάφ
3434 1321 3721 1391 ὑπέμνησε

2134 1414 2226 1468 τὸν
2274 1412 2525 1485 Ἰδιθοῦμ,
2572 1412 2648 1476 ὡς
2694 1411 2762 1467 ἀν
2814 1414 3009 1486 μηκέτι
3062 1412 3243 1482 λέγοι·
3312 1411 3720 1484 Ἠδολέσχησε

2137 1505 2238 1562 καὶ
2286 1505 2716 1576 ὠλιγοψύχησε
2763 1504 2830 1558 τὸ
2880 1504 3115 1576 πνεῦμά
3150 1523 3300 1576 μου·
3354 1504 3620 1559 πιστεύων
3651 1502 3719 1556 δὲ

459 1603 570 1666 τοῖς
595 1601 762 1657 πάλαι
793 1602 887 1655 ἐπὶ
912 1604 1191 1667 Μωῦσέως
1220 1603 1313 1656 τοῦ
1346 1603 1481 1656 Θεοῦ
1516 1603 1839 1674 παραδόξοις
1864 1602 2065 1675 ἔργοις,
2103 1602 2169 1657 δι’
2218 1594 2294 1657 ὧν
2332 1599 2673 1674 ὲλυτρώσατο
2714 1601 2805 1655 τὸν
2850 1600 2998 1666 λαὸν,
3041 1601 3110 1655 τὰ
3152 1603 3311 1674 ὃμοια
3357 1602 3451 1656 καὶ
3494 1603 3572 1665 είς
3621 1600 3722 1653 τδν

458 1695 680 1752 ἐπιόντα
715 1694 904 1767 χρόνον
939 1694 1148 1760 ἐλπίζοι
1174 1694 1522 1767 γενήσεσθαι.

1194 1805 1284 1861 Vl.

531 1897 729 1963 Sextus
773 1914 950 1971 neque
980 1898 1227 1970 psalmus
1254 1906 1339 1955 est
1373 1915 1550 1970 neque
1580 1900 1886 1963 canticum,
1938 1916 2036 1955 ne-

459 2008 567 2063 que
598 1992 870 2064 hymnus.
910 2006 1090 2062 neque
1131 1991 1185 2045 in
1236 1989 1398 2051 ﬁnem
1430 1991 1682 2047 remittit.
1719 1991 1904 2059 Quare
1934 1991 2039 2045 huc

456 2083 699 2154 jusmodi
740 2083 880 2138 nihil
922 2083 978 2138 in
1019 2082 1182 2138 titulo
1231 2082 1436 2139 habet:
1470 2082 1564 2137 sed
1597 2096 1700 2137 nos
1733 2079 1801 2134 ad
1845 2095 2037 2135 eorum

460 2192 583 2247 quas
610 2176 701 2243 hic
732 2174 985 2231 feruntur
1016 2174 1431 2246 intelligentiam
1461 2174 1685 2230 excitat.
1717 2172 1830 2227 Cur
1855 2179 2037 2228 autem

461 2267 596 2323 nihil
625 2282 816 2322 eorum
849 2282 972 2337 quae
1002 2266 1245 2322 diximus
1277 2264 1384 2321 fert
1413 2263 1738 2335 inscriptio,
1772 2263 1877 2319 nisi
1910 2264 2038 2334 quia

461 2368 612 2414 totus
639 2357 731 2413 hic
765 2372 947 2414 sermo
973 2354 1259 2411 Judaicam
1306 2349 1519 2424 gentem
1556 2353 1809 2418 incusat,
1852 2353 2041 2423 pristi-

464 2465 567 2506 nas
607 2463 801 2505 eorum
844 2448 1154 2519 impietates
1195 2445 1572 2503 enumerans?
1620 2436 1775 2513 Quod
1807 2446 1873 2500 ad
1904 2446 2040 2515 justi

457 2542 649 2611 judieii
701 2539 797 2596 Dei
832 2539 1203 2596 defensionem
1233 2539 1497 2610 propheta
1526 2539 1914 2594 concinnavit:
1952 2554 2042 2592 va-

463 2634 791 2688 ticinaturus
813 2632 960 2688 enim
987 2647 1050 2687 ea
1070 2670 1085 2695 ,
1111 2646 1233 2702 quae
1258 2638 1385 2686 ante
1410 2628 1721 2687 Servatoris
1746 2632 2038 2686 adventum

463 2725 666 2797 pepulo
699 2732 963 2781 eventura
995 2731 1153 2781 erant
1174 2764 1190 2789 ,
1221 2723 1537 2780 necessario
1563 2725 1725 2780 docet
1756 2724 1906 2795 ipsos
1933 2739 2041 2779 non

464 2816 801 2873 modicarum
868 2817 1209 2886 impietatem
1274 2831 1442 2871 causa
1503 2817 1691 2872 isthmc
1757 2832 2038 2888 passuros.

464 2908 827 2977 Quamobrem
877 2914 1125 2963 recenset
1172 2907 1263 2963 ille
1313 2907 1531 2979 quoties
1580 2909 1954 2978 peccaverint,
1988 2916 2043 2963 et

466 3000 680 3071 quoties
728 2997 823 3059 Dei
876 2998 1138 3068 patientia
1192 3008 1417 3069 peccata
1465 3013 1657 3054 eorum
1703 3000 1924 3066 tulerit,
1978 3015 2043 3056 ac

466 3089 743 3163 quomodo
777 3090 994 3146 demum
1024 3105 1148 3145 cum
1175 3090 1494 3160 implessent
1522 3092 1859 3162 impietatum
1886 3108 2043 3148 men-

2223 1899 2279 1953 '0
2308 1898 2464 1961 ἔκτος
2490 1895 2676 1950 οὐκέτι
2705 1894 2918 1965 ψαλμος
2942 1893 3061 1948 οὐδὲ
3090 1893 3200 1967 ᾠδὴ
3227 1893 3345 1948 οὐδὲ
3382 1893 3570 1965 ὕμνος,
3595 1895 3718 1949 οὐδὶ

2138 1987 2449 2059 ἀναπέμπει
2474 1988 2552 2049 είς
2580 1985 2640 2038 τὸ
2660 1984 3000 2047 τὲλος.’⁰υθεν
3023 1984 3174 2038 οὐδὲν
3195 1983 3397 2038 τούτων
3421 1986 3721 2058 ἐπιγέγρα-

2140 2096 2301 2134 ’κειται⁸
2329 2077 2583 2147 διεγείρει
2608 2075 2665 2130 δὲ
2696 2077 2845 2148 ἡμᾶς
2890 2077 2970 2140 είς
3015 2076 3230 2129 σύνεσιν
3257 2074 3367 2129 τῶν
3406 2077 3719 2150 ἐμφερομέ-

2138 2189 2263 2225 νων.
2295 2170 2393 2224 Διά
2423 2170 2475 2223 τί
2508 2170 2564 2224 δὲ
2601 2170 2764 2243 μηδὲν
2787 2169 2896 2222 τῶν
2920 2168 3329 2241 προειρημένων
3354 2170 3390 2239 ἡ
3424 2171 3718 2243 προγραφῆ

2141 2263 2404 2335 περιέχει,
2430 2261 2544 2316 ἀλλ’
2571 2260 2866 2333 ἐπειδήπερ
2911 2262 2940 2314 ό
2988 2261 3096 2323 πᾶς
3126 2260 3282 2329 λόγος
3313 2259 3406 2313 τοῦ
3450 2260 3721 2315 Ἰουδαίων

2140 2356 2326 2420 ἔθνους
2355 2357 2668 2427 κατηγορεῖ,
2694 2353 3201 2427 καταριθμούμενος
3243 2352 3422 2406 αὐτῶν
3449 2353 3521 2405 τὰ
3548 2352 3721 2407 πάλαι

2140 2446 2495 2519 ἀσεϐήματας
2530 2444 2701 2499 Τοῦτο
2738 2445 2794 2499 δὲ
2829 2446 3056 2518 πράττει
3085 2447 3114 2499 ό
3158 2444 3441 2516 προφήτης
3481 2445 3559 2508 είς
3588 2447 3725 2499 ἀπο-

2140 2537 2325 2607 λογίαν
2365 2538 2465 2608 τῆς
2495 2536 2590 2591 τοῦ
2634 2535 2769 2590 Θεοῦ
2798 2535 3221 2608 δικαιοκρισίας·
3259 2534 3466 2607 μέλλων
3490 2535 3600 2608 γὰρ
3628 2535 3724 2589 θε-

2144 2631 2356 2696 σπίζειν
2378 2630 2446 2684 τὰ
2480 2630 2870 2702 συμϐησόμενα
2892 2629 2970 2701 τῷ
2995 2628 3137 2684 ἔθνει
3165 2629 3271 2702 πρὸ
3293 2629 3394 2700 τῆς
3414 2628 3507 2684 τοῦ
3528 2628 3725 2700 Σωτῆ-

2146 2741 2237 2798 ρος
2269 2723 2590 2796 παρουσίας,
2618 2722 2928 2792 ἀναγκαίως
2958 2721 3214 2783 διδάσκει,
3253 2723 3333 2776 ὅτι
3373 2722 3448 2795 μὴ
3490 2722 3581 2775 ἐπὶ
3628 2738 3723 2793 μισ

2143 2822 2296 2892 κροῖς
2338 2816 2646 2888 ἀσεϐήμασι
2693 2815 2865 2870 ταῦτα
2917 2816 3213 2870 πείσονται.
3261 2815 3460 2888 Διόπερ
3484 2816 3724 2888 καταριὲ

2144 2910 2358 2983 θμεῖται
2372 2909 2561 2973 ὁσάκις
2572 2910 2787 2981 ἥμαρτε
2802 2908 2895 2962 καὶ
2909 2907 3099 2972 ὁσάκις
3118 2908 3345 2980 ἤνεγκεν
3366 2908 3559 2972 αὐτοὺς
3570 2911 3604 2979 ἡ
3620 2906 3722 2963 τοῦ

2143 3003 2278 3057 Θεοῦ
2312 3001 2683 3074 μακροθυμία,
2724 3001 2818 3053 καὶ
2845 2999 2920 3063 ὠς
2945 2999 3171 3071 ὕστερον
3203 2998 3597 3071 πληρώσαντας
3617 2999 3723 3055 αὖ·

2144 3096 2267 3160 τοὺς
2292 3095 2352 3148 τὸ
2384 3094 2579 3165 μέτρον
2604 3090 2712 3148 τῶν
2734 3090 2903 3164 ἀσεὸη
2913 3093 3095 3163 μάτων
3113 3091 3427 3146 δικαιότατα
3455 3093 3723 3165 μετῆλθεν

463 3197 654 3242 suram
677 3219 693 3247 ,
731 3197 827 3238 eos
862 3181 1012 3252 ipsos
1034 3179 1327 3236 admodum
1350 3179 1497 3252 juste
1532 3181 1614 3236 ira
1635 3180 1730 3238 Dei
1760 3182 2037 3238 invaserit.

2142 3187 2177 3259 ἠ
2207 3189 2271 3241 ἐκ
2301 3185 2437 3241 Θεοῦ
2478 3185 2739 3257 ὀργή.”’1ν’
2768 3178 2860 3237 οὖν
2905 3184 3079 3238 ταῦτα
3122 3183 3359 3255 γνῶμεν,
3405 3184 3723 3254 ἀναγκαίως

467 3272 541 3331 Ut
567 3274 679 3330 haec
711 3275 897 3345 itaque
923 3289 1322 3346 cognoscamus
1341 3313 1356 3339 ,
1384 3274 1701 3331 necessario
1731 3276 1811 3330 sic
1839 3274 2042 3334 inscri-

465 3367 582 3425 bit:
620 3366 927 3423 Intellectus
960 3366 1141 3436 Λεαρή
1170 3366 1238 3432 ⁸³,
1273 3382 1338 3422 ac
1371 3366 1427 3421 in
1460 3367 1822 3438 sequentibus
1853 3368 2039 3424 omnia

467 3476 657 3516 eorum
690 3461 899 3517 scelera
931 3468 1206 3516 recenset.

1180 3573 1293 3629 Vl].

534 3669 832 3742 Postquam
862 3671 1265 3727 multitudinem
1307 3680 1656 3742 peccatorum
1684 3670 1894 3728 Judaici
1940 3688 2039 3743 po-

467 3761 581 3833 puli
620 3763 943 3833 compendio
971 3764 1265 3828 retulerat,
1298 3771 1351 3817 ct
1383 3776 1484 3819 ceu
1521 3763 1579 3818 in
1611 3763 1773 3834 cippo
1808 3763 2042 3833 crimina

468 3866 659 3907 eorum
681 3850 1078 3921 insculpserat;
1104 3862 1503 3922 consequenter
1528 3851 1616 3907 hic
1642 3851 2001 3924 irruptionem
2020 3893 2036 3920 ,

470 3959 593 4015 quae
623 3951 868 4014 tempore
898 3944 1154 3999 Antiochi
1188 3944 1360 4017 Syria:
1390 3944 1538 4016 regis
1572 3944 1717 4000 facta
1745 3952 1863 4010 est,
1894 3945 2041 4000 vati-

469 4037 706 4092 cinatur.
735 4035 840 4102 Qui
868 4034 1261 4108 Jerosolymam
1293 4038 1609 4108 ingressus,
1639 4039 1901 4107 templum
1928 4053 2040 4092 non

465 4129 693 4195 evertit,
723 4127 820 4184 sed
851 4125 1197 4197 profanavit,
1234 4137 1398 4198 atque
1431 4137 1642 4199 gentem
1675 4129 1741 4183 ad
1776 4128 1919 4184 idola
1953 4145 2040 4185 co-

467 4220 628 4277 lenda
672 4221 956 4291 compulit.
1008 4219 1252 4287 Quarum
1298 4236 1482 4276 rerum
1527 4219 1852 4287 historiam,
1898 4221 2038 4277 liber

467 4313 899 4369 Macbabzeorum
962 4314 1261 4384 inscriptus
1305 4313 1707 4384 complectitur.
1734 4311 1793 4367 In
1817 4328 1927 4385 quo
1951 4328 2042 4369 oe-

464 4408 709 4464 cisorum
743 4422 1040 4473 numerus,
1069 4406 1316 4477 variique
1357 4405 1506 4461 modi
1533 4406 1691 4475 queis
1722 4420 1821 4476 pro
1838 4404 2041 4476 pietate

2142 3277 2454 3349 ἐπιγράφει,
2485 3274 2797 3341 Συνέσεως
2844 3272 2923 3340 τῷ
2958 3276 3161 3344 Ἀσάφ,
3197 3276 3291 3329 καὶ
3333 3275 3535 3347 προῖὼν
3586 3276 3722 3349 ἑξῆς

2141 3369 2636 3442 ἀνακεφαλαιοῦται
2669 3368 2847 3422 αὐτῶν
2880 3367 3060 3433 πάσας
3093 3367 3191 3431 τὰς
3226 3370 3588 3441 παρανομίας.

2894 3575 2968 3627 Z'.

2227 3663 2653 3737 Ἐπιτεμόμενος
2692 3682 2753 3718 το
2798 3664 3001 3739 πλῆθος
3048 3665 3157 3719 τῶν
3188 3663 3558 3739 ’ἀσεϐημάτων
3612 3667 3717 3723 τοῦ

2154 3757 2421 3813 Ἰουδαίων
2454 3756 2658 3821 ἔθνους,
2695 3758 2789 3811 καὶ
2816 3757 3004 3830 ὥσπερ
3037 3760 3096 3813 ἔν
3126 3758 3294 3831 στήλῃ
3329 3759 3428 3824 τὰς
3459 3759 3576 3814 κατ’
3611 3761 3718 3815 αὓ-

2139 3849 2250 3904 τῶν
2280 3850 2614 3921 κατηγορίας
2636 3849 2970 3915 ἐντυποῦσας,
2999 3850 3309 3916 ἀκολούθως
3336 3852 3426 3907 διά
3449 3852 3554 3906 τῶν
3583 3869 3727 3926 προ-

2141 3942 2408 4014 κειμένων
2435 3943 2533 4013 τὴν
2556 3942 2850 4015 γενομένην
2882 3946 3000 3997 κατ’
3030 3944 3207 3998 αὐτῶν
3234 3946 3598 4000 ἐπανάστασιν
3621 3963 3729 4000 κα-

2139 4034 2209 4089 τὰ
2237 4035 2363 4098 τοὺς
2391 4034 2615 4106 χρόνους
2648 4034 2919 4106 Ἀντιόχου
2944 4034 3043 4089 τοῦ
3077 4036 3175 4105 τῆς
3216 4036 3414 4109 Συρίας
3454 4036 3726 4108 βασιλέως

2142 4121 2406 4187 θεσπίζει.
2425 4122 2483 4176 '0
2509 4122 2748 4177 ἐπελθὼν
2782 4127 2894 4188 τοῖς
2931 4124 3337 4197 Ἱεροσολύμοις,
3377 4127 3437 4180 οὗ
3468 4126 3728 4199 καθαιρεί

2147 4211 2264 4283 μὲν,
2299 4212 2516 4285 βεδηλοῖ
2542 4213 2598 4267 δὲ
2618 4213 2680 4267 τὸ
2706 4215 2869 4286 ἱερὸν,
2898 4214 3304 4289 είδωλολατρείν
3326 4218 3725 4288 ὲπαναγκάσας

2141 4304 2202 4359 τὺ
2233 4305 2399 4370 ἔθνος.
2430 4306 2647 4359 Τούτων
2678 4306 2735 4359 δὲ
2768 4305 2864 4378 τὴν
2900 4306 3137 4379 ἱστορίαν
3166 4311 3199 4380 ἡ
3230 4308 3338 4362 τῶν
3377 4310 3729 4384 ἐπιγεγραμ-

2146 4396 2322 4469 μένων
2368 4396 2743 4452 Μακκαϐαίων
2786 4398 2963 4469 βίϐλος
3007 4401 3283 4472 περιέχει’
3333 4403 3391 4455 ὲν
3514 4403 3611 4456 καὶ
3653 4403 3725 4458 τὰ

468 4499 790 4572 martyrium
813 4497 1057 4568 perpessi
1082 4505 1231 4564 sunt,
1269 4495 1892 4563 describuntur.-Quare
1925 4498 2035 4568 spi-

2146 4488 2322 4561 πλήθη
2351 4488 2459 4543 τῶν
2492 4491 2874 4562 ἀνῃρημένων,
2907 4491 3046 4545 οἵτε
3079 4493 3270 4563 τρόποι
3294 4493 3401 4547 τῶν
3435 4495 3543 4548 ὑπὸ
3568 4497 3727 4550 εὐσε-

469 4589 607 4645 ritus
632 4588 983 4659 propheticus
1014 4589 1116 4644 has
1149 4588 1427 4660 supplices
1461 4603 1627 4644 voces
1655 4603 1755 4659 pro
1785 4587 2044 4644 universo

468 4677 671 4747 populo
697 4677 924 4734 ell'undit
956 4697 969 4733 :
1003 4678 1169 4745 Deus,
1198 4688 1451 4735 venerunt
1477 4688 1650 4750 gentes
1675 4681 1730 4733 in
1764 4678 2047 4734 hazredita-

470 4776 573 4821 tem
605 4775 749 4821 tuam
773 4806 789 4833 ,
815 4770 1120 4838 polluerunt
1162 4770 1412 4839 templum
1437 4779 1683 4824 sanctum
1729 4780 1909 4833 tuum,
1949 4784 2044 4839 pa~

468 4867 687 4913 suerunt
724 4858 1024 4915 Jerusalem
1067 4861 1125 4915 in
1162 4847 1442 4930 pomorum
1483 4860 1803 4915 custodiam.
1837 4859 2041 4915 Posue-

471 4957 596 5004 runt
642 4953 928 5007 morticina
973 4970 1244 5008 servorum
1294 4966 1507 5009 tuorum
1545 4970 1692 5008 escas
1737 4952 2041 5008 volatilibus

470 5043 587 5100 cazli
604 5085 619 5111 ,
644 5060 829 5100 carnes
854 5056 1159 5102 sanctorum
1188 5059 1399 5102 tuorum
1432 5048 1611 5103 bestiis
1638 5058 1793 5103 terra:
1819 5047 1886 5103 “.
1914 5045 2040 5102 Hac

470 5139 538 5193 ad
563 5138 793 5209 gloriam
825 5140 1003 5210 gentis
1030 5142 1360 5211 vergebant,
1392 5156 1563 5212 quare
1590 5156 1787 5214 magna
1816 5155 1941 5196 cum
1978 5140 2041 5195 li-

470 5227 633 5283 ducia
658 5226 803 5283 dicta
830 5236 977 5284 sunt.
1010 5227 1211 5284 Verum
1243 5247 1352 5285 non
1382 5231 1512 5286 talia
1542 5237 1701 5287 erant
1729 5230 1786 5285 in
1816 5239 2040 5301 septua-

472 5318 681 5388 gesimo
734 5319 928 5385 tertio,
978 5319 1037 5374 in
1077 5335 1187 5390 quo
1227 5320 1549 5378 dicebatur:
1590 5321 1821 5394 thuid,
1866 5323 2040 5387 Deus,

478 5410 721 5480 repuliin
751 5411 805 5465 in
838 5412 1031 5480 liuent,
1070 5412 1242 5467 iratus
1269 5423 1348 5467 est
1387 5412 1540 5482 furor
1570 5423 1692 5469 tuus
1732 5430 1890 5483 super
1923 5430 2039 5469 oves

2144 4581 2295 4645 ϐείας
2353 4582 2854 4655 μεμαρτυρηκότων
2917 4587 3047 4655 παρ’
3081 4587 3264 4650 αὐτοῖς
3306 4588 3720 4661 ἀνεγράφησαν.
3792 4606 3797 4611 ·

2142 4673 2232 4727 Διὸ
2269 4673 2328 4728 τὺ
2361 4674 2697 4748 προφητικὸν
2724 4675 2945 4747 Πνεῦμα
2979 4676 3216 4743 ἔντευξιν
3239 4680 3378 4752 ὑπὲρ
3403 4680 3499 4734 τοῦ
3518 4682 3725 4747 παντὸς

2135 4765 2455 4836 ἀναπέμπει
2489 4765 2617 4820 λαοῦ
2648 4767 2875 4835 φάσκον·
2895 4769 2947 4821 Ὀ
2976 4769 3137 4835 Θεὸς,
3161 4770 3433 4840 ἧλθοσαν
3460 4774 3612 4843 ἔθνη
3634 4778 3725 4841 εὶς

2140 4860 2255 4925 τὴν
2309 4859 2717 4927 κληρονομίαν
2764 4874 2901 4925 σου,
2951 4861 3203 4930 ἐμίαναν
3245 4864 3351 4919 τὸν
3407 4866 3560 4920 ναὸν
3616 4867 3727 4921 τόν

2140 4948 2310 5016 ἅγιόν
2352 4965 2503 5015 σου,
2542 4952 2746 5006 ἔθεντο
2781 4953 3166 5024 Ἰερουσαλὴμ
3205 4959 3292 5022 είς
3327 4959 3725 5029 6.1prva—

2141 5043 2553 5097 κιον.”Εθεντο
2579 5044 2651 5098 τὰ
2678 5046 3002 5117 θνησιμαῖα
3026 5047 3146 5101 τῶν
3172 5049 3406 5103 δούλων
3424 5066 3542 5105 σου
3558 5052 3724 5121 βρώο

2141 5150 2295 5195 ματα
2320 5134 2446 5199 τοῖς
2470 5137 2764 5204 πετεινοῖς
2786 5139 2891 5193 τοῦ
2914 5140 3194 5209 οὐρανοῦ,
3216 5142 3321 5206 τὰς
3346 5139 3582 5210 σάρκας
3602 5144 3727 5197 τῶν

2142 5226 2329 5280 ὁσίων
2376 5240 2494 5282 σου
2541 5228 2668 5294 τοῖς
2706 5232 2933 5299 θηρίοις
2975 5230 3087 5299 τῆς
3113 5231 3245 5303 γῆς.
3282 5232 3465 5288 Ταῦτα
3513 5234 3625 5307 γὰρ
3651 5231 3726 5307 ἦν

2148 5318 2598 5391 σεμνολογήματα
2628 5320 2721 5375 τοῦ
2755 5321 2958 5383 ἔθνους·
2990 5321 3071 5377 διὸ
3109 5323 3205 5377 σὺν
3231 5324 3512 5397 παρρησίᾳ
3549 5326 3724 5397 πολλῇ

2144 5408 2383 5471 λέλεκτο.
2402 5412 2539 5465 Ἀλλ’
2562 5413 2622 5466 οὐ
2665 5413 2889 5468 τοιαῦτα
2927 5410 2996 5485 ἦν
3041 5413 3109 5468 τά
3153 5416 3211 5469 ὲν
3241 5415 3321 5487 τῷ
3348 5423 3399 5486 γ’
3422 5416 3517 5471 καὶ
3552 5424 3618 5482 ο’,
3652 5417 3725 5472 δι’

470 5515 683 5569 pascua:
711 5513 814 5554 tua:
837 5500 919 5555 "‘3
950 5499 1060 5556 Illis
1082 5502 1282 5572 quippe
1310 5501 1544 5571 abjectio
1574 5504 1756 5573 populi
1790 5503 1845 5557 in
1877 5503 2037 5558 ﬁnem

2145 5497 2205 5556 οὗ
2234 5501 2449 5572 ἐλέγετο
2468 5521 2482 5536 ·
2515 5504 2639 5559 Ἵνα
2666 5506 2743 5569 τί,
2775 5509 2808 5560 ὀ
2847 5507 3011 5574 Θεὸς,
3034 5506 3252 5563 ἀπώσω
3278 5510 3365 5574 εἰς
3388 5508 3581 5576 τέλος,
3610 5508 3728 5580 ὠρ-

474 5606 646 5662 usque
675 5590 1077 5659 declarabatur,
1121 5608 1332 5649 necnon
1373 5602 1648 5664 postrema
1686 5593 2037 5668 Jerosolymte

2147 5594 2323 5664 τίσθη
2369 5599 2403 5650 ό
2444 5598 2629 5667 θυμός
2656 5613 2772 5657 σου
2801 5599 2899 5653 ἐπὶ
2934 5602 3197 5670 πρόϐατα
3234 5600 3422 5673 νομῆς
3446 5617 3596 5666 σου;
3632 5603 3730 5659 Ἐν

543 5746 753 5805 “Psal.
786 5765 988 5818 tum,
1034 5753 1081 5808 l.
1160 5751 1204 5785 ⁸⁸⁸
1240 5749 1387 5809 Psal.
1418 5766 1647 5819 uuln,
1684 5750 1736 5818 l,
1770 5749 1826 5807 2.
1906 5750 1949 5784 ⁸³
1984 5748 2130 5810 Psai.
2164 5764 2355 5822 tum,
2394 5749 2442 5806 1.
