4014 6206
297 261 415 321 829

1440 254 1948 315 COMMENTARIA
1984 254 2052 313 IN
2090 253 2435 315 PSALMOS.

3470 255 3575 312 850

301 376 537 441 ἐκείνοις
571 375 680 449 γάρ
703 374 801 448 τὴν
828 376 908 439 είς
931 375 1083 441 τέλος
1115 372 1384 445 ἀποϐολὴν
1417 371 1510 426 τοῦ
1544 370 1732 435 ἔθνους
1778 370 1882 443 ἐδή-

2003 370 2160 426 ruina
2191 390 2204 426 :
2241 370 2297 425 in
2326 369 2422 426 illo
2451 367 2579 424 item
2614 384 2725 426 non
2759 366 2973 427 faustus
3005 368 3164 435 linis,
3200 384 3309 425 non
3342 373 3603 441 promis“

298 468 418 532 λου,
448 468 545 523 καὶ
598 469 697 539 τὴν
753 468 989 539 ἐσχάτην
1035 468 1137 539 τῆς
1172 463 1527 538 Ἰερουσαλὴμ
1553 463 1887 519 ἀπόπτωσιν.

301 561 417 615 Καὶ
445 563 504 615 ἐν
532 561 729 631 ἐκείνῳ
762 561 860 631 μὲν
891 560 991 614 οὐκ
1020 559 1318 631 ἐμφέρεται
1353 556 1587 629 χρηστὸν
1619 556 1774 619 τέλος
1802 556 1892 608 ού-

298 652 359 705 δὲ
409 651 715 720 ἐπαγγελία
754 668 839 715 τις
867 650 1247 723 θεραπεύουσα
1275 648 1344 703 τὰ
1367 647 1670 719 λελεγμένα
1696 666 1709 679 ’
1742 650 1799 700 ἐν
1830 646 1889 701 δὲ

295 742 382 812 τῷ
417 742 647 814 παρόν-ει
679 741 817 813 μετὰ
841 741 909 796 τὰ
935 740 1234 812 σκυθρωπὰ
1257 740 1616 793 ὲπισυνάπτει
1639 737 1718 809 τῷ
1746 736 1890 790 τέλει

298 831 401 886 τοῦ
448 831 652 896 παντὸς
699 831 860 901 λόγου
880 850 895 863 ·
949 831 1189 897 Ἀπόδος
1242 829 1362 897 τοῖς
1412 830 1679 900 γείτοσιν
1727 824 1897 898 ἡμῶν

295 924 766 979 ἑπταπλασίονα
803 926 892 989 εὶς
931 923 1039 977 τὸν
1071 924 1305 978 κόλπον
1335 919 1556 986 αὐτῶν,
1588 921 1693 976 τὸν
1738 922 1896 975 ὀνει-

293 1016 527 1087 δισμὸν
554 1015 775 1082 αὐτῶν,
803 1017 875 1071 ὃν
897 1014 1217 1070 ὠνείδισάν
1241 1030 1337 1079 σε,
1370 1016 1564 1084 Κύριε.
1583 1013 1780 1084 Ἡμεῖς
1806 1012 1895 1078 δὲ,

296 1112 459 1177 λαός
491 1126 609 1167 σου
648 1111 748 1166 καὶ
776 1113 1041 1181 πρόϐατα
1078 1110 1273 1182 νομῆς
1315 1124 1455 1176 σου,
1493 1110 1900 1180 ἀνθομολογη-

2001 464 2117 531 sio,
2148 478 2272 534 qua:
2318 461 2612 519 recensitis
2652 463 2813 519 malis
2859 462 3165 526 medeatur,
3206 462 3474 531 affertur;
3519 472 3577 518 at

1998 556 2053 610 in
2089 555 2348 627 praesenti
2394 563 2516 625 post
2551 554 2729 609 tristia
2778 554 2872 608 illa
2921 554 3036 609 haec
3069 557 3123 609 in
3156 553 3261 609 ﬁne
3303 555 3575 610 sermonis

2006 647 2197 718 adjicit
2226 666 2238 702 :
2274 646 2449 701 Redde
2475 646 2661 701 vicinis
2691 647 2887 700 nostris
2918 646 3215 717 septuplum
3248 646 3303 699 in
3346 646 3466 699 sinu
3483 663 3574 702 eo-

1997 757 2117 794 rum
2145 782 2160 807 ,
2220 740 2601 811 improperium
2649 738 2929 809 ipsorum,
2980 755 3082 810 quo
3130 737 3576 807 erprobraverunt

1997 832 2112 897 tibi,
2133 830 2375 886 Domine.
2400 827 2514 883 Nos
2543 839 2717 883 autem
2746 828 2969 898 populus
3002 840 3124 883 tuus
3152 837 3200 882 et
3228 845 3343 881 oves
3364 842 3576 895 pascua:

1999 932 2134 989 tute,
2162 921 2536 988 conﬁtebimur
2566 921 2661 976 tibi
2694 923 2749 975 in
2778 921 3052 977 sa’culum.
3090 919 3157 975 In
3186 920 3574 991 generativnem

1998 1026 2046 1071 et
2097 1016 2487 1087 generationem
2531 1013 2969 1069 annuntiabimus
3010 1014 3220 1068 laudem
3265 1021 3430 1067 luant.
3478 1011 3575 1067 Ha

1997 1109 2198 1179 quippe
2230 1122 2358 1162 vere
2386 1107 2668 1177 justorum
2700 1124 2864 1164 voces
2893 1114 3042 1162 sunt.

296 1202 530 1272 σόμεθά
554 1218 653 1258 σοι
681 1206 769 1270 εἰς
789 1203 895 1257 τὸν
924 1201 1133 1259 αἰῶνα.
1164 1205 1270 1269 Εὶς
1295 1201 1509 1274 γενεὰν
1547 1201 1645 1255 καὶ
1674 1200 1888 1271 γενεὰν
1922 1198 2369 1269 ἐξαγγελοῦμεν
2401 1197 2517 1267 τὴν
2549 1198 2790 1253 αῖνεσίν
2818 1213 2955 1252 σου.
3007 1192 3177 1252 Abeat:
3242 1196 3351 1268 γὰρ
3390 1194 3574 1267 σαφῶς

292 1297 529 1353 δικαίων
562 1297 892 1369 τυγχάνουσι
918 1297 1109 1368 φωναί.

1060 1414 1123 1466 II’
1132 1454 1144 1466 .

381 1505 450 1560 Ἦ
499 1505 660 1577 ὀγδόη
712 1506 1021 1578 προφητεία
1072 1504 1164 1560 τοῦ
1211 1505 1382 1575 Ἀσάφ
1432 1520 1605 1559 πολλα
1639 1503 1894 1576 σημαίνει

293 1598 450 1653 κατὰ
477 1599 534 1652 τὸ
555 1597 685 1651 αὐτὸ
715 1597 805 1651 διὰ
839 1597 941 1668 τῆς
984 1599 1341 1670 προγραφῆς·
1380 1595 1495 1649 ἐστι
1524 1597 1661 1668 γὰρ,
1695 1598 1785 1661 είς
1825 1596 1890 1650 τὸ

2714 1402 2849 1458 Vill.

2065 1498 2269 1552 Oc:ava
2313 1494 2521 1566 Asaphi
2559 1496 2841 1567 prophetia
2886 1496 3057 1550 multa
3104 1496 3161 1549 in
3203 1496 3364 1551 titulo
3408 1498 3571 1554 simul

1992 1588 2198 1645 indicat
2229 1607 2242 1642 :
2273 1603 2398 1643 nam
2427 1587 2650 1652 dicitur,
2678 1591 2730 1642 in
2767 1589 2952 1657 ﬁnem,
2982 1595 3059 1655 et,
3091 1604 3187 1659 pro
3217 1588 3284 1643 iis
3314 1589 3404 1659 qui
3426 1606 3571 1643 com-

290 1690 503 1757 τέλος,
552 1689 675 1755 καὶ,
735 1691 887 1759 ὑπὲρ
949 1688 1068 1743 τῶν
1126 1687 1717 1758 ἁλλοιωθησομένων,
1774 1689 1882 1749 καὶ,

1994 1680 2373 1745 mutabuntur,
2399 1688 2488 1744 et,
2519 1680 2757 1749 psalmus
2789 1681 2837 1713 ⁸⁸
2867 1699 2880 1734 :
2918 1679 2985 1734 ad
3023 1679 3138 1736 haec
3168 1687 3351 1737 autem
3384 1682 3570 1737 omnia

294 1786 577 1853 ψαλμός·
609 1782 747 1854 πρὸς
784 1783 998 1845 τούτοις
1029 1780 1231 1835 ἅπασιν
1262 1782 1646 1852 ἐπιτετήρηται
1684 1779 1759 1842 ib;
1796 1780 1888 1833 καὶ

288 1874 622 1944 μαρτύριον
669 1873 754 1943 εἴη
792 1872 951 1943 μόνος
983 1865 1136 1935 οὗτος
1177 1869 1287 1925 τῶν
1333 1873 1391 1925 ἐν
1440 1869 1587 1941 πάσῃ
1621 1872 1686 1941 τῇ
1720 1868 1887 1941 βίϐλῳ

299 1964 618 2037 φερομένων
664 1962 837 2026 οὕτως
880 1962 1378 2034 ἐπιγεγραμμένος.
1412 1963 1506 2026 El;
1557 1963 1653 2033 μὲν
1700 1958 1793 2016 οὖν
1825 1963 1888 2016 τὸ

296 2054 456 2118 τέλος
501 2054 814 2124 ἀναπέμπει
856 2052 944 2106 διὰ
983 2054 1045 2107 τὸ
1085 2054 1362 2119 θεσπίζειν
1391 2054 1451 2107 τὸ
1494 2054 1703 2126 μέλλοψ
1733 2054 1885 2124 ὑπὲρ

293 2147 358 2202 δὲ
434 2144 554 2200 τῶν
615 2144 1209 2215 ωλοιωθησομένων,
1276 2146 1364 2200 διὰ
1420 2145 1518 2219 τὴν
1586 2146 1885 2220 μεταϐολὴν

294 2236 410 2290 τῶν
462 2235 553 2289 διὰ
604 2236 704 2305 τῆς
763 2234 1097 2307 προφητείας
1151 2234 1494 2306 δηλουμένων
1518 2252 1531 2267 ³
1557 2238 1887 2306 μαρτύριον

289 2328 354 2382 δὲ
403 2330 619 2399 εἴρηται
649 2326 739 2383 διὰ
779 2326 842 2380 τὸ
887 2325 1259 2398 μαρτύρεσθαι
1310 2326 1439 2398 περὶ
1492 2326 1586 2380 τοῦ
1632 2329 1690 2380 ἐν
1736 2325 1885 2397 αὐτῷ

294 2416 866 2488 προαναφωνουμένου
893 2417 1083 2490 ἀνδρὸς
1116 2416 1210 2470 καὶ
1250 2416 1345 2471 τοῦ
1391 2418 1723 2490 καλουμένου
1750 2418 1882 2473 Υίοῦ

290 2506 613 2580 ἀνθρώπου.
655 2506 781 2560 Υίὺν
840 2507 949 2579 γάρ
1000 2524 1122 2560 τινα
1178 2505 1465 2579 ἀνθρώπου
1523 2509 1733 2579 εἰσάγει
1788 2511 1884 2564 καὶ

293 2600 470 2672 ἄνδρα
496 2599 677 2667 δεξιᾶς
705 2598 800 2653 τοῦ
843 2599 978 2654 Θεοῦ
1015 2599 1204 2653 τοῦτον
1225 2601 1500 2671 ὀνομάζει.
1531 2603 1754 2674 Πρῶτον
1785 2604 1882 2675 μὲν

288 2688 392 2746 οὖν
425 2690 522 2745 τοῦ
563 2692 833 2746 Ἰουδαίων
865 2690 1051 2756 ἔθνους
1073 2690 1173 2762 τὴν
1213 2692 1322 2746 ἀπὸ
1351 2692 1627 2762 Αἰγύπτου
1658 2695 1882 2766 πορείαν

291 2782 393 2838 καὶ
418 2784 522 2857 τὴν
552 2784 647 2837 ἐπὶ
683 2785 782 2854 τῆς
813 2782 1188 2838 Παλαιστινῶν
1220 2784 1325 2855 γῆς
1353 2785 1564 2857 οἴκησιν
1614 2788 1883 2859 παρίστη-

291 2893 384 2929 σιν
412 2876 474 2928 ἐν
502 2874 834 2947 ἀλληγορίας
858 2876 1045 2949 τρόπῳ
1072 2876 1295 2947 φάσκων
1314 2894 1329 2909 ’
1369 2879 1664 2947 Ἄμπελον
1688 2877 1758 2943 ἐξ
1785 2881 1882 2933 Αί-

287 2969 529 3038 τὺπτου
566 2966 848 3037 μετῆρας,
879 2968 1164 3037 ἐξέϐαλες
1208 2968 1353 3038 ἔθνη
1391 2970 1488 3025 καὶ
1525 2971 1881 3039 κατεφύτευ-

1991 1776 2315 1830 observatur
2342 1774 2489 1829 hunc
2516 1775 2695 1829 solum
2725 1774 2994 1844 psalmum
3018 1817 3033 1841 ,
3056 1790 3123 1830 ex
3150 1775 3220 1831 iis
3248 1775 3341 1846 qui
3370 1776 3424 1831 in
3453 1785 3569 1835 toto

1987 1866 2129 1922 libro
2162 1865 2436 1930 feruntur,
2481 1866 2841 1920 testimonium
2882 1866 3132 1922 inscribi.
3175 1866 3235 1921 In
3270 1866 3430 1923 ﬁnem
3464 1868 3571 1926 ita-

1987 1974 2094 2028 que
2124 1958 2374 2023 remittit,
2394 1956 2523 2029 quia
2556 1957 2742 2012 futura
2770 1958 3132 2025 vaticinatur;
3160 1966 3246 2014 est
3272 1975 3400 2015 vero
3418 1997 3436 2025 ,
3470 1975 3570 2031 pro

1987 2050 2054 2105 iis
2083 2054 2172 2122 qui
2199 2049 2684 2116 commutabantur,
2709 2050 2779 2105 ob
2800 2052 3154 2109 mutationem
3179 2065 3368 2108 eorum
3390 2053 3482 2123 qui
3509 2055 3568 2109 in

1984 2142 2274 2214 prophetia
2316 2143 2677 2210 indicantur;
2718 2144 3076 2197 testimonium
3116 2152 3299 2199 autem
3340 2145 3564 2211 dicitur,

1986 2237 2116 2307 quia
2148 2236 2523 2291 testimonium
2557 2235 2761 2306 prabet
2793 2236 2914 2291 viro
2946 2236 3146 2291 ibidem
3178 2237 3567 2307 praenuntiata,

1984 2336 2038 2384 et
2065 2328 2115 2383 ei
2141 2326 2235 2398 qui
2261 2335 2490 2383 vocatur
2507 2327 2680 2384 Filius
2711 2327 2969 2383 hominis.
2989 2326 3125 2382 Nam
3153 2328 3441 2398 quemdam
3471 2327 3564 2382 Fi-

1983 2422 2115 2477 lium
2160 2419 2401 2477 hominis
2445 2420 2534 2474 hic
2576 2419 2825 2485 inducit,
2875 2428 2930 2475 et
2972 2419 3152 2477 virum
3197 2420 3437 2476 dexterae
3468 2420 3566 2477 Dei

1982 2509 2237 2567 eumdem
2265 2519 2564 2580 nuncupat.
2598 2507 2784 2564 Primo
2814 2508 2995 2578 itaque
3020 2506 3233 2563 Judaici
3266 2511 3449 2579 populi
3496 2527 3561 2567 ex

1983 2598 2221 2670 Egypto
2251 2599 2492 2663 exitum,
2530 2604 2695 2668 atque
2737 2585 3134 2653 habitationem
3174 2600 3228 2652 in
3269 2598 3562 2657 Palaestina

1983 2691 2274 2763 allegorico
2299 2706 2450 2746 more
2473 2690 2714 2746 declarat
2736 2690 2926 2745 dicens
2951 2709 2963 2744 :
2996 2689 3219 2745 Vineam
3244 2690 3309 2745 de
3328 2690 3561 2763 ﬂgypto

1984 2783 2340 2847 transtulisti,
2373 2782 2575 2852 ejecisti
2608 2790 2783 2853 gentes
2815 2789 2865 2837 et
2897 2781 3155 2850 plantasti
3187 2796 3304 2837 eam
3325 2823 3340 2848 ,
3369 2794 3422 2839 et
3457 2798 3565 2841 caa-

1982 2881 2120 2928 tera.
2141 2871 2348 2929 Deinde
2369 2871 2608 2928 futuram
2634 2873 2755 2943 ejus
2779 2867 3174 2929 desolationem
3200 2874 3288 2929 his
3314 2874 3555 2931 indicat:

1987 2962 2186 3035 thuid
2205 2963 2517 3018 destruxiin
2541 2964 2828 3018 maceriam
2851 2963 2990 3033 ejus,
3021 2971 3071 3018 et
3102 2962 3423 3019 vindemiant
3442 2981 3560 3020 eam

288 3073 419 3123 σας
446 3055 662 3123 αὐτὴν,
688 3058 782 3111 καὶ
805 3057 873 3112 τὰ
903 3057 1118 3122 τούτοις
1142 3059 1409 3117 ἀκόλουθα
1427 3079 1441 3093 ’
1473 3058 1591 3115 εἶτα
1618 3061 1768 3131 δηλοῖ
1784 3061 1881 3133 τὴν

1985 3076 2160 3114 omnes
2188 3060 2279 3131 qui
2320 3058 2828 3129 prwtergrediuntur
2862 3060 3049 3114 viam?
3078 3057 3155 3113 De
3182 3059 3560 3117 obsidentibus

293 3148 571 3221 ἐσομένην
600 3150 834 3221 ἐρημίαν
862 3150 1043 3204 αὐτῶν
1085 3151 1312 3220 φάσκων
1333 3170 1347 3184 ο
1383 3154 1506 3207 Ἵνα
1530 3154 1587 3207 τί
1611 3153 1883 3220 καθεῖλες

289 3239 410 3295 τὸν
430 3240 702 3310 φραγμὸν
724 3241 936 3311 αὐτῆς,
963 3237 1064 3298 καί
1098 3245 1398 3316 τρυγῶσιν
1433 3245 1629 3315 αὐτὴν
1659 3246 1883 3315 πάντες

288 3335 351 3388 οι
395 3335 946 3405 παραπορευόμενοι
972 3335 1086 3405 τὴν
1123 3337 1291 3401 door;
1336 3339 1446 3392 Καὶ
1492 3339 1619 3411 περὶ
1651 3338 1758 3393 τῶν
1787 3357 1882 3393 πο-

289 3422 703 3495 λιορκησάντων
732 3425 789 3479 δὲ
835 3426 1072 3480 διδάσκει
1112 3426 1315 3496 λέγων·
1362 3430 1729 3498 Ἐλυμῄνατο
1773 3433 1882 3484 αὑ-

287 3514 413 3584 τὴν
441 3512 518 3582 ὗς
558 3518 627 3571 ἐκ
665 3517 912 3587 δρυμοῦ,
942 3520 1040 3573 καὶ
1077 3520 1287 3590 μονιός
1318 3519 1520 3591 ἄγριος
1563 3522 1882 3593 κατενεμή-

289 3620 449 3663 Cato
499 3608 713 3680 αὐτήν.
752 3611 829 3662 Δι’
862 3603 937 3664 ὧν
976 3610 1071 3665 δύο
1119 3612 1485 3686 πολιορκητὰς
1522 3612 1739 3668 ἔσεσθαι
1784 3615 1878 3669 τοῦ

295 3699 485 3766 ἔθνους
530 3702 816 3774 σημαίνει·
870 3703 898 3757 ὃ
943 3704 1006 3775 δὴ
1040 3706 1229 3775 γέγονε
1280 3705 1378 3777 μὲν
1425 3706 1520 3763 καὶ
1570 3708 1710 3762 κατὰ
1754 3708 1880 3773 τοὺς

292 3792 407 3846 τῶν
436 3793 788 3849 Βαϐυλωνίων
815 3796 1069 3867 χρόνους’
1106 3798 1323 3871 πρῶτος
1375 3798 1484 3871 γὰρ
1525 3801 1553 3853 ὁ
1594 3800 1880 3870 Ἀσσύριος

296 3883 545 3939 ἐπελθὼν
575 3884 675 3950 τὰς
721 3885 851 3942 δέκα
889 3887 1059 3957 φυλὰς
1087 3889 1183 3943 τοῦ
1243 3890 1459 3961 Ἰσραὴλ
1503 3891 1878 3962 αἰχμαλώτους

292 3976 586 4047 ἀπήγαγεν
604 3993 617 4007 ·
653 3971 773 4030 εἶτα
804 3977 941 4047 μετὰ
968 3977 1155 4034 τοῦτον
1184 3982 1213 4033 δ
1236 3980 1575 4045 Βαϐυλώνιος
1606 3983 1731 4045 τοὺς
1756 3984 1879 4036 ὑπο-

290 4063 514 4128 λοίπους
559 4064 909 4137 ἐχειρώσατο,
956 4067 1054 4138 τὴν
1093 4068 1447 4141 Ἰερουσαλὴμ
1499 4071 1595 4124 σὺν
1638 4071 1717 4143 τῷ
1765 4071 1877 4143 ναῷ

291 4157 671 4228 πυρπολήσας.
710 4160 775 4211 ὐ
804 4158 870 4230 δὴ
908 4157 1155 4224 θεσπίζει
1189 4160 1412 4230 φάσκων
1457 4162 1486 4215 ὁ
1514 4162 1671 4232 λόγος
1693 4178 1709 4193 ·
1745 4164 1875 4232 Ἔμ-

291 4249 711 4319 πεπυρισμένη
755 4250 826 4304 ἐν
868 4251 1009 4320 πυρὶ
1050 4252 1150 4305 καὶ
1187 4253 1637 4324 ἀνεσκαμμένη·
1685 4256 1874 4326 γέγονε

288 4340 352 4394 δὲ
375 4340 470 4394 καὶ
498 4340 592 4393 ἐπὶ
617 4342 715 4413 τῆς
751 4342 1034 4413 Ῥωμαίων
1069 4341 1366 4412 βασιλείας,
1403 4345 1620 4417 πρῶτον
1651 4347 1749 4417 μὲν
1782 4364 1874 4401 πο-

1986 3158 2166 3206 autem
2213 3165 2333 3206 eam
2381 3150 2496 3205 haec
2527 3150 2734 3205 tradit:
2770 3149 3161 3206 Exterminatit
3191 3169 3308 3207 eam
3343 3169 3467 3223 aper
3495 3154 3560 3210 de

1983 3248 2117 3303 silva
2138 3287 2154 3311 ,
2185 3256 2235 3301 et
2263 3248 2551 3318 singularis
2582 3246 2725 3317 [erus
2755 3249 2981 3302 vastavit
3009 3265 3149 3302 eam.
3196 3248 3406 3315 Quibus
3437 3265 3560 3305 ver-

1982 3340 2070 3397 bis
2110 3356 2231 3396 eam
2269 3347 2486 3411 gentem
2526 3354 2557 3393 a
2597 3340 2816 3395 duobus
2855 3339 3218 3396 obsidendam
3258 3340 3554 3411 signiﬁcat.

1982 3429 2140 3497 Quod
2180 3418 2362 3485 evenit
2406 3427 2833 3499 Babyloniorum
2878 3437 3167 3499 tempore:
3206 3444 3335 3482 nam
3381 3429 3556 3500 Assy-

1980 3523 2095 3578 rius
2126 3521 2277 3593 prior
2310 3518 2607 3585 invadens,
2645 3518 2835 3576 decem
2882 3520 3059 3576 tribus
3100 3519 3271 3576 Israel
3311 3520 3557 3591 captivas

1981 3613 2205 3669 abduxit
2225 3631 2242 3687 ;
2272 3612 2470 3668 deinde
2493 3627 2623 3667 vero
2649 3610 2979 3683 Babylonius
3005 3612 3247 3669 incensis
3271 3627 3394 3667 cum
3420 3620 3559 3668 tem-

1980 3709 2070 3779 plo
2111 3692 2503 3778 Jerosolymis,
2547 3707 2792 3776 reliquos
2841 3706 3005 3775 cepit.
3042 3704 3201 3772 Quod
3242 3705 3330 3760 hic
3373 3720 3556 3760 sermo

1978 3801 2306 3854 vaticinatur
2340 3797 2426 3852 his
2475 3798 2693 3854 verbis:
2748 3796 2974 3852 Incensa
3027 3798 3143 3868 igne
3188 3804 3238 3851 et
3283 3797 3554 3866 su/fossa:

1978 3890 2214 3962 idipsum
2243 3905 2461 3961 quoque
2489 3888 2862 3945 Romanorum
2897 3898 3142 3959 tempore
3171 3887 3373 3943 accidit
3397 3905 3412 3955 ;
3442 3888 3554 3958 pri-

1976 3998 2067 4038 mo
2100 3982 2320 4054 quidem
2352 3980 2642 4037 obsidente
2673 3979 2828 4046 Tito,
2859 3982 2953 4051 qui
2983 3987 3105 4051 post
3138 3995 3328 4036 eorum
3362 3987 3551 4034 contra

1986 4073 2327 4130 Salvatorem
2382 4084 2632 4129 nostrum
2679 4072 2925 4129 facinora
2955 4113 2970 4137 ,
3023 4073 3285 4143 templum
3336 4086 3553 4142 quoque

1976 4164 2266 4231 incendit;
2319 4163 2518 4220 deinde
2571 4179 2701 4220 vero
2755 4162 3002 4219 Adriano
3052 4163 3402 4232 imperante,
3458 4160 3551 4231 qui

1973 4256 2175 4312 Judaeis
2198 4257 2349 4312 urbis
2389 4255 2598 4312 aditum
2639 4257 2747 4311 lata
2775 4257 2890 4326 lege
2920 4253 3244 4309 interclusit.
3271 4252 3376 4307 Sed
3400 4259 3551 4322 post-

1976 4365 2138 4421 quam
2170 4350 2359 4405 isthzcc
2401 4349 2471 4404 de
2509 4349 2796 4404 obsidione
2841 4347 3015 4417 gentis
3062 4346 3392 4399 vaticinatus
3434 4343 3552 4399 fue-

291 4411 685 4503 λιορκήσαντος
714 4411 912 4498 αὐτούς
938 4411 1100 4490 Τίτου
1128 4432 1223 4488 τοῦ
1257 4435 1352 4488 καὶ
1377 4411 1619 4508 τδίερὸν
1653 4411 1876 4510 ’πυρπο-

1985 4411 2093 4503 rat,
2143 4437 2199 4490 in
2243 4437 2605 4506 sequentibus
2647 4437 2715 4491 de
2758 4411 2943 4490 divino
2978 4432 3285 4489 Servatoris
3314 4432 3549 4487 adventu

292 4523 558 4593 λήσαντος
600 4524 740 4594 μετὰ
764 4526 833 4580 τὰ
858 4524 1196 4597 τολμηθέντα
1227 4527 1410 4592 αὐτοῖς
1453 4528 1595 4582 κατὰ
1636 4527 1730 4582 τοῦ
1759 4530 1872 4584 Σω-

1981 4529 2097 4583 Ιιοιο
2124 4530 2396 4600 precando
2428 4529 2601 4585 dicit:
2639 4530 2769 4583 Fiat
2806 4544 2994 4583 manus
3040 4539 3134 4580 tua
3179 4542 3337 4596 super
3378 4526 3548 4581 virum

291 4613 464 4685 τῆρος
497 4615 682 4687 ἡμῶν
717 4615 908 4673 ἔπειτα
946 4616 1225 4688 Ἀδριανοῦ
1260 4617 1355 4672 τοῦ
1381 4617 1479 4690 τὴν
1520 4618 1675 4673 πόλιν
1700 4620 1872 4692 αὐτὴν

1985 4621 2196 4677 (extera:
2226 4630 2329 4675 tua:
2350 4661 2365 4685 ,
2403 4631 2449 4675 et
2480 4636 2635 4691 super
2663 4620 2866 4675 Filium
2898 4619 3126 4674 hominis
3160 4636 3313 4691 quem
3351 4621 3550 4688 conﬁr-

292 4700 496 4763 ᾷϐατον
530 4704 803 4768 Ἰουδαίοις
835 4701 973 4758 εἶναι
1002 4705 1480 4779 νομοθετήσαντος.
1522 4710 1660 4765 Ἀλλ’
1687 4710 1872 4781 ἐπειδὴ

290 4792 470 4848 ταῦτα
526 4796 655 4868 περὶ
700 4797 799 4867 τῆς
844 4796 1161 4870 πολιορκίας
1215 4798 1470 4854 ἐθέσπισε
1519 4801 1614 4855 τοῦ
1668 4801 1871 4867 ἔθνους,

292 4884 502 4955 προῖὼν
542 4888 671 4958 περὶ
713 4889 810 4960 τῆς
860 4889 1126 4962 σωτηρίου
1174 4890 1491 4960 θεοφανείας
1534 4892 1699 4963 εὐχὴν
1742 4894 1875 4949 ἁνα-

291 4976 505 5046 πέμπει
551 4978 754 5048 λέγων’
796 4983 1109 5049 Γενηθήτω
1154 4983 1192 5050 ἡ
1240 4984 1369 5051 χείρ
1418 4998 1534 5039 σου
1566 4985 1659 5039 ἐπ’
1686 4986 1875 5054 ἄνδρα

289 5066 499 5136 δεξιᾶς
522 5084 660 5136 σου,
686 5071 784 5126 καὶ
806 5072 906 5126 ἐπὶ
955 5075 1091 5129 Υἰὸν
1121 5075 1434 5143 ἀνθρώπου
1460 5075 1531 5129 ὃν
1560 5077 1875 5145 ἐκραταίω-

286 5176 412 5229 σας
449 5163 702 5230 σεαυτῷ.
740 5167 1055 5238 Παρακαλεί
1096 5167 1155 5222 δὲ
1202 5169 1260 5220 ἐν
1303 5167 1513 5232 τούτοις
1564 5170 1652 5223 τὸν
1699 5170 1870 5243 ἄνδρα

1971 4716 2133 4770 masti
2180 4716 2294 4770 tibi.
2335 4714 2433 4770 llis
2465 4722 2646 4771 autem
2681 4723 2867 4785 rogat,
2900 4726 2960 4769 ut
2987 4715 3072 4771 vir
3099 4715 3335 4769 dexteras
3364 4711 3457 4767 Dei
3491 4714 3547 4767 in

1973 4816 2117 4863 terra
2156 4815 2435 4879 appareat.
2477 4806 2581 4862 Per
2610 4807 2789 4878 ipsum
2825 4807 2970 4863 enim
2993 4847 3007 4872 ,
3044 4805 3259 4878 inquit,
3306 4821 3408 4861 nos
3452 4806 3547 4876 qui

1974 4900 2319 4971 suscepimus
2351 4914 2477 4955 eum
2498 4938 2513 4963 ,
2546 4914 2655 4954 non
2694 4898 3038 4955 discedemus
3072 4914 3102 4953 a
3137 4907 3220 4964 te,
3256 4898 3348 4953 sed
3388 4898 3545 4952 etiam

1974 5005 2073 5060 per
2109 4990 2289 5061 ipsum
2323 5005 2425 5046 nos
2456 4990 2761 5046 viviiicabis
2790 5009 2802 5046 :
2841 4990 3195 5062 quamobrem
3239 4989 3326 5044 his
3364 4986 3545 5043 verbis

1972 5083 2386 5152 supplicamus:
2439 5081 2665 5138 Domine
2708 5085 2994 5149 virtutum,
3039 5092 3276 5159 converte
3317 5097 3446 5142 nos,
3495 5086 3544 5131 et

1970 5174 2183 5228 ostende
2213 5173 2404 5243 [aciem
2436 5184 2583 5230 tuam
2614 5191 2713 5247 per
2740 5176 3061 5255 pradictum
3090 5175 3267 5232 virum
3289 5216 3304 5242 ,
3332 5182 3380 5227 et
3410 5170 3547 5225 sariri

288 5249 396 5321 τῆς
419 5252 601 5320 δεξιᾶς
628 5257 720 5309 τοῦ
746 5256 879 5311 Θεοῦ
907 5257 1137 5329 ὀφθῆναι
1167 5258 1261 5312 ἐπὶ
1290 5258 1414 5328 γῆς.
1446 5261 1523 5311 Δι’
1546 5260 1709 5315 αὑτοῦ
1736 5261 1893 5335 γὰρη
1963 5266 2179 5321 erimus.

291 5342 484 5412 φησὶν,
520 5344 681 5414 ἡμεῖς
707 5348 758 5400 οἱ
794 5350 1225 5422 παραδεξάμενοι
1252 5352 1412 5405 αὑτὸν
1446 5351 1507 5404 οὐ
1549 5346 1623 5422 μὴ
1658 5353 1985 5427 ἀποστῶμεν
2050 5357 2158 5411 ἀπὸ
2195 5359 2310 5423 σοῦ,
2343 5359 2478 5413 ἀλλὰ
2511 5359 2604 5417 καὶ
2636 5359 2875 5426 ζωώσεις
2907 5362 3053 5433 ἡμᾶς
3085 5360 3151 5414 δι’
3193 5356 3355 5411 σύτοῦ
3398 5372 3411 5387 ·
3471 5355 3544 5410 δι’

287 5434 321 5488 ὃ
367 5436 483 5527 και
513 5438 826 5510 ἱκετεύομεν
882 5443 1131 5512 λέγοντες
1173 5463 1185 5476 ·
1232 5447 1411 5516 Κύριε
1452 5446 1572 5500 τῶν
1599 5446 1931 5518 δυνάμεων,
1971 5453 2347 5524 ἐπίστρεψον
2380 5457 2553 5527 ἡμᾶς,
2611 5460 2706 5511 καὶ
2754 5457 3049 5527 irrigare»:
3101 5455 3165 5507 τὸ
3218 5451 3541 5519 πρόσωπόν

289 5542 435 5593 σου,
470 5526 557 5582 διὰ
586 5529 678 5583 τοῦ
722 5530 1050 5603 δηλωθέντος
1077 5536 1288 5609 ἀνδρὸς,
1325 5538 1421 5592 καὶ
1447 5541 1857 5610 σωθησόμεθα.

368 5707 583 5768 "Psal.
627 5726 812 5779 suis,
847 5712 896 5771 l.
