4014 6206
282 208 396 267 833

1418 207 1932 267 COMMENTARIA
1969 208 2036 265 iN
2074 206 2419 265 PSALMOS.

3446 210 3553 275 εει

281 325 590 397 ταιωμέτον
614 323 747 378 Θεὸν
777 322 1097 395 όμολογεῖνς
1131 319 1245 379 Εἶτ’
1286 325 1379 379 ἐπὶ
1416 325 1560 379 τέλει
1590 326 1685 381 τοῦ
1734 344 1853 382 παν·

1971 324 2027 378 in
2063 324 2170 380 ﬁne
2197 322 2397 395 psalmi
2426 321 2726 377 orationem
2760 316 3028 392 Propheta
3059 320 3265 392 profert
3290 337 3390 393 pro
3421 339 3546 397 gen-

282 417 373 481 τὸς
430 418 459 470 ὀ
512 415 806 487 Προφήτης
857 414 1024 487 εὐχὴν
1070 414 1384 485 ἀναπέμπει
1428 414 1569 487 ὑπὲρ
1609 415 1709 487 τῆς
1759 414 1866 469 τῶν

282 506 455 563 ἐθνῶν
490 504 735 576 κλήσεως
771 503 995 574 φάσκων
1019 520 1032 535 ·
1076 503 1344 568 Ἀνάστα,
1374 506 1407 558 ό
1448 503 1613 572 Θεὸς,
1659 504 1867 574 κρῖνον

279 598 400 668 τὴν
422 596 563 667 γῆν,
591 596 681 650 ὅτι
713 595 795 650 σὺ
815 595 1442 666 κατακληρονομήσεις
1468 596 1540 651 ἐν
1566 595 1717 652 πᾶσι
1742 596 1866 663 τοῖς

286 692 550 748 ἔθνεσιν.
582 691 767 743 Ἔοικε
800 689 858 743 δὲ
886 689 1060 761 τούτῳ
1085 689 1373 755 ἀκόλουθος
1400 685 1538 744 εἶναι
1560 691 1589 742 ό
1622 689 1707 763 μθ¹
1736 690 1866 761 ψαλ-

283 784 406 856 μὸς,
458 786 519 837 ὲν
564 775 610 850 ᾧ
651 782 746 836 καὶ
787 781 936 854 αὑτῷ
967 781 1219 835 λέλεκτο’
1266 783 1410 850 Θεὸς
1451 780 1604 837 θεῶν
1648 784 1865 858 Κύριος

278 876 571 944 ἐλάλησε.
621 874 733 929 Καὶ
775 875 834 929 ὲν
865 873 1193 949 ἀμφοτέροις
1229 874 1273 927 δ’
1304 871 1397 928 οὖν
1429 874 1563 939 Θεὸς
1591 874 1728 928 θεῶν
1753 878 1865 929 εἰσ-

278 963 475 1034 ἧκται’
513 963 610 1017 καὶ
657 961 819 1017 πάλιν
851 962 909 1015 ὲν
947 962 1277 1035 ἀμφοτέροις
1318 964 1519 1036 κρίνων
1554 967 1863 1038 ἀναγέγρα-

279 1072 436 1110 πται.
473 1055 584 1109 Καὶ
618 1056 676 1108 ὲν
712 1054 810 1126 μὲν
844 1054 925 1125 τῷ
956 1055 1184 1127 παρόντι
1217 1056 1484 1111 λέλεκται·
1526 1057 1797 1122 Ἀνάστα,
1830 1061 1865 1113 ὀ

281 1147 451 1214 Θεὸς,
479 1147 688 1217 κρῖνον
715 1148 830 1215 τὴν
847 1148 986 1217 γῆν,
1011 1147 1100 1201 ὅτι
1124 1148 1206 1202 σὺ
1233 1151 1863 1220 κατακληρονομήσεις

277 1240 350 1294 ἐν
384 1239 539 1295 πᾶσι
564 1239 690 1306 τοῖς
724 1241 967 1295 ἔθνεσιν
989 1257 1003 1271 ·
1030 1241 1088 1293 ἐν
1110 1240 1169 1294 δὲ
1201 1240 1278 1313 τῷ
1315 1240 1400 1313 μθ¹
1425 1242 1630 1314 σφόδρα
1655 1244 1863 1308 τούτοις

277 1332 590 1396 ἀκολούθως
617 1333 764 1397 ὅπως
791 1332 1030 1397 ἀναστὰς
1066 1334 1241 1407 κρίνει
1279 1336 1378 1407 τὴν
1410 1338 1511 1406 γῆν
1556 1337 1862 1409 ὑπογράφει

276 1427 306 1480 ὁ
354 1425 515 1495 λόγος
536 1424 794 1495 φάσκωνο
827 1425 973 1492 Θεὸς
1016 1424 1168 1481 θεῶν
1194 1428 1410 1496 Κύριος
1446 1428 1731 1499 ἐλάλησε,
1762 1430 1862 1484 καί

273 1518 544 1604 ἐκάἶῑεσε
600 1515 716 1587 τὴν
766 1516 885 1589 γῆν
928 1518 1045 1573 ἀπὸ
1097 1518 1410 1574 ἀνατολῶν
1461 1521 1641 1589 ἡλίου
1685 1521 1862 1593 μέχρι

274 1611 558 1682 δυσμῶν·
593 1612 687 1667 καὶ
713 1611 841 1684 ἑξῆς
860 1628 873 1642 ·
919 1612 972 1665 Ὁ
1002 1612 1146 1679 Θεὸς
1170 1611 1448 1683 ἐμφανῶς
1474 1613 1627 1683 ἣξει,
1658 1615 1756 1668 καὶ
1789 1617 1860 1671 οὐ

1968 418 2107 472 tium
2164 418 2472 481 vocatione,
2523 416 2713 471 dicens
2745 433 2758 468 :
2788 411 2976 484 Surge,
3009 412 3172 477 Deus,
3204 414 3397 480 judica
3446 426 3554 471 ter-

1968 526 2106 573 ram,
2144 511 2397 580 quoniam
2430 518 2486 563 tu
2520 506 2860 564 hwreditabis
2910 508 2966 562 in
3014 506 3256 562 omnibus
3285 509 3548 578 gentibus.

1975 600 2199 658 Videtur
2256 603 2386 657 huic
2426 603 2638 673 psalmo
2669 601 3127 672 quadragesimus
3158 615 3337 661 nonus
3375 601 3551 661 aliinis

1966 713 2107 762 esse,
2142 699 2194 752 in
2230 714 2339 769 quo
2374 699 2538 754 etiam
2569 697 2854 752 dicebatur
2885 715 2898 751 :
2931 696 3072 751 Deus
3104 698 3324 750 deorum
3358 695 3552 751 Domi-

1966 807 2064 845 nus
2111 790 2315 843 locutus
2360 800 2438 844 est
2463 790 2509 822 9°
2538 808 2551 844 :
2582 805 2704 843 nam
2756 790 2811 843 in
2866 797 3096 859 utroque
3135 787 3278 844 Deus
3322 787 3548 843 deorum

1971 882 2288 951 inducitur;
2319 898 2651 953 rursumque
2679 883 2733 936 in
2767 882 3034 937 ambobus
3061 881 3312 952 judicare
3351 880 3551 935 scribi—

1966 986 2086 1042 tur;
2115 976 2170 1030 in
2194 976 2449 1046 praesenti
2472 976 2673 1046 quippe
2696 975 2896 1028 dicitur
2920 994 2933 1029 :
2960 973 3146 1044 Surge,
3173 973 3339 1038 Deus,
3360 974 3550 1045 judice

1967 1081 2189 1134 terram,
2213 1071 2460 1140 quoniam
2490 1079 2544 1124 tu
2567 1069 2902 1124 licereditabis
2931 1070 2985 1122 in
3010 1067 3252 1122 omnibus
3277 1067 3548 1139 gentibus;

1964 1166 2019 1219 in
2060 1162 2482 1233 quadragesimo
2534 1172 2715 1217 autem
2763 1177 2933 1225 nono,
2982 1162 3139 1217 valde
3176 1170 3547 1218 consentanea

1966 1255 2093 1309 huic
2121 1254 2355 1318 ratione,
2393 1270 2502 1325 quo
2527 1262 2686 1324 pacto
2718 1269 2948 1322 surgens
2977 1253 3184 1324 iudicet
3218 1261 3420 1308 terram
3451 1253 3549 1309 de-

1965 1346 2226 1402 scribitur
2258 1345 2342 1399 his
2363 1345 2543 1400 verbis
2573 1364 2585 1398 :
2620 1343 2759 1398 Deus
2793 1345 3012 1398 deorum
3041 1343 3303 1398 Dominus
3338 1344 3545 1400 loculus

1962 1448 2061 1500 est,
2101 1446 2149 1490 et
2185 1437 2385 1491 vocavit
2430 1445 2628 1490 terram
2674 1454 2705 1489 a
2755 1436 2885 1489 solis
2930 1445 3049 1490 ortu
3082 1452 3243 1507 usque
3284 1435 3354 1489 ad
3394 1453 3544 1491 occa-

1962 1545 2081 1585 sum
2103 1529 2147 1561 ⁹¹
2173 1546 2189 1591 ;
2222 1543 2286 1583 ac
2322 1527 2581 1598 deinceps
2610 1547 2624 1583 :
2650 1528 2792 1582 Deus
2841 1527 3118 1599 manifeste
3141 1529 3325 1594 veniet,
3360 1540 3409 1583 et
3441 1545 3545 1584 non

1962 1620 2157 1676 silebit.
2189 1619 2336 1692 Ignis
2372 1620 2425 1674 in
2458 1629 2735 1689 conspectu
2763 1620 2878 1690 ejus
2917 1620 3222 1675 exardescet
3247 1622 3316 1686 ⁹¹,
3347 1627 3401 1676 et
3432 1636 3545 1676 ca:-

272 1703 831 1777 παρασιωπήσεται.
846 1702 973 1772 Πῦρ
991 1702 1246 1759 ἐνώπιον
1259 1704 1447 1758 αὑτοῦ
1470 1702 1853 1770 καυθήσεται,

1962 1721 2117 1767 tera:
2152 1688 2310 1783 queis
2358 1688 2635 1782 quomodo
2671 1688 3023 1781 judicaturus
3068 1712 3142 1767 sit
3181 1720 3425 1768 enarrat.
3479 1711 3547 1769 Et

272 1798 377 1851 καὶ
402 1795 471 1850 τά
498 1795 626 1867 ἑξῆς
644 1814 655 1824 ·
687 1794 755 1848 δι’
782 1787 857 1848 ὧν
884 1795 1032 1858 ὅπως
1059 1793 1241 1864 μέλλει
1272 1794 1479 1866 κρίνειν
1504 1793 1859 1867 διεξέρχεται.

270 1890 397 1953 Καὶ,
422 1889 718 1962 ἐπειδήπερ
751 1890 810 1942 ὲν
836 1888 914 1960 τῷ
940 1887 1076 1961 μετά
1109 1891 1297 1961 χεῖρας
1322 1889 1588 1944 λέλεκται’
1623 1891 1749 1944 Ὀτι
1776 1889 1859 1945 σὺ

274 1982 913 2052 κατακληρωόμήσεις
948 1982 1019 2036 ἐν
1057 1980 1208 2038 πᾶσι
1247 1981 1370 2049 τοῖς
1401 1983 1673 2037 ἔθνεσιν·
1711 1984 1858 2039 είκό-

272 2092 390 2138 τως
421 2076 478 2127 ὲν
506 2074 585 2147 τῷ
637 2074 725 2146 μθ¹
753 2076 882 2139 τοὺς
924 2072 1074 2147 παρὰ
1100 2075 1325 2128 Μωῦσεῖ
1356 2074 1484 2146 περ)⁸
1508 2075 1706 2129 θυσιῶν
1731 2077 1860 2130 ἀνα-

271 2164 471 2237 τρέπει
516 2164 736 2235 νόμους,
781 2164 966 2238 ἓτερον
1009 2162 1211 2236 τρόπον
1259 2165 1587 2237 παραδιδοὺς
1635 2164 1860 2236 λογικῆς

269 2257 489 2323 Θυσίας,
524 2257 626 2325 τὸν⁴
656 2257 779 2312 καθ’
818 2257 949 2329 ὅλης
988 2257 1086 2329 τῆς
1129 2256 1458 2329 οἰκουμένης
1496 2258 1554 2311 ὲν
1580 2259 1714 2312 πᾶσι
1747 2261 1860 2323 τοῖς

272 2350 489 2405 ἔθνεσιν
522 2349 939 2422 ὲπιτελούμενον
962 2364 975 2380 ·
1012 2349 1080 2403 δι’
1123 2348 1152 2402 ὃ
1178 2348 1453 2404 λέλεκται·
1488 2349 1610 2404 Ὅτι
1646 2350 1728 2405 σὺ
1755 2367 1860 2406 κα-

267 2443 827 2515 τακληρονομήσεις
846 2443 918 2497 ἐν
941 2440 1095 2499 πᾶσι
1121 2441 1246 2509 τοῖς
1267 2441 1534 2498 ἔθνεσιν.

1019 2559 1123 2612 IA'.

1959 1805 2088 1876 quia
2115 1805 2170 1859 in
2203 1804 2459 1875 praesenti
2489 1804 2699 1858 dictum
2731 1811 2816 1859 est
2841 1803 3138 1869 :Quoniam
3174 1812 3231 1857 tu
3259 1804 3545 1862 [neredita-

1960 1898 2041 1953 bis
2079 1898 2136 1952 in
2184 1897 2429 1951 omnibus
2472 1894 2750 1967 gentibus;
2800 1903 3106 1966 opportune
3137 1896 3192 1950 in
3236 1896 3546 1970 quadrage-

1959 1990 2100 2047 simo
2147 2004 2317 2057 nono,
2369 1987 2572 2060 Moysis
2627 1986 2697 2044 de
2743 1988 3032 2045 sacriﬁciis
3088 1988 3235 2059 leges
3293 1988 3542 2061 abrogat,

1958 2084 2239 2155 aliumque
2278 2082 2621 2138 rationabilis
2669 2081 2927 2137 sacriﬁcii
2958 2082 3124 2136 ritum
3164 2081 3352 2149 tradit,
3394 2083 3544 2154 quod

1959 2193 2059 2250 per
2089 2184 2264 2232 totum
2305 2175 2495 2231 orbem
2525 2175 2581 2230 in
2610 2174 2869 2231 omnibus
2898 2176 3156 2246 gentibus
3186 2176 3540 2248 persolvitur.

1958 2270 2138 2337 Quare
2166 2269 2375 2326 dictum
2417 2275 2543 2327 est:
2579 2267 2845 2335 Quoniam
2882 2279 2936 2323 tu
2960 2268 3303 2325 Itwreditabis
3343 2271 3400 2326 in
3431 2287 3545 2326 om-

1958 2362 2111 2418 nibus
2143 2361 2406 2434 gentibus.

2693 2555 2788 2612 XI.

2029 2650 2131 2707 Hic
2154 2665 2335 2707 sermo
2361 2651 2457 2722 qui
2486 2659 2801 2723 postremus
2830 2648 3036 2722 Asaphi
3057 2650 3104 2684 ”
3131 2657 3236 2717 est,
3257 2650 3534 2722 supplica-

1956 2745 2163 2801 tionem
2194 2759 2259 2800 ac
2281 2744 2724 2814 deprecationem
2755 2759 2856 2815 pro
2885 2745 3089 2817 populo
3114 2744 3413 2800 admodum
3439 2760 3545 2818 op-

354 2651 415 2705 'O
443 2649 637 2722 παρὼν
664 2650 844 2721 λόγος,
875 2636 1187 2716 ⁴τελευταῖος
1215 2649 1290 2705 ὢν
1313 2648 1407 2704 τοῦ
1449 2650 1642 2721 Ἀσάφ,
1670 2651 1855 2722 ἱκετηα

273 2744 401 2818 ρίαν
427 2745 673 2817 περιέχει
703 2745 798 2799 καὶ
824 2744 1167 2817 παράκλησιν
1198 2745 1340 2818 ὑπὲρ
1375 2743 1471 2799 τοῦ
1499 2744 1629 2799 λαοῦ
1667 2745 1854 2817 σφόδρ’

267 2836 603 2902 ἀκολούθως.
647 2838 863 2909 Ἐπειδὴ
911 2837 1021 2910 γὰρ
1064 2839 1123 2891 ὲν
1161 2840 1273 2902 τοῖς
1317 2835 1556 2908 πρώτοις
1599 2835 1853 2891 ἐθέσπισε

1957 2844 2192 2909 portune
2221 2835 2623 2907 complectitur.
2650 2834 2790 2902 Quia
2819 2836 2966 2890 enim
3008 2836 3066 2891 in
3096 2834 3292 2906 primis
3319 2842 3539 2905 postre-

264 2930 368 3003 τὴν
414 2931 650 3003 ἐσχάτην
678 2930 772 2985 τοῦ
803 2930 968 2984 τόπου
1008 2928 1347 3001 πολιορκίαν,
1383 2925 1482 2983 εἴτ’
1523 2929 1853 3002 ἀναδραμὼν

1957 2943 2103 2985 mam
2146 2927 2249 2983 loci
2290 2927 2632 2984 obsidionem
2681 2926 3112 2992 vaticinabatur,
3165 2927 3363 2983 deinde
3407 2943 3539 2984 vero

264 3022 348 3094 τῷ
367 3022 549 3093 χρόνῳ
581 3022 837 3094 δευτέραν
858 3020 958 3091 τὴν
986 3020 1077 3073 ὑπ’
1112 3020 1381 3092 Ἀντιόχου
1410 3021 1709 3093 γενομένην
1731 3020 1853 3075 ἔτα-

1957 3023 2136 3095 quoad
2177 3029 2392 3094 tempus
2437 3030 2834 3092 retrogressus,
2891 3023 3193 3079 secundam
3236 3024 3421 3096 posuit
3467 3024 3540 3083 ab

266 3114 384 3181 ξεν,
428 3108 527 3166 εἶτ’
570 3115 662 3167 ἐπὶ
700 3114 902 3183 ταύτης
924 3112 1115 3185 τρίτης
1150 3113 1524 3185 ἐμνημόνευσε
1552 3112 1649 3185 τῆς
1679 3129 1849 3185 προα-

1957 3115 2224 3172 Antiocho
2262 3115 2466 3170 illatam
2510 3114 2743 3180 cladem,
2788 3130 2854 3171 ac
2902 3116 3007 3173 sub
3057 3117 3173 3173 haec
3215 3117 3381 3173 tertio
3413 3118 3537 3175 loco

254 3206 480 3278 70661;;
508 3209 621 3271 τοῖς
652 3206 883 3278 χρόνοις,
912 3206 1059 3276 λέγω
1097 3206 1155 3260 δὲ
1193 3206 1292 3277 τῆς
1338 3205 1477 3260 κατά
1519 3204 1628 3259 τῶν
1661 3206 1852 3259 Ἀσσυ-

1957 3208 2136 3279 posuit
2191 3222 2311 3263 eam
2364 3220 2488 3277 qua:
2539 3212 2784 3275 tempore
2840 3208 3231 3278 praecurrebat,
3282 3207 3536 3266 videlicet

267 3297 406 3371 ρίων
433 3298 528 3351 καὶ
547 3297 898 3352 Βαϐυλωνίων
925 3297 1102 3371 ἀρχῆς
1119 3315 1132 3329 ·
1159 3296 1465 3362 ἀκολούθως
1487 3296 1576 3350 διὰ
1595 3296 1701 3351 τῶν
1726 3314 1852 3367 προ-

1957 3315 2073 3371 quae
2105 3299 2210 3354 sub
2238 3298 2470 3369 imperio
2507 3296 2858 3370 Assyriorum
2892 3307 2947 3354 et
2984 3299 3407 3371 Babyloniorum
3441 3315 3535 3356 ac-

262 3390 540 3464 κειμένων
578 3391 760 3463 δέησιν
787 3392 882 3445 καὶ
913 3391 1195 3463 ἱκετηρίαν
1227 3390 1540 3461 ἀναπέμπει
1572 3388 1711 3462 ὑπὲρ
1751 3387 1851 3459 τῆς

1957 3391 2116 3458 sidit;
2146 3398 2549 3461 consequenter
2578 3390 2635 3445 in
2668 3390 2928 3461 prmsenti
2957 3393 3413 3463 supplicationem
3444 3392 3532 3450 of-

260 3487 380 3548 τοῖς
411 3484 623 3557 χρόνοις
652 3484 875 3557 πρώτης
914 3483 1246 3555 πολιορκίας,
1293 3482 1416 3536 καθ’
1455 3482 1522 3553 ἢν
1557 3483 1758 3544 πάντες
1799 3481 1848 3533 οἱ

1957 3480 2074 3547 fert,
2102 3496 2203 3553 pro
2241 3482 2528 3539 obsidione
2552 3498 2674 3554 qua
2700 3491 2946 3554 tempore
2983 3488 3138 3554 prior
3163 3496 3302 3549 erat,
3337 3486 3393 3541 in
3424 3502 3532 3558 qua

266 3576 541 3648 περίοικοι
584 3577 686 3647 τῆς
722 3576 981 3640 Ἰουδαίας
1017 3574 1197 3640 δεξιὰς
1236 3576 1349 3638 τοῖς
1381 3572 1685 3646 Ἀσσυρίοις
1726 3574 1845 3627 κατ’

1957 3590 2140 3632 omnes
2177 3574 2380 3633 Iudaea:
2410 3575 2630 3631 ﬁnitimi
2660 3576 2918 3632 dexteras
2966 3590 3101 3630 suas
3148 3576 3392 3648 Assyriis
3438 3576 3534 3633 ad-

263 3667 450 3723 αὐτῶν
490 3666 719 3741 ὧρεξαν.
753 3670 818 3722 Ὃ
840 3668 904 3740 δὴ
943 3667 1197 3740 σημαίνει
1240 3665 1413 3735 λέγων
1446 3683 1461 3696 ’
1501 3665 1578 3720 Τὰ
1614 3665 1849 3734 σκηνώ-

1957 3685 2166 3725 versum
2202 3670 2326 3725 illos
2354 3678 2733 3740 porrexerunt.
2768 3669 2927 3736 Quod
2953 3668 3043 3725 his
3076 3668 3358 3740 signiﬁcat
3386 3688 3400 3724 :
3431 3667 3533 3725 To—

256 3776 425 3830 ματα
463 3759 583 3813 τῶν
626 3759 962 3828 Ἰδουμαίων
1009 3758 1106 3812 καὶ
1152 3761 1207 3812 οἱ
1246 3756 1628 3833 Ἰσμαηλῇαι,
1672 3758 1853 3813 Μωὰϐ

1957 3760 2237 3815 bernacula
2266 3759 2629 3815 Idumam-um
2668 3770 2720 3816 et
2760 3760 3078 3831 Ismuelitte,
3108 3760 3269 3815 Moab
3304 3768 3355 3816 et
3384 3761 3531 3833 Aga-

260 3852 365 3906 καὶ
393 3854 448 3905 oi
483 3850 802 3922 Ἀταρηνοὶ,
830 3850 1027 3905 Γεϐὰλ
1049 3850 1146 3904 καὶ
1184 3849 1408 3920 Ἀμμὼν
1431 3850 1530 3905 καί
1568 3851 1844 3921 Ἆμαλὴκ,

260 3943 606 4013 ἀλλόφυλοι
647 3944 798 4013 μετὰ
834 3941 953 3996 τῶν
996 3943 1437 3996 κατοικούντων
1479 3944 1686 4011 Τύρον.
1735 3942 1845 3997 Kai

260 4035 378 4105 τὰρ
434 4035 533 4088 καὶ
601 4034 851 4104 Ἀσσοὺρ
900 4033 1387 4105 συμπαρεγένετο
1442 4034 1570 4103 μετ’
1626 4033 1841 4099 αὐτῶν,

258 4127 643 4199 ἐγενήθησαν
695 4129 783 4194 είς
823 4127 1151 4195 ἀντίληψιν
1196 4127 1320 4193 τοῖς
1352 4125 1506 4192 υἱοῖς
1550 4126 1699 4180 Λώτ.
1750 4122 1844 4191 Οἷς

261 4223 396 4294 ἑξῆς
421 4222 483 4275 τὺ
509 4220 951 4293 καταληψόμενον
978 4219 1176 4283 αὐτοὺς
1221 4219 1527 4290 ὑπογράφει
1563 4217 1713 4281 τέλος
1738 4219 1843 4288 φά-

262 4335 441 4373 σκων·
485 4318 538 4370 Ὀ
584 4320 728 4383 Θεός
767 4334 906 4387 μου,
950 4315 1058 4370 θοῦ
1103 4314 1320 4381 αὐτοὺς
1374 4315 1454 4382 ὡς
1493 4314 1728 4383 τροχὸν,
1765 4314 1846 4380 ὡς

1944 3854 2081 3913 reni,
2118 3851 2283 3906 Gebat
2327 3862 2376 3907 et
2410 3853 2637 3907 Ammon
2674 3861 2724 3908 et
2772 3853 3015 3915 Amalec,
3061 3853 3376 3923 alienigena:
3410 3868 3531 3907 cum

1942 3940 2308 3997 habitantibus
2347 3941 2566 4014 Tyrum.
2604 3942 2814 3998 Etenim
2855 3943 3030 3999 Assur
3067 3944 3206 3997 venit
3245 3958 3366 3996 cum
3394 3942 3528 4006 illis,

1944 4033 2077 4103 facti
2120 4042 2244 4087 sunt
2296 4035 2350 4087 in
2393 4030 2724 4102 adjutorium
2759 4033 2890 4102 ﬁliis
2923 4031 3046 4088 Lot.
3086 4032 3299 4099 Quibus
3327 4031 3531 4088 deinde

1944 4126 2104 4181 ﬁnem
2138 4141 2248 4196 quo
2291 4126 2600 4197 excipiendi
2648 4133 2778 4182 sunt
2829 4124 3098 4181 describit
3129 4114 3320 4181 dicens
3349 4143 3363 4180 :
3388 4123 3529 4180 Deus

1942 4236 2109 4285 meus,
2139 4235 2274 4289 pone
2311 4219 2434 4272 illos
2481 4228 2539 4272 ut
2574 4228 2768 4281 rotam,
2816 4219 2955 4272 sicut
2988 4216 3242 4285 stipulam
3281 4224 3402 4269 ante
3440 4214 3528 4284 fa-

1942 4311 2072 4364 ciem
2123 4312 2281 4374 uenti,
2324 4312 2461 4364 sicut
2502 4310 2637 4380 ignis
2683 4310 2772 4379 qui
2815 4308 3084 4362 comburat
3131 4306 3345 4370 silvam,
3390 4304 3528 4359 sicut

260 4408 545 4478 καλάμην
582 4408 732 4462 κατὰ
777 4408 1103 4478 πρόσωπον
1149 4406 1396 4476 ἀνέμου,
1454 4406 1597 4460 ὡσεὶ
1648 4405 1768 4474 πῦρ
1809 4404 1840 4458 ὃ

1957 4404 2165 4457 ﬂamma
2189 4401 2455 4457 comburat
2498 4411 2720 4468 montes,
2750 4408 2805 4455 et
2845 4400 3076 4469 reliqua.
3108 4396 3246 4453 Cum
3289 4397 3398 4450 huc
3434 4409 3527 4451 au-

257 4499 570 4570 διαφλέεει
612 4500 859 4570 δρυμὸν,
905 4498 1048 4553 ὡσεὶ
1099 4498 1259 4568 φλὸξ
1308 4498 1670 4554 κατακαύσει
1707 4497 1836 4567 ὄρη,

258 4593 359 4647 καὶ
405 4591 477 4646 τὰ
521 4591 913 4663 ἐπιφερόμενα.
964 4589 1135 4645 Ἐνθα
1183 4589 1470 4661 γενόμενος
1528 4588 1840 4660 ἀναγκαίως

257 4684 632 4756 ὲπιτηρήσεις,
665 4683 741 4747 ὡς
772 4684 906 4737 ὅπου
954 4682 1227 4755 μέμνηται
1271 4680 1368 4735 τοῦ
1411 4682 1664 4754 Ἀσσοὺρ,
1695 4674 1839 4735 οὗτοι

256 4777 316 4831 δὲ
360 4771 499 4849 ἦσαν
530 4776 581 4830 οἱ
622 4775 917 4849 Ἀσσύριοι,
946 4775 1042 4829 καὶ
1080 4773 1190 4827 τῶν
1232 4772 1638 4846 προλεχθέντων
1671 4772 1848 4826 ἐθνῶν

255 4869 359 4940 τὴν
399 4870 518 4924 κατ’
558 4868 736 4923 αὐτῶν
781 4870 1013 4921 ποιεῖται
1043 4865 1245 4938 δέησιν,
1292 4866 1384 4920 καὶ
1416 4866 1513 4938 τὴν
1542 4882 1842 4936 καταστρο-

256 4965 370 5034 φὴν
398 4962 577 5017 αὐτῶν
608 4961 734 5033 ἑξῆς
775 4958 1049 5025 θεσπίζει’
1087 4960 1180 5013 καὶ
1222 4961 1279 5013 ὲν
1317 4957 1395 5029 τῷ
1424 4957 1503 5030 οη¹
1529 4958 1750 5030 ὁμοίως,
1780 4958 1838 5011 ἐν

254 5049 303 5126 ᾧ
329 5056 400 5110 τὰ
422 5055 562 5111 κατά
591 5055 859 5126 ’Δντίοχον
891 5051 1282 5127 προανεφώνει,
1304 5051 1364 5114 ὃς
1396 5048 1723 5124 Ἐλληνίζειν
1742 5051 1839 5104 καὶ

256 5149 624 5221 παραϐαίνειν
650 5146 719 5203 τὰ
742 5149 944 5218 πάτρια
973 5144 1284 5217 ἠνάγκαζεν
1320 5144 1621 5210 Ἰουδαίους.
1670 5144 1837 5199 Πάλιν

252 5242 370 5313 γὰρ
405 5242 568 5295 κάκεῖ
592 5241 690 5313 τὴν
724 5238 1116 5311 καταστροφὴν
1154 5237 1263 5290 τῶν
1300 5235 1572 5307 πολεμίων
1610 5235 1841 5310 προῦλε-

252 5352 375 5404 γεν.
408 5335 605 5388 Οὐκέτι
636 5334 692 5387 δὲ
722 5334 815 5386 καὶ
855 5334 912 5386 ὲν
949 5333 1028 5405 τῷ
1066 5337 1165 5400 ογ’,
1196 5330 1319 5384 καθ’
1344 5330 1404 5387 ὃν
1437 5331 1470 5402 ἠ
1505 5329 1707 5401 ὲσχάτη
1743 5331 1841 5383 αὑ-

252 5426 366 5482 τῶν
392 5426 645 5497 ἐδηλοῦτο
672 5424 933 5497 ἀποϐολή.

330 5513 492 5574 Οὗτοι
524 5519 621 5591 μὲν
648 5516 740 5575 οὖν
772 5523 821 5575 οἱ
853 5519 1187 5592 συνημμένοι
1223 5518 1316 5572 τοῦ
1356 5516 1523 5571 ’Ᾱσὰο
1558 5522 1645 5570 ια’.
1692 5516 1749 5569 '0
1778 5515 1833 5568 δὲ

321 5678 368 5709 ⁹⁰
397 5674 545 5731 Psal.
586 5690 736 5742 XLIX,
764 5676 815 5730 1.
893 5677 936 5711 ⁹¹
970 5675 1101 5731 ibid.
1129 5675 1173 5708 "
1208 5674 1341 5729 ibid.
1366 5674 1417 5729 5.

1945 4502 2056 4550 tem
2084 4493 2370 4550 deveneris
2413 4493 2668 4558 observa,
2700 4508 2908 4562 quaeso,
2942 4507 3067 4547 eum
3097 4491 3191 4546 ubi
3234 4490 3384 4547 illius
3421 4488 3526 4546 As-

1948 4604 2047 4644 sur
2089 4588 2338 4645 meminit
2367 4587 2554 4657 (erant
2583 4592 2765 4641 autem
2796 4585 2833 4639 ii
2854 4582 3113 4656 Assyrii),
3148 4599 3363 4641 necnon
3386 4597 3526 4655 prte-

1946 4681 2219 4737 dictarum
2272 4679 2554 4751 gentium,
2606 4676 3056 4748 supplicationem
3117 4676 3382 4735 adversus
3426 4692 3524 4734 eos

1947 4776 2218 4840 emittere,
2248 4789 2312 4829 ac
2332 4772 2529 4829 exinde
2558 4770 2858 4827 infaustum
2888 4767 3206 4825 earumdem
3239 4769 3400 4826 fmem
3427 4784 3525 4829 va»

1945 4867 2168 4922 ticinari
2201 4865 2389 4936 :quod
2412 4864 2603 4919 itidem
2639 4863 2696 4917 in
2727 4877 2938 4916 Lxxvm
2968 4859 3241 4931 prastitit,
3273 4860 3364 4917 ubi
3392 4860 3520 4917 item

1945 4975 2069 5030 quae
2103 4958 2357 5014 Antiochi
2386 4967 2629 5027 tempore
2673 4954 2997 5011 acciderunt
3033 4953 3388 5024 praenuntiat,
3425 4952 3521 5025 qui

1944 5049 2164 5106 Iudaeos
2192 5047 2454 5119 compulit
2488 5053 2551 5102 ut
2579 5043 2892 5100 Graecorum
2921 5042 3086 5097 ritum
3124 5042 3510 5105 observarent,

1944 5150 2313 5213 paternasque
2335 5140 2482 5212 leges
2502 5134 3038 5207 transgrederentur.
3073 5132 3211 5191 Nam
3242 5134 3355 5190 illis
3379 5148 3519 5204 quo-

1945 5250 2051 5306 que
2086 5232 2364 5289 infelicem
2403 5232 2753 5288 inimicorum
2792 5231 2953 5284 ﬁnem
2986 5227 3256 5300 pradixit.
3294 5223 3364 5278 At
3409 5238 3517 5276 non

1943 5328 1999 5383 in
2030 5341 2230 5391 ιιιιιι,
2285 5324 2378 5381 ubi
2416 5333 2694 5396 postrema
2722 5321 3038 5379 Judaorum
3071 5318 3305 5391 abiectio
3329 5313 3516 5369 decla-

1945 5429 2116 5476 ratur.

2015 5514 2077 5568 lli
2135 5513 2302 5584 igitur
2350 5512 2551 5585 Asaphi
2609 5525 2837 5567 numero
2900 5505 3174 5568 undecim,
3234 5497 3513 5568 conjuncti

1522 5672 1569 5705 ’³
1596 5669 1742 5727 Psal.
1773 5683 1982 5733 Lxxxn,
2012 5667 2064 5722 i.
