4014 6206
512 275 618 335 835

1200 276 1461 336 EUSEBII
1497 272 1973 335 CESARIENSIS
2011 272 2159 335 OPP.
2199 277 2377 336 PARS
2414 278 2519 336 "L'
2541 306 2611 322 --
2647 276 3058 337 EXEGETICA.

3658 280 3764 337 8'56

512 390 1065 463 sunt.‘Duoilecimus
1099 408 1225 447 vero
1254 400 1378 448 ante
1413 393 1686 463 psalmum
1720 409 1751 447 ι.
1777 394 2075 450 collocatus

2181 395 2246 448 ι6⁹
2269 395 2374 467 πρὸ
2394 392 2485 448 τοῦ
2514 392 2781 465 ν’ψαλμοῦ
2795 380 3195 448 κατατέτακται
3226 392 3293 447 δι’
3319 393 3382 465 ἢν
3414 392 3767 449 ἀποδεδώκα-

512 492 617 549 cst,
651 482 723 537 ob
747 495 969 536 causam
1008 495 1171 552 quam
1204 482 1357 536 illum
1386 483 1723 552 explicantes
1771 482 2077 538 attulimus.

513 572 713 629 Verum
742 585 867 644 post
896 572 999 628 hoc
1030 573 1435 645 compendium,
1469 573 1707 643 primum
1750 583 2081 645 repetentes,

511 665 629 736 ejus
662 665 988 721 sententiam
1013 665 1319 719 minutatim
1352 664 1779 735 explorabimus.

807 776 862 832 4:
907 774 1230 835 PSALMUS
1267 776 1513 834 ASAPH.
1555 777 1766 835 LXXII.

590 869 748 928 tiens.
784 871 898 927 1-5.
942 872 1117 937 Quam
1150 871 1316 926 bonus
1350 871 1525 926 Israel
1552 872 1695 926 Deus
1737 870 1802 926 iis
1832 872 1922 943 qui
1954 872 2083 927 recti

512 975 633 1020 sunt
656 965 848 1018 corde!
874 962 1057 1019 Tertia
1093 978 1220 1035 pars
1245 963 1371 1019 libri
1399 963 1740 1019 Psalmorum
1771 976 1801 1018 a
1832 965 2083 1033 pratsenti

512 1056 720 1127 incipit,
753 1065 808 1110 et
834 1056 891 1110 in
921 1070 1163 1110 Lxxxvm
1195 1054 1418 1120 desinit,
1454 1055 1529 1109 ita
1573 1064 1635 1110 ut
1669 1055 1910 1125 psalmos
1942 1070 2085 1110 com-

513 1148 782 1219 plectatur
836 1146 1251 1217 septemdecim,
1297 1161 1532 1216 quorum
1583 1146 1837 1201 undecim
1888 1161 2084 1201 conse-

512 1247 743 1311 quenter
773 1240 947 1310 ipsius
970 1238 1150 1307 Asaph
1182 1246 1311 1294 sunt
1337 1257 1351 1293 :
1379 1239 1505 1293 hinc
1527 1238 1760 1293 ﬁliorum
1785 1239 1924 1293 Core
1948 1254 2085 1308 qua-

513 1340 661 1397 tuor,
687 1329 908 1387 Davidis
948 1347 1111 1396 unus,
1158 1343 1577 1402 postremusque
1625 1330 1868 1385 omnium
1907 1328 2083 1384 Ethau

513 1420 799 1481 Esdraitae.
834 1421 935 1478 Hic
952 1439 1080 1479 vero
1108 1439 1271 1494 quem
1300 1430 1601 1477 tractamus
1626 1420 1829 1491 Asaphi
1856 1428 1963 1486 est,
1989 1418 2084 1490 qui

513 1516 777 1586 propheta
820 1514 1008 1569 Davidi
1049 1522 1359 1570 coaetaneus
1408 1522 1527 1568 erat
1562 1527 1575 1566 :
1606 1510 1957 1581 Psalmusque
1998 1510 2085 1564 in-

515 1604 811 1673 scribitur;
864 1604 993 1675 quia
1038 1606 1105 1660 ad
1145 1606 1350 1660 calcem
1405 1619 1530 1658 cum
1578 1602 1870 1672 impiorum
1904 1599 2086 1657 infau-

515 1707 658 1756 stum
683 1697 909 1760 exitum,
948 1704 1064 1750 tum
1094 1698 1308 1767 piorum
1336 1695 1392 1749 in
1417 1692 1528 1749 Deo
1565 1692 1910 1748 reconditum
1939 1692 2083 1763 opti-

514 1805 662 1844 mum
703 1788 862 1843 ﬁnem
894 1787 1296 1859 complectitur.
1331 1787 1462 1852 Quae
1489 1784 1578 1840 his
1616 1785 1902 1841 declarat:
1940 1784 2081 1852 Quia

512 1895 628 1933 ecce
661 1879 749 1948 qui
771 1878 1014 1948 elongant
1046 1893 1100 1930 se
1142 1894 1174 1930 a
1209 1885 1257 1931 te
1284 1874 1547 1941 peribunt,
1586 1873 1864 1942 perdidisti
1904 1892 2079 1929 omnes

512 1971 601 2041 qui
621 1971 953 2040 fornicamur
976 1968 1069 2022 abs
1096 1976 1162 2021 te.
1192 1965 1328 2021 Mihi
1359 1976 1533 2020 autem
1558 1966 1826 2021 adhwrere
1850 1965 1959 2021 Dea
1990 1965 2081 2021 bo-

514 2077 639 2116 num
678 2070 775 2116 est.
821 2060 927 2114 Init
976 2067 1159 2113 autem
1199 2073 1230 2113 a
1272 2057 1541 2113 doctrina:
1576 2059 1882 2129 praeceptis,
1926 2058 2081 2128 queis

512 2152 806 2224 impiorum
838 2153 904 2206 ad
940 2152 1213 2224 quoddam
1244 2159 1458 2224 tempus
1502 2151 1782 2208 felicitatis
1811 2154 2081 2208 rationem

513 2244 669 2301 aﬁ‘ert
700 2264 713 2301 :
746 2245 976 2315 hujusce
1015 2245 1215 2315 quippe
1258 2244 1337 2299 rei
1381 2258 1606 2302 causam
1633 2258 1754 2300 esse
1803 2245 1899 2308 ait,
1934 2244 2081 2315 quod

512 2334 658 2393 Deus
704 2337 882 2393 bonus
947 2336 1267 2407 patiensque
1317 2336 1408 2390 sit.
1455 2334 1697 2405 ldipsum
1746 2349 1879 2391 sane
1923 2336 2081 2391 docet

511 2426 732 2482 divinus
756 2426 1049 2497 Apostolus
1078 2425 1268 2481 dicens
1301 2445 1314 2480 :
1346 2426 1429 2480 An
1447 2426 1663 2480 divitias
1694 2423 1943 2479 bonitatis
1966 2425 2080 2496 ejus

510 2530 556 2574 et
591 2517 1010 2588 longanimitatis
1041 2518 1351 2583 contemnis,
1383 2518 1634 2588 ignorans
1672 2523 1810 2588 quod
1852 2517 2077 2573 clemen-

514 2614 589 2667 tia
625 2612 720 2667 Dei
763 2612 832 2666 ad
883 2613 1241 2681 paenitentiam
1279 2621 1327 2667 te
1371 2610 1586 2666 adducit
1605 2612 1692 2667 ἐἳ
1742 2620 1797 2667 et
1841 2612 1972 2668 alibi
2004 2612 2083 2667 di-

511 2715 658 2761 ctum
690 2712 774 2761 est
799 2724 812 2761 :
848 2704 988 2760 Deus
1006 2704 1174 2775 judea:
1196 2705 1401 2775 justus,
1428 2704 1594 2759 bonus
1619 2714 1667 2758 et
1694 2705 1920 2773 patiens,
1945 2720 2080 2759 nun-

510 2796 638 2869 quid
676 2797 930 2850 irascitur
977 2811 1069 2865 per
1116 2795 1354 2867 singulos
1395 2794 1505 2850 dies
1527 2796 1613 2850 ⁸⁸⁸2
1653 2794 1852 2867 Utpote
1902 2796 2079 2852 bonus

512 2891 699 2962 igitur,
734 2889 911 2945 Solem
948 2906 1103 2945 suum
1141 2890 1273 2943 oriri
1298 2888 1428 2958 facit
1455 2904 1609 2957 super
1638 2889 1815 2958 justas
1848 2898 1899 2943 et
1937 2890 2081 2959 inju-

511 2991 641 3046 stus,
664 2990 713 3037 et
740 2980 874 3049 ptuit
901 2995 1053 3048 super
1082 2983 1251 3034 malos
1281 2989 1329 3035 et
1358 2979 1518 3034 bonos
1539 2981 1606 3035 ⁸⁸.
1636 2978 1790 3035 Unde
1821 2977 2079 3036 Servatur

2184 503 2282 556 μεν
2312 486 2489 539 αἰτίαν
2512 487 2638 549 τοὺς
2659 486 2861 549 τόπους
2881 485 3249 557 διηγούμενοι.
3293 486 3454 540 Ἀλλὰ
3476 486 3587 559 γάρ
3627 489 3769 558 μετὰ

2182 580 2279 652 τὴν
2294 578 2497 632 τούτων
2518 579 2783 650 ἐπιτομὴν
2799 578 2918 652 φέρ’
2933 579 3364 644 ἐπαναλαϐόντες
3393 580 3504 633 ’τὸν
3526 585 3769 652 πρῶτον,

2182 671 2280 743 τὴν
2323 671 2463 725 κατὰ
2497 671 2661 743 μέρος
2690 670 2856 723 αὑτοῦ
2888 670 3128 724 διάνοιαν
3170 670 3670 743 ἐπιθεωρήσωμεν.

2575 787 2864 840 ΨΑΛΜΟΣ
2896 784 2983 856 Τῼ
3013 786 3208 837 ΑΣΑΦ.
3248 786 3369 837 ΟΒ’.

2266 877 2359 944 Ὠς
2394 877 2613 948 ἁγαθός
2643 876 2723 942 τῷ
2757 877 2990 947 Ἰσραὴλ
3039 880 3072 930 ό
3095 875 3258 942 Θεὸς,
3286 875 3412 942 τοῖς
3443 874 3660 929 εὑθέσι
3696 873 3774 945 τῇ

2184 971 2397 1040 καρδίᾳ
2417 966 2435 1024 .'
2467 970 2539 1023 Τὸ
2586 970 2766 1041 τρίτον
2818 970 2982 1041 μέρος
3014 969 3115 1039 τῆς
3164 968 3344 1039 βίϐλου
3384 968 3774 1040 τῶνγαλμῶν

2183 1062 2408 1134 ἄρχεται
2436 1063 2533 1133 μέν
2556 1062 2663 1115 ἀπὸ
2687 1061 2780 1115 τοῦ
2822 1062 3106 1133 παρόντος,
3136 1059 3456 1132 περαιοῦται
3481 1061 3542 1114 δὲ
3567 1064 3651 1124 εἰς
3680 1060 3773 1115 τὸν

2186 1160 2297 1225 σπη’,
2348 1153 2423 1217 ὼς
2465 1155 2592 1216 τοὺς
2628 1154 2833 1216 πάντας
2883 1153 3159 1224 περιέχειν
3196 1150 3442 1223 ψαλμοὺς
3482 1152 3630 1204 ἐπτὰ
3676 1152 3772 1205 καὶ

2182 1245 2313 1300 δέκα
2334 1260 2347 1275 ·
2379 1240 2454 1300 ὧν
2484 1244 2679 1316 ἐφεξῆς
2711 1252 2777 1298 ια’
2801 1245 3125 1315 τυγχάνουσι
3150 1244 3244 1297 τοῦ
3278 1243 3448 1313 Ἀσάτρ
3469 1261 3485 1275 θ
3510 1240 3634 1297 εἶτα
3659 1244 3775 1297 τῶν

2185 1337 2317 1390 υἱῶν
2374 1337 2519 1408 Κορὲ
2560 1336 2623 1400 δ’,
2675 1334 2896 1389 καὶτοῦ
2953 1334 3119 1387 Δαυῖδ
3166 1329 3266 1398 εἷς,
3322 1334 3419 1388 καὶ
3476 1334 3643 1390 Δίθὰν
3665 1333 3769 1389 τοῦ

2196 1428 2507 1500 Ἐσδραίτου
2553 1428 2878 1491 τελευταῖος.
2919 1425 2978 1479 Ὀ
3024 1425 3205 1497 μέντοι
3247 1427 3387 1497 μετά
3429 1429 3613 1497 χεῖρας
3658 1424 3768 1480 τοῦ

2196 1520 2367 1591 Ἀσάφ
2391 1520 2695 1594 (προφήτης
2713 1519 2769 1572 δέ
2786 1513 2853 1591 ἦν
2878 1514 3031 1582 οὗτος
3054 1518 3411 1590 συγχρονίσας
3431 1516 3509 1587 τῷ
3548 1518 3759 1590 Annio),

2190 1610 2436 1682 Ψαλμὸς
2477 1612 2574 1682 μὲν
2602 1610 3028 1682 ἐπιγέγραπται,
3053 1609 3140 1663 διὰ
3163 1609 3222 1663 τδ
3251 1610 3530 1680 περιέχειν
3553 1610 3653 1664 ἐπὶ
3670 1607 3765 1664 τί·

2182 1699 2264 1753 λει
2292 1699 2401 1753 τῶν
2440 1700 2614 1768 λόγων
2657 1699 2768 1753 τῶν
2812 1699 2911 1769 μὲν
2950 1698 3161 1752 ἀσεϐῶν
3206 1698 3304 1770 τὴν
3350 1701 3759 1771 καταστροφὴν,

2180 1789 2288 1844 τῶν
2313 1790 2358 1844 δ’
2389 1789 2627 1844 εὐσεϐῶν
2654 1789 2714 1843 τὸ
2747 1788 2897 1861 παρὰ
2920 1788 2997 1859 τῷ
3019 1787 3138 1859 Θεῷ
3169 1788 3599 1859 τεταμιευμένον
3627 1790 3768 1857 ἀγα-

2183 1878 2272 1933 θὸν
2305 1880 2489 1943 τέλος·
2530 1878 2566 1933 ἃ
2610 1876 2676 1949 δὴ
2727 1880 2963 1951 παρίστη
2993 1878 3195 1947 λέγων’
3230 1879 3349 1931 Ὅτι
3396 1877 3528 1933 ἰδοὺ
3568 1882 3625 1933 οἱ
3657 1897 3762 1949 μα-

2181 1972 2502 2039 κρύνοντες
2532 1970 2786 2036 ἑαυτοὺς
2821 1969 2939 2023 ἀπὸ
2980 1970 3095 2023 (τοῦ
3121 1969 3510 2033 ἀπολοῦνται,
3536 1970 3755 2034 ἐξωλέ-

2181 2064 2442 2129 θρευσιις
2482 2059 2679 2116 πάντα
2724 2060 2831 2114 τὸν
2866 2062 3234 2127 πορνεύιοοτα
3267 2060 3383 2114 ἀπὸ
3422 2061 3561 2115 σοῦ.
3604 2062 3752 2131 Ἐμοὶ

2180 2152 2247 2206 δὲ
2267 2152 2334 2206 τὸ
2368 2150 2864 2220 προσκολλᾶσθαι
2896 2150 2973 2216 τῷ
3006 2149 3126 2216 Θεῷ
3153 2152 3375 2222 ἀγαθόν
3396 2152 3571 2205 ἐστιν
3597 2169 3619 2183 '
3655 2152 3753 2222 ἆρ-

2180 2264 2333 2317 χεται
2361 2246 2405 2299 δ’
2450 2244 2559 2298 ἀπὸ
2602 2243 2938 2314 δογματικῆς
2977 2242 3343 2307 διδασκαλίας,
3372 2243 3441 2296 δι’
3480 2239 3551 2316 ἧς
3577 2243 3755 2296 αἰτίαν

2180 2337 2467 2391 ἀποδίδωσι
2505 2336 2605 2407 τῆς
2646 2335 2754 2389 τῶν
2785 2334 2995 2389 ἀσεϐῶν
3042 2336 3183 2389 κατά
3223 2352 3374 2397 τινας
3407 2338 3636 2405 καιροὺς
3665 2335 3754 2389 εὐ-

2181 2428 2444 2501 πραγίας·
2478 2428 2538 2482 τὸ
2573 2428 2681 2499 γὰρ
2713 2427 2915 2497 ἀγαθὸν
2955 2424 3092 2480 εἶναι
3134 2427 3227 2480 καὶ
3271 2425 3624 2498 μακρόθυμον
3662 2427 3757 2480 τὺν

2178 2520 2330 2585 Θεὸν,
2367 2519 2522 2574 τοῦτό
2568 2538 2730 2593 φησιν
2764 2520 3024 2591 ὑπάρχειν
3070 2521 3255 2573 αἴτιον.
3293 2520 3357 2571 Ὃ
3402 2518 3467 2590 δὴ
3512 2518 3757 2573 διδάσκει

2180 2613 2272 2666 καὶ
2296 2615 2325 2664 6
2358 2612 2500 2675 θεῖος
2543 2609 2859 2672 Ἀπόστολος
2884 2608 3056 2676 λέγων
3079 2624 3092 2638 ·
3126 2609 3196 2663 Ἦ
3218 2607 3317 2662 τοῦ
3356 2609 3622 2661 πλούτου
3646 2606 3755 2677 τῆς

2178 2706 2589 2771 χρηστότητος
2617 2698 2803 2753 αὑτοῦ
2848 2697 2947 2751 καὶ
2986 2696 3096 2767 τῆς
3135 2698 3543 2766 μακροθυμίας
3584 2714 3757 2751 arata.

2178 2793 2435 2863 φρονεῖς,
2475 2790 2727 2863 ἀγνοῶν,
2770 2791 2859 2845 ὅτι
2893 2790 2958 2845 τὸ
3008 2790 3281 2861 χρηστὸν
3319 2788 3425 2843 τοῦ
3480 2788 3631 2844 Θεοῦ
3664 2791 3753 2857 εὶς

2173 2882 2495 2953 μετάνοιάν
2530 2898 2602 2937 σε
2642 2882 2801 2951 ἄγεις
2867 2882 2962 2936 καὶ
3004 2881 3235 2952 ἀλλαχοῦ
3287 2885 3343 2935 δε
3397 2880 3646 2953 εἴρηται*
3688 2883 3751 2935 ὀ

2182 2977 2326 3041 Θεὸς
2360 2974 2564 3045 κριτὴς
2599 2974 2827 3040 δίκαιος
2868 2974 2964 3027 καί
2990 2975 3206 3044 ἀγαθὸς
3240 2973 3333 3026 καί
3370 2974 3754 3042 paxpava

513 3073 655 3127 hanc
704 3072 1029 3127 sententiam
1072 3069 1140 3126 de
1186 3069 1346 3125 Patre
1393 3070 1621 3141 protulit
1657 3089 1671 3125 :
1707 3068 1877 3124 Nemo
1911 3070 2076 3125 bonus

2180 3062 2260 3133 μὴ
2290 3062 2475 3134 ὀργὴν
2507 3062 2744 3134 ἐπάγων
2775 3064 2900 3119 καθ’
2926 3062 3192 3129 ἑκάστην
3210 3061 3439 3131 ἡμέραν
3511 3062 3599 3124 Ὠς
3620 3064 3752 3131 ἀγει-

511 3165 616 3220 nisi
649 3179 784 3219 unus
820 3162 958 3218 Deus
987 3162 1053 3221 ".
1102 3161 1260 3229 Quod
1310 3161 1357 3217 si
1398 3161 1467 3217 de
1507 3160 1647 3216 Filio
1696 3161 2072 3233 perquisieris,

509 3249 817 3321 comperies
853 3265 960 3321 qua
988 3250 1204 3305 ratione
1231 3259 1285 3306 et
1314 3250 1431 3321 ipse
1462 3251 1641 3307 bonus
1671 3250 1777 3316 sit;
1810 3251 1939 3321 quia
1968 3251 2079 3306 sci-

509 3339 638 3394 licet
675 3339 932 3411 splendor
971 3346 1056 3395 cst
1098 3338 1237 3395 lucis
1286 3339 1651 3410 sempiternae,
1700 3349 1756 3394 et
1795 3340 2077 3410 speculum

451 3420 469 3444 ”
511 3432 632 3487 sine
673 3431 887 3486 macula
916 3439 1158 3502 paternae
1207 3429 1451 3496 virtutis,
1497 3438 1552 3486 et
1585 3432 1763 3502 imago
1814 3430 2077 3486 bonitatis

510 3523 661 3580 illius
680 3524 746 3580 ⁸⁸.
777 3522 925 3579 Talis
962 3523 1147 3595 itaque
1189 3522 1333 3578 Deus
1365 3530 1479 3590 est;
1513 3522 1608 3578 sed
1648 3523 1781 3578 illud
1812 3538 1924 3578 non
1956 3538 2076 3579 om-

509 3618 674 3674 nibus
705 3625 930 3684 notum;
962 3630 1151 3672 verum
1177 3615 1279 3670 soli
1308 3612 1515 3678 lsraeli,
1558 3614 1678 3670 viro
1706 3614 1915 3670 scilicet
1947 3630 2075 3686 per-

510 3708 717 3779 spicaci
755 3714 811 3762 et
848 3704 1267 3762 .internoscendi
1311 3707 1364 3760 vi
1403 3706 1653 3775 praedito,
1701 3706 1917 3775 qualem
1973 3707 2076 3763 sub

512 3800 627 3856 haec
652 3799 893 3855 declarat
922 3799 1009 3854 his
1044 3798 1246 3863 verbis,
1288 3798 1443 3853 rectis
1470 3797 1644 3853 corde.
1695 3797 1799 3864 Qui
1830 3798 1974 3854 enim
2018 3799 2077 3855 in

511 3894 694 3943 mente
732 3889 869 3943 nihil
894 3895 1204 3942 tortuosum
1237 3885 1431 3948 habet,
1476 3885 1570 3941 sed
1598 3895 1745 3940 recta
1772 3893 1828 3940 et
1862 3886 2077 3941 sincera

510 3978 840 4049 cogitatione
898 3977 1255 4047 providentia:
1310 3976 1581 4030 rationem
1632 3978 2032 4046 contemplatur
2056 4018 2072 4043 ,

511 4069 629 4140 ipse
680 4070 891 4125 scilicet
942 4069 1109 4124 lsrael
1158 4068 1343 4132 fuerit,
1385 4068 1475 4123 cui
1517 4066 1663 4122 Deus
1718 4068 1895 4123 bonus
1952 4083 2077 4125 esse

509 4162 877 4232 cognoscitur,
929 4160 1059 4231 quia
1102 4162 1172 4215 ob
1226 4159 1487 4215 bonitatis
1532 4157 1909 4214 excellentiam
1957 4175 2075 4215 om-

510 4268 607 4309 nes
660 4253 877 4309 tolerat.
950 4250 1053 4309 Sed
1117 4250 1258 4307 Deus
1308 4249 1528 4321 quidem
1591 4248 1907 4319 huiusmodi
1966 4262 2069 4305 εει.

509 4344 621 4417 Ego
688 4360 821 4401 vero
881 4346 1042 4400 homo
1108 4345 1202 4416 qui
1273 4341 1490 4398 veritati
1563 4342 1800 4409 studeo,
1876 4343 2072 4399 mentis

2179 3153 2270 3219 θὸς
2326 3153 2459 3223 γοῦν
2497 3152 2814 3211 ἀνατέλλει
2864 3153 2972 3206 τὸν
3025 3153 3200 3220 ἣλιον
3244 3152 3430 3206 αὑτοῦ
3497 3153 3595 3206 ἐπὶ
3662 3151 3752 3205 δι-

2179 3248 2385 3311 καίους
2436 3243 2534 3297 καί
2582 3244 2847 3309 ἀδίκους,
2902 3242 3001 3295 καί
3032 3242 3240 3310 ,ϐρέχει
3300 3242 3396 3296 ἐπὶ
3446 3242 3754 3310 πονηροὺς

2178 3334 2277 3387 καί
2324 3335 2603 3405 ἀγαθούς.
2639 3334 2828 3388 Ἔνθεν
2860 3335 2952 3387 καὶ
3001 3335 3029 3385 6
3074 3334 3264 3405 Σωτὴρ
3309 3334 3432 3404 ὅρον
3482 3333 3612 3403 περὶ
3654 3332 3752 3387 τοῦ

2183 3427 2394 3498 Πατρὸς
2428 3426 2714 3497 ἐξήνεγκεν
2752 3422 2948 3478 εἰπών·
2989 3424 3196 3489 Οὐδείς
3224 3424 3444 3494 ἀγαθὸς
3470 3426 3525 3477 ει
3556 3424 3639 3492 μὴ
3663 3420 3754 3492 εἷς

2179 3522 2211 3572 ὀ
2249 3518 2415 3583 Θεός.
2446 3517 2566 3571 Κᾶν
2598 3507 2857 3589 ἐξετάζῃς
2888 3516 3015 3587 περὶ
3043 3514 3137 3568 τοῦ
3162 3514 3315 3578 Υἱοῦ,
3347 3516 3575 3590 μαθήσῃ
3601 3517 3756 3578 ὅπως

2178 3612 2294 3665 ἐστὶ
2340 3611 2434 3664 κα)⁵
2479 3609 2641 3673 αὐτὸς
2678 3610 2911 3679 ἀγαθός’
2967 3609 3198 3679 ἐπείπερ
3237 3608 3581 3679 ἁπαύγασμά
3632 3611 3755 3664 ἐστι

2179 3703 2353 3775 φωτὸς
2382 3703 2550 3757 ἀϊδίου
2585 3703 2679 3757 καὶ
2711 3702 2973 3773 ἔσοπτρον
3004 3700 3332 3772 ἀκηλίδωτον
3373 3699 3475 3771 τῆς
3508 3701 3603 3755 τοῦ
3637 3702 3751 3755 lla.-

2175 3795 2303 3867 τρὸς
2349 3793 2646 3865 ἐνεργείας,
2694 3794 2788 3846 κα)⁸
2827 3792 2987 3845 εἰκὼν
3023 3791 3122 3862 τῆς
3177 3791 3517 3860 ἀγαθὸτητος
3559 3794 3746 3847 αὑτοῦ,

2177 3886 2426 3950 Τοιοῦτος
2459 3886 2555 3958 μὲν
2596 3880 2689 3939 οὖν
2734 3887 2761 3938 6
2788 3885 2919 3947 Θεὸς
2953 3884 3218 3952 πέφυκεν·
3270 3882 3539 3952 ἔγνωσται
3586 3885 3645 3938 δέ
3686 3888 3750 3938 οὐ

2176 3982 2359 4043 πᾶσιν,
2390 3979 2524 4034 ἀλλὰ
2556 3979 2700 4050 μόνῳ
2722 3977 2799 4049 τῷ
2831 3977 3067 4049 Ἰσραὴλ,
3107 3976 3185 4048 τῷ
3221 3976 3517 4048 διορατικῷ
3547 3977 3758 4049 δηλαδὴ

2176 4072 2268 4124 καὶ
2299 4068 2582 4140 γνωστικῷ
2607 4068 2780 4138 ἀνδρὶ,
2805 4068 2863 4120 ὃν
2895 4067 2961 4138 δὴ
2990 4065 3284 4137 παρίστησι
3310 4068 3601 4121 συνάπτων
3626 4066 3753 4139 ἑξῆς

2176 4163 2271 4216 καὶ
2300 4162 2491 4231 λέγων,
2535 4160 2658 4226 τοῖς
2700 4160 2901 4215 εὐθέσι
2944 4158 3017 4227 τῇ
3052 4157 3282 4227 καρδίᾳ.
3324 4158 3382 4210 '0
3420 4157 3535 4231 γὰρ
3586 4159 3753 4231 μηδὲν

2177 4254 2386 4309 σκολιὸν
2429 4252 2762 4324 κεκτημένος
2806 4253 2863 4305 ἐν
2904 4254 2970 4323 τῇ
3015 4249 3208 4304 ἑαυτοῦ
3247 4249 3417 4321 ψυχῇ,
3467 4249 3754 4321 λογισμοῖς

2174 4346 2231 4400 δέ
2259 4346 2436 4419 ὀρθοῖς
2464 4344 2767 4399 ἐπιϐάλλων
2791 4346 2903 4407 1:07.;
2925 4345 3024 4413 τῆς
3054 4342 3306 4413 προνοίας
3338 4342 3544 4411 λόγοις,
3581 4344 3746 4406 αὐτὸς

511 4453 643 4494 mea:
704 4438 1053 4494 stoliditatem
1112 4449 1330 4493 enat-ro.
1378 4433 1593 4490 Etenim
1642 4433 1897 4490 ﬁrmitate
1952 4449 2071 4490 mea

2180 4436 2242 4490 ἂν
2270 4437 2352 4507 εἴη
2385 4439 2414 4489 6
2459 4435 2694 4506 Ἰσραὴλ,
2719 4427 2769 4503 ᾧ
2799 4436 2892 4487 καὶ
2921 4433 3182 4502 ἔγνωσται
3211 4433 3413 4502 ἀγαθὸς
3443 4432 3525 4487 ὣν
3560 4435 3591 4487 6
3620 4432 3751 4497 Θεὸς

508 4539 563 4585 et
612 4546 845 4602 gressu,
891 4531 1008 4587 sive
1050 4538 1109 4585 ut
1161 4527 1530 4598 metaphorice
1581 4526 1813 4596 loquar,
1878 4527 2071 4582 animre

508 4623 739 4694 pedibus
797 4636 851 4678 et
910 4622 1101 4677 fulcris
1166 4629 1472 4675 commotus
1530 4633 1667 4689 pene
1735 4627 1790 4674 et
1846 4612 2085 4675 eversus-

509 4730 629 4769 sum
679 4729 709 4768 a
761 4729 857 4783 spe
894 4729 1014 4769 mea
1055 4713 1109 4767 in
1150 4712 1260 4769 Deo
1301 4714 1578 4784 reposita;
1621 4712 1787 4782 idque
1836 4712 1909 4767 ob
1950 4727 2071 4782 pro-

509 4819 699 4876 speras
726 4805 1009 4863 atheorum
1041 4805 1438 4876 impiorumque
1485 4818 1594 4859 res.
1629 4801 1831 4859 Verum
1862 4803 1914 4858 id
1945 4802 2070 4873 qui-

509 4896 630 4952 dem
659 4911 794 4968 pene
820 4911 1111 4968 perpessus
1140 4911 1291 4964 sum;
1328 4906 1383 4952 at
1417 4896 1510 4953 Dei
1551 4896 1727 4968 gratia
1758 4910 2067 4952 concussus

509 4999 619 5041 non
652 4984 770 5052 fui;
803 5002 979 5057 neque
1006 5000 1037 5041 a
1064 4987 1156 5041 tali
1190 4988 1519 5059 cogitatione
1551 4993 1845 5057 superatus
1882 5005 1895 5041 :
1931 4986 2067 5044 alias

509 5091 637 5134 vero
660 5077 967 5148 periissem,
999 5084 1053 5134 et
1079 5077 1236 5136 eﬂ‘usi
1260 5086 1446 5136 essent
1476 5094 1703 5153 gressus
1725 5078 1831 5135 mei
1867 5097 1881 5133 :
1915 5094 2064 5145 nam,

505 5167 803 5239 penes/fusi
833 5177 956 5223 sunt
980 5185 1190 5241 gressus
1220 5172 1340 5234 mei,
1372 5171 1470 5227 sed
1524 5186 1638 5227 non
1682 5184 1873 5226 revera
1909 5169 2067 5226 eﬁ‘usi

506 5267 655 5319 sunt.
684 5258 968 5328 Quomodo
997 5268 1177 5316 autem
1209 5277 1432 5333 gressus
1479 5263 1676 5318 animai
1717 5259 2066 5318 eﬁ‘undantur

507 5352 797 5425 intelliges,
835 5350 882 5408 si
910 5350 1236 5424 perpendas,
1264 5367 1373 5424 qua
1412 5353 1624 5407 ratione
1654 5352 1812 5407 multi
1846 5352 2064 5424 pietatis

506 5443 893 5501 exercitatione
920 5442 1034 5514 jam
1058 5443 1319 5515 provecti,
1350 5441 1709 5513 temperantia
1736 5449 1791 5497 et
1815 5440 2066 5496 castitate

2173 4524 2240 4579 δι’
2289 4524 2594 4599 ὐπερὸολήν
2646 4542 2705 4578 τε
2753 4523 3085 4593 ἀγαθότητος
3133 4523 3348 4578 πάντων
3399 4524 3750 4596 ἀνεχόμενος.

2187 4617 2326 4671 Ἀλλ’
2371 4618 2398 4670 6
2454 4616 2552 4688 μὲν
2612 4614 2743 4678 Θεὸς
2791 4612 3047 4678 τοιοῦτος.
3120 4612 3261 4682 Ἐγὼ
3312 4612 3404 4677 δέ,
3458 4614 3751 4686 ἄνθρωπος

2174 4709 2468 4782 φιλαλήθης
2528 4705 2664 4762 εἶναι
2724 4708 2926 4771 θέλων,
2981 4706 3081 4778 τὴν
3142 4704 3381 4776 ἐμαυτοῦ
3446 4705 3746 4777 διηγοῦμαι

2166 4800 2272 4874 τῆς
2324 4799 2501 4870 ψυχῆς
2528 4797 2777 4871 νωθρίαν.
2807 4795 3017 4867 Μικροῦ
3050 4794 3157 4867 γὰρ
3203 4797 3314 4848 δεῖν
3353 4795 3453 4865 τὴν
3502 4795 3746 4866 ἐμαυτοῦ

2176 4891 2361 4946 στάσιν
2390 4892 2483 4945 καὶ
2505 4890 2679 4961 βάσιν,
2704 4890 2816 4954 καὶ,
2844 4888 2921 4953 ὡς
2951 4888 3017 4942 ἂν
3041 4886 3183 4941 εἴποι
3209 4903 3295 4949 τις
3335 4886 3741 4959 μεταῳορικῶς,

2172 4985 2295 5047 τοὺς
2323 4984 2420 5054 τῆς
2450 4982 2625 5053 ψυχῆς
2675 4982 2839 5045 πόδας
2866 4982 2960 5035 καὶ
3003 4980 3072 5033 τὰ
3117 4980 3419 5051 ἐρείσματα
3460 4979 3741 5051 παρετράο

2176 5091 2283 5143 πην
2315 5075 2379 5127 ἐκ
2401 5074 2499 5144 τῆς
2543 5075 2622 5137 εἰς
2650 5073 2739 5127 τὸν
2765 5072 2894 5125 Θεὸν
2923 5071 3134 5135 ἐλπίδος
3168 5070 3256 5124 διὰ
3282 5071 3382 5133 τὰς
3416 5070 3531 5123 τῶν
3569 5070 3740 5125 ἀθέων

2174 5165 2264 5218 καὶ
2320 5163 2531 5216 ἀσεϐῶν
2580 5162 2786 5235 ἀνδρῶν
2838 5161 3160 5234 εὐπραγίας.
3223 5159 3384 5213 Ἀλλὰ
3442 5161 3603 5232 παρὰ
3653 5177 3740 5230 μι-

2171 5256 2300 5330 κρὸν
2330 5256 2425 5327 μὲν
2447 5255 2587 5309 τοῦτ’
2619 5253 2843 5307 ἔπαθονο
2880 5253 2966 5307 διὰ
3016 5253 3073 5306 δὲ
3117 5253 3216 5322 τὴν
3259 5250 3352 5304 τοῦ
3394 5252 3539 5306 Θεοῦ
3585 5252 3739 5323 χάριν

2169 5350 2268 5402 οὐκ
2293 5348 2608 5419 ἐσαλεύθην,
2638 5346 2759 5400 οὐδὲ
2800 5344 3172 5417 κατεκράτησέ
3219 5362 3319 5415 μου
3357 5344 3387 5395 6
3420 5344 3744 5417 προλεχθεὶς

2169 5442 2423 5513 λογισμός
2447 5460 2459 5472 ·
2491 5443 2524 5514 ἢ
2578 5441 2685 5514 γὰρ
2724 5440 2790 5494 ἂν
2837 5440 3152 5510 ἀπωλόμην,
3191 5438 3283 5492 καὶ
3316 5438 3496 5493 πάντα
3530 5455 3637 5510 μου
3675 5437 3742 5491 τὰ

506 5535 765 5593 diuturno
800 5542 1045 5608 tempore
1078 5533 1368 5607 fulgentes,
1405 5533 1624 5591 demum
1657 5532 1725 5588 ad
1758 5533 2062 5591 molliorem

2180 5531 2477 5603 Ξιαϐήματα
2510 5530 2705 5602 κέχυτο
2730 5546 2742 5559 ·
2780 5528 2914 5597 παρ’
2962 5528 3163 5598 ὀλίγον
3205 5526 3312 5597 γάρ
3361 5527 3623 5596 ἐξεχύθη
3672 5528 3744 5579 τὰ

571 5691 618 5727 οδ
644 5690 801 5749 Rom.
831 5708 894 5761 ιι,
915 5692 967 5749 ι.
1033 5693 1078 5728 ’⁸
1099 5691 1243 5751 Psal.
1267 5708 1365 5761 vit,
1410 5692 1496 5749 12.
1571 5691 1617 5724 ’⁸
1644 5688 1837 5746 Matth.
1864 5705 1916 5757 ι’,
1957 5689 2047 5762 65,

2141 5690 2160 5721 ⁷
2186 5687 2352 5745 Marc.
2386 5706 2437 5753 ιι,
2463 5687 2547 5742 l8.
2624 5688 2670 5721 ’⁸
2707 5686 2834 5758 Sap.
2865 5701 2963 5749 vn,
2995 5684 3101 5752 26;
3130 5683 3293 5741 Hebr.
3328 5700 3366 5745 ι,
3399 5684 3453 5739 ’5.
