4014 6206
205 242 311 301 857

1339 233 1847 292 (ΙΟΜΜΕΝΤΛΒΙΛ
1888 233 1956 289 IN
1993 234 2317 291 PSALMOS

3365 235 3471 292 838

205 358 539 434 διαδήματα
569 376 710 428 μου,
740 358 800 410 ού
830 359 936 430 μὴν
993 359 1243 430 ἐξεχύθη.
1280 360 1511 431 Νοήσεις
1553 359 1609 411 δὲ
1648 359 1796 422 ὅπως

1905 369 2067 412 Vitam
2095 357 2275 412 allecti
2311 365 2364 413 et
2397 360 2639 429 prolapsi
2671 356 2811 423 sint;
2844 371 2958 413 sive
2988 355 3153 413 etiam
3193 356 3409 427 penitus
3442 374 3474 413 a

206 455 452 527 ὲκχεῖται
483 450 665 522 ψυχῆς
694 449 1028 523 διαδήματα,
1062 451 1475 523 ὲπιστήσας,ὠς
1509 451 1609 523 ἤδη
1632 451 1795 516 τινὲς,

209 552 589 628 προκόψαντες
640 552 696 602 ἐν
743 550 975 621 ἀσκήσει
1022 547 1348 610 θεοσεϐείας,
1379 548 1436 599 ὲν
1475 542 1799 617 σωφροσύνῃ

202 664 266 701 τε
299 647 396 700 καὶ
418 645 611 717 ἁγνείᾳ
652 641 1057 713 διαλάμψαντες
1107 641 1335 713 μακροῖς
1376 638 1607 710 χρόνοις,
1645 636 1799 690 ὔστε-

209 740 300 816 ρόν
328 756 460 793 ποτε
501 734 855 808 ὑπεσύρησαν
895 733 1217 807 χαυνότερον
1249 731 1543 803 βιώσαντες
1569 730 1665 783 καὶ
1693 730 1801 782 ὀλι-

207 833 528 904 σθήσαντες,
562 830 597 901 ἢ
641 827 920 892 παντελῶς
948 825 1273 890 ἐκπεσόντες
1311 823 1404 878 τοῦ
1435 822 1662 886 σκοποῦ,
1702 822 1799 877 καὶ

203 922 397 994 ὥσπερ
455 920 716 990 ναυάγιον
762 918 1029 981 παθόντες
1070 916 1180 970 τῶν
1221 915 1386 971 πάλαι
1442 914 1798 987 συνηγμένων

203 1016 390 1077 αὐτοῖς
421 1010 644 1081 ἀγαθῶν
677 1010 948 1083 πράξεων.
991 1008 1209 1062 Τούτων
1252 1007 1361 1079 γάρ
1384 1008 1486 1061 οὐκ
1525 1008 1592 1060 ἂν
1621 1005 1801 1077 ἀμάρ-

203 1123 319 1169 τοις
359 1103 532 1158 εἰπὼν
579 1103 709 1165 τοὺς
742 1101 907 1166 πόδας
948 1100 1048 1172 τῆς
1096 1099 1275 1172 ψυχῆς
1310 1095 1696 1152 σεσαλεῦσθαι·
1735 1097 1795 1150 οὐ

208 1200 317 1272 μὴν
344 1196 484 1251 ἀλλά
539 1196 635 1249 καὶ⁸
686 1194 842 1258 ὅλους
897 1192 1271 1255 πεπτωκέναι,
1301 1190 1370 1245 τά
1398 1206 1459 1243 τε
1485 1187 1797 1261 διαδήματα

204 1291 386 1347 αὐτῶν
433 1289 529 1344 καὶ
580 1286 680 1351 τὰς
713 1286 856 1341 κατά
903 1285 1037 1339 Θεὸν
1095 1283 1322 1356 πορείας
1363 1282 1461 1353 τὴν
1504 1283 1563 1335 ὲν
1602 1279 1798 1353 μακρῷ

204 1385 385 1458 χρόνῳ
416 1380 699 1454 προκοπὴν
730 1377 1068 1451 ἀπορῤεῦσαι
1098 1377 1191 1431 καὶ
1237 1374 1586 1447 ὲκκεχῦσθαι.
1639 1370 1799 1426 Ἀλλά

206 1475 382 1530 ταῦτα
415 1475 517 1546 μὲν
556 1471 710 1542 παρά
747 1470 962 1542 μικρὸν,
997 1469 1183 1541 φησὶν,
1226 1467 1447 1530 ἔπαθον,
1482 1468 1540 1520 οὐ
1571 1463 1675 1537 μὴν
1702 1463 1796 1517 πέο

206 1568 383 1622 πονθα
406 1567 495 1620 διὰ
521 1563 582 1619 τὸ
596 1563 692 1618 τοῦ
725 1561 860 1616 Θεοῦ
897 1561 1061 1627 ἕλεος.
1092 1560 1237 1632 Πλὴν
1267 1559 1497 1631 ἣμελλόν
1532 1575 1596 1627 γε
1623 1556 1795 1611 ταῦτα

206 1659 449 1730 πάσχειν
475 1656 561 1711 διὰ
595 1654 756 1726 ζῆλον
797 1653 856 1707 ὃν
902 1651 1128 1724 ἐζήλουν
1153 1652 1246 1705 ἐπὶ
1267 1654 1380 1714 τοῖς
1410 1650 1632 1721 ἀνόμοις
1650 1648 1791 1721 ὁρῶν

1901 466 2069 522 scopo
2099 449 2422 515 defecerint,
2448 457 2502 506 et
2528 450 2685 521 quasi
2718 446 3067 520 naufragium
3095 447 3151 502 in
3173 447 3332 505 bonis
3357 447 3470 519 jam

1901 540 2147 600 collectis
2180 544 2438 614 operibus
2491 541 2743 599 fecerint.
2784 540 2895 597 Hos
2938 542 2985 596 si
3017 540 3249 612 pedibus
3280 542 3476 597 anima:

1899 644 2206 691 commotos
2235 635 2475 703 dixeris;
2517 635 2627 691 imo
2656 650 2786 691 vero
2831 634 2878 688 si
2913 634 3134 704 penitus
3164 634 3473 704 prolapsos,

1899 735 2064 797 atque
2123 742 2347 797 gressus
2394 741 2608 792 eorum,
2650 726 3081 795 diuturnumque
3138 725 3195 779 in
3245 725 3332 779 via
3378 724 3476 781 Dei

1898 818 2205 889 profectum
2242 816 2529 871 vacillasse
2574 823 2631 871 et
2665 815 2896 871 effusum
2931 830 3055 870 esse
3100 812 3472 878 allirmaveris,

1898 911 2216 981 neutiquam
2251 910 2516 965 aberres.‘
2540 906 2646 964 Sed
2684 908 2819 972 haec,
2857 907 3053 978 inquit,
3086 905 3200 962 fere
3238 906 3474 976 pertuli;

1898 1019 2000 1058 nec
2023 1003 2219 1074 pertuli
2244 1012 2422 1058 tamen
2456 1017 2553 1073 per
2591 1000 3025 1057 misericordiam
3059 998 3175 1055 Dei.
3207 1000 3475 1056 Caeterum

1897 1097 2033 1149 tanti
2057 1096 2188 1150 mihi
2220 1095 2449 1166 periculi
2485 1095 2540 1149 in
2568 1109 2735 1149 causa
2769 1093 2872 1149 fuit
2909 1094 3057 1149 zelus
3082 1109 3191 1164 quo
3256 1093 3476 1164 iniquo-

1898 1203 2019 1257 rum
2054 1203 2224 1243 causa
2263 1186 2625 1252 accendebar,
2664 1186 2794 1240 dum
2826 1186 3068 1242 viderem
3104 1200 3294 1257 pacem
3325 1188 3474 1257 ipso-

1898 1294 2044 1345 rum,
2083 1294 2298 1334 necnon
2326 1292 2515 1336 eorum
2548 1278 2605 1332 in
2633 1276 2864 1344 divitiis,
2894 1276 3199 1346 voluptate,
3227 1276 3477 1332 domina-

1897 1378 1980 1438 tu,
2015 1371 2373 1442 dignitatibus
2409 1373 2749 1431 felicitatem.
2799 1373 2926 1430 Ilaec
2964 1372 3267 1444 respiciens
3308 1369 3478 1425 disse-

1898 1465 2088 1529 cabar,
2153 1465 2228 1519 ita
2281 1476 2339 1522 ut
2385 1483 2523 1537 pene
2572 1469 2628 1522 in
2687 1468 2885 1539 impias
2952 1466 3063 1521 labi
3115 1463 3479 1536 cogitationes

1896 1554 2240 1627 periclitarer
2281 1577 2295 1613 :
2333 1558 2386 1612 in
2420 1574 2558 1631 quas
2598 1568 2804 1625 tamen,
2839 1558 3005 1615 rectis
3036 1557 3283 1612 ﬁrmatus
3318 1554 3479 1610 iusti-

1897 1647 2054 1714 tutis,
2090 1647 2259 1704 Deum
2293 1650 2500 1706 bonum
2553 1652 2848 1723 patientem
2894 1658 2949 1706 et
2995 1650 3322 1706 tolerantem
3353 1662 3478 1704 esse

204 1752 311 1823 τὴν
333 1726 560 1825 ἐἰρήνην
586 1747 766 1802 αὐτῶν
798 1747 895 1801 καὶ
935 1746 1033 1817 τὴν
1066 1747 1123 1799 ὲν
1153 1743 1369 1815 πλούτῳ
1395 1742 1489 1796 καὶ
1509 1743 1709 1814 τρυφῇ,
1736 1740 1794 1794 ἐν

1905 1742 2407 1808 commonentibus,
2465 1743 2784 1813 neutiquam
2839 1741 3038 1797 decidi.
3110 1738 3476 1807 Quamobrem

203 1867 267 1903 τε
298 1850 492 1920 ἀρχαῖς
518 1846 611 1900 καί¹
660 1843 968 1915 ἀξιώμασιν
1004 1838 1322 1914 εὐημερίαν.
1353 1838 1448 1902 Et;
1488 1835 1660 1890 ταῦτα
1685 1834 1795 1906 γὰρ

1905 1831 2322 1901 praecellentiam
2382 1833 2645 1890 bonitatis
2694 1834 2869 1904 ipsius
2904 1833 3204 1898 demirans,
3256 1845 3320 1886 ac
3360 1838 3480 1886 stu-

205 1917 433 2013 άφορῶν
460 1936 803 2009 διεπριόμην,
825 1933 900 1998 ὡς
924 1928 1123 2005 μικροῦ
1152 1929 1260 1983 δεῖν
1280 1925 1619 1982 κινδυνεῦσαι
1643 1941 1799 1996 περι-

1905 1938 2053 1994 pens,
2082 1924 2161 1980 sic
2193 1940 2502 1983 sermonem
2527 1941 2691 1983 orsus
2722 1942 2842 1982 sum
2870 1944 2885 1982 :
2918 1925 3091 1993 Quam
3119 1924 3283 1978 bonus
3306 1917 3479 1977 Israel

207 2012 399 2085 πεσεῖν
430 2030 609 2093 ἀθέοις
632 2026 910 2098 λογισμοῖς
929 2043 942 2055 ·
972 2018 1052 2088 οἷς
1080 2023 1141 2077 ού
1171 2019 1565 2093 περιπέπτωκα
1589 2017 1795 2088 δόγμα-

1905 2015 2066 2081 Deus,
2103 2018 2257 2072 rectis
2287 2018 2483 2073 corde!
2532 2017 2639 2072 Pro
2662 2018 2757 2073 illo
2797 2023 2979 2072 autem
3013 2035 3026 2071 :
3058 2015 3231 2083 Quam
3276 2012 3474 2076 bonus;

209 2141 299 2176 σιν
356 2121 533 2195 ὀρθοῖς
587 2118 1058 2191 θεραπευόμενος,
1120 2116 1233 2176 τοῖς
1292 2110 1798 2182 ὑπομιμνήσκουσιν

1905 2104 2264 2178 Symmachus
2295 2128 2308 2166 :
2337 2108 2497 2177 Sane,
2525 2109 2722 2182 inquit,
2762 2126 2876 2164 vere
2905 2108 3068 2164 bonus
3094 2108 3235 2162 Deus
3260 2105 3477 2174 Israeli,

206 2213 419 2283 ἀγαθὸν
439 2208 578 2265 εἶναι
613 2213 701 2265 τὸν
745 2208 876 2262 Θεὸν
913 2207 1008 2261 καὶ
1038 2203 1357 2269 ἀνεξίκακον
1395 2201 1490 2255 καὶ
1523 2198 1797 2272 μακρόθυ-

1905 2203 2044 2270 puris
2083 2203 2259 2258 corde.
2302 2201 2441 2270 Quis
2477 2219 2608 2259 vero
2637 2212 2786 2260 esset
2817 2203 2985 2260 Israel
3007 2203 3094 2259 bis
3121 2200 3321 2258 additis
3354 2216 3481 2259 ver-

207 2325 333 2380 μον.
370 2307 571 2377 Διόπερ
592 2302 1028 2374 ἐκπληττόμενος
1058 2296 1220 2354 αὐτοῦ
1258 2295 1351 2351 καὶ
1396 2292 1798 2365 ἀποθαυμάζων

1905 2296 1986 2351 bis
2034 2296 2358 2358 declaravit,
2388 2298 2535 2366 puris
2579 2298 2755 2353 corde.
2790 2296 2869 2351 Illi
2903 2310 3140 2380 namque
3161 2311 3288 2351 vere
3310 2294 3480 2351 lsrael

202 2377 307 2470 τὴν
339 2396 643 2470 ὑπερϐολὴν
676 2395 774 2465 τῆς
804 2391 1160 2462 ἀγαθότητος,
1195 2384 1346 2441 εἷπον
1374 2384 1675 2458 ἀρχόμενος
1704 2380 1796 2436 τοῦ

1905 2388 2062 2448 sunt;
2097 2397 2270 2453 quare
2302 2396 2333 2434 a
2360 2380 2653 2437 Servatore
2674 2396 2895 2452 quoque
2918 2379 3128 2435 dictum
3160 2387 3245 2435 est
3274 2396 3288 2433 :
3325 2377 3482 2433 Beati

202 2469 374 2560 λόγου
397 2508 412 2522 ·
438 2469 533 2557 Ὠς
556 2486 778 2558 ἀγαθὸς
794 2484 873 2551 τῷ
905 2480 1152 2552 Ἰσραὴλ
1186 2482 1218 2534 ό
1251 2477 1416 2544 Θεὸς,
1448 2475 1572 2543 τοῖς
1594 2473 1799 2529 εὐθέσι

1905 2473 2096 2528 mundo
2148 2473 2325 2539 corde,
2377 2475 2627 2545 quoniam
2659 2475 2762 2545 ipsi
2796 2473 2963 2529 Deum
2991 2471 3299 2529 videbunt”
3336 2488 3352 2526 :
3399 2469 3481 2528 ls-

205 2581 280 2651 τῇ
303 2580 541 2650 καρδίᾳ.
587 2577 732 2632 Ἀντὶ
758 2575 813 2629 δὲ
840 2573 955 2629 τοῦ·
1002 2573 1094 2638 Ὠς
1117 2569 1338 2640 ἀγαθὸς
1355 2606 1370 2631 ,
1397 2569 1426 2622 ό
1480 2566 1792 2637 Σύμμαχος·

1905 2566 2016 2621 rael
2042 2575 2222 2622 autem
2240 2564 2416 2621 videns
2449 2564 2616 2619 Deum
2639 2566 2960 2636 explicatur.
3060 2594 3065 2605 ι

462 2646 667 2737 ὄντως,
708 2669 894 2741 φησὶν,
943 2663 1167 2736 ἀγαθὸς
1208 2665 1239 2716 ό
1281 2659 1427 2727 Θεὸς
1468 2658 1547 2725 τῷ
1584 2656 1843 2727 Ἰσραὴλ,
1883 2657 2009 2725 τοῖς
2038 2657 2321 2726 καθαροῖς
2354 2656 2470 2725 τὴν
2484 2656 2757 2725 καρδίαν.
2791 2646 3110 2730 Παρέστησε
3142 2664 3251 2729 γαρ
3273 2655 3358 2721 τίς
3391 2654 3478 2729 αὕη

205 2771 234 2821 ό
272 2765 521 2838 Ἰσραήλ,
544 2760 880 2831 ὲπισυνάψας
902 2757 997 2812 καὶ
1020 2753 1212 2817 εἰπὼν,
1243 2752 1367 2819 τοῖς
1433 2749 1715 2819 καθαροῖς
1740 2747 1855 2819 τὴν
1894 2749 2166 2819 καρδίαν.
2221 2744 2380 2805 Οὗτοι
2419 2751 2528 2823 γάρ
2564 2750 2704 2803 εἰσιν
2744 2751 2773 2803 ό
2817 2747 3067 2820 ἀληθινὸς
3125 2746 3371 2821 Ἰσραήλ·
3399 2746 3481 2801 διὸ

207 2837 437 2927 ἐλέγετο
464 2856 560 2910 καὶ
584 2854 690 2908 ὑπὸ
714 2851 806 2906 τοῦ
842 2848 1128 2919 Σωτῆρος·
1159 2843 1449 2913 Μακάριοι
1503 2846 1559 2898 oi
1612 2841 1857 2911 καθαροὶ
1888 2839 1964 2911 τῇ
2010 2842 2243 2912 καρδίᾳ,
2298 2841 2388 2896 ὅτι
2448 2845 2615 2899 αὐτοὶ
2655 2843 2765 2898 τὸν
2815 2839 2964 2895 Θεὸν
3009 2840 3292 2910 ὄψονται.
3333 2837 3481 2894 καὶὸ

219 2950 451 3023 Ἰσραὴλ
473 2948 529 3003 δὲ
560 2944 718 3016 ὀρῶν
750 2945 859 2998 τὸν
892 2941 1040 2996 Θεὸν·
1069 2937 1447 3011 ἑρμηνεύεται.

276 3068 411 3119 ὀτι
431 3065 542 3118 οὐκ
565 3062 737 3116 ἐστιν
769 3056 1100 3122 ἀνάνευσις
1135 3054 1205 3108 ἐν
1223 3049 1304 3119 τῷ
1323 3049 1556 3115 θανάτῳ
1575 3048 1794 3116 αὐτῶν,

1976 3048 2141 3106 Vens.
2162 3047 2287 3103 4-9.
2308 3045 2450 3115 Quia
2479 3062 2582 3102 non
2609 3053 2688 3101 est
2715 3050 2978 3115 respectus
3010 3041 3167 3095 morti
3196 3056 3398 3106 eorum,
3429 3050 3481 3097 et

206 3161 315 3214 καὶ
352 3154 658 3225 στερέωμα
701 3153 770 3205 ἐν
809 3150 885 3220 τῇ
920 3147 1168 3220 μάστιγι
1205 3141 1422 3200 αὐτῶν.
1471 3143 1567 3196 Ἐν
1594 3142 1804 3208 κόποις

205 3246 546 3320 ἀνθρώπων
575 3247 687 3300 οὐκ
735 3244 877 3309 εισι,
906 3241 1005 3296 καὶ
1038 3239 1189 3310 μετὰ
1233 3233 1560 3303 ἀνθρώπων
1592 3235 1665 3288 οὐ
1690 3248 1804 3303 μα-

206 3334 711 3408 στιγπωθήσονται.
769 3331 872 3386 Διὰ
900 3329 1076 3408 τοῦτο
1129 3327 1463 3398 ἐκράτησεν
1502 3323 1726 3390 αὐτοὺς
1760 3322 1802 3391 ἡ

205 3404 602 3499 ὑπερηφανία
650 3426 738 3490 είς
779 3404 974 3488 τέλος.
1023 3419 1110 3483 Ὠς
1141 3420 1200 3473 ὲν
1234 3417 1445 3492 ἱστορίᾳ
1473 3413 1803 3487 διεξέρχεται

207 3524 277 3579 τὰ
311 3518 629 3593 ταράξαντα
662 3512 827 3570 αὐτοῦ
860 3514 960 3585 τὴν
986 3510 1184 3585 ψυχὴν,
1220 3511 1307 3565 ἵνα
1338 3509 1577 3581 γνῶμεν,
1614 3509 1697 3562 ὅτι
1727 3505 1805 3578 μή

211 3615 306 3670 ἐπὶ
336 3614 558 3687 μικροῖς
579 3608 945 3679 ὲσαλεύθησαν
975 3605 1142 3661 αὐτοῦ
1175 3605 1225 3657 οἱ
1255 3603 1411 3668 πόδες
1437 3603 1565 3674 παρ’
1589 3600 1799 3669 ὀλίγον·

216 3707 357 3779 μηδὲ
404 3704 498 3758 ἐπὶ
517 3705 626 3766 τοῖς
659 3699 912 3771 τυχοῦσιν
941 3694 1173 3769 ἤμελλον
1202 3693 1395 3748 ἑαυτοῦ
1424 3690 1702 3763 ἐκχεῖσθαι
1733 3687 1806 3742 τὰ

211 3798 557 3869 διαϐήματα.
601 3793 736 3846 Τίνα
763 3792 821 3851 δὲ
851 3786 920 3863 ἦν
941 3788 1153 3853 ταῦτα;
1186 3787 1251 3841 Οἱ
1296 3785 1511 3849 ἀσεϐεῖς
1561 3782 1655 3838 καὶ
1714 3781 1804 3835 τὸν

211 3890 353 3945 Θεὸν
383 3888 486 3941 οὐκ
517 3884 736 3948 εἰδότες,
766 3881 929 3944 οὓτω,
964 3880 1149 3950 φησὶν,
1175 3879 1233 3934 ὲν
1263 3875 1550 3947 εὐπαθείᾳ
1579 3874 1695 3945 βίου
1707 3873 1804 3926 καὶ

212 3978 516 4053 θυμηδίαις
563 3975 747 4047 διῆγον
771 4014 787 4039 ,
846 3971 941 4026 καὶ
1003 3969 1196 4042 μέχρις
1248 3967 1482 4040 ἐσχάτης
1546 3961 1806 4053 τελευτῆς

210 4052 495 4142 τοσαύτης
532 4065 811 4138 ἀπήλαυον
855 4063 1087 4136 τρυφῆς,
1116 4062 1192 4126 ὡς
1223 4060 1318 4115 καὶ
1359 4056 1518 4112 πάνθ’
1564 4052 1805 4109 ὁντινοῦν

213 4162 488 4232 εὔξασθαι
512 4157 621 4213 τῶν
642 4158 772 4211 ἴσων
801 4156 984 4219 αὐτοῖς
1012 4154 1214 4225 τυχεῖν,
1253 4147 1493 4224 ζηλῶςαί
1526 4163 1587 4200 τε
1628 4145 1805 4199 αὐτῶν

212 4257 278 4313 οὐ
317 4255 487 4329 μόνον
538 4250 637 4322 τὴν
670 4248 833 4320 ζωὴν,
858 4244 994 4301 ἀλλὰ
1019 4245 1113 4300 καὶ
1158 4242 1250 4296 τὸν
1289 4240 1542 4303 θάνατον,
1583 4236 1644 4290 ὃν
1683 4235 1805 4290 οὐδὲ

214 4343 667 4419 παραιτήσασθαι
683 4341 807 4413 ἐξῆν
828 4339 948 4395 οὐδὲ
962 4335 1233 4392 ἀπευκτὸν
1260 4328 1592 4406 ἡγήσασθαι.
1619 4328 1807 4392 Ούτως

214 4405 324 4496 οὐκ
359 4433 431 4511 ἦν
458 4405 470 4417 ’
489 4405 776 4498 ἀνάνευσις
807 4434 863 4485 ὲν
909 4428 986 4501 τῷ
1015 4428 1230 4500 θανάτῳ
1262 4405 1461 4480 αὐτῶν.
1506 4421 1667 4477 Ἀλλά
1711 4421 1807 4475 καὶ
1839 4405 1883 4472 D

216 4537 269 4589 εί
305 4530 509 4603 συνέϐη
569 4528 696 4583 ποτε
750 4526 973 4598 μάστιγι
1004 4522 1098 4577 καί
1132 4520 1335 4592 πληγῇ,
1361 4515 1610 4572 τουτέστι
1649 4532 1806 4588 περι-

219 4627 418 4683 στάσει
463 4622 558 4676 καὶ
608 4618 861 4692 συμφορᾷ
901 4614 1214 4689 περιπεσεῖν
1252 4610 1431 4665 αὐτῶν
1485 4626 1629 4673 τινα,
1677 4605 1710 4678 ἢ
1750 4606 1808 4659 ὲν

216 4722 406 4782 νόσοις
437 4713 791 4784 ἐξετασθῆναι
818 4710 915 4765 καὶ
934 4708 1178 4781 ζημίαις,
1201 4706 1302 4759 οὐκ
1329 4699 1398 4776 ἦν
1434 4701 1719 4774 στερέωμα
1751 4701 1809 4753 ὲν

212 4816 290 4887 τῇ
324 4812 552 4883 μάστιγι
579 4805 780 4861 αὐτῶν.
816 4803 892 4858 οὐ
916 4801 1024 4874 γὰρ
1054 4798 1250 4871 στερεά
1281 4813 1363 4861 τις
1394 4790 1462 4867 ἦν
1484 4793 1579 4849 καὶ
1613 4793 1808 4863 ἐπίμο-

217 4882 376 4975 «id
408 4902 529 4956 κατ’
563 4896 741 4955 αὐτῶν
770 4895 951 4966 πληγή
975 4910 988 4924 ·
1022 4891 1244 4964 βραχεῖα
1269 4887 1327 4943 δέ
1346 4905 1430 4952 τις
1470 4885 1564 4941 καὶ
1597 4882 1809 4975 ἐξέπι-

217 4973 402 5066 πολῆς
430 4988 873 5067 παρατρέχουσα.
918 4984 1050 5040 Οὐδὲ
1082 4984 1140 5036 ὲν
1170 4981 1359 5043 κόποις
1395 4977 1453 5031 δὲ
1504 4973 1810 5049 ἀνθρώπων

218 5065 577 5160 ὲξητάζοντο,
604 5077 1005 5152 γεωπονοῦντες
1034 5075 1128 5130 καὶ
1146 5072 1243 5143 τὴν
1262 5068 1466 5142 τροφὴν
1486 5069 1593 5122 ἀπὸ
1612 5065 1810 5138 χειρῶν

219 5159 602 5253 ποριζόμενοι,
651 5171 810 5242 πενίᾳ
853 5186 913 5223 τε
962 5162 1452 5239 κατατρυχόμενοι·
1503 5159 1810 5213 τούναντίον

218 5274 280 5330 δὲ
302 5250 529 5339 ’πλούτῳ
544 5263 958 5339 περιρρεόμενοι
976 5252 1394 5330 καθηδυπάθουν
1414 5250 1806 5324 ἐντρυφῶντες,

216 5366 325 5421 καὶ
356 5361 523 5435 μηδὲν
549 5360 731 5431 ὅμοιον
769 5355 1063 5425 πάσχοντες
1093 5349 1206 5412 τοῖς
1248 5346 1453 5435 λοιποῖς
1505 5343 1810 5435 ἀνθρώποις

216 5433 785 5523 τοῖς-μάστιζομένοις
817 5443 1052 5512 ἑκάστης
1095 5436 1308 5510 ἡμέρας
1337 5433 1404 5488 δι’
1426 5433 1682 5488 ἐπιπόνου
1717 5437 1812 5489 καὶ

221 5542 512 5620 μοχθηροῦ
559 5540 694 5611 βίου.
745 5536 841 5592 Διό
868 5536 937 5589 ὲν
973 5532 1138 5595 κόπῳ
1165 5525 1489 5598 ἀνθρώπων
1525 5527 1635 5580 οὐκ
1668 5527 1808 5587 εἰσὶ,

288 5704 342 5740 ”
376 5703 568 5760 Matth.
602 5719 652 5772 v,
684 5702 737 5756 8.

1904 3145 2295 3215 ﬁrmamentum
2326 3141 2382 3196 in
2412 3140 2573 3211 plaga
2605 3140 2863 3210 ipsorum.
2898 3134 2966 3190 In
2997 3132 3269 3188 laboribus
3307 3132 3480 3186 homi-

1904 3252 2030 3291 num
2063 3252 2166 3290 non
2195 3242 2316 3289 sunt
2348 3240 2400 3289 et
2433 3248 2552 3286 cum
2578 3230 2876 3285 hominibus
2913 3244 3017 3282 non
3046 3223 3479 3297 flagellabuntur.

1906 3325 2034 3382 Ideo
2059 3326 2223 3380 tenuit
2244 3339 2330 3378 eos
2355 3320 2601 3392 superbia
2622 3322 2677 3374 in
2701 3320 2881 3389 linem.
2916 3315 3167 3373 Historia:
3197 3329 3346 3370 more
3361 3328 3483 3385 qua:

1905 3418 2145 3472 animam
2194 3415 2420 3470 turbant
2466 3427 2621 3468 suam
2676 3416 2920 3476 enarrat,
2974 3416 3034 3463 ut
3080 3407 3323 3462 sciamus
3373 3420 3483 3461 non

1906 3525 2076 3583 parva
2106 3508 2173 3564 de
2204 3521 2374 3563 causa
2407 3519 2544 3575 pene
2575 3510 2882 3559 commotus
2927 3499 3048 3571 ejus
3083 3500 3271 3573 pedes,
3303 3513 3482 3569 neque

1905 3604 1977 3658 ob
2008 3617 2100 3658 res
2125 3600 2277 3672 parvi
2312 3598 2577 3655 momenti
2628 3612 2768 3669 pene
2817 3594 3018 3652 effusos
3047 3607 3273 3666 gressus
3307 3590 3484 3662 ipsius

1905 3695 2098 3752 fuisse.
2152 3695 2413 3761 Quaenam
2466 3692 2559 3747 illa
2610 3690 2808 3747 erant?
2842 3688 3022 3760 lmpii,
3075 3685 3273 3757 inquit,
3304 3691 3359 3740 et
3388 3684 3483 3755 qui

1906 3788 2077 3844 Deum
2106 3802 2217 3843 non
2248 3791 2469 3849 norant,
2502 3792 2612 3838 tam
2653 3782 2797 3839 felici
2832 3781 2957 3836 vitae
2985 3778 3243 3844 decursu,
3301 3783 3484 3846 tanta-

1906 3893 2013 3950 que
2071 3877 2350 3948 voluptate
2386 3872 2680 3945 degebant,
2742 3880 2797 3928 et
2831 3885 3008 3942 usque
3054 3868 3123 3925 ad
3176 3875 3484 3924 extremum

1904 3971 2031 4027 vitae
2078 3969 2309 4025 halitum
2362 3961 2461 4021 tot'
2484 3965 2697 4021 deliciis
2720 3963 3063 4025 fruebantur,
3090 3968 3150 4015 ut
3179 3974 3340 4016 nemo
3368 3973 3479 4014 non

1907 4069 2119 4134 optaret
2164 4060 2315 4126 paria
2351 4058 2637 4129 consequi,
2667 4072 2731 4112 ac
2760 4071 2868 4111 non
2898 4055 3075 4110 solum
3107 4052 3231 4107 vitae
3262 4066 3480 4117 eorum,

1907 4153 2004 4212 sed
2038 4154 2204 4210 etiam
2256 4151 2418 4208 morti
2468 4150 2759 4215 invideret,
2826 4147 2922 4203 tali
2967 4148 3199 4211 scilicet,
3260 4142 3478 4216 qualem

1908 4247 2149 4303 abnuere
2178 4259 2242 4300 ac
2274 4243 2602 4301 horrendam
2647 4249 2842 4313 putare
2866 4237 3073 4295 nemini
3120 4238 3329 4291 liceret.
3388 4231 3483 4288 Sic

1908 4355 2019 4394 non
2066 4346 2188 4394 erat
2233 4343 2521 4409 respectus
2575 4332 2738 4388 morti
2792 4345 3002 4385 eorum.
3069 4324 3178 4382 Sed
3235 4325 3400 4381 etiam
3432 4323 3482 4379 si

1908 4430 2130 4501 quando
2159 4429 2501 4499 contingeret
2533 4438 2728 4481 eorum
2757 4422 2996 4492 aliquem
3052 4418 3108 4473 in
3163 4417 3374 4488 plagam
3428 4422 3484 4470 et

1912 4522 2210 4595 ﬂagellum,
2246 4519 2501 4576 videlicet
2525 4517 2582 4572 in
2603 4527 2903 4571 arumnam
2928 4520 2982 4568 et
3004 4509 3370 4567 calamitatem
3400 4507 3485 4562 in-

1910 4590 2125 4678 cidere;
2162 4612 2276 4666 sive
2307 4607 2498 4663 morbo
2532 4604 2669 4661 allici
2698 4604 2784 4659 vel
2811 4600 3164 4665 detrimento,
3209 4613 3319 4677 non
3367 4590 3484 4653 erat

1910 4676 2315 4759 ﬁrmamentum
2364 4700 2418 4755 in
2477 4699 2636 4770 plaga
2690 4696 2956 4767 ipsorum.
2995 4690 3112 4748 Non
3145 4692 3289 4747 enim
3312 4676 3483 4745 firma

1912 4808 2351 4869 permanensque
2380 4791 2508 4846 talis
2542 4789 2788 4861 ipsorum
2812 4786 2968 4858 plaga
2997 4791 3146 4852 erat;
3186 4782 3278 4840 sed
3304 4782 3485 4839 brevis

1912 4888 2370 4961 superficiemque
2409 4883 2639 4955 carptim
2680 4882 2973 4952 attingens.
3002 4877 3192 4949 Neque
3238 4878 3370 4934 item
3427 4875 3486 4934 in

1911 4982 2193 5037 laboribus
2247 4978 2528 5035 hominum
2574 4974 2955 5039 versabantur,
2984 4978 3189 5026 terram
3232 4968 3485 5039 colendo,

1911 5075 1998 5131 vel
2038 5073 2293 5129 manibus
2320 5072 2526 5126 victum
2559 5066 2837 5138 parando;
2877 5081 2986 5121 non
3010 5064 3272 5136 pauperie
3301 5061 3485 5119 afﬂicti

1911 5175 2103 5235 erant;
2129 5179 2316 5221 verum
2340 5179 2372 5219 e
2411 5160 2690 5218 contrario
2720 5158 2925 5214 divitiis
2963 5156 3268 5221 aﬂluentes,
3305 5154 3359 5209 in
3392 5153 3488 5210 de-

1913 5260 2071 5316 licias
2103 5255 2586 5328 immergebantur,
2617 5251 2865 5322 nihilque
2894 5250 3245 5322 patiebantur
3272 5253 3332 5301 ut
3362 5244 3488 5299 reli-

1913 5352 2007 5425 qui
2029 5349 2300 5415 bomines,
2331 5346 2424 5419 qui
2460 5345 2707 5418 quotidie
2756 5343 3031 5399 laboriosa
3070 5347 3488 5404 arumnosaque

1913 5414 2023 5497 vita
2078 5414 2446 5495 macerantur.
2478 5414 2688 5504 _Quare
2735 5435 2791 5489 in
2852 5432 3030 5489 labore
3076 5429 3346 5486 hominum
3381 5414 3491 5477 non.

1914 5541 2058 5599 sunt,
2087 5540 2278 5587 etcum
2299 5528 2595 5585 hominibus
2628 5544 2730 5584 non
2763 5524 3196 5598 ﬂagellabantur.
3233 5515 3489 5587 Symma-
