4014 6206
461 273 568 329 859

1181 268 1451 325 EUSEBII
1482 266 1958 327 CESARIENSIS
1991 263 2144 323 OPP.
2176 263 2360 319 PARS
2396 262 2483 319 ill.
2515 295 2587 306 —
2617 261 3031 319 EXEGETICA.

3620 256 3741 311 840

459 390 598 444 chus
623 394 804 442 autem
848 384 928 441 sic
960 382 1354 454 interpretatus
1376 389 1462 440 est
1494 402 1509 438 :
1536 382 1677 450 Quia
1702 399 1805 437 non
1827 381 2029 452 cogita-

2150 380 2232 432 καὶ
2269 379 2420 448 μετὰ
2464 377 2793 446 ἀνθρώπων
2823 377 2895 431 οὐ
2934 371 3514 443 μαστιγωθήσονται.
3565 369 3628 422 '0
3670 369 3746 423 δὲ

459 481 589 536 bant
616 480 680 534 de
699 487 866 533 morte
897 494 915 532 :
942 478 1100 547 firma
1129 493 1352 548 namque
1379 486 1529 531 erant
1551 474 1808 531 vestibula
1827 490 2038 538 eorum;

458 588 525 629 ac
547 572 809 642 deinceps
836 589 847 625 :
870 567 938 623 In
962 570 1200 631 miseria,
1219 568 1418 639 inquit,
1440 568 1543 622 viri
1559 583 1662 621 non
1679 574 1854 628 erant,
1880 581 2042 636 neque

460 681 579 719 cum
605 662 906 717 hominibus
955 660 1404 731 percutiebantur.
1440 659 1581 726 Quia
1614 660 1781 730 igitur
1836 657 1934 713 tali
1985 659 2040 713 in

461 755 777 812 conditione
808 763 988 818 erant,
1021 754 1137 807 ideo
1165 752 1333 806 lenuit
1359 768 1446 806 eos
1477 750 1742 817 superbia.
1775 750 1912 805 Cum
1943 765 2044 821 par

460 850 660 906 fuisset
693 848 862 913 enim,
896 856 954 903 ut
1005 848 1084 902 illi
1127 864 1254 904 vere
1309 847 1483 917 impii,
1513 846 1815 901 secundum
1849 845 2043 900 huma-

460 957 591 998 num
619 939 897 1012 cogitandi
927 956 1158 1005 morem,
1191 939 1494 1011 condignas
1523 939 1898 1009 impietatibus
1925 953 2043 1009 pce-

458 1049 562 1088 nas
596 1033 843 1099 luerent;
895 1030 973 1085 illi
1019 1039 1168 1086 certe
1201 1031 1256 1084 iu
1286 1030 1498 1086 deliciis
1527 1030 1654 1085 vita:
1682 1029 2044 1085 versabantur

462 1123 592 1179 dum
631 1122 744 1178 Deo
777 1122 978 1178 bellum
1008 1128 1312 1178 moverent.
1353 1120 1538 1188 Quare
1577 1122 1707 1177 dum
1743 1128 2043 1176 attereren-

461 1222 554 1270 tttr
583 1214 781 1285 seipsis
810 1214 1026 1284 pejores
1055 1213 1383 1278 evadebant,
1409 1223 1459 1268 et
1509 1215 1676 1282 operti
1700 1221 1821 1267 sunt
1845 1210 2044 1280 iniqui-

464 1314 569 1360 tate
603 1314 653 1360 et
681 1305 952 1374 impietate
974 1320 1108 1368 sua;
1140 1319 1242 1376 pro
1274 1319 1385 1376 quo
1405 1303 1770 1376 Symmachus
1798 1321 1812 1358 :
1847 1299 2045 1371 Super-

464 1396 575 1460 bia,
609 1396 808 1466 inquit,
847 1395 1023 1449 induti
1054 1404 1198 1459 sunt,
1229 1396 1385 1467 quasi
1414 1397 1606 1450 horrea
1650 1408 1715 1449 ea:
1760 1393 2044 1463 iniquitate

464 1488 733 1544 habentes.
769 1488 851 1544 Ad
886 1488 1002 1543 hac
1058 1496 1238 1545 autem
1273 1508 1287 1544 :
1324 1488 1572 1544 Prodibit
1598 1488 1754 1559 quasi
1795 1503 1861 1541 ex
1892 1484 2044 1554 adipe

465 1581 721 1651 iniquitas
752 1596 955 1635 eorum.
996 1578 1170 1651 Cujus
1200 1580 1313 1647 loci
1351 1580 1640 1636 clariorem
1676 1580 1871 1635 extulit
1904 1596 2046 1635 sen-

463 1673 690 1729 tentiam
712 1671 1077 1745 Symmachus
1104 1672 1190 1729 his
1213 1672 1396 1728 verbis
1422 1692 1435 1728 :
1465 1671 1816 1726 Prociderunt
1831 1687 1896 1727 ea:
1919 1672 2042 1742 pin-

464 1766 687 1839 guedine
715 1768 856 1821 oculi
887 1783 1068 1822 eorum
1107 1765 1399 1822 :similiter
1425 1765 1623 1836 Aquila
1655 1770 2045 1838 lnterpretatus

465 1868 552 1916 est
584 1859 778 1916 dicens
817 1876 831 1914 :
864 1858 1126 1914 Exierunt
1158 1857 1223 1911 ab
1255 1856 1409 1926 adipe
1435 1858 1577 1912 oculi
1597 1874 1804 1913 eorum.
1832 1860 2046 1915 Praeter

465 1956 583 2012 haec
623 1955 837 2027 inquit:
877 1954 1223 2009 Transierunt
1251 1953 1307 2007 in
1350 1953 1596 2023 aﬂ'ectum
1627 1953 1803 2009 cordis
1841 1970 1859 2008 :
1899 1933 2046 2026 cogi-

469 2056 710 2104 taverunt
731 2056 781 2102 et
803 2046 968 2102 locuti
999 2054 1123 2100 sunt
1153 2046 1211 2099 in
1238 2045 1561 2115 iniquitate:
1593 2061 1715 2117 qum
1754 2046 1837 2102 sic
1872 2046 2046 2102 inter-

467 2147 717 2213 pretatur
747 2137 1113 2211 Symmachus
1142 2157 1154 2193 :
1188 2135 1565 2211 Prwtergressi
1588 2146 1712 2194 sunt
1735 2155 1854 2210 qua:
1884 2154 2047 2211 appa-

467 2234 678 2296 rebant,
720 2230 878 2285 corde
928 2230 1229 2285 irridentes.
1260 2229 1397 2285 Nam
1440 2230 1561 2301 ipsa
1592 2243 1759 2301 opera
1790 2229 1886 2287 Dei
1924 2245 2047 2302 quae

469 2325 715 2381 omnium
747 2323 925 2380 oculis
953 2324 1397 2396 conspiciuntur,
1429 2331 1482 2379 et
1534 2331 1722 2395 aperta
1753 2322 2049 2395 providen-

2144 471 2438 542 Σύμμαχος
2452 470 2625 533 οὕτως
2640 471 2674 541 ἡ
2681 487 2711 539 ρ
2718 469 2889 540 μήνευ
2897 484 2987 520 σεν
3002 481 3017 495 ·
3033 465 3162 518 Ὅτι
3183 465 3292 518 οὐκ
3306 461 3745 532 ergoimmo,

2143 566 2273 634 περὶ
2298 564 2560 619 θανάτου
2580 581 2593 593 ·
2631 562 2848 631 στερεὰ
2872 560 2984 631 τὰρ
3000 555 3082 630 ἦν
3104 557 3177 611 τὰ
3200 558 3484 626 πρόπυλα
3509 553 3742 609 αὐτῶν·

2144 659 2238 712 καὶ
2271 658 2418 728 ὲξῆς·
2455 658 2551 710 Ἐν
2585 653 2974 722 ταλαιπωρίᾳ,
3006 652 3191 722 φησὶν,
3214 648 3435 716 ἀνδρὸς
3470 651 3583 701 οὐκ
3607 646 3750 716 ἐτέο

2143 768 2343 814 νοντο,
2393 748 2534 804 οὐδὲ
2559 748 2710 818 μετὰ
2755 744 3083 813 ἀνθρώπων
3113 739 3532 805 ἐπλήσσοντο.
3578 739 3747 790 Ἐπεὶ

2143 840 2236 899 οὖν
2267 845 2323 896 ὲν
2356 841 2613 904 τοιούτοις
2648 835 2809 911 ἦσαν,
2835 836 2934 889 διὰ
2958 835 3131 889 τοῦτο
3151 831 3487 901 ἐκράτησεν
3509 829 3751 895 αὐτοὺς

2142 938 2181 1004 ἡ
2232 932 2630 1004 ὑπερηφανία.
2683 930 2814 983 Δέον
2846 928 2955 999 γὰρ
3004 926 3218 988 ἀσεϐεῖς
3275 923 3472 986 ὄντας,
3519 923 3647 974 ὅσον
3682 923 3754 975 ἑν

2144 1025 2506 1099 ἁνθρωπὶνοις
2538 1023 2836 1091 λογισμοῖς,
2866 1017 3161 1088 τάπίχειρα
3200 1014 3431 1084 πάσχειν
3462 1015 3579 1075 τοῖς
3607 1012 3758 1065 ἀσε-

2145 1120 2415 1191 ϐήμασιν·
2448 1117 2499 1170 οἱ
2526 1115 2581 1169 δὲ
2610 1111 3027 1183 κατενετρύφων
3042 1108 3136 1162 τοῦ
3159 1108 3276 1178 βίου
3305 1105 3750 1177 θεομαχοῦντες.

2145 1214 2221 1264 Δι’
2258 1211 2285 1263 ὃ
2323 1207 2724 1280 ὲπιτριῦόμενοι
2770 1204 2988 1276 χείρους
3030 1201 3238 1255 ἑαυτῶν
3284 1200 3597 1269 ἐγίγνοντο,
3639 1197 3759 1251 καὶ

2145 1300 2567 1372 περιεϐάλοντο
2640 1296 2881 1352 ἀδικίαν
2948 1295 3045 1348 καὶ
3117 1291 3399 1347 ἀσέϐειαν
3465 1287 3752 1344 ἑαυτῶν·

2145 1395 2262 1450 ἀνθ’
2290 1389 2351 1448 οὗ
2387 1394 2414 1445 6
2452 1391 2773 1462 Σύμμαχος·
2808 1386 3259 1455 Ὑπερηέςανίαν,
3290 1383 3475 1453 φησὶν,
3507 1379 3759 1451 ἠμφιώ-

2145 1504 2359 1552 σαντο,
2405 1482 2719 1549 ἀποθήκας
2756 1480 2827 1546 ἐξ
2874 1479 3109 1544 ἀδικίας
3138 1479 3405 1545 ἔχοντες.
3450 1474 3566 1526 Ἔτι
3621 1471 3759 1545 μὴν

2146 1580 2282 1654 πρὸς
2302 1577 2533 1640 τούτοις·
2582 1573 3001 1637 Ἐξελεύσεται
3040 1571 3119 1636 ὡς
3150 1569 3220 1622 ἐκ
3247 1568 3498 1631 στέατος
3530 1563 3567 1629 ἢ
3598 1564 3758 1619 d6:-

2148 1673 2249 1727 κία
2284 1668 2514 1725 αὐτῶν·
2551 1661 2612 1721 οὗ
2639 1665 2704 1736 δὴ
2733 1663 3074 1735 σαφεστέραν
3104 1663 3133 1715 6
3163 1659 3461 1731 Σύμμαχος
3484 1655 3763 1710 ἀπέδωκε

2146 1766 2246 1836 τὴν
2284 1763 2521 1817 διάνοιαν
2548 1757 2747 1813 εἰπών·
2779 1755 3157 1826 Προέπιπτον
3177 1751 3299 1807 ἀπὸ
3332 1749 3760 1818 λιπαρότητος

2144 1861 2198 1912 οὶ
2227 1855 2519 1926 ὀφθαλμοὶ
2545 1850 2772 1906 αὐτῶν·
2803 1849 2944 1904 καὶὸ
2974 1846 3204 1908 Ἀκύλας
3230 1845 3288 1897 δὲ
3314 1842 3518 1914 ὁμοίως
3546 1841 3760 1911 ἡρμή-

2146 1965 2301 2004 νευσε
2326 1949 2533 2019 φήσας·
2571 1941 2859 2010 Ἐξῆλθον
2878 1937 2997 1995 ἀπὸ
3025 1937 3277 2002 στέατος
3296 1932 3591 2005 ὀφθαλμοὶ
3624 1934 3763 1985 αὑ-

2143 2043 2280 2098 τῶν.
2319 2038 2432 2098 Εἶτ’
2471 2040 2566 2095 ἐπὶ
2609 2036 2851 2099 τούτοις·
2878 2032 3240 2101 Διήλθοσαν,
3276 2028 3462 2100 φησὶν,
3493 2029 3587 2093 εις
3609 2024 3764 2079 διὰ-

2146 2136 2316 2188 θεσιν
2346 2129 2612 2200 καρδίας,
2666 2124 3073 2195 διενοήθησαν
3135 2120 3232 2174 καὶ
3287 2117 3611 2184 ἐλάλησαν
3677 2117 3766 2169 ἐν

2146 2224 2430 2293 πονηρίᾳ·
2469 2221 2623 2277 ﬁnal
2659 2217 2798 2273 αὐτὰ
2846 2220 2877 2271 6
2910 2214 3206 2285 Σύμμαχος
3255 2211 3606 2283 ἡρμήνευσεν
3643 2205 3766 2260 οὖ-

2146 2335 2254 2372 τω·
2294 2313 2661 2385 Παρέϐαινον
2695 2312 2769 2365 τὰ
2807 2309 3138 2379 φαινόμενα
3169 2303 3244 2373 τῇ
3310 2301 3519 2370 καρδίᾳ
3558 2316 3773 2354 καταρ-

468 2419 560 2475 tia
589 2418 857 2474 miracula
889 2392 1485 2489 praeterérediebantur
1521 2434 1536 2471 :
1569 2392 1701 2471 cum
1727 2392 1911 2470 tamen
1942 2416 2048 2487 ipsi

2150 2407 2509 2480 μωκώμενοι.
2563 2403 2674 2458 Καὶ
2718 2400 2828 2473 γὰρ
2858 2399 2998 2455 αὐτὰ
3042 2398 3113 2452 τὰ
3142 2400 3254 2461 τοῖς
3285 2397 3499 2449 πάντων
3528 2392 3773 2461 ὀφθαλ-

468 2526 536 2569 ea
568 2510 939 2581 intelligerent
967 2516 1024 2565 et
1058 2518 1354 2581 caperent;
1411 2508 1507 2565 sed
1531 2508 1602 2564 ob
1649 2508 1900 2564 stultitiae
1937 2508 2047 2565 vim

468 2603 775 2660 illudebant
804 2610 860 2658 et
880 2602 1210 2658 irridebant.
1240 2601 1470 2673 Insuper
1497 2601 1665 2656 locuti
1694 2609 1817 2655 sunt
1852 2600 1908 2654 in
1931 2616 2049 2654 ma—

468 2695 612 2761 litia,
636 2706 687 2751 et
716 2694 1048 2767 iniquitatem
1072 2697 1127 2750 in
1156 2694 1423 2751 excelsum
1448 2693 1613 2748 locuti
1656 2700 1799 2748 sunt.
1837 2691 2046 2748 Posue-

469 2797 596 2842 runt
618 2786 672 2840 in
703 2784 893 2840 cmlum
926 2802 983 2841 os
1008 2801 1185 2849 suum,
1213 2793 1263 2839 et
1288 2785 1469 2854 lingua
1498 2800 1680 2838 eorum
1717 2782 1962 2838 transivit
1994 2783 2050 2837 in

472 2887 634 2934 terra.
680 2875 807 2933 Haec
837 2892 1006 2949 porro
1036 2875 1402 2948 Symmachus
1443 2875 1524 2930 sic
1570 2876 1865 2946 explicavit
1896 2895 1909 2930 :
1945 2874 2052 2930 Lo-

468 2972 764 3042 quebanlur
793 2984 913 3023 cum
949 2967 1122 3020 multa
1146 2966 1442 3030 calumnia,
1476 2974 1665 3019 contra
1687 2964 1949 3020 excelsum
1973 2967 2050 3019 lo-

2152 2503 2269 2574 μοῖς
2308 2497 2562 2572 ὁρώμενα
2596 2496 2732 2568 ἔργα
2777 2492 2868 2548 τοῦ
2911 2490 3070 2556 Θεοῦ,
3103 2491 3197 2545 καὶ
3237 2488 3307 2543 τὰ
3348 2485 3604 2559 προφανῆ
3640 2485 3774 2555 τῆς

2148 2594 2411 2666 Προνοίας
2460 2589 2714 2661 θαύματα
2762 2586 3091 2660 παρέϐαινον
3139 2575 3305 2646 οὗτοι,
3351 2579 3602 2641 νοοῦντες
3634 2577 3767 2647 μὲν

2151 2687 2245 2741 καὶ
2272 2685 2542 2747 συνιέντες
2562 2681 2720 2745 αὐτὰ,
2754 2676 3223 2750 καταμωκώμενοι
3245 2672 3304 2727 δὲ
3325 2672 3416 2725 καὶ
3441 2669 3775 2741 χλευάζον-

2149 2795 2239 2842 τες
2260 2776 2325 2830 δι’
2358 2772 2661 2847 ὑπερὸολὴν
2703 2771 2980 2833 ἀπονοίας.
3023 2769 3144 2821 Ἔτι
3175 2765 3281 2837 μὴν
3300 2762 3624 2829 ἐλάλησαν
3684 2762 3777 2815 ἐν

2150 2868 2428 2938 πονηρίᾳ,
2476 2866 2576 2920 καὶ
2629 2863 2870 2919 ἀδικίαν
2906 2865 2994 2928 εις
3041 2859 3107 2915 τὸ
3152 2859 3312 2927 ὕψος
3350 2856 3769 2924 ἐφθέγγοντο.

2155 2963 2403 3019 Ἕθεντό
2433 2977 2496 3014 τε
2543 2961 2630 3025 είς
2663 2957 2923 3027 οὐρανὸν
2961 2953 3024 3008 τὸ
3070 2954 3265 3021 στόμα
3300 2947 3525 3012 αὐτῶν,
3560 2947 3677 3000 καὶ
3726 2950 3771 3016 ἡ

469 3039 785 3135 quebantur.
840 3060 1143 3116 Posuerunt
1173 3060 1230 3114 in
1269 3058 1457 3113 emtum
1493 3075 1550 3114 os
1597 3075 1753 3112 suum
1797 3073 1817 3111 :
1867 3059 2047 3130 lingua

2150 3056 2402 3127 γλῶσσα
2453 3051 2652 3107 αὐτῶν
2688 3050 2941 3120 διῆλθεν
2975 3045 3074 3100 ἐπὶ
3104 3044 3214 3113 τῆς
3252 3042 3383 3114 γῆς.
3420 3042 3535 3096 Καὶ
3565 3039 3772 3095 ταῦτα

471 3165 648 3212 autem
687 3171 869 3212 eorum
898 3153 1355 3209 obambulationes
1405 3152 1462 3206 in
1518 3161 1683 3207 terra.
1720 3150 2045 3221 Blasphema

471 3248 675 3321 quippe
722 3247 869 3304 dicta
913 3245 1258 3319 proierentes
1283 3251 1481 3300 contra
1516 3242 1711 3310 Deum,
1741 3243 1901 3315 quasi
1934 3258 2046 3297 non

470 3341 698 3404 videret,
727 3356 903 3412 neque
931 3346 1179 3407 curaret;
1202 3338 1314 3394 imo
1361 3336 1521 3410 quasi
1547 3336 1779 3393 omnino
1806 3351 1917 3391 non
1951 3350 2049 3391 ex-

471 3432 710 3496 sisteret,
762 3432 1112 3504 iniquitatem
1145 3431 1203 3487 in
1256 3431 1535 3487 excelsum
1568 3428 1741 3486 locuti
1778 3436 1929 3493 sunt,
1984 3442 2049 3483 ac

470 3539 648 3597 usque
689 3526 758 3583 ad
798 3527 999 3583 ctelum
1031 3541 1096 3582 os
1129 3540 1290 3581 suum
1318 3523 1723 3590 extenderunt;
1776 3523 1883 3579 etsi
1911 3521 2050 3579 viles

470 3624 658 3673 essent
675 3624 731 3673 et
759 3617 1001 3690 linguam
1025 3631 1183 3673 suam
1209 3615 1264 3671 in
1285 3623 1435 3671 terra
1455 3613 1740 3670 haberent.
1766 3611 1893 3668 Haec
1915 3627 2048 3669 sane

472 3719 602 3764 sunt
634 3725 870 3781 quorum
900 3723 1069 3766 causa
1099 3723 1279 3764 meam
1308 3707 1483 3764 fateor
1532 3704 1944 3772 inﬁrmitatem;
1984 3719 2049 3759 ac

471 3799 622 3854 velut
646 3799 708 3860 in
752 3800 914 3870 cippo
948 3797 1356 3854 accusationem
1407 3795 1654 3853 inscribo
1686 3809 1885 3859 meam,
1918 3795 2048 3865 quia

470 3905 598 3960 pene
629 3892 758 3945 moti
779 3900 903 3946 sunt
930 3890 1083 3959 pedes
1108 3889 1228 3955 mei,
1262 3896 1312 3943 et
1347 3903 1475 3959 pene
1502 3888 1661 3959 effusi
1685 3897 1809 3943 sunt
1836 3904 2049 3959 gressus

473 3980 596 4044 mei,
652 3980 777 4051 quia
827 3980 993 4035 κείσυὶ
1038 3995 1195 4049 super
1231 3980 1462 4049 iniquos,
1503 3993 1685 4046 pacem
1715 3988 2051 4048 peccatorum

472 4073 673 4127 videns.

2150 3151 2208 3204 δὲ
2257 3152 2285 3203 6
2337 3147 2634 3219 Σύμμαχος
2677 3143 2851 3206 οὕτως
2901 3140 3272 3212 ἡρμήνευσεν·
3332 3132 3630 3189 Ἐλάλουν
3680 3134 3771 3187 ἐν·

2149 3237 2354 3308 πολλῇ
2378 3234 2775 3305 συκοφαντίᾳ,
2788 3232 2893 3286 τοῦ
2908 3232 3107 3299 ὕψους
3122 3226 3512 3281 κατελάλουν.
3524 3223 3781 3277 Ἕτασ-

2152 3348 2270 3386 σον
2282 3335 2370 3397 εὶς
2385 3328 2647 3400 οὐρανὸν
2662 3327 2725 3380 τὸ
2743 3325 2937 3394 στόμα
2952 3320 3151 3399 αὐτῶν
3168 3335 3179 3347 '
3197 3320 3236 3385 ἠ
3263 3318 3332 3373 δὲ
3352 3315 3595 3389 γλῶσσα
3621 3317 3771 3370 αὐ-

2153 3423 2272 3478 τῶν
2297 3419 2747 3491 περιπατήματα
2783 3418 2854 3471 ἐν
2880 3413 2957 3484 τῇ
2991 3413 3090 3484 γῆ.
3130 3412 3429 3483 Βλάσφημα
3454 3408 3563 3480 γὰρ
3600 3426 3771 3481 πρα-

2154 3515 2445 3587 φερόμενοι
2474 3515 2694 3585 ῥήματα
2758 3507 2901 3563 κατὰ
2927 3507 3022 3561 τοῦ
3048 3505 3205 3569 Θεοῦ,
3235 3504 3312 3568 ὡς
3338 3503 3469 3575 μήτε
3494 3499 3773 3571 ὁρῶντος

2156 3611 2294 3681 μήτε
2349 3602 2805 3665 ὲπισκοποῢντος,
2867 3602 3003 3671 μήτε
3054 3597 3160 3669 μὴν
3202 3597 3323 3650 ὅλον
3376 3594 3772 3664 ὑπάρχοντας,

2155 3701 2365 3757 ἀδικίαν
2389 3701 2468 3762 εἰς
2490 3697 2551 3751 τὸ
2582 3696 2715 3766 ὕψος
2741 3693 3031 3765 ἐλάλησαν,
3060 3692 3155 3744 καὶ
3188 3690 3350 3762 μέχρι
3382 3686 3473 3741 τοῦ
3505 3686 3771 3757 οὐρανοῦ

2155 3793 2418 3860 ὲξέτεινον
2451 3788 2659 3844 ἑαυτῶν
2677 3787 2739 3841 τὸ
2769 3785 2964 3858 στόμα·
2996 3785 3091 3838 καὶ
3116 3782 3293 3837 ταῦτα
3318 3779 3565 3836 ταπεινοὶ
3585 3778 3771 3841 ὄντες

2156 3888 2249 3941 καὶ
2269 3887 2363 3957 τὴν
2394 3882 2641 3954 γλῶσσαν
2673 3880 2768 3933 ἐπὶ
2802 3880 2904 3949 τῆς
2944 3879 3050 3949 γῆς
3095 3876 3327 3948 ἔχοντες.
3362 3870 3531 3927 Ταῦτ’
3572 3865 3647 3942 ἦν
3685 3870 3767 3924 δι’

2154 3979 2191 4034 ἃ
2222 3978 2533 4050 ὡμολόγουν
2568 3972 2630 4028 τὸ
2671 3971 2912 4043 ἐμαυτοῦ
2946 3970 3135 4033 πάθος,
3174 3968 3292 4023 κατ’
3329 3963 3572 4036 ἐμαυτοῦ
3618 3978 3772 4032 στη-

2155 4072 2379 4126 λιτεύων
2412 4068 2686 4140 ἔγγραφον
2718 4062 3074 4134 κατηγορίαν,
3102 4060 3197 4115 καὶ
3216 4061 3298 4113 ὅτι
3330 4057 3492 4127 παρὰ
3524 4055 3771 4125 μικρὸν

470 4165 894 4232 ἐσαλεύθηοναν
919 4165 973 4217 ol
1040 4161 1222 4229 πόδες
1237 4179 1377 4232 μου,
1435 4160 1534 4215 καὶ
1594 4176 1712 4229 παρ
1764 4160 1974 4231 ὀλίγον
2027 4163 2284 4234 ἐξεχύθη
2328 4162 2400 4217 τὰ
2458 4154 2788 4226 διαδήματὰ
2825 4170 2966 4223 μου,
3008 4152 3095 4204 ὅτι
3141 4149 3415 4216 ἐζήλωσα
3455 4145 3559 4201 ἐπι
3618 4143 3768 4214 τοῖς

475 4258 741 4330 ἀνόμοις,
765 4257 1015 4328 εἰρήνην
1042 4253 1404 4326 ἁμαρτωλῶν
1432 4252 1683 4322 θεωρῶν.

545 4374 715 4431 Vens.
750 4373 836 4429 10.
904 4370 1031 4427 Ideo
1082 4374 1417 4425 'convertetur
1476 4366 1702 4437 populus
1760 4382 1907 4421 meus
1938 4366 2041 4434 hic,

2233 4361 2334 4414 Διά
2362 4354 2537 4409 τοῦτο
2569 4350 2918 4422 ἐπιστρέψει
2958 4352 2993 4404 ἐ
3019 4350 3168 4414 λαός
3192 4364 3312 4417 μου
3338 4347 3623 4410 ἐνταῦθα,
3648 4351 3758 4405 καὶ

472 4478 523 4525 et
555 4468 668 4522 (ﬁes
697 4464 834 4535 pleni
856 4462 1184 4519 invenientur
1212 4461 1267 4514 in
1291 4462 1388 4516 eis.
1415 4458 1594 4514 Athea
1622 4458 1717 4513 illa
1753 4458 2047 4529 impiorum

474 4560 622 4619 dicta
651 4566 921 4615 eteorum
981 4554 1263 4627 superbia,
1319 4568 1441 4623 qua:
1474 4567 1658 4606 rerum
1712 4551 2050 4622 potiebatur,

474 4653 603 4708 talis
641 4655 761 4706 erat
795 4648 974 4720 qualis
1004 4651 1441 4702 commonstrata
1488 4649 1595 4699 est.
1640 4640 1751 4697 Nec
1800 4643 2056 4714 ignoran-

474 4746 604 4802 dutn
623 4744 739 4799 haec
756 4744 872 4815 ipsa
890 4740 1090 4812 populo
1107 4754 1230 4794 meo
1256 4738 1311 4793 in
1338 4737 1542 4793 bonum
1568 4735 1823 4791 vertisse.
1845 4734 2053 4790 Etiam-

476 4840 524 4895 si
583 4837 730 4893 cnim
780 4834 849 4891 ad
897 4832 1170 4905 quoddam
1211 4838 1427 4900 tempus
1469 4829 1706 4900 populus
1740 4844 1896 4884 meus
1951 4828 2055 4882 im-

477 4928 585 5000 piis
609 4927 718 4983 illis
740 4925 807 4981 ad
836 4930 1187 4996 peccatorum
1233 4920 1604 4991 expiationem
1642 4918 1879 4973 traditus
1916 4919 1987 4972 sit
2036 4935 2048 4971 :

479 5018 579 5074 sed
619 5015 867 5075 stultitia:
901 5027 1093 5070 eorum
1148 5010 1561 5083 exsupei'autia,
1616 5024 1738 5080 quae
1788 5009 1959 5064 ruinae
1988 5024 2053 5063 ac

481 5106 746 5184 perniciei
778 5105 915 5177 ipsis
944 5119 1109 5161 causa
1139 5102 1261 5167 fuit,
1295 5099 1615 5173 quiescendi
1647 5114 1712 5155 ac
1742 5098 2051 5171 respirandi

483 5205 662 5259 locum
688 5198 891 5270 popqu
912 5212 1033 5252 meo
1062 5195 1235 5251 dabit.
1267 5192 1403 5248 Nam
1441 5208 1565 5248 cum
1597 5191 1673 5246 illi
1706 5191 1776 5247 ob
1802 5192 2053 5262 impieta-

484 5304 566 5351 tes
618 5304 748 5349 suas
802 5286 1041 5358 prolapsi
1094 5284 1389 5355 perierint,
1427 5292 1757 5337 convertetur
1828 5283 2054 5352 populus

483 5403 624 5444 meus
662 5383 787 5446 hic;
826 5379 881 5435 id
909 5385 1015 5443 est,
1066 5379 1121 5433 in
1156 5375 1412 5448 praesenti
1448 5375 1557 5430 vita
1603 5395 1616 5431 :
1667 5384 1716 5430 et
1759 5376 1868 5430 dies
1914 5374 2056 5443 pleni

482 5477 808 5535 invenientur
840 5474 896 5527 in
928 5471 1040 5535 eis;
1078 5470 1131 5525 id
1163 5479 1271 5535 est,
1305 5469 1359 5523 in
1391 5470 1459 5524 iis
1490 5484 1520 5523 e
1554 5469 1759 5539 populo
1793 5481 1915 5522 meo
1960 5465 2051 5536 qui

480 5573 632 5643 digni
664 5568 888 5625 fuerint.
938 5563 1063 5619 Dies
1093 5563 1238 5634 pleni
1283 5568 1465 5615 autem
1495 5568 1626 5615 sunt
1660 5560 1721 5622 ii,
1755 5560 1846 5628 qui
1875 5559 2054 5613 omnis

477 5662 605 5719 boni
637 5662 830 5733 repleti
858 5667 1008 5723 sunt,
1037 5663 1090 5712 et
1120 5656 1214 5728 qui
1245 5655 1455 5726 justum
1483 5654 1609 5707 vitze
1634 5653 1871 5723 spatium
1898 5666 2056 5705 com-

480 5756 647 5827 plent.
679 5752 771 5811 Sic
798 5752 1000 5811 alicubi
1027 5750 1228 5809 dicitur
1260 5769 1272 5806 :
1335 5746 1583 5804 Mortuus
1617 5752 1695 5799 est
1728 5743 1912 5813 plenus
1944 5743 2055 5798 die—
2090 5815 2115 5823 Α

2158 4452 2370 4524 ἡμέραι
2401 4445 2655 4516 πλήρεις
2685 4443 3115 4513 εὑρεθήσονται
3158 4441 3230 4494 ἐν
3264 4439 3496 4507 αὐτοῖς.
3530 4442 3612 4495 Τὰ
3653 4444 3761 4515 μὲν

2157 4546 2292 4602 ἄθεα
2317 4542 2424 4597 τῶν
2481 4537 2693 4594 ἀσεϐῶν
2748 4538 2966 4610 ῥήματα
3012 4534 3105 4589 καὶ
3134 4534 3167 4605 ἡ
3200 4532 3529 4605 κρατήσασα
3566 4533 3759 4588 αὐτῶν

2158 4635 2506 4710 ὑπερηφανία
2532 4631 2753 4703 τοιαύτη
2789 4647 2872 4693 τις
2890 4624 2959 4701 ἦν
2980 4627 3067 4681 οἵα
3091 4624 3407 4696 δεδήλωται.
3432 4623 3560 4697 Χρὴ
3592 4625 3651 4678 δὲ
3677 4627 3754 4697 μὴ

2156 4733 2390 4801 ἀγνοεῖν,
2441 4728 2515 4792 ὡς
2549 4724 2693 4780 αὐτὰ
2734 4719 2907 4777 ταῦτα
2944 4720 3080 4792 πρὸς
3102 4716 3308 4786 ἀγαθοῦ
3339 4716 3638 4787 γεγένηται
3676 4716 3754 4787 τῷ

2159 4823 2277 4895 ἐμῷ
2303 4820 2439 4892 λαῷ.
2470 4820 2533 4874 ΕΞ
2565 4817 2676 4888 γὰρ
2703 4814 2801 4869 καὶ
2839 4812 2909 4866 τὰ
2953 4810 3185 4884 μάλιστα
3217 4808 3354 4880 πρός
3376 4824 3503 4861 τινα
3558 4808 3753 4878 καιρὸν

2157 4916 2339 4976 αὐτοῖς
2373 4910 2603 4973 ἐκείνοις
2646 4908 2757 4969 τοῖς
2788 4902 3040 4957 ἀσεϐέσιν
3070 4902 3098 4954 6
3134 4899 3268 4970 ἐμὸς
3310 4897 3442 4961 λαὸς
3473 4898 3747 4970 παρεδόθη

2157 5009 2237 5068 εἰς
2290 5001 2555 5075 ἔκπραξιν
2612 4996 3049 5073 ἁμαρτημάτων,
3086 4992 3200 5046 ἀλλ’
3247 4993 3281 5062 ὴ
3336 4988 3621 5061 ὑπερϐολὴ
3653 4991 3749 5060 τῆς

2156 5095 2263 5149 τῶν
2292 5091 2700 5167 προλεχοὼτων
2727 5084 3006 5150 ἀπονοίας,
3045 5082 3251 5137 πτῶσιν
3282 5080 3472 5144 αὐτοῖς
3509 5083 3745 5152 ὲργασαο

2159 5185 2291 5257 μένη
2327 5183 2420 5236 καὶ
2458 5180 2679 5254 ὀλέθρου
2710 5178 2979 5250 γενομένη
3022 5175 3207 5237 αὐτοῖς
3226 5172 3396 5231 αἰτία.
3428 5171 3619 5226 ἄνεσιν
3655 5171 3747 5224 καὶ

2155 5278 2430 5349 ἀναπνοὴν
2483 5275 2561 5346 τῷ
2611 5273 2729 5346 ἐμῷ
2776 5271 3001 5344 παρέξει
3043 5268 3177 5340 λαῷ.
3229 5266 3609 5320 Ἐκπεσόντων
3639 5265 3751 5335 γὰρ

2154 5370 2377 5424 ἐκείνων
2414 5368 2507 5422 καὶ
2547 5364 2896 5436 ἀπολομένων
2927 5362 3017 5416 διὰ
3059 5360 3159 5424 τὰς
3197 5360 3408 5422 οἰκείας
3445 5358 3743 5423 ἀσεϐείας,

2156 5468 2188 5519 ό
2218 5464 2368 5531 λαός
2395 5480 2508 5531 μου
2559 5457 2913 5527 ἐπιστρέψει
2946 5454 3234 5516 ἐνταῦθα,
3275 5453 3560 5505 τουτέστιν
3590 5453 3648 5503 ἐν
3671 5448 3750 5517 τῷ

2154 5556 2383 5628 παρόντι
2412 5554 2539 5626 βίῳ·
2579 5552 2677 5607 καὶ
2704 5549 2911 5621 ἡμέραι
2945 5546 3198 5614 πλήρεις
3213 5542 3647 5612 εὑρεθήσονται
3678 5543 3752 5595 ἐν

2155 5648 2378 5714 αὐτοῖς,
2403 5645 2600 5719 δηλαδὴ
2633 5646 2747 5707 τοῖς
2792 5644 2850 5694 ὲν
2892 5640 2970 5711 τῷ
2999 5637 3117 5709 ἐμῷ
3146 5636 3258 5708 λαῷ
3287 5634 3477 5700 ἀξίοις.
3508 5635 3757 5713 πλήρεις

2157 5744 2211 5797 δὲ
2241 5741 2446 5815 ἡμέραι
2470 5740 2606 5792 εἰσὶν
2629 5738 2681 5791 αἱ
2714 5735 2914 5799 παντὸς
2932 5731 3139 5801 ἀγαθοῦ
3176 5728 3627 5799 πεπληρωμέναι,
3652 5724 3746 5776 καὶ
