4014 6206
287 266 388 335 ἓίἱ

1412 270 1922 341 ΌΟΜΜΕΝΤᾹΒΙᾹ
1946 270 2018 340 “IN
2049 271 2390 342 ‘p‘sALMoS.

3408 251 3514 340 sits

283 399 378 452 τὸν
422 394 618 453 οἰκεῖον
655 396 841 470 χρόνον
884 388 982 472 τῆς
1023 386 1167 473 ζωῆς
1208 402 1638 473 αποπληροῦσαι.
1701 403 1851 458 Οὕτω

1960 423 2075 460 rum
2101 407 2138 459 ³.
2172 404 2320 462 Meus
2345 420 2473 475 ergo
2496 397 2727 476 p0pulu's
2761 403 2830 459 ab
2860 402 2928 458 iis
2958 401 3244 456 utilitatem
3277 399 3507 470 accepit;

279 491 530 546 λέλεκταί
575 509 698 556 που,
741 492 822 544 ὃτι
874 492 1180 562 Ἐκοιμήθη
1215 492 1450 561 πλήρης
1490 493 1742 563 ἡμερῶν.
1795 495 1853 549 '0

285 583 385 655 μὲν
428 579 522 636 οὖν
573 583 704 653 ἐμὸς
745 582 872 647 λαὸς
907 585 972 638 ἐκ
1000 583 1208 639 τούτων
1246 584 1548 656 ὠφέληταν
1577 587 1632 639 οἴ
1655 603 1718 656 γε
1747 586 1853 659 μὴν

281 673 670 746 προλεχθὲντες
701 674 916 738 ἀσεϐεῖς
965 674 1060 727 καὶ
1097 673 1244 728 ἄθεοι
1271 674 1443 740 οὕτως
1479 675 1728 746 ὴσέὸουν,
1776 678 1852 743 ὡς

281 765 410 827 τοὺς
431 764 672 836 ὁρῶντας
721 765 1018 836 ἀμηχανεῖν
1060 766 1155 819 καὶ
1203 755 1376 836 λέγειν
1395 783 1408 796 ο
1443 767 1576 834 Πῶς
1625 769 1777 839 ἔγνω
1819 773 1853 825 ό

284 854 448 921 Θεὸς,
499 854 598 908 καὶ
628 855 682 908 ει
713 854 845 908 ἔστι
881 854 1102 925 γνῶσις
1138 853 1207 910 ἐν
1228 854 1309 923 τῷ
1345 856 1628 926 Tyriam);
1664 861 1712 913 εί
1743 860 1853 932 γάρ

281 949 430 1001 ἐστιν
459 948 518 1000 ἐν
563 945 642 1018 τῷ
697 947 938 1020 ’Υψίστῳ
974 947 1194 1017 γνῶσις,
1243 943 1338 1005 καλ⁸
1373 951 1422 1004 εί
1447 951 1615 1006 ταῦτα
1659 954 1850 1026 ἐφορᾷ,

282 1038 378 1092 καὶ
438 1038 566 1103 τοὺς
614 1038 708 1092 ἐπὶ
758 1039 863 1110 γῆς
910 1040 1216 1108 ἐπισκοπεῖ,
1263 1041 1382 1105 πῶς
1433 1033 1582 1096 ὀὗτοι
1628 1044 1852 1098 τοιαῦτα

278 1122 513 1195 δρῶντες
570 1125 905 1196 εύθηνοῦσιν,
957 1120 1050 1181 καὶ
1103 1129 1183 1192 είς
1226 1127 1318 1183 τὸν
1361 1130 1534 1184 αἰῶνα
1591 1131 1852 1204 κατέσχον

279 1213 543 1283 πλούτου;
571 1215 741 1285 Κάγὼ
779 1216 856 1281 δέ,
877 1217 1047 1272 ταῦτα
1074 1218 1314 1291 θεωρῶν,
1338 1219 1711 1294 ἐθορυϐούμην
1741 1226 1852 1287 τοῖς

280 1306 579 1378 λογισμοῖς,
623 1301 701 1372 ὡς
739 1308 875 1381 πρὸς
916 1298 1152 1379 ἐμαυτδν
1189 1311 1388 1365 ἐννοεῖν
1409 1327 1424 1342 ’
1458 1311 1702 1379 Μήποτε
1737 1313 1852 1384 ἄρα

273 1401 540 1471 ματαίως
565 1398 886 1456 ἐδικαίωσα
918 1401 1035 1472 τὴν
1081 1403 1331 1472 καρδίαν
1349 1421 1489 1473 μου,
1518 1405 1616 1459 καὶ
1645 1404 1852 1474 ἐνιψά-

273 1510 401 1562 μην
426 1493 498 1546 ἐν
528 1492 739 1559 ἀθώοις
756 1491 863 1560 τὰς
882 1492 1084 1562 χεῖράς
1101 1513 1221 1565 μου
1243 1535 1259 1560 ,
1295 1495 1392 1550 καὶ
1424 1495 1716 1566 ἐγενόμην
1748 1514 1852 1566 με·

275 1585 726 1654 μαστιγωμένος
763 1582 918 1655 ὅλην
968 1584 1085 1654 τὴν
1115 1587 1363 1656 ἡμέραν,
1407 1588 1505 1641 καὶ
1544 1590 1579 1642 ὁ
1602 1581 1850 1658 ἔλεγχός

272 1694 399 1746 μου
437 1679 521 1744 εὶς
582 1676 689 1743 τὰς
733 1679 993 1746 πρωΐας;
1021 1679 1086 1732 Et
1127 1677 1236 1751 γὰρ
1269 1682 1379 1743 τοῖς
1433 1679 1507 1751 μὴ
1546 1678 1718 1733 ταῦτα
1751 1687 1850 1732 πε-

1957 496 2040 552 illi
2082 513 2211 552 vero
2245 497 2490 567 praedicti
2532 497 2682 566 impii
2714 503 2768 551 et
2791 496 2936 550 athei
2968 508 3035 550 eo
3065 505 3237 563 usque
3265 492 3514 562 impietas

1957 590 2030 644 tis
2059 595 2447 659 proruperunt,
2497 593 2557 640 ut
2598 587 2690 657 qui
2740 586 2996 642 videbant
3029 591 3250 654 stupore
3275 582 3512 653 perculsi

1954 677 2203 734 dicerent
2243 698 2255 733 :
2303 676 2577 744 Quomodo
2608 679 2706 732 scit
2740 677 2897 740 Deus,
2944 686 2993 732 et
3025 677 3073 730 si
3100 683 3177 730 est
3209 671 3431 730 scientia
3459 674 3514 727 in

1959 768 2275 824 Altissimo?
2327 767 2461 822 Nam
2505 768 2550 825 si
2593 769 2649 823 in
2680 768 2963 824 Altissim'o
2991 767 3215 823 scientia
3260 766 3511 829 exsistat,

1958 861 2113 931 isque
2157 862 2287 916 talia
2318 861 2520 928 videat,
2572 861 2984 931 terrigenasque
3027 865 3201 924 curet,
3235 871 3405 928 quare
3433 855 3513 910 illi

1955 955 2087 1008 talia
2126 953 2351 1011 edentes
2384 953 2624 1009 facinora
2648 968 2908 1025 prospere
2932 961 3119 1024 agunt,
3144 960 3199 1008 ct
3235 951 3289 1005 in
3337 960 3512 1006 saecu-

1957 1044 2066 1096 lum
2103 1059 2276 1114 usque
2310 1043 2529 1100 divitias
2554 1044 2839 1099 obtinent?
2861 1042 2985 1098 llaec
3005 1051 3134 1118 Vero
3167 1039 3514 1110 conspicatus

1955 1148 2078 1206 ego,
2102 1133 2523 1206 cogitationibus
2552 1135 2837 1198 turbabar,
2871 1133 2945 1187 ita
2979 1139 3055 1186 ‘ut
3087 1145 3253 1202 penes
3306 1144 3393 1185 me
3420 1143 3513 1184 co-

1956 1226 2205 1296 gitarem,
2238 1225 2508 1298 Numquid
2543 1229 2656 1281 sine
2679 1243 2842 1280 causa
2864 1225 3157 1296 justi/icavi
3201 1238 3292 1279 cor
3320 1238 3511 1288 meum,

1951 1324 2005 1368 et
2029 1316 2130 1369 bavi
2160 1315 2295 1371 inter
2322 1318 2616 1372 innocentes
2660 1333 2846 1370 manus
2889 1331 3065 1382 meas,
3114 1323 3162 1369 ct
3214 1314 3293 1383 fui
3338 1309 3549 1385 ﬂagele'

1956 1408 2100 1462 latus
2143 1419 2253 1462 tota
2284 1409 2390 1473 die,
2429 1421 2480 1464 et
2509 1412 2789 1481 castigatio
2835 1427 2952 1465 mea
2977 1411 3036 1462 in
3081 1407 3402 1463 matutinis?
3457 1407 3516 1464 Si

1955 1501 2100 1555 enim
2136 1501 2204 1557 iis
2236 1503 2330 1571 qui
2360 1502 2473 1558 haec
2495 1504 2717 1558 minime
2738 1512 3005 1575 peragunt
3037 1510 3189 1558 tanta
3219 1502 3352 1556 insit
3387 1517 3514 1572 pro-

1957 1592 2214 1662 speritas,
2271 1594 2325 1647 in
2367 1609 2564 1648 vanum
2592 1604 2719 1664 ergo
2742 1594 2950 1657 laboro,
2983 1591 3257 1663 superﬂue
3287 1591 3518 1663 iustitia:

1960 1684 2176 1750 studeo,
2218 1683 2422 1742 frustra
2474 1692 2529 1740 et
2551 1685 2832 1741 incassum
2872 1700 3067 1739 manus
3095 1691 3149 1740 et
3173 1690 3330 1740 actus
3363 1698 3516 1738 meos

279 1768 532 1839 ποιηκόσι
587 1758 820 1840 τοσαύτη
867 1769 1132 1842 πάρεστιν
1175 1770 1446 1842 εὐθυμία,
1499 1773 1579 1836 εἰς
1628 1771 1851 1844 μάταιον

1955 1777 2159 1848 iniquis
2184 1777 2446 1848 Operibus
2475 1791 2644 1849 puros
2680 1777 2929 1841 servavi;
2966 1777 3168 1832 frustra
3201 1755 3429 1846 jeiuniis
3461 1779 3515 1857 et

275 1857 389 1929 ἄρα
419 1857 530 1926 ἐγὼ
559 1857 752 1923 κοπιῶ,
771 1859 864 1913 καὶ
882 1860 1152 1932 περιττῶς
1166 1861 1482 1916 ἐσπούδακα
1505 1862 1851 1935 δικαιοσύνης

1955 1871 2218 1925 aerumnis
2245 1884 2331 1923 me
2360 1867 2604 1940 quotidie
2631 1863 2896 1939 ﬂagellavi
2917 1873 2970 1922 et
3001 1866 3301 1933 maceravi;
3333 1866 3516 1922 incas~

282 1945 691 2022 ἐπιμελόμενος·
712 1953 842 2024 εἰκῆ
864 1953 922 2006 δέ
937 1953 1031 2007 καὶ
1045 1955 1218 2026 μάτην
1233 1943 1474 2024 ἐφύλαξά
1495 1968 1594 2026 μου
1611 1956 1709 2020 τὰς
1736 1959 1850 2028 χεῖε

283 2057 388 2113 ρας
399 2040 590 2105 καὶτὰς
602 2039 827 2115 πράξεις
839 2040 898 2107 ἐξ
914 2041 1112 2096 ἀδίκων
1128 2042 1320 2116 ἔργων·
1340 2044 1464 2116 είκῆ
1477 2046 1568 2098 καὶ
1580 2046 1850 2117 νηστείαις

277 2131 377 2185 καὶ
405 2128 792 2198 κακοπαθείαις
815 2132 1167 2206 κατατρύχων
1197 2133 1432 2208 ἐμαυτὸν
1457 2136 1550 2190 καὶ
1575 2137 1849 2209 μαστίζων

272 2223 458 2276 πᾶσαν
504 2223 717 2296 ἡμέραν
770 2224 1073 2279 διετέλεσαο
1122 2227 1244 2298 εἰκῆ
1277 2228 1370 2281 καὶ
1400 2228 1575 2300 μάτην
1599 2220 1845 2294 ἐπόνουν,

269 2313 395 2387 ἅμα
425 2317 492 2389 τῇ
522 2315 596 2389 ἐῳ
611 2317 964 2390 ἀνιστάμενος
989 2317 1082 2371 καὶ
1105 2319 1444 2391 ἐξαγορεύων
1473 2322 1531 2373 ἐν
1559 2323 1678 2385 ταῖς
1712 2323 1848 2394 πρὸς

268 2407 368 2460 τὸν
394 2407 531 2463 Θεὸν
557 2409 740 2482 εὐχαῖς
761 2410 858 2475 τὰς
882 2411 1118 2483 ἐμαυτοῦ
1141 2411 1418 2484 ἁμαρτίας
1446 2412 1849 2485 ἀποκλαόμενός

269 2517 334 2555 τε
385 2501 481 2554 καὶ
523 2502 647 2566 τοὺς
705 2506 826 2556 κατ’
876 2503 1116 2576 ἐμαυτοῦ
1171 2504 1464 2577 προφέρων
1510 2503 1764 2578 ἐλέγχους
1789 2507 1846 2559 ἐν

270 2595 394 2656 ταῖς
428 2589 564 2666 πρὸς
588 2594 678 2648 τὸν
707 2594 837 2650 Θεὸν
866 2596 1308 2669 ἐξομολογήσεσι.
1340 2596 1506 2652 Ταῦτ’
1526 2592 1594 2669 ἦν
1624 2596 1662 2652 δ.
1693 2595 1846 2652 ἐνθυ-

275 2684 568 2756 μούμενος,
591 2687 743 2759 παρά
777 2689 971 2762 μικρὸν
1005 2687 1362 2761 ἐσαλευόμην.
1402 2689 1549 2744 Ἀντὶ
1566 2689 1624 2744 δὲ
1641 2688 1846 2745 τούτων

1958 1976 2078 2018 sum
2106 1960 2372 2026 laboravi,
2397 1975 2523 2015 cum
2544 1974 2743 2015 aurora
2771 1975 2999 2030 surgens
3015 1969 3068 2014 et
3093 1959 3149 2012 in
3176 1957 3515 2013 orationibus
3550 1972 3553 1974 ·

1956 2051 2094 2109 meis
2123 2059 2346 2122 peccata
2386 2065 2504 2106 mea
2533 2050 2800 2106 confitens
2829 2035 2893 2103 ac
2929 2047 3239 2118 deplorans,
3267 2049 3429 2118 atque
3457 2046 3513 2101 in
3576 2116 3578 2118 ν

1956 2143 2396 2200 confessionibus
2417 2141 2529 2199 Deo
2557 2142 2776 2199 emissis
2823 2140 3200 2196 accusationes
3225 2139 3513 2195 adversum

1951 2249 2038 2290 me
2065 2232 2364 2305 proferens.
2393 2232 2518 2289 Haec
2545 2243 2702 2290 erant
2730 2248 2850 2306 quae
2883 2232 3010 2288 dum
3041 2233 3337 2304 c0gitarem
3377 2241 3515 2301 pene

1950 2326 2155 2382 effusus
2185 2341 2329 2381 sum.
2366 2324 2473 2381 Pro
2506 2325 2617 2381 illis
2645 2340 2774 2381 vero
2807 2323 3166 2396 Symmachus
3210 2323 3292 2378 sic
3339 2320 3511 2377 inter-

1953 2425 2195 2488 pretatus
2229 2424 2349 2473 est:
2384 2416 2658 2472 Fortassis
2692 2417 2857 2487 igitur
2873 2425 2923 2469 et
2948 2432 3041 2485 ego
3065 2415 3269 2484 frustra
3290 2411 3512 2484 purgati

1951 2509 2185 2562 animam
2216 2524 2406 2576 meam,
2427 2519 2480 2563 et
2510 2508 2614 2563 ιαυε
2642 2509 2697 2562 in
2727 2508 3024 2562 innocentia
3055 2523 3241 2561 manus
3261 2520 3426 2572 meas,
3461 2513 3513 2561 et

1950 2600 2269 2670 perseveravi
2297 2599 2512 2656 delusus
2548 2599 2769 2679 singulis
2810 2598 3016 2665 diebus,
3064 2607 3114 2655 et
3166 2597 3507 2668 reprehensus

1951 2691 2172 2763 singulis
2206 2692 2502 2748 matutinis.
2641 2678 2649 2687 ’

270 2781 302 2832 ὁ
351 2781 646 2853 Σύμμαχος
681 2783 868 2837 τοῦτον
895 2785 1205 2856 ἡρμήνευσε
1233 2783 1325 2839 τὸν
1360 2785 1559 2858 τρόπον
1583 2802 1599 2816 ⁸
1675 2785 1844 2852 Ἴσως
1881 2779 1994 2842 οὗν
2019 2786 2179 2857 κάγὼ
2194 2786 2391 2857 μάτην
2412 2787 2670 2855 ἐκάθαρα
2689 2785 3023 2857 τὴνψυχήν
3037 2804 3177 2856 μου,
3241 2784 3340 2838 καὶ
3389 2775 3510 2837 ἐνιὲ
3552 2844 3558 2851 η

272 2877 594 2945 πτόμηνέν
620 2877 1036 2948 ἀναμαρτησιᾳ
1106 2879 1214 2945 τὰς
1276 2879 1482 2949 χεῖράς
1503 2897 1643 2950 μου,
1706 2881 1805 2935 καὶ
1835 2880 2145 2938 διετέλεσα
2184 2882 2686 2954 μυκτηριζόμενος
2740 2882 2866 2936 καθ’
2921 2881 3188 2950 ἑκάστην
3229 2880 3457 2950 ἡμέραν
3480 2911 3496 2944 ,

273 2971 376 3026 καὶ
412 2973 807 3044 ἐλεγχόμενος
835 2973 961 3030 καθ’
993 2973 1254 3031 ἕκαστον
1277 2974 1512 3045 ὄρθρον.

350 3085 420 3139 ει
465 3087 699 3154 ἔλεγον.
739 3087 1106 3157 Διητήσομαι
1156 3089 1363 3155 οὓτως,
1398 3088 1526 3144 ιδοὺ
1563 3091 1640 3159 τῇ
1677 3089 1851 3160 γενεᾷ

2024 3087 2192 3145 νεκει
2226 3087 2409 3143 15-17.
2439 3085 2498 3143 Si
2523 3064 2782 3150 dicebam,
2806 3068 3066 3141 Narrabo
3092 3087 3188 3152 sic,
3219 3102 3334 3140 ecce
3356 3099 3510 3157 gene-

275 3176 401 3231 τῶν
436 3177 580 3231 υιῶν
625 3192 743 3232 σου
791 3179 1207 3247 ἠσυντέθεικα.
1239 3181 1351 3234 Καὶ
1401 3182 1707 3237 ὑπέλαϐον
1744 3183 1871 3252 τοῦ,

277 3269 501 3340 γνῶναι
537 3269 732 3335 τοῦτο,
782 3273 967 3338 κόπος
989 3271 1161 3326 ἐστὶν
1191 3271 1448 3327 ἐνώπιόν
1479 3290 1624 3344 ,κου’
1650 3270 1850 3342 ἔωςοῦ

277 3361 530 3416 εἰσέλθω
575 3363 664 3429 εἰς
699 3361 766 3415 τὸ
794 3362 1186 3432 ἀγιαστήριον
1221 3363 1327 3418 τοῦ
1356 3365 1524 3430 Θεοῦ,
1559 3366 1657 3420 καὶ
1684 3365 1852 3421 συνῶ

277 3459 370 3525 εὶς
392 3457 466 3512 τὰ
486 3458 715 3527 ἔσχατα
739 3457 956 3513 αὐτῶν.
979 3458 1062 3512 Τὰ
1089 3457 1452 3530 πφλεχθέντα
1477 3461 1534 3512 ἐν
1547 3462 1661 3522 τοῖς
1684 3461 1852 3530 ἐμαυ-

279 3548 376 3604 τοῦ
424 3542 699 3620 λογισμοῖς
745 3549 1082 3622 ἐνεθυμήθην
1121 3550 1253 3604 αὐτὸ
1293 3551 1472 3622 μόνον,
1522 3545 1728 3620 ἐφόἷς·
1757 3552 1850 3606 καὶ

280 3641 616 3698 ἐκινδύνευον
641 3639 798 3696 σάλον
826 3642 1037 3707 παθεῖν,
1071 3643 1133 3696 ού
1170 3642 1276 3715 μὴν
1305 3644 1397 3697 καὶ
1418 3636 1740 3715 ἐξηγόρευον
1771 3646 1851 3709 εἰς

281 3731 522 3804 ἐτέρους.
561 3733 625 3786 Et
645 3732 753 3804 γὰρ
775 3732 965 3805 κρίνας
996 3732 1137 3789 οὕτω
1167 3736 1383 3807 φρονεῖν
1413 3733 1510 3807 τὴν
1541 3734 1698 3790 ἄθεον
1717 3733 1847 3787 ταύ-

280 3846 382 3900 την
432 3827 773 3882 διδασκαλίαν
809 3827 1109 3900 προέφερον
1134 3829 1215 3892 είς
1241 3828 1491 3901 ἐτέρους-ο
1528 3826 1850 3899 παραϐάτης

285 3919 354 3974 ἂν
383 3912 642 3990 ἐγενόμην
666 3919 772 3973 τῶν
798 3915 1038 3975 εὐσεϐῶν
1066 3919 1370 3992 δογμάτων,
1405 3920 1497 3974 καὶ
1527 3921 1625 3984 τὰς
1651 3919 1848 3993 συνθή-

286 4029 388 4076 κας
420 4011 486 4065 ἂν
518 4010 788 4084 παρῆλθον
817 4014 917 4083 τῆς
934 4013 1127 4081 γενεᾶς
1151 4011 1260 4067 τῶν
1282 4012 1390 4067 σῶν
1417 4012 1640 4066 τέκνων.
1675 4012 1851 4066 Τέκνα

284 4101 393 4174 γάρ
427 4119 522 4155 σου
577 4103 670 4156 τοῦ
701 4103 836 4156 Θεοῦ
889 4102 1087 4167 πάντες
1135 4104 1421 4174 γεγόνασιν
1467 4106 1517 4156 οἱ
1565 4103 1708 4172 ἅγιοι
1757 4105 1850 4159 καὶ

285 4193 550 4263 θεοφιλεῖς
573 4193 783 4266 ἄνδρες.
816 4194 980 4249 Γενεὰ
1000 4194 1057 4248 δὲ
1080 4193 1258 4250 αὐτῶν
1283 4197 1316 4266 ἠ
1343 4193 1405 4260 ἐξ
1430 4194 1608 4249 αὐτῶν
1635 4194 1848 4266 διαδοχὴ

285 4285 394 4339 τῶν
411 4285 604 4352 ἁγίων,
651 4279 726 4338 ὧν
761 4284 830 4337 τά
865 4284 1162 4356 μαθήματα
1199 4283 1292 4338 καὶ
1312 4283 1382 4338 τὰ
1412 4284 1658 4355 δόγματα
1682 4301 1850 4354 παρε-

288 4374 500 4446 χάραξα
550 4374 638 4438 ἂν,
687 4377 736 4429 εἰ
776 4375 1077 4448 προέφερον
1117 4377 1196 4440 εἰς
1235 4375 1454 4447 ἐτέρους
1496 4376 1620 4439 τοὺς
1654 4374 1848 4447 προλε-

287 4467 514 4538 χθέντας
549 4466 782 4539 ἐμαυτοῦ
815 4467 1125 4539 λογισμούς.
1174 4466 1333 4522 Ἀλλά
1362 4468 1455 4522 καὶ
1495 4468 1545 4520 εί
1593 4470 1850 4540 παρεῖχον

289 4560 526 4632 ἐμαυτὸν
553 4560 646 4613 τοῦ
676 4559 878 4630 γνῶναι
902 4559 999 4624 τὰς
1031 4557 1228 4624 αἰτίας,
1257 4558 1326 4612 δι’
1359 4559 1427 4623 ἀς
1454 4561 1503 4612 οἱ
1538 4558 1851 4632 ἁμαρτωλοὶ

289 4651 515 4723 εὔθυμοι
537 4651 835 4706 διατελοῦσι
865 4651 959 4705 καὶ
989 4653 1068 4715 είς
1086 4647 1178 4705 τὸν
1194 4650 1367 4704 αἰῶνα
1397 4650 1662 4722 κατέσχον
1690 4651 1851 4704 πλού-

286 4761 407 4808 του,
431 4743 482 4797 οἱ
504 4743 562 4796 δὲ
589 4744 784 4797 δίκαιοι
825 4742 1235 4797 ταπεινοῦνταιο
1291 4741 1411 4795 οὐδὲ
1448 4740 1590 4805 οὕτω
1619 4742 1849 4797 κατέλα-

288 4833 384 4887 ϐον
405 4834 472 4887 ἂν
504 4834 601 4899 τὰς
633 4836 975 4907 ἀπορρήτους
1003 4833 1130 4906 περὶ
1161 4833 1366 4888 τούτων
1391 4833 1619 4905 κρίσεις,
1652 4833 1852 4898 κόπους

286 4927 346 4980 δὲ
394 4925 586 4997 μόνους
636 4926 855 4998 ἐμαυτῷ
887 4927 1139 4999 συνῆγον,
1165 4928 1245 4991 εἰς
1282 4925 1517 4996 ἀπορίαν
1565 4926 1851 4997 ἐμπίπτων

290 5021 389 5072 καὶ
419 5021 499 5084 εἰς
519 5018 694 5092 ψυχῆς
725 5020 988 5090 κάματον.
1012 5019 1104 5073 Διό
1131 5035 1264 5090 φησι
1283 5034 1297 5048 ο
1331 5016 1442 5072 Καὶ
1473 5019 1527 5071 ει
1548 5017 1853 5073 ὑπέλαϐον

287 5108 397 5174 τοῦ
439 5107 652 5178 γνῶναι
697 5109 892 5174 τοῦτο,
933 5109 1120 5175 κόπος
1153 5107 1324 5162 ἐστὶν
1349 5107 1605 5163 ἐνώπιόν
1629 5125 1750 5178 μου
1768 5127 1780 5139 ’
1815 5111 1850 5181 ἢ

287 5198 433 5254 κατά
461 5199 551 5253 τὸν
585 5199 896 5271 Σύμμαχον,
925 5199 1035 5256 Καὶ
1063 5202 1116 5254 εὶ
1155 5198 1500 5269 ἐλογιζόμην
1538 5197 1854 5270 ἐπιγνῶναι

285 5294 468 5348 τοῦτο
488 5333 503 5356 ,
530 5294 754 5363 μόχθος
776 5295 1053 5363 ἐφαίνετό
1084 5310 1204 5364 μοι.
1248 5291 1444 5363 Διόπερ
1480 5290 1620 5364 δρῶν
1652 5293 1855 5348 ἀκατάει

287 5384 496 5457 ληπτον
529 5382 692 5440 οὖσαν
727 5386 1032 5458 ἀνθρώποις
1055 5386 1152 5457 τὴν
1183 5383 1386 5439 τούτων
1407 5381 1626 5450 γνῶσιν,
1644 5385 1856 5438 εύσεσεῖ

288 5475 572 5547 χρώμενος
598 5476 857 5548 λογισμῷ,
888 5476 1204 5547 διενοούμην
1248 5475 1377 5548 παρ’
1414 5473 1633 5544 ἐμαυτῷ
1672 5479 1854 5548 κρεῖτ-

289 5583 383 5623 τον
421 5565 560 5622 εἶναι
595 5569 806 5641 ἐπέχειν
837 5571 928 5624 καὶ
961 5567 1268 5638 ἐκδέχεσθαι
1302 5568 1405 5643 τδνι
1437 5567 1734 5640 ἐπιτήδειον
1758 5568 1855 5638 τῆς

371 5723 384 5751 ⁹
423 5721 557 5777 Gen.
598 5735 723 5785 xxv,
749 5720 800 5774 8.

576 5813 843 5875 Panos.
890 5813 1004 5874 Gtt.
1046 5809 1280 5874 XXHL

1953 3182 2215 3236 rationem
2246 3180 2481 3249 filiorum
2510 3190 2723 3234 tuorum
2755 3178 3049 3248 reprobavi.
3086 3175 3156 3232 Et
3202 3178 3513 3247 suspicabar
3556 3194 3559 3197 ·

1954 3288 2035 3326 me
2066 3261 2373 3340 cognoscere
2403 3269 2521 3333 hoc,
2553 3270 2705 3324 labor
2731 3279 2808 3324 est
2840 3273 2961 3323 ante
2994 3285 3104 3333 me;
3140 3254 3512 3323 donecintrcni

1953 3364 2007 3417 in
2051 3363 2420 3418 sanctuarium
2447 3360 2566 3427 Dei,
2599 3371 2649 3416 et
2692 3361 2986 3431 intelligam
3015 3362 3068 3414 in
3094 3360 3391 3414 novissimis
3423 3376 3513 3414 eod

1953 3470 2091 3508 rum.
2121 3452 2385 3508 Praedicta
2411 3454 2466 3508 in
2489 3451 2909 3525 cogitationibus
2935 3461 3140 3508 tantum
3168 3455 3304 3510 meis
3325 3468 3515 3510 versae

1952 3545 2099 3610 bam,
2133 3544 2278 3616 quod
2306 3543 2610 3615 periculum
2636 3551 2781 3600 esset
2802 3560 2870 3600 ne
2890 3559 3299 3611 commoverer;
3335 3559 3513 3615 neque

1951 3642 2135 3692 tamen
2176 3636 2297 3692 aliis
2337 3634 2847 3693 enarrabamrNam
2881 3636 2928 3691 si
2966 3636 3071 3690 bac
3113 3635 3348 3690 admissa
3392 3637 3512 3707 opi-

1952 3729 2136 3796 nione,
2176 3728 2397 3800 impiam
2416 3727 2730 3798 bujusmodi
2759 3726 3064 3783 doctrinam
3091 3729 3213 3784 aliis
3240 3729 3512 3798 protulis-

1952 3836 2090 3884 sem,
2148 3827 2422 3878 temeratae
2444 3819 2548 3892 piae
2589 3819 2854 3877 doctrina:
2895 3833 3024 3876 reus
3056 3819 3280 3876 eliectus
3309 3835 3510 3884 essem,

1952 3922 2116 3986 atque
2147 3919 2304 3986 pacta
2352 3913 2722 3986 generationis
2755 3914 2990 3968 ﬁliorum
3047 3922 3266 3969 tuorum
3309 3913 3512 3970 violas-s

1951 4023 2088 4064 sem.
2121 4007 2324 4062 Omnes
2354 4006 2555 4078 quippe
2580 4007 2757 4062 sancti
2777 4021 2841 4062 ac
2865 4005 3240 4084 Deiamantes
3259 4005 3385 4071 viri,
3409 4005 3509 4067 tui,

1952 4097 2118 4165 Deus,
2143 4097 2236 4153 lilii
2262 4105 2410 4154 sunt.
2435 4097 2730 4154 Generatio
2759 4106 2938 4153 autem
2977 4112 3191 4164 eorum,
3232 4097 3513 4154 successio

1952 4199 2268 4245 sanctorum
2320 4197 2428 4256 est,
2479 4203 2714 4260 quorum
2766 4187 3085 4258 disciplinas
3144 4197 3197 4240 et
3260 4187 3522 4256 dogmata,

1952 4284 2369 4349 adulterassem,
2421 4282 2469 4338 si
2506 4282 2795 4352 prmdictas
2823 4269 3183 4352 cogitationes
3215 4293 3364 4332 meas
3389 4277 3511 4331 aliis

1953 4373 2324 4445 protulissem.
2368 4371 2477 4428 Sed
2531 4373 2800 4450 si_animo
2826 4370 3146 4426 institissem
3195 4367 3263 4424 ad
3311 4383 3514 4438 cogan

1953 4465 2214 4521 scendum
2245 4481 2367 4536 quae
2397 4479 2562 4520 causa
2605 4453 2677 4521 Sit
2728 4479 2828 4518 cur
2883 4470 3202 4532 peccatores
3253 4475 3512 4530 prospere
3562 4457 3567 4498 ἶ
3627 4464 3630 4468 ’

1953 4565 2137 4629 agant,
2169 4545 2299 4612 etin
2330 4557 2589 4611 sacculum
2619 4555 2839 4611 divitias
2871 4552 3175 4616 obtineant,
3201 4551 3336 4621 justi
3367 4566 3499 4606 vero

1952 4650 2340 4716 bumilientur;
2384 4663 2560 4719 neque
2595 4648 2668 4702 ita
2702 4660 2903 4700 arcana
2937 4643 3040 4698 hac
3083 4642 3153 4698 de
3203 4657 3264 4724 re
3302 4640 3510 4712 judicia

1953 4743 2362 4814 comperissem,
2397 4742 2492 4798 sed
2525 4740 2764 4796 laborem
2811 4738 3076 4794 duntaxat
3125 4735 3255 4789 mihi
3298 4735 3507 4790 intulis-

1955 4848 2068 4889 scm
2100 4851 2114 4889 :
2149 4835 2205 4888 in
2238 4833 2634 4890 dubitationem
2662 4831 2837 4888 solum
2869 4829 3146 4899 animique
3173 4825 3514 4896 defatigatio-

1953 4942 2075 4981 nem
2105 4927 2378 4999 dclapsus.
2413 4925 2774 4992 Quamobrem
2810 4924 2887 4978 ait
2944 4942 2957 4976 τ
3011 4920 3075 4975 Et
3122 4920 3168 4974 si
3204 4917 3513 4988 suspicabar

1955 5036 2034 5074 me
2056 5027 2360 5091 cognoscere
2392 5019 2506 5084 hoc,
2544 5016 2692 5071 labor
2728 5025 2805 5070 est
2858 5025 2978 5068 ante
3023 5029 3122 5068 me.
3159 5009 3286 5066 Sive
3317 5025 3511 5066 secun-

1953 5112 2083 5168 dum
2131 5110 2537 5182 Symmachum,
2583 5107 2643 5164 Si
2671 5095 2922 5178 putabam
2951 5121 3031 5159 me
3056 5118 3361 5174 cognoscere
3393 5100 3507 5159 hoc,
3567 5134 3570 5136 η

1957 5203 2106 5259 labor
2140 5188 2408 5257 videbatur
2439 5202 2589 5256 mihi.
2613 5200 2978 5268 Quamobrem
3015 5196 3205 5252 videns
3249 5208 3360 5249 rem
3390 5205 3509 5246 esse

1955 5295 2272 5351 hominibus
2321 5293 2945 5364 incomprehensibilem,
2996 5289 3088 5360 pio
3132 5287 3268 5341 osus
3295 5279 3513 5338 ratioci:

1957 5387 2070 5450 nio,
2109 5400 2319 5441 mecum
2353 5386 2670 5456 reputabam
2701 5385 2875 5442 Satius
2901 5396 3024 5438 esse
3049 5386 3110 5435 ut
3143 5392 3230 5432 me
3261 5371 3508 5429 contines

1956 5491 2093 5544 rem,
2118 5487 2280 5548 atque
2306 5486 2668 5549 opportunum
2702 5477 2830 5532 buic
2860 5469 3155 5546 cognitioni
3179 5474 3388 5533 tempus
3415 5475 3511 5517 es:
3567 5477 3570 5481 ’

1959 5582 2278 5643 spectarem.
2313 5567 2446 5628 lllud
2475 5581 2654 5627 autem
2690 5579 2826 5633 erat,
2883 5567 3055 5621 Donec
3090 5562 3276 5614 intrem
3305 5557 3358 5609 in
3383 5565 3516 5609 sua

3133 5788 3212 5856 1‘1
