4008 6210
499 225 620 285 σεᾶῧ

1223 229 1491 287 EUSEBII
1527 230 2008 290 CESARIENSIS
2046 233 2195 294 OPP.
2235 233 2420 290 PARS
2458 234 2542 292 Ill.
2583 266 2652 276 —
2685 233 3091 292 EXEGETICA.

511 350 773 404 ctuarium
805 349 921 413 Dei,
973 361 1020 405 et
1070 352 1363 422 intelligam
1415 355 1471 407 in
1521 355 1819 408 novissimis
1854 372 2050 421 eorum

2171 360 2372 412 τούτων
2407 359 2658 427 γνώσεως
2677 360 2886 431 καιρόν.
2912 352 3078 422 Οὗτος
3099 358 3154 411 δὲ
3184 352 3271 428 ἦν,
3309 358 3462 425 ’Έως
3494 360 3754 418 εισέλθω

510 441 627 496 sive
654 442 951 498 secundum
984 441 1391 512 Symmachum,
1439 444 1615 499 Donec
1653 447 1841 500 intrem
1874 450 1926 500 in
1958 465 2074 502 san-

510 534 718 588 ctuaria
745 533 864 599 Dei,
895 534 1185 605 intelligam
1211 537 1498 591 novissima
1543 554 1746 594 eorum.
1798 540 1933 595 Cum
1969 541 2074 598 hoc

2177 447 2264 510 εὶς
2285 445 2672 514 ἀγιαστήριον
2689 447 2794 500 τοῦ
2822 446 2989 509 Θεοῦ,
3008 447 3103 499 καὶ
3127 447 3294 500 συνῶ
3320 450 3407 513 εις
3433 449 3752 520 τὰὲσχατα

2176 537 2401 591 αὐτῶν·
2437 537 2469 608 ἢ
2519 538 2660 592 κατὰ
2711 537 2801 592 τὸν
2840 539 3153 610 Σύμμαχον,
3185 540 3338 605 Ἕως
3379 541 3630 596 εἰσέλθω
3660 548 3752 611 εις

506 623 639 678 mihi
693 625 1037 681 commodum
1073 627 1329 698 effugium
1382 627 1450 682 ad
1484 631 1801 699 quaestionis
1847 632 2050 688 solutio

2176 627 2247 680 τὰ
2295 624 2627 696 ἀγιάσματα
2670 625 2777 680 τοῦ
2827 627 2996 692 Θεοῦ,
3023 627 3360 683 συνετισθῶ
3397 629 3468 684 τὰ
3514 630 3750 698 ἔσχατα

503 730 628 772 nem
665 716 1013 787 reperissem,
1055 717 1307 772 videlicet
1349 733 1473 772 eum
1529 721 1597 774 ad
1647 723 1772 777 vita:
1827 725 2072 779 mortalis

502 810 708 863 exitum
760 814 814 864 et
872 809 1178 880 ingressum
1216 810 1267 863 in
1308 813 1702 881 promissiones
1749 814 1845 871 Dei
1883 816 2072 870 remit-

500 900 691 965 tendo,
717 898 844 956 hinc
870 901 1210 957 curationem
1238 917 1302 958 ac
1322 906 1753 963 consolationem
1787 915 2070 965 mutuatus

498 1005 624 1046 sum
656 1009 670 1045 :
707 1007 912 1063 gnarus
950 1007 1037 1048 me
1083 1008 1208 1047 cum
1257 993 1396 1050 istuc
1427 995 1718 1064 devenero,
1749 998 2069 1068 quastionis

497 1081 767 1137 rationem
799 1084 1226 1152 intellecturum,
1251 1096 1413 1156 alque
1448 1087 1737 1157 impiorum
1768 1089 2067 1145 novissima

497 1177 845 1248 cogniturum
873 1193 1014 1233 esse.
1039 1176 1158 1233 Non
1176 1179 1430 1234 convenit
1458 1181 1602 1234 enim
1630 1192 1951 1250 praesentem
1976 1196 2067 1235 so-

499 1266 611 1322 lum
641 1270 807 1324 vitam
842 1279 895 1325 et
927 1269 1259 1340 voluptatem
1289 1269 1599 1342 respicere;
1641 1273 1734 1328 sed
1763 1271 2064 1327 novissima

497 1374 687 1417 eorum
719 1363 1118 1418 consideranda
1152 1371 1300 1418 sunt.

570 1545 732 1600 Vsus.
796 1542 984 1601 18-20.
1032 1545 1398 1600 Verumtamen
1439 1556 1646 1615 propter
1686 1546 1835 1601 dolos
1881 1563 2062 1603 eorum

493 1636 718 1706 posuisti
768 1636 845 1689 eis
887 1635 1072 1696 mala;
1124 1635 1360 1705 dejecisti
1411 1653 1496 1690 eos
1532 1636 1657 1690 dum
1687 1637 2056 1696 allevarentur.

2174 716 2390 772 αὐτῶν.
2426 717 2640 789 Ταύτην
2676 717 2732 771 δὲ
2759 718 2930 790 καλὴν
2962 717 3183 790 ἐμαυτῷ
3219 719 3537 790 καταφυγὴν
3570 721 3750 793 εὑρὼν

2171 807 2272 878 τῆς
2290 808 2396 862 τῶν
2417 809 2802 880 ἀπορουμένων
2834 809 3058 874 λύσεως,
3084 810 3182 882 τὴν
3205 810 3519 883 ἀπαλλαγὴν
3544 813 3747 886 δηλαδὴ

2169 898 2263 951 τοῦ
2291 898 2484 969 θνητοῦ
2515 899 2650 969 βίου,
2681 899 2777 952 καὶ
2796 900 2892 971 τὴν
2919 900 3120 954 εῐσοδον
3149 900 3248 971 τὴν
3269 901 3360 954 ὲπὶ
3382 901 3479 965 τὰς
3504 904 3743 972 ἐπαγγε-

2169 989 2286 1056 λίας
2318 992 2410 1044 τοῦ
2441 991 2600 1054 Θεοῦ,
2627 991 2919 1063 θεραπείας
2937 991 3230 1063 ἐτύγχανον
3253 995 3347 1047 καὶ⁸
3371 994 3745 1064 παραμυθίαςο

2169 1077 2227 1136 εὖ
2253 1082 2426 1148 εἰδὼς,
2468 1083 2544 1147 ὡς
2585 1084 2760 1136 ἐκεῖσε
2791 1083 3096 1154 γενόμενος,
3147 1083 3574 1156 συναισθήσομαι
3618 1086 3748 1150 τοὺς

2167 1175 2356 1244 λόγους
2401 1175 2508 1229 τῶν
2546 1176 2927 1247 ἐζητημένων,
2972 1174 3250 1248 γνώσομαι
3299 1194 3359 1230 τε
3411 1177 3480 1231 τὰ
3539 1178 3748 1248 ἔσχατα

2165 1262 2272 1317 τῶν
2325 1264 2558 1318 ἀσεϐῶν.
2612 1267 2705 1338 Μὴ
2755 1267 2862 1338 γὰρ
2916 1267 3184 1338 προσήκει
3240 1270 3319 1332 εἰς
3359 1268 3451 1321 τὸν
3494 1268 3746 1340 παρόντα.

2167 1355 2324 1425 μόνον
2369 1357 2694 1412 ἀποϐλέπειν
2744 1358 2859 1429 βίον
2911 1359 3004 1413 καὶ
3063 1362 3143 1424 εἰς
3189 1361 3286 1430 τὴν
3319 1361 3595 1430 παροῦσαν
3638 1361 3743 1414 αύ-

2163 1443 2270 1498 τῶν
2298 1446 2529 1518 τρυφὴν,
2554 1446 2691 1501 ἀλλὰ
2721 1448 2816 1500 καὶ
2848 1448 2927 1510 εἰς
2955 1447 3026 1501 τὰ
3063 1447 3266 1520 ἔσχατα
3301 1448 3482 1502 αὐτῶν
3505 1451 3730 1522 ἀφορᾷν.

2231 1537 2406 1606 Πλὴν
2455 1538 2553 1594 διὰ
2611 1539 2718 1606 τὰς
2754 1539 3106 1609 δολιότητας
3137 1541 3336 1595 αὐτῶν
3364 1543 3504 1597 ἔθου
3531 1545 3735 1612 αὐτοῖς

2161 1627 2342 1681 κακά’
2397 1629 2718 1696 κατέϐαλες
2747 1631 2968 1697 αὐτοὺς
3001 1633 3071 1685 ἐν
3105 1631 3186 1698 τῷ
3212 1632 3558 1701 ἐπαρθῆναι.
3599 1635 3737 1702 Πῶς

3640 240 3836 314 8ίὸ,

495 1725 769 1794 Quomodo
817 1727 948 1794 facti
998 1736 1121 1781 sunt
1153 1727 1205 1780 in
1252 1727 1626 1783 desolationem
1660 1730 1881 1786 subito?
1917 1731 2050 1800 defe-

2158 1717 2435 1788 ἐγένοντο
2482 1723 2568 1787 εἰς
2593 1721 2894 1790 ἐρήμωσιν
2927 1723 3212 1788 ἐξάπινα;
3240 1723 3544 1789 ἐξέλιπον,
3574 1726 3738 1779 ἀπώ-

493 1826 698 1883 cerunt,
743 1817 1011 1886 perierunt
1060 1825 1272 1886 propter
1321 1819 1854 1875 inconsiderationem
1907 1839 2050 1876 suam

2160 1813 2342 1864 λοντο
2391 1811 2489 1864 διὰ
2533 1812 2649 1879 τὴν
2678 1813 2972 1866 ἀϐουλίαν
3007 1812 3207 1867 αὐτῶν
3257 1813 3400 1868 ὡσεὶ
3444 1815 3739 1871 ἐνύπνιον

491 1909 630 1963 velut
662 1910 923 1964 somnium
949 1910 1294 1979 surgentium.
1323 1909 1523 1966 Tribus
1554 1910 1809 1968 admissis
1841 1913 1897 1968 in
1919 1929 2050 1984 quae.

2161 1900 2632 1971 ἑξεγειρομένων.
2664 1902 2824 1973 Τρισὶ
2856 1903 3135 1972 λογισμοῖς
3177 1903 3447 1956 ἐπιϐαλὼν
3470 1905 3736 1974 περὶτῶν

489 2003 724 2059 stionem
770 2002 1077 2060 ratiociniis
1100 2044 1115 2070 ,
1149 2003 1296 2059 aliud
1329 2005 1553 2076 impium
1581 2014 1635 2062 et
1664 2008 1884 2062 athequ
1937 2023 2050 2064 esse

2158 1996 2528 2068 ὲζητημένων,
2557 1996 2647 2050 τὸν
2683 1997 2781 2068 μὲν
2806 1995 2992 2069 ἐώρων
3021 1997 3193 2067 ἀσεϐῆ
3223 1998 3316 2050 καὶ
3341 1998 3495 2051 ἄθεον
3519 1999 3610 2053 τὸν
3646 2000 3736 2054 λέ-

488 2094 752 2164 comperi,
803 2109 995 2164 nempe
1051 2095 1206 2162 illud,
1260 2095 1402 2166 Ergo
1438 2098 1552 2151 sine
1579 2113 1743 2152 causa
1763 2098 2050 2169 justiﬁeavi

2157 2105 2320 2158 γοντα
2338 2105 2351 2119 ·
2391 2089 2531 2158 Ἄρα
2557 2090 2819 2158 ματαίως
2839 2089 3157 2143 ἐδικαίωσα
3181 2089 3296 2157 τὴν
3321 2090 3574 2160 καρδίαν
3588 2110 3732 2162 μουο

489 2201 582 2240 cor
610 2200 815 2250 meum;
845 2184 993 2240 aliud
1022 2200 1172 2252 vero,
1207 2201 1401 2256 nempe
1437 2188 1504 2242 de
1537 2187 1883 2259 intelligenda
1913 2205 2060 2260 qua:-

489 2279 689 2344 stione,
721 2278 939 2349 plenum
982 2277 1165 2331 labore
1193 2286 1247 2333 et
1277 2277 1669 2349 defatigatione
1699 2279 2054 2350 deprehendi,

487 2370 560 2427 ob
606 2369 1031 2441 profunditatem
1064 2371 1278 2424 scilicet
1310 2370 1628 2426 divitiarum
1661 2372 1902 2428 scientiae
1937 2373 2052 2439 Dei,

484 2471 540 2518 et
561 2461 706 2534 quod
726 2461 1300 2532 incomprehensibilia
1320 2463 1430 2517 sint
1447 2463 1651 2534 judicia
1672 2464 1814 2529 ejus,
1831 2476 1883 2521 et
1907 2467 2057 2523 inve-

485 2555 895 2634 stigabileslviaa
926 2556 1082 2626 ejus;
1115 2557 1168 2612 in
1191 2557 1350 2611 tertio
1381 2565 1562 2613 autem
1595 2559 1837 2626 substiti,
1872 2575 1936 2614 ac
1967 2561 2057 2616 de-

484 2651 633 2707 crevi
660 2637 892 2721 gradum
925 2650 1122 2706 sistere
1143 2657 1308 2720 atque
1338 2657 1676 2720 exspectare,
1701 2653 2055 2722 omniumque

482 2738 643 2795 finem
673 2737 1044 2794 considerare.
1073 2738 1209 2792 Cum
1243 2737 1372 2794 huic
1397 2740 1714 2810 cogitationi
1749 2743 2055 2812 acquievis-

481 2845 620 2894 sem,
655 2838 842 2900 utpote
865 2845 986 2899 quae
1013 2831 1100 2900 pia
1139 2845 1375 2900 veraque
1397 2831 1490 2895 sit,
1518 2846 1584 2886 ex
1607 2831 1712 2886 ﬁde
1736 2832 2049 2902 bujusmodi

481 2923 771 2978 utilitatem
797 2923 1002 2992 accepi.
1036 2919 1170 2975 Nam
1207 2919 1411 2990 Spiritu
1446 2931 1640 2977 sancto
1671 2924 1884 2981 amatus
1923 2927 2049 2980 novi

480 3012 756 3085 quomodo
780 3021 1000 3083 propter
1028 3012 1184 3069 dolos
1216 3027 1404 3067 eorum
1455 3029 1563 3069 non
1597 3015 1690 3069 diu
1732 3025 1919 3086 postea
1953 3017 2048 3072 de-

476 3106 726 3176 iecturus
754 3105 825 3161 sit
857 3121 952 3160 eos
984 3104 1145 3168 Deus,
1199 3112 1487 3175 postquam
1523 3106 1650 3162 elati
1689 3108 1743 3162 in
1790 3108 2048 3165 sublime-

479 3215 588 3271 que
612 3200 785 3255 evecti
827 3199 1059 3254 fuerant.
1095 3196 1209 3252 Sub
1238 3198 1350 3252 haec
1385 3207 1565 3253 autem
1593 3199 1952 3266 illuminatus,
1983 3217 2047 3258 ac

477 3291 796 3364 prephetica
829 3291 1028 3347 virtute
1049 3291 1262 3344 ruinam
1294 3291 1442 3361 ipsos
1474 3291 1528 3344 in
1558 3290 1662 3347 fine
1693 3302 2046 3364 excepturam

476 3386 844 3457 prospiciens,
879 3385 1004 3454 jure
1033 3384 1155 3438 dico
1182 3405 1194 3439 :
1230 3383 1503 3449 Quomodo
1544 3385 1676 3454 facti
1705 3397 1827 3440 sunt
1857 3387 1912 3440 in
1955 3385 2048 3442 de-

477 3477 793 3532 solationem
825 3477 1044 3533 subito?
1073 3477 1394 3548 defecerunt,
1421 3481 1688 3548 perierunt
1724 3490 1934 3548 propter
1971 3481 2048 3534 in-

476 3570 948 3626 eonsiderationem
991 3588 1164 3634 suam,
1225 3573 1353 3626 facti
1388 3579 1516 3629 sunt
1563 3573 1692 3628 item
1735 3573 1874 3626 velut
1905 3589 2048 3628 som-

477 3663 628 3718 nium
657 3663 952 3735 surgentis.
990 3663 1124 3716 Dum
1156 3666 1280 3734 quis
1303 3667 1450 3722 enim
1479 3666 1535 3720 in
1562 3667 1773 3721 somnis
1796 3666 2043 3736 quaadam

473 3743 824 3823 imaginatur,
882 3752 1080 3808 somnii
1115 3753 1402 3822 phantasia
1435 3755 1718 3824 deceptus,
1777 3771 1836 3812 se
1890 3761 2046 3826 putat

475 3844 683 3914 aliquid
707 3860 903 3916 agere;
936 3856 1292 3916 experrectus
1323 3863 1456 3904 vero
1484 3864 1609 3904 cum
1635 3858 1738 3912 est,
1783 3864 2047 3906 excusso-

475 3951 584 4009 que
611 3952 825 4002 somno,
862 3947 1168 3994 commenta
1223 3941 1406 3996 omnia
1456 3942 1777 3998 abscedunt.
1813 3939 1906 3996 Sic
1941 3943 2045 3995 ini-

475 4029 691 4101 piorum
722 4030 778 4084 in
807 4030 908 4084 hac
940 4032 1048 4085 vita
1083 4033 1456 4088 commentitia
1501 4033 1755 4098 felicitas,
1813 4032 2039 4098 divitiae,

475 4121 754 4193 superbia,
791 4123 952 4177 tinem
987 4124 1289 4179 sortientur
1340 4125 1574 4181 similem
1618 4126 2041 4193 somniantibus,

464 4216 566 4285 qui
606 4222 794 4286 postea
829 4217 1156 4286 experrecti,
1180 4217 1388 4272 nullam
1425 4235 1537 4274 rem
1569 4235 1759 4275 earum
1790 4235 1928 4291 quas
1959 4222 2042 4276 vi-

472 4306 604 4361 dere
645 4320 706 4361 se
735 4321 798 4362 ac
825 4313 1013 4364 tenere
1042 4310 1431 4380 opinabantur,
1486 4326 1598 4380 prae
1633 4313 1883 4370 manibus
1913 4317 2043 4368 reti-

2155 2181 2245 2235 τὸν
2273 2181 2330 2234 δὲ
2362 2182 2462 2253 τῆς
2493 2181 2696 2237 τούτων
2717 2183 3090 2256 καταλήψεως,
3110 2183 3537 2255 πεπληρωμένον
3563 2187 3736 2240 κόπου

2155 2273 2248 2326 καὶ
2272 2274 2435 2327 πόνου
2469 2273 2556 2328 διὰ
2587 2276 2653 2328 τὰ
2684 2273 2822 2346 βάθη
2846 2275 2940 2328 τοῦ
2966 2274 3197 2329 πλούτου
3223 2276 3322 2345 τῆς
3351 2275 3604 2344 γνώσεως
3634 2277 3730 2332 τοῦ

2153 2365 2312 2430 Θεοῦ,
2344 2366 2437 2421 καὶ
2461 2367 2550 2421 διὰ
2587 2367 2646 2422 τὸ
2671 2366 3066 2439 ἀνεξερεύνητα
3094 2365 3231 2422 εἶναι
3269 2368 3338 2421 τὰ
3368 2369 3608 2442 κρίματα
3635 2372 3735 2424 αύ-

2152 2456 2266 2522 τοῦ,
2321 2459 2414 2512 καὶ
2469 2458 2904 2530 ἀνεξιχνιάστους
2938 2458 3038 2523 τὰς
3085 2461 3238 2524 ὀδοὺς
3279 2461 3476 2514 αὐτοῦ·
3514 2463 3604 2515 ἐπὶ
3639 2463 3734 2518 τὸν

2150 2550 2330 2626 τριτον
2352 2547 2445 2605 οὖν
2463 2551 2624 2622 ἔστην
2643 2551 2832 2623 κρίνας
2857 2551 3076 2622 ἐπέχειν
3107 2553 3206 2624 μὲν
3235 2553 3392 2617 τέως,
3416 2554 3732 2626 περιμένειν

2149 2644 2206 2698 δὲ
2233 2645 2325 2698 καὶ
2359 2644 2567 2715 ἀφορᾷν
2599 2646 2679 2708 εἰς
2712 2644 2773 2697 τὸ
2803 2644 3021 2698 πάντων
3059 2645 3230 2708 τέλος.
3269 2645 3454 2717 Τούτῳ
3486 2645 3531 2698 δ’
3564 2648 3732 2717 ἐμπι-

2152 2735 2382 2801 στεύσας
2418 2735 2652 2807 ἐμαυτὸν
2693 2735 2773 2807 τῷ
2810 2735 3051 2809 λογισμῷ
3081 2739 3295 2792 εὐσεϐεῖ
3332 2739 3446 2793 ὄντι
3473 2740 3568 2793 καὶ
3593 2741 3727 2811 ἀλη-

2151 2827 2254 2892 θεῖ,
2288 2828 2346 2894 ἐξ
2372 2829 2541 2900 αὐτῆς
2568 2827 2794 2900 ὠνάμην
2835 2829 2936 2899 τῆς
2986 2830 3239 2894 πίστεως.
3276 2833 3485 2902 Ἔγνων
3517 2833 3625 2906 γὰρ
3669 2835 3736 2902 ἐξ

2151 2922 2420 2994 ὑποϐολῆς
2460 2922 2554 2976 τοῦ
2610 2921 2950 2992 προφητικοῦ
3006 2919 3341 2994 Πνεύματος,
3384 2924 3460 2988 ὡς
3489 2925 3577 2979 διὰ
3625 2927 3735 2990 τὰς

2147 3014 2456 3086 δολιότητας
2485 3014 2662 3069 αὐτῶν
2686 3014 2984 3069 καταϐαλεῖ
3004 3017 3202 3080 αὐτοὺς
3228 3017 3328 3070 οὐκ
3355 3018 3438 3079 εἰς
3465 3018 3671 3089 μακρὸν
3698 3021 3735 3072 ὁ

2149 3106 2301 3173 Θεὸς,
2333 3106 2471 3178 μετὰ
2503 3106 2562 3160 τ’)
2598 3106 2901 3178 ἐπαρθῆναι
2932 3108 3025 3161 καὶ
3057 3107 3356 3180 ὑψωθῆναι.
3385 3103 3518 3162 Εἶτα
3554 3127 3725 3178 φωτι-

2151 3199 2316 3262 σθεὶς,
2347 3198 2441 3252 καὶ
2465 3198 2561 3270 τὴν
2592 3198 2796 3252 πτῶσιν
2835 3199 3016 3254 αὐτῶν
3043 3199 3141 3270 τὴν
3178 3201 3271 3253 ἐπὶ
3310 3201 3454 3254 τέλει
3486 3202 3730 3275 καταληε-

2147 3290 2388 3362 ψομένην
2416 3291 2611 3356 αὐτοὺς
2639 3294 2949 3364 προφητικῇ
2983 3292 3209 3365 δυνάμει
3239 3293 3484 3359 συνιδὼν,
3502 3295 3732 3362 εἰκότως

2149 3383 2316 3454 φημί·
2346 3381 2479 3449 Πῶς
2502 3382 2780 3452 ἐγένοντο
2817 3387 2905 3450 εὶς
2949 3384 3250 3454 ἐρήμωσιν
3275 3384 3564 3451 salsura;
3599 3387 3734 3451 ἐξε-

2146 3479 2346 3538 λιπον,
2378 3474 2692 3529 ἀπώλοντο
2723 3475 2823 3531 διὰ
2845 3475 2959 3546 τὴν
2990 3478 3283 3532 ἀϐουλίαν
3307 3477 3526 3544 αὐτῶν,
3563 3479 3731 3548 γεγό-

2146 3567 2268 3621 νασί
2294 3584 2353 3620 τε
2373 3568 2515 3621 ὡσεὶ
2538 3568 2828 3622 ἐνύπνιον
2843 3569 3292 3643 ὲξεγηγερμένου.
3327 3572 3468 3636 Ἕως
3489 3579 3585 3642 μέν
3609 3573 3726 3644 γάρ

2145 3675 2229 3721 τις
2287 3659 2616 3729 φαντάζεται
2655 3661 2990 3734 ὀνειρώττων
3026 3665 3084 3716 ἐν
3118 3665 3229 3728 τοῖς
3269 3663 3470 3729 ὕπνοις,
3495 3664 3637 3718 δοκεῖ
3657 3678 3720 3719 τι

2147 3748 2405 3820 πράττειν
2463 3750 2817 3824 ἀπατώμενος
2861 3757 2927 3826 τῇ
2972 3755 3065 3809 τοῦ
3113 3755 3364 3810 ἐνυπνίου
3405 3753 3669 3827 φαντασίᾳ
3694 3773 3717 3790 ο

2146 3841 2360 3896 ἐπειδὰν
2413 3843 2470 3896 δὲ
2525 3843 2774 3916 διεγερθῇ
2807 3850 2898 3899 τὸν
2947 3847 3119 3902 ὕπνον
3155 3847 3610 3921 ψποτριψάμενις,
3641 3849 3727 3903 οι-

2146 3951 2298 4004 χεται
2329 3934 2477 4006 αὐτῷ
2503 3935 2570 3989 τὰ
2593 3936 2692 4006 τῆς
2721 3945 3040 4006 φαντασίας.
3080 3938 3236 3993 Οὕτω
3266 3941 3324 3993 δὲ
3347 3940 3440 3992 καὶ
3472 3939 3581 3992 τῶν
3601 3941 3730 3994 ἀσε-

2145 4023 2256 4077 ϐῶν
2304 4025 2337 4095 ἡ
2378 4024 2472 4079 τοῦ
2517 4025 2783 4098 παρόντος
2819 4025 2934 4096 βίου
2967 4027 3200 4083 δοκοῦσα
3240 4028 3542 4099 εὐπραγεία
3564 4029 3662 4082 καὶ
3693 4033 3728 4084 ὀ

2147 4116 2371 4180 πλοῦτος
2404 4117 2496 4170 καὶ
2526 4119 2559 4189 ἡ
2595 4119 2937 4190 ὑπερηφανία
2979 4122 3163 4192 ὅμοιον
3213 4121 3323 4188 ἔξει
3345 4121 3405 4174 τὸ
3436 4121 3588 4185 τέλος
3609 4123 3729 4185 τοῖς

2143 4209 2517 4280 ὀνειρώττουσι
2551 4212 2644 4263 κα)⁵
2669 4211 3162 4283 ὲνυπνιαζομένοις,
3205 4213 3393 4265 ἔπειτα
3427 4213 3724 4284 διεγρηγο-

2147 4299 2296 4371 ροῦσι
2335 4303 2428 4354 καὶ
2455 4303 2680 4374 μηδενὸς
2711 4295 2785 4356 ὧν
2815 4303 3031 4358 ἐδόκουν
3062 4305 3192 4375 ὁρᾷν
3229 4321 3288 4357 τε
3322 4303 3416 4357 καὶ
3469 4304 3724 4375 κατέχειν

471 4405 624 4453 nent.
662 4395 977 4455 Secundum
1011 4399 1397 4474 Symmachum
1431 4411 1636 4470 autem,
1670 4405 1818 4461 illius
1870 4407 1990 4462 loco
2021 4428 2034 4462 :

2155 4395 2259 4456 ταῖς
2291 4393 2476 4464 χερσὶν
2535 4393 2973 4466 ἐπειλημμένοις.
3009 4395 3166 4449 Κατὰ
3194 4395 3251 4448 δὲ
3271 4394 3364 4448 τὸν
3395 4393 3723 4466 Σύμμαχον,

481 4489 852 4546 Verumtamen
876 4504 1092 4564 propter
1120 4495 1271 4550 dolos
1297 4497 1521 4565 posuisti
1545 4497 1640 4564 eis,
1675 4498 1757 4554 sic
1789 4499 1991 4555 dicitur
2023 4521 2034 4555 :

485 4571 610 4638 Vere
643 4584 695 4637 in
720 4584 871 4652 lapsu
912 4587 1141 4655 posuisti
1162 4605 1272 4650 eos,
1313 4587 1553 4657 dejecisti
1579 4606 1668 4643 eos
1703 4591 1756 4643 in
1785 4592 2041 4660 perditio-

471 4690 562 4728 nes
596 4690 614 4727 :
653 4674 825 4728 subito
855 4677 1174 4746 defecerunt,
1233 4681 1529 4749 consumpti
1580 4692 1727 4746 sunt,
1764 4700 1825 4736 ac
1857 4684 1904 4737 si
1935 4701 2039 4738 non

469 4766 817 4832 exstitissent,
850 4771 1002 4838 quasi
1025 4775 1286 4824 somnium
1320 4773 1712 4843 expergiscenti.
1738 4772 1876 4830 Huic
1908 4791 2037 4831 vero

470 4854 616 4920 voci,
655 4866 884 4924 repente,
946 4867 1001 4914 et
1060 4861 1254 4926 subito,
1301 4861 1442 4916 hanc
1497 4861 1799 4918 Servatoris
1846 4881 2035 4923 vocem

470 4951 723 5019 conferas
744 4971 756 5005 :
777 4954 797 4983 ²
813 4952 1057 5022 Vigilate,
1089 4955 1214 5024 quia
1245 4956 1455 5008 nescitis
1477 4970 1579 5024 qua
1603 4955 1686 5008 die
1705 4965 1754 5009 et
1783 4955 1913 5010 hora
1934 4956 2040 5012 Do-

468 5044 642 5100 minus
679 5054 844 5100 vester
892 5049 1088 5111 veniet;
1139 5062 1203 5102 ac
1253 5064 1471 5103 rursum
1509 5066 1523 5102 :
1565 5047 1742 5104 Veniet
1775 5049 2038 5107 Dominus

468 5137 581 5209 ejus
613 5139 667 5193 in
695 5138 780 5193 die
810 5154 913 5208 qua
953 5155 1057 5192 non
1087 5151 1376 5208 exspectat,
1427 5151 1476 5196 et
1531 5141 1586 5195 in
1629 5142 1762 5197 hora
1798 5161 1903 5215 qua
1934 5162 2038 5200 non

467 5229 609 5286 nouit
633 5229 674 5284 ³.

536 5407 781 5473 ⁸ᾄδοιηὶηε,
810 5408 866 5464 in
893 5409 1102 5463 civitate
1133 5419 1225 5465 tua
1262 5411 1548 5483 imaginem
1580 5414 1815 5483 ipsorum
1855 5416 1924 5468 ad
1953 5415 2035 5469 ni-

467 5496 630 5549 lntmn
662 5498 883 5569 rediges.
916 5497 1180 5570 Superius
1229 5500 1469 5569 dicebat,
1523 5504 1698 5559 Donec
1734 5507 1926 5561 intrent
1973 5506 2031 5561 in

537 5675 557 5703 ’
589 5674 774 5731 Matth.
814 5693 961 5744 XXIV,
989 5677 1076 5732 42.
1156 5680 1176 5710 ³
1207 5678 1338 5733 ibid.
1367 5677 1458 5732 ὅθ.

2142 4485 2256 4538 ἀντὶ
2303 4485 2418 4549 τοῦ,
2443 4485 2617 4553 Πλὴν
2655 4485 2754 4540 διὰ
2793 4486 2902 4554 τὰς
2933 4487 3286 4555 δολιότητας
3313 4486 3456 4542 ἔθου
3486 4486 3720 4553 αὐτοῖς,

2139 4575 2326 4629 τοῦτον
2345 4576 2532 4650 εἴρηκε
2551 4577 2642 4631 τὸν
2657 4580 2857 4650 τρόπον
2877 4596 2890 4609 '
2913 4580 3128 4644 Ὄντως
3154 4579 3224 4632 ἐν
3250 4578 3474 4642 ὀλίσθῳ
3495 4577 3721 4644 ἔταξας

2138 4672 2382 4739 αὐτοὺς,
2413 4672 2734 4740 κατέϐαλες
2755 4672 2976 4739 αὐτοὺς
2998 4674 3085 4739 εὶς
3105 4672 3484 4742 ἀφανισμούς
3503 4686 3519 4702 ο
3551 4668 3716 4735 ἐξαί-

2139 4783 2297 4834 φνης
2323 4765 2628 4831 ἐξέλιπον,
2644 4765 3047 4835 ἀνηλώθησαν
3068 4765 3148 4832 ὡς
3172 4767 3284 4834 οὐχ
3308 4760 3720 4832 ὐπὰρξαντες,

2137 4857 2218 4922 ὡς
2251 4856 2486 4925 ὄνειρον
2515 4857 2926 4922 ἐξυπνισαντι.
2961 4857 3056 4920 Εἰς
3078 4856 3136 4910 δὲ
3163 4855 3244 4922 τδ,
3271 4854 3588 4925 ἐξαίφνης,
3619 4853 3714 4909 καὶ

2141 4949 2221 5011 τὸ,
2255 4948 2529 5016 ἐξάπινα,
2562 4951 2902 5022 παραθήσεις
2936 4950 3036 5022 τὴν
3062 4949 3326 5022 σωτήριον
3384 4946 3570 5018 φωνὴν
3614 4947 3717 5015 τὴν

2141 5040 2403 5110 λέγουσαν
2423 5061 2435 5074 ·
2465 5042 2837 5114 Γρηγορεῖτε,
2872 5042 2962 5096 ὅτι
2981 5043 3093 5096 οὐκ
3127 5040 3326 5095 οἴδατε
3352 5040 3495 5107 ποίᾳ
3525 5039 3717 5108 ᾑμέρᾳ

2141 5135 2237 5188 καὶ
2261 5133 2382 5204 ὥρᾳ
2407 5138 2440 5190 ὁ
2472 5138 2683 5205 Κύριος
2717 5134 2885 5204 ὑμῶν
2914 5135 3179 5205 ἔρχεται·
3200 5134 3295 5188 καὶ
3329 5133 3522 5188 πάλιν
3540 5131 3718 5195 Ἥξει

2141 5230 2175 5280 ό
2207 5229 2419 5296 Κύριος
2453 5227 2638 5283 αὐτοῦ
2669 5229 2739 5282 ἑν
2771 5227 2960 5297 ἡμέρᾳ
2987 5223 3026 5299 ᾗ
3053 5229 3125 5281 οὐ
3155 5225 3482 5297 προσδοκᾷ,
3509 5224 3610 5279 καὶ
3643 5224 3719 5277 ἐν

2139 5319 2262 5389 ὣρςι
2287 5316 2328 5393 ᾗ
2359 5324 2430 5376 οὐ
2452 5322 2751 5392 γινώσκει.

2214 5414 2408 5480 Κύριε,
2436 5415 2505 5467 ἐν
2535 5412 2611 5482 τῇ
2632 5415 2803 5468 πόλει
2817 5427 2933 5466 σου
2958 5409 3074 5482 τὴν
3095 5410 3300 5465 εἰκόνα
3324 5407 3525 5464 αὐτῶν
3537 5406 3718 5473 ἐξου-

2141 5504 2434 5573 θενήσεις.
2485 5505 2765 5577 Ἀνωτέρω
2793 5505 2891 5576 μὲν
2922 5503 3134 5572 ἔλεγεν,
3169 5503 3323 5567 Ἕως
3347 5500 3602 5556 εἰσέλθω
3627 5500 3720 5568 εἰς
