4014 6206
1430 280 1932 342 ΕΟΜΜΕΝΤΑΒΙΑ
1969 281 2038 338 ΙΝ
2076 278 2407 340 PSALMOS.

3425 277 3529 334 διο

291 410 357 468 τὸ
382 410 773 481 ἀγιαστήριον
788 410 895 466 τοῦ
916 408 1085 466 Θεοῦε
1110 408 1201 464 νῦν
1225 408 1281 463 δὲ
1306 409 1360 463 τί
1390 406 1507 462 ποτ’
1525 403 1593 479 ἦν
1612 408 1671 462 τὸ
1702 409 1855 476 ἁγια-

1963 407 2325 460 sauctuarium
2348 405 2475 465 Dei:
2511 419 2656 459 nunc
2673 418 2802 458 vero
2824 401 3098 472 quodnam
3126 402 3197 456 sit
3214 400 3530 470 hujusmodi

291 506 512 578 πήριον
532 503 771 558 διδάσκει
804 503 993 572 λέγων·
1012 503 1203 572 Κύριε,
1226 502 1296 554 ἐν
1314 499 1389 569 τῇ
1410 500 1579 553 πόλει
1600 513 1716 553 σου
1748 498 1862 566 τὴν

287 598 492 652 εἰκόνα
515 594 715 649 αὐτῶν
736 593 1181 659 ἐξουδενώσεις.
1215 590 1403 645 Ἔνθεν
1431 591 1652 654 είκότως
1678 592 1707 642 6
1723 590 1862 653 θεῖος

300 684 644 749 ’Δπόστολος,
663 686 817 742 πόλιν
832 685 1080 757 οὐράνιον
1098 683 1230 738 Θεοῦ
1249 682 1403 746 εἰδὼς
1424 681 1625 751 ἔλεγενο
1640 684 1863 749 Προσε-

283 777 636 848 ληλύθαμεν
662 776 815 832 Σιὼν
843 774 962 846 ὄρει
1000 775 1095 830 καὶ
1131 776 1303 830 πόλει
1339 771 1487 828 Θεοῦ
1523 772 1737 839 ζῶντος
1767 772 1862 826 Ἰε-

277 868 607 939 ρουσαλὴμ
634 868 984 936 ἐπουρανίῳ·
1015 867 1109 921 καὶ
1138 864 1316 921 πάλινο
1352 863 1496 922 Ἡδὲ
1525 863 1863 931 ἁνωἹερου-

283 961 499 1030 enim;
533 960 818 1029 ἐλευθέρα
860 958 1012 1014 ἐστί.
1058 959 1275 1028 Ταύτην
1306 952 1399 1011 οὖν
1448 957 1542 1009 καὶ
1591 956 1621 1008 6
1673 953 1862 1024 παρὼν

284 1054 585 1126 Προφήτης
607 1052 706 1125 τὴν
732 1052 885 1107 πόλιν
904 1051 998 1106 τοῦ
1020 1050 1153 1105 Θεοῦ
1176 1050 1428 1121 σημαίνει
1447 1049 1640 1118 λέγων’
1663 1048 1858 1115 Κύριε,

281 1149 357 1202 ἐν
378 1147 456 1217 τῇ
474 1150 647 1203 πόλει
684 1161 801 1201 σου
838 1146 953 1215 τὴν
978 1148 1179 1201 εικόνα
1199 1143 1396 1201 αὐτῶν
1414 1142 1857 1208 ἐξουδενώσεις.

283 1241 351 1294 Εἰ
377 1242 477 1311 μὲν
502 1238 611 1310 γὰρ
634 1236 798 1311 ἦσαν,
825 1238 989 1310 φησὶ,
1034 1236 1366 1308 φυλάξαντες
1397 1235 1495 1308 τὴν
1527 1234 1624 1307 σὴν
1657 1234 1858 1301 εἰκόνα,

283 1332 514 1396 εἰκότως
545 1332 640 1386 καὶ
680 1331 777 1403 τῆς
824 1330 923 1401 σῆς
966 1330 1174 1395 πόλεως
1206 1327 1556 1402 κατηξιοῦντο
1584 1346 1597 1359 ·
1651 1328 1773 1381 ἐπεὶ
1803 1326 1861 1380 δὲ

279 1419 594 1488 ἄνθρωπος
616 1419 687 1473 ἐν
714 1417 851 1489 τιμῇ
879 1416 965 1472 ὢν
989 1421 1061 1474 οὐ
1086 1418 1339 1487 συνῆκε,
1368 1416 1859 1488 παρεσυνεόλήθη

280 1512 410 1579 τοῖς
439 1511 688 1581 κτήνεσι
724 1512 848 1579 τοῖς
887 1512 1186 1583 ἀνοήτοις,
1222 1512 1320 1566 καί
1344 1511 1607 1581 ὡμοιώθη
1636 1510 1859 1577 αὐτοῖς,

280 1601 562 1671 ἀναλόγως
587 1619 648 1654 τε
674 1602 739 1673 τῇ
763 1601 956 1655 ἑαυτοῦ
1019 1601 1185 1673 κακίᾳ
1222 1600 1410 1657 ἑαυτὸν
1443 1601 1863 1673 μετεμόρφωσεν

283 1693 372 1758 είς
400 1692 590 1766 ἀγρίου
613 1692 779 1766 θηρὸς
808 1693 1008 1765 τρόπον
1036 1711 1116 1757 τε,
1145 1694 1337 1762 γέγονέ
1356 1710 1413 1747 τε
1438 1694 1601 1756 ἵππος
1619 1692 1861 1764 θηλυμα-

282 1755 406 1857 Vh“,
435 1755 1048 1859 θ’λύκοςῖρέιαλετικὸς,
1154 1755 1276 1855 ibi;
1305 1787 1399 1840 καὶ
1419 1755 1686 1857 γέννημα.
1713 1755 1856 1856 ἐχιδ-
1890 1755 1934 1810 Β

280 1877 412 1941 νῶν,
449 1877 482 1949 ἢ
514 1877 643 1931 ἀλλο
680 1894 734 1931 τι
758 1875 967 1940 τούτοις
1012 1875 1409 1948 παραπλήσιονο
1456 1875 1644 1930 τούτου
1694 1876 1853 1947 χάριν

280 1969 475 2043 ὥσπερ
521 1969 769 2041 κίϐδηλον
813 1970 1055 2042 νόμισμα
1094 1968 1191 2041 τὴν
1237 1967 1488 2040 τοιαύτην
1526 1967 1708 2022 εἰκόνα
1754 1969 1854 2041 τῆς

283 2063 481 2118 ἑαυτοῦ
514 2063 721 2129 πόλεως
744 2064 1071 2136 ἀπορρίπτει
1095 2064 1124 2117 6
1149 2060 1303 2125 Θεὸς,
1345 2060 1629 2127 ὲξουδενῶν
1660 2060 1849 2133 αὐτὴν,

279 2154 407 2209 οὐδὲ
448 2154 603 2222 ἀξίαν
645 2155 849 2228 κρίνων
888 2155 994 2208 τῶν
1035 2155 1094 2207 ὲν
1142 2155 1210 2225 τῇ
1262 2152 1411 2207 πόλει
1438 2152 1603 2207 αὐτοῦ
1651 2153 1849 2223 μονῶν.

277 2244 484 2299 Πολλαὶ⁵
528 2246 636 2318 γὰρ
689 2245 849 2316 μοναὶ
893 2244 1045 2316 παρὰ
1085 2242 1163 2314 τῷ
1185 2244 1378 2315 Πατρί·
1405 2243 1471 2297 δι’
1503 2243 1533 2298 δ
1572 2243 1847 2297 λέλεκται’

273 2339 478 2407 Κύριε,
503 2336 575 2391 ἐν
598 2334 673 2405 τῇ
697 2335 866 2388 πόλει
880 2350 996 2388 σου
1022 2332 1136 2402 τὴν
1159 2334 1362 2387 εἰκόνα
1387 2331 1585 2386 αὐτῶν
1611 2331 1851 2397 ἐξουθε-

270 2428 514 2500 νήσεις.
572 2425 741 2480 Τοῦτο
782 2425 881 2496 μὲν
927 2420 1019 2479 οὖν
1058 2423 1407 2496 προφητικῶς
1443 2426 1473 2476 6
1514 2423 1685 2495 Ἀσάφ
1717 2425 1854 2478 ἀπε-

270 2520 573 2593 φθέγξατο,
604 2518 792 2589 ὤσπερ
824 2515 1161 2580 ἐπιθειάσας,
1194 2514 1367 2569 καὶτὸ
1392 2515 1583 2587 μέλλον
1611 2533 1851 2585 πεφωτι-

271 2614 505 2685 σμένοις
527 2610 707 2681 ψυχῆς
733 2608 1029 2680 ὀφθαλμοῖς
1065 2605 1408 2678 τεθεαμένος.
1446 2608 1557 2678 Τὴν
1584 2606 1641 2660 δὲ
1673 2607 1852 2661 αἰτίαν

265 2705 347 2759 δι’
373 2703 446 2775 ἢν
484 2702 755 2775 ὶφωτίσθη
784 2700 882 2773 τὴν
924 2700 1078 2755 πόλιν
1103 2698 1205 2783 τοῦκ
1224 2698 1361 2755 Θεοῦ
1395 2698 1645 2767 συνιδεῖν,
1681 2699 1849 2771 παρί-

269 2814 441 2869 στησι
465 2796 638 2866 λέγων
667 2795 814 2867 ἑξῆς·

352 2981 483 3034 ὀτι
514 2978 806 3047 ἐξεκαύθη
824 2978 863 3045 ἡ
882 2976 1094 3047 καρδία
1117 2994 1257 3046 μου,
1281 2976 1377 3031 καὶ
1416 2979 1471 3031 οι
1506 2980 1714 3048 νεφροί
1732 2997 1853 3049 μου

263 3068 714 3141 summa
732 3068 945 3140 Ἐπειδὴ
960 3067 1066 3141 γὰρ
1080 3066 1272 3138 ζηλῶν
1284 3068 1553 3139 ἐζήλωσα
1567 3068 1647 3136 τῷ
1660 3074 1855 3141 Κυρίῳ

266 3160 423 3216 κατὰ
432 3160 522 3214 τδν
536 3160 817 3231 προφήτην
836 3158 1043 3221 Ἠλίαν,
1060 3158 1266 3223 ὲξειλκό
1272 3176 1378 3231 μην
1388 3176 1448 3212 τε
1457 3163 1567 3225 τοῖς
1582 3165 1856 3234 λογισμοῖς

264 3248 422 3323 ὁρῶν
434 3247 646 3311 ἀσεϐεῖς
665 3246 1116 3319 εὐθυμουμένους·
1133 3246 1267 3301 άλλά
1287 3250 1378 3308 καὶ
1398 3250 1713 3323 ὲπυρούμην
1732 3255 1858 3317 τοὺς

265 3337 512 3411 νεφροὺς
534 3337 626 3392 καὶ
640 3335 708 3390 τὰ
729 3335 867 3407 βάθη
890 3336 960 3391 τὰ
985 3334 1302 3409 κρύφιατῆς
1312 3339 1551 3409 ἐμαυτοῦ
1568 3340 1765 3413 ψυχῆς·
1787 3341 1853 3396 δι’

261 3433 301 3486 ὃ
325 3431 422 3486 καὶ
442 3430 644 3499 ἔλεγον,
676 3430 797 3483 Ὅτι
822 3427 1093 3495 ἐζήλωσα
1120 3428 1221 3482 ἐπὶ
1253 3428 1376 3496 τοῖς
1402 3431 1666 3501 ἀνόμοις,
1700 3432 1857 3502 εἰρή-

263 3540 397 3593 νην
421 3520 783 3591 ἁμαρτωλῶν
809 3519 1057 3588 θεωρῶν
1092 3519 1281 3575 τούτου
1308 3520 1466 3593 χάριν
1481 3521 1720 3595 ἠξιώθην
1746 3542 1857 3595 φω-

267 3615 531 3687 τισθῆναι
560 3614 665 3668 ὑπὸ
687 3613 780 3667 τοῦ
808 3612 1122 3685 Πνεύματος
1153 3614 1248 3668 καὶ
1284 3614 1384 3685 τὴν
1419 3614 1570 3669 πόλιν
1604 3615 1730 3670 ίδείν
1760 3616 1855 3670 τοῦ

263 3706 438 3772 Θεοῦ,
480 3705 605 3770 τούς
647 3723 706 3759 τε
739 3704 921 3770 ἀξίους
969 3705 1139 3777 αὐτῆς
1174 3706 1269 3759 καὶ
1308 3707 1432 3771 τοὺς
1479 3707 1576 3780 μή.
1620 3709 1764 3764 ’Δντὶ
1799 3710 1857 3763 δὲ

264 3800 371 3856 τοῦ
390 3800 750 3869 ,Ἑξεκαύθη
786 3798 823 3866 ἠ
855 3798 1067 3866 καρδία
1087 3815 1206 3868 μου
1224 3837 1239 3861 ,
1270 3798 1299 3851 6
1329 3798 1641 3871 Σύμμαχος,
1669 3804 1854 3856 Συνε-

263 3892 586 3960 creuere,
628 3892 810 3963 φησὶν,
838 3891 878 3958 ἡ
913 3891 1123 3959 καρδία
1136 3909 1255 3960 μου
1273 3930 1291 3956 ,
1316 3892 1413 3947 καὶ
1430 3892 1602 3958 ἐντὸς
1621 3893 1739 3948 τῶν
1761 3911 1855 3948 γε.

265 3983 443 4056 ερρῶν
467 4000 587 4054 μου
634 3981 987 4051 διελεγόμην
1023 3981 1367 4053 ἀντιλέγων-
1398 3980 1510 4037 Εῖθ’
1551 3985 1679 4055 ἑξῆς
1706 3984 1856 4058 εἴρη-

267 4093 389 4130 ται·
433 4076 542 4130 Καὶ
584 4073 699 4145 ἐγώ
740 4073 1237 4153 ἐξουθενημένος,
1288 4074 1386 4128 καὶ
1429 4077 1542 4130 οὐκ
1585 4076 1796 4148 ἔγνων*
1825 4078 1856 4132 6

264 4168 340 4241 δὴ
363 4167 696 4239 σαφέστερον
717 4166 1060 4238 ἡρμήνευσεν
1083 4167 1111 4218 6
1139 4165 1432 4237 Σύμμαχος
1449 4166 1639 4235 εἰπὼν,
1658 4170 1855 4239 ἰιμην

264 4260 344 4315 δὲ
371 4258 796 4329 ἀνεπιστήμων
824 4257 923 4311 καὶ
947 4256 1034 4327 μὴ
1073 4258 1261 4325 εἰδῶς’
1289 4258 1382 4313 καὶ
1411 4260 1587 4313 πάλιν·
1621 4261 1854 4329 Κτηνώ-

264 4352 387 4419 δης
403 4350 697 4420 ἐγενήθην
713 4349 870 4417 παρὰ
894 4350 1017 4403 σοί·
1047 4349 1080 4421 ἢ
1107 4350 1246 4404 κατά
1265 4350 1356 4403 τὸν
1381 4350 1692 4423 Σύμμαχον,
1707 4356 1855 4422 Κτη-

1968 497 2341 551 sanctuarium
2373 498 2563 552 edocet
2592 497 2678 552 his
2711 498 2909 557 verbis,
2943 494 3186 556 Domine,
3227 494 3277 546 in
3319 490 3533 547 civitate

1968 595 2058 640 tua
2090 587 2370 656 imaginem
2404 588 2637 656 ipsorum
2660 586 2728 641 ad
2754 586 2975 641 nihilum
2997 584 3218 654 rediges.
3245 581 3399 637 Unde
3421 600 3537 637 meo

1966 680 2073 732 rito
2104 677 2262 734 divus
2295 680 2610 749 Apostolus,
2639 680 2806 750 utqui
2837 680 3115 735 cmlestem
3136 677 3230 732 Dei
3254 676 3535 731 civitatem

1965 786 2171 841 nosset,
2208 774 2462 829 dicebat:
2498 773 2824 827 Accessimus
2848 773 2915 826 ad
2951 772 3079 828 Sion
3108 779 3353 831 montem,
3391 778 3440 823 et
3462 770 3538 822 ci-

1966 870 2176 923 vitatem
2213 866 2308 921 Dei
2356 866 2570 920 viventis
2600 862 2899 918 Jerusalem
2951 862 3273 927 cwlestem‘;
3309 874 3372 914 ac
3411 873 3538 913 rur-

1964 975 2117 1016 sum:
2139 958 2243 1013 Illa
2276 974 2392 1013 vero
2413 972 2529 1027 quia
2560 954 3192 1018 sursumestlerusalem,
3216 952 3380 1007 libera
3402 953 3537 1006 est“.

1964 1048 2116 1104 Hanc
2139 1050 2325 1119 itaque
2352 1047 2448 1102 Dei
2470 1047 2742 1101 civitatem
2768 1044 3036 1116 Propheta
3077 1044 3169 1115 qui
3205 1044 3317 1114 jam
3352 1040 3539 1114 loqui-

1962 1148 2054 1196 tur
2105 1140 2185 1196 sic
2238 1138 2480 1195 indicat:
2519 1138 2756 1203 Domine,
2796 1140 2848 1191 in
2898 1138 3106 1191 civitate
3134 1146 3222 1190 tua
3248 1137 3530 1206 imaginem

1963 1235 2198 1303 ipsorum
2226 1232 2293 1287 ad
2328 1232 2549 1285 nihilum
2586 1230 2806 1301 redigas.
2838 1229 2972 1284 Nam
3009 1230 3076 1295 si,
3101 1230 3297 1300 inquit,
3331 1229 3526 1301 imagi-

1963 1338 2089 1379 nem
2120 1329 2538 1378 conservassent
2590 1328 2762 1383 tuam,
2797 1319 2991 1373 merito
3025 1320 3243 1374 civitate
3303 1335 3524 1391 quoque

1963 1424 2058 1470 tua
2088 1413 2276 1469 donati
2306 1419 2492 1468 essent
2519 1431 2533 1466 :
2569 1417 2624 1465 at
2654 1410 2781 1481 quia
2812 1409 2964 1464 homo
3000 1427 3116 1464 cum
3145 1411 3199 1464 in
3226 1410 3421 1466 honore
3451 1427 3528 1465 es-

1962 1516 2061 1573 set,
2097 1523 2200 1560 non
2235 1505 2492 1560 intellexit
2540 1518 2558 1556 :
2614 1514 2950 1570 comparatus
3004 1512 3081 1558 est
3109 1504 3366 1571 jumentis
3396 1504 3525 1558 insi-

1962 1599 2242 1673 pientibus,
2287 1609 2335 1653 et
2378 1598 2568 1653 similis
2604 1596 2776 1667 factus
2824 1608 2901 1653 est
2946 1597 3057 1652 illis
3087 1600 3130 1663 ⁸,
3171 1608 3331 1668 atque
3363 1596 3527 1652 modo

1963 1696 2183 1751 malitiae
2236 1710 2348 1751 suae
2379 1695 2698 1764 congruenti
2729 1706 2851 1750 sese
2884 1694 2938 1748 in
2970 1694 3201 1764 agrestis
3233 1693 3359 1748 ferae
3402 1709 3526 1749 mo-

1961 1804 2078 1843 rem
2094 1787 2504 1851 transmutavit,
2545 1786 2833 1857 factusque
2859 1793 2945 1841 est
2973 1801 3147 1856 equus
3175 1786 3523 1851 emissarius,

1961 1890 2054 1936 aut
2080 1881 2244 1951 lupus
2275 1895 2466 1951 rapax,
2522 1887 2616 1933 aut
2665 1894 2890 1949 serpens
2919 1886 2972 1932 et
3009 1877 3263 1949 genimen
3309 1879 3525 1949 vipera-

1959 1988 2104 2037 rum,
2137 1972 2253 2028 sive
2289 1972 2425 2043 quid
2474 1970 2543 2027 iis
2585 1969 2798 2036 simile;
2857 1968 2981 2025 ideo
3034 1969 3198 2023 talem
3232 1969 3525 2041 imaginem

1958 2064 2115 2136 quasi
2162 2062 2531 2120 adulterinum
2571 2061 2848 2117 numisma
2897 2075 2963 2115 ex
2997 2060 3215 2116 civitate
3248 2076 3348 2116 sua
3382 2060 3525 2116 Deus

1959 2156 2165 2226 abjicit,
2198 2155 2267 2210 ad
2310 2155 2538 2210 nihilum
2573 2154 2791 2224 redigit,
2834 2168 3011 2222 neque
3045 2152 3264 2223 dignam
3315 2151 3528 2221 judicat

1958 2249 2066 2304 illis
2100 2247 2341 2303 civitatis
2371 2261 2485 2302 sua:
2517 2246 2914 2301 mansionibus.
2962 2243 3097 2299 Nam
3132 2243 3277 2314 apud
3306 2243 3522 2298 Patrem

1959 2338 2273 2393 mansiones
2295 2336 2480 2391 multa:
2507 2344 2653 2391 sunt.
2681 2335 2861 2401 Quare
2886 2336 3093 2389 dictum
3124 2342 3211 2390 est
3241 2354 3253 2387 :
3283 2332 3524 2397 Domine,

1956 2428 2011 2481 in
2044 2428 2256 2482 civitate
2287 2436 2379 2481 tua
2410 2428 2695 2498 imaginem
2748 2426 2978 2495 ipsorum
3016 2425 3085 2479 ad
3127 2425 3351 2479 nihilum
3386 2424 3529 2478 redi-

1956 2535 2066 2592 ges.
2101 2517 2214 2573 Hoc
2244 2518 2425 2587 itaque
2450 2515 2766 2586 prephetice
2789 2515 2969 2584 Asaph
2991 2512 3145 2584 quasi
3187 2512 3398 2566 amatus
3415 2511 3529 2565 Nu-

1958 2612 2125 2678 mine,
2153 2624 2218 2665 ac
2259 2607 2580 2663 illuminatis
2619 2606 2820 2662 mentis
2859 2605 3034 2660 oculis
3066 2603 3249 2659 futura
3276 2613 3526 2657 contem-

1959 2705 2160 2776 platus,
2192 2702 2409 2757 locutus
2442 2707 2551 2756 est.
2578 2698 2815 2755 Causam
2853 2713 2983 2753 vero
3032 2711 3133 2751 cur
3183 2696 3525 2750 illuminatus

1962 2796 2035 2852 sit
2062 2794 2130 2849 ad
2159 2782 2438 2851 civitatem
2474 2790 2565 2849 Dei
2593 2788 3038 2861 conspiciendam
3067 2802 3193 2843 mox
3235 2786 3411 2857 aperit
3439 2785 3525 2839 di-

1960 2902 2093 2944 cens
2126 2906 2140 2941 ε

2031 2977 2198 3036 Vens.
2250 2978 2441 3033 21-24.
2484 2977 2623 3044 Quia
2652 2975 3044 3045 inﬂammatum
3102 2982 3179 3028 est
3207 2989 3298 3027 cor
3330 2987 3523 3036 meum,

1961 3083 2012 3128 et
2039 3090 2187 3129 renes
2215 3072 2315 3126 mei
2337 3069 2644 3126 commutati
2683 3079 2826 3123 sunt.
2856 3067 2995 3134 Quia
3032 3067 3177 3122 enim
3221 3065 3331 3121 zelo
3358 3065 3525 3120 τείανὶ

1909 3148 1927 3171 ⁸
1959 3166 2186 3222 Domino
2210 3203 2226 3228 ,
2261 3162 2562 3219 secundum
2608 3160 2777 3215 Eliam
2806 3157 3126 3230 prophetam
3153 3160 3197 3223 ⁷,
3241 3162 3529 3231 cogitatio-

1957 3259 2227 3329 nibusque
2247 3255 2574 3311 detrahehar
2592 3269 2717 3309 cum
2741 3266 3019 3312 cernerem
3045 3253 3241 3324 impios
3266 3267 3526 3323 prospere

1959 3362 2156 3420 agerc;
2187 3348 2297 3401 imo
2320 3345 2486 3401 etiam
2517 3357 2679 3400 renes
2722 3345 2829 3399 mei
2861 3358 3074 3399 necnon
3115 3341 3386 3413 profunda
3429 3357 3528 3396 oc-

1957 3445 2212 3512 cultaque
2255 3440 2450 3495 anima:
2498 3453 2633 3494 mea:
2676 3436 3010 3505 urebantur;
3075 3435 3196 3491 ideo
3250 3435 3522 3499 dicebam,

1960 3533 2100 3600 Quia
2123 3532 2288 3587 τείσυί
2313 3545 2471 3600 super
2497 3529 2726 3598 iniquos.
2758 3543 2939 3597 pacem
2967 3536 3300 3597 peccatorum
3322 3525 3522 3579 videns.

1956 3622 2137 3689 Quare
2168 3633 2490 3676 concessum
2516 3617 2648 3671 mihi
2691 3616 2792 3671 fuit
2822 3625 2882 3671 ut
2921 3616 3262 3681 illuminarer
3286 3632 3318 3670 a
3342 3615 3520 3686 Spiri-

1955 3722 2013 3770 tu
2068 3723 2125 3770 et
2152 3712 2391 3768 viderem
2417 3713 2693 3766 civitatem
2743 3709 2858 3775 Dei,
2903 3724 3111 3765 necnon
3143 3726 3239 3766 eos
3285 3710 3379 3781 qui
3430 3709 3522 3764 illa

1958 3808 2075 3864 sive
2104 3806 2278 3878 digni,
2311 3806 2426 3860 sive
2457 3803 2664 3875 indigni
2695 3811 2843 3859 sunt.
2874 3801 2982 3857 Pro
3023 3802 3116 3857 illo
3160 3810 3365 3867 autem,
3427 3800 3524 3857 In-

1955 3900 2290 3969 ﬂammatum
2315 3906 2395 3952 est
2441 3912 2531 3951 cor
2563 3911 2756 3960 meum,
2789 3893 3171 3967 Symmachus,
3228 3893 3522 3951 Contrane-

1956 3990 2132 4057 batur,
2162 3989 2360 4059 inquit,
2388 4003 2480 4042 cor
2514 4003 2707 4050 meum,
2736 3995 2785 4040 et
2823 3987 2967 4039 intra
2997 4003 3145 4040 renes
3173 4002 3311 4041 meos
3350 3987 3523 4041 ratio-

1955 4081 2177 4137 cinabar
2206 4079 2591 4135 contradicens.
2624 4077 2831 4134 Deinde
2860 4078 3063 4135 dicitur
3087 4098 3099 4132 :
3122 4077 3188 4132 Et
3210 4093 3303 4150 ego
3342 4079 3411 4135 ad
3442 4080 3525 4133 ni-

1955 4177 2123 4232 hilum
2158 4174 2401 4230 redactus
2431 4190 2573 4235 sum,
2602 4182 2651 4228 et
2673 4173 2901 4236 nescivi;
2930 4173 3077 4243 quod
3110 4173 3318 4228 clarius
3353 4174 3525 4227 inter-

1956 4276 2201 4340 pretatus
2243 4266 2605 4339 Symmachus
2655 4276 2742 4321 est
2784 4252 2997 4327 dicens,
3037 4265 3200 4318 Eram
3238 4266 3437 4319 inscius
3472 4273 3524 4319 et

1954 4381 2059 4419 non
2086 4378 2416 4433 cognoscens.
2450 4359 2685 4415 Rursum
2719 4378 2733 4413 :
2770 4356 2837 4411 Ut
2856 4358 3154 4426 jumentum
3199 4356 3372 4425 factus
3405 4372 3522 4410 sum

266 4441 479 4508 νωὸὧς
506 4441 815 4497 διετέλεσα
850 4440 1008 4510 παρὰ
1042 4442 1162 4496 σοί.
1194 4443 1300 4496 Καὶ
1341 4443 1474 4513 ἐγὼ,
1507 4444 1692 4515 φησιν,
1730 4444 1853 4499 δια-

1957 4460 2093 4528 apud
2128 4466 2207 4520 te;
2238 4455 2353 4511 sive
2382 4453 2683 4511 secundum
2717 4448 3123 4521 Symmachum,
3159 4447 3399 4502 Jumenti
3441 4449 3522 4501 in-

268 4534 505 4600 mdc
534 4532 682 4603 μετὰ
707 4532 843 4587 σοῦ·
871 4532 1010 4587 κατά
1026 4532 1084 4587 δὲ
1110 4533 1200 4587 τὸν
1226 4533 1541 4605 Σύμμαχον,
1571 4536 1683 4589 Καὶ
1711 4551 1854 4591 συν-

264 4629 438 4698 ήμην
482 4641 583 4681 σοι
624 4627 965 4692 διαπαντός.
1005 4627 1068 4680 Εἰ
1126 4625 1233 4698 γὰρ
1277 4626 1369 4679 καὶ
1407 4627 1479 4680 τὰ
1522 4627 1753 4698 μάλιστα
1784 4629 1845 4682 ού

271 4720 498 4791 συνείην
528 4720 656 4790 πρὶν
679 4718 1010 4790 φωτισθῆναι
1034 4718 1129 4772 καὶ
1160 4718 1363 4787 γνῶναι
1382 4718 1452 4772 τὰ
1478 4721 1604 4789 περὶ
1627 4722 1723 4792 τῆς
1745 4721 1847 4791 σῆς

270 4811 486 4873 πόλεως
509 4809 825 4880 λελεγμένα,
849 4810 945 4863 καὶ
968 4810 1036 4863 τὰ
1069 4809 1317 4881 περὶτῆς
1348 4811 1555 4876 εἰκόνος
1583 4811 1692 4865 τῶν
1720 4812 1846 4864 ἀσε-

271 4901 409 4957 ϐῶνο
443 4901 537 4956 καὶ
578 4901 628 4954 εί
655 4900 811 4973 δίκην
842 4900 1038 4970 ἀλόγου
1082 4902 1313 4972 κτήνους
1338 4902 1612 4956 διετέλεσα
1651 4903 1844 4973 πρότε-

274 5014 372 5069 ρον
400 4996 752 5066 ἀνθηταίνωνν
776 4994 869 5049 καὶ
897 4994 971 5067 μὴ
996 4994 1288 5067 δυνάμενος
1311 4996 1585 5049 ἐπιὸαλεῖν
1609 4999 1719 5060 τοῖς
1749 4996 1848 5068 τῆς

270 5091 377 5162 σῆς
412 5088 664 5160 προνοίας
695 5088 891 5157 λόγοις·
936 5089 1085 5160 ὅμως
1119 5089 1219 5142 ούκ
1253 5088 1708 5161 ἀπελιμπανόμην
1751 5107 1843 5143 σου

270 5181 371 5236 τοῦ
391 5180 551 5243 Θεοῦ.
578 5180 699 5235 οὐδὲ
722 5181 1008 5246 ἐξέπιπτον
1020 5181 1116 5253 τῆς
1145 5181 1236 5233 ἐπὶ
1259 5181 1318 5233 σὲ
1342 5180 1573 5244 ἐλπίδος,
1601 5183 1730 5253 συνή
1739 5199 1847 5253 μην

270 5274 330 5328 δέ
359 5290 443 5327 σοι
480 5273 768 5337 διαπαντός
788 5291 800 5303 ·
844 5274 938 5327 καὶ
968 5272 1112 5327 τοῦτ’
1145 5273 1413 5346 ἔπραττον
1444 5273 1542 5325 οὐκ
1584 5273 1643 5338 ἐξ
1680 5276 1848 5344 ἐμαυ-

271 5364 373 5419 τοῦ
399 5364 697 5435 δυνάμεως,
720 5365 834 5419 ἀλλ’
860 5368 925 5418 ὲκ
943 5364 1045 5436 τῆς
1066 5366 1164 5437 σῆς
1193 5366 1433 5437 χάριτος.
1457 5365 1529 5419 Σὺ
1558 5366 1663 5437 γὰρ
1687 5367 1848 5431 αὐτὸς

273 5460 342 5529 τῇ
368 5457 567 5512 σαυτοῦ
594 5458 995 5531 φιλανθρωπίᾳ,
1020 5462 1117 5531 τῆς
1152 5460 1291 5530 ἐμῆς
1321 5457 1500 5523 δεξιᾶς
1528 5458 1705 5530 χειρὸς
1730 5462 1850 5513 ἐπι-

276 5544 575 5618 λαϐόμενος
597 5587 612 5611 ,
644 5548 883 5618 συνεῖχες
915 5550 1009 5602 καὶ
1035 5542 1337 5621 δίεκράτεις
1369 5548 1505 5620 πρὸς
1534 5547 1593 5601 τὸ
1636 5548 1709 5620 μὴ
1733 5548 1847 5601 δια-

1952 4554 2070 4599 star
2107 4552 2345 4597 uersatus
2374 4558 2490 4596 sum
2516 4540 2654 4610 apud
2688 4549 2754 4594 te.
2800 4538 2870 4592 Et
2909 4553 3024 4609 ego,
3070 4537 3269 4608 inquit.
3322 4553 3523 4606 semper

1954 4644 2155 4695 tecum;
2185 4633 2485 4689 secundum
2503 4631 2887 4704 Symmachum
2913 4639 3115 4693 autem,
3144 4628 3211 4682 Et
3228 4646 3334 4684 una
3352 4639 3520 4684 tecum

1944 4742 2095 4780 eram
2116 4741 2338 4794 semper.
2362 4721 2478 4777 Etsi
2500 4722 2643 4777 enim
2681 4737 2789 4775 non
2816 4721 3175 4791 intelligebam
3202 4720 3520 4791 priusquam

1949 4818 2286 4871 illuminarer
2305 4831 2372 4871 ac
2413 4830 2477 4870 ea
2503 4828 2887 4885 cognoscerem
2910 4828 3031 4885 qua:
3064 4814 3131 4869 de
3153 4814 3381 4871 civitate
3402 4822 3517 4881 tua,
3558 4814 3565 4835 ²

1952 4924 2243 4966 necnonea
2270 4924 2391 4981 quae
2413 4908 2481 4963 de
2510 4908 2746 4977 imagine
2770 4908 3057 4977 impiorum
3088 4906 3232 4963 dicta
3267 4912 3428 4973 sunt;
3455 4924 3520 4963 ac

1950 5001 2169 5056 etiamsi
2194 5002 2367 5055 instar
2382 5000 2523 5055 bruti
2538 4999 2766 5067 jumenti
2792 5000 2942 5071 prius
2962 4999 3234 5071 degerem,
3254 5001 3522 5071 insipiens

1950 5104 2052 5143 nec
2073 5089 2422 5159 providentia:
2444 5097 2549 5145 tuae
2570 5090 2831 5144 rationem
2851 5090 3113 5159 attingere
3134 5090 3321 5145 valens
3342 5108 3356 5152 ;
3377 5098 3520 5143 atta-

1952 5197 2076 5236 men
2098 5183 2195 5237 abs
2209 5189 2280 5246 te,
2301 5181 2462 5246 Deus,
2491 5198 2599 5237 non
2617 5183 2927 5246 deserehar,
2959 5197 3136 5253 neque
3161 5183 3259 5236 abs
3283 5198 3378 5252 spe
3401 5197 3517 5236 mea

1956 5274 2008 5327 in
2033 5285 2083 5329 te
2111 5276 2349 5345 reposita
2373 5274 2711 5337 excidebam,
2736 5276 2941 5345 tibique
2961 5290 3174 5345 semper
3195 5275 3444 5329 aderam:
3464 5279 3517 5326 et

1956 5363 2059 5420 hoc
2104 5365 2329 5436 agebam
2380 5381 2490 5419 non
2533 5382 2651 5421 mea
2694 5366 2911 5430 virtute,
2948 5366 3041 5421 sed
3074 5366 3246 5436 gratia
3286 5371 3397 5416 tua.
3433 5359 3514 5413 Tn

1952 5475 2190 5531 namque
2211 5459 2550 5514 humanitate
2570 5466 2685 5521 tua,
2708 5467 2921 5528 arrepta
2945 5474 3104 5512 manu
3130 5455 3348 5509 dextera
3370 5465 3513 5510 mea,

1953 5568 2040 5608 me
2074 5552 2359 5607 detinebas
2388 5552 2861 5623 astringebasque,
2895 5560 2953 5605 ut
2996 5564 3062 5604 ne
3108 5544 3522 5602 ell‘undercnt'sr

350 5719 375 5755 ⁸
397 5718 564 5778 Hebr.
594 5688 808 5790 m’ﬂ.
909 5721 930 5753 '
959 5720 1134 5777 Galat.
1168 5737 1239 5787 Iv,
1270 5721 1358 5778 26.
1438 5722 1457 5752 ⁸
1484 5719 1628 5779 Psal.
1655 5735 1857 5785 xum,
1893 5721 1983 5777 2|.
2058 5723 2078 5754 ⁷
2102 5722 2144 5778 ll
2173 5722 2301 5796 Reg.
2335 5740 2448 5789 tux,
2484 5723 2575 5781 10.
