4008 6210
465 286 574 341 84³7

1138 285 1405 345 EUSEBII
1445 283 1931 343 CESARIENSIS
1967 282 2117 343 OPP.
2159 286 2341 342 PARS
2376 283 2466 343 ΠΙ.
2505 311 2577 327 --
2613 284 3022 343 EXEGETICA.

3593 288 3709 346 843

463 407 691 479 vestigia
723 422 862 473 mea,
890 422 1066 478 neque
1095 407 1259 477 pedes
1294 413 1642 462 moverentur
1669 421 1698 460 a
1727 420 1845 460 mea
1884 404 2026 477 apud

2130 405 2339 476 χεῖσθαι
2371 423 2472 477 μου
2512 404 2581 459 τά
2612 405 2944 478 διαδήματα,
2981 406 3113 478 μηδέ
3136 424 3260 471 τους
3277 408 3441 474 πόδας
3472 427 3576 482 μου
3606 429 3681 465 σα

463 505 517 555 te
541 498 793 556 statione.
819 496 1164 569 Quapmpter
1188 497 1315 552 dico
1349 515 1361 551 :
1404 495 1446 550 Τ
1448 496 1641 551 enuisti
1667 511 1879 549 manum
1898 494 2029 549 dex-

463 601 630 647 teram
671 607 862 646 meam.
891 590 1095 646 Bonam
1124 591 1325 662 quippe
1348 588 1625 646 dexteram
1663 587 1860 653 habui,
1888 602 2021 658 prm-

460 682 783 747 validamet
814 687 1120 753 paternam,
1152 680 1375 736 dextera
1406 681 1590 735 omnia
1619 687 1674 734 et
1704 679 1801 734 tibi
1827 680 2028 750 placita

457 779 809 844 peragentem
850 789 863 826 :
897 786 1068 842 quare
1114 778 1332 843 arrepta
1396 771 1510 837 illa,
1553 771 1608 825 in
1642 770 1906 827 voluntate
1937 783 2028 826 tua

457 862 728 918 deduxisti
758 877 875 927 me;
907 863 1022 918 sive
1042 863 1343 918 secundum
1371 859 1782 934 Symmachum,
1806 864 2028 919 consilio

458 963 549 1009 tuo
577 951 780 1008 duxisti
801 969 902 1017 me,
945 969 975 1008 a
1020 954 1238 1009 mortali
1266 970 1352 1009 me
1382 956 1492 1009 vita
1527 953 1841 1019 traducens,
1876 962 1931 1011 et
1959 956 2030 1011 ad

456 1043 814 1114 tranquillum
848 1051 1136 1114 tutumque
1171 1042 1376 1112 requiei
1430 1050 1535 1097 tuae
1585 1049 1804 1113 portum
1857 1041 2027 1098 dedu-

458 1149 624 1203 cens;
661 1135 735 1189 ita
765 1140 824 1189 ut
855 1136 902 1191 si
927 1133 1209 1189 dexteram
1241 1148 1415 1188 meam
1450 1148 1559 1188 non
1589 1133 1884 1200 tenuisses,
1909 1133 2026 1203 jam

456 1227 587 1282 olim
639 1227 799 1298 quasi
846 1242 875 1280 a
930 1233 1175 1282 torrente
1207 1226 1490 1303 abreptus,
1523 1225 1861 1297 pedibusque
1896 1226 2028 1281 sub-

456 1335 671 1384 versus,
709 1319 764 1373 in
816 1326 1118 1375 extremam
1167 1319 1465 1388 perniciem
1518 1319 1772 1388 delapsus
1822 1333 2022 1374 essent.

454 1409 613 1465 Nunc
648 1427 775 1466 vero
813 1421 869 1464 tu
901 1411 1016 1481 ipse
1046 1410 1262 1465 tenuisti
1289 1427 1504 1465 manum
1535 1409 1807 1464 dexteram
1831 1425 2023 1474 meam,

454 1512 504 1556 ct
537 1502 589 1555 in
620 1501 887 1556 voluntate
918 1510 1011 1555 tua
1043 1500 1314 1557 deduxisti
1347 1517 1426 1555 me
1466 1515 1484 1555 :
1532 1515 1596 1555 ac
1642 1502 1864 1556 demum
1901 1507 2028 1572 post

455 1604 786 1652 memoratas
842 1595 1169 1651 tentationes
1236 1602 1291 1650 et
1360 1599 1710 1664 tempestates
1785 1592 2024 1648 animam

2129 496 2378 553 λεύεσθαι
2400 499 2498 570 τῆς
2516 497 2668 571 παρά
2695 500 2775 552 σοὶ
2801 499 3061 563 στάσεως.
3092 500 3183 553 Διό
3218 517 3377 574 φημι·
3423 501 3679 571 Ἐκράτη

2128 603 2245 655 σας
2277 587 2387 657 τῆς
2408 588 2601 658 χειρὸς
2644 587 2757 658 τῆς
2789 588 2990 657 δεξιᾶς
3022 607 3162 660 μου.
3196 587 3354 662 Εἶχον
3382 592 3491 664 γὰρ
3529 592 3708 665 καλὴν

2127 679 2325 747 δεξιὰν,
2360 682 2673 753 ἐρρωμένην
2700 682 2792 737 καὶ
2821 682 3090 754 πατρικὴν
3118 681 3218 752 (l),
3251 682 3321 736 τά
3355 682 3504 749 δεξιὰ
3523 684 3707 738 πάντα

2128 773 2223 828 καὶ
2236 775 2303 829 τά
2323 790 2408 828 σοι
2428 773 2632 845 ἀρεστά
2662 774 3025 848 πράττουσαν*
3055 775 3122 829 δι’
3145 775 3175 829 ὃ
3197 775 3589 849 ἐπιλαϐόμενος
3602 777 3706 830 αὐ-

2128 869 2245 941 τῆς,
2274 865 2349 937 τῇ
2364 866 2568 937 βουλῇ
2591 885 2706 923 σου
2745 866 3064 938 ὠόἠγησάς
3093 883 3189 937 με·
3226 867 3258 938 ἢ
3286 868 3429 923 κατά
3449 869 3541 922 τὸν
3558 867 3715 941 Σύμιν

2129 978 2324 1034 μαχον,
2353 960 2429 1030 τῇ
2448 961 2784 1031 συμϐουλίῃ
2820 976 2936 1016 σου
2971 959 3292 1030 ὡδήγησάς
3316 978 3394 1031 με
3411 1000 3427 1027 ,
3456 961 3549 1016 τὸν
3577 960 3709 1034 θνη-

2126 1050 2218 1107 τὸν
2239 1050 2650 1122 διαπορθμεύων
2672 1048 2805 1120 βίον,
2841 1049 2933 1104 καὶ
2959 1050 3040 1114 είς
3058 1047 3231 1104 εῦδιον
3258 1051 3354 1104 καὶ
3380 1050 3593 1122 ἀσφαλῆ
3620 1051 3708 1105 λι-

2131 1145 2265 1217 μένα
2290 1146 2391 1217 τῆς
2423 1143 2573 1217 παρά
2602 1145 2686 1199 σοὶ
2719 1143 3076 1208 ἀναπαύσεως
3098 1143 3452 1217 χειραγωγῶν
3479 1160 3570 1214 με’
3603 1145 3706 1214 ὡς,

2118 1238 2182 1291 ετ
2198 1254 2262 1307 γε
2288 1236 2361 1309 μὴ
2390 1237 2488 1308 τῆς
2515 1235 2696 1301 δεξιᾶς
2717 1237 2815 1308 τῆς
2839 1236 2978 1309 ἐμῆς
3003 1237 3385 1309 κεκρατήκεις,
3409 1236 3578 1291 πάλαι
3611 1236 3706 1302 ἂν,

2127 1328 2318 1400 ὤσπερ
2372 1328 2476 1382 ὐπὸ
2527 1328 2829 1401 χειμάρρου
2886 1328 3288 1400 κατασύροντος
3343 1331 3707 1402 περιτραπεὶς

2127 1420 2253 1482 τοὺς
2275 1420 2376 1490 τῆς
2397 1418 2571 1491 ψυχῆς
2592 1420 2780 1483 πόδας,
2798 1418 3052 1491 πτώματι
3075 1420 3436 1491 περιέπιπτον
3458 1421 3691 1495 ἐξαισίῳ.

2127 1509 2241 1565 Νῦν
2261 1510 2319 1564 δὲ
2350 1511 2412 1564 σὺ
2439 1510 2602 1574 αὐτὸς
2625 1509 2960 1580 ἐκράτησας
2991 1510 3104 1580 τῆς
3130 1510 3327 1582 χειρὸς
3357 1511 3465 1583 τῆς
3498 1512 3701 1583 δεξιᾶς

2121 1618 2261 1673 μου,
2289 1601 2386 1655 καί
2412 1601 2483 1655 ἐν
2504 1598 2580 1669 τῇ
2594 1599 2799 1670 βουλῇ
2825 1616 2940 1655 σου
2961 1600 3279 1671 ὡδήγησάς
3292 1619 3389 1673 με.
3416 1602 3525 1656 Καὶ
3549 1603 3700 1670 τέλος

455 1690 841 1760 perturbantes
878 1703 1078 1750 meam,
1125 1686 1244 1742 sine
1274 1684 1517 1754 periculo
1544 1698 1641 1754 per
1672 1683 1796 1739 vita:
1826 1682 2026 1739 ﬂuctus

2131 1692 2267 1763 μετά
2293 1694 2417 1756 τούς
2440 1691 2774 1762 δηλωθέντας
2799 1694 3133 1766 πειρασμούς
3158 1694 3398 1759 καὶτοὺς
3427 1697 3706 1767 χειμῶνας

457 1759 752 1836 deductum
787 1796 902 1833 cum
924 1781 1098 1851 gloria
1131 1776 1409 1845 suscepisti
1440 1792 1542 1841 me,
1572 1775 1709 1831 nihil
1743 1775 1798 1830 in
1825 1782 1906 1830 tot
1935 1790 2026 1829 ea-

2128 1759 2253 1849 τούς
2276 1759 2781 1857 ἀναθορυὸήσαντάς
2816 1759 2918 1856 μου
2954 1759 3053 1857 την
3083 1784 3294 1859 ψυχὴν,
3322 1759 3596 1857 διαγαγιύν

458 1876 612 1933 sibus
673 1875 800 1930 mali
861 1888 1202 1945 perpessum.
1260 1870 1573 1927 Secundum
1637 1868 2026 1942 Symmachum

458 1977 661 2034 autent,
699 1967 992 2034 Postremo,
1027 1965 1121 2033 ait,
1143 1963 1309 2019 honor
1326 1979 1405 2017 me
1432 1961 1647 2031 excepit.

527 2257 695 2313 Vens.
726 2253 923 2311 95-28.
968 2250 1110 2320 Quid
1127 2251 1264 2306 enim
1298 2249 1427 2303 mihi
1457 2259 1533 2305 est
1565 2248 1618 2303 in
1652 2248 1804 2315 caelo,
1834 2257 1884 2303 et
1914 2265 1947 2303 a
1979 2256 2029 2302 te

457 2350 582 2424 quid
606 2348 747 2405 volui
784 2361 939 2416 super
967 2345 1205 2429 terram?
1233 2340 1408 2402 Tuus.
1453 2341 1652 2413 inquit,
1699 2357 1827 2414 erga
1857 2341 2029 2397 homi-

459 2460 560 2502 nes
584 2457 760 2506 amor,
782 2436 1160 2496 misericordia
1193 2436 1320 2490 item
1350 2442 1404 2489 et
1440 2434 1610 2505 gratia
1642 2441 1754 2501 tua,
1781 2435 2027 2490 omnium

459 2537 593 2593 mihi
644 2535 916 2591 bonorum
963 2544 1131 2586 causa
1177 2526 1298 2583 fuit.
1362 2525 1479 2581 Tua
1532 2526 1736 2597 quippe
1788 2525 2028 2581 bonitate

456 2645 614 2693 usus,
652 2623 865 2682 tenuisti
905 2638 1120 2676 manum
1173 2618 1449 2675 dexteram
1481 2634 1674 2684 meam,
1706 2625 1762 2672 et
1792 2618 2027 2674 servasti

457 2736 564 2784 nte,
589 2719 661 2773 lta
691 2726 752 2772 ut
782 2730 884 2771 nec
919 2715 1086 2785 pedes
1117 2712 1225 2767 mei
1255 2717 1625 2776 moverentur,
1668 2726 1769 2766 nec
1802 2723 2027 2781 gressus

458 2814 565 2870 mei
589 2810 1024 2868 effunderentur.
1052 2806 1157 2862 Sed
1181 2805 1343 2861 etiam
1377 2822 1496 2859 cum
1541 2805 1714 2877 gloria
1751 2806 2028 2875 suscepisti

457 2920 575 2959 me:
611 2902 869 2973 quoniam
903 2899 1009 2953 hoe
1031 2897 1129 2952 tibi
1160 2903 1346 2966 utpote
1366 2895 1509 2950 bono
1541 2895 1654 2950 Deo
1682 2896 1860 2963 inest;
1893 2895 2026 2950 mihi

453 2999 597 3052 enim
622 2994 755 3048 nihil
781 2992 837 3047 in
867 2991 1008 3046 crelo
1034 2997 1154 3056 est;
1191 2999 1369 3059 neque
1398 2995 1457 3043 ut
1498 2987 1681 3043 debita
1732 2989 1866 3043 mihi
1910 2989 2049 3044 haec-

2127 1874 2424 1940 ἀκινδύνως
2461 1875 2531 1929 τὰ
2565 1877 2659 1931 τοῦ
2701 1875 2815 1947 βίου
2840 1876 3112 1950 ῥεύματα,
3130 1879 3282 1948 μετὰ
3309 1878 3492 1949 δόξης
3522 1898 3703 1951 προσο

2126 1967 2346 2021 ελάδου
2361 1984 2458 2036 με,
2483 1967 2645 2039 μηδὲν
2667 1967 2973 2022 πεπονθότα
2989 1968 3094 2022 ὐπὸ
3106 1969 3215 2022 τῶν
3235 1968 3524 2026 τοσούτων.
3542 1966 3707 2027 Κατᾶ

2125 2059 2186 2114 δέ
2216 2060 2308 2114 τὸν
2345 2060 2659 2139 Σύμμαχον,
2694 2063 3008 2132 Ὕστερον,
3048 2062 3201 2134 φησι,
3230 2062 3368 2133 τιμή
3397 2062 3708 2133 διεδέξατό

2121 2166 2220 2219 με.

2203 2264 2266 2320 Τί
2294 2262 2405 2335 γάρ
2450 2283 2551 2336 μοι
2592 2252 2845 2336 ὑπάρχει
2872 2266 2942 2320 ἐν
2985 2265 3064 2333 τῷ
3105 2266 3357 2336 οὐρανῷ,
3407 2267 3508 2323 καὶ
3542 2269 3708 2339 παρὰ

2128 2354 2244 2411 σοῦ
2280 2357 2339 2411 τί
2368 2355 2639 2425 ἠθέλησα
2661 2357 2760 2411 ἐπὶ
2782 2354 2892 2426 τῆς
2922 2355 3071 2427 γῆς;
3113 2357 3177 2411 Ἠ
3204 2357 3270 2429 σὴ
3299 2358 3704 2431 φιλανθρωπίας.

2129 2447 2283 2521 φησὶ,
2317 2448 2411 2503 καὶ
2443 2448 2503 2502 τὸ
2537 2448 2629 2502 σὺν
2659 2447 2806 2512 ἔλεος
2845 2449 2939 2502 καὶ
2970 2451 3002 2522 ἡ
3034 2449 3195 2522 χάρις
3225 2450 3442 2505 πάντων
3478 2467 3567 2523 μοι
3591 2451 3704 2507 τῶν

2127 2538 2348 2608 ἀγαθῶν
2387 2540 2610 2610 γέγονεν
2640 2540 2806 2595 αίτία.
2843 2539 2921 2613 Τῇ
2964 2541 3071 2621 γὰρ
3121 2540 3317 2597 σαυτοῦ
3358 2543 3704 2615 χρησάμενος

2127 2631 2473 2708 ἀγαθωσύνῃ,
2497 2631 2835 2701 ἐκράτησας
2855 2632 2964 2703 τῆς
2983 2633 3177 2705 χειρὸς
3199 2633 3308 2704 τῆς
3332 2632 3534 2702 δεξιᾶς
3556 2652 3704 2705 μου,

2128 2724 2223 2777 καὶ
2263 2722 2525 2787 διέσωσάς
2570 2741 2638 2794 με
2657 2762 2673 2788 ,
2715 2723 2855 2778 ὥστε
2899 2724 2974 2797 μὴ
3003 2724 3323 2796 σαλευθῆναι
3352 2725 3479 2790 τούς
3510 2725 3702 2792 πόδας,

2132 2816 2266 2888 μηδέ
2295 2816 2611 2889 διαχυθῆναι
2641 2834 2740 2888 μου
2763 2816 2833 2872 τὰ
2861 2816 3190 2890 διαδήματα.
3241 2817 3404 2873 Ἀλλά
3427 2819 3521 2872 καὶ
3551 2818 3709 2889 μετὰ

2127 2905 2309 2975 δόξης
2332 2905 2710 2975 προσελάὄου
2725 2922 2803 2976 με
2818 2921 2832 2935 °
2879 2908 3175 2980 ἐπειδήπερ
3197 2910 3279 2963 σοι
3298 2909 3455 2964 τοῦτο
3471 2908 3547 2973 ὡς
3564 2910 3709 2979 ἀγα-

2129 2998 2206 3070 θῷ
2230 2997 2348 3070 Θεῷ
2379 2998 2638 3070 πάρεστιν
2657 3015 2670 3028 ·
2697 2997 2819 3070 ἐμοὶ
2844 2998 2952 3073 γὰρ
2979 3000 3130 3054 οὐδὲν
3156 3001 3389 3073 ὑπάρχει
3417 3003 3474 3055 ἐν
3499 3000 3576 3073 τῷ
3607 3001 3707 3055 οὐ·-

458 3092 848 3144 accesserunt:
875 3084 1059 3141 nullus
1095 3098 1226 3140 sane
1261 3084 1396 3140 mihi
1427 3083 1655 3138 in'cmlo
1687 3090 1793 3149 est,
1829 3084 1936 3138 nisi
1965 3095 2021 3138 tu

2128 3088 2276 3161 ρανῷ
2300 3130 2316 3155 ,
2364 3089 2484 3143 οὐδὲ
2528 3087 2669 3143 κατά
2716 3088 2935 3160 ὁφειλήν
2966 3106 3055 3160 μοι
3095 3090 3266 3144 ταῦτα
3295 3089 3551 3159 γέγονεν·
3585 3088 3710 3144 ἀλλ’

454 3181 628 3237 solus.
680 3177 862 3259 Quare
905 3175 1048 3231 nihil
1099 3176 1155 3231 in
1191 3185 1337 3232 terra
1367 3175 1517 3233 volui
1547 3176 1647 3231 abs
1672 3185 1725 3231 te
1751 3176 2021 3242 obtinere,

452 3284 631 3341 neque
661 3266 842 3340 optavi
869 3266 1128 3321 mort-ales
1159 3265 1441 3337 lluxasque
1471 3280 1561 3323 res
1585 3266 1870 3337 consequi.
1896 3264 2027 3323 Jure

454 3371 638 3417 autem
674 3360 808 3415 nihil
841 3374 870 3412 a
895 3365 949 3413 te
970 3358 1117 3414 volui
1156 3358 1212 3412 in
1237 3367 1404 3425 terra,
1437 3358 1566 3430 quia
1586 3358 1840 3414 cmlestes
1870 3373 2026 3413 man-

454 3455 638 3510 siones
668 3459 1033 3525 peroptarem,
1048 3458 1102 3506 et
1123 3449 1264 3505 bona
1288 3450 1380 3505 illa
1403 3450 1665 3521 consequi
1684 3456 2013 3520 expeterent.

453 3543 581 3601 Ideo
613 3541 981 3606 tabeseeham,
1014 3540 1295 3612 vitamque
1337 3541 1705 3607 macerabam,
1744 3556 1840 3595 cor
1887 3536 2027 3594 ami-

451 3640 668 3714 gebam,
698 3639 828 3711 quia
868 3646 923 3695 te
952 3638 1122 3695 Deum
1151 3639 1210 3693 in
1237 3637 1353 3709 spei
1399 3653 1534 3694 mea:
1578 3637 1883 3708 portionem
1920 3652 2023 3709 po-

452 3746 691 3789 sueram.
733 3730 1099 3797 Quamobrem
1144 3729 1268 3785 dico
1294 3748 1308 3784 :
1338 3728 1537 3800 Defecit
1568 3746 1692 3784 caro
1724 3746 1835 3784 mea
1862 3739 1911 3784 et
1934 3745 2025 3783 cor

453 3839 664 3886 meum;
700 3823 841 3877 Deus
890 3822 1066 3877 cordis
1100 3820 1201 3874 mei
1229 3830 1280 3875 et
1311 3835 1435 3890 pars
1469 3836 1586 3874 mea
1616 3819 1757 3875 Deus
1786 3821 1841 3874 in
1871 3830 2024 3874 atter-

450 3932 598 3971 num.
632 3915 773 3982 Quia
800 3931 916 3969 ecce
943 3917 1034 3985 qui
1060 3915 1421 3984 elongantsea
1445 3924 1513 3976 te,
1543 3912 1819 3981 peribunt:
1850 3912 2027 3982 perdi-

451 4007 582 4063 disti
613 4024 791 4062 omnes
808 4008 899 4078 qui
926 4008 1262 4076 fornicamur
1280 4005 1375 4061 abs
1397 4016 1465 4061 te.
1485 4005 1621 4059 Mihi
1641 4017 1817 4060 autem
1844 4005 2025 4060 adlim-

454 4112 568 4151 rere
600 4094 706 4150 Deo
741 4094 935 4150 bonum
960 4105 1061 4162 est,
1091 4110 1281 4164 ponere
1316 4097 1373 4147 in
1401 4095 1630 4149 Domino
1651 4110 1792 4164 spem
1814 4111 2022 4162 meam;

452 4199 513 4245 ut
547 4189 858 4244 annuntiem
892 4204 1070 4243 omnes
1096 4185 1281 4242 laudes
1315 4195 1434 4241 tuas
1461 4188 1517 4241 in
1532 4188 1697 4257 portis
1726 4188 1856 4258 ﬁlia:
1870 4188 2021 4245 Sion.

452 4283 721 4356 Superius
758 4281 979 4353 quidem
1017 4280 1309 4336 dicebam:
1346 4279 1416 4333 Et
1449 4298 1543 4352 ego
1587 4296 1789 4352 semper
1816 4291 2022 4348 tecum;

448 4378 565 4433 sive
585 4375 889 4432 secundum
914 4373 1324 4446 Symmachum,
1350 4372 1417 4427 Et
1439 4392 1532 4446 ego
1557 4391 1663 4429 una
1690 4385 1858 4429 tecum
1873 4391 2022 4430 eram

2127 3180 2249 3235 οὐδὲ
2275 3179 2389 3234 ἐστι
2420 3181 2509 3252 μοί
2536 3197 2619 3244 τις
2641 3177 2798 3245 ἄλλος
2827 3183 2884 3235 ἐν
2907 3179 2985 3251 τῷ
3009 3179 3220 3253 οὐρανῷ
3246 3181 3279 3253 ἤ
3312 3183 3377 3236 σὺ
3409 3182 3589 3253 μόνος.
3622 3184 3707 3237 Δι’

2128 3273 2157 3328 δ
2183 3274 2335 3328 οὐδὲν
2375 3274 2467 3327 ἐπὶ
2495 3274 2593 3347 τῆς
2630 3274 2736 3345 γῆς
2779 3274 3016 3348 ἠθέλησα
3049 3274 3199 3346 παρά
3246 3263 3339 3328 σοῦ
3373 3274 3704 3348 κτήσασθαι,

2127 3364 2248 3419 οὐδέ
2277 3363 2527 3437 ηὐξάμην
2553 3368 2736 3437 τυχεῖν
2767 3365 2977 3437 θνητῶν
3008 3367 3101 3420 καὶ
3130 3366 3407 3438 ἐπικήρων
3436 3368 3700 3440 πραγμάο

2124 3475 2255 3512 των.
2276 3457 2515 3522 Εἰκότως
2534 3457 2589 3512 δὲ
2612 3458 2763 3512 οὐδὲν
2786 3458 2937 3531 παρά
2957 3458 3048 3513 σοῦ
3073 3456 3312 3530 ἠθέλησα
3331 3459 3424 3512 ἐπὶ
3443 3460 3541 3530 τῆς
3563 3458 3667 3532 γῆς
3682 3479 3702 3493 ο

2125 3548 2225 3614 τὰς
2246 3549 2353 3621 γὰρ
2375 3552 2432 3603 ἐν
2459 3548 2668 3621 οὐρανῷ
2693 3550 2918 3605 ἐπόθουν
2937 3549 3240 3623 διατριϐὰς,
3264 3549 3488 3604 καὶτῶν
3511 3552 3705 3607 αὐτόθι

2127 3640 2347 3711 ἀγαθῶν
2378 3642 2558 3712 τυχεῖν
2590 3641 2856 3714 ηὐχόμην.
2910 3643 2986 3695 Δι’
3019 3641 3048 3694 ὃ
3079 3642 3378 3715 κατέτηκον
3403 3642 3491 3696 τὸν
3519 3644 3703 3712 ἐμαυ-

2126 3731 2221 3787 τοῦ
2253 3731 2364 3804 βίον
2383 3772 2397 3799 ,
2434 3731 2530 3785 καὶ
2555 3724 2653 3804 τὴν
2685 3733 2777 3785 ἐπὶ
2808 3731 2912 3802 γῆς
2934 3730 3086 3802 -ζωὴν
3115 3731 3469 3804 κατέτρυχον,
3498 3732 3599 3802 τήν
3630 3748 3696 3785 τε

2128 3824 2353 3897 καρδίαν
2381 3841 2480 3895 μου
2506 3822 2854 3888 κατεπόνουν,
2887 3823 2947 3877 σὲ
2973 3823 3131 3895 μόνον
3149 3822 3242 3877 τὸν
3261 3822 3391 3879 Θεὸν
3407 3824 3501 3895 τῆς
3522 3824 3701 3893 ἐμαυο

2124 3896 2218 3969 τοῦ
2253 3912 2464 3977 ἐλπίδος
2496 3912 2689 3985 μερίδα
2714 3913 3011 3984 τιθέμενος.
3065 3912 3226 3967 Ὅθεν
3254 3913 3427 3984 φημίο
3471 3912 3705 3979 Ἑξέλι-

2126 4020 2242 4060 acer
2285 4007 2323 4074 η
2368 4002 2525 4074 σάρξ
2566 4022 2685 4074 μου
2723 4003 2823 4059 καὶ
2854 4004 2891 4072 ἠ
2928 4003 3142 4073 καρδία
3166 4021 3317 4074 μων
3350 4007 3386 4061 ό
3420 4002 3564 4071 Θεὸς
3588 4002 3705 4072 τῆς

2126 4095 2373 4167 καρδίας
2398 4113 2538 4166 μου,
2563 4095 2663 4150 καὶ
2696 4096 2734 4165 η
2767 4096 2937 4166 μερίς
2949 4098 3117 4165 μουό
3147 4094 3290 4163 Θεὸς
3314 4096 3402 4163 εὶς
3428 4095 3536 4149 τὸν
3563 4094 3706 4149 αἰῶ-

2125 4178 2221 4243 νά.
2277 4187 2405 4241 Ὀτι
2441 4184 2569 4240 ἰδοὺ
2625 4188 2679 4241 οἱ
2704 4187 3113 4256 μακρύνοντες
3144 4185 3397 4253 ἑαυτοὺς
3419 4185 3540 4241 ἀπὸ
3582 4185 3707 4241 σοῦ

2125 4278 2494 4336 ἀπολοῦνται
2508 4296 2522 4310 ·
2538 4276 2988 4347 ἐξωλόθρευσας
3006 4277 3201 4332 πάντα
3215 4276 3320 4332 τὸν
3333 4277 3705 4347 acaprde

2127 4371 2246 4426 ἀπὸ
2274 4369 2412 4425 σοῦ.
2442 4370 2599 4440 Ἐμοὶ
2626 4369 2694 4425 δὲ
2713 4369 2779 4425 τὸ
2799 4367 3296 4440 προσκολλᾶσθαι
3320 4368 3402 4436 τῷ
3427 4372 3549 4438 Θεῳ
3565 4368 3705 4441 ἀτα-

447 4486 691 4540 semper;
722 4469 978 4525 nimirum
1010 4469 1135 4532 ﬁde.
1168 4468 1450 4525 voluntate
1482 4478 1538 4524 et
1575 4468 1869 4525 dilectione
1893 4483 2023 4541 erga

2128 4465 2237 4520 θόν
2261 4465 2414 4529 ἐστι,
2447 4465 2708 4520 τίθεσθαι
2731 4463 2802 4519 ἐν
2827 4461 2909 4530 τῷ
2929 4464 3126 4534 Κυρίῳ
3157 4461 3272 4533 τὴν
3323 4462 3538 4518 ἐλπίδα
3555 4479 3703 4534 μου,

447 4574 681 4617 tumea:
711 4577 859 4618 nunc
900 4568 1082 4616 autem
1126 4576 1348 4616 causam
1391 4566 1578 4631 aperte
1607 4560 1827 4631 profero
1856 4576 2030 4632 quare

450 4669 561 4707 una
600 4662 781 4708 tecum
830 4668 1046 4724 semper
1074 4652 1292 4718 fuerim,
1324 4660 1486 4722 teque
1516 4651 1822 4724 portionem
1848 4667 2025 4709 meam

452 4744 752 4814 posuerim.
786 4743 1035 4800 Sciebam
1069 4744 1237 4811 enim,
1266 4758 1330 4798 ac
1353 4745 1513 4814 plane
1544 4759 1870 4816 persuasum
1891 4740 2027 4798 mihi

415 4822 431 4847 ”
450 4842 590 4898 erat,
622 4835 881 4905 quoniam
915 4835 1021 4901 Qui
1043 4834 1289 4905 elongant
1317 4850 1373 4888 se
1390 4850 1425 4887 a
1456 4844 1525 4901 te,
1551 4834 1791 4904 peribunt
1817 4850 1838 4888 :
1857 4848 2031 4905 quare

450 4940 564 4981 non
608 4940 696 4980 me
729 4926 827 4980 abs
855 4933 907 4979 te
938 4923 1142 4988 amovi,
1174 4924 1390 4980 etiamsi
1443 4924 1763 4979 meouomiae
1793 4930 1900 4978 tua:
1936 4938 2028 4978 ra-

452 5018 659 5072 tionem
690 5016 1024 5086 ignorarem,
1076 5015 1174 5071 sed
1223 5031 1333 5070 una
1372 5024 1550 5072 tecum
1582 5030 1733 5071 eram
1783 5031 2022 5087 semper.

456 5109 591 5166 Sese
625 5123 789 5181 porro
843 5125 872 5163 a
919 5109 1031 5166 Deo
1073 5119 1326 5166 amovent
1382 5116 1653 5180 quotquot
1687 5109 1928 5178 peccatis
1964 5117 2028 5191 et

454 5202 633 5258 atheis
663 5202 955 5271 impiisque
990 5199 1413 5271 cogitationibus
1436 5216 1496 5257 se
1523 5198 1633 5256 Deo
1654 5199 1861 5257 alienos
1890 5216 2027 5256 con-

454 5295 690 5351 stituunt
743 5312 755 5348 :
811 5293 903 5363 qui
954 5300 1162 5363 quanto
1209 5291 1429 5362 longius
1482 5291 1551 5346 ab
1599 5307 1666 5348 eo
1713 5291 2026 5356 discedunt,

454 5396 605 5445 tanto
642 5385 903 5459 perniciei
939 5383 1300 5455 propinquius
1327 5382 1634 5449 accedunt;
1667 5392 1725 5439 ut
1750 5384 1869 5439 vice
1901 5398 2025 5438 ver-

451 5496 536 5545 sa,
572 5479 683 5537 Deo
710 5476 1016 5549 conjuncti,
1048 5490 1174 5531 cum
1199 5476 1307 5530 vita
1357 5474 1707 5544 copulantur,
1736 5483 1792 5530 et
1840 5490 1869 5528 a
1901 5489 2025 5544 per-

453 5573 596 5629 uicie
628 5591 689 5631 se
720 5579 993 5628 amovent.
1019 5567 1172 5627 Finis
1194 5583 1357 5641 porro
1385 5584 1575 5625 eorum
1602 5569 1696 5639 qui
1727 5583 1758 5623 a
1780 5567 1889 5624 Deo
1912 5567 2026 5625 dis-

527 5727 603 5798 (1)
637 5726 737 5784 Ms.
777 5727 1082 5799 πρακτικήν

2128 4556 2235 4612 τοῦ
2279 4556 2617 4627 ἐξαγγεῖλαι
2662 4555 2865 4624 πάσας
2898 4555 3007 4623 τὰς
3033 4556 3294 4623 αἱνέσεις
3322 4554 3534 4617 aeut-3r
3572 4555 3705 4622 ταῖς

2129 4649 2348 4716 πύλαις
2381 4647 2489 4717 τῆς
2510 4647 2799 4720 θυγατρὸς
2830 4647 3001 4703 Σιών.
3052 4646 3331 4718 Ἀνωτέρω
3365 4646 3463 4717 μὲν
3494 4647 3702 4718 ἔλεγον,

2128 4740 2238 4796 Καὶ
2263 4739 2379 4812 ἐγὼ
2410 4738 2733 4808 διαπαντὸς
2758 4738 2909 4810 μετὰ
2937 4740 3082 4795 σοῦ’
3115 4739 3149 4812 ἦ
3184 4740 3327 4794 κατά
3349 4740 3443 4794 τὸν
3474 4739 3704 4811 Σύμμα-

2128 4850 2243 4905 χον,
2275 4835 2385 4889 Kal
2419 4833 2704 4905 συνήμην
2722 4849 2822 4890 σοι
2849 4833 3202 4901 διαπαντός·
3230 4836 3297 4905 τῇ
3331 4834 3514 4887 πίστει
3537 4832 3705 4906 δηλα-

2127 4924 2191 4996 δὴ
2223 4926 2316 4979 καὶ
2348 4928 2413 4997 τῇ
2450 4926 2767 4998 προαιρέσει
2796 4926 2890 4980 καὶ
2914 4929 2982 4999 τῇ
3006 4925 3141 4998 πρὸς
3173 4925 3235 4981 σὲ
3261 4927 3448 4997 ἀγάπῃ
3466 4943 3480 4957 ⁸
3504 4926 3625 4982 νυνὶ
3644 4924 3703 4978 δὲ

2129 5017 2223 5072 καὶ
2245 5017 2341 5089 τὴν
2369 5017 2548 5072 αἰτίαν
2576 5017 2874 5090 καθίστημι
2896 5017 3152 5089 φανερὰν,
3174 5017 3241 5072 δι’
3262 5018 3329 5089 ἢν
3349 5019 3600 5088 συνήμην
3620 5032 3705 5069 σοι

2128 5108 2420 5173 διαπαντὸς
2438 5148 2454 5175 ,
2484 5109 2579 5165 καὶ
2604 5110 2663 5163 σὲ
2699 5110 2889 5181 μερίδα
2920 5108 3174 5181 ἐτιθέμην
3199 5108 3457 5181 ἐμαυτοῦ.
3516 5108 3706 5181 ’ῌδειν

2129 5201 2256 5272 γὰρ,
2276 5201 2370 5254 καὶ
2398 5200 2642 5275 ἀκριϐῶς
2672 5202 3035 5274 ἐπεπείσμην,
3063 5202 3145 5256 ὅτι
3190 5204 3255 5255 Ol
3291 5200 3707 5271 μακρύγοντες

2128 5293 2381 5360 ἑαυτοὺς
2398 5292 2518 5349 ἀπὸ
2543 5293 2658 5348 σοῦ
2688 5294 3083 5350 ἀπολοῦνταιο
3112 5292 3178 5347 δι’
3205 5292 3235 5346 δ
3266 5293 3367 5347 οὐκ
3394 5290 3712 5363 ἐμάχρυνον

2131 5386 2385 5462 ἐμαυτὸν,
2421 5384 2622 5457 καίπερ
2652 5385 2860 5456 ἀγνοῶν
2888 5387 3010 5449 τούς
3038 5385 3226 5454 λόγους
3252 5387 3349 5456 τῆς
3380 5386 3481 5456 σῆς
3502 5382 3711 5454 διοική-

2133 5494 2270 5542 σεως
2294 5519 2309 5545 ,
2337 5477 2473 5534 ἀλλά
2511 5478 2759 5551 συνήμην
2790 5497 2869 5533 σοι
2900 5478 3205 5543 διαπαντός.
3265 5475 3622 5553 Μακρύνουσι
3649 5474 3714 5529 δὲ

2132 5570 2359 5636 ἐαυτοῦς
2386 5572 2434 5626 οἱ
2458 5566 2579 5637 ταῖς
2608 5571 2790 5627 αὐτῶν
2817 5572 3109 5644 ἁμαρτίαις
3142 5571 3237 5627 καὶ
3264 5571 3373 5635 τοῖς
3398 5567 3581 5634 ἀθέοις
3612 5565 3715 5623 καὶ
