4008 6210
325 272 432 330 ιιιθ

1448 266 1951 328 COMMENTARIA
1990 270 2057 327 ΙΝ
2097 271 2438 332 PSALMOS.

3336 328 3344 336 .
3459 274 3576 332 850-

325 368 546 445 ἀσεϐέσι
592 386 871 459 λογισμοῖς
914 384 1224 457 ἀλλοτρίους
1267 384 1489 450 ἑαυτοὺς
1529 386 1926 452 moneam;

2029 388 2218 453 edunt,
2255 400 2338 446 est
2384 392 2658 455 intentus,
2697 399 2880 462 utpote
2902 392 2995 463 qui
3026 406 3056 446 a
3112 390 3221 448 Deo
3267 408 3365 448 ceu
3400 391 3576 447 forni-

330 480 426 537 τοἰί
453 480 589 536 Θεοῦ
608 499 621 511 ·
654 480 851 543 οἵτινες
891 479 1001 550 ὅσῳ
1034 477 1365 562 πορρωτάτω
1393 477 1559 532 αὐτοῦ
1593 479 1894 548 γίγνονται,

2001 482 2107 537 cati
2138 482 2361 539 fuerint.
2392 482 2537 539 Deus
2568 498 2802 556 namque
2830 484 3103 539 neminem
3129 492 3365 546 amovet,
3392 498 3568 553 neque

330 574 570 644 τοσούτῳ
594 573 659 644 τῇ
691 571 934 642 ἀπωλείᾳ
964 570 1345 642 πλησιάζουσιν
1363 586 1377 601 ⁸
1397 567 1473 635 ὡς
1504 570 1759 643 ἔμπαλιν,
1778 587 1899 625 συν-

2027 574 2104 630 ιιιε
2130 589 2191 631 se
2219 575 2472 646 repellit;
2522 576 2620 634 sed
2671 575 2905 647 quisque
2952 590 3074 631 sese
3123 573 3359 630 alienum
3394 589 3424 627 a
3460 573 3568 628 Deo

330 666 627 738 απεόμενοι
672 664 752 736 τῷ
795 662 933 735 Θεῷ,
965 665 1029 735 τῇ
1062 663 1158 735 μὲν
1180 664 1291 735 ζωῇ
1318 664 1697 728 συνάπτονται,
1718 663 1818 735 τῆς
1843 662 1900 717 δὲ

334 753 610 818 ἀπωλείας
638 752 1021 825 μακρύνονται.
1054 751 1216 816 Τέλος
1235 752 1292 805 δὲ
1317 751 1427 806 τῶν
1448 753 1670 815 ἑαυτοὺς
1697 768 1899 824 μακρο-

337 847 535 903 νόντων
553 845 769 918 δλεθρος
792 844 1069 915 τυγχάνει,
1095 844 1189 898 ἀτε
1212 843 1276 915 δὴ
1300 843 1776 916 ἐκπορνευσάντων
1796 843 1904 898 ἀπὺ

337 938 432 994 τοῦ
465 936 622 992 Θεοῦ.
670 934 732 993 '0
761 937 859 1008 μὲν
883 931 974 991 οὖν
1005 936 1138 1000 Θεὸς
1168 935 1359 990 οὐδένα
1394 935 1659 1008 μακρύνει
1684 934 1902 1000 ἐαυτοῦ,

2005 659 2157 729 facit,
2186 661 2315 717 dum
2340 679 2439 719 ceu
2474 663 2798 731 fornicatur,
2830 665 3180 734 animamque
3226 677 3383 719 suam
3412 662 3567 718 dedi-

2005 752 2182 809 titiam
2215 754 2454 813 inimicis
2482 756 2575 813 Dei
2603 756 2790 812 tradit.
2813 755 2917 824 Qui
2943 771 3075 812 vero
3105 757 3328 827 proprio
3356 756 3570 811 delectu

2006 860 2129 901 sese
2164 854 2439 912 amovent,
2473 849 2698 903 exitium
2733 849 2838 905 sibi
2876 849 3178 904 attrahunt.
3213 847 3285 904 lis
3318 863 3448 903 vero
3476 849 3571 919 qui

2005 950 2129 991 sese
2161 937 2419 1007 perniciei
2443 938 2791 1007 dediderunt,
2824 939 2968 996 Deus
3000 939 3145 1010 quod
3197 947 3449 1012 superest
3481 940 3577 993 ad-

334 1030 457 1085 οὐδὲ
482 1029 777 1085 ἀιαυθεῖται
792 1045 806 1060 ·
830 1026 945 1082 ἀλλ’
970 1028 1200 1091 ἕκαστος
1225 1027 1418 1082 ἑαυτὸν
1444 1027 1793 1105 ἀπαλλοτριοῖ
1810 1027 1905 1082 τοῦ

2028 1026 2145 1082 icit.
2182 1026 2322 1093 Quid
2364 1028 2497 1083 illud
2547 1031 2669 1085 est?
2697 1028 3009 1095 Perdidisti,
3051 1032 3246 1102 inquit,
3280 1047 3456 1086 omnes
3487 1031 3576 1101 qui

335 1122 495 1187 Θεοῦ,
520 1120 862 1193 ἐκπορνεύων
906 1120 1121 1192 καὶίτὴν
1148 1119 1341 1174 ἐαυτοῦ
1366 1119 1541 1192 ψυχὴν
1564 1119 1776 1174 ἔκδοτον
1804 1137 1909 1174 πα-

342 1213 585 1286 ραδιδοῦς
610 1215 721 1278 τοῖς
750 1213 845 1267 τοῦ
870 1212 1005 1268 Θεοῦ
1033 1211 1314 1276 ἐναντίοις.
1366 1212 1430 1264 Οί
1460 1212 1516 1265 δὲ
1547 1211 1911 1283 μακρύνοντες

340 1305 566 1369 ἑαυτοὺς
587 1304 647 1369 ἐξ
664 1303 869 1368 οίκείας
894 1302 1266 1376 προαιρέσεως
1284 1300 1623 1357 ἐπισπῶνται
1644 1301 1764 1356 καθ’
1788 1302 1912 1356 ἐαυ-

342 1396 448 1452 τῶν
467 1395 567 1468 τὴν
590 1393 882 1451 ἀπώλειαν.
914 1393 1147 1458 Τούτους
1171 1386 1228 1446 δέ
1254 1394 1321 1463 τῇ
1342 1391 1586 1463 ἀπωλείᾳ
1604 1390 1911 1447 οἰκειωθέν-

341 1505 442 1553 τας
470 1489 500 1542 ὁ
526 1487 659 1551 Θεὸς
688 1486 850 1550 αύτὸς
874 1485 936 1539 τὸ
961 1485 1088 1558 ἑξῆς
1118 1483 1408 1555 διατίθησι.
1440 1483 1506 1536 Τί
1532 1483 1588 1537 δὲ
1621 1479 1689 1556 ἦν
1719 1482 1911 1548 τοῦτο;

354 1577 859 1646 Ἐξωλόθρευσας,
885 1577 1019 1648 φησὶ
1034 1615 1050 1640 ,
1072 1574 1266 1630 πάντα
1282 1575 1390 1630 τὸν
1409 1576 1775 1644 πορνεύοντα
1797 1577 1913 1631 ἀπὸ

341 1670 484 1726 σοῦ.
528 1669 787 1743 Πορνεύει
817 1669 874 1723 δὲ
899 1668 1008 1722 ἀπὸ
1035 1666 1128 1723 τοῦ
1156 1667 1289 1721 Θεοῦ
1310 1669 1339 1722 ὁ
1370 1666 1508 1738 μετά
1531 1666 1593 1721 τδ
1622 1666 1915 1738 πλησιάσαι

2008 1118 2345 1187 fornicamur
2367 1119 2461 1175 abs
2496 1131 2562 1176 te.
2590 1121 2915 1179 Fornicatur
2943 1138 2973 1177 a
3008 1122 3138 1188 Deo,
3171 1126 3262 1195 qui
3287 1133 3576 1195 postquam

2009 1213 2076 1268 ad
2106 1229 2229 1269 eum
2263 1215 2491 1285 prepius
2516 1225 2850 1280 accesserat,
2873 1218 2942 1273 ab
2964 1219 3085 1289 ipso
3113 1219 3576 1289 procul'recedit.

2010 1300 2129 1374 ipse
2164 1320 2397 1375 namque
2419 1306 2710 1362 humanam
2732 1309 2970 1364 animam
2990 1309 3347 1380 desponsare,
3376 1317 3429 1364 et
3455 1326 3581 1381 pro-

2011 1393 2126 1462 pria
2160 1396 2372 1449 sentina
2412 1396 2466 1451 in
2522 1397 2667 1451 illam
2710 1399 2894 1467 jacere
2945 1414 3052 1454 non
3091 1398 3452 1471 dedignatur;
3489 1402 3582 1456 illa

2013 1501 2143 1541 vero
2165 1487 2431 1544 recedens
2457 1489 2525 1544 ab
2565 1505 2651 1555 eo,
2687 1504 2919 1562 seseque
2967 1492 3089 1546 aliis
3142 1492 3439 1550 admovens
3489 1495 3583 1565 qui

2017 1577 2278 1634 fornicari
2317 1593 2442 1635 cum
2483 1595 2546 1635 ea
2579 1581 2828 1651 cupiunt,
2864 1583 3119 1655 malignis
3143 1584 3351 1640 scilicet
3376 1584 3585 1655 spiriti—

2016 1669 2138 1731 bus,
2166 1675 2221 1725 et
2243 1669 2472 1740 impuris
2501 1672 2869 1736 daemonibus,
2906 1680 3001 1727 aut
3031 1673 3213 1744 impiis
3241 1674 3590 1745 cogitationi-

346 1762 498 1834 αύτῷ
526 1760 805 1834 μακρύνας
832 1760 1042 1816 ἐαυτόν.
1094 1758 1262 1823 Αύτδς
1289 1759 1388 1830 μὲν
1415 1758 1524 1831 γὰρ
1554 1760 1649 1814 καὶ
1673 1759 1915 1831 νυμφεύ-

2027 1762 2142 1823 bus,
2189 1761 2304 1816 sive
2335 1761 2493 1817 foedis
2536 1762 2877 1833 impurisque
2909 1762 3267 1827 facinoribus,
3310 1766 3433 1835 jure
3470 1778 3589 1834 per-

349 1856 504 1911 εσθαι
521 1856 622 1910 ούκ
638 1853 858 1919 ἀπαξιοῖ
870 1853 968 1926 τὴν
981 1851 1322 1924 ἀνθρωπίνην
1339 1850 1537 1922 ψυχὴν,
1555 1854 1647 1906 καὶ
1661 1850 1730 1907 τὰ
1743 1854 1916 1907 οίκεῖα

352 1946 640 2018 σπέρματα
667 1946 724 1997 ἐν
752 1943 886 2015 αὐτῇ
918 1941 1374 2001 καταϐάλλεσθαν
1424 1943 1459 2014 ἡ
1483 1942 1540 1996 δέ
1569 1940 1918 2017 μακρύνουσα

349 2036 546 2108 ἑαυτὴν
565 2035 659 2089 καὶ
682 2035 885 2107 ἑτέροις
911 2031 1221 2105 παρέχουσα
1245 2034 1359 2097 τοῖς
1382 2033 1807 2104 καταπορνεύειν
1828 2034 1919 2086 αύ-

348 2129 448 2201 τὴν
479 2126 753 2191 ἐθέλουσι,
801 2124 1072 2196 πνεύμασι
1103 2128 1356 2196 πονηροῖς
1386 2126 1481 2180 καὶ
1507 2125 1755 2197 δαίμοσιν
1786 2126 1921 2180 ἀκα-

350 2217 588 2292 θάρτοις,
616 2218 649 2288 ἢ
683 2216 959 2288 λογισμοῖς
990 2216 1168 2281 ἀθέοις
1197 2218 1292 2271 καὶ
1319 2216 1594 2281 ἀσεϐέσιν,
1626 2217 1659 2287 ἢ
1690 2217 1918 2289 πράξεσι

352 2310 575 2382 μιαραῖς
594 2311 689 2364 καὶ
710 2308 1060 2379 ἀκαθάρτοις,
1077 2310 1299 2372 εἰκότως
1317 2308 1523 2381 ὀλέθρῳ
1544 2309 1919 2380 παραδίδοται.

348 2399 441 2455 Διὸ
460 2399 707 2454 λέλεκται
726 2417 739 2430 ·
778 2399 1253 2469 Ἐξωλόθρευσας
1274 2398 1469 2453 πάντα
1488 2400 1592 2454 τὸν
1610 2402 1923 2470 πορνεύον-

350 2508 423 2546 ra
449 2491 567 2547 ἀπὸ
586 2491 724 2546 σοῦ.
772 2491 931 2544 Ἀλλά
954 2491 1063 2563 γὰρ
1093 2492 1265 2545 ταῦτα
1290 2490 1448 2555 εἰδὼς
1475 2490 1608 2561 ἐγὼ,
1640 2492 1736 2547 καὶ
1766 2494 1923 2565 ἀκρι-

353 2584 463 2649 ϐῶς
486 2584 847 2656 πεπεισμένος
881 2584 1009 2656 περὶ
1028 2586 1125 2655 τῆς
1156 2585 1256 2655 σῆς
1275 2584 1491 2648 δικαίας
1512 2585 1746 2655 κρίσεως
1765 2626 1781 2646 ,
1826 2586 1924 2657 τὴν

356 2676 599 2731 ἐναντίαν
630 2675 852 2748 εἱλόμην
870 2677 981 2740 τοῖς
1012 2676 1249 2741 ἀσεϐέσι,
1272 2677 1476 2750 καίπερ
1503 2677 1578 2749 μὴ
1601 2677 1736 2731 νοῶν
1762 2676 1830 2731 τὰ
1856 2677 1926 2730 σὰ

359 2769 635 2842 μυστήρια
654 2786 668 2801 ο
701 2768 837 2823 ἀλλὰ
870 2768 962 2821 καὶ
1002 2770 1279 2841 κτηνώδης
1316 2770 1602 2842 γενόμενος
1642 2771 1791 2843 παρὰ
1821 2771 1923 2836 σοὶ,

356 2862 504 2935 ὅμως
528 2867 771 2935 συνήμην
796 2878 879 2916 σοι
906 2862 1210 2925 διαπαντός.
1239 2863 1404 2917 Οὐδὲν
1427 2862 1537 2936 γὰρ
1561 2865 1686 2936 ἐμοὶ
1713 2862 1926 2919 κάλλιον

357 2955 606 3025 ἐφαίνετο
628 2952 722 3007 τοῦ
744 2952 1173 3024 προσκολλᾶσθαι
1192 2970 1273 3006 σοι
1296 2954 1374 3025 τῷ
1389 2953 1506 3027 ἐμῷ
1527 2950 1665 3025 Θεῷ,
1686 2955 1779 3009 καὶ
1805 2953 1930 3009 ταῦ-

354 3062 427 3101 τα
448 3045 716 3117 αἱρεῖσθαι
744 3046 885 3115 ἅπερ
935 3046 1101 3110 αὐτὸς
1130 3045 1333 3119 ὥρισας
1353 3048 1448 3101 καὶ
1468 3049 1736 3101 ἐνετείλω.
1771 3047 1928 3102 Οὕτω

360 3138 471 3209 γὰρ
555 3105 930 3205 κολλώμενίπ
950 3136 1031 3203 τῷ
1056 3105 1249 3206 ιῖυρίῳ
1369 3139 1605 3210 πνεῦμά
1622 3141 1773 3194 ἐστι.
1808 3141 1928 3193 Διό-
1954 3105 1997 3164 c

362 3245 469 3301 περ
495 3230 616 3300 ἐμοὶ
638 3228 787 3282 οὐδὲν
814 3224 1030 3282 κάλλιον
1048 3229 1169 3283 οὐδέ
1196 3233 1439 3302 κρεῖττον
1463 3232 1814 3302 κατεφαίνετο
1835 3231 1930 3286 τοῦ

363 3319 794 3391 προσκολλᾶσθαι
819 3336 922 3374 σοι.
958 3321 1049 3374 Διό
1069 3337 1230 3392 φημι,
1254 3322 1337 3376 ὅτι
1370 3322 1530 3392 Ἐμοὶ
1550 3323 1617 3377 τὸ
1643 3326 1933 3392 προσκολ-

360 3412 582 3469 λᾶσθαι
612 3411 692 3478 τῷ
718 3410 839 3479 Θεῷ
863 3413 1088 3483 ἀγαθόν
1109 3414 1296 3469 ἐστιν.
1322 3415 1383 3468 El
1412 3414 1523 3487 γὰρ
1542 3414 1713 3479 οὐδεὶς
1731 3413 1934 3484 ἀγαθὸς

364 3507 411 3560 εἰ
441 3506 516 3577 μὴ
545 3499 627 3569 εἷς
656 3505 686 3558 ό
715 3505 848 3569 Θεὸς
867 3544 883 3569 ,
920 3504 1084 3558 πόθεν
1116 3504 1183 3560 ἂν
1212 3505 1421 3575 γένοιτο
1451 3507 1622 3579 ἑτέρῳ
1649 3524 1702 3561 τι
1733 3507 1935 3577 ἀγαθον

368 3598 398 3669 ἢ
419 3600 483 3652 ἐκ
503 3596 598 3651 τοῦ
626 3596 1061 3670 προσκολλᾶσθαι
1085 3596 1265 3668 αύτῷ;
1287 3599 1397 3652 Καὶ
1415 3599 1515 3670 ἥδη
1540 3600 1638 3671 μὲν
1656 3600 1936 3673 ἀπήλαυον

366 3682 568 3749 παντὸς
596 3684 799 3754 ἀγαθοῦ
816 3723 832 3749 ,
886 3682 1224 3757 κολλώμενος
1269 3686 1364 3741 καὶ
1416 3689 1812 3761 συναπτόμενος
1861 3690 1937 3762 τῷ

366 3776 484 3849 Θεῷ
501 3794 516 3808 ·
561 3776 699 3832 ὥστε
722 3777 898 3848 λέγειν
915 3794 930 3810 ο
978 3775 1306 3846 Ἐκολλήθη
1332 3779 1524 3834 ὀπίσω
1551 3796 1667 3835 σου
1700 3782 1739 3846 ἡ
1768 3780 1938 3851 ψυχή

362 3886 501 3940 μου.
561 3870 669 3924 Καὶ
705 3871 786 3934 είς
823 3869 915 3924 τὸν
969 3869 1228 3940 μέλλοντα
1253 3870 1312 3925 δὲ
1356 3871 1545 3944 χρόνον
1571 3871 1783 3941 ἀγαθὰς
1811 3872 1940 3927 ύπέ-

368 3978 576 4035 γραςον
594 3961 811 4026 ἐλπίδας
831 3960 1072 4033 ἐμαυτῷ.
1106 3962 1333 4033 Ἔτερόν
1362 3980 1422 4017 τε
1441 3962 1601 4017 τοῦτο
1619 3964 1822 4033 ἀγαθόν
1848 3981 1938 4036 μοι

367 4049 469 4125 ἦν,
494 4053 557 4109 τὸ
585 4055 847 4110 τίθεσθαι
885 4055 955 4109 ἐν
986 4054 1183 4123 Κυρίῳ
1212 4054 1328 4124 τὴν
1356 4054 1574 4111 ἐλπίδα
1598 4073 1738 4126 μου.
1774 4056 1939 4121 Τέλος

370 4145 479 4218 γάρ
511 4163 600 4218 μοι
622 4147 722 4219 τῆς
749 4147 930 4220 πάσης
955 4148 1169 4214 ἐλπίδος
1196 4144 1263 4222 ἦν
1289 4149 1351 4203 τδ
1369 4150 1707 4222 ἐξαγγεῖλαι
1734 4150 1938 4219 πάσας

368 4238 476 4305 τὰς
516 4238 777 4307 αἱνέσεις
815 4256 932 4296 σου
969 4242 1040 4296 ἐν
1076 4241 1206 4310 ταῖς
1242 4244 1464 4310 πύλαις
1503 4242 1615 4312 τῆς
1649 4244 1937 4313 θυγατρὸς

370 4330 542 4387 Σιών.
589 4332 958 4399 Καταξιωθεὶς
982 4333 1091 4405 γὰρ
1118 4334 1218 4405 τῆς
1250 4337 1330 4400 είς
1360 4336 1459 4408 τὴν
1497 4335 1650 4391 πόλιν
1682 4352 1776 4390 σου
1803 4335 1938 4389 είσό-

2018 1855 2179 1911 niciei
2209 1854 2458 1910 traditur.
2499 1852 2679 1921 Quare
2707 1855 2912 1909 dictum
2944 1864 3062 1911 est:
3092 1854 3388 1911 Perdidisti
3409 1871 3585 1910 omnes

2016 1948 2106 2019 qui
2137 1948 2469 2017 fornicamur
2492 1946 2586 2001 abs
2617 1955 2684 2002 te.
2722 1946 2922 2003 Verum
2944 1963 3044 2017 ego
3066 1948 3179 2004 haec
3198 1948 3366 2019 probe
3382 1949 3584 2009 sciens,

2020 2054 2084 2093 ac
2114 2039 2273 2109 plane
2303 2037 2371 2092 de
2396 2037 2549 2108 justo
2574 2036 2782 2106 judicio
2810 2047 2903 2092 tuo
2935 2052 3257 2107 persuasus,
3296 2037 3587 2091 adversam

2020 2129 2204 2200 impiis
2218 2128 2351 2200 elegi
2378 2130 2541 2195 viam,
2565 2127 2780 2185 etiamsi
2802 2128 3056 2200 mysteria
3081 2137 3171 2182 tua
3192 2143 3301 2183 non
3321 2127 3592 2197 intellige-

2021 2238 2134 2278 rent
2151 2240 2167 2290 ;
2187 2221 2281 2278 sed
2297 2231 2350 2278 et
2378 2221 2631 2292 quamvis
2649 2228 2708 2275 ut
2721 2220 3026 2292 jumentum
3048 2220 3225 2277 factus
3247 2235 3424 2277 essent
3444 2219 3589 2290 apud

2022 2323 2095 2379 te,
2115 2321 2350 2370 attamen
2380 2329 2487 2368 una
2506 2323 2685 2368 tecum
2702 2328 2849 2368 eram
2870 2328 3104 2383 semper.
3129 2313 3272 2368 Nihil
3296 2313 3442 2368 enim
3464 2313 3588 2383 pul-

2023 2405 2210 2462 chrius
2243 2404 2371 2458 mihi
2422 2405 2709 2459 videbatur
2758 2419 2902 2470 esse,
2948 2420 3110 2474 quam
3165 2406 3262 2460 tibi
3314 2404 3421 2460 Deo
3472 2420 3592 2460 meo

2024 2498 2324 2559 adhaerere,
2356 2497 2557 2566 illaque
2600 2496 2825 2565 diligere
2860 2512 2981 2565 qua:
3017 2505 3072 2548 tu
3104 2495 3321 2566 jussisti
3359 2510 3421 2549 ac
3453 2510 3591 2564 prae-

2025 2588 2236 2659 cepisti.
2262 2587 2337 2642 Ita
2361 2588 2506 2643 enim
2543 2587 2630 2657 qui
2670 2585 2900 2639 adhaeret
2932 2584 3157 2639 Domino
3206 2600 3341 2638 unus
3372 2584 3592 2650 spiritus

2024 2692 2100 2738 est
2126 2684 2168 2738 ⁸.
2200 2682 2325 2736 Ideo
2368 2679 2502 2735 nihil
2545 2678 2674 2731 mihi
2712 2676 3012 2748 pulchrius,
3050 2675 3184 2729 nihil
3217 2674 3411 2728 melius
3442 2675 3589 2727 vide--

2026 2776 2209 2837 batur,
2239 2786 2402 2845 quam
2437 2770 2712 2826 adhaerere
2742 2769 2862 2825 tibi.
2910 2768 3252 2839 Quapropter
3275 2765 3423 2827 dico,
3459 2764 3594 2819 Mihi

2029 2867 2296 2922 adhwrere
2325 2864 2429 2919 Deo
2462 2864 2652 2918 bonum
2676 2871 2774 2917 est.
2819 2860 2953 2916 Nam
2983 2861 3030 2916 si
3081 2875 3242 2915 nemo
3280 2859 3458 2914 bonus
3488 2859 3595 2912 nisi

2030 2973 2172 3013 unus
2221 2956 2387 3016 Deus.
2440 2954 2713 3011 undenam
2772 2953 2865 3007 alii
2924 2952 3163 3023 cuipiam
3211 2950 3338 3005 boni
3390 2950 3598 3020 aliquid

2030 3048 2332 3112 advenerit,
2359 3047 2465 3102 nisi
2515 3061 2579 3100 ex
2627 3060 2692 3099 eo
2724 3044 2868 3114 quod
2898 3042 3010 3098 Deo
3053 3041 3364 3097 adhaereat?
3394 3040 3457 3094 Et
3482 3032 3607 3111 jam

2030 3139 2248 3211 quidem
2269 3138 2418 3193 omni
2448 3136 2667 3193 fruebar
2696 3140 2859 3199 bono,
2888 3136 3170 3190 adhaerens
3190 3142 3243 3189 et
3270 3134 3601 3202 conjunctus

2034 3230 2183 3297 Deo;
2220 3232 2296 3286 ita
2329 3239 2385 3286 ut
2404 3232 2642 3286 dicerem
2676 3250 2687 3283 :
2726 3228 2964 3283 Adhaesit
2992 3228 3173 3281 anima
3202 3242 3316 3279 mea
3339 3235 3457 3295 post
3488 3235 3536 3278 te
3555 3227 3598 3279 ’.

2034 3321 2275 3392 Itemque
2324 3321 2392 3375 ad
2446 3319 2687 3375 futurum
2743 3319 3001 3375 saeculum
3049 3317 3249 3372 bonam
3286 3317 3416 3370 mihi
3449 3329 3602 3386 spem

2034 3413 2290 3483 ascripsi.
2325 3413 2392 3468 Et
2420 3428 2554 3468 sane
2588 3412 2735 3467 aliud
2758 3425 2975 3482 quoque
2995 3408 3127 3464 mihi
3156 3408 3359 3463 bonum
3388 3407 3599 3466 aderat,

2037 3506 2269 3573 scilicet,
2317 3520 2506 3574 ponere
2549 3505 2604 3557 in
2648 3502 2876 3559 Domino
2920 3516 3062 3570 spem
3095 3514 3285 3553 meam.
3313 3496 3446 3551 Nam
3476 3494 3604 3551 finis

2035 3600 2218 3656 omnis
2249 3597 2368 3669 spei
2413 3597 2544 3653 mihi
2588 3602 2727 3663 erat,
2763 3604 2821 3648 ut
2850 3594 3159 3651 annuntiem
3190 3607 3368 3646 omnes
3421 3588 3607 3643 laudes

2038 3702 2158 3748 tuas
2186 3692 2240 3747 in
2263 3691 2432 3761 portis
2465 3689 2593 3760 ﬁlia:
2616 3686 2763 3744 Sion.
2796 3684 3077 3757 Siquidem
3110 3685 3360 3753 ingressu
3390 3682 3445 3736 in
3477 3681 3607 3737 civi-

2035 3788 2203 3838 tatem
2237 3788 2390 3836 tuam
2418 3778 2693 3850 dignatus,
2733 3776 2799 3833 de
2832 3791 2941 3848 qua
2984 3774 3239 3845 superius
3268 3772 3559 3829 dicebatur
3589 3788 3603 3825 :

2036 3874 2281 3937 Domine,
2332 3873 2389 3927 in
2421 3872 2631 3927 civitate
2663 3882 2756 3924 tua
2785 3869 3070 3940 imaginem
3098 3866 3335 3937 ipsorum
3366 3863 3435 3918 ad
3468 3862 3608 3917 nihi-

2039 3963 2150 4018 lum
2177 3961 2413 4035 rediges;
2434 3976 2559 4017 cum
2582 3960 2747 4016 etiam
2770 3958 2838 4015 ad
2861 3958 3114 4014 caelestes
3137 3964 3324 4028 portas
3351 3967 3611 4009 conscen-

2041 4056 2239 4121 derim,
2260 4063 2353 4110 tua
2386 4069 2515 4126 erga
2545 4068 2633 4109 me
2665 4050 2925 4108 beneficia
2971 4049 3226 4105 omnibus
3275 4045 3606 4118 praedicabo.

2044 4150 2147 4207 Ubi
2178 4150 2508 4206 constitutus
2536 4146 2806 4219 promissa
2830 4157 3139 4215 consequar
3165 4151 3277 4207 tua,
3318 4156 3434 4209 qua:
3485 4153 3613 4191 ocu-

2043 4242 2126 4296 lus
2155 4258 2258 4296 ιιοιι
2291 4240 2443 4307 vidit,
2475 4256 2567 4295 nec
2598 4239 2744 4294 auris
2774 4234 2998 4296 audivit,
3030 4250 3121 4288 nec
3150 4234 3205 4286 in
3249 4248 3340 4285 cor
3385 4227 3613 4283 [conuiuis

2047 4333 2394 4390 ascenderunt
2418 4332 2483 4389 ¹⁶.
2530 4330 2683 4385 Talia
2728 4330 2929 4400 quippe
2960 4325 3105 4381 Deus
3138 4322 3459 4394 prwparavit
3489 4318 3617 4372 dili-

368 4420 483 4485 δου,
516 4424 646 4495 περὶ
666 4419 736 4496 ἦς
756 4424 1012 4497 ἀνωτέρω
1039 4423 1285 4494 ἐλέγετο’
1314 4427 1491 4494 Κύριε
1509 4463 1524 4491 ,
1565 4426 1636 4479 ἐν
1663 4424 1737 4494 τῇ
1768 4426 1926 4481 πόλει

2045 4423 2285 4497 gentibus
2318 4440 2392 4478 se.

370 4527 487 4569 σου
519 4513 633 4583 τὴν
650 4518 852 4571 είκόνα
870 4515 1068 4571 αὐτῶν
1091 4515 1537 4583 ἐξουθενιώσεις,
1566 4517 1660 4571 καὶ
1691 4519 1813 4580 ταῖς
1837 4517 2032 4582 πύλαις
2073 4521 2194 4581 ταῖς
2228 4516 2572 4588 ἐπουρανίοις
2619 4512 2819 4577 ἐπιϐὰς
2846 4556 2862 4582 ,
2930 4508 3259 4581 ἀνακηρύξω
3327 4506 3441 4566 τοῖς
3485 4501 3619 4588 πᾶσι

368 4605 468 4670 τάς
491 4607 572 4670 εἰς
593 4608 694 4679 ἐμέ
726 4624 818 4662 σου
838 4608 1175 4680 εὐεργεσίας.
1208 4608 1375 4663 Ἔνθα
1401 4609 1690 4679 γενόμενος
1713 4610 1808 4662 καὶ
1865 4608 1974 4663 τῶν
2010 4586 2379 4679 ἐπαγγελιῶνί
2419 4624 2513 4661 σου
2554 4606 2811 4677 τεύξομαι
2834 4645 2847 4669 ,
2884 4602 2957 4669 ἅς
2987 4599 3292 4670 ὀφθαλμός
3324 4597 3436 4649 οὐκ
3474 4586 3618 4652 εἶδε.

370 4699 466 4753 καὶ
489 4694 598 4766 οὖς
608 4702 717 4756 οὐκ
742 4700 984 4771 ἤκουσε,
1002 4701 1103 4758 καὶ
1118 4701 1480 4772 ἐπικαρδίαν
1495 4701 1807 4774 ἀνθρώπου
1823 4704 1935 4757 οὐκ
1969 4703 2173 4759 ἀνέϐη.
2209 4701 2445 4758 Τοιαῦτα
2470 4701 2577 4773 γὰρ
2599 4701 2925 4770 ἡτοίμασεν
2947 4700 2978 4751 ό
3005 4694 3148 4759 Θεὸς
3205 4692 3329 4757 τοῖς
3394 4682 3623 4757 ἀγαπῶ·

367 4804 474 4843 σιν
497 4792 703 4848 αὐτόν.

441 4904 534 4977 Μὴ
569 4907 817 4978 κείμενον
842 4908 899 4962 δὲ
928 4910 984 4962 ἐν
1007 4907 1085 4981 τῷ
1126 4908 1417 4981 Ἐϐραῖκῷ,
1456 4910 1589 4982 μηδέ
1646 4911 1800 4984 παρά
1830 4914 1942 4975 τοῖς

372 4997 580 5064 λοιποῖς
598 5001 953 5074 ἑρμηνευταῖς
973 5002 1033 5057 τὸ
1050 5003 1121 5059 ἐν
1141 5003 1271 5070 ταῖς
1284 5004 1502 5071 πύλαις
1521 5004 1631 5075 τῆς
1652 5005 1942 5077 θυγατρὸς

373 5088 544 5156 Σιὼν,
580 5093 729 5165 παρά
765 5093 945 5165 μόνοις
968 5094 1025 5147 δὲ
1050 5097 1163 5159 τοῖς
1200 5094 1593 5167 Ἐϐδομήκοντα
1620 5097 1941 5169 φερόμενον,

286 5230 289 5231 ,
373 5180 679 5249 ὠϐέλισται,
707 5183 796 5238 διὰ
821 5185 883 5239 τὸ
910 5186 1004 5239 καὶ
1027 5187 1274 5258 περιττὸν
1302 5182 1459 5242 εἶναι.
1494 5187 1570 5241 Τὸ
1592 5187 1700 5260 γὰρ
1726 5186 1944 5242 πάντων

373 5273 579 5345 ἀγαθὸν
615 5276 767 5341 τέλος
809 5277 894 5331 ἐπ’
928 5276 1097 5347 αὐτὴν
1131 5278 1253 5347 ἄγει
1294 5278 1393 5351 τὴν
1426 5279 1744 5350 ἐπουράνιον
1781 5277 1940 5344 Σιὼν,

371 5367 497 5439 ἥτις
536 5363 604 5439 ἧν
632 5370 664 5440 ἡ
702 5368 1066 5441 ἀποδεδομένη
1086 5370 1180 5423 τοῦ
1217 5370 1350 5425 Θεοῦ
1384 5374 1442 5426 ἐν
1479 5372 1725 5443 οὐρανοῖς
1756 5372 1943 5438 πόλις,

373 5455 643 5533 θυγατρὸς
670 5460 808 5516 Σιὼν
832 5462 1125 5533 νοουμένης
1149 5462 1250 5532 τῆς
1269 5464 1398 5536 παρ’
1426 5464 1559 5536 ἡμῖν
1599 5462 1942 5536 Ἐκκλησίας,

373 5552 450 5619 ὡς
476 5552 565 5608 διὰ
597 5553 804 5608 πολλῶν
834 5554 1108 5620 ἀποδεῖξαι
1137 5556 1334 5628 ῥᾴδιον.

437 5709 460 5741 ⁸
490 5707 509 5761 ι
535 5707 662 5765 Cor.
692 5725 767 5775 vi,
800 5709 886 5764 l7.
962 5711 981 5742 °
1015 5707 1161 5766 Psal.
1201 5726 1334 5780 uti,
1361 5711 1414 5767 9.
1494 5710 1539 5744 ’°
1567 5709 1587 5764 1
1615 5711 1741 5768 Cor.
1776 5724 1835 5778 ιι,
1862 5710 1915 5763 9.

2129 4907 2267 4963 Cum
2299 4913 2481 4961 autem
2534 4902 2690 4969 illud,
2724 4902 2775 4955 in
2802 4900 2967 4969 portis
3024 4897 3155 4968 ﬁliw
3176 4892 3324 4962 Sion,
3357 4909 3533 4965 neque
3565 4908 3621 4947 in

2050 4997 2338 5064 Hebraico,
2369 5012 2546 5068 neque
2595 4993 2737 5064 apud
2792 4993 3032 5062 reliquos
3068 4985 3616 5056 interpretesjawat,

2050 5091 2147 5147 sed
2163 5088 2304 5161 apud
2325 5089 2474 5146 solos
2491 5086 2845 5157 Septuaginta
2868 5081 3197 5153 lnterpretcs
3216 5079 3445 5141 feratur,
3462 5073 3619 5130 obelo

2051 5187 2294 5245 notatur,
2341 5179 2471 5251 quia
2516 5175 2848 5247 superﬂuum
2888 5181 2993 5231 est.
3047 5171 3230 5227 Bonus
3259 5171 3460 5241 quippe
3502 5179 3619 5218 om-

2052 5273 2202 5329 nium
2238 5273 2362 5330 linis
2413 5272 2482 5327 ad
2513 5272 2686 5342 ipsam
2717 5268 2847 5324 Sion
2880 5268 3157 5323 cmleslem
3192 5263 3361 5325 ducit,
3392 5271 3511 5328 quae
3536 5260 3621 5308 est

2051 5369 2140 5424 illa
2161 5370 2273 5439 jam
2312 5365 2514 5421 tradita
2547 5364 2739 5421 civitas
2760 5361 2854 5417 Dei
2881 5362 2950 5425 in
2971 5359 3145 5416 cmiis.
3185 5353 3320 5409 Nam
3343 5344 3618 5439 aliusue.

2053 5435 2294 5515 Eeciesia
2335 5466 2521 5514 nostra
2544 5473 2667 5515 esse
2698 5455 3044 5526 intelligitur,
3074 5457 3133 5507 ut
3168 5443 3417 5516 pluribus
3459 5435 3621 5492 facile

2053 5565 2137 5613 est
2165 5553 2541 5626 comprobare.
