4014 6206
602 349 703 406 851

813 466 866 520 1.
906 464 1383 526 INTELLECTUS
1429 471 1677 528 ASAPH.
1718 471 1950 529 LXXIII.

601 560 635 639 ί
674 575 888 647 thuid,
922 578 1085 645 Deus,
1136 582 1378 651 repulisti
1427 586 1483 639 in
1528 586 1708 655 linem,
1738 586 1910 641 iratus
1954 596 2033 642 est
2061 586 2167 651 ,ία-

595 685 688 727 ror
745 683 863 728 tuus
897 690 1053 744 super
1104 691 1220 731 oues
1278 693 1489 747 pascua
1543 687 1647 733 tua:
1666 682 1693 735 2
1752 678 1833 735 Ad
1894 678 2163 735 dictorum

594 763 1006 833 intelligentiam
1057 781 1161 822 nos
1184 767 1388 822 excitat
1436 775 1492 823 et
1528 768 1723 825 invitat
1753 770 1977 840 spiritus
2034 786 2164 843 pro-

593 854 862 926 pheticus.
933 854 1039 922 Qui
1080 873 1259 927 neque
1297 861 1567 929 psalmum
1630 862 1699 917 de
1747 878 1919 931 more,
1985 880 2162 936 neque

589 946 891 1012 canticum,
921 964 1099 1020 neque
1126 948 1413 1021 hymnum,
1444 966 1624 1023 neque
1647 952 1778 1024 quid
1804 954 1983 1010 simile
2004 957 2061 1011 in
2090 957 2161 1012 ti-

589 1041 705 1098 tulo
739 1043 1025 1110 indicavit,
1066 1046 1194 1114 quia
1238 1045 1416 1102 tristia
1449 1048 1825 1103 cnuntiantur.
1863 1047 1968 1105 Ubi
2008 1051 2160 1107 vide-

587 1140 681 1187 tur
711 1135 1040 1205 supplicatio
1072 1137 1363 1205 contineri,
1386 1136 1455 1195 de
1475 1152 1586 1209 qua
1618 1138 1837 1195 divinus
1860 1141 2157 1212 Apostolus

587 1236 860 1296 praecepta
893 1228 1077 1294 dabat,
1129 1229 1322 1287 dicens
1357 1237 1609 1302 oportere
1652 1246 1755 1287 nos
1783 1247 1974 1289 omnes
1996 1235 2155 1291 emit-

587 1329 703 1375 tere
735 1322 1167 1385 obsecrationes,
1214 1338 1426 1394 preces,
1471 1324 1918 1396 supplicationes.
1949 1328 2152 1398 gratim

586 1428 708 1468 rum
751 1415 996 1472 actiones
1025 1417 1092 1469 ¹².
1123 1416 1223 1473 Hic
1269 1418 1454 1490 itaque
1482 1433 1664 1475 sermo
1706 1417 1874 1474 Deum
1922 1421 2155 1492 alloqui-

585 1512 701 1569 tur,
725 1509 889 1574 atque
919 1504 1104 1560 futura
1132 1513 1192 1560 ut
1217 1505 1331 1576 jam
1362 1506 1636 1577 praeterita
1660 1507 1976 1579 prophetice
1998 1524 2154 1565 enar-

584 1604 694 1660 rat,
736 1605 1064 1667 postremam
1105 1598 1231 1653 item
1261 1597 1729 1669 Jerosolymorum
1787 1600 2150 1671 obsidionem,

583 1703 707 1757 qua:
730 1698 855 1758 post
881 1689 1174 1746 salutarem
1197 1687 1505 1746 Adventum
1537 1704 1567 1743 a
1598 1688 1860 1748 Romanis
1888 1690 2030 1749 facta
2044 1703 2149 1760 est,

1277 349 1546 407 EUSEBII
1584 351 2064 412 CrESARIENSIS
2102 355 2249 414 OPP.
2293 356 2471 412 PARS
2506 356 2683 412 III.--
2721 353 3125 413 EXEGETICA.
3658 360 3734 415 85!

2186 484 2243 541 Δ

2601 475 2949 529 massas
2978 473 3066 545 To
3104 471 3305 525 una.
3349 472 3464 528 or'.

2351 588 2521 642 Ἰνατί
2538 626 2553 651 ,
2583 590 2617 641 ὀ
2650 586 2813 652 Θεὸς,
2846 583 3067 640 ἀπώσω
3122 586 3208 651 εις
3239 583 3403 651 τέλος
3421 622 3436 647 ,
3468 583 3685 655 ὠργίσθη
3711 591 3734 641 ό

2268 681 2456 749 θυμός
2485 692 2603 733 σου
2628 677 2727 732 ἐπὶ
2754 677 3017 746 πρόϐατα
3043 674 3230 746 νομῆς
3251 690 3394 739 σου;
3419 675 3641 747 Διεγιίρει
3665 676 3736 748 μὲν

2269 772 2416 841 ἡμᾶς
2440 769 2534 824 καὶ
2561 771 2819 841 παρορμᾷ
2842 768 2935 822 ἐπὶ
2959 767 3058 839 τὴν
3079 766 3187 821 τῶν
3207 767 3490 838 λεγομένων
3510 765 3738 821 (nivem.va

2269 861 2487 934 πνεῦμα
2524 859 2593 914 τὸ
2639 858 2991 932 προφητικὸν.
3046 856 3183 912 Οὔτε
3209 857 3267 912 δὲ
3293 856 3488 929 ψαλμὸν
3514 857 3736 930 ἐπιγράφει

2268 954 2533 1027 συνήθως,
2565 952 2688 1007 οὗτε
2717 951 2859 1024 ᾠδὴν
2876 991 2893 1017 ,
2925 949 3049 1005 οὔτε
3076 948 3261 1021 ὖμνον,
3288 949 3403 1003 οὐδέ
3427 968 3475 1003 τι
3499 950 3590 1004 τῶν
3609 966 3735 1020 παρα-

2265 1043 2525 1115 πλησίων,
2550 1043 2639 1100 διὸ.
2655 1044 2718 1097 τὸ
2739 1040 3057 1115 σκυθρωπὸν
3073 1039 3183 1094 τῶν
3202 1038 3651 1109 ἀπαγγελλομένων.
3673 1039 3734 1091 Ἕν

2262 1132 2344 1204 οἷς
2367 1138 2512 1192 δοκεῖ
2540 1135 2774 1201 ἔντευξις
2800 1133 3176 1206 περιέχεσθαι,
3211 1131 3334 1201 περὶ
3359 1126 3423 1203 ἧς
3442 1132 3469 1183 ὁ
3489 1129 3605 1188 θεῖος
3625 1129 3736 1183 Ἀπή-

2264 1229 2449 1294 στολος
2472 1226 2822 1290 διεκελεύετο,
2842 1225 2949 1281 δεῖν
2970 1224 3142 1294 λέγων
3159 1224 3360 1286 πάντας
3379 1224 3510 1294 ἡμᾶς
3533 1221 3734 1276 ποιεῖσθαι

2260 1319 2502 1392 δεήσεις,
2532 1317 2867 1390 προσευχάς,
2897 1315 3182 1381 ἐντεύξεις,
3209 1314 3543 1386 εὐχαριστίας.
3571 1314 3731 1381 Ἐνιυγ-

2260 1412 2411 1482 χάνει
2442 1410 2571 1479 γοῦν
2595 1410 2626 1463 ὁ
2653 1409 2810 1478 λόγος
2831 1406 3059 1479 τῷΘεῷ,
3091 1405 3431 1480 προφητικῶς
3457 1402 3518 1458 τὰ
3539 1402 3729 1475 μέλλοντα

2257 1502 2334 1567 ὡς
2364 1501 2730 1574 παρῳχηκότα
2759 1499 2969 1565 διεξιὼν
2986 1539 3002 1565 ,
3036 1498 3130 1552 καὶ
3155 1497 3253 1568 τὴν
3282 1494 3500 1566 ἐσχάτην
3524 1494 3726 1564 σημαίνων

2259 1595 2571 1668 πολιορκίαν
2597 1594 2698 1664 τῆς
2724 1591 3075 1667 Ἰερουσαλὴμ
3099 1590 3199 1664 τὴν
3223 1588 3327 1644 ὑπὸ
3360 1586 3601 1658 Ῥωμαίων
3619 1602 3727 1653 γενο-

2260 1687 2428 1759 μένην
2456 1684 2593 1758 μετά
2620 1686 2719 1757 τὴν
2747 1687 3010 1759 σωτήριον
3026 1682 3352 1758 Παρουσίαν.
3377 1680 3477 1734 Καὶ
3495 1677 3635 1733 ταῦτα
3655 1695 3728 1749 μηο

584 1779 878 1850 signiﬁcat.
916 1781 982 1836 Et
1032 1782 1146 1837 haec
1189 1797 1314 1837 cum
1352 1782 1595 1838 nondum
1633 1785 1967 1842 constitutus
1998 1786 2140 1842 locus

2256 1779 2315 1834 δὲ
2346 1778 2637 1842 συστάντος
2656 1795 2743 1832 πω
2767 1775 2862 1831 τοῦ
2884 1778 3049 1833 τόπου
3073 1774 3460 1849 προαναφωνεῖ.
3492 1771 3541 1826 '0
3562 1770 3639 1842 μὲν
3653 1769 3730 1839 γὰρ

582 1880 751 1935 esset,
769 1876 1120 1944 praenuntiat.
1153 1874 1583 1947 EtenimAsaph,
1617 1879 1711 1949 qui
1735 1879 1851 1935 hac
1879 1880 2140 1936 vaticina-

2184 1863 2222 1916 Β
2260 1871 2454 1942 ’Λσάφ,
2482 1872 2551 1926 δι’
2573 1866 2635 1927 οὗ
2658 1872 2828 1927 ταῦτα
2855 1870 3258 1943 προεφητεύετο
3274 1909 3289 1935 ,
3312 1869 3574 1939 σύγχρονος
3591 1863 3728 1932 γέγαθε

580 1969 690 2019 tur.
726 1966 953 2035 aequalis
998 1966 1188 2021 Davidi
1239 1976 1391 2035 erat;
1425 1966 1685 2025 Salomon
1725 1984 1857 2026 vero
1889 1978 2012 2043 post
2043 1970 2140 2026 Da-

2252 1962 2331 2035 τῷ
2359 1964 2548 2020 Δαυῖδ·
2595 1963 2843 2035 Σολομὼν
2869 1964 2925 2018 δὲ
2954 1963 3092 2035 μετὰ
3122 1962 3223 2034 τὴν
3250 1959 3342 2015 τοῦ
3371 1957 3517 2013 Δαυῖδ
3538 1953 3731 2023 τελευτὴν

580 2055 724 2110 vidis
744 2066 995 2121 mortem,
1036 2059 1293 2129 templum
1325 2060 1620 2116 exstruxit.
1649 2060 1786 2117 Cum
1813 2069 1992 2117 autem
2014 2060 2140 2119 duas

2252 2056 2520 2127 οἰκοδομεῖ
2543 2057 2637 2111 τὸν
2671 2055 2830 2112 νεών.
2889 2055 2992 2109 Δύο
3019 2054 3076 2108 δὲ
3109 2052 3393 2126 πορθήσεις
3420 2046 3729 2120 προθεωρήσας

580 2147 689 2203 loci
720 2150 1056 2204 vastationes
1085 2150 1449 2221 praevidisset,
1482 2153 1720 2223 priorem
1747 2153 1958 2209 scilicet
1985 2167 2017 2206 a
2043 2151 2140 2207 Ba-

2248 2146 2344 2202 τοῦ
2363 2146 2551 2212 τόπου,
2586 2149 2684 2219 τήν
2709 2163 2771 2200 τε
2798 2144 3067 2218 προτέραν
3087 2143 3190 2215 τὴν
3211 2141 3315 2196 ὑπὸ
3336 2137 3641 2194 Βαϐυλωνίων
3661 2149 3729 2202 γε·

580 2238 839 2310 hyloniis,
870 2247 926 2296 et
953 2236 1250 2297 secundam
1280 2258 1310 2296 a
1352 2241 1616 2299 Romanis
1652 2242 1885 2311 factam;
1911 2244 2147 2314 priorem

579 2330 801 2402 quidem
834 2332 891 2385 in
933 2347 1095 2387 LXXIX
1131 2334 1363 2403 psalmo,
1399 2341 1455 2390 et
1501 2334 1560 2390 in
1602 2351 1789 2390 ιιιιιι
1840 2335 2144 2407 signiﬁcat;

578 2423 940 2492 posteriorem
970 2439 1101 2480 vero
1130 2425 1184 2478 in
1223 2426 1478 2493 praesenti
1522 2426 1828 2498 prophetia,
1856 2443 2020 2498 quam
2063 2429 2145 2484 sic

580 2516 836 2570 orditur:
884 2514 1101 2588 thuid,
1147 2515 1322 2585 Deus,
1359 2518 1600 2587 repulisti
1649 2520 1705 2573 in
1756 2520 1937 2589 ﬁnem,
1972 2522 2144 2576 iratus

576 2617 657 2662 est
687 2608 838 2677 [uror
864 2618 985 2663 tuus
1020 2627 1176 2680 super
1221 2627 1338 2665 oves
1381 2626 1592 2679 pascam
1622 2614 1767 2668 tuas?
1798 2611 2141 2669 Postremum

577 2712 816 2768 namque
869 2708 923 2753 et
966 2699 1237 2771 integrum
1291 2700 1511 2757 illorum
1546 2701 1819 2758 excidium
1875 2719 1987 2759 non
2033 2705 2142 2759 alio

574 2799 822 2861 tempore
862 2790 984 2853 fuit,
1021 2806 1184 2861 quam
1213 2807 1337 2847 cum
1370 2792 1630 2847 Senator
1657 2802 1712 2848 et
1748 2792 2011 2850 Dominus
2049 2810 2142 2851 no-

576 2888 689 2937 ster
718 2882 1045 2935 sententiam
1083 2891 1273 2936 contra
1316 2883 1441 2938 illos
1479 2885 1602 2939 tulit
1629 2884 1856 2941 dicens:
1890 2885 2024 2942 Ecce
2050 2904 2137 2943 re-

575 2970 841 3039 linquetur
875 2971 1020 3025 uobis
1063 2970 1249 3026 domus
1282 2982 1455 3026 uestra
1498 2974 1707 3030 deserta
1729 2976 1792 3031 “.
1830 2977 1909 3033 Ac
1950 2993 2139 3035 conse-

572 3070 807 3133 quenter
837 3078 995 3117 sacer
1037 3061 1332 3135 Apostolus
1379 3075 1503 3136 post
1541 3082 1725 3123 rerum
1761 3069 1968 3124 exitum
2000 3070 2139 3126 dixit

573 3154 642 3209 de
691 3154 802 3209 illis
846 3154 1133 3211 scribens:
1161 3155 1404 3211 Pervenit
1446 3157 1516 3212 ad
1555 3176 1643 3215 eos
1680 3161 1764 3215 ira
1806 3162 1860 3215 in
1891 3162 2133 3231 finem“.

570 3244 675 3300 llic
713 3260 846 3301 vero
891 3246 1155 3316 prapheta
1204 3249 1513 3305 minutatim
1565 3266 1650 3315 ea,
1690 3268 1814 3324 quas
1851 3253 1981 3309 huic
2017 3254 2138 3309 loco

569 3335 831 3395 Romanae
856 3339 1162 3397 obsidionis
1194 3349 1439 3414 tempore
1486 3348 1855 3418 contigerunt,
1895 3347 2139 3404 declarat

567 3433 658 3488 his
684 3433 867 3488 verbis
897 3454 909 3487 :
944 3432 1112 3501 Quasi
1130 3436 1182 3487 in
1215 3435 1350 3490 silva
1392 3437 1655 3508 lignorum
1681 3441 1954 3496 securibus
1994 3442 2140 3496 exci-

568 3526 759 3579 derunt
782 3524 983 3595 jauuus
1004 3525 1117 3596 ejus
1160 3528 1216 3581 in
1279 3528 1545 3599 idipsum,
1578 3530 1829 3586 videlicet
1864 3530 2141 3604 Jerosoly-

568 3630 673 3671 mae
693 3632 708 3679 ;
728 3631 782 3668 in
813 3616 985 3682 securi
1011 3625 1060 3669 et
1094 3617 1243 3671 ascia
1282 3616 1579 3687 dejecerunt
1616 3637 1753 3675 eam.
1788 3620 2137 3678 Incenderuut

529 3705 687 3772 ~igue
715 3706 1075 3759 sanctuarium
1110 3714 1289 3768 tuum;
1319 3708 1373 3761 in
1399 3718 1540 3763 terra
1565 3708 1863 3779 polluerunt
1890 3712 2136 3767 taberna-

566 3792 744 3845 culum
780 3796 1006 3848 uomiuis
1050 3795 1147 3851 tui.
1177 3794 1334 3861 Quod
1378 3798 1424 3851 si
1451 3798 1575 3868 quis
1603 3799 1800 3855 dixerit
1821 3801 1936 3856 haec
1971 3802 2136 3857 etiam

564 3893 812 3954 tenipore
853 3885 1275 3958 Babyloniorum
1308 3897 1460 3959 gesta
1489 3906 1636 3956 esse,
1680 3892 1932 3950 advertas
1975 3895 2134 3950 velim

564 3990 688 4044 qua:
721 3986 1047 4045 sequuntur,
1074 3978 1237 4048 Signa
1269 3990 1450 4035 nostra
1479 3998 1584 4037 non
1612 3983 1860 4049 vidimus,
1883 3984 2004 4055 jam
2033 4001 2136 4039 non

562 4076 643 4121 est
673 4067 945 4135 propheta,
982 4079 1031 4123 et
1065 4086 1157 4123 nos
1185 4088 1287 4125 non
1320 4082 1590 4141 cognoscet
1626 4075 1872 4142 amplius.
1899 4075 2033 4130 Nam
2059 4076 2136 4133 si-

562 4172 669 4227 gna
711 4158 823 4213 haec
851 4169 1008 4214 erant
1040 4160 1204 4216 Deum
1237 4163 1510 4232 inspicere
1547 4172 1601 4218 et
1634 4179 1827 4221 curare
1847 4166 2133 4222 ludaicam

563 4260 798 4318 gentem,
823 4264 945 4304 cum
973 4252 1106 4322 ipsis
1129 4252 1420 4323 prophetas
1448 4254 1601 4311 daret
1627 4274 1640 4309 :
1674 4257 1943 4327 siquidem
1966 4257 2134 4314 etiam

562 4357 688 4397 cum
720 4343 862 4399 male
884 4360 943 4399 se
969 4353 1240 4415 gererent.
1274 4345 1569 4417 prophetas
1599 4347 1733 4418 ipsis
1760 4365 1861 4405 ceu
1891 4350 2134 4406 medicos

562 4441 617 4488 et
651 4444 961 4492 servatores
989 4439 1378 4494 constituebat.
1411 4437 1503 4493 Sic
1551 4440 1607 4495 in
1638 4442 1815 4511 prima
1846 4442 2133 4499 obsidione

2248 2240 2480 2312 νομένην
2504 2281 2519 2305 ,
2571 2239 2664 2295 καὶ
2689 2238 2785 2310 τὴν
2814 2237 3071 2309 δευτέραν
3100 2234 3202 2306 τὴν
3228 2234 3330 2289 ὑπὸ
3364 2230 3636 2324 Ῥωμαίωνῖ

2251 2333 2348 2403 μὲν
2369 2331 2589 2405 πρώτην
2614 2329 2703 2384 διά
2742 2328 2833 2384 τοῦ
2857 2329 2933 2383 00'
2978 2326 3195 2400 ψαλμοῦ
3229 2324 3465 2396 σημαίνει
3482 2321 3563 2375 καὶ
3579 2318 3730 2371 διὰτοῠ

2247 2423 2365 2491 πϐθ,
2394 2423 2493 2496 τὴν
2522 2424 2579 2477 δὲ
2595 2422 2829 2493 ὑστάτην
2852 2420 2939 2476 διὰ
2963 2422 3063 2492 τῆς
3086 2417 3227 2491 μετά
3254 2421 3429 2490 χεῖρας
3448 2409 3729 2486 προφητείαῆ

2243 2511 2312 2590 ἦς
2337 2515 2640 2587 ἀπάρχεται
2673 2514 2844 2584 λέγων
2868 2530 2881 2544 ο
2929 2513 3136 2578 ⁹1νατί,
3191 2515 3224 2567 ὀ
3270 2510 3441 2601 Θεὸς,
3469 2505 3651 2561 ἀπώσω
3671 2502 3735 2601 είς

2242 2606 2447 2673 τέλος,
2474 2605 2733 2675 (lin-(0'01;
2764 2608 2797 2660 δ
2834 2605 3019 2675 θυμός
3057 2619 3181 2659 σου
3209 2602 3306 2656 ἐπὶ
3336 2600 3568 2669 πρόϐατα
3588 2600 3733 2663 νομῆς

2243 2711 2359 2755 σου
2376 2713 2395 2760 ;
2438 2697 2601 2761 Τέλος
2630 2696 2738 2770 γάρ
2770 2697 2948 2762 αὺτοῖς
2983 2694 3283 2758 παντελοῦς
3310 2688 3632 2750 άποπτώσεως
3652 2680 3732 2736 οὐδ’

2241 2788 2427 2844 ἄλλοτε
2456 2791 2696 2859 γέγονεν,
2725 2790 2759 2861 ἢ
2790 2789 2878 2842 ὅτε
2903 2790 2932 2844 ὁ
2958 2788 3150 2860 Σωτὴρ
3180 2788 3274 2842 καὶ
3302 2785 3491 2857 Κύριος
3513 2778 3640 2851 ἡμῶν
3659 2773 3731 2845 τὴν

2240 2885 2359 2939 κατ’
2381 2882 2557 2937 αὐτῶν
2587 2881 2916 2952 ἐξηνέγκατο
2945 2881 3223 2951 ἀπόφασιν
3250 2877 3409 2933 εἰπών
3425 2893 3437 2908 ·
3476 2871 3596 2929 Ἰδοὺ
3616 2868 3734 2937 ἀφίει·

2238 2993 2333 3031 ται
2352 2975 2494 3046 ὑμῖν
2520 2979 2553 3030 ό
2576 2972 2740 3042 οἷκος
2770 2973 2937 3044 ὑμῶν
2965 2975 3208 3043 ἕρημος.
3259 2965 3352 3036 Οἷς
3378 2963 3639 3025 ἀκολούθως
3663 2956 3733 3012 καὶ

2236 3071 2265 3123 ὁ
2292 3068 2432 3140 ἱερὸς
2459 3067 2773 3132 ’Δπόστολος
2807 3067 2943 3138 μετὰ
2968 3067 3066 3138 τὴν
3088 3066 3206 3119 τῶν
3234 3062 3547 3157 πραγμάτων
3566 3052 3733 3157 ﬁatﬁat"

2239 3158 2466 3231 γράφων
2488 3157 2617 3228 περὶ
2643 3157 2822 3212 αὐτῶν
2842 3156 3025 3226 ἔλεγεν
3046 3173 3062 3187 ο
3100 3158 3369 3225 Ἕφθασε
3389 3150 3452 3205 δὲ
3466 3150 3548 3203 ἐπ’
3564 3147 3731 3204 αὐτοὺς

2165 3209 2210 3270 C
2475 3209 2779 3317 slclrélioq.
2804 3209 2811 3211 δ
2832 3209 3110 3304 κατὰ
3332 3245 3387 3300 δὲ
3414 3238 3604 3318 τάνὲξῆς
3630 3249 3729 3302 συμο

2239 3343 2411 3398 ϐάντα
2449 3342 2529 3413 τῷ
2567 3342 2720 3415 τόπῳ
2761 3343 2855 3396 ἐπὶ
2891 3341 2991 3413 τῆς
3023 3340 3131 3394 τῶν
3173 3337 3451 3411 Ῥωμαίων
3481 3326 3728 3399 πολιορκίας

2236 3434 2561 3507 παρίστησιν
2585 3437 2615 3489 ὁ
2650 3432 2837 3506 παρὼν
2863 3434 3172 3505 προφήτης,
3205 3433 3263 3485 ὲν
3285 3426 3364 3495 οἷς
3385 3440 3553 3498 φησιν·
3585 3415 3729 3517 ’ρςξν

2236 3526 2436 3597 δρυμῷ
2463 3527 2665 3591 ξύλων
2712 3526 2947 3591 ἀξίναις
2981 3524 3221 3593 ἔκοψαν
3251 3522 3355 3587 τὰς
3386 3519 3549 3587 θύρας
3568 3513 3726 3575 αὒτῆςο

2235 3619 2393 3692 δῆλον
2413 3619 2458 3672 δ’
2479 3621 2561 3674 ὅτι
2586 3619 2685 3691 τῆς
2710 3616 3080 3689 Ἰερουσαλὴμ,
3107 3616 3211 3670 ἐπὶ
3226 3614 3294 3670 τὸ
3310 3611 3465 3675 αὐτὸ,
3491 3608 3551 3661 ἐν
3565 3602 3726 3657 allvit!

2236 3713 2335 3767 καὶ
2372 3711 2742 3779 λαξευτηρίῳ
2769 3707 3135 3778 κατέρῤαξαν
3155 3704 3367 3771 αὐτήν.
3409 3696 3727 3762 Ἐνεπύρισαν

2234 3801 2305 3855 ἐν
2323 3800 2465 3869 πυρί
2491 3801 2558 3854 τὸ
2578 3798 2966 3870 ἀγιαστήριόν
2987 3812 3124 3865 σου,
3148 3800 3238 3861 εὶς
3255 3796 3366 3866 τὴν
3386 3792 3492 3864 γῆν
3507 3783 3727 3850 ἐϐεϐήλω·

2235 3909 2358 3948 σαν
2378 3893 2441 3946 τὸ
2461 3892 2748 3961 σκήνωμα
2771 3890 2876 3945 τοῦ
2901 3890 3196 3959 ὀνόματός
3214 3906 3348 3944 σου.
3386 3887 3445 3940 El
3466 3884 3517 3938 δὲ
3533 3879 3651 3946 λέγω
3665 3886 3727 3931 τις

2234 3984 2406 4040 ταῦτα
2440 3985 2534 4039 καὶ
2566 3984 2657 4037 ἐπὶ
2682 3981 2790 4036 τῶν
2816 3981 3020 4053 χρόνων
3053 3980 3163 4034 τῶν
3196 3976 3531 4035 Βαϐυλωνίων
3563 3962 3727 4065 γεγονξε

2233 4094 2344 4138 ναι,
2374 4074 2698 4147 προσεκτέον
2717 4075 2830 4138 τοῖς
2852 4073 2998 4143 ἑξῆς,
3028 4072 3095 4127 δι’
3115 4065 3193 4127 ὧν
3213 4072 3420 4145 εἴρηται
3437 4085 3450 4100 ⁶
3482 4065 3548 4121 Τὰ

2233 4167 2401 4237 ἡμῶν
2418 4141 2536 4222 ὀὐκ
2559 4165 2816 4235 δίδομεν,
2841 4141 2953 4218 οὐκ
2970 4163 3143 4218 ἐστιν
3166 4141 3574 4230 ἐτιτπροφήτηςν
3592 4141 3726 4237 καλή·

2228 4235 2349 4329 μᾶς
2378 4259 2450 4314 οὐ
2476 4256 2765 4328 γνώσεται
2787 4256 2895 4311 ἔτι.
2944 4257 3154 4327 Σημεῖα
3184 4256 3290 4327 γάρ
3318 4250 3383 4325 ἦν
3414 4249 3499 4304 τοῦ
3532 4245 3606 4300 τὸν
3630 4235 3725 4291 θεὸν

2233 4352 2434 4423 ὲφορᾷν
2459 4350 2552 4405 καὶ
2570 4351 2886 4404 ἐπισκοπεῖν
2916 4346 2976 4401 τὸ
3006 4346 3274 4400 Ἰουδαίων
3295 4344 3438 4405 ἔθνος
3453 4339 3508 4393 τὸ
3526 4330 3723 4406 παρέχειν

2232 4443 2415 4506 αὐτοῖς
2427 4441 2711 4513 προφήτας
2726 4458 2739 4471 ⁸
2760 4441 2883 4494 ἐπεὶ
2898 4439 2992 4493 καὶ
3004 4440 3093 4492 ὅτε
3109 4436 3293 4501 κακῶς
3307 4435 3569 4507 ἔπραττον,
3583 4424 3721 4487 ὥσπερ

561 4542 822 4599 magnum
870 4529 960 4585 Dei
1006 4532 1324 4601 prophetam
1365 4530 1656 4588 Jeremiam
1709 4534 2038 4602 habuerunt,
2076 4547 2131 4592 et

2165 4551 2205 4607 D
2236 4534 2451 4605 ἰατροῖδσὸ
2481 4534 2575 4587 καί
2609 4533 2859 4605 σωτῆρας
2902 4532 3083 4595 αὐτοῖς
3124 4533 3252 4595 τοὺς
3276 4530 3539 4602 προφήτας
3561 4516 3719 4610 ἐφίστη

563 4616 813 4686 Baruoh;
859 4624 992 4693 quin
1028 4625 1206 4678 etiam.
1228 4624 1425 4680 mulier
1466 4627 1713 4696 quaedam
1739 4627 1959 4683 nomine
1994 4627 2131 4685 Olda

559 4710 753 4765 eodem
794 4721 1041 4783 tempore
1068 4716 1433 4785 prophetavit.
1470 4716 1527 4771 In
1554 4720 1679 4788 ipsa
1708 4735 1927 4790 quoque
1954 4720 2099 4792 Baby

559 4801 835 4858 loniorum
867 4805 1089 4875 regione
1121 4808 1350 4860 aderant
1388 4807 1524 4877 ipsis
1555 4808 1804 4864 Ezechiel
1835 4818 1887 4866 et
1912 4810 2123 4872 Daniel.

557 4896 804 4963 praeclari
834 4910 897 4949 ac
945 4898 1227 4967 conspicui
1263 4899 1558 4970 prophetae.
1610 4898 1848 4969 Postque
1895 4900 2129 4957 reditum

556 5000 623 5038 ex
655 4985 993 5054 captivitate,
1026 4989 1365 5057 temporibus
1380 4989 1506 5059 Cyri
1536 4997 1592 5043 et
1627 4987 1796 5055 Darii,
1834 4988 2131 5046 Zacharias

555 5084 611 5130 et
659 5075 890 5146 Aggzeus
942 5078 1217 5147 propheta:
1265 5082 1378 5134 noti
1413 5087 1591 5136 erant.
1636 5078 1920 5146 Quomodo
1966 5081 2131 5150 igitur

556 5168 665 5224 illis
687 5169 1025 5237 temporibus
1057 5171 1233 5240 .iptari
1262 5172 1438 5240 possit
1468 5173 1580 5225 haec
1611 5172 1916 5242 prophetia,
1961 5172 2129 5244 Signa

553 5273 737 5317 nostra
760 5278 861 5315 non
890 5262 1139 5327 vidimus,
1162 5273 1211 5317 et
1231 5265 1350 5334 jam
1386 5282 1491 5320 non
1518 5276 1596 5319 est
1627 5267 1902 5336 propheta,
1940 5277 1990 5321 et
2032 5284 2126 5322 nos

554 5373 660 5411 non
696 5363 969 5425 cognoscet
1006 5355 1276 5423 amplius?
1308 5354 1508 5411 Verum
1552 5355 1667 5411 haec
1724 5355 1886 5412 ﬁnem
1933 5359 2128 5414 sortita

552 5456 683 5502 sunt
728 5454 852 5517 post
884 5444 1187 5500 Salvatoris
1236 5445 1551 5510 adventum,
1584 5453 1639 5501 et
1680 5458 1969 5519 postquam
2012 5464 2126 5503 tne-

551 5548 792 5595 moratas
812 5553 976 5593 voces
1006 5539 1122 5608 ipse
1143 5539 1442 5608 protulerat
1467 5558 1479 5593 :
1505 5553 1614 5593 non
1644 5538 1737 5593 diu
1762 5541 1907 5595 enim
1938 5549 2126 5611 postea

550 5628 916 5700 irrumpentes
944 5630 1174 5686 Romani
1206 5632 1384 5685 locum
1405 5632 1743 5687 deleverunt.
1778 5633 1932 5699 Quod
1957 5635 2122 5689 etiam

622 5784 664 5816 “
702 5783 893 5843 ITim.
931 5802 1002 5846 ιι,
1040 5788 1090 5843 I.
1172 5791 1211 5821 ¹²
1250 5787 1384 5845 Luc.
1420 5805 1553 5856 ειη,
1587 5790 1673 5844 55.

2230 4623 2387 4678 Οὕτω
2415 4623 2545 4694 γοῦν
2570 4626 2661 4679 ἐπὶ
2682 4625 2780 4695 τῆς
2807 4622 3032 4695 πρώτης
3057 4622 3364 4693 πολιορκίας
3386 4619 3472 4672 τδν
3500 4613 3721 4695 “gl”???

2230 4715 2364 4771 Θεοῦ
2388 4688 2671 4788 προφήτην
2698 4688 2962 4786 Ἰερεμίαν
2985 4688 3151 4784 εἶχον,
3171 4688 3265 4767 καὶ
3284 4711 3371 4765 τὸν
3392 4703 3579 4779 Βαρούχ
3595 4718 3607 4729 ⁸
3625 4688 3721 4749 ἀλλά

2232 4807 2327 4861 καὶ
2357 4808 2614 4877 γυνή,τις
2652 4805 2805 4860 Ὀλδᾶ
2830 4803 3067 4876 τοῦνομα
3097 4804 3235 4859 κατὰ
3261 4804 3382 4865 τοὺς
3407 4797 3581 4856 αὐτοὺς
3606 4793 3721 4857 ἔτ’-Ψ

2232 4901 2431 4971 φήτευε
2455 4899 2674 4970 χρόνους
2696 4916 2708 4929 ·
2737 4899 2795 4952 ὲν
2811 4900 2945 4970 αὐτῇ
2960 4915 3017 4951 τε
3034 4900 3100 4969 τῇ
3124 4894 3463 4951 Βαϐυλωνίων
3481 4888 3611 4961 χώρᾳ
3630 4894 3718 4933 συν·

2239 4989 2304 5061 ἦν
2357 4990 2540 5053 αὐτοῖς
2576 4988 2821 5061 Ἐζεκιὴλ
2850 4990 2943 5043 καὶ
2967 4988 3164 5060 Δανιὴλ
3194 4988 3443 5059 ἐπίσημοι
3473 4980 3555 5034 καὶ
3579 4976 3720 5061 itast-

2236 5060 2347 5145 νείς
2382 5081 2654 5153 προφῆται
2679 5098 2694 5114 ·
2723 5060 2817 5135 καὶ
2850 5082 2985 5153 μετὰ
3011 5082 3110 5154 τὴν
3143 5081 3348 5135 ἐκεῖθεν
3370 5072 3598 5131 ἐπάνοδον
3620 5060 3717 5119 κατά

2233 5174 2359 5238 τοὺς
2386 5173 2568 5246 Κύρου
2602 5176 2697 5229 καὶ
2727 5176 2951 5246 Δαρείου
2978 5180 3218 5247 χρόνους,
3250 5171 3505 5244 Ζαχαρίας
3525 5164 3605 5220 καὶ
3633 5159 3718 5221 ’Δγ-

2234 5268 2385 5335 γαῖος
2407 5268 2679 5338 προφῆται
2698 5267 3068 5340 ὲγνωρίζοντο.
3093 5267 3213 5330 Πῶς
3230 5262 3321 5319 οὗν
3339 5259 3441 5317 οἶόν
3456 5277 3509 5313 τε
3523 5253 3580 5327 ἦν
3597 5254 3721 5340 ἔφη’

2235 5356 2417 5429 μύζειν
2452 5336 2745 5424 τοίςντότεν
2768 5336 2976 5431 χρονοις
3021 5359 3118 5431 τὴν
3156 5356 3421 5430 παροῦσαν
3450 5336 3719 5443 “milia?

2233 5451 2575 5521 φάσκουσαν·
2616 5453 2691 5509 Τὰ
2714 5453 2931 5523 σημεῖα
2955 5451 3121 5521 ἡμῶν
3143 5452 3251 5505 οὐκ
3276 5447 3512 5539 away?"
3532 5434 3613 5491 κω

2229 5518 2400 5596 ἐστιν
2428 5542 2514 5597 ἔτι
2543 5518 2852 5613 προφήτης
2876 5583 2891 5608 ,
2926 5518 3026 5597 καὶ
3052 5541 3207 5612 ἡμᾶς
3241 5541 3312 5593 οὺ
3344 5532 3599 5605 γνώσεται
3624 5518 3714 5575 ἒτιὶ

2244 5633 2401 5688 Ἀλλά
2429 5634 2533 5707 γάρ
2558 5635 2727 5689 ταῦτα
2755 5635 2938 5699 τέλους
2970 5635 3224 5705 ἐτύγχανε
3250 5628 3380 5702 μετά
3401 5624 3489 5695 τὴν
3509 5613 3717 5684 Mli?"

1756 5790 1798 5822 ³³
1839 5789 1858 5842 I
1893 5788 2086 5847 Thess.
2124 5806 2184 5858 ιι,
2223 5790 2301 5848 I6.
