4014 6206
326 300 432 357 855

1418 299 1917 358 COMMENTABIA
1957 299 2024 355 IN
2064 298 2379 356 PSALMOS

3428 290 3536 347 854

324 417 638 486 ίιαρουσίαν
667 416 874 481 καὶτὰς
898 417 1281 490 προλεχθείσας
1315 419 1479 474 αὑτοῦ
1512 421 1727 490 φωνὰς,
1765 419 1864 490 μεθ

1986 419 2101 490 ipse
2129 417 2386 472 Servator
2410 414 2594 469 futura
2630 412 2936 468 vaticinans
2970 409 3294 481 signiﬁcavit
3321 425 3416 480 per
3444 425 3539 480 pa-

319 509 388 573 ἃς
433 510 536 563 οὐκ
579 513 657 574 είς
700 510 907 582 μακρὸν
946 511 1260 576 ἐπιστάντες
1301 513 1556 584 Ῥωμαῖοι
1587 513 1676 566 τὸν
1721 513 1883 567 τόπον

321 598 611 666 ἠφάνισαν.
643 601 707 653 Ὃ
727 597 791 670 δὴ
817 599 910 652 καὶ
931 599 1088 664 αὐτὸς
1111 599 1292 672 ἐδήλου
1321 600 1588 664 θεσπίζων
1607 601 1668 652 τὸ
1693 600 1884 671 μέλλον

319 687 349 738 6
371 684 560 756 Σωτὴρ
587 685 674 738 διὰ
701 685 1014 758 παραϐολῆς
1037 688 1134 757 τῆς
1153 686 1325 752 οὕτως
1351 689 1578 760 ἐχούσης
1599 705 1614 720 ⁸
1654 689 1882 759 Ὡμοιώ-

320 780 393 844 θη
438 776 477 843 ἠ
519 777 804 841 βασιλεία
847 777 964 831 τῶν
1005 779 1275 846 οὐρανῶν
1299 780 1583 849 ἀνθρώπῳ
1612 780 1876 846 βασιλεῖ,

317 869 489 935 ὅστις
513 870 760 938 ἐποίησε
785 869 1007 940 νόμους
1027 870 1104 936 τῷ
1129 872 1232 938 υἱῷ
1249 873 1434 928 αὐτοῦ
1449 890 1463 904 ·
1492 873 1589 927 καὶ
1611 873 1881 927 ἀπέστειο

315 963 389 1014 λε
410 959 553 1026 τοὺς
566 960 780 1015 ἑαυτοῦ
793 959 1050 1027 δούλους
1062 962 1311 1017 καλέσαι
1327 963 1464 1029 τοὺς
1476 961 1880 1032 κεκλημένους

313 1054 402 1116 εις
413 1051 556 1117 τοὺς
565 1051 806 1121 μίμους·
825 1055 878 1106 οί
887 1051 1075 1107 δὲούκ
1087 1053 1308 1122 ἤθελον
1315 1053 1528 1109 ἐλθεῖν.
1545 1054 1736 1108 Πάλιν
1745 1054 1881 1109 ἀπέ-

311 1144 556 1195 στειλεν
573 1143 810 1211 ἐτέρους
829 1161 842 1174 ·
863 1147 917 1199 οὶ
939 1144 1027 1210 δὲ,
1053 1145 1202 1213 πρὸς
1222 1145 1286 1200 τὸ
1311 1145 1396 1216 μὴ
1421 1144 1670 1214 θελῆσαι
1692 1147 1879 1200 ἀπαν-

310 1231 518 1301 τῆσαι,
541 1234 628 1288 ἔτι
651 1235 748 1288 καί
770 1235 1152 1304 διαλαϐόντες
1178 1237 1317 1304 τοὺς
1346 1237 1604 1305 δούλους
1627 1238 1879 1305 ὕϐρισαν

310 1326 409 1378 καὶ
427 1326 799 1380 ἀπέκτειναν.
818 1322 911 1392 Οἷς
927 1329 1164 1399 ἐπιλέγει
1183 1347 1196 1360 ·
1226 1331 1280 1382 '0
1295 1330 1362 1384 δὲ
1374 1331 1693 1396 βασιλεὺς,
1709 1331 1879 1384 ἀκού-

307 1434 450 1483 σας,
473 1418 753 1488 ὠργίσθη,
777 1421 876 1474 καί
897 1421 1136 1491 πέμψας
1154 1423 1226 1476 τὰ
1245 1425 1652 1494 στρατεύματα
1669 1426 1874 1490 αὐτοῦ,

305 1508 589 1564 ἀπώλεσε
610 1511 750 1578 τοὺς
770 1514 972 1582 φονεῖς
995 1515 1285 1581 ἐκείνους,
1316 1515 1414 1568 καί
1438 1515 1552 1583 τὴν
1573 1517 1752 1570 πόλιν
1774 1519 1878 1572 αὑ-

308 1601 433 1655 τῶν
451 1602 764 1672 ἐνέπρησε.
825 1604 1005 1659 Ταῦτα
1027 1609 1056 1659 6
1082 1606 1270 1678 Σωτὴρ
1298 1608 1356 1661 ἐν
1377 1607 1524 1679 αὑτῷ
1548 1607 1624 1679 τῷ
1647 1607 1776 1682 ίερῷ
1797 1608 1874 1663 ἔτι

309 1695 436 1748 τότε
460 1689 746 1750 συνεστῶτι
779 1698 1185 1770 ἀναγέγραπται
1216 1700 1484 1771 είρηκώςυ
1517 1700 1552 1754 ἃ
1581 1703 1674 1755 καὶ
1707 1701 1874 1774 ἐπλη-

1984 513 2226 566 rabolam
2260 511 2421 565 istam
2452 505 2678 563 :Simile
2700 506 2900 578 factum
2930 513 3007 559 est
3044 519 3257 574 regnum
3291 503 3540 556 caelorum

1981 603 2178 656 homini
2206 601 2333 671 regi,
2364 600 2452 670 qui
2483 598 2603 666 fecit
2634 598 2845 665 nuptias
2871 595 2983 666 ﬁlio
3009 611 3104 649 suo
3131 603 3215 647 :et
3250 593 3398 646 misit
3427 609 3540 648 ser-

1981 710 2068 748 vos
2108 709 2228 747 suos
2261 701 2319 744 ut
2357 699 2597 744 vocarent
2640 689 2886 742 invitatos
2921 683 2990 739 ad
3029 685 3238 752 nuptias
3264 699 3282 738 :
3305 681 3388 737 illi
3423 697 3540 738 vero

1981 785 2259 838 uoluerunt
2291 783 2482 836 venire.
2521 780 2722 834 Iterum
2750 778 2893 832 misit
2926 777 3065 830 alios'
3084 776 3204 829 :illi
3247 791 3364 830 vero
3404 789 3542 843 prc-

1982 885 2216 946 terquam
2249 875 2387 944 quod
2417 874 2695 927 noluerunt
2736 873 2928 937 venire,
2950 872 3108 924 etiam
3148 879 3328 939 captos
3368 885 3538 924 servos

1979 967 2304 1022 contumeliis
2335 967 2640 1036 aﬂ'ecerunt,
2674 975 2723 1016 et
2758 962 3141 1018 occiderunt“.
3179 963 3390 1028 Quibus
3417 962 3541 1018 sub-

1978 1060 2057 1114 dit
2084 1078 2100 1115 :
2127 1058 2238 1113 Rea:
2266 1069 2462 1124 autem,
2485 1057 2724 1122 audiens,
2752 1058 2922 1110 iratus
2946 1064 3042 1118 est,
3067 1064 3137 1121 et,
3155 1055 3329 1108 missis
3348 1053 3543 1108 exerci-

1981 1151 2119 1206 tibus
2163 1151 2274 1205 suis
2294 1189 2308 1214 ,
2333 1149 2559 1218 perdidit
2583 1147 2872 1202 homicidas
2904 1146 3046 1209 illos,
3078 1155 3127 1200 et
3163 1147 3424 1200 civitatem
3451 1160 3539 1199 eo-

1979 1259 2097 1296 rum
2140 1241 2405 1296 succendit
2431 1243 2495 1295 ¹⁵.
2529 1239 2655 1294 Ilaec
2690 1238 3022 1294 Salvatorem
3073 1238 3129 1292 in
3177 1240 3296 1308 ipso
3339 1237 3539 1307 templo

1977 1333 2154 1389 adhuc
2193 1335 2524 1389 consistente
2553 1332 2756 1387 dixisse
2804 1330 3100 1385 scribitur:
3131 1343 3252 1400 qua:
3297 1344 3406 1383 non
3445 1329 3540 1383 diu

1979 1433 2162 1494 postea
2195 1425 2415 1495 impleta
2451 1431 2601 1486 sunt,
2640 1421 2974 1492 Vespasiano
2992 1431 3048 1477 et
3081 1421 3203 1475 Tito
3234 1420 3411 1475 locum
3445 1419 3540 1474 οδε

1977 1515 2279 1572 sidentibus
2307 1534 2322 1571 :
2352 1530 2584 1585 quorum
2616 1525 2854 1583 tempore
2881 1514 3062 1568 nullus
3090 1511 3352 1582 propheta
3395 1509 3536 1580 apud

1976 1605 2098 1660 illos
2139 1603 2310 1660 fuisse
2360 1613 2636 1658 narratur.
2673 1601 3020 1658 Obsidionem
3074 1602 3256 1670 itaque
3297 1615 3536 1669 praesens

1975 1697 2215 1767 psalmus
2265 1694 2534 1766 signiﬁcat
2564 1713 2576 1748 :
2608 1709 2774 1763 quare
2805 1695 2859 1748 in
2901 1693 3168 1762 principio
3212 1692 3384 1747 dicit:
3431 1689 3530 1745 Ut-

309 1786 578 1858 ροῦτοοὺκ
599 1789 678 1851 εἰς
699 1789 924 1860 μακρὸν,
947 1789 1355 1845 Οὐεσπασιανοῦ
1379 1791 1640 1844 καὶΤίτου
1661 1792 1867 1863 πολιορ-

1972 1788 2118 1860 quid,
2165 1787 2327 1852 Deus,
2369 1786 2610 1858 repulisti
2652 1786 2706 1839 in
2747 1787 2944 1854 ﬁnem?
2993 1783 3132 1838 Hinc
3180 1797 3308 1838 vero
3348 1781 3535 1836 mirari

305 1880 592 1950 κησάντων
620 1880 712 1934 τὸν
731 1880 911 1935 τόπονο
946 1881 1066 1935 καθ’
1093 1881 1184 1946 οὓς
1212 1881 1502 1954 προφητῶν
1528 1883 1700 1946 οὐδεὶς
1728 1900 1874 1952 γεγο-

304 1969 416 2034 νὼς
443 1971 728 2042 ἱστορεῖται
751 1973 999 2041 γενέσθαι
1025 1973 1163 2028 κατὰ
1180 1973 1419 2037 τούτους.
1454 1972 1750 2044 Τοιγαροῦν
1776 1991 1872 2026 πο-

307 2059 550 2131 λιορκίαν
584 2062 612 2114 6
657 2063 794 2133 μετὰ
826 2065 1012 2134 χεῖρας
1055 2063 1350 2136 παρίστησι
1381 2063 1562 2134 λόγος·
1597 2065 1676 2118 διό
1708 2082 1870 2136 φησιν

303 2153 608 2222 ἀρχόμενος
624 2170 638 2183 ³
664 2153 797 2209 Ἵνα
816 2155 891 2219 τί,
915 2158 948 2210 ό
970 2156 1130 2220 Θεὸς,
1152 2155 1369 2210 ἀπώσω
1385 2158 1473 2223 είς
1493 2155 1694 2222 τέλος;
1717 2158 1870 2210 Ἔστι

299 2236 366 2289 δὲ
393 2240 456 2290 ἐκ
492 2239 693 2293 τούτων
723 2240 821 2312 τὴν
857 2241 1056 2314 ἀρετὴν
1083 2243 1465 2314 ἀποθαυμάσαι
1496 2248 1594 2316 τῆς
1617 2246 1868 2299 θεοπνεύ-

302 2343 435 2379 στου
454 2329 690 2399 Γραφῆς,
716 2329 791 2392 ὡς
816 2329 882 2383 τά
905 2334 1133 2402 μακροῖς
1160 2331 1384 2402 ὕστερον
1409 2332 1718 2404 πραχθέντα
1746 2333 1870 2404 χρό-

298 2435 418 2481 νοις
455 2419 757 2490 προγνώσει
809 2421 928 2493 θείᾳ
982 2422 1295 2494 προείληφε.
1353 2423 1426 2478 Τὸ
1453 2423 1542 2486 δὲ,
1589 2426 1785 2490 Ἰνατι,
1837 2429 1870 2480 ό

300 2509 487 2573 Θεὸς,
516 2509 732 2565 ἀπώσω
760 2514 845 2579 εὶς
872 2515 1074 2579 τέλος,
1111 2515 1354 2586 εἴρηται,
1393 2515 1578 2586 ἐπειδὴ
1614 2517 1867 2581 πολλάκις

293 2600 580 2666 ἀσεϐείαις
613 2604 705 2656 καὶ
737 2603 1134 2676 πλημμελείαις
1161 2609 1222 2660 τὸ
1267 2608 1528 2662 Ἰουδαίων
1556 2608 1706 2672 ἔθνος
1734 2611 1865 2662 ὑπο·

297 2691 502 2745 πίπτον
527 2695 832 2765 παρεδίδοτο
859 2699 969 2761 τοῖς
995 2697 1288 2769 περιοίκοις
1316 2698 1628 2769 ἀλλοφύλοις
1661 2699 1860 2752 ἔθνεσι·

295 2786 400 2838 καὶ
445 2788 573 2840 ποτὲ
615 2789 710 2858 μὲν
747 2789 941 2853 αὐτοὺς
968 2790 1250 2844 Μωαϐῖται
1283 2791 1586 2863 ἐχειροῦντο
1607 2833 1621 2855 ,
1654 2792 1780 2845 ποτὲ
1809 2792 1865 2845 δὲ

311 2876 656 2946 Ἀμμανῖται,
682 2879 774 2933 καὶ
799 2879 984 2934 ἄλλοτε
1007 2880 1064 2934 δέ
1089 2881 1425 2952 Μαδιηναῖοι.
1473 2879 1581 2937 Εἶτ’
1611 2883 1861 2954 ἐπιστρέ-

295 2985 422 3036 φων
459 2969 650 3032 αὐτοὺς
692 2969 1059 3041 ἀνελάμόανεν
1097 2973 1126 3024 6
1168 2972 1327 3036 Θεός’
1394 2974 1486 3027 καὶ
1527 2973 1662 3044 μετὰ
1690 2974 1861 3028 ταῦτα

292 3056 464 3111 πάλιν
484 3059 925 3130 παρανομοῦντας
941 3061 1222 3130 παρεδίδου
1242 3062 1514 3133 πολεμίοις
1529 3063 1750 3134 ἑτέροις,
1771 3063 1861 3117 καὶ

289 3145 459 3213 αὖθις
482 3151 769 3206 ἀνεκτᾶτω
799 3153 1049 3206 οὐδέποτε
1078 3153 1133 3206 δὲ
1167 3155 1360 3218 αὐτοὺς
1386 3155 1654 3208 ἀπωθεῖτο
1676 3158 1756 3218 είς
1776 3155 1866 3208 τέ-
1892 3144 1934 3202 C

287 3241 391 3304 λος
408 3281 424 3304 ,
467 3243 599 3314 πρὸς
627 3244 828 3315 βραχὺν
861 3244 918 3298 δέ
945 3261 1064 3297 τινα
1090 3245 1278 3317 καιρὸν
1301 3247 1642 3318 ἐπιστρέφων
1669 3247 1861 3317 ἐνῆγεν

289 3334 381 3396 είς
411 3335 698 3404 σωτηρίαν.
735 3336 887 3390 Μετὰ
914 3335 970 3389 δὲ
997 3336 1057 3388 τὸ
1082 3337 1221 3390 κατὰ
1251 3337 1344 3390 τοῦ
1379 3338 1626 3408 Σωτῆρος
1660 3337 1860 3408 τολμη-

288 3427 391 3480 θὲν
419 3427 598 3490 αὐτοῖς
623 3428 753 3496 ἄγος
777 3428 1042 3497 ἔφθασεν
1068 3431 1153 3493 είς
1179 3429 1398 3494 αὐτοὺς
1424 3429 1462 3496 ἡ
1491 3429 1633 3498 ὀργὴ
1661 3431 1748 3494 είς
1774 3428 1864 3482 τέ-

287 3522 427 3585 λος,
443 3519 580 3572 κατά
605 3519 702 3590 τὴν
730 3520 1085 3592 ἀποστολικὴν
1105 3520 1341 3592 Γραφὴν,
1364 3520 1438 3584 ὡς
1458 3520 1517 3584 ἐξ
1536 3520 1738 3574 ἐκείνου
1769 3520 1864 3574 καὶ

289 3612 376 3673 είς
395 3610 554 3680 δεῦρο
572 3610 759 3682 μηκέτ’
780 3613 982 3684 ἐπᾶραι
1001 3613 1239 3684 κεφαλὴν
1261 3611 1474 3675 αὐτούς.
1509 3613 1572 3665 Ὀ
1588 3612 1651 3684 δὴ
1671 3613 1862 3682 σημαίο

286 3718 460 3754 νουσα
491 3703 524 3770 ὴ
558 3703 859 3774 προφητεία
917 3704 1077 3774 φησίν
1095 3721 1109 3734 ·
1170 3703 1360 3768 Ἰνατί,
1389 3707 1421 3758 ό
1442 3704 1576 3769 Θεὸς
1601 3743 1616 3766 ,
1644 3704 1862 3758 ἀπώσω

284 3793 382 3856 είς
412 3791 620 3858 τέλος;
643 3794 1071 3865 Σεσιωπημένως
1103 3795 1158 3848 δὲ
1180 3797 1207 3848 6
1235 3795 1390 3864 λόγος
1417 3795 1504 3848 διὰ
1527 3795 1624 3866 τῆς
1653 3797 1860 3867 ἐρωτή-

289 3901 432 3947 σεως
449 3885 666 3956 ᾐνίξατο
688 3887 784 3956 τὴν
799 3887 935 3940 κατὰ
950 3887 1040 3940 τοῦ
1057 3888 1208 3958 Σωτῆ
1218 3905 1306 3958 ρος
1327 3888 1360 3957 ἡ
1367 3886 1481 3957 μῶν
1503 3886 1717 3960 πρᾶξιν,
1742 3887 1859 3958 μεθ’

284 3977 357 4047 ῆν
390 3977 487 4030 καὶ
511 3979 591 4040 είς
615 3978 766 4042 τέλος
787 3979 1186 4051 ἀπεϐλήθησαν.
1221 3979 1386 4033 Τοῦτο
1413 3979 1468 4033 δὲ
1497 3980 1587 4032 καὶ
1618 3981 1646 4033 6
1671 3980 1860 4050 Σωτὴρ

284 4071 455 4134 αὐτὸς
485 4070 718 4142 παρίστη
749 4071 950 4140 λέγων·
986 4071 1249 4137 Ποσάκις
1277 4071 1546 4140 ἠθέλησα
1570 4073 1859 4127 ἐπισυνα-

284 4163 494 4233 γαγεῖν
523 4164 594 4217 τὰ
635 4163 813 4219 τέκνα
852 4180 968 4220 σου
990 4205 1004 4229 ,
1040 4164 1111 4218 ὃν
1135 4166 1355 4233 τρόπον
1381 4165 1543 4233 ὄρνις
1575 4164 1863 4219 ἐπισυνὰ-

282 4274 376 4326 γει
409 4257 479 4310 τὰ
504 4260 726 4311 νοσσία
754 4257 872 4310 ὑπὸ
900 4258 1004 4321 τὰς
1033 4259 1344 4325 πτέρυγας,
1382 4259 1479 4311 καὶ
1500 4259 1611 4310 οὐκ
1643 4257 1858 4325 ἠθελή-

281 4364 471 4412 σατε;
507 4349 659 4403 Ἰδοὺ
688 4349 916 4417 ἀφίεται
941 4349 1082 4416 ὑμῖν
1101 4350 1133 4402 o'
1153 4349 1316 4414 οἶκος
1333 4347 1498 4418 ὑμῶν
1516 4349 1752 4417 ἕρημος.
1787 4349 1861 4401 Τὸ

283 4442 428 4513 γὰρ,
457 4441 718 4507 Ῑιοσάκις
747 4440 1036 4508 ἠθέλησα,
1061 4439 1210 4510 δηλοῖ
1236 4441 1336 4511 τὴν
1361 4440 1550 4512 μακρῷ
1572 4440 1747 4512 χρόνῳ
1777 4443 1862 4493 ὲν-

1980 1880 2125 1936 subit
2153 1878 2415 1934 divinitus
2463 1879 2738 1948 inspirata:
2791 1877 3086 1946 Scriptura:
3113 1875 3389 1937 virtutem,
3417 1889 3537 1944 qua:

1977 1971 2250 2026 diuturnis
2277 1978 2464 2040 postea
2494 1967 2830 2038 temporibus
2853 1973 3006 2036 gesta
3042 1964 3224 2019 divina
3249 1965 3537 2034 praescien—

1980 2065 2052 2118 lia
2086 2063 2397 2118 antevertit.
2428 2059 2566 2114 lllud
2605 2068 2806 2121 autem,
2871 2057 3087 2128 (liquid,
3117 2057 3273 2120 Deus,
3299 2056 3535 2124 repulisti

1980 2155 2032 2207 in
2063 2151 2466 2223 finem,dictum
2499 2161 2606 2216 est,
2643 2151 2768 2220 quia
2793 2148 3018 2204 Judaica
3051 2164 3185 2219 gens
3215 2148 3269 2202 in
3292 2147 3538 2217 impieta-

1978 2255 2058 2303 tes
2105 2255 2161 2302 et
2214 2246 2269 2300 in
2328 2244 2536 2300 scelera
2583 2242 2864 2304 decidens,
2923 2239 3169 2295 finitimis
3217 2238 3537 2309 alienigenis

1974 2335 2228 2408 gentibus
2269 2334 2411 2388 tradi
2452 2333 2695 2400 solebat;
2735 2338 2790 2385 et
2827 2329 2987 2385 modo
3026 2330 3243 2400 quidem
3289 2327 3536 2382 Moabitm

1975 2425 2296 2496 subigebant
2329 2424 2497 2488 illam,
2528 2421 2686 2476 modo
2707 2419 3050 2482 Ammonitaa,
3086 2418 3248 2473 modo
3272 2417 3533 2472 Madiani-

1974 2525 2061 2573 tae.
2095 2515 2295 2570 Deinde
2335 2521 2515 2568 autem
2551 2512 2617 2566 ad
2651 2511 2856 2581 frugem
2899 2525 3162 2564 revocans
3192 2507 3356 2572 Deus,
3399 2508 3532 2578 ipsis

1973 2607 2449 2678 patrocinabatur;
2492 2602 2724 2662 subinde
2773 2618 2900 2658 vero
2938 2602 3354 2672 praevaricantes
3409 2599 3533 2653 aliis

1973 2701 2210 2754 inimicis
2241 2697 2508 2762 tradebat,
2559 2711 2622 2751 ac
2669 2710 2863 2750 rursus
2907 2695 2960 2748 in
2993 2693 3282 2763 pristinum
3327 2698 3530 2745 statum

1971 2791 2293 2847 restituebat
2321 2809 2335 2845 :
2359 2798 2412 2845 et
2444 2802 2721 2858 nunquam
2754 2788 2809 2840 in
2845 2785 3004 2840 ﬁnem
3035 2799 3210 2854 usque
3237 2781 3530 2852 abjiciebat

1971 2885 2114 2947 illos,
2140 2883 2234 2940 sed
2271 2883 2418 2938 brevi
2452 2891 2575 2952 post
2605 2889 2849 2951 tempore
2875 2881 2930 2933 in
2961 2877 3188 2933 salutem
3217 2873 3524 2931 revocabat.

1968 2975 2038 3028 At
2073 2983 2193 3045 post
2224 2981 2494 3044 patratum
2532 2973 2600 3026 ab
2635 2973 2718 3027 eis
2745 2979 2937 3026 contra
2971 2967 3314 3023 Servatorem
3361 2980 3524 3018 exse-

1968 3065 2230 3121 crandum
2255 3064 2488 3128 facinus,
2519 3061 2741 3130 pervenit
2769 3061 2836 3113 ad
2868 3077 2953 3115 eos
2984 3061 3070 3113 ira
3095 3059 3148 3112 in
3177 3059 3332 3127 ﬁnem
3353 3056 3418 3120 ",
3451 3070 3531 3111 se-

1968 3158 2206 3213 cundum
2237 3155 2589 3227 apostolicam
2625 3154 2995 3223 Scripturam;
3029 3152 3099 3206 ita
3129 3158 3186 3205 ut
3218 3155 3341 3219 post
3377 3147 3525 3200 illam

1968 3247 2334 3303 calamitatem
2381 3263 2490 3301 non
2529 3247 2792 3301 hactenus
2838 3252 3001 3315 caput
3044 3243 3358 3298 extulerint.
3397 3239 3530 3307 Quae

1970 3339 2280 3408 signiﬁcans
2310 3337 2592 3407 prophetia
2625 3335 2755 3390 dicit
2786 3354 2799 3390 :
2831 3332 3049 3403 thuid,
3096 3332 3258 3396 Deus,
3292 3329 3530 3398 repulisti

1969 3434 2024 3485 in
2061 3432 2258 3501 ﬁnem?
2286 3429 2390 3486 Per
2433 3429 2912 3498 interrogationem
2957 3440 3085 3480 vero
3131 3424 3430 3478 admissum
3473 3421 3528 3475 in

1971 3521 2312 3576 Servatorem
2370 3528 2617 3575 nostrum
2675 3516 2885 3572 facinus
2941 3515 3361 3577 subindicatur,
3417 3527 3529 3582 quo

1968 3623 2190 3685 peracto
2213 3613 2266 3667 in
2299 3612 2458 3666 ﬁnem
2498 3611 2696 3680 abjecti
2727 3617 2873 3664 sunt.
2909 3608 2966 3663 ld
2997 3623 3128 3663 sane
3161 3606 3278 3676 ipse
3308 3619 3528 3675 quoque

1971 3705 2226 3762 Servator
2260 3705 2501 3761 declarat
2533 3703 2760 3758 dicens:
2793 3702 3006 3769 Quoties
3037 3700 3178 3755 volui
3218 3715 3530 3770 congregare

1968 3799 2110 3868 ﬁlios
2143 3808 2280 3862 tuos,
2323 3793 2762 3867 quemadmodum
2808 3793 3013 3864 gallina
3049 3800 3326 3863 congregat
3355 3790 3529 3860 pullos

1969 3908 2092 3946 suos
2133 3891 2229 3946 sub
2277 3889 2418 3952 alas,
2459 3895 2510 3942 et
2564 3887 2847 3942 noluistis?
2881 3884 3008 3940 Ecce
3039 3886 3361 3956 relinquetur
3387 3883 3529 3937 vobis

1967 3985 2152 4037 domus
2195 3991 2367 4036 uestra
2405 3981 2611 4036 deserta
2637 3979 2701 4034 ‘7.
2733 3977 2868 4032 Illud
2909 3977 3075 4040 enim,
3104 3976 3319 4042 Quoties
3365 3976 3528 4041 volui,

1969 4077 2172 4131 indicat
2224 4074 2566 4129 tolerantiam
2606 4071 2753 4125 illam
2802 4069 3062 4124 diuturno
3108 4076 3352 4138 tempore
3394 4068 3530 4138 ipsis

1967 4166 2295 4233 exhibitam;
2347 4163 2481 4219 illud
2514 4179 2662 4227 vero,
2702 4172 2749 4216 et
2796 4161 3062 4224 noluistis,
3098 4167 3425 4230 postremam
3460 4155 3530 4210 il-

1968 4257 2143 4310 lorum
2176 4255 2535 4326 abjectionem
2560 4254 2848 4324 signiﬁcat.
2871 4252 3088 4323 quando
3121 4251 3293 4305 iratus
3329 4256 3412 4304 est
3441 4246 3528 4301 fu-

1969 4365 2061 4405 ror
2107 4349 2227 4419 ejus
2255 4363 2418 4418 super
2459 4347 2581 4402 illas
2611 4361 2733 4415 quae
2774 4346 2903 4398 olim
2953 4351 3112 4399 erant
3152 4357 3280 4397 oves
3315 4355 3529 4411 pascua:

1967 4443 2104 4510 ejus.
2120 4441 2324 4496 Deinde
2340 4456 2466 4496 vero
2488 4439 2812 4510 supplicatio
2835 4437 3100 4493 emittitur
3122 4435 3207 4490 his
3235 4435 3414 4489 verbis
3439 4452 3530 4488 :—

280 4501 532 4587 δοθείσαν
565 4501 744 4597 αὐτοῖς
763 4501 1166 4604 μακροθυμίαν·
1201 4532 1260 4585 τὸ
1283 4501 1489 4596 δὲξκαί
1644 4501 1859 4600 ἠθελή-

1971 4501 2108 4588 ilsns
2151 4533 2203 4587 2.
2236 4531 2441 4586 Memor
2465 4501 2574 4586 esto
2596 4501 2896 4601 -Synagoga:
2920 4538 3044 4592 tute,
3073 4543 3230 4594 quam
3251 4525 3528 4595 possedisti

281 4640 436 4677 σατε
455 4664 469 4686 ,
519 4623 918 4696 παραστατικὸν
950 4623 1015 4677 ἂν
1046 4625 1253 4692 γένοιτο
1281 4624 1378 4694 τῆς
1411 4624 1644 4695 ὑστάτης
1680 4623 1856 4678 αὐτῶν

282 4712 584 4782 ἀποϐολῆς,
605 4714 691 4766 ὅτε
715 4716 807 4766 καὶ
833 4713 1075 4785 ὠργίσθη
1107 4714 1135 4765 6
1163 4714 1330 4784 θυμὸς
1357 4713 1519 4766 αὐτοῦ
1543 4715 1634 4767 ἐπὶ
1661 4714 1729 4767 τὰ
1753 4714 1855 4767 πά-

280 4807 376 4859 λαι
406 4807 670 4876 γενόμενα
698 4805 943 4876 πρόϐατα
971 4805 1139 4876 νομῆς
1168 4803 1350 4857 αὑτοῦ.
1397 4803 1553 4872 Ἑξῆς
1569 4804 1625 4856 δὲ
1648 4806 1677 4858 6
1699 4803 1855 4872 λόγος

285 4892 572 4964 ἱκετηρίαν
600 4892 862 4964 προσάγει
883 4892 1056 4961 λέγων
1075 4908 1087 4922 ’
1117 4891 1424 4960 Μνήσθητι
1449 4891 1557 4960 τῆς
1582 4908 1852 4963 συναγω-

283 4984 400 5055 γῆς
443 5002 580 5049 σου,
601 4981 677 5054 ἧς
701 4985 935 5054 ἐκτήσω
961 4985 1062 5039 ἀπ’
1091 4983 1302 5052 ἀρχῆς.
1337 4985 1548 5055 Σφόδρα
1577 4984 1634 5038 δὲ
1659 4985 1858 5039 καταλ-

279 5075 461 5145 λήλως
499 5077 816 5147 συναγωγῆς
845 5075 1214 5147 ἐμνημόνευσε
1235 5113 1250 5138 ,
1285 5076 1378 5128 καὶ
1419 5077 1632 5148 πρῶτον
1672 5078 1856 5148 κτῆμα

277 5167 379 5222 τοῦ
415 5168 548 5222 Θεοῦ
581 5187 742 5241 φησιν
777 5169 944 5240 αὐτὴν
976 5167 1254 5237 γεγονέναι
1280 5184 1294 5198 ο
1325 5168 1420 5220 ἆτε
1451 5168 1602 5232 εἰδὼς
1633 5170 1728 5222 καὶ
1755 5170 1855 5240 τὴν

281 5259 362 5331 μὴ
391 5259 449 5326 ἐξ
477 5261 666 5331 ἀρχῆς,
690 5260 802 5314 ἀλλ’
833 5259 1057 5331 ὕστερον
1085 5258 1221 5329 μετὰ
1248 5259 1346 5330 τὴν
1367 5259 1681 5314 ἀπόπτωσιν
1707 5263 1852 5316 ἐκεί-

276 5369 382 5423 νης
411 5352 470 5419 ἐξ
513 5352 767 5406 ἁπάντων
808 5352 916 5405 τῶν
952 5351 1120 5406 ἐθνῶν
1154 5352 1462 5405 ὑποστᾶσαν
1504 5353 1846 5426 Ἐκκλησίαν.

278 5439 358 5497 Ἦ
365 5461 393 5506 ς
414 5445 506 5497 καὶ
531 5446 590 5498 ἐν
606 5443 812 5516 ἐτέροις
842 5443 1166 5515 μνημονεύει
1185 5444 1355 5512 λέγων
1375 5460 1387 5473 ·
1428 5444 1523 5496 Ἐν
1534 5443 1702 5512 μέσῳ
1735 5448 1855 5500 Ἐκ-

281 5537 547 5602 κλησίας
576 5536 824 5605 ὑμνήσω
849 5551 922 5590 σε
943 5552 957 5567 ·
996 5535 1086 5588 καὶ
1115 5535 1274 5590 πάλιν
1299 5552 1312 5564 ·
1357 5535 1854 5607 Εὺηγγελισάιιην

358 5650 401 5681 ⁸⁸
443 5648 632 5704 Matth.
670 5666 814 5710 xxii.
845 5650 958 5704 ‘26.
1071 5652 1111 5681 ”
1153 5650 1280 5704 ihid.
1321 5649 1370 5704 7.

287 5722 328 5752 ¹⁹
373 5719 511 5774 Psal.
555 5736 756 5785 xxxix,
795 5721 877 5776 10,
959 5723 1001 5750 "’
1044 5719 1184 5773 l‘sal.
1228 5737 1351 5784 XXI,
1383 5721 1471 5774 26.

1479 5651 1519 5681 ⁸⁸
1560 5649 1575 5703 Ι
1617 5649 1787 5708 Thess
1848 5670 1920 5723 II,
1971 5656 2052 5712 l6.

1963 4627 2029 4680 ab
2049 4626 2214 4679 initio.
2237 4624 2538 4678 Admodum
2557 4632 2918 4693 congruenter
2939 4619 3278 4691 Synagogam
3296 4634 3528 4674 comme-

1963 4723 2137 4771 morat
2163 4716 2346 4784 aitque
2373 4715 2517 4768 illam
2539 4717 2763 4784 primam
2797 4713 2892 4768 Dei
2909 4712 3309 4782 possessionem
3323 4710 3524 4775 fuisse;

1961 4817 2144 4879 utpote
2178 4808 2270 4878 qui
2307 4815 2492 4862 nosset
2535 4805 2858 4873 Ecclesiam,
2897 4821 2964 4861 ex
2993 4805 3246 4860 omnibus
3276 4803 3529 4875 gentibus

1959 4903 2331 4967 constitutam,
2363 4917 2484 4973 quae
2526 4916 2633 4954 non
2665 4901 2734 4954 ab
2771 4900 2950 4966 initio,
2990 4898 3086 4954 sed
3127 4908 3250 4970 post
3283 4897 3528 4969 Synago-

1963 5010 2042 5065 gae
2076 4995 2292 5050 ruinam
2339 4995 2568 5050 exstitit.
2612 4991 2783 5061 Cujus
2827 4991 3086 5046 Ecclesia:
3107 4991 3244 5045 alias
3283 4989 3529 5045 meminit

1959 5083 2188 5138 dicens:
2225 5081 2292 5136 In
2340 5082 2510 5136 medio
2553 5081 2802 5136 Ecclesia:
2851 5079 3081 5133 laudabo
3127 5090 3175 5134 te
3198 5080 3272 5147 ¹⁸;
3306 5087 3362 5135 et
3405 5093 3529 5132 rur-

1958 5189 2054 5229 sus
2084 5193 2096 5227 :
2125 5172 2448 5228 Annuntiavi
2475 5173 2744 5243 justitiam
2773 5171 2827 5226 in
2858 5170 3098 5225 Ecclesia
3144 5187 3336 5248 magna
3353 5172 3432 5234 ης
3463 5183 3526 5222 ac

1958 5265 2154 5319 iterum
2179 5283 2192 5316 :
2215 5263 2370 5331 Apud
2394 5274 2442 5317 te
2469 5263 2586 5316 laus
2620 5280 2733 5317 mea
2762 5265 2814 5316 in
2841 5261 3080 5318 Ecclesia
3117 5278 3308 5332 magna
3329 5261 3394 5312 ²⁰.
3426 5257 3526 5311 Ve-

1959 5371 2078 5409 rum
2115 5369 2222 5410 non
2251 5355 2377 5410 talis
2411 5355 2500 5409 illa
2533 5355 2659 5410 olim
2692 5354 2977 5424 Synagoga
3009 5362 3127 5410 erat
3163 5373 3174 5406 :
3209 5352 3298 5405 illa
3323 5350 3523 5418 quippe

1960 5447 2083 5502 ideo
2112 5447 2210 5529 sic.
2240 5447 2540 5502 vocabatur
2568 5447 2711 5517 quod
2763 5460 2875 5500 uno
2913 5449 2969 5500 in
3015 5447 3132 5498 loco
3162 5455 3520 5510 congregare-

1961 5549 2078 5606 tur;
2114 5539 2228 5594 lich
2267 5553 2396 5594 vero
2424 5538 2840 5608 praecellentiam
2874 5536 3154 5591 electionis
3197 5547 3308 5586 suae
3343 5530 3518 5585 decla-

2150 5657 2188 5687 "
2232 5654 2417 5710 Matth.
2466 5672 2634 5720 nm,
2671 5655 2772 5719 57,
2811 5654 2897 5708 58.
3005 5652 3048 5682 ¹⁸
3079 5648 3221 5704 l’sal.
3263 5664 3352 5702 XXI
3378 5689 3392 5714 ,
3427 5649 3516 5704 23.
