4008 6210
277 252 380 309 857

1393 234 1890 316 COMMENTARIA
1927 245 1992 308 IN
2031 243 2365 303 PSALMOS.

3384 251 3492 312 858

279 371 558 438 πύρισαν,
597 367 729 438 φησὶ⁵
749 408 764 431 ,
794 367 862 420 ἐν
888 364 1027 434 πυρὶ
1056 365 1120 418 τὸ
1147 352 1524 436 ἁγιαστήρίόν
1555 380 1669 420 σου
1689 408 1704 432 ,
1739 365 1836 418 καὶ

1953 365 2070 419 Liam
2114 377 2306 418 eorum
2353 376 2475 432 qua:
2522 376 2689 432 supra
2737 362 2883 418 dicta
2945 374 3071 421 sunt
3111 370 3301 438 aperit.
3357 368 3496 436 Quia

279 464 366 527 εις
387 459 505 528 τὴν
537 460 652 530 γῆν
680 458 1060 527 ὲΰεϐήλωσαν
1091 458 1156 510 τὸ
1183 455 1464 526 σκήνωμα
1494 455 1599 510 τοῦ
1626 457 1837 525 ὀνόμα-

279 553 381 618 τός
405 565 543 606 σου.
598 551 684 604 Ἐν
704 543 748 619 ᾧ
774 549 1108 621 διερμηνεύει
1137 549 1232 619 τὴν
1261 548 1496 602 διάνοιαν
1525 548 1616 601 τοῦ
1642 547 1841 601 ἀνωτέ-

282 661 362 714 ρω
390 641 730 712 λελεγμένου.
774 640 988 706 Ἐπειδὴ
1010 639 1118 711 γὰρ
1141 641 1197 693 ἐν
1224 643 1335 703 τοῖς
1363 639 1667 712 ἔμπροσθεν
1693 641 1838 712 εἴρη-

279 751 341 786 το
361 751 376 764 ο
414 735 581 801 Ὄρος
615 731 767 786 Σιὼν
793 731 963 785 τοῦτο
993 729 1024 784 ὃ
1048 731 1532 800 “κατεσκήνωσας
1557 733 1626 785 ἐν
1648 725 1836 797 αὐτῷ’

277 826 433 888 ὅπως
476 824 887 893 κατεσκήνωσεν
929 823 988 874 ἐν
1020 821 1169 892 αύτῷ
1215 821 1466 890 διασαφεῖ
1493 822 1586 875 νῦν
1633 825 1854 893 φήσας-ογ

286 915 358 968 Τὸ
385 915 671 984 σκήνωμα
702 913 806 967 τοῦ
834 913 1121 981 ὀνόματός
1151 928 1268 968 σου
1291 930 1304 943 ·
1336 914 1603 984 Σκήνωμα
1632 914 1740 985 γὰρ
1774 909 1842 985 ἦν

279 1005 312 1057 ὁ
334 1003 495 1068 τόπος
513 1005 611 1057 ούκ
631 1001 792 1056 αὑτοῦ
814 1001 904 1054 τοῦ
925 999 1081 1066 Θεοῦ,
1101 1001 1236 1054 ἀλλὰ
1255 1000 1347 1054 τοῦ
1365 1000 1624 1070 ὀνόματος
1645 999 1809 1054 αὑτοῦ
1824 1017 1836 1029 -

281 1094 529 1149 Δυσωπεί
556 1092 610 1144 δὲ
639 1093 720 1161 ἐφ’
744 1092 955 1161 ἑκάστῳ
973 1130 988 1153 ,
1021 1090 1358 1161 προστιθείς·
1419 1089 1507 1142 Ἐν
1536 1089 1683 1160 μέσῳ
1712 1088 1838 1160 γὰρ,

285 1183 439 1252 φησὶ,
469 1183 568 1252 τῆς
582 1183 773 1254 ἑορτῆς
798 1198 892 1234 σου
921 1182 981 1235 τὸ
1007 1181 1236 1252 ἁγιαστὴ
1247 1180 1358 1251 ριόν
1388 1198 1478 1233 σου
1505 1179 1597 1233 καὶ
1623 1180 1683 1232 τὸ
1714 1179 1843 1250 σκή-

283 1292 438 1345 νωμα
467 1273 560 1327 τοῦ
583 1274 840 1345 ὀνόματός
869 1289 980 1326 σου.
1008 1271 1090 1325 Τὰ
1115 1272 1224 1343 γὰρ
1247 1271 1467 1326 τοιαῦτα
1497 1271 1844 1342 δυσωπητικὰ

283 1361 350 1436 ἦν
381 1367 475 1419 καὶ¹
520 1364 776 1438 ἐγερτικὰ
810 1364 903 1417 ἐπί
936 1363 1212 1433 ἐκδίκησιν
1251 1362 1360 1415 τῶν
1410 1360 1839 1434 τετολμημένων,

282 1457 367 1524 ἐφ’
398 1456 467 1527 ἠν
501 1457 760 1526 παρορμᾷ
798 1455 926 1526 ἑξῆς
958 1454 1128 1523 λέγων
1147 1471 1160 1484 ·
1214 1454 1480 1522 Ἐπαρον
1508 1454 1615 1520 τὰς
1645 1453 1842 1522 χεῖράς

281 1563 399 1602 σου
427 1547 525 1601 ἐπὶ
555 1550 660 1614 τὰς
685 1549 1097 1616 ὑπερηφανίας
1122 1545 1319 1601 αὐτῶν
1346 1549 1431 1614 εἰς
1460 1548 1634 1614 τέλος
1653 1566 1665 1578 ·
1703 1549 1843 1604 κατὰ

279 1638 338 1691 δὲ
358 1638 456 1691 τὸν
483 1637 775 1709 Σύμμαχον
791 1655 804 1668 ·
840 1638 908 1691 Τὸ
933 1638 1167 1706 ὕψωμα,
1196 1639 1346 1710 φησὶ,
1370 1639 1486 1692 τῶν
1505 1638 1705 1692 ποδῶν
1726 1657 1842 1694 σου

1938 455 2083 510 enim
2114 453 2267 522 prius
2296 453 2411 506 haac
2443 452 2657 508 locutus
2685 462 2824 522 erat,
2865 453 3097 510 Montem
3125 456 3252 513 Sion
3281 459 3415 514 hunc
3442 461 3499 518 in

1939 560 2038 617 quo
2066 544 2354 608 habitasti;
2399 545 2674 614 quomodo
2708 545 2763 598 in
2810 560 2876 618 eo
2918 547 3243 602 habitaverit
3272 547 3384 617 jam
3416 547 3502 604 de-

1940 635 2112 688 clarat
2146 632 2353 698 dicens,
2380 631 2802 688 Tabernacutum
2832 637 3059 690 nominis
3094 638 3189 690 tui.
3222 635 3503 691 Taberna-

1941 725 2122 781 culum
2154 726 2356 796 quippe
2387 727 2542 782 locus
2576 734 2714 791 erat,
2745 743 2856 782 non
2887 728 3063 798 ipsius
3101 728 3218 793 Dei,
3264 729 3360 784 sed
3406 744 3504 783 no-

1941 817 2105 872 minis
2135 816 2274 887 ejus.
2309 818 2369 871 In
2414 817 2646 887 singulis
2679 827 2861 875 autem
2887 821 3245 892 conqueritur
3273 821 3504 890 adjectis

1943 909 2028 966 his
2080 909 2262 964 verbis
2301 927 2313 963 :
2350 907 2408 962 In
2461 909 2664 975 medio,
2722 910 2919 981 inquit,
2978 913 3343 968 solemnitatis
3399 919 3506 968 tua:

1942 999 2315 1054 sanctuarium
2364 1009 2516 1053 tuum
2563 1008 2616 1054 et
2663 1001 3074 1057 tabernaculum
3116 1003 3356 1058 nominis
3401 1004 3500 1066 tui,

1940 1090 2073 1146 Nam
2108 1090 2192 1146 hae
2225 1091 2580 1162 querimoniae
2621 1099 2749 1147 sunt
2797 1093 2865 1147 ad
2912 1093 3257 1148 excitandam
3295 1091 3505 1147 facino-

1940 1197 2062 1236 rum
2097 1183 2378 1248 ultionem,
2409 1183 2476 1237 ad
2510 1198 2670 1252 quam
2699 1183 2801 1238 sub
2831 1183 2945 1237 haec
2969 1193 3228 1252 provocat
3271 1183 3458 1238 dicens
3486 1198 3498 1230 :

1940 1275 2080 1329 cha
2127 1291 2317 1328 manus
2348 1283 2467 1328 tuas
2494 1275 2550 1328 in
2583 1273 2859 1343 superbius
2886 1291 3066 1328 eorum
3100 1276 3154 1328 in
3192 1275 3384 1343 ﬁnem;
3420 1287 3503 1328 se-

1943 1364 2178 1420 cundum
2213 1362 2598 1435 Symmachum
2630 1379 2757 1418 vero
2798 1385 2811 1418 :
2858 1363 3156 1428 Emattatio,
3192 1365 3288 1428 ait,
3316 1363 3502 1432 pedm

1945 1466 2149 1510 tuorum
2180 1456 2245 1508 de
2277 1454 2448 1509 medio
2471 1455 2685 1509 sublata
2713 1465 2788 1509 est
2815 1456 2882 1508 ad
2907 1458 3202 1511 victoriam.
3237 1455 3505 1509 Exaltatio

1945 1555 2123 1603 autem
2155 1545 2350 1616 pedum
2376 1547 2516 1616 ejus,
2554 1547 2813 1616 templum
2839 1557 2955 1602 erat
2982 1549 3234 1618 precibus
3261 1547 3506 1602 destina-

1943 1647 2079 1693 tum.
2122 1637 2350 1692 Gloriati
2382 1645 2510 1692 sunt
2537 1639 2628 1708 qui
2658 1638 2888 1693 oderunt
2927 1638 3092 1693 Deum
3121 1641 3177 1694 in
3207 1637 3387 1692 medio
3418 1653 3505 1692 εο·

283 1729 588 1797 ἠφανίσθη
623 1730 711 1794 εις
741 1730 927 1794 νῖκος.
981 1728 1220 1798 "rumpe
1245 1728 1299 1782 δὲ
1338 1728 1443 1782 τῶν
1473 1729 1645 1782 ποδῶν
1676 1730 1838 1783 αὐτοῦ

1953 1727 2240 1784 lemnitatis
2269 1728 2410 1797 ejus,
2455 1735 2510 1782 et
2547 1730 2742 1784 merito
2770 1730 3009 1799 quidem.
3040 1729 3178 1796 Quia
3212 1731 3357 1784 enim
3405 1729 3510 1799 ipsi

281 1823 312 1873 ὁ
333 1818 468 1884 νεὼς
494 1815 561 1890 ῆν
588 1821 618 1871 ὁ
648 1820 952 1890 εὐκτήριος.
1007 1820 1461 1891 Ἐνεκαυχήσαντο
1486 1822 1533 1873 οἱ
1565 1819 1845 1890 μισοῦντες

283 1912 384 1982 τὴν
403 1910 535 1964 Θεὸν
561 1913 619 1963 ἐν
642 1911 789 1981 μέσῳ
813 1911 910 1981 τῆς
941 1910 1131 1981 ἑορτῆς
1153 1910 1314 1964 αὑτοῦ
1344 1912 1584 1975 εἰκότως,
1626 1912 1866 1982 Ἐπειδὴ.

283 2002 394 2071 γὰρ
412 2001 564 2055 αὐτοὶ
582 2001 830 2071 πρότεροι
846 2001 936 2053 τὸν
963 2001 1124 2054 τόπον
1147 2002 1414 2065 οἰκοῦντες
1435 2003 1626 2067 ἀθέους
1647 2005 1847 2074 ἤραντο

286 2095 473 2165 χεῖρας
504 2091 639 2146 κατᾶ
664 2092 756 2144 τοῦ
785 2091 1018 2164 Χριστοῦ
1047 2091 1141 2145 τοῦ
1173 2092 1306 2146 Θεοῦ
1332 2093 1391 2146 ἐν
1424 2093 1573 2165 μέσῳ
1609 2095 1705 2165 τῆς
1729 2096 1848 2166 έορο

281 2186 382 2254 τῆς
403 2182 586 2246 αὐτοῦ,
610 2183 756 2253 βοαῖς
777 2201 834 2237 τε
858 2184 1034 2247 ἀθέοις
1062 2185 1156 2238 καὶ
1173 2184 1420 2253 ἐναγέσιν
1444 2187 1760 2258 ἐχρήσαντο,
1787 2188 1844 2240 ἐν

283 2275 420 2345 αὐτῇ
451 2276 515 2345 τῇ
545 2272 636 2326 τοῦ
672 2273 864 2342 Πάσχα
893 2273 1074 2345 ἡμέρᾳ
1103 2274 1164 2327 τὸ
1195 2269 1332 2344 αἷμα
1363 2274 1527 2329 αὐτοῦ
1561 2275 1680 2328 καθ’
1713 2275 1840 2328 ἑαυ-

283 2366 393 2419 τῶν
418 2367 510 2419 καὶ
536 2365 672 2418 κατὰ
695 2365 804 2418 τῶν
836 2365 976 2420 ἰδίων
1006 2366 1210 2419 τέκνων
1237 2366 1674 2438 ὲξαιτησάμενοιο
1707 2367 1847 2420 εικό-

285 2475 390 2522 τως
429 2459 487 2512 ἐν
531 2457 679 2528 μέσῳ
726 2457 826 2527 τῆς
860 2457 1052 2528 ἑορτῆς
1086 2457 1271 2528 μετῄει
1300 2457 1496 2520 αὐτοὺς
1538 2461 1570 2529 ὴ
1606 2458 1671 2511 ὲκ
1711 2457 1846 2510 Θεοῦ

285 2550 456 2622 ὀργή·
486 2550 562 2614 ὡς
589 2551 682 2602 καὶ
705 2549 898 2618 ἑτέραν
927 2549 1260 2619 προφητείαν
1289 2548 1620 2620 πληροῦσθαι
1646 2551 1724 2613 εἰς
1752 2550 1848 2602 αύ-

1946 1822 2106 1893 primi
2133 1822 2311 1876 locum
2339 1821 2658 1886 incolentes,
2696 1821 2749 1875 in
2782 1822 2958 1875 medio
2989 1821 3352 1876 solemnitatis
3389 1821 3509 1889 ejus

1946 1914 2143 1984 impias
2175 1923 2371 1969 contra
2411 1913 2690 1968 Christum
2722 1911 2817 1966 Dei
2865 1913 3106 1968 extulere
3136 1927 3351 1974 manus,
3393 1912 3510 1965 cla-

1947 2007 2300 2077 moribusque
2339 2005 2521 2076 impiis
2550 2013 2603 2059 et
2636 2004 2861 2059 nefariis
2892 2006 3002 2068 usi,
3033 2006 3086 2059 in
3133 2005 3252 2074 ipso
3290 2002 3512 2058 Pascha:

1947 2097 2033 2152 die
2075 2097 2395 2168 sanguinem
2427 2096 2548 2165 ejus
2582 2111 2747 2166 super
2786 2111 2845 2150 se
2891 2105 2946 2150 et
2995 2112 3160 2166 super
3198 2096 3337 2149 ﬁlios
3381 2112 3511 2150 suos

1946 2189 2290 2258 expetierunt
2309 2189 2388 2254 “;
2423 2187 2548 2256 jure
2597 2186 2651 2241 in
2684 2186 2863 2241 medio
2902 2185 3263 2240 solemnitatis
3294 2185 3513 2240 invade-

1945 2280 2037 2334 bat
2075 2295 2170 2335 eos
2217 2279 2297 2332 ira
2344 2275 2478 2344 Dei;
2515 2278 2587 2330 ita
2633 2285 2695 2330 ut
2741 2275 2845 2330 alia
2897 2276 3180 2347 pr0phetia
3223 2275 3514 2346 impleatur

1946 2387 2052 2441 qua
2083 2372 2148 2426 de
2180 2372 2287 2426 illis
2316 2370 2519 2426 dicitur
2551 2388 2563 2422 :
2595 2367 2660 2421 Et
2696 2378 2992 2422 convertam
3034 2368 3392 2422 solemnitate:
3428 2381 3512 2421 vc-

1946 2471 2085 2517 stras
2140 2463 2196 2516 in
2232 2464 2450 2528 luctum,
2515 2468 2563 2514 et
2615 2459 2942 2514 celebritates
2996 2467 3194 2512 vestras
3249 2459 3304 2510 in
3360 2457 3513 2526 pian-

1947 2563 2087 2607 ctum
2103 2554 2170 2606 ’⁸.

285 2644 411 2705 τοὺς
433 2681 448 2706 ,
481 2641 546 2694 δι’
584 2637 892 2713 ἧςεῖρητο·
931 2640 1039 2694 Καὶ
1080 2641 1468 2710 μεταστρέψω
1498 2641 1604 2706 τὰς
1637 2640 1842 2708 ἑορτὰς
1875 2643 2041 2712 ὑμῶν
2082 2647 2168 2710 εις
2213 2642 2430 2709 πένθος
2453 2683 2468 2707 ,
2517 2643 2613 2696 καὶ
2679 2641 2786 2707 τὰς
2813 2641 3171 2710 πανηγύρεις
3207 2637 3373 2709 ὑμῶν
3430 2637 3516 2702 εις

287 2731 524 2800 θρῆνον.

357 2841 551 2900 Εἶπαν
576 2847 644 2899 ἐν
671 2844 743 2913 τῇ
763 2846 973 2914 καρδίᾳ
1002 2845 1198 2900 αὐτῶν
1215 2850 1274 2901 αἱ
1303 2848 1638 2918 συγγένειαι
1659 2850 1856 2902 αὑτων

283 2937 383 2989 ἐπὶ
405 2936 471 2989 τὸ
497 2937 644 2990 αὑτό
663 2955 675 2967 ο
697 2937 1179 3005 Καταπαύσωμεν
1207 2937 1314 3002 τὰς
1342 2938 1548 3004 ἑορτὰς
1575 2939 1680 2992 τοῦ
1706 2939 1853 2993 Θεοῦ

2033 2848 2195 2902 Vens.
2222 2845 2273 2907 8,
2292 2847 2344 2901 9.
2368 2845 2624 2898 Dixerunt
2638 2861 2690 2897 tn
2707 2841 2862 2896 corde
2881 2858 2973 2895 suo
2993 2843 3324 2912 cognationes
3337 2860 3514 2898 eorum

1960 2939 2138 3001 simul,
2157 2938 2431 3004 Quiescere
2444 2938 2705 3008 faciamus
2729 2935 2840 2988 dies
2865 2933 3024 3003 festos
3050 2933 3145 2992 Dei
3163 2951 3192 2987 a
3209 2944 3369 2989 terra.
3392 2935 3516 3010 Haec

282 3026 408 3079 ἀπὸ
437 3025 548 3093 τῆς
569 3025 698 3095 γῆς.
760 3026 838 3078 Τὰ
864 3025 1223 3097 προλεχθέντα
1249 3028 1424 3080 πάντα
1452 3027 1699 3081 δυσσεϐεῖ
1727 3046 1850 3081 σκο-

1953 3039 2150 3101 omnia,
2177 3037 2372 3108 inquit,
2387 3036 2552 3099 impio
2571 3035 2804 3090 consilio
2823 3031 3026 3088 inimici
3047 3029 3124 3084 tui
3141 3019 3469 3100 peragebant
3501 3049 3513 3084 :

283 3117 398 3186 πῷ,
418 3118 570 3186 φησὶ,
598 3116 948 3188 διεπράξαντο
965 3120 1013 3169 οἱ
1043 3117 1224 3189 ἐχθροί
1247 3135 1340 3171 σου
1359 3135 1372 3148 ·
1396 3120 1454 3171 τό
1480 3137 1539 3172 τε
1565 3119 1673 3192 γὰρ
1699 3121 1849 3188 ἁγια-

285 3207 512 3279 στήριόν
548 3224 640 3260 σου
670 3207 1013 3280 ἐνεπύρισαν,
1045 3209 1138 3261 καὶ
1169 3209 1230 3262 τὸ
1259 3211 1520 3280 σκήνωμα
1543 3209 1634 3264 τοῦ
1657 3211 1855 3282 ὀνόμα-

282 3299 378 3362 τός
404 3315 498 3352 σου
528 3299 890 3372 ἐὸεὸήλωσαν,
924 3301 1017 3354 καὶ
1043 3300 1112 3354 τὰ
1139 3301 1299 3355 λοιπὰ
1323 3303 1496 3356 πάντα
1523 3303 1854 3375 τετολμήκαο

287 3407 374 3444 σιν
389 3408 403 3420 θ
421 3391 521 3444 οὐκ
541 3391 844 3462 ἀνθρώποις
861 3391 1317 3456 ἐπιϐουλεύοντες,
1334 3394 1451 3446 οὐδὲ
1470 3395 1631 3448 τόπον
1649 3395 1854 3466 πολιορ-

285 3484 404 3536 κεῖν
432 3481 782 3554 προθέμενοι·
810 3484 890 3536 σοὶ
909 3483 965 3536 δὲ
985 3483 1063 3554 τῷ
1090 3483 1206 3554 Θεῷ
1233 3483 1614 3554 πολεμοῦντες,
1638 3485 1732 3539 καὶ
1754 3484 1853 3549 τὰς

288 3571 480 3642 ἑορτάς
506 3588 597 3624 σου
620 3573 914 3626 καταλῦσαι
937 3566 1320 3643 διανοούμενοι.
1345 3574 1526 3628 Ταῦτα
1549 3575 1634 3639 δὲ,
1659 3577 1708 3628 ει
1758 3575 1854 3629 καὶ

291 3664 368 3735 μὴ
404 3664 630 3734 στόματι
664 3665 882 3718 ἐλάλουν
903 3706 916 3728 ,
960 3665 1098 3720 ἀλλὰ
1123 3669 1246 3729 ταῖς
1276 3667 1522 3740 καρδίαις
1554 3668 1733 3722 αὐτῶν
1762 3669 1856 3722 καὶ

287 3757 406 3818 ταῖς
427 3753 748 3826 ἐνθυμήσεσι
777 3756 1092 3824 ἐλογίζοντο.
1132 3757 1289 3811 Ἀλλὰ
1315 3759 1435 3811 τότε
1471 3760 1567 3829 μὲν
1599 3760 1648 3812 οἰ
1675 3758 1858 3830 ἐχθροὶ

289 3844 381 3896 τοῦ
413 3844 546 3898 Θεοῦ
576 3845 744 3899 ταῦτα
774 3845 1106 3917 λογιζόμενοι
1142 3846 1232 3901 τὸν
1267 3847 1433 3902 πάλαι
1463 3847 1541 3918 τῷ
1562 3848 1677 3919 Θεῷ
1711 3850 1859 3918 ἀφω-

295 3937 543 4008 ρισμένον
607 3936 760 3991 τόπον
804 3937 1105 4010 καθῄρουν·
1139 3941 1167 3993 ὁ
1200 3939 1255 3992 δὲ
1303 3940 1470 4011 μέγας
1513 3941 1605 3992 καὶ
1640 3939 1859 4003 δυνατὸς

289 4025 421 4089 Θεὸς
443 4027 552 4079 ἀνθ’
579 4028 695 4090 ἐνὸς
729 4027 936 4080 ἐκείνου
967 4028 1066 4092 τὰς
1106 4030 1199 4083 ἀπ’
1223 4031 1495 4084 ἀνατολῶν
1518 4030 1666 4101 ἡλίου
1699 4031 1859 4102 μέχρι

289 4116 507 4186 δυσμῶν
535 4118 654 4172 καθ’
686 4119 812 4190 ὅλης
838 4119 937 4190 τῆς
969 4123 1291 4193 οἰκουμένης
1323 4122 1612 4192 ἐκκλησίας
1640 4125 1696 4175 ἐν
1728 4125 1859 4178 πᾶσι

291 4209 512 4279 συνίστη
535 4213 643 4274 τοῖς
670 4211 866 4264 ἔθνεσι.
900 4213 1008 4266 Καὶ
1033 4214 1082 4266 οἱ
1111 4215 1208 4284 μὲν
1241 4214 1425 4286 ἐχθροί
1447 4233 1562 4279 σου,
1591 4217 1742 4285 φησι,
1767 4216 1860 4269 ita).

291 4299 536 4370 πολέμιοι
580 4302 648 4354 τὰ
701 4304 907 4357 ἑαυτῶν
955 4307 1152 4375 σημεῖα
1188 4305 1388 4377 ἔθηκαν
1423 4307 1481 4360 ἐν
1529 4307 1715 4379 ὑψηλῴ
1769 4309 1861 4362 καὶ

1948 3143 2072 3182 nam
2095 3129 2488 3191 sanctuarium,
2521 3127 2720 3196 inquit,
2757 3133 2910 3180 tuum
2943 3122 3322 3185 incenderunt,
3355 3129 3408 3175 et
3438 3129 3519 3174 ta-

1952 3221 2308 3276 bernaculum
2387 3219 2624 3274 nominis
2674 3218 2754 3274 tui
2838 3215 3236 3287 profanarum,
3297 3222 3519 3267 caetera-

1950 3328 2056 3383 que
2109 3312 2293 3366 omnia
2358 3311 2477 3366 ausi
2531 3317 2704 3372 sunt,
2763 3321 2872 3361 non
2936 3305 3248 3360 hominibus
3291 3302 3521 3357 insidias

1952 3411 2265 3466 struentes,
2322 3417 2432 3457 non
2503 3402 2684 3455 locum
2741 3398 2918 3467 ipsum
2982 3394 3234 3450 obsidere
3310 3401 3520 3447 tantum

1953 3495 2008 3550 in
2067 3493 2247 3548 animo
2307 3492 2610 3554 habentes;
2664 3489 2756 3543 sed
2825 3488 2924 3542 tibi
2984 3485 3092 3541 Deo
3140 3485 3341 3540 bellum
3404 3499 3522 3538 mo-

1952 3593 2162 3650 ventes,
2202 3593 2257 3640 et
2289 3585 2426 3641 festa
2465 3591 2559 3638 tua
2592 3582 2803 3638 solvere
2834 3579 3161 3650 cogitantes.
3194 3576 3322 3632 Haec
3355 3589 3521 3647 porro

1954 3675 2169 3731 etiamsi
2227 3689 2338 3729 non
2391 3689 2487 3730 ore
2539 3671 2889 3744 proferrent,
2939 3668 3033 3724 sed
3098 3666 3264 3722 corde
3309 3672 3519 3720 mente-

1955 3779 2062 3834 que
2084 3760 2622 3834 cogitabantNerum
2654 3760 2730 3814 illi
2768 3759 2860 3814 Dei
2892 3759 3079 3813 hostes
3111 3756 3244 3810 talia
3277 3757 3524 3826 cogitan-

1956 3863 2039 3910 tes
2073 3855 2251 3909 locum
2287 3854 2417 3914 olim
2457 3852 2568 3908 Deo
2599 3851 2838 3906 dicatum
2882 3848 3097 3904 excidio
3126 3847 3469 3901 tradiderunt
3504 3864 3520 3901 :

1957 3961 2188 4016 magnus
2232 3952 2415 4000 autem
2463 3944 2554 4001 ille
2603 3953 2902 4013 potensque
2943 3938 3106 4002 Deus,
3147 3953 3247 4009 pro
3283 3952 3393 3991 uno
3433 3937 3526 3991 illo

1958 4035 2098 4100 loco,
2121 4035 2190 4089 ab
2216 4034 2427 4088 oriente
2449 4033 2564 4088 sole
2597 4047 2771 4103 usque
2803 4029 2869 4085 ad
2903 4044 3158 4086 occasum
3185 4043 3278 4098 per
3307 4025 3528 4080 univer-

1962 4141 2082 4182 sum
2118 4126 2304 4180 orbem
2335 4124 2597 4180 ecclesias
2624 4123 2728 4178 sibi
2764 4138 2860 4193 per
2889 4137 3080 4176 omnes
3112 4127 3300 4190 gentes
3321 4117 3526 4171 consti-

1961 4217 2083 4272 luit.
2130 4216 2196 4271 Et
2246 4231 2374 4272 vero
2415 4215 2644 4281 inimici,
2679 4214 2874 4283 inquit,
2909 4221 2963 4268 et
3006 4213 3191 4266 hostes
3242 4209 3321 4262 tui
3373 4207 3525 4276 signa

1963 4323 2061 4361 sua
2099 4307 2153 4360 in
2203 4307 2312 4359 alto
2348 4313 2402 4360 et
2442 4305 2498 4359 in
2544 4303 2856 4372 conspicuis
2913 4303 3047 4354 locis
3087 4304 3409 4368 posuerunt,
3459 4295 3525 4347 ad

290 4391 579 4461 ἐπισήμοις
603 4391 808 4458 τόποις,
835 4395 961 4463 παρ’
985 4393 1154 4457 αὑτὰς
1181 4395 1281 4458 τὰς
1305 4396 1540 4461 εἰσόδους
1563 4396 1656 4449 τοῦ
1682 4398 1852 4469 ἱεροῦ·

1964 4398 2111 4466 ipsas
2141 4410 2314 4465 usque
2353 4394 2540 4467 templi
2574 4394 2794 4457 valvas,
2836 4399 2896 4444 ut
2926 4403 3118 4443 omnes
3163 4387 3256 4457 qui
3302 4393 3527 4456 praeter-

288 4479 365 4542 ὡς
393 4479 458 4533 ἂν
498 4481 692 4547 πάντες
719 4485 766 4536 οἱ
795 4484 1013 4548 διιόντες
1050 4485 1220 4556 ὁρῷεν
1256 4485 1435 4538 αὐτῶν
1458 4486 1526 4540 τὰ
1551 4488 1858 4559 νικητήρια

294 4573 450 4644 ἡμεῖς
481 4574 557 4637 δὲ,
592 4567 666 4628 ὦν
714 4577 777 4628 ἐκ
809 4574 1099 4647 προσώπου
1141 4577 1413 4648 ἱκετήριος
1460 4576 1591 4648 εὐχὴ
1624 4577 1866 4647 ἀναπέμ-

293 4681 476 4730 πεται,
505 4667 579 4720 Τὰ
615 4667 836 4735 σημεῖα
877 4666 1045 4736 ἡμῶν
1079 4671 1189 4722 οὐκ
1219 4668 1474 4737 εἴδομεν.
1517 4667 1640 4731 Πῶς
1673 4668 1730 4721 δέ
1765 4669 1865 4732 oux

291 4753 503 4824 εἴδομεν
533 4751 688 4826 ἡμῶν
733 4755 799 4812 τὰ
842 4759 1073 4826 σημεῖα,
1110 4758 1222 4811 ἀλλ’
1264 4759 1385 4810 ἐπεὶ
1429 4760 1540 4812 οὑκ
1573 4757 1745 4812 ἔστιν
1780 4757 1865 4812 ἐτι

289 4845 620 4915 προφήτης,
652 4848 748 4900 καὶ
790 4847 949 4916 ἡμᾶς
990 4851 1061 4902 οὐ
1092 4851 1380 4918 γνώσεται
1407 4849 1530 4913 ἕτι;
1561 4847 1735 4902 Πάλαι
1768 4848 1866 4920 μὲν

289 4937 404 5007 γὰρ
434 4937 553 4989 καθ’
590 4937 816 4993 ἕκαστον
851 4941 1038 5011 καιρὸν
1083 4941 1176 4993 καὶ
1213 4941 1355 4994 κατὰ
1385 4939 1573 5009 γενεὰς
1603 4941 1696 4993 καὶ
1725 4938 1866 5002 κατὰ

285 5026 538 5097 διαδοχὰς
575 5028 682 5082 τῶν
722 5029 1002 5101 ἡμετέρων
1035 5031 1301 5102 πατέρων,
1331 5031 1603 5102 προφῆται
1633 5031 1867 5102 συνῆσαν

283 5119 475 5182 αὐτοῖς
487 5120 957 5192 πολιορκουμένοις
984 5123 1074 5175 καὶ
1091 5125 1168 5186 εἰς
1193 5124 1566 5194 αἰχμαλωσίαν
1590 5125 1869 5193 ἀπαγομέ-

308 5226 436 5272 οοις·
471 5211 606 5282 ὅπερ
631 5209 698 5284 ἦν
743 5214 993 5284 μέγιστον
1039 5213 1237 5285 δεῖγμα
1275 5216 1366 5268 καὶ
1410 5217 1632 5285 σημεῖον
1670 5216 1761 5267 τοῦ
1793 5217 1866 5286 μὴ

307 5304 690 5369 ινεπισκὸπους
743 5307 938 5370 αὐτοὺς
977 5307 1270 5378 ὑπάρχειν·
1312 5307 1504 5379 ἠγοῦν
1538 5307 1868 5380 προνοητικῆ

313 5389 402 5446 ’ὦν
436 5393 572 5446 ὅλων
608 5395 853 5465 δύναμις,
899 5397 1086 5470 ῶσπερ
1123 5400 1336 5469 ἰατροὺς
1375 5403 1432 5455 ἐν
1467 5402 1583 5462 ταῖς
1615 5399 1868 5467 ἐσχάταις

293 5491 597 5566 συμφοραῖς
649 5489 772 5554 τοὺς
825 5492 1108 5562 προφήτας
1161 5491 1239 5569 τῷ
1276 5493 1396 5552 τότε
1445 5491 1559 5562 λαῷ
1603 5490 1828 5568 καθίστη
1853 5509 1864 5521 .

364 5645 411 5690 ιδ
448 5645 638 5714 ﬂuuit.
672 5663 853 5713 xxv“,
887 5647 976 5713 25.
1054 5649 1100 5682 "
1136 5646 1304 5712 Amos
1347 5662 1472 5713 νιειι
1507 5645 1573 5709 10

1965 4489 2139 4552 ibant,
2170 4486 2416 4540 victoriae
2448 4485 2664 4540 illorum
2709 4481 2954 4554 symbola
2985 4479 3394 4555 conspicerent;
3427 4492 3528 4530 nus

1965 4588 2166 4642 autem,
2197 4594 2263 4633 ex
2303 4592 2535 4648 quorum
2559 4591 2793 4648 persona
2825 4573 3004 4629 oratio
3037 4571 3306 4634 funditur,
3361 4567 3527 4639 Signa

1965 4680 2148 4728 nostra
2170 4687 2275 4723 non
2304 4668 2548 4723 vidimus.
2575 4666 2859 4734 Quomodo
2893 4665 3046 4736 signa
3084 4669 3273 4717 nostra
3308 4675 3416 4714 non
3449 4659 3527 4712 vi-

1966 4763 2167 4828 dimus,
2203 4761 2310 4818 nisi
2343 4760 2470 4832 quia
2507 4761 2626 4829 jam
2667 4776 2768 4817 non
2794 4767 2870 4812 est
2901 4754 3171 4827 propheta,
3201 4760 3250 4806 et
3295 4767 3389 4806 nos
3424 4766 3528 4804 non

1967 4862 2237 4925 cognoscet
2276 4853 2546 4922 amplius?
2581 4847 2719 4905 Olim
2748 4848 2966 4919 quidem
3003 4843 3231 4914 singulis
3271 4839 3528 4911 tempori-

1968 4949 2091 5009 bus,
2121 4949 2177 5001 in
2224 4942 2667 5018 generationibus
2719 4949 2775 4995 et
2826 4935 3268 4995 successionibus
3313 4941 3529 5005 patrum

1971 5046 2304 5107 nostrorum,
2337 5034 2614 5106 propheta:
2638 5032 2773 5104 ipsis
2806 5030 3050 5086 obsessis
3072 5038 3126 5084 et
3157 5027 3211 5082 in
3241 5027 3530 5098 captivita-

1970 5136 2077 5182 tem
2109 5127 2248 5182 actis
2275 5127 2500 5195 ad_erant
2538 5144 2551 5179 :
2579 5124 2725 5195 quod
2759 5123 3054 5176 maximum
3094 5129 3213 5176 erat
3243 5133 3536 5191 argumen-z

1969 5226 2082 5272 tum
2125 5225 2180 5274 et
2228 5193 2464 5287 signum,
2498 5231 2594 5272 eos
2639 5231 2747 5270 non
2782 5213 3119 5284 providentia
3151 5214 3405 5267 exclusos
3436 5215 3529 5262 tua

1971 5310 2172 5378 fuisse;
2199 5310 2371 5364 virtus
2398 5309 2542 5364 enim
2581 5309 2672 5362 illa
2701 5307 2969 5363 universis
3002 5307 3314 5377 providens,
3351 5302 3405 5355 in
3433 5314 3530 5355 cx-

1971 5403 2157 5459 tremis
2188 5401 2591 5457 calamitatibus
2642 5401 2934 5470 prophetas
2987 5414 3084 5452 ceu
3132 5395 3369 5450 medicos
3421 5387 3525 5458 ipsi

1970 5497 2096 5554 olim
2130 5494 2326 5570 populo
2355 5492 2720 5551 constituebat
2751 5510 2764 5547 :
2795 5500 2848 5550 et
2889 5491 3014 5545 haec
3044 5494 3197 5544 erant
3225 5482 3314 5537 Dei
3349 5481 3522 5553 signa,
