4014 6206
476 308 588 368 859

1152 308 1415 367 unseen
1454 309 1928 368 cessaremus
1965 309 2117 369 ore.
2160 310 2338 369 PARS
2374 311 2461 369 ιιι.
2491 300 2571 374 -.-'
2602 306 3011 368 EXEGETICA.

481 425 641 483 Nunc
680 431 858 481 autem
901 439 1027 480 eum
1054 425 1313 496 praedicta
1349 424 1407 481 in
1434 440 1537 482 nos
1559 416 1730 497 'opere
1752 425 2047 497 perﬁciun-

2150 428 2241 482 καὶ
2264 428 2435 483 ταῦτα
2473 423 2542 502 ῆι
2570 426 2667 482 τοῦ
2700 425 2835 480 Θεοῦ
2865 425 2934 481 τά
2967 425 3186 499 σημεῖα.
3219 424 3333 481 Νῦν
3370 425 3428 480 δὲ
3459 427 3541 491 είς
3569 424 3717 499 ἡμᾶς

483 525 595 584 tur,
652 516 819 589 Signa
843 526 1026 572 nostra
1052 533 1157 572 non
1185 516 1410 574 vidimus
1435 534 1456 574 :
1484 533 1655 590 quare
1690 519 1811 589 jam
1840 535 1943 574 non
1970 529 2048 576 est

478 608 751 680 propheta,
793 615 845 663 et
874 624 973 663 nos
1008 623 1113 663 non
1139 616 1413 680 cognoscet
1439 609 1687 679 amplius.
1710 606 1849 664 Nam
1886 608 1935 664 si
1978 609 2048 665 ad

476 703 644 761 breve
662 702 840 759 solum
858 709 1076 773 tempus
1096 702 1376 775 prophetae
1400 700 1765 765 defecissent,
1792 708 1847 757 et
1861 710 2049 772 postea

473 805 659 850 tamen
707 792 1115 866 apparuissent,
1143 807 1488 864 nequaquam
1534 791 1742 847 dictum
1791 799 1959 856 esset,
1997 800 2047 847 et

475 902 572 941 nos
629 901 734 941 non
780 894 1055 957 cognoscet
1113 884 1362 954 amplius.
1425 881 1547 940 Iam
1585 899 1717 941 vero
1758 883 1887 954 quia
1925 895 2049 954 post

473 976 724 1048 ipsorum
764 975 819 1031 in
856 972 1205 1031 Senatorem
1248 989 1437 1041 ausus,
1474 974 1909 1045 irrumpentibus
1938 972 2048 1028 Ro—

475 1068 676 1134 manis,
707 1068 999 1140 locumque
1039 1083 1072 1123 a
1115 1066 1473 1123 fundamento
1502 1064 1868 1130 diruentibus,
1905 1080 2044 1121 nus-

475 1175 641 1231 quam
684 1159 963 1231 prophetaa
1002 1159 1246 1216 obsessis
1284 1159 1537 1223 aderant,
1607 1156 1705 1213 sed
1751 1170 1928 1227 neque
1961 1171 2047 1213 se-

474 1255 663 1325 quenti
691 1261 937 1325 tempore
966 1253 1281 1319 adfuerunt,
1307 1267 1409 1308 nec
1430 1266 1671 1323 unquam
1703 1259 1893 1322 postea
1921 1266 2046 1307 sur-

473 1346 681 1403 recturi
709 1356 871 1415 sunt;
899 1342 1209 1402 admirabili
1238 1345 1400 1401 modo
1434 1343 1722 1414 prophetia
1756 1349 2045 1412 postquam

473 1437 708 1506 dxerat,
736 1436 864 1492 Jam
902 1455 1006 1494 non
1035 1447 1114 1493 est
1156 1437 1427 1508 propheta,
1452 1436 1682 1500 addidit,
1714 1443 1765 1488 et
1808 1451 1905 1488 nos
1944 1451 2048 1489 non

474 1538 749 1601 cognoscet
783 1529 1032 1602 amplius.
1079 1529 1239 1596 Quod
1291 1543 1425 1585 sane
1465 1542 1575 1582 non
1625 1525 2046 1598 Babyloniorum

471 1628 752 1691 tempore,
783 1635 960 1691 neque
1003 1618 1277 1691 superiori
1327 1632 1443 1673 aevo
1487 1615 1597 1671 dici
1648 1622 1878 1686 poterat.
1910 1612 2046 1668 Nam

472 1712 708 1785 singulis
730 1714 789 1769 in
820 1711 1267 1785 generationibus
1300 1724 1469 1781 penes
1493 1709 1619 1765 illos
1652 1707 2045 1780 prophetarum

2147 520 2403 592 γινόμενα
2425 521 2515 575 ὅτε
2534 521 2601 575 τά
2622 518 2988 593 προλεχθέντα
3013 519 3079 572 δι’
3100 518 3275 591 ἔργων
3289 521 3475 591 χωρεῖ,
3505 519 3586 574 Τὰ
3603 535 3716 590 ση-

2142 614 2282 685 μεῖα
2309 613 2477 685 ἡμῶν
2501 616 2612 669 οὐκ
2650 612 2921 683 εἴδομεν·
2947 610 3012 667 δι’
3047 611 3077 665 ὃ
3103 613 3215 667 οὐκ
3253 610 3425 666 ἔστιν
3454 610 3547 665 ἔτι
3575 628 3713 682 κρο-

2146 706 2362 778 ςρήτης,
2394 706 2492 760 καὶ
2520 703 2678 776 ἡμᾶς
2701 706 2773 759 οὐ
2793 702 3082 775 γνώσεται
3103 703 3211 757 ἐτι.
3233 704 3298 757 Ei
3325 703 3425 775 μὲν
3448 702 3561 777 γὰρ
3585 703 3721 776 πρὸς

2148 801 2335 873 καιρὸν
2363 799 2565 872 βραχὺν
2590 797 2825 853 διέλιπον
2845 798 2895 851 οἱ
2924 796 3219 869 προφῆται,
3241 792 3359 851 εἶτα
3386 796 3528 869 μετά
3548 796 3724 852 ταῦτα

2148 892 2310 948 πάλιν
2351 891 2727 961 ἀνεφάνησαν,
2770 890 2872 944 οὐκ
2915 888 2982 944 ἂν
3022 888 3261 958 ἐλέγετο,
3307 889 3408 943 καὶ
3452 887 3617 959 ἡμᾶς
3653 891 3725 943 οὐ

2148 983 2433 1055 γνώσεται
2463 982 2577 1037 έτι·
2617 982 2710 1036 νῦν
2736 981 2794 1036 δὲ
2824 981 3011 1052 ἐπειδὴ
3051 980 3189 1053 μετά
3217 980 3284 1036 τά
3312 980 3458 1035 κατά
3490 981 3589 1035 τοῦ
3617 981 3727 1035 Συ-

2146 1077 2312 1149 τῆρος
2340 1075 2677 1147 τολμηθέντα
2704 1075 2907 1140 αὐτοῖς,
2951 1074 3231 1146 Ῥωμαίων
3262 1074 3607 1129 ἐπιστάντων
3636 1075 3729 1127 καὶ

2145 1168 2237 1222 τὸν
2261 1168 2425 1222 τόπον
2452 1169 2517 1221 ὲκ
2543 1166 2758 1240 βάθρων
2789 1165 3475 1240 ὲρημωσάντων,νούδαμοῦ
3511 1167 3726 1238 προφῆ-

2145 1276 2235 1314 ται
2266 1260 2521 1333 παρῆσαν
2550 1262 2662 1323 τοῖς
2697 1258 3168 1329 πολιορκουμένοις
3187 1275 3201 1289 ο
3238 1258 3352 1312 ἀλλ’
3380 1258 3505 1312 οὐδὲ
3532 1259 3592 1312 ὲν
3615 1261 3726 1321 toi;

2150 1352 2288 1423 μετά
2310 1351 2484 1407 ταῦτα
2508 1352 2720 1424 χρόνοις
2741 1351 3025 1420 γεγόνασιν
3040 1390 3054 1414 ,
3096 1350 3201 1404 οὐδ’
3222 1349 3457 1422 ἤμελλον
3482 1348 3729 1414 είσαῦθίς

2148 1459 2277 1496 ποτε
2322 1442 2748 1514 ἀναστήσεσθαι·
2803 1440 3129 1513 θαυμαστῶς
3181 1444 3215 1512 ἡ
3268 1442 3565 1513 πρόρρησις
3620 1442 3725 1510 φή·

2149 1551 2307 1599 σασα,
2338 1536 2459 1588 Οὐκ
2486 1535 2659 1589 ἐστιν
2678 1535 2765 1589 ea
2790 1533 3117 1604 προφήτης,
3140 1533 3411 1605 ἐπήγαγε,
3444 1535 3538 1587 καὶ
3558 1533 3723 1604 ἡμᾶς

2147 1627 2218 1679 οὐ
2265 1623 2554 1694 γνώσεται
2579 1625 2688 1682 ἔτι.
2731 1625 2853 1678 Ὅτι
2903 1622 3017 1678 οὔτ’
3062 1623 3161 1678 ἐπὶ
3208 1623 3318 1677 τῶν
3368 1623 3723 1677 Βαϐυλωνίων

2147 1718 2352 1789 χρόνων
2383 1718 2621 1790 ἥρμοττε
2648 1715 2922 1786 λέγεσθαι,
2949 1714 3061 1770 οὔτ’
3086 1715 3308 1770 ἐπὶτῶν
3334 1715 3723 1786 παλαιοτέρων.

473 1805 755 1863 successio
785 1804 993 1873 tloruit,
1018 1810 1075 1860 et
1094 1816 1269 1873 usque
1308 1800 1378 1857 ad
1404 1798 1671 1856 Joannem
1723 1798 2043 1870 prophetam

2150 1785 2578 1881 ὲΪίκμαζεηγοῦν
2628 1785 2748 1862 καθ’
2796 1808 3032 1878 ἑκάστην
3077 1806 3268 1877 γενεὰν
3308 1808 3441 1877 παρ’
3473 1785 3657 1870 αὐτοῖς
3695 1808 3726 1879 ἡ

473 1898 795 1970 permansit.
2141 1900 2248 1956 τῶν
2276 1900 2570 1973 προφητῶν
2593 1899 2830 1972 διαδοχὴ.
2858 1900 2893 1970 ἢ
2923 1899 3019 1953 καὶ
3041 1899 3292 1971 διήρκεσε
3321 1899 3521 1970 μέχρις
3544 1897 3724 1952 Ἰωάν-

796 1993 805 2003 ’
2140 2010 2231 2047 νου
2263 1991 2355 2046 τοῦ
2394 1992 2695 2064 προφήτου.

542 2092 712 2148 Vsns.
751 2092 840 2155 10,
867 2089 954 2148 il.
990 2091 1286 2162 Usquequo,
1318 2087 1480 2154 Deus,
1510 2088 1830 2157 improperat
1862 2085 2043 2140 inimi-

2211 2087 2360 2151 Ἕως
2386 2075 2551 2149 πότε,
2583 2087 2616 2139 ὀ
2647 2082 2815 2150 Θεὸς.
2839 2080 3103 2142 ὀνειδίζει
3131 2083 3165 2135 ό
3199 2080 3434 2149 ἐχθρὸς.
3468 2080 3727 2149 παροξύ-

475 2185 793 2250 cus,irritat
823 2183 1165 2239 adversarius
1212 2198 1400 2237 nomen
1435 2191 1583 2235 tuum
1633 2180 1689 2234 in
1742 2179 1942 2249 ﬁnem?
1982 2176 2041 2233 In

2150 2194 2229 2231 νει
2261 2176 2620 2243 ὑπεναντίος
2642 2175 2710 2230 τὸ
2742 2173 2929 2245 ὄνομά
2949 2188 3065 2228 σου
3090 2175 3183 2238 ,είς
3213 2171 3429 2238 τέλος
3457 2169 3725 2240 Πολλάκις

472 2276 730 2350 praesenti
770 2275 1058 2347 prophetia
1104 2273 1260 2341 illud,
1296 2274 1351 2328 in
1381 2273 1559 2343 ﬁnem,
1601 2272 1923 2342 plerumque
1957 2270 2044 2325 di-

2150 2268 2355 2341 εἴρηται
2394 2266 2483 2321 διά
2507 2268 2606 2339 τῆς
2635 2266 2773 2339 μετά
2813 2269 3000 2338 χεῖρας
3032 2264 3366 2336 προφητείας
3396 2265 3482 2329 τὸ,
3517 2266 3608 2330 εις
3635 2263 3725 2317 τὲ-

471 2378 622 2425 ctum
645 2368 765 2424 fuit.
798 2369 857 2424 ln
886 2367 1156 2438 principio
1183 2380 1423 2437 namque
1466 2365 1786 2420 dicebatur:
1825 2360 2039 2434 thuid,

2150 2364 2270 2427 λος.
2327 2360 2416 2414 Ἐν
2456 2360 2600 2431 ἀρχῇ
2650 2359 2747 2430 μὲν
2799 2358 2907 2429 γὰρ
2952 2357 3196 2427 ἐλέγετο·
3244 2357 3438 2420 Ἰνατί,
3488 2360 3524 2411 ό
3561 2354 3722 2423 Θεὸς.

473 2461 639 2528 Deus,
663 2461 903 2532 repulisti
941 2462 997 2515 in
1025 2461 1182 2530 ﬁnem
1203 2463 1229 2516 7
1257 2457 1463 2514 Deinde
1487 2473 1616 2514 vero
1643 2476 1656 2512 :
1688 2454 1824 2511 Leva
1853 2472 2041 2511 manus

2150 2452 2358 2507 ἀπώσω
2378 2455 2467 2518 εις
2496 2449 2701 2518 τέλος;
2747 2447 2847 2505 εἷθ’
2889 2450 3015 2521 ἑξῆς
3034 2466 3048 2480 ο
3094 2451 3355 2519 Ἕπαρον
3380 2447 3494 2515 τὰς
3525 2446 3725 2518 χεῖράς

474 2566 595 2610 tuas
626 2555 684 2609 in
710 2552 984 2623 superbius
1013 2552 1067 2607 in
1096 2553 1289 2622 ﬁnem;
1323 2551 1484 2606 tertio
1522 2569 1535 2605 :
1571 2547 1765 2604 Irritat
1793 2547 2043 2603 adversa-

2150 2560 2258 2601 σου
2287 2545 2385 2599 ἐπὶ
2425 2544 2531 2611 τὰς
2570 2543 2982 2613 ὑπερηφανίας
3023 2545 3111 2608 εις
3147 2541 3353 2607 τέλοςυ
3384 2540 3481 2594 καὶ
3507 2540 3719 2611 τρίτον

472 2648 587 2703 rius
639 2662 826 2702 nomen
877 2654 1023 2699 tuum
1067 2645 1123 2698 in
1170 2644 1363 2713 ﬁnem;
1418 2656 1748 2713 rursumque
1793 2660 1807 2696 :
1845 2639 2040 2712 thuid

2150 2638 2470 2708 Παροξύνει
2508 2641 2542 2693 ό
2572 2637 2929 2704 ὑπεναντίος
2960 2636 3024 2690 τὸ
3048 2631 3232 2704 ὄνομά
3262 2649 3379 2688 σου
3404 2634 3497 2699 εις
3516 2632 3717 2699 tuor,"

472 2738 666 2794 avertis
694 2754 908 2793 manum
942 2747 1087 2790 tuam
1112 2745 1162 2791 et
1191 2735 1461 2790 dexteram
1493 2746 1640 2788 tuam
1661 2734 1725 2789 de
1752 2733 1921 2789 medio
1960 2735 2038 2789 δίο·

2150 2732 2237 2784 καὶ
2261 2725 2445 2793 αὖθις·
2488 2729 2663 2784 ἰνατί
2690 2726 3090 2797 ἀποστρέφεις
3113 2726 3228 2793 τὴν
3282 2723 3452 2795 χεῖρά
3478 2739 3596 2778 σου
3621 2721 3720 2776 καὶ

473 2846 544 2883 nu
574 2840 664 2884 tuo
694 2831 749 2882 in
772 2830 970 2899 ﬁnem?
996 2827 1164 2893 Queis
1198 2836 1475 2897 postrema
1508 2826 1613 2881 loci
1640 2826 1855 2882 obsidio
1872 2825 2042 2897 signi-

2150 2822 2256 2890 τὴν
2272 2821 2477 2887 δεξιάν
2489 2835 2606 2876 σου
2617 2820 2686 2875 ἐκ
2697 2820 2896 2890 μέσου
2910 2817 3017 2874 τοῦ
3033 2819 3263 2873 κόλπου
3275 2834 3393 2873 σου
3408 2819 3501 2882 εις
3514 2815 3722 2880 rem;

474 2921 687 2976 licetur.
719 2919 855 2974 Cum
880 2927 1061 2973 autem
1093 2925 1446 2989 percontatur
1465 2925 1520 2972 et
1542 2917 1675 2973 dicit
1698 2937 1713 2973 :
1742 2916 2038 2989 Usquequo,

2150 2917 2208 2971 δι’
2235 2909 2308 2970 ὧν
2340 2916 2369 2969 ό
2399 2914 2556 2984 λόγος
2586 2913 2684 2985 τὴν
2712 2912 3028 2967 τελευταίαν
3073 2909 3384 2982 πολιορκίαν
3429 2909 3526 2963 τοῦ
3557 2908 3719 2961 τόπου

476 3012 635 3076 Deus,
659 3009 1027 3095 improperabit
1048 3010 1289 3065 inimicus
1304 3010 1559 3066 ?edoceri
1580 3010 1732 3082 cupit
1756 3025 2042 3082 quousque

2150 3007 2418 3081 σημαίνει.
2457 3005 2862 3076 Πυνθανόμενος
2895 3004 2952 3057 δὲ
2990 3004 3085 3058 καὶ
3122 3002 3294 3073 λέγων
3314 3019 3327 3033 ·
3362 3002 3521 3069 Ἕως
3559 3003 3723 3066 πότε,

474 3102 662 3158 isthmc
685 3103 1077 3173 perdurabunt,
1116 3109 1172 3157 et
1214 3115 1462 3172 quaenam
1501 3102 1764 3172 temporis
1799 3101 2039 3157 circum—

2144 3100 2177 3152 ό
2238 3095 2401 3162 Θεὸς,
2445 3094 2685 3149 ὀνειδιεῖ
2711 3096 2744 3148 ό
2772 3094 3027 3164 έχθρός;
3073 3090 3383 3163 διδαχθῆναι
3435 3091 3591 3145 ποθεῖ
3620 3092 3727 3154 ἕως

475 3168 700 3264 scriptio
722 3194 847 3261 erit,
882 3201 937 3250 et
966 3168 1253 3264 usquequo
1284 3193 1527 3248 irritabit
1569 3168 1919 3250 adversarius
1944 3207 2046 3247 no-

2150 3185 2277 3237 πότε
2322 3182 2474 3238 ταῦτ’
2512 3183 2686 3248 ἔσται,
2736 3183 2833 3237 καὶ
2874 3183 2960 3246 τίς
3011 3182 3162 3235 ἔσται
3198 3183 3231 3248 ἡ
3270 3180 3583 3253 περιγραφὴ
3626 3180 3723 3235 τοῦ

475 3301 598 3341 men
621 3292 797 3349 tuum,
826 3301 957 3341 num
994 3286 1120 3340 talia
1145 3285 1354 3358 agendo
1374 3286 1430 3341 in
1474 3285 1635 3341 linem
1665 3292 2046 3356 perseveratu-

475 3389 571 3434 rus
592 3378 685 3434 sit.
717 3377 1129 3448 Cousequenter
1149 3377 1345 3432 borum
1376 3392 1597 3432 causam
1631 3376 1906 3448 precando
1935 3376 2043 3433 sci-

475 3468 707 3524 scitatur
749 3466 880 3523 dum
915 3467 1050 3522 dicit
1082 3487 1095 3522 :
1128 3465 1321 3538 thuid
1347 3468 1540 3522 avertis
1570 3483 1785 3522 manum
1821 3477 1967 3521 tuam
1998 3475 2049 3520 et

474 3562 749 3616 dexteram
794 3569 939 3614 tuam
986 3558 1050 3614 de
1082 3558 1252 3616 medio
1298 3559 1420 3614 sinu
1469 3568 1557 3613 tuo
1602 3558 1659 3613 in
1696 3559 1899 3628 ﬁnem?
1925 3556 2050 3612 Haec

475 3665 640 3724 porro
659 3650 790 3706 dicti
821 3651 1094 3706 sententia
1127 3659 1214 3706 est
1246 3670 1261 3707 :
1300 3651 1456 3706 sinus
1487 3649 1582 3706 Dei
1624 3649 1783 3705 bonis
1812 3650 2050 3721 repletus

475 3752 580 3807 est,
617 3757 788 3813 quare
837 3741 1045 3799 dictum
1092 3752 1178 3799 est
1214 3762 1228 3799 :
1265 3741 1573 3815 Unigenitns
1618 3741 1817 3809 Filius,
1848 3745 1937 3815 qui
1973 3752 2052 3800 est

477 3833 531 3885 in
562 3834 682 3887 sinu
726 3831 933 3898 Patris,
952 3834 1063 3903 ipse
1105 3834 1375 3887 enarravit
1404 3835 1474 3890 “.
1500 3833 1566 3888 Et
1589 3841 1676 3889 est
1703 3833 1793 3889 hic
1816 3848 2052 3891 arcanus

478 3925 724 3981 Paterna:
764 3924 1070 3982 divinitatis
1119 3927 1433 3993 thesaurus,
1474 3936 1530 3985 et
1562 3922 1845 3999 plenitudo
1880 3928 2052 3986 bono-

479 4032 602 4072 rum
652 4018 919 4082 omnium,
983 4018 1129 4073 unde
1186 4020 1484 4089 gratiarum
1530 4021 1674 4075 dona
1729 4021 1798 4075 iis
1838 4022 1933 4091 qui
1992 4037 2053 4077 se

478 4107 630 4179 digni
652 4114 781 4164 sunt
814 4108 1065 4177 largitur.
1100 4107 1369 4175 Quoniam
1412 4109 1579 4181 igitur
1609 4108 1677 4165 de
1708 4109 1887 4166 medio
1925 4110 2052 4166 sinu

479 4200 620 4257 dona
651 4200 948 4270 gratiarum
995 4200 1177 4271 dignis
1221 4207 1433 4271 erogat,
1463 4215 1527 4256 ac
1570 4200 1851 4255 dexteram
1893 4215 2050 4256 suam

480 4291 537 4346 in
588 4290 710 4346 illos
754 4290 1016 4357 extendit,
1049 4291 1117 4345 ab
1163 4290 1404 4361 indignis
1433 4307 1563 4347 vero
1591 4292 1871 4348 dexteram
1895 4307 2049 4349 suam

481 4381 697 4444 avertit,
729 4380 972 4451 nihilque
1004 4396 1070 4436 ex
1091 4381 1251 4437 bonis
1274 4382 1329 4435 in
1364 4390 1665 4437 memorato
1693 4382 1815 4438 sinu
1843 4398 1944 4439 suo
1968 4397 2055 4439 re-

2148 3276 2360 3349 χρόνου,
2378 3277 2648 3349 καὶμέχρι
2682 3275 2822 3341 τίνος
2855 3275 3145 3347 παροξύνει
3164 3275 3243 3346 (1)
3265 3276 3294 3326 δ
3319 3274 3633 3337 ὑπεναντίος
3657 3273 3724 3327 τδ

2147 3368 2318 3440 ὄνομά
2351 3386 2464 3432 σου,
2495 3369 2589 3422 καὶ
2610 3369 2668 3421 -εί
2705 3368 2945 3439 διαμένει
2976 3368 3056 3432 εἰς
3078 3366 3230 3430 τέλος
3258 3366 3416 3420 τοῦτο
3449 3365 3723 3438 πράττων.

2149 3456 2260 3514 Εἶτ’
2286 3459 2592 3525 ἀκολούθως
2621 3459 2948 3516 πυνθάνεται
2973 3457 3072 3531 τὴν
3096 3456 3301 3511 τούτων
3324 3457 3504 3511 αἰτίαν
3529 3456 3723 3522 ὰξιιῖινδ

2147 3549 2230 3604 διό
2258 3566 2419 3619 φησιν
2438 3566 2452 3579 ·
2499 3549 2673 3604 Ἰνατί
2704 3548 3099 3618 ἀποστρέφεις
3124 3546 3240 3615 τὴν
3294 3546 3465 3617 χεῷἀ
3490 3563 3606 3601 σου
3629 3548 3730 3600 καὶ

2148 3641 2264 3709 τὴν
2289 3639 2495 3705 δεξιάν
2511 3656 2629 3695 σου
2669 3640 2738 3694 ἐκ
2774 3639 2969 3711 μέσου
3000 3640 3103 3694 τοῦ
3131 3640 3366 3694 κόλπου
3388 3656 3509 3694 σου
3531 3643 3620 3708 είς
3642 3640 3731 3694 τέ-

2149 3739 2300 3801 λος;
2338 3735 2401 3787 Ἦ
2433 3733 2489 3786 δὲ
2518 3732 2612 3786 τοῦ
2656 3732 2814 3801 λόγου
2845 3731 3050 3786 διάνοια
3081 3731 3267 3785 τοῦτον
3301 3730 3417 3802 ἔχει
3455 3731 3548 3785 τὸν
3572 3729 3727 3786 νοῦν·

2151 3830 2180 3881 ό
2203 3828 2399 3892 κόλπος
2422 3825 2515 3880 τοῦ
2547 3825 2681 3879 Θεοῦ
2706 3824 2924 3895 ἀγαθῶν
2952 3826 3066 3879 ἐστι
3092 3824 3324 3896 πλήρης,
3348 3823 3431 3877 διὸ
3454 3823 3728 3878 uisantur

2151 3919 2498 3991 Μονογενὴς
2524 3917 2656 3986 Υἱὸς
2681 3922 2714 3973 ό
2740 3917 2826 3972 ὢν
2849 3920 2937 3984 εις
2961 3916 3070 3971 τὸν
3087 3918 3319 3971 κόλπον
3343 3916 3453 3970 τοῦ
3484 3918 3732 3986 Πατρὲς,

2152 4011 2379 4078 ἐκεῖνος
2406 4009 2767 4081 ἐξηγήσατο.
2793 4010 2913 4064 ’Καὶ
2938 4008 3083 4062 ἔστιν
3113 4008 3425 4081 ἀπόρρητος
3455 4003 3613 4072 οὗτος
3640 4009 3734 4079 τῆς

2164 4104 2445 4175 Πατρικῆς
2461 4102 2711 4173 θεότητος
2743 4100 3014 4173 θησαυρὸς
3038 4100 3130 4154 καὶ
3157 4099 3430 4170 πλήρωμα
3454 4100 3573 4152 τῶν
3600 4100 3733 4168 ἀγαο

2153 4191 2259 4244 θῶν
2289 4192 2560 4254 ἁπάντων,
2584 4189 2641 4256 ἐξ
2667 4185 2741 4242 ὧν
2771 4188 2951 4243 δίδωσι
2985 4189 3053 4242 τά
3080 4189 3394 4260 χαρίσματα
3418 4190 3537 4252 τοῖς
3568 4188 3735 4254 ἀξίοις

2151 4281 2338 4336 αὐτοῦ.
2375 4282 2526 4335 Ἐπεὶ
2567 4281 2745 4335 τοίνυν
2779 4282 2842 4333 ὲκ
2882 4281 3046 4352 μέσου
3090 4280 3184 4333 τοῦ
3228 4279 3435 4334 κόλπου
3474 4280 3548 4334 τὰ
3582 4280 3736 4352 χαρί-

2154 4391 2335 4445 σματα
2365 4376 2477 4438 τοῖς
2526 4372 2696 4438 ἀξίοις
2725 4375 2977 4445 δωρεῖται
3021 4373 3273 4427 ἐκτείνων
3301 4373 3385 4437 εἰς
3410 4374 3617 4439 αὐτοὺς

479 4472 718 4529 conditis
764 4472 899 4544 ipsis
949 4473 1245 4545 elargitur;
1273 4473 1397 4544 jure
1444 4474 1781 4543 sciscitatur,
1811 4476 2046 4535 dicens:

2154 4462 2346 4517 ἑαυτοῦ
2373 4461 2572 4530 δεξιὰν,
2603 4461 2711 4516 ἀπὸ
2737 4462 2793 4515 δὲ
2821 4462 2927 4515 τῶν
2958 4461 3034 4534 μὴ
3070 4462 3235 4527 ἀξίων
3272 4462 3615 4532 ἀποστρέφει
3640 4463 3737 4536 τὴν

485 4562 679 4635 thuid
721 4566 910 4619 avertis
961 4581 1174 4618 manum
1227 4573 1370 4620 tuam
1432 4576 1485 4621 et
1522 4567 1794 4624 dexteram
1825 4580 1970 4624 tuam
1990 4572 2051 4626 de

2154 4557 2311 4627 χεῖρα
2348 4555 2445 4626 τὴν
2474 4552 2674 4620 δεξιὰν,
2708 4554 2871 4625 μηδὲν
2914 4553 3092 4608 αὐτῶν
3137 4553 3246 4607 τῶν
3277 4555 3336 4607 ὲν
3375 4554 3533 4627 αὺτῷ
3572 4556 3741 4627 δηλω-

482 4655 652 4709 medio
683 4656 802 4709 sinu
837 4666 924 4709 tuo
959 4656 1012 4709 in
1039 4657 1239 4725 ﬁnem?
1267 4656 1617 4730 Rursumque
1657 4661 1712 4716 id
1755 4661 1965 4731 adjicit,
1996 4663 2051 4717 in

483 4746 662 4815 ﬁnem,
694 4748 1037 4818 signiﬁcans,
1068 4748 1127 4803 in
1149 4749 1311 4805 ﬁnem
1344 4750 1480 4821 ipsis
1510 4752 1747 4808 dexteras
1770 4753 1865 4810 Dei
1895 4769 2051 4811 aver-

484 4836 692 4891 sionem
728 4837 966 4892 futuram
995 4855 1137 4895 esse.
1183 4839 1615 4913 lnterrogatione
1640 4852 1820 4899 autem
1850 4860 1952 4901 nos
1981 4847 2051 4901 ad

481 4941 705 4982 causam
729 4929 1149 4998 perquirendam
1186 4932 1416 5001 invitat;
1456 4942 1517 4989 ut
1545 4950 1854 5005 quaeramus
1881 4953 2051 5007 quare

484 5013 565 5069 illi
590 5016 647 5072 in
676 5016 838 5073 tinem
870 5019 1068 5090 abjecti
1092 5022 1225 5077 sint.
1252 5021 1385 5079 Nam
1420 5024 1467 5081 si
1501 5025 1628 5096 quis
1645 5041 1741 5081 eos
1766 5027 1834 5084 de
1853 5042 2049 5099 pecca-

483 5114 541 5162 to
567 5115 622 5163 et
658 5107 945 5179 iniquitate
987 5110 1340 5181 incusaverit,
1371 5123 1428 5170 at
1463 5116 1668 5174 scimus
1687 5118 1815 5173 olim
1852 5118 2051 5176 similia

485 5214 610 5255 cum
640 5197 899 5256 fecissent
918 5217 1027 5257 non
1051 5202 1107 5257 in
1136 5203 1297 5260 tinem
1322 5209 1567 5278 abjectos
1594 5208 1764 5265 fuisse
1793 5229 1807 5266 :
1841 5209 2053 5267 inﬁnita

504 5292 684 5363 ;uippe
721 5298 777 5346 et
807 5291 1019 5347 nefaria
1062 5308 1254 5350 eorum
1286 5313 1472 5370 opera,
1504 5300 1792 5365 adulteria,
1826 5299 2052 5356 idolola-

484 5384 664 5448 triam,
716 5384 1103 5455 prophetarum
1148 5387 1326 5445 caedes
1384 5400 1707 5448 enumerant
1747 5393 2050 5465 prophetici

484 5491 797 5545 sermones;
824 5475 921 5533 sed
955 5492 1235 5548 nunquam
1280 5479 1336 5533 in
1369 5480 1531 5537 linem
1582 5483 1831 5542 dorelicti
1872 5495 2001 5541 sunt
2033 5503 2046 5540 :

488 5564 760 5634 propheta:
792 5582 1010 5638 quoque
1051 5568 1182 5639 ipsis
1208 5609 1222 5635 ,
1248 5570 1350 5626 etsi
1386 5570 1514 5627 talia
1564 5574 1928 5644 patrantibus,
1956 5573 2050 5629 ad-

471 5657 479 5669 ‘
554 5653 600 5685 ³⁸
634 5657 791 5712 toan.
828 5671 884 5723 ι,
919 5656 1007 5715 18.

2152 4647 2299 4703 θέντι
2354 4647 2538 4718 κόλπῳ
2594 4645 3036 4717 τεταμιευμένων
3088 4645 3306 4715 ἀγαθῶν
3362 4648 3737 4720 δωρούμενος

2152 4739 2373 4803 εἰκότως
2449 4738 2774 4793 πυνθάνεται
2822 4736 3022 4806 λέγων’
3089 4737 3261 4791 ἰνατί
3333 4738 3740 4809 ἀποστρέφεις

2150 4829 2268 4900 τὴν
2289 4829 2457 4901 χεῖρά
2486 4846 2602 4884 σου
2631 4829 2727 4883 καὶ
2754 4828 2868 4897 τὴν
2906 4828 3114 4893 δεξιάν
3150 4844 3269 4883 σου
3302 4828 3375 4882 ἐκ
3400 4831 3609 4899 μέσου
3637 4830 3739 4884 τοῦ

2151 4925 2382 4978 κόλπου
2421 4937 2539 4977 σου
2581 4925 2667 4989 εἰς
2707 4923 2912 4988 τέλος;
2946 4923 3057 4975 Καὶ
3101 4921 3260 4975 πάλιν
3297 4922 3630 4994 προστίθησι
3658 4921 3733 4983 τὺ,

2151 5018 2238 5082 εὶς
2277 5014 2471 5080 τέλος,
2509 5016 2807 5087 σημαίνων.
2848 5014 2923 5079 ὡς
2964 5013 3280 5086 ἀποστροφὴ
3318 5014 3421 5084 τῆς
3465 5016 3566 5069 τοῦ
3605 5014 3732 5069 Θεοῦ

2152 5106 2329 5173 δεξιᾶς
2362 5107 2441 5169 εἰς
2464 5106 2614 5171 τέλος
2646 5105 2794 5160 ἔσται
2840 5107 3039 5169 αὐτοῖς.
3075 5105 3174 5159 Διὰ
3200 5105 3256 5159 δὲ
3286 5105 3388 5176 τῆς
3414 5107 3730 5179 ἐρωτήσεως

2155 5181 2247 5253 ἐπὶ
2286 5197 2385 5270 τὴν
2424 5197 2649 5269 ζήτησιν
2695 5198 2793 5269 τῆς
2837 5196 3014 5260 αἰτίας
3059 5198 3205 5268 ἡμᾶς
3247 5195 3532 5268 διεγείρει,
3566 5198 3641 5260 ὡς
3667 5195 3731 5250 ἀν

2155 5288 2488 5360 ζητήσαιμεν
2515 5289 2567 5340 τί
2598 5290 2659 5341 τὸ
2693 5287 2862 5343 αἴτιον
2890 5288 3180 5359 γεγένηται
3204 5286 3299 5340 τοῦ
3338 5289 3417 5352 εἰς
3452 5288 3607 5352 τέλος
3634 5288 3734 5341 αὐ-

2153 5381 2280 5444 τοὺς
2311 5378 2703 5450 ἀποϐληθῆναι.
2744 5380 2807 5432 Εἰ
2853 5379 2953 5450 μὲν
2980 5378 3091 5448 γὰρ
3127 5377 3398 5448 ἁμαρτίας
3430 5380 3529 5432 καὶ
3556 5395 3734 5448 παρα-

2157 5469 2345 5540 νομίας
2376 5468 2678 5522 αἰτιάσαιτό
2711 5485 2812 5532 τις,
2838 5466 2973 5519 ἀλλά
3010 5467 3103 5521 καὶ
3128 5465 3294 5518 πάλαι
3325 5465 3554 5519 τοιαῦτα
3594 5465 3735 5536 πρά-

2159 5560 2353 5628 ξαντας
2376 5558 2568 5621 αὐτοὺς
2597 5558 2837 5630 ἔγνωμεν
2858 5558 2947 5611 καὶ
2971 5557 3044 5629 μὴ
3073 5555 3423 5617 ἀπωσθέντας
3444 5558 3525 5620 είς
3551 5555 3731 5620 τέλος

555 5746 630 5817 (ι)
649 5745 806 5807 Forte
824 5748 1103 5823 legendum
1124 5752 1431 5828 παροξυνεῖ,
1452 5763 1505 5813 et
1533 5770 1680 5824 mox,
1718 5730 1981 5830 διαμενεῖ.
2013 5758 2167 5815 Enn.
