4014 6206
279 337 385 393 861

1399 338 1897 396 COMMENTARIA
1938 340 2005 397 IN
2039 342 2377 402 PSALMOS.

3379 337 3484 395 863

281 454 509 530 μυρίους
536 454 644 527 γὰρ
661 453 947 526 ἀθεμίτους
979 455 1201 528 πράξεις
1228 458 1470 529 μοιχείας
1492 476 1549 512 τε
1578 461 1672 514 καὶ⁵
1703 460 1833 514 είδω

1949 470 2122 526 erant,
2157 464 2468 534 angelorum
2502 461 2758 526 visiones,
2792 461 3030 534 Spiritus
3053 460 3226 516 saucti
3253 474 3495 530 praesen-

277 547 614 620 λολατρείας,
657 547 949 619 προφητῶν
993 567 1052 602 τε
1103 549 1409 621 ἀναιρέσεις
1456 551 1845 620 καταλέγουσιν

275 639 461 696 αὐτῶν
483 639 532 691 οἱ
557 638 880 710 προφητικοὶ
909 638 1053 708 λόγοι
1072 656 1085 670 ·
1128 639 1241 693 ἀλλ’
1273 640 1333 696 οὑ
1380 639 1596 694 πώποτε
1620 643 1845 712 ἐγκατε-

276 731 576 800 λείφθησαν
619 731 696 792 είς
741 728 909 793 τέλος.
964 731 1203 802 Συνῆσαν
1257 730 1314 784 δὲ
1372 733 1590 798 αὐτοῖς,
1644 735 1843 806 καίπερ

274 819 502 874 τοιαῦτα
519 818 864 890 πράττουσιν,
893 819 942 872 οί
968 819 1272 890 προφῆται·
1309 821 1583 890 ἐγίγνοντο
1621 822 1677 875 δὲ
1715 823 1842 894 παρ’

274 913 462 975 αὐτοῖς
491 911 583 965 καὶ
606 910 847 980 ἀγγέλων
867 911 1192 980 ἐπιφάνειαι,
1217 913 1308 967 καὶ
1340 914 1652 984 Πνεύματος
1683 914 1838 983 ἁγίου

1947 555 2043 611 tia.
2078 554 2232 621 Quod
2259 570 2388 625 ergo
2431 563 2638 609 tantum
2684 561 2793 608 tam
2830 553 3130 609 inauditum
3165 551 3374 605 facinus
3401 565 3498 605 eo-

1947 662 2088 712 rum,
2123 655 2181 700 ut
2232 647 2288 701 in
2334 646 2492 701 tinem
2539 645 2862 715 abjiciantur
2915 653 2969 700 et
3022 645 3243 699 dextera
3278 641 3374 698 Dei
3430 639 3500 698 ab

1945 738 2024 793 eis
2063 745 2338 791 avertatur
2387 737 2441 791 in
2489 737 2703 791 linem?
2758 737 2883 795 Haec
2939 752 3102 806 porro
3159 735 3348 790 dicens
3403 733 3499 788 ad-

1946 828 2173 883 missum
2211 828 2280 883 ab
2300 829 2381 884 eis
2404 827 2460 881 in
2491 828 2771 884 Christum
2799 827 2893 884 Dei
2925 828 3137 881 facinus
3160 825 3326 880 tacite
3365 823 3498 878 sub-

1945 918 2168 973 indicat.

275 1005 568 1076 παρουσία.
594 1004 660 1056 Τί
693 1005 866 1058 τοίνυν
891 1006 950 1058 τὸ
988 1005 1153 1072 ξένον,
1191 1007 1286 1060 καὶ
1326 1008 1378 1061 τί
1415 1007 1665 1062 τοσοῦτον
1727 1012 1907 1075 αὐτοῖς
1941 1014 2280 1086 τετόλμηται,
2325 1013 2402 1078 ὼς
2441 1015 2522 1078 είς
2566 1014 2717 1078 τέλος
2765 1014 2961 1078 αὑτοὺς
3003 1013 3352 1084 ἀπωσθῆναι,
3407 1011 3501 1062 καὶ

271 1099 376 1167 τὴν
413 1095 590 1159 δεξιὰν
613 1097 707 1148 τοῦ
737 1095 869 1148 Θεοῦ
900 1097 1303 1168 ἀποστραφῆναι
1333 1099 1528 1162 αὐτοὺς
1581 1101 1660 1163 εἰς
1693 1100 1876 1168 τέλος;
1911 1103 2094 1173 Λέγων
2126 1105 2180 1158 δὲ
2216 1105 2406 1171 ταῦτα,
2467 1106 2756 1159 αἰνίττεται
2802 1105 3220 1176 σεσιωπημένως
3258 1101 3319 1156 τὸ
3361 1115 3502 1173 πρα-

273 1186 406 1257 χθὲν
426 1186 609 1250 αὐτοῖς
633 1186 774 1240 κατὰ
793 1184 887 1239 τοῦ
911 1188 1144 1258 Χριστοῦ
1177 1187 1270 1242 τοῦ
1295 1189 1427 1242 Θεοῦ
1447 1190 1718 1262 τόλμημα.

357 1305 414 1357 '0
446 1304 516 1358 δὲ
561 1303 706 1371 Θεὸς
741 1305 1044 1372 βασιλεὺς
1061 1306 1230 1375 ἡμῶν
1269 1308 1382 1376 πρὸ
1419 1306 1630 1376 αἰῶνος
1656 1309 1845 1380 εἰργά-

2013 1303 2178 1362 Vens.
2209 1305 2394 1360 l2-l8.
2453 1305 2592 1359 Deus
2619 1315 2792 1359 autem
2830 1320 2922 1359 rea:
2966 1314 3141 1360 noster
3181 1314 3302 1361 ante
3331 1323 3499 1361 sarcu-

272 1409 431 1450 σατο
458 1393 759 1462 σωτηρίαν
779 1395 849 1447 ἐν
869 1393 1032 1461 ιιέσῳ
1060 1395 1170 1465 τῆς
1201 1396 1333 1467 τῆς.
1363 1397 1590 1452 Διελθὼν
1618 1399 1684 1452 τὰ
1714 1417 1833 1470 προ-

1945 1399 2053 1453 lum
2087 1409 2328 1466 operatus
2357 1408 2432 1452 est
2465 1405 2686 1452 salutem
2714 1399 2768 1452 in
2799 1397 2968 1452 medio
3001 1407 3175 1453 ιρι-τω.
3200 1397 3495 1469 Postquam

269 1483 595 1555 λελεγμένα,
631 1484 1070 1555 ὲπαναλαμόάνει
1114 1488 1239 1552 τοὺς
1277 1488 1404 1559 περὶ
1452 1489 1552 1558 τῆς
1591 1489 1833 1560 προνοίας

1942 1489 2196 1560 praedicta
2227 1490 2517 1553 recensuit,
2542 1505 2823 1545 sermones
2867 1489 2935 1544 de
2972 1490 3310 1559 providentia
3350 1507 3496 1545 resu-

268 1574 486 1643 λόγους,
515 1575 608 1628 καὶ
650 1573 750 1647 τῆς
798 1576 1080 1647 δυνάμεως
1110 1577 1202 1630 τοῦ
1243 1577 1377 1631 Θεοῦ
1417 1579 1710 1651 παρίστησι
1743 1580 1833 1644 τὰς

1942 1579 2058 1646 mit,
2089 1587 2252 1647 atque
2277 1577 2491 1633 virtutis
2515 1577 2606 1632 Dei
2640 1578 2876 1649 ingentia
2896 1593 3057 1647 opera
3079 1579 3340 1642 declarat,
3379 1580 3497 1650 pias

274 1665 694 1738 μεγαλουργίας,
721 1667 990 1739 εὐκαίρως
1021 1668 1262 1733 εὐσεϐεῖς
1291 1670 1610 1741 προϊέμενος
1635 1672 1836 1740 φωνὰς,

268 1757 351 1821 ὡς
404 1758 469 1812 ἂν
510 1759 585 1830 μή
636 1775 720 1821 τις
765 1759 1023 1829 νομίσειε,
1057 1760 1145 1815 διὰ
1191 1761 1251 1814 τὸ
1298 1760 1370 1832 μὴ
1413 1763 1612 1834 ὲφορᾷν
1657 1763 1837 1826 αὐτὸν,

273 1849 414 1920 μηδὲ
457 1851 762 1903 ἐπιστατεῖν
785 1852 899 1913 τοῖς
941 1851 1074 1903 πᾶσι
1114 1850 1181 1904 τὰ
1223 1851 1582 1923 προλεχθέντα
1613 1857 1838 1926 γεγενῆ-

273 1937 424 1992 σθαι.
450 1939 538 1991 Διό
569 1956 763 2009 φησιν·
799 1940 860 1992 Εἰ
903 1939 1196 1994 καὶταῦτα
1237 1940 1423 1994 τοῦτον
1461 1943 1706 2014 ἐπράχθη
1749 1944 1840 1996 τὸν

269 2029 504 2100 τρόπον·
532 2029 646 2083 ἀλλ’
668 2031 817 2098 ὅμως
854 2030 1210 2102 πεπείσμεθα,
1237 2032 1319 2085 ὅτι
1353 2034 1416 2086 σὺ
1449 2033 1478 2085 ὁ
1501 2033 1631 2098 Θεὸς
1663 2035 1836 2106 ἡμῶν,

267 2120 332 2172 ὃν
359 2120 452 2173 καὶ
485 2120 703 2190 βασιλέα
729 2121 883 2193 ήμῶν
907 2118 1046 2176 εἶναι
1082 2122 1437 2196 γνωρίζομεν,
1481 2125 1655 2195 κρίσει
1687 2125 1839 2198 βασι-

265 2209 398 2280 λικῇ
447 2212 538 2263 καὶ
587 2210 708 2282 θείᾳ
744 2211 919 2264 πάντα
966 2213 1264 2284 οίκονομεῖς
1317 2214 1410 2268 ἐπὶ
1461 2216 1702 2288 σωτηρίᾳ
1733 2217 1840 2273 τῶν

259 2301 433 2355 ὅλων·
476 2301 538 2354 ·ο
570 2301 678 2372 γὰρ
737 2301 879 2368 Θεὸς
927 2301 1116 2372 ἡμῶν,
1158 2304 1457 2372 βασιλεὺς
1509 2306 1677 2375 ἡμῶν
1726 2311 1839 2377 πρὸ

259 2391 484 2458 αἰῶνος
525 2391 840 2462 εἰργάσατο
890 2394 1188 2462 σωτηρίαν
1234 2396 1302 2448 ἐν
1333 2395 1500 2464 μέσῳ
1554 2396 1663 2464 τῆς
1704 2397 1836 2467 γῆς.

246 2484 423 2570 Σ⁹Ωστ’
455 2485 504 2536 εἰ
553 2483 649 2538 καὶ
688 2485 746 2536 ὲν
783 2486 881 2554 μιᾷ
912 2485 1084 2556 γωνίᾳ
1131 2486 1234 2556 γῆς
1273 2487 1495 2540 τοιαῦτα
1535 2489 1840 2560 πραχθῆναι

247 2575 696 2648 ξσυγκεχώρηκας
727 2575 812 2628 διὰ
854 2577 977 2640 τοὺς
1015 2579 1305 2649 οἰκήτορας
1345 2579 1440 2632 τοῦ
1483 2580 1646 2633 τόπου
1667 2597 1680 2610 ·
1725 2581 1837 2634 ἀλλ’

247 2666 417 2738 ,ὅμως
450 2666 807 2737 πεπείσμεθα,
832 2669 914 2721 ὅτι
948 2669 1067 2732 τοὺς
1091 2669 1209 2723 καθ’
1238 2669 1365 2739 ὅλης
1385 2670 1485 2740 τῆς
1513 2670 1832 2742 οἰκουμένης

246 2743 554 2822 Ϊοξκοῦντας
592 2757 907 2829 ἀνθρώπους
957 2761 1222 2831 σωτηρίας
1245 2761 1511 2829 ἀξιώσεις,
1541 2762 1631 2816 τὸν
1650 2763 1836 2817 ἑαυτοῦ

247 2849 502 2918 ,Χριστὸν
527 2851 744 2921 ἐγείρας
769 2852 972 2905 ἅπασιν
995 2851 1300 2924 ἀνθρώποις
1336 2855 1580 2926 Σωτῆρα.
1616 2855 1721 2907 Καί
1750 2873 1838 2925 μοι

245 2929 414 3020 [δοκεί
436 2939 502 2992 δι’
527 2941 645 3004 ἐνὸς
677 2940 768 2994 τοῦ
803 2941 940 3012 μετά
973 2946 1160 3014 χεῖρας
1194 2945 1372 3014 στίχου
1399 2944 1584 3016 ὥσπερ
1609 2947 1838 3000 ἀνταπό-

259 3031 411 3084 δοσιν
455 3033 719 3085 ποιεῖσθαι
762 3033 868 3086 τῶν
911 3035 1370 3106 ἐπηπορημένων·
1417 3037 1536 3090 ἀντὶ
1575 3037 1682 3109 γὰρ
1731 3039 1836 3092 τῶν

242 3123 690 3198 1συμϐεϐηκότων
736 3127 876 3180 κατὰ
903 3127 996 3180 τοῦ
1027 3127 1352 3198 δηλωθέντος
1395 3129 1581 3193 τόπου,
1610 3131 1836 3201 έργόισε-
1861 3152 1906 3212 C

259 3233 378 3278 ται,
406 3215 587 3284 φησιν,
619 3218 648 3268 ό
679 3215 808 3278 Θεὸς
851 3217 1120 3288 σωτηρίαν
1153 3219 1210 3271 ἐν
1237 3219 1386 3290 μέσῳ
1408 3221 1506 3290 τῆς
1537 3221 1659 3290 γῆς.
1699 3222 1831 3274 Συν-

261 3304 414 3375 ήθως
436 3305 491 3357 δὲ
521 3305 615 3357 καὶ
649 3305 742 3358 νῦν
772 3305 840 3358 τὰ
875 3306 1103 3376 ἐσόμενα
1148 3307 1223 3370 ὡς
1253 3310 1613 3380 παρῳχηκότα
1646 3311 1832 3364 θεσπί-

261 3397 363 3459 ζει.
411 3391 539 3448 Εἶτα
569 3396 805 3450 διδάσκει
829 3396 956 3468 ἑξῆς
991 3398 1178 3462 ὁποίας
1203 3399 1302 3470 ἤδη
1335 3400 1500 3453 πάλαι
1524 3401 1782 3474 πρότερον
1805 3406 1832 3456 ό

261 3488 398 3551 Θεὸς
421 3489 819 3558 κατειργάσατο
852 3489 1284 3562 θαυματουργίας
1313 3491 1484 3560 λέγων
1503 3511 1515 3523 ·
1553 3493 1634 3547 Σὺ
1663 3495 1833 3564 ἐκρα-

259 3580 524 3645 ταίωσας
551 3581 620 3634 ἐν
643 3579 716 3649 τῇ
748 3581 990 3651 δυνάμει
1018 3598 1134 3638 σου
1174 3583 1287 3652 τὴν
1312 3584 1649 3642 θάλασσαν.
1697 3589 1832 3643 Ἁντὶ

260 3671 317 3723 δὲ
349 3670 463 3734 τοῦ,
503 3671 586 3725 Σὺ
632 3672 700 3724 δὲ
730 3673 1152 3740 ἐκραταίωσας,
1193 3676 1221 3727 ὁ
1255 3676 1563 3746 Σύμμαχος,
1598 3678 1680 3732 Σὺ
1716 3679 1833 3732 6w-

261 3761 571 3827 σχέδασας
620 3761 694 3830 τῇ
746 3765 916 3832 ισχύῐ
957 3780 1074 3819 σου
1118 3765 1230 3832 τὴν
1275 3765 1610 3832 θάλασσαν,
1649 3771 1830 3841 ἡρμή-

259 3870 436 3907 νευσε.
468 3854 574 3907 Καί
609 3872 698 3924 μοι
739 3856 886 3909 δοκεῖ
924 3857 1012 3911 διὰ
1062 3859 1262 3912 τούτων
1289 3857 1365 3921 ὡς
1390 3861 1524 3930 πρὸς
1551 3859 1650 3930 τὴν
1686 3863 1830 3914 ἱστο-

263 3946 388 4009 ρίαν
445 3946 726 4014 σημαίνειν
746 3949 844 4018 τὴν
887 3949 978 4000 ἐπὶ
1048 3949 1287 4012 Μωσέως
1335 3950 1628 4022 γενομένην
1667 3951 1832 4004 δίοδον

258 4033 357 4088 τοῦ
385 4034 514 4088 λαοῦ
540 4037 628 4089 διὰ
665 4037 762 4105 τῆς
797 4038 1059 4109 Ἐρυθρᾶς
1089 4040 1377 4110 θαλάσσης.
1423 4041 1512 4094 Διὸ
1561 4042 1699 4095 κατὰ
1736 4045 1831 4112 μὲν

257 4127 354 4178 τὸν
391 4126 685 4195 Σύμμαχον
727 4128 962 4200 εἴρηται,
998 4130 1080 4183 Σὺ
1117 4130 1512 4196 διεσκέδασας
1551 4131 1625 4199 τῇ
1670 4133 1834 4201 ἰσχύϊ

256 4233 376 4272 σου
415 4224 529 4285 τὴν
559 4222 906 4274 θάλασσαν·
942 4222 1079 4275 κατὰ
1131 4223 1186 4278 δὲ
1232 4224 1320 4276 τὸν
1356 4224 1702 4289 Θεοδοτίωνα,
1745 4225 1831 4279 Σὺ

257 4309 587 4378 διέστησας
638 4312 708 4366 ἐν
743 4311 813 4380 τῇ
875 4313 1120 4383 δυνάμει
1166 4331 1282 4369 σου
1334 4314 1447 4382 τὴν
1492 4314 1828 4371 θάλασσαν.

261 4397 391 4455 Eis:
440 4405 564 4466 τοὺς
610 4403 941 4471 Αἰγυπτέους
989 4404 1082 4456 καὶ
1128 4405 1219 4457 τὸν
1267 4403 1464 4476 Φαραὼ
1507 4405 1830 4460 αἰνίττεσθαί

1941 1677 2243 1740 opportune
2282 1685 2444 1725 voces
2473 1668 2790 1738 proferens:
2828 1685 2895 1724 ne
2937 1670 3061 1738 quis
3111 1678 3322 1739 putaret
3376 1672 3497 1726 ideo

1938 1760 2048 1831 jam
2080 1768 2377 1816 memorata
2425 1766 2576 1830 gesta
2624 1759 2812 1824 fuisse,
2854 1761 2996 1830 quod
3050 1759 3191 1817 Deus
3244 1764 3496 1818 universa

1939 1868 2050 1906 non
2076 1859 2250 1921 curet,
2282 1853 2458 1919 iisque
2482 1867 2591 1906 non
2617 1852 2917 1920 provideat.
2954 1850 3314 1917 Quamobrem
3365 1854 3441 1906 ait
3475 1871 3491 1909 :

1939 1941 2053 1998 Etsi
2096 1943 2208 1998 haec
2251 1943 2345 1997 tali
2394 1943 2553 1996 modo
2583 1950 2734 2014 gesta
2785 1943 2913 2008 sint,
2945 1959 3261 2013 persuasum
3313 1952 3494 2001 tamen

1933 2035 2096 2091 nobis
2137 2043 2241 2098 est,
2282 2044 2334 2092 te
2381 2035 2550 2090 Dnem
2607 2043 2872 2099 nostrum,
2923 2051 3081 2105 quem
3137 2050 3317 2106 regem
3367 2035 3493 2090 item

1937 2135 2186 2183 nostrum
2220 2143 2342 2183 esse
2372 2127 2602 2190 scimus,
2621 2125 2828 2195 judicio
2853 2126 3002 2195 regio
3029 2141 3092 2180 ac
3111 2126 3296 2180 divino
3313 2125 3494 2179 omnia

1939 2221 2005 2275 ad
2034 2222 2409 2275 universorum
2438 2219 2667 2274 salutem
2693 2226 2995 2288 temperare
3028 2237 3041 2272 :
3067 2232 3192 2270 nam
3240 2216 3380 2270 Deus
3403 2233 3496 2270 no-

1935 2315 2044 2360 ster
2066 2320 2156 2357 rex
2186 2315 2362 2357 noster
2394 2313 2514 2356 ante
2541 2302 2791 2356 sarculum
2821 2311 3062 2370 operatus
3084 2311 3161 2356 est
3189 2301 3414 2356 salutent
3439 2301 3495 2354 in

1937 2396 2106 2452 medio
2129 2405 2302 2450 terrm.
2333 2394 2410 2448 Ita
2444 2401 2500 2448 ut
2528 2394 2738 2448 etiamsi
2773 2393 2961 2447 isthaec
2984 2393 3039 2446 in
3066 2408 3174 2446 uno
3205 2401 3366 2448 terrae
3397 2408 3494 2446 an-

1937 2487 2062 2556 gulo
2098 2485 2233 2540 elﬁci
2263 2486 2570 2554 permiseris
2603 2499 2789 2538 eorum
2823 2499 2989 2539 causa
3011 2485 3103 2553 qui
3133 2484 3308 2539 locum
3351 2486 3496 2540 inco-
3559 2471 3582 2486 ”

1938 2579 2115 2634 lebant
2135 2617 2148 2641 ,
2182 2590 2502 2648 persuasum
2546 2583 2726 2630 tamen
2769 2576 3065 2630 habeamus
3095 2584 3147 2630 te
3176 2591 3366 2632 omnes
3394 2585 3496 2632 ter-

1937 2685 2051 2722 ram
2099 2669 2394 2722 incolentes
2447 2667 2696 2722 homines
2738 2668 2909 2722 salute
2967 2667 3316 2737 dignaturum
3343 2709 3358 2732 ,
3395 2669 3491 2737 qui

1935 2756 2208 2813 Christum
2245 2767 2394 2810 tuum
2429 2756 2678 2812 excitasti
2709 2756 2948 2810 omnium
2980 2756 3258 2810 hominum
3293 2753 3491 2810 Serva-

1939 2861 2129 2906 torem.
2154 2847 2488 2919 V’idcturque
2523 2848 2655 2901 mihi
2689 2847 2789 2901 hoc
2818 2863 2926 2902 uno
2957 2862 3138 2910 versu,
3163 2847 3320 2915 quasi
3345 2861 3493 2917 quaa-

1936 2943 2172 2997 stionum
2202 2941 2525 2996 solutionem
2549 2939 2792 3010 praaberi.
2840 2937 2972 2992 Nam
3013 2955 3199 2994 eorum
3230 2939 3347 2995 vice
3373 2955 3494 3010 qua:

1935 3043 2125 3090 contra
2159 3032 2476 3103 prmdictum
2514 3033 2690 3086 locum
2720 3038 3024 3102 perpetrata
3049 3037 3197 3094 sunt,
3229 3028 3394 3092 Deus.
3417 3033 3494 3086 in-

1936 3125 2075 3194 quit,
2110 3123 2424 3192 operabitur
2447 3123 2674 3178 salutem
2709 3123 2762 3176 in
2790 3121 2968 3176 medio
3007 3123 3184 3176 terrae.
3242 3118 3317 3176 De
3344 3131 3494 3178 more

1935 3223 2113 3270 autem
2143 3215 2232 3268 hic
2251 3213 2432 3280 futura
2459 3213 2640 3282 utjam
2669 3212 2938 3282 prmterita
2970 3213 3311 3266 vaticinatur.
3335 3211 3495 3267 Dein-

1931 3305 1999 3359 de
2033 3321 2161 3358 vero
2189 3305 2366 3367 docet,
2392 3304 2572 3374 qualia
2615 3302 2729 3370 jam
2768 3303 2892 3356 olim
2925 3303 3166 3374 prodigia.
3197 3302 3338 3357 Deus
3357 3318 3491 3372 ope-

1932 3403 2084 3451 ratus
2114 3396 2204 3459 sit,
2241 3396 2321 3451 sic
2346 3396 2572 3465 loquens
2597 3412 2611 3448 :
2649 3393 2727 3447 Tu
2757 3394 3087 3462 conﬁrmasti
3107 3394 3161 3447 in
3185 3395 3373 3448 virtute
3398 3403 3490 3448 tua

1933 3505 2096 3544 mare.
2131 3487 2236 3541 Pro
2269 3488 2361 3541 illo
2393 3494 2597 3549 autem,
2637 3497 2692 3538 tu
2725 3487 3070 3555 conﬁrmasti,
3109 3485 3487 3557 Symmachus,

1935 3579 2012 3632 Tu
2046 3579 2320 3646 dissipasti
2361 3579 2550 3631 virtute
2584 3586 2675 3629 tua
2727 3593 2906 3641 mare,
2947 3577 3330 3646 interpretatus
3381 3586 3486 3633 est.

1933 3667 1997 3720 Et
2029 3668 2157 3721 mihi
2213 3667 2431 3738 quidem
2484 3665 2700 3721 videtur
2735 3665 2990 3722 historice
3029 3668 3268 3722 indicare
3306 3669 3489 3739 populi

1930 3775 2024 3829 per
2041 3773 2188 3813 mare
2211 3757 2456 3812 Rubrum
2483 3758 2620 3812 duce
2654 3757 2834 3829 Moyse
2861 3759 3169 3815 transitum.
3194 3758 3373 3826 Quare
3403 3777 3491 3815 se-

1931 3850 2167 3904 cundum
2204 3848 2586 3920 Symmachum
2611 3848 2810 3904 dicitur
2843 3868 2854 3903 :
2889 3849 2967 3903 Tu
3004 3850 3276 3919 dissipasti
3300 3851 3490 3905 virtute

1932 3950 2022 3993 tua
2052 3953 2228 3996 mare:
2255 3939 2554 3993 secundum
2583 3937 3008 3992 Theodotionem
3051 3954 3208 3994 vero:
3240 3939 3316 3992 Tu
3353 3938 3492 3992 divi-

1928 4032 2047 4084 sisti
2089 4031 2144 4084 in
2193 4032 2424 4100 potentia
2488 4041 2579 4083 tua
2636 4046 2799 4082 mare.
2852 4029 3053 4084 Deinde
3106 4029 3391 4100 [Egyptios
3435 4038 3491 4084 et
3591 4101 3606 4108 ς

1931 4121 2268 4176 Pharaonem
2321 4122 2646 4176 adumbrare
2696 4123 2826 4176 mihi
2868 4119 3104 4187 videtur,
3127 4120 3361 4178 dicens:
3411 4121 3488 4175 Tu

1931 4215 2222 4268 contrivisti
2245 4215 2419 4283 capita
2463 4214 2751 4268 draconum
2780 4215 2835 4267 in
2867 4231 3024 4283 aqua.
3071 4213 3149 4267 Tu
3192 4215 3486 4282 confregisti

1930 4307 2102 4375 capita
2127 4307 2394 4360 draconis.
2421 4304 2526 4360 Per
2554 4307 2844 4361 draconem
2879 4306 3085 4360 scilicet
3128 4305 3486 4369 Pharaonem,

1931 4411 2025 4464 per
2071 4397 2248 4466 capita
2278 4412 2407 4450 vero
2453 4397 2592 4464 ejus,
2630 4398 2898 4466 principes
2931 4397 3023 4463 qui
3071 4395 3173 4449 sub
3213 4412 3279 4449 eo
3331 4402 3489 4449 erart

257 4505 351 4558 μοι
390 4488 538 4541 6'.st
583 4490 830 4556 φάσκων·
881 4489 963 4544 Σὺ
1006 4489 1372 4559 συνέτριψας
1420 4489 1524 4556 τὰς
1565 4491 1831 4560 κεφαλὰς

1934 4487 2280 4553 subindicat;
2313 4487 2427 4542 sive
2461 4503 2557 4557 per
2588 4488 2873 4549 dracones,
2918 4484 3228 4556 :Egyptios;
3260 4501 3355 4554 per
3392 4499 3487 4539 ca-

256 4575 376 4630 τῶν
398 4578 738 4646 δρακόντιον
769 4580 867 4633 ἐπὶ
898 4581 1000 4634 τοῦ
1038 4579 1288 4646 ὕδατος·
1326 4581 1407 4634 σὺ
1445 4581 1829 4649 συνέθλασας

253 4669 363 4733 τὰς
417 4670 682 4738 κεφαλὰς
723 4670 826 4725 τοῦ
872 4669 1225 4740 δράκοντος·
1277 4673 1542 4744 δράκοντα
1593 4674 1690 4744 μὲν
1738 4674 1830 4727 τὸν

252 4759 473 4829 Φαραὼ,
514 4760 750 4828 κεφαλὰς
781 4761 837 4813 δὲ
880 4761 1042 4814 αὑτοῦ
1095 4763 1220 4825 τοὺς
1251 4763 1342 4816 ὑπ’
1374 4765 1534 4818 αὑτὸν
1567 4765 1829 4836 ἄρχοντας

251 4850 655 4919 αἰνιττόμενος·
693 4851 726 4921 ἢ
773 4851 1071 4922 δράκοντας
1115 4855 1240 4916 τοὺς
1279 4856 1622 4924 Αἰγυπτίους,
1661 4873 1828 4924 κεφα-

251 4941 350 5005 λὰς
389 4941 447 4993 δὲ
489 4941 665 4995 αὐτῶν
703 4943 828 5006 τοὺς
859 4946 1147 5012 τριστάτας
1194 4948 1286 4999 καὶ
1330 4949 1456 5008 τοὺς
1496 4948 1824 5020 ἡγουμένους

248 5031 436 5084 αὐτῶν
487 5033 782 5102 ὀνομάζων.
837 5035 910 5087 Τὸ
952 5036 1006 5088 δὲ
1029 5076 1044 5099 ,
1078 5037 1340 5103 Ἔδωκας
1387 5039 1575 5093 αὐτὸν
1615 5038 1827 5108 ,βρῶμα

246 5122 417 5187 λαοῖς
451 5122 572 5189 τοῖς
595 5125 883 5192 Αἰθίοψιν,
916 5126 1057 5179 εἴποι
1091 5129 1156 5180 ἄν
1180 5145 1261 5191 τις
1297 5127 1366 5180 τά
1397 5129 1564 5201 νεκρά
1600 5130 1826 5201 σώματα

244 5212 453 5276 αὐτῶν,
485 5214 852 5285 ὲκϐρασθέντα
894 5218 991 5287 τῆς
1025 5218 1315 5288 θαλάσσης,
1352 5219 1514 5289 βορὰν
1546 5222 1823 5288 γεγονέναι

244 5308 362 5368 τοῖς
415 5308 679 5369 πετεινοῖς
725 5307 817 5359 τοῦ
869 5309 1118 5380 ούρανοῦ.
1162 5311 1305 5364 Ἀντὶ
1346 5309 1403 5362 δὲ
1433 5309 1546 5375 τοῦ,
1579 5311 1700 5378 τοῖς
1726 5316 1822 5367 Αί-

244 5401 473 5464 Οιοψιν,
499 5399 527 5450 ὁ
568 5397 668 5468 μὲν
705 5399 948 5464 Ἀκύλας,
989 5400 1114 5466 τοῖς
1150 5387 1668 5472 ἐξελευσομένας,
1697 5406 1726 5457 ό
1764 5405 1821 5458 δὲ

245 5489 559 5549 Θεοδωίων,
601 5488 691 5564 τῷί
719 5490 974 5560 ἐσχάτῳ,
1010 5493 1103 5546 καὶ
1142 5494 1168 5564 ἡ
1217 5495 1436 5564 πέμπτη
1486 5493 1712 5558 ἔκδοσις,
1743 5495 1821 5562 τῷ

242 5581 638 5645 ἐξεληλυθότι
663 5563 694 5645 ,’
734 5584 1101 5653 ὴρμήνευσαν.
1151 5563 1434 5656 Τῶνίμὲν
1469 5589 1536 5658 τῇ
1588 5587 1822 5658 Ἐρυθρᾷ

243 5668 492 5740 θαλάσσῃ
546 5673 1062 5748 καταποντωθέντων
1120 5677 1496 5747 μνημονεύσας
1552 5679 1582 5731 6
1643 5677 1816 5748 λόγος,

243 5757 373 5830 δὲἧς
429 5761 523 5816 καὶ
555 5763 663 5818 τῶν
711 5764 845 5835 μετὰ
896 5767 1064 5822 ταῦτα
1109 5771 1508 5842 πεπραγμένων
1560 5771 1815 5841 ἀναφέρει

1929 4579 2037 4649 pita
2065 4592 2189 4630 vero
2207 4591 2416 4639 eorum,
2449 4576 2719 4646 principes
2757 4584 2812 4630 et
2851 4575 3016 4628 duces
3056 4590 3245 4628 eorum
3278 4574 3486 4646 signiﬁ-

1927 4679 2034 4725 cat.
2066 4669 2194 4723 Illud
2222 4677 2422 4730 autem.
2458 4667 2660 4721 Dedisti
2689 4683 2805 4721 eum
2843 4683 3014 4720 escam
3048 4666 3254 4736 populis
3276 4666 3487 4725 :Etltio-

1925 4761 2100 4829 pibus.
2124 4762 2206 4816 sic
2231 4760 2465 4830 explicet
2503 4759 2795 4828 quispiam,
2824 4760 2967 4828 quod
2995 4771 3254 4815 cadavera
3297 4777 3484 4819 eorum

1925 4850 1993 4903 ad
2046 4852 2199 4905 littus
2228 4851 2397 4904 maris
2430 4849 2633 4919 rcjccta
2665 4849 2719 4902 in
2771 4865 2955 4904 escam
3004 4852 3312 4907 volatilibus
3361 4855 3484 4909 οωιί

1927 4939 2148 4994 fuerint.
2180 4939 2288 4994 Pro
2320 4940 2412 4994 illo
2437 4947 2639 5003 autem,
2672 4937 3032 5009 1Ethiopibus,
3061 4944 3252 5012 Aquila
3271 4985 3286 5007 ,
3315 4961 3487 5016 egres-

1924 5033 2062 5086 suris
2086 5048 2104 5096 ;
2133 5031 2452 5096 Theodotio,
2478 5031 2796 5094 novissimo;
2828 5032 3019 5102 quinta
3050 5034 3237 5099 editio,
3258 5052 3482 5106 egresso,

1925 5127 2262 5196 interpretati
2293 5131 2441 5180 sunt.
2476 5123 2766 5194 Postquam
2800 5139 2986 5178 eorum
3015 5127 3106 5196 qui
3141 5128 3193 5180 in
3221 5129 3355 5181 mari
3377 5125 3485 5182 Ru-

1923 5219 2023 5273 bro
2045 5217 2276 5272 demersi
2319 5223 2447 5270 sunt
2477 5217 2678 5270 mentio
2707 5218 2845 5271 facta
2874 5226 2978 5279 cst,
3005 5217 3108 5271 sub
3150 5214 3262 5271 haec
3294 5231 3480 5271 eorum

1922 5328 2042 5380 qua:
2067 5317 2251 5380 postea
2281 5316 2432 5380 gesta
2465 5318 2591 5362 sunt
2625 5310 2941 5362 memoriam
2980 5309 3219 5370 refricat,
3251 5308 3435 5362 dicens
3461 5327 3475 5360 :

1926 5403 2003 5458 Tu
2054 5401 2304 5469 dirupisti
2348 5400 2517 5470 fontes
2555 5410 2604 5455 et
2629 5408 2902 5456 torrentes.
2933 5399 3048 5456 Non
3076 5400 3219 5454 enim
3267 5396 3479 5467 Moyses

1920 5503 2039 5549 erat
2069 5495 2158 5564 qui
2185 5501 2392 5564 petram
2420 5493 2568 5564 virga
2597 5495 2926 5564 percutiens,
2948 5509 3014 5548 ex
3037 5492 3125 5544 illa
3153 5488 3338 5544 eduxit
3358 5487 3477 5543 [ιοιι-

1922 5597 2003 5642 tes
2035 5595 2088 5642 et
2122 5595 2420 5653 torrentes;
2461 5588 2556 5643 sed
2599 5595 2678 5650 tu,
2725 5586 2889 5648 Deus,
2922 5600 3064 5646 eras,
3095 5581 3186 5652 qui
3230 5581 3343 5636 haec
3379 5595 3476 5653 per

1925 5678 2163 5750 Moysen:
2213 5680 2472 5734 miracula
2501 5679 2773 5750 patrabas.
2809 5677 2962 5743 Quod
3011 5674 3225 5728 additur
3270 5681 3472 5739 autem,

1925 5770 1999 5823 Tu
2029 5772 2242 5827 siccasti
2277 5772 2461 5842 ﬁ'urios
2500 5770 2718 5843 jftham,
2747 5769 2812 5824 ad
2842 5766 3129 5823 Jortlaucm
3182 5767 3473 5828 toleratur.
