4014 6206
531 227 640 300 3‘3.

1195 222 1460 281 EUSEBII
1500 217 1970 278 CESARIENSIS
2006 217 2155 274 OPP.
2196 217 2373 273 PARS
2409 216 2498 274 Ill.
2540 246 2609 258 —
2640 212 3046 270 EXEGE'HCA.

3654 207 3758 266 864

530 355 693 412 quam
729 341 822 398 lilii
866 340 1030 397 Israel
1065 348 1187 412 post
1234 341 1436 410 Moysis
1479 337 1894 404 mortem,duce
1937 333 2088 398 Jesu,

2190 334 2286 404 τὴν
2335 335 2551 405 μνήμην
2583 333 2788 400 λέγων’
2825 331 2906 384 Σὺ
2935 326 3242 398 διέρῤηεας
3271 325 3466 396 πηγὰς
3497 326 3596 380 καὶ
3646 345 3760 396 χει-

529 435 859 492 ειμιίοοειιιιη
907 433 1136 505 pedibus
1181 435 1537 490 transierunt.
1563 428 1660 486 Est
1693 436 1872 484 autem
1920 425 2091 496 ﬁgura

529 528 850 599 periteptica,
896 542 1019 598 quae.
1067 543 1167 598 pro
1211 526 1476 598 singulari
1528 522 1792 594 pluralem
1850 517 2088 574 adhibet.

529 618 722 673 Etham
770 633 900 675 vero
947 619 1166 690 Aquila,
1207 617 1402 672 solidos
1452 613 1680 684 fluvios;
1732 610 2093 684 Symmachus

461 707 468 726 ’
527 716 732 776 autem,
756 711 1023 780 antiquos,
1051 709 1242 764 edidit.
1276 706 1401 763 Haec
1426 706 1646 778 quidem
1672 703 1971 760 secundum
2003 701 2094 755 lit-

526 809 698 856 teram
725 800 870 855 dicta
901 801 1032 856 sint.
1067 799 1296 870 Tropice
1323 805 1502 854 autem
1529 794 1800 868 loquendo
1838 793 1952 848 haec
1975 792 2093 847 loca

526 890 726 948 referet
757 894 1029 964 quispiam
1059 891 1126 947 ad
1159 891 1403 947 occultas
1430 898 1485 946 et
1513 888 1813 944 invisibiles
1838 888 2090 951 virtutes,

522 981 777 1055 dicetque
795 999 890 1040 eas
921 999 1046 1040 esse
1078 984 1370 1048 dracones,
1404 989 1463 1038 ut
1494 981 1583 1038 hic
1614 989 1909 1048 vocantur;
1940 995 2093 1036 mare

524 1081 706 1130 autem
747 1077 958 1147 tropice
1001 1084 1304 1148 sumptum,
1332 1091 1522 1132 eorum
1551 1090 1674 1132 esse
1714 1074 2090 1142 domicilium;

525 1167 922 1238 perdraconem
938 1185 1067 1226 vero
1080 1170 1246 1226 multa
1261 1168 1443 1241 capita
1462 1167 1772 1231 habentem,
1792 1167 2090 1239 principem

526 1260 892 1330 malignorum
932 1261 1224 1332 spirituum
1273 1260 1543 1316 indicari:
1592 1259 1658 1314 ad
1688 1275 1849 1330 quem
1892 1259 2092 1314 dixerit

523 1351 795 1423 quispiam
827 1352 940 1408 haec
973 1353 1248 1424 pertinere
1280 1373 1293 1409 :
1338 1351 1415 1407 Tu
1446 1352 1749 1423 confregisti
1765 1353 1940 1422 capita
1967 1351 2093 1404 dra-

522 1443 696 1508 conis,
725 1442 920 1498 dedisti
953 1459 1071 1497 eum
1098 1460 1271 1498 escam
1311 1442 1516 1512 populis
1551 1439 1909 1511 Ethiopibus.
1937 1439 2093 1507 Qua-

523 1543 610 1591 ret
639 1533 780 1590 idem
802 1535 1022 1604 quinam
1055 1533 1340 1606 Ethiopes
1369 1534 1638 1606 allegoria:
1673 1547 1823 1588 more
1868 1531 2089 1598 fuerint,

522 1626 778 1696 dicetque
801 1641 898 1682 eos
921 1641 1044 1682 esse
1070 1626 1164 1697 qui
1196 1627 1376 1681 anima
1417 1633 1545 1682 sunt
1571 1625 1746 1696 nigra,
1777 1638 1959 1696 quosa
1980 1639 2094 1679 me-

521 1724 736 1772 morato
765 1718 1007 1773 dracone
1040 1717 1250 1774 comedi
1281 1719 1378 1784 ait,
1397 1716 1694 1788 eademque
1737 1715 2091 1787 proportione

521 1821 632 1874 qua
678 1806 716 1861 ii
760 1808 853 1878 qui
901 1809 1163 1866 salutaris
1194 1807 1356 1864 Verbi
1400 1823 1600 1865 carnes
1635 1806 1970 1864 comedunt:
2002 1804 2091 1860 his

522 1905 925 1967 consequenter
948 1898 1127 1954 fontes
1153 1899 1401 1969 diruptos
1429 1897 1486 1953 in
1527 1907 1802 1954 torrentes
1830 1904 1884 1952 et
1909 1895 2090 1952 sicca-

521 1993 610 2041 tos
658 1986 872 2052 ﬂuvios,
903 1990 1116 2060 tropico
1150 1989 1276 2045 item
1325 2004 1478 2045 more
1519 1989 1790 2060 explicare
1837 1985 2089 2042 tentabit.

523 2074 628 2131 Sed
661 2093 760 2134 nos
784 2086 1070 2150 postquam
1102 2095 1165 2136 ea
1207 2081 1273 2135 ad
1300 2081 1533 2135 litteram
1553 2077 1986 2150 explanavimus,
2021 2077 2089 2132 ad

520 2177 717 2224 caetera
747 2180 1111 2228 transeamus.
1143 2172 1279 2228 Cum
1303 2172 1636 2228 declarasset
1667 2170 1926 2243 propheta
1954 2184 2091 2241 qua-

521 2261 594 2315 lia
640 2262 903 2317 miracula
955 2263 1099 2321 Deus
1129 2274 1257 2320 ante
1307 2264 1503 2320 saecula
1547 2279 1639 2318 rex
1690 2263 1944 2328 ediderit,
1973 2261 2089 2316 haec

519 2353 682 2406 etiam
711 2355 897 2424 adjicit
923 2375 936 2411 :
973 2356 1115 2411 Tuus
1144 2367 1221 2411 est
1250 2357 1381 2421 dies,
1405 2366 1454 2412 et
1486 2366 1577 2410 tua
1600 2364 1676 2410 est
1707 2371 1832 2410 nox.
1859 2353 2085 2409 Tantam

519 2446 721 2516 quippe
777 2463 958 2502 rerum
1012 2451 1366 2504 mutationem
1417 2457 1476 2503 tu
1533 2450 1686 2504 solus
1738 2447 2088 2518 omnipotens

519 2546 777 2607 operatus
819 2555 900 2596 es.
943 2541 1406 2608 Quemadmodum
1460 2542 1603 2597 enim
1636 2541 1790 2595 lirma
1837 2547 1990 2610 petra
2031 2539 2086 2593 in

521 2628 742 2684 ﬂuidam
779 2635 1064 2688 materiam
1098 2649 1386 2698 conversa,
1426 2633 1602 2690 fontes
1631 2641 1685 2688 et
1711 2640 1983 2687 torrentes
2019 2646 2085 2686 ex

519 2723 637 2793 ipsa
667 2723 916 2787 effecisti,
953 2741 1016 2779 ac
1049 2743 1268 2782 rursum
1312 2726 1603 2780 ﬂuviorum
1645 2725 1854 2778 alveum
1887 2739 1918 2777 e
1954 2738 2087 2777 con-

518 2813 690 2868 trario
738 2815 1053 2879 exsiccasti,
1101 2816 1173 2868 ita
1208 2822 1261 2870 et
1305 2814 1446 2869 diem
1479 2814 1744 2870 arbitratu
1771 2820 1864 2867 tuo
1901 2813 1953 2866 in
1987 2827 2086 2867 no-

518 2915 660 2958 rtem
683 2906 881 2971 vertis,
910 2914 1072 2975 atque
1094 2921 1310 2960 rursum
1345 2915 1560 2960 noctem
1586 2905 1640 2959 in
1667 2905 1808 2960 diem
1841 2919 2084 2960 commu-

518 3004 635 3050 tas:
672 2994 788 3066 ipse
834 2997 1123 3051 luminaria
1164 3006 1218 3052 et
1244 3003 1391 3051 astra
1425 2995 1480 3050 in
1509 2996 1649 3051 caalo
1688 2996 1870 3050 lucere
1906 2994 2079 3050 fecisti
2108 3015 2153 3077 ρ

514 3087 627 3154 eis;
656 3088 755 3143 soli
785 3103 1006 3143 cursum
1043 3105 1202 3144 suum
1236 3089 1551 3161 assignasti,
1592 3088 1952 3158 omnibusque
1974 3096 2084 3143 ter—

517 3179 700 3235 minos
737 3181 1089 3248 constituisti,
1138 3189 1192 3238 et
1242 3182 1401 3252 quasi
1447 3180 1682 3237 conﬁnia
1734 3179 2082 3246 distribuisti,

519 3273 759 3344 annique
793 3279 1148 3343 tempestates
1188 3290 1286 3344 per
1314 3289 1478 3331 omne
1523 3273 1778 3330 saeculum
1820 3273 2000 3330 varias
2028 3273 2084 3328 in

515 3365 790 3421 scctiones
822 3366 1076 3421 divisisti.
1109 3365 1389 3436 Siquidem
1413 3382 1536 3421 cum
1560 3381 1728 3420 unum
1755 3364 1826 3421 sit
1849 3375 2082 3436 tempus,

516 3471 626 3525 una
667 3465 722 3513 et
745 3457 936 3513 eadem
965 3458 1117 3514 orbis
1157 3459 1449 3524 revolutio,
1473 3465 1553 3522 tu,
1581 3457 1747 3522 Deus,
1779 3459 1870 3528 qui
1902 3457 2083 3511 omnia

517 3556 712 3618 potes,
754 3549 923 3603 variis
975 3549 1430 3605 conversionibus
1482 3556 1655 3604 totum
1709 3547 2079 3604 distribuisti:

515 3644 759 3695 aestatem
790 3640 904 3695 veri
932 3639 1184 3710 iunxisti,
1211 3656 1328 3696 eam
1360 3647 1626 3694 autumno
1651 3638 2087 3709 circumscripsi-

518 3732 610 3793 sti,
642 3731 890 3802 hyemem
919 3747 1045 3787 vere
1069 3732 1376 3787 terminasti
1403 3751 1414 3786 :
1447 3731 1562 3786 haec
1593 3731 1791 3801 quippe
1815 3730 1999 3786 omnia
2024 3737 2083 3784 tu

518 3821 791 3877 formasti.
823 3821 1091 3888 Quoniam
1143 3823 1305 3894 igitur
1335 3832 1415 3887 tu,
1443 3824 1535 3894 qui
1564 3839 1594 3876 a
1633 3825 1832 3878 saaculo
1860 3829 1914 3877 et
1959 3829 2084 3879 ante

518 3913 777 3968 saeculum
819 3929 914 3969 rex
962 3924 1144 3970 noster
1177 3931 1258 3979 es,
1282 3917 1410 3970 talia
1458 3915 1720 3969 miracula
1751 3924 1805 3970 et
1843 3913 2084 3984 prodigia

516 4004 700 4069 edere,
727 4014 892 4077 atque
945 4013 1041 4062 tuo
1085 4014 1220 4061 nutu
1271 4007 1566 4062 constituta
1591 4021 1658 4061 ex
1706 4004 1998 4060 contrariis
2028 4005 2084 4060 in

518 4097 795 4152 contraria
819 4105 1034 4152 vertere
1065 4098 1244 4162 soles;
1276 4097 1470 4152 merito
1509 4096 1622 4166 jam
1673 4095 2085 4167 supplicationi-

513 4187 621 4246 bus
641 4204 852 4244 annuas
882 4189 1089 4245 nostris
1134 4204 1392 4260 rogamus
1418 4206 1431 4244 :
1464 4196 1519 4245 et
1545 4204 1744 4242 memor
1785 4197 1896 4241 esto
1928 4186 2084 4256 hujus

517 4281 640 4352 (pro
663 4281 756 4336 illo
781 4281 961 4352 hujus,
982 4280 1362 4355 Symmachus,
1379 4281 1510 4347 Itazc,
1529 4281 1918 4350 interpretatus
1937 4277 2042 4349 est)
2066 4293 2081 4342 ;

2187 423 2466 492 μάρῤους.
2494 424 2570 475 υύ
2617 423 2724 494 γὰρ
2769 421 3004 490 Μωσῆς,
3054 421 3237 490 φησὶν,
3286 416 3354 491 ἦν
3388 422 3420 474 6
3452 422 3520 489 τῇ
3583 419 3759 490 ῥάϐδῳ

2189 515 2364 585 τύψας
2403 515 2501 587 τὴν
2542 514 2746 586 πέτραν
2798 514 2892 567 καὶ
2933 511 3214 580 ἐξαγαγὼν
3255 512 3315 577 ἐξ
3357 513 3529 581 αὐτῆς
3580 513 3760 583 πηγὰς

2191 609 2286 661 καὶ
2317 607 2676 680 χειμάρρουςο
2713 605 2849 660 ἀλλὰ
2878 607 2943 659 σὺ
2980 601 3142 676 ἦσθα,
3172 605 3368 668 όΘεδς,
3401 607 3432 658 6
3466 604 3643 658 ταῦτα
3678 604 3761 659 διὰ

2199 695 2441 760 Μωσέως
2499 694 2955 764 παραδοξοποιῶν.
2991 696 3100 749 Καὶ
3128 696 3189 748 τὸ
3207 695 3592 767 ἐπιλεγόμενον
3617 696 3674 749 δὲ
3707 697 3761 750 ὲν

2189 786 2288 858 τῷ,
2313 787 2396 842 Σὺ
2425 787 2722 856 ἐξῆραν-ας
2753 788 3054 858 ποταμοὺς
3094 789 3287 859 Ἡθὰμ,
3334 789 3666 860 ἀναφέροιτο
3701 789 3762 842 ἂν

2192 879 2286 932 ἐπὶ
2321 879 2411 933 τὸν
2448 879 2734 951 Ἰορδάνην,
2778 879 2838 932 ὃν
2885 881 3322 954 άωξηρανθέντα
3367 881 3583 954 διῆλθον
3641 883 3765 936 ποσὶ

2195 969 2332 1041 μετὰ
2359 971 2459 1043 τὴν
2483 972 2724 1036 Μωσέως
2765 972 3018 1045 τελευτὴν
3048 976 3095 1027 οἱ
3129 975 3232 1027 uio).
3264 973 3499 1046 Ἰσραὴλ,
3523 975 3763 1046 ἡγουμέ-

2192 1079 2283 1116 νου
2309 1063 2487 1117 αὐτῶν
2531 1064 2724 1137 Ἰησοῦ.
2764 1064 2919 1120 Ἐστι
2950 1065 3007 1118 δὲ
3033 1069 3062 1121 6
3087 1068 3286 1139 τρόπος
3311 1069 3762 1135 περιληπτικὸς,

2189 1155 2312 1208 ἀντὶ
2341 1155 2434 1209 τοῦ
2467 1156 2647 1210 ἑνικοῦ
2682 1157 3056 1229 πληθυντικῶς
3088 1159 3569 1231 προενηνεγμένος.
3607 1160 3684 1213 T6
3713 1162 3764 1214 δὲ

2204 1245 2401 1316 Ἠθάμ,
2432 1247 2462 1301 6
2509 1249 2609 1320 μὲν
2641 1249 2871 1313 Ἀκύλας
2918 1251 3202 1320 στερεοὺς
3246 1251 3554 1320 ποταμοὺς
3585 1253 3766 1322 ἡρμή-

2191 1354 2398 1403 νευσεν,
2428 1341 2457 1394 6
2485 1339 2542 1393 δὲ
2569 1340 2858 1412 Σύμμαχος
2882 1342 3190 1410 ἀρχαίους.
3223 1344 3331 1396 Καὶ
3360 1342 3530 1397 ταῦτα
3557 1345 3660 1413 μὲν
3687 1345 3766 1409 ὡς

2191 1430 2326 1500 πρὸς
2357 1429 2453 1502 τὴν
2491 1431 2636 1498 λέξιν
2669 1432 2923 1504 είρήσθω.
2950 1433 3237 1504 Τροπικῶς
3274 1435 3320 1488 δ’
3357 1435 3423 1490 ἄν
3460 1453 3539 1498 τις
3562 1436 3761 1490 ἐπιϐα-

2191 1521 2296 1575 λὼν
2323 1524 2434 1587 τοῖς
2458 1523 2643 1588 τόποις
2677 1525 2877 1578 ἀνοίσει
2918 1525 3090 1579 ταῦτα
3126 1527 3218 1579 ἐπὶ
3245 1526 3506 1596 δυνάμεις
3539 1529 3761 1595 ἀφανεῖς

2191 1613 2285 1666 καὶ
2308 1613 2590 1684 ἀοράτους,
2616 1615 2785 1679 αὐτὰς
2804 1610 2941 1670 εἶναι
2967 1616 3136 1684 λέγων
3162 1617 3287 1680 τοὺς
3309 1616 3609 1688 δράκοντας
3640 1618 3762 1681 τοὺς

2191 1705 2423 1760 ἐνταῦθα
2457 1708 2903 1780 ὠνομασμένους⁸
2955 1709 3227 1765 θάλασσάν
3275 1729 3334 1765 τε
3381 1713 3662 1784 τροπικῶς
3706 1714 3764 1765 τὺ

2189 1799 2390 1853 τούτων
2420 1801 2750 1874 οἰκητήριον,
2790 1804 2952 1858 αὐτόν
2981 1821 3038 1856 τε
3085 1805 3176 1858 τὸν
3203 1804 3437 1876 ἄρχοντα
3473 1806 3583 1860 τῶν
3608 1823 3762 1878 πονη-

2191 1890 2298 1962 ρῶν
2341 1893 2663 1963 πνευμάτων
2715 1896 3072 1966 σημαίνεσθαι
3119 1897 3208 1950 διὰ
3251 1897 3346 1951 τοῦ
3389 1899 3759 1970 πολυκεφάλου

2187 1982 2477 2055 δράκοντος
2496 2002 2507 2012 ·
2549 1985 2674 2056 περὶ
2701 1981 2762 2039 οὗ
2794 1988 2980 2058 φήσειέ
3004 2005 3084 2050 τις
3117 1989 3361 2060 εἰρῆσθαι
3390 1990 3472 2054 τὸ,
3503 1991 3588 2044 Σὺ
3616 2006 3758 2044 συν·

2187 2073 2449 2140 έθλιισας
2474 2073 2579 2142 τὰς
2601 2077 2868 2149 κεφαλὰς
2889 2077 2994 2132 τοῦ
3031 2078 3377 2148 δράκοντος,
3404 2081 3636 2148 ἔδωκας
3664 2085 3758 2137 αὐ-

2187 2163 2293 2218 τὸν
2308 2164 2519 2234 βρῶμα
2548 2167 2720 2232 λαοῖς
2742 2168 2867 2234 τοῖς
2892 2168 3142 2238 Αἰθίοψι.
3184 2173 3416 2242 Ζητήσει
3442 2172 3500 2226 δὲ
3531 2176 3562 2227 6
3594 2173 3761 2227 τοιοῦ-

2186 2273 2276 2320 τος
2303 2257 2395 2311 καὶ
2427 2259 2578 2322 τινὰς
2602 2258 2864 2323 Αἰθίοπας
2905 2262 2981 2332 (1)
3021 2262 3202 2333 νόμοις
3248 2262 3600 2334 ἀλληγορίας,
3643 2268 3761 2328 sci;

2191 2347 2289 2412 τὰς
2322 2349 2498 2419 ψυχὰς
2530 2351 3018 2424 μεμελανωμένους
3049 2355 3271 2422 φάσκων
3298 2349 3456 2410 εἶναι·
3482 2356 3576 2421 οὓς
3598 2357 3762 2410 δὲκαὶ

2186 2437 2386 2491 ἐσθίειν
2433 2441 2549 2512 ἐρεῖ
2587 2442 2678 2494 τὸν
2725 2442 3088 2514 προλεχθέντα
3138 2444 3438 2516 δράκοντα,
3489 2448 3762 2516 ἀναλόγως
3792 2428 3803 2439 ⁸

2186 2533 2296 2594 τοῖς
2321 2532 2555 2586 ἐσθίουσι
2585 2534 2679 2587 τοῦ
2715 2537 2980 2607 σωτηρίου
3023 2536 3193 2606 Λόγου
3227 2537 3325 2601 τὰς
3359 2540 3599 2610 σάρκας·
3637 2540 3763 2592 ἁκο-

2185 2620 2387 2686 λούθως
2416 2624 2473 2676 δὲ
2517 2624 2724 2690 τούτοις
2766 2629 2857 2681 καὶ
2902 2629 3084 2700 πηγὰς
3131 2631 3478 2700 ῥηγνυμένας
3528 2633 3609 2695 εἰς
3653 2650 3762 2701 χει-

2189 2713 2430 2786 μάρρους
2462 2718 2557 2770 καὶ
2589 2723 2866 2790 ποταμοὺς
2913 2721 3442 2794 ἀποξηραινομένους
3488 2725 3758 2796 τροπικῶς

2184 2805 2471 2860 ἀποδοῦναι
2521 2810 2861 2881 πειράσεται.
2907 2813 3045 2866 Ἀλλ’
3078 2815 3255 2883 ἡμεῖς,
3298 2815 3433 2886 πρὸς
3483 2816 3626 2882 λέξιν
3664 2818 3760 2888 τὴν

2183 2896 2419 2954 διάνοιαν
2463 2901 2894 2967 ἀποδεδωκότες,
2943 2905 3036 2958 ἐπὶ
3084 2905 3151 2958 τὰ
3200 2907 3325 2977 ἑξῆς
3369 2907 3754 2979 διαϐησόμεθα.

2185 2991 2548 3064 Παραστήσας
2591 2995 2620 3046 6
2666 2997 2952 3068 προφήτης
2990 3000 3147 3052 ὁποῖα
3185 2999 3468 3072 εἴργασται
3513 3001 3760 3072 θαύματα

2183 3083 2212 3135 6
2256 3082 2362 3150 πρὸ
2406 3084 2614 3139 αἰώνων
2653 3085 2902 3156 βασιλεὺς
2928 3087 3081 3153 Θεὸς,
3119 3089 3200 3143 ἔτι
3245 3092 3338 3144 καὶ
3385 3091 3558 3147 ταῦτα
3593 3111 3758 3164 προσ-

2183 3171 2364 3242 τίθησι
2391 3172 2592 3240 λέγων*
2621 3174 2705 3242 Eii
2741 3176 2914 3230 ἐστιν
2945 3177 2984 3243 ἡ
3031 3177 3242 3246 ἡμέρα,
3266 3180 3360 3232 καὶ
3389 3179 3484 3246 ’σή
3526 3181 3696 3234 ἐστιν
3719 3182 3761 3249 ἠ

2183 3263 2317 3328 νύξ.
2350 3264 2462 3336 Τὴν
2486 3264 2594 3338 γὰρ
2621 3267 2890 3338 τοσαύτην
2929 3267 3038 3320 τῶν
3082 3270 3426 3341 πραγμάτων
3463 3270 3764 3341 μεταϐολὴν

2186 3358 2250 3410 σὺ
2287 3357 2446 3428 μόνος
2478 3359 2507 3410 ό
2535 3359 2938 3431 παντοδύναμος
2970 3361 3229 3430 εἰργάσω.
3263 3361 3350 3425 Ὠς
3377 3361 3484 3433 γὰρ
3514 3363 3609 3433 τὴν
3639 3378 3764 3416 στε-

2186 3449 2403 3520 ρέμνιον
2426 3450 2630 3522 πέτραν
2650 3452 2730 3515 εἰς
2747 3452 2975 3524 ῥευστὴν
2999 3454 3188 3506 ούσίαν
3215 3453 3558 3523 μεταόαλὼν,
3580 3455 3766 3525 πηγὰς

2184 3538 2278 3592 καὶ
2303 3540 2632 3610 χειμάρρους
2672 3542 2730 3608 ἐξ
2774 3542 2944 3613 αὐτῆς
2967 3543 3229 3615 εἰργάσω,
3251 3546 3345 3598 καὶ
3403 3545 3672 3598 ἀνάπαλιν
3697 3548 3767 3602 τὰ

2184 3633 2290 3688 τῶν
2327 3635 2586 3706 ποταμῶν
2622 3635 2862 3707 ῥεύματα
2915 3638 2996 3698 εἰς
3030 3637 3091 3689 τὸ
3136 3635 3376 3690 ἐναντίον
3418 3640 3764 3710 καταστήσας

2186 3727 2485 3800 ὲξήρανας⁶
2517 3728 2660 3783 οὕτω
2712 3731 2804 3783 καὶ
2845 3729 2942 3801 τὴν
2985 3730 3199 3802 ἡμέραν
3227 3731 3325 3784 ’ὅτε
3368 3731 3544 3797 θέλεις
3581 3748 3762 3787 wars-

2187 3822 2376 3883 ποιεῖς,
2407 3819 2642 3890 ἔμπαλίν
2673 3838 2732 3873 τε
2776 3820 2873 3891 τὴν
2910 3821 3082 3874 νύκτα
3124 3823 3486 3892 μετατρέπείς
3526 3826 3608 3887 εἰς
3634 3823 3766 3894 md-

2186 3925 2317 3979 ρανο
2358 3910 2519 3974 αὐτὸς
2548 3909 2643 3964 καὶ
2684 3914 2973 3984 (ζωστῆρας
3009 3915 3065 3966 ὲν
3102 3912 3315 3984 ούρανῷ
3366 3915 3767 3986 κατηστέρισας

2184 4001 2387 4065 αὐτοῖς,
2414 4003 2508 4056 καὶ
2532 4003 2667 4074 ήλίῳ
2689 4003 2930 4068 διέταξας
2949 4005 3200 4076 δρόμους,
3231 4007 3390 4077 ὄρους
3412 4023 3475 4058 τε
3501 4007 3581 4078 τῷ
3611 4007 3767 4060 παντὶ

2183 4093 2570 4165 νομοθετήσας,
2597 4094 2784 4167 ῶσπερ
2824 4095 3107 4168 μεθορίους
3134 4095 3333 4160 διείλας
3359 4097 3453 4150 τὸν
3477 4097 3768 4168 σύμπαντα

2184 4185 2355 4240 αίῶνα
2410 4187 2888 4260 κατακερματίσας
2939 4190 3013 4253 είς
3057 4188 3286 4260 διάφορα
3332 4191 3606 4261 τμήματα
3648 4193 3768 4254 τοὺς

2183 4276 2279 4332 τοῦ
2326 4279 2523 4343 παντὸς
2553 4278 2800 4333 ἐνιαυτοῦ
2861 4280 3102 4352 καιρούς.
3140 4282 3288 4345 Ἐνὺς
3319 4281 3429 4351 γὰρ
3477 4283 3633 4347 ὄντος
3675 4281 3766 4336 τοῦ

517 4389 913 4445 precamurque
953 4382 1013 4429 ut
1059 4375 1324 4429 malorum
1375 4389 1496 4446 quae
1554 4373 1712 4429 nobis
1766 4371 2084 4426 acciderunt

2187 4370 2398 4442 χρόνου,
2436 4372 2643 4443 καὶτῆς
2690 4372 2784 4425 τοῦ
2827 4373 3023 4438 παντὸς
3055 4374 3478 4445 ἁνακυκλήσεως
3511 4377 3647 4444 μιᾶς
3682 4376 3771 4428 καὶ

515 4466 874 4522 mutationem
907 4465 1128 4523 ellicias.
1174 4465 1278 4522 Pro
1324 4467 1416 4522 illo
1464 4476 1665 4529 autem,
1699 4464 1776 4520 Tu
1798 4463 2087 4534 fabricatus

2192 4462 2292 4533 τῆς
2325 4462 2491 4534 αὐτῆς
2527 4461 2712 4535 οὔσης,
2755 4465 2818 4518 σὺ
2861 4467 2890 4518 6
2927 4465 3101 4519 πάντα
3126 4466 3350 4530 δυνατὸς
3375 4467 3513 4531 Θεὸς
3543 4470 3772 4540 τροπαῖς

512 4573 568 4613 es
600 4575 850 4613 auroram
881 4570 931 4614 et
952 4559 1138 4624 solem,
1163 4560 1379 4630 Aquila,
1405 4559 1482 4614 Tu
1505 4558 1820 4630 prwparasti
1850 4557 2080 4611 lumina-

2187 4553 2458 4624 διαφόροις
2493 4551 2690 4616 διεῖλας
2729 4553 2791 4606 τὸ
2831 4554 2958 4618 πᾶν,
3007 4554 3162 4626 θέρος
3203 4557 3301 4627 μὲν
3332 4555 3456 4628 ἔαρι
3505 4557 3768 4627 συνάψας.

514 4662 572 4700 re
596 4658 646 4702 et
668 4651 852 4714 solem,
884 4649 1271 4720 interpretatus
1303 4661 1406 4706 est.

2187 4645 2351 4718 τούτῳ
2369 4646 2425 4699 δὲ
2449 4645 2764 4717 μετόπωρον
2795 4647 3157 4719 περιγράψας,
3174 4646 3418 4719 χειμῶνά
3439 4665 3500 4701 τε
3524 4665 3686 4719 περιο
3699 4652 3774 4722 Pi-

516 4753 614 4802 σας
636 4739 754 4811 ἔαρι
773 4757 786 4767 ·
827 4741 1003 4796 πάντα
1029 4742 1138 4814 γὰρ
1156 4741 1322 4796 ταῦτα
1357 4744 1421 4797 σὺ
1446 4742 1701 4806 ἔπλασας.
1734 4741 1886 4795 Ἐπεὶ
1909 4741 2086 4795 τοίνυν
2128 4741 2191 4794 σὺ
2217 4743 2246 4794 6
2271 4738 2331 4804 ἐξ
2351 4739 2542 4801 αἰῶνος
2570 4739 2663 4792 καὶ
2687 4738 2791 4810 πρὸ
2813 4739 3006 4804 αἰῶνος
3047 4739 3296 4810 βασιλεὺς
3333 4739 3495 4811 ήμῶν
3543 4741 3776 4794 τοιαῦτα

515 4831 763 4901 πέφυκας
787 4834 1174 4906 μεγαλουργεῖν
1204 4836 1298 4889 καὶ
1321 4835 1780 4906 παραδοξοποιεῖν,
1821 4833 2171 4904 μεταϐάλλειν
2194 4850 2253 4885 τε
2286 4835 2349 4886 ὲκ
2375 4830 2483 4886 τῶν
2506 4830 2760 4884 ἐναντίων
2797 4833 2878 4895 είς
2913 4832 2981 4884 τὰ
3007 4833 3224 4887 ἐναντία
3252 4832 3321 4886 τὰ
3387 4832 3466 4902 τῷ
3539 4833 3624 4904 σῷ
3659 4841 3773 4884 νευ-

516 4937 643 4992 ματι
669 4925 1073 4996 παριστάμενα·
1098 4928 1318 4991 εἰκότως
1335 4923 1718 4993 ἀντιϐολοῦμεν
1775 4927 1869 4979 καὶ
1890 4924 1985 4978 νῦν
2023 4927 2144 4987 ταῖς
2181 4924 2472 4996 ἡμετέραις
2517 4922 2817 4994 ἱκετηρίαις
2851 4923 3151 4987 ἐπινεῦσαι,
3195 4921 3505 4996 μνησθῆναί
3539 4941 3602 4976 τε
3646 4919 3772 4978 ταύ-

512 5031 611 5088 της
643 5015 784 5085 (ἀντὶ
809 5016 865 5072 δὲ
894 5016 1009 5079 τοῦ,
1043 5020 1283 5087 ταύτης,
1315 5019 1500 5074 ταῦτα
1557 5021 1586 5072 6
1651 5018 1946 5090 Σύμμαχος
1982 5016 2346 5090 ήρμήνευσεν)
2375 5033 2390 5046 ·
2445 5016 2594 5080 ὅπως
2643 5014 2737 5070 καὶ
2785 5016 2869 5086 ἐφ’
2913 5015 3070 5087 ήμῶν
3126 5015 3426 5088 μεταϐολὴν
3482 5018 3769 5090 ποιήσειας

512 5106 617 5161 τῶν
659 5109 1181 5179 προκαταλαϐόντων
1223 5113 1368 5185 ἡμᾶς
1405 5113 1611 5173 κακῶν.
1665 5106 1812 5166 Ἀντί.
1867 5113 1924 5166 δὲ
1971 5110 2084 5175 τοῦ,
2159 5111 2244 5165 Σὺ
2279 5112 2612 5180 κατηρτίσω
2647 5110 2876 5181 φαῦσιν
2923 5112 3018 5165 καί
3076 5112 3273 5179 ἣλιον,
3321 5114 3350 5167 6
3387 5113 3649 5178 Ἀκύλας,
3687 5111 3766 5167 Σὺ

512 5201 844 5270 ἡτοίμασας
873 5203 1156 5274 φωοτίίῂια
1182 5207 1277 5260 καὶ
1309 5205 1488 5275 ἣλιον
1518 5209 1882 5280 ήρμήνευσεν.

583 5292 748 5352 Vens.
775 5295 862 5361 18,
885 5297 1076 5354 19-21.
1096 5301 1349 5358 Inimicus
1369 5303 1741 5371 improperavit
1765 5302 2079 5366 Domino,et

2264 5292 2508 5363 Ἐχθρὸς
2533 5291 2805 5346 ὠνείδισε
2846 5290 2927 5357 τῷ
2973 5292 3185 5360 Κιφίῳ,
3225 5293 3322 5346 καὶ
3365 5294 3522 5362 λαὸς
3565 5296 3771 5367 ἄφρων

513 5386 734 5455 populus
761 5387 1012 5456 insipiens
1045 5390 1280 5444 incitavit
1309 5409 1496 5446 nomen
1545 5403 1716 5451 tuum.
1759 5392 1841 5448 Ne
1895 5393 2078 5447 tradas

2187 5385 2492 5455 παρώξυνε
2535 5384 2601 5437 τὸ
2644 5382 2829 5452 ὄνομά
2869 5399 3004 5438 σου.
3048 5383 3144 5452 Μὴ
3180 5383 3458 5453 παραδῷς
3503 5389 3631 5456 τοῖς
3666 5395 3770 5456 θη-

513 5478 693 5534 bestiis
725 5482 963 5535 animam
1001 5482 1330 5551 conﬁtentem
1363 5483 1475 5537 tibi.
1509 5481 1662 5538 Talia
1701 5495 1829 5540 sunt
1862 5485 2080 5540 inenar-

2187 5480 2331 5549 ριόις
2368 5475 2580 5546 ψυχὴν
2618 5474 3180 5546 ἐξομολογουμένην
3207 5494 3326 5532 σοι.
3385 5478 3468 5533 Τὰ
3523 5482 3626 5552 μὲν
3667 5481 3770 5552 τῆς

513 5570 700 5626 rabilis
751 5573 969 5630 virtutis
1001 5584 1105 5629 tua:
1138 5590 1323 5646 opera,
1360 5576 1540 5646 qualia
1589 5576 1922 5631 declaratum
1972 5582 2077 5628 est.

2187 5572 2283 5641 σῆς
2343 5569 2716 5640 ἀνεκφράστου
2779 5569 3060 5641 δυνάμεως
3126 5571 3258 5644 ἔργα
3317 5572 3541 5629 τοιαῦτά
3602 5591 3760 5640 τινα,

515 5655 717 5718 “enim
747 5673 805 5720 ut
827 5665 881 5721 in
901 5667 1075 5723 nostri
1106 5669 1332 5730 gratiam
1357 5670 1662 5726 recorderis
1685 5671 2075 5741 supplicamus.

2187 5662 2340 5714 ὁποῖα
2385 5658 2674 5731 δεδήλωται
2712 5661 2984 5733 τυγχάνει.
3015 5663 3227 5716 Τούτων
3267 5663 3331 5718 ae
3360 5680 3417 5716 σε
3457 5665 3761 5737 μνησθῆναι

592 5785 666 5856 (1)
705 5787 787 5844 An
819 5790 1102 5862 legendum
1135 5812 1277 5860 τινες
1315 5794 1783 5860 Αἰθίοπεςῗίίζυιτ.
