4014 6206
258 287 366 344 865

1394 291 1894 348 COMMENTARIA
1932 293 1996 348 IN
2035 292 2372 350 PSALMOS.

3359 295 3493 379 Issa

257 409 353 465 καὶ
373 410 458 479 ἐφ’
487 409 644 480 ήμῶν
672 410 1000 484 ἱκετεύομεν.
1039 414 1254 486 Ἐπειδὴ
1297 415 1390 468 καὶ
1424 414 1518 469 νῦν
1555 417 1605 470 oi
1650 415 1833 488 ἐχθροὶ

1933 415 2069 482 Quia
2091 417 2202 486 jam
2235 414 2440 471 inimici
2488 414 2783 497 hostesque
2818 415 3010 482 nostri,
3053 431 3163 472 non
3205 414 3364 472 nobis
3404 414 3493 471 de-

256 500 352 555 καὶ
385 501 435 553 οἱ
468 499 736 571 πολέμιοι,
783 502 880 572 οὐχ
926 504 1070 574 ἡμᾶς
1119 504 1244 568 τοὺς
1296 505 1696 577 πολεμηθέντας
1739 505 1834 559 καὶ

254 592 599 664 ὑποχειρίους
619 594 801 658 αὐτοῖς
820 593 1156 667 γενομένους,
1175 595 1306 648 ἀλλά
1338 597 1396 650 σὲ
1417 597 1505 649 τὸν
1525 596 1656 650 Θεὸν
1682 597 1832 668 ἡμῶν

251 683 594 749 ὀνειδίζουσι-
633 685 724 739 καὶ
758 685 884 750 λαὸς
904 687 1089 758 ἀφρων
1113 688 1142 739 6
1177 687 1236 740 σέ
1264 688 1353 740 τὸν
1388 687 1517 742 Θεὸν
1552 689 1625 761 μὴ
1654 687 1830 754 εἰδὼς,

251 778 350 831 ἐπὶ
371 777 590 848 δαίμοσι
619 777 675 831 δέ
708 779 804 831 καὶ
848 777 1092 850 πολυθέῳ
1114 778 1288 852 πλάνῃ
1328 779 1698 851 καυχώμενος,
1736 781 1834 852 οὐχ

248 871 423 941 ἡμᾶς,
458 870 592 924 ἀλλά
625 870 684 924 σέ
731 871 824 925 καὶ
847 871 906 924 τὸ
932 871 1022 925 σὺν
1049 871 1221 944 ὄνομα
1259 873 1608 944 παρώξυνεν·
1645 867 1705 928 οὗ
1733 874 1832 944 χά-

251 976 342 1032 ριν
395 959 626 1030 δεόμεθα
662 960 753 1014 καὶ
790 959 1208 1032 ἀντιϐολοῦμεν,
1255 962 1329 1034 μὴ
1371 962 1615 1026 ἐκδότους
1653 980 1832 1036 παρα-

243 1052 433 1108 δοῦναι
458 1055 573 1116 τοῖς
599 1054 829 1125 ἀπηνέσι
855 1053 1016 1126 θηρσὶ
1037 1054 1136 1118 τὰς
1158 1054 1334 1124 ψυχὰς
1359 1054 1467 1108 τῶν
1491 1055 1835 1126 ἐξομολογου-

249 1146 431 1216 μένων
474 1163 578 1208 σοι,
615 1145 749 1217 μηδὲ
796 1145 964 1218 λήθην
1008 1147 1331 1218 ποιήσασθαι
1358 1150 1438 1212 είς
1466 1145 1526 1200 τὸ
1553 1149 1831 1213 παντελὲς,

249 1234 330 1306 μὴ
361 1233 496 1306 βορά
513 1232 798 1305 γενώμεθα
821 1234 1025 1305 θηρίων
1050 1233 1227 1306 ψυχὰς
1257 1234 1454 1287 ἐσθίειν
1478 1234 1796 1303 πεφυκότων
1816 1252 1831 1266 ο

244 1327 434 1382 ὁποῖαί
478 1328 615 1379 εἰσιν
659 1327 716 1380 αί
760 1325 1128 1397 ἀντικείμεναι
1173 1325 1446 1397 δυνάμεις,
1483 1326 1537 1378 αί
1579 1323 1690 1377 τῶν
1739 1324 1835 1394 ψυ-

247 1417 360 1488 χῶν
409 1417 515 1470 τῶν
563 1415 915 1487 ἀνθρωπίνων
959 1415 1232 1471 ἐπίϐουλοί
1287 1434 1347 1470 τε
1409 1416 1503 1470 καὶ
1549 1415 1830 1487 πολέμιον

243 1506 384 1562 ἀλλὰ
409 1507 517 1578 γὰρ
545 1509 874 1575 ἐπιϐλεψον
893 1509 980 1574 εὶς
995 1507 1108 1576 τὴν
1122 1507 1556 1576 διαθήκηνσου,
1577 1508 1672 1563 καὶ
1701 1510 1834 1579 μνή-

244 1599 409 1669 σθητι
446 1598 548 1668 τῆς
587 1598 858 1670 συνθήκης
890 1616 1004 1666 σου,
1044 1599 1112 1652 δι’
1138 1595 1206 1673 ἦς
1245 1599 1549 1671 ηὐδόκησας
1584 1600 1752 1655 σῶσαι
1774 1601 1833 1654 τὺ

241 1691 359 1743 τῶν
382 1689 680 1761 ἀνθρώπων
704 1691 879 1758 γένος,
909 1690 1100 1761 καινήν
1135 1690 1394 1761 διαθήκην
1418 1691 1599 1754 αὐτοῖς
1621 1689 1710 1744 διὰ
1736 1690 1829 1744 τοῦ

1933 508 2148 564 bellatis
2195 508 2408 577 slbique
2442 507 2726 576 subjectis,
2756 505 2850 562 sed
2887 507 2984 571 tibi
3017 505 3130 564 Deo
3171 515 3360 563 nostro
3390 508 3494 562 im-

1932 605 2223 670 properant
2252 618 2263 653 :
2294 605 2346 653 et
2370 598 2602 668 populus
2634 597 2917 669 insipiens,
2943 599 3034 669 qui
3064 606 3117 653 te
3146 595 3311 651 Deum
3346 597 3492 667 igno-

1933 699 2036 754 rat,
2070 690 2512 759 dicmonibusque
2559 705 2623 745 ac
2663 692 2954 745 multorum
2998 689 3279 748 numinum
3307 701 3494 742 errore

1931 781 2214 853 gloriatur,
2235 797 2344 835 non
2377 796 2498 846 nos,
2527 780 2621 836 sed
2651 789 2702 837 te
2730 791 2784 837 et
2813 797 3010 837 nomen
3036 787 3186 836 tuum
3223 779 3490 844 incitavit;

1933 874 2054 929 ideo
2084 873 2453 943 supplicamus
2481 881 2534 928 et
2569 888 2824 944 rogamus
2845 914 2859 937 ,
2895 888 2964 927 ne
2999 871 3208 926 animas
3237 869 3495 926 conﬁten-

1934 967 2065 1020 tium
2093 965 2192 1018 tibi
2227 965 2559 1020 immanibus
2595 964 2728 1020 feris
2759 963 3040 1020 dedititias
3076 962 3282 1027 tradas,
3318 977 3494 1032 neque

1932 1071 2034 1111 nos
2070 1056 2123 1109 in
2151 1066 2465 1126 perpetuum
2489 1056 2851 1120 obliviscaris,
2879 1072 2948 1111 ne
2974 1056 3267 1112 bestiarum
3286 1054 3496 1108 animas

1931 1147 2196 1203 devorare
2257 1148 2541 1202 solitarum
2593 1164 2718 1204 esca
2764 1149 3058 1203 evadamus
3089 1167 3102 1202 :
3133 1147 3322 1218 quales
3367 1153 3496 1200 sunt

1931 1236 2255 1291 adversaria:
2290 1244 2586 1306 potestates
2607 1277 2622 1303 ,
2655 1253 2774 1308 quae
2807 1237 3064 1294 humanis
3093 1236 3380 1291 animabus
3411 1236 3498 1290 in-

1932 1327 2204 1384 sidiantur
2248 1343 2311 1383 ac
2346 1328 2544 1384 bellqu
2578 1330 2819 1386 inferunt
2853 1331 2985 1387 :sed
3029 1331 3225 1400 respice
3253 1330 3305 1382 in
3330 1339 3497 1383 testa-

1933 1429 2163 1472 mentum
2197 1428 2362 1482 tuum,
2394 1428 2447 1476 et
2483 1436 2691 1476 memor
2723 1431 2841 1476 esto
2864 1421 3008 1492 pacti
3037 1421 3138 1487 tui,
3171 1436 3278 1490 quo
3307 1419 3498 1474 buma-

1931 1527 2061 1565 num
2095 1527 2265 1581 genus
2299 1513 2506 1568 salvum
2541 1513 2718 1569 facere
2748 1515 2847 1570 tibi
2869 1514 3220 1585 complacuit,
3245 1528 3366 1568 cum
3393 1527 3494 1567 no-

1930 1617 2057 1655 vum
2087 1601 2220 1672 ipsis
2266 1610 2646 1658 testamentum
2694 1620 2790 1676 per
2819 1605 3090 1660 Christum
3125 1612 3276 1658 tuum
3300 1601 3498 1674 elargi-

1931 1699 2020 1749 tus
2050 1708 2130 1749 cs.
2151 1692 2376 1748 Etiamsi
2406 1695 2549 1748 enim
2571 1697 2788 1766 quidam
2815 1705 2962 1764 sunt,
2987 1703 3167 1752 mente
3195 1696 3494 1760 obscurati,

242 1780 487 1852 Χριστοῦ
524 1798 616 1834 σου
661 1781 1048 1853 δεδωρημένος.
1091 1782 1154 1835 Εἰ
1201 1779 1310 1852 γὰρ
1350 1783 1445 1835 καὶ
1486 1780 1555 1834 τὰ
1600 1782 1831 1853 μάλιστα

1932 1785 2023 1854 qui
2067 1785 2222 1839 domo
2261 1787 2599 1856 iniquitatum
2645 1789 2835 1858 repleti
2890 1799 3046 1852 sunt,
3077 1805 3180 1845 nec
3216 1789 3496 1844 Christum

242 1873 506 1942 γεγόνασί
541 1891 688 1938 τινες
727 1875 1097 1947 ἐσκοτωμένοι
1138 1875 1237 1948 τὴν
1277 1876 1518 1929 διάνοιαν
1562 1876 1656 1929 καὶ
1689 1876 1832 1943 οτκῳ

241 1966 508 2036 ἀνομιῶν
535 1968 968 2040 πεπληρωμένοι,
1011 1967 1086 2040 μὴ
1109 1967 1541 2039 παραδεξάμενοι
1575 1967 1667 2021 τὸν
1696 1967 1830 2036 Χρι-

245 2057 378 2109 στόν
422 2073 534 2120 σου,
576 2056 711 2110 ἀλλά
756 2058 820 2111 σὺ
855 2056 930 2122 ὡς
974 2058 1352 2130 φιλάνθρωπος
1379 2059 1528 2122 ’Θεὸς
1565 2056 1674 2111 τῶν
1723 2057 1832 2110 σῶν

243 2147 483 2218 πτωχῶν
523 2147 597 2219 μὴ
635 2150 986 2221 ἀποστραφῇς
1019 2150 1119 2216 τὰς
1159 2150 1458 2223 ἱκετηρίας.
1491 2149 1648 2213 Τίνες
1679 2149 1724 2203 δ’
1765 2150 1832 2204 ἂν

239 2234 360 2292 εῐεν
390 2240 440 2292 oi
474 2241 679 2310 πτωχοὶ
700 2242 748 2293 οί
794 2240 963 2294 ταῦτα
1010 2242 1150 2314 ὑπὲρ
1189 2242 1388 2306 παντὸς
1427 2242 1707 2313 εὐχόμενοι
1735 2239 1830 2294 τοῦ

237 2328 400 2393 λαοῦ,
426 2329 542 2383 ἀλλ’
570 2331 619 2383 οί
645 2330 737 2384 τοῦ
762 2331 1014 2404 Σωτῆρος
1042 2333 1197 2406 ἡμῶν
1221 2333 1458 2405 μαθηταὶ
1487 2334 1578 2387 καὶ
1603 2333 1832 2386 ἀπόστο-

237 2419 325 2474 λοι
387 2422 524 2494 πρὸς
572 2421 665 2485 οὒς
715 2421 967 2491 ἐλέγετοο
1019 2423 1308 2493 Μακάριοι
1367 2428 1420 2479 οἱ
1477 2425 1697 2494 πτωχοί
1751 2423 1832 2490 τῷ

240 2514 561 2582 πνεύματι,
593 2514 680 2567 ὅτι
718 2515 970 2584 ὑμετέρα
998 2516 1170 2570 ἐστὶν
1202 2517 1552 2584 ἡ¹βασιλεία
1588 2515 1706 2569 τῶν
1727 2518 1829 2571 οὺ-

234 2603 483 2675 ρανῶν;
503 2605 722 2670 Τούτοις
745 2606 852 2680 7&9
876 2607 970 2662 καὶ
999 2607 1226 2671 Ἡσαΐας
1253 2607 1549 2680 ἐμαρτύρει
1575 2609 1639 2661 ἐκ
1667 2623 1833 2678 προσ-

242 2702 402 2755 ώπου
432 2701 606 2769 λέγων
644 2701 737 2757 τοῦ
777 2701 1038 2774 Χριστοῦ’
1073 2702 1314 2772 Πνεῦμα
1341 2704 1559 2770 Κυρίου
1592 2701 1681 2754 ἐπ’
1707 2701 1830 2771 ἐμὲ,

242 2791 321 2851 οὗ
365 2796 600 2848 εἵνεκεν
644 2794 851 2866 ἐχρισέ
898 2811 996 2865 με,
1035 2796 1536 2865 εὐαγγελίσασθαι
1579 2793 1833 2862 πτωχοῖς

244 2886 594 2944 ἀπέσταλκε
618 2905 713 2956 με.
752 2882 906 2941 Οὗτοι
943 2887 1090 2956 γοῦν.
1119 2887 1485 2958 ὑπερηύχοντο
1513 2886 1604 2940 τοῦ
1635 2887 1832 2949 παντὸς

241 2977 404 3041 λαοῦ,
443 2978 722 3048 μονονουχὶ
755 2979 1020 3048 φήσαντες
1048 2978 1116 3032 ἂν
1146 2980 1195 3031 οἱ
1225 2979 1424 3043 πάντες
1454 2979 1606 3033 αὐτοὶ
1636 2977 1834 3048 ὁμοίως

241 3070 452 3140 Παύλῳ
475 3069 536 3122 τό
557 3085 570 3099 ⁸
592 3071 881 3140 Ηὺχόμην
902 3070 1166 3141 ἀνάθεμα
1187 3068 1338 3125 εἶναι
1366 3070 1516 3138 ὑπὲρ
1534 3071 1650 3124 τῶν
1668 3070 1834 3124 ἀδελο

1927 1886 2080 1932 tuum
2113 1878 2416 1948 recipiunt;
2451 1887 2504 1932 at
2531 1886 2586 1932 tu
2611 1888 2795 1948 utpote
2827 1879 2968 1936 Deus
2992 1882 3234 1938 clemens
3258 1881 3496 1936 homini-

1928 1968 2053 2031 bus,
2077 1985 2375 2040 pauperum
2401 1978 2618 2024 tuorum
2648 1971 3072 2041 supplicationes
3100 1988 3168 2028 ne
3206 1972 3496 2029 averseris.

1929 2058 2161 2128 Quinam
2201 2077 2329 2118 vero
2371 2078 2642 2133 pauperes
2675 2071 2824 2127 sunt,
2859 2064 2949 2133 qui
2982 2078 3080 2133 pro
3120 2063 3378 2119 universo
3408 2078 3498 2134 po-

1929 2152 2058 2223 pulo
2075 2153 2204 2206 talia
2230 2159 2545 2223 precantur,
2573 2152 2679 2208 nisi
2697 2153 2949 2223 discipuli
2983 2153 3291 2210 Servatoris
3322 2152 3496 2210 nostri

1929 2251 1983 2300 et
2020 2244 2271 2315 apostoli,
2302 2243 2503 2313 quibus
2531 2245 2813 2301 dicebatur
2845 2266 2856 2300 :
2891 2247 3043 2301 Beati
3074 2264 3324 2318 pauperes
3348 2247 3499 2318 spiri-

1929 2341 2006 2397 tu,
2037 2335 2284 2404 quoniam
2314 2343 2542 2388 vestrum
2591 2344 2669 2389 cst
2714 2352 2929 2406 regnum
2981 2339 3229 2392 caelorum
3257 2338 3346 2392 ”?
3372 2337 3498 2393 Haec

1929 2425 2074 2480 enim
2111 2424 2280 2480 Isaias
2318 2441 2384 2480 ex
2415 2442 2649 2496 persona
2679 2425 2882 2482 Christi
2907 2429 3304 2484 tcstiticabatur
3335 2447 3349 2484 :
3384 2430 3500 2498 Spi-
3569 2475 3580 2484 .

1929 2519 2064 2572 ritus
2089 2517 2302 2571 Domini
2327 2533 2481 2586 super
2498 2535 2597 2582 me,
2616 2535 2674 2572 eo
2693 2517 2829 2588 quod
2860 2521 3067 2573 unxerit
3098 2536 3211 2582 me;
3238 2521 3499 2591 evangeli-

1930 2625 2053 2663 zare
2079 2608 2392 2678 pauperibus
2433 2608 2574 2662 misit
2602 2625 2682 2662 me
2703 2609 2767 2662 ’⁸.
2797 2607 2860 2662 Hi
2889 2609 3072 2678 itaque
3110 2625 3208 2681 pro
3241 2611 3500 2668 universo

1929 2703 2130 2772 populo
2159 2701 2546 2772 precabantur,
2580 2699 2722 2755 idem
2757 2700 2868 2755 fere
2907 2700 3150 2757 dicentes
3179 2702 3325 2772 quod
3356 2701 3492 2757 Pau-

1931 2796 2062 2849 lus:
2113 2793 2371 2863 Optabam
2411 2792 2688 2846 anathema
2729 2808 2840 2846 esse
2889 2807 2983 2861 pro
3039 2792 3293 2861 fratribus
3346 2795 3497 2860 meis,

1931 2887 2166 2958 cognatis
2191 2886 2316 2939 meis
2334 2883 2617 2939 secundum
2645 2901 2875 2949 carnem,
2895 2886 2984 2955 qui
3007 2895 3129 2940 sunt
3150 2883 3414 2940 Israelita
3427 2887 3494 2938 ".

1932 2977 2039 3048 lpsi
2064 2993 2281 3048 quoque
2307 2976 2584 3048 prophette
2619 2977 2736 3040 Dei,
2769 2978 2860 3048 qui
2893 2985 3114 3048 propter
3151 2977 3331 3048 ipsum
3370 2993 3502 3049 pau-

1932 3085 2088 3139 peres
2115 3075 2292 3128 erant.
2331 3068 2442 3122 hmc
2482 3084 2580 3138 pro
2612 3075 2724 3121 tota
2753 3076 2912 3139 gente
2945 3069 3329 3140 precabantur.

242 3164 382 3235 ρῶν
404 3181 543 3234 μου,
573 3164 690 3218 τῶν
721 3165 1030 3235 συγγενῶν
1043 3184 1162 3236 μου
1219 3166 1366 3220 κατὰ
1427 3165 1641 3234 σάρκα,
1667 3165 1882 3231 οἵτινές
1917 3167 2075 3220 εἰσιν
2125 3163 2503 3233 Ἰσραηλῖται.
2545 3164 2655 3217 Καὶ
2702 3165 2856 3217 αὐτοὶ
2901 3164 2958 3218 δὲ
3007 3167 3057 3218 oi
3095 3165 3368 3237 προφῆται
3404 3166 3499 3221 τοῦ

244 3256 409 3321 Θεοῦ,
441 3257 506 3310 δι’
537 3258 698 3311 αὑτὸν
726 3259 1112 3330 πτωχεύοντες,
1154 3259 1306 3314 ταῦθ’
1331 3260 1469 3332 ὑπὲρ
1497 3258 1590 3312 τοῦ
1628 3259 1826 3322 παντὸς
1863 3258 2209 3312 καθικέτευον
2233 3258 2435 3322 ἔθνους.

337 3350 627 3415 Ἅνάστα,
681 3355 715 3406 ό
774 3353 940 3420 Θεὸς,
991 3352 1248 3407 δίκασον
1300 3353 1414 3421 τὴν
1462 3352 1641 3421 δίκην
1693 3369 1830 3432 σου,

2005 3351 2170 3407 Vens.
2193 3351 2375 3406 22-23.
2419 3351 2678 3421 Exsurge,
2705 3350 2867 3414 Deus,
2879 3350 3064 3420 judice
3091 3367 3305 3405 causam
3331 3359 3498 3418 tuam,

247 3442 556 3515 μνήσθητι
579 3442 699 3498 τῶν
726 3444 1080 3514 ὀνειδισμῶν
1108 3459 1244 3509 σου,
1277 3446 1393 3501 τῶν
1419 3444 1537 3500 ὑπὸ
1571 3444 1832 3514 ἄφρονος

252 3536 412 3602 ὅλην
449 3533 566 3602 τὴν
603 3533 850 3604 ἡμέραν.
881 3535 980 3605 Μὴ
1021 3537 1274 3604 ἐπιλάϐῃ
1323 3536 1432 3604 τῆς
1477 3534 1682 3604 φωνῆς
1717 3533 1834 3587 τῶν

251 3624 486 3695 ἐχθρῶν
522 3643 638 3680 σου
663 3665 677 3691 ,
718 3626 757 3694 ἢ
814 3627 1192 3696 ὑπερηφανία
1240 3625 1358 3679 τῶν
1391 3626 1733 3695 μισούντων
1761 3639 1833 3678 σε

255 3717 442 3785 ἀνέϐη
491 3717 835 3785 διαπαντός.
896 3718 1113 3791 Ἐπειδὴ
1151 3719 1250 3790 οὐχ
1312 3719 1472 3790 ἡμεῖς
1530 3716 1834 3788 ἠδικήμεθα

258 3808 396 3862 ἀλλά
427 3808 492 3862 σύ
513 3827 526 3839 ’
557 3810 616 3864 σὲ
643 3808 752 3883 γὰρ
774 3810 1050 3865 ὠνείδισεν
1073 3813 1102 3865 6
1125 3811 1336 3883 ἐχθρὸς,
1365 3811 1458 3864 καὶ
1485 3810 1610 3874 λαὸς
1642 3811 1834 3881 ἄφρων

255 3901 320 3955 τὸ
358 3902 450 3955 σὺν
490 3901 661 3972 ὄνομα
698 3901 1014 3974 παρώξυνε·
1067 3902 1256 3956 τούτου
1293 3903 1450 3976 χάριν
1487 3900 1769 3972 ἀνάστηθι,
1804 3902 1834 3954 6

256 3993 414 4057 Θεὸς,
446 3995 539 4047 καὶ
567 3995 788 4048 δίκασον
814 3994 912 4066 τὴν
947 3994 1104 4067 δίκην
1137 4012 1250 4048 σου.
1297 3994 1453 4048 Κατά
1479 3995 1536 4048 δὲ
1567 3992 1658 4048 τὸν
1684 3993 1832 4065 Σύμ-

260 4103 468 4156 μαχονο
511 4084 708 4154 Στῆθι,
740 4090 773 4140 ό
821 4087 998 4152 Θεὸς,
1042 4087 1434 4157 προμὰχησον
1480 4086 1589 4155 τῆς
1633 4084 1834 4156 μάχης

256 4195 397 4240 σου,
439 4179 537 4233 καὶ
584 4180 1017 4248 μνημόνευσον
1070 4179 1176 4234 τοῦ
1226 4179 1498 4244 ὀνείδους
1525 4195 1642 4233 σου
1673 4178 1835 4245 παρὰ

256 4269 522 4340 ἄφρονος
547 4271 653 4326 τοῦ
675 4271 772 4326 διὰ
797 4271 999 4339 πάσης
1032 4271 1274 4342 ἡμέρας.
1307 4271 1404 4338 Μὴ
1437 4269 1693 4338 ἐπιλάϐῃ
1725 4268 1834 4337 τῆς

257 4363 466 4435 φωνῆς
490 4363 608 4418 τῶν
627 4365 927 4434 πολεμίων
944 4378 1082 4426 σου,
1106 4363 1298 4433 ἤγουν
1313 4363 1389 4435 (1)
1408 4362 1523 4417 τῶν
1541 4363 1834 4431 ἀνθεστη-

261 4456 456 4509 κότων
483 4472 602 4518 σοι,
631 4454 844 4525 μέχρις
872 4451 944 4510 οὗ
966 4455 1394 4520 ἀντιϐαίνοντος
1412 4453 1835 4520 ἀδιαλείπτως

260 4547 371 4599 Και
400 4547 560 4617 μέχρι
577 4546 776 4600 τούτων
793 4547 1049 4600 ἴσταται’ό
1065 4546 1219 4614 λόγος
1242 4545 1573 4618 παρακαλῶν
1595 4545 1686 4599 τὸν
1704 4546 1836 4600 Θεὸν

259 4635 608 4706 διαναστῆναι
636 4639 729 4691 καὶ
759 4640 972 4692 δικάσαι
1000 4638 1097 4709 τὴν
1131 4638 1285 4709 δίκην
1315 4637 1502 4700 αὑτοῦ,
1531 4637 1834 4710 μνησθῆναί

1934 3459 2128 3498 memor
2155 3452 2266 3496 esto
2290 3441 2686 3510 opprobriorum
2715 3450 2945 3506 tuorum,
2975 3455 3154 3493 eorum
3183 3454 3300 3508 qua:
3324 3437 3388 3490 ab
3415 3439 3500 3492 in-

1933 3535 2150 3603 sipiente
2179 3543 2300 3588 sunt
2331 3543 2443 3587 tota
2469 3533 2574 3587 die.
2609 3531 2693 3586 Ne
2724 3531 3052 3586 obliviscaris
3081 3547 3224 3586 voces
3256 3530 3499 3586 inimico-

1934 3644 2050 3680 rum
2081 3636 2314 3690 tuorum,
2347 3625 2593 3695 superbia
2614 3642 2792 3679 eorum
2823 3627 2914 3697 qui
2944 3635 2993 3679 te
3022 3624 3241 3678 oderunt
3265 3623 3501 3678 ascendit

1931 3735 2150 3788 semper.
2184 3719 2322 3785 Quia
2374 3734 2482 3774 non
2537 3734 2638 3774 nos
2693 3717 2891 3789 injuria
2939 3716 3118 3772 affecti
3167 3731 3378 3780 sumus,
3403 3715 3500 3772 sed

1932 3819 1990 3866 tu
2020 3830 2032 3865 :
2067 3827 2190 3866 nam
2217 3811 2315 3867 tibi
2353 3811 2609 3867 inimicus
2639 3809 3048 3882 improperavit,
3075 3816 3128 3864 et
3159 3810 3392 3880 populus
3419 3809 3510 3864 ina

1933 3905 2139 3976 sipiens
2177 3903 2425 3959 incitavit
2456 3919 2652 3960 nomen
2686 3911 2875 3969 tuum;
2906 3902 3030 3958 ideo
3061 3915 3315 3971 exsurge,
3334 3898 3499 3964 Deus,

1932 4005 1987 4052 ct
2034 3996 2222 4066 judica
2269 4010 2495 4052 causam
2547 4005 2717 4050 tuam.
2752 3993 3064 4049 Secundum
3115 3990 3501 4064 Symmachum

1933 4096 2112 4144 autem
2151 4107 2164 4144 :
2202 4088 2322 4153 Sta,
2356 4088 2519 4152 Deus,
2549 4103 2818 4158 propugna
2849 4095 3109 4140 certamen
3139 4094 3309 4148 tuum,
3338 4091 3389 4138 et
3422 4099 3504 4138 re-

1933 4178 2153 4234 cordare
2180 4178 2445 4248 opprobrii
2479 4179 2554 4231 tui
2592 4176 2656 4231 ab
2693 4177 2968 4245 insipiente
2996 4192 3088 4245 per
3133 4183 3300 4228 totam
3343 4174 3499 4228 diem.

1936 4268 2018 4325 Ne
2051 4269 2380 4325 obliviscaris
2413 4285 2558 4324 voces
2588 4268 2923 4322 inimicorum
2949 4276 3181 4332 tuorum,
3212 4265 3267 4318 id
3293 4265 3504 4329 est,‘eo-

1934 4377 2052 4414 rum
2081 4361 2170 4430 qui
2205 4361 2302 4414 tibi
2348 4360 2630 4413 obsistunt.
2668 4357 2944 4428 Usquequo
2977 4354 3258 4410 ascenderit
3305 4353 3503 4408 indesi-

1934 4451 2154 4504 nenter?
2187 4449 2252 4502 Et
2280 4450 2387 4503 huc
2421 4447 2622 4503 desinit
2650 4462 2854 4511 sermo,
2880 4445 3051 4501 Deum
3083 4459 3286 4515 rogans
3318 4451 3378 4498 ut
3403 4460 3503 4498 ex-

1934 4551 2121 4612 surgat
2164 4548 2218 4594 et
2255 4539 2463 4609 judicct
2507 4553 2730 4594 causam
2766 4553 2920 4592 suam
2950 4535 3378 4605 recordeturque
3406 4551 3504 4604 op-

1934 4632 2139 4704 probrii
2171 4631 2239 4684 ab
2268 4629 2654 4701 insipientibus
2680 4629 2838 4693 illati,
2877 4643 3052 4699 neque
3083 4627 3344 4682 oblivioni
3389 4634 3502 4680 tra-

261 4745 324 4780 τε
358 4725 453 4780 τοῦ
481 4727 780 4800 ὀνειδισμοῦ
827 4730 934 4783 τῶν
967 4715 1215 4801 ἀφ’ρόνων
1235 4770 1248 4791 ,
1289 4729 1422 4802 μηδέ
1472 4728 1608 4800 λήθῃ
1653 4743 1830 4799 παρα·

1932 4727 2026 4781 dat
2051 4741 2211 4780 voces
2239 4724 2584 4779 inimicorum
2612 4738 2676 4778 ac
2699 4722 3007 4794 superbiam
3031 4736 3221 4776 eorum
3243 4719 3336 4791 qui
3361 4736 3504 4776 sem-

262 4818 452 4873 δοῦναι
477 4819 576 4883 τὰς
605 4821 787 4890 φωνὰς
813 4821 918 4875 τῶν
951 4821 1161 4893 ἐχθρῶν
1194 4822 1286 4875 καὶ
1332 4822 1430 4886 τάς
1458 4818 1834 4893 ὑπερηφανίας

260 4909 377 4962 τῶν
414 4909 700 4976 διαπαντὸς
745 4913 1137 4984 ἐπαιρομένων.
1193 4914 1266 4966 Οὐ
1327 4913 1433 4985 μὴν
1475 4914 1833 4984 ἐπισυνῆπται

264 5000 478 5066 τούτοις
507 5003 632 5075 ἑξῆς
665 5005 996 5078 χρηστοτέρα
1021 5023 1102 5069 τις
1133 5005 1441 5077 ἀπόκρισις,
1469 5005 1586 5058 οὐδὲ
1614 5003 1834 5073 ἀγαθῶν

265 5095 572 5163 ἐπαγγελία
627 5101 737 5162 τοῖς
781 5098 1083 5168 δεηθεῖσιν,
1133 5099 1269 5170 ὅπερ
1305 5097 1452 5151 ἐστιν
1500 5098 1584 5168 ἐφ’
1633 5098 1832 5169 ἐτέρων

266 5185 471 5256 εὑρεῖν.
501 5188 696 5260 Διόπερ
726 5180 1024 5261 ἀρχόμενος
1051 5192 1080 5244 6
1105 5189 1258 5258 λόγος
1283 5189 1543 5259 ἁπωσμὺν
1579 5191 1657 5253 είς
1685 5188 1835 5252 τέλος

268 5278 528 5332 ἐθέσπισε
552 5283 662 5344 τοῖς
688 5281 1052 5353 δηλουμένοις,
1082 5281 1173 5335 καὶ
1201 5282 1266 5334 δι’
1293 5280 1413 5335 ὅλου
1434 5280 1514 5343 τὸ,
1535 5283 1619 5347 εἰς
1641 5279 1832 5347 τέλος,

271 5369 450 5439 ἐπῆγε
478 5373 546 5442 τῇ
575 5371 683 5424 τῶν
723 5372 1059 5445 σκυθρωπῶν
1091 5374 1410 5446 προρρήσει.
1437 5371 1626 5425 Ἔνθεν
1658 5372 1838 5445 ὁρμώ-

277 5479 440 5531 μενος
484 5463 578 5516 καὶ
612 5466 641 5517 6
683 5464 822 5529 θεῖος
865 5465 1205 5528 ’Λπόστολος,
1248 5464 1470 5535 γράφων
1512 5463 1638 5535 περ)⁵
1662 5463 1838 5518 αὐτῶν

277 5558 432 5625 ελεγε
468 5559 528 5611 τὸ
553 5602 568 5625 ,
609 5562 874 5629 Ἔφθασε
907 5561 975 5614 δὲ
1002 5564 1086 5628 εις
1125 5561 1344 5628 αὐτοὺς
1380 5561 1418 5628 ὴ
1449 5559 1594 5630 ὀργὴ
1626 5562 1711 5626 είς
1735 5560 1925 5627 τέλος.

1936 4833 2032 4890 per
2062 4818 2418 4872 extolluntur.
2454 4815 2638 4887 Neque
2665 4823 2846 4870 tamen
2900 4814 2984 4869 his
3038 4814 3182 4870 bona
3219 4814 3505 4884 responsio

1935 4907 2211 4978 adjicitur,
2234 4922 2408 4979 neque
2436 4907 2738 4961 orationem
2768 4905 3034 4961 bonorum
3061 4905 3353 4976 promissio
3377 4919 3508 4961 con»-

1935 4999 2198 5070 scquitur,
2223 4999 2367 5070 quod
2395 4999 2516 5054 aliis
2548 4997 2602 5053 in
2629 4997 2855 5068 psalmis
2885 4997 3122 5068 reperire
3147 5004 3250 5054 est.
3277 4994 3409 5054 Ideo
3435 4998 3508 5053 ab

1934 5093 2158 5148 exordio
2192 5093 2546 5162 abjectionem
2580 5099 2892 5163 perpetuam
2926 5090 3240 5145 intemeratis
3273 5087 3506 5144 homini-

1939 5184 2044 5240 bus
2076 5184 2500 5247 vaticinabatur,
2535 5190 2590 5238 et
2623 5182 2676 5236 in
2713 5189 2828 5238 toto
2850 5181 3065 5251 psalmo
3086 5181 3323 5236 tristium
3361 5195 3501 5251 pra-

1941 5278 2166 5334 dictioni
2217 5277 2370 5346 illud,
2406 5279 2461 5332 in
2513 5278 2689 5347 linem,
2737 5276 2998 5333 subdidit.
3035 5274 3173 5330 Hinc
3220 5273 3505 5330 occasione

1942 5382 2096 5443 capta
2133 5371 2351 5427 divinus
2379 5372 2691 5442 Apostolus,
2725 5371 2794 5427 de
2822 5368 3016 5427 iisdem
3052 5368 3301 5426 scribens
3324 5364 3500 5421 dixit:

1944 5463 2189 5519 Pervenit
2211 5473 2386 5518 autem
2420 5463 2489 5517 ad
2519 5481 2606 5520 eos
2632 5465 2716 5519 ira
2750 5463 2802 5520 in
2829 5463 2985 5534 ﬁnem
3000 5463 3065 5517 ³⁸.

349 5670 393 5699 ’⁷
437 5667 624 5723 Matth.
659 5686 723 5733 ν.
756 5671 810 5726 5.
885 5673 932 5704 ’⁸
974 5669 1076 5729 lsa.
1115 5688 1238 5740 ut,
1275 5673 1326 5728 1.
1402 5673 1446 5705 ⁸⁸
1486 5669 1642 5727 Rom.
1676 5686 1762 5738 Ix,
1793 5670 1834 5724 5η

1932 5714 1934 5725 .
2013 5673 2056 5705 ³ο
2098 5674 2114 5728 l
2152 5672 2341 5733 Thess.
2379 5689 2457 5741 ιι,
2501 5675 2585 5730 16.

352 5762 430 5828 (υ
471 5759 629 5818 Forte
656 5764 808 5833 ἠχου.
