4008 6210
441 229 547 289 80.7

531 341 586 400 ι.
617 337 684 394 IN
723 334 952 399 FINEM,
991 331 1082 386 NE
1119 320 1564 400 contigue-ss,
1601 313 1925 374 PSALMUS

971 400 1216 456 ASAPI'I.
1259 393 1490 450 LXXIV.

1111 211 1378 272 EUSEBII
1415 199 1888 266 CIESARIENSIS
1922 196 2070 279 ΟΡΡ.
2116 193 2296 252 PARS
2334 193 2419 251 Ill.
2458 224 2528 234 —
2563 185 2969 246 EXEGETICA.

3567 178 3678 236 868

2118 313 2225 366 ΕΙΣ
2261 308 2352 364 ΤΟ
2384 307 2622 370 ΤΕΛΟΣ,
2663 293 3223 428 ΜῗΣιῖἒΦὲξμΡῌΣ,
3261 292 3551 347 ΨΑΔΜΟΣ
3587 293 3679 364 Τῼ

514 522 679 580 Vsus.
707 521 764 575 ‘2.
803 515 1182 585 Conﬁtebimur
1245 511 1362 572 tibi,
1419 506 1584 570 Deus,
1641 499 2039 571 confitebimur,

2192 485 2780 560 Ἐξομολογησόμεθά
2805 501 2903 539 σοι
2922 522 2938 548 ,
2970 484 3003 536 ὁ
3032 479 3174 544 Θεὸς
3192 519 3206 543 ,
3235 475 3684 546 ἐξομολογησό-

448 617 563 680 tibi,
597 625 645 669 et
691 612 1044 667 invocabimus
1074 623 1259 661 nomen
1303 616 1469 656 tuum.
1501 599 1608 653 Pro
1639 597 1732 651 illo
1770 613 1782 648 :
1820 593 1886 646 In
1940 591 2006 661 ﬁ-

446 726 583 774 nem,
615 724 678 762 ne
709 719 1036 772 corrumpas,
1068 697 1427 770 Symmachus
1453 693 1532 748 sic
1566 691 1956 758 interpretatur
1988 699 2003 737 :

448 798 805 867 Triumphalia
846 798 908 850 de
939 791 1328 863 incorruptione
1361 785 1597 857 psalmus
1632 778 1849 849 Asaphi.
1881 774 2009 830 Ser-

445 907 537 948 mo
569 891 734 962 igitur
765 896 849 944 est
885 890 951 943 de
981 882 1408 952 incorruptione,
1437 891 1556 947 quae
1575 872 1738 944 justis
1761 868 2010 925 recondi-

445 995 558 1050 tur,
583 983 783 1055 quibus
808 981 972 1037 etiam
1002 976 1245 1034 victoriae
1272 970 1492 1043 praemia
1521 983 1621 1022 ceu
1651 965 1704 1018 in
1740 961 2013 1016 thesauris

446 1078 689 1148 reposita
720 1082 868 1129 sunt.
906 1071 1264 1138 Quamobrem
1296 1059 1636 1131 triumphalis
1677 1057 1856 1110 dictus
1886 1060 1970 1108 est
1999 1070 2011 1106 :

447 1184 550 1222 nos
578 1177 757 1222 autem
783 1163 1012 1219 remittit
1045 1161 1099 1214 in
1133 1159 1313 1222 ﬁnem,
1347 1155 1412 1208 de
1443 1166 1551 1222 quo
1575 1147 1868 1217 Apostolus
1899 1143 1974 1195 ait
2000 1160 2012 1194 :

452 1259 655 1313 Deinde
697 1257 841 1327 ﬁnis,
878 1271 997 1308 cum
1042 1249 1322 1304 tradiderit
1353 1259 1566 1315 regnum
1604 1239 1711 1293 Deo
1754 1245 1804 1291 et
1844 1232 2018 1295 Patri,

454 1367 574 1406 cum
601 1347 924 1403 destruxerit
941 1359 1143 1398 omnem
1173 1338 1523 1408 principatum
1553 1340 1604 1386 et
1630 1335 1938 1399 potestatem
1970 1331 2021 1376 et

456 1445 719 1498 virtutem.
750 1438 963 1508 Oportet
1005 1435 1142 1489 enim
1190 1431 1340 1500 illum
1374 1441 1612 1496 regnare,
1656 1421 1817 1473 donec
1863 1421 2021 1484 ponat

458 1552 634 1590 omnes
669 1532 906 1586 inimicos
938 1529 1032 1582 sub
1060 1525 1276 1596 pedibus
1313 1521 1446 1590 ejus.
1483 1514 1784 1570 Novissima
1808 1507 2023 1563 inimica

458 1627 757 1681 destruetur
791 1638 929 1675 mors
949 1620 1017 1674 ³¹.
1050 1619 1108 1672 In
1139 1618 1244 1671 ﬁne
1274 1614 1490 1684 quippe,
1521 1611 1786 1689 quotquot
1835 1603 1888 1655 in
1922 1600 2023 1653 hoc

2108 582 2259 654 μεθά
2285 597 2404 645 σοι,
2432 579 2532 634 καὶ
2553 575 3028 643 ἐπικαλεσόμεθα
3057 569 3122 624 τὸ
3147 565 3333 636 ὄνομα
3365 582 3502 620 σου.
3540 565 3688 617 Ἀντὶ

2111 677 2238 742 τοῦ,
2273 677 2376 740 Εὶς
2406 672 2470 727 τὸ
2519 671 2714 736 τέλος,
2748 667 2833 737 μὴ
2879 662 3259 733 διαφθείρῃς,
3295 659 3324 712 6
3369 656 3688 727 Σύμμαχος,

2128 770 2444 832 Ἑπινίκιος
2476 763 2609 832 ,περὶ
2658 759 2995 831 ἀφθαρσίας
3037 751 3279 824 ψαλμὸς
3321 751 3428 804 τοῦ
3481 750 3689 819 Ἀσὰφ,

2118 861 2485 933 ἡρμήνευσεν.
2529 853 2738 909 Οὐκοῦν
2789 850 2916 922 περὶ
2965 845 3273 918 ἀφθαρσίας
3304 844 3332 896 6
3389 842 3548 911 λόγος
3592 843 3692 912 τῆς

2119 954 2230 1016 τοῖς
2256 947 2484 1012 δικαίοις
2505 945 2892 1015 ἀποκειμένης,
2918 938 2998 1004 οἷς
3025 939 3119 992 καὶ
3145 935 3212 990 τὰ
3236 937 3334 1005 τῆς
3367 933 3522 1003 νίκης
3552 933 3690 985 ἀπο-

2119 1041 2541 1115 τεθησαύρισται
2576 1037 2820 1110 βραδεῖα.
2868 1033 2958 1086 Διὸ
3010 1031 3105 1085 καὶ
3143 1027 3406 1090 ἐπινίκιός
3439 1026 3686 1097 εἴρηται·

2123 1112 2439 1204 ἀναπέμπει
2479 1131 2535 1184 δὲ
2565 1130 2711 1200 ἡμᾶς
2739 1127 2833 1181 καὶ
2860 1127 2939 1188 εἰς
2975 1123 3036 1176 τὸ
3063 1121 3233 1184 τέλος,
3269 1119 3395 1190 περὶ
3437 1112 3501 1171 οῦ
3527 1135 3692 1189 φησιν

2124 1227 2153 1279 6
2194 1222 2508 1284 Ἀπόστολος
2528 1237 2542 1251 ο
2578 1215 2723 1274 Εἶτα
2763 1216 2830 1270 τὸ
2876 1214 3080 1278 τέλος,
3111 1211 3256 1265 ὅταν
3299 1208 3537 1278 παραδῷ
3577 1206 3696 1276 τὴν

2121 1314 2448 1380 ,βασιλείαν
2475 1309 2554 1375 τῷ
2595 1307 2714 1374 Θεῷ
2743 1305 2840 1361 καὶ
2884 1303 3066 1372 Πατρὶ
3087 1344 3102 1370 ,
3145 1301 3290 1355 ὅταν
3345 1298 3691 1368 καταργήσῃ

2125 1406 2330 1462 πᾶσαν
2361 1404 2558 1474 ἀρχὴν
2591 1404 2686 1456 καὶ
2719 1400 2922 1455 πᾶσαν
2948 1396 3239 1463 ἐξουσίαν
3276 1395 3372 1448 καὶ
3413 1393 3686 1462 δύναμιν.

2126 1500 2223 1554 Δεῖ
2247 1499 2358 1568 γὰρ
2397 1497 2582 1552 αὐτὸν
2634 1494 3002 1555 βασιλεύειν,
3041 1490 3213 1559 ἄχρις
3239 1483 3311 1543 οὗ
3343 1486 3416 1555 θῇ
3462 1485 3692 1550 πάντας

2124 1591 2266 1655 τοὺς
2305 1588 2553 1657 ἐχθροὺς
2583 1586 2703 1641 ὑπὸ
2749 1583 2891 1649 τοὺς
2927 1579 3117 1646 πόδας
3163 1577 3368 1634 αὐτοῦ.
3399 1579 3694 1644 Ἐσχατος

463 1719 682 1779 saeculo,
716 1716 772 1769 in
807 1715 950 1768 bono
980 1705 1290 1779 hujusmodi
1321 1699 1619 1757 certamine
1649 1675 1916 1758 vicerunt,
1943 1691 2027 1744 in-

2139 1682 2334 1752 ixdpdc
2365 1677 2734 1748 καταργεῖται
2762 1678 2795 1729 ὀ
2832 1673 3105 1740 θάνατος.
3151 1671 3247 1733 Εἰς
3286 1671 3462 1722 ἐκεῖνο
3489 1667 3596 1738 γὰρ
3631 1667 3693 1719 τὸ

462 1816 774 1878 corruptam
826 1805 992 1857 vitam
1039 1801 1462 1866 consequentur.
1507 1789 1663 1855 Quod
1711 1785 1812 1842 sub
1861 1783 2020 1836 ﬁnem

464 1877 702 1971 praesens
724 1897 963 1968 psalmus
989 1891 1227 1946 declarat
1251 1886 1334 1939 his
1363 1882 1540 1937 verbis
1565 1900 1578 1935 :
1607 1878 1674 1933 Et
1704 1877 1880 1930 omnia
1907 1887 2024 1925 cor-

469 2237 721 2323 tabuntur
753 2276 952 2317 cornua
974 2256 1129 2327 justi,
1161 2260 1322 2322 atque
1345 2250 1448 2317 hoc
1475 2241 1758 2318 prmsentis
1798 2237 2032 2308 prophe-

468 2362 558 2416 tiae
581 2356 1033 2426 complementum
1066 2354 1170 2404 est.
1207 2344 1386 2410 Quare
1422 2349 1478 2394 et
1508 2336 1749 2408 psalmus
1776 2338 1830 2385 et
1860 2327 2034 2383 canti-

469 2465 595 2506 cum
645 2444 806 2502 simul
857 2443 1236 2506 nuncupatur;
1286 2448 1352 2489 ex
1390 2441 1622 2500 persona
1650 2431 1830 2478 autem
1861 2420 2036 2488 justo-

471 2554 593 2595 rum
623 2537 835 2592 initium
883 2531 1034 2587 ducit
1065 2529 1254 2582 dicens
1287 2541 1300 2577 :
1334 2517 1708 2589 Conﬁtebimur
1743 2508 2034 2574 tibi,Deus,

471 2626 832 2698 conﬁtebimur
855 2623 969 2684 tibi,
996 2628 1045 2674 et
1075 2613 1426 2671 invocabimus
1472 2623 1658 2662 nomen
1711 2614 1875 2658 tuum.
1900 2599 2038 2669 Ipsis

471 2735 706 2788 namque
763 2715 895 2771 solis
949 2708 1202 2765 convenit
1252 2701 1525 2759 confessio
1569 2712 1693 2752 cum
1745 2693 2039 2765 gratiarum

473 2777 710 2871 actione,
736 2819 842 2875 qua
877 2801 1132 2856 Servatur
1179 2795 1235 2849 in
1265 2788 1574 2858 Evangeliis
1626 2783 1772 2838 Patri
1817 2777 2042 2834 conﬁte-

471 2903 634 2957 batur
667 2869 896 2953 dicens:
930 2889 1198 2960 Conﬁteor
1233 2885 1350 2946 tibi,
1382 2881 1564 2942 Pater,
1596 2874 1816 2929 Domine
1849 2869 1964 2924 caeli
1995 2875 2044 2922 et

476 3004 631 3048 terra:
645 2991 710 3044 ⁸⁸,
747 2986 931 3040 Primo
978 2990 1158 3036 autem
1191 2975 1540 3034 conﬁtentur,
1571 2966 1764 3023 deinde
1792 2964 2046 3018 invocant

2126 1774 2277 1836 τέλος
2295 1775 2342 1826 οἱ
2379 1769 2521 1824 κατὰ
2561 1768 2652 1822 τὸν
2680 1765 2948 1821 ἐνεστῶτα
2979 1763 3150 1818 αἰῶνα
3174 1762 3266 1815 τὸν
3308 1760 3471 1814 καλὸν
3508 1759 3693 1827 ἀγῶνα

2129 1863 2468 1936 νενικηκότες
2518 1861 2615 1932 τῆς
2672 1858 2948 1930 ἀφθάρτου
2998 1854 3145 1925 ζωῆς
3194 1851 3503 1916 τεύξονται’
3556 1851 3584 1903 ὃ
3632 1850 3699 1920 δὴ

2134 2133 2496 2196 συνθλάσω,
2535 2129 2636 2184 καὶ
2679 2125 3059 2197 ὑψωθήσεται
3101 2123 3173 2177 τὰ
3221 2122 3435 2191 κέρατα
3460 2120 3564 2174 τοῦ
3611 2118 3698 2172 δι-

2137 2226 2330 2281 καίου.
2355 2222 2664 2294 Συμφὼνως
2687 2220 2794 2289 γὰρ
2816 2217 2894 2289 τῷ
2931 2214 3232 2285 ’Ᾱποστόλῳ
3255 2214 3284 2266 6
3313 2211 3501 2283 παρὼν
3545 2210 3700 2278 λόγος

2140 2311 2534 2386 κλασθήσεσθαι
2562 2308 2630 2362 τὰ
2650 2307 2857 2379 κέρατα
2877 2303 3064 2368 εἰπὼν,
3087 2302 3328 2372 ἐπήγαγε
3347 2298 3427 2360 τὸ,
3444 2295 3699 2365 Ὑψωθή-

2139 2422 2308 2463 σεται
2333 2404 2408 2458 τὰ
2428 2400 2644 2470 κέρατα
2667 2397 2773 2452 τοῦ
2797 2395 3056 2449 δικαίου·
3097 2393 3190 2446 καὶ
3214 2389 3356 2444 τοῦτ’
3387 2387 3496 2442 ἐστι
3523 2386 3582 2439 τὸ
3602 2386 3700 2455 τῆς

2142 2494 2421 2569 παρούσης
2448 2487 2782 2562 προφητείας
2818 2484 3207 2556 συμπέρασμα.
3237 2481 3329 2534 Διὸ
3361 2481 3455 2532 καὶ
3489 2475 3702 2547 ψαλμὸς

2143 2567 2237 2644 και
2418 2583 2561 2638 κατὰ
2591 2581 2652 2634 τὸ
2689 2580 2819 2633 αὐτὸ
2856 2577 3165 2648 ὠνόμασται
3187 2591 3199 2606 ·
3231 2575 3295 2626 ὲκ
3326 2568 3614 2645 προσώπου
3645 2567 3702 2620 δὲ

2143 2681 2250 2734 τῶν
2281 2678 2503 2734 δικαίων
2529 2676 2627 2747 τὴν
2662 2670 2938 2744 καταρχὴν
2963 2672 3190 2723 ποιεῖται
3223 2665 3417 2721 εἰπών’
3461 2664 3702 2732 Ἐξομο-

2146 2765 2522 2841 λογοησόμεθά
2547 2781 2664 2828 σοι,
2698 2767 2730 2818 ό
2775 2763 2939 2829 Θεὸς,
2988 2753 3546 2829 ὲξομολογησόμεθά
3579 2769 3701 2819 σοι,

2148 2860 2245 2915 καὶ
2286 2858 2758 2925 ἐπικαλεσόμεθα
2812 2852 2878 2907 τὸ
2926 2851 3114 2920 ὄνομά
3166 2847 3301 2904 σου.
3351 2848 3547 2908 Μόνοις
3594 2846 3705 2914 γὰρ

2149 2953 2328 3014 αὐτοῖς
2355 2949 2551 3024 πρέπει
2577 2949 2609 3019 ἡ
2641 2945 3052 3018 εὐχαριστήριος
3074 2940 3472 3013 ἐξομολόγησις,
3497 2935 3598 2991 καθ
3637 2937 3706 3007 ἣν

476 3027 629 3048 mm
697 3031 710 3044 .
747 3027 930 3040 ...μω
978 3027 1158 3036 μη---
1529 3027 1539 3034 _

474 3097 677 3140 nomen
708 3080 848 3148 ejus,
881 3089 988 3144 qua
1021 3069 1366 3144 invocatione
1393 3065 1623 3120 salutem
1654 3075 1683 3112 a
1713 3057 1825 3110 Deo
1853 3069 2039 3109 conse-

2152 3045 2244 3097 καὶ
2272 3044 2302 3096 6
2327 3041 2516 3112 Σωτὴρ
2547 3038 2937 3109 ἐξωμολογεῖτο
2960 3036 3017 3089 ὲν
3042 3031 3396 3102 Εὐαγγελίοις
3435 3029 3569 3100 πρὸς
3611 3027 3705 3081 τὸν

2149 3135 2194 3148 η
2280 3133 2290 3148 ο
2482 3131 2493 3148 ι
2518 3147 2537 3148 κ
2607 3147 2611 3148 ,
2643 3147 2647 3148 ,
2674 3145 2686 3148 _
2774 3125 2984 3148 snr__-_
3004 3122 3275 3148 1----.‘1....J
3329 3135 3423 3148 ιη...
3500 3117 3683 3148 Πλοοη

473 3179 736 3247 queritur,
766 3176 828 3222 ut
857 3166 962 3221 fert
991 3164 1194 3218 dictum
1227 3155 1357 3212 illud
1386 3175 1400 3209 :
1429 3153 1497 3208 Et
1530 3151 1698 3206 omnis
1749 3148 2041 3219 quicunque

473 3263 790 3320 invocaverit
824 3273 1007 3314 nomen
1040 3251 1276 3314 Domini,
1300 3248 1476 3304 salvus
1509 3245 1606 3299 erit
1629 3241 1696 3295 ⁸³.
1715 3239 1900 3295 Potest
1920 3238 2048 3292 item

477 3359 567 3413 hic
602 3368 783 3411 sermo
840 3349 908 3404 ad
962 3343 1363 3402 confessionem
1397 3337 1682 3393 instituere
1712 3347 1827 3395 eos,
1854 3329 1946 3400 qui
1993 3327 2049 3382 in

481 3445 804 3521 praecedenti
851 3441 1065 3497 ruinam
1119 3432 1599 3503 Jerosolymorum,
1627 3433 1682 3480 et
1723 3429 2051 3494 postremam

479 3509 601 3612 ejus
647 3535 985 3593 obsidionem
1033 3526 1466 3596 deploraverunt.
1499 3517 1632 3572 Nam
1676 3517 1768 3584 qui
1800 3509 2050 3581 superius

481 3602 733 3689 dixerant
783 3645 796 3682 :
846 3617 1060 3693 thuid,
1095 3616 1258 3681 Deus,
1294 3610 1532 3682 reputisti
1564 3610 1618 3661 in
1650 3607 1828 3677 ﬁnem,
1879 3602 2049 3655 iratus

483 3733 562 3781 est
619 3722 769 3792 furor
804 3727 920 3770 tuus
945 3727 1099 3782 super
1132 3725 1246 3762 oves
1275 3720 1485 3775 pascute
1518 3711 1621 3755 tua:
1638 3699 1708 3752 “?
1737 3705 1791 3752 et
1812 3701 2005 3750 caetera
2031 3709 2047 3758 ;

485 3828 636 3871 nunc
682 3812 950 3866 docentur
1004 3797 1251 3856 conﬁteri
1287 3796 1419 3859 Deo,
1451 3801 1506 3850 et
1546 3792 1801 3845 invocare
1852 3797 2052 3839 nomen

485 3907 627 3978 ejus.
663 3902 801 3968 Quia
848 3912 963 3965 gero
991 3891 1187 3960 duplex
1213 3885 1579 3942 confessionis
1603 3881 1798 3937 modus
1827 3883 1932 3942 est,
1963 3887 2055 3928 ne-

487 3965 732 4054 c'essario
778 3992 866 4046 hic
920 3989 1006 4043 bis
1037 3986 1259 4056 {dicitur
1301 3981 1435 4036 illud
1467 3999 1481 4034 ε
1509 3973 1890 4044 Conﬁtebimur
1934 3965 2047 4020 tibi.

485 4091 591 4145 Per
623 4087 856 4157 primum
882 4083 1101 4152 quippe,
1134 4083 1189 4132 ut
1220 4089 1318 4145 par
1362 4078 1466 4137 est,
1501 4063 1777 4122 confessio
1801 4074 1898 4130 pro
1925 4072 2051 4128 pec-

486 4181 628 4236 catis
660 4175 1024 4248 signiﬁcatur;
1056 4184 1149 4237 per
1183 4163 1481 4222 secundum
1509 4173 1639 4214 vero
1683 4156 1721 4210 ii
1765 4153 1856 4224 qui
1900 4149 2051 4221 prius

486 4271 908 4329 conﬁtebantur,
950 4279 1047 4335 pro
1077 4260 1236 4317 bonis
1271 4254 1507 4325 acceptis
1537 4250 1836 4323 gratiarum
1883 4241 2052 4296 actio-

489 4381 612 4420 nem
638 4362 910 4420 emittunt.

485 4460 720 4530 τρόπος,
771 4451 1079 4522 ἀναγκαίως
1121 4445 1371 4516 δεύτερον
1417 4441 1628 4513 εἴρηται
1673 4435 1765 4490 ἐπὶ

487 4505 760 4619 εἷκὸς,’ὲφ’
776 4505 1076 4618 discipula;
1087 4542 1186 4610 τὴν
1219 4505 1597 4609 ἐξομολόγησιν
1635 4528 1936 4601 δηλοῦντος,
1963 4519 2056 4575 τοῦ
2080 4517 2123 4570 δ’
2155 4513 2277 4582 ἑξῆς
2301 4508 2398 4579 τὴν
2424 4505 2506 4574 ἐφ’

491 4641 848 4712 λογησάμενοι
881 4633 1246 4705 εὐχαριστίαν.

562 4761 728 4816 Vens.
761 4761 814 4822 3,
837 4757 890 4813 4.
935 4754 1179 4809 Narrabo
1202 4751 1470 4808 mirabilia
1505 4759 1616 4813 tua,
1651 4761 1770 4801 cum
1802 4751 2041 4804 accepero
2073 4733 2118 4791 D

496 4865 717 4922 tempus,
749 4867 840 4920 ego
889 4846 1226 4902 rectitudines
1245 4845 1520 4913 judicabo.
1550 4839 1723 4893 Hasce
1757 4833 1849 4887 Dei
1889 4842 2052 4884 voces

496 4921 638 5010 esse,
681 4943 948 4998 dictorum
1000 4936 1267 4994 sententia
1309 4934 1590 4990 declarat:
1625 4924 1757 4981 illud
1805 4921 2002 4992 quippe
2036 4937 2049 4970 :

499 5038 611 5110 Ego
632 5033 961 5091 rectitudines
978 5030 1259 5101 judicaba;
1286 5044 1346 5083 ac
1369 5037 1589 5081 rursum
1613 5017 1745 5074 illud
1769 5036 1783 5072 :
1809 5015 1918 5085 Ego
1938 5029 2054 5067 con-

497 5108 703 5204 ﬁrmavi
724 5127 992 5182 columnas
1007 5124 1140 5194 ejus,
1158 5120 1411 5177 videlicet
1432 5128 1586 5172 terrm
1604 5131 1618 5179 ;
1643 5120 1804 5180 atque
1822 5108 1924 5164 sub
1941 5108 2054 5160 haec

496 5223 651 5282 illud,
679 5217 748 5272 Et
775 5217 950 5270 omnia
965 5229 1163 5268 cornua
1177 5217 1504 5280 peccatorum
1520 5204 1864 5272 confringam.
1893 5212 2052 5270 quem

497 5310 678 5367 dicere
712 5308 1016 5370 conveniat,
1051 5302 1156 5358 nisi
1179 5299 1388 5356 Deum?
1420 5296 1479 5351 Si
1521 5296 1702 5366 itaque
1732 5309 1798 5350 ex
1825 5303 2054 5362 persona

500 5403 594 5459 Dei
647 5402 762 5457 hmo
808 5399 1084 5458 dicantur,
1113 5409 1212 5449 cur
1261 5393 1400 5446 alius
1451 5389 1544 5460 qui
1594 5388 1761 5444 Deum
1808 5393 2052 5448 noverat,

499 5493 674 5564 ipsum
707 5490 862 5562 quasi
891 5486 1216 5556 compellare
1264 5484 1344 5538 sic
1394 5482 1644 5537 videtur:
1671 5476 1920 5532 Narrabo
1954 5476 2054 5529 ηιξ-
2084 5467 2098 5510 ι’

2149 3133 2369 3204 Πατέρα
2427 3131 2649 3200 φάσκων
2673 3145 2687 3159 ’
2774 3122 3275 3195 Ἐξομολογοῦμαί
3327 3135 3459 3184 σοι,
3492 3117 3704 3184 Πάτερ,

2146 3228 2321 3296 Κύριε
2348 3223 2452 3278 τοῦ
2481 3219 2739 3290 οὐρανοῦ
2765 3217 2862 3272 καὶ
2885 3216 2994 3285 τῆς
3025 3214 3156 3285 γῆς.
3186 3212 3406 3285 Πρῶτον
3432 3211 3488 3264 δὲ
3514 3211 3704 3280 ἐξομο-

2146 3317 2424 3386 λογοῦνται
2447 3355 2462 3377 ,
2491 3308 2608 3366 εἶτα
2655 3306 3034 3364 ἐπικαλοῦνται
3071 3306 3133 3359 τὸ
3165 3305 3332 3374 δνομα
3389 3300 3585 3363 αὐτοῦ,
3619 3299 3709 3353 διὰ

2146 3411 2245 3482 τῆς
2282 3407 2491 3482 τοιᾶσδε
2540 3402 2877 3473 ἐπικλήσεως
2930 3397 3081 3470 παρὰ
3125 3395 3203 3467 τῷ
3245 3393 3363 3464 Θεῷ
3397 3391 3708 3461 τευξόμενοι

2151 3479 2448 3570 σωτηρίαξ,
2480 3497 2620 3550 κατὰ
2644 3493 2704 3546 τὸ
2735 3491 2940 3562 φάσκον
2980 3489 3156 3558 λόγιον
3177 3503 3191 3519 ο
3236 3485 3345 3540 Καὶ
3398 3481 3513 3550 πᾶς
3537 3482 3607 3547 ὃς
3630 3481 3710 3534 ἂν

2147 3589 2570 3656 ἐπικαλέσηται
2593 3585 2659 3640 τὸ
2682 3584 2867 3654 ὄνομα
2896 3581 3138 3650 Κυρίου,
3164 3577 3510 3643 σωθήσεται.
3531 3572 3703 3625 Δύνα-

2147 3699 2236 3735 ται
2267 3679 2324 3732 δὲ
2347 3681 2376 3732 6
2396 3677 2549 3746 λόγος
2577 3671 2948 3736 διδασκαλικὸς
2979 3667 3115 3724 εἶναι
3147 3666 3568 3739 ὲξομολογήσεως
3589 3661 3705 3714 τῶν
3731 3683 3735 3688 ε

2149 3771 2206 3822 ὲν
2237 3767 2312 3839 τῷ
2358 3765 2464 3838 πρὸ
2493 3763 2681 3818 τούτου
2716 3757 3209 3829 ἀποκλαυσαμένων
3233 3755 3331 3825 τὴν
3377 3751 3576 3804 πτῶσιν
3601 3746 3708 3821 τῆς

2159 3859 2509 3934 Ἰερουσαλὴμ
2533 3857 2628 3910 καὶ
2667 3855 2764 3926 τὴν
2803 3852 3035 3924 ἐσχάτην
3068 3849 3236 3920 αὐτῆς
3282 3844 3612 3916 πολιορκίαν.
3642 3844 3710 3896 Οἱ

2149 3958 2256 4026 γὰρ
2286 3951 2562 4025 εἰρηκότες
2617 3950 2674 4001 ὲν
2713 3947 2826 4009 τοῖς
2869 3941 3196 4015 ἔμπροσθεν,
3242 3937 3434 4002 Ἰνατί,
3471 3937 3502 3990 ὁ
3543 3934 3709 4001 Θεὸς,

2149 4046 2365 4102 ἀπώσω
2396 4045 2482 4108 είς
2504 4040 2694 4105 τέλος,
2725 4037 2982 4106 ὠργίσθη
3013 4037 3046 4088 ό
3078 4034 3262 4102 θυμός
3295 4047 3410 4084 σου
3439 4028 3538 4082 ἐπὶ
3564 4029 3710 4095 πρό-

2151 4141 2295 4193 ὄατιι
2324 4133 2515 4204 νομῆς
2543 4147 2658 4186 σου
2681 4146 2699 4193 ;
2726 4128 2822 4182 καὶ
2848 4127 2916 4180 τὰ
2943 4125 3090 4196 ἑξῆς,
3110 4123 3445 4177 διδάσκονται
3473 4118 3570 4172 νῦν
3597 4117 3713 4185 ἐξο-

2154 4224 2490 4302 μολογεῖσθαι
2541 4221 2620 4293 τῷ
2677 4219 2795 4291 Θεῷ
2852 4219 2946 4273 καὶ
3004 4212 3374 4270 ἐπικαλεῖσθαι
3429 4211 3490 4265 τὸ
3540 4210 3714 4280 ὄνομα

2152 4319 2333 4376 αὑτοῦ.
2377 4314 2592 4386 Ἐπειδὴ
2641 4312 2814 4374 διττός
2869 4311 3014 4363 ἐστιν
3057 4309 3086 4361 6
3135 4306 3234 4376 τῆς
3280 4302 3712 4376 ὲξομολογήσεως

1805 4431 1898 4486 τοῦ
1938 4424 2200 4497 παρόντος
2228 4417 2309 4478 τὸ,
2359 4404 2939 4479 Ἐξομολογησόμεθά
2965 4419 3089 4458 σοι·
3127 4400 3220 4455 τοῦ
3249 4402 3344 4472 μὲν
3364 4397 3601 4471 πρώτου,
3637 4396 3714 4459 ὡς

2531 4498 2612 4566 οἷς
2651 4496 2710 4554 εῦ
2739 4498 3066 4553 πεπόνθασιν
3093 4495 3142 4548 οἱ
3175 4494 3235 4547 τὸ
3272 4490 3484 4564 πρῶτον
3523 4487 3713 4559 ἐξομο-

2216 4720 2576 4791 Διηγήσομαι
2626 4714 2699 4768 τὰ
2741 4706 3040 4780 θαυμάσια
3089 4719 3204 4759 σου
3225 4742 3240 4766 ,
3291 4701 3434 4754 ὅταν
3478 4697 3713 4752 ἐκλάϐω

2153 4782 2389 4884 καιρόν,
2594 4803 2921 4867 εὐθύτητας
2955 4792 3151 4864 κρινῶ.
3184 4789 3317 4844 Θεοῦ
3358 4789 3538 4859 φωνὰς
3571 4782 3711 4840 εἶναι

2151 4907 2248 4970 τὰς
2277 4897 2642 4975 προκειμένας
2678 4896 2707 4948 6
2748 4891 2870 4954 νοῦς
2904 4888 3012 4942 τῶν
3048 4884 3351 4955 λεγομένων
3391 4880 3708 4951 παρίστησι.

2153 4999 2227 5051 Τὸ
2257 4971 2385 5064 γὰρ,
2419 4989 2564 5058 Ἐγὼ
2587 4985 2910 5048 εὐθύτητας
2933 4977 3132 5047 κρινῶ,
3153 4978 3247 5030 καὶ
3277 4975 3436 5029 πάλιν
3462 4973 3542 5034 τὸ,
3572 4971 3714 5040 Ἐγὼ

2152 5061 2487 5154 ἐστερέωσα
2526 5078 2665 5144 τοὺς
2697 5075 2960 5137 στύλους
2995 5068 3202 5139 αὐτῆς,
3239 5066 3393 5137 δῆλον
3429 5063 3471 5116 δ’
3499 5063 3584 5115 ὃτι
3614 5061 3714 5130 τῆς

2153 5151 2301 5249 γῆς,
2337 5174 2432 5228 καὶ
2486 5171 2612 5240 ἑξῆς
2661 5166 2759 5229 τὸ,
2813 5162 2920 5218 Καὶ
2970 5159 3165 5214 πάντα
3212 5159 3282 5212 τὰ
3332 5155 3546 5224 κέρατα
3597 5151 3717 5206 τῶν

2153 5241 2513 5339 ἀμαρτωλῶν
2552 5255 2907 5330 συγκλάσω,
2957 5252 3062 5306 τίνι
3110 5251 3176 5305 ἂν
3215 5246 3441 5320 ἁρμόζοι
3468 5244 3649 5312 λέγειν
3676 5241 3714 5313 ἢ

2152 5334 2304 5432 Θεῷξ
2339 5359 2401 5410 Εἰ
2429 5356 2606 5409 τοίνυν
2640 5352 2705 5404 ὲκ
2737 5344 3027 5421 προσώπου
3063 5341 3156 5397 τοῦ
3191 5340 3325 5395 Θεοῦ
3351 5339 3522 5391 ταῦτα
3561 5334 3716 5402 λέγε-

2152 5426 2259 5519 ται,
2290 5450 2404 5513 πῶς
2429 5449 2614 5518 ἕτερος
2644 5441 2797 5505 εἰδὼς
2819 5439 2970 5500 Θεὸν,
2991 5437 3064 5500 Co;
3094 5436 3230 5501 πρὸς
3260 5431 3420 5487 αὑτὸν
3443 5426 3720 5497 ἀναφωνεῖ

566 5651 610 5684 ³⁸
649 5648 668 5704 l
700 5649 823 5706 Cor.
861 5663 952 5714 xv,
985 5644 1173 5703 τιστις.
1250 5643 1294 5676 ³⁸
1332 5637 1520 5696 Matth.
1555 5655 1642 5706 XI,
1677 5635 1765 5693 25.
1841 5634 1886 5668 ³³
1921 5631 2037 5691 Jocl

2139 5678 2140 5686 η
2173 5629 2274 5696 32;
2314 5626 2434 5683 Act.
2461 5639 2520 5691 ιι,
2549 5621 2611 5678 2|
2638 5639 2652 5690 ;
2679 5619 2837 5676 Rom.
2867 5631 2922 5677 ι,
2959 5613 3048 5672 l5.
3121 5611 3168 5646 ἰ
3204 5609 3348 5666 Psal.
3383 5620 3588 5674 num,
3627 5605 3679 5659 l.
