4014 6206
276 258 384 314 869

1400 253 1902 314 COMMENTANA
1939 254 2008 313 IN
2045 255 2385 312 PSALHOS.

3395 251 3501 348 8:10

271 378 482 446 λέγων·
518 375 883 446 Διηγήσομαι
912 377 984 432 τὰ
1025 377 1326 447 θαυμάσιά
1360 393 1476 431 σου
1505 375 1651 430 ὅταν
1685 374 1818 429 λάϐι

1917 373 2138 429 ηταὸίίία
2169 384 2283 439 ιιια,
2323 391 2441 428 cum
2482 389 2723 444 accepero
2765 383 2986 444 tempus,
3019 389 3081 430 ac
3116 373 3320 429 infert:
3357 373 3498 440 Quo-

268 469 504 539 καιρὸν,
539 469 633 523 καὶ
661 470 934 542 ἐπιφέρεισ
955 471 1082 523 Ὀτι
1104 474 1136 523 ό
1171 470 1312 536 Θεὸς
1337 468 1542 538 κριτής
1568 469 1718 522 ἐστι·
1754 486 1818 521 κα

1932 467 2077 520 niam
2112 467 2252 521 Deus
2294 468 2462 536 judex
2506 477 2618 530 est;
2671 483 2734 523 ac
2777 484 2995 524 rursum
3025 488 3037 523 :
3065 469 3204 535 Quia
3253 469 3395 522 calix
3443 470 3500 524 in

267 562 461 624 πάλιν,
489 561 611 614 ’Ότι
639 561 926 629 ποτήριον
944 562 1016 615 ἐν
1041 563 1190 632 χειρὶ
1217 563 1440 629 Κυρίου
1469 561 1638 615 οίνου
1665 560 1844 630 ἀκρά-

265 669 409 717 του;
439 652 564 716 Πῶς
584 652 642 705 δὲ
673 651 810 723 πρὸς
840 652 1049 718 τούτοις
1072 655 1274 708 ἅπασιν
1296 653 1535 722 ἐπιλέγει
1553 669 1567 683 ο
1606 652 1752 722 Ἐγὼ
1776 651 1845 705 δέ

261 744 582 814 ἀναγγελῶ
623 745 710 812 εις
750 745 857 799 τὸν
883 746 1086 813 αἰῶνα,
1117 747 1295 816 ψαλῶ
1340 747 1421 814 τῷ
1462 747 1583 814 Θεῷ
1624 745 1838 812 Ἰακώϐ,

262 837 368 890 καὶ
392 835 588 890 πάντα
609 838 681 890 τὰ
704 836 924 905 κέρατα
947 838 1062 892 τῶν
1091 840 1456 910 ἁμαρτωλῶν
1481 839 1809 910 συγκλάσω
1821 854 1842 902 ;

261 929 410 999 Ὅρα
444 925 622 980 τοίνυν
651 929 700 980 εί
726 928 800 999 μὴ
845 929 932 983 διὰ
955 930 1158 984 τούτων
1179 933 1207 986 ὁ
1233 931 1521 1003 μονογενὴς
1563 931 1656 983 τοῦ
1706 929 1839 984 Θεοῦ

259 1020 436 1087 Λόγος
458 1019 558 1081 τὰς
575 1020 784 1083 οίκείας
812 1021 1094 1092 ἐνεργείας
1116 1022 1356 1076 διδάσκει
1383 1023 1484 1094 τὴν
1508 1021 1602 1075 τοῦ
1628 1022 1839 1094 Πατρὸς

257 1108 474 1176 διεξιὼν
498 1110 792 1180 θεολογίαν.
836 1115 973 1184 Φησὶ
995 1114 1125 1184 γοῦν
1147 1133 1160 1146 ·
1202 1115 1564 1186 Διηγήσομαι
1595 1115 1668 1170 τὰ
1699 1117 1838 1170 θαυ-

257 1200 452 1269 μάσιά
503 1217 620 1256 σου
661 1202 807 1257 ὅταν
836 1204 998 1259 λάϐω
1041 1209 1269 1275 καιρόν.
1329 1209 1388 1261 '0
1439 1207 1538 1278 μὲν
1586 1207 1834 1273 Ἀκύλας,

261 1290 444 1344 Ὅταν
464 1291 627 1346 λάϐω
650 1294 955 1365 συνταγάς
972 1313 985 1326 ’
1020 1299 1049 1350 ὁ
1074 1297 1130 1350 δὲ
1150 1298 1460 1368 Σύμμαχος,
1480 1299 1656 1352 Ὅταν
1675 1294 1837 1352 λάϐω

257 1383 378 1452 τὴν
408 1385 788 1456 συναγωγήν.
827 1389 936 1442 Καί
965 1407 1054 1460 μοι
1087 1390 1234 1443 δοκεῖ
1254 1391 1525 1462 εὐκαίρως
1555 1389 1834 1463 εἰρηκέναι

257 1475 344 1539 τὸ,
377 1476 557 1529 Ὅταν
609 1476 771 1531 λάϐω
831 1481 1158 1550 συνταγὰς,
1206 1481 1260 1553 ἢ,
1309 1480 1421 1550 τὴν
1453 1481 1830 1553 συναγωγήν.

271 1566 698 1635 Ἐπαγγέλλεται
755 1568 864 1641 γὰρ
933 1572 1125 1642 καιροῦ
1180 1571 1476 1643 λαϐόμενος
1526 1573 1702 1628 πάντα
1764 1573 1833 1626 τὰ

1933 574 2092 612 manu
2127 558 2337 613 Domini
2371 559 2476 613 viui
2509 560 2680 614 meri?
2720 559 2832 615 Cur
2858 559 2943 616 his
2971 560 3226 614 omnibus
3271 559 3498 630 subjun-

1929 651 2008 721 git
2034 670 2046 705 :
2074 650 2182 722 Ego
2211 660 2383 704 autem
2410 652 2731 705 annuntiabo
2762 653 2816 706 in
2848 653 3120 715 srrculum,
3142 651 3364 705 cantabo
3387 650 3496 707 Deo

1927 739 2118 806 Jacob,
2179 753 2229 798 et
2277 745 2457 798 omnia
2508 760 2706 798 cornua
2749 756 3077 812 peccatorum
3125 744 3495 815 confringant?

1927 835 2313 890 Animadverte
2339 836 2504 906 igitur
2539 854 2666 892 num
2703 839 2789 893 his
2817 839 2996 893 verbis
3030 839 3366 908 unigenitum
3396 835 3493 892 Dei

1927 923 2185 988 Verbum,
2210 942 2329 997 qua:
2359 929 2424 983 ad
2454 928 2632 985 Patris
2661 929 2915 985 deitatem
2939 937 3182 999 spectant
3205 944 3492 992 enarrans,

1927 1033 2026 1074 sua
2060 1033 2227 1089 opera
2263 1021 2527 1075 enuntiet.
2569 1020 2659 1074 Ait
2687 1022 2866 1092 itaque
2894 1041 2906 1076 :
2937 1021 3185 1076 Narrabo
3221 1022 3491 1074 mirabilia

1927 1119 2017 1164 tua
2055 1128 2172 1165 cum
2205 1129 2446 1181 accepero
2488 1125 2707 1181 tempus.
2739 1114 2931 1184 Aquila
2978 1129 3107 1169 vero
3153 1114 3233 1170 sic
3279 1115 3489 1169 habet:

1927 1199 2061 1255 Cum
2108 1219 2352 1272 accepero
2397 1212 2597 1271 tempus
2649 1212 2936 1268 statutum;
2983 1201 3340 1274 Symmachus
3393 1219 3490 1257 au-

1925 1296 2080 1346 tem:
2113 1289 2245 1346 Cum
2298 1309 2541 1361 accepero
2589 1309 2927 1365 synagogam.
2963 1292 3296 1363 Videturque
3355 1294 3488 1349 mihi

1923 1378 2038 1435 haec
2083 1389 2385 1452 Opportune
2432 1382 2575 1437 dicta
2621 1400 2742 1439 esse
2783 1404 2794 1439 :
2832 1383 2963 1440 Cum
3015 1388 3489 1454 accepero'tempus

1923 1481 2202 1537 statutum,
2244 1476 2352 1540 vel,
2401 1493 2739 1548 synagogam.
2792 1476 3086 1532 Pollicetur
3113 1477 3314 1548 quippe
3345 1491 3404 1533 se
3432 1478 3488 1534 in

1923 1569 2169 1635 tempore
2213 1575 2519 1636 opportuno
2565 1571 2746 1624 omnia
2794 1567 2974 1624 Patris
3033 1570 3087 1623 in
3134 1568 3375 1624 Ecclesia
3421 1584 3487 1624 ex

258 1655 542 1726 θαυμάσια
570 1658 664 1712 τοῦ
691 1659 902 1732 Πατρὸς
923 1661 1280 1734 διηγήσασθαι
1317 1665 1411 1716 ἐπὶ
1438 1664 1539 1734 τῆς
1567 1665 1627 1730 ἐξ
1661 1665 1818 1720 ἐθνῶν

1928 1653 2180 1722 gentibus
2214 1665 2364 1725 gesta
2409 1657 2677 1712 mirabilia
2707 1668 3078 1725 narraturum,
3108 1675 3270 1732 quam
3302 1659 3482 1715 Eccle-

271 1749 596 1821 Ἐκκλησίας
621 1792 635 1816 ,
675 1754 740 1822 ἣν
789 1753 952 1817 αὐτὸς
993 1755 1021 1806 ὁ
1054 1755 1239 1827 Πατὴρ
1267 1758 1627 1828 ἐπηγγέλλετο
1678 1759 1825 1832 αὐτῷ

251 1843 707 1913 είπὼνσΑἵτησαι
755 1847 891 1920 παρ’
932 1848 1107 1916 ἐμοῦ,
1153 1849 1251 1903 καί
1300 1849 1472 1903 δώσω
1518 1868 1616 1906 σοι
1680 1853 1824 1922 ἔθνη

252 1933 376 2003 τὴν
401 1937 806 2006 κληρονομίαν
837 1953 972 2002 σου,
1015 1940 1115 1994 καὶ
1147 1939 1259 2009 τὴν
1301 1942 1669 2014 κατάσχεσιν
1709 1961 1824 2000 σου

252 2024 333 2079 τὰ
369 2023 589 2094 πέρατα
618 2026 729 2096 τῆς
760 2027 890 2097 γῆς.
920 2030 1085 2085 Ὅταν
1109 2027 1199 2084 οὖν
1243 2031 1411 2096 λάϐω,
1437 2036 1589 2104 φησι,
1623 2035 1826 2108 ταύτην

251 2114 358 2186 τὴν
394 2114 678 2188 συνταγὴν,
729 2118 823 2170 καὶ
849 2117 1068 2172 ἐπειδὰν
1102 2118 1248 2190 τύχω
1269 2120 1457 2174 τούτου
1495 2122 1586 2175 τοῦ
1611 2123 1823 2196 καιροῦ,

157 2220 166 2227 '
247 2206 553 2275 τηνικαῦτα
593 2209 722 2279 παρ’
759 2209 942 2272 αὐτοῖς
973 2212 1084 2274 τοῖς
1123 2210 1180 2278 ἐξ
1231 2211 1400 2266 ἐθνῶν
1444 2214 1826 2285 ἐπιστρέφουσι

246 2296 588 2368 διηγήσομαι
621 2299 798 2352 πάντα
844 2299 913 2353 τὰ
954 2300 1234 2370 Θαυμάσιά
1269 2319 1382 2357 σου.
1410 2298 1504 2368 Οἷς
1547 2304 1818 2374 ἐπιλέγει·

257 2386 413 2457 Ἐγὼ
439 2389 768 2456 εὐθύτητας
801 2390 1001 2459 κρινῶ.
1033 2392 1386 2465 Δικαιοσύνης
1405 2393 1512 2466 γὰρ
1536 2394 1630 2448 καὶ
1661 2394 1817 2449 εύθύο

244 2495 412 2549 τητος
477 2477 636 2549 ἔργον
690 2479 750 2532 τὸ
785 2481 860 2552 μὴ
902 2482 1187 2548 Ἰουδαίους
1243 2485 1434 2554 μόνους
1481 2487 1821 2558 προσίεσθαι,

245 2571 391 2643 μηδὲ
418 2571 479 2624 τὺ
497 2570 556 2637 ἐξ
588 2571 835 2644 Ἀϐραὰμ
855 2574 1008 2642 γένος
1032 2577 1172 2630 κατὰ
1188 2577 1284 2648 τὴν
1310 2577 1548 2643 Μωσέως
1601 2581 1818 2652 κλῆσιν,

241 2664 365 2719 ἀλλ’
397 2664 454 2730 ἐξ
487 2664 742 2717 ἁπάντων
778 2665 885 2719 τῶν
913 2667 1080 2721 ὲθνῶν
1127 2669 1224 2739 τὴν
1267 2669 1496 2743 ἐκλογὴν
1545 2673 1818 2728 ποιεῖσθαι

244 2757 362 2809 τῶν
390 2756 730 2827 σωζομένων.
766 2759 966 2831 Διόπερ
1014 2761 1042 2813 ὁ
1076 2762 1281 2832 Πέτρος
1310 2765 1367 2816 ὲν
1402 2767 1523 2829 ταῖς
1551 2766 1820 2838 ΠράΞεσιν

242 2846 662 2918 ἀναγέγραπται
714 2848 980 2919 εἰρηκώςο
1026 2849 1151 2904 Ἐπ’
1194 2852 1496 2922 ἀληθείας¹
1525 2852 1688 2923 οἶδα,
1734 2857 1824 2911 ὅτι

240 2943 358 2995 οὐκ
395 2940 527 2994 ἐστι
559 2939 1075 3010 προσωπολήπτης
1103 2947 1135 2997 ὀ
1167 2946 1341 3012 Θεὸς·
1373 2947 1509 3001 ἀλλ’
1538 2949 1609 3002 ἐν
1642 2951 1819 3004 παντί

1925 1743 2062 1798 siam
2095 1745 2197 1816 ipsi
2224 1747 2380 1802 Pater
2416 1749 2666 1818 promisit
2697 1750 2781 1804 his
2808 1752 2988 1806 verbis
3017 1770 3030 1806 :
3069 1751 3288 1806 Postula
3325 1769 3356 1806 a
3384 1769 3484 1817 me,

1923 1845 1972 1891 et
2005 1836 2142 1892 dabo
2176 1840 2270 1893 tibi
2301 1851 2473 1910 gentes
2505 1841 2860 1896 [nereditatem
2907 1853 3072 1909 tuam,
3107 1854 3156 1899 et
3203 1846 3470 1913 possessio

1925 1947 2039 1984 nem
2071 1941 2217 1986 tuam
2252 1934 2500 1988 terminos
2531 1943 2683 1990 terra:
2699 1937 2764 1991 ³⁸.
2801 1934 2934 1991 Cum
2967 1952 3095 2008 ergo
3127 1937 3230 1992 hoc
3274 1945 3486 2008 tempus

1924 2030 2187 2087 stantum,
2210 2023 2406 2095 inquit,
2425 2039 2702 2096 accepero,
2725 2033 2921 2082 etcum
2948 2027 3088 2081 hanc
3112 2027 3461 2098 opportunita

1923 2121 2031 2168 tem
2051 2123 2380 2171 consecutus
2397 2131 2512 2178 ero,
2539 2126 2671 2172 tunc
2687 2120 2936 2174 omnibus
2955 2119 3204 2189 gentibus
3225 2135 3345 2190 qua:
3365 2135 3486 2176 sese

1925 2209 2294 2263 converterint
2341 2208 2572 2263 narrabo
2622 2209 2801 2264 omnia
2831 2210 3101 2265 mirabilia
3135 2219 3248 2265 tua.
3275 2208 3486 2277 Quibus

1924 2297 2110 2354 subdit
2137 2317 2150 2354 :
2181 2298 2292 2370 Ego
2326 2302 2663 2356 rectitudines
2686 2302 2958 2372 judicabo.
2992 2301 3224 2359 Iustitiae
3251 2319 3487 2377 namque

1923 2396 1978 2445 et
2018 2391 2365 2449 rectitudinis
2398 2409 2536 2465 opus
2567 2403 2671 2460 est,
2698 2410 2805 2449 non
2832 2393 3048 2452 Iudaeos
3081 2397 3259 2452 solum
3289 2399 3459 2453 admit

1925 2487 2058 2543 tere.
2090 2498 2267 2554 neque
2310 2484 2601 2540 Abrahami
2655 2501 2826 2557 genus
2875 2487 3137 2542 duntaxat
3188 2488 3484 2545 secundum

1924 2571 2125 2643 Moysis
2168 2575 2506 2630 vocationem
2554 2577 2820 2646 recipere,
2853 2579 2946 2634 sed
2981 2579 3238 2634 omnibus
3267 2595 3332 2634 ex
3361 2595 3464 2651 gen

1925 2664 2071 2719 tibus
2103 2667 2494 2721 servandorum
2545 2669 2862 2724 electionem
2889 2667 3085 2724 facere.
3118 2667 3482 2736 Quamobrem

1924 2755 2117 2811 Petrus
2163 2757 2218 2812 in
2268 2758 2494 2814 Actibus
2543 2759 2748 2815 dixisse
2790 2761 3101 2815 scribitur:
3151 2760 3219 2815 In
3268 2763 3484 2820 veritate

1923 2853 2169 2920 comperi,
2213 2853 2337 2923 quia
2379 2834 2504 2909 non.
2525 2863 2602 2908 est
2641 2869 2982 2924 personarum
3031 2865 3270 2926 acceptor
3313 2857 3450 2913 Deus

1923 2943 2017 2998 sed
2044 2945 2100 2998 in
2138 2946 2280 2999 omni
2309 2955 2458 3016 gente
2494 2947 2584 3017 qui
2627 2947 2770 3001 timet
2803 2964 2919 3001 eum
2954 2958 3194 3018 acceptus
3215 2958 3293 3003 est
3319 2950 3400 3004 illi
3415 2951 3482 3006 ⁸⁸.

237 3033 403 3086 ἔθνει
435 3034 468 3085 ό
539 3001 914 3101 φοϐούμενος
952 3001 1140 3090 αύτὸν
1189 3001 1399 3105 δεκστός
1440 3001 1813 3110 ἐστιν

1921 3032 2123 3092 Paulus
2171 3001 2348 3091 autem
2385 3001 2580 3091 Iudam
2604 3036 2859 3107 primum,
2896 3001 3086 3108 postea.
3122 3039 3309 3098 (ἔναξοο
3342 3057 3454 3113 prae

239 3125 353 3180 Καὶ
384 3125 412 3176 ὁ
450 3123 660 3189 Παῦλος
681 3125 738 3178 δὲ
779 3125 1018 3198 Ἰουδαίῳ
1044 3145 1104 3180 τε
1148 3128 1364 3200 πρῶτον
1395 3133 1488 3185 καὶ
1514 3133 1734 3206 Ἕλληνι
1759 3137 1818 3190 τὺ

241 3217 576 3285 Εὗαγγέλιον
615 3217 975 3289 κηρύττεσθαί
1008 3238 1138 3291 φησι
1171 3221 1375 3291 λέγων’
1411 3225 1492 3279 Οὐ
1519 3225 1626 3295 γὰρ
1660 3228 1819 3282 ἐπαι-

239 3309 542 3378 σχύνομαι
568 3309 632 3362 τὸ
649 3310 1017 3380 Εὑαγγέλιον
1032 3329 1045 3341 ·
1065 3311 1318 3380 δύναμις
1346 3314 1453 3384 γὰρ
1477 3315 1624 3370 Θεοῦ
1645 3317 1817 3372 ἐστιν

238 3405 327 3469 εὶς
354 3402 656 3470 σωτηρίαν
683 3403 861 3456 παντί
904 3403 986 3470 τῷ
1036 3406 1413 3473 πιστεύοντι,
1457 3407 1714 3475 Ἰουδαίῳ
1749 3429 1815 3466 τε

239 3493 479 3562 πρῶτον
527 3493 626 3547 καὶ
653 3495 932 3562 Ἕλληνι.
984 3497 1343 3566 Δικαιοσύνη
1385 3499 1494 3568 γὰρ
1547 3501 1692 3557 Θεοῦ
1745 3502 1816 3556 ἐν

238 3584 404 3650 αὑτῷ
467 3585 970 3639 ἀποκαλύπτεται.
1039 3581 1134 3650 Οἷς
1206 3587 1513 3654 ἀκολούθως
1584 3591 1814 3648 ἐνταῦθα

238 3677 441 3746 φάσκει
473 3676 534 3730 τό
553 3694 566 3707 ο
610 3675 756 3746 Ἐγὼ
786 3677 1119 3746 εὐθύτητας
1159 3679 1362 3747 κρινῶ.
1405 3681 1516 3734 Εἶτ’
1547 3683 1808 3752 ἐπιλέγειο

252 3767 469 3836 Ἐτάκη
497 3769 534 3835 ἡ
560 3767 634 3838 γῆ
673 3767 773 3821 καὶ
802 3767 1022 3835 πάντες
1055 3771 1110 3823 οι
1135 3771 1554 3840 κατοικοῦντες
1585 3773 1807 3842 αὐτήν·

237 3858 356 3930 ἐγὼ
388 3860 724 3930 ἐστερέωσα
748 3861 890 3928 τοὺς
911 3862 1178 3929 στύλους
1199 3863 1406 3934 αὐτῆς.
1440 3865 1596 3920 Κατὰ
1622 3867 1678 3920 δὲ
1720 3869 1812 3922 τὸν

241 3950 560 4021 Σύμμαχον,
602 3950 1073 4017 Συσταθήσεται,
1118 3954 1302 4024 φησὶν,
1345 3956 1384 4024 ἡ
1418 3955 1492 4026 γῆ
1523 3957 1646 4012 σὺν
1687 3960 1812 4034 τοῖς

238 4045 634 4099 κατοικοῦσιν
683 4043 907 4112 αὐτήν·
941 4045 1056 4115 ἐγὼ
1098 4046 1333 4116 ἢδρασα
1361 4049 1502 4117 τοὺς
1544 4053 1810 4120 στύλους

235 4132 447 4201 αὐτῆς.
483 4130 665 4189 Ταῦτα
691 4134 748 4188 δὲ
773 4137 886 4200 τοῖς
925 4137 983 4188 ὲν
1006 4135 1085 4207 τῷ
1113 4137 1222 4208 πρὸ
1248 4137 1437 4192 τούτου
1469 4139 1810 4212 λελεγμένοις

236 4226 454 4298 εἴρηται
490 4227 811 4298 συμφώνως.
871 4230 936 4282 Ἦ
985 4227 1093 4300 γὰρ
1143 4229 1562 4302 πολιορκηθεῖσα
1611 4233 1685 4304 γῆ
1711 4235 1806 4287 καὶ

1917 3126 2209 3182 dicandum
2246 3127 2596 3199 Evangelium
2633 3145 2754 3185 esse
2802 3129 2935 3184 dicit
2977 3131 3062 3186 his
3102 3133 3280 3188 verbis
3312 3152 3326 3187 :
3359 3133 3484 3190 Non

1913 3216 2050 3269 enim
2071 3216 2316 3270 erubesco
2340 3216 2676 3288 Evangelium
2699 3236 2718 3273 :
2747 3211 2912 3275 virtus
2929 3238 3066 3275 enim
3096 3221 3190 3276 Dei
3212 3234 3289 3278 est
3316 3225 3368 3278 in
3395 3241 3463 3280 sa-

1915 3306 2077 3360 lutem
2106 3309 2249 3360 omni
2285 3310 2532 3371 credenti,
2562 3307 2750 3364 Iudaeo
2779 3313 3027 3379 primum,
3060 3322 3109 3367 et
3141 3312 3344 3370 Gra'co.
3374 3313 3480 3370 Ju-

1913 3396 2063 3450 stitia
2094 3397 2232 3450 enim
2261 3395 2358 3450 Dei
2384 3398 2437 3450 in
2467 3399 2580 3467 ipso
2615 3399 2958 3456 revelatur".
2989 3400 3197 3465 Quibus
3229 3400 3316 3455 hic
3341 3416 3477 3457 con-

1914 3495 2209 3558 sequenter
2231 3489 2431 3544 dicitur
2457 3509 2470 3544 :
2507 3488 2616 3560 Ego
2640 3489 2972 3545 rectitudines
2985 3490 3256 3562 judicabo.
3277 3490 3478 3548 Deinde

1913 3579 2136 3650 subiicit
2173 3598 2186 3634 :
2221 3579 2525 3650 Liquefacta
2557 3592 2633 3636 est
2665 3591 2806 3636 terra
2833 3598 2881 3636 et
2912 3599 3087 3637 omnes
3111 3585 3202 3654 qui
3237 3583 3476 3640 habitant

1913 3693 1946 3729 η
1984 3692 2046 3728 ea
2079 3689 2099 3729 :
2127 3690 2218 3745 ego
2266 3673 2582 3743 conﬁrmavi
2642 3672 2916 3728 columnas
2970 3673 3105 3742 ejus.
3162 3671 3474 3729 Secundum

1914 3766 2299 3839 Symmachum
2333 3781 2460 3821 vero
2489 3783 2501 3819 :
2537 3765 2920 3831 Constituetur,
2951 3765 3147 3836 inquit,
3184 3774 3324 3820 terra
3356 3782 3474 3820 cum

1909 3853 2267 3913 habitantibus
2311 3859 2366 3912 in
2412 3875 2474 3912 ea
2505 3872 2525 3911 :
2554 3874 2645 3927 ego
2671 3857 2977 3927 conﬁrmavi
3024 3856 3294 3913 columnas
3337 3859 3473 3928 ejus.

1910 3947 2036 4003 Haec
2079 3963 2242 4019 porro
2290 3947 2648 4019 praecedentis
2696 3948 2887 4018 psalmi
2929 3948 3090 4004 dictis
3115 3948 3290 4004 aliinia
3320 3957 3468 4013 sunt,

1908 4041 2080 4097 Terra
2123 4042 2392 4114 siquidem
2421 4041 2641 4098 obsessa
2674 4049 2727 4095 et
2759 4042 2870 4114 igni
2901 4042 3120 4105 tradita,
3151 4043 3218 4100 de
3251 4059 3355 4115 qua
3385 4044 3485 4099 αἱ-.

1907 4133 2130 4189 cebatur
2154 4152 2253 4189 :—
2274 4132 2440 4200 Quasi
2455 4134 2508 4186 in
2526 4133 2659 4187 silua
2679 4132 2939 4204 lignorum
2969 4134 3237 4189 securibus
3271 4137 3468 4190 excide-

1909 4235 2030 4280 runt
2047 4226 2247 4296 januas
2280 4225 2394 4295 ejus
2427 4227 2482 4279 in
2516 4225 2764 4294 idipsum,
2797 4227 2850 4280 in
2877 4227 3050 4280 securi
3081 4235 3131 4282 et
3157 4228 3303 4280 ascia
3335 4228 3448 4297 deje
3518 4238 3532 4252 '

235 4321 375 4393 πυρὶ
393 4321 776 4392 παραδοθεῖσα,
810 4321 938 4392 περὶ
959 4316 1027 4393 ἧς
1059 4320 1276 4390 ἐλέγετο
1293 4339 1379 4363 ·-
1394 4324 1484 4390 Ὡς
1509 4323 1580 4377 ἐν
1609 4324 1807 4396 δρυμῷ

1917 4325 2085 4372 terunt
2107 4334 2242 4372 eam.
2273 4315 2622 4372 Incenderunt
2668 4319 2783 4387 igne
2825 4318 3188 4372 sanctuarium
3215 4326 3381 4382 tuum,
3418 4319 3471 4372 in

235 4413 444 4478 ξύλων
472 4414 706 4482 ἀξίναις
734 4415 966 4484 ἔκοψαν
1008 4415 1116 4481 τὰς
1157 4416 1340 4484 θύρας
1369 4417 1560 4486 αὐτῆς
1589 4419 1690 4473 ἐπὶ
1739 4419 1806 4474 τὸ

233 4505 411 4567 αὐτὸ,
441 4505 512 4558 ἐν
540 4504 752 4560 πέλυκι
782 4523 858 4560 κα
904 4506 1274 4575 λαξευτηρίφ
1301 4507 1671 4578 κατέῤῥαξαν
1695 4512 1804 4566 αὐ-

236 4596 374 4661 τήν.
426 4597 788 4666 ἐνεπύρισαν
829 4598 900 4652 ἐν
935 4597 1077 4666 πυρί
1123 4598 1188 4652 τὸ
1241 4599 1629 4670 άτιαστ-ήριόν
1661 4616 1802 4666 σου,

227 4693 320 4755 είς
344 4689 461 4755 τὴν
480 4688 593 4759 γῆν
605 4689 984 4755 ἐϐεϐήλωσαν
1003 4691 1068 4744 τὸ
1079 4690 1367 4762 σκήνωμα
1383 4693 1488 4748 τοῦ
1512 4694 1802 4764 ὀνόματός

227 4796 352 4835 σου
372 4781 636 4834 ο-ταῦτα
660 4781 908 4835 παθοῦσα
935 4782 1129 4853 ἐτάκη,
1166 4784 1259 4837 καὶ
1306 4783 1505 4848 πάντες
1535 4787 1584 4838 οί
1613 4804 1798 4840 κατοι-

225 4873 457 4938 κοῦντες
483 4873 650 4944 αὐτὴν
681 4875 770 4929 διὰ
809 4874 908 4938 τὰς
936 4875 1190 4939 ἀσεϐείας
1236 4875 1414 4930 αὐτῶν
1458 4877 1680 4931 τοιαῦτα
1709 4895 1802 4931 πε-

227 4959 485 5014 πόνθασι.
518 4961 663 5032 Πλὴν
709 4961 913 5017 τούτων
940 4963 1361 5033 ἀπολλυμένων,
1409 4965 1555 5036 ἐγὼ,
1607 4967 1794 5039 φησιν,

221 5049 568 5119 ἐστερέωσα
593 5052 733 5120 τοὺς
759 5055 1026 5120 στύλους
1045 5053 1255 5121 αὐτῆς.
1276 5055 1440 5118 Τίνας
1462 5055 1506 5108 δ’
1533 5055 1599 5109 ἂν
1622 5056 1797 5121 εἴποις

221 5140 456 5204 τούτους
494 5141 526 5214 ἢ
554 5143 679 5207 τοὺς
731 5144 908 5215 ἱεροὺς
935 5143 1265 5207 ἀποστόλους
1283 5143 1377 5198 καὶ
1427 5145 1634 5211 πάντας
1669 5149 1797 5213 τοὺς

220 5231 322 5286 τοῦ
355 5233 610 5306 Σωτῆρος
644 5234 800 5306 ἡμῶν
847 5235 1094 5306 μαθητάς
1136 5253 1197 5289 τε
1242 5236 1336 5289 καὶ
1365 5235 1792 5306 εὐαγγελιστάς;

1910 4419 2050 4466 terra
2067 4411 2365 4478 polluerunt
2392 4409 2786 4464 tabernaculum
2806 4411 3028 4463 nominis
3055 4410 3132 4462 tui
3162 4409 3241 4474 ⁸⁸;
3268 4439 3338 4450 -
3357 4409 3470 4465 haec

1907 4518 2092 4574 passa,
2126 4499 2418 4572 liquefacta
2449 4511 2566 4568 est;
2601 4511 2654 4557 et
2679 4517 2786 4556 una
2813 4517 3002 4556 omnes
3029 4503 3122 4571 qui
3155 4501 3473 4558 habitabant

1905 4597 1959 4651 in
1992 4611 2055 4652 ea
2088 4597 2424 4666 impietatum
2453 4611 2676 4651 suarum
2707 4610 2875 4650 causa
2907 4595 3021 4650 haec
3053 4597 3294 4667 perpessi
3321 4605 3468 4653 sunt.

1905 4687 2170 4743 Caeterum
2215 4689 2300 4742 his
2350 4688 2724 4758 pereuntibus,
2763 4705 2878 4759 ego,
2918 4688 3117 4759 inquit,
3165 4691 3472 4759 conﬁrmavi

1903 4779 2176 4834 columnas
2221 4779 2355 4849 ejus.
2386 4777 2533 4845 Quas
2576 4794 2670 4836 eas
2714 4794 2835 4836 esse
2876 4779 3101 4843 dixeris,
3129 4781 3234 4836 nisi
3281 4796 3470 4839 sacros

1903 4871 2182 4942 apostolos
2225 4878 2280 4926 et
2326 4886 2515 4926 omnes
2550 4868 2856 4926 Servatoris
2889 4872 3062 4928 nostri
3087 4873 3386 4944 discipulos
3414 4882 3470 4931 et

1901 4963 2297 5034 evangelistas?
2349 4960 2483 5016 Nam
2527 4976 2650 5016 cum
2699 4977 2766 5016 ex
2796 4961 3006 5018 readem
3054 4971 3196 5018 terra
3235 4963 3470 5034 prodiis-

1901 5063 2044 5118 sent,
2073 5053 2340 5108 columua:
2363 5061 2417 5108 et
2451 5051 2851 5108 ﬁrmamentum
2881 5054 3136 5110 Ecclesiae
3164 5055 3290 5110 facti
3314 5064 3463 5112 sunt.

1900 5146 2246 5216 Quapropter
2301 5145 2504 5201 Paulus
2547 5147 2921 5216 apostolorum
2962 5147 3278 5219 coryphmos
3312 5149 3465 5204 colu-

1898 5253 2055 5292 mnas
2077 5237 2303 5292 vocabat
2334 5237 2523 5293 dicens
2555 5236 2822 5292 :Jacobus
2848 5247 2899 5294 et
2930 5235 3130 5309 Ccpltas
3147 5249 3197 5294 et
3210 5237 3463 5303 Joannes,

236 5320 333 5397 Ἐξ
361 5323 533 5394 αὐτῆς
554 5323 662 5396 γὰρ
695 5325 906 5396 ἐκείνης
935 5325 1290 5402 προελθόντες
1311 5324 1409 5395 τῆς
1446 5326 1568 5396 γῆς,
1611 5331 1792 5385 στῦλοι

1917 5329 1987 5398 yui
2023 5326 2260 5382 uidentur
2295 5329 2552 5383 columna
2576 5345 2687 5384 esse
2709 5329 2775 5386 ⁹⁹.

222 5416 322 5469 καὶ
381 5415 661 5487 ἑδραίωμα
717 5419 971 5487 γεγόνασι
1019 5418 1117 5490 τῆς
1166 5419 1511 5491 Ἐκκλησίας.
1553 5421 1644 5474 Διὸ
1688 5423 1782 5476 καὶ
1829 5423 2038 5487 Παῦλος
2106 5422 2231 5484 τοὺς
2304 5421 2634 5492 κορυφαίους
2701 5421 2809 5475 τῶν
2867 5419 3178 5475 ἀποστόλων
3239 5416 3464 5483 στύλους

223 5508 481 5577 ὠνόμαζε
505 5507 704 5578 λέγων’
736 5510 1000 5577 Ἰάκωϐος
1027 5511 1124 5566 καί
1150 5510 1359 5581 Κηφᾶς
1383 5511 1481 5566 καί
1509 5511 1803 5583 Ἰωάννης,
1832 5516 1887 5568 οι
1919 5515 2243 5580 δοκοῦντες
2271 5512 2482 5568 στῦλοι
2508 5509 2682 5568 εἶναι.

288 5687 332 5716 ³⁸
373 5683 517 5740 Psal.
557 5702 630 5752 ιι,
669 5686 721 5742 8.
801 5689 843 5720 “
882 5688 1000 5744 Act.
1036 5705 1102 5755 ι,
1137 5688 1224 5745 δι.
1303 5691 1346 5722 ⁸⁷
1386 5688 1542 5747 Rom.
1580 5705 1629 5757 1,
1666 5691 1751 5759 l6,
1788 5692 1810 5748 l

1949 5694 1992 5727 ³³
2029 5691 2174 5750 Psal.
2213 5707 2411 5760 tum,
2450 5693 2564 5749 5-7.
2642 5693 2685 5724 ”
2723 5689 2897 5744 Galat.
2935 5702 3006 5752 ιι,
3041 5685 3074 5740 9
