4008 6210
542 287 647 343 879

1213 286 1482 342 unseen
1509 253 1999 342 ensssmesms
2037 285 2182 343 orr.
2220 285 2398 344 PARS
2435 287 2521 346 ιιι.
2553 322 2622 332 -
2656 290 3061 350 EXEGETICA.

3658 301 3766 359 873

611 397 777 454 Vens.
805 401 860 463 5,
897 399 951 454 6.
990 399 1117 453 Dixi
1152 401 1342 471 iniquis
1370 415 1389 453 :
1422 399 1602 455 Nolite
1643 401 1817 472 inique
1848 418 2034 472 agere;
2059 409 2101 456 et

2280 400 2436 459 Εἶπα
2473 406 2596 473 τοῖς
2627 409 3062 478 παρανομοῦσι,
3093 408 3189 477 Mi;
3217 411 3635 481 παρανομεῐτε,
3666 417 3769 471 καί

537 490 952 562 delinquentibus
970 507 987 544 :
1005 493 1179 546 Nolite
1197 493 1434 548 exaltare
1458 509 1639 548 cornu.
1657 493 1952 549 Columnas
1979 495 2100 565 qui-

537 582 659 638 dem
685 589 888 638 sanetm
918 591 972 638 et
995 582 1276 637 catholica:
1304 582 1561 639 Ecclesiae
1583 599 1706 655 ego,
1731 584 1906 654 inquit
1934 582 2098 648 Deus,

536 674 767 740 ﬁrmavi,
813 684 997 746 utpote
1041 677 1135 748 qui
1178 692 1244 732 ex
1293 685 1591 732 memorata
1627 684 1774 733 terra
1814 674 2102 748 liquefacta

536 781 662 820 cum
713 765 1110 824 habitatoribus
1153 768 1290 835 suis,
1329 769 1478 839 ipsos
1522 769 1812 839 elegerim;
1863 770 2102 840 reliquos

537 873 670 914 vero
703 867 1048 915 contestatus
1069 875 1214 926 sum,
1244 859 1564 930 praecipiens
1593 860 1700 915 illis
1732 860 1990 931 ipsosque
2010 875 2103 916 co-

539 955 766 1011 hortans
815 963 874 1008 ut
924 971 992 1009 ne
1021 955 1203 1025 inique
1231 963 1473 1026 agerent.
1511 951 1820 1008 Secundum
1851 951 2100 1026 Symma—

532 1046 697 1100 chum
718 1061 846 1100 vero
874 1066 886 1100 :
920 1045 1045 1100 Dixi
1071 1045 1356 1114 seditiosis,
1379 1045 1573 1116 inquit,
1596 1045 1678 1100 Ne
1705 1044 1949 1100 seditiose
1973 1062 2104 1117 aga-

533 1138 704 1201 tis;el
738 1138 954 1208 iniquis,
1008 1137 1187 1192 Nolite
1210 1137 1446 1192 exaltare
1474 1154 1655 1192 cornu.
1686 1136 1768 1192 Ne
1797 1136 2030 1192 extollite
2050 1137 2104 1190 in

532 1229 705 1284 altum
750 1247 914 1285 cornu
955 1239 1182 1285 vestrum
1227 1229 1491 1302 loquentes
1536 1231 1729 1284 cervice
1755 1228 2101 1300 iniquitatem.

535 1319 736 1377 Eadem
766 1338 895 1377 vero
927 1322 1044 1393 ipsa
1073 1331 1303 1392 possunt
1336 1321 1400 1376 ad
1425 1322 1590 1376 alium
1617 1321 1885 1385 ordinem,
1915 1337 2102 1377 eorum

535 1411 785 1468 videlicet
834 1415 926 1483 qui
970 1429 1036 1467 ex
1089 1414 1508 1469 circumcisione
1561 1421 1709 1478 sunt,
1753 1413 1966 1474 referri,
2011 1413 2103 1484 qui

535 1514 727 1560 contra
756 1502 1100 1560 Servatorem
1132 1504 1449 1559 seditionem
1489 1513 1792 1571 moverunt,
1827 1511 1881 1559 et
1914 1503 2105 1559 adver-

535 1606 632 1646 sus
681 1607 804 1647 eum
857 1592 1567 1663 insurrexerunt:quorum
1603 1608 1770 1650 causa
1815 1593 2104 1664 liquefacta

534 1692 619 1738 est
649 1691 793 1738 terra
823 1701 1012 1740 eorum
1045 1694 1100 1741 et
1125 1701 1316 1741 omnes
1345 1686 1436 1755 qui
1473 1685 1789 1741 habitabant
1811 1687 1865 1741 in
1886 1687 2105 1742 στιϐαδ-

534 1785 710 1832 terum
742 1779 996 1834 omnibus
1028 1795 1245 1850 quoque
1274 1796 1370 1850 per
1393 1778 1579 1833 orbem
1605 1780 1858 1850 gentibus
1885 1789 2103 1851 aposto-

535 1869 709 1925 lorum
735 1871 1118 1941 praadicatione
1136 1871 1458 1927 testiﬁcatus
1479 1878 1584 1932 est,
1605 1880 1663 1926 ut
1686 1888 1756 1928 ne
1775 1871 1960 1942 inique
1980 1888 2104 1944 age-

536 1971 678 2026 rent,
696 1971 749 2018 et
771 1963 1151 2033 peccatoribus
1173 1971 1234 2017 ut
1261 1979 1330 2019 ne
1353 1963 1555 2034 peccati
1586 1980 1755 2018 cornu
1779 1964 2102 2030 exaltarent,

536 2069 712 2124 neque
758 2071 879 2111 sese
918 2055 1174 2110 ell'errent
1199 2061 1254 2109 et
1298 2063 1618 2126 arroganter
1665 2066 1904 2125 agerent,
1929 2072 2104 2126 neque

535 2146 891 2216 loquerentur
922 2147 1183 2203 adversus
1208 2146 1376 2202 Deum
1402 2148 1772 2220 iniquitatem:
1803 2147 1948 2221 quod
1973 2163 2105 2205 sane

539 2245 669 2294 ante
711 2238 944 2310 agebant
975 2253 1097 2293 cum
1127 2239 1506 2310 multiplicium
1536 2238 1760 2296 deorum
1784 2241 1958 2296 errori
1983 2241 2103 2295 ani-

536 2343 683 2384 mum
719 2329 1058 2393 adhiberent,
1089 2339 1142 2386 et
1169 2330 1335 2386 Deum
1361 2333 1738 2388 universorum
1767 2331 2100 2403 ignorarent.

604 2420 771 2478 Vsus.
806 2421 920 2477 7-9.
966 2423 1105 2490 Quia
1135 2439 1296 2494 neque
1337 2423 1399 2477 ab
1437 2423 1651 2488 oriente,
1693 2439 1849 2496 neque
1874 2423 1937 2477 ab
1967 2424 2104 2478 occi-

533 2513 702 2580 dente,
727 2533 886 2587 neque
919 2535 950 2570 a
981 2516 1198 2570 desertis
1234 2517 1516 2579 montibus,
1549 2517 1796 2588 quoniam
1841 2515 1982 2572 Deus
2005 2515 2102 2586 ju-

532 2607 633 2660 dex
676 2617 772 2661 est.
805 2606 867 2660 Et
910 2607 1024 2662 haec
1063 2622 1303 2678 quoque,
1351 2608 1451 2672 ait,
1490 2624 1585 2678 per
1634 2609 1908 2679 apostolos
1951 2622 2103 2662 meos

535 2700 786 2756 omnibus
813 2699 1126 2754 hominibus
1155 2698 1481 2755 testiﬁcatus
1525 2715 1668 2764 sum,
1697 2709 1756 2754 ut
1784 2697 1976 2768 judicii
2009 2697 2103 2754 Dei

534 2790 974 2853 recordarentur,
1003 2800 1055 2845 et
1094 2790 1274 2846 omnis
1303 2790 1610 2861 iniquitatis
1645 2793 1804 2846 linem
1839 2791 2100 2856 facerent,

536 2881 782 2950 persuasi
824 2881 1198 2936 universorum
1223 2880 1463 2950 judicem
1507 2897 1614 2936 non
1646 2882 1833 2951 procul
1868 2882 2058 2939 abesse
2083 2924 2098 2949 ,

536 2973 630 3028 sed
683 2973 867 3026 omnia
925 2973 1169 3043 implere,
1214 2981 1268 3029 et
1323 2973 1525 3046 ubique
1588 2982 1907 3044 praesentem
1956 2991 2098 3031 esse.

537 3065 717 3132 Quare
749 3065 1006 3120 convenit
1049 3081 1150 3121 nos
1199 3067 1354 3140 quasi
1398 3065 1455 3120 in
1500 3066 1674 3122 oculis
1712 3065 1831 3138 ejus
1860 3067 2102 3125 viventes
2129 3089 2170 3147 ο

542 3159 724 3213 animo
756 3158 823 3212 ad
852 3174 976 3212 eum
1021 3175 1288 3215 converso
1331 3160 1545 3232 degere.
1581 3158 1764 3230 Neque
1803 3159 1947 3216 enim
1973 3175 2098 3232 pro-

537 3249 628 3302 cul
658 3249 832 3312 abest,
861 3251 933 3304 ita
967 3260 1025 3305 ut
1057 3251 1382 3307 arbitremur
1407 3268 1530 3308 eum
1559 3253 1714 3322 longe
1745 3268 1775 3307 a
1806 3254 1964 3310 nobis
2002 3254 2099 3308 ba-

542 3341 734 3404 bitare,
776 3341 890 3396 sive
932 3342 988 3396 in
1037 3343 1267 3405 oriente,
1303 3343 1418 3398 sive
1479 3343 1535 3398 in
1562 3343 1863 3408 occidente,
1905 3345 2018 3400 sive
2043 3345 2099 3400 in

537 3430 771 3488 desertis
798 3441 850 3487 et
885 3434 1177 3490 montibus.
1210 3433 1341 3488 Nam
1383 3435 1592 3491 medius
1623 3444 1678 3490 et
1709 3451 1950 3506 prmsens
1977 3437 2100 3490 uni-

537 3526 735 3592 versis,
763 3526 928 3596 judex
958 3527 1199 3582 omnium
1229 3535 1333 3584 est.
1362 3527 1560 3584 Judicii
1595 3537 1773 3584 autem
1813 3529 1957 3585 illius
1985 3529 2100 3584 olli-

536 3617 685 3672 cium
736 3625 840 3679 est,
872 3627 929 3671 ut
972 3617 1264 3688 unicuique
1310 3633 1409 3690 pro
1455 3619 1651 3675 merito
1695 3620 1918 3683 tribuat,
1951 3619 2099 3676 hunc

536 3707 784 3764 humiliet
811 3716 864 3763 et
899 3708 1044 3764 hunc
1067 3709 1300 3777 exaltet;
1331 3711 1600 3781 superbos
1627 3710 1844 3781 quidem
1869 3710 2099 3783 illosque

537 3795 631 3866 qui
655 3812 827 3851 cornu
855 3813 1013 3853 suum
1042 3797 1097 3852 in
1125 3799 1290 3854 altum
1314 3800 1582 3855 extollunt
1608 3801 1888 3868 humiliet,
1921 3803 2098 3858 humi-

540 3888 618 3943 les
647 3903 776 3943 vero
804 3890 1023 3955 exaltet,
1055 3890 1354 3945 secundum
1388 3891 1517 3946 illud
1550 3911 1562 3947 :
1593 3891 1732 3946 Deus
1757 3893 1990 3962 superbis
2019 3911 2098 3949 re-

538 3979 701 4042 sistit,
728 3979 1011 4036 humilibus
1055 3991 1229 4035 autem
1262 3982 1354 4037 dat
1386 3984 1614 4054 gratiam
1631 3984 1696 4037 ⁸ο.
1733 3985 2095 4050 Quamobrem

540 4069 616 4122 uit
649 4088 661 4124 :
694 4069 833 4137 Quia
868 4087 1028 4142 neque
1055 4072 1120 4126 ab
1149 4075 1367 4137 oriente,
1400 4091 1559 4145 neque
1593 4077 1655 4129 ab
1692 4077 1973 4142 occidente,
2003 4094 2096 4132 ne-

538 4177 636 4229 que
687 4178 718 4214 a
766 4161 984 4217 desertis
1039 4165 1339 4230 montibus;
1384 4180 1483 4237 pro
1508 4166 2096 4240 quibus‘Symmachus

540 4250 621 4307 sic
650 4251 1036 4323 interpretatus
1064 4263 1148 4310 est
1180 4273 1196 4312 :
1228 4254 1350 4312 Non
1381 4257 1516 4312 enim
1551 4257 1614 4312 ab
1645 4258 1859 4325 oriente,
1893 4274 1997 4312 non
2030 4256 2095 4312 ab

541 4345 823 4411 occidente,
857 4363 1016 4418 neque
1046 4365 1080 4401 ιι
1109 4346 1313 4402 deserto
1339 4349 1594 4402 montium
1620 4362 1639 4401 :
1667 4348 1756 4402 sed
1776 4347 1914 4402 Deus
1928 4347 2096 4418 judex

2203 495 2326 562 τοῖς
2368 498 2791 567 ἁμαρτάνουσι,
2832 500 2928 569 Μὴ
2978 501 3206 570 ὑψοῦτε
3250 501 3447 570 κέρας.
3489 505 3626 569 Τοὺς
3669 508 3771 576 μὲν

2205 586 2426 651 στύλους
2469 589 2566 660 τῆς
2610 591 2775 659 ἁγίας
2819 593 2913 645 καὶ
2949 591 3240 662 καθολικῆς
3276 593 3597 666 Ἐκκλησίας
3631 596 3766 665 ἐγὼ,

2203 678 2366 748 φησὶν
2399 678 2428 730 ὀ
2447 677 2598 744 Θεὸς,
2635 681 2941 752 ἐστερέωσα
2961 698 2975 711 ⁸
2999 682 3081 735 ὅτι
3103 683 3178 752 (1)
3197 683 3552 755 ἐκλεξάμενος
3567 685 3768 751 αὐτοὺς

2202 770 2267 822 ἐκ
2295 769 2394 840 τῆς
2428 770 2781 842 ἀποδοθείσης
2812 772 2917 842 γῆς
2940 773 3199 845 τακείσης
3243 775 3379 846 μετά
3417 777 3524 830 τῶν
3560 780 3770 833 οἰκούν-

2201 878 2308 914 των
2341 861 2512 934 αὑτήν
2533 879 2546 892 ο
2577 866 2688 928 τοῖς
2733 864 2789 918 δὲ
2820 863 3024 927 λοιποῖς
3063 863 3508 939 διεμαρτυράμην
3535 869 3770 924 διαστει-

2202 952 2432 1024 λάμενος
2465 953 2558 1007 καὶ
2591 954 2924 1025 παραινέσας
2953 953 3025 1025 μὴ
3045 959 3396 1027 παρανομεῖν.
3419 959 3574 1013 Κατά
3593 961 3650 1014 δὲ
3678 962 3770 1018 τὸν

2203 1043 2499 1116 Σύμμαχον
2522 1062 2535 1076 °
2580 1046 2768 1110 Εἷπα,
2817 1048 2970 1118 φησὶ,
3022 1047 3146 1114 τοῖς
3194 1048 3583 1109 στασιάζουσι
3607 1092 3622 1116 ,
3670 1052 3768 1120 Μὴ

2202 1133 2548 1196 στασιάζετε
2566 1151 2581 1166 ο
2637 1135 2738 1188 καὶ
2783 1136 2908 1202 τοῖς
2945 1138 3334 1207 παρανόμοις,
3371 1137 3468 1206 Μὴ
3499 1141 3768 1210 ἐπαίρετε

2203 1223 2399 1293 κέρας.
2461 1224 2557 1295 Μὴ
2591 1226 2863 1295 ἐπαίροτε
2909 1230 2996 1296 εἰς
3051 1229 3210 1298 ὕψος
3252 1230 3319 1284 τὸ
3370 1232 3545 1300 κέρας
3598 1232 3769 1302 ὑμῶν

2201 1315 2533 1382 λαλοῦντες
2584 1316 2862 1386 τραχήλῳ
2903 1319 3176 1390 ἀνομίαν.
3219 1320 3451 1374 Δύναται
3497 1321 3552 1374 δὲ
3591 1321 3766 1376 ταῦτα

2205 1405 2338 1478 πρὸς
2359 1406 2420 1460 τὸ
2443 1406 2628 1479 ἕτερον
2655 1410 2840 1481 τάγμα
2867 1411 2929 1464 τὸ
2951 1413 3014 1464 ὲκ
3039 1413 3338 1486 περιτομῆς
3358 1411 3624 1481 λέγεσθαι,
3652 1413 3766 1468 τῶν

2205 1500 2753 1555 καταστασιασάντων
2786 1501 2880 1554 τοῦ
2915 1504 3164 1575 Σωτῆρος
3198 1505 3292 1557 καὶ
3318 1504 3767 1576 κατεπαρθέντωδ

2204 1588 2398 1643 αὑτοῦ·
2449 1590 2515 1644 δι’
2559 1591 2654 1656 οὓς
2709 1591 2876 1664 ἐτάκη
2906 1593 3083 1648 αὐτῶν
3127 1596 3160 1666 ἡ
3220 1597 3291 1666 γῆ
3337 1595 3432 1649 καὶ
3476 1595 3670 1659 πάντες
3711 1597 3765 1649 οί

2206 1687 2581 1752 κατοικοῦντες
2631 1688 2820 1762 αὑτήν.
2865 1690 3010 1761 Πλὴν
3060 1691 3152 1743 καὶ
3181 1693 3293 1753 τοῖς
3337 1691 3459 1744 καθ’
3499 1691 3627 1761 ὅλης
3666 1694 3767 1764 τῆς

2202 1778 2525 1851 οἰκουμένης
2558 1779 2734 1834 ἔθνεσι
2759 1779 2849 1836 διὰ
2872 1781 2967 1834 τοῦ
2993 1780 3102 1834 τῶν
3130 1781 3441 1836 ἀποστόλων
3479 1783 3767 1854 κηρύγμα-

2203 1887 2293 1934 τος
2340 1869 2684 1942 ἐμαρτύρατο
2715 1870 2790 1942 μὴ
2835 1873 3192 1944 παρανομεῖν,
3244 1872 3336 1935 καὶ
3375 1875 3485 1937 τοῖς
3512 1874 3766 1946 ἁμαρτά-

2203 1977 2352 2016 νουσι
2385 1963 2460 2034 μὴ
2500 1962 2666 2032 ὑψοῦν
2692 1962 2751 2016 τὸ
2776 1963 2876 2034 τῆς
2919 1963 3192 2035 ἁμαρτίας
3221 1963 3408 2036 κέρας,
3441 1964 3574 2036 μηδέ
3609 1966 3768 2020 ἐπαί-

2205 2052 2392 2126 ρεσθαι
2429 2054 2522 2106 καὶ
2566 2053 3066 2126 καταθρασύνεσθαι
3090 2095 3106 2120 ,
3141 2055 3274 2126 μηδὲ
3317 2054 3494 2110 λαλεῖν
3547 2058 3768 2113 ἀδικίαν

2203 2145 2343 2199 κατά
2379 2143 2473 2199 τοῦ
2513 2144 2678 2199 Θεοῦ·
2722 2145 2856 2219 ὅπερ
2909 2147 3170 2218 πρότερον
3220 2146 3482 2218 ἔπραττον
3518 2151 3768 2223 πολυθέῳ

2202 2237 2558 2308 προσέχοντες
2613 2237 2786 2310 πλάνῃ
2811 2279 2828 2304 ,
2875 2239 2970 2292 καὶ
3019 2238 3112 2292 τὸν
3158 2237 3267 2291 τῶν
3312 2239 3450 2294 ὅλων
3499 2241 3630 2296 Θεὸν
3685 2246 3769 2316 μὴ

2202 2327 2419 2392 εἰδότες.

2275 2419 2393 2473 Ὅτι
2424 2420 2561 2474 οὔτε
2587 2421 2702 2476 ἀπὸ
2727 2421 2974 2490 ἐξόδων,
3005 2426 3144 2480 οὔτε
3172 2427 3289 2482 ἀπὸ
3329 2427 3596 2498 δυσμῶν,
3626 2428 3772 2483 οὔτε

2201 2509 2318 2564 ἀπὸ
2361 2509 2594 2578 ἐρήμων
2628 2509 2829 2579 ὀρέων,
2857 2512 2946 2567 ὄτι
2985 2518 3018 2570 ὀ
3051 2515 3194 2582 Θεὸς
3233 2517 3437 2586 κριτής
3473 2519 3622 2572 ἐστι.
3654 2521 3773 2574 Καὶ

2199 2599 2391 2664 ταῦτα,
2409 2600 2562 2672 φησὶ,
2583 2601 3028 2677 διεμαρτυράμην
3052 2607 3140 2662 διά
3159 2609 3266 2663 τῶν
3283 2609 3430 2680 ἐμῶν
3453 2611 3775 2667 ἀποστόλων

2201 2692 2404 2748 ἅπασιν
2453 2696 2797 2769 ἀνθρώποις,
2847 2699 3201 2770 μνημονεύειν
3250 2700 3351 2770 τῆς
3387 2702 3620 2773 κρίσεως
3669 2702 3774 2756 τοῦ

2200 2784 2374 2853 Θεοῦ,
2425 2789 2520 2842 καὶ
2563 2789 2872 2844 παύσασθαι
2920 2792 3103 2864 πάσης
3152 2794 3528 2864 παρανομίας,
3575 2812 3776 2848 πεπει-

2203 2878 2432 2948 σμένους
2475 2883 2556 2935 ὅτι
2606 2883 2666 2935 ού
2716 2883 2903 2954 πόρρω
2943 2901 3044 2938 που
3089 2885 3396 2958 ἀφέστηκεν
3438 2890 3467 2941 ὁ
3495 2887 3603 2940 τῶν
3627 2887 3774 2943 ὅλων

2203 2971 2394 3041 κριτής
2411 2988 2424 3001 ο
2457 2973 2634 3028 πάντα
2659 2974 2716 3027 δὲ
2741 2975 2937 3047 πληροῖ
2955 2977 3050 3030 καὶ
3089 2979 3361 3049 πανταχοῦ
3389 2978 3640 3052 πάρεστι.
3674 2983 3775 3036 Διὺ

2203 3065 2467 3134 προσήκει
2487 3065 2563 3129 ὡς
2590 3067 2648 3120 ἐν
2671 3066 2966 3139 ὀφθαλμοῖς
2988 3069 3151 3123 αὑτοῦ
3191 3071 3398 3136 ζῶντας
3424 3073 3774 3145 ἐπιστρεφῶς

2206 3154 2598 3210 πολιτεύεσθαι.
2622 3159 2698 3212 Ού
2718 3159 2827 3231 γὰρ
2851 3159 3064 3232 μακράν
3096 3161 3421 3235 ἀφέστηκεν,
3447 3163 3523 3228 ὡς
3548 3165 3772 3235 νομίσαι

2206 3244 2394 3316 πόρρω
2426 3263 2529 3300 που
2562 3247 2871 3318 ἀπῳκίσθαι
2907 3249 3100 3316 αὐτὸν,
3150 3252 3183 3323 ἢ
3232 3251 3366 3324 πρὸς
3399 3255 3591 3318 αὑταῖς
3637 3256 3775 3311 ἀνα-

2202 3336 2399 3402 τολαῖς,
2424 3337 2456 3409 ἢ
2484 3338 2624 3394 κατά
2657 3339 2726 3393 τά
2755 3340 3015 3412 δυσμιαῖα
3044 3343 3207 3415 μέρη,
3245 3345 3278 3415 ἧ
3309 3361 3409 3397 που
3440 3347 3497 3399 ἐν
3511 3348 3773 3420 ἐρημίαις

2205 3430 2299 3484 καὶ
2323 3431 2494 3501 ὄρεσι.
2539 3433 2714 3497 Μέσος
2741 3431 2848 3504 γὰρ
2885 3435 3169 3507 ἐπιπαρὼν
3197 3439 3309 3502 τοῖς
3359 3439 3492 3492 πᾶσι
3516 3474 3534 3504 ,
3576 3443 3772 3513 κριτὴς

2201 3522 2310 3576 τῶν
2334 3523 2470 3578 ὅλων
2503 3525 2638 3578 ἐστί.
2675 3525 2874 3597 Ἔργον
2899 3545 2959 3580 τε
2989 3527 3152 3582 αὐτοῦ
3172 3529 3274 3600 τῆς
3302 3531 3533 3601 κρίσεως
3562 3529 3622 3586 τὸ
3642 3535 3773 3588 κατ’

2202 3613 2356 3679 ἀξίαν
2382 3615 2675 3687 ἀπονέμειν
2713 3618 2944 3689 ἑκάστῳ,
2980 3619 3074 3672 καὶ
3109 3618 3294 3673 τοῦτον
3336 3621 3434 3693 μὲν
3457 3623 3766 3688 ταπεινοῦν,

2201 3706 2387 3762 τοῦτον
2433 3707 2491 3761 δὲ
2519 3708 2720 3779 ὑψοῦν·
2761 3709 3046 3765 ταπεινοῦν
3093 3711 3190 3782 μὲν
3215 3713 3342 3776 τοὺς
3386 3714 3769 3784 ὑπερηφάνους

2203 3803 2296 3856 καὶ
2345 3804 2471 3868 τοὺς
2525 3805 2848 3876 ἐπαίροντας
2900 3807 2981 3870 είς
3039 3805 3171 3875 ὕψος
3217 3806 3278 3860 τὸ
3324 3807 3485 3880 κέρας
3543 3807 3766 3864 αύτῶν’

2203 3894 2370 3964 ὑψοῦν
2406 3896 2464 3950 δέ
2499 3897 2624 3960 τοὺς
2651 3899 2965 3964 ταπεινοὺς,
2995 3899 3138 3954 κατά
3164 3893 3258 3953 τό·
3301 3901 3364 3955 '0
3394 3901 3533 3967 Θεὸς
3577 3901 3768 3970 ὑπερ-

2201 3983 2453 4055 ηφάνοις
2490 3985 2908 4042 ἀντιτάσσεται
2927 4027 2943 4054 ,
2991 3990 3290 4059 ταπεινοῖς
3319 3990 3388 4044 δὲ
3426 3990 3631 4045 δίδωσι
3657 3993 3770 4062 χόρ

2193 4094 2313 4146 ριν.
2360 4077 2452 4132 Διό
2499 4089 2694 4151 φησιν⁶
2727 4080 2848 4134 Ὀτι
2891 4081 3028 4136 οὔτε
3083 4081 3204 4138 ἀπὸ
3233 4083 3456 4149 ἐξόδων
3508 4085 3607 4138 καὶ
3644 4085 3768 4139 ἀπὸ

2199 4167 2512 4224 ἀνατολῶν
2527 4169 2725 4236 ἡλίου,
2742 4169 2881 4224 οὔτε
2903 4169 3022 4224 ἀπὸ
3045 4170 3313 4242 δυσμῶν,
3334 4172 3471 4227 οὔτε
3487 4173 3608 4227 ἀπὸ
3624 4174 3766 4243 ἐρή-

2195 4277 2326 4329 μων
2369 4260 2580 4328 ὀρέων·
2605 4262 2720 4316 ἀνθ’
2743 4255 2818 4316 ὧν
2846 4265 2876 4318 ὁ
2913 4264 3206 4336 Σύμμαχος
3230 4263 3417 4318 τοῦτον
3447 4265 3766 4336 ἡρμήνευσε

2198 4351 2290 4405 τὸν
2312 4352 2540 4423 τρόπονδ
2580 4357 2662 4410 Οὐ
2699 4356 2809 4426 γὰρ
2843 4357 2962 4412 ἀπὸ
2991 4349 3310 4426 ἀνατολῆς,
3338 4357 3480 4411 οὐδὲ
3509 4351 3630 4411 ἀπὸ
3662 4358 3766 4412 δύ-

540 4437 676 4492 Itunc
702 4437 909 4508 quidem
939 4438 1202 4507 humiliat,
1235 4438 1370 4494 hunc
1401 4449 1574 4494 autem
1605 4440 1828 4494 exultat.
1874 4438 1940 4494 Et
1990 4441 2099 4497 hoc

2201 4457 2372 4509 σεως.
2406 4442 2548 4498 οὐδὲ
2575 4445 2693 4499 ἀπὸ
2731 4446 2955 4515 ἐρήμου
2983 4447 3192 4515 ὁρέων
3225 4447 3362 4501 cur
3398 4449 3432 4500 ὁ
3465 4447 3611 4512 Θεὸς
3645 4464 3766 4515 npt-

539 4546 692 4598 eane,
725 4531 921 4600 inquit,
956 4531 1327 4588 necessarium
1368 4540 1454 4586 est
1497 4547 1685 4587 omnes
1726 4529 1974 4586 homines
2003 4545 2098 4586 co-

539 4638 819 4692 gnoscere,
879 4621 1018 4689 Quia
1065 4621 1207 4676 calix
1251 4623 1306 4676 in
1349 4638 1512 4676 manu
1565 4621 1777 4676 Domini
1819 4622 1925 4675 vini
1967 4620 2098 4674 meri

539 4712 720 4779 plenus
750 4713 924 4766 misto.
949 4710 1016 4766 Et
1048 4712 1318 4766 inclinavit
1361 4729 1426 4767 ex
1471 4711 1566 4766 hoc
1591 4714 1646 4767 in
1677 4713 1772 4768 hoc
1790 4730 1806 4777 ;
1835 4721 2098 4768 verumta-

543 4819 658 4855 men
685 4803 790 4872 [lex
815 4801 927 4874 ejus
955 4820 1058 4857 non
1081 4813 1159 4858 est
1179 4805 1474 4872 exinanita,
1505 4804 1674 4859 bibent
1707 4821 1882 4859 omnes
1913 4820 2099 4875 pecca-

546 4905 680 4948 tores
725 4906 898 4949 terra.
950 4895 1254 4949 Secundum
1307 4894 1689 4967 Symmachum
1735 4911 1866 4952 vero
1899 4915 1911 4951 :
1941 4896 2099 4952 Calix

541 4985 679 5039 enim
711 4985 765 5039 in
795 5002 955 5040 manu
985 4985 1216 5051 Domini,
1248 4998 1299 5041 et
1328 4989 1502 5040 vinum
1537 5001 1735 5038 merum
1786 4985 1988 5054 replens
2019 4986 2098 5055 ef-

544 5078 740 5148 fusum,
768 5079 845 5131 ita
887 5088 945 5132 ιιι
995 5073 1209 5133 tre/iant
1255 5080 1318 5133 ab
1366 5080 1496 5147 ipso.
1535 5077 1900 5132 Verumtamen
1947 5076 2098 5146 [taces

541 5170 656 5242 ejus
681 5169 924 5241 guttatim
951 5171 1238 5238 expriment
1267 5170 1487 5224 bibentes
1513 5168 1734 5237 improbi
1773 5179 1947 5223 terrae.
1975 5166 2100 5223 [late

541 5265 694 5328 item,
726 5262 825 5326 ait,
852 5277 1043 5318 omnes
1072 5261 1317 5317 homines
1356 5260 1538 5325 docui,
1570 5277 1639 5317 ne
1688 5263 1936 5332 ignorent
1968 5260 2100 5314 cali-

539 5368 657 5408 cem
705 5352 857 5407 illum
904 5367 1094 5408 omnes
1141 5365 1378 5416 manere,
1405 5365 1565 5421 quem
1614 5352 1809 5420 cuique
1838 5356 2102 5419 temperat

538 5461 592 5500 et
645 5445 962 5501 commiscet
1019 5445 1396 5500 universorum
1437 5441 1624 5513 iudex.
1659 5441 1770 5498 Hoc
1816 5456 1980 5510 porro
2017 5441 2095 5496 in-

543 5537 756 5605 telligas
800 5551 868 5591 ex
915 5535 1008 5601 iis,
1037 5550 1158 5607 quae
1202 5535 1256 5589 in
1303 5534 1599 5605 prophetiis
1627 5532 1694 5590 de
1719 5534 1887 5589 calice
1915 5534 2101 5589 ferun-

613 5627 660 5658 ⁵⁸
695 5625 810 5681 Jac.
847 5642 920 5690 ιν,
951 5628 1002 5682 6.

605 5717 682 5791 (l)
711 5718 796 5774 An
828 5719 1114 5791 legendum
1140 5719 1275 5774 ὄιτεῖ
1302 5713 1458 5772 Enn.

352 5799 798 6094 Χ

2201 4532 2311 4600 τὴς
2347 4531 2560 4586 τοῦτον
2593 4531 2711 4603 μὲν
2756 4534 3037 4599 ταπεινοῖ,
3076 4534 3291 4589 τοῦτον
3335 4533 3405 4587 δὲ
3440 4534 3608 4604 ὑψοῖ.
3651 4535 3767 4589 Καὶ

2199 4623 2355 4678 τοῦτο
2372 4623 2448 4691 δέ,
2466 4626 2647 4696 φησὶν,
2659 4625 2948 4694 ἀναγκαῖον
2969 4625 3164 4680 ειδέναι
3194 4626 3397 4689 πάντας
3423 4624 3759 4697 ἀνθρώπους,

2202 4714 2322 4768 ὀτι
2365 4713 2649 4784 ποτήριον
2693 4715 2764 4769 ἐν
2801 4715 2952 4785 χειρί
2995 4715 3216 4784 Κυρίου
3260 4715 3429 4770 οινου
3475 4715 3760 4783 ἀκράτου.

2199 4805 2426 4875 πλῆρες
2467 4805 2855 4876 κεράσματος.
2902 4806 3014 4860 Kal
3051 4806 3292 4862 ἔκλινεν
3330 4807 3398 4862 ἐκ
3435 4807 3650 4860 τούτου
3678 4808 3762 4872 εὶς

2197 4896 2402 4952 τοῦτο·
2433 4897 2600 4966 πλὴν
2641 4901 2676 4953 ό
2719 4898 2962 4967 τρυτίας
2993 4899 3178 4954 αὐτοῦ
3229 4901 3338 4953 οὐκ
3391 4895 3724 4964 ἐξεκενώθη
3742 4933 3758 4956 ι

2198 4989 2433 5042 πίον-ται
2461 4987 2684 5055 πάντες
2727 4991 2782 5043 ol
2826 4990 3161 5059 ἁμαρτίαισι
3192 4989 3301 5058 τῆς
3342 4982 3472 5060 τῆς.
3505 4987 3664 5043 Κατά
3705 4986 3758 5039 δέ

2196 5076 2290 5136 τὸν
2313 5081 2604 5153 Σύμμαχον
2623 5097 2638 5113 ο
2673 5080 2967 5150 Ποτήριον
2989 5081 3101 5150 τὰρ
3124 5081 3196 5136 ἐν
3218 5093 3362 5151 χειρί
3395 5080 3638 5148 Κυρίου.
3664 5076 3758 5131 ml

2198 5163 2358 5240 οίνος
2407 5171 2662 5240 ἄκρατος
2714 5171 2961 5242 πληρῶν
2998 5168 3273 5242 ἐκχυθεὶς
3302 5209 3319 5236 ,
3358 5171 3513 5225 ὥστε
3563 5171 3763 5225 ἕλκειν

2197 5266 2300 5321 ἀπ’
2333 5264 2539 5319 αὐτοῦ.
2568 5263 2742 5333 Πλὴν
2777 5266 2884 5332 τὰς
2913 5265 3157 5334 τρυγιας
3182 5263 3371 5320 αὑτοῦ
3413 5264 3761 5334 ἐκστρατγί-

2199 5373 2380 5413 σουσι
2413 5359 2693 5424 πίνοντες
2730 5359 2785 5412 ol
2842 5356 3063 5426 φαῦλοι
3094 5355 3202 5425 τῆς
3238 5355 3369 5427 τῆς.
3403 5358 3512 5412 Καὶ
3563 5359 3763 5419 ταῦτα.

2199 5449 2386 5520 φησὶν,
2408 5447 2625 5516 ἐδίδαξα
2646 5449 2851 5512 πάντας
2879 5446 3217 5520 ἀνθρώπους,
3237 5448 3312 5511 ὡς
3331 5447 3398 5502 ἂν
3425 5449 3500 5519 μὴ
3525 5449 3762 5518 ἀγνοεῖν,

2199 5539 2278 5594 ὅτι
2315 5537 2595 5611 περιμένει
2613 5541 2737 5604 τοὺς
2759 5540 2964 5605 πάντας
2989 5539 3050 5592 τὸ
3077 5540 3352 5612 ποτήριον,
3383 5540 3520 5612 ὅπερ
3545 5541 3681 5594 ἐκάσ
3700 5557 3764 5610 τῳ
