4008 6210
322 257 429 320 .873

1438 243 1940 304 COMMENTARIA
1983 243 2049 300 IN
2087 239 2407 300 ΡεΑιΜοε

3397 243 3402 249 “
3439 241 3547 299 ενι

325 373 571 445 κίρνησιν
597 371 626 425 δ
663 368 769 424 τῶν
790 367 925 422 ὅλων
957 365 1168 438 κριτής.
1219 363 1449 434 Νοήσεις
1496 361 1553 416 δὲ
1581 360 1737 415 τοῦτο
1777 361 1883 414 ἀπὸ

1985 366 2104 423 tur;
2158 357 2214 410 in
2255 354 2489 410 Jeremia
2522 355 2722 424 quippe
2766 354 3029 424 scriptum
3075 363 3158 410 est
3197 373 3212 409 :
3252 354 3404 411 Dixit
3437 355 3550 410 Do-

320 462 428 516 τῶν
459 463 516 514 ὲν
541 462 660 524 ταῖς
683 458 1041 532 προφητείαις
1067 455 1400 525 λελεγμένων
1425 455 1554 525 περὶ
1594 453 1850 523 ποτηρίου
1870 468 1884 480 ·

321 553 628 624 γέγραπται
667 549 800 619 γοῦν
827 552 885 602 ὲν
919 547 1155 619 Ἱερεμίᾳ
1183 547 1383 608 οὕτως⁸
1419 541 1565 598 Εἷπε
1601 545 1815 612 Κύριος
1857 546 1890 598 ὁ

321 644 468 709 Θεὸς
530 641 768 710 Ἰσραὴλ
815 639 964 708 πρὸς
1009 637 1108 708 μέο
1164 635 1316 691 Λάϐε
1352 637 1419 690 τὸ
1464 634 1746 702 ποτήριον
1782 634 1889 688 τοῦ

319 732 490 789 οἴνου
517 732 623 785 τοῦ
646 730 904 800 ἀκράτου
928 730 997 782 ἐκ
1018 729 1212 797 χειρός
1226 745 1366 797 μου,
1385 727 1478 780 καὶ
1503 723 1724 791 ποτιεῖς
1743 723 1887 778 αὐτὸ

321 824 517 878 πάντα
546 823 616 876 τὰ
645 822 808 889 ἔθνη,
841 819 993 888 πρὸς
1019 818 1057 872 ά
1083 817 1199 888 ἐγὼ
1229 815 1615 882 ἐξαποστελῶ
1645 833 1718 870 σε
1741 815 1888 885 πρὸς

317 914 559 979 αὐτούς.
594 912 704 966 Kal
752 913 988 966 πίονται
1023 909 1123 963 καὶ
1155 908 1526 978 ἐξεμοῦνται,
1572 906 1670 961 καὶ
1707 907 1886 976 ἐκμα-

314 1005 605 1073 νήσονται
645 1003 764 1058 άπὸ
805 1000 1127 1073 προσώπου
1167 1000 1276 1068 τῆς
1310 1000 1626 1069 μαχαίρας,
1662 995 1738 1069 ἧς
1774 997 1888 1070 ἐγὼ

315 1094 631 1151 ἀποστελῶ
660 1093 966 1163 ἁναμέσον
992 1090 1211 1148 αὐτῶν.
1239 1090 1348 1145 Kal
1373 1089 1594 1144 ἔλαϐον
1616 1089 1683 1143 τὸ
1707 1089 1888 1157 ποτή-

307 1185 444 1256 ριον
464 1187 531 1241 ἐκ
554 1187 748 1256 χειρὸς
769 1185 1011 1253 Κυρίου,
1036 1182 1136 1237 καὶ
1158 1183 1412 1238 ἐπότισα
1433 1181 1629 1235 πάντα
1652 1181 1723 1235 τὰ
1739 1181 1884 1251 ἔθνη

313 1277 461 1346 πρὸς
488 1275 526 1331 ἁ
548 1275 867 1332 ἀπέστειλέ
887 1293 963 1346 με
981 1277 1196 1345 Κύριος
1223 1275 1316 1328 ἐπ’
1339 1275 1512 1342 αὐτὰ,
1533 1274 1648 1343 τὴν
1675 1275 1883 1344 Ἰερου-

311 1368 519 1439 σαλὴμ
545 1370 642 1424 καὶ
666 1370 775 1436 τὰς
799 1370 1008 1434 πόλεις
1049 1366 1254 1430 Ἰούδα,
1281 1365 1379 1421 καὶ
1394 1367 1676 1433 βασιλεῖς
1700 1367 1884 1421 αὐτοῦ

313 1459 411 1512 καὶ
438 1459 735 1530 ἄρχοντας
765 1459 975 1522 αὐτοῦ,
1006 1458 1111 1512 τοῦ
1142 1457 1326 1512 θεῖναι
1366 1457 1587 1524 αὐτοὺς
1624 1460 1712 1522 είς
1752 1457 1886 1526 ἐρή-

305 1565 521 1620 μωσιν,
560 1551 658 1605 και
681 1553 771 1617 είς
800 1550 1024 1605 άϐατον
1060 1549 1159 1604 xal
1195 1550 1283 1614 εὶς
1309 1551 1621 1620 συριγμόν·
1654 1549 1886 1604 καὶτὸν

311 1641 520 1711 Φαραὼ
541 1642 806 1707 βασιλέα
831 1644 1126 1712 Αἰγύπτου
1153 1640 1250 1694 καὶ
1271 1641 1412 1706 τοὺς
1435 1642 1646 1708 παῖδας
1673 1642 1880 1705 αὑτοῦ,

449 1735 590 1801 τοὺς
624 1707 989 1805 μεγιστᾶνας
1031 1733 1237 1788 αὐτοῦ⁸
1285 1733 1378 1787 καὶ
1421 1732 1547 1804 ἑξῆς
1588 1751 1740 1806 φησιο
1775 1733 1884 1789 Kal
1916 1707 1957 1762 Β

311 1822 546 1891 πάντας
577 1825 720 1890 τοὺς
742 1825 1023 1892 βασιλεῖς
1051 1825 1162 1894 τῆς
1207 1823 1318 1895 γῆς
1355 1823 1474 1878 τῶν
1499 1827 1884 1896 ἀλλοφύλων,

311 1915 429 1985 τὴν
470 1915 830 1981 Ἀσκάλωνα,
871 1917 970 1971 καὶ
1003 1920 1118 1984 τὴν
1151 1915 1367 1979 Γάζαν,
1401 1917 1499 1970 καὶ
1534 1916 1648 1986 τὴν
1686 1917 1886 1972 Ἀκκά-

306 2024 454 2078 ρων,
489 2006 583 2060 καὶ
619 2006 731 2075 τὴν
780 2007 1126 2078 Ἰδουμαίαν,
1170 2008 1269 2061 καὶ
1299 2007 1414 2075 τὴν
1440 2009 1754 2075 Μωαϐῖτιν,
1786 2009 1884 2063 καὶ

311 2099 455 2166 τοὺς
483 2099 650 2166 υἱοὺς
687 2099 927 2168 Ἁμμὼν,
962 2099 1058 2153 καὶ
1095 2099 1325 2166 πάντας
1353 2100 1636 2165 βασιλεῖς
1669 2100 1881 2171 Τύρου,

277 2251 284 2257 ,
311 2187 543 2254 πάντας
564 2190 848 2257 βασιλεῖς
871 2189 1149 2255 Σιδῶνος,
1191 2190 1290 2244 καὶ
1337 2191 1568 2256 πάντας
1601 2191 1884 2258 βασιλεῖς
1932 2212 1934 2214 τ

307 2277 506 2345 νήσου
543 2279 686 2345 τοὺς
718 2280 788 2333 ἐν
817 2280 898 2346 τῷ
925 2279 1115 2350 πέραν
1157 2280 1269 2351 τῆς
1307 2280 1642 2349 θαλάσσης.
1684 2281 1817 2336 Μεθ’
1847 2282 1883 2336 ἃ

308 2370 552 2440 ἐπιλέγει
591 2370 785 2435 οὕτως’
818 2373 967 2427 Eine
992 2374 1207 2443 Κύριος
1240 2371 1659 2442 παντοκράτωρ
1680 2374 1712 2426 ό
1739 2372 1884 2437 Θεὸς

322 2463 576 2532 Ἰσραήλ·
603 2464 775 2518 Πίετε
799 2464 897 2518 καὶ
918 2466 1279 2535 μεθύσθητε,
1308 2466 1407 2520 καὶ
1428 2465 1762 2533 ἐξεμέσετε,
1785 2465 1882 2518 καὶ

309 2556 566 2620 πεσεῒτε,
601 2557 699 2611 καὶ
731 2559 803 2612 οὐ
827 2557 915 2627 μὴ
953 2557 1254 2627 ἀναστῆτε
1281 2559 1396 2613 άπὸ
1424 2557 1743 2628 προσώπου
1777 2558 1884 2626 τῆς

306 2646 621 2718 μαχαίρας,
642 2642 718 2717 ἧς
741 2648 856 2717 ἐγὼ
875 2647 1192 2702 ἀποστελῶ
1223 2648 1530 2719 ἀναμέσον
1561 2647 1746 2718 ὑμῶν.
1772 2649 1882 2702 Kal

309 2737 482 2791 ἔσται
521 2737 666 2791 ὅταν
689 2737 776 2807 μὴ
804 2739 1145 2803 βούλωνται
1169 2738 1456 2805 δέξασθαι
1498 2739 1560 2794 τὸ
1599 2739 1884 2810 ποτήριον

311 2825 381 2879 ἐκ
404 2825 514 2894 τῆς
539 2828 736 2896 χειρός
762 2842 902 2892 σου,
931 2825 1086 2881 ὥστε
1113 2828 1292 2894 πιεῖν,
1317 2829 1414 2884 καὶ
1435 2829 1592 2899 ἐρεῖς
1617 2829 1765 2898 πρὸς
1786 2829 1884 2884 αὐ-

309 2917 474 2982 τούς.
507 2918 702 2984 Οὕτως
723 2915 855 2973 εἷπε
884 2920 1099 2989 Κύριος
1135 2919 1254 2974 τῶν
1275 2921 1600 2991 δυνάμεωνο
1638 2923 1884 2987 Πιόντες

311 3007 542 3062 πίεσθε.
589 3009 666 3060 Δι’
699 3001 774 3061 ὧν
818 3009 1056 3063 διδάσκει
1103 3010 1132 3062 ό
1163 3009 1318 3078 λόγος
1341 3010 1494 3081 δίκην
1542 3010 1724 3082 ἰατροῦ
1768 3013 1880 3074 τοῖς
1906 3051 1951 3110 c

308 3097 585 3168 δεομένοις
634 3099 837 3169 πικρᾶς
883 3099 1154 3153 ἀντιδότου
1203 3100 1295 3154 τὸν
1345 3099 1478 3154 Θεὸν
1518 3102 1740 3170 ἐπάγειν
1781 3102 1879 3166 τὰς

309 3187 582 3252 κολάσεις,
633 3188 710 3254 ὡς
755 3189 821 3244 ἂν
867 3189 1144 3261 ὲμὲσαιεν,
1196 3191 1289 3245 καὶ
1339 3190 1732 3246 ἀποκενὼσειεν
1782 3193 1882 3266 τὴν

308 3280 686 3344 πλεονάσασαν
711 3281 770 3336 ὲν
799 3282 981 3346 αὐτοῖς
1013 3283 1233 3336 κακίανο
1265 3283 1360 3337 καὶ
1385 3281 1608 3354 πρώτην
1628 3299 1692 3352 γε
1712 3283 1880 3354 αὐτὴν

308 3374 408 3446 τὴν
451 3373 804 3446 Ἰερουσαλὴμ
828 3373 922 3429 τοῦ
955 3374 1234 3446 λεχθέντος
1264 3375 1428 3430 ποτοῦ
1465 3375 1733 3430 πιείσθαι·
1761 3372 1880 3430 εἶτα

307 3462 368 3520 δὲ
403 3463 475 3519 τὰ
514 3465 676 3519 λοιπὰ
707 3465 856 3538 ἔθνη,
888 3467 964 3531 ὡς
989 3467 1083 3520 καὶ
1114 3466 1330 3522 πάντων
1353 3468 1452 3540 τῆς
1478 3467 1670 3538 ὁμοίας
1698 3467 1882 3534 τευξο-

313 3555 491 3630 plro
533 3557 851 3630 καθάρσεως
895 3558 983 3612 διὰ
1031 3559 1140 3613 τῶν
1192 3558 1648 3630 ἐπαχθησομένων
1698 3559 1879 3622 αὐτοῖς

307 3647 610 3721 τιμωριῶν.
650 3648 761 3701 Καὶ
802 3647 863 3702 τὺ
901 3647 1072 3720 παρὸν
1104 3643 1197 3702 οὖν
1229 3648 1406 3718 λόγιον
1440 3649 1788 3721 καταλλήλως
1810 3652 1876 3721 τῇ

308 3740 620 3814 προφητικῇ
671 3736 986 3809 διδασκαλίᾳ
1034 3740 1292 3811 ποτήριον
1339 3733 1479 3792 εἶναι
1528 3737 1766 3792 διδάσκει
1820 3740 1879 3791 ὲν

307 3831 455 3904 χειρὶ
479 3829 704 3902 Κυρίου,
727 3831 784 3883 ὲν
807 3822 852 3898 ᾧ
869 3830 995 3894 τοὺς
1016 3829 1245 3884 ἑκάστου
1268 3830 1514 3898 καρποὺς
1536 3827 1874 3897 συναγαγὼν,

311 3921 498 3995 ὥσπερ
534 3922 770 3995 ἄκρατον
809 3919 950 3977 οἶνον
992 3912 1300 3997 ἐργάζεται.
1349 3917 1461 3976 Εἶτ’
1503 3921 1776 3974 ἐπιδίδωσι
1819 3921 1878 3974 τὸ

309 4018 432 4071 κατ’
455 4013 611 4080 ἀξίαν
636 4014 786 4086 πόμα
809 4014 1088 4083 ἀναλόγως
1109 4015 1228 4078 ταῖς
1250 4015 1478 4068 ἑκάστου
1510 4012 1740 4084 πράξεσι
1765 4029 1881 4084 κιρ-

307 4106 417 4160 νῶν
466 4106 596 4159 αὐτὸ
633 4105 775 4160 κατὰ
809 4106 904 4159 τὸν
932 4105 1028 4159 τοῦ
1057 4105 1265 4160 δικαίου
1310 4104 1485 4174 λόγον.
1525 4104 1618 4178 Μὴ
1646 4105 1754 4177 γὰρ
1779 4107 1878 4170 τὰς

307 4197 517 4268 φαύλας
554 4199 779 4270 πράξεις
817 4198 982 4270 μόνας
1032 4198 1285 4262 ἑκάστου,
1321 4197 1460 4252 ἀλλὰ
1491 4196 1712 4261 καὶτὰς
1737 4198 1876 4265 ἀγα-

309 4292 408 4354 θάς
429 4289 756 4358 λογίζεσθαι,
782 4287 1122 4360 σταθμᾶσθαι
1149 4305 1209 4343 τε
1236 4287 1424 4359 ὥσπερ
1449 4287 1758 4360 συμμετρίᾳ
1784 4288 1878 4342 καὶ

1988 447 2166 500 minus
2207 444 2347 499 Deus
2386 442 2562 498 Israel
2592 444 2659 498 ad
2691 461 2772 498 me
2793 483 2810 509 ,
2844 444 3002 500 Sume
3029 446 3248 500 calicem
3277 449 3384 502 vini
3416 451 3550 504 meri

1989 538 2053 593 de
2096 552 2256 591 manu
2302 552 2439 602 mea,
2507 545 2555 590 et
2595 536 2802 606 potabis
2845 538 2960 606 ipso
3005 554 3182 592 omnes
3225 547 3436 609 gentes,
3479 541 3548 595 ad

1982 646 2118 699 quas
2147 645 2238 698 ego
2269 629 2475 681 mittam
2503 635 2569 683 te.
2602 627 2668 681 Et
2699 627 2874 681 bibent
2897 638 2950 682 et
2977 639 3182 683 voment
3207 639 3258 685 et
3285 631 3551 688 insanirnt

1987 736 2022 773 a
2043 720 2177 787 facie
2197 718 2392 789 gladii,
2415 733 2565 789 quem
2589 735 2678 789 ego
2700 719 2908 772 mittam
2928 720 2986 772 in
3007 721 3233 774 medium
3250 738 3453 776 eorum.
3479 723 3550 776 Et

1989 814 2164 883 accepi
2207 813 2422 867 calicem
2462 813 2526 866 de
2569 828 2731 866 manu
2773 810 3023 877 Domini,
3065 823 3113 867 et
3154 817 3329 882 potavi
3370 812 3574 871 omnes:

1985 914 2159 975 gentes
2209 904 2278 958 ad
2307 921 2436 975 quas
2467 906 2611 958 misit
2639 921 2716 958 me
2749 903 3004 959 Dominus
3022 920 3041 959 :
3068 904 3366 961 Jerusalem
3389 919 3443 963 et
3471 910 3550 964 ci-

1987 994 2172 1047 vitates
2195 992 2338 1048 Iuda
2357 1034 2372 1056 ,
2401 1011 2542 1065 reges
2570 995 2682 1063 ejus
2710 1002 2760 1048 et
2789 996 3049 1063 principes
3079 996 3193 1066 ejus
3211 1037 3226 1062 ,
3257 998 3326 1051 ad
3352 1014 3552 1068 ponen-

1986 1086 2111 1140 dum
2141 1102 2229 1141 eos
2257 1089 2312 1140 in
2342 1086 2680 1141 solitudinem
2701 1127 2716 1150 ,
2744 1087 2802 1140 in
2834 1087 3062 1153 inviam,
3091 1099 3140 1143 et
3170 1091 3225 1142 in
3251 1091 3554 1148 subsanna-

1989 1178 2177 1232 tionem
2203 1193 2220 1231 :
2246 1187 2296 1233 et
2321 1176 2654 1232 Pharaonem
2682 1195 2849 1248 regem
2875 1178 3095 1250 zEgypti
3111 1221 3126 1246 ,
3152 1191 3202 1235 et
3226 1198 3414 1251 pueros
3434 1185 3550 1254 ejus

1984 1279 2035 1324 et
2058 1271 2340 1338 optimates
2367 1271 2484 1340 ejus
2515 1272 2557 1302 “
2585 1287 2600 1336 ;
2629 1285 2692 1324 ac
2721 1271 2980 1342 deinceps
3006 1272 3123 1328 ait:
3158 1272 3228 1326 Et
3255 1292 3432 1330 omnes
3461 1295 3550 1333 re-

1985 1375 2070 1428 ges
2099 1369 2252 1413 terra:
2286 1360 2731 1430 alienigenarum,
2759 1361 3106 1427 Ascalonem,
3136 1364 3339 1419 Gazam
3365 1377 3416 1420 et
3445 1373 3554 1422 Ac-

1982 1468 2228 1506 caronem
2249 1491 2264 1517 ,
2299 1451 2594 1508 Idumwam
2627 1463 2677 1506 et
2716 1452 3058 1510 Moabitidem
3084 1497 3098 1521 ,
3123 1459 3263 1526 filios
3283 1459 3507 1515 Ammon
3529 1500 3548 1527 ,

1982 1554 2033 1599 et
2059 1561 2233 1599 omnes
2262 1562 2401 1616 reges
2432 1545 2595 1616 Tyri,
2616 1555 2673 1600 ‘et
2699 1563 2876 1602 omnes
2906 1565 3049 1620 reges
3074 1549 3289 1605 Sidonis
3310 1592 3326 1615 ,
3352 1562 3404 1606 et
3436 1571 3553 1608 om-

1985 1654 2072 1691 nes
2098 1654 2236 1708 reges
2262 1636 2459 1692 Insulae
2483 1647 2632 1692 trans
2657 1655 2802 1694 mare
2828 1639 2894 1695 “.
2927 1639 3124 1698 Postea
3150 1658 3281 1698 vero
3308 1645 3388 1699 sic
3415 1662 3553 1702 con-

1985 1729 2156 1784 cludit
2186 1748 2198 1784 :
2230 1729 2378 1783 Dixit
2409 1729 2664 1784 Dominus
2696 1731 3022 1801 omnipotens
3050 1733 3191 1788 Deus
3216 1734 3430 1792 Israel:
3455 1739 3552 1792 Bi-

1985 1819 2089 1874 bite
2113 1828 2162 1873 et
2195 1821 2558 1885 inebriamini,
2589 1830 2639 1874 et
2669 1823 2881 1877 vometis
2906 1863 2921 1888 ,
2953 1835 3002 1878 et
3034 1828 3387 1892 procumbetis
3409 1869 3424 1894 ,
3457 1848 3551 1886 nec

1983 1912 2262 1980 resurgetis
2287 1928 2320 1964 a
2342 1911 2476 1979 facie
2497 1911 2696 1981 gladii,
2720 1929 2872 1983 quem
2892 1930 2985 1984 ego
3010 1917 3216 1970 mittam
3237 1920 3292 1972 in
3320 1921 3547 1976 medim

1983 2004 2159 2057 vestri.
2187 2001 2254 2056 Et
2280 2005 2412 2068 erit,
2437 2004 2486 2057 si
2506 2003 2770 2058 noluerint
2795 2007 3026 2073 accipere
3051 2009 3271 2062 calicem
3295 2010 3360 2065 de
3384 2029 3548 2066 manu

1983 2103 2108 2160 tua,
2141 2103 2197 2146 ut
2224 2093 2433 2157 bibant,
2463 2093 2604 2148 dices
2632 2093 2701 2145 ad
2729 2110 2818 2149 eos
2839 2136 2855 2160 ,
2890 2094 2980 2150 Sic
3005 2095 3136 2150 dicit
3161 2097 3420 2155 Dominus
3449 2103 3552 2157 uir-

1983 2194 2182 2250 tutum,
2205 2185 2432 2240 bibentes
2462 2184 2644 2240 bibetis
2669 2185 2734 2241 ".
2764 2185 2929 2252 Queis
2950 2187 3234 2256 ediscitur,
3266 2191 3434 2248 Deum
3463 2196 3550 2251 in-

1982 2288 2097 2334 star
2134 2277 2368 2342 medici,
2407 2291 2654 2332 amarum
2680 2279 2982 2335 antidotum
3009 2283 3292 2353 egentibus
3317 2285 3546 2353 oiierre,

1983 2383 2178 2439 nempe
2216 2367 2634 2439 castigationes,
2668 2377 2727 2422 ut
2756 2379 3042 2436 evomant,
3078 2373 3452 2445 malitiamque
3481 2377 3550 2432 il-

1982 2459 2090 2512 lam
2135 2458 2520 2514 exuberantem
2564 2472 2727 2529 quam
2769 2459 2918 2515 intus
2956 2461 3158 2517 habent
3203 2476 3546 2536 exonerent;

1981 2549 2325 2621 primamque
2355 2549 2659 2605 Jerusalem
2693 2566 2758 2607 eo
2789 2552 2960 2608 calice
2990 2554 3316 2623 potandam;
3351 2557 3550 2615 deinde

1982 2641 2220 2712 reliquas
2258 2650 2445 2712 gentes
2465 2681 2482 2708 ,
2523 2642 2651 2712 quia
2679 2656 2869 2699 omnes
2901 2642 3066 2699 simili
3099 2648 3418 2717 purgatione
3452 2664 3550 2719 per

1981 2733 2162 2790 illatas
2183 2734 2570 2806 castigationes
2596 2737 2895 2790 evacuandi
2916 2746 3065 2793 sunt.
3085 2739 3336 2796 Praesens
3365 2741 3549 2811 itaque

1981 2824 2251 2879 sententia
2289 2825 2514 2896 perinde
2559 2831 2726 2895 atque
2777 2825 3092 2897 prophetica
3140 2829 3230 2884 illa
3263 2828 3546 2896 doctrina,

1980 2915 2203 2972 calicem
2232 2931 2354 2972 esse
2377 2915 2534 2972 docet
2564 2917 2619 2971 in
2654 2932 2818 2972 manu
2847 2917 3062 2974 Domini
3086 2935 3102 2987 ;
3140 2922 3196 2978 in
3223 2937 3332 2994 quo
3360 2927 3548 2996 singu-

1981 3008 2157 3062 lorum
2195 3007 2406 3064 fructus
2458 3009 2757 3078 colligens,
2807 3009 2965 3080 quasi
2996 3025 3205 3068 merum
3241 3015 3424 3070 vinum
3453 3033 3549 3072 ex-

1982 3100 2185 3172 primit.
2228 3099 2433 3156 Deinde
2463 3116 2592 3156 vero
2623 3117 2722 3170 pro
2748 3101 2980 3170 iustitia:
3013 3105 3244 3172 ratione,
3280 3115 3333 3163 et
3358 3110 3550 3178 cujus-

1981 3208 2087 3263 que
2136 3193 2333 3247 merito
2373 3201 2559 3262 potum
2597 3201 2942 3265 temperans,
2967 3196 3233 3268 cujusque
3268 3201 3546 3259 actionum

1983 3283 2331 3352 proportione
2359 3283 2542 3337 habita
2564 3321 2579 3345 ,
2614 3284 2748 3353 ipsis
2781 3284 3073 3341 bibendum
3111 3290 3382 3359 propinat.
3425 3291 3548 3350 Non

1979 3375 2123 3430 enim
2155 3391 2321 3444 prava
2348 3376 2615 3430 duntaxat
2644 3376 2984 3449 singulorum
3015 3396 3182 3450 opera
3205 3421 3221 3444 ,
3253 3383 3350 3438 sed
3377 3386 3543 3440 etiam

1980 3467 2123 3522 bona
2149 3467 2509 3523 examinanda
2536 3477 2590 3524 et
2619 3485 2774 3540 aequa
2807 3471 2962 3528 lance
2994 3475 3344 3543 ponderanda
3371 3487 3504 3534 sunt
3541 3529 3544 3533 .

1979 3567 2143 3628 atque
2164 3567 2554 3629 congruentem
2583 3561 2921 3634 singulorum
2953 3568 3213 3635 operibus
3237 3578 3422 3638 potum
3457 3585 3547 3641 pa-

1980 3665 2103 3706 rare
2143 3665 2282 3721 opus
2331 3659 2434 3707 est.
2463 3651 2620 3718 Quod
2657 3654 2774 3724 ipse
2805 3656 3049 3712 declarat
3079 3659 3164 3714 bis
3193 3661 3373 3716 verbis
3401 3679 3414 3716 :
3473 3661 3544 3717 Et

1977 3742 2248 3796 inclinavit
2286 3757 2350 3797 ea:
2391 3731 2487 3796 hoc
2527 3743 2582 3797 in
2625 3745 2760 3808 hoc;
2803 3747 2878 3802 ita
2920 3756 2977 3802 ut
3017 3765 3124 3804 una
3165 3752 3544 3810 commistione

1980 3837 2120 3890 mala
2151 3836 2487 3906 singulorum
2515 3851 2678 3906 opera
2709 3839 2867 3896 bonis
2895 3848 3284 3912 temperentur.
3314 3843 3422 3900 Pro
3451 3847 3545 3902 illo

1978 3937 2194 3993 autem,
2231 3927 2517 3983 Inclinavit
2554 3945 2620 3984 ea:
2645 3930 2742 3984 hoc
2771 3933 2827 3986 in
2859 3931 2955 3986 hoc
2974 3972 2990 3998 ,
3033 3933 3425 4006 Symmachus,
3455 3938 3545 3993 Ita

1977 4031 2036 4074 ut
2065 4021 2277 4074 trahant
2303 4021 2367 4074 ab
2396 4023 2508 4091 ipso
2535 4063 2551 4089 ,
2584 4023 2972 4094 interpretatus
3004 4039 3088 4083 est
3115 4047 3130 4095 ;
3165 4037 3219 4085 et
3259 4040 3316 4085 ut
3353 4031 3542 4089 fzecent

1978 4105 2166 4161 bibant
2197 4123 2388 4163 omnes
2419 4117 2739 4178 peccatores
2779 4120 2960 4169 terras.
3012 4114 3131 4171 NOn
3171 4119 3315 4173 enim
3355 4123 3542 4176 mistio

1974 4201 2310 4266 temperata,
2349 4197 2444 4251 sed
2474 4198 2619 4268 quod
2650 4209 2954 4255 extremum
2987 4217 3052 4257 ae
3095 4205 3369 4260 turbidum
3415 4215 3499 4262 est
3522 4247 3540 4274 ,

1975 4287 2221 4356 gravium
2249 4287 2514 4343 scelerum
2541 4289 2650 4343 reis
2676 4299 3004 4346 reservatur.
3034 4291 3213 4357 Quare
3242 4293 3544 4347 secundum

327 4381 638 4453 ιατάλληλον
678 4384 792 4446 τοῖς
845 4381 1075 4436 ἑκάστου
1125 4379 1304 4451 ἔργοις
1346 4379 1765 4451 ἀπεργάσασθαι
1814 4381 1874 4435 τὸ

1981 4372 2361 4446 Symmachum
2386 4377 2593 4432 dictum
2617 4386 2703 4434 est
2723 4380 3118 4436 :Verumtamen
3133 4382 3285 4451 faces
3297 4384 3409 4452 ejus
3423 4392 3544 4454 gut-

305 4477 516 4546 κρᾶμα.
549 4475 616 4528 ‘0
633 4473 697 4544 δὴ
724 4473 1021 4544 παρίστησι
1046 4469 1220 4539 λόγον·
1247 4469 1358 4524 Kal
1381 4472 1623 4525 ἔκλινεν
1641 4471 1711 4524 ἐκ
1738 4473 1872 4527 τού-

1979 4475 2132 4529 tatim
2161 4476 2450 4544 expriment
2477 4474 2703 4530 bibentes
2733 4477 2957 4545 improbi
2987 4487 3162 4534 terra.

304 4583 414 4624 του
446 4571 534 4634 είς
569 4569 772 4624 τοῦτο·
823 4567 900 4632 ὼς
952 4567 1019 4622 ἂν
1067 4565 1168 4638 μία
1203 4563 1414 4633 γένοιτο
1456 4566 1652 4637 κρᾶσις
1688 4565 1798 4620 τῶν
1835 4585 1894 4622 τε
1934 4570 2166 4624 ἑκάστου
2236 4569 2522 4642 μοχθηρῶν
2556 4569 2806 4643 πράξεων
2855 4571 2950 4624 καὶ
2994 4571 3103 4626 τῶν
3143 4573 3544 4646 χρηστοτέρων.

318 4661 465 4716 Ἀντὶ
501 4660 558 4713 δὲ
600 4659 716 4725 τοῦ,
773 4658 1112 4724 Ἐξέκλινεν
1175 4657 1244 4711 ἐκ
1282 4657 1497 4712 τούτου
1541 4661 1629 4724 είς
1674 4659 1872 4726 τοῦτο,
1914 4665 1942 4716 ὀ
1980 4662 2292 4734 Σύμμαχος,
2342 4663 2519 4716 Ὥστε
2567 4663 2770 4718 ἕλκειν
2817 4664 2918 4718 ἀπ’
2964 4666 3171 4731 αὐτοῦ,
3212 4668 3545 4740 ἡρμήνευσεο

299 4755 404 4826 τὴν
434 4754 492 4808 δὲ
526 4754 704 4828 τρύγα
742 4754 978 4808 πιεϊσθαι
1005 4752 1212 4814 πάντας
1237 4751 1363 4815 τοὺς
1389 4753 1742 4824 ἁμαρτωλοὺς
1773 4755 1870 4826 τῆς
1907 4757 2028 4828 γῆς.
2064 4758 2258 4813 Οὐκέτι
2289 4757 2398 4830 γὰρ
2421 4759 2629 4829 κρᾶμα,
2652 4757 2788 4813 ἀλλὰ
2835 4760 2896 4812 τὸ
2937 4759 3160 4830 ἔσχατον
3198 4763 3291 4816 καὶ
3329 4762 3549 4836 θολερὸν

300 4850 415 4912 τοῖς
437 4849 506 4902 τὰ
529 4848 740 4920 μεγάλα
766 4843 1137 4920 ἡμαρτηκόσιν
1163 4845 1567 4901 ἁποκείσεσθαι.
1603 4847 1694 4901 Διὸ
1725 4849 1869 4903 κατὰ
1905 4851 1996 4905 τὸν
2023 4852 2314 4925 Σύμμαχον
2340 4853 2572 4925 εἴρηται’
2590 4836 2776 4922 ’Πλὴν
2823 4855 2931 4919 τὰς
2989 4857 3232 4926 τρυτίας
3259 4858 3548 4928 ἐκστραγ-

307 4943 502 5014 γιούσι
535 4946 812 5009 πίνοντες
835 4945 886 4996 οἱ
914 4941 1134 5012 φαῦλοι
1177 4939 1288 5009 τῆς
1320 4941 1452 5010 τῆς.

388 5063 527 5132 Ἐγὼ
555 5063 624 5116 δὲ
645 5061 960 5132 ἀπαγγελῶ
984 5063 1070 5126 είς
1097 5061 1203 5115 τὸν
1225 5058 1428 5124 αἰῶνα,
1459 5061 1636 5130 ψαλῶ
1656 5061 1734 5127 τῷ
1754 5061 1875 5126 Θεῷ

314 5153 530 5210 Ἰακώϐ.
565 5154 645 5208 Τὰ
672 5153 769 5226 μὲν
795 5153 1160 5226 προλεχθὲντα
1191 5152 1370 5207 πάντα
1399 5149 1526 5205 εἶπα
1553 5157 1664 5216 τοῖς
1698 5169 1876 5224 παρα-

302 5245 564 5317 νομοῦσι,
621 5247 715 5299 καὶ
768 5245 1144 5316 διεστειλάμην
1202 5245 1374 5299 ἆπασι
1438 5244 1871 5316 μαρτυράμενος.

316 5337 458 5406 Ἐγὼ
492 5337 547 5390 δὲ
586 5337 615 5390 ὁ
645 5337 900 5408 ἀνωτέρω
933 5335 1118 5389 εἰπών·
1157 5334 1523 5404 Διηγήσομαι
1551 5333 1623 5387 τὰ
1649 5336 1871 5405 θαυμά-

302 5429 410 5484 σιά
450 5444 588 5494 σου,
635 5429 780 5483 ὅταν
820 5426 984 5482 λάϐω
1037 5427 1262 5496 καιρόν⁸
1323 5426 1414 5479 καὶ
1458 5425 1620 5479 πάλιν
1672 5427 1866 5496 φήσας

316 5523 457 5593 Ἐγὼ
500 5521 828 5590 εὐθύτητας
872 5519 1068 5590 κρινῶ·
1124 5519 1220 5573 καὶ
1273 5513 1426 5582 αὖθις
1483 5515 1675 5571 εἰπών·
1735 5518 1874 5571 Ὲνὼ

2048 5061 2212 5118 Vens.
2247 5063 2332 5128 10,
2369 5062 2459 5116 Η.
2496 5060 2605 5132 Ego
2628 5070 2802 5143 autem
2826 5063 3152 5116 annuntiabo
3177 5063 3232 5116 in
3252 5065 3506 5120 saeculum
3523 5105 3538 5128 ,

1976 5149 2198 5205 cantabo
2231 5149 2340 5204 Deo
2369 5150 2557 5204 Jacob.
2593 5149 2768 5220 Supra
2803 5162 3102 5206 memorata
3135 5156 3317 5210 onmia
3350 5157 3536 5225 inique

1974 5242 2259 5312 agentibus
2296 5241 2436 5305 dixi,
2478 5250 2533 5297 et
2577 5251 2919 5298 contestatus
2963 5245 3220 5299 omnibus
3271 5252 3539 5316 prmoepta

1973 5330 2120 5386 dedi.
2149 5333 2259 5403 Ego
2281 5347 2410 5386 vero
2432 5333 2524 5401 qui
2547 5333 2800 5403 superius
2824 5332 2966 5400 dixi,
2998 5331 3242 5388 Narrabo
3270 5333 3540 5387 mirabilia

1970 5435 2084 5490 tua,
2117 5439 2233 5476 cum
2265 5428 2508 5491 accepero
2542 5433 2741 5493 tempus
2775 5425 2842 5458 ”‘
2871 5443 2886 5491 ;
2922 5442 2984 5481 ac
3017 5440 3233 5479 rursum
3261 5442 3275 5477 :
3313 5422 3423 5492 Ego
3452 5437 3539 5477 reo.

1979 5517 2258 5572 ctitudines
2299 5516 2542 5571 iudicabo
2576 5517 2661 5578 “;
2704 5521 3046 5578 iterumque,
3083 5514 3191 5583 Ego
3229 5513 3540 5582 conﬁrmavi

373 5677 418 5710 “
453 5676 546 5734 ιετ
600 5691 728 5738 xxv,
764 5674 948 5730 15-19.
1025 5675 1069 5708 δ’
1108 5674 1241 5728 ibid.
1272 5673 1461 5732 20-22.
1542 5676 1584 5709 “
1623 5672 1752 5729 ibid.
1779 5673 1853 5728 27‘

1981 5715 1995 5732 .
2064 5673 2134 5705 “'
2157 5672 2502 5738 Psal.Lxx1v,
2532 5674 2588 5740 2,
2612 5674 2667 5729 '5.
2739 5675 2781 5706 ³⁸
2810 5673 2918 5728 ibid
2973 5673 3006 5727 5

585 5773 854 5835 Parant.
889 5771 1007 5833 Gn.
1041 5771 1274 5834 XXIII.

3101 5767 3181 5827 28
