4008 6210
347 218 449 285 8T7

1457 228 1956 285 COMMENTARIA
1996 225 2063 285 IN
2097 231 2435 289 PSALMOS.

3469 236 3572 292 878

341 341 552 412 γονέναι
575 340 665 396 τδν
689 340 852 397 τόπον
876 340 1059 397 αὑτοῦ·
1090 344 1184 398 καὶ
1204 344 1255 398 οἱ
1285 342 1460 397 λοιποὶ
1493 344 1551 397 δὲ
1581 344 1903 416 ἑρμηνευταὶ

2010 343 2210 402 lsraele
2254 353 2412 409 sunt,
2448 343 2615 401 lsrael
2649 362 2810 403 esse:
2861 363 3035 419 neque
3077 357 3343 420 quotquot
3384 367 3573 408 semen

342 435 527 489 τοῦτον
556 436 900 508 ἡρμήνευσαν
923 436 1014 490 τὸν
1040 437 1260 509 τρόπον,
1282 437 1353 489 ἐν
1378 436 1589 506 Σαλήμ
1615 437 1906 492 ἐκδεδωκό-

340 543 453 590 τες.
505 527 563 580 ’0
590 527 645 580 δὲ
667 530 780 592 τοῖς
804 526 968 592 θείοις
989 528 1219 599 δόγμασι
1251 544 1316 599 με
1324 526 1749 599 μαθητευμένος,
1784 545 1908 582 παι-

341 617 570 684 δευθεὶς,
601 618 682 673 ὃτι
708 620 771 673 οὐ
805 619 1005 683 πάντες
1039 620 1088 673 οί
1119 618 1176 686 ἐξ
1223 619 1438 691 Ἰσραὴλ
1474 612 1619 674 οὗτοι
1664 620 1903 691 Ἰσραὴλ,

345 710 462 762 οὐδὲ
506 710 619 765 ὅσοι
660 710 877 783 σπέρμα
927 711 1175 783 Ἀϐραάμ
1213 714 1339 776 εἰσι,
1382 712 1582 775 πάντες
1619 712 1801 765 τέκνα·
1843 712 1905 766 οὐ

341 799 451 873 γὰρ
462 800 533 854 τὰ
549 802 712 855 τέκνα
734 802 832 872 τῆς
859 802 1055 873 σαρκὸς
1077 802 1246 857 ταῦτα
1266 804 1429 857 τέκνα
1478 804 1572 858 τοῦ
1601 805 1756 869 Θεοῦ,
1773 805 1908 859 ἀλλὰ

340 888 412 942 τὰ
436 890 602 944 τέκνα
641 891 742 961 τῆς
777 891 1106 960 ἐπαγγελίας
1134 892 1408 962 λογίζεται
1451 895 1530 956 εἰς
1561 893 1799 967 σπέρμα·
1827 894 1906 948 ἔτι

339 995 399 1034 τε
441 981 750 1045 ἐπακούσας
791 981 884 1035 τοῦ
930 984 1095 1038 αὐτοῦ
1141 984 1462 1038 ’Δποστόλου
1502 981 1769 1055 λέγοντος,
1825 988 1907 1041 Οὐ

340 1068 452 1141 γὰρ
490 1074 524 1125 ό
564 1071 637 1125 ἐν
684 1070 764 1138 τῷ
786 1073 1020 1143 φανερῷ
1067 1074 1343 1142 Ἰουδαῖός
1374 1076 1565 1140 ἐστιν,
1600 1077 1741 1131 οὐδὲ
1774 1079 1812 1145 ἠ
1839 1079 1909 1132 ἐν

337 1159 419 1226 τῷ
445 1162 677 1232 φανερῷ
703 1164 773 1218 ἐν
802 1165 978 1234 σαρκὶ
1013 1166 1315 1236 περιτομή·
1345 1167 1481 1222 ἀλλ’
1516 1170 1550 1221 ὁ
1572 1167 1643 1222 ἐν
1664 1167 1744 1233 τῷ
1767 1188 1906 1238 κρυ-

336 1252 464 1317 πτῷ
516 1254 812 1320 Ἰουδαῖος,
866 1256 964 1310 καὶ
1007 1257 1290 1327 περιτομὴ
1342 1257 1591 1327 καρδίας
1627 1259 1699 1313 ἐν
1732 1262 1909 1314 πνεύ-

329 1362 493 1415 ματι,
527 1349 598 1401 οὐ
628 1346 938 1416 γράμματι·
972 1343 1044 1403 οὗ
1079 1350 1113 1401 ὁ
1149 1348 1395 1413 ἔπαινος
1431 1350 1543 1402 οὐκ
1583 1348 1652 1413 ἐξ
1691 1350 1908 1419 ἀνθρώ-

335 1450 487 1501 πων,
533 1439 666 1493 ἀλλ’
709 1439 779 1491 ἐκ
822 1435 930 1492 τοῦ
976 1437 1144 1493 Θεοῦ·
1191 1440 1284 1492 καὶ
1329 1438 1509 1493 πάλιν·
1565 1439 1754 1509 Ἡμεῖς
1795 1440 1907 1510 γάρ

332 1532 524 1600 ἐσμεν
552 1532 623 1585 ἐν
651 1531 937 1602 περιτομῇ
969 1534 1023 1586 οἱ
1050 1532 1120 1585 ἐν
1152 1530 1442 1601 πνεύματι
1482 1530 1631 1585 Θεοῦ
1656 1533 1907 1601 λατρεύ-

331 1641 528 1690 οντες,
560 1623 656 1677 καὶ
681 1626 792 1679 οὐκ
822 1625 891 1677 ἐν
918 1622 1094 1693 σαρκὶ
1121 1624 1485 1689 πεποιθότες·
1526 1622 1606 1675 ἔτι
1648 1623 1754 1695 μὴν
1790 1625 1909 1677 ὲπι-

2004 436 2309 503 Abraham,
2349 437 2490 493 ﬁlios
2531 438 2656 508 ejus
2696 453 2819 494 esse
2855 458 2869 493 :
2904 454 3013 494 non
3044 440 3190 495 enim
3223 441 3317 497 lilii
3346 444 3531 499 carnis
3554 483 3572 506 .

2006 527 2043 581 ii
2075 528 2169 582 lilii
2203 526 2296 584 Dei
2330 535 2490 593 sunt,
2523 527 2619 584 sed
2663 528 2756 583 filii
2803 530 3222 599 promissionis,
3265 530 3302 584 ii
3345 547 3444 601 pro
3483 547 3574 588 se-

2006 620 2153 675 mine
2186 629 2612 692 computantur;
2643 636 2767 676 cum
2801 622 3037 677 audierit
3077 623 3204 678 item
3248 624 3383 679 illud
3428 626 3574 698 Apo-

2007 707 2132 763 stoli
2163 708 2402 775 dictum,
2438 709 2560 763 Non
2594 710 2731 763 enim
2767 711 2857 780 qui
2899 712 2951 765 in
2997 713 3310 782 manifesto,
3352 714 3573 771 Juda'us

2005 808 2084 852 est
2103 837 2119 863 ,
2148 816 2306 869 neque
2332 816 2449 871 qua:
2477 801 2531 854 in
2567 800 2848 869 manifesto
2891 803 2946 855 in
2975 818 3131 857 carne
3169 813 3246 857 est
3294 805 3575 859 circumci-

2006 891 2123 952 sio;
2149 892 2237 944 sed
2258 892 2348 962 qui
2369 892 2423 944 in
2445 892 2773 955 abscondito,
2792 876 3014 949 Juda'us
3038 906 3116 951 est
3134 911 3153 950 :
3174 906 3223 950 et
3244 897 3577 952 circumcisio

2009 980 2181 1035 cordis
2212 982 2267 1035 in
2301 982 2516 1052 spiritu,
2551 1000 2653 1036 non
2685 984 2885 1049 littera,
2916 984 3069 1055 cujus
3104 987 3224 1041 laus
3254 1004 3358 1042 non
3388 1003 3453 1042 ex
3480 988 3576 1044 lto-

2009 1071 2270 1137 minibus,
2304 1074 2393 1127 sed
2427 1088 2491 1126 ea:
2526 1072 2635 1128 Deo
2663 1083 2741 1129 est
2776 1074 2849 1141 ‘9;
2883 1090 2947 1131 ac
2989 1091 3244 1143 rursum,
3294 1076 3408 1133 Nos
3436 1081 3578 1134 enim

2006 1179 2188 1217 sumus
2214 1162 2271 1217 in
2299 1164 2696 1219 circumcisione
2722 1166 2808 1236 qui
2842 1166 2896 1220 in
2939 1167 3126 1235 spiritu
3162 1166 3260 1222 Dei
3282 1169 3533 1225 servimus
3556 1208 3574 1234 ,

2007 1270 2167 1325 neque
2209 1256 2264 1308 in
2309 1271 2470 1310 carne
2505 1256 2823 1326 conﬁdimus
2854 1259 2941 1324 ⁵⁰;
2980 1275 3103 1314 cum
3148 1260 3578 1317 consideraverit

2006 1346 2170 1401 etiam
2205 1347 2336 1402 illud
2358 1388 2373 1412 ,
2408 1348 2668 1417 Respicite
2711 1347 2886 1403 Israel
2926 1352 3210 1406 secundum
3260 1369 3472 1407 carnem
3502 1354 3572 1415 ⁸¹,

2006 1443 2194 1508 utpote
2234 1438 2442 1494 scilicet
2478 1441 2585 1495 alio
2622 1443 2955 1508 exsistente,
2984 1444 3076 1514 qui
3115 1460 3224 1499 non
3269 1446 3572 1501 secundum

2007 1544 2227 1585 carnem
2248 1569 2263 1594 ,
2296 1529 2392 1588 sed
2419 1533 2719 1588 secundum
2752 1534 3004 1605 spiritum
3036 1551 3200 1593 verus
3242 1536 3406 1593 Israel
3444 1547 3528 1593 est
3555 1558 3570 1605 ;

2006 1619 2121 1676 hac
2151 1622 2380 1679 edoctus
2399 1663 2414 1688 ,
2447 1640 2634 1680 verum
2667 1625 2919 1682 lsraelem
2950 1628 3200 1684 admittet
3230 1645 3352 1686 eum
3382 1632 3475 1701 qui
3504 1649 3572 1688 ex

334 1716 542 1785 στήσας
568 1717 649 1780 τὸ,
683 1714 942 1769 Βλέπετε
986 1713 1090 1768 τὸν
1132 1714 1366 1784 Ἰσραὴλ
1398 1714 1548 1768 κατὰ
1576 1713 1790 1784 σάρκα,
1830 1717 1903 1781 ὡς

2005 1726 2170 1783 opere
2196 1713 2621 1773 demonstratur.
2652 1717 2858 1774 Nomen
2888 1734 3051 1790 porro
3079 1721 3343 1791 accipitur
3375 1739 3476 1793 pro
3505 1740 3572 1779 eo

334 1807 526 1880 ἑτέρου
557 1807 709 1872 ὄντος
739 1806 833 1861 τοῦ
865 1808 937 1879 μὴ
961 1806 1102 1861 κατὰ
1135 1807 1330 1877 σάρκα,
1364 1806 1499 1860 ἀλλά
1521 1806 1661 1860 κατὰ
1689 1807 1905 1879 πνεῦμα

332 1899 588 1971 ἀληθινοῦ
632 1901 863 1971 Ἰσραήλ·
889 1899 1096 1963 τούτοις
1127 1898 1627 1970 μεμαθητευμένος,
1657 1898 1747 1952 τὸν
1777 1898 1907 1970 ἀλη-

334 1991 480 2046 θινὸν
523 1991 734 2063 Ἰσραὴλ
765 1991 1036 2056 ἐκδέξεται
1067 1987 1204 2046 εἶναι
1233 1991 1323 2045 τὸν
1354 1992 1420 2045 ὲκ
1453 1990 1548 2045 τοῦ
1584 1992 1906 2065 πράγματος

334 2084 746 2156 σημαινόμενον.
781 2082 1271 2154 Μεταλαμϐάνεται
1292 2081 1424 2153 γοῦν
1450 2082 1684 2155 τοῦνομα
1709 2086 1787 2148 εἰς
1813 2084 1904 2138 τὸν

250 2236 265 2247 ο
329 2178 542 2249 δρῶντα
566 2177 657 2231 τὸν
686 2176 836 2230 Θεόν·
865 2177 957 2230 τὸν
998 2175 1302 2249 διορατικὸν
1343 2175 1522 2229 τοίνυν
1550 2176 1645 2251 καὶ
1674 2193 1902 2245 γνωστι-

328 2267 427 2322 κὸν
453 2268 545 2320 καὶ
576 2265 994 2339 ἐπιστημονικὸν
1023 2266 1190 2336 ἄνδρα
1228 2266 1388 2337 μόνον
1426 2261 1563 2319 εἶναι
1600 2265 1689 2319 τὸν
1720 2266 1904 2338 ἀληθι-

325 2360 420 2412 νὸν
455 2359 667 2431 Ἰσραὴλ
685 2360 1062 2429 ἀποφανεὴαι·
1087 2358 1146 2412 ὃν
1167 2359 1201 2428 ὴ
1234 2356 1372 2428 μετὰ
1395 2360 1582 2428 χεῖρας
1608 2357 1903 2430 παρίστησι

324 2450 475 2516 λέξις
520 2451 819 2521 φάσκουσα·
870 2452 966 2504 Ἐν
1005 2449 1084 2516 τῷ
1129 2448 1369 2519 Ἰσραὴλ
1409 2447 1564 2519 μέγα
1606 2449 1673 2504 τὸ
1717 2451 1904 2521 ὄνομα

325 2541 537 2597 αὐτοῦ.
576 2542 815 2614 Ἐλέγχει
846 2542 904 2595 δὲ
934 2542 1023 2596 τὸν
1061 2541 1311 2595 Ἰουδαῖον
1337 2542 1437 2596 οὐκ
1474 2542 1621 2607 ἄξιον
1652 2542 1779 2597 ὄντα
1802 2542 1901 2612 τῆς

325 2633 702 2707 προσηγορίας
732 2633 825 2687 τοῦ
864 2632 1080 2705 Ἰσραὴλ
1125 2636 1154 2688 ὁ
1197 2636 1533 2707 προφητικὸς
1573 2634 1729 2703 λόγος
1768 2633 1901 2687 ἀπο-

322 2726 634 2798 τεινόμενος
655 2726 791 2799 πρὸς
811 2726 1007 2791 αὐτοὺς
1028 2727 1122 2780 καὶ
1141 2724 1331 2796 λέγων·
1360 2726 1504 2781 Οὐαί
1529 2727 1705 2793 ἔθνος
1727 2727 1902 2795 ἀμαρ-

322 2817 544 2883 τωυῑόν,
585 2817 735 2883 λαὸς
772 2816 1009 2886 πλήρης
1048 2815 1361 2886 ἁμαρτιῶν·
1422 2816 1535 2881 καὶ,
1588 2816 1901 2871 Ἀκούσατε

322 2898 518 2977 λόγον
550 2909 792 2976 Kvp’ov,
819 2907 1105 2978 ἄρχοντες
1132 2908 1427 2977 Σοδόμων·
1454 2908 1780 2979 προσέχετε
1803 2908 1901 2962 νό-

318 3017 449 3070 μον
479 2999 645 3062 Θεοῦ,
692 3001 840 3066 λαὸς
872 3000 1200 3069 Γομόρρας.
1238 3000 1446 3073 ’Ὥσπερ
1490 2997 1582 3055 οὖν
1616 3002 1645 3054 ὁ
1677 3001 1898 3070 φάσκων
1925 3050 1968 3107 c

325 3089 463 3161 περὶ
491 3088 598 3142 τῶν
620 3088 807 3143 ἐθνῶν·
837 3089 979 3145 Αιότι
1007 3090 1100 3143 ἀπ’
1120 3090 1391 3145 ἀνατολῶν
1428 3091 1577 3162 ἡλίου
1620 3090 1779 3164 μέχρι
1808 3091 1898 3145 δυ-

326 3178 489 3250 σμῶν
511 3180 816 3245 δεδόξασται
847 3182 908 3235 τὸ
934 3181 1103 3253 ὄνομα
1134 3182 1297 3236 αὑτοῦ
1334 3184 1395 3236 ὲν
1428 3186 1539 3246 τοῖς
1577 3183 1773 3249 ἔθνεσι,
1804 3182 1901 3239 καὶ

318 3271 400 3325 ἐν
432 3269 612 3322 παντὶ
644 3271 804 3337 τόπῳ
833 3272 1093 3341 θυμίαμα
1136 3272 1495 3342 προσάγεται
1538 3273 1619 3338 τῷ
1658 3274 1902 3343 ὀνόματί

312 3379 467 3433 μου,
507 3361 605 3416 καὶ
641 3364 824 3417 θυσία
864 3362 1107 3432 καθαρά·
1149 3366 1244 3419 καὶ
1273 3366 1452 3419 πάλιν·
1481 3366 1636 3419 Διότι
1653 3364 1807 3435 μέτα
1834 3364 1900 3419 τὸ

318 3453 518 3523 ὄνομά
546 3471 665 3523 μου
694 3455 763 3508 ἐν
795 3454 918 3522 τοῖς
953 3456 1175 3520 ἔθνεσι,
1210 3457 1395 3526 σαφῶς
1424 3457 1714 3527 παρίστησι
1746 3456 1901 3510 δύνα-

318 3547 456 3603 σθαι
482 3546 552 3599 τὰ
573 3546 697 3619 ἔθνη
727 3543 864 3603 εἶναι
882 3548 973 3602 τὸν
1011 3548 1245 3620 Ἰσραὴλ,
1278 3547 1435 3621 εἴπερ
1459 3550 1529 3602 ἐν
1549 3548 1628 3613 τῷ
1662 3548 1900 3617 Ἰσραὴλ

307 3637 479 3709 μέγα
506 3636 573 3691 τὸ
599 3637 785 3707 ὄνομα
806 3638 1012 3693 αὐτοῦ.
1042 3640 1150 3693 Καὶ
1180 3639 1315 3711 πρὸς
1342 3639 1438 3710 μὲν
1477 3639 1762 3703 Ἰουδαίους
1788 3641 1900 3693 ἐλέ-

313 3745 472 3799 γετο·
490 3727 673 3798 Ὑμεῖς
684 3729 1089 3796 δὲβεσηλοῦτε
1101 3731 1267 3795 αὐτὸ,
1285 3730 1441 3801 δῆλον
1459 3731 1504 3784 δ’
1528 3731 1688 3785 ὅτιτὸ
1732 3730 1901 3801 ὄνομα

310 3823 415 3878 τοῦ
451 3822 606 3877 Θεοῦ.
639 3824 751 3878 Καὶ
779 3819 931 3887 αὖθις
966 3823 1180 3897 εἴρηται
1222 3822 1359 3896 πρὸς
1391 3824 1607 3889 αὐτούς·
1642 3826 1721 3879 Δι’
1746 3825 1900 3894 ὑμᾶς

312 3913 655 3983 διαπαντὸς
691 3916 755 3971 τὸ
801 3915 987 3986 ὄνομά
1030 3932 1149 3986 μου
1190 3916 1642 3985 βλασφημεῖται
1675 3916 1747 3970 ὲν
1776 3916 1900 3983 τοῖς

310 4009 587 4063 ἔθνεσιν.
632 4008 697 4061 Εἰ
732 4008 907 4062 τοίνυν
944 4009 979 4080 ἡ
1016 4008 1153 4079 μετὰ
1198 4010 1386 4079 χεῖρας
1422 4008 1613 4080 Γραφὴ
1661 4009 1898 4062 διδάσκει

312 4101 533 4154 ἐκεῖνον
560 4093 698 4152 εἶναι
725 4099 815 4152 τὸν
859 4099 1093 4171 Ἰσραὴλ,
1126 4101 1255 4171 παρ’
1280 4092 1325 4167 ᾧ
1353 4098 1414 4152 τὸ
1449 4099 1543 4152 τοῦ
1576 4098 1709 4154 Θεοῦ
1742 4098 1898 4163 δοξά-

312 4192 481 4259 ζεται
508 4191 698 4262 ὄνομα,
730 4193 796 4245 ὲκ
824 4191 932 4245 τῶν
960 4191 1261 4263 εἰρημένων
1286 4191 1478 4260 γένοιτ’
1503 4193 1569 4246 ἂν
1602 4192 1898 4264 κατάδηλος

309 4285 343 4339 ὁ
386 4282 625 4352 ὀφείλων
673 4281 923 4351 λέγεσθαι
955 4282 1158 4354 κυρίως
1210 4282 1444 4354 Ἰσραήλ.
1506 4283 1804 4352 ’Ᾱναλόγως
1840 4284 1897 4338 δὲ

309 4375 503 4446 τούτῳ
534 4374 744 4446 νοήσεις
771 4375 863 4428 καὶ
888 4372 987 4445 τὴν
1032 4373 1309 4426 Ἰουδαίαν·
1354 4372 1482 4427 ἔνθα
1518 4374 1626 4446 γάρ
1672 4375 1816 4427 ἐστιν
1861 4376 1894 4447 ἡ
1929 4395 1975 4454 ι)

312 4467 527 4537 γνῶσις
552 4464 646 4518 τοῦ
680 4463 836 4530 Θεοῦ,
865 4464 1004 4535 αὕτη
1039 4465 1185 4517 ἐστὶν
1210 4468 1244 4536 ὴ
1291 4464 1539 4519 Ἰουδαία.
1572 4464 1739 4518 Τοῦτο
1768 4464 1897 4535 γοῦν

312 4561 353 4632 ἡ
393 4557 592 4630 Γραφὴ
632 4557 928 4630 παρίστησι
959 4556 1208 4626 λέγουσα·
1238 4555 1520 4621 Γνωστός
1546 4555 1617 4609 ἐν
1646 4554 1722 4624 τῇ
1762 4555 1899 4629 Ἰον-

313 4651 465 4719 δαίᾳ
492 4653 525 4705 ό
557 4652 720 4717 Θεός.
751 4650 816 4703 Εἰ
841 4650 899 4703 δὲ
933 4648 1006 4721 μὴ
1031 4649 1091 4702 τὸ
1113 4650 1343 4721 πρᾶγμα
1371 4647 1464 4701 ἐπὶ
1488 4650 1585 4719 τῆς
1622 4648 1896 4713 Ἰουδαίας,

314 4741 471 4812 λέγω
489 4741 544 4795 δὲ
561 4742 660 4811 τῆς
682 4740 1052 4795 Παλαιστίνων
1076 4740 1256 4812 χώρας
1283 4739 1605 4810 εὑρίσκοιτο,
1638 4738 1896 4810 πλείστης

316 4833 494 4906 οὔσης
522 4832 956 4905 είδωλολατρείας
979 4834 1037 4886 ὲν
1063 4833 1199 4904 αὐτῇ
1224 4832 1540 4904 γενομένης,
1562 4830 1741 4885 αὐτῶν
1773 4832 1897 4884 Ἰου-

319 4928 493 4982 δαίων
520 4926 582 4980 τδ
606 4925 827 4979 παλαιὸν
850 4924 1399 4998 είδωλολατρευόντων
1422 4926 1478 4977 ὲν
1500 4924 1659 4994 αὐτῇ,
1680 4923 1755 4986 ὡς
1774 4924 1899 4986 τοὺς

322 5021 616 5092 προφήτας
652 5018 971 5088 ἀπελέγχειν
1016 5019 1210 5081 αὐτοὺς
1246 5016 1341 5070 καὶ
1378 5016 1578 5085 λέγειν·
1603 5014 1765 5069 Κατὰ
1788 5013 1901 5083 γὰρ

319 5114 381 5164 τε
394 5129 435 5164 ν
459 5109 707 5183 ἀριθμὸν
734 5108 852 5162 τῶν
877 5106 1114 5162 πόλεών
1140 5122 1257 5162 σου
1282 5103 1444 5176 ἦσαν
1464 5106 1588 5160 θεοί
1607 5121 1724 5159 σου
1765 5105 1900 5158 Ἰού-

318 5203 423 5267 δα,
449 5203 546 5256 καὶ
574 5201 723 5256 κατὰ
741 5200 983 5270 ἀριθμὸν
1001 5197 1282 5269 ἀμφόδων
1310 5198 1693 5267 Ἰερουσαλὴμ
1717 5198 1899 5251 ἔθυον

319 5293 403 5363 τῇ
438 5293 622 5349 Βαάλ·
652 5292 768 5355 πῶς
787 5290 1007 5345 δυνατὸν
1032 5290 1234 5360 ταύτην
1271 5285 1410 5343 εἶναι
1435 5286 1685 5357 λέγεσθαι
1706 5288 1805 5359 τὴν
1833 5286 1893 5340 τὸ

319 5379 567 5450 γνωστὸν
597 5379 690 5433 τοῦ
719 5377 854 5433 Θεοῦ
885 5377 1224 5447 κεκτημένην
1255 5377 1547 5443 Ἰουδαίαν;
1594 5375 1695 5430 Διὰ
1738 5375 1792 5429 τί
1833 5375 1890 5429 δὲ

401 5596 450 5630 ⁸⁸
484 5596 645 5670 Rom.
696 5598 873 5666 ".28,
897 5597 1000 5670 29.
1076 5599 1122 5670 ν
1158 5596 1394 5670 Philipp.
1432 5611 1519 5660 ιιι,
1554 5596 1611 5670 ξ.
1685 5595 1903 5670 ’ξΔῘ-(ἶοῖ

2002 5595 2161 5670 ιηιε.
2209 5594 2438 5670 __"_lsa.
2477 5612 2531 5658 ι,
2567 5595 2651 5670 ιη
2713 5597 2761 5630 ιι
2802 5596 2935 5653 ibid.
2970 5594 3056 5650 ιο.

1718 5666 1763 5700 ⁸⁸
1789 5666 1899 5723 Jer.
1939 5684 2010 5734 ιι,
2041 5666 2133 5722 28.
2208 5666 2251 5701 ⁸⁹
2292 5668 2396 5724 lsa.
2432 5682 2554 5734 xta,
2592 5666 2676 5721 19.

325 5667 421 5723 Η.
499 5670 542 5702 ⁸⁸⁸
581 5669 712 5726 ibid.
746 5664 753 5666 ἡ
788 5670 834 5702 ⁸⁸
870 5664 1001 5726 ibid.
1037 5669 1122 5723 1‘2.
1198 5670 1242 5701 ⁸⁷
1276 5664 1379 5724 Isti.
1423 5683 1518 5734 LII,
1558 5667 1613 5722 5.

2006 1804 2100 1876 qui
2133 1806 2267 1862 videt
2299 1808 2506 1872 Deum;
2536 1825 2667 1882 ergo
2708 1811 2883 1865 virum
2932 1814 3331 1884 perspicacem,
3375 1815 3572 1871 notitia

2003 1899 2290 1971 praeditum
2322 1909 2376 1957 et
2405 1902 2624 1958 doctum
2647 1943 2663 1967 ,
2707 1904 2881 1958 solum
2921 1920 3044 1961 esse
3087 1922 3275 1961 verum
3316 1906 3571 1964 lsraelem

2002 1991 2340 2058 declarabit,
2384 1994 2597 2064 qualem
2645 1994 2761 2050 bare
2800 1996 3072 2051 sententia
3118 1998 3300 2068 prodit
3346 1998 3570 2066 dicens,

2005 2082 2071 2138 In
2097 2083 2271 2140 Israel
2295 2102 2543 2155 magnum
2568 2103 2751 2141 nomen
2775 2086 2910 2156 ejus.
2934 2087 3149 2143 Evincit
3172 2105 3303 2145 vero
3322 2088 3569 2147 Judaeum

2001 2173 2219 2232 lsraelis
2246 2177 2469 2233 nomine
2497 2178 2718 2250 dignum
2750 2196 2858 2234 non
2898 2196 3020 2237 esse
3051 2180 3405 2252 propheticus
3452 2198 3571 2239 ser-

2003 2281 2093 2321 mo
2112 2305 2128 2331 ,
2158 2267 2252 2337 qui
2284 2267 2435 2339 ipsos
2461 2268 2687 2338 respicit
2718 2276 2772 2324 et
2799 2270 2879 2325 sic
2911 2270 3076 2326 habet
3106 2290 3118 2326 :
3162 2270 3249 2325 l’te
3278 2271 3421 2343 genti
3449 2288 3571 2343 pec-

2003 2355 2190 2409 catrici
2210 2394 2226 2419 ,
2251 2358 2442 2425 popqu
2469 2357 2619 2426 pleno
2653 2359 2879 2425 peccatis
2915 2361 2999 2426 ";
3026 2370 3107 2428 et,
3138 2359 3331 2415 Audite
3359 2361 3571 2416 verbum

2001 2444 2239 2516 Domini,
2267 2449 2525 2518 principes
2578 2447 2965 2505 Sodomorum:
3012 2451 3264 2507 attendite
3298 2452 3400 2524 legi
3431 2453 3531 2508 Dei
3551 2495 3569 2517 ,

2001 2539 2223 2607 populus
2251 2538 2557 2594 Gomorrha:
2584 2540 2651 2594 ⁸³.
2688 2540 3155 2607 Quemadmodum
3189 2545 3353 2599 etiam
3382 2545 3474 2615 qui
3502 2546 3571 2600 de

2002 2628 2256 2698 gentibus
2280 2629 2447 2694 dicit,
2479 2631 2547 2685 ab
2578 2632 2789 2686 oriente
2851 2632 2965 2686 sole
3019 2647 3189 2703 usque
3216 2634 3282 2688 ad
3309 2635 3567 2691 occiden-

2002 2726 2146 2783 tem,
2180 2718 2350 2789 gloria
2380 2719 2647 2776 celebrari
2686 2737 2879 2777 nomen
2915 2738 3073 2778 suum
3105 2724 3159 2778 in
3190 2726 3441 2794 gentibus
3470 2743 3484 2792 ;
3516 2735 3567 2782 et

2001 2811 2055 2864 in
2088 2811 2231 2865 omni
2259 2810 2371 2866 loco
2394 2852 2409 2876 ,
2440 2813 2544 2876 ait,
2583 2813 2872 2883 thymiama
2902 2816 3121 2884 offertur
3150 2819 3349 2871 nomini
3378 2836 3488 2874 meo
3517 2831 3569 2874 et

2001 2902 2323 2971 sacriﬁcium
2353 2904 2606 2959 mundum
2637 2905 2719 2971 “‘;
2750 2918 2811 2961 ac
2840 2922 3095 2969 rursum,
3140 2907 3277 2974 Quia
3322 2927 3569 2981 magnum

2000 3000 2078 3046 est
2102 3009 2288 3047 nomen
2312 3010 2482 3047 meum
2504 2995 2555 3047 in
2579 2994 2817 3064 gentibus
2836 2995 2918 3062 ⁸⁵;
2945 3005 3126 3064 aperte
3151 2996 3388 3051 declarat
3409 3013 3570 3068 posse

2000 3091 2191 3154 gentes
2220 3084 2388 3141 Israel
2417 3102 2538 3142 esse
2558 3126 2573 3150 ,
2606 3086 2874 3156 siquidem
2906 3087 2959 3140 in
2997 3084 3165 3140 Israel
3196 3105 3440 3160 magnum
3472 3108 3569 3145 no-

2000 3192 2118 3229 men
2146 3176 2281 3245 ejus.
2312 3174 2515 3232 Judazis
2544 3193 2674 3232 vero
2706 3177 2986 3232 dicebatur
3011 3195 3024 3230 :
3064 3175 3163 3231 Vos
3197 3188 3369 3232 autem
3393 3179 3571 3250 profa-

2000 3268 2141 3322 natis
2165 3267 2299 3322 illud
2326 3270 2393 3335 ⁸⁵,
2424 3268 2676 3324 videlicet
2705 3284 2902 3324 nomen
2933 3266 3047 3323 Dei.
3080 3266 3428 3340 Rursumque
3462 3272 3570 3327 illis

2000 3359 2209 3414 dictum
2251 3370 2335 3415 est
2359 3379 2373 3415 :
2400 3359 2624 3429 Propter
2660 3377 2747 3414 vos
2786 3375 2985 3428 semper
3012 3376 3193 3413 nomen
3224 3377 3392 3415 meum
3424 3362 3568 3417 blas-

1999 3449 2277 3518 phematur
2317 3451 2371 3504 in
2412 3453 2651 3521 gentibus
2682 3451 2747 3505 ⁸⁷.
2786 3451 2844 3505 Si
2889 3450 3071 3520 itaque
3122 3451 3233 3506 haec
3285 3444 3569 3524 Scriptura

1998 3542 2158 3597 docet
2186 3542 2337 3596 illum
2370 3558 2492 3598 esse
2536 3542 2788 3599 lsraelem
2835 3558 3000 3613 penes
3050 3559 3208 3613 quem
3246 3560 3442 3601 nomen
3474 3545 3569 3602 Dei

2002 3634 2334 3699 celebratur,
2384 3650 2451 3691 ex
2486 3634 2599 3706 jam
2648 3634 2812 3690 dictis
2859 3636 3207 3693 manifestum
3261 3639 3426 3693 fuerit
3473 3639 3570 3709 qui

2000 3742 2127 3783 vere
2174 3735 2227 3783 et
2274 3727 2493 3798 proprie
2540 3726 2708 3784 Israel
2750 3730 3029 3785 vocandus
3058 3730 3149 3785 sit.
3208 3729 3571 3800 Proportione

1999 3818 2233 3889 quadam
2269 3817 2337 3874 de
2364 3818 2551 3874 Juda-a
2587 3820 2728 3875 idem
2764 3820 3056 3891 intelligas.
3088 3819 3222 3875 Nam
3258 3821 3349 3874 ubi
3381 3822 3572 3893 cogni-

1999 3908 2078 3963 tio
2123 3907 2218 3965 Dei
2268 3915 2385 3975 est,
2436 3909 2511 3964 ibi
2562 3907 2746 3964 Iudaea
2795 3910 3029 3966 exsistit.
3081 3909 3235 3975 Quod
3273 3910 3358 3966 bis
3385 3910 3569 3966 verbis

2001 4001 2285 4072 Scriptura
2327 4001 2609 4057 declarat:
2648 4000 2824 4056 Notus
2867 4002 2920 4055 in
2966 4001 3160 4056 Juda’a
3203 4001 3364 4057 Deus.
3412 4003 3570 4069 Quod

1999 4093 2045 4148 si
2076 4093 2130 4148 id
2162 4109 2272 4148 non
2298 4094 2353 4148 in
2381 4091 2566 4149 Judzea
2589 4134 2603 4157 ,
2638 4094 2752 4147 sive
2784 4094 2838 4148 in
2866 4092 3278 4150 Palmstinorum
3309 4105 3455 4151 terra
3482 4110 3572 4150 re-

2000 4185 2226 4255 peritur,
2276 4200 2399 4239 cum
2435 4186 2605 4240 multa
2651 4183 2721 4239 ibi
2771 4185 3078 4240 idololatria
3134 4185 3317 4252 fuerit,
3349 4184 3571 4257 quando

1998 4276 2126 4329 olim
2171 4274 2340 4331 Judaei
2393 4275 2534 4329 idola
2580 4276 2868 4341 colebant,
2906 4280 2978 4329 ita
3009 4284 3069 4331 ut
3102 4278 3380 4347 propheta:
3420 4278 3571 4347 ipsos

2000 4375 2360 4440 cearguerent
2386 4384 2449 4423 ac
2478 4367 2723 4423 dicerent
2742 4408 2757 4429 .
2799 4366 2940 4422 Nam
2971 4368 3256 4423 secundum
3293 4386 3569 4423 numerum

2003 4457 2273 4511 civitatum
2310 4467 2524 4510 tuarum
2556 4465 2705 4510 erant
2739 4455 2817 4509 dii
2858 4458 2955 4522 tui,
2991 4456 3138 4512 Iuda
3158 4498 3173 4522 ,
3205 4469 3255 4513 et
3284 4459 3572 4513 secundum

2004 4564 2279 4602 numerum
2337 4546 2594 4601 biviorum
2667 4544 2968 4601 Jerusalem
3027 4548 3405 4617 sacriﬁcabant
3474 4551 3576 4618 ipsi

2002 4639 2143 4694 Baal
2171 4638 2239 4699 ⁸⁸.
2268 4638 2361 4709 qui
2396 4638 2512 4692 ﬁeri
2541 4648 2719 4710 potest
2747 4639 2889 4693 hanc
2917 4637 3022 4692 dici
3052 4635 3293 4694 Judaam
3332 4657 3451 4710 qua:
3479 4657 3574 4697 no-

2003 4731 2177 4785 titiam
2210 4729 2305 4784 Dei
2341 4729 2628 4784 obtineat?
2657 4728 2769 4785 Cur
2796 4730 2925 4785 item
2953 4745 3062 4785 non
3097 4730 3252 4786 dicas
3282 4729 3569 4804 Egyptioo

2000 4840 2120 4878 rum
2152 4824 2429 4895 regionem
2456 4838 2522 4878 eo
2551 4823 2814 4880 vocabulo
2842 4824 3091 4894 dignam,
3123 4823 3189 4879 de
3220 4840 3325 4895 qua
3362 4825 3569 4882 dictum

2000 4924 2116 4982 est,
2159 4913 2229 4969 Et
2256 4915 2354 4969 erit
2385 4913 2555 4969 altare
2587 4913 2809 4968 Domino
2844 4915 2896 4968 in
2930 4924 3070 4969 terra
3114 4914 3336 4985 Αἴθρη)ιὶ
3365 4916 3449 4984 ³⁹;
3503 4932 3567 4970 ac

2000 5021 2192 5062 rursus
2211 5050 2224 5070 .
2274 5005 2343 5060 Et
2371 5017 2526 5061 notus
2573 5006 2672 5061 erit
2718 5004 2972 5060 Dominus
3001 5004 3271 5076 JEgyptiis
3296 5009 3323 5061 ?
3353 5005 3487 5061 Nam
3520 5009 3566 5062 si

1998 5116 2166 5170 penes
2204 5114 2298 5155 eos
2331 5099 2531 5170 quibus
2566 5106 2729 5154 notus
2764 5105 2848 5154 est
2883 5097 3025 5155 Deus
3054 5096 3242 5154 Judaea
3271 5100 3564 5171 reperitur,

1998 5189 2130 5260 quid
2177 5189 2434 5259 impediat
2477 5188 2772 5259 quominus
2820 5202 3012 5245 omnes
3060 5190 3154 5260 qui
3182 5190 3563 5261 cognitionem

2000 5280 2093 5336 Dei
2124 5289 2451 5352 acceperunt
2474 5279 2529 5335 in
2551 5268 2737 5336 Iudaea
2760 5296 2884 5337 esse
2913 5281 3211 5336 dicantur?
3235 5281 3414 5347 Quare
3440 5294 3567 5333 con-

1998 5382 2286 5444 sequenter
2313 5372 2380 5427 ad
2407 5373 2623 5439 istlnec,
2650 5371 2894 5430 Ecclesia
2925 5372 3017 5429 Dei
3050 5389 3144 5446 per
3173 5380 3345 5428 totum
3376 5371 3563 5426 orbem

3155 5593 3202 5626 “
3241 5592 3467 5651 Malach.
3506 5609 3562 5665 ι,
