4008 6210
450 229 559 286 879
1137 217 1411 278 'E'USEBII
1448 214 1927 274 CESARIE‘NSIS
1963 213 2108 276 OPP.
2156 219 2332 276 PARS
2366 215 2455 273 Ill.
2483 247 2550 259 —
2572 210 2980 270 EXEGETICA.
3574 206 3686 263 880

443 348 740 406 constituta
761 385 776 410 ,
795 345 861 400 'in
885 356 990 413 qua
1019 340 1113 412 qui
1145 349 1230 396 est
1263 353 1429 408 super
1459 335 1643 391 omnia
1674 332 1818 390 Deus
1847 341 2004 390 notus

2112 336 2211 388 οὐκ
2240 335 2306 389 ἂν
2331 335 2506 396 εῐποις
2538 329 2636 402 τὴν
2664 326 2972 396 Αἰγυπτίων
3003 322 3184 395 χώραν
3210 318 3366 386 ἀξίαν
3388 320 3486 392 τῆς
3513 338 3685 393 προσ-

443 422 564 504 est,
599 437 783 493 Iudaea
816 411 1179 504 congruenter
1208 429 1318 485 dici
1348 427 1543 500 possit.
1576 424 1764 497 Neque
1791 425 2004 480 aberres

2110 425 2359 498 ηγορίας,
2387 423 2516 495 περὶ
2547 417 2616 494 ἧς
2643 419 2876 493 εἴρηταιο
2911 415 3021 470 Kal
3052 414 3222 468 ἔσται
3250 411 3687 481 θυσιαστήριον

445 538 492 591 si
523 501 676 588 dicas
712 501 960 583 ’Judmam
985 539 1136 591 esse,
1162 530 1341 577 'totam
1373 519 1640 575 divinitus
1684 516 2004 588 inspiratam

2109 515 2190 581 τῷ
2217 516 2411 584 Κυρίῳ
2439 515 2508 568 ἐν
2535 512 2696 583 χώρᾳ
2724 509 3048 580 Αἰγύπτου·
3077 507 3172 560 καὶ
3195 501 3368 568 αὖθις·
3398 503 3509 558 Καὶ
3533 519 3685 572 γνω-

442 635 499 681 et
524 622 810 678 Iudaicam
843 618 1201 688 scripturam,
1227 629 1348 686 quae
1375 627 1474 668 ceu
1505 609 1782 682 possessio
1811 615 1866 662 et
1894 621 2004 660 am-

2108 606 2256 673 στὸς
2280 607 2450 660 ἔσται
2479 605 2692 675 Κύριος
2727 601 2854 668 τοῖς
2893 599 3265 669 Αἰγυπτίοις
3295 598 3357 650 Εἰ
3403 595 3512 666 γὰρ
3551 595 3683 666 παρ’

442 718 591 772 bitus
610 714 737 769 ‘veri
768 711 986 768 lsraelis
1018 706 1328 778 nuncupari
1368 709 1582 776 potest,
1626 701 1757 772 quia
1799 699 1852 754 in
1888 697 2004 769 ipsa

2105 692 2188 762 οῖς
2211 697 2450 766 γνωστός
2477 698 2622 750 ἔστιν
2643 697 2671 748 6
2692 693 2825 757 Θεὸς
2853 691 3004 764 παρὰ
3023 690 3234 755 τούτοις
3264 691 3358 744 καὶ
3381 691 3415 761 ἡ
3453 689 3685 743 Ἰουδαία

443 807 684 878 cognitio
708 803 802 859 Dei
829 803 1162 858 continetur.
1192 797 1320 852 Pari
1348 797 1534 866 itaque
1565 793 1727 848 modo
1756 805 1882 848 vera
1910 789 2004 845 Ju-

2107 789 2383 860 τυγχάνει,
2424 786 2477 840 τί
2512 784 2572 839 τὸ
2615 782 2820 838 κωλῦον
2850 781 2925 854 μὴ
2962 780 3170 846 πάντας
3198 780 3325 843 τοὺς
3353 780 3452 851 τὴν
3480 779 3683 848 γνῶσιν

441 869 556 953 daein
589 905 643 952 et
674 912 838 952 verus
864 894 1029 950 Israel
1057 889 1410 961 intelligatur.

2110 880 2465 952 ἀνειληφότας
2495 877 2589 932 τοῦ
2620 877 2754 932 Θεοῦ
2786 879 2843 930 ἐν
2870 879 2934 948 τῇ
2981 875 3209 946 Ἰουδαίᾳ
3230 869 3369 927 εἶναι
3397 870 3682 941 λέγεσθαι;

440 991 663 1057 Τούτοις
696 988 786 1046 οὖν
819 989 1094 1058 ἀναλόγως
1126 986 1221 1041 καὶ
1255 987 1288 1056 ἡ
1323 983 1443 1038 καθ’
1467 983 1595 1054 ὅλης
1627 979 1727 1051 τῆς
1757 975 2080 1048 οἰκουμένης
2111 975 2409 1048 Ἐκκλησία
2433 973 2589 1040 Θεοῦ,
2615 966 2732 1046 ὲνῇ
2793 973 2823 1024 6
2858 971 2952 1024 ἐπὶ
3005 971 3221 1025 πάντων
3249 967 3379 1030 Θεὸς
3439 965 3697 1037 γνωστὸς,

439 1087 516 1142 ὣν
547 1085 822 1157 τυγχάνει,
864 1057 1094 1136 Ἰουδαία
1120 1097 1179 1132 τε
1209 1077 1442 1146 εὐλόγως
1473 1073 1539 1128 ἃν
1578 1072 1789 1145 ῥηθείη.
1853 1071 1965 1124 οὐκ
2019 1069 2084 1124 ἂν
2117 1068 2471 1140 δὲ-άμάρτοις
2514 1067 2775 1120 Ἰουδαίαν
2810 1060 2948 1119 εἶναι
2992 1064 3168 1132 λέγων
3214 1062 3395 1115 πᾶσαν
3427 1060 3527 1131 τὴν
3559 1057 3684 1112 θεό-

439 1147 699 1235 πνευστον
728 1147 821 1232 καί
859 1173 1152 1245 Ἰουδαῖκὴν
1199 1168 1439 1242 Γραφὴν,
1489 1169 1674 1238 κτῆμα
1699 1159 1864 1217 οὖσαν
1908 1159 2002 1214 καὶ
2039 1160 2113 1224 ὡς
2140 1159 2445 1232 περίχωρον
2469 1157 2562 1211 τοῦ
2591 1154 2842 1229 ἀληθινοῦ
2884 1153 3117 1226 Ἰσραὴλ,
3145 1150 3233 1206 διὰ
3270 1151 3344 1212 ιτδ
3388 1151 3486 1222 τὴν
3538 1147 3686 1218 γνῶ-

441 1294 526 1330 σιν
561 1273 654 1328 τοῦ
692 1273 825 1326 Θεοῦ
855 1273 912 1324 ὲν
944 1271 1080 1341 αὐτῇ
1110 1243 1483 1340 περιέχεσθαι.
1526 1260 1684 1316 Οὕτω
1718 1259 1817 1332 μὲν
1845 1251 1937 1311 οῦν
1972 1256 2007 1328 ἡ
2044 1253 2271 1327 ἀληθινὴ
2308 1252 2537 1308 Ἰουδαία
2567 1251 2663 1306 καὶ
2721 1252 2753 1304 6
2781 1247 3030 1321 ἀληθινὸς
3079 1244 3294 1318 Ἰσραὴλ
3355 1243 3679 1316 νοηθήσεται

439 1367 581 1424 κατὰ
610 1366 699 1420 τὸν
722 1365 903 1436 ὅμοιον
933 1362 1150 1435 τρόπον.

511 1484 680 1539 Vens.
711 1483 766 1538 ‘5.
800 1480 1121 1552 'Perpendas
1162 1491 1293 1532 vero
1335 1473 1608 1547 quomodo
1637 1471 1809 1542 factus
1840 1476 1917 1523 est
1948 1467 2004 1521 in

2175 1459 2411 1532 Νοήσεις
2441 1457 2498 1512 δὲ
2522 1457 2672 1521 ὅπως
2699 1455 2949 1528 ἐγενήθη
2978 1455 3049 1510 ἐν
3077 1453 3284 1525 εἰρήνη
3312 1456 3348 1510 ὁ
3371 1454 3548 1522 τόπος
3564 1459 3674 1511 αὐ-

438 1592 566 1649 pase
615 1574 760 1628 locus
807 1545 957 1640 ejus,
997 1576 1048 1623 et
1079 1545 1481 1636 habitatio'ejus
1508 1564 1564 1617 in
1597 1560 1747 1617 Sion.
1791 1557 1926 1613 Nam
1957 1555 2004 1611 si

2107 1549 2234 1618 τοῦ,
2267 1550 2366 1605 καί
2393 1551 2459 1604 τὸ
2490 1547 2940 1618 κατοικητήριον
2963 1546 3151 1602 αὐτοῦ
3179 1547 3250 1601 ἐν
3283 1545 3451 1600 Σιών.
3479 1548 3540 1601 Εἰ
3571 1549 3671 1620 μὲν

439 1633 593 1723 locus
624 1665 749 1729 ille,
781 1633 951 1732 quem?
973 1658 1146 1715 Judaei
1173 1658 1230 1713 in
1266 1633 1475 1713 honore
1503 1653 1815 1716 habebant,
1848 1647 2004 1704 bellis

2107 1642 2216 1714 γὰρ
2255 1645 2283 1696 6
2327 1641 2478 1714 παρὰ
2526 1639 2799 1703 Ἰουδαίοις
2835 1633 3147 1710 τιμώμενος
3182 1639 3342 1703 τόπος
3368 1637 3674 1711 ἀπόρθητος

438 1768 494 1814 et
523 1753 925 1812 vastationibus
954 1767 1063 1806 non
1092 1749 1363 1806 obnoxius
1411 1746 1636 1809 fuisset,
1681 1741 1877 1798 merito
1903 1739 2003 1794 Ju-

2105 1735 2201 1790 καὶ
2250 1734 2591 1806 ἀπολέμητος
2644 1731 2974 1804 πεφύΜκτο,
3023 1732 3181 1802 λόγον
3227 1727 3338 1803 εἶχε
3377 1735 3680 1805 συγχωρεῖν

437 1849 571 1904 dacis
621 1845 848 1903 concedi
898 1852 1085 1914 posset
1137 1856 1263 1897 eum
1311 1840 1493 1910 ipsum
1551 1852 1675 1892 esse
1730 1835 1913 1888 locum
1971 1845 2004 1886 a

2118 1828 2379 1882 Ἰουδαίων
2411 1829 2597 1882 παισὶν
2633 1827 2794 1881 αὐτὸν
2834 1821 2971 1881 εἶναι
3008 1826 3249 1898 νομίζειν
3288 1826 3380 1880 τὸν
3424 1827 3530 1880 ὑπὸ
3565 1825 3679 1882 τῶν

440 1939 727 2008 Scriptura
769 1934 1092 1990 indicatum.
1123 1930 1280 1998 Quod
1325 1930 1372 1985 si
1422 1929 1513 1984 ille
1561 1941 1593 1982 a
1633 1921 2005 1982 fundamentis

437 2032 655 2086 dirutus
686 2036 739 2085 et
768 2041 911 2098 saepe
939 2035 1132 2097 captus
1163 2023 1231 2079 ab
1260 2021 1513 2079 hostibus
1544 2019 1677 2087 fuit,
1731 2025 1787 2073 et
1825 2027 2005 2072 tamen

445 2125 600 2199 locus
629 2122 752 2193 ejus
784 2121 1001 2191 inapace
1031 2133 1154 2174 esse
1197 2117 1433 2183 dicatur,
1501 2129 1612 2170 non
1657 2127 1790 2170 sane
1830 2109 2007 2182 possit

436 2230 625 2273 revera
650 2212 829 2286 putari
854 2213 1010 2268 locus
1031 2209 1127 2266 Dei
1153 2224 1274 2266 esse
1291 2249 1306 2276 ,
1335 2207 1429 2280 qui
1456 2207 1777 2279 plerumque
1803 2203 1872 2259 ab
1899 2201 2006 2256 ini-

436 2307 597 2361 micis
628 2302 932 2360 debellatus
959 2302 1051 2359 sit.
1075 2299 1257 2367 Quare
1282 2297 1393 2369 jam
1425 2313 1535 2353 non
1574 2296 1729 2359 dicit.
1756 2295 1816 2349 in
1847 2291 2006 2348 Jeru-

439 2399 641 2462 sulem,
692 2410 764 2452 ne
813 2393 938 2467 quis
989 2392 1263 2448 laberetur
1306 2389 1592 2444 Judaicam
1641 2387 1832 2442 urbem
1883 2399 2006 2440 esse

436 2487 771 2561 cogitando;
813 2483 909 2542 sed
961 2483 1083 2539 loco
1129 2483 1278 2537 illius
1323 2495 1510 2537 veram
1556 2477 1884 2535 sententiam
1925 2475 2006 2532 sic

435 2582 746 2654 expressit,
794 2577 996 2634 Factus
1023 2586 1102 2632 est
1142 2578 1197 2631 in
1228 2574 1407 2631 Solem
1447 2574 1595 2629 locus
1641 2571 1776 2642 ejus.
1823 2570 2003 2626 Salem

434 2691 568 2734 vero
592 2690 699 2745 pax
727 2671 1077 2743 explicatur:
1124 2663 1295 2738 quare
1338 2665 1482 2737 apud
1525 2663 1878 2734 Septuaginta
1915 2659 2005 2716 ln-

426 2774 707 2838 ‘terpretes
733 2763 941 2818 dictum
968 2767 1088 2824 est,
1121 2756 1323 2812 Factus
1349 2765 1427 2812 est
1453 2757 1514 2810 in
1539 2771 1666 2824 pace
1691 2754 1836 2808 locus
1864 2755 2001 2816 eius.

438 2857 496 2914 Si
528 2859 693 2929 igitur
724 2855 919 2910 animae
951 2851 1100 2907 omni
1130 2864 1364 2921 prorsus
1391 2847 1534 2904 bello
1569 2846 1754 2902 liberae
1789 2845 1845 2899 in
1877 2858 2005 2914 pro-

436 2951 720 3021 speritate,
746 2945 928 3018 quiete
951 2951 1007 3000 et
1033 2941 1434 3012 tranquillitate
1457 2939 1740 3012 degentes,
1769 2937 1824 2991 in
1854 2944 2001 2992 terra

2104 1919 2335 1993 Γραφῶν
2363 1919 2703 1992 δηλούμενονο
2739 1921 2788 1974 εἰ
2818 1920 2864 1974 δ’
2884 1914 3036 1983 οὗτος
3063 1918 3160 1990 μὲν
3181 1919 3246 1972 ὲκ
3271 1918 3484 1991 βάθρων
3503 1918 3680 1991 ἀνῆρ-

2103 2029 2194 2066 ται
2220 2011 2382 2074 ἁλοὺς
2412 2009 2670 2075 πολλάκις
2699 2011 2804 2064 ὑπὸ
2843 2009 3138 2081 πολεμίων,
3186 2010 3243 2064 ὲν
3279 2010 3466 2082 εἰρήνῃ
3498 2009 3556 2064 δὲ
3581 2008 3676 2064 λέ-

2104 2119 2260 2172 γεται
2293 2102 2557 2174 ὑπάρχειν
2584 2103 2613 2155 6
2639 2100 2803 2165 τόπος
2824 2100 3008 2156 αὐτοῦ’
3039 2101 3139 2154 οὐκ
3161 2099 3226 2154 ἃν
3247 2099 3459 2154 δύναιτο
3483 2099 3678 2171 ἁληθεῖ

2105 2195 2245 2268 λόγῳ
2271 2194 2586 2268 νομίζεσθαι
2610 2193 2774 2258 τόπος
2794 2189 2934 2247 εῖναι
2959 2192 3053 2248 τοῦ
3080 2191 3216 2246 Θεοῦ
3239 2193 3268 2246 6
3289 2191 3547 2255 πολλάκις
3567 2191 3676 2245 ὑπὸ

2105 2285 2379 2358 πολεμίων
2410 2284 2593 2348 ἁλούς.
2626 2283 2717 2338 Διὸ
2742 2283 2865 2339 οὐδὲ
2893 2282 3142 2354 ὠνόμασε
3171 2281 3285 2346 νῦν,
3315 2279 3413 2334 ἐπὶ
3433 2278 3671 2348 thr-'18-

2094 2375 2450 2457 ‘povO’aJ'lut,
2472 2375 2548 2440 ὡς
2583 2375 2648 2430 ἂν
2681 2376 2754 2447 μή
2784 2392 2868 2439 τις
2895 2373 3114 2428 ἐκπέσοι
3135 2372 3226 2426 ἐπὶ
3249 2372 3345 2444 τὴν
3383 2371 3676 2443 Ἰουδαῖκὴν

2105 2470 2279 2524 πόλινο
2316 2470 2436 2523 ἀντὶ
2473 2467 2530 2522 δὲ
2567 2466 2770 2538 ταύτης
2795 2466 2894 2538 τὴν
2937 2465 3173 2520 διάνοιαν
3212 2463 3308 2518 τοῦ
3350 2463 3675 2535 πράγματος

2105 2562 2449 2635 παρέστησεν
2490 2557 2678 2613 εἰπών·
2736 2557 3015 2629 Ἐγτνήθη
3055 2555 3126 2611 ἐν
3167 2554 3378 2625 Eddius
3413 2557 3448 2609 ό
3489 2555 3672 2621 τόπος

2103 2654 2312 2711 αὐτοῦ.
2363 2653 2551 2725 Σαλήμ
2614 2650 2672 2705 δὲ
2727 2649 3089 2723 ἑρμηνεύεται
3139 2646 3369 2716 εἰρήνηο
3399 2646 3480 2700 διδ
3520 2646 3676 2720 παρὰ

2102 2749 2215 2811 τοῖς
2268 2744 2670 2817 Ἑϐδομήκοντα
2710 2742 2942 2815 εἴρηται·
2995 2739 3276 2812 Ἐτενήθη
3304 2739 3374 2794 ἐν
3403 2737 3613 2808 εἰρήνῃ
3638 2739 3677 2794 ὀ

2102 2840 2287 2905 τόπος
2324 2837 2530 2892 αὐτοῦ.
2558 2837 2622 2891 Εἰ
2666 2835 2764 2907 μὲν
2806 2828 2900 2888 οῦν
2935 2833 3030 2887 καὶ
3061 2833 3156 2887 ἐπὶ
3195 2831 3299 2902 γῆς
3339 2829 3678 2903 εὑρίσκοιντο

2101 2929 2268 3000 ψυχαὶ
2319 2929 2521 2992 παντὸς
2562 2925 3001 3000 ἠλευθερωμέναι
3033 2923 3267 2996 πολέμου
3295 2923 3356 2977 ὲν
3384 2920 3675 2993 εὐσταθείᾳ⁵

428 3004 803 3110 reperiantur,
833 3035 958 3104 jure
987 3033 1243 3088 dicantur
1272 3031 1379 3084 illa:
1409 3004 1564 3089 locus
1594 3027 1690 3083 Dei
1729 3041 1882 3090 esse,
1916 3033 2003 3081 ut-

2105 3023 2200 3078 καὶ
2253 3020 2556 3110 ἀταραξίᾳῄ
2577 3022 2671 3074 καὶ⁸
2720 3019 2928 3091 γαλήνῃ
2975 3017 3277 3087 διάγουσαι,
3333 3013 3579 3079 εἰκότως
3606 3016 3675 3070 ἂν

436 3138 565 3200 pote
596 3142 716 3198 qua:
745 3125 1011 3197 Spiritum
1041 3122 1287 3178 divinum
1320 3124 1376 3176 in
1407 3135 1468 3176 se
1495 3119 1735 3190 capiant.
1783 3117 1909 3173 Ideo
1936 3118 2005 3175 de

423 3220 641 3274 'talibus
669 3217 877 3272 dictum
906 3221 1026 3280 est,
1069 3211 1387 3267 Inhabitabo
1423 3213 1479 3265 in
1518 3211 1626 3264 illis
1664 3220 1717 3266 et
1754 3208 2002 3263 inambuu

427 3311 557 3368 labo
579 3351 595 3375 ,
625 3319 676 3365 et
705 3325 792 3365 ero
824 3307 1041 3363 illorum
1074 3305 1214 3360 Deus
1239 3344 1254 3369 ,
1283 3312 1335 3359 et
1356 3303 1466 3373 ipsi
1495 3309 1649 3357 erunt
1686 3299 1815 3354 mihi
1840 3313 2006 3370 popu-

422 3405 521 3460 .lus
551 3405 618 3457 ⁸ο.
649 3401 803 3470 Quod
835 3399 884 3456 si
928 3399 1068 3456 tales
1100 3397 1331 3453 interra
1361 3410 1584 3467 perraro
1612 3394 2002 3461 inveniantur;

435 3511 562 3552 cum
589 3501 779 3552 contra
801 3495 858 3548 in
880 3491 1100 3549 civitate
1122 3489 1216 3546 Dei
1244 3532 1260 3556 ,
1289 3487 1501 3545 cmlesti
1535 3485 1630 3541 Dei
1665 3483 2004 3540 domicilium

423 3587 681 3658 angelis,
732 3583 1114 3655 archangeiis,
1163 3581 1365 3637 divinis
1407 3578 1738 3645 virtutibus,
1790 3574 2003 3648 spiriti-

437 3679 654 3749 busque
699 3676 908 3732 sanctis
951 3675 1362 3746 frequentetur;
1394 3671 1519 3742 jure
1547 3667 1697 3725 dicat
1726 3667 2001 3740 quispiam

425 3772 510 3828 'ibi
557 3772 737 3826 locum
780 3767 877 3825 Dei
921 3783 1082 3832 esse,
1123 3777 1178 3822 et
1219 3766 1368 3820 illam
1410 3778 1594 3819 veram
1624 3777 1747 3818 esse
1775 3776 2001 3833 pacem,

421 3873 557 3928 qua:
597 3856 774 3910 Salem
816 3855 906 3908 hic
934 3851 1197 3909 Hebraice
1226 3857 1593 3920 nuncupatur.
1639 3847 1821 3915 Quare
1859 3847 2006 3916 Apo-

423 3949 616 4004 stolus
643 3961 768 4000 cum
798 3950 986 4000 nosset
1013 3958 1133 3999 eam
1163 3942 1381 3998 dicebat
1408 3960 1420 3996 :
1458 3939 1567 3994 Illa
1595 3956 1713 3995 vero
1741 3955 1856 4010 qui:
1883 3954 2006 3994 sur-

438 4054 558 4091 sum
601 4046 680 4092 est
720 4034 1017 4090 Jerusalem
1056 4033 1231 4088 "libera
1259 4042 1369 4098 est,
1415 4048 1533 4103 qua:
1572 4040 1648 4086 est
1681 4040 1849 4083 mater
1901 4045 2001 4082 no-

429 4140 555 4184 stra
581 4131 646 4184 σί.
672 4128 808 4182 Nam
832 4125 1016 4181 Salem
1035 4126 1339 4196 explicatur
1363 4139 1500 4194 pax;
1527 4121 1826 4178 Jerusalem
1851 4135 2002 4184 vero,

435 4224 567 4277 visio
608 4221 755 4291 pacis
779 4235 800 4274 :
840 4218 1000 4287 cujus
1047 4219 1190 4272 lares
1237 4217 1292 4271 in
1335 4213 1653 4270 caelestibus
1694 4212 2006 4282 divinisque

2103 3114 2341 3184 λεχθεῖεν
2370 3112 2464 3166 καὶ
2493 3103 2653 3166 αὗται
2678 3110 2841 3174 τόπος
2867 3109 2962 3162 τοῦ
2985 3108 3140 3173 Θεοῦ,
3169 3108 3245 3171 ὡς
3275 3106 3341 3161 ἂν
3369 3107 3675 3177 χωρητικαὶ

2102 3201 2258 3260 οὖσαι
2291 3203 2434 3258 θείου
2463 3202 2796 3274 Πνεύματος.
2837 3200 2927 3254 Διδ
2947 3201 3074 3272 περὶ
3099 3198 3208 3252 τῶν
3234 3197 3490 3252 τοιούτων
3520 3198 3675 3268 εἴρη-

2101 3314 2192 3352 ται
2220 3295 2301 3362 τὺ,
2345 3294 2674 3364 Ἐνοικήσω
2710 3294 2782 3348 ἐν
2819 3291 3026 3359 αὐτοῖς
3060 3290 3160 3346 καὶ
3193 3288 3673 3360 ἐμπεριπατήσω,

2103 3390 2202 3444 καὶ
2229 3389 2444 3459 ἔσομαι
2475 3387 2673 3442 αὐτῶν
2703 3385 2868 3452 Θεὸς,
2916 3383 3017 3439 καί
3060 3383 3228 3438 αὐτοὶ
3279 3381 3528 3436 ἔσονταί
3567 3397 3673 3450 μοι

2100 3485 2269 3551 λαός.
2291 3485 2356 3538 Εἰ
2377 3483 2433 3537 δὲ
2455 3482 2693 3546 σπανίως
2716 3481 2814 3553 μὲν
2835 3480 3170 3552 εὑρίσκοιντο
3189 3478 3280 3533 ἐπὶ
3299 3479 3401 3550 γῆς
3417 3477 3675 3541 τοιοῦτοι,

2102 3579 2162 3632 ὲν
2207 3577 2266 3632 δὲ
2311 3579 2377 3647 τῇ
2435 3576 2551 3628 κατ’
2600 3573 2826 3646 οὐρανὸν
2884 3569 3296 3645 χρηματιζούσῃ
3338 3569 3471 3624 Θεοῦ
3519 3568 3676 3622 πόλει

2101 3667 2330 3741 πληθύει
2345 3665 2514 3721 τὸτοῦ
2536 3665 2671 3719 Θεοῦ
2697 3666 3027 3737 οἰκητήριον,
3052 3665 3110 3716 ἐν
3135 3661 3402 3732 ἀγγέλοις,
3429 3661 3518 3715 καὶ
3535 3660 3669 3730 άρχ·

2101 3760 2374 3830 αγγέλοις,
2396 3761 2490 3813 καὶ
2529 3757 2698 3821 θείαις
2727 3756 3009 3827 δυνάμεσι,
3032 3755 3125 3808 καὶ
3150 3752 3448 3824 πνεύμασιν
3468 3749 3667 3818 ἀγίοιςο

2098 3854 2326 3918 εἰκότως
2353 3852 2442 3906 τδν
2466 3851 2629 3904 τόπον
2645 3849 2738 3904 τοῦ
2762 3849 2897 3902 Θεοῦ
2922 3847 3050 3920 παρ’
3071 3847 3297 3911 ἐκείνοις
3319 3845 3456 3899 εἴποι
3475 3843 3540 3898 ἂν
3557 3855 3670 3908 τις,

2104 3943 2361 4014 κάκείνην
2405 3938 2543 3995 εῖναι
2581 3942 2681 4014 τὴν
2723 3940 2946 4014 εἰρήνην
2986 3937 3200 4008 άληθῶς
3229 3935 3419 4010 Σαλὴμ
3442 3933 3679 3988 ἐνταῦθα

2105 4036 2248 4090 κατὰ
2269 4035 2369 4107 τὴν
2412 4032 2703 4106 Ἑϐραῖκὴν
2729 4031 2910 4103 φωνὴν
2942 4025 3353 4102 ὠνομασμένην.
3396 4026 3488 4080 Διὸ
3518 4026 3612 4080 καὶ
3645 4025 3682 4079 6

2104 4126 2423 4190 Ἀπόστολος
2441 4125 2643 4193 ταύτην
2661 4121 2814 4187 εἰδὼς
2835 4121 3039 4191 ἔλεγενο
3077 4120 3218 4176 Ἡδὲ
3233 4121 3354 4175 ἅνω
3384 4121 3681 4188 Ἰερουσα-

2104 4217 2230 4288 λὴμ
2243 4216 2528 4285 ἐλευθέρα
2549 4215 2738 4282 ἐστίν,
2764 4214 2894 4282 ἣτις
2913 4213 3043 4268 ἐστί
3063 4215 3260 4283 μήτηρ
3280 4210 3466 4281 ἡμῶν.
3486 4209 3679 4281 Σαλὴμ

428 4314 732 4369 virtutibus
757 4312 1028 4368 exsistunt
1054 4328 1067 4364 :
1100 4310 1155 4364 in
1182 4309 1384 4380 quibus
1412 4307 1555 4363 Deus
1581 4307 1697 4377 ipse
1725 4303 1999 4368 ambulat,

2111 4310 2208 4383 μὲν
2235 4311 2342 4382 γὰρ
2375 4307 2733 4381 ἑρμηνεύεται
2763 4305 2994 4376 εἰρήνη,
3044 4305 3395 4378 Ἰερουσαλὴμ
3438 4303 3496 4356 δὲ
3538 4301 3678 4371 ὅρα-

425 4414 626 4476 utpote
669 4419 790 4476 quae
829 4402 949 4468 eius
991 4401 1249 4457 deitatem
1293 4414 1489 4469 capere
1527 4397 1764 4452 valeant.
1799 4393 2004 4450 Deinde

429 4498 677 4553 dicitur:
725 4494 795 4548 Et
838 4493 1098 4548 habitatio
1137 4491 1251 4561 eius
1281 4491 1337 4544 in
1366 4487 1517 4544 Sion.
1550 4487 1748 4542 Postea
1777 4482 2007 4553 subjun-

429 4589 584 4660 ‘gitur
611 4607 625 4644 :
652 4617 725 4628 —
749 4585 916 4641 Vens.
942 4585 996 4638 4.
1043 4582 1130 4637 Ibi
1168 4581 1422 4652 confregit
1460 4578 1720 4649 potentias
1749 4592 1969 4630 arcuum
1986 4614 2003 4640 ,

427 4679 602 4734 selum
622 4717 638 4740 ,
668 4676 904 4749 gladium
931 4683 981 4728 et
1007 4673 1228 4727 bellum.
1275 4671 1376 4726 llic
1405 4685 1625 4725 rursum
1646 4711 1661 4736 ,
1693 4668 1739 4724 si
1779 4667 1836 4721 in
1883 4681 2007 4722 seno

428 4767 588 4824 ‘sibili
632 4774 686 4822 et
732 4772 949 4820 terrena
1003 4762 1137 4817 Sion
1188 4762 1304 4817 haec
1343 4769 1496 4833 gesta
1524 4767 1747 4822 essent,
1782 4772 1893 4813 non
1924 4772 2008 4813 es-

437 4866 524 4916 set
561 4872 728 4913 causa
772 4854 1046 4912 invidendi
1087 4852 1290 4909 Iudaeis
1334 4855 1415 4909 sic
1451 4851 1729 4922 explicare
1771 4849 2008 4906 volenti-

434 4951 582 5017 bus;
625 4948 770 5018 quod
803 4949 851 5004 si
899 4946 1033 5017 ipsis
1063 4946 1224 5001 rebus
1252 4944 1420 5016 gestis
1450 4941 1788 4999 contrarium
1841 4954 2008 5012 appa-

437 5047 586 5105 reat,
636 5038 765 5110 quia
815 5039 871 5093 in
913 5037 1198 5094 obsidione
1245 5036 1593 5090 inimicorum
1637 5033 1819 5089 diruta
1862 5031 2003 5100 fuit;

438 5127 815 5186 necessarium
845 5133 930 5183 est
962 5127 1052 5182 hic
1088 5124 1342 5189 Sionem,
1383 5139 1505 5196 qua:
1543 5139 1666 5178 cum
1709 5137 1844 5193 pace
1883 5137 2009 5177 con-

438 5227 622 5294 gruat,
653 5219 976 5291 intelligere,
998 5217 1207 5274 scilicet
1234 5215 1531 5272 Eoclesiam
1559 5213 1653 5270 Dei
1684 5232 1700 5282 ;
1729 5216 1812 5270 vel
1841 5213 2005 5270 etiam

439 5314 717 5368 emlestem
760 5310 907 5364 illam
948 5309 1016 5366 de
1055 5323 1162 5379 qua
1204 5307 1422 5364 divinus
1457 5307 1753 5378 Apostolus
1780 5307 1894 5362 haec
1919 5305 2008 5362 de-

439 5404 708 5460 claravit:
742 5401 1054 5456 Accessistis
1088 5397 1156 5453 ad
1193 5399 1324 5454 Sion
1355 5407 1582 5452 montem
1607 5438 1623 5463 ,
1655 5406 1706 5452 et
1740 5398 2005 5453 civitatem

441 5495 538 5549 Dei
558 5496 799 5561 uirentis,
827 5492 1126 5548 Jerusalem
1159 5489 1414 5545 caelestem
1437 5529 1454 5554 ,
1487 5499 1534 5544 et
1566 5491 1852 5546 multorum
1887 5489 2007 5542 mil-

431 5625 434 5628 ’
513 5649 559 5680 ιο
598 5647 766 5706 Levii,
803 5663 930 5710 mn
956 5687 979 5719 ,
1014 5649 1099 5704 12.
1176 5649 1217 5686 “
1260 5645 1442 5703 Galat.
1482 5662 1555 5711 Iv,
1587 5646 1676 5700 26.

2105 4418 2207 4470 σις
2248 4401 2507 4472 εἰρήνης’
2549 4394 2618 4473 ἦς
2652 4399 2714 4452 τὸ
2751 4399 2997 4469 ἐφέστιον
3035 4399 3094 4452 ὲν
3128 4399 3246 4460 ταῖς
3293 4396 3411 4449 κατ’
3445 4395 3682 4466 οὐρανὸν

2105 4493 2276 4558 θείαις
2301 4493 2556 4564 τυγχάνει
2584 4491 2892 4562 δυνάμεσινο
2925 4491 2982 4543 ὲν
3019 4483 3105 4554 αἷς
3138 4491 3168 4543 6
3207 4487 3338 4551 Θεὸς
3368 4487 3531 4548 αὐτὸς
3567 4486 3675 4556 ὲμ-

2105 4587 2415 4657 περιπατεῖ,
2455 4585 2788 4657 χωρητικαῐς
2818 4581 3006 4648 οὔσαις
3047 4581 3148 4651 τῆς
3189 4579 3353 4635 αὐτοῦ
3399 4578 3672 4651 θεότητος.

2116 4677 2274 4747 Ἑξῆς
2293 4676 2504 4740 τούτοις
2525 4675 2759 4746 λέγεταιο
2791 4673 2902 4727 Kal
2926 4673 2990 4727 τὸ
3015 4669 3462 4740 κατοικητήριον
3484 4669 3676 4724 αὐτοῦ

2105 4773 2174 4826 ὲν
2223 4771 2393 4826 Σιών.
2444 4766 2577 4824 Εἶτα
2625 4768 2883 4823 συνάπτει
2934 4765 3155 4836 φάσκων
3204 4765 3234 4816 6
3281 4763 3460 4831 λόγος’
3519 4757 3684 4816 Ἐκεῖ

2105 4860 2429 4930 συνέτριψε
2461 4860 2533 4914 τὰ
2569 4857 2751 4928 κράτη
2779 4856 2899 4912 τῶν
2925 4855 3140 4923 τόξων,
3181 4854 3375 4908 ὅπλον
3414 4849 3512 4906 καί
3529 4851 3678 4921 ῥομ-

2104 4955 2290 5025 φαίαν
2318 4952 2416 5007 καί
2454 4951 2737 5020 πόλεμον.
2781 4950 2891 5004 Καὶ
2927 4947 3160 5002 ἐνταῦθα
3187 4945 3346 5000 πάλιν
3373 4945 3422 4998 εἰ
3454 4943 3553 5014 μὲν
3581 4939 3680 4996 ἐπὶ

2104 5045 2202 5115 τῆς
2247 5041 2510 5115 αἰσθητῆς
2552 5044 2649 5097 καὶ
2688 5041 2925 5109 ἐπιγείου
2972 5032 3108 5092 Σιὼν
3147 5037 3319 5091 ταῦτα
3364 5035 3676 5105 πέπρακτο,

2104 5133 2225 5187 οὐδὲ
2246 5132 2351 5186 ἔδει
2382 5132 2595 5202 φθονεῖν
2636 5130 2907 5194 Ἰουδαίοις
2937 5127 3110 5190 οὕτως
3140 5125 3452 5196 ἐκδέχεσθαι
3484 5123 3676 5195 βουλοο

2109 5225 2315 5297 μένοις⁹
2359 5226 2407 5278 εί
2449 5223 2507 5277 δὲ
2553 5224 2661 5277 πᾶν
2687 5220 2995 5276 τούναντίον
3032 5219 3094 5283 ἐξ
3125 5217 3303 5272 αὐτῶν
3339 5218 3532 5289 ὁρᾶται
3560 5213 3680 5269 τῶν

2107 5317 2463 5388 πραγμάτων,
2492 5314 2582 5369 διὰ
2607 5313 2668 5368 τὸ
2693 5312 3021 5386 ἠρημῶσθαι
3042 5311 3138 5383 τὴν
3170 5308 3312 5363 Σιὼν
3338 5313 3401 5363 ὲκ
3430 5310 3531 5380 τῆς
3561 5307 3675 5360 τῶν

2106 5409 2377 5480 πολεμίων
2409 5406 2742 5480 πολιορκίας,
2776 5404 2987 5474 ἀνάγκη
3020 5406 3086 5476 τῇ
3119 5403 3441 5474 ἀποδοθείσῃ
3474 5401 3667 5471 εἰρήνῃ

2106 5499 2451 5571 καταλλὴλως
2501 5499 2592 5552 καὶ
2647 5497 2746 5568 τὴν
2792 5494 2929 5549 Σιὼν
2975 5493 3350 5566 ἐκλαμϐάνειν,
3404 5492 3520 5562 ἦτοι
3570 5490 3680 5559 τὴν
