  <div class='ocr_page' id='page_1' title='image "/cluster/home/n/w/nwhite01/storage/ocr_20150623/23/hvd.32044073501116/446.png"; bbox 0 0 3996 6210; ppageno 0'>
   <div class='ocr_carea' id='block_1_1' title="bbox 203 5809 220 5848">
    <p class='ocr_par' dir='ltr' id='par_1_1' title="bbox 203 5809 220 5848">
     <span class='ocr_line' id='line_1_1' title="bbox 203 5809 220 5848; baseline 0 0"><span class='ocrx_word' id='word_1_1' title='bbox 203 5809 220 5848; x_wconf 74' lang='lat' dir='ltr'><strong><em>l</em></strong></span> 
     </span>
    </p>
   </div>
   <div class='ocr_carea' id='block_1_2' title="bbox 261 411 366 470">
    <p class='ocr_par' dir='ltr' id='par_1_2' title="bbox 261 411 366 470">
     <span class='ocr_line' id='line_1_2' title="bbox 261 411 366 470; baseline -0.029 0"><span class='ocrx_word' id='word_1_2' title='bbox 261 411 366 470; x_wconf 83' lang='grc'><strong><em>881</em></strong></span> 
     </span>
    </p>
   </div>
   <div class='ocr_carea' id='block_1_3' title="bbox 1393 401 2376 460">
    <p class='ocr_par' dir='ltr' id='par_1_3' title="bbox 1393 401 2376 460">
     <span class='ocr_line' id='line_1_3' title="bbox 1393 401 2376 460; baseline -0.001 0"><span class='ocrx_word' id='word_1_3' title='bbox 1393 401 1895 460; x_wconf 67' lang='lat' dir='ltr'><strong><em>COMMENTAIKIA</em></strong></span> <span class='ocrx_word' id='word_1_4' title='bbox 1932 403 1995 460; x_wconf 78' lang='lat' dir='ltr'><strong><em>IN</em></strong></span> <span class='ocrx_word' id='word_1_5' title='bbox 2038 402 2376 459; x_wconf 71' lang='lat' dir='ltr'><strong><em>PSALMOS.</em></strong></span> 
     </span>
    </p>
   </div>
   <div class='ocr_carea' id='block_1_4' title="bbox 3397 402 3504 458">
    <p class='ocr_par' dir='ltr' id='par_1_4' title="bbox 3397 402 3504 458">
     <span class='ocr_line' id='line_1_4' title="bbox 3397 402 3504 458; baseline -0.028 0"><span class='ocrx_word' id='word_1_6' title='bbox 3397 402 3504 458; x_wconf 67' lang='lat'><strong><em>882</em></strong></span> 
     </span>
    </p>
   </div>
   <div class='ocr_carea' id='block_1_5' title="bbox 274 508 1833 594">
    <p class='ocr_par' dir='ltr' id='par_1_5' title="bbox 274 508 1833 594">
     <span class='ocr_line' id='line_1_5' title="bbox 274 508 1833 594; baseline -0.008 -14"><span class='ocrx_word' id='word_1_7' title='bbox 274 521 606 594; x_wconf 78' lang='grc' dir='ltr'><strong><em>Ἐκκλησίαν</em></strong></span> <span class='ocrx_word' id='word_1_8' title='bbox 645 520 742 575; x_wconf 83' lang='grc' dir='ltr'>τοῦ</span> <span class='ocrx_word' id='word_1_9' title='bbox 775 519 934 584; x_wconf 78' lang='grc' dir='ltr'>Θεοῦ,</span> <span class='ocrx_word' id='word_1_10' title='bbox 968 519 1001 590; x_wconf 76' lang='grc' dir='ltr'>ἢ</span> <span class='ocrx_word' id='word_1_11' title='bbox 1036 516 1132 590; x_wconf 78' lang='grc' dir='ltr'>τὴν</span> <span class='ocrx_word' id='word_1_12' title='bbox 1166 517 1503 589; x_wconf 80' lang='grc' dir='ltr'>ἐπουράνιον,</span> <span class='ocrx_word' id='word_1_13' title='bbox 1537 508 1606 589; x_wconf 80' lang='grc' dir='ltr'>ἢν</span> <span class='ocrx_word' id='word_1_14' title='bbox 1633 517 1662 576; x_wconf 73' lang='grc' dir='ltr'><strong><em>ο</em></strong></span> <span class='ocrx_word' id='word_1_15' title='bbox 1695 514 1833 580; x_wconf 82' lang='grc' dir='ltr'>θεῖος</span> 
     </span>
    </p>
   </div>
   <div class='ocr_carea' id='block_1_6' title="bbox 1931 508 3504 594">
    <p class='ocr_par' dir='ltr' id='par_1_6' title="bbox 1939 514 3504 587">
     <span class='ocr_line' id='line_1_6' title="bbox 1939 514 3504 587; baseline 0.001 -18"><span class='ocrx_word' id='word_1_16' title='bbox 1939 516 2068 570; x_wconf 85' lang='lat' dir='ltr'><strong><em>lium</em></strong></span> <span class='ocrx_word' id='word_1_17' title='bbox 2097 517 2406 587; x_wconf 83' lang='lat' dir='ltr'><strong><em>angelorum</em></strong></span> <span class='ocrx_word' id='word_1_18' title='bbox 2435 515 2782 586; x_wconf 74' lang='lat' dir='ltr'><strong><em>frequentiam</em></strong></span> <span class='ocrx_word' id='word_1_19' title='bbox 2807 556 2823 581; x_wconf 94' lang='lat'><strong><em>,</em></strong></span> <span class='ocrx_word' id='word_1_20' title='bbox 2856 524 2906 571; x_wconf 88' lang='lat' dir='ltr'><strong><em>et</em></strong></span> <span class='ocrx_word' id='word_1_21' title='bbox 2939 514 3230 570; x_wconf 81' lang='lat' dir='ltr'><strong><em>Ecclesiam</em></strong></span> <span class='ocrx_word' id='word_1_22' title='bbox 3271 517 3504 584; x_wconf 83' lang='lat' dir='ltr'><strong><em>primiti-</em></strong></span> 
     </span>
    </p>
   </div>
   <div class='ocr_carea' id='block_1_7' title="bbox 211 601 1834 684">
    <p class='ocr_par' dir='ltr' id='par_1_7' title="bbox 211 601 1834 684">
     <span class='ocr_line' id='line_1_7' title="bbox 211 601 1834 684; baseline -0.007 -11"><span class='ocrx_word' id='word_1_23' title='bbox 211 601 218 610; x_wconf 60' lang='grc'><em>’</em></span> <span class='ocrx_word' id='word_1_24' title='bbox 274 615 600 678; x_wconf 81' lang='grc' dir='ltr'>’Δπόσ-τολος</span> <span class='ocrx_word' id='word_1_25' title='bbox 631 613 870 684; x_wconf 79' lang='grc' dir='ltr'><strong><em>παρίστη</em></strong></span> <span class='ocrx_word' id='word_1_26' title='bbox 919 611 1113 680; x_wconf 82' lang='grc' dir='ltr'>λέγων·</span> <span class='ocrx_word' id='word_1_27' title='bbox 1147 610 1648 678; x_wconf 72' lang='grc' dir='ltr'>Προσεληλύθατε</span> <span class='ocrx_word' id='word_1_28' title='bbox 1681 609 1834 662; x_wconf 88' lang='grc' dir='ltr'>Σιὼν</span> 
     </span>
    </p>
   </div>
   <div class='ocr_carea' id='block_1_8' title="bbox 259 699 1836 780">
    <p class='ocr_par' dir='ltr' id='par_1_8' title="bbox 259 699 1836 780">
     <span class='ocr_line' id='line_1_8' title="bbox 259 699 1836 780; baseline -0.006 -16"><span class='ocrx_word' id='word_1_29' title='bbox 259 710 406 780; x_wconf 77' lang='grc' dir='ltr'>ὄρει,</span> <span class='ocrx_word' id='word_1_30' title='bbox 436 705 535 762; x_wconf 71' lang='grc' dir='ltr'>καὶ</span> <span class='ocrx_word' id='word_1_31' title='bbox 559 705 731 760; x_wconf 74' lang='grc' dir='ltr'>πόλει</span> <span class='ocrx_word' id='word_1_32' title='bbox 754 703 901 758; x_wconf 84' lang='grc' dir='ltr'>Θεοῦ</span> <span class='ocrx_word' id='word_1_33' title='bbox 928 699 1140 767; x_wconf 79' lang='grc' dir='ltr'>ζῶντος</span> <span class='ocrx_word' id='word_1_34' title='bbox 1171 699 1557 770; x_wconf 69' lang='grc' dir='ltr'>Ἰερουσαλὴμ</span> <span class='ocrx_word' id='word_1_35' title='bbox 1584 699 1836 768; x_wconf 77' lang='grc' dir='ltr'>ἐπουρα-</span> 
     </span>
    </p>
   </div>
   <div class='ocr_carea' id='block_1_9' title="bbox 257 793 1833 871">
    <p class='ocr_par' dir='ltr' id='par_1_9' title="bbox 257 793 1833 871">
     <span class='ocr_line' id='line_1_9' title="bbox 257 793 1833 871; baseline -0.006 -13"><span class='ocrx_word' id='word_1_36' title='bbox 257 805 390 871; x_wconf 84' lang='grc' dir='ltr'>νιφ,</span> <span class='ocrx_word' id='word_1_37' title='bbox 436 800 533 856; x_wconf 74' lang='grc' dir='ltr'>καὶ</span> <span class='ocrx_word' id='word_1_38' title='bbox 573 797 861 870; x_wconf 79' lang='grc' dir='ltr'><strong><em>μυριάσιν</em></strong></span> <span class='ocrx_word' id='word_1_39' title='bbox 895 795 1164 865; x_wconf 71' lang='grc' dir='ltr'>ἀγγέλων</span> <span class='ocrx_word' id='word_1_40' title='bbox 1198 795 1552 864; x_wconf 75' lang='grc' dir='ltr'><strong><em>πανηγύρει,</em></strong></span> <span class='ocrx_word' id='word_1_41' title='bbox 1577 793 1674 848; x_wconf 77' lang='grc' dir='ltr'>καὶ</span> <span class='ocrx_word' id='word_1_42' title='bbox 1707 795 1833 848; x_wconf 80' lang='grc' dir='ltr'><strong><em>Ἐκ·-</em></strong></span> 
     </span>
    </p>
   </div>
   <div class='ocr_carea' id='block_1_10' title="bbox 260 885 1830 962">
    <p class='ocr_par' dir='ltr' id='par_1_10' title="bbox 260 885 1830 962">
     <span class='ocr_line' id='line_1_10' title="bbox 260 885 1830 962; baseline -0.008 -12"><span class='ocrx_word' id='word_1_43' title='bbox 260 895 489 962; x_wconf 69' lang='grc' dir='ltr'>κλησίςι</span> <span class='ocrx_word' id='word_1_44' title='bbox 526 892 910 960; x_wconf 72' lang='grc' dir='ltr'><strong><em>πρωτοτόκων</em></strong></span> <span class='ocrx_word' id='word_1_45' title='bbox 953 885 1494 958; x_wconf 73' lang='grc' dir='ltr'>ἀπογεγραμμένων</span> <span class='ocrx_word' id='word_1_46' title='bbox 1535 886 1606 939; x_wconf 81' lang='grc' dir='ltr'>ὲν</span> <span class='ocrx_word' id='word_1_47' title='bbox 1653 888 1830 955; x_wconf 81' lang='grc' dir='ltr'>οὺραο</span> 
     </span>
    </p>
   </div>
   <div class='ocr_carea' id='block_1_11' title="bbox 257 978 1826 1054">
    <p class='ocr_par' dir='ltr' id='par_1_11' title="bbox 257 978 1826 1054">
     <span class='ocr_line' id='line_1_11' title="bbox 257 978 1826 1054; baseline 0.006 -15"><span class='ocrx_word' id='word_1_48' title='bbox 257 986 409 1053; x_wconf 84' lang='grc' dir='ltr'>νοῖς.</span> <span class='ocrx_word' id='word_1_49' title='bbox 445 982 710 1038; x_wconf 79' lang='grc' dir='ltr'>Ἐνταῦθα</span> <span class='ocrx_word' id='word_1_50' title='bbox 739 982 848 1054; x_wconf 77' lang='grc' dir='ltr'><strong><em>γὰρ</em></strong></span> <span class='ocrx_word' id='word_1_51' title='bbox 878 981 1144 1054; x_wconf 73' lang='grc' dir='ltr'><strong><em>μηδεμιᾶς</em></strong></span> <span class='ocrx_word' id='word_1_52' title='bbox 1177 979 1446 1050; x_wconf 79' lang='grc' dir='ltr'>ἁμαρτίας</span> <span class='ocrx_word' id='word_1_53' title='bbox 1479 978 1826 1049; x_wconf 69' lang='grc' dir='ltr'>ἐνεργούσηςν</span> 
     </span>
    </p>
   </div>
   <div class='ocr_carea' id='block_1_12' title="bbox 260 1070 1831 1149">
    <p class='ocr_par' dir='ltr' id='par_1_12' title="bbox 260 1070 1831 1149">
     <span class='ocr_line' id='line_1_12' title="bbox 260 1070 1831 1149; baseline -0.006 -17"><span class='ocrx_word' id='word_1_54' title='bbox 260 1077 397 1149; x_wconf 83' lang='grc' dir='ltr'>μηδέ</span> <span class='ocrx_word' id='word_1_55' title='bbox 423 1093 564 1140; x_wconf 87' lang='grc' dir='ltr'>τινος</span> <span class='ocrx_word' id='word_1_56' title='bbox 591 1074 894 1144; x_wconf 82' lang='grc' dir='ltr'><strong>ὑφεστῶτος</strong></span> <span class='ocrx_word' id='word_1_57' title='bbox 924 1071 1108 1143; x_wconf 84' lang='grc' dir='ltr'>ψυχῶν</span> <span class='ocrx_word' id='word_1_58' title='bbox 1140 1070 1418 1143; x_wconf 80' lang='grc' dir='ltr'><strong><em>πολεμίου,</em></strong></span> <span class='ocrx_word' id='word_1_59' title='bbox 1453 1071 1831 1142; x_wconf 83' lang='grc' dir='ltr'><strong><em>συντέτριπται</em></strong></span> 
     </span>
    </p>
   </div>
   <div class='ocr_carea' id='block_1_13' title="bbox 1933 607 3504 680">
    <p class='ocr_par' dir='ltr' id='par_1_13' title="bbox 1933 607 3504 680">
     <span class='ocr_line' id='line_1_13' title="bbox 1933 607 3504 680; baseline 0.001 -18"><span class='ocrx_word' id='word_1_60' title='bbox 1933 625 2110 662; x_wconf 76' lang='lat' dir='ltr'><strong><em>eorum</em></strong></span> <span class='ocrx_word' id='word_1_61' title='bbox 2137 609 2226 680; x_wconf 83' lang='lat' dir='ltr'><strong><em>qui</em></strong></span> <span class='ocrx_word' id='word_1_62' title='bbox 2251 609 2534 678; x_wconf 74' lang='lat' dir='ltr'><strong><em>conscripti</em></strong></span> <span class='ocrx_word' id='word_1_63' title='bbox 2557 619 2681 663; x_wconf 82' lang='lat' dir='ltr'><strong><em>sunt</em></strong></span> <span class='ocrx_word' id='word_1_64' title='bbox 2705 610 2759 663; x_wconf 90' lang='lat' dir='ltr'><strong><em>in</em></strong></span> <span class='ocrx_word' id='word_1_65' title='bbox 2785 609 2927 663; x_wconf 74' lang='lat' dir='ltr'><strong><em>cazlis</em></strong></span> <span class='ocrx_word' id='word_1_66' title='bbox 2959 610 3026 664; x_wconf 77' lang='lat'><strong><em>”.</em></strong></span> <span class='ocrx_word' id='word_1_67' title='bbox 3056 607 3157 664; x_wconf 81' lang='lat' dir='ltr'><strong><em>Hic</em></strong></span> <span class='ocrx_word' id='word_1_68' title='bbox 3178 608 3324 664; x_wconf 88' lang='lat' dir='ltr'><strong><em>enim</em></strong></span> <span class='ocrx_word' id='word_1_69' title='bbox 3352 610 3504 664; x_wconf 88' lang='lat' dir='ltr'><strong><em>nullo</em></strong></span> 
     </span>
    </p>
   </div>
   <div class='ocr_carea' id='block_1_14' title="bbox 1936 700 3504 772">
    <p class='ocr_par' dir='ltr' id='par_1_14' title="bbox 1936 700 3504 772">
     <span class='ocr_line' id='line_1_14' title="bbox 1936 700 3504 772; baseline 0 -16"><span class='ocrx_word' id='word_1_70' title='bbox 1936 711 2162 771; x_wconf 89' lang='lat' dir='ltr'><strong><em>peccato</em></strong></span> <span class='ocrx_word' id='word_1_71' title='bbox 2190 701 2407 770; x_wconf 77' lang='lat' dir='ltr'><strong><em>vigente</em></strong></span> <span class='ocrx_word' id='word_1_72' title='bbox 2428 740 2444 766; x_wconf 95' lang='lat'><strong><em>,</em></strong></span> <span class='ocrx_word' id='word_1_73' title='bbox 2477 701 2740 772; x_wconf 87' lang='lat' dir='ltr'><strong><em>nulloque</em></strong></span> <span class='ocrx_word' id='word_1_74' title='bbox 2767 701 3074 756; x_wconf 89' lang='lat' dir='ltr'><strong><em>animarum</em></strong></span> <span class='ocrx_word' id='word_1_75' title='bbox 3105 700 3332 760; x_wconf 89' lang='lat' dir='ltr'><strong><em>inimico</em></strong></span> <span class='ocrx_word' id='word_1_76' title='bbox 3363 701 3504 757; x_wconf 79' lang='lat' dir='ltr'><strong><em>exsi-</em></strong></span> 
     </span>
    </p>
   </div>
   <div class='ocr_carea' id='block_1_15' title="bbox 1933 792 3502 865">
    <p class='ocr_par' dir='ltr' id='par_1_15' title="bbox 1933 792 3502 865">
     <span class='ocr_line' id='line_1_15' title="bbox 1933 792 3502 865; baseline -0.004 -13"><span class='ocrx_word' id='word_1_77' title='bbox 1933 802 2148 860; x_wconf 91' lang='lat' dir='ltr'><strong><em>stente,</em></strong></span> <span class='ocrx_word' id='word_1_78' title='bbox 2197 795 2457 865; x_wconf 74' lang='lat' dir='ltr'><strong><em>potentia:</em></strong></span> <span class='ocrx_word' id='word_1_79' title='bbox 2500 808 2727 850; x_wconf 87' lang='lat' dir='ltr'><strong>arcuum</strong></span> <span class='ocrx_word' id='word_1_80' title='bbox 2767 794 3020 848; x_wconf 68' lang='lat' dir='ltr'><strong><em>contritae</em></strong></span> <span class='ocrx_word' id='word_1_81' title='bbox 3050 801 3216 857; x_wconf 85' lang='lat' dir='ltr'><strong><em>sunt,</em></strong></span> <span class='ocrx_word' id='word_1_82' title='bbox 3249 792 3417 848; x_wconf 91' lang='lat' dir='ltr'><strong><em>telum</em></strong></span> <span class='ocrx_word' id='word_1_83' title='bbox 3448 800 3502 847; x_wconf 90' lang='lat' dir='ltr'><strong><em>et</em></strong></span> 
     </span>
    </p>
   </div>
   <div class='ocr_carea' id='block_1_16' title="bbox 1932 885 3506 958">
    <p class='ocr_par' dir='ltr' id='par_1_16' title="bbox 1932 885 3506 958">
     <span class='ocr_line' id='line_1_16' title="bbox 1932 885 3506 958; baseline 0 -18"><span class='ocrx_word' id='word_1_84' title='bbox 1932 887 2145 958; x_wconf 80' lang='lat' dir='ltr'><strong><em>gladius</em></strong></span> <span class='ocrx_word' id='word_1_85' title='bbox 2190 886 2372 942; x_wconf 90' lang='lat' dir='ltr'><strong><em>ablata</em></strong></span> <span class='ocrx_word' id='word_1_86' title='bbox 2413 893 2544 941; x_wconf 90' lang='lat' dir='ltr'><strong><em>sunt</em></strong></span> <span class='ocrx_word' id='word_1_87' title='bbox 2570 924 2586 950; x_wconf 93' lang='lat'><strong>,</strong></span> <span class='ocrx_word' id='word_1_88' title='bbox 2631 885 2707 940; x_wconf 91' lang='lat' dir='ltr'><strong><em>ita</em></strong></span> <span class='ocrx_word' id='word_1_89' title='bbox 2753 894 2814 941; x_wconf 93' lang='lat' dir='ltr'><strong><em>ut</em></strong></span> <span class='ocrx_word' id='word_1_90' title='bbox 2858 885 2926 942; x_wconf 92' lang='lat' dir='ltr'><strong><em>de</em></strong></span> <span class='ocrx_word' id='word_1_91' title='bbox 2969 885 3036 941; x_wconf 92' lang='lat' dir='ltr'><strong><em>iis</em></strong></span> <span class='ocrx_word' id='word_1_92' title='bbox 3077 886 3171 956; x_wconf 89' lang='lat' dir='ltr'><strong>qui</strong></span> <span class='ocrx_word' id='word_1_93' title='bbox 3215 885 3308 940; x_wconf 91' lang='lat' dir='ltr'><strong><em>illa</em></strong></span> <span class='ocrx_word' id='word_1_94' title='bbox 3355 899 3506 940; x_wconf 86' lang='lat' dir='ltr'><strong><em>man-</em></strong></span> 
     </span>
    </p>
   </div>
   <div class='ocr_carea' id='block_1_17' title="bbox 1933 977 3504 1050">
    <p class='ocr_par' dir='ltr' id='par_1_17' title="bbox 1933 977 3504 1050">
     <span class='ocr_line' id='line_1_17' title="bbox 1933 977 3504 1050; baseline -0.003 -15"><span class='ocrx_word' id='word_1_95' title='bbox 1933 978 2088 1035; x_wconf 87' lang='lat' dir='ltr'><strong><em>sione</em></strong></span> <span class='ocrx_word' id='word_1_96' title='bbox 2117 979 2325 1050; x_wconf 79' lang='lat' dir='ltr'><strong><em>dignati</em></strong></span> <span class='ocrx_word' id='word_1_97' title='bbox 2355 985 2484 1034; x_wconf 89' lang='lat' dir='ltr'><strong><em>sunt</em></strong></span> <span class='ocrx_word' id='word_1_98' title='bbox 2513 977 2749 1044; x_wconf 90' lang='lat' dir='ltr'><strong><em>dicatur,</em></strong></span> <span class='ocrx_word' id='word_1_99' title='bbox 2795 977 3060 1033; x_wconf 82' lang='lat' dir='ltr'><strong><em>Abscessit</em></strong></span> <span class='ocrx_word' id='word_1_100' title='bbox 3110 977 3285 1043; x_wconf 88' lang='lat' dir='ltr'><strong><em>dolor,</em></strong></span> <span class='ocrx_word' id='word_1_101' title='bbox 3341 977 3504 1032; x_wconf 84' lang='lat' dir='ltr'><strong><em>tristi-</em></strong></span> 
     </span>
    </p>
   </div>
   <div class='ocr_carea' id='block_1_18' title="bbox 1940 1071 2448 1142">
    <p class='ocr_par' dir='ltr' id='par_1_18' title="bbox 1940 1071 2448 1142">
     <span class='ocr_line' id='line_1_18' title="bbox 1940 1071 2448 1142; baseline 0 -18"><span class='ocrx_word' id='word_1_102' title='bbox 1940 1072 2017 1124; x_wconf 90' lang='lat' dir='ltr'><strong><em>tia</em></strong></span> <span class='ocrx_word' id='word_1_103' title='bbox 2044 1081 2092 1124; x_wconf 91' lang='lat' dir='ltr'><strong><em>et</em></strong></span> <span class='ocrx_word' id='word_1_104' title='bbox 2126 1073 2350 1142; x_wconf 77' lang='lat' dir='ltr'><strong><em>gemitus</em></strong></span> <span class='ocrx_word' id='word_1_105' title='bbox 2382 1071 2448 1124; x_wconf 78' lang='lat'><strong><em>“.</em></strong></span> 
     </span>
    </p>
   </div>
   <div class='ocr_carea' id='block_1_19' title="bbox 258 1159 3504 1241">
    <p class='ocr_par' dir='ltr' id='par_1_19' title="bbox 258 1159 3504 1241">
     <span class='ocr_line' id='line_1_19' title="bbox 258 1159 3504 1241; baseline -0.002 -17"><span class='ocrx_word' id='word_1_106' title='bbox 258 1173 329 1227; x_wconf 80' lang='grc' dir='ltr'><strong><em>τὰ</em></strong></span> <span class='ocrx_word' id='word_1_107' title='bbox 375 1170 551 1241; x_wconf 81' lang='grc' dir='ltr'>κράτη</span> <span class='ocrx_word' id='word_1_108' title='bbox 596 1166 704 1220; x_wconf 89' lang='grc' dir='ltr'><strong><em>τῶν</em></strong></span> <span class='ocrx_word' id='word_1_109' title='bbox 745 1163 934 1230; x_wconf 80' lang='grc' dir='ltr'><strong><em>τόξων,</em></strong></span> <span class='ocrx_word' id='word_1_110' title='bbox 976 1162 1242 1234; x_wconf 68' lang='grc' dir='ltr'>ἀνῄρηται</span> <span class='ocrx_word' id='word_1_111' title='bbox 1277 1180 1335 1216; x_wconf 88' lang='grc' dir='ltr'><strong><em>τε</em></strong></span> <span class='ocrx_word' id='word_1_112' title='bbox 1363 1161 1526 1215; x_wconf 85' lang='grc' dir='ltr'>ὅπλον</span> <span class='ocrx_word' id='word_1_113' title='bbox 1569 1162 1660 1215; x_wconf 75' lang='grc' dir='ltr'>καὶ</span> <span class='ocrx_word' id='word_1_114' title='bbox 1697 1160 1955 1234; x_wconf 79' lang='grc' dir='ltr'><strong><em>ῥομφαία·</em></strong></span> <span class='ocrx_word' id='word_1_115' title='bbox 2012 1162 2088 1225; x_wconf 84' lang='grc' dir='ltr'><strong><em>ὡς</em></strong></span> <span class='ocrx_word' id='word_1_116' title='bbox 2136 1161 2388 1232; x_wconf 82' lang='grc' dir='ltr'>λέγεσθαι</span> <span class='ocrx_word' id='word_1_117' title='bbox 2438 1162 2568 1235; x_wconf 79' lang='grc' dir='ltr'>περὶ</span> <span class='ocrx_word' id='word_1_118' title='bbox 2619 1160 2728 1216; x_wconf 88' lang='grc' dir='ltr'><strong><em>τῶν</em></strong></span> <span class='ocrx_word' id='word_1_119' title='bbox 2783 1159 3220 1233; x_wconf 76' lang='grc' dir='ltr'>καταξιουμένων</span> <span class='ocrx_word' id='word_1_120' title='bbox 3250 1161 3350 1234; x_wconf 81' lang='grc' dir='ltr'>τῆς</span> <span class='ocrx_word' id='word_1_121' title='bbox 3385 1162 3504 1217; x_wconf 68' lang='grc' dir='ltr'>ἐκεῖ</span> 
     </span>
    </p>
   </div>
   <div class='ocr_carea' id='block_1_20' title="bbox 257 1255 1910 1336">
    <p class='ocr_par' dir='ltr' id='par_1_20' title="bbox 257 1255 1910 1336">
     <span class='ocr_line' id='line_1_20' title="bbox 257 1255 1910 1336; baseline -0.005 -16"><span class='ocrx_word' id='word_1_122' title='bbox 257 1263 556 1336; x_wconf 75' lang='grc' dir='ltr'>διατριϐῆς·</span> <span class='ocrx_word' id='word_1_123' title='bbox 606 1260 846 1328; x_wconf 81' lang='grc' dir='ltr'>Ἅπέδρα</span> <span class='ocrx_word' id='word_1_124' title='bbox 879 1258 1068 1326; x_wconf 79' lang='grc' dir='ltr'>ὀδύνη</span> <span class='ocrx_word' id='word_1_125' title='bbox 1097 1255 1194 1313; x_wconf 73' lang='grc' dir='ltr'>καὶ</span> <span class='ocrx_word' id='word_1_126' title='bbox 1225 1258 1390 1326; x_wconf 69' lang='grc' dir='ltr'>λύπη</span> <span class='ocrx_word' id='word_1_127' title='bbox 1421 1257 1521 1312; x_wconf 81' lang='grc' dir='ltr'>καὶ</span> <span class='ocrx_word' id='word_1_128' title='bbox 1551 1258 1910 1327; x_wconf 78' lang='grc' dir='ltr'>στεναγμός.</span> 
     </span>
    </p>
   </div>
   <div class='ocr_carea' id='block_1_21' title="bbox 329 1374 1826 1446">
    <p class='ocr_par' dir='ltr' id='par_1_21' title="bbox 329 1374 1826 1446">
     <span class='ocr_line' id='line_1_21' title="bbox 329 1374 1826 1446; baseline -0.003 -11"><span class='ocrx_word' id='word_1_129' title='bbox 329 1377 598 1446; x_wconf 51' lang='lat' dir='ltr'><strong><em>hortare</em></strong></span> <span class='ocrx_word' id='word_1_130' title='bbox 634 1377 716 1432; x_wconf 89' lang='grc' dir='ltr'>σὺ</span> <span class='ocrx_word' id='word_1_131' title='bbox 749 1374 1104 1446; x_wconf 82' lang='grc' dir='ltr'><strong><em>θαυμαστῶς</em></strong></span> <span class='ocrx_word' id='word_1_132' title='bbox 1147 1375 1266 1430; x_wconf 77' lang='grc' dir='ltr'><strong><em>ἀπὸ</em></strong></span> <span class='ocrx_word' id='word_1_133' title='bbox 1309 1376 1492 1445; x_wconf 77' lang='grc' dir='ltr'>ὀρέων</span> <span class='ocrx_word' id='word_1_134' title='bbox 1541 1377 1826 1440; x_wconf 72' lang='grc' dir='ltr'>αἰωνίων,</span> 
     </span>
    </p>
   </div>
   <div class='ocr_carea' id='block_1_22' title="bbox 256 1465 1828 1540">
    <p class='ocr_par' dir='ltr' id='par_1_22' title="bbox 256 1465 1828 1540">
     <span class='ocr_line' id='line_1_22' title="bbox 256 1465 1828 1540; baseline -0.012 -13"><span class='ocrx_word' id='word_1_135' title='bbox 256 1470 675 1540; x_wconf 69' lang='grc' dir='ltr'><strong><em>ἐταράχθησαν</em></strong></span> <span class='ocrx_word' id='word_1_136' title='bbox 697 1470 752 1523; x_wconf 77' lang='grc' dir='ltr'>οἱ</span> <span class='ocrx_word' id='word_1_137' title='bbox 777 1467 1057 1522; x_wconf 76' lang='grc' dir='ltr'>ἀσύνετοί</span> <span class='ocrx_word' id='word_1_138' title='bbox 1085 1465 1160 1536; x_wconf 76' lang='grc' dir='ltr'>τῇ</span> <span class='ocrx_word' id='word_1_139' title='bbox 1193 1467 1422 1537; x_wconf 80' lang='grc' dir='ltr'>καρδίᾳ,</span> <span class='ocrx_word' id='word_1_140' title='bbox 1458 1468 1670 1540; x_wconf 74' lang='grc' dir='ltr'>Σφόδρα</span> <span class='ocrx_word' id='word_1_141' title='bbox 1701 1469 1828 1521; x_wconf 60' lang='lat' dir='ltr'><strong><em>am-</em></strong></span> 
     </span>
    </p>
   </div>
   <div class='ocr_carea' id='block_1_23' title="bbox 257 1557 1831 1636">
    <p class='ocr_par' dir='ltr' id='par_1_23' title="bbox 257 1557 1831 1636">
     <span class='ocr_line' id='line_1_23' title="bbox 257 1557 1831 1636; baseline -0.002 -21"><span class='ocrx_word' id='word_1_142' title='bbox 257 1561 480 1625; x_wconf 86' lang='grc' dir='ltr'>λούθως,</span> <span class='ocrx_word' id='word_1_143' title='bbox 517 1559 656 1632; x_wconf 82' lang='grc' dir='ltr'>μετὰ</span> <span class='ocrx_word' id='word_1_144' title='bbox 681 1559 742 1612; x_wconf 85' lang='grc' dir='ltr'>τὸ</span> <span class='ocrx_word' id='word_1_145' title='bbox 775 1558 1121 1636; x_wconf 79' lang='grc' dir='ltr'><strong><em>παραστῆσαι</em></strong></span> <span class='ocrx_word' id='word_1_146' title='bbox 1143 1558 1234 1611; x_wconf 78' lang='grc' dir='ltr'>τὸν</span> <span class='ocrx_word' id='word_1_147' title='bbox 1264 1557 1430 1613; x_wconf 82' lang='grc' dir='ltr'>τόπον</span> <span class='ocrx_word' id='word_1_148' title='bbox 1455 1558 1549 1612; x_wconf 79' lang='grc' dir='ltr'>τοῦ</span> <span class='ocrx_word' id='word_1_149' title='bbox 1576 1559 1732 1623; x_wconf 82' lang='grc' dir='ltr'>Θεοῦ,</span> <span class='ocrx_word' id='word_1_150' title='bbox 1753 1560 1831 1613; x_wconf 89' lang='grc' dir='ltr'>δι-</span> 
     </span>
    </p>
   </div>
   <div class='ocr_carea' id='block_1_24' title="bbox 255 1648 1834 1714">
    <p class='ocr_par' dir='ltr' id='par_1_24' title="bbox 255 1648 1834 1714">
     <span class='ocr_line' id='line_1_24' title="bbox 255 1648 1834 1714; baseline -0.001 -9"><span class='ocrx_word' id='word_1_151' title='bbox 255 1650 468 1714; x_wconf 76' lang='grc' dir='ltr'>δάσκει,</span> <span class='ocrx_word' id='word_1_152' title='bbox 511 1651 593 1704; x_wconf 86' lang='grc' dir='ltr'>ὃτι</span> <span class='ocrx_word' id='word_1_153' title='bbox 636 1649 1054 1703; x_wconf 78' lang='grc' dir='ltr'>ἀποκέκλεισται</span> <span class='ocrx_word' id='word_1_154' title='bbox 1082 1648 1213 1703; x_wconf 75' lang='grc' dir='ltr'>εἵσω</span> <span class='ocrx_word' id='word_1_155' title='bbox 1243 1649 1336 1703; x_wconf 77' lang='grc' dir='ltr'><strong><em>τοῦ</em></strong></span> <span class='ocrx_word' id='word_1_156' title='bbox 1359 1650 1526 1704; x_wconf 88' lang='grc' dir='ltr'>τόπου</span> <span class='ocrx_word' id='word_1_157' title='bbox 1573 1651 1738 1705; x_wconf 77' lang='grc' dir='ltr'>αὐτοῦ</span> <span class='ocrx_word' id='word_1_158' title='bbox 1763 1651 1834 1704; x_wconf 85' lang='grc' dir='ltr'>τὰ.</span> 
     </span>
    </p>
   </div>
   <div class='ocr_carea' id='block_1_25' title="bbox 257 1740 1831 1814">
    <p class='ocr_par' dir='ltr' id='par_1_25' title="bbox 257 1740 1831 1814">
     <span class='ocr_line' id='line_1_25' title="bbox 257 1740 1831 1814; baseline -0.001 -17"><span class='ocrx_word' id='word_1_159' title='bbox 257 1742 457 1811; x_wconf 80' lang='grc' dir='ltr'>ἀγαθά·</span> <span class='ocrx_word' id='word_1_160' title='bbox 481 1741 702 1804; x_wconf 78' lang='grc' dir='ltr'>ἀκτῖνας</span> <span class='ocrx_word' id='word_1_161' title='bbox 722 1741 766 1795; x_wconf 75' lang='grc' dir='ltr'>δ’</span> <span class='ocrx_word' id='word_1_162' title='bbox 790 1742 976 1812; x_wconf 86' lang='grc' dir='ltr'>ῶσπερ</span> <span class='ocrx_word' id='word_1_163' title='bbox 1005 1740 1278 1812; x_wconf 82' lang='grc' dir='ltr'>ἐκπέμπει</span> <span class='ocrx_word' id='word_1_164' title='bbox 1302 1742 1397 1794; x_wconf 77' lang='grc' dir='ltr'>καὶ</span> <span class='ocrx_word' id='word_1_165' title='bbox 1421 1742 1514 1796; x_wconf 75' lang='grc' dir='ltr'><strong><em>ἐπὶ</em></strong></span> <span class='ocrx_word' id='word_1_166' title='bbox 1539 1743 1664 1804; x_wconf 81' lang='grc' dir='ltr'>τοὺς</span> <span class='ocrx_word' id='word_1_167' title='bbox 1696 1745 1831 1814; x_wconf 83' lang='grc' dir='ltr'>πορ-</span> 
     </span>
    </p>
   </div>
   <div class='ocr_carea' id='block_1_26' title="bbox 257 1829 1834 1904">
    <p class='ocr_par' dir='ltr' id='par_1_26' title="bbox 257 1829 1834 1904">
     <span class='ocr_line' id='line_1_26' title="bbox 257 1829 1834 1904; baseline 0.001 -18"><span class='ocrx_word' id='word_1_168' title='bbox 257 1832 504 1904; x_wconf 75' lang='grc' dir='ltr'>ρωτάτω.</span> <span class='ocrx_word' id='word_1_169' title='bbox 552 1829 643 1886; x_wconf 87' lang='grc' dir='ltr'>Διό</span> <span class='ocrx_word' id='word_1_170' title='bbox 685 1847 854 1904; x_wconf 91' lang='grc' dir='ltr'>φησι·</span> <span class='ocrx_word' id='word_1_171' title='bbox 889 1830 1154 1896; x_wconf 79' lang='grc' dir='ltr'>Φωτίζεις</span> <span class='ocrx_word' id='word_1_172' title='bbox 1208 1830 1290 1885; x_wconf 89' lang='grc' dir='ltr'>σὺ</span> <span class='ocrx_word' id='word_1_173' title='bbox 1332 1831 1685 1902; x_wconf 82' lang='grc' dir='ltr'>θαυμαστῶς</span> <span class='ocrx_word' id='word_1_174' title='bbox 1717 1832 1834 1887; x_wconf 81' lang='grc' dir='ltr'><strong><em>ἀπὸ</em></strong></span> 
     </span>
    </p>
   </div>
   <div class='ocr_carea' id='block_1_27' title="bbox 255 1919 1831 1998">
    <p class='ocr_par' dir='ltr' id='par_1_27' title="bbox 255 1919 1831 1998">
     <span class='ocr_line' id='line_1_27' title="bbox 255 1919 1831 1998; baseline 0.003 -23"><span class='ocrx_word' id='word_1_175' title='bbox 255 1924 440 1995; x_wconf 69' lang='grc' dir='ltr'>ὁρέων</span> <span class='ocrx_word' id='word_1_176' title='bbox 467 1923 736 1978; x_wconf 70' lang='grc' dir='ltr'>αἰωνίων.</span> <span class='ocrx_word' id='word_1_177' title='bbox 781 1922 916 1977; x_wconf 90' lang='grc' dir='ltr'>Τίνα</span> <span class='ocrx_word' id='word_1_178' title='bbox 945 1922 1004 1976; x_wconf 82' lang='grc' dir='ltr'>δὲ</span> <span class='ocrx_word' id='word_1_179' title='bbox 1049 1919 1120 1995; x_wconf 79' lang='grc' dir='ltr'>ἦν</span> <span class='ocrx_word' id='word_1_180' title='bbox 1157 1924 1226 1978; x_wconf 82' lang='grc' dir='ltr'>τὰ</span> <span class='ocrx_word' id='word_1_181' title='bbox 1258 1924 1450 1978; x_wconf 74' lang='grc' dir='ltr'>αἰώνια</span> <span class='ocrx_word' id='word_1_182' title='bbox 1493 1925 1618 1998; x_wconf 76' lang='grc' dir='ltr'>ὅρη,</span> <span class='ocrx_word' id='word_1_183' title='bbox 1653 1925 1767 1979; x_wconf 86' lang='grc' dir='ltr'>ἀλλ’</span> <span class='ocrx_word' id='word_1_184' title='bbox 1799 1926 1831 1997; x_wconf 77' lang='grc' dir='ltr'><strong>ἢ</strong></span> 
     </span>
    </p>
   </div>
   <div class='ocr_carea' id='block_1_28' title="bbox 255 2014 1835 2088">
    <p class='ocr_par' dir='ltr' id='par_1_28' title="bbox 255 2014 1835 2088">
     <span class='ocr_line' id='line_1_28' title="bbox 255 2014 1835 2088; baseline -0.001 -16"><span class='ocrx_word' id='word_1_185' title='bbox 255 2016 395 2072; x_wconf 79' lang='grc' dir='ltr'>Σιὼν</span> <span class='ocrx_word' id='word_1_186' title='bbox 443 2017 537 2070; x_wconf 71' lang='grc' dir='ltr'>καὶ</span> <span class='ocrx_word' id='word_1_187' title='bbox 580 2017 614 2088; x_wconf 75' lang='grc' dir='ltr'><strong>ἡ</strong></span> <span class='ocrx_word' id='word_1_188' title='bbox 649 2014 857 2087; x_wconf 72' lang='grc' dir='ltr'>Σαλήμ,</span> <span class='ocrx_word' id='word_1_189' title='bbox 888 2014 958 2068; x_wconf 79' lang='grc' dir='ltr'><strong><em>τὰ</em></strong></span> <span class='ocrx_word' id='word_1_190' title='bbox 999 2015 1088 2070; x_wconf 79' lang='grc' dir='ltr'>διὰ</span> <span class='ocrx_word' id='word_1_191' title='bbox 1127 2017 1236 2071; x_wconf 87' lang='grc' dir='ltr'><strong><em>τῶν</em></strong></span> <span class='ocrx_word' id='word_1_192' title='bbox 1286 2016 1592 2088; x_wconf 78' lang='grc' dir='ltr'>ἔμπροσθεν</span> <span class='ocrx_word' id='word_1_193' title='bbox 1639 2017 1835 2071; x_wconf 81' lang='grc' dir='ltr'>ἀποδο-</span> 
     </span>
    </p>
   </div>
   <div class='ocr_carea' id='block_1_29' title="bbox 257 2106 1834 2180">
    <p class='ocr_par' dir='ltr' id='par_1_29' title="bbox 257 2106 1834 2180">
     <span class='ocr_line' id='line_1_29' title="bbox 257 2106 1834 2180; baseline -0.001 -17"><span class='ocrx_word' id='word_1_194' title='bbox 257 2109 446 2175; x_wconf 78' lang='grc' dir='ltr'>θέντα;</span> <span class='ocrx_word' id='word_1_195' title='bbox 481 2107 720 2162; x_wconf 77' lang='grc' dir='ltr'>’Δνωθεν</span> <span class='ocrx_word' id='word_1_196' title='bbox 751 2106 880 2177; x_wconf 82' lang='grc' dir='ltr'>γοῦν</span> <span class='ocrx_word' id='word_1_197' title='bbox 911 2107 1020 2161; x_wconf 80' lang='grc' dir='ltr'><strong><em>ἀπὸ</em></strong></span> <span class='ocrx_word' id='word_1_198' title='bbox 1054 2108 1163 2162; x_wconf 90' lang='grc' dir='ltr'><strong><em>τῶν</em></strong></span> <span class='ocrx_word' id='word_1_199' title='bbox 1201 2108 1466 2178; x_wconf 79' lang='grc' dir='ltr'>οὐρανίων</span> <span class='ocrx_word' id='word_1_200' title='bbox 1504 2108 1834 2180; x_wconf 78' lang='grc' dir='ltr'>ὑψωμάτων,</span> 
     </span>
    </p>
   </div>
   <div class='ocr_carea' id='block_1_30' title="bbox 256 2198 1836 2272">
    <p class='ocr_par' dir='ltr' id='par_1_30' title="bbox 256 2198 1836 2272">
     <span class='ocr_line' id='line_1_30' title="bbox 256 2198 1836 2272; baseline 0.001 -18"><span class='ocrx_word' id='word_1_201' title='bbox 256 2200 444 2272; x_wconf 81' lang='grc' dir='ltr'>ὥσπερ</span> <span class='ocrx_word' id='word_1_202' title='bbox 483 2201 548 2254; x_wconf 85' lang='grc' dir='ltr'><strong><em>ἐκ</em></strong></span> <span class='ocrx_word' id='word_1_203' title='bbox 583 2199 744 2254; x_wconf 86' lang='grc' dir='ltr'>τινῶν</span> <span class='ocrx_word' id='word_1_204' title='bbox 787 2199 1021 2254; x_wconf 71' lang='grc' dir='ltr'>αἰωνίων</span> <span class='ocrx_word' id='word_1_205' title='bbox 1047 2199 1210 2272; x_wconf 86' lang='grc' dir='ltr'>ὀρῶν,</span> <span class='ocrx_word' id='word_1_206' title='bbox 1247 2198 1346 2264; x_wconf 76' lang='grc' dir='ltr'><strong><em>τὰς</em></strong></span> <span class='ocrx_word' id='word_1_207' title='bbox 1391 2199 1562 2268; x_wconf 81' lang='grc' dir='ltr'>αὐγὰς</span> <span class='ocrx_word' id='word_1_208' title='bbox 1596 2199 1705 2253; x_wconf 89' lang='grc' dir='ltr'><strong><em>τῶν</em></strong></span> <span class='ocrx_word' id='word_1_209' title='bbox 1736 2202 1836 2272; x_wconf 84' lang='grc' dir='ltr'>τῆς</span> 
     </span>
    </p>
   </div>
   <div class='ocr_carea' id='block_1_31' title="bbox 253 2291 1835 2366">
    <p class='ocr_par' dir='ltr' id='par_1_31' title="bbox 253 2291 1835 2366">
     <span class='ocr_line' id='line_1_31' title="bbox 253 2291 1835 2366; baseline 0 -19"><span class='ocrx_word' id='word_1_210' title='bbox 253 2293 510 2365; x_wconf 77' lang='grc' dir='ltr'><strong><em>θεότητος</em></strong></span> <span class='ocrx_word' id='word_1_211' title='bbox 535 2291 700 2346; x_wconf 81' lang='grc' dir='ltr'>αὐτοῦ</span> <span class='ocrx_word' id='word_1_212' title='bbox 735 2291 1134 2366; x_wconf 89' lang='grc' dir='ltr'>μαρμαρυγῶν,</span> <span class='ocrx_word' id='word_1_213' title='bbox 1164 2293 1259 2347; x_wconf 76' lang='grc' dir='ltr'>καὶ</span> <span class='ocrx_word' id='word_1_214' title='bbox 1293 2292 1455 2366; x_wconf 78' lang='grc' dir='ltr'>μέχρι</span> <span class='ocrx_word' id='word_1_215' title='bbox 1479 2293 1584 2348; x_wconf 90' lang='grc' dir='ltr'><strong><em>τῶν</em></strong></span> <span class='ocrx_word' id='word_1_216' title='bbox 1616 2293 1710 2346; x_wconf 74' lang='grc' dir='ltr'><strong><em>ἐπὶ</em></strong></span> <span class='ocrx_word' id='word_1_217' title='bbox 1731 2293 1835 2364; x_wconf 84' lang='grc' dir='ltr'>γῆς</span> 
     </span>
    </p>
   </div>
   <div class='ocr_carea' id='block_1_32' title="bbox 251 2383 1836 2456">
    <p class='ocr_par' dir='ltr' id='par_1_32' title="bbox 251 2383 1836 2456">
     <span class='ocr_line' id='line_1_32' title="bbox 251 2383 1836 2456; baseline 0 -18"><span class='ocrx_word' id='word_1_218' title='bbox 251 2384 576 2456; x_wconf 74' lang='grc' dir='ltr'>ἐκπέμπων,</span> <span class='ocrx_word' id='word_1_219' title='bbox 613 2384 836 2454; x_wconf 80' lang='grc' dir='ltr'>φωτίζει</span> <span class='ocrx_word' id='word_1_220' title='bbox 863 2385 962 2449; x_wconf 80' lang='grc' dir='ltr'><strong><em>τὰς</em></strong></span> <span class='ocrx_word' id='word_1_221' title='bbox 995 2383 1104 2438; x_wconf 87' lang='grc' dir='ltr'><strong><em>τῶν</em></strong></span> <span class='ocrx_word' id='word_1_222' title='bbox 1133 2384 1298 2452; x_wconf 79' lang='grc' dir='ltr'>ἀξίων</span> <span class='ocrx_word' id='word_1_223' title='bbox 1325 2384 1522 2456; x_wconf 82' lang='grc' dir='ltr'>ψυχὰς,</span> <span class='ocrx_word' id='word_1_224' title='bbox 1555 2384 1836 2456; x_wconf 80' lang='grc' dir='ltr'>καταλάμ-</span> 
     </span>
    </p>
   </div>
   <div class='ocr_carea' id='block_1_33' title="bbox 254 2473 1834 2548">
    <p class='ocr_par' dir='ltr' id='par_1_33' title="bbox 254 2473 1834 2548">
     <span class='ocr_line' id='line_1_33' title="bbox 254 2473 1834 2548; baseline -0.001 -16"><span class='ocrx_word' id='word_1_225' title='bbox 254 2495 377 2532; x_wconf 79' lang='grc' dir='ltr'><strong><em>πων</em></strong></span> <span class='ocrx_word' id='word_1_226' title='bbox 409 2476 578 2540; x_wconf 78' lang='grc' dir='ltr'>αὐτὰς</span> <span class='ocrx_word' id='word_1_227' title='bbox 600 2476 680 2548; x_wconf 89' lang='grc' dir='ltr'>τῷ</span> <span class='ocrx_word' id='word_1_228' title='bbox 702 2476 843 2548; x_wconf 79' lang='grc' dir='ltr'>ἁγίῳ</span> <span class='ocrx_word' id='word_1_229' title='bbox 863 2475 1026 2545; x_wconf 78' lang='grc' dir='ltr'>αὐτοῦ</span> <span class='ocrx_word' id='word_1_230' title='bbox 1052 2475 1325 2547; x_wconf 87' lang='grc' dir='ltr'>Πνεύματι</span> <span class='ocrx_word' id='word_1_231' title='bbox 1340 2494 1355 2508; x_wconf 80' lang='grc'><em>’</em></span> <span class='ocrx_word' id='word_1_232' title='bbox 1387 2477 1592 2540; x_wconf 80' lang='grc' dir='ltr'>ταύτας</span> <span class='ocrx_word' id='word_1_233' title='bbox 1626 2477 1722 2548; x_wconf 85' lang='grc' dir='ltr'>μὲν</span> <span class='ocrx_word' id='word_1_234' title='bbox 1741 2473 1834 2530; x_wconf 83' lang='grc' dir='ltr'>οὖν</span> 
     </span>
    </p>
   </div>
   <div class='ocr_carea' id='block_1_34' title="bbox 251 2565 1834 2639">
    <p class='ocr_par' dir='ltr' id='par_1_34' title="bbox 251 2565 1834 2639">
     <span class='ocr_line' id='line_1_34' title="bbox 251 2565 1834 2639; baseline -0.001 -18"><span class='ocrx_word' id='word_1_235' title='bbox 251 2568 482 2638; x_wconf 78' lang='grc' dir='ltr'>φωτίζει</span> <span class='ocrx_word' id='word_1_236' title='bbox 500 2584 514 2598; x_wconf 75' lang='grc' dir='ltr'><strong><em>ο</em></strong></span> <span class='ocrx_word' id='word_1_237' title='bbox 548 2569 674 2631; x_wconf 79' lang='grc' dir='ltr'>τοὺς</span> <span class='ocrx_word' id='word_1_238' title='bbox 698 2567 1023 2632; x_wconf 80' lang='grc' dir='ltr'>δέὰναξίους</span> <span class='ocrx_word' id='word_1_239' title='bbox 1051 2566 1160 2621; x_wconf 89' lang='grc' dir='ltr'><strong><em>τῶν</em></strong></span> <span class='ocrx_word' id='word_1_240' title='bbox 1191 2565 1383 2636; x_wconf 86' lang='grc' dir='ltr'>φώτων</span> <span class='ocrx_word' id='word_1_241' title='bbox 1413 2566 1578 2622; x_wconf 82' lang='grc' dir='ltr'>αὑτοῦ</span> <span class='ocrx_word' id='word_1_242' title='bbox 1609 2567 1834 2639; x_wconf 79' lang='grc' dir='ltr'>προνοίᾳ</span> 
     </span>
    </p>
   </div>
   <div class='ocr_carea' id='block_1_35' title="bbox 249 2656 1834 2732">
    <p class='ocr_par' dir='ltr' id='par_1_35' title="bbox 249 2656 1834 2732">
     <span class='ocr_line' id='line_1_35' title="bbox 249 2656 1834 2732; baseline -0.001 -19"><span class='ocrx_word' id='word_1_243' title='bbox 249 2660 359 2730; x_wconf 75' lang='grc' dir='ltr'>τῆς</span> <span class='ocrx_word' id='word_1_244' title='bbox 400 2657 793 2732; x_wconf 81' lang='grc' dir='ltr'>δικαιοκρισίας</span> <span class='ocrx_word' id='word_1_245' title='bbox 831 2656 994 2712; x_wconf 78' lang='grc' dir='ltr'>αὑτοῦ</span> <span class='ocrx_word' id='word_1_246' title='bbox 1043 2657 1436 2730; x_wconf 83' lang='grc' dir='ltr'><strong><em>μετερχόμενος</em></strong></span> <span class='ocrx_word' id='word_1_247' title='bbox 1476 2657 1712 2729; x_wconf 77' lang='grc' dir='ltr'>θορυϐεῖ.</span> <span class='ocrx_word' id='word_1_248' title='bbox 1742 2658 1834 2712; x_wconf 85' lang='grc' dir='ltr'><strong><em>Διὸ</em></strong></span> 
     </span>
    </p>
   </div>
   <div class='ocr_carea' id='block_1_36' title="bbox 252 2748 1833 2820">
    <p class='ocr_par' dir='ltr' id='par_1_36' title="bbox 252 2748 1833 2820">
     <span class='ocr_line' id='line_1_36' title="bbox 252 2748 1833 2820; baseline -0.001 -15"><span class='ocrx_word' id='word_1_249' title='bbox 252 2750 501 2820; x_wconf 73' lang='grc' dir='ltr'>ἐπιλέγει</span> <span class='ocrx_word' id='word_1_250' title='bbox 522 2765 538 2781; x_wconf 75' lang='grc' dir='ltr'><strong>ο</strong></span> <span class='ocrx_word' id='word_1_251' title='bbox 594 2748 1045 2820; x_wconf 81' lang='grc' dir='ltr'>Ἐταράχθησαν</span> <span class='ocrx_word' id='word_1_252' title='bbox 1084 2749 1308 2814; x_wconf 77' lang='grc' dir='ltr'>πάντες</span> <span class='ocrx_word' id='word_1_253' title='bbox 1350 2752 1404 2804; x_wconf 91' lang='lat' dir='ltr'><strong><em>ol</em></strong></span> <span class='ocrx_word' id='word_1_254' title='bbox 1436 2749 1716 2805; x_wconf 82' lang='grc' dir='ltr'>ἀσύνετοι</span> <span class='ocrx_word' id='word_1_255' title='bbox 1756 2748 1833 2818; x_wconf 79' lang='grc' dir='ltr'>τῇ</span> 
     </span>
    </p>
   </div>
   <div class='ocr_carea' id='block_1_37' title="bbox 250 2837 1832 2913">
    <p class='ocr_par' dir='ltr' id='par_1_37' title="bbox 250 2837 1832 2913">
     <span class='ocr_line' id='line_1_37' title="bbox 250 2837 1832 2913; baseline -0.001 -20"><span class='ocrx_word' id='word_1_256' title='bbox 250 2838 490 2908; x_wconf 79' lang='grc' dir='ltr'>καρδίᾳ.</span> <span class='ocrx_word' id='word_1_257' title='bbox 539 2837 808 2892; x_wconf 84' lang='grc' dir='ltr'>’Δσύνετοι</span> <span class='ocrx_word' id='word_1_258' title='bbox 851 2839 962 2911; x_wconf 84' lang='grc' dir='ltr'>γὰρ</span> <span class='ocrx_word' id='word_1_259' title='bbox 991 2839 1204 2910; x_wconf 81' lang='grc' dir='ltr'>ἀληθῶς</span> <span class='ocrx_word' id='word_1_260' title='bbox 1239 2840 1392 2905; x_wconf 80' lang='grc' dir='ltr'>ὄντες</span> <span class='ocrx_word' id='word_1_261' title='bbox 1434 2844 1501 2912; x_wconf 80' lang='grc' dir='ltr'>τῇ</span> <span class='ocrx_word' id='word_1_262' title='bbox 1553 2840 1767 2913; x_wconf 78' lang='grc' dir='ltr'>καρδίᾳ,</span> <span class='ocrx_word' id='word_1_263' title='bbox 1797 2840 1832 2912; x_wconf 71' lang='grc' dir='ltr'><strong>ἢ</strong></span> 
     </span>
    </p>
   </div>
   <div class='ocr_carea' id='block_1_38' title="bbox 250 2929 1831 3004">
    <p class='ocr_par' dir='ltr' id='par_1_38' title="bbox 250 2929 1831 3004">
     <span class='ocr_line' id='line_1_38' title="bbox 250 2929 1831 3004; baseline 0 -18"><span class='ocrx_word' id='word_1_264' title='bbox 250 2931 400 2986; x_wconf 77' lang='grc' dir='ltr'>κατὰ</span> <span class='ocrx_word' id='word_1_265' title='bbox 435 2930 525 2983; x_wconf 78' lang='grc' dir='ltr'><strong><em>τὸν</em></strong></span> <span class='ocrx_word' id='word_1_266' title='bbox 557 2929 868 3002; x_wconf 83' lang='grc' dir='ltr'>Σύμμαχον,</span> <span class='ocrx_word' id='word_1_267' title='bbox 911 2930 1281 3004; x_wconf 73' lang='grc' dir='ltr'>ὑπερήφανοι</span> <span class='ocrx_word' id='word_1_268' title='bbox 1311 2931 1426 3001; x_wconf 81' lang='grc' dir='ltr'>τὴν</span> <span class='ocrx_word' id='word_1_269' title='bbox 1467 2931 1735 3001; x_wconf 82' lang='grc' dir='ltr'>καρδίαν,</span> <span class='ocrx_word' id='word_1_270' title='bbox 1769 2932 1831 2985; x_wconf 76' lang='grc' dir='ltr'>οὐ</span> 
     </span>
    </p>
   </div>
   <div class='ocr_carea' id='block_1_39' title="bbox 249 3018 1829 3093">
    <p class='ocr_par' dir='ltr' id='par_1_39' title="bbox 249 3018 1829 3093">
     <span class='ocr_line' id='line_1_39' title="bbox 249 3018 1829 3093; baseline 0.002 -21"><span class='ocrx_word' id='word_1_271' title='bbox 249 3018 618 3090; x_wconf 79' lang='grc' dir='ltr'>παρεδέξαντο</span> <span class='ocrx_word' id='word_1_272' title='bbox 661 3019 754 3072; x_wconf 80' lang='grc' dir='ltr'><strong><em>τοῦ</em></strong></span> <span class='ocrx_word' id='word_1_273' title='bbox 797 3019 973 3089; x_wconf 84' lang='grc' dir='ltr'>φωτὸς</span> <span class='ocrx_word' id='word_1_274' title='bbox 1002 3019 1095 3073; x_wconf 81' lang='grc' dir='ltr'>τοῦ</span> <span class='ocrx_word' id='word_1_275' title='bbox 1127 3019 1262 3074; x_wconf 87' lang='grc' dir='ltr'><strong><em>Θεοῦ</em></strong></span> <span class='ocrx_word' id='word_1_276' title='bbox 1301 3021 1403 3085; x_wconf 82' lang='grc' dir='ltr'>τὰς</span> <span class='ocrx_word' id='word_1_277' title='bbox 1443 3019 1829 3093; x_wconf 81' lang='grc' dir='ltr'>μαρμαρυγὰς,</span> 
     </span>
    </p>
   </div>
   <div class='ocr_carea' id='block_1_40' title="bbox 2003 1375 3501 1434">
    <p class='ocr_par' dir='ltr' id='par_1_40' title="bbox 2003 1375 3501 1434">
     <span class='ocr_line' id='line_1_40' title="bbox 2003 1375 3501 1434; baseline 0.002 -3"><span class='ocrx_word' id='word_1_278' title='bbox 2003 1375 2168 1432; x_wconf 76' lang='lat' dir='ltr'><strong><em>Vens.</em></strong></span> <span class='ocrx_word' id='word_1_279' title='bbox 2200 1378 2253 1432; x_wconf 83' lang='lat'><strong><em>5.</em></strong></span> <span class='ocrx_word' id='word_1_280' title='bbox 2276 1375 2556 1432; x_wconf 80' lang='lat' dir='ltr'><strong><em>Illuminas</em></strong></span> <span class='ocrx_word' id='word_1_281' title='bbox 2580 1389 2636 1431; x_wconf 90' lang='lat' dir='ltr'><strong><em>tu</em></strong></span> <span class='ocrx_word' id='word_1_282' title='bbox 2657 1377 2970 1433; x_wconf 79' lang='lat' dir='ltr'><strong><em>mirabiliter</em></strong></span> <span class='ocrx_word' id='word_1_283' title='bbox 2997 1395 3029 1432; x_wconf 92' lang='lat' dir='ltr'><strong><em>a</em></strong></span> <span class='ocrx_word' id='word_1_284' title='bbox 3059 1378 3322 1433; x_wconf 86' lang='lat' dir='ltr'><strong><em>montibus</em></strong></span> <span class='ocrx_word' id='word_1_285' title='bbox 3349 1388 3501 1434; x_wconf 60' lang='lat' dir='ltr'><strong><em>teter.</em></strong></span> 
     </span>
    </p>
   </div>
   <div class='ocr_carea' id='block_1_41' title="bbox 1931 1466 3502 1539">
    <p class='ocr_par' dir='ltr' id='par_1_41' title="bbox 1931 1466 3502 1539">
     <span class='ocr_line' id='line_1_41' title="bbox 1931 1466 3502 1539; baseline 0.003 -17"><span class='ocrx_word' id='word_1_286' title='bbox 1931 1468 2036 1532; x_wconf 83' lang='lat' dir='ltr'><strong><em>nis,</em></strong></span> <span class='ocrx_word' id='word_1_287' title='bbox 2075 1466 2273 1521; x_wconf 87' lang='lat' dir='ltr'><strong><em>turbati</em></strong></span> <span class='ocrx_word' id='word_1_288' title='bbox 2306 1479 2428 1522; x_wconf 88' lang='lat' dir='ltr'><strong><em>sunt</em></strong></span> <span class='ocrx_word' id='word_1_289' title='bbox 2453 1469 2758 1539; x_wconf 77' lang='lat' dir='ltr'><strong><em>insipientes</em></strong></span> <span class='ocrx_word' id='word_1_290' title='bbox 2782 1470 2955 1524; x_wconf 89' lang='lat' dir='ltr'><strong><em>corde.</em></strong></span> <span class='ocrx_word' id='word_1_291' title='bbox 2973 1469 3274 1526; x_wconf 84' lang='lat' dir='ltr'><strong><em>Admodum</em></strong></span> <span class='ocrx_word' id='word_1_292' title='bbox 3307 1485 3502 1527; x_wconf 87' lang='lat' dir='ltr'><strong><em>conse-</em></strong></span> 
     </span>
    </p>
   </div>
   <div class='ocr_carea' id='block_1_42' title="bbox 1932 1559 3500 1631">
    <p class='ocr_par' dir='ltr' id='par_1_42' title="bbox 1932 1559 3500 1631">
     <span class='ocr_line' id='line_1_42' title="bbox 1932 1559 3500 1631; baseline 0.001 -17"><span class='ocrx_word' id='word_1_293' title='bbox 1932 1567 2182 1631; x_wconf 80' lang='lat' dir='ltr'><strong><em>quenter,</em></strong></span> <span class='ocrx_word' id='word_1_294' title='bbox 2213 1568 2498 1631; x_wconf 87' lang='lat' dir='ltr'><strong><em>postquam</em></strong></span> <span class='ocrx_word' id='word_1_295' title='bbox 2521 1561 2696 1616; x_wconf 92' lang='lat' dir='ltr'><strong><em>locum</em></strong></span> <span class='ocrx_word' id='word_1_296' title='bbox 2728 1559 2823 1616; x_wconf 90' lang='lat' dir='ltr'><strong><em>Dei</em></strong></span> <span class='ocrx_word' id='word_1_297' title='bbox 2862 1560 3179 1625; x_wconf 88' lang='lat' dir='ltr'><strong><em>declaravit,</em></strong></span> <span class='ocrx_word' id='word_1_298' title='bbox 3197 1560 3356 1616; x_wconf 89' lang='lat' dir='ltr'><strong><em>docet</em></strong></span> <span class='ocrx_word' id='word_1_299' title='bbox 3391 1575 3500 1616; x_wconf 91' lang='lat' dir='ltr'><strong><em>non</em></strong></span> 
     </span>
    </p>
   </div>
   <div class='ocr_carea' id='block_1_43' title="bbox 1935 1649 3498 1721">
    <p class='ocr_par' dir='ltr' id='par_1_43' title="bbox 1935 1649 3498 1721">
     <span class='ocr_line' id='line_1_43' title="bbox 1935 1649 3498 1721; baseline -0.002 -15"><span class='ocrx_word' id='word_1_300' title='bbox 1935 1653 2079 1707; x_wconf 89' lang='lat' dir='ltr'><strong><em>intra</em></strong></span> <span class='ocrx_word' id='word_1_301' title='bbox 2103 1653 2281 1706; x_wconf 89' lang='lat' dir='ltr'><strong><em>locum</em></strong></span> <span class='ocrx_word' id='word_1_302' title='bbox 2307 1651 2619 1721; x_wconf 76' lang='lat' dir='ltr'><strong><em>huiusmodi</em></strong></span> <span class='ocrx_word' id='word_1_303' title='bbox 2647 1650 2902 1706; x_wconf 90' lang='lat' dir='ltr'><strong><em>concludi</em></strong></span> <span class='ocrx_word' id='word_1_304' title='bbox 2922 1651 3093 1717; x_wconf 84' lang='lat' dir='ltr'><strong><em>bona;</em></strong></span> <span class='ocrx_word' id='word_1_305' title='bbox 3131 1649 3225 1706; x_wconf 87' lang='lat' dir='ltr'><strong><em>sed</em></strong></span> <span class='ocrx_word' id='word_1_306' title='bbox 3248 1665 3371 1706; x_wconf 90' lang='lat' dir='ltr'><strong><em>eum</em></strong></span> <span class='ocrx_word' id='word_1_307' title='bbox 3398 1664 3498 1705; x_wconf 86' lang='lat' dir='ltr'><strong><em>ceu</em></strong></span> 
     </span>
    </p>
   </div>
   <div class='ocr_carea' id='block_1_44' title="bbox 1935 1741 3500 1814">
    <p class='ocr_par' dir='ltr' id='par_1_44' title="bbox 1935 1741 3500 1814">
     <span class='ocr_line' id='line_1_44' title="bbox 1935 1741 3500 1814; baseline -0.001 -17"><span class='ocrx_word' id='word_1_308' title='bbox 1935 1743 2119 1798; x_wconf 90' lang='lat' dir='ltr'><strong><em>radios</em></strong></span> <span class='ocrx_word' id='word_1_309' title='bbox 2155 1742 2352 1798; x_wconf 78' lang='lat' dir='ltr'><strong><em>exinde</em></strong></span> <span class='ocrx_word' id='word_1_310' title='bbox 2389 1743 2639 1798; x_wconf 84' lang='lat' dir='ltr'><strong><em>emittere</em></strong></span> <span class='ocrx_word' id='word_1_311' title='bbox 2682 1742 2749 1797; x_wconf 91' lang='lat' dir='ltr'><strong><em>ad</em></strong></span> <span class='ocrx_word' id='word_1_312' title='bbox 2788 1759 2884 1798; x_wconf 92' lang='lat' dir='ltr'><strong><em>eos</em></strong></span> <span class='ocrx_word' id='word_1_313' title='bbox 2915 1742 3009 1814; x_wconf 90' lang='lat' dir='ltr'><strong><em>qui</em></strong></span> <span class='ocrx_word' id='word_1_314' title='bbox 3040 1742 3357 1813; x_wconf 80' lang='lat' dir='ltr'><strong><em>longissime</em></strong></span> <span class='ocrx_word' id='word_1_315' title='bbox 3407 1741 3500 1797; x_wconf 92' lang='lat' dir='ltr'><strong><em>siti</em></strong></span> 
     </span>
    </p>
   </div>
   <div class='ocr_carea' id='block_1_45' title="bbox 1937 1832 3502 1901">
    <p class='ocr_par' dir='ltr' id='par_1_45' title="bbox 1937 1832 3502 1901">
     <span class='ocr_line' id='line_1_45' title="bbox 1937 1832 3502 1901; baseline -0.003 -9"><span class='ocrx_word' id='word_1_316' title='bbox 1937 1841 2090 1892; x_wconf 90' lang='lat' dir='ltr'><strong><em>sunt.</em></strong></span> <span class='ocrx_word' id='word_1_317' title='bbox 2123 1834 2490 1901; x_wconf 85' lang='lat' dir='ltr'><strong><em>Quamobrem</em></strong></span> <span class='ocrx_word' id='word_1_318' title='bbox 2521 1835 2598 1888; x_wconf 93' lang='lat' dir='ltr'><strong><em>ait</em></strong></span> <span class='ocrx_word' id='word_1_319' title='bbox 2629 1850 2642 1886; x_wconf 90' lang='lat'><strong>:</strong></span> <span class='ocrx_word' id='word_1_320' title='bbox 2692 1832 2981 1889; x_wconf 84' lang='lat' dir='ltr'><strong><em>Illuminas</em></strong></span> <span class='ocrx_word' id='word_1_321' title='bbox 3024 1844 3079 1888; x_wconf 88' lang='lat' dir='ltr'><strong><em>tu</em></strong></span> <span class='ocrx_word' id='word_1_322' title='bbox 3126 1833 3443 1888; x_wconf 85' lang='lat' dir='ltr'><strong><em>mirabiliter</em></strong></span> <span class='ocrx_word' id='word_1_323' title='bbox 3467 1850 3502 1887; x_wconf 91' lang='lat' dir='ltr'><strong><em>a</em></strong></span> 
     </span>
    </p>
   </div>
   <div class='ocr_carea' id='block_1_46' title="bbox 1936 1924 3498 1992">
    <p class='ocr_par' dir='ltr' id='par_1_46' title="bbox 1936 1924 3498 1992">
     <span class='ocr_line' id='line_1_46' title="bbox 1936 1924 3498 1992; baseline -0.003 -9"><span class='ocrx_word' id='word_1_324' title='bbox 1936 1928 2201 1982; x_wconf 81' lang='lat' dir='ltr'><strong><em>montibus</em></strong></span> <span class='ocrx_word' id='word_1_325' title='bbox 2241 1927 2475 1982; x_wconf 79' lang='lat' dir='ltr'><strong><em>a’ternis.</em></strong></span> <span class='ocrx_word' id='word_1_326' title='bbox 2522 1925 2756 1992; x_wconf 84' lang='lat' dir='ltr'><strong><em>Quinam</em></strong></span> <span class='ocrx_word' id='word_1_327' title='bbox 2787 1936 3003 1982; x_wconf 83' lang='lat' dir='ltr'><strong><em>montes</em></strong></span> <span class='ocrx_word' id='word_1_328' title='bbox 3043 1927 3123 1982; x_wconf 89' lang='lat' dir='ltr'><strong><em>illi</em></strong></span> <span class='ocrx_word' id='word_1_329' title='bbox 3152 1925 3361 1990; x_wconf 76' lang='lat' dir='ltr'><strong><em>aeterni,</em></strong></span> <span class='ocrx_word' id='word_1_330' title='bbox 3393 1924 3498 1980; x_wconf 88' lang='lat' dir='ltr'><strong><em>nisi</em></strong></span> 
     </span>
    </p>
   </div>
   <div class='ocr_carea' id='block_1_47' title="bbox 1935 2015 3502 2088">
    <p class='ocr_par' dir='ltr' id='par_1_47' title="bbox 1935 2015 3502 2088">
     <span class='ocr_line' id='line_1_47' title="bbox 1935 2015 3502 2088; baseline -0.002 -16"><span class='ocrx_word' id='word_1_331' title='bbox 1935 2015 2069 2072; x_wconf 87' lang='lat' dir='ltr'><strong><em>Sion</em></strong></span> <span class='ocrx_word' id='word_1_332' title='bbox 2102 2024 2158 2073; x_wconf 90' lang='lat' dir='ltr'><strong><em>et</em></strong></span> <span class='ocrx_word' id='word_1_333' title='bbox 2193 2015 2398 2081; x_wconf 88' lang='lat' dir='ltr'><strong><em>Salem,</em></strong></span> <span class='ocrx_word' id='word_1_334' title='bbox 2423 2015 2492 2070; x_wconf 91' lang='lat' dir='ltr'><strong><em>de</em></strong></span> <span class='ocrx_word' id='word_1_335' title='bbox 2533 2017 2734 2087; x_wconf 89' lang='lat' dir='ltr'><strong><em>quibus</em></strong></span> <span class='ocrx_word' id='word_1_336' title='bbox 2769 2016 3024 2088; x_wconf 84' lang='lat' dir='ltr'><strong><em>superius</em></strong></span> <span class='ocrx_word' id='word_1_337' title='bbox 3047 2017 3275 2071; x_wconf 70' lang='lat' dir='ltr'><strong><em>actum?</em></strong></span> <span class='ocrx_word' id='word_1_338' title='bbox 3295 2015 3374 2070; x_wconf 78' lang='lat' dir='ltr'><strong>Ex</strong></span> <span class='ocrx_word' id='word_1_339' title='bbox 3407 2031 3502 2070; x_wconf 91' lang='lat' dir='ltr'><strong><em>su-</em></strong></span> 
     </span>
    </p>
   </div>
   <div class='ocr_carea' id='block_1_48' title="bbox 1932 2108 3509 2180">
    <p class='ocr_par' dir='ltr' id='par_1_48' title="bbox 1932 2108 3509 2180">
     <span class='ocr_line' id='line_1_48' title="bbox 1932 2108 3509 2180; baseline -0.001 -16"><span class='ocrx_word' id='word_1_340' title='bbox 1932 2108 2118 2180; x_wconf 89' lang='lat' dir='ltr'><strong><em>pernis</em></strong></span> <span class='ocrx_word' id='word_1_341' title='bbox 2167 2108 2336 2180; x_wconf 77' lang='lat' dir='ltr'><strong><em>igitur</em></strong></span> <span class='ocrx_word' id='word_1_342' title='bbox 2381 2113 2437 2164; x_wconf 89' lang='lat' dir='ltr'><strong><em>et</em></strong></span> <span class='ocrx_word' id='word_1_343' title='bbox 2477 2108 2800 2165; x_wconf 67' lang='lat' dir='ltr'><strong><em>caelestibus</em></strong></span> <span class='ocrx_word' id='word_1_344' title='bbox 2843 2108 3242 2172; x_wconf 81' lang='lat' dir='ltr'><strong><em>cacuminibus,</em></strong></span> <span class='ocrx_word' id='word_1_345' title='bbox 3295 2122 3395 2163; x_wconf 89' lang='lat' dir='ltr'><strong><em>ceu</em></strong></span> <span class='ocrx_word' id='word_1_346' title='bbox 3431 2123 3509 2163; x_wconf 69' lang='lat' dir='ltr'><strong><em>ex</em></strong></span> 
     </span>
    </p>
   </div>
   <div class='ocr_carea' id='block_1_49' title="bbox 1931 2196 3503 2267">
    <p class='ocr_par' dir='ltr' id='par_1_49' title="bbox 1931 2196 3503 2267">
     <span class='ocr_line' id='line_1_49' title="bbox 1931 2196 3503 2267; baseline -0.003 -12"><span class='ocrx_word' id='word_1_347' title='bbox 1931 2199 2152 2256; x_wconf 66' lang='lat' dir='ltr'><strong><em>internis</em></strong></span> <span class='ocrx_word' id='word_1_348' title='bbox 2186 2197 2490 2263; x_wconf 86' lang='lat' dir='ltr'><strong><em>montibus,</em></strong></span> <span class='ocrx_word' id='word_1_349' title='bbox 2536 2197 2760 2254; x_wconf 88' lang='lat' dir='ltr'><strong><em>deitatis</em></strong></span> <span class='ocrx_word' id='word_1_350' title='bbox 2791 2213 2904 2253; x_wconf 68' lang='lat' dir='ltr'><strong><em>sua:</em></strong></span> <span class='ocrx_word' id='word_1_351' title='bbox 2934 2197 3118 2254; x_wconf 80' lang='lat' dir='ltr'><strong><em>radios</em></strong></span> <span class='ocrx_word' id='word_1_352' title='bbox 3172 2197 3240 2252; x_wconf 90' lang='lat' dir='ltr'><strong><em>ad</em></strong></span> <span class='ocrx_word' id='word_1_353' title='bbox 3273 2196 3503 2267; x_wconf 82' lang='lat' dir='ltr'><strong><em>terrige-</em></strong></span> 
     </span>
    </p>
   </div>
   <div class='ocr_carea' id='block_1_50' title="bbox 1932 2289 3515 2363">
    <p class='ocr_par' dir='ltr' id='par_1_50' title="bbox 1932 2289 3515 2363">
     <span class='ocr_line' id='line_1_50' title="bbox 1932 2289 3515 2363; baseline -0.001 -15"><span class='ocrx_word' id='word_1_354' title='bbox 1932 2308 2035 2349; x_wconf 87' lang='lat' dir='ltr'><strong><em>nas</em></strong></span> <span class='ocrx_word' id='word_1_355' title='bbox 2064 2292 2238 2363; x_wconf 78' lang='lat' dir='ltr'><strong><em>usque</em></strong></span> <span class='ocrx_word' id='word_1_356' title='bbox 2274 2291 2552 2356; x_wconf 85' lang='lat' dir='ltr'><strong><em>emittens,</em></strong></span> <span class='ocrx_word' id='word_1_357' title='bbox 2586 2304 2776 2346; x_wconf 84' lang='lat' dir='ltr'><strong><em>eorum</em></strong></span> <span class='ocrx_word' id='word_1_358' title='bbox 2814 2289 2908 2360; x_wconf 88' lang='lat' dir='ltr'><strong><em>qui</em></strong></span> <span class='ocrx_word' id='word_1_359' title='bbox 2938 2289 3090 2361; x_wconf 83' lang='lat' dir='ltr'><strong><em>digni</em></strong></span> <span class='ocrx_word' id='word_1_360' title='bbox 3134 2289 3515 2347; x_wconf 20' lang='lat' dir='ltr'><strong><em>suntvanimas</em></strong></span> 
     </span>
    </p>
   </div>
   <div class='ocr_carea' id='block_1_51' title="bbox 1933 2379 3498 2452">
    <p class='ocr_par' dir='ltr' id='par_1_51' title="bbox 1933 2379 3498 2452">
     <span class='ocr_line' id='line_1_51' title="bbox 1933 2379 3498 2452; baseline -0.002 -14"><span class='ocrx_word' id='word_1_361' title='bbox 1933 2383 2174 2439; x_wconf 89' lang='lat' dir='ltr'><strong><em>illustrat</em></strong></span> <span class='ocrx_word' id='word_1_362' title='bbox 2213 2381 2530 2452; x_wconf 91' lang='lat' dir='ltr'><strong><em>Spirituque</em></strong></span> <span class='ocrx_word' id='word_1_363' title='bbox 2556 2391 2750 2436; x_wconf 88' lang='lat' dir='ltr'><strong><em>sancto</em></strong></span> <span class='ocrx_word' id='word_1_364' title='bbox 2784 2396 2886 2436; x_wconf 91' lang='lat' dir='ltr'><strong><em>suo</em></strong></span> <span class='ocrx_word' id='word_1_365' title='bbox 2930 2381 3221 2436; x_wconf 88' lang='lat' dir='ltr'><strong><em>illuminat.</em></strong></span> <span class='ocrx_word' id='word_1_366' title='bbox 3254 2379 3386 2444; x_wconf 82' lang='lat' dir='ltr'><strong><em>Bas,</em></strong></span> <span class='ocrx_word' id='word_1_367' title='bbox 3411 2381 3498 2436; x_wconf 89' lang='lat' dir='ltr'><strong><em>in-</em></strong></span> 
     </span>
    </p>
   </div>
   <div class='ocr_carea' id='block_1_52' title="bbox 1933 2469 3518 2544">
    <p class='ocr_par' dir='ltr' id='par_1_52' title="bbox 1933 2469 3518 2544">
     <span class='ocr_line' id='line_1_52' title="bbox 1933 2469 3518 2544; baseline -0.002 -17"><span class='ocrx_word' id='word_1_368' title='bbox 1933 2487 2122 2544; x_wconf 87' lang='lat' dir='ltr'><strong><em>quam,</em></strong></span> <span class='ocrx_word' id='word_1_369' title='bbox 2167 2471 2469 2537; x_wconf 86' lang='lat' dir='ltr'><strong><em>illuminat;</em></strong></span> <span class='ocrx_word' id='word_1_370' title='bbox 2501 2485 2602 2524; x_wconf 91' lang='lat' dir='ltr'><strong><em>suo</em></strong></span> <span class='ocrx_word' id='word_1_371' title='bbox 2641 2477 2823 2524; x_wconf 88' lang='lat' dir='ltr'><strong><em>autem</em></strong></span> <span class='ocrx_word' id='word_1_372' title='bbox 2849 2469 3053 2524; x_wconf 88' lang='lat' dir='ltr'><strong><em>lumine</em></strong></span> <span class='ocrx_word' id='word_1_373' title='bbox 3083 2470 3340 2540; x_wconf 86' lang='lat' dir='ltr'><strong><em>indignos</em></strong></span> <span class='ocrx_word' id='word_1_374' title='bbox 3364 2469 3518 2540; x_wconf 74' lang='lat' dir='ltr'><strong><em>justi.</em></strong></span> 
     </span>
    </p>
   </div>
   <div class='ocr_carea' id='block_1_53' title="bbox 1926 2559 3510 2636">
    <p class='ocr_par' dir='ltr' id='par_1_53' title="bbox 1926 2559 3510 2636">
     <span class='ocr_line' id='line_1_53' title="bbox 1926 2559 3510 2636; baseline -0.003 -16"><span class='ocrx_word' id='word_1_375' title='bbox 1926 2563 2119 2636; x_wconf 86' lang='lat' dir='ltr'><strong><em>judicii</em></strong></span> <span class='ocrx_word' id='word_1_376' title='bbox 2151 2565 2234 2619; x_wconf 91' lang='lat' dir='ltr'><strong><em>sui</em></strong></span> <span class='ocrx_word' id='word_1_377' title='bbox 2251 2561 2591 2634; x_wconf 82' lang='lat' dir='ltr'><strong><em>providentia</em></strong></span> <span class='ocrx_word' id='word_1_378' title='bbox 2609 2560 2873 2617; x_wconf 80' lang='lat' dir='ltr'><strong><em>invadens</em></strong></span> <span class='ocrx_word' id='word_1_379' title='bbox 2891 2561 3202 2617; x_wconf 87' lang='lat' dir='ltr'><strong><em>conturbat.</em></strong></span> <span class='ocrx_word' id='word_1_380' title='bbox 3221 2559 3510 2626; x_wconf 60' lang='lat' dir='ltr'><strong><em>Quamob-</em></strong></span> 
     </span>
    </p>
   </div>
   <div class='ocr_carea' id='block_1_54' title="bbox 1931 2651 3496 2722">
    <p class='ocr_par' dir='ltr' id='par_1_54' title="bbox 1931 2651 3496 2722">
     <span class='ocr_line' id='line_1_54' title="bbox 1931 2651 3496 2722; baseline -0.002 -12"><span class='ocrx_word' id='word_1_381' title='bbox 1931 2672 2046 2712; x_wconf 86' lang='lat' dir='ltr'><strong><em>rem</em></strong></span> <span class='ocrx_word' id='word_1_382' title='bbox 2096 2653 2302 2719; x_wconf 86' lang='lat' dir='ltr'><strong><em>subdit,</em></strong></span> <span class='ocrx_word' id='word_1_383' title='bbox 2333 2651 2556 2709; x_wconf 84' lang='lat' dir='ltr'><strong><em>Turbati</em></strong></span> <span class='ocrx_word' id='word_1_384' title='bbox 2592 2661 2715 2706; x_wconf 88' lang='lat' dir='ltr'><strong><em>sunt</em></strong></span> <span class='ocrx_word' id='word_1_385' title='bbox 2758 2668 2936 2708; x_wconf 89' lang='lat' dir='ltr'><strong><em>omnes</em></strong></span> <span class='ocrx_word' id='word_1_386' title='bbox 2985 2653 3287 2722; x_wconf 78' lang='lat' dir='ltr'><strong><em>insipientes</em></strong></span> <span class='ocrx_word' id='word_1_387' title='bbox 3319 2653 3496 2707; x_wconf 86' lang='lat' dir='ltr'><strong><em>corde.</em></strong></span> 
     </span>
    </p>
   </div>
   <div class='ocr_carea' id='block_1_55' title="bbox 1929 2741 3498 2812">
    <p class='ocr_par' dir='ltr' id='par_1_55' title="bbox 1929 2741 3498 2812">
     <span class='ocr_line' id='line_1_55' title="bbox 1929 2741 3498 2812; baseline -0.001 -14"><span class='ocrx_word' id='word_1_388' title='bbox 1929 2743 2064 2798; x_wconf 88' lang='lat' dir='ltr'><strong><em>Nam</em></strong></span> <span class='ocrx_word' id='word_1_389' title='bbox 2099 2758 2226 2799; x_wconf 89' lang='lat' dir='ltr'><strong><em>cum</em></strong></span> <span class='ocrx_word' id='word_1_390' title='bbox 2255 2757 2446 2799; x_wconf 78' lang='lat' dir='ltr'><strong><em>revera</em></strong></span> <span class='ocrx_word' id='word_1_391' title='bbox 2474 2741 2797 2812; x_wconf 88' lang='lat' dir='ltr'><strong><em>insipientes</em></strong></span> <span class='ocrx_word' id='word_1_392' title='bbox 2824 2741 3023 2807; x_wconf 89' lang='lat' dir='ltr'><strong><em>corde;</em></strong></span> <span class='ocrx_word' id='word_1_393' title='bbox 3051 2742 3167 2798; x_wconf 86' lang='lat' dir='ltr'><strong><em>sive</em></strong></span> <span class='ocrx_word' id='word_1_394' title='bbox 3196 2743 3498 2798; x_wconf 89' lang='lat' dir='ltr'><strong><em>secundum</em></strong></span> 
     </span>
    </p>
   </div>
   <div class='ocr_carea' id='block_1_56' title="bbox 1935 2834 3500 2908">
    <p class='ocr_par' dir='ltr' id='par_1_56' title="bbox 1935 2834 3500 2908">
     <span class='ocr_line' id='line_1_56' title="bbox 1935 2834 3500 2908; baseline -0.001 -17"><span class='ocrx_word' id='word_1_395' title='bbox 1935 2835 2357 2908; x_wconf 84' lang='lat' dir='ltr'><strong><em>Symmachum,</em></strong></span> <span class='ocrx_word' id='word_1_396' title='bbox 2404 2837 2612 2905; x_wconf 85' lang='lat' dir='ltr'><strong><em>superbi</em></strong></span> <span class='ocrx_word' id='word_1_397' title='bbox 2641 2835 2817 2902; x_wconf 90' lang='lat' dir='ltr'><strong><em>corde,</em></strong></span> <span class='ocrx_word' id='word_1_398' title='bbox 2862 2843 3069 2900; x_wconf 89' lang='lat' dir='ltr'><strong><em>essent,</em></strong></span> <span class='ocrx_word' id='word_1_399' title='bbox 3116 2834 3314 2890; x_wconf 77' lang='lat' dir='ltr'><strong><em>divina:</em></strong></span> <span class='ocrx_word' id='word_1_400' title='bbox 3357 2834 3500 2890; x_wconf 84' lang='lat' dir='ltr'><strong><em>lucis</em></strong></span> 
     </span>
    </p>
   </div>
   <div class='ocr_carea' id='block_1_57' title="bbox 1930 2925 3498 2999">
    <p class='ocr_par' dir='ltr' id='par_1_57' title="bbox 1930 2925 3498 2999">
     <span class='ocr_line' id='line_1_57' title="bbox 1930 2925 3498 2999; baseline -0.001 -15"><span class='ocrx_word' id='word_1_401' title='bbox 1930 2929 2116 2986; x_wconf 87' lang='lat' dir='ltr'><strong><em>radios</em></strong></span> <span class='ocrx_word' id='word_1_402' title='bbox 2162 2943 2272 2983; x_wconf 89' lang='lat' dir='ltr'><strong><em>non</em></strong></span> <span class='ocrx_word' id='word_1_403' title='bbox 2319 2935 2675 2999; x_wconf 81' lang='lat' dir='ltr'><strong><em>exceperunt,</em></strong></span> <span class='ocrx_word' id='word_1_404' title='bbox 2720 2927 2843 2984; x_wconf 91' lang='lat' dir='ltr'><strong><em>ideo</em></strong></span> <span class='ocrx_word' id='word_1_405' title='bbox 2891 2926 3097 2983; x_wconf 84' lang='lat' dir='ltr'><strong><em>turbati</em></strong></span> <span class='ocrx_word' id='word_1_406' title='bbox 3145 2933 3296 2984; x_wconf 85' lang='lat' dir='ltr'><strong><em>sunt.</em></strong></span> <span class='ocrx_word' id='word_1_407' title='bbox 3329 2925 3498 2982; x_wconf 80' lang='lat' dir='ltr'><strong><em>Iidem</em></strong></span> 
     </span>
    </p>
   </div>
   <div class='ocr_carea' id='block_1_58' title="bbox 1930 3019 3502 3093">
    <p class='ocr_par' dir='ltr' id='par_1_58' title="bbox 1930 3019 3502 3093">
     <span class='ocr_line' id='line_1_58' title="bbox 1930 3019 3502 3093; baseline -0.003 -15"><span class='ocrx_word' id='word_1_408' title='bbox 1930 3037 2062 3078; x_wconf 87' lang='lat' dir='ltr'><strong><em>vero</em></strong></span> <span class='ocrx_word' id='word_1_409' title='bbox 2088 3021 2192 3093; x_wconf 86' lang='lat' dir='ltr'><strong><em>ipsi</em></strong></span> <span class='ocrx_word' id='word_1_410' title='bbox 2216 3028 2506 3092; x_wconf 88' lang='lat' dir='ltr'><strong><em>postquam</em></strong></span> <span class='ocrx_word' id='word_1_411' title='bbox 2535 3020 2863 3076; x_wconf 88' lang='lat' dir='ltr'><strong><em>dormierunt</em></strong></span> <span class='ocrx_word' id='word_1_412' title='bbox 2889 3037 3131 3075; x_wconf 80' lang='lat' dir='ltr'><strong><em>somnum</em></strong></span> <span class='ocrx_word' id='word_1_413' title='bbox 3160 3036 3334 3084; x_wconf 89' lang='lat' dir='ltr'><strong><em>suum,</em></strong></span> <span class='ocrx_word' id='word_1_414' title='bbox 3366 3019 3502 3075; x_wconf 85' lang='lat' dir='ltr'><strong><em>nihil</em></strong></span> 
     </span>
    </p>
   </div>
   <div class='ocr_carea' id='block_1_59' title="bbox 246 3113 1833 3197">
    <p class='ocr_par' dir='ltr' id='par_1_59' title="bbox 246 3113 1832 3187">
     <span class='ocr_line' id='line_1_59' title="bbox 246 3113 1832 3187; baseline -0.001 -18"><span class='ocrx_word' id='word_1_415' title='bbox 246 3113 338 3170; x_wconf 76' lang='grc' dir='ltr'>διὸ</span> <span class='ocrx_word' id='word_1_416' title='bbox 369 3114 764 3187; x_wconf 79' lang='grc' dir='ltr'>ἐταράχθησαν.</span> <span class='ocrx_word' id='word_1_417' title='bbox 798 3115 860 3169; x_wconf 83' lang='lat' dir='ltr'><strong><em>Ol</em></strong></span> <span class='ocrx_word' id='word_1_418' title='bbox 892 3115 938 3168; x_wconf 88' lang='grc' dir='ltr'>δ’</span> <span class='ocrx_word' id='word_1_419' title='bbox 966 3115 1140 3181; x_wconf 79' lang='grc' dir='ltr'>αὐτοὶ,</span> <span class='ocrx_word' id='word_1_420' title='bbox 1171 3116 1266 3169; x_wconf 71' lang='grc' dir='ltr'>καὶ</span> <span class='ocrx_word' id='word_1_421' title='bbox 1311 3115 1701 3181; x_wconf 83' lang='grc' dir='ltr'>ὐπνώσαντες</span> <span class='ocrx_word' id='word_1_422' title='bbox 1725 3113 1832 3168; x_wconf 88' lang='grc' dir='ltr'>τὸν</span> 
     </span>
    </p>
   </div>
   <div class='ocr_carea' id='block_1_60' title="bbox 1931 3113 3500 3197">
    <p class='ocr_par' dir='ltr' id='par_1_60' title="bbox 1932 3113 3500 3185">
     <span class='ocr_line' id='line_1_60' title="bbox 1932 3113 3500 3185; baseline -0.003 -15"><span class='ocrx_word' id='word_1_423' title='bbox 1932 3114 2236 3170; x_wconf 76' lang='grc' dir='ltr'>ἱπυειιενιιιιι</span> <span class='ocrx_word' id='word_1_424' title='bbox 2282 3115 2336 3168; x_wconf 89' lang='lat' dir='ltr'><strong><em>in</em></strong></span> <span class='ocrx_word' id='word_1_425' title='bbox 2392 3114 2635 3169; x_wconf 81' lang='lat' dir='ltr'><strong><em>manibus</em></strong></span> <span class='ocrx_word' id='word_1_426' title='bbox 2682 3115 2816 3181; x_wconf 87' lang='lat' dir='ltr'><strong><em>suis,</em></strong></span> <span class='ocrx_word' id='word_1_427' title='bbox 2865 3113 2995 3185; x_wconf 83' lang='lat' dir='ltr'><strong><em>quia</em></strong></span> <span class='ocrx_word' id='word_1_428' title='bbox 3040 3114 3142 3170; x_wconf 75' lang='lat' dir='ltr'><strong><em>viri</em></strong></span> <span class='ocrx_word' id='word_1_429' title='bbox 3189 3113 3500 3171; x_wconf 80' lang='lat' dir='ltr'><strong><em>divitiarum</em></strong></span> 
     </span>
    </p>
   </div>
   <div class='ocr_carea' id='block_1_61' title="bbox 247 3203 1835 3278">
    <p class='ocr_par' dir='ltr' id='par_1_61' title="bbox 247 3203 1835 3278">
     <span class='ocr_line' id='line_1_61' title="bbox 247 3203 1835 3278; baseline -0.001 -17"><span class='ocrx_word' id='word_1_430' title='bbox 247 3207 452 3261; x_wconf 81' lang='grc' dir='ltr'>ὕπνον</span> <span class='ocrx_word' id='word_1_431' title='bbox 497 3205 714 3273; x_wconf 80' lang='grc' dir='ltr'>αὐτῶν,</span> <span class='ocrx_word' id='word_1_432' title='bbox 745 3210 859 3278; x_wconf 87' lang='grc' dir='ltr'>οὐχ</span> <span class='ocrx_word' id='word_1_433' title='bbox 893 3203 1074 3278; x_wconf 78' lang='grc' dir='ltr'>εὗρον</span> <span class='ocrx_word' id='word_1_434' title='bbox 1119 3207 1300 3263; x_wconf 82' lang='grc' dir='ltr'>οὐδὲν</span> <span class='ocrx_word' id='word_1_435' title='bbox 1339 3207 1409 3262; x_wconf 80' lang='grc' dir='ltr'><strong><em>ἐν</em></strong></span> <span class='ocrx_word' id='word_1_436' title='bbox 1457 3207 1585 3273; x_wconf 83' lang='grc' dir='ltr'>ταῖς</span> <span class='ocrx_word' id='word_1_437' title='bbox 1627 3207 1835 3278; x_wconf 79' lang='grc' dir='ltr'>χερσὶν</span> 
     </span>
    </p>
   </div>
   <div class='ocr_carea' id='block_1_62' title="bbox 246 3286 1833 3369">
    <p class='ocr_par' dir='ltr' id='par_1_62' title="bbox 246 3286 1833 3369">
     <span class='ocr_line' id='line_1_62' title="bbox 246 3286 1833 3369; baseline 0.001 -18"><span class='ocrx_word' id='word_1_438' title='bbox 246 3295 487 3361; x_wconf 80' lang='grc' dir='ltr'>αὐτῶν,</span> <span class='ocrx_word' id='word_1_439' title='bbox 526 3286 744 3367; x_wconf 65' lang='grc' dir='ltr'>ἇνδρες</span> <span class='ocrx_word' id='word_1_440' title='bbox 788 3297 942 3360; x_wconf 72' lang='grc' dir='ltr'>ὄντες</span> <span class='ocrx_word' id='word_1_441' title='bbox 989 3297 1276 3352; x_wconf 76' lang='grc' dir='ltr'>πλούτου.</span> <span class='ocrx_word' id='word_1_442' title='bbox 1311 3295 1457 3369; x_wconf 82' lang='grc' dir='ltr'>Πρὸς</span> <span class='ocrx_word' id='word_1_443' title='bbox 1510 3295 1682 3368; x_wconf 81' lang='grc' dir='ltr'>βραχὺ</span> <span class='ocrx_word' id='word_1_444' title='bbox 1724 3297 1833 3369; x_wconf 84' lang='grc' dir='ltr'>γὰρ</span> 
     </span>
    </p>
   </div>
   <div class='ocr_carea' id='block_1_63' title="bbox 247 3387 1835 3462">
    <p class='ocr_par' dir='ltr' id='par_1_63' title="bbox 247 3387 1835 3462">
     <span class='ocr_line' id='line_1_63' title="bbox 247 3387 1835 3462; baseline 0 -18"><span class='ocrx_word' id='word_1_445' title='bbox 247 3388 639 3461; x_wconf 74' lang='grc' dir='ltr'>ὀνειρώξαντες</span> <span class='ocrx_word' id='word_1_446' title='bbox 668 3392 733 3462; x_wconf 75' lang='grc' dir='ltr'><strong><em>τῇ</em></strong></span> <span class='ocrx_word' id='word_1_447' title='bbox 763 3389 857 3444; x_wconf 85' lang='grc' dir='ltr'>τοῦ</span> <span class='ocrx_word' id='word_1_448' title='bbox 885 3387 1078 3462; x_wconf 82' lang='grc' dir='ltr'>θνητοῦ</span> <span class='ocrx_word' id='word_1_449' title='bbox 1113 3389 1226 3461; x_wconf 87' lang='grc' dir='ltr'>βίου</span> <span class='ocrx_word' id='word_1_450' title='bbox 1256 3389 1544 3462; x_wconf 79' lang='grc' dir='ltr'>φαντασίᾳ,</span> <span class='ocrx_word' id='word_1_451' title='bbox 1566 3391 1661 3444; x_wconf 75' lang='grc' dir='ltr'>καὶ</span> <span class='ocrx_word' id='word_1_452' title='bbox 1691 3390 1835 3461; x_wconf 84' lang='grc' dir='ltr'>μέγα</span> 
     </span>
    </p>
   </div>
   <div class='ocr_carea' id='block_1_64' title="bbox 249 3479 1835 3554">
    <p class='ocr_par' dir='ltr' id='par_1_64' title="bbox 249 3479 1835 3554">
     <span class='ocr_line' id='line_1_64' title="bbox 249 3479 1835 3554; baseline 0.002 -20"><span class='ocrx_word' id='word_1_453' title='bbox 249 3482 621 3553; x_wconf 82' lang='grc' dir='ltr'>φρονήσαντες</span> <span class='ocrx_word' id='word_1_454' title='bbox 652 3481 745 3536; x_wconf 77' lang='grc' dir='ltr'>ἐπὶ</span> <span class='ocrx_word' id='word_1_455' title='bbox 767 3481 996 3554; x_wconf 81' lang='grc' dir='ltr'>πλούτῳ,</span> <span class='ocrx_word' id='word_1_456' title='bbox 1020 3480 1264 3554; x_wconf 77' lang='grc' dir='ltr'>ἐνόμιζόν</span> <span class='ocrx_word' id='word_1_457' title='bbox 1287 3499 1432 3546; x_wconf 87' lang='grc' dir='ltr'>τινες</span> <span class='ocrx_word' id='word_1_458' title='bbox 1458 3479 1617 3547; x_wconf 78' lang='grc' dir='ltr'>εἶναι,</span> <span class='ocrx_word' id='word_1_459' title='bbox 1647 3500 1835 3544; x_wconf 81' lang='grc' dir='ltr'>κατεν-</span> 
     </span>
    </p>
   </div>
   <div class='ocr_carea' id='block_1_65' title="bbox 248 3573 1832 3648">
    <p class='ocr_par' dir='ltr' id='par_1_65' title="bbox 248 3573 1832 3648">
     <span class='ocr_line' id='line_1_65' title="bbox 248 3573 1832 3648; baseline 0.003 -22"><span class='ocrx_word' id='word_1_460' title='bbox 248 3573 570 3644; x_wconf 82' lang='grc' dir='ltr'>τρυφῶντες</span> <span class='ocrx_word' id='word_1_461' title='bbox 599 3576 718 3638; x_wconf 79' lang='grc' dir='ltr'>ταῖς</span> <span class='ocrx_word' id='word_1_462' title='bbox 749 3574 860 3628; x_wconf 79' lang='grc' dir='ltr'><strong><em>ἀπὸ</em></strong></span> <span class='ocrx_word' id='word_1_463' title='bbox 902 3573 997 3628; x_wconf 79' lang='grc' dir='ltr'><strong><em>τοῦ</em></strong></span> <span class='ocrx_word' id='word_1_464' title='bbox 1045 3573 1273 3628; x_wconf 87' lang='grc' dir='ltr'>πλούτου</span> <span class='ocrx_word' id='word_1_465' title='bbox 1322 3575 1704 3648; x_wconf 79' lang='grc' dir='ltr'>ποριζομέναις</span> <span class='ocrx_word' id='word_1_466' title='bbox 1732 3577 1832 3632; x_wconf 83' lang='grc' dir='ltr'>αύ-</span> 
     </span>
    </p>
   </div>
   <div class='ocr_carea' id='block_1_66' title="bbox 249 3664 1830 3741">
    <p class='ocr_par' dir='ltr' id='par_1_66' title="bbox 249 3664 1830 3741">
     <span class='ocr_line' id='line_1_66' title="bbox 249 3664 1830 3741; baseline 0.003 -23"><span class='ocrx_word' id='word_1_467' title='bbox 249 3667 367 3729; x_wconf 79' lang='grc' dir='ltr'>τοτς</span> <span class='ocrx_word' id='word_1_468' title='bbox 413 3664 792 3736; x_wconf 76' lang='grc' dir='ltr'>ἡδυπαθείαιςο</span> <span class='ocrx_word' id='word_1_469' title='bbox 829 3665 904 3729; x_wconf 81' lang='grc' dir='ltr'><strong><em>ὡς</em></strong></span> <span class='ocrx_word' id='word_1_470' title='bbox 935 3665 993 3720; x_wconf 82' lang='grc' dir='ltr'>δὲ</span> <span class='ocrx_word' id='word_1_471' title='bbox 1042 3664 1134 3720; x_wconf 82' lang='grc' dir='ltr'>τοῦ</span> <span class='ocrx_word' id='word_1_472' title='bbox 1177 3664 1346 3722; x_wconf 80' lang='grc' dir='ltr'>ὕπνου</span> <span class='ocrx_word' id='word_1_473' title='bbox 1379 3667 1830 3741; x_wconf 87' lang='grc' dir='ltr'>διεγρηγόρησαν,</span> 
     </span>
    </p>
   </div>
   <div class='ocr_carea' id='block_1_67' title="bbox 255 3751 1834 3830">
    <p class='ocr_par' dir='ltr' id='par_1_67' title="bbox 255 3751 1834 3830">
     <span class='ocr_line' id='line_1_67' title="bbox 255 3751 1834 3830; baseline 0.003 -22"><span class='ocrx_word' id='word_1_474' title='bbox 255 3755 622 3826; x_wconf 80' lang='grc' dir='ltr'>μεταστάντες</span> <span class='ocrx_word' id='word_1_475' title='bbox 649 3755 743 3809; x_wconf 84' lang='grc' dir='ltr'><strong><em>τοῦ</em></strong></span> <span class='ocrx_word' id='word_1_476' title='bbox 784 3756 1048 3828; x_wconf 85' lang='grc' dir='ltr'>παρόντος</span> <span class='ocrx_word' id='word_1_477' title='bbox 1082 3756 1218 3828; x_wconf 84' lang='grc' dir='ltr'>βίου,</span> <span class='ocrx_word' id='word_1_478' title='bbox 1263 3751 1418 3830; x_wconf 75' lang='grc' dir='ltr'>εὗρον</span> <span class='ocrx_word' id='word_1_479' title='bbox 1461 3759 1686 3823; x_wconf 73' lang='grc' dir='ltr'>ἑαυτοὺς</span> <span class='ocrx_word' id='word_1_480' title='bbox 1734 3759 1834 3813; x_wconf 80' lang='grc' dir='ltr'>οὐκ</span> 
     </span>
    </p>
   </div>
   <div class='ocr_carea' id='block_1_68' title="bbox 251 3845 1834 3920">
    <p class='ocr_par' dir='ltr' id='par_1_68' title="bbox 251 3845 1834 3920">
     <span class='ocr_line' id='line_1_68' title="bbox 251 3845 1834 3920; baseline 0.003 -22"><span class='ocrx_word' id='word_1_481' title='bbox 251 3845 479 3916; x_wconf 70' lang='grc' dir='ltr'>ἔχοντας</span> <span class='ocrx_word' id='word_1_482' title='bbox 520 3845 692 3912; x_wconf 81' lang='grc' dir='ltr'>οὐδὲν,</span> <span class='ocrx_word' id='word_1_483' title='bbox 725 3845 847 3900; x_wconf 72' lang='grc' dir='ltr'>οὐδὲ</span> <span class='ocrx_word' id='word_1_484' title='bbox 885 3865 940 3900; x_wconf 88' lang='grc' dir='ltr'><strong><em>τι</em></strong></span> <span class='ocrx_word' id='word_1_485' title='bbox 988 3850 1106 3912; x_wconf 87' lang='grc' dir='ltr'>ταῖς</span> <span class='ocrx_word' id='word_1_486' title='bbox 1138 3848 1296 3920; x_wconf 77' lang='grc' dir='ltr'>χερσὶ</span> <span class='ocrx_word' id='word_1_487' title='bbox 1349 3846 1701 3920; x_wconf 81' lang='grc' dir='ltr'>κρατοῦντας.</span> <span class='ocrx_word' id='word_1_488' title='bbox 1743 3850 1834 3904; x_wconf 79' lang='grc' dir='ltr'><strong><em>Διὸ</em></strong></span> 
     </span>
    </p>
   </div>
   <div class='ocr_carea' id='block_1_69' title="bbox 249 3935 1833 4012">
    <p class='ocr_par' dir='ltr' id='par_1_69' title="bbox 249 3935 1833 4012">
     <span class='ocr_line' id='line_1_69' title="bbox 249 3935 1833 4012; baseline 0.003 -20"><span class='ocrx_word' id='word_1_489' title='bbox 249 3936 507 3992; x_wconf 73' lang='grc' dir='ltr'>λέλεκταί</span> <span class='ocrx_word' id='word_1_490' title='bbox 537 3947 671 3990; x_wconf 73' lang='grc' dir='ltr'>που*</span> <span class='ocrx_word' id='word_1_491' title='bbox 718 3935 819 4006; x_wconf 71' lang='grc' dir='ltr'><strong><em>Μὴ</em></strong></span> <span class='ocrx_word' id='word_1_492' title='bbox 853 3938 1040 4008; x_wconf 71' lang='grc' dir='ltr'>φοϐοῦ</span> <span class='ocrx_word' id='word_1_493' title='bbox 1074 3939 1220 3993; x_wconf 86' lang='grc' dir='ltr'>ὅταν</span> <span class='ocrx_word' id='word_1_494' title='bbox 1257 3941 1578 4010; x_wconf 80' lang='grc' dir='ltr'>πλουτήσῃ</span> <span class='ocrx_word' id='word_1_495' title='bbox 1615 3941 1833 4012; x_wconf 77' lang='grc' dir='ltr'>ἄνθρω-</span> 
     </span>
    </p>
   </div>
   <div class='ocr_carea' id='block_1_70' title="bbox 251 4027 1833 4099">
    <p class='ocr_par' dir='ltr' id='par_1_70' title="bbox 251 4027 1833 4099">
     <span class='ocr_line' id='line_1_70' title="bbox 251 4027 1833 4099; baseline 0.004 -17"><span class='ocrx_word' id='word_1_496' title='bbox 251 4043 394 4092; x_wconf 78' lang='grc' dir='ltr'>πος,</span> <span class='ocrx_word' id='word_1_497' title='bbox 428 4027 526 4082; x_wconf 77' lang='grc' dir='ltr'>καὶ</span> <span class='ocrx_word' id='word_1_498' title='bbox 557 4027 704 4082; x_wconf 84' lang='grc' dir='ltr'>ὅταν</span> <span class='ocrx_word' id='word_1_499' title='bbox 744 4027 1066 4099; x_wconf 74' lang='grc' dir='ltr'>πληθυνθῇ</span> <span class='ocrx_word' id='word_1_500' title='bbox 1116 4030 1156 4098; x_wconf 75' lang='grc' dir='ltr'><strong><em>ἠ</em></strong></span> <span class='ocrx_word' id='word_1_501' title='bbox 1187 4030 1334 4097; x_wconf 77' lang='grc' dir='ltr'>δόξα</span> <span class='ocrx_word' id='word_1_502' title='bbox 1369 4032 1477 4087; x_wconf 85' lang='grc' dir='ltr'>τοῦ</span> <span class='ocrx_word' id='word_1_503' title='bbox 1510 4033 1681 4088; x_wconf 80' lang='grc' dir='ltr'>οικου</span> <span class='ocrx_word' id='word_1_504' title='bbox 1722 4035 1833 4088; x_wconf 79' lang='grc' dir='ltr'><strong><em>αὐ-</em></strong></span> 
     </span>
    </p>
   </div>
   <div class='ocr_carea' id='block_1_71' title="bbox 250 4118 1833 4195">
    <p class='ocr_par' dir='ltr' id='par_1_71' title="bbox 250 4118 1833 4195">
     <span class='ocr_line' id='line_1_71' title="bbox 250 4118 1833 4195; baseline 0.004 -21"><span class='ocrx_word' id='word_1_505' title='bbox 250 4119 394 4174; x_wconf 80' lang='grc' dir='ltr'>τοῦ·</span> <span class='ocrx_word' id='word_1_506' title='bbox 425 4119 514 4172; x_wconf 87' lang='grc' dir='ltr'>ὅτι</span> <span class='ocrx_word' id='word_1_507' title='bbox 546 4121 657 4174; x_wconf 82' lang='grc' dir='ltr'>οὐκ</span> <span class='ocrx_word' id='word_1_508' title='bbox 688 4120 758 4173; x_wconf 85' lang='grc' dir='ltr'>ἐν</span> <span class='ocrx_word' id='word_1_509' title='bbox 800 4118 880 4186; x_wconf 81' lang='grc' dir='ltr'>τῷ</span> <span class='ocrx_word' id='word_1_510' title='bbox 915 4121 1324 4188; x_wconf 81' lang='grc' dir='ltr'>ἀποθνήσκειν</span> <span class='ocrx_word' id='word_1_511' title='bbox 1353 4124 1540 4180; x_wconf 82' lang='grc' dir='ltr'>αὑτὸν</span> <span class='ocrx_word' id='word_1_512' title='bbox 1574 4125 1833 4195; x_wconf 72' lang='grc' dir='ltr'>λήψεται</span> 
     </span>
    </p>
   </div>
   <div class='ocr_carea' id='block_1_72' title="bbox 246 4210 1834 4285">
    <p class='ocr_par' dir='ltr' id='par_1_72' title="bbox 246 4210 1834 4285">
     <span class='ocr_line' id='line_1_72' title="bbox 246 4210 1834 4285; baseline 0.005 -20"><span class='ocrx_word' id='word_1_513' title='bbox 246 4213 332 4265; x_wconf 77' lang='grc' dir='ltr'>τὰ</span> <span class='ocrx_word' id='word_1_514' title='bbox 378 4210 596 4275; x_wconf 82' lang='grc' dir='ltr'>πάντα,</span> <span class='ocrx_word' id='word_1_515' title='bbox 645 4211 788 4266; x_wconf 78' lang='grc' dir='ltr'>οὐδὲ</span> <span class='ocrx_word' id='word_1_516' title='bbox 826 4214 1342 4283; x_wconf 75' lang='grc' dir='ltr'>συγκαταϐήσεται</span> <span class='ocrx_word' id='word_1_517' title='bbox 1389 4215 1550 4282; x_wconf 85' lang='grc' dir='ltr'><strong><em>αὐτῷ</em></strong></span> <span class='ocrx_word' id='word_1_518' title='bbox 1597 4217 1637 4285; x_wconf 79' lang='grc' dir='ltr'><strong>ἠ</strong></span> <span class='ocrx_word' id='word_1_519' title='bbox 1685 4218 1834 4283; x_wconf 79' lang='grc' dir='ltr'>δόξα</span> 
     </span>
    </p>
   </div>
   <div class='ocr_carea' id='block_1_73' title="bbox 251 4301 1833 4382">
    <p class='ocr_par' dir='ltr' id='par_1_73' title="bbox 251 4301 1833 4382">
     <span class='ocr_line' id='line_1_73' title="bbox 251 4301 1833 4382; baseline 0.004 -25"><span class='ocrx_word' id='word_1_520' title='bbox 251 4301 467 4357; x_wconf 75' lang='grc' dir='ltr'>αὐτοῦ.</span> <span class='ocrx_word' id='word_1_521' title='bbox 499 4301 690 4356; x_wconf 66' lang='grc' dir='ltr'><strong><em>ι’ῐιὶνθεν</em></strong></span> <span class='ocrx_word' id='word_1_522' title='bbox 723 4303 946 4368; x_wconf 74' lang='grc' dir='ltr'>εἰκότως</span> <span class='ocrx_word' id='word_1_523' title='bbox 987 4305 1038 4358; x_wconf 79' lang='grc' dir='ltr'>οἱ</span> <span class='ocrx_word' id='word_1_524' title='bbox 1072 4306 1285 4378; x_wconf 82' lang='grc' dir='ltr'>ἀληθῶς</span> <span class='ocrx_word' id='word_1_525' title='bbox 1314 4306 1558 4362; x_wconf 82' lang='grc' dir='ltr'>ἀσύνετοι</span> <span class='ocrx_word' id='word_1_526' title='bbox 1589 4311 1656 4382; x_wconf 80' lang='grc' dir='ltr'>τῇ</span> <span class='ocrx_word' id='word_1_527' title='bbox 1695 4327 1833 4381; x_wconf 84' lang='grc' dir='ltr'>καρ-</span> 
     </span>
    </p>
   </div>
   <div class='ocr_carea' id='block_1_74' title="bbox 249 4393 1833 4468">
    <p class='ocr_par' dir='ltr' id='par_1_74' title="bbox 249 4393 1833 4468">
     <span class='ocr_line' id='line_1_74' title="bbox 249 4393 1833 4468; baseline 0.005 -20"><span class='ocrx_word' id='word_1_528' title='bbox 249 4393 349 4465; x_wconf 70' lang='grc' dir='ltr'><strong><em>δίᾳ</em></strong></span> <span class='ocrx_word' id='word_1_529' title='bbox 387 4394 762 4466; x_wconf 73' lang='grc' dir='ltr'>ἐταράχθησαν</span> <span class='ocrx_word' id='word_1_530' title='bbox 805 4395 923 4450; x_wconf 81' lang='grc' dir='ltr'><strong><em>ἀπὸ</em></strong></span> <span class='ocrx_word' id='word_1_531' title='bbox 962 4397 1354 4468; x_wconf 80' lang='grc' dir='ltr'>ἐπιτιμήσεως</span> <span class='ocrx_word' id='word_1_532' title='bbox 1388 4399 1494 4454; x_wconf 89' lang='grc' dir='ltr'>τοῦ</span> <span class='ocrx_word' id='word_1_533' title='bbox 1527 4399 1678 4455; x_wconf 84' lang='grc' dir='ltr'>Θεοῦ</span> <span class='ocrx_word' id='word_1_534' title='bbox 1722 4402 1833 4456; x_wconf 80' lang='grc' dir='ltr'><strong><em>Ἰα-</em></strong></span> 
     </span>
    </p>
   </div>
   <div class='ocr_carea' id='block_1_75' title="bbox 1932 3205 3520 3277">
    <p class='ocr_par' dir='ltr' id='par_1_75' title="bbox 1932 3205 3520 3277">
     <span class='ocr_line' id='line_1_75' title="bbox 1932 3205 3520 3277; baseline -0.001 -14"><span class='ocrx_word' id='word_1_535' title='bbox 1932 3215 2110 3263; x_wconf 90' lang='lat' dir='ltr'><strong><em>erant.</em></strong></span> <span class='ocrx_word' id='word_1_536' title='bbox 2141 3205 2277 3262; x_wconf 74' lang='lat' dir='ltr'><strong><em>Nam</em></strong></span> <span class='ocrx_word' id='word_1_537' title='bbox 2317 3221 2443 3262; x_wconf 93' lang='lat' dir='ltr'><strong><em>cum</em></strong></span> <span class='ocrx_word' id='word_1_538' title='bbox 2475 3207 2542 3262; x_wconf 91' lang='lat' dir='ltr'><strong><em>ad</em></strong></span> <span class='ocrx_word' id='word_1_539' title='bbox 2581 3207 2746 3263; x_wconf 85' lang='lat' dir='ltr'><strong><em>breve</em></strong></span> <span class='ocrx_word' id='word_1_540' title='bbox 2777 3215 2992 3277; x_wconf 91' lang='lat' dir='ltr'><strong><em>tempus</em></strong></span> <span class='ocrx_word' id='word_1_541' title='bbox 3020 3206 3076 3261; x_wconf 94' lang='lat' dir='ltr'><strong><em>in</em></strong></span> <span class='ocrx_word' id='word_1_542' title='bbox 3099 3207 3349 3264; x_wconf 85' lang='lat' dir='ltr'><strong><em>mortalis</em></strong></span> <span class='ocrx_word' id='word_1_543' title='bbox 3369 3207 3520 3262; x_wconf 72' lang='lat' dir='ltr'><strong><em>vita:-</em></strong></span> 
     </span>
    </p>
   </div>
   <div class='ocr_carea' id='block_1_76' title="bbox 1929 3296 3497 3370">
    <p class='ocr_par' dir='ltr' id='par_1_76' title="bbox 1929 3296 3497 3370">
     <span class='ocr_line' id='line_1_76' title="bbox 1929 3296 3497 3370; baseline 0 -18"><span class='ocrx_word' id='word_1_544' title='bbox 1929 3297 2218 3370; x_wconf 85' lang='lat' dir='ltr'><strong><em>phantasia</em></strong></span> <span class='ocrx_word' id='word_1_545' title='bbox 2247 3297 2662 3362; x_wconf 86' lang='lat' dir='ltr'><strong><em>dormitassent,</em></strong></span> <span class='ocrx_word' id='word_1_546' title='bbox 2695 3304 2750 3352; x_wconf 93' lang='lat' dir='ltr'><strong><em>et</em></strong></span> <span class='ocrx_word' id='word_1_547' title='bbox 2781 3297 2951 3352; x_wconf 91' lang='lat' dir='ltr'><strong><em>altum</em></strong></span> <span class='ocrx_word' id='word_1_548' title='bbox 3002 3297 3070 3353; x_wconf 91' lang='lat' dir='ltr'><strong><em>de</em></strong></span> <span class='ocrx_word' id='word_1_549' title='bbox 3099 3296 3308 3352; x_wconf 85' lang='lat' dir='ltr'><strong><em>divitiis</em></strong></span> <span class='ocrx_word' id='word_1_550' title='bbox 3341 3314 3497 3369; x_wconf 86' lang='lat' dir='ltr'><strong><em>sape-</em></strong></span> 
     </span>
    </p>
   </div>
   <div class='ocr_carea' id='block_1_77' title="bbox 1928 3388 3498 3461">
    <p class='ocr_par' dir='ltr' id='par_1_77' title="bbox 1928 3388 3498 3461">
     <span class='ocr_line' id='line_1_77' title="bbox 1928 3388 3498 3461; baseline 0 -15"><span class='ocrx_word' id='word_1_551' title='bbox 1928 3399 2074 3455; x_wconf 88' lang='lat' dir='ltr'><strong><em>rent,</em></strong></span> <span class='ocrx_word' id='word_1_552' title='bbox 2107 3389 2213 3445; x_wconf 91' lang='lat' dir='ltr'><strong><em>rati</em></strong></span> <span class='ocrx_word' id='word_1_553' title='bbox 2258 3404 2319 3446; x_wconf 91' lang='lat' dir='ltr'><strong><em>se</em></strong></span> <span class='ocrx_word' id='word_1_554' title='bbox 2375 3389 2583 3461; x_wconf 81' lang='lat' dir='ltr'><strong><em>aliquid</em></strong></span> <span class='ocrx_word' id='word_1_555' title='bbox 2637 3404 2780 3454; x_wconf 88' lang='lat' dir='ltr'><strong><em>esse,</em></strong></span> <span class='ocrx_word' id='word_1_556' title='bbox 2815 3388 2873 3444; x_wconf 90' lang='lat' dir='ltr'><strong><em>in</em></strong></span> <span class='ocrx_word' id='word_1_557' title='bbox 2912 3389 3308 3460; x_wconf 83' lang='lat' dir='ltr'><strong><em>voluptatibus,</em></strong></span> <span class='ocrx_word' id='word_1_558' title='bbox 3357 3406 3498 3461; x_wconf 88' lang='lat' dir='ltr'><strong><em>quas</em></strong></span> 
     </span>
    </p>
   </div>
   <div class='ocr_carea' id='block_1_78' title="bbox 1929 3479 3497 3553">
    <p class='ocr_par' dir='ltr' id='par_1_78' title="bbox 1929 3479 3497 3553">
     <span class='ocr_line' id='line_1_78' title="bbox 1929 3479 3497 3553; baseline -0.001 -15"><span class='ocrx_word' id='word_1_559' title='bbox 1929 3482 2033 3539; x_wconf 89' lang='lat' dir='ltr'><strong><em>sibi</em></strong></span> <span class='ocrx_word' id='word_1_560' title='bbox 2069 3480 2274 3537; x_wconf 65' lang='lat' dir='ltr'><strong><em>divitiae</em></strong></span> <span class='ocrx_word' id='word_1_561' title='bbox 2300 3480 2691 3544; x_wconf 84' lang='lat' dir='ltr'><strong><em>conciliabant,</em></strong></span> <span class='ocrx_word' id='word_1_562' title='bbox 2736 3479 2968 3537; x_wconf 83' lang='lat' dir='ltr'><strong><em>demersi</em></strong></span> <span class='ocrx_word' id='word_1_563' title='bbox 2997 3490 3148 3537; x_wconf 91' lang='lat' dir='ltr'><strong><em>sunt.</em></strong></span> <span class='ocrx_word' id='word_1_564' title='bbox 3179 3480 3497 3553; x_wconf 71' lang='lat' dir='ltr'><strong><em>Experrec-ti</em></strong></span> 
     </span>
    </p>
   </div>
   <div class='ocr_carea' id='block_1_79' title="bbox 1930 3573 3498 3646">
    <p class='ocr_par' dir='ltr' id='par_1_79' title="bbox 1930 3573 3498 3646">
     <span class='ocr_line' id='line_1_79' title="bbox 1930 3573 3498 3646; baseline -0.001 -16"><span class='ocrx_word' id='word_1_565' title='bbox 1930 3584 2135 3640; x_wconf 89' lang='lat' dir='ltr'><strong><em>autem,</em></strong></span> <span class='ocrx_word' id='word_1_566' title='bbox 2177 3582 2342 3646; x_wconf 88' lang='lat' dir='ltr'><strong><em>atque</em></strong></span> <span class='ocrx_word' id='word_1_567' title='bbox 2376 3589 2444 3630; x_wconf 78' lang='lat' dir='ltr'><strong><em>ex</em></strong></span> <span class='ocrx_word' id='word_1_568' title='bbox 2475 3573 2580 3630; x_wconf 87' lang='lat' dir='ltr'><strong><em>hac</em></strong></span> <span class='ocrx_word' id='word_1_569' title='bbox 2615 3573 2725 3629; x_wconf 89' lang='lat' dir='ltr'><strong><em>vita</em></strong></span> <span class='ocrx_word' id='word_1_570' title='bbox 2762 3573 3035 3641; x_wconf 89' lang='lat' dir='ltr'><strong><em>translati,</em></strong></span> <span class='ocrx_word' id='word_1_571' title='bbox 3067 3589 3187 3631; x_wconf 88' lang='lat' dir='ltr'><strong><em>sese</em></strong></span> <span class='ocrx_word' id='word_1_572' title='bbox 3228 3575 3367 3630; x_wconf 86' lang='lat' dir='ltr'><strong><em>nihil</em></strong></span> <span class='ocrx_word' id='word_1_573' title='bbox 3397 3575 3498 3630; x_wconf 81' lang='lat' dir='ltr'><strong><em>ha-</em></strong></span> 
     </span>
    </p>
   </div>
   <div class='ocr_carea' id='block_1_80' title="bbox 1929 3665 3495 3741">
    <p class='ocr_par' dir='ltr' id='par_1_80' title="bbox 1929 3665 3495 3741">
     <span class='ocr_line' id='line_1_80' title="bbox 1929 3665 3495 3741; baseline -0.001 -17"><span class='ocrx_word' id='word_1_574' title='bbox 1929 3667 2144 3733; x_wconf 89' lang='lat' dir='ltr'><strong><em>bentes,</em></strong></span> <span class='ocrx_word' id='word_1_575' title='bbox 2172 3682 2273 3724; x_wconf 90' lang='lat' dir='ltr'><strong><em>nec</em></strong></span> <span class='ocrx_word' id='word_1_576' title='bbox 2297 3665 2575 3741; x_wconf 85' lang='lat' dir='ltr'><strong><em>quidpiam</em></strong></span> <span class='ocrx_word' id='word_1_577' title='bbox 2609 3665 2863 3722; x_wconf 91' lang='lat' dir='ltr'><strong><em>manibus</em></strong></span> <span class='ocrx_word' id='word_1_578' title='bbox 2891 3673 3142 3722; x_wconf 90' lang='lat' dir='ltr'><strong><em>tenentes</em></strong></span> <span class='ocrx_word' id='word_1_579' title='bbox 3188 3665 3495 3737; x_wconf 84' lang='lat' dir='ltr'><strong><em>deprehen-</em></strong></span> 
     </span>
    </p>
   </div>
   <div class='ocr_carea' id='block_1_81' title="bbox 1929 3756 3516 3826">
    <p class='ocr_par' dir='ltr' id='par_1_81' title="bbox 1929 3756 3516 3826">
     <span class='ocr_line' id='line_1_81' title="bbox 1929 3756 3516 3826; baseline -0.004 -10"><span class='ocrx_word' id='word_1_580' title='bbox 1929 3760 2145 3816; x_wconf 87' lang='lat' dir='ltr'><strong><em>derunt.</em></strong></span> <span class='ocrx_word' id='word_1_581' title='bbox 2160 3759 2340 3826; x_wconf 85' lang='lat' dir='ltr'><strong><em>Quare</em></strong></span> <span class='ocrx_word' id='word_1_582' title='bbox 2363 3758 2560 3815; x_wconf 70' lang='lat' dir='ltr'><strong><em>alicubi</em></strong></span> <span class='ocrx_word' id='word_1_583' title='bbox 2579 3757 2785 3813; x_wconf 89' lang='lat' dir='ltr'><strong><em>dictum</em></strong></span> <span class='ocrx_word' id='word_1_584' title='bbox 2807 3765 2894 3814; x_wconf 90' lang='lat' dir='ltr'><strong><em>est</em></strong></span> <span class='ocrx_word' id='word_1_585' title='bbox 2915 3757 2960 3789; x_wconf 77' lang='lat'><strong>“</strong></span> <span class='ocrx_word' id='word_1_586' title='bbox 2980 3773 2994 3810; x_wconf 91' lang='lat'><strong>:</strong></span> <span class='ocrx_word' id='word_1_587' title='bbox 3013 3756 3097 3812; x_wconf 85' lang='lat' dir='ltr'><strong><em>Ne</em></strong></span> <span class='ocrx_word' id='word_1_588' title='bbox 3113 3757 3353 3812; x_wconf 80' lang='lat' dir='ltr'><strong><em>timueris</em></strong></span> <span class='ocrx_word' id='word_1_589' title='bbox 3377 3774 3516 3811; x_wconf 53' lang='lat' dir='ltr'><strong><em>cum.</em></strong></span> 
     </span>
    </p>
   </div>
   <div class='ocr_carea' id='block_1_82' title="bbox 1929 3849 3504 3921">
    <p class='ocr_par' dir='ltr' id='par_1_82' title="bbox 1929 3849 3504 3921">
     <span class='ocr_line' id='line_1_82' title="bbox 1929 3849 3504 3921; baseline -0.001 -17"><span class='ocrx_word' id='word_1_590' title='bbox 1929 3850 2068 3906; x_wconf 80' lang='lat' dir='ltr'><strong><em>dives</em></strong></span> <span class='ocrx_word' id='word_1_591' title='bbox 2091 3850 2262 3921; x_wconf 78' lang='lat' dir='ltr'><strong><em>{actus</em></strong></span> <span class='ocrx_word' id='word_1_592' title='bbox 2295 3850 2458 3921; x_wconf 73' lang='lat' dir='ltr'><strong><em>fuerit</em></strong></span> <span class='ocrx_word' id='word_1_593' title='bbox 2488 3849 2663 3915; x_wconf 81' lang='lat' dir='ltr'><strong><em>homo,</em></strong></span> <span class='ocrx_word' id='word_1_594' title='bbox 2704 3859 2753 3905; x_wconf 91' lang='lat' dir='ltr'><strong><em>et</em></strong></span> <span class='ocrx_word' id='word_1_595' title='bbox 2807 3867 2924 3905; x_wconf 90' lang='lat' dir='ltr'><strong><em>cum</em></strong></span> <span class='ocrx_word' id='word_1_596' title='bbox 2950 3849 3309 3919; x_wconf 86' lang='lat' dir='ltr'><strong><em>multiplicata</em></strong></span> <span class='ocrx_word' id='word_1_597' title='bbox 3338 3849 3504 3919; x_wconf 76' lang='lat' dir='ltr'><strong><em>fuerit</em></strong></span> 
     </span>
    </p>
   </div>
   <div class='ocr_carea' id='block_1_83' title="bbox 1929 3941 3500 4016">
    <p class='ocr_par' dir='ltr' id='par_1_83' title="bbox 1929 3941 3500 4016">
     <span class='ocr_line' id='line_1_83' title="bbox 1929 3941 3500 4016; baseline -0.002 -18"><span class='ocrx_word' id='word_1_598' title='bbox 1929 3944 2102 4016; x_wconf 83' lang='lat' dir='ltr'><strong><em>gloria</em></strong></span> <span class='ocrx_word' id='word_1_599' title='bbox 2127 3943 2311 3999; x_wconf 84' lang='lat' dir='ltr'><strong><em>domus</em></strong></span> <span class='ocrx_word' id='word_1_600' title='bbox 2329 3943 2476 4013; x_wconf 86' lang='lat' dir='ltr'><strong><em>ejus;</em></strong></span> <span class='ocrx_word' id='word_1_601' title='bbox 2505 3942 2756 4013; x_wconf 87' lang='lat' dir='ltr'><strong><em>quoniam</em></strong></span> <span class='ocrx_word' id='word_1_602' title='bbox 2786 3957 2904 3996; x_wconf 81' lang='lat' dir='ltr'><strong><em>cum</em></strong></span> <span class='ocrx_word' id='word_1_603' title='bbox 2925 3941 3182 3996; x_wconf 83' lang='lat' dir='ltr'><strong><em>interierit</em></strong></span> <span class='ocrx_word' id='word_1_604' title='bbox 3205 3957 3308 3995; x_wconf 91' lang='lat' dir='ltr'><strong><em>non</em></strong></span> <span class='ocrx_word' id='word_1_605' title='bbox 3331 3949 3500 3996; x_wconf 89' lang='lat' dir='ltr'><strong><em>sumet</em></strong></span> 
     </span>
    </p>
   </div>
   <div class='ocr_carea' id='block_1_84' title="bbox 1930 4033 3516 4106">
    <p class='ocr_par' dir='ltr' id='par_1_84' title="bbox 1930 4033 3516 4106">
     <span class='ocr_line' id='line_1_84' title="bbox 1930 4033 3516 4106; baseline -0.002 -15"><span class='ocrx_word' id='word_1_606' title='bbox 1930 4037 2129 4104; x_wconf 90' lang='lat' dir='ltr'><strong><em>omnia,</em></strong></span> <span class='ocrx_word' id='word_1_607' title='bbox 2151 4051 2309 4106; x_wconf 84' lang='lat' dir='ltr'><strong><em>neque</em></strong></span> <span class='ocrx_word' id='word_1_608' title='bbox 2327 4033 2597 4090; x_wconf 83' lang='lat' dir='ltr'><strong><em>descendet</em></strong></span> <span class='ocrx_word' id='word_1_609' title='bbox 2626 4050 2744 4089; x_wconf 81' lang='lat' dir='ltr'><strong><em>cum</em></strong></span> <span class='ocrx_word' id='word_1_610' title='bbox 2776 4051 2835 4089; x_wconf 88' lang='lat' dir='ltr'><strong><em>eo</em></strong></span> <span class='ocrx_word' id='word_1_611' title='bbox 2856 4035 3026 4106; x_wconf 89' lang='lat' dir='ltr'><strong><em>gloria</em></strong></span> <span class='ocrx_word' id='word_1_612' title='bbox 3047 4035 3180 4105; x_wconf 88' lang='lat' dir='ltr'><strong><em>ejus.</em></strong></span> <span class='ocrx_word' id='word_1_613' title='bbox 3219 4033 3370 4090; x_wconf 84' lang='lat' dir='ltr'><strong><em>Unde</em></strong></span> <span class='ocrx_word' id='word_1_614' title='bbox 3394 4050 3516 4089; x_wconf 87' lang='lat' dir='ltr'><strong><em>nec-</em></strong></span> 
     </span>
    </p>
   </div>
   <div class='ocr_carea' id='block_1_85' title="bbox 1930 4127 3503 4199">
    <p class='ocr_par' dir='ltr' id='par_1_85' title="bbox 1930 4127 3503 4199">
     <span class='ocr_line' id='line_1_85' title="bbox 1930 4127 3503 4199; baseline -0.003 -15"><span class='ocrx_word' id='word_1_615' title='bbox 1930 4127 2201 4184; x_wconf 88' lang='lat' dir='ltr'><strong><em>immerito</em></strong></span> <span class='ocrx_word' id='word_1_616' title='bbox 2233 4128 2313 4183; x_wconf 89' lang='lat' dir='ltr'><strong><em>illi</em></strong></span> <span class='ocrx_word' id='word_1_617' title='bbox 2351 4143 2475 4184; x_wconf 86' lang='lat' dir='ltr'><strong><em>vere</em></strong></span> <span class='ocrx_word' id='word_1_618' title='bbox 2499 4128 2819 4199; x_wconf 76' lang='lat' dir='ltr'><strong><em>insipientes</em></strong></span> <span class='ocrx_word' id='word_1_619' title='bbox 2846 4128 3012 4184; x_wconf 88' lang='lat' dir='ltr'><strong><em>corde</em></strong></span> <span class='ocrx_word' id='word_1_620' title='bbox 3037 4128 3242 4184; x_wconf 90' lang='lat' dir='ltr'><strong><em>turbati</em></strong></span> <span class='ocrx_word' id='word_1_621' title='bbox 3278 4135 3405 4186; x_wconf 89' lang='lat' dir='ltr'><strong><em>sunt</em></strong></span> <span class='ocrx_word' id='word_1_622' title='bbox 3433 4127 3503 4181; x_wconf 84' lang='lat' dir='ltr'><strong><em>ab</em></strong></span> 
     </span>
    </p>
   </div>
   <div class='ocr_carea' id='block_1_86' title="bbox 1931 4219 3514 4292">
    <p class='ocr_par' dir='ltr' id='par_1_86' title="bbox 1931 4219 3514 4292">
     <span class='ocr_line' id='line_1_86' title="bbox 1931 4219 3514 4292; baseline 0.001 -15"><span class='ocrx_word' id='word_1_623' title='bbox 1931 4221 2279 4290; x_wconf 81' lang='lat' dir='ltr'><strong><em>increpatione</em></strong></span> <span class='ocrx_word' id='word_1_624' title='bbox 2301 4221 2393 4276; x_wconf 91' lang='lat' dir='ltr'><strong><em>Dei</em></strong></span> <span class='ocrx_word' id='word_1_625' title='bbox 2408 4219 2606 4286; x_wconf 73' lang='lat' dir='ltr'><strong><em>Iacob;</em></strong></span> <span class='ocrx_word' id='word_1_626' title='bbox 2624 4221 2760 4288; x_wconf 89' lang='lat' dir='ltr'><strong><em>sive,</em></strong></span> <span class='ocrx_word' id='word_1_627' title='bbox 2777 4222 3073 4278; x_wconf 85' lang='lat' dir='ltr'><strong><em>secundum</em></strong></span> <span class='ocrx_word' id='word_1_628' title='bbox 3089 4221 3514 4292; x_wconf 82' lang='lat' dir='ltr'><strong><em>Symmachum,.</em></strong></span> 
     </span>
    </p>
   </div>
   <div class='ocr_carea' id='block_1_87' title="bbox 1932 4309 3516 4384">
    <p class='ocr_par' dir='ltr' id='par_1_87' title="bbox 1932 4309 3516 4384">
     <span class='ocr_line' id='line_1_87' title="bbox 1932 4309 3516 4384; baseline -0.005 -17"><span class='ocrx_word' id='word_1_629' title='bbox 1932 4330 1966 4367; x_wconf 92' lang='lat' dir='ltr'><strong><em>a</em></strong></span> <span class='ocrx_word' id='word_1_630' title='bbox 2001 4313 2211 4384; x_wconf 79' lang='lat' dir='ltr'><strong><em>fremitu</em></strong></span> <span class='ocrx_word' id='word_1_631' title='bbox 2249 4311 2737 4384; x_wconf 81' lang='lat' dir='ltr'><strong><em>[comminatione].</em></strong></span> <span class='ocrx_word' id='word_1_632' title='bbox 2776 4309 2932 4367; x_wconf 81' lang='lat' dir='ltr'><strong><em>Tunc</em></strong></span> <span class='ocrx_word' id='word_1_633' title='bbox 2969 4311 3114 4367; x_wconf 92' lang='lat' dir='ltr'><strong><em>enim</em></strong></span> <span class='ocrx_word' id='word_1_634' title='bbox 3170 4309 3516 4365; x_wconf 43' lang='lat' dir='ltr'><strong><em>sententiam,»</em></strong></span> 
     </span>
    </p>
   </div>
   <div class='ocr_carea' id='block_1_88' title="bbox 1930 4399 3497 4473">
    <p class='ocr_par' dir='ltr' id='par_1_88' title="bbox 1930 4399 3497 4473">
     <span class='ocr_line' id='line_1_88' title="bbox 1930 4399 3497 4473; baseline -0.003 -16"><span class='ocrx_word' id='word_1_635' title='bbox 1930 4402 2069 4473; x_wconf 85' lang='lat' dir='ltr'><strong><em>justi</em></strong></span> <span class='ocrx_word' id='word_1_636' title='bbox 2111 4401 2306 4472; x_wconf 88' lang='lat' dir='ltr'><strong><em>judicii</em></strong></span> <span class='ocrx_word' id='word_1_637' title='bbox 2354 4400 2451 4457; x_wconf 87' lang='lat' dir='ltr'><strong><em>Dei</em></strong></span> <span class='ocrx_word' id='word_1_638' title='bbox 2504 4402 2825 4464; x_wconf 86' lang='lat' dir='ltr'><strong><em>subeuntes,</em></strong></span> <span class='ocrx_word' id='word_1_639' title='bbox 2862 4402 3058 4456; x_wconf 89' lang='lat' dir='ltr'><strong><em>merito</em></strong></span> <span class='ocrx_word' id='word_1_640' title='bbox 3109 4399 3497 4465; x_wconf 88' lang='lat' dir='ltr'><strong><em>turbabuntur,</em></strong></span> 
     </span>
    </p>
   </div>
   <div class='ocr_carea' id='block_1_89' title="bbox 253 4484 1833 4566">
    <p class='ocr_par' dir='ltr' id='par_1_89' title="bbox 253 4484 1833 4560">
     <span class='ocr_line' id='line_1_89' title="bbox 253 4484 1833 4560; baseline 0.006 -22"><span class='ocrx_word' id='word_1_641' title='bbox 253 4484 413 4538; x_wconf 79' lang='grc' dir='ltr'><strong><em>κὼὅ·</em></strong></span> <span class='ocrx_word' id='word_1_642' title='bbox 445 4485 480 4556; x_wconf 80' lang='grc' dir='ltr'><strong>ἥ</strong></span> <span class='ocrx_word' id='word_1_643' title='bbox 507 4486 646 4540; x_wconf 80' lang='grc' dir='ltr'>κατὰ</span> <span class='ocrx_word' id='word_1_644' title='bbox 676 4487 766 4540; x_wconf 83' lang='grc' dir='ltr'><strong><em>τδν</em></strong></span> <span class='ocrx_word' id='word_1_645' title='bbox 803 4487 1115 4559; x_wconf 84' lang='grc' dir='ltr'>Σύμμαχον,</span> <span class='ocrx_word' id='word_1_646' title='bbox 1159 4488 1276 4544; x_wconf 79' lang='grc' dir='ltr'><strong><em>ἀπὸ</em></strong></span> <span class='ocrx_word' id='word_1_647' title='bbox 1313 4489 1741 4560; x_wconf 76' lang='grc' dir='ltr'>ἑμϐριμήσεωςο</span> <span class='ocrx_word' id='word_1_648' title='bbox 1773 4492 1833 4547; x_wconf 77' lang='grc' dir='ltr'>τὸ</span> 
     </span>
    </p>
   </div>
   <div class='ocr_carea' id='block_1_90' title="bbox 1931 4484 3512 4566">
    <p class='ocr_par' dir='ltr' id='par_1_90' title="bbox 1933 4490 3512 4566">
     <span class='ocr_line' id='line_1_90' title="bbox 1933 4490 3512 4566; baseline -0.001 -17"><span class='ocrx_word' id='word_1_649' title='bbox 1933 4494 2061 4566; x_wconf 89' lang='lat' dir='ltr'><strong><em>quia</em></strong></span> <span class='ocrx_word' id='word_1_650' title='bbox 2091 4493 2523 4548; x_wconf 87' lang='lat' dir='ltr'><strong><em>dormitaverunt</em></strong></span> <span class='ocrx_word' id='word_1_651' title='bbox 2551 4491 2878 4548; x_wconf 89' lang='lat' dir='ltr'><strong><em>conscensis.</em></strong></span> <span class='ocrx_word' id='word_1_652' title='bbox 2898 4491 3056 4562; x_wconf 91' lang='lat' dir='ltr'><strong><em>equis</em></strong></span> <span class='ocrx_word' id='word_1_653' title='bbox 3079 4490 3216 4554; x_wconf 89' lang='lat' dir='ltr'><strong><em>suis,</em></strong></span> <span class='ocrx_word' id='word_1_654' title='bbox 3247 4490 3512 4548; x_wconf 79' lang='lat' dir='ltr'><strong><em>videlicet:</em></strong></span> 
     </span>
    </p>
   </div>
   <div class='ocr_carea' id='block_1_91' title="bbox 253 4573 1831 4651">
    <p class='ocr_par' dir='ltr' id='par_1_91' title="bbox 253 4573 1831 4651">
     <span class='ocr_line' id='line_1_91' title="bbox 253 4573 1831 4651; baseline 0.005 -24"><span class='ocrx_word' id='word_1_655' title='bbox 253 4573 558 4645; x_wconf 78' lang='grc' dir='ltr'>τηνικαῦτα</span> <span class='ocrx_word' id='word_1_656' title='bbox 575 4574 684 4646; x_wconf 82' lang='grc' dir='ltr'><strong><em>γὰρ</em></strong></span> <span class='ocrx_word' id='word_1_657' title='bbox 720 4576 824 4629; x_wconf 81' lang='grc' dir='ltr'>ὑπὸ</span> <span class='ocrx_word' id='word_1_658' title='bbox 841 4577 1112 4646; x_wconf 80' lang='grc' dir='ltr'>ἀπόφασιν</span> <span class='ocrx_word' id='word_1_659' title='bbox 1141 4578 1420 4650; x_wconf 86' lang='grc' dir='ltr'>γενόμενοι</span> <span class='ocrx_word' id='word_1_660' title='bbox 1452 4579 1550 4651; x_wconf 86' lang='grc' dir='ltr'>τῆς</span> <span class='ocrx_word' id='word_1_661' title='bbox 1577 4580 1671 4634; x_wconf 84' lang='grc' dir='ltr'><strong><em>τοῦ</em></strong></span> <span class='ocrx_word' id='word_1_662' title='bbox 1698 4573 1831 4635; x_wconf 87' lang='grc' dir='ltr'><strong><em>Θεοῦ</em></strong></span> 
     </span>
    </p>
   </div>
   <div class='ocr_carea' id='block_1_92' title="bbox 251 4666 1832 4748">
    <p class='ocr_par' dir='ltr' id='par_1_92' title="bbox 251 4666 1832 4748">
     <span class='ocr_line' id='line_1_92' title="bbox 251 4666 1832 4748; baseline 0.005 -27"><span class='ocrx_word' id='word_1_663' title='bbox 251 4666 686 4738; x_wconf 82' lang='grc' dir='ltr'>δικαιοκρισίας,</span> <span class='ocrx_word' id='word_1_664' title='bbox 745 4669 1176 4742; x_wconf 80' lang='grc' dir='ltr'>ταραχθήσονται</span> <span class='ocrx_word' id='word_1_665' title='bbox 1230 4671 1485 4738; x_wconf 81' lang='grc' dir='ltr'>εἰκότως,</span> <span class='ocrx_word' id='word_1_666' title='bbox 1540 4673 1832 4748; x_wconf 75' lang='grc' dir='ltr'>ἐπειδήπερ</span> 
     </span>
    </p>
   </div>
   <div class='ocr_carea' id='block_1_93' title="bbox 252 4757 1831 4837">
    <p class='ocr_par' dir='ltr' id='par_1_93' title="bbox 252 4757 1831 4837">
     <span class='ocr_line' id='line_1_93' title="bbox 252 4757 1831 4837; baseline 0.004 -25"><span class='ocrx_word' id='word_1_667' title='bbox 252 4757 558 4824; x_wconf 66' lang='grc' dir='ltr'>ινύσταξαν</span> <span class='ocrx_word' id='word_1_668' title='bbox 586 4759 970 4832; x_wconf 79' lang='grc' dir='ltr'>ἐπιὸεσηκότες</span> <span class='ocrx_word' id='word_1_669' title='bbox 996 4764 1105 4826; x_wconf 82' lang='grc' dir='ltr'>τοῖς</span> <span class='ocrx_word' id='word_1_670' title='bbox 1142 4761 1349 4816; x_wconf 88' lang='grc' dir='ltr'>ἐαυτῶν</span> <span class='ocrx_word' id='word_1_671' title='bbox 1375 4763 1582 4828; x_wconf 81' lang='grc' dir='ltr'>ἵπποις,</span> <span class='ocrx_word' id='word_1_672' title='bbox 1631 4763 1831 4837; x_wconf 82' lang='grc' dir='ltr'>δηλαδὴ</span> 
     </span>
    </p>
   </div>
   <div class='ocr_carea' id='block_1_94' title="bbox 251 4851 1830 4926">
    <p class='ocr_par' dir='ltr' id='par_1_94' title="bbox 251 4851 1830 4926">
     <span class='ocr_line' id='line_1_94' title="bbox 251 4851 1830 4926; baseline 0.001 -19"><span class='ocrx_word' id='word_1_673' title='bbox 251 4853 374 4915; x_wconf 69' lang='grc' dir='ltr'>τοῖς</span> <span class='ocrx_word' id='word_1_674' title='bbox 389 4851 702 4917; x_wconf 80' lang='grc' dir='ltr'>ἀκολάστοις</span> <span class='ocrx_word' id='word_1_675' title='bbox 721 4852 934 4924; x_wconf 87' lang='grc' dir='ltr'>σώμασι</span> <span class='ocrx_word' id='word_1_676' title='bbox 949 4870 962 4884; x_wconf 64' lang='grc' dir='ltr'>θ</span> <span class='ocrx_word' id='word_1_677' title='bbox 989 4852 1106 4907; x_wconf 81' lang='grc' dir='ltr'>δέον</span> <span class='ocrx_word' id='word_1_678' title='bbox 1127 4854 1484 4926; x_wconf 83' lang='grc' dir='ltr'>ἐγρηγορέναι</span> <span class='ocrx_word' id='word_1_679' title='bbox 1506 4855 1599 4908; x_wconf 72' lang='grc' dir='ltr'>καὶ</span> <span class='ocrx_word' id='word_1_680' title='bbox 1620 4856 1830 4926; x_wconf 83' lang='grc' dir='ltr'>νήφειν,</span> 
     </span>
    </p>
   </div>
   <div class='ocr_carea' id='block_1_95' title="bbox 256 4943 1829 5018">
    <p class='ocr_par' dir='ltr' id='par_1_95' title="bbox 256 4943 1829 5018">
     <span class='ocr_line' id='line_1_95' title="bbox 256 4943 1829 5018; baseline -0.017 -18"><span class='ocrx_word' id='word_1_681' title='bbox 256 4943 698 5017; x_wconf 77' lang='grc' dir='ltr'>μνημονεύοντας</span> <span class='ocrx_word' id='word_1_682' title='bbox 731 4944 874 4998; x_wconf 86' lang='grc' dir='ltr'>θείου</span> <span class='ocrx_word' id='word_1_683' title='bbox 913 4944 1328 5018; x_wconf 79' lang='grc' dir='ltr'>προστάγματος</span> <span class='ocrx_word' id='word_1_684' title='bbox 1359 4945 1637 5016; x_wconf 69' lang='grc' dir='ltr'><strong><em>λέγοντες.</em></strong></span> <span class='ocrx_word' id='word_1_685' title='bbox 1675 4949 1829 5017; x_wconf 58' lang='lat' dir='ltr'><strong><em>rm-</em></strong></span> 
     </span>
    </p>
   </div>
   <div class='ocr_carea' id='block_1_96' title="bbox 252 5035 1832 5107">
    <p class='ocr_par' dir='ltr' id='par_1_96' title="bbox 252 5035 1832 5107">
     <span class='ocr_line' id='line_1_96' title="bbox 252 5035 1832 5107; baseline 0.002 -19"><span class='ocrx_word' id='word_1_686' title='bbox 252 5035 516 5107; x_wconf 80' lang='grc' dir='ltr'>τορεῖτε,</span> <span class='ocrx_word' id='word_1_687' title='bbox 568 5036 656 5090; x_wconf 81' lang='grc' dir='ltr'>ὅτι</span> <span class='ocrx_word' id='word_1_688' title='bbox 702 5038 813 5090; x_wconf 84' lang='grc' dir='ltr'>οὐκ</span> <span class='ocrx_word' id='word_1_689' title='bbox 862 5036 1060 5092; x_wconf 63' lang='lat' dir='ltr'><strong><em>albata</em></strong></span> <span class='ocrx_word' id='word_1_690' title='bbox 1095 5036 1211 5106; x_wconf 79' lang='grc' dir='ltr'>τὴν</span> <span class='ocrx_word' id='word_1_691' title='bbox 1257 5036 1484 5106; x_wconf 77' lang='grc' dir='ltr'>ἡμέραν</span> <span class='ocrx_word' id='word_1_692' title='bbox 1528 5037 1670 5093; x_wconf 85' lang='grc' dir='ltr'>οὐδὲ</span> <span class='ocrx_word' id='word_1_693' title='bbox 1716 5037 1832 5106; x_wconf 81' lang='grc' dir='ltr'>τὴν</span> 
     </span>
    </p>
   </div>
   <div class='ocr_carea' id='block_1_97' title="bbox 249 5126 1827 5197">
    <p class='ocr_par' dir='ltr' id='par_1_97' title="bbox 249 5126 1827 5197">
     <span class='ocr_line' id='line_1_97' title="bbox 249 5126 1827 5197; baseline 0 -17"><span class='ocrx_word' id='word_1_694' title='bbox 249 5126 440 5197; x_wconf 79' lang='grc' dir='ltr'>ὥραν.</span> <span class='ocrx_word' id='word_1_695' title='bbox 469 5127 532 5181; x_wconf 85' lang='lat' dir='ltr'><strong><em>0i</em></strong></span> <span class='ocrx_word' id='word_1_696' title='bbox 557 5126 613 5180; x_wconf 79' lang='grc' dir='ltr'>δὲ</span> <span class='ocrx_word' id='word_1_697' title='bbox 655 5127 946 5193; x_wconf 75' lang='grc' dir='ltr'>ἐνύσταζον</span> <span class='ocrx_word' id='word_1_698' title='bbox 976 5128 1072 5182; x_wconf 72' lang='grc' dir='ltr'>καὶ</span> <span class='ocrx_word' id='word_1_699' title='bbox 1116 5128 1372 5182; x_wconf 73' lang='grc' dir='ltr'>ὖπνωσαν</span> <span class='ocrx_word' id='word_1_700' title='bbox 1407 5127 1573 5182; x_wconf 80' lang='grc' dir='ltr'>ὕπνον</span> <span class='ocrx_word' id='word_1_701' title='bbox 1611 5128 1827 5195; x_wconf 76' lang='grc' dir='ltr'>αὐτῶν,</span> 
     </span>
    </p>
   </div>
   <div class='ocr_carea' id='block_1_98' title="bbox 249 5217 1830 5293">
    <p class='ocr_par' dir='ltr' id='par_1_98' title="bbox 249 5217 1830 5293">
     <span class='ocr_line' id='line_1_98' title="bbox 249 5217 1830 5293; baseline 0.002 -21"><span class='ocrx_word' id='word_1_702' title='bbox 249 5217 492 5288; x_wconf 77' lang='grc' dir='ltr'>ὀνείροις</span> <span class='ocrx_word' id='word_1_703' title='bbox 519 5219 613 5272; x_wconf 76' lang='grc' dir='ltr'><strong><em>καὶ</em></strong></span> <span class='ocrx_word' id='word_1_704' title='bbox 659 5219 1036 5291; x_wconf 84' lang='grc' dir='ltr'>φαντάσμασιν</span> <span class='ocrx_word' id='word_1_705' title='bbox 1068 5219 1393 5286; x_wconf 82' lang='grc' dir='ltr'>ὲκδοθέντες,</span> <span class='ocrx_word' id='word_1_706' title='bbox 1431 5221 1614 5284; x_wconf 77' lang='grc' dir='ltr'>ἵπποις</span> <span class='ocrx_word' id='word_1_707' title='bbox 1635 5239 1695 5274; x_wconf 87' lang='grc' dir='ltr'><strong><em>τε</em></strong></span> <span class='ocrx_word' id='word_1_708' title='bbox 1735 5221 1830 5293; x_wconf 86' lang='grc' dir='ltr'>θη·-</span> 
     </span>
    </p>
   </div>
   <div class='ocr_carea' id='block_1_99' title="bbox 249 5307 1825 5383">
    <p class='ocr_par' dir='ltr' id='par_1_99' title="bbox 249 5307 1825 5383">
     <span class='ocr_line' id='line_1_99' title="bbox 249 5307 1825 5383; baseline 0.004 -22"><span class='ocrx_word' id='word_1_709' title='bbox 249 5308 521 5380; x_wconf 77' lang='grc' dir='ltr'>λυμανέσι</span> <span class='ocrx_word' id='word_1_710' title='bbox 559 5313 669 5374; x_wconf 79' lang='grc' dir='ltr'>τοῖς</span> <span class='ocrx_word' id='word_1_711' title='bbox 701 5311 878 5365; x_wconf 79' lang='grc' dir='ltr'>αὐτῶν</span> <span class='ocrx_word' id='word_1_712' title='bbox 916 5311 1128 5382; x_wconf 88' lang='grc' dir='ltr'>σώμασι</span> <span class='ocrx_word' id='word_1_713' title='bbox 1153 5311 1504 5383; x_wconf 80' lang='grc' dir='ltr'>χρησάμενοι.</span> <span class='ocrx_word' id='word_1_714' title='bbox 1531 5307 1691 5367; x_wconf 76' lang='grc' dir='ltr'>οὗτοι</span> <span class='ocrx_word' id='word_1_715' title='bbox 1714 5331 1825 5367; x_wconf 80' lang='grc' dir='ltr'>τοι·</span> 
     </span>
    </p>
   </div>
   <div class='ocr_carea' id='block_1_100' title="bbox 251 5400 1825 5478">
    <p class='ocr_par' dir='ltr' id='par_1_100' title="bbox 251 5400 1825 5478">
     <span class='ocr_line' id='line_1_100' title="bbox 251 5400 1825 5478; baseline 0.003 -23"><span class='ocrx_word' id='word_1_716' title='bbox 251 5400 465 5473; x_wconf 79' lang='grc' dir='ltr'>γαροῠν</span> <span class='ocrx_word' id='word_1_717' title='bbox 517 5401 716 5467; x_wconf 84' lang='grc' dir='ltr'>πάντες</span> <span class='ocrx_word' id='word_1_718' title='bbox 757 5404 805 5457; x_wconf 80' lang='lat' dir='ltr'><strong><em>0i</em></strong></span> <span class='ocrx_word' id='word_1_719' title='bbox 859 5403 988 5456; x_wconf 79' lang='grc' dir='ltr'>ποτὲ</span> <span class='ocrx_word' id='word_1_720' title='bbox 1021 5404 1119 5475; x_wconf 86' lang='grc' dir='ltr'>μὲν</span> <span class='ocrx_word' id='word_1_721' title='bbox 1149 5404 1430 5474; x_wconf 85' lang='grc' dir='ltr'>λεγόμενοι</span> <span class='ocrx_word' id='word_1_722' title='bbox 1471 5404 1717 5459; x_wconf 83' lang='grc' dir='ltr'>ἀσύνετοι</span> <span class='ocrx_word' id='word_1_723' title='bbox 1758 5409 1825 5478; x_wconf 77' lang='grc' dir='ltr'>τῇ</span> 
     </span>
    </p>
   </div>
   <div class='ocr_carea' id='block_1_101' title="bbox 251 5493 1828 5567">
    <p class='ocr_par' dir='ltr' id='par_1_101' title="bbox 251 5493 1828 5567">
     <span class='ocr_line' id='line_1_101' title="bbox 251 5493 1828 5567; baseline 0.001 -19"><span class='ocrx_word' id='word_1_724' title='bbox 251 5493 481 5564; x_wconf 74' lang='grc' dir='ltr'>καρδίᾳ,</span> <span class='ocrx_word' id='word_1_725' title='bbox 510 5495 638 5547; x_wconf 88' lang='grc' dir='ltr'><strong><em>ποτέ</em></strong></span> <span class='ocrx_word' id='word_1_726' title='bbox 676 5494 732 5548; x_wconf 73' lang='grc' dir='ltr'>δὲ</span> <span class='ocrx_word' id='word_1_727' title='bbox 772 5495 963 5567; x_wconf 77' lang='grc' dir='ltr'>ἄνδρες</span> <span class='ocrx_word' id='word_1_728' title='bbox 991 5495 1087 5548; x_wconf 80' lang='grc' dir='ltr'>τοῦ</span> <span class='ocrx_word' id='word_1_729' title='bbox 1119 5494 1370 5560; x_wconf 87' lang='grc' dir='ltr'>πλούτου,</span> <span class='ocrx_word' id='word_1_730' title='bbox 1409 5495 1526 5548; x_wconf 76' lang='grc' dir='ltr'>νυνὶ</span> <span class='ocrx_word' id='word_1_731' title='bbox 1562 5495 1620 5548; x_wconf 83' lang='grc' dir='ltr'>δὲ</span> <span class='ocrx_word' id='word_1_732' title='bbox 1647 5495 1828 5550; x_wconf 79' lang='grc' dir='ltr'>ἐπισε-</span> 
     </span>
    </p>
   </div>
   <div class='ocr_carea' id='block_1_102' title="bbox 252 5584 1830 5659">
    <p class='ocr_par' dir='ltr' id='par_1_102' title="bbox 252 5584 1830 5659">
     <span class='ocr_line' id='line_1_102' title="bbox 252 5584 1830 5659; baseline 0.001 -22"><span class='ocrx_word' id='word_1_733' title='bbox 252 5584 493 5656; x_wconf 76' lang='grc' dir='ltr'>σηκότες</span> <span class='ocrx_word' id='word_1_734' title='bbox 540 5587 664 5650; x_wconf 72' lang='grc' dir='ltr'>τοὺς</span> <span class='ocrx_word' id='word_1_735' title='bbox 714 5587 932 5651; x_wconf 78' lang='grc' dir='ltr'>ἵππους,</span> <span class='ocrx_word' id='word_1_736' title='bbox 961 5587 1097 5651; x_wconf 83' lang='grc' dir='ltr'>τέως</span> <span class='ocrx_word' id='word_1_737' title='bbox 1149 5587 1248 5659; x_wconf 81' lang='grc' dir='ltr'>μὲν</span> <span class='ocrx_word' id='word_1_738' title='bbox 1299 5586 1439 5642; x_wconf 80' lang='grc' dir='ltr'>κατὰ</span> <span class='ocrx_word' id='word_1_739' title='bbox 1483 5587 1584 5659; x_wconf 80' lang='grc' dir='ltr'>τὴν</span> <span class='ocrx_word' id='word_1_740' title='bbox 1633 5586 1830 5658; x_wconf 74' lang='grc' dir='ltr'>θνητὴν</span> 
     </span>
    </p>
   </div>
   <div class='ocr_carea' id='block_1_103' title="bbox 256 5676 1831 5752">
    <p class='ocr_par' dir='ltr' id='par_1_103' title="bbox 256 5676 1831 5752">
     <span class='ocr_line' id='line_1_103' title="bbox 256 5676 1831 5752; baseline 0.003 -24"><span class='ocrx_word' id='word_1_741' title='bbox 256 5676 410 5749; x_wconf 69' lang='grc' dir='ltr'>ζωὴν</span> <span class='ocrx_word' id='word_1_742' title='bbox 458 5676 773 5744; x_wconf 72' lang='grc' dir='ltr'>ἐνύσταξαν,</span> <span class='ocrx_word' id='word_1_743' title='bbox 802 5679 837 5750; x_wconf 79' lang='grc' dir='ltr'>ἢ</span> <span class='ocrx_word' id='word_1_744' title='bbox 867 5679 1010 5734; x_wconf 81' lang='grc' dir='ltr'>κατὰ</span> <span class='ocrx_word' id='word_1_745' title='bbox 1050 5678 1142 5732; x_wconf 88' lang='grc' dir='ltr'><strong><em>τδν</em></strong></span> <span class='ocrx_word' id='word_1_746' title='bbox 1183 5679 1492 5752; x_wconf 86' lang='grc' dir='ltr'>Σύμμαχον,</span> <span class='ocrx_word' id='word_1_747' title='bbox 1539 5678 1831 5749; x_wconf 80' lang='grc' dir='ltr'>ἐκαρώθη-</span> 
     </span>
    </p>
   </div>
   <div class='ocr_carea' id='block_1_104' title="bbox 1934 4583 3512 4658">
    <p class='ocr_par' dir='ltr' id='par_1_104' title="bbox 1934 4583 3512 4658">
     <span class='ocr_line' id='line_1_104' title="bbox 1934 4583 3512 4658; baseline -0.003 -16"><span class='ocrx_word' id='word_1_748' title='bbox 1934 4587 2154 4644; x_wconf 86' lang='lat' dir='ltr'><strong><em>lascivis</em></strong></span> <span class='ocrx_word' id='word_1_749' title='bbox 2183 4585 2506 4658; x_wconf 87' lang='lat' dir='ltr'><strong><em>corporibus</em></strong></span> <span class='ocrx_word' id='word_1_750' title='bbox 2529 4603 2543 4652; x_wconf 91' lang='lat'><strong>;</strong></span> <span class='ocrx_word' id='word_1_751' title='bbox 2585 4599 2710 4639; x_wconf 91' lang='lat' dir='ltr'><strong><em>cum</em></strong></span> <span class='ocrx_word' id='word_1_752' title='bbox 2733 4583 3066 4654; x_wconf 87' lang='lat' dir='ltr'><strong><em>oportuisset</em></strong></span> <span class='ocrx_word' id='word_1_753' title='bbox 3089 4583 3313 4655; x_wconf 87' lang='lat' dir='ltr'><strong><em>vigilare</em></strong></span> <span class='ocrx_word' id='word_1_754' title='bbox 3336 4593 3390 4639; x_wconf 89' lang='lat' dir='ltr'><strong><em>et</em></strong></span> <span class='ocrx_word' id='word_1_755' title='bbox 3410 4600 3512 4640; x_wconf 47' lang='lat' dir='ltr'><strong><em>so»</em></strong></span> 
     </span>
    </p>
   </div>
   <div class='ocr_carea' id='block_1_105' title="bbox 1933 4675 3495 4750">
    <p class='ocr_par' dir='ltr' id='par_1_105' title="bbox 1933 4675 3495 4750">
     <span class='ocr_line' id='line_1_105' title="bbox 1933 4675 3495 4750; baseline -0.003 -16"><span class='ocrx_word' id='word_1_756' title='bbox 1933 4679 2050 4734; x_wconf 88' lang='lat' dir='ltr'><strong><em>brie</em></strong></span> <span class='ocrx_word' id='word_1_757' title='bbox 2077 4691 2547 4750; x_wconf 86' lang='lat' dir='ltr'><strong><em>agere,memores</em></strong></span> <span class='ocrx_word' id='word_1_758' title='bbox 2567 4675 2736 4731; x_wconf 88' lang='lat' dir='ltr'><strong><em>divini</em></strong></span> <span class='ocrx_word' id='word_1_759' title='bbox 2753 4675 3006 4747; x_wconf 66' lang='lat' dir='ltr'><strong><em>praecepti</em></strong></span> <span class='ocrx_word' id='word_1_760' title='bbox 3037 4675 3271 4733; x_wconf 86' lang='lat' dir='ltr'><strong><em>dicentis</em></strong></span> <span class='ocrx_word' id='word_1_761' title='bbox 3298 4694 3310 4730; x_wconf 93' lang='lat'>:</span> <span class='ocrx_word' id='word_1_762' title='bbox 3354 4675 3495 4747; x_wconf 84' lang='lat' dir='ltr'><strong><em>Vigi-</em></strong></span> 
     </span>
    </p>
   </div>
   <div class='ocr_carea' id='block_1_106' title="bbox 1932 4768 3480 4843">
    <p class='ocr_par' dir='ltr' id='par_1_106' title="bbox 1932 4768 3480 4843">
     <span class='ocr_line' id='line_1_106' title="bbox 1932 4768 3480 4843; baseline -0.003 -15"><span class='ocrx_word' id='word_1_763' title='bbox 1932 4773 2185 4843; x_wconf 89' lang='lat' dir='ltr'><strong><em>late,quia</em></strong></span> <span class='ocrx_word' id='word_1_764' title='bbox 2207 4771 2419 4827; x_wconf 86' lang='lat' dir='ltr'><strong><em>nescitis</em></strong></span> <span class='ocrx_word' id='word_1_765' title='bbox 2441 4769 2599 4835; x_wconf 87' lang='lat' dir='ltr'><strong><em>diem,</em></strong></span> <span class='ocrx_word' id='word_1_766' title='bbox 2623 4786 2782 4840; x_wconf 89' lang='lat' dir='ltr'><strong><em>neque</em></strong></span> <span class='ocrx_word' id='word_1_767' title='bbox 2807 4768 2992 4824; x_wconf 81' lang='lat' dir='ltr'><strong><em>horam</em></strong></span> <span class='ocrx_word' id='word_1_768' title='bbox 3010 4770 3077 4824; x_wconf 79' lang='grc'><strong><em>⁸⁵.</em></strong></span> <span class='ocrx_word' id='word_1_769' title='bbox 3105 4768 3186 4824; x_wconf 83' lang='lat' dir='ltr'><strong><em>Illi</em></strong></span> <span class='ocrx_word' id='word_1_770' title='bbox 3218 4785 3346 4826; x_wconf 86' lang='lat' dir='ltr'><strong><em>vero</em></strong></span> <span class='ocrx_word' id='word_1_771' title='bbox 3378 4769 3480 4826; x_wconf 90' lang='lat' dir='ltr'><strong><em>dor</em></strong></span> 
     </span>
    </p>
   </div>
   <div class='ocr_carea' id='block_1_107' title="bbox 1934 4861 3512 4926">
    <p class='ocr_par' dir='ltr' id='par_1_107' title="bbox 1934 4861 3512 4926">
     <span class='ocr_line' id='line_1_107' title="bbox 1934 4861 3512 4926; baseline -0.002 -8"><span class='ocrx_word' id='word_1_772' title='bbox 1934 4862 2219 4926; x_wconf 89' lang='lat' dir='ltr'><strong><em>mitabant,</em></strong></span> <span class='ocrx_word' id='word_1_773' title='bbox 2256 4871 2310 4918; x_wconf 92' lang='lat' dir='ltr'><strong><em>et</em></strong></span> <span class='ocrx_word' id='word_1_774' title='bbox 2343 4861 2682 4918; x_wconf 88' lang='lat' dir='ltr'><strong><em>dormierunt</em></strong></span> <span class='ocrx_word' id='word_1_775' title='bbox 2709 4874 2959 4915; x_wconf 90' lang='lat' dir='ltr'><strong><em>somnum</em></strong></span> <span class='ocrx_word' id='word_1_776' title='bbox 2985 4874 3167 4924; x_wconf 80' lang='lat' dir='ltr'><strong><em>suum,</em></strong></span> <span class='ocrx_word' id='word_1_777' title='bbox 3186 4862 3416 4918; x_wconf 91' lang='lat' dir='ltr'><strong><em>somniis</em></strong></span> <span class='ocrx_word' id='word_1_778' title='bbox 3445 4870 3512 4917; x_wconf 58' lang='lat' dir='ltr'><strong><em>etv</em></strong></span> 
     </span>
    </p>
   </div>
   <div class='ocr_carea' id='block_1_108' title="bbox 1933 4952 3513 5026">
    <p class='ocr_par' dir='ltr' id='par_1_108' title="bbox 1933 4952 3513 5026">
     <span class='ocr_line' id='line_1_108' title="bbox 1933 4952 3513 5026; baseline 0.001 -17"><span class='ocrx_word' id='word_1_779' title='bbox 1933 4953 2234 5026; x_wconf 85' lang='lat' dir='ltr'><strong><em>pbantasiis</em></strong></span> <span class='ocrx_word' id='word_1_780' title='bbox 2280 4952 2490 5018; x_wconf 90' lang='lat' dir='ltr'><strong><em>dediti,</em></strong></span> <span class='ocrx_word' id='word_1_781' title='bbox 2530 4953 2796 5024; x_wconf 85' lang='lat' dir='ltr'><strong><em>equisque</em></strong></span> <span class='ocrx_word' id='word_1_782' title='bbox 2851 4952 3116 5019; x_wconf 88' lang='lat' dir='ltr'><strong><em>lascivis,</em></strong></span> <span class='ocrx_word' id='word_1_783' title='bbox 3170 4955 3513 5025; x_wconf 37' lang='lat' dir='ltr'><strong><em>corporibus.</em></strong></span> 
     </span>
    </p>
   </div>
   <div class='ocr_carea' id='block_1_109' title="bbox 1933 5043 3497 5117">
    <p class='ocr_par' dir='ltr' id='par_1_109' title="bbox 1933 5043 3497 5117">
     <span class='ocr_line' id='line_1_109' title="bbox 1933 5043 3497 5117; baseline 0.001 -16"><span class='ocrx_word' id='word_1_784' title='bbox 1933 5060 2130 5117; x_wconf 88' lang='lat' dir='ltr'><strong><em>nempe</em></strong></span> <span class='ocrx_word' id='word_1_785' title='bbox 2163 5043 2279 5102; x_wconf 90' lang='lat' dir='ltr'><strong><em>suis</em></strong></span> <span class='ocrx_word' id='word_1_786' title='bbox 2318 5045 2426 5101; x_wconf 89' lang='lat' dir='ltr'><strong><em>usi.</em></strong></span> <span class='ocrx_word' id='word_1_787' title='bbox 2457 5043 2523 5099; x_wconf 83' lang='lat' dir='ltr'><strong><em>Hi</em></strong></span> <span class='ocrx_word' id='word_1_788' title='bbox 2555 5045 2745 5115; x_wconf 85' lang='lat' dir='ltr'><strong><em>itaque</em></strong></span> <span class='ocrx_word' id='word_1_789' title='bbox 2786 5057 2980 5100; x_wconf 87' lang='lat' dir='ltr'><strong><em>omnes</em></strong></span> <span class='ocrx_word' id='word_1_790' title='bbox 3007 5045 3126 5115; x_wconf 91' lang='lat' dir='ltr'><strong><em>qui,</em></strong></span> <span class='ocrx_word' id='word_1_791' title='bbox 3173 5047 3334 5102; x_wconf 91' lang='lat' dir='ltr'><strong><em>modo</em></strong></span> <span class='ocrx_word' id='word_1_792' title='bbox 3358 5047 3497 5102; x_wconf 87' lang='lat' dir='ltr'><strong><em>insi-</em></strong></span> 
     </span>
    </p>
   </div>
   <div class='ocr_carea' id='block_1_110' title="bbox 1930 5136 3501 5210">
    <p class='ocr_par' dir='ltr' id='par_1_110' title="bbox 1930 5136 3501 5210">
     <span class='ocr_line' id='line_1_110' title="bbox 1930 5136 3501 5210; baseline 0 -17"><span class='ocrx_word' id='word_1_793' title='bbox 1930 5139 2141 5210; x_wconf 88' lang='lat' dir='ltr'><strong><em>pientes</em></strong></span> <span class='ocrx_word' id='word_1_794' title='bbox 2193 5136 2380 5201; x_wconf 87' lang='lat' dir='ltr'><strong><em>corde,</em></strong></span> <span class='ocrx_word' id='word_1_795' title='bbox 2435 5137 2598 5193; x_wconf 90' lang='lat' dir='ltr'><strong><em>modo</em></strong></span> <span class='ocrx_word' id='word_1_796' title='bbox 2626 5137 2729 5193; x_wconf 88' lang='lat' dir='ltr'><strong><em>viri</em></strong></span> <span class='ocrx_word' id='word_1_797' title='bbox 2763 5137 3100 5204; x_wconf 83' lang='lat' dir='ltr'><strong><em>divitiarum,</em></strong></span> <span class='ocrx_word' id='word_1_798' title='bbox 3137 5155 3283 5194; x_wconf 91' lang='lat' dir='ltr'><strong><em>nunc</em></strong></span> <span class='ocrx_word' id='word_1_799' title='bbox 3313 5155 3501 5196; x_wconf 84' lang='lat' dir='ltr'><strong><em>ascen-</em></strong></span> 
     </span>
    </p>
   </div>
   <div class='ocr_carea' id='block_1_111' title="bbox 1932 5225 3500 5300">
    <p class='ocr_par' dir='ltr' id='par_1_111' title="bbox 1932 5225 3500 5300">
     <span class='ocr_line' id='line_1_111' title="bbox 1932 5225 3500 5300; baseline 0.003 -20"><span class='ocrx_word' id='word_1_800' title='bbox 1932 5226 2122 5282; x_wconf 87' lang='lat' dir='ltr'><strong><em>dentes</em></strong></span> <span class='ocrx_word' id='word_1_801' title='bbox 2157 5240 2330 5296; x_wconf 90' lang='lat' dir='ltr'><strong><em>equos</em></strong></span> <span class='ocrx_word' id='word_1_802' title='bbox 2379 5233 2669 5293; x_wconf 89' lang='lat' dir='ltr'><strong><em>vocantur,</em></strong></span> <span class='ocrx_word' id='word_1_803' title='bbox 2697 5225 2826 5282; x_wconf 88' lang='lat' dir='ltr'><strong><em>dum</em></strong></span> <span class='ocrx_word' id='word_1_804' title='bbox 2872 5229 2927 5283; x_wconf 92' lang='lat' dir='ltr'><strong><em>in</em></strong></span> <span class='ocrx_word' id='word_1_805' title='bbox 2982 5230 3238 5300; x_wconf 68' lang='lat' dir='ltr'><strong><em>praesenti</em></strong></span> <span class='ocrx_word' id='word_1_806' title='bbox 3272 5231 3382 5284; x_wconf 89' lang='lat' dir='ltr'><strong><em>vita</em></strong></span> <span class='ocrx_word' id='word_1_807' title='bbox 3411 5229 3500 5284; x_wconf 89' lang='lat' dir='ltr'><strong><em>de-</em></strong></span> 
     </span>
    </p>
   </div>
   <div class='ocr_carea' id='block_1_112' title="bbox 1931 5313 3494 5393">
    <p class='ocr_par' dir='ltr' id='par_1_112' title="bbox 1931 5313 3494 5393">
     <span class='ocr_line' id='line_1_112' title="bbox 1931 5313 3494 5393; baseline 0 -24"><span class='ocrx_word' id='word_1_808' title='bbox 1931 5324 2144 5387; x_wconf 84' lang='lat' dir='ltr'><strong><em>gerent,</em></strong></span> <span class='ocrx_word' id='word_1_809' title='bbox 2161 5313 2611 5384; x_wconf 82' lang='lat' dir='ltr'><strong><em>dormitaverunt;</em></strong></span> <span class='ocrx_word' id='word_1_810' title='bbox 2635 5318 2750 5374; x_wconf 87' lang='lat' dir='ltr'><strong><em>sive</em></strong></span> <span class='ocrx_word' id='word_1_811' title='bbox 2765 5319 3066 5374; x_wconf 90' lang='lat' dir='ltr'><strong><em>secundum</em></strong></span> <span class='ocrx_word' id='word_1_812' title='bbox 3087 5319 3494 5393; x_wconf 82' lang='lat' dir='ltr'><strong><em>Symmachum,</em></strong></span> 
     </span>
    </p>
   </div>
   <div class='ocr_carea' id='block_1_113' title="bbox 1932 5409 3494 5480">
    <p class='ocr_par' dir='ltr' id='par_1_113' title="bbox 1932 5409 3494 5480">
     <span class='ocr_line' id='line_1_113' title="bbox 1932 5409 3494 5480; baseline 0.001 -18"><span class='ocrx_word' id='word_1_813' title='bbox 1932 5410 2166 5477; x_wconf 84' lang='lat' dir='ltr'><strong><em>soporati</em></strong></span> <span class='ocrx_word' id='word_1_814' title='bbox 2194 5419 2336 5475; x_wconf 87' lang='lat' dir='ltr'><strong><em>sunt,</em></strong></span> <span class='ocrx_word' id='word_1_815' title='bbox 2383 5424 2580 5480; x_wconf 89' lang='lat' dir='ltr'><strong><em>sopore</em></strong></span> <span class='ocrx_word' id='word_1_816' title='bbox 2608 5419 2662 5467; x_wconf 90' lang='lat' dir='ltr'><strong><em>et</em></strong></span> <span class='ocrx_word' id='word_1_817' title='bbox 2709 5411 2972 5468; x_wconf 85' lang='lat' dir='ltr'><strong><em>ebrietate</em></strong></span> <span class='ocrx_word' id='word_1_818' title='bbox 3003 5413 3196 5466; x_wconf 72' lang='lat' dir='ltr'><strong><em>animae</em></strong></span> <span class='ocrx_word' id='word_1_819' title='bbox 3229 5409 3494 5480; x_wconf 88' lang='lat' dir='ltr'><strong><em>depressi.</em></strong></span> 
     </span>
    </p>
   </div>
   <div class='ocr_carea' id='block_1_114' title="bbox 1934 5497 3502 5571">
    <p class='ocr_par' dir='ltr' id='par_1_114' title="bbox 1934 5497 3502 5571">
     <span class='ocr_line' id='line_1_114' title="bbox 1934 5497 3502 5571; baseline 0.003 -19"><span class='ocrx_word' id='word_1_820' title='bbox 1934 5497 2138 5554; x_wconf 87' lang='lat' dir='ltr'><strong><em>Deinde</em></strong></span> <span class='ocrx_word' id='word_1_821' title='bbox 2171 5513 2321 5564; x_wconf 89' lang='lat' dir='ltr'><strong><em>vero,</em></strong></span> <span class='ocrx_word' id='word_1_822' title='bbox 2341 5498 2665 5556; x_wconf 88' lang='lat' dir='ltr'><strong><em>dormierunt</em></strong></span> <span class='ocrx_word' id='word_1_823' title='bbox 2691 5519 2932 5558; x_wconf 89' lang='lat' dir='ltr'><strong><em>somnum</em></strong></span> <span class='ocrx_word' id='word_1_824' title='bbox 2953 5520 3127 5568; x_wconf 88' lang='lat' dir='ltr'><strong><em>suum,</em></strong></span> <span class='ocrx_word' id='word_1_825' title='bbox 3160 5502 3313 5556; x_wconf 88' lang='lat' dir='ltr'><strong><em>vanis</em></strong></span> <span class='ocrx_word' id='word_1_826' title='bbox 3332 5501 3502 5571; x_wconf 84' lang='lat' dir='ltr'><strong><em>phan-</em></strong></span> 
     </span>
    </p>
   </div>
   <div class='ocr_carea' id='block_1_115' title="bbox 1933 5589 3502 5667">
    <p class='ocr_par' dir='ltr' id='par_1_115' title="bbox 1933 5589 3502 5667">
     <span class='ocr_line' id='line_1_115' title="bbox 1933 5589 3502 5667; baseline 0.003 -22"><span class='ocrx_word' id='word_1_827' title='bbox 1933 5591 2092 5646; x_wconf 84' lang='lat' dir='ltr'><strong><em>tasiis</em></strong></span> <span class='ocrx_word' id='word_1_828' title='bbox 2127 5589 2332 5658; x_wconf 88' lang='lat' dir='ltr'><strong><em>dediti;</em></strong></span> <span class='ocrx_word' id='word_1_829' title='bbox 2364 5607 2426 5647; x_wconf 93' lang='lat' dir='ltr'><strong><em>ac</em></strong></span> <span class='ocrx_word' id='word_1_830' title='bbox 2451 5592 2668 5648; x_wconf 89' lang='lat' dir='ltr'><strong><em>demum</em></strong></span> <span class='ocrx_word' id='word_1_831' title='bbox 2700 5595 3087 5667; x_wconf 80' lang='lat' dir='ltr'><strong><em>expergefacti,</em></strong></span> <span class='ocrx_word' id='word_1_832' title='bbox 3133 5593 3333 5649; x_wconf 85' lang='lat' dir='ltr'><strong><em>turbati</em></strong></span> <span class='ocrx_word' id='word_1_833' title='bbox 3369 5601 3502 5650; x_wconf 82' lang='lat' dir='ltr'><strong><em>sunt</em></strong></span> 
     </span>
    </p>
   </div>
   <div class='ocr_carea' id='block_1_116' title="bbox 1937 5681 3499 5756">
    <p class='ocr_par' dir='ltr' id='par_1_116' title="bbox 1937 5681 3499 5756">
     <span class='ocr_line' id='line_1_116' title="bbox 1937 5681 3499 5756; baseline 0.004 -21"><span class='ocrx_word' id='word_1_834' title='bbox 1937 5681 2007 5736; x_wconf 86' lang='lat' dir='ltr'><strong><em>ab</em></strong></span> <span class='ocrx_word' id='word_1_835' title='bbox 2042 5681 2415 5754; x_wconf 86' lang='lat' dir='ltr'><strong><em>increpatione</em></strong></span> <span class='ocrx_word' id='word_1_836' title='bbox 2442 5682 2537 5740; x_wconf 88' lang='lat' dir='ltr'><strong><em>Dei</em></strong></span> <span class='ocrx_word' id='word_1_837' title='bbox 2558 5682 2749 5742; x_wconf 86' lang='lat' dir='ltr'><strong><em>Jacob.</em></strong></span> <span class='ocrx_word' id='word_1_838' title='bbox 2779 5685 2874 5741; x_wconf 80' lang='lat' dir='ltr'><strong><em>ilic</em></strong></span> <span class='ocrx_word' id='word_1_839' title='bbox 2907 5701 3065 5756; x_wconf 88' lang='lat' dir='ltr'><strong><em>porro</em></strong></span> <span class='ocrx_word' id='word_1_840' title='bbox 3091 5694 3206 5742; x_wconf 82' lang='lat' dir='ltr'><strong><em>crat</em></strong></span> <span class='ocrx_word' id='word_1_841' title='bbox 3243 5685 3499 5743; x_wconf 84' lang='lat' dir='ltr'><strong><em>Servator</em></strong></span> 
     </span>
    </p>
   </div>
   <div class='ocr_carea' id='block_1_117' title="bbox 337 5834 1833 5909">
    <p class='ocr_par' dir='ltr' id='par_1_117' title="bbox 337 5834 1833 5908">
     <span class='ocr_line' id='line_1_117' title="bbox 337 5834 1833 5908; baseline 0.004 -18"><span class='ocrx_word' id='word_1_842' title='bbox 337 5837 383 5867; x_wconf 80' lang='lat'>“</span> <span class='ocrx_word' id='word_1_843' title='bbox 424 5834 586 5894; x_wconf 85' lang='lat' dir='ltr'><strong><em>llebr.</em></strong></span> <span class='ocrx_word' id='word_1_844' title='bbox 624 5853 739 5905; x_wconf 80' lang='lat' dir='ltr'><strong><em>xu,</em></strong></span> <span class='ocrx_word' id='word_1_845' title='bbox 776 5838 863 5893; x_wconf 75' lang='grc'><strong><em>22.</em></strong></span> <span class='ocrx_word' id='word_1_846' title='bbox 944 5839 988 5872; x_wconf 77' lang='grc'>⁸³</span> <span class='ocrx_word' id='word_1_847' title='bbox 1028 5837 1129 5894; x_wconf 84' lang='lat' dir='ltr'><strong><em>lsa.</em></strong></span> <span class='ocrx_word' id='word_1_848' title='bbox 1166 5854 1250 5908; x_wconf 82' lang='grc' dir='ltr'><strong><em>ιι,</em></strong></span> <span class='ocrx_word' id='word_1_849' title='bbox 1289 5837 1374 5895; x_wconf 87' lang='grc'><strong><em>11.</em></strong></span> <span class='ocrx_word' id='word_1_850' title='bbox 1452 5839 1497 5874; x_wconf 65' lang='grc'>⁸⁸</span> <span class='ocrx_word' id='word_1_851' title='bbox 1538 5837 1681 5897; x_wconf 83' lang='lat' dir='ltr'><strong><em>l’sal.</em></strong></span> <span class='ocrx_word' id='word_1_852' title='bbox 1713 5855 1833 5896; x_wconf 74' lang='lat' dir='ltr'><strong><em>xm</em></strong></span> 
     </span>
    </p>
   </div>
   <div class='ocr_carea' id='block_1_118' title="bbox 1931 5834 2774 5909">
    <p class='ocr_par' dir='ltr' id='par_1_118' title="bbox 1953 5840 2774 5909">
     <span class='ocr_line' id='line_1_118' title="bbox 1953 5840 2774 5909; baseline 0.002 -13"><span class='ocrx_word' id='word_1_853' title='bbox 1953 5840 2148 5909; x_wconf 73' lang='lat'><strong><em>17,18.</em></strong></span> <span class='ocrx_word' id='word_1_854' title='bbox 2225 5845 2268 5877; x_wconf 77' lang='grc'><strong><em>⁸⁸</em></strong></span> <span class='ocrx_word' id='word_1_855' title='bbox 2308 5841 2494 5902; x_wconf 78' lang='lat' dir='ltr'><strong><em>Matth.</em></strong></span> <span class='ocrx_word' id='word_1_856' title='bbox 2529 5859 2654 5909; x_wconf 71' lang='grc' dir='ltr'>τιν,</span> <span class='ocrx_word' id='word_1_857' title='bbox 2694 5843 2774 5899; x_wconf 77' lang='lat' dir='ltr'><strong><em>l3.</em></strong></span> 
     </span>
    </p>
   </div>
  </div>
