4008 6210
521 364 629 422 883

1206 370 1471 428 EUSEBII
1510 371 1986 429 CJESARIENSIS
2024 373 2176 429 OPP.
2208 369 2389 427 PARS
2427 369 2515 427 Ill.
2555 398 2627 412 —
2664 367 3078 426 EXECI‘ZTICA.

3645 358 3757 416 88L

521 486 731 544 noster,
777 477 872 534 Dei
928 478 1188 541 Verbum.
1228 480 1323 550 qui
1380 480 1483 551 ipsi
1530 480 1701 537 Jacob
1740 480 1883 539 Deus
1926 482 2078 539 visus

2182 481 2519 552 σαν,.κάρῳ
2547 479 2640 533 καὶ
2672 476 2811 550 μέθῃ
2844 476 3024 547 ψυχῆς
3054 475 3513 548 περιενεχθέντες·
3545 471 3666 532 εἶτα
3692 476 3758 531 δὲ

517 570 690 627 fuisse
720 569 775 625 in
808 568 1092 642 Scriptura
1113 571 1285 627 fertur
1314 591 1329 626 :
1356 574 1560 644 quique
1582 573 1847 645 judicium
1880 574 1934 630 in
1965 589 2082 629 om-

517 675 614 715 nes
645 674 674 713 a
705 657 866 716 Patre
908 663 1134 731 accepit.

2185 574 2480 629 ὒπνωσαν
2512 569 2707 622 ὕπνον
2752 564 2971 631 αὐτῶν,
3014 565 3331 635 φαντασίαις
3366 564 3619 636 ματαίαις
3662 567 3761 619 ἐκ·

2186 664 2425 727 δοθέντες
2445 677 2458 691 ·
2489 660 2584 713 καὶ
2610 658 2759 723 τέλος
2796 656 3214 721 διυπνισθέντες,
3246 656 3620 729 ἐταράχθησαν
3646 656 3762 712 ἀπὸ

512 753 881 824 ἐπιτιμήσεως
900 754 996 808 τοῦ
1027 755 1161 810 Θεοῦ
1202 755 1415 812 Ἰακώϐ.
1453 750 1619 822 Οὗτος
1648 757 1705 811 δέ
1735 756 1803 833 ἦν
1831 762 1859 814 ὁ
1886 760 2151 831 ἡμέτερος
2176 759 2386 831 Σωτὴρ,
2432 757 2460 809 ὁ
2488 753 2582 810 τοῦ
2608 751 2743 806 θεοῦ
2769 752 2961 822 Λόγος,
2993 753 3022 806 ὁ
3061 751 3142 823 τῷ
3181 750 3371 805 ’Ῑακὼδ
3402 751 3761 823 ἀναγεγραμ-

515 844 677 913 μένος
708 839 886 914 ὦφθαι
914 846 1064 911 Θεὸς,
1098 848 1129 901 ὁ
1154 848 1250 920 τὴν
1278 851 1421 905 κατά
1452 851 1669 905 πάντων
1694 853 1873 925 κρίσιν
1901 851 2165 925 παρά.τοῦ
2198 850 2411 922 Πατρὸς
2441 845 2883 937 ἀναδεδεγμένοςο

479 965 489 1005 l
588 957 754 1017 Vens.
774 962 826 1017 8.
845 961 924 1016 Tu
938 963 1189 1019 terribilis
1206 981 1283 1029 cs,
1297 974 1348 1019 et
1363 967 1477 1036 quis
1494 968 1697 1023 resistet
1720 967 1814 1023 tibi
1832 972 1935 1024 ilex
1958 977 2078 1022 tunc

517 1053 603 1106 ira
629 1062 740 1107 tua.
778 1051 851 1109 lis
873 1056 966 1125 qui
994 1056 1193 1113 divinae
1213 1057 1349 1113 lucis
1382 1060 1565 1116 radios
1587 1060 1835 1131 excipere
1862 1060 2076 1125 nolunt,

515 1142 780 1198 terribilis
814 1158 939 1198 esse
970 1144 1193 1200 dicitur.
1230 1145 1572 1219 Quapropter
1602 1148 1683 1204 sie
1714 1150 1968 1220 superius
1996 1151 2074 1220 ip-

514 1249 638 1289 sum
671 1232 840 1289 Deum
863 1235 1263 1304 alloquebatur,
1296 1235 1579 1293 llluminas
1620 1248 1676 1293 tu
1709 1240 2024 1295 mirabiliter
2046 1258 2078 1295 a

514 1324 778 1379 montibus
796 1326 1041 1390 wternis;
1080 1342 1229 1383 nunc
1259 1336 1441 1385 autem
1475 1330 1650 1387 eidem
1699 1331 1777 1386 ait
1810 1351 1823 1387 :
1859 1331 1937 1386 Tu
1975 1341 2082 1386 ter-

515 1416 689 1470 ribilis
712 1432 789 1481 es,
813 1426 861 1471 et
890 1418 1009 1487 quis
1047 1420 1251 1474 resistet
1284 1419 1417 1477 tibi?
1449 1418 1569 1491 Ipse
1613 1422 1798 1493 itaque
1828 1431 1897 1479 et
1943 1423 2081 1479 lucis

514 1510 768 1582 largitor,
803 1519 859 1567 et
880 1511 1144 1568 terribilis
1174 1522 1300 1581 est;
1328 1514 1398 1570 iis
1416 1515 1625 1571 scilicet
1654 1516 1753 1586 qui
1773 1515 1830 1571 in
1859 1516 2081 1577 dextera

514 1608 667 1666 sunt,
708 1600 849 1657 lucis
881 1601 1328 1672 administrator;
1373 1605 1444 1661 iis
1476 1605 1573 1677 qui
1604 1604 1663 1661 in
1692 1590 1938 1667 sinistra.
1972 1613 2085 1662 ter-

514 1689 714 1756 ribilis,
735 1691 935 1762 quibus
962 1693 1122 1747 etiam
1144 1692 1288 1751 dicet
1308 1708 1322 1745 :
1342 1693 1496 1749 Abite
1515 1695 1569 1749 in
1590 1696 1760 1766 ignem
1807 1705 2079 1763 cateruam,

2254 965 2339 1019 Σὺ
2366 962 2614 1034 φοϐερὸς
2649 957 2725 1027 εἴ,
2757 959 2854 1015 καί
2890 961 2981 1025 τίς
3019 957 3444 1028 ἀντιστήσεται
3463 973 3600 1019 σου
3636 955 3760 1011 ἀπὸ

2181 1056 2314 1109 τότε
2336 1056 2374 1123 ή
2405 1054 2548 1125 ὀργή
2582 1071 2719 1109 σου.
2750 1049 2876 1116 Τοῖς
2906 1050 2980 1122 μὴ
3015 1049 3314 1121 βουληθεῖσι
3343 1046 3445 1100 τοῦ.
3472 1046 3617 1101 θείου
3638 1057 3759 1116 φοι-ι

2180 1147 2273 1211 τὸς
2299 1146 2399 1210 τάς
2427 1145 2599 1215 αὐγάς
2638 1141 3043 1217 παραδέξασθαι
3071 1140 3299 1212 φοϐερὸς
3330 1134 3469 1193 εἶναι
3514 1137 3756 1206 λέγεται.

2182 1238 2273 1291 Διὸ
2295 1237 2549 1309 ἀνωτέρω
2592 1237 2691 1309 μὲν
2730 1233 2879 1305 αὐτῷ
2906 1231 3241 1305 προσεφώνει
3282 1230 3361 1301 τῷ
3389 1230 3509 1301 Θεῷ
3538 1231 3725 1296 λέγων
3744 1248 3755 1254 ί

2178 1328 2444 1394 Φωτίζεις
2474 1328 2554 1384 σὺ
2583 1325 2939 1399 θαυμαστῶς
2968 1324 3087 1380 ἀπὸ
3130 1325 3314 1392 ὀρέων
3330 1324 3581 1376 αἰωνίων
3596 1339 3610 1351 ·
3634 1324 3758 1378 νυνὶ

2176 1421 2237 1479 δέ
2264 1420 2349 1493 τῷ,
2376 1420 2545 1491 αὐτῷ,
2575 1421 2659 1477 Σὺ
2682 1419 2931 1489 φοϐερὸς
2954 1417 3029 1482 εἰ,
3060 1416 3158 1471 καί
3192 1416 3285 1481 τίς
3327 1415 3754 1484 ἀντιστήσεται

2179 1519 2315 1576 σὸι;
2342 1510 2549 1565 Οὐκοῦν
2576 1512 2604 1564 ὁ
2635 1510 2796 1574 αὐτὸς
2837 1509 2931 1562 καὶ
2962 1507 3138 1578 φωτὸς
3171 1506 3431 1579 πάροχος,
3463 1508 3553 1560 καὶ
3586 1505 3748 1577 φοϐε-

2183 1601 2276 1675 ρὸς
2307 1602 2563 1672 τυγχάνει
2586 1618 2601 1633 ⁸
2635 1603 2746 1665 τοῖς
2794 1599 2893 1672 μὲν
2917 1598 3108 1663 δεξιοῖς
3143 1596 3319 1667 φωτὸς
3355 1598 3601 1669 χορηγὸς,
3631 1599 3749 1661 τοῖς

2184 1692 2241 1747 δὲ
2266 1693 2573 1765 ἀριστεροῖς
2600 1691 2850 1763 φοϐερὸς,
2871 1685 2953 1754 οἷς
2976 1689 3041 1760 δὴ
3070 1688 3163 1742 καί⁸
3199 1689 3361 1759 φήσει
3377 1705 3389 1718 ·
3417 1690 3754 1756 Πορεύεσθε

513 1793 762 1850 paratum
793 1782 1003 1839 diabolo
1022 1800 1071 1840 et
1100 1785 1301 1857 angelis
1323 1786 1434 1856 ejus
1452 1787 1519 1842 ⁸⁸.
1543 1786 1747 1847 Deinde
1767 1788 1973 1855 subdit,
1998 1788 2078 1844 Ex

2180 1784 2267 1848 εὶς
2297 1782 2364 1836 τὸ
2411 1782 2531 1851 πῦρ
2571 1781 2637 1837 τὸ
2666 1781 2906 1835 αἰώνιον
2933 1778 3001 1833 τὸ
3043 1779 3484 1849 ἡτοιμασμένον
3516 1777 3599 1845 τῷ
3627 1779 3758 1832 δια,

517 1886 640 1928 tnnc
675 1876 756 1929 ira
803 1886 916 1932 tua.
949 1876 1029 1932 Ex
1077 1886 1227 1944 tunc,
1259 1892 1291 1932 a
1332 1893 1568 1949 quonam
1617 1887 1880 1950 tempore,
1912 1881 2020 1937 nisi
2048 1895 2078 1934 a

516 1979 625 2035 quo
648 1963 1077 2022 dormitarerunt
1102 1966 1197 2036 qui
1243 1966 1609 2023 ascenderunt
1637 1984 1828 2039 equos,
1859 1976 1914 2024 et
1953 1967 2083 2024 dor-

517 2056 757 2112 mierunt
789 2071 1049 2111 somnum
1077 2073 1238 2113 suum
1286 2058 1608 2129 insipientes
1654 2060 1869 2116 corde?
1910 2059 1988 2115 Ex
2016 2075 2082 2116 eo

518 2162 757 2217 namque
804 2156 1049 2218 tempore
1093 2149 1206 2204 sibi
1238 2150 1375 2221 ipsis
1402 2151 1913 2207 thesaurizaverunt
1944 2151 2080 2206 iram

517 2240 572 2295 in
604 2240 693 2297 die
728 2239 850 2307 irae;
879 2241 953 2295 ita
991 2250 1050 2296 ιιι
1078 2242 1212 2313 ipsis
1255 2243 1510 2299 dicatur:
1545 2242 1630 2298 Ite
1658 2242 1726 2296 ad
1751 2244 2082 2314 lumenignis

513 2330 696 2396 rcstri,
724 2342 774 2388 et
814 2330 883 2386 ad
919 2332 1193 2401 ﬂammam
1224 2350 1381 2405 quam
1417 2333 1729 2390 accendistis
1757 2335 1822 2389 ⁸⁷.
1872 2332 2083 2405 Singuli

514 2441 751 2498 namque
764 2441 875 2497 quo
889 2436 1131 2498 tempore
1148 2434 1397 2498 peccant,
1413 2440 1555 2482 exeo
1573 2428 1707 2481 iram
1730 2426 1833 2482 sibi
1861 2426 2084 2482 ιιιεειιιιε-

516 2517 691 2572 τίιιιιιι
706 2516 1001 2587 :siquidcm
1018 2532 1114 2589 per
1127 2519 1262 2573 iram
1280 2518 1599 2589 intelligitur
1616 2518 1937 2588 supplicium
1957 2532 2086 2588 pec-

512 2611 764 2667 cautibus
777 2610 1135 2667 reconditum.
1153 2609 1357 2666 Deinde
1382 2625 1510 2667 vero
1526 2609 1727 2665 dicitur
1745 2624 1758 2660 ε
1773 2606 1991 2663 -νειιε
2024 2605 2077 2661 9.

519 2699 592 2756 De
603 2703 731 2757 creto
752 2700 993 2755 auditum
1010 2700 1182 2771 fecisti
1195 2700 1480 2770 judicium.
1499 2699 1825 2755 Accuratius
1845 2696 2085 2753 animad-

512 2801 720 2857 vertas,
753 2808 860 2848 non
884 2793 1090 2848 dictum
1128 2791 1322 2859 fuisse,
1353 2792 1556 2861 fecisti,
1591 2790 1708 2855 sed,
1735 2789 1974 2844 auditum
2001 2789 2083 2860 fe-

513 2884 654 2938 cisti.
690 2884 990 2954 Antequam
1020 2884 1164 2939 enim
1192 2882 1387 2952 judicii
1416 2891 1631 2952 tempus
1656 2881 1869 2936 eveniat
1896 2882 1962 2936 iis
1987 2880 2081 2951 qui

512 2984 642 3032 autc
674 2974 943 3045 judicium
975 2974 1261 3030 mortalem
1294 2974 1458 3028 vitam
1501 2973 1707 3037 obiere,
1736 2987 1831 3043 per
1866 2972 2081 3029 divinas

2183 1874 2338 1941 δόλῳ
2364 1872 2462 1927 καὶ
2488 1872 2611 1939 τοῖς
2646 1871 2921 1942 ἀγγέλοις
2943 1870 3164 1926 αὑτοῦ.⁴
3184 1867 3297 1925 Εἴθ’
3325 1867 3449 1941 ἐξῆς
3477 1870 3755 1941 ἐπιφέρειο

2194 1966 2336 2021 Ἀπὸ
2377 1966 2507 2020 τότε
2544 1965 2583 2034 ἡ
2623 1962 2768 2035 ὀργή
2811 1979 2953 2019 σου.
2995 1962 3127 2018 Ἀπὸ
3158 1962 3278 2015 τότε
3321 1962 3409 2026 δὲ,
3443 1961 3598 2024 πότε,
3635 1961 3761 2015 ἀλλ’

2181 2058 2216 2130 ἢ
2249 2058 2338 2128 ἀφ’
2388 2052 2448 2112 οὗ
2484 2056 2779 2125 ἐνύσταξαν
2828 2058 2878 2111 οἱ
2927 2054 3311 2125 ἐπιϐεϐηκότες
3352 2054 3479 2118 τοὺς
3528 2055 3763 2119 ἵππους,

2182 2151 2277 2207 καὶ
2318 2150 2572 2204 ὖπνωσαν
2615 2148 2780 2203 ὕπνον
2826 2147 3004 2203 αὐτῶν
3035 2148 3093 2201 oi.
3127 2145 3381 2200 ἀσύνετοι
3406 2148 3475 2217 τῇ
3514 2146 3756 2218 καρδίας

2195 2243 2283 2311 Ἐξ
2309 2243 2514 2298 ἐκείνου
2547 2242 2656 2316 γὰρ
2683 2243 2835 2296 αὐτοὶ
2876 2242 3087 2305 ἑαυτοῖς
3121 2239 3480 2311 ἐθησαύρισαν
3501 2240 3673 2311 ὀργὴν
3702 2243 3761 2296 ἐν

2182 2335 2367 2408 ἡμέρᾳ
2392 2335 2589 2407 ὀργῆς
2625 2335 2699 2398 ὡς
2719 2332 2969 2402 λέγεσθαι
3006 2331 3141 2405 πρὸς
3167 2331 3386 2395 αὐτούς·
3417 2332 3763 2399 Πορεύεσθε

2181 2426 2262 2493 τῷ
2306 2426 2452 2496 φωτὶ
2506 2425 2612 2482 τοῦ
2655 2424 2843 2495 πυρὸς
2868 2422 3053 2494 ὑμῶν,
3088 2422 3185 2477 καί
3217 2422 3289 2492 τῇ
3333 2424 3512 2492 φλογί
3546 2417 3589 2494 ᾗ
3645 2424 3764 2491 ἐξ-

2180 2519 2494 2574 εκαύσατε.
2531 2518 2796 2581 Ἕκαστος
2821 2516 2931 2589 γάρ
2966 2515 3087 2569 καθ’
3120 2515 3177 2568 ὃν
3211 2515 3398 2587 καιρὸν
3422 2515 3762 2589 ἁμαρτάνει,

2181 2608 2292 2663 ἀπὸ
2320 2609 2441 2663 τότε
2470 2610 2638 2681 ὀργὴν
2665 2607 2842 2679 ἐαυτῷ
2874 2606 3219 2679 θησαυρίζεν
3261 2607 3429 2679 ὀργῆς
3455 2610 3764 2681 νοουμένης

2180 2703 2279 2772 τῆς
2296 2701 2410 2764 τοῖς
2428 2699 2805 2772 πλημμελοῦσι
2826 2715 3079 2770 τεταμιευ
3087 2697 3253 2770 μένης
3275 2697 3559 2769 τιμωρίας.
3592 2700 3762 2771 Ἑξῆς

2180 2790 2237 2845 δὲ
2282 2792 2535 2864 εἴρηταιι
2572 2792 2674 2844 Ἐκ
2714 2786 2821 2843 τοῦ
2854 2786 3114 2858 οὐρανοῦ
3157 2788 3483 2856 ἠκούτισας
3523 2789 3761 2858 κρίσιν.

2181 2882 2425 2954 Πρόσχες
2452 2881 2510 2935 δέ
2559 2880 2853 2953 ἐπιμελῶς,
2895 2879 2971 2944 ὡς
3006 2879 3105 2933 οὐκ
3154 2880 3385 2952 εἴρηται,
3430 2879 3760 2947 ἐποίησας,

2181 2972 2299 3028 ἀλλ’
2323 2973 2671 3041 τὶκούτισας.
2700 2970 2835 3043 Πρὶν
2858 2968 2965 3041 γὰρ
2992 2967 3243 3039 ἐπιϐῆναι
3274 2968 3365 3021 τὸν
3396 2968 3494 3039 τῆς
3516 2968 3760 3040 κρίσεως

513 3064 807 3131 lectiones,
831 3078 1120 3120 sermones
1153 3062 1222 3119 de
1249 3062 1438 3120 divino
1463 3061 1675 3134 judicio
1707 3063 1855 3133 ipsos
1890 3061 2078 3119 audire

2184 3065 2371 3138 καιρὸν
2390 3068 2501 3130 τοῖς
2522 3064 2627 3137 πρὸ
2639 3063 2740 3135 τῆς
2761 3062 2993 3134 κρίσεως
3007 3061 3098 3115 τὸν
3116 3060 3303 3132 θνητὸν
3327 3059 3438 3131 βίον
3452 3059 3669 3114 διανύου
3677 3078 3760 3127 σι,

514 3150 667 3208 fecit.
700 3149 809 3206 Sed
832 3165 977 3207 nunc
1008 3149 1228 3223 quidem
1266 3133 1508 3207 futurum
1533 3150 1802 3222 judicium
1835 3151 1903 3208 de
1938 3152 2078 3209 cmlo

2179 3133 2305 3222 τοὺς
2325 3157 2455 3229 περὶ
2606 3133 2836 3227 κρίσεως
2855 3152 3045 3221 λόγους
3066 3149 3397 3221 ἀκουσθῆναι
3422 3152 3644 3223 ἐποίησε
3662 3150 3759 3207 διὰ

513 3244 763 3299 auditum
804 3242 935 3299 fecit
967 3262 983 3299 :
1026 3242 1449 3314 superveniente
1487 3252 1670 3299 autem
1714 3244 1852 3315 justi
1886 3243 2080 3314 judicii

512 3332 609 3390 Dei
635 3344 875 3406 tempore
892 3332 1079 3407 (Vens.
1100 3335 1211 3408 10),
1250 3345 1412 3401 terra,
1436 3335 1632 3407 inquit,
1653 3336 1865 3393 tremuit
1877 3345 1926 3391 et
1943 3337 2084 3407 quie-

511 3428 609 3490 vit.
636 3443 753 3482 cum
784 3436 1082 3500 ersnrgeret
1127 3427 1182 3482 in
1212 3428 1476 3499 judicium
1511 3426 1671 3493 Deus,
1704 3437 1763 3482 ut
1799 3427 1972 3487 salvas
2003 3428 2083 3499 fa.-

513 3528 647 3574 cerct
662 3533 839 3574 omnes
867 3519 1567 3591 ηιαηειιειοελεννιεᾼρειυιθ
1587 3527 1770 3575 autem
1793 3519 1878 3577 bis
1898 3520 2081 3576 decla-

515 3618 759 3681 rat,qtt:c
786 3610 859 3668 sit
889 3610 1082 3681 judicii
1107 3626 1310 3679 causa;
1344 3611 1423 3667 uti
1445 3611 1661 3669 scilicet
1677 3613 1858 3668 salvos
1878 3610 2081 3669 laceret

511 3712 826 3759 mansuetos
843 3714 1019 3760 terrae.
1033 3702 1171 3759 Nam
1183 3705 1251 3761 de
1272 3704 1458 3779 impiis
1476 3705 1682 3761 dictum
1697 3714 1813 3762 est:
1844 3703 1968 3762 Non
1997 3723 2080 3762 rc-

510 3803 724 3862 surgent
747 3793 894 3861 impii
919 3792 973 3846 in
994 3792 1224 3863 judicio,
1264 3809 1426 3865 neque
1445 3806 1744 3865 peccatores
1779 3796 1835 3850 in
1859 3797 2079 3853 concilia

503 3887 795 3957 justornm.
827 3882 1091 3949 Quoniam
1111 3884 1250 3938 nouit
1278 3884 1533 3942 Dominus
1557 3888 1693 3941 viam
1710 3887 2001 3957 iustorum,
2029 3896 2080 3945 et

511 3969 614 4022 iter
646 3969 927 4040 impiorum
953 3972 1143 4041 peribit
1170 3974 1236 4028 ⁸³.
1255 3973 1391 4031 Cum
1411 3978 1919 4049 surrexeritjtaque
1935 3978 2078 4037 Deus

512 4058 570 4117 in
611 4059 916 4131 judicium,
964 4071 1025 4118 ut
1081 4065 1269 4121 salvos
1311 4065 1473 4121 faciat
1526 4083 1717 4125 omnes
1763 4081 2079 4126 mansuetos

509 4158 691 4220 terrm,
724 4160 875 4212 terra
900 4162 1097 4211 tremet.
1126 4168 1177 4213 et
1208 4156 1478 4228 quiescet.
1502 4155 1636 4212 Nam
1670 4162 1941 4215 mansueti
1966 4163 2083 4232 qui-

508 4245 632 4301 dem
666 4247 895 4304 salutem
928 4247 1291 4318 obtinebunt;
1323 4250 1415 4307 alii
1463 4259 1668 4316 autem,
1716 4252 1811 4307 irae
1859 4254 2079 4313 traden-

508 4346 619 4396 tur.
652 4337 892 4411 Reliqua.
917 4356 1045 4397 vero
1078 4349 1247 4411 terra,
1275 4350 1330 4398 et
1360 4342 1457 4414 qui
1490 4342 1669 4400 medio
1703 4344 1758 4399 in
1788 4352 1936 4400 statu
1964 4360 2079 4401 ver-

508 4440 723 4497 santur,
748 4440 1032 4504 assumpto
1065 4432 1165 4490 Dei
1181 4435 1377 4492 timore
1414 4449 1445 4489 a
1477 4436 1890 4505 perturbatione
1921 4438 2077 4509 quie-

506 4531 761 4581 scent.-—-
797 4523 968 4581 Vens.
1004 4525 1093 4580 11.
1114 4525 1377 4593 Quoniam
1421 4528 1670 4598 cogitatio
1698 4528 1925 4584 hominis
1954 4546 2079 4584 con-

507 4614 743 4681 ﬁtebitur
785 4615 901 4680 tibi,
947 4626 997 4672 et
1036 4617 1273 4687 reliquie
1318 4619 1656 4689 cogitationis
1697 4618 1837 4674 diem
1881 4620 2073 4691 festum

508 4711 663 4772 agent
704 4702 819 4758 tibi.
850 4703 918 4761 Et
948 4705 1054 4761 hoc
1096 4706 1174 4761 ait
1204 4706 1446 4763 futurum
1485 4723 1610 4765 esse
1649 4724 1775 4766 cum
1815 4719 2074 4783 exsurget

509 4789 850 4859 injudicium
885 4793 1050 4863 Deus,
1085 4806 1144 4854 ut
1189 4798 1371 4855 salvos
1397 4797 1562 4854 faciat
1589 4814 1780 4857 omnes
1814 4816 2073 4858 mansue-

508 4888 596 4936 tos
612 4890 770 4938 ternae
793 4887 963 4957 ;qnid
994 4888 1143 4944 aliud
1169 4889 1224 4943 id
1246 4889 1435 4956 luerit,
1460 4906 1625 4962 quam
1654 4892 1801 4963 quod
1823 4895 2075 4965 cogitatio.

506 4972 735 5031 hominis
766 4979 1097 5048 conﬁtebitur
1120 4981 1260 5038 tibi?
1288 4982 1479 5042 Omnis
1507 4984 1708 5055 quippe
1730 4984 1933 5056 lingua,
1957 5001 2075 5042 om-

508 5065 596 5121 nis
612 5064 888 5131 hominum
908 5071 1166 5141 cogitatio
1195 5073 1503 5144 mentisque
1528 5076 1806 5145 perceptio
1831 5084 2079 5146 tempore

501 5156 694 5228 judicii
721 5158 1069 5217 conﬁtebitur
1106 5161 1238 5228 Deo,
1271 5165 1492 5236 quando
1540 5166 1755 5221 occulta
1792 5166 2073 5222 hominum

505 5249 914 5307 revelabuntur.
948 5250 1019 5309 Et
1062 5255 1317 5324 reliqniw,
1348 5256 1543 5326 inquit,
1574 5258 1905 5330 cogitationis
1934 5258 2073 5314 diem

507 5338 700 5411 festum
734 5352 888 5413 agent
925 5343 1043 5399 tibi.
1080 5343 1220 5411 Quid
1250 5361 1416 5416 porro
1445 5346 1611 5403 fuerit
1648 5348 1805 5414 illud,
1835 5350 2072 5420 reliquit:

508 5431 869 5502 cogitationis,
902 5434 1011 5491 nisi
1059 5435 1407 5492 ratiocinium
1452 5439 1598 5493 omni
1655 5455 1821 5511 prava
1863 5442 2074 5511 cogita-

508 5523 653 5579 tione
686 5527 1009 5596 purgatum?
1045 5526 1224 5584 simile
1254 5528 1323 5585 iis
1360 5527 1427 5585 de
1457 5530 1657 5600 quibus
1701 5532 1905 5587 dictum
1939 5539 2024 5587 est
2056 5551 2076 5589 ε,

508 5607 761 5680 Reliquiae
803 5616 1086 5671 secundum
1114 5618 1414 5676 electionem
1445 5621 1633 5690 gratim
1664 5622 1820 5693 facta:
1853 5633 1971 5679 sunt
2003 5623 2067 5680 ⁸³.

581 5765 625 5798 “
665 5765 852 5825 Matth.
890 5788 1018 5841 xxv,
1058 5773 1145 5829 ll.

1222 5774 1397 5833 “’lsa.
1429 5792 1490 5837 ι.
1532 5776 1611 5831 ll.
1692 5779 1733 5809 οε
1765 5775 1910 5833 Psal.
1950 5793 2009 5837 ιι
2041 5779 2164 5837 5.6.

2176 3250 2285 3305 τῶν
2295 3249 2453 3304 θείων
2466 3248 2924 3319 ἀναγνωσμάτων.
2941 3242 3101 3296 Ἀλλά
3112 3240 3206 3296 νῦν
3224 3241 3323 3313 μὲν
3336 3243 3402 3296 ἐκ
3414 3242 3507 3296 τοῦ
3520 3242 3761 3314 οὐρανοῦ

2177 3341 2446 3411 ἀκουστὴν
2478 3338 2700 3408 ἐποίησε
2737 3337 2836 3408 τὴν
2861 3333 3157 3407 μέλλουσαν
3195 3331 3404 3404 κρίσιν’
3429 3331 3756 3398 ἐπιστάντος

2176 3431 2233 3485 δὲ
2263 3429 2356 3484 τοῦ
2387 3427 2578 3501 καιροῦ
2611 3428 2710 3499 τῆς
2741 3425 2836 3480 τοῦ
2879 3422 3013 3479 Θεοῦ
3053 3421 3468 3493 δικαιοκρισίας,
3498 3422 3611 3491 Γῆ,
3644 3440 3758 3496 φη..

2178 3523 2285 3589 civ,
2311 3522 2574 3592 ἐφοϐήθη
2610 3519 2707 3573 καὶ
2739 3519 3058 3586 ἡσύχασεν
3084 3516 3153 3569 ἐν
3181 3513 3261 3579 τῷ
3302 3513 3636 3583 ἀναστῆναι
3661 3517 3756 3580 εις

2176 3615 2379 3685 κρίσιν
2402 3614 2509 3685 τρν
2548 3612 2716 3677 Θεὸν,
2760 3610 2867 3664 τοῦ
2899 3606 3093 3662 σῶσαι
3122 3604 3350 3672 πάντας
3373 3605 3511 3671 τοὺς
3540 3605 3753 3673 πραεῖς

2177 3705 2287 3774 τῆς
2315 3704 2458 3780 τῆς,
2478 3704 2671 3773 Σαφῶς
2703 3702 2761 3755 δὲ
2786 3701 3081 3773 παρίστησι
3114 3697 3202 3752 διὰ
3231 3696 3432 3750 τούτων
3456 3699 3483 3749 ὁ
3501 3695 3654 3763 λόγος
3681 3695 3749 3748 τὸ

2177 3797 2347 3853 αἴτιον
2376 3799 2475 3868 τῆς
2503 3794 2735 3869 κρίσεως
2751 3811 2765 3825 ·
2792 3793 2930 3863 ὑπὲρ
2956 3791 3064 3862 γάρ
3090 3787 3182 3842 τοῦ
3213 3786 3384 3841 σῶσαι
3405 3785 3521 3850 τοὺς
3544 3788 3749 3856 πραεῖς

2177 3888 2277 3961 τῆς
2302 3891 2424 3960 γῆς.
2455 3887 2594 3959 Περὶ
2637 3884 2746 3956 γὰρ
2768 3883 2877 3937 τῶν
2914 3879 3123 3935 ἀσεϐῶν
3158 3880 3405 3952 εἴρηταιο
3445 3878 3565 3930 Οὐκ
3602 3876 3728 3930 ἀνα

2178 3977 2510 4047 στήσονται
2537 3974 2774 4042 ἀσεϐεῖς
2801 3973 2870 4026 ἐν
2896 3970 3109 4040 κρίσει,
3147 3967 3289 4024 οὐδὲ
3321 3964 3653 4038 ἁμαρτωλοὶ
3681 3964 3743 4020 ἐι

2173 4066 2375 4136 ,βουλῇ
2392 4066 2652 4121 δικαίων·
2667 4063 2755 4120 ὅτι
2782 4062 3055 4134 γινώσκει
3075 4066 3289 4134 Κύριος
3312 4058 3457 4115 ὁδὸν
3480 4056 3755 4122 δικαίων,

2178 4160 2274 4215 καί
2293 4159 2433 4224 ὁδὸς
2455 4156 2691 4213 ἀσεϐῶν
2723 4156 3047 4213 ἀπολεῖται.
3080 4154 3430 4215 ’Δναστάντος
3452 4150 3635 4203 τοίνυν
3658 4146 3752 4202 τοῦ

2176 4252 2309 4309 Θεοῦ
2327 4255 2405 4315 είς
2428 4251 2610 4324 κρίσιν
2626 4249 2764 4323 ὑπὲρ
2777 4247 2870 4302 τοῦ
2890 4248 3058 4302 σῶσαι
3084 4247 3290 4310 πάντας
3303 4245 3429 4306 τοὺς
3444 4243 3643 4315 πραεῖς
3654 4241 3752 4312 τῆς

2176 4346 2299 4417 γῆς.
2315 4340 2766 4416 γῆδφθβηθήσεται
2788 4340 2884 4394 καὶ
2910 4339 3191 4411 ἠσυχάσει.
3224 4339 3286 4391 Οί
3311 4334 3408 4409 μὲν
3423 4334 3533 4405 γὰρ
3554 4334 3751 4405 πραεῖς

2177 4432 2463 4499 τεύξονται
2482 4432 2581 4503 τῆς
2616 4430 2905 4502 σωτηρίας,
2933 4431 2984 4483 oi
3010 4429 3149 4502 δὲτῇ
3179 4427 3315 4500 ὀργῇ
3347 4424 3751 4497 παραδοθήσον-

2104 4491 2155 4552 D
2178 4491 2304 4584 ut:
2334 4529 2368 4599 ἡ
2396 4526 2454 4579 δὲ
2482 4491 2641 4595 λοιπὴ
2663 4524 2734 4596 γῆ
2748 4491 2876 4579 ’ζωοί
2892 4491 2950 4576 ὀί
2977 4522 3075 4595 τὴν
3336 4491 3628 4588 είλῆφότεςν
3650 4533 3748 4570 κα-

2174 4620 2432 4677 τάστασιν
2460 4616 2771 4673 παύσονται,
2790 4615 2891 4686 τῆς
2915 4614 3158 4686 ταραχῆς
3183 4612 3273 4665 τὸν
3297 4609 3436 4663 θεῖον
3462 4606 3746 4678 ἀνειληφό-

2172 4731 2264 4781 τες
2297 4712 2478 4782 φόϐον.
2505 4712 2623 4764 Ὅτι
2663 4708 2944 4776 ἐνθύμιον
2964 4705 3272 4776 ἀνθρώπου
3308 4700 3743 4772 ἐξομολογήσε-

2174 4805 2271 4860 ται
2294 4820 2414 4866 σοι,
2439 4802 2535 4856 καὶ
2554 4799 2991 4871 ἐγκατάλειμμα
3015 4797 3298 4866 ἐνθυμίου
3320 4791 3597 4864 ἑορτάσει
3625 4806 3739 4845 σοι.

2175 4898 2287 4953 Καὶ
2314 4894 2472 4949 τοῦτό
2518 4910 2681 4965 φησιν
2714 4890 2931 4949 ἔσεσθαι
2969 4892 3028 4945 ἐν
3068 4887 3147 4959 τῷ
3178 4887 3471 4957 ἀναστῆναι
3496 4884 3592 4937 τὸν
3615 4882 3743 4937 Θεέι

2175 4990 2254 5052 είς
2276 4988 2476 5058 κρίσιν,
2496 4984 2590 5038 τοῦ
2618 4984 2786 5039 σῶσαι
2810 4982 3013 5046 πάντας
3032 4982 3157 5045 τοὺς
3184 4976 3502 5055 πραείςρῆς
3534 4976 3657 5047 γῆς.
3678 4970 3741 5027 Τί

2174 5079 2232 5134 δὲ
2283 5078 2441 5133 τοῦτο
2479 5076 2536 5148 ἦ,
2579 5076 2857 5146 ἐνθύμιον
2889 5072 3199 5143 ἀνθρώπου
3242 5063 3740 5140 ἐξομολογήσαιιί

2177 5186 2309 5235 σοι;
2335 5168 2491 5224 Πᾶσα
2520 5167 2629 5239 γὰρ
2655 5166 2875 5237 γλῶσσα
2905 5166 2997 5221 καὶ
3021 5166 3128 5229 πᾶς
3170 5162 3427 5234 λογισμὸς
3452 5160 3549 5215 καὶ
3588 5158 3743 5213 ἐνθύ-

2180 5278 2343 5334 μησις
2372 5257 2672 5333 ἀνθρώπων
2717 5257 3162 5329 ἐξομολογήσεται
3202 5252 3280 5323 τῷ
3319 5250 3438 5321 Θεῷ
3477 5248 3621 5305 κατά
3654 5246 3743 5300 τὸν

2174 5352 2274 5423 τῆς
2299 5349 2532 5421 κρίσεως
2570 5346 2780 5419 καιρὸν,
2823 5348 2912 5401 ὅτε
2938 5346 3006 5400 τά
3042 5341 3258 5417 κρυπτά
3295 5342 3403 5394 τῶν
3444 5338 3749 5411 ἀνθρώπων

2174 5440 2383 5515 φανερὰ
2404 5440 2707 5511 γενήσεται.
2737 5438 2845 5493 Kal
2875 5435 3309 5510 ἐγκατάλειμμα
3332 5433 3411 5499 δὲ,
3438 5432 3625 5502 φησὶν,
3647 5431 3744 5483 er:

2172 5535 2384 5604 θυμίου
2405 5532 2673 5603 ἑορτάσει
2698 5547 2817 5586 σοι.
2848 5532 2912 5585 Τί
2927 5530 2970 5584 δ’
2994 5528 3059 5583 ἂν
3083 5528 3291 5599 γένοιτο
3309 5523 3747 5595 ἐγκατάλειμμα

2171 5624 2454 5693 ἐνθυμίου
2492 5622 2525 5694 ἥ
2556 5623 2585 5675 ὁ
2613 5621 3017 5693 κεκαθαρμένος
3043 5619 3148 5674 ἀπὸ
3172 5618 3348 5690 πάσης
3378 5616 3617 5688 πονηρᾶς
3648 5615 3745 5667 ἐν-

2242 5779 2284 5807 ⁶⁹
2308 5775 2463 5837 Rom.
2504 5791 2589 5834 ιι.
2624 5777 2681 5832 5.
