4008 6210
3634 338 3748 395 888

499 448 861 521 pharmacum
905 451 975 506 ad
1001 451 1247 508 levamen
1279 454 1457 510 morbi
1492 469 1637 526 aegro
1665 454 1844 510 ofl'ert.
1886 452 1948 510 In
1977 472 2062 512 su-

2177 473 2293 528 ριον
2321 455 2609 528 φάρμακον
2641 455 2734 509 ἐπὶ
2761 454 2821 508 τὸ
2859 451 3162 525 χρήσασθαι
3205 452 3384 524 αὒτῷο
3399 452 3491 506 καὶ
3522 451 3748 519 ὠφελεῖ-

498 543 808 615 perioribus
833 556 1012 600 autem
1045 561 1145 616 pro
1167 547 1356 603 eodem
1394 549 1514 604 viro
1543 550 1660 620 ipse
1704 550 1870 606 David
1917 551 2062 608 mod<

2183 545 2306 599 σθαι
2339 545 2428 599 τὸν
2458 544 2890 617 θεραπευόμενον
2909 561 2922 575 ο
2962 543 3020 596 ὲν
3055 543 3109 596 δὲ
3144 545 3256 606 τοῖς
3281 540 3584 612 ἔμπροσθεν
3605 541 3752 612 ὑπὲρ

498 631 791 703 psalmum.
823 634 990 690 modo
1009 636 1282 692 canticum
1314 639 1554 704 scripsit.
1585 639 1766 706 Quare
1789 642 1840 696 in
1868 643 2062 712 psalmt‘

2177 635 2270 690 τοῦ
2297 635 2462 690 αὑτοῦ
2508 635 2699 708 ἀνδρὸς
2741 636 2771 689 6
2807 633 2967 688 Δαυῒδ
3008 635 3138 687 ποτὲ
3185 633 3283 704 μὲν
3311 632 3472 704 ᾠδὴν,
3511 632 3643 686 ποτὲ
3687 632 3755 685 δὲ

496 738 706 777 xxxvm
755 724 836 781 sic
862 724 1028 782 habet
1049 727 1334 800 inscriptio
1365 747 1383 788 :
1416 728 1476 784 1η
1505 731 1662 800 ﬁnem
1690 748 1785 801 pro
1816 731 2062 793 lidithum1

2177 727 2388 800 ψαλμὸν
2412 727 2641 801 ἔγραφε.
2667 726 2758 781 Διὸ
2782 728 2843 780 ὲν-
2865 726 2965 798 μὲν
2995 723 3074 798 τῷ
3097 725 3176 798 λη’
3197 725 3399 796 ψαλμῷ
3441 725 3752 794 ἐπεγέγρα-

496 815 767 870 canticum
796 816 899 887 ipsi
926 817 1118 874 David.
1145 819 1301 887 Quod
1330 822 1414 876 vir
1440 823 1542 879 iste
1572 822 1757 879 Davidi
1781 831 1836 879 et
1857 825 2062 896 Asapht

2177 838 2299 886 πτο,
2316 823 2422 887 Εἰς
2447 819 2512 874 τὸ
2533 819 2708 887 τέλος
2727 818 2878 888 ὑπὲρ
2893 817 3157 888 ἰδιθοὺμ,
3181 815 3303 886 ᾠδὴ
3320 813 3398 882 τῷ
3411 815 3608 870 Δαυΐδ.
3626 817 3762 870 Ὀτι-

466 905 728 992 x:Pqualis
789 904 984 976 fuerit,
1032 921 1221 966 narrat
1279 909 1566 983 Scriptura
1621 913 2062 987 Paralipomenon

2173 915 2231 968 δὲ
2257 917 2286 968 6
2312 913 2450 986 ἀνὴρ
2475 906 2629 977 οὗτος
2680 911 3028 984 συγχρονίσαι
3071 910 3288 980 λέγεται
3321 910 3398 981 τῷ
3442 908 3604 963 Δαυῖδ
3655 909 3754 963 καὶ

506 330 623 406 887
1184 337 1454 398 EUSEBII
1494 337 1980 396 CESARIENSIS
2017 339 2169 396 OPP.
2203 341 2382 396 PARS
2419 337 3022 396 [IL—EXEGETICA.

461 989 577 1070 Znti
633 997 890 1068 superius
939 1002 1518 1059 commonstravimus.
1572 1003 1811 1076 Mihique
1857 1005 2076 1060 videtur

499 1085 741 1142 ldithum
792 1088 1037 1145 doctrina
1093 1092 1162 1148 de
1209 1091 1560 1149 Providentia;
1603 1111 1741 1166 opus
1791 1097 2072 1160 habuisse.

501 1179 630 1250 quia
658 1193 726 1235 ex
758 1177 1070 1237 hominibus
1101 1183 1300 1240 multos
1325 1185 1531 1241 videret
1561 1186 1777 1259 impios,
1807 1189 2076 1260 superbos

498 1277 556 1324 et
583 1276 928 1340 arrogantes,
959 1271 1165 1329 divitiis
1193 1281 1247 1330 et
1290 1276 1469 1347 ampla
1500 1293 1559 1333 re
1611 1277 1864 1335 familiari
1910 1282 2074 1336 luxu-

493 1363 737 1434 riantes;
774 1383 838 1422 ac
879 1368 996 1424 vice
1037 1385 1194 1425 versa
1226 1369 1410 1441 justos
1445 1371 1691 1442 abiectos
1708 1382 1762 1429 et
1793 1374 1864 1430 ab
1887 1375 2073 1446 impiis

2171 1005 2249 1077 τῷ
2283 1004 2468 1074 Ἀσάφ,
2493 1005 2528 1076 ἡ
2567 1003 2676 1058 τῶν
2697 1002 3190 1076 Παραλειπομένων
3217 1003 3510 1076 παρίστησι
3531 1002 3754 1074 Γραφὴ,

2172 1096 2247 1160 ὡς
2277 1098 2470 1160 ἐντοῖς
2511 1095 2816 1168 ἔμπροσθεν
2852 1091 3238 1165 ἀπεδείξαμεν.
3264 1094 3373 1148 Καί
3413 1103 3502 1164 μοι
3541 1092 3692 1146 δοκεῖ
3719 1093 3755 1145 ὁ

2184 1188 2414 1259 Ἰδιθοὺμ
2457 1186 2803 1252 δώασκαλίας
2845 1185 3126 1258 δεδεῆσθαι
3172 1184 3268 1240 τοῦ
3313 1185 3440 1258 περὶ
3483 1183 3758 1257 Προνοίας

2169 1280 2349 1350 λόγου,
2374 1279 2463 1333 διὰ
2493 1279 2554 1333 τὸ
2588 1281 2826 1352 συνορᾷν·
2849 1280 2907 1332 ὲν
2935 1277 3018 1351 τῷ
3033 1277 3141 1332 τῶν
3165 1276 3448 1351 ἀνθρώπον
3480 1276 3580 1348 βίῳ
3613 1276 3754 1329 πολ·-

2168 1373 2292 1436 λοὺς
2320 1371 2509 1436 ἀθέους
2538 1373 2634 1426 καὶ
2659 1371 2876 1436 ἀσεϐεῖς
2907 1370 3300 1443 ἐπαιρομένους
3344 1369 3438 1423 καὶ
3470 1368 3747 1440 μεγαλαυ-

494 1474 810 1531 Oppressus.
850 1461 997 1519 Vero
1038 1464 1216 1522 simile
1270 1467 1438 1539 igitur
1467 1476 1552 1524 est
1604 1469 1754 1524 illum
1787 1470 1900 1526 haec
1928 1485 2062 1542 aegre

2167 1463 2480 1536 χουμένους,
2524 1462 2738 1534 πλούτῳ
2782 1480 2844 1516 τε
2879 1464 2973 1518 καὶ
3010 1461 3296 1535 περιουσίᾳ
3327 1460 3740 1532 ἐντρυφῶνταςο

494 1554 710 1619 tulisse.
745 1571 919 1627 eaque
949 1557 1017 1614 de
1050 1573 1111 1614 re
1163 1568 1277 1614 tum
1335 1559 1522 1616 Davidi
1569 1568 1684 1616 tum
1738 1562 1840 1634 ipsi
1885 1564 2062 1635 Asaph

2166 1553 2403 1619 δικαίους
2439 1554 2496 1608 δὲ
2546 1554 2780 1626 ἔμπαλιν
2813 1553 3265 1626 ταπεινουμένους
3310 1551 3405 1607 καὶ
3456 1551 3585 1623 πρὸς
3630 1551 3748 1604 τῶν

493 1646 659 1702 verba
709 1647 928 1714 fecisse,
955 1650 1138 1721 qualia
1166 1667 1234 1706 ex
1279 1653 1521 1724 antiquis
1549 1653 1639 1707 alii
1668 1654 2015 1725 proferebant
2049 1675 2062 1714 :

2165 1645 2376 1700 ἀσεϐῶν
2408 1646 2931 1718 καταπονουμένους.
2972 1644 3134 1710 Είκὺς
3165 1644 3296 1714 γοῦν
3325 1643 3485 1698 αὐτὸν
3506 1643 3597 1696 επὶ
3621 1641 3745 1696 τούς

495 1735 605 1795 Cur
622 1739 772 1809 impii
795 1757 1040 1811 prospere
1055 1752 1239 1813 agunt,
1267 1754 1314 1798 et
1343 1746 1396 1797 in
1424 1743 1622 1800 divitiis
1644 1752 2062 1807 consenuerunt?

2163 1733 2717 1803 τοιςάποδυσπετεῖν,
2744 1738 2839 1792 καὶ
2860 1737 3050 1807 λόγους
3072 1734 3224 1800 τινάς
3243 1734 3588 1807 κεκινηκέναι
3609 1732 3753 1804 πρός

495 1825 683 1884 Semen
710 1847 890 1884 eorum
922 1848 1016 1901 pro
1066 1842 1224 1887 voto:
1256 1835 1410 1900 pueri
1431 1851 1611 1890 eorum
1635 1836 1894 1910 ludentes,
1909 1856 2062 1895 assu-

2163 1850 2221 1887 τε
2252 1831 2412 1889 αὐτὸν
2436 1833 2527 1888 τὸν
2553 1831 2713 1886 Δαυῒδ
2755 1831 2848 1886 καὶ
2882 1830 3020 1902 πρὸς
3042 1829 3132 1884 τδν
3166 1828 3364 1899 Ἀσάφ,
3390 1828 3611 1892 ὁποίους
3631 1825 3753 1880 ἐκί-

492 1930 688 1975 mentes
712 1921 1025 1989 psalterium
1053 1932 1102 1978 et
1137 1923 1417 1979 citharam.
1437 1925 1579 1982 Dicit
1602 1930 2062 1988 autem.Domino:

2163 1923 2394 1978 νουνκαὶ
2407 1924 2584 1996 ἕτεροι
2607 1923 2716 1977 τῶν
2739 1921 3003 1988 παλαιῶν,
3038 1921 3114 1986 ὡς
3135 1923 3163 1976 6
3177 1919 3364 1976 είπών·
3395 1921 3578 1975 Ἰνατί
3597 1921 3750 1974 ἀσε-

491 2010 724 2066 Abscede
747 2027 779 2066 a
802 2027 882 2066 me
901 2028 922 2066 ε
939 2013 1050 2068 vias
1087 2024 1205 2069 tuas
1227 2017 1362 2071 scire
1385 2018 1506 2072 nolo
1523 2018 1588 2074 ⁷⁵.
1618 2015 1746 2076 Haec
1778 2029 1838 2076 ut
1867 2023 2062 2079 verisi-

2163 2014 2282 2081 6εῖς
2302 2013 2648 2084 εὐθηνοῦσι,
2673 2015 3119 2068 πεπαλαίωνται
3154 2011 3224 2065 δὲ
3244 2011 3341 2066 καὶ
3369 2012 3440 2066 ὲν
3463 2013 3714 2079 πλούτῳ
3732 2053 3753 2075 ,

489 2095 619 2157 mile
644 2111 729 2158 est
761 2110 818 2157 et
849 2103 1047 2160 similia
1077 2108 1339 2176 quaerenti
1387 2107 1651 2178 ldithum,
1673 2112 1837 2168 modo
1869 2113 2061 2182 David,

2171 2105 2236 2160 '0
2261 2107 2489 2176 σπόρος
2515 2104 2713 2162 αὐτῶν
2742 2105 2893 2159 κατὰ
2923 2103 3162 2174 ψυχήν·
3193 2102 3266 2157 τὰ
3307 2101 3374 2156 δὲ
3401 2101 3607 2156 παιδία
3645 2104 3755 2158 αὐ-

489 2193 654 2249 modo
719 2193 923 2267 Asapli,
958 2199 1115 2268 quasi
1156 2200 1404 2272 magistri
1452 2211 1506 2258 et
1569 2203 1789 2269 medici,
1830 2205 1897 2260 ad
1941 2221 2062 2262 eam

2163 2197 2280 2254 τῶν
2307 2199 2608 2262 παίζοντα,
2647 2197 3148 2268 ἀναλαμϐάνοντα
3173 2193 3510 2265 ψαλτήριον
3533 2194 3630 2248 καὶ
3653 2211 3756 2249 κι-

488 2285 596 2358 ipsi
633 2285 948 2342 elevandam
982 2288 1318 2359 Opinionem,
1368 2291 1631 2349 doctrinae
1661 2295 1826 2352 verba
1877 2297 2062 2352 trade-

486 2375 637 2435 bant.
667 2379 1011 2451 Quapmpter
1054 2382 1111 2437 in
1139 2399 1350 2438 xxxviii
1381 2401 1506 2440 eum
1558 2385 1629 2443 ad
1667 2387 1798 2443 talia
1832 2388 2062 2445 dicenda

490 2470 811 2527 instituebat
845 2489 858 2526 :
895 2470 1024 2526 Dixi
1053 2488 1072 2527 :
1112 2471 1428 2529 Custodiam
1481 2476 1592 2530 uias
1631 2494 1797 2540 meas,
1846 2486 1906 2531 ut
1959 2496 2064 2533 non

485 2558 792 2634 delinquant
814 2562 868 2616 in
903 2564 1086 2634 lingua
1119 2580 1253 2620 mea.
1283 2563 1453 2620 Ροδαὶ
1486 2567 1570 2622 ori
1607 2584 1718 2622 meo
1743 2568 2059 2635 custodiam,

487 2669 608 2708 cum
637 2656 947 2712 consisteret
990 2667 1234 2726 peccator
1274 2656 1553 2714 adversum
1581 2677 1663 2715 me
1691 2677 1710 2716 :
1739 2661 1978 2716 obmutui
2012 2671 2063 2717 et

487 2740 799 2804 humiliatus
832 2765 949 2804 sum
997 2758 1047 2804 et
1088 2751 1234 2815 silui,
1263 2761 1316 2806 et
1349 2759 1566 2820 caetera,
1599 2768 1720 2823 quae
1760 2755 1876 2809 suis
1927 2755 2062 2812 locis

488 2840 906 2910 explicavimus.
943 2840 1002 2894 ln
1061 2856 1151 2896 ιιι
1207 2850 1388 2898 autem
1437 2843 1690 2898 eumdem
1746 2843 1927 2914 ipsum
1975 2844 2062 2902 his

487 2931 672 2987 verbis
705 2931 924 2986 edocuit
943 2950 958 2987 :
977 2930 1166 2987 Nonne
1195 2932 1303 2987 Deo
1324 2933 1557 3002 subjecta
1577 2935 1676 2988 erit
1703 2936 1882 2990 anima
1909 2940 2064 2994 mea?

488 3022 555 3076 ab
586 3024 697 3091 ipso
724 3023 863 3077 enim
881 3022 1118 3078 salutare
1149 3039 1340 3078 meum.
1373 3022 1516 3078 Nam
1531 3033 1580 3079 et
1617 3025 1725 3094 ipse
1762 3024 1904 3080 Deus
1917 3015 2061 3082 meus

2161 2291 2366 2362 θάραν.
2401 2291 2569 2361 Λέγει
2604 2290 2672 2344 δὲ
2691 2290 2884 2360 Κυρίῳ
2901 2306 2916 2321 ·
2961 2289 3224 2344 Ἀπόστα
3251 2288 3350 2342 ἀπ’
3373 2286 3541 2358 ἐμοῦ·
3563 2286 3755 2357 ὁδούς

2160 2399 2277 2439 σου
2309 2381 2528 2438 ειδέναι
2557 2385 2629 2436 οὐ
2655 2382 2977 2451 βούλομαι.
3009 2379 3246 2436 Τοιαῦτά
3285 2397 3426 2445 τινα,
3472 2377 3548 2443 ὡς
3574 2379 3756 2444 είκὺς,

2160 2474 2523 2546 ἑπαποροῦντι
2553 2473 2630 2545 τῷ
2675 2471 2930 2544 Ἰδιθοὺμ,
2968 2469 3055 2526 οἷα
3094 2471 3401 2526 διδάσκαλοι
3440 2470 3536 2524 καὶ
3571 2471 3764 2542 ἰατροὶ

2161 2567 2290 2619 ποτὲ
2316 2564 2414 2636 μὲν
2454 2566 2482 2619 6
2512 2561 2691 2628 Δαυῒδ,
2724 2564 2854 2618 ποτὲ
2875 2563 2932 2618 δὲ
2959 2565 2988 2618 6
3036 2563 3231 2634 Ἀσάφ,
3258 2561 3605 2625 διδασκαλίας
3637 2580 3758 2616 πα-

2162 2658 2341 2729 ρεῖχον
2371 2655 2472 2727 τῆς
2495 2656 2706 2709 τοιᾶσδε
2736 2655 2893 2727 δόξης
2915 2655 3333 2728 θεραπευτικάς.
3370 2655 3533 2710 Ὅθεν
3555 2655 3615 2709 ὲν
3642 2655 3762 2726 μὲν

2159 2746 2238 2819 τῷ
2262 2745 2343 2818 λη’
2368 2746 2547 2800 τοιάδε
2571 2746 2747 2814 λέγειν
2769 2747 2938 2800 αὑτὸν
2959 2746 3257 2800 ἐδίδασκεν·
3284 2741 3459 2800 Εἷπα·
3489 2745 3760 2810 Φυλάεω

2159 2838 2268 2906 τὰς
2292 2838 2470 2906 ὁδούς
2491 2856 2610 2910 μου
2632 2837 2739 2894 τοῦ
2756 2838 2842 2909 μὴ
2861 2838 3220 2909 ἁμαρτάνειν
3242 2839 3310 2893 ἐν
3328 2838 3580 2908 γλώσσῃ
3598 2856 3750 2907 μου.

2173 2929 2426 3002 Ἐθέμην
2453 2929 2532 2997 τῷ
2556 2931 2809 3000 στόματί
2829 2947 2950 3000 μου
2983 2929 3269 3000 φυλακὴν
3297 2931 3367 2984 ἐν
3386 2928 3466 2995 τῷ
3507 2929 3752 3000 συστῆ-

2160 3039 2259 3077 ναι
2285 3022 2393 3077 τὸν
2421 3021 2769 3092 ἁμαρτωλὸν
2793 3021 3075 3076 ἐναντιον
3095 3037 3246 3092 μου·
3278 3019 3601 3090 ἐκωφώθην
3642 3022 3754 3076 καὶ

487 3127 539 3170 et
571 3113 819 3170 Saluator
857 3131 1024 3181 meus,
1070 3127 1340 3187 susceptor
1381 3133 1526 3172 meus
1550 3134 1655 3172 non
1683 3117 1924 3192 movebar
1953 3125 2061 3172 am-

2163 3111 2560 3183 ἐταπεινώθην
2590 3113 2690 3167 καὶ
2721 3113 3001 3184 ἐσίγησα,
3046 3114 3139 3167 καὶ
3161 3113 3232 3168 τὰ
3270 3111 3480 3176 τούτοις
3515 3112 3678 3184 ἑξῆς·
3714 3112 3752 3168 8;

486 3209 648 3278 plius.
675 3208 958 3280 Quousque
979 3209 1184 3264 irruitis
1217 3211 1273 3264 in
1303 3210 1594 3276 hominem,
1619 3211 1915 3282 inter/icitis
1945 3213 2059 3266 uni-

486 3302 627 3358 uersi
650 3305 780 3359 vos?
809 3301 1052 3370 Quorum
1075 3303 1238 3359 etiam
1277 3313 1510 3360 mentem
1544 3318 1642 3374 pro
1671 3304 1869 3358 collata
1906 3305 2064 3361 nobis

489 3395 666 3466 gratia
689 3395 1062 3468 exposuimus.
1085 3395 1496 3468 Consequenter
1526 3396 1710 3467 Asaph
1735 3397 1911 3452 eidem
1943 3398 2063 3452 viro

489 3489 595 3545 hoc
629 3477 694 3544 in.
713 3489 924 3560 psalmo
951 3488 1296 3560 disciplinam
1333 3488 1523 3554 tradit,
1552 3495 1612 3544 ut
1643 3488 1704 3544 in
1746 3489 2065 3544 tentationi-

486 3583 593 3640 bus
619 3583 851 3654 hujusce
877 3583 1029 3649 vitte,
1062 3590 1227 3652 atque
1261 3581 1318 3637 in
1345 3581 1413 3638 iis
1441 3595 1564 3652 qua!
1589 3582 1708 3652 ipse
1731 3597 1796 3636 ex
1823 3581 2062 3652 prophe-

487 3669 582 3725 tiis
623 3668 724 3725 abs
752 3683 812 3724 se
857 3667 1158 3725 enuntiatis
1187 3667 1255 3724 de
1283 3666 1575 3737 impiorum
1623 3665 1853 3731 insultu,
1887 3665 2063 3737 deque

487 3759 676 3832 populi
715 3757 811 3816 Dei
853 3758 1157 3830 abjectione
1204 3758 1374 3830 probe
1400 3764 1648 3823 noverat,
1680 3773 1791 3812 non
1821 3758 2068 3814 turbare~

486 3857 616 3918 tur,
655 3850 751 3908 sed
783 3852 840 3907 in
875 3851 1191 3922 hujusmodi
1233 3849 1502 3922 angustiis
1542 3849 1611 3905 ad
1636 3849 1828 3919 Deum,
1862 3866 1961 3907 ceu
1993 3851 2063 3906 ad

487 3943 784 4001 salutarem
815 3951 1035 4015 portum
1089 3942 1429 4013 confugeret,
1488 3944 1779 4014 ipsumque
1808 3943 2063 4013 precibus

489 4035 682 4092 sedulo
728 4033 1104 4105 compellaret,
1145 4041 1201 4090 et
1227 4049 1291 4090 ea
1321 4033 1558 4101 diceret,
1588 4049 1710 4105 quae
1748 4034 1873 4104 ipsi,
1903 4033 2061 4104 quasi

488 4127 750 4198 magister
779 4125 835 4180 in
867 4125 1120 4196 prasenti
1168 4125 1386 4195 psalmo
1406 4123 1685 4182 offerebat.
1718 4124 1837 4191 Qua
1870 4139 2062 4181 susce-

487 4227 580 4290 pta
604 4218 694 4273 ille
723 4215 1036 4288 disciplina,
1072 4215 1269 4271 anima:
1299 4230 1412 4272 sua:
1437 4215 1580 4272 hanc
1614 4215 1882 4271 medelam
1912 4215 2073 4271 adhio

484 4307 674 4374 hebat,
704 4306 772 4363 ad
797 4307 1049 4364 solatium
1070 4321 1230 4362 suum
1259 4305 1346 4361 bis
1377 4321 1510 4362 usus
1533 4305 1716 4362 verbis
1743 4324 1756 4360 :
1793 4304 1926 4360 Voce
1947 4322 2062 4359 mea

485 4400 560 4455 ad
586 4399 872 4456 Dominum
893 4397 1139 4462 clamavi,
1173 4412 1294 4453 voce
1330 4414 1448 4453 mea
1479 4396 1548 4452 ad
1583 4395 1773 4462 Deum,
1795 4406 1844 4454 et
1885 4398 2062 4452 inten-

2162 3205 2228 3278 δὴ
2246 3205 2387 3260 κατά
2410 3205 2537 3270 τοὺς
2561 3205 2792 3270 οἰκείους
2805 3204 3003 3270 τόπους
3019 3204 3385 3278 παραθέμενοι
3412 3204 3640 3276 διεσαφή
3649 3223 3751 3259 σο,-

2166 3315 2284 3369 μεν.
2327 3298 2414 3352 Ἐν
2457 3297 2515 3352 δὲ
2540 3297 2619 3368 τῷ
2652 3296 2733 3364 ξα⁹
2764 3297 2924 3351 πάλιν
2964 3298 2994 3350 6
3029 3297 3190 3361 αὐτὸς
3224 3295 3396 3367 λέγων
3439 3295 3532 3349 τὸν
3578 3297 3750 3351 αὐτὸν

2163 3388 2466 3442 ἐδίδασκεν·
2515 3387 2662 3457 Οὐχὶ
2698 3386 2778 3453 τῷ
2817 3385 2939 3452 Θεῷ
3003 3385 3439 3458 ὑποταγήσεται
3483 3385 3523 3454 ἠ
3568 3385 3743 3457 ψυχή

2155 3495 2306 3548 μου;
2339 3478 2476 3549 παρ’
2502 3478 2688 3534 αὐτοῦ
2735 3477 2846 3550 γὰρ
2877 3478 2944 3534 τὸ
2977 3478 3272 3548 σωτήριόν
3308 3496 3449 3549 μου.
3476 3481 3584 3533 Καὶ
3629 3479 3750 3551 γὰρ

2160 3572 2343 3640 αὐτὸς
2367 3574 2512 3640 Θεός
2534 3591 2653 3644 μου
2680 3572 2778 3627 καὶ
2807 3570 3010 3642 Σωτήρ
3028 3590 3170 3643 μου,
3199 3572 3572 3642 ἁντιλήπτωρ
3590 3569 3742 3640 μού,

2161 3665 2233 3719 οὐ
2259 3664 2344 3734 μὴ
2373 3665 2651 3721 σαλευθῶ
2676 3664 3007 3720 inimicior.
3040 3664 3203 3732 Ἕως
3225 3665 3371 3719 πότε
3399 3664 3744 3722 ἐπιτίθεσθε

2161 3755 2256 3809 ἐπ’
2277 3753 2610 3824 ἄνθρωπον,
2639 3756 2924 3825 φονεύετε
2959 3754 3183 3822 πάντες
3208 3755 3410 3826 ὑμεῖς-ς
3427 3754 3530 3808 Καὶ
3551 3754 3738 3808 ταῦτα

2162 3847 2221 3901 δὲ
2248 3849 2430 3902 ὁποῖον
2460 3847 2575 3918 ἔχει
2601 3847 2724 3902 νοῦν
2768 3847 2908 3903 κατά
2948 3847 3048 3919 τὴν
3075 3847 3321 3901 δοθεόσαν
3354 3849 3506 3919 χάριν
3550 3847 3743 3921 ἡρμή-

2161 3958 2364 3994 νευται.
2409 3935 2503 4004 Οἷς
2552 3939 2857 4004 ἀκολούθως
2902 3939 2996 3994 καὶ
3037 3942 3066 3993 6
3107 3939 3280 4009 Ἀσάφ
3328 3939 3415 3992 διά
3459 3937 3566 3991 τῶν
3597 3936 3745 4009 μετά

2162 4035 2348 4104 χεῖρας
2371 4030 2447 4102 τῷ
2491 4030 2637 4102 αὺτῷ
2675 4031 2830 4104 ἀνδρὶ
2875 4031 3211 4102 παραδίδωσι
3249 4028 3594 4084 διδασκαλίαν
3640 4029 3741 4083 τοῦ

2165 4124 2239 4197 μὴ
2263 4123 2620 4194 ταράττεσθαι
2648 4123 2706 4176 ὲν
2747 4126 2861 4187 τοῖς
2891 4122 2986 4176 τοῦ
3017 4122 3132 4194 βίου
3181 4122 3572 4194 πειρατηρίοις,
3601 4119 3737 4192 μηδὲ

2157 4219 2217 4270 ὲν
2245 4210 2327 4280 οἷς
2371 4214 2511 4284 ἔγνω
2555 4217 2621 4269 ὲκ
2658 4215 2774 4268 τῶν
2823 4215 3127 4287 ἔμπροσθεν
3175 4215 3342 4270 αὐτοῦ
3391 4212 3742 4287 προφητειιῖιν

2158 4307 2288 4380 περὶ
2315 4307 2420 4378 τῆς
2440 4306 2546 4360 τῶν
2576 4307 2786 4362 ἀσεϐῶν
2813 4309 3252 4372 ἐπαναστάσεως,
3277 4308 3376 4379 τῆς
3399 4325 3459 4361 τε
3484 4305 3581 4360 τοῦ
3606 4306 3737 4361 λαοῦ

2157 4401 2252 4452 τοῦ
2277 4398 2838 4464 Θεοΰιταπεινὼσεωςσ
2861 4401 3224 4471 καταφεύγειν
3247 4400 3303 4454 δὲ
3327 4399 3403 4463 ὡς
3426 4399 3519 4453 ἐπὶ
3540 4399 3741 4471 λιμένα

485 4489 568 4544 dit
603 4489 752 4545 mihi.
791 4487 889 4551 Eo,
920 4487 1119 4559 inquit,
1141 4486 1309 4544 modo
1334 4503 1423 4543 me
1446 4487 1750 4558 composui,
1779 4500 1832 4541 ut
1859 4486 2062 4558 dignus

2163 4492 2425 4562 σωτήριον
2452 4492 2510 4546 ὲν
2540 4493 2659 4556 ταῖς
2695 4493 2930 4547 τοιαῖσδε
2973 4491 3302 4566 ἀμηχανίαις
3329 4491 3415 4544 ἐπ’
3451 4491 3617 4545 αὐτὸν
3649 4491 3746 4545 τὸν

486 4582 787 4637 attentione
817 4578 918 4635 Dei
943 4594 1140 4643 essem,
1167 4594 1339 4650 quare
1363 4577 1587 4633 intendit
1617 4577 1766 4632 mihi.
1789 4575 2058 4648 Talesque

483 4687 658 4729 voces
681 4679 736 4728 et
766 4672 1039 4728 clamores
1063 4671 1244 4736 emisi,
1275 4671 1370 4742 qui
1413 4671 1562 4742 digni
1611 4669 1801 4725 auditu
1846 4668 1940 4725 Dei
1967 4685 2054 4725 es-

485 4772 629 4821 sent.
665 4763 1031 4830 Quamobrem
1053 4763 1355 4820 secundum
1384 4761 1775 4835 Symmachum
1803 4761 2005 4817 dicitur
2038 4779 2053 4816 :

493 4856 630 4913 Voce
667 4873 784 4912 mea
813 4855 882 4910 ad
918 4855 1111 4922 Deum,
1144 4865 1195 4910 et
1220 4856 1485 4911 clamante
1516 4871 1598 4909 me
1631 4853 1702 4908 ad
1739 4853 1931 4919 Deum,
1953 4870 2055 4909 au-

480 4968 567 5008 res
596 4968 721 5007 suas
747 4949 990 5021 praebuit.
1015 4947 1112 5006 His
1144 4948 1446 5004 docebatur
1480 4945 1719 5002 ldithum
1751 4961 1819 5000 ne
1840 4953 2058 5016 putaret

482 5039 654 5096 Deum
693 5042 884 5113 procul
916 5057 1038 5098 esse
1085 5039 1458 5096 clamantibus
1507 5038 1576 5092 ad
1627 5053 1706 5094 se.
1746 5035 1880 5091 Nam
1912 5037 1957 5093 si
1988 5037 2054 5093 ad

483 5132 717 5205 primam
772 5149 960 5189 vocem
1016 5133 1134 5204 ipse
1172 5133 1469 5205 propitium
1503 5131 1608 5188 sibi
1646 5131 1814 5188 Deum
1851 5131 2057 5187 factum

482 5239 606 5281 esse
652 5215 908 5289 senserit,
936 5226 1052 5296 ipsa
1108 5240 1169 5280 re
1211 5224 1512 5280 docebatur
1558 5223 1805 5279 divinum
1854 5239 2057 5278 numen

485 5314 686 5388 ubique
714 5315 925 5385 adesse,
949 5327 1004 5372 et
1033 5314 1395 5373 Providentia:
1418 5316 1611 5372 oculos
1639 5315 1819 5388 dignis
1844 5331 2060 5386 seraper

482 5407 820 5479 prospicere.

2163 4581 2315 4647 Θεὸν,
2350 4584 2468 4647 ταῖς
2497 4599 2559 4636 τε
2588 4582 2723 4654 πρὸς
2756 4584 2918 4638 αὑτὸν
2965 4584 3266 4656 ἱκετηρίαις
3308 4583 3612 4655 σχολάζειν,
3645 4586 3739 4640 καὶ

2162 4673 2335 4728 ταῦτα
2375 4675 2577 4744 λέγειν,
2611 4676 2753 4747 ἅπερ
2785 4675 2936 4748 αὐτῷ
2974 4675 3062 4729 διά
3087 4675 3182 4728 τοῦ
3221 4676 3582 4748 προκειμένου
3612 4677 3742 4748 ψαλ-

2166 4765 2292 4838 μοῦ,
2325 4761 2413 4820 οἶα
2459 4767 2798 4830 διδάσκαλος,
2832 4766 3136 4839 παρεδίδου.
3174 4766 3284 4821 Καὶ
3319 4767 3452 4838 δῆτα
3485 4767 3741 4839 παραλαο

2163 4857 2273 4912 δὼν
2293 4858 2353 4911 τὸ
2383 4858 2611 4930 μάθημα
2639 4858 2816 4923 τοῦτο,
2848 4859 2946 4930 τὴν
2989 4857 3182 4912 ἑαυτοῦ
3213 4857 3388 4929 ψυχὴν
3411 4858 3732 4930 ἐθεράπευε,

2161 4949 2477 5020 κατεπᾴδων
2502 4949 2664 5013 αὐτὸς
2692 4949 2868 5021 ἐαυτῷ
2895 4950 2987 5003 καὶ
3015 4949 3186 5018 λέγων
3204 4967 3220 4981 ·
3246 4948 3422 5018 Φωνῇ
3441 4967 3559 5018 μου
3589 4950 3736 5019 πρὸς

2162 5042 2378 5110 Κύριον
2421 5039 2733 5111 ἐκέκραξα,
2767 5041 2934 5112 φωνῇ
2964 5059 3084 5112 μου
3121 5041 3268 5110 πρὸς
3300 5040 3406 5095 τον
3428 5041 3600 5104 Θειῖν,
3639 5039 3732 5094 καί

2163 5132 2471 5204 προσέσχε
2491 5152 2612 5204 μοι.
2639 5135 2891 5188 Τοιοῦτον
2919 5135 3047 5207 γὰρ,
3085 5135 3270 5204 φησιν,
3327 5133 3566 5205 ἐμαυτὸν
3605 5150 3716 5203 παρ

2160 5223 2475 5290 εσκεύαζον,
2507 5227 2582 5290 ὡς
2601 5226 2748 5291 ἀξιον
2773 5220 2909 5280 εἶναι
2931 5227 3030 5298 τῆς
3050 5226 3323 5298 προσοχῆς
3344 5225 3437 5280 τοῦ
3466 5225 3627 5280 Θεοὸο
3655 5225 3732 5279 διδ

2163 5315 2466 5386 προσέσχε
2496 5335 2624 5387 μοι·
2663 5318 2756 5372 καὶ
2797 5317 3049 5382 τοιαύτας
3094 5335 3155 5371 τε
3188 5317 3372 5388 ἠφίειν
3407 5317 3592 5388 φωνάς
3641 5315 3730 5368 καὶ

2166 5407 2312 5483 βοὰς,
2346 5408 2422 5473 ὡς
2448 5409 2602 5475 ἀξίας
2635 5407 2773 5466 εἶναι
2801 5411 2972 5476 αὑτὰς
2996 5411 3099 5482 τῆς
3124 5408 3221 5463 τοῦ
3253 5408 3388 5464 Θεοῦ
3422 5410 3612 5480 ἀκοῆς.
3644 5407 3732 5461 Διὸ

487 5503 630 5558 κατά
657 5503 748 5557 τὸν
789 5502 1084 5574 Σύμμαχον
1127 5501 1366 5573 εἴρηται·
1397 5500 1569 5570 Φωνῇ
1614 5519 1735 5571 μου
1765 5501 1912 5571 πρὸς
1956 5503 2064 5555 τὸν
2092 5501 2270 5566 Febr,
2298 5503 2760 5574 καὶβοήσαντός
2778 5522 2894 5576 μου
2919 5505 3069 5575 πρὸς
3105 5505 3213 5559 τὸν
3239 5504 3408 5569 Θεὸν,
3460 5503 3728 5575 παρέσχε

484 5596 594 5661 τὰς
613 5595 798 5658 ακοὰς
825 5593 1031 5650 αὐτοῦ.
1064 5593 1163 5648 Διά
1189 5592 1390 5648 τούτων
1419 5592 1527 5667 γὰρ
1552 5593 1865 5648 ἐδιδάσκετε)⁴
1887 5597 1915 5649 6
1949 5586 2181 5667 Ἱδιθοὺμ
2241 5595 2324 5670 μὴ
2365 5595 2603 5668 νομίζειν
2624 5597 2814 5672 πόρρω
2847 5617 2948 5654 που
2976 5598 3278 5668 ἀφεστάναι
3318 5596 3409 5651 τὸν
3458 5595 3592 5650 Θεὸν
3617 5594 3729 5647 τῶν

654 5775 745 5836 τοῦ
777 5794 908 5840 uti,
935 5777 1088 5832 ἴση.
