3996 6210
228 330 338 390 889

1362 323 1865 386 COMMENTARIA
1897 323 1962 382 IN
2001 323 2346 384 PSALMOS.

3366 328 3482 387 000

229 439 619 514 ἐπιϐοωμένων
647 439 829 497 αὐτόν.
863 441 925 496 Ei
953 441 1060 516 γάρ
1112 442 1228 514 ἅμα
1287 439 1366 512 τῷ
1396 441 1496 512 τὴν
1541 440 1724 513 φωνήν
1750 439 2068 514 ἀναπέμψαι
2095 440 2292 512 ᾔσθετο
2335 441 2577 512 ἐπηκόου
2622 439 2788 495 αὑτοῦ
2821 440 3114 514 γενομένου
3153 439 3246 495 τοῦ
3316 441 3478 522 Θεοῦ⁹

229 536 413 599 αὐτοῖς
436 532 618 605 ἔργοις
643 531 947 586 ἐδιδάσκετο
986 532 1260 604 πανταχοῦ
1291 533 1543 604 παρεῖναι
1561 531 1624 584 τὸ
1679 531 1851 599 Θεῖον,
1894 533 1989 588 καὶ
2046 531 2170 597 τοὺς
2217 531 2319 603 τῆς
2383 531 2648 603 Προνοίας
2701 532 3012 604 ὀφθαλμοὺς
3078 533 3280 604 ἐφορᾷν
3348 531 3479 599 τοὺς

227 624 434 693 ἀξίους.

233 834 384 889 Θεὸν
411 830 742 902 ἐξεζήτησα
770 834 899 900 ταῖς
928 835 1100 902 χερσί
1127 852 1249 904 μου
1275 835 1497 900 νυκτὸς
1531 833 1810 888 ἐναντίον

231 924 441 989 αὐτοῦ,
473 923 573 978 καί
620 925 695 978 ού
737 923 824 994 μὴ
873 924 1208 994 ήπατήθην.
1237 926 1348 980 Καὶ
1375 925 1455 979 ὅτι
1489 924 1588 996 μὲν
1619 923 1811 978 πολλαὶ

233 1018 291 1072 αἱ
339 1016 549 1088 θλίψεις
591 1015 701 1070 τῶν
748 1015 972 1071 δικαίων
1021 1017 1248 1089 (ἐπειδὴ
1295 1018 1624 1090 ἀπείραστος
1670 1017 1812 1089 ἀνὴρ

232 1109 537 1181 ἀδόκιμος),
556 1108 824 1173 παντοίως
846 1109 1184 1164 διδάσκουσιν
1216 1112 1264 1164 oi
1288 1109 1418 1165 θεῖοι
1443 1110 1592 1178 λόγοι
1609 1127 1622 1140 ⁸
1651 1109 1726 1174 ὠς
1754 1109 1811 1163 δὲ

233 1201 543 1272 θλιϐόμενοι
585 1200 867 1273 κρείττους
908 1200 1115 1256 ἑαυτῶν
1141 1201 1436 1272 ἐγίγνοντο,
1460 1199 1686 1274 δοκιμήν
1711 1201 1812 1272 τῆς

233 1292 445 1348 ἐαυτῶν
467 1293 798 1364 παρέχοντες
822 1293 1118 1365 ὑπομονῆς,
1149 1295 1209 1348 οὐ
1233 1296 1341 1367 μὴν
1367 1295 1718 1366 συγχεόμενοι
1737 1294 1814 1358 ὡς

235 1385 504 1457 είλιγγιᾷν
533 1385 627 1439 καὶ
648 1383 1016 1458 θορυϐεῖσθαι,
1045 1385 1284 1440 διδάσκει
1309 1387 1338 1440 ὁ
1359 1386 1550 1452 εἰπὼν,
1568 1389 1663 1441 Ἑν
1688 1387 1815 1442 θλί-

235 1480 338 1546 ψει
369 1475 716 1544 ἐπλάτυνάς
749 1493 846 1546 με,
880 1477 975 1531 καὶ
1013 1481 1043 1532 ὁ
1083 1478 1225 1542 θεῖος
1257 1479 1576 1542 ’Δπόστολος
1603 1478 1776 1547 λέγων
1795 1493 1809 1508 ⁸

235 1568 604 1638 θλιϐόμενοι,
635 1567 774 1622 ἀλλ’
806 1571 880 1624 σὺ
907 1570 1451 1640 στενοχωρούμενοι
1469 1587 1482 1602 ⁸
1519 1572 1814 1625 καταϐαλ-

232 1659 499 1728 λόμενοι,
522 1659 660 1714 ἀλλ’
675 1661 786 1714 οὐκ
809 1660 1218 1732 ἀπολλύμενοι
1236 1680 1249 1694 ⁸
1277 1661 1648 1733 διωκόμενοι,
1673 1662 1811 1718 ἀλλ’

236 1749 354 1802 οὐκ
379 1750 955 1818 ἐγκαταλειπόμενοι.
995 1749 1181 1816 Οὕτως
1206 1747 1299 1806 οὖν
1325 1753 1420 1806 καὶ
1450 1753 1686 1806 ἐνταῦθά
1708 1769 1815 1824 φη·-

235 1853 328 1892 σιν
348 1853 362 1867 ⁸
399 1840 500 1894 Ἐν
526 1840 716 1909 ἡμέρα
737 1840 997 1911 autem
1017 1860 1137 1912 μου
1163 1843 1270 1897 τὸν
1293 1844 1443 1898 Θεὸν
1465 1843 1812 1913 ἐξεζήτησον

234 1931 298 1986 οὐ
325 1931 434 2002 γάρ
463 1931 769 1986 ἀπέϐλεπον
810 1933 904 1986 ἐπὶ
937 1936 1066 1998 τοὺς
1099 1933 1399 1999 θλίϐοντας,
1431 1936 1540 1990 οὐδ’
1573 1937 1664 1990 ἐπὶ
1689 1940 1814 2002 τοὺς

235 2023 631 2096 ἐπαιρομένους
649 2040 663 2054 ⁸
695 2025 1036 2098 ἐπιστρέφων
1063 2026 1120 2080 δέ
1149 2026 1386 2098 ἐμαυτοῦ
1415 2027 1477 2081 τὺ
1507 2029 1606 2100 τῆς
1637 2028 1812 2102 ψυχῆς

236 2116 398 2187 ὄμμα
443 2116 580 2188 πρὸς
620 2117 714 2172 τὸν
757 2115 890 2170 Θεὸν
935 2117 1056 2172 κατ’
1087 2117 1250 2172 αὐτὸν
1278 2119 1369 2172 τὸν
1398 2118 1510 2187 τῆς
1551 2122 1814 2190 θλίψεως

235 2209 451 2280 καιρὸν,
470 2207 632 2262 αὐτὸν
656 2207 959 2280 ἐξεξήτουν.
978 2209 1233 2280 Ἐζήτουν
1263 2209 1320 2262 δέ
1350 2211 1512 2264 αὐτὸν
1536 2213 1656 2276 ταῖς
1690 2229 1816 2283 χερ-

236 2301 295 2356 σί
324 2319 448 2374 μου,
474 2301 851 2373 δεδιδαγμένος
875 2302 1120 2374 ἐπαίρειν
1143 2303 1324 2366 ὁσίους
1349 2307 1538 2375 χεῖρας
1562 2304 1704 2358 κατὰ
1721 2306 1825 2360 τὸν

234 2395 521 2466 φάσκοντα
537 2394 692 2462 λόγον
706 2411 722 2425 ⁸
743 2394 1042 2464 Βούλομαι
1064 2393 1133 2448 δὲ
1153 2395 1295 2462 τοὺς
1319 2395 1542 2464 ἄνδρας
1563 2397 1817 2465 προσεύ-

235 2489 453 2556 ὶσσθαι
477 2527 492 2551 ,
545 2485 901 2555 ἐπαίροντας
954 2486 1168 2554 ὁσίους
1221 2486 1444 2557 χεῖρας.
1507 2489 1617 2542 Καὶ
1670 2487 1816 2543 τοῦτ’

237 2577 514 2648 ἔπραττον
542 2576 604 2630 οὐ
630 2577 700 2631 δι’
730 2576 944 2648 ἡμέρας
978 2577 1160 2649 μόνον,
1195 2577 1333 2632 ἀλλὰ
1362 2579 1457 2634 καὶ
1485 2579 1574 2634 διὰ
1600 2581 1813 2648 νυκτὸς,

236 2668 344 2734 τὰς
370 2668 556 2742 χεῖράς
589 2686 691 2742 μου
720 2669 960 2744 ἐπαίρων
992 2670 1232 2726 ἐναντίον
1269 2670 1458 2737 αὐτοῦ,
1489 2673 1583 2726 καὶ
1610 2672 1698 2727 διὰ
1719 2674 1817 2746 τῆς

236 2762 573 2833 προσευχῆς,
605 2761 699 2815 καὶ
726 2759 814 2815 διὰ
836 2761 944 2816 τῶν
974 2761 1112 2833 πρὸς
1139 2760 1300 2816 αὐτὸν
1325 2761 1516 2833 φωνῶν
1544 2763 1816 2834 ἐπιζητῶν

237 2855 425 2924 αὐτόν.
454 2852 567 2919 Διὸ,
592 2853 766 2908 ταῦτα
810 2854 1086 2927 πράττων,
1120 2856 1242 2909 Οὐκ
1280 2854 1629 2923 ἠπατήθηνο
1672 2853 1820 2927 εὑρί-

239 2963 407 3000 σκετο
435 2947 543 3018 γάρ
593 2964 684 3019 μοι
723 2945 1084 3018 ζητούμενος·
1120 2946 1200 3000 διδ
1223 2945 1532 3017 προσέσχε
1563 2965 1688 3018 μοι,
1723 2947 1818 3002 καὶ

234 3037 342 3102 τὰς
371 3036 564 3091 ἑαυτοῦ
589 3036 760 3101 ἀκοὰς
800 3038 924 3109 ἐμοὶ
956 3038 1243 3110 παρέσχεν.
1267 3034 1409 3092 Ἅντὶ
1441 3037 1497 3091 δὲ
1533 3038 1650 3104 τοῦ,
1686 3039 1818 3106 Ταῖς

237 3131 418 3200 χερσί
439 3148 558 3201 μου
581 3130 807 3198 νυκτὸς
829 3131 1107 3186 ἐναντίον
1137 3131 1345 3198 αὑτοῦ,
1379 3131 1479 3186 καί
1524 3133 1634 3187 οὐκ
1660 3131 1816 3201 ἡπα-

236 3223 454 3290 τήθην,
483 3224 512 3276 ὀ
540 3223 834 3294 Σύμμαχος
870 3221 1058 3276 τοῦτον
1089 3223 1402 3295 ἡρμήνευσε
1444 3223 1536 3279 τὸν
1577 3225 1778 3295 τρόπον
1799 3242 1814 3256 ⁸

247 3313 334 3368 Ἠ·
344 3312 474 3382 χείρ
511 3329 632 3382 μου
680 3310 902 3378 νυκτὸς
938 3310 1214 3366 ἐκτέτατο
1246 3311 1552 3382 διηνεκῶς.
1601 3313 1818 3386 Ταύτην

313 738 478 794 Ἀλλά
532 742 627 795 κοιλ⁵
675 740 747 796 ἐν
799 741 988 812 ἡμέρᾳ
1041 741 1303 812 θλίψεώς
1346 760 1489 813 μου,
1517 741 1672 814 φησὶ,
1706 741 1813 796 τὸν

1983 735 2148 794 Vens.
2183 737 2238 793 3.
2281 734 2388 791 Sed
2415 736 2576 790 etiam
2606 735 2660 789 in
2699 735 2784 790 die
2811 734 3172 792 tribulationis
3210 754 3359 805 mete,
3393 740 3482 799 in-

1908 829 2050 900 quit,
2074 828 2240 884 Deum
2265 828 2520 898 exquisivi
2546 827 2789 882 manibus
2811 828 2939 883 meis
2963 838 3111 884 nocte
3133 840 3318 885 contra
3338 849 3478 902 eum,

1907 929 1957 976 et
1995 938 2100 975 non
2149 937 2267 975 sum
2305 919 2569 989 deceptus.
2605 919 2760 986 Quod
2796 921 2981 975 multa;
3028 921 3140 976 sint
3183 924 3481 994 proborum

1908 1013 2248 1069 calamitates
2279 1014 2426 1082 (nam
2473 1013 2559 1067 vir
2607 1027 2717 1067 non
2765 1019 3008 1070 tentatus
3041 1013 3304 1086 inglorius
3352 1017 3481 1088 est),

1910 1105 2224 1161 omnimode
2261 1105 2460 1160 docent
2498 1104 2695 1160 divinae
2738 1103 3039 1177 Scriptura:
3069 1125 3082 1162 ε
3111 1107 3256 1178 quod
3297 1119 3482 1166 autem

1911 1196 1966 1251 in
1986 1197 2246 1253 aerumnis
2268 1197 2530 1268 degentes
2553 1197 2657 1253 sibi
2683 1197 2819 1268 ipsis
2843 1200 3156 1269 superiores
3184 1203 3481 1266 evaserint,

1909 1289 2448 1361 experimentumque
2475 1289 2750 1359 patientia:
2771 1305 2884 1346 suae
2915 1290 3188 1358 dederint,
3225 1309 3334 1349 non
3358 1309 3485 1349 con-

1911 1379 2020 1437 fusi
2049 1380 2124 1435 ita
2156 1388 2216 1436 ut
2246 1381 2514 1450 vertigine
2547 1381 2859 1438 laborarent
2889 1393 2943 1438 et
2989 1385 3362 1452 turbarentur,
3407 1387 3488 1442 ita

1911 1473 2069 1528 docet
2098 1472 2210 1535 ille,
2253 1471 2321 1526 In
2354 1472 2698 1528 tribulatione
2724 1475 2972 1530 dilatasti
3003 1477 3130 1530 mihi
3150 1478 3229 1546 ";
3264 1477 3489 1536 divinus

1911 1563 2038 1620 item
2070 1565 2366 1636 Apostolus
2397 1565 2510 1621 haec
2547 1566 2733 1632 tradit,
2771 1566 3187 1624 Tribulationem
3224 1573 3485 1640 patimur,

1887 1657 2002 1715 sed
2041 1673 2144 1710 non
2173 1658 2578 1728 angustiamur;
2617 1657 2920 1728 dejicimur,
2954 1661 3045 1716 sed
3079 1677 3181 1716 non
3213 1663 3442 1731 perimus
3462 1679 3488 1726 ;

1911 1750 2321 1819 persecutionem
2372 1751 2637 1818 patimur,
2686 1749 2777 1806 sed
2822 1769 2927 1808 non
2975 1753 3391 1826 derelinquimur
3411 1756 3485 1810 ⁷⁸.

1915 1838 2005 1895 Sic
2037 1840 2205 1911 igitur
2230 1839 2322 1896 hic
2365 1841 2442 1896 ait
2464 1860 2489 1896 :.
2508 1841 2574 1896 In
2611 1840 2695 1896 die
2748 1842 3105 1899 tribulationis
3148 1861 3279 1900 mea:
3317 1845 3487 1901 Deum

1912 1933 2190 2004 exquisivi.
2249 1931 2368 1988 Non
2412 1934 2557 1989 enim
2621 1933 2688 1988 ad
2727 1935 3134 1992 tribulationem
3163 1937 3482 2008 inferentes,

1914 2023 2121 2081 nonad
2155 2024 2398 2080 tumidos
2434 2024 2559 2081 illos
2587 2025 2978 2096 respiciebam;
3009 2029 3104 2084 sed
3133 2031 3296 2085 oculo
3326 2046 3484 2087 men-

1914 2111 2150 2172 tis-meae
2195 2117 2264 2172 ad
2297 2115 2468 2172 Deum
2520 2115 2877 2173 tribulationis
2923 2125 3165 2190 tempore
3194 2135 3482 2188 converso,

1914 2207 2093 2278 ipsum
2127 2208 2505 2280 exquireba.
2547 2207 2801 2266 Manibus
2834 2225 2964 2266 vero
3000 2212 3138 2267 meis
3172 2214 3484 2284 quaerebam

1913 2314 2062 2363 eum,
2093 2299 2378 2356 institutus
2409 2300 2475 2356 ad
2507 2300 2765 2356 levandas
2810 2311 3029 2360 sanctas
3058 2319 3254 2360 manus
3288 2320 3491 2362 secun-

1914 2391 2044 2446 dum
2074 2390 2294 2448 eﬂ'atum
2325 2392 2458 2447 illud
2483 2411 2496 2448 :
2532 2391 2662 2448 Volo
2684 2404 2859 2448 autem
2887 2396 3025 2450 uiros
3053 2412 3228 2463 orare,
3259 2396 3494 2454 levantes

1915 2493 2126 2540 sanctas
2167 2501 2356 2539 manus
2377 2485 2446 2540 τ’.
2471 2483 2639 2556 quue
2675 2498 2784 2540 non
2827 2485 2917 2542 die
2951 2487 3150 2551 solum,
3190 2488 3284 2545 sed
3321 2490 3492 2544 etiam

1915 2583 2076 2632 nocte
2118 2591 2314 2632 manus
2356 2590 2509 2633 meas
2559 2585 2752 2634 contra
2791 2592 2917 2632 eum
2951 2579 3260 2651 erigebam;
3313 2581 3386 2634 ita
3430 2591 3490 2636 ut

1915 2675 2025 2723 tam
2054 2669 2304 2726 oratione
2327 2686 2490 2742 quam
2532 2670 2761 2728 vocibus
2784 2671 3006 2728 emissis
3037 2671 3189 2726 illum
3232 2674 3490 2743 exquire-

1915 2775 2053 2817 rem.
2111 2760 2455 2834 Quapropter
2487 2763 2604 2819 haac
2656 2777 2823 2833 agens
2875 2781 2980 2818 non
3027 2780 3144 2818 sum
3192 2764 3436 2833 deceptus
3468 2780 3490 2818 :

1916 2867 2046 2910 nam
2069 2855 2404 2927 perquisitus
2435 2855 2526 2910 ille
2558 2857 2811 2911 inventus
2843 2870 2874 2909 ε
2903 2871 2988 2910 me
3014 2855 3136 2920 fuit,
3179 2865 3227 2911 et
3262 2857 3489 2910 intendit

1917 2947 2068 3014 mihi,
2100 2962 2370 3018 auresque
2403 2947 2536 3002 mihi
2568 2947 2816 3018 praebuit.
2849 2948 2956 3002 Pro
2991 2947 3085 3003 illo
3113 2955 3316 3013 autem,
3361 2946 3486 3002 lla-

1917 3037 2071 3092 nibus
2101 3037 2230 3092 meis
2260 3050 2408 3092 nocte
2437 3047 2623 3092 contra
2658 3054 2798 3103 eum,
2840 3047 2890 3092 et
2940 3055 3044 3093 non
3075 3054 3192 3092 sum
3215 3039 3513 3109 deceptus,.

1920 3128 2280 3200 Symmachus
2324 3129 2428 3184 hoc
2472 3129 2636 3186 modo
2682 3131 3071 3202 interpretatus
3121 3139 3240 3198 est,
3295 3131 3488 3186 Manus

1918 3237 2035 3276 mea
2063 3230 2212 3276 nocte
2236 3230 2451 3276 extensa
2487 3231 2604 3277 erat
2640 3223 2874 3278 assidue.
2909 3223 3061 3279 Hanc
3093 3223 3279 3296 itaque
3316 3225 3490 3278 maxi-

1919 3330 2064 3370 mam
2097 3322 2151 3370 et
2174 3315 2347 3371 solam
2379 3323 2577 3371 nactus
2605 3331 2725 3370 sum
2762 3316 3216 3371 consolationem.
3248 3313 3356 3370 Seu
3381 3315 3491 3370 alio

238 3403 342 3476 μιν
372 3400 467 3459 οὖν
495 3400 640 3476 εἶχον
669 3404 930 3476 μεγίστην
961 3403 1056 3458 καὶ
1099 3404 1268 3475 μόνην
1311 3405 1818 3477 παραμυθίαν.Ἀλ-

1922 3407 2106 3472 modo,
2139 3407 2449 3463 aﬂlictionis
2480 3424 2613 3464 mea:
2637 3417 2879 3479 tempore
2914 3407 3187 3462 neminem
3216 3423 3280 3463 ex
3313 3407 3491 3463 homi-

233 3496 348 3562 λως
380 3496 458 3562 δὲ,
484 3496 694 3563 οὐδενὸς
719 3496 1016 3568 ἠνειχόμην
1056 3495 1389 3570 παρακαλεῖν
1431 3515 1498 3570 με
1535 3499 1631 3554 καὶ⁸
1657 3499 1816 3572 θερα-

234 3588 432 3643 πεύειν
480 3588 754 3652 ἐθέλοντος
803 3587 1088 3660 ἀνθρώπου
1120 3589 1179 3642 ἐν
1205 3587 1282 3660 τῷ
1317 3590 1416 3661 τῆς
1448 3589 1678 3660 θλίψεως
1713 3608 1814 3662 μου

237 3679 436 3752 καιρῷ.
467 3679 559 3734 Διό
585 3679 826 3749 ἐπιλέγει
844 3698 858 3711 ⁸
901 3677 1270 3750 Ἁπηνήνατο
1296 3680 1747 3751 παρακληθῆναι
1773 3683 1813 3750 ἡ

235 3771 413 3841 ψυχή
442 3791 563 3843 μου
585 3789 601 3805 ⁸
641 3773 676 3844 ἢ
709 3773 850 3828 κατὰ
897 3772 989 3827 τὸν
1033 3771 1347 3844 Σύμμαχον,
1379 3777 1501 3830 Οὐκ
1552 3774 1818 3832 ἐπείθετο

235 3863 702 3934 παρηγορεῖσθαι
744 3865 784 3933 ἠ
822 3864 993 3936 ψυχή
1021 3880 1141 3935 μου
1160 3880 1174 3893 ⁸
1205 3865 1322 3920 ἀλλ’
1355 3865 1666 3936 ἀνθρώποις
1720 3867 1818 3938 μὲν

234 3957 340 4012 οὐκ
364 3956 683 4030 ἐπειθόμην,
715 3959 825 4023 τοῖς
853 3957 1028 4022 άλλως
1057 3976 1125 4030 με
1154 3959 1489 4030 παρηγορεῖν
1521 3959 1615 4012 καὶ
1639 3975 1816 4030 παρα-

233 4048 425 4104 καλεῖν
444 4067 459 4080 ⁸
500 4030 812 4119 ἐμνήσθην
854 4049 910 4103 δέ
958 4050 1066 4105 τοῦ
1111 4051 1258 4106 Θεοῦ
1296 4050 1394 4104 καί
1427 4050 1782 4120 ηὐφράνθην
1799 4067 1814 4082 ⁸

234 4141 487 4212 ἁπήρκει
512 4141 620 4213 γάρ
655 4159 745 4212 μοι
786 4143 820 4213 ή
857 4139 951 4195 τοῦ
977 4140 1112 4195 Θεοῦ
1155 4143 1343 4215 μνήμη
1383 4143 1519 4215 πρὸς
1559 4143 1820 4217 εὐφροσύ-

233 4249 340 4304 νην
357 4250 372 4265 ⁸
401 4231 540 4286 ἀλλὰ
570 4233 664 4288 καὶ
689 4231 1101 4304 ήδολέσχησα,
1129 4236 1283 4306 φησὶ,
1315 4235 1412 4290 καὶ
1439 4235 1820 4306 ὀλλιτοψύχη-

232 4339 355 4381 σα·
392 4323 508 4379 ἀνθ’
539 4319 600 4379 οὗ
639 4326 668 4378 ό
707 4323 1001 4396 Σύμμαχος
1027 4327 1359 4398 ἡρμήνευσε,
1395 4325 1724 4381 Δωλὰλουν
1748 4327 1820 4381 ἐν

231 4416 475 4488 ἐμαυτῷ
522 4417 618 4471 καὶ
660 4418 1241 4488 ἐλειποθύμουν.”οτι
1278 4419 1394 4490 μὲν,
1423 4418 1575 4488 φησὶ,
1601 4415 1820 4488 ἐμαυτῷ

232 4509 537 4577 διελάλουν,
571 4509 959 4582 ἐλειποθύμουν
983 4525 996 4540 ⁸
1043 4511 1138 4564 καὶ
1181 4511 1269 4565 ὅτε
1321 4509 1644 4581 ήδολέσχουν
1688 4510 1818 4582 παρ’

235 4599 487 4672 ἐμαυτῷ,
520 4599 822 4672 τηνικαῦτα
855 4599 1179 4672 ὼλιγοψύχει
1215 4600 1274 4656 τὸ
1305 4599 1522 4672 πνεῦμά
1551 4617 1654 4672 μου
1673 4615 1688 4630 ⁸
1727 4601 1819 4654 ὅτε

232 4691 296 4746 δὲ
321 4692 812 4764 ἀνεμιμνησκόμην
846 4692 942 4747 τοῦ
989 4691 1146 4756 Θεοῦ,
1179 4691 1518 4764 εὐφροσύνης
1552 4690 1820 4764 ἐπληρού-

1919 3499 2082 3555 nibus
2116 3497 2464 3554 admittebam
2497 3498 2588 3569 qui
2622 3499 2782 3555 vellet
2826 3514 2912 3554 me
2939 3497 3233 3560 consolari,
3279 3512 3343 3552 ac
3369 3511 3490 3554 me-

1915 3589 2032 3645 deri
2070 3588 2244 3644 dolori
2275 3603 2417 3645 meo.
2445 3587 2626 3656 Quare
2651 3589 2836 3645 subdit
2861 3607 2874 3643 :
2903 3618 2973 3629 —
3000 3586 3167 3646 Vens.
3197 3588 3254 3643 4.
3297 3587 3490 3643 Renuit

1915 3680 2182 3737 consolari
2205 3682 2385 3735 anima
2415 3682 2716 3747 mea;sive,
2747 3681 3045 3737 secundum
3076 3680 3486 3752 Symmachum,

1919 3772 2043 3828 Non
2085 3773 2500 3843 persuadebatur
2531 3775 2944 3830 consolationem
2988 3773 3264 3828 admittere
3307 3776 3494 3828 anima

1917 3882 2073 3930 mea;
2120 3865 2214 3922 sed
2253 3864 2566 3921 hominibus
2605 3865 2824 3936 quidem
2867 3865 3140 3921 consolari
3188 3873 3243 3920 et
3277 3865 3490 3920 hortari

1915 3958 2227 4014 volentibus
2263 3973 2375 4014 non
2417 3957 2894 4028 obtemperabam;
2940 3973 3130 4013 verum
3179 3973 3378 4012 memor
3410 3957 3500 4026 fui

1919 4051 2016 4107 Dei
2042 4061 2092 4106 et
2121 4051 2410 4106 delectatus
2457 4067 2574 4105 sum
2599 4065 2619 4104 :
2648 4065 2774 4105 nam
2814 4048 2908 4106 Dei
2941 4050 3202 4105 memoria
3255 4050 3321 4104 ad
3357 4049 3500 4105 laeti-

1917 4142 2049 4197 tiam
2094 4143 2226 4198 mihi
2279 4144 2414 4200 satis
2452 4150 2604 4209 erat;
2647 4141 2780 4214 quin
2812 4141 2974 4198 etiam
3019 4141 3115 4203 ait,
3169 4142 3501 4195 exercitatus

1917 4251 2058 4300 sum,
2091 4246 2142 4289 et
2175 4233 2367 4305 defecit
2399 4235 2616 4303 spiritus
2656 4249 2835 4296 meus;
2861 4248 2960 4303 pro
2987 4247 3098 4303 quo
3127 4230 3494 4303 Symmachus

1919 4326 2310 4399 interpretatus
2337 4335 2444 4391 est,
2475 4326 2752 4397 Loquebar
2779 4327 2834 4379 in
2879 4325 3078 4392 meipso
3104 4333 3153 4377 et
3192 4324 3368 4376 animo
3397 4323 3492 4376 de-

1920 4420 2182 4490 ﬁciebam.
2241 4419 2548 4487 Quoniam,
2607 4419 2805 4491 inquit,
2867 4419 3128 4488 loquebar
3166 4417 3298 4472 mihi
3349 4417 3496 4488 ipsi,

1920 4509 2104 4564 animo
2152 4508 2471 4564 deﬁciebam
2497 4528 2511 4564 :
2541 4518 2594 4564 et
2631 4524 2757 4563 cum
2800 4510 3137 4562 exercitarer
3181 4507 3322 4578 apud
3369 4523 3497 4563 mea

1921 4601 2121 4672 ipsum,
2167 4608 2299 4656 tunc
2345 4599 2634 4656 deﬁciebat
2679 4598 2907 4670 spiritus
2942 4615 3133 4665 meus;
3182 4614 3306 4654 cum
3359 4614 3501 4656 vero

1921 4691 2018 4749 Dei
2062 4692 2404 4758 recordarer,
2441 4692 2625 4749 latitia
2668 4692 2958 4764 replebat;
3012 4690 3109 4747 sed
3162 4692 3323 4747 etiam
3362 4708 3492 4748 cum

239 4803 355 4857 μην
372 4799 388 4816 ⁸
417 4785 554 4839 ἀλλὰ
577 4787 671 4841 καὶ
698 4785 877 4857 ζητῶν
905 4785 1066 4841 αὐτὸν
1087 4787 1210 4850 ταῖς
1253 4785 1408 4858 χερσί
1457 4802 1559 4856 μου
1607 4783 1818 4849 νυκτὸς,

1923 4799 2047 4839 eum
2078 4784 2330 4840 manibus
2355 4785 2493 4840 meis
2521 4789 2686 4840 noctu
2713 4783 3080 4855 exquirerem,
3122 4799 3230 4838 non
3263 4784 3491 4840 aberra-

232 4877 342 4932 οὐκ
375 4875 713 4949 ήπατὼμην·
747 4875 1000 4951 εὕρισκον
1024 4877 1132 4948 γὰρ
1174 4878 1362 4950 ὥσπερ
1404 4876 1630 4950 πλησίον
1681 4893 1823 4950 παρ-

233 4968 460 5024 σστῶτά
493 4987 603 5041 μοι,
639 4969 732 5024 καὶ
757 4970 856 5041 τῆς
887 4970 1070 5042 φωνῆς
1090 4987 1191 5041 μου
1217 4971 1449 5041 ἐπήκοον
1478 4969 1817 5042 γιγνόμενον.

310 5061 838 5131 Προκατελὰὅοντο
884 5061 1162 5132 φυλακὰς
1214 5064 1268 5116 ol
1326 5061 1622 5131 ὀφθαλμοί
1675 5078 1817 5132 μου,

231 5151 600 5221 ἐταράχθην,
630 5151 727 5207 καί
783 5153 895 5206 οὐκ
950 5149 1248 5218 ἐλάλησα.
1295 5150 1359 5204 Οί
1411 5148 1680 5214 θλίϐοντές
1728 5166 1818 5222 με,

236 5244 401 5316 φησὶ,
424 5243 674 5315 λογισμοὶ
698 5242 924 5298 τοιοῦτοι
951 5237 1111 5314 ἦσαν.
1129 5239 1348 5312 Ἐπειδὴ
1377 5240 1486 5313 γὰρ
1517 5241 1703 5314 ἐώρων
1721 5240 1821 5314 τὴν

235 5335 516 5408 ἀποϐολὴν
567 5335 662 5391 τοῦ
707 5336 858 5402 λαοῦ,
883 5335 950 5408 ἢν
995 5334 1288 5389 ἐθέσπισαν
1334 5333 1383 5388 οἱ
1433 5333 1822 5406 πφλεχθέντες

236 5431 576 5503 προφητικοὶ
603 5429 772 5498 λόγοι,
789 5427 1046 5501 ἐθορυϐού
1055 5444 1162 5499 μην
1193 5427 1434 5490 εἰκότως,
1458 5425 1554 5481 καὶ
1580 5426 1819 5483 ἐνενόουν

239 5520 382 5592 πρὸς
431 5519 666 5591 ἐμαυτὸν
709 5520 759 5574 εἰ
799 5519 1166 5590 ἀθεράπευτον
1206 5517 1387 5581 αὐτοῖς
1432 5516 1584 5571 ἐσται
1627 5516 1688 5570 τὸ
1719 5533 1819 5571 κα-

241 5613 364 5668 κόν.
391 5611 466 5666 Τὸ
495 5611 595 5683 μὲν
615 5611 725 5683 γὰρ
754 5610 1124 5683 άποϐληθῆναι
1147 5610 1344 5674 αὐτοὺς
1370 5608 1547 5682 καιρῷ
1587 5625 1692 5663 τινι
1725 5609 1818 5664 καὶ

319 5770 367 5802 ’³
410 5767 556 5827 Psal.
585 5783 659 5836 iv,
689 5767 747 5826 2.
821 5765 928 5824 "ll
958 5767 1084 5828 Cor.
1124 5784 1196 5839 Iv,
1230 5767 1289 5835 8,
1318 5766 1370 5824 9.
1447 5765 1534 5823 ’τι
1568 5761 1708 5823 Τίσι.
1744 5779 1783 5822 ιι
1807 5804 1822 5834 ,
1857 5764 1912 5822 8.

1922 4872 2046 4928 bam
2073 4891 2087 4928 :
2122 4888 2246 4928 nam
2273 4873 2451 4944 ipsum
2476 4888 2576 4928 ceu
2601 4871 2865 4937 vicinum,
2903 4879 3224 4942 praesentem
3250 4870 3404 4937 mihi,
3435 4881 3500 4929 ει

1919 4964 2042 5020 voci
2069 4979 2205 5020 mea:
2234 4965 2526 5036 propitium
2549 4962 3040 5034 deprehendebam.

1989 5055 2158 5114 Vsus.
2196 5057 2248 5114 5.
2289 5057 2719 5128 Anticipaverunt
2747 5057 2955 5129 vigilias
2983 5056 3122 5112 oculi
3147 5055 3267 5120 mei,
3303 5053 3492 5108 turba-

1920 5157 2005 5204 tus
2030 5166 2148 5204 sum
2166 5159 2344 5206 etnon
2367 5167 2484 5204 sum
2526 5151 2751 5206 locutus.
2784 5150 3162 5222 Cogitationes
3203 5163 3325 5220 qute
3355 5146 3501 5202 mihi

1921 5241 2265 5300 aﬂlictionem
2293 5244 2578 5314 pariebant
2610 5244 2746 5300 tales
2781 5250 2958 5300 erant.
2989 5241 3130 5310 Quia
3170 5243 3315 5298 enim
3339 5239 3498 5308 abie-

1921 5338 2157 5393 ctionem
2188 5337 2395 5408 populi,
2428 5352 2592 5408 quam
2627 5335 2913 5392 memorati
2943 5332 3246 5406 prophetici
3281 5342 3494 5386 sermo-

1922 5443 2023 5484 nes
2073 5427 2354 5483 vaticinati
2379 5438 2526 5494 sunt,
2574 5427 2996 5499 prospiciebam,
3033 5425 3158 5495 jure
3197 5417 3491 5482 turbabar,

1923 5534 2248 5592 mecumque
2300 5521 2658 5592 reputabam,
2728 5535 2857 5574 num
2914 5518 3156 5588 ipsarum
3206 5509 3498 5566 calamitas

1924 5612 2043 5669 sine
2073 5611 2314 5670 remedio
2363 5610 2548 5670 futura
2590 5611 2682 5668 sit.
2727 5609 2862 5667 Nam
2886 5607 3030 5680 quod
3060 5616 3306 5666 tcmtwre
3349 5615 3500 5673 (ιιιοι
