4008 6210
555 340 656 397 891

1303 339 1568 396 EUSEBII
1608 340 2084 398 CESARIENSIS
2121 342 2271 401 OPP.
2304 344 2483 400 PARS
2516 344 2603 400 lli.
2639 374 2710 384 —
2747 339 3149 398 EXEGETICA.

3673 338 3803 395 Μ.

557 453 681 510 dam
717 446 1026 520 abiiciendi,
1070 455 1126 504 et
1165 449 1311 518 quod
1352 451 1407 506 in
1435 451 1591 508 linem
1627 454 1859 525 idipsum
1895 456 2112 526 passuri

2229 457 2298 518 εἰς
2337 457 2488 520 τέλος
2519 455 2713 519 αὐτοὺς
2742 454 2899 508 τοῦτο
2927 452 3118 508 παθεῖν
3149 451 3432 504 ἐπίστευον
3464 452 3528 521 τῇ
3563 467 3798 524 προφηει

555 551 759 606 essent,
794 541 849 596 id
897 556 1031 597 sane
1075 541 1364 597 credebam
1402 543 1786 615 obtemperans
1823 546 2116 617 pr0pbetia:

2229 546 2332 617 τείᾳ
2370 545 2632 618 λεγούσῃ’
2679 545 2871 609 ἰνατί,
2922 547 2954 598 ὁ
3000 543 3162 610 Θεὸς,
3195 533 3414 596 ἀπῶσω
3457 545 3542 608 εις
3579 541 3786 611 τέλος,

556 633 759 688 dicenti
798 651 812 687 :
850 631 1073 704 thuid,
1129 632 1295 699 Deus,
1343 639 1584 704 repulisti
1629 639 1684 692 in
1719 639 1899 707 ﬁnem,
1947 641 2117 696 iratus

555 734 633 779 est
663 725 816 794 furor
859 735 980 779 tuus
1012 740 1166 794 super
1197 743 1311 781 oves
1343 741 1551 796 pascua:
1577 739 1680 784 tua:
1699 731 1786 783 "‘l
1811 747 1873 785 ac
1905 731 1958 785 in
2002 747 2119 787 me-

557 817 683 888 ipso
713 817 913 872 dubius
943 817 1232 884 haerebam,
1267 820 1454 875 istltaac
1495 823 1778 878 revolvens
1809 839 1824 877 :
1866 821 2119 893 Nunquid

557 911 614 963 in
649 920 901 963 internum
944 910 1180 978 projiciet
1230 911 1502 976 Dominus,
1537 924 1629 966 aut
1675 931 1778 968 non
1813 925 2034 982 apponet
2063 924 2120 967 ut

559 1005 881 1070 complaceat
911 1003 1120 1060 adhuc?
1152 1013 1206 1059 et
1241 1014 1454 1060 czetera.
1499 1005 1623 1060 nec
1660 1007 1908 1076 cogitans
1942 1007 2122 1062 turba-

558 1092 696 1160 har;
730 1095 823 1149 sed
854 1096 906 1147 in
940 1097 1257 1150 memoriam
1291 1097 1598 1166 repetebam
1623 1097 1740 1152 dies
1770 1099 2040 1170 antiquos,
2069 1105 2123 1154 et

559 1195 736 1238 annos
773 1192 1008 1237 aeternos
1039 1199 1105 1238 ex
1128 1186 1297 1238 veteri
1344 1185 1626 1253 Scriptura
1660 1199 1869 1238 mecum
1901 1192 2122 1255 reputa-

557 1271 710 1337 bam,
744 1273 964 1342 quoties
993 1273 1243 1328 videlicet
1268 1289 1390 1328 cum
1425 1274 1572 1343 ipsos
1593 1274 1800 1345 peccati
1829 1288 1994 1330 causa
2023 1274 2122 1328 ab-

552 1362 800 1432 jecisset,
827 1364 1044 1420 reduxit
1080 1372 1294 1431 tamen;
1327 1376 1378 1419 et
1415 1380 1537 1419 cum
1568 1366 1734 1435 impie
1772 1377 1992 1436 agentes
2022 1367 2121 1420 ho-

559 1455 740 1510 stibus
780 1456 1123 1521 tradidisset,
1179 1457 1376 1510 iterum
1427 1458 1650 1526 recepit.
1694 1457 1804 1511 Cur
1835 1472 1963 1527 ergo
1999 1472 2123 1511 cum

557 1548 689 1604 olim
724 1556 848 1620 post
891 1551 1075 1620 gravia
1116 1551 1321 1604 scelera
1353 1557 1630 1604 revocaret
1661 1564 1778 1613 eos,
1814 1565 1988 1619 neque
2032 1564 2122 1604 re-

559 1639 786 1709 pelleret
836 1640 890 1694 in
936 1640 1095 1696 linem
1150 1656 1251 1696 nec
1304 1639 1651 1695 abscinderet
1695 1639 2124 1696 misericordiam

560 1748 752 1800 suam;
792 1734 929 1788 nihil
955 1735 1062 1790 tale
1090 1735 1203 1804 jam
1231 1734 1413 1799 faciet,
1462 1744 1516 1792 et
1547 1737 1899 1794 humanitatis
1937 1738 2126 1810 pristi-

2217 637 2478 706 ὠργίσθη
2529 641 2562 691 ό
2611 637 2796 707 θυμός
2837 651 2954 690 σου
2984 634 3082 688 ἐπὶ
3113 635 3373 704 πρόϐατα
3398 633 3589 702 νομῆς
3627 651 3790 700 σονς

2216 729 2514 800 ὲνηπόρουν
2551 729 2608 782 δὲ
2636 729 2772 800 πρὸς
2802 727 3036 799 ἐμαυτὸν
3059 724 3432 797 διανοούμενος
3453 726 3624 780 ταῦτα
3642 745 3657 759 ο
3686 729 3789 796 Μὴ

2215 823 2303 888 είς
2321 821 2462 888 τοὺς
2477 819 2692 886 αἰῶνας
2715 819 3011 875 ἀπώσεται
3033 821 3266 887 Κύριος,
3284 818 3322 886 ἢ
3357 821 3428 872 οὐ
3453 819 3792 887 προσθήσει

2217 914 2326 967 τοῦ
2354 911 2675 980 εὐδοκῆσαι
2701 912 2820 974 in;
2845 911 2938 965 καὶ
2961 911 3028 964 τά
3059 910 3204 980 ἑξῆς.
3235 909 3419 964 Ταῦτα
3441 909 3793 982 λογιζόμενος

2220 1003 2592 1074 ἐταραττόμην
2613 1020 2627 1034 ’
2665 1002 2780 1056 ἀλλ’
2805 1001 2996 1074 ἔφερόν
3032 1019 3091 1055 τε
3112 1003 3176 1072 τῇ
3205 1003 3393 1074 μνήμῃ
3422 1001 3520 1066 τὰς
3550 1003 3791 1065 παλαιάς

2221 1094 2432 1165 ἡμέρας
2453 1094 2546 1147 καὶ
2573 1094 2641 1146 τὰ
2657 1093 2716 1159 ἐξ
2738 1093 2930 1156 αἰῶνος
2956 1092 3048 1162 ἐτη
3075 1091 3182 1144 ἀπὸ
3206 1091 3314 1144 τῶν
3340 1091 3584 1145 παλαιῶν
3608 1093 3792 1164 Γραμ-

2226 1187 2408 1257 μάτων
2441 1185 2852 1256 ἀναλεγόμενος,
2886 1185 3072 1247 ὁσάκις
3119 1183 3542 1254 ἁμαρτήσαντας
3586 1184 3788 1248 αὐτοὺς

2221 1275 2527 1339 ἀποϐαλὼν,
2559 1277 2921 1347 ἐπανήγαγεν,
2949 1276 3039 1329 καὶ
3062 1273 3336 1344 πολεμίοις
3362 1273 3628 1345 παραδοὺς
3651 1275 3788 1326 ἀσε-

2223 1367 2468 1431 ϐοῦντας,
2505 1363 2660 1432 αὖθις
2689 1369 3043 1439 ἀνεκτήσατο.
3067 1367 3131 1420 Τί
3158 1362 3248 1420 οὖν
3273 1364 3440 1419 πάλαι
3462 1367 3555 1436 μὲν
3581 1366 3788 1429 αὐτοὺς

2223 1460 2318 1513 καὶ
2355 1460 2492 1530 μετά
2521 1459 2698 1524 δεινὰς
2727 1459 3108 1531 πλημμηλείας
3135 1460 3464 1522 ἀνεκαλεῖτο,
3499 1459 3567 1529 μὴ
3589 1461 3668 1520 είς
3691 1457 3792 1509 τέλ-

2222 1551 2311 1614 λος
2344 1551 2745 1622 ἀπωθούμενος,
2781 1550 2913 1622 μηδὲ
2954 1551 3274 1603 ἀποκόπτων
3307 1550 3366 1603 τὸ
3397 1551 3539 1613 ἕλεος
3577 1547 3744 1602 αὑτοῦ
3768 1562 3787 1576 ⁸

2223 1639 2318 1693 νῦν
2343 1640 2398 1693 δὲ
2430 1641 2579 1694 οὐδὲν
2601 1640 2804 1694 τούτων
2831 1640 3064 1710 ποιήσει,
3088 1639 3254 1711 λήθην
3277 1639 3333 1692 δὲ
3361 1638 3470 1706 ἕξει
3501 1639 3595 1709 τῆς
3620 1636 3790 1691 αύτοῦ

2225 1730 2628 1802 φιλανθρωπίας
2659 1731 2754 1784 καὶ⁹
2789 1731 3102 1801 ἐπιλήσεται
3133 1728 3224 1782 τοῦ
3258 1729 3592 1800 οἱκτειρῆσαι
3622 1731 3652 1782 ὁ
3686 1745 3792 1798 μα-

560 1840 648 1880 nte
691 1824 1188 1895 misericordiaque
1233 1825 1612 1890 obliviscetur,
1665 1829 1758 1898 qui
1807 1807 2019 1898 patiens
2069 1835 2124 1883 et

2229 1821 2493 1892 κρόθυμος
2524 1821 2616 1874 καὶ
2656 1819 2937 1884 πολυέλεος
2983 1819 3078 1873 καὶ
3127 1819 3547 1890 φιλοικτίρμων;
3597 1817 3808 1873 Ταῦτα

561 1917 744 1970 multa:
782 1916 1188 1980 misericordiae,
1237 1923 1291 1971 et
1338 1917 1748 1973 miserationum
1789 1935 1980 1975 amans
2007 1921 2127 1975 est?

562 2006 688 2064 llaec
721 2016 880 2064 nocte
924 2025 1134 2063 mecum
1169 2009 1507 2078 reputabam,
1542 2019 1596 2065 et
1645 2011 1933 2079 scopebam
1966 2011 2128 2081 spiri-

562 2103 679 2149 tum
705 2111 904 2160 meum,
936 2112 1086 2152 meas
1115 2097 1327 2152 scilicet
1349 2099 1707 2170 cogitationes
1729 2101 2046 2155 examinans
2075 2109 2128 2156 et

561 2187 881 2256 63plorans,
931 2188 1360 2259 discernensque
1409 2191 1683 2262 spiritum,
1730 2209 1858 2247 num
1893 2193 2022 2263 quid
2059 2193 2128 2247 ad

565 2277 856 2334 dubiorum
908 2280 1234 2336 solutionem
1281 2281 1597 2352 subjiceret.
1641 2281 1749 2337 Pro
1796 2284 1889 2338 illo
1924 2293 2126 2350 autem,

565 2371 981 2438 anticipaverunt
1007 2373 1213 2442 vigilias
1238 2375 1375 2430 oculi
1407 2375 1527 2438 mei,
1559 2374 1940 2445 Symmachus,
1970 2377 2130 2445 impe-

565 2463 800 2529 diebant,
831 2467 1028 2535 inquit,
1070 2484 1281 2521 sursum
1319 2467 1549 2534 aspicere
1590 2469 1729 2522 oculi
1776 2469 1896 2523 mei.
1947 2470 2006 2524 1n
2044 2485 2131 2526 me

565 2572 802 2627 namque
838 2565 917 2611 tot
944 2560 1302 2627 cogitationes
1329 2563 1593 2632 colligens
1621 2561 1974 2616 occludebam
1996 2577 2130 2616 ocu~

565 2649 650 2706 los
689 2665 863 2715 meos,
907 2658 964 2704 ut
1011 2667 1080 2706 ne
1114 2652 1166 2705 in
1217 2654 1499 2708 sensibilia
1539 2653 1840 2723 impingens
1874 2668 1903 2707 a
1935 2669 2133 2725 propo-

567 2743 675 2798 sito
705 2743 1025 2800 abducerer.
1060 2743 1277 2800 Clausis
1326 2746 1508 2816 itaque
1555 2745 2029 2816 corporisyculis,
2076 2745 2131 2799 in

566 2835 780 2907 meipso
821 2836 1021 2891 dubius
1060 2836 1349 2900 haerebam,
1392 2852 1499 2892 non
1549 2853 1682 2892 voce
1727 2837 1975 2908 loquens,
2022 2852 2132 2892 non

569 2927 736 2980 alium
797 2928 1163 2998 compellans,
1227 2929 1320 2983 sed
1377 2929 1494 2999 ipse
1546 2946 1757 2985 mecum
1807 2933 2128 3003 cogitabam.

569 3018 749 3084 Quare
787 3034 886 3088 pro
918 3018 1035 3081 illo,
1079 3018 1347 3073 Turbatus
1376 3037 1514 3086 sum,
1549 3031 1597 3075 et
1629 3038 1734 3075 non
1763 3039 1878 3076 sum
1906 3022 2128 3087 locutus,

2231 1911 2419 1972 νυκτὸς
2462 1910 2597 1982 πρὸς
2640 1910 2870 1980 ἐμαυτὸν
2913 1908 3303 1980 διελογιζόμην,
3338 1909 3431 1962 καὶ
3461 1909 3523 1960 τὸ
3570 1906 3793 1976 πνεῦμά

2231 2018 2331 2070 μου
2374 2001 2654 2065 ἐσκαλλον,
2679 2001 2965 2072 διερευνῶν
2997 2002 3090 2054 καὶ⁹
3118 2000 3419 2071 βασανίζων
3456 2000 3582 2061 τοὺς
3614 2001 3794 2068 ἐμαυ-

2227 2093 2319 2146 τοῦ
2364 2093 2672 2164 λογισμοὺς,
2708 2093 3010 2166 ἀνακρίνων
3059 2109 3118 2145 τε
3150 2091 3211 2145 τὸ
3239 2091 3471 2162 πνεῦμα,
3504 2091 3557 2144 εί
3584 2108 3635 2143 τι
3686 2091 3796 2162 ἄρα

2229 2183 2485 2238 ύποὸάλοι
2527 2185 2662 2256 πρὸς
2701 2184 2995 2256 θεραπείαν
3023 2184 3129 2238 τῶν
3161 2183 3539 2255 ἠπορημένων.
3558 2183 3708 2235 Ἀντὶ
3739 2183 3798 2235 δὲ

2228 2277 2342 2339 τού,
2371 2276 2886 2346 Προκατελάϐοντο
2915 2276 3190 2346 φυλακὰς
3231 2278 3284 2330 οἱ
3316 2275 3609 2344 ὀφθαλμοί
3646 2293 3798 2344 μου,

2226 2372 2255 2422 ὁ
2297 2368 2608 2440 Σύμμαχος,
2627 2368 2939 2431 Ἐκώλυον,
2988 2369 3140 2438 φησὶ,
3184 2368 3291 2435 τὰς
3337 2367 3701 2436 ἀναϐλέψας
3745 2369 3802 2422 οι

2230 2461 2521 2530 ὀφθαλμοί
2542 2478 2680 2530 μου.
2712 2460 2964 2529 Συνάγων
2994 2459 3100 2530 γὰρ
3119 2461 3200 2524 εἰς
3225 2461 3456 2531 ἐμαυτὸν
3478 2460 3602 2524 τοὺς
3623 2463 3802 2530 ὲμαυ-

2227 2554 2322 2607 τοῦ
2360 2554 2669 2624 λογισμοὺς,
2701 2551 2863 2624 ἕμυον
2891 2553 2960 2606 τὰ
2990 2555 3229 2624 δμματα,
3256 2553 3330 2616 ὡς
3353 2552 3419 2606 ἂν
3452 2554 3527 2624 μὴ
3562 2556 3679 2618 τοῖς
3715 2555 3804 2608 al-

2232 2647 2446 2717 σθητοῖς
2486 2646 2822 2716 προϐάλλων,
2852 2646 3236 2719 περιελκοίμην
3281 2644 3371 2698 τοῦ
3407 2646 3798 2717 προκειμένου.

2231 2739 2396 2792 Μύων
2427 2735 2518 2792 οὖν
2544 2740 2670 2802 τοὺς
2701 2738 3011 2809 ὀφθαλμοὺς
3037 2737 3131 2791 τοῦ
3159 2735 3428 2808 σώματος,
3460 2737 3597 2808 πρὸς
3617 2738 3799 2807 ὲμαυ-

2229 2829 2320 2882 τδν
2343 2829 2650 2901 διηπόρουν,
2679 2831 2738 2882 ού
2765 2832 2915 2900 φωνῇ
2939 2829 3321 2902 φθεγγόμενος,
3353 2828 3472 2881 οὐδὲ
3504 2828 3639 2898 πρὸς
3678 2829 3803 2882 ἓτερ-

2235 2939 2324 2994 ρον
2353 2921 2548 2986 λαλῶν,
2575 2922 2738 2985 αὐτὸς
2767 2922 2824 2974 δὲ
2865 2923 3001 2995 πρὸς
3034 2922 3266 2994 ἐμαυτὸν
3293 2921 3506 2975 ἐννοῶν.
3537 2919 3628 2973 Διὸ
3675 2922 3818 2978 ἀντὶ.

2231 3015 2346 3079 τος,
2364 3013 2746 3085 Ἐτιιράχθην,
2772 3015 2870 3069 καὶ
2912 3017 3022 3070 οὐκ
3052 3013 3345 3083 ἐλάλησα,
3373 3015 3468 3069 καὶ
3507 3015 3613 3068 τῶν
3643 3015 3797 3084 ἑξῆς,

568 3119 623 3166 et
644 3111 877 3173 caeteris,
921 3109 1064 3180 apud
1102 3110 1483 3180 Symmachum
1529 3113 1748 3176 dicitur,
1793 3113 2128 3181 Dubitabam,

2234 3107 2381 3177 παρά
2399 3106 2474 3178 τῷ
2490 3107 2560 3160 Συ
2569 3107 2768 3178 μμάχῳ
2786 3105 2999 3177 εἴρηται
3014 3123 3026 3134 ·
3046 3105 3396 3174 Διηπόρουν,
3416 3105 3512 3158 καί
3528 3107 3638 3158 οὐκ
3657 3104 3801 3159 ἐλά-

568 3212 619 3256 et
644 3219 746 3256 non
773 3202 976 3256 locutus
1004 3219 1140 3257 sum.
1167 3233 1238 3244 —
1262 3201 1428 3259 Vsus.
1463 3202 1518 3269 6,
1551 3204 1601 3256 7.
1633 3203 2001 3274 Recogitabam
2020 3204 2128 3259 dies

2231 3201 2414 3264 λησιι.
2437 3227 2509 3237 —
2538 3196 2978 3268 Ἂνελογιιζόμην
3020 3199 3124 3262 τὰς
3150 3195 3370 3265 ἡμέρας
3404 3195 3510 3261 τὰς
3541 3195 3799 3262 πρώτας,

567 3295 839 3364 pristinos,
877 3311 1042 3348 annos
1079 3295 1167 3366 qui
1198 3313 1231 3348 a
1264 3297 1456 3350 sa'culo
1481 3305 1602 3350 sunt
1631 3296 1685 3349 in
1717 3298 2020 3351 memoriam
2049 3315 2128 3352 re-

2232 3291 2303 3343 τά
2321 3291 2426 3359 ἐτη
2445 3291 2517 3344 τὰ
2535 3290 2634 3344 ἀπ’
2650 3288 2862 3355 αἰῶνος
2889 3289 3434 3358 ἀνεμιμνησκόμην.
3452 3288 3627 3341 Ἀλλά
3648 3290 3802 3355 ψαλ-

568 3388 842 3444 oocabam.
876 3387 980 3443 Sed
1026 3388 1258 3457 psalmos
1301 3405 1440 3442 meos
1475 3398 1632 3442 noctu
1678 3407 1796 3442 cum
1825 3390 1979 3445 corde
2021 3407 2128 3446 mea

2229 3384 2380 3452 μούς
2405 3401 2524 3452 μου
2557 3380 2774 3448 νυκτὸς
2811 3381 2956 3452 πρὸς
3004 3380 3117 3450 τὴν
3158 3379 3406 3450 καρδίαν
3438 3398 3558 3449 μου
3598 3378 3802 3434 διελά-

567 3480 892 3534 recitabam:
921 3489 971 3534 et
997 3481 1072 3534 vir
1105 3495 1334 3547 prwsens
1367 3489 1478 3534 erat
1523 3481 1740 3550 spiritus
1790 3498 1954 3538 meus.
1991 3482 2128 3537 Cum

2232 3480 2386 3530 λουν
2408 3492 2421 3506 ·
2473 3475 2570 3528 καὶ
2619 3474 2772 3542 ἀνὴρ
2818 3473 3024 3529 συνὼν
3064 3472 3132 3527 τὸ
3179 3471 3411 3542 πνεῦμὰ
3442 3488 3577 3541 μου.
3612 3469 3804 3535 Οὕτως

567 3573 644 3628 ita
683 3573 910 3643 pervigil
939 3573 1209 3642 degerem,
1239 3581 1294 3628 et
1329 3581 1515 3629 noctes
1548 3573 1824 3631 insomnes
1855 3575 2128 3641 ducerem,

567 3678 632 3718 ea
676 3663 911 3718 sollicite
957 3663 1237 3718 volvebam
1287 3663 1491 3728 animo,
1522 3680 1643 3734 qua:
1691 3667 1947 3734 superius
1989 3666 2134 3721 dicta

569 3759 698 3808 sunt
727 3771 740 3806 :
767 3751 935 3818 Quasi
973 3754 1025 3805 in
1063 3752 1196 3805 silva
1227 3753 1486 3822 lignorum
1526 3753 1791 3808 securibus
1831 3755 2134 3809 exciderunt

559 3842 761 3912 januas
783 3841 896 3910 ejus
928 3841 981 3893 in
1011 3840 1256 3908 idipsum,
1284 3842 1338 3894 in
1368 3843 1537 3895 securi
1575 3851 1623 3895 et
1656 3844 1802 3896 ascia
1823 3844 2132 3912 diruperunt

569 3949 707 3987 eam.
745 3931 813 3986 In
848 3941 987 3986 terra
1016 3931 1314 3998 polluerunt
1352 3933 1751 3988 tabernaculum
1781 3936 2007 3989 nominis
2034 3937 2133 3990 tui.

568 4024 827 4079 Dixerunt
885 4025 938 4077 in
983 4023 1137 4076 corde
1180 4041 1275 4078 suo
1323 4025 1655 4094 cognationes
1707 4043 1887 4080 eorum
1944 4029 2136 4082 simul:

2234 3569 2594 3641 ὲπαγρύπνως
2627 3567 2984 3639 διακείμενος,
3025 3567 3118 3620 καὶ
3156 3565 3254 3628 τὰς
3284 3563 3483 3626 νύκτας
3509 3562 3807 3632 διαγρηγο-

2237 3659 2364 3732 ρῶν,
2401 3657 2710 3730 ἐφρόντιζον
2745 3657 2871 3728 περὶ
2904 3656 3010 3709 τῶν
3041 3654 3346 3726 ἔμπροσθεν
3373 3653 3439 3707 δι’
3461 3646 3533 3705 ὧν
3561 3651 3756 3721 εἴρητο
3782 3669 3800 3684 ο

2245 3753 2337 3818 Ὡς
2375 3752 2444 3805 ὲν
2486 3749 2685 3820 δρυμῷ
2717 3749 2919 3814 ξύλων
2949 3749 3184 3814 ἀξίναις
3209 3747 3439 3815 ἔκοψαν
3471 3744 3573 3809 τὰς
3609 3745 3807 3812 θύρας

2234 3843 2423 3910 αὐτῆς
2453 3842 2550 3896 ἐπὶ
2583 3842 2649 3895 τὸ
2679 3839 2844 3905 αὐτὸ,
2878 3839 3093 3894 πέλυκι
3139 3838 3238 3892 καὶ
3286 3836 3648 3904 λαξευτηρίῳ
3694 3852 3804 3888 κα-

2235 3934 2524 4003 τέῤῥαξαν
2578 3932 2790 3998 αὑτήν.
2837 3934 2940 3997 Eli;
2982 3930 3094 3998 τὴν
3139 3930 3255 4000 γῆν
3307 3929 3691 3994 ἐϐεϐήλωσαν
3739 3928 3803 3982 τὸ

2235 4025 2524 4094 σκήνωμα
2564 4024 2664 4078 τοῦ
2693 4023 2980 4092 ὀνόματός
3019 4037 3155 4075 σου.
3188 4017 3380 4076 Εἶπαν
3402 4021 3471 4074 ἐν
3489 4019 3562 4088 τῇ
3591 4019 3804 4089 καρδίᾳ

573 4117 850 4184 Quiescere
900 4117 1160 4187 faciamus
1208 4117 1318 4171 dies
1361 4116 1520 4184 festos
1567 4117 1664 4172 Dei
1706 4135 1738 4170 a
1771 4127 1931 4174 terra.
1976 4119 2128 4190 Signa

2235 4115 2433 4172 αὐτῶν
2463 4117 2520 4169 al
2552 4114 2891 4184 συγγένειαι
2938 4111 3134 4166 αὐτῶν
3160 4111 3257 4164 ἐπὶ
3305 4110 3370 4163 τὸ
3419 4110 3588 4163 αὑτό·
3615 4111 3804 4162 Κατα-

568 4219 752 4265 nostra
779 4226 881 4263 non
914 4208 1159 4269 vidimus.
1181 4208 1297 4278 jam
1320 4226 1422 4262 non
1441 4209 1805 4278 estproplteta,
1827 4219 1876 4264 et
1908 4228 2001 4265 nos
2035 4229 2128 4265 non

2237 4209 2559 4277 παύσωμεν
2587 4206 2690 4272 τὰς
2727 4203 2934 4274 ἑορτὰς
2965 4203 3071 4257 τοῦ
3101 4203 3247 4256 Θεοῦ
3278 4201 3396 4256 ἀπὸ
3426 4200 3537 4268 τῆς
3557 4199 3691 4268 τῆς.
3733 4200 3804 4252 Τὰ

569 4309 839 4371 cognoscet
877 4301 1102 4368 amplius
1136 4301 1197 4352 τ’.
1239 4300 1297 4354 1η
1325 4299 1410 4356 his
1435 4300 1596 4370 igitur
1637 4299 1973 4365 dubitabam,
2007 4317 2135 4355 num

567 4391 711 4446 mala
742 4390 1052 4462 huiusmodi
1097 4390 1372 4461 perpessis
1403 4391 1702 4446 remedium
1750 4391 1992 4447 futurum
2042 4395 2135 4449 sit.

2237 4297 2452 4367 σημεῖα
2494 4295 2662 4365 ήμῶν
2699 4297 2809 4349 οὐκ
2834 4293 3090 4363 εἴδομεν,
3118 4295 3227 4347 οὐκ
3260 4292 3428 4346 ἔστιν
3455 4291 3545 4344 ἔτι
3575 4289 3802 4359 προφή-

2239 4407 2366 4457 της,
2397 4389 2493 4442 καὶ
2542 4385 2696 4456 ἡμᾶς
2730 4389 2802 4441 οὐ
2844 4385 3128 4456 γνώσεται
3171 4385 3417 4440 ἕτι.Ἐπὶ
3459 4383 3670 4445 τούτοις
3712 4377 3818 4435 οὖν-

569 4479 983 4551 Verisimileque
1003 4489 1088 4536 est
1117 4481 1373 4545 ldithum,
1409 4496 1531 4536 cum
1560 4482 1762 4552 Asapbi
1798 4484 2128 4554 prophetiam

2239 4479 2548 4550 διηπόρουν,
2565 4480 2612 4530 εί
2641 4476 2901 4549 θεραπεία
2927 4475 3078 4530 ἔσται
3103 4478 3214 4539 τοῖς
3237 4473 3412 4528 ταῦτα
3432 4472 3799 4528 πεπονθόσιτά

567 4572 832 4635 audisset,
863 4579 915 4627 et
936 4572 1064 4625 talia
1095 4588 1278 4627 secum
1311 4580 1608 4643 reputaret,
1632 4575 1951 4645 prophetam
1976 4577 2128 4646 quasi

2239 4573 2402 4627 κακά.
2427 4572 2539 4626 Καὶ
2568 4571 2714 4634 εἰκός
2733 4587 2796 4639 γε
2825 4565 2893 4640 ἦν
2922 4569 3014 4622 τὸν
3040 4567 3272 4638 Ἰδιθοὺμ
3301 4566 3679 4624 ἐπακούσαντα
3706 4566 3799 4636 τῆς

566 4669 888 4738 magistrum
952 4667 1355 4738 interrogasse,
1421 4684 1485 4724 ac
1534 4669 1922 4741 interrogantis
1984 4688 2128 4727 more

2238 4665 2331 4718 τοῦ
2371 4665 2541 4732 Ἀσάφ
2569 4661 2922 4735 προφητείας,
2948 4660 3236 4716 καὶταῦτα
3274 4657 3410 4730 πρὸς
3441 4657 3631 4711 ἑαυτὸν
3662 4658 3798 4727 λογι-

567 4759 708 4813 hanc
761 4760 996 4815 movisse
1050 4759 1402 4829 quaestionem
1445 4761 1625 4826 :Quid
1668 4762 1871 4834 igitur,
1929 4779 1961 4817 ο
2009 4780 2128 4835 pro-

2240 4757 2491 4827 σάμενον,
2527 4753 2872 4825 ὲπαπορῆσαι
2911 4752 3048 4824 πρὸς
3097 4751 3188 4806 τὸν
3241 4750 3521 4822 προφήτην
3552 4748 3629 4812 ὡς
3668 4748 3797 4820 πρὸς

569 4850 770 4922 pheta?
806 4865 930 4904 cum
970 4849 1081 4903 haec
1117 4850 1430 4919 prophetice
1463 4850 1690 4915 dixeris,
1733 4853 1979 4910 ediscere
2007 4872 2128 4909 nos-

2236 4847 2568 4911 διδὰσκαλον,
2619 4844 2883 4917 ἐρώτησίν
2943 4861 3003 4898 τε
3058 4841 3206 4914 αύτῷ
3271 4842 3660 4912 προσαγαγεῖν,
3711 4837 3796 4892 καὶ

569 4957 734 5011 seque
764 4943 922 4996 velim
951 4960 964 4994 :
999 4971 1070 4982 -—
1103 4941 1268 4998 Vens.
1303 4944 1454 4999 8-10.
1489 4942 1742 5014 Nunquid
1778 4946 1833 4998 in
1880 4955 2128 5000 wternum

2237 4939 2424 5010 ὥσπερ
2465 4939 2586 4991 τινὰ
2621 4938 2966 5009 προτείνοντα
2999 4935 3258 5004 πρότασιν
3299 4931 3488 5014 φάναι·
3522 4931 3588 4983 Τί
3619 4925 3730 4994 οὖν,
3757 4923 3795 4980 ὦ

565 5033 804 5103 projiciet
851 5034 1128 5096 Dominus,
1149 5045 1197 5089 et
1227 5053 1330 5090 non
1363 5046 1582 5105 apponet
1611 5047 1666 5089 ut
1687 5036 2009 5107 complaceat
2033 5038 2130 5091 αα.

567 5127 706 5181 huc?
734 5135 825 5179 aut
856 5127 910 5180 in
940 5128 1095 5195 ﬁnem
1139 5129 1558 5183 misericordiam
1603 5146 1755 5183 suam
1794 5129 2067 5184 abscindet
2099 5148 2132 5183 a

568 5217 900 5287 generatione
945 5219 998 5270 in
1027 5219 1452 5288 generationem?
1491 5228 1582 5272 aut
1613 5218 1944 5272 obliviscetur
1978 5220 2133 5273 mise-

569 5308 675 5361 reri
705 5306 862 5372 Dcus,
913 5317 1004 5361 aut
1033 5309 1311 5362 continebit
1338 5311 1394 5362 in
1423 5311 1505 5362 ira
1540 5309 1929 5364 misericordias
1964 5312 2132 5366 suas?

569 5399 650 5454 Ad
682 5400 816 5454 tales
849 5400 1246 5470 propositiones
1284 5401 1465 5472 Asaph
1496 5401 1796 5456 doctrinam
1851 5418 2006 5458 suam
2043 5418 2137 5472 pa-

571 5496 732 5554 ravit,
763 5498 1029 5561 psalmum
1057 5507 1152 5560 pro
1175 5491 1294 5560 ipso
1315 5491 1548 5546 ldithum
1579 5493 1952 5557 conscribens,
1981 5510 2136 5548 eum-

574 5597 680 5652 que
712 5580 779 5636 ad
826 5583 954 5637 talia
982 5581 1210 5638 dicenda
1244 5581 1573 5638 instituens:
1612 5583 1742 5641 Voce
1781 5601 1892 5641 mea
1926 5584 1994 5640 ad
2027 5584 2134 5640 Do-

650 5737 670 5754 '
735 5735 876 5793 Psal.
912 5755 1117 5806 Lxxnt,
1155 5740 1202 5795 l.
1279 5740 1322 5772 "
1365 5739 1521 5806 ibid.,
1552 5737 1671 5793 5-9.

2240 5033 2520 5105 προφῆτα;
2543 5032 2727 5102 ἐπειδὴ
2743 5031 2915 5084 ταῦτα
2939 5030 3365 5100 προεφήτευσας,
3390 5026 3650 5097 βούλομαι
3675 5024 3798 5093 γνῶ·

2239 5144 2325 5179 ναι
2355 5125 2447 5178 καὶ
2477 5122 2688 5195 μαθεῖν,
2721 5122 2815 5190 Μὴ
2844 5124 2931 5188 είς
2955 5121 3096 5186 τοὺς
3121 5118 3336 5184 αἰῶνας
3372 5116 3669 5172 ἀπώσεται
3690 5116 3799 5170 Kr}-

2230 5236 2383 5286 ριος,
2413 5214 2511 5270 καὶ
2542 5217 2612 5270 οὐ
2634 5213 2965 5284 προσθήσει
2996 5211 3101 5266 τοῦ
3133 5208 3462 5282 εὐδοκῆσαι
3489 5211 3613 5272 ἕης
3646 5207 3682 5275 ἣ
3718 5209 3799 5269 εἰς

2237 5308 2411 5374 τέλος
2433 5307 2496 5362 τὸ
2522 5307 2692 5372 ἕλεος
2710 5305 2894 5360 αὑτοῦ
2915 5305 3206 5372 ἀποκόψει
3229 5304 3345 5357 ἀπὸ
3367 5300 3572 5372 γενεᾶς
3596 5302 3684 5364 είς
3709 5291 3819 5367 γεο’

2235 5400 2416 5462 νεὰν;
2457 5400 2495 5466 ἢ
2539 5398 2890 5466 ἐπιλήσεται
2931 5397 3038 5452 τοῦ
3081 5393 3440 5464 ι·ικτειρῆσαι
3488 5395 3521 5445 ό
3567 5391 3730 5455 Θεὸς,
3761 5389 3798 5453 ἦ

2233 5493 2480 5558 συνέξει
2510 5493 2581 5545 ἐν
2618 5491 2690 5558 τῇ
2727 5489 2873 5560 ὀργῇ
2911 5489 3052 5554 τοὺς
3078 5485 3414 5555 οὶκτιρμοὺς
3445 5482 3663 5544 αὐτοῦ;
3694 5480 3808 5534 Καὶ

2234 5585 2299 5659 δὴ
2353 5585 2487 5656 πρὸς
2528 5582 2728 5647 ταύτας
2773 5580 2874 5645 τὰς
2923 5580 3211 5652 προτάσεις
3253 5578 3351 5649 τὴν
3399 5573 3742 5631 διδασκαλίαν
3773 5571 3804 5624 ό
