3996 6210
255 296 367 357 895

1384 304 1886 364 COMMENTARIA
1926 305 1993 363 ΙΝ
2029 303 2371 363 PSALMOS.

3392 296 3496 355 89L

265 413 467 487 ’Δσάφ⁹
496 415 749 486 ἐποιεῖτο,
795 418 936 493 ὑπὲρ
983 420 1149 477 αὐτοῦ
1194 421 1287 477 τοῦ
1333 422 1566 497 Ἱδιθοὺμ
1606 426 1820 498 γράφων

1936 426 2134 481 minam
2155 425 2405 491 clamavi,
2434 440 2553 479 noce
2580 440 2695 480 mea
2713 424 2781 480 ad
2805 425 2994 490 Deum,
3020 433 3071 480 et
3096 418 3316 479 intendit
3338 418 3506 486 mihi,

254 507 350 562 τὸν
378 508 613 581 ψαλμὸν,
646 510 909 567 διδάσκων
944 531 1007 568 τε
1040 514 1200 570 αὐτὸν
1245 516 1459 585 λέγειν’
1507 518 1680 588 Φωνῇ
1711 537 1831 589 μου

254 599 411 668 πρὸς
456 599 566 653 τὸν
610 602 827 671 Κύριον
846 603 1155 675 ἐκέκραξα,
1185 606 1354 677 φωνῇ
1392 625 1512 677 μου
1551 610 1700 677 πρὸς
1728 610 1834 664 τὸν

256 688 429 752 Θεὸν,
455 691 553 744 καὶ
581 694 886 764 προσέσχε
900 712 1002 765 μοι
1018 712 1032 726 ·
1063 696 1333 751 παιδεύων
1352 698 1426 770 μὴ
1446 697 1835 770 πολυπραγμο-

252 784 364 834 νεῖν
391 781 494 845 τάς
523 784 617 838 τοῦ
652 784 786 838 Θεοῦ
816 785 1055 863 βουλάς·⁸
1093 790 1279 860 εὐχαῖς
1308 789 1366 843 δὲ
1399 789 1697 860 σχολάζειν,
1740 791 1833 844 καὶ

249 871 480 938 ταύταις
522 875 709 943 μόναις
756 879 1039 952 προσέχειν
1087 880 1179 934 τδν
1228 881 1352 935 νοῦν
1378 881 1701 936 εὐσεϐοῦντα
1740 882 1835 936 xal.

1934 526 2236 590 auctorque
2266 517 2344 572 illi
2376 525 2482 581 est.
2519 526 2577 571 ut
2610 532 2680 572 ne
2713 518 2806 574 Dei
2833 517 3063 573 consilia
3094 514 3369 570 curiosius
3400 527 3500 568 ex-

1932 611 2127 682 ploret,
2183 610 2279 667 sed
2304 609 2645 665 orationibus
2671 618 2846 674 vacet,
2884 610 3063 681 iisque
3090 608 3224 664 solis
3252 603 3510 660 intendat

1932 699 2197 765 animum,
2233 700 2421 772 pietati
2462 699 2699 754 deditum
2754 707 2808 754 et
2839 698 3043 770 judicia
3082 697 3174 752 Dei
3222 695 3501 752 celebran-

1932 799 2065 846 tem.
2114 789 2250 844 Nam
2292 788 2843 855 incomprehensibilia
2876 799 2999 844 sunt
3026 788 3233 858 judicia
3263 787 3398 856 ejus,
3445 792 3505 839 et'

1933 882 2322 954 innestigabiles
2348 884 2445 938 vim
2467 884 2579 953 ejus
2600 884 2667 936 ⁸⁸.

248 964 605 1036 εὐφημοῦντα
648 966 744 1021 τοῦ
795 967 929 1021 Θεοῦ
979 969 1082 1033 τὰς
1125 970 1354 1042 κρίσεις.
1386 971 1834 1040 Ἀνεξερεύνητα
1865 969 1971 1041 γὰρ
1999 972 2072 1027 τὰ
2094 973 2348 1042 κρίματα
2372 974 2579 1037 αὐτοῦ,
2640 971 2737 1027 καὶ
2767 971 3207 1042 ἀνεξιχνίαστοι
3256 971 3317 1024 αὶ
3370 965 3506 1023 ὁδοὶ-

246 1060 460 1114 αὐτοῦ.

323 1155 437 1209 Καῑ
490 1151 648 1221 εἶπα,
690 1157 820 1212 Νῦν
869 1158 1143 1229 ἠρξάμην
1164 1177 1178 1191 ·
1219 1160 1369 1228 αὕτη
1410 1161 1448 1228 ἡ
1501 1162 1825 1227 ἀλλοίωσις

254 1243 367 1313 τῆς
396 1245 599 1312 δεξιᾶς
630 1247 737 1303 τοῦ
767 1249 1070 1318 Ὑψίστου.
1088 1253 1232 1307 Ἂντὶ
1262 1253 1451 1308 τούτου
1486 1255 1516 1307 ό
1551 1254 1648 1326 μὲν
1678 1253 1829 1307 Ἀκύ-

250 1336 372 1409 λας,
418 1339 531 1395 Καὶ
579 1335 737 1403 εἶπα,
784 1343 1273 1413 φησὶν,ἀῤῥωστία
1316 1363 1467 1416 μου·
1515 1342 1666 1414 αὕτη
1715 1345 1825 1399 ἀλ-

250 1431 501 1496 λοίωσις
524 1430 726 1497 δεξιᾶς
766 1431 1046 1502 Ὑψίστου
1065 1450 1085 1469 α
1108 1438 1146 1491 ό.
1167 1435 1222 1490 δὲ
1255 1437 1567 1510 Σύμμαχος,
1607 1435 1828 1507 Τρῶσίς

243 1538 371 1591 μου
401 1522 575 1577 ἐστιν
601 1523 1053 1594 ἐπώευτέρωσις
1084 1526 1286 1596 δεξιᾶς
1308 1530 1414 1584 τοῦ
1456 1530 1734 1598 Ὑψίστου
1752 1532 1821 1601 ·ή

250 1609 312 1665 δὲ
364 1609 585 1682 πέμπτη
636 1611 864 1677 ἔκδυσις,
905 1614 1017 1669 Καὶ
1059 1612 1216 1681 εἶπα,
1251 1618 1434 1688 φησὶν,
1466 1617 1673 1683 ὼδῖνές
1696 1636 1823 1688 ,μου

248 1698 417 1755 εἰσιν
469 1700 790 1767 ἀλλοίωσις
830 1702 1033 1770 δεξιᾶς
1063 1706 1173 1760 τοῦ
1203 1707 1504 1777 Ὑψίστου.
1533 1708 1681 1780 Πρὸς
1713 1711 1825 1772 τοῖς

2000 1155 2171 1212 Vens.
2205 1156 2293 1210 il.
2339 1155 2407 1209 Et
2430 1154 2564 1221 dimi,
2600 1155 2767 1209 Nune
2789 1155 2940 1224 ccepi,
2974 1154 3084 1208 hate
3110 1152 3334 1206 mutatio
3368 1147 3499 1203 dea:-

1928 1258 2054 1303 terw
2078 1247 2366 1302 Altissimi.
2398 1246 2507 1300 Pro
2536 1247 2629 1301 illo
2645 1255 2840 1302 autem
2872 1247 2955 1301 sic
2985 1244 3180 1315 Aquila
3225 1243 3378 1306 dicit,
3424 1239 3499 1295 Et

1922 1339 2060 1403 dixi,
2122 1340 2419 1408 inﬁrmitas
2461 1356 2576 1393 mea
2599 1356 2618 1393 :
2647 1339 2757 1393 lucc
2804 1339 3027 1393 mutatio
3062 1337 3287 1392 dexteris
3320 1333 3495 1388 Altis-

1926 1431 2096 1495 simi;
2119 1429 2481 1501 Symmachus
2522 1445 2672 1494 vero,
2708 1430 2910 1485 Vulnus
2954 1444 3125 1483 meum
3158 1435 3236 1481 est
3282 1423 3499 1481 iteratio

1926 1521 2154 1576 dextera
2206 1521 2502 1586 Altissimi;
2544 1522 2734 1593 quinta
2772 1529 2953 1576 autem
3004 1519 3214 1576 editio:
3244 1516 3493 1581 Etdiszi,

1927 1608 2127 1679 inquit,
2158 1608 2364 1663 dolores
2407 1609 2509 1663 mei
2537 1619 2657 1664 sunt
2687 1610 2910 1664 mutatio
2943 1608 3172 1664 dextera
3208 1606 3492 1662 Altissimi.

1927 1700 2007 1756 Ad
2040 1700 2318 1771 proposita
2349 1701 2463 1771 jam
2492 1701 2678 1767 dubia,
2709 1703 2824 1759 haec
2867 1703 3019 1765 item,
3052 1700 3251 1771 inquit,
3281 1713 3496 1754 mecum

247 1791 729 1863 προηπορημένοις
753 1795 846 1847 καὶ
876 1793 1067 1861 ταῦτα,
1100 1796 1253 1870 φησὶ,
1277 1799 1415 1869 πρὸς
1443 1799 1678 1869 ἐμαυτὸν
1742 1801 1820 1853 ὲνς

1926 1793 2269 1864 reputabam,
2298 1794 2658 1865 cogitationes
2686 1795 2894 1851 scilicet
2921 1795 3043 1850 illas
3073 1794 3227 1865 queis
3250 1793 3363 1865 jam
3392 1792 3495 1848 du-

260 1879 473 1945 ενόουν,
504 1881 588 1935 ὃτι
627 1882 678 1936 οἱ
713 1883 944 1937 τοιοῦτοι
982 1885 1255 1955 λογισμοὶ,
1293 1887 1362 1940 δι’
1400 1881 1476 1943 ὧν
1490 1890 1695 1960 ἀρτίως
1727 1891 1825 1943 ὲπ-

249 1972 517 2043 ηπόρουν,
547 1974 828 2046 ἀρρωστία
868 1994 969 2047 μου
994 1979 1153 2044 εἰσὶν,
1182 1979 1215 2052 ἢ
1245 1979 1431 2045 ὠδῖνες
1455 1983 1610 2047 εἰσὶν,
1636 1981 1824 2054 ἢτρώ-

248 2079 373 2127 σας
405 2063 503 2135 μού
540 2066 802 2132 εἰσινιἘξ
828 2067 1111 2134 ἀσθενείας
1137 2070 1247 2143 γὰρ
1273 2071 1453 2144 ψυχῆς
1482 2074 1610 2138 τοὺς
1644 2074 1823 2137 τοιού-τ

247 2169 385 2218 τους
410 2157 731 2228 προήκαμεν
757 2158 965 2227 λόγους,
986 2160 1089 2214 καὶ·
1110 2161 1216 2216 ἀπὸ
1240 2162 1492 2236 τρώσεως
1511 2165 1714 2238 ψυχῆςο
1741 2185 1825 2221 τε·

239 2246 531 2317 τρωμένος
563 2248 669 2320 γὰρ
696 2251 791 2304 καὶ
816 2250 1093 2320 συναλγῶν
1118 2253 1194 2318 ὡς
1226 2256 1367 2329 ὑπὲρ
1401 2259 1594 2311 ἑαυτοῦ
1620 2260 1817 2331 μελῶνο

238 2337 385 2391 ἀλλά
413 2339 508 2393 καὶ
526 2338 729 2394 ὠδίνων
747 2341 823 2405 ὡς
847 2344 986 2415 ὑπὲρ
1014 2344 1334 2417 σπλάγχνων
1358 2349 1572 2403 οίκείων
1597 2350 1820 2405 τοιαῦτα

242 2427 615 2501 ἀφθεγξάμην.
643 2431 833 2487 Ταῦτα
862 2434 918 2487 δὲ
935 2435 1212 2500 πέπονθα,
1246 2438 1541 2511 ἐπειδήπερ
1571 2436 1709 2494 εἶδον
1726 2442 1820 2496 ἀλ·

240 2518 464 2575 λοίωσιν
515 2523 808 2596 γενομένην
857 2526 957 2597 τῆς
1003 2527 1184 2594 δεξιᾶς
1210 2527 1315 2583 τοῦ.
1346 2529 1619 2600 Ὑψίστου.
1644 2532 1818 2587 Πάλαι

247 2611 365 2684 μὲν
395 2612 506 2685 γάρ
546 2613 682 2686 αὕτη
717 2617 1102 2688 κατειργάξετο
1135 2620 1306 2675 πολλά
1350 2638 1410 2675 τε
1443 2622 1694 2694 θαύματα
1723 2624 1818 2678 καὶ

241 2703 584 2775 παραδόξους
610 2707 935 2780 ,εὐεργεσίας
957 2711 1036 2783 τῷ
1065 2710 1179 2783 λαῷ
1205 2714 1519 2785 παρέχουσα
1537 2731 1551 2745 °
1600 2716 1716 2769 νυνὶ
1759 2716 1817 2770 δὲ

246 2793 539 2859 ἀλλοίωσις
563 2798 850 2869 γεγένηται
871 2801 971 2872 τῆς
996 2801 1175 2867 δεξιᾶς
1194 2803 1288 2857 τοῦ
1315 2804 1585 2875 Ὑψίστου.
1614 2807 1705 2860 Διὸ
1724 2809 1816 2861 καὶ

245 2885 440 2951 ὠδῖνός
480 2905 549 2959 με
584 2889 844 2961 κατέσχον
863 2909 878 2922 θ
909 2892 1162 2963 ὁμολογῶ
1181 2894 1482 2966 τετρῶσθαι
1514 2896 1614 2968 τὴν
1640 2898 1815 2970 ψυχὴν

240 2977 531 3051 ἁῤῥωστίᾳ
579 2982 673 3035 καὶ
719 2983 973 3056 ἀσθενείᾳ
1000 2986 1271 3054 γνώσεως.
1303 2988 1413 3060 Τὴν
1443 2988 1500 3042 δὲ
1532 2989 1814 3045 ἀλλοίωσιν

238 3069 357 3140 τῆς
388 3070 567 3137 δεξιᾶς
612 3072 706 3127 τοῦ
744 3074 879 3129 Θεοῦ
908 3074 1116 3148 ἐώρων,
1141 3078 1685 3151 άναμιμνησκόμενος
1707 3082 1815 3137 τῶν

241 3162 495 3218 παλαιῶν
534 3163 711 3236 ἔργων
735 3167 935 3222 ἀύτοῦ.
964 3169 1055 3222 Διό
1089 3186 1278 3242 φησιν·
1319 3149 1674 3242 θἘμνήσθην
1702 3173 1821 3229 τῶν
1845 3149 1888 3207 C

239 3254 667 3325 ἔργωνβυρίου
688 3258 804 3313 ἀπὸ
827 3258 938 3327 τῆς
955 3260 1148 3331 ἀρχῆς
1166 3262 1285 3317 τῶν⁵
1304 3266 1651 3334 θαυμασίων
1678 3282 1814 3323 σου.

239 3345 357 3398 Καὶ
405 3347 711 3415 μελετήσω
759 3351 830 3404 ἐν
868 3350 1018 3407 πᾶσι
1042 3353 1166 3420 τοῖς
1195 3354 1391 3427 ἔργοις
1416 3371 1532 3411 σου
1554 3398 1570 3423 ,
1617 3359 1716 3413 καὶ
1749 3358 1820 3415 ἐν

238 3435 373 3501 τοῖς
418 3436 846 3509 ἐπιτηδεύμασί
890 3456 1007 3497 σου
1051 3442 1467 3514 ἀδολεσχήσω.
1485 3447 1624 3502 'AVO‘
1664 3442 1739 3503 ὧν
1789 3451 1819 3505 ό

242 3527 545 3599 Σύμμαχος
590 3530 786 3587 τοῦτον
829 3534 1141 3605 ἡρμήνευσε
1185 3535 1277 3589 τὸν
1319 3537 1518 3608 τρόπον
1537 3555 1550 3570 ’
1607 3540 1820 3615 Ἆνεμι-

234 3622 609 3690 μνησκόμην
647 3621 753 3688 τὰς
791 3626 1093 3693 περινοίας
1120 3628 1361 3697 Κυρίου,
1393 3628 1716 3684 ἀναπολῶν
1744 3631 1818 3686 τὰ

238 3710 464 3780 ἀρχαῖα
488 3712 770 3781 τεράστιά
811 3730 938 3771 σουε
967 3717 1067 3772 καὶ
1107 3718 1459 3789 διεμελέτων
1485 3720 1688 3788 πάσας
1711 3724 1816 3790 τὰς

241 3802 494 3874 πράξεις
516 3823 655 3871 σου,
683 3807 784 3861 καὶ
798 3809 880 3877 {rei
896 3811 1295 3881 μηχανήματά
1319 3827 1436 3869 σου
1464 3813 1812 3886 διηγούμην,

238 3894 419 3952 ταῦτα
446 3897 730 3970 ἀναφέρων
769 3902 841 3971 τῇ
886 3902 989 3972 μνή
999 3904 1333 3974 μῃ.“Επειτα
1360 3904 1456 3958 νῦν
1482 3905 1715 3972 ἀκούων,
1739 3907 1814 3972 ὡς

236 3986 332 4051 είς
362 3985 537 4051 τέλος
566 3986 816 4056 ἀπώσω,
837 3991 935 4043 καὶ
961 3990 1219 4061 ὠργίσθη
1264 3997 1298 4048 ό
1343 3995 1530 4064 θυμός
1569 4011 1687 4049 σου
1716 3996 1815 4050 ἐπὶ

238 4079 519 4147 πρόϐατα·
536 4079 727 4150 νομῆς
753 4096 892 4148 σου,
927 4085 1150 4149 εἰκότως
1174 4086 1447 4159 ἐνενόησα,
1480 4089 1560 4142 ὅτι
1588 4087 1814 4143 ἀλλοίω-

238 4170 330 4233 σίς
379 4171 495 4224 ἐστι
536 4171 635 4242 τῆς
680 4173 860 4239 δεξιᾶς
907 4174 1001 4228 τοῦ
1039 4175 1311 4246 Ὑψίστου.
1351 4179 1669 4251 Μεταϐολῆς
1705 4180 1814 4253 γὰρ

237 4259 416 4313 ταῦτα
470 4264 669 4332 σημεῖα
719 4264 813 4317 καὶ
863 4262 1197 4330 ἀλλοιώσεως
1221 4267 1327 4339 τῆς.
1356 4268 1527 4324 πάλαι·
1550 4268 1652 4323 τοῦ
1678 4268 1812 4324 Θεοῦ

240 4352 375 4423 περὶ
395 4352 487 4409 τὸν
521 4353 647 4408 λαὸν
682 4355 1025 4427 κηδεμονίας.

1929 1883 2063 1940 bius
2093 1884 2261 1942 animi
2311 1899 2484 1949 eram,
2523 1893 2618 1940 aut
2669 1884 3058 1950 inﬁrmitatem,
3105 1891 3199 1938 aut
3250 1883 3492 1951 dolores,

1928 1984 2022 2030 aut
2059 1977 2285 2035 vulnera
2329 1991 2451 2033 mea
2489 1992 2631 2033 esse.
2663 1975 2805 2031 Nam
2846 1992 2915 2032 ex
2957 1977 3151 2031 animae
3179 1975 3496 2030 inﬁrmitate

1927 2067 2066 2124 tales
2088 2083 2372 2125 sermones
2402 2069 2624 2138 protuli,
2656 2078 2869 2124 necndn
2900 2083 2976 2124 ex
2995 2067 3216 2123 vulnere
3253 2065 3447 2122 animae
3472 2083 3490 2120 :

1925 2162 2244 2218 vulneratus
2274 2176 2467 2231 nempe
2497 2168 2551 2216 et
2579 2160 2768 2217 dolore
2796 2159 3023 2216 aﬂectus
3050 2174 3172 2215 sum
3202 2157 3361 2229 quasi
3386 2170 3490 2228 pro

1925 2252 2186 2309 membris
2230 2252 2407 2318 meis;
2437 2267 2628 2308 verum
2675 2252 2847 2308 etiam
2890 2250 3049 2322 quasi
3082 2248 3271 2305 dolore
3303 2256 3492 2319 partu-

1924 2345 2074 2400 riens
2113 2358 2213 2414 pro
2252 2343 2553 2417 visceribus
2604 2343 2761 2399 meis'
2790 2343 2918 2396 talia
2963 2342 3158 2399 eﬂ'atus
3189 2355 3329 2397 sum.
3362 2338 3491 2395 Haec

1922 2449 2237 2505 porrosum
2267 2434 2737 2505 perpessus,quia
2763 2433 2873 2489 vidi
2899 2433 3099 2488 factam
3129 2432 3365 2488 dexterae
3393 2430 3489 2485 Al-

1924 2525 2125 2581 tissimi
2151 2527 2530 2584 mutationem.
2571 2524 2711 2582 Olim
2737 2525 2936 2596 quippe
2991 2524 3210 2579 dextera
3251 2524 3342 2578 illa
3386 2522 3490 2578 mi-

1923 2616 2117 2671 rabilia
2145 2617 2317 2671 multa
2343 2616 2693 2688 operabatur,
2728 2613 2993 2669 beneﬁcia
3022 2612 3359 2671 incredibilia
3388 2625 3490 2682 po-

1921 2708 2400 2778 puloconferens;
2429 2722 2575 2763 nunc
2605 2721 2734 2764 vero
2755 2705 2992 2762 dextera:
3016 2702 3230 2758 Excelsi
3257 2702 3487 2758 mutatio

1920 2797 2075 2853 facta.
2106 2806 2210 2856 est.
2258 2797 2880 2866 Quamobremdolores
2908 2811 2996 2851 me
3025 2793 3360 2857 detinebant,
3412 2791 3490 2848 fa-

1919 2895 2144 2962 teorque
2164 2905 2252 2946 me
2271 2891 2454 2945 animo
2482 2890 2825 2946 vulneratum
2845 2905 2919 2945 ex
2944 2886 3135 2942 morbo
3166 2894 3220 2942 et
3255 2884 3488 2941 inﬁrmi-

1921 2990 2033 3038 tate
2097 2981 2448 3053 cognitionis.
2500 2980 2857 3037 Mutationem
2912 2995 3041 3036 vero
3098 2980 3334 3036 dexterae
3386 2975 3486 3033 Dei

1919 3074 2345 3145 conspiciebam,
2394 3073 2717 3130 recordatus
2768 3072 2985 3127 illorum
3032 3071 3309 3143 quondam
3357 3084 3488 3141 ope-

1918 3180 2040 3219 rum
2070 3165 2217 3235 ejus.
2242 3164 2585 3237 Quapmpter
2605 3164 2683 3219 ait
2707 3183 2732 3221 ι
2755 3193 2822 3204 -
2847 3162 3012 3218 Vens.
3046 3161 3134 3226 12,
3168 3162 3253 3215 15.
3281 3158 3498 3214 Memor

1917 3258 1999 3328 [ui
2023 3273 2236 3327 operum
2266 3257 2500 3318 Domini,
2526 3256 2601 3311 ab.
2622 3258 2773 3312 initio
2799 3256 3123 3311 mirabilium
3152 3264 3361 3308 tuorum
3387 3268 3406 3307 :
3434 3260 3485 3307 et

1918 3349 2208 3405 meditabor
2233 3350 2293 3405 in
2318 3348 2557 3404 omnibus
2577 3348 2817 3418 operibus
2851 3348 2977 3413 tuis,
3009 3357 3058 3402 et
3080 3348 3136 3401 in
3159 3345 3484 3400 adiacentia-

1916 3443 2067 3499 nibus
2117 3443 2224 3497 tuis
2269 3443 2564 3499 exercebar.
2600 3441 2707 3497 Pro
2741 3442 2941 3512 quibus
2984 3439 3345 3512 Symmachus
3379 3438 3494 3494 hoc

1917 3534 2078 3589 modo
2120 3534 2512 3605 interpretatus
2558 3543 2652 3591 est.
2678 3552 2693 3590 :
2723 3532 3057 3588 Recordabar
3104 3531 3487 3602 cogitationum

1901 3624 2150 3694 'Domini,
2178 3627 2354 3680 animo
2384 3626 2589 3682 uoluens
2613 3628 2830 3697 antiqua
2853 3623 3094 3695 prodigia
3127 3632 3241 3677 tua.
3277 3621 3343 3677 Et
3373 3639 3483 3677 nte-

1915 3717 2128 3772 ditabar
2173 3734 2350 3773 omnes
2388 3719 2618 3773 actiones
2660 3726 2802 3781 tuas,
2839 3727 2889 3771 et
2935 3716 3354 3770 machinamenta
3386 3723 3482 3768 tua

1915 3810 2224 3876 narrabam,
2252 3810 2367 3867 haec
2392 3811 2653 3867 memoria
2674 3817 2947 3880 repetens.
2967 3806 3172 3863 Deinde
3202 3822 3331 3862 vero
3352 3822 3489 3861 cum.

1908 3902 2026 3972 jam
2052 3902 2295 3967 audiam,
2333 3902 2608 3974 quomodo
2653 3901 2895 3972 repulisti
2924 3902 2980 3955 in
3012 3901 3189 3970 ﬁnem,
3229 3908 3278 3953 et
3307 3899 3489 3952 iratus

1912 4003 1990 4049 est
2019 3994 2173 4063 furor
2211 4004 2334 4049 tuus
2382 4010 2537 4065 super
2580 4011 2696 4050 oves
2725 4009 2935 4064 pascuae
2985 4001 3088 4047 tua:
3108 3991 3335 4061 “;jure
3370 3989 3480 4061 opi-

1913 4094 2076 4142 natus
2107 4103 2228 4144 sum
2252 4101 2374 4143 esse
2394 4087 2752 4141 mutationem
2777 4085 3014 4142 dextera:
3040 4082 3327 4140 Altissimi.
3354 4081 3490 4137 Hrec-

1912 4177 2113 4248 quippe
2164 4176 2319 4248 signa
2366 4186 2493 4232 sunt
2542 4178 2857 4233 mutationis
2909 4174 3027 4242 Dei,
3080 4189 3146 4229 ac
3188 4173 3489 4228 amotionis

1911 4268 2034 4336 ejus
2054 4269 2121 4324 ab
2150 4268 2264 4334 illa,
2294 4283 2457 4340 quam
2496 4268 2625 4323 olim
2662 4268 2730 4324 de
2757 4267 2958 4338 populo
2982 4266 3225 4338 gerebat,
3274 4262 3485 4320 sollici-

1913 4359 2121 4414 tudine.

322 4443 378 4496 '0
390 4445 583 4549 '92ch
703 4445 783 4549 τῷ
809 4449 955 4546 ξίγίῳ
1045 4448 1184 4549 csa;-
1201 4450 1390 4534 αὐτοῦ
1413 4466 1433 4486 ⁸
1456 4452 1548 4519 τίς
1560 4451 1695 4519 θεὸς
1714 4452 1820 4522 μέ-

1985 4451 2151 4508 Vsas.
2182 4451 2269 4513 ιι.
2306 4450 2395 4506 15.
2434 4449 2600 4515 Deus,
2642 4449 2697 4503 in
2724 4449 3016 4503 sanctooia
3041 4448 3154 4517 ejus
3175 4448 3324 4518 :quis
3348 4446 3484 4503 deus:

241 4534 455 4604 γαςιῖκε
476 4538 509 4589 ό
542 4535 689 4602 Θεὸς
711 4535 916 4605 ἠμῶν;
939 4538 1024 4593 Σὺ
1048 4535 1106 4594 εἷ
1126 4543 1160 4594 ό
1189 4541 1332 4608 Θεὸς
1360 4528 1393 4596 ό
1440 4539 1627 4596 ποιῶν
1672 4545 1814 4598 θαυ-

234 4624 452 4695 μάσια.
478 4626 589 4698 Τὴν
616 4626 900 4683 ἀλλοίωσιν
934 4630 1036 4701 τῆς
1075 4630 1254 4697 δεξιᾶς
1278 4632 1372 4686 τοῦ
1410 4632 1661 4703 Ὑψίστου
1692 4650 1818 4688 συν-

240 4712 370 4766 ιδὼν
398 4716 565 4768 ὁποῖα.
586 4715 882 4787 εἰργάσατο
901 4728 916 4742 ’
949 4717 1070 4772 ἀντὶ
1103 4719 1212 4791 γὰρ
1241 4721 1360 4785 ὲνὸς
1390 4720 1575 4786 ἔθνους
1600 4722 1817 4777 πάντων

238 4805 353 4859 τῶν
380 4805 554 4860 ἐθνῶν
586 4807 903 4879 εὐεργετικὴ
943 4809 1180 4881 κατέστη
1204 4829 1220 4844 ⁸
1253 4813 1435 4867 οὐκέτι
1460 4813 1569 4885 γὰρ
1591 4814 1672 4867 ἑνὶ
1701 4812 1816 4883 λαῷ

236 4895 343 4967 τὴν
369 4894 599 4967 δύναμιν
619 4896 807 4962 αὑτοῦ,
833 4897 969 4951 ἀλλά
990 4899 1086 4952 καὶ
1113 4901 1246 4954 πᾶσι
1266 4904 1379 4966 τοῖς
1396 4901 1572 4957 ἔθνεσι
1598 4903 1690 4957 καὶ
1711 4905 1816 4957 πᾶ-

238 5002 297 5040 σι
335 4987 447 5050 τοῖς
475 4986 623 5051 laci;
668 4986 959 5061 ἐγνώρισεο
1011 4990 1201 5062 διόπερ
1237 4991 1670 5065 ἐκπληττόμενος
1718 4993 1814 5059 καὶ

200 5074 662 5148 ἀποθαυμάζων,
685 5080 861 5151 φημῢ
893 5084 926 5135 ὀ
973 5081 1134 5149 Θεὸς,
1165 5082 1235 5136 ἐν
1280 5082 1360 5149 τῷ
1403 5084 1548 5154 ἁγίῳ
1587 5085 1626 5153 ἡ
1673 5084 1812 5151 ὁδός

232 5185 357 5225 σου
383 5187 397 5200 ⁸
425 5170 678 5225 ἐπέκεινα
703 5171 812 5244 γάρ
848 5174 964 5228 ἐστι
996 5174 1097 5244 τῆς
1122 5174 1320 5246 θνητῆς
1351 5175 1615 5248 φύσεωςή
1645 5179 1813 5234 κατά-

229 5260 402 5332 ληψις
432 5261 533 5332 τῆς
569 5263 689 5317 ὁδοῦ
733 5280 855 5320 σου·
886 5265 1014 5320 ὥστ’
1049 5267 1115 5322 ἂν
1142 5268 1378 5336 εὐλόγως
1409 5269 1576 5338 φάναι
1621 5271 1709 5325 τό·
1745 5273 1807 5328 Ὠ

221 5352 427 5419 ,ϐάθος
458 5356 723 5411 πλούτου
750 5358 849 5412 καὶ
877 5360 1096 5429 σοφίας
1117 5361 1216 5414 καὶ
1240 5360 1515 5431 γνώσεως
1542 5364 1711 5430 Θεοῦ,
1728 5366 1808 5432 ὡς

230 5440 675 5511 ἁνεξερεύνητα
702 5445 776 5501 τὰ
803 5448 1057 5517 κρίματα
1093 5450 1304 5515 αὐτοῦ,
1338 5452 1436 5506 καὶ
1468 5451 1809 5522 ἀνεξιχνία-

228 5543 374 5587 στοι
405 5537 467 5590 αἱ
499 5534 625 5591 ὁδοί
666 5538 873 5594 αὑτοῦ.
907 5541 1099 5596 οὐκέτ’
1125 5536 1218 5597 οὖν
1245 5543 1510 5617 προσήκει
1534 5544 1810 5617 πολυπρα-

1919 4558 2142 4614 magnus
2168 4544 2306 4597 sicut
2338 4541 2479 4597 Deus
2511 4543 2723 4596 noster?
2751 4549 2807 4593 tu
2833 4557 2886 4595 es
2920 4540 3069 4595 Deus,
3098 4541 3187 4610 qui
3214 4540 3347 4609 facis
3372 4540 3482 4594 nti-

1916 4634 2132 4690 rabilia.
2177 4633 2314 4690 Cum
2363 4634 2576 4689 videam
2627 4632 2977 4689 mutationem
3030 4631 3264 4686 dexterze
3303 4631 3474 4686 Altis-

1916 4728 2062 4793 simi,
2087 4734 2142 4784 et
2171 4727 2353 4798 qualia
2377 4735 2601 4797 operata
2631 4725 2740 4792 sit;
2773 4738 2900 4778 nam
2931 4724 3094 4780 unius
3146 4724 3322 4794 gentis
3352 4722 3483 4777 loco.

1910 4818 2025 4889 jam
2056 4819 2315 4875 omnibus
2346 4818 2600 4889 gentibus
2632 4815 2872 4873 benefica
2902 4823 3018 4883 est;
3050 4830 3158 4869 non
3200 4813 3344 4869 enim
3379 4812 3476 4868 uni

1917 4911 2122 4983 popqu
2149 4918 2209 4966 ut
2253 4910 2406 4974 olim,
2455 4909 2553 4965 sed
2595 4907 2850 4965 omnibus
2878 4906 3129 4978 gentibus
3162 4912 3217 4961 et
3260 4904 3484 4976 populis

1916 5003 2171 5057 virtutem
2199 5014 2352 5056 suam
2388 5005 2573 5054 mum
2607 4997 2773 5064 fecit;
2803 4996 2925 5052 ideo
2959 5004 3185 5067 stupens
3224 5003 3280 5050 et
3308 4995 3447 5051 mira

1915 5091 2133 5148 bundns
2180 5091 2308 5145 aio:
2337 5089 2499 5156 Deus,
2550 5091 2604 5144 in
2647 5097 2829 5144 sancto
2851 5089 2934 5143 nia
2978 5099 3100 5153 tua;
3135 5088 3334 5144 etenim
3374 5086 3482 5143 vim

1916 5191 2022 5241 tua:
2062 5182 2475 5253 comprehensio
2526 5181 2818 5245 humanam
2861 5187 3112 5236 naturam
3152 5185 3475 5247 exsuperat;

1913 5275 1988 5330 ita
2016 5282 2076 5329 ut
2106 5275 2198 5330 hic
2243 5275 2489 5346 apposite
2523 5273 2737 5328 dicatur
2768 5292 2782 5327 :
2817 5271 2860 5328 0
2895 5271 3123 5327 altitudo
3145 5270 3468 5330 divitiarum,

1910 5365 2186 5435 sapientia:
2233 5373 2282 5419 et
2327 5364 2559 5419 scientia
2604 5362 2715 5428 Dei,
2751 5379 2909 5434 quam
2934 5354 3473 5430 incomprehensibilia

1912 5465 2036 5512 sunt
2052 5456 2260 5527 judicia
2280 5457 2416 5526 ejus,
2458 5465 2506 5511 el
2541 5454 2931 5526 investigabiles
2962 5454 3057 5508 via:
3098 5449 3213 5518 ejus
3239 5447 3318 5501 "l
3348 5443 3472 5501 Non

1916 5548 2059 5603 ultra
2087 5563 2215 5620 ergo
2242 5549 2458 5605 curiose
2498 5548 2797 5621 inquirere,
2826 5553 2917 5600 aut
2948 5550 3155 5601 secreta
3180 5538 3476 5611 explorare

330 5691 378 5724 "
416 5690 575 5749 Rom.
612 5708 700 5760 XI,
734 5695 823 5752 55.
900 5697 941 5729 ⁸⁸
983 5695 1129 5756 Psal.
1165 5713 1360 5767 tum,
1401 5701 1450 5756 l.
1525 5700 1571 5733 ”
1612 5698 1768 5755 Rom.
1802 5716 1893 5766 xi,
1928 5701 2018 5757 55.
