4008 6210
519 299 628 355 895

1230 287 1495 346 EUSEBII
1527 285 2002 344 CESARIENSIS
2036 284 2188 343 OPP.
2225 283 2404 340 PARS
2431 282 2520 351 lli.
2561 309 2629 323 —
2655 275 3064 338 EXEGETICA.

3659 279 3777 336 896

521 414 772 474 convenit
803 429 964 470 :nam
997 413 1112 484 quis
1158 413 1298 467 novit
1326 428 1536 466 sensum
1572 411 1810 476 Domini,
1843 419 1933 464 aut
1964 411 2081 480 quis

2185 406 2572 479 γμονεϊν,οὒδέ
2612 405 2684 458 τά
2723 405 3013 475 ἀπόρρητα
3059 398 3463 473 διερευνᾶσθαι*
3514 401 3608 468 τίς
3655 403 3774 474 γὰρ
3829 425 3832 427 λ

518 508 856 566 consiliarius
904 510 1017 576 ejus
1047 505 1243 575 fuit"?
1275 503 1484 561 Idcirco
1527 504 1656 560 dum
1707 504 1823 560 haec
1860 504 2084 575 cogitat,

515 598 930 672 obstupefactus
963 600 1032 656 de
1078 599 1448 670 profunditate
1495 598 1774 669 sapientiae
1824 596 1919 654 Dei
1966 599 2085 656 ait:

521 694 681 760 Deus,
707 694 761 746 in
788 701 970 747 sancto
992 691 1077 746 via
1106 700 1198 744 tua
1215 691 1362 761 :quis
1389 689 1514 744 deus
1537 705 1759 761 magnus
1782 690 1918 743 sicut
1949 688 2088 744 Deus

515 788 736 840 noster?
771 795 828 838 tu
851 800 910 839 es
929 783 1070 838 Deus
1093 784 1184 853 qui
1207 782 1342 854 facis
1377 781 1664 836 mirabilia.
1700 781 1831 848 Quae
1860 782 1970 837 sint
1999 781 2090 836 illa

520 875 789 930 mirabilia
831 875 935 932 sub
960 875 1074 930 haac
1106 875 1498 944 interpretatur
1525 873 1714 930 dicens
1739 893 1751 929 :
1780 871 1979 928 Notam
2016 872 2093 942 fe-

516 969 640 1022 cisti
673 969 730 1022 in
760 968 967 1036 populis
991 969 1235 1022 virtutem
1261 976 1445 1030 tuam;
1467 981 1564 1037 pro
1587 980 1697 1037 quo
1726 964 2091 1037 Symmachus

511 1058 710 1124 edidit,
743 1057 941 1113 Notam
966 1059 1137 1128 fecisti
1163 1059 1220 1112 in
1256 1056 1495 1129 gentibus
1529 1057 1895 1126 fortitudinem
1920 1067 2088 1111 tuam.

513 1148 654 1204 Nam
704 1149 1163 1219 quemadmodum
1205 1150 1334 1204 olim
1368 1148 1556 1220 (Vens.
1590 1149 1677 1221 l6)
1728 1149 1996 1205 redemisti
2036 1151 2090 1204 in

479 1238 734 1295 brachio
777 1249 866 1293 tuo
900 1240 1148 1309 populum
1189 1250 1358 1302 tuum,
1398 1239 1538 1309 filios
1576 1237 1744 1294 Jacob
1783 1247 1834 1293 et
1861 1238 2090 1308 Ioseph,

511 1329 739 1401 quando
781 1330 982 1386 liberos
1022 1345 1117 1385 eos
1161 1329 1401 1386 eduxisti
1451 1345 1518 1385 ex
1551 1338 1698 1386 terra
1737 1329 1979 1402 Egypti,
2022 1346 2091 1386 ex

517 1420 685 1475 domo
735 1421 1054 1487 servitutis;
1101 1422 1292 1478 eodem
1323 1437 1541 1492 quoque
1595 1421 1754 1479 modo
1779 1423 1916 1492 jam,
1965 1439 2090 1478 cum

517 1511 664 1569 facta
692 1521 777 1570 est
824 1516 1054 1569 mutatio
1084 1515 1322 1570 dexterae
1356 1515 1649 1581 Altissimi,
1693 1525 1878 1570 notam
1917 1516 2091 1572 fecisti

517 1606 574 1662 in
605 1606 820 1677 populis
845 1607 1101 1664 virtutem
1137 1616 1306 1673 tuam,
1338 1614 1394 1664 et
1443 1608 1498 1664 in
1529 1609 1781 1680 gentibus
1810 1608 2091 1665 fortitudi~

516 1714 643 1756 nem
672 1709 846 1757 tuam.

594 1895 757 1954 Vens.
801 1898 888 1953 17.
938 1897 1190 1954 Viderunt
1243 1909 1292 1955 te
1348 1917 1520 1972 aqum,
1561 1902 1722 1966 Deus,
1758 1899 1997 1956 viderunt
2041 1910 2090 1954 te

515 2007 689 2061 aquae,
731 1999 780 2045 et
815 1991 1124 2058 timuerunt,
1151 2001 1200 2047 et
1235 1993 1461 2049 turbata
1481 2003 1605 2048 sunt
1648 1993 1846 2063 abyssi.
1885 1991 2089 2046 Admo-

509 2085 644 2137 dum
673 2095 1069 2155 consequenter
1122 2096 1406 2160 postquam
1459 2089 1694 2153 dixerat,
1756 2085 1956 2140 Notam
2010 2085 2090 2156 fe-

509 2176 632 2232 cisti
665 2177 720 2230 in
739 2178 946 2247 populis
968 2180 1213 2235 virtutem
1247 2191 1416 2248 tuam,
1449 2183 1585 2248 sive,
1611 2181 1910 2238 secundum
1939 2179 2091 2252 εγω.

515 2267 798 2332 machum,
854 2269 1057 2326 Notam
1110 2273 1284 2344 fecisti
1325 2275 1381 2329 in
1431 2274 1669 2346 gentibus
1725 2271 2088 2344 fortitudinem

515 2364 684 2422 tuam,
709 2358 889 2415 futura
926 2365 1255 2434 vaticinans,
1284 2366 1542 2422 virtutem
1576 2364 1713 2420 Novi
1753 2362 2088 2422 Testamenti

516 2449 832 2528 prophetiae
863 2452 1323 2522 declarat.‘Qnare
1351 2455 1430 2510 ait
1482 2474 1496 2511 :
1541 2454 1799 2510 Viderunt
1829 2463 1877 2510 te
1909 2471 2084 2526 aquw,

517 2535 680 2604 Deus,
705 2539 943 2596 viderunt
974 2552 1020 2598 te
1048 2561 1219 2615 aqum,
1248 2555 1297 2601 et
1340 2548 1648 2601 timuerunt.
1679 2546 1835 2603 Sicut
1859 2546 2002 2602 enim
2031 2546 2088 2601 in

515 2629 572 2685 in
602 2633 750 2688 exitu
774 2635 902 2688 olim
938 2635 1170 2690 ﬁliorum
1196 2636 1363 2693 lsrael
1389 2654 1453 2694 ex
1496 2638 1751 2708 Egypto,
1782 2653 1928 2690 mare
1959 2635 2086 2690 vidit

512 2735 564 2782 et
593 2729 750 2799 fugit,
772 2727 1030 2784 Jordanis
1062 2746 1339 2786 conversus
1375 2741 1452 2785 est
1474 2740 1763 2785 retrorsum
1787 2729 1865 2795 “;
1895 2727 2085 2782 eodem

515 2819 679 2873 modo
713 2820 769 2874 in
799 2820 1035 2876 adventu
1079 2820 1468 2887 Emmanuelis,
1532 2821 1607 2892 (id
1662 2827 1768 2885 est,
1816 2819 2086 2875 nobiscum

517 2906 704 2982 Deus,)
729 2925 852 2965 eum
877 2913 1112 2968 accessit
1133 2913 1200 2967 ad
1229 2911 1522 2968 Iordanem
1549 2911 1794 2976 ﬂuvium,
1829 2925 1983 2980 aqua:
2004 2913 2085 2966 vi-

513 2997 708 3054 dentcs
728 3013 850 3053 eum
882 3007 1106 3070 stupore
1140 3003 1405 3074 perculsa:
1423 3010 1570 3058 sunt.
1596 3003 1739 3068 Quin
1763 3003 1924 3058 etiam
1943 3004 2084 3057 mul-

2186 501 2338 569 ἕγνω
2367 498 2520 553 νοῦν
2556 497 2800 565 Κυρίου,
2827 495 2865 565 ἣ
2905 495 2997 560 τίς
3038 493 3382 564 σύμϐουλος
3405 493 3595 548 αὐτοῦ
3638 494 3774 564 ἐτέ-

2186 606 2363 656 νετο;
2392 591 2484 645 Διὸ
2513 588 2651 644 κατά
2677 588 2868 661 καιρὸν
2888 584 3056 641 ταῦτα
3076 585 3354 656 ἐννοήσας,
3385 585 3773 658 ὑπερεκπλητ-

2185 697 2337 736 τεται
2382 679 2442 735 τὸ
2474 679 2636 751 βάθος
2665 679 2766 751 τῆς
2813 679 3006 747 σοφίας
3037 675 3130 730 τοῦ
3163 673 3331 744 Θεοῦ,
3354 675 3448 729 καί
3479 693 3672 747 φησιν·
3715 678 3772 730 '0

2189 771 2354 838 Θεὸς,
2392 770 2462 825 ἐν
2494 768 2572 835 τῷ
2598 769 2744 840 ἁγίῳ
2770 769 2808 836 ἠ
2837 767 2978 834 ὁδός
3005 781 3122 822 σου
3143 781 3158 797 ⁸
3191 765 3283 832 τίς
3327 765 3463 833 θεὸς
3475 767 3664 836 μέγας
3687 766 3771 832 ὡς

2187 869 2221 921 ὁ
2253 867 2398 931 Θεὸς
2433 862 2639 935 ἡμῶν;
2683 863 2763 918 σὺ
2797 858 2856 917 εἴ
2889 864 2921 916 ό
2962 859 3108 926 Θεὸς
3149 861 3182 913 ό
3229 854 3416 910 ποιῶν
3440 855 3765 928 θαυμάσια.

2187 960 2325 1013 Ποῖα
2353 959 2410 1013 δέ
2439 957 2714 1029 θαυμάσια
2737 954 3084 1027 διερμηνεύει
3112 949 3240 1022 ea;
3263 949 3462 1004 εἰπών·
3498 951 3771 1019 Ἐγνιὲερι-

2189 1064 2306 1115 σας
2351 1048 2422 1102 ἐν
2466 1048 2591 1115 τοῖς
2644 1044 2816 1112 λαοῖς
2863 1044 2979 1114 τὴν
3023 1042 3283 1112 δύναμίν
3330 1057 3479 1096 σου’
3505 1041 3623 1096 ἀνθ’
3647 1034 3712 1094 οὗ
3739 1044 3772 1097 6

2190 1139 2486 1212 Σύμμαχος
2541 1139 2768 1204 ἐξέδωκε
2789 1155 2802 1168 ·
2839 1133 3137 1203 Γνωστὴν
3182 1133 3477 1201 ἐποίησας
3515 1133 3587 1187 ἐν
3640 1133 3769 1200 τοῖς

2189 1233 2392 1288 ἔθνεσι
2417 1232 2532 1300 τὴν
2561 1232 2742 1302 ἰσχύν
2779 1229 3133 1298 σου.Ὤσπερ
3166 1225 3275 1298 γὰρ
3307 1225 3621 1295 ἐλυτρώσω
3657 1226 3768 1278 πά-

2188 1326 2276 1379 λαι
2310 1324 2440 1379 ποτέ
2461 1325 2532 1378 ἐν
2553 1322 2632 1390 τῷ
2659 1321 2934 1393 βραχίονί
2979 1337 3095 1375 σου
3140 1317 3245 1372 τὸν
3275 1318 3428 1373 λαόν
3464 1333 3600 1383 σου,
3623 1318 3772 1384 τοὺς

2189 1415 2358 1482 υἱοὺς
2391 1413 2590 1468 Ἰακὼϐ
2616 1413 2712 1467 καὶ
2750 1411 2984 1480 Ἰωσὴφ,
3016 1409 3092 1463 ὅτ’
3120 1409 3440 1480 ὴλευθέρους
3474 1409 3671 1472 αὐτοὺς
3701 1409 3774 1461 ἐκ

2189 1509 2291 1580 γῆς
2321 1506 2619 1576 Αἰγύπτου,
2653 1505 2712 1573 ἐξ
2753 1504 2900 1558 οἴκου
2949 1502 3193 1566 δουλείας
3231 1501 3322 1556 τὸν
3362 1501 3514 1555 αὑτὸν
3559 1501 3776 1572 τρόπον

2189 1599 2285 1652 καὶ
2313 1597 2428 1662 νῦν,
2457 1599 2546 1651 ὅτε
2575 1597 2798 1667 γέγονεν
2832 1595 3116 1658 ἀλλοίωσις
3143 1594 3241 1665 τῆς
3273 1593 3451 1660 δεξιᾶς
3479 1593 3570 1647 τοῦ
3604 1593 3782 1664 Ὑψίο

2192 1707 2341 1754 στου,
2373 1688 2677 1760 ἐγνώρισας
2723 1691 2781 1742 ἐν
2821 1692 2934 1753 τοῖς
2967 1688 3113 1752 λαοῖς
3138 1686 3236 1759 τὴν
3267 1685 3494 1757 δύναμίν
3521 1702 3635 1750 σου,
3670 1686 3780 1739 καὶ

2120 1757 2162 1813 Β
2191 1784 2250 1835 ἐν
2278 1784 2391 1846 τοῖς
2416 1757 2599 1834 ἐθνεσι
2626 1781 2724 1852 τὴν
2759 1778 2913 1849 ἰσχύν
2947 1795 3062 1832 σου.

2260 1892 2527 1949 Εἶδοσάν
2550 1907 2624 1946 σε
2652 1892 2863 1956 ὕδατα,
2885 1895 2918 1946 ό
2951 1892 3096 1957 Θεὸς
3114 1932 3129 1957 ,
3161 1889 3410 1945 εἶδοσὰν
3435 1905 3510 1944 σε
3540 1890 3736 1944 ὕδατα
3754 1931 3774 1954 ,

2187 1983 2285 2037 καὶ
2321 1981 2710 2053 ἐφοϐήθησαν
2728 2021 2744 2048 ,
2779 1981 2878 2035 καὶ
2924 1980 3345 2052 ἐταράχθησαν
3383 1983 3442 2034 al
3483 1981 3773 2035 ἄϐυσσοι.

2187 2075 2400 2147 Σφόδρα
2429 2073 2736 2139 ἀκολούθως
2762 2073 3061 2148 προειπὼν,
3130 2072 3486 2143 Ἐγνώρισας
3527 2073 3596 2126 ἐν
3637 2073 3779 2140 τοῖς

2185 2167 2356 2233 λαοῖς
2403 2166 2517 2236 τὴν
2564 2166 2821 2246 δύναμιν
2851 2181 2997 2221 σου·
3058 2167 3092 2238 ἦ
3127 2167 3271 2221 κατά
3299 2167 3393 2222 τὸν
3440 2167 3774 2239 Σύμμαχον,

2186 2257 2482 2328 Γνωστὴν
2501 2258 2794 2327 ἐποίησας
2813 2259 2885 2313 ἐν
2901 2257 3026 2324 τοῖς
3046 2258 3250 2314 ἔθνεσι
3273 2258 3390 2327 τὴν
3414 2260 3599 2329 ἰσχύν
3620 2275 3777 2327 σου,

2186 2351 2482 2423 παρίστησι
2509 2351 2607 2422 τὴν
2638 2349 2864 2422 δύναμιν
2889 2351 2988 2423 τῆς
3016 2351 3223 2420 Καινῆς
3241 2349 3520 2423 Διαθήκης
3551 2367 3785 2422 προφης-

2186 2443 2351 2507 τικῶς
2368 2442 2438 2496 τὰ
2461 2443 2718 2513 μέλλοντα
2741 2443 3032 2508 θεσπίζων.
3064 2444 3156 2497 Διό
3183 2461 3346 2515 φησιν
3361 2461 3376 2474 ⁸
3405 2442 3672 2498 εῑδοσάν
3693 2460 3782 2497 σε

2185 2534 2396 2601 ὕδατα,
2414 2538 2446 2589 d
2464 2535 2625 2602 Θεὸς,
2648 2534 2897 2589 εἷδοσάν
2914 2552 2988 2590 σε
3010 2535 3216 2601 ὕδατα,
3239 2535 3337 2589 καὶ
3355 2533 3777 2604 ἐφοϐήθησαν.

2188 2627 2399 2700 ’Ὠσπερ
2427 2627 2536 2701 γὰρ
2569 2628 2735 2682 πάλαι
2758 2629 2887 2682 ποτέ
2910 2629 3003 2681 ἐπὶ
3021 2629 3129 2700 ,τῆς
3155 2627 3212 2692 ἐξ
3230 2628 3503 2698 Αἰγύπτου
3535 2627 3780 2698 πορείας

2184 2717 2294 2772 τῶν
2324 2719 2455 2772 υἱῶν
2498 2719 2712 2792 Ἰσραὴλ
2735 2759 2751 2783 ,
2799 2719 2839 2786 ἠ
2875 2718 3158 2774 θάλασσα
3185 2715 3340 2782 εἶδε,
3390 2718 3484 2771 καί
3516 2716 3777 2787 ἔφυγεν,

2187 2813 2220 2865 ό
2256 2809 2554 2880 Ἰορδάνης
2574 2809 2841 2879 ἐστράφη
2865 2812 2953 2876 είς
2980 2811 3053 2864 τὰ
3072 2811 3265 2864 ὀπίσω
3280 2827 3294 2840 ·
3329 2809 3421 2863 τὸν
3447 2809 3611 2863 αὐτὸν
3632 2809 3774 2880 τρό-

2186 2908 2286 2956 πον
2328 2901 2421 2956 καὶ
2465 2901 2608 2956 κατά
2646 2902 2744 2974 τὴν
2790 2894 3094 2974 παρουσίαν
3135 2901 3228 2956 τοῦ
3278 2900 3641 2973 Ἐμμανουήλ,
3663 2900 3775 2971 δη-

2184 2994 2317 3066 λαδὴ
2354 2993 2448 3048 τοῦ
2485 2995 2604 3066 μεθ’
2633 2994 2790 3068 ἡμῶν
2831 2994 2966 3048 Θεοῦ
2987 3034 3002 3058 ,
3044 2994 3280 3066 ὁπηνίκα
3312 2994 3514 3066 παρῄει
3540 2993 3633 3046 ἐπὶ
3661 2993 3774 3047 τὸν

512 3089 690 3145 titudo
723 3092 1050 3162 populorum
1089 3093 1142 3148 in
1176 3093 1439 3150 Ecclesiis
1488 3093 1583 3150 Dei
1630 3095 1878 3158 collecta,
1925 3096 2081 3166 aquis

2196 3085 2464 3158 Ἰορδάνην
2495 3085 2759 3156 ποταμὸν,
2789 3085 2966 3139 ἰδόντα
2988 3086 3151 3140 αὑτὸν
3174 3085 3242 3140 τὰ
3271 3084 3439 3140 ὕδατα
3462 3084 3767 3156 ἐξεπλάγη.

512 3178 822 3236 consimilis
853 3179 1043 3252 (Vens.
1081 3183 1166 3253 18)
1200 3184 1501 3240 secundum
1550 3186 1929 3257 propheticum
1969 3201 2087 3241 ser-

513 3285 753 3336 monem,
800 3272 912 3328 Vox
940 3277 1173 3344 gentium
1202 3275 1515 3342 multarum,
1550 3278 1744 3332 similis
1777 3280 1928 3351 aquis
1955 3279 2086 3332 mul-

511 3361 582 3416 tis
605 3361 673 3426 ⁸⁸,
710 3360 878 3418 Deum
937 3364 1084 3420 inter
1119 3355 1368 3424 homines
1411 3368 1846 3440 peregrinantem
1886 3371 2083 3426 mentis

511 3453 687 3510 oculis
707 3454 924 3520 videns,
955 3457 1182 3513 salutari
1212 3458 1408 3514 timore
1443 3467 1694 3531 correpta
1727 3468 1832 3526 est,
1876 3460 1945 3516 de
1972 3477 2082 3532 quo

509 3542 734 3613 dicitur,
779 3546 1003 3603 Initium
1051 3550 1328 3619 sapientia:
1380 3551 1538 3605 timor
1590 3551 1687 3604 Dei
1723 3551 1790 3610 ⁸⁸.
1826 3551 2080 3618 Quandiu

508 3637 659 3694 enim
685 3653 838 3709 aqua!
869 3641 973 3698 illa;
1023 3656 1180 3696 caeca:
1224 3651 1401 3708 erant,
1445 3642 1615 3699 Deum
1647 3659 1756 3699 non
1799 3644 2076 3710 videbant,

509 3744 614 3787 nec
639 3731 836 3788 timore
859 3733 980 3802 ejus
1001 3733 1207 3789 affecta
1232 3745 1420 3804 erant;
1444 3751 1593 3791 nunc
1617 3745 1796 3792 autem
1825 3751 2077 3806 magnam

509 3823 803 3882 utilitatem
835 3840 899 3880 es
931 3827 1394 3898 contemplatione
1446 3837 1502 3885 et
1552 3829 1868 3900 cognitione
1913 3827 2078 3884 Verbi

509 3913 657 3981 apud
689 3928 748 3968 se
776 3915 1182 3984 peregrinantis
1211 3928 1562 3989 acceperunt.
1593 3918 1944 3990 Rursumque
1991 3935 2079 3975 se-

506 4001 750 4058 cundum
785 4003 1091 4069 historiam,
1126 4021 1250 4061 cum
1291 4006 1550 4063 Servator
1581 4009 1882 4079 discipulos
1909 4009 2078 4080 jussit

508 4095 807 4152 ascendere
850 4099 906 4152 in
932 4100 1244 4156 naviculam
1275 4110 1330 4156 et
1362 4101 1750 4170 transfretare;
1796 4108 1852 4157 et
1880 4110 2078 4172 quarta

508 4187 694 4258 vigilia
725 4191 904 4245 noctis
944 4191 1092 4245 venit
1123 4191 1190 4246 ad
1239 4207 1335 4248 eos
1367 4193 1653 4247 ambulans
1682 4208 1849 4263 supra
1885 4208 2073 4260 mare;

505 4285 644 4334 tunc
673 4281 839 4335 etiam
869 4279 1122 4336 viderunt
1156 4296 1280 4338 eum
1313 4298 1468 4354 aquae
1495 4288 1548 4338 et
1571 4283 1891 4340 timuerunt.
1942 4285 2074 4340 item

503 4369 729 4440 quando
789 4370 1090 4443 increpavit
1140 4382 1334 4431 ventos
1389 4382 1444 4430 et
1481 4390 1650 4439 mare,
1697 4385 1752 4431 et
1803 4375 1947 4432 facta
1990 4383 2075 4432 est

2187 3177 2262 3229 Ού
2286 3175 2390 3247 μὴν
2422 3177 2555 3231 ἀλλά
2587 3177 2680 3230 καὶ
2705 3175 2774 3229 τὰ
2800 3173 2979 3246 πλήθη
3011 3176 3121 3230 τῶν
3153 3177 3211 3230 ἐν
3242 3179 3364 3239 ταῖς
3410 3175 3771 3247 Ἐκκλησίαις

2183 3266 2278 3320 τοῦ
2294 3267 2428 3320 Θεοῦ
2456 3285 2748 3340 συγκροτου
2757 3269 2932 3340 μένων
2952 3269 3116 3335 λαῶν,
3141 3269 3293 3322 ὕδασι
3314 3267 3771 3340 παρωμοιωμένα

2184 3359 2326 3413 κατά
2349 3358 2442 3413 τὸν
2473 3360 2749 3429 φάσκοντα
2772 3361 3106 3434 προφητικὸν
3133 3361 3289 3429 λόγον
3307 3401 3322 3426 ,
3362 3359 3533 3429 Φωνὴ
3563 3359 3770 3414 ἐθνῶν

2181 3451 2430 3506 πολλῶν
2485 3454 2658 3522 ὁμοία
2683 3453 2916 3508 ὑδάτων
2948 3453 3223 3508 πολλῶν-ο
3256 3454 3429 3508 ἰδόντα
3452 3455 3627 3525 ψυχῆς
3654 3454 3768 3525 ὀφ-

2181 3541 2405 3614 θαλμοῖς
2431 3543 2520 3597 τὸν
2552 3547 2634 3608 εἰς
2662 3544 2980 3617 ἀνθρώπους
3009 3545 3436 3618 ἐπιδεδημηκότα
3461 3546 3588 3620 Θεὸν
3609 3585 3624 3609 ,
3661 3548 3771 3616 φό-

2181 3632 2274 3686 ϐον
2304 3634 2562 3689 ἀνέλαϐον
2593 3638 2880 3709 σωτήριον,
2912 3637 3041 3710 περὶ
3069 3631 3130 3692 οὗ
3157 3640 3397 3710 εἴρηται·
3439 3637 3616 3706 Ἀρχὴ
3644 3653 3769 3694 σο-

2178 3727 2320 3796 φίας
2356 3730 2538 3796 φόϐος
2592 3728 2759 3783 Θεοῦ.
2820 3730 2964 3794 Ἕως
2999 3731 3098 3800 μὲν
3139 3730 3246 3802 γὰρ
3278 3729 3648 3799 τυφλώττοντα
3676 3727 3767 3803 ἦν

2176 3816 2351 3870 ταῦτα
2373 3816 2441 3870 τὰ
2473 3817 2660 3884 ὕδατα,
2685 3820 2784 3891 οὐχ
2809 3819 2956 3893 ἐώρα
2979 3821 3068 3874 τὸν
3093 3821 3248 3884 Θεὸν,
3265 3821 3385 3875 οὐδέ
3415 3821 3575 3891 φόϐον
3606 3817 3766 3894 εἶχεν

2178 3905 2343 3960 αὐτοῦ
2364 3923 2378 3938 ο
2409 3909 2526 3962 νυνὶ
2543 3908 2600 3962 δὲ
2624 3910 2690 3964 τὰ
2715 3910 2926 3980 μεγάλα
2947 3911 3222 3982 ὠφέληται
3245 3912 3354 3966 ἀπὸ
3378 3912 3477 3982 τῆς
3501 3911 3632 3979 θέας
3659 3918 3764 3970 καὶ

2175 3998 2277 4067 τῆς
2306 3997 2560 4068 γνώσεως
2589 3999 2683 4054 τοῦ
2718 4003 3154 4074 ἐπιδημήσαντος
3187 4005 3370 4068 αὐτοῖς
3403 4005 3584 4073 λόγου.
3644 4008 3760 4061 Καὶ

2174 4084 2329 4154 αὖθις
2352 4090 2491 4144 κατὰ
2519 4092 2616 4162 τὴν
2647 4093 2906 4166 ἱστορίαν,
2935 4096 3172 4164 ὁπηνίκα
3202 4096 3232 4149 ὁ
3257 4095 3446 4168 Σωτὴρ
3473 4098 3757 4166 ἠνάγκασε

2173 4181 2302 4245 τοὺς
2325 4182 2574 4254 μαθητὰς
2600 4183 2845 4240 ἀνελθεῖν
2865 4187 2945 4250 εἰς
2971 4187 3032 4240 τὸ
3052 4188 3235 4242 πλοῖον
3263 4189 3358 4242 καὶ
3381 4190 3648 4262 προάγειν
3673 4195 3757 4258 εἰς

2173 4273 2236 4326 τὸ
2275 4273 2480 4346 πέραν
2515 4272 2635 4331 εἶτα
2673 4277 2909 4351 τετάρτῃ
2952 4280 3164 4352 φυλακῇ
3199 4280 3300 4350 τῆς
3330 4283 3524 4346 νυκτὸς
3554 4285 3757 4356 ἤρχετο

2175 4365 2311 4434 πρὸς
2337 4367 2533 4433 αὐτοὺς
2562 4368 2879 4437 περιπατῶν
2908 4370 3000 4424 ἐπὶ
3027 4371 3126 4443 τῆς
3153 4372 3454 4444 θαλάσσης·
3503 4377 3600 4430 καὶ⁹
3630 4378 3753 4431 τότε

505 4461 881 4531 tranquillitas
903 4441 1119 4534 magna,
1147 4465 1378 4519 turbatae
1403 4472 1532 4520 sunt
1559 4465 1766 4537 abyssi,
1799 4472 1856 4520 et
1887 4467 2075 4520 multi—

2182 4452 2320 4512 εἶδον
2337 4457 2499 4513 αὐτὸν
2522 4457 2708 4525 ὕδατα,
2731 4462 2824 4516 καὶ
2845 4441 3208 4535 ἐφοϐήθησαν.
3248 4441 3409 4520 Ἀλλά
3427 4470 3522 4522 καὶ
3538 4471 3628 4523 ὅτε
3653 4471 3755 4524 ἐπ-

504 4552 642 4607 tudo
679 4555 892 4610 sonitus
945 4570 1230 4625 aquarum.
1261 4553 1386 4611 Haec
1425 4571 1589 4626 porro
1619 4557 1922 4612 secundum
1956 4572 2081 4627 pro-

506 4645 748 4716 phetiam
796 4646 863 4700 ad
895 4645 1134 4702 litteram
1163 4648 1562 4718 implebantur;
1612 4649 1915 4705 secundum
1944 4664 2074 4705 vero

505 4737 828 4810 penitiorem
885 4747 1141 4804 mentem,
1193 4753 1390 4812 aquae,
1459 4757 1653 4812 nempe
1698 4743 2075 4798 ecclesiastica

503 4826 801 4885 multitudo
828 4829 1085 4886 omnibus
1127 4845 1193 4886 ex
1229 4834 1484 4903 gentibus
1539 4833 1793 4898 collecta,
1854 4833 2074 4888 initium

500 4915 786 4986 sapientia:
828 4917 1031 4974 ell‘ectte
1085 4929 1233 4986 sunt,
1270 4929 1454 4993 utpote
1502 4936 1623 4992 quae
1655 4921 1840 4976 divino
1874 4921 2074 4975 timore

503 5003 711 5060 affectae
741 5006 965 5074 fuerint,
993 5011 1294 5066 secundum
1325 5012 1480 5077 illud,
1525 5011 1747 5067 Initium
1793 5010 2070 5081 sapientia:

499 5094 663 5152 timor
689 5094 900 5150 Domini
921 5098 986 5153 '".
1022 5099 1221 5171 Abyssi
1255 5116 1404 5166 vero,
1427 5117 1548 5172 qua:
1573 5103 1803 5158 diversa:
1819 5101 1888 5157 ab
1911 5102 2071 5173 aquis

497 5197 680 5252 erant,
713 5189 945 5247 turbata:
979 5201 1128 5256 sunt,
1181 5193 1253 5247 ita
1296 5202 1356 5247 ut
1407 5197 1647 5251 sonitum
1673 5210 1738 5250 ac
1773 5195 2066 5250 tumultum

496 5276 768 5338 facerent.
790 5280 1001 5338 Dixeris
1029 5298 1193 5352 porro
1216 5285 1443 5357 abyssos
1473 5301 1596 5341 esse
1616 5287 1856 5358 gentium
1883 5287 2065 5340 incre-

497 5368 756 5427 dularum
801 5370 1045 5437 ordines,
1100 5388 1220 5442 qua:
1265 5375 1435 5430 variis
1488 5378 1824 5447 temporibus
1877 5384 2068 5432 contra

505 5459 806 5519 Ecciesiam
843 5463 1216 5538 insurgentes;
1243 5468 1654 5537 persecutiones
1693 5468 2065 5524 concitarunt.

511 5551 618 5611 Sed
647 5555 824 5626 primo
848 5557 1066 5628 quidem
1114 5573 1270 5630 aquae
1300 5555 1472 5615 Deum
1509 5559 1828 5626 timuerunt,
1879 5567 2068 5632 postea

2183 4551 2410 4623 ἐτίμησε
2429 4554 2540 4617 τοῖς
2568 4553 2789 4626 ἀνέμοις
2816 4556 2985 4628 καὶτῇ
3011 4557 3274 4630 θαλάσσῃ,
3293 4561 3386 4614 καὶ
3411 4563 3627 4630 ἐγένετο
3652 4580 3755 4632 γα-

2175 4641 2308 4716 λήνη
2344 4643 2552 4715 μεγάλη
2571 4685 2586 4710 ,
2617 4646 2996 4719 ἐταράχθησαν
3027 4651 3082 4704 αἰ
3114 4650 3358 4714 ἄϐυσσοι,
3409 4653 3504 4706 καὶ
3545 4655 3753 4726 πλῆθος

2173 4734 2340 4806 ἤχους
2368 4735 2576 4800 ὕδατος.
2610 4737 2719 4791 Καὶ
2747 4738 2920 4793 ταῦτα
2953 4741 3049 4811 μὲν
3087 4741 3320 4798 ἐτελεῖτο
3351 4745 3659 4818 συμφώνως
3680 4751 3748 4822 τῇ

2174 4826 2481 4899 προφητείᾳ
2507 4828 2642 4899 πρὸς
2667 4829 2832 4896 λέξιν,
2859 4831 2996 4903 πρὸς
3020 4831 3078 4885 δὲ
3099 4832 3355 4900 διάνοιαν,
3388 4835 3458 4889 τὰ
3490 4836 3589 4907 μὲν
3618 4838 3747 4891 ὓδας

2171 4936 2262 4985 τα,
2295 4920 2437 4990 λέγω
2458 4921 2515 4974 δέ
2542 4921 2612 4975 τά
2641 4922 2819 4995 πλήθη
2851 4925 2918 4978 τά
2946 4925 3373 4997 ἐκκλησιαστικά
3404 4928 3464 4995 ἐξ
3489 4931 3747 4987 ἁπάντων

2174 5011 2284 5065 τῶν
2309 5011 2480 5066 ἐθνῶν
2504 5015 2840 5086 συνηγμένα,
2864 5017 3006 5089 ἀρχὴ
3033 5019 3220 5086 σοφίας
3244 5020 3455 5089 γέγονε,
3484 5022 3578 5075 τὸν
3606 5023 3742 5077 θεῖαι

2175 5105 2510 5160 ἀναλαϐόντα
2557 5107 2719 5176 φόϐον
2765 5107 2908 5161 κατά
2947 5108 3008 5162 τὸ
3027 5149 3043 5172 ,
3083 5110 3264 5181 Ἀρχὴ
3312 5113 3533 5182 σοφίας
3559 5116 3746 5182 φόϐος

2174 5199 2424 5266 Κυρίου·
2456 5199 2594 5253 αἰδὲ
2627 5199 2871 5268 ἄϐυσσοι,
2904 5203 3084 5275 ἕτεραι
3110 5199 3266 5258 οὖσαι
3295 5205 3444 5278 παρά
3472 5207 3543 5261 τὰ
3575 5208 3747 5263 ὕδατα

2164 5285 2562 5362 ἐταράχθησαν,
2585 5291 2661 5354 ὼς
2677 5286 2810 5362 ἦχον
2839 5293 2932 5345 καί⁸
2953 5293 3178 5365 θόρυϐον
3203 5298 3522 5367 παρασχεῖν.
3556 5297 3748 5362 Εἴποις

2164 5379 2212 5435 δ’
2249 5379 2315 5435 ἄν
2354 5381 2454 5446 τὰς
2486 5381 2753 5446 ἀϐύσσους
2780 5380 2917 5438 εἶναι
2960 5384 3030 5438 τὰ
3064 5385 3318 5456 τάγματα
3350 5387 3461 5440 τῶν
3494 5389 3746 5442 animm

2169 5470 2338 5525 ἐθνῶν
2367 5471 2474 5525 τῶν
2499 5475 2566 5544 τῇ
2614 5473 2909 5545 Ἐκκλησία
2937 5473 3079 5529 κατά
3118 5477 3343 5548 καιροὺς
3367 5477 3744 5548 ἐπανισταμέ-

2167 5577 2306 5627 νων,
2354 5562 2449 5616 καὶ
2490 5562 2618 5626 τοὺς
2656 5563 2777 5618 κατ’
2809 5563 2978 5635 αὐτῆς
3016 5562 3288 5635 διωγμοὺς
3325 5566 3742 5638 ἐπεγιειρὸντιιιιν⁹

596 5733 641 5777 ⁸³
679 5731 781 5790 isa.
818 5751 914 5804 ιι,
954 5739 1038 5793 13.
1115 5738 1160 5773 ⁸³
1201 5739 1344 5798 Psal.
1381 5757 1546 5809 CXIII,
1579 5741 1631 5797 5.
1708 5743 1754 5777 ⁸⁵
1798 5742 1966 5798 Ειοιίι
2025 5758 2081 5799 xt

2209 5745 2264 5798 2.
2340 5745 2384 5777 ⁸⁸
2426 5743 2567 5800 Psal.
2604 5759 2699 5807 cx.
2741 5745 2826 5800 10.
2903 5745 2947 5777 ⁸¹
2988 5744 3132 5802 Psal.
3164 5761 3254 5815 cx,
3291 5745 3376 5800 ιο.
