4008 6210
193 249 290 309 897

1290 241 1795 299 COMMENTARIA
1835 243 1904 301 1N
1941 244 2280 304 PSALMOS.

3311 256 3428 316 898

202 369 349 427 Ἅλλά
379 369 477 442 μὲν
505 367 699 441 πρῶτα
725 366 895 421 ὕδατα
924 363 1169 436 ἐφοϐεῖτο
1192 363 1283 417 τὸν
1307 362 1460 429 Θεὸν,
1488 365 1542 416 at
1569 363 1626 416 δέ
1653 363 1737 435 δη·

1848 374 2162 422 memoratas
2207 368 2392 440 abyssi
2426 367 2654 425 turbatae
2699 379 2829 428 sunt
2885 389 2899 428 :
2943 380 3138 443 praeter
3166 373 3255 429 illa
3286 392 3417 433 vero

185 465 429 520 λωθεῖσαι
443 461 665 518 ἄϐυσσοι
683 459 1040 530 ἐταράττοντο
1051 474 1065 488 ο
1085 455 1265 528 τρίτον
1283 455 1340 510 δέ
1355 453 1541 526 τάγμα
1557 455 1752 526 τυγχά-

181 576 258 614 νει
289 557 439 629 παρά
468 557 536 611 τὰ
561 553 860 625 λελεγμένα
885 551 947 604 τὸ
967 549 1076 604 τῶν
1102 547 1339 620 νεφελῶν
1361 590 1377 614 ,
1411 549 1440 602 ὃ
1466 549 1530 620 δὴ
1566 548 1751 620 φωνὴν

176 653 362 706 ἔδωκε.
392 650 547 713 Τίνες
571 649 626 702 δὲ
651 643 792 718 ἦσαν
817 647 870 701 αἱ
897 642 1146 713 νεφέλαι,
1171 641 1285 697 ἀλλ’
1310 641 1344 714 ἦ
1369 643 1424 696 at
1447 640 1752 696 κελευσθεί-

179 756 266 792 σαι
298 738 370 810 μὴ
403 737 610 810 βρέχειν
639 737 734 790 ἐπὶ
760 735 852 789 τὸν
881 734 1141 807 πρότερον
1162 730 1484 803 ἀμπελῶνα,
1516 731 1660 784 κατά
1688 729 1749 784 τὸ

173 831 352 902 φῆσαν
385 830 563 900 λόγιον
584 846 599 860 ·
631 829 741 883 Καὶ
781 827 912 894 ταῖς
934 825 1217 896 νεφέλαις
1244 822 1597 892 έντελοῦμαι
1639 823 1748 877 τοῦ

161 922 254 992 μὴ
279 921 493 991 ,ϐρέξαι
522 921 615 975 ἐπ’
647 917 834 974 αὐτόν
855 958 872 986 ,
903 916 1062 987 δῆλον
1093 916 1172 980 δέ,
1201 916 1284 970 ὅτι
1317 914 1408 969 τὸν
1434 915 1499 968 ὲκ
1529 931 1749 986 περιτο.

173 1013 282 1084 μῆς
306 1012 465 1077 λαόν;
495 1009 730 1079 Νεφέλαι
751 1008 807 1062 δὲ
833 1005 1256 1078 πεπληρωμέναι
1288 1003 1496 1058 ὑδάτων
1525 1003 1600 1075 μὴ
1625 1001 1749 1056 ὕου-

173 1119 263 1156 σαι
294 1102 385 1156 ἐπὶ
413 1103 503 1156 τὸν
535 1099 756 1155 παλαιὸν
782 1097 1080 1170 ἀμπελῶνα
1107 1098 1252 1160 τίνες
1275 1094 1340 1150 ἃν
1367 1093 1476 1149 εἷεν
1505 1095 1538 1167 ἢ
1571 1095 1618 1148 οἱ
1651 1093 1744 1148 τοῦ

169 1195 422 1266 Σωτῆρος
450 1193 686 1265 μαθηταὶ
705 1193 799 1246 καὶ
823 1189 1108 1245 ἀπόστολοι
1137 1188 1231 1242 καὶ
1253 1185 1631 1256 εύαγγελισταὶ
1647 1225 1662 1250 ,
1693 1186 1743 1241 οἳ

165 1284 286 1338 καθ’
305 1284 432 1357 ὅλης
464 1284 561 1354 τῆς
574 1282 896 1355 οἰκουμένης
925 1281 1016 1336 τὸν
1047 1280 1367 1352 ἐπουράνιον
1399 1278 1552 1333 ὑετὸν
1569 1278 1743 1332 διαδε-

161 1374 414 1439 δωκότες,
434 1378 615 1448 φωνὴν
641 1376 872 1440 ἔδωκαν,
893 1373 1033 1427 ῶστε
1048 1375 1129 1436 εἰς
1159 1372 1340 1428 πᾶσαν
1358 1370 1457 1442 τὴν
1473 1371 1576 1443 γῆν
1591 1369 1742 1436 ἐξελ-

165 1468 277 1522 θεῖν
299 1469 392 1522 τὸν
413 1469 650 1538 φθόγγον
671 1467 873 1533 αὐτῶν,
903 1467 998 1521 καὶ
1017 1467 1098 1529 εἰς
1118 1463 1186 1518 τὰ
1206 1463 1418 1536 πέρατα
1441 1462 1543 1533 τῆς
1564 1463 1744 1515 οἰκου-

160 1559 334 1631 μένης
355 1560 425 1614 τά
455 1562 675 1632 ῥήματα
703 1559 912 1624 αὐτῶν;
943 1559 1032 1612 Διὸ
1054 1557 1303 1612 λέλεκται
1320 1573 1334 1587 ο
1363 1555 1574 1624 Φωγὴν
1601 1555 1743 1609 ἐδω-

155 1669 276 1706 καν
305 1655 366 1706 αὶ
392 1651 669 1721 νεφέλαι·
707 1652 805 1705 καὶ
838 1650 948 1720 γὰρ
982 1649 1054 1704 τὰ
1075 1649 1232 1717 βέλη
1265 1664 1380 1703 σου
1431 1647 1741 1716 διαπορεύο

153 1704 348 1800 ἆται.
379 1704 597 1800 Ποίαόέ
623 1704 692 1798 τὰ
717 1704 1002 1814 βέληιὶίτά
1023 1704 1262 1814 σωτηρία
1291 1740 1385 1795 καὶ
1408 1739 1478 1794 τὰ
1507 1704 1740 1792 ἐκλέκτά
1771 1704 1814 1765 Β

153 1838 227 1893 τὰ
260 1836 632 1908 τιτρώσκοντα
663 1836 762 1898 τὰς
789 1834 899 1887 τῶν
934 1832 1253 1905 σωζομένων
1306 1831 1482 1902 ψυχὰς
1501 1870 1518 1894 ,
1562 1829 1629 1883 δι’
1663 1823 1740 1883 ὧν

150 1934 191 2005 ’ἡ
236 1934 430 2002 νύμφη
476 1927 712 1999 Χριστοῦ
753 1929 786 1998 ἡ
832 1927 1126 1996 Ἐκκλησία
1154 1923 1457 1997 τετρῶσθαι
1487 1924 1740 1995 ὁμολογεῖ

151 2023 450 2094 φάσκουσα
468 2037 481 2050 °
513 2021 632 2073 Ὅτι
655 2016 983 2087 τετρωμένη
1008 2015 1243 2087 ἀγάπης
1263 2015 1410 2084 έγώ;
1434 2015 1544 2069 Καὶ
1576 2016 1739 2079 αὐτὸς

147 2115 209 2169 δὲ
239 2117 270 2168 ό
299 2113 495 2185 Σωτὴρ
526 2110 675 2182 βέλος
702 2109 986 2180 ὠνόμαστο
1016 2107 1158 2162 κατά
1188 2107 1282 2162 τὸν
1331 2107 1556 2162 εἰπόντα
1602 2123 1738 2180 προ-

147 2207 364 2278 ιρὴτην⁹
412 2202 639 2270 Ἕθηκέ
659 2218 736 2272 με
761 2202 842 2268 ὡς
861 2200 1050 2266 ,βέλος
1079 2197 1400 2260 ἐκλεκτὸν,
1443 2197 1542 2252 καὶ
1569 2197 1640 2252 ἐν
1663 2197 1739 2268 τῇ

142 2296 417 2368 φαρέτρα
443 2294 630 2350 αὐτοῦ
653 2293 880 2363 ἔκρυψέ
906 2309 1023 2362 με·
1087 2291 1246 2346 Ἀλλά
1271 2290 1364 2344 τοῦ
1400 2291 1498 2363 μέν
1523 2290 1739 2362 Πατρὸς

148 2390 306 2461 βέλος
341 2383 414 2460 ἦν
445 2390 475 2442 ό
511 2387 806 2460 μονογενὴς
823 2385 988 2438 αὑτοῦ
1014 2383 1184 2454 Λόγος
1203 2401 1215 2412 ο
1239 2381 1335 2436 τοῦ
1365 2381 1423 2436 δέ
1456 2380 1586 2435 Υἱοῦ
1609 2381 1737 2454 βέλη

143 2481 450 2553 ἐτύγχανον
477 2483 524 2533 οἱ
554 2478 860 2542 ἀπόστολοι,
887 2477 981 2533 καὶ
1006 2476 1076 2530 τὰ
1095 2475 1213 2529 θεῖα
1240 2475 1334 2529 καὶ
1363 2474 1737 2547 πεπυρωμένα

144 2573 314 2628 αὑτοῦ
341 2573 523 2642 λόγια.
580 2573 670 2626 Διὸ
701 2571 948 2625 λέλεκται
975 2571 1034 2621 ἐν
1061 2567 1140 2640 τῷ
1175 2569 1306 2640 περὶ
1330 2567 1424 2622 τοῦ
1449 2565 1734 2637 ἀγαπητοῦ

140 2661 348 2733 ψαλμῷ
372 2679 384 2692 ’
446 2661 529 2716 Τὰ
554 2660 715 2728 βέλη
747 2676 865 2714 σου
898 2657 1264 2729 ἠκονημένα,
1298 2658 1432 2712 λαοὶ
1457 2657 1738 2714 ὑποκάτω

143 2770 261 2808 σου
294 2753 650 2809 πεσοῦνται.
711 2750 864 2805 Οὕτω
890 2751 933 2804 δ’
965 2746 1059 2805 οὖν
1089 2751 1184 2805 καὶ
1212 2749 1448 2804 ἐνταῦθα
1483 2751 1697 2823 εἴρηται
1716 2767 1731 2784 ο

142 2846 253 2900 Καὶ
277 2845 395 2916 γὰρ
417 2845 489 2900 τὰ
501 2843 657 2912 ,ϐέλη
680 2859 797 2899 σου
819 2843 1290 2912 διαπορεύονται.
1314 2843 1732 2916 Περιτρέχονται

142 2933 251 3005 γάρ
275 2933 600 3004 ἅπανταχοῦ
627 2935 695 2987 τὰ
725 2932 818 2986 τοῦ
845 2933 1080 3004 Χριστοῦ
1108 2933 1235 3004 βέλη
1264 2933 1604 3006 διεπορεύετο
1631 2951 1732 3005 κη-

1853 458 2049 514 tertius
2078 458 2213 514 ordo
2247 467 2518 531 superest,
2551 475 2744 531 nempe
2796 463 3046 528 nubium,
3078 480 3198 535 qua:
3229 482 3417 522 vocem

1851 547 2138 608 dederunt.
2171 551 2302 618 Quae
2348 553 2522 609 nubes
2549 553 2654 609 illae
2681 562 2860 621 erant,
2892 555 2998 610 nisi
3039 555 3239 625 quibus
3278 571 3418 626 prte-

1849 647 2066 713 ceptum
2089 643 2264 698 fuerat
2293 660 2362 701 ne
2389 645 2640 716 pluerent
2685 660 2850 715 super
2883 645 3098 700 vineam
3135 646 3282 701 illam
3307 647 3422 716 pri-

1849 735 2085 800 stinam;
2119 735 2420 791 secundum
2449 736 2604 800 illud,
2645 736 2713 790 Et
2779 736 3002 791 nubibus
3047 738 3307 792 mandabo
3360 756 3425 795 ne

1846 824 2034 894 pluunt
2062 841 2218 895 super
2247 843 2363 881 eam
2391 827 2613 882 imbrem
2647 828 3005 896 “;videlicet
3043 845 3211 900 super
3246 846 3422 901 popu-

1846 918 1959 973 lum
1991 934 2056 974 ex
2097 919 2559 976 circumcisione?
2605 918 2790 976 Nubes
2817 929 2999 975 autem
3033 922 3191 991 aquis
3223 922 3416 993 plenae,

1844 1026 1948 1066 nec
1982 1027 2148 1082 super
2172 1012 2386 1067 vineam
2437 1012 2586 1066 illam
2635 1012 2922 1083 pristinam
2967 1014 3236 1083 pluentes,
3268 1030 3422 1084 qua:-

1844 1117 1972 1156 nam
2022 1101 2225 1157 fuerint
2264 1103 2368 1158 nisi
2421 1101 2725 1158 Salvatoris
2779 1102 3059 1175 discipuli,
3096 1105 3328 1175 apostoli
3361 1115 3418 1161 et

1842 1194 2209 1264 evangelista,
2244 1195 2337 1265 qui
2374 1210 2470 1266 per
2505 1202 2681 1250 totum
2727 1196 2916 1251 orbem
2961 1199 3237 1253 caelestem
3295 1198 3420 1268 plu-

1841 1285 1988 1342 viam
2010 1286 2408 1356 impertientes,
2445 1301 2632 1342 vocem
2669 1287 2962 1351 dederunt,
2994 1289 3068 1343 ita
3106 1290 3245 1343 utin
3282 1305 3413 1343 om-

1841 1394 1968 1434 nem
1989 1385 2194 1434 terram
2215 1379 2409 1434 exierit
2433 1395 2603 1436 sonus
2626 1394 2834 1443 eorum,
2889 1389 2942 1434 et
2975 1381 3029 1434 in
3080 1379 3216 1436 ﬁnes
3259 1381 3414 1437 orbis

1840 1478 2003 1526 terra:
2041 1471 2205 1525 verba
2247 1471 2476 1525 eorum?
2503 1468 2629 1526 ldeo
2666 1470 2872 1525 dictum
2907 1480 2990 1526 est
3021 1488 3034 1523 :
3065 1469 3255 1540 (Vens.
3296 1469 3411 1542 19.)

1851 1560 2040 1616 Vocem
2062 1559 2316 1614 dederunt
2336 1559 2519 1625 nubes,
2545 1561 2733 1615 etenim
2750 1563 2957 1631 sagitta:
2981 1572 3086 1615 tua:
3111 1571 3408 1616 transeunt.

1841 1653 2104 1721 Quaenam
2128 1654 2359 1724 sagittas,
2393 1654 2499 1709 nisi
2541 1654 2810 1709 salutares
2847 1661 2899 1709 et
2928 1653 3114 1710 electa:
3139 1655 3263 1722 illm,
3291 1670 3413 1726 quae

1841 1746 2053 1802 animas
2091 1746 2326 1801 salutem
2361 1753 2752 1800 consecuturas
2803 1745 3113 1806 vulnerant.
3146 1747 3303 1816 queis
3348 1761 3413 1802 se

1841 1836 2044 1894 Christi
2067 1852 2270 1908 sponsa
2292 1835 2536 1892 Ecclesia
2566 1837 2907 1892 vulneratam
2935 1837 3136 1892 latetur
3167 1838 3251 1893 his
3279 1854 3408 1893 ver-

1839 1928 1948 1989 bis.
1981 1926 2121 1994 Quia
2152 1928 2427 1982 vulnerata
2456 1945 2634 1983 amore
2661 1945 2778 1983 sum
2801 1929 2888 1983 εστ
2910 1927 3134 2000 Ipseque
3159 1929 3414 1986 Salvator

1841 2019 2037 2091 sagitta
2072 2027 2300 2075 vocatur
2340 2020 2481 2091 apud
2539 2021 2858 2092 prophetam
2889 2022 3182 2087 dicentem,
3215 2023 3407 2078 Posuit

1839 2128 1921 2166 me
1947 2113 2101 2182 quasi
2129 2113 2374 2183 sagittam
2424 2112 2666 2177 electam,
2698 2121 2747 2168 et
2789 2114 2844 2167 in
2872 2115 3121 2183 pharetra
3149 2131 3249 2169 sua
3284 2115 3412 2170 abs-

1838 2205 2016 2260 condit
2048 2222 2129 2260 me
2149 2206 2218 2262 ’°.
2267 2205 2374 2260 Sed
2402 2203 2583 2260 Patris
2607 2204 2824 2276 quidem
2848 2207 3043 2278 sagitta
3067 2208 3412 2278 unigenitum

1837 2295 1959 2366 ejus
2003 2294 2244 2350 Verbum
2293 2302 2448 2362 erat;
2489 2292 2614 2349 Filii
2651 2309 2780 2350 vero
2828 2297 3036 2367 sagitta:
3079 2305 3236 2351 erant
3276 2313 3411 2369 apo-

1838 2389 1986 2453 stoli,
2019 2402 2235 2442 necnon
2262 2387 2444 2442 divina
2473 2394 2529 2442 et
2578 2387 2746 2458 ignita
2779 2387 2901 2457 ejus
2929 2389 3168 2458 eloquia.
3199 2389 3406 2456 Quam-

1836 2477 2024 2534 obrem
2057 2476 2113 2531 in
2145 2476 2358 2548 psalmo
2385 2476 2452 2532 de
2483 2476 2682 2531 dilecto
2705 2476 2908 2532 dicitur
2961 2497 2974 2532 :
3034 2477 3256 2548 Sagitta:
3305 2488 3411 2533 tua:

1836 2577 2028 2631 acuta,
2082 2567 2266 2637 populi
2292 2566 2386 2621 sub
2423 2576 2471 2621 te
2494 2566 2683 2620 cadent
2703 2568 2772 2623 ⁹¹.
2808 2567 2900 2622 Sic
2934 2569 3116 2639 itaque
3160 2567 3215 2624 in
3263 2585 3407 2640 prae-

1835 2657 1978 2715 senti
2004 2656 2211 2712 dictum
2237 2664 2322 2712 est
2366 2675 2380 2711 :
2423 2655 2634 2711 Etenim
2683 2659 2896 2728 sagitta
2956 2668 3060 2711 tua:
3109 2669 3407 2714 transeunt.

1834 2741 1971 2796 Nam
1998 2743 2209 2812 sagitta:
2232 2742 2434 2800 Christi
2475 2743 2678 2812 ubique
2726 2743 3087 2814 praedicantes
3119 2761 3406 2815 percurre-

1832 2836 1998 2904 bant;
2033 2835 2155 2890 ideo
2187 2851 2362 2890 vocem
2393 2833 2648 2889 dederunt
2677 2835 2870 2897 nubes;
2923 2834 3020 2890 sed
3063 2838 3250 2902 etiam,
3308 2837 3411 2891 in-

1833 2927 1973 3001 quit,
2003 2943 2102 2982 vox
2133 2928 2352 2982 tonitrui
2376 2927 2455 2981 tui
2484 2927 2540 2981 in
2565 2937 2703 2984 rota.
2725 2925 3054 2983 Tonitruum
3108 2928 3196 2982 hic
3235 2943 3408 2983 evan-

145 3025 416 3097 ρύττοντα
437 3042 453 3055 ·
483 3025 563 3078 διὸ
590 3025 799 3094 φωνὴν
828 3024 1059 3080 ἔδωκαν
1084 3027 1143 3078 αὶ
1170 3025 1417 3095 νεφέλαι
1439 3043 1452 3057 ·
1479 3025 1613 3080 ἀλλά
1639 3025 1732 3080 καὶ

1836 3020 2063 3094 geiicam
2093 3019 2536 3092 praedicationem
2567 3019 2900 3075 subindicat.
2931 3019 3084 3077 Sicut
3115 3021 3261 3078 enim
3301 3036 3408 3077 vox

136 3118 318 3186 Φωνὴ
347 3116 465 3184 τῆς
495 3114 905 3186 βροντῆςσου,
938 3117 1120 3189 φησιν,
1144 3118 1215 3172 έν
1235 3117 1315 3184 τῷ
1336 3117 1548 3187 τροχῷ
1578 3117 1732 3190 βρον-

135 3210 238 3285 τὴν
271 3210 334 3264 δὲ
352 3208 606 3264 ἐνταῦθα
633 3209 695 3263 τὸ
727 3211 988 3282 κήρυγμα
1023 3210 1084 3263 τὸ
1124 3211 1476 3280 εύαγγελικὺν
1502 3211 1732 3265 αἰνίττε-

137 3321 246 3358 ται.
326 3302 424 3366 Ὦς
459 3301 568 3372 γὰρ
607 3302 758 3373 φωνὴ
787 3300 1016 3374 βροντῆς
1043 3301 1294 3374 οὐράνιος
1322 3303 1580 3374 τυγχάνει
1611 3301 1729 3373 βοὴ,

140 3397 233 3452 καὶ
270 3398 465 3451 πᾶσαν
512 3394 856 3468 ἀνθρωπίνην
900 3395 1308 3465 ὑπερϐάλλουσα
1341 3395 1570 3468 δύναμιν
1591 3435 1606 3460 ,
1639 3396 1731 3449 τὸν

141 3489 304 3543 αὑτὸν
329 3486 541 3560 τρόπον
567 3487 661 3542 καὶ
687 3487 746 3540 τὺ
777 3477 1128 3556 εύαγγελικὸν
1154 3489 1418 3559 κήρυγμα
1438 3529 1454 3555 ,
1483 3486 1732 3559 οὐράνιον

139 3581 432 3653 τυγχάνον,
463 3581 566 3636 οὒκ
591 3579 936 3652 ἀνθρωπίνην
968 3583 1241 3652 περιεῖχεν
1267 3579 1440 3651 ἰσχύν.
1467 3580 1598 3634 Ούδέ
1622 3580 1731 3652 γὰρ

139 3674 202 3729 ἐκ
233 3675 448 3746 θνητῆς
479 3673 674 3744 βουλῆς
701 3673 953 3744 ὡρμᾶτοο
1002 3673 1098 3726 σὺν
1124 3672 1278 3743 θεῖκῇ
1307 3670 1366 3724 δέ
1396 3670 1616 3742 δυνάμει
1639 3671 1730 3726 τὸν

140 3767 438 3838 σύμπαντα
469 3765 708 3837 ἐπλήρου
741 3764 962 3836 κόσμον.
1002 3764 1092 3817 Διὸ
1123 3762 1218 3817 καὶ
1245 3763 1370 3828 τοὺς
1401 3761 1730 3828 ἀποστόλους

137 3859 299 3914 αὐτοῦ
320 3861 351 3912 ό
373 3858 577 3930 Σωτὴρ
596 3855 934 3926 ,βοανῆργες
953 3854 1253 3927 ὠνόμαζεν,
1281 3856 1418 3926 ὅπερ
1438 3853 1732 3927 ἑρμηνεύε-

138 3968 224 4005 ται
251 3949 686 4020 υιοὶβροντῆς.
702 3948 908 4002 Οὐκοῦν
925 3947 1020 4002 καὶ
1041 3945 1273 4000 ἐνταῦθα
1291 3946 1599 4010 ἀκολούθως
1617 3949 1730 4010 τοῖς

136 4041 452 4114 ἔμπροσθεν
491 4041 704 4112 εἴρηται
722 4054 736 4068 ’
769 4037 940 4107 Φωνὴ
973 4037 1084 4106 τῆς
1108 4035 1376 4106 βροντῆς
1407 4053 1523 4091 σου
1550 4035 1621 4090 ἐν
1650 4033 1731 4101 τῷ

135 4132 346 4204 τροχῷ.
379 4131 599 4206 Τροχὺν
622 4131 680 4184 δὲ
710 4130 961 4202 σημαίνει
987 4128 1078 4182 τὸν
1106 4127 1395 4199 σύμπαντα
1425 4125 1537 4197 βίον
1556 4143 1570 4156 ·
1606 4124 1731 4178 ἐπεὶ

133 4227 227 4280 καὶ
251 4228 310 4280 ὲν
338 4227 420 4298 τῷ
469 4221 722 4295 Ἐζεκιὴλ
751 4220 943 4294 τροχὸς
972 4223 1028 4274 ἐν
1056 4219 1235 4292 τροχῷ
1267 4218 1512 4273 λέλεκται
1537 4219 1566 4271 ό
1595 4216 1730 4287 σύμ-

136 4335 244 4382 πας
261 4319 375 4372 τῶν
403 4314 718 4387 ἀνθρώπων
753 4314 884 4385 βίος.
914 4312 1068 4366 Ἐστι
1100 4312 1200 4383 μὲν
1224 4307 1318 4366 οὖν
1350 4309 1542 4382 τροχὸς
1563 4309 1592 4362 ό
1635 4309 1730 4362 κό-

1833 3113 2062 3168 tonitrui
2106 3113 2347 3170 caelestis
2382 3113 2596 3169 sonitus
2633 3108 3166 3184 est,'humanamque
3187 3129 3406 3169 omnem

1831 3207 2091 3261 virtutem
2111 3211 2438 3275 exsuperat;
2473 3203 2556 3260 sic
2605 3211 2659 3260 et
2709 3206 3023 3276 evangelica
3069 3205 3408 3277 przedicatio,

1833 3298 2076 3354 cmlestis
2098 3313 2224 3353 cum
2250 3297 2341 3364 sit,
2377 3310 2489 3350 non
2521 3295 2760 3350 humana
2789 3297 2989 3350 virtute
3020 3294 3243 3365 praedita
3266 3301 3406 3349 erat.

1832 3388 2019 3459 Neque
2051 3389 2198 3444 enim
2232 3404 2299 3444 ex
2322 3384 2538 3443 mortali
2575 3384 2856 3441 voluntate
2876 3385 3150 3457 prodibat,
3181 3383 3276 3441 sed
3317 3384 3408 3438 di-

1831 3483 1958 3539 vina
1988 3489 2261 3554 potestate
2289 3489 2465 3536 totum
2496 3480 2756 3551 implebat
2782 3479 2991 3533 orbem.
3027 3476 3238 3532 Idcirco
3269 3491 3407 3545 apo-

1832 3576 2003 3632 stolos
2052 3589 2184 3631 suos
2229 3572 2489 3628 Servator
2537 3573 2832 3642 Boanerges
2867 3570 3223 3640 nuncupavit,
3261 3567 3408 3638 quod

1833 3667 2108 3742 signiﬁcat
2141 3666 2284 3736 ﬁlios
2334 3667 2577 3721 tonitrui.
2627 3663 2728 3719 Hic
2775 3667 2960 3734 itaque
3007 3670 3411 3733 consequenter

1831 3761 1902 3818 ad
1939 3761 2125 3833 priora
2149 3761 2356 3816 dictum
2377 3768 2483 3825 est,
2533 3758 2646 3813 Vox
2671 3757 2892 3811 tonitrui
2926 3757 3005 3811 tui
3032 3757 3086 3811 in
3120 3766 3260 3811 rota.
3294 3752 3409 3807 Ro-

1831 3857 1941 3904 tam
1971 3849 2125 3914 dicit,
2162 3856 2332 3904 totam
2361 3851 2528 3904 vitam
2573 3847 2891 3920 signiﬁcans
2929 3866 2943 3902 :
2994 3861 3122 3901 nam
3175 3845 3231 3900 in
3279 3843 3412 3898 Eze-

1831 3945 2007 4001 chiele
2040 3947 2088 3978 “
2119 3953 2232 4000 tota
2266 3943 2549 3998 hominum
2594 3941 2704 3996 vita
2745 3949 2862 3995 rota
2908 3938 2960 3993 in
3003 3945 3125 3993 rota
3178 3935 3406 3992 dicitur.

1831 4035 1972 4093 Rota
1999 4037 2128 4092 item
2158 4045 2244 4092 est
2269 4033 2506 4090 mundus
2548 4033 2642 4105 qui
2687 4030 2954 4104 sphaerion
2989 4029 3162 4085 forma
3184 4035 3290 4088 est,
3321 4034 3407 4081 at-

1830 4131 2016 4202 quoin
2046 4129 2313 4185 circulum
2337 4134 2608 4183 movetur.
2640 4123 2741 4179 Hic
2769 4129 2951 4178 autem
2976 4130 3096 4176 rota
3116 4128 3198 4176 est
3227 4120 3407 4176 homi-

1831 4239 1963 4278 num
1990 4222 2126 4286 vita,
2159 4236 2280 4293 qua:
2327 4216 2659 4276 indesinenti
2707 4215 3065 4273 conversione
3097 4219 3347 4268 movetur
3383 4229 3404 4269 :

1832 4331 1954 4387 quae
1975 4329 2143 4370 causa
2171 4321 2256 4370 est
2284 4320 2346 4368 ut
2380 4319 2502 4367 rota
2542 4311 2597 4366 in
2631 4316 2749 4364 rota
2780 4308 2926 4365 dicta
2971 4305 3155 4360 fuerit.
3203 4301 3419 4358 Securis

136 4427 270 4482 σμος
299 4407 658 4483 σφαιροειδὴς
671 4406 767 4472 ὢν,
797 4404 1274 4478 κυκλοφορητικῶς
1301 4423 1360 4458 τε
1392 4403 1728 4475 κινούμενος.

1836 4407 1965 4461 dum
1994 4403 2246 4474 Aquilam
2277 4415 2431 4466 vero,
2467 4398 2584 4454 γοα
2606 4397 2826 4452 tonitrui
2851 4395 2929 4448 tui
2957 4395 3009 4447 in
3040 4401 3192 4454 rota;
3215 4404 3406 4446 secun-

148 4501 413 4556 Ἐνταῦθα
437 4502 506 4556 δὲ
529 4499 721 4571 τροχὸς
739 4501 768 4553 ὁ
787 4497 896 4552 τῶν
918 4496 1014 4552 ἀνθ
1025 4495 1220 4569 ρώπων
1245 4497 1361 4550 ἐστὶ
1387 4497 1519 4567 βίος,
1550 4497 1729 4551 ἀπαυ-

1827 4498 1957 4553 dum
1998 4493 2410 4567 Symmachum,
2444 4490 2664 4548 Sonitus
2693 4487 2916 4544 tonitrui
2937 4486 3014 4540 tui
3039 4486 3093 4539 in
3134 4493 3287 4547 rota;
3313 4497 3406 4537 se-

136 4611 258 4648 στον
286 4595 390 4668 τὴν
427 4593 674 4665 στροφὴν
706 4590 1049 4662 ποιούμενος·
1106 4588 1186 4642 διὸ
1217 4589 1312 4642 καὶ
1337 4587 1532 4660 τροχὸς
1565 4589 1623 4640 ἐν
1651 4586 1731 4659 τῷ

1836 4589 2075 4645 cundum
2107 4585 2564 4647 Theodotionem,
2599 4581 2713 4636 νοω
2746 4577 2969 4634 tonitrui
3026 4577 3104 4631 tui
3151 4576 3206 4629 in
3261 4583 3404 4629 rota.

133 4687 314 4758 τροχῷ
339 4687 588 4758 εἴρηται.
608 4681 766 4736 Κατά
789 4682 845 4736 δέ
862 4681 954 4734 τὸν
989 4679 1237 4744 Ἀκύλαν,
1265 4678 1436 4748 Φωνὴ
1461 4677 1734 4748 ,βροντῆς

133 4793 250 4833 σου
284 4777 358 4831 ἐν
390 4776 478 4841 τῷ
521 4772 711 4845 τροχῷ
730 4791 743 4804 ·
781 4773 922 4828 κατά
948 4773 1006 4827 δὲ
1032 4773 1120 4826 τὸν
1153 4770 1449 4842 Σύμμαχον
1471 4810 1484 4833 ,
1541 4765 1732 4838 Ἥχος

128 4867 400 4936 βροντῆς
423 4882 550 4921 σου
580 4866 650 4920 ἐν
669 4863 748 4930 τῷ
766 4863 958 4935 τροχῷ
974 4881 988 4896 ·
1015 4863 1153 4917 κατὰ
1180 4863 1238 4916 δὲ
1266 4862 1356 4916 τὸν
1380 4861 1728 4924 Θεοδοτίωνα,

133 4958 307 5028 Φωνὴ
331 4956 613 5028 βροντῆς
638 4970 754 5010 σου
773 4956 843 5010 ἐν
864 4953 943 5020 τῷ
965 4951 1172 5024 τροχῷ.
1206 4951 1316 5007 Καὶ
1341 4952 1437 5006 θέα
1456 4954 1604 5016 ὅπως
1630 4968 1728 5003 κα-

134 5051 201 5105 τὰ
230 5052 450 5114 πάντας
471 5050 602 5112 τοὺς
629 5047 966 5119 έρμηνευτάς
988 5045 1200 5115 τροχὸς
1225 5045 1536 5115 ὠνόμασται
1558 5061 1570 5073 δ
1608 5042 1731 5096 ἐπεὶ

135 5141 226 5195 καὶ
255 5141 291 5213 ἡ
337 5138 613 5212 Ἐὅραῖκὴ
639 5137 786 5204 λέξις
805 5135 1111 5206 ﬂans:er
1139 5133 1402 5207 περιέχει,
1420 5134 1555 5205 ὅπερ
1579 5131 1728 5186 ἐστὶν

135 5231 202 5283 ἐν
232 5231 316 5298 τῷ
342 5228 574 5300 τροχῷο
633 5228 776 5282 οὕτω
808 5228 864 5281 δέ
905 5226 1220 5297 ὠνόμασται
1254 5226 1345 5278 καὶ
1377 5225 1436 5278 ἐν
1472 5224 1547 5296 τῷ
1581 5223 1728 5288 Ἐζε-

137 5324 278 5396 κιήλ.
311 5323 494 5378 Ἔνθα
519 5321 824 5392 γενόμενος,
849 5317 1304 5394 παρασημειὼσῃ,
1335 5318 1409 5383 ὡς
1433 5317 1528 5372 καὶ
1551 5319 1583 5389 ὴ
1609 5316 1730 5370 θεία

141 5415 329 5488 Γραφὴ
354 5414 422 5468 τὸ
455 5412 712 5483 περιέχον
734 5411 928 5483 τροχὸς
947 5406 1077 5464 οἶδε.
1120 5411 1210 5463 Διὸ
1230 5408 1542 5480 σφαιροειδῆ
1567 5424 1730 5478 φασιν

135 5500 274 5566 εἶναι
322 5506 422 5561 τὸν
472 5502 696 5576 κόσμον.
765 5501 916 5556 Ἐπεὶ
957 5502 1052 5557 καὶ
1084 5503 1142 5555 ἐν
1167 5499 1244 5572 τῷ
1276 5499 1479 5571 Ἔσδρα
1508 5499 1536 5550 ὁ
1567 5499 1731 5569 Ζορου

1828 4679 1894 4734 Ει
1923 4678 2336 4734 animadvertas
2383 4673 2546 4730 velim
2582 4669 2884 4729 secundum
2919 4682 3110 4724 omnes
3137 4666 3410 4735 interpre-

1830 4778 1934 4834 tes,
1967 4777 2107 4826 rota.
2141 4766 2352 4822 dictum
2377 4764 2546 4821 fuisse
2581 4763 2749 4834 :quia
2782 4759 3048 4818 Hebraica
3075 4758 3262 4823 lectio,
3290 4757 3400 4811 Ba-

1829 4859 2016 4932 gelgel,
2041 4855 2382 4922 circumfert,
2415 4856 2470 4911 id
2495 4863 2580 4912 est
2607 4855 2660 4908 in
2680 4862 2837 4916 rota;
2863 4852 2944 4908 sic
2972 4858 3151 4906 autem
3177 4850 3233 4903 in
3259 4847 3400 4904 Eze-

1828 4953 2003 5009 chiele
2031 4965 2250 5022 quoque
2270 4956 2516 5005 vocatur.
2538 4946 2791 5002 Huccum
2813 4943 3121 5009 deveneris,
3142 4941 3409 4997 observes

1827 5044 1988 5101 velim
2031 5043 2272 5097 divinam
2307 5039 2649 5112 Scripturam
2680 5037 2732 5093 id
2759 5036 2903 5108 quod
2949 5035 3405 5106 circumpositum

1825 5142 1910 5193 est
1929 5149 2029 5206 pro
2050 5140 2170 5188 rota
2205 5132 2428 5187 habere.
2452 5129 2636 5196 Quare
2676 5127 2939 5182 mundum
2974 5125 3041 5181 ad
3073 5125 3299 5195 sphaera:
3327 5126 3404 5180 si-

1835 5221 2200 5280 militudinem
2233 5219 2596 5276 constitutum
2628 5217 2802 5272 aiunt.
2832 5213 2966 5269 Nam
3002 5213 3058 5269 in
3085 5213 3259 5268 Esdra
3295 5212 3404 5266 Ζοο

1837 5312 2061 5370 robabel
2089 5311 2338 5367 victoriae
2368 5308 2650 5381 praemium
2679 5323 2709 5362 a
2753 5323 2880 5380 rege
2906 5307 3225 5377 reportavit,
3253 5313 3406 5374 post-

1837 5419 2002 5478 quam
2033 5403 2245 5457 dixerat
2275 5420 2289 5456 :
2327 5401 2581 5473 Magnum
2601 5410 2679 5455 est
2711 5401 2919 5465 caelum,
2951 5409 2998 5454 et
3041 5413 3260 5466 magnus
3299 5394 3405 5457 sol,

1837 5498 1962 5569 quia
1989 5495 2209 5550 vertitur
2227 5495 2278 5547 in
2292 5495 2513 5549 circuitu
2529 5493 2664 5556 cali,
2686 5501 2736 5547 et
2753 5492 3026 5548 revertitur
3049 5489 3103 5542 in
3130 5485 3407 5571 proprium

205 5683 251 5716 ³⁸
290 5682 404 5744 lsa.
439 5697 500 5747 v,
535 5680 587 5737 6.
663 5677 907 5756 ”_Caut.
947 5677 1081 5745 πρε.
1157 5679 1202 5712 ὀ
1246 5693 1347 5734 .sa.
1392 5676 1632 5747 sum?!“
1710 5676 1737 5710 ⁹⁴

1836 5675 1942 5730 'sal.
1982 5689 2130 5740 sur,
2167 5671 2220 5726 6.
2299 5674 2343 5706 "
2387 5670 2580 5728 Ezech.
2618 5687 2676 5740 t,
2717 5668 2798 5723 16.
