3996 6210
264 281 373 338 905

1357 282 1729 340 COMMENTA
1740 284 1858 339 RM
1898 282 1965 338 ΙΝ
2003 283 2341 341 PSALMOS.

3392 290 3498 346 906

262 400 551 472 τασολῆς·
591 403 707 458 ἀνθ’
736 400 795 460 οὗ
841 408 869 460 ό
918 406 1016 478 μὲν
1053 406 1299 471 Ἀκύλας,
1341 406 1636 476 Ὀμόρήσω
1684 407 1822 459 alr!-

1935 413 2110 461 cetur.
2163 405 2299 462 Cum
2357 406 2586 464 dixisset
2632 424 2646 461 :
2697 409 2947 478 Aperiunt
3003 409 3056 461 in
3127 411 3381 477 parabole
3440 431 3498 468 os

263 511 456 567 τματα
495 493 565 560 ἐξ
620 494 902 566 ἀρχῆθεν,
957 498 1285 551 ἐκδέδωκεν·
1330 498 1360 549 ὁ
1401 497 1458 550 δὲ
1517 497 1830 568 Σύμμαχος,

278 588 622 642 Ἀναόῐὶύσω
662 588 1047 658 προϐλήματα
1073 589 1307 658 ἀρχαῖα.
1336 588 1559 644 Μέλλων
1595 588 1650 642 δὲ
1679 587 1708 640 ὁ
1739 587 1833 641 τοῦ

262 678 399 732 θεοῦ
435 678 605 746 Λόγος
627 678 724 742 τὰς
770 680 1099 752 κατηγορίας
1129 680 1222 734 τοῦ
1258 681 1524 752 προτέρου
1565 677 1833 732 ποιεῖσθαι

260 770 413 833 λαοῦ,
444 771 537 824 καὶ
573 770 673 834 τὰς
715 772 896 835 αἰτίας
926 773 992 825 δι’
1030 772 1097 837 ἃς
1138 772 1505 843 ἁπο6ἐ6ληται
1539 771 1834 843 παρατίθει

262 862 406 925 σθαι,
439 862 748 931 ἀναγκαίως
788 866 852 935 τῇ
896 865 1088 918 ἑαυτοῦ
1129 865 1425 937 Ἐκκλησία
1468 863 1835 937 παρακελεύε-

258 972 349 1007 ται
378 954 665 1027 προσέχειν
692 957 803 1019 τοῖς
828 955 1156 1028 λεγομένοις,
1192 958 1287 1010 καὶ
1319 956 1556 1009 συνιέναι
1582 955 1680 1019 τάς
1726 974 1832 1009 πα-

259 1045 511 1116 ραθέσεις
553 1046 654 1116 τῆς
691 1045 801 1099 τῶν
845 1046 1088 1100 παλαιῶν
1135 1047 1485 1119 κατηγορίας,
1525 1046 1599 1110 ὡς
1645 1040 1710 1099 ἂν
1756 1047 1831 1119 μὴ

254 1138 369 1200 τοῖς
406 1138 587 1201 αὐτοῖς
614 1137 920 1209 περιπέσοι,
952 1138 1196 1209 μαθοῦσα
1221 1138 1278 1192 δὲ
1308 1140 1373 1192 ἐκ
1405 1139 1503 1208 τῆς
1534 1142 1661 1210 περὶ
1688 1138 1831 1191 ἐκεί-

256 1245 364 1282 νων
403 1228 704 1300 διηγήσεως
750 1230 930 1282 ὁποῖον
972 1230 1167 1293 αὐτοὺς
1212 1228 1478 1294 διεδέξατο
1516 1229 1685 1293 τέλος,
1729 1246 1831 1282 σω·-

255 1320 561 1391 φρονίζοιτο
586 1323 649 1373 ἐκ
677 1321 771 1373 τοῦ
800 1319 1258 1393 παραδείγματος.
1303 1319 1516 1374 Εἰπὼν·
1546 1320 1830 1385 Διανοίξω

252 1413 326 1466 ἐν
354 1412 667 1481 παρασολῆ
701 1412 765 1466 τό
811 1414 1003 1482 στόμα
1041 1431 1176 1480 μου,
1212 1410 1536 1483 φθέγξομαι
1570 1412 1828 1480 προσλή-

247 1519 410 1572 pata
436 1502 536 1557 ἀπ’
583 1503 796 1573 ἀρχῆς,
829 1505 1077 1574 ἐπιφέρει
1115 1504 1211 1560 τὰς
1256 1503 1350 1556 τοῦ
1392 1504 1655 1575 προτέρου
1696 1498 1829 1559 λαοῦ

252 1595 606 1666 κατηγορίας.
655 1595 937 1666 Παραϐολῇ
977 1596 1087 1667 γὰρ
1138 1594 1363 1659 ἐκείνοις
1407 1595 1671 1666 κέχρηται
1704 1596 1826 1649 ἀντὶ

255 1687 649 1757 ὑποδείγματος
686 1689 766 1750 εἰς
790 1688 1063 1759 ἡμετέραν
1097 1687 1396 1741 νουθεσίαν.
1421 1688 1532 1741 Καὶ
1556 1686 1677 1740 καθ’
1710 1687 1825 1740 ἐτέ-

1938 515 2129 559 meum.
2164 499 2353 570 loquar
2380 499 2761 570 propositiones
2792 499 2856 553 ab
2883 500 3054 562 initio,
3086 500 3285 568 prioris
3316 502 3498 573 populi

1935 591 2317 646 accusationes
2344 591 2554 671 adjicit.
2582 589 2847 646 Parabola
2871 591 3071 663 quippe
3100 593 3332 663 exempli
3375 594 3496 651 loco

1936 683 2104 738 utitur
2130 682 2195 736 ad
2228 690 2471 737 nostram
2525 684 2946 740 institutionem.
2992 682 3301 740 Secundum
3335 687 3497 743 aliam

1935 790 2064 831 vero
2088 777 2395 845 explicandi
2429 777 2696 831 rationem
2738 777 2827 831 hic
2870 793 3072 838 sermo,
3120 779 3244 833 idco
3280 776 3499 835 Judaici

1934 868 2115 939 populi
2153 868 2394 923 facinora
2438 876 2743 932 enumerat,
2783 871 2910 940 quia
2954 872 3207 940 superius
3236 870 3490 927 dixerat:

1938 960 2157 1032 thuid,
2221 960 2383 1023 Deus,
2423 962 2665 1031 νερειίὶεεί
2705 963 2761 1015 in
2798 963 2977 1031 ﬁnem.
3016 963 3186 1017 iratus
3218 971 3295 1017 est
3346 963 3498 1033 furor
3554 1028 3557 1033 ι

1932 1064 2053 1108 tuus
2099 1068 2254 1122 super
2275 1070 2391 1107 ores
2433 1068 2645 1121 pascua:
2673 1063 2777 1109 tua:
2819 1054 2881 1106 '?
2915 1061 2966 1109 et
3019 1055 3219 1108 similia
3270 1071 3391 1125 qua:
3428 1055 3499 1112 de

1930 1145 2145 1199 illorum
2177 1142 2462 1199 obsidione
2487 1143 2636 1197 dicta
2674 1151 2825 1199 sunt.
2861 1143 2994 1198 Nam
3028 1145 3116 1199 hic
3144 1160 3331 1201 eorum
3364 1158 3496 1201 cau-

1929 1249 2023 1289 sas
2045 1236 2238 1303 aperit.
2275 1232 2340 1286 Et
2369 1232 2497 1302 quia
2544 1234 2598 1288 in
2647 1234 2975 1304 praecedenti
3036 1235 3244 1305 psalmo
3288 1234 3496 1290 dictum

1927 1333 2053 1382 est:
2110 1323 2365 1393 Nunquid
2424 1324 2476 1377 in
2531 1334 2785 1379 aeternum
2839 1326 3081 1395 projiciet
3136 1326 3411 1382 Dominus.
3437 1336 3487 1380 et

1929 1433 2032 1471 non
2060 1425 2281 1485 apponet
2317 1425 2375 1468 ut
2406 1417 2727 1487 complaceat
2768 1418 2979 1473 adhuc?
3004 1428 3095 1471 aut
3126 1420 3182 1472 in
3207 1420 3361 1488 ﬁnem
3391 1421 3494 1474 mi-

1925 1504 2274 1559 sericordiam
2301 1521 2454 1559 suam
2493 1506 2785 1572 abscindat,
2817 1525 2849 1562 a
2888 1508 3222 1579 generatione
3248 1490 3307 1561 in
3338 1525 3495 1580 gene-

1926 1598 2223 1652 rationem?
2265 1607 2357 1650 aut
2401 1596 2732 1652 obliuiscetur
2778 1600 3014 1653 misereri
3060 1598 3222 1662 Deus,
3250 1613 3341 1653 aut
3375 1616 3498 1654 con-

1927 1689 2108 1742 tinebit
2139 1689 2192 1741 in
2218 1688 2299 1742 ira
2331 1704 2428 1743 sua
2451 1689 2841 1744 misericordias
2868 1707 2994 1744 suas
3013 1692 3038 1741 7
3071 1691 3193 1759 jure
3214 1698 3337 1761 post
3378 1691 3494 1746 haec

256 1798 358 1851 ραν
381 1780 436 1832 δὲ
479 1779 714 1833 διάνοιαν
752 1782 780 1833 ό
812 1779 997 1851 παρὼν
1031 1779 1184 1849 λόγος
1220 1781 1321 1844 τὰς
1364 1780 1703 1852 παρανομίας
1732 1780 1822 1835 τοῦ

1930 1781 2211 1850 prapnsita
2267 1779 2454 1844 dubia,
2515 1797 2714 1836 causas
2753 1791 3001 1837 recenset
3060 1798 3158 1835 cur
3206 1781 3491 1836 Iudaicam

264 1872 532 1926 Ἰουδαίων
579 1871 761 1935 ἔθνους
813 1871 1332 1942 συγκαταριθμεῖται
1356 1913 1372 1934 ,
1423 1871 1718 1943 ἐπειδήπερ
1768 1872 1826 1925 ἐν

250 1967 363 2027 τοῖς
396 1962 700 2035 ἔμπροσθεν
741 1962 984 2031 ἐλέγετο·
1027 1964 1151 2017 Ἵνα
1197 1963 1275 2030 τί,
1326 1966 1359 2017 ό
1394 1962 1557 2029 Θεὸς,
1606 1960 1827 2017 ἀπώσω

250 2057 341 2120 τίς
366 2055 557 2121 τέλος,
590 2055 850 2124 ὠργίσθη
878 2058 910 2109 ὀ
935 2056 1121 2124 θυμός
1148 2070 1265 2109 σου
1306 2054 1404 2107 ἐπὶ
1436 2056 1700 2125 πρόϐατα
1726 2072 1826 2108 νο-

247 2145 372 2216 μῆς
397 2161 511 2202 σου
533 2163 552 2211 ;
582 2130 677 2200 καὶ
708 2148 807 2200 ὅσα
835 2146 970 2202 ἄλλα
1007 2148 1134 2219 περὶ
1167 2149 1266 2217 τῆς
1289 2146 1703 2218 καταλαϐούσης
1727 2147 1825 2199 αὐ-

246 2240 376 2301 τοὺς
420 2238 732 2309 πολιορκίας
779 2237 1014 2307 ἐλέγετο.
1065 2238 1176 2302 Τὰς
1226 2236 1337 2310 γὰρ
1389 2238 1593 2292 τούτων
1641 2239 1822 2302 αἰτίας

1929 1883 2139 1941 gentem
2165 1871 2243 1925 ira
2272 1872 2324 1927 in
2355 1872 2514 1928 linem
2551 1873 2829 1928 invaserit.
2873 1874 3100 1943 ipseque
3128 1872 3386 1928 Servatur
3428 1874 3483 1927 in

1928 1964 2260 2033 Evangeliis,
2315 1965 2586 2020 similibus
2650 1981 2747 2021 eos
2810 1966 2970 2021 dictis
3028 1966 3487 2036 alloquebatur“:

1928 2054 2142 2121 Quoties
2165 2056 2304 2109 volui
2355 2072 2668 2127 congregare
2696 2056 2835 2126 ﬁlios
2870 2067 3007 2117 tuos.
3054 2056 3492 2127 quemadmodum

1923 2148 2129 2218 gallina
2156 2158 2433 2220 congregat
2464 2149 2637 2217 pullos
2672 2166 2794 2204 suos
2824 2148 2921 2203 sub
2976 2150 3116 2217 alas,
3137 2159 3186 2203 et
3210 2149 3494 2205 noluistis?

1925 2236 2063 2292 Ecce
2084 2239 2409 2309 relinquetur
2437 2240 2579 2293 vobis
2608 2240 2795 2294 damus
2831 2250 3004 2295 vestra
3033 2240 3261 2296 deserta.

245 2331 539 2402 παρίστησι
585 2330 674 2384 διὰ
702 2330 810 2383 τῶν
844 2330 1237 2402 προκειμένων.
1291 2331 1397 2385 Καὶ
1463 2330 1651 2401 ἐπειδὴ
1693 2332 1749 2383 ἐν
1818 2327 1896 2399 τῷ
1928 2329 2035 2402 πρὸ
2079 2330 2266 2384 τούτου
2311 2330 2525 2400 ἐλέγετο
2561 2331 2789 2403 ψαλμῷ·
2827 2332 2923 2400 Μὴ
2969 2336 3051 2399 είς
3090 2333 3232 2400 τοὺς
3275 2332 3493 2399 αἰῶνας

244 2426 544 2481 ἀπώσεται
580 2428 811 2495 Κύριος,
842 2427 937 2481 καί
967 2428 1039 2480 οὺ
1067 2424 1398 2494 προσθήσει
1424 2426 1530 2480 τοῦ
1554 2425 1880 2494 εὐδοκῆσαι
1910 2426 2029 2491 Eri;
2053 2425 2092 2495 ἣ
2118 2428 2205 2493 είς
2232 2425 2407 2493 τέλος
2454 2426 2523 2480 τό
2547 2426 2719 2493 ἕλεος
2776 2413 2960 2481 αὐτὸῦ
3019 2429 3314 2497 ἀποκόψει
3371 2430 3491 2484 ἀπὸ

246 2522 458 2592 γενεᾶς
531 2525 619 2590 εὶς
660 2521 906 2591 revertr;
938 2521 974 2590 ἢ
1024 2521 1373 2587 ἐπιλήσεται
1454 2521 1560 2575 τοῦ
1602 2519 1969 2590 οὶκτειρῆσαι
2016 2523 2051 2576 ό
2099 2520 2264 2588 Θεὸς,
2306 2520 2344 2591 ἢ
2393 2520 2637 2587 συνέξει
2678 2523 2749 2575 ἐν
2784 2521 2859 2591 τῇ
2923 2521 3071 2591 ὀργῇ
3114 2524 3299 2577 αὐτοῦ
3349 2524 3492 2591 τοὺς

245 2614 583 2684 οἰκτιρμοὺς
609 2615 830 2679 αὺτοῦ;
859 2615 1081 2677 είκότως
1112 2612 1297 2684 ἐπειδὴ
1318 2613 1545 2667 τοιαῦτα
1572 2613 1937 2685 ἐπηπόρηται,
1999 2613 2099 2677 τὰς
2132 2614 2311 2678 αίτίας
2348 2615 2443 2668 ἐπὶ
2498 2614 2593 2667 τοῦ
2626 2614 2891 2687 παρόντος
2942 2614 3233 2683 καταλέγει
3270 2614 3372 2686 τῆς
3408 2616 3492 2682 είς
3564 2614 3567 2617 ’

242 2705 306 2761 τὸ
341 2706 493 2770 τέλος
530 2705 884 2778 μετελθούσης
908 2706 967 2759 τὸ
1007 2704 1272 2759 Ἰουδαίων
1301 2704 1451 2769 ἔθνος
1477 2706 1666 2777 ὀργῆς.
1700 2707 1810 2760 Καὶ
1848 2706 2010 2770 αὐτὸς
2042 2707 2099 2760 δὲ
2128 2709 2201 2779 ⁸ἐν
2241 2707 2588 2778 Εὑαγγελίοις
2621 2710 2649 2762 ό
2680 2706 2870 2778 Σωτὴρ
2918 2707 3308 2779 παραπλησίως
3378 2710 3491 2770 τοῖς

244 2798 624 2869 προκειμένοις
697 2798 831 2869 πρὸς
902 2800 1029 2861 τοὺς
1072 2797 1268 2861 αὐτοὺς
1314 2798 1630 2852 ἀπετείνετο
1673 2799 1878 2869 λέγων·
1916 2800 2179 2867 Ποσὰκις
2202 2799 2474 2869 ἠθέλησα
2512 2798 2973 2869 ἐπισυναγαγεῖν
3018 2799 3089 2853 τὰ
3128 2800 3313 2853 τέκνα
3349 2816 3488 2864 σου,

243 2890 318 2945 ὃν
353 2892 579 2959 τρόπον
622 2892 783 2961 ὅρνις
810 2892 1160 2965 ἐπισυνάγει
1195 2894 1265 2947 τὸ
1299 2895 1520 2949 νοσσία
1550 2894 1669 2950 ὑπὸ
1708 2895 1812 2960 τὰς
1852 2893 2166 2965 πτέρυγας,
2194 2896 2291 2950 καί
2319 2898 2431 2951 οὐκ
2456 2895 2824 2965 ὴθελήσατε;
2859 2894 2999 2951 Ἰδοὺ
3059 2895 3292 2965 ἀφίεται
3347 2891 3490 2964 ὑμῖν

242 2989 277 3041 ό
300 2982 466 3054 οἶκος
502 2986 668 3056 ὑμῶν
682 2987 928 3059 -ἐρημοςκ
2292 3006 2293 3009 ‘

312 3103 467 3156 Ὅσα
502 3103 849 3173 ἠκούσαμεν
873 3103 974 3159 καί
999 3105 1264 3175 ἔγνωμεν
1292 3105 1463 3171 αὐτὰ,
1493 3107 1590 3162 καί
1620 3109 1674 3161 οὶ
1700 3120 1813 3160 πα-

1996 3106 2163 3162 Vens.
2185 3107 2237 3162 '5.
2287 3105 2503 3173 Quanta
2547 3103 2844 3159 audiuimus
2873 3112 2923 3159 et
2964 3103 3301 3174 cognovimus
3323 3121 3405 3171 ea,
3434 3113 3489 3159 et

238 3193 410 3263 τέρες
455 3193 622 3263 ἡμῶν
662 3194 1029 3265 διηγήσαντο
1070 3196 1233 3267 ἡμῖν.
1276 3196 1357 3250 Τὰ
1393 3197 1491 3268 μὲν
1530 3197 1721 3270 πρῶτα
1757 3196 1817 3265 ἐξ

237 3288 364 3352 ἐνὸς
396 3286 612 3356 ἐλέγετο
644 3288 956 3360 προσώπου,
990 3289 1129 3360 ὅπερ
1157 3289 1300 3354 τίνος
1332 3284 1400 3361 ἦν
1441 3288 1816 3343 ἀποδέδεικται

242 3378 349 3451 μὲν
401 3380 466 3432 ἐκ
494 3378 589 3432 τοῦ
632 3378 817 3435 αὑτοῦ.
865 3380 1402 3452 Συμπαραλαμδάνει
1434 3380 1491 3434 δὲ
1532 3374 1625 3433 καὶ
1655 3380 1818 3452 ἔτερα

238 3468 594 3533 ὑποκαταϐὰς
637 3470 737 3540 τῆς
761 3469 937 3534 ,αὐτοῦ
967 3469 1240 3543 θεότητος,
1272 3471 1367 3525 καὶ
1405 3470 1817 3543 ἀνθρωπινώτε-

241 3577 338 3633 ρον
380 3559 765 3632 φθεγγόμενος,
799 3561 875 3626 ὡς
904 3561 971 3616 ἂν
1006 3563 1067 3615 ὲκ
1113 3561 1405 3634 προσώπου
1438 3556 1499 3616 οἷ’)
1532 3562 1819 3634 ἀνείληφεν

238 3649 531 3723 ἀνθρώπου
565 3650 656 3704 τοῦ
687 3650 977 3722 γενομένου
1018 3651 1081 3704 ἐκ
1125 3652 1437 3723 σπέρματος
1482 3650 1640 3705 Δαυῒδ
1680 3653 1819 3706 κατά

243 3744 457 3816 σάρκαο
501 3736 563 3797 οὗ
598 3743 697 3816 τὴν
745 3744 955 3813 γένεσιν
1007 3743 1208 3816 ἱστορεῖ
1252 3744 1313 3798 τὸ
1346 3743 1673 3813 Εὑαγγέλιον
1713 3745 1817 3814 φα-

243 3855 378 3891 σκον
404 3853 417 3865 ο
473 3837 690 3904 Βίϐλος
748 3837 1042 3908 γενέσεως
1112 3837 1316 3907 Ἰησοῦ
1364 3836 1622 3906 Χριστοῦ
1684 3836 1818 3891 υίοῦ

240 3929 448 3993 Δαιιῒδ,
491 3929 625 3985 υἱοῦ
682 3929 948 4000 Ἀϐραάμ.
1002 3930 1199 4002 Διόπερ
1264 3928 1820 4001 συμπαραλαμῦἀνων

237 4024 371 4085 τοὺς
403 4021 545 4075 κατά
573 4021 749 4093 σάρκα
778 4022 1055 4093 ὁμογενεῖς
1097 4020 1260 4075 αὑτοῦ
1290 4020 1611 4091 γενομένους
1646 4018 1820 4091 μαθη-

241 4114 345 4177 ea;
390 4113 485 4166 καὶ
541 4112 892 4176 ἀποστόλους,
941 4111 1313 4184 πληθυντικῶς
1366 4111 1695 4183 διεξέρχεται
1749 4111 1820 4165 τά

243 4203 387 4275 μετὰ
418 4206 603 4275 χεῖρας
634 4202 835 4272 λέγων·
875 4203 1021 4256 Ὅσα
1049 4203 1397 4272 ἠκούσαμεν
1432 4201 1529 4255 καί
1554 4202 1818 4272 ἔγνωμεν

240 4295 421 4351 αὑτά.
453 4295 579 4350 Ὅτε
607 4295 704 4368 μὲν
737 4295 845 4369 γὰρ
873 4296 964 4351 τὸν
986 4295 1112 4350 λαὸν
1139 4295 1332 4349 ἑαυτοῦ
1356 4296 1688 4361 ἀνεκαλεῖτο,
1724 4295 1818 4349 καὶ

240 4391 443 4442 οἰκεῖον
464 4387 626 4460 νόμον
646 4389 831 4452 αὐτοῖς
860 4386 1251 4459 προύϐάλλετο,
1275 4388 1505 4459 παρῄνει
1530 4404 1592 4441 τε
1618 4387 1817 4441 κλίνειν

1920 3210 2097 3267 patres
2132 3197 2299 3251 nostri
2349 3204 2698 3250 narrarerunt
2735 3192 2905 3247 nobis.
2943 3191 3131 3247 Priora
3161 3192 3378 3262 quidem
3414 3207 3485 3247 ex

1919 3290 2087 3344 unius
2109 3303 2342 3358 persona
2375 3286 2714 3348 dicebantur,
2749 3298 2995 3353 quaenam
3028 3298 3160 3336 vero
3204 3297 3268 3337 ea
3316 3291 3485 3347 esset,

1920 3401 1989 3442 ex
2015 3384 2206 3440 iisdem
2247 3382 2409 3438 dictis
2454 3380 2885 3437 demonstratum
2919 3385 3023 3432 est.
3052 3375 3170 3431 Alia
3214 3391 3342 3431 vero
3369 3375 3485 3446 jam

1922 3475 2154 3532 assumit
2199 3488 2229 3527 τι
2277 3472 2477 3527 deitate
2534 3486 2658 3527 sese
2707 3468 3021 3531 demittens,
3064 3476 3112 3521 et
3162 3466 3485 3522 humaniore

1919 3569 2150 3637 loquens
2198 3578 2370 3627 more,
2398 3562 2554 3633 quasi
2616 3576 2684 3617 ex
2736 3574 2969 3630 persona
3015 3556 3273 3614 hominis.
3321 3573 3483 3628 quem

1924 3654 2225 3725 assumpsit
2268 3668 2332 3709 ex
2386 3652 2595 3707 semine
2648 3647 2818 3703 David
2864 3646 3165 3703 secundum
3212 3662 3481 3703 carnem:

1921 3747 2082 3817 cujus
2113 3744 2514 3817 generationem
2532 3748 2720 3797 narrat
2738 3728 3088 3811 Evangeliu'm
3113 3739 3201 3794 his
3220 3738 3401 3794 verbis
3418 3739 3439 3769 '
3462 3753 3481 3791 ι

1919 3838 2077 3894 Liber
2094 3837 2441 3909 generationis
2474 3833 2604 3889 Iesu
2628 3833 2829 3889 Christi
2847 3832 2950 3902 ﬁlii
2972 3830 3162 3899 David,
3185 3831 3285 3902 ﬁlii
3312 3829 3487 3884 Abra-

1920 3931 2065 3985 ham.
2098 3928 2469 3997 Quamobrem
2525 3925 2825 3996 assumptis
2874 3937 3059 3979 secum
3115 3922 3401 3992 discipulis
3428 3929 3486 3976 et

1923 4021 2209 4093 apostolis,
2250 4019 2344 4090 qui
2400 4016 2704 4074 secundum
2751 4030 2974 4073 carnem
3028 4013 3273 4084 ejusdem
3327 4012 3486 4083 cujus

1921 4112 2038 4183 ipse
2060 4111 2276 4183 generis
2300 4120 2477 4175 erant,
2508 4108 2790 4180 pluraliter
2822 4106 2938 4161 haec
2970 4105 3225 4161 edisserit
3252 4105 3442 4160 dicens
3468 4123 3481 4158 :

1923 4205 2139 4272 Quanta
2170 4204 2467 4258 audivimus
2493 4211 2543 4257 et
2566 4201 2902 4272 cognouimus
2933 4215 3018 4253 ea.
3054 4196 3331 4268 Siquidem
3357 4211 3482 4251 cum

1922 4298 2181 4368 populum
2228 4310 2387 4351 suum
2423 4294 2737 4357 advocaret,
2769 4305 2835 4346 ac
2879 4290 3154 4362 propriam
3178 4287 3281 4358 ipsi
3312 4287 3485 4356 legem

1923 4392 2273 4458 proponeret,
2323 4385 2686 4452 invitaretque
2728 4389 2790 4436 ut
2830 4380 3158 4435 inclinarent
3202 4390 3390 4430 aurem
3414 4373 3485 4429 ad

239 4482 305 4537 τὸ
332 4478 425 4545 οὖς
450 4484 561 4545 τοῖς
586 4480 745 4537 αὑτοῦ
780 4482 1006 4554 ῥήμασι,
1043 4480 1139 4534 σὺν
1169 4478 1452 4551 αὑθεντείᾳ
1480 4479 1732 4551 βασιλικῇ
1761 4478 1820 4543 ἐξ

1924 4479 2089 4535 verba
2124 4492 2246 4541 sua,
2276 4474 2602 4531 auctoritate
2638 4472 2786 4545 regia
2828 4487 2897 4527 ex
2937 4470 3102 4525 unius
3134 4480 3366 4538 persona
3385 4465 3484 4520 ad-

240 4574 367 4639 ἐνδς
393 4573 683 4647 προσώπου
710 4572 1041 4645 προεφέρετο
1063 4571 1162 4643 τὴν
1190 4570 1562 4642 παραγγελίαν
1578 4587 1594 4601 ’
1617 4569 1714 4623 νῦν
1734 4569 1812 4633 δὲ,

238 4667 335 4721 ὅτε
354 4664 462 4720 τῶν
484 4665 725 4720 παλαιῶν
752 4666 1191 4738 ἀναγνωσμάτων
1214 4666 1562 4739 ἐπιτέμνεται
1585 4663 1684 4735 τὴν
1708 4663 1816 4733 διή-

239 4774 428 4831 γησιν,
463 4760 755 4814 κοινοποιεῖ
782 4758 871 4813 τδν
898 4757 1054 4827 λόγον
1083 4760 1512 4831 ὑπομιμνήσκων
1540 4755 1612 4810 τά
1650 4754 1815 4809 πάλαι

239 4851 633 4925 πεπραγμένα,
654 4851 747 4907 καὶ
765 4851 840 4916 ὡς
858 4851 925 4906 ἀν
950 4854 1062 4918 τοῖς
1085 4854 1218 4906 πᾶσι
1235 4850 1487 4924 γνώριμα
1506 4847 1817 4918 ἐπαναλαμ-

238 4946 423 5002 ϐἀνων
449 4947 519 5002 τά
550 4944 658 5000 ἀπὸ
684 4945 781 5017 τῆς
816 4944 1091 5015 ἱστορικῆς
1118 4943 1339 5015 Γραφῆς
1371 4940 1689 5025 δηλούμενα.
1726 4936 1819 4993 Διό

237 5056 411 5111 φησιν
423 5055 437 5069 ο
458 5038 607 5092 Ὅσα
625 5037 973 5105 ἠκούσαμεν
986 5034 1084 5089 καί
1106 5034 1371 5105 ἔγνωμεν
1389 5032 1560 5089 αὐτὰ.
1576 5030 1651 5086 Οὐ
1684 5029 1817 5084 πάν-

233 5144 355 5181 των
384 5124 442 5180 δέ
475 5128 592 5179 ἐστι
616 5125 677 5178 τὸ
706 5124 923 5179 ἀκούειν
960 5125 1053 5178 καὶ
1088 5121 1390 5193 γινώσκειν,
1419 5120 1532 5175 ἀλλ’
1564 5120 1598 5191 ἢ
1641 5119 1816 5192 μόνων

235 5222 353 5276 τῶν
383 5218 670 5274 συνιέντων
706 5218 839 5282 τοὺς
880 5217 1089 5287 λόγους.
1122 5216 1218 5270 Διὸ
1260 5216 1356 5270 καὶ
1392 5215 1423 5268 ὁ
1445 5213 1707 5277 Φίλιππος
1738 5210 1818 5286 τῷ

235 5311 484 5383 ιὺνούχῳ
513 5309 693 5379 ελεγεν
711 5327 725 5341 ·
755 5304 907 5378 Ἆρα
945 5306 1257 5379 γινώσκεις
1284 5305 1323 5362 ἃ
1350 5306 1817 5376 ἀναγινώσκειω

249 5403 396 5459 Ἀλλ’
426 5402 547 5458 om
578 5404 742 5459 πᾶσιν
767 5404 816 5456 oi
840 5401 1071 5473 πατέρες
1103 5398 1449 5471 διηγήσαντο.
1482 5396 1596 5450 Οὐκ
1622 5396 1818 5468 ἐχομεν

233 5497 374 5568 γοῦν
409 5497 572 5569 ἡμεῖς
603 5497 652 5550 οί
691 5495 750 5562 ἐξ
781 5494 948 5549 ἐθνῶν
984 5493 1063 5564 τῷ
1088 5490 1220 5564 θείῳ
1256 5490 1398 5563 λόγῳ
1431 5486 1816 5560 προσελθόντες

234 5591 594 5654 διδασκάλους
659 5587 1065 5659 ἐπιγράψασθαι
1109 5584 1217 5639 τῶν
1264 5584 1421 5638 θείων
1480 5579 1816 5653 μαθημάτων

1920 4570 2276 4626 munitionem
2310 4567 2658 4638 proferebat;
2698 4577 2843 4618 nunc
2873 4576 3004 4618 vero
3048 4575 3172 4615 cum
3228 4557 3484 4628 antiqua-

1921 4675 2045 4715 rum
2063 4660 2356 4715 lectionum
2387 4655 2758 4712 narrationem
2789 4650 3113 4724 compendio
3146 4649 3335 4714 refert,
3364 4664 3484 4705 ser-

1916 4766 2141 4807 manem
2192 4748 2353 4820 quasi
2410 4747 2467 4803 in
2545 4743 2824 4800 communi
2882 4742 3151 4808 enuntiat,
3206 4740 3299 4795 illa
3352 4739 3482 4794 olim

1924 4850 2078 4913 gesta
2109 4851 2564 4900 commemorans,
2590 4843 2646 4892 et
2673 4850 2794 4905 qua:
2822 4833 2881 4889 in
2916 4830 3145 4888 historia
3188 4829 3487 4900 Scriptum

1924 4929 2177 4985 feruntur
2229 4941 2331 4984 ceu
2396 4925 2652 4983 omnibus
2728 4932 2855 4979 nota
2932 4936 3238 4977 resumens.
3304 4918 3487 4987 Quare

1922 5020 2000 5075 ait
2040 5038 2059 5075 :
2106 5020 2323 5087 Quanta
2390 5016 2686 5071 audivimus
2745 5024 2795 5070 et
2860 5013 3195 5085 cognovimus
3249 5028 3331 5067 ea.
3366 5010 3485 5065 Non

1920 5112 2164 5169 omnium
2188 5125 2354 5183 porro
2384 5117 2469 5165 est
2490 5109 2679 5164 audire
2710 5114 2766 5163 et
2796 5120 3149 5177 cognoscere,
3172 5104 3266 5161 sed
3297 5118 3485 5159 eorum

1919 5214 2131 5262 tantum
2164 5204 2259 5275 qui
2299 5215 2605 5257 sermonem
2657 5198 2985 5269 intelligunt.
3019 5197 3227 5252 Idcirco
3270 5196 3484 5250 dicebat

1919 5297 2171 5355 eunucho
2198 5295 2479 5365 Philippus
2510 5310 2523 5347 :
2562 5291 2798 5349 Putasne
2840 5289 3091 5362 intelligis
3122 5307 3238 5363 qua:
3275 5289 3403 5357 legis
3430 5286 3487 5336 '?

1923 5389 2028 5447 Sed
2060 5405 2168 5445 nou
2197 5388 2453 5443 omnibus
2482 5400 2773 5442 narravere
2806 5392 3009 5456 patres.
3042 5382 3155 5439 Nos
3184 5384 3364 5450 itaque
3391 5379 3484 5447 qui

1920 5497 1986 5536 ex
2010 5479 2262 5551 gentibus
2286 5478 2353 5533 ad
2384 5476 2625 5532 divinum
2659 5476 2887 5532 verbum
2928 5474 3280 5534 accessimus,
3304 5478 3483 5538 patres

1920 5585 2138 5631 nostros
2162 5571 2460 5628 secundum
2501 5585 2721 5628 carnem
2758 5569 3067 5626 divinarum
3111 5562 3269 5619 nobis
3314 5561 3483 5617 disn-

315 5750 338 5783 '
372 5748 519 5805 Psal.
555 5761 759 5810 ιιιιιι,
798 5746 849 5800 ί.
924 5743 945 5774 ⁸
983 5741 1173 5797 Matth.
1206 5757 1373 5807 mn,
1404 5740 1493 5795 37.
1568 5739 1587 5770 ⁷
1627 5733 1819 5791 Matth.

1926 5732 1980 5788 1.
2037 5731 2077 5806 ,⁸
2102 5730 2221 5786 Act.
2252 5742 2373 5798 vui,
2406 5728 2494 5785 50.

559 5836 840 5923 Ρηιιοι..
877 5831 995 5896 Gn.
1032 5830 1266 5894 XXII].

3084 5813 3166 5875 29
