4008 6210
499 231 607 286 907

1132 227 1401 285 EL'SEBll
1438 225 1917 284 CAESABIENSIS
1953 227 2101 284 OPP.
2143 227 2325 283 PARS
2361 226 2446 282 111.
2487 256 2557 267 —-
2593 225 3002 282 EXEGETICA.

3634 231 3750 287 903

495 355 762 426 plinarum
784 351 1072 422 magistros
1097 350 1370 405 ascribere
1393 364 1502 404 non
1528 365 1851 420 possumus;
1877 365 2051 405 vernn

2168 349 2291 413 τοὺς
2321 347 2461 402 κατά
2487 347 2666 419 σάρκα
2700 348 2971 417 πατέραςο
3000 346 3112 398 ἀλλ’
3137 346 3166 398 ὃ
3196 363 3258 415 γε
3283 347 3472 419 Σωτὴρ
3497 347 3558 413 ἐξ
3579 350 3752 404 αῦτοῦ

497 441 752 497 Servator
777 456 901 494 cum
939 456 1001 495 ex
1036 455 1132 495 sua
1168 448 1282 494 tum
1302 456 1369 494 ex
1393 442 1788 511 apostolorum,
1814 441 2062 511 discipu-

497 535 665 586 lorum
689 539 742 586 et
771 531 1227 602 evangelistamm
1261 547 1508 596 suorum,
1528 533 1618 603 qui
1648 531 1841 588 iisdem
1863 534 2064 603 quibus

495 624 609 692 ipse
627 622 874 692 patribus
895 621 1192 677 secundum
1215 637 1436 678 carnem
1459 625 1726 696 progeniti
1759 633 1912 688 sunt,
1932 641 2063 696 per-

493 728 650 774 sona,
685 713 783 768 has
821 712 1028 783 profert
1065 728 1268 770 voces:
1295 714 1512 781 Quanta
1544 715 1842 768 audivimus
1884 724 1934 768 et
1973 731 2063 768 co-

489 805 762 873 gnovimus
778 821 862 869 ea,
881 815 929 858 et
954 815 1129 874 patres
1157 806 1326 860 nostri
1352 816 1699 859 narraverunt
1724 806 1872 860 nobis
1890 809 1916 862 ?
1939 805 2064 862 Haec

488 895 633 950 cnim
683 897 786 966 ipsi
820 911 849 950 a
879 897 1124 967 patribus
1158 905 1382 969 accepta
1411 898 1571 953 nobis
1608 914 1673 952 cx
1702 898 1943 969 gentium
1973 912 2062 953 se-

489 988 634 1042 mine
655 988 816 1051 ortis,
837 996 896 1041 ut
918 989 1142 1059 ignaris,
1161 989 1586 1052 annuntiabunt,
1604 989 1983 1061 docebuntque
1998 1004 2061 1044 ea

489 1094 610 1148 qua:
659 1079 900 1148 antiquis
944 1078 1052 1134 illis
1081 1080 1457 1150 contigerunt;
1481 1095 1602 1150 qua:
1631 1095 1662 1133 a
1686 1079 1937 1149 patribus
1967 1094 2062 1150 per

489 1172 893 1227 successionem
919 1171 1044 1228 ﬁliis
1075 1171 1293 1237 tradita,
1331 1181 1385 1228 et
1412 1188 1631 1230 rursum
1663 1189 1786 1244 qua:
1821 1173 1890 1226 ab
1909 1173 2062 1227 hisce

487 1264 553 1318 ad
590 1273 836 1335 posteros
853 1265 1280 1329 transmissa,ex
1310 1266 1505 1336 bisque
1528 1265 1724 1320 iterum
1758 1265 1824 1320 ad
1845 1264 1984 1319 lilios
2006 1264 2062 1317 li-

488 1358 682 1412 liornm
715 1358 990 1412 memoria:
1007 1359 1256 1413 mandata
1288 1369 1440 1426 sunt,
1455 1359 1796 1429 Quapropter
1819 1359 2057 1413 dicitur:

484 1478 554 1488 -—
573 1446 812 1502 “135.4.
840 1447 961 1502 Non
981 1459 1101 1503 sunt
1126 1450 1393 1504 occultata
1413 1468 1442 1504 a
1470 1450 1598 1519 ﬁliis
1618 1466 1801 1503 eorum
1823 1449 1876 1502 in
1903 1464 2059 1519 gene-

485 1541 688 1594 ratione
741 1541 931 1596 altera.
968 1539 1267 1598 Narrantes
1299 1540 1481 1596 laudes
1516 1540 1730 1595 Domini
1756 1549 1804 1595 et
1844 1541 2058 1594 virtutes

487 1633 624 1702 ejus,
651 1645 700 1689 et
725 1635 1000 1688 mirabilia
1028 1636 1141 1705 ejus
1176 1652 1292 1706 qua:
1323 1635 1464 1705 fecit.
1499 1633 1664 1687 Multa
1710 1633 1930 1704 quidem
1958 1647 2059 1686 no-

2167 437 2456 510 προσώπου
2491 440 2584 492 καὶ
2616 439 2723 492 τῶν
2757 437 2897 491 κατά
2932 437 3110 510 σάρκα
3142 440 3208 491 ἐκ
3235 439 3340 492 τῶν
3368 440 3547 494 αὐτῶν
3577 443 3750 494 πατέ-

2171 548 2276 602 ρων
2319 529 2623 601 γενομένων
2671 532 2985 586 ἀποστόλων
3026 530 3192 585 αὑτοῦ
3242 532 3336 583 καὶ
3368 531 3621 603 μαθητῶν
3652 533 3750 586 καὶ

2165 622 2565 691 εὐαγγελιστῶν
2595 623 2802 689 ταύτας
2835 624 3167 697 προφέρεται
3195 624 3293 688 τάς
3326 625 3506 693 φωνὰς
3535 622 3709 693 λέγων
3727 641 3746 656 ο

2169 717 2317 769 Ὅσα
2344 717 2696 785 ἠκούσαμεν
2726 717 2821 770 καὶ
2853 716 3118 786 ἔγνωμεν
3142 716 3315 778 αὐτὰ,
3348 717 3444 771 καὶ
3477 720 3533 770 οι
3566 716 3751 772 πατέ-

2156 823 2263 873 ρες
2282 805 2449 876 ἡμῶν
2477 806 2845 875 διηγήσαντο
2873 808 3049 877 ἡμῖν;
3071 809 3250 863 Ταῦτα
3274 809 3381 882 γάρ
3408 813 3471 864 ὲκ
3493 811 3749 884 πατέρων

2163 895 2318 948 αὐτοὶ
2348 895 2762 968 παρειληφότες,
2799 897 2929 968 ἡμῖν
2966 901 3076 962 τοῖς
3113 898 3173 964 ἐξ
3205 900 3374 953 ἐθνῶν
3406 901 3481 964 ὡς
3516 902 3588 974 μὴ
3626 904 3750 955 ἐπι-

2166 989 2452 1059 σταμένοις
2489 990 2896 1058 ἀπαγγελοῦσι,
2940 991 3281 1055 διδάσκοντες
3336 994 3480 1064 ἡμᾶς
3511 993 3578 1047 τὰ
3629 997 3748 1060 τοῖς

2166 1080 2412 1146 παλαιοῖς
2447 1081 2831 1152 συμϐεϐηκότα
2851 1099 2864 1111 ·
2898 1081 2934 1136 ἃ
2976 1081 3039 1153 δὴ
3070 1083 3210 1136 κατά
3258 1084 3505 1156 διαδοχὴν
3538 1087 3603 1139 ὲκ
3639 1104 3749 1139 πα·-

2160 1169 2336 1242 τέρων
2361 1171 2600 1242 ἠκούσθη
2635 1175 2750 1236 τοῖς
2783 1173 2960 1233 παισὶ,
2992 1174 3086 1226 καὶ
3123 1173 3285 1228 πάλιν
3313 1175 3374 1241 ἐξ
3406 1175 3629 1229 ἐκείνων
3662 1179 3746 1240 εἰς

2161 1264 2285 1327 τοὺς
2321 1264 2810 1336 μεταγενεστέρους
2843 1263 3122 1336 ἐλήλυθεν,
3156 1268 3220 1318 ὲκ
3253 1265 3456 1319 τούτων
3485 1250 3546 1319 τε
3582 1263 3745 1332 αὖθις

2162 1357 2240 1421 εἰς
2266 1357 2456 1418 παῖδας
2482 1356 2684 1409 παίδων
2708 1359 2774 1428 τῇ
2803 1363 2904 1428 μνη
2915 1375 2988 1428 μη
3022 1358 3314 1430 παρεδόθη.
3342 1359 3431 1412 Διὸ
3455 1360 3702 1414 λέλεκται
3723 1380 3740 1392 ο

2165 1450 2285 1501 Οὐκ
2332 1448 2549 1515 ἐκρύϐη
2588 1446 2706 1501 ἀπὸ
2754 1446 2871 1500 τῶν
2922 1448 3146 1502 τέκνων
3172 1448 3371 1503 αὐτῶν
3413 1453 3500 1517 εἰς
3529 1453 3743 1521 γενεὰν

2159 1533 2388 1606 ἑτέραν.
2425 1538 2937 1608 Ἀπαγτέλλοντες
2967 1541 3074 1606 τὰς
3097 1541 3360 1608 αὶνέσεις
3381 1541 3486 1596 τοῦ
3516 1545 3741 1611 Κυρίου

2161 1631 2258 1684 καὶ
2284 1631 2390 1697 τὰς
2426 1632 2789 1698 δυναστείας
2825 1633 3034 1696 αὐτοῦ,
3063 1635 3158 1688 καὶ
3196 1634 3269 1688 τὰ
3297 1635 3597 1704 θαυμάσια
3630 1638 3741 1690 αὑ-

484 1728 568 1782 bis
598 1742 629 1781 a
661 1728 906 1799 patribus
939 1727 1139 1782 tradita
1168 1735 1316 1789 sunt,
1345 1727 1411 1782 de
1437 1726 1714 1782 beneﬁciis
1743 1740 1775 1780 a
1804 1724 1915 1780 Deo
1953 1724 2051 1780 sibi

2159 1723 2265 1776 τοῦ
2287 1723 2323 1776 d
2343 1717 2613 1790 ἐποίησε.
2638 1723 2815 1777 Πολλὰ
2847 1725 2944 1796 μέν
2979 1729 3094 1780 ἐστι
3119 1726 3186 1780 τὰ
3215 1727 3583 1800 παραδοθέντα
3607 1731 3742 1800 ἡμῖν

483 1821 723 1888 collatis;
759 1837 927 1875 unum
985 1828 1165 1875 autem
1219 1819 1463 1874 omnium
1512 1820 1748 1875 maxime
1805 1833 2060 1874 necessa-

486 1911 650 1977 rium,
681 1919 766 1966 est
791 1910 1191 1973 testimonium,
1223 1910 1419 1980 lexque
1443 1911 1496 1964 in
1518 1910 1828 1967 testimonio
1859 1910 2054 1980 posita,

485 2017 648 2072 quam
688 2001 821 2070 ipsis
855 2000 1063 2071 scripto
1094 1999 1338 2064 tradidit,
1380 1999 1700 2071 praecipiens
1729 2009 1787 2054 ut
1827 1999 2059 2054 medita-

484 2101 673 2146 rentur
712 2093 904 2163 ipsam,
939 2098 992 2146 et
1021 2091 1143 2161 ejus
1165 2091 1568 2146 meditationem
1601 2091 2057 2162 ﬁliis,nepotibus

480 2192 535 2238 et
562 2185 792 2254 posteris
815 2197 909 2254 per
931 2181 1333 2237 successionem
1371 2181 1662 2236 traderent.
1691 2180 2056 2247 Quamobrem

485 2277 562 2330 ait
586 2295 598 2329 :
623 2273 878 2330 —V£ns.
908 2274 962 2330 5.
989 2271 1057 2327 Et
1085 2274 1360 2328 suscitaﬁit
1395 2274 1749 2328 testimonium
1777 2274 1833 2327 in
1861 2272 2051 2338 Iacob,

482 2379 531 2424 ct
571 2369 730 2439 legem
764 2367 937 2437 posuit
967 2367 1020 2421 in
1069 2365 1262 2421 Israel.
1303 2365 1700 2422 Testimonium
1758 2367 2057 2421 vocabatur

487 2461 898 2516 tabernaculum
938 2459 1259 2523 testimonii,
1279 2459 1332 2513 in
1362 2475 1472 2530 quo
1499 2459 1743 2530 deposita
1773 2468 1891 2513 erat
1922 2472 2049 2512 arca

480 2551 838 2616 'l‘estamenti,
873 2551 960 2604 lex
1001 2550 1057 2604 in
1096 2565 1223 2604 arca
1263 2550 1464 2620 posita,
1493 2564 1704 2605 necnon
1769 2549 2050 2604 cherubim

478 2651 530 2696 et
556 2641 1021 2713 propitiatorium,
1054 2639 1469 2703 candelabrum,
1501 2656 1689 2695 mensa
1725 2647 1778 2694 et
1802 2641 2048 2711 proposi-

479 2734 555 2788 tio
577 2749 775 2803 panum
813 2751 826 2786 :
867 2747 987 2803 quae
1031 2731 1220 2802 jussus
1255 2731 1434 2786 facere
1483 2730 1717 2803 Moyses,
1749 2732 2050 2786 secundum

481 2824 757 2894 exemplar
786 2823 928 2893 quod
967 2823 1070 2893 ipsi
1103 2826 1157 2877 in
1182 2830 1365 2878 monte
1395 2833 1679 2878 ostensum
1720 2821 1898 2877 fuerat
1926 2838 2053 2877 con-

479 2915 699 2968 struxit.
735 2911 840 2967 Sed
870 2913 998 2966 olim
1031 2912 1248 2982 quidem
1303 2914 1387 2967 lex
1428 2913 1518 2967 illa
1569 2921 1624 2967 et
1676 2914 2050 2970 testimonium

478 3007 612 3062 illud
665 3005 871 3061 Jacobo
906 3014 960 3060 et
994 3005 1179 3061 lsra.li
1237 3007 1434 3062 tradita
1487 3004 1721 3060 fuerant.
1780 3004 2050 3072 Quoniam

478 3115 606 3155 vero
645 3099 712 3154 iis
767 3099 1005 3168 acceptis
1065 3098 1142 3152 illi
1200 3099 1718 3170 transgressisunt,
1752 3097 1876 3168 jure
1929 3099 2048 3168 ipse
2080 3091 2122 3110 “

477 3209 600 3246 cum
638 3192 804 3246 alium
851 3191 953 3246 sibi
991 3199 1238 3260 parasset
1291 3191 1571 3261 populum,
1607 3190 1862 3260 aliudque
1892 3192 2048 3246 testi-

479 3286 744 3349 monium,
781 3284 1032 3340 videlicet
1059 3299 1263 3354 corpus
1310 3283 1539 3347 Christi,
1578 3282 1722 3354 quod
1757 3282 1849 3337 Dei
1884 3282 2046 3337 Verbi

478 3382 532 3434 in
561 3379 679 3450 ipso
713 3377 1010 3433 habitantis
1041 3379 1302 3448 templum
1345 3386 1483 3444 erat,
1525 3387 1584 3432 ut
1621 3382 1736 3448 ipse
1768 3379 1843 3431 ait
1874 3397 1887 3433 :
1925 3378 2048 3433 Sol-

476 3473 578 3526 vite
607 3471 856 3541 templum
886 3471 1004 3534 hoc,
1030 3479 1080 3524 et
1099 3471 1153 3524 in
1184 3469 1348 3524 tribus
1379 3469 1560 3525 diebus
1581 3471 1822 3526 excitabo
1844 3471 1978 3524 illud
2001 3472 2044 3536 ’;

475 3565 542 3620 ad
579 3565 693 3618 ιιωο
729 3563 896 3619 etiam
930 3564 1130 3634 populo
1162 3579 1262 3618 suo
1311 3565 1482 3635 legem
1537 3565 1731 3629 aliam,
1771 3565 2047 3634 evangeli-

475 3673 595 3712 cam
624 3654 1097 3721 videlicet,tradit.
1137 3654 1258 3711 Ideo
1286 3655 1340 3710 in
1362 3655 1635 3726 principio
1661 3655 1826 3725 hujus
1851 3654 2046 3726 psalmi

475 3747 550 3803 ait
585 3765 598 3802 :
630 3745 915 3810 Attendite,
945 3747 1131 3814 popule
1165 3763 1331 3811 meus,
1370 3746 1531 3817 legem
1561 3762 1762 3810 meam;
1790 3755 2045 3801 caeterum

475 3842 644 3912 legem
693 3839 970 3907 antiquam
1004 3845 1057 3893 et
1115 3845 1351 3893 veterem
1410 3836 1882 3904 testiﬁcationem)
1921 3853 2046 3892 nam

480 3935 560 3988 sic
593 3935 982 4004 interpretatus
1029 3933 1392 4004 Symmachus
1429 3940 1532 3997 est,
1555 3932 1744 3988 dicens
1775 3952 1787 3986 :
1829 3931 1895 3985 Et
1930 3941 2046 3986 sta-

475 4026 572 4079 tuit
605 4026 1021 4095 testiﬁcationem
1050 4023 1239 4094 Jacob)
1271 4039 1395 4077 cum
1426 4023 1606 4092 priore
1639 4023 1838 4092 populo
1868 4023 2047 4091 dispo-

471 4121 602 4186 suit,
624 4118 942 4190 praecipiens
973 4117 1106 4188 ipsis
1131 4125 1190 4171 ut
1212 4124 1336 4170 nota
1360 4114 1599 4170 lacerent
1621 4129 1686 4170 ea
1719 4114 1840 4168 tiliis
1871 4122 1923 4168 et
1951 4132 2048 4169 ne-

469 4215 690 4284 potibus
716 4212 854 4278 suis,
893 4219 951 4266 ut
971 4210 1250 4282 generatio
1283 4209 1433 4264 nulla
1459 4211 1754 4280 ignoraret,
1785 4209 1877 4263 scil
1911 4207 2045 4278 lcgis

468 4305 717 4361 doctrina
763 4304 818 4359 in
860 4305 1095 4377 posteris
1150 4319 1367 4374 quoque
1423 4308 1686 4357 maneret.
1721 4299 1930 4356 Idcirco
1958 4299 2044 4354 di-

2159 1813 2264 1866 ὕπὸ
2300 1811 2410 1865 τῶν
2462 1814 2733 1884 πατέρων,
2776 1815 2920 1887 άπερ
2966 1817 3164 1881 αὐτοὺς
3205 1820 3234 1870 6
3276 1818 3406 1882 Θεὸς
3437 1820 3744 1891 εὐεργετῶν

2156 1904 2479 1976 διεπράξατο
2495 1923 2508 1936 ·
2534 1904 2592 1977 ἓν
2616 1906 2672 1960 δὲ
2696 1907 2752 1960 τὸ
2774 1907 2988 1962 πάντων
3010 1910 3429 1980 ἀναγκαιότερον
3455 1913 3628 1965 έκεῖνο
3649 1907 3741 1984 ἦν,

2155 1994 2374 2065 λέγωδὲ
2403 1995 2464 2048 τὸ
2487 1995 2804 2068 μαρτύριον,
2828 1997 2922 2051 καὶ
2952 1999 2981 2051 6
3016 2001 3074 2052 ὲν
3113 1999 3192 2071 τῷ
3233 2001 3515 2073 μαρτυρῐῳ
3551 2002 3741 2073 νόμος,

2156 2087 2216 2140 ὃν
2252 2089 2544 2160 ἐγγράφως
2605 2091 2789 2155 αὐτοῖς
2836 2091 3185 2164 παρέδωκεν,
3227 2077 3604 2166 ἐντειλάμενος
3640 2113 3742 2167 με·

2155 2179 2315 2251 λετᾷν
2349 2182 2401 2233 ὲκ.
2437 2181 2604 2252 αὐτῷ,
2632 2185 2724 2237 καὶ
2765 2187 2872 2248 τοῖς
2903 2185 3083 2239 αύτῶν
3126 2188 3281 2240 παισί
3313 2205 3373 2241 τε
3403 2189 3496 2242 καὶ
3537 2189 3743 2257 ἀπογό-

2155 2289 2265 2336 νοις
2291 2277 2404 2336 τοῖς
2430 2274 2571 2326 κατὰ
2591 2275 2840 2347 διαδοχὴν
2864 2277 3244 2348 γενησομένοις
3265 2280 3614 2351 παραδιδόναι
3641 2281 3742 2353 τὴν

2153 2364 2344 2419 τούτου
2381 2365 2628 2437 μελέτην.
2661 2367 2750 2420 Διό
2772 2385 2932 2439 φησι·
2963 2369 3071 2422 Καὶ
3098 2370 3401 2436 ἀνέστησε
3414 2374 3742 2442 μαρτύριον

2153 2460 2224 2512 ἐν
2264 2458 2476 2522 Ἰακὼϐ,
2510 2459 2607 2513 καὶ
2632 2461 2820 2531 νόμον
2849 2465 3013 2517 ἔθετο
3039 2463 3110 2516 ἐν
3139 2463 3393 2532 Ἰσραήλ.
3422 2467 3739 2540 Μαρτύριον

2153 2549 2208 2602 δὲ
2241 2551 2544 2622 ὲκαλεῖτοὴ
2577 2553 2748 2625 σκηνὴ
2778 2553 2871 2606 τοῦ
2899 2555 3220 2626 μαρτυρίου,
3251 2557 3308 2609 ἐν
3401 2557 3657 2612 ἀπέκειτο
3699 2561 3734 2631 ἡ

2153 2643 2386 2707 κιϐωτὸς
2431 2644 2531 2714 τῆς
2563 2646 2869 2717 Διαθήκης,
2911 2649 3003 2701 καὶ
3034 2650 3063 2701 6
3090 2651 3147 2702 ἐν
3175 2653 3242 2721 τῇ
3296 2650 3520 2722 κιϐωτῷ
3550 2651 3734 2722 νόμος,

2152 2734 2221 2787 τά
2245 2751 2303 2786 τε
2333 2735 2598 2806 χερουϐἱμ
2624 2737 2716 2789 καὶ
2745 2737 2806 2790 τὸ
2844 2738 3173 2811 ἱλαστήριον,
3211 2742 3304 2794 κα)⁸
3331 2741 3366 2812 ἡ
3393 2740 3605 2812 λυχνία,
3640 2742 3737 2795 καὶ

2152 2829 2186 2900 ὴ
2219 2826 2487 2899 τράπεζα,
2519 2830 2669 2900 καὶὴ
2697 2829 2953 2903 πρόθεσις
2987 2831 3094 2885 τῶν
3121 2833 3300 2904 ἄρτων
3320 2850 3334 2862 ο
3367 2833 3512 2904 ἅπερ
3551 2833 3738 2887 κελευ-

2155 2920 2303 2985 σθεὶς
2327 2922 2550 2993 ποιῆσαι
2577 2923 2811 2994 Μωσῆς,
2842 2923 2984 2976 κατά
3015 2925 3106 2977 τὸν
3133 2924 3302 2978 τύπον
3331 2924 3420 2980 τὸν
3458 2925 3732 2996 δειχθένττ

2153 3013 2300 3086 αύτῷ
2343 3015 2402 3068 ὲν
2451 3013 2529 3085 τῷ
2576 3014 2694 3086 ὄρει
2741 3015 3162 3071 κατεσκεύασεν.
3209 3016 3371 3070 Ἀλλά
3424 3017 3590 3071 πάλαι
3636 3019 3735 3089 μὲν

2156 3107 2362 3169 ἐκεῖνος
2390 3105 2419 3158 ὁ
2453 3105 2615 3176 νόμος
2650 3105 2745 3158 καὶ
2770 3105 2830 3158 τὸ
2877 3107 3170 3180 μαρτύριον
3209 3110 3387 3162 ἐκεῖνο
3428 3109 3504 3181 τῷ
3541 3109 3734 3164 Ἰακὼϐ

2154 3197 2247 3250 καὶ
2275 3196 2581 3268 τῷἸσραὴλ
2607 3198 2801 3252 δέδοτο.
2823 3199 3038 3271 Ἐπειδὴ
3065 3199 3120 3252 δὲ
3156 3201 3475 3272 παρέϐησαν
3504 3205 3551 3255 οἱ
3586 3221 3731 3276 παρ-

2158 3286 2475 3358 ειληφότες,
2530 3286 2753 3351 εἰκότως
2814 3287 3000 3358 ἕτερον
3049 3287 3226 3358 ἐαυτῷ
3267 3289 3733 3360 καταρτισάμενος

2153 3378 2280 3431 λαὸν
2306 3379 2399 3431 καὶ
2429 3377 2722 3450 μαρτύριον
2752 3378 2960 3450 ἕτερον,
3006 3379 3067 3432 τὸ
3114 3379 3349 3451 Χριστοῦ
3375 3381 3532 3452 σῶμα
3552 3421 3567 3444 ,
3603 3379 3734 3434 ναὸν

2153 3467 2212 3521 δν
2239 3467 2332 3522 τοῦ
2367 3468 2644 3532 οἰκοῦντος
2676 3469 2733 3521 ὲν
2763 3468 2910 3539 αύτῷ
2938 3468 3071 3523 Θεοῦ
3105 3470 3300 3538 Λόγου,
3329 3469 3405 3532 ὡς
3432 3469 3590 3532 αὐτὸς
3618 3470 3731 3522 ἐδί-

2151 3559 2308 3625 δαξεν
2347 3559 2545 3613 εἰπών’
2582 3563 2820 3616 Λύσατε
2872 3561 2977 3615 τὸν
3022 3561 3172 3615 ναὸν
3214 3562 3459 3626 τοῦτον,
3509 3562 3600 3614 καὶ
3653 3563 3733 3614 ἐν

2153 3652 2351 3742 τρισὶν
2378 3651 2627 3722 ἡμέραις
2651 3653 2836 3723 ἐγερῶ
2869 3654 3056 3708 αὐτόν
3073 3671 3086 3684 °
3123 3656 3216 3708 ml.
3247 3655 3380 3726 πρὸς
3403 3656 3603 3720 τούτοις
3629 3660 3732 3712 καὶ

2152 3745 2313 3817 νόμον
2331 3745 2518 3817 ἕτερον
2545 3746 2637 3800 τὸν
2677 3747 3028 3816 εύαγγελικὸν
3055 3747 3132 3818 τῷ
3165 3750 3356 3803 ἑαυτοῦ
3388 3749 3496 3820 λαῷ
3542 3769 3733 3822 παρα-

2151 3839 2352 3893 δίδωσι.
2393 3839 2480 3894 Διὸ
2518 3841 2575 3893 ὲν
2604 3841 2744 3912 ἀρχῇ
2775 3840 2882 3894 τῶν
2916 3843 3290 3915 προκειμένων
3325 3843 3502 3912 ἔλεγε·
3537 3848 3737 3913 Προσ-

2151 3933 2336 4002 έχετε,
2362 3934 2510 3999 λαός
2533 3951 2674 4003 μου,
2719 3933 2826 3987 τὸν
2868 3935 3055 4004 νόμον
3077 3953 3226 4004 μου⁸
3264 3935 3403 4007 πλὴν
3451 3937 3588 3990 ἀλλά
3639 3939 3734 3992 τὸν

2153 4025 2382 4078 παλαιὸν
2411 4025 2580 4096 νόμον
2603 4025 2696 4078 καὶ
2717 4025 2816 4095 τὴν
2845 4025 3080 4080 παλαιάν
3125 4027 3524 4100 διαμαρτυρίαν
3567 4028 3735 4094 (οὕτω

2151 4117 2258 4189 γὰρ
2300 4118 2644 4189 ἡρμήνευσεν
2684 4118 2710 4170 ὀ
2762 4117 3056 4190 Σύμμαχος
3089 4121 3289 4173 εἰπών·
3340 4122 3450 4175 Καὶ
3505 4122 3735 4192 ἔστησε

2150 4207 2578 4277 διαμαρτυρίαν
2609 4208 2689 4274 τῷ
2727 4209 2925 4263 Ἰακώό
2937 4210 2953 4280 )
2981 4209 3057 4281 τῷ
3090 4211 3339 4283 προτέρῳ
3367 4211 3481 4283 λαῷ
3501 4214 3730 4277 διέθετο,

2150 4300 2521 4370 ἐντειλάμενος
2554 4300 2736 4363 αὐτοῖς
2773 4300 3037 4372 γνωρίσαι
3071 4301 3209 4355 αὐτὰ
3239 4306 3350 4367 τοῖς
3385 4306 3521 4368 υἱοῖς
3549 4307 3732 4359 αύτῶν

466 4407 612 4456 ctum
647 4407 764 4456 est:
805 4428 876 4440 —
914 4398 1080 4452 Vens.
1107 4394 1160 4452 6.
1196 4397 1260 4450 Ut
1313 4404 1593 4465 cognoscat
1640 4393 1906 4462 generatio
1951 4391 2034 4444 al-

2155 4392 2248 4446 καὶ
2273 4390 2578 4459 ἀπογόνοις,
2621 4389 2696 4454 ὡς
2739 4389 2804 4444 ἂν
2842 4390 3109 4463 μηδεμίαν
3153 4392 3304 4446 λάθοι
3350 4395 3568 4463 γενεὰν,
3611 4395 3728 4447 δια-

469 4502 602 4555 tera,
632 4493 734 4563 ﬁlii
759 4492 848 4563 qui
896 4501 1199 4552 nascentur,
1233 4497 1282 4543 et
1318 4496 1622 4558 exsurgent,
1662 4496 1712 4541 et
1747 4485 2043 4539 narrabant

467 4603 529 4640 ca
548 4587 672 4655 ﬁliis
700 4586 834 4640 suis.
863 4585 1328 4654 Complementum
1361 4589 1541 4636 autem
1564 4587 1620 4636 et
1645 4594 1846 4649 scopns
1871 4577 2041 4632 medi—

469 4679 691 4733 rationis
736 4677 872 4746 legis
926 4677 1015 4731 hic
1049 4685 1166 4730 erat
1199 4694 1212 4729 :
1240 4704 1309 4714 -—
1340 4672 1505 4728 Vens.
1535 4673 1586 4726 7.
1623 4669 1690 4724 Ut
1738 4681 1935 4736 ponant
1989 4670 2042 4723 in

470 4769 578 4822 Deo
608 4786 770 4839 spem,
799 4780 846 4822 et
882 4786 984 4822 non
1017 4768 1397 4821 obliviscantur
1429 4781 1641 4835 operum
1670 4762 1785 4828 Dei,
1811 4772 1860 4817 et
1890 4781 2042 4816 man-

468 4877 595 4926 data
625 4873 737 4942 ejus
763 4873 1080 4942 exquirant;
1107 4881 1165 4924 ut
1193 4887 1296 4925 non
1329 4871 1461 4939 [iant
1492 4868 1816 4936 sicutpatres
1836 4883 2038 4927 eorum,

467 4970 733 5040 generatio
768 4984 931 5037 prava
978 4977 1025 5022 et
1072 4981 1394 5036 exasperatis
1425 4980 1442 5018 :
1472 4964 1738 5034 generatio
1772 4979 1888 5033 qua:
1937 4980 2040 5016 non

468 5075 662 5128 direxit
693 5089 787 5126 cor
815 5088 986 5136 suum,
1015 5079 1065 5124 et
1099 5087 1201 5124 non
1229 5069 1401 5152 fidelis
1442 5068 1543 5136 fuit
1587 5083 1703 5121 cum
1734 5066 1843 5120 Deo
1877 5067 2039 5137 spirio

471 5194 553 5238 tus
579 5181 713 5250 ejus.
743 5177 878 5244 Quae
934 5178 1026 5231 illa
1058 5176 1208 5246 prior
1251 5184 1466 5245 patrum
1491 5173 1790 5246 generatio,
1822 5173 1927 5228 nisi
1977 5188 2040 5227 ea

468 5305 590 5359 qua:
632 5297 876 5356 tempore
920 5281 1120 5354 Moysis
1160 5280 1309 5336 erat?
1334 5289 1552 5351 propter
1605 5293 1767 5350 quam
1825 5277 2037 5350 Moyses

469 5398 721 5462 acceptas
768 5388 903 5458 legis
935 5385 1150 5440 tabulas
1183 5383 1470 5450 contrivit;
1515 5383 1594 5439 sic
1628 5384 1774 5439 enim
1826 5382 2036 5454 Moyses

467 5493 595 5546 illos
625 5489 1029 5562 generationem
1082 5499 1304 5556 pravam
1336 5492 1390 5539 et
1421 5496 1733 5554 perversam
1778 5482 2033 5544 vocabat,

475 5589 591 5644 haec
629 5591 681 5642 in
713 5590 833 5642 illos
863 5584 1224 5656 pronuntians
1255 5602 1267 5638 :
1297 5581 1425 5638 Filii
1462 5580 1849 5653 rituperabiles,
1880 5596 2033 5651 gene-

539 5750 560 5781 ⁹
602 5746 757 5803 Joan.
801 5761 863 5811 ιι,
903 5749 984 5802 19.

2150 4483 2298 4556 μένοι
2325 4482 2382 4536 δὲ
2411 4485 2444 4554 ἠ
2469 4481 2563 4536 τοῦ
2606 4482 2771 4552 νόμου
2814 4482 3129 4537 διδασκαλία
3159 4485 3254 4538 καὶ⁸
3289 4486 3368 4548 εἰς
3410 4487 3538 4549 τοὺς
3590 4487 3729 4557 μετᾶ

2143 4573 2316 4628 ταῦτα
2353 4573 2768 4644 γενησομένους.
2809 4573 2900 4627 Διὸ
2947 4574 3232 4628 λέλεκται·
3266 4575 3457 4641 Ὅπως
3493 4575 3572 4629 ἂν
3608 4575 3730 4648 γνῷ

2143 4665 2318 4736 γενεὰ
2347 4665 2518 4733 ἑτέρα
2537 4704 2552 4728 ,
2586 4665 2704 4719 vlol
2740 4667 3168 4736 τεχθησόμενοι
3208 4669 3305 4722 καὶ
3339 4668 3726 4735 ἀναστήσον-

2141 4775 2256 4820 ται,
2290 4757 2384 4810 καὶ
2417 4758 2859 4828 ἀναγγελοῦσιν
2881 4759 3030 4813 αὐτὰ
3068 4759 3192 4826 τοῖς
3215 4760 3366 4826 υἱοῖς
3400 4760 3621 4815 αὐτῶν.
3655 4763 3726 4814 Τδ

2141 4849 2197 4902 δὲ
2224 4849 2595 4920 συμπέρασμα
2626 4851 2725 4921 τῆς
2755 4850 2849 4904 τοῦ
2874 4851 3041 4923 νόμου
3075 4852 3304 4924 μελέτης
3333 4855 3427 4906 καὶ
3463 4855 3494 4906 6
3523 4857 3724 4920 σκοπὸς

2141 4935 2293 5004 οὗτος
2330 4937 2418 5010 ἦν,
2451 4940 2586 4995 Ἵνα
2629 4941 2841 4997 θῶνται
2872 4944 2969 4997 ἐπὶ
3015 4945 3124 4998 τὸν
3154 4945 3300 5000 Θεὸν
3325 4946 3437 5014 τὴν
3482 4948 3719 5010 ἐλπίδα.

2141 5033 2239 5086 καὶ
2267 5031 2354 5102 μὴ
2379 5033 2773 5088 ἐπιλάθωνται
2810 5034 2928 5089 τῶν
2953 5037 3140 5108 ἔργων
3169 5039 3275 5093 τοῦ
3303 5039 3472 5104 Θεοῦ,
3496 5041 3593 5093 καὶ
3620 5044 3722 5107 τὰς

2139 5124 2408 5191 ἐντολὰς
2446 5126 2628 5181 αὑτοῦ
2659 5125 3068 5196 ἐκζητήσωσιν
3089 5145 3102 5159 °
3151 5131 3251 5184 Ira
3303 5131 3390 5201 μὴ
3430 5132 3720 5202 γένωνται

2139 5217 2220 5284 ὡς
2257 5220 2312 5271 ol
2355 5216 2605 5286 πατέρες
2637 5218 2867 5285 αὐτῶν,
2909 5221 3083 5290 γενεὰ
3128 5223 3347 5277 σκολιὰ
3397 5225 3496 5278 καὶ
3529 5240 3718 5292 παρα-

2136 5311 2571 5378 πικραίνουσα·
2602 5311 2776 5382 γενεὰ
2813 5312 2944 5380 ἥτις
2968 5316 3039 5369 οὐ
3070 5316 3404 5383 κατηύθυνε
3439 5316 3554 5384 τὴν
3576 5334 3720 5385 καρ-

2139 5398 2277 5454 δίαν
2299 5399 2518 5469 αὐτῆς,
2552 5401 2650 5454 και
2695 5403 2806 5456 οὐκ
2835 5402 3132 5472 ἐπιστώθη
3157 5404 3306 5474 μετὰ
3338 5404 3445 5458 τοῦ
3478 5405 3628 5459 Θεοῦ
3654 5407 3720 5459 τὸ

2137 5492 2374 5562 πνεῦμα
2427 5493 2635 5561 αὐτῆς.
2674 5495 2770 5559 Τις
2822 5495 2878 5548 δὲ
2929 5491 2998 5567 ἦν
3045 5499 3078 5568 ἡ
3128 5498 3364 5569 προτέρα
3411 5498 3572 5567 γενεά
3610 5497 3721 5550 τῶν

2140 5586 2388 5658 πατέρων
2422 5585 2534 5640 ἀλλ’
2567 5587 2600 5658 ἢ
2635 5588 2718 5641 ἐπ’
2754 5587 2916 5643 αὑτοῦ
2958 5590 3200 5655 Μωσέως
3231 5593 3493 5662 γενομένη
3518 5611 3531 5658 ;
3555 5591 3626 5648 δι’
3651 5593 3720 5661 ἢν
