3996 6210
221 255 326 312 909

1307 259 1810 317 COMMENTARIA
1850 259 1914 315 IN
1948 259 2282 316 PSALMOS.

3357 260 3462 316 910

219 374 512 446 δεξάμενος
539 377 744 449 Μωσῆς
771 378 870 443 τὰς
915 379 1127 444 πλάκας
1166 382 1264 452 τῆς
1310 381 1626 452 νομοθεσίας
1672 399 1797 434 συν-

1901 382 2038 434 ratio
2083 397 2248 450 prava
2300 390 2350 434 et
2383 394 2644 449 perversa,
2688 377 2916 432 haccine
2947 376 3170 431 Domino
3206 376 3467 434 redditis?

221 468 473 540 ἐτριψεν·
509 469 680 533 οὕτως
705 471 834 538 γοῦν
873 472 966 525 καὶ
1009 473 1168 537 αὐτὸς
1198 475 1400 545 Μωσῆς
1442 476 1633 546 γενεὰν
1668 492 1795 528 σκοο

219 561 341 614 λιὰν
385 561 481 614 καὶ
511 560 946 634 διεστραμμένην
993 565 1189 628 αὐτοὺς
1242 565 1456 630 ἐκάλει,
1505 569 1583 628 εἰς
1617 566 1796 620 αὐτῶν

222 652 512 727 ¹ιειρόσωπον
553 653 964 725 ἀποτεινόμενος
1008 657 1100 710 καὶ
1132 656 1335 725 λέγων·
1380 656 1564 712 Τέκνα
1599 675 1798 725 μωμη-

219 743 313 807 τὰ,
339 741 514 813 γενεὰ
549 745 770 799 σκολιὰ
795 746 891 798 καὶ
918 746 1372 817 διεστραμμένη,
1396 749 1578 802 ταῦτα
1605 750 1799 816 Κυρίῳ

220 835 683 901 ἀνταποδιδοτε;
707 837 857 891 οὕτω
888 839 1038 905 λαὸς
1055 841 1252 909 μωρὸς
1274 841 1370 893 καὶ
1401 841 1536 910 οὐχὶ
1566 843 1796 911 σοφός

233 928 374 982 Ἀλλ’
405 928 492 982 ἵνα
540 929 614 1001 μὴ
648 929 698 982 οἱ
746 931 881 1001 μετὰ
931 930 1106 984 ταῦτα
1153 931 1504 1003 γενησόμενοι
1537 936 1646 996 τοῖς
1692 951 1794 985 πα·-

219 1021 412 1091 τρὰσιν
443 1020 876 1074 ἀποτελεσθῶσιν
903 1023 1096 1093 ὅμοιοι,
1129 1022 1408 1094 ἔγγραφον
1437 1024 1620 1085 αὐτοῖς
1655 1041 1795 1094 παρ-

218 1112 387 1166 έδωκε
432 1112 522 1165 τὸν
559 1113 740 1183 νόμον,
763 1115 856 1168 καὶ
878 1116 977 1185 τὴν
1009 1115 1426 1188 διαμαρτυρίαν,
1445 1115 1510 1168 δι’
1536 1110 1602 1185 ἧς
1623 1131 1794 1184 κατη-

218 1207 374 1275 γορεί
413 1203 510 1276 μὲν
541 1205 648 1257 τῶν
688 1206 955 1278 πατέρων,
991 1207 1320 1261 διεστείλατο
1351 1208 1407 1260 δέ
1447 1208 1540 1260 καὶ
1573 1206 1796 1275 διεμαρ-

218 1295 422 1364 τύρατο
458 1299 573 1360 τοῖς
603 1296 812 1360 τέκνοις
845 1298 918 1370 μὴ
953 1298 1328 1369 ἐξομοιοῦσθαι
1381 1301 1492 1362 τοῖς
1534 1299 1790 1369 πατράσι,

223 1386 358 1456 μηδὲ
395 1389 462 1458 τῇ
496 1387 736 1460 προτέρᾳ
775 1391 956 1460 γενεᾷ,
1008 1389 1140 1457 ἣτις
1189 1392 1262 1443 οὐ
1308 1390 1641 1458 ωτηύθυνε
1680 1388 1795 1456 τὴν

219 1477 474 1546 καρδίαν
499 1478 710 1548 αὐτῆς,
747 1478 842 1533 καὶ
865 1481 976 1533 οὐκ
1001 1479 1303 1548 ἐπιστώθη
1331 1480 1480 1549 μετὰ
1511 1478 1616 1533 τοῦ
1649 1478 1796 1532 Θεοῦ

217 1570 286 1624 τὸ
317 1570 552 1640 πνεῦμα
581 1570 790 1639 αὐτῆς.
829 1571 902 1624 Ού
937 1571 1047 1643 γὰρ
1087 1571 1300 1641 φύσεως
1327 1570 1534 1642 φαύλης
1558 1567 1646 1642 ἦν,
1674 1570 1797 1622 ούδέ

1897 474 2088 528 siccine
2112 484 2334 543 populus
2365 473 2560 527 stultus
2590 481 2640 526 et
2668 487 2772 526 non
2786 471 2994 540 sapiens
3021 471 3106 525 ‘°?
3135 469 3241 526 Sed
3269 479 3330 526 ut
3369 488 3466 527 eo-

1897 578 2021 618 rum
2064 571 2289 634 nepotes
2331 563 2582 634 patribus
2613 561 2820 618 similes
2851 576 2958 616 non
2989 561 3302 627 evaderent,
3329 563 3468 618 scri-

1900 663 2047 724 ptam
2089 655 2224 725 ipsis
2275 655 2445 724 legem
2487 653 2732 716 tradidit,
2771 661 2825 709 et
2867 652 3330 718 testilicationcm,
3358 669 3466 724 qua

1898 755 2082 817 patres
2122 746 2340 817 quidem
2368 747 2660 810 incusavit,
2685 746 2943 816 praecepit
2974 753 3154 800 autem
3186 754 3240 800 et
3277 745 3469 802 testiﬁ-

1901 848 2056 894 catus
2085 839 2210 893 [iliis
2231 846 2339 901 est,
2378 846 2436 890 ιιι
2466 854 2532 892 ne
2560 838 2806 908 patribus
2830 837 3037 892 similes
3061 845 3268 902 essent,
3291 853 3469 909 neque

1904 931 2071 998 priori
2104 929 2178 983 illi
2211 928 2570 1000 generationi.
2593 945 2709 999 qua:
2737 945 2838 982 non
2867 926 3060 980 direxit
3091 945 3182 980 cor
3215 944 3392 996 suum,
3419 941 3468 984 et

1901 1037 2004 1073 non
2051 1019 2224 1088 ﬁdelis
2269 1019 2371 1089 fuit
2415 1035 2531 1071 cum
2563 1017 2672 1073 Deo
2702 1018 2920 1086 spiritus
2944 1018 3079 1086 ejus.
3109 1015 3293 1087 Neque
3322 1021 3469 1073 enim

1899 1129 2078 1183 prava:
2116 1122 2322 1166 natura:
2352 1121 2488 1174 erat,
2520 1127 2696 1180 neque
2724 1110 2878 1164 mala:
2905 1110 3344 1176 constitutionis;
3374 1111 3468 1166 sed

1902 1221 1968 1260 ex
2009 1206 2288 1258 voluntate
2315 1203 2424 1259 Deo
2448 1203 2857 1273 obsequentiam
2883 1202 3217 1269 detrectans,
3248 1218 3468 1258 exacer-

1902 1296 2049 1350 bavit
2073 1312 2221 1364 eum,
2252 1305 2414 1365 atque
2435 1311 2500 1349 ex
2532 1295 2876 1364 perversione
2895 1303 3140 1349 tortuosa
3156 1296 3342 1350 eﬂecta
3363 1305 3468 1350 est.

1901 1383 2264 1452 Quamobrem
2317 1386 2614 1441 secundum
2657 1383 3040 1455 Symmachum
3092 1371 3297 1441 dictum
3338 1397 3468 1442 est:

1906 1475 2184 1531 Generatio
2213 1477 2383 1530 invita
2411 1475 2590 1542 corde,
2625 1487 2672 1530 et
2696 1477 2913 1546 inﬁrma
2936 1493 3062 1549 erga
3085 1477 3254 1532 Deum
3281 1479 3472 1547 spiritu

1903 1585 2020 1622 διιο.

218 1664 564 1735 κατασκευῆς
590 1667 850 1737 πονηρᾶς,
881 1667 945 1719 ἐκ
977 1665 1348 1738 προαιρέσεως
1410 1665 1466 1719 δὲ
1535 1664 1864 1719 ἀνανεύουσα
1905 1663 2041 1734 πρὸς
2079 1662 2179 1734 τὴν
2227 1662 2322 1716 τοῦ
2359 1661 2492 1715 Θεοῦ
2532 1662 2776 1735 ὑπακοὴν
2823 1665 3233 1737 παοεπίκρανε,
3270 1665 3364 1740 καὶ
3406 1667 3472 1718 ἐκ

218 1754 550 1826 διαστροφῆς
591 1755 779 1810 σκολιὰ
814 1757 1036 1826 γέγονε·
1073 1757 1154 1810 διὸ
1191 1759 1332 1812 κατὰ
1377 1759 1468 1813 τὸν
1504 1759 1798 1829 Σύμμαχον
1837 1759 2080 1830 εἴρηται·
2136 1757 2328 1812 Γενεὰ
2369 1758 2756 1827 ἀπροαίρετος
2793 1758 2870 1828 τῇ
2927 1759 3160 1828 καρδίᾳ,
3200 1760 3299 1813 καὶ
3340 1755 3473 1813 ἀϐέ-

221 1848 385 1914 ϐαιος
411 1848 562 1916 πρὸς
585 1849 693 1902 τὸν
712 1849 862 1904 Θεὸν
886 1850 968 1916 τῷ
1001 1855 1295 1922 πνεύματι
1339 1853 1420 1920 τῷ
1447 1853 1688 1923 ἑαυτῆς.

305 1964 424 2018 Υἱοὶ
471 1966 746 2036 Ἐφραῒμ,
785 1969 1156 2037 ἐντείνοντες
1194 1972 1290 2025 καὶ
1319 1971 1661 2038 βάλλοντες
1698 1972 1795 2025 τό·

1968 1965 2135 2022 Vens.
2191 1966 2246 2020 9.
2279 1964 2413 2020 Filii
2458 1965 2715 2036 Ephraim
2749 1965 3071 2020 intendentes
3102 1975 3152 2020 et
3179 1967 3470 2023 emittentes

223 2055 376 2122 ξοις,
403 2056 793 2126 ἐστράφησαν
817 2060 886 2112 ἐν
913 2061 1100 2130 ἡμέρᾳ
1128 2063 1412 2132 πολέμου.
1448 2063 1506 2118 '0
1541 2063 1638 2135 μὲν
1664 2065 1798 2133 ἀγα-

223 2147 318 2210 θὸς
345 2149 436 2202 καὶ
452 2148 826 2220 φιλάνθρωπος
845 2151 1047 2224 Κύριος
1067 2157 1180 2218 τοῖς
1204 2154 1439 2226 πρώτοις
1461 2158 1798 2229 προπάτορσι

217 2240 316 2296 τοῦ
363 2242 630 2296 Ἰουδαίων
669 2242 854 2309 ἔθνους
906 2244 1041 2315 ἔργα
1085 2247 1284 2310 παντὸς
1328 2247 1483 2316 λόγου
1519 2250 1800 2320 κρείττονα

218 2335 559 2388 ἐνεδείκνυτο
593 2336 662 2389 τὰ
702 2336 788 2389 διὰ
831 2338 1070 2402 Μωσέως
1091 2356 1104 2369 ·
1145 2340 1194 2392 οἱ
1231 2340 1288 2392 δέ
1319 2339 1559 2408 ἐγίνοντο
1594 2341 1797 2414 σκληρ-

218 2421 450 2493 αύχενες
490 2425 584 2477 καὶ
616 2425 692 2488 ὡς
724 2426 935 2498 ἀληθῶς
983 2427 1109 2491 λαὸς
1138 2434 1318 2501 μωρὸς
1343 2432 1436 2484 καὶ
1468 2418 1586 2500 οὐχὶ
1616 2433 1795 2501 σοφὸς,

218 2515 318 2568 καὶ
373 2516 536 2585 γενεὰ
586 2518 777 2572 σκολιὰ
825 2520 918 2572 καί¹
972 2520 1403 2594 διεστραμμένη.
1482 2524 1640 2577 Ἀλλὰ
1691 2525 1798 2577 τῶν

227 2605 458 2677 πρώτων
493 2609 746 2662 τοιούτων
772 2611 1214 2683 ἁπελεγχθέντων
1239 2654 1254 2679 ,
1303 2617 1466 2687 νόμον
1515 2621 1628 2680 τοῖς
1662 2615 1799 2688 μετὰ

215 2697 398 2752 ταῦτα
429 2700 716 2770 παρεδίδου
738 2743 752 2762 .
788 2704 1227 2776 διαστειλάμενος
1280 2710 1373 2762 καί
1427 2710 1800 2783 διαμαρτυρά-

221 2804 389 2858 μενος
425 2790 483 2843 ἐν
510 2790 659 2861 αύτῷ
680 2792 748 2845 τά
773 2809 834 2845 τε
865 2795 1113 2864 πρακτέα
1142 2797 1235 2849 καὶ
1268 2798 1335 2852 τὰ
1378 2800 1452 2869 μή
1473 2816 1485 2829 ·
1523 2801 1800 2872 παραινῶν

217 2893 280 2934 τε
313 2879 392 2949 μὴ
425 2881 707 2950 μιμεῖσθαι
739 2884 865 2946 τοὺς
892 2885 1153 2957 πατέρας,
1181 2888 1313 2958 μηδέ
1344 2890 1443 2961 τὴν
1479 2889 1671 2958 γενεὰν
1702 2891 1800 2963 τὴν

220 2970 466 3034 σκολιὰν,
504 2971 638 3042 μηδὲ
680 2974 778 3046 τὴν
811 2977 1370 3048 παραπικραίνουσαν,
1401 2979 1533 3048 ἣτις
1561 2985 1634 3036 οὐ
1665 3000 1802 3038 κατ-

217 3062 454 3130 ηὐθυνε
499 3063 614 3131 τὴν
659 3066 910 3134 καρδίαν
951 3069 1176 3136 αὐτῆς,
1212 3071 1307 3125 καὶ
1349 3075 1460 3126 οὐκ
1504 3073 1799 3143 ἐπιστώθη

213 3155 376 3222 μετὰ
419 3154 524 3208 τοῦ
577 3157 723 3211 Θεοῦ
753 3160 817 3212 τὸ
847 3161 1082 3229 πνεῦμα
1119 3161 1324 3232 αὐτῆς.
1368 3167 1427 3218 Οἱ
1476 3166 1550 3228 δὲ,
1587 3167 1802 3238 χείρους

219 3246 333 3300 τῶν
374 3247 622 3319 πατέρων
655 3251 970 3321 γενόμενοι,
1004 3253 1154 3309 οὐδὲν
1197 3256 1294 3325 μὲν
1338 3255 1445 3308 ἀπὸ
1477 3257 1574 3328 τῆς
1619 3275 1798 3331 παρα-

217 3336 474 3410 δοθείσης
515 3317 608 3394 τοῦ
660 3317 822 3412 νόμου
872 3347 1086 3417 γραφῆς
1158 3317 1460 3417 ωφελοῦντο
1515 3317 1592 3414 είς
1637 3317 1872 3422 βάιθοςο

220 3431 426 3494 κακίας
459 3433 790 3498 ἐλαύνοντες.
818 3437 927 3490 Καὶ
965 3438 1170 3508 πρῶτοί
1208 3456 1271 3509 γε
1321 3440 1523 3495 τούτων
1569 3438 1708 3514 ἦσαν
1750 3446 1798 3497 ol

219 3525 331 3577 υἱοὶ
377 3524 634 3597 Ἐφραῒμ,
663 3527 980 3598 τιμηθέντες
1015 3532 1114 3600 μὲν
1146 3530 1406 3604 ἐξαιρετῷ
1428 3536 1555 3606 τιμῇ
1587 3534 1674 3588 διὰ
1705 3535 1798 3588 τοῦ

219 3615 324 3686 τὴν
353 3615 532 3669 αὐτῶν
571 3617 740 3688 φυλὴν
768 3618 860 3672 καὶ
890 3620 981 3672 τὸν
1010 3622 1186 3675 αὐτῶν
1219 3623 1416 3695 κλῆρον
1442 3625 1800 3697 προκριθῆναι

221 3707 321 3760 τοῦ
352 3709 553 3773 παντὸς
576 3710 780 3774 ἔθνους,
807 3712 901 3765 καὶ
922 3711 1019 3784 τὴν
1047 3714 1278 3770 κιϐωτὸν
1309 3716 1402 3771 τοῦ
1429 3719 1563 3772 Θεοῦ
1589 3721 1682 3773 καὶ
1704 3720 1799 3792 τὴν

221 3798 437 3870 σκηνὴν
458 3799 551 3853 τοῦ
578 3804 872 3874 μαρτυρίου
895 3807 994 3878 τὴν
1025 3807 1129 3860 ὑπὸ
1160 3809 1402 3873 Μωσέως
1427 3811 1484 3863 ἐν
1513 3813 1579 3882 τῇ
1609 3813 1802 3883 ἐρήμῳ

220 3894 767 3949 κατασκευασθεῖσαν
833 3898 1188 3964 ὑποδέξασθαι
1245 3902 1526 3974 πρώτους·
1585 3906 1614 3957 ό
1671 3905 1800 3974 γοῦν

219 3985 395 4047 τόπος
421 3986 450 4037 ὁ
474 3987 531 4039 ἐν
560 3986 736 4057 Σηλῶ,
767 3987 892 4044 ἔνθα
925 3993 956 4061 ἡ
993 3994 1163 4065 σκηνὴ
1193 3995 1287 4047 καὶ
1323 3994 1382 4046 τὸ
1408 3996 1672 4067 ἀγίασμα,
1695 3997 1802 4068 πρὸ

217 4078 327 4148 τῆς
379 4077 760 4151 Ἰερουσαλὴμ,
811 4082 910 4152 τῆς
959 4083 1128 4154 φυλῆς
1187 4085 1422 4157 Ἐφραῒμ
1475 4087 1796 4158 ἐτύγχανεν·

218 4167 368 4223 ἀλλά
411 4169 618 4240 πρῶτοι
663 4170 863 4242 ταύτης
892 4173 1144 4243 τυχόντες
1183 4175 1280 4246 τῆς
1333 4177 1498 4247 τιμῆς
1525 4216 1541 4242 ,
1594 4179 1805 4232 εἰδωλο-

216 4259 425 4330 λάτραι
490 4263 757 4330 γεγόνασι.
810 4264 919 4316 Καὶ
966 4264 1080 4316 ἐστι
1129 4282 1192 4333 γε
1251 4265 1348 4338 τὴν
1417 4267 1656 4341 ἱστορίαν
1695 4269 1800 4324 τῶν

216 4351 637 4423 πεπραγμένων
683 4354 864 4416 αὐτοῖς
913 4353 1021 4406 ἀπὸ
1057 4354 1156 4424 τῆς
1199 4354 1379 4424 βίϐλου
1431 4356 1541 4410 τῶν
1583 4359 1801 4430 Κριτῶν

214 4437 609 4504 ἅναὶέξασθαι.
639 4442 878 4514 Ἐλέγχει
902 4443 958 4496 δὲ
988 4446 1080 4498 καὶ
1098 4449 1126 4498 ὁ
1151 4446 1340 4521 παρὼν
1359 4448 1569 4520 ψαλμὺς
1596 4449 1801 4522 προῖὼν

216 4531 358 4601 ἑξῆς
383 4531 478 4584 καὶ
507 4531 677 4600 λέγων
705 4535 833 4607 περὶ
859 4535 1064 4590 αὐτῶν·
1105 4538 1398 4594 Ἀπώσατο
1423 4540 1488 4595 τὸ
1512 4541 1801 4612 σκήνωμα

1898 2058 2150 2124 arcubus,
2183 2059 2318 2112 versi
2356 2067 2478 2113 sunt
2525 2059 2579 2112 in
2632 2057 2716 2112 die
2754 2057 2896 2112 belli.
2928 2057 3112 2112 Bonus
3153 2058 3370 2126 quidem
3416 2071 3473 2114 et

1897 2153 2139 2208 clemens
2174 2151 2440 2206 Dominus
2471 2153 2662 2222 primis
2691 2150 2932 2207 Iudaicae
2970 2152 3145 2222 gentis
3169 2153 3342 2208 atavis
3373 2167 3472 2223 per

1899 2243 2135 2314 Moysem
2154 2244 2537 2299 inenarrabilia
2554 2257 2717 2313 opera
2733 2243 2922 2298 edidit:
2943 2243 3042 2313 ipsi
3057 2259 3182 2299 vero
3197 2243 3332 2298 dura
3350 2259 3466 2300 cer-

1898 2335 2016 2389 vice
2040 2333 2338 2399 fuerunt,et
2354 2349 2539 2389 revera
2560 2315 2798 2405 populus
2808 2335 3009 2388 stultus
3023 2345 3075 2390 et
3094 2350 3202 2389 non
3230 2337 3468 2405 sapiens,

1897 2434 1951 2479 et
1985 2428 2268 2495 generatio
2298 2435 2539 2480 tortuosa
2569 2433 2622 2479 et
2665 2440 2940 2494 perversa.
2975 2424 3080 2480 Sed
3106 2442 3228 2490 cum
3257 2429 3469 2498 priores

1899 2516 2021 2573 illos
2054 2518 2191 2572 tales
2222 2516 2390 2574 fuisse
2419 2517 2830 2588 comprobatum
2888 2516 3072 2582 fuerit,
3110 2520 3345 2589 posteris
3373 2535 3472 2575 θος

1901 2619 2019 2662 rum
2058 2609 2228 2679 legem
2262 2608 2507 2671 tradidit,
2546 2616 2818 2679 praecepta
2856 2608 2994 2664 dans
3039 2611 3166 2670 illis.
3205 2619 3260 2665 et
3284 2612 3473 2667 testiﬁ-

1899 2709 2056 2755 catus
2088 2716 2338 2771 qutenam
2386 2702 2618 2771 agenda,
2664 2717 2692 2755 a
2733 2701 2930 2771 quibus
2965 2700 3346 2756 abstinendum
3376 2716 3472 2758 es-

1902 2799 1984 2847 set
2013 2812 2024 2846 :
2056 2793 2354 2847 COllOl‘laﬂS
2383 2808 2600 2863 quoque
2635 2808 2705 2846 ne
2747 2802 2930 2863 patres
2961 2808 3137 2862 neque
3163 2793 3476 2864 generatio-

1902 2900 2025 2940 nem
2061 2884 2207 2938 illam
2239 2893 2542 2939 tortuosam
2577 2893 2629 2940 et
2658 2893 3070 2955 exasperantem
3098 2885 3469 2953 imitarentur,

1900 2993 2016 3048 qua
2061 2993 2164 3030 non
2214 2977 2408 3032 direxit
2437 2994 2529 3032 cor
2557 2994 2732 3041 suum,
2762 2988 2811 3032 et
2861 2995 2963 3033 non
2997 2977 3168 3048 ﬁdelis
3215 2979 3314 3050 fuit
3352 2996 3474 3035 cum

1902 3067 2012 3123 Deo
2042 3070 2264 3136 spiritus
2291 3069 2427 3137 ejus.
2459 3069 2539 3124 llli
2582 3085 2711 3125 vero
2731 3111 2746 3134 ,
2773 3072 3019 3141 patribus
3050 3071 3373 3139 deteriores,
3404 3073 3474 3128 ab

1904 3165 2008 3221 sibi
2040 3166 2239 3220 tradita
2281 3165 2416 3236 legis
2447 3166 2723 3236 scriptura
2754 3168 3002 3224 utilitatis
3029 3167 3164 3222 nihil
3209 3183 3469 3239 percepe-

1904 3264 2072 3324 runt;
2107 3258 2201 3312 sed
2231 3257 2286 3311 in
2331 3256 2661 3327 profundum
2697 3259 2961 3312 malorum
3010 3258 3147 3329 lapsi
3193 3268 3340 3314 sunt.
3369 3257 3454 3313 Ηο

1902 3367 2023 3407 rum
2057 3350 2218 3422 primi
2253 3357 2408 3406 erant
2439 3350 2533 3404 lilii
2564 3349 2846 3419 Ephraim,
2877 3350 2971 3420 qui
3009 3349 3338 3420 pracellenti
3366 3349 3472 3405 ho-

1901 3462 2036 3502 nore
2065 3445 2275 3509 donati,
2310 3444 2451 3514 quod
2481 3443 2659 3498 tribus
2701 3451 2754 3498 ct
2791 3458 2911 3498 sors
2949 3458 3138 3498 eorum
3183 3444 3281 3498 toti
3323 3444 3471 3516 genti

1901 3537 2196 3609 praebabita
2258 3536 2440 3600 fuerit,
2473 3543 2527 3591 et
2573 3551 2752 3589 arcam
2801 3534 2894 3589 Dei
2953 3535 3472 3606 tabernaculumque

1901 3630 2198 3687 testimonii
2253 3628 2321 3683 ab
2359 3627 2544 3699 Moyse
2589 3630 2641 3682 in
2683 3631 2898 3683 deserto
2939 3637 3313 3683 constructum
3365 3629 3472 3700 ipsi

1902 3721 2061 3791 primi
2087 3721 2400 3790 acceperint
2431 3737 2443 3772 :
2479 3735 2604 3774 nam
2631 3719 2785 3775 locus
2809 3719 2898 3774 ille
2930 3719 2984 3773 in
3008 3718 3142 3784 Silo,
3167 3720 3258 3774 ubi
3289 3722 3472 3792 taber-

1904 3813 2160 3866 naculum
2215 3820 2267 3865 et
2303 3811 2665 3866 sanctiﬁcatio
2705 3810 3017 3882 (antequam
3067 3810 3120 3864 in
3168 3809 3471 3867 Jerusalem

1901 3904 2068 3974 esset)
2099 3904 2347 3974 degebat,
2390 3903 2566 3959 tribus
2609 3902 2866 3974 prraim
2913 3909 3048 3958 erat.
3111 3901 3306 3958 Verum
3344 3919 3471 3958 cum

1901 3995 2006 4066 ipsi
2037 3995 2198 4066 primi
2251 4003 2406 4050 tanto
2434 3995 2642 4051 honore
2670 3994 2877 4065 dignati
2913 4003 3098 4050 essent
3124 4033 3138 4060 ,
3165 3993 3470 4050 idololatrai

1901 4088 2078 4144 elTecti
2113 4095 2260 4143 sunt.
2290 4088 2368 4142 Ac
2390 4087 2589 4158 cuique
2621 4088 2750 4143 licet
2778 4087 3064 4144 historiam
3094 4102 3275 4142 rerum
3309 4089 3378 4144 ab
3399 4087 3471 4141 il-

1902 4181 1969 4236 lis
2019 4190 2294 4251 gestarum
2325 4194 2392 4234 ex
2420 4179 2561 4234 libro
2589 4178 2842 4234 Judicum
2880 4179 3156 4250 colligere.
3192 4177 3344 4248 Ipsos
3373 4194 3472 4232 au-

1902 4285 2010 4333 tem
2042 4294 2282 4349 praesens
2315 4277 2561 4346 psalmus
2596 4275 2650 4330 in
2687 4275 3040 4346 sequentibus
3074 4289 3289 4345 quoque
3311 4289 3473 4328 coar-

1901 4371 2038 4442 guit,
2081 4369 2270 4423 dicens
2298 4382 2312 4420 :
2340 4366 2548 4435 Repulit
2584 4364 2981 4420 tabernaculum
3029 4364 3247 4434 Ioseph,
3280 4374 3329 4419 et
3369 4367 3470 4420 tri-

1903 4461 2024 4514 bum
2057 4458 2311 4528 Ephraim
2329 4475 2433 4511 non
2463 4457 2651 4527 elegit;
2681 4467 2733 4512 et
2764 4471 2984 4511 rursum
3021 4475 3033 4510 :
3067 4455 3136 4508 Et
3165 4457 3354 4524 repulit
3389 4470 3470 4512 ta-

1903 4549 2243 4605 bernaculum
2273 4548 2408 4612 Silo,
2435 4547 2831 4602 tabernaculum
2857 4563 3008 4600 suum
3029 4546 3118 4600 ubi
3144 4546 3393 4603 habitavit
3417 4550 3472 4604 in

229 4625 478 4694 Ἰωσὴφ,
511 4628 608 4680 καὶ
642 4627 756 4696 τὴν
786 4629 994 4699 φυλὴν
1031 4629 1269 4702 Ἐφραῒμ
1301 4636 1410 4688 οὐκ
1447 4635 1792 4700 ἐξελέξατο·

1902 4641 2233 4704 hominibus;
2269 4631 2601 4708 causamque
2641 4637 2844 4708 profert
2871 4637 2956 4694 his
2981 4638 3196 4694 verbis:
3223 4639 3474 4696 Conversi

214 4720 323 4772 καὶ
382 4718 573 4773 πάλιν·
625 4720 736 4774 Kal
784 4723 1062 4779 ἀπώσατο
1107 4725 1222 4793 τὴν
1266 4727 1506 4796 σκηνὴν
1541 4728 1756 4798 Σηλὼμ
1779 4771 1794 4795 ,

212 4810 520 4881 σκήνωμα
548 4807 619 4868 οὗ
649 4818 1108 4882 κατεσκήνωσεν
1133 4819 1204 4871 ἐν
1226 4819 1574 4888 ἀνθρώποις·
1591 4824 1684 4876 καὶ
1702 4823 1799 4895 τὴν

211 4903 408 4957 αἰτίαν
462 4906 788 4978 παρίστησιν
856 4907 1024 4962 εἰπών
1060 4925 1073 4939 ·
1144 4910 1655 4980 Μετεστρὰςρησαν
1712 4916 1801 4980 εἰς

207 4997 412 5061 τόξον
439 5001 747 5068 στρεϐλόν.
781 5002 892 5056 Kal
931 5001 1312 5073 παρώρτισαν
1354 5005 1541 5058 αὑτὸν
1580 5007 1651 5061 ἐν
1676 5009 1801 5073 τοῖς

205 5091 478 5159 βουνοῖς
514 5094 732 5158 αὐτῶν,
757 5094 864 5148 καὶ.
882 5095 954 5149 ἐν
980 5095 1104 5162 τοῖς
1125 5095 1414 5165 γλυπτοῖς
1439 5096 1636 5153 αὐτῶν
1650 5115 1799 5169 παρ-

203 5184 540 5254 εζῆλωσαν
585 5188 814 5250 aesar.)
841 5187 1080 5251 Εἰκότως
1121 5183 1214 5242 οὖν
1256 5188 1351 5242 καὶ
1395 5187 1483 5242 διὰ
1513 5188 1620 5243 τῶν
1667 5208 1796 5262 προσ

206 5278 496 5348 κειμένων
533 5281 776 5350 εἴρηται·
822 5281 938 5336 Υἱοὶ
987 5282 1260 5354 Ἐφρατμ,
1305 5282 1672 5349 ἐντείνοντες
1702 5283 1801 5339 καὶ

203 5371 566 5437 βάλλοντες
589 5371 788 5437 τόξον,
803 5371 1194 5442 ἐστράφησαν
1214 5374 1285 5428 ἐν
1305 5373 1494 5444 ἡμέρᾳ
1513 5373 1796 5442 πολέμου.

207 5461 352 5524 Πῶς
377 5463 435 5516 δέ
467 5461 816 5536 ἐστράφησαν
864 5464 1193 5539 σαφέστερον
1237 5465 1564 5538 παρίστησιν
1598 5464 1794 5518 εἰπὼν·

206 5552 332 5608 Kal
371 5551 650 5623 ἐγένοντο
691 5557 777 5622 εὶς
807 5555 986 5622 τόξον
1011 5558 1320 5627 στρεϐλόν.
1372 5556 1497 5614 Δέον
1525 5555 1634 5630 γὰρ
1675 5555 1800 5628 βάλ-

302 5708 350 5740 ¹⁶
384 5708 542 5765 Deut.
571 5725 743 5776 xxxu,
778 5709 831 5766 6.

1899 4743 2020 4789 sunt
2059 4735 2113 4788 in
2141 4750 2322 4788 arcum
2342 4749 2578 4803 pravum.
2613 4730 2682 4784 Et
2722 4731 3058 4786 irritaverant
3086 4747 3203 4785 eum
3236 4732 3288 4786 in
3318 4734 3474 4790 colli.

1900 4826 1994 4882 bus
2018 4827 2148 4891 suis,
2175 4835 2224 4882 et
2258 4827 2314 4880 in
2342 4823 2672 4895 sculptilibus
2703 4823 2813 4878 suis
2844 4823 2914 4877 ad
2945 4824 3327 4881 aemulationem
3350 4844 3470 4884 eum

1899 4928 2328 4988 prouocauerunt.
2355 4916 2486 4972 Jure
2510 4931 2641 4986 ergo
2669 4914 2724 4970 in
2751 4914 3106 4986 prtesentibus
3119 4915 3321 4972 dictum
3349 4928 3430 4974 est
3454 4938 3468 4975 :

1902 5009 2039 5063 Filii
2069 5009 2320 5078 Epitraim
2348 5008 2670 5062 intendentes
2718 5015 2768 5061 et
2796 5006 3059 5061 mittentes
3109 5023 3315 5072 arcum,
3338 5009 3474 5064 versi

1903 5110 2026 5156 sunt
2059 5101 2113 5154 in
2135 5098 2220 5154 die
2249 5098 2394 5154 belli.
2423 5097 2543 5164 Quo
2574 5104 2735 5168 pacto
2765 5105 2946 5152 autem
2987 5099 3238 5155 conversi
3271 5098 3474 5154 fuerint

1905 5191 2106 5247 clarius
2161 5189 2400 5243 ostendit
2455 5188 2687 5244 dicens:
2721 5185 2792 5242 Et
2849 5186 2979 5256 facti
3022 5196 3145 5242 sunt
3195 5189 3251 5242 in
3287 5204 3470 5242 arcum

1903 5297 2142 5352 pravum.
2199 5278 2335 5333 Nam
2386 5293 2511 5334 cum
2563 5278 2894 5348 Oportuisset
2930 5277 3036 5332 tela
3073 5277 3364 5333 immittere
3415 5283 3474 5332 et

1906 5371 2107 5428 bellum
2153 5368 2358 5425 inferre
2389 5368 2630 5424 inimicis
2679 5367 2797 5434 Dei,
2834 5367 3139 5424 idololatrte
3201 5366 3280 5422 illi
3331 5380 3472 5436 pra-

1907 5469 2168 5535 0ptarunt
2190 5461 2391 5518 bellum
2409 5476 2627 5517 movere
2653 5459 2783 5516 Deo.
2809 5459 2989 5526 Quare
3001 5457 3182 5514 subdit
3207 5455 3475 5517 z—Vsss.‘

1908 5559 1993 5617 10.
2032 5555 2154 5616 Non
2189 5554 2547 5619 custodierunt
2605 5561 2969 5610 testamentum
3003 5549 3119 5616 Dei,
3149 5557 3200 5606 et
3253 5547 3313 5605 in
3359 5549 3472 5625 lege
