3996 6210
287 330 395 387 913

1375 322 1878 384 COMMENTARIA
1918 322 1986 378 IN
2025 322 2371 381 PSALMOS.

3431 333 3537 391 ιιι

284 454 346 507 ιν
382 455 495 515 τοῖς
539 451 675 522 μετὰ
705 449 875 505 ταῦτα
912 451 1116 520 λέγων’
1152 448 1571 521 Μετέστρεψεν
1610 449 1696 513 εὶς
1721 441 1851 515 αἷμα

1965 444 2274 514 sanguinem
2311 444 2537 512 ﬁuntina
2553 460 2758 511 eorum,
2791 456 2841 501 et
2868 449 3059 506 imbres
3081 467 3263 507 eorum
3302 468 3364 508 ne
3396 455 3537 508 bibe-

283 542 430 608 τοὺς
456 539 762 610 ποταμοὺς
781 538 997 600 αὐτῶν.
1036 539 1222 594 καὶτὰ
1237 537 1579 608 ὀμϐρήματα
1601 536 1756 602 ὅπως
1770 535 1858 605 μὴ

284 634 529 686 πίωσιν.
566 630 1023 697 Ἐξιιπέστεαεν
1044 635 1130 699 εις
1153 630 1375 697 αὐτοὺς
1395 631 1743 699 κοινόμυιαν
1763 628 1859 681 καὶ

285 724 620 794 κατέφαγεν
662 724 884 790 αὐτοὺς
902 764 919 789 ,
961 725 1058 778 καὶ
1106 724 1174 778 τὰ
1219 723 1429 786 τούτοις
1479 721 1867 793 ἐπιλεγόμεναα

285 816 470 870 Ταῦτα
522 816 619 888 μὲν
656 810 749 869 οὖν
811 816 930 869 κατ’
977 815 1289 884 Αἰγυπτίων
1335 813 1545 883 ἐγενετο
1589 815 1647 867 ὲν
1691 811 1860 883 πεδίῳ

283 909 503 972 Τάνεως
527 925 541 939 ·
572 907 611 962 a
641 906 704 980 δὴ
742 907 1027 980 παρελθὼν
1061 907 1154 961 ἐπὶ
1199 905 1294 959 τοῦ
1323 904 1587 977 παρόντος
1620 905 1649 957 δ
1683 903 1866 973 λόγος,

282 1002 383 1067 τὰς
413 1003 494 1065 εἰς
538 1001 628 1055 τὸν
666 999 793 1054 λαὸν
824 1000 1143 1071 εὐεργεσίας
1190 999 1510 1072 προτάττει’
1535 996 1611 1060 ὡς
1643 994 1861 1067 διῆλθον

280 1094 381 1166 τὴν
428 1091 738 1159 θάλασσαν,
782 1093 862 1156 εις
909 1090 1080 1146 πολλὰ
1135 1091 1276 1164 μέρη
1325 1087 1698 1160 διαιρεθέντων
1751 1086 1862 1141 τῶν

283 1187 526 1241 ὑδάτωνο
560 1185 590 1239 δ
628 1184 693 1256 δὴ
736 1183 1065 1256 παρίσταται
1092 1184 1181 1239 διὰ
1213 1182 1304 1236 τοῦ
1337 1183 1632 1251 φάσκοντος
1663 1181 1822 1251 λόγου
1841 1196 1857 1211 ’

284 1277 369 1345 Τῷ
391 1277 807 1332 καταδιελόντιν
827 1275 942 1345 τὴν
968 1273 1248 1344 Ἐρυθρὰν
1270 1273 1587 1329 θάλασσαν
1608 1275 1695 1338 εις
1715 1271 1862 1327 διαι-

273 1369 513 1439 ρέσεις,
568 1368 667 1423 και
708 1369 1048 1440 διαγαγόντι
1087 1368 1195 1422 τὸν
1251 1365 1487 1436 Ἰσραὴλ
1522 1365 1620 1421 διὰ
1665 1364 1860 1435 μέσου

281 1460 493 1530 αὐτῆς.
522 1462 659 1515 Φασὶ
695 1461 826 1531 γοῦν
866 1460 1133 1531 Ἐϐραίων
1166 1459 1358 1522 παῖδες
1388 1459 1468 1523 εἰς
1496 1455 1563 1511 ιϐ’
1597 1458 1860 1528 τμήματα

281 1553 574 1628 διῃρῆσθαι
616 1553 786 1625 αὐτὴν
842 1553 960 1606 κατ’
988 1551 1220 1625 ἀριθμὸν
1262 1550 1371 1605 τῶν
1420 1550 1489 1604 ιϐ’
1539 1548 1720 1618 φυλῶν
1764 1547 1858 1602 τοῦ

281 1643 448 1701 λαοῦ·
492 1644 633 1700 ὥστε
682 1644 1079 1717 ἀφωρισμένως
1121 1642 1359 1715 ἑκάστην
1405 1641 1630 1696 διελθεῖν
1662 1640 1855 1713 φυλὴν,

282 1735 429 1790 κατὰ
460 1736 558 1808 τὴν
579 1734 1018 1807 ἀπονεμηθεῖσαν
1047 1733 1194 1805 αὐτῇ
1213 1732 1459 1805 πορείαν.
1491 1731 1857 1801 Διισταμένων

1963 545 2099 590 rent.
2136 534 2283 590 Misit
2319 538 2374 605 in
2405 554 2493 591 eos
2524 541 2870 609 canomyiam
2900 551 2951 595 et
2972 544 3195 598 comedit
3210 561 3319 609 eos,
3351 556 3407 601 et
3426 563 3534 603 cae-

1964 636 2103 682 tera.
2133 626 2257 682 Haec
2287 629 2470 698 itaque
2505 638 2696 685 contra
2712 630 3002 703 Egyptios
3020 635 3074 689 in
3097 651 3291 707 campo
3318 637 3530 696 Taneos

1960 718 2468 789 conitigerunt,quae
2495 728 2881 779 transcurrens
2909 724 2962 779 in
2992 731 3246 796 praesenti
3272 729 3536 787 beneﬁcia

1960 809 2016 865 in
2049 810 2304 880 populum
2356 812 2675 881 praemittit:
2711 822 2770 867 ut
2803 815 3015 872 scilicet
3065 820 3223 889 aquis
3263 821 3450 892 plures
3479 823 3535 878 in

1963 915 2144 975 partes
2167 903 2391 971 divisis,
2417 922 2567 962 mare
2612 911 3010 978 pertransierit,
3038 913 3187 980 quod
3224 914 3314 972 his
3354 917 3534 973 verbis

1959 996 2270 1053 declaratur
2302 1015 2317 1052 :
2352 996 2458 1064 Qui
2483 998 2665 1053 divisit
2700 1016 2847 1055 mare
2874 998 3109 1056 Rubrum
3137 1004 3192 1059 in
3230 1004 3531 1070 divisiones,

1958 1098 2010 1142 et
2050 1088 2234 1143 eduxit
2274 1088 2449 1146 Israel
2478 1108 2570 1162 per
2604 1093 2834 1148 medium
2884 1095 3000 1164 ejus
3034 1096 3101 1152 ”‘.
3133 1095 3327 1153 Aiunt.
3352 1098 3535 1171 itaque

1960 1175 2172 1232 Hebraei
2202 1179 2258 1234 in
2291 1179 2575 1236 duodecim
2608 1184 2880 1240 sectiones
2916 1184 3163 1241 divisum
3183 1186 3355 1245 fuisse
3383 1205 3534 1246 mare

1959 1271 2262 1327 secundum
2284 1290 2568 1330 numerum
2599 1275 2884 1332 duodecim
2923 1279 3107 1348 pOpuli
3137 1281 3380 1336 tribuum
3407 1301 3422 1349 ;
3457 1285 3532 1338 ita

1962 1368 2020 1416 ut
2043 1363 2271 1434 singula:
2297 1366 2472 1421 tribus
2499 1369 2790 1439 separatim
2823 1369 2878 1423 in
2907 1373 3185 1441 assignato
3214 1371 3320 1426 sibi
3348 1382 3533 1426 nteatu
3594 1392 3597 1395 π

1959 1458 2377 1526 pertransirent.
2407 1460 2543 1516 Cum
2593 1477 2755 1531 porro
2793 1478 2948 1533 aquae
3003 1463 3325 1530 intermedio
3356 1464 3534 1534 spatio

1959 1548 2223 1618 sejunctas
2244 1561 2450 1615 essent,
2484 1560 2541 1607 et
2568 1554 2719 1608 arida
2744 1568 2886 1609 terra
2919 1555 2973 1608 in
3009 1556 3188 1610 medio
3210 1555 3529 1620 haberetur,

1957 1655 2303 1712 consequens
2334 1651 2451 1697 erat
2468 1659 2639 1714 aquas
2665 1645 2718 1699 in
2741 1646 3019 1701 cumulum
3054 1657 3271 1703 evectas
3285 1647 3533 1704 contine-

1957 1734 2025 1799 ri,
2066 1735 2121 1789 in
2168 1750 2295 1791 aere
2340 1737 2579 1793 tumidas
2616 1738 2814 1792 elevari
2853 1746 2907 1792 et
2943 1739 3143 1803 attolli,
3189 1739 3247 1794 in
3298 1739 3533 1810 ipsoque

280 1826 340 1880 δὲ
365 1825 473 1880 τῶν
507 1825 734 1889 ὑδάτων,
778 1824 876 1877 καὶ
923 1822 1094 1895 ξηρᾶς
1122 1822 1227 1892 γῆς
1256 1824 1316 1876 ἐν
1352 1820 1431 1892 τῷ
1474 1818 1677 1892 μεταξὺ
1730 1837 1851 1875 συν-

1956 1840 2082 1882 aere
2117 1828 2275 1898 quasi
2337 1828 2392 1882 in
2442 1837 2564 1883 utre
2597 1829 2879 1896 concludi;
2930 1843 3261 1902 quapropter
3287 1830 3525 1888 dicitur:

280 1920 596 1990 ισταμένης,
623 1915 914 1971 ἀκόλουθον
945 1912 1013 1987 ἦν
1045 1913 1273 1984 συνοχὴν
1299 1911 1541 1981 γίνεσθαι
1570 1912 1677 1967 τῶν
1718 1912 1846 1967 ὑδά-

1955 1914 2023 1968 Et
2056 1919 2239 1971 statuit
2296 1935 2458 1989 aquas
2508 1918 2659 1982 quasi
2695 1927 2880 1973 utrem.

279 2033 410 2081 των,
460 2017 535 2080 ὡς
589 2013 918 2087 κυρτοῦσθαι
961 2011 1100 2067 αὐτὰ
1159 2010 1493 2082 συνεχόμενα
1538 2010 1676 2083 πρὸς
1727 2010 1927 2083 ἄλληλα
1978 2014 2071 2067 καὶ
2134 2017 2195 2068 ὲν
2254 2014 2404 2085 αύτῷ
2469 2014 2545 2084 τῷ
2591 2013 2713 2086 ἀέρι
2756 2013 3073 2087 ἐπαίρεσθαι
3133 2015 3228 2069 καὶ
3284 2014 3527 2086 ύψοῦσθα

284 2111 620 2184 κυρτούμενα
650 2111 743 2166 καὶ
776 2107 1232 2183 μετεωριζόμενα,
1276 2108 1371 2161 καὶ
1392 2107 1581 2182 ὥσπερ
1632 2109 1693 2162 ὲν
1745 2110 1899 2181 ἁσκῷ
1938 2110 2014 2181 τῷ
2043 2114 2164 2184 ἀέρι
2205 2112 2622 2184 περικλειόμενα
2644 2130 2657 2143 ’
2687 2112 2777 2166 διδ
2814 2112 3085 2166 λέλεκται·
3112 2113 3525 2182 Παρέστησενι

277 2204 468 2258 ὕδατα
493 2203 637 2258 ὡσεὶ
669 2204 883 2258 ἀσκόν.

343 2300 501 2354 Μετὰ
542 2298 601 2353 δὲ
630 2298 691 2351 τὸ
744 2298 1060 2371 τηλικοῦτον
1107 2297 1308 2370 θαῦμα,
1366 2295 1684 2368 ὡδήγησεν
1735 2301 1847 2353 αὐ·-

277 2391 440 2457 τοὺς,
472 2390 655 2461 φησὶν,
726 2388 797 2442 ἐν
847 2387 1070 2457 νεφέλῃ
1119 2386 1362 2458 ἡμέρας,
1423 2387 1847 2460 ἐπισκιαζούοης

275 2482 373 2535 καὶ
407 2479 615 2551 σκέπην
677 2478 860 2541 αὐτοῖς
910 2475 1255 2549 παρεχούσης
1309 2479 1407 2553 τῆς
1453 2477 1702 2549 νεφέλης,
1769 2477 1846 2543 ὡς

277 2572 345 2627 ἂν
379 2571 454 2643 μὴ
477 2571 581 2624 ὑπὸ
599 2570 691 2624 τοῦ
724 2570 965 2641 φλογμοῦ
1013 2568 1107 2623 τοῦ
1154 2567 1383 2638 ἡλιακοῦ
1439 2572 1841 2623 καταπονοίντο.

278 2662 648 2735 Καταλλήλως
706 2663 762 2717 δὲ
819 2666 886 2735 τῇ
950 2664 1047 2735 τῆς
1098 2664 1310 2734 ὴμέρας
1356 2662 1581 2735 νεφέλῃ,
1652 2661 1842 2727 στύλος

278 2757 451 2830 πυρὸς
507 2756 597 2811 διὰ
661 2756 757 2829 τῆς
814 2757 1007 2820 νυκτὸς
1079 2755 1319 2828 προῆγεν
1388 2755 1581 2819 αὐτοὺς
1607 2794 1621 2819 ,

284 2866 386 2920 ραν
446 2849 629 2912 αὐτοῖς
682 2849 950 2918 φωτεινὴν
1025 2847 1497 2919 ἀπεργαζόμενος·
1560 2846 1641 2900 διὸ
1694 2846 1843 2900 λέλε-

277 2955 435 3003 κται,
464 2937 573 2993 Kal
619 2936 772 3006 ὅλην
818 2936 933 3007 τὴν
975 2938 1165 2992 νύκτα
1201 2938 1271 2991 ἐν
1307 2935 1585 3007 φωτισμῷ
1633 2938 1843 3006 πυρός.

288 3030 419 3083 Ἐπὶ
473 3027 685 3092 τούτοις
741 3029 987 3098 λέγεταιο
1025 3026 1303 3097 Δώρῤηξε
1360 3026 1583 3096 πέτραν
1632 3027 1703 3082 ἐν
1729 3066 1741 3090 ,
1771 3025 1846 3096 τῇ

2009 2300 2172 2355 Vens.
2201 2300 2267 2355 14
2328 2299 2458 2355 Post
2479 2310 2687 2355 tantum
2715 2300 3273 2355 miraculum‘deduxit
3303 2317 3414 2366 eos,
3446 2301 3532 2356 in-

1950 2395 2089 2465 quit,
2134 2395 2189 2447 in
2217 2392 2349 2447 nube
2391 2393 2518 2461 diei,
2537 2394 2918 2458 adumbrante,
2955 2401 3119 2463 atque
3147 2403 3525 2465 tegumentum

1950 2484 2226 2554 praebente
2243 2484 2406 2549 nube,
2440 2492 2499 2538 ut
2519 2499 2587 2539 ne
2608 2483 2743 2539 solis
2766 2492 2901 2540 testu
2932 2484 3262 2540 laborarent.
3284 2483 3349 2540 Ut
3366 2501 3529 2554 porro

1950 2578 2092 2631 nube
2109 2576 2214 2630 diei
2236 2576 2574 2646 legebantur,
2608 2576 2689 2631 sic
2716 2581 3080 2646 congruenter
3110 2575 3363 2653 columna
3386 2577 3527 2646 ignis

1939 2667 2071 2738 ipsis
2105 2675 2266 2721 noctu
2285 2668 2507 2737 praeibat
2535 2667 2739 2721 claram
2770 2665 2914 2721 diem
2946 2665 3186 2721 efﬁciens
3206 2685 3219 2721 :
3241 2681 3412 2736 quare
3439 2667 3525 2722 di-

1701 2755 1844 2826 ήμέ-
1939 2759 2111 2813 citur:
2132 2756 2199 2810 Et
2213 2767 2324 2813 tota
2350 2758 2571 2811 noctein
2602 2757 2991 2811 illuminatione
3011 2755 3169 2826 ignis.
3191 2755 3268 2811 Ad
3301 2754 3417 2811 haec
3442 2755 3529 2811 di-

1939 2850 2120 2905 citur:
2152 2847 2318 2905 Vens.
2356 2849 2442 2904 15.
2481 2848 2773 2918 Interrupit
2805 2857 3008 2917 petram
3042 2847 3097 2900 in
3123 2862 3319 2912 eremo,
3337 2854 3386 2901 et
3407 2856 3531 2917 pot-

1942 2942 2049 2997 avit
2074 2958 2162 2996 eos
2182 2939 2320 2996 velut
2343 2941 2398 2996 in
2436 2939 2627 3012 abysso
2664 2939 2854 2995 multa.
2876 2938 3144 2995 Observes
3168 2954 3334 3010 porro
3368 2939 3526 2994 velim

1951 3033 2040 3088 hic
2063 3034 2227 3089 etiam
2255 3034 2465 3104 copiam
2488 3047 2751 3102 aquarum
2784 3030 3032 3102 abyssum
3065 3030 3273 3087 vocari.
3297 3029 3405 3085 Pro
3434 3031 3527 3086 illo

274 3122 475 3193 ἐρήμῳ
502 3163 518 3188 ,
578 3124 673 3177 καὶ
718 3123 999 3176 ἐπότισεν
1054 3121 1275 3187 αὐτοὺς
1331 3121 1412 3187 ὡς
1464 3120 1534 3174 ἐν
1600 3120 1849 3188 ἀϐύσσῳ

1953 3134 2153 3189 autem,
2186 3126 2466 3194 interrupit
2518 3133 2745 3194 petram,
2778 3122 2995 3192 Aquila,
3024 3118 3205 3178 divisit
3247 3132 3429 3193 petras
3471 3124 3528 3178 in

274 3216 504 3285 πολλῇ.
532 3217 700 3288 Τήρει
734 3216 790 3269 δὲ
818 3216 966 3280 ὅπως
995 3216 1090 3270 καὶ
1137 3212 1371 3268 ἐνταῦθα
1409 3212 1472 3267 τὸ
1511 3213 1712 3280 πλῆθος
1741 3213 1849 3267 τῶν

275 3306 501 3362 ὑδάτων.
523 3307 799 3361 ἄϐυσσον
836 3305 1147 3379 ὠνόμασεν.
1183 3306 1327 3358 Ἀντὶ
1355 3304 1413 3359 δὲ
1444 3302 1562 3370 τοῦ,
1582 3303 1853 3373 διέρρηξε

273 3397 526 3467 πέτραν,
571 3400 600 3452 ὁ
653 3398 901 3464 Ἀκύλας,
939 3398 1153 3467 ἔσχισε
1218 3395 1475 3464 πέτρους
1514 3396 1585 3450 ἐν
1630 3393 1846 3466 ἐρήμῳ,

276 3490 533 3558 sessum,
560 3490 848 3557 δουλεύσας
865 3494 931 3563 τῇ
976 3491 1235 3563 Ἐϐραῖκῇ
1266 3491 1472 3561 γραφῇ,
1504 3488 1568 3542 δι’
1605 3484 1672 3560 ἦς
1703 3504 1847 3560 παρ-

280 3584 519 3648 ίσταται,
555 3584 630 3646 ὡς
688 3584 750 3636 ού
786 3583 884 3656 μία
915 3585 1090 3655 πέτρα
1122 3578 1247 3654 ἦνή
1283 3580 1631 3636 ἀναδλύσασα
1667 3582 1849 3645 αὐτοῖς

276 3674 353 3728 τὰ
385 3673 585 3739 ὕδατα,
645 3672 780 3728 ἀλλὰ
824 3673 1031 3728 πολλαί.
1070 3673 1233 3726 Ὅθεν
1278 3672 1307 3725 δ
1340 3672 1483 3735 θεῖος
1533 3670 1848 3735 Ἀπόστολος

279 3766 701 3838 ἐπισημαίνεται
749 3766 952 3835 λέγων·
1002 3767 1247 3819 Ἐπινον
1301 3764 1415 3834 γὰρ
1467 3764 1537 3818 ἐκ
1588 3779 1851 3832 πνευμα-

277 3857 456 3927 τικῆς
504 3858 961 3925 ἀκολουθούσης
982 3856 1203 3923 αὐτοὺς
1225 3858 1242 3877 ‘
1278 3856 1530 3925 πέτρας·
1582 3856 1622 3923 ἠ
1663 3854 1851 3922 πέτρα

274 3948 353 4003 δὲ
397 3949 473 4018 ἦν
524 3952 558 4004 ό
616 3947 902 4018 Χριστόςο
959 3950 1035 4014 ὡς
1089 3947 1403 4021 ἅπανταχοῦ
1466 3947 1849 4021 παρεπομένης

277 4040 479 4105 αὐτοὺς
506 4040 710 4113 πέτρας
730 4083 745 4108 ,
782 4041 873 4095 καὶ
912 4040 1053 4096 κατὰ
1083 4040 1355 4113 σταθμοὺς
1380 4039 1474 4095 καὶ
1511 4039 1651 4094 κατὰ
1683 4037 1849 4111 μονὰς

280 4126 383 4184 καὶ
450 4128 592 4183 κατὰ
644 4129 822 4184 πάντα
881 4130 1048 4185 τόπον
1115 4130 1415 4203 παρούσης.
1482 4130 1849 4202 Ἐπιτηρήσας

279 4220 344 4276 δὲ
370 4221 526 4275 τοῦτο
547 4223 640 4276 καὶ
671 4225 728 4276 ὲν
748 4226 812 4295 τῇ
838 4223 1077 4288 Μωσέως
1108 4224 1359 4296 εὑρήσεις
1411 4224 1599 4295 Γραφῇ
1624 4241 1638 4255 ο
1672 4224 1730 4275 ὲν
1752 4221 1848 4292 μὲν

280 4315 396 4389 γὰρ
426 4318 494 4387 τῇ
534 4314 727 4388 Ἐξόδῳ
772 4315 1016 4387 εἴρηται·
1049 4317 1158 4372 Kal
1187 4315 1595 4385 παρενέϐαλον
1629 4315 1700 4370 ἐν
1725 4315 1849 4387 Ῥα-

281 4406 481 4476 φιδεῖν
524 4406 625 4461 καὶ
660 4410 769 4463 οὐκ
808 4403 887 4478 ἦν
914 4407 1069 4476 ὕδωρ
1101 4407 1259 4463 πιεῖν
1284 4406 1365 4473 τῷ
1388 4406 1533 4473 λαῷ.
1561 4406 1670 4462 Kal
1697 4406 1850 4460 ἐλοι-

1949 3233 2144 3282 eremo,
2173 3216 2365 3281 edidit,
2399 3214 2679 3271 Hebraica:
2723 3212 2976 3268 videlicet
3023 3213 3221 3269 litterae
3254 3214 3525 3278 serviens,

1949 3322 2059 3380 qua
2089 3306 2398 3363 declaratur
2440 3320 2553 3360 non
2587 3320 2776 3370 unam,
2809 3306 2904 3362 sed
2934 3306 3120 3377 plures
3172 3311 3358 3375 petras
3389 3301 3526 3373 ipsis

1950 3415 2131 3471 aquas
2147 3399 2416 3455 emisisse.
2454 3396 2609 3454 Unde
2631 3397 2853 3454 divinus
2874 3397 3173 3469 Apostolus
3202 3396 3319 3454 haec
3349 3396 3415 3451 ad
3427 3413 3527 3451 no-

1955 3497 2034 3545 tat
2055 3508 2068 3544 :
2094 3487 2351 3543 Bibebant
2369 3496 2543 3542 autem
2565 3502 2631 3542 ea:
2655 3486 2929 3557 spirituali
2955 3494 3302 3557 consequente
3330 3501 3418 3540 eos
3438 3501 3543 3555 pen

1949 3588 2065 3634 tra:
2084 3589 2234 3650 petra
2248 3588 2421 3633 autem
2431 3586 2547 3632 erat
2563 3576 2804 3633 Christus
2824 3576 3064 3643 ".Quasi
3081 3576 3287 3632 scilicet
3302 3590 3399 3631 eos
3415 3575 3526 3630 ubi-

1947 3689 2053 3744 que
2068 3680 2221 3744 petra
2253 3681 2670 3742 sequeretur,ac
2689 3670 2746 3725 in
2767 3668 3118 3732 stationibus,
3142 3667 3197 3721 in
3227 3666 3526 3722 mansioni-

1947 3769 2073 3832 bus,
2116 3767 2173 3821 in
2210 3767 2465 3836 omnique
2496 3765 2615 3820 loco
2657 3778 2900 3835 praesens
2934 3760 3171 3816 adesset.
3231 3758 3369 3814 lllud
3385 3775 3527 3830 quo-

1947 3876 2052 3932 que
2072 3860 2125 3914 in
2145 3858 2342 3931 Moysis
2354 3856 2635 3928 Scriptura
2653 3856 2945 3912 observare
2957 3853 3082 3909 licet
3097 3870 3114 3921 ;
3128 3868 3255 3907 nam
3270 3852 3327 3907 in
3339 3851 3526 3908 Exodo

1947 3952 2194 4007 dicitur:
2233 3951 2302 4005 Et
2355 3949 2719 4005 castrametati
2745 3957 2869 4003 sunt
2910 3948 2965 4001 in
2992 3944 3279 4014 Rapliidin,
3328 3952 3379 3999 et
3420 3961 3527 3999 non

1946 4054 2061 4100 erat
2080 4043 2270 4114 populo
2298 4060 2434 4114 aqua
2468 4042 2537 4096 ad
2562 4040 2857 4096 bibendum.
2890 4038 2958 4092 Et
2971 4039 3222 4109 jurgatus
3252 4046 3330 4091 est
3358 4051 3527 4106 popu-

1950 4138 2031 4191 lus
2060 4154 2178 4192 cum
2208 4136 2430 4207 Moyse;
2464 4150 2527 4189 ac
2558 4134 2790 4190 deinde:
2820 4131 2968 4186 Dixit
2994 4130 3251 4186 Dominus
3281 4129 3350 4184 ad
3371 4128 3526 4199 Moy-

1949 4247 2057 4286 sem
2083 4245 2101 4283 :
2133 4227 2390 4283 Antecede
2418 4227 2668 4298 populant
2695 4234 2743 4280 et
2774 4240 2920 4278 sume
2937 4233 3101 4277 tecum
3131 4238 3196 4276 ea:
3232 4222 3525 4275 senioribus

1946 4316 2147 4386 populi,
2166 4325 2215 4368 et
2237 4315 2435 4385 virgam
2445 4329 2549 4383 qua
2568 4310 2874 4382 percussisti
2889 4325 3054 4375 mare,
3070 4317 3119 4363 et
3135 4306 3313 4385 vades,
3337 4305 3415 4359 En
3431 4321 3524 4376 ego

1948 4406 2206 4461 stetiante
2225 4414 2273 4457 te
2300 4403 2373 4457 ibi
2391 4418 2549 4470 supra
2566 4408 2766 4469 petram
2798 4399 2851 4451 in
2884 4396 3085 4452 Choreb
3117 4412 3135 4449 :
3164 4404 3213 4450 et
3232 4394 3524 4465 percutiam

281 4497 511 4567 δορεῖτο
548 4500 582 4553 ὀ
604 4499 753 4564 λαὸς
780 4498 927 4566 πρὸς
952 4498 1179 4567 Μωσῆν
1198 4514 1214 4528 ο
1246 4500 1341 4554 καὶ
1370 4499 1498 4569 ἑξῆς
1520 4516 1534 4529 ·
1559 4494 1708 4552 Εἷπε
1729 4496 1844 4552 Κύι-

1953 4508 2143 4567 petram
2166 4508 2209 4551 et
2232 4495 2391 4551 exibit
2412 4509 2475 4548 ex
2498 4510 2561 4548 ea
2590 4508 2749 4556 aqua,
2779 4499 2827 4545 et
2860 4488 2994 4544 bibet
3016 4487 3275 4557 populus;
3301 4487 3524 4557 fecitque

274 4608 415 4665 ριος
442 4589 591 4659 πρὸς
614 4589 840 4655 Μωσῆν
875 4606 891 4620 °
920 4591 1301 4658 Προπορεύου
1329 4590 1434 4645 τοῦ
1468 4589 1621 4645 λαοῦ
1646 4627 1663 4653 ,
1696 4586 1844 4644 λάϐε

278 4681 354 4737 δέ
377 4683 529 4752 μετὰ
550 4682 808 4737 σεαυτοῦ
823 4681 940 4737 ἀπὸ
970 4681 1088 4736 τῶν
1110 4681 1524 4752 πρεσϐυτέρων
1536 4683 1642 4738 τοῦ
1670 4679 1845 4747 λαοῦ,

280 4775 383 4831 καὶ
441 4774 555 4843 τὴν
602 4774 829 4843 ῥάϐδον
863 4776 932 4829 ἐν
972 4767 1014 4846 ᾗ
1039 4775 1339 4843 ἐπάταξας
1368 4775 1485 4845 τὴν
1503 4775 1845 4840 θάλασσαν,

282 4866 386 4922 παι
427 4868 712 4936 πορεύσῃ.
758 4867 881 4934 ἰὃὲ,
914 4867 1029 4938 ἐγὼ
1053 4868 1285 4937 ἕστηκα
1322 4867 1437 4937 πρὸ
1476 4866 1583 4922 τοῦ
1620 4881 1695 4922 σε
1725 4864 1855 4921 ἐκεῖ

280 4957 386 5013 ἐπὶ
433 4957 546 5027 τῆς
595 4959 812 5028 πέτρας
835 4959 906 5015 ἐν
927 4960 1153 5029 Χωρέϐ·
1190 4961 1287 5018 καὶ
1325 4958 1566 5026 πατάξω
1600 4958 1714 5029 τὴν
1742 4958 1846 5014 πέ-

282 5068 453 5120 τραν,
478 5051 575 5106 καὶ
599 5052 981 5118 ἐξελεύσεται
1011 5052 1085 5118 ἐξ
1110 5052 1298 5122 αὐτῆς
1324 5053 1500 5122 ὕδωρ,
1529 5053 1626 5107 καὶ
1654 5052 1850 5107 πίεται

282 5146 507 5212 ἀλαός.
540 5145 651 5200 Kal
701 5146 988 5214 ἐποίησεν
1018 5146 1203 5213 οὕτως
1239 5144 1482 5213 Μωσῆς.
1534 5144 1718 5200 Ταῦτα
1751 5144 1850 5216 μὲν

281 5231 379 5291 οὖν
405 5236 671 5310 ὲνἘξὸδῳ
688 5253 702 5268 ⁸
732 5239 791 5291 ὲν
813 5237 870 5291 δὲ
881 5240 993 5303 τοῖς
1020 5237 1292 5310 Ἀριθμοῖς
1306 5236 1551 5290 λέλεκται
1570 5253 1583 5265 ·
1599 5237 1706 5292 Kal
1740 5232 1863 5306 ἦλσ.

282 5333 396 5387 θον
441 5333 496 5385 οι
527 5331 645 5385 vlol
692 5329 929 5399 Ἰσραὴλ
973 5328 1140 5385 πᾶσα
1174 5331 1212 5399 ἠ
1246 5327 1568 5400 συναγωγὴ
1614 5332 1703 5397 εὶς
1733 5328 1849 5397 τὴν

281 5421 514 5490 ἔρημον
537 5421 694 5485 Σεῐν,
729 5422 827 5476 καὶ
855 5424 965 5476 οὐκ
993 5418 1075 5492 ἦν
1108 5422 1264 5489 ὕδωρ
1291 5420 1365 5491 τῇ
1389 5420 1728 5491 συναγωγῇ,
1750 5423 1851 5477 καὶ

279 5513 697 5583 ἠθροίσθησαν
716 5514 815 5567 ἐπὶ
842 5512 1067 5582 Μωσῆν
1088 5514 1189 5568 καὶ
1226 5512 1455 5581 Ἀαρών.
1487 5512 1595 5567 Kal
1625 5512 1851 5567 ἐλοιδο-

278 5605 443 5676 ρεῖτο
472 5607 505 5660 ό
542 5605 692 5672 λαὸς
717 5606 866 5674 πρὸς
905 5604 1153 5668 Μωσῆν.
1200 5603 1311 5662 Καὶ
1353 5603 1509 5675 ἐξῆν
1554 5601 1853 5667 ἘλάῙῃσε

1954 4589 2163 4659 Moyses
2184 4589 2262 4642 ita
2288 4588 2352 4640 “.
2384 4584 2509 4639 Haec
2536 4585 2590 4638 in
2616 4582 2835 4648 Exodo;
2868 4581 2925 4636 in
2951 4579 3204 4636 Numeris
3225 4586 3408 4634 autem
3435 4578 3523 4633 di-

1952 4682 2139 4739 citur:
2180 4680 2539 4747 Yeneruntque
2589 4675 2691 4746 ﬁlii
2723 4673 2902 4729 Israel
2936 4673 3102 4727 omnis
3145 4668 3430 4727 multitudo
3467 4674 3525 4724 in
3586 4676 3596 4694 ³
3702 4712 3713 4719 .

1952 4773 2210 4828 desertum
2239 4769 2355 4837 Sin,
2393 4777 2442 4823 et
2485 4783 2589 4821 non
2620 4774 2733 4821 erat
2768 4782 2911 4835 aqua
2942 4762 3294 4830 multitudini,
3327 4772 3377 4817 et
3398 4779 3524 4818 con-

1951 4871 2206 4919 verterunt
2234 4860 2306 4915 ad
2325 4859 2559 4930 Moysen:
2580 4867 2629 4912 et
2654 4856 2835 4910 Aaron
2862 4867 2880 4905 :
2906 4862 2957 4908 et
2976 4854 3225 4925 jurgatus
3254 4864 3329 4909 est
3356 4869 3523 4925 popu-

1954 4957 2035 5012 lus
2059 4965 2242 5011 cantra
2269 4952 2540 5025 Moysem;
2563 4968 2626 5006 ac
2653 4950 2881 5007 deinde:
2912 4947 3138 5001 Locutus
3164 4958 3237 5002 est
3266 4946 3522 5002 Dominus

1907 5049 1913 5055 ’
1954 5048 2023 5103 ad
2070 5047 2304 5119 Moysem
2337 5047 2514 5101 dicens
2535 5043 2735 5101 :-Tolle
2767 5044 2989 5114 virgam,
3021 5051 3070 5096 et
3099 5055 3355 5111 congrega
3383 5038 3537 5125 mul-l

1955 5140 2252 5204 titudinem,
2287 5148 2344 5194 tu
2375 5147 2424 5193 et
2454 5136 2637 5191 Aaron
2677 5136 2846 5207 frater
2885 5146 3028 5199 tuus,
3057 5142 3106 5187 et
3144 5131 3425 5203 loquemini
3453 5129 3521 5182 ad

1952 5240 2151 5301 petram
2194 5246 2371 5283 coram
2401 5229 2498 5292 eis,
2523 5238 2574 5282 et
2602 5228 2749 5282 dabit
2793 5244 2957 5298 aquas
3000 5242 3147 5282 suas.
3185 5222 3252 5279 Et
3279 5222 3519 5292 eﬂ'eretur

1954 5324 2080 5392 ipsis
2111 5339 2250 5392 aqua
2280 5320 2344 5376 de
2371 5329 2537 5390 petra,
2574 5332 2621 5375 et
2659 5321 2908 5390 potabilis
2939 5317 3330 5374 multitudinem
3355 5322 3405 5368 et
3424 5313 3520 5381 jn-

1956 5426 2131 5473 menta
2165 5431 2347 5471 eorum
2374 5414 2436 5471 ἰι
2465 5412 2595 5470 lure
2638 5429 2769 5486 ergo
2795 5414 2923 5485 quia
2950 5412 3119 5468 variis
3146 5411 3203 5465 in
3241 5406 3376 5462 locis
3400 5405 3518 5458 visa

1954 5516 2042 5566 est
2076 5519 2228 5579 petra
2257 5521 2453 5577 aquam
2504 5495 2942 5567 subministrare,
2978 5502 3046 5559 de
3084 5500 3264 5571 priore
3299 5494 3518 5565 quidem

1958 5602 2013 5657 in
2046 5599 2297 5673 pwrsenti
2319 5593 2520 5655 dicitur
2553 5616 2567 5629 θ
2608 5595 2891 5662 l‘nterruait
2934 5605 3134 5659 petram
3164 5589 3219 5643 in
3243 5604 3435 5654 eremo,
3468 5594 3541 5643 et.

359 5721 404 5752 ι’
438 5716 587 5774 Psal.
620 5734 816 5786 cxuv,
849 5719 935 5787 l3,
964 5719 1050 5774 Η.
1130 5719 1172 5751 ³³
1211 5718 1230 5772 1
1258 5718 1385 5774 Cor.
1419 5733 1472 5783 κ,
1509 5717 1559 5772 ι.
1638 5716 1684 5751 ⁸⁵
1709 5715 1851 5773 Exod

1957 5732 2051 5782 vn,
2088 5715 2138 5781 1,
2172 5714 2231 5782 2,
2261 5713 2315 5781 5,
2348 5709 2405 5771 δε
2482 5714 2525 5747 ⁸⁵
2556 5704 2716 5768 Num.
2751 5724 2842 5773 sx,
2874 5706 2926 5772 1,
2955 5703 3013 5771 3,
3045 5700 3169 5769 7,8.
