4008 6210
543 307 652 366 915

1264 304 1534 363 EUSEBII
1571 301 2053 361 CESARIENSIS
2088 302 2120 362 C

2228 343 2242 360 .
2284 303 2466 361 PARS
2499 303 2590 361 ill.
2623 337 2698 352 -υ
2734 305 3138 366 EXEGETICA.
3677 316 3768 373 9l6

543 427 834 498 aequavit
878 442 967 481 eos
1001 425 1138 482 velut
1179 427 1234 481 in
1265 429 1458 498 abysso
1511 428 1716 493 multa;
1748 426 1817 484 de
1854 427 1959 482 alia
1998 442 2120 483 vero

2231 427 2449 496 Κύριος
2491 428 2641 497 πρὸς
2687 428 2919 498 Μωσῆν
2958 429 3189 500 λέγων’
3224 428 3376 486 Λάϐε
3417 430 3525 500 τὴν
3553 432 3770 502 ῥάϐδον,

541 516 740 573 deinde
764 514 1162 587 subjungit:——
1192 513 1360 570 Vsus.
1393 515 1482 573 16.
1511 514 1580 569 Et
1603 513 1821 570 deduxit
1845 530 2035 584 squam
2066 511 2132 568 de

538 615 770 678 petra,et
781 606 998 662 deduxit
1016 617 1270 678 tanquam
1295 607 1521 678 ﬂumina
1537 623 1724 676 aquas.
1745 605 2131 662 Verumtamen

539 714 666 755 cum
683 705 764 754 tot
785 698 894 754 illis
909 697 1323 755 subministrata
1343 699 1486 753 bona
1499 697 1752 764 fuissent,
1772 687 2131 752 nihilominus

543 797 919 861 spposuerunt
975 803 1207 860 peccare
1267 789 1455 859 (Vsus.
1506 789 1617 860 l7),
1672 805 1904 860 peccare
1949 796 2132 844 autem

548 898 661 938 non
691 881 822 948 sibi,
853 881 948 938 sed
1001 881 1128 953 ipsi.
1157 879 1219 937 ιιι
1251 882 1435 954 ipsum
1501 883 1647 938 enim
1710 881 1882 938 Deum
1928 895 2132 952 pecca-

540 983 657 1029 tum
685 989 876 1030 eorum
913 973 1180 1034 vertebat,
1230 971 1360 1028 dum
1407 987 1507 1043 per
1540 971 2035 1027 contradictionem
2072 972 2130 1026 in

538 1068 721 1140 ipsum
773 1066 941 1137 impie
996 1071 1244 1136 agerent.
1293 1063 1476 1130 Quare
1506 1063 1736 1134 subiicit
1769 1083 1783 1119 :
1821 1062 2130 1119 Exacerba-

538 1167 723 1214 verunt
761 1156 1041 1211 Excelsum
1074 1156 1128 1210 in
1150 1156 1444 1226 inaquoso;
1473 1155 1590 1211 sive
1633 1155 1935 1211 secundum
1961 1155 2132 1226 Aqui-

538 1252 672 1316 lam,
720 1248 788 1306 Ut
822 1247 1136 1303 rebellarent
1175 1257 1361 1302 contra
1399 1246 1684 1302 Excelsnm
1717 1249 1775 1302 in
1811 1249 1982 1313 invio;
2013 1249 2130 1304 sive

537 1342 841 1399 secundum
879 1341 1292 1413 Symmachum,
1333 1338 1400 1393 Ut
1451 1339 1820 1395 contenderent
1858 1356 1976 1394 cum
2014 1339 2129 1393 Ea:-

537 1432 678 1491 celso
713 1433 766 1486 in
792 1432 884 1486 siti
925 1433 976 1485 in
1019 1432 1180 1486 invio.
1219 1429 1400 1498 Quare
1443 1439 1623 1486 autem
1659 1431 2130 1486 exacerbaveruut

539 1525 832 1582 Excelsum
884 1524 939 1578 in
990 1525 1255 1594 inaquoso
1307 1524 1495 1579 docuit
1535 1523 1786 1596 Moyses;
1837 1533 2126 1594 postquam

536 1619 684 1675 enim
736 1616 1142 1688 suppeditasset
1175 1619 1258 1672 eis
1305 1631 1504 1686 aquam
1537 1616 1606 1671 de
1642 1625 1814 1686 petra,
1849 1616 1965 1672 hzec
1999 1633 2129 1670 nar-

536 1718 625 1766 rat
655 1709 838 1778 ",:,_Et
868 1710 1070 1764 vocavit
1100 1724 1287 1762 nomen
1323 1709 1426 1762 loci
1454 1707 1620 1772 illius,
1660 1706 1904 1762 Tentatio
1937 1721 1984 1761 et
2007 1708 2126 1775 jur-

2233 520 2332 575 nal
2368 521 2784 590 ἐκκλησίασον
2809 523 2928 592 τὴν
2951 523 3313 596 συναγωγὴν
3330 525 3414 580 σὺ
3449 530 3542 580 καὶ
3579 528 3772 598 Ἀαρὼν

2233 614 2267 666 d
2291 611 2558 682 ἀδελφός
2589 629 2726 682 σου,
2753 615 2853 668 καί
2901 614 3205 683 λαλήσετε
3245 618 3392 686 πρὸς
3432 617 3544 686 τὴν
3580 621 3773 688 πέτραν

2231 701 2511 756 ἐναντίον
2555 703 2772 768 αὐτῶν,
2815 707 2911 760 καί
2954 707 3133 762 δώσει
3161 710 3232 762 τὰ
3256 709 3440 764 ὕδατα
3468 710 3662 780 αὐτῆς.
3680 714 3770 766 Kal

2229 794 2529 860 ἐξοίσεται
2541 797 2746 864 αὐτοῖς
2772 797 2928 867 ὕδωρ
2952 799 3022 854 ἐκ
3042 799 3153 870 τῆς
3171 801 3410 871 πέτρας,
3434 804 3529 858 καὶ
3554 805 3773 861 «omits

2231 887 2346 958 τὴν
2397 889 2761 960 συναγωγὴν
2812 893 2910 945 καί
2957 894 3030 946 τὰ
3091 893 3283 963 κτήνη
3316 894 3532 951 αὐτῶν.
3569 897 3773 962 Εἰκότως

2230 973 2325 1032 οὖν
2353 979 2650 1052 ἐπειδήπερ
2680 983 2738 1034 ὲν
2767 981 3047 1054 διαφόροις
3082 985 3268 1049 τόποις
3292 987 3592 1059 φαίνεταιή
3627 989 3772 1058 πέτρα

2230 1074 2586 1144 χορηγήσασα
2606 1074 2667 1127 τὸ
2693 1072 2858 1146 ὕδωρ,
2882 1077 3011 1147 περὶ
3047 1076 3145 1147 μὲν
3170 1078 3269 1148 τῆς
3299 1079 3566 1151 προτέρας
3591 1079 3667 1133 διὰ
3685 1080 3773 1134 τῶν

2231 1163 2614 1236 προκειμένων
2647 1167 2860 1238 εἴρηται
2879 1184 2894 1198 ο
2926 1166 3204 1236 Διέῤῥηξε
3237 1169 3461 1238 πέτραν
3495 1171 3564 1226 ὲν
3589 1170 3772 1242 ἐρήμῳ,

2231 1256 2328 1310 καὶ
2361 1257 2642 1311 ἐπότισεν
2667 1259 2890 1326 αὐτοὺς
2917 1260 2998 1326 ὡς
3025 1261 3096 1314 ἐν
3126 1262 3379 1330 ἀϐύσσῳ
3410 1262 3604 1332 πολλῇ
3621 1281 3633 1294 ·
3663 1266 3772 1335 περὶ

2229 1347 2286 1400 δὲ
2312 1348 2410 1418 τῆς
2433 1349 2625 1420 ἐτέρας
2658 1351 2786 1421 ἑξῆς
2816 1352 3011 1420 ἐπάγει
3031 1367 3044 1383 ⁸
3070 1353 3179 1407 Καὶ
3209 1353 3506 1425 ἐξήγαγεν
3550 1355 3684 1424 ὕδωρ
3713 1357 3768 1410 ἐκ

2230 1438 2470 1507 πέτρας,
2502 1441 2600 1495 καὶ
2629 1443 2966 1513 κατήγαγεν
2989 1445 3069 1511 ὡς
3095 1446 3404 1516 ποταμοὺς
3429 1447 3624 1501 ὕδατα.
3649 1448 3769 1520 Πλὴν

2229 1531 2365 1586 ἀλλὰ
2389 1533 2658 1588 τοσούτων
2675 1536 2857 1600 αὐτοῖς
2868 1537 3305 1609 χορηγηθέντων,
3323 1541 3474 1610 ὅμως
3490 1540 3768 1612 προσέθεντο

2229 1625 2324 1678 τοῦ
2353 1627 2710 1698 ἁμαρτάνειν,
2744 1630 2837 1682 καὶ
2870 1631 3204 1702 ἁμαρτάνειν
3261 1633 3363 1704 ούχ
3421 1634 3638 1697 ἑαυτοῖς,
3679 1633 3769 1687 ἀλλ’

2229 1719 2394 1790 αὐτῷ.
2416 1721 2720 1776 Κατάύτοῦ
2745 1723 2853 1796 γάρ
2883 1724 2976 1778 τοῦ
3008 1723 3144 1778 Θεοῦ
3167 1725 3265 1797 τὴν
3284 1727 3554 1798 ἁμαρτίαν
3568 1727 3772 1798 ἡμάρτα-

535 1804 700 1874 gium,
724 1813 939 1873 propter
968 1802 1206 1874 jurgium
1227 1802 1464 1872 ﬁliorum
1497 1798 1689 1863 Israel,
1719 1809 1770 1856 et
1796 1802 1921 1870 quia
1953 1810 2120 1856 tenta-

2225 1825 2333 1867 vov.
2387 1810 2712 1876 ἀσεϐοῦντες
2764 1813 2852 1866 διὰ
2892 1813 2994 1884 τῆς
3024 1815 3159 1886 πρὸς
3183 1815 3344 1868 αὑτὸν
3368 1815 3674 1884 ἀντιλογίας.
3702 1813 3774 1866 Διὸ

533 1900 718 1949 verant
741 1893 1026 1950 Dominum
1043 1893 1338 1957 dicentes,A
1351 1910 1382 1947 n
1400 1902 1479 1947 est
1497 1891 1634 1947 Deus
1650 1894 1706 1946 in
1729 1893 1902 1958 nobis,
1919 1911 2075 1949 necne
2094 1898 2119 1951 ?

2229 1899 2488 1970 ἐπιλέγει·
2519 1904 2977 1973 Παρεπίκραναν
2991 1905 3098 1959 τὸν
3116 1906 3410 1975 Ὕψιστον
3422 1907 3491 1960 ἐν
3505 1907 3728 1974 ἀνύδρῳ·
3746 1905 3771 1973 ἦ

533 1989 679 2044 κατὰ
692 1991 783 2044 τὸν
799 1991 1052 2054 Ἀκύλαν,
1087 1989 1197 2043 Τοῦ
1219 1989 1565 2058 προτερίσαι
1593 1989 1928 2057 Ὑψίστῳέν
1951 1990 2146 2056 ἀϐάτῳ
2165 2010 2181 2025 ·
2235 1995 2268 2068 ἢ
2302 1997 2444 2052 κατὰ
2465 1998 2556 2052 τὸν
2595 1999 2913 2071 Σύμμαχον,
2949 2000 3320 2055 Φιλονεικεῖν
3345 2001 3426 2068 τῷ
3453 2001 3685 2069 ’Υψίστῳ
3719 1998 3772 2050 ἐν

533 2082 786 2152 δίψειὲν
825 2083 1040 2148 ἀϐάτῳ.
1076 2083 1178 2136 Διὰ
1200 2081 1253 2137 τί
1290 2082 1347 2136 δὲ
1373 2081 1788 2153 παρεπίκραναν
1828 2082 1918 2135 τὸν
1952 2083 2213 2153 ’Ὕψιστον
2273 2088 2331 2141 ὲν
2365 2089 2597 2166 ἀνύδρῳ,
2655 2093 2858 2158 ἐδίδαξε
2914 2093 3119 2164 Μωσῆς
3145 2109 3159 2123 ·
3200 2093 3342 2163 μετὰ
3372 2093 3480 2164 γὰρ
3520 2092 3577 2145 τὸ
3625 2107 3768 2160 παρι-

535 2180 686 2248 σχείν
706 2180 890 2241 αὐτοῖς
918 2178 983 2230 ὲκ
1009 2175 1214 2247 πέτρας
1250 2175 1309 2228 τὸ
1339 2174 1502 2247 ὕδωρ,
1539 2175 1738 2246 ἱστορεῖ
1766 2174 1938 2243 λέγων
1957 2191 1972 2206 ο
1998 2175 2107 2229 Καὶ
2133 2176 2484 2248 ἐπωνόμασε
2517 2182 2579 2237 τὸ
2608 2183 2793 2251 ὄνομα
2825 2181 2932 2236 τοῦ
2964 2183 3151 2236 τόπου
3182 2181 3445 2247 ἐκείνου,
3485 2179 3772 2250 Πειρασμὸς

535 2268 637 2323 καὶ
683 2267 1066 2335 λοιδόρησις,
1124 2264 1222 2318 διὰ
1275 2263 1390 2333 τὴν
1426 2263 1735 2333 λοιδορίαν
1787 2265 1904 2319 τῶν
1949 2265 2096 2320 υιῶν
2166 2267 2424 2340 Ἰσραὴλ,
2458 2274 2556 2327 καὶ
2607 2275 2704 2329 διὰ
2733 2275 2799 2330 τὸ
2841 2274 3132 2344 πειράζειν
3174 2274 3403 2342 αὐτοὺς
3444 2276 3646 2343 Κύριον
3692 2275 3772 2329 λέ-

532 2377 783 2434 τοντας·
817 2361 886 2413 El
922 2360 1055 2413 ἐστι
1078 2357 1224 2424 Θεὸς
1252 2357 1323 2412 ἐν
1349 2357 1513 2428 ἡμῖν,
1545 2359 1582 2426 ἢ
1620 2361 1735 2422 οὔ;

607 2453 770 2510 Vsus.
804 2451 1014 2519 18,19.
1065 2451 1135 2507 Et
1183 2461 1512 2507 tentaverunt
1555 2452 1727 2508 Deum
1766 2471 1821 2508 tn
1876 2454 2123 2509 cordibus

530 2546 665 2612 suis,
702 2557 761 2600 ut
787 2554 1020 2616 peterent
1046 2561 1224 2600 escam
1270 2545 1556 2602 animabus
1573 2548 1707 2602 suis.
1752 2547 1820 2601 Iit
1853 2549 1994 2602 male
2051 2549 2131 2602 lo-

2300 2453 2410 2508 Καὶ
2441 2453 2842 2521 ἐξεπείρασαν
2881 2452 2988 2506 τὸν
3021 2452 3170 2507 Θεὸν
3197 2453 3268 2508 ἐν
3298 2454 3562 2524 καρδίαις
3587 2451 3767 2518 αὐτῶν,

2239 2548 2346 2601 τοῦ
2369 2545 2611 2614 αἰτῆσαι
2629 2544 2840 2616 ,βρῶμα
2862 2545 2991 2612 ταῖς
3015 2545 3245 2616 ψυχαῖς
3275 2546 3494 2601 αὐτῶν.
3520 2547 3619 2601 Kal
3642 2563 3770 2600 nate-

529 2639 642 2692 cuti
661 2648 782 2693 sunt
809 2637 873 2692 de
909 2636 1036 2692 Deo.
1066 2636 1357 2704 Quomodo
1387 2639 1528 2694 male
1571 2639 1740 2694 locuti
1777 2641 1888 2694 sint
1919 2639 1986 2696 de
2021 2639 2120 2696 Deo

2235 2640 2520 2708 λάλησαν
2557 2638 2662 2693 τοῦ
2716 2637 2886 2693 Θεοῦ.
2921 2639 3109 2702 Ὅπως
3143 2639 3518 2712 κατελάλησαν
3554 2641 3636 2694 τοῦ
3661 2639 3768 2693 θεοῦ

529 2741 718 2788 narrat
732 2729 948 2802 Moyses
958 2729 1151 2786 dicens
1171 2730 1211 2762 "
1241 2749 1254 2785 :
1276 2729 1344 2784 Et
1369 2733 1719 2786 murmuravit
1734 2733 1903 2786 omnis
1917 2749 2128 2802 congre~

527 2825 673 2896 qatio
703 2825 939 2895 ﬁliorum
954 2821 1130 2877 Israel
1159 2831 1346 2877 contra
1361 2821 1593 2893 Moysem
1610 2833 1660 2878 et
1687 2824 1889 2888 Aaron,
1908 2834 1958 2878 et
1974 2825 2125 2880 dixe-

529 2927 653 2973 runt
677 2916 845 2972 adeas
863 2932 882 2970 :
903 2914 1120 2970 Utinam
1139 2916 1335 3000 mortui
1347 2932 1578 2970 essemus
1595 2919 1834 2986 percussi
1848 2936 1879 2971 a
1898 2917 2125 2974 Domino

2235 2732 2329 2788 καὶ
2355 2731 2563 2802 Μωσῆς
2590 2730 2830 2786 διδάσκει
2880 2730 3087 2799 λέγων’
3142 2729 3256 2784 Καὶ
3297 2731 3603 2802 ἐγόγγυζον
3633 2730 3767 2786 πᾶσα

2233 2821 2552 2892 συναγωγὴ
2576 2821 2720 2876 υἱῶν
2767 2819 3013 2890 Ἰσραὴλ
3041 2821 3140 2874 ἐπὶ
3172 2823 3408 2892 Μωσῆν
3437 2822 3530 2877 καὶ
3563 2819 3764 2891 Ἀαρὼν,

2231 2915 2331 2970 καὶ
2383 2915 2562 2968 εῐπαν
2610 2913 2760 2981 πρὸς
2819 2914 3044 2980 αὐτούς
3066 2931 3080 2944 ο
3133 2914 3396 2983 Ὄφελον
3440 2915 3765 2983 ἀπεθάνομεν⁶

529 3010 586 3064 in
619 3019 763 3064 terra
784 3007 1028 3079 ﬂgypti,
1061 3007 1273 3079 quando
1312 3007 1623 3063 sedebamus
1647 3025 1808 3078 super
1837 3010 2045 3076 lebetes,
2073 3023 2120 3067 et

2228 3006 2560 3078 πληγέντες
2611 3007 2729 3062 ὑπὸ
2791 3006 3015 3076 Κυρίου
3070 3006 3140 3060 ἐν
3177 3005 3256 3076 γῇ
3300 3009 3605 3079 Αἰγύπτου,
3646 3007 3762 3060 ὅταν

528 3103 927 3160 eomedebamus
962 3117 1122 3172 panes
1173 3101 1243 3154 ad
1271 3101 1644 3156 saturitatem!
1679 3101 1820 3168 Quia
1861 3103 2121 3158 eduxistis

529 3213 648 3262 nos,
698 3205 757 3250 stt
789 3193 1094 3250 occidentis
1127 3201 1293 3247 totam
1339 3192 1476 3246 hanc
1525 3193 1920 3248 multitudinem
1959 3194 2122 3264 fame.

528 3287 728 3345 Postea
746 3303 878 3344 vero
921 3288 997 3342 ait
1044 3285 1260 3359 Moyses
1300 3287 1369 3341 ad
1421 3287 1682 3358 populum
1708 3286 1795 3340 ηε
1837 3283 1952 3341 Nos
2002 3305 2121 3344 vero

525 3379 654 3451 quid
691 3395 873 3434 sumus
904 3393 924 3432 :
953 3395 1056 3432 non
1098 3379 1238 3432 enim
1267 3387 1459 3433 contra
1479 3394 1574 3432 nos
1613 3393 1855 3432 murmur
1889 3389 2121 3435 vestrum

525 3482 628 3536 est,
654 3461 966 3528 sed-contra
1003 3470 1194 3527 Deum.
1225 3471 1472 3526 Accedite
1508 3488 1691 3526 coram
1722 3471 1830 3527 Deo
1853 3487 1873 3526 :
1914 3473 2118 3528 audivit

525 3564 666 3619 enim
696 3579 936 3618 murmur
964 3574 1214 3618 vestrum.
1260 3562 1392 3619 Post
1421 3563 1534 3618 haec
1569 3572 1752 3618 autem
1783 3564 1851 3628 ¹⁹,
1884 3561 2122 3619 Locutus

524 3664 618 3712 sst-
636 3655 896 3712 Dominus
921 3656 989 3711 ad
1019 3654 1254 3727 Hoysem
1270 3655 1448 3710 dicens
1484 3671 1503 3709 :
1537 3672 1629 3728 ego
1665 3655 1847 3711 audiui
1877 3673 2120 3711 murmur

529 3749 768 3820 filiorum
820 3747 1020 3812 Israel,
1061 3754 1166 3804 etc.
1221 3747 1348 3803 Haec
1393 3747 1562 3818 igitur
1613 3756 1882 3804 memorat
1937 3764 2121 3804 sermo

529 3856 773 3912 prasens
802 3840 888 3897 his
924 3841 1107 3896 verbis
1137 3859 1153 3895 τ
1187 3843 1256 3894 Et
1295 3849 1621 3894 tentaverunt
1661 3840 1826 3895 Deum
1856 3843 1910 3895 in
1943 3841 2120 3895 cordi-

529 3931 626 3986 bus
659 3933 795 3996 suis,
836 3941 894 3986 ut
923 3941 1154 4001 peterent
1192 3948 1367 3988 escam
1398 3931 1679 3986 animabus
1705 3933 1837 3986 suis.
1870 3931 1941 3985 Et
1980 3932 2120 3986 male

528 4025 694 4080 locuti
736 4033 860 4079 sunt
902 4023 967 4078 de
1019 4023 1150 4091 Deo,
1191 4033 1242 4079 et
1283 4024 1564 4090 dixerunt,
1611 4023 1885 4096 Numquid
1923 4026 2117 4094 poterit

525 4115 670 4172 Deus
697 4131 894 4186 parare
923 4131 1159 4170 mensam
1194 4115 1249 4169 in
1282 4115 1491 4169 deserto
1511 4118 1535 4170 ?
1554 4143 1625 4157 -—-
1647 4113 1817 4173 Vens.
1851 4115 1943 4170 20.
1969 4113 2117 4182 Quo-

525 4211 671 4265 niam
691 4210 948 4282 percussit
977 4217 1180 4279 petram
1212 4222 1261 4264 et
1291 4209 1560 4278 [luxerunt
1590 4224 1761 4278 aquae,
1780 4219 1830 4262 et
1858 4217 2114 4263 torrentes

524 4301 952 4366 inundaverunt;
985 4300 1236 4372 numquid
1275 4311 1326 4356 et
1356 4316 1546 4369 panem
1584 4302 1775 4369 poterit
1819 4300 1971 4366 dare,
2021 4291 2116 4358 aut

2227 3101 2593 3170 ἐκαθίσαμεν
2617 3099 2719 3153 ἐπὶ
2767 3098 2884 3153 τῶν
2920 3099 3213 3164 λεᾶήτων,
3247 3100 3357 3156 καὶ
3392 3100 3664 3170 ἐφάγομεν
3685 3097 3763 3166 dp-

2234 3212 2378 3262 τους
2455 3197 2544 3261 εὶς
2613 3191 3026 3262 πλησμονήν-ί
3087 3194 3206 3246 Ὅτι
3271 3193 3583 3265 ἐξηγάτετε
3639 3189 3762 3262 ἡμᾶς

2227 3283 2570 3340 ἀποκτεῖναι
2625 3283 2834 3338 πᾶσαν
2886 3282 3002 3351 τὴν
3057 3281 3430 3354 συναγωγὴν
3468 3285 3665 3350 ταύτην
3706 3281 3761 3332 ὲν

2227 3376 2399 3446 λιμῷ.
2426 3377 2538 3431 Καὶ
2568 3376 2707 3448 μετὰ
2747 3375 2924 3430 ταῦτα
2953 3370 3074 3430 εἷπε
3103 3377 3317 3448 Μωσῆς
3351 3380 3481 3451 πρὸς
3516 3379 3594 3433 τὸν
3625 3375 3758 3430 λαόνο

2240 3469 2428 3539 Ἡμεῖς
2466 3469 2540 3523 δὲ
2583 3471 2641 3523 τί
2686 3468 2910 3540 eam;
2938 3471 3010 3523 οὐ
3044 3469 3154 3539 γὰρ
3187 3476 3325 3525 καθ’
3347 3471 3508 3542 ἡμῶν
3528 3475 3558 3525 ό
3588 3485 3759 3540 γογγυ-

2227 3563 2382 3633 σμὸς
2409 3561 2578 3632 ὐμῶν
2608 3561 2800 3624 ἐστιν,
2836 3561 2996 3616 ἀλλὰ
3038 3562 3188 3615 κατὰ
3215 3563 3330 3618 τοῦ
3365 3557 3756 3630 ﬂaminicam-

2226 3657 2357 3710 θετε
2381 3654 2660 3707 ἐναντίον
2694 3653 2802 3708 τοῦ
2835 3653 3003 3716 Θεοῦ,
3038 3653 3370 3722 είσακήκοε
3409 3657 3511 3727 γὰρ
3535 3651 3619 3707 τοῦ
3645 3666 3754 3720 τογε-

2226 3747 2461 3818 γυσμοῦ
2502 3745 2687 3816 ὑμῶν.
2754 3746 2864 3800 Καὶ
2913 3747 3052 3818 μετὰ
3103 3748 3314 3803 ταῦτα·
3371 3749 3630 3816 Ἐλάνῑησε
3657 3743 3755 3797 Κύ-

2218 3857 2351 3908 ριος
2408 3839 2559 3908 πρὸς
2617 3835 2845 3905 Μωσῆν
2905 3838 3128 3907 λέγων·
3199 3839 3358 3912 Ἐγὼ
3417 3838 3620 3906 ἀκήκοα
3666 3833 3754 3886 τὸν

2225 3930 2573 4003 γοηουσμὸν
2619 3930 2767 3984 υἱῶν
2800 3929 3068 3999 Ἰσραὴλ,
3129 3931 3223 3985 καὶ
3278 3934 3348 3988 τά
3387 3931 3528 4003 ἑξῆς.
3575 3925 3752 3983 Τούτων

2224 4019 2317 4078 οὖν
2356 4028 2704 4095 μεμνημένος
2731 4022 2828 4076 καὶ
2860 4024 2890 4076 ὁ
2922 4022 3111 4095 παρὼν
3143 4023 3327 4092 λόγος,
3355 4022 3471 4079 εἶπε
3491 4041 3506 4056 ο
3537 4020 3630 4078 Καὶ
3653 4017 3754 4081 ἐξε-

2224 4115 2525 4184 πείρασαν
2557 4113 2664 4167 τὸν
2687 4113 2838 4168 Θεὸν
2861 4114 2932 4169 ἐν
2963 4114 3234 4184 καρδίαις
3266 4117 3482 4180 αὐτῶν,
3509 4113 3605 4169 τοῦ
3630 4105 3753 4176 altri-

2223 4221 2326 4261 σαι
2345 4204 2560 4275 ,βρῶμα
2578 4204 2709 4272 ταῖς
2729 4205 2956 4275 ψυχαῖς
2983 4204 3197 4260 αὐτῶν.
3234 4210 3351 4264 Καὶ
3382 4205 3752 4268 κατελάλησαν

2222 4300 2328 4354 τοῦ
2359 4299 2527 4364 Θεοῦ,
2568 4297 2668 4352 καὶ
2685 4293 2894 4353 εἶπαν·
2941 4299 3039 4368 Μὴ
3077 4300 3406 4367 δυνήσεται
3431 4306 3463 4357 ὁ
3481 4299 3610 4365 Θεὸς
3631 4298 3748 4350 irat-

523 4409 718 4464 parare
746 4411 980 4450 mensam
1007 4394 1199 4465 populo
1229 4396 1364 4449 suo?
1388 4393 1512 4450 Haec
1566 4394 1786 4464 quidem
1843 4397 1898 4451 in
1943 4397 2117 4452 histo-

2223 4391 2405 4463 μᾶσαι
2429 4390 2724 4460 τράπεζαν
2751 4393 2822 4446 ἐν
2841 4391 3070 4462 emo;
3108 4395 3272 4449 Ἐπεὶ
3298 4395 3547 4459 ἐπάταξε
3569 4390 3748 4456 πέτραν

523 4487 606 4542 ria
663 4504 774 4544 non
820 4487 1106 4552 feruntur,
1142 4488 1237 4543 sed
1279 4489 1367 4542 llic
1402 4487 1730 4544 observatur
1779 4505 1875 4546 eos
1920 4491 2110 4547 istliaac

521 4584 814 4652 cogitasse.
879 4581 1251 4646 Tentarerunt,
1301 4584 1499 4655 inquit,
1549 4583 1718 4638 Deum
1763 4584 1818 4638 in
1863 4585 2111 4641 cordibus

519 4673 654 4738 suis,
680 4681 758 4739 et,
805 4671 949 4727 Male
1001 4674 1165 4727 locuti
1195 4684 1316 4727 sunt
1365 4674 1430 4728 de
1471 4674 1597 4730 Deo.
1630 4674 1918 4742 Quomodo
1969 4676 2112 4732 male

520 4761 692 4819 locuti
730 4771 882 4829 sunt,
913 4765 1019 4820 nisi
1053 4765 1168 4819 haec
1198 4765 1513 4837 cogitando,
1542 4767 1645 4822 etsi
1680 4768 1732 4821 id
1763 4767 1988 4823 minime
2026 4768 2104 4823 la-

520 4853 629 4910 biis
677 4858 1029 4926 protulerint,
1079 4858 1174 4913 sed
1232 4869 1410 4914 mente
1455 4859 1808 4922 revolverint,
1852 4875 1974 4930 quas
2020 4861 2110 4916 ille

518 4946 769 5002 cordium
798 4950 1046 5022 cognitor
1083 4952 1221 5006 bene
1261 4952 1412 5007 novit
1445 4953 1801 5023 audivitque?
1828 4951 2108 5019 Quamob-

517 5055 634 5096 rem
670 5040 874 5096 dicitur
919 5061 1027 5098 ευ-
1061 5042 1225 5102 Vens.
1254 5045 1344 5104 2|.
1376 5047 1592 5101 Audiuit
1623 5046 1883 5102 Dominus
1921 5055 1972 5101 et
2001 5047 2114 5103 dis-

519 5130 665 5187 tulit.
705 5128 814 5186 Pro
870 5149 980 5203 quo
1029 5134 1242 5206 Aquila,
1272 5145 1321 5191 et
1359 5154 1463 5191 non
1494 5137 1807 5207 supersedit,
1839 5138 2111 5209 interpre-

516 5233 667 5281 tatus
697 5233 805 5290 est,
855 5226 911 5281 id
959 5236 1066 5292 est,
1097 5243 1206 5283 non
1249 5229 1504 5296 distulit;
1557 5229 1920 5302 Symmachus
1952 5245 2106 5298 vero,

513 5329 566 5375 ct
614 5319 788 5373 iratus
818 5327 919 5374 est.
958 5317 1162 5375 Deinde
1196 5319 1293 5386 ait,
1355 5319 1423 5374 Et
1471 5322 1605 5392 ignis
1640 5338 1890 5376 accensus
1931 5331 2007 5376 est
2053 5323 2109 5376 in

513 5410 706 5477 Jacob,
735 5421 785 5467 et
813 5413 896 5467 ira
920 5411 1157 5466 ascendit
1193 5413 1244 5467 in
1284 5411 1480 5466 Israel.
1510 5414 1664 5483 Apud
1701 5414 1940 5486 Moysem
1969 5431 2110 5485 quo-

515 5518 624 5575 que
657 5505 921 5561 scribitur
947 5505 1028 5562 ὀε
1059 5497 1128 5558 Et
1153 5514 1268 5559 erat
1297 5504 1520 5574 populus
1547 5524 1889 5564 murmurans
1921 5518 2109 5562 contra

517 5593 827 5661 Dominum,
863 5605 914 5651 et
955 5595 1157 5651 audivit
1200 5595 1463 5650 Dominus
1493 5606 1542 5652 et
1584 5598 1755 5652 iratus
1784 5608 1902 5654 est:
1950 5609 2000 5653 et
2031 5601 2110 5653 in-

509 5699 698 5742 census
726 5695 804 5740 est
832 5687 887 5742 in
915 5689 992 5743 eis
1025 5689 1161 5760 ignis
1187 5706 1222 5743 a
1250 5687 1499 5757 Domino,
1533 5698 1583 5744 et
1608 5688 1876 5745 devoravit
1898 5698 2105 5760 partem

505 5850 512 5867 .
589 5800 630 5834 "
665 5801 837 5862 Exod.
866 5821 998 5873 xvu,
1029 5806 1082 5861 7.
1163 5807 1204 5839 ⁸⁷
1238 5803 1408 5864 Exod.
1441 5821 1551 5872 xw,
1584 5804 1640 5872 ‘2,
1673 5805 1724 5862 5.

1807 5805 2010 5862 "ibid.
2043 5805 2096 5871 7,
2115 5809 2166 5864 θ.

2215 4485 2314 4538 καὶ
2341 4485 2651 4554 ἐρρύησαν
2677 4483 2886 4549 ὕδατα,
2927 4485 3026 4538 καὶ
3047 4488 3355 4556 χείμαρροι
3387 4483 3742 4546 κατεπαύσθη-

2213 4592 2367 4630 σαν·
2391 4575 2478 4646 μὴ
2526 4577 2626 4630 καὶ
2663 4576 2848 4645 ἄρτον
2895 4575 3144 4631 δύναται
3168 4579 3456 4648 δοῦναι,ῆ
3486 4574 3740 4645 ἑτοιμάσω

2213 4667 2507 4736 τράπεζαν
2521 4668 2603 4735 τῷ
2631 4668 2756 4734 λαῷ
2798 4669 3008 4733 αὐτοῦς
3040 4671 3128 4724 Ἐν
3149 4673 3248 4742 μὲν
3270 4669 3363 4726 οὖν
3394 4675 3460 4744 τῇ
3493 4668 3674 4740 ἱστορίᾳ
3694 4662 3738 4715 οὐ

2215 4762 2440 4833 φέρεται
2467 4763 2640 4816 ταῦτα
2666 4779 2680 4794 ο
2707 4761 2938 4816 ἐνταῦθα
2971 4762 3028 4816 δὲ
3052 4766 3369 4835 τετήρηται,
3396 4767 3466 4829 ὡς
3487 4764 3584 4835 ἄρα
3607 4758 3737 4813 ταῦτα

2211 4852 2564 4924 διενοήθησαν
2587 4866 2602 4881 ·
2642 4851 3086 4919 Ἐξεπείρασαν.
3119 4852 3225 4924 γάρ
3243 4870 3396 4924 φησι,
3419 4852 3521 4906 τὸν
3548 4844 3738 4903 Θεὸνέν

2211 4944 2484 5013 καρδίαις
2523 4941 2756 5006 αὐτῶν,
2802 4944 2916 5007 καὶ,
2982 4944 3420 5013 Κατελάλησαν
3458 4941 3556 4996 τοῦ
3603 4931 3734 4990 Θεοῦ.

2211 5038 2336 5102 Πῶς
2357 5037 2415 5090 δὲ
2448 5037 2822 5110 κατελάλησαν
2861 5037 2896 5109 ἢ
2936 5037 3060 5092 τάδε
3087 5037 3474 5110 διανοηθέντες,
3511 5037 3555 5087 εί
3580 5029 3659 5084 καὶ
3679 5024 3733 5095 μὴ

2209 5128 2412 5198 χείλεσι
2457 5127 2840 5200 φθεγξάμενοι,
2875 5127 3011 5182 ἀλλά
3036 5131 3156 5192 ταῖς
3184 5128 3380 5199 ψυχαῖς
3420 5124 3732 5195 λογισάμενοι,

2207 5224 2243 5278 ἂ
2267 5224 2331 5296 δὴ
2383 5227 2413 5278 ὁ
2458 5223 2898 5296 καρδιογνώστης
2932 5220 3088 5286 εἰδὼς
3133 5223 3330 5294 ἢκουσε
3357 5238 3371 5287 ;
3406 5219 3493 5272 Διὸ
3520 5215 3730 5286 εἴρηται’

2212 5318 2468 5372 Ἤκουσε
2507 5320 2722 5386 Κύριος
2776 5319 2877 5372 καί
2933 5315 3276 5373 ἀνεϐάλετο.
3339 5311 3478 5366 ‘AvO‘
3507 5303 3564 5364 οὗ
3591 5307 3616 5358 ό
3657 5300 3732 5374 μὲν

2219 5408 2469 5477 Ἀκύλας,
2487 5411 2593 5466 Kal
2607 5411 3115 5480 drvxepaétna'sr,
3141 5409 3464 5482 ἡρμήνευσε,
3481 5397 3730 5482 τουτέστιν.

2205 5505 2304 5574 ούχ
2333 5501 2630 5572 ὑπερέθετο
2653 5518 2667 5533 ο
2692 5503 2721 5554 ὁ
2747 5501 2804 5554 δὲ
2835 5500 3148 5572 Σύμμαχος,
3165 5481 3293 5553 Kal
3307 5494 3560 5566 ἐχολώθη
3581 5506 3594 5522 ⁸
3619 5481 3730 5542 εἶτα,

2212 5597 2320 5652 Καὶ
2347 5596 2469 5663 ⁸ττῦρ
2494 5593 2753 5663 ἀνήφθη,
2786 5595 2973 5663 φησὶν,
2990 5592 3286 5653 ἑνίακὼό,
3312 5589 3408 5643 καί
3433 5583 3568 5656 ὀργὴ
3579 5575 3730 5639 ἀνέϐη

2205 5689 2305 5743 ἐπί
2337 5687 2443 5743 τὸν
2483 5686 2738 5755 Ἰσραήλ.
2788 5685 2900 5740 Καὶ
2946 5685 3093 5757 παρὰ
3133 5685 3318 5739 Μωσεί
3343 5681 3398 5735 δὲ
3426 5677 3722 5749 γέγραπταν

2278 5807 2319 5838 ⁸⁸
2349 5804 2481 5869 ibid,
2530 5805 2612 5873 ll,
2646 5802 2727 5859 l2.
2807 5805 2850 5836 ³ο
2877 5801 3039 5859 Num.
3073 5818 3150 5872 nl,
3193 5797 3304 5855 1-3.
