3996 6210
303 310 412 369 ΟΠ

1393 300 1894 363 οοδωεντλιιιλ
1934 301 2002 360 IN
2037 298 2377 381 rsALuos.

3435 276 3541 330 9l8

304 423 417 479 Kal
472 417 554 493 ἦν
591 422 626 476 ὁ
653 419 803 487 λαὸς
845 415 1139 491 ron-65w
1162 415 1441 477 ἐναντιον
1479 416 1722 486 Κυρίου,
1777 414 1875 469 καὶ

1983 423 2293 489 castrorum.
2324 409 2391 465 Et
2427 405 2674 462 clamauit
2713 401 2934 473 populus
2962 397 3030 453 ad
3066 392 3326 468 Magum,
3357 401 3405 448 et
3436 407 3550 460 pre-

303 516 539 585 ἤκουσε
582 515 817 582 Κύριος,
863 513 960 568 καὶ
1006 513 1274 584 ἐθυμώθη
1318 512 1463 583 ὀργὴ
1509 511 1695 568 αὐτοῦ
1713 530 1727 545 ’
1772 514 1874 568 καὶ

302 604 598 672 ἐξεκαύθη
629 601 700 657 ἐν
740 601 945 669 αὐτοῖς
968 600 1087 671 πῦρ
1108 602 1269 671 παρὰ
1304 603 1545 671 Κυρίου,
1578 602 1676 657 καὶ
1703 601 1873 656 κατὰ

304 712 459 767 φατε
500 692 684 765 μέρος
724 690 836 763 τῆς
886 692 1286 765 παρεμσοιιῆςο
1325 692 1436 749 Καὶ
1474 691 1800 763 ἐκέκραὲεν
1842 696 1876 748 δ

305 785 457 853 λαὸς
478 784 629 853 πρὸς
655 782 881 852 Μωσῆν
898 801 913 815 ’
941 783 1038 838 καὶ
1061 783 1289 850 ηὔξατο
1330 781 1553 853 Μωσῆς
1580 784 1731 854 πρὸς
1761 785 1877 839 Κύ-

301 895 456 948 ριον,
476 877 575 932 καὶ
617 876 884 931 ἐκόπασε
910 874 976 930 τὸ
1024 875 1164 945 πῦρ.
1195 875 1304 932 Kal
1333 874 1573 944 suae"
1599 875 1667 930 τὸ
1691 876 1879 946 ὄνομα

305 971 413 1026 τοῦ
436 970 627 1029 τόπου
644 969 879 1024 ἐκείνου
912 969 1348 1040 Ἐμπυρισμός,
1370 968 1459 1022 ὅτι
1485 967 1779 1037 ἐξεκαύθη
1809 968 1879 1022 ἐν

304 1059 514 1127 αὐτοῖς
538 1058 660 1127 πῦρ
688 1057 849 1127 παρὰ
895 1058 1136 1127 Κυρίου.
1169 1058 1264 1112 Διὸ
1294 1058 1390 1113 καὶ
1420 1059 1478 1112 ὲν
1508 1057 1587 1130 τῷ
1609 1057 1746 1130 μετὰ
1777 1060 1881 1130 χεῖ-

308 1170 412 1226 ρας
446 1152 662 1224 εῐρηται
688 1170 704 1185 ο
738 1153 848 1207 Kal
877 1150 1114 1221 ἀνήφθη
1139 1152 1258 1221 πῦρ
1276 1152 1347 1206 ἐν
1373 1151 1599 1216 Ἰακὼϐ,
1617 1153 1715 1207 καὶ
1732 1151 1877 1222 ὀργὴ

306 1244 503 1313 ἀνέϐη-
513 1244 613 1299 sal
638 1244 747 1299 τὸν
780 1243 1038 1313 Ἰσραὴλ,
1063 1243 1151 1298 ὅτι
1171 1246 1281 1299 οὐκ
1306 1244 1680 1300 ἐπίστευσαν
1705 1245 1775 1298 ἐν
1800 1243 1880 1311 τῷ

310 1335 452 1403 Θεῷ,
483 1334 627 1391 οὐδὲ
671 1334 942 1405 ἤλπισαν
977 1334 1075 1389 ἐπὶ
1115 1334 1182 1390 τὸ
1214 1334 1510 1405 σωτήριον
1537 1336 1744 1391 αὑτοῦ.
1768 1336 1880 1391 Καὶ

304 1428 643 1484 ἐνετείλατο
672 1426 963 1496 νεφέλαις·
987 1426 1383 1501 ὑπεράνωθεν,
1417 1428 1514 1483 καὶ
1561 1430 1743 1498 θύρας
1782 1430 1884 1485 οὐ·

300 1516 495 1587 ρανοῦ
509 1516 749 1584 ἀνέῳξε.
779 1517 890 1572 Kal
920 1517 1161 1586 ἔϐρεξεν
1187 1519 1281 1572 ἐπ’
1302 1518 1524 1586 αὐτοὺς
1540 1517 1744 1589 μάννα
1772 1536 1882 1590 φα-

306 1609 457 1680 τεῖν.
482 1608 582 1663 καὶ
625 1608 807 1677 ἄρτον
850 1609 1111 1678 οὐρανοῦ
1161 1610 1383 1665 ἔδωκεν
1419 1611 1642 1679 αὐτοῖς.
1675 1613 1884 1682 Ἄρτον

307 1698 580 1771 ἀγγέλων
628 1697 849 1769 ἔφαγεν
892 1698 1218 1769 ἅνθρωπος.
1267 1702 1340 1755 Τὸ
1390 1701 1473 1767 δὲ,
1519 1703 1882 1757 Ἐνετείλατο

307 1791 593 1862 νεφέλαις
616 1790 1016 1861 ὑπεράνωθεν,
1048 1792 1387 1849 αἰνίττεσθαί
1414 1812 1503 1866 μοι
1533 1793 1682 1849 δοκεῖ
1710 1794 1881 1868 πρόσ-
1909 1824 1953 1879 Β

306 1901 506 1957 ταγμα
537 1883 779 1939 δεδόσθαι
829 1884 1149 1955 άγγελικαίς
1192 1886 1474 1957 δυνάμεσι,
1506 1889 1629 1951 ταῖς
1673 1887 1753 1951 εις
1810 1886 1880 1943 τὰ

306 1975 587 2050 παράδοξα
629 1977 748 2033 τότε
795 1978 1253 2050 διακονουμέναις,
1287 1980 1355 2033 δι’
1381 1972 1456 2034 ὧν
1485 1980 1580 2033 καὶ
1610 1979 1671 2033 τὸ
1705 1978 1880 2050 μάννα

309 2070 623 2145 ἔχορηχείτο
673 2068 751 2141 τῷ
787 2068 920 2141 λαῷ.
960 2070 1333 2142 Διδασκόμεθα
1376 2071 1432 2125 δὲ
1479 2072 1573 2125 καὶ
1609 2070 1877 2138 ἐντεῦθεν,

307 2160 387 2226 ὣς
419 2160 527 2233 άρα
559 2161 775 2230 νεφέλαι
797 2163 854 2216 αἱ
882 2162 1169 2231 άγγελικαὶ
1187 2162 1443 2235 δυνάμεις
1468 2162 1777 2235 κέκληνται,
1805 2163 1881 2228 ὡς

306 2255 404 2307 καὶ
432 2255 491 2308 ὲν
515 2252 593 2325 τῷ
642 2254 902 2323 φάσκοντι
932 2257 1186 2327 προφήτῃ
1212 2273 1227 2288 ·
1263 2256 1371 2310 Kal
1421 2255 1550 2323 ταῖς
1598 2255 1881 2326 νεφέλαις

300 2345 661 2418 ἐντελοῦμαι
704 2346 810 2399 τοῦ
869 2345 957 2417 μὴ
1011 2346 1225 2414 βρέξαι
1293 2349 1381 2414 εὶς
1432 2347 1618 2403 αὐτὸν
1668 2349 1876 2402 ὑετόνσ

302 2435 450 2491 ὥστε
481 2438 607 2501 τοὺς
655 2437 916 2508 ἀγγέλους
963 2438 1197 2493 νοεῖσθαι
1244 2439 1342 2505 τὰς
1396 2440 1654 2511 νεφέλας,
1694 2439 1882 2513 ῶσπερ

300 2524 401 2583 οὖν
422 2529 518 2584 καὶ
567 2528 819 2584 ἐνταῦθα.
866 2531 975 2584 Καὶ
1007 2530 1154 2595 εἰκός
1184 2548 1245 2600 γε
1276 2527 1345 2603 ἦν
1377 2531 1464 2587 διὰ
1500 2532 1598 2605 μὲν
1629 2533 1882 2608 πονηρῶν

299 2618 589 2692 δυνάμεων
616 2617 714 2682 τὰς
763 2621 883 2671 κατ’
921 2619 1236 2688 Αἰγυπτίων
1270 2619 1636 2675 ἐπιτελεῖσθαι
1667 2620 1883 2691 πληγὰς

300 2710 452 2768 κατὰ
477 2711 570 2765 τὸν
594 2711 869 2781 φάσκοντα
909 2711 1065 2781 λόγον
1090 2730 1104 2746 ο
1150 2712 1532 2769 Ἀπέστειλεν
1556 2716 1644 2781 εἰς
1662 2713 1884 2780 αὐτοὺς

301 2804 498 2876 War
520 2805 617 2859 καὶ
654 2805 866 2875 θυμὸν,
917 2806 1128 2875 θλίψιν
1151 2806 1247 2861 καὶ
1293 2806 1649 2875 ἀποστολὴν
1672 2805 1746 2860 δι’
1781 2806 1885 2876 ἀγ-

300 2897 504 2970 γέλων
556 2896 866 2968 πονηρῶν·
904 2899 973 2953 τά
1021 2899 1078 2954 δὲ
1104 2901 1442 2974 χρηστότερα
1486 2901 1553 2955 δι’
1573 2901 1762 2955 αἰσίων
1791 2901 1885 2973 κα).

298 2986 497 3053 δεξιῶν
520 2988 766 3058 ἀγγέλων
794 2972 1153 3061 γεγενῆσθαι,
1180 2972 1272 3044 Διὸ
1300 2972 1548 3045 λέλεκται
1572 3008 1585 3021 ’
1617 2991 1727 3045 Kal
1758 2972 1882 3044 ἑνεὲ

300 3082 551 3138 τείλατο
576 3079 857 3151 νεφέλαις
888 3081 1287 3152 ὑπεράνωθεν,
1303 3083 1598 3153 καὶθύρας
1621 3081 1882 3153 οὐρανοῦ

1976 482 2128 561 catus
2156 513 2233 558 est
2274 499 2482 573 Moyses
2512 497 2815 557 Dominum,
2845 501 2892 546 et
2924 486 3146 544 cessavit
3178 486 3337 557 ignis.
3361 481 3432 537 Et
3460 499 3548 537 va-

1975 607 2155 653 catum
2180 604 2259 650 est
2287 609 2472 649 nomen
2492 590 2595 645 loci
2628 588 2798 651 illius,
2830 580 3161 647 Incendium,
3197 577 3321 650 quia
3346 574 3548 629 exarsit

1976 692 2032 747 in
2080 690 2156 746 eis
2209 688 2344 759 ignis
2403 702 2445 739 α
2481 680 2729 737 Domino.
2780 675 3125 746 Quapropter
3182 669 3238 725 in
3297 664 3550 740 praesenti

1976 780 2191 853 psalmo
2208 754 2412 832 dictum
2434 778 2519 829 est
2545 789 2559 825 :
2614 766 2683 822 Et
2719 781 2966 821 accensus
2994 772 3071 818 est
3102 760 3239 834 ignis
3275 758 3330 812 in
3358 754 3547 818 Iacob,

1976 834 2037 926 Si
2082 869 2174 925 ira.
2218 862 2452 921 ascendit
2493 862 2549 931 in
2583 857 2779 923 Israel,
2838 850 3229 926 (VensﬂQ-SS)
3283 848 3405 920 quia
3449 834 3563 901 non

1976 959 2312 1017 crediderunt
2348 956 2400 1009 in
2432 952 2564 1016 Deo,
2594 967 2687 1006 nec
2717 953 3051 1019 speraverant
3080 943 3136 997 in
3157 939 3387 996 salutari
3413 937 3547 1007 ejus.

1979 1052 2050 1107 Et
2078 1050 2346 1106 mandavit
2376 1045 2600 1103 nubibus
2620 1043 2857 1111 desuper,
2889 1048 2936 1094 et
2960 1037 3160 1108 januas
3185 1032 3300 1088 caeli
3326 1029 3550 1100 aperuit:

1981 1144 2051 1199 Et
2077 1144 2212 1214 pluit
2262 1141 2371 1196 illis
2402 1155 2600 1194 manna
2648 1134 2716 1190 ad
2764 1127 3212 1190 manducandum,
3259 1133 3309 1180 et
3365 1136 3553 1193 panem

1978 1236 2094 1292 ταιὶ
2121 1233 2263 1290 dedit
2298 1234 2397 1288 eis.
2430 1230 2629 1284 Panem
2660 1223 2966 1297 angelorum
3004 1217 3339 1274 manducavit
3373 1214 3561 1270 homo.

1978 1326 2118 1383 Illud
2147 1334 2350 1389 autem,
2382 1321 2656 1377 Mandavit
2684 1314 3177 1382 nubibusdesuper,
3206 1306 3559 1366 subindicare

1978 1419 2193 1478 videtur
2224 1417 2376 1481 mibi,
2420 1413 2735 1471 mandatum
2767 1407 3029 1480 angelicis
3067 1402 3384 1466 virtutibus,
3430 1399 3553 1470 qua:

1982 1510 2343 1590 adgprodigia
2396 1507 2606 1564 edenda
2653 1513 2785 1559 tunc
2834 1497 3240 1559 ministrabant,
3292 1492 3567 1549 traditum

1979 1584 2123 1672 esse,
2145 1613 2198 1660 et
2222 1602 2291 1657 ab
2320 1601 2427 1656 illis
2459 1597 2658 1670 populo
2685 1607 2887 1650 manna
2919 1588 3324 1662 suppeditatum
3358 1584 3554 1641 fuisse.

1981 1700 2120 1755 Hinc
2153 1699 2282 1753 item
2311 1695 2603 1751 edocemur
2635 1688 2910 1761 angelicas
2939 1685 3191 1740 virtutes,
3209 1679 3349 1736 forte
3377 1677 3566 1733 nubes.

1981 1797 2199 1850 vocatas
2243 1788 2431 1852 fuisse,
2486 1779 2942 1855 quemadmodum
2976 1782 3039 1833 et
3072 1776 3126 1829 in
3163 1774 3425 1845 propheta
3458 1770 3566 1842 qui:

1982 1883 2100 1938 ait:
2137 1878 2207 1934 Et
2238 1876 2460 1933 nubibus
2504 1870 2769 1928 mandabo
2803 1886 2866 1924 ne
2887 1867 3071 1940 pluunt
3111 1881 3273 1935 super
3297 1880 3415 1920 eam
3451 1863 3555 1917 im-

1983 1977 2125 2030 brem
2163 1974 2207 2005 ’ί
2234 1991 2249 2028 :
2280 1972 2356 2026 ita
2384 1976 2445 2024 ut
2474 1966 2648 2038 angeli
2668 1964 2843 2020 nubes
2868 1976 2991 2018 esse
3010 1959 3403 2030 intelligantur,
3429 1969 3557 2026 per-

1983 2067 2110 2123 inde
2162 2072 2327 2136 atque
2356 2062 2411 2117 in
2434 2060 2539 2115 hoc
2566 2060 2689 2114 loco
2716 2075 2731 2111 :
2763 2071 2826 2110 ac
2848 2069 2946 2125 par
2972 2058 3088 2108 erat
3116 2065 3147 2105 a
3175 2048 3427 2121 malignis
3450 2047 3559 2102 vir-

1981 2158 2188 2214 tutibus
2225 2157 2413 2228 plagas
2439 2150 2713 2224 {Egyptiis
2754 2144 2949 2217 inﬂigi,
2975 2151 3035 2199 ut
3067 2143 3155 2198 bis
3198 2140 3555 2198 enuntiatur:

1982 2252 2041 2308 1!
2046 2253 2134 2308 isit
2168 2252 2221 2306 in
2241 2266 2327 2304 eos
2359 2249 2497 2302 iram
2526 2255 2574 2300 et
2606 2244 2837 2314 furorem
2863 2248 2913 2294 et
2947 2235 3364 2298 tribulationem,
3388 2241 3436 2286 et
3458 2231 3559 2285 im-

1982 2346 2281 2402 missionem
2314 2357 2406 2412 per
2434 2337 2647 2410 angelos
2677 2334 2880 2399 malos;
2909 2340 3096 2386 contra
3141 2342 3272 2385 vero
3300 2341 3421 2399 qua:
3450 2340 3563 2379 me-

1983 2440 2121 2494 liora
2149 2443 2309 2493 erant
2348 2448 2446 2505 per
2475 2430 2683 2486 faustos
2712 2428 3024 2499 probosque
3046 2422 3266 2494 angelos
3288 2417 3558 2492 praestari.

1984 2529 2164 2597 Quare
2200 2525 2422 2586 dicitur,
2454 2520 2523 2576 Et
2557 2518 2826 2575 mandavit
2874 2514 3098 2571 nubibus
3131 2511 3372 2579 desuper.
3402 2518 3451 2563 et
3477 2508 3564 2579 ja-

1984 2639 2119 2678 nuas
2166 2618 2283 2675 caeli
2337 2615 2563 2686 aperuit.
2620 2610 2828 2668 Januas
2880 2607 3027 2686 cmli
3060 2614 3277 2677 apertas
3315 2600 3564 2657 coelestia

1983 2728 2151 2786 opera
2179 2726 2301 2767 esse
2330 2684 2665 2765 esistimato.
2698 2699 2897 2759 Omnia
2933 2684 3135 2769 quippe
3160 2708 3283 2764 qua:
3320 2688 3559 2745 mirabili

1984 2783 2146 2863 modo
2172 2820 2203 2859 a
2220 2803 2333 2859 Deo
2359 2798 2814 2873 perpetrabantur
2828 2791 3012 2850 divina
3034 2796 3087 2844 et
3112 2783 3357 2844 cmlestia
3378 2787 3559 2846 erant,

1985 2915 2105 2973 quae
2133 2911 2256 2953 cum
2282 2909 2391 2949 non
2420 2892 2631 2956 ﬁerent,
2655 2886 2971 2944 hominibus
2994 2879 3416 2940 claudebantur;
3432 2886 3564 2928 cum

1985 2969 2165 3043 autem
2198 2981 2468 3056 stupenda
2517 2981 2727 3035 ratione
2758 2975 2905 3032 edita
2937 2979 3100 3037 sunt,
3137 2969 3221 3028 sic
3251 2982 3351 3024 ceu
3395 2977 3565 3035 quas-

1985 3079 2110 3135 dam
2159 3077 2413 3133 cmlestes
2441 3073 2642 3144 ianuas
2677 3067 2814 3141 ipsis
2845 3064 3144 3123 reserabat.
3174 3058 3283 3115 Pro
3321 3058 3414 3114 illo
3461 3070 3564 3109 au-

300 3174 552 3243 ἁνέῳξε.
600 3174 782 3246 Θύρας
819 3150 876 3228 δὲ
900 3150 1128 3247 ούρανοῦ
1158 3150 1550 3248 άνοιγνυμένας
1590 3150 1703 3240 τὰς.
1729 3176 1885 3248 ούρα-

1987 3179 2121 3235 tem,
2167 3169 2370 3225 Panem
2400 3167 2708 3238 angelorum
2751 3158 3088 3215 manducavit
3136 3156 3312 3221 homo,
3342 3150 3557 3222 Aquila,

303 3264 456 3329 νεους
478 3265 591 3319 νόει
622 3262 867 3337 πράξεις.
894 3265 1077 3319 Πάντα
1093 3265 1201 3339 γὰρ
1224 3266 1294 3320 τὰ
1321 3265 1636 3338 παραδόξως
1664 3265 1769 3320 ὑπὸ
1789 3264 1883 3319 τοῦ

303 3356 445 3413 Θεοῦ
496 3359 857 3430 πεπραγμένα
900 3356 1020 3411 θεῖα
1056 3357 1151 3412 καὶ
1199 3357 1424 3434 οὐράνια
1482 3354 1551 3431 ἦν
1575 3372 1588 3386 ·
1615 3357 1653 3413 ἃ.
1696 3357 1761 3431 δὴ
1790 3358 1885 3412 καὶ

304 3448 619 3521 ἀνθρώποις
674 3449 1081 3515 άποκέκλειστο,
1129 3450 1218 3503 ὅτε
1254 3449 1330 3521 μὴ
1387 3450 1631 3519 ἐγίγνετο
1653 3465 1668 3481 ο
1707 3451 1797 3505 ὅτε
1828 3449 1884 3504 δὲ

304 3541 627 3614 παραδόξως
668 3542 933 3612 ἐγίγνετο,
961 3538 1151 3613 ὥσπερ
1182 3539 1352 3616 θύρας
1404 3542 1557 3606 τινὰς
1603 3541 1886 3615 οὐρανίους

306 3635 550 3706 ἀνέῳγεν
599 3635 802 3699 αὐτοῖς.
864 3633 1010 3688 ’Δντὶ
1051 3631 1107 3686 δὲ
1162 3632 1258 3686 τοῦ
1279 3672 1295 3698 ,
1352 3634 1560 3702 Ἄρτον
1615 3633 1886 3706 ἀγγέλων

309 3727 535 3797 ἔφαγεν
578 3726 906 3796 ἄνθρωπος,
950 3727 979 3780 ὁ
1020 3724 1270 3792 ⁹Δικύλοις,
1306 3726 1513 3794 Ἄρτον
1568 3724 1885 3780 δυναστῶν

308 3819 535 3889 ἔφαγεν
553 3818 733 3888 ἀνὴρ,
763 3819 1108 3890 ἡρμήνευσεν
1164 3818 1194 3871 ὁ
1217 3817 1273 3870 δὲ
1293 3816 1609 3889 Σύμμαχος,
1633 3817 1742 3871 Καὶ
1774 3834 1885 3873 πυ-

302 3912 422 3985 ρὸν
461 3910 747 3981 οὐράνιον
788 3908 1100 3979 παρέσχεν
1138 3909 1362 3977 αὐτοῖς,
1398 3908 1579 3978 ἄρτον
1608 3909 1885 3980 μεγάλων

309 4004 541 4075 ἔφαγεν
602 4004 929 4073 ἄνθρωπος.
981 4002 1090 4056 Καὶ
1144 4003 1301 4075 τήρει
1345 4003 1495 4067 ὅπως
1536 4006 1569 4075 ἡ
1622 4003 1883 4076 Ἐϐραῖκὴ

312 4096 468 4169 φωνὴ
504 4098 566 4150 οὐ
626 4096 868 4169 περιέχει
908 4096 993 4161 τὸ,
1032 4096 1249 4165 ’Ἄρτον
1284 4094 1555 4165 ἀγγέλων
1573 4112 1587 4126 ο
1627 4095 1740 4149 ἀλλ’
1767 4096 1883 4168 ἦτοι

312 4189 457 4244 κατὰ
493 4188 584 4243 τὸν
650 4188 900 4255 ’Δκύλαν,
931 4189 1115 4257 άρτον
1141 4187 1460 4242 δυναστῶν
1477 4204 1491 4219 σ
1547 4187 1581 4258 ἢ
1612 4186 1754 4241 κατὰ
1792 4186 1884 4241 τὸν

314 4280 628 4352 Σύμμαχον,
656 4279 840 4349 ἄρτον
853 4277 1158 4350 μεγάλωνο
1190 4277 1224 4350 ἢ
1251 4278 1391 4331 κατὰ
1411 4278 1503 4331 τὸν
1534 4276 1881 4345 Θεοδοτίωνα,

312 4370 499 4440 ἄρτον
548 4370 864 4427 δυναστῶν
889 4390 906 4405 ·
954 4369 1159 4443 ἥκατὰ
1203 4369 1300 4443 τὴν
1351 4370 1609 4444 πέμπτην
1652 4370 1880 4437 ἔκδοσιν,

314 4462 500 4532 ἄρτον
523 4463 861 4519 δυναστῶν.
904 4463 1190 4534 Ἇτγέλων
1214 4463 1291 4529 δὲ,
1306 4464 1493 4528 ὀὐδεὶς
1517 4464 1881 4536 ήρμήνευσεν.

328 4554 479 4609 Ἐπεὶ
532 4555 670 4628 μηδὲ
718 4554 781 4608 τὸ
815 4555 1102 4628 Ἐὄραῖκὸν
1149 4556 1337 4611 τοῦτον
1374 4556 1486 4629 ἔχει
1518 4556 1609 4611 τὸν
1662 4555 1883 4629 τρόπον,
1915 4539 1961 4599 υ

317 4646 403 4700 ἴνα
430 4646 504 4718 μή
530 4663 614 4711 τις
663 4646 861 4719 νομίσῃ
900 4648 995 4702 καὶ
1044 4647 1145 4712 τὰς
1177 4647 1471 4717 άγγελικὰς
1509 4647 1764 4718 δυνάμεις
1797 4646 1883 4700 αἱ·-

318 4736 488 4810 σθητῇ
508 4738 742 4810 χρῆσθαι
765 4741 958 4812 τροφῇ.
983 4739 1273 4811 Μέμφεται
1303 4740 1359 4794 δὲ
1392 4741 1486 4794 καὶ
1517 4741 1546 4794 ὁ
1574 4739 1764 4810 Σωτὴρ
1796 4737 1890 4798 καὶ⁹

316 4829 521 4901 Κύριος
571 4830 727 4901 ἡμῶν
759 4832 817 4884 ὲν
850 4830 1200 4900 Εὐαγγελίοις
1247 4833 1360 4895 τοῖς
1416 4828 1746 4903 νομίζουσιν,
1805 4830 1888 4884 ὅτι

317 4920 563 4991 ἀγγέλων
600 4915 668 4991 ἦν
717 4919 891 4992 τροφὴ
944 4920 1006 4973 τὺ
1047 4920 1106 4973 ὲν
1131 4922 1199 4991 τῇ
1248 4921 1438 4992 ἐρήμῳ
1480 4916 1785 4993 χορηγηθὲν
1808 4918 1888 4990 τῷ

316 5011 429 5084 λαῷ
466 5012 641 5084 μάννα
668 5029 682 5043 °
724 5012 806 5065 διὸ
838 5011 1022 5082 ἔλεγεν
1047 5030 1057 5040 υ
1111 5010 1316 5081 Ἀμὴν,
1344 5011 1505 5082 ἀμὴν
1521 5011 1675 5083 λέγω
1699 5010 1842 5081 ὑμῖν
1867 5027 1883 5042 ·

316 5105 392 5157 οὐ
419 5101 643 5171 Μωσῆς
686 5101 945 5156 δέδωκεν
973 5101 1116 5171 ὑμῖν
1134 5101 1242 5155 τὸν
1274 5100 1455 5169 ἄρτον
1490 5103 1559 5156 ἐκ
1580 5101 1688 5156 τοῦ
1710 5103 1888 5171 οὐρα-

316 5193 428 5249 νοῦ
467 5193 576 5247 τὸν
627 5194 951 5261 ἀληθινόν·
988 5194 1090 5250 καὶ
1108 5193 1268 5247 πάλιν
1294 5209 1307 5223 ο
1354 5195 1416 5246 Ol
1453 5195 1701 5262 πατέρες
1723 5192 1890 5264 ὑμῶν

312 5284 627 5355 ἔφατονὲν
648 5282 722 5353 τῇ
752 5282 948 5354 ἐρήμῳ
972 5283 1036 5337 τὸ
1061 5282 1283 5353 μάννα,
1310 5283 1406 5336 καὶ
1438 5281 1758 5339 ἀπέθανον,
1785 5279 1891 5340 Οὗ-

312 5378 420 5445 τός
448 5376 621 5430 ἐστιν
650 5378 683 5431 d
708 5375 891 5445 ἄρτος
913 5378 949 5429 ό
970 5375 1038 5429 ἐκ
1072 5373 1176 5428 τοῦ
1207 5373 1469 5443 οὐρανοῦ
1498 5374 1887 5441 καταϐαίνων,

313 5471 419 5523 ἵνα
440 5486 530 5536 τις
551 5468 620 5533 ἐξ
640 5467 826 5522 αὐτοῦ
854 5467 1017 5537 φάγῃ
1048 5467 1147 5521 καὶ
1180 5466 1266 5536 μὴ
1290 5464 1665 5532 ἀποθνήσκῃ.
1695 5468 1759 5521 El
1790 5468 1892 5539 μὲν

315 5557 432 5627 οὖν,
462 5561 644 5632 φησὶν,
660 5560 906 5631 οὐράνιος
934 5556 1000 5631 ἦν
1032 5560 1214 5632 ἄρτος,
1248 5552 1293 5628 ᾧ
1319 5559 1694 5631 χρῆσθαιτοὺς
1726 5560 1889 5631 ἀγγέ-

389 5746 430 5777 ²¹
461 5741 564 5801 lsa.
595 5761 648 5809 ν,
677 5744 728 5799 6.

804 5747 846 5775 ²¹
876 5743 1030 5801 Joan.
1066 5762 1135 5809 v1,
1168 5745 1254 5799 52.
1332 5744 1527 5801 "ibi-.1.
1555 5742 1653 5811 49,
1678 5742 1767 5799 50.

1990 3262 2195 3319 Panem
2251 3260 2544 3331 potentium
2598 3253 2940 3310 manducavit
2994 3251 3105 3315 vir,
3167 3247 3563 3317 interpretatus

1984 3362 2102 3423 est;
2139 3350 2501 3426 Symmachus
2540 3363 2694 3413 vero,
2726 3343 2795 3399 Et
2829 3345 3151 3415 frumentum
3181 3338 3384 3393 cmleste
3423 3348 3563 3405 pra:-

1986 3449 2097 3504 buit
2116 3450 2213 3515 eis,
2243 3461 2429 3516 panem
2455 3457 2765 3515 magnarum
2794 3435 3127 3493 manducavit
3160 3433 3328 3488 homo;
3355 3428 3561 3484 Notan-

1983 3540 2113 3597 dum
2141 3549 2313 3595 auten.
2343 3534 2668 3591 Hebraicam
2703 3524 2889 3588 vocem
2914 3543 3028 3583 non
3048 3526 3249 3582 habere
3273 3520 3429 3585 illud,
3462 3535 3556 3589 pa-

1984 3651 2100 3691 nem
2148 3630 2491 3702 angelorum;
2516 3625 2617 3702 sed,
2640 3623 2761 3678 sive
2801 3618 3100 3677 secundum
3158 3613 3429 3685 Aquilam,
3462 3625 3583 3680 ρει.

1983 3742 2100 3781 nem
2119 3701 2446 3793 potentium;
2468 3717 2583 3772 sive
2609 3701 2917 3772 'secundum
2947 3707 3353 3783 Symmachum,
3373 3716 3563 3772 panem

1983 3826 2332 3884 magnorum;
2364 3809 2479 3866 sive
2525 3803 2829 3861 secundum
2876 3797 3331 3859 Tbeodotionem,
3370 3807 3561 3862 panem

1981 3905 2269 3976 potentium
2292 3899 2410 3966 ;vel
2441 3893 2745 3954 secundum
2761 3894 3006 3965 quintam
3031 3889 3346 3949 editionem,
3373 3897 3566 3953 panem

1982 3995 2287 4068 patentium.
2330 3990 2651 4063 Angelorum
2692 4001 2825 4043 vero
2853 3984 2993 4039 alius
3041 3994 3201 4036 nemo
3235 3979 3564 4047 iuterpretaa

1984 4066 2077 4145 tus
2108 4096 2212 4153 est,
2246 4085 2377 4157 quia
2418 4081 2744 4139 Hebraicum
2771 4075 3049 4146 exemplar
3095 4085 3213 4126 non
3239 4069 3319 4125 sic
3365 4066 3586 4131 babet;_

1983 4189 2045 4236 ut
2070 4195 2139 4237 ne
2166 4180 2292 4251 quis
2323 4177 2619 4234 arbitretur
2651 4171 2927 4244 angelicas
2964 4167 3127 4225 etiam
3158 4165 3390 4221 virtutes
3430 4174 3562 4215 sen-

1984 4273 2073 4328 sili
2098 4274 2177 4328 uti
2226 4271 2503 4326 alimento.
2543 4269 2600 4323 ln
2634 4263 2970 4337 Evangeliis.
2995 4268 3178 4317 autem
3207 4256 3465 4311 Servator
3505 4260 3563 4307 ct
3616 4327 3621 4333 ο

1984 4364 2251 4422 Dominus
2279 4371 2467 4420 noster
2506 4377 2602 4416 eos
2640 4357 2908 4429 coarguit;
2932 4354 3023 4429 qui
3067 4355 3320 4421 putarent
3362 4359 3563 4400 manna

1987 4460 2188 4531 populo
2239 4457 2298 4512 in
2346 4453 2642 4513 solitudine
2692 4447 3205 4507 subministratum,
3245 4439 3564 4510 angelorum

1987 4565 2109 4607 esse
2133 4550 2349 4616 cibum;
2373 4561 2545 4619 quare
2570 4543 2815 4600 dicit“:
2844 4539 3030 4602 Amen,
3062 4551 3215 4590 amen
3248 4533 3378 4589 dico
3399 4531 3563 4598 vobis,

1991 4660 2094 4699 non
2111 4641 2321 4713 Moyses
2352 4640 2496 4695 dedit
2513 4637 2653 4694 vobis
2663 4649 2850 4708 panem
2873 4629 2937 4686 de
2950 4630 3076 4685 celo
3092 4645 3277 4687 verum
3292 4643 3331 4694 ;.,
3348 4643 3413 4684 ac
3438 4640 3566 4681 rur-

1991 4749 2112 4789 sum
2147 4734 2231 4790 "z
2264 4731 2455 4787 Patres
2491 4731 2648 4785 vestri
2669 4726 3143 4784 manducaverunt'
3166 4737 3363 4779 manna
3390 4721 3443 4775 in
3470 4718 3565 4774 de-

1990 4832 2150 4889 serta,
2182 4832 2234 4878 et
2274 4822 2473 4878 mortui
2503 4830 2649 4877 sunt.
2690 4819 2790 4876 Hic
2826 4828 2905 4875 est
2946 4818 3098 4891 panis
3129 4816 3219 4889 qui
3246 4815 3311 4870 de
3330 4813 3455 4870 crela
3475 4812 3568 4867 de-

1990 4916 2213 4983 scendit,
2248 4928 2307 4972 ut
2332 4918 2524 4988 siquis
2566 4930 2631 4971 ex
2666 4915 2780 4985 ipso
2813 4911 3113 4976 manducet,
3148 4926 3252 4965 non
3281 4907 3565 4963 moriatur.

1994 5007 2052 5064 Si
2096 5010 2301 5081 itaque,
2337 5009 2432 5075 ait,
2462 5005 2705 5063 celestis
2728 5012 2887 5061 esset
2921 5003 3078 5075 panis
3105 5016 3214 5073 quo
3240 4998 3319 5055 uti
3345 4998 3566 5070 angelos

1990 5101 2291 5157 verisimile
2309 5108 2414 5161 est,
2450 5113 2792 5178 nequaquam
2819 5095 3023 5157 mortui
3046 5100 3230 5151 essent
3257 5091 3350 5163 qui
3387 5105 3453 5145 ex
3474 5087 3567 5142 illo

1993 5210 2133 5264 pane
2161 5194 2214 5248 in
2254 5193 2474 5248 deserto
2506 5197 2863 5264 gustaverant
2888 5209 2901 5244 :
2933 5196 2987 5244 at
3016 5188 3144 5260 quia
3170 5202 3271 5242 nec
3300 5179 3561 5242 caelestis,

1993 5302 2094 5341 nec
2129 5302 2253 5342 vero
2290 5286 2449 5357 panis
2474 5287 2800 5358 angelorum
2832 5290 2970 5350 erat,
3008 5283 3129 5338 ideo
3170 5274 3369 5334 mortui
3415 5278 3561 5327 sunt.

1993 5377 2094 5433 Hic
2124 5393 2250 5433 vere
2294 5379 2541 5435 cmlestis
2584 5380 2744 5450 panis
2776 5386 2881 5441 est,
2925 5376 3086 5446 cujus
3116 5367 3364 5441 quisquis
3397 5364 3568 5429 parti-

1994 5486 2127 5542 ceps
2175 5470 2375 5535 fuerit,
2427 5487 2704 5542 nunquam
2756 5469 3037 5524 morietur.
3086 5463 3218 5530 Quis
3264 5458 3353 5514 hic
3409 5453 3567 5520 partis

1994 5568 2154 5619 esset
2169 5561 2329 5618 docet
2364 5562 2455 5618 bis
2479 5563 2659 5619 verbis
2696 5580 2709 5617 :
2745 5560 2911 5616 Panis
2944 5566 3117 5612 autem
3148 5550 3243 5606 Dei
3275 5558 3353 5605 est
3385 5547 3472 5620 qui
3500 5545 3581 5602 de-
