4008 6210
405 307 511 364 929

1070 306 1339 368 EUSEBII
1372 310 1860 374 CESARIENSIS
1888 313 1989 371 OPl

2091 313 2265 372 PARS
2301 313 2388 371 Ill.
2427 345 2499 357 —
2536 309 2946 372 Εχεοετια.

405 422 535 479 calo
575 420 861 487 descendit,
891 424 984 494 qui
1010 423 1105 480 dat
1134 427 1294 481 vitam
1334 428 1532 484 mundo
1554 431 1621 486 ’⁵.
1654 429 1710 485 ld
1733 431 1862 488 item
1895 431 1989 489 de-

2091 432 2220 497 λους
2251 432 2418 498 εἰκὸς,
2448 432 2560 486 οὐδ’
2588 432 2657 487 ἂν
2687 430 2963 487 ἀπέθανον
2991 431 3038 485 οἱ
3069 431 3127 484 ἐν
3157 432 3223 502 τῇ
3260 428 3451 502 ιρήμῳ
3493 445 3654 501 μετα.

406 514 581 569 clarat
602 515 792 570 dicens
818 535 831 569 :
868 513 981 586 Ego
1007 533 1123 570 sum
1149 518 1303 587 panis
1335 522 1453 574 vitae
1476 535 1496 573 :
1528 522 1618 592 qui
1650 522 1786 576 venit
1814 522 1885 577 ad
1906 540 1987 577 me

406 621 511 659 non
531 605 745 669 esuriet,
780 615 830 659 et
848 606 938 677 qui
968 606 1132 661 credit
1154 608 1208 661 in
1233 624 1314 663 me
1335 626 1439 664 non
1464 610 1606 665 sitiet
1634 626 1862 683 unquam
1888 615 1935 646 "
1964 632 1980 681 ;

405 711 471 751 ac
503 705 727 752 rursum
762 715 777 752 :
811 696 925 768 Ego
964 715 1081 753 sum
1111 701 1264 769 panis
1312 703 1453 758 virus
1484 704 1574 774 qui
1620 701 1685 759 de
1720 705 1849 760 caelo
1895 704 1988 760 de-

403 787 603 847 scendi.
641 787 846 861 Siquis
892 791 1289 849 manducauerit
1342 810 1408 849 ex
1447 811 1582 865 pane
1608 813 1742 862 meo,
1773 798 1904 852 uiuet
1930 800 1986 852 in

408 888 658 934 aternum
681 883 747 937 ".
775 880 961 954 Itaque
976 886 1234 956 angelica:
1248 900 1468 957 quoque
1494 888 1727 945 virtutes
1758 904 1826 944 ex
1856 904 1985 960 par-

403 976 720 1047 ticipatione
759 977 919 1035 Verbi
948 981 1058 1036 vita
1110 979 1369 1036 fruuntur
1394 990 1617 1039 aeterna.
1644 983 1778 1038 Nam
1804 986 1981 1039 solum

403 1066 743 1139 unigenitum
784 1069 876 1126 Dei
912 1067 1174 1136 Verbum,
1230 1073 1573 1130 rationabilis
1618 1076 1800 1132 omnis
1848 1077 1981 1132 sub-

403 1159 622 1214 stantiae
664 1161 983 1218 alimentum
1034 1173 1142 1221 est.
1182 1164 1546 1230 Quamobrem
1590 1167 1838 1239 apposite
1880 1167 1985 1223 He-

406 1250 594 1306 bralca
625 1253 788 1309 lectio
831 1252 887 1308 in
920 1257 1172 1324 praesenti
1202 1272 1310 1311 non
1367 1256 1531 1313 habet
1582 1258 1740 1324 illud,
1787 1258 1985 1313 Panem

406 1347 715 1417 angelorum
744 1348 1080 1403 manducavit
1112 1348 1287 1404 homo.

2090 524 2312 594 σχόντες
2358 523 2522 596 ἄρτου
2543 540 2559 555 ο
2588 523 2684 577 νῦν
2724 522 2784 577 δὲ
2837 522 2959 576 insi
2983 521 3085 575 οὑκ
3119 516 3190 593 ἦν
3234 522 3505 593 οὐράνιος,
3540 521 3667 575 οὐδὲ

2086 611 2157 687 ἦν
2185 614 2398 685 ἀληθῶς
2422 616 2583 686 ἄρτος
2610 614 2877 683 ἀγγέλων,
2899 612 2989 667 διὰ
3008 611 3164 665 τοῦτο
3189 610 3474 666 ἀπέθανον.
3496 607 3669 675 Θῖιτος

2087 706 2144 760 δέ
2178 708 2327 760 ἐστιν
2356 705 2572 777 ἀληθῶς
2585 704 2835 777 οὐράνιος
2862 704 3049 775 ἄρτος,
3078 694 3186 755 οὔὸ
3213 700 3538 772 μεταλαϐὼν.
3563 702 3667 754 οὐκ

2089 796 2155 851 ἂν
2176 795 2437 853 ἀποθάνοι
2479 795 2629 850 ποτέ.
2666 796 2777 850 Kal
2796 794 2882 860 τίς
2912 788 3067 858 οὗτος
3090 790 3159 867 ἦν
3185 792 3425 848 διδάσκει
3455 793 3663 863 λέγων’

2101 893 2156 946 'O
2201 891 2314 963 γὰρ
2351 891 2528 959 ἄρτος
2558 889 2665 944 τοῦ
2714 890 2862 944 Θεοῦ
2923 889 3094 943 ἐστιν
3121 890 3156 943 ὁ
3185 888 3558 942 καταϐαίνων
3595 887 3668 939 ἐκ

2086 982 2193 1037 τοῦ
2242 980 2501 1050 οἰφανοῦ
2549 981 2648 1035 καὶ
2708 978 2862 1049 ζωὴν
2914 979 3120 1047 διδοὺς
3151 978 3232 1045 τῷ
3256 980 3493 1049 κόσμον
3520 994 3665 1050 παρ-

2098 1074 2279 1148 ίστησι
2307 1092 2366 1128 τε
2386 1073 2546 1128 αὑτὸν
2563 1072 2735 1142 λέγων
2749 1085 2764 1101 ⁶
2782 1071 2927 1142 Ἐγώ
2948 1074 3062 1142 ειμι
3086 1075 3118 1126 ὁ
3138 1071 3313 1140 ἄρτος
3339 1069 3448 1139 τῆς
3481 1068 3661 1139 ﬁuit“

2089 1170 2123 1222 ὁ
2149 1167 2470 1238 ἐρχόμενις
2504 1164 2653 1235 πρὸς
2678 1163 2757 1235 μὲ
2793 1167 2867 1219 οὺ
2896 1164 2982 1234 μὴ
3025 1161 3317 1226 πεινάσει,
3356 1163 3453 1219 και
3497 1165 3531 1216 ό
3579 1176 3670 1217 xt-

2086 1261 2321 1313 στεύων
2343 1260 2429 1325 εἰς
2459 1258 2586 1329 ἐμὲ,
2617 1259 2688 1312 οὐ
2728 1256 2815 1327 μὴ
2848 1257 3095 1327 διψήσει
3149 1255 3412 1309 πώποτε’
3448 1255 3543 1308 καὶ
3570 1247 3669 1309 αὖ-

2089 1351 2173 1415 θις
2199 1368 2215 1384 ·
2268 1350 2414 1421 Ἐγώ
2437 1354 2552 1420 εἰμι
2575 1353 2609 1404 ό
2639 1348 2818 1419 ἄρτος
2862 1353 2895 1404 ὁ
2937 1346 3049 1411 ζῶν
3077 1351 3111 1403 ὁ
3143 1348 3212 1402 ἑκ
3255 1347 3360 1401 τοῦ
3407 1344 3669 1415 οὐρανοῦ

403 1442 683 1510 καταϐάς.
723 1442 865 1499 Ἐάν
909 1463 999 1513 τις
1028 1444 1188 1515 φάγῃ
1227 1446 1298 1500 ἐκ
1329 1445 1437 1500 τοῦ
1469 1446 1616 1517 ἐμοῦ
1637 1447 1817 1515 ἄρτου
1838 1487 1854 1514 ,
1884 1446 2120 1515 ζήσεται
2146 1450 2234 1515 εὶς
2261 1447 2369 1502 τὸν
2391 1445 2595 1501 αἰῶνα.
2618 1445 2827 1501 οὕκοῦν
2851 1446 2945 1500 ual.
2967 1446 3025 1501 al
3077 1444 3362 1516 ἁγγελικαὶ
3413 1443 3667 1514 δυνάμεις

403 1538 468 1592 ἐκ
483 1540 580 1610 τῆς
605 1538 698 1594 τοῦ
732 1540 903 1609 Λόγου
933 1540 1285 1614 μεταλήψεως
1341 1540 1555 1597 αἰώνιον
1618 1542 1763 1615 ζωὴν
1818 1543 2175 1615 καρποῦνται.
2224 1542 2399 1607 Μόνος
2427 1542 2536 1614 γὰρ
2567 1543 2596 1595 ὁ
2622 1542 2914 1615 μονογενὴς
2956 1541 3052 1595 τοῦ
3080 1541 3215 1596 Θεοῦ
3273 1541 3444 1610 Λόγος
3486 1540 3665 1611 πάσης

402 1633 623 1707 λογικῆς
668 1634 853 1701 οὐσίας
903 1636 1191 1709 θρεπτικὸς
1240 1637 1515 1708 τυγχάνει.
1574 1637 1772 1707 Διόπερ
1829 1640 2073 1711 ἀκριϐῶς
2134 1640 2169 1711 ἡ
2236 1636 2499 1713 Ἑϐραῖκὴ
2552 1637 2858 1706 ἀνάγνωσις
2928 1638 2987 1691 ἐν
3026 1639 3137 1701 τοῖς
3192 1633 3567 1709 προκειμένοις
3603 1632 3666 1687 οὔ

405 1728 642 1801 περιέχει
659 1728 739 1794 τὸ,
777 1731 984 1799 Ἄρτον
1010 1730 1283 1801 ἀγγέλων
1308 1730 1531 1802 ἔφαγεν
1547 1729 1876 1800 ἄνθρωπος.

477 1845 643 1903 Vsus.
692 1846 882 1903 26-31.
923 1847 1143 1903 Cibaria
1195 1849 1341 1902 misit
1389 1849 1464 1903 eis
1518 1847 1588 1903 ad
1630 1852 1988 1905 saturitatem.
2025 1857 2064 1912 Β

407 1942 705 1999 Transtulit
730 1942 983 1998 Austrum
1005 1943 1069 1999 de
1100 1944 1249 2008 calo,
1273 1953 1323 1998 et
1346 1943 1556 1998 induxit
1594 1945 1650 1999 in
1678 1945 1869 2000 virtute
1890 1962 1989 1999 sua

405 2035 670 2103 Africum.
710 2033 779 2088 Et
804 2036 936 2103 pluit
979 2050 1136 2105 super
1176 2052 1264 2091 eos
1312 2037 1451 2091 sicut
1485 2036 1747 2106 pulverem
1779 2054 1987 2102 carnes,

407 2136 456 2180 et
487 2127 622 2182 sicut
650 2142 869 2180 arenam
892 2128 1124 2182 marium
1143 2128 1387 2184 volatilia
1411 2138 1643 2199 pennata
1669 2144 1688 2183 :
1711 2139 1761 2184 et
1788 2130 1990 2185 cecide-

406 2228 530 2272 runt
564 2219 617 2271 in
668 2216 841 2272 medio
872 2229 1172 2273 castrorum
1220 2235 1424 2282 eorum,
1466 2219 1609 2273 circa
1645 2220 1989 2273 tabernacula

403 2324 605 2362 eorum.
642 2307 711 2361 Et
748 2308 1195 2363 manducaverunt
1227 2320 1275 2364 et
1301 2310 1534 2365 saturati
1573 2320 1695 2365 sunt
1735 2310 1913 2372 nimis,
1938 2318 1988 2365 et

405 2400 724 2455 desiderium
768 2418 947 2461 eorum
983 2405 1166 2459 attulit
1208 2406 1324 2469 eis,
1376 2422 1479 2459 non
1518 2416 1641 2460 sunt
1679 2406 1924 2476 fraudati
1955 2424 1989 2461 α

406 2492 662 2550 desiderio
695 2511 811 2549 suo.
831 2495 1012 2550 Adhuc
1031 2513 1152 2551 esca
1186 2513 1365 2552 eorum
1392 2506 1507 2551 erat
1528 2500 1581 2551 in
1604 2514 1692 2553 ore
1728 2499 1986 2566 ipsorum,

407 2596 457 2640 et
494 2568 577 2640 ira
610 2584 706 2640 Dei
750 2586 985 2641 ascendit
1014 2602 1171 2656 super
1198 2603 1325 2643 eos:
1366 2596 1414 2642 et
1450 2587 1641 2642 occidit
1682 2587 1860 2657 plures
1900 2605 1988 2643 co-

408 2693 546 2740 rum,
583 2685 632 2730 et
678 2677 868 2731 electos
914 2676 1089 2732 Israel
1139 2678 1425 2748 impedivit.
1458 2677 1617 2745 Quod
1665 2693 1775 2733 non
1827 2678 1988 2733 modo

406 2787 624 2843 panem,
659 2771 758 2828 sed
784 2771 949 2829 etiam
978 2771 1268 2841 opsonium
1299 2771 1679 2843 procuraverit
1710 2770 1792 2826 eis
1830 2770 1990 2825 docet

406 2863 610 2936 Moysis
651 2863 964 2935 Scriptura,
996 2863 1055 2918 in
1090 2862 1277 2924 Exodo
1318 2862 1539 2933 quidem
1569 2864 1759 2920 dicens
1790 2865 1835 2895 ³⁷
1869 2883 1882 2919 :
1921 2858 1987 2917 Et

403 2955 651 3010 dixerunt
688 2953 897 3025 Moyses
934 2965 983 3009 et
1016 2955 1195 3009 Aaron
1226 2952 1294 3009 ad
1328 2964 1497 3010 totum
1525 2964 1719 3009 castum
1751 2954 1988 3024 ﬁliorum

408 3045 615 3102 Israel:
646 3046 861 3116 Vespere
890 3046 1065 3101 scietis
1090 3049 1228 3117 quod
1260 3046 1517 3101 Dominus
1544 3045 1782 3100 eduxerit
1815 3062 1902 3100 vos
1924 3044 1989 3100 de

409 3148 477 3191 te:
491 3154 552 3190 ra
577 3135 829 3207 Egypti;
858 3153 1011 3192 mane
1033 3146 1210 3192 autem
1236 3135 1476 3191 videbitis
1498 3137 1725 3208 gloriam
1752 3136 1984 3200 Domini,

406 3231 533 3299 quia
566 3229 769 3283 audivit
809 3245 959 3283 omne
1009 3245 1248 3283 murmur
1292 3239 1541 3283 vestrum.
1595 3227 1756 3282 Dabit
1802 3230 1990 3299 quippe

408 3322 553 3376 nobis
600 3321 853 3375 Dominus
897 3336 1099 3389 vespere
1139 3335 1322 3375 carnes
1358 3320 1427 3373 ad
1468 3319 1911 3383 manducandum,
1943 3329 1992 3374 et

414 3428 567 3467 mane
592 3426 754 3481 panes
776 3411 844 3466 ad
865 3412 1222 3466 saturitatem.
1250 3409 1442 3466 Postea
1463 3426 1593 3465 vero
1609 3410 1888 3480 subjungit
1909 3410 1953 3440 "‘
1976 3427 1989 3462 :

412 3504 481 3558 Et
504 3505 706 3573 [actum
748 3513 827 3559 est
858 3520 1082 3573 vespere,
1115 3514 1165 3558 et
1190 3502 1425 3558 ascendit
1471 3503 1736 3567 coturnix,
1776 3511 1825 3556 et
1874 3518 1995 3571 ope-

411 3598 518 3650 ruit
547 3608 728 3651 castra
757 3612 775 3650 :
799 3613 951 3650 mane
977 3612 1093 3651 vero
1133 3612 1220 3651 ros
1242 3595 1413 3666 jacuit
1442 3595 1497 3649 in
1535 3594 1757 3648 circuitu
1785 3604 1994 3648 castro-

408 3700 633 3746 rum:et
662 3706 778 3745 ecce
801 3691 859 3744 in
903 3689 1037 3761 {acie
1051 3687 1374 3751 solitudinis,
1420 3688 1589 3740 tenuis
1630 3686 1766 3740 sicut
1797 3686 1991 3754 pulvis,

408 3781 563 3836 albus
591 3782 727 3835 sicut
776 3781 970 3850 pruina
991 3794 1148 3848 super
1171 3788 1387 3833 terram.
1422 3775 1527 3832 Sed
1561 3776 1689 3847 quia
1712 3784 1900 3846 postea
1936 3775 1993 3831 in

406 3874 659 3929 Numeris
686 3874 890 3930 dictum
920 3872 1058 3928 est"
1076 3870 1372 3941 :—-Vulgus
1400 3885 1600 3941 quoque
1637 3870 1995 3937 promiscuum

408 3963 971 4035 ﬂagrauitdesidcrio;
1001 3972 1053 4018 et
1085 3962 1319 4017 sedentes
1348 3959 1546 4030 ﬂebant
1574 3960 1676 4030 ﬁlii
1715 3957 1914 4025 Israel,
1943 3971 1990 4014 et

406 4058 652 4110 dixerunt
684 4071 703 4110 :
738 4054 871 4121 Quis
891 4054 1039 4108 dabit
1068 4054 1217 4109 nobis
1249 4069 1433 4107 carnes
1452 4056 1477 4108 ι
1523 4050 1882 4107 Recordamur
1910 4053 1994 4122 pio

408 4149 580 4203 sciunt
615 4164 744 4218 quos
773 4145 1171 4201 comedebamus
1197 4146 1253 4199 in
1280 4142 1512 4215 Egypto
1540 4144 1733 4215 gratis,
1760 4154 1808 4198 et
1833 4160 1995 4198 cucu-

409 4256 575 4294 meres
596 4249 645 4293 et
673 4252 889 4308 pepones
914 4246 965 4291 et
986 4253 1173 4307 porros
1202 4245 1252 4291 et
1269 4251 1408 4305 cepe.
1436 4234 1594 4290 Nunc
1613 4244 1786 4289 autem
1811 4236 1993 4293 anima

407 4341 593 4385 nostra
619 4327 869 4398 peranda
922 4326 1127 4384 Deinde
1156 4326 1449 4399 subjicitur
1472 4327 1516 4358 ³ο
1549 4345 1563 4381 :
1595 4324 1658 4379 Et
1685 4326 1817 4381 abiit
1845 4325 1994 4398 Mog-

408 4437 490 4475 ses
520 4421 575 4474 in
599 4429 776 4474 castra
801 4420 908 4488 ipse
935 4428 984 4473 et
1006 4419 1235 4473 seniores
1258 4416 1451 4473 Israel.
1478 4416 1544 4471 Et
1571 4418 1791 4489 spiritus
1817 4435 1993 4489 egres-

2173 1849 2585 1921 Ἐπισιτισμὸν
2634 1848 2993 1903 ἀπέστειλεν
3035 1847 3241 1914 αὐτοῖς
3278 1849 3365 1913 εὶς
3400 1850 3671 1915 πλησμοι

2090 1942 2224 2009 νήν.
2297 1943 2546 2013 Ἁπῆρεν
2592 1943 2787 1997 Νότον
2810 1941 2880 2007 ἐξ
2927 1940 3209 2010 ούρανοῦ,
3239 1941 3335 1995 καὶ
3370 1938 3671 2010 ἐπήγαγεν

2087 2035 2158 2089 ἐν
2190 2034 2265 2105 τῇ
2300 2035 2551 2106 δυνάμει
2586 2033 2772 2089 αὐτοῦ
2807 2033 2978 2089 Λίϐα.
3007 2034 3119 2087 Kal
3162 2032 3403 2103 ἔϐρεξεν
3440 2032 3533 2086 ἐπ’
3558 2034 3672 2087 αὐ-

2088 2126 2230 2192 τοὺς
2258 2125 2401 2181 ὡσεὶ
2449 2126 2601 2196 χοῦν
2633 2123 2885 2193 σάρκας,
2919 2124 3018 2179 καὶ
3044 2124 3185 2179 ὡσεὶ
3224 2124 3422 2194 ἅμμον
3446 2125 3671 2179 θαλασ-

2088 2217 2217 2272 σῶν
2244 2218 2483 2273 πετεινὰ
2511 2215 2776 2286 πτερωτά
2793 2234 2807 2248 ·
2837 2219 2934 2272 καὶ
2954 2218 3252 2273 ἐπέπεσεν
3277 2217 3349 2272 ἐν
3366 2215 3535 2288 μέσῳ
3558 2216 3673 2285 τῆς

2088 2308 2467 2381 παρεμϐολῆς
2499 2307 2716 2373 αὐτῶν,
2748 2310 2952 2377 κύκλῳ
2980 2310 3101 2364 τῶν
3129 2308 3535 2380 σκηνωμάτων
3567 2312 3671 2365 αὑ-

2089 2402 2225 2459 τῶν.
2251 2404 2362 2458 Καὶ
2380 2403 2607 2473 ἔφαγον
2637 2402 2736 2457 καὶ
2765 2402 3241 2471 ἐνεπλήσθησαν
3278 2402 3534 2472 σφόδρα,
3574 2404 3672 2457 καὶ

2089 2497 2204 2564 τὴν
2228 2496 2546 2566 ἐπιθυμίαν
2588 2494 2788 2550 αὐτῶν
2824 2495 3078 2565 ἤνεγκεν
3110 2494 3335 2562 αὐτοῖς,
3365 2499 3477 2551 οὐκ
3505 2496 3671 2551 ἐστε-

2080 2585 2366 2655 ρήθησαν
2430 2584 2550 2641 ἀπὸ
2604 2584 2714 2654 τῆς
2765 2585 3082 2655 ἐπιθυμίας
3124 2583 3345 2639 αὐτῶν.
3389 2586 3511 2639 Ἔτι
3559 2583 3670 2654 τῆς

2083 2679 2366 2747 βρώσεως
2392 2679 2584 2746 οὔσης
2609 2678 2679 2731 ἐν
2704 2674 2785 2742 τῷ
2815 2677 3065 2746 στόματι
3089 2673 3285 2730 αὐτῶν
3314 2675 3413 2730 καὶ
3440 2678 3478 2745 ἠ
3522 2677 3668 2747 ὁρτὴ

2087 2772 2195 2827 τοῦ
2249 2770 2398 2827 Θεοῦ
2455 2770 2640 2839 ἀνέϐη
2684 2770 2779 2824 ἐπ’
2821 2770 3073 2837 αὐτούς·
3101 2768 3196 2823 καὶ
3222 2769 3577 2824 ἀπέκτεινεν
3600 2769 3672 2825 ἐν

2089 2863 2215 2931 τοῖς
2262 2863 2545 2919 πλείοσιν
2606 2861 2826 2926 αὐτῶν,
2864 2861 2964 2915 καὶ
3004 2860 3146 2928 τοὺς
3199 2860 3519 2927 ἐκλεκτοὺς
3562 2861 3670 2915 τοῦ

2104 2957 2353 3027 Ἰσραὴλ
2386 2956 2814 3011 συνεπόδισεν.
2852 2955 2975 3008 Ὅτι
3009 2954 3085 3027 μὴ
3118 2954 3275 3026 μόνου
3321 2956 3510 3025 ἄρτου,
3535 2953 3672 3008 ἀλλὰ

2089 3052 2185 3106 καὶ
2210 3051 2340 3122 ὄψου
2362 3050 2689 3124 προενόησεν
2722 3050 2925 3114 αὐτοῖς,
2956 3049 3196 3104 διδάσκει
3211 3050 3302 3103 καὶ
3339 3052 3373 3119 ἡ
3429 3050 3672 3114 Μωσέως

2091 3144 2374 3216 Γραφὴ,ὲν
2403 3143 2498 3214 μὲν
2526 3142 2720 3213 Ἐξόδῳ
2747 3142 2999 3211 λέγουσαο
3037 3141 3149 3196 Kal
3183 3137 3313 3195 εἷπε
3325 3138 3546 3209 Μωσῆς
3570 3143 3670 3199 καὶ

2107 3234 2323 3305 Ἀαρὼν
2349 3235 2491 3303 πρὸς
2548 3234 2755 3289 πᾶσαν
2784 3233 3147 3306 συναγωγὴν
3200 3232 3346 3289 υἱῶν
3398 3234 3664 3303 Ἰσραήλ’

2105 3325 2401 3396 Ἑσπέραν
2441 3324 2765 3396 γνώσεσθε,
2800 3325 2890 3379 ὅτι
2926 3326 3141 3394 Κύριος
3192 3324 3487 3394 ἐξήγαγεν
3512 3322 3669 3394 ὑμᾶς

2092 3419 2161 3473 ἐκ
2192 3417 2299 3489 γῆς
2323 3419 2657 3489 Αἰγύπτουο
2683 3418 2833 3487 πρωῒ
2856 3417 2924 3472 δέ
2947 3417 3173 3488 ὄψεσθε
3204 3416 3317 3486 τὴν
3338 3416 3527 3481 δόξαν
3557 3419 3673 3470 Κυ-

2084 3511 2244 3580 ρίου,
2267 3514 2337 3566 ἐν
2363 3510 2443 3577 τῷ
2471 3510 2827 3565 εἰσακοῦσαι
2863 3510 3051 3565 αὐτὸν
3076 3508 3273 3564 πάντα
3319 3509 3428 3564 τὸν
3468 3527 3671 3578 γογγυ-

2093 3602 2251 3673 σμύν
2276 3602 2465 3674 ὑμῶν,
2488 3604 2559 3657 ἐν
2581 3601 2661 3669 τῷ
2685 3602 2915 3657 διδόναι
2943 3600 3049 3656 τὸν
3082 3603 3303 3670 Κύριον
3324 3600 3460 3671 ὑμῖν
3483 3597 3666 3654 ἐσπέ-

2086 3712 2202 3765 ρας
2231 3694 2376 3765 κρέα
2409 3694 2641 3764 φαγεῖν.
2698 3693 2797 3747 καὶ
2843 3692 3063 3763 ἄρτους
3112 3692 3176 3746 τὸ
3201 3691 3353 3761 πρωῒ
3391 3692 3472 3754 εὶς
3508 3692 3669 3756 πλη-

2094 3789 2352 3861 σμονήν.
2368 3788 2476 3842 Καὶ
2498 3786 2738 3856 ἐπιλέγει
2755 3786 2899 3857 ἑξῆς
2930 3785 3038 3839 Καὶ
3059 3784 3295 3856 ἐγένετο
3322 3782 3672 3851 ἑσπέρα,κώ

2092 3880 2274 3950 ἀνέϐη
2300 3878 2723 3949 ὀρτυγομήτρα,
2739 3879 2837 3933 καὶ
2850 3877 3119 3946 ἐκάλυψε
3137 3875 3253 3945 τὴν
3266 3874 3670 3945 παρεμϐολήν·

2093 3970 2161 4025 τὸ
2184 3972 2333 4040 πρωῒ
2343 3969 2412 4023 δέ
2429 3968 2666 4040 ἐγένετο
2682 3968 3175 4038 καταπαυομέιης
3191 3965 3298 4035 τῆς
3320 3967 3544 4035 δρόσου
3567 3966 3674 4021 κύ-

2095 4068 2220 4133 κλφ
2237 4063 2348 4133 τῆς
2379 4061 2783 4133 παρεμϐολῆς·
2822 4064 2919 4116 καὶ
2948 4062 3185 4117 ιδοὺέπὶ
3209 4060 3535 4130 προσώπου
3564 4059 3674 4131 τῆς

2093 4156 2336 4225 ἐρήμου,
2364 4154 2594 4209 λεπτὸν
2618 4154 2759 4208 ὡσεὶ
2792 4155 3018 4215 minor.
3057 4152 3282 4209 λευκὸν
3309 4154 3451 4207 ὡσεὶ
3482 4152 3675 4223 πάππος

2094 4249 2193 4303 ἐπὶ
2221 4247 2330 4316 τῆς
2384 4247 2519 4317 τῆς.
2566 4247 2704 4301 Ἀλλ’
2733 4248 2920 4321 ἐπειδὴ
2962 4247 3103 4320 μετὰ
3144 4247 3315 4302 ταῦτα
3348 4246 3563 4321 εἴρηται
3616 4249 3675 4300 ἐν

2108 4340 2259 4414 Ἀριο
2268 4342 2595 4412 patrm-Kal
2613 4346 2644 4396 ό
2658 4342 2758 4396 ἐπί
2755 4358 2964 4411 μικτος
2987 4341 3055 4395 ἐν
3077 4339 3281 4407 αὐτοῖς
3295 4340 3673 4408 ἐπεθύμησεν

2094 4429 2430 4499 ἐπιθυμίαν,
2463 4430 2559 4484 καὶ
2574 4432 2931 4498 καθίσαντες
2957 4431 3182 4485 ἔκλαον
3209 4436 3261 4485 oi
3278 4431 3387 4485 vlol
3406 4428 3674 4498 Ἰσραὴλ,

410 4530 511 4568 sus.
530 4523 609 4569 est
655 4531 689 4568 a
724 4512 974 4578 Domino,
1005 4520 1055 4567 et
1101 4512 1278 4566 emisit
1314 4512 1634 4566 coturnicem
1672 4529 1703 4566 a
1751 4513 1907 4577 mari,
1939 4518 1989 4565 et

2096 4521 2193 4576 καὶ
2216 4518 2414 4587 εἶπαν,
2452 4523 2546 4589 Τίς
2578 4525 2835 4594 ψωμίσει
2863 4523 3007 4594 ’ἡμῖν
3029 4522 3210 4592 κρέα;
3256 4521 3673 4593 Ἐμνήσθημῦ

406 4607 589 4675 injecit
618 4607 675 4661 in
703 4614 885 4660 castra
913 4605 1099 4659 itinere
1124 4602 1414 4659 unius'diei
1450 4605 1504 4658 in
1527 4605 1751 4659 circuitu
1780 4615 1987 4660 castro-

408 4715 548 4760 rum.
579 4699 733 4768 quasi
764 4696 969 4752 duobus
1008 4696 1196 4751 cubitis
1226 4712 1384 4766 super
1413 4707 1631 4753 terram.
1657 4696 1725 4751 Et
1768 4715 1987 4769 surgens

406 4790 628 4860 populus
650 4798 759 4843 toto
783 4788 868 4841 die
893 4788 988 4843 illo
1010 4797 1061 4843 et
1086 4800 1254 4851 nocte,
1277 4806 1550 4861 congrege
1568 4790 1607 4843 it
1635 4791 1989 4861 unusquisque

407 4879 545 4951 quod
573 4879 855 4949 sufﬁciebat
885 4895 905 4933 :
939 4879 1028 4949 qui
1076 4879 1321 4941 multum,
1367 4897 1470 4933 non
1498 4879 1985 4949 superabundavit;

404 4981 456 5025 et
474 4971 564 5039 qui
592 4985 803 5038 parum,
820 4987 924 5023 non
950 4970 1195 5041 indiguit.
1213 4972 1317 5039 Qui
1348 4988 1558 5042 parum,
1577 4972 1781 5043 collegit
1808 4972 1984 5027 decem

407 5079 579 5118 caros.
605 5061 672 5115 Et
695 5063 906 5116 siccata:
938 5073 1059 5118 sunt
1086 5064 1140 5117 in
1157 5065 1294 5119 vasis
1331 5065 1381 5117 in
1414 5065 1637 5118 circuitu
1663 5076 1981 5130 castrorum,

406 5172 524 5225 qua:
553 5154 774 5209 aderant
807 5171 1012 5219 carnes,
1066 5166 1340 5227 antequam
1369 5158 1671 5228 deﬁcerent.
1697 5158 1764 5211 Et
1812 5160 1983 5215 iratus

405 5251 486 5297 est
518 5241 819 5297 Dominus:
848 5253 898 5297 et
948 5254 1187 5298 uocatum
1224 5255 1302 5300 est
1341 5262 1526 5302 nomen
1558 5248 1659 5304 loci
1691 5248 1857 5314 illius,
1890 5248 1987 5305 Se-

404 5335 594 5404 pulcra
633 5336 1087 5405 concupiscentiae,
1110 5338 1236 5407 quia
1273 5338 1350 5392 ibi
1393 5342 1704 5409 sepelierunt
1733 5343 1984 5412 populant

405 5431 494 5498 qui
539 5431 902 5499 concupiverat
918 5442 1317 5500 ;—opportuue
1343 5432 1790 5503 igiturclausula,
1819 5451 1983 5506 quam

408 5530 732 5584 tractamus,
765 5523 879 5579 haec
911 5521 1069 5579 docet
1092 5522 1178 5579 his
1214 5526 1397 5581 verbis
1430 5544 1441 5579 :
1479 5526 1699 5581 Cibaria
1729 5529 1876 5582 misit
1907 5529 1983 5582 eis

408 5613 478 5666 ad
506 5618 865 5681 saturitatem,
890 5625 946 5673 et
971 5628 1187 5674 caetera.
1221 5616 1391 5675 Docet
1411 5628 1593 5675 autem
1620 5621 1857 5675 volatilia
1891 5622 1983 5676 illa

480 5731 922 5812 ῗῖιςιτιιιςγεεδδ.
999 5739 1304 5796 "ibid.35.
1410 5742 1456 5774 η
1480 5739 1611 5797 ibid.
1642 5738 1839 5810 51,52.

411 5802 454 5834 ⁹⁶
485 5802 615 5859 ibid.
641 5804 728 5864 30.
759 5806 848 5863 54.

1952 5743 1995 5773 ³⁷
2018 5742 2190 5800 Exod.
2222 5759 2333 5811 ινι,
2374 5742 2492 5801 6-8.

2092 4610 2235 4677 τοὺς
2264 4613 2492 4680 ἰχθύας,
2541 4611 2648 4678 οὓς
2684 4612 2976 4681 ἠσθίομεν
3007 4612 3077 4666 ἐν
3107 4613 3382 4681 Αἰγύπτῳ
3422 4610 3672 4679 δωρεὰν,

2091 4703 2191 4756 καὶ
2220 4702 2362 4769 τοὺς
2385 4703 2657 4770 σικυοὺς,
2674 4704 2771 4758 καὶ
2802 4703 2943 4770 τοὺς
2982 4702 3271 4770 πέπονας,
3293 4703 3391 4757 καὶ
3422 4703 3494 4757 τὰ
3527 4702 3673 4770 πρά-

2091 4809 2194 4860 σα,
2224 4795 2322 4849 καὶ
2352 4798 2424 4849 τὰ
2445 4796 2691 4865 κρόμυα.
2708 4796 2860 4851 Νυνὶ
2882 4795 2950 4850 δέ
2976 4798 3013 4865 ἡ
3031 4795 3202 4865 ψυχὴ
3234 4795 3403 4865 ἡμῶν
3416 4794 3673 4863 κατάξῃ·

2082 4905 2210 4956 ρος.
2239 4883 2371 4940 Εἶτα
2389 4887 2696 4957 ὲπιλέγεται
2730 4890 2881 4961 ἐξῆςο
2914 4891 3026 4944 Kal
3057 4888 3291 4959 ἀπῆλθε
3312 4886 3537 4955 Μωσῆς
3582 4890 3674 4954 εὶς

2092 4981 2205 5049 τὴν
2233 4981 2638 5050 παρεμϐολὴν,
2676 4982 2859 5049 αὐτὸς
2896 4983 2995 5037 καὶ
3044 4986 3100 5037 ol
3145 4983 3532 5051 πρεσϐύτεροι
3562 4979 3675 5036 τοῦ

2103 5074 2268 5141 ἰσρα
2275 5072 2370 5140 ml.
2389 5073 2497 5128 Kal
2511 5076 2744 5144 πνεῦμα
2770 5075 2989 5144 ἐξῆλθε
3000 5075 3158 5146 παρὰ
3173 5078 3416 5145 Κυρίου,
3433 5075 3534 5131 καὶ
3546 5076 3675 5141 ἐξέ-

2092 5166 2315 5232 ϐρασεν
2330 5165 2772 5236 ὀρτυγομήτραν
2785 5167 2902 5221 ἀπὸ
2921 5166 3029 5236 τῆς
3047 5166 3386 5235 θαλάσσης,
3421 5166 3520 5221 καὶ
3534 5166 3673 5220 ἐπέ-

2092 5256 2276 5309 ϐαλεν
2301 5256 2399 5309 ἐπὶ
2422 5256 2537 5325 τὴν
2556 5258 2941 5327 παρεμϐολὴν
2952 5258 3095 5313 ὁδὸν
3124 5258 3371 5329 ἡμέρας,
3390 5259 3674 5314 ἐντεῦθεν

2091 5348 2296 5412 κύκλῳ
2325 5346 2433 5417 τῆς
2460 5350 2839 5420 παρεμϐολῆς
2856 5350 2999 5406 ὡσεί
3013 5350 3239 5419 δίπηχυ
3267 5352 3383 5406 ἀπὸ
3400 5349 3513 5419 τῆς
3533 5350 3667 5422 γῆς.

2092 5438 2200 5492 Kal
2225 5439 2494 5507 ἀναστὰς
2516 5443 2549 5495 ό
2567 5440 2713 5507 λαὸς
2748 5442 2903 5510 ὅλην
2918 5440 3034 5510 τὴν
3051 5442 3279 5511 ἡμέραν
3310 5442 3551 5509 ἐκείνην
3569 5442 3671 5496 καὶ

2092 5529 2245 5595 ὅλην
2268 5530 2382 5599 τὴν
2406 5533 2618 5599 νύκτα,
2656 5533 2755 5587 καὶ
2797 5532 3145 5605 συνήγαγεν
3175 5534 3435 5602 ἕκαστος
3467 5536 3532 5588 τὸ
3562 5535 3670 5603 dp-

2091 5623 2269 5677 κοῦνσ
2304 5627 2338 5679 ό
2367 5623 2434 5678 τὸ
2460 5626 2616 5689 πολὺ
2644 5627 2753 5679 οὐκ
2783 5625 3143 5690 ἐπλεόνασε,
3172 5627 3268 5680 καθ
3302 5630 3335 5681 ὁ
3367 5627 3430 5679 τὸ
3460 5627 3673 5696 ὀλίγον

2598 5742 2819 5814 “ibid,
2855 5743 2941 5809 i3,
2982 5744 3137 5800 ll-G.
3250 5743 3477 5801 “Nutu.
3506 5760 3585 5810 xi,
3609 5745 3663 5801 ι.
