3996 6210
190 306 303 391 tui

1314 333 1454 392 COM
1462 331 1822 390 MENTARIA
1858 327 1929 387 IN
1968 325 2307 390 PSALMOS.

189 455 313 510 οὐκ
333 451 752 522 ἠλαττόνησεν
765 466 781 483 ο
807 453 841 506 ό
855 450 925 506 τὸ
953 452 1491 525 όλίγον,συνήτατε
1512 455 1658 510 δέκα
1680 455 1782 509 κό-

1884 462 2043 508 vento
2057 451 2310 522 impulsa,
2329 446 2580 517 injcastra
2594 444 2763 502 fuisse
2775 444 2974 502 delata.
2992 439 3304 500 Secundum
3314 440 3470 514 Synt-

188 565 364 620 ρους.
425 550 533 602 Kal
585 547 818 617 ἔψυξεν
846 547 918 601 ἐν
943 548 1069 615 τοῖς
1096 548 1402 618 ψυκτῆρσι
1434 549 1640 612 κύκλῳ
1673 547 1785 617 τῆς

195 637 586 710 παρεμϐολῆς
628 637 700 693 τὰ
724 637 867 708 κρέα
905 635 988 711 ἦν
1020 639 1152 708 πρὶν
1188 639 1231 708 ἢ
1255 639 1526 694 ἐκλιπεῖν
1553 637 1651 711 (1).
1675 638 1786 693 Kal

199 731 470 802 ὠργίσθη
500 730 737 799 Κύριος.
768 730 875 783 Kal
903 728 1129 799 ἐκλήθη
1162 727 1230 783 τὸ
1258 729 1442 800 ὄνομα
1476 729 1583 784 τοῦ
1600 728 1786 785 τόπου

192 825 460 889 ἐκείνου,
491 823 785 893 Μνήματα
803 824 1136 893 ἐπιθυμίας,
1165 821 1642 891 ὅτιὲκεῒωαψαν
1679 821 1788 876 τὸν

192 916 356 971 λαὸν
380 916 488 969 τίν
515 912 1204 985 ἐπιθυμητήν-εἰκότως
1233 908 1327 968 οὖν
1342 914 1438 969 καὶ
1465 916 1499 986 ἡ
1524 912 1662 986 μετὰ
1686 916 1790 985 χεῖ-

201 1023 305 1079 ρας
355 1006 631 1079 περικοπὴ
701 1005 940 1061 διδάσκει
997 1005 1170 1059 ταῦτα
1235 1004 1469 1075 λέγουσα
1488 1022 1502 1037 ·
1572 1005 1791 1069 Ἐπισι-

196 1098 417 1169 τισμόν
440 1097 803 1155 ἀπέστειλεν
834 1098 1039 1166 αὐτοῖς
1060 1099 1147 1165 εὶς
1178 1096 1574 1168 πλησμονὴν,
1607 1097 1791 1152 καὶτὰ

197 1191 348 1262 ἑξῆς.
408 1190 769 1255 Διδάσκειοδέ,
801 1191 877 1255 ὡς
903 1191 1012 1264 ἄρα
1056 1191 1146 1245 ὑπ’
1177 1190 1396 1263 ἀνέμων
1452 1192 1789 1264 ἐλαυνόμενα

197 1280 266 1335 τά
298 1282 479 1355 πτηνά
514 1280 845 1354 κατεφέρετο
870 1282 950 1346 εἰς
969 1281 1069 1354 τὴν
1097 1281 1470 1355 παρεμϐολήν.
1501 1284 1614 1337 Καὶ
1647 1283 1788 1338 κατὰ

198 1372 290 1427 τὸν
316 1373 612 1446 Σύμμαχον
644 1374 703 1429 δὲ
745 1373 990 1447 εἴρηται·
1028 1375 1133 1441 ὐς
1175 1371 1326 1445 ἦρεν
1351 1371 1552 1443 Εὗρον
1590 1375 1662 1441 ἐξ
1691 1377 1792 1432 οὑ-

192 1466 406 1535 ρανοῦ,
434 1466 532 1520 καὶ
559 1465 860 1538 ἐπήγαγεν
887 1466 960 1520 ἐν
995 1464 1070 1536 τῇ
1106 1467 1435 1534 δυναστείᾳ
1472 1468 1659 1523 αὑτοῦ
1686 1468 1794 1523 Νό-

199 1576 327 1623 τον,
362 1559 508 1614 ὡσεὶ
532 1559 728 1629 ἄμμον
742 1561 1073 1617 θαλασσῶν
1095 1559 1337 1615 πετεινὰ
1365 1561 1649 1630 πτερωτά.
1678 1561 1791 1617 Καὶ

197 1650 495 1704 ἐπέϐαλεν
512 1649 693 1706 ἔνδον
714 1652 802 1717 είς
819 1649 935 1719 τὴν
961 1649 1351 1720 παρεμϐολὴν
1362 1649 1562 1706 αὐτῶν
1587 1652 1792 1719 κύκλῳ

199 1741 320 1796 τῶν
344 1741 607 1811 σκηνῶν.
642 1744 754 1798 Kal
778 1742 1096 1812 φαγόντες,
1130 1742 1606 1811 ἐνεπλήσθησαν
1634 1744 1790 1811 apd-

198 1833 311 1901 δρα
333 1850 347 1863 ο
372 1833 476 1887 καὶ
524 1832 640 1902 τὴν
668 1834 988 1903 ἐπιθυμίαν
1022 1832 1223 1888 αὐτῶν
1265 1833 1521 1905 ἤνεγκεν
1563 1833 1788 1901 αὐτοῖς,

1886 545 2141 599 machum
2154 556 2284 598 vero
2298 540 2502 595 dicitur
2530 557 2543 594 :
2559 537 2665 605 Qui
2692 537 2814 593 tulit
2835 534 3038 591 Eurum
3056 534 3121 590 de
3135 535 3285 597 coelo,
3311 545 3361 588 et
3383 535 3469 588 in-

1884 635 2038 690 duxit
2084 636 2142 688 in
2171 633 2362 689 virtute
2408 648 2507 686 sua
2551 629 2777 695 Notum,
2812 629 2968 700 quasi
2991 644 3206 683 arenam
3240 629 3467 681 marium

1885 728 2125 786 volatilia
2165 737 2417 798 pennata.
2455 726 2524 781 Et
2554 726 2729 795 injecit
2776 724 2917 794 intus
2946 723 3002 777 in
3031 732 3214 784 castra
3262 737 3463 787 eorum,

1884 824 1941 878 in
1970 822 2193 877 circuitu
2230 820 2711 876 tabernaculorum.
2738 815 2806 871 Et
2828 815 3206 871 manducantes
3236 817 3467 870 saturati

1885 923 2008 969 sunt
2028 911 2180 969 valde
2206 927 2225 966 :
2248 922 2299 968 et
2320 909 2793 981 concupiscentiam
2820 924 3002 963 eorum
3029 906 3210 961 attulit
3234 906 3332 971 eis,
3362 922 3466 960 non

1886 1006 2198 1083 abstiterunt
2239 1022 2273 1059 a
2326 1003 2747 1074 concupiscentia
2793 1018 2913 1057 sua.
2947 999 3081 1058 Cum
3131 1000 3303 1055 adhuc
3344 1016 3468 1056 esca

1886 1117 2066 1156 eorum
2086 1107 2221 1155 esset
2252 1115 2305 1152 ιιι
2336 1096 2576 1153 dentibus
2608 1112 2812 1162 eorum,
2835 1096 2919 1149 ira
2952 1094 3119 1166 igitur
3147 1093 3244 1149 Dei
3272 1093 3468 1148 invasit

1885 1192 2030 1260 illos,
2062 1200 2111 1247 et
2143 1189 2337 1245 occidit
2365 1190 2665 1259 pinguiores
2693 1203 2895 1252 eorum,
2919 1196 2968 1240 et
2981 1184 3223 1255 juniores
3247 1183 3466 1240 lsraelis

1886 1285 2195 1354 prostravit.
2227 1282 2353 1338 Haec
2374 1298 2538 1353 porro
2560 1283 2685 1353 jure
2714 1282 2866 1354 passi
2887 1287 3037 1335 sunt.
3067 1277 3204 1333 Nam
3237 1279 3328 1334 ille
3352 1279 3469 1350 qui-

1889 1377 2011 1433 dem
2045 1376 2113 1431 ad
2140 1376 2392 1448 potentia:
2421 1390 2535 1433 suae
2561 1375 2826 1431 indicium
2855 1370 3180 1428 mirabiliter
3211 1371 3301 1426 illa
3337 1386 3469 1442 sup-

1888 1467 2188 1538 peditavit:
2210 1466 2314 1536 ipsi
2339 1482 2468 1522 vero
2487 1465 2829 1522 insaturabili
2853 1466 3103 1522 carnium
3130 1463 3468 1519 comestione

1891 1560 1998 1625 usi,
2037 1561 2423 1617 intestinorum
2461 1560 2654 1614 morbo
2687 1560 3000 1631 perierunt:
3037 1558 3241 1630 ingenti
3295 1555 3466 1611 mira-

1889 1656 2016 1710 culo
2049 1668 2160 1709 non
2206 1653 2450 1707 animum
2505 1651 2850 1713 adhibentes.
2892 1666 2994 1706 nec
3049 1647 3279 1721 gloriam
3331 1648 3467 1702 tanti

1889 1742 2124 1814 prodigii
2174 1743 2385 1798 auctori
2426 1741 2766 1809 referentes;
2798 1742 2895 1798 sed
2940 1742 3039 1796 toti
3069 1739 3330 1796 carnibus
3374 1738 3469 1794 de-

1894 1834 2018 1899 diti,
2042 1850 2199 1890 suam
2228 1834 2331 1890 sibi
2361 1834 2656 1906 perniciem
2686 1841 3074 1905 procurarunt.
3140 1862 3143 1867 ~

200 1928 313 1981 οῠκ
351 1924 715 1995 ἀπέστησαν
767 1925 878 1996 τῆς
925 1927 1242 1997 ἐπιθυμίας
1266 1927 1488 1984 αὐτῶν.
1528 1929 1650 1982 Ἔτι
1674 1927 1787 1997 τῆς
1816 1928 2102 1997 ,βρώσεως
2160 1927 2359 1982 αὐτῶν
2402 1928 2598 1998 οὔσης
2630 1928 2700 1982 ὲν
2743 1928 2869 1995 τοῖς
2936 1928 3188 1984 ὀδοῦσιν
3247 1928 3466 1992 αὐτῶν,

199 2023 349 2093 ὀργὴ
402 2019 515 2079 οὖν
564 2023 713 2079 Θεοῦ
766 2023 1032 2093 ἐπῆλθεν
1076 2024 1299 2092 αὐτοῖς,
1341 2024 1440 2081 καὶ
1472 2024 1787 2081 ἀπέκτεινε
1819 2025 1964 2092 τοὺς
2018 2025 2461 2094 λιπαρωτέρους
2502 2024 2703 2081 αὐτῶν
2734 2026 2832 2080 καὶ
2900 2024 3043 2092 τοὺς
3103 2027 3470 2092 νεανίσκους·

198 2116 311 2173 τοῦ
350 2116 584 2185 Ἰσραὴλ
621 2116 882 2172 ὤκλασε.
918 2117 1027 2171 Καὶ
1053 2116 1208 2172 ταῦτ’
1232 2116 1470 2189 ἔπασχον
1536 2118 1773 2188 εὐλόγως
1795 2134 1809 2149 ⁸
1849 2118 1878 2167 δ
1913 2120 2011 2190 μὲν
2057 2118 2164 2191 γὰρ
2207 2118 2390 2182 αὐτοῖς
2433 2119 2513 2182 εἰς
2551 2117 2772 2182 ἔνδειξιν
2818 2117 2916 2190 τῆς
2958 2116 3123 2172 αὑτοῦ
3187 2115 3469 2188 δυνάμεως

199 2208 518 2283 παραδόξως
543 2212 637 2264 καὶ
661 2209 834 2265 ταῦτα
852 2214 1143 2284 παρεῖχενο
1209 2214 1258 2265 οἰ
1324 2212 1381 2266 δὲ
1446 2214 1707 2285 ἀπλήστῳ
1769 2212 2042 2285 χρώμενοι
2084 2215 2151 2284 τῇ
2200 2212 2542 2285 κρεωφαγία,
2580 2211 2846 2283 χολερικῷ
2885 2210 3047 2266 πάθει
3080 2209 3468 2280 διεφθείροντο,

202 2306 276 2379 μὴ
316 2308 675 2380 προσέχοντες
720 2309 818 2380 μὲν
876 2309 955 2381 τῷ
1011 2308 1104 2363 τοῦ
1162 2309 1466 2381 παραδόξου
1508 2310 1765 2382 θαύματι,
1846 2311 1981 2383 μηδέ
2035 2307 2348 2374 δοξάζοντες
2425 2308 2517 2363 τὸν
2569 2306 2997 2376 παραδοξοποιόν
3021 2323 3036 2337 ·
3093 2305 3203 2360 ὅλοι
3253 2305 3311 2360 δὲ
3359 2303 3470 2361 τῶν

199 2403 418 2476 σαρκῶν
449 2403 781 2475 γιγνόμενοι,
813 2403 896 2458 διὸ
928 2405 1023 2458 καὶ
1050 2405 1367 2459 ἐπεσπῶντο
1406 2407 1619 2468 ἑαυτοῖς
1650 2403 1889 2475 ὄλεθρον.

280 2524 379 2576 Ἐν
419 2520 569 2577 πᾶσι
621 2523 854 2590 τούτοις
905 2522 1173 2594 ἥμαρτον
1225 2524 1334 2590 tu,
1375 2509 1472 2579 καί
1512 2529 1623 2582 οὐκ
1652 2528 1780 2582 ἐπί-

1953 2521 2122 2580 Vens.
2154 2522 2246 2589 52,
2272 2524 2363 2580 53.
2395 2510 2485 2577 In‘
2508 2521 2748 2577 omnibus
2778 2522 2859 2576 liis
2895 2528 3237 2591 peccaverunt
3273 2517 3466 2582 adhuc,

195 2622 471 2663 στευσαν
496 2608 568 2662 ἐν
585 2609 705 2676 τοῖς
732 2611 1085 2679 θαυμασίοις
1113 2611 1319 2667 αὐτοῦ.
1350 2613 1459 2667 Kal
1495 2614 1783 2679 ἐξέλιπον

196 2703 266 2756 ὲν
281 2703 634 2772 ματαιότητι
652 2706 709 2756 al
735 2701 944 2772 ἡμέραι
973 2703 1172 2758 αὐτῶν
1196 2705 1292 2758 καὶ
1324 2703 1396 2758 τὰ
1445 2706 1552 2777 ἔτη
1584 2707 1782 2763 αὐτῶν

197 2799 344 2866 μετά
373 2792 675 2863 σπουδῆς.
718 2795 1061 2865 Ἐλεγκτικὸς
1102 2795 1177 2850 ὢν
1222 2797 1316 2850 καὶ
1350 2800 1781 2872 κατηγορητικὺς

200 2889 297 2959 τῆς
334 2884 604 2939 Ἰουδαίων
629 2885 928 2959 μοχθηρίας
950 2885 978 2937 ὁ
1007 2887 1182 2956 λόγος,
1213 2887 1616 2960 καταρίθμησιν
1639 2891 1783 2943 ποιεῖ

200 2976 290 3031 καὶ
316 2976 432 3030 τῶν
462 2975 1008 3049 πεπλημμελημένων
1034 2977 1238 3042 αὐτοῖς,
1279 2978 1577 3049 παριστῶν,
1607 2981 1688 3034 δτι
1707 2979 1782 3053 μὴ

202 3070 380 3141 μάτην
409 3068 605 3132 αὐτοὺς
617 3070 683 3121 τὰ
702 3070 799 3140 τῆς
830 3069 997 3141 ὀργῆς
1010 3068 1101 3123 τοῦ
1118 3069 1253 3124 Θεοῦ
1273 3070 1557 3143 μετῆλθεν.
1583 3072 1686 3127 Kal
1716 3073 1781 3145 δὴ

195 3158 460 3221 διδάσκει,
492 3158 567 3221 ὡς
597 3159 689 3212 καὶ
727 3158 862 3231 μετά
890 3159 956 3213 τὰ
970 3159 1331 3232 προλεχθέντα
1362 3162 1562 3231 πάντα,
1597 3163 1784 3232 αῦξον-

195 3267 287 3315 τες
318 3249 527 3304 ἑαυτῶν
561 3251 628 3304 τὰ
657 3252 820 3315 κακὰ,
842 3252 1088 3324 ἥμαρτον
1116 3252 1223 3307 ἔτι·
1260 3254 1354 3308 καὶ
1378 3255 1784 3329 ἥμαρτον,ὲπεὶ

196 3344 297 3397 οὐκ
342 3343 668 3398 ἐπίστευσαν
698 3347 810 3408 τοῖς
838 3344 1163 3416 θαυμασίοις
1192 3346 1380 3404 αὐτοῦ.
1409 3348 1644 3403 Τοιαῦτα
1673 3350 1784 3421 γάρ

196 3435 494 3506 ὀφθαλμοῖς
533 3434 786 3506 δρῶντες,
811 3436 1068 3491 ἐνικῶντο
1088 3437 1191 3491 ὑπὸ
1210 3437 1312 3508 τῆς
1346 3438 1640 3512 ἐπιθυμίας
1683 3441 1780 3512 (ἓ).

200 3522 357 3591 Era,
396 3527 492 3581 καὶ
523 3526 807 3593 ἐξέλιπον
834 3529 904 3581 ἐν
930 3530 1277 3599 ματαιότητι
1323 3533 1384 3585 αί
1424 3531 1634 3601 ἡμέραι
1680 3533 1786 3586 αὐ-

201 3617 341 3671 τῶν.
375 3617 503 3670 Δέον
522 3616 630 3688 γὰρ
663 3615 900 3690 θεωροὺς
928 3615 1254 3687 γενομένους
1281 3616 1390 3669 τῶν
1411 3615 1505 3671 τοῦ
1528 3615 1664 3673 Θεοῦ
1691 3633 1786 3688 με·

200 3710 692 3781 γαλουργημάτων,
721 3709 874 3772 ὅλους
907 3708 1103 3773 αὐτοὺς
1130 3709 1406 3763 ἀναθεῖναι
1436 3709 1586 3782 αὐτῷ
1604 3727 1618 3741 ο
1649 3712 1696 3763 ol
1729 3708 1785 3763 δὲ

201 3801 536 3874 θρεμμάτων
568 3801 776 3871 ἀλόγων
813 3801 968 3873 δίκην
1007 3804 1073 3875 τῇ
1109 3803 1216 3857 τῶν
1251 3803 1521 3875 σωμάτων
1565 3804 1786 3874 προσεῖ-

1881 2629 1929 2673 et
1952 2636 2056 2673 non
2082 2616 2419 2672 crediderunt
2450 2617 2502 2671 in
2537 2613 2870 2669 mirabilibus
2896 2613 3030 2682 ejus.
3066 2610 3136 2664 Et
3166 2609 3467 2680 defecerunt

1880 2712 1934 2766 in
1950 2712 2182 2765 vanitate
2199 2709 2311 2764 dies
2338 2724 2540 2773 eorum,
2556 2716 2606 2760 et
2620 2706 2747 2759 anni
2770 2719 2950 2758 eorum
2967 2719 3085 2756 cum
3108 2701 3463 2767 festinatione.

1880 2804 2014 2860 Cum
2038 2818 2217 2859 sermo
2240 2802 2294 2857 in
2330 2799 2604 2873 arguenda
2620 2806 2675 2855 et
2702 2795 3002 2852 incusanda
3026 2794 3335 2850 Judaaorum
3365 2793 3469 2847 im-

1880 2897 2149 2966 probitate
2165 2895 2414 2958 totussit,
2441 2908 2628 2948 eorum
2659 2890 2863 2946 scelera
2880 2894 3184 2952 enumerat,
3202 2887 3469 2943 declarat-

1880 3004 1986 3059 que
2008 3004 2115 3043 non
2132 2989 2250 3044 sine
2266 3002 2432 3044 causa
2455 2986 2605 3057 ipsos
2626 2984 2761 3038 iram
2785 2982 2876 3038 Dei
2902 2980 3270 3052 invasisse.Ac
3287 2979 3467 3046 docet,

1879 3095 1975 3136 eos
1995 3089 2115 3152 post
2128 3080 2384 3152 praedicta
2401 3079 2489 3133 illa
2502 3078 2705 3141 omnia,
2721 3076 2861 3130 mala
2878 3083 3140 3147 augentes
3156 3090 3275 3137 sua,
3291 3073 3469 3129 adlmc

1881 3188 2172 3244 peccasse:
2204 3187 2459 3243 peccasse
2480 3171 2690 3227 scilicet
2708 3170 2835 3241 quia
2856 3184 2963 3224 non
2988 3168 3330 3225 crediderunt
3362 3168 3469 3222 mi-

1880 3261 2074 3317 rabilia
2102 3262 2244 3333 ejus.
2278 3262 2413 3317 Cum
2447 3260 2580 3316 talia
2634 3274 2870 3330 namque
2919 3257 3055 3329 ipsis
3102 3258 3276 3313 oculis
3315 3256 3469 3312 vide-

1880 3360 2023 3418 rent,
2055 3369 2087 3408 a
2119 3351 2565 3423 concupiscentia
2620 3367 2719 3408 sua
2759 3350 3181 3421 superabantur.
3239 3347 3463 3415 Deinde,

1880 3455 1933 3501 et
1979 3444 2279 3514 defecerunt
2304 3445 2358 3498 in
2389 3444 2621 3499 vanitate
2653 3442 2765 3498 dies
2793 3458 2995 3497 eorum.
3020 3442 3159 3497 Cum
3191 3439 3468 3512 oportuis-

1882 3549 1965 3597 set
1997 3539 2144 3597 enim
2179 3538 2324 3601 illos,
2357 3543 2700 3608 spectatores
2722 3549 2917 3605 nempe
2943 3531 3321 3605 prodigiorum
3344 3528 3463 3595 Dei,

1882 3637 2030 3686 totos
2080 3644 2202 3685 sese
2247 3628 2354 3699 ipsi
2383 3626 2781 3697 “committere;
2811 3625 2892 3679 illi
2934 3632 3125 3681 contra
3178 3623 3464 3684 brutorum

1884 3724 2059 3779 instar
2105 3720 2354 3792 corporis
2403 3718 2631 3776 vanitati
2684 3717 2924 3773 animum
2973 3715 3282 3782 habebant,
3339 3730 3463 3771 cum

1885 3817 2119 3873 stultitia
2166 3822 2221 3871 et
2265 3811 2578 3884 insipientia
2628 3816 3060 3881 conquerentes,
3106 3808 3354 3878 nihilque
3396 3823 3466 3864 ex

201 3913 297 3967 χον
349 3897 687 3967 ματαιότητι,
711 3896 769 3949 ἐν
792 3894 984 3968 ἀλογίᾳ
1004 3897 1099 3950 καὶ
1123 3897 1279 3969 ἀνοίᾳ
1331 3896 1780 3970 κατηγοροῦντες,

1887 3910 2046 3966 bonis
2089 3907 2194 3965 sibi
2243 3882 2676 3963 subministratis
2722 3901 2792 3957 ad
2840 3900 2939 3959 Dei
2992 3900 3361 3973 cognitionem
3412 3907 3468 3957 et

201 3987 300 4042 καὶ
354 3987 520 4058 μηδὲν
571 3987 732 4040 πλέον
779 3988 843 4042 ἐκ
890 3988 998 4042 τῶν
1029 3990 1110 4053 εἰς
1138 3990 1333 4056 αὐτοὺς
1361 3989 1785 4063 χορηγουμένων

201 4082 283 4145 είς
317 4079 516 4149 γνῶσιν
546 4079 681 4134 Θεοῦ
731 4080 825 4135 καὶ
865 4079 1042 4153 ψυχῆς
1096 4082 1368 4155 σωτηρίαν
1420 4082 1785 4155 ποριζόμενοι.

202 4168 391 4233 Οὕτως
424 4164 517 4223 οὖν
542 4169 829 4234 ἐξέλιπον
866 4170 937 4225 ἐν
957 4162 1319 4243 ματαιότητι)
1345 4176 1405 4228 αἱ
1435 4172 1648 4243 ’ἡμέραι
1677 4174 1787 4227 αὑ-

202 4259 324 4315 τῶν
341 4278 354 4291 ν
389 4261 449 4313 οὐ
484 4260 666 4330 μόνον,
693 4261 828 4317 ἀλλά
849 4263 944 4317 καὶ
972 4264 1042 4343 τὰ
1068 4264 1171 4332 ἐτη
1199 4262 1400 4319 αὐτῶν
1418 4264 1570 4335 μετά
1596 4280 1788 4319 σπου-

202 4351 319 4421 δῆς
352 4351 594 4418 ἐξέλιπον
618 4371 633 4385 ο
669 4354 811 4409 κατά
856 4354 1037 4409 κοινοῦ
1063 4355 1171 4428 γὰρ
1202 4356 1493 4411 ἀκουστέον
1519 4357 1635 4422 τοῦ,
1658 4357 1787 4422 ἐξέ-

202 4446 414 4497 λιπον·
444 4443 559 4497 ἀνθ’
575 4436 636 4497 οὗ
665 4445 962 4517 πεποίηκεν
988 4448 1016 4500 ὁ
1044 4438 1301 4511 Ἀκύλας·
1330 4447 1436 4500 Kal
1470 4445 1792 4501 συνετέλε-

204 4550 321 4588 σεν
343 4535 425 4601 ὡς
449 4535 640 4606 ἀτμὸν
669 4535 777 4603 τὰς
803 4535 1028 4607 ἡμέρας
1066 4536 1282 4600 αὐτῶν,
1315 4537 1413 4591 καὶ
1450 4539 1521 4594 τὰ
1548 4537 1652 4606 ἐτη
1684 4540 1792 4592 αὑ-

203 4625 327 4682 τῶν
369 4626 767 4683 κατέσπευσε.
797 4627 903 4682 Τοῦ
958 4629 1056 4700 μὲν
1104 4629 1213 4700 γὰρ
1244 4630 1300 4682 ἐν
1330 4629 1650 4701 ματαιότητι
1690 4629 1792 4695 τὰς

202 4718 419 4789 ἡμέρας
451 4718 936 4784 καταναλίσκοντος
973 4721 1067 4774 καὶ
1094 4720 1163 4774 τά
1191 4719 1283 4792 ἐτη
1314 4720 1789 4792 παρατρέχεικατ-

201 4810 624 4881 ετπευσμένως’
651 4810 746 4865 τοῦ
776 4812 832 4866 δὲ
880 4811 980 4877 τὰς
1009 4811 1224 4885 ἡμέρας
1252 4813 1310 4865 ἐν
1340 4813 1478 4883 φωτὶ
1500 4812 1593 4866 καὶ
1618 4813 1675 4867 ἐν
1696 4811 1788 4881 ἐρ-

199 4916 323 4969 γοις
348 4901 570 4969 ἀγαθοῖς
597 4902 941 4968 ἐκτελοῦντος
974 4904 1029 4956 αἱ
1062 4903 1263 4976 ἡμέραι
1292 4906 1391 4958 οὐκ
1423 4903 1787 4970 ἐκλείπουσιν,

200 4990 261 5069 dt}
273 4990 342 5042 λὰ
360 4990 584 5064 πλήρεις
598 4993 858 5062 γίνονται,
874 4995 968 5049 καὶ
981 4994 1051 5048 τὰ
1072 4994 1167 5064 ἐτη
1192 4993 1357 5048 αὐτοῦ
1377 4993 1565 5065 ἐντελῆ
1587 4994 1789 5064 τυγχά-

200 5100 284 5135 νει
326 5083 418 5135 καὶ
447 5086 910 5158 μεμακρυμμένα.
943 5086 1033 5141 Διὸ
1065 5086 1339 5152 κάκείνοις
1370 5090 1481 5152 τοῖς
1513 5087 1649 5158 μετά
1675 5105 1788 5141 τοι·

202 5173 378 5237 αὐτας
399 5176 850 5246 παραδοξοποιίας
881 5182 938 5233 ἐν
964 5179 1189 5250 ἀπιστίᾳ
1216 5195 1425 5250 καταγῇ
1436 5178 1660 5250 ράσασιν
1688 5179 1790 5251 μά-

200 5281 358 5329 ταιος
381 5266 475 5319 καὶ
500 5268 887 5341 ἐσπευσμένως
913 5271 1267 5344 παρατρέχων
1292 5271 1320 5323 ὁ
1344 5272 1551 5343 χρόνος.
1580 5273 1787 5325 Αὐτίκα

200 5353 247 5407 δ’
272 5349 371 5409 οὖν
397 5354 616 5427 διά’μὲν
642 5357 750 5412 τῶν
777 5360 1067 5432 θαυμάτων
1090 5361 1183 5415 καί
1204 5360 1311 5415 τῶν
1331 5363 1410 5425 εις
1430 5362 1624 5425 αὐτοὺς
1642 5363 1792 5434 εὐερ-

277 5560 299 5611 ί
308 5557 357 5626 1)
390 5556 499 5611 Kal
528 5556 827 5626 ἔψυξεν...
853 5560 925 5613 τὰ
948 5558 1090 5629 κρέα
1119 5559 1199 5628 ἦν
1226 5559 1375 5628 πρὶν
1402 5561 1440 5629 ἣ
1466 5560 1788 5629 ἐπιλείπειν.

201 5626 442 5705 Phrasis
507 5629 732 5705 omnino
794 5626 1087 5705 mendosa.
1134 5626 1447 5705 bisetnplar;
1468 5628 1786 5705 Vaticanum

201 5699 478 5772 [tersionis
528 5694 858 5772 LXXViralis
908 5702 1067 5756 habet
1104 5717 1123 5772 7:
1164 5694 1271 5755 Καὶ
1304 5694 1524 5772 έέψυξαν
1577 5702 1789 5772 ἑαυτοῖς

201 5768 461 5840 ψυγμοὺς
493 5768 677 5841 κύκλῳ
707 5771 805 5842 τῆς
849 5788 985 5843 παρε
998 5771 1220 5844 μδολῆς.
1250 5771 1330 5826 Tit
1363 5766 1498 5841 κρέα
1528 5772 1607 5827 ετι
1632 5766 1698 5839 ἦν
1727 5774 1784 5826 ὲν

1887 4002 2082 4058 anima:
2127 4001 2363 4057 salutem
2410 3995 2780 4052 conferentes.
2811 3993 2905 4050 Sic
2934 3993 3120 4067 itaque
3168 3994 3465 4065 defecerunt

1886 4097 1944 4152 in
1967 4097 2200 4151 vanitate
2232 4093 2344 4148 dies
2375 4106 2591 4156 eorum;
2617 4102 2792 4160 neque
2819 4086 2875 4143 id
2906 4092 3143 4151 tantum,
3177 4085 3272 4143 sed
3302 4086 3464 4143 etiam

1888 4190 2014 4244 anni
2043 4205 2224 4244 eorum
2243 4192 2362 4242 cum
2391 4184 2730 4258 festinatione
2755 4179 3111 4239 defecerunt:
3135 4195 3261 4235 nam
3291 4179 3425 4234 illud
3448 4220 3463 4247 ,

1886 4283 2206 4354 defecerunt,
2238 4282 2295 4336 in
2337 4278 2613 4336 communi
2650 4292 2752 4348 pro
2790 4282 3026 4346 utroque
3066 4272 3462 4343 accipiendum.

1887 4374 1993 4431 Pro
2026 4390 2135 4447 quo
2165 4373 2361 4443 Aquila
2398 4370 2568 4426 edidit
2599 4389 2612 4425 :
2644 4366 2717 4422 Et
2757 4364 3139 4422 consummavit
3175 4362 3330 4434 quasi
3375 4379 3466 4416 ινα-ι

1887 4486 2065 4542 parem
2095 4467 2207 4522 dies
2236 4482 2436 4528 eorum,
2472 4473 2522 4519 et
2574 4478 2741 4517 annos
2793 4475 2974 4514 eorum
3024 4457 3274 4528 festinare
3318 4455 3460 4526 fecit.

1889 4560 2020 4632 Ejus
2047 4560 2247 4630 quippe
2274 4556 2365 4628 qui
2399 4556 2454 4610 in
2482 4554 2720 4609 vanitate
2748 4550 2866 4607 dies
2894 4564 3026 4606 suos
3056 4546 3331 4619 transigit,
3360 4561 3463 4602 an-

1890 4652 1947 4707 ni
1981 4650 2303 4707 festinanter
2334 4645 2673 4709 decurrunt;
2707 4642 2830 4712 ejus
2876 4648 3071 4697 contra
3113 4638 3208 4712 qui
3256 4638 3374 4696 dies
3406 4640 3462 4697 in

1889 4743 2011 4799 luce
2037 4753 2091 4798 et
2112 4738 2269 4796 bonis
2293 4738 2553 4811 operibus
2586 4733 2836 4799 insumit,
2870 4730 2990 4789 dics
3020 4748 3129 4787 non
3162 4729 3461 4797 deficiunt;

1890 4831 1985 4888 sed
2018 4831 2162 4904 pleni
2193 4828 2454 4894 evadunt,
2488 4836 2542 4885 et
2567 4826 2697 4882 anni
2727 4825 2849 4897 ejus
2879 4822 3105 4897 perfecti
3135 4830 3190 4879 et
3219 4822 3461 4879 diuturni

1890 4933 2039 4979 sunt.
2063 4923 2429 4990 Quamobrem
2460 4921 2529 4978 iis
2555 4920 2649 4991 qui
2678 4926 2803 4990 post
2834 4925 2916 4972 tot
2944 4924 3152 4989 patrata
3171 4915 3459 4981 miracula,

1890 5018 1946 5072 in
1991 5015 2369 5072 incredulitate
2412 5019 2837 5077 consenuerunt,
2870 5010 2995 5066 vitae
3019 5017 3232 5080 tempus
3261 5024 3458 5063 vanum

1889 5118 1973 5166 est
2002 5116 2056 5165 et
2087 5108 2410 5165 festinanter
2452 5106 2710 5163 decurrit.
2738 5106 2783 5158 A
2815 5102 3093 5159 miraculis
3116 5102 3298 5175 itaque
3327 5101 3457 5166 illis,

1820 5231 1864 5286 ο
1892 5211 1946 5259 et
1980 5217 2011 5257 a
2039 5201 2253 5257 collatis
2283 5200 2385 5257 sibi
2417 5197 2696 5254 beneflciis
2724 5196 2860 5253 nihil
2885 5197 3067 5252 statim
3101 5194 3312 5252 fructus
3335 5210 3457 5265 per-

1891 5293 2206 5366 cipiebant;
2241 5295 2336 5349 sed
2383 5308 2481 5363 per
2529 5291 2735 5346 illatam
2784 5290 2887 5347 sibi
2914 5289 3171 5345 ultionem
3202 5287 3457 5343 meliores

1889 5387 2211 5446 evadebant.
2242 5386 2422 5454 Quare
2445 5384 2642 5441 deinde
2680 5383 2865 5440 subdit
2897 5380 3135 5439 :-V'ens
3186 5379 3274 5435 34.
3319 5375 3461 5433 Cum

1887 5567 2001 5633 τοῖς
2022 5560 2231 5615 ὀδοῦσιν
2257 5560 2436 5633 αὐτῶν
2462 5559 2627 5633 πρινὴ
2658 5559 2949 5619 ἐκλείπειν,
2982 5556 3075 5610 καὶ
3101 5549 3299 5622 Κύριος
3324 5548 3453 5614 ἐθυ-

1894 5632 2068 5706 μώθη,
2088 5649 2150 5706 κ.
2175 5631 2306 5706 1.1.
2337 5630 2496 5686 Eon.

1965 5700 2047 5776 (ἢ
2086 5703 2187 5759 Ms.
2227 5702 2281 5758 in
2312 5717 2485 5774 marg.
2530 5721 2545 5758 :
2580 5704 2683 5771 Γρ.
2721 5700 2991 5763 ἀπιστίας.
