4008 6210
521 313 629 370 923

1249 307 1519 367 EUSEBll
1555 303 2032 364 CAESARIENSIS
2066 303 2217 364 OPP.
2251 303 2431 364 PARS
2465 303 2556 363 Ill.
2591 334 2662 346 -—
2698 298 3106 359 EXEGETICA.

3668 291 3777 347 εει

520 423 779 480 occideret
798 437 886 477 eos
908 422 1212 494 quarebant
1231 439 1373 487 eum,
1396 431 1445 477 et
1467 421 1857 476 revertebantur
1879 430 1928 475 et
1950 421 2087 474 dilu-

2197 420 2393 488 γεσιῶν
2422 420 2572 473 οὐδὲν
2614 416 2775 472 πλέον
2825 413 3061 469 ἐκτῶντο
3099 409 3235 483 πρὸς
3283 407 3568 479 ὠφέλειαν,
3591 407 3693 462 διὰ
3715 409 3779 462 δὲ

517 517 638 572 culo
659 515 929 570 veniebant
963 514 1032 569 ad
1059 513 1538 570 Deum.Verberati
1567 514 1768 584 quippe
1795 521 1850 569 et
1888 513 2098 584 suppli‘

517 606 607 662 cio
645 605 823 660 allecti
855 605 1140 660 brutorum
1167 605 1538 675 jumentorum
1572 606 1746 659 instar
1791 605 1859 659 ad
1904 605 2091 660 verbe-

515 690 692 747 rantis
725 705 947 747 sensum
979 691 1380 747 revocabantur
1407 687 1597 758 (Vsus.
1631 689 1744 760 55),
1772 704 1896 744 cum
1918 704 1984 744 ex
2009 705 2094 744 re-

514 788 606 837 cta
640 782 852 838 ratione
883 781 953 835 ad
984 782 1261 836 meliorem
1293 795 1353 836 se
1381 779 1589 851 frugem
1623 797 1730 836 non
1764 781 2094 851 reciperent.

513 874 668 943 Quos
719 877 801 933 sic
854 875 1158 946 alloquitur
1206 873 1533 944 Scriptura:
1571 872 1751 928 Nolite
1795 875 1913 944 ﬁeri
1955 874 2092 928 sicut

513 984 678 1039 equus
727 978 779 1023 et
827 968 1023 1032 mulus,
1054 965 1241 1038 quibus
1265 983 1368 1019 non
1389 975 1469 1020 est
1502 965 1817 1025 intellectus.
1847 964 1913 1019 In
1942 983 2092 1020 canto

514 1070 568 1115 et
603 1060 753 1130 freno
786 1058 1038 1114 maxillas
1073 1073 1257 1112 eorum
1288 1057 1582 1126 constringe
1600 1057 1690 1127 qui
1721 1073 1819 1110 non
1844 1058 2094 1126 approxi-

515 1163 664 1207 mant
693 1152 763 1206 ad
797 1162 864 1206 te.
893 1151 1069 1206 Multa
1093 1149 1306 1221 ﬂagella
1329 1159 1683 1220 peccatorum,
1708 1160 1973 1219 sperantes
1995 1167 2091 1204 au-

517 1254 622 1299 tem
656 1245 710 1298 in
743 1244 971 1299 Domino
999 1241 1363 1297 misericordia
1388 1241 1823 1295 circumdabit“.

2195 513 2294 584 τῆς
2319 510 2721 583 μετερχομένης
2752 507 2949 569 αὐτοὺς
2977 505 3146 576 ὀργῆς
3173 501 3452 575 κρείττους
3471 501 3774 570 ἐγίγνοντο.

2195 603 2286 657 Διδ
2317 602 2442 674 ἑξῆς
2470 601 2712 670 ἐπιλέγει
2736 616 2750 631 ⁸
2788 599 2973 652 Ὅταν
2999 595 3350 650 ἀπέκτεινεν
3379 595 3620 661 αὐτοὺς,
3645 595 3779 660 ἐξε-

2195 693 2409 762 ζήτουν
2434 691 2636 756 αὐτὸν,
2673 689 2772 744 καὶ
2794 687 3166 755 ἐπέστρεφον
3188 685 3287 739 καὶ
3313 683 3590 754 ὤρθριζεν
3621 687 3778 755 πρὸς

2195 784 2304 840 τὸν
2334 784 2500 838 Θεόν.
2537 779 2937 851 Μαστιζόμενοι
2985 777 3093 849 γὰρ
3118 777 3212 830 καὶ
3244 776 3613 848 κολαζόμενοι,
3640 797 3775 851 κτη-

2198 875 2302 930 νῶν
2331 874 2538 943 ἀλόγων
2562 873 2717 943 δίκην
2750 871 2999 942 αἴσθησιν
3031 869 3400 940 ἀνελάμϐανον
3426 870 3520 925 τοῦ
3541 870 3777 927 τύπτονο

2195 987 2314 1034 τος,
2333 969 2474 1040 λόγῳ
2505 968 2602 1039 μὲν
2627 964 2771 1036 ὀρθῷ
2797 964 2871 1037 μὴ
2899 965 3382 1036 σωφρονιζόμενοι’
3411 963 3547 1035 πρὸς
3571 964 3665 1028 οὓς
3697 961 3776 1018 εἷ-

2197 1079 2308 1116 πεν
2326 1061 2393 1116 ἂν
2416 1064 2444 1114 ὁ
2475 1059 2631 1128 λόγος
2645 1075 2659 1089 ⁶
2682 1056 2780 1127 Μὴ
2807 1057 3044 1128 γίνεσθε
3065 1057 3144 1122 ὡς
3161 1057 3343 1121 ἵππος
3371 1056 3470 1109 καὶ
3497 1057 3772 1126 ἡμίονος,

2194 1152 2286 1224 οἷς
2315 1157 2426 1209 οὐκ
2460 1153 2591 1207 ἔστι
2626 1152 2897 1218 σύνεσις.
2915 1151 3018 1205 Ἐν
3048 1149 3216 1218 κημῷ
3263 1147 3361 1202 καὶ
3404 1149 3634 1216 χαλινῷ
3661 1154 3773 1218 τὰς

2195 1249 2481 1318 σιαγόνας
2507 1243 2706 1299 αὐτῶν
2751 1242 2927 1312 ἄγξαι
2971 1240 3090 1296 τῶν
3133 1243 3218 1313 μὴ
3246 1241 3592 1312 ἐγγιζόντων
3616 1243 3773 1314 xpec-

514 1340 608 1394 σέ.
624 1340 851 1394 Πολλαὶ
879 1343 936 1393 αἱ
959 1338 1247 1408 μάστιγες
1271 1335 1390 1389 τῶν
1418 1336 1807 1407 ἁμαρτωλῶνο
1844 1339 1984 1408 τοὺς
2011 1343 2080 1397 δὲ
2106 1343 2454 1407 ἐλπίζοντας
2483 1339 2580 1392 ἐπὶ
2611 1339 2829 1406 Κύριον
2853 1337 3026 1402 ἕλεος
3058 1334 3373 1393 κυκλώσει.

595 1431 762 1489 Vens.
795 1433 886 1500 56,
921 1433 1010 1488 57.
1053 1431 1122 1486 Et
1169 1432 1467 1486 dilexerunt
1509 1449 1627 1486 eum
1669 1433 1723 1486 in
1765 1450 1854 1489 ore
1893 1453 2009 1504 suo,
2047 1450 2098 1494 et

514 1525 699 1597 lingua
751 1542 850 1579 sua
884 1525 1086 1580 mentiti
1133 1535 1256 1579 sunt
1299 1526 1366 1580 ei.
1395 1523 1501 1579 Cur
1545 1534 1722 1579 autem
1761 1544 1942 1584 eorum
1991 1549 2094 1588 non

510 1626 628 1672 erat
657 1625 854 1670 rectum
881 1633 999 1670 cum
1025 1632 1109 1681 eo,
1137 1633 1228 1671 nec
1259 1616 1439 1686 ﬁdeles
1470 1615 1638 1670 habiti
1663 1629 1787 1672 sunt
1834 1622 1890 1676 in
1933 1631 2095 1678 testa-

512 1719 685 1765 mento
712 1709 847 1779 ejus.
880 1709 1017 1764 Cum
1065 1726 1120 1763 ιη
1154 1709 1240 1765 sui
1271 1708 1508 1779 gratiam
1552 1710 1815 1766 miracula
1865 1714 2091 1771 ederem

511 1810 623 1868 tur,
653 1817 763 1857 non
812 1800 1107 1857 credebant
1141 1819 1155 1855 :
1185 1801 1456 1856 verberati
1511 1808 1692 1856 autem
1726 1811 1781 1859 et
1815 1804 2087 1862 interfecti

511 1895 927 1950 revertebantur
955 1893 1022 1948 ad
1055 1891 1465 1948 Deum.Verum
1495 1893 1548 1948 id
1578 1911 1687 1950 non
1718 1897 1928 1953 sincere
1949 1915 2088 1970 prx-

2261 1439 2370 1495 Kai
2395 1434 2722 1507 ἠγάπησαν
2743 1433 2929 1486 αὑτὸν
2951 1431 3020 1486 ἐν
3040 1431 3121 1496 τῷ
3147 1433 3395 1502 στόματι
3426 1431 3637 1497 αὐτῶν,
3661 1449 3772 1486 και

2189 1533 2266 1602 τῇ
2293 1531 2546 1603 γλώσσῃ
2577 1525 2776 1582 αὐτῶν
2801 1526 3142 1594 ἐψεύσαντο
3169 1523 3347 1590 αὐτῷ.
3366 1525 3428 1580 Ἠ
3455 1524 3520 1578 δὲ
3548 1526 3775 1594 καρδία

2189 1623 2387 1680 αὐτῶν
2407 1623 2518 1676 οὐκ
2551 1619 2750 1674 εὐθεῖα
2782 1619 2907 1688 μετ’
2935 1617 3142 1682 αὑτοῦ,
3173 1617 3317 1671 οὐδὲ
3345 1616 3774 1685 ἐπιστώθησαν

2187 1717 2259 1772 ὲν
2300 1714 2377 1784 τῇ
2421 1711 2674 1780 διαθήκῃ
2729 1709 2934 1765 αὑτοῦ.
2967 1709 3086 1763 Τῶν
3137 1710 3236 1780 μὲν
3279 1709 3598 1782 παραδόξων
3632 1710 3772 1762 arto-

2191 1809 2448 1872 λαύοντες
2495 1805 2596 1860 οὐκ
2641 1803 2953 1857 ἐπίστευονο
3004 1800 3386 1874 μαστιζόμενοι
3415 1801 3471 1855 δὲ
3509 1801 3604 1855 καὶ
3631 1802 3770 1855 ἀπο-

2193 1896 2548 1967 κτεινόμενοι,
2593 1892 2927 1964 ἐπέστρεφον
2975 1891 3110 1963 πρὸς
3159 1891 3249 1944 τὸν
3296 1891 3447 1946 Θεόν.
3479 1891 3620 1944 Ἀλλ’
3647 1891 3769 1945 οὐδὲ

511 1987 754 2049 stabant,
791 1985 889 2040 sed
935 1985 1192 2040 simulate
1244 1993 1456 2040 tantum
1511 1995 1562 2042 et
1613 1988 1882 2044 labiorum
1925 1999 2087 2048 tenus

2189 1987 2348 2044 τοῦτο
2379 1985 2618 2058 γνησίως
2646 1983 2882 2048 ἐποίουν,
2914 1983 3273 2055 προσποιήσει
3301 1981 3357 2034 δὲ
3387 1983 3480 2035 καὶ
3518 1981 3773 2054 είρωνεῐα

509 2076 608 2134 Dei
660 2077 853 2132 laudes
897 2077 1271 2140 celebrabant,
1305 2093 1407 2133 nec
1437 2093 1575 2148 puro
1611 2095 1742 2134 sane
1773 2083 1988 2150 animo;
2019 2085 2094 2140 ita

509 2177 572 2224 ut
615 2169 724 2225 illis
777 2169 880 2223 boc
933 2169 1135 2222 dictum
1166 2170 1500 2226 conveniat:
1536 2170 1771 2242 Populus
1807 2173 1889 2228 hic
1931 2175 2094 2232 labiis

511 2277 594 2316 me
621 2260 865 2325 honorat,
901 2276 993 2314 car
1022 2270 1200 2316 autem
1248 2278 1427 2316 eorum
1466 2263 1616 2334 longe
1645 2275 1721 2318 est
1757 2282 1789 2319 a
1819 2282 1919 2323 me.
1949 2266 2098 2322 Fru-

511 2365 631 2408 stra
665 2363 839 2408 autem
876 2354 1053 2408 colunt
1080 2354 1242 2409 me“.
1295 2354 1361 2408 Et
1404 2355 1508 2427 ipsi
1542 2357 1762 2428 quidem
1789 2359 1857 2413 ad
1886 2368 2094 2420 tantam

511 2445 917 2517 improbitatem
951 2446 1322 2515 devenerunt;
1351 2446 1441 2503 ille
1468 2463 1600 2503 vero
1634 2449 1764 2505 boni
1809 2453 1983 2522 patris
2015 2453 2096 2506 in-

506 2547 648 2602 star,
703 2539 907 2608 majore
956 2554 1083 2610 erga
1143 2539 1265 2594 illos
1319 2539 1698 2596 misericordia
1761 2551 2090 2605 commotus.

515 2630 789 2701 propitius
836 2639 954 2684 erat
1000 2630 1237 2699 peccatis
1267 2646 1479 2694 eorum,
1513 2647 1690 2704 neque
1713 2632 1966 2688 tradebat
1995 2649 2092 2689 eos

507 2722 567 2775 in
599 2729 899 2776 extremam
929 2721 1258 2790 perniciem;
1286 2721 1393 2776 imo
1421 2739 1550 2778 vero
1580 2722 1879 2779 daemonem
1910 2732 2091 2779 exter-

513 2812 866 2875 minatorem,
895 2820 948 2866 et
989 2813 1082 2866 irae
1127 2827 1237 2867 sua:
1277 2813 1586 2869 ministrum
1625 2815 1963 2886 ultoremque
1991 2832 2090 2870 an-

509 2902 714 2972 gelum,
740 2901 835 2971 qui
867 2903 1020 2956 l‘uror
1037 2903 1158 2972 ejus
1189 2904 1506 2968 vocabatur,
1533 2907 1748 2977 placato
1779 2906 1940 2964 Patre
1963 2925 2084 2971 suo,

505 2993 579 3048 ab
607 2993 798 3048 iisdem
824 2995 1117 3050 avertebat.
1145 2995 1323 3061 Quare
1348 2995 1552 3050 dictum
1589 3005 1672 3052 est
1705 2997 1964 3055 z—Vens.
1992 2999 2065 3055 58

509 3081 631 3153 Ipse
677 3094 854 3139 autem
899 3094 976 3139 est
1025 3086 1344 3152 misericors,
1374 3096 1424 3142 et
1447 3089 1706 3158 propitius
1740 3089 1828 3160 ﬁet
1857 3091 2086 3161 peccatis

505 3195 716 3246 eorum,
761 3189 812 3234 et
867 3197 965 3234 non
1003 3180 1282 3250 disperdet.
1328 3180 1395 3235 Et
1441 3181 1727 3236 abundabit
1776 3192 1832 3237 ut
1884 3194 2086 3239 avertat

505 3273 647 3327 iram
676 3289 852 3338 suam,
882 3283 934 3328 et
963 3291 1065 3328 non
1091 3273 1334 3329 accendet
1369 3292 1571 3329 onmem
1597 3276 1732 3329 iram
1758 3293 1926 3331 suam.
1947 3276 2080 3332 Nam

502 3381 632 3422 cum
682 3382 777 3421 eos
832 3367 1099 3437 patienter
1148 3367 1336 3432 ferret,
1374 3368 1612 3423 nondum
1668 3369 1720 3423 in
1772 3369 1930 3423 ﬁnem
1959 3370 2083 3426 illos

510 3455 854 3526 repudiabat.
885 3453 1196 3511 Secundum
1223 3455 1609 3527 Symmachum
1634 3463 1812 3510 autem
1840 3456 2040 3510 dicitur
2067 3475 2080 3510 :

509 3546 634 3616 Ipse
666 3548 989 3609 misericors,
1009 3549 1268 3618 propitius
1290 3557 1521 3616 peccato,
1545 3557 1594 3600 et
1629 3564 1733 3600 non
1760 3546 2081 3615 disperdens.

507 3638 578 3693 Et
611 3641 836 3694 multum
867 3640 1055 3694 avertit
1110 3640 1248 3692 iram
1283 3655 1456 3703 suam,
1494 3647 1544 3692 et
1577 3656 1681 3693 non
1719 3640 1965 3694 excitavit
2008 3649 2088 3693 to-

504 3742 619 3784 tum
649 3731 882 3800 furorem
917 3748 1093 3788 suum.
1117 3730 1198 3785 Ad
1235 3731 1349 3785 haec
1383 3731 1542 3784 aliam
1578 3732 1632 3786 in
1661 3749 1755 3787 eos
1783 3733 2087 3788 accusatio-

504 3838 632 3877 nem
690 3822 927 3878 instituit
977 3823 1167 3879 dicens
1209 3842 1223 3879 :
1255 3855 1323 3864 -—
1362 3822 1526 3881 Vens.
1561 3827 1648 3881 59.
1686 3824 1754 3879 Et
1783 3825 2085 3883 recordatus

503 3923 584 3968 est
623 3914 750 3984 quia
790 3931 914 3968 caro
949 3924 1096 3981 sunt,
1133 3917 1351 3982 spiritus
1412 3917 1605 3971 vadens
1644 3927 1692 3970 et
1726 3934 1827 3970 non
1857 3918 2084 3972 rediens.

513 4006 653 4075 Quia
675 4008 819 4061 enim
853 4007 944 4076 qui
967 4006 1200 4061 adliceret
1228 4006 1470 4073 Domino,
1494 4026 1627 4063 unus
1651 4009 1868 4078 spiritus
1894 4019 1992 4072 est,
2012 4019 2084 4075 et,

504 4101 600 4170 qui
642 4097 872 4155 adhaeret
904 4100 1076 4165 carni,
1109 4116 1268 4153 unum
1295 4117 1481 4170 corpus
1502 4103 1660 4169 est”;
1690 4101 1812 4171 jure
1840 4103 2088 4157 carnales

502 4202 560 4249 et
588 4209 883 4265 corporeos
913 4193 1037 4249 illos
1067 4208 1191 4249 esse
1236 4194 1307 4249 ob
1351 4195 1600 4264 corporis
1645 4202 1699 4249 et
1742 4194 2085 4266 voluptatum

515 4302 781 4348 amorem,
811 4296 864 4342 et
891 4301 1112 4340 carnem
1144 4301 1267 4342 esse
1300 4285 1476 4342 factos
1509 4286 1605 4342 ait.
1636 4285 1762 4340 ideo
1789 4285 1922 4342 dicit
1952 4285 2088 4342 :Re-

501 4378 752 4434 cordatus
803 4387 880 4433 est
926 4379 1052 4450 quia
1097 4395 1224 4435 caro
1255 4388 1396 4434 sunt.
1433 4377 1717 4446 Quomodo
1745 4386 1925 4434 autem
1957 4394 2088 4434 caro

505 4471 616 4528 sint
647 4471 748 4526 sub
776 4471 890 4526 haec
923 4471 1162 4542 explicat
1191 4471 1279 4529 his
1307 4471 1489 4528 verbis
1519 4491 1532 4526 :
1562 4470 2006 4544 Spiritus,vadens
2037 4481 2087 4526 et

510 4579 615 4616 non
656 4561 882 4618 rediens.
915 4559 1050 4617 Nam
1105 4563 1333 4634 spiritus
1363 4565 1544 4620 carnis
1575 4573 1850 4629 terrenus,
1881 4575 2088 4619 morta-

2196 2081 2357 2155 μέχρι
2385 2077 2608 2150 χειλέων
2639 2076 2905 2146 εὐφημεῖν
2935 2074 3172 2139 ἐδόκουν,
3199 2075 3260 2128 οὐ
3297 2075 3404 2146 μὴν
3429 2073 3654 2146 καθαρῷ
3679 2072 3772 2126 λο-

2191 2171 2372 2243 γισμῷ
2402 2169 2547 2223 τοῦτ’
2577 2168 2844 2237 ἔπραττον
2862 2183 2874 2197 ·
2907 2165 2982 2230 ὡς
3021 2167 3115 2219 καὶ
3153 2167 3239 2219 ἐπ’
3270 2165 3448 2220 αὐτῶν
3478 2165 3772 2238 ἁρμόττειν

2190 2265 2251 2318 τὸ
2297 2264 2474 2333 φῆσαν
2515 2261 2728 2329 λόγιονο
2770 2259 2822 2310 Ὀ
2852 2258 3000 2324 λαὸς
3032 2253 3209 2324 οὗτος
3252 2256 3375 2324 τοῖς
3418 2257 3650 2326 χείλεσι
3694 2273 3773 2326 με

2191 2353 2330 2426 τιμᾷ
2349 2372 2362 2384 ο
2391 2354 2429 2421 ἡ
2455 2352 2522 2406 δὲ
2553 2351 2767 2420 καρδία
2798 2349 2994 2405 αὐτῶν
3015 2352 3213 2420 πόρρω
3240 2348 3450 2418 ἀπέχει
3473 2347 3575 2404 ἀπ’
3599 2349 3772 2419 ἐμοῦ,

2191 2446 2401 2514 Μάτην
2437 2444 2506 2498 δὲ
2541 2444 2821 2498 σέϐονταί
2844 2461 2940 2514 με.
2968 2442 3079 2496 Καὶ
3105 2442 3257 2495 αὐτοὶ
3285 2441 3381 2513 μὲν
3409 2443 3490 2506 είς
3516 2440 3773 2495 τοσοῦτον

2189 2537 2417 2609 ἤλαυνον
2467 2535 2797 2608 μοχθηρίαςο
2845 2536 2872 2588 ὁ
2905 2534 2985 2599 δὲ,
3022 2533 3226 2605 πατρὸς
3265 2531 3468 2602 ἀγαθοῦ
3502 2532 3655 2602 δίκην
3689 2528 3772 2586 οἳ·

2189 2647 2316 2685 κτον
2345 2627 2519 2684 αὐτῶν
2555 2627 2778 2682 πλείονα
2805 2627 3118 2698 λαμϐάνων,
3151 2625 3398 2679 ἱλάσκετο
3427 2627 3545 2688 ταῖς
3585 2625 3773 2696 ἁμαρ-

2187 2722 2326 2786 τίαις
2374 2720 2572 2787 αὐτῶν,
2607 2722 2700 2775 καὶ
2744 2721 2804 2774 οὐ
2855 2719 3135 2793 παρεδίδου
3195 2719 3389 2782 αὐτοὺς
3427 2719 3507 2782 εἰς
3534 2717 3773 2787 ἐσχάτην

2185 2815 2481 2887 διαςθοράν
2501 2832 2513 2842 ·
2546 2813 2682 2867 ἀλλὰ
2708 2815 2802 2867 καὶ
2835 2812 2926 2866 τὸν
2962 2811 3282 2884 φθοροποιὸν
3302 2811 3532 2882 δαίμονα
3561 2809 3653 2863 καὶ
3683 2811 3773 2864 τδν

2183 2909 2284 2980 τῆς
2323 2909 2495 2980 ὀργῆς
2527 2907 2806 2979 ὑπηρέτην
2844 2905 3072 2975 ἄγγελον
3103 2904 3363 2977 τιμωρὸν,
3397 2904 3567 2975 θυμὸν
3601 2904 3770 2958 αὑτοῦ

2184 2998 2601 3070 ὀνομαζόμενον,
2629 2998 2972 3070 ἀπέστρεφεν
2999 2997 3057 3064 ἐξ
3079 2997 3276 3060 αὐτῶν,
3312 2996 3400 3051 τὸν
3431 2995 3624 3051 ἑαυτοῦ
3652 2998 3772 3050 [Ια-

2184 3092 2316 3164 τέρα
2363 3091 2502 3162 ὑπὲρ
2543 3090 2720 3144 αὐτῶν
2753 3089 3122 3160 ἱλασκόμενος.
3164 3089 3254 3142 Διὸ
3294 3090 3539 3162 εἴρηται·
3573 3089 3770 3156 Αὐτὸ-ς

2183 3184 2250 3238 δέ
2281 3185 2453 3238 ἐστιν
2490 3184 2803 3251 οἰκτίρμων
2855 3181 2953 3235 καὶ
2994 3181 3261 3236 ἱλάσεται
3295 3181 3424 3248 ταῖς
3457 3182 3770 3252 ἁμαρτίαις

2183 3276 2399 3342 αὐτῶν,
2428 3277 2525 3331 καὶ
2555 3278 2628 3331 οὐ
2661 3273 2977 3344 διαφθερεῖ.
3010 3274 3117 3329 Καὶ
3147 3273 3447 3342 πληθυνεῖ
3483 3275 3589 3329 τοῦ
3611 3275 3770 3328 ἀπο-

2185 3368 2441 3438 στρέψαι
2467 3369 2575 3422 τὸν
2597 3366 2787 3436 θυμὸν
2807 3365 3013 3431 αὐτοῦ,
3047 3366 3145 3420 καὶ
3173 3365 3308 3436 οὐχὶ
3335 3367 3619 3420 ἐκκαύσει
3645 3364 3768 3422 πᾶ-

2186 3477 2307 3516 σαν
2340 3459 2453 3530 τὴν
2487 3459 2673 3530 ὀργὴν
2699 3457 3033 3513 αὐτοῦ.Ἔτι
3079 3457 3190 3530 γὰρ
3231 3458 3352 3512 τότε
3399 3457 3771 3532 μακροθύμως

2186 3553 2382 3616 αὐτοὺς
2411 3553 2602 3621 ἔφερεν
2635 3551 2786 3604 οὔπω
2811 3551 2888 3613 εἰς
2911 3549 3063 3613 τέλος
3110 3549 3306 3614 αὐτοὺς
3355 3547 3769 3619 ἀπωθούμενος.

2187 3644 2342 3698 Κατὰ
2385 3644 2442 3698 δὲ
2491 3643 2582 3698 τὸν
2626 3642 2944 3713 Σύμμαχονο
2980 3641 3192 3708 Αὐτὸς,
3237 3642 3416 3713 φησὶν,
3459 3639 3765 3709 ἐλεήμων,

2185 3735 2527 3801 ἐξιλάσκων
2559 3736 2865 3806 ἁμαρτίας,
2893 3735 2988 3789 καί
3013 3733 3099 3804 μὴ
3133 3734 3496 3805 διαφθείρων.
3520 3733 3766 3786 Καὶὲπι

2187 3829 2346 3884 πολὺ
2376 3828 2757 3898 ἀπέστρεψεν
2785 3827 2898 3896 τὴν
2926 3827 3114 3898 ὀργὴν
3140 3828 3345 3893 αὐτοῦ,
3379 3827 3475 3882 καὶ
3525 3828 3600 3881 οὐ
3634 3825 3769 3896 διήο

2187 3938 2381 3992 γειρεν
2425 3920 2572 3975 ὅλον
2617 3921 2725 3975 τὸν
2757 3919 2947 3990 θυμὸν
2971 3920 3176 3977 αὐτοῦ.
3195 3921 3318 3974 Ἐπὶ
3349 3919 3555 3983 τούτοις
3582 3919 3769 3974 ἄλλοτι

2187 4015 2366 4069 αὐτῶν
2414 4017 2710 4087 κατηγορεῖ
2749 4014 2957 4084 λέγων·
2993 4014 3105 4068 Καὶ
3148 4014 3440 4085 ἐμνήσθη,
3466 4013 3556 4067 ὅτι
3607 4013 3768 4082 σάρξ

2187 4105 2324 4166 εισι,
2373 4103 2613 4174 πνεῦμα
2662 4105 3066 4174 πορευόμενον
3108 4104 3206 4158 καὶ
3238 4107 3349 4159 οὐκ
3375 4103 3764 4174 ἐπιστρέφον.

2199 4195 2412 4266 Ἐπειδὴ
2455 4196 2563 4266 γὰρ
2607 4199 2640 4250 ό
2682 4195 3058 4266 κολλώμενος
3096 4195 3176 4263 τῷ
3205 4196 3403 4264 Κυρίῳ
3430 4194 3501 4249 ἐν
3527 4195 3768 4268 πνεῦμά

2186 4287 2338 4353 ἐστι,
2381 4287 2478 4340 καὶ
2520 4290 2552 4342 ό
2584 4287 2962 4358 κολλώμενος
2989 4286 3064 4356 τῇ
3091 4287 3269 4356 σαρκί
3300 4287 3367 4341 ἓν
3405 4289 3579 4358 σῶμα
3611 4289 3769 4358 rises-

2188 4397 2301 4444 ται,
2326 4381 2550 4444 εἰκότως
2583 4379 2840 4451 κρεὼδεις
2872 4380 3022 4444 τινὰς
3048 4382 3142 4434 καὶ
3166 4381 3463 4454 σαρκώδεις
3485 4383 3651 4451 φησιν
3670 4383 3769 4434 αὐ-

2185 4475 2312 4537 τοὺς
2341 4472 2618 4542 γεγονέναι
2663 4473 2752 4527 διὰ
2795 4473 2856 4526 τὸ
2902 4473 3177 4544 φιλήδονον
3223 4475 3316 4527 καὶ
3365 4472 3764 4545 φιλοσώματον.

2189 4566 2282 4620 καὶ
2299 4564 2471 4629 οὕτως
2496 4566 2692 4629 αὐτοὺς
2717 4565 2968 4634 γενέσθαι
2992 4566 3215 4638 σάρκας.
3234 4567 3323 4619 Διό
3341 4583 3504 4636 φησιν
3519 4585 3532 4597 ·
3565 4568 3769 4636 Ἐμνήο

503 4653 595 4714 lis,
623 4661 677 4708 et
708 4654 881 4709 ruina:
907 4655 1202 4711 obnoxius.
1239 4654 1400 4711 Tales
1431 4665 1589 4712 erant
1620 4656 1696 4712 illi
1727 4666 1972 4728 tempore
2001 4657 2087 4711 di-

2189 4656 2306 4722 σθη
2356 4655 2443 4707 ὅτι
2489 4653 2646 4722 σάρξ
2691 4657 2830 4708 εἱσι.
2865 4655 2987 4720 Πῶς
3011 4655 3068 4709 δὲ
3099 4655 3298 4725 σάρκες
3326 4651 3463 4727 ἦσαν
3510 4657 3766 4726 διασαφεί

503 4746 638 4799 luvii
697 4747 764 4802 de
807 4747 1006 4817 quibus
1055 4747 1302 4803 dicitur:
1337 4747 1459 4803 Non
1491 4751 1815 4818 permanebit
1868 4752 2082 4820 spiritus

2189 4746 2360 4815 λέγων
2412 4746 2566 4816 ἑξῆς·
2605 4746 2847 4815 Πνεῦμα
2890 4749 3294 4816 πορευόμενον
3340 4747 3434 4799 καὶ
3477 4749 3590 4800 οὐκ
3642 4746 3767 4798 ἑπι-

506 4853 649 4891 nteus
679 4839 732 4892 in
759 4838 1076 4906 hominibus,
1104 4841 1228 4910 quia
1270 4857 1456 4894 carnes
1491 4852 1613 4895 sunt
1633 4841 1680 4872 “
1705 4859 1718 4905 ;
1751 4841 1827 4896 ita
1857 4851 1914 4895 ut
1940 4841 2080 4896 alius

2189 4835 2469 4905 στρέφον.
2505 4837 2577 4889 Τὸ
2604 4837 2712 4908 γὰρ
2743 4835 2958 4907 πνεῦμα
2982 4836 3080 4906 τῆς
3111 4837 3308 4908 σαρκὸς
3343 4835 3618 4898 τοιοῦτον..
3637 4836 3766 4904 γεῶ-

451 4938 454 4942 ’
506 4929 582 4984 sit
610 4929 840 4998 spiritus
869 4928 1089 4987 divinus
1115 4931 1274 4986 initio
1307 4933 1621 4988 hominibus
1655 4932 1897 4998 inditus;
1938 4933 2078 4988 alius

504 5034 636 5072 vero
661 5019 888 5089 spiritus
917 5023 1121 5078 carnis.
1153 5021 1288 5077 Nam
1331 5025 1558 5095 spiritus
1588 5026 1771 5080 carnis
1800 5025 1924 5080 talis
1957 5026 2076 5081 fue-

509 5113 582 5165 rit
613 5113 790 5181 qualis
823 5113 912 5168 ille
944 5115 1036 5184 qui
1067 5116 1122 5170 in
1151 5116 1326 5173 brutis
1356 5123 1459 5183 est,
1491 5117 1718 5188 spiritus
1745 5118 1953 5173 scilicet
1981 5135 2078 5174 va-

507 5202 644 5259 dcns
693 5214 747 5258 et
791 5219 900 5259 non
949 5207 1185 5263 rediens.
1221 5208 1402 5278 Ipsum
1439 5225 1568 5265 vero
1599 5210 1819 5280 proprio
1860 5210 2081 5264 nomine

507 5295 845 5365 prudentiam
872 5299 1048 5353 carnis
1078 5307 1236 5354 vocat
1267 5301 1584 5370 Apostolus,
1618 5319 1741 5358 cum
1777 5303 1853 5357 ait
1888 5323 1900 5358 :
1937 5301 2080 5356 Nam

507 5387 790 5458 prudentia
831 5389 1005 5442 carnis
1038 5389 1319 5443 inimicitia
1348 5400 1426 5445 est
1475 5393 1529 5446 in
1577 5393 1738 5447 Deum
1770 5408 1788 5445 :
1817 5394 1914 5462 legi
1945 5393 2082 5446 enim

508 5477 607 5534 Dei
631 5496 733 5532 non
756 5477 1057 5548 subjicitur,
1087 5496 1244 5550 neque
1271 5480 1404 5534 enim
1426 5493 1613 5551 potest.
1654 5483 1940 5537 Prudentia
1966 5500 2083 5537 vero

507 5569 746 5636 spiritus,
780 5569 886 5622 vita
913 5577 962 5623 et
989 5569 1178 5639 pax".
1207 5569 1298 5626 Sic
1326 5586 1490 5642 porro
1519 5574 1610 5643 qui
1642 5579 1964 5628 incusantur
1986 5589 2081 5627 ca-

582 5690 620 5760 f‘
657 5689 798 5746 Psal.
831 5709 980 5754 xm.
1015 5693 1067 5760 9,
1107 5694 1187 5748 lt).

510 5759 554 5790 ³⁵
587 5759 741 5818 Rom.
774 5780 888 5828 vm,
919 5763 974 5828 6,
1010 5765 1056 5818 7.

1295 5696 1339 5727 δ’
1374 5694 1560 5749 Matth.
1598 5710 1685 5757 xv,
1716 5694 1769 5759 8,
1803 5692 1903 5760 9.;
1963 5693 2064 5750 lsa.
2102 5714 2262 5761 xxix,
2327 5699 2402 5751 15.

2182 4928 2271 4992 δες
2304 4930 2397 4981 καὶ
2441 4928 2633 5000 θνητὸν
2681 4931 2775 4982 καὶ
2820 4928 3207 5000 ἀπολλύμενον.
3239 4929 3482 4982 Τοιοῦτοι
3528 4929 3588 4984 δέ
3622 4946 3765 4990 τινες

2180 5021 2496 5089 γεγόνεισαν
2545 5022 2639 5074 καὶ
2690 5022 2740 5074 οἱ
2791 5022 2884 5074 ἐπὶ
2935 5021 3030 5074 τοῦ
3084 5019 3502 5092 κατακλυσμοῦ,
3527 5021 3658 5093 περὶ
3688 5013 3764 5073 ὧν

2179 5114 2363 5185 εἴρητο
2386 5128 2400 5142 ·
2444 5115 2524 5167 οὐ
2552 5112 2638 5183 μὴ
2673 5115 2996 5184 καταμείνῃ
3037 5114 3102 5168 τὸ
3136 5113 3373 5184 πνεῦμα
3397 5133 3519 5184 μου
3545 5115 3618 5167 ἐν
3643 5113 3764 5179 τοῖς

2182 5207 2532 5274 ἀνθρώποις,
2560 5207 2659 5261 διὰ
2680 5208 2742 5262 τὸ
2765 5204 2917 5262 εἶναι
2940 5208 3160 5274 αὐτοὺς
3180 5207 3411 5278 σάρκας
3431 5224 3444 5237 ·
3474 5208 3549 5272 ὼς
3576 5208 3765 5279 ἑτέρου

2188 5300 2286 5370 μὲν
2327 5300 2478 5363 ὄντος
2526 5301 2619 5354 τοῦ
2651 5301 2793 5354 θείου
2832 5301 3140 5372 πνεύματος
3171 5303 3262 5355 τοῦ
3306 5303 3426 5356 κατ’
3455 5301 3633 5377 ἀρχὰς
3678 5302 3770 5354 ἀν-

2185 5389 2422 5463 θρώποις
2453 5392 2903 5464 ἐμπνευσθέντος,
2933 5393 3119 5466 ἑτέρου
3175 5394 3232 5448 δὲ
3276 5393 3370 5449 τοῦ
3421 5393 3522 5463 τῆς
3566 5391 3770 5466 σαρκὸς

2186 5483 2510 5555 πνεύματος.
2539 5485 2610 5538 Τό
2638 5484 2702 5554 γέ
2733 5502 2814 5539 τοι
2839 5485 2938 5556 τῆς
2968 5486 3165 5558 σαρκὸς
3196 5491 3413 5556 πνεῦμα
3433 5485 3670 5539 τοιοῦτον
3701 5485 3769 5538 ἂν

2183 5577 2293 5647 εἴη,
2325 5571 2435 5630 οἷον
2489 5577 2582 5630 καὶ
2626 5576 2688 5630 τὸ
2739 5578 2796 5630 ἐν
2843 5581 2954 5642 τοῖς
2996 5579 3208 5648 ἀλόγοις
3253 5578 3430 5646 ζώοις,
3460 5579 3598 5646 ὅπερ
3645 5577 3767 5630 ἐστὶ

2513 5700 2552 5728 ³³
2589 5699 2601 5751 Ι
2633 5699 2757 5752 Cur.
2820 5716 2894 5763 vt,
2959 5701 3041 5760 16,
3086 5699 3169 5754 Π.

3284 5703 3327 5734 ³*
3364 5702 3501 5758 Gen.
3559 5717 3644 5760 γι,
3706 5698 3768 5756 5.
3859 5769 3878 5779 ί
