3996 6210
1333 306 1838 368 COMMENTARIA
1858 308 1937 368 VIN
1974 311 2319 373 PSALMOS.

3393 331 3499 385 926

235 413 457 514 πνιδμα
485 417 848 514 πορευόμενον
890 422 987 479 καὶ
1028 422 1128 479 οὐκ
1171 423 1801 502 ἑπιστρέφον.’ονομάζει

1918 449 1985 491 ro
2016 434 2147 490 facti
2181 437 2500 508 sunt,quod
2530 454 2735 511 corpus
2767 439 3093 512 diligerent;
3116 451 3176 497 ut
3199 443 3502 514 iustissime

234 506 294 560 δὲ
318 506 450 560 αὐτὸ
477 508 662 595 οἰκείῳ
688 511 911 583 ὀνόματι
942 517 971 569 ό
1006 517 1345 586 Ἀπόστολος,
1372 522 1646 594 φρόνημα
1670 539 1818 595 σαρ-

234 598 365 694 ξιιδς,
388 600 445 652 ὲν
485 593 568 664 οἷς
611 619 773 673 φησιο
834 608 904 661 Τὸ
957 608 1068 678 γὰρ
1115 611 1392 681 φρόνημα
1444 593 1818 694 τῆςσαρκδς

232 690 423 760 ἔχθρα
441 693 530 759 εἰς
559 695 708 748 Θεόν
725 713 740 727 ο
770 695 851 761 τῷ
886 699 997 768 γὰρ
1025 702 1185 771 νόμῳ
1208 702 1317 758 τοῦ
1351 705 1500 760 Θεοῦ
1525 690 1640 778 οὐχ
1668 710 1817 765 ὑπο·
1842 704 1845 713 ’

1918 524 1987 581 de
2019 526 2128 584 illis
2155 526 2371 582 dicatur
2398 548 2411 583 :
2438 527 2613 584 Homo
2641 546 2760 584 cum
2788 532 2843 585 in
2871 532 3066 587 honore
3088 542 3245 597 esset,
3279 552 3383 590 non
3411 536 3499 589 in-

1920 618 2140 684 tellexit,
2168 629 2505 689 comparatus
2534 631 2611 675 est
2633 621 2888 691 jumentis
2915 622 3311 691 insipientibus,
3338 634 3389 680 et
3419 626 3498 679 si-

1922 712 2064 768 milis
2096 712 2271 780 factus
2298 722 2376 767 est
2406 713 2516 768 illis
2530 714 2592 769 ³⁵.

230 783 541 887 τάσσεται,
571 788 714 842 οὐδὲ
749 789 858 887 γὰρ
890 768 1173 850 δύναταιε
1206 795 1273 850 τὸ
1311 797 1382 852 δὲ
1407 768 1684 871 φρόνημα
1713 804 1821 860 τοῦ
1857 768 2197 876 πνεύματος
2230 806 2340 877 ζωὴ
2380 808 2477 862 καὶ
2510 808 2739 877 εἰρήνη.
2770 807 2924 863 Οὕτω
2949 809 3006 863 δὲ
3036 768 3238 883 σάρκες
3273 812 3323 866 ol
3375 828 3499 887 κατέ

229 878 611 973 ηγορούμενοιΑ
633 883 946 973 γεγόνεισαν
992 889 1057 944 ἐκ
1102 888 1195 943 τοῦ
1244 890 1677 964 φιλοσωματείνο
1704 896 1782 962 ὡς
1818 901 1912 952 καὶ
1971 900 2099 971 περὶ
2152 899 2331 954 αὐτῶν
2397 899 2709 954 δικαιότατα
2736 899 2802 954 ἂν
2829 901 3081 973 εἰρῆσθαι
3112 878 3205 956 τόο
3245 884 3496 973 Ἄνθρωέ

227 982 346 1035 πος
380 971 452 1024 ἐν
483 970 621 1042 τιμῇ
656 972 744 1045 ὢν
769 977 837 1029 οὐ
865 978 1117 1048 συνῆκε,
1145 985 1652 1056 παρασυνεᾶλίήθη
1685 988 1812 1056 τοῖς
1847 970 2096 1061 κτήνεσι
2122 991 2245 1058 τοῖς
2273 990 2571 1062 ἀνοήτοις,
2607 993 2706 1046 καί
2737 970 3000 1063 ὠμοιῶθη
3024 992 3253 1060 αὐτοῖς.

306 1083 572 1152 Ποσάκις
618 1090 1072 1160 παρεπίκραναν
1120 1097 1308 1151 αὐτὸν
1355 1098 1428 1153 ἐν
1470 1098 1546 1170 τῇ
1592 1100 1810 1171 ἐρήμῳ,

225 1175 615 1247 παρώρτισαν
642 1180 832 1235 αὐτὸν
859 1182 930 1237 ἐν
954 1183 1032 1255 τῇ
1070 1186 1309 1258 ἀνύδρῳ
1335 1190 1357 1245 .'
1394 1191 1506 1246 Kal
1531 1191 1814 1264 ἐπέστρε-

224 1266 357 1332 ψαν
376 1266 476 1319 καὶ
506 1267 835 1339 ἐπείρασαν
863 1274 969 1331 τὸν
1003 1276 1170 1345 Θεὸν,
1200 1280 1300 1335 καί
1329 1280 1439 1336 τὸν
1470 1283 1678 1353 Ἀτιον
1703 1285 1811 1340 τοῦ

196 1414 209 1427 ⁸
238 1355 483 1426 Ἰσραὴλ
510 1360 895 1429 παρώξυναν.
932 1369 1053 1422 Οὐκ
1095 1369 1495 1440 ἐμνήσθησαν
1542 1373 1651 1443 τῆς
1690 1392 1813 1447 χει-

219 1448 330 1517 ρὸς
358 1449 568 1514 αὐτοῦ,
599 1452 825 1523 ἡμέρας
848 1452 927 1529 ἧς
949 1458 1327 1531 ἐλυτρώσατο
1360 1463 1582 1532 αὐτοὺς
1605 1466 1675 1521 ἐκ
1696 1485 1814 1537 χει-

218 1540 329 1609 ρὸς
357 1544 691 1613 θλίϐοντος.
709 1548 807 1614 Ὡς
846 1551 1014 1606 ἔθετο
1048 1554 1119 1608 ἐν
1148 1556 1424 1626 Αἰγύπτῳ
1466 1557 1538 1613 τὰ
1584 1559 1810 1629 σημεῖα

220 1636 435 1702 αὐτοῦ,
470 1638 571 1694 καί
623 1640 694 1695 τὰ
734 1641 950 1711 τέρατα
992 1647 1180 1700 αὐτοῦ
1223 1647 1283 1700 ἐν
1349 1648 1533 1715 πεδίῳ
1563 1649 1807 1718 Τάνεως.

220 1729 645 1801 ωτέστρεψεν
673 1736 761 1800 εὶς
791 1731 935 1806 αἷμα
961 1738 1100 1805 τοὺς
1129 1741 1435 1811 ποταμοὺς
1460 1741 1677 1805 αὐτῶν,
1710 1744 1808 1798 καὶ

224 1821 298 1876 τὰ
344 1823 689 1894 όμϐρήματα
737 1826 935 1883 αὐτῶν
970 1829 1130 1898 ὅπως
1168 1831 1250 1901 μὴ
1297 1834 1538 1888 πίωσιν.
1569 1834 1810 1900 Ἐξαπέσι

1988 1103 2155 1161 Vsus.
2182 1104 2252 1159 40
2277 1134 2299 1146 -
2319 1104 2411 1161 48.
2454 1104 2671 1172 Quoties
2698 1106 3138 1161 exacerbaverunt
3174 1124 3292 1162 eum
3326 1109 3381 1162 in
3403 1109 3495 1161 de-

1915 1208 2077 1263 serto,
2109 1200 2162 1253 in
2190 1200 2326 1253 iram
2362 1200 2756 1254 concitaverunt
2783 1216 2901 1253 eum
2926 1201 2983 1253 in
3018 1210 3157 1254 terra
3193 1202 3495 1271 inaquosa!

1916 1291 1984 1345 Et
2031 1295 2269 1348 conversi
2319 1302 2442 1348 sunt
2488 1302 2538 1348 et
2584 1304 2913 1349 tentaverunt
2942 1294 3133 1359 Deum,
3161 1306 3211 1349 et
3236 1295 3494 1351 Sanctum

1914 1381 2093 1437 Israel
2130 1383 2598 1439 exacerbaverant.
2640 1383 2765 1440 Non
2810 1393 2934 1440 sunt
2986 1388 3249 1440 recordati
3304 1403 3492 1442 planus

1908 1475 2044 1545 ejus,
2078 1474 2183 1530 diei
2210 1492 2313 1547 qua
2345 1475 2561 1531 redemit
2585 1493 2673 1532 eos
2703 1476 2768 1532 de
2794 1493 2957 1531 manu
2984 1477 3312 1532 tribulantis.
3344 1478 3493 1534 Sicut

1908 1567 2085 1638 posuit
2111 1568 2165 1622 in
2192 1566 2426 1638 Egypto
2457 1570 2610 1639 signa
2638 1587 2759 1634 sua,
2782 1578 2832 1624 et
2857 1568 3103 1640 prodigia
3130 1587 3229 1624 sua
3263 1571 3319 1624 in
3348 1588 3494 1625 cam-

1908 1676 1976 1731 po
2002 1660 2227 1716 Tantos.
2260 1659 2528 1715 Convertit
2566 1662 2623 1717 in
2656 1664 2968 1735 sanguinem
3012 1663 3251 1734 ﬂumina.
3286 1680 3489 1730 eorum,

1907 1760 1960 1806 et
1983 1750 2174 1805 imbres
2202 1768 2385 1806 eorum
2413 1769 2476 1807 ne
2498 1751 2751 1808 biberent.
2782 1753 2934 1808 Misit
2961 1754 3014 1807 in
3038 1771 3124 1809 eos
3147 1757 3492 1826 eanomgiam

1909 1853 1959 1897 et
1993 1844 2217 1898 comedit
2247 1861 2359 1910 eos,
2385 1854 2434 1899 et
2463 1861 2657 1899 ranam
2686 1855 2735 1900 et
2757 1846 3075 1916 disperdidit
3103 1863 3213 1903 eos.
3245 1846 3312 1902 Et
3347 1848 3492 1903 dedit

219 1918 470 2007 στειλεν
494 1918 577 1984 είς
608 1919 832 1987 αὐτοὺς
860 1925 1195 1992 κυνόμυιαν
1220 1924 1319 1978 καί
1342 1926 1678 1998 κατέφαγεν
1701 1929 1801 1982 ιιῠ-

1911 1937 2135 2007 αδιιιθίηί
2177 1936 2410 2007 fructum
2441 1954 2645 2005 eorum,
2681 1946 2731 1993 et
2772 1938 2979 1994 labores
3020 1957 3202 1995 eorum
3252 1941 3487 1996 locusta}.

223 2005 394 2072 τοὺς,
422 2008 521 2062 καὶ
563 2009 878 2082 βάτραχον
909 2014 1005 2068 καὶ
1039 2014 1369 2086 διέφθειρεν
1413 2022 1657 2087 αὐτούς.
1693 2021 1806 2078 Kal

220 2097 410 2153 ἔδωκε
456 2098 533 2169 τῇ
578 2102 829 2173 ἐρυσίϐῃ
871 2104 979 2158 τὸν
1020 2108 1253 2177 καρπόν
1280 2107 1497 2177 αὐτῶν,
1526 2109 1625 2165 καί
1664 2111 1810 2179 τοὺς

218 2191 450 2258 πόνους
478 2190 678 2246 αὐτῶν
711 2193 786 2263 τῇ
821 2196 1041 2266 ἁκρίδι.
1072 2199 1184 2253 Καὶ
1210 2198 1562 2257 ἀπέκτεινεν
1601 2204 1673 2258 ἐν
1700 2222 1809 2275 χα-

215 2281 366 2368 λάζῃ
412 2284 527 2353 τὴν
565 2284 839 2355 ἄμπελον
874 2288 1076 2344 αὐτῶν
1090 2332 1104 2357 ,
1141 2292 1236 2347 καί
1279 2292 1387 2360 τὰς
1433 2297 1808 2368 συκαμίνους

214 2367 420 2434 αὐτῶν
447 2376 518 2429 ἐν
544 2375 619 2447 τῇ
644 2377 867 2449 πάχνη.
911 2381 1020 2437 Kal
1051 2383 1393 2450 παρέδωκεν
1427 2389 1516 2453 εἰς
1540 2367 1808 2458 χάλαζαν

213 2472 291 2529 τὰ
318 2464 511 2543 κτήνη
533 2476 750 2543 αὐτῶν,
771 2480 870 2535 καὶ
896 2480 1011 2548 τὴν
1028 2482 1287 2552 ὕπαρξιν
1311 2484 1511 2540 αὐτῶν
1534 2486 1615 2554 τῷ
1638 2490 1805 2558 πυρί.

213 2563 376 2619 Μετὰ
408 2568 478 2621 τὰ
504 2569 865 2642 προλεχθέντα
896 2574 1074 2628 πάντα
1094 2575 1398 2650 παρέμενον
1427 2581 1805 2652 παραπικραί-

212 2672 423 2723 me,
454 2659 697 2713 τουτέστι
733 2663 929 2736 πικρὸν
954 2666 1166 2731 ἑαυτοῖς
1193 2668 1284 2722 τὸν
1330 2668 1463 2723 Θεὸν
1509 2669 1807 2726 καθιστῶν-

210 2766 330 2817 τες,
367 2752 604 2822 χρηστὸν
631 2752 759 2809 ὄντα
799 2758 865 2829 τῇ
898 2756 1056 2827 φύσει
1091 2760 1185 2812 καὶ
1229 2760 1431 2829 ἀγαθὸν
1460 2762 1552 2817 καὶ
1581 2762 1802 2832 γλυκὺν,

211 2843 331 2926 τοίς
380 2841 440 2895 δὲ
479 2844 748 2917 τιμωρίας
787 2847 958 2915 ἀξίοις
1002 2850 1199 2922 πικρὸν
1241 2850 1615 2926 νομιζόμενον.
1646 2849 1805 2910 Οὗτοι

210 2925 352 2996 γοῦν
383 2928 434 2983 οἰ
469 2930 525 2983 ἒν
549 2933 618 3003 τῇ
650 2934 842 3007 ἐρήμῳ
874 2936 1231 3009 παρὼργισαν
1260 2941 1441 3005 αὐτὸν,
1468 2944 1681 3009 ἑαυτοῖς
1706 2944 1805 3017 τὴν

209 3018 388 3091 ὀργὴν
420 3021 811 3103 ἐπισπώμενοι.
840 3029 949 3083 Καὶ
972 3031 1133 3086 πάλιν
1166 3032 1501 3104 ἐπέστρεφον
1534 3036 1629 3089 καὶ
1650 3037 1802 3090 ὲπεί-

211 3113 384 3186 ραζον
416 3113 507 3171 τὸν
539 3116 689 3184 Θεὸν,
728 3120 822 3174 καὶ
856 3121 948 3176 τὸν
974 3124 1158 3194 Ἅγιον
1191 3125 1285 3180 τοῦ
1302 3126 1516 3200 Ἰσραὴλ
1546 3126 1803 3202 παρώξυ-

209 3221 329 3257 νον.
349 3206 459 3259 Καὶ
478 3207 651 3269 ταῦτα
674 3210 851 3267 πάντα
875 3212 1196 3286 διέπραττον
1226 3218 1301 3290 μὴ
1332 3219 1802 3292 ἀναλαμϐάνοντες

207 3298 280 3369 τῇ
333 3298 523 3372 μνήμῃ
550 3300 649 3366 τὰς
695 3302 860 3358 πάλαι
887 3305 1191 3380 δειχθείσας
1234 3311 1417 3376 αὐτοῖς
1464 3290 1801 3385 παραδόξους
1826 3290 1868 3346 C

208 3389 505 3462 δυνάμεις·
530 3394 650 3448 καθ’
677 3392 737 3451 ὃν
766 3398 957 3470 καιρὸν
977 3399 1341 3473 λυτρούμενος
1368 3404 1566 3469 αὐτοὺς
1596 3406 1661 3458 ὲκ
1683 3422 1799 3476 χει-

211 3483 313 3560 ρὸς
355 3484 628 3552 Θλίϐοντος
671 3488 764 3542 τοῦ
814 3491 1034 3563 Φαραὼ,
1061 3494 1353 3567 ἠλευθέρου
1377 3496 1477 3567 τῆς
1505 3495 1614 3551 τῶν
1637 3498 1802 3568 Αἰγυ-

209 3576 389 3630 πτίων
421 3576 760 3645 δυναστείας.
790 3582 1061 3657 διαφόρως
1087 3587 1214 3650 τοὺς
1254 3587 1485 3659 ἐχθροὺς
1511 3588 1690 3643 αὐτῶν
1717 3592 1801 3644 αἰ-

207 3666 498 3743 κιζόμενος
522 3675 579 3726 ὲν
601 3674 680 3745 τῲ
702 3675 920 3742 Τάνεως
946 3679 1112 3751 πεδίῳ
1133 3698 1145 3712 ο
1171 3681 1229 3735 ἐν
1248 3672 1294 3749 ᾧ
1318 3680 1536 3753 πρῶτον
1556 3683 1800 3753 ἐγίγνετο

205 3762 242 3832 ἡ
294 3761 388 3815 τοῦ
429 3766 674 3837 ποταμοῦ
706 3769 786 3834 εἰς
822 3764 960 3843 αἷμα
990 3771 1281 3844 μεταϐολὴ,
1318 3774 1637 3843 Αἰγυπτίοις
1663 3770 1801 3831 οὖσα

204 3853 463 3928 τοιαύτη,
486 3857 546 3910 ob
578 3856 683 3932 μὴν
721 3861 953 3927 καὶτοῖς
984 3862 1561 3935 βοηθουμένοις.”0οεν
1593 3866 1688 3919 καὶ
1728 3864 1800 3920 τὰ

204 3944 546 4020 ὀμϐρήματα
584 3948 843 4025 αὐτῶν,ἢ
893 3954 1033 4010 κατὰ
1078 3956 1169 4010 τὸν
1206 3956 1458 4021 Ἀκύλαν,
1488 3960 1548 4012 al
1577 3956 1799 4028 κατάρ-

203 4039 367 4106 pacat
392 4037 610 4106 αὐτῶν,
639 4042 670 4112 ἢ
698 4044 843 4099 κατὰ.
867 4044 958 4098 τὸν
984 4046 1301 4120 Σύμμαχον,
1334 4048 1409 4104 τὰ
1441 4049 1647 4119 ῥεῖθρα
1693 4051 1800 4106 αὐ-

204 4126 368 4192 τῶν,
417 4131 774 4201 μετεϐάλλετο
824 4136 905 4200 εἰς
958 4132 1117 4209 αἷμα.
1176 4140 1336 4193 Πᾶσα
1382 4138 1492 4212 γὰρ
1539 4141 1797 4206 σύστασις

204 4220 424 4276 ὑδάτων
453 4224 522 4277 τὰ
559 4225 719 4296 ὅμοια
747 4226 828 4299 τῷ
850 4229 1077 4302 ποταμῴ
1120 4230 1376 4305 ἔπασχεν.
1398 4231 1558 4286 Ἀλλὰ
1590 4232 1794 4287 τούτων

201 4314 465 4386 οὐδεμίαν
507 4319 786 4375 ἐποιοῦντο
820 4323 1038 4394 μνήμην
1080 4325 1128 4377 οἰ
1156 4324 1641 4398 χατηγορούμενοι,
1675 4325 1795 4381 οὐδὲ

202 4408 276 4477 τῇ
302 4405 389 4459 διὰ
413 4407 513 4479 τῆς
543 4412 840 4483 κυνομυίας
868 4414 988 4468 κατ’
1014 4416 1328 4484 Αἰγυπτίων
1359 4417 1540 4491 πληγῇ
1580 4424 1792 4492 προσεῖ-

202 4515 306 4569 χον
328 4498 419 4552 τὺν
444 4500 590 4567 νοῦν,
612 4503 731 4557 οὐδὲ
755 4507 820 4577 τῇ
842 4504 929 4561 διὰ
958 4506 1071 4563 τῶν
1090 4507 1373 4582 βατράχων
1403 4512 1646 4582 μάστιγι,
1669 4513 1791 4567 οὐδὲ

199 4593 275 4662 τῇ
295 4590 387 4644 διὰ
411 4592 512 4664 τῆς
538 4596 797 4670 ἐρυσίϐης
833 4598 931 4670 (1)·
968 4599 1082 4655 ἀλλ’
1114 4602 1223 4655 οὐδ’
1255 4603 1402 4667 ὅπως
1434 4604 1503 4657 δι’
1526 4605 1722 4670 αὐτοὺς
1740 4607 1790 4661 οἱ

1909 2026 1979 2081 Et
2024 2028 2217 2083 occidit
2256 2029 2313 2083 in
2340 2029 2601 2101 grandine
2644 2031 2848 2085 vineam
2878 2048 3083 2098 eorum,
3119 2042 3169 2088 et
3198 2051 3373 2090 moros
3401 2051 3492 2090 eo-

1907 2136 2027 2174 rum
2055 2121 2110 2174 in
2130 2124 2349 2192 pruina.
2383 2122 2453 2177 Et
2484 2122 2706 2177 tradidit
2744 2125 2995 2194 grnndini
3015 2125 3259 2196 jumenta
3285 2144 3488 2195 eorum,

1905 2225 1954 2270 et
1992 2215 2375 2285 possessionem
2423 2230 2605 2269 eorum
2652 2216 2779 2285 igni.
2815 2213 2944 2273 Post
2996 2218 3256 2288 praedicta
3280 2220 3487 2284 omnia,

1905 2306 2320 2370 exacerbantes,
2358 2306 2554 2376 inquit,
2592 2317 3037 2377 permanserunt,
3072 2311 3125 2365 id
3176 2320 3282 2376 est,
3318 2309 3486 2366 Deum

1905 2401 2013 2457 sibi
2061 2400 2319 2455 acerbum
2367 2401 2786 2465 constituentes,
2820 2403 2916 2471 qui
2951 2409 3135 2456 tamen
3170 2411 3489 2460 mansuetus

1903 2502 2123 2558 natura,
2160 2494 2338 2550 bonus
2379 2502 2433 2549 et
2459 2492 2638 2549 dulcis
2668 2503 2791 2560 est;
2825 2495 2921 2549 sed
2948 2495 3018 2550 ab
3053 2497 3121 2550 iis
3153 2496 3247 2566 qui
3279 2498 3490 2567 suppli-

1903 2588 1989 2643 cio
2012 2586 2165 2658 digni
2197 2593 2329 2641 sunt
2357 2585 2591 2641 acerbus
2618 2586 2988 2641 existimatur.
3022 2585 3087 2640 lli
3118 2587 3285 2657 igitur
3310 2590 3402 2659 qui
3431 2590 3486 2643 iu

1903 2675 2123 2732 deserto
2169 2675 2527 2731 irritaverunt
2571 2690 2720 2743 eum,
2765 2674 2872 2731 sibi
2922 2676 3060 2730 iram
3113 2684 3482 2734 attraxerunl.

1901 2768 2254 2840 Rursumque
2284 2770 2637 2824 vertebantur
2673 2776 2732 2824 ut
2757 2776 3032 2825 tentarent
3054 2767 3245 2833 Deum,
3272 2780 3326 2826 et
3348 2769 3488 2828 San-

1902 2868 2053 2916 ctum
2077 2861 2246 2916 Israel
2272 2861 2685 2919 exacerbarent.
2711 2860 2840 2918 Haec
2863 2877 3029 2934 porro
3045 2862 3230 2917 omnia
3252 2863 3488 2934 agebant

1901 2953 2049 3025 quod
2080 2953 2359 3009 mirabiles
2380 2953 2501 3010 illas
2531 2953 2637 3009 sibi
2659 2953 2790 3010 olim
2818 2953 3093 3009 exhibitas
3121 2952 3350 3009 virtutes
3370 2971 3485 3011 me-

1902 3046 2075 3101 moria
2102 3060 2213 3101 non
2243 3054 2554 3118 repeterent
2582 3063 2598 3102 :
2631 3061 2743 3118 quo
2777 3056 3023 3119 tempore
3052 3044 3122 3102 de
3155 3060 3322 3102 manu
3345 3045 3488 3102 Pha-

1901 3138 2088 3194 raonis
2121 3153 2181 3195 se
2204 3139 2568 3210 opprimentis
2597 3139 2830 3196 redemit
2857 3154 2975 3205 eos,
3009 3149 3064 3196 et
3096 3139 3165 3195 ab
3195 3138 3486 3212 Egyptia-

1901 3242 2022 3282 rum
2054 3229 2339 3284 dominatu
2373 3231 2643 3297 liberavit,
2674 3231 2968 3302 variasque
3012 3230 3250 3298 inimicis
3293 3247 3486 3288 eorum

1901 3324 2100 3380 inﬂixit
2128 3326 2318 3397 plagas
2346 3329 2402 3381 in
2434 3342 2632 3398 campo
2664 3325 2878 3383 Tancos
2910 3345 2923 3380 :
2962 3325 3054 3381 ubi
3094 3327 3273 3397 primo
3305 3328 3486 3381 conti-

1901 3419 1980 3490 git
2029 3418 2270 3476 ﬂuminis
2319 3420 2376 3475 in
2430 3420 2753 3492 sanguinem
2805 3420 3058 3483 mutatio,
3090 3436 3213 3491 quae
3262 3419 3485 3491 quidem

1902 3510 2176 3584 Egyptiis
2222 3512 2350 3569 talis
2396 3523 2536 3578 erat,
2564 3527 2674 3567 non
2695 3518 2879 3568 autem
2908 3512 2978 3569 iis
3008 3511 3101 3582 qui
3123 3512 3482 3581 iuvabantur.

1901 3601 2082 3669 Quare
2117 3603 2322 3660 imbres
2353 3619 2576 3676 quoque
2601 3620 2816 3672 eorum,
2847 3604 2963 3660 sive
2986 3603 3290 3660 secundum
3312 3604 3487 3675 Aqui~

1900 3690 2030 3755 lam,
2063 3692 2243 3761 [luxus
2263 3709 2478 3759 eorum;
2498 3693 2613 3749 sive
2637 3692 2939 3750 secundum
2967 3692 3378 3766 Symmachum,
3401 3695 3487 3750 al-

1900 3785 1978 3839 vei
2004 3778 2208 3850 eorum,
2239 3784 2294 3840 in
2324 3788 2645 3858 sanguinem
2681 3785 3260 3843 vertebantur.0mnis
3285 3788 3485 3860 quippe
3540 3820 3547 3827 ο

1899 3882 2166 3947 aquarum
2215 3878 2492 3944 collectio,
2526 3879 2679 3950 paria
2719 3878 2932 3935 ﬂumini
2981 3895 3145 3951 passa
3191 3887 3296 3937 est.
3328 3879 3401 3937 At
3443 3881 3484 3937 ii

1896 3969 1991 4038 qui
2037 3977 2389 4036 accusantur,
2410 3971 2616 4026 nullam
2667 3987 2859 4027 eorum
2913 3974 3486 4032 me'moriamretine—

1896 4058 2051 4123 bant,
2082 4075 2260 4130 neque
2309 4062 2492 4117 animo
2545 4062 2867 4133 repetebant
2900 4064 3226 4138 cmuomyia:
3268 4065 3483 4137 plagam

1895 4149 2172 4225 Egyptiis
2204 4153 2534 4220 immissam,
2571 4171 2681 4212 non
2710 4171 2971 4213 ranarum
3002 4172 3182 4228 neque
3223 4157 3482 4229 aeruginis

1896 4242 2205 4312 ﬂagellum;
2255 4244 2350 4301 sed
2412 4261 2591 4316 neque
2639 4262 2749 4317 qua
2800 4248 3015 4303 ratione
3058 4246 3276 4301 illorum
3307 4248 3481 4318 gratia

1894 4335 2136 4408 Egyptii
2186 4336 2432 4400 locustae,
2465 4337 2979 4408 grandini,pruinai
3028 4345 3085 4391 et
3132 4336 3243 4406 igni
3297 4337 3480 4391 traditi

1892 4428 2329 4499 castigabantur.
2349 4426 2555 4482 Horum
2591 4429 3023 4498 experimentum
3045 4441 3171 4483 cum
3191 4443 3357 4498 opere
3385 4443 3480 4483 ce-

1894 4520 2125 4591 pissent,
2158 4521 2509 4575 immemores
2559 4532 2743 4574 tamen
2792 4519 3036 4574 omnium
3083 4527 3262 4573 erant.
3299 4519 3480 4587 Quare

1896 4609 2199 4667 secundum
2239 4606 2632 4681 Symmachum
2678 4608 2889 4664 dictum
2919 4619 3004 4665 est
3038 4628 3052 4665 :
3092 4607 3217 4663 Non
3246 4619 3367 4664 sunt
3397 4628 3482 4665 re-

199 4683 495 4752 Αἰγύπτιοι
535 4689 717 4761 ἀκρίδι
762 4692 856 4745 καὶ
906 4692 1138 4768 χαλάζῃ,
1169 4696 1264 4750 καὶ
1304 4696 1485 4770 πάχνῃ
1514 4700 1610 4752 καὶ
1654 4699 1790 4772 πυρὶ

1902 4700 2104 4757 cordati
2146 4718 2334 4756 manus
2379 4701 2516 4770 ejus,
2551 4701 2657 4755 diei
2679 4718 2784 4774 qua
2814 4701 3054 4757 liberavit
3095 4719 3183 4758 eos
3211 4702 3276 4758 de
3304 4703 3479 4758 tribu-

200 4778 606 4850 παραδοθέντες
635 4783 968 4850 ἐκολάζοντο.
1004 4788 1222 4845 Τούτων
1253 4790 1298 4843 δ’
1327 4790 1509 4863 ἔργοις
1543 4790 1640 4863 τὴν
1671 4794 1788 4843 πεῖ-

200 4885 310 4943 ραν
359 4871 660 4943 εἰληφότες,
690 4877 1001 4949 ἀμνήμονες
1040 4880 1298 4935 ἁπάντων
1351 4884 1647 4953 ἐγίγνοντο.
1696 4883 1788 4939 Διὸ

199 4962 347 5016 κατὰ
376 4961 466 5016 τὸν
495 4965 789 5038 Σύμμαχον
832 4969 1078 5042 εἴρηται*
1118 4974 1238 5028 Οὐκ
1271 4974 1787 5046 ἀνεμιμνήσκοηο

197 5053 321 5122 τὴν
369 5056 538 5126 χεῖρα
577 5059 778 5123 αὑτοῦ,
802 5061 916 5132 τὴν
941 5062 1170 5134 ἡμέραν
1192 5065 1264 5120 ἐν
1286 5061 1328 5139 ᾖ
1358 5068 1651 5136 ἐρρύσατο
1680 5068 1788 5124 αὐ-

196 5144 348 5211 τοὺς
381 5146 450 5230 ἐκ
484 5149 590 5203 τοῦ
619 5152 961 5222 θλίϐοντος·
1002 5155 1109 5210 τοῦ
1151 5156 1518 5226 ποιήσαντος
1562 5161 1634 5216 τὰ
1671 5175 1786 5230 ση-

197 5234 338 5304 μεῖα
374 5226 560 5294 αὖτοῦ
593 5242 694 5296 καί
725 5243 797 5298 τὰ
827 5244 1039 5314 τέρατα
1069 5249 1257 5304 αὑτοῦ
1284 5248 1354 5304 ἐν
1373 5253 1672 5322 Αἰγύπτῳ,

195 5328 388 5396 πεδίῳ
440 5330 693 5402 Γάνεως·
726 5335 833 5392 τοῦ
872 5342 1312 5410 μεταϐαλόντος
1352 5346 1440 5411 εἰς
1478 5339 1622 5415 αἷμα
1647 5347 1787 5415 τοὺς

195 5422 510 5505 ποταμούς
559 5428 778 5496 αὐτῶν,
804 5431 904 5486 καὶ
952 5433 1024 5489 τὰ
1062 5434 1269 5504 ῥεῖθρα
1314 5434 1532 5503 αὐτῶν,
1562 5437 1662 5494 ἵνα
1693 5439 1782 5510 μὴ

195 5514 386 5569 πίωσι
410 5532 424 5547 ·
454 5517 560 5572 τοῦ
586 5518 1035 5592 ἐπιπέμψαντος
1071 5524 1276 5596 αὐτοῖς
1307 5528 1640 5600 κυνόμυιαν
1671 5546 1784 5599 sca-

270 5631 317 5663 ³⁶
343 5630 490 5687 Psal.
521 5649 711 5702 vanI,
736 5636 826 5695 2|.

274 5744 353 5815 (1)
386 5744 486 5802 Ms.
520 5746 799 5821 ὲρισύϐης.

1894 4795 2062 4859 (ante,
2088 4794 2203 4866 ejus
2256 4795 2347 4865 qui
2400 4794 2523 4864 fecit
2574 4796 2729 4866 signa
2773 4812 2875 4850 sua
2915 4804 2966 4851 et
3013 4796 3254 4867 prodigia
3283 4814 3383 4852 sua
3424 4798 3480 4851 in

1893 4888 2149 4959 ZEggpto,
2185 4888 2240 4942 in
2266 4903 2452 4957 campo
2472 4887 2513 4941 Τ
2517 4904 2712 4950 aneos;
2734 4890 2826 4960 qui
2854 4888 3149 4943 immutavit
3182 4889 3236 4943 in
3270 4890 3482 4960 sangui-

1892 4997 2010 5036 nem
2036 4980 2264 5049 ﬂumina
2294 4997 2498 5051 eorum,
2529 4991 2577 5035 et
2609 4982 2782 5036 alveos
2816 4998 2998 5053 eorum
3021 4990 3198 5037 utnon
3216 4981 3480 5048 biberent;

1891 5071 1982 5142 qui
2022 5072 2167 5125 misit
2197 5073 2324 5141 ipsis
2352 5062 2718 5143 Aeanomgiam
2767 5072 2836 5126 ad
2867 5071 3241 5127 comedendum
3284 5090 3394 5136 eos,
3426 5084 3477 5127 et

1891 5177 2082 5215 ranam
2117 5162 2186 5215 ad
2221 5160 2628 5231 disperdendum
2655 5178 2779 5226 eos;
2825 5162 2915 5233 qui
2941 5160 3085 5217 dedit
3113 5163 3334 5234 aerugini
3359 5163 3445 5232 {ru
3462 5191 3477 5203 -

1889 5261 2005 5306 ctus
2034 5267 2219 5307 eorum
2247 5262 2299 5308 et
2331 5254 2537 5308 labores
2565 5269 2748 5308 eorum
2778 5254 3029 5318 locustae;
3059 5253 3151 5325 qui
3203 5252 3389 5307 occidit
3420 5254 3475 5304 in

1886 5345 2145 5417 grandine
2184 5347 2388 5402 vineam
2435 5364 2638 5414 eorum,
2670 5358 2719 5403 et
2743 5364 3044 5419 sycomoros
3068 5362 3249 5402 eorum
3278 5346 3329 5426 in
3356 5360 3472 5397 ver-

1890 5453 2004 5503 me;
2033 5438 2124 5507 qui
2154 5437 2376 5493 tradidit
2398 5438 2533 5508 pesti
2550 5438 2797 5508 jumenta
2825 5455 3027 5502 eorum,
3050 5447 3102 5492 et
3122 5434 3471 5505 possessiones

1887 5515 2066 5588 eorum
2098 5530 2306 5591 avibus.
2336 5531 2441 5589 Pro
2464 5533 2561 5590 illo
2601 5543 2805 5600 autem,
2838 5532 3081 5604 (ει-κρίκε,
3113 5525 3474 5600 Synunachus
