4008 6210
484 302 593 360 927
1140 297 1411 389 EUSEBII
1468 297 1957 358 CESARIENSIS
1994 300 2145 358 OPP.
2193 299 2372 361 PARS
2412 300 2500 359 Ill.
2528 333 2596 343 --
2634 297 3045 357 EXEGETICA.
3657 294 3770 352 928

489 444 747 500 similiter
773 450 1016 513 mgzetw,
1051 441 1169 499 sive
1193 443 1421 514 arugini
1442 458 1462 507 ;
1493 442 1691 514 Aquila
1721 452 1927 509 autem,
1959 442 2083 498 bru-

2195 445 2309 515 rei'r
2342 444 2586 513 αὐτοὺς,
2630 444 2731 499 καὶ
2769 442 3081 512 βάτραχον
3124 437 3450 510 διαφθεῖραι
3498 438 3726 504 αὐτούς
3752 450 3772 470 ⁸

487 536 603 604 cito,
639 536 981 606 interpretati
1014 542 1181 602 sunt;
1208 552 1273 590 ac
1302 551 1524 591 rursum
1555 551 1653 607 pro
1687 536 1803 601 illo,
1839 536 2071 605 pruime,

2195 537 2287 593 toﬁ
2313 537 2526 606 δόντος
2559 537 2641 605 τῷ
2676 534 2905 607 μυζήτῃ
2943 535 3018 590 τὰ
3046 533 3384 606 γεννήματα
3409 530 3630 596 αὐτῶν,
3666 530 3774 585 καὶ

489 627 873 704 Symmachus,
911 630 1093 697 oermi,
1129 629 1348 700 Aquila,
1384 629 1438 683 in
1480 629 1673 701 glacie,
1704 628 1898 684 edidit.
1951 627 2077 683 Haec

2195 628 2321 696 τοὺς
2349 629 2574 696 κόπους
2600 628 2801 684 αὐτῶν
2844 626 2920 698 τῇ
2950 625 3147 696 ἀκρίδι
3170 644 3185 659 ·
3234 624 3342 679 τοῦ
3369 624 3766 679 ἀποκτείναν-

487 735 655 794 porro
700 736 731 775 a
779 719 966 794 Moyse
996 722 1366 792 praetermissa
1396 721 1485 776 bic
1515 729 1847 777 enarrantur
1881 741 1894 776 :
1930 720 2078 776 vide-

2195 739 2280 789 τος
2301 724 2372 776 ἐν
2400 720 2625 793 χαλάζῃ
2652 723 2767 792 τὴν
2791 721 3065 792 ἄμπελον
3093 717 3291 777 αὐτῶν
3311 717 3410 773 καί
3440 717 3547 784 τὰς
3578 734 3774 772 συκο-

488 821 582 869 tur
609 821 790 869 autem
818 828 1003 885 erugo
1021 821 1076 868 et
1096 824 1356 885 myzetcs.
1389 813 1532 869 idem
1564 830 1689 869 csse
1711 814 1807 884 qui
1837 830 1869 868 a
1893 813 2078 886 Moyse

2195 817 2397 885 κόρους
2443 814 2643 870 αὐτῶν
2683 815 2754 870 ἐν
2797 814 3095 884 σκώληκι·
3125 811 3234 867 τοῦ
3264 809 3549 877 ἐκδόντος
3578 809 3774 878 λοιμῷ

487 905 669 977 cinips
699 914 945 961 vocatur.
979 903 1117 960 Nam
1163 921 1289 960 cum
1326 904 1527 978 Moysis
1561 903 1850 977 Scriptura
1888 906 2075 962 decem

2195 908 2251 959 τὰ
2280 904 2470 975 κτήνη
2502 905 2719 973 αὐτῶν,
2746 906 2844 960 καὶ
2891 906 2962 959 τὰ
2993 903 3264 974 κτήματα
3288 899 3487 955 αὐτῶν
3509 898 3770 965 οἰωνοῖς.

487 999 680 1071 plagas
705 1008 1005 1066 memoret;
1039 998 1126 1053 hic
1153 1013 1356 1061 sermo,
1381 997 1725 1069 sanguinem,
1756 1012 1939 1061 ranas,
1957 1012 2078 1052 cte-

2195 999 2337 1053 Ἀντῖ⁵
2387 997 2443 1052 δέ
2490 996 2606 1063 τοῦ,
2664 996 2738 1068 τῇ
2784 997 3029 1067 ἐριλσίσῃ
3083 995 3159 1068 (l)
3184 1034 3200 1059 ,
3248 995 3277 1048 6
3329 992 3426 1065 μὲν
3469 990 3774 1063 Σύμμαχος

491 1093 1104 1166 nomyiam,locustam,
1149 1092 1494 1165 grandinem,
1528 1092 1900 1163 jumentorum
1932 1108 2080 1148 mor-

2195 1090 2382 1163 δμοίως
2412 1088 2494 1157 τῷ
2519 1088 2769 1160 nvi/lto.
2802 1091 2833 1145 ὁ
2875 1088 2931 1143 δὲ
2977 1087 3209 1151 Ἀκύλας
3239 1084 3321 1151 τῷ
3363 1082 3636 1154 βρούκφ.
3671 1084 3777 1153 ήρ·

490 1192 623 1251 tem,
652 1185 1144 1258 primogenitorum
1165 1185 1397 1251 obitum,
1426 1185 1739 1251 recensuit;
1765 1201 1872 1241 non
1898 1194 2078 1240 autem

2195 1184 2450 1255 μήνευσε·
2507 1183 2603 1237 καί⁵
2652 1182 2815 1236 πάλιν
2865 1181 2986 1235 ἀντὶ
3035 1178 3153 1244 τοῦ,
3190 1176 3271 1247 τῇ
3317 1175 3544 1247 πάχνη,
3589 1175 3619 1228 6
3669 1173 3775 1243 μὲν

492 1277 759 1349 ciniphes,
794 1293 902 1331 non
955 1288 1222 1343 tumores,
1258 1293 1367 1332 non
1398 1275 1689 1341 tenebras;
1720 1290 1820 1345 pro
1848 1274 1955 1330 illis
1981 1287 2082 1328 au-

2195 1272 2476 1345 Βύμμαχος
2499 1271 2580 1339 τῷ
2607 1272 2896 1341 σκώληκι.
2930 1273 2960 1324 6
2991 1272 3048 1325 δέ
3093 1269 3324 1334 Ἀκύλας
3351 1268 3423 1322 ἐν
3468 1265 3653 1335 κρύει,
3678 1265 3775 1318 ἐκ·

494 1376 602 1426 tem
628 1370 924 1440 aeruginem
954 1368 1093 1424 dixit
1121 1377 1174 1425 et
1208 1368 1497 1439 pruinam;
1526 1381 1760 1436 quorum
1794 1366 1936 1430 loco,
1955 1380 2076 1435 my-

2195 1363 2465 1419 Βεδώκασι.
2503 1366 2899 1437 Σεσιωπημένα
2949 1364 3006 1418 δέ
3050 1363 3226 1418 ταῦτα
3262 1358 3422 1433 παρὰ.
3460 1358 3653 1414 Maio-si
3708 1354 3773 1409 τὸ

493 1470 648 1518 zeten
680 1470 774 1517 aut
802 1462 1093 1528 bruchum,
1126 1478 1363 1518 vermem
1396 1471 1492 1516 aut
1515 1460 1745 1534 glaciem
1774 1457 1971 1529 reliqui
2000 1457 2081 1512 in-

2195 1457 2359 1530 παρὸν
2383 1458 2564 1528 λόγιον
2590 1457 3040 1523 ἐδίδαξεν.”Εοικε
3064 1457 3121 1511 δέ
3153 1458 3187 1527 η
3217 1453 3446 1528 ἐρυσίϐη
3483 1451 3572 1507 καὶ
3601 1452 3631 1504 6
3660 1467 3773 1520 μυ-

495 1551 780 1621 terpretati
806 1560 956 1607 sunt.

2195 1545 2359 1621 ξήτης
2388 1550 2549 1614 αὐτὸς
2579 1546 2717 1605 εἶναι
2749 1550 2779 1603 6
2811 1549 2967 1621 παρὰ
3006 1549 3199 1605 Μωσεῖ
3232 1543 3567 1618 κεκλημῇιος
3608 1540 3770 1610 me.

497 1647 609 1720 Τῆς
641 1646 751 1719 γὰρ
783 1646 1026 1711 Μωσέως
1058 1646 1285 1719 Γραφῆς
1324 1645 1769 1718 μνημονευούσης
1827 1644 1960 1700 δέκα
2018 1645 2262 1717 πληγῶν,
2331 1648 2362 1701 6
2397 1646 2585 1721 παρὼν
2651 1646 2808 1718 λόγος
2851 1647 2945 1702 τοῦ
2987 1647 3218 1719 αἵματος
3260 1643 3629 1717 ἐμνημόνευσε
3672 1639 3779 1692 καὶ⁵

495 1738 605 1793 τῶν
635 1739 923 1811 βατράχων
970 1738 1065 1792 καὶ¹
1095 1738 1196 1810 τῆς
1236 1738 1533 1810 κυνομυίας
1567 1739 1664 1793 καὶ
1712 1739 1811 1810 τῆς
1866 1737 2086 1811 ἀκρίδος
2122 1739 2343 1809 καὶτῆς
2374 1740 2635 1811 χαλάζης,
2703 1742 2796 1796 καὶ
2831 1741 2926 1795 τοῦ
2975 1739 3203 1794 θανάτου
3231 1739 3339 1792 τῶν
3371 1734 3608 1808 κτηνῶν,
3675 1731 3778 1783 καὶ

497 1832 593 1886 τοῦ
624 1832 854 1886 θανάτου
887 1831 996 1886 τῶν
1062 1830 1449 1903 πρωτοτόκων·
1493 1831 1734 1885 σκνιπῶν
1779 1848 1838 1885 τε
1876 1831 1997 1900 (sic)
2027 1831 2126 1884 οὐκ
2164 1832 2434 1903 ἐμνήσθη,
2500 1834 2623 1888 οὐδὲ
2670 1832 2780 1887 τῶν
2829 1832 3165 1903 φλυκτανῶν,
3200 1831 3321 1885 οὐδὲ
3364 1828 3460 1884 τοῦ
3504 1826 3734 1888 σκότους
3758 1844 3777 1860 ο

497 1928 619 1982 ἀντὶ
663 1928 719 1982 δὲ
764 1928 967 1981 τούτων
1014 1925 1274 1999 ἐρυσίϐην
1298 1920 1419 1979 εἷπε
1452 1926 1546 1979 καὶ
1580 1926 1827 1998 πάχνην*
1860 1924 1977 1979 ἀνθ’
2009 1918 2085 1978 ὧν
2124 1924 2370 1999 μυζήτην
2441 1928 2476 1999 ἢ
2513 1926 2763 1999 βροῦχον,
2800 1928 2834 2000 ἢ
2905 1923 3183 1999 σκώληκα,
3217 1925 3253 1996 ἢ
3294 1923 3459 1996 κρύος
3502 1920 3552 1975 οἱ
3596 1918 3779 1972 λοιποὶ

497 2025 874 2097 ήρμήνευσαν.

567 2124 734 2182 Vens.
764 2126 958 2182 49-51.
1001 2126 1150 2181 Misit
1174 2128 1230 2182 in
1259 2143 1347 2182 eos
1370 2127 1508 2181 iram
1537 2127 1919 2198 indignationis
1944 2143 2079 2185 sum.

2268 2123 2726 2189 Ἐξαπέστειλεν
2750 2127 2838 2192 εὶς
2864 2125 3087 2192 αὐτοὺς
3111 2124 3299 2195 ὀργὴν
3329 2124 3521 2195 θυμοῦ
3559 2124 3775 2190 αὐτοῦ,

495 2216 911 2286 indignationem
944 2225 992 2270 et
1027 2217 1165 2269 iram
1188 2225 1238 2271 et
1262 2215 1679 2279 tribulationem,
1704 2217 2084 2271 immissionem

498 2327 595 2382 per
610 2311 823 2379 angelos
840 2311 1028 2365 malos.
1045 2309 1197 2365 Viam
1214 2309 1338 2379 fecit
1366 2310 1567 2364 semita:
1604 2311 1701 2363 ira:
1717 2326 1851 2373 suae,
1864 2326 1967 2363 non
1995 2325 2084 2378 pe-

499 2404 666 2474 percit
695 2420 726 2456 a
752 2413 918 2457 morte
937 2401 1218 2457 animabus
1247 2418 1452 2466 eorum,
1486 2412 1535 2457 et
1553 2402 1797 2473 jumenta
1818 2417 2000 2456 eorum
2030 2404 2085 2455 in

498 2508 663 2551 morte
699 2496 978 2551 conclusit.
1017 2494 1086 2549 Et
1109 2496 1370 2565 percussit
1400 2512 1552 2550 omne
1576 2496 1984 2566 primogenitum
2029 2495 2085 2548 in

500 2588 889 2660 terradiggpti,
906 2588 1174 2655 primitias
1194 2590 1363 2642 omnis
1386 2587 1589 2643 laboris
1608 2604 1792 2643 eorum
1824 2588 1877 2642 in
1910 2587 1996 2640 tab
2008 2603 2086 2640 er-

497 2681 703 2736 naculis
716 2681 904 2738 Cltam.
927 2680 1134 2737 Praeter
1148 2695 1210 2735 ea
1223 2696 1348 2752 qum
1364 2681 1618 2749 Superius
1632 2683 1779 2736 dicta
1795 2688 1947 2743 sunt,
1969 2681 2085 2734 haec

498 2774 664 2828 etiam
687 2781 883 2828 contra
916 2771 1207 2844 Egyptios
1234 2787 1332 2842 pro
1378 2772 1557 2827 salute
1589 2771 1774 2843 populi
1820 2767 2084 2842 operatu's

499 2864 644 2920 Deus
673 2863 1039 2920 est:Misit-in
1068 2881 1155 2919 eos
1179 2866 1319 2918 iram
1339 2864 1727 2934 indignationis
1770 2880 1903 2921 sum.
1946 2863 2088 2916 indi-

498 2957 803 3027 gnationem
845 2965 895 3010 et
926 2957 1067 3010 iram
1090 2965 1140 3011 et
1169 2955 1588 3011 tribulationem.
1629 2955 1766 3010 Cum
1785 2963 1965 3011 autem
2004 2956 2084 3008 ira

497 3057 553 3102 et
583 3046 890 3118 indignatio
916 3046 1238 3117 frequenter
1262 3054 1618 3111 memoretur,
1652 3046 1744 3102 hic
1769 3062 1952 3123 sermo
1982 3048 2086 3101 bu-

497 3138 595 3208 jus
640 3137 795 3193 vocis
851 3135 1312 3207 signiﬁcationem
1367 3136 1427 3191 in
1478 3135 1840 3207 sequentibus
1909 3137 2087 3207 aperit

501 3229 714 3296 dicens,
745 3227 1140 3285 Immissionem
1170 3244 1263 3298 per
1317 3229 1534 3300 angelos
1577 3230 1781 3291 malos;
1827 3230 1943 3285 sive
1994 3246 2083 3285 se-

502 3323 744 3378 cundum
768 3323 1180 3395 Symmachum,
1200 3321 1588 3380 lmmissionem
1609 3324 1917 3394 angelorum
1939 3323 2085 3377 mala

501 3415 859 3485 inferendum.
888 3414 1026 3469 Nam
1057 3416 1377 3487 angelorum
1416 3416 1562 3470 mala
1599 3415 1951 3470 inl‘erentium
1980 3418 2085 3468 im-

2189 2216 2380 2285 θυμὸν
2407 2216 2507 2270 καί
2547 2216 2734 2287 ὀργὴν
2770 2217 2871 2272 καὶ
2903 2217 3135 2286 θλίψιν,
3174 2215 3531 2285 ἀποστολὴν
3569 2215 3644 2270 δι’
3668 2218 3787 2288 ἀγκ-

2191 2309 2383 2379 γέλων
2419 2310 3090 2380 πονηρῶν.⁹Ωδοποίησε
3123 2311 3324 2380 τρίϐον
3368 2309 3439 2381 τῇ
3483 2310 3633 2382 ὀργῆ
3667 2314 3789 2368 ai:-

2189 2400 2318 2466 τοῦ,
2345 2404 2457 2457 οὐκ
2485 2402 2767 2472 ἐφείσατο
2796 2403 2915 2458 ἀπὸ
2945 2402 3206 2459 θανάτου
3247 2404 3368 2457 τῶν
3414 2404 3629 2475 ψυχῶν
3666 2409 3792 2459 αὺ-

2191 2494 2329 2559 τῶν,
2358 2496 2458 2552 καὶ
2478 2496 2549 2551 τὰ
2580 2496 2772 2567 κτηνὴ
2801 2495 3003 2553 αὐτῶν
3040 2500 3130 2564 εις
3172 2496 3437 2554 θάνατον
3468 2498 3794 2552 συνέκλει-

2191 2605 2286 2645 σε.
2321 2587 2436 2644 Καὶ
2484 2588 2746 2655 ἐπάταξε
2777 2590 2900 2646 πᾶν
2950 2592 3326 2659 πρωτότοκον
3366 2590 3439 2644 ἐν
3480 2588 3558 2661 τῇ
3599 2593 3793 2660 Αίγύ-

2192 2697 2338 2747 πτῳ,
2370 2681 2656 2751 ἀπαρχὴν
2692 2682 2921 2750 παντὸς
2943 2683 3134 2737 πόνου
3160 2682 3360 2737 αὐτῶν
3383 2682 3454 2737 ἐν
3478 2681 3600 2748 τοῖς
3629 2698 3796 2749 σκη-

2191 2773 2422 2844 νώμασι
2454 2774 2602 2844 Χάμ.
2643 2775 2788 2847 Πρὸς
2840 2777 2954 2838 τοῖς
3002 2774 3239 2845 λεχθεῖσι
3287 2775 3382 2829 καὶ
3422 2773 3597 2828 ταῦτα
3631 2775 3793 2829 κατᾶ

2191 2867 2301 2921 τῶν
2334 2868 2648 2937 Αἰγυπτίων
2690 2868 2833 2940 ὑπὲρ
2864 2867 2965 2938 τῆς
3002 2867 3277 2939 σωτηρίας
3301 2866 3396 2921 τοῦ
3424 2866 3553 2920 λαοῦ
3588 2870 3616 2920 6
3642 2866 3794 2932 Θεὸς

2193 2958 2508 3031 εἰργάζετο·
2557 2959 3014 3024 Ἑξαπέστειλεν
3056 2960 3146 3026 είς
3184 2958 3408 3025 αὐτοὺς
3458 2956 3641 3029 ὀργὴν
3671 2961 3793 3011 θυ-

2187 3054 2307 3125 μοῦ
2349 3054 2556 3119 αὐτοῦ,
2583 3053 2775 3125 θυμόν
2816 3054 2916 3108 καί
2951 3053 3141 3125 ὀργὴν
3182 3053 3281 3109 καὶ
3311 3054 3541 3123 θλίψιν.
3574 3053 3795 3110 Πολλα-

2192 3146 2286 3219 χοῦ
2316 3147 2373 3200 δὲ
2397 3148 2495 3217 τῆς
2512 3147 2681 3218 ὀργῆς
2700 3144 3108 3220 ὀνομαζομένης
3134 3146 3226 3200 καὶ
3251 3144 3346 3199 τοῦ
3372 3144 3565 3217 θυμοῦ,
3581 3146 3610 3197 6
3638 3162 3792 3219 παρ-

2191 3239 2268 3292 ὼν
2302 3239 2458 3308 λόγος
2487 3239 2590 3311 τὴν
2646 3239 2886 3294 διάνοιαν
2916 3239 3209 3313 ἐρμηνεύει
3244 3239 3342 3310 τῆς
3376 3239 3633 3309 τοιαύτης
3658 3256 3791 3308 φω-

2192 3330 2290 3402 νῆς
2324 3329 2454 3401 ἐξῆς
2487 3329 2786 3400 ἐπιλέγων·
2833 3330 3207 3400 Ἆποστολὴν
3264 3332 3338 3384 δι’
3371 3329 3637 3400 ἀγγέλων
3665 3345 3791 3385 πο-

2192 3421 2427 3491 νηρῶνο
2458 3424 2492 3494 ἢ
2519 3422 2661 3476 κατὰ
2685 3423 2776 3477 τὸν
2806 3422 3139 3495 Σύμμαχον,
3179 3421 3635 3491 Ἐπαποστολὴν
3665 3423 3788 3494 ἀγη-

502 3509 716 3575 missio,
750 3509 1053 3564 secundum
1085 3508 1386 3564 humanum
1435 3508 1715 3580 cogitandi
1760 3522 1967 3563 morem
2004 3507 2085 3563 ira

2195 3513 2387 3583 γέλων
2417 3513 2784 3567 κακούντων.
2803 3515 2867 3567 Ἦ
2900 3514 3008 3586 γὰρ
3040 3513 3149 3567 τῶν
3189 3514 3498 3567 κακούντων
3523 3513 3788 3582 ἀγγέλων

501 3609 558 3655 et
590 3600 893 3672 indignatio
920 3601 1014 3656 Dei
1040 3615 1164 3657 esse
1192 3609 1434 3671 putatur.
1462 3599 1584 3656 Non
1626 3601 1774 3656 enim
1813 3600 1910 3656 ira:
1936 3616 2091 3655 com-

504 3694 803 3749 motionem
851 3693 908 3749 in
967 3693 1080 3750 Deo
1127 3696 1444 3756 existimare
1495 3706 1926 3752 consentaneum
1961 3704 2088 3761 est;

502 3788 600 3843 sed
648 3786 918 3858 supplicia
962 3787 1149 3859 impiis
1177 3789 1327 3857 justo
1370 3788 1466 3845 Dei
1510 3788 1725 3860 judicio
1753 3805 1850 3860 per
1879 3789 2093 3844 immis-

506 3880 719 3935 sionem
744 3880 1089 3951 angelorum,
1112 3882 1205 3951 qui
1221 3882 1286 3935 ad
1307 3882 1412 3936 hoc
1427 3881 1669 3953 deputati
1690 3888 1840 3944 sunt,
1865 3880 2089 3949 inﬂicta,

508 3970 590 4025 ira
617 3979 674 4025 et
699 3970 1008 4042 indignatio
1035 3980 1324 4028 vocantur.
1352 3972 1623 4029 Caeterum
1652 3989 1778 4029 cum
1822 3974 2092 4046 [Egyptiis

508 4061 887 4117 immissiones
948 4064 1269 4132 angelorum
1320 4064 1465 4117 mala
1523 4063 1878 4120 inl‘erentium
1937 4066 2094 4122 factae

509 4152 765 4216 fuissent,
796 4153 914 4224 ipse
940 4154 1081 4208 viam
1113 4153 1242 4210 fecit
1262 4156 1475 4211 semitm
1501 4158 1597 4211 ira:
1624 4171 1758 4221 suae,
1791 4157 2090 4212 secundum

511 4244 901 4316 Symmachum
942 4262 1093 4311 vero,
1123 4248 1311 4302 stravit
1356 4248 1546 4304 callem
1581 4249 1678 4303 irte
1719 4264 1850 4304 sum.
1887 4248 2092 4320 Hisque

511 4338 774 4393 traditum
823 4339 1025 4409 populo
1056 4348 1303 4411 tempore
1337 4341 1501 4397 illatae
1534 4340 1807 4413 Egyptiis
1832 4341 2093 4398 vindicta:

510 4431 804 4500 mysticum
837 4432 1044 4486 cultum
1090 4432 1445 4488 subindicare
1487 4433 1618 4487 mihi
1667 4434 1904 4490 videtur.
1936 4432 2093 4490 Tunc

508 4525 655 4581 enim
677 4525 904 4595 jubetur
926 4524 1153 4581 Pascha:
1191 4524 1388 4581 festum
1428 4526 1717 4590 celebrari,
1738 4533 1794 4581 et
1819 4526 2094 4582 immolari

511 4633 713 4687 agnum
754 4618 823 4673 ad
867 4619 1176 4690 symbolum
1201 4618 1341 4689 Agni
1375 4616 1468 4674 Dei
1510 4633 1611 4689 pro
1634 4618 1953 4675 hominibus
1994 4620 2096 4673 im-

511 4708 774 4773 molandi,
802 4709 1104 4780 inungique
1133 4711 1401 4783 sanguine
1435 4710 1876 4782 superliminaria
1903 4711 2095 4766 domo-

2191 3604 2535 3676 ἐπαποστολὴ
2589 3603 2666 3668 ὡς
2715 3604 2853 3677 πρὸς
2901 3602 3225 3675 ἀνθρώπους
3272 3604 3550 3674 ἐνομίζετο
3598 3602 3790 3676 θυμὸς

2192 3692 2330 3751 εἶναι
2376 3696 2470 3752 καὶ
2516 3697 2654 3769 ὀργὴ
2699 3696 2855 3750 Θεοῦ.
2892 3697 2966 3751 Οὑ
3002 3697 3109 3769 γὰρ
3136 3696 3201 3767 δὴ
3234 3696 3404 3760 πάθος
3433 3691 3567 3749 εἶναι
3598 3694 3789 3768 ὀργῆς

2194 3786 2323 3859 περὶ
2372 3785 2464 3839 τὸν
2506 3784 2640 3839 Θεὸν
2676 3787 2941 3859 προσήκει
2969 3784 3245 3859 νομίζειν·
3276 3786 3376 3851 τὰς
3410 3786 3465 3840 δὲ
3491 3784 3637 3840 κατὰ
3669 3788 3789 3840 τιῖον

2192 3877 2404 3933 ἀσεϐῶν
2440 3877 2715 3949 τιμωρίας
2758 3878 2937 3950 κρίσει
2977 3878 3162 3951 δικαίᾳ
3205 3877 3342 3932 Θεοῦ
3382 3877 3449 3931 δι’
3475 3876 3788 3946 ἀποστολὴν

2192 3970 2439 4039 ἀγγέλων
2462 3970 2570 4024 τῶν
2597 3971 2679 4033 είς
2704 3969 2863 4023 τοῦτο
2882 3970 3231 4042 τεταγμένων
3262 3969 3587 4041 γιγνομένας
3610 3970 3787 4041 ὀργὴν

2193 4064 2288 4117 καὶ
2346 4062 2515 4136 θυμὸν
2568 4062 2871 4117 καλεῖσθαι.
2928 4062 3074 4135 Πλὴν
3118 4062 3255 4116 ἀλλα
3309 4064 3423 4126 τοῖς
3464 4060 3786 4131 Αἰγυπτίοις

2193 4158 2569 4230 ὲπαποστολῆς
2617 4156 2867 4228 ἀγγέλων
2908 4156 3220 4211 κακούντων
3264 4155 3583 4227 γενομένης,
3620 4155 3787 4219 αὐτὸς

2192 4252 2496 4325 ὡδοποίησε
2528 4251 2714 4324 τρίϐον
2742 4253 2807 4322 τῇ
2838 4251 2974 4325 ὀργῇ
3006 4249 3170 4304 αὐτοῦ
3191 4266 3207 4282 ·
3256 4250 3399 4304 κατὰ
3431 4249 3488 4303 δὲ
3513 4249 3605 4301 τὸν
3640 4248 3788 4319 Σύμο

2197 4361 2391 4415 μαχον,
2436 4341 2764 4412 διέστρωσε
2809 4340 3078 4410 ἀτραπὸν
3122 4338 3198 4410 τῇ
3244 4337 3391 4410 ὀργῇ
3420 4336 3634 4392 αὐτοῦ.
3673 4337 3787 4391 Καί

2197 4452 2287 4507 μοι
2332 4435 2478 4489 δοκεί
2525 4432 2615 4488 διὰ
2652 4432 2858 4487 τούτων
2885 4430 3217 4487 αἰνίττεσθαι
3248 4430 3348 4500 τὴν
3380 4425 3786 4499 παραδοθεῖσαν

2193 4527 2272 4598 τῷ
2298 4525 2413 4598 λαῷ
2436 4525 2701 4600 μυστικὴν
2730 4524 2989 4597 λατρείαν
3011 4521 3152 4578 κατὰ
3169 4520 3260 4575 τὸν
3284 4519 3473 4593 καιρὸν
3494 4518 3596 4588 τῆς
3620 4516 3784 4571 ἐπελ-

2196 4617 2392 4690 θούσης
2440 4619 2554 4681 τοῖς
2587 4615 2904 4687 Αἰγυπτίοις
2927 4615 3112 4686 ὀργῆς.
3128 4613 3261 4666 Τότε
3293 4610 3403 4682 γὰρ
3434 4610 3785 4663 summm

2194 4710 2294 4783 τὴν
2320 4710 2415 4764 τοῦ
2441 4709 2635 4781 Πάσχα
2665 4708 2860 4781 ἑορτὴν
2886 4705 3215 4769 ἐπιτελέσαι,
3238 4703 3511 4767 θύσαντας
3536 4702 3639 4774 μὲν
3659 4702 3789 4773 πρό-

510 4813 665 4865 rum,
709 4808 768 4855 ut
822 4802 930 4857 hoc
980 4813 1301 4873 conspecto.
1351 4802 1749 4859 exterminator
1796 4803 2088 4859 abstineret

2198 4801 2361 4856 ϐατον
2394 4802 2535 4856 κατὰ
2569 4802 2836 4874 σύμϐολον
2858 4799 2951 4855 τοῦ
2989 4799 3273 4873 μέλλοντος
3298 4797 3440 4869 ὑπὲρ
3471 4794 3782 4869 ἀνθρώπων

496 4904 545 4962 ,ε
599 4890 802 4948 damno
840 4893 945 4947 hoc
1004 4894 1295 4963 agentibus
1351 4893 1648 4950 inferendo.
1704 4892 1976 4965 Scriptum
2010 4908 2088 4950 εει

2199 4893 2524 4966 τυθήσεσθαι
2580 4895 2779 4967 Ἀμνοῦ
2825 4894 2918 4948 τοῦ
2940 4893 3098 4961 Θεοῦ,
3132 4892 3427 4966 χρίσαντας
3471 4888 3530 4945 δὲ
3572 4888 3799 4942 ἑαυτῶν.

510 4983 656 5039 enim
680 4999 695 5034 :
726 4982 795 5038 Et
815 4987 1069 5041 transibit
1089 4986 1350 5041 Dominus
1400 4987 1471 5041 ad
1497 4986 1898 5059 percutiendum
1922 4986 2088 5059 IEgy-

2200 4985 2299 5050 τὰς
2332 4984 2493 5055 φλιὰς
2530 4984 2641 5039 τῶν
2667 4985 2832 5039 οἴκων
2855 4983 2933 5055 τῷ
2975 4984 3193 5057 αἵματι·
3228 4981 3304 5046 ὼς
3335 4980 3421 5045 ἂν,
3456 4979 3615 5033 τοῦτο
3658 4978 3783 5032 θεα-

511 5076 675 5143 ptius,
695 5085 745 5130 et
760 5077 956 5131 videbit
982 5079 1291 5151 sanguinem
1312 5080 1366 5133 in
1393 5080 1792 5150 superliminari
1803 5089 1850 5134 et
1876 5081 1929 5134 in
1946 5091 2088 5135 utro-

2199 5079 2433 5148 σάμενος
2483 5077 2512 5130 6
2561 5075 2904 5150 ὀλοθρευτὴς,
2949 5074 3323 5148 ἅναχωρήσειε
3367 5072 3470 5143 τῆς
3501 5070 3647 5126 κατὰ
3675 5067 3796 5122 τῶν.

510 5182 609 5238 que
633 5176 801 5237 poste.
827 5167 895 5221 Et
935 5170 1281 5236 pertransibit
1331 5169 1590 5226 Dominus
1624 5172 1880 5237 januam,
1912 5180 2088 5226 etnon

2195 5169 2352 5223 τοῦτο
2392 5169 2713 5242 πραξάντων
2763 5168 3042 5241 ἐπιϐολῆς.
3095 5168 3412 5241 Γέγραπται
3456 5166 3615 5236 γοῦν·
3674 5163 3787 5219 Kal

512 5262 774 5330 permittet
816 5262 1019 5332 ingredi
1061 5264 1523 5320 exterminatorem
1568 5266 1624 5319 in
1652 5265 1838 5320 domos
1886 5273 2088 5320 vestras

2195 5265 2628 5331 παρελεύσεται
2673 5265 2889 5332 Κύριος
2919 5262 3177 5333 πατάξαι
3207 5261 3348 5327 τοὺς
3375 5260 3741 5330 Αἰγυπτίους
3764 5272 3784 5287 ⁶

514 5353 584 5408 ad
609 5354 1004 5423 percutiendum
1024 5354 1093 5412 ³⁷.

2194 5357 2294 5412 καί
2321 5357 2529 5428 ὄψεται
2554 5358 2620 5411 τὸ
2650 5353 2793 5429 αἷμα
2835 5357 2934 5411 ἐπὶ
2961 5356 3070 5427 τῆς
3099 5354 3306 5428 patec,
3338 5356 3436 5409 καὶ
3470 5354 3565 5409 ἐπ’
3591 5354 3789 5422 ἀμφο-

514 5445 698 5515 τέρων
746 5445 865 5501 τῶν
907 5446 1205 5517 σταθμῶν.
1255 5447 1364 5502 Καί
1402 5451 1837 5519 παρελεύσεται
1881 5448 2094 5519 Κύριος
2131 5451 2247 5506 τὶιν
2274 5453 2463 5521 θύραν
2482 5468 2497 5483 ·
2530 5451 2625 5505 καί
2650 5453 2760 5505 οὐκ
2789 5449 3013 5520 ἀφήσει
3035 5452 3142 5504 τὸν
3198 5449 3597 5517 όλοθρεύοντα
3657 5447 3789 5498 εισ-

515 5540 717 5593 ελθεῖν
741 5542 829 5607 είς
851 5541 960 5607 τὰς
990 5540 1185 5607 οἰκίας
1210 5538 1379 5611 ὑμῶν
1407 5542 1688 5605 πατάξαι.

592 5650 697 5709 Sed
735 5654 843 5710 illis
872 5654 1089 5726 quidem
1123 5656 1263 5713 viam
1299 5660 1511 5732 paravit
1541 5667 1597 5715 ut
1630 5660 1925 5734 cllugcrcnt
1960 5662 2096 5718 iram

600 5811 643 5843 ⁸⁷
671 5809 840 5867 Exod.
877 5831 971 5879 stt,
1003 5815 1092 5871 9.3.

2289 5656 2451 5712 Ἀλλὰ
2492 5655 2698 5721 τούτοις
2750 5656 2847 5728 μὲν
2894 5654 3193 5727 ὡδοποίησε
3226 5655 3409 5727 τρξεον
3436 5654 3574 5728 πρὸς
3597 5655 3662 5710 τὸ
3692 5654 3792 5711 ἦ»

2264 5816 2341 5883 (l)
2376 5813 2474 5873 Ms.
2511 5813 2762 5888 ὲρισύϐη.
