3996 6210
250 284 358 340 929

1347 284 1856 343 COMMENTARIA
1894 283 1958 340 IN
1999 285 2336 342 PSALMOS.

3411 292 3514 348 930

249 401 445 469 φυγεῖν
472 397 569 469 τὴν
587 397 754 469 ὀργὴν
781 397 945 450 αύτοῦ
966 413 980 427 ·
1015 397 1124 452 τῶν
1149 399 1206 452 δὲ
1225 400 1537 467 Αἰγυπτίων
1562 402 1660 454 ούκ
1686 401 1831 470 ἐφεί-

1942 417 2096 456 suam
2123 421 2137 456 :
2175 399 2448 473 {Egyptiis
2474 418 2604 459 vero
2625 418 2732 458 non
2758 405 3032 476 pepercit;
3061 421 3243 460 verum
3285 406 3336 460 in
3373 423 3518 462 mor-

248 507 418 547 σατο·
452 488 738 561 παρεδίδου
788 489 846 544 δὲ
891 491 972 554 είς
1026 490 1252 546 θάνατον
1285 490 1384 555 τὰς
1428 491 1604 562 ψυχὰς
1633 492 1832 557 αὐτῶν,

247 585 418 652 ἀξίων
448 583 618 636 όντων
641 583 740 654 τῆς
767 583 1021 654 τοιαύτης
1042 583 1312 656 τιμωρίας
1331 602 1345 617 ·
1380 585 1694 657 ὲπείδήπερ,
1720 587 1838 639 ἀσε-

246 679 427 740 ϐείαις
467 674 812 747 ὲκδεδομένοι
851 675 945 728 καὶ
999 679 1065 746 τῇ
1096 676 1340 748 πολυθέῳ
1367 678 1461 731 καὶ
1495 680 1835 750 Αίγυπτιακῇ

243 769 657 840 δεισιδαιμονίᾳ,
709 765 852 838 ἄλλῳ
898 767 1110 833 Θανάτῳ
1168 769 1268 833 τὰς
1320 770 1498 840 ψυχὰς
1542 769 1836 841 ἐτύγχανον

246 862 693 936 βεϐαπτισμένοι.
722 861 923 932 Διόπερ
948 863 976 914 6
1004 861 1194 934 παρὼν
1235 863 1391 931 λόγος
1419 864 1479 916 ού
1511 865 1687 916 κοινὸν
1740 863 1837 917 θά-

243 975 407 1012 νατον
443 956 834 1030 ἐπεληλυθέναι
866 958 1045 1021 αὐτοῖς
1077 957 1336 1023 διδάσκει,
1370 957 1502 1010 ἀλλὰ
1526 957 1710 1029 ψυχῶν
1741 957 1836 1010 θά-

245 1049 503 1104 νατον.’0
546 1049 655 1122 γὰρ
701 1048 1043 1121 ὀλοθρευτὴς,
1081 1042 1124 1118 ᾧ
1179 1049 1572 1121 παρεδόθησαν,
1609 1052 1723 1120 ἃμα
1767 1052 1831 1122 τῇ

245 1141 346 1196 τοῦ
379 1141 631 1213 σώματος
662 1141 920 1206 διαλύσει,
946 1142 1044 1204 τὰς
1073 1140 1250 1211 ψυχὰς
1277 1142 1455 1195 αὐτῶν
1478 1142 1833 1214 παρελάμϐα-

247 1251 361 1296 νεν,
389 1235 469 1298 είς
498 1232 717 1304 ὄλεθρον
749 1233 916 1296 αὐτάς
939 1233 1188 1302 ἀπάγων.
1217 1233 1307 1286 Διὸ
1338 1234 1432 1288 καὶ
1459 1229 1613 1296 αὖθις
1635 1235 1836 1304 γέγρα-

247 1344 418 1379 πται·
453 1329 578 1380 Οὐκ
632 1325 916 1395 ἐφείσατο
968 1325 1088 1380 ἀπὸ
1147 1325 1410 1381 θανάτου
1459 1325 1578 1380 τῶν
1619 1326 1835 1395 ψυχῶν

242 1418 465 1472 αὐτῶν.
511 1413 643 1472 Εἶτα
687 1418 939 1485 διασαφεῖ
983 1417 1156 1488 λέγων
1207 1418 1371 1490 ἑξῆςο
1414 1418 1527 1475 Kal
1575 1418 1833 1484 ἐπάταξε

242 1511 369 1566 πᾶν
417 1512 794 1582 πρωτότοκον
836 1512 906 1564 ἐν
938 1509 1015 1580 γῇ
1058 1513 1352 1580 Αἰγύπτῳ,
1395 1510 1676 1581 ἀπαρχὴν
1717 1509 1834 1564 τῶν

241 1607 450 1660 πόνων
498 1600 716 1658 αὐτῶν.
751 1602 897 1656 Ἀντὶ
944 1604 1001 1657 δὲ
1049 1602 1166 1668 τοῦ,
1218 1603 1502 1673 ἀπαρχὴν
1564 1601 1683 1656 τῶν
1727 1605 1833 1656 πό-

241 1717 368 1754 νων
420 1696 620 1755 αὐτῶν
688 1697 758 1750 ὲν
821 1695 944 1763 τοῖς
994 1693 1348 1766 σκηνώμασι
1401 1695 1557 1765 Χάμ·
1607 1698 1648 1750 6
1684 1695 1830 1769 Σύμ-

247 1806 455 1861 μαχος’
509 1787 804 1856 Πρωτεῒον
851 1785 1167 1856 δυνάμεων
1231 1785 1450 1850 αὐτῶν,
1498 1787 1828 1858 ἡρμήνευσε.

248 1881 332 1936 Τά
394 1881 504 1954 γὰρ
559 1879 878 1952 πρωτότοκα
941 1878 1037 1934 καὶ
1096 1881 1360 1952 πρωτεῖον
1409 1873 1478 1949 ἦν
1531 1879 1628 1949 τῆς
1677 1878 1833 1933 δυνά-

247 1992 396 2047 μεως
459 1973 568 2027 τῶν
619 1972 1018 2044 γεννησάντων.
1081 1970 1180 2025 Διὰ
1243 1971 1340 2043 μὲν
1379 1965 1472 2025 οὖν
1511 1971 1617 2024 τῶν
1680 1971 1822 2043 πρῶ·

241 2085 357 2121 των
383 2065 624 2137 πληγῶν,
643 2064 833 2138 ὥσπερ
858 2066 936 2128 είς
964 2064 1252 2136 μετάνοιαν
1277 2064 1474 2128 αὐτοὺς
1498 2063 1834 2136 προσκαλού-

247 2178 410 2232 μενος
433 2159 520 2214 διά
540 2160 640 2231 τῆς
667 2158 869 2230 ἀνοχῆς
895 2159 990 2210 καὶ
1020 2156 1423 2230 μακροθυμίας,
1456 2157 1832 2229 πεφεισμένως

241 2254 427 2316 αὐτοῖς
461 2251 633 2322 ὲπῆγε
661 2249 761 2313 τὰς
786 2249 1218 2322 τιμωρίας.Ἒπ“ι
1253 2249 1397 2303 τέλει
1441 2249 1497 2302 δὲ
1541 2251 1641 2304 οὐκ
1682 2251 1832 2320 ἐφεί-

240 2361 376 2399 σατο
431 2343 566 2397 ἀπὸ·
591 2341 821 2396 θανάτου
867 2341 974 2395 τῶν
1011 2341 1200 2412 ψυχῶν
1242 2341 1450 2396 αὐτῶν·
1481 2340 1616 2395 ἀλλὰ
1643 2341 1737 2397 καὶ
1763 2341 1834 2395 τά

239 2440 419 2510 κτήνη
453 2437 631 2492 αὐτῶν
661 2438 741 2501 είς
773 2436 1001 2490 θάνατον
1042 2435 1403 2491 συνέκλεισεν.
1423 2435 1576 2489 Ἐπεὶ
1605 2436 1698 2489 καὶ
1723 2438 1834 2490 πᾶν

242 2530 590 2604 πρωτότοκον
623 2530 680 2583 ἐν
706 2531 776 2600 γῇ
805 2528 1066 2600 Αἰγύπτῳ
1099 2531 1373 2602 ἀνῃρεῖτο,
1408 2528 1619 2600 κτηνῶν
1645 2547 1705 2582 τε
1737 2531 1831 2583 καὶ

239 2624 472 2695 ἀνδρῶν.
500 2621 713 2695 Σφόδρα
758 2621 813 2675 δὲ
860 2621 1102 2692 ἀκριϐῶς
1137 2622 1228 2674 ἐπὶ
1265 2623 1364 2693 μὲν
1391 2621 1500 2675 τῶν
1530 2621 1834 2694 ἀνθρώπων

239 2716 462 2788 θανάτῳ
495 2715 629 2787 φησὶ
647 2715 746 2779 τὰς
775 2714 952 2785 ψυχὰς
975 2714 1152 2768 αὐτῶν
1183 2714 1607 2784 παραδεδόσθαι·
1637 2711 1704 2787 ἦν
1725 2715 1833 2788 γάρ

237 2812 268 2863 6
295 2810 623 2882 όλοθρευτὴς
653 2809 884 2880 δαίμων,
919 2811 948 2863 6
987 2811 1086 2874 τὰς
1117 2809 1295 2880 ψυχάς
1327 2809 1506 2863 αὐτῶν
1558 2810 1651 2864 καὶ
1695 2810 1833 2882 μετά

240 2901 476 2956 Θάνατον
527 2901 1000 2972 παραλαμδάνων·
1037 2902 1129 2956 ἐπὶ
1159 2902 1215 2956 δὲ
1247 2901 1354 2955 τῶν
1394 2902 1607 2971 κτηνῶν
1651 2903 1832 2957 οὐκέτι

237 2993 431 3066 ψυχῶν
468 2995 893 3066 ἐμνημόνευσεν,
927 2993 1061 3047 ἀλλὰ
1091 2994 1251 3064 μόνου
1285 2993 1376 3048 τοῦ
1406 2994 1583 3049 κοινοῦ
1612 2996 1706 3048 καὶ
1731 3013 1834 3050 σω·-

242 3085 477 3156 ματικοῦ
511 3085 741 3139 θανάτου
768 3098 781 3111 ⁸
823 3087 882 3140 οὐ
927 3085 1035 3159 γάρ
1083 3086 1296 3158 μετέχει
1345 3087 1525 3158 ψυχῆς
1564 3086 1636 3141 τὰ
1663 3089 1830 3160 κτήνη

236 3175 347 3245 τῆς
415 3175 552 3246 μετὰ
616 3174 715 3247 τὴν
768 3175 861 3228 τοῦ
912 3175 1162 3247 σώματος
1211 3175 1363 3229 λύσιν
1410 3177 1833 3248 παραμενούσης
1859 3207 1901 3263 C

235 3268 446 3339 ὁμοίιος
497 3271 618 3331 ταῖς
649 3267 757 3322 τῶν
807 3267 1111 3340 ἀνθρώπιον
1143 3268 1362 3339 ψυχαῖς.
1395 3267 1504 3339 Τὴν
1553 3269 1610 3323 δὲ
1663 3269 1832 3342 αὐτὴν

245 3360 495 3430 ἱστορίαν
547 3359 819 3432 διαφόρως
869 3359 1076 3430 Μωσῆς
1122 3376 1180 3412 τε
1233 3359 1328 3412 καὶ⁵
1359 3361 1388 3412 6
1434 3357 1626 3431 παρὼν
1676 3359 1832 3428 λόγος

241 3452 624 3522 ἡρμήνευσενο
649 3451 677 3503 6
712 3451 808 3522 μὲν
837 3450 1158 3523 ὀλοθρευτὴν
1191 3450 1360 3504 εἰπὼν
1397 3449 1710 3523 διακονῆσαι
1742 3451 1832 3504 τὸν

241 3545 477 3597 θάνατον
511 3543 617 3598 τῶν
665 3545 1023 3616 πρωτοτόκων
1045 3562 1058 3574 ·
1095 3546 1122 3597 6
1149 3544 1203 3597 δὲ
1238 3542 1429 3616 παρὼν
1461 3543 1616 3612 λόγος
1639 3545 1706 3598 δι’
1736 3545 1832 3614 ἀγ-

242 3635 422 3704 γέλων
453 3635 701 3707 πονηρῶν
732 3634 904 3689 ταῦτα
937 3635 1234 3705 γεγονέναι.
1264 3636 1441 3688 Κάκεί
1488 3636 1584 3707 μὲν
1628 3637 1656 3688 ὁ
1704 3637 1833 3691 Μω-

245 3727 350 3796 σῆς
388 3726 466 3797 τῷ
508 3727 698 3798 αἵματι
734 3726 1015 3798 κεχρίσθαι
1049 3726 1148 3791 τὰς
1180 3726 1360 3796 φλιάς,
1395 3727 1671 3781 καὶτοῦτο
1732 3746 1833 3798 φυ-

242 3817 537 3889 λακτήριον
572 3817 851 3886 γεγονέναι
899 3818 1008 3871 τῶν
1051 3818 1424 3890 διαφυγόντων
1454 3819 1545 3873 τὸν
1577 3819 1820 3892 ὀλοθρευ-

240 3911 379 3979 τήν·
413 3907 647 3962 ἐνταῦθα
677 3907 733 3961 δὲ
763 3908 1154 3981 ὼδοποιηκέναι
1187 3909 1373 3981 τρίϐον
1403 3910 1617 3982 εἴρηται
1646 3911 1674 3963 6
1701 3909 1833 3974 Θεὸς

243 3999 387 4072 πρὸς
418 4001 479 4053 τὸ
518 4001 821 4069 ἀποφυγεῖν
852 3999 950 4072 τὴν
980 3999 1148 4074 ὀργὴν
1179 4000 1365 4054 αὐτοῦ.
1401 4001 1588 4055 Ταῦτα
1618 4001 1694 4067 δὲ,
1729 4019 1832 4073 φη-

244 4094 326 4156 σὶ,
358 4091 688 4146 συνετελείτο
719 4093 778 4145 ὲν
810 4095 923 4156 τοῖς
961 4091 1284 4164 σκηνώμασι
1331 4093 1461 4164 Χάμ
1484 4111 1496 4123 ο
1527 4093 1581 4164 ἢ,
1605 4094 1676 4146 ἐν
1701 4092 1831 4160 ταῖς

241 4185 598 4251 σχηνώσεσι
631 4184 776 4255 Χὰμ,
823 4183 965 4238 κατά
1009 4185 1099 4238 τὸν
1148 4185 1217 4237 Σύ
1229 4203 1476 4257 μμαχονο
1516 4185 1572 4256 ἦ,
1601 4186 1672 4239 ἐν
1701 4184 1831 4251 ταῖς

243 4276 510 4342 σκέπαις
556 4276 704 4346 Χὰμ,
752 4277 896 4331 κατὰ
942 4277 1032 4330 τὸν
1075 4279 1322 4332 Ἀκύλαν.
1360 4283 1441 4332 Δι’
1467 4273 1540 4333 ὧν
1586 4279 1832 4334 διδασκό-

249 4366 392 4438 μεθα
423 4366 521 4438 τὴν
554 4366 826 4437 Αἴγυπτον
854 4369 1132 4438 γεγονέναι
1169 4369 1500 4443 σκηνώματα
1544 4369 1637 4424 τοῦ
1679 4371 1826 4442 Χάμ.

245 4461 432 4530 Τριῶν
469 4460 579 4530 γάρ
621 4462 826 4514 παίδων
857 4460 949 4514 τοῦ
980 4461 1104 4515 Νῶε
1139 4463 1466 4534 γενομένων,
1501 4462 1642 4534 Σὴμ,
1675 4461 1826 4533 Χὰμ,

1944 501 2051 547 tem
2108 493 2332 548 tradidit
2381 495 2593 552 animas
2648 512 2862 564 eorum,
2917 498 3206 567 dignorum
3261 513 3391 554 sane
3424 499 3518 552 tali

1939 585 2231 657 supplicio,
2279 586 2406 657 quia
2446 587 2823 657 impietatibus
2853 598 2905 643 et
2936 589 3270 661 JEgg'ptiacae
3316 592 3520 645 multo-

1937 693 2058 732 rum
2105 678 2332 733 deorum
2373 680 2754 750 superstitioni
2799 677 2963 736 dediti
2992 722 3006 746 ,
3057 683 3163 736 alia
3213 682 3269 736 in
3320 691 3518 747 morte,

1937 771 2134 825 anima:
2155 771 2388 835 scilicet,
2422 773 2657 828 demersi
2692 781 2870 829 erant.
2903 773 3085 840 Quare
3109 775 3197 828 hic
3228 791 3336 830 non
3367 794 3517 830 com-

1935 877 2156 918 munem
2203 870 2436 918 mortem
2491 863 2629 934 ipsis
2677 865 2888 919 illatam
2937 881 3061 922 esse
3111 867 3379 936 docetur;
3423 871 3517 925 scd

1937 964 2167 1009 mortem
2205 956 2532 1010 animarum.
2559 957 2692 1011 Nam
2727 959 3120 1013 exterminatur
3148 962 3256 1027 ille,
3289 962 3374 1016 cui
3409 973 3519 1016 tra-

1935 1041 2036 1096 diti
2073 1051 2222 1110 sunt,
2253 1045 2438 1100 statim
2465 1054 2627 1117 atque
2661 1063 2889 1118 corpora
2920 1049 3186 1105 dissoluta
3217 1062 3365 1119 sunt,
3399 1054 3522 1108 ani-

1935 1151 2054 1189 mas
2092 1137 2356 1208 abripuit,
2397 1139 2450 1192 in
2506 1140 2804 1210 perniciem
2867 1141 3146 1198 abducens
3181 1160 3293 1200 eas.
3339 1145 3518 1210 Quare

1935 1243 2154 1284 rursum
2195 1231 2473 1296 scribitur,
2513 1232 2633 1287 Non
2683 1235 2910 1302 pepercit
2957 1253 2988 1288 a
3030 1246 3194 1290 morte
3240 1239 3516 1292 animabus

1933 1337 2134 1376 eorum.
2169 1320 2362 1378 Postea
2392 1340 2524 1380 vero
2548 1326 2664 1381 hzec
2689 1327 2931 1383 declarat
2959 1345 2970 1380 :
3009 1328 3072 1381 Et
3108 1331 3367 1397 percussit
3401 1349 3516 1384 om-

1935 1428 1996 1465 ne
2026 1413 2430 1484 primogenitum
2464 1416 2518 1469 in
2561 1426 2703 1471 terra
2753 1419 2996 1492 Aigypti,
3037 1422 3303 1488 primitias
3345 1423 3516 1479 omnis

1935 1504 2133 1559 laboris
2161 1522 2364 1560 eorum.
2398 1505 2504 1561 Pro
2537 1509 2629 1562 illo
2668 1519 2870 1572 autem,
2899 1513 3163 1580 primitias
3199 1512 3393 1566 laboris
3423 1529 3508 1568 eo-

1933 1613 2049 1650 rum
2082 1599 2136 1650 in
2165 1597 2541 1664 ,tabernacutis
2593 1600 2780 1666 Cham,
2815 1601 3207 1674 Symmachus,
3251 1607 3516 1674 primitias

1932 1691 2139 1746 virtutis
2173 1709 2374 1757 eorum,
2403 1695 2796 1764 interpretatus
2826 1704 2927 1752 est.
2961 1696 3096 1752 Nam
3131 1698 3513 1770 primogenita,

1932 1784 2189 1851 primitiae
2211 1785 2430 1841 virtutis
2463 1786 2804 1858 gignentium
2832 1797 3009 1844 erant.
3044 1792 3150 1846 Per
3178 1792 3384 1862 primas
3413 1793 3518 1846 ita-

1867 1859 1907 1912 Β
1935 1891 2043 1946 que
2083 1877 2272 1950 plagas
2314 1879 2473 1949 quasi
2514 1879 2582 1934 ad
2627 1880 3007 1951 paenitentiam
3053 1859 3201 1953 ipsos
3242 1899 3514 1951 evocans,

1935 1985 2030 2040 per
2068 1970 2474 2039 patientiam’et
2503 1971 2847 2027 tolerantiam
2884 1989 3061 2039 suam,
3091 1975 3352 2045 paulatim
3382 1975 3518 2046 ipsis

1935 2067 2202 2138 supplicia
2261 2067 2551 2123 inferebat.
2603 2067 2660 2122 ln
2694 2068 2802 2124 fine
2843 2085 2974 2125 vero
3023 2085 3133 2125 non
3185 2073 3427 2141 pepercit
3485 2086 3516 2125 a

1934 2165 2109 2212 morte
2163 2157 2452 2213 animabus
2500 2173 2723 2224 eorum;
2767 2159 2862 2214 sed
2907 2159 3069 2214 etiam
3121 2161 3370 2230 jumenta
3421 2178 3516 2216 eo-

1934 2248 2152 2303 rum-in
2192 2258 2369 2304 morte
2418 2250 2714 2306 conclusit.
2771 2250 2906 2304 Nam
2958 2267 3121 2308 omne
3182 2255 3519 2325 primogeni-

1937 2347 2050 2393 tum
2092 2340 2148 2393 in
2197 2348 2342 2395 terra
2398 2339 2618 2412 Egypti
2664 2341 3038 2406 occidebatur,
3089 2354 3197 2398 tam
3237 2345 3518 2415 jumento-

1935 2446 2080 2495 rum,
2132 2447 2294 2501 quam
2334 2431 2638 2486 hominum.
2690 2431 2797 2486 Sed
2844 2445 3098 2488 accurate
3129 2435 3422 2490 admodum
3454 2438 3521 2492 de

1935 2521 2250 2578 hominibus
2273 2508 2495 2593 quidem
2531 2523 2607 2576 ait
2632 2524 2846 2578 animas
2876 2540 3064 2579 eorum
3092 2527 3252 2579 morti
3284 2528 3519 2584 traditas

1935 2614 2108 2669 fuisse
2146 2632 2160 2667 :
2207 2613 2397 2668 aderat
2443 2614 2644 2685 quippe
2691 2613 2905 2669 daemon
2954 2618 3370 2682 exterminator,
3421 2622 3517 2689 qui

1935 2707 2146 2761 animas
2171 2706 2333 2760 etiam
2363 2721 2552 2761 eorum
2603 2717 2723 2776 post
2767 2717 2998 2762 mortem
3046 2709 3341 2778 abriperet.
3380 2711 3518 2767 Cum

1934 2799 2002 2855 de
2028 2799 2294 2869 jumentis
2329 2814 2493 2870 porro
2529 2801 2730 2869 agitur,
2779 2816 2891 2854 non
2940 2802 3081 2854 ultra
3127 2802 3338 2858 animas
3365 2819 3517 2858 com-

1935 2899 2234 2959 memorat;
2294 2894 2389 2946 sed
2443 2891 2621 2946 solum
2671 2907 3016 2947 communem
3072 2902 3126 2950 et
3177 2898 3515 2966 corporalem

1935 2992 2169 3039 mortem
2203 3005 2216 3039 :
2250 2984 2503 3055 jumenta
2559 2987 2829 3056 siquidem
2878 3002 2987 3041 non
3035 2989 3247 3045 animas
3294 2991 3515 3055 habent,

1934 3092 2055 3147 qua:
2094 3085 2220 3147 post
2268 3078 2517 3148 corporis
2572 3078 2899 3134 solutionem
2962 3089 3239 3146 maneant,
3293 3083 3520 3153 perinde

1936 3180 2097 3240 atque
2141 3171 2424 3227 hominum
2473 3173 2688 3227 animte.
2741 3171 2892 3227 Hanc
2945 3188 3076 3229 vero
3128 3175 3302 3244 ipsam
3346 3177 3519 3231 histo-

1935 3263 2072 3316 riam
2119 3261 2339 3318 diverso
2383 3264 2549 3318 modo
2591 3263 2804 3337 Moyses
2856 3275 2910 3319 et
2948 3266 3037 3320 hic
3082 3269 3324 3336 psalmus
3357 3285 3520 3325 enar-

1932 3360 2079 3409 rant.
2104 3352 2238 3408 Nam
2267 3354 2360 3410 ille
2381 3356 2600 3426 quidem
2635 3357 2774 3410 dixit
2803 3360 3285 3415 exterminatorem
3312 3363 3518 3432 prime-

1933 3447 2242 3516 genitorum
2283 3447 2446 3502 morti
2495 3449 2884 3514 ministrasse;
2927 3450 3015 3504 hic
3054 3467 3184 3506 vero
3215 3468 3395 3509 sermo
3423 3469 3518 3524 per

1933 3541 2160 3610 angelos
2189 3539 2364 3594 malos
2402 3540 2515 3594 haec
2548 3541 2694 3595 facta
2731 3543 2906 3598 fuisse
2945 3553 3151 3599 narrat.
3202 3545 3377 3615 Atque
3407 3547 3517 3601 illic

1931 3633 2151 3701 quidem
2204 3632 2420 3704 Moyses
2491 3635 2760 3705 sanguine
2844 3637 3283 3704 superliminaria
3349 3647 3517 3693 uncta

1933 3720 2106 3776 fuisse
2125 3731 2334 3788 narrat,
2359 3723 2528 3779 ethoc
2555 3728 2768 3796 signum
2789 3726 2958 3780 fuisse
2982 3727 3050 3780 ad
3086 3728 3304 3782 tutelam
3327 3743 3514 3782 eorum

1931 3811 2022 3880 qui
2057 3811 2126 3866 ab
2172 3813 2598 3870 exterminatore
2657 3814 2998 3886 effugerunt;
3051 3818 3137 3872 hic
3195 3833 3322 3874 vero
3371 3818 3517 3874 Deus

1929 3901 2073 3954 viam
2106 3899 2302 3958 fecisse
2335 3902 2538 3957 dicitur
2568 3912 2621 3958 et
2652 3905 2926 3971 semitam,
2965 3916 3022 3960 ut
3051 3908 3349 3978 eﬂugerent
3379 3907 3513 3962 iram

1932 4007 2110 4048 suam.
2148 3992 2276 4049 Haec
2307 4011 2494 4066 porro,
2524 3995 2720 4067 inquit,
2749 3997 2803 4050 in
2837 3998 3207 4054 tabernaculis
3233 3998 3403 4054 Cham
3434 3999 3516 4055 ef-

1932 4086 2074 4142 fecta
2100 4095 2251 4154 sunt,
2297 4089 2414 4144 sive
2439 4090 2740 4146 secundum
2780 4089 3192 4162 Symmachum,
3224 4097 3278 4146 in
3307 4092 3516 4146 habita-

1931 4181 2165 4236 tionibus
2201 4179 2408 4244 Cltam;
2439 4183 2555 4238 sive
2601 4183 2906 4238 secundum
2951 4184 3225 4256 Aquilam,
3275 4185 3330 4239 in
3366 4187 3512 4240 tectis

1931 4272 2118 4328 Citam.
2161 4273 2330 4340 Queis
2377 4275 2672 4331 edocemur
2716 4274 3012 4348 Egyptum
3057 4275 3226 4332 fuisse
3259 4278 3512 4333 taberna-

1930 4363 2054 4417 cula
2091 4363 2284 4419 Cham.
2317 4365 2456 4420 Cum
2487 4367 2632 4422 enim
2663 4365 2790 4421 Non:
2821 4375 2934 4421 tres
2965 4367 3057 4420 filii
3095 4367 3318 4430 fuerint,
3357 4367 3508 4434 Scm,

1931 4455 2124 4518 Cham.
2150 4456 2376 4526 Japhet;
2405 4458 2575 4512 Cham
2609 4458 2712 4513 fuit
2743 4466 2895 4528 pater
2924 4458 3220 4524 Chanaan;
3249 4459 3509 4516 Chanaan

258 4552 464 4621 Ἰάφεθ,
489 4555 518 4606 6
550 4553 679 4624 Χάμ
707 4555 895 4623 γέγονε
925 4556 1107 4626 πατὴρ
1133 4555 1225 4608 τοῦ
1255 4555 1496 4622 Χαναὰν,
1525 4556 1744 4609 Χαναὰν
1773 4555 1828 4608 δὲ

1933 4564 2064 4604 vero
2125 4558 2276 4618 pater
2320 4549 2594 4613 Mesraim,
2649 4550 2743 4620 qui
2805 4557 2925 4604 erat
2970 4549 3272 4620 IEgyptus;
3325 4566 3355 4606 a
3401 4568 3509 4623 quo

247 4647 435 4718 πατὴρ
489 4645 582 4699 τοῦ
613 4646 892 4718 Μεσραῒμ,
921 4646 980 4710 ὃς
1019 4642 1088 4719 ἦν
1125 4647 1419 4718 Αἴγυπτος,
1455 4648 1548 4718 ἀφ’
1581 4642 1642 4702 οὗ
1668 4645 1832 4714 Αίγύ-

244 4756 397 4792 πτιοι
426 4738 626 4802 πάντες
645 4756 658 4768 ⁸
693 4737 822 4792 ὥστ’
856 4739 1080 4802 εἰκότως
1111 4740 1210 4812 τὴν
1248 4738 1357 4793 τῶν
1389 4737 1697 4807 Αἰγυπτίων
1722 4736 1831 4807 χώ-

248 4849 353 4904 ραν
401 4831 736 4903 σκηνώματα
785 4830 879 4885 τοῦ
926 4831 1274 4903 προπάτορος
1327 4831 1422 4885 τοῦ
1455 4828 1718 4902 Μεσραῖμ
1751 4829 1832 4881 εί-

1930 4639 2170 4712 )Egyptii
2201 4655 2428 4708 omnes;
2473 4643 2545 4696 ita
2576 4649 2636 4696 ut
2663 4642 2788 4711 jure
2825 4640 3203 4713 Egyptiorum
3244 4644 3393 4714 regio
3421 4653 3509 4698 ta-

1927 4734 2223 4788 bernacula
2279 4735 2364 4789 avi
2415 4734 2667 4790 Mesraim
2719 4749 2844 4790 esse
2894 4734 3129 4790 dicatur.
3193 4733 3295 4791 Hic
3340 4752 3506 4807 porro

1926 4825 2102 4881 Cham
2129 4834 2268 4894 erat,
2305 4827 2396 4899 qui
2428 4828 2635 4899 primus
2668 4825 2962 4899 Egyptnm
2992 4826 3239 4882 incoluit.

250 4928 472 5000 ρῆσθαι.
503 4924 671 4993 Οὗτος
713 4929 770 4983 δὲ
817 4924 886 5000 ἦν
915 4931 944 4984 6
977 4927 1108 4998 Χὰμ
1154 4927 1251 5000 τὴν
1305 4927 1575 4997 Αἴγυπτον
1624 4925 1838 4998 πρῶτος
1864 4921 2112 4992 οἰκήσας.

318 5027 427 5080 Καὶ
464 5025 698 5094 ἀπῆρεν
724 5028 796 5092 ὡς
853 5027 1115 5094 πρόϐατα
1153 5026 1259 5080 τὸν
1294 5025 1450 5081 λαὸν
1485 5023 1693 5086 αὐτοῦ,
1734 5022 1829 5077 καὶ

244 5121 315 5175 τὰ
364 5119 510 5191 ἑξῆς.
564 5118 718 5174 Μετὰ
759 5120 860 5190 τὴν
894 5120 1037 5174 κατὰ
1086 5136 1194 5174 των
1243 5119 1557 5188 Αἰγυπτίων
1597 5118 1828 5188 δεκάτην

248 5211 486 5282 πληγὴν,
515 5211 666 5275 ὅπως
689 5212 787 5282 τὴν
823 5213 920 5266 ἀπ’
949 5211 1221 5281 Αίγύπτου
1251 5210 1474 5283 πορείαν
1507 5211 1828 5282 πεποίηνται

243 5300 488 5354 διδάσκει
531 5303 792 5370 φάσκων·
846 5303 958 5357 Kal
1010 5303 1242 5373 ἀπῆρεν
1285 5303 1367 5368 ὡς
1411 5303 1675 5370 πρόϐατα
1722 5300 1829 5355 τὸν

245 5393 402 5446 λαὸν
448 5393 637 5447 αὑτοῦ
662 5435 678 5460 ,
739 5395 838 5448 καὶ
895 5393 1195 5465 ἀνήγαγεν
1245 5392 1467 5458 αὐτοὺς
1524 5390 1623 5444 καὶ
1680 5391 1824 5446 ὡσεί

244 5487 530 5556 ποίμνιον
576 5488 645 5541 ἐν
688 5488 902 5558 ἐρήμῳ.
954 5488 1067 5542 Καὶ
1117 5486 1434 5557 ὡδήγησεν
1477 5485 1700 5550 αὐτοὺς
1755 5485 1826 5538 ἐν

246 5577 467 5642 ἑλπίδι,
514 5579 611 5633 καί
667 5583 775 5634 οὐκ
821 5580 1186 5635 ἐδειλίασαν.
1241 5577 1398 5633 Κατὰ
1429 5577 1486 5631 δὲ
1537 5575 1628 5631 τὸν
1663 5577 1824 5633 Ἀκύ-

247 5681 370 5723 Ααν·
421 5670 532 5725 Kal
577 5671 1004 5743 καθωδήτησεν
1042 5672 1263 5739 αὐτοὺς
1308 5675 1396 5738 εις
1440 5671 1821 5738 πεποίθησιν,

247 5766 344 5819 καί
374 5766 485 5821 οὐκ
511 5765 922 5836 ἐπενοήθησαν·
959 5767 1098 5821 κατὰ
1126 5766 1181 5820 δὲ
1205 5767 1294 5822 τὸν
1322 5766 1636 5834 Σύμμαχον,
1652 5763 1821 5832 ’.Ωδιὶ-

2003 5017 2176 5076 νεεδ.
2213 5019 2306 5087 52,
2343 5019 2430 5076 53.
2479 5017 2548 5072 Et
2609 5018 2830 5073 abstulit
2891 5017 3028 5071 sicut
3095 5035 3210 5071 oves
3257 5020 3503 5086 populum

1929 5130 2107 5179 suum,
2151 5121 2259 5170 etc.
2321 5113 2455 5169 Post
2514 5112 2779 5167 decimam
2819 5109 3204 5183 Egyptiornm
3267 5114 3497 5182 plagam,

1929 5207 2204 5276 quomodo
2249 5207 2429 5262 exitus
2469 5221 2536 5260 ex
2572 5203 2808 5276 Egypto
2853 5205 3142 5276 contigerit
3194 5205 3278 5259 his
3322 5203 3502 5257 verbis

1928 5301 2086 5355 docet
2141 5319 2154 5353 :
2204 5298 2273 5352 Et
2326 5297 2546 5352 abstulit
2592 5299 2729 5353 sicut
2770 5313 2886 5352 oves
2934 5299 3182 5367 populum
3232 5313 3406 5359 suum,
3451 5305 3499 5347 et

1930 5391 2175 5462 perduxit
2202 5409 2290 5446 eos
2326 5403 2580 5462 tanquam
2604 5407 2809 5463 gregem
2846 5393 2898 5446 in
2925 5391 3131 5446 deserto
3159 5407 3176 5443 :
3204 5399 3253 5442 et
3283 5388 3501 5442 deduxit

1929 5503 2017 5540 eos
2062 5487 2118 5539 in
2172 5501 2260 5552 spe
2286 5493 2335 5538 et
2369 5502 2473 5539 non
2523 5487 2842 5548 timuerunt;
2895 5484 3190 5538 secundum
3248 5479 3506 5548 Aquilam-

1927 5593 2059 5634 vero
2093 5597 2106 5632 :
2131 5575 2202 5632 Et
2227 5577 2444 5631 deduxit
2471 5593 2557 5631 eos
2585 5578 2639 5630 in
2672 5576 2891 5646 fiducia,
2921 5583 2971 5626 et
3008 5589 3108 5624 non
3143 5571 3312 5623 territi
3339 5580 3497 5632 sunt;

1932 5673 2232 5728 secundum
2287 5670 2696 5742 Symmachum,
2752 5665 2980 5720 Deduxit
3029 5679 3115 5716 eos
3159 5663 3271 5718 sine
3311 5664 3500 5716 timore

1931 5774 1979 5818 et
2011 5774 2248 5828 terrore;
2283 5772 2333 5819 et
2368 5761 2609 5817 inimicos
2640 5772 2816 5812 eorum
2849 5752 3049 5822 operuit
3084 5768 3246 5808 mare.
3285 5750 3350 5808 Ει
3385 5753 3500 5807 hinc
