4008 6210
491 262 593 320 951
1167 266 1435 324 EUSEBII
1473 266 1950 324 CAESARIENSIS
1988 267 2139 324 OPP.
2182 267 2360 334 PARS
2401 267 2491 324 Ill.
2533 301 2600 311 ——
2643 264 3060 322 EXEGETICA.
3637 255 3751 314 932

494 375 714 448 quidem
773 384 898 432 ante
953 391 1140 433 eorum
1200 379 1254 433 in
1309 379 1528 436 deserto
1586 381 2070 436 commorationem

2174 395 2364 452 γησεν
2402 380 2624 446 αὐτοὺς
2646 379 2908 449 ἀφόϐους
2939 376 3034 430 καὶ
3067 371 3431 439 ἀπτοήτους·
3465 372 3568 424 καὶ
3602 372 3751 438 τοὺς

495 476 647 539 gesta
673 477 830 534 sunt;
866 484 1041 539 neque
1070 472 1214 525 enim
1247 487 1428 527 sermo
1455 473 1598 528 serie
1640 489 1820 527 rerum
1858 474 2060 541 utitur;

2169 474 2416 542 ἐχθροὺς
2450 471 2648 526 αὐτῶν
2682 469 2991 539 ἐκάλυψεν
3017 467 3056 534 ἡ
3089 465 3392 520 θάλασσα.
3433 465 3543 518 Καὶ
3573 462 3747 518 ταῦτα

495 558 591 613 sed
642 567 830 629 utpote
884 560 940 615 in
997 562 1200 632 hymno
1245 571 1299 617 et
1345 566 1559 619 cantico
1594 573 1925 635 prmpostere
1977 582 2064 621 res

2175 565 2274 636 μὲν
2319 561 2556 636 πρότερα
2597 559 2663 634 ἦν
2687 563 2788 633 τῆς
2839 561 2980 616 κατὰ
3023 560 3122 631 τὴν
3156 558 3359 630 ἔρημον
3419 556 3744 628 διατριϐῆς·

492 658 735 704 enarrat.
778 650 958 718 Quare
987 667 1110 706 cum
1140 668 1204 707 ea
1228 671 1348 724 quae
1392 655 1526 726 ipsis
1557 656 1611 710 in
1645 658 1862 712 deserto
1891 657 2066 713 couti-

2171 657 2230 710 ού
2264 657 2368 728 μὴν
2409 656 2502 709 καὶ
2549 658 2578 708 ό
2609 656 2764 724 λόγος
2793 658 2861 726 τῇ
2894 653 3044 718 τάξει
3075 652 3340 722 κέχρηται
3373 649 3479 702 τῶν
3526 665 3747 719 πεπρα-

493 752 706 812 gerant,
754 752 808 797 et
860 753 1082 815 peccata
1129 762 1252 816 quae
1294 747 1345 800 in
1385 750 1680 805 solitudine
1708 751 2061 814 admiserant,

2171 750 2385 820 γμένων
2407 766 2418 778 ·
2465 749 2539 813 ὡς
2567 751 2622 802 ἐν
2652 748 2804 819 ὕμνῳ
2839 747 2895 800 δὲ
2924 747 3018 801 καὶ
3049 745 3161 816 ᾡδῇ
3190 743 3258 797 τά
3287 741 3516 813 δεύτερα
3549 742 3748 813 πρῶτα

490 837 816 906 quotiesque
845 835 1025 907 ipsum
1060 840 1518 896 exacerbaverant
1546 851 1894 911 enarrasset;
1925 856 2068 914 post-

2170 841 2351 913 τίθησι
2390 842 2481 895 καὶ
2512 840 2580 894 τὰ
2609 841 2797 913 πρῶτα
2825 840 3070 911 δεύτερα.
3100 838 3190 891 Διὸ
3218 837 3287 890 τά
3316 837 3456 891 κατά
3484 835 3583 906 τὴν
3614 834 3745 905 ἔρη-

489 940 553 979 ea
585 925 828 994 priorum
859 927 1188 983 mentionem
1223 930 1374 995 facit,
1409 942 1465 986 ut
1495 949 1800 990 sermonem
1833 951 1940 990 non
1974 938 2062 991 tri-

2177 953 2273 1006 μον
2319 935 2615 1006 συμόάντα,
2651 935 2743 988 καὶ
2774 936 2872 988 ὅσα
2904 934 3146 1004 ἥμαρτον
3188 932 3247 984 ἐν
3277 933 3342 1002 τῇ
3392 931 3608 1000 ἐρήμῳ,
3653 929 3749 980 καὶ

493 1018 690 1082 stibus,
714 1019 806 1074 sed
838 1018 932 1075 Dei
958 1020 1236 1078 beneﬁciis
1259 1024 1702 1082 circumscribat.
1727 1028 2066 1099 Quapropter

2171 1029 2359 1092 ὁσάκις
2394 1030 2816 1099 παρεπίκραινον
2852 1025 3375 1097 προδιηγησάμενος,
3405 1022 3542 1092 μετά
3575 1020 3749 1075 ταῦτα

493 1109 594 1162 sub
623 1107 739 1163 haec
776 1109 938 1164 rebus
984 1125 1015 1164 a
1063 1109 1172 1165 Deo
1217 1114 1269 1166 in
1313 1112 1545 1185 Egypto
1578 1116 1770 1186 gestis,
1810 1126 1864 1173 et
1897 1119 2065 1174 maris

2172 1121 2269 1193 τήν
2309 1122 2417 1174 τῶν
2451 1123 2682 1194 πρώτων
2719 1121 2934 1190 μνήμην
2965 1121 3219 1180 ποιεῖται,
3257 1116 3333 1178 ὡς
3366 1115 3428 1168 ἂν
3461 1115 3554 1166 τὸν
3589 1113 3749 1180 λόγον

491 1197 931 1258 Rubritransitui
953 1203 1103 1258 addit
1123 1204 1254 1259 illud
1281 1205 1538 1263 :—Vsns.
1565 1208 1655 1274 54,
1669 1209 1754 1264 55.
1769 1208 1834 1263 Et
1860 1211 2065 1264 induxit

2174 1213 2527 1285 περιγράψειε
2562 1212 2635 1285 μὴ
2662 1213 2741 1275 εἰς
2769 1211 3006 1282 λυπηρά,
3035 1209 3150 1264 ἀλλ’
3180 1210 3273 1262 ἐπὶ
3317 1211 3428 1270 ταῖς
3469 1206 3565 1259 τοῦ
3609 1202 3749 1257 Θεοῦ

494 1308 576 1346 eos
631 1293 685 1346 in
727 1304 956 1349 montem
997 1297 1436 1366 sanctificationis
1480 1315 1613 1364 siue,
1653 1312 1878 1356 montem
1929 1303 2064 1357 hunc

2172 1305 2530 1375 εὐεργεσίαις.
2562 1303 2761 1376 Διόπερ
2791 1301 2918 1372 ἐξῆς
2950 1302 3304 1356 ἐπισυνάπτει
3331 1301 3442 1362 τοῖς
3474 1297 3618 1350 κατά
3647 1297 3750 1366 τὴν

493 1401 642 1454 quem
668 1387 946 1457 acquisivit
983 1387 1203 1443 dextera
1228 1390 1362 1458 ejus.
1399 1390 1498 1446 llic
1525 1407 1588 1447 ea
1617 1409 1739 1463 quae
1767 1393 1820 1448 iu
1848 1393 2065 1452 deserto

2172 1392 2442 1461 Αἴγυπτον
2472 1393 2575 1445 ὑπὸ
2601 1393 2694 1445 τοῦ
2739 1392 2872 1444 Θεοῦ
2901 1391 3326 1464 πεπραγμένοις,
3369 1388 3464 1441 καὶ
3492 1390 3560 1458 τῇ
3590 1386 3749 1455 διόδῳ

493 1477 1068 1548 contigerantsilentio
1096 1482 1286 1548 mittit,
1319 1485 1444 1554 quia
1473 1501 1662 1540 eorum
1689 1488 2062 1544 recensionem

2176 1484 2886 1557 τῆςἘρυθρᾶςθαλάσσης,
2912 1483 3117 1546 τὸ,Καὶ
3159 1479 3481 1550 εισήγαγεν
3523 1476 3748 1541 αὐτοὺς

491 1570 848 1638 praemiserat.
901 1571 1054 1627 Mons
1104 1582 1282 1628 autem
1322 1577 1570 1644 quinam,
1623 1576 1730 1630 nisi
1779 1575 1984 1641 Sionis,
2009 1579 2063 1632 in

2171 1584 2257 1647 εὶς
2297 1580 2432 1648 ὄρος
2469 1579 2831 1649 ἀγιάσματος
2885 1577 3090 1640 αὑτοῦ,
3121 1574 3258 1644 ὄρος
3301 1573 3476 1626 τοῦτο
3509 1570 3540 1624 ὃ
3573 1569 3749 1634 ἐκτή-

494 1676 602 1732 quo
647 1660 948 1716 Jerusalem
1003 1664 1108 1718 sub
1153 1664 1268 1720 hzec
1317 1673 1441 1735 post
1487 1666 1692 1737 Asaphi
1741 1675 1795 1723 et
1842 1666 2064 1725 Davidis

2171 1688 2319 1728 σατο
2347 1673 2384 1740 ὴ
2419 1671 2586 1736 δεξιὰ
2623 1669 2838 1723 αὐτοῦ·
2869 1668 2938 1722 τὰ
2982 1667 3122 1722 κατὰ
3147 1667 3245 1738 τὴν
3269 1666 3474 1738 ἔρημον
3511 1663 3748 1716 ἐνταῦθα

493 1763 734 1824 tempora
780 1761 990 1808 structa
1035 1755 1156 1810 est?
1217 1754 1424 1812 Deinde
1490 1759 1861 1815 narrationem
1905 1776 2062 1814 resu-

2171 1765 2582 1836 ἀποσιωπήσας,
2609 1764 2696 1817 διά
2720 1763 2780 1816 τὸ
2807 1761 3190 1833 προειληφέναι
3217 1759 3400 1813 αὐτῶν
3429 1758 3526 1829 τὴν
3553 1758 3748 1829 διήγη-

495 1845 594 1898 mit
623 1845 697 1898 ita
759 1846 986 1916 loquens
1023 1865 1036 1900 :
1092 1845 1160 1900 Et
1209 1847 1360 1916 ejecil
1401 1865 1435 1902 a
1471 1848 1606 1919 facie
1636 1867 1814 1903 eorum
1871 1861 2065 1921 gentes.

2172 1875 2276 1910 σιν.
2309 1858 2469 1928 Ὄρος
2496 1856 2552 1909 δὲ
2588 1859 2739 1908 ποῖον
2769 1855 2802 1926 ἦ
2833 1854 2894 1907 τὸ
2918 1852 3073 1916 Σιὼν,
3107 1853 3190 1921 ἐφ’
3212 1846 3256 1920 ᾧ
3287 1849 3637 1923 Ἰερουσαλὴμ
3666 1851 3748 1922 (1)

495 1948 548 1993 et
618 1950 758 1993 sorte
811 1940 988 1993 divisit
1036 1941 1110 1994 eis
1180 1950 1372 1995 terram
1413 1944 1465 1995 in
1522 1943 1758 2012 funiculo
1817 1943 2070 1998 distribu-

2169 1951 2391 2023 ὖστερον
2421 1949 2559 2021 μετά
2591 1950 2715 2012 τοὺς
2737 1947 2959 2019 χρόνους
2991 1946 3084 1999 τοῦ
3125 1946 3296 2014 Ἀσάφ
3335 1945 3430 1998 καὶ
3459 1942 3553 1996 τοῦ
3581 1941 3749 1995 Acut?!

491 2031 670 2085 tionis.
727 2030 794 2083 Et
841 2031 1082 2086 habitare
1111 2033 1233 2100 fecit
1289 2034 1342 2088 in
1378 2034 1736 2090 tabernaculis
1763 2053 1944 2090 eorum
1970 2038 2068 2090 tri-

2168 2041 2518 2113 ῲκοδομήθη;
2571 2036 2668 2094 εἶτ’
2713 2037 3156 2108 ἐπαναλαμϐάνει
3207 2035 3305 2107 τὴν
3358 2034 3607 2106 διήγησιν
3655 2033 3750 2086 διὰ

490 2122 588 2176 bus
625 2122 821 2179 Israel.
852 2124 1144 2196 Postquam
1181 2127 1486 2197 ingressum
1515 2129 1571 2182 in
1604 2137 1802 2183 terram
1834 2131 2067 2199 promis-

2169 2135 2273 2189 τῶν
2301 2135 2425 2206 ἐξῆς
2451 2134 2624 2201 λέγων
2643 2150 2655 2163 ·
2695 2131 2805 2187 Kai
2833 2130 3119 2196 ἐξέϐαλεν
3141 2128 3260 2183 ἀπὸ
3287 2125 3611 2196 προσώπου
3634 2127 3752 2181 αὐ-

493 2217 667 2272 sionis
709 2219 1054 2284 memoravit,
1098 2225 1152 2272 et
1179 2219 1455 2289 quomodo
1491 2221 1880 2290 occupaverint
1915 2236 2069 2276 mon-

2170 2225 2286 2281 τῶν
2309 2227 2476 2293 ἔθνη,
2506 2226 2603 2278 καὶ
2637 2222 3117 2291 ἐκληροδότησεν
3141 2219 3362 2286 αὐτοὺς
3390 2219 3460 2272 ἐν
3494 2218 3753 2286 σχοινίῳ

491 2314 604 2363 tem
648 2306 802 2368 Sion.
845 2325 1005 2378 quem
1040 2309 1219 2380 longis
1261 2317 1453 2379 postea
1494 2312 1833 2380 temporibus
1873 2310 2064 2377 David,

2170 2317 2588 2386 κληροδοσίας.
2637 2317 2746 2371 Καὶ
2793 2313 3253 2380 κατεσκήνωσεν
3301 2313 3372 2366 ἐν
3415 2311 3538 2377 τοῖς
3588 2325 3753 2377 σκη-

490 2401 664 2471 pulsis
695 2401 876 2472 gladio
903 2400 1168 2457 Jebusaais
1199 2402 1472 2470 obtinuit;
1507 2403 1792 2459 historiam
1817 2405 2065 2472 resumit,

2172 2407 2432 2478 νώμασιν
2459 2407 2657 2461 αὐτῶν
2700 2407 2805 2472 τὰς
2842 2406 3041 2474 φυλὰς
3073 2402 3178 2458 τοῦ
3223 2402 3487 2470 Ἰσραήλ.
3515 2402 3755 2470 Μνημο-

492 2493 817 2563 compendio
843 2509 1100 2559 narrans,
1133 2495 1410 2566 quomodo
1439 2503 1563 2564 post
1587 2506 1818 2550 mortem
1842 2496 2064 2568 Moysis,

2169 2499 2361 2562 νεύσας
2406 2500 2503 2570 τῆς
2558 2497 2760 2553 εἰσόδου
2803 2497 2902 2567 τῆς
2947 2497 3025 2558 εἰς
3059 2492 3158 2566 τὴν
3210 2493 3313 2564 γῆν
3361 2492 3460 2563 τῆς
3501 2494 3752 2560 ἐπαγγε-

491 2587 629 2642 duce
652 2585 782 2642 Jesu
816 2586 926 2642 filio
949 2586 1116 2653 Nave,
1147 2587 1470 2643 transierint
1509 2588 1563 2642 iu
1595 2596 1796 2643 terram
1833 2592 2066 2660 promis-

2176 2593 2305 2658 λίας,
2335 2593 2428 2646 καὶ
2461 2591 2536 2655 ὡς
2573 2589 2902 2658 ἀπειλήφασι
2927 2587 2987 2640 τὸ
3013 2586 3138 2658 ὅρος
3187 2587 3240 2639 τὸ
3280 2585 3439 2648 Σιὼν,
3465 2586 3600 2656 ὅπερ
3641 2602 3759 2654 μα-

491 2680 685 2746 sionis,
715 2687 771 2734 et
801 2678 1136 2749 alienigenas
1160 2679 1302 2734 bello
1325 2679 1394 2733 ab
1423 2695 1482 2734 se
1514 2679 1758 2743 devictos
1797 2695 1825 2733 a
1849 2680 2068 2749 regione

2171 2689 2318 2758 κροίς
2368 2684 2592 2755 ὓστερον
2637 2683 2848 2754 χρόνοις
2889 2680 3156 2750 ἐκτήσατο
3199 2677 3358 2731 Δαυῒδ
3401 2677 3458 2729 έν
3494 2677 3754 2748 ῥομφαίᾳ

493 2770 794 2842 exegerint,
821 2779 875 2826 et
909 2769 1154 2825 funiculo
1179 2771 1483 2825 dimensam
1515 2779 1714 2827 terram
1747 2779 1895 2826 sorte
1923 2772 2066 2826 αἰτία

2170 2779 2254 2832 τὸν
2300 2777 2619 2831 Ἰεϐουσαῖον
2650 2775 2868 2838 ἐλάσας,
2897 2769 3336 2842 ἐπαναλαμϐάνει
3367 2771 3465 2842 τὴν
3498 2768 3753 2841 ἱστορίαν

489 2863 678 2918 serint.
710 2861 914 2917 Deinde
933 2863 1082 2932 ipsos
1111 2864 1307 2918 iterum
1326 2865 1573 2934 coarguit
1627 2861 1816 2933 (Vens.
1851 2863 2064 2934 56-58),

2174 2871 2317 2924 ὲπιτε
2327 2871 2608 2941 μνόμενος,
2633 2868 2708 2930 ὼς
2737 2867 2873 2938 μετά
2895 2864 2992 2937 τὴν
3016 2863 3271 2934 τελευτὴν
3295 2863 3552 2925 Μωσέως,
3575 2863 3757 2931 ήγουο

492 2957 684 3012 dicens
737 2971 834 3010 eos
869 2956 1148 3025 prioribus
1182 2955 1238 3010 in
1273 2955 1492 3011 deserto
1525 2955 1783 3010 admissis
1829 2957 2067 3026 peccatis

2172 2958 2332 3031 μένου
2360 2955 2537 3009 αὐτῶν
2573 2953 2746 3026 Ἰησοῦ
2779 2953 2878 3007 τοῦ
2904 2953 3084 3022 Ναυῆ,
3112 2950 3386 3024 παρῆλθον
3414 2952 3492 3012 εἰς
3512 2951 3609 3021 τὴν
3634 2951 3755 3020 γῆν

490 3062 628 3102 nova
676 3046 814 3100 mala
868 3046 1143 3102 addidisse
1195 3065 1208 3102 :
1265 3061 1329 3101 ac
1359 3055 1650 3117 postquam
1687 3053 1888 3101 terram
1923 3048 2067 3101 obti-

2174 3051 2267 3120 τῆς
2309 3047 2661 3118 ἐπαγγελίας,
2707 3047 2798 3102 καὶ
2847 3047 2920 3109 ὡς
2960 3045 3210 3110 ἐξέϐαλον
3253 3045 3380 3108 τοὺς
3414 3042 3757 3112 ἀλλοφύλους

494 3139 767 3201 nuissent,
800 3137 967 3193 Deum
1021 3139 1298 3194 excelsum
1347 3138 1422 3194 ibi
1471 3139 1667 3192 iterum
1721 3145 1964 3194 tentasse
2011 3145 2065 3192 et

2173 3143 2388 3214 πολέμῳ
2413 3143 2778 3212 κρατήσαντες
2820 3141 2920 3211 τῆς
2949 3139 3150 3210 χώρας,
3177 3139 3269 3193 καὶ
3291 3139 3364 3202 ὼς
3398 3138 3581 3209 κλήρῳ
3612 3138 3756 3190 διεί-

489 3228 864 3292 exacerbasse,
915 3237 967 3283 et
1019 3230 1334 3284 testimonia
1389 3229 1510 3298 ejus
1558 3243 1656 3299 per
1687 3227 1925 3299 Moysem
1958 3229 2064 3284 sibi

2172 3237 2326 3290 λαντο
2357 3235 2552 3306 σχοίνῳ
2583 3234 2948 3306 μετρήσαντες
2971 3233 3068 3302 τὴν
3098 3233 3218 3304 γῆν.
3248 3227 3357 3284 Εἶτ’
3384 3228 3535 3294 αὖθις
3559 3231 3755 3284 αὐτῶν

489 3319 694 3373 tradita
728 3333 839 3372 non
862 3317 1205 3386 custodisse;
1243 3316 1337 3374 sed
1356 3333 1476 3374 sese
1494 3318 1757 3374 avertisse
1796 3333 1859 3372 ac
1875 3319 2067 3389 despe-

2172 3328 2488 3399 κατηγορεί,
2545 3326 2832 3387 διδάσκων,
2865 3323 2941 3388 ὡς
2999 3323 3135 3396 πρὸς
3177 3327 3289 3388 τοῖς
3335 3321 3755 3396 ἡμαρτημένοις

490 3411 638 3468 xisse
665 3411 1122 3483 quemadmodum
1148 3417 1330 3481 patres
1357 3426 1569 3476 eorum,
1603 3420 1662 3474 ει,
1678 3425 1867 3466 versos
1898 3412 2067 3467 fuisse

2174 3417 2309 3472 κατά
2347 3417 2443 3488 τὴν
2476 3416 2679 3489 ἔρημον
2710 3414 3027 3488 προσθήκας
3061 3414 3241 3467 κακῶν
3272 3415 3614 3485 ἐποιήσαντο·
3645 3419 3757 3470 καὶ

490 3505 548 3559 in
579 3520 766 3560 arcum
800 3520 1050 3576 pravum.
1093 3502 1228 3558 Nam
1269 3520 1393 3559 cum
1429 3504 1764 3574 oportuisset
1812 3505 2066 3560 inimicos

2173 3509 2308 3581 μετά
2353 3510 2414 3562 τὸ
2455 3508 2758 3580 κτήσασθαι
2807 3507 2903 3577 τὴν
2941 3508 3065 3577 γῆν,
3110 3508 3404 3578 ἐπείρασαν
3450 3507 3607 3560 πάλιν
3651 3510 3756 3560 ἐν-

489 3597 588 3655 Dei
615 3607 670 3654 et
702 3599 1047 3655 adversarias
1087 3599 1192 3652 sibi
1235 3605 1533 3668 potestates
1570 3598 1690 3654 telis
1727 3599 1988 3668 impetere
2012 3604 2066 3653 et

2170 3601 2339 3655 ταῦθα
2367 3601 2462 3654 καὶ
2500 3601 2911 3672 παρεπίκραναν
2939 3600 3029 3654 τὸν
3076 3600 3207 3653 Θεὸν
3237 3601 3329 3654 τὸν
3361 3601 3593 3670 ὕψιστον,
3636 3603 3753 3656 καὶ

490 3692 817 3759 confodere;
866 3692 971 3763 ipsi
1016 3691 1177 3746 idolis
1220 3691 1386 3746 dediti
1440 3691 1606 3746 Deum
1641 3691 1978 3761 blasphemis
2014 3699 2068 3745 et

2169 3692 2234 3746 τά
2262 3693 2534 3765 μαρτύρια
2561 3694 2724 3747 αὑτοῦ
2763 3696 2833 3748 τά
2861 3694 2948 3749 διὰ
2972 3694 3215 3757 Μωσέως
3243 3695 3420 3757 αὐτοῖς
3442 3693 3752 3764 παραδεδο-

491 3785 720 3841 nefariis
747 3786 930 3841 verbis
963 3784 1303 3854 impetivere.
1345 3783 1526 3850 Quare
1565 3784 1696 3838 facti
1730 3793 1860 3839 sunt
1893 3783 1948 3838 in
1977 3799 2067 3837 ar-

2170 3784 2307 3856 μένα
2331 3785 2430 3837 ούκ
2463 3784 2732 3854 ἐφύλαξαν
2751 3803 2765 3816 ·
2803 3785 2915 3838 ἀλλ’
2942 3785 3292 3857 ἀπέστρεψαν
3324 3787 3415 3840 καὶ
3443 3784 3747 3858 ἠθέτησαν,

490 3893 617 3934 cum
672 3893 898 3950 pravum
932 3897 946 3932 :
976 3877 1122 3948 quod
1172 3878 1276 3932 sub
1328 3878 1542 3932 initium
1593 3875 1928 3932 declaratum
1978 3876 2064 3932 his

2167 3878 2348 3942 καθὼς
2371 3881 2421 3933 οἱ
2450 3879 2680 3951 πατέρες
2705 3879 2902 3944 αὐτῶν,
2945 3879 3039 3933 καὶ
3079 3879 3447 3951 μετετέθησαν
3477 3882 3554 3945 εἰς
3583 3881 3750 3946 τόξον

489 3972 675 4027 verbis
706 3981 790 4026 est
828 3991 841 4026 :
877 3969 1009 4024 Filii
1055 3969 1310 4039 Ephraim
1353 3969 1677 4023 intendentes
1719 3978 1769 4022 et
1802 3969 2064 4023 mittentes

2168 3971 2442 4044 στρεϐλόν.
2485 3970 2612 4023 Δέον
2637 3971 2746 4043 γὰρ
2784 3972 2910 4034 τοὺς
2935 3970 3160 4041 ἐχθροὺς
3204 3971 3298 4024 τοῦ
3332 3971 3466 4024 Θεοῦ
3510 3972 3603 4035 καὶ
3641 3975 3749 4038 ’τὰς

492 4064 745 4128 arcubus,
770 4064 1004 4118 conversi
1033 4072 1158 4118 sunt
1187 4064 1241 4117 in
1268 4061 1352 4116 die
1386 4061 1529 4116 belii.
1562 4060 1848 4127 Quomodo
1880 4069 2062 4114 autem

2167 4063 2456 4134 πολεμίους
2486 4063 2663 4116 αὐτῶν
2691 4063 2945 4134 δυνάμεις
2971 4063 3070 4126 τὰς
3100 4063 3475 4134 ἀντικειμένας
3504 4062 3748 4128 τοξεύειν

491 4156 745 4211 conversi
782 4155 985 4211 fuerint
1026 4155 1082 4210 in
1140 4169 1328 4208 arcum
1389 4169 1618 4224 pravum
1679 4152 1920 4207 declarat
1971 4167 2066 4222 po-

2168 4157 2260 4210 καὶ
2293 4155 2522 4225 βάλλειν,
2549 4155 2598 4207 οἱ
2626 4154 2682 4207 δέ
2709 4153 3264 4226 εἰδωλολατρήσαντες
3297 4153 3387 4207 τὸν
3428 4154 3560 4206 Θεὸν
3595 4153 3751 4206 ἐϐαλ-

492 4256 609 4304 stca
637 4249 826 4304 dicens
868 4266 882 4302 :
931 4246 1000 4302 Et
1051 4247 1392 4300 irritaverant
1443 4261 1561 4298 eum
1611 4244 1665 4298 in
1717 4243 1960 4310 collibus,
2015 4253 2064 4296 et

2165 4248 2254 4301 λον
2286 4247 2623 4319 βλασφήμοις
2667 4246 2760 4298 καὶ
2791 4243 3067 4316 ἀθεμίτοις
3097 4244 3291 4311 λόγοις.
3327 4243 3417 4296 Διὸ
3453 4244 3748 4312 γεγόνασιν

490 4345 544 4399 in
566 4343 896 4415 sculptilibus
961 4344 1072 4398 suis
1102 4342 1170 4396 ad
1228 4341 1619 4398 cumulationem
1652 4346 2063 4409 prouocauerunt

2167 4343 2246 4406 εἰς
2270 4341 2420 4405 τόξον
2447 4337 2700 4409 στρεϐλόν
2726 4353 2739 4367 ⁸
2768 4336 2796 4389 ὃ
2827 4336 2890 4406 δὴ
2924 4337 3040 4390 κατ’
3071 4335 3243 4406 ἀρχὰς
3272 4333 3456 4405 ἐδήλου
3478 4336 3540 4388 τὸ
3561 4336 3745 4405 λόγιον

489 4453 630 4494 eum.
2171 4427 2347 4497 φῆσαν
2371 4444 2384 4457 ο
2422 4427 2540 4481 Υἱοὶ
2581 4427 2822 4496 Ἐερραῒμ
2865 4425 3233 4492 ἐντείνοντες
3258 4427 3357 4480 καὶ
3399 4426 3746 4492 ,ϐάλλοντες

490 4532 706 4599 τόξοις,
741 4529 1134 4600 ἐστράφησαν
1175 4530 1245 4583 ἐν
1274 4529 1465 4599 ἡμέρᾳ
1495 4529 1783 4599 πολέμου.
1832 4529 1954 4590 Πῶς
1999 4527 2055 4578 δὲ
2093 4523 2439 4597 ἐστράφησαν
2463 4524 2543 4586 είς
2567 4523 2718 4587 τόξον
2748 4522 3003 4592 στρεϐλὸν
3061 4522 3314 4592 διασαφεῖ
3349 4521 3521 4591 λέγων
3581 4503 3741 4595 ἐξής*

487 4626 599 4683 Καὶ
641 4625 1020 4695 παρώργισαν
1045 4625 1232 4680 αὑτὸν
1267 4625 1337 4678 ἐν
1379 4624 1503 4691 τοῖς
1531 4623 1783 4689 ,ϐουνοῖς
1811 4621 1888 4693 (2)
1929 4620 2025 4674 καὶ
2064 4619 2135 4673 ἐν
2170 4617 2292 4684 τοῖς
2319 4619 2606 4684 γλυπτοῖς
2641 4615 2840 4670 αὐτῶν
2869 4615 3300 4684 παρεζήλωσαν
3327 4619 3535 4670 αὐτόν.

561 4739 723 4795 Vens.
759 4741 848 4795 59.
883 4741 1097 4794 Audiuit
1131 4741 1268 4796 Deus
1309 4749 1360 4795 et
1388 4741 1602 4810 sprevit,
1640 4748 1689 4792 et
1728 4738 1795 4792 ad
1836 4737 2058 4791 nihilum
2090 4737 2138 4797 D

2238 4736 2536 4788 Ἤκουσεν
2562 4735 2595 4786 d
2625 4729 2772 4797 Θεὸς
2796 4729 2893 4783 καί
2942 4729 3205 4796 ὑπερΙδε,
3234 4731 3335 4784 καὶ
3365 4728 3742 4792 ἐξουδένωσε

489 4829 684 4900 redegit
718 4829 864 4884 valde
898 4829 1091 4884 Israel.
1124 4829 1420 4900 Postquam
1452 4829 1592 4884 mala
1630 4829 1697 4884 ab
1726 4827 1861 4897 ipsis
1895 4827 2056 4882 etiam

2164 4828 2398 4898 σφόδρα
2432 4825 2539 4879 τὸν
2581 4821 2838 4891 Ἰσραήλ.
2887 4821 3201 4886 Καταλέξας
3231 4824 3324 4876 καὶ
3371 4821 3438 4874 τά
3473 4824 3531 4874 ἐν
3558 4825 3628 4894 τῇ
3667 4823 3738 4892 τῇ

489 4922 549 4978 in
583 4929 725 4977 terra
769 4923 1150 4992 promissionis
1181 4930 1488 4993 perpetrata
1517 4920 1817 4984 recensuit,
1845 4918 2055 4987 justum

2158 4927 2256 4997 τῆς
2278 4903 2606 4990 ἐπαγγελίας
2629 4914 2992 4987 πεπραγμένα
3019 4915 3202 4979 αὐτοῖς
3221 4915 3386 4976 κακὰ,
3408 4915 3740 4987 παρίστησιν

490 5011 587 5067 Dei
612 5012 877 5082 judicium
924 5022 1112 5084 postea
1157 5013 1416 5077 deciarat,
1462 5008 1890 5082 comprobatque
1932 5007 2056 5078 jure

2161 5017 2286 5089 ἐξῆς
2311 5016 2409 5085 τὴν
2437 5011 2830 5082 δικαιοκρισίαν
2871 5007 2964 5063 τοῦ
3005 5007 3163 5072 Θεοῦ,
3206 5007 3439 5072 δεικνὺς.
3471 5008 3548 5072 ὼς
3581 5009 3737 5062 εὐλό-

490 5116 588 5158 eos
635 5112 758 5172 post
798 5103 1056 5172 pmdicta
1104 5105 1284 5158 omnia
1333 5103 1414 5157 ira
1459 5100 1553 5156 Dei
1600 5102 1820 5156 invasos
1864 5099 2053 5154 fuisse.

2159 5126 2271 5180 γως
2309 5104 2446 5178 μετά
2492 5103 2666 5156 πάντα
2697 5100 2766 5155 τὰ
2803 5099 3205 5173 προλελεγμένα
3241 5098 3500 5170 μετῆλθεν
3543 5100 3737 5163 αὐτοὺς

491 5194 626 5250 Nam
653 5211 778 5250 cum
817 5197 960 5251 versi
996 5203 1124 5252 sunt
1160 5197 1214 5251 in
1249 5212 1434 5251 arcum
1464 5211 1716 5266 pravum,
1747 5203 1801 5251 et
1831 5211 1954 5250 cum
1980 5197 2057 5249 ir-

2163 5199 2197 5268 ή
2220 5198 2378 5270 ὀργή.
2402 5195 2528 5249 Ὅτε
2550 5193 2658 5266 γὰρ
2689 5193 3036 5264 ἐστράφησαν
3066 5193 3146 5256 είς
3165 5191 3318 5256 τόξον
3350 5190 3626 5262 στρεϐλὸν,
3647 5191 3739 5244 καὶ

492 5291 782 5344 ritaveruut
814 5305 931 5342 eum
959 5291 1014 5342 in
1041 5287 1261 5342 collibus
1283 5289 1416 5352 suis,
1441 5297 1490 5343 et
1512 5290 1565 5342 in
1585 5289 1916 5359 sculptilibus
1941 5289 2052 5343 suis

2159 5291 2246 5344 ὅτε
2273 5287 2652 5357 παρώργισαν
2671 5287 2860 5341 αὐτὸν
2881 5287 2952 5339 ἐν
2973 5285 3097 5352 τοῖς
3116 5285 3359 5352 ,βουνοις
3390 5283 3611 5341 αὐτῶν.
3638 5283 3738 5338 καὶ

492 5382 562 5436 ad
594 5380 982 5436 inmutationem
1009 5391 1418 5450 prouocauerunt
1439 5397 1596 5446 eum;
1630 5392 1759 5437 tunc
1790 5381 1933 5437 Deus
1956 5395 2058 5436 nec

2167 5382 2235 5434 ἐν
2263 5379 2384 5446 τοῖς
2423 5377 2710 5450 γλυπτοῖς
2736 5374 2934 5430 αὐτῶν
2969 5374 3398 5444 παρεξήλωσαν
3433 5376 3645 5444 αὐτὸς,
3677 5373 3739 5428 τὸ

493 5476 641 5544 ipsos
673 5473 896 5536 intueri,
930 5472 1066 5528 tales
1101 5472 1314 5528 scilicet
1341 5487 1466 5528 cum
1499 5482 1705 5541 essent,
1743 5489 1843 5529 nec
1874 5475 1928 5529 iu
1961 5488 2056 5528 eos

2163 5471 2464 5542 τηνικαῦτα
2507 5470 2626 5524 οὐδὲ
2673 5467 2964 5539 ἐμϐλέπειν
2990 5469 3183 5530 αὐτοὺς
3228 5470 3256 5521 ὁ
3291 5468 3423 5531 Θεὸς
3450 5464 3737 5531 τοιούτους

491 5567 793 5636 respicere;
827 5567 943 5622 imo
986 5580 1114 5622 vero
1165 5581 1341 5638 neque
1382 5565 1605 5637 impiam
1645 5582 1833 5623 eorum
1862 5581 2052 5622 vocem

2162 5565 2337 5627 ὄντας,
2364 5563 2476 5616 ἀλλ’
2503 5562 2622 5614 οὐδὲ
2647 5561 2778 5632 όρᾷν
2801 5557 2950 5628 ἠξίου
2977 5577 2990 5592 ·
3022 5558 3136 5613 ἀλλ’
3161 5559 3280 5614 οὐδὲ
3307 5561 3526 5615 ἀκούειν
3553 5557 3737 5618 αὐτῶν

577 5717 652 5789 (1)
681 5715 744 5775 F.
784 5720 846 5775 τὸ
881 5720 1041 5792 ἱερόν.
2228 5718 2302 5790 (2)
2341 5721 2444 5788 Γρ.
2484 5717 2703 5791 βωμοῖς.
