4008 6210
216 274 316 332 953

1340 263 1839 323 COMMENTARIA
1878 266 1946 322 IN
1986 267 2324 326 PSALMOS.

3350 270 3452 325 934

213 393 308 464 τῆς
334 391 564 456 ἀσεϐοῦς
596 390 801 462 φωνῆς.
831 391 922 445 Διὸ
956 389 1196 460 ἐπιλέγει
1216 406 1229 418 ·
1263 390 1556 445 Ἤκουσεν
1577 391 1610 442 ό
1638 387 1782 454 Θεὸς

1883 389 2072 445 audire
2125 391 2477 462 dignabatur.
2535 388 2900 455 Quamobrem
2968 388 3171 454 subdit,
3231 388 3452 443 Audivi:

212 488 306 541 καί
382 485 646 554 ὑπερίδε,
695 483 838 539 κατά
878 485 970 538 τὸν
1013 483 1264 545 Ἀκύλαν,
1313 483 1412 536 καὶ
1465 478 1789 549 ἀνυπερθέ-

212 593 354 646 τησε
375 595 388 608 ·
430 578 624 650 μηκέτι
671 576 936 649 ἀναϐολὴν
969 577 1100 648 μηδὲ
1144 574 1433 646 ὑπέρθεσιν
1473 575 1656 636 αὐτοῖς
1698 573 1785 625 ὲν-

211 672 332 736 δούς
354 690 366 700 ·
407 670 546 726 κατὰ
596 670 652 724 δὲ
704 671 797 723 τὸν
854 669 1160 740 Σύμμαχον,
1212 669 1321 724 Καὶ
1373 668 1788 736 ἀπεδοκίμασε

211 763 448 833 σφόδρα
479 762 585 816 τὸν
627 759 878 831 Ἰσραήλ.
910 760 1093 824 Οὕτως
1116 760 1173 814 δὲ
1201 761 1430 831 ἦκουσεν
1471 761 1500 812 δ
1531 758 1684 823 Θεὸς,
1710 758 1786 822 ὼς

211 856 308 910 καὶ
335 855 428 908 ἐπὶ
451 854 752 925 Σοδομιτῶν
780 853 964 925 εῐρητο
984 869 996 882 ·
1035 852 1207 920 Φωνὴ
1238 852 1518 922 Σοδόμων
1549 851 1647 904 καὶ
1675 853 1787 904 Γο-

209 949 434 1018 μόρρας
461 944 582 1014 ,βοᾷ
625 946 774 1016 πρὸς
806 946 904 1016 μέ.
946 945 1067 998 Τῶν
1101 945 1212 1019 γὰρ
1249 944 1460 999 ἀσεϐῶν
1508 945 1647 998 αὐτά
1694 944 1786 998 κέ-

209 1057 382 1112 κραγε
414 1040 504 1093 καὶ
539 1039 634 1110 βοᾷ
661 1037 731 1092 τά
765 1039 864 1110 τῆς
888 1038 1139 1102 ἀσεϐείας
1161 1038 1489 1111 πράγματα’
1523 1032 1598 1091 ὧν
1623 1037 1787 1091 ἀκού-

211 1151 310 1198 σας
327 1136 356 1188 ὁ
375 1133 507 1196 Θεὸς
529 1131 811 1187 ἀπώσατο
837 1131 951 1201 τὴν
973 1131 1216 1200 σκηνὴν
1239 1130 1473 1200 Σηλὼμ,
1498 1129 1785 1199 σκήνωμα

215 1218 288 1278 οὗ
319 1220 781 1288 κατεσκήνωσεν
810 1221 881 1274 ἐν
911 1221 1258 1290 ἀνθρώποις.
1310 1221 1396 1274 Ἑν
1428 1219 1538 1292 γὰρ
1583 1222 1648 1291 τῇ
1684 1220 1786 1290 Ση-

207 1310 330 1382 λὼμ
376 1311 588 1383 πρῶτον
622 1311 750 1384 ἔστη
794 1313 826 1382 ἡ
871 1311 1060 1383 σκηνὴ,
1112 1310 1239 1364 ἔνθα
1276 1312 1457 1382 ἱερᾶτο
1494 1309 1642 1362 Ἠλεὶ
1693 1310 1785 1362 καὶ

207 1404 481 1476 Σαμουὴλ,
527 1403 602 1468 ὡς
649 1404 975 1476 παρίστησιν
1019 1405 1051 1474 ἠ
1093 1402 1284 1474 Γραφὴ
1324 1401 1430 1456 τῶν
1465 1401 1780 1456 Βασιλειῶν.

207 1495 421 1566 Ταύτην
446 1490 538 1549 οῦν
567 1493 826 1549 ἀπώσατο
865 1493 1088 1566 πρώτην
1112 1494 1210 1564 τὴν
1251 1494 1310 1545 ὲν
1337 1491 1535 1564 Σηλὼμ
1578 1493 1786 1563 σκήνω-

207 1606 290 1642 σιν
309 1589 402 1642 διὰ
432 1587 532 1651 τὰς
554 1587 810 1650 ἀσεϐείας
836 1586 1034 1641 αὐτῶν.
1063 1587 1154 1640 Διὺ
1183 1585 1324 1640 κατά
1359 1587 1450 1639 τὸν
1489 1586 1784 1658 Σύμμαχον

204 1680 421 1752 εἴρηται
443 1697 456 1711 ·
483 1678 594 1734 Kal
619 1678 910 1747 ἀπέρριψε
938 1677 1053 1745 τὴν
1075 1678 1388 1745 σκήνωσιν
1409 1677 1524 1745 τὴν
1545 1679 1780 1747 Σηλὼμ,

203 1771 305 1824 καὶ
335 1771 449 1839 τὴν
483 1769 798 1837 σκήνωσιν
822 1769 940 1838 τὴν
973 1770 1315 1838 ἱδρυθεῖσαν
1340 1769 1411 1823 ἐν
1431 1768 1779 1838 ἀνθρώποις.

205 1863 399 1926 Ὅπως
437 1863 494 1916 δὲ
538 1865 650 1926 τοῖς
693 1861 1000 1934 ἀνθρώποις
1029 1861 1300 1933 παρεδόθη
1345 1864 1378 1932 ἡ
1425 1861 1658 1925 κιϐωτὸς
1697 1861 1784 1915 διά

201 1953 274 2007 τὰ
306 1954 627 2026 ἀσεϐήματα
649 1952 743 2008 τοῦ
784 1953 934 2018 λαοῦ,
961 1955 1053 2007 καὶ
1076 1953 1151 2018 ὡς
1185 1952 1494 2025 ἐκράτησαν
1521 1953 1691 2025 αὐτῆς
1733 1955 1783 2007 ol

203 2047 476 2119 πολέμιοι,
506 2047 791 2120 ἀπήγαγόν
822 2064 880 2100 τε
923 2048 1051 2116 παρ’
1094 2047 1325 2109 ἑαυτοῖς,
1353 2045 1447 2098 καὶ
1490 2044 1566 2109 ὼς
1589 2047 1638 2098 οἱ
1678 2046 1784 2099 υίοὶ

215 2138 431 2212 Ἰσραὴλ
464 2139 872 2212 ὲτροπώθησαν,
907 2140 1001 2194 καὶ
1042 2139 1117 2203 ὡς
1151 2140 1199 2192 οἱ
1237 2138 1344 2193 υίοὶ
1377 2138 1522 2191 Ἠλεὶ
1568 2137 1785 2192 πεπτώ-

200 2250 385 2297 κασιν,
410 2235 457 2286 ol
487 2235 650 2305 ἱερεῖς
676 2233 848 2299 ὄντες,
876 2234 906 2286 ὃ
927 2249 988 2286 τε
1008 2231 1211 2285 τούτων
1240 2231 1424 2302 πατὴρ
1445 2229 1520 2293 ὼς
1539 2228 1784 2284 ἀπώλετο

201 2327 296 2379 ἐπὶ
319 2329 386 2397 τῇ
421 2326 528 2380 τῶν
554 2327 758 2380 παίδων
790 2325 1037 2397 ἀγγελίᾳ,
1068 2327 1101 2395 ή
1134 2322 1324 2396 πρώτη
1356 2322 1651 2394 παρίστησι
1678 2321 1783 2376 τῶν

201 2417 518 2470 Βασιλειῶν.
550 2417 639 2470 Διὸ
663 2417 876 2487 εἴρηται
910 2415 1172 2470 ἐνταῦθα·
1205 2415 1316 2468 Kal
1355 2415 1636 2469 ἀπώσατο
1669 2413 1784 2481 τὴν

200 2511 448 2580 σκηνὴν
496 2509 688 2579 Σηλῶ,
735 2509 1027 2580 σκήνωμα
1078 2505 1150 2565 οὗ
1205 2508 1671 2577 κατεσκήνωσεν
1716 2508 1784 2561 ἐν

201 2601 558 2670 ἀνθρώποις.
601 2601 710 2656 Kal
739 2600 1082 2669 παρέδωκεν
1108 2603 1195 2666 είς
1227 2601 1642 2669 αἰχμαλωσίαν
1671 2599 1785 2668 τὴν

204 2695 392 2764 ἰσχὺν
431 2694 648 2749 αὐτῶν.
693 2695 838 2748 Ἀντ“ι
873 2693 929 2746 δὲ
955 2693 1070 2756 τοῦ,
1106 2692 1220 2760 τὴν
1259 2692 1437 2763 ἰσχὺν
1469 2691 1685 2757 αὐτῶν,
1716 2693 1784 2746 τὸ

203 2787 425 2856 κράτος
469 2787 668 2841 αὐτῶν
725 2787 1065 2859 ήρμήνευσεν
1108 2788 1136 2839 ὁ
1173 2785 1422 2850 Ἀκύλας.
1465 2787 1680 2859 Κράτος
1725 2788 1782 2840 δὲ

200 2879 385 2933 αὐτῶν
416 2882 510 2933 καὶ
541 2880 692 2950 ἰσχὺν
734 2880 828 2932 καὶ
859 2878 1139 2950 καλλονὴν,
1168 2883 1249 2945 είς
1278 2881 1649 2950 αἰχμαλωσίαν
1690 2881 1783 2935 καὶ

201 2974 282 3037 είς
322 2975 514 3043 χεῖρας
561 2971 832 3034 θλίϐοντος
876 2973 1250 3044 παραδοθέντα
1284 2973 1404 3026 τίνα
1441 2973 1506 3026 ἂν
1547 2973 1778 3045 εἴποιςῆ

198 3065 301 3136 τὴν
332 3063 586 3126 κιϐωτὸν,
621 3063 688 3134 ῆν
729 3065 758 3116 ὁ
795 3063 985 3137 παρὼν
1016 3065 1309 3118 αἰνίττεται
1340 3065 1496 3134 λόγος
1525 3066 1776 3135 φάσκων·
1809 3103 1852 3160 C

198 3153 312 3207 Kal
362 3151 706 3221 παρέδωκεν
743 3155 830 3218 είς
864 3155 1280 3224 αἰχμαλωσίαν
1323 3153 1434 3221 τὴν
1463 3154 1648 3224 ἰσχὺν
1676 3155 1783 3207 αὐ-

197 3239 343 3306 τῶν,
372 3243 469 3296 καὶ
498 3243 613 3311 τὴν
635 3243 945 3312 καλλονὴν
969 3244 1168 3298 αὐτῶν
1191 3249 1277 3311 είς
1304 3244 1504 3316 χεὶοας
1531 3245 1784 3316 ἐχθροῦ;

211 3336 378 3389 Ἀλλά
407 3335 578 3390 ταῦτα
625 3337 724 3408 μὲν
767 3337 1082 3409 παρέδωκεν
1116 3340 1194 3402 εἰς
1222 3343 1409 3410 χεῖρας
1443 3338 1658 3410 ἐχθροῦ,
1692 3339 1783 3393 τὸν

198 3431 256 3484 δὲ
285 3429 416 3483 λαὸν
464 3430 778 3502 συνέτριψεν
816 3433 873 3483 ὲν
917 3430 1180 3502 ῥομφαίᾳ.
1231 3431 1322 3484 Διό
1353 3430 1598 3484 λέλεκται
1645 3432 1784 3487 κατά

197 3523 288 3576 τὸν
341 3521 668 3594 Σύμμαχον·
718 3521 829 3576 Καὶ
867 3521 1157 3587 ἐξέδωκεν
1200 3525 1288 3589 είς
1335 3523 1639 3594 μάχαιραν
1679 3524 1785 3578 τὸν

199 3614 354 3668 λαὸν
377 3614 588 3678 αὐτοῦ,
616 3614 713 3668 καὶ
747 3613 862 3682 τὴν
915 3616 1318 3686 κληρονομίαν
1355 3617 1541 3671 αὑτοῦ
1578 3619 1783 3687 ὑπερί-

201 3707 336 3761 δεν.
371 3709 471 3761 καὶ
509 3707 573 3779 δὴ
611 3706 956 3778 ὑπεριδόντος
997 3708 1194 3773 αὐτοὺς
1240 3707 1335 3762 τοῦ
1369 3708 1526 3774 Θεοῦ,
1556 3710 1624 3764 τὰ
1658 3710 1784 3782 ἑξῆς

201 3799 431 3868 ἐγίνετο.
478 3799 613 3854 Τίνα
658 3799 715 3852 δὲ
753 3802 964 3866 ταῦτα;
1011 3799 1155 3867 Τοὺς
1190 3802 1554 3871 νεανίσκους
1586 3805 1785 3860 αὐτῶν

201 3893 502 3964 κατέφαγε
525 3892 664 3962 πῦρ,
707 3894 804 3947 καὶ
850 3896 910 3947 al
937 3893 1219 3962 παρθένοι
1251 3893 1450 3949 αὐτῶν
1478 3898 1588 3950 οὐκ
1613 3897 1785 3951 ἐπεν-

201 3986 499 4056 θήθησαν.
539 3985 696 4039 Κατά
716 3985 772 4039 δὲ
811 3986 902 4040 τὸν
941 3986 1194 4051 Ἀκύλαν,
1231 3989 1355 4056 Οὐχ
1393 3989 1783 4059 ὑπεμνήσθη-

201 4092 350 4131 σαν·
402 4075 552 4131 κατά
590 4077 648 4130 δὲ
689 4077 778 4130 τὸν
829 4076 1144 4148 Σύμμαχον,
1207 4081 1327 4132 Οὐκ
1373 4079 1778 4149 ἐπῃνέθησαν.

201 4169 391 4222 Οὐκέτι
423 4166 536 4237 γὰρ
583 4166 721 4238 μετά
765 4166 949 4237 ὓμνων
988 4168 1082 4220 καὶ
1121 4169 1357 4222 ἐπαίνων
1395 4170 1638 4243 συνήθως
1662 4176 1782 4239 ταῖς

200 4259 576 4332 γαμουμέναις
602 4259 948 4330 παρεδίδοντο
972 4260 1218 4330 ἀνδράσι,
1245 4261 1386 4316 κατά
1405 4262 1502 4336 τὴν
1529 4264 1638 4318 τῶν
1670 4265 1780 4320 λοι-

201 4353 314 4404 πῶν
335 4351 658 4425 ἑρμηνείαν,
687 4351 774 4404 διὰ
794 4351 890 4422 τὴν
913 4351 1323 4406 καταλαϐοῦσαν
1349 4355 1531 4421 αὐτοῖς
1556 4356 1631 4428 (1)
1660 4358 1779 4412 τότε

1889 481 2031 536 Deus
2059 491 2108 537 et
2137 485 2350 553 sprevit,
2405 483 2705 538 secundum
2761 483 3012 553 Aquilam
3057 498 3205 548 vero,
3241 482 3309 536 Et
3350 501 3454 539 non

1888 573 2117 639 distulit,
2144 575 2352 630 nullum
2381 575 2620 646 spatium
2651 590 2827 646 neque
2848 577 3165 630 dilationem
3191 575 3300 630 illis
3323 591 3454 631 con-

1886 665 2123 732 cedens;
2170 667 2470 721 secundum
2507 666 2891 738 Symmachum
2923 684 3074 734 vero,
3107 666 3176 721 Et
3203 667 3454 737 reproba-

1887 758 1958 810 vit
1988 758 2137 812 valde
2167 757 2359 815 Israel.
2395 759 2484 814 Sic
2516 768 2698 815 autem
2732 761 2943 816 audivit
2969 759 3134 825 Deus,
3165 769 3224 814 ut
3257 761 3324 817 de
3353 761 3454 815 So-

1885 847 2108 904 domitis
2151 850 2354 906 dicitur
2400 870 2411 904 :
2475 851 2586 904 Vox
2648 850 3000 906 Sodomorum
3053 861 3102 904 et
3151 849 3456 906 ρωποι-τίκα

1885 938 2082 992 clamat
2132 941 2199 994 ad
2247 958 2329 996 me
2351 941 2417 997 ³⁸.
2475 941 2765 1012 lmpiorum
2820 944 2965 997 enim
3011 944 3094 997 vel
3138 943 3254 1012 ipsa
3293 943 3455 1012 impia

1883 1041 2034 1102 gesta
2083 1033 2320 1088 clamant
2360 1043 2414 1090 et
2451 1034 2841 1090 vociferantur.
2873 1068 2942 1077 ——
2971 1034 3139 1092 Vens.
3183 1035 3273 1093 60.
3327 1036 3455 1102 Qua!

1885 1124 2112 1179 audiens
2144 1124 2284 1180 Deus
2316 1126 2505 1194 repulit
2532 1126 2933 1182 tabernaculum
2969 1126 3159 1192 Silam,
3213 1127 3455 1180 tabernu-

1883 1218 2059 1272 culum
2105 1216 2194 1271 ubi
2243 1218 2497 1272 habitavit
2544 1219 2599 1272 in
2645 1218 2965 1274 hominibus.
3014 1217 3152 1273 Nam
3197 1219 3250 1273 in
3287 1218 3456 1272 Silom

1883 1311 2117 1379 primum
2151 1309 2304 1364 stetit
2342 1309 2776 1374 tabernaculum,
2822 1311 2880 1365 in
2906 1327 3014 1381 qua
3042 1325 3323 1365 sacrorum
3358 1325 3453 1364 an.

1885 1404 2084 1460 tistites
2114 1411 2272 1457 erant
2299 1401 2415 1456 Heli
2444 1410 2498 1455 et
2530 1401 2772 1463 Samuel,
2807 1411 2866 1456 ut
2898 1404 3141 1458 declarat
3171 1401 3454 1473 Scriptura

1883 1495 2193 1567 Regnorum
2208 1497 2272 1548 ³⁸.
2296 1495 2409 1550 Hoc
2437 1497 2618 1568 itaque
2639 1497 2874 1566 primum
2904 1497 2956 1550 in
2985 1495 3154 1550 Silom
3188 1499 3453 1551 statutdm

1885 1591 2298 1644 tabernaculum
2352 1599 2574 1660 propter
2629 1590 2937 1660 impietales
2996 1605 3184 1644 eorum
3237 1589 3455 1658 repulit.

1885 1679 2062 1746 Quare
2109 1680 2405 1736 secundum
2448 1679 2831 1752 Symmachum
2880 1680 3122 1735 dicitur:
3157 1679 3226 1734 Et
3266 1681 3456 1750 abjecit

1889 1769 2281 1824 tabernaculum
2329 1769 2522 1835 Silam,
2565 1779 2614 1823 et
2653 1770 3053 1825 tabernaculum
3092 1771 3366 1840 ﬁrmatum
3404 1771 3456 1824 in

1882 1864 2202 1919 hominibus.
2233 1864 2516 1932 Quomodo
2550 1873 2729 1920 autem
2760 1864 3075 1919 hominibus
3109 1863 3305 1919 tradita
3336 1864 3427 1919 lue

1883 1957 1956 2011 rit
1991 1972 2118 2011 arca
2164 1957 2231 2012 ob
2269 1958 2575 2028 impietates
2611 1957 2818 2028 populi,
2851 1965 2904 2012 et
2937 1958 3212 2028 quomodo
3243 1957 3453 2012 inimici

1883 2047 2130 2117 ceperint
2185 2047 2356 2112 illam,
2411 2048 2848 2118 abduxerintque
2903 2063 3131 2115 secum;
3187 2047 3282 2102 lilii
3326 2063 3455 2102 vero

1883 2140 2051 2196 Israel
2077 2140 2130 2194 in
2158 2139 2340 2211 fugam
2367 2141 2512 2196 versi
2553 2141 2685 2206 sint,
2718 2140 2812 2218 lilii
2853 2139 2973 2196 Heli
3017 2139 3110 2210 qui
3147 2138 3454 2195 sacerdotes

1883 2239 2037 2287 erant
2081 2233 2398 2300 ceciderint,
2446 2248 2746 2305 eorumque
2788 2243 2960 2303 pater,
2983 2242 3209 2304 accepto
3237 2233 3303 2288 de
3333 2231 3454 2288 tiliis

1883 2324 2094 2391 nuntio,
2143 2325 2386 2394 perierit,
2444 2333 2632 2378 narrat
2681 2325 2895 2396 primus
2943 2324 3256 2396 Regnorum
3298 2323 3455 2379 liber.

1883 2416 2228 2486 Quapropter
2265 2417 2350 2470 hic
2398 2417 2641 2472 dicitur:
2693 2415 2764 2470 Et
2816 2417 3004 2485 repulit
3056 2416 3454 2470 tabernaculum

1885 2507 2018 2572 Silo,
2065 2505 2462 2560 tabernaculum
2510 2507 2600 2560 ubi
2643 2506 2900 2560 habitavit
2939 2509 2993 2560 in
3037 2507 3358 2561 hominibus.
3387 2538 3442 2550 —

1884 2599 2052 2656 Vens.
2078 2599 2168 2655 61.
2195 2599 2264 2654 Et
2291 2600 2514 2654 tradidit
2536 2601 2589 2654 in
2617 2600 2974 2669 captivitatem
2992 2601 3231 2653 virtutem
3253 2616 3454 2655 eorum.

1882 2693 1988 2748 Pro
2023 2693 2117 2747 illo
2151 2701 2356 2758 autem,
2381 2694 2626 2747 virtutem
2669 2711 2870 2756 eorum,
2917 2693 3135 2764 Aquila,
3177 2691 3336 2745 robur
3370 2709 3453 2746 eo-

1883 2797 2022 2846 rum,
2068 2782 2453 2852 interpretatus
2501 2792 2603 2840 est.
2628 2782 2820 2838 Robur
2859 2793 3068 2849 autem,
3105 2784 3359 2838 virtutem
3403 2792 3453 2838 et

1883 2875 2365 2946 pulchritudinem,
2414 2876 2468 2931 in
2517 2877 2884 2948 captivitatem
2929 2886 2983 2934 et
3029 2878 3084 2933 in
3120 2893 3316 2932 manus
3348 2877 3453 2930 ini-

1883 2969 2009 3024 mici
2051 2970 2274 3037 tradita,
2305 2986 2426 3041 qua:
2454 2970 2658 3027 dixeris
2696 2987 2842 3036 esse,
2889 2973 2996 3027 nisi
3040 2987 3245 3037 arcam,
3291 2987 3454 3042 quam

1883 3051 1982 3117 hic.
2017 3079 2198 3119 sermo
2249 3065 2563 3120 subindicat
2601 3065 2810 3130 dicens,
2849 3065 2915 3119 Et
2946 3065 3165 3120 tradidit
3201 3067 3256 3119 in
3287 3068 3446 3134 capti-

1885 3158 2094 3210 vitatem
2125 3157 2367 3212 virtutem
2409 3176 2613 3223 eorum,
2647 3168 2695 3213 et
2723 3160 3162 3228 pulchritudinem
3191 3176 3372 3214 eorum
3402 3161 3455 3214 in

1883 3268 2073 3306 manus
2096 3253 2296 3307 inimici
2313 3252 2576 3310 ?——Vens.
2601 3255 2782 3310 62-64.
2801 3254 2903 3310 Sed
2925 3257 3038 3309 hmc
3055 3255 3271 3325 quidem
3291 3254 3435 3309 tradi

1885 3345 2032 3400 ditin
2049 3362 2244 3403 manus
2273 3348 2504 3414 inimici,
2523 3351 2780 3420 populum
2802 3366 2931 3405 vero
2957 3351 3213 3405 contrivit
3249 3349 3453 3420 gladio.

1883 3435 2010 3492 ldeo
2037 3438 2335 3493 secundum
2371 3437 2756 3509 Symmachum
2790 3438 3030 3494 dicitur:
3061 3437 3130 3490 Et
3155 3437 3380 3491 tradidit
3403 3438 3454 3492 in

1884 3529 2202 3584 machwram
2248 3532 2499 3599 populum
2557 3547 2712 3584 suum
2772 3540 2820 3585 et
2881 3530 3243 3584 Itwreditatem
3302 3546 3453 3583 suam

1884 3623 2094 3693 sprevit.
2159 3621 2271 3676 Deo
2326 3631 2508 3678 autem
2574 3622 2724 3692 ipsos
2760 3630 3074 3692 spernente,
3107 3637 3168 3677 ea
3203 3637 3325 3693 qua:
3357 3639 3448 3678 se-

1882 3722 2129 3784 quuntur
2179 3722 2498 3769 evenerunt.
2543 3712 2674 3780 Quae
2701 3714 2826 3768 illa?
2851 3712 3075 3768 Iuvenes
3098 3730 3279 3767 eorum
3311 3729 3453 3767 com-

1882 3802 1988 3857 edit
2042 3803 2200 3874 ignis,
2257 3813 2307 3858 et
2353 3804 2577 3874 virgines
2608 3821 2789 3858 eorum
2830 3821 2933 3858 non
2968 3815 3090 3858 sunt
3120 3807 3453 3868 lamentatur;

1884 3897 2182 3955 secundum
2217 3897 2467 3968 Aquilam
2501 3915 2634 3954 vero
2654 3939 2670 3963 ,
2698 3917 2799 3953 non
2826 3909 2949 3953 sunt
2974 3899 3337 3968 desponsata;
3369 3916 3449 3956 se-

1883 3988 2118 4044 cundum
2173 3985 2560 4061 Symmachum
2609 3999 2816 4054 autem,
2867 4007 2971 4044 non
3021 4000 3144 4045 sunt
3198 3990 3451 4049 laudatve.

1882 4080 2000 4136 Non
2027 4083 2167 4135 ultra
2197 4082 2680 4144 enim,secundum
2707 4083 3453 4154 reliquosinterpretes,cum

1884 4172 2100 4244 hymnis
2133 4182 2187 4228 et
2214 4172 2491 4240 laudibus,
2528 4180 2588 4229 ut
2611 4181 2936 4230 consuetum
2968 4172 3317 4243 desponsatis
3347 4181 3452 4237 est,

1881 4265 2016 4320 viris
2051 4265 2429 4331 tradebantur,
2461 4268 2532 4322 ob
2566 4266 2868 4322 immissam
2899 4274 3031 4320 tunc
3068 4266 3202 4335 ipsis
3232 4265 3448 4318 calami-

1885 4362 2071 4411 tatem.
2107 4354 2416 4411 Secundum
2445 4355 2586 4410 LXX
2608 4356 2938 4426 lnterpretes
2965 4363 3167 4421 autem,
3201 4355 3256 4407 in
3278 4354 3450 4423 capti-

203 4444 507 4517 συμφοράν.
549 4441 706 4496 Κατὰ
731 4442 792 4496 δὲ
824 4442 920 4514 τὴν
951 4442 1059 4497 τῶν
1102 4444 1500 4516 Ἐϐὃομήκοντα
1545 4447 1772 4513 ἔκδοσιν,

1883 4447 2097 4502 vitatem
2123 4456 2276 4512 actae,
2301 4463 2424 4502 cum
2448 4457 2810 4512 morerentur,
2829 4463 2939 4502 non
2967 4455 3084 4502 erat
3110 4446 3202 4516 qui
3221 4447 3448 4516 lugeret,

201 4537 536 4608 αἰχμάλωτοι
569 4535 914 4607 ἀπαχθεῖσαι,
950 4537 1008 4591 ὲν
1043 4537 1122 4609 τῷ
1165 4538 1415 4610 Θνήσκειν
1461 4542 1629 4606 αύτάς
1675 4545 1776 4598 οὐκ

201 4624 339 4699 εἶχον
378 4631 510 4693 τοὺς
552 4628 902 4695 πενθοῦντας,
945 4630 1033 4684 διὰ
1064 4630 1126 4685 τὸ
1179 4632 1253 4704 μὴ
1301 4636 1554 4705 παρεῖναι
1593 4636 1776 4700 αὐτοῖς

201 4720 323 4784 τοὺς
363 4722 742 4794 προσήκοντας
765 4739 779 4753 ·
829 4721 964 4778 ἀλλά
1006 4723 1101 4777 καὶ
1155 4727 1209 4778 ol
1246 4727 1422 4795 ἱερεῖς
1465 4727 1665 4782 αὐτῶν
1705 4729 1775 4783 ἐν

199 4812 459 4882 ῥομφαίᾳ
486 4813 720 4867 ἔπεσαν
759 4805 925 4885 (οῦτοι
955 4814 1001 4868 δ’
1037 4809 1175 4885 ἦσαν
1211 4817 1262 4868 οἱ
1295 4816 1388 4870 τοῦ
1429 4818 1577 4872 Ἠλεὶ
1613 4818 1770 4889 υίοί),

202 4904 296 4957 καί
334 4907 392 4960 al
436 4901 614 4975 χῆραι
646 4903 715 4958 δὲ
749 4905 948 4960 αὐτῶν
986 4908 1058 4960 οὐ
1105 4908 1615 4978 κλαυσθήσονται.
1663 4911 1774 4964 Καὶ

203 4996 344 5050 ἔστιν
372 4999 555 5070 εὑρεῖν
577 4998 636 5050 ἐν
657 5001 722 5071 τῇ
757 4997 946 5072 πρώτῃ
977 4999 1085 5053 τῶν
1111 5000 1423 5068 Βασιλειῶν,
1458 5004 1624 5069 ὅπως,
1664 5004 1773 5060 τῶν

203 5089 328 5142 υίῶν
362 5092 513 5145 Ἠλεὶ
543 5093 817 5146 πεσόντων
846 5095 902 5146 ὲν
942 5093 1019 5164 τῷ
1060 5093 1300 5165 πολέμῳ,
1345 5095 1400 5148 al
1436 5097 1639 5150 τούτων
1670 5114 1770 5166 γυ-

205 5183 400 5247 ναῖκες,
431 5182 599 5254 χῆραι
646 5183 1107 5254 καταλειφθεῖσαι,
1134 5184 1306 5238 δεινὸν
1345 5185 1642 5257 ὑπέμειναν
1679 5186 1775 5242 θά-

206 5288 377 5329 νατον.
430 5276 522 5329 Διὸ
557 5275 804 5330 λέλεκται
852 5275 997 5331 κατά
1047 5276 1138 5330 τὸν
1189 5277 1507 5349 Σύμμαχον,
1557 5280 1668 5335 Kal
1711 5283 1775 5336 al

208 5366 578 5433 χηρευθεῖσαι
606 5367 805 5422 αὐτῶν
833 5369 942 5422 οὐκ
967 5367 1280 5422 ἔκλαυσαν
1305 5386 1318 5400 ο
1351 5369 1470 5423 οὐδὲ
1507 5371 1614 5442 γὰρ
1639 5371 1773 5426 ὑπέ-

205 5473 426 5530 στησαν,
468 5460 604 5513 ὥστε
645 5460 906 5514 κλαῦσαι·
960 5459 1337 5514 συναπώλοντο
1381 5461 1438 5515 δὲ
1483 5463 1576 5515 καὶ
1616 5455 1794 5518 αὗταί

208 5553 312 5614 τοῖς
363 5553 701 5624 τικτομένοις
763 5552 904 5606 κατά
961 5552 1058 5624 τὴν
1119 5553 1432 5622 φάσκουσαν
1491 5555 1730 5627 ἱστορίαν
1753 5575 1768 5588 ο

274 5671 317 5703 ³⁸
345 5671 479 5755 Gen.
509 5691 662 5741 xvm,
691 5675 782 5729 20.
858 5674 900 5707 ”
928 5673 948 5727 ἰ
981 5674 1112 5743 Reg.
1147 5689 1222 5738 tv,
1246 5693 1345 5731 vn.
1425 5677 1468 5710 δ’
1505 5680 1526 5733 l
1556 5675 1686 5754 Reg.
1720 5696 1794 5749 Iv,
1823 5681 1874 5738 1.

277 5767 348 5839 (l)
384 5766 641 5839 Syntaxis
670 5770 904 5841 postulat
931 5769 1149 5835 αὐτούς.
1194 5769 1352 5828 Eutr.

1880 4539 2026 4610 quod
2059 4555 2168 4595 non
2206 4539 2456 4596 adessent
2507 4540 2794 4610 propinqui
2849 4555 3072 4606 earum;
3127 4540 3239 4593 imo
3282 4537 3444 4594 etiam

1880 4632 2178 4688 sacerdotes
2233 4649 2415 4688 eorum
2479 4635 2532 4687 in
2579 4633 2756 4705 gladio
2801 4631 3097 4688 ceciderunt
3148 4632 3225 4704 (hi
3280 4647 3446 4704 porro

1881 4734 2041 4782 erant
2096 4725 2193 4780 ﬁlii
2256 4724 2418 4795 Heli),
2452 4737 2502 4780 et
2556 4726 2729 4782 viduae
2763 4744 2943 4782 eorum
2989 4745 3093 4782 non
3156 4727 3448 4798 plorabun-

1884 4827 1989 4874 tur.
2022 4816 2081 4873 ln
2138 4820 2310 4890 primo
2363 4818 2674 4891 Regnorum
2731 4822 2874 4876 libro
2924 4822 3139 4893 legitur,
3179 4837 3301 4877 cum
3351 4821 3446 4878 lilii

1883 4910 2000 4968 Heli
2034 4914 2090 4968 in
2127 4915 2270 4970 bello
2295 4915 2646 4981 cecidissent,
2687 4931 2876 4972 eorum
2911 4931 3110 4970 uxores
3143 4917 3336 4975 viduas
3365 4935 3447 4973 re-

1881 5005 2063 5070 lictas,
2092 5022 2311 5077 gravem
2364 5009 2696 5064 sustinuisse
2740 5023 2997 5066 mortem.
3038 5011 3218 5079 Quare
3245 5012 3447 5066 dicitur

1883 5097 2182 5153 secundum
2212 5098 2620 5171 Symmachum,
2655 5101 2722 5156 Et
2749 5102 2980 5158 viduata:
3005 5121 3186 5160 eorum
3206 5123 3310 5162 non
3331 5107 3447 5177 plo-

1882 5199 2129 5244 raverunt
2155 5206 2174 5245 :
2204 5207 2381 5263 neque
2409 5193 2551 5249 enim
2586 5195 2924 5251 exsistebant
2950 5208 3008 5253 ut
3033 5197 3161 5255 ﬂere
3190 5207 3444 5270 possent;

1878 5297 2004 5336 nam
2029 5297 2137 5336 una
2167 5298 2291 5337 cum
2319 5291 2476 5354 partu
2507 5301 2609 5340 suo
2637 5287 2922 5342 exstincta:
2953 5299 3100 5354 sunt,
3129 5299 3186 5344 ut
3211 5275 3444 5344 férthzc

1877 5373 2147 5432 historia:
2177 5373 2246 5429 Et
2288 5377 2488 5444 factum
2528 5389 2606 5434 est
2648 5381 2701 5435 in
2739 5381 2920 5437 diebus
2960 5383 3442 5438 illisconvensrunt

1876 5467 2134 5539 allophyli
2181 5469 2235 5524 in
2286 5469 2478 5525 bellum
2522 5483 2709 5528 contra
2758 5473 2936 5541 Israel
2958 5478 3036 5541 ";
3075 5475 3270 5529 deinde
3313 5467 3471 5530 vero

1877 5574 2003 5615 cum
2035 5563 2231 5620 exisset
2263 5566 2494 5637 p0pulus
2521 5566 2588 5622 ad
2619 5583 2874 5638 pugnam,
2911 5568 3090 5622 Ca’sus
3119 5575 3216 5632 cst,
3242 5566 3439 5636 inquit,
