4008 6210
549 261 655 321 933

1210 261 1476 319 EUSEBll
1509 260 1990 319 CASSARIENSIS
2027 263 2176 320 OPP.
2216 262 2398 319 PARS
2437 261 2522 319 Ill.
2556 295 2624 304 -—
2660 261 3067 320 EXECETICA.

3683 265 3797 323 956

550 382 730 439 Israel
754 398 773 436 :
799 391 850 437 et
879 381 1026 451 facta
1068 392 1147 437 est
1178 382 1339 454 plaga
1379 398 1572 452 magna
1601 382 1752 437 valde
1782 397 1801 437 :
1832 392 1882 437 et
1919 383 2109 439 cecide~

2215 381 2326 437 Kal
2366 378 2620 452 ἐγενήθη
2653 380 2723 434 ὲν
2749 380 2879 446 ταῖς
2918 379 3167 450 ἡμέραις
3194 381 3470 445 ἐκείναις,
3504 381 3601 434 καί
3639 398 3799 435 συν-

547 486 674 530 runt
701 475 766 531 de
793 475 965 530 Israel
999 476 1218 547 triginta
1248 475 1420 531 millia
1447 491 1514 531 ea:
1548 476 1820 531 ordinibus
1857 492 1874 529 :
1904 485 1954 529 et
1992 492 2119 530 arca

549 568 648 623 Dei
674 577 832 638 capta
866 578 967 634 est,
998 576 1049 624 et
1077 568 1232 624 ambo
1268 569 1370 634 ﬁlii
1400 568 1524 624 Heli
1549 570 1746 624 mortui
1773 579 1916 634 sunt,
1945 569 2117 640 Opimi

544 670 597 713 et
630 659 875 715 Phinees.
912 659 979 714 Et
1019 661 1252 715 cucurrit
1282 661 1363 715 vir
1401 659 1690 716 Jemina’us
1733 677 1798 716 ex
1825 662 2037 725 castris,
2067 671 2119 716 et

545 752 682 806 venit
711 752 770 806 in
794 751 966 808 Silam
994 754 1049 807 in
1078 753 1176 807 illa
1202 751 1311 817 die,
1342 753 1513 807 scissa
1543 762 1700 814 veste.
1727 763 1779 807 et
1808 769 2117 824 conspersus

541 843 750 912 pulvere
772 854 947 913 caput.
980 844 1048 898 Et
1076 861 1190 900 ecce
1221 844 1342 899 Heli
1374 845 1429 899 in
1452 844 1585 898 sella
1606 844 1678 898 ad
1697 856 1904 916 portam
1933 856 2117 901 contra

546 934 742 992 bivium
781 947 1046 1007 spectans.
1077 937 1214 992 Erat
1234 938 1377 993 enim
1408 954 1500 992 cor
1526 938 1640 1008 ejus
1665 954 1855 1008 pavens
1874 955 1970 1009 pro
1990 957 2117 994 arca

545 1026 664 1085 Dei.
699 1026 814 1085 Sub
856 1030 973 1085 haec
1016 1029 1220 1085 dicitur
1253 1048 1268 1085 :
1304 1027 1439 1083 Erat
1478 1040 1654 1085 autem
1691 1029 1812 1086 Heli
1839 1033 1993 1102 quasi
2021 1048 2117 1086 no-

544 1119 766 1190 naginta
796 1129 909 1175 octo
941 1136 1220 1182 annorum,
1253 1130 1305 1175 et
1333 1121 1476 1175 oculi
1512 1121 1626 1191 ejus
1659 1121 2034 1193 caligaverant.
2065 1132 2116 1178 et

544 1227 647 1264 non
679 1209 906 1267 videbat.
954 1210 1019 1264 Et
1052 1212 1131 1266 vir
1158 1212 1251 1266 ille
1277 1211 1527 1267 accedens
1549 1211 1686 1266 dixit
1705 1228 1724 1267 :
1747 1212 1859 1283 Ego
1887 1231 2004 1268 sum
2027 1218 2117 1285 qui

542 1304 657 1358 veni
683 1319 748 1359 ea:
769 1304 980 1367 castris,
1001 1313 1052 1359 et
1073 1321 1165 1375 ego
1192 1320 1256 1359 ea:
1278 1305 1389 1359 acie
1414 1305 1528 1376 fugi
1549 1304 1721 1359 hodie.
1747 1304 1814 1358 Et
1845 1307 1943 1371 ait,
1976 1306 2115 1374 Quid

543 1406 720 1451 actum
750 1408 849 1464 est,
891 1397 974 1467 [ili
1012 1398 1129 1453 mi?
1173 1396 1242 1451 Et
1268 1398 1533 1467 respondit
1560 1412 1689 1467 puer
1719 1406 1769 1451 et
1794 1397 1929 1452 dixit
1954 1415 1972 1452 :
2006 1397 2117 1453 Fu-

540 1482 638 1554 git,
670 1482 869 1554 inquit,
900 1483 1074 1539 Israel
1107 1503 1141 1540 a
1165 1486 1305 1554 {acie
1347 1486 1761 1556 allophylorum,
1787 1495 1838 1541 et
1865 1487 2011 1556 facta
2038 1497 2116 1543 est

541 1572 701 1643 plaga
723 1589 915 1643 magna
945 1573 999 1628 in
1025 1574 1241 1643 populo,
1266 1585 1315 1630 et
1340 1573 1495 1629 ambo
1519 1574 1622 1642 ﬁlii
1647 1574 1725 1627 tui
1753 1577 1948 1631 mortui
1969 1586 2111 1641 sunt,

538 1672 590 1717 et
618 1680 746 1718 arca
773 1665 874 1721 Dei
905 1676 1060 1737 capta
1091 1676 1191 1723 est.
1231 1666 1299 1722 Et
1327 1668 1531 1736 factum
1564 1679 1642 1723 est
1675 1685 1793 1723 cum
1823 1686 2113 1724 memoras-

2219 475 2576 544 αθροίζονται
2603 475 2946 543 ἀλλόφυλοι
2968 476 3056 539 εὶς
3085 473 3352 542 πόλεμον
3384 473 3482 526 ἐπὶ
3512 472 3758 540 Ἰσραήλ
3776 491 3793 504 ·

2219 563 2318 621 εἷθ’
2361 567 2486 640 ἑξῆς
2522 567 2871 642 προελθόντος
2919 565 3012 620 τοῦ
3068 564 3198 620 λαοῦ
3250 568 3328 628 εἰς
3377 565 3468 619 τὸν
3516 564 3793 636 πόλεμον,

2217 661 2437 724 Πταίει,
2468 662 2650 732 φησιν,
2679 659 2835 729 ἀνὴρ
2871 656 3107 726 Ἰσραήλ
3127 675 3139 688 ·
3180 657 3277 711 καί
3310 658 3544 727 ἐγένετο
3581 659 3794 726 πληγὴ

2210 752 2444 823 μεγάλη
2476 753 2739 823 σφόδρα·
2774 752 2871 806 καὶ
2899 736 3129 805 ἔπεσαν
3150 749 3220 816 ἐξ
3261 751 3505 819 Ἰσραὴλ
3525 751 3796 819 τριακον-

2215 861 2289 898 τα
2336 843 2601 914 χιλιάδες
2652 842 2959 913 ταγμάτων
2982 860 2997 874 ·
3046 843 3145 897 καὶ
3203 843 3243 910 ἠ
3291 843 3535 908 κιϐωτὸς
3570 840 3643 894 δὲ
3682 842 3794 897 τοῦ

2217 935 2366 990 θεοῦ
2390 934 2644 1005 ἐλήφθη,
2669 935 2768 990 καὶ
2801 935 3122 1004 ἀμφότεροι
3157 937 3211 990 ol
3234 934 3351 989 vlol
3388 934 3540 988 Ἠλεί
3567 933 3792 989 ἀπέθαρ

2214 1045 2346 1092 νον,
2388 1027 2579 1097 Ὀςςνεὶ
2618 1026 2715 1081 καὶ
2751 1026 2975 1094 Φινεὲς.
3002 1027 3111 1081 Kal
3142 1026 3395 1096 ἔδραμεν
3435 1027 3595 1096 ἀνὴρ
3633 1027 3795 1097 ἰεμιι-

2214 1119 2383 1186 ναῐος
2408 1121 2476 1174 ἐκ
2516 1117 2624 1188 τῆς
2672 1119 3073 1188 παρατάξεως,
3111 1119 3207 1173 καί
3237 1118 3424 1187 ἦλθεν
3459 1121 3546 1184 είς
3572 1118 3792 1189 Σηλὼμ

2214 1212 2284 1265 ἐν
2316 1210 2391 1280 τῇ
2420 1209 2610 1280 ἡμέρᾳ
2630 1212 2852 1280 ἐκείνῃ,
2879 1212 2951 1266 τὰ
2976 1210 3171 1280 lycisca
3198 1210 3384 1265 αὐτοῦ
3409 1211 3786 1280 διερρωγότα,

2215 1303 2311 1357 καὶ
2346 1303 2421 1373 γῆ
2466 1303 2565 1357 ἐπὶ
2607 1301 2716 1371 τῆς
2763 1301 3032 1372 κεφαλῆς
3061 1301 3268 1357 αὑτοῦ.
3312 1302 3419 1357 Καὶ
3468 1302 3600 1356 ἰδοὺ
3632 1303 3789 1358 Ἠλεί

2214 1394 2313 1448 ἐπὶ
2343 1395 2448 1449 τοῦ
2479 1395 2691 1465 δίφρου
2719 1395 2878 1463 παρὰ
2918 1395 3033 1464 τὴν
3064 1396 3270 1464 πύλην
3310 1395 3628 1452 σκοπεύων
3674 1394 3790 1464 τὴν

2214 1486 2418 1541 δίοδον
2438 1504 2451 1517 ·
2489 1487 2578 1541 ὅτι
2612 1483 2692 1558 ἦν
2730 1486 2769 1553 ή
2803 1486 3014 1556 καρδία
3050 1488 3237 1542 αὑτοῦ
3259 1488 3619 1557 ἐξεστηκυῖα
3652 1489 3785 1557 περὶ

2213 1576 2325 1646 τῆς
2356 1576 2602 1632 κιϐωτοῦ
2649 1576 2755 1632 τοῦ
2810 1576 2977 1632 Θεοῦ.
3025 1573 3141 1631 Εἶθ’
3193 1575 3320 1649 ἑξῆς
3373 1579 3583 1651 εἴρηται
3605 1597 3620 1610 ·
3672 1584 3784 1635 Kal

2226 1670 2377 1725 Ἠλεὶ
2408 1671 2484 1736 ὡς
2510 1674 2596 1741 κη’
2629 1670 2778 1725 ἐτῶν
2801 1686 2816 1701 ·
2853 1669 2952 1725 καὶ
2990 1674 3042 1725 οἱ
3068 1671 3358 1740 ὀφθαλμοὶ
3389 1672 3577 1726 αὐτοῦ
3602 1673 3791 1727 ἐπαν-

539 1766 618 1812 set
661 1775 844 1814 arcam
904 1758 1020 1822 Dei,
1078 1760 1266 1815 cecidit
1320 1760 1385 1815 de
1431 1759 1566 1816 sella
1615 1772 1905 1818 retrorsum
1946 1761 2109 1832 juxta

2209 1765 2498 1834 ἐστησαν,
2529 1767 2629 1823 καί
2670 1769 2780 1821 οὐκ
2820 1767 3056 1822 ἕϐλεπε.
3104 1767 3212 1821 Kal
3253 1770 3291 1821 όν
3323 1767 3479 1836 ἀνὴρ
3527 1771 3789 1836 προσελ-

538 1844 830 1918 οειὲιιηι,ἐι
852 1855 1137 1909 contritum
1165 1863 1245 1909 est
1272 1853 1490 1909 dorsum
1515 1856 1652 1923 ejus,
1675 1866 1726 1911 et
1751 1866 1989 1912 mortuus
2011 1867 2110 1925 est,

537 1948 664 2016 quia
708 1963 866 2001 senex
906 1947 1060 2002 homo
1088 1958 1204 2002 erat
1243 1957 1294 2003 et
1321 1949 1520 2019 gravis.
1553 1948 1737 2003 Nurus
1779 1959 1951 2004 autem
1997 1949 2113 2020 ejus

2211 1858 2332 1915 θὼν
2370 1850 2570 1912 εἷπεν·
2615 1857 2755 1927 Ἐγώ
2787 1861 2905 1929 ειμι
2951 1863 2985 1914 ό
3036 1859 3200 1927 ἥκων
3233 1861 3302 1914 ἐκ
3341 1858 3448 1928 τῆς
3489 1862 3785 1930 παρεμϐοο

2210 1949 2347 2019 λῆς,
2387 1949 2483 2003 καὶ
2512 1950 2627 2020 ἐγὼ
2656 1951 2725 2004 ἐκ
2754 1950 2856 2019 τῆς
2886 1951 3268 2020 παρατάξεως
3303 1953 3572 2023 πέφευγα
3592 1954 3783 2023 σήμε-

536 2052 675 2092 uxor
698 2038 918 2094 Phinees
941 2056 1221 2110 pra'gnans
1245 2048 1359 2094 erat
1391 2041 1662 2112 vicinaque
1690 2029 1909 2110 partui:
1936 2052 1986 2096 et
2018 2059 2111 2097 au-

2209 2058 2335 2110 por.
2362 2040 2471 2094 Kal
2500 2038 2629 2095 εἷπε
2653 2056 2669 2071 ·
2706 2042 2765 2095 Τί
2782 2042 2911 2095 ἐστι
2942 2042 3010 2096 τὸ
3044 2042 3290 2112 γεγονὸς
3305 2041 3489 2112 ῥῆμα,
3523 2044 3747 2097 τέκνον
3767 2060 3790 2107 ;

539 2126 654 2183 dito
686 2130 870 2184 nuntio
898 2131 1037 2199 quod
1068 2139 1224 2199 capta
1259 2140 1393 2185 esset
1437 2148 1566 2185 arca
1615 2131 1732 2198 Dei,
1779 2141 1829 2188 et
1876 2143 2113 2188 mortuus

538 2232 676 2279 esset
704 2238 853 2277 socer
880 2239 1030 2288 suus,
1074 2232 1124 2278 et
1163 2224 1242 2278 vir
1270 2240 1421 2286 suus,
1453 2225 1595 2294 flevit
1632 2233 1683 2279 et
1724 2227 1941 2293 peperit,
1990 2226 2116 2296 quia

538 2316 809 2371 irruerant
838 2317 1046 2372 dolores
1077 2319 1132 2371 in
1156 2334 1295 2379 eam,
1329 2327 1379 2372 et
1408 2318 1465 2373 in
1496 2327 1723 2388 tempore
1751 2337 1846 2375 suo
1872 2321 1948 2392 (1)
1972 2337 2115 2374 mor-

429 2414 433 2419 ’
539 2416 633 2463 tuo
655 2417 753 2463 est.
787 2408 855 2462 Et
893 2409 1145 2464 dixerunt
1177 2411 1423 2465 mulieres
1471 2428 1588 2483 quia
1633 2412 1880 2466 astabant
1921 2414 1990 2476 ei,
2037 2411 2115 2467 Ne

537 2501 758 2567 timeas,
804 2501 930 2571 quia
974 2501 1147 2571 ﬁlium
1191 2502 1437 2570 peperisti
1474 2518 1494 2556 :
1529 2518 1646 2573 quae
1682 2520 1785 2556 non
1823 2503 2110 2574 respondit,

538 2608 700 2662 neque
727 2591 1121 2648 animadvertit.
1156 2591 1351 2648 Postea
1393 2594 1715 2664 subiungit:
1750 2592 1820 2648 Et
1859 2594 2114 2664 allopltgli

537 2695 847 2756 acceperunt
879 2702 1060 2741 arcam
1090 2685 1209 2751 Dei,
1237 2696 1286 2741 et
1316 2697 1716 2757 asportaverunt
1749 2704 1864 2741 eam
1895 2688 1949 2741 in
1980 2690 2114 2740 Azo-

539 2784 673 2829 tum.
708 2774 776 2830 Et
808 2786 1119 2845 acceperunt
1151 2777 1415 2847 allophyli
1443 2793 1624 2831 arcam
1663 2776 1901 2842 Domini,
1946 2788 1994 2832 et
2023 2781 2112 2832 in-

538 2869 770 2924 tulerunt
797 2886 915 2924 eam
945 2870 998 2924 in
1033 2870 1248 2924 domum
1281 2868 1467 2940 Dagon
1488 2869 1555 2923 “.
1592 2867 1717 2923 Haec
1741 2884 1906 2940 porro
1930 2870 2110 2926 omnia

539 2959 629 3014 hic
655 2959 979 3029 compendio
1015 2967 1388 3015 memorantur
1421 2979 1435 3015 :
1464 2974 1591 3014 nam
1626 2958 1975 3030 subjungitur
2000 2979 2013 3014 :
2043 2993 2111 3003 —-

537 3048 705 3107 Vsus.
722 3050 812 3107 65.
835 3049 899 3105 Et
913 3052 1173 3106 excitatus
1191 3060 1267 3107 est
1288 3061 1536 3123 tanquam
1551 3052 1816 3107 dormiens
1834 3053 2106 3118 Dominus,

2210 2135 2321 2191 Kal
2354 2136 2640 2205 ἀπεκρίθη
2673 2134 2736 2191 τὸ
2763 2134 3095 2205 παιδάριον,
3144 2137 3240 2190 καὶ
3272 2133 3435 2190 εἷπε·
3475 2137 3789 2207 Hegesia-er

2209 2227 2366 2296 ἀνὴρ
2427 2228 2670 2298 Ἰσραὴλ
2723 2228 2792 2283 ὲκ
2847 2228 3169 2296 προσώπου
3212 2231 3584 2299 amoenam-
3604 2272 3619 2296 ,
3679 2231 3789 2283 καὶ

2211 2319 2413 2390 πληγὴ
2442 2320 2674 2390 μεγάλη
2707 2321 2951 2392 γέγονεν
2969 2322 3039 2375 ἐν
3058 2321 3138 2388 τῷ
3163 2321 3308 2388 λαῷ,
3339 2321 3436 2376 καὶ
3459 2323 3792 2393 ἀμφότεροι

2211 2414 2264 2465 οί
2291 2413 2407 2466 υἱοί
2435 2429 2551 2466 σου
2579 2412 2923 2478 τεθνήκασι,
2971 2414 3070 2467 καὶ
3118 2415 3156 2483 ἠ
3190 2413 3432 2481 κιϐωτὸς
3470 2414 3577 2469 τοῦ
3629 2416 3792 2470 θεοῦ

2209 2504 2462 2572 ἐλήφθη.
2503 2503 2613 2558 Kal
2661 2504 2918 2573 ἐγένετο,
2945 2505 3025 2571 ὡς
3068 2504 3337 2574 ἐμνήσθη
3378 2505 3489 2575 τῆς
3527 2508 3790 2562 κιϐωτοῦ

2209 2596 2315 2650 τοῦ
2347 2595 2514 2659 Θεοῦ,
2553 2595 2652 2651 καὶ
2695 2595 2918 2652 ἔπεσεν
2943 2596 3062 2651 ἀπὸ
3104 2597 3210 2652 τοῦ
3243 2598 3457 2666 δίφρου
3493 2600 3794 2668 ὀπισθίως

2208 2686 2492 2755 ἐχόμενος
2515 2686 2625 2755 τῆς
2656 2687 2873 2754 πύλης,
2918 2687 3015 2742 καὶ
3044 2689 3359 2757 συνετρίϐη
3399 2692 3433 2744 ό
3463 2689 3648 2757 νῶτος
3667 2692 3799 2747 σύ-

2210 2774 2336 2839 τοῦ,
2383 2775 2480 2829 καὶ
2521 2774 2847 2830 ἀπέθανεν·
2879 2776 2969 2831 ὅτι
3015 2779 3355 2846 πρεσϐύτης
3401 2782 3434 2833 ό
3469 2780 3791 2851 ἅνθρωπος

2208 2866 2305 2919 καὶ
2332 2866 2546 2934 βαρύς.
2576 2865 2688 2920 Kal
2723 2868 2927 2938 νύμφη
2960 2868 3145 2923 αὐτοῦ
3183 2868 3337 2938 γυνὴ
3386 2872 3584 2938 Φινεὲς
3620 2889 3790 2929 συν·-

2209 2959 2490 3028 ειληςρυῖα
2531 2958 2637 3013 τοῦ
2678 2961 2872 3014 τεκεῖν
2896 2976 2910 2992 ·
2956 2962 3053 3015 καὶ
3093 2962 3323 3031 ἢκουσε
3372 2963 3487 3032 τὴν
3515 2965 3792 3037 ἀπαγγε-

2208 3053 2370 3116 λίαν,
2415 3053 2506 3107 ὅτι
2550 3052 2786 3123 ἐλήφθη
2814 3056 2853 3124 ἠ
2896 3056 3138 3123 κιϐωτὸς
3173 3057 3280 3111 τοῦ
3328 3057 3505 3123 Θεοῦ,
3542 3061 3640 3114 καί
3687 3063 3793 3116 ὅτι

538 3153 792 3215 tanquam
823 3153 1004 3214 potens
1019 3154 1067 3198 et
1087 3144 1391 3212 crapulatus
1423 3163 1455 3200 α
1483 3147 1619 3201 vino.
1653 3145 1946 3214 Postquam
1978 3164 2105 3203 arca

2209 3143 2496 3211 τέθνηκεν
2539 3147 2572 3197 ό
2620 3123 2902 3213 πενθερὸς
2933 3145 3126 3214 αὐτῆς
3164 3147 3263 3201 καὶ
3295 3151 3328 3203 ὸ
3370 3147 3523 3217 ἀνὴρ
3562 3151 3790 3220 αὐτῆς,

537 3244 699 3308 capta
740 3236 842 3292 fuit
892 3237 962 3291 ab
1002 3235 1308 3307 allophylis,
1343 3249 1398 3292 et
1433 3245 1723 3308 postquam
1765 3255 1930 3309 supra
1960 3240 2106 3294 dicta

535 3336 728 3384 contra
758 3328 1016 3399 populum
1056 3337 1209 3400 gesta
1255 3336 1404 3394 sunt,
1446 3345 1601 3385 suam
1636 3328 1780 3384 Deus
1819 3332 2108 3400 providen-

537 3421 668 3476 tiam
713 3429 1151 3479 commonstrans
1178 3463 1193 3488 ,
1240 3423 1500 3478 invisibili
1552 3424 1754 3480 virtute
1808 3425 2108 3495 allophylos

537 3514 766 3572 incessit
799 3522 853 3570 et
886 3515 1189 3570 ulciscitur.
1239 3515 1421 3582 Quare
1454 3514 1659 3569 dictum
1699 3523 1782 3571 est
1814 3535 1827 3570 :
1869 3514 1936 3569 Et
1970 3516 2109 3569 exci-

536 3617 678 3662 tatus
707 3617 784 3663 est
828 3617 1077 3679 tanquam
1116 3607 1382 3662 dormiens
1410 3606 1691 3669 Dominus,
1730 3616 1979 3677 tanquam
2008 3623 2107 3676 po-

536 3710 647 3755 tens
675 3712 724 3755 et
758 3700 1064 3769 crapulatus
1106 3717 1140 3753 a
1186 3700 1336 3761 vino;
1373 3699 1672 3755 secundum
1722 3696 2106 3770 Symmachum

535 3808 687 3858 vero,
724 3792 998 3863 Tanquam
1041 3802 1223 3861 potens
1274 3792 1488 3861 loquens
1522 3806 1589 3845 ea:
1626 3791 1775 3854 vino;
1809 3789 2108 3845 secundum

539 3885 811 3954 Aquilam,
866 3883 1141 3955 Tanquam
1188 3892 1369 3953 patens
1399 3882 1703 3952 crapulntus
1727 3898 1793 3937 ea:
1820 3882 1958 3937 vino.
2003 3881 2106 3937 De-

539 3972 666 4027 inde
698 3972 939 4041 seipsum
973 3972 1242 4037 excitans,
1279 3972 1534 4027 inimicos
1567 3987 1698 4028 suos
1726 3971 1984 4042 percutit,
2025 3971 2131 4025 vi!

537 4062 733 4117 delicet
766 4063 858 4132 qui
890 4078 1074 4118 arcam
1114 4064 1425 4120 testamenti
1459 4071 1719 4133 ceperant
1766 4060 1953 4131 (Vens.
1990 4061 2105 4131 66),

536 4163 593 4211 et
618 4154 851 4225 percutit
871 4169 967 4210 eos
988 4155 1042 4210 in
1072 4156 1394 4225 posteriora,
1419 4154 1622 4224 datque
1649 4153 1730 4210 eis
1756 4154 2106 4224 opprobrium

536 4246 950 4317 sculpiternum.
999 4245 1282 4313 Quomodo
1315 4244 1647 4316 percusserit
1683 4259 1779 4302 eos
1821 4245 1877 4300 in
1918 4253 2103 4317 poste-

538 4339 687 4393 riora
724 4337 953 4393 historia
983 4336 1246 4399 declarat,
1281 4352 1403 4409 quae
1436 4336 1517 4393 sic
1563 4336 1726 4392 habet
1753 4336 1809 4391 in
1839 4337 2016 4407 primo
2044 4336 2108 4391 li-

537 4431 639 4487 bro
686 4430 998 4501 Regnorum
1020 4429 1065 4462 “
1095 4448 1109 4485 :
1146 4428 1217 4483 Et
1246 4438 1534 4501 aggravata
1562 4437 1640 4484 est
1671 4445 1858 4483 manus
1890 4427 2105 4483 Domini
2137 4469 2182 4528 ο

537 4539 694 4594 super
719 4526 958 4589 Aeolios,
995 4536 1044 4582 et
1079 4526 1266 4598 afﬂixit
1290 4542 1401 4589 eos,
1431 4533 1480 4580 et
1515 4526 1772 4594 percussit
1804 4540 1892 4578 eos
1925 4524 1983 4578 in
2011 4540 2107 4593 po-

534 4618 740 4673 dicibus
762 4634 966 4684 eorum,
996 4618 1224 4673 Azotum
1249 4626 1299 4673 et
1326 4618 1456 4688 ﬁnes
1484 4617 1630 4686 ejus;
1655 4624 1710 4672 et
1738 4632 1957 4673 rursum
1988 4636 2002 4670 :
2032 4615 2104 4671 Et

537 4710 801 4765 translata
848 4720 949 4774 est,
1000 4712 1198 4781 inquit,
1247 4726 1375 4766 arca
1424 4708 1639 4765 Domini
1668 4726 1725 4763 tn
1755 4707 2018 4772 Gettham,
2052 4716 2102 4762 et

537 4800 737 4870 factum
761 4812 839 4858 est
872 4810 1149 4872 postquam
1190 4801 1460 4857 translata
1501 4810 1601 4865 est,
1634 4800 1779 4870 facta
1806 4810 1884 4855 est
1911 4816 2101 4855 manus

538 4894 755 4950 Domini
788 4897 843 4951 in
871 4894 1016 4960 urbe,
1048 4894 1356 4964 fortitudine
1380 4911 1573 4966 magna
1593 4892 1764 4950 valde.
1798 4892 1866 4947 Et
1888 4910 2101 4963 percus-

539 4992 608 5044 sit
638 4990 774 5044 viros
804 4989 951 5044 urbis
982 5007 1015 5044 a
1040 5004 1200 5059 parvo
1227 5005 1388 5062 usque
1416 4986 1486 5044 ad
1514 5005 1783 5059 magnum,
1812 4997 1862 5043 et
1888 5004 2103 5058 percus-

527 5085 609 5161 sit
635 5098 724 5139 eos
753 5084 809 5139 in
833 5082 1104 5153 podicibus
1131 5099 1334 5140 eorum.
1368 5081 1439 5138 Et
1467 5083 1681 5137 mittunt
1710 5097 1891 5136 arcam
1919 5080 2016 5137 Dei
2046 5082 2103 5137 in

540 5174 854 5233 Ascalonem
893 5190 912 5228 :
951 5185 1001 5229 et
1044 5176 1403 5233 clamauerunt
1449 5174 1775 5230 Ascalonita
1824 5172 2102 5229 dicentes‘:

542 5267 687 5336 Quid
735 5265 999 5321 svertistis
1041 5281 1222 5323 arcam
1266 5265 1365 5321 Dei
1412 5264 1479 5319 ad
1520 5261 1934 5334 interﬁciendum
1963 5266 2099 5320 nos?

542 5358 682 5416 llinc
721 5356 1042 5430 slmjungit:
1080 5357 1220 5423 Quia
1249 5356 1393 5425 facta
1440 5366 1518 5411 est
1557 5356 1797 5426 confusio
1835 5356 2016 5410 mortis
2046 5355 2101 5411 in

612 5516 653 5547 δ·
681 5512 701 5566 l
730 5513 862 5586 Reg.
891 5529 942 5578 v,
984 5511 1104 5577 με.
1181 5511 1228 5542 δ’
1258 5510 1415 5583 ἰϋὶιι.,
1446 5509 1498 5565 6.

619 5693 696 5764 (ι)
735 5691 793 5747 ιιι
824 5652 908 5748 est
940 5692 1026 5747 sui
1052 5696 1260 5760 partus.

2209 3235 2306 3288 καὶ
2357 3236 2621 3290 ἕκλαυσε
2674 3238 2773 3291 καὶ
2814 3236 3037 3300 ἔτεκεν,
3080 3234 3185 3292 ὅτι
3215 3240 3680 3311 ἐπεστράφησαν
3719 3236 3793 3299 al

2206 3324 2414 3391 ὠδῖνες
2440 3324 2627 3394 αὐτῆς
2657 3327 2750 3380 ἐπ’
2777 3326 2998 3394 αὐτήν·
3033 3329 3131 3383 καὶ
3168 3331 3239 3384 ἐν
3266 3329 3345 3395 τῷ
3383 3333 3560 3400 καιρῷ
3583 3334 3795 3405 αὐτῆς

2206 3417 2594 3483 ἀποθνήσκει.
2618 3420 2729 3474 Kal
2755 3417 2933 3475 εἶπαν
2959 3421 3114 3489 αὐτῇ
3144 3425 3201 3475 al
3228 3423 3505 3491 quiraixec
3525 3427 3583 3477 al
3621 3442 3791 3496 παρ-

2205 3508 2516 3576 εστηκυῖαι
2558 3509 2745 3578 αὐτῇ·
2785 3509 2882 3579 Μὴ
2923 3512 3132 3579 φοϐοῦ,
3180 3512 3270 3566 ὅτι
3318 3512 3452 3567 υἱὸν
3496 3514 3789 3583 τέτοκας·

2207 3600 2305 3653 καὶ
2349 3601 2460 3654 οὐκ
2509 3601 2831 3669 ἀπεκρίθη,
2877 3602 2995 3656 καὶ.
3021 3605 3134 3657 οὐκ
3175 3605 3434 3673 ἐνόησεν
3473 3603 3509 3671 ἠ
3553 3605 3793 3673 καρδία

2207 3694 2415 3763 αὐτῆς.
2448 3697 2557 3749 Καὶ
2589 3695 2713 3767 ἑξῆς
2746 3696 3052 3766 ἐπιλέγεται
3083 3697 3294 3763 τούτοις
3313 3715 3327 3729 ·
3358 3698 3461 3753 Kal
3503 3698 3792 3769 ἀλλόφυ-

2207 3791 2303 3843 λοι
2342 3789 2561 3844 ἔλαϐον
2596 3788 2712 3856 τὴν
2755 3790 3000 3844 κιϐωτὸν
3031 3790 3139 3845 τοῦ
3186 3792 3353 3857 Θεοῦ,
3376 3792 3473 3846 καί
3498 3790 3791 3866 εἰσήνεγ-

2208 3899 2326 3939 καν
2372 3882 2567 3949 αὐτὴν
2606 3884 2694 3948 εις
2723 3882 2985 3943 Ἄζωτον.
3025 3883 3139 3937 Kal
3166 3884 3385 3938 ἔλαϐον
3421 3888 3473 3939 al
3502 3886 3787 3955 ἀλλόφυ-

2206 3976 2304 4028 λοι
2339 3972 2454 4040 τὴν
2497 3973 2744 4028 κιϐωτὸν
2775 3975 3016 4042 Κυρίου,
3057 3975 3155 4028 καὶ
3191 3974 3551 4046 εἰσήνεγκαν
3580 3976 3791 4048 αὐτὴν

2205 4068 2293 4134 είς
2334 4063 2504 4121 οἷκον
2542 4066 2763 4137 Δαγὼν.
2806 4066 3022 4121 Τούτων
3067 4068 3132 4139 δὴ
3182 4069 3399 4123 πάντων
3429 4070 3801 4142 ἐπιτέμνεται

2206 4159 2306 4230 τὴν
2338 4161 2552 4231 μνήμην
2578 4162 2607 4213 ὁ
2640 4158 2832 4232 παρὼν
2853 4159 3028 4227 λόγος,
3061 4160 3154 4213 καὶ
3191 4159 3464 4230 ἐπιλέγει·
3499 4162 3611 4216 Kal
3646 4162 3788 4232 ἐξηι

2205 4251 2384 4322 τέρθη
2427 4252 2508 4318 ὡς
2547 4254 2580 4306 ό
2618 4251 2827 4306 ὑπνῶν
2867 4253 3101 4321 Κύριος,
3140 4253 3221 4319 ὠς
3252 4252 3511 4323 δυνατὸς
3541 4255 3641 4309 και
3689 4273 3788 4310 κε-

2206 4342 2626 4412 κραιπαληκὼς
2650 4344 2720 4409 ἐξ
2751 4344 2920 4399 οἴνου
2972 4346 3125 4399 Μετὰ
3168 4346 3227 4399 τὸ
3258 4345 3525 4417 ληφθῆναι
3560 4350 3664 4419 τὴν
3693 4367 3786 4403 κι-

2207 4435 2377 4489 ϐωτὸν
2410 4435 2515 4489 ὑπὸ
2554 4435 2662 4489 τῶν
2693 4435 3024 4505 ἀλλοφύλων,
3054 4438 3149 4490 καὶ
3183 4438 3320 4509 μετὰ
3363 4438 3423 4491 τὸ
3464 4439 3781 4509 πραχθῆναι

2209 4527 2280 4583 τὰ
2310 4529 2716 4601 προλελεγμένα
2743 4530 2883 4583 κατὰ
2909 4530 3001 4583 τοῦ
3030 4529 3182 4593 λαοῦ,
3207 4530 3305 4597 τὴν
3334 4529 3641 4602 ἐπισκοπὴν
3680 4533 3781 4584 αὺ-

2207 4622 2302 4678 τοῦ
2349 4623 2561 4688 δεικνὺς
2607 4624 2638 4675 ὁ
2687 4621 2820 4686 Θεὸς
2838 4663 2855 4687 ,
2906 4622 3223 4694 μετέρχεται
3271 4625 3394 4686 τοὺς
3447 4622 3782 4695 alloquio-sq

2206 4715 2423 4787 ἀοράτῳ
2452 4714 2675 4786 δυνάμει
2705 4715 2946 4780 κολάζων
2975 4714 3190 4779 αὐτούς.
3225 4714 3316 4768 Διὸ
3349 4714 3597 4769 λέλεκται
3618 4733 3634 4747 ·
3666 4716 3779 4770 Kal

2207 4804 2494 4876 ἐξηγέρθη
2518 4806 2598 4872 ὡς
2622 4809 2656 4860 ὀ
2679 4804 2888 4860 ὑπνῶν
2912 4807 3145 4875 Κύριος,
3164 4806 3246 4872 ὼς
3266 4805 3521 4872 δυνατὸς
3546 4822 3779 4875 κεκρατ-

2208 4893 2491 4962 παληκὼς
2539 4893 2611 4959 ἐξ
2653 4895 2857 4949 οινου·
2894 4895 3035 4950 κατὰ
3079 4894 3136 4948 δὲ
3178 4894 3269 4950 τὸν
3318 4896 3636 4968 Σύμμαχον,
3682 4896 3778 4963 Ὡς

2205 4986 2462 5053 δυνατὸς
2482 4986 2784 5043 διαλαλῶν
2813 4988 2883 5055 ἐξ
2905 4988 3105 5044 οἴνου·
3132 4987 3275 5043 κατὰ
3302 4988 3358 5043 δὲ
3392 4990 3482 5044 τὸν
3523 4990 3775 5053 Ἀκύλαν,

2217 5081 2312 5147 Ὠς
2348 5078 2603 5146 δυνατὸς
2646 5080 3136 5150 κεκραιπαληκὼς
3178 5081 3248 5148 ἐξ
3281 5083 3469 5138 οινου.
3498 5080 3633 5140 Εἶτα
3670 5083 3779 5137 διε-

2207 5173 2397 5246 γείρας
2439 5173 2600 5238 ain-bc
2632 5174 2844 5237 ἑαυτὸν.
2879 5175 3145 5229 πατάσσει
3173 5177 3300 5240 τοὺς
3332 5175 3559 5250 ἐχθροὺς
3584 5175 3776 5240 αὑτοῦ,

2186 5264 2403 5337 ’δηλαδὴ
2436 5264 2559 5328 τοὺς
2602 5264 2700 5337 τὴν
2748 5264 2976 5319 κιϐωτὸν
3014 5265 3117 5336 τῆς
3158 5265 3434 5337 Auditur);
3474 5265 3781 5319 ἀπολαϐόν-

2204 5371 2333 5420 τας·
2387 5355 2483 5410 καὶ
2514 5357 2778 5411 πατάσσει
2826 5356 3022 5421 αὐτοὺς
3049 5357 3129 5420 si;
3163 5356 3233 5411 τὰ
3260 5355 3454 5424 ὀπίσω,
3495 5355 3677 5413 δίδωσί
3713 5372 3781 5409 τε
