4008 6210
449 212 560 272 939

1128 183 1399 267 EUSEBII
1436 209 1923 267 cmssmmvsns
1957 211 2111 270 opp.
2156 213 2335 269 rans
2372 215 2462 270 ιιι.
2491 247 2562 258 -
2591 217 3004 274 EXEGETICA.

3597 221 3707 278 940

452 353 624 411 porro
674 335 1027 406 intelligimus
1083 333 1379 388 unicornes
1441 348 1564 389 esse
1613 348 1732 398 eos,
1794 350 2012 404 quorum

2134 341 2511 410 μονοκέρωτας
2531 335 2670 394 εἶναι
2696 337 2823 403 τοὺς
2853 341 2914 392 τὸ
2937 339 2996 392 ἓν
3026 337 3194 411 κέρας
3227 340 3703 410 ἐπιγραφομένους

454 445 625 486 unum
653 443 821 482 cornu
862 426 1196 496 descriptum
1228 426 1283 480 in
1311 425 1452 480 caelo
1483 433 1588 490 est,
1618 441 1758 496 quos
1786 426 2024 497 Aposto-

453 523 541 579 lus
565 522 649 576 his
679 519 860 575 verbis
895 518 1210 573 declarabat
1239 536 1253 572 :
1292 516 1362 570 Et
1389 516 1456 570 ad
1485 517 1773 571 multorum
1799 518 2027 573 millium

452 614 758 686 angelorum
802 611 1272 676 celebritatem,'et
1314 609 1609 665 Ecclesium
1651 611 2027 682 primogenita—

450 727 591 772 rum,
633 709 722 779 qui
753 706 999 776 descripti
1046 713 1168 759 sunt
1197 705 1253 758 in
1303 705 1446 759 caelis
1472 705 1540 760 ⁸⁸.
1575 703 1682 760 Sed
1723 705 1909 772 etiam,
1943 707 2028 760 in-

449 803 588 873 quit,
629 801 683 854 in
715 809 857 853 terra
895 796 1132 867 fundavit
1167 811 1282 850 eam
1306 797 1362 850 in
1399 796 1674 850 saxulum.
1714 795 2024 852 Secundum

450 891 839 965 Symmachum
871 897 1074 951 autem,
1107 889 1240 942 sicut
1273 896 1488 952 terram,
1521 905 1677 958 quam
1697 888 1936 958 fundavit
1970 891 2027 943 in

449 985 725 1040 sacculum.
762 982 896 1037 Nam
928 980 1292 1038 sanctiﬂcium
1329 981 1461 1036 illud
1507 982 1651 1052 quod
1681 983 1736 1036 in
1777 982 2024 1038 sensibili

447 1088 502 1135 et
535 1089 752 1134 terrena
783 1076 1091 1132 Jerusalem
1144 1082 1248 1138 est,
1291 1075 1371 1130 Sic
1416 1075 1704 1130 aediﬁcavit
1746 1077 1803 1130 in
1853 1085 2021 1132 terra.

449 1170 605 1225 Sicut
632 1171 779 1225 enim
811 1177 954 1224 terra
1010 1166 1189 1221 media
1223 1167 1365 1222 inter
1394 1181 1564 1238 aquas
1608 1167 2024 1238 comprehendi-

447 1273 538 1318 tur
573 1260 872 1318 secundum
919 1257 1282 1330 Scripturam,
1316 1259 1390 1313 ita
1419 1267 1473 1313 et
1500 1257 1800 1315 Jerusalem
1844 1259 2022 1316 media

447 1355 592 1409 inter
621 1353 956 1423 alienigenas
987 1358 1178 1422 gentes
1218 1348 1398 1419 posita
1437 1356 1575 1404 erat.
1607 1348 1787 1416 Quare
1813 1350 2018 1405 dict-um

446 1455 530 1502 est
563 1446 616 1500 in
642 1443 944 1516 prophetiis
974 1463 986 1498 :
1020 1443 1148 1497 Haec
1173 1451 1250 1496 est
1274 1441 1596 1509 Jerusalem,
1623 1443 1677 1498 in
1706 1442 1876 1498 medio
1898 1459 2021 1514 gen-

445 1541 577 1594 tium
603 1539 756 1608 posui
777 1538 929 1592 illam
950 1537 1015 1592 ⁸⁸.
1039 1535 1154 1592 Sub
1173 1537 1289 1592 haec
1306 1543 1487 1591 autem
1515 1535 1618 1589 ait:
1638 1564 1707 1574 ——
1737 1533 1898 1591 Vens.
1930 1536 2017 1591 70.

443 1630 619 1702 Elegit
650 1629 818 1684 David
850 1646 1055 1685 servum
1077 1646 1257 1696 suum,
1287 1627 1355 1684 de
1383 1643 1494 1698 quo
1523 1627 1729 1683 dictum
1768 1636 1852 1683 est
1879 1646 1892 1682 :
1921 1627 2018 1682 In-

2128 433 2248 485 κατ⁹
2275 432 2503 504 οὐρανὸν
2521 472 2535 497 ,
2566 432 2660 497 οὓς
2688 432 2874 505 ἐδήλου
2913 433 3085 500 λέγων
3121 433 3152 484 ὁ
3188 432 3508 496 Ἀπόστολος
3527 449 3540 463 ·
3591 434 3705 488 Καὶ

2121 525 2408 596 μυριάσιν
2468 527 2738 597 ἀγγέλων
2785 528 3117 596 πανηγύρει
3139 564 3156 591 ,
3210 527 3309 580 καὶ
3377 527 3706 596 Ἐκκλησία

2127 621 2512 689 πρωτοτόκων
2547 618 3085 690 ἀπογεγραμμένων
3114 619 3186 673 ἐν
3209 619 3506 688 οὐρανοῖς.
3540 619 3704 676 Ἀλλά

2127 713 2218 766 καὶ
2239 713 2308 765 ἐν
2331 710 2406 780 τῇ
2445 710 2542 782 τῇ,
2592 711 2776 783 φησὶν,
2823 711 3223 781 ἐθεμελίωσεν
3247 711 3442 779 αὐτὴν
3475 713 3562 778 εἰς
3593 711 3706 765 τὸν

2124 797 2328 852 αἰῶνα.
2364 799 2521 852 Κατὰ
2558 799 2616 852 δὲ
2649 799 2740 854 τὸν
2787 798 3103 870 Σύμμαχον,
3152 800 3248 866 Ὠς
3289 800 3405 870 τὴν
3437 799 3570 872 γῆν,
3618 799 3706 870 ἦν

2125 891 2518 975 ἐθρμελίωσεν
2541 893 2630 958 είς
2665 891 2774 946 τὸν
2798 892 3002 947 αἰῶνα.
3042 893 3116 946 Τὸ
3143 894 3252 966 γάρ
3276 895 3526 966 ἀγίασμα
3551 895 3613 948 τὸ
3639 896 3702 949 ἐν

2123 987 2188 1057 τῇ
2229 985 2459 1056 αἰσθητῇ
2505 985 2600 1039 καὶ
2639 986 2865 1058 ἐπιγείῳ
2912 987 3266 1060 Ἰερουσαλὴμ
3302 989 3472 1052 οὕτως
3496 987 3700 1059 ᾠκοδό-

2127 1094 2298 1149 μησεν
2345 1079 2425 1142 είς
2453 1078 2550 1149 τὴν
2586 1076 2712 1148 γῆν.
2744 1079 2953 1151 Ὥσπερ
2980 1081 3090 1152 γὰρ
3132 1083 3166 1152 ὴ
3191 1080 3264 1150 γῆ
3301 1081 3440 1152 μέση
3467 1081 3701 1153 ἀπείλη-

2124 1187 2256 1225 πται
2284 1170 2491 1224 ὑδάτων
2520 1171 2660 1225 κατά
2691 1171 2789 1243 τὴν
2821 1172 3042 1244 Γραφήν
3061 1190 3075 1203 ’
3109 1172 3252 1226 οὕτω
3293 1174 3388 1226 καὶ
3432 1176 3464 1245 ἡ
3499 1175 3701 1247 Ἰερου-

2125 1261 2307 1335 σαλὴμ
2343 1263 2483 1336 μέση
2510 1263 2618 1317 τῶν
2651 1264 2963 1334 ἀλλοφύλων
2997 1265 3166 1320 ἐθνῶν
3197 1267 3558 1338 συνειστήκει.
3603 1268 3701 1321 Διὸ

2121 1354 2369 1409 λέλεκται
2403 1356 2462 1410 ἐν
2495 1356 2882 1429 προφητείαιςο
2916 1357 3078 1426 Αὕτη
3107 1358 3145 1424 ή
3178 1358 3593 1429 Ἰερουσαλὴμ,
3623 1361 3702 1413 ἐν

2115 1449 2284 1518 μέσῳ
2315 1447 2434 1502 τῶν
2461 1449 2653 1503 ἐθνῶν
2686 1451 2920 1504 τέθεικα
2947 1449 3159 1517 αὐτήν.
3187 1450 3298 1504 Εἶτ’
3323 1452 3416 1519 ἐπὶ
3446 1453 3655 1516 τούτοις
3677 1470 3694 1482 ’

2131 1541 2498 1608 Ἐξελέξατο,
2531 1543 2686 1614 φησὶ,
2715 1543 2896 1597 Δαυῒδ
2922 1542 3030 1597 τὸν
3065 1541 3291 1598 δοῦλον
3310 1543 3530 1610 αὑτοῦ,
3560 1547 3697 1616 περὶ

2119 1630 2180 1690 οὗ
2217 1635 2465 1708 εἴρηται·
2508 1631 2707 1704 Εὗρον
2735 1633 2918 1690 Δαυΐό
2943 1635 3049 1689 τὸν
3075 1634 3301 1690 δοῦλόν
3333 1653 3471 1706 μου,
3499 1637 3695 1706 ἄνδρα

443 1729 556 1783 veni
620 1727 790 1782 David
847 1744 1052 1781 servum
1108 1743 1310 1791 meum,
1360 1726 1530 1779 virum
1587 1727 1873 1779 secundum
1925 1741 2012 1780 cor

2117 1727 2269 1783 κατὰ
2314 1726 2430 1795 τὴν
2467 1726 2718 1795 καρδίαν
2755 1744 2873 1796 μου
2897 1741 2910 1754 ·
2961 1725 3021 1780 ὃν
3058 1726 3372 1792 ἐξελέξατο,
3409 1729 3505 1799 οὐχ
3543 1731 3693 1783 ὥστε

443 1835 648 1882 meum;
670 1834 828 1888 quem
856 1817 1040 1888 elegit,
1069 1833 1177 1872 non
1204 1824 1417 1872 tantum
1449 1824 1507 1870 ut
1534 1815 1748 1887 primus
1770 1832 1837 1872 ex
1867 1817 2014 1872 tribu

442 1909 581 1966 Juda
614 1918 903 1981 regnaret,
956 1909 1052 1964 sed
1094 1910 1167 1963 ita
1197 1916 1258 1963 ut
1302 1907 1500 1978 dignus
1547 1907 1904 1978 judicaretur,
1948 1923 2016 1962 ex

442 2002 601 2070 cujus
646 2000 853 2056 semine
895 2001 1148 2055 Christus
1179 1999 1272 2054 Dei
1323 1999 1584 2070 prodiret.
1619 1998 1791 2071 Elegit
1834 2007 2016 2054 autem

442 2110 564 2149 eum
596 2094 843 2164 pluribus
872 2094 1047 2163 ipsum
1083 2092 1346 2148 fratribus
1371 2093 1488 2148 suis
1513 2100 1874 2162 anteponens.
1910 2091 2014 2147 Ac.-

441 2186 694 2256 cepitque
725 2202 848 2240 eum
880 2201 944 2239 ex
987 2185 1242 2255 gregibus
1276 2185 1470 2250 ovium,
1512 2195 1563 2238 et
1603 2184 1666 2238 de
1693 2194 1808 2252 post
1841 2184 2014 2253 fetan-

441 2287 538 2333 tes.
569 2277 703 2332 Nam
738 2279 830 2348 qui
865 2278 1095 2332 suscitat
1138 2278 1204 2332 de
1239 2286 1384 2333 terra
1423 2278 1664 2348 inopem,
1700 2288 1753 2334 et
1778 2279 1843 2333 de
1874 2287 2013 2334 ster-

441 2386 569 2425 core
603 2370 764 2441 erigit
803 2384 1117 2440 pauperem,
1167 2367 1427 2423 Davidem
1473 2369 1733 2423 humilem
1765 2377 1819 2424 et
1865 2369 2015 2439 abie-

441 2469 614 2527 ctum,
646 2462 720 2514 ita
761 2467 946 2514 utnec
984 2473 1110 2512 cum
1147 2457 1409 2513 fratribus
1441 2460 1556 2514 suis
1594 2474 2014 2516 connumerare-

441 2565 560 2620 tur,
610 2568 787 2623 neque
827 2567 926 2622 pro
962 2552 1080 2606 viro
1138 2551 1454 2616 haberetur,
1510 2553 1708 2623 elegit,
1751 2553 1902 2622 prius
1955 2553 2010 2606 in

439 2647 701 2719 pastorali
740 2646 1073 2710 institutum,
1111 2653 1168 2700 et
1184 2651 1258 2700 ex
1287 2659 1420 2699 cura
1443 2644 1675 2699 fetarum
1706 2661 1867 2716 quam
1890 2661 2013 2715 ges-

440 2749 610 2805 serat,
646 2740 900 2794 edoctum
939 2754 1103 2809 quam
1148 2747 1406 2793 accurata
1457 2739 1771 2792 sollicitudo
1797 2738 2010 2807 egenti-

438 2833 542 2888 bus
574 2832 880 2887 adhibenda
914 2837 1081 2886 esset.
1116 2828 1248 2885 Inde
1289 2839 1607 2901 susceptum
1640 2831 1791 2884 illum
1825 2846 1891 2884 ex
1936 2830 2011 2883 ir-

438 2925 847 2979 rationabilium
890 2922 1072 2977 ovium
1098 2922 1361 2992 pastorali
1397 2937 1550 2985 cura,
1584 2923 1840 2990 produxit
1865 2921 2009 2977 Deus

2115 1819 2331 1892 πρῶτον
2357 1820 2421 1872 ἐκ
2455 1818 2627 1890 φυλῆς
2663 1817 2832 1872 ’ἰούδα
2866 1817 3181 1889 βασιλεῦσαι
3215 1819 3394 1890 μόνον,
3423 1819 3559 1874 άλλά
3593 1821 3694 1875 καὶ

2115 1912 2255 1966 ὥστε
2297 1913 2446 1980 ἄξιον
2487 1911 2740 1984 κριθῆναι
2784 1911 2880 1965 τοῦ
2937 1911 3222 1984 προελθεῖν
3260 1914 3325 1966 ὲκ
3375 1913 3694 1985 σπέρματος

2114 2004 2280 2061 αὑτοῦ
2311 2004 2402 2058 τὸν
2425 2004 2659 2076 Χριστὸν
2682 2001 2776 2056 τοῦ
2799 2000 2954 2056 Θεοῦ.
2987 2000 3296 2068 Ἐξελέξατο
3319 2001 3376 2056 δὲ
3400 2003 3558 2056 αὑτὸν
3579 2002 3696 2057 τῶν

2115 2098 2360 2169 ἀδελφῶν
2418 2098 2679 2152 πλειόνων
2731 2097 2899 2151 ὄντων
2955 2095 3273 2167 προκρίνας.
3333 2095 3585 2151 ’Δνέλαϐέ
3627 2113 3696 2150 τε

2114 2193 2275 2246 αὑτὸν
2304 2193 2368 2246 ἐκ
2404 2191 2513 2247 τῶν
2542 2192 2806 2264 ποιμνίων
2837 2187 2956 2246 τῶν
2979 2190 3305 2259 προϐάτων,
3340 2191 3438 2245 καὶ
3483 2192 3694 2256 ἐξόπι-

2114 2288 2262 2339 σθεν
2291 2281 2408 2338 τῶτν
2445 2284 2881 2354 λοχευομένων.
2932 2284 2992 2337 '0
3024 2283 3134 2352 γάρ
3180 2284 3408 2356 ἐγείρων
3444 2285 3552 2339 ἀπὸ
3583 2285 3696 2355 γῆς

2113 2377 2327 2448 πτωχὸν
2377 2378 2468 2431 καὶ
2501 2377 2609 2430 ἀπὸ
2657 2377 2889 2448 κοπρίας
2915 2375 3147 2430 ἀνιστῶν
3192 2377 3417 2448 πένητα,
3460 2379 3552 2430 καὶ
3592 2379 3693 2431 τὸν

2113 2467 2272 2521 Δαυῒδ
2317 2467 2572 2520 ταπεινὸν
2631 2467 2760 2522 ὄντα
2808 2467 2904 2520 καὶ
2937 2467 3348 2538 ἀπερριμμένον
3370 2509 3385 2532 ,
3432 2468 3507 2532 ὡς
3545 2470 3690 2540 μηδὲ

2115 2557 2674 2630 συγκαταριθμεῖσθαι
2721 2561 2833 2623 τοῖς
2878 2557 3043 2612 αὐτοῦ
3090 2558 3365 2628 ἀδελφοῖς,
3415 2559 3548 2631 μηδέ
3603 2563 3693 2625 είς

2111 2650 2279 2723 ἄνδρα
2303 2650 2632 2719 λογίζεσθαι,
2668 2650 2947 2718 ἐξελέξατο
2977 2651 3596 2734 προπαιδαγωγούμενον
3625 2655 3692 2706 ἐν

2111 2746 2176 2814 τῇ
2216 2745 2574 2814 ποιμαντικῇ,
2610 2743 2704 2796 καὶ
2734 2743 2821 2796 διὰ
2847 2745 2946 2814 τῆς
2980 2744 3086 2798 τῶν
3124 2743 3490 2814 λοχευομένων
3514 2743 3694 2816 θρεμ-

2115 2835 2297 2906 μάτων
2331 2832 2584 2902 προνοίας
2622 2833 2683 2885 τὸ
2718 2833 2978 2902 ἐπιμελὲς
3008 2834 3116 2886 τῶν
3147 2833 3414 2904 δεομένων
3453 2833 3694 2905 κηδεμο-

2110 2927 2228 2992 νίας
2250 2924 2715 2996 ἐκδιδασκόμενον.
2754 2926 2946 2980 Ἔνθεν
2977 2927 3138 2982 αὐτὸν
3174 2925 3457 2980 ἀναλαϐὼν
3480 2928 3543 2980 ἐκ
3581 2928 3690 2999 τῆς

437 3025 492 3072 et
539 3016 823 3071 constituit
867 3022 928 3069 ut
955 3013 1144 3086 (Vens.
1173 3014 1260 3083 71)
1312 3022 1545 3082 pasceret
1585 3014 1754 3068 Jacob
1804 3031 2007 3068 servum

2115 3017 2219 3072 τῶν
2262 3017 2471 3088 ἀλόγων
2516 3018 2804 3092 προϐάτων
2852 3019 3243 3090 ποιμαντικῆς,
3303 3021 3613 3090 προήγαγεν
3653 3023 3692 3074 ὀ

438 3125 616 3171 suum,
639 3117 689 3162 et
724 3106 897 3160 Israel
927 3106 1283 3161 Iiwreditatem
1301 3122 1473 3161 suam.
1510 3104 1578 3160 Ut
1615 3107 1757 3160 enim
1795 3106 2010 3176 experi-

438 3207 682 3255 mentum
739 3200 824 3254 sui
869 3179 1095 3254 detlerat
1146 3198 1202 3252 in
1242 3198 1500 3268 pastorali
1548 3198 2008 3252 irrationabilium

436 3293 620 3348 ovium
652 3307 806 3356 cura,
841 3293 1238 3348 rationabiliori
1271 3291 1399 3346 ovili
1439 3289 1727 3360 praefectus
1751 3297 1853 3346 est.
1885 3289 2006 3356 Quo

437 3392 596 3456 pacto
631 3393 810 3441 autem
847 3400 1045 3456 pecora
1083 3392 1332 3456 pasceret
1363 3381 1662 3439 declaravit
1688 3383 1805 3453 ipse
1857 3380 2006 3436 Sauli

435 3481 624 3536 dicens
647 3499 659 3534 :
684 3478 881 3533 Pastor
907 3479 1092 3550 agebat
1122 3493 1298 3532 servus
1323 3487 1444 3531 tuus
1469 3477 1610 3546 patri
1636 3492 1731 3530 suo
1753 3476 1808 3528 in
1847 3474 2005 3529 ovili:

434 3583 484 3628 et
519 3571 730 3642 quando
759 3571 993 3626 veniebat
1029 3570 1105 3625 leo
1137 3580 1227 3624 aut
1260 3586 1438 3636 ursus,
1467 3580 1514 3624 et
1543 3568 1834 3638 arripiebat
1863 3584 2006 3623 ovem

433 3680 499 3719 ea:
521 3679 692 3736 grege,
721 3674 838 3734 post
867 3663 1020 3717 illum
1046 3661 1280 3726 adibam,
1310 3671 1360 3716 et
1388 3662 1626 3731 percussi
1655 3660 1807 3714 illum
1837 3669 1886 3714 et
1913 3674 2006 3714 ca:-

436 3759 579 3810 traxi
619 3771 684 3810 ea:
712 3771 801 3811 ore
838 3756 974 3825 ejus.
1021 3753 1087 3808 Et
1117 3755 1404 3808 insurrexit
1442 3755 1498 3807 in
1543 3770 1643 3817 me,
1677 3761 1726 3807 et
1766 3767 2004 3821 compre-

435 3849 592 3904 luendi
617 3850 795 3920 fauces
838 3849 973 3918 ejus,
1005 3855 1054 3901 et
1087 3849 1323 3918 percussi
1353 3847 1618 3918 occidique
1648 3846 1826 3902 illum.
1865 3843 2004 3900 Leo-

436 3958 554 3996 nem
588 3952 640 3996 et
680 3958 864 3995 ursum
905 3943 1165 4009 percussit
1196 3958 1374 3996 servus
1410 3950 1551 3995 tuus.
1583 3939 1652 3992 Et
1679 3941 1780 3994 erit
1819 3940 2007 3994 alieni-

433 4051 565 4106 gena
580 4042 627 4088 et
658 4033 1054 4087 incircumcisus
1083 4043 1141 4086 ut
1161 4049 1299 4086 unus
1317 4049 1382 4087 ex
1401 4032 1531 4093 illis,
1554 4032 1643 4100 qui
1673 4031 2006 4099 exprobravit

435 4127 568 4181 aciei
591 4125 687 4180 Dei
715 4126 949 4182 viventis.
986 4124 1052 4178 Et
1079 4125 1156 4178 ait
1181 4123 1383 4178 David:
1407 4123 1667 4178 Dominus
1695 4123 1786 4193 qui
1814 4123 2007 4192 eripuit

435 4234 515 4272 me
538 4218 602 4272 de
630 4233 790 4271 manu
813 4217 978 4271 leonis
1007 4225 1056 4271 et
1083 4216 1147 4271 de
1171 4233 1334 4270 manu
1355 4216 1490 4281 ursi,
1514 4215 1604 4269 ille
1628 4231 1708 4269 me
1735 4215 1916 4284 eripiet
1940 4214 2005 4270 de

432 4327 594 4365 manu
652 4311 958 4380 alienigenae
1003 4308 1363 4362 incircumcisi
1409 4308 1565 4361 istius
1585 4307 1652 4363 ⁸⁷.
1713 4306 1810 4360 llis
1857 4307 2002 4361 enim

2117 3107 2249 3172 Θεὸς
2279 3110 2373 3164 καὶ
2405 3110 2703 3181 κατέστησε
2743 3111 3077 3179 ποιμαίνειν
3114 3109 3314 3165 Ἰακὼϐ
3332 3109 3438 3164 τὸν
3459 3110 3693 3164 δοῦλον

2114 3201 2300 3256 αὑτοῦ
2340 3202 2437 3256 καὶ
2471 3202 2708 3270 Ἰσραὴλ
2749 3201 2862 3270 τὴν
2902 3201 3306 3271 κληρονομίαν
3344 3201 3547 3257 αὑτοῦ.
3593 3201 3690 3267 Ὠς

2114 3295 2223 3368 γὰρ
2251 3295 2478 3367 δοκιμὴν
2510 3294 2779 3348 δεδωκότα
2802 3296 2860 3347 ἐν
2889 3297 2955 3366 τῇ
2979 3293 3087 3346 τῶν
3120 3295 3326 3363 ἀλόγων
3351 3294 3691 3365 θρεμμάτων

2115 3389 2465 3458 ποιμαντικῇ,
2505 3386 2599 3440 ἐπὶ
2625 3386 2724 3458 τὴν
2763 3385 3127 3456 λογικωτέραν
3155 3385 3384 3458 καθίστη
3421 3386 3685 3457 ποίμνην.

2116 3480 2304 3543 Ὅπως
2349 3479 2392 3532 δ’
2433 3478 2715 3549 ἐποίμαινε
2761 3476 2832 3530 τὰ
2877 3475 3169 3549 θρέμματα
3223 3478 3458 3548 παρίστη
3503 3477 3688 3545 λέγων

2113 3569 2273 3632 αὐτὸς
2296 3568 2427 3640 πρὸς
2449 3568 2538 3621 τὸν
2567 3568 2739 3622 Σαούλ
2763 3585 2775 3599 ο
2803 3569 3138 3637 Ποιμαίνων
3156 3565 3237 3639 ἦν
3263 3572 3296 3623 ό
3317 3567 3531 3632 δοῦλός
3556 3583 3684 3622 σου

2113 3660 2194 3727 τῷ
2225 3661 2400 3728 πατρὶ
2427 3659 2613 3716 αὐτοῦ
2638 3660 2708 3713 ἐν
2741 3659 2820 3726 τῷ
2850 3660 3102 3729 ποιμνίῳ
3121 3675 3134 3688 ·
3168 3659 3266 3713 καὶ
3299 3659 3439 3713 ὅταν
3457 3659 3684 3727 ἤρχετο

2114 3755 2147 3807 ό
2169 3752 2324 3807 λέων
2345 3754 2383 3822 ἢ
2413 3751 2706 3821 ἄρκοςμ),
2723 3748 2819 3802 καὶ
2843 3747 3136 3817 ἐλάμϐανε
3159 3750 3448 3817 πρόϐατον
3469 3748 3535 3801 ἐκ
3559 3749 3688 3818 τῆς

2112 3844 2354 3915 ἀγέλης,
2383 3843 2480 3897 καὶ
2505 3842 2946 3912 ἐξεπορευόμην
2965 3842 3156 3896 ὀπίσω
3175 3841 3383 3908 αὑτοῦ,
3408 3840 3502 3894 καὶ
3526 3840 3651 3894 emi

2111 3937 2262 4000 ταξα
2279 3935 2484 3998 αὐτὸν,
2501 3934 2598 3989 καὶ
2619 3934 2934 3999 ἐξέσπασα
2952 3933 3019 3987 ἐκ
3042 3933 3146 3987 τοῦ
3161 3933 3454 4002 στόματος
3467 3932 3683 4001 αὑτοῦ.

2111 4029 2221 4084 Καὶ
2250 4028 2611 4082 ἐπανίστατο
2641 4027 2733 4080 ἐπ’
2772 4026 2896 4096 ἐμὲ,
2923 4025 3021 4080 καὶ
3071 4026 3376 4094 ἐκράτησα
3418 4024 3522 4079 τοῦ
3566 4025 3686 4094 φά-

2103 4139 2329 4192 ρυγγος
2350 4119 2557 4183 αὐτοῦ,
2575 4118 2674 4172 καὶ
2694 4117 2962 4182 ἐπάταξα
2983 4116 3077 4171 καὶ
3107 4114 3451 4170 ἐθανάτωσα
3470 4115 3685 4178 αὑτὸν,

2112 4212 2341 4267 καὶτὸν
2367 4212 2585 4265 λέοντα
2617 4209 2713 4264 καὶ
2752 4207 2868 4277 τὴν
2904 4208 3090 4278 ἄρκον
3113 4206 3369 4260 ἔτυπτεν
3395 4209 3427 4259 ό
3459 4204 3689 4270 δοῦλός

2111 4318 2248 4357 σου.
2274 4300 2383 4355 Καὶ
2413 4301 2584 4355 ἔσται
2607 4302 2638 4354 ὀ
2658 4299 3007 4366 ἀλλόφυλος
3029 4299 3061 4350 ό
3076 4294 3468 4362 ἀπερίτμητος
3491 4291 3573 4357 ὡς
3595 4286 3689 4356 εἷς

431 4417 558 4458 cum
590 4400 711 4456 ﬁdei
747 4409 802 4456 et
834 4398 1058 4470 pietatis
1099 4413 1213 4454 suae
1265 4395 1700 4468 experimentum
1737 4393 2000 4460 dedisset,

2115 4396 2352 4458 τούτων,
2392 4394 2460 4460 ὃς
2480 4392 2753 4463 ὼνεζδισε
2778 4386 3101 4459 παρατάξει
3131 4385 3278 4442 Θεοῦ
3313 4385 3546 4451 ζῶντος.
3570 4383 3685 4438 Καὶ

432 4508 647 4550 necnon
689 4492 1045 4563 providentiae
1081 4505 1246 4562 quam
1278 4489 1346 4544 de
1390 4488 1686 4559 pecoribus
1715 4486 1818 4541 sibi
1854 4501 2004 4540 conn-

432 4587 616 4642 missis
643 4585 884 4656 gerebat,
919 4583 1061 4640 Deus
1095 4582 1258 4653 elegit
1284 4597 1408 4637 eum
1440 4591 1494 4635 et
1535 4578 1602 4633 ad
1633 4578 1919 4650 imperium
1946 4578 2003 4632 in

433 4676 843 4731 rationabiliora
875 4689 1074 4746 pecora
1105 4675 1371 4745 provexit.
1406 4673 1502 4727 llle
1537 4686 1666 4726 vero
1705 4671 1808 4727 sibi
1851 4685 2005 4726 com-

434 4769 630 4824 missos
658 4769 890 4839 populos
929 4784 1036 4822 non
1069 4767 1385 4829 crudeliter,
1433 4780 1540 4819 non
1569 4764 1723 4826 dure,
1765 4779 1876 4820 non
1910 4779 2006 4820 su-

436 4859 639 4929 perbe,
707 4859 804 4914 sed
860 4859 917 4912 in
987 4858 1300 4913 innocentia
1363 4856 1549 4912 cordis
1606 4856 1692 4912 sui
1749 4856 2006 4924 pascebat

437 4949 627 5022 (Vens.
658 4951 777 5020 72);
823 4953 960 5015 sive,
987 4952 1289 5006 secundum
1345 4949 1597 5020 Aquilam
1634 4955 1709 5003 .et
1752 4946 2004 5018 Symma-

435 5043 619 5106 chum,
654 5043 938 5097 secundum
971 5043 1360 5112 simplicitatem
1393 5041 1568 5095 cordis
1603 5041 1709 5095 sui.
1743 5037 1813 5092 Et
1845 5040 1896 5092 in
1921 5039 2005 5092 in-

435 5137 724 5192 tellectibus
754 5155 1004 5192 manuum
1045 5155 1265 5193 suarum
1305 5137 1520 5192 deduxit
1547 5155 1655 5193 eos.
1692 5135 2003 5192 Secundum

433 5230 684 5300 Aquilam
727 5243 878 5294 vero,
915 5229 982 5283 Et
1022 5231 1076 5283 in
1122 5231 1401 5297 prudentia
1440 5230 1738 5300 palmarum
1781 5243 2002 5283 suarum

431 5319 648 5374 deduxit
682 5335 803 5383 eos;
833 5319 1132 5374 secundum
1158 5318 1566 5389 Symmachum,
1603 5320 1672 5373 Et
1714 5318 1999 5374 secundum

431 5415 715 5480 puritatem
764 5427 1017 5464 manuum
1063 5427 1282 5465 suarum
1313 5410 1530 5465 deduxit
1576 5429 1683 5468 eos.
1734 5411 1999 5467 Pascebat

433 5503 614 5573 itaque
659 5503 828 5557 David
864 5504 1161 5557 humanum
1214 5504 1648 5574 rationabileque
1686 5504 1865 5568 ovile;
1901 5501 1998 5557 sed

503 5598 546 5629 ⁸³
577 5597 710 5651 lleh.
749 5613 847 5660 xu,
875 5595 961 5651 22.
1005 5597 1049 5629 ⁸⁸
1076 5595 1272 5654 Ezech.
1307 5613 1360 5662 v,
1393 5596 1446 5650 5.
1525 5597 1568 5628 ⁸⁷
1601 5599 1617 5651 l
1650 5594 1783 5666 Reg.
1825 5609 1959 5661 xvn,
1992 5593 2093 5665 Eli.

507 5696 581 5764 (Ι)
625 5695 875 5768 Ἄρκτος.

2110 4484 2239 4542 εἷπε
2266 4485 2445 4540 Δαυΐδ
2462 4502 2476 4516 ·
2504 4485 2738 4553 Κύριος,
2768 4482 2836 4549 ὃς
2862 4478 3136 4546 ἐξείλατό
3154 4495 3232 4548 με
3259 4479 3326 4531 ἐκ
3352 4475 3550 4547 χειρὸς
3575 4473 3684 4528 τοῦ

2109 4577 2358 4644 λέοντος
2384 4576 2482 4630 καὶ
2505 4576 2574 4630 ἐκ
2596 4573 2794 4646 χειρὸς
2822 4571 2932 4641 τῆς
2955 4570 3165 4641 ἄρκου.
3188 4565 3366 4635 οὗτος
3387 4565 3686 4632 ἐξελεῑταί

2104 4684 2183 4737 με
2213 4667 2282 4720 ἐκ
2329 4666 2526 4736 χειρὸς
2571 4665 2676 4719 τοῦ
2724 4663 3080 4731 ἀλλοφύλου
3125 4659 3233 4714 τοῦ
3278 4657 3684 4728 ἀπεριτμήτου

2110 4759 2344 4813 τούτου.
2376 4757 2475 4810 Διὰ
2504 4755 2613 4828 γὰρ
2647 4754 2852 4808 τούτων
2882 4753 3108 4824 δοκιμὴν
3143 4750 3412 4805 δεδωκότα
3445 4748 3683 4810 πίστεως

2111 4851 2206 4905 καὶ
2226 4849 2526 4913 εὐσεϐείας,
2557 4849 2655 4919 τῆς
2676 4864 2736 4900 τε
2765 4846 2871 4899 τῶν
2899 4846 2989 4897 ὑπ’
3015 4844 3176 4896 αὐτὸν
3201 4841 3532 4914 θρεμμάτων
3559 4837 3687 4894 ἀλό-

2111 4961 2222 5015 γων
2251 4942 2528 5014 προνοίας,
2551 4940 2831 5007 ἐξελέξατο
2853 4938 2986 5001 Θεὸς
3008 4938 3101 4991 καὶ
3127 4938 3438 5008 προήγαγεν
3464 4932 3560 4986 ἐπὶ
3582 4932 3683 5004 τὴν

2109 5037 2216 5090 τῶν
2247 5035 2620 5106 λογικωτέρων
2653 5031 2982 5104 θρεμμάτων
3028 5031 3222 5102 ἀρχήν.
3264 5030 3320 5082 '0
3364 5028 3452 5090 δέ,
3487 5027 3682 5079 ὑποδε-

2113 5130 2341 5200 ξάμενος
2360 5129 2486 5190 τοὺς
2515 5125 2916 5198 παραδοθέντας
2949 5121 3119 5193 αὐτῷ,
3141 5123 3242 5176 οὐκ
3275 5118 3522 5191 ἀπηνῶς,
3558 5115 3682 5169 οὐδὲ

2112 5221 2380 5295 σκληρῶς,
2406 5221 2526 5275 οὑδέ
2553 5218 2938 5295 ὑπερηφάνως,
2965 5216 3079 5270 ἀλλ’
3105 5218 3161 5268 ἐν
3181 5213 3386 5283 ἀκακία
3410 5213 3510 5281 τῆς
3545 5225 3682 5280 uap-

2108 5318 2228 5381 δίας
2247 5314 2412 5371 αὐτοῦ
2434 5313 2750 5385 ἐποίμαινεν
2770 5309 2986 5373 αὐτούς’
3005 5308 3039 5380 ἦ
3055 5307 3194 5363 κατά
3219 5308 3308 5360 τὸν
3324 5305 3555 5359 Ἀκύλαν
3585 5300 3681 5355 καὶ

2107 5411 2423 5482 Σύμμαχον,
2438 5405 2717 5473 κατὰτὴν
2737 5405 3046 5472 ἁπλότητα
3068 5400 3177 5469 τῆς
3197 5398 3445 5468 καρδίας
3463 5392 3676 5449 αὑτοῦ.

2107 5502 2215 5557 Καὶ
2246 5503 2314 5556 ἐν
2341 5499 2468 5566 τιιῒς
2503 5496 2796 5554 συνέσεσι
2829 5494 2946 5550 τῶν
2978 5491 3192 5565 χειρῶν
3225 5489 3411 5546 αὑτοῦ
3444 5484 3681 5559 ὡδήγησ-
