3996 6210
308 269 410 327 9H

1437 260 1942 321 COMMENTARIA
1982 260 2049 316 lN
2088 258 2429 315 PSALMOS.

3443 263 3550 318 9'3

304 396 423 437 σεν
445 379 685 444 αὐτούς.
719 378 874 432 Κατά
902 378 957 433 δὲ
984 380 1074 432 τὸν
1110 380 1363 444 Ἀκύλαν,
1406 379 1512 433 Καὶ
1550 379 1619 431 ἐν
1660 377 1878 447 φρονή-

1987 392 2095 430 non
2130 376 2184 429 in
2230 373 2497 444 sapientia
2526 372 2788 438 humana,
2830 391 2940 429 non
2980 375 3265 445 prudentia
3296 380 3513 449 propria
3535 422 3550 442 ,

305 485 448 525 deat
480 467 721 536 ταρσῶν
759 470 945 523 αὑτοῦ
985 470 1413 541 καθωδήτησεν
1455 470 1696 535 αὐτούς.
1725 470 1881 523 Κατά

304 563 365 616 δὲ
387 562 478 614 τὸν
512 560 829 630 Σύμμαχον,
852 562 961 617 Καὶ
990 563 1140 616 κατὰ
1184 562 1300 642 τὴν
1328 564 1725 630 καθαριότητα
1764 560 1884 615 τῶν

306 652 520 726 χειρῶν
544 654 731 708 αὑτοῦ
757 654 1074 724 ὡδήγησεν
1093 654 1333 720 αὐτούς.
1363 654 1679 725 Ἐποίμαινε
1705 651 1883 705 τοίνυν

308 748 343 799 ὁ
366 744 525 798 Δαιῖίδ
555 745 655 816 τὴν
690 744 1037 818 ἀνθρωπίνην
1080 746 1174 800 καὶ
1209 745 1432 818 λογικὴν
1466 745 1734 817 ποίμνην
1766 743 1883 798 ἀλλ’

305 841 407 893 οὑκ
436 841 495 892 ἐν
530 838 694 909 σοφία
731 837 1068 911 ἀνθρωπίνῃ,
1095 837 1217 891 οὑδὲ
1241 838 1299 890 ἐν
1320 839 1387 908 τῇ
1422 835 1615 891 ἐαυτοῦ
1651 835 1884 898 συνέσει,

306 930 421 984 ἀλλ’
444 932 503 983 ἐν
528 928 732 1001 ἀκακία
760 929 854 983 καὶ
882 928 1168 1001 ἁπλότητι,
1205 929 1304 1002 τὴν
1338 929 1517 982 πᾶσαν
1558 926 1878 998 ἐγχειρίζων

302 1020 383 1092 ’εῷ
410 1020 533 1092 Θεῷ
563 1021 839 1092 φροντίδα.
888 1020 1000 1092 Τήν
1027 1037 1092 1089 γε
1128 1019 1235 1092 μὴν
1285 1018 1481 1073 ἑαυτοῦ
1529 1019 1744 1073 σύνεσιν
1790 1017 1879 1071 διὰ

302 1112 415 1165 τῶν
450 1110 657 1182 χειρῶν
678 1111 1045 1177 ἐπεδείκνυτο,
1077 1111 1324 1165 τουτέστι
1364 1110 1452 1164 διὰ
1485 1109 1595 1166 τῶν
1627 1110 1881 1185 πράξεων

306 1204 400 1257 καὶ
419 1202 510 1257 διὰ
532 1202 626 1256 τοῦ
652 1202 790 1273 βίου,
815 1204 909 1256 καὶ
932 1202 1032 1273 τῆς
1056 1202 1249 1273 λοιπῆς
1272 1200 1565 1265 πολιτείας.
1584 1202 1695 1257 Καὶ
1720 1201 1880 1273 μέχρι

302 1291 495 1345 τούτου
539 1292 751 1345 ἵσταται
796 1293 866 1346 τὰ
903 1293 1003 1364 τῆς
1032 1291 1314 1364 παρούσης
1354 1289 1681 1355 ὑποθέσεως,
1712 1307 1881 1361 κατη-

302 1386 498 1456 γορίαν
518 1384 843 1458 περιέχοντα
860 1384 961 1456 τῆς
978 1382 1074 1438 τοῦ
1110 1384 1377 1439 Ἰουδαίων
1399 1382 1531 1438 λαοῦ
1555 1382 1873 1455 μοχθηρίας,

299 1476 649 1531 διδασκαλίαν
676 1494 735 1531 τε
764 1477 863 1550 τῆς
893 1477 989 1532 τοῦ
1014 1477 1150 1531 Θεοῦ
1178 1477 1558 1550 μακροθυμίας
1581 1477 1671 1531 διὰ
1694 1476 1795 1540 τὰς
1816 1476 1875 1528 ἐν

1988 465 2084 520 sed
2118 466 2174 518 in
2210 464 2521 518 innocentia
2555 472 2610 518 et
2639 464 3006 533 simplicitate,
3043 473 3212 520 totam
3236 481 3422 520 curam
3444 467 3556 522 Deo

1988 555 2358 619 committens,
2401 570 2555 608 suam
2579 570 2709 609 vero
2737 555 3149 626 intelligentiam
3180 559 3466 624 manibus,
3501 560 3554 613 id

1988 656 2074 705 est
2111 647 2391 717 operibus.
2420 648 2544 701 vita:
2583 662 2780 716 genere
2805 655 2859 702 et
2885 648 3096 718 reliquo
3134 649 3384 704 instituto
3407 664 3558 706 com-

1986 740 2346 795 monstrabat.
2381 737 2448 792 Et
2478 739 2584 793 hnc
2615 738 2817 794 desinit
2858 755 3098 810 praesens
3128 745 3552 811 argumentum,

1987 830 2356 902 improbitatis
2398 830 2612 885 ludaici
2658 830 2845 902 populi
2885 833 3292 888 accusationem
3330 834 3557 890 divina!-

1985 938 2091 994 que
2120 923 2393 993 patientiae
2421 922 2725 977 doctrinam
2747 925 3137 995 complectens,
3168 928 3555 982 concinnatum

1986 1018 2053 1067 ad
2086 1015 2406 1084 praepositas
2441 1014 2709 1083 quasdam
2752 1014 2951 1070 dubias
2980 1032 3164 1081 voces,
3188 1018 3253 1071 ad
3287 1034 3426 1088 quas
3453 1034 3556 1073 cca

1982 1105 2230 1161 defensio
2258 1106 2505 1176 quasdam
2531 1105 2666 1175 justi
2700 1106 2792 1162 Dei
2816 1107 3010 1178 judicii
3047 1111 3362 1164 necessario
3399 1111 3556 1166 insti-

1984 1199 2174 1254 tuitur.
2215 1197 2341 1253 Hzec
2369 1215 2531 1270 porro
2556 1200 2741 1254 omnia
2790 1214 2912 1262 nos,
2943 1201 3036 1271 qui
3066 1216 3132 1255 cx
3170 1202 3424 1271 gentibus
3463 1220 3557 1259 su-

1985 1307 2129 1353 mus,
2157 1291 2409 1348 Christus
2443 1291 2537 1346 Dei
2578 1293 2790 1356 edocet,
2818 1292 3013 1362 priscis
3048 1295 3314 1365 exemplis
3355 1312 3456 1351 nos
3484 1296 3555 1352 ad

1984 1381 2193 1452 frugem
2224 1397 2511 1448 revocans,
2545 1390 2605 1436 ut
2635 1383 2791 1438 initio
2819 1384 3093 1439 sermonis
3121 1384 3329 1439 dictmn
3376 1400 3408 1440 a
3450 1402 3555 1443 no-

1982 1475 2068 1530 bis
2098 1482 2203 1532 est.

302 1568 421 1632 τοῖς
457 1568 768 1641 ἔμπροσθεν
804 1569 1237 1642 ἐπηπορημὲνας
1275 1568 1480 1641 φωνάς,
1514 1568 1653 1641 πρὸς
1681 1567 1748 1633 ἃς
1768 1568 1957 1642 ὥσπερ
1994 1568 2257 1638 ἀπολογία
2287 1584 2373 1632 τις
2437 1568 2747 1638 ἀναγκαίως
2780 1570 3134 1641 ἐπενήνεκται
3165 1572 3264 1643 τῆς
3292 1571 3387 1626 τοῦ
3418 1572 3554 1628 Θεοῦ

306 1661 721 1736 δικαιοκρισίας.
753 1662 939 1717 Ταῦτα
970 1663 1027 1717 δέ
1065 1665 1245 1719 πάντα
1278 1666 1426 1737 ἡμᾶς
1470 1664 1598 1740 τοὺς
1644 1662 1703 1730 ἐξ
1743 1662 1913 1717 ἐθνῶν
1947 1666 1977 1719 ὁ
2019 1664 2254 1736 Χριστὸς
2297 1662 2394 1717 τοῦ
2428 1663 2563 1717 Θεοῦ
2602 1662 2862 1728 παιδεύει,
2911 1664 3257 1736 σωφρονίζων
3292 1667 3439 1737 ἡμᾶς
3467 1665 3558 1722 διὰ

302 1755 416 1809 τῶν
444 1755 689 1810 παλαιῶν
720 1755 1199 1828 παραδειγμάτων,
1232 1755 1420 1827 ὥσπερ
1441 1751 1534 1810 οῦν
1557 1754 1881 1827 ἀρχομένοις
1917 1757 2049 1828 ἡμῖν
2080 1752 2296 1826 εἴρηται
2322 1755 2414 1809 τοῦ
2447 1754 2628 1823 λόγου.

679 1868 970 1922 ΨΑΑΜΟΣ
1006 1869 1094 1941 Τῼ
1132 1868 1326 1922 amo.
1367 1870 1496 1923 θην.

384 1959 448 2014 '0
492 1960 656 2027 Θεὸς,
688 1960 963 2030 ῆλθοσαν
1001 1960 1147 2030 ἔθνη
1183 1964 1273 2028 είς
1316 1958 1432 2029 τὴν
1473 1961 1880 2031 κληρονομίαν

304 2066 441 2119 σου,
479 2051 732 2123 ἐμίαναν
780 2052 888 2106 τόν
934 2052 1086 2107 ναὸν
1128 2053 1236 2107 τὸν
1264 2053 1437 2124 ἅγιόν
1488 2070 1606 2108 σου
1629 2092 1645 2118 ,
1676 2053 1883 2107 ἔθεντο

317 2139 703 2211 Ἰερουσαλὴμ
727 2143 815 2208 είς
837 2142 1352 2211 όπωροφυλάκιον.
1381 2144 1504 2198 Ὅτι
1528 2143 1636 2216 πρὸ
1667 2143 1762 2197 τοῦ
1788 2143 1881 2197 τὸν

305 2232 430 2287 ναδν
471 2233 887 2306 οἰκοδομηθῆναι
943 2234 1033 2287 τὸν
1078 2236 1136 2290 ἐν
1176 2235 1549 2308 Ἰερουσαλὴμ,
1583 2236 1804 2306 γέγονεν
1853 2239 1882 2291 ό

316 2322 487 2394 ’Δσάφ
519 2323 596 2396 τῷ
624 2323 786 2378 Δαυῒδ
815 2326 1186 2397 συνακμάσας,
1217 2326 1372 2399 δῆλον
1403 2330 1469 2381 ἐκ
1488 2328 1587 2399 τῆς
1621 2327 1877 2400 ἱστορίας.

302 2414 662 2486 Προφητικῶς
692 2412 786 2470 οῦν
823 2415 892 2470 τά
926 2417 1185 2488 μέλλοντα
1229 2421 1456 2490 μακροῖς
1503 2418 1725 2490 ὕστερον
1756 2419 1879 2492 χρό-

304 2522 415 2567 νοις
460 2506 832 2578 συμϐήσεσθαι
876 2509 971 2561 καὶ
1011 2507 1101 2562 διὰ
1152 2508 1261 2563 τῶν
1296 2510 1581 2583 παρόντων
1612 2509 1875 2576 θεσπίζει.

318 2595 476 2649 Ἀλλά
495 2596 583 2651 διὰ
613 2596 710 2668 μὲν
742 2597 836 2650 τοῦ
872 2603 914 2650 o’
948 2598 1043 2652 καὶ
1073 2596 1120 2669 γ’
1155 2600 1253 2673 τὴν
1278 2600 1514 2673 ὑστάτην
1542 2601 1641 2672 τῆς
1674 2602 1880 2668 πόλεως

303 2687 505 2743 ἅλωσιν
530 2690 736 2744 καὶτὸν
765 2690 991 2763 ἔσχατον
1023 2693 1333 2767 ἀφανισμὸν
1366 2694 1459 2748 τοῦ
1490 2695 1641 2760 ναοῦ,
1670 2696 1763 2750 τὸν
1786 2697 1879 2752 ἐπὶ

314 2778 601 2851 Ῥωμαίων
629 2781 918 2853 γενόμενον
971 2784 1112 2853 μετὰ
1161 2786 1259 2857 τὴν
1299 2786 1442 2841 κατά
1488 2787 1582 2841 τοῦ
1630 2789 1878 2862 Σωτῆρος

303 2870 462 2942 ἡμῶν
489 2872 688 2945 τόλμαν
723 2874 832 2929 τῶν
858 2877 1180 2950 οἰκητόρων,
1210 2879 1604 2949 προανεφὼνει,
1634 2880 1710 2946 ὠς
1742 2900 1877 2955 προ-

301 2964 675 3020 αποδὲδεικται
695 2983 709 2997 ·
735 2966 824 3022 διά
867 2968 923 3022 δὲ
953 2968 1063 3023 τῶν
1095 2970 1235 3042 μετά
1274 2974 1460 3051 χεῖρας
1492 2973 1878 3047 ἐπεληλυθέναι

304 3059 407 3131 μὲν
436 3058 561 3131 ἔθνη
604 3062 670 3132 τῇ
700 3060 1034 3135 κληρονομίᾳ
1071 3062 1167 3117 τοῦ
1209 3063 1365 3130 Θεοῦ,
1403 3065 1497 3119 καὶ
1536 3066 1626 3121 τὸν
1651 3069 1709 3121 ἐν
1737 3068 1873 3140 αὑτῇ

302 3149 442 3205 νεὼν
468 3153 851 3223 μεμιαγκέναι,
889 3155 1059 3226 αὑτήν
1089 3172 1148 3209 τε
1180 3156 1279 3229 τὴν
1307 3156 1460 3211 πόλιν
1491 3159 1571 3223 είς
1592 3158 1877 3233 όπωροφυ-

298 3241 490 3296 λάκιον
519 3241 819 3299 τεθεικέναι
848 3246 1102 3317 σημαίνει
1126 3264 1141 3278 ο
1176 3248 1236 3302 οὑ
1281 3247 1387 3320 μὴν
1415 3248 1551 3321 πυρὶ
1591 3250 1882 3322 παραδεδό-

301 3332 431 3387 σθαι
451 3333 543 3389 τὸν
568 3335 753 3400 τόπον,
770 3336 891 3391 οὑδὲ
915 3336 1139 3392 τοιαῦτα
1159 3339 1486 3395 πεπονθέναι
1508 3342 1668 3395 ὁποῖα
1695 3340 1880 3415 ἐδήλου

296 3423 393 3477 διὰ
412 3423 506 3478 τοῦ
530 3425 1061 3498 προλεχθέντος.Ἕτι
1079 3430 1136 3484 δέ
1158 3430 1245 3485 διά
1265 3432 1360 3485 τοῦ
1379 3432 1644 3504 παρόντος
1664 3434 1883 3506 προστί-

299 3514 485 3584 θησιν,
503 3516 579 3581 ὡς
604 3517 712 3591 ἄρα
734 3520 784 3573 oi
808 3519 897 3574 τὸν
915 3520 1081 3576 τόπον
1107 3523 1395 3594 μιάναντες
1424 3523 1650 3590 πολλοὺς
1673 3526 1881 3581 ἀνεῖλον

296 3604 484 3669 ὁσίους
502 3606 697 3679 ἄνδρας
718 3609 812 3663 καὶ
830 3608 965 3664 Θεοῦ
987 3610 1204 3677 δούλους
1223 3631 1238 3644 ·
1261 3604 1336 3668 ὧν
1363 3613 1433 3668 τά
1454 3614 1625 3688 νεκρά
1653 3615 1881 3688 σώματα

304 3694 385 3768 μὴ
406 3700 857 3771 συγχωρήσαντες
875 3703 940 3774 τῇ
972 3701 1112 3756 κατά
1136 3702 1297 3773 φύσιν
1320 3705 1691 3778 παραδοθῆναι
1712 3710 1877 3780 ταφῇ,

297 3788 416 3851 τοῖς
446 3793 711 3854 πετεινοῖς
761 3791 854 3845 τοῦ
897 3793 1126 3865 οὑρανοῦ
1161 3792 1325 3867 βορὰν
1370 3796 1570 3853 ἔθεντο.
1597 3799 1778 3853 Ταῦτα
1823 3799 1881 3853 δὲ

298 3877 406 3935 οὐκ
449 3878 514 3932 ἂν
547 3879 729 3952 εὕροις
780 3883 1094 3956 πραχθέντα
1139 3887 1263 3942 οῦτε
1310 3888 1451 3943 κατά
1496 3890 1598 3963 τὴν
1644 3891 1881 3965 ὑστάτην

300 3969 621 4043 πολιορκίαν
657 3971 751 4026 τοῦ
780 3975 947 4029 τόπου
967 3994 980 4007 ·
1013 3978 1138 4033 ἐπεὶ
1173 3980 1308 4052 μηδὲ
1348 3982 1592 4055 ὑπῆρχεν
1620 3986 1731 4047 τοῖς
1759 3985 1879 4039 τότε

300 4062 437 4133 παρ’
458 4063 639 4128 αὑτοῖς
664 4065 853 4132 ὁσίοις,
882 4068 990 4122 τῶν
1016 4070 1112 4142 τὴν
1146 4073 1298 4127 πόλιν
1319 4074 1631 4141 οἰκούντων,
1653 4078 1879 4132 ἀνοσίων

298 4152 398 4204 καὶ
426 4152 636 4208 cio-266w
668 4155 921 4211 ἁπάντων
950 4162 1249 4228 γεγονότων
1275 4162 1362 4217 διά
1391 4164 1460 4219 τά
1484 4164 1625 4219 κατά
1648 4166 1741 4220 τοῦ
1768 4167 1880 4221 Σω-

298 4241 471 4314 τῆρος
503 4244 535 4315 ὴ
543 4244 658 4315 μῶν
709 4247 849 4301 κατά
892 4267 949 4303 τε
980 4251 1089 4305 τῶν
1136 4253 1448 4309 ἀποστόλων
1492 4256 1657 4312 αὑτοῦ
1696 4257 1877 4312 τετολ-

303 4335 525 4421 μημένα
579 4338 780 4403 αὑτοῖς.
821 4340 958 4395 Ἀλλ’
993 4344 1113 4398 οὑδὲ
1165 4346 1259 4400 ἐπὶ
1300 4349 1397 4421 τῆς
1448 4350 1528 4415 είς
1582 4351 1878 4408 Βαϐυλῶνα

300 4418 681 4494 αἰχμαλωσίας
729 4428 911 4503 εῦροις
939 4432 1006 4486 ἂν
1049 4434 1119 4488 τά
1166 4436 1302 4508 μετά
1352 4418 1539 4511 χεῖρας
1576 4443 1874 4514 γενόμενα·

2169 1866 2220 1923 1.
2259 1866 2584 1922 PSALMUS
2621 1865 2753 1922 IPSI
2790 1867 3041 1924 ASAPH.
3079 1868 3367 1926 LXXVIII.

2057 1955 2224 2024 Deus,
2250 1967 2497 2012 venerunt
2535 1968 2711 2029 gentes
2743 1960 2797 2013 in
2824 1959 3182 2015 hwreditatem
3222 1971 3401 2031 tuam,
3440 1960 3558 2031 pol-

1984 2047 2195 2103 luerunt
2226 2050 2475 2120 templum
2509 2061 2752 2104 sanctunt
2785 2062 2963 2116 tuum,
2996 2063 3282 2123 posuerunt
3329 2052 3555 2108 Jerusa-

1984 2141 2084 2194 lem
2133 2141 2187 2195 in
2230 2158 2506 2211 pomorum
2556 2143 2879 2199 custodiam.
2932 2144 3091 2210 Quod
3129 2156 3255 2200 ante
3284 2146 3468 2216 templi
3502 2147 3557 2198 in

1981 2226 2323 2301 Jerosolyma
2368 2234 2836 2288 ctmstrm:tionem
2865 2233 3048 2305 Asaph
3078 2235 3303 2308 arqualis
3336 2244 3390 2289 et
3419 2248 3558 2290 coae—

1982 2328 2181 2375 taneus
2214 2320 2400 2376 Davidi
2434 2322 2599 2377 fuerit
2620 2363 2636 2385 ,
2669 2339 2735 2379 ex
2768 2325 2995 2381 historia
3032 2326 3254 2396 planum
3284 2336 3388 2381 est.
3420 2325 3557 2380 Pro-

1982 2411 2196 2481 phetice
2246 2427 2378 2483 ergo
2419 2429 2542 2484 quae
2571 2414 2836 2469 diuturno
2865 2424 2990 2485 post
3017 2427 3263 2487 tempore
3291 2424 3557 2472 eventura

1979 2511 2137 2556 erant
2180 2503 2235 2556 in
2282 2504 2540 2573 praesenti
2583 2506 2937 2563 vaticinatur.
2984 2506 3091 2562 Sed
3129 2508 3182 2562 in
3219 2523 3392 2563 uxnl
3426 2508 3553 2579 qui-

1980 2594 2134 2661 dem,
2163 2603 2502 2666 postremum
2537 2597 2691 2652 urbis
2719 2598 3032 2664 excidium,
3063 2608 3118 2654 et
3148 2600 3394 2654 ultimam
3425 2608 3559 2656 tem-

1980 2686 2053 2758 pli
2099 2689 2312 2742 ruinam
2342 2705 2463 2758 qua:
2490 2690 2593 2744 sub
2634 2688 2896 2745 Romanis
2945 2701 3068 2761 post
3116 2692 3317 2747 civium
3349 2692 3472 2762 ejus
3499 2692 3555 2746 in

1991 2778 2328 2835 Salvatorcm
2362 2788 2612 2836 nostrum
2642 2797 2812 2837 ausus
2835 2783 3065 2854 contigit
3085 2823 3100 2848 ,
3128 2784 3557 2854 praenuntiabant,

1980 2880 2040 2926 ut
2066 2874 2323 2943 superius
2352 2875 2766 2946 comprobatum
2794 2887 2896 2930 est.
2930 2874 2987 2930 In
3018 2879 3273 2948 praasenti
3304 2893 3436 2932 vero
3462 2894 3559 2933 ve-

1978 2965 2129 3020 nisse
2151 2964 2370 3035 quidem
2402 2976 2593 3037 gentes
2625 2968 2680 3021 in
2714 2967 3089 3024 haereditatem
3124 2958 3261 3035 Dei,
3289 2970 3558 3040 templum

1978 3058 2121 3128 quod
2147 3057 2203 3112 in
2230 3072 2293 3113 ea
2315 3066 2434 3113 erat
2459 3059 2742 3130 polluisse,
2773 3061 3056 3133 ipsamque
3077 3061 3266 3118 urbem
3294 3063 3350 3118 in
3378 3076 3565 3133 pomo-

1977 3163 2099 3202 rum
2121 3149 2426 3205 custodiam
2450 3151 2702 3220 posuisse
2726 3151 3039 3222 signiﬁcat;
3068 3168 3244 3224 neque
3269 3161 3456 3209 tamen
3482 3154 3560 3208 ait

1981 3239 2093 3313 igni
2144 3241 2405 3297 traditum
2452 3245 2633 3297 locum
2687 3242 2888 3312 fuisse,
2921 3260 3099 3316 neque
3140 3245 3267 3299 talia
3296 3260 3556 3316 passum,

1985 3333 2167 3404 qualia
2202 3333 2257 3387 in
2296 3332 2559 3403 pradicto
2591 3334 2805 3405 psalmo
2835 3335 3113 3392 narrabat.
3144 3336 3309 3392 Addit
3334 3339 3562 3409 insuper

1985 3422 2041 3478 in
2069 3426 2320 3494 prmsenti
2340 3463 2356 3489 ,
2389 3439 2485 3481 eos
2517 3424 2611 3496 qui
2640 3425 2823 3480 locum
2854 3426 3199 3496 polluerunt,
3233 3429 3437 3485 multos
3465 3444 3561 3486 oc-

1983 3515 2186 3571 cidisse
2223 3516 2369 3571 viros
2400 3521 2625 3572 sanctos
2655 3524 2709 3573 et
2740 3517 2836 3573 Dei
2864 3533 3092 3574 servos:
3131 3534 3365 3590 quorum
3408 3534 3559 3578 mor-

1984 3615 2078 3663 tua
2104 3622 2331 3677 corpora
2363 3623 2473 3663 non
2500 3608 2746 3665 sinentes
2777 3611 3019 3664 naturali
3050 3613 3348 3688 sepultura:
3371 3613 3554 3680 tradi,

1983 3701 2040 3756 in
2063 3715 2245 3757 escam
2271 3699 2585 3757 volatilibus
2612 3701 2739 3757 caeli
2771 3711 3095 3774 posuerunt.
3128 3703 3252 3760 Haec
3274 3721 3438 3776 porro
3464 3723 3560 3779 ge-

1984 3801 2069 3851 sta
2109 3809 2219 3848 non
2258 3792 2647 3863 deprehendas
2686 3796 2741 3850 in
2775 3805 3055 3866 postrema
3089 3799 3193 3854 loci
3226 3801 3553 3858 obsidione:

1983 3885 2116 3957 quia
2157 3886 2271 3941 Ιιιεο
2300 3902 2406 3941 non
2432 3886 2686 3943 accidere
2709 3890 2842 3946 viris
2875 3891 3087 3946 sanctis
3112 3893 3205 3963 qui
3236 3909 3404 3964 penes
3433 3896 3557 3951 illos

1980 3987 2158 4033 erant.
2218 3976 2256 4032 li
2314 3995 2552 4050 namque
2605 3981 2699 4052 qui
2726 3983 2916 4038 urbem
2971 3985 3282 4058 incolebant
3338 3988 3557 4043 scelesti

1979 4083 2170 4125 onmes
2199 4079 2253 4125 et
2288 4070 2438 4142 impii
2480 4081 2675 4137 erant,
2709 4074 2780 4129 ob
2824 4091 2955 4132 suos
2984 4078 3037 4132 in
3079 4076 3421 4136 Servatorem
3458 4098 3559 4136 no-

1981 4169 2153 4218 strum
2184 4171 2239 4218 et
2266 4163 2321 4218 in
2351 4164 2472 4233 ejus
2498 4168 2775 4236 apostolos
2806 4185 2993 4227 ausus.
3029 4169 3135 4227 Sed
3169 4189 3345 4243 neque
3375 4176 3431 4230 in
3454 4174 3559 4229 Ba-

1979 4248 2231 4321 bylonica
2280 4252 2600 4322 captivitate
2644 4255 2762 4311 btec
2808 4255 2948 4313 facta
2993 4264 3273 4330 reperias,
3322 4266 3449 4333 quia
3488 4280 3558 4318 ne

1980 4348 2112 4397 tunc
2150 4343 2369 4413 quidem
2409 4346 2589 4409 sancti
2631 4356 2686 4402 et
2729 4350 2975 4427 religiosi
3016 4352 3118 4404 viri
3170 4367 3200 4406 a
3243 4352 3558 4425 Babyloniis

1979 4431 2240 4513 trucidati
2284 4433 2340 4488 in
2387 4435 2617 4491 historia
2667 4436 2939 4494 feruntur.
2988 4438 3346 4505 Quandonam
3389 4444 3558 4515 igitur

300 4516 425 4620 ista}
622 4520 743 4574 τότε
774 4523 952 4588 ὁσίους
977 4525 1177 4598 ἄνδρας
1206 4529 1298 4583 καὶ
1338 4529 1604 4601 θεοφιλεῖς
1632 4534 1736 4588 ὑπὸ
1767 4534 1877 4590 τῶν

1983 4522 2096 4578 haec
2128 4523 2347 4594 impleta
2384 4525 2580 4581 fuere?
2619 4526 2737 4582 Non
2769 4538 2944 4600 potest
2981 4532 3129 4587 aliud
3158 4533 3386 4590 indicari
3420 4546 3556 4593 tem-

299 4602 658 4696 Βαϐυλωνίων
701 4612 1066 4688 ἀνῃρῆσθαιή
1101 4618 1310 4692 ἱστορία
1352 4623 1707 4696 παραδίδωσι.
1741 4627 1877 4680 Πότε

294 4693 483 4750 τοίνυν
532 4699 832 4772 ἐπληροῦτο
857 4704 1064 4774 ταῦτα;
1116 4708 1231 4762 Οὑκ
1284 4693 1443 4766 ἔστιν⁷
1469 4712 1656 4786 ἕτερον
1704 4717 1879 4771 εἰπεῖν

297 4786 517 4857 χρόνον,
547 4789 580 4860 ἢ
616 4791 707 4846 τὸν
729 4794 824 4847 ἐπὶ
860 4796 1151 4869 Ἀντιόχου,
1185 4801 1306 4854 καθ’
1343 4802 1459 4876 ovi)
1504 4806 1612 4860 τῶν
1652 4808 1879 4863 Μακκα-

298 4876 471 4931 6αίων
500 4882 685 4954 γραφὴ
716 4885 785 4939 τὰ
808 4887 947 4956 μετά
982 4893 1169 4962 χεῖρας
1206 4893 1578 4967 προλεγόμενα
1607 4898 1674 4953 δι’
1702 4900 1879 4971 ἔργων

296 4971 657 5061 κεχωρηκότα
681 4973 941 5034 δείκνυσι.
960 4979 1274 5050 Γέγραπται
1298 4983 1426 5051 γοῦν
1457 4987 1513 5039 ἐν
1534 4989 1670 5061 αὑτῇ
1692 4990 1879 5045 τοῦτον

293 5059 392 5113 τὸν
430 5061 662 5134 τρόπον·
696 5068 807 5122 Kal
854 5070 1240 5142 ὑπέστρεψεν
1294 5076 1589 5149 Ἀντίοχος
1621 5059 1774 5151 μετὰ
1810 5086 1877 5137 τὸ

296 5153 560 5244 πατάξαι
593 5156 709 5228 τὴν
738 5160 1044 5232 Αἴγυπτον
1066 5164 1138 5218 ἐν
1160 5165 1242 5232 τῷ
1255 5164 1313 5237 ρ’
1336 5169 1435 5224 καὶ
1460 5177 1519 5240 μ’
1542 5174 1640 5227 καὶ
1665 5181 1715 5244 τ’
1736 5175 1877 5243 ἔτει,

294 5243 398 5297 καί
426 5245 612 5317 ἀνέϐη
632 5249 733 5304 ἐπί
763 5252 1004 5323 Ἰσραὴλ
1027 5256 1098 5310 ἐν
1123 5256 1284 5325 ὄχλῳ
1303 5259 1513 5330 βαρεῖ·
1542 5264 1642 5317 καί
1671 5243 1879 5335 simil-

293 5335 404 5387 θεν
429 5338 518 5404 εὶς
548 5340 616 5393 τὸ
649 5343 915 5414 ἀγίασμα
938 5345 1012 5400 ἐν
1038 5349 1437 5420 ὑπερηφανίᾳ.
1464 5355 1574 5409 Kal
1604 5356 1783 5412 ἔλαϐε
1812 5358 1881 5414 τὸ

291 5425 686 5497 θυμιατήριον
736 5433 805 5488 τὸ
847 5438 1143 5506 χρυσοῦν,
1168 5441 1268 5495 καί
1316 5441 1433 5511 τὴν
1468 5446 1730 5514 λυχνίαν
1768 5449 1879 5505 τοῦ

290 5516 513 5609 φωτὸς,
545 5521 646 5574 καί
681 5523 879 5580 πάντα
913 5529 986 5584 τὰ
1007 5533 1197 5601 σκεύη
1220 5535 1431 5604 αὐτῆς,
1471 5536 1571 5591 καί
1594 5537 1710 5607 τὴν
1736 5540 1871 5609 τρά-

290 5606 481 5699 πεζαν
508 5612 621 5684 τῆς
652 5617 990 5688 προθέσεως
1005 5661 1021 5685 ,
1050 5625 1149 5680 καὶ
1181 5625 1256 5681 τὰ
1300 5629 1562 5685 σπονδεά
1580 5670 1596 5695 ,
1629 5606 1729 5685 καί
1760 5606 1866 5699 τὰς

290 5698 550 5773 φιάλας,
601 5706 701 5762 καὶ
752 5710 860 5779 τὰς
912 5714 1169 5783 defaecat;
1195 5715 1302 5786 τὰς
1343 5720 1580 5792 χρυσᾶς
1601 5762 1618 5790 ,
1666 5721 1765 5779 καί
1803 5698 1872 5781 τό

1983 4629 2112 4683 pus,
2165 4615 2269 4669 nisi
2313 4614 2608 4683 Antiochi,
2652 4620 2756 4675 sub
2779 4636 2890 4691 quo
2934 4619 3370 4681 Machabteornm
3418 4630 3558 4684 scri-

1976 4713 2135 4776 ptura
2164 4745 2178 4769 ,
2230 4722 2351 4777 quae
2398 4708 2486 4763 hic
2534 4716 2975 4779 praenuntiantur
3015 4718 3314 4788 contigisse
3344 4731 3552 4778 narrat.

1978 4794 2252 4870 Scriptum
2284 4802 2470 4872 itaque
2500 4803 2575 4857 ibi
2606 4805 2805 4877 legitur
2830 4828 2843 4863 :
2882 4811 2953 4863 Et
2985 4826 3221 4867 reversus
3252 4825 3331 4868 est
3359 4816 3555 4871 Antio-

1975 4893 2134 4961 chus,
2176 4905 2455 4965 postquam
2505 4900 2768 4967 percussit
2800 4899 3129 4975 sEgyptum,
3161 4908 3215 4962 in
3262 4912 3553 4966 centesimo

1974 4995 2026 5039 et
2054 4986 2465 5059 quadragesimo
2514 4993 2669 5047 tertio
2704 5011 2878 5058 anno;
2927 5007 2978 5052 et
3017 5001 3253 5056 ascendit
3295 5004 3350 5059 in
3385 5004 3559 5061 Israel

1978 5093 2097 5131 cum
2128 5079 2466 5138 multitudine
2495 5086 2645 5152 gravi
2670 5101 2689 5150 ;
2719 5097 2770 5141 et
2799 5089 3072 5159 ingressus
3107 5106 3186 5149 est
3208 5096 3263 5149 in
3303 5110 3557 5151 sanctua-

1980 5170 2120 5222 riunt
2167 5187 2286 5225 cum
2338 5173 2609 5241 superbia,
2660 5189 2710 5233 et
2756 5183 2959 5252 accepit
3002 5185 3178 5242 altare
3212 5205 3434 5244 aureum
3460 5230 3475 5254 ,
3504 5195 3557 5246 et

1979 5261 2359 5319 candelabrum
2388 5266 2629 5335 luminis,
2671 5281 2723 5327 et
2747 5275 2992 5332 universa
3022 5295 3149 5335 vasa
3180 5282 3316 5352 ejus,
3341 5290 3390 5335 et
3420 5295 3560 5335 meze-

1980 5370 2097 5408 sam
2125 5357 2504 5425 propositionis
2523 5402 2539 5427 ,
2570 5373 2622 5418 et
2653 5365 2943 5435 libatoria,
2975 5381 3027 5425 et
3058 5372 3268 5440 phialas
3288 5414 3303 5437 ,
3333 5380 3383 5424 et
3412 5386 3558 5424 mor-

1981 5445 2178 5502 tariola
2210 5464 2412 5517 aurea,
2443 5461 2495 5507 et
2548 5455 2752 5525 celum,
2804 5469 2855 5514 et
2909 5478 3167 5527 coronas,
3213 5473 3266 5517 et
3307 5472 3557 5517 ornatum

1979 5540 2075 5608 qui
2111 5540 2167 5595 in
2206 5541 2342 5611 facie
2381 5546 2559 5616 templi
2601 5560 2739 5608 erat.
2785 5551 2857 5607 Et
2894 5556 3205 5610 comminuit
3249 5554 3469 5610 omnia:
3502 5565 3556 5612 ct

1980 5639 2178 5707 accepit
2208 5639 2488 5701 thesauros
2515 5649 2784 5714 occultos,
2809 5665 2942 5721 quos
2969 5651 3185 5706 invenit.
3216 5649 3288 5708 Et
3323 5650 3552 5706 sublatis

1980 5731 2245 5802 omnibus,
2267 5750 2504 5795 reversus
2524 5739 2658 5798 abiit
2682 5742 2734 5798 in
2760 5751 2955 5798 terram
2984 5759 3159 5800 suam.
3193 5743 3263 5801 Et
3292 5743 3415 5816 fecit
3446 5761 3552 5799 ca:-
