4008 6210
459 239 563 294 9ιὸ

1127 234 1389 291 EUSEBII
1426 234 1906 292 CAESARIENSIS
1948 235 2095 290 OPP.
2140 237 2317 292 PARS
2343 237 2428 294 Ill.
2463 265 2532 278 —-
2571 235 2980 292 EXEGETICA.

3588 240 3694 294 9-H

457 357 575 408 dem
637 368 926 423 magnam:
975 362 1023 405 et
1073 352 1246 420 factus
1301 362 1377 406 est
1419 354 1662 421 planctus
1708 370 1925 422 magnus
1975 353 2023 405 in

2129 353 2570 422 καταπέτασμα,
2612 351 2711 405 καὶ
2743 351 2882 418 τοὺς
2909 351 3266 420 στεφάνους,
3304 350 3399 402 καὶ
3446 351 3550 405 τὸν
3590 354 3692 407 κό-

466 445 654 498 lsrael.
698 443 762 496 Et
802 445 1016 512 scripsit
1053 459 1146 498 rex
1183 446 1325 498 omni
1365 461 1524 515 regno
1561 461 1658 500 suo
1682 487 1698 509 ,
1747 455 1804 498 ut
1851 456 2022 500 essent

459 552 633 588 omnes
661 535 882 603 populus
913 551 1046 588 unus
1075 575 1089 598 ,
1121 545 1171 589 et
1201 537 1513 606 relinqueret
1553 538 1911 607 unusquisque
1950 539 2024 592 le-

457 644 568 696 gem
593 642 745 678 suam
767 625 833 679 ⁸⁸.
858 624 924 677 Et
957 626 1212 694 amplexa:
1239 639 1360 681 sunt
1389 644 1565 681 omnes
1608 637 1783 696 gentes
1810 627 2020 681 verbum

458 720 634 788 regis:
671 728 722 771 et
761 718 916 770 multi
951 734 1017 772 ex
1055 720 1183 787 [iliis
1228 719 1401 774 Israel
1437 729 1816 774 consenserunt
1854 720 2022 773 cultui

457 811 606 872 eius,
664 819 712 864 et
775 801 1204 879 sacriﬁcaverunt
1242 810 1433 874 idolis,
1473 820 1521 865 et
1561 812 2025 878 coinquinaverunt

457 901 751 955 Sabbatum
776 902 841 954 “.
873 901 1003 956 Post
1034 901 1148 955 haec
1171 911 1348 957 autem
1381 902 1615 956 dicitur:
1642 901 1710 954 Et
1739 903 2022 972 wdiﬁcavit

457 991 898 1044 abominationem
935 991 1278 1044 desolationis
1309 991 1363 1045 in
1393 992 1578 1046 altari.
1611 991 1677 1044 Et
1706 993 1757 1045 in
1789 993 2025 1046 civitati-

459 1084 552 1137 bus
589 1081 734 1136 Iuda
783 1083 837 1136 in
883 1083 1109 1136 circuitu
1157 1082 1554 1151 cediﬁcaverunt
1604 1083 1842 1147 altaria,
1881 1092 1931 1138 et
1971 1084 2024 1136 in

455 1175 622 1242 portis
662 1175 811 1238 suis,
851 1183 901 1228 et
941 1176 996 1227 in
1034 1175 1223 1242 plateis
1264 1173 1557 1244 thymiama
1603 1174 1907 1229 adolebant.
1955 1173 2024 1227 Et

459 1265 620 1318 libros
656 1265 731 1335 (1)
779 1266 972 1333 psalmi
1025 1282 1154 1335 quos
1193 1267 1493 1321 invenerunt
1549 1267 1878 1330 scindentes,
1910 1271 2026 1334 igne

457 1356 848 1410 combusserunt
882 1357 950 1412 ⁸ο.
992 1356 1410 1427 Adjicitnrque:
1449 1357 1517 1410 Et
1558 1359 1712 1412 multi
1749 1360 1804 1412 in
1849 1358 2023 1413 Israel

456 1446 772 1516 deﬁnierunt
803 1448 855 1500 in
884 1463 972 1512 se,
1005 1457 1061 1499 ut
1090 1464 1192 1502 non
1217 1448 1599 1503 manducarent
1630 1450 1924 1505 immunda.
1958 1449 2024 1503 Et

456 1542 719 1611 elegerunt
755 1542 917 1604 mori,
967 1552 1024 1594 ut
1071 1559 1173 1596 non
1218 1544 1704 1597 contaminarentur
1750 1543 1916 1608 cibis,
1975 1553 2026 1599 et

459 1634 652 1685 mortui
697 1643 840 1687 sunt.
894 1633 959 1686 Et
1006 1632 1149 1700 facta
1177 1643 1254 1688 est
1283 1635 1366 1688 ira
1396 1651 1589 1705 magna
1620 1637 1674 1688 in
1706 1635 1882 1689 Israel
1914 1636 2027 1689 val-

2126 461 2284 514 σμον
2314 446 2420 499 τὸν
2439 449 2588 498 κατὰ
2614 446 2940 511 πρόσωπον
2984 443 3090 496 τοῦ
3115 443 3282 496 ναοῦ.
3319 443 3427 496 Kal
3449 443 3695 500 ὲλέπισε

2123 535 2318 590 πάντα
2333 555 2346 568 ·
2378 538 2473 590 καὶ
2504 539 2682 591 ἔλαϐε
2722 538 2864 604 τοὺς
2890 535 3233 604 θησαυροὺς
3262 535 3404 600 τοὺς
3435 537 3694 605 ἀποκρύ-

2123 645 2296 696 φους,
2330 623 2440 692 οὖς
2468 624 2623 695 εὗρε.
2660 628 2772 680 Kal
2814 627 3015 681 λαϐὼν
3051 627 3395 696 σύμπαντα,
3423 627 3692 695 ἐπιστρέ-

2122 723 2245 788 ψας
2279 719 2552 786 ἀπῆλθεν
2597 722 2685 784 είς
2715 719 2830 787 τὴν
2865 720 2983 789 γῆν
3030 718 3237 772 αὑτοῦ.
3285 717 3397 772 Kal
3443 718 3693 786 ἐποίησε

2123 813 2521 880 φονοκτονίαν
2541 811 2814 882 μεγάλην
2833 828 2845 841 ·
2889 812 2984 866 καὶ
3012 811 3249 879 ἐγένετο
3291 809 3512 875 πένθος
3539 811 3693 880 μέγα

2121 903 2220 957 ἐπὶ
2261 903 2516 971 Ἰσραήλ.
2566 904 2675 957 Καὶ
2721 904 2984 972 ἔγραψεν
3011 904 3045 955 ὀ
3077 901 3374 967 ,Βασιλεὺς
3412 900 3580 969 πάσῃ
3620 900 3694 968 τῇ

2118 996 2405 1062 βασιλείᾳ
2435 996 2621 1050 αὐτοῦ
2647 992 2798 1050 εἶναι
2823 995 3054 1060 πάντας
3074 994 3228 1048 λαὸν
3247 994 3374 1057 ἕνα,
3393 993 3491 1047 καί
3522 994 3695 1063 ἐγκα-

2124 1086 2396 1140 ταλιπεῖν
2425 1087 2682 1153 ἕκαστος
2718 1087 2788 1141 τὰ
2823 1087 3043 1156 νόμιμα
3093 1084 3302 1138 αὐτοῦ.
3341 1085 3448 1139 Kal
3483 1085 3696 1139 ἀπεδέ-

2125 1178 2304 1242 ξαντο
2333 1177 2527 1232 πάντα
2561 1179 2632 1232 τὰ
2666 1178 2810 1246 ἔθνη
2858 1181 2964 1231 τὸν
3007 1178 3192 1246 λόγον
3217 1176 3324 1230 τοῦ
3351 1175 3690 1242 ,βασιλέωςο

2124 1271 2223 1323 καί
2253 1287 2320 1339 γε
2353 1269 2568 1323 πολλοὶ
2605 1269 2727 1324 ἀπὸ
2773 1269 2919 1324 υἱῶν
2961 1267 3198 1336 Ἰσραὴλ
3249 1267 3590 1336 εὐδόκησαν
3616 1266 3693 1336 τῇ

2123 1362 2365 1429 λατρεία
2413 1361 2631 1425 αὐτοῦ,
2677 1362 2773 1414 καὶ
2823 1362 3052 1415 ἔθυσαν
3082 1359 3206 1426 τοῖς
3249 1359 3546 1424 εἰδώλοις,
3592 1360 3695 1412 καὶ

2124 1455 2502 1521 ἐόεόήλωσαν
2521 1453 2587 1507 τὸ
2621 1453 2939 1507 Σάϐϐατον.
2957 1453 3064 1505 Καὶ
3089 1451 3227 1523 μετὰ
3248 1450 3420 1505 ταῦτα
3445 1451 3660 1522 εἴρηται
3674 1468 3689 1481 ·

2125 1545 2233 1601 Kal
2259 1544 2605 1614 ᾠκοδόμησε
2645 1542 2961 1612 βδέλυγμα
2999 1540 3346 1610 ἐρημώσεως
3364 1540 3462 1593 ἐπὶ
3499 1540 3564 1593 τὸ
3592 1543 3695 1594 θυ-

2125 1636 2496 1705 σιαστήριον.
2521 1635 2632 1688 Καί
2656 1651 2722 1704 γε
2747 1634 2817 1687 ἐν
2853 1635 3069 1687 πόλεσι
3108 1631 3292 1686 Ἰούδα
3313 1632 3516 1698 κύκλῳ
3545 1632 3693 1697 ᾠκο-

457 1725 520 1778 tle
549 1725 616 1779 ⁶¹.
650 1723 773 1780 llaec
804 1739 966 1796 porro
994 1725 1271 1779 diuturnis
1300 1735 1489 1795 postea
1513 1727 1878 1797 temporibus,
1901 1734 2023 1796 post

2127 1726 2400 1795 δόμησαν
2410 1727 2653 1795 βωμούς
2669 1745 2684 1758 ο
2712 1725 2808 1778 καὶ
2829 1724 2927 1778 διὰ
2948 1723 3066 1777 τῶν
3088 1721 3281 1791 θυρῶν
3300 1721 3420 1775 τῶν
3437 1722 3694 1784 οίκείων,

458 1819 745 1890 Assyriaca
777 1828 832 1872 et
867 1819 1104 1882 Medica,
1142 1826 1265 1888 post
1293 1817 1514 1873 Persica
1544 1825 1597 1873 et
1632 1827 1754 1886 post
1783 1820 2021 1874 Alexan-

456 1911 540 1965 dri
574 1910 882 1966 Macedonis
926 1921 1155 1964 mortem
1201 1917 1350 1980 gesta
1385 1919 1531 1965 sunt.
1573 1909 1642 1962 At
1677 1909 1911 1980 Spiritus
1940 1910 2024 1965 di-

457 2003 618 2057 vinus
669 2016 765 2070 per
809 2001 955 2055 hunc
1004 2003 1323 2071 prophetam
1375 2000 1490 2056 haec
1540 2001 1656 2071 ipsa
1696 2001 2024 2057 vaticinatur

458 2095 647 2150 dicens
674 2113 688 2148 :
717 2093 876 2157 Deus,
903 2105 1147 2149 venerunt
1171 2105 1346 2165 gentes
1369 2096 1420 2148 in
1451 2094 1811 2150 htcreditatem
1840 2105 1986 2150 tuam
2005 2136 2020 2162 ,

457 2184 754 2252 polluerunt
787 2183 1034 2253 templum
1062 2194 1482 2238 sanctum‘tuum
1503 2224 1518 2246 ,
1550 2195 1835 2253 posuerunt
1869 2185 2027 2240 Jeru-

457 2276 621 2329 salem
653 2276 706 2328 in
733 2291 1006 2343 pomorum
1039 2276 1354 2330 custodiam.
1385 2275 1638 2331 —Vens.
1667 2275 1784 2333 2-4.
1834 2276 2026 2331 Posue-

457 2378 582 2422 runt
628 2369 908 2422 morticina
957 2385 1222 2422 servorum
1268 2377 1477 2421 tuorum
1520 2383 1668 2421 escas
1720 2367 2023 2423 volatilibus

457 2460 608 2520 caeli,
642 2475 825 2512 carnes
856 2469 1160 2512 sanctorum
1191 2468 1402 2511 tuorum
1441 2457 1619 2512 bestiis
1657 2466 1829 2513 terraz.
1872 2457 2026 2528 Eliu-

456 2549 645 2603 derunt
667 2551 970 2622 sanguinem
1010 2566 1189 2604 eorum
1225 2561 1475 2618 tanquam
1505 2565 1696 2618 aquam
1721 2549 1776 2602 in
1801 2550 2024 2604 circuitu

455 2640 783 2708 Jerusalem,
817 2653 866 2697 et
896 2659 998 2696 non
1043 2653 1156 2696 erat
1203 2643 1292 2712 qui
1335 2641 1596 2709 sepeliret.
1631 2639 1791 2694 Facti
1839 2658 2022 2697 sumus

457 2733 792 2802 opprobrium
839 2735 1019 2789 vicinis
1071 2734 1303 2795 nostris,
1347 2732 1696 2786 subsannatio
1736 2741 1786 2786 et
1829 2730 2025 2787 derisio

456 2826 522 2893 iis
567 2827 657 2895 qui
696 2826 752 2879 in
793 2827 1021 2879 circuitu
1064 2835 1247 2880 nostro
1279 2834 1423 2879 sunt.
1458 2822 1565 2877 Pro
1598 2823 1691 2876 illo
1720 2831 1900 2877 autem
1925 2863 1938 2886 ,
1971 2825 2024 2878 in

453 2932 728 2984 pomorum
759 2916 1057 2971 custodiam
1077 2957 1092 2980 ,
1124 2916 1355 2986 Aquila,
1385 2916 1439 2970 in
1472 2931 1714 2969 acervum
1743 2913 1980 2982 lapidum
2003 2931 2023 2980 ;

459 3006 821 3078 Symmachus
851 3022 981 3062 vero
1000 3046 1015 3071 ,
1045 3007 1099 3062 in
1128 3006 1297 3060 saltus
1319 3047 1334 3072 ,
1361 3005 1668 3060 ediderunt.

2129 1818 2224 1872 καί
2257 1819 2327 1872 ἐν
2358 1818 2486 1884 ταῖς
2535 1819 2840 1884 πλατείαις
2869 1816 3125 1886 ἐθυμίων
3170 1815 3262 1868 ἐπ’
3293 1814 3532 1879 αὐτούς.
3584 1815 3698 1867 Kal

2128 1911 2200 1966 τὰ
2242 1911 2451 1975 ,ϐιϐλία
2491 1911 2596 1965 τοῦ
2635 1909 2878 1980 ψαλμοῦ
2924 1907 2963 1962 ά
2992 1903 3171 1976 εὖρον
3195 1907 3696 1974 κατασχίσαντες,

2127 2001 2489 2069 ἐνεπύρισαν
2511 2002 2580 2054 ἐν
2617 2001 2779 2069 πυρί.
2812 1999 2921 2052 Καὶ
2943 1997 3253 2066 ἐπιλέγεται
3272 2014 3286 2028 ·
3317 1997 3426 2050 Kal
3479 1994 3700 2048 πολλοὶ

2127 2094 2198 2147 ἐν
2237 2092 2472 2162 Ἰσραὴλ
2497 2091 2900 2161 ὠχυρώθησαν
2917 2091 2987 2144 ἐν
3019 2089 3218 2155 αὐτοῖς
3243 2088 3349 2142 τοῦ
3373 2087 3458 2157 μὴ
3483 2085 3702 2156 φαγεῖν

2129 2184 2319 2239 κοινά.
2361 2184 2471 2238 Kal
2498 2183 2867 2248 ἀπεδέξαντο
2897 2180 3240 2246 ἀποθανεῖν,
3276 2181 3375 2234 ἵνα
3412 2180 3498 2248 μὴ
3525 2194 3703 2247 μιαν-

2129 2276 2276 2332 θῶσι
2313 2276 2437 2343 τοῖς
2467 2276 2763 2344 βρώμασι,
2807 2273 2905 2328 καὶ
2937 2273 3256 2329 ἀπέθανον.
3309 2272 3417 2326 Kal
3459 2270 3704 2339 ἐγένετο

2129 2368 2275 2439 ὀργὴ
2309 2368 2540 2438 μεγάλη
2583 2368 2681 2421 ἐπὶ
2713 2366 2949 2435 Ἰσραὴλ
2983 2365 3239 2434 σφόδρα.
3278 2362 3460 2417 Ταῦτα
3498 2362 3552 2414 δὲ
3588 2379 3700 2432 μα-

2130 2463 2279 2531 κροῖς
2320 2459 2541 2528 ὕστερον
2583 2448 2883 2528 ἐπληροῦτο
2919 2455 3128 2527 χρόνοις
3162 2453 3299 2525 μετὰ
3333 2453 3401 2506 τὰ
3436 2450 3704 2520 Ἀσσύρια

2132 2550 2222 2602 καὶ
2253 2547 2492 2618 Μηδικὰ,
2541 2547 2635 2600 καὶ
2686 2545 2822 2616 μετὰ
2865 2545 2934 2599 τά
2981 2544 3223 2616 Περσικὰ
3269 2544 3360 2596 καὶ
3410 2541 3545 2613 μετὰ
3593 2541 3705 2611 τὴν

2143 2637 2486 2711 Ἀλεξάνδρου
2537 2637 2632 2692 τοῦ
2677 2638 2980 2702 Μακέδονος
3037 2636 3312 2708 τελευτήν.
3357 2635 3432 2687 Τό
3474 2651 3536 2702 γε
3586 2633 3706 2704 μὴν

2130 2730 2354 2802 Πνεῦμα
2399 2731 2460 2784 τὸ
2509 2730 2650 2784 θεῖον
2695 2729 2782 2783 διὰ
2832 2729 2927 2782 τοῦ
2983 2727 3120 2800 μετὰ
3174 2730 3360 2798 χεῖρας
3409 2726 3706 2796 προφήτου

2129 2824 2268 2878 αὐτὰ
2300 2823 2362 2896 δὴ
2404 2823 2575 2876 ταῦτα
2607 2822 2852 2886 θεσπίζει
2881 2821 3065 2890 λέγον·
3113 2821 3168 2872 Ὁ
3203 2819 3374 2886 Θεὸς,
3413 2818 3704 2885 εἰσήλθο-

2129 2929 2250 2968 σαν
2279 2913 2421 2982 ἔθνη
2454 2915 2540 2978 εὶς
2567 2912 2682 2980 τὴν
2709 2913 3108 2981 κληρονομίαν
3143 2928 3280 2976 σου,
3308 2911 3558 2979 ἐμίαναν
3589 2905 3709 2959 τὸν

2129 3007 2280 3060 ναὸν
2333 3005 2441 3059 τὸν
2497 3005 2667 3076 ἅγιόν
2714 3020 2828 3059 σου
2848 3045 2864 3071 ,
2916 3005 3121 3059 ἔθεντο
3173 3000 3554 3072 Ἰερουσαλὴμ
3607 3000 3707 3063 είς

457 3101 970 3171 ὀπωροφυλάκιον.
1004 3103 1242 3156 Ἕθεντο
1273 3101 1344 3154 τὰ
1381 3100 1705 3168 θνησιμαῖα
1745 3100 1863 3154 τῶν
1927 3101 2162 3154 δούλων
2192 3117 2309 3154 σου
2336 3099 2544 3170 ,βρῶμα
2586 3100 2710 3166 τοῖς
2749 3099 3039 3166 πετεινοῖς
3086 3098 3193 3153 τοῦ
3250 3095 3526 3166 οὐρανοῦ,
3587 3095 3710 3158 τὰς

458 3194 689 3262 σάρκας
738 3192 856 3246 τῶν
882 3194 1068 3247 ὁσίων
1098 3208 1214 3247 σου
1270 3192 1394 3258 τοῖς
1451 3194 1676 3261 θηρίοις
1738 3191 1849 3262 τῆς
1894 3191 2022 3262 γῆς.
2076 3192 2352 3263 Ἐξέχεαν
2393 3193 2459 3246 τὸ
2491 3186 2632 3260 αἷμα
2659 3192 2856 3245 αὐτῶν
2891 3193 2971 3258 ὡς
3002 3190 3157 3259 ὕδωρ
3219 3190 3420 3254 κύνηιῳ
3479 3188 3706 3255 Ἰερου-

456 3286 684 3356 σαλὴμ,
709 3286 808 3339 καὶ
856 3289 967 3340 οὐκ
1003 3281 1083 3355 ἦν
1118 3288 1151 3339 ὀ
1197 3285 1452 3340 θάπτων.
1491 3285 1885 3355 Ἐγενήθημεν
1935 3285 2163 3352 ὄνειδος
2208 3285 2331 3352 τοῖς
2365 3285 2627 3356 γείτοσιν
2659 3285 2845 3356 ἡμῶν,
2881 3283 3289 3355 μυκτηρισμὸς
3326 3282 3422 3336 καὶ
3471 3284 3701 3350 χλευαο

455 3376 612 3446 σμὸς
654 3377 778 3442 τοῖς
815 3378 1018 3442 κύκλῳ
1061 3378 1249 3447 ήμῶν.
1303 3378 1451 3431 ’Λντὶ
1497 3379 1554 3432 δὲ
1595 3379 1714 3442 τοῦ,
1757 3381 1844 3444 εις
1893 3378 2404 3450 ὀπωροφυλάκιον,
2465 3381 2494 3432 ὁ
2537 3379 2635 3450 μὲν
2680 3377 2930 3442 Ἀκύλας,
2977 3377 3065 3444 είς
3118 3375 3500 3445 λιθολογίαν,
3534 3372 3564 3424 ὁ
3630 3369 3700 3425 δὲ

456 3469 767 3541 Σύμμαχος,
795 3471 881 3535 είς
911 3469 1172 3539 δρυμοὺς
1204 3469 1553 3524 ἐκδεδὼκασι.

528 3558 694 3614 Vsus.
725 3559 758 3614 5
807 3557 1098 3629 Usquequo,
1118 3558 1358 3625 Domine,
1387 3561 1632 3615 irasceris
1654 3561 1708 3614 in
1727 3561 1915 3630 ﬁnem,
1942 3576 2026 3613 ac-
2052 3561 2098 3624 C

455 3651 703 3706 cendetur
746 3651 883 3705 velut
925 3650 1062 3721 ignis
1095 3649 1238 3704 zelus
1269 3650 1390 3704 tuus
1419 3653 1444 3706 .9
1478 3649 1708 3706 Videtur
1735 3651 1865 3706 mihi
1895 3665 2022 3720 pro-

456 3743 616 3813 pheta
669 3741 852 3811 Asaph
903 3749 1026 3812 post
1071 3741 1483 3798 accusationem
1531 3741 1747 3798 Judaici
1798 3742 2018 3812 populi,

457 3815 619 3904 quam
657 3833 710 3886 in
742 3831 1069 3902 prmcedenti
1097 3831 1368 3895 instituit,
1401 3832 1517 3887 haec
1559 3832 1809 3903 apposite
1859 3829 2022 3885 indu-

455 3941 620 3988 cere,
665 3940 786 3994 quaa
831 3923 990 3994 quasi
1039 3923 1106 3976 ad
1143 3923 1504 3992 placationem
1549 3933 1600 3979 et
1641 3923 1709 3977 ad
1755 3922 2020 3978 medelam

456 4031 644 4072 eorum
677 4030 798 4086 qua:
831 4015 982 4084 prius
1011 4016 1338 4085 reprehensa
1369 4013 1519 4069 luere
1543 4014 1840 4084 composita
1872 4022 2018 4069 sunt.

457 4107 724 4163 Recenset
750 4107 933 4176 itaque
961 4106 1110 4160 varia
1140 4108 1332 4161 mortis
1355 4122 1554 4178 genera
1583 4106 1895 4162 Iudaeorum
1926 4106 2021 4176 qui

456 4215 557 4272 pro
603 4200 804 4270 pietate
849 4199 1168 4271 martyrium
1221 4205 1355 4254 tunc
1409 4200 1716 4255 subierunt.
1776 4198 2021 4265 Quorum

456 4291 749 4347 morticina
812 4291 1016 4346 inimici
1067 4291 1161 4347 Dei
1215 4291 1269 4346 in
1318 4306 1475 4347 escas
1536 4291 1848 4347 volatilibus
1893 4289 2022 4346 ραιΙί

455 4383 762 4448 dederunt,
793 4393 847 4439 et
881 4397 1080 4439 carnes
1123 4390 1443 4438 sanctorum
1479 4379 1570 4438 Dei
1613 4383 1804 4439 bestiis
1839 4389 2018 4438 terrae.

453 4472 770 4547 Opportune
799 4475 963 4546 igitur
988 4489 1087 4545 pro
1114 4475 1182 4531 iis
1209 4473 1378 4529 Deum
1413 4474 1594 4544 placat
1623 4513 1640 4536 ,
1672 4489 1736 4529 ac
1767 4473 1811 4529 si
1847 4474 2022 4528 sacri-

455 4563 640 4619 tleium
698 4563 802 4634 ipsi
855 4571 1030 4618 morte
1081 4569 1399 4617 sanctorum
1455 4577 1682 4617 suorum
1733 4561 2016 4617 oll‘eratur.

2199 3557 2352 3622 ’Ἑως
2373 3556 2536 3617 πότε,
2559 3555 2752 3623 Κύριε,
2779 3553 3110 3625 ὀργισθήσῃ
3143 3553 3228 3618 είς
3253 3551 3442 3618 τέλος,
3471 3553 3699 3609 ἐκκαυ-

2127 3644 2369 3713 θήσεται
2386 3645 2466 3710 ὠς
2488 3643 2606 3712 πῦρ
2633 3646 2666 3698 ό
2698 3643 2873 3712 ζῆλός
2895 3659 3046 3706 σου;
3069 3644 3225 3695 Δοκεῖ
3249 3659 3338 3712 μοι
3359 3643 3387 3693 ὁ
3410 3644 3701 3714 προφήτης

2140 3735 2310 3804 Ἀσάφ
2334 3736 2469 3806 μετὰ
2496 3735 2592 3806 τὴν
2621 3735 2715 3789 τοῦ
2751 3735 3013 3789 Ἰουδαίων
3039 3734 3222 3798 ἔθνους
3247 3734 3590 3806 κατηγορίαν,
3616 3735 3707 3806 ὴν

2129 3827 2418 3897 πεποίηται
2449 3827 2508 3880 ἐν
2557 3826 2636 3897 τῷ
2682 3826 2787 3898 πρὸ
2844 3829 3062 3887 τούτου,
3112 3825 3179 3878 τὰ
3235 3825 3561 3897 προκείμενα
3595 3827 3708 3880 καὶ

2127 3917 2432 3981 ἀκολούθως
2487 3917 2734 3986 ἐπάγειν,
2777 3917 3122 3989 ἐξιλεούμενα
3169 3916 3356 3988 ὥσπερ
3394 3917 3486 3970 καὶ
3529 3917 3709 3988 Θερα-

2130 4008 2360 4062 πεύοντα
2404 4009 2474 4063 τά
2498 4009 2587 4063 διὰ
2632 4009 2740 4062 τῶν
2780 4009 3084 4082 ἔμπροσθεν
3122 4009 3479 4080 ἐληλεγμένα.
3510 4011 3708 4064 Κατα-

2130 4099 2274 4168 λέγει
2303 4101 2433 4170 γοῦν
2467 4101 2592 4165 τοὺς
2621 4101 2758 4173 ὑπὲρ
2800 4101 3076 4165 εὐσεϐείας
3119 4101 3376 4164 θανάτους
3407 4100 3515 4154 τῶν
3560 4103 3706 4172 παρ’

2131 4195 2312 4258 αὐτοῖς
2341 4194 2611 4258 Ἰουδαίοις
2647 4194 3142 4265 μεμαρτυρηκότων
3161 4210 3174 4223 ·
3202 4187 3278 4248 ὧν
3297 4194 3365 4247 τὰ
3397 4194 3709 4266 θνησιμαῖα

2125 4287 2174 4339 οἱ
2202 4285 2384 4357 ἐχθροὶ
2429 4284 2522 4339 τοῦ
2553 4284 2686 4338 Θεοῦ
2734 4283 2912 4337 ἔθεντο
2945 4283 3204 4356 βρώματα
3263 4288 3375 4348 τοῖς
3421 4289 3707 4349 πετεινοῖς

2127 4374 2220 4428 τοῦ
2263 4373 2528 4446 ούρανοῦ,
2557 4375 2778 4437 καὶτὰς
2822 4373 3030 4445 σάρκας
3070 4373 3176 4427 τῶν
3216 4374 3378 4426 ὁσίων
3421 4373 3514 4426 τοῦ
3556 4373 3702 4426 Θεοῦ

2128 4467 2238 4530 τοῖς
2271 4464 2476 4537 θηρίοις
2513 4464 2612 4534 τῆς
2645 4463 2765 4535 γῆς.
2806 4465 3088 4536 Εὑκαίρως
3129 4463 3303 4516 τοίνυν
3353 4463 3446 4517 ἐπὶ
3481 4461 3703 4528 τούτοις

2133 4558 2406 4612 ἱλάσκεται
2436 4558 2529 4611 τὸν
2571 4557 2702 4610 Θεὸν
2726 4597 2741 4621 ,
2780 4557 2980 4612 ὡσανεὶ
3005 4556 3192 4620 θυσίας
3234 4554 3381 4626 αὐτῷ
3419 4572 3703 4627 προσενη-

457 4655 817 4723 Quamobrem
859 4655 974 4710 ait:
1009 4653 1303 4724 Usquequo,
1335 4655 1575 4718 Domine,
1607 4654 1852 4708 irasceris
1881 4655 1933 4708 in
1959 4655 2023 4724 ﬁ-

2129 4651 2393 4722 νεγμένης
2429 4651 2524 4705 τοῦ
2557 4651 2786 4704 θανάτου
2808 4651 2916 4704 τῶν
2964 4648 3124 4703 ὁσίων
3155 4647 3340 4703 αὐτοῦ.
3375 4648 3468 4700 Διό
3488 4664 3655 4720 φησιν
3679 4663 3700 4682 ο

456 4749 616 4802 nem?
641 4745 706 4800 ad
739 4745 982 4815 priorum
1018 4747 1332 4801 memoriam
1362 4761 1670 4801 sermonem
1703 4745 1974 4802 reducens
1995 4786 2010 4809 ,

455 4837 614 4908 queis
668 4837 950 4892 dicebatur
987 4855 1001 4892 :
1043 4834 1255 4907 thuid,
1319 4836 1484 4900 Deus,
1542 4837 1785 4906 repulisti
1841 4839 1896 4891 in
1947 4839 2016 4908 ﬁ-

456 4943 573 4980 nem
603 4926 685 4979 "?
709 4924 839 4980 Vult
871 4925 1016 4982 enim
1048 4934 1347 4981 extremam
1379 4926 1526 4980 illam
1559 4926 1744 4996 populi
1794 4926 2009 4980 ruinam

454 5026 509 5072 et
534 5017 890 5087 abjectionem
915 5017 1179 5078 cohiberi.
1197 5025 1252 5072 et
1275 5033 1370 5088 per
1396 5017 1678 5087 sanguinis
1696 5026 2018 5072 sanctorum

456 5124 681 5165 suorum
719 5109 1034 5163 memoriam
1089 5109 1226 5162 iram
1283 5109 1484 5165 sedari.
1537 5107 1841 5179 Utrumque
1887 5123 2018 5164 vero

453 5198 684 5263 dictum,
722 5212 934 5267 nempe,
971 5196 1271 5270 Usquequo,
1309 5198 1553 5262 Domine,
1598 5199 1845 5254 irasceris
1875 5200 1930 5252 in
1959 5199 2022 5268 ﬁ-

454 5293 611 5348 nem?
636 5300 690 5347 et
709 5291 854 5363 quod
878 5290 1148 5361 sequitur,
1187 5290 1507 5346 Exardescet
1537 5293 1672 5346 sicut
1701 5293 1834 5363 ignis
1868 5292 2017 5346 zelus

2130 4743 2275 4808 Ἕως
2316 4743 2487 4807 πότε,
2523 4742 2698 4810 Κύριε
2719 4782 2734 4806 ,
2765 4741 3095 4811 ὀργισθήσῃ
3139 4741 3226 4806 είς
3277 4738 3487 4806 τέλος;
3538 4741 3702 4793 Ἀνα-

2126 4831 2358 4902 πέμπων
2393 4833 2483 4886 τὸν
2513 4832 2667 4901 λόγον
2706 4833 2798 4886 ἐπ)⁴
2835 4831 2932 4904 τὴν
2967 4834 3184 4903 μνήμην
3223 4829 3332 4884 τῶν
3363 4829 3698 4901 ἔμπροσθεν,

2121 4924 2188 4978 δι’
2214 4917 2288 4978 ὧν
2319 4925 2528 4997 εἴρητο·
2573 4925 2763 4989 ἰνατί,
2808 4926 2841 4978 ὀ
2882 4923 3043 4990 Θεὸς,
3096 4921 3314 4977 ἀπώσω
3354 4923 3442 4987 είς
3481 4920 3699 4986 τέλος;

2123 5015 2377 5070 Βούλεται
2407 5014 2515 5086 γὰρ
2554 5015 2652 5088 τὴν
2695 5017 2774 5080 είς
2819 5015 2968 5078 τέλος
3008 5014 3322 5068 ἀπόπτωσιν
3361 5013 3452 5067 καὶ
3491 5012 3698 5065 ἀποσο-

2126 5107 2222 5179 λὴν
2251 5106 2342 5159 τοῦ
2381 5106 2510 5161 λαοῦ
2549 5107 2918 5178 ἐπισχεθῆναι,
2943 5107 3036 5160 καὶ
3068 5107 3134 5160 τὰ
3162 5105 3260 5175 τῆς
3291 5104 3459 5176 ὀργῆς
3481 5104 3696 5159 παύσα-

2129 5198 2250 5252 σθαι
2276 5197 2362 5251 διὰ
2391 5197 2490 5267 τῆς
2531 5199 2747 5269 μνήμης
2789 5198 2883 5251 τοῦ
2910 5197 3138 5268 αἵματος
3169 5197 3276 5250 τῶν
3310 5197 3471 5249 ὁσίων
3503 5191 3694 5249 αὐτοῦ.

2127 5293 2262 5345 Κατ’
2307 5291 2609 5362 ἀμφότερον
2651 5289 2706 5342 δὲ
2741 5290 2948 5366 ἀκούσῃ
2989 5291 3070 5356 τὸ,
3099 5291 3243 5356 Ἕως
3288 5290 3452 5356 πότε,
3491 5291 3695 5356 Κύριε,

527 5475 572 5507 ιε
606 5472 628 5527 1
666 5473 840 5530 Much.
873 5489 922 5539 ι,
952 5473 1042 5528 2|.
1121 5472 1164 5504 δ’
1205 5472 1332 5526 ibid.
1370 5471 1459 5527 ιι.
1539 5472 1584 5503 ιο
1625 5472 1874 5544 ίυῑάηεγ.
1924 5471 2017 5554 ξι,

2127 5471 2172 5527 l.
2205 5471 2293 5528 65.
2374 5473 2418 5506 ε’
2457 5473 2601 5530 Psai.
2638 5487 2842 5541 LXXIII,
2883 5463 2934 5526 li.
2983 5509 2991 5517 .

423 5695 426 5700 _
521 5628 608 5699 (Ι),
632 5627 754 5686 Hinc
774 5630 830 5686 in
853 5628 1037 5686 Bibliis
1061 5628 1279 5699 paulum
1305 5627 1521 5684 diversa
1551 5636 1700 5684 sunt.
