4008 6210
317 340 420 396 9l5

1435 334 1941 393 COHMENTARIA
1978 333 2048 391 IN
2089 326 2425 389 PSALMOS.

3446 325 3554 383 966

313 455 639 528 ὁρτισθήσῃ
667 458 755 522 εις
792 456 999 522 rem;
1026 455 1119 509 καὶ
1160 451 1302 508 κατὰ
1326 445 1452 517 τοὺς
1483 453 1610 525 ἑξῆς
1644 451 1888 521 ἐπιλεγο-

1997 459 2121 507 tuus
2145 450 2169 504 ?
2194 447 2277 503 sic
2308 444 2619 513 intelligas:
2655 442 2953 514 Quousque
2984 441 3101 499 haec
3129 444 3322 498 erunt?
3349 442 3559 500 Dicitur

317 550 528 623 μένους,
567 544 1031 614 Ἐκκαὺθήσεται
1054 545 1135 610 ὡς
1156 543 1274 611 πῦρ
1302 545 1335 596 ὀ
1362 540 1540 610 ζῆλος
1561 557 1713 604 σονς
1745 542 1890 605 Ἕως

314 641 444 695 πότε
472 638 581 711 γὰρ
613 638 706 694 καὶ
729 635 887 692 τοῦτο
910 637 1094 701 ἐσταις
1125 634 1386 689 Λέλεκται
1413 634 1472 688 δὲ
1503 636 1533 690 6
1557 633 1715 705 ζῆλος
1750 631 1891 686 κατὰ

315 731 627 805 παραϐολὴν
663 730 773 784 τῶν
814 730 883 784 δι’
912 726 1214 799 ὑπερϐολὴν
1251 725 1540 789 διαθέσεως
1588 723 1892 795 ζηλούντων

313 823 413 889 τὰς
441 823 646 877 ἑαυτῶν
675 820 936 893 γαμετὰς,
961 821 1010 874 εί
1034 818 1351 891 προσέχοιεν
1371 817 1580 887 ἕτεροις
1600 813 1854 886 ἀνδράσιν
1872 829 1885 843 ·

316 914 459 970 οὕτω
483 914 611 985 γοῦν
641 914 734 967 καὶ
765 912 859 966 ἐπὶ
894 911 988 966 τοῦ
1029 909 1162 964 Θεοῦ
1215 909 1316 979 τὴν
1351 906 1630 979 ἐκδίκησιν
1661 906 1769 960 τῶν
1794 905 1891 969 τὰς

318 1006 458 1079 πρὸς
494 1004 654 1059 αὑτὸν
718 1002 995 1074 συνθήκας
1040 998 1483 1074 παραϐαινόντων
1528 996 1688 1069 ζῆλον
1733 996 1890 1051 εἴωθε

317 1097 498 1151 καλεῖν
549 1097 580 1150 6
624 1094 800 1164 λόγος.
846 1093 1102 1148 Ἱκετεύει
1144 1091 1322 1145 τοίνυν
1366 1092 1396 1144 6
1439 1088 1729 1161 Προφήτης
1772 1089 1892 1157 ἦτοι

313 1186 372 1255 ἐξ
408 1184 538 1241 ἰδίου
569 1183 881 1258 προσώπου,
911 1184 946 1256 ἢ
976 1183 1071 1237 καὶ
1101 1182 1177 1246 ὡς
1214 1183 1281 1234 ὲκ
1305 1180 1413 1234 τῶν
1440 1179 1581 1234 κατὰ
1606 1181 1733 1243 τοὺς
1771 1180 1891 1234 Ἀν-

311 1279 491 1349 τιόχου
540 1277 762 1352 χρόνους
818 1276 1209 1339 διασωθέντων,
1260 1273 1397 1344 μετὰ
1439 1272 1539 1344 τὴν
1590 1272 1893 1345 πρόρρησιν

308 1369 420 1425 τῶν
450 1369 753 1442 μελλόντων
784 1368 1001 1422 ἔσεσθαι
1039 1368 1181 1421 κατὰ
1219 1365 1484 1436 ’Δντίοχον
1519 1365 1611 1419 τὸν
1649 1364 1747 1435 τῆς
1790 1366 1893 1417 Συ-

312 1461 434 1533 ρίας
457 1462 698 1533 βασιλέα,
733 1459 852 1515 καθ’
881 1460 943 1514 ὃν
968 1461 1027 1523 οι
1043 1460 1182 1513 ὅσιοι
1216 1456 1310 1513 τοῦ
1336 1456 1472 1529 Θεοῦ
1506 1456 1597 1510 τὸν
1637 1457 1776 1529 ὑπὲρ
1802 1457 1892 1510 εύ-

311 1554 526 1618 σεὸείας
570 1554 801 1609 θάνατον
833 1551 1302 1623 ὑπομεμενήκασι,
1344 1548 1654 1603 παύσασθαι
1694 1547 1794 1619 μὲν
1825 1548 1893 1603 τὰ

308 1644 407 1715 τῆς
440 1644 610 1716 ὀργῆς
635 1644 735 1715 τῆς
771 1642 915 1697 κατὰ
942 1642 1036 1696 τοῦ
1075 1641 1227 1707 λαοῦ,
1261 1640 1533 1713 μετελθεῖν
1561 1641 1618 1694 δὲ
1672 1640 1796 1705 τοὺς
1842 1642 1898 1693 ὲ-

308 1732 508 1803 χθροὺς
531 1732 718 1788 αὐτοῦ.
731 1732 822 1786 Διό
846 1749 1030 1804 φησιν’
1059 1734 1307 1803 Ἐκχεον
1328 1731 1444 1800 τὴν
1462 1732 1647 1802 ὀργήν
1664 1748 1780 1788 σου
1799 1732 1898 1787 ἐπὶ

1991 549 2174 596 autem
2203 540 2377 605 zelus,
2402 538 2471 593 ad
2499 536 2812 607 exemplum
2843 549 3034 591 eorum
3065 536 3159 605 qui
3192 535 3372 591 nimiae
3414 538 3561 593 zelo-

1991 633 2152 705 typite
2178 631 2372 687 all‘ectu
2403 635 2662 687 tenentur
2678 643 2808 699 erga
2827 642 3050 694 uxores,
3074 628 3121 684 si
3152 629 3220 684 ad
3248 629 3387 685 alios
3414 630 3563 688 viros

1992 723 2288 790 accedant;
2323 723 2407 778 sic
2436 722 2585 778 enim
2612 730 2668 777 et
2697 720 2755 775 in
2779 706 2902 776 Deo.
2921 721 3186 776 ultionem
3242 735 3433 776 eorum
3467 721 3563 792 qui

1993 825 2150 889 pacta
2174 831 2300 872 cum
2331 831 2399 872 eo
2433 815 2571 870 inita
2605 814 2934 885 transgressi
2989 823 3144 875 sunt,
3181 814 3358 869 zelum
3414 813 3564 870 Scri-

1992 917 2151 979 ptura
2174 908 2315 963 solet
2343 906 2638 977 appellare.
2667 904 2953 976 Supplicat
2970 920 3102 975 ergo
3126 904 3423 977 Propheta,
3447 906 3564 962 sive

1991 1016 2057 1056 ex
2087 999 2306 1070 propria
2335 1012 2592 1069 persona,
2611 997 2728 1054 sive
2750 1011 2938 1052 eorum
2967 997 3187 1052 nomine
3203 996 3296 1066 qui
3320 1004 3566 1067 tempore

1995 1088 2253 1145 Antiochi
2282 1088 2419 1144 salvi
2454 1087 2585 1142 iacti
2606 1093 2759 1150 sunt,
2793 1095 2917 1155 post
2943 1084 3354 1156 praedictionem
3371 1099 3564 1141 eorum

1994 1198 2115 1253 quae
2140 1190 2385 1253 tempore
2417 1180 2675 1236 Antiochi
2706 1179 2878 1251 Syria:
2911 1178 3060 1249 regis
3090 1184 3354 1233 eventura
3381 1187 3561 1242 erant,

1993 1273 2218 1345 quando
2240 1272 2416 1327 sancti
2448 1268 2540 1326 Dei
2578 1285 2677 1341 pro
2704 1270 2908 1339 pietate
2942 1276 3176 1324 mortem
3208 1267 3462 1331 subiere,
3504 1275 3563 1323 ut

1994 1373 2174 1430 cesset
2224 1364 2308 1418 ira
2372 1363 2574 1434 populo
2628 1361 2898 1427 immissa,
2934 1368 2989 1416 et
3041 1358 3263 1415 invadat
3314 1358 3567 1415 inimicos

1994 1453 2136 1523 ejus.
2168 1451 2533 1519 Quamobrem
2556 1451 2632 1505 ait
2663 1469 2677 1506 :
2709 1448 2964 1506 —Vs:ns.
2999 1448 3055 1513 6,
3084 1449 3135 1505 7.
3171 1447 3398 1517 Elfunde
3426 1450 3565 1504 iram

1999 1556 2146 1599 tuam
2172 1546 2226 1599 in
2247 1554 2423 1616 gentes
2453 1560 2570 1614 qua:
2593 1552 2644 1598 te
2668 1559 2773 1598 non
2806 1552 3083 1607 noverunt,
3104 1551 3155 1596 et
3184 1542 3237 1596 in
3262 1558 3422 1613 regna
3447 1557 3566 1613 qua:

1998 1654 2185 1693 nomen
2243 1646 2395 1689 tuum
2440 1652 2545 1691 non
2599 1636 2987 1690 invocaverunt.
3045 1634 3184 1701 Quia
3231 1632 3566 1689 comederunt

1996 1729 2186 1793 Iacob,
2221 1738 2269 1783 et
2292 1729 2464 1783 locum
2492 1728 2606 1798 ejus
2661 1727 3050 1783 desolaoerunt.
3082 1727 3398 1798 Opportune
3448 1728 3568 1783 exi-

311 1824 386 1877 τὰ
416 1823 561 1892 ἔθνη
592 1823 665 1877 τὰ
687 1822 774 1894 μὴ
805 1822 1174 1893 γινώσκοντα
1198 1837 1293 1886 σε,
1323 1823 1421 1877 καὶ
1453 1824 1555 1877 ἐπὶ
1571 1824 1888 1891 βασιλείας

1995 1821 2159 1877 stimo
2184 1821 2276 1876 hic
2333 1820 2521 1876 Jacobi
2576 1820 2911 1876 mentionem
2967 1820 3107 1886 ﬁeri,
3139 1820 3211 1875 ob
3242 1820 3565 1890 religionem

308 1912 376 1969 at
420 1913 485 1968 τὸ
532 1912 719 1983 ὄνομά
754 1929 875 1968 σου
908 1914 1020 1967 οὐκ
1054 1911 1521 1969 ἐπεκαλέσαντο.
1566 1914 1684 1969 Ὅτι
1728 1913 1895 1968 κατέ-

310 2021 508 2075 φαγον
543 2005 652 2059 τὸν
687 2003 902 2070 Ἰακὼϐ,
935 2005 1034 2058 καὶ
1073 2004 1182 2059 τὸν
1217 2006 1404 2059 τόπον
1433 2006 1620 2061 αὑτοῦ
1662 2004 1895 2076 ἠρήμω-

309 2111 454 2150 σαν.
486 2096 642 2150 Κατὰ
687 2095 876 2167 καιρόν
923 2095 977 2149 δὲ
1024 2097 1083 2150 ἐν
1124 2096 1333 2162 τούτοις
1368 2097 1464 2151 τοῦ
1510 2097 1704 2152 Ἰακὼὸ
1739 2092 1893 2169 οἶμαι

308 2187 638 2260 πεποιῆσθαι
663 2188 763 2259 τὴν
797 2188 1015 2260 μνήμην
1038 2188 1138 2260 τῆς
1162 2188 1256 2243 τοῦ
1287 2188 1516 2243 παλαιοῦ
1550 2189 1893 2262 προπάτορος

257 2306 260 2309 π
306 2279 621 2344 θεοσεϐείας
660 2279 840 2333 ἕνεκα.
878 2280 964 2345 Ὧς
996 2280 1107 2352 γὰρ
1151 2282 1583 2354 ὑπομιμνήσκων
1630 2281 1720 2336 τὸν
1761 2282 1893 2336 Θεὸν

306 2369 405 2423 τοῦ
445 2369 722 2441 θεοφιλοῦς
749 2372 942 2446 ἀνδρὸς
971 2373 1066 2427 καὶ
1095 2372 1194 2444 τῆς
1223 2374 1432 2427 ἐκείνου
1463 2373 1682 2447 ἀρετῆς,
1722 2374 1893 2429 δυσω-

311 2463 408 2515 πεῖ
451 2462 541 2517 διὰ
589 2463 689 2535 τῆς
737 2465 945 2518 ἐκείνου
981 2465 1221 2536 μνήμης,
1269 2466 1364 2518 καὶ
1417 2464 1649 2520 ίλεοῦται
1690 2466 1758 2520 τὰ
1790 2484 1894 2519 πα-

311 2553 491 2626 ρόντα.
536 2556 624 2612 Ἐν
651 2557 749 2627 μὲν
790 2556 868 2628 τῷ
905 2557 1010 2629 πρὸ
1052 2557 1243 2612 τούτου
1282 2557 1502 2630 ψαλμῷ,
1534 2560 1771 2631 ὁπηνίκα
1796 2560 1890 2615 τοῦ

318 2644 518 2718 Ἰωσὴφ
549 2648 951 2719 ἐμνημόνευεν,
989 2650 1050 2703 ού
1100 2650 1190 2704 τὸν
1233 2650 1450 2721 Ἰωσὴφ,
1480 2648 1616 2704 ἀλλὰ
1654 2651 1714 2705 τὸ
1761 2652 1892 2723 σκή-

304 2750 472 2807 νωμα
501 2735 665 2791 αὐτοῦ
695 2738 1094 2812 ἀποόεϐλῆσθαι
1126 2739 1277 2810 ἔλεγε
1320 2739 1406 2795 διὰ
1435 2741 1526 2795 τοῦ
1546 2760 1561 2772 ·
1588 2741 1700 2796 Καὶ
1730 2741 1889 2798 ἀπώ-

305 2840 465 2881 σατο
491 2828 559 2880 τὸ
584 2828 874 2900 σκήνωμα
899 2831 1142 2901 Ἰωσὴφ,
1167 2832 1263 2886 καὶ
1292 2833 1407 2901 τὴν
1423 2835 1630 2904 φυλὴν
1652 2836 1891 2906 Ἐφρατμ

306 2920 424 2973 οὐκ
462 2918 802 2986 ἐξελέξατο,
835 2920 927 2975 τοῦ
972 2922 1129 2992 λόγου
1182 2925 1534 3001 σημαίνοντος
1568 2926 1660 2980 τὸν
1695 2928 1753 2981 ὲν
1790 2928 1892 3001 Ση-

306 3006 436 3078 λὼμ
481 3009 676 3064 τόπον⁸
712 3012 941 3084 ἐπείπερ
988 3014 1045 3067 ἐν
1098 3013 1280 3085 κλήρῳ
1321 2999 1443 3087 τῆς
1468 3017 1642 3087 φυλῆς
1698 2999 1891 3091 Ἰωσὴφ

306 3097 494 3151 ἔκειτο
522 3100 555 3170 ή
586 3099 783 3171 Σηλώμ
802 3118 816 3133 ι
844 3103 903 3155 ὲν
934 3104 1142 3170 τούτοις
1167 3106 1225 3159 δὲ
1255 3106 1348 3160 τοῦ
1394 3107 1588 3160 Ἰακὼὸ
1619 3108 1890 3180 μέμνηται

1994 1912 2159 1984 prisci
2192 1912 2339 1968 illius
2372 1910 2535 1967 atavi.
2584 1909 2720 1965 Nam
2762 1911 2923 1966 talem
2959 1912 3135 1965 virum
3165 1910 3277 1966 Deo
3305 1910 3564 1966 dilectum

1992 2006 2223 2076 ejusque
2244 2003 2506 2059 virtutem
2548 2001 2654 2072 ipsi
2707 2000 2821 2057 Deo
2855 2015 3316 2066 commemorans,
3347 2001 3565 2059 videtur

1991 2096 2114 2168 ejus
2142 2095 2417 2152 mentione
2447 2093 2589 2148 facta
2620 2094 2800 2163 ipsum
2831 2093 3140 2164 deprecari,
3158 2101 3213 2148 et
3235 2092 3291 2147 in
3308 2093 3563 2163 praesenti

1991 2205 2124 2246 casu
2179 2188 2476 2261 propitium
2537 2186 2791 2243 reddere.
2845 2185 2901 2265 ln
2957 2185 3289 2258 praecedenti
3341 2186 3562 2256 quidem

1992 2282 2225 2352 psalmo,
2261 2280 2485 2350 quando
2518 2278 2816 2349 .losepbum
2844 2280 3192 2345 memoravit,
3222 2294 3333 2335 non
3383 2280 3563 2350 ipsum

1992 2372 2311 2444 Josephum,
2335 2373 2433 2429 sed
2462 2371 2881 2428 tabernaculum
2909 2371 3032 2440 ejus
3080 2368 3360 2444 repulsum
3392 2372 3564 2428 fuisse

1992 2467 2132 2523 dixit
2163 2465 2251 2521 his
2279 2465 2462 2521 verbis
2495 2484 2509 2520 :
2556 2463 2625 2518 Et
2661 2462 2851 2533 repulit
2897 2462 3293 2518 tabernaculum
3340 2462 3558 2534 Joseplt,

1992 2567 2040 2612 et
2079 2557 2272 2611 tribum
2303 2556 2559 2627 Ephraim
2589 2573 2691 2611 non
2739 2555 2892 2626 elegit
2926 2555 2997 2620 ⁸³,
3039 2554 3239 2625 hisque
3286 2556 3563 2626 signiﬁcat

1994 2650 2172 2706 locum
2206 2649 2359 2705 illum
2392 2649 2450 2703 in
2495 2647 2609 2702 Silo
2639 2647 2844 2714 situm;
2876 2645 3006 2718 quia
3053 2647 3108 2701 in
3160 2647 3306 2701 tribu
3361 2644 3564 2719 Joseph

1994 2742 2108 2799 Silo
2131 2742 2370 2813 jacebat.
2405 2740 2503 2795 llic
2531 2756 2663 2796 vero
2693 2739 2958 2795 Jacobum
2991 2738 3240 2796 meminit
3271 2746 3329 2793 et
3375 2738 3558 2795 locum

1992 2831 2113 2902 ejus
2145 2850 2159 2886 :
2194 2847 2290 2902 per
2317 2830 2604 2896 Jucobum,
2628 2828 2868 2901 religiosi
2902 2828 3052 2884 illius
3074 2828 3176 2883 viri
3200 2836 3448 2900 posteros
3472 2828 3558 2883 in-

1990 2926 2211 2991 dicans;
2242 2941 2336 2996 per
2362 2925 2540 2980 locum
2564 2921 2855 2993 veroejus,
2888 2921 3350 2994 Hierosolymam,
3394 2934 3561 2992 quam

1991 3019 2045 3073 in
2079 3019 2429 3074 solitudinem
2459 3017 2594 3072 verti
2626 3023 2872 3088 tempore
2894 3016 3150 3070 Antiochi
3171 3016 3419 3087 contigit.
3447 3015 3562 3071 Sub

1993 3110 2108 3164 haec
2136 3109 2322 3179 adjicit
2346 3127 2369 3165 ;
2396 3138 2464 3147 —-
2497 3107 2660 3164 Vens.
2695 3108 2754 3162 8.
2783 3106 2865 3164 Ne
2892 3107 3188 3162 memineris
3216 3107 3558 3178 iniquitatum

307 3186 410 3239 καὶ
437 3185 531 3239 τοῦ
562 3187 729 3241 τόπου
777 3190 968 3245 αὐτοῦ·
1003 3192 1090 3247 διὰ
1125 3194 1223 3264 μὲν
1258 3195 1352 3249 τοῦ
1393 3197 1585 3250 Ἰακὼό
1605 3198 1732 3262 τοὺς
1761 3199 1888 3252 ἁπο-

1994 3209 2298 3254 nostrarum
2342 3200 2703 3269 antiquarum.
2750 3197 2858 3253 Eos
2903 3197 2998 3268 qui
3034 3212 3134 3270 pro
3171 3196 3420 3268 pristinis
3450 3197 3560 3254 illis

306 3275 503 3346 γόνους
542 3277 636 3331 τοῦ
674 3278 949 3351 θεοφιλοῦς
999 3284 1190 3357 ἀνδρὸς
1228 3285 1423 3357 δηλῶν,
1458 3286 1544 3342 διὰ
1581 3288 1641 3342 δὲ
1677 3289 1769 3342 τοῦ
1796 3290 1887 3344 τό-

304 3387 415 3424 που
443 3364 607 3424 αύτοῦ
638 3372 736 3444 τὴν
768 3373 1120 3448 Ἰερουσαλὴμ
1146 3377 1448 3451 σημαίνων,
1470 3379 1536 3451 ἢν
1578 3381 1658 3445 είς
1688 3380 1892 3454 ἔρημον

302 3462 488 3518 ἐλθεῖν
512 3463 652 3518 κατὰ
674 3468 812 3529 τοὺς
840 3466 1109 3539 Ἀντιόχου
1137 3470 1334 3541 συνέϐη
1360 3471 1601 3543 χρόνους.
1627 3467 1741 3525 Εἶθ’
1763 3472 1892 3544 ἑξῆς

300 3555 579 3625 ἐπιλέγειο
630 3557 728 3626 Μὴ
774 3559 1055 3629 μνησθῇς
1097 3561 1267 3630 ἡμῶν
1309 3563 1569 3640 ἀνομιῷν
1607 3564 1886 3634 ἀρχαίων.

300 3648 369 3701 Οί
402 3647 452 3701 δ’
491 3647 631 3720 ὑπὲρ
675 3650 917 3721 ἀρχαίων
961 3652 1372 3725 ἁμαρτημάτων
1414 3655 1693 3727 εὐχόμενοι
1741 3656 1886 3728 δῆλοι

298 3737 371 3793 ειν
409 3735 525 3793 εἶεν
563 3739 638 3811 μὴ
681 3742 964 3814 νεωτέροις
1007 3745 1312 3815 ὲνεχόμενοι
1352 3746 1701 3819 πταίσμασιν.
1748 3749 1890 3802 Ἀντὶ

297 3825 360 3883 δὲ
392 3828 516 3896 τοῦ,
546 3830 702 3899 Ταχὺ
739 3834 1353 3900 προκαταλαόἐτωσαν
1381 3835 1540 3906 ἡμᾶς
1578 3841 1632 3892 ol
1677 3841 1889 3908 οἰκ-τῳ-

296 3920 578 3992 μοίσου,
610 3921 700 3976 ὅτι
731 3923 1193 3996 ἐπτωχεύσαμεν
1218 3926 1474 3995 σφόδρα,
1499 3929 1529 3981 ό
1560 3928 1886 4001 Σύμμαχος,

302 4013 605 4083 Τάκυνον,
633 4016 1125 4083 προκαταλαϐἐτω
1156 4019 1315 4088 ἡμᾶς
1343 4020 1415 4073 τὰ
1454 4019 1594 4089 tuen
1624 4037 1762 4081 σου.
1797 4022 1887 4076 ὅτι

294 4104 693 4189 ’ἐπονήσαμεν⁹
716 4110 971 4179 σφόδρα,
999 4113 1362 4183 ήρμήνευσεν.
1389 4115 1599 4187 Ὠσπερ
1632 4115 1689 4170 δὲ
1722 4116 1888 4190 ἀθλη-

292 4197 421 4269 τής,
458 4197 686 4264 πολλοὺς
719 4200 959 4265 ὑποστὰς
984 4203 1197 4271 ἀγῶνας
1238 4205 1333 4258 καὶ
1363 4205 1558 4270 ἄθλους
1589 4207 1885 4279 ὑπομείνας

294 4289 540 4354 πολλοὺς
579 4290 640 4345 ὲν
677 4292 914 4363 φροντίδι
960 4293 1281 4367 καθέστηκε,
1322 4298 1398 4369 μή
1443 4316 1518 4370 πη
1564 4296 1888 4373 ὲξατονήσας

294 4379 449 4454 πέσῃ
472 4395 486 4409 ⁸
517 4378 609 4434 τὸν
641 4381 802 4436 αὐτὸν
823 4383 1023 4454 τρόπον
1062 4384 1155 4438 καὶ
1183 4386 1292 4440 οἵδε
1355 4387 1653 4444 ἱκετεύουσι
1679 4406 1886 4461 προκα-

292 4468 645 4541 ταληφθῆναι
694 4474 789 4527 καὶ
836 4472 1086 4545 βοηθείας
1129 4478 1330 4547 τυχεῖν.
1378 4479 1470 4533 Διό
1512 4497 1675 4549 φασι·
1727 4481 1885 4551 Ταχὺ

1992 3294 2234 3362 peccatis
2288 3292 2621 3362 supplicant,
2667 3292 2847 3361 palam
2887 3299 2971 3346 est
3012 3306 3123 3345 non
3156 3306 3281 3347 esse
3332 3289 3561 3360 nuperis

1990 3384 2202 3441 delictis
2243 3384 2532 3440 obnoxios.
2584 3382 2691 3438 Pro
2729 3383 2820 3437 illo
2849 3389 3031 3439 autem
3063 3422 3081 3449 ,
3120 3382 3239 3438 Cito
3278 3383 3562 3451 anticipant

1991 3493 2085 3532 nos
2132 3474 2511 3535 misericordia:
2567 3483 2693 3541 tute,
2733 3474 2861 3544 quia
2894 3488 3145 3543 pauperes
3196 3474 3328 3543 facti
3376 3489 3561 3528 sumus

1988 3567 2182 3632 nimis,
2219 3567 2604 3640 Symmachus,
2629 3565 2900 3630 Accelera,
2921 3565 3242 3634 prwveniant
3276 3581 3371 3619 nos
3405 3564 3561 3618 mise-

1991 3656 2239 3712 ricordia:
2266 3665 2389 3720 tua',
2424 3657 2550 3725 quia
2585 3654 2847 3724 inﬁrmati
2876 3670 3060 3708 sumus
3088 3653 3259 3719 valde,
3292 3654 3559 3724 interpre-

1990 3752 2138 3802 tatus
2170 3754 2273 3800 est.
2308 3742 2777 3811 Quemadmodum
2808 3743 2952 3798 enim
2984 3743 3188 3800 athleta
3238 3743 3333 3814 qui
3390 3742 3560 3797 multa

1990 3837 2159 3891 subiit
2191 3826 2513 3902 certamina,
2555 3844 2609 3891 et
2663 3850 2875 3907 pugnas
2922 3835 3126 3892 multas
3172 3834 3463 3900 sustinuit,
3502 3833 3561 3888 in

1989 3928 2364 3984 sollicitudine
2390 3926 2557 3999 degit,
2593 3942 2662 3982 ne
2688 3925 2921 3983 debilior
2966 3916 3145 3982 factus
3197 3926 3452 3992 labatur;
3486 3926 3560 3981 ita

1990 4017 2045 4071 lii
2083 4031 2301 4087 quoque
2356 4014 2653 4085 precantur
2707 4030 2767 4071 se
2816 4014 3129 4085 praamuniri
3188 4021 3242 4070 et
3294 4013 3558 4069 auxilium

1988 4110 2276 4180 consequi.
2307 4086 2487 4176 Quare
2518 4109 2672 4163 aiunt
2700 4126 2718 4165 :
2748 4105 2870 4164 Cito
2901 4108 3191 4177 anticipent
3222 4124 3317 4163 nos
3349 4109 3560 4162 miseri-

1987 4203 2182 4256 cordia:
2235 4210 2360 4265 tuae,
2414 4216 2540 4270 quta
2582 4213 2840 4268 pauperes
2892 4197 3025 4267 facti
3070 4215 3252 4253 sumus
3281 4199 3458 4252 nimis.
3484 4226 3555 4236 —

1988 4291 2155 4348 Vens.
2190 4291 2244 4347 9.
2288 4291 2501 4360 Adjuoa
2529 4306 2647 4357 nos,
2677 4288 2818 4344 Deus
2846 4290 3081 4344 salvator
3112 4298 3309 4354 noster,
3342 4298 3555 4358 propter

1986 4384 2214 4455 gloriam
2242 4381 2471 4435 nominis
2504 4380 2583 4433 tui
2608 4394 2628 4445 ;
2655 4372 2899 4443 Domine,
2936 4378 3101 4431 libera
3130 4394 3247 4439 nos,
3296 4386 3344 4430 et
3376 4376 3558 4444 propi-

1990 4475 2095 4529 tius
2124 4481 2236 4528 esto
2264 4470 2492 4542 peccatis
2524 4468 2723 4522 nostris
2754 4475 2969 4536 propter
3000 4483 3187 4521 nomen
3229 4474 3397 4521 tuum.
3430 4464 3558 4521 Htec

294 4563 920 4632 προκαταλαϐέτωσαν
966 4565 1124 4637 ἡμᾶς
1172 4571 1227 4623 οἱ
1286 4571 1573 4641 οἰκτιρμοί
1622 4589 1759 4637 σου,
1793 4575 1887 4629 ὅτι

1991 4563 2256 4634 Propheta
2295 4576 2363 4617 ex
2390 4574 2626 4632 persona
2664 4573 2855 4613 eorum
2887 4558 2980 4627 qui
3017 4565 3259 4628 tempore
3303 4557 3557 4613 Antiochi

291 4651 766 4724 ἐπτωχεύσαμεν
792 4656 1043 4726 σφόδρα.
1083 4659 1395 4729 Βοήθησον
1419 4662 1583 4734 ἡμῖν,
1613 4668 1647 4719 ό
1675 4664 1820 4733 Θεὸς
1851 4669 1885 4721 ὁ

295 4746 510 4814 σωτὴρ
558 4746 746 4817 ἡμῶν,
800 4749 1161 4820 ἕνεκενντῆς
1208 4752 1393 4823 δοξῆς
1437 4757 1545 4811 τοῦ
1592 4758 1883 4828 ὀνόματός

294 4853 418 4893 σου
444 4856 461 4870 ο
493 4840 690 4908 Κύριε,
713 4841 897 4909 ῥῦσαι
917 4842 1092 4913 ἡμᾶς,
1124 4845 1223 4899 καὶ
1249 4847 1524 4919 ἱλάσθητι
1544 4849 1672 4917 ταῖς
1696 4853 1882 4921 ἀμαρ-

297 4931 462 4998 τίαις
503 4930 671 5001 ἡμῶν
711 4932 919 4987 ἕνεκεν
950 4936 1056 4990 τοῦ
1093 4937 1381 5007 ὀνόματός
1402 4954 1539 4995 σου.
1572 4943 1683 4996 Καὶ
1710 4943 1883 4998 ταῦτα

293 5020 326 5073 6
364 5021 663 5092 Προφήτης
687 5022 750 5075 ὲκ
780 5022 1071 5094 προσώπου
1115 5025 1225 5079 τῶν
1257 5027 1396 5081 κατὰ
1436 5029 1701 5101 Ἀντίοχον
1736 5030 1887 5101 βασι-

295 5108 398 5165 λέα
423 5108 799 5182 δεδιωγμένων
824 5113 1155 5185 προφέρεται
1178 5132 1193 5146 ·
1225 5118 1576 5188 προφητικῶς
1601 5119 1702 5191 τὴν
1727 5120 1889 5193 εὐχὴν

293 5200 391 5257 διὰ
420 5201 524 5273 τῆς
555 5204 773 5274 γραφῆς
803 5208 915 5269 τοῖς
939 5206 1191 5277 μέλλουσι
1218 5207 1507 5263 διώκεσθαι
1545 5211 1878 5281 καταλιπὼν,

294 5292 378 5357 ὡς
423 5291 494 5347 ἂν
531 5292 702 5364 ἔχοιεν
740 5293 799 5361 ἐξ
850 5295 1066 5367 ἑτοίμου
1106 5296 1324 5363 εἰδέναι,
1371 5299 1574 5363 ὁποίοις
1618 5304 1881 5374 προσήκει

296 5382 606 5456 κεχρῆσθαι
647 5383 842 5449 αὐτοὺς
878 5384 1056 5455 λόγοις
1094 5388 1151 5440 ὲν
1195 5390 1315 5454 ταῖς
1344 5389 1478 5462 πρὸς
1506 5387 1598 5443 τὸν
1629 5390 1759 5445 Θεὸν
1790 5392 1881 5445 εύ-

302 5476 447 5544 χαῖς.
480 5473 557 5526 Θύ
605 5473 711 5545 μὴν
751 5475 831 5539 είς
873 5476 1114 5542 ἐκείνους
1166 5478 1361 5550 μόνους
1395 5481 1609 5535 ἵσταται
1639 5480 1708 5535 τὰ
1732 5482 1884 5553 λεγό-

303 5574 483 5638 μενα·
533 5564 793 5637 ἁρμόσειε
837 5568 896 5622 δὲ
948 5571 1041 5625 καὶ
1087 5573 1221 5626 πᾶσι
1269 5576 1381 5638 τοῖς
1412 5572 1482 5627 τὰ
1529 5574 1878 5646 παραπλήσια

305 5654 596 5713 πεπονθόσι
619 5696 634 5723 ,
663 5658 782 5711 ἐπεὶ
807 5660 898 5714 καὶ
929 5662 987 5715 ἐν
1012 5666 1121 5728 τοῖς
1150 5666 1268 5719 καθ’
1298 5667 1440 5738 ἡμᾶς
1471 5666 1743 5738 διωγμοῖς,
1783 5685 1881 5739 μυ-

373 5812 421 5844 ⁸³
465 5811 608 5870 Psal.
641 5831 821 5870 Lxxvn
853 5858 864 5883 ,
899 5819 989 5875 67.

1990 4655 2136 4727 regis
2188 4652 2550 4719 vexabantur,
2595 4648 2946 4721 pronuntiat;
3000 4650 3302 4703 orationem
3362 4647 3428 4703 iis
3462 4647 3558 4718 qui

1990 4746 2428 4820 persecutionem
2467 4745 2685 4817 passuri
2732 4752 2889 4799 erant
2944 4742 3205 4813 scriptam
3244 4742 3560 4812 prophetico

1989 4840 2340 4910 relinquens,
2397 4848 2458 4892 ut
2510 4838 2564 4892 in
2624 4847 2881 4907 promptu
2926 4849 3262 4906 cognoscere
3308 4842 3555 4904 possent,

1990 4932 2192 5004 quibus
2218 4930 2296 4984 uti
2330 4929 2514 4986 verbis
2547 4929 2602 4983 in
2656 4929 2774 4985 suis
2821 4927 2889 4983 ad
2929 4927 3097 4983 Deum
3129 4926 3385 4997 precibus
3416 4941 3557 4997 opus

1990 5030 2155 5080 esset.
2186 5020 2376 5093 Neque
2407 5020 2476 5076 iis
2505 5020 2683 5075 solum
2721 5020 2837 5075 haec
2862 5018 3062 5074 tradita
3101 5026 3264 5086 sunt;
3299 5018 3557 5073 omnibus

1986 5114 2193 5184 quippe
2211 5113 2413 5170 similia
2437 5111 2781 5182 patientibus
2810 5117 3149 5189 competunt,
3181 5109 3311 5181 quia
3348 5109 3404 5163 in
3434 5122 3559 5178 per-

1988 5207 2363 5264 uecutienibus
2379 5221 2500 5277 qua:
2530 5213 2719 5262 nostra
2744 5213 2905 5260 aetate
2919 5205 3291 5272 contigerunt,
3312 5198 3554 5258 sexcenti
3672 5194 3676 5198 ’

1987 5314 2153 5370 supra
2183 5298 2468 5354 recensitis
2501 5297 2699 5354 similia
2731 5303 2861 5353 sunt
2890 5296 3159 5368 perpessi,
3212 5293 3307 5364 qui
3352 5303 3556 5360 oppors

1987 5388 2120 5446 tune
2148 5392 2338 5460 utique
2358 5389 2562 5445 talibus
2590 5388 2754 5446 dictis
2787 5389 2873 5445 usi
2904 5387 3130 5453 fuerint,
3167 5384 3324 5455 queis
3370 5380 3437 5434 ad
3473 5380 3549 5433 ita

1987 5478 2316 5553 loquendum
2358 5481 2698 5538 ins‘tituimur
2728 5499 2743 5536 :
2793 5480 3018 5549 Propter
3044 5478 3268 5549 gloriam
3304 5472 3551 5528 nominis

1990 5574 2086 5636 tui,
2117 5572 2363 5639 Domine,
2406 5571 2573 5627 libera
2617 5587 2729 5626 nos.
2764 5569 2994 5625 Etiamsi
3031 5567 3175 5622 enim
3208 5578 3310 5620 nos
3338 5562 3548 5619 auxilio

1989 5666 2134 5739 digni
2164 5682 2275 5723 non
2320 5665 2525 5733 simus,
2558 5674 2613 5721 at
2660 5677 2857 5721 nomen
2909 5661 3099 5733 gloria:
3147 5665 3254 5713 tua:
3300 5670 3368 5713 ne
3408 5656 3551 5728 apud
