4008 6210
541 318 649 376 947

1215 315 1486 376 EUSEBII
1523 304 2004 371 CAESARIENSIS
2041 306 2194 366 OPP.
2235 307 2416 363 PARS
2449 307 2535 364 111.
2566 334 2638 346 -
2661 299 3072 360 EXEGETICA.

3641 300 3731 358 918

541 439 730 504 genus
761 431 1188 504 blasphematur,
1213 447 1277 488 ac
1299 435 1346 488 si
1372 446 1482 486 non
1508 431 1685 485 valeat
1701 443 1804 483 nos
1827 428 2086 482 liberare:

2208 424 2314 496 ρίοι
2348 423 2418 478 τὰ
2454 426 2614 497 ὃμοια
2643 425 2756 486 τοῖς
2786 416 3158 492 προλεχθεῖσιν
3201 413 3672 486 ὑπομεμενήγασινο
3691 415 3731 468 oi

541 525 614 581 Ει
651 527 930 596 propitius,
967 525 1168 596 inquit,
1205 534 1316 580 esto
1368 525 1596 593 peccatis
1647 521 1842 575 nostris
1888 528 2099 589 propter

536 632 722 671 nomen
753 623 920 671 tuum.
949 613 1216 686 Superius
1250 613 1469 684 quidem
1494 611 1778 666 dicebatur
1815 627 1830 664 :
1866 607 1949 662 Ne
1988 623 2097 660 me-

535 707 751 761 mineris
807 708 1149 778 iniquitatem
1203 715 1510 761 nostrarum
1552 706 1893 773 antiquarum
1940 717 1958 756 :
2002 701 2097 756 sed

535 797 645 851 iliic
677 798 918 868 quidem,
943 799 1308 868 iniquitatum,
1344 796 1568 852 dicitur.
1620 794 1938 864 lniquitates
1965 807 2098 848 sane

531 891 662 944 olim
695 891 1094 947 admiseramus
1123 902 1416 962 antequam
1441 891 1644 946 divinis
1685 890 1896 960 legibus
1936 889 2096 943 obse-

532 997 827 1051 queremur
850 1000 865 1050 ;
899 997 1029 1052 quer
1044 983 1238 1036 merito
1253 982 1489 1050 antiqua:
1510 981 1790 1035 dicuntur.
1814 979 1948 1034 Nam
1970 986 2098 1034 ante

533 1070 628 1127 Dei
661 1073 1027 1143 cognitionem
1059 1072 1266 1127 scelera
1297 1078 1485 1124 nostra
1515 1070 1832 1139 iniquitates
1860 1070 2096 1140 antiquae

530 1171 717 1229 erant;
754 1178 901 1218 nunc
934 1177 1062 1216 vero
1087 1177 1208 1216 cum
1235 1162 1346 1216 bzec
1375 1175 1664 1230 precamur
1692 1175 1799 1214 non
1836 1159 2094 1230 iniquita-

531 1257 646 1308 tuin
674 1254 926 1318 ulterius,
955 1254 1049 1308 sed
1078 1260 1424 1322 peccatorum
1459 1250 1617 1304 nobis
1639 1250 1848 1305 conscii
1871 1265 2090 1314 sumus;

531 1355 587 1401 at
621 1346 688 1401 iis
711 1360 930 1416 quoque
961 1343 1229 1414 propitius
1255 1350 1376 1399 esto
1406 1356 1687 1412 rogamus,
1721 1349 1943 1411 propter
1995 1355 2094 1411 no.-

529 1453 654 1493 men
689 1447 839 1490 tuum
869 1435 1015 1505 quod
1049 1434 1362 1487 invocatum
1411 1438 1495 1487 est
1540 1447 1707 1501 super
1741 1446 1862 1486 nos.
1911 1430 2093 1500 Siqui-

527 1529 649 1586 dem
684 1527 890 1582 nomini
943 1525 1239 1580 consulens
1285 1531 1380 1577 tuo
1427 1538 1537 1594 quo
1591 1538 1691 1576 nos
1739 1535 2088 1584 exornamur,

527 1620 801 1690 propitius
829 1626 948 1673 esto
980 1615 1222 1687 peccatis
1243 1614 1450 1670 nostris
1489 1632 1501 1668 :
1531 1629 1599 1667 ne
1623 1612 1762 1666 forte
1785 1611 1941 1666 nobis
1961 1611 2089 1665 sub-

2201 516 2292 568 καὶ
2311 516 2579 589 εὐκαίρως
2613 516 2908 588 χρήσαιντο
2926 509 3047 571 ταῖς
3071 504 3450 578 προκειμόναις
3472 506 3668 572 φωναῖς,
3686 504 3733 556 ὲν

2197 603 2285 672 αἷς
2331 607 2690 678 διδασκόμεθα
2737 604 2946 672 λέγειν·
3005 600 3251 652 Ἕνεκεν
3290 594 3396 662 τῆς
3445 593 3612 661 δόξης
3647 593 3732 648 τοῦ

2197 697 2488 767 ὀνόματός
2511 713 2646 761 σου,
2666 695 2863 763 Κύριε,
2875 690 3059 760 ῥῦσαι
3077 685 3255 758 ἡμᾶς.
3274 684 3388 739 Κᾶν
3407 684 3653 756 γὰρήμεῖς
3675 684 3734 757 μὴ

2195 788 2334 857 ἄξιοι
2363 782 2512 860 ὦμεν
2543 786 2810 858 βοηθείας,
2839 783 2973 838 ἀλλά
2997 780 3059 834 τό
3087 797 3152 849 γε
3184 779 3350 849 ὄνομα
3368 776 3464 846 τῆς
3488 775 3578 845 σῆς
3606 775 3732 847 δόξης

2199 882 2273 954 μὴ
2309 878 2732 952 βλασφημείσθω
2761 875 2914 946 παρὰ
2941 876 3056 938 τοῖς
3087 871 3314 934 ἔθνεσιν,
3349 868 3422 932 ὡς
3445 867 3517 938 μὴ
3546 868 3732 938 ἰσχῦσαν

2195 975 2343 1046 ἡμᾶς
2371 972 2638 1045 ῥύσασθαι
2658 989 2670 1002 ’
2702 969 2809 1024 Καὶ
2845 967 3141 1034 ἱλάσθητί,
3175 963 3232 1016 δέ.
3263 979 3413 1033 φησι,
3441 959 3563 1024 ταῖς
3584 961 3734 1028 ἁμαρ-

2195 1064 2346 1128 τίαις
2378 1060 2546 1131 ἡμῶν
2580 1061 2788 1114 ἕνεκεν
2829 1057 2934 1112 τοῦ
2983 1053 3273 1124 ὀνόματός
3316 1067 3450 1106 σου.
3495 1049 3732 1120 Ἀνωτέρω

2197 1154 2295 1224 μὲν
2331 1149 2423 1207 οῦν
2455 1152 2697 1221 ἐλέγετο·
2731 1151 2829 1218 Μὴ
2862 1144 3143 1219 μνησθῇς
3177 1141 3346 1213 ἡμῶν
3379 1139 3620 1212 ἀνομιῶν
3647 1142 3731 1207 ἁρ-

2193 1245 2411 1314 χαίων·
2443 1242 2559 1297 ἀλλ’
2590 1243 2707 1294 ἐκεῖ
2737 1240 2836 1312 μὲν
2865 1234 3154 1310 ᾁνομιιῖιν·
3183 1233 3402 1304 ἀνομίαι
3425 1231 3478 1284 δὲ
3502 1226 3627 1302 ἦσαν
3646 1230 3729 1283 πά-

2192 1335 2280 1388 λαι
2307 1337 2436 1406 ἡμῖν
2470 1331 2852 1405 πεπραγμέναι
2887 1327 2994 1402 πρὸ
3017 1327 3116 1398 τῆς
3167 1325 3262 1379 τοῦ
3312 1324 3455 1378 θείου
3483 1322 3630 1395 νόμου
3651 1323 3733 1375 ὐπ-

2195 1429 2388 1499 ακοῆς,
2422 1428 2626 1490 αἵτινες
2678 1425 2904 1488 εἰκότως
2941 1423 3163 1506 ἀρχαῖαι
3207 1420 3466 1491 εἴρηνται.
3488 1416 3617 1487 Πρὸς
3646 1415 3733 1488 γὰρ

2190 1521 2293 1590 τῆς
2325 1519 2418 1573 τοῦ
2451 1519 2586 1572 Θεοῦ
2621 1517 2874 1586 γνώσεως
2904 1516 2973 1570 τὰ
3013 1512 3478 1584 πλημμελούμενα
3502 1510 3619 1580 ἡμῖν
3638 1509 3732 1562 ἀνο-

2194 1614 2418 1684 μήματα
2444 1610 2510 1683 ἦν
2542 1613 2772 1683 ἀρχαῖα·
2817 1608 2911 1663 νῦν
2955 1608 3032 1671 δὲ,
3055 1607 3156 1679 ,ὅτε
3201 1604 3270 1659 τὰ
3316 1607 3416 1675 τῆς
3445 1603 3596 1672 εὐχῆς
3623 1601 3728 1654 ἀνα-

521 1711 746 1782 jugatis,
803 1708 1010 1764 inimici
1056 1705 1372 1776 blaSpbema
1414 1704 1558 1758 dicta
1593 1704 1647 1758 in
1688 1717 1886 1756 nomen
1935 1710 2086 1755 tuum

2192 1705 2502 1776 πέμπομεν,
2531 1703 2714 1757 οὐκέτι
2748 1703 2846 1773 μὲν
2887 1699 3136 1771 ἀνομίας,
3171 1694 3447 1769 ἁμαρτίας
3475 1694 3530 1748 δὲ
3558 1695 3730 1755 ἑαυτοῇ

526 1780 805 1874 proferant
832 1801 1079 1855 dicentes
1112 1814 1221 1851 :—-
1244 1795 1412 1851 Vsus.
1456 1795 1543 1850 10.
1582 1793 1682 1849 Ubi
1715 1803 1794 1849 est
1823 1793 1964 1848 Deus
2003 1809 2086 1847 eo-

2194 1796 2539 1866 συνοίδαμεν·
2593 1794 2727 1850 ἀλλὰ
2779 1794 2872 1847 καί
2929 1790 3130 1854 ταύτας
3181 1787 3463 1859 ίλασθῆναι
3513 1782 3729 1852 ἀξιοῦμεν

525 1913 643 1950 rum
660 1899 686 1952 ?
712 1896 782 1948 At
815 1893 970 1956 illud,
996 1890 1107 1954 ubi,
1150 1889 1335 1944 dicere
1355 1902 1634 1958 nunquam
1664 1887 2084 1957 permittantur;

524 1989 619 2046 sed
642 2000 696 2044 tu
720 1986 978 2043 Servator
998 1991 1184 2039 noster
1208 1979 1542 2050 conspicuus
1554 1978 1801 2040 elfectus.
1823 1977 2090 2032 ulciscere

525 2079 848 2152 sanguinem
879 2091 1164 2133 servorum
1204 2082 1449 2141 tuorum,
1481 2073 1578 2144 qui
1616 2071 1824 2128 ell‘usus
1864 2079 1970 2127 est.
2005 2070 2086 2124 Ad

524 2173 641 2228 haec
663 2172 718 2226 in
750 2169 1004 2241 precibus
1030 2177 1277 2239 tempore
1309 2165 1711 2238 persecutionis
1739 2163 1971 2220 dicenda
1999 2165 2086 2218 in-

522 2262 837 2327 stituimur,
868 2259 1172 2314 hostiarum
1221 2266 1276 2314 et
1334 2257 1783 2313 bolocaustorum
1818 2257 1938 2311 loco
1967 2271 2089 2312 san-

519 2355 737 2426 guinem
776 2361 1093 2409 sanctorum
1124 2357 1426 2420 martyrum
1458 2358 1847 2420 proponentes,
1893 2363 1959 2403 ac
1993 2348 2088 2402 bu-

520 2465 764 2538 jusmodi
816 2464 1246 2536 supplicationes
1287 2463 1622 2520 emittentes.
1683 2462 1810 2519 Haec
1869 2478 2088 2534 quoque

520 2569 646 2617 ante
667 2576 770 2616 nos
803 2559 896 2630 qui
944 2559 998 2614 in
1026 2556 1258 2612 Judaico
1310 2557 1514 2628 populo
1555 2555 1754 2612 similia
1812 2563 1941 2611 sunt
1977 2570 2090 2625 per-

519 2653 685 2724 pessi,
719 2658 1024 2708 memorato
1054 2660 1298 2722 tempore
1325 2650 1509 2706 dicere
1531 2649 1906 2704 edocebantur
1938 2669 1951 2705 :
1979 2664 2088 2718 quo

514 2754 569 2801 ct
602 2746 744 2817 apud
769 2745 893 2801 illos
915 2743 1170 2816 generosi
1202 2752 1470 2814 martyres
1498 2741 1914 2798 commonstrati
1939 2751 2085 2798 sunt.

515 2838 722 2893 (lorum
763 2837 1011 2893 meminit
1069 2835 1505 2891 Machabaaorum
1561 2836 1832 2905 scriptura
1882 2835 1976 2891 ’δε
2032 2836 2086 2890 in

509 2930 690 3000 iisque
711 2938 831 2985 erat
863 2929 1159 2986 Eleazarus
1187 2930 1273 2984 vir
1295 2929 1551 2992 illustris,
1582 2935 1741 2983 aetate
1772 2937 2086 2998 provectus,

511 3023 604 3092 qui
634 3037 954 3093 generosam
981 3029 1210 3076 mortem
1243 3037 1342 3092 pro
1374 3023 1575 3092 pietate
1607 3037 1736 3092 erga
1773 3022 1940 3076 Deum
1963 3025 2087 3079 vita:

511 3117 766 3189 praetulit.
802 3115 906 3172 Sed
929 3116 1091 3171 etiam
1120 3117 1365 3187 quaedam
1392 3117 1655 3171 mirabilis
1690 3124 1893 3186 septem
1929 3117 2083 3170 ﬁlio—
2112 3115 2157 3176 C

511 3226 635 3264 rum
670 3217 864 3274 mater,
898 3209 1197 3266 certamine
1243 3210 1489 3280 martyrii
1533 3210 1682 3264 omni
1712 3209 1872 3265 laude
1903 3225 2080 3279 supe—

512 3306 627 3359 rior
677 3303 962 3376 perfuncta
995 3312 1107 3371 est;
1166 3304 1260 3358 lilii
1310 3320 1528 3375 quoque
1577 3303 1723 3360 illius
1755 3312 1960 3374 septem
1988 3320 2081 3358 va-

512 3397 625 3453 rias
658 3412 866 3468 pugnas
893 3398 1214 3460 subeuntes,
1245 3397 1480 3452 faustam
1504 3400 1924 3468 perseverantia:
1970 3399 2080 3452 vir-

511 3498 679 3547 tutem
710 3491 1004 3547 exhibuere
1031 3493 1098 3544 ⁵⁸.
1133 3489 1239 3544 Alii
1273 3506 1492 3561 quoque
1521 3491 1741 3560 plurimi
1775 3491 1953 3546 sancti
1978 3489 2077 3543 viri

510 3586 680 3648 fuere,
695 3600 924 3655 quorum
943 3593 1168 3640 mortem
1182 3591 1235 3639 ct
1252 3584 1536 3654 sanguinis
1553 3583 1871 3638 ell‘usionem
1892 3583 1944 3638 in
1964 3597 2080 3637 ora-

508 3681 658 3733 tione
687 3693 868 3734 sermo
889 3684 1282 3732 commemorat
1315 3677 1404 3733 bis
1432 3667 1613 3732 rcrbis
1651 3695 1664 3731 ε
1696 3675 1762 3728 Ει
1787 3677 2078 3730 innotescat

511 3773 565 3825 in
589 3769 890 3824 nationibus
918 3785 1096 3823 coram
1117 3769 1286 3824 oculis
1311 3771 1508 3824 nostris
1529 3770 1662 3823 uitio
1677 3770 1952 3840 sanguinis
1967 3786 2080 3824 ser-

511 3879 690 3920 vorum
707 3872 938 3927 tuorum,
959 3862 1048 3934 qui
1064 3862 1264 3932 eﬁ'usus
1279 3872 1378 3918 est.
1398 3862 1502 3920 Alii
1519 3862 1736 3934 quidem
1759 3861 2080 3933 sanguinem

513 3971 674 4014 suum
701 3955 858 4026 quasi
893 3955 1152 4010 libamina
1182 3971 1283 4026 pro
1313 3963 1425 4010 tota
1451 3963 1611 4027 gente
1636 3954 1942 4021 tradidere;
1986 3954 2080 4009 alii

510 4061 640 4102 vero
669 4061 779 4101 non
815 4045 1015 4101 similia
1048 4047 1220 4117 passi,
1251 4047 1360 4102 alio
1399 4047 1564 4104 modo
1594 4063 1694 4118 pro
1738 4047 1939 4119 pietate
1965 4062 2081 4102 cer-

517 4147 696 4196 tamen
736 4138 981 4195 inierunt
1027 4138 1343 4195 carceribus
1395 4139 1717 4211 mancipati,
1752 4148 1809 4196 et
1845 4140 2082 4196 vinculis

508 4252 815 4310 constricti.
849 4252 1092 4320 Quorum
1125 4251 1255 4308 item
1305 4254 1543 4325 gemitus
1575 4263 1630 4310 et
1667 4255 1885 4312 dolores
1913 4255 2082 4312 labo-

508 4361 706 4417 resque
731 4355 1039 4418 opportune
1064 4345 1120 4400 in
1151 4345 1401 4401 oratione
1433 4357 1823 4403 commemorat
1849 4347 2076 4404 dicens:

2188 1889 2277 1942 διὰ
2305 1889 2366 1942 τὸ
2396 1885 2823 1958 ὲπικεκλημένον
2854 1885 2985 1956 ἡμῖν
3019 1883 3111 1936 σὺν
3140 1881 3335 1951 ὄνομα.
3362 1877 3465 1931 Τοῦ
3501 1875 3600 1947 γὰρ
3623 1890 3728 1928 σαυ-

2186 1979 2281 2034 τοῦ
2310 1979 2622 2050 φειδόμενος
2661 1977 2924 2048 ὀνόματος
2965 1973 3059 2027 τοῦ
3093 1973 3427 2043 κοσμοῦντος
3457 1970 3608 2041 ἡμᾶς,
3642 1964 3730 2021 ἱλά-

2191 2073 2344 2145 σθητι
2375 2075 2494 2135 ταῖς
2525 2069 2825 2142 ἁμαρτίαις
2863 2066 3043 2140 ἡμῶν,
3077 2067 3312 2136 μήποτε,
3353 2061 3591 2125 λαϐόντες
3613 2059 3731 2129 ἡμᾶς

2190 2162 2534 2234 ὑποχειρίους
2569 2162 2617 2214 οί
2651 2158 2856 2230 ἐχθροὶ,
2885 2156 3327 2228 βλασφημήσωσι
3366 2153 3427 2207 τὸ
3475 2151 3558 2205 σὺν
3595 2149 3733 2220 δνομα

2188 2256 2464 2325 λέγοντεςο
2519 2250 2646 2308 Ποῦ
2689 2254 2860 2306 ἐστιν
2904 2253 2937 2305 ό
2986 2250 3131 2316 Θεὸς
3177 2244 3418 2310 αὐτῶν;
3462 2243 3607 2298 Ἀλλά
3644 2241 3730 2311 γὰρ

2186 2345 2344 2399 τοῦτο
2379 2343 2498 2415 μὲν,
2529 2342 2668 2408 ποῦ,
2698 2342 2873 2395 εἰπεῖν
2901 2339 3085 2402 αὐτοῖς
3117 2337 3191 2409 μὴ
3225 2333 3620 2407 συγχωρηθείη·
3655 2333 3732 2400 ἑμ-

2190 2434 2359 2507 φανὴς
2387 2434 2444 2489 δὲ
2471 2433 2759 2504 γενόμενος
2793 2432 2857 2485 σὺ
2889 2430 3051 2494 αὐτὸς
3084 2431 3112 2484 ό
3147 2428 3344 2500 Σωτὴρ
3369 2427 3520 2498 ἡμῶν
3557 2423 3642 2494 τὴν
3662 2422 3732 2474 ὲκ-

2187 2525 2399 2596 δίκησιν
2429 2523 2649 2593 ποίησαι
2680 2520 2772 2574 τοῦ
2805 2520 3035 2591 αἵματος
3079 2518 3186 2572 τῶν
3212 2517 3418 2571 δούλων
3447 2532 3534 2568 σου
3559 2511 3642 2566 τοῦ
3663 2513 3733 2563 ὲκ-

2189 2613 2502 2685 κεχυμένου.
2531 2612 2716 2667 Ταῦτα
2733 2609 2912 2678 λέγειν
2950 2611 3010 2664 ὲν
3033 2609 3218 2678 εὐχαῖς
3241 2604 3598 2678 παιδευόμεθα
3620 2599 3733 2657 κατά

2188 2707 2314 2770 τοὺς
2347 2705 2454 2758 τῶν
2479 2704 2734 2775 διωγμῶν
2761 2702 3006 2773 καιροὺς,
3040 2701 3161 2754 ἀντὶ
3194 2698 3393 2763 θυσίας
3425 2699 3515 2752 καὶ
3553 2695 3735 2748 ὁλοκαυ-

2187 2798 2454 2870 τωμάτων
2499 2796 2568 2851 τὰ
2611 2796 2817 2867 αἵματα
2853 2793 2961 2848 τῶν
3000 2792 3170 2861 ἁγίων
3205 2790 3500 2864 μαρτύρων
3539 2784 3736 2861 προϐαλ-

2189 2889 2402 2960 λόμενοι
2431 2929 2446 2950 ,
2515 2889 2608 2942 καὶ
2668 2887 2923 2949 τοιαύτας
2982 2883 3408 2955 ἀναπέμποντες
3478 2877 3732 2951 ἱκετηρίας.

2191 2981 2376 3035 Ταῦτα
2403 2981 2460 3035 δὲ
2493 2981 2584 3033 καὶ
2617 2979 2724 3052 πρὸ
2750 2979 2906 3050 ἡμῶν
2947 2980 2995 3032 οἱ
3038 2979 3096 3031 ὲν
3127 2976 3208 3048 τῷ
3243 2976 3514 3031 Ἰουδαίων
3537 2975 3657 3028 ἔθνει
3683 2971 3736 3026 τὰ

2191 3076 2351 3146 ὅμοια
2379 3073 2705 3135 πεπονθότες
2733 3072 2871 3126 κατά
2910 3073 3000 3126 τὸν
3039 3069 3358 3143 δηλωθέντα
3387 3069 3562 3140 καιρὸν
3589 3066 3732 3133 λέγειν

2187 3165 2524 3220 ἐδιδάσκοντο
2543 3181 2557 3195 ⁸
2603 3163 2724 3216 καθ’
2765 3164 2824 3217 ὃν
2860 3164 2989 3233 παρ’
3031 3163 3216 3226 αὐτοῖς
3246 3164 3476 3232 γενναῖοι
3501 3158 3729 3230 μάρτυρες

2186 3257 2602 3328 ἀπεδείχθησαν.
2628 3249 2728 3310 Ὧν
2761 3255 3031 3326 μέμνηται
3071 3258 3104 3326 ή
3144 3256 3338 3327 γραφὴ
3375 3254 3478 3308 τῶν
3504 3245 3727 3317 καλουμέ-

2185 3351 2288 3405 νῶν
2316 3349 2690 3404 Μακκαϐαίων
2710 3366 2722 3379 ο
2759 3351 2817 3402 ἐν
2848 3344 2929 3414 οἷς
2969 3345 3037 3422 ἦν
3073 3349 3402 3420 Ἐλεάζαρὸς
3437 3352 3535 3409 τιςζ
3563 3345 3727 3409 ἐπιφα-

2185 3442 2280 3513 vi}:
2323 3442 2483 3513 ἀνὴρ,
2523 3439 2878 3512 προϐεϐηκὼς
2922 3441 3020 3512 μὲν
3063 3439 3162 3511 τὴν
3199 3441 3436 3512 ἡλικίαν,
3471 3437 3525 3490 τὸ
3559 3435 3609 3488 δὲ
3631 3429 3726 3502 μετ’

2185 3534 2428 3597 εὐκλείας
2477 3533 2704 3587 θάνατον
2743 3537 2840 3605 τῆς
2873 3533 3016 3604 ζωῆς
3048 3533 3219 3603 αὐτῆς
3264 3531 3586 3604 προτιμήσας
3610 3522 3725 3592 ὑπὲρ

2184 3627 2282 3697 τῆς
2309 3628 2388 3691 είς
2419 3627 2508 3679 τὸν
2546 3613 2679 3679 Θεὸν
2722 3607 3020 3690 εὐσεϐείας.
3064 3624 3231 3679 Ἀλλὰ
3279 3625 3373 3679 καὶ
3415 3624 3573 3694 μήτηρ
3609 3611 3727 3667 ἑπτὰ

2185 3721 2389 3775 παίδων
2421 3720 2700 3792 θαυμασία
2745 3739 2830 3785 τις
2862 3721 2954 3774 καὶ
2984 3721 3126 3792 ὑπὲρ
3160 3720 3346 3776 πάντα
3371 3719 3512 3787 λόγον
3536 3708 3730 3779 ὲναθλή-

2186 3831 2328 3870 σασα
2343 3813 2422 3886 τῷ
2449 3814 2744 3886 μαρτυρίῳ
2764 3830 2779 3846 ο
2808 3814 2993 3878 παῖδές
3021 3830 3081 3866 τε
3101 3812 3316 3885 ταύτης
3336 3811 3472 3869 ἑπτὰ
3491 3802 3727 3874 διαφόροις

2186 3905 2517 3970 ὑποστάντες
2556 3905 2772 3970 ἄθλοις,
2818 3903 3054 3972 ἐξαίσιον
3096 3904 3305 3978 ἀρετὴν
3349 3899 3618 3975 καρτερίας
3655 3895 3726 3978 ἐγ-

2186 3995 2472 4062 εδείξαντο.
2503 3995 2687 4050 Ἄλλοι
2718 4012 2777 4049 τε
2816 3993 2968 4067 παρὰ
2997 3976 3205 4059 τούτοις
3245 3976 3482 4048 πλεῖστοι
3507 3991 3645 4048 ὅσιοι,
3667 3976 3728 4036 ὧν

2184 4088 2286 4158 τῆς
2303 4088 2562 4158 τελευτῆς
2593 4087 2687 4142 καὶ
2711 4087 2819 4140 τῶν
2848 4087 3094 4158 αἱμάτων
3118 4086 3224 4156 τῆς
3264 4085 3530 4157 ἐκχύσεως
3553 4078 3632 4141 διὰ
3650 4074 3728 4142 τῆς

2185 4181 2346 4252 εὐχῆς
2375 4179 2725 4252 μνημονεύων
2757 4180 2787 4232 ό
2810 4179 2965 4248 λόγος
3005 4179 3168 4250 φησί’
3198 4179 3311 4234 Καὶ
3353 4173 3652 4247 γνωσθήτω
3672 4167 3728 4220 ἐν

2184 4270 2308 4338 τοῖς
2335 4271 2577 4326 ἔθνεσιν
2603 4269 2861 4325 ἐνώπιον
2890 4269 3010 4324 τῶν
3043 4268 3373 4340 ὀφθαλμῶν
3402 4266 3562 4338 ἡμῶν
3585 4264 3618 4329 ἠ
3646 4260 3726 4312 ἐκ·

2184 4361 2424 4431 δίκησις
2453 4361 2560 4418 τοῦ
2586 4361 2834 4430 αἳματος
2867 4359 2986 4415 τῶν
3023 4360 3264 4415 δούλων
3297 4374 3412 4414 σου
3469 4355 3569 4410 τοῦ
3599 4354 3727 4405 ἐκκε-

505 4468 576 4481 --
604 4440 771 4498 Vens.
801 4440 888 4496 Η.
927 4438 1166 4495 Introeat
1189 4440 1243 4494 in
1262 4451 1541 4509 conspectu
1568 4450 1658 4499 tuo
1679 4443 1903 4512 gemitus
1933 4459 2079 4499 com-

2188 4453 2468 4524 γυμένου.
2497 4455 2558 4509 Οί
2587 4455 2685 4525 μὲν
2717 4452 2787 4510 τὰ
2830 4453 3037 4525 αἵματα
3072 4451 3281 4506 ἑαυτῶν
3319 4451 3502 4522 ὥσπερ
3534 4440 3726 4536 σπονδᾶξ

507 4533 821 4600 peditorum.
847 4533 1202 4605 Compeditos
1220 4549 1373 4600 vero,
1406 4551 1515 4589 non
1540 4535 1722 4592 labere
1742 4537 1790 4592 si
1813 4536 1968 4595 dicas
1982 4553 2078 4595 eos

509 4641 630 4682 esse
660 4627 751 4696 qui
809 4626 865 4681 in
911 4626 1238 4683 mortalibus
1287 4627 1616 4697 corporibus
1663 4635 1778 4683 toto
1807 4629 1934 4685 vitae
1965 4646 2077 4686 suae

509 4725 754 4787 tempore
780 4718 1040 4774 macerati
1074 4725 1223 4774 sunt.
1255 4718 1446 4784 Qualis
1465 4727 1585 4774 erat
1613 4717 1818 4775 Paulus
1847 4719 2073 4778 dicens:

513 4804 625 4862 Nos
676 4818 853 4863 autem
894 4810 1118 4865 viventes
1171 4810 1226 4864 in
1273 4810 1638 4878 tabernaculo,
1686 4814 2077 4884 ingemiscimus

506 4902 713 4970 gravati
736 4902 817 4968 “;
853 4909 907 4958 et
928 4918 1184 4959 rursum:
1220 4903 1418 4973 Infelix
1439 4922 1529 4976 ego
1562 4906 1737 4969 homo,
1764 4909 1879 4977 quis
1911 4925 1991 4962 me
2014 4909 2078 4963 li-

509 4995 708 5050 berabit
727 4994 790 5049 de
818 5010 1035 5063 corpore
1063 4998 1248 5051 mortis
1278 4997 1436 5068 hujus
1461 4999 1505 5030 ⁸⁷
1528 4999 1551 5052 ‘i
1599 4998 1762 5055 Tales
1787 5008 1946 5056 erant
1978 5000 2074 5057 Dei

511 5087 808 5158 prophetae,
855 5103 1158 5158 omnesque
1212 5089 1306 5160 qui
1355 5091 1411 5145 in
1445 5091 1774 5161 corporibus
1826 5093 1944 5149 suis
1977 5109 2078 5150 nec

509 5173 721 5229 deliciis
751 5187 853 5228 nec
877 5174 1248 5244 voluptatibus
1276 5177 1446 5233 dediti
1483 5179 1724 5237 fuerunt.
1768 5181 1863 5237 sed
1889 5192 2079 5237 contra

511 5265 672 5321 vitam
714 5275 869 5321 suam
909 5265 1148 5322 amisere
1195 5269 1446 5338 jejuniis,
1496 5271 1802 5334 laboribus.
1846 5275 2079 5345 aliisque

511 5359 765 5415 asceticis
791 5359 1289 5426 macerationibus;
1328 5363 1421 5432 qui
1469 5377 1576 5416 non
1605 5380 1704 5433 pro
1733 5381 1794 5421 se
1839 5375 2076 5432 tantum,

509 5449 604 5504 sed
631 5452 796 5505 etiam
821 5467 922 5520 pro
951 5458 1066 5506 toto
1096 5453 1298 5523 populo
1333 5453 1443 5507 imo
1465 5462 1685 5522 pectore
1704 5457 1771 5510 ad
1798 5456 1964 5513 Deum
1992 5459 2077 5511 in-

513 5541 897 5610 gemiscebant.
927 5543 1108 5610 Quare
1150 5545 1351 5600 dicitur
1388 5565 1398 5599 :
1441 5543 1677 5601 lutroeat
1712 5549 1765 5603 in
1799 5558 2077 5618 conspectu

2185 4548 2328 4618 ὑπὲρ
2368 4545 2463 4600 τοῦ
2495 4546 2696 4610 παντὸς
2735 4546 2918 4610 ἔθνους
2959 4543 3321 4599 ὲκδεδώκασιν
3341 4563 3355 4576 ·
3400 4544 3447 4597 oi
3485 4541 3559 4604 δὲ,
3587 4535 3652 4606 μὴ
3673 4528 3728 4582 τὰ

2190 4641 2344 4711 ἱμοια
2373 4638 2579 4703 τούτοις
2599 4638 2942 4704 πεπονθότες,
2959 4637 3103 4709 ἀλλῳ
3119 4638 3309 4710 τρόπῳ
3331 4636 3422 4690 τὸν
3453 4633 3586 4699 ὑπὲρ
3603 4627 3726 4682 εὐπ-

2187 4723 2338 4795 ὄείας
2360 4730 2656 4801 ὑπέμειναν
2681 4730 2887 4800 ἀγῶνα,
2905 4729 3086 4801 ἔργοις
3108 4731 3126 4800 (
3135 4731 3183 4800 1)
3211 4729 3308 4783 καὶ¹
3331 4727 3542 4798 δεσμοῖς
3571 4712 3725 4773 7.2505-

2190 4837 2362 4890 μενοι.
2395 4813 2494 4874 Ὧν
2527 4821 2619 4874 καὶ
2649 4819 2829 4873 αὐτῶν
2863 4821 2988 4883 τοὺς
3029 4820 3367 4890 στεναγμοὺς
3404 4817 3496 4871 καὶ
3523 4813 3612 4875 τὰς
3639 4803 3725 4860 65'3-

2185 4930 2283 4976 νας
2313 4911 2405 4966 καὶ
2434 4911 2561 4975 τοὺς
2598 4912 2794 4976 πόνους
2821 4911 3090 4983 εὐκαίρως
3126 4910 3213 4964 διὰ
3240 4909 3342 4980 τῆς
3381 4907 3538 4978 εὐχῆς
3560 4905 3724 4968 ἀναμιο

2187 5007 2414 5076 μνήσκει
2447 5004 2653 5074 λέγων’
2701 5005 3036 5060 Είσελθέτω
3079 5003 3336 5058 ἐνώπιόν
3391 5017 3504 5055 σου
3540 5000 3571 5051 ὁ
3614 5007 3723 5047 στιν

2178 5097 2404 5165 ναγμὸς
2443 5095 2560 5149 τῶν
2592 5095 3035 5166 πεπεδημὲνων.
3107 5093 3518 5165 Πεπεδημένους
3555 5086 3606 5140 δὲ
3645 5081 3724 5136 οὐκ

2181 5188 2246 5242 ἂν
2279 5189 2544 5259 ἁμάρτοις
2573 5187 2744 5242 εἰπὼν
2769 5189 2862 5243 καὶ
2892 5189 3019 5250 τοὺς
3055 5188 3114 5240 ὲν
3155 5187 3270 5249 τοῖς
3304 5183 3512 5255 θνητοῖς
3545 5175 3725 5244 σώμασι

2185 5279 2361 5332 πάντα
2407 5271 2501 5334 τὸν
2528 5277 2626 5348 τῆς
2671 5278 2816 5348 ζωῆς
2849 5277 3030 5332 αὐτῶν
3075 5276 3188 5347 βίον
3239 5267 3722 5343 κατατρυχομένους-

2193 5367 2406 5430 Ὀποῖος
2431 5363 2498 5437 ἦν
2525 5367 2734 5430 Παῦλος
2777 5368 2977 5436 λέγων·
3009 5366 3204 5436 Ἡμεῖς
3241 5367 3298 5419 oi
3320 5363 3526 5426 ζῶντες
3560 5358 3622 5410 ἑν
3657 5349 3724 5414 τῷ

2187 5459 2401 5526 σκήνει
2446 5459 2805 5529 στενάζομεν
2825 5461 3185 5530 βαρούμενοι
3205 5474 3219 5488 ·
3277 5457 3374 5510 καὶ
3417 5453 3594 5508 πάλινσ
3634 5447 3720 5530 Tu:

2183 5551 2481 5620 ,Ιαίπωρος
2523 5551 2636 5621 ἐγὼ
2681 5527 3135 5620 ἅνθρωάοςίτίς
3166 5565 3246 5621 με
3280 5548 3521 5616 ῥύσεται
3553 5541 3614 5593 ἐκ
3637 5527 3726 5588 τθῧ

573 5695 621 5726 εδ
659 5695 702 5749 ιι
733 5697 906 5753 Maeli.
948 5717 1030 5758 γι,
1073 5702 1157 5754 ts.
1235 5705 1279 5736 ιε
1323 5670 1569 5762 imm,
1609 5719 1704 5759 m.
1782 5707 1826 5738 οε
1867 5705 1909 5761 ll
1944 5705 2071 5762 Cor.

2197 5708 2250 5766 4.
2327 5710 2369 5740 ³⁷
2411 5706 2567 5765 item.
2607 5723 2712 5763 vn.
2751 5708 2837 5762 ει.

585 5788 662 5861 χῖ)
701 5793 806 5860 Γρ.
841 5795 1106 5866 εἱργμοιξς,
