4008 6210
307 364 413 422 9i9

1435 350 1941 411 COMMENTARIA
1978 351 2046 407 IN
2084 348 2422 407 PSALMOS.

3447 353 3551 411 950

304 479 575 550 σώματος
618 477 725 533 τοῦ
770 476 1030 532 θανάτου
1068 474 1312 538 mem,-
1359 471 1601 526 Τοιοῦτοι
1643 469 1701 523 δὲ
1747 463 1888 540 ἦσαν

1998 476 2087 521 tuo
2128 465 2352 537 gemitus
2393 460 2823 531 compeditorum.
2857 461 3091 529 Quinam
3127 477 3293 534 porro
3319 465 3433 521 sint
3456 469 3552 538 qui

303 571 398 624 καὶ
431 570 480 622 oi
502 566 596 621 τοῦ
630 567 765 623 Θεοῦ
793 567 1085 639 προφῆται,
1118 564 1209 618 καὶ
1237 562 1437 626 πάντες
1465 563 1514 615 οἱ
1550 562 1624 632 μὴ
1653 558 1887 629 καθηδυ-

305 657 599 722 τιαθοῦντες
633 660 692 712 ἐν
722 660 833 721 τοῖς
872 657 1074 711 ἑαυτῶν
1106 655 1318 727 σώμασι
1340 694 1355 718 ,
1401 653 1537 725 μηδὲ
1572 654 1752 724 τρυφῇ
1793 652 1886 705 καὶ

302 751 464 824 ἡδονῇ
497 748 871 822 σχολάζοντες·
925 747 1225 820 τοῦμπαλιν
1272 747 1330 800 δὲ
1370 745 1649 810 πιέζοντες
1677 743 1882 797 ἑαυτῶν

303 845 401 916 τὴν
432 842 576 915 ζωὴν
606 843 840 907 ἀσιτίαις
878 841 972 897 καὶ
1012 842 1195 905 πόνοις
1222 841 1316 894 καὶ
1345 841 1464 902 ταῖς
1493 837 1680 900 ἄλλαις
1705 837 1880 905 ἀσκη-

303 939 480 1000 τικαῖς
506 935 919 997 κακοπαθείαις·
951 934 1001 987 οἳ
1030 933 1125 987 καὶ
1155 933 1253 1004 οὐχ
1286 931 1429 1003 ὑπὲρ
1460 929 1667 984 ἑαυτῶν
1698 929 1878 1000 μόνον,

1993 558 2063 613 ad
2096 558 2213 611 hate
2246 556 2477 611 dicenda
2518 554 2747 610 instituti
2783 562 2911 610 sunt
2944 553 3049 609 sub
3102 554 3217 609 haec
3265 557 3437 625 aperit
3467 557 3553 615 bis

1991 647 2216 702 verbis:
2254 645 2599 699 Patrocinare
2626 643 2756 713 ﬁliis
2790 644 3103 699 occisorum.
3134 643 3244 701 Nos
3276 646 3549 716 siquidem

1990 753 2100 793 non
2130 737 2277 807 digni
2308 736 2475 791 habiti
2500 751 2691 791 sumus
2718 735 2813 805 qui
2836 733 2902 789 ad
2931 743 3158 789 mortem
3185 751 3358 805 usque
3377 746 3555 792 certa—

1987 843 2194 893 remus,
2239 841 2304 881 ac
2347 842 2447 898 pro
2497 825 2609 881 Deo
2652 825 2976 896 sanguinem
3010 823 3405 893 funderemus;
3458 826 3554 883 sed

1989 921 2116 992 quia
2148 920 2241 975 lilii
2268 934 2458 975 sumus
2483 934 2671 975 eorum
2695 918 2789 989 qui
2821 918 2935 973 haec
2968 927 3097 973 sunt
3136 918 3401 988 perpessi,
3440 919 3551 973 vir.-

303 1027 438 1082 ἀλλά
478 1028 572 1081 καὶ
615 1027 754 1097 ὑπὲρ
794 1024 889 1079 τοῦ
933 1025 1132 1088 παντὸς
1153 1022 1284 1077 λαοῦ
1325 1024 1391 1076 ἐκ
1431 1021 1627 1093 βάθους
1657 1019 1881 1092 καρδίας

1998 1021 2105 1067 tute
2131 1019 2347 1082 patrum
2375 1018 2689 1066 nostrorum
2712 1010 2914 1074 ornati,
2947 1024 3234 1080 precamur
3254 1018 3314 1064 ut
3341 1010 3554 1065 illorum

305 1117 442 1188 πρὸς
466 1116 558 1170 τὸν
580 1115 709 1169 Θεὸν
734 1114 966 1168 ἔστενον.
1001 1113 1093 1166 Διὸ
1111 1112 1386 1165 λέλεκται·
1423 1108 1756 1163 Είσελθέτω
1782 1105 1880 1159 ὲν-

1998 1104 2161 1175 gratia
2180 1102 2616 1159 misericordiam
2636 1116 3061 1173 consequamur.
3089 1100 3269 1167 Quare
3290 1100 3553 1157 dicimus:

301 1207 488 1263 ώπιόν
522 1224 638 1263 σου
672 1211 707 1262 ὀ
733 1205 1067 1276 στεναγμὸς
1103 1202 1222 1258 τῶν
1252 1201 1693 1271 πεπεδημένων.
1727 1198 1886 1262 Τίνες

1998 1194 2347 1248 Patrocinare
2375 1192 2505 1262 ﬁliis
2527 1192 2840 1247 occisarum.

301 1301 359 1355 δέ
389 1304 493 1356 εἱσι
521 1302 571 1356 oi
599 1301 769 1355 ταῦτα
810 1300 1182 1371 διδασκόμενοι
1224 1297 1424 1366 λέγειν,
1475 1295 1599 1366 ἑξῆς
1627 1292 1918 1366 παρίστησι
1981 1289 2238 1358 φάσκων·
2281 1287 2668 1355 Περιποίησαι
2700 1285 2846 1353 τοὺς
2889 1285 3058 1351 υἱοὺς
3085 1284 3204 1339 τῶν
3235 1287 3559 1340 τεθανατω-

297 1392 514 1463 μένων.
558 1394 747 1465 Ἡμεῖς
779 1392 876 1464 μὲν
925 1391 1033 1463 γὰρ
1092 1390 1154 1443 οὐ
1210 1387 1593 1460 κατηξιωμεθα
1630 1386 1790 1458 μέχρι
1852 1382 2080 1436 θανάτου
2113 1378 2505 1447 ἀγωνίσασθαι,
2543 1378 2664 1431 οὺδέ
2706 1378 2844 1449 ὑπὲρ
2886 1376 3021 1431 Θεοῦ
3058 1376 3294 1431 κενῶσαι
3322 1377 3391 1431 τὰ
3430 1378 3559 1432 ἐαυ’

302 1488 411 1543 τῶν
436 1490 641 1562 αἵματα
660 1508 672 1520 ·
702 1489 816 1543 ἀλλ’
847 1486 1031 1558 ἐπειδὴ
1057 1485 1163 1540 τῶν
1183 1484 1354 1538 ταῦτα
1380 1483 1724 1537 πεπονθότων
1751 1478 1918 1550 ἐσμὲν
1955 1477 2079 1541 uici,
2111 1473 2496 1545 σεμνυνόμενοι
2540 1473 2631 1526 ἐπὶ
2664 1475 2729 1543 τῇ
2774 1471 2883 1562 τῶν
2926 1471 3176 1526 πατέοων
3230 1471 3419 1543 ἀρετῇ,
3445 1470 3560 1525 δεό-

306 1583 447 1654 μεθα
472 1560 539 1635 δι’
574 1581 813 1644 ἐκείνους
864 1577 1167 1650 ἐλεηθῆναι.
1215 1575 1308 1628 Διό
1339 1592 1517 1645 φαμεν
1538 1593 1551 1605 ·
1584 1571 1969 1641 Περιποίησαι
1998 1564 2138 1631 τοὺς
2157 1564 2330 1630 υἱοὺς
2359 1562 2479 1616 τῶν
2504 1560 3010 1631 τεθανατωμένων.

371 1673 612 1739 Ἀπόδος
623 1674 745 1739 τοῖς
757 1671 1021 1741 γείτοσιν
1032 1673 1070 1739 ἡ
1071 1671 1200 1741 μῶν
1213 1668 1666 1725 ἑπταπλασίονα
1679 1668 1766 1731 εἰς
1778 1662 1886 1717 τὸν

2060 1655 2227 1711 Vens.
2274 1655 2459 1709 12-14.
2501 1653 2676 1710 Redde
2710 1655 2890 1708 vicinis
2927 1653 3122 1707 nostris
3164 1654 3458 1723 septuplum
3500 1656 3560 1711 in

307 1766 541 1822 κόλπον
555 1767 628 1819 αὑ
635 1763 771 1827 τῶν,
783 1763 891 1818 τὸν
901 1763 1239 1834 ὀνειδισμὸν
1248 1761 1466 1826 αὐτῶν,
1484 1759 1557 1814 δν
1568 1755 1886 1813 ὠνείδισάν

1998 1750 2112 1805 sinu
2138 1765 2340 1812 eorum,
2366 1748 2743 1817 improperium
2784 1746 3037 1814 ipsorum,
3060 1744 3199 1816 quod
3222 1746 3563 1816 exprobrave-

309 1877 405 1927 σε,
434 1863 628 1931 Κύριε.
658 1861 848 1932 Ἡμεῖς
873 1860 941 1915 δὲ
966 1862 1117 1927 λαός
1144 1877 1261 1915 σου
1283 1859 1381 1915 καὶ
1410 1858 1675 1926 πρόϐατα
1698 1853 1889 1926 νομῆς

1998 1852 2113 1896 runt
2141 1842 2255 1908 tibi,
2297 1840 2538 1895 Domine.
2577 1838 2693 1894 Nos
2728 1848 2901 1892 autem
2940 1838 3164 1907 populus
3202 1848 3321 1893 tuus
3365 1850 3415 1895 et
3444 1858 3560 1897 oves

309 1967 446 2018 σου,
463 1951 1061 2022 ἀνθομολογησάμωά
1081 1967 1180 2006 σοι
1205 1953 1292 2017 εἰς
1311 1949 1417 2005 τὸν
1437 1948 1638 2004 αἰῶνα.
1667 1952 1771 2016 Εἰς
1792 1966 1887 2020 γε·

1998 1950 2204 2001 pascuae
2225 1943 2348 1999 tum,
2374 1931 2739 2004 conﬁtebimur
2764 1931 2858 2011 tibi
2877 1931 2931 1984 in
2958 1931 3232 1985 saeculum.
3250 1931 3317 1987 In
3344 1949 3561 2004 genera-

309 2044 456 2098 νεὰν
483 2044 582 2098 καί
615 2044 828 2114 γενεὰν
861 2043 1303 2114 ἐξαγγελοῦμεν
1326 2044 1439 2111 τὴν
1466 2043 1708 2097 αῑνεσίν
1742 2058 1881 2097 σου.

1998 2030 2185 2083 tionem
2203 2038 2253 2083 et
2275 2028 2663 2099 generationem
2691 2023 3127 2079 annuntiabimus
3152 2024 3361 2080 tandem
3391 2036 3558 2083 (nam.

322 2135 497 2205 Ἦμᾶς
515 2134 614 2206 μὲν
656 2132 1025 2206 περιποιῆσαι,
1052 2132 1100 2186 εί
1132 2134 1225 2187 καὶ
1260 2132 1335 2204 μὴ
1370 2132 1436 2186 δι’
1464 2134 1630 2204 ἡμᾶς,
1654 2132 1787 2197 ἀλλά
1801 2131 1889 2186 διὰ

309 2226 435 2289 τοὺς
465 2225 723 2297 πατέρας.
754 2226 878 2288 Τοῖς
920 2225 976 2279 δὲ
1016 2224 1251 2294 γείτοσιν
1294 2225 1471 2297 ἡμῶν,
1511 2224 1752 2278 τουτέστι
1776 2227 1889 2290 τοῖς

311 2319 576 2371 ἐπανιστα
582 2317 762 2389 μένοις
782 2318 912 2389 ἡμῖν
929 2318 1022 2372 καὶ
1035 2318 1126 2371 τὸν
1139 2316 1259 2371 καθ’
1276 2319 1309 2389 ἡ
1316 2317 1431 2388 μῶν
1449 2317 1575 2371 πόλε
1584 2334 1680 2388 μον
1695 2317 1890 2388 διεγεί-

310 2425 515 2481 ρουσιν,
564 2410 760 2475 ἀπόδος
815 2408 883 2463 τά
937 2408 1230 2480 ἀμοιὸαἴα’,
1279 2409 1724 2475 πολυπλασιάζων
1789 2411 1890 2482 τὴν

307 2502 663 2574 ὀφειλομένην
687 2503 871 2566 αὐτοῖς
918 2502 1059 2573 ὑπὲρ
1110 2494 1185 2555 ὧν
1216 2501 1449 2573 ἔδρασαν
1479 2502 1768 2574 τιμωρίαν,
1813 2504 1888 2576 μὴ

307 2598 423 2660 τοῖς
452 2594 571 2649 καθ’
602 2595 758 2667 ἡμῶν
786 2594 1147 2667 ἀρκεσθέντες
1176 2597 1385 2659 κακοῖς,
1420 2595 1533 2649 ἀλλ’
1564 2596 1664 2667 ἤδη
1702 2596 1797 2650 καὶ
1830 2597 1889 2649 σὲ

309 2686 403 2741 τὸν
432 2687 524 2740 ἐπὶ
552 2688 770 2741 πάντων
791 2685 995 2757 Κύριον
1024 2686 1363 2757 βλασφήμοις
1395 2688 1490 2740 καὶ
1522 2688 1892 2753 όνειδιστικοῖς

312 2779 726 2852 περιϐάλλοντες
757 2778 955 2848 λόγοις.
993 2778 1133 2832 Ἀλλ’
1162 2779 1388 2843 ἐκείνοις
1410 2779 1530 2851 μὲν,
1560 2782 1745 2852 φησὶν,
1767 2782 1895 2835 ἀπό-

309 2870 402 2935 δος
439 2871 536 2943 τὴν
567 2871 723 2939 ἀξίαν
764 2872 1033 2943 τιμωρίαν
1062 2868 1196 2942 πρὸς
1224 2869 1489 2940 ὠφελείας
1529 2870 1707 2924 αὐτῶν
1733 2889 1893 2943 γενη-

313 2960 568 3033 σομένην,
587 2962 1061 3034 ἐπιστρεφομένων
1084 2961 1177 3015 καὶ
1213 2960 1689 3034 σωφρονιζομένων
1711 2963 1777 3016 δι’
1804 2964 1894 3017 αύ-

311 3052 433 3123 τῆς·
462 3053 610 3123 ἡμᾶς
632 3052 689 3105 δὲ
719 3051 878 3117 σῶζε,
915 3053 1040 3115 τοὺς
1068 3052 1218 3116 υἱοὺς
1254 3051 1362 3106 τῶν
1389 3053 1847 3125 τεθανατωμένων
1872 3071 1887 3086 ·

313 3143 388 3208 οἳ,
435 3145 484 3197 εί
526 3142 618 3197 καὶ
660 3143 735 3214 μὴ
776 3145 886 3206 τοῖς
930 3143 1166 3216 πατράσι
1198 3144 1499 3216 γεγόναμεν
1539 3145 1735 3215 ὅμοιοι,
1775 3146 1888 3199 ἀλλ’

313 3235 465 3305 ὅμως
495 3251 586 3288 σου
635 3235 971 3307 τυγχάνομεν
1002 3236 1129 3301 λαὸς
1161 3238 1255 3291 καὶ
1292 3236 1393 3307 τῆς
1431 3238 1529 3311 σῆς
1556 3237 1728 3309 νομῆς
1759 3239 1891 3311 πρό-

314 3323 485 3379 ϐατα·
530 3323 610 3378 διὸ
652 3324 1256 3395 ἁνθομολογησόμεθά
1291 3342 1389 3380 σοι
1424 3328 1512 3393 είς
1542 3327 1646 3380 τὸν
1676 3325 1889 3392 αἰῶνα,

313 3414 761 3488 εὐχαριστοῦντες
776 3417 972 3490 δηλαδὴ
993 3419 1087 3472 καὶ
1105 3418 1230 3482 τοὺς
1253 3418 1558 3492 πρέποντας
1581 3417 1782 3489 ὕμνους
1798 3418 1892 3472 καὶ

311 3506 617 3576 δοξολογίας
636 3509 775 3580 ὑπὲρ
790 3502 864 3563 ὧν
883 3505 940 3563 εὖ
965 3508 1309 3581 πεπόνθαμεν
1328 3510 1409 3563 σοὶ
1430 3508 1506 3580 τῷ
1520 3510 1734 3563 πάντων
1754 3510 1889 3579 ἀγα-

313 3599 425 3655 θῶν
459 3601 644 3672 δοτῆρι
681 3600 800 3671 Θεῷ
821 3602 1254 3673 ἀναπέμποντες.
1286 3602 1512 3673 Ἐφεξῆς
1542 3618 1600 3654 τε
1621 3602 1769 3657 κατὰ
1796 3620 1890 3673 γε·

311 3694 463 3749 νεὰν
492 3693 593 3747 καὶ
629 3694 841 3763 γενεὰν
871 3694 1313 3765 ἐξαγγελοῦμεν
1355 3693 1471 3762 τὴν
1504 3693 1743 3750 αἵνεσίν
1773 3711 1890 3751 σου

314 3784 504 3838 παισὶν
522 3784 813 3856 ἡμετέροις
828 3784 920 3838 καὶ
940 3784 1143 3838 παίδων
1159 3785 1336 3849 παισὶ,
1352 3785 1615 3856 διαδόχοις
1635 3803 1694 3839 τε
1713 3785 1890 3839 αὐτῶν

311 3878 427 3940 τοῖς
457 3875 596 3947 μετά
630 3874 801 3929 ταῦτα
821 3876 1224 3948 γενησομένοις,
1247 3874 1437 3948 ὥσπερ
1457 3876 1659 3945 ἀγαθὸν
1692 3877 1892 3950 κλῆρον

312 3963 731 4037 παραδώσοντες
761 3963 861 4034 τῆς
894 3964 1152 4029 αἰνέσεως
1190 3963 1259 4018 τά
1298 3967 1540 4037 σωτήρια
1572 3967 1886 4038 μαθήματα.

312 4078 421 4133 ΕΙΣ
456 4078 544 4131 ΤΟ
568 4078 815 4149 ΤΕΛΟΣ,
831 4078 1013 4149 ΥΠΕΡ
1038 4079 1173 4132 ΤΩΝ
1195 4079 1888 4149 ΑΛΛΟΙΩΘΗΣΟΜΕΝΩΝ,

763 4148 1165 4202 ΜΑΡΤΥΡιυΝ
1195 4149 1283 4220 τᾳ
1308 4150 1501 4203 asas.

988 4258 994 4264 ‘
1075 4242 1194 4296 08'.

395 4351 458 4409 '0
481 4353 808 4425 ποιμαίνων
840 4354 947 4408 τὸν
985 4355 1243 4425 Ἰσραὴλ,
1276 4358 1561 4428 πρόσχες,
1596 4361 1629 4413 ὁ
1663 4357 1894 4430 ὁδηγῶν

311 4441 464 4501 ὤσει
493 4447 790 4513 πρόϐατον
813 4445 919 4499 τὸν
958 4446 1190 4519 Ἰωσήφ.
1219 4449 1493 4522 Τέσσαρές
1522 4452 1659 4505 εἰσιν
1689 4452 1736 4506 οἱ
1775 4454 1894 4505 ἐπι-

1990 2119 2158 2176 Nobis
2188 2119 2550 2192 patrocinare,
2584 2117 2689 2174 etsi
2720 2133 2826 2171 non
2865 2117 3040 2172 nostri
3083 2132 3274 2183 causa,
3310 2118 3406 2173 sed
3435 2133 3563 2188 pro-

1991 2221 2114 2284 pter
2143 2220 2327 2284 patres
2360 2220 2600 2268 nostros.
2627 2209 2833 2266 Vicinis
2862 2226 2990 2267 vero
3017 2209 3245 2274 nostris,
3280 2209 3335 2264 id
3359 2218 3445 2265 est
3489 2210 3560 2266 iis

1989 2306 2085 2376 qui
2114 2306 2406 2375 insurgunt
2430 2305 2483 2359 in
2516 2320 2638 2369 nos,
2671 2304 2937 2374 nobisque
2966 2303 3167 2359 bellum
3199 2312 3443 2371 movent,
3478 2304 3563 2357 vi-

1992 2412 2084 2453 ces
2122 2397 2415 2458 retribuas,
2450 2396 2818 2467 multiplicans
2871 2396 3003 2451 illud
3032 2397 3335 2452 sceleribus
3374 2411 3564 2451 eorum

1993 2489 2235 2544 debitum
2276 2488 2626 2559 supplicium.
2674 2487 2792 2543 Non
2843 2497 2928 2543 sat
2981 2490 3091 2544 illis
3146 2489 3246 2544 fuit
3293 2491 3434 2545 mala
3477 2493 3563 2544 in-

1994 2580 2202 2638 ﬂixisse
2246 2582 2441 2648 nobis;
2472 2580 2568 2636 sed
2613 2591 2665 2636 te
2704 2596 2924 2651 quoque
2954 2583 3335 2637 universorum
3390 2582 3566 2637 Domi-

1994 2690 2126 2728 num
2156 2672 2492 2744 blasphemis
2537 2680 2590 2727 ct
2635 2673 3047 2729 contumeliosis
3075 2673 3239 2729 dictis
3283 2674 3569 2744 impetive-

1996 2776 2144 2822 runt.
2174 2765 2375 2822 Verum
2417 2765 2525 2820 illis
2573 2765 2641 2820 ad
2684 2766 2972 2820 utilitatem
3023 2780 3178 2820 suam
3211 2765 3566 2836 promeritum

1993 2861 2162 2917 redde
2212 2859 2583 2930 supplicium;
2633 2859 2708 2914 ita
2756 2868 2817 2913 ut
2859 2874 2927 2915 eo
2967 2867 3360 2915 convertantur
3399 2870 3455 2915 ct
3499 2860 3566 2914 ad

1995 2953 2277 3008 meliorem
2318 2966 2376 3007 se
2415 2952 2623 3020 frugem
2656 2951 2957 3022 recipiant;
2990 2968 3091 3009 nos
3129 2962 3307 3010 autem
3355 2954 3568 3008 occiso-

1992 3061 2114 3101 rum
2154 3046 2315 3112 lllios,
2341 3045 2516 3101 salute
2554 3045 2717 3109 dona,
2759 3045 2877 3116 qui,
2915 3044 3126 3101 etiamsi
3163 3062 3272 3100 non
3319 3044 3569 3116 patribus

1997 3141 2204 3196 similes
2238 3140 2525 3207 fuerimus,
2573 3148 2813 3195 attamen
2846 3141 3079 3211 populus
3120 3147 3250 3196 tuus
3292 3156 3482 3196 sumus
3514 3149 3568 3195 et

1999 3251 2127 3291 oves
2160 3251 2376 3307 pascua;
2411 3242 2549 3301 tum;
2580 3250 2747 3306 quare
2791 3234 3157 3305 conﬁtebimur
3190 3235 3285 3288 tibi
3318 3236 3371 3288 in
3398 3249 3570 3288 saecu-

1999 3325 2138 3391 lum,
2181 3328 2388 3398 gratias
2444 3329 2655 3382 scibcet
2706 3335 2931 3398 agentes
2967 3327 3289 3398 debitosque
3341 3327 3573 3398 hymnos

1996 3424 2052 3472 et
2075 3417 2264 3473 laudes
2292 3432 2391 3488 pro
2420 3418 2661 3488 acceptis
2684 3418 2967 3475 beneﬂciis
2997 3418 3097 3472 tibi
3123 3419 3367 3472 omnium
3402 3418 3572 3473 bono-

1998 3525 2120 3565 rum
2151 3510 2397 3581 largitori
2435 3509 2548 3566 Deo
2580 3511 2914 3566 emittentes.
2954 3510 3221 3581 Deinceps
3252 3525 3379 3565 vero
3411 3511 3464 3563 in
3489 3527 3572 3581 ge-

1998 3604 2320 3658 nerationem
2363 3613 2413 3658 et
2450 3603 2840 3674 generationem
2890 3603 3328 3659 annuntiabimus
3358 3602 3571 3657 laudem

1998 3706 2147 3751 tuam
2178 3697 2304 3753 ﬁliis
2330 3698 2559 3762 nostris,
2592 3696 2718 3754 [iliis
2743 3696 2977 3752 ﬁliorum
3011 3707 3065 3752 et
3088 3712 3278 3753 eorum
3311 3697 3567 3767 posteris,

1998 3789 2294 3845 salutarem
2349 3788 2526 3846 laudis
2579 3797 2686 3845 tum
2739 3790 3107 3862 disciplinam,
3158 3805 3260 3846 ceu
3313 3790 3572 3861 optimam

1998 3891 2225 3949 sortem,
2255 3883 2555 3938 tradentes.

1999 4081 2050 4134 1.
2087 4077 2155 4134 IN
2198 4078 2429 4140 FINEM.
2468 4079 2605 4135 PRO
2640 4078 2728 4134 llS
2760 4078 2879 4147 QUI
2920 4078 3570 4147 COMMUTABUNTUR,

2399 4148 2882 4208 TESTIMONIUM
2911 4151 3159 4207 ASAPH.

2667 4241 2907 4299 LXXIX.

2070 4357 2239 4414 Vens.
2275 4357 2330 4412 2.
2374 4357 2479 4425 Qui
2502 4358 2679 4428 pascis
2722 4357 2919 4423 Israel,
2954 4359 3185 4424 intende,
3225 4361 3316 4431 qui
3359 4360 3573 4414 deducis

1999 4451 2135 4506 velut
2179 4467 2323 4504 ovem
2350 4449 2567 4520 Ioseph.
2599 4450 2842 4518 Quatuor
2883 4460 3013 4506 sunt
3042 4451 3316 4522 inscripti,
3348 4452 3457 4527 Pro
3506 4455 3573 4507 iis

315 4536 694 4609 γεγραμμένοι
711 4578 726 4604 ,
766 4536 933 4607 ’Υπὲρ
989 4535 1105 4592 τῶν
1147 4540 1749 4613 ἀλλοιωθησομένων·
1805 4541 1892 4596 δύο

1998 4544 2089 4614 qui
2125 4542 2625 4607 commutabantur;
2675 4544 2784 4599 duo
2821 4543 3041 4615 quidem
3094 4543 3337 4609 Davidis,
3388 4561 3480 4601 ιιι
3522 4554 3576 4600 ct
3620 4599 3624 4602 .

318 4628 419 4697 μὲν
449 4626 546 4681 τοῦ
569 4628 752 4693 Δαυῖδ,
778 4631 807 4684 6
829 4629 905 4684 νθ⁹
933 4632 1025 4685 καὶ
1055 4633 1084 4684 6
1108 4631 1209 4705 Eq’,
1231 4633 1338 4687 τῶν
1375 4635 1432 4688 δὲ
1460 4634 1592 4689 υίῶν
1622 4635 1768 4708 Κορὲ
1795 4631 1896 4701 εἷς,

274 4745 279 4750 ’
317 4722 348 4774 6
381 4720 491 4792 μδ⁷,
525 4720 620 4774 καὶ
665 4720 759 4775 τοῦ
804 4722 974 4794 Ἀσάφ
1024 4723 1283 4789 ὡσαύτως
1312 4727 1341 4779 6
1409 4726 1546 4798 μετά
1598 4730 1801 4800 χεῖρας.
1839 4728 1899 4785 ’0

323 4810 420 4881 μὲν
455 4805 548 4864 οὖν
575 4810 650 4865 νϐ’
690 4812 1004 4867 ἀπόπτωσιν
1032 4814 1125 4868 τοῦ
1172 4815 1438 4871 Ἰουδαίων
1480 4818 1664 4884 ἔθνους
1711 4820 1898 4892 ἐδήλου

322 4904 415 4958 καὶ
464 4904 652 4977 κλῆσιν
688 4905 880 4960 ἐθνῶν·
917 4905 1069 4976 ἔλεγε
1097 4906 1143 4959 δ’
1171 4904 1264 4962 οὖν
1297 4910 1613 4982 ἀρχόμενος,
1652 4910 1707 4964 '0
1732 4912 1897 4980 Θεὸς,

322 4998 544 5053 ἀπώσω
580 4998 756 5070 ἡμᾶς,
802 4999 901 5053 καὶ
939 5000 1210 5069 καθείὶες
1242 5001 1419 5072 ἡμᾶς,
1455 5003 1774 5073 ὠργίσθης,
1805 5003 1902 5058 καὶ

323 5090 394 5145 τὰ
421 5090 634 5155 τούτοις
658 5090 801 5163 ἑξῆς.
835 5087 969 5145 Εἶτα
1013 5091 1238 5165 προῖὼν,
1285 5093 1485 5164 ἐπῆγε·
1515 5095 1693 5149 Μωὰϐ
1719 5095 1902 5164 λέϐης

325 5182 437 5259 τῆς
474 5183 722 5251 ἐλπίδος
745 5202 885 5254 μου.
924 5185 1048 5240 Ἐπὶ
1079 5184 1195 5253 τὴν
1235 5185 1563 5257 Ἰδουμαίαν
1584 5188 1801 5243 ἐκτενῶ
1833 5188 1901 5243 τὸ

326 5273 608 5346 ὑπόδημα
625 5294 765 5346 μου,
785 5275 913 5345 ἐμοὶ
939 5276 1279 5346 ἀλλόφυλοι
1307 5277 1630 5347 ἑφιλίασαν
1646 5297 1661 5311 ·
1688 5280 1743 5351 ἢ,
1766 5283 1903 5337 ὑπε-

328 5369 619 5438 τάγησαν.
637 5368 907 5433 Ὡσαύτως
939 5370 1033 5423 καὶ
1064 5370 1093 5422 6
1120 5367 1222 5443 ξη’,
1239 5370 1419 5441 ’Υπὲρ
1442 5371 1558 5425 τῶν
1570 5372 1900 5444 ἀλλοιωθη-

329 5459 605 5528 σομένων
631 5461 1124 5533 ἐπιγεγραμμένος,
1144 5460 1211 5516 τά
1242 5462 1389 5534 πάθη
1415 5461 1509 5517 τοῦ
1534 5465 1779 5536 Σωτῆρος
1807 5467 1901 5520 καὶ

330 5546 427 5620 τὴν
460 5547 556 5602 τοῦ
593 5548 807 5622 Ἰσραὴλ
835 5552 1103 5625 ἀποϐολὴν
1138 5554 1433 5625 παρίστησι
1470 5553 1674 5624 λέγων·
1715 5559 1905 5625 Γενη-

334 5639 489 5706 θήτω
517 5640 556 5710 ἠ
584 5640 835 5712 τράπεζα
856 5644 1054 5698 αὐτῶν
1076 5644 1331 5700 ἐνώπιον
1353 5645 1550 5702 αὐτῶν
1572 5649 1658 5713 εἰς
1685 5649 1903 5717 παγίδα

336 5731 435 5784 καί
471 5735 555 5800 είς
593 5734 994 5790 ἀνταπόδοσιν
1024 5737 1122 5791 καὶ
1160 5739 1248 5803 εις
1289 5737 1657 5794 σκάνδαλον.
1711 5742 1902 5793 Σκοτι-

337 5819 656 5888 σθήτωσαν
705 5829 759 5883 οἱ
796 5827 1084 5898 ὀφθαλμοὶ
1134 5828 1331 5885 αὐτῶν
1368 5828 1471 5885 τοῦ
1497 5827 1584 5900 μὴ
1622 5828 1903 5901 βλέπειν,

1773 6086 1804 6121 δ

2000 4650 2192 4699 vam,
2233 4634 2467 4691 ﬁliorum
2497 4635 2637 4691 Core
2687 4652 2850 4699 unus,
2886 4651 3033 4699 XLIV,
3072 4635 3276 4706 Asapbi
3314 4637 3441 4692 item
3486 4636 3580 4693 bic

2000 4744 2159 4799 quem
2208 4736 2529 4785 tractamus.
2579 4726 3076 4799 Quinquagesimus
3132 4745 3310 4785 nonus
3363 4729 3578 4799 lapsum

1998 4820 2209 4876 Judaici
2246 4816 2429 4892 populi
2459 4829 2514 4877 et
2542 4822 2881 4877 vocationem
2921 4821 3165 4890 gentium
3200 4821 3577 4892 signiﬁcabat.

2000 4914 2087 4969 bis
2118 4914 2299 4969 verbis
2338 4928 2502 4969 orsus
2531 4933 2543 4968 :
2581 4913 2740 4979 Deus,
2782 4913 3022 4982 repulistt'
3065 4930 3159 4969 nos
3183 4924 3233 4968 et
3266 4912 3580 4969 destruxisti

2000 5022 2119 5071 nos,
2155 5006 2325 5060 iratus
2364 5022 2441 5068 es,
2477 5015 2531 5061 ct
2563 5015 2758 5061 caetera
2784 5023 2904 5077 qua:
2938 5015 3263 5078 sequuntur.
3303 5005 3418 5063 Sub
3462 5007 3580 5060 haec

2001 5113 2182 5155 autem
2220 5118 2234 5154 :
2271 5097 2431 5153 Moab
2470 5098 2606 5154 lebes
2637 5100 2745 5168 spei
2771 5117 2914 5155 mete.
2952 5100 3024 5154 In
3058 5099 3357 5155 Idumwam
3398 5109 3579 5154 exteras

2001 5192 2125 5244 dant
2168 5190 2577 5244 calceamentum
2611 5207 2778 5244 meum
2798 5206 2817 5255 ;
2853 5190 2983 5244 mihi
3007 5191 3260 5261 allophyli
3298 5190 3457 5244 amici
3488 5188 3576 5257 [a-

2002 5277 2074 5329 cti
2094 5285 2248 5341 sunt,
2278 5276 2412 5338 sive,
2447 5275 2645 5330 subditi
2666 5287 2810 5334 sunt.
2844 5275 3107 5344 Similiter
3132 5290 3326 5339 vam,
3360 5273 3466 5325 Pro
3506 5272 3575 5325 iis

2000 5370 2089 5439 qui
2119 5355 2585 5422 committebantur
2618 5371 2934 5440 inscriptus,
2985 5368 3264 5425 cruciatus
3314 5363 3576 5418 Servato‘

2003 5463 2083 5517 ris
2133 5473 2189 5517 et
2246 5459 2463 5517 lsraelis
2507 5461 2865 5531 abjectionem
2918 5462 3165 5517 declarat
3216 5456 3300 5510 bis
3346 5454 3570 5510 verbis;

2006 5555 2132 5610 Fiat
2162 5573 2341 5610 mensa
2369 5573 2550 5610 eorum
2583 5573 2761 5610 coram
2792 5557 2919 5626 ipsis
2955 5556 3006 5608 in
3039 5553 3305 5620 laqueum,
3337 5558 3386 5602 et
3419 5548 3471 5602 in
3504 5564 3575 5603 rc-

2004 5649 2342 5704 tributionem
2378 5658 2429 5703 et
2456 5651 2510 5702 in
2553 5648 2888 5705 scandalum.
2930 5644 3288 5700 Obscurentur
3312 5642 3452 5694 oculi
3487 5655 3578 5695 eo-

2004 5759 2121 5796 rum
2164 5758 2227 5795 ne
2268 5742 2498 5807 videant,
2537 5752 2585 5796 et
2632 5743 2851 5795 dorsum
2881 5752 3061 5791 eorum
3100 5748 3301 5801 semper
3340 5735 3578 5788 incurva.

2005 5832 2234 5906 E/funde
2253 5849 2406 5904 super
2434 5851 2519 5889 eos
2550 5836 2686 5889 iram
2721 5843 2888 5897 tuam,
2921 5840 2971 5885 et
3004 5828 3153 5899 {uror
3176 5829 3271 5884 irw
3302 5839 3405 5884 tuw
3434 5843 3576 5883 ιοηιο
