4008 6210
467 322 567 380 931

1139 317 1411 374 EUSEBII
1459 311 1947 371 CESARIENSIS
1983 307 2135 366 OPP.
2181 306 2359 365 PARS
2396 307 2484 365 lll.
2524 341 2595 352 —
2631 305 3038 364 EXEGETICA.

3607 305 3721 361 952

462 434 749 508 preliendat
796 451 903 489 eos.
937 431 1065 487 Fiat
1102 432 1363 487 habitatio
1400 448 1583 488 eorum
1625 430 1854 495 deserta,
1890 436 1941 483 et
1972 426 2012 481 ir

2129 423 2228 477 καί
2279 422 2388 478 τὸν
2447 424 2641 480 νῶτον
2693 424 2881 480 αὑτὸν
2943 422 3265 489 διαπαντὸς
3324 423 3714 494 σύγκαμψον.

464 527 820 585 tabernaculis
862 543 1041 583 eorum
1079 543 1184 581 non
1228 528 1300 581 sit
1326 528 1418 598 qui
1457 525 1733 581 inhabitet.
1768 522 2032 590 Quoniam

457 637 612 694 quem
644 628 701 673 tu
724 608 1313 689 percussisti'persecuti
1342 629 1487 683 sunt,
1531 628 1582 675 et
1611 635 1766 688 super
1793 616 2030 671 dolorem

459 713 737 767 valuerunt
786 728 1021 766 meorum
1060 711 1401 766 addiderunt.
1437 711 1500 766 Ili
1546 712 1764 783 quidem
1810 708 2031 765 Davidts

457 811 608 862 sunt.
642 804 903 860 Filiorum
932 821 1063 860 vero
1104 805 1245 861 Core
1287 821 1435 869 thv,
1468 805 1558 860 cui
1590 804 1799 867 titulus.
1831 802 1938 857 Pro
1961 802 2029 857 iis

455 897 549 963 qui
600 898 1103 967 comrnutabuntur,
1158 900 1432 954 canticum
1484 913 1587 969 pro
1642 897 1850 952 Dilecto
1892 895 2030 951 emi-

457 989 551 1052 sit,
605 989 764 1059 cujus
820 989 1111 1046 adventum
1164 991 1490 1060 vaticinans,
1538 990 1877 1045 vocationem
1927 988 2030 1042 Ec-

455 1079 638 1135 clesia:
674 1097 738 1135 ex
773 1081 1030 1152 gentibus
1072 1080 1301 1148 addidit,
1330 1082 1433 1137 hoc
1454 1096 1573 1136 eam
1598 1079 1760 1136 modo
1788 1079 2031 1136 subindt-

454 1186 590 1228 cans
621 1193 633 1227 :
659 1173 822 1238 Audi,
867 1174 1006 1244 ﬁlia,
1040 1183 1091 1229 et
1122 1174 1257 1240 vide,
1306 1185 1355 1229 et
1390 1175 1591 1230 inclina
1643 1191 1826 1229 aurem
1857 1183 2024 1236 tuam,

451 1274 503 1316 et
532 1262 836 1321 obliviscere
853 1267 1105 1336 populum
1137 1278 1280 1322 tuum
1307 1276 1355 1323 et
1387 1267 1602 1322 domum
1623 1269 1790 1339 patris
1821 1268 1921 1323 tui.
1958 1266 2025 1320 Et

451 1360 781 1428 concupiscet
812 1375 906 1414 rea:
932 1360 1170 1415 decorem
1197 1370 1365 1426 tuum,
1388 1363 1637 1433 quoniam
1672 1364 1782 1431 ipse
1807 1370 1885 1416 est
1913 1359 2027 1415 Do.

449 1455 626 1509 minus
655 1462 797 1517 tuus,
828 1462 878 1507 et
915 1452 1372 1519 adorabunteum,
1402 1454 1519 1519 ﬁlia
1556 1454 1682 1524 Tyri
1708 1455 1763 1507 in
1795 1453 2027 1507 muneri-

449 1548 566 1604 bus.
596 1547 799 1603 Eodem
831 1547 1015 1618 itaque
1053 1548 1215 1602 modo
1246 1547 1335 1602 hic
1373 1563 1536 1618 quem
1563 1554 1886 1610 tractamus,
1915 1546 2021 1601 Pro

447 1641 516 1696 iis
550 1641 642 1711 qui
678 1639 1141 1694 commulabuntur
1186 1639 1508 1709 inscriptus,
1547 1652 1613 1693 ac
1640 1638 1696 1692 in
1736 1636 1897 1692 linem
1938 1653 2023 1694 re-

446 1736 690 1796 mittens,
727 1732 933 1788 Christi
963 1733 1278 1797 adventum,
1309 1732 1523 1787 Judaici
1571 1732 1758 1802 populi
1787 1732 2017 1803 captivi-

447 1831 615 1880 tatem
652 1832 706 1880 et
741 1822 1241 1894 Hierosolymorum
1284 1822 1597 1878 incendium
1620 1821 1815 1893 quoda
1849 1822 2016 1894 Baby-

445 1915 612 1972 loniis
640 1916 845 1970 factum
878 1924 963 1972 est
1008 1915 1357 1985 praenuntiat.
1391 1913 1576 1968 Primo
1602 1913 1822 1985 quidem
1869 1913 2019 1969 ordi-

446 2015 537 2061 tur
566 2008 633 2062 ab
659 2008 809 2063 exitu
843 2006 1158 2063 Iudaeorum
1196 2023 1265 2062 ex
1300 2006 1557 2078 Egypto,
1595 2019 1649 2063 et
1685 2007 2019 2064 habitatione

442 2115 633 2155 eorum
680 2101 737 2155 in
791 2100 1076 2158 Palaestina
1123 2120 1137 2156 :
1182 2100 1380 2156 deinde
1432 2100 1619 2170 adjicit
1676 2100 2017 2156 obsidionem

443 2199 568 2263 post
625 2191 741 2247 haec
794 2192 863 2248 ab
910 2191 1151 2263 Assyriis
1198 2199 1253 2247 et
1300 2190 1614 2262 Babyloniis
1664 2190 1862 2245 factam
1901 2191 2016 2246 :ad

442 2284 560 2339 haec
620 2292 802 2339 autem
860 2283 1314 2355 supplicationem
1366 2281 1599 2339 etl‘undit
1652 2298 1752 2353 pro
1810 2281 2015 2339 Christi

440 2376 677 2432 adventu
731 2394 747 2432 :
799 2390 921 2447 qua:
977 2375 1289 2446 singulatim
1353 2374 1412 2430 in
1477 2374 1644 2445 hujus
1716 2375 2015 2446 prophetia:

438 2468 893 2538 interpretatione
947 2467 1388 2538 explicabuntur.
1444 2465 1605 2522 Initio
1654 2475 1834 2522 autem
1888 2483 2011 2523 eum

438 2560 533 2630 qui
578 2559 749 2629 pascit
794 2556 955 2614 Israel
1000 2558 1246 2629 psalmus
1290 2563 1480 2614 evocat
1510 2575 1526 2613 :
1551 2557 1641 2612 hic
1687 2572 1851 2629 porro
1896 2565 2013 2612 erat

435 2650 535 2705 Dei
571 2648 835 2715 Verbum,
887 2650 967 2705 uti
1005 2651 1325 2721 plerumque
1370 2648 1868 2722 comprobavimus,
1919 2649 2013 2704 de-

436 2742 713 2797 clarantcs
765 2756 875 2797 non
924 2740 1092 2796 Deum
1144 2742 1237 2813 qui
1290 2757 1458 2813 super
1502 2741 1688 2796 omnia
1733 2749 1857 2803 est,
1907 2741 2012 2796 sub

436 2834 675 2890 hominis
736 2833 904 2905 ﬁgura
963 2834 1141 2889 visum
1201 2833 1514 2889 Abrahamo
1571 2832 1779 2901 fuisse;
1836 2849 2011 2904 neque

434 2924 608 2997 Moysi
651 2925 876 2981 oracula
915 2925 1142 2991 fudisse,
1180 2941 1283 2982 nec
1332 2926 1388 2981 in
1420 2925 1633 2982 deserto
1661 2927 2010 2996 praecessisse

434 3018 732 3087 populum;
758 3017 852 3073 sed
887 3016 1033 3072 hunc
1067 3033 1178 3073 non
1205 3018 1370 3072 alium
1393 3033 1543 3085 esse,
1561 3033 1725 3089 quam
1754 3034 1878 3073 eum
1913 3020 2006 3089 qui

433 3108 488 3163 in
518 3105 807 3179 Evangelia
848 3108 982 3163 dicit
1013 3124 1025 3160 :
1063 3110 1356 3181 Antequam
1402 3109 1673 3164 Abraham
1698 3112 1877 3180 ﬁeret,
1915 3128 2008 3182 ego
2035 3127 2078 3185 ε

432 3198 649 3267 sum”;
680 3209 754 3265 et,
787 3198 1056 3254 Abraham
1076 3210 1228 3271 pater
1265 3211 1432 3256 vester
1459 3201 1743 3256 exsultavit
1776 3212 1834 3256 ut
1863 3203 2007 3259 uide-

431 3300 511 3346 ret
533 3289 672 3346 diem
702 3308 897 3358 meum,
921 3300 973 3349 et
999 3292 1213 3355 ridit,et
1235 3295 1446 3365 gavisus
1475 3304 1552 3349 est
1569 3296 1659 3350 δν.
1679 3296 1856 3365 Ipsum
1879 3312 2009 3368 ergo

426 3385 540 3451 jam
572 3393 765 3438 evocat
789 3384 980 3441 dicens
1013 3403 1028 3441 :
1063 3385 1169 3453 Qui
1185 3387 1359 3456 pascis
1395 3385 1592 3455 Israel,
1608 3388 1837 3452 intende,
1872 3398 2005 3455 ctc.,

432 3483 697 3547 rogatque
730 3486 789 3535 ut
840 3477 1092 3535 ostendat
1132 3478 1325 3534 facient
1369 3495 1524 3535 suam
1577 3495 1676 3551 pro
1731 3482 2007 3537 communi

431 3570 678 3624 omnium
724 3571 934 3639 salute,
984 3573 1389 3644 adventumque
1437 3572 1560 3643 ejus
1601 3575 2005 3644 quamprimum

430 3661 749 3732 contingere
785 3662 1060 3734 supplicat
1103 3664 1189 3723 his
1224 3665 1408 3721 verbis
1440 3681 1453 3717 :
1486 3664 1679 3720 Excita
1718 3667 2007 3736 potentiam

430 3763 599 3827 tuam,
632 3764 682 3810 et
732 3756 849 3810 oeni
878 3766 934 3810 ut
983 3758 1157 3812 salvos
1209 3758 1382 3829 facias
1414 3774 1552 3821 nos;
1583 3773 1647 3812 ac
1680 3760 1842 3814 tertio
1879 3774 2004 3815 cum

426 3843 583 3906 dicit.
611 3838 844 3899 Ostende
875 3846 1064 3916 faciem
1095 3857 1241 3903 tuam
1264 3889 1280 3914 ,
1309 3858 1361 3904 et
1383 3849 1518 3904 salvi
1545 3852 1763 3906 erimus.
1804 3850 2007 3907 Deinde

427 3948 561 3988 vero
595 3935 864 3991 adventus
891 3938 1110 3993 modum
1139 3939 1383 3995 declarat
1404 3940 1595 3997 dicens
1620 3957 1635 3994 :
1670 3941 1797 3996 Fiat
1817 3959 2005 3997 manus

430 4035 524 4085 tua
569 4042 725 4094 super
763 4028 933 4083 virum
962 4028 1191 4087 dexterw
1220 4042 1343 4095 tuae,
1374 4040 1424 4085 et
1445 4049 1603 4102 super
1633 4034 1804 4103 ﬁlium
1835 4034 2007 4091 hami.-

428 4118 535 4181 nis,
559 4134 710 4188 quem
748 4120 1079 4189 conﬁrmasti
1109 4121 1225 4181 tibi.
1250 4122 1629 4193 lncorporeum
1660 4140 1896 4195 namque
1915 4125 2006 4181 Dei

428 4206 669 4264 Verbum
714 4221 892 4281 rogat,
929 4221 989 4265 ut
1023 4228 1120 4283 per
1166 4214 1343 4274 virum
1376 4215 1617 4271 dexterae
1650 4232 1784 4281 suae,
1828 4225 1883 4273 et
1909 4233 2007 4288 per

426 4301 625 4367 Filium
654 4306 892 4369 hominis
925 4308 1222 4367 beneﬁcam
1259 4311 1517 4369 virtutem
1558 4328 1713 4373 suam
1746 4315 2003 4376 omnibus

2137 516 2387 586 Ἕκχεον
2410 519 2502 572 ἐπ’
2527 518 2749 586 αὐτοὺς
2795 518 2910 586 τὴν
2945 517 3132 589 ὀργήν
3160 533 3299 581 σου,
3333 517 3430 576 καί
3459 521 3494 572 ὁ
3525 516 3719 587 θυμὸς

2132 609 2241 678 τῆς
2282 609 2465 682 όρής
2505 625 2622 666 σου
2666 610 2989 665 καταλάϐοι
3035 610 3278 676 αὐτούς.
3318 610 3640 679 Γενηθήτω
3672 612 3713 680 ἡ

2130 700 2387 768 ἔπαυλις
2411 700 2610 756 αὐτῶν
2637 702 3016 773 ἠρημωμένη,
3063 702 3160 756 καί
3197 703 3267 755 ἐν
3310 701 3435 768 τοῖς
3467 701 3738 769 cunni»?

2124 805 2315 865 μασιν
2337 789 2536 846 αὐτῶν
2551 790 2637 861 μὴ
2658 792 2812 846 ἔστω
2845 797 2879 847 ό
2900 791 3190 847 κατοικῶν
3210 811 3226 826 ·
3247 792 3338 846 ὅτι
3362 792 3435 846 ὃν
3459 793 3540 847 σὺ
3563 792 3715 847 ἐπά-

2130 882 2316 951 ταξας
2343 882 2731 950 κατεδίωξαν,
2764 885 2860 939 καί
2900 885 3001 939 ἐπὶ
3043 884 3112 939 τὸ
3155 884 3343 955 ἄλγος
3370 883 3489 939 τῶν
3527 877 3724 952 τραυ-’

2123 973 2328 1045 μάτων
2379 993 2500 1045 μου
2548 975 2947 1045 προσέθηκαν.
3002 969 3159 1031 Οὗτοι
3210 977 3310 1048 μὲν
3362 971 3454 1030 οὖν
3509 977 3560 1030 οἱ
3612 975 3710 1030 τοῦ

2127 1067 2307 1120 Δαυϊδ.
2326 1066 2447 1121 Τῶν
2473 1067 2530 1121 δὲ
2560 1066 2690 1121 υίῶν
2705 1068 2848 1141 Κορὲ
2873 1069 2902 1121 6
2924 1068 3025 1140 μδ’,
3042 1067 3220 1137 ’Υπὲρ
3246 1066 3363 1122 τῶν
3382 1069 3714 1136 ἀλλοιωθῆ-

2126 1156 2401 1228 σομένων
2426 1157 2525 1230 τὴν
2553 1159 2860 1231 ἐπιγραφὴν
2891 1159 3049 1230 ἔχων,
3081 1159 3221 1232 ᾠδὴν
3256 1158 3536 1229 ἀνέπεμπε
3562 1158 3710 1230 ὑπὲρ

2124 1249 2221 1304 τοῦ
2259 1249 2590 1321 Ἀγαπητοῦ,
2617 1246 2677 1306 οὗ
2714 1252 2812 1323 τὴν
2852 1250 3149 1321 παρουσίαν
3182 1238 3442 1314 θεσπίσας
3483 1250 3710 1302 ἐπισυν-

2125 1342 2264 1414 ῆπτε
2312 1342 2410 1414 τὴν
2452 1341 2642 1413 κλῆσιν
2688 1342 2787 1413 τῆς
2833 1341 2893 1406 ἐξ
2933 1340 3100 1395 ἐθνῶν
3145 1340 3467 1412 Ἐκκλησίας
3514 1340 3708 1396 τοῦτον

2125 1435 2493 1505 αἰνιττόμενος
2541 1434 2633 1491 τὸν
2682 1436 2880 1507 τρόπον
2898 1451 2912 1466 ·
2943 1436 3254 1499 Ἄκουσον,
3299 1435 3568 1503 θύγατερ,
3603 1434 3703 1487 καὶ

2123 1524 2337 1583 κλῖνον
2376 1527 2445 1582 τὸ
2486 1522 2596 1597 οὖς
2631 1542 2768 1593 σου,
2810 1526 2910 1581 καὶ
2940 1525 3226 1583 ἐπιλάθου
3256 1525 3365 1580 τοῦ
3399 1524 3551 1579 λαοῦ
3584 1540 3705 1580 σου

2124 1620 2222 1674 καί
2245 1619 2351 1674 τοῦ
2375 1621 2546 1674 οἴκου
2572 1618 2680 1674 τοῦ
2707 1620 2929 1689 πατρός
2954 1634 3091 1673 σου.
3136 1619 3245 1674 Kal
3288 1617 3640 1687 ἐπιθυμήσει
3663 1620 3703 1672 ό

2116 1712 2419 1778 ⁴βάσιλετῖις
2456 1711 2563 1766 τοῦ
2602 1710 2870 1777 κάλλους
2905 1725 3042 1777 σου,
3078 1710 3167 1765 ὅτι
3198 1710 3380 1775 αὐτός
3408 1709 3538 1762 ἐστι
3586 1708 3702 1761 Κύ-

2112 1805 2246 1874 ριός
2290 1819 2430 1870 σου,
2471 1804 2569 1858 καὶ
2615 1801 3158 1872 προσκυνήσουσιν
3204 1801 3394 1868 αὐτῷ,
3438 1798 3705 1869 θυγάτηρ

2124 1897 2311 1965 Τύρου
2343 1897 2413 1951 ἐν
2441 1896 2669 1964 δώροις.
2703 1895 2858 1949 Κατὰ
2902 1895 3013 1972 τὸν⁸
3037 1894 3199 1948 αὑτὸν
3236 1889 3328 1947 οὖν
3363 1892 3559 1965 τρόπον
3605 1892 3705 1945 καὶ

2117 1991 2146 2043 6
2175 1989 2312 2060 μετὰ
2336 1988 2718 2061 χεῖραςὙπὲρ
2756 1987 2874 2042 τῶν
2893 1987 3465 2057 ἀλλοιωθησομένων
3510 1988 3701 2054 ἐπιγε-

2116 2082 2454 2154 γραμμένος,
2505 2081 2601 2135 καί⁸
2644 2083 2724 2146 εἰς
2773 2081 2835 2135 τὸ
2871 2081 3023 2144 τέλος
3064 2080 3422 2155 ἀναπέμπων,
3460 2076 3701 2150 Χριστοῦ

2115 2172 2435 2245 παρουσίαν,
2467 2173 2560 2227 τοῦ
2588 2191 2648 2226 τε
2689 2172 2951 2227 Ἰουδαίων
2974 2171 3157 2236 ἔθνους
3196 2172 3295 2241 τὴν
3326 2168 3700 2241 αἰχμαλωσίαν

2114 2267 2208 2320 καὶ
2236 2267 2328 2319 τὸν
2355 2266 2679 2339 ἐμπρησμὸν
2705 2266 2803 2337 τῆς
2839 2265 3187 2337 Ἰερουσαλὴμ
3211 2264 3268 2317 ὃν
3296 2262 3558 2317 πέπονθεν
3590 2261 3701 2314 ὑπὸ

2114 2357 2467 2413 Βαϐυλωνίων
2509 2360 2902 2432 προαναφωνεϊ.
2955 2356 3177 2430 Πρῶτον
3209 2358 3304 2427 μὲν
3347 2351 3439 2409 οὖν
3488 2353 3699 2426 διεξέρ-

2112 2468 2266 2523 χεται
2312 2452 2412 2524 τὴν
2464 2453 2559 2507 ἀπ’
2601 2450 2876 2522 Αἰγύπτου
2918 2450 3027 2504 τῶν
3066 2449 3334 2504 Ἰουδαίων
3371 2446 3567 2512 ἔξοδον,
3600 2444 3697 2498 καὶ

2112 2544 2211 2617 τὴν
2242 2544 2555 2617 κατοίκησιν
2582 2542 2763 2599 αὐτῶν
2789 2543 2885 2613 τὴν
2908 2542 3002 2596 ἐπὶ
3046 2541 3145 2612 τῆς
3171 2539 3279 2593 τῶν
3308 2537 3696 2609 ,Παλαιστίνων

2112 2641 2248 2712 γῆς’
2289 2639 2480 2693 ἔπειτα
2527 2637 2788 2692 συνάπτει
2819 2637 2915 2707 τὴν
2951 2634 3089 2708 μετὰ
3129 2634 3302 2687 ταῦτα
3344 2629 3695 2686 εἰσελθοῦσαν

2111 2732 2293 2795 αὐτοῖς
2312 2730 2626 2798 πολιορκίαν
2642 2729 2748 2783 ὑπὸ
2775 2727 3072 2799 Ἀσσυρίων
3095 2726 3189 2780 καὶ
3205 2722 3556 2779 Βαϐυλωνίων
3597 2722 3693 2775 καίΙ

2112 2821 2249 2893 πρὸς
2277 2819 2486 2884 τούτοις
2511 2819 2789 2891 ἱκετηρίαν
2826 2817 3098 2871 ἐκτίθεται
3125 2816 3265 2887 ὑπὲρ
3295 2818 3394 2887 τῆς
3426 2812 3520 2867 τοῦ
3553 2814 3691 2884 Χρι-

2112 2912 2238 2967 στοῦ
2266 2910 2610 2983 ἐπιφανείας·
2634 2910 2807 2965 ταῦτα
2830 2910 2888 2964 δὲ
2913 2909 3055 2965 κατὰ
3081 2908 3242 2981 μέρος
3266 2905 3604 2977 δειχθήσεται
3632 2908 3692 2958 ἐν

2110 3010 2176 3079 τῇ
2197 3008 2304 3064 τῶν
2324 3006 2814 3082 προφητευομένων
2845 3003 3109 3078 ἑρμηνείᾳ
3122 3022 3135 3034 ο
3160 3001 3299 3056 κατὰ
3324 3002 3380 3056 δὲ
3398 3001 3495 3072 τὴν
3516 2999 3691 3071 ἀρχὴν

2111 3100 2457 3155 ἀνακαλεῖται
2502 3102 2531 3156 6
2563 3098 2773 3171 ψαλμδς
2811 3097 2903 3151 τὸν
2939 3094 3292 3167 ποιμαίνοντα
3324 3093 3415 3146 τὸν
3450 3091 3685 3162 Ἰσραήλ·

2111 3186 2264 3259 οὗτος
2290 3193 2348 3248 δὲ
2374 3190 2442 3265 ῆν
2475 3195 2504 3247 6
2530 3192 2625 3246 τοῦ
2654 3190 2787 3245 Θεοῦ
2809 3190 2999 3260 Λόγος,
3025 3189 3102 3252 ὼς
3135 3186 3389 3249 πολλάκις
3409 3185 3689 3249 ἀπεδείξα-

2112 3303 2211 3357 μεν
2232 3284 2622 3357 παριστῶντες,
2643 3283 2717 3355 μὴ
2738 3282 2829 3337 τὸν
2852 3281 3109 3335 ἐπέκεινα
3130 3278 3223 3333 τὸν
3246 3278 3382 3333 ὅλων
3396 3277 3527 3330 Θεὸν
3547 3276 3687 3331 εἶναι

2107 3379 2198 3434 τὸν
2219 3373 2397 3449 ὦφθαι
2417 3377 2497 3450 τῷ
2527 3375 2774 3448 Ἀϐραὰμ
2792 3379 2851 3429 ὲν
2870 3374 3061 3446 ἀνδρὸς
3092 3373 3328 3445 σχήματι
3349 3371 3687 3442 ἀναγεγραμ-

2112 3471 2291 3543 μένον,
2314 3471 2407 3525 καὶ
2424 3468 2502 3539 τῷ
2522 3469 2745 3523 Μωῦσεί
2764 3464 3243 3538 κεχρηματικέναι,
3272 3462 3365 3515 καὶ
3393 3464 3451 3516 ὲν
3475 3464 3539 3531 τῇ
3559 3461 3686 3530 ἐρή-

2111 3581 2198 3636 μῳ
2229 3560 2627 3635 προωδευκέναι
2651 3558 2745 3613 τοῦ
2763 3557 2911 3612 λαοῦ·
2943 3552 3081 3611 εἶναι
3111 3557 3169 3610 δὲ
3198 3554 3381 3609 τοῦτον
3406 3553 3682 3623 οὐδέτερον

2107 3655 2202 3709 τοῦ
2247 3655 2306 3708 ὲν
2360 3651 2715 3721 Εὐαγγελίοις
2767 3649 3075 3721 εἰρηκότος·
3119 3646 3269 3716 Πρὶν
3307 3645 3549 3712 Ἀϐραὰμ
3580 3660 3678 3712 γε-

2107 3747 2317 3803 νέσθαι
2340 3744 2453 3816 ἐγώ
2472 3746 2587 3814 εἰμι
2608 3760 2621 3773 ·
2642 3744 2758 3808 καὶ,
2785 3741 3040 3811 Ἀϐραὰμ
3060 3743 3093 3794 ό
3109 3737 3305 3807 πατὴρ
3323 3737 3480 3807 ὑμῶν
3496 3735 3683 3803 ἠγαλ-

2105 3839 2361 3896 λιάσατο
2380 3839 2480 3892 ἵνα
2502 3836 2600 3906 ἴδῃ
2623 3835 2739 3905 τὴν
2760 3834 2989 3905 ἡμέραν
3013 3833 3129 3903 τὴν
3150 3832 3325 3902 ἐμὴν,
3349 3830 3445 3883 καὶ
3463 3824 3552 3883 ἴδε
3576 3827 3683 3881 καὶ

2106 3932 2313 4003 ἐχάρη.
2372 3930 2544 3985 Αὑτὸν
2570 3929 2634 4000 δὴ
2662 3923 2755 3982 οὖν
2785 3928 2879 3982 ἐπὶ
2909 3925 3005 3980 τοῦ
3036 3926 3303 3998 παρόντος
3330 3920 3683 3980 ἀνακαλεῖται

2108 4025 2332 4094 φάσκων
2349 4039 2362 4053 ·
2380 4023 2442 4075 '0
2457 4021 2785 4091 ποιμαίνων
2798 4018 2905 4074 τὸν
2927 4016 3186 4086 Ἰσραὴλ,
3204 4018 3488 4085 πρόσχες,
3505 4013 3601 4066 καὶ
3614 4012 3689 4066 τὰ

2107 4117 2234 4189 ἑξῆς
2253 4156 2268 4181 ,
2295 4114 2556 4183 ὲπιφὰναι
2573 4131 2633 4167 τε
2656 4113 2718 4166 τὸ
2735 4112 3022 4184 πρόσωπον
3044 4108 3209 4163 αὑτοῦ
3226 4108 3362 4179 ὑπὲρ
3382 4106 3479 4177 τῆς
3498 4106 3689 4179 κοινῆς

2106 4211 2362 4266 ἁπάντων
2380 4207 2652 4279 σωτηρίας
2666 4205 2951 4272 ἀντιϐολεῖ,
2963 4205 3062 4276 τήν
3076 4220 3136 4257 τε
3151 4201 3452 4274 παρουσίαν
3466 4194 3685 4274 αὐτοῦῇ

2106 4301 2270 4372 τάχος
2310 4297 2562 4369 γενέσθαι
2602 4298 2745 4366 ἀξιοῖ
2770 4296 2827 4350 λέ
2838 4313 2941 4365 ξων
2960 4314 2975 4328 ⁸
3004 4294 3335 4365 Ἐξέγειρον
3357 4291 3471 4361 τὴν
3496 4292 3685 4346 δυνα-

424 4398 708 4469 largiatur.
756 4398 936 4459 Divini
986 4402 1171 4473 itaque
1208 4411 1262 4459 et
1290 4404 1549 4465 salutaris
1604 4406 1873 4465 adventus
1901 4408 2004 4463 hac

2113 4394 2319 4451 στείαν
2337 4409 2453 4447 σου
2467 4430 2483 4456 ,
2504 4390 2601 4445 καὶ
2621 4389 2759 4444 ἐλθὲ
2775 4429 2790 4454 ,
2806 4390 2893 4455 εἰς
2912 4387 2979 4441 τὸ
2995 4387 3191 4443 σῶσαι
3208 4384 3383 4456 ἡμᾶς.
3408 4385 3607 4456 Τρίτον
3625 4384 3687 4438 δὲ

424 4491 635 4550 ratione
682 4495 1015 4554 mentionem
1052 4493 1214 4563 fecit;
1250 4495 1468 4553 lsraelis
1500 4514 1632 4554 vero
1678 4500 1893 4556 ruinam
1926 4500 2001 4557 ita

2113 4485 2300 4563 εἰπὼν,
2328 4486 2655 4555 Ἐπίφανον
2681 4481 2747 4536 τὸ
2774 4481 3097 4551 πρόσωπόν
3116 4495 3233 4533 σου
3250 4518 3265 4543 ,
3296 4478 3685 4544 καὶσωθησό-

422 4583 753 4641 vaticinatur
787 4601 802 4637 :
833 4584 1027 4658 thuid
1053 4587 1367 4653 destruxisti
1397 4593 1682 4647 maceriam
1705 4592 1863 4662 ejus?
1893 4595 2001 4649 sci-

424 4673 551 4727 licet
571 4676 763 4738 vineae.
797 4692 960 4753 quam
1004 4694 1072 4734 ex
1120 4679 1355 4753 JEgypto
1387 4684 1688 4749 transtulit,
1725 4694 1775 4739 et
1823 4685 2002 4742 uinde-

425 4764 592 4819 miant
623 4784 738 4822 eam
770 4784 949 4824 omnes
968 4772 1059 4842 qui
1085 4773 1589 4843 prwtergrediuntur
1616 4776 1776 4837 uiam.
1803 4775 1997 4832 Exter-

397 4857 645 4911 ‘minuvit
667 4876 782 4918 eam
809 4877 934 4933 aper
970 4862 1036 4921 de
1060 4864 1193 4917 silva
1217 4904 1232 4928 ,
1262 4876 1311 4918 et
1340 4866 1627 4937 singularis
1659 4869 1802 4938 ferus
1838 4868 2000 4939 depa-

422 4956 537 5001 stus
570 4956 649 5001 est
675 4964 813 5003 eam.
839 4947 1066 5005 Incensa
1094 4952 1205 5025 igni
1231 4964 1280 5006 ct
1305 4955 1558 5024 su/fossa.
1594 4955 1717 5011 Haec
1744 4958 1812 5012 dc
1844 4958 1997 5013 vinea

424 5054 774 5111 percurrens,
797 5039 1036 5100 Judaica:
1060 5047 1237 5114 gentis
1266 5049 1626 5110 vastationem
1659 5052 1996 5120 praenuntia-

419 5136 531 5188 hat.
563 5132 694 5190 Jure
734 5136 922 5205 itaque
963 5137 1019 5191 in
1075 5138 1235 5192 titulo
1269 5140 1386 5196 lucc
1432 5140 1579 5196 dicta
1623 5142 1996 5198 testimonium

424 5235 690 5285 vocantur
722 5248 735 5283 :
761 5244 886 5282 nam
935 5230 1306 5291 testimonium
1339 5234 1454 5295 haec
1487 5236 1671 5293 futura
1695 5252 1818 5293 esse
1837 5238 1994 5294 dixit.

423 5321 580 5376 Unde
622 5320 764 5391 apud
814 5318 1203 5392 Symmachum
1246 5334 1301 5380 et
1360 5327 1650 5398 Aquilam,
1693 5329 1998 5397 testiﬁcatio

420 5412 648 5467 dicitur.
682 5411 835 5468 Illius
864 5420 1046 5467 autem
1071 5413 1213 5478 loco,
1240 5431 1336 5483 pro
1384 5418 1452 5472 iis
1475 5419 1566 5488 qui
1597 5420 1997 5481 commutabun—

419 5511 540 5569 tur,
583 5503 966 5576 Symmachus,
993 5521 1088 5576 pro
1120 5505 1341 5574 ﬂoribus
1359 5523 1379 5574 ;
1410 5510 1606 5580 Aquila
1636 5528 1785 5582 vero,
1814 5529 1909 5583 pro
1931 5513 1995 5567 li-

440 5594 529 5659 t'is,
566 5597 911 5668 interpretati
945 5607 1092 5655 sunt.
1143 5599 1569 5672 Prosperitatem
1601 5605 1866 5677 siquidem
1897 5606 1994 5663 Ju-

495 5751 540 5783 "
578 5750 729 5811 Joan.
768 5772 896 5826 vm,
938 5758 1023 5815 58.
1104 5760 1169 5791 ⁸⁸⁴
1216 5759 1345 5817 ibid.
1377 5761 1465 5817 56.

2106 4560 2278 4648 μέσα,
2299 4577 2391 4632 τὸν
2407 4577 2603 4655 τρόπον
2617 4576 2716 4648 τῆς
2738 4573 3055 4644 ἐπιφανείας
3075 4570 3400 4645 παρίστησιν
3420 4568 3548 4639 ἑξῆς
3566 4570 3685 4621 ἐπι-

2106 4671 2280 4741 λέγων
2300 4688 2314 4705 ο
2333 4669 2651 4740 Γενηθήτω
2666 4670 2704 4736 ἠ
2730 4668 2859 4738 χείρ
2873 4684 2988 4722 σου
3006 4665 3098 4719 ἐπ’
3118 4663 3306 4732 ἄνδρα
3320 4662 3524 4728 δεξιᾶς
3537 4675 3679 4726 σου,

2105 4766 2202 4818 καὶ
2231 4764 2329 4818 ἐπὶ
2356 4762 2492 4817 υἱὸν
2519 4761 2852 4830 ἀνθρώπου,
2888 4758 2960 4813 ὃν
2988 4757 3390 4828 ἐκραταίωσας
3420 4751 3677 4818 σεαυτῷ.

2106 4856 2208 4909 Τὸν
2251 4855 2360 4927 γὰρ
2388 4854 2676 4934 ἀσώματον
2706 4852 2801 4906 τοῦ
2841 4851 2974 4911 Θεοῦ
3017 4851 3186 4918 Λόγον
3213 4849 3353 4915 ἀξιοῖ
3383 4848 3452 4901 δι’
3483 4846 3680 4918 ἁνδῂ

2103 4945 2282 5021 δεξιᾶς
2304 4947 2469 5000 αὐτοῦ
2497 4947 2591 5001 καὶ
2616 4946 2703 5000 διὰ
2729 4944 2857 4999 Υἰοῦ
2888 4942 3173 5023 ἀνθρώπου
3203 4941 3301 5012 τὴν
3325 4936 3679 5011 εὐεργετικὴν

2105 5039 2269 5094 αὐτοῦ
2307 5038 2535 5112 δύναμιν
2572 5037 2916 5119 δωρήσασθαι
2945 5040 3058 5100 τοῖς
3097 5038 3249 5093 πᾶσι.
3304 5033 3419 5105 Τῆς
3454 5032 3553 5103 μὲν
3581 5027 3679 5085 οὖν

2107 5132 2373 5207 σωτηρίου
2421 5132 2739 5202 θεοφανείας
2769 5131 2868 5205 τὴν
2904 5131 3125 5205 μνήμην
3162 5127 3348 5182 τοῦτον
3378 5126 3678 5196 ἐποιήσατο

2103 5227 2194 5281 τὸν
2222 5227 2445 5299 τρόπον,
2476 5226 2574 5299 τὴν
2598 5226 2655 5279 δὲ
2676 5226 2768 5279 τοῦ
2804 5224 3018 5297 Ἰσραὴλ
3038 5223 3355 5279 ἀπόπτωσιν
3382 5220 3568 5291 ὠδέπη
3592 5218 3676 5273 Os.

2105 5321 2286 5388 σπίζει
2308 5321 2480 5391 λέγων
2498 5338 2512 5352 ⁸
2548 5321 2720 5377 Ἰνατί
2753 5319 3023 5386 καθεῖλες
3036 5318 3144 5372 τὸν
3162 5315 3430 5389 φραγμὸν
3450 5311 3675 5382 αὺτῆς;

2102 5415 2341 5488 δηλονότι
2358 5416 2457 5487 τῆς
2485 5414 2748 5486 ἀμπέλου,
2774 5412 2843 5486 ἢν
2868 5410 2929 5478 ἐξ
2944 5411 3216 5482 Αἰγύπτου
3242 5412 3543 5483 μετήγαγε,
3572 5408 3671 5461 καὶ

2103 5510 2399 5581 τρυγῶσιν
2423 5510 2617 5578 αὐτὴν
2639 5508 2861 5575 πάντες
2892 5510 2947 5562 οί
2984 5508 3530 5577 παραπορευόμενοι
3556 5506 3672 5572 τὴν

2104 5604 2263 5660 ὀδόν.
2313 5602 2683 5674 Ἐλιιμήνατο
2717 5602 2907 5672 αὐτὴν
2956 5598 3028 5668 ὗς
3063 5603 3129 5657 ἑκ
3158 5599 3400 5681 δρυμοῦ,
3434 5600 3531 5656 καί
3559 5616 3669 5671 μο-
