3996 6210
213 345 324 403 933

1377 329 1884 394 COMMENTARIA
1924 329 1991 385 IN
2029 329 2363 388 PSALMOS.

3357 324 3460 378 954

211 463 345 527 νιός
360 461 562 529 ἄκριας
576 455 1014 528 κατενεμήσατο
1032 454 1242 522 αὐτήν.
1290 448 1796 522 Ἐμπεπυρισμένη

1901 445 2143 500 αδεσπ-ηπ.
2181 446 2397 500 brevem
2443 449 2498 498 et
2529 450 2956 514 temporaneam,
2991 438 3217 492 ﬂoribus
3245 447 3300 492 et
3335 440 3464 494 liliis

211 555 286 608 ἐν
313 552 456 621 πυρὶ
487 553 584 605 καὶ
617 548 1096 618 κατεσκαμμένη.
1126 543 1311 600 Ταῦτα
1331 542 1460 614 περὶ
1484 543 1582 613 τῆς
1606 539 1785 610 ἀμπέ-

213 646 311 701 λου
336 643 579 706 διελθὼν,
600 643 699 713 τὴν
719 641 813 695 τοῦ
847 639 1116 696 Ἰουδαίων
1139 637 1325 700 ἐθνους
1357 633 1638 698 ἐθέσπιζεν
1667 633 1789 702 ἐρη-

219 736 370 810 μίαν.
427 733 666 797 Εἰκότως
707 728 799 786 οὖν
833 732 891 785 ἐν
921 733 988 800 τῇ
1035 728 1324 800 προγραφῇ
1369 722 1460 778 ml
1494 720 1788 793 μαρτύριον

215 830 479 901 κέκληται
497 826 568 880 τὰ
589 825 881 896 λεγόμεναο
911 821 1206 894 μαρτύριον
1225 818 1332 890 γὰρ
1358 816 1529 870 ταῦτα
1548 811 1786 878 ἔσεσθαι,

216 917 311 971 ml
332 914 750 988 διεμαρτύρατο.
777 912 935 967 Ὅθεν
962 910 1113 982 παρὰ
1130 908 1206 980 τῷ
1224 911 1294 962 Συ
1303 906 1503 979 μμάχῳ
1527 904 1622 958 καὶ
1640 903 1790 974 παρὰ

218 1004 296 1074 τῷ
325 1003 526 1074 ’Λκύλα
541 1002 834 1073 μαρτυρία
851 1000 1086 1072 εἴρηται.
1125 999 1269 1052 Ἀντὶ
1286 999 1342 1052 δὲ
1361 997 1476 1061 τοῦ,
1502 995 1654 1063 ὑπὲρ
1672 993 1790 1047 τῶν

218 1095 815 1163 ἀλλοιωθησομένων,
843 1095 872 1147 6
903 1093 1001 1162 μὲν
1033 1093 1345 1163 Σύμμαχος,
1373 1087 1525 1157 ὑπὲρ
1550 1086 1668 1141 τῶν
1694 1086 1792 1140 ἀν-

222 1188 363 1253 θῶν,
393 1188 423 1240 6
443 1188 501 1242 δὲ
538 1187 783 1252 Ἀκύλας,
817 1184 968 1254 ὑπὲρ
993 1184 1110 1238 τῶν
1137 1184 1372 1252 κρίνων,
1412 1173 1787 1254 ὴρμήνευσανο

221 1281 408 1338 ἄνθεσι
437 1281 530 1334 ml
554 1277 758 1350 κρίνοις
783 1277 880 1349 τὴν
908 1277 1238 1348 πρόσκαιρον
1269 1275 1474 1345 βραχὺν
1494 1271 1792 1343 γενομένην

223 1375 356 1429 ποτὲ
393 1372 488 1428 τοῦ
521 1369 784 1425 Ἰουδαίων
808 1369 993 1432 ἔθνους
1026 1366 1329 1439 εὐπραγίαν
1353 1362 1792 1435 παραϐάλλοντος

219 1468 316 1523 τοῦ
353 1467 534 1535 λόγου.
580 1465 918 1534 Ἀναπέμπει
948 1461 1083 1532 δῆτα
1123 1462 1152 1514 6
1193 1459 1484 1531 Προφήτης
1512 1454 1792 1526 ἱκετηρίαν

223 1559 360 1633 πρὸς
389 1559 482 1612 τὸν
515 1557 680 1610 πάλαι
711 1553 989 1626 ἐφορῶντα
1018 1553 1112 1606 ml
1143 1548 1542 1604 ἐπισκοποῦντα
1567 1547 1658 1600 τὸν
1695 1547 1794 1598 Ἰσ-

225 1651 368 1724 ραὴλ
384 1648 480 1703 τοῦ
495 1648 630 1702 Θεοῦ
656 1648 827 1716 Λόγον
848 1687 863 1705 .
890 1646 984 1699 ml
1011 1643 1200 1698 τοῦτον
1229 1640 1663 1711 ἀνακαλούμενός
1692 1656 1794 1709 φη-

223 1762 311 1798 σιν
330 1761 345 1774 ⁸
382 1744 436 1796 ’0
465 1742 789 1810 ποιμαίνων
810 1738 917 1792 τὸν
945 1738 1213 1805 Ἰσραὴλ,
1237 1734 1531 1803 πρόσχες·
1566 1730 1708 1784 οὕτω
1737 1729 1793 1782 δέ

220 1837 461 1892 δυσωπεῖ
493 1834 918 1904 ὑπομιμνήσκων
947 1830 1045 1900 τῆς
1079 1829 1244 1882 πάλαι
1277 1827 1438 1881 αὐτοῦ
1467 1823 1790 1892 ἐπισκοπῆς.

223 1929 350 1992 Τοῖς
373 1927 483 1995 γὰρ
517 1929 650 1992 σοῖς,
674 1924 840 1996 φησὶ,
873 1921 1152 1994 θρέμμασι
1182 1920 1413 1982 καὶτοῖς
1445 1919 1557 1980 σοῖς
1591 1914 1796 1986 προϐά-

221 2040 338 2085 τοις
368 2021 621 2093 πρόσχες,
651 2019 680 2071 6
702 2016 830 2070 πατέ
852 2015 1121 2085 ποιμάνας
1145 2012 1304 2067 αὑτά.
1335 2013 1398 2064 El
1421 2009 1529 2081 γὰρ
1552 2009 1643 2063 καί
1667 2024 1795 2061 ποτε

222 2115 412 2169 ἄλλοτε
442 2113 539 2184 τὴν
573 2108 930 2181 ποιμαντικὴν
960 2106 1257 2177 ὑπέμεινας
1299 2102 1601 2174 ἀνθρώπων
1632 2116 1796 2171 φρον⁸

220 2207 344 2260 τίδα
367 2246 382 2269 ,
413 2203 698 2275 ὼδήγησάς
734 2220 794 2255 τε
834 2201 925 2254 τὸν
966 2202 1023 2254 ἐν
1050 2197 1356 2270 ἀνθρώποις
1387 2192 1676 2266 γενόμενόν
1701 2209 1795 2246 σου

217 2298 382 2360 λαὸν,
413 2296 616 2350 τούτων
660 2293 836 2348 αὐτῶν
871 2292 1169 2365 μνήσθητι’
1208 2290 1303 2344 ml
1444 2287 1676 2360 παρίδῃς
1705 2284 1797 2350 οὓς

216 2389 493 2459 τοσαύτης
520 2388 756 2458 ἠξίωσας
784 2385 1057 2458 προνοίας.
1085 2384 1328 2456 Πρόσχες
1357 2376 1448 2435 οὖν
1468 2421 1482 2447 ,
1515 2380 1675 2450 φησὶ,
1706 2378 1798 2430 ml

219 2482 557 2553 κατανόησον
585 2481 744 2535 ὁποῖα
777 2478 1042 2534 πέπονθεν
1067 2478 1099 2548 ἡ
1124 2476 1190 2548 σὴ
1213 2475 1434 2545 ποίμνη,
1464 2473 1559 2525 καὶ
1579 2470 1655 2534 ὡς
1680 2470 1798 2524 ἐλυ-

223 2577 434 2646 μήνατο
470 2575 664 2638 αὐτοὺς
691 2569 754 2637 ῦς
790 2575 854 2626 ἐκ
885 2571 1111 2644 δρυμοῦ,
1139 2569 1234 2622 ml
1265 2567 1444 2640 μονιὸς
1472 2565 1662 2635 ἄγριος
1693 2580 1796 2615 κα-

217 2667 560 2737 τενεμήσατο
606 2663 802 2736 αὐτὴν,
837 2663 930 2716 ml
965 2662 1042 2725 ὡς
1080 2661 1301 2730 γέγονεν
1342 2655 1794 2728 ἐμπεπυρισμένη

220 2757 362 2831 πυρὶ
393 2758 488 2812 καὶ
517 2755 902 2827 ἀνεσκαμμένη
934 2753 1043 2806 ἀπὸ
1076 2751 1444 2822 ἐπιτιμήσεως
1471 2747 1564 2802 τοῦ
1593 2745 1800 2820 προσώ-

220 2867 332 2905 που
368 2867 484 2904 σου.
517 2847 764 2901 Διδάσκει
788 2845 844 2898 δὲ
865 2843 1036 2897 ταῦτα
1063 2844 1121 2895 ἐν
1145 2839 1422 2909 Πνεύματι
1450 2838 1591 2908 ἁγίῳ
1618 2837 1646 2889 6
1668 2837 1710 2889 Π
1720 2855 1798 2907 ρο-

221 2943 407 3012 φήτης
434 2939 496 2992 τὸ
538 2937 803 2992 Ἰουδαίων
833 2935 984 2998 ἔθνος
1005 2977 1020 3002 ,
1058 2933 1284 3004 μελετᾷν
1312 2932 1407 2985 καί
1437 2929 1798 2999 ἀπαγγέλλειν

221 3029 514 3104 προλαϐὼν
533 3031 657 3092 τοὺς
678 3028 899 3100 χρόνους
921 3026 1016 3080 ml
1042 3025 1112 3078 τὰ
1139 3026 1439 3096 πράγματα
1457 3038 1472 3054 ο
1498 3022 1564 3075 ἵν’
1580 3021 1798 3074 ἐπειδάν

220 3124 422 3193 ἐπιστῇ
467 3122 559 3174 καὶ
590 3119 655 3172 δι’
687 3119 862 3190 ἔργων
904 3116 1127 3187 χωρήσῃ
1168 3112 1238 3167 τὰ
1281 3109 1795 3184 προπεφητευμένα,
1825 3149 1870 3208 c

219 3212 431 3282 δέχοιεν
463 3211 521 3277 ἐξ
559 3210 775 3279 ἑτοίμου
816 3207 914 3278 τῆς
948 3207 1084 3277 πρὸς
1111 3205 1201 3258 τὸν
1227 3203 1359 3257 Θεὸν
1391 3201 1671 3272 ἱκετηρίας
1700 3200 1800 3271 τὴν

221 3305 448 3376 γνῶσιν.
484 3303 579 3362 Τίς
605 3303 662 3356 δέ
692 3304 836 3354 ἐστιν
869 3302 897 3354 6
922 3299 1222 3368 ποιμαίνων
1249 3296 1341 3350 τὸν
1379 3294 1610 3366 Ἰσραὴλ,
1640 3292 1802 3356 αὐτὸς

222 3399 558 3469 παρίστησιν
581 3398 610 3448 6
640 3394 839 3448 εἰπών·
911 3391 1051 3461 Ἐγώ
1073 3393 1188 3460 ειμι
1221 3392 1254 3444 ό
1284 3388 1506 3458 ποιμὴν
1535 3389 1568 3441 ὁ
1595 3385 1798 3451 καλὸς,

224 3485 328 3540 καὶ
353 3485 625 3555 γινώσκω
659 3484 732 3538 τὰ
750 3482 882 3552 ἐμὰ,
919 3480 1019 3536 καὶ
1052 3477 1420 3550 γινώσκουσί
1446 3493 1522 3547 με
1549 3476 1621 3529 τὰ
1657 3475 1799 3544 ἐμά’

226 3575 326 3630 καὶ
355 3571 540 3638 αὖθιςο
601 3574 746 3644 Ἐγώ
770 3576 887 3643 ειμι
919 3575 952 3627 ὀ
983 3571 1208 3639 ποιμὴν
1237 3573 1270 3624 ὁ
1297 3569 1483 3636 καλός
1502 3609 1517 3634 ,
1562 3567 1658 3621 καὶ
1691 3565 1805 3635 τὴν

231 3667 442 3736 ψυχήν
467 3684 585 3737 μου
614 3667 807 3734 τίθημι
840 3662 993 3731 ὑπὲρ
1014 3662 1132 3716 τῶν
1156 3660 1482 3730 προϐάτιον.
1546 3659 1717 3720 Αὐτὸς
1746 3657 1803 3710 δὲ

227 3753 303 3829 ἧν
330 3756 424 3809 ml
449 3758 478 3809 6
510 3756 599 3809 τὸν
634 3754 827 3825 Ἰωσὴφ
861 3753 993 3806 ὡσεὶ
1019 3753 1289 3825 πρόϐατον
1316 3751 1525 3822 ὁδηγῶν
1557 3751 1677 3821 ἦτοι
1704 3749 1804 3821 τὴν

228 3849 406 3922 φυλὴν
425 3889 440 3912 ,
494 3848 527 3920 ἢ
555 3848 616 3901 τὸ
647 3849 756 3901 πᾶν
799 3846 1064 3900 Ἰουδαίων
1098 3845 1249 3908 ἔθνος
1283 3841 1665 3916 μεταφορικῶς
1696 3841 1804 3894 ἀπὸ

231 3946 368 4016 μιᾶς
397 3942 678 4013 ὀνομάζων
710 3941 882 4012 φυλῆς
902 3940 1001 4011 τῆς
1023 3937 1127 3993 τοῦ
1157 3939 1380 4008 Ἰωσήφο
1425 3936 1458 4007 ἢ
1483 3936 1576 3990 ml
1607 3935 1804 4006 μᾶλλον

227 4035 396 4091 αὑτὸν
421 4035 512 4088 τὸν
544 4033 708 4105 ἄνδρα
739 4033 830 4085 τὸν
857 4031 958 4102 τῆς
985 4031 1158 4100 φυλῆς
1187 4028 1527 4101 προπάτορα.
1589 4025 1804 4096 Ἐπειδὴ

230 4129 402 4198 συνῆν
432 4126 583 4196 αύτῷ
625 4122 1092 4194 ἐπιδουλευομένῳ
1125 4121 1229 4174 ὑπὸ
1267 4119 1374 4173 τῶν
1403 4117 1646 4188 ἀδελφῶν
1669 4157 1683 4179 ,
1714 4119 1806 4170 ml

229 4219 662 4291 πιπρασκομένῳ
703 4219 816 4280 τοῖς
853 4214 1245 4286 Ἰσμαηλίταις,
1288 4213 1382 4265 καὶ
1420 4213 1499 4274 είς
1537 4212 1805 4280 Αἴγυπτον

227 4309 614 4382 καταγομένῳ,
643 4310 736 4363 καὶ
763 4307 839 4378 τῷ
858 4308 1108 4376 Πετεφρῇ
1134 4303 1456 4369 δουλεύοντι,
1480 4304 1578 4375 τήν
1598 4321 1657 4357 τε
1686 4303 1808 4356 ἀκό-

228 4404 427 4458 λαστον
441 4403 723 4458 δέσποιναν
750 4398 1228 4471 ἀποστρεφομένῳ,
1248 4397 1323 4461 ὡς
1344 4399 1422 4461 εἰς
1441 4396 1806 4468 δεσμωτηριόν

1889 547 2194 607 comparat.
2249 535 2714 607 Supplicationem
2746 533 2911 603 igitur
2955 531 3153 586 emittit
3194 529 3461 600 Propheta

1889 633 1957 685 ad
1997 645 2120 685 eum
2161 630 2254 700 qui
2286 631 2416 684 olim
2459 628 2712 684 lsraelem
2759 625 2984 680 curabat
3025 632 3079 678 et
3118 623 3460 694 inspiciebat,

1890 722 1984 777 Dei
2015 721 2228 777 scilicet
2250 719 2512 785 Verbum,
2538 718 2684 789 quod
2718 719 2980 771 invocans
3004 716 3081 767 ait
3116 729 3131 766 :
3165 714 3268 780 Qui
3288 715 3461 782 pascis

1893 813 2086 881 Israel,
2117 814 2344 869 intende.
2378 811 2470 868 Sic
2512 821 2692 865 autem
2734 809 2910 879 ipsum
2957 807 3173 861 ﬂectere
3210 813 3461 868 conatur,

1891 911 2168 980 antiquam
2193 910 2313 980 ejus
2347 910 2400 963 in
2429 907 2688 979 populum
2713 903 3107 973 inspectionem
3131 913 3464 954 commemo-

1891 1018 2042 1059 rans.
2075 1001 2213 1065 Tua,
2245 1002 2445 1072 inquit,
2481 1013 2700 1071 pecora,
2727 1010 2967 1065 ovesque
2998 1001 3122 1048 tuas
3158 1007 3338 1055 cures,
3371 991 3462 1061 qui

1891 1095 2019 1148 olim
2057 1094 2320 1164 pascebas
2364 1094 2506 1148 illas.
2557 1091 2690 1144 Nam
2734 1089 2780 1144 si
2815 1087 3088 1158 quondam
3138 1084 3462 1155 pastoralem

1892 1184 2174 1238 hominum
2215 1181 2638 1238 sollicitudinem
2687 1177 2928 1240 subiisti,
2961 1175 3010 1230 si
3055 1175 3336 1244 populum,
3369 1173 3463 1242 qui

1892 1275 2036 1329 inter
2054 1273 2304 1329 homines
2325 1273 2461 1327 alios
2478 1281 2605 1326 tuus
2634 1249 2938 1330 dicebatur,
2955 1265 3254 1328 deduxisti,
3271 1265 3462 1317 horum

1895 1373 2189 1430 memento,
2209 1380 2384 1435 neque
2412 1362 2685 1433 despicias
2707 1375 2802 1416 eos
2830 1373 2969 1432 quos
3006 1367 3158 1412 tanta
3183 1356 3466 1426 providen-

1895 1457 1968 1510 tia
2000 1457 2252 1528 dignatus
2281 1471 2364 1511 es.
2395 1453 2620 1508 Intende
2649 1453 2834 1523 igitur,
2868 1449 3065 1520 inquit,
3091 1457 3145 1502 et
3177 1447 3463 1501 considera

1895 1558 2098 1617 quanta
2147 1562 2277 1619 grex
2311 1547 2400 1600 ille
2453 1553 2580 1600 tuus
2629 1545 2890 1614 patiatur,
2931 1539 3206 1611 quomodo
3248 1539 3462 1592 vineam

1897 1642 2043 1696 illam
2102 1641 2542 1697 exterminaverit
2603 1654 2734 1708 aper
2761 1636 2828 1691 de
2873 1636 3031 1699 silva,
3077 1643 3131 1689 et
3171 1633 3464 1703 singularis

1899 1733 2050 1789 ferus
2093 1733 2356 1803 depastus
2393 1732 2464 1787 sit
2515 1745 2658 1794 eam,
2703 1728 2977 1800 quomodo
3032 1725 3194 1780 fuerit
3243 1726 3463 1779 incensa

1897 1826 2010 1898 igni
2037 1835 2092 1882 et
2133 1825 2366 1882 suffossa
2425 1825 2493 1879 ab
2544 1823 2918 1891 increpatione
2967 1820 3151 1874 vultus
3197 1817 3296 1870 tui.
3342 1814 3466 1869 Haec

1894 1933 2059 1988 porro
2091 1918 2145 1972 in
2174 1916 2379 1985 Spiritu
2411 1922 2600 1970 sancto
2637 1898 2914 1967 Judaieim
2948 1917 3157 1980 gentem
3198 1906 3465 1977 Propheta

1896 2012 2074 2075 docet,
2108 2020 2354 2079 tempora
2381 2016 2435 2062 et
2461 2013 2691 2062 eventus
2729 2020 2914 2059 rerum
2950 1999 3202 2056 meditari
3228 2014 3290 2052 ac
3329 2011 3467 2067 pra:-

1895 2104 2151 2160 nuntiare
2201 2115 2513 2170 occupans;
2541 2105 2600 2151 ut
2628 2112 2750 2152 cum
2799 2110 2885 2150 res
2913 2107 3035 2162 qua:
3069 2093 3124 2145 in
3184 2087 3466 2170 prophetia

1896 2195 2151 2250 feruntur
2181 2165 2525 2257 advenerim,
2563 2190 2616 2243 in
2658 2194 2911 2259 promptu
2945 2165 3206 2238 notitiam.
3230 2181 3376 2235 illius
3400 2180 3468 2233 ad

1897 2286 2065 2343 Deum
2103 2287 2318 2342 emissae
2351 2282 2768 2353 supplicationis
2816 2279 3152 2348 exciperent.
3183 2273 3318 2340 Quis
3339 2288 3470 2328 vero

1897 2379 1970 2434 sit
1993 2379 2086 2448 qui
2113 2377 2288 2447 pascit
2319 2374 2507 2439 lsrael,
2533 2373 2775 2428 declarat
2805 2372 2922 2441 ipse
2944 2370 3035 2440 qui
3065 2369 3140 2422 ait
3170 2387 3184 2421 :
3212 2366 3322 2436 Ego
3352 2382 3469 2421 sum

1896 2481 2082 2542 pastor
2125 2469 2312 2532 bonus,
2359 2477 2406 2521 et
2445 2482 2700 2536 cognosco
2736 2480 2900 2525 meas,
2931 2471 2978 2514 et
3019 2468 3337 2530 cognoscunt
3389 2475 3470 2513 me

1898 2581 2027 2620 mea:
2052 2566 2131 2632 ⁵⁹;
2158 2569 2212 2617 et
2241 2575 2460 2616 rursum
2495 2577 2508 2612 :
2543 2556 2653 2628 Ego
2696 2571 2812 2610 sum
2855 2563 3036 2623 pastor
3053 2551 3238 2614 bonus,
3267 2559 3315 2604 et
3351 2551 3468 2604 ani-

1896 2674 2038 2712 mam
2072 2671 2239 2709 meam
2266 2668 2401 2721 pono
2423 2666 2516 2720 pro
2545 2647 2723 2702 ovibus
2744 2647 2811 2700 ⁸ο.
2840 2645 2959 2715 Ipse
2980 2657 3106 2697 vero
3128 2641 3352 2710 eratqui
3377 2639 3470 2694 Jo-

1898 2749 2150 2820 sephum,
2179 2746 2263 2801 vel
2292 2744 2492 2798 tribum
2520 2741 2664 2810 ejus,
2697 2747 2755 2793 ut
2787 2751 2942 2792 ovem
2981 2732 3316 2798 deducebat;
3355 2732 3470 2786 sive

1898 2843 2062 2897 etiam
2095 2846 2264 2892 totam
2290 2835 2575 2891 Iudaicam
2611 2837 2826 2903 gentem
2865 2825 3237 2896 metaphorice
3260 2823 3329 2877 ab
3362 2837 3470 2877 una

1898 2931 2042 2986 tribu
2068 2928 2267 2998 Joseph
2300 2925 2695 2988 subindicans;
2730 2920 2843 2974 sive
2873 2918 3057 2988 potius
3080 2917 3258 2985 ipsum
3293 2915 3470 2968 virum

1901 3021 2080 3076 tribus
2105 3016 2524 3089 progenitorem.
2557 3009 2829 3078 Quoniam
2864 3006 2969 3079 ipsi
2993 3003 3210 3059 insidiis
3241 3002 3472 3055 fratrum

1902 3113 2172 3184 impetito,
2206 3107 2496 3165 lsmaelitis
2526 3103 2770 3165 vendito,
2803 3100 2856 3153 in
2887 3097 3180 3169 [Egyptum
3214 3094 3470 3156 deducto,

1902 3204 2185 3275 Petephra:
2215 3198 2495 3266 servienti,
2520 3193 2848 3265 impudicam
2877 3191 3154 3246 dominam
3177 3186 3470 3250 aversanti,

1903 3299 1959 3353 in
1987 3309 2262 3352 carcerem
2300 3293 2428 3346 item
2479 3287 2750 3356 conjecto,
2779 3283 2988 3337 aderat.
3026 3279 3159 3333 Nam
3205 3279 3261 3332 in
3293 3276 3474 3330 omni-

1901 3390 2004 3445 bus
2034 3387 2118 3441 his
2154 3384 2398 3440 adfuisse
2419 3380 2621 3452 Moysis
2659 3377 2934 3446 scriptura
2972 3379 3367 3428 commemorat
3391 3369 3470 3422 di-

1902 3495 2033 3535 cens
2061 3495 2074 3530 :
2108 3477 2175 3530 Et
2207 3484 2321 3530 erat
2352 3473 2611 3528 Dominus
2659 3486 2776 3524 cum
2818 3467 3010 3531 Ioseph
3031 3467 3095 3519 θί.
3133 3461 3290 3517 Unde
3319 3475 3472 3515 com-

1903 3571 2120 3627 modius
2167 3569 2399 3624 vertisse
2421 3564 2554 3618 mihi
2591 3563 2808 3617 videtur
2860 3557 3184 3618 Theodotio,
3218 3556 3310 3625 qui
3342 3553 3420 3606 ait
3455 3573 3468 3608 :

1905 3663 2010 3730 Qui
2034 3661 2247 3717 deducis
2276 3659 2428 3729 quasi
2462 3673 2604 3711 ovem
2646 3653 2861 3722 Joseph.
2895 3650 2971 3705 Ita
3003 3665 3220 3722 quoque
3269 3646 3474 3701 dixeris

1904 3756 2085 3826 ipsum
2114 3753 2394 3814 lsraelen),
2417 3751 2509 3820 qui
2545 3750 2756 3820 primus
2788 3747 2890 3800 hoc
2920 3745 3141 3800 nomine
3171 3740 3476 3811 appellatus

1903 3858 2010 3912 est,
2039 3863 2068 3901 a
2106 3854 2325 3917 pastore
2363 3845 2587 3899 ductum
2619 3840 2811 3896 fuisse.
2845 3837 2946 3892 llic
2975 3850 3103 3891 vero
3129 3831 3298 3887 Jacob
3333 3835 3472 3889 erat,

1906 3940 2050 3995 ﬁlius
2097 3939 2269 3993 Isaac.
2315 3935 2448 3990 Nam
2478 3935 2722 3989 ille'cum
2754 3930 2904 3986 solus
2941 3929 2997 3981 in
3031 3919 3476 3993 MeSOpotaiuiam

1907 4047 2002 4102 spe
2023 4033 2078 4085 in
2105 4029 2274 4085 Deum
2301 4029 2469 4082 fultus
2497 4024 2878 4086 descenderet,
2899 4025 3174 4089 pastorem
3203 4027 3364 4069 suum
3395 4011 3480 4063 in-

1905 4101 2056 4179 venit
2098 4123 2192 4193 qui
2242 4121 2430 4176 aderat
2457 4118 2582 4180 sibi,
2626 4115 2863 4170 Verbum
2909 4111 3118 4168 scilicet
3166 4107 3282 4170 Dei,
3332 4101 3478 4174 quod

1907 4214 2010 4284 ipsi
2035 4227 2298 4284 apparere
2322 4211 2551 4266 solebat.
2584 4206 2905 4276 Opportune
2926 4203 3111 4271 itaque
3141 4197 3250 4251 Deo
3273 4193 3480 4263 suppli—

1907 4319 2062 4369 cans,
2088 4319 2198 4358 non
2249 4302 2460 4356 turbam
2512 4297 2802 4368 impiorum
2855 4298 3141 4353 memorat,
3181 4289 3275 4344 sed
3314 4285 3478 4340 unius

1908 4406 2122 4452 tantum
2153 4405 2205 4451 et
2235 4395 2462 4449 alterius
2485 4407 2547 4445 ex
2572 4389 2847 4457 religiosis
2866 4387 2974 4440 illis
3003 4384 3132 4438 olim
3165 4379 3298 4435 viris
3329 4392 3480 4431 men-

227 4513 296 4550 τε
318 4493 714 4568 καθειργμένῳ.
751 4493 837 4545 Ἐν
863 4465 1144 4559 πάσινγοῦν
1164 4465 1373 4552 τούτοις
1394 4465 1801 4558 ἐπισημαίνεται

1912 4490 2113 4542 tionem
2149 4485 2302 4549 facit,
2345 4482 2408 4537 ex
2442 4479 2853 4552 progenitorum
2900 4476 3100 4526 virtute
3138 4477 3191 4523 et
3221 4465 3482 4536 religione

229 4586 271 4657 ἡ
306 4583 583 4645 Μωῦσέως
621 4581 805 4654 γραφὴ
841 4580 1104 4648 λέγουσαο
1143 4579 1254 4631 Kal
1289 4574 1368 4648 ἦν
1410 4579 1627 4646 Κύριος
1656 4578 1808 4647 μετὰ

245 4675 491 4745 Ἰωσήφ.
507 4675 666 4729 Ὅθεν
701 4691 789 4744 μοι
807 4673 952 4726 δοκεῖ
983 4669 1745 4745 κυριώτερον-ἡρμηνευκέναι
1779 4669 1808 4720 6

230 4742 526 4821 Θεοδοτίων
567 4742 765 4834 φήσας*
822 4762 885 4815 '0
918 4758 1265 4828 καθοδηγῶν
1307 4742 1449 4812 (licet
1513 4760 1810 4827 πρόϐατον

233 4861 345 4912 τὸν
385 4855 614 4926 Ἰωσήφ.
650 4855 805 4908 Οῦτω
833 4855 877 4908 δ’
904 4855 970 4908 ἂν
997 4853 1171 4915 εἴποις
1199 4851 1294 4905 καὶ
1323 4851 1687 4922 πεποιμάνθαι
1713 4851 1811 4904 αύ-

231 4952 330 5007 τὺν
359 4950 451 5003 τὸν
499 4949 714 5022 Ἰσραὴλ
741 4949 830 5002 τδν
859 4947 1074 5019 πρῶτον
1101 4963 1206 5016 χρη
1216 4944 1515 5015 ματίσαντα
1540 4943 1712 5014 ταύτῃ
1743 4945 1808 5014 τῇ

232 5043 597 5117 προσηγορία.
625 5039 732 5095 Ἶῐν
757 5043 813 5095 δὲ
844 5034 998 5104 οὗτος
1038 5036 1252 5102 Ἰακὼϐ,
1274 5039 1302 5090 ό
1328 5040 1452 5110 παῖς
1473 5036 1566 5090 τοῦ
1601 5036 1804 5090 Ἰσαάκ.

250 5138 404 5192 Ἐπεὶ
429 5138 675 5200 κάκεῖνος
703 5136 858 5207 μόνος
877 5136 956 5199 είς
982 5134 1080 5205 τὴν
1109 5134 1277 5205 μέσην
1292 5131 1399 5186 τῶν
1427 5131 1684 5203 ποταμῶν
1711 5148 1809 5185 m-

233 5228 412 5291 ταϐὰς
449 5228 585 5299 μετὰ
622 5228 721 5299 τῆς
762 5228 842 5292 εἰς
867 5226 960 5280 τὸν
989 5225 1130 5279 Θεὸν¹
1152 5224 1360 5286 ἐλπίδος
1379 5263 1394 5287 ,
1426 5222 1585 5276 αὐτὸν
1612 5221 1809 5295 εὕρατο

235 5319 476 5391 ποιμένα
509 5320 600 5373 τὸν
638 5317 864 5373 συνόντα
893 5316 1041 5388 αὐτῷ
1067 5315 1160 5370 τοῦ
1201 5312 1336 5368 Θεοῦ
1362 5313 1560 5382 Λόγον,
1588 5312 1680 5364 τὸν
1711 5311 1809 5375 τὰς

237 5411 561 5480 ἐπιφανείας
587 5411 733 5482 αὐτῷ
765 5409 1148 5482 πεποιημένον.
1211 5407 1495 5479 Εύκαίρως
1521 5401 1613 5458 οῦν
1639 5406 1809 5458 δυσω-

239 5503 365 5559 πῶν
396 5503 425 5554 6
449 5501 602 5570 λόγος
639 5503 730 5557 τὸν
757 5501 918 5566 Θεὸν,
961 5501 1023 5554 οὐ
1053 5497 1297 5570 βούλεται
1332 5499 1430 5568 μὲν
1457 5496 1548 5549 τοῦ
1581 5496 1812 5566 πλήθους

319 5755 365 5791 ¹⁹
404 5754 557 5812 Joan.
599 5771 660 5819 ι,
704 5756 780 5809 ll.
859 5755 902 5785 “
941 5752 1096 5818 ibid,
1139 5752 1219 5807 ll.
1298 5753 1338 5784 “
1377 5751 1510 5808 Gen.
1553 5764 1748 5814 xxxix,
1784 5749 1836 5801 ‘2.

1910 4589 2158 4651 posteros
2190 4591 2379 4630 eorum
2407 4567 2832 4628 misericordiam
2864 4563 3124 4632 consequi
3157 4560 3476 4629 deprecans.

1909 4648 1981 4714 ξ-
2017 4668 2179 4723 Vens.
2229 4668 2283 4722 5.
2343 4664 2442 4718 Hic
2495 4677 2624 4718 vero
2674 4661 2790 4730 ipse
2828 4657 2919 4727 qui
2980 4661 3293 4710 sanctorum
3350 4648 3480 4702 olim

1913 4761 2156 4815 virorum
2190 4766 2374 4829 pastor
2401 4755 2522 4818 fuit,
2557 4755 2604 4807 is
2625 4753 2716 4822 qui
2750 4747 3067 4806 cherubinis
3098 4743 3312 4799 vehitur
3341 4748 3479 4795 erat.

1914 4855 2255 4921 Quibusnam
2316 4846 2658 4906 cherubinis,
2707 4842 2812 4896 nisi
2848 4841 2917 4894 iis
2951 4838 3043 4908 qui
3097 4835 3165 4888 ab
3204 4830 3486 4885 Ezechieln

1912 4948 2015 5002 visi
2067 4954 2227 5006 sunt,
2278 4954 2511 5012 quorum
2565 4935 2828 5005 imagines
2873 4939 2926 4985 et
2992 4926 3237 4999 symbola
3296 4923 3486 4993 jussus

1913 5037 2126 5108 Moyses
2164 5049 2324 5104 supra
2355 5045 2538 5085 arcam
2571 5045 2635 5082 ex
2664 5041 2796 5080 auro
2819 5022 3030 5094 posuit?
3058 5016 3351 5074 Cherubim
3385 5027 3485 5067 aus

1913 5103 2021 5182 tem
2060 5103 2308 5181 meminit
2339 5122 2588 5178 Ezechiel
2615 5119 2718 5173 hoc
2760 5125 2920 5186 pacto
2949 5115 3177 5182 loquens
3206 5128 3217 5162 :
3257 5105 3323 5160 Et
3354 5103 3483 5166 vidi,

1914 5229 1962 5275 et
1986 5235 2100 5274 ecce
2140 5233 2294 5286 super
2329 5217 2754 5284 ﬁrmamentum,
2792 5208 2928 5278 quod
2971 5215 3084 5260 erat
3132 5215 3286 5270 super
3329 5204 3484 5263 caput

1917 5309 2206 5372 cherubim,
2236 5309 2390 5379 quasi
2422 5307 2558 5374 lapis
2603 5301 2860 5372 sapphiri,
2897 5297 3194 5353 similitudo
3227 5287 3409 5379 throni
3428 5285 3486 5337 in

1916 5405 2028 5472 ipso
2042 5404 2107 5455 θ’.
2141 5373 2332 5457 Postea
2365 5373 2494 5452 vero
2527 5397 2603 5451 ait
2637 5412 2650 5446 :
2688 5393 2755 5447 Et
2789 5406 2998 5464 egressa
3038 5395 3113 5439 est
3151 5379 3322 5453 gloria
3369 5373 3483 5428 Ds-

1919 5497 2050 5549 mini
2090 5512 2121 5548 a
2163 5495 2341 5548 limine
2404 5493 2610 5554 domus,
2651 5498 2698 5544 et
2733 5484 2969 5541 ascendit
2995 5493 3144 5547 super
3175 5467 3436 5526 cherubim
3461 5483 3483 5524 ;

1917 5747 1959 5779 ⁸³
2001 5745 2193 5802 Ezech.
2237 5760 2285 5808 ι,
2318 5740 2406 5794 26.
