4008 6210
534 305 644 361 955

1207 296 1478 354 EUSEBII
1513 295 1992 356 CESABIENSIS
2025 297 2179 354 OPP.
2218 297 2399 354 PARS
2437 295 2527 352 Ill.
2556 326 2626 338 —
2649 293 3059 352 EXEGETICA.

3658 290 3779 350 956

534 428 583 472 et
609 424 1002 484 assumpserunt
1024 413 1287 468 cherubim
1315 415 1432 467 alas
1459 430 1607 477 suas,
1626 421 1676 467 et
1694 412 1892 466 elevata
1913 422 2034 467 sunt
2063 431 2096 467 a

2210 414 2307 468 τῶν
2337 411 2546 466 ἀσεϐῶν
2579 408 2933 482 μνημονεύειν
2953 426 2966 439 ·
3026 408 3143 473 ἐνὸς
3170 408 3227 462 δέ
3257 409 3348 462 καὶ
3375 406 3626 480 δευτέρω
3657 406 3779 460 τῶν

539 517 678 560 terra
703 507 757 559 in
774 513 1060 572 conspectu
1105 520 1216 558 meo
1245 503 1370 556 dum
1399 503 1637 558 exirent:
1680 511 1730 556 et
1767 511 1900 556 rota:
1936 501 2099 556 luere-

536 596 662 648 bant
685 594 835 662 ipsis.
855 591 1194 646 Etstetcrunt
1221 591 1288 644 ad
1303 591 1690 661 prtcliminaria
1719 599 1886 659 portae
1911 589 2098 644 domus

533 703 563 740 e
608 687 814 756 regione
862 685 1072 754 positw,
1119 694 1167 738 et
1210 683 1382 754 gloria
1425 681 1524 736 Dei
1567 680 1742 736 Israel
1781 689 1896 734 erat
1939 694 2102 748 supra

533 791 622 829 eos
639 777 705 828 °'.
734 773 924 830 Viden‘
949 790 1055 845 quo
1086 781 1244 844 pacto
1287 773 1374 826 hic
1400 787 1598 827 currus
1631 769 1726 825 Dei
1756 769 2102 826 describatur

537 869 606 924 de
645 885 754 940 quo
802 868 932 924 alibi
982 868 1205 932 dicitur,
1257 864 1459 922 Currus
1502 863 1600 920 Dei
1652 864 1826 919 decem
1865 861 2100 917 millibus

539 961 814 1031 multiplex
855 961 1028 1014 millia
1060 959 1394 1014 lwtontium?
1424 955 1716 1012 Cheruhim
1750 969 1881 1010 vero
1904 969 2101 1010 currus

537 1063 694 1109 erant
715 1094 730 1120 ,
757 1055 831 1109 ita
847 1060 908 1108 ut
933 1067 1100 1124 supra
1130 1057 1293 1121 caput
1322 1050 1563 1120 ipsorum
1588 1047 1772 1103 throni
1803 1046 2101 1106 similitudo

538 1154 707 1208 esset,
760 1155 816 1201 et
856 1160 1022 1216 supra
1069 1144 1327 1197 thronum
1357 1141 1526 1212 gloria
1573 1138 1806 1194 Domini.
1843 1137 2101 1204 Quaenam

538 1245 688 1294 esset
719 1237 892 1308 gloria
922 1235 1135 1289 Domini
1167 1233 1323 1288 initio
1369 1233 1492 1287 libri
1521 1232 1854 1295 declaratur,
1883 1229 1974 1284 ubi
2020 1228 2103 1284 di-

539 1330 683 1384 citur
713 1347 725 1382 :
748 1328 918 1398 Super
939 1327 1203 1382 cherubim
1230 1326 1382 1396 quasi
1408 1324 1600 1393 species
1622 1330 1736 1376 erat
1762 1319 1954 1389 lapidis
1982 1335 2105 1388 sap-

538 1423 701 1487 phiri,
731 1420 1024 1477 similitudo
1059 1420 1230 1473 throni
1261 1434 1414 1488 super
1442 1418 1614 1486 ipsum
1642 1428 1660 1467 :
1689 1421 1739 1468 et
1776 1427 1928 1481 super
1958 1412 2107 1465 simi-

542 1515 814 1568 litudinem
848 1513 1020 1567 throni
1057 1510 1351 1566 similitudo
1374 1507 1527 1580 quasi
1555 1505 1746 1575 species
1778 1503 2000 1558 hominis
2017 1503 2108 1557 de-

2199 503 2364 557 πάλαι
2393 502 2653 572 θεοφιλῶν
2677 502 2885 573 ἀνδρῶν
2915 503 3131 574 μνήμην
3155 505 3406 566 ποιεῖται,
3427 501 3513 554 διὰ
3534 501 3639 571 τῆς
3660 500 3780 553 τῶν

2198 592 2553 664 προπατόρων
2574 591 2775 662 ἀρετῆς
2801 592 2893 644 καὶ
2914 590 3219 654 θεοσεϐείας
3239 591 3364 653 τοὺς
3389 589 3448 654 ἐξ
3470 589 3648 644 αὐτῶν
3677 605 3781 655 γε-

2197 683 2454 752 νομένους
2476 682 2621 736 ἐλέου
2644 683 2824 753 τυχεῖν
2849 679 3231 751 ποτνιώμενος.
3266 681 3324 734 '0
3348 679 3404 734 δὲ
3429 678 3588 742 αὐτὸς
3613 671 3778 741 οὗτος

2197 775 2228 828 ό
2251 775 2360 828 τῶν
2387 775 2556 844 ἁγίων
2578 775 2786 846 ἀνδρῶν
2815 791 2945 828 ποτε
2970 773 3259 843 γενόμενος
3286 771 3509 843 ποιμὴν,
3535 771 3630 823 καὶ
3655 771 3778 830 τοῖς

2198 865 2462 938 χερουϐὶμ
2492 866 2848 937 ἐποχούμενος
2878 861 2965 936 ήν.
3004 865 3185 927 Ποίοις
3215 863 3271 917 δὲ
3303 861 3566 934 χερουϐὶμ
3594 859 3628 930 ἦ
3654 863 3778 925 τοῖς

2199 957 2351 1029 παρὰ
2364 956 2441 1028 τῷ
2468 956 2714 1028 Ἐζεκιὴλ
2735 957 2973 1028 τεθεωρη
2982 956 3180 1027 μένοις,
3202 948 3277 1008 ὧν
3295 953 3504 1016 εἰκόνας
3527 953 3620 1004 καὶ
3639 951 3706 1003 σύ
3715 969 3778 1022 μ-

2199 1047 2336 1102 ϐολα
2356 1048 2491 1103 Μωῦ
2501 1047 2598 1118 σῆς
2619 1046 2706 1100 διὰ
2729 1045 2927 1118 χρυσοῦ
2951 1045 3202 1116 ὑπεράνω
3222 1044 3319 1114 τῆς
3335 1040 3565 1095 κιϐωτοῦ
3583 1039 3778 1092 κελευ-

2203 1135 2349 1200 σθεὶς
2378 1136 2586 1201 ἐποίει;
2616 1136 2906 1208 Μέμνηται
2935 1135 2993 1188 δέ
3019 1133 3126 1186 τῶν
3157 1131 3464 1205 χερουϐὶμό
3499 1128 3773 1199 Ἐζεκιὴλ,

2199 1225 2390 1279 τοῦτον
2418 1224 2589 1295 λέγων
2610 1225 2699 1280 τὸν
2718 1226 2935 1296 τρόπον·
2961 1225 3070 1279 Καὶ
3091 1219 3272 1284 εἶδον,
3298 1222 3396 1278 καὶ
3415 1220 3538 1274 ἰδοὺ
3568 1219 3776 1272 ἐπάνω

2201 1317 2307 1372 τοῦ
2335 1315 2738 1386 στερεὼματος
2757 1316 2862 1370 τοῦ
2881 1316 3033 1384 ὑπὲρ
3062 1313 3332 1384 κεφαλῆς
3365 1311 3469 1366 τοῦ
3490 1310 3775 1380 χερουϐὶμ

2201 1409 2282 1477 ὡς
2299 1411 2469 1476 λίθος
2491 1409 2824 1478 σαπερείρου
2845 1409 3101 1478 ὁμοίωμα
3121 1407 3334 1474 θρόνου
3352 1405 3442 1457 ἐπ’
3459 1401 3637 1467 αὐτῷ.
3661 1401 3774 1454 Καὶ

2203 1503 2324 1575 μεθ’
2356 1504 2516 1576 ἕτερά
2547 1519 2710 1574 φησι·
2733 1503 2843 1557 Καὶ
2863 1499 3081 1570 ἐξῆλθε
3099 1499 3247 1564 δόξα
3269 1497 3488 1565 Κυρίου
3517 1494 3635 1549 ἀπὸ
3662 1493 3774 1548 τοῦ

539 1624 713 1676 super.
746 1606 816 1660 Et
853 1607 959 1661 vidi
984 1606 1139 1677 quasi
1173 1605 1398 1674 formam
1428 1600 1610 1656 electri
1639 1616 1672 1652 a
1712 1598 1879 1667 specie
1907 1596 2108 1651 lumbo-

542 1717 660 1774 g‘um
685 1709 734 1754 et
760 1699 1018 1768 desuper;
1059 1706 1108 1751 et
1155 1714 1187 1750 a
1229 1696 1392 1765 specie
1425 1691 1722 1746 lumborum
1761 1687 2108 1759 usquetdeor-

2202 1597 2430 1665 αἰθρίου
2477 1597 2583 1672 τοῦ
2615 1596 2782 1651 οἴκου
2805 1634 2822 1661 ,
2876 1594 2973 1648 καὶ
3013 1593 3192 1660 ἐπέϐη
3223 1591 3321 1645 ἐπὶ
3353 1590 3425 1644 τὰ
3455 1589 3766 1658 χερουόίμ·

2206 1687 2302 1741 καὶ
2325 1681 2578 1742 ἀνέλαϐε
2598 1687 2668 1741 τὰ
2686 1686 2968 1757 χερουϐὶμ
2995 1683 3100 1750 τὰς
3117 1681 3410 1752 πτέρυγας
3431 1676 3647 1739 αὐτῶν,
3670 1676 3772 1729 καί

543 1767 680 1856 sum,
716 1793 869 1862 quasi
892 1767 1097 1859 species
1121 1788 1281 1859 ignis,
1312 1795 1360 1840 et
1388 1785 1479 1838 lux
1513 1781 1625 1852 ejus
1652 1782 1706 1834 in
1732 1781 1986 1843 circuitu;
2014 1778 2109 1834 ad-

2210 1777 2716 1852 ἐμετεωρίσθησαν
2740 1776 2860 1832 ἀπὸ
2891 1777 3002 1845 τῆς
3026 1774 3138 1845 γῆς
3156 1773 3410 1828 ἐνώπιον
3435 1770 3580 1840 ἐμοῦ
3598 1769 3668 1820 ἐν
3693 1767 3774 1834 τῷ

540 1858 806 1954 jicitque:
845 1881 971 1935 Hcce
1015 1858 1158 1935 visit?
1180 1876 1546 1934 similitudinis
1582 1876 1768 1946 gloria:
1805 1873 2099 1929 Domini“.

2210 1870 2476 1935 ἐξελθεῖν
2496 1867 2667 1932 αὐτὰ,
2695 1866 2793 1920 καὶ
2818 1868 2870 1920 οἱ
2894 1864 3093 1934 τροχοὶ
3112 1863 3382 1932 ἐχόμενοι
3404 1858 3621 1913 αὐτῶν.
3661 1861 3773 1912 Kal.

540 1949 814 2043 ἔστη-σαν
831 1975 931 2029 ἐπὶ
955 1975 1026 2028 τὰ
1046 1975 1308 2042 πρόθιφα
1333 1971 1441 2040 τῆς
1465 1971 1662 2037 πύλης
1684 1969 1787 2024 τοῦ
1847 1968 2015 2023 οἴκου
2071 1966 2182 2034 τῆς
2208 1963 2502 2019 ἀπέναντι
2521 2002 2536 2027 ,
2572 1961 2670 2016 καὶ
2706 1959 2855 2022 δόξα
2883 1957 3030 2012 Θεοῦ
3074 1955 3319 2024 Ἰσραὴλ
3348 1950 3426 2024 ἦν
3451 1953 3542 2004 ἐπ’
3577 1949 3775 2004 αὐτῶν

541 2039 835 2136 ὑπεράνω.
880 2067 1040 2138 Ὁρᾷς
1072 2039 1306 2127 ϐπωςτέν
1336 2039 1543 2125 τούτοις
1574 2061 1634 2114 τὸ
1672 2060 1823 2131 ἅρμα
1847 2057 1942 2111 τοῦ
1973 2055 2107 2110 Θεοῦ
2144 2055 2516 2124 διαγράφεται,
2575 2049 2703 2122 περὶ
2725 2043 2784 2103 οῦ
2812 2048 3055 2102 λέλεκται
3087 2049 3143 2100 ἐν
3172 2045 3370 2117 ἑτέρῳ,
3400 2044 3466 2097 Τὸ
3492 2042 3648 2112 ἅρμα
3666 2039 3775 2094 τοῦ

546 2133 692 2217 Θεοῦ
707 2133 1150 2231 μυριοπνίᾶσιον
1195 2157 1460 2228 χιλιάδες
1505 2156 1951 2222 εὐθηνούντων-ς
1972 2151 2248 2223 Χερουϐὶμ
2287 2144 2434 2220 δὲῆν
2462 2146 2523 2200 τὸ
2549 2146 2700 2218 ἅρμα
2718 2185 2734 2211 ,
2767 2143 2841 2207 ὡς
2868 2142 3006 2214 ὑπὲρ
3058 2139 3294 2210 κεφαλῆς
3323 2137 3510 2210 θρόνου
3573 2133 3773 2204 ὁμοίω-

547 2273 642 2326 μα,
674 2228 764 2308 καὶ
785 2228 878 2308 ἐπὶ
897 2252 1067 2324 τούτῳ
1087 2252 1211 2317 δόξα
1241 2252 1465 2323 Κυρίου.
1499 2251 1593 2314 Τίς
1648 2251 1705 2304 δέ
1762 2251 1795 2320 ή
1822 2246 1946 2313 δόξα
1973 2245 2176 2317 Κυρίου
2212 2239 2279 2314 ἦν
2331 2243 2448 2296 κατ’
2482 2239 2653 2311 ἀρχὰς
2689 2239 2785 2308 τῆς
2829 2234 3012 2306 βίϐλου
3043 2230 3294 2302 δηλοῦται
3318 2270 3334 2296 ,
3361 2228 3488 2282 ἔνθα
3524 2228 3772 2298 εἴρηται·

556 2317 844 2413 Ὑπεράνω
868 2346 987 2400 τῶν
1013 2317 1293 2415 χερουόῑμ
1437 2343 1638 2411 ὅρασις
1667 2337 1747 2412 ἦν
1784 2317 1966 2394 ’.λίθου
2019 2336 2350 2406 σάπφειρον
2371 2372 2389 2398 ,
2421 2332 2681 2402 ὁμοίωμα
2742 2330 2955 2396 θρόνου
2985 2326 3077 2380 ἐπ’
3110 2323 3295 2379 αὑτοῦ
3314 2338 3327 2352 ο
3363 2320 3463 2375 καὶ
3498 2320 3597 2372 ἐπὶ
3667 2317 3776 2372 τοῦ

544 2407 904 2510 ὀμοιίῦματος
930 2407 1049 2491 τοῦ⁷
1069 2407 1283 2505 θρόνου
1309 2407 1567 2504 ὁμοίωμα
1742 2428 1900 2498 εἶδος
1927 2429 2240 2499 ἀνθρώπου
2292 2427 2535 2480 ἀνωθεν.
2563 2422 2671 2477 Kal
2689 2417 2851 2475 εἶδον
2873 2420 2952 2485 ὠς
2973 2417 3116 2487 ὄψιν
3169 2416 3458 2484 ἠλέκτρου
3482 2411 3600 2466 ἁ.τό
3649 2407 3777 2477 ὀρά.

543 2501 955 2600 οπως-ὀσφύος
988 2501 1112 2596 ἕως⁷
1154 2529 1276 2582 ἄνω
1296 2545 1311 2561 ο
1341 2501 1455 2582 -καὶ
1485 2501 1605 2582 ἀπὸ
1631 2526 1894 2596 ὁράσεως
1946 2523 2175 2593 ὀσφύος
2212 2521 2323 2586 ἕως
2353 2517 2510 2573 κάτω
2529 2557 2545 2583 ,
2596 2516 2676 2582 ὠς
2707 2515 2917 2584 ὅρασις
2953 2509 3174 2581 πυρὸς,
3206 2507 3305 2562 καί
3347 2505 3564 2576 φέγγος
3590 2501 3774 2556 αὑτοῦ

544 2629 781 2694 κύκλῳο
810 2627 904 2680 καὶ
935 2625 1204 2694 ἐπιλέγει·
1231 2623 1392 2692 Αὕτη
1422 2624 1460 2691 ἡ
1485 2623 1695 2690 ὅρασις
1725 2619 2086 2690 ὀμοιώματος
2121 2617 2307 2684 δόξης
2331 2612 2571 2682 Κυρίου.

620 2719 782 2774 Vides
838 2717 1110 2788 quomodo
1159 2716 1388 2786 gloriam
1448 2714 1541 2769 Dei
1599 2714 1654 2768 in
1687 2714 1883 2768 throno
1913 2710 2108 2766 seden-

545 2823 652 2869 tem
676 2811 976 2881 explicans,
1006 2809 1232 2864 formam
1269 2806 1505 2862 hominis
1535 2803 1926 2876 descripserit?
1953 2800 2110 2870 Quae—

549 2916 674 2955 nam
737 2900 842 2953 alia
904 2898 1069 2953 fuerit
1116 2897 1208 2952 illa
1259 2896 1495 2951 hominis
1547 2895 1761 2960 forma,
1816 2907 1937 2962 quae
1998 2906 2109 2946 non

550 2994 667 3063 ipse
708 2989 884 3053 Deus,
935 2989 1031 3044 sed
1073 2989 1246 3058 gloria
1299 2989 1392 3043 Dei
1436 2987 1580 3042 dicta
1623 2993 1730 3050 est,
1781 2999 1943 3054 quam
1988 2983 2112 3037 uni-

551 3083 790 3154 genitum
828 3080 922 3136 Dei
953 3079 1188 3135 Verbum
1215 3120 1230 3144 ,
1265 3079 1412 3150 quod
1442 3079 1735 3148 aliquando
1764 3077 1992 3148 gloriam
2016 3074 2109 3130 Dei

551 3174 749 3237 Patris,
781 3171 1077 3244 aliquando
1123 3172 1359 3240 speciem
1404 3170 1642 3226 hominis
1687 3175 1907 3240 propter
1936 3166 2114 3222 homi-

2292 2706 2455 2778 Ὁρᾷς
2487 2704 2633 2765 ὅπως
2655 2700 2683 2754 ὁ
2710 2699 2865 2768 λόγος
2893 2696 2992 2768 τὴν
3020 2693 3112 2749 ἐπὶ
3135 2691 3228 2746 τοῦ
3259 2691 3446 2763 θρόνου
3475 2687 3775 2759 ὀχουμένην

2212 2802 2366 2867 δόξαν
2409 2798 2544 2855 Θεοῦ
2579 2796 2947 2869 διερμηνεύων
2986 2787 3120 2855 εἶδος
3158 2786 3442 2860 ἀνθρώπου
3485 2783 3773 2854 bii-{palla

2214 2876 2279 2946 Τί
2310 2892 2354 2946 δ’
2381 2891 2447 2946 ἂν
2473 2891 2681 2959 γένοιτο
2710 2886 2870 2941 τοῦτο
2889 2884 2950 2937 τὸ
2981 2879 3117 2945 εἶδος
3142 2879 3234 2934 τοῦ
3268 2876 3551 2947 ἀνθρώπου
3576 2915 3592 2940 ,
3641 2876 3777 2944 ὅπερ

2213 2983 2314 3036 οὐκ
2342 2980 2502 3045 αὐτὸς
2556 2982 2584 3034 ό
2614 2979 2766 3041 Θεὸς,
2798 2975 2933 3030 ἀλλὰ
2959 2972 3084 3038 δόξα
3112 2970 3205 3025 τοῦ
3235 2969 3366 3023 Θεοῦ
3401 2968 3644 3038 εἴρηται,
3676 2966 3709 3036 ἦ
3748 2968 3778 3019 ό

2219 3069 2507 3142 μονογενὴς
2545 3066 2638 3122 τοῦ
2678 3063 2811 3120 Θεοῦ
2848 3064 3048 3132 Λόγος·
3089 3061 3148 3116 ὃν
3176 3060 3304 3112 ποτέ
3337 3059 3433 3129 μὲν
3459 3057 3616 3123 δόξαν
3645 3053 3777 3107 Θεοῦ

2214 3159 2307 3214 τοῦ
2352 3158 2561 3230 Πατρὸς
2587 3155 2874 3227 ὀνομάζει,
2920 3150 3052 3206 ποτὲ
3075 3149 3130 3203 δὲ
3157 3144 3292 3211 εἶδος
3323 3144 3609 3218 ἀνθρώπου
3634 3145 3699 3196 δι’
3720 3143 3777 3196 ὃν

547 3279 673 3322 nem
704 3235 1216 3335 quem-assumpsit,
1237 3262 1553 3333 nuncupat?
1580 3235 1740 3330 cujus
1766 3235 1886 3330 quae
1905 3258 1971 3313 ad
2000 3257 2114 3312 dei-

2215 3252 2498 3322 ἀνείληφεν
2513 3247 2795 3333 ἄνθρωπον
2814 3261 2830 3311 ;
2853 3237 2912 3299 οὗ
2927 3243 2996 3297 τὰ
3018 3243 3114 3314 μὲν
3128 3241 3226 3311 τῆς
3248 3237 3521 3306 θεολογίας
3536 3235 3779 3306 ἠλέκτρῳ

549 3369 717 3417 tatem
747 3358 1070 3430 spectabant
1090 3357 1315 3420 electro,
1351 3354 1531 3411 omnis
1561 3353 1802 3408 materia:
1830 3349 2117 3421 pretiosis-

547 3452 709 3517 sima,
736 3449 916 3506 simile
958 3448 1273 3514 dicebatur;
1301 3461 1422 3518 quae
1465 3460 1597 3502 vero
1641 3460 1673 3500 a
1703 3443 1903 3499 lumbis
1946 3455 2116 3512 usque

548 3545 804 3602 deorsum
860 3549 1037 3607 erant,
1091 3539 1256 3595 modo
1311 3537 1511 3609 speciei
1551 3536 1715 3608 ignis,
1771 3533 1934 3589 modo
1978 3531 2116 3588 lucis

548 3635 860 3709 splendori;
883 3633 1012 3705 quia
1046 3647 1169 3704 quae
1185 3631 1242 3686 in
1269 3639 1481 3686 naturae
1506 3626 1844 3683 consortium
1868 3625 2114 3689 veniunt,

551 3730 800 3786 homines
855 3728 1068 3784 scilicet
1110 3726 1167 3781 in
1216 3732 1365 3779 terra
1419 3720 1726 3786 constituti,
1757 3717 1910 3774 vario
1955 3716 2118 3771 modo

549 3824 671 3893 cjus
692 3822 986 3878 virtutibus
1015 3835 1154 3890 opus
1177 3818 1380 3873 habent
1410 3833 1423 3869 :
1465 3830 1590 3869 nam
1621 3813 1658 3868 ii
1691 3812 1785 3884 qui
1818 3812 1936 3866 luce
1953 3809 2117 3879 digna

550 3911 1139 3978 faciunt,illuminante
1161 3907 1212 3963 vi
1242 3906 1514 3978 indigent;
1547 3903 1638 3973 qui
1667 3916 1798 3956 vero
1817 3901 1939 3971 igne
1954 3900 2118 3978 digna

550 3971 886 4075 perpetrant,
919 3999 1274 4054 comburente
1321 3971 1386 4049 et
1422 3971 1621 4047 ultrice
1671 3990 1894 4045 virtute.
1945 3971 2120 4043 Guile-

551 4093 718 4149 stium
751 4105 913 4160 porro
958 4086 1220 4158 imagines
1259 4091 1313 4140 et
1345 4083 1588 4156 symbola
1634 4079 1904 4136 adornare
1926 4078 2118 4149 jussus

551 4182 788 4252 Moyses,
810 4177 1092 4235 cherubim
1119 4192 1184 4232 ex
1217 4190 1352 4229 auro
1384 4172 1620 4228 confecit
1652 4190 1667 4226 :
1695 4171 1809 4226 haec
1829 4184 1958 4226 vero
1978 4183 2119 4224 arcas

551 4273 883 4335 insidebant,
938 4271 995 4324 in
1032 4281 1268 4340 quorum
1328 4263 1507 4319 medio
1557 4259 2000 4333 propitiatorium
2049 4275 2118 4316 ex

549 4380 688 4420 auro
743 4363 947 4418 factum
999 4357 1374 4416 consistebat:
1407 4363 1630 4425 eratque
1681 4351 2116 4424 propitiatorium

552 4457 608 4512 in
638 4455 816 4512 medio
842 4454 1124 4510 cherubim
1157 4449 1360 4520 aurigae
1388 4448 1564 4502 instar
1597 4445 1732 4516 ipsis
1762 4442 2074 4514 impositum
2099 4458 2114 4508 ;

551 4549 627 4603 ita
680 4557 741 4603 ut
772 4544 1212 4619 propitiatorium
1243 4540 1378 4596 illud
1417 4556 1484 4596 ex
1515 4553 1648 4593 auro
1677 4535 1903 4601 factum,
1939 4534 2117 4604 imago

551 4648 606 4695 et
635 4639 914 4708 exemplar
942 4643 1091 4692 esset
1119 4635 1240 4704 ejus
1268 4633 1362 4704 qui
1394 4645 1560 4702 super
1588 4628 1870 4684 cherubim
1908 4626 1963 4681 in
1991 4623 2118 4680 Eze-

552 4730 726 4786 chiele
765 4729 1027 4800 propheta
1058 4727 1210 4783 visus
1240 4733 1355 4791 est;
1385 4739 1546 4795 quem
1579 4720 1819 4776 Verbum
1852 4733 1974 4774 esse
2018 4716 2111 4771 Dei

553 4818 1123 4873 commonstravimus.
1153 4814 1334 4881 Quare
1371 4815 1589 4870 divinus
1611 4809 1906 4882 Apostolus
1937 4807 2114 4877 ipsum

554 4909 790 4965 Verbum
839 4907 1277 4980 propitiatorium
1323 4914 1500 4971 vocat,
1531 4905 1720 4959 dicens
1757 4919 1770 4954 :
1802 4900 1968 4966 Quem
2001 4913 2117 4965 pro-

552 5001 726 5069 posuit
774 4999 912 5052 Deus
960 4997 1384 5067 propitiatorium
1430 5011 1520 5065 per
1565 4993 1719 5062 ﬁdem
1769 4990 1824 5043 in
1865 4987 2116 5058 sanguine

554 5093 665 5161 ejus
697 5092 765 5144 ⁸⁸.
807 5088 932 5143 Haec
962 5096 1140 5142 autem
1188 5103 1218 5140 a
1250 5086 1431 5158 Moyse
1477 5101 1543 5140 ex
1571 5098 1705 5139 auro
1738 5081 1966 5152 ﬁgurate
1991 5093 2118 5133 con-

557 5184 734 5248 lecta,
787 5181 1070 5237 cherubim
1121 5180 1244 5235 dico
1282 5189 1336 5236 et
1379 5178 1819 5250 propitiatorium
1847 5213 1862 5238 ,
1915 5172 2117 5244 populo

555 5275 820 5349 pratihant
850 5273 906 5329 in
943 5271 1259 5336 solitudine,
1294 5287 1480 5326 coram
1513 5269 1791 5341 Ephraim,
1832 5267 2115 5338 Benjamin

556 5377 614 5426 et
643 5367 912 5424 Manasse.
943 5364 1080 5420 Nam
1103 5364 1161 5419 in
1199 5363 1349 5418 exitu
1381 5362 1667 5418 duodecim
1695 5360 1958 5422 tribuum,
1993 5366 2120 5413 ante

557 5472 739 5512 arcam
776 5463 890 5512 tres
917 5453 1096 5510 tribus
1139 5449 1703 5514 castrametabantur,
1736 5461 1930 5516 nempe
1955 5443 2118 5509 Juda,

559 5548 808 5607 lssacbar
835 5555 889 5604 ct
909 5546 1150 5602 Zabulon
1175 5561 1190 5611 ;
1220 5558 1401 5598 arcam
1433 5540 1558 5596 item
1588 5548 1698 5596 tres
1723 5539 1897 5593 tribus
1927 5551 2121 5606 seque-

560 5641 778 5703 bantur,
819 5654 1010 5708 nempe
1039 5637 1314 5708 Ephraim,
1353 5631 1633 5703 Beniamin
1672 5637 1727 5686 et
1775 5629 2044 5694 Mauasse,
2087 5645 2118 5682 a

2211 3343 2290 3414 τῷ
2310 3343 2488 3412 πάσης
2511 3339 2640 3410 ὕλης
2655 3330 3072 3410 ’τιμαλφεστέρῳ
3091 3330 3468 3404 παρεικάζετο,
3499 3328 3567 3381 τὰ
3590 3327 3646 3380 δέ
3670 3326 3780 3381 ἀπὸ

2213 3432 2411 3502 ὀσφύος
2437 3431 2531 3485 καὶ
2559 3429 2728 3492 κάτω,
2760 3426 2835 3498 πή
2859 3425 2954 3497 μὲν
2983 3424 3170 3498 ὁράσει
3197 3423 3386 3494 πυρὸς,
3417 3421 3493 3491 πή
3518 3419 3576 3473 δὲ
3605 3419 3780 3488 φωτὸς

2214 3524 2407 3594 φέγγει
2424 3538 2438 3553 ο
2462 3520 2646 3592 ἐπειδὴ
2670 3519 2739 3572 τὰ
2761 3520 2825 3572 ἐκ
2852 3518 3117 3588 γενέσεως
3143 3515 3366 3586 μέτοχα,
3387 3513 3478 3566 καὶ
3497 3512 3546 3564 οἱ
3564 3510 3655 3563 ἐπὶ
3676 3509 3781 3579 γῆς

2213 3615 2490 3687 ἄνθρωποι
2522 3614 2793 3686 διαφόρων
2836 3610 3001 3664 αὐτοῦ
3033 3607 3312 3680 δυνάμεως
3346 3605 3634 3658 ἐπιδέονται
3655 3619 3670 3631 ·
3729 3602 3784 3655 οἱ

2219 3707 2316 3779 μὲν
2339 3705 2514 3777 φωτὸς
2537 3703 2662 3769 ἄξια
2689 3703 2991 3774 πράξαντες
3012 3700 3112 3771 τῆς
3138 3696 3461 3768 φωτιστικῆς
3477 3692 3779 3766 ἐνεργείας,

2202 3799 2262 3869 ,οἱ
2284 3797 2342 3851 δὲ
2359 3796 2428 3851 τὰ
2453 3794 2623 3866 πυρὸς
2651 3793 2776 3858 ἄξια
2798 3792 2898 3863 τῆς
2922 3789 3221 3861 καυπικῆς
3242 3788 3337 3842 καὶ
3362 3783 3598 3859 τιμωροῦ
3619 3785 3783 3838 δυνά-

2219 3904 2380 3966 μεως.
2447 3887 2567 3941 Τῶν
2599 3885 2644 3939 δ’
2677 3882 2945 3957 οὐρανίων
2973 3880 3187 3944 εἰκόνας
3217 3880 3312 3933 καὶ
3343 3876 3582 3949 σύμϐολα
3610 3893 3780 3930 κατα-

2219 3979 2478 4034 σκευάσαι
2493 3977 2730 4048 Μωῦσῆς
2745 3973 3075 4039 κελευσθεὶς,
3089 3972 3155 4026 τά
3175 3971 3438 4046 χερουϐὶμ
3451 3968 3558 4022 ἀπὸ
3579 3967 3781 4041 χρυσοῦ

2216 4067 2615 4123 κατεσκεύασεν
2634 4083 2648 4097 ο
2681 4063 2931 4120 ἐπέκειτό
2954 4080 3014 4116 τε
3037 4060 3211 4116 ταῦτα
3242 4064 3306 4132 τῇ
3339 4057 3589 4129 κιϐωτῷ,
3624 4057 3782 4129 μέσον

2215 4161 2405 4232 ἔχοντα
2431 4160 2493 4213 τὸ
2521 4158 2828 4230 ἱλαστήριον
2848 4159 2912 4210 ἐκ
2933 4154 3134 4228 χρυσοῦ
3162 4153 3522 4223 πεποιημένον
3542 4166 3557 4180 ·
3594 4149 3688 4204 καὶ
3717 4145 3784 4222 ἦν

2215 4255 2276 4309 τὸ
2301 4253 2608 4326 ἱλαστήριον
2637 4251 2800 4323 μέσον
2829 4250 2935 4304 τῶν
2960 4246 3224 4321 χερουϐὶμ
3252 4244 3460 4318 ἡνιόχου
3483 4241 3642 4312 δίκην
3665 4241 3782 4294 ἐπι·-

2217 4347 2467 4418 κείμενον
2499 4344 2679 4407 αὐτοῖς
2696 4359 2710 4374 ·
2745 4342 2872 4396 ὥστ’
2899 4341 3037 4397 εἶναι
3070 4343 3253 4397 εἰκόνα
3280 4339 3372 4393 καὶ
3399 4337 3568 4389 τύπον
3591 4335 3657 4388 τὸ
3680 4333 3784 4388 ἀπὸ

2217 4436 2419 4510 χρυσοῦ
2455 4434 2817 4508 πεποιημένον
2849 4436 3156 4506 ἱλαστήριον
3200 4431 3299 4487 τοῦ
3335 4431 3393 4484 ἐν
3425 4427 3503 4500 τῷ
3530 4428 3782 4498 προφήτῃ

2231 4525 2479 4598 Ἐζεκιήλ
2504 4527 2644 4596 ὑπὲρ
2667 4523 2736 4578 τὰ
2769 4524 3036 4597 χερουϐὶμ
3065 4522 3348 4594 ὀφθέντος·
3378 4519 3436 4573 ὃν
3469 4515 3785 4572 ἀποδείκνυ-

2149 4582 2195 4640 D
2223 4582 2320 4690 μεν
2346 4582 2484 4672 εἶναι
2509 4617 2602 4672 τὸν
2615 4582 2803 4686 ’Λόγος
2826 4582 2918 4692 τοῦ
2946 4582 3280 4670 ΘεοῦίὍθεν
3352 4611 3491 4673 θεῖος
3525 4610 3782 4662 Ἀπόστο·

2217 4709 2307 4773 λος
2343 4709 2646 4780 ἱλαστήριον
2662 4694 2833 4762 αύτδν
2862 4706 3019 4762 καλεῖ
3043 4704 3215 4775 λέγων
3231 4719 3246 4735 ⁸
3291 4704 3402 4756 ⁸³ον
3443 4698 3726 4769 προέθετο
3751 4697 3782 4751 ὁ

2222 4801 2367 4868 Θεὸς
2393 4801 2744 4870 ἱλαστήριον
2765 4800 2864 4855 διὰ
2884 4799 3142 4864 πίστεως
3159 4796 3231 4850 ἐν
3250 4792 3332 4860 τῷ
3353 4791 3539 4848 αὑτοῦ
3561 4791 3779 4860 αἵματι.

2221 4892 2403 4947 Ταῦτα
2439 4893 2496 4946 δὲ
2525 4891 2768 4957 τυπικῶς
2791 4889 2940 4964 παρὰ
2964 4890 3187 4945 Μωῦσεῖ
3203 4886 3290 4941 διὰ
3318 4883 3520 4958 χρυσοῦ
3553 4900 3781 4952 πεποιη-

2225 4981 2381 5054 μένα,
2407 4981 2550 5052 λέγω
2575 4982 2632 5037 δὲ
2656 4981 2725 5037 τὰ
2754 4979 3017 5054 χερουϐὶμ
3041 4978 3136 5034 καὶ
3161 4977 3222 5031 τὸ
3251 4976 3576 5047 ἱλαστήριον,
3613 4989 3780 5046 προη-

2220 5077 2368 5145 γεῖτο
2393 5074 2484 5129 τοῦ
2509 5075 2566 5128 ἐν
2596 5071 2664 5147 τῇ
2697 5076 2888 5147 ἐρήμῳ
2913 5072 3044 5128 λαοῦ
3071 5071 3211 5126 κατά
3234 5070 3522 5142 πρόσωπον
3551 5065 3781 5139 Ἐφραῒμ

2222 5168 2316 5222 καὶ
2347 5167 2601 5239 Βενιαμὶν
2633 5169 2727 5222 καὶ
2753 5166 3038 5238 Μανασσῆ.
3104 5165 3193 5218 Ἐν
3220 5162 3330 5233 γὰρ
3354 5164 3420 5232 τῇ
3453 5161 3651 5232 πορείᾳ
3680 5157 3780 5212 τῶν

2223 5258 2300 5313 ιϐ’
2325 5259 2509 5328 φυλῶν
2534 5259 2838 5331 ἔμπροσθεν
2872 5259 2973 5331 μὲν
2995 5258 3095 5330 τῆς
3140 5255 3373 5310 κιϐωτοῦ
3416 5252 3782 5324 παρενέϐαλον

2222 5352 2386 5424 φυλαὶ
2411 5355 2578 5422 τρεῖς,
2625 5351 2816 5416 Ἰούδα,
2843 5352 2939 5406 καὶ
2975 5349 3216 5421 Ἰσάχαρ,
3243 5347 3337 5402 καὶ
3361 5343 3644 5401 Ζαϐουλών
3666 5360 3680 5373 ·
3703 5343 3778 5396 ετ-

2223 5462 2386 5500 ποντο
2405 5445 2462 5499 δὲ
2481 5446 2546 5516 τῇ
2569 5442 2786 5515 κιϐωτῷ
2805 5441 3006 5515 ὁμοίως
3027 5440 3188 5512 φυλαὶ
3207 5440 3376 5510 τρεῖς,
3410 5435 3671 5507 Ἐφραῖμ,
3691 5433 3781 5486 καὶ

2222 5538 2476 5609 Βενιαμὶν
2494 5578 2509 5604 ,
2554 5537 2648 5592 xui.
2691 5537 2958 5607 Μανασσῆ
2977 5577 2992 5603 ,
3027 5535 3168 5591 κατὰ
3197 5534 3366 5588 νώτου
3399 5530 3779 5586 ἀκολουθοῦσαι

2219 5631 2328 5694 τοῖς
2355 5629 2633 5701 χερουϐίμ.
2649 5628 2738 5683 Διὸ
2758 5627 3001 5683 λέλεκται
3023 5624 3253 5681 ἐνταῦθα
3267 5641 3281 5658 ·
3300 5622 3624 5693 Ἐμφάιηθι
3649 5623 3778 5675 καθ-

637 5753 680 5786 ⁶³
715 5753 910 5811 Ezech.
944 5771 996 5821 χ,
1024 5753 1088 5808 l8
1185 5753 1229 5786 “
1267 5751 1461 5810 Ezech.
1497 5767 1543 5815 ι,
1577 5749 1665 5804 26.
1744 5750 1786 5783 ⁸⁸
1814 5748 1970 5804 Rom.
2008 5762 2092 5815 ιιι,
2127 5748 2214 5807 25.
