4008 6210
245 334 346 394 957

1396 319 1901 380 COHMENTARIA
1934 315 2005 373 IN
2041 313 2382 371 PSALMOS.

3381 314 3491 371 958

245 449 457 520 ἥμενος
486 443 584 498 ἐπὶ
615 443 735 498 τῶν
788 440 1069 514 χερουϐἶμ
1108 446 1387 497 εναντίον
1425 439 1687 508 Ἐερραῒμ,
1721 437 1818 490 καὶ

1926 442 2079 502 tergo
2099 429 2385 486 cherubim
2412 434 2727 496 sequentes.
2753 424 3117 492 Quamobrem
3138 427 3226 481 hic
3247 426 3448 482 dicitur
3474 447 3487 481 :

249 538 546 608 Βενιαμὶν,
581 536 679 590 καὶ
705 533 1031 603 Μανασσῆ.
1066 533 1157 586 Διὸ
1190 531 1332 586 κατά
1357 531 1448 586 τὸν
1492 531 1720 608 ’ᾼκύλαν
1744 529 1819 582 εῖ-

251 604 441 708 ρηταιί
489 628 796 698 Καθήμενε
839 626 963 692 τοῖς
995 623 1276 694 χερουϐὶμ
1299 662 1315 687 ,
1362 604 1684 690 ἐπιφὶίνηθι
1732 619 1818 684 εὶς

247 726 568 795 πρόσωπον
603 719 872 790 Ἐφραῒμ,
904 716 1004 772 καὶ
1033 713 1335 784 Βενιαμὶν,
1363 713 1462 768 καὶ
1494 708 1816 779 Μανασσῆ.

248 817 318 871 Σὺ
345 815 472 887 γὰρ,
499 813 684 885 φησὶν,
713 813 741 864 6
762 813 842 875 εἰς
861 809 1152 882 πρόσωπον
1178 806 1274 861 καὶ
1294 804 1526 860 ἐνώπιον
1557 801 1816 875 Ἐφραῒμ,

248 907 341 960 καὶ
357 906 630 976 Βενιαμὶν,
660 903 754 958 καλ⁸
776 901 1042 972 Μανασσῆ
1072 897 1544 972 προπορευόμενος
1569 895 1817 967 ὲμφάνη-

251 996 321 1051 θι.
367 995 736 1050 ’Δνακαλεῖται
771 993 827 1047 δὲ
857 994 915 1047 ὲν
945 991 1157 1056 τούτοις
1181 991 1274 1044 τὸν
1309 987 1404 1042 τοῦ
1433 987 1569 1041 Θεοῦ
1598 986 1768 1056 Λόγον
1792 988 1821 1040 6

249 1088 534 1160 Προφήτης
558 1084 664 1140 ἀπὸ
681 1083 790 1138 τῶν
807 1082 1221 1156 γνωριζομένων
1241 1080 1317 1152 τῷ
1339 1079 1453 1150 λαῷ
1473 1078 1572 1150 τὴν
1597 1079 1822 1150 ἐπίκλη-

249 1195 333 1232 σιν
360 1180 709 1249 ποιούμενος·
739 1175 855 1230 ἀλλ’
887 1177 990 1229 οὐκ
1031 1174 1142 1229 ἀπὸ
1165 1173 1268 1243 τῆς
1297 1171 1573 1235 θεοπτίας,
1607 1171 1713 1240 τῆς
1744 1171 1822 1243 τῷ

247 1272 505 1344 Προφήτῃ
538 1269 786 1341 Ἐζεκιὴλ
806 1266 1162 1339 τεθεαμένης.
1185 1267 1437 1318 Δυσωπεῖ
1456 1263 1512 1317 δὲ
1540 1263 1630 1318 τὸν
1652 1280 1822 1334 παρα-

248 1360 573 1433 καλούμενον
600 1360 689 1415 διὰ
713 1360 816 1431 τῆς
841 1359 1037 1431 εὐχῆς·
1081 1359 1146 1412 El
1169 1355 1278 1429 γάρ
1308 1356 1630 1426 ὑπέμεινας,
1666 1355 1820 1426 φησὶ,

247 1452 420 1525 καιρῷ
440 1469 546 1508 τινι
569 1451 891 1525 πρωδεῦσαι
915 1451 1011 1505 ἀνθ
1021 1449 1237 1523 ρώπων,
1263 1447 1484 1502 καὶτῶν
1507 1442 1823 1520 προλεχθει-

247 1546 354 1600 σῶν
386 1545 694 1617 ἡγήσασθαι
722 1545 904 1616 φυλῶν
927 1584 942 1609 ,
966 1543 1061 1596 καὶ
1089 1541 1185 1597 νῦν
1216 1543 1330 1606 τοῖς
1355 1540 1539 1605 αὐτοῖς
1568 1538 1822 1612 χειμαζοο

247 1636 428 1708 μένοις
459 1631 552 1690 suit
573 1635 965 1706 ἀπολλυμένοις
995 1630 1270 1704 ἔμφάνηθι
1293 1649 1307 1662 ·
1329 1630 1424 1684 καὶ
1453 1631 1516 1684 σύ
1541 1646 1605 1699 γε
1638 1630 1821 1694 αὐτὸς,

243 1729 273 1780 6
304 1728 400 1782 καὶ
431 1728 552 1782 τότε
595 1729 870 1799 ποιμάνας
905 1726 998 1780 καὶ
1043 1725 1498 1797 προηγησάμενος
1534 1723 1629 1777 τοῦ
1669 1722 1819 1786 λαοῦ,

245 1819 545 1889 ἐξέγειρον
580 1819 695 1889 τὴν
736 1817 1103 1873 δυναστείαν
1143 1834 1260 1872 σου
1280 1859 1295 1880 ,
1326 1816 1423 1870 καὶ
1460 1816 1600 1872 ἐλθὲ
1636 1819 1723 1881 είς
1752 1815 1820 1869 τὸ

246 1908 441 1964 σῶσαι
471 1908 646 1980 ἡμᾶς.
693 1908 945 1963 Ἰκετεύει
971 1926 1031 1961 τε
1069 1909 1127 1961 ἐν
1155 1907 1365 1970 τούτοις
1385 1905 1484 1978 τὴν
1511 1908 1590 1970 εἰς
1612 1905 1822 1977 ἀνθρώ·

244 2017 382 2066 πους
413 2002 575 2056 αὐτοῦ
603 2001 784 2071 ἄφιξιν
814 2001 1141 2073 ποιήσασθαι
1172 2000 1268 2055 καὶ
1293 2002 1418 2064 τοὺς
1442 2000 1821 2072 ἀποστραφέν-

239 2109 343 2158 τας
375 2095 471 2148 καὶ
519 2096 578 2148 έν
610 2093 923 2149 ἀποπτῶσει
953 2093 1277 2164 γενομένους
1309 2091 1470 2146 πάλιν
1512 2091 1817 2157 ἀναλαϐεῖν,

244 2186 405 2240 πάλιν
434 2186 528 2240 καὶ
560 2187 640 2248 εἰς
672 2185 833 2240 αὐτὸν
857 2184 1180 2258 ἐπιπρέψαι
1215 2185 1458 2256 ποιῆσαι.
1516 2184 1608 2236 Διὸ
1632 2184 1816 2253 λέγει’

255 2277 310 2330 '0
351 2280 517 2345 Θεὸς,
549 2279 918 2348 ἐπίστρεψον
949 2275 1107 2348 ἡμᾶς
1132 2276 1231 2331 καὶ
1259 2277 1559 2346 exigas-or
1586 2276 1652 2329 τὸ
1681 2277 1822 2345 πρό-

241 2371 450 2424 σωπόν
486 2384 603 2424 σου
621 2409 636 2434 ,
669 2369 768 2423 καὶ
797 2369 1212 2438 σωθησόμεθα.
1262 2370 1439 2437 Κύριε
1468 2371 1500 2422 ό
1530 2366 1672 2434 Θεὸς
1704 2366 1822 2420 τῶν

245 2458 560 2530 δυνάμεων
578 2501 595 2527 ,
648 2461 760 2528 ἕως
797 2461 941 2514 πότε
971 2459 1168 2531 ὀργίζὶι
1194 2459 1291 2513 ἐπὶ
1321 2459 1436 2528 τὴν
1470 2457 1817 2528 προσευχὴν

242 2552 362 2607 τῶν
403 2553 641 2609 δούλων
679 2554 834 2619 σοῦ;
894 2553 950 2605 '0
981 2552 1272 2623 λεγόμενος
1301 2552 1394 2605 ἐπὶ
1421 2551 1517 2605 τοῦ
1557 2552 1823 2622 παρόντος

242 2645 449 2718 Κύριος
481 2647 576 2700 καῖ⁵
606 2646 737 2711 Θεὸς
761 2645 870 2700 τῶν
897 2645 1208 2718 δυνάμεων,
1243 2645 1404 2710 αὐτὸς
1445 2641 1514 2716 ἦν
1557 2647 1761 2708 ἐκεῖνος
1791 2645 1820 2696 6

246 2738 550 2809 ποιμαίνων
576 2738 666 2793 τὸν
697 2738 949 2810 ἀληθινὸν
992 2737 1208 2810 Ἰσραὴλ
1226 2777 1240 2801 ,
1277 2738 1371 2791 καὶ
1395 2738 1665 2809 ὀδηγήσας
1692 2739 1824 2791 ὡσεὶ

247 2831 516 2903 πρόϐατον
537 2833 627 2887 τὸν
655 2831 870 2903 Ἰωσὴφ,
899 2833 992 2885 καὶ
1013 2833 1042 2884 6
1063 2832 1368 2903 καθήμενος
1391 2832 1482 2884 ὲπί
1506 2830 1614 2884 τῶν
1636 2848 1824 2902 χερου-

247 2921 300 2970 6i
307 2937 347 2990 μ
364 2937 379 2951 ·
406 2919 709 2991 προοδεύων
726 2937 784 2974 τε
809 2921 1046 2975 ἐναντίον
1075 2920 1314 2992 Ἐφραῒμ
1336 2921 1429 2974 καὶ
1453 2921 1707 2991 Βενιαμὶν
1729 2922 1822 2975 καὶ

245 3011 539 3081 Μανασσῆ.
571 3011 774 3082 Κύριος
802 3012 855 3066 δὲ
879 3014 973 3067 καὶ
1005 3014 1137 3079 Θεὸς
1160 3013 1264 3067 τῶν
1284 3014 1563 3084 δυνάμεων
1586 3013 1819 3087 εἴρηται,

1919 523 2317 590 Manifestare,
2383 522 2471 592 qui
2539 519 2685 575 sedes
2742 534 2896 586 super
2955 517 3216 571 cherubim
3247 557 3263 581 ,
3315 533 3492 571 coram

1922 615 2203 685 Ephraim,
2245 612 2526 681 Benjamin
2577 621 2627 667 et
2680 610 2949 664 Manasse.
3016 608 3139 663 ldeo
3195 608 3500 664 secundum.

1919 706 2174 777 Aquilam
2221 705 2428 760 dicitur
2464 723 2478 758 :
2514 703 2762 758 Insidens
2807 718 2961 770 super
2997 700 3283 765 cherubim,
3320 704 3494 754 mani-

1921 801 2118 871 festare
2147 801 2200 853 in
2231 800 2369 869 facie
2405 797 2682 868 Ephraim,
2717 793 2997 862 Benjamin
3028 802 3076 847 et
3119 791 3389 846 Manasse.
3411 789 3492 846 Tu

1919 894 2088 960 enim,
2124 893 2323 962 inquit,
2362 891 2457 961 qui
2497 890 2551 944 in
2594 887 2733 942 facie
2774 886 3051 957 Ephraim,
3106 883 3386 952 Bcnjamin
3443 891 3496 937 et

1921 979 2174 1038 Manasse
2221 979 2495 1051 procedis,
2529 975 2904 1032 manifestare.
2952 972 3008 1026 In
3043 972 3129 1027 bis
3149 980 3329 1024 autem
3361 968 3497 1022 Pro-

1921 1075 2081 1146 pheta
2115 1072 2210 1128 Dei
2240 1070 2476 1126 Verbum
2525 1076 2738 1130 evocat,
2763 1067 2832 1120 ab
2872 1065 2941 1120 iis
2980 1080 3102 1134 qum
3141 1063 3338 1132 populo
3370 1068 3495 1114 nota

1919 1173 2079 1222 erant
2105 1179 2303 1218 nomen
2338 1162 2458 1232 ejus
2487 1170 2770 1222 mutuans,
2806 1157 2900 1212 sed
2935 1172 3042 1210 non
3072 1171 3103 1209 a
3154 1155 3336 1208 divina
3365 1151 3496 1206 Eze-

1921 1257 2114 1314 chielis
2137 1257 2370 1311 visione.
2402 1252 2584 1324 Ipsum
2618 1259 2799 1306 autem
2831 1250 2916 1304 his
2935 1248 3114 1303 verbis
3143 1243 3497 1315 supplicando

1921 1349 2215 1420 compellat
2256 1367 2270 1403 :
2303 1346 2359 1401 Si
2384 1345 2622 1416 quodam
2656 1354 2921 1414 tempore,
2947 1341 3143 1412 inquit,
3185 1338 3497 1394 hominibus

1923 1443 2134 1498 anteire
2181 1442 2437 1512 dignatus
2483 1455 2565 1504 cs,
2599 1444 3039 1506 mcmoratasque
3064 1433 3240 1488 tribus
3275 1432 3494 1495 ducere,

1924 1550 2071 1590 nunc
2104 1534 2239 1605 ipsis
2262 1531 2661 1586 ﬂuctuantibus
2683 1536 2743 1584 et
2778 1526 3136 1598 pereuntibus
3164 1539 3392 1594 appare;
3415 1531 3494 1588 tu,

1923 1628 2169 1698 inquam,
2204 1625 2321 1696 ipse
2363 1623 2456 1694 qui
2490 1623 2620 1677 olim
2673 1620 2933 1692 populum
2975 1617 3237 1688 pascebas
3284 1615 3497 1684 ipsique

1925 1719 2193 1785 anteibas,
2229 1718 2401 1772 excita
2431 1716 2720 1785 potentiam
2755 1723 2901 1766 tuam
2945 1721 2994 1765 et
3041 1710 3176 1775 veni,
3223 1718 3280 1762 ut
3325 1707 3498 1778 salvos

1923 1810 2094 1880 facias
2129 1825 2245 1862 nos.
2280 1805 2378 1862 His
2407 1819 2538 1860 vero
2580 1803 2853 1873 supplicat
2882 1808 2941 1854 ut
2971 1799 3039 1854 ad
3073 1797 3323 1854 homines
3353 1811 3501 1851 acce-

1921 1900 2036 1964 dat,
2058 1907 2114 1954 et
2165 1914 2263 1954 eos
2289 1897 2385 1967 qui
2423 1893 2601 1950 aversi
2635 1900 2690 1948 et
2733 1891 2868 1960 lapsi
2907 1899 3083 1953 erant,
3118 1889 3312 1942 iterum
3344 1902 3500 1941 resu-

1923 1996 2058 2055 mat,
2092 1989 2290 2044 iterum
2323 1985 2391 2040 ad
2447 2000 2507 2040 se
2559 1987 2868 2038 convertat.
2921 1977 3266 2048 Ouapmpter
3313 1977 3445 2030 dicit
3483 1997 3497 2031 ε

1922 2082 2086 2146 Deus,
2110 2089 2348 2135 converte
2375 2095 2493 2141 nos,
2520 2085 2571 2130 et
2623 2077 2838 2130 ostende
2867 2073 3059 2142 faciem
3088 2082 3253 2137 tuam,
3286 2081 3335 2124 et
3367 2071 3501 2140 salvi

1919 2173 2213 2226 erimus.—-
2231 2168 2395 2224 Vsus.
2429 2167 2481 2222 5.
2509 2165 2732 2218 Domine
2752 2163 2893 2217 Deus
2936 2163 3212 2225 virtutum,
3239 2176 3504 2231 quousque

1922 2262 2171 2314 irasceris
2206 2275 2362 2328 super
2395 2256 2688 2311 orationem
2728 2268 2998 2307 seruorum
3029 2253 3284 2305 tuorum?
3315 2249 3416 2316 Qui
3446 2251 3502 2304 in

1923 2352 2178 2425 praesenti
2199 2351 2404 2406 dicitur
2453 2347 2716 2402 Dominus
2749 2351 2804 2400 et
2830 2343 2975 2398 Deus
2998 2343 3288 2408 virtutum,
3321 2343 3504 2412 isipse

1921 2455 2039 2502 erat
2083 2445 2179 2516 qui
2243 2442 2504 2514 pascebat
2558 2453 2748 2494 verum
2785 2435 3068 2499 lsraelem,
3119 2444 3174 2489 et
3203 2435 3480 2493 dcdm-eba

1923 2541 2069 2596 sicut
2103 2551 2258 2591 ovem
2282 2531 2508 2602 Ioseph,
2531 2539 2588 2586 et
2614 2529 2708 2600 qui
2741 2527 2965 2584 sedebat
2998 2541 3164 2596 super
3196 2526 3504 2594 cherubim,

1921 2641 1976 2689 et
2005 2633 2098 2704 qui
2127 2626 2413 2685 incedebat
2443 2638 2629 2679 coram
2658 2619 2940 2691 Ephraim,
2980 2617 3264 2686 Benjamin
3302 2626 3356 2672 et
3385 2617 3502 2672 Ma-

1923 2741 2104 2782 nasse.
2150 2721 2416 2778 Dominus
2447 2725 2627 2772 autem
2671 2723 2726 2771 et
2785 2713 2929 2768 Deus
2967 2712 3229 2766 virtutum
3280 2710 3502 2776 dicitur,

1923 2828 1983 2875 ut
2011 2818 2140 2872 alibi
2180 2815 2290 2870 dux
2319 2811 2594 2869 exercitus
2625 2817 2678 2863 ct
2714 2806 2936 2862 virtutis
2963 2803 3202 2864 Domini,
3226 2818 3290 2858 ac
3321 2803 3503 2873 magni

1927 2911 2143 2968 consilii
2177 2906 2439 2979 Angelus.
2466 2903 2593 2959 Jesu
2625 2902 2810 2971 itaque
2857 2897 3062 2969 Moysis
3085 2896 3415 2960 successori,
3449 2896 3504 2950 in

1925 3004 2101 3060 forma
2143 2999 2384 3056 hominis
2413 3009 2683 3068 apparens
2723 2991 2850 3062 quis
2884 2991 3002 3061 ipse
3029 2996 3175 3044 esset
3205 2987 3505 3043 conﬁteba-

246 3103 324 3166 ὡς
354 3104 413 3156 ὲν
457 3104 662 3174 ἑτέροις
693 3104 1128 3176 ἀρχιστράτηγος
1167 3083 1448 3178 δυνάμεως
1481 3083 1705 3177 Κυρίου
1733 3084 1825 3158 καὶ

1930 3105 2040 3157 tur.
2083 3096 2273 3151 dicens
2307 3113 2318 3147 :
2360 3090 2470 3162 Ego
2502 3105 2620 3143 sum
2666 3087 2777 3140 dux
2820 3085 3144 3139 exercituum
3200 3091 3249 3136 et
3297 3083 3505 3136 virtutis

247 3194 497 3266 μεγάλης
509 3195 987 3267 βουλῆςἈγγελος.
1001 3198 1090 3269 Τῷ
1109 3200 1204 3270 μὲν
1219 3195 1312 3252 οὖν
1326 3199 1688 3267 διαδόχῳΜωῦ
1695 3197 1828 3260 σέως

261 3285 437 3358 Ἰησοῦ
458 3329 472 3353 ,
505 3277 566 3340 ¹ἐν
602 3289 838 3358 σχήματι
872 3289 1061 3361 ἀνδρὸς
1095 3290 1316 3360 φανεὶς,
1351 3291 1540 3343 ἑαυτὸν
1563 3289 1828 3360 ὡμολόγει

247 3378 395 3442 ὅστις
409 3374 478 3450 ἦν
499 3379 670 3449 λέγων
687 3395 700 3408 ⁸
736 3379 881 3449 Ἐγώ
901 3383 1016 3450 εἰμι
1032 3380 1506 3450 ἀρχιστράτηγος
1527 3379 1830 3450 δυνάμεως

249 3471 493 3540 Κυρίου.
528 3471 614 3524 Ἐν
638 3471 694 3524 δὲ
717 3469 792 3541 τῷ
819 3471 1016 3542 Ἡσαΐᾳ
1039 3471 1322 3539 λέλεκται,
1339 3473 1421 3526 ὃτι
1441 3471 1684 3526 Παιδίον
1705 3472 1831 3540 ἐγε-

249 3563 403 3630 νήθη
436 3563 585 3634 ἡμῖν
608 3603 624 3629 ,
652 3564 782 3630 υἱὸς
808 3565 906 3620 καὶ
936 3565 1112 3634 ἐδόθη
1145 3566 1309 3636 ἡμῖν.
1367 3561 1450 3621 οὗ
1479 3565 1516 3632 ἡ
1549 3562 1704 3635 ἀρχὴ
1729 3565 1827 3618 ἐπὶ

252 3657 357 3711 τοῦ
380 3657 544 3727 ὤμου
565 3658 774 3724 αὑτοῦ,
803 3658 902 3713 καὶ
927 3657 1193 3713 καλεῖται
1223 3657 1292 3712 τὸ
1313 3657 1506 3726 ὄνομα
1535 3659 1720 3712 αὐτοῦ
1735 3677 1831 3729 μευ

251 3747 442 3817 nunc
458 3747 1002 3820 βουλῆςἈγηοελος.
1027 3749 1186 3805 Κατά
1204 3750 1261 3804 δὲ
1275 3751 1401 3814 τοὺς
1423 3749 1640 3814 λοιποὺς
1661 3751 1832 3823 ἑρμη-

251 3840 471 3905 νευτάςο
507 3841 652 3908 Θεὸς
684 3841 960 3908 δυνατὸς,
982 3842 1417 3913 ἐξουσιαστὴς,
1449 3844 1650 3914 ἄρχων
1669 3845 1828 3916 εἰρή-

250 3947 364 3998 νης
389 3972 405 3997 ,
439 3931 643 4002 πατὴρ
679 3933 912 4001 αιῶνος.
979 3933 1151 3988 Τοῦτο
1178 3935 1356 3989 τοίνυν
1384 3935 1691 3991 διδάσκεται
1725 3938 1830 3992 ὑπὸ

249 4023 342 4076 τοῦ
377 4022 699 4093 Πνεύματος
732 4023 829 4077 τοῦ
867 4024 1206 4098 προφητικοῦ
1236 4026 1402 4098 εὐχὴν
1431 4026 1772 4098 ἀναπέμπειν
1801 4031 1830 4084 6

251 4114 636 4185 καταλειφθεὶς
669 4115 874 4188 ἔρημος
902 4115 1028 4182 λαὸς
1049 4157 1065 4184 ,
1101 4118 1195 4172 καὶ⁵
1220 4118 1369 4190 αὐτῷ
1399 4119 1604 4188 λέγειν’
1653 4122 1831 4188 Κύριε

249 4208 284 4260 ὀ
317 4206 462 4275 Θεὸς
489 4206 613 4260 τῶν
643 4206 954 4277 δυνάμεων
972 4248 988 4274 ,
1039 4209 1151 4277 ἕως
1183 4210 1327 4264 πότε
1361 4208 1560 4281 ὀργίζῃ
1590 4210 1690 4264 ἐπὶ
1717 4209 1832 4279 τὴν

250 4298 612 4370 προσευχὴν
628 4300 734 4354 τοῦ
758 4300 984 4354 δούλου
1008 4315 1123 4356 σου
1136 4317 1156 4365 ;
1194 4301 1333 4356 Ἀνθ“
1348 4296 1410 4356 οὗ
1431 4303 1481 4356 οἱ
1504 4302 1680 4356 λοιποὶ
1704 4303 1830 4358 πάν-

251 4407 343 4454 τες
380 4392 719 4464 ἐρμηνευταὶ
741 4431 757 4456 ,
789 4393 896 4446 τοῦ
927 4392 1082 4447 λαοῦ
1129 4409 1276 4462 σου,
1305 4396 1677 4467 ἡρμήνευσαν.
1739 4397 1830 4449 Δι-

1930 3187 2146 3242 Domini
2174 3187 2239 3240 ⁸⁸.
2276 3183 2334 3238 in
2355 3183 2492 3239 Isaia
2517 3196 2644 3236 vero
2673 3178 2878 3233 dictum
2906 3185 2992 3231 est
3016 3195 3030 3230 :
3073 3175 3215 3229 Puer
3242 3185 3396 3228 natus
3428 3184 3507 3229 est

1931 3281 2102 3344 nobis,
2153 3290 2203 3333 et
2243 3278 2388 3346 [ilius
2437 3275 2595 3328 datus
2639 3281 2716 3326 est
2762 3270 2930 3325 nobis.
2965 3267 3131 3338 Cujus
3179 3269 3505 3338 principatus

1930 3390 2085 3442 super
2121 3371 2392 3425 humerum
2421 3368 2558 3437 ejus,
2583 3374 2634 3420 et
2659 3362 2932 3419 vocabitur
2959 3376 3143 3414 nomen
3171 3361 3285 3430 ejus
3329 3362 3508 3430 magni

1930 3465 2136 3522 consilii
2168 3462 2380 3533 angelus
2403 3462 2468 3514 ³⁷.
2505 3456 2815 3515 Secundum
2843 3453 3086 3524 reliquos
3132 3453 3454 3523 interpretes
3489 3473 3504 3509 :

1929 3559 2073 3614 Deus
2121 3557 2299 3627 fortis,
2343 3564 2551 3624 potens,
2595 3552 2834 3622 princeps
2891 3547 3061 3618 pacis,
3112 3557 3264 3614 pater
3303 3547 3504 3602 saeculi.

1930 3651 2047 3708 Hoc
2079 3651 2264 3720 itaque
2297 3648 2525 3703 docetur
2581 3660 2614 3700 a
2671 3641 2877 3714 Spiritu
2928 3639 3246 3711 prophetico
3275 3639 3507 3709 p0pulus

1931 3745 2024 3815 qui
2081 3741 2379 3799 derelictus
2429 3748 2534 3802 est.
2563 3747 2624 3793 ut
2647 3735 2866 3793 emittat
2906 3733 3212 3788 orationem
3259 3745 3313 3786 et
3360 3732 3509 3787 dicat

1932 3835 2066 3907 ipsi:
2093 3834 2316 3888 Domine
2343 3833 2479 3887 Deus
2505 3833 2782 3896 uirtutum,
2799 3842 3067 3899 quousque
3088 3825 3336 3879 irasceris
3353 3841 3508 3894 super

1932 3929 2222 3982 orationem
2267 3925 2401 3980 servi
2441 3925 2556 3979 tui?
2597 3921 2706 3976 Pro
2729 3936 2839 3992 quo
2869 3919 3067 3990 reliqui
3108 3935 3299 3974 omnes
3335 3918 3506 3974 inter-

1931 4028 2133 4092 pretes,
2154 4019 2336 4089 populi
2366 4019 2465 4082 tui,
2502 4014 2842 4086 interpretati
2867 4019 3017 4068 sunt.
3040 4012 3315 4068 Docentur
3342 4027 3506 4083 porro

1932 4127 2124 4183 panem
2152 4113 2512 4182 lacrymarum
2545 4107 2833 4164 comedere
2867 4120 2966 4176 pro
2996 4104 3222 4160 ausibus
3258 4105 3406 4169 suis,
3446 4113 3507 4160 ut

1931 4204 2074 4260 mala
2107 4219 2207 4259 sua
2257 4201 2452 4257 ﬂentes
2486 4215 2550 4256 ac
2605 4200 2872 4270 lugentes,
2907 4197 3338 4252 consolationem
3361 4197 3504 4252 obti-

1930 4305 2115 4360 neant,
2146 4303 2206 4348 ut
2236 4295 2291 4349 in
2324 4292 2757 4348 beatitudinibus
2778 4290 2982 4345 dicitur
3011 4307 3026 4344 :
3062 4289 3215 4343 Beati
3235 4290 3326 4359 qui
3352 4289 3502 4357 ﬂent,

1930 4389 2178 4459 quoniam
2199 4386 2461 4440 ridebunt.
2502 4385 2654 4438 Beati
2675 4384 2767 4449 qui
2809 4383 3001 4452 lugent,
3030 4382 3280 4451 quoniam
3319 4398 3506 4436 conso-

252 4462 546 4539 6cisxoveatt
587 4484 645 4538 δὲ
675 4485 769 4538 καὶ
797 4485 962 4556 ἄρτον
992 4483 1240 4556 δακρύων
1280 4462 1481 4542 ἐσθίειν
1510 4488 1595 4558 ἐφ’
1633 4484 1712 4553 οἷς
1743 4506 1825 4542 τε-

1934 4481 2182 4535 labuntur
2226 4480 2291 4534 ⁸⁸.
2353 4477 2664 4534 Secundum
2735 4474 3121 4546 Symmachum
3174 4481 3352 4527 autem
3387 4493 3401 4528 :
3435 4505 3500 4535 -τ

255 4573 594 4647 τολμήκασιν
615 4592 629 4607 ο
675 4575 764 4641 ἵν’,
811 4574 1286 4647 ἀποκλαυσάμενοι
1334 4577 1404 4632 τά
1448 4579 1656 4632 ἑαυτῶν
1688 4579 1833 4634 κακά

256 4665 350 4718 καὶ
379 4666 772 4737 πενθήσαντες,
798 4666 1011 4738 τύχοιεν
1032 4668 1427 4740 παρακλήσεως
1453 4670 1593 4724 κατὰ
1620 4672 1710 4725 τὸν
1731 4672 1834 4744 φή-

260 4773 426 4832 σαντα
458 4761 838 4832 μακαρισμόνο
867 4761 1156 4830 Μακάριοι
1183 4765 1236 4817 ol
1267 4763 1598 4831 κλαίοντες,
1632 4764 1721 4818 ὅτι
1741 4780 1834 4834 γε-

259 4847 578 4904 ddam-ear
605 4851 885 4920 μακάριοι
908 4855 962 4906 οί
995 4853 1356 4921 πενθοῦντες
1375 4896 1390 4919 ,
1413 4855 1502 4909 ὅτι
1527 4858 1834 4923 παρακλη-

261 4940 571 5008 θήσονται.
592 4943 748 4998 Κατά
768 4943 828 4997 δὲ
843 4944 936 4998 τὸν
956 4945 1250 5017 Σύμμαχον
1267 4963 1280 4976 ·
1311 4947 1640 5017 Ἐψώμισας
1655 4947 1832 5018 ἡμᾶς,

263 5035 426 5103 φησὶν
445 5076 460 5101 ,
501 5034 684 5103 ἄρτον
723 5035 996 5106 δακρύων
1013 5077 1030 5102 ,
1078 5039 1178 5092 καὶ
1201 5039 1484 5107 ἐπότισας
1509 5040 1666 5111 ἡμᾶς
1687 5042 1836 5111 μετὰ

263 5120 537 5192 δακρύων
566 5127 778 5196 μέτρῳ.
847 5129 910 5182 Ei
941 5128 1050 5200 γὰρ
1078 5130 1172 5184 καὶ
1201 5129 1269 5184 τὰ
1303 5130 1534 5202 μάλιστα
1561 5132 1834 5204 κλαυθμοῦ

266 5215 358 5268 καὶ
387 5217 638 5290 δακρύων
662 5218 800 5283 ἄξιοι
829 5221 1160 5292 γεγόναμεν,
1204 5221 1345 5275 ὥστε
1369 5223 1490 5276 ἀντὶ
1513 5224 1676 5294 ἄρτου
1710 5223 1834 5295 τρέ-

266 5307 463 5372 φεσθαι
511 5308 805 5379 κλαυθμοῖς
855 5313 948 5366 καὶ
1001 5316 1363 5384 στεναγμοῖς,
1395 5313 1492 5367 καὶ
1525 5313 1833 5379 ποτιζεσθαι

267 5393 498 5469 δάκρυσι
541 5399 633 5452 καὶ
677 5400 855 5468 γόοις·
913 5401 1027 5455 ἀλλ’
1068 5403 1207 5458 αὐτὰ
1243 5403 1416 5458 ταῦτα
1448 5405 1836 5477 μεμετρημένα

271 5485 399 5556 ἡμῖν
427 5485 679 5555 γινέσθω,
712 5487 851 5543 ὥστε
886 5490 961 5563 μὴ
994 5492 1074 5557 εἰς
1105 5492 1329 5563 ἄπειρον
1361 5495 1490 5567 ἡμῖν
1523 5495 1836 5567 παραταθῆ⁹

273 5595 357 5635 ναι
380 5599 394 5612 ·
423 5581 584 5653 λῆξαι
613 5583 668 5638 δέ
704 5601 853 5650 ποτε,
889 5587 979 5640 καὶ
1008 5585 1329 5658 μεταϐαλεῖν
1359 5587 1452 5641 ἐπὶ
1474 5585 1535 5640 τὸ
1563 5585 1838 5656 φαιδρότε-

346 5739 392 5770 ⁶⁶
427 5737 544 5796 Jos.
577 5757 629 5810 ν,
665 5741 748 5798 14.
825 5743 868 5774 θ’
906 5741 1010 5802 isa.
1048 5759 1101 5800 Ix
1127 5783 1142 5811 ,
1175 5742 1229 5800 6.
1307 5743 1350 5778 ⁸⁵
1387 5742 1578 5801 Matth.
1617 5761 1669 5811 ν,
1701 5743 1758 5800 5.

1930 4572 2100 4630 Vens.
2153 4572 2207 4628 6.
2253 4571 2458 4628 Cibasti
2490 4587 2606 4634 nos,
2642 4568 2838 4639 inquit,
2871 4581 3005 4635 pane
3037 4565 3415 4635 lacrymarum,
3454 4577 3502 4620 et

1927 4667 2123 4736 potasti
2153 4681 2246 4720 nos
2275 4680 2391 4719 cum
2413 4663 2661 4734 lacrymis
2679 4675 2944 4715 mensura.
2968 4657 3082 4714 Etsi
3111 4673 3343 4728 namque
3375 4659 3501 4714 ﬂetu

1929 4767 1984 4814 ct
2017 4758 2273 4830 lacrymis
2299 4757 2446 4829 digni
2478 4756 2654 4812 simus
2677 4795 2693 4822 ,
2728 4761 2788 4808 ut
2817 4754 2938 4808 loco
2965 4752 3148 4824 panis,
3190 4751 3406 4808 ﬂetibus
3440 4768 3505 4808 ac

1930 4850 2222 4922 gemitibus
2249 4851 2484 4915 alamur,
2517 4848 2781 4920 lacrymis
2807 4857 2860 4902 et
2893 4845 3378 4902 lamentationibus
3409 4862 3508 4918 po-

1935 4950 2114 4997 temur
2140 4960 2155 5011 ;
2187 4950 2244 4997 at
2265 4943 2380 4998 haec
2410 4943 2527 5012 ipsa
2557 4949 2870 4998 mensurate
2899 4939 3060 4994 nobis
3088 4938 3391 5005 tradantur,
3431 4940 3510 4995 ita

1936 5042 1996 5090 ut
2027 5051 2138 5090 non
2160 5040 2214 5090 in
2256 5035 2530 5090 infinitum
2571 5033 2910 5105 procedant,
2945 5030 3042 5086 sed
3070 5032 3364 5102 aliquando
3384 5047 3504 5088 ces-

1934 5135 2078 5189 sent.
2111 5143 2175 5182 ac
2196 5129 2250 5183 in
2277 5127 2607 5199 jucundiora
2638 5131 2938 5180 mutentur.
2967 5121 3048 5177 Tu
3071 5117 3220 5178 enim
3246 5123 3434 5194 (Vens.
3453 5123 3511 5192 7)

1935 5221 2161 5289 posuisti
2208 5237 2302 5276 nos
2342 5221 2396 5274 in
2443 5218 2913 5274 contradictionem
2949 5217 3134 5272 vicinis
3180 5217 3394 5279 nostris,
3456 5223 3510 5268 et

1935 5313 2138 5367 inimici
2167 5313 2334 5368 nostri
2364 5311 2819 5367 subsannaverunt
2848 5328 2942 5366 nos
2973 5325 2992 5364 :
3018 5311 3114 5382 qui
3169 5325 3280 5364 non
3330 5305 3510 5362 simile

1938 5406 2215 5477 quidpiam
2244 5405 2373 5461 olim
2395 5405 2518 5461 ausi
2555 5415 2742 5460 contra
2780 5419 2882 5460 nos
2904 5409 3052 5470 sunt,
3076 5415 3200 5456 cum
3241 5405 3294 5452 te
3329 5402 3510 5466 patro-

1940 5513 2071 5553 num
2103 5499 2449 5556 haberemus.
2477 5497 2841 5565 Quamobrem
2887 5497 3076 5567 (Vens.
3105 5493 3160 5560 8)
3193 5501 3505 5562 precamur,

1941 5598 1997 5648 et
2034 5601 2088 5650 te
2123 5590 2294 5651 Deum
2345 5593 2607 5649 virtutum
2650 5591 2988 5654 invocamus,
3025 5584 3394 5654 supplicantes
3444 5585 3509 5638 ιιι
