4008 6210
520 309 632 368 959
858 315 863 319 ’
1195 306 1468 363 EUSEBII
1507 304 1987 364 CESARIENSIS
2024 304 2176 364 OPP.
2216 307 2399 365 PARS
2435 307 2526 364 Ill.
2557 338 2624 350 —-
2652 304 3064 364 EXEGETICA.
3669 310 3780 370 960

524 444 626 485 nos
653 432 958 482 convertas.
1013 422 1168 490 Quod
1217 439 1354 479 sane
1405 424 1619 479 eveniet
1665 423 1713 480 si
1769 424 2098 495 conspicuus

2204 443 2312 498 ρον.
2351 428 2424 480 Σὺ
2452 424 2560 499 γὰρ
2591 426 2733 481 ἔθου
2764 422 2923 495 ἡμᾶς
2945 426 3035 490 εις
3060 422 3406 493 ἀντιλογίαν
3435 422 3563 491 τοῖς
3593 424 3781 495 γειτο-

524 522 624 575 tias
652 527 705 574 ct
727 518 935 573 vultum
961 525 1115 571 tuum
1144 516 1407 572 ostendas
1428 515 1610 572 nobis.
1633 514 1769 571 Nam
1799 517 1849 572 si
1878 516 1930 571 id
1959 531 2092 572 con-

2201 532 2308 572 σιν
2329 517 2517 600 ήμῶη,
2551 518 2649 572 καὶ
2673 520 2729 571 ol
2754 517 2953 587 ἐχθροὶ
2981 516 3149 586 ήμῶν
3170 514 3580 586 ἐμυκτήρισαν
3599 516 3779 588 ἡμᾶς,

522 610 776 674 cedatur,
814 609 949 664 salvi
995 610 1223 672 erimus,
1275 625 1341 664 ac
1391 623 1493 666 nos
1548 624 1768 680 quoque
1802 609 2095 665 dicemus:

2206 610 2372 682 μηδὲν
2414 609 2617 664 τούτων
2654 611 2822 665 πάλαι
2850 609 2973 664 καθ’
3012 608 3167 680 ἡμῶν
3204 608 3510 681 τολμῶντες
3527 650 3542 675 ,
3574 610 3669 664 ὅτε
3718 628 3780 665 σε

523 703 804 773 Signatum
861 716 941 756 est
993 717 1148 772 super
1181 718 1277 757 nos
1328 702 1503 757 lumen
1556 701 1731 757 vultus
1780 703 1880 768 tui,
1911 700 2098 757 Domi-

2204 700 2514 774 προστάτην
2540 703 2779 775 εἴχομεν.
2808 702 2898 757 Διδ
2915 702 3168 773 δεόμεθα,
3187 702 3282 757 καὶ
3303 701 3397 756 τὸν
3416 702 3550 757 Θεὸν
3572 703 3686 756 τῶν
3701 701 3775 756 δυ

519 813 584 851 ne
621 798 685 849 θ’.
2206 793 2426 866 νάμεων
2436 792 2707 847 άνακαλού
2715 792 2875 864 μεθα,
2889 793 3217 866 ἐπιπρέψαι
3228 794 3378 864 ἡμᾶς
3401 791 3783 848 καθικετεύου-

516 904 628 951 τες.
666 887 835 941 Τοῦτο
853 887 909 940 δὲ
931 886 1083 941 ἐσται
1107 887 1157 939 εἰ
1178 887 1448 959 ἐπιφανὴς
1470 886 1667 957 γένοιο,
1697 888 1874 943 καὶτὸ
1933 884 2129 941 σαυτοῦ
2168 884 2458 957 πρόσωπον
2491 884 2811 951 ὲπιδείξειας
2850 888 3000 957 ἡμῖν.
3062 885 3264 939 Τούτου
3323 883 3432 955 γάρ
3463 883 3778 955 γενομένω,

521 978 877 1050 σωθησόμεθα
902 977 1144 1045 λέξοντες
1166 978 1231 1032 ἂν
1263 979 1357 1033 καί⁵
1384 980 1544 1050 ἡμεῖς
1561 997 1577 1014 θ
1617 979 1974 1051 Ἐσημειώθη
2004 978 2098 1049 ἐφ’
2135 977 2296 1048 ἡμᾶς
2326 977 2395 1032 τὸ
2426 977 2557 1048 φῶς.
2580 976 2689 1032 τοῦ
2718 977 3041 1047 προσώπου
3073 992 3212 1043 σου,
3240 977 3438 1047 Κύριε.

590 1088 755 1145 Vens.
787 1092 841 1147 9.
881 1090 1096 1145 Vineam
1128 1090 1193 1144 de
1213 1090 1448 1162 Egypto
1498 1093 1821 1148 transtulisti
1849 1109 1868 1149 :
1900 1094 2098 1164 ejecisti

2271 1093 2579 1163 ’Ἄμπελον
2591 1093 2661 1160 ἐξ
2680 1095 2982 1164 Αἰγύπτου
2993 1093 3257 1165 μετῆρας
3272 1110 3286 1124 ·
3308 1093 3594 1159 ἐξέϐαλες
3612 1093 3777 1162 ἔθνη,

519 1193 696 1255 gentes
730 1190 781 1239 et
816 1182 1078 1252 plantasti
1104 1200 1244 1238 eam.
1289 1183 1413 1238 Dux
1454 1186 1661 1240 itineris
1701 1186 1853 1255 fuisti
1884 1170 1939 1239 in
1976 1202 2098 1240 con-

2201 1184 2296 1238 καί
2312 1186 2764 1255 κατεφύτευσας
2782 1184 2996 1254 αὐτήν.
3027 1184 3424 1253 Ὠδοποίησας
3440 1183 3782 1253 ἔμπροσθεν

519 1284 698 1344 specta
723 1274 857 1343 ejus,
887 1284 934 1328 et
964 1274 1223 1343 plantasti
1254 1276 1459 1331 radices
1490 1276 1628 1346 ejus,
1652 1285 1703 1331 et
1737 1276 1969 1345 implevit
2002 1286 2098 1330 ter:

2201 1273 2508 1344 αὐτῆς-,καὶ
2524 1278 2973 1347 κατεφύτευσας
2989 1277 3097 1339 τὰς
3102 1276 3270 1346 ῥίζας
3284 1275 3594 1344 corrigam!
3604 1273 3780 1339 ἐπλή-

521 1385 658 1423 ram.
677 1367 1142 1438 Supplicationem
1172 1368 1394 1425 ordiens
1419 1369 1713 1440 PrOpbeta,
1734 1383 1859 1425 eum
1888 1368 1980 1438 qui
2004 1382 2097 1438 pa-

2201 1379 2349 1430 ρωσε
2369 1365 2484 1435 τὴν
2498 1367 2634 1437 γῆν.
2655 1367 2978 1440 Ἀρχόμενος
2995 1367 3094 1439 τῆς
3116 1366 3397 1438 ἱκετηρίας
3416 1367 3444 1419 ό
3463 1364 3779 1435 Προφήτης,

521 1464 624 1519 scit
654 1462 822 1517 Israel
844 1462 1130 1519 evocabat.
1163 1461 1294 1517 Erat
1325 1471 1507 1519 autem
1538 1462 1704 1520 Israel
1734 1478 1766 1517 a
1795 1470 2094 1517 memorata

2201 1457 2284 1510 τὸν
2300 1458 2651 1529 ποιμαίνοντα
2666 1460 2756 1514 τὸν
2767 1460 2983 1532 Ἰσραὴλ
2996 1455 3440 1514 άνεκαλεῖτο.*Ην
3454 1457 3550 1510 δὲό
3560 1454 3780 1527 Ἰσραὴλ

518 1554 610 1609 hic
634 1555 791 1610 vinea
825 1554 1098 1611 diversus.
1131 1555 1268 1610 Nam
1310 1557 1403 1613 ille
1428 1557 1647 1627 quidem
1682 1570 1898 1625 semper
1925 1570 1956 1608 a
1989 1554 2094 1608 Do-

2201 1549 2387 1622 ἒτερος
2414 1551 2510 1622 τῆς
2542 1550 2777 1606 ἐνταῦθα
2813 1552 3111 1625 λεγομένης
3146 1551 3411 1624 ἀμπέλου.
3463 1550 3523 1605 '0
3547 1552 3646 1622 μὲν
3670 1551 3779 1622 γὰρ

521 1648 672 1702 mino
701 1647 981 1718 pa'scitur;
1017 1647 1132 1703 haec
1162 1660 1343 1705 autem
1375 1650 1534 1704 vinea
1564 1650 1618 1703 in
1659 1647 1895 1718 pcjorem
1924 1647 2095 1702 multo

2201 1641 2287 1693 ἀεὶ
2308 1641 2650 1712 ποιμαίνεται
2668 1643 2773 1697 ὑπὸ
2786 1643 2879 1698 τοῦ
2895 1644 3099 1716 Κυρίου
3120 1662 3135 1676 ·
3152 1648 3186 1717 ἡ
3206 1644 3263 1697 δὲ
3278 1643 3526 1716 παροῦσα
3538 1643 3781 1714 ἄμπελος

519 1741 890 1796 conditionem
957 1740 1277 1796 declinavit.
1356 1739 1462 1796 Per
1526 1740 1851 1810 religiosum
1913 1746 2095 1793 autem

2201 1735 2397 1808 πολλὴν
2420 1737 2679 1808 ὑπέμεινε
2702 1737 2800 1810 τὴν
2832 1738 2925 1791 ἐπὶ
2946 1738 3015 1791 τὰ
3035 1738 3200 1809 χείρῳ
3223 1740 3419 1810 ῥοπήν.
3446 1740 3700 1791 Δυσωπεί
3722 1738 3780 1791 δὲ

520 1835 732 1900 virum,
788 1834 941 1888 illum
995 1849 1191 1903 nempe
1248 1833 1378 1888 olim
1431 1831 1687 1887 lsraeletn
1718 1873 1734 1898 ,
1794 1830 1903 1887 Deo
1968 1846 2095 1901 sup-

2202 1828 2290 1883 διὰ
2311 1828 2406 1883 τοῦ
2431 1828 2712 1901 θεοφιλοῦς
2730 1831 2923 1903 ἀνδρὸς
2946 1831 3040 1885 τοῦ
3083 1830 3251 1885 πάλαι
3290 1830 3507 1904 Ἰσραὴλ
3533 1832 3627 1884 τὸν
3646 1829 3779 1885 Θεὸν

520 1927 686 1995 plicat
720 1933 779 1979 ut
814 1926 1052 1996 posteris
1087 1925 1205 1980 suis
1246 1926 1388 1980 male
1432 1925 1719 1996 agentibus
1772 1925 2094 1995 prospiciat.

519 2017 710 2073 F1erit
743 2032 875 2072 vero
913 2016 1103 2081 Israel,
1131 2018 1420 2089 perspicax
1461 2017 1641 2071 omnis
1677 2017 1881 2080 anima,
1911 2032 2034 2088 qua:
2069 2029 2099 2068 a

518 2110 665 2164 bono
707 2118 927 2180 pastore
970 2124 1187 2179 semper
1237 2109 1504 2180 pascitur.
1558 2108 1729 2164 Vinea
1781 2116 1961 2163 autem
2005 2104 2098 2161 Dei

523 2201 762 2265 dicatur,
815 2216 935 2271 qua:
974 2202 1270 2273 imaginem
1295 2210 1480 2259 servat
1504 2202 1625 2272 ejus
1649 2203 1742 2273 qui
1768 2204 1828 2257 in
1859 2200 2102 2270 Evange-

524 2294 596 2349 lio
635 2291 820 2347 dixit:
866 2291 976 2363 Ego
1028 2308 1146 2347 sum
1195 2293 1318 2347 uitis
1374 2309 1497 2347 vera
1521 2294 1599 2360 7°;
1658 2295 1813 2347 vinea
1865 2306 1992 2346 vero
2032 2306 2101 2346 ex

519 2380 755 2453 Aﬁgfpto
786 2383 1074 2448 translata,
1102 2389 1187 2438 est
1219 2383 1402 2438 anima
1433 2384 1849 2439 subversionem
1883 2396 2044 2451 passa
2081 2401 2093 2437 :

520 2478 698 2548 qmlis
751 2477 853 2533 fuit
902 2477 1167 2534 Iudaicus
1216 2478 1455 2549 populus
1505 2478 1600 2549 qui
1651 2476 1783 2532 olim
1832 2476 2099 2532 diuturno

518 2575 765 2637 tempore
798 2567 939 2622 idola
973 2566 1029 2621 in
1063 2565 1301 2639 Ευριο
1334 2567 1531 2631 coluit,
1564 2582 1629 2622 ac
1679 2581 1804 2622 cum
1851 2566 2098 2621 modicos

521 2657 734 2714 fructus
766 2658 1109 2729 protulisset,
1139 2667 1200 2712 ut
1222 2657 1291 2714 de
1316 2658 1424 2713 illis
1450 2656 1779 2712 trstilicatul‘
1806 2656 2021 2729 Moyses
2044 2658 2099 2713 in

519 2763 718 2820 magno
749 2748 966 2804 cantico
999 2747 1116 2802 haec
1149 2747 1444 2805 scribens:
1476 2746 1619 2801 Nam
1649 2763 1714 2801 ea:
1744 2748 1894 2802 vinea
1926 2745 2100 2802 Sodo-

523 2856 730 2893 morum
757 2840 909 2894 vinea
933 2856 1138 2903 eorum,
1170 2849 1220 2894 et
1250 2841 1451 2909 palntes
1477 2856 1659 2893 eorum
1686 2856 1751 2894 ex
1783 2838 2096 2896 Gomorrlia.

528 2928 642 2985 Uva
667 2946 847 2984 eorum
877 2946 979 2984 uva
1026 2929 1190 2999 fellis,
1237 2930 1419 2985 botrus
1469 2929 1846 2984 amaritudinis
1892 2946 2095 2985 eorum.

524 3021 576 3089 Γ
580 3039 705 3076 uror
733 3024 1027 3078 draconum
1055 3024 1231 3078 uinum
1263 3040 1464 3087 eorum,
1494 3033 1543 3078 et
1575 3022 1728 3092 furor
1748 3024 1991 3094 aspidum
2018 3026 2101 3077 in-

526 3113 786 3169 sanabilis
806 3115 887 3181 ";
919 3101 1135 3171 etiamsi
1164 3115 1478 3186 bujusmodi
1502 3125 1708 3179 essent,
1734 3115 1870 3186 ipsis
1893 3116 2102 3187 prospi-

524 3207 676 3264 ciens
721 3205 866 3263 Deus
906 3208 1331 3279 transplantavit
1372 3223 1491 3273 eos,
1539 3209 1755 3265 radices
1800 3224 1988 3263 eorum
2032 3224 2101 3263 ex

526 3298 850 3371 Egyptiaco
879 3300 1304 3364 satuevellens,
1343 3300 1397 3354 in
1430 3300 1703 3371 aliamque
1745 3308 1950 3356 terram
1982 3299 2102 3370 pin-

524 3409 792 3464 guemque
844 3393 1021 3448 locum
1081 3392 1449 3457 transferens,
1499 3400 1559 3448 ut
1602 3393 1763 3448 docet
1806 3391 1978 3448 Isaias
2015 3391 2102 3448 his

525 3486 709 3541 verbis
742 3505 755 3539 :
797 3484 963 3540 Vinea
994 3485 1139 3555 [acta
1168 3494 1246 3539 est
1282 3484 1471 3540 dilecto
1493 3485 1552 3538 iu
1582 3475 1827 3539 cornuin
1853 3483 1965 3539 loco
1984 3484 2104 3553 pin-

523 3580 634 3650 gui.
682 3576 750 3632 Et
795 3594 966 3647 sepem
1009 3578 1393 3646 circumposui,
1432 3585 1482 3631 et
1519 3576 1735 3644 vallari,
1776 3584 1826 3631 et
1864 3575 2103 3646 plantavi

526 3674 731 3726 vineam
777 3670 992 3727 Soreclt.
1045 3669 1114 3725 Et
1145 3666 1404 3740 wdiﬁbavi
1447 3671 1636 3724 turrim
1677 3671 1734 3724 in
1768 3669 1939 3724 medio
1964 3669 2099 3739 ejus,

525 3774 575 3818 et
612 3763 946 3833 protorcular
978 3763 1091 3833 fodi
1120 3764 1173 3817 in
1199 3764 1344 3818 ea".
1369 3762 1433 3817 Et
1457 3779 1590 3819 sane
1617 3779 1742 3818 cum
1773 3764 1827 3819 in
1850 3762 2103 3834 pinguio-

525 3872 642 3911 rem
682 3868 737 3911 et
770 3858 940 3911 multo
972 3857 1251 3911 meliorem
1297 3854 1535 3928 Egypto
1577 3856 1854 3928 regionem
1906 3855 2104 3926 praedi-

527 3953 672 4001 ctam
713 3946 928 4001 vineam
978 3947 1380 4012 transtulisset,
1417 3962 1538 4004 eam
1572 3947 1646 4003 ibi
1678 3948 1965 4019 plantavit.
1998 3945 2101 4000 De-

528 4036 677 4099 inde,
703 4042 892 4106 utpote
939 4038 1180 4107 optimus
1211 4037 1472 4106 agritcla,
1516 4048 1641 4107 post
1680 4037 1914 4108 primam
1954 4037 2100 4090 illam

529 4127 969 4193 translationem,
1009 4128 1120 4183 dux
1151 4127 1363 4184 itineris
1393 4128 1495 4183 fuit
1525 4145 1580 4182 in
1619 4137 1916 4199 conspectu
1957 4127 2099 4197 ejus,

528 4218 820 4276 fruticibus
862 4219 1082 4286 amotis,
1120 4219 1376 4290 omnique
1416 4220 1590 4275 aliena
1628 4221 1853 4289 materia
1893 4221 2099 4284 excisa,

526 4317 590 4366 ut
618 4311 722 4384 ipsi
758 4312 944 4370 nullus
985 4312 1126 4368 obex
1151 4312 1219 4367 ad
1249 4311 1525 4367 fructuum
1559 4313 1908 4368 emissionem
1939 4311 2101 4369 ades-

526 4413 631 4462 set.
676 4405 782 4462 Pro
811 4406 904 4460 illo
930 4413 1132 4472 autem,
1162 4405 1283 4460 Dux
1314 4406 1518 4461 itineris
1551 4405 1703 4475 fuisti
1739 4406 1795 4459 in
1826 4415 2102 4474 conspectu

2201 1924 2282 1986 εἰς
2312 1923 2372 1976 τὸ
2403 1923 2694 1994 ἐπιϐλέψαι
2723 1923 2908 1987 κακῶς
2940 1924 3239 1995 πράττουσι
3268 1924 3380 1987 τοῖς
3413 1923 3622 1976 ἐκείνου
3645 1924 3777 1978 ἀπο-

2200 2017 2395 2086 γόνοις.
2431 2016 2529 2088 Εἴη
2561 2017 2607 2071 δ’
2635 2016 2701 2071 ἂν
2741 2016 2955 2089 Ἰσραὴλ
3000 2017 3093 2070 καὶ
3121 2018 3271 2070 πᾶσα
3310 2014 3590 2087 διορατικὴ
3633 2015 3780 2087 ψυχὴ

2202 2106 2307 2159 ὑπὸ
2348 2106 2442 2159 τοῦ
2487 2105 2650 2159 καλοῦ
2688 2106 2957 2177 ποιμένος,
2984 2104 3073 2159 διὰ
3112 2105 3313 2170 παντὸς
3358 2104 3774 2176 ποιμαινομένη.

2201 2196 2428 2268 Λεχθείη
2460 2197 2505 2251 δ’
2545 2196 2611 2250 ἂν
2644 2198 2738 2250 καὶ
2770 2196 3012 2268 ἄμπελος
3053 2194 3189 2251 Θεοῦ
3233 2197 3268 2268 ἡ
3318 2196 3415 2267 τὴν
3451 2196 3638 2250 εἰκόνα
3676 2195 3779 2249 σώ-

2202 2287 2369 2353 ζουσα
2409 2286 2503 2341 τοῦ
2534 2289 2806 2359 φήσαντος
2846 2289 2904 2342 ὲν
2950 2288 3339 2358 Εὑαγγελίοιςο
3389 2287 3531 2357 Ἐγώ
3571 2289 3690 2357 εἰμι
3739 2288 3778 2355 ἠ

2201 2375 2468 2444 ἄμπελος
2502 2377 2540 2443 ἡ
2588 2378 2863 2447 ἀληθινή.
2910 2379 2978 2432 Ἤ
3008 2378 3052 2432 δ’
3081 2377 3142 2444 ἐξ
3172 2377 3447 2447 Αἰγύπτου
3495 2394 3780 2449 μετενηνε-

2202 2467 2376 2539 γμένη
2430 2468 2672 2540 ἄμπελος
2738 2473 2771 2543 ὴ
2828 2471 3076 2526 παθοῦσα
3130 2472 3462 2546 διαστροφὴν
3521 2473 3777 2543 τυγχάνει

2201 2560 2345 2634 ψυχή
2377 2579 2390 2592 ⁸
2432 2563 2614 2627 ὁποῖος
2651 2563 2872 2633 γέγονεν
2925 2566 2954 2618 ό
3012 2565 3280 2620 Ἰουδαίων
3328 2565 3456 2631 λαδς
3501 2564 3773 2619 εἰδωλολα-

2201 2655 2411 2726 τρήσας
2462 2657 2519 2709 ὲν
2565 2655 2825 2727 Αἰγύπτῳ
2876 2659 3105 2729 μακροῖς
3151 2656 3385 2730 χρόνοις,
3434 2658 3666 2730 μικρούς
3715 2673 3773 2712 τε

2202 2747 2667 2819 προενεγκάμενος
2713 2749 2956 2820 καρποὺς
2996 2748 3072 2814 ὡς
3119 2753 3387 2822 μαρτυρεί
3433 2750 3676 2820 Μωῦσῆς
3720 2750 3774 2804 ἐκ

2205 2839 2413 2912 μεγάλῃ
2437 2840 2547 2912 ᾠδῇ
2562 2840 2787 2912 γράφων
2811 2841 2982 2896 ταῦτα
3002 2842 3131 2914 περὶ
3151 2842 3327 2896 αὐτῶν
3345 2858 3361 2873 ·
3401 2841 3504 2897 Ἐκ
3529 2843 3640 2913 γὰρ
3665 2843 3776 2913 ἀμ-

2203 2932 2393 2987 πέλου
2425 2932 2702 3002 Σοδόμων
2728 2933 2767 3001 ἡ
2797 2934 3063 3003 ἄμπελος
3088 2933 3307 3001 αὐτῶν,
3336 2934 3437 2989 καί
3479 2937 3519 3004 ἡ
3546 2939 3777 3006 κλημα-

2205 3024 2297 3090 τίς
2325 3022 2524 3079 αὐτῶν
2546 3024 2616 3078 ἐκ
2646 3026 2970 3095 Γομόρρας.
3016 3028 3079 3082 Ἡ
3103 3026 3390 3097 σταφυλὴ
3418 3027 3618 3082 αὐτῶν
3639 3043 3778 3081 στα-

2206 3114 2372 3184 φυλὴ
2406 3114 2616 3185 χολῆς,
2645 3116 2872 3183 βότρυς
2902 3117 3146 3185 πικρίας
3181 3115 3400 3173 αὐτῶν.
3426 3116 3625 3186 Θυμὸς
3642 3116 3779 3184 δρα-

2205 3207 2434 3260 κόντων
2466 3209 2499 3261 ὁ
2530 3202 2693 3273 οἶνος
2721 3206 2937 3272 αὐτῶν,
2973 3208 3070 3261 καὶ
3099 3207 3283 3277 θυμὸς
3302 3207 3578 3262 ἀσπίδων
3609 3209 3775 3262 ἀνία-

2202 3315 2305 3365 τος
2326 3313 2340 3328 θ
2378 3297 2511 3352 ἀλλὰ
2535 3298 2642 3371 γὰρ
2672 3298 2766 3352 καὶ
2794 3297 2967 3363 οὕτως
2993 3298 3217 3370 ἔχοντας
3246 3299 3442 3362 αὐτοὺς
3471 3299 3773 3369 ἐπισκεψάι

2206 3408 2366 3463 μενος
2418 3393 2447 3445 ὁ
2501 3391 2632 3454 Θεὸς
2689 3389 3102 3462 μετεφύτευσεν,
3155 3389 3459 3463 ὲκριζώσας
3516 3391 3617 3462 μὲν
3676 3393 3775 3464 τῆς

2204 3481 2577 3553 Αἰγυπτιακῆς
2623 3481 2928 3553 συμφυΐας,
2969 3481 3379 3553 μεταφυτεύσας
3416 3481 3473 3535 δὲ
3512 3484 3572 3535 ἐν
3614 3483 3780 3555 ἑτέρᾳ

2202 3569 2357 3643 χώρᾳ
2389 3570 2483 3624 καὶ⁵
2518 3570 2670 3641 τόπῳ
2702 3569 2867 3635 πίονι,
2896 3568 2973 3634 ὡς
3016 3568 3255 3624 διδάσκει
3297 3568 3467 3638 λέγων
3509 3566 3739 3633 Ἦσαῖας
3757 3584 3774 3599 ο

2215 3661 2512 3733 Ἆμπελὼν
2543 3661 2792 3733 ἐγενήθη
2828 3661 2910 3729 τῷ
2940 3660 3303 3732 ἠγαπημένῳ
3347 3661 3416 3716 ἐν
3454 3660 3649 3729 κέρατι
3700 3661 3777 3715 ἐν

2200 3757 2361 3819 τόπῳ
2397 3755 2580 3808 πίονι.
2614 3754 2723 3808 Καὶ
2755 3752 3027 3824 φραγμὸν
3053 3752 3394 3823 περιέθηκα,
3428 3752 3523 3808 καί
3551 3751 3777 3822 ἐχαρά-

2203 3863 2388 3914 κωσα,
2423 3847 2520 3901 καὶ
2557 3847 2860 3916 ἐφύτευσα
2886 3844 3158 3916 ἄμπελον
3200 3845 3428 3915 Σωρήχ.
3467 3844 3577 3899 Καὶ
3623 3845 3773 3911 ᾠκο-

2200 3939 2437 4008 δόμησα
2480 3938 2710 4008 πύρνον
2744 3937 2815 3991 ἐν
2849 3937 3018 4008 μέσῳ
3047 3936 3255 4003 αὐτοῦ,
3297 3937 3396 3991 καί
3444 3935 3776 4005 προλήνιον

2200 4029 2399 4098 ὠρυξα
2442 4029 2513 4083 ἐν
2550 4028 2729 4094 αὐτῷ.
2759 4028 2870 4083 Καὶ
2910 4028 2975 4101 δὴ
3021 4030 3079 4085 ὲν
3101 4029 3262 4101 ’τόπῳ
3314 4027 3458 4082 πίονι
3512 4028 3608 4082 καὶ
3641 4026 3772 4081 πολὺ

2201 4121 2467 4193 κρείττονι
2488 4122 2587 4193 τῆς
2631 4120 2907 4189 Αἰγύπτου
2941 4119 3122 4193 χώρας
3154 4119 3479 4192 μεταγαγὼν
3506 4120 3608 4191 τὴν
3645 4137 3774 4191 προ-

2200 4213 2479 4284 λεχθεϊσαν
2509 4213 2751 4285 ἄμπελον
2779 4212 3198 4282 κατεφύτευσεν.
3229 4210 3363 4279 Εἶθ’,
3398 4207 3488 4267 οἷα
3527 4213 3775 4285 γεωργὸς

2201 4307 2440 4379 ἄριστος,
2474 4306 2611 4378 μετὰ
2638 4305 2736 4380 τὴν
2753 4304 2974 4381 πρώτην
3004 4307 3454 4379 μεταμόσχευσιν,
3471 4307 3773 4377 ὡδοποίησε

2202 4398 2511 4470 ἔμπροσθεν
2553 4391 2744 4469 αὐτῆς,
2785 4398 2895 4451 πᾶν
2935 4397 2996 4451 τὸ
3040 4396 3325 4469 βλαστικὸν
3364 4398 3770 4461 άποσκευάσας,

523 4499 661 4568 ejus,
694 4498 1078 4572 Symmachus,
1107 4499 1366 4553 Amovisti
1393 4500 1447 4552 in
1470 4506 1748 4567 conspectu
1764 4497 1900 4567 ejus,
1924 4497 2098 4551 inter-

2201 4492 2295 4547 καὶ
2319 4493 2498 4547 πᾶσαν
2526 4490 2807 4564 ἀλλοτρίαν
2828 4489 2960 4562 ὓλην
2976 4489 3243 4562 ἐκτεμὼν,
3268 4489 3344 4554 ὡς
3375 4490 3448 4561 μή
3470 4506 3523 4543 τι
3544 4488 3773 4560 κώλυμα

525 4598 773 4660 pretatus
804 4598 908 4646 est.
952 4590 1159 4646 Deinde
1193 4590 1496 4660 subjungit,
1532 4588 1775 4645 radicare
1804 4589 1976 4659 fecisti
1989 4605 2098 4671 ,τα-

526 4683 666 4738 dices
687 4683 823 4748 eius.
863 4681 1002 4737 Cum
1027 4689 1181 4736 tanta
1215 4680 1309 4737 Dei
1336 4680 1497 4736 Verbi
1528 4695 1661 4734 cura
1695 4689 1993 4735 memorata
2013 4678 2098 4735 vi-

530 4787 632 4826 nea
679 4772 899 4843 dignata
949 4771 1135 4838 fuerit,
1183 4772 1309 4842 jure
1357 4772 1600 4843 implevit
1644 4780 1867 4835 terram,
1913 4770 1989 4824 ita
2038 4778 2094 4825 ut

529 4871 740 4919 montes
773 4863 991 4936 quidem
1038 4864 1398 4930 inumbraret,
1442 4864 1638 4919 cedrus
1678 4877 1807 4917 vero
1856 4862 2096 4918 arbustis

527 4956 646 5011 suis
672 4957 909 5025 operiret
940 4954 1127 5027 (Vens.
1163 4955 1271 5028 Η),
1295 4956 1546 5027 palmites
1576 4954 1894 5011 extenderet
1923 4969 2097 5024 usque

527 5047 595 5102 ad
617 5061 789 5112 mare,
810 5054 866 5101 et
885 5064 1058 5118 usque
1076 5047 1144 5103 ad
1166 5047 1390 5103 ﬂumina
1411 5048 1744 5119 propagines
1766 5045 1956 5117 (Vsus.
1982 5044 2091 5105 12).

530 5138 666 5205 Haec
692 5139 875 5194 omnia
916 5140 1018 5210 ipsi
1065 5149 1385 5197 evenerunt.
1434 5141 1500 5195 Et
1542 5141 1672 5210 quia
1704 5148 1784 5195 tot
1820 5141 2095 5210 tantisque

528 5230 730 5287 donata
761 5236 875 5294 est,
906 5229 1031 5300 jure
1061 5246 1243 5287 sermo
1271 5232 1529 5303 precandi
1560 5232 1669 5287 ritu
1701 5230 1846 5286 hunc
1876 5229 2094 5301 agrico-

528 5322 637 5376 lam
668 5336 1005 5386 memorans,
1040 5321 1128 5377 his
1155 5337 1277 5377 eum
1310 5333 1470 5392 rogat
1495 5330 1550 5377 et
1591 5321 1879 5393 compellat
1909 5340 1922 5375 :
1959 5321 2094 5388 Quia

526 5419 681 5469 tanta
715 5413 1056 5484 providentia
1086 5422 1141 5470 et
1160 5429 1293 5469 cura
1316 5414 1631 5484 praedictam
1662 5414 1879 5470 vineam
1906 5412 2096 5484 digna-

528 5512 620 5560 tus
648 5522 731 5568 es.
760 5521 860 5577 pro
883 5505 1227 5562 humanitate
1255 5513 1309 5561 et
1338 5505 1512 5576 gratia
1550 5512 1644 5560 tua
1684 5505 1798 5561 haec
1824 5506 2007 5561 omnia
2039 5505 2095 5560 in

532 5592 631 5650 iIia
655 5605 943 5665 operatus;
979 5596 1103 5668 quis
1135 5611 1242 5651 non
1275 5595 1331 5650 in
1375 5595 1769 5655 hmsitationcm
1794 5602 1849 5651 et
1869 5594 2091 5650 dubium

2201 4582 2450 4655 ἐμποδὼν
2481 4584 2617 4654 αὐτῇ
2642 4582 2852 4652 γένοιτο
2877 4581 3013 4654 πρὸς
3035 4580 3131 4654 τὴν
3155 4580 3263 4636 τῶν
3286 4581 3516 4654 καρπῶν
3540 4583 3769 4652 ὲκφυήν.

2214 4677 2358 4731 Ἀντὶ
2396 4676 2454 4730 δὲ
2497 4674 2592 4729 τοῦ
2609 4693 2624 4707 ·
2667 4673 3059 4743 Ὠδοποίησας
3100 4673 3441 4744 ἔμπροσθεν
3482 4673 3709 4743 αὐτῆς,
3738 4672 3769 4726 ό

2201 4766 2493 4839 Σύμμαχος
2512 4784 2527 4798 ·
2566 4766 3006 4832 Ἀπεσκεύασας
3048 4764 3389 4835 ἔμπροσθεν
3429 4763 3645 4831 dimi“
3669 4764 3767 4835 ἦρ’

2199 4861 2485 4931 μήνευσεν.
2522 4854 2635 4913 Εἶτ’
2656 4859 2924 4930 ἐπήγαγε,
2973 4857 3070 4911 καὶ
3105 4854 3525 4926 ἐριζοϐόλησας
3551 4856 3661 4922 τὰς
3678 4856 3767 4924 ῥί-

2196 4950 2293 5019 ζας
2326 4949 2537 5021 αὐτῆς.
2567 4950 2832 5023 Τοιαύτης
2862 4951 2907 5005 δ’
2948 4948 3263 5021 ἐπιμελείας
3311 4948 3462 5020 παρά
3503 4947 3600 5001 τοῦ
3632 4947 3765 5001 Θεοῦ

2194 5044 2367 5113 Λόγου
2394 5042 2630 5115 τυχοῦσα
2660 5046 2694 5117 ἡ
2725 5042 3023 5115 δηλωθεῖσα
3049 5042 3309 5114 ἄμπελος,
3343 5039 3568 5105 εἰκότως
3600 5041 3764 5111 ἐπλή-

2197 5153 2337 5208 ρωσε
2368 5136 2468 5208 τὴν
2498 5136 2623 5207 γῆν,
2664 5137 2740 5201 ὡς
2771 5136 2872 5208 ὖρη
2921 5135 3020 5206 μὲν
3069 5133 3403 5195 ὲπισκιάσαι,
3454 5132 3679 5203 κέδρους
3709 5130 3762 5183 δὲ

2195 5227 2432 5297 καλύψαι
2466 5231 2587 5294 ταῖς
2629 5228 2800 5299 αὐτῆς
2849 5225 3253 5297 άναδενδράσιν.
3307 5226 3543 5278 ἐκτεῖναι
3591 5224 3649 5276 δὲ
3695 5223 3764 5277 τὰ

2195 5320 2449 5393 κλήματα
2480 5320 2584 5386 ἕως
2616 5319 2910 5390 θαλάσσης,
2937 5316 3152 5381 καὶτὰς
3180 5315 3386 5387 φυάδας
3412 5315 3573 5386 μέχρι
3599 5331 3764 5372 mar

2199 5414 2333 5486 μῶν.
2357 5413 2543 5468 Ταῦτα
2567 5413 2744 5468 πάντα
2780 5412 3021 5485 ὑπῆρξεν
3048 5411 3206 5482 αὐτῇ.
3232 5410 3342 5464 Καὶ
3367 5408 3552 5480 ἐπειδὴ
3575 5406 3764 5463 τοσού-

2193 5519 2301 5558 των
2321 5503 2548 5575 ἠξιὼθη,
2577 5504 2801 5566 εἰκότως
2829 5505 2860 5557 ό
2889 5502 3045 5573 λόγος
3068 5503 3143 5567 ὡς
3173 5503 3231 5556 ὲν
3258 5500 3388 5572 εὐχῇ
3421 5499 3607 5553 τοῦτον
3633 5500 3762 5553 ὑπο-

2195 5598 2401 5669 μνήσας
2434 5595 2523 5651 τὸν
2553 5597 3077 5670 γεωργὸν,·δυσωπεῖ
3105 5594 3192 5651 διὰ
3223 5594 3319 5666 τῆς
3354 5592 3630 5666 ἱκετηρίας
3669 5594 3758 5647 καί

602 5766 646 5803 θ’
681 5764 824 5824 Psal.
867 5787 938 5827 iv.
977 5772 1026 5827 7.
1106 5774 1149 5807 ⁷⁰
1189 5770 1343 5830 Joau.
1386 5790 1471 5845 xv,
1511 5775 1559 5830 1.
1637 5776 1678 5808 τι
1723 5772 1877 5834 Deut.
1916 5790 2098 5845 xxxii,

2201 5786 2224 5833 :.
2274 5777 2346 5852 j'
2386 5773 2489 5834 lit.
2532 5792 2584 5845 ν,
2627 5778 2674 5832 l.
