3996 6210
234 284 341 342 961

1409 271 1908 333 COMMENTARIA
1947 271 2013 326 ΙΝ
2051 268 2390 326 PSALMOS.

3389 266 3493 321 962

240 421 380 474 φησι
437 403 572 474 πρὸς
620 400 818 456 αὐτόν·
875 401 1090 472 Ἐπειδὴ
1147 400 1414 471 τοσαύτης
1478 398 1817 470 κατηξίωσας

1930 394 2168 448 incidens
2214 391 2319 444 hoc
2353 391 2655 459 perquirat,
2695 389 2880 461 (Vens.
2924 385 3014 456 i3)
3049 369 3242 454 thuid
3279 384 3490 438 destru-

242 496 504 570 προνοίας
539 495 632 549 καὶ
658 494 969 565 ἐπιμελείας
993 495 1091 566 τὴν
1119 493 1414 565 εἰρημένην
1443 492 1702 562 ἄμπελον,
1738 509 1817 559 φι-

241 588 563 659 λανθρωπίᾳ
592 588 684 640 καὶ
708 587 889 658 χάριτι
929 588 1104 641 πάντα
1133 585 1306 640 ταῦτα
1344 586 1424 648 εἰς
1449 579 1618 655 αὐτὴν
1649 584 1816 636 ἐνδει-

247 681 498 750 ξάμενος,
528 679 616 742 τίς
634 679 732 732 οὐκ
756 678 822 732 ἂν
847 680 1215 750 ἀμηχανήσειε
1244 678 1336 731 καὶ
1358 679 1436 741 εἰς
1465 678 1694 749 ἀπορίαν
1722 678 1817 745 ἐμ-

247 773 404 825 πέσοι
429 771 628 842 ζητῶν,
657 770 832 824 Ἱνατί
879 769 1151 835 καθεῖλες
1181 770 1289 822 τὸν
1311 768 1582 837 φραγμὸν
1607 767 1816 836 αὐτῆς,

245 864 581 918 καταπατεῖν
609 880 670 916 τε
696 862 865 932 αὐτὴν
899 861 1069 916 ἅπασι
1100 864 1213 922 τοῖς
1244 860 1482 913 ἐθέλουσι
1521 858 1821 931 συνεχώρη-

248 975 350 1020 σας
373 975 386 988 ’
418 956 493 1020 ὡς
515 956 722 1027 τρυγᾷν
748 955 915 1024 αὐτὴν
946 955 1071 1016 τοὺς
1099 951 1470 1023 βουλομένους,
1506 950 1729 1023 μηδενός
1758 967 1818 1003 τε

248 1047 727 1118 περιφράττοντος,
757 1043 884 1096 ποτὲ
917 1042 1014 1114 μὲν
1045 1036 1110 1096 ’ὗν
1136 1043 1199 1094 ἐκ
1226 1040 1432 1112 δρυμοῦ
1467 1039 1818 1110 λυμαίνεσθαι

244 1139 436 1209 αὐτὴν,
465 1137 651 1190 ἄλλοτε
675 1137 731 1190 δὲ
761 1135 940 1206 μονιὸν
961 1135 1149 1206 ἄγριον
1171 1133 1603 1187 καταϐόσκεσθαι
1628 1133 1817 1202 αύτήν;

239 1229 420 1282 .Ἀλλὰ
449 1227 556 1299 γάρ
591 1227 725 1299 πρὸς
755 1227 958 1297 ταύτην
978 1225 1074 1296 τὴν
1101 1225 1439 1297 ἐπαπόρησιν
1467 1223 1819 1296 ἀποκρίνεται

246 1318 337 1372 διὰ
371 1319 595 1371 Ἡσαΐου
644 1316 737 1369 τοῦ
778 1316 1078 1387 προφήτου,
1113 1313 1300 1384 ὥσπερ
1329 1312 1763 1382 ἀπολογούμενος
1793 1312 1822 1363 ὁ

247 1411 512 1483 γεωργὸς,
566 1409 659 1462 καὶ
708 1407 804 1478 τὴν
854 1406 1032 1460 αἰτίαν
1085 1406 1382 1478 παρίστησι
1425 1405 1628 1474 λέγων·
1665 1406 1822 1459 Διότι

249 1505 457 1574 ἔμεινα
489 1503 588 1555 ἵνα
618 1499 845 1570 ποιήσῃ
891 1499 1237 1569 σταφυλὴν,
1269 1498 1518 1565 ἐποίησε
1546 1497 1614 1550 δὲ
1640 1497 1822 1551 ἀκάν-

250 1597 391 1659 θας·
428 1592 525 1645 καί
562 1593 634 1645 οὐ
667 1590 1080 1658 δικαιοσύνην,
1115 1589 1277 1650 ἀλλὰ
1309 1589 1599 1658 κραυγήν.
1637 1587 1822 1641 Ταῦτα

248 1685 297 1739 δ’
348 1686 426 1737 ότι
467 1682 596 1753 περὶ
640 1681 734 1734 τοῦ
779 1680 1044 1734 Ἰουδαίων
1077 1680 1324 1733 λέλεκται
1355 1679 1508 1742 λαοῦ,
1549 1679 1720 1742 οὐδεὶς
1755 1678 1822 1732 ἂν

1916 485 2046 539 xisti
2079 483 2362 537 maceriam
2395 482 2530 550 ejus,
2566 490 2619 535 et
2657 497 2775 537 eam
2807 479 3064 535 omnibus
3097 476 3350 546 gentibus
3381 480 3494 531 cal-

1918 575 2149 632 candam
2180 575 2494 644 prtebuisti;
2527 575 2602 626 ita
2633 582 2691 627 ut
2728 574 2942 628 nemine
2979 569 3489 632 circummuniente,

1918 667 2118 736 cuique
2142 665 2346 719 volentl
2380 662 2556 732 ipsam
2599 662 2938 716 vindemiare
2978 661 3176 724 liceat;
3223 673 3288 712 ac
3329 659 3494 713 modo

1919 773 2051 828 aper
2077 757 2144 811 de
2173 755 2309 810 silva
2338 755 2671 825 pessumdet,
2703 753 2863 806 modo
2892 752 3189 821 singularis
3217 749 3369 805 ferus
3399 752 3494 804 dc-

1919 858 2109 922 pascat
2141 849 2324 904 illam?
2373 847 2574 904 Verum
2630 848 2760 902 huic
2803 847 2969 902 dubio
3000 861 3096 916 per
3136 846 3331 900 Isaiam
3368 860 3494 916 pro-

1921 943 2138 1012 phetam
2162 941 2456 1010 respondet
2487 939 2751 1010 agricola,
2780 938 2936 1008 quasi
2961 939 3046 992 sui
3077 937 3343 1007 purgandi
3370 953 3494 1006 gra-

1921 1036 2016 1097 tia,
2068 1033 2337 1103 huiusque
2381 1033 2458 1086 rei
2493 1047 2713 1087 causam
2747 1033 2832 1086 his
2861 1031 3041 1086 verbis
3073 1030 3275 1100 profert
3308 1049 3320 1083 :
3355 1029 3494 1094 Quia

1919 1124 2210 1192 exspectaui
2249 1133 2306 1176 ut
2355 1123 2548 1192 faceret
2590 1138 2765 1186 uvam,
2813 1120 2931 1190 fecit
2970 1129 3140 1172 autem
3190 1119 3396 1187 spinas,
3444 1128 3493 1170 et

1921 1233 2024 1271 non
2059 1215 2351 1284 justitiam,
2398 1213 2487 1268 sed
2527 1214 2811 1267 clamorem
2833 1213 2898 1264 ⁷³.
2949 1211 3074 1266 ΙΙωο
3104 1224 3269 1280 porro
3299 1210 3366 1262 de
3400 1207 3496 1261 Ju-

1922 1304 2078 1359 daico
2126 1305 2328 1374 populo
2373 1305 2517 1360 dicta
2566 1319 2687 1360 esse
2739 1318 2899 1358 nemo
2948 1301 3298 1356 dubitaverit.
3345 1299 3494 1366 Quo-

1923 1395 2087 1449 modo
2113 1403 2292 1450 autem
2323 1396 2516 1451 umbra
2544 1396 2715 1450 vineae
2749 1403 2965 1449 montes
3012 1393 3290 1464 operuerit
3335 1391 3496 1445 intel—

1923 1485 2080 1556 liges,
2131 1485 2178 1540 si
2226 1485 2531 1554 perpendas
2575 1501 2699 1540 cum
2747 1486 2834 1541 lex
2882 1485 3189 1539 futurorum
3225 1483 3492 1537 bonorum

1925 1579 2196 1642 umbram,
2246 1593 2354 1632 non
2399 1585 2580 1633 autem
2627 1578 2798 1648 ipsam
2848 1592 3032 1632 rerum
3065 1575 3356 1644 imaginem
3398 1575 3496 1628 lia-

1925 1667 2087 1733 beat;
2115 1682 2235 1722 eam
2269 1669 2432 1722 modo
2470 1667 2525 1721 in
2566 1677 2750 1722 monte
2785 1668 2920 1731 Silo,
2951 1667 3043 1722 ubi
3069 1669 3223 1737 prius
3250 1674 3491 1730 erectum

250 1741 567 1846 ἀμφιὸάλοί.
613 1773 844 1843 Νοήσεις
891 1771 948 1825 δὲ
997 1772 1144 1836 ὅπως
1175 1771 1442 1841 ἐκάλυψεν
1483 1771 1582 1843 ὅρη
1617 1773 1650 1844 ή
1695 1741 1821 1824 σκιά

1930 1761 2100 1816 iuerat
2145 1761 2594 1826 tabernaculum;
2641 1760 2803 1815 modo
2846 1761 2902 1814 in
2945 1767 3129 1815 monte
3178 1758 3313 1822 Sion
3355 1769 3409 1814 et
3438 1759 3493 1812 in

250 1869 353 1938 τῆς
378 1865 640 1936 ἀμπέλου,
678 1864 992 1933 ἐπιστήσας,
1020 1863 1097 1926 ὡς
1130 1863 1290 1917 σκιὰν
1312 1862 1450 1934 ἔχων
1474 1865 1502 1916 ὁ
1528 1864 1689 1934 νόμος
1716 1863 1822 1917 τῶν

255 1956 554 2028 μελλόντων
583 1953 821 2023 ἀγαθῶν,
867 1955 967 2006 οὐκ
994 1953 1162 2023 αὐτὴν
1201 1953 1302 2025 τὴν
1333 1954 1513 2006 εἰκόνα
1544 1952 1653 2007 τῶν
1683 1970 1824 2025 πρα-

253 2049 501 2118 γμάτων,
533 2047 662 2100 ποτέ
699 2045 796 2115 μὲν
825 2045 915 2097 ἐπὶ
941 2044 1036 2097 τοῦ
1073 2045 1235 2116 ὅρους
1271 2044 1602 2098 συνετελεῖτο
1637 2045 1732 2098 τοῦ
1765 2045 1825 2097 ἐν

254 2139 473 2210 Σηλὼμ,
505 2139 632 2191 ἔνθα
673 2140 733 2193 τὸ
774 2139 1032 2211 πρότερον
1078 2138 1322 2210 ἵδρυτοή
1371 2137 1563 2208 σκηνὴ,
1610 2138 1738 2190 ποτὲ
1768 2138 1824 2192 δὲ

254 2232 351 2285 ἐπὶ
388 2231 479 2284 τοῦ
504 2231 640 2285 Σιὼν
664 2232 822 2304 ὅρους
851 2232 943 2286 καὶ
968 2232 1068 2302 τῆς
1101 2231 1472 2303 Ἰερουσαλὴμ,
1497 2232 1590 2285 καὶ
1615 2233 1671 2284 αί
1699 2233 1827 2286 ἀνα-

253 2320 534 2393 δενδράὁες
569 2322 626 2375 δέ
655 2321 821 2393 αὐτῆς
852 2321 1124 2391 ἐκάλυψαν
1152 2321 1250 2384 τὰς
1281 2321 1503 2391 κέδρους
1542 2320 1636 2374 τοῦ
1665 2321 1822 2376 Θεοῦ.

258 2412 425 2475 Τίνας
449 2412 492 2464 δ’
526 2412 592 2465 ἀν
624 2412 797 2476 εἴποις
817 2411 922 2481 ,τὰς
947 2413 1338 2483 ἀναδενδράδας
1366 2412 1466 2482 τῆς
1495 2412 1757 2484 ἀμπέλου,
1791 2412 1824 2484 ἢ

257 2503 358 2567 τὰς
384 2504 723 2574 προφητικάς
753 2503 929 2574 ψυχὰς
958 2504 1053 2557 καὶ
1083 2505 1209 2567 τοὺς
1242 2505 1299 2556 ἐν
1327 2504 1406 2574 τῷ
1433 2505 1686 2576 προτέρῳ
1715 2505 1827 2576 λαῷ

258 2598 339 2659 εἰς
365 2595 498 2664 ῦψος
521 2597 878 2668 ἐπηρμένους,
901 2595 1034 2649 Θεοῦ
1057 2613 1116 2649 τε
1137 2594 1299 2662 ἀξίως
1319 2595 1824 2666 πολιτευσαμένους,

257 2689 311 2741 οἳ
339 2689 430 2741 καὶ
456 2690 548 2741 ἐπὶ
591 2689 687 2753 τὰς
732 2689 955 2760 κέδρους
996 2687 1088 2742 τοῦ
1119 2687 1254 2740 Θεοῦ
1301 2687 1702 2752 διανεπαύοντο,
1731 2689 1829 2752 τὰς

260 2778 518 2850 δυνάμεις
548 2779 612 2850 δὴ
638 2779 733 2842 τὰς
759 2779 1022 2850 ἀοράτους
1049 2781 1142 2833 καὶ
1170 2780 1351 2845 θείας;
1377 2780 1551 2852 Μέχρι
1574 2780 1682 2853 γὰρ
1709 2781 1831 2834 τού-

259 2887 369 2922 των
399 2870 726 2942 ἐξετάθησαν
753 2870 810 2922 αἰ
837 2871 1204 2942 διαπρέψασαι
1236 2873 1295 2924 ἐν
1335 2870 1413 2941 τῷ
1442 2872 1689 2943 προτέρῳ
1717 2872 1830 2944 λαῷ

259 2961 451 3032 ψυχαὶ,
477 2962 551 3024 ὼς
591 2962 684 3014 καὶ
715 2961 1028 3032 Πνεύματος
1063 2963 1216 3031 ἁγίου
1263 2964 1530 3034 μετέχειν,
1577 2964 1671 3017 καὶ
1705 2965 1830 3028 τοὺς

259 3055 507 3124 καρποὺς
555 3054 811 3107 ἐκτείνειν
853 3055 1012 3126 μέχρι
1054 3057 1154 3126 τῆς
1185 3057 1479 3127 ἀγγελικῆς
1520 3057 1825 3128 δυνάμεως.
1857 3099 1900 3156 C

260 3147 344 3198 Τά
372 3146 428 3199 δέ
457 3146 710 3216 κλήματα
738 3147 835 3216 τῆς
860 3148 1126 3218 ἀμπέλου,
1155 3148 1320 3219 ἕτερα
1361 3149 1492 3203 ὄντα
1539 3150 1689 3220 παρά
1728 3150 1829 3221 τὴν

263 3237 421 3291 σκιὰν
451 3239 545 3291 καὶ
578 3239 728 3309 παρὰ
755 3239 851 3303 τάς
895 3240 1307 3312 ἀναδενδράδας,
1343 3243 1568 3314 ἐξετάθη
1602 3244 1706 3308 ἓως
1734 3243 1829 3298 θα-

261 3331 487 3400 λάσσης.
525 3330 582 3382 '0
611 3329 666 3381 δὲ
698 3329 992 3400 Σύμμαχος
1024 3332 1144 3385 ἀντὶ⁴
1176 3331 1289 3397 τοῦ,
1317 3333 1386 3386 τὰ
1410 3332 1701 3402 κλήματα,
1723 3334 1829 3399 τὰς

261 3421 474 3490 χαίτας
517 3419 727 3488 αὐτῆς,
779 3421 962 3491 φησὶν,
1013 3421 1306 3486 ἐξέτεινεν
1339 3422 1449 3489 ἕως
1491 3423 1826 3491 θαλάσσης.

263 3508 390 3566 Eli-2v
416 3511 461 3565 δ’
485 3511 551 3564 ἂν
575 3515 756 3582 χαῖται
789 3513 882 3565 καὶ
911 3513 1094 3582 κόμαι,
1121 3513 1306 3586 ὥσπερ
1331 3514 1686 3586 ἀναρίθμητοι
1715 3515 1830 3587 τρί-

264 3621 380 3674 χες,
414 3605 448 3675 ἢ
475 3604 569 3658 καὶ⁴
597 3603 847 3674 κλήματα
879 3604 1232 3676 πληθύνοντα,
1266 3605 1407 3659 κατὰ
1438 3606 1500 3659 τὸ
1524 3609 1622 3678 τῆς
1651 3608 1830 3678 ἀμπέ-

266 3693 359 3746 λου
395 3693 762 3764 παράδειγμα,
789 3695 818 3747 ὀ
845 3693 1009 3757 πολὺς
1050 3694 1143 3747 τοῦ
1186 3693 1452 3747 Ἰουδαίων
1487 3693 1672 3758 ἔθνους
1707 3696 1830 3766 ἀρι-

269 3785 422 3856 θμδς,
447 3785 505 3848 ὃς
529 3785 590 3855 δὴ
615 3784 812 3853 ἔφθασε
841 3786 1000 3856 μέχρι
1023 3785 1314 3857 θαλάσσης,
1340 3785 1630 3858 πληρώσας
1653 3786 1830 3840 πάντα

267 3875 360 3928 τὸν
395 3875 504 3929 τῶν
541 3875 838 3948 ἀνθρώπων
877 3876 1010 3946 βίον.
1056 3878 1146 3930 Διὸ
1177 3877 1423 3932 λέλεκται
1464 3879 1522 3931 ἐν
1563 3878 1720 3948 Ὠσηέ
1752 3878 1831 3949 τῷ

267 3970 554 4042 προφήτῃ·
605 3969 711 4022 Καὶ
750 3965 830 4039 ἦν
872 3972 904 4023 ὁ
945 3970 1186 4039 ἀριθμός
1235 3971 1352 4024 τῶν
1399 3970 1546 4025 υἱῶν
1594 3971 1831 4040 Ἰσραὴλ

268 4060 409 4114 ὡσεί
444 4060 632 4130 ἄμμος
659 4059 770 4128 τῆς
815 4060 1150 4128 θαλάσσης,
1183 4060 1221 4129 ἢ
1261 4064 1373 4116 οὐκ
1402 4063 1832 4131 ἐκμετρηθήσε-

271 4170 385 4217 ται,
419 4153 559 4207 οὐδὲ
589 4153 1139 4223 ἐξαριθμηθήσεται.
1175 4155 1528 4227 Παραφυάδες
1575 4157 1631 4209 δὲ
1677 4156 1832 4211 ἄλλαι

269 4245 415 4308 τινὲς
455 4245 604 4315 παρὰ
632 4247 698 4299 τὰ
731 4245 985 4316 κλήματα
1012 4245 1268 4318 νεώτεραι
1299 4247 1392 4300 καὶ
1421 4249 1702 4319 ἀρτιφυεῖς
1729 4247 1833 4311 ἕως

273 4335 515 4406 ποταμοῦ
537 4337 947 4407 παρετάθησαν,
964 4337 1013 4388 οί
1035 4337 1132 4406 τῆς
1156 4338 1359 4407 Καινῆς
1385 4338 1654 4410 Διαθήκης
1671 4339 1742 4408 κή
1753 4355 1836 4408 ρυ-

1922 1852 2228 1908 Jerusalem
2277 1852 2599 1921 completam
2642 1868 2784 1916 esse,
2815 1860 2869 1907 et
2898 1853 3121 1907 arbusta
3151 1852 3270 1921 ejus
3299 1852 3498 1908 cedros

1923 1943 2017 1999 Dei
2041 1944 2348 2014 operuisse.
2373 1942 2630 2009 Quaenam
2658 1959 2781 1998 esse
2807 1943 2978 1998 vineae
3007 1944 3229 1999 arbusta
3261 1944 3492 2006 dixeris,

1921 2037 2029 2092 nisi
2061 2036 2272 2090 animas
2301 2035 2670 2105 propheticas,
2709 2049 2774 2088 ac
2814 2050 2910 2089 eos
2943 2036 3037 2104 qui
3064 2036 3192 2088 olim
3223 2035 3278 2089 in
3314 2036 3494 2105 priore

1927 2128 2132 2199 popqu
2160 2125 2531 2196 erigebantur,
2561 2133 2614 2180 et
2655 2126 2749 2195 qui
2796 2125 2959 2195 digne
2999 2124 3106 2180 Deo
3134 2125 3298 2179 vitam
3340 2127 3496 2181 insti-

1921 2228 2168 2283 tuerunt,
2199 2220 2292 2289 qui
2324 2220 2489 2274 etiam
2532 2219 2588 2272 in
2620 2219 2798 2275 cedris
2827 2218 2942 2284 Dei,
2976 2220 3028 2274 id
3055 2228 3160 2283 est,
3202 2220 3258 2273 in
3302 2221 3496 2275 invisi-

1923 2314 2124 2368 bilibus
2141 2299 2446 2381 divinisque
2466 2310 2780 2375 virtutibus,
2798 2312 3248 2382 requieseebant?
3276 2311 3412 2366 Nam
3430 2328 3498 2368 eo

1925 2421 2099 2475 usque
2129 2411 2396 2474 provectae
2428 2409 2557 2458 sunt
2599 2406 2794 2457 animae
2831 2419 2952 2474 qua:
2981 2405 3034 2458 in
3066 2406 3249 2473 priore
3278 2406 3370 2460 illo
3398 2420 3492 2474 po-

1925 2498 2054 2569 pulo
2084 2503 2278 2550 ornate
2302 2503 2356 2550 et
2385 2495 2550 2564 probe
2574 2495 2846 2560 vixerunt,
2880 2505 2940 2549 ut
2967 2504 3020 2550 et
3049 2497 3287 2565 Spiritus
3318 2503 3494 2553 sancti

1927 2589 2220 2661 participes
2247 2595 2452 2649 essent,
2496 2595 2551 2641 et
2593 2602 2766 2656 usque
2793 2587 2861 2640 ad
2893 2589 3169 2658 angelicas
3199 2599 3496 2658 potestates

1929 2683 2142 2738 fructus
2173 2695 2304 2735 suos
2333 2678 2707 2734 extenderent.
2739 2677 2998 2734 Palmites
3025 2695 3187 2750 porro
3215 2680 3405 2747 vineae,
3427 2684 3496 2736 ab

1927 2775 2119 2830 umbra
2165 2789 2298 2829 sane
2341 2787 2554 2826 necnon
2598 2772 2668 2826 ab
2713 2773 2951 2828 arbustis
3001 2772 3223 2837 diversi,
3282 2777 3494 2828 extensi

1929 2875 2059 2924 sunt
2087 2882 2261 2936 usque
2291 2864 2357 2918 ad
2390 2880 2558 2919 mare.
2601 2863 2962 2935 Symmachus
3007 2873 3186 2918 autem
3232 2879 3332 2933 pro
3377 2864 3494 2931 illo,

1928 2962 2192 3032 palmites,
2235 2961 2396 3029 jubas
2435 2976 2582 3023 suas,
2628 2959 2725 3022 ait,
2761 2960 2992 3013 extendit
3031 2975 3192 3029 usque
3231 2959 3299 3012 ad
3329 2977 3494 3016 mare.

1929 3051 2082 3107 lubt?
2111 3058 2292 3106 autem
2323 3058 2378 3104 et
2409 3064 2600 3113 comae,
2647 3063 2748 3103 ceu
2793 3049 3065 3104 innumeri
3114 3051 3293 3120 capilli
3341 3063 3496 3118 sunt;

1935 3149 2050 3200 sive
2080 3144 2244 3199 etiam
2278 3142 2528 3212 palmites
2560 3142 2636 3196 illi
2681 3142 3029 3212 multiplicati
3073 3143 3373 3199 secundum
3416 3148 3496 3201 vi-

1934 3251 2049 3290 nea:
2081 3237 2412 3303 exemplum,
2453 3249 2683 3304 magnus
2717 3235 2806 3289 ille
2833 3233 3076 3290 Iudaica:
3101 3237 3279 3305 gentis
3309 3254 3499 3293 nume-

1933 3343 2030 3382 rus
2061 3333 2167 3390 est,
2201 3327 2295 3396 qui
2333 3341 2467 3380 sane
2510 3336 2684 3381 totum
2736 3327 3013 3381 hominum
3064 3345 3234 3399 genus
3281 3331 3498 3399 replens

1937 3419 2179 3489 pervenit
2218 3433 2391 3488 usque
2424 3419 2491 3472 ad
2525 3433 2693 3472 mare.
2725 3418 3086 3486 Quamobsetn
3115 3422 3168 3474 in
3202 3420 3340 3477 Osca
3372 3439 3498 3492 pro-

1934 3512 2095 3582 pheta
2123 3511 2327 3565 dictum
2357 3519 2437 3565 est
2471 3529 2485 3566 :
2520 3510 2588 3564 Et
2620 3520 2733 3566 erat
2768 3529 3014 3566 numerus
3058 3514 3295 3581 ﬁliorum
3327 3513 3499 3570 Israel

1933 3603 2086 3672 quasi
2115 3619 2276 3656 arena
2307 3603 2493 3670 maris,
2519 3620 2636 3672 qua:
2653 3621 2756 3657 non
2785 3606 3176 3658 mensurabitur
3199 3616 3248 3660 et
3276 3625 3376 3660 non
3403 3625 3499 3662 nu-

1935 3695 2224 3749 merabitur
2245 3696 2310 3750 7‘.
2344 3695 2675 3766 Propagines
2705 3713 2835 3753 vero
2863 3699 2980 3752 alia:
3001 3699 3242 3763 adnatae,
3266 3701 3500 3769 palmiti-

1936 3789 2037 3846 bus
2071 3789 2401 3844 recentiores
2439 3803 2500 3842 ac
2531 3805 2704 3859 nuper
2736 3797 2956 3855 exortae,
2991 3806 3164 3860 usque
3195 3790 3260 3844 ad
3301 3791 3497 3846 ﬂumen

1936 3889 2173 3937 extensae
2199 3890 2347 3946 sunt,
2380 3881 2632 3937 videlicet
2662 3880 2797 3936 Novi
2829 3881 3162 3936 Testaiuenti
3198 3899 3496 3953 praecones,

1937 3974 2212 4043 apostolos
2253 3974 2378 4028 dico
2411 3983 2464 4028 et
2490 3973 2791 4043 discipulos
2828 3972 3139 4029 Servatoris
3180 3975 3376 4039 nostri,
3407 3977 3498 4045 qui

1937 4081 2108 4136 genus
2136 4075 2190 4120 et
2211 4065 2474 4136 originem
2507 4081 2574 4120 ex
2600 4065 2856 4135 pra-dicta
2886 4068 3041 4122 vinea
3069 4066 3295 4131 ducunt,
3325 4077 3378 4122 et
3400 4084 3500 4122 ceu

1939 4159 2264 4229 propagines
2287 4158 2533 4228 quaedam
2559 4159 2678 4229 ejus
2703 4167 2850 4216 sunt.
2873 4158 3058 4230 Neque
3079 4167 3257 4216 tamen
3280 4161 3503 4230 perinde

1940 4259 2102 4320 atque
2141 4252 2288 4321 jubze
2322 4262 2376 4306 et
2417 4252 2664 4321 palmites
2696 4252 2763 4308 ad
2789 4268 2961 4322 usque
2992 4267 3140 4306 mare
3169 4252 3502 4321 protendun-

1943 4348 2050 4403 tur,
2081 4341 2177 4396 sed
2211 4357 2386 4410 usque
2418 4341 2484 4395 ad
2519 4340 2738 4404 ﬂumen,
2775 4342 2844 4395 ob
2875 4341 3191 4411 mysterium
3224 4355 3504 4408 regenera-

273 4443 398 4490 κες·
429 4427 570 4495 λέγω
596 4427 651 4480 δέ
675 4429 724 4480 οἱ
749 4427 1031 4482 ἀπόστολοι
1054 4429 1148 4480 καὶ
1176 4430 1224 4481 οἱ
1257 4428 1492 4500 μαθηταὶ
1519 4430 1612 4483 τοῦ
1648 4430 1829 4500 Σωτῆ-

1940 4431 2107 4487 tionis
2155 4431 2210 4486 in
2249 4432 2470 4488 Christo
2519 4433 2588 4486 ab
2627 4433 2696 4487 iis
2733 4432 3175 4487 subministrata.
3221 4431 3399 4497 Quane
3435 4431 3502 4485 de

277 4536 370 4589 ρος
395 4519 576 4591 ήμῶνο
607 4519 706 4591 τὴν
743 4521 842 4590 μέν
874 4520 1013 4591 φυὴν
1051 4521 1145 4572 καὶ
1174 4520 1274 4590 τὴν
1307 4520 1519 4588 γένεσιν
1547 4523 1838 4592 ἐσχηκότες

273 4611 341 4664 ἐκ
358 4612 456 4681 τῆς
481 4611 870 4682 προλεχθείσης
894 4611 1157 4682 ἀμπέλου,
1181 4613 1274 4664 καὶ
1297 4610 1485 4683 ὥσπερ
1504 4613 1648 4676 τινὲς
1669 4631 1820 4686 παρα

273 4701 474 4770 φυάδες
506 4703 676 4771 αὐτῆς
716 4703 1014 4772 γενόμενοι,
1040 4702 1220 4756 οὐκέτι
1250 4703 1306 4755 δὲ
1338 4704 1538 4774 ὁμοίως
1568 4708 1685 4768 ταῖς
1717 4705 1838 4775 χαί-

270 4807 395 4852 ταις
443 4791 536 4844 καὶ
576 4794 689 4855 τοῖς
725 4792 964 4863 κλήμασι
1011 4793 1114 4855 ἕως
1155 4791 1428 4863 θαλάσσης
1465 4793 1836 4863 προελθόντες,

272 4881 390 4934 ἀλλ’
420 4882 524 4946 ἓως
554 4883 798 4953 ποταμοῦ
835 4883 924 4937 διά
963 4884 1026 4937 τὸ
1071 4883 1363 4955 μυστήριον
1406 4886 1503 4956 τῆς
1544 4885 1611 4938 δι’
1659 4886 1839 4939 αὐτῶν

271 4974 683 5046 χορηγουμένης
719 4977 777 5028 ἐν
813 4973 1032 5046 Χριστῷ
1060 4974 1490 5043 παλιγγενεσίας.
1528 4977 1718 5032 Ἔνθεν
1746 4980 1836 5032 καλ

271 5068 306 5118 ό
338 5066 525 5139 Σωτὴρ
565 5066 727 5131 αὐτὸς
761 5055 820 5120 ἐν
866 5073 942 5120 οα⁹
979 5066 1176 5137 ψαλμῷ
1204 5066 1479 5120 λέλεκταν
1509 5070 1619 5124 Καὶ
1661 5087 1839 5124 κατα-

273 5155 578 5221 κυριεύσει
609 5155 725 5209 ἀπὸ
752 5153 1068 5220 θαλάσσης
1099 5153 1209 5221 ἕως
1229 5152 1565 5222 θαλάσσης,
1601 5156 1697 5209 καὶ
1721 5155 1841 5210 ἀπὸ

274 5243 548 5313 ποταμοῦ
573 5244 682 5310 ἕως
716 5243 834 5298 τῶν
871 5243 1137 5313 περάτων
1172 5242 1282 5312 τῆς
1310 5244 1680 5314 οἰκουμένης.
1720 5248 1842 5318 Ἀρ-

277 5333 512 5406 ξαμένου
558 5335 668 5407 γὰρ
699 5335 806 5389 ἀπὸ
836 5334 930 5388 τοῦ
970 5335 1111 5388 κατά
1151 5335 1242 5387 τὸν
1283 5335 1550 5406 Ἰορδάνην
1591 5336 1837 5408 ποταμοῦ

274 5427 373 5480 τοῦ
414 5429 808 5500 βαπτίσματος,
842 5429 939 5500 τὴν
985 5427 1276 5498 σύμπασαν
1309 5428 1624 5499 ἐπλήρωσεν
1663 5431 1839 5483 οἰκου-

282 5521 469 5592 μένην.
503 5521 754 5574 Τέσσαοα
783 5521 839 5574 δὲ
870 5521 1123 5589 τάγματα
1155 5519 1252 5590 τῆς
1277 5521 1570 5592 εἰρημένης
1599 5521 1841 5592 ἀμπέλου

355 5701 400 5731 τε
433 5681 540 5753 Ῑδτι.
581 5718 630 5764 v,
664 5701 715 5755 5.
794 5701 837 5731 τι
877 5699 1002 5756 Ose.
1044 5716 1095 5766 l,
1131 5699 1215 5752 to.

1943 4522 2223 4576 Salvatore
2251 4522 2378 4592 ipso
2405 4524 2459 4576 in
2492 4523 2700 4592 psalmo
2729 4538 2856 4575 Lxxt
2889 4521 3129 4576 dicitur:
3159 4519 3224 4573 Et
3257 4521 3503 4574 domina-

1941 4612 2080 4666 bitur
2109 4629 2142 4666 a
2172 4615 2308 4666 mari
2337 4631 2497 4686 usque
2543 4613 2611 4667 ad
2645 4631 2810 4674 mare.
2851 4623 2901 4668 et
2924 4631 2957 4668 ιι
2983 4615 3201 4683 ﬂumine
3240 4629 3402 4683 usque
3434 4613 3503 4666 ad

1941 4705 2188 4758 terminos
2210 4705 2351 4760 orbis
2384 4715 2668 4760 terrarum.
2694 4705 2829 4761 Nam
2853 4722 2976 4761 cum
2999 4707 3307 4776 baptismus
3334 4722 3363 4759 a
3388 4706 3506 4761 Jor-

1940 4794 2079 4850 dane
2121 4796 2285 4852 ﬂuvio
2324 4798 2536 4852 initium
2568 4799 2807 4863 duxerit,
2838 4807 3010 4854 totum
3041 4800 3266 4870 replevit
3292 4800 3502 4854 orbem.

1940 4886 2186 4953 Quatuor
2233 4903 2394 4957 porro
2447 4889 2717 4959 praedictae
2766 4891 2935 4946 vineae
2993 4891 3214 4946 ordines
3267 4906 3506 4961 praesens

1940 4994 2120 5034 sermo
2149 4980 2444 5045 describit,
2477 4981 2725 5036 umbram
2751 4983 2959 5038 scilicet
2991 4983 3111 5052 ejus
3138 4993 3351 5039 montes
3377 4998 3507 5052 ope—

1939 5071 2203 5138 rientem;
2257 5073 2479 5128 arbusta
2528 5075 2648 5144 ejus
2691 5075 2745 5128 in
2787 5075 2956 5129 altum
3001 5076 3164 5142 elata,
3199 5077 3274 5130 ita
3305 5083 3365 5130 ut
3396 5091 3505 5130 non
3584 5121 3594 5132 .

1941 5163 2266 5234 simpliciter
2311 5165 2526 5234 cedros,
2580 5166 2676 5222 sed
2725 5169 2919 5224 cedros
2960 5167 3055 5222 Dei
3101 5170 3381 5238 operiant;
3437 5167 3505 5220 ad

1944 5256 2058 5310 hate
2101 5256 2349 5324 palmites
2396 5257 2517 5329 ejus
2563 5275 2738 5330 usque
2774 5260 2841 5314 ad
2880 5275 3031 5316 mare
3063 5270 3346 5319 extensos:
3373 5273 3507 5328 pra?-

1943 5351 2027 5398 ter
2069 5343 2182 5398 hzec
2220 5347 2402 5400 omnia
2431 5357 2610 5404 autem
2641 5349 2964 5421 propagines
2996 5351 3136 5421 ejus,
3161 5365 3278 5420 qua!
3305 5349 3370 5402 ad
3393 5348 3504 5400 ilu-

1949 5451 2071 5490 men
2111 5451 2284 5506 usque
2319 5439 2650 5510 pertingunt.
2706 5441 2952 5506 Quorum
3005 5438 3502 5510 interpretationem

1951 5541 2047 5596 pro
2077 5527 2272 5581 collata
2302 5529 2460 5587 nobis
2491 5530 2663 5603 gratia
2691 5531 2968 5596 dedimus,
2999 5531 3244 5586 umbram
3281 5525 3504 5598 quidem
