4008 6210
537 249 641 304 963

1213 247 1482 304 EUSEBII
1520 247 2000 306 (ἷιΕΞΑΙὶΙΕΝΞΙὸ
2036 249 2100 307 Ol

2233 251 2418 307 PARS
2456 252 2548 317 ΙΙΙ,
2575 283 2644 294 -
2671 253 3084 312 EXEGETICA.

3690 263 3796 320 964

535 379 637 435 pro
668 363 896 434 ﬁgurato
939 363 1034 418 illo
1076 371 1132 419 et
1181 365 1441 419 umbroso
1486 366 1638 418 cultu
1687 365 1984 428 tradentes,
2019 368 2100 436 qui

2215 370 2244 421 ὁ
2269 369 2405 440 μετὰ
2433 372 2620 442 χεῖρας
2647 356 2936 444 διαγράφει
2960 373 3146 442 λόγος’
3175 374 3334 428 σκιὰν
3368 377 3465 447 μὲν
3496 380 3670 451 αὐτῆς
3699 398 3796 434 κα-

536 473 594 512 Ill
639 456 990 513 sensibilibus
1033 467 1089 512 et
1137 458 1420 527 corporeis
1463 459 1744 513 montibus
1793 459 2114 529 perﬁcieba-

537 561 654 615 tur;
697 550 954 614 arbusta,
996 565 1097 620 pro
1145 549 1434 605 animabus
1481 550 1835 620 propheticis,
1887 567 2008 621 qua:
2057 552 2114 606 in

531 642 715 696 cedi-is
762 641 892 706 Dei,
939 643 1203 714 angelicis
1258 642 1516 697 videlicet
1564 657 1628 696 ac
1676 642 1878 699 divinis
1939 646 2115 697 virtu-

530 734 684 790 tibus
739 735 1141 801 lirmabantur;
1176 735 1433 807 palmites
1497 745 1592 790 aut
1638 751 1846 800 eomas,
1895 751 1992 790 seu
2025 736 2116 805 ju-

535 830 656 894 bas,
701 846 802 900 pro
852 839 966 885 tota
1006 829 1321 884 Judzeorum
1364 827 1747 891 multitudine,
1783 828 1853 882 ob
1883 827 2110 883 instabi-

535 923 642 976 lem
670 933 725 976 et
755 921 1106 978 ﬂuctuantem
1133 921 1417 976 hominum
1459 920 1628 974 vitam
1667 935 1842 991 usque
1863 920 1930 974 ad
1966 935 2116 976 mare

529 1021 798 1079 extensa;
834 1013 1054 1068 demum
1098 1013 1429 1084 propagines
1478 1027 1580 1082 pro
1624 1013 1887 1083 apostolis
1919 1010 2116 1068 Serva-

532 1105 670 1162 toris
704 1106 876 1159 nostri
897 1105 991 1174 qui
1025 1103 1080 1158 in
1105 1103 1328 1159 llumine
1367 1113 1660 1160 versantur
1687 1104 1754 1160 de
1777 1119 1886 1175 quo
1907 1104 2114 1159 dictum

529 1204 658 1252 est:
693 1195 962 1250 Fluminis
1011 1196 1234 1264 impetus
1271 1195 1552 1264 laetiﬁcum
1597 1197 1864 1251 civitatem
1913 1195 2014 1250 Dei
2042 1197 2110 1250 ⁷⁸.

530 1287 730 1344 Verum
763 1289 892 1360 quia
928 1297 1228 1343 memorata
1270 1288 1430 1344 vinea
1469 1296 1549 1342 tot
1583 1289 1858 1360 tantisque
1889 1289 2050 1345 bonis
2082 1304 2114 1343 a

530 1380 642 1436 Deo
672 1379 871 1446 Verbo,
901 1381 996 1451 qui
1029 1380 1182 1450 prius
1204 1380 1308 1450 ipsi
1339 1381 1730 1452 prospiciebat,
1768 1381 1967 1436 donata
2004 1388 2111 1446 est,

528 1480 931 1542 consequenter
980 1489 1105 1528 eum
1159 1473 1254 1544 qui
1315 1474 1486 1529 tantis
1530 1488 1652 1528 eam
1688 1472 1849 1528 donis
1874 1474 2112 1540 ornavit,

527 1564 684 1635 quasi
741 1565 1045 1619 dubitando
1112 1565 1407 1635 compellat
1453 1565 1698 1620 dicens:
1761 1562 1957 1635 thuid
2003 1565 2097 1618 de-

527 1657 774 1710 struxisti
792 1658 1076 1711 maceriam
1097 1656 1212 1726 ejus
1231 1657 1258 1712 .9
1284 1655 1380 1712 llle
1396 1671 1526 1711 vero
1554 1655 1846 1728 respondet
1876 1656 1961 1712 his
1988 1671 2112 1712 ver-

2216 461 2519 516 λύπτουσαν
2553 465 2683 535 δρη’
2718 465 3110 536 ἀναδενδράδας
3139 467 3196 520 δὲ
3226 468 3397 539 αὐτῆς
3425 471 3503 533 εἰς
3529 471 3665 541 ὕψος
3701 492 3797 543 με-

2215 553 2633 626 τεωριζομένας,
2678 556 2754 619 ὡς
2806 556 3100 612 καλύπτειν
3151 561 3251 631 οὐχ
3305 561 3493 626 ἁπλῶς
3545 565 3794 636 κέδρους,

2215 645 2352 700 ἀλλά
2377 647 2475 708 τὰς
2503 646 2726 718 κέδρους
2752 648 2846 701 τοῦ
2871 647 3006 702 Θεοῦ
3026 666 3041 681 ·
3070 651 3164 704 καὶ
3193 653 3287 705 ἐπὶ
3309 653 3516 716 τούτοις
3538 655 3794 727 κλήματα

2215 739 2561 808 ἐκτεινόμενα
2590 740 2694 803 ἕως
2728 740 3033 812 Θαλάσσης·
3081 744 3176 796 καὶ
3217 746 3355 815 μετά
3391 747 3567 800 πάντα
3610 766 3792 820 παρα-

2216 830 2421 900 φυάδας
2449 830 2547 895 τάς
2582 833 2742 904 μέχρι
2785 835 3035 905 ποταμοῦ
3076 835 3390 908 διηκούσας.
3422 835 3521 893 Ὧν
3552 842 3654 913 τὴν
3681 842 3793 895 διά-

2214 941 2361 977 νοιαν
2394 925 2535 978 κατὰ
2565 926 2663 996 τὴν
2693 926 2935 981 δοθεῖσαν
2963 930 3390 1002 ἡρμηνεύσαμεν
3421 933 3601 1005 χάριν,
3633 939 3792 992 σκιάν

2217 1014 2317 1085 μὲν
2336 1015 2623 1079 ἀποδόντες
2646 1016 2745 1088 τὴν
2771 1020 3006 1091 τυπικὴν
3029 1021 3121 1073 καὶ
3146 1022 3344 1096 σκιώδη
3369 1024 3648 1098 λατρείαν,
3671 1029 3791 1099 ἥτις

2213 1107 2272 1159 ὲν
2314 1110 2429 1171 τοῖς
2468 1108 2746 1181 αἰσθητοῖς
2789 1112 2886 1164 καὶ
2926 1117 3258 1184 σωματικοῖς
3299 1115 3481 1187 ὄρεσιν
3521 1119 3786 1174 ὲτελεῖτο’

2213 1199 2604 1272 ἀναδενδράδας
2631 1200 2688 1254 δὲ
2719 1201 2820 1266 τὰς
2847 1221 3028 1277 προφη
3039 1207 3190 1270 τικάς
3228 1207 3426 1279 ψυχὰς,
3465 1212 3672 1276 αἵτινες
3699 1215 3792 1267 ἐπὶ

2211 1289 2310 1356 τὰς
2335 1292 2559 1365 κέδρους
2585 1294 2680 1347 τοῦ
2713 1295 2869 1362 Θεοῦ,
2903 1297 3004 1359 τάς
3036 1298 3331 1368 ἀηελικάς
3369 1301 3464 1354 καὶ
3509 1301 3663 1366 θείας
3705 1304 3788 1357 δυ-

2212 1383 2404 1455 νάμεις
2433 1385 2882 1458 ὲπεστηρίζοντο·
2914 1388 3170 1460 κλήματα
3202 1390 3259 1443 δὲ
3290 1391 3323 1462 ἦ
3367 1390 3566 1462 κόμας,
3597 1394 3630 1464 ἢ
3672 1396 3788 1464 χαί-

2209 1493 2309 1540 τας
2330 1476 2392 1531 τὸ
2425 1478 2533 1531 πᾶν
2565 1477 2833 1533 Ἰουδαίων
2866 1479 3069 1550 πλῆθος
3093 1481 3199 1546 ἕως
3239 1480 3516 1554 Θαλάσσης
3551 1486 3788 1541 ἐκτεινό-

2213 1585 2372 1641 μενον
2393 1567 2482 1623 sta
2503 1569 2596 1623 τὸν
2627 1571 2860 1626 ἄστατον
2889 1572 2984 1626 καὶ
3011 1574 3410 1646 κυμαινόμενον
3438 1576 3548 1630 τῶν
3576 1577 3786 1648 ἀνθριὶι-

2210 1677 2328 1713 πων
2357 1659 2471 1730 βίον
2489 1677 2504 1693 ·
2535 1662 2631 1715 καὶ
2671 1661 2824 1726 τέλος
2861 1665 3241 1734 παραφυάδας,
3279 1667 3406 1730 τοὺς
3449 1669 3785 1734 ἀποστόλους

530 1745 653 1802 bis:
688 1746 828 1812 Quia
882 1747 1179 1816 exspectavi
1223 1757 1283 1800 ut
1323 1747 1522 1816 faceret
1563 1727 1742 1811 uvam,
1777 1746 1899 1817 fecit
1930 1756 2100 1801 autem

2209 1750 2305 1804 τοῦ
2333 1727 2584 1824 Σωτῆρος
2617 1753 2774 1824 ἡμῶν
2797 1753 2874 1826 τῷ
2901 1727 3131 1827 ποταμῷ
3162 1727 3434 1822 συνόντας,
3463 1760 3592 1831 περὶ
3617 1755 3683 1815 οὗ
3709 1727 3783 1813 ei:

526 1842 706 1909 spinas
727 1842 805 1908 ἀς
825 1856 890 1896 ac
916 1856 1141 1896 rursum
1162 1838 1509 1909 :Exspectavi
1522 1851 1576 1894 ut
1607 1840 1802 1910 faceret
1820 1841 2106 1910 judicium,

531 1935 650 2004 fecit
702 1945 878 1988 autem
934 1933 1302 2002 iniquitatem;
1347 1947 1452 1985 non
1468 1930 1764 1998 justitiam,
1790 1931 1879 1986 sed
1917 1933 2109 1987 clamo-

528 2043 638 2081 rem
667 2027 734 2080 ⁷⁷.
789 2023 848 2079 In
902 2023 1136 2079 Jeremia
1161 2037 1379 2092 quoque
1401 2023 1618 2077 vineam
1676 2023 1794 2093 ipse
1825 2023 2104 2094 coarguit,

526 2116 877 2172 rationabilis
933 2115 1136 2187 quippe
1195 2122 1338 2180 erat,
1391 2113 1479 2170 his
1527 2115 1748 2170 verbis:
1785 2115 1898 2186 Ego
1932 2127 2107 2170 autem

525 2209 765 2279 plantavi
798 2210 1002 2263 vineam
1027 2207 1384 2277 fructiferam,
1417 2216 1580 2261 totam
1609 2224 1804 2261 ueram.
1830 2208 2105 2274 Quomodo

525 2319 774 2359 conversa
803 2311 879 2357 est
906 2302 962 2356 in
988 2300 1398 2354 amaritudinem
1423 2301 1543 2354 vitis
1581 2300 1758 2354 aliena
1789 2302 1874 2354 '3?
1903 2303 2105 2370 Adjicit

526 2405 709 2449 autem
749 2409 847 2465 per
878 2392 1075 2448 Isaiam
1105 2410 1118 2447 :
1154 2391 1410 2461 Auferam
1458 2405 1628 2459 sepem
1655 2391 1791 2459 ejus,
1834 2402 1884 2446 et
1929 2393 2028 2445 erit
2049 2394 2103 2446 in

524 2486 910 2555 direptionem;
943 2492 995 2538 et
1023 2483 1266 2552 auferam
1295 2498 1504 2535 murum
1532 2482 1668 2550 ejus,
1697 2492 1746 2535 et
1776 2483 1876 2534 erit
1905 2482 1957 2535 in
1981 2499 2103 2537 con-

523 2578 890 2632 culcationem.
922 2575 991 2630 Et
1037 2574 1304 2628 dimittam
1331 2575 1534 2629 vineam
1576 2590 1767 2636 meam,
1799 2584 1847 2627 et
1887 2592 1988 2629 non
2019 2574 2096 2643 fo-

521 2672 717 2732 dietur,
743 2685 904 2740 neque
945 2667 1241 2737 putabitur.
1293 2665 1364 2720 Et
1410 2665 1654 2720 ascendet
1687 2666 1742 2719 in
1781 2682 1895 2720 eam
1948 2667 2100 2736 quasi

522 2763 731 2819 aridam
773 2764 952 2833 spina,
985 2773 1035 2816 et
1082 2761 1309 2828 nubibus
1344 2758 1609 2813 mandabo
1633 2775 1696 2812 ne
1727 2758 1916 2826 pluant
1945 2775 2102 2827 super

520 2873 636 2912 eam
664 2857 881 2909 imbrem
905 2856 973 2908 ⁷³.
1006 2854 1200 2908 Ahlata
1234 2862 1418 2906 autem
1463 2867 1613 2922 sepe,
1645 2851 1848 2904 virtute
1889 2851 2100 2906 scilicet

2213 1859 2402 1916 ρηται*
2444 1844 2555 1898 Ίοῦ
2606 1847 2874 1916 ποταμοῦ
2919 1848 2993 1902 τὰ
3040 1849 3347 1919 ὀρμήματα
3388 1853 3782 1920 εὐφραίνουσι

2208 1933 2323 2001 τὴν
2343 1934 2526 1988 πόλιν
2551 1935 2657 1990 τοῦ
2682 1936 2848 1991 Θεοῦ.
2902 1937 3040 1991 Ἀλλ’
3065 1940 3251 2012 ἐπειδὴ
3277 1940 3545 1994 τοσούτων
3575 1943 3782 2013 ἠξιώθη

2208 2026 2242 2096 ἡ
2286 2025 2624 2098 δεδηλωμένη
2665 2027 2907 2097 ἄμπελος
2953 2029 3059 2083 ὑπὸ
3101 2029 3197 2082 τοῦ
3241 2031 3510 2103 πρότερον
3560 2035 3783 2088 ἐπισκο-

2205 2116 2437 2182 πούντος
2474 2118 2642 2190 αὐτὴν
2669 2119 2805 2172 Θεοῦ
2835 2120 3030 2188 Λόγου,
3073 2121 3382 2186 ἀκολούθως
3407 2122 3436 2174 ὁ
3468 2122 3625 2192 λόγος
3653 2126 3782 2198 ἑξῆς

2206 2211 2281 2275 ὡς
2306 2212 2441 2282 πρὸς
2467 2211 2630 2264 αὑτὸν
2650 2211 2739 2264 τὸν
2765 2209 2834 2264 τά
2857 2212 3094 2266 τοσαῦτα
3118 2214 3486 2286 δεδωρημένον
3508 2218 3784 2290 ἐπαπορεί

2205 2304 2378 2374 λέγων
2404 2322 2417 2336 σ
2469 2305 2650 2359 Ἰνατί
2707 2305 2979 2372 καθεῖλες
3011 2307 3117 2362 τὸν
3141 2311 3412 2379 φραγμὸν
3453 2311 3680 2380 αὺτῆς;
3723 2313 3782 2367 '0

2202 2397 2258 2451 δὲ
2300 2397 2650 2468 ἀποκρίνεται
2696 2397 2870 2468 λέγων
2892 2417 2906 2430 ·
2958 2400 3112 2454 Διότι
3151 2403 3353 2471 ἔμεινα
3393 2405 3494 2459 ἵνα
3548 2407 3778 2475 ποιήσῃ

2203 2491 2528 2560 σταφυλὴν
2552 2530 2569 2558 ,
2619 2491 2871 2559 ἐποίησε
2926 2491 2994 2546 δὲ
3039 2493 3304 2561 ἀκάνθας
3331 2512 3348 2528 ο
3405 2497 3499 2551 καὶ
3565 2499 3729 2553 πάλιν
3757 2517 3772 2529 °

2207 2583 2446 2650 Ἕμεινα
2483 2583 2585 2635 ἵνα
2618 2585 2845 2654 ποιήσῃ
2875 2585 3101 2652 κρίσιν,
3128 2586 3381 2655 ἐποίησε
3406 2588 3475 2641 δὲ
3495 2591 3771 2659 ἀνομίαν,

2201 2673 2298 2727 καὶ
2325 2675 2396 2727 οὺ
2421 2674 2832 2742 δικαιοσύνην,
2855 2675 3013 2730 ἀλλὰ
3039 2677 3326 2747 κραυγήν.
3353 2680 3462 2732 Καὶ
3492 2681 3552 2734 ὲν
3584 2681 3665 2753 τῷ
3689 2683 3776 2736 Ἰε-

2204 2764 2367 2836 ρεμίᾳ
2403 2763 2460 2817 δὲ
2489 2766 2519 2817 ὁ
2551 2766 2714 2828 αὐτὸς
2756 2764 2969 2836 ἐλέγχει
3003 2766 3103 2840 τὴν
3135 2768 3398 2838 ἄμπελον,
3434 2769 3626 2844 λογικὴ
3667 2774 3772 2844 γὰρ

2198 2851 2286 2927 ἦν,
2316 2857 2538 2926 φάσκων
2557 2874 2572 2890 ο
2608 2856 2749 2928 Ἐγὼ
2773 2857 2842 2911 δὲ
2861 2858 3166 2927 ἐφύτευσα
3187 2859 3456 2930 ἄμπελον
3477 2868 3774 2935 καρποφό-

520 2963 644 3019 qua:
673 2947 916 3002 custodit
936 2953 991 3000 et
1019 2943 1414 2999 cireunnnunit
1453 2945 1662 3015 ipsam;
1699 2953 2100 3014 consequenter

2202 2965 2308 3015 ρον
2341 2947 2549 3003 πᾶσαν
2583 2947 2898 3017 ἀληθινήν.
2929 2947 3064 3016 Πῶς
3103 2949 3371 3020 ἐστράφη
3403 2955 3493 3018 εις
3532 2957 3774 3023 πικρίαν

521 3055 712 3095 omnes
767 3038 964 3094 deinde
989 3037 1197 3092 inimici
1239 3036 1542 3091 invisibiles
1597 3043 1652 3091 et
1692 3035 1921 3096 occulti,
1968 3035 2097 3090 leris

2202 3038 2238 3105 ἡ
2291 3036 2559 3107 ἄμπελος
2599 3039 2638 3105 ἠ
2691 3039 3015 3107 ἀλλοτριιυ
3063 3041 3394 3115 Προστίθησι
3442 3045 3499 3098 δὲ
3541 3047 3638 3100 καὶ
3686 3049 3773 3102 διὰ

455 3153 458 3156 ’
522 3130 831 3200 agrestibus
855 3127 1205 3183 immaniores
1231 3124 1422 3196 (Vens.
1454 3125 1567 3196 14),
1591 3127 2098 3180 exterminaverunt

519 3234 638 3284 eos,
694 3219 946 3274 videlicet
994 3217 1086 3288 qui
1143 3233 1173 3270 a
1226 3214 1513 3286 Scriptura
1563 3215 1985 3270 accusabantur.
2032 3215 2098 3268 Et

519 3309 743 3383 quidam
775 3310 1024 3378 impurus
1057 3322 1213 3377 aper,
1245 3322 1439 3377 nempe
1470 3307 1754 3377 Assyrius,
1788 3307 1940 3378 prior
1969 3322 2094 3362 cum

522 3398 840 3455 fortitudine
870 3397 1153 3469 invatyms,
1202 3395 1484 3466 praefatam
1530 3396 1748 3450 vineam
1779 3399 2098 3468 pessumde-

517 3492 626 3556 dit,
655 3491 726 3544 ita
750 3498 809 3544 ut
843 3488 1250 3545 multitudinem
1292 3489 1478 3560 pepuli
1513 3489 1785 3561 captivam
1825 3490 1880 3544 in
1929 3489 2090 3562 Assy-

518 3584 632 3639 rios
657 3582 972 3662 abduceret.
1027 3580 1234 3638 Deinde
1261 3597 1390 3639 vero
1425 3583 1564 3637 alter
1595 3581 1852 3638 inimicus
1882 3582 2098 3653 ingres-

517 3691 636 3740 sus,
661 3692 782 3746 quae
815 3691 845 3729 a
881 3677 1064 3746 priore
1098 3676 1292 3731 relicta
1346 3675 1565 3731 fuerant
1609 3675 1866 3739 vastavit,
1908 3675 2095 3730 Nabu-

516 3766 866 3824 chodonosor
887 3769 1158 3834 videlicet,
1186 3769 1278 3838 qni
1311 3769 1572 3836 templum
1601 3767 1865 3832 incendit,
1901 3776 1956 3822 et
1979 3768 2097 3823 solo

515 3860 771 3929 aequavit.
797 3858 978 3924 Quare
1021 3861 1324 3914 secundum
1378 3860 1768 3932 Symmachum
1803 3860 1969 3915 etiam
2012 3859 2097 3914 di-

516 3957 666 4006 ctu‘m
692 3960 776 4006 est
809 3969 822 4003 :
864 3952 1099 4007 Vastavit
1120 3969 1238 4006 eam
1281 3969 1407 4022 aper
1429 3952 1494 4007 de
1527 3953 1686 4017 silva,
1735 3962 1786 4007 et
1807 3952 2094 4022 singularis

518 4044 661 4107 [erus
681 4045 932 4113 depastus
986 4055 1063 4099 est
1097 4044 1368 4100 eam.Pro
1421 4045 1519 4099 illo
1569 4053 1774 4106 autem,
1806 4044 2095 4114 singularis

455 4209 459 4213 γ
517 4135 686 4200 ferus,
711 4135 931 4205 Aquila,
964 4136 1298 4205 amnigenam
1323 4135 1542 4199 terram,
1575 4135 1964 4205 interpretatus
1987 4145 2092 4191 est.

519 4228 833 4284 Secundum
868 4227 1031 4282 aliam
1060 4242 1192 4283 vero
1228 4227 1755 4298 interpretationem,
1795 4226 2096 4296 pessumde-

514 4321 594 4375 dit
619 4339 738 4376 eam
763 4336 783 4386 ;
810 4321 863 4376 id
893 4329 999 4388 est,
1052 4329 1410 4376 memoratam
1443 4319 1677 4386 vineam,
1717 4319 1893 4390 primo
1922 4319 2094 4391 Baby-

2212 3129 2433 3184 Ἡσαΐου
2466 3130 2670 3200 λέγων’
2705 3129 2951 3186 Καθελῶ
2977 3132 3086 3185 τὸν
3116 3135 3388 3204 φραγμὸν
3420 3137 3633 3206 αὐτῆς,
3673 3143 3772 3196 καὶ

2195 3223 2367 3277 ἐσται
2399 3225 2487 3289 εὶς
2510 3221 2845 3294 διαρπαγήν
2865 3239 2878 3252 ·
2907 3224 3004 3278 καὶ
3031 3225 3262 3280 καθελῶ
3289 3226 3397 3280 τὸν
3434 3229 3640 3298 τοῖχον

2195 3315 2324 3384 τῆς,
2354 3316 2451 3369 καὶ
2475 3315 2642 3370 ἔσται
2674 3319 2762 3384 εὶς
2799 3317 3236 3386 καταπάτησιν.
3286 3321 3393 3375 Kal
3426 3322 3637 3392 ἀνήσω
3668 3326 3778 3378 τὸν

2195 3407 2517 3478 ἀμπελῶνὰ
2536 3426 2676 3478 μου,
2703 3411 2800 3464 καὶ
2827 3413 2900 3465 οὐ
2918 3411 3004 3482 μὴ
3031 3412 3261 3482 σπαρῇ,
3281 3413 3426 3468 οὐδὲ
3443 3415 3530 3483 μὴ
3554 3417 3775 3486 τμηθῇ.

2194 3499 2304 3554 Kal
2343 3498 2708 3566 ἀναϐήσεται
2737 3503 2825 3568 εις
2856 3504 3044 3566 αὐτὸν
3075 3504 3219 3558 ὡσεὶ
3247 3503 3470 3572 χέρσον
3512 3506 3772 3572 ἄκανθα,

2194 3592 2293 3647 καί
2354 3593 2486 3659 ταῖς
2534 3591 2823 3663 νεφέλαις
2874 3593 3229 3665 ἑντελοῦμαι
3271 3596 3380 3650 τοῦ
3418 3595 3502 3666 μὴ
3549 3597 3774 3664 βρέξαι

2194 3689 2282 3754 εὶς
2314 3687 2500 3740 αὑτὸν
2541 3687 2737 3742 ὑετόν.
2776 3687 3208 3760 Καθαιρεθέντος
3248 3689 3306 3743 δὲ
3347 3689 3441 3743 τοῦ
3485 3691 3771 3760 φραγμοῦ,

2194 3777 2438 3831 τουτέστι
2463 3777 2562 3848 τῆς
2594 3777 2965 3849 φυλαττούσης
2996 3779 3194 3843 αὐτοὺς
3231 3780 3327 3834 καὶ⁵
3369 3781 3770 3851 περιφραττού-

2198 3887 2298 3941 σης
2327 3870 2626 3940 δυνάμεως,
2651 3870 2874 3934 εἰκότως
2897 3870 3094 3934 πάντες
3126 3870 3309 3927 λοιπὸν
3335 3870 3580 3942 πολέμιοι
3604 3871 3769 3941 ἀόρα-

2195 3963 2277 4016 τοι
2309 3979 2366 4016 τε
2394 3963 2488 4015 καὶ
2513 3963 2756 4030 ἀφανεῖς,
2788 3961 2970 4034 θηρῶν
2997 3962 3204 4033 ἀγρίων
3233 3961 3385 4026 ὄντες
3417 3961 3770 4034 ἀνημερώτε-

2200 4070 2300 4126 ροι,
2330 4053 2668 4124 ἐλυμήναντο
2707 4054 2924 4118 αὐτοὺς,
2956 4053 3154 4124 δηλαδὴ
3197 4055 3325 4117 τοὺς
3348 4055 3454 4107 ὑπὸ
3488 4054 3582 4107 τοῦ
3612 4055 3769 4123 λόγου

2195 4144 2720 4216 κατηγορουμένους.
2759 4144 2866 4198 Καί
2909 4161 2991 4209 τις
3025 4145 3240 4216 πρῶτος
3271 4145 3583 4217 ἀκάθαρτος
3626 4141 3709 4209 ὗς,
3741 4147 3769 4199 ό

2209 4236 2504 4305 Ἀσσύριος,
2531 4234 2784 4290 εἰσελθὼν
2819 4235 3073 4307 ἰσχυρῶς,
3102 4236 3200 4307 τὴν
3232 4235 3564 4307 δηλωθείσαν
3589 4239 3766 4308 ἄμπε-

2193 4327 2286 4382 λον
2335 4328 2653 4400 διέφθειρεν,
2701 4327 2775 4390 ὡς
2825 4329 2917 4382 καὶ
2975 4329 3280 4397 ἀπαγαγεῖν
3325 4329 3670 4400 αἰχμάλωτον
3710 4329 3768 4382 τὸ

515 4414 719 4477 ionius,
746 4414 841 4485 qui
867 4413 1018 4484 prior
1045 4412 1417 4484 Hierosolyma
1429 4413 1675 4475 obsessa,
1698 4410 1904 4466 excidit
1928 4411 2094 4476 illam;

2202 4419 2402 4490 πλῆθος
2433 4421 2511 4482 εἰς
2536 4419 2663 4482 τοὺς
2691 4418 3024 4491 Ἀσσυρίους.
3057 4413 3188 4472 Εἶτα
3219 4418 3467 4492 δεύτερος
3491 4421 3762 4491 πολέμιος,

518 4516 639 4577 post
677 4509 830 4563 illum
855 4523 985 4563 vero
1013 4508 1300 4564 Romanus
1329 4508 1662 4572 excercitus,
1685 4506 1778 4577 qui
1811 4514 1934 4577 post
1961 4505 2090 4561 Ser-

517 4603 724 4656 vatoris
757 4601 931 4656 nostri
981 4601 1300 4666 adventum,
1337 4601 1648 4670 irrumpens
1673 4601 1907 4654 vastavit
1947 4614 2086 4652 eam.

517 4691 641 4747 llaec
692 4709 858 4763 porro
915 4695 1099 4749 omnia
1126 4695 1457 4750 vaticinatur
1486 4695 1693 4766 Asaph,
1720 4695 1812 4764 qui
1847 4701 2091 4763 tempore

516 4781 736 4840 Davidis
763 4795 890 4840 ante
910 4784 1295 4858 Hierosolyma}
1318 4786 1784 4850 constructionem
1816 4794 1953 4848 erat,
1971 4800 2092 4855 qua:

516 4873 790 4932 adnotatis
827 4879 1164 4948 temporibus
1193 4885 1457 4934 eventura
1494 4879 1595 4948 ipsi
1639 4885 1797 4933 erant
1831 4894 2088 4948 praenun-

517 4965 682 5020 tians.
717 4966 784 5020 Et
808 4969 1026 5037 quidem
1059 4970 1112 5023 in
1149 4972 1401 5039 praesenti
1436 4970 1654 5025 videtur
1703 4983 1811 5022 una
1859 4969 2087 5038 primam

416 5102 427 5117 ,
515 5054 856 5111 obsidionem
907 5073 938 5112 a
977 5059 1308 5132 Babyloniis,
1354 5070 1409 5118 et
1436 5059 1733 5116 secundam
1766 5073 1797 5112 a
1828 5058 2090 5114 Romanis

518 5143 718 5200 iactam
739 5148 1025 5204 vaticinari
1061 5170 1074 5206 :
1109 5166 1207 5220 per
1241 5152 1634 5222 praecedentem
1665 5165 1796 5206 vero
1821 5151 2088 5220 psalmum

516 5253 640 5310 quae
667 5239 772 5295 sub
800 5239 1070 5298 Antiocho
1092 5242 1376 5312 Epiphane
1402 5247 1786 5318 contigerunt;
1809 5259 1904 5314 per
1919 5259 2094 5298 usui

519 5339 701 5389 autem
739 5348 803 5389 ea
831 5335 1009 5389 solum
1034 5352 1156 5406 quae
1201 5336 1267 5389 ad
1295 5347 1624 5406 postremam
1657 5351 1688 5390 a
1723 5335 1987 5392 Romanis
2012 5335 2092 5391 l‘a-

519 5429 664 5479 etam
691 5423 1033 5478 obsidionem
1082 5423 1376 5495 pertinent,
1404 5434 1466 5480 ut
1495 5424 1564 5479 ad
1597 5439 1770 5480 ιιιιιι
1803 5439 2088 5480 common.

521 5524 752 5571 stratum
783 5528 890 5574 est.

2195 4509 2470 4573 εἰσελθὼν,
2493 4510 2563 4562 τὰ
2591 4509 2697 4562 ὑπὸ
2721 4509 2814 4562 τοῦ
2841 4507 3058 4580 πρώτου
3091 4507 3519 4578 καταλειφθέντα
3550 4527 3765 4564 κατενεο

2199 4604 2425 4675 μήσατο,
2439 4605 2471 4656 ό
2505 4602 2989 4674 Ναϐουχοδονόσορ,
3023 4603 3051 4655 ὁ
3077 4603 3172 4657 καὶ
3201 4602 3262 4656 τὸ
3294 4602 3438 4674 ἱερὸν
3485 4603 3760 4674 πυρπολή-

2197 4713 2294 4761 σας
2320 4698 2411 4750 xiii.
2443 4699 2522 4761 εἰς
2569 4696 2763 4766 ἔδαφος
2800 4695 3044 4765 ἀγαγών.
3079 4695 3172 4749 Διὸ
3208 4695 3454 4749 λέλεκται
3503 4697 3601 4750 καὶ
3630 4695 3762 4750 κατά

2194 4790 2286 4843 τὸν
2326 4789 2646 4860 Σύμμαχον·
2682 4788 3139 4859 Κατενεμήσατο
3177 4789 3374 4857 αὐτὴν
3402 4785 3480 4855 ὗς
3523 4791 3594 4842 ἐκ
3641 4790 3762 4857 δρυ⁸

2186 4877 2326 4948 μοῦ,
2374 4880 2471 4932 καὶ
2511 4879 2721 4948 μονιὸς
2769 4879 2971 4949 ἄγριος
3017 4879 3507 4944 κατεόοσκήσατο
3549 4879 3757 4947 αὐτήν.

2205 4969 2349 5022 Ἀντ)⁸
2391 4970 2449 5023 δὲ
2481 4970 2596 5033 τοῦ,
2649 4971 2747 5024 καὶ
2785 4971 2997 5040 μονιὸς
3042 4971 3264 5042 ἄγριος,
3298 4974 3328 5025 ὁ
3365 4972 3618 5035 Ἀκύλας,
3668 4970 3757 5024 καί

2193 5062 2588 5131 παντοδαπὴν
2615 5063 2830 5132 χώραν,
2859 5065 3190 5135 ἡρμήνευσε.
3226 5065 3360 5118 Καθ’
3382 5065 3574 5138 ἑτέραν
3601 5065 3658 5118 δὲ
3687 5065 3760 5133 ἐρ-

2196 5156 2442 5226 μηνείαν,
2475 5155 2814 5225 ἐλυμήνατο
2860 5155 3076 5224 αὐτὴν,
3105 5157 3304 5230 δηλαδὴ
3349 5157 3448 5227 τὴν
3489 5156 3761 5210 ἀποδοθεῖ-

2192 5264 2292 5301 σαν
2323 5247 2586 5318 ἄμπελον,
2633 5249 2846 5321 πρῶτος
2878 5253 2906 5303 ὁ
2952 5249 3312 5313 Βαδυλώνιος,
3342 5252 3371 5303 6
3410 5251 3504 5302 καὶ
3549 5247 3760 5319 πρῶτος

2190 5341 2290 5412 τὴν
2347 5340 2703 5412 Ἰερουσαλὴμ
2755 5341 3041 5414 πολιορκίᾳ
3095 5341 3311 5415 δῃώσας
3333 5358 3347 5372 ·
3401 5341 3592 5394 ἔπειτα
3651 5341 3761 5412 μετ’

2192 5431 2397 5483 ἐκεῖνον
2417 5430 2448 5482 ὁ
2489 5430 2792 5502 Ῥωμαϊκὸς
2815 5431 3064 5503 στρατὸς,
3096 5432 3233 5503 μετά
3269 5433 3369 5502 τὴν
3390 5431 3484 5485 τοῦ
3517 5431 3763 5501 Σωτῆρος

2192 5519 2347 5590 ἡμῶν
2403 5521 2705 5592 παρουσίαν
2769 5520 3045 5587 ἐπελθὼν,
3103 5525 3510 5593 κατενεμήσατο
3575 5521 3758 5589 αὐτὴν.

521 5607 705 5662 Ταῦτα
730 5609 790 5662 δὲ
839 5610 1020 5665 πάντα
1048 5610 1379 5683 προφητεύει
1416 5611 1587 5682 ’Δσάφ
1633 5611 1775 5664 κατά
1823 5611 1951 5672 τοὺς
1996 5609 2220 5682 χρόνους
2246 5608 2485 5678 γεγονὼς
2516 5609 2609 5663 τοῦ
2638 5611 2820 5679 Δαυῒδ,
2852 5613 2959 5677 πρὸ
2989 5613 3087 5671 τῆς
3118 5613 3403 5686 οἰκοδομῆς
3429 5613 3528 5684 τῆς
3571 5613 3760 5683 ἰερονο

590 5719 638 5754 ’⁸
677 5720 820 5781 Psal.
853 5739 981 5795 ην,
1012 5726 1066 5786 5.
1139 5727 1186 5762 ⁷⁵
1219 5727 1323 5786 lsa.
1360 5745 1412 5788 v.
1447 5729 1499 5786 5.
1574 5728 1617 5762 ⁷⁷
1659 5728 1795 5790 ibid.
1831 5727 1886 5784 7.
1962 5731 2008 5767 ⁷³
2046 5726 2100 5784 lc

2202 5742 2274 5794 ιι,
2309 5727 2401 5784 2i.
2475 5727 2522 5762 "
2563 5726 2734 5795 lsa.v,
2769 5729 2802 5784 5
