3996 6210
1373 250 1562 306 COMM
1571 248 1872 305 ENTARIA
1903 246 1975 302 ιΝ
2013 245 2350 304 PSALMOS.
3396 245 3507 302 966

243 253 358 312 965

247 367 456 439 σαλὴμ,
496 366 766 431 θεσπίζων
787 366 925 436 αὑτῇ
963 365 1031 419 τὰ
1072 365 1453 436 συμϐησόμενα
1475 363 1616 418 κατὰ
1642 365 1769 427 τοὺς
1803 362 2140 435 δηλωθέντας
2165 363 2410 434 χρόνους.
2439 364 2538 418 Διὰ
2562 363 2661 436 μὲν
2690 362 2782 418 οὖν
2814 363 2921 418 τῶν
2956 362 3096 434 μετὰ
3122 364 3308 436 χεῖρας
3329 360 3504 414 ἔοικεν

241 464 383 536 ὁμοῦ
425 465 519 518 καὶ
550 454 652 533 τήν
693 461 917 533 πρώτην
946 460 1258 532 πολιορκίαν
1289 459 1388 530 τὴν
1433 459 1538 513 ὑπὸ
1601 457 1953 512 Βαϐυλωνίων
1985 470 2306 527 γενομένην,
2339 457 2434 512 καὶ
2474 458 2574 530 τὴν
2612 458 2868 530 δευτέραν
2911 458 3012 529 τὴν
3053 458 3160 510 ὑπὸ
3217 453 3502 527 Ῥωμαίων

244 556 616 632 προφητεύειν
641 572 656 587 ⁸
691 555 778 610 διὰ
811 555 867 607 δὲ
903 553 994 606 τοῦ
1027 553 1134 624 πρὸ
1161 550 1351 605 τούτου
1381 552 1452 606 τά
1491 549 1635 605 κατὰ
1679 551 1948 621 ’Δντίοχον
1969 550 2060 604 τὸν
2093 550 2358 622 Ἐπιφανῆ
2394 553 2704 622 συμϐάντα·
2740 551 2828 606 διὰ
2871 551 2925 605 δὲ
2956 551 3050 604 τοῦ
3080 550 3122 604 o'
3150 550 3245 604 καὶ
3281 549 3327 623 γ
3366 549 3504 621 μόνα

241 655 316 707 τὰ
336 653 439 724 τῆς
483 650 717 721 ὑστάτης
749 646 1065 718 πολιορκίας
1092 645 1191 716 τῆς
1217 643 1324 696 ὑπὸ
1361 643 1646 715 Ῥωμαίων
1677 641 1996 713 γενομένης,
2029 639 2105 704 ῶς
2128 641 2503 696 ἀποδέδεικται
2531 645 2589 696 ἐν
2621 645 2733 706 τοῖς
2763 642 2901 695 κατὰ
2933 641 3023 695 τὸν
3051 647 3130 709 ογ¹
3167 641 3500 712 εἰρημένοις,

328 743 384 795 '0
437 739 581 806 Θεὸς
616 737 738 793 τῶν
779 734 1106 806 δυνάμεων,
1158 734 1529 804 ἐπίστρεψον
1555 733 1657 802 δὴ,
1698 733 1813 787 ἐπί·

2003 729 2167 787 Vsus.
2203 731 2394 788 15-17.
2439 733 2581 787 Deus
2630 735 2904 797 virtutum,
2937 745 3254 800 convertere,
3305 737 3504 804 respice

241 836 480 903 ϐλεψον
520 830 590 894 ἐξ
624 826 905 896 οὐρανοῦ,
939 825 1036 880 καί
1075 825 1186 892 ιδε,
1216 826 1315 880 καί
1351 827 1674 895 ἐπίσκεψαι
1705 825 1824 894 τὴν

239 925 521 997 ἄμπελον
548 922 798 988 ταύτην,
837 919 933 974 καί
958 917 1306 988 κατάρτισαι
1331 918 1546 987 αὐτὴν,
1580 917 1662 986 ἢν
1687 919 1824 988 ἐφύ-

237 1030 466 1072 τευσεν
503 1013 544 1081 ἡ
575 1010 742 1076 δεξιὰ
765 1024 902 1076 σου,
937 1009 1036 1064 καί
1075 1009 1174 1063 ἐπὶ
1207 1009 1344 1064 υἰὸν
1375 1008 1710 1077 ἀνθρώπου,
1750 1008 1824 1063 ὃν

239 1104 656 1175 ἐκραταίωσας
685 1099 940 1166 σεαυτῷ.
982 1098 1498 1169 Ἐμπεπυρισμένη
1536 1101 1678 1168 πυρί
1722 1099 1821 1154 καὶ

239 1193 696 1266 ἀνεσκαμμένη,
743 1193 860 1247 ἀπὸ
901 1191 1295 1262 ἐπιτιμήσεως
1343 1190 1451 1246 τοῦ
1497 1193 1820 1260 προσώπου

239 1301 361 1340 σου
407 1282 798 1338 ἀπολοῦνται.
841 1282 931 1345 Ὠς
977 1280 1179 1349 ἀγαθὸν
1219 1281 1464 1352 γεωργὸν
1505 1283 1821 1353 ὑπομνήσας

240 1377 342 1447 τῆς
376 1373 577 1444 πολλῆς
607 1372 773 1428 αὑτοῦ
803 1373 932 1444 περί
962 1372 1059 1445 τὴν
1087 1372 1331 1445 ἄμπελον
1361 1371 1698 1444 ἐπιμελείας,
1727 1374 1821 1428 καί¹

239 1467 341 1536 τῆς
378 1467 517 1537 μετὰ
560 1463 731 1517 ταῦτα
763 1462 1050 1535 συμϐάσης
1082 1464 1218 1537 αὐτῇ
1254 1462 1508 1535 ἐρημίας,
1558 1463 1685 1534 ἑξῆς
1726 1465 1822 1518 καὶ

241 1556 553 1620 ἀκολούθως
607 1555 841 1609 ἱκετεύει
883 1555 1207 1628 ἐπιστρέψαι
1253 1557 1328 1620 ὡς
1380 1555 1817 1627 ἀποστραφέντα,

241 1651 339 1703 καὶ
370 1649 457 1703 διά
488 1649 586 1720 τῆς
615 1649 960 1721 ἀποστροφῆς
982 1651 1094 1712 τοῖς
1125 1649 1386 1712 ἐναντίοις
1420 1651 1584 1703 πᾶσιν
1603 1648 1822 1702 ensem

241 1742 378 1796 κάτα
411 1741 510 1814 τὴν
557 1740 819 1812 ἄμπελον.
873 1741 1195 1812 Ἐπισκέψαι
1244 1740 1301 1794 δέ
1351 1740 1512 1796 αὑτὸν
1566 1741 1816 1806 ἱκετεύει,

239 1835 336 1888 καὶ
367 1832 655 1903 ἐπιϐλέψαι
684 1833 888 1888 ἄνωθεν
913 1833 973 1899 ἐξ
1000 1833 1229 1906 οὐρανοῦ
1248 1850 1263 1864 ο
1301 1833 1602 1906 μνησθῆναί
1631 1851 1712 1898 τε,
1741 1833 1819 1898 ώς

239 1927 351 1998 ἄρα
384 1925 469 1997 εἴη
497 1925 660 1980 αὑτοῦ
690 1926 904 1996 φυτεία,
939 1925 1030 1980 καί
1055 1925 1156 1996 τῆς
1178 1925 1343 1980 αὑτοῦ
1372 1925 1549 1993 δεξιᾶς
1573 1925 1818 1998 γεωργία

241 2015 276 2084 ὴ
317 2013 680 2086 προλεχθεῐσα
726 2015 988 2086 ἄμπελος,
1025 2017 1119 2070 καὶ
1165 2015 1468 2088 μνησθέντα
1517 2015 1814 2086 ἐπισκέψα-

1921 821 1985 876 de
2016 821 2167 887 cazlo,
2205 834 2256 877 et
2307 824 2443 888 vide,
2490 835 2540 879 et
2585 826 2741 880 visita
2784 829 2988 880 vineam
3013 828 3195 890 istam,
3233 838 3282 882 et
3310 830 3503 897 perﬁce

1919 930 2060 980 eam,
2102 932 2259 986 quam
2314 916 2576 985 plantavit
2625 918 2843 972 dextera
2874 930 2987 981 tua,
3036 929 3086 973 et
3136 935 3292 988 super
3329 921 3500 989 ﬁlium

1921 1006 2170 1071 hominis,
2203 1023 2353 1076 quem
2385 1010 2714 1076 conﬁrmasti
2759 1010 2874 1063 tibi.
2919 1008 3147 1064 Incensa
3177 1011 3284 1080 igni
3307 1020 3357 1064 et
3386 1011 3502 1082 suf-

1922 1098 2091 1167 fossa,
2117 1098 2182 1151 ab
2212 1099 2569 1168 increpatione
2590 1100 2764 1154 vultus
2794 1103 2871 1155 tui
2900 1103 3162 1172 peribunt.
3199 1100 3497 1172 Postquam

1920 1189 1971 1243 ei
2005 1196 2064 1242 ut
2089 1189 2231 1242 bono
2261 1190 2512 1259 agricola:
2549 1190 2604 1245 in
2647 1192 2966 1247 memoriam
3008 1195 3282 1248 revocavit
3312 1194 3500 1262 ingen-

1920 1291 2033 1338 tem
2090 1283 2237 1337 illam
2273 1299 2428 1338 suam
2480 1299 2576 1354 pro
2608 1286 2766 1340 vinea
2817 1286 3266 1350 sollicitudinem,
3299 1295 3353 1342 et
3384 1286 3497 1357 ipsi

1921 1374 2126 1429 illatam
2158 1384 2346 1445 postea
2401 1377 2747 1443 vastitatem;
2802 1382 2907 1434 sub
2953 1379 3066 1433 hau-
3097 1387 3502 1450 consequenter

1921 1467 2213 1537 supplicat,
2246 1479 2303 1522 ut
2329 1469 2394 1523 ad
2423 1484 2543 1524 eam
2573 1485 2633 1525 se
2659 1477 2965 1534 convertat,
2991 1471 3084 1541 qui
3103 1471 3313 1542 pridem
3346 1485 3503 1526 aver-

1921 1574 2016 1615 sus
2067 1559 2117 1614 ei
2174 1566 2344 1622 esset,
2401 1575 2464 1614 ac
2513 1576 2609 1630 per
2647 1562 2990 1616 aversionem
3036 1561 3206 1623 illam,
3257 1562 3502 1617 inunicis

1919 1652 2161 1708 eamdem
2192 1654 2404 1708 vineam
2435 1653 2767 1711 tradidisset.
2815 1652 2991 1726 Rogat
3038 1664 3218 1711 autem
3255 1656 3408 1710 illum
3442 1666 3502 1712 ut

1919 1743 2232 1799 consideret
2287 1751 2342 1800 et
2381 1759 2601 1800 sursum
2656 1745 2724 1800 de
2755 1746 2894 1800 coelo
2940 1745 3216 1814 respiciat,
3240 1747 3499 1805 recorde-

1919 1841 2118 1904 turque
2165 1844 2522 1892 memoratam
2575 1834 2811 1900 vineam,
2865 1838 2952 1893 sui
3007 1839 3401 1907 plantationem
3444 1848 3502 1896 et

1918 1925 2156 1985 dexterre
2205 1943 2320 1983 suae
2381 1927 2774 1998 agriculturam
2825 1943 2972 1991 esse.
3018 1929 3248 2000 ejusque
3291 1946 3502 1986 memor

1917 2019 2103 2075 visitet
2125 2018 2296 2082 illam,
2334 2027 2521 2089 utpote
2549 2035 2669 2089 qua:
2696 2020 2825 2075 olim
2851 2021 2920 2076 ab
2940 2019 3061 2089 ejus
3091 2021 3315 2076 dextera
3345 2023 3502 2092 plan-

239 2106 369 2162 σθαι
399 2107 590 2177 αὑτὴν,
621 2107 698 2171 ώς
735 2107 802 2161 ἂν
833 2107 998 2161 πάλαι
1027 2108 1124 2177 μὲν
1157 2108 1259 2161 ὑπὸ
1304 2108 1402 2179 τῆς
1430 2107 1594 2176 αὐτοῦ
1635 2108 1813 2173 δεξιᾶς

1917 2118 2023 2164 tata
2053 2109 2217 2165 fuerit
2242 2129 2254 2164 :
2280 2111 2390 2181 jam
2416 2125 2543 2165 vero
2566 2111 2787 2166 incensa
2809 2112 2919 2183 igni
2947 2122 3001 2167 et
3031 2111 3289 2176 sull‘ossa,
3322 2114 3391 2167 ab
3420 2114 3474 2167 in

233 2198 620 2270 φυτευθεῖσαν,
650 2199 766 2253 νυνὶ
794 2197 851 2252 δὲ
886 2199 1370 2271 ἐμπεπυρισμένην
1403 2200 1538 2271 πυρὶ
1567 2201 1661 2253 καὶ
1691 2199 1815 2254 ἀνε-

233 2291 586 2363 σκαμμένην,
615 2291 710 2344 καὶ
736 2289 845 2343 άπὸ
879 2291 1250 2362 ἐπιτιμήσεως
1277 2288 1372 2344 τοῦ
1399 2289 1686 2361 προσώπου
1718 2290 1815 2343 αὑ-

229 2384 335 2439 τοῦ
358 2383 714 2439 ἀπολωλυῖαν.
749 2384 916 2450 Ἀξιοῖ
942 2401 1001 2437 τε
1029 2383 1457 2456 καταρτίσασθαι
1488 2381 1657 2453 αὑτὴν
1684 2383 1815 2436 ἀνα-

232 2478 472 2533 λαϐόντα
535 2477 631 2531 καὶ
692 2477 1142 2550 ἀνακτησάμενον
1187 2473 1342 2546 δίκην
1409 2475 1650 2546 σωτῆρος
1718 2474 1814 2530 καὶ

235 2569 428 2640 ἰατροῦ
447 2585 460 2600 ο
489 2567 772 2621 καὶταῦτα
799 2568 1002 2640 πρᾶξαι
1027 2566 1114 2621 διὰ
1144 2565 1238 2620 τοῦ
1269 2564 1398 2619 Υίοῦ
1426 2564 1485 2619 ὃν
1508 2565 1812 2637 ἐκραταίωρ

232 2679 336 2715 σεν
367 2660 564 2732 ἐαυτῷ.
612 2662 691 2714 Δι’
739 2653 813 2713 ὧν
846 2659 1033 2728 σαφῶς
1063 2661 1093 2713 ὁ
1131 2657 1288 2727 λόγος
1325 2656 1564 2712 διδάσκει
1597 2656 1814 2731 πρῶτον

232 2747 380 2804 εἶναι
421 2751 515 2804 τὸν
548 2750 872 2822 ἐμπρησμὸν
910 2749 968 2802 ὃν
1001 2749 1216 2821 πρῶτον
1257 2748 1546 2820 ὑπέμεινεν
1578 2749 1607 2801 ὁ
1650 2747 1815 2812 τόπος

1914 2203 2228 2273 crepatioue
2282 2203 2467 2258 vultus
2500 2203 2621 2273 ejus
2668 2205 2910 2275 perierit.
2967 2203 3232 2260 Precatur
3277 2205 3407 2260 item
3443 2215 3503 2262 ut

1915 2310 2202 2350 resumens
2232 2303 2662 2367 restauransque
2689 2297 2836 2351 illam
2873 2299 3176 2354 servatoris
3202 2311 3266 2352 ac
3294 2296 3496 2352 medici

1923 2387 2100 2443 instar
2129 2385 2368 2441 reﬁciat:
2391 2397 2444 2442 et
2468 2387 2582 2442 haec
2603 2396 2727 2458 agat
2757 2404 2850 2458 per
2869 2387 3065 2442 Filium
3099 2405 3262 2459 quem
3295 2387 3500 2446 conﬁr-

1915 2480 2083 2534 mavit
2112 2479 2240 2534 sibi.
2261 2479 2427 2544 Queis
2447 2487 2634 2549 aperte
2659 2481 2972 2535 declaratur
2998 2480 3088 2535 hic
3113 2481 3352 2552 primum
3387 2483 3496 2538 loci

1914 2571 2229 2626 incendium
2286 2570 2558 2636 adnotari,
2583 2571 2730 2642 quod
2770 2588 2800 2624 a
2852 2570 3166 2642 Babyloniis
3199 2589 3498 2644 perpessus

1913 2671 2016 2718 est.
2043 2660 2230 2732 Neque
2279 2661 2426 2716 enim
2462 2670 2584 2732 post
2631 2662 2935 2718 secundum
2969 2663 3280 2718 incendium
3316 2680 3346 2718 a
3381 2664 3497 2719 Bo-

1912 2755 2090 2809 manis
2124 2755 2354 2820 illatum,
2408 2755 2655 2809 divinum
2707 2753 3008 2811 Salvatoris
3052 2755 3367 2820 adventum,
3399 2760 3494 2828 qui

233 2842 348 2896 ὑπδ
391 2841 764 2896 Βαϐυλωνίων.
807 2841 880 2895 Οὑ
919 2841 1029 2914 γὰρ
1056 2841 1122 2896 ἂν
1157 2840 1295 2912 μετὰ
1323 2841 1414 2894 τὸν
1439 2840 1690 2914 δεύτερον
1715 2842 1813 2911 ἐμ-

1917 2848 2018 2918 iam
2043 2851 2370 2921 contigerat.
2405 2851 2670 2906 maturari
2728 2861 2995 2922 rogasset.
3043 2850 3361 2922 Opportune
3399 2867 3497 2904 au-

233 2933 494 3007 πρησμὸν
523 2933 614 2987 τὸν
643 2934 748 2986 ὑπὸ
783 2933 1068 3005 Ῥωμαίων
1110 2933 1403 3004 γενόμενον
1439 2931 1538 3004 τὴν
1568 2931 1663 2985 τοῦ
1698 2932 1812 2985 Σω-

1917 2950 2020 2996 lem
2073 2950 2196 3012 post
2267 2943 2503 3014 priorem
2563 2943 2710 2998 illam
2764 2943 2871 2998 loci
2927 2944 3294 2998 calamitatem
3340 2949 3498 3013 rogat

231 3028 403 3098 τῆρος
439 3026 758 3096 θεοφάνειαν
787 3025 1042 3096 γενέσθαι
1069 3023 1224 3096 ἠξίου
1254 3023 1352 3094 τὴν
1381 3023 1481 3095 ήδη
1508 3024 1812 3095 γεγενημέ-

1917 3034 2281 3104 posttdatque,
2301 3043 2360 3090 ut
2377 3034 2706 3108 Redemptor
2735 3036 2985 3092 adveniat
3007 3051 3146 3107 :quo
3176 3035 3495 3102 accedente,

235 3137 358 3191 νην.
406 3118 603 3191 Χώραν
645 3119 701 3172 δὲ
747 3119 860 3191 ἔχει
903 3117 1042 3190 μετὰ
1074 3119 1144 3172 τὰ
1180 3116 1372 3188 πρῶτα
1404 3117 1688 3188 συμϐάντα
1733 3118 1812 3190 τῷ

1917 3125 2036 3194 quia
2062 3127 2292 3195 gratiam
2316 3126 2450 3196 ipsis
2480 3128 2756 3197 prioribus
2790 3128 3171 3182 annuntiatam
3200 3143 3310 3182 non
3341 3143 3492 3183 rece-

230 3212 390 3283 τόπῳ
417 3211 678 3265 ἱκετεύειν
698 3211 792 3265 καὶ
816 3209 1030 3265 δέεσθαι
1057 3207 1150 3262 τὸν
1170 3209 1462 3281 Λυτρωτὴν
1493 3211 1807 3281 ἐπιστῆναι·

1917 3225 2138 3286 perum,
2173 3229 2472 3274 extremam
2521 3221 2986 3290 promeritamque
3027 3221 3337 3276 vastitatem
3367 3219 3494 3289 jure

230 3297 300 3359 οὗ
344 3303 686 3369 ἐπιστάντος,
724 3303 849 3356 ἐπεὶ
893 3301 967 3373 μὴ
1015 3301 1380 3374 παρεδέξαντο
1429 3301 1526 3373 τὴν
1575 3301 1810 3372 πρώτοις

1917 3307 2154 3374 perpessi
2213 3317 2362 3372 sunt,
2393 3325 2554 3379 quam
2590 3309 2706 3380 ipse
2739 3311 3109 3366 comminatus
3141 3310 3252 3366 illis
3293 3319 3375 3365 est
3407 3310 3494 3366 his

230 3396 420 3458 αὑτοῖς
449 3395 516 3448 δι’
545 3394 708 3448 αὑτοῦ
739 3393 1200 3464 καταγγελθεῖσαν
1241 3392 1420 3464 χάριν,
1457 3393 1680 3458 εἰκότως
1709 3396 1809 3466 τὴν

1917 3396 2094 3450 verbis
2130 3415 2143 3451 :
2181 3396 2399 3462 Quoties
2440 3400 2579 3453 volui
2626 3417 2942 3471 congregare
2969 3402 3110 3478 ﬁlios
3146 3411 3286 3464 tuos,
3311 3416 3494 3470 quem-

233 3489 476 3560 ὑστάτην
504 3488 800 3558 ὑπέμειναν
822 3485 1058 3558 ἐρημίαν
1076 3502 1091 3518 ο
1126 3485 1193 3556 ῆν
1218 3485 1378 3549 αὐτὸς
1409 3485 1807 3556 προσετίμησεν

1917 3490 2197 3547 admodum
2235 3496 2438 3566 gallina
2479 3507 2758 3567 congregat
2787 3498 2960 3565 pullos
2986 3515 3109 3552 suos
3143 3498 3241 3553 sub
3268 3497 3410 3559 alas,
3439 3508 3489 3551 et

234 3582 419 3644 αὑτοῖς
468 3579 634 3634 εἰπών
651 3597 665 3610 ο
719 3578 987 3644 Ποσάκις
1030 3577 1304 3646 ἠθέλησα
1343 3577 1809 3647 ἐπισυναγαγεῖν

1917 3586 2156 3641 noluistis
2183 3591 2363 3643 ?Ecce
2410 3590 2732 3660 relinquetur
2781 3590 2922 3644 vobis
2964 3591 3151 3644 domus
3198 3599 3372 3645 vestra
3400 3588 3493 3642 de-

233 3673 308 3728 τὰ
353 3673 538 3727 τέκνα
578 3688 715 3737 σου,
745 3673 818 3726 ὃν
864 3673 1088 3741 τρόπον
1134 3669 1298 3740 ὅρνις
1333 3669 1684 3740 ἐπισυνάγει
1734 3669 1807 3724 τὰ

1917 3690 2055 3733 serta
2078 3681 2122 3712 ⁸ο
2149 3697 2162 3732 :
2193 3679 2414 3750 quando
2444 3681 2744 3736 secundum
2785 3681 3131 3752 Apostolum,
3162 3680 3390 3749 pervenit
3418 3693 3484 3732 an

229 3767 459 3820 νοσσία
488 3766 607 3820 ὑπὸ
653 3765 760 3832 τὰς
799 3764 1113 3834 πτέρυγας,
1145 3764 1244 3818 καί
1288 3765 1399 3818 οὐκ
1429 3763 1806 3832 ﬁlim-ticam;

1913 3784 1999 3822 eos
2023 3771 2107 3824 ira
2131 3771 2184 3824 in
2220 3772 2373 3830 tinem
2399 3771 2468 3825 ⁸⁸.

244 3857 404 3912 Ἰδοὺ
433 3860 668 3928 ἀφίεται
691 3858 834 3930 ὑμῖν
857 3861 890 3916 o'
921 3854 1085 3926 οἶκος
1116 3857 1284 3929 ὑμῶν
1307 3858 1560 3927 ἕρημος·
1601 3857 1690 3910 ὅτε
1738 3858 1834 3913 καὶ
1871 3862 2012 3916 κατὰ
2057 3864 2148 3919 τὸν
2190 3865 2531 3930 Ἀπόστολον,
2561 3864 2828 3934 ἔφθασεν
2872 3867 2960 3931 είς
2996 3862 3216 3918 αὑτοὺρ
3256 3855 3299 3930 δὴ
3339 3858 3486 3930 ὁρτὴ

227 3957 322 4021 εις
343 3953 534 4020 τέλος.

304 4092 626 4163 Γενηθήτω
651 4093 689 4160 ἡ
738 4092 868 4162 χείρ
911 4107 1028 4146 σου
1070 4092 1162 4145 ἐπ’
1204 4091 1390 4160 ἄνδρα
1425 4090 1626 4159 δεξιᾶς
1666 4108 1804 4158 σου,

229 4188 335 4242 καὶ
367 4187 465 4240 ἐπὶ
488 4187 627 4242 υἱὸν
650 4185 985 4254 ἀνθρώπου,
1016 4185 1088 4239 ὃν
1113 4185 1521 4253 ἐκραταίωσας
1551 4186 1804 4253 σεαυτῷ.

229 4280 349 4335 Καὶ
391 4281 462 4334 οὐ
490 4279 576 4349 μὴ
608 4277 967 4348 ἁποστῶμεν
1015 4277 1131 4331 ἀπὸ
1165 4279 1301 4342 σοῦ,
1342 4279 1589 4346 ζωώσεις
1625 4277 1806 4350 ἡμᾶς.

231 4374 381 4428 Μίαν
403 4373 512 4425 τῶν
541 4370 944 4445 προλεχθέντων
972 4371 1228 4425 ἁπάντων
1252 4371 1545 4441 θεραπείαν
1569 4372 1807 4427 διδάσκει

228 4465 296 4519 τὸ
337 4464 562 4536 Πνεῦμα
605 4464 667 4518 τὸ
710 4463 884 4532 ἅγιον,
916 4462 1014 4534 τὴν
1047 4465 1128 4527 εἰς
1174 4463 1488 4536 ἀνθρώπους
1535 4464 1630 4517 τοῦ
1676 4466 1809 4535 Χρι-

234 4556 366 4612 στοῦ
390 4555 485 4610 τοῦ
515 4554 648 4609 Θεοῦ
680 4553 995 4626 παρουσίαν.
1028 4554 1226 4626 Διόπερ
1253 4554 1388 4625 μετά
1415 4554 1483 4608 τὰ
1510 4572 1811 4626 προφητευ-

231 4650 397 4705 θέντα
423 4649 552 4719 περί
575 4647 676 4718 τῆς
702 4647 934 4719 ἐρημίας
957 4645 1052 4700 τοῦ
1082 4645 1401 4716 ἀμπελῶνος
1427 4647 1521 4699 καὶ
1543 4646 1636 4717 τοῦ
1658 4645 1810 4700 ἐπελ-

1983 4090 2147 4146 Vens.
2187 4091 2270 4147 18.
2311 4088 2440 4144 Fiat
2470 4106 2661 4144 manus
2711 4099 2802 4143 tua
2850 4105 3008 4157 super
3045 4089 3216 4143 virum
3259 4089 3490 4146 dextera

1913 4193 2038 4246 tua’.
2069 4193 2118 4238 et
2145 4199 2300 4248 super
2329 4183 2500 4252 ﬁlium
2541 4180 2790 4246 hominis,
2825 4197 2975 4251 quem
3010 4181 3338 4248 conﬁrmasti
3369 4181 3483 4235 tibi.

1911 4274 1980 4328 Et
2019 4293 2122 4330 non
2151 4274 2476 4329 discedemus
2512 4291 2544 4327 a
2574 4285 2643 4335 te,
2668 4272 2957 4340 viviﬁcabis
2989 4287 3104 4325 nos.
3141 4270 3310 4326 Unam
3349 4287 3486 4342 pra:-

1909 4367 2182 4422 dictorum
2225 4367 2468 4421 omnium
2513 4365 2853 4420 curationem
2895 4362 3055 4416 docet
3087 4361 3324 4430 Spiritus
3356 4377 3485 4417 san-

1911 4468 2055 4524 ctus,
2114 4473 2308 4528 nempe
2359 4456 2564 4513 Christi
2613 4454 2709 4509 Dei
2755 4453 2824 4508 ad
2881 4452 3129 4507 homines
3169 4452 3479 4507 adventum.

1913 4547 2277 4616 Quamobrem
2337 4556 2464 4620 post
2514 4545 2855 4618 prophetiam
2905 4543 2973 4598 de
3002 4542 3176 4597 vineae
3204 4542 3481 4608 vastitate,

1913 4650 1968 4698 et
1986 4643 2053 4697 de
2083 4641 2266 4696 futuro
2294 4641 2415 4710 ejus
2460 4637 2738 4702 incendio,
2771 4637 2856 4691 his
2887 4634 3160 4706 supplicat
3191 4641 3249 4687 ut
3272 4633 3485 4689 redem-

234 4745 421 4808 θόντος
450 4744 597 4814 αὑτῷ
638 4741 968 4814 ἐμπρησμοῦ
997 4741 1227 4795 ἱκετεύει
1265 4739 1332 4793 τὰ
1365 4739 1812 4811 προκείμεναέἰς

1917 4739 2121 4802 plorem
2158 4739 2474 4800 exspectare
2521 4731 2701 4796 liceat,
2755 4728 2932 4782 virum
2980 4725 3215 4779 dexterae
3266 4721 3383 4791 Dei,
3431 4735 3484 4779 et

231 4839 297 4892 τὸ
342 4837 642 4910 προσδοκᾷν
688 4836 966 4909 λυτρωτὴν
1014 4835 1106 4888 τὸν
1150 4834 1315 4905 ἄνδρα
1360 4833 1458 4902 τῆς
1504 4830 1684 4897 δεξιᾶς
1709 4829 1803 4884 τοῦ

233 4927 393 4992 Θεοῦ,
427 4927 520 4980 καὶ
557 4925 650 4979 τὸν
672 4926 784 4978 υἱὸν
819 4923 914 4982 τοῦ
953 4922 1237 4996 ἀνθρώπου
1272 4921 1363 4974 τὸν
1396 4920 1500 4974 ὑπὸ
1541 4920 1634 4973 τοῦ
1673 4920 1805 4974 Θεοῦ

233 5017 732 5090 κεκραταιωμένον.
768 5011 934 5079 Οὗτος
964 5017 1021 5069 δὲ
1053 5010 1120 5087 ἦν
1147 5015 1176 5068 ὁ
1203 5013 1485 5084 ἀγαπητὸς
1523 5011 1618 5065 τοῦ
1651 5011 1806 5076 Θεοῦ,

231 5112 296 5164 ὃν
324 5111 522 5164 εἰδέναι
559 5111 654 5164 καὶ
705 5111 955 5180 παρεῖναι
987 5107 1054 5161 δι’
1093 5105 1260 5177 εὑχῆς
1290 5103 1530 5158 τίθεσθαι
1580 5102 1809 5176 παραδί-

232 5204 368 5258 δωσι
413 5205 524 5266 τοῖς
572 5199 1022 5272 ἐντυγχάνουσιν·
1069 5197 1144 5260 ὡς
1192 5196 1279 5257 ἂν,
1321 5194 1538 5263 γνόντες
1570 5193 1728 5246 αὑτὸν
1760 5193 1810 5246 οἰ

232 5295 412 5350 ταῦτα
454 5295 936 5366 προδιδασκόμενοι
963 5291 1058 5345 καὶ
1090 5292 1168 5354 εἰς
1200 5287 1362 5341 αὑτὸν
1402 5284 1807 5348 πιστεύσαντες,

232 5386 300 5439 δι’
323 5384 487 5438 αὐτοῦ
513 5386 692 5455 τυχεῖν
716 5383 815 5453 τῆς
845 5380 952 5434 τῶν
979 5378 1164 5432 κακῶν
1193 5376 1489 5448 θεραπείας
1510 5374 1805 5427 ἐλπίσειαν.

234 5477 330 5530 Διὸ
359 5478 423 5530 ἐκ
467 5474 758 5546 προσώπου
796 5472 903 5525 τῶν
932 5469 1225 5540 θεραπείας
1265 5465 1533 5536 δεομένων
1568 5463 1700 5534 φησί
1724 5465 1807 5528 τὸ,

236 5569 559 5636 Γενηθήτω
589 5568 626 5636 ή
657 5566 785 5636 χείρ
824 5580 939 5619 σου
965 5563 1058 5617 ἐπ’
1092 5559 1279 5629 ἄνδρα
1300 5547 1502 5626 δεξιᾶς
1543 5573 1678 5625 σου,
1708 5557 1806 5613 καί

314 5725 363 5760 ⁸⁸
397 5723 587 5780 Matth.
625 5737 798 5789 mu,
832 5720 922 5776 37.
996 5719 1040 5752 ⁸¹
1081 5717 1100 5772 l
1135 5716 1328 5774 Thess.
1364 5731 1438 5784 ιι,
1475 5715 1541 5771 16

1912 4825 2083 4880 tilium
2118 4823 2354 4877 hominis
2380 4838 2410 4877 a
2455 4821 2564 4877 Deo
2591 4820 2993 4876 conﬁrmatum.
3030 4814 3128 4869 llic
3172 4830 3336 4885 porro
3365 4825 3484 4870 erat

1911 4915 2145 4971 dilectus
2180 4913 2272 4969 Dei
2303 4933 2316 4968 :
2340 4929 2498 4984 quem
2519 4928 2579 4967 se
2599 4925 2781 4971 nosse,
2810 4923 2874 4962 ac
2899 4914 2960 4962 ut
2987 4905 3243 4960 adveniat
3267 4903 3321 4958 in
3355 4913 3486 4960 voto

1915 5009 2114 5064 habere
2147 5009 2448 5078 legentibus
2495 5005 2704 5071 tradit;
2760 5001 2933 5070 utqui
2978 5000 3092 5053 haec
3123 4998 3278 5068 prius
3304 4997 3484 5052 edocti

1917 5109 2069 5164 sunt,
2103 5101 2204 5154 hac
2256 5099 2447 5152 notitia
2482 5105 2538 5151 et
2573 5096 2676 5150 (ide
2709 5094 2763 5148 in
2803 5093 2954 5147 illum
3002 5088 3280 5152 instructi,
3309 5088 3483 5142 malo-

1918 5207 2038 5247 rum
2094 5190 2394 5246 remedium
2456 5188 2524 5243 ab
2568 5203 2636 5240 eo
2686 5201 2745 5242 se
2801 5191 3198 5240 consecuturos
3243 5186 3479 5251 sperent.

1911 5283 2088 5350 Quare
2112 5299 2177 5337 ex
2211 5297 2444 5352 persona
2493 5295 2682 5335 eorum
2706 5279 2798 5349 qui
2847 5276 3054 5332 medela
3105 5289 3243 5344 Opus
3285 5273 3483 5325 habent

1910 5378 2028 5431 ait:
2064 5374 2191 5428 Fiat
2236 5390 2422 5427 manus
2473 5383 2564 5426 tua
2615 5388 2772 5441 super
2796 5371 2967 5424 virum
3009 5369 3240 5421 dexterw
3281 5376 3405 5423 tum,
3431 5369 3480 5412 et

1906 5481 2062 5535 super
2094 5465 2264 5533 [ilium
2311 5463 2558 5526 hominis,
2583 5478 2732 5532 quem
2762 5458 3088 5528 conﬁrmasti
3136 5454 3246 5506 tibi.
3274 5447 3343 5502 Et
3377 5463 3481 5502 non

1907 5556 2229 5613 discedemus
2251 5572 2283 5610 ιι
2309 5565 2378 5612 te.
2405 5553 2531 5610 llaec
2561 5569 2723 5626 porro
2752 5552 2903 5609 verbi
2933 5544 3200 5606 sententia
3221 5550 3305 5598 est
3339 5559 3353 5598 :
3387 5537 3484 5596 Ve)
