  <div class='ocr_page' id='page_1' title='image "/cluster/home/n/w/nwhite01/storage/ocr_20150623/23/hvd.32044073501116/489.png"; bbox 0 0 2004 3105; ppageno 0'>
   <div class='ocr_carea' id='block_1_1' title="bbox 276 129 326 156">
    <p class='ocr_par' dir='ltr' id='par_1_1' title="bbox 276 129 326 156">
     <span class='ocr_line' id='line_1_1' title="bbox 276 129 326 156; baseline -0.02 0"><span class='ocrx_word' id='word_1_1' title='bbox 276 129 326 156; x_wconf 76' lang='grc'><strong>967</strong></span> 
     </span>
    </p>
   </div>
   <div class='ocr_carea' id='block_1_2' title="bbox 641 125 1058 155">
    <p class='ocr_par' dir='ltr' id='par_1_2' title="bbox 641 126 1058 155">
     <span class='ocr_line' id='line_1_2' title="bbox 641 126 1058 155; baseline 0 -1"><span class='ocrx_word' id='word_1_2' title='bbox 641 127 773 155; x_wconf 66' lang='grc' dir='ltr'><strong>ΕυδΙέΒΙΙ</strong></span> <span class='ocrx_word' id='word_1_3' title='bbox 793 126 1029 155; x_wconf 53' lang='lat' dir='ltr'><strong>CzESARlENSIS</strong></span> <span class='ocrx_word' id='word_1_4' title='bbox 1047 126 1058 154; x_wconf 89' lang='lat'><strong>(</strong></span> 
     </span>
    </p>
   </div>
   <div class='ocr_carea' id='block_1_3' title="bbox 1109 125 1559 155">
    <p class='ocr_par' dir='ltr' id='par_1_3' title="bbox 1109 125 1559 154">
     <span class='ocr_line' id='line_1_3' title="bbox 1109 125 1559 154; baseline 0 0"><span class='ocrx_word' id='word_1_5' title='bbox 1109 130 1122 154; x_wconf 82' lang='lat'><strong>&#39;.</strong></span> <span class='ocrx_word' id='word_1_6' title='bbox 1142 126 1232 154; x_wconf 71' lang='lat' dir='ltr'><strong>PARS</strong></span> <span class='ocrx_word' id='word_1_7' title='bbox 1251 126 1294 154; x_wconf 89' lang='grc' dir='ltr'><strong>ΙΙΙ.</strong></span> <span class='ocrx_word' id='word_1_8' title='bbox 1307 142 1341 147; x_wconf 89' lang='grc'><strong><em>-</em></strong></span> <span class='ocrx_word' id='word_1_9' title='bbox 1355 125 1559 154; x_wconf 79' lang='lat' dir='ltr'><strong>EXEGETICA.</strong></span> 
     </span>
    </p>
   </div>
   <div class='ocr_carea' id='block_1_4' title="bbox 1842 126 1894 154">
    <p class='ocr_par' dir='ltr' id='par_1_4' title="bbox 1842 126 1894 154">
     <span class='ocr_line' id='line_1_4' title="bbox 1842 126 1894 154; baseline 0 0"><span class='ocrx_word' id='word_1_10' title='bbox 1842 126 1894 154; x_wconf 81' lang='lat'><strong>968</strong></span> 
     </span>
    </p>
   </div>
   <div class='ocr_carea' id='block_1_5' title="bbox 276 182 1058 219">
    <p class='ocr_par' dir='ltr' id='par_1_5' title="bbox 276 185 1058 216">
     <span class='ocr_line' id='line_1_5' title="bbox 276 185 1058 216; baseline -0.004 -2"><span class='ocrx_word' id='word_1_11' title='bbox 276 194 349 214; x_wconf 87' lang='lat' dir='ltr'><strong>nunc</strong></span> <span class='ocrx_word' id='word_1_12' title='bbox 364 185 470 213; x_wconf 85' lang='lat' dir='ltr'><strong>tandem</strong></span> <span class='ocrx_word' id='word_1_13' title='bbox 493 192 591 212; x_wconf 85' lang='lat' dir='ltr'><strong>manus</strong></span> <span class='ocrx_word' id='word_1_14' title='bbox 606 189 652 212; x_wconf 86' lang='lat' dir='ltr'><strong>tua</strong></span> <span class='ocrx_word' id='word_1_15' title='bbox 667 186 774 212; x_wconf 87' lang='lat' dir='ltr'><strong>occulta</strong></span> <span class='ocrx_word' id='word_1_16' title='bbox 795 185 839 211; x_wconf 87' lang='lat' dir='ltr'><strong>illa</strong></span> <span class='ocrx_word' id='word_1_17' title='bbox 853 188 881 213; x_wconf 89' lang='lat' dir='ltr'><strong>et</strong></span> <span class='ocrx_word' id='word_1_18' title='bbox 904 185 1058 216; x_wconf 73' lang='lat' dir='ltr'><strong>invisibilis,</strong></span> 
     </span>
    </p>
   </div>
   <div class='ocr_carea' id='block_1_6' title="bbox 1109 182 1896 219">
    <p class='ocr_par' dir='ltr' id='par_1_6' title="bbox 1114 182 1896 219">
     <span class='ocr_line' id='line_1_6' title="bbox 1114 182 1896 219; baseline 0.001 -8"><span class='ocrx_word' id='word_1_19' title='bbox 1114 185 1162 211; x_wconf 76' lang='grc' dir='ltr'><strong>ἐπὶ</strong></span> <span class='ocrx_word' id='word_1_20' title='bbox 1178 185 1243 212; x_wconf 78' lang='grc' dir='ltr'>υἱὸν</span> <span class='ocrx_word' id='word_1_21' title='bbox 1256 185 1423 219; x_wconf 79' lang='grc' dir='ltr'>ἀνθρώπου,</span> <span class='ocrx_word' id='word_1_22' title='bbox 1437 184 1473 211; x_wconf 78' lang='grc' dir='ltr'><strong>ὃν</strong></span> <span class='ocrx_word' id='word_1_23' title='bbox 1481 183 1684 218; x_wconf 78' lang='grc' dir='ltr'>ἐκραταιωσας</span> <span class='ocrx_word' id='word_1_24' title='bbox 1701 182 1827 215; x_wconf 81' lang='grc' dir='ltr'>σεαυτῷ.</span> <span class='ocrx_word' id='word_1_25' title='bbox 1839 183 1896 212; x_wconf 70' lang='grc' dir='ltr'><strong>Καὶ</strong></span> 
     </span>
    </p>
   </div>
   <div class='ocr_carea' id='block_1_7' title="bbox 275 230 1058 266">
    <p class='ocr_par' dir='ltr' id='par_1_7' title="bbox 275 230 1058 266">
     <span class='ocr_line' id='line_1_7' title="bbox 275 230 1058 266; baseline -0.001 -8"><span class='ocrx_word' id='word_1_26' title='bbox 275 231 415 258; x_wconf 86' lang='lat' dir='ltr'><strong>illucescat</strong></span> <span class='ocrx_word' id='word_1_27' title='bbox 425 230 452 257; x_wconf 91' lang='lat' dir='ltr'><strong>in</strong></span> <span class='ocrx_word' id='word_1_28' title='bbox 467 231 523 257; x_wconf 90' lang='lat' dir='ltr'><strong>viro</strong></span> <span class='ocrx_word' id='word_1_29' title='bbox 536 230 654 258; x_wconf 64' lang='lat' dir='ltr'><strong>dextera</strong></span> <span class='ocrx_word' id='word_1_30' title='bbox 664 234 717 257; x_wconf 64' lang='lat' dir='ltr'><strong>tua:</strong></span> <span class='ocrx_word' id='word_1_31' title='bbox 731 231 868 262; x_wconf 89' lang='lat' dir='ltr'><strong>ministro,</strong></span> <span class='ocrx_word' id='word_1_32' title='bbox 883 235 910 258; x_wconf 92' lang='lat' dir='ltr'><strong>et</strong></span> <span class='ocrx_word' id='word_1_33' title='bbox 928 231 954 257; x_wconf 93' lang='lat' dir='ltr'><strong>in</strong></span> <span class='ocrx_word' id='word_1_34' title='bbox 969 238 1001 259; x_wconf 88' lang='lat' dir='ltr'><strong>eo</strong></span> <span class='ocrx_word' id='word_1_35' title='bbox 1012 231 1058 266; x_wconf 86' lang='lat' dir='ltr'><strong>qui</strong></span> 
     </span>
    </p>
   </div>
   <div class='ocr_carea' id='block_1_8' title="bbox 277 276 1058 311">
    <p class='ocr_par' dir='ltr' id='par_1_8' title="bbox 277 276 1058 311">
     <span class='ocr_line' id='line_1_8' title="bbox 277 276 1058 311; baseline 0.003 -9"><span class='ocrx_word' id='word_1_36' title='bbox 277 276 360 303; x_wconf 75' lang='lat' dir='ltr'><strong>Filius</strong></span> <span class='ocrx_word' id='word_1_37' title='bbox 378 276 495 303; x_wconf 85' lang='lat' dir='ltr'><strong>hominis</strong></span> <span class='ocrx_word' id='word_1_38' title='bbox 507 277 645 303; x_wconf 82' lang='lat' dir='ltr'><strong>vocandus</strong></span> <span class='ocrx_word' id='word_1_39' title='bbox 656 280 698 303; x_wconf 88' lang='lat' dir='ltr'><strong>est</strong></span> <span class='ocrx_word' id='word_1_40' title='bbox 714 286 718 303; x_wconf 92' lang='lat'><strong>:</strong></span> <span class='ocrx_word' id='word_1_41' title='bbox 735 284 815 311; x_wconf 88' lang='lat' dir='ltr'><strong>quem</strong></span> <span class='ocrx_word' id='word_1_42' title='bbox 834 281 862 303; x_wconf 90' lang='lat' dir='ltr'><strong>tu</strong></span> <span class='ocrx_word' id='word_1_43' title='bbox 878 276 926 303; x_wconf 93' lang='lat' dir='ltr'><strong>tibi</strong></span> <span class='ocrx_word' id='word_1_44' title='bbox 946 278 1058 311; x_wconf 87' lang='lat' dir='ltr'><strong>parasti,</strong></span> 
     </span>
    </p>
   </div>
   <div class='ocr_carea' id='block_1_9' title="bbox 274 323 1061 356">
    <p class='ocr_par' dir='ltr' id='par_1_9' title="bbox 274 323 1061 356">
     <span class='ocr_line' id='line_1_9' title="bbox 274 323 1061 356; baseline 0.004 -8"><span class='ocrx_word' id='word_1_45' title='bbox 274 326 356 356; x_wconf 79' lang='lat' dir='ltr'><strong>atque</strong></span> <span class='ocrx_word' id='word_1_46' title='bbox 372 327 399 349; x_wconf 93' lang='lat' dir='ltr'><strong>ut</strong></span> <span class='ocrx_word' id='word_1_47' title='bbox 419 323 629 350; x_wconf 86' lang='lat' dir='ltr'><strong>instrumentum</strong></span> <span class='ocrx_word' id='word_1_48' title='bbox 651 324 760 351; x_wconf 85' lang='lat' dir='ltr'><strong>virtutis</strong></span> <span class='ocrx_word' id='word_1_49' title='bbox 775 327 828 351; x_wconf 66' lang='lat' dir='ltr'><strong>tua:</strong></span> <span class='ocrx_word' id='word_1_50' title='bbox 842 323 1022 355; x_wconf 80' lang='lat' dir='ltr'><strong>conﬁrmasti,</strong></span> <span class='ocrx_word' id='word_1_51' title='bbox 1033 328 1061 351; x_wconf 92' lang='lat' dir='ltr'><strong>et</strong></span> 
     </span>
    </p>
   </div>
   <div class='ocr_carea' id='block_1_10' title="bbox 274 369 1060 403">
    <p class='ocr_par' dir='ltr' id='par_1_10' title="bbox 274 369 1060 403">
     <span class='ocr_line' id='line_1_10' title="bbox 274 369 1060 403; baseline 0.001 -8"><span class='ocrx_word' id='word_1_52' title='bbox 274 369 352 403; x_wconf 85' lang='lat' dir='ltr'><strong>quasi</strong></span> <span class='ocrx_word' id='word_1_53' title='bbox 369 369 477 396; x_wconf 88' lang='lat' dir='ltr'><strong>deitatis</strong></span> <span class='ocrx_word' id='word_1_54' title='bbox 498 373 551 396; x_wconf 67' lang='lat' dir='ltr'><strong>tua:</strong></span> <span class='ocrx_word' id='word_1_55' title='bbox 570 370 747 396; x_wconf 77' lang='lat' dir='ltr'><strong>simulacrum</strong></span> <span class='ocrx_word' id='word_1_56' title='bbox 765 370 901 398; x_wconf 84' lang='lat' dir='ltr'><strong>excitasti.</strong></span> <span class='ocrx_word' id='word_1_57' title='bbox 918 369 987 396; x_wconf 85' lang='lat' dir='ltr'><strong>Nam</strong></span> <span class='ocrx_word' id='word_1_58' title='bbox 1009 370 1060 397; x_wconf 87' lang='lat' dir='ltr'><strong>hoc</strong></span> 
     </span>
    </p>
   </div>
   <div class='ocr_carea' id='block_1_11' title="bbox 226 415 1060 451">
    <p class='ocr_par' dir='ltr' id='par_1_11' title="bbox 226 415 1060 451">
     <span class='ocr_line' id='line_1_11' title="bbox 226 415 1060 451; baseline 0.004 -11"><span class='ocrx_word' id='word_1_59' title='bbox 226 446 228 448; x_wconf 95' lang='lat'><em>_</em></span> <span class='ocrx_word' id='word_1_60' title='bbox 274 418 431 448; x_wconf 79' lang='lat' dir='ltr'><strong>apparentc,</strong></span> <span class='ocrx_word' id='word_1_61' title='bbox 450 423 503 441; x_wconf 89' lang='lat' dir='ltr'><strong>non</strong></span> <span class='ocrx_word' id='word_1_62' title='bbox 527 415 642 442; x_wconf 87' lang='lat' dir='ltr'><strong>ulterius</strong></span> <span class='ocrx_word' id='word_1_63' title='bbox 658 415 729 441; x_wconf 84' lang='lat' dir='ltr'><strong>idola</strong></span> <span class='ocrx_word' id='word_1_64' title='bbox 744 415 883 443; x_wconf 88' lang='lat' dir='ltr'><strong>colemus:</strong></span> <span class='ocrx_word' id='word_1_65' title='bbox 909 415 958 443; x_wconf 87' lang='lat' dir='ltr'><strong>sed</strong></span> <span class='ocrx_word' id='word_1_66' title='bbox 972 423 1060 451; x_wconf 90' lang='lat' dir='ltr'><strong>neque</strong></span> 
     </span>
    </p>
   </div>
   <div class='ocr_carea' id='block_1_12' title="bbox 273 460 1061 495">
    <p class='ocr_par' dir='ltr' id='par_1_12' title="bbox 273 460 1061 495">
     <span class='ocr_line' id='line_1_12' title="bbox 273 460 1061 495; baseline 0.003 -9"><span class='ocrx_word' id='word_1_67' title='bbox 273 460 420 487; x_wconf 83' lang='lat' dir='ltr'><strong>multorum</strong></span> <span class='ocrx_word' id='word_1_68' title='bbox 444 461 586 487; x_wconf 83' lang='lat' dir='ltr'><strong>numinum</strong></span> <span class='ocrx_word' id='word_1_69' title='bbox 601 461 687 487; x_wconf 87' lang='lat' dir='ltr'><strong>errori</strong></span> <span class='ocrx_word' id='word_1_70' title='bbox 717 461 876 494; x_wconf 87' lang='lat' dir='ltr'><strong>serviemus,</strong></span> <span class='ocrx_word' id='word_1_71' title='bbox 894 468 983 495; x_wconf 90' lang='lat' dir='ltr'><strong>neque</strong></span> <span class='ocrx_word' id='word_1_72' title='bbox 1002 468 1061 488; x_wconf 89' lang='lat' dir='ltr'><strong>am-</strong></span> 
     </span>
    </p>
   </div>
   <div class='ocr_carea' id='block_1_13' title="bbox 274 507 1058 541">
    <p class='ocr_par' dir='ltr' id='par_1_13' title="bbox 274 507 1058 541">
     <span class='ocr_line' id='line_1_13' title="bbox 274 507 1058 541; baseline 0.001 -9"><span class='ocrx_word' id='word_1_73' title='bbox 274 507 345 541; x_wconf 86' lang='lat' dir='ltr'><strong>plius</strong></span> <span class='ocrx_word' id='word_1_74' title='bbox 361 515 375 533; x_wconf 86' lang='lat' dir='ltr'><strong>a</strong></span> <span class='ocrx_word' id='word_1_75' title='bbox 391 511 417 534; x_wconf 80' lang='lat' dir='ltr'><strong>te</strong></span> <span class='ocrx_word' id='word_1_76' title='bbox 431 507 600 534; x_wconf 75' lang='lat' dir='ltr'><strong>recedemus.</strong></span> <span class='ocrx_word' id='word_1_77' title='bbox 616 507 763 541; x_wconf 80' lang='lat' dir='ltr'><strong>Postquam</strong></span> <span class='ocrx_word' id='word_1_78' title='bbox 773 510 864 534; x_wconf 89' lang='lat' dir='ltr'><strong>autem</strong></span> <span class='ocrx_word' id='word_1_79' title='bbox 875 507 910 534; x_wconf 88' lang='lat' dir='ltr'><strong>ab</strong></span> <span class='ocrx_word' id='word_1_80' title='bbox 919 515 952 535; x_wconf 89' lang='lat' dir='ltr'><strong>eo</strong></span> <span class='ocrx_word' id='word_1_81' title='bbox 964 507 1058 538; x_wconf 84' lang='lat' dir='ltr'><strong>vitam,</strong></span> 
     </span>
    </p>
   </div>
   <div class='ocr_carea' id='block_1_14' title="bbox 272 553 1059 588">
    <p class='ocr_par' dir='ltr' id='par_1_14' title="bbox 272 553 1059 588">
     <span class='ocr_line' id='line_1_14' title="bbox 272 553 1059 588; baseline 0.001 -9"><span class='ocrx_word' id='word_1_82' title='bbox 272 558 299 579; x_wconf 82' lang='lat' dir='ltr'><strong>ct</strong></span> <span class='ocrx_word' id='word_1_83' title='bbox 319 553 433 580; x_wconf 76' lang='lat' dir='ltr'><strong>salutem</strong></span> <span class='ocrx_word' id='word_1_84' title='bbox 449 562 507 588; x_wconf 68' lang='lat' dir='ltr'><strong>qum</strong></span> <span class='ocrx_word' id='word_1_85' title='bbox 518 553 544 580; x_wconf 95' lang='lat' dir='ltr'><strong>in</strong></span> <span class='ocrx_word' id='word_1_86' title='bbox 559 557 585 580; x_wconf 91' lang='lat' dir='ltr'><strong>te</strong></span> <span class='ocrx_word' id='word_1_87' title='bbox 602 559 643 580; x_wconf 86' lang='lat' dir='ltr'><strong>est</strong></span> <span class='ocrx_word' id='word_1_88' title='bbox 656 553 853 588; x_wconf 86' lang='lat' dir='ltr'><strong>acceperimus,</strong></span> <span class='ocrx_word' id='word_1_89' title='bbox 868 560 967 580; x_wconf 89' lang='lat' dir='ltr'><strong>nomen</strong></span> <span class='ocrx_word' id='word_1_90' title='bbox 983 557 1059 580; x_wconf 90' lang='lat' dir='ltr'><strong>tuum</strong></span> 
     </span>
    </p>
   </div>
   <div class='ocr_carea' id='block_1_15' title="bbox 273 598 1060 633">
    <p class='ocr_par' dir='ltr' id='par_1_15' title="bbox 273 598 1060 633">
     <span class='ocr_line' id='line_1_15' title="bbox 273 598 1060 633; baseline 0.001 -10"><span class='ocrx_word' id='word_1_91' title='bbox 273 598 480 625; x_wconf 82' lang='lat' dir='ltr'><strong>iuvocabimus:</strong></span> <span class='ocrx_word' id='word_1_92' title='bbox 512 606 599 633; x_wconf 82' lang='lat' dir='ltr'><strong>neque</strong></span> <span class='ocrx_word' id='word_1_93' title='bbox 624 599 740 625; x_wconf 88' lang='lat' dir='ltr'><strong>ulterius</strong></span> <span class='ocrx_word' id='word_1_94' title='bbox 767 598 921 633; x_wconf 86' lang='lat' dir='ltr'><strong>cujuspiam</strong></span> <span class='ocrx_word' id='word_1_95' title='bbox 950 598 1060 625; x_wconf 88' lang='lat' dir='ltr'><strong>nomine</strong></span> 
     </span>
    </p>
   </div>
   <div class='ocr_carea' id='block_1_16' title="bbox 273 643 1060 678">
    <p class='ocr_par' dir='ltr' id='par_1_16' title="bbox 273 643 1060 678">
     <span class='ocr_line' id='line_1_16' title="bbox 273 643 1060 678; baseline 0.001 -9"><span class='ocrx_word' id='word_1_96' title='bbox 273 644 479 678; x_wconf 83' lang='lat' dir='ltr'><strong>appellabimur,</strong></span> <span class='ocrx_word' id='word_1_97' title='bbox 508 652 562 670; x_wconf 91' lang='lat' dir='ltr'><strong>non</strong></span> <span class='ocrx_word' id='word_1_98' title='bbox 580 645 614 671; x_wconf 89' lang='lat' dir='ltr'><strong>ab</strong></span> <span class='ocrx_word' id='word_1_99' title='bbox 641 644 741 671; x_wconf 86' lang='lat' dir='ltr'><strong>lsraele</strong></span> <span class='ocrx_word' id='word_1_100' title='bbox 763 643 903 677; x_wconf 62' lang='lat' dir='ltr'><strong>Israelitar,</strong></span> <span class='ocrx_word' id='word_1_101' title='bbox 932 651 1021 678; x_wconf 88' lang='lat' dir='ltr'><strong>neque</strong></span> <span class='ocrx_word' id='word_1_102' title='bbox 1044 651 1060 670; x_wconf 87' lang='lat' dir='ltr'><strong>a</strong></span> 
     </span>
    </p>
   </div>
   <div class='ocr_carea' id='block_1_17' title="bbox 272 688 1060 720">
    <p class='ocr_par' dir='ltr' id='par_1_17' title="bbox 272 688 1060 720">
     <span class='ocr_line' id='line_1_17' title="bbox 272 688 1060 720; baseline 0.001 -6"><span class='ocrx_word' id='word_1_103' title='bbox 272 689 340 715; x_wconf 81' lang='lat' dir='ltr'><strong>Juda</strong></span> <span class='ocrx_word' id='word_1_104' title='bbox 354 688 456 720; x_wconf 67' lang='lat' dir='ltr'><strong>Judmi;</strong></span> <span class='ocrx_word' id='word_1_105' title='bbox 476 689 522 716; x_wconf 88' lang='lat' dir='ltr'><strong>sed</strong></span> <span class='ocrx_word' id='word_1_106' title='bbox 537 697 551 715; x_wconf 91' lang='lat' dir='ltr'><strong>a</strong></span> <span class='ocrx_word' id='word_1_107' title='bbox 569 693 626 720; x_wconf 89' lang='lat' dir='ltr'><strong>tuo,</strong></span> <span class='ocrx_word' id='word_1_108' title='bbox 642 689 762 720; x_wconf 83' lang='lat' dir='ltr'><strong>Christe,</strong></span> <span class='ocrx_word' id='word_1_109' title='bbox 780 689 890 716; x_wconf 88' lang='lat' dir='ltr'><strong>nomine</strong></span> <span class='ocrx_word' id='word_1_110' title='bbox 912 688 1060 715; x_wconf 82' lang='lat' dir='ltr'><strong>Christiani</strong></span> 
     </span>
    </p>
   </div>
   <div class='ocr_carea' id='block_1_18' title="bbox 272 734 1060 770">
    <p class='ocr_par' dir='ltr' id='par_1_18' title="bbox 272 734 1060 770">
     <span class='ocr_line' id='line_1_18' title="bbox 272 734 1060 770; baseline -0.003 -8"><span class='ocrx_word' id='word_1_111' title='bbox 272 736 439 762; x_wconf 80' lang='lat' dir='ltr'><strong>vocabimur.</strong></span> <span class='ocrx_word' id='word_1_112' title='bbox 456 736 625 770; x_wconf 85' lang='lat' dir='ltr'><strong>Quapropter</strong></span> <span class='ocrx_word' id='word_1_113' title='bbox 644 736 793 762; x_wconf 90' lang='lat' dir='ltr'><strong>secundum</strong></span> <span class='ocrx_word' id='word_1_114' title='bbox 810 734 1002 770; x_wconf 84' lang='lat' dir='ltr'><strong>Symmachqu</strong></span> <span class='ocrx_word' id='word_1_115' title='bbox 1018 734 1060 760; x_wconf 89' lang='lat' dir='ltr'><strong>di-</strong></span> 
     </span>
    </p>
   </div>
   <div class='ocr_carea' id='block_1_19' title="bbox 272 778 1060 815">
    <p class='ocr_par' dir='ltr' id='par_1_19' title="bbox 272 778 1060 815">
     <span class='ocr_line' id='line_1_19' title="bbox 272 778 1060 815; baseline -0.003 -7"><span class='ocrx_word' id='word_1_116' title='bbox 272 782 342 808; x_wconf 88' lang='lat' dir='ltr'><strong>citur</strong></span> <span class='ocrx_word' id='word_1_117' title='bbox 355 791 361 808; x_wconf 87' lang='lat'>:</span> <span class='ocrx_word' id='word_1_118' title='bbox 386 781 535 815; x_wconf 81' lang='lat' dir='ltr'><strong>Viviﬁcabis</strong></span> <span class='ocrx_word' id='word_1_119' title='bbox 548 790 605 813; x_wconf 85' lang='lat' dir='ltr'><strong>nos,</strong></span> <span class='ocrx_word' id='word_1_120' title='bbox 619 786 643 807; x_wconf 85' lang='lat' dir='ltr'><strong>et</strong></span> <span class='ocrx_word' id='word_1_121' title='bbox 661 780 765 807; x_wconf 81' lang='lat' dir='ltr'><strong>nomine</strong></span> <span class='ocrx_word' id='word_1_122' title='bbox 779 785 824 807; x_wconf 87' lang='lat' dir='ltr'><strong>tuo</strong></span> <span class='ocrx_word' id='word_1_123' title='bbox 838 779 998 806; x_wconf 75' lang='lat' dir='ltr'><strong>vocabimur.</strong></span> <span class='ocrx_word' id='word_1_124' title='bbox 1014 778 1060 806; x_wconf 90' lang='lat' dir='ltr'><strong>Mi-</strong></span> 
     </span>
    </p>
   </div>
   <div class='ocr_carea' id='block_1_20' title="bbox 273 827 1060 863">
    <p class='ocr_par' dir='ltr' id='par_1_20' title="bbox 273 827 1060 863">
     <span class='ocr_line' id='line_1_20' title="bbox 273 827 1060 863; baseline -0.003 -9"><span class='ocrx_word' id='word_1_125' title='bbox 273 829 326 855; x_wconf 82' lang='lat' dir='ltr'><strong>rari</strong></span> <span class='ocrx_word' id='word_1_126' title='bbox 339 836 420 863; x_wconf 85' lang='lat' dir='ltr'><strong>porro</strong></span> <span class='ocrx_word' id='word_1_127' title='bbox 437 828 519 859; x_wconf 84' lang='lat' dir='ltr'><strong>subit,</strong></span> <span class='ocrx_word' id='word_1_128' title='bbox 533 835 582 854; x_wconf 87' lang='lat' dir='ltr'><strong>cur</strong></span> <span class='ocrx_word' id='word_1_129' title='bbox 597 827 681 854; x_wconf 75' lang='lat' dir='ltr'><strong>Judaei</strong></span> <span class='ocrx_word' id='word_1_130' title='bbox 704 827 759 854; x_wconf 68' lang='lat' dir='ltr'><strong>haec</strong></span> <span class='ocrx_word' id='word_1_131' title='bbox 774 827 905 861; x_wconf 79' lang='lat' dir='ltr'><strong>legentes,</strong></span> <span class='ocrx_word' id='word_1_132' title='bbox 920 831 972 853; x_wconf 91' lang='lat' dir='ltr'><strong>et.a</strong></span> <span class='ocrx_word' id='word_1_133' title='bbox 989 829 1060 854; x_wconf 86' lang='lat' dir='ltr'><strong>tene-</strong></span> 
     </span>
    </p>
   </div>
   <div class='ocr_carea' id='block_1_21' title="bbox 272 871 1060 909">
    <p class='ocr_par' dir='ltr' id='par_1_21' title="bbox 272 871 1060 909">
     <span class='ocr_line' id='line_1_21' title="bbox 272 871 1060 909; baseline -0.004 -8"><span class='ocrx_word' id='word_1_134' title='bbox 272 876 311 902; x_wconf 86' lang='lat' dir='ltr'><strong>ris</strong></span> <span class='ocrx_word' id='word_1_135' title='bbox 326 875 480 909; x_wconf 81' lang='lat' dir='ltr'><strong>unguiculis</strong></span> <span class='ocrx_word' id='word_1_136' title='bbox 503 875 675 906; x_wconf 80' lang='lat' dir='ltr'><strong>meditantes,</strong></span> <span class='ocrx_word' id='word_1_137' title='bbox 690 882 745 901; x_wconf 91' lang='lat' dir='ltr'><strong>non</strong></span> <span class='ocrx_word' id='word_1_138' title='bbox 762 877 886 909; x_wconf 70' lang='lat' dir='ltr'><strong>quierant</strong></span> <span class='ocrx_word' id='word_1_139' title='bbox 903 873 965 907; x_wconf 86' lang='lat' dir='ltr'><strong>quis</strong></span> <span class='ocrx_word' id='word_1_140' title='bbox 979 871 1060 900; x_wconf 82' lang='lat' dir='ltr'><strong>fuerit</strong></span> 
     </span>
    </p>
   </div>
   <div class='ocr_carea' id='block_1_22' title="bbox 274 919 1060 955">
    <p class='ocr_par' dir='ltr' id='par_1_22' title="bbox 274 919 1060 955">
     <span class='ocr_line' id='line_1_22' title="bbox 274 919 1060 955; baseline -0.001 -7"><span class='ocrx_word' id='word_1_141' title='bbox 274 922 318 948; x_wconf 83' lang='lat' dir='ltr'><strong>ille</strong></span> <span class='ocrx_word' id='word_1_142' title='bbox 337 922 378 948; x_wconf 80' lang='lat' dir='ltr'><strong>vir</strong></span> <span class='ocrx_word' id='word_1_143' title='bbox 391 922 509 948; x_wconf 61' lang='lat' dir='ltr'><strong>dextera:</strong></span> <span class='ocrx_word' id='word_1_144' title='bbox 523 921 578 952; x_wconf 82' lang='lat' dir='ltr'><strong>Dei,</strong></span> <span class='ocrx_word' id='word_1_145' title='bbox 597 929 685 955; x_wconf 89' lang='lat' dir='ltr'><strong>neque</strong></span> <span class='ocrx_word' id='word_1_146' title='bbox 700 928 761 947; x_wconf 88' lang='lat' dir='ltr'><strong>eum</strong></span> <span class='ocrx_word' id='word_1_147' title='bbox 777 920 822 955; x_wconf 89' lang='lat' dir='ltr'><strong>qui</strong></span> <span class='ocrx_word' id='word_1_148' title='bbox 840 919 929 949; x_wconf 80' lang='lat' dir='ltr'><strong>Filius,</strong></span> <span class='ocrx_word' id='word_1_149' title='bbox 941 919 1060 947; x_wconf 87' lang='lat' dir='ltr'><strong>hominis</strong></span> 
     </span>
    </p>
   </div>
   <div class='ocr_carea' id='block_1_23' title="bbox 272 966 1060 1002">
    <p class='ocr_par' dir='ltr' id='par_1_23' title="bbox 272 966 1060 1002">
     <span class='ocr_line' id='line_1_23' title="bbox 272 966 1060 1002; baseline -0.001 -9"><span class='ocrx_word' id='word_1_150' title='bbox 272 974 383 994; x_wconf 84' lang='lat' dir='ltr'><strong>vocatur</strong></span> <span class='ocrx_word' id='word_1_151' title='bbox 401 972 567 1002; x_wconf 80' lang='lat' dir='ltr'><strong>cognoscant</strong></span> <span class='ocrx_word' id='word_1_152' title='bbox 585 977 591 994; x_wconf 89' lang='lat'><strong>:</strong></span> <span class='ocrx_word' id='word_1_153' title='bbox 612 975 695 1001; x_wconf 79' lang='lat' dir='ltr'><strong>quare</strong></span> <span class='ocrx_word' id='word_1_154' title='bbox 713 967 741 993; x_wconf 93' lang='lat' dir='ltr'><strong>in</strong></span> <span class='ocrx_word' id='word_1_155' title='bbox 755 966 911 994; x_wconf 77' lang='lat' dir='ltr'><strong>calamitate</strong></span> <span class='ocrx_word' id='word_1_156' title='bbox 930 974 979 993; x_wconf 87' lang='lat' dir='ltr'><strong>sua</strong></span> <span class='ocrx_word' id='word_1_157' title='bbox 996 973 1060 1001; x_wconf 69' lang='lat' dir='ltr'><strong>per.-</strong></span> 
     </span>
    </p>
   </div>
   <div class='ocr_carea' id='block_1_24' title="bbox 273 1014 1058 1049">
    <p class='ocr_par' dir='ltr' id='par_1_24' title="bbox 273 1014 1058 1049">
     <span class='ocr_line' id='line_1_24' title="bbox 273 1014 1058 1049; baseline 0 -8"><span class='ocrx_word' id='word_1_158' title='bbox 273 1019 407 1042; x_wconf 81' lang='lat' dir='ltr'><strong>severant.</strong></span> <span class='ocrx_word' id='word_1_159' title='bbox 425 1014 475 1047; x_wconf 79' lang='lat' dir='ltr'><strong>Qui</strong></span> <span class='ocrx_word' id='word_1_160' title='bbox 495 1015 516 1041; x_wconf 96' lang='lat' dir='ltr'><strong>si</strong></span> <span class='ocrx_word' id='word_1_161' title='bbox 540 1015 628 1049; x_wconf 89' lang='lat' dir='ltr'><strong>ipsum</strong></span> <span class='ocrx_word' id='word_1_162' title='bbox 654 1015 794 1041; x_wconf 85' lang='lat' dir='ltr'><strong>novissent</strong></span> <span class='ocrx_word' id='word_1_163' title='bbox 816 1021 848 1040; x_wconf 89' lang='lat' dir='ltr'><strong>ac</strong></span> <span class='ocrx_word' id='word_1_164' title='bbox 870 1014 1058 1046; x_wconf 87' lang='lat' dir='ltr'><strong>edidicissent,</strong></span> 
     </span>
    </p>
   </div>
   <div class='ocr_carea' id='block_1_25' title="bbox 271 1060 1060 1096">
    <p class='ocr_par' dir='ltr' id='par_1_25' title="bbox 271 1060 1060 1096">
     <span class='ocr_line' id='line_1_25' title="bbox 271 1060 1060 1096; baseline -0.001 -8"><span class='ocrx_word' id='word_1_165' title='bbox 271 1062 372 1088; x_wconf 79' lang='lat' dir='ltr'><strong>scirent</strong></span> <span class='ocrx_word' id='word_1_166' title='bbox 395 1061 489 1096; x_wconf 84' lang='lat' dir='ltr'><strong>utique</strong></span> <span class='ocrx_word' id='word_1_167' title='bbox 506 1060 552 1088; x_wconf 89' lang='lat' dir='ltr'><strong>Dei</strong></span> <span class='ocrx_word' id='word_1_168' title='bbox 570 1061 700 1092; x_wconf 79' lang='lat' dir='ltr'><strong>Verbum,</strong></span> <span class='ocrx_word' id='word_1_169' title='bbox 713 1060 786 1095; x_wconf 90' lang='lat' dir='ltr'><strong>quod</strong></span> <span class='ocrx_word' id='word_1_170' title='bbox 807 1062 934 1096; x_wconf 63' lang='lat' dir='ltr'><strong>praesenti</strong></span> <span class='ocrx_word' id='word_1_171' title='bbox 957 1060 1060 1096; x_wconf 89' lang='lat' dir='ltr'><strong>suppli-</strong></span> 
     </span>
    </p>
   </div>
   <div class='ocr_carea' id='block_1_26' title="bbox 272 1107 1060 1142">
    <p class='ocr_par' dir='ltr' id='par_1_26' title="bbox 272 1107 1060 1142">
     <span class='ocr_line' id='line_1_26' title="bbox 272 1107 1060 1142; baseline 0.003 -9"><span class='ocrx_word' id='word_1_172' title='bbox 272 1108 378 1134; x_wconf 82' lang='lat' dir='ltr'><strong>catione</strong></span> <span class='ocrx_word' id='word_1_173' title='bbox 395 1108 583 1139; x_wconf 84' lang='lat' dir='ltr'><strong>invocabatur,</strong></span> <span class='ocrx_word' id='word_1_174' title='bbox 597 1107 624 1134; x_wconf 92' lang='lat' dir='ltr'><strong>in</strong></span> <span class='ocrx_word' id='word_1_175' title='bbox 640 1108 699 1142; x_wconf 86' lang='lat' dir='ltr'><strong>ipso</strong></span> <span class='ocrx_word' id='word_1_176' title='bbox 719 1107 866 1134; x_wconf 85' lang='lat' dir='ltr'><strong>habitasse.</strong></span> <span class='ocrx_word' id='word_1_177' title='bbox 884 1107 936 1135; x_wconf 86' lang='lat' dir='ltr'><strong>Sed</strong></span> <span class='ocrx_word' id='word_1_178' title='bbox 952 1114 1002 1135; x_wconf 91' lang='lat' dir='ltr'><strong>nos</strong></span> <span class='ocrx_word' id='word_1_179' title='bbox 1013 1109 1060 1142; x_wconf 89' lang='lat' dir='ltr'><strong>qui</strong></span> 
     </span>
    </p>
   </div>
   <div class='ocr_carea' id='block_1_27' title="bbox 271 1153 1060 1189">
    <p class='ocr_par' dir='ltr' id='par_1_27' title="bbox 271 1153 1060 1189">
     <span class='ocr_line' id='line_1_27' title="bbox 271 1153 1060 1189; baseline 0 -9"><span class='ocrx_word' id='word_1_180' title='bbox 271 1154 359 1188; x_wconf 85' lang='lat' dir='ltr'><strong>ipsum</strong></span> <span class='ocrx_word' id='word_1_181' title='bbox 385 1153 576 1188; x_wconf 64' lang='lat' dir='ltr'><strong>praecxsistens</strong></span> <span class='ocrx_word' id='word_1_182' title='bbox 599 1161 669 1185; x_wconf 84' lang='lat' dir='ltr'><strong>esse,</strong></span> <span class='ocrx_word' id='word_1_183' title='bbox 688 1161 719 1181; x_wconf 88' lang='lat' dir='ltr'><strong>ac</strong></span> <span class='ocrx_word' id='word_1_184' title='bbox 739 1153 773 1181; x_wconf 87' lang='lat' dir='ltr'><strong>de</strong></span> <span class='ocrx_word' id='word_1_185' title='bbox 790 1153 948 1181; x_wconf 90' lang='lat' dir='ltr'><strong>hominibus</strong></span> <span class='ocrx_word' id='word_1_186' title='bbox 969 1154 1060 1189; x_wconf 91' lang='lat' dir='ltr'><strong>provi-</strong></span> 
     </span>
    </p>
   </div>
   <div class='ocr_carea' id='block_1_28' title="bbox 270 1199 1060 1235">
    <p class='ocr_par' dir='ltr' id='par_1_28' title="bbox 270 1199 1060 1235">
     <span class='ocr_line' id='line_1_28' title="bbox 270 1199 1060 1235; baseline -0.001 -7"><span class='ocrx_word' id='word_1_187' title='bbox 270 1199 389 1228; x_wconf 65' lang='lat' dir='ltr'><strong>dentiam</strong></span> <span class='ocrx_word' id='word_1_188' title='bbox 411 1200 521 1228; x_wconf 86' lang='lat' dir='ltr'><strong>omnino</strong></span> <span class='ocrx_word' id='word_1_189' title='bbox 537 1208 629 1235; x_wconf 81' lang='lat' dir='ltr'><strong>gerere</strong></span> <span class='ocrx_word' id='word_1_190' title='bbox 657 1201 798 1233; x_wconf 87' lang='lat' dir='ltr'><strong>novimus;</strong></span> <span class='ocrx_word' id='word_1_191' title='bbox 823 1208 885 1227; x_wconf 89' lang='lat' dir='ltr'><strong>nam</strong></span> <span class='ocrx_word' id='word_1_192' title='bbox 904 1200 937 1227; x_wconf 84' lang='lat' dir='ltr'><strong>In</strong></span> <span class='ocrx_word' id='word_1_193' title='bbox 963 1200 1060 1227; x_wconf 81' lang='lat' dir='ltr'><strong>mundo</strong></span> 
     </span>
    </p>
   </div>
   <div class='ocr_carea' id='block_1_29' title="bbox 269 1247 1059 1282">
    <p class='ocr_par' dir='ltr' id='par_1_29' title="bbox 269 1247 1059 1282">
     <span class='ocr_line' id='line_1_29' title="bbox 269 1247 1059 1282; baseline 0.001 -8"><span class='ocrx_word' id='word_1_194' title='bbox 269 1254 336 1279; x_wconf 82' lang='lat' dir='ltr'><strong>erat,</strong></span> <span class='ocrx_word' id='word_1_195' title='bbox 354 1253 377 1275; x_wconf 84' lang='lat' dir='ltr'><strong>et</strong></span> <span class='ocrx_word' id='word_1_196' title='bbox 392 1248 503 1274; x_wconf 75' lang='lat' dir='ltr'><strong>mundus</strong></span> <span class='ocrx_word' id='word_1_197' title='bbox 521 1255 566 1282; x_wconf 85' lang='lat' dir='ltr'><strong>per</strong></span> <span class='ocrx_word' id='word_1_198' title='bbox 576 1248 661 1281; x_wconf 79' lang='lat' dir='ltr'><strong>ipsum</strong></span> <span class='ocrx_word' id='word_1_199' title='bbox 674 1247 760 1281; x_wconf 74' lang='lat' dir='ltr'><strong>factus</strong></span> <span class='ocrx_word' id='word_1_200' title='bbox 774 1252 822 1280; x_wconf 78' lang='lat' dir='ltr'><strong>est,</strong></span> <span class='ocrx_word' id='word_1_201' title='bbox 837 1253 861 1274; x_wconf 84' lang='lat' dir='ltr'><strong>et</strong></span> <span class='ocrx_word' id='word_1_202' title='bbox 877 1248 989 1275; x_wconf 75' lang='lat' dir='ltr'><strong>mundus</strong></span> <span class='ocrx_word' id='word_1_203' title='bbox 1001 1257 1059 1275; x_wconf 87' lang='lat' dir='ltr'><strong>eum</strong></span> 
     </span>
    </p>
   </div>
   <div class='ocr_carea' id='block_1_30' title="bbox 269 1294 1058 1329">
    <p class='ocr_par' dir='ltr' id='par_1_30' title="bbox 269 1294 1058 1329">
     <span class='ocr_line' id='line_1_30' title="bbox 269 1294 1058 1329; baseline 0.001 -8"><span class='ocrx_word' id='word_1_204' title='bbox 269 1304 320 1321; x_wconf 80' lang='lat' dir='ltr'><strong>non</strong></span> <span class='ocrx_word' id='word_1_205' title='bbox 340 1295 457 1329; x_wconf 77' lang='lat' dir='ltr'><strong>cognovit</strong></span> <span class='ocrx_word' id='word_1_206' title='bbox 473 1294 513 1327; x_wconf 68' lang='lat' dir='ltr'><strong>ﬂ’;</strong></span> <span class='ocrx_word' id='word_1_207' title='bbox 531 1294 634 1321; x_wconf 86' lang='lat' dir='ltr'><strong>scimus</strong></span> <span class='ocrx_word' id='word_1_208' title='bbox 650 1294 738 1328; x_wconf 89' lang='lat' dir='ltr'><strong>ipsum</strong></span> <span class='ocrx_word' id='word_1_209' title='bbox 763 1294 791 1321; x_wconf 93' lang='lat' dir='ltr'><strong>in</strong></span> <span class='ocrx_word' id='word_1_210' title='bbox 814 1294 922 1329; x_wconf 89' lang='lat' dir='ltr'><strong>propria</strong></span> <span class='ocrx_word' id='word_1_211' title='bbox 941 1295 1058 1327; x_wconf 84' lang='lat' dir='ltr'><strong>venisse,</strong></span> 
     </span>
    </p>
   </div>
   <div class='ocr_carea' id='block_1_31' title="bbox 270 1340 1060 1376">
    <p class='ocr_par' dir='ltr' id='par_1_31' title="bbox 270 1340 1060 1376">
     <span class='ocr_line' id='line_1_31' title="bbox 270 1340 1060 1376; baseline 0.001 -9"><span class='ocrx_word' id='word_1_212' title='bbox 270 1341 379 1376; x_wconf 78' lang='lat' dir='ltr'><strong>quando</strong></span> <span class='ocrx_word' id='word_1_213' title='bbox 395 1348 491 1367; x_wconf 90' lang='lat' dir='ltr'><strong>manus</strong></span> <span class='ocrx_word' id='word_1_214' title='bbox 505 1340 565 1375; x_wconf 83' lang='lat' dir='ltr'><strong>ejus</strong></span> <span class='ocrx_word' id='word_1_215' title='bbox 579 1341 636 1368; x_wconf 88' lang='lat' dir='ltr'><strong>sive</strong></span> <span class='ocrx_word' id='word_1_216' title='bbox 646 1341 687 1367; x_wconf 79' lang='lat' dir='ltr'><strong>vis</strong></span> <span class='ocrx_word' id='word_1_217' title='bbox 701 1348 818 1375; x_wconf 89' lang='lat' dir='ltr'><strong>operans</strong></span> <span class='ocrx_word' id='word_1_218' title='bbox 836 1340 907 1367; x_wconf 78' lang='lat' dir='ltr'><strong>facta</strong></span> <span class='ocrx_word' id='word_1_219' title='bbox 919 1346 961 1369; x_wconf 88' lang='lat' dir='ltr'><strong>est</strong></span> <span class='ocrx_word' id='word_1_220' title='bbox 978 1349 1060 1376; x_wconf 89' lang='lat' dir='ltr'><strong>super</strong></span> 
     </span>
    </p>
   </div>
   <div class='ocr_carea' id='block_1_32' title="bbox 269 1387 1060 1422">
    <p class='ocr_par' dir='ltr' id='par_1_32' title="bbox 269 1387 1060 1422">
     <span class='ocr_line' id='line_1_32' title="bbox 269 1387 1060 1422; baseline 0 -7"><span class='ocrx_word' id='word_1_221' title='bbox 269 1389 357 1415; x_wconf 75' lang='lat' dir='ltr'><strong>virum</strong></span> <span class='ocrx_word' id='word_1_222' title='bbox 370 1388 489 1415; x_wconf 74' lang='lat' dir='ltr'><strong>dextera:</strong></span> <span class='ocrx_word' id='word_1_223' title='bbox 499 1387 569 1422; x_wconf 78' lang='lat' dir='ltr'><strong>ejus,</strong></span> <span class='ocrx_word' id='word_1_224' title='bbox 583 1388 629 1422; x_wconf 90' lang='lat' dir='ltr'><strong>qui</strong></span> <span class='ocrx_word' id='word_1_225' title='bbox 641 1387 668 1413; x_wconf 95' lang='lat' dir='ltr'><strong>in</strong></span> <span class='ocrx_word' id='word_1_226' title='bbox 678 1387 831 1422; x_wconf 81' lang='lat' dir='ltr'><strong>Evangeliis</strong></span> <span class='ocrx_word' id='word_1_227' title='bbox 841 1387 926 1415; x_wconf 86' lang='lat' dir='ltr'><strong>Filius</strong></span> <span class='ocrx_word' id='word_1_228' title='bbox 942 1387 1060 1416; x_wconf 87' lang='lat' dir='ltr'><strong>hominis</strong></span> 
     </span>
    </p>
   </div>
   <div class='ocr_carea' id='block_1_33' title="bbox 269 1433 1061 1469">
    <p class='ocr_par' dir='ltr' id='par_1_33' title="bbox 269 1433 1061 1469">
     <span class='ocr_line' id='line_1_33' title="bbox 269 1433 1061 1469; baseline 0 -8"><span class='ocrx_word' id='word_1_229' title='bbox 269 1439 382 1462; x_wconf 89' lang='lat' dir='ltr'><strong>vocatur</strong></span> <span class='ocrx_word' id='word_1_230' title='bbox 397 1444 403 1461; x_wconf 86' lang='lat'>:</span> <span class='ocrx_word' id='word_1_231' title='bbox 420 1442 501 1469; x_wconf 86' lang='lat' dir='ltr'><strong>quem</strong></span> <span class='ocrx_word' id='word_1_232' title='bbox 524 1435 577 1461; x_wconf 91' lang='lat' dir='ltr'><strong>sibi</strong></span> <span class='ocrx_word' id='word_1_233' title='bbox 595 1434 645 1469; x_wconf 87' lang='lat' dir='ltr'><strong>ipsi</strong></span> <span class='ocrx_word' id='word_1_234' title='bbox 669 1434 727 1468; x_wconf 86' lang='lat' dir='ltr'><strong>ipse</strong></span> <span class='ocrx_word' id='word_1_235' title='bbox 743 1441 775 1460; x_wconf 78' lang='lat' dir='ltr'><strong>ex</strong></span> <span class='ocrx_word' id='word_1_236' title='bbox 793 1433 895 1467; x_wconf 91' lang='lat' dir='ltr'><strong>Spiritu</strong></span> <span class='ocrx_word' id='word_1_237' title='bbox 913 1438 1008 1462; x_wconf 88' lang='lat' dir='ltr'><strong>sancto</strong></span> <span class='ocrx_word' id='word_1_238' title='bbox 1019 1433 1061 1462; x_wconf 81' lang='lat' dir='ltr'><strong>ef-</strong></span> 
     </span>
    </p>
   </div>
   <div class='ocr_carea' id='block_1_34' title="bbox 271 1478 1059 1515">
    <p class='ocr_par' dir='ltr' id='par_1_34' title="bbox 271 1478 1059 1515">
     <span class='ocr_line' id='line_1_34' title="bbox 271 1478 1059 1515; baseline 0.001 -9"><span class='ocrx_word' id='word_1_239' title='bbox 271 1481 396 1507; x_wconf 82' lang='lat' dir='ltr'><strong>formavit</strong></span> <span class='ocrx_word' id='word_1_240' title='bbox 411 1490 416 1507; x_wconf 92' lang='lat'><strong>:</strong></span> <span class='ocrx_word' id='word_1_241' title='bbox 429 1488 508 1515; x_wconf 85' lang='lat' dir='ltr'><strong>quem</strong></span> <span class='ocrx_word' id='word_1_242' title='bbox 526 1481 550 1507; x_wconf 91' lang='lat' dir='ltr'><strong>si</strong></span> <span class='ocrx_word' id='word_1_243' title='bbox 565 1480 733 1512; x_wconf 83' lang='lat' dir='ltr'><strong>noverimus,</strong></span> <span class='ocrx_word' id='word_1_244' title='bbox 751 1478 896 1507; x_wconf 77' lang='lat' dir='ltr'><strong>defectioni</strong></span> <span class='ocrx_word' id='word_1_245' title='bbox 919 1487 1059 1515; x_wconf 87' lang='lat' dir='ltr'><strong>nunquam</strong></span> 
     </span>
    </p>
   </div>
   <div class='ocr_carea' id='block_1_35' title="bbox 1110 228 1895 264">
    <p class='ocr_par' dir='ltr' id='par_1_35' title="bbox 1110 228 1895 264">
     <span class='ocr_line' id='line_1_35' title="bbox 1110 228 1895 264; baseline -0.004 -7"><span class='ocrx_word' id='word_1_246' title='bbox 1110 232 1145 257; x_wconf 85' lang='grc' dir='ltr'>οὐ</span> <span class='ocrx_word' id='word_1_247' title='bbox 1157 230 1199 264; x_wconf 80' lang='grc' dir='ltr'>μὴ</span> <span class='ocrx_word' id='word_1_248' title='bbox 1214 229 1391 264; x_wconf 81' lang='grc' dir='ltr'>ἀποστῶμεν</span> <span class='ocrx_word' id='word_1_249' title='bbox 1401 229 1460 257; x_wconf 79' lang='grc' dir='ltr'><strong>ἀπὸ</strong></span> <span class='ocrx_word' id='word_1_250' title='bbox 1468 228 1537 256; x_wconf 85' lang='grc' dir='ltr'>σοῦ.</span> <span class='ocrx_word' id='word_1_251' title='bbox 1555 228 1587 254; x_wconf 83' lang='grc' dir='ltr'>Ἡ</span> <span class='ocrx_word' id='word_1_252' title='bbox 1597 228 1625 254; x_wconf 80' lang='grc' dir='ltr'><strong>δὲ</strong></span> <span class='ocrx_word' id='word_1_253' title='bbox 1633 228 1746 262; x_wconf 88' lang='grc' dir='ltr'>δύναμις</span> <span class='ocrx_word' id='word_1_254' title='bbox 1755 228 1803 254; x_wconf 81' lang='grc' dir='ltr'><strong>τοῦ</strong></span> <span class='ocrx_word' id='word_1_255' title='bbox 1815 228 1895 262; x_wconf 78' lang='grc' dir='ltr'>λόγου</span> 
     </span>
    </p>
   </div>
   <div class='ocr_carea' id='block_1_36' title="bbox 1110 274 1888 312">
    <p class='ocr_par' dir='ltr' id='par_1_36' title="bbox 1110 274 1888 312">
     <span class='ocr_line' id='line_1_36' title="bbox 1110 274 1888 312; baseline -0.004 -9"><span class='ocrx_word' id='word_1_256' title='bbox 1110 276 1202 303; x_wconf 83' lang='grc' dir='ltr'>τοῦτον</span> <span class='ocrx_word' id='word_1_257' title='bbox 1217 276 1273 312; x_wconf 71' lang='grc' dir='ltr'>ἔχει</span> <span class='ocrx_word' id='word_1_258' title='bbox 1284 277 1329 303; x_wconf 81' lang='grc' dir='ltr'>τὸν</span> <span class='ocrx_word' id='word_1_259' title='bbox 1345 276 1422 303; x_wconf 78' lang='grc' dir='ltr'><strong>νοῦν’</strong></span> <span class='ocrx_word' id='word_1_260' title='bbox 1439 275 1507 310; x_wconf 81' lang='grc' dir='ltr'>Ἤδη</span> <span class='ocrx_word' id='word_1_261' title='bbox 1528 275 1593 302; x_wconf 77' lang='grc' dir='ltr'>ποτὲ</span> <span class='ocrx_word' id='word_1_262' title='bbox 1609 274 1702 312; x_wconf 34' lang='grc' dir='ltr'>ἠ-χεερ</span> <span class='ocrx_word' id='word_1_263' title='bbox 1724 283 1770 301; x_wconf 86' lang='grc' dir='ltr'><strong>σου</strong></span> <span class='ocrx_word' id='word_1_264' title='bbox 1794 275 1811 309; x_wconf 81' lang='grc' dir='ltr'>ἡ</span> <span class='ocrx_word' id='word_1_265' title='bbox 1830 275 1888 309; x_wconf 53' lang='lat' dir='ltr'><strong>«iga.</strong></span> 
     </span>
    </p>
   </div>
   <div class='ocr_carea' id='block_1_37' title="bbox 1110 310 1895 359">
    <p class='ocr_par' dir='ltr' id='par_1_37' title="bbox 1110 310 1895 359">
     <span class='ocr_line' id='line_1_37' title="bbox 1110 310 1895 359; baseline -0.004 -10"><span class='ocrx_word' id='word_1_266' title='bbox 1110 322 1158 358; x_wconf 81' lang='grc' dir='ltr'><strong>νὴς</strong></span> <span class='ocrx_word' id='word_1_267' title='bbox 1173 324 1220 349; x_wconf 79' lang='grc' dir='ltr'>καὶ</span> <span class='ocrx_word' id='word_1_268' title='bbox 1232 310 1352 359; x_wconf 58' lang='lat' dir='ltr'><strong>tiam-ro;</strong></span> <span class='ocrx_word' id='word_1_269' title='bbox 1369 321 1549 357; x_wconf 77' lang='grc' dir='ltr'>ὲπιλαμψάτω</span> <span class='ocrx_word' id='word_1_270' title='bbox 1567 322 1614 347; x_wconf 78' lang='grc' dir='ltr'><strong>ἐπὶ</strong></span> <span class='ocrx_word' id='word_1_271' title='bbox 1629 310 1675 347; x_wconf 64' lang='grc' dir='ltr'>τὸν</span> <span class='ocrx_word' id='word_1_272' title='bbox 1693 321 1834 357; x_wconf 84' lang='grc' dir='ltr'><strong>ὑπηρέτην</strong></span> <span class='ocrx_word' id='word_1_273' title='bbox 1848 321 1895 356; x_wconf 82' lang='grc' dir='ltr'>τῆς</span> 
     </span>
    </p>
   </div>
   <div class='ocr_carea' id='block_1_38' title="bbox 1111 366 1895 404">
    <p class='ocr_par' dir='ltr' id='par_1_38' title="bbox 1111 366 1895 404">
     <span class='ocr_line' id='line_1_38' title="bbox 1111 366 1895 404; baseline -0.004 -9"><span class='ocrx_word' id='word_1_274' title='bbox 1111 368 1161 403; x_wconf 85' lang='grc' dir='ltr'>σῆς</span> <span class='ocrx_word' id='word_1_275' title='bbox 1174 368 1262 400; x_wconf 77' lang='grc' dir='ltr'>δεξιᾶς</span> <span class='ocrx_word' id='word_1_276' title='bbox 1277 368 1370 404; x_wconf 78' lang='grc' dir='ltr'>ἄνδρα,</span> <span class='ocrx_word' id='word_1_277' title='bbox 1383 368 1429 395; x_wconf 78' lang='grc' dir='ltr'>καὶ</span> <span class='ocrx_word' id='word_1_278' title='bbox 1450 369 1496 395; x_wconf 78' lang='grc' dir='ltr'><strong>ἐπὶ</strong></span> <span class='ocrx_word' id='word_1_279' title='bbox 1508 367 1555 394; x_wconf 80' lang='grc' dir='ltr'><strong>τὸν</strong></span> <span class='ocrx_word' id='word_1_280' title='bbox 1571 366 1700 402; x_wconf 87' lang='grc' dir='ltr'>μέλλοντα</span> <span class='ocrx_word' id='word_1_281' title='bbox 1716 366 1895 402; x_wconf 78' lang='grc' dir='ltr'><strong>χρηματίζειν</strong></span> 
     </span>
    </p>
   </div>
   <div class='ocr_carea' id='block_1_39' title="bbox 1111 412 1896 450">
    <p class='ocr_par' dir='ltr' id='par_1_39' title="bbox 1111 412 1896 450">
     <span class='ocr_line' id='line_1_39' title="bbox 1111 412 1896 450; baseline -0.004 -9"><span class='ocrx_word' id='word_1_282' title='bbox 1111 415 1174 442; x_wconf 72' lang='lat' dir='ltr'><strong>Yth</strong></span> <span class='ocrx_word' id='word_1_283' title='bbox 1195 415 1337 450; x_wconf 82' lang='grc' dir='ltr'>ἀνθρώπου</span> <span class='ocrx_word' id='word_1_284' title='bbox 1348 424 1354 430; x_wconf 71' lang='grc'><strong><em>⁸</em></strong></span> <span class='ocrx_word' id='word_1_285' title='bbox 1368 415 1397 442; x_wconf 78' lang='grc' dir='ltr'><strong>ὃν</strong></span> <span class='ocrx_word' id='word_1_286' title='bbox 1411 415 1444 441; x_wconf 82' lang='grc' dir='ltr'>σὺ</span> <span class='ocrx_word' id='word_1_287' title='bbox 1459 414 1551 449; x_wconf 88' lang='grc' dir='ltr'>σαυτῷ</span> <span class='ocrx_word' id='word_1_288' title='bbox 1576 412 1792 444; x_wconf 81' lang='grc' dir='ltr'><strong>κατεσκεύασας,</strong></span> <span class='ocrx_word' id='word_1_289' title='bbox 1814 413 1896 447; x_wconf 76' lang='grc' dir='ltr'>ἐχρα-</span> 
     </span>
    </p>
   </div>
   <div class='ocr_carea' id='block_1_40' title="bbox 1109 458 1896 497">
    <p class='ocr_par' dir='ltr' id='par_1_40' title="bbox 1109 458 1896 497">
     <span class='ocr_line' id='line_1_40' title="bbox 1109 458 1896 497; baseline -0.004 -10"><span class='ocrx_word' id='word_1_290' title='bbox 1109 461 1228 492; x_wconf 84' lang='grc' dir='ltr'>ταίωσας</span> <span class='ocrx_word' id='word_1_291' title='bbox 1253 461 1367 497; x_wconf 74' lang='grc' dir='ltr'>ὄργανον</span> <span class='ocrx_word' id='word_1_292' title='bbox 1388 461 1438 496; x_wconf 84' lang='grc' dir='ltr'>τῆς</span> <span class='ocrx_word' id='word_1_293' title='bbox 1467 461 1517 496; x_wconf 83' lang='grc' dir='ltr'><strong>σῆς</strong></span> <span class='ocrx_word' id='word_1_294' title='bbox 1544 459 1703 494; x_wconf 84' lang='grc' dir='ltr'>δυνάμεως,</span> <span class='ocrx_word' id='word_1_295' title='bbox 1726 459 1773 485; x_wconf 69' lang='grc' dir='ltr'>καὶ</span> <span class='ocrx_word' id='word_1_296' title='bbox 1800 458 1896 494; x_wconf 80' lang='grc' dir='ltr'>ὥσπερ</span> 
     </span>
    </p>
   </div>
   <div class='ocr_carea' id='block_1_41' title="bbox 1110 506 1895 545">
    <p class='ocr_par' dir='ltr' id='par_1_41' title="bbox 1110 506 1895 545">
     <span class='ocr_line' id='line_1_41' title="bbox 1110 506 1895 545; baseline -0.006 -9"><span class='ocrx_word' id='word_1_297' title='bbox 1110 509 1219 545; x_wconf 78' lang='grc' dir='ltr'>ἄγαλμα</span> <span class='ocrx_word' id='word_1_298' title='bbox 1234 509 1283 544; x_wconf 86' lang='grc' dir='ltr'>τῆς</span> <span class='ocrx_word' id='word_1_299' title='bbox 1303 508 1400 534; x_wconf 78' lang='grc' dir='ltr'>σαυτοῦ</span> <span class='ocrx_word' id='word_1_300' title='bbox 1423 507 1549 542; x_wconf 84' lang='grc' dir='ltr'><strong>θεότητος</strong></span> <span class='ocrx_word' id='word_1_301' title='bbox 1569 506 1663 533; x_wconf 81' lang='grc' dir='ltr'>τοῦτον</span> <span class='ocrx_word' id='word_1_302' title='bbox 1679 506 1760 533; x_wconf 76' lang='grc' dir='ltr'>αὐτὸν</span> <span class='ocrx_word' id='word_1_303' title='bbox 1777 506 1895 540; x_wconf 76' lang='grc' dir='ltr'><strong>ἀναπή-</strong></span> 
     </span>
    </p>
   </div>
   <div class='ocr_carea' id='block_1_42' title="bbox 1111 551 1896 589">
    <p class='ocr_par' dir='ltr' id='par_1_42' title="bbox 1111 551 1896 589">
     <span class='ocr_line' id='line_1_42' title="bbox 1111 551 1896 589; baseline -0.006 -7"><span class='ocrx_word' id='word_1_304' title='bbox 1111 564 1169 587; x_wconf 87' lang='grc' dir='ltr'>σας.</span> <span class='ocrx_word' id='word_1_305' title='bbox 1183 554 1285 581; x_wconf 83' lang='grc' dir='ltr'><strong>Τούτου</strong></span> <span class='ocrx_word' id='word_1_306' title='bbox 1306 554 1360 589; x_wconf 86' lang='grc' dir='ltr'>γὰρ</span> <span class='ocrx_word' id='word_1_307' title='bbox 1379 553 1518 587; x_wconf 83' lang='grc' dir='ltr'><strong>φανέντος,</strong></span> <span class='ocrx_word' id='word_1_308' title='bbox 1536 552 1654 584; x_wconf 81' lang='grc' dir='ltr'><strong>εἰδώλοις</strong></span> <span class='ocrx_word' id='word_1_309' title='bbox 1670 552 1759 578; x_wconf 82' lang='grc' dir='ltr'>οὐκέτι</span> <span class='ocrx_word' id='word_1_310' title='bbox 1780 551 1896 586; x_wconf 75' lang='grc' dir='ltr'>λατρεύ-</span> 
     </span>
    </p>
   </div>
   <div class='ocr_carea' id='block_1_43' title="bbox 1111 597 1896 637">
    <p class='ocr_par' dir='ltr' id='par_1_43' title="bbox 1111 597 1896 637">
     <span class='ocr_line' id='line_1_43' title="bbox 1111 597 1896 637; baseline -0.008 -8"><span class='ocrx_word' id='word_1_311' title='bbox 1111 609 1210 637; x_wconf 86' lang='grc' dir='ltr'>σομεν·</span> <span class='ocrx_word' id='word_1_312' title='bbox 1240 600 1298 627; x_wconf 87' lang='grc' dir='ltr'>ἀλλ’</span> <span class='ocrx_word' id='word_1_313' title='bbox 1322 600 1382 627; x_wconf 83' lang='grc' dir='ltr'>οὐδὲ</span> <span class='ocrx_word' id='word_1_314' title='bbox 1403 601 1436 634; x_wconf 84' lang='grc' dir='ltr'>τῇ</span> <span class='ocrx_word' id='word_1_315' title='bbox 1454 598 1574 634; x_wconf 81' lang='grc' dir='ltr'>πολυθέῳ</span> <span class='ocrx_word' id='word_1_316' title='bbox 1597 599 1684 634; x_wconf 83' lang='grc' dir='ltr'><strong>πλάνῃ</strong></span> <span class='ocrx_word' id='word_1_317' title='bbox 1706 597 1896 632; x_wconf 77' lang='grc' dir='ltr'><strong>δουλεύσομεν,</strong></span> 
     </span>
    </p>
   </div>
   <div class='ocr_carea' id='block_1_44' title="bbox 1109 643 1895 682">
    <p class='ocr_par' dir='ltr' id='par_1_44' title="bbox 1109 643 1895 682">
     <span class='ocr_line' id='line_1_44' title="bbox 1109 643 1895 682; baseline -0.008 -7"><span class='ocrx_word' id='word_1_318' title='bbox 1109 648 1170 675; x_wconf 79' lang='grc' dir='ltr'>οὐδὲ</span> <span class='ocrx_word' id='word_1_319' title='bbox 1193 646 1406 682; x_wconf 84' lang='grc' dir='ltr'>ἀναχωρήσομὲν</span> <span class='ocrx_word' id='word_1_320' title='bbox 1427 654 1473 672; x_wconf 88' lang='grc' dir='ltr'><strong>σου</strong></span> <span class='ocrx_word' id='word_1_321' title='bbox 1499 645 1546 672; x_wconf 85' lang='grc' dir='ltr'><strong>τοῦ</strong></span> <span class='ocrx_word' id='word_1_322' title='bbox 1576 644 1689 671; x_wconf 68' lang='grc' dir='ltr'><strong>λοιποῦ⁸</strong></span> <span class='ocrx_word' id='word_1_323' title='bbox 1716 644 1749 670; x_wconf 88' lang='grc' dir='ltr'><strong>δι’</strong></span> <span class='ocrx_word' id='word_1_324' title='bbox 1765 643 1852 670; x_wconf 81' lang='grc' dir='ltr'>αὑτοῦ</span> <span class='ocrx_word' id='word_1_325' title='bbox 1868 643 1895 670; x_wconf 79' lang='grc' dir='ltr'><strong>δὲ</strong></span> 
     </span>
    </p>
   </div>
   <div class='ocr_carea' id='block_1_45' title="bbox 1110 690 1897 727">
    <p class='ocr_par' dir='ltr' id='par_1_45' title="bbox 1110 690 1897 727">
     <span class='ocr_line' id='line_1_45' title="bbox 1110 690 1897 727; baseline -0.009 -5"><span class='ocrx_word' id='word_1_326' title='bbox 1110 694 1263 727; x_wconf 82' lang='grc' dir='ltr'>ζωωθέντες</span> <span class='ocrx_word' id='word_1_327' title='bbox 1275 694 1322 720; x_wconf 75' lang='grc' dir='ltr'>καὶ</span> <span class='ocrx_word' id='word_1_328' title='bbox 1339 693 1389 727; x_wconf 84' lang='grc' dir='ltr'>τῆς</span> <span class='ocrx_word' id='word_1_329' title='bbox 1408 692 1483 727; x_wconf 78' lang='grc' dir='ltr'>παρὰ</span> <span class='ocrx_word' id='word_1_330' title='bbox 1501 692 1542 718; x_wconf 81' lang='grc' dir='ltr'>σοὶ</span> <span class='ocrx_word' id='word_1_331' title='bbox 1558 690 1693 726; x_wconf 80' lang='grc' dir='ltr'><strong>σωτηρίας</strong></span> <span class='ocrx_word' id='word_1_332' title='bbox 1708 690 1846 724; x_wconf 76' lang='grc' dir='ltr'><strong>τυχόντες,</strong></span> <span class='ocrx_word' id='word_1_333' title='bbox 1866 690 1897 716; x_wconf 72' lang='grc' dir='ltr'>τὸ</span> 
     </span>
    </p>
   </div>
   <div class='ocr_carea' id='block_1_46' title="bbox 1110 736 1895 775">
    <p class='ocr_par' dir='ltr' id='par_1_46' title="bbox 1110 736 1895 775">
     <span class='ocr_line' id='line_1_46' title="bbox 1110 736 1895 775; baseline -0.008 -8"><span class='ocrx_word' id='word_1_334' title='bbox 1110 740 1196 775; x_wconf 73' lang='grc' dir='ltr'>ὄνομά</span> <span class='ocrx_word' id='word_1_335' title='bbox 1207 748 1253 766; x_wconf 90' lang='grc' dir='ltr'><strong>σου</strong></span> <span class='ocrx_word' id='word_1_336' title='bbox 1270 737 1497 773; x_wconf 82' lang='grc' dir='ltr'>ὲπικαλεσὸμεθα,</span> <span class='ocrx_word' id='word_1_337' title='bbox 1517 737 1604 764; x_wconf 78' lang='grc' dir='ltr'>οὐκέτ’</span> <span class='ocrx_word' id='word_1_338' title='bbox 1621 736 1651 768; x_wconf 76' lang='grc' dir='ltr'><strong>ἐξ</strong></span> <span class='ocrx_word' id='word_1_339' title='bbox 1663 736 1805 771; x_wconf 80' lang='grc' dir='ltr'>ἀνθρώπου</span> <span class='ocrx_word' id='word_1_340' title='bbox 1823 736 1895 767; x_wconf 66' lang='grc' dir='ltr'>τινὸς</span> 
     </span>
    </p>
   </div>
   <div class='ocr_carea' id='block_1_47' title="bbox 1110 781 1896 822">
    <p class='ocr_par' dir='ltr' id='par_1_47' title="bbox 1110 781 1896 822">
     <span class='ocr_line' id='line_1_47' title="bbox 1110 781 1896 822; baseline -0.008 -9"><span class='ocrx_word' id='word_1_341' title='bbox 1110 785 1339 822; x_wconf 72' lang='grc' dir='ltr'><strong>χρηματίζοντες,</strong></span> <span class='ocrx_word' id='word_1_342' title='bbox 1363 784 1416 810; x_wconf 82' lang='grc' dir='ltr'><strong>οὐδ’</strong></span> <span class='ocrx_word' id='word_1_343' title='bbox 1445 782 1606 818; x_wconf 82' lang='grc' dir='ltr'><strong>Ἰσραηλῖται</strong></span> <span class='ocrx_word' id='word_1_344' title='bbox 1629 782 1682 808; x_wconf 78' lang='grc' dir='ltr'><strong>ἀπὸ</strong></span> <span class='ocrx_word' id='word_1_345' title='bbox 1709 781 1755 808; x_wconf 72' lang='grc' dir='ltr'><strong>τοῦ</strong></span> <span class='ocrx_word' id='word_1_346' title='bbox 1788 781 1896 817; x_wconf 76' lang='grc' dir='ltr'>Ἰσραὴλ</span> 
     </span>
    </p>
   </div>
   <div class='ocr_carea' id='block_1_48' title="bbox 1111 827 1895 867">
    <p class='ocr_par' dir='ltr' id='par_1_48' title="bbox 1111 827 1895 867">
     <span class='ocr_line' id='line_1_48' title="bbox 1111 827 1895 867; baseline -0.006 -8"><span class='ocrx_word' id='word_1_347' title='bbox 1111 832 1281 867; x_wconf 80' lang='grc' dir='ltr'>καλούμενοι,</span> <span class='ocrx_word' id='word_1_348' title='bbox 1298 831 1355 858; x_wconf 87' lang='grc' dir='ltr'>ἀλλ’</span> <span class='ocrx_word' id='word_1_349' title='bbox 1370 830 1431 857; x_wconf 80' lang='grc' dir='ltr'>οὐδὲ</span> <span class='ocrx_word' id='word_1_350' title='bbox 1446 830 1500 856; x_wconf 83' lang='grc' dir='ltr'><strong>ἀπὸ</strong></span> <span class='ocrx_word' id='word_1_351' title='bbox 1512 829 1559 856; x_wconf 85' lang='grc' dir='ltr'>τοῦ</span> <span class='ocrx_word' id='word_1_352' title='bbox 1578 828 1663 855; x_wconf 80' lang='grc' dir='ltr'>Ἰούδα</span> <span class='ocrx_word' id='word_1_353' title='bbox 1683 829 1803 855; x_wconf 83' lang='grc' dir='ltr'>Ἰουδαῖοι</span> <span class='ocrx_word' id='word_1_354' title='bbox 1814 836 1822 844; x_wconf 92' lang='grc'><strong>·</strong></span> <span class='ocrx_word' id='word_1_355' title='bbox 1841 827 1895 854; x_wconf 68' lang='grc' dir='ltr'><strong>ἀπὸ</strong></span> 
     </span>
    </p>
   </div>
   <div class='ocr_carea' id='block_1_49' title="bbox 1110 874 1895 912">
    <p class='ocr_par' dir='ltr' id='par_1_49' title="bbox 1110 874 1895 912">
     <span class='ocr_line' id='line_1_49' title="bbox 1110 874 1895 912; baseline -0.008 -7"><span class='ocrx_word' id='word_1_356' title='bbox 1110 879 1139 905; x_wconf 76' lang='grc' dir='ltr'><strong>δὲ</strong></span> <span class='ocrx_word' id='word_1_357' title='bbox 1153 878 1200 905; x_wconf 82' lang='grc' dir='ltr'>τοῦ</span> <span class='ocrx_word' id='word_1_358' title='bbox 1218 877 1264 904; x_wconf 87' lang='grc' dir='ltr'>σοῦ</span> <span class='ocrx_word' id='word_1_359' title='bbox 1275 878 1406 912; x_wconf 81' lang='grc' dir='ltr'>ὀνόματος</span> <span class='ocrx_word' id='word_1_360' title='bbox 1421 875 1468 902; x_wconf 79' lang='grc' dir='ltr'>τοῦ</span> <span class='ocrx_word' id='word_1_361' title='bbox 1486 875 1603 911; x_wconf 80' lang='grc' dir='ltr'><strong>Χριστοῦ</strong></span> <span class='ocrx_word' id='word_1_362' title='bbox 1618 874 1775 910; x_wconf 81' lang='grc' dir='ltr'><strong>Χριστιανοὶ</strong></span> <span class='ocrx_word' id='word_1_363' title='bbox 1788 882 1895 909; x_wconf 85' lang='grc' dir='ltr'>χρημα-</span> 
     </span>
    </p>
   </div>
   <div class='ocr_carea' id='block_1_50' title="bbox 1110 920 1895 960">
    <p class='ocr_par' dir='ltr' id='par_1_50' title="bbox 1110 920 1895 960">
     <span class='ocr_line' id='line_1_50' title="bbox 1110 920 1895 960; baseline -0.008 -9"><span class='ocrx_word' id='word_1_364' title='bbox 1110 925 1230 960; x_wconf 86' lang='grc' dir='ltr'>τισομεν.</span> <span class='ocrx_word' id='word_1_365' title='bbox 1250 923 1294 950; x_wconf 83' lang='grc' dir='ltr'><strong>Διὸ</strong></span> <span class='ocrx_word' id='word_1_366' title='bbox 1310 923 1433 950; x_wconf 85' lang='grc' dir='ltr'>λέλεκται</span> <span class='ocrx_word' id='word_1_367' title='bbox 1448 921 1517 948; x_wconf 80' lang='grc' dir='ltr'>κατὰ</span> <span class='ocrx_word' id='word_1_368' title='bbox 1526 921 1572 948; x_wconf 82' lang='grc' dir='ltr'>τὸν</span> <span class='ocrx_word' id='word_1_369' title='bbox 1581 921 1727 956; x_wconf 86' lang='grc' dir='ltr'><strong>Σύμμαχον</strong></span> <span class='ocrx_word' id='word_1_370' title='bbox 1739 929 1745 935; x_wconf 92' lang='grc'><strong>·</strong></span> <span class='ocrx_word' id='word_1_371' title='bbox 1760 920 1895 952; x_wconf 68' lang='grc' dir='ltr'>Ζοώσεις</span> 
     </span>
    </p>
   </div>
   <div class='ocr_carea' id='block_1_51' title="bbox 1110 965 1896 1006">
    <p class='ocr_par' dir='ltr' id='par_1_51' title="bbox 1110 965 1896 1006">
     <span class='ocr_line' id='line_1_51' title="bbox 1110 965 1896 1006; baseline -0.01 -8"><span class='ocrx_word' id='word_1_372' title='bbox 1110 970 1198 1006; x_wconf 70' lang='grc' dir='ltr'>ἡμᾶς,</span> <span class='ocrx_word' id='word_1_373' title='bbox 1211 970 1260 997; x_wconf 73' lang='grc' dir='ltr'>καὶ</span> <span class='ocrx_word' id='word_1_374' title='bbox 1274 968 1313 1002; x_wconf 83' lang='grc' dir='ltr'>τῷ</span> <span class='ocrx_word' id='word_1_375' title='bbox 1332 968 1454 1003; x_wconf 80' lang='grc' dir='ltr'>ὀνόματί</span> <span class='ocrx_word' id='word_1_376' title='bbox 1469 976 1527 995; x_wconf 85' lang='grc' dir='ltr'><strong>σου</strong></span> <span class='ocrx_word' id='word_1_377' title='bbox 1542 967 1761 1001; x_wconf 75' lang='grc' dir='ltr'>κληθησόμεθα.</span> <span class='ocrx_word' id='word_1_378' title='bbox 1784 965 1896 1000; x_wconf 66' lang='grc' dir='ltr'>Θαυμάη</span> 
     </span>
    </p>
   </div>
   <div class='ocr_carea' id='block_1_52' title="bbox 1111 1012 1895 1049">
    <p class='ocr_par' dir='ltr' id='par_1_52' title="bbox 1111 1012 1895 1049">
     <span class='ocr_line' id='line_1_52' title="bbox 1111 1012 1895 1049; baseline -0.009 -5"><span class='ocrx_word' id='word_1_379' title='bbox 1111 1026 1156 1044; x_wconf 88' lang='grc' dir='ltr'><strong>σαι</strong></span> <span class='ocrx_word' id='word_1_380' title='bbox 1167 1016 1196 1043; x_wconf 83' lang='grc' dir='ltr'><strong>δὲ</strong></span> <span class='ocrx_word' id='word_1_381' title='bbox 1212 1017 1268 1043; x_wconf 80' lang='grc' dir='ltr'>ἔστι</span> <span class='ocrx_word' id='word_1_382' title='bbox 1282 1016 1343 1042; x_wconf 83' lang='grc' dir='ltr'>τινα</span> <span class='ocrx_word' id='word_1_383' title='bbox 1353 1015 1452 1049; x_wconf 84' lang='grc' dir='ltr'>τρόπον</span> <span class='ocrx_word' id='word_1_384' title='bbox 1474 1013 1578 1045; x_wconf 82' lang='grc' dir='ltr'>τούτοις</span> <span class='ocrx_word' id='word_1_385' title='bbox 1598 1012 1806 1047; x_wconf 75' lang='grc' dir='ltr'>ἐντυγχάνοντες</span> <span class='ocrx_word' id='word_1_386' title='bbox 1831 1012 1895 1038; x_wconf 89' lang='grc' dir='ltr'>Ἰου-</span> 
     </span>
    </p>
   </div>
   <div class='ocr_carea' id='block_1_53' title="bbox 1110 1057 1894 1094">
    <p class='ocr_par' dir='ltr' id='par_1_53' title="bbox 1110 1057 1894 1094">
     <span class='ocr_line' id='line_1_53' title="bbox 1110 1057 1894 1094; baseline -0.011 -4"><span class='ocrx_word' id='word_1_387' title='bbox 1110 1063 1191 1090; x_wconf 76' lang='grc' dir='ltr'>δαίων</span> <span class='ocrx_word' id='word_1_388' title='bbox 1207 1062 1310 1094; x_wconf 79' lang='grc' dir='ltr'>παῖδες,</span> <span class='ocrx_word' id='word_1_389' title='bbox 1321 1060 1350 1093; x_wconf 76' lang='grc' dir='ltr'><strong>ἐξ</strong></span> <span class='ocrx_word' id='word_1_390' title='bbox 1366 1059 1476 1087; x_wconf 84' lang='grc' dir='ltr'>ἁπαλῶν</span> <span class='ocrx_word' id='word_1_391' title='bbox 1489 1067 1518 1085; x_wconf 85' lang='grc' dir='ltr'><strong>τε</strong></span> <span class='ocrx_word' id='word_1_392' title='bbox 1543 1057 1646 1093; x_wconf 84' lang='grc' dir='ltr'><strong>ὀνύχων</strong></span> <span class='ocrx_word' id='word_1_393' title='bbox 1667 1057 1753 1083; x_wconf 77' lang='grc' dir='ltr'>ταῦτα</span> <span class='ocrx_word' id='word_1_394' title='bbox 1772 1065 1894 1091; x_wconf 78' lang='grc' dir='ltr'>καταμε-</span> 
     </span>
    </p>
   </div>
   <div class='ocr_carea' id='block_1_54' title="bbox 1110 1102 1894 1142">
    <p class='ocr_par' dir='ltr' id='par_1_54' title="bbox 1110 1102 1894 1142">
     <span class='ocr_line' id='line_1_54' title="bbox 1110 1102 1894 1142; baseline -0.01 -6"><span class='ocrx_word' id='word_1_395' title='bbox 1110 1109 1251 1141; x_wconf 86' lang='grc' dir='ltr'>λετῶντες,</span> <span class='ocrx_word' id='word_1_396' title='bbox 1264 1108 1294 1135; x_wconf 81' lang='grc' dir='ltr'><strong>οὐ</strong></span> <span class='ocrx_word' id='word_1_397' title='bbox 1316 1106 1425 1142; x_wconf 80' lang='grc' dir='ltr'><strong>ζητοῦσι</strong></span> <span class='ocrx_word' id='word_1_398' title='bbox 1438 1105 1483 1132; x_wconf 84' lang='grc' dir='ltr'><strong>τὸν</strong></span> <span class='ocrx_word' id='word_1_399' title='bbox 1500 1104 1583 1140; x_wconf 77' lang='grc' dir='ltr'>ἄνδρα</span> <span class='ocrx_word' id='word_1_400' title='bbox 1600 1104 1650 1139; x_wconf 82' lang='grc' dir='ltr'>τῆς</span> <span class='ocrx_word' id='word_1_401' title='bbox 1663 1103 1751 1136; x_wconf 78' lang='grc' dir='ltr'>δεξιᾶς</span> <span class='ocrx_word' id='word_1_402' title='bbox 1766 1102 1814 1129; x_wconf 77' lang='grc' dir='ltr'>τοῦ</span> <span class='ocrx_word' id='word_1_403' title='bbox 1827 1102 1894 1129; x_wconf 80' lang='grc' dir='ltr'><strong>Θεθῦ</strong></span> 
     </span>
    </p>
   </div>
   <div class='ocr_carea' id='block_1_55' title="bbox 1110 1148 1897 1190">
    <p class='ocr_par' dir='ltr' id='par_1_55' title="bbox 1110 1148 1897 1190">
     <span class='ocr_line' id='line_1_55' title="bbox 1110 1148 1897 1190; baseline -0.01 -8"><span class='ocrx_word' id='word_1_404' title='bbox 1110 1156 1152 1187; x_wconf 80' lang='grc' dir='ltr'><strong>τις</strong></span> <span class='ocrx_word' id='word_1_405' title='bbox 1168 1163 1232 1182; x_wconf 88' lang='grc' dir='ltr'>ποτε</span> <span class='ocrx_word' id='word_1_406' title='bbox 1249 1152 1293 1190; x_wconf 81' lang='grc' dir='ltr'><strong>ἦν,</strong></span> <span class='ocrx_word' id='word_1_407' title='bbox 1308 1154 1366 1180; x_wconf 74' lang='grc' dir='ltr'><strong>οὐδὲ</strong></span> <span class='ocrx_word' id='word_1_408' title='bbox 1380 1153 1426 1180; x_wconf 82' lang='grc' dir='ltr'>τὸν</span> <span class='ocrx_word' id='word_1_409' title='bbox 1442 1151 1586 1186; x_wconf 86' lang='grc' dir='ltr'>λεγόμενον</span> <span class='ocrx_word' id='word_1_410' title='bbox 1603 1150 1666 1176; x_wconf 77' lang='grc' dir='ltr'>Υἱὸν</span> <span class='ocrx_word' id='word_1_411' title='bbox 1678 1148 1822 1184; x_wconf 80' lang='grc' dir='ltr'>ἀνθρώπου</span> <span class='ocrx_word' id='word_1_412' title='bbox 1840 1149 1897 1175; x_wconf 66' lang='grc' dir='ltr'><strong>ἐπι-</strong></span> 
     </span>
    </p>
   </div>
   <div class='ocr_carea' id='block_1_56' title="bbox 1110 1195 1893 1238">
    <p class='ocr_par' dir='ltr' id='par_1_56' title="bbox 1110 1195 1893 1238">
     <span class='ocr_line' id='line_1_56' title="bbox 1110 1195 1893 1238; baseline -0.015 -8"><span class='ocrx_word' id='word_1_413' title='bbox 1110 1202 1271 1238; x_wconf 84' lang='grc' dir='ltr'>γινώσκουσι</span> <span class='ocrx_word' id='word_1_414' title='bbox 1281 1210 1287 1216; x_wconf 86' lang='grc'><strong>”</strong></span> <span class='ocrx_word' id='word_1_415' title='bbox 1297 1201 1336 1228; x_wconf 83' lang='grc' dir='ltr'><strong>διὸ</strong></span> <span class='ocrx_word' id='word_1_416' title='bbox 1347 1201 1393 1227; x_wconf 80' lang='grc' dir='ltr'>καὶ</span> <span class='ocrx_word' id='word_1_417' title='bbox 1405 1197 1590 1235; x_wconf 80' lang='grc' dir='ltr'>παραμένουσι</span> <span class='ocrx_word' id='word_1_418' title='bbox 1602 1198 1634 1232; x_wconf 85' lang='grc' dir='ltr'><strong>τῇ</strong></span> <span class='ocrx_word' id='word_1_419' title='bbox 1642 1195 1745 1222; x_wconf 77' lang='grc' dir='ltr'>ἑαυτῶν</span> <span class='ocrx_word' id='word_1_420' title='bbox 1755 1195 1893 1230; x_wconf 76' lang='grc' dir='ltr'>συμφορᾷ.</span> 
     </span>
    </p>
   </div>
   <div class='ocr_carea' id='block_1_57' title="bbox 1116 1240 1893 1284">
    <p class='ocr_par' dir='ltr' id='par_1_57' title="bbox 1116 1240 1893 1284">
     <span class='ocr_line' id='line_1_57' title="bbox 1116 1240 1893 1284; baseline -0.014 -8"><span class='ocrx_word' id='word_1_421' title='bbox 1116 1250 1159 1282; x_wconf 80' lang='grc' dir='ltr'>Ὠς</span> <span class='ocrx_word' id='word_1_422' title='bbox 1185 1249 1264 1284; x_wconf 84' lang='grc' dir='ltr'>εἴπερ</span> <span class='ocrx_word' id='word_1_423' title='bbox 1302 1247 1460 1281; x_wconf 72' lang='grc' dir='ltr'>ἐπέγνωσαν</span> <span class='ocrx_word' id='word_1_424' title='bbox 1486 1245 1533 1272; x_wconf 77' lang='grc' dir='ltr'>καὶ</span> <span class='ocrx_word' id='word_1_425' title='bbox 1562 1242 1766 1279; x_wconf 79' lang='grc' dir='ltr'>μεμαθήκεισαν</span> <span class='ocrx_word' id='word_1_426' title='bbox 1794 1240 1893 1270; x_wconf 77' lang='grc' dir='ltr'>αὑτὸν,</span> 
     </span>
    </p>
   </div>
   <div class='ocr_carea' id='block_1_58' title="bbox 1110 1285 1895 1329">
    <p class='ocr_par' dir='ltr' id='par_1_58' title="bbox 1110 1285 1895 1329">
     <span class='ocr_line' id='line_1_58' title="bbox 1110 1285 1895 1329; baseline -0.015 -7"><span class='ocrx_word' id='word_1_427' title='bbox 1110 1295 1230 1329; x_wconf 77' lang='grc' dir='ltr'><strong>ἔγνωσαν</strong></span> <span class='ocrx_word' id='word_1_428' title='bbox 1246 1294 1278 1321; x_wconf 78' lang='grc' dir='ltr'>ἂν</span> <span class='ocrx_word' id='word_1_429' title='bbox 1293 1292 1340 1319; x_wconf 74' lang='grc' dir='ltr'>καὶ</span> <span class='ocrx_word' id='word_1_430' title='bbox 1354 1292 1399 1318; x_wconf 80' lang='grc' dir='ltr'><strong>τὸν</strong></span> <span class='ocrx_word' id='word_1_431' title='bbox 1417 1292 1446 1317; x_wconf 82' lang='grc' dir='ltr'><strong>ὲν</strong></span> <span class='ocrx_word' id='word_1_432' title='bbox 1465 1289 1538 1324; x_wconf 82' lang='grc' dir='ltr'>αὐτῷ</span> <span class='ocrx_word' id='word_1_433' title='bbox 1550 1288 1751 1322; x_wconf 79' lang='grc' dir='ltr'>κατοικήσαντα</span> <span class='ocrx_word' id='word_1_434' title='bbox 1765 1285 1833 1312; x_wconf 80' lang='grc' dir='ltr'>Θεοῦ</span> <span class='ocrx_word' id='word_1_435' title='bbox 1848 1285 1895 1311; x_wconf 81' lang='grc' dir='ltr'><strong>Δό-</strong></span> 
     </span>
    </p>
   </div>
   <div class='ocr_carea' id='block_1_59' title="bbox 1110 1331 1894 1376">
    <p class='ocr_par' dir='ltr' id='par_1_59' title="bbox 1110 1331 1894 1376">
     <span class='ocr_line' id='line_1_59' title="bbox 1110 1331 1894 1376; baseline -0.017 -8"><span class='ocrx_word' id='word_1_436' title='bbox 1110 1350 1157 1376; x_wconf 92' lang='grc' dir='ltr'><strong>γον</strong></span> <span class='ocrx_word' id='word_1_437' title='bbox 1177 1341 1206 1367; x_wconf 81' lang='grc' dir='ltr'><strong>ὃν</strong></span> <span class='ocrx_word' id='word_1_438' title='bbox 1227 1341 1243 1375; x_wconf 84' lang='grc' dir='ltr'>ἡ</span> <span class='ocrx_word' id='word_1_439' title='bbox 1269 1338 1392 1374; x_wconf 71' lang='grc' dir='ltr'>παροῦσα</span> <span class='ocrx_word' id='word_1_440' title='bbox 1417 1336 1509 1371; x_wconf 82' lang='grc' dir='ltr'>δέησις</span> <span class='ocrx_word' id='word_1_441' title='bbox 1530 1333 1695 1361; x_wconf 83' lang='grc' dir='ltr'>ἀνεκαλεῖτο.</span> <span class='ocrx_word' id='word_1_442' title='bbox 1724 1331 1793 1358; x_wconf 81' lang='grc' dir='ltr'>Ἀλλ’</span> <span class='ocrx_word' id='word_1_443' title='bbox 1814 1332 1894 1366; x_wconf 81' lang='grc' dir='ltr'>ἡμεῖς</span> 
     </span>
    </p>
   </div>
   <div class='ocr_carea' id='block_1_60' title="bbox 1109 1377 1893 1421">
    <p class='ocr_par' dir='ltr' id='par_1_60' title="bbox 1109 1377 1893 1421">
     <span class='ocr_line' id='line_1_60' title="bbox 1109 1377 1893 1421; baseline -0.018 -5"><span class='ocrx_word' id='word_1_444' title='bbox 1109 1388 1190 1416; x_wconf 69' lang='grc' dir='ltr'>αὐτὸν</span> <span class='ocrx_word' id='word_1_445' title='bbox 1201 1387 1299 1418; x_wconf 81' lang='grc' dir='ltr'>εἰδότες</span> <span class='ocrx_word' id='word_1_446' title='bbox 1316 1385 1444 1421; x_wconf 83' lang='grc' dir='ltr'>προόντα.</span> <span class='ocrx_word' id='word_1_447' title='bbox 1462 1383 1509 1409; x_wconf 78' lang='grc' dir='ltr'>καὶ</span> <span class='ocrx_word' id='word_1_448' title='bbox 1526 1382 1557 1407; x_wconf 77' lang='grc' dir='ltr'>ὲκ</span> <span class='ocrx_word' id='word_1_449' title='bbox 1567 1381 1614 1407; x_wconf 78' lang='grc' dir='ltr'><strong>τοῦ</strong></span> <span class='ocrx_word' id='word_1_450' title='bbox 1627 1379 1727 1410; x_wconf 78' lang='grc' dir='ltr'>παντὸς</span> <span class='ocrx_word' id='word_1_451' title='bbox 1742 1377 1893 1413; x_wconf 79' lang='grc' dir='ltr'>ἀνθρώπων</span> 
     </span>
    </p>
   </div>
   <div class='ocr_carea' id='block_1_61' title="bbox 1110 1423 1894 1468">
    <p class='ocr_par' dir='ltr' id='par_1_61' title="bbox 1110 1423 1894 1468">
     <span class='ocr_line' id='line_1_61' title="bbox 1110 1423 1894 1468; baseline -0.015 -8"><span class='ocrx_word' id='word_1_452' title='bbox 1110 1432 1303 1468; x_wconf 80' lang='grc' dir='ltr'><strong>ἐπιμελόμενον</strong></span> <span class='ocrx_word' id='word_1_453' title='bbox 1316 1439 1323 1445; x_wconf 94' lang='grc'><strong>·</strong></span> <span class='ocrx_word' id='word_1_454' title='bbox 1339 1430 1386 1455; x_wconf 76' lang='grc' dir='ltr'>Ἐν</span> <span class='ocrx_word' id='word_1_455' title='bbox 1393 1428 1446 1464; x_wconf 84' lang='grc' dir='ltr'><strong>γὰρ</strong></span> <span class='ocrx_word' id='word_1_456' title='bbox 1454 1428 1494 1461; x_wconf 82' lang='grc' dir='ltr'>τῷ</span> <span class='ocrx_word' id='word_1_457' title='bbox 1504 1428 1606 1461; x_wconf 73' lang='grc' dir='ltr'>κόσμῳ</span> <span class='ocrx_word' id='word_1_458' title='bbox 1618 1423 1666 1460; x_wconf 74' lang='grc' dir='ltr'><strong>ἦν,</strong></span> <span class='ocrx_word' id='word_1_459' title='bbox 1684 1424 1733 1451; x_wconf 76' lang='grc' dir='ltr'>καὶ</span> <span class='ocrx_word' id='word_1_460' title='bbox 1748 1425 1764 1450; x_wconf 80' lang='grc' dir='ltr'><em>ὁ</em></span> <span class='ocrx_word' id='word_1_461' title='bbox 1780 1424 1894 1457; x_wconf 81' lang='grc' dir='ltr'>κόσμος</span> 
     </span>
    </p>
   </div>
   <div class='ocr_carea' id='block_1_62' title="bbox 1109 1469 1892 1513">
    <p class='ocr_par' dir='ltr' id='par_1_62' title="bbox 1109 1469 1892 1513">
     <span class='ocr_line' id='line_1_62' title="bbox 1109 1469 1892 1513; baseline -0.018 -5"><span class='ocrx_word' id='word_1_462' title='bbox 1109 1480 1147 1507; x_wconf 78' lang='grc' dir='ltr'><strong>δι’</strong></span> <span class='ocrx_word' id='word_1_463' title='bbox 1161 1478 1254 1507; x_wconf 87' lang='grc' dir='ltr'>αὑτοῦ</span> <span class='ocrx_word' id='word_1_464' title='bbox 1269 1476 1395 1513; x_wconf 76' lang='grc' dir='ltr'>ἐγένετο,</span> <span class='ocrx_word' id='word_1_465' title='bbox 1410 1474 1458 1501; x_wconf 78' lang='grc' dir='ltr'>καὶ</span> <span class='ocrx_word' id='word_1_466' title='bbox 1469 1476 1486 1501; x_wconf 86' lang='grc' dir='ltr'><em>ὁ</em></span> <span class='ocrx_word' id='word_1_467' title='bbox 1498 1474 1611 1507; x_wconf 77' lang='grc' dir='ltr'>κόσμος</span> <span class='ocrx_word' id='word_1_468' title='bbox 1626 1471 1718 1499; x_wconf 79' lang='grc' dir='ltr'>αὑτὸν</span> <span class='ocrx_word' id='word_1_469' title='bbox 1730 1471 1787 1497; x_wconf 77' lang='grc' dir='ltr'>οὐκ</span> <span class='ocrx_word' id='word_1_470' title='bbox 1799 1469 1874 1504; x_wconf 71' lang='grc' dir='ltr'>ἔγνω</span> <span class='ocrx_word' id='word_1_471' title='bbox 1884 1477 1892 1483; x_wconf 88' lang='grc'><strong>·</strong></span> 
     </span>
    </p>
   </div>
   <div class='ocr_carea' id='block_1_63' title="bbox 269 1515 1058 1562">
    <p class='ocr_par' dir='ltr' id='par_1_63' title="bbox 269 1526 1058 1561">
     <span class='ocr_line' id='line_1_63' title="bbox 269 1526 1058 1561; baseline 0 -7"><span class='ocrx_word' id='word_1_472' title='bbox 269 1527 380 1554; x_wconf 72' lang='lat' dir='ltr'><strong>obuoxri</strong></span> <span class='ocrx_word' id='word_1_473' title='bbox 402 1528 515 1557; x_wconf 87' lang='lat' dir='ltr'><strong>erimus,</strong></span> <span class='ocrx_word' id='word_1_474' title='bbox 537 1527 570 1554; x_wconf 89' lang='lat' dir='ltr'><strong>ab</strong></span> <span class='ocrx_word' id='word_1_475' title='bbox 584 1535 617 1554; x_wconf 90' lang='lat' dir='ltr'><strong>eo</strong></span> <span class='ocrx_word' id='word_1_476' title='bbox 634 1527 715 1553; x_wconf 88' lang='lat' dir='ltr'><strong>vitam</strong></span> <span class='ocrx_word' id='word_1_477' title='bbox 740 1526 916 1561; x_wconf 83' lang='lat' dir='ltr'><strong>accipientes,</strong></span> <span class='ocrx_word' id='word_1_478' title='bbox 931 1526 991 1561; x_wconf 88' lang='lat' dir='ltr'><strong>ejus</strong></span> <span class='ocrx_word' id='word_1_479' title='bbox 1009 1534 1058 1554; x_wconf 93' lang='lat' dir='ltr'><strong>no-</strong></span> 
     </span>
    </p>
   </div>
   <div class='ocr_carea' id='block_1_64' title="bbox 1109 1515 1894 1562">
    <p class='ocr_par' dir='ltr' id='par_1_64' title="bbox 1109 1515 1894 1562">
     <span class='ocr_line' id='line_1_64' title="bbox 1109 1515 1894 1562; baseline -0.017 -9"><span class='ocrx_word' id='word_1_480' title='bbox 1109 1526 1189 1562; x_wconf 82' lang='grc' dir='ltr'>τσμεν</span> <span class='ocrx_word' id='word_1_481' title='bbox 1202 1525 1280 1551; x_wconf 75' lang='grc' dir='ltr'>αὑτὸν</span> <span class='ocrx_word' id='word_1_482' title='bbox 1292 1523 1338 1550; x_wconf 73' lang='grc' dir='ltr'>καὶ</span> <span class='ocrx_word' id='word_1_483' title='bbox 1355 1523 1394 1554; x_wconf 75' lang='grc' dir='ltr'>εἰς</span> <span class='ocrx_word' id='word_1_484' title='bbox 1409 1520 1444 1548; x_wconf 83' lang='grc' dir='ltr'><strong>τὰ</strong></span> <span class='ocrx_word' id='word_1_485' title='bbox 1458 1520 1510 1547; x_wconf 83' lang='grc' dir='ltr'>ῐδια</span> <span class='ocrx_word' id='word_1_486' title='bbox 1525 1519 1646 1548; x_wconf 75' lang='grc' dir='ltr'>ἐλθόντα,</span> <span class='ocrx_word' id='word_1_487' title='bbox 1663 1518 1707 1543; x_wconf 82' lang='grc' dir='ltr'>ὅτε</span> <span class='ocrx_word' id='word_1_488' title='bbox 1722 1516 1770 1543; x_wconf 75' lang='grc' dir='ltr'>καὶ</span> <span class='ocrx_word' id='word_1_489' title='bbox 1784 1515 1894 1562; x_wconf 83' lang='grc' dir='ltr'>γέγονεν</span> 
     </span>
    </p>
   </div>
   <div class='ocr_carea' id='block_1_65' title="bbox 270 1572 1060 1608">
    <p class='ocr_par' dir='ltr' id='par_1_65' title="bbox 270 1572 1060 1608">
     <span class='ocr_line' id='line_1_65' title="bbox 270 1572 1060 1608; baseline 0.001 -9"><span class='ocrx_word' id='word_1_490' title='bbox 270 1574 343 1600; x_wconf 90' lang='lat' dir='ltr'><strong>mine</strong></span> <span class='ocrx_word' id='word_1_491' title='bbox 363 1574 498 1608; x_wconf 80' lang='lat' dir='ltr'><strong>appellati.</strong></span> <span class='ocrx_word' id='word_1_492' title='bbox 517 1573 570 1600; x_wconf 87' lang='lat' dir='ltr'><strong>Nos</strong></span> <span class='ocrx_word' id='word_1_493' title='bbox 594 1574 683 1608; x_wconf 86' lang='lat' dir='ltr'><strong>itaque</strong></span> <span class='ocrx_word' id='word_1_494' title='bbox 698 1573 744 1607; x_wconf 91' lang='lat' dir='ltr'><strong>qui</strong></span> <span class='ocrx_word' id='word_1_495' title='bbox 772 1572 869 1599; x_wconf 88' lang='lat' dir='ltr'><strong>Filium</strong></span> <span class='ocrx_word' id='word_1_496' title='bbox 885 1573 1002 1600; x_wconf 91' lang='lat' dir='ltr'><strong>hominis</strong></span> <span class='ocrx_word' id='word_1_497' title='bbox 1016 1580 1060 1600; x_wconf 85' lang='lat' dir='ltr'><strong>ex-</strong></span> 
     </span>
    </p>
   </div>
   <div class='ocr_carea' id='block_1_66' title="bbox 270 1619 1056 1656">
    <p class='ocr_par' dir='ltr' id='par_1_66' title="bbox 270 1619 1056 1656">
     <span class='ocr_line' id='line_1_66' title="bbox 270 1619 1056 1656; baseline -0.003 -8"><span class='ocrx_word' id='word_1_498' title='bbox 270 1626 438 1656; x_wconf 81' lang='lat' dir='ltr'><strong>spectamus,</strong></span> <span class='ocrx_word' id='word_1_499' title='bbox 453 1626 479 1648; x_wconf 87' lang='lat' dir='ltr'><strong>et</strong></span> <span class='ocrx_word' id='word_1_500' title='bbox 491 1629 566 1656; x_wconf 87' lang='lat' dir='ltr'><strong>spem</strong></span> <span class='ocrx_word' id='word_1_501' title='bbox 588 1626 711 1648; x_wconf 82' lang='lat' dir='ltr'><strong>nostram</strong></span> <span class='ocrx_word' id='word_1_502' title='bbox 733 1620 760 1647; x_wconf 95' lang='lat' dir='ltr'><strong>in</strong></span> <span class='ocrx_word' id='word_1_503' title='bbox 774 1620 861 1655; x_wconf 91' lang='lat' dir='ltr'><strong>ipsum</strong></span> <span class='ocrx_word' id='word_1_504' title='bbox 880 1619 1056 1654; x_wconf 85' lang='lat' dir='ltr'><strong>conjecimus,</strong></span> 
     </span>
    </p>
   </div>
   <div class='ocr_carea' id='block_1_67' title="bbox 271 1665 1060 1703">
    <p class='ocr_par' dir='ltr' id='par_1_67' title="bbox 271 1665 1060 1703">
     <span class='ocr_line' id='line_1_67' title="bbox 271 1665 1060 1703; baseline -0.004 -8"><span class='ocrx_word' id='word_1_505' title='bbox 271 1670 327 1695; x_wconf 84' lang='lat' dir='ltr'><strong>lucc</strong></span> <span class='ocrx_word' id='word_1_506' title='bbox 344 1669 377 1695; x_wconf 89' lang='lat' dir='ltr'><strong>de</strong></span> <span class='ocrx_word' id='word_1_507' title='bbox 394 1668 471 1695; x_wconf 88' lang='lat' dir='ltr'><strong>nobis</strong></span> <span class='ocrx_word' id='word_1_508' title='bbox 488 1668 554 1703; x_wconf 88' lang='lat' dir='ltr'><strong>ipsis</strong></span> <span class='ocrx_word' id='word_1_509' title='bbox 571 1667 708 1702; x_wconf 89' lang='lat' dir='ltr'><strong>loquimur</strong></span> <span class='ocrx_word' id='word_1_510' title='bbox 721 1674 788 1701; x_wconf 90' lang='lat' dir='ltr'><strong>:pro</strong></span> <span class='ocrx_word' id='word_1_511' title='bbox 796 1665 925 1693; x_wconf 91' lang='lat' dir='ltr'><strong>membris</strong></span> <span class='ocrx_word' id='word_1_512' title='bbox 939 1673 1003 1693; x_wconf 83' lang='lat' dir='ltr'><strong>vero</strong></span> <span class='ocrx_word' id='word_1_513' title='bbox 1013 1673 1060 1692; x_wconf 88' lang='lat' dir='ltr'><strong>no-</strong></span> 
     </span>
    </p>
   </div>
   <div class='ocr_carea' id='block_1_68' title="bbox 270 1711 1057 1750">
    <p class='ocr_par' dir='ltr' id='par_1_68' title="bbox 270 1711 1057 1750">
     <span class='ocr_line' id='line_1_68' title="bbox 270 1711 1057 1750; baseline -0.004 -8"><span class='ocrx_word' id='word_1_514' title='bbox 270 1716 335 1743; x_wconf 91' lang='lat' dir='ltr'><strong>stris</strong></span> <span class='ocrx_word' id='word_1_515' title='bbox 360 1715 491 1750; x_wconf 89' lang='lat' dir='ltr'><strong>reliquam</strong></span> <span class='ocrx_word' id='word_1_516' title='bbox 524 1715 676 1741; x_wconf 90' lang='lat' dir='ltr'><strong>orationem</strong></span> <span class='ocrx_word' id='word_1_517' title='bbox 706 1713 845 1739; x_wconf 81' lang='lat' dir='ltr'><strong>fundimus</strong></span> <span class='ocrx_word' id='word_1_518' title='bbox 870 1712 913 1739; x_wconf 91' lang='lat' dir='ltr'><strong>his</strong></span> <span class='ocrx_word' id='word_1_519' title='bbox 942 1711 1057 1739; x_wconf 86' lang='lat' dir='ltr'><strong>verbis:</strong></span> 
     </span>
    </p>
   </div>
   <div class='ocr_carea' id='block_1_69' title="bbox 270 1757 1057 1792">
    <p class='ocr_par' dir='ltr' id='par_1_69' title="bbox 270 1757 1057 1792">
     <span class='ocr_line' id='line_1_69' title="bbox 270 1757 1057 1792; baseline -0.005 -4"><span class='ocrx_word' id='word_1_520' title='bbox 270 1778 302 1781; x_wconf 98' lang='lat'>—</span> <span class='ocrx_word' id='word_1_521' title='bbox 318 1761 400 1788; x_wconf 71' lang='lat' dir='ltr'><strong>Vens.</strong></span> <span class='ocrx_word' id='word_1_522' title='bbox 420 1762 463 1789; x_wconf 75' lang='lat'><strong>20.</strong></span> <span class='ocrx_word' id='word_1_523' title='bbox 481 1761 550 1788; x_wconf 80' lang='lat' dir='ltr'><strong>Deus</strong></span> <span class='ocrx_word' id='word_1_524' title='bbox 563 1762 699 1792; x_wconf 77' lang='lat' dir='ltr'><strong>virtutum,</strong></span> <span class='ocrx_word' id='word_1_525' title='bbox 717 1764 835 1787; x_wconf 80' lang='lat' dir='ltr'><strong>converte</strong></span> <span class='ocrx_word' id='word_1_526' title='bbox 850 1767 907 1790; x_wconf 81' lang='lat' dir='ltr'><strong>nos,</strong></span> <span class='ocrx_word' id='word_1_527' title='bbox 918 1763 942 1785; x_wconf 83' lang='lat' dir='ltr'><strong>et</strong></span> <span class='ocrx_word' id='word_1_528' title='bbox 952 1757 1057 1785; x_wconf 72' lang='lat' dir='ltr'><strong>ostende</strong></span> 
     </span>
    </p>
   </div>
   <div class='ocr_carea' id='block_1_70' title="bbox 271 1803 1056 1843">
    <p class='ocr_par' dir='ltr' id='par_1_70' title="bbox 271 1803 1056 1843">
     <span class='ocr_line' id='line_1_70' title="bbox 271 1803 1056 1843; baseline -0.004 -9"><span class='ocrx_word' id='word_1_529' title='bbox 271 1809 364 1843; x_wconf 77' lang='lat' dir='ltr'><strong>facient</strong></span> <span class='ocrx_word' id='word_1_530' title='bbox 377 1813 449 1834; x_wconf 77' lang='lat' dir='ltr'><strong>litant</strong></span> <span class='ocrx_word' id='word_1_531' title='bbox 463 1813 486 1835; x_wconf 85' lang='lat' dir='ltr'><strong>et</strong></span> <span class='ocrx_word' id='word_1_532' title='bbox 501 1808 568 1835; x_wconf 81' lang='lat' dir='ltr'><strong>salvi</strong></span> <span class='ocrx_word' id='word_1_533' title='bbox 587 1808 694 1838; x_wconf 79' lang='lat' dir='ltr'><strong>erimus,</strong></span> <span class='ocrx_word' id='word_1_534' title='bbox 716 1812 867 1834; x_wconf 84' lang='lat' dir='ltr'><strong>sermonem</strong></span> <span class='ocrx_word' id='word_1_535' title='bbox 880 1805 906 1831; x_wconf 88' lang='lat' dir='ltr'><strong>in</strong></span> <span class='ocrx_word' id='word_1_536' title='bbox 919 1803 1056 1831; x_wconf 89' lang='lat' dir='ltr'><strong>communi</strong></span> 
     </span>
    </p>
   </div>
   <div class='ocr_carea' id='block_1_71' title="bbox 270 1851 1058 1890">
    <p class='ocr_par' dir='ltr' id='par_1_71' title="bbox 270 1851 1058 1890">
     <span class='ocr_line' id='line_1_71' title="bbox 270 1851 1058 1890; baseline -0.006 -8"><span class='ocrx_word' id='word_1_537' title='bbox 270 1855 440 1890; x_wconf 78' lang='lat' dir='ltr'><strong>proferentes</strong></span> <span class='ocrx_word' id='word_1_538' title='bbox 454 1863 503 1889; x_wconf 87' lang='lat' dir='ltr'><strong>pro</strong></span> <span class='ocrx_word' id='word_1_539' title='bbox 519 1856 562 1887; x_wconf 90' lang='lat' dir='ltr'><strong>iis,</strong></span> <span class='ocrx_word' id='word_1_540' title='bbox 577 1854 622 1889; x_wconf 90' lang='lat' dir='ltr'><strong>qui</strong></span> <span class='ocrx_word' id='word_1_541' title='bbox 638 1853 757 1880; x_wconf 90' lang='lat' dir='ltr'><strong>nondum</strong></span> <span class='ocrx_word' id='word_1_542' title='bbox 772 1851 897 1879; x_wconf 89' lang='lat' dir='ltr'><strong>conversi</strong></span> <span class='ocrx_word' id='word_1_543' title='bbox 910 1855 984 1882; x_wconf 90' lang='lat' dir='ltr'><strong>sunt,</strong></span> <span class='ocrx_word' id='word_1_544' title='bbox 997 1857 1058 1878; x_wconf 88' lang='lat' dir='ltr'><strong>nec-</strong></span> 
     </span>
    </p>
   </div>
   <div class='ocr_carea' id='block_1_72' title="bbox 235 1895 1055 1935">
    <p class='ocr_par' dir='ltr' id='par_1_72' title="bbox 235 1895 1055 1935">
     <span class='ocr_line' id='line_1_72' title="bbox 235 1895 1055 1935; baseline -0.006 -7"><span class='ocrx_word' id='word_1_545' title='bbox 235 1895 238 1898; x_wconf 65' lang='grc'><em>’</em></span> <span class='ocrx_word' id='word_1_546' title='bbox 271 1902 334 1928; x_wconf 93' lang='lat' dir='ltr'><strong>dum</strong></span> <span class='ocrx_word' id='word_1_547' title='bbox 351 1901 495 1927; x_wconf 82' lang='lat' dir='ltr'><strong>adventum</strong></span> <span class='ocrx_word' id='word_1_548' title='bbox 509 1901 568 1935; x_wconf 84' lang='lat' dir='ltr'><strong>ejus</strong></span> <span class='ocrx_word' id='word_1_549' title='bbox 585 1904 736 1932; x_wconf 86' lang='lat' dir='ltr'><strong>noverunt;</strong></span> <span class='ocrx_word' id='word_1_550' title='bbox 754 1899 869 1934; x_wconf 85' lang='lat' dir='ltr'><strong>ideoque</strong></span> <span class='ocrx_word' id='word_1_551' title='bbox 883 1897 1003 1924; x_wconf 88' lang='lat' dir='ltr'><strong>nondum</strong></span> <span class='ocrx_word' id='word_1_552' title='bbox 1016 1903 1055 1924; x_wconf 86' lang='lat' dir='ltr'><strong>sa-</strong></span> 
     </span>
    </p>
   </div>
   <div class='ocr_carea' id='block_1_73' title="bbox 271 1946 701 1973">
    <p class='ocr_par' dir='ltr' id='par_1_73' title="bbox 271 1946 701 1973">
     <span class='ocr_line' id='line_1_73' title="bbox 271 1946 701 1973; baseline 0 -1"><span class='ocrx_word' id='word_1_553' title='bbox 271 1947 353 1973; x_wconf 87' lang='lat' dir='ltr'><strong>lutem</strong></span> <span class='ocrx_word' id='word_1_554' title='bbox 369 1954 383 1972; x_wconf 90' lang='lat' dir='ltr'><strong>a</strong></span> <span class='ocrx_word' id='word_1_555' title='bbox 402 1946 455 1973; x_wconf 82' lang='lat' dir='ltr'><strong>Deo</strong></span> <span class='ocrx_word' id='word_1_556' title='bbox 471 1951 534 1973; x_wconf 92' lang='lat' dir='ltr'><strong>sunt</strong></span> <span class='ocrx_word' id='word_1_557' title='bbox 551 1946 701 1972; x_wconf 79' lang='lat' dir='ltr'><strong>consecuti.</strong></span> 
     </span>
    </p>
   </div>
   <div class='ocr_carea' id='block_1_74' title="bbox 1110 1560 1894 1605">
    <p class='ocr_par' dir='ltr' id='par_1_74' title="bbox 1110 1560 1894 1605">
     <span class='ocr_line' id='line_1_74' title="bbox 1110 1560 1894 1605; baseline -0.017 -7"><span class='ocrx_word' id='word_1_558' title='bbox 1110 1560 1192 1598; x_wconf 66' lang='grc' dir='ltr'>αυτοῦ</span> <span class='ocrx_word' id='word_1_559' title='bbox 1207 1571 1223 1605; x_wconf 85' lang='grc' dir='ltr'>ὴ</span> <span class='ocrx_word' id='word_1_560' title='bbox 1237 1569 1306 1605; x_wconf 71' lang='grc' dir='ltr'>χεὶρ,</span> <span class='ocrx_word' id='word_1_561' title='bbox 1322 1567 1458 1594; x_wconf 82' lang='grc' dir='ltr'>τουτέστιν</span> <span class='ocrx_word' id='word_1_562' title='bbox 1470 1567 1487 1601; x_wconf 85' lang='grc' dir='ltr'>ὴ</span> <span class='ocrx_word' id='word_1_563' title='bbox 1502 1563 1641 1600; x_wconf 86' lang='grc' dir='ltr'>πρακτικὴ</span> <span class='ocrx_word' id='word_1_564' title='bbox 1653 1563 1766 1597; x_wconf 74' lang='grc' dir='ltr'>δύναμις</span> <span class='ocrx_word' id='word_1_565' title='bbox 1784 1561 1831 1587; x_wconf 76' lang='grc' dir='ltr'><strong>ἐπὶ</strong></span> <span class='ocrx_word' id='word_1_566' title='bbox 1849 1560 1894 1586; x_wconf 73' lang='grc' dir='ltr'>τὸν</span> 
     </span>
    </p>
   </div>
   <div class='ocr_carea' id='block_1_75' title="bbox 1110 1606 1894 1653">
    <p class='ocr_par' dir='ltr' id='par_1_75' title="bbox 1110 1606 1894 1653">
     <span class='ocr_line' id='line_1_75' title="bbox 1110 1606 1894 1653; baseline -0.018 -8"><span class='ocrx_word' id='word_1_567' title='bbox 1110 1617 1193 1653; x_wconf 76' lang='grc' dir='ltr'>ἄνδρα</span> <span class='ocrx_word' id='word_1_568' title='bbox 1203 1617 1251 1651; x_wconf 86' lang='grc' dir='ltr'>τῆς</span> <span class='ocrx_word' id='word_1_569' title='bbox 1264 1615 1354 1647; x_wconf 79' lang='grc' dir='ltr'>δεξιᾶς</span> <span class='ocrx_word' id='word_1_570' title='bbox 1365 1613 1446 1640; x_wconf 82' lang='grc' dir='ltr'>αὐτοῦ</span> <span class='ocrx_word' id='word_1_571' title='bbox 1456 1633 1463 1644; x_wconf 89' lang='grc'><em>,</em></span> <span class='ocrx_word' id='word_1_572' title='bbox 1477 1611 1522 1638; x_wconf 75' lang='grc' dir='ltr'>τὸν</span> <span class='ocrx_word' id='word_1_573' title='bbox 1538 1610 1584 1638; x_wconf 73' lang='grc' dir='ltr'>καὶ</span> <span class='ocrx_word' id='word_1_574' title='bbox 1598 1609 1641 1636; x_wconf 87' lang='grc' dir='ltr'>διὰ</span> <span class='ocrx_word' id='word_1_575' title='bbox 1652 1608 1706 1634; x_wconf 86' lang='grc' dir='ltr'><strong>τῶν</strong></span> <span class='ocrx_word' id='word_1_576' title='bbox 1720 1606 1894 1653; x_wconf 60' lang='grc' dir='ltr'>Εὖαγγελιων</span> 
     </span>
    </p>
   </div>
   <div class='ocr_carea' id='block_1_76' title="bbox 1110 1651 1894 1697">
    <p class='ocr_par' dir='ltr' id='par_1_76' title="bbox 1110 1651 1894 1697">
     <span class='ocr_line' id='line_1_76' title="bbox 1110 1651 1894 1697; baseline -0.018 -7"><span class='ocrx_word' id='word_1_577' title='bbox 1110 1651 1173 1690; x_wconf 58' lang='lat' dir='ltr'><strong>rei;</strong></span> <span class='ocrx_word' id='word_1_578' title='bbox 1187 1660 1330 1697; x_wconf 80' lang='grc' dir='ltr'>ἀνθρώπου</span> <span class='ocrx_word' id='word_1_579' title='bbox 1345 1658 1552 1695; x_wconf 81' lang='grc' dir='ltr'>χρηματίσαντα</span> <span class='ocrx_word' id='word_1_580' title='bbox 1561 1664 1568 1670; x_wconf 82' lang='lat'><strong>&#39;</strong></span> <span class='ocrx_word' id='word_1_581' title='bbox 1584 1655 1613 1681; x_wconf 84' lang='grc' dir='ltr'><strong>ὃν</strong></span> <span class='ocrx_word' id='word_1_582' title='bbox 1623 1654 1704 1684; x_wconf 81' lang='grc' dir='ltr'>αὐτὸς</span> <span class='ocrx_word' id='word_1_583' title='bbox 1718 1651 1806 1686; x_wconf 79' lang='grc' dir='ltr'>ἐαυτῷ</span> <span class='ocrx_word' id='word_1_584' title='bbox 1817 1659 1894 1677; x_wconf 79' lang='grc' dir='ltr'>συνε-</span> 
     </span>
    </p>
   </div>
   <div class='ocr_carea' id='block_1_77' title="bbox 1110 1698 1895 1744">
    <p class='ocr_par' dir='ltr' id='par_1_77' title="bbox 1110 1698 1895 1744">
     <span class='ocr_line' id='line_1_77' title="bbox 1110 1698 1895 1744; baseline -0.018 -8"><span class='ocrx_word' id='word_1_585' title='bbox 1110 1709 1227 1744; x_wconf 84' lang='grc' dir='ltr'>στήσατο</span> <span class='ocrx_word' id='word_1_586' title='bbox 1248 1708 1277 1741; x_wconf 76' lang='grc' dir='ltr'><strong>ἐξ</strong></span> <span class='ocrx_word' id='word_1_587' title='bbox 1294 1706 1371 1741; x_wconf 85' lang='grc' dir='ltr'>ἁγίου</span> <span class='ocrx_word' id='word_1_588' title='bbox 1397 1704 1553 1739; x_wconf 86' lang='grc' dir='ltr'>Πνεύματος</span> <span class='ocrx_word' id='word_1_589' title='bbox 1578 1700 1760 1736; x_wconf 78' lang='grc' dir='ltr'>καταρτίσας”</span> <span class='ocrx_word' id='word_1_590' title='bbox 1782 1699 1812 1724; x_wconf 80' lang='grc' dir='ltr'>ὃν</span> <span class='ocrx_word' id='word_1_591' title='bbox 1835 1698 1895 1744; x_wconf 63' lang='lat' dir='ltr'><strong>Em:</strong></span> 
     </span>
    </p>
   </div>
   <div class='ocr_carea' id='block_1_78' title="bbox 1109 1743 1893 1790">
    <p class='ocr_par' dir='ltr' id='par_1_78' title="bbox 1109 1743 1893 1790">
     <span class='ocr_line' id='line_1_78' title="bbox 1109 1743 1893 1790; baseline -0.018 -8"><span class='ocrx_word' id='word_1_592' title='bbox 1109 1743 1218 1790; x_wconf 76' lang='grc' dir='ltr'>γνόντες</span> <span class='ocrx_word' id='word_1_593' title='bbox 1242 1753 1420 1781; x_wconf 83' lang='grc' dir='ltr'>ἀναπόστατοι</span> <span class='ocrx_word' id='word_1_594' title='bbox 1445 1750 1537 1776; x_wconf 74' lang='grc' dir='ltr'>λοιπὸν</span> <span class='ocrx_word' id='word_1_595' title='bbox 1559 1746 1728 1782; x_wconf 77' lang='grc' dir='ltr'>γενησόμεθα</span> <span class='ocrx_word' id='word_1_596' title='bbox 1754 1743 1893 1771; x_wconf 42' lang='grc' dir='ltr'>διηαῡτοῦ</span> 
     </span>
    </p>
   </div>
   <div class='ocr_carea' id='block_1_79' title="bbox 1110 1790 1891 1836">
    <p class='ocr_par' dir='ltr' id='par_1_79' title="bbox 1110 1790 1891 1836">
     <span class='ocr_line' id='line_1_79' title="bbox 1110 1790 1891 1836; baseline -0.018 -8"><span class='ocrx_word' id='word_1_597' title='bbox 1110 1801 1273 1836; x_wconf 84' lang='grc' dir='ltr'>ζωούμενοι,</span> <span class='ocrx_word' id='word_1_598' title='bbox 1299 1798 1337 1834; x_wconf 87' lang='grc' dir='ltr'>τῷ</span> <span class='ocrx_word' id='word_1_599' title='bbox 1368 1806 1398 1824; x_wconf 86' lang='grc' dir='ltr'><strong>τε</strong></span> <span class='ocrx_word' id='word_1_600' title='bbox 1420 1797 1532 1831; x_wconf 83' lang='grc' dir='ltr'>ὀνόματι</span> <span class='ocrx_word' id='word_1_601' title='bbox 1556 1793 1639 1821; x_wconf 84' lang='grc' dir='ltr'>αὑτοῦ</span> <span class='ocrx_word' id='word_1_602' title='bbox 1668 1790 1891 1836; x_wconf 75' lang='grc' dir='ltr'>χρηματίζοντες.</span> 
     </span>
    </p>
   </div>
   <div class='ocr_carea' id='block_1_80' title="bbox 1114 1835 1890 1883">
    <p class='ocr_par' dir='ltr' id='par_1_80' title="bbox 1114 1835 1890 1883">
     <span class='ocr_line' id='line_1_80' title="bbox 1114 1835 1890 1883; baseline -0.021 -8"><span class='ocrx_word' id='word_1_603' title='bbox 1114 1835 1208 1883; x_wconf 65' lang='grc' dir='ltr'>Ἡμεῖς</span> <span class='ocrx_word' id='word_1_604' title='bbox 1234 1846 1282 1881; x_wconf 82' lang='grc' dir='ltr'><strong>μὲν</strong></span> <span class='ocrx_word' id='word_1_605' title='bbox 1307 1841 1354 1871; x_wconf 80' lang='grc' dir='ltr'>οὖν</span> <span class='ocrx_word' id='word_1_606' title='bbox 1369 1843 1393 1870; x_wconf 83' lang='grc' dir='ltr'>οἱ</span> <span class='ocrx_word' id='word_1_607' title='bbox 1410 1842 1455 1869; x_wconf 79' lang='grc' dir='ltr'>τὸν</span> <span class='ocrx_word' id='word_1_608' title='bbox 1468 1841 1533 1868; x_wconf 78' lang='grc' dir='ltr'>Υῑὺν</span> <span class='ocrx_word' id='word_1_609' title='bbox 1549 1839 1596 1866; x_wconf 82' lang='grc' dir='ltr'>τοῦ</span> <span class='ocrx_word' id='word_1_610' title='bbox 1613 1837 1753 1883; x_wconf 79' lang='grc' dir='ltr'>ἀνθρώπου</span> <span class='ocrx_word' id='word_1_611' title='bbox 1774 1835 1890 1883; x_wconf 58' lang='lat' dir='ltr'><strong>«pos-60-</strong></span> 
     </span>
    </p>
   </div>
   <div class='ocr_carea' id='block_1_81' title="bbox 1108 1879 1892 1923">
    <p class='ocr_par' dir='ltr' id='par_1_81' title="bbox 1108 1879 1892 1923">
     <span class='ocr_line' id='line_1_81' title="bbox 1108 1879 1892 1923; baseline -0.018 -4"><span class='ocrx_word' id='word_1_612' title='bbox 1108 1879 1208 1923; x_wconf 75' lang='grc' dir='ltr'>κῶντες</span> <span class='ocrx_word' id='word_1_613' title='bbox 1219 1879 1265 1917; x_wconf 79' lang='grc' dir='ltr'>καὶ</span> <span class='ocrx_word' id='word_1_614' title='bbox 1278 1889 1326 1920; x_wconf 78' lang='grc' dir='ltr'><strong>τὰς</strong></span> <span class='ocrx_word' id='word_1_615' title='bbox 1340 1888 1449 1918; x_wconf 77' lang='grc' dir='ltr'>ἐλπίδας</span> <span class='ocrx_word' id='word_1_616' title='bbox 1457 1887 1497 1917; x_wconf 81' lang='grc' dir='ltr'>εἱς</span> <span class='ocrx_word' id='word_1_617' title='bbox 1504 1886 1584 1912; x_wconf 75' lang='grc' dir='ltr'>αὑτὸν</span> <span class='ocrx_word' id='word_1_618' title='bbox 1598 1882 1787 1919; x_wconf 79' lang='grc' dir='ltr'>ἀνηρτημένοι,</span> <span class='ocrx_word' id='word_1_619' title='bbox 1802 1879 1892 1906; x_wconf 71' lang='grc' dir='ltr'>ταῦτα</span> 
     </span>
    </p>
   </div>
   <div class='ocr_carea' id='block_1_82' title="bbox 1108 1926 1889 1975">
    <p class='ocr_par' dir='ltr' id='par_1_82' title="bbox 1108 1926 1889 1975">
     <span class='ocr_line' id='line_1_82' title="bbox 1108 1926 1889 1975; baseline -0.019 -9"><span class='ocrx_word' id='word_1_620' title='bbox 1108 1939 1171 1975; x_wconf 74' lang='grc' dir='ltr'>περὶ</span> <span class='ocrx_word' id='word_1_621' title='bbox 1191 1936 1294 1964; x_wconf 78' lang='grc' dir='ltr'>ἑαυτῶν</span> <span class='ocrx_word' id='word_1_622' title='bbox 1314 1943 1404 1970; x_wconf 84' lang='grc' dir='ltr'>φαμεν</span> <span class='ocrx_word' id='word_1_623' title='bbox 1416 1942 1423 1948; x_wconf 91' lang='grc'><strong>·</strong></span> <span class='ocrx_word' id='word_1_624' title='bbox 1438 1933 1501 1968; x_wconf 73' lang='grc' dir='ltr'>περὶ</span> <span class='ocrx_word' id='word_1_625' title='bbox 1512 1931 1540 1958; x_wconf 82' lang='grc' dir='ltr'><strong>δὲ</strong></span> <span class='ocrx_word' id='word_1_626' title='bbox 1561 1931 1614 1957; x_wconf 84' lang='grc' dir='ltr'><strong>τῶν</strong></span> <span class='ocrx_word' id='word_1_627' title='bbox 1632 1929 1771 1965; x_wconf 81' lang='grc' dir='ltr'>ἡμετέρων</span> <span class='ocrx_word' id='word_1_628' title='bbox 1791 1926 1889 1962; x_wconf 80' lang='grc' dir='ltr'>μελῶν,</span> 
     </span>
    </p>
   </div>
   <div class='ocr_carea' id='block_1_83' title="bbox 270 1976 1890 2028">
    <p class='ocr_par' dir='ltr' id='par_1_83' title="bbox 270 1976 1890 2028">
     <span class='ocr_line' id='line_1_83' title="bbox 270 1976 1890 2028; baseline -0.012 -8"><span class='ocrx_word' id='word_1_629' title='bbox 270 1994 317 2028; x_wconf 87' lang='grc' dir='ltr'>τὴν</span> <span class='ocrx_word' id='word_1_630' title='bbox 330 1993 423 2028; x_wconf 78' lang='grc' dir='ltr'>λοιπὴν</span> <span class='ocrx_word' id='word_1_631' title='bbox 444 1993 581 2028; x_wconf 76' lang='grc' dir='ltr'>ἱκετηρίαν</span> <span class='ocrx_word' id='word_1_632' title='bbox 597 1993 794 2027; x_wconf 78' lang='grc' dir='ltr'>ἀναπέμπομεν</span> <span class='ocrx_word' id='word_1_633' title='bbox 807 1991 970 2025; x_wconf 79' lang='grc' dir='ltr'>φάσκοντες·</span> <span class='ocrx_word' id='word_1_634' title='bbox 987 1989 1013 2014; x_wconf 90' lang='lat'><strong>&#39;0</strong></span> <span class='ocrx_word' id='word_1_635' title='bbox 1033 1988 1105 2020; x_wconf 83' lang='grc' dir='ltr'>Θεὸς</span> <span class='ocrx_word' id='word_1_636' title='bbox 1118 1986 1177 2013; x_wconf 81' lang='grc' dir='ltr'><strong>τῶν</strong></span> <span class='ocrx_word' id='word_1_637' title='bbox 1191 1983 1355 2018; x_wconf 76' lang='grc' dir='ltr'><strong>δυνάμεων,</strong></span> <span class='ocrx_word' id='word_1_638' title='bbox 1371 1981 1554 2014; x_wconf 69' lang='grc' dir='ltr'>ὲπίστρεψον</span> <span class='ocrx_word' id='word_1_639' title='bbox 1576 1976 1663 2028; x_wconf 43' lang='grc' dir='ltr'>ἡμεῖςῖ</span> <span class='ocrx_word' id='word_1_640' title='bbox 1682 1976 1731 2003; x_wconf 78' lang='grc' dir='ltr'>καὶ</span> <span class='ocrx_word' id='word_1_641' title='bbox 1744 1976 1890 2028; x_wconf 50' lang='lat' dir='ltr'><strong>taliae-or</strong></span> 
     </span>
    </p>
   </div>
   <div class='ocr_carea' id='block_1_84' title="bbox 270 2020 1890 2073">
    <p class='ocr_par' dir='ltr' id='par_1_84' title="bbox 270 2020 1890 2073">
     <span class='ocr_line' id='line_1_84' title="bbox 270 2020 1890 2073; baseline -0.012 -7"><span class='ocrx_word' id='word_1_642' title='bbox 270 2020 304 2066; x_wconf 69' lang='grc' dir='ltr'><strong>τό</strong></span> <span class='ocrx_word' id='word_1_643' title='bbox 318 2020 479 2073; x_wconf 73' lang='grc' dir='ltr'>πρόσωπόν</span> <span class='ocrx_word' id='word_1_644' title='bbox 491 2020 558 2070; x_wconf 54' lang='grc' dir='ltr'><strong>σὲυ,</strong></span> <span class='ocrx_word' id='word_1_645' title='bbox 575 2039 620 2064; x_wconf 74' lang='grc' dir='ltr'>καὶ</span> <span class='ocrx_word' id='word_1_646' title='bbox 639 2020 845 2072; x_wconf 54' lang='grc' dir='ltr'>σωθησόμεθα,</span> <span class='ocrx_word' id='word_1_647' title='bbox 856 2020 1068 2065; x_wconf 68' lang='grc' dir='ltr'>κοινοτιοιοῦντες</span> <span class='ocrx_word' id='word_1_648' title='bbox 1083 2033 1129 2059; x_wconf 80' lang='grc' dir='ltr'>τὸν</span> <span class='ocrx_word' id='word_1_649' title='bbox 1142 2032 1219 2065; x_wconf 85' lang='grc' dir='ltr'>λόγον</span> <span class='ocrx_word' id='word_1_650' title='bbox 1231 2029 1300 2065; x_wconf 79' lang='grc' dir='ltr'>ὑπὲρ</span> <span class='ocrx_word' id='word_1_651' title='bbox 1316 2028 1370 2054; x_wconf 85' lang='grc' dir='ltr'><strong>τῶν</strong></span> <span class='ocrx_word' id='word_1_652' title='bbox 1388 2023 1741 2073; x_wconf 33' lang='grc' dir='ltr'>μηδέπω-ἐπιστρεψάντων,</span> <span class='ocrx_word' id='word_1_653' title='bbox 1757 2021 1826 2056; x_wconf 72' lang='grc' dir='ltr'>μηδὲ</span> <span class='ocrx_word' id='word_1_654' title='bbox 1844 2020 1890 2055; x_wconf 74' lang='grc' dir='ltr'>τὴν</span> 
     </span>
    </p>
   </div>
   <div class='ocr_carea' id='block_1_85' title="bbox 271 2068 1759 2120">
    <p class='ocr_par' dir='ltr' id='par_1_85' title="bbox 271 2068 1759 2120">
     <span class='ocr_line' id='line_1_85' title="bbox 271 2068 1759 2120; baseline -0.013 -7"><span class='ocrx_word' id='word_1_655' title='bbox 271 2068 429 2120; x_wconf 64' lang='grc' dir='ltr'>ἐπιφανειαν</span> <span class='ocrx_word' id='word_1_656' title='bbox 452 2068 644 2118; x_wconf 77' lang='grc' dir='ltr'>ἐπεγνωκότων</span> <span class='ocrx_word' id='word_1_657' title='bbox 671 2068 767 2115; x_wconf 39' lang='lat' dir='ltr'><strong>assos,</strong></span> <span class='ocrx_word' id='word_1_658' title='bbox 779 2083 826 2110; x_wconf 72' lang='grc' dir='ltr'>καὶ</span> <span class='ocrx_word' id='word_1_659' title='bbox 843 2083 887 2109; x_wconf 80' lang='grc' dir='ltr'><strong>διὰ</strong></span> <span class='ocrx_word' id='word_1_660' title='bbox 899 2081 977 2108; x_wconf 83' lang='grc' dir='ltr'>τοῦτο</span> <span class='ocrx_word' id='word_1_661' title='bbox 990 2080 1100 2116; x_wconf 83' lang='grc' dir='ltr'>μηδέπω</span> <span class='ocrx_word' id='word_1_662' title='bbox 1118 2078 1167 2113; x_wconf 82' lang='grc' dir='ltr'>τῆς</span> <span class='ocrx_word' id='word_1_663' title='bbox 1182 2075 1258 2111; x_wconf 86' lang='grc' dir='ltr'>παρὰ</span> <span class='ocrx_word' id='word_1_664' title='bbox 1275 2074 1313 2110; x_wconf 85' lang='grc' dir='ltr'>τῷ</span> <span class='ocrx_word' id='word_1_665' title='bbox 1327 2073 1386 2108; x_wconf 88' lang='grc' dir='ltr'><strong>Θεῴ</strong></span> <span class='ocrx_word' id='word_1_666' title='bbox 1405 2071 1541 2107; x_wconf 83' lang='grc' dir='ltr'>σωτηρίας</span> <span class='ocrx_word' id='word_1_667' title='bbox 1563 2068 1759 2104; x_wconf 81' lang='grc' dir='ltr'>τετυχηκότων.</span> 
     </span>
    </p>
   </div>
   <div class='ocr_carea' id='block_1_86' title="bbox 324 2159 1001 2191">
    <p class='ocr_par' dir='ltr' id='par_1_86' title="bbox 324 2159 1001 2191">
     <span class='ocr_line' id='line_1_86' title="bbox 324 2159 1001 2191; baseline -0.006 -1"><span class='ocrx_word' id='word_1_668' title='bbox 324 2164 349 2190; x_wconf 79' lang='grc'><strong>1.</strong></span> <span class='ocrx_word' id='word_1_669' title='bbox 369 2162 401 2190; x_wconf 87' lang='grc' dir='ltr'><strong>ΙΝ</strong></span> <span class='ocrx_word' id='word_1_670' title='bbox 420 2161 524 2191; x_wconf 75' lang='lat' dir='ltr'><strong>FINEM</strong></span> <span class='ocrx_word' id='word_1_671' title='bbox 547 2160 616 2187; x_wconf 83' lang='lat' dir='ltr'><strong>PRO</strong></span> <span class='ocrx_word' id='word_1_672' title='bbox 641 2160 908 2188; x_wconf 76' lang='lat' dir='ltr'><strong>TORCULARIBUS</strong></span> <span class='ocrx_word' id='word_1_673' title='bbox 936 2159 1001 2187; x_wconf 86' lang='lat' dir='ltr'><strong>lPSl</strong></span> 
     </span>
    </p>
   </div>
   <div class='ocr_carea' id='block_1_87' title="bbox 533 2196 783 2224">
    <p class='ocr_par' dir='ltr' id='par_1_87' title="bbox 533 2196 783 2224">
     <span class='ocr_line' id='line_1_87' title="bbox 533 2196 783 2224; baseline 0.004 -1"><span class='ocrx_word' id='word_1_674' title='bbox 533 2196 656 2224; x_wconf 84' lang='lat' dir='ltr'><strong>ASAPH.</strong></span> <span class='ocrx_word' id='word_1_675' title='bbox 678 2196 783 2224; x_wconf 74' lang='lat' dir='ltr'><strong>LXXX.</strong></span> 
     </span>
    </p>
   </div>
   <div class='ocr_carea' id='block_1_88' title="bbox 306 2263 1056 2300">
    <p class='ocr_par' dir='ltr' id='par_1_88' title="bbox 306 2263 1056 2300">
     <span class='ocr_line' id='line_1_88' title="bbox 306 2263 1056 2300; baseline -0.007 -5"><span class='ocrx_word' id='word_1_676' title='bbox 306 2268 388 2295; x_wconf 67' lang='lat' dir='ltr'><strong>Vsus.</strong></span> <span class='ocrx_word' id='word_1_677' title='bbox 404 2267 431 2295; x_wconf 73' lang='grc'><strong>2.</strong></span> <span class='ocrx_word' id='word_1_678' title='bbox 454 2266 593 2294; x_wconf 73' lang='lat' dir='ltr'><strong>Exsultale</strong></span> <span class='ocrx_word' id='word_1_679' title='bbox 614 2266 669 2293; x_wconf 86' lang='lat' dir='ltr'><strong>Deo</strong></span> <span class='ocrx_word' id='word_1_680' title='bbox 692 2265 810 2300; x_wconf 83' lang='lat' dir='ltr'><strong>adjutari</strong></span> <span class='ocrx_word' id='word_1_681' title='bbox 831 2263 1056 2299; x_wconf 69' lang='lat' dir='ltr'><strong>noctro,jubilate</strong></span> 
     </span>
    </p>
   </div>
   <div class='ocr_carea' id='block_1_89' title="bbox 272 2310 1055 2345">
    <p class='ocr_par' dir='ltr' id='par_1_89' title="bbox 272 2310 1055 2345">
     <span class='ocr_line' id='line_1_89' title="bbox 272 2310 1055 2345; baseline -0.008 -3"><span class='ocrx_word' id='word_1_682' title='bbox 272 2313 326 2341; x_wconf 80' lang='lat' dir='ltr'><strong>Deo</strong></span> <span class='ocrx_word' id='word_1_683' title='bbox 339 2313 433 2341; x_wconf 85' lang='lat' dir='ltr'><strong>Jacob.</strong></span> <span class='ocrx_word' id='word_1_684' title='bbox 455 2312 556 2340; x_wconf 86' lang='lat' dir='ltr'><strong>Psalmi</strong></span> <span class='ocrx_word' id='word_1_685' title='bbox 577 2312 630 2338; x_wconf 84' lang='lat' dir='ltr'><strong>Pro</strong></span> <span class='ocrx_word' id='word_1_686' title='bbox 651 2311 826 2338; x_wconf 71' lang='lat' dir='ltr'><strong>torcularibus</strong></span> <span class='ocrx_word' id='word_1_687' title='bbox 847 2310 971 2345; x_wconf 86' lang='lat' dir='ltr'><strong>inscripti</strong></span> <span class='ocrx_word' id='word_1_688' title='bbox 1000 2313 1055 2336; x_wconf 86' lang='lat' dir='ltr'><strong>tres</strong></span> 
     </span>
    </p>
   </div>
   <div class='ocr_carea' id='block_1_90' title="bbox 272 2358 1056 2392">
    <p class='ocr_par' dir='ltr' id='par_1_90' title="bbox 272 2358 1056 2392">
     <span class='ocr_line' id='line_1_90' title="bbox 272 2358 1056 2392; baseline -0.005 -5"><span class='ocrx_word' id='word_1_689' title='bbox 272 2368 386 2387; x_wconf 91' lang='lat' dir='ltr'><strong>numero</strong></span> <span class='ocrx_word' id='word_1_690' title='bbox 401 2362 484 2387; x_wconf 78' lang='lat' dir='ltr'><strong>sunt:</strong></span> <span class='ocrx_word' id='word_1_691' title='bbox 502 2366 573 2386; x_wconf 92' lang='lat' dir='ltr'><strong>unus</strong></span> <span class='ocrx_word' id='word_1_692' title='bbox 589 2358 709 2390; x_wconf 86' lang='lat' dir='ltr'><strong>Davidis,</strong></span> <span class='ocrx_word' id='word_1_693' title='bbox 726 2365 822 2392; x_wconf 92' lang='lat' dir='ltr'><strong>nempe</strong></span> <span class='ocrx_word' id='word_1_694' title='bbox 838 2361 966 2390; x_wconf 84' lang='lat' dir='ltr'><strong>octavus;</strong></span> <span class='ocrx_word' id='word_1_695' title='bbox 984 2363 1056 2383; x_wconf 88' lang='lat' dir='ltr'><strong>unus</strong></span> 
     </span>
    </p>
   </div>
   <div class='ocr_carea' id='block_1_91' title="bbox 271 2401 1056 2440">
    <p class='ocr_par' dir='ltr' id='par_1_91' title="bbox 271 2401 1056 2440">
     <span class='ocr_line' id='line_1_91' title="bbox 271 2401 1056 2440; baseline -0.004 -8"><span class='ocrx_word' id='word_1_696' title='bbox 271 2406 383 2440; x_wconf 80' lang='lat' dir='ltr'><strong>Asaphi,</strong></span> <span class='ocrx_word' id='word_1_697' title='bbox 397 2413 477 2439; x_wconf 89' lang='lat' dir='ltr'><strong>quem</strong></span> <span class='ocrx_word' id='word_1_698' title='bbox 487 2405 542 2439; x_wconf 87' lang='lat' dir='ltr'><strong>jam</strong></span> <span class='ocrx_word' id='word_1_699' title='bbox 554 2409 719 2436; x_wconf 87' lang='lat' dir='ltr'><strong>tractamus;</strong></span> <span class='ocrx_word' id='word_1_700' title='bbox 733 2403 850 2430; x_wconf 80' lang='lat' dir='ltr'><strong>ﬁliorum</strong></span> <span class='ocrx_word' id='word_1_701' title='bbox 868 2407 958 2430; x_wconf 81' lang='lat' dir='ltr'><strong>autem</strong></span> <span class='ocrx_word' id='word_1_702' title='bbox 975 2401 1056 2433; x_wconf 85' lang='lat' dir='ltr'><strong>Core,</strong></span> 
     </span>
    </p>
   </div>
   <div class='ocr_carea' id='block_1_92' title="bbox 273 2448 1058 2484">
    <p class='ocr_par' dir='ltr' id='par_1_92' title="bbox 273 2448 1058 2484">
     <span class='ocr_line' id='line_1_92' title="bbox 273 2448 1058 2484; baseline -0.005 -5"><span class='ocrx_word' id='word_1_703' title='bbox 273 2457 388 2479; x_wconf 75' lang='lat' dir='ltr'><strong>uuln.</strong></span> <span class='ocrx_word' id='word_1_704' title='bbox 403 2450 521 2478; x_wconf 83' lang='lat' dir='ltr'><strong>Octavus</strong></span> <span class='ocrx_word' id='word_1_705' title='bbox 535 2450 628 2484; x_wconf 87' lang='lat' dir='ltr'><strong>itaque</strong></span> <span class='ocrx_word' id='word_1_706' title='bbox 643 2449 813 2477; x_wconf 87' lang='lat' dir='ltr'><strong>vocationem</strong></span> <span class='ocrx_word' id='word_1_707' title='bbox 829 2448 949 2483; x_wconf 78' lang='lat' dir='ltr'><strong>gentium</strong></span> <span class='ocrx_word' id='word_1_708' title='bbox 966 2452 1058 2482; x_wconf 83' lang='lat' dir='ltr'><strong>aperte</strong></span> 
     </span>
    </p>
   </div>
   <div class='ocr_carea' id='block_1_93' title="bbox 274 2492 1058 2530">
    <p class='ocr_par' dir='ltr' id='par_1_93' title="bbox 274 2492 1058 2530">
     <span class='ocr_line' id='line_1_93' title="bbox 274 2492 1058 2530; baseline -0.003 -9"><span class='ocrx_word' id='word_1_709' title='bbox 274 2496 482 2527; x_wconf 79' lang='lat' dir='ltr'><strong>vaticinabatur,</strong></span> <span class='ocrx_word' id='word_1_710' title='bbox 499 2503 580 2530; x_wconf 91' lang='lat' dir='ltr'><strong>quam</strong></span> <span class='ocrx_word' id='word_1_711' title='bbox 597 2495 700 2530; x_wconf 86' lang='lat' dir='ltr'><strong>Spiritu</strong></span> <span class='ocrx_word' id='word_1_712' title='bbox 715 2494 808 2522; x_wconf 93' lang='lat' dir='ltr'><strong>divino</strong></span> <span class='ocrx_word' id='word_1_713' title='bbox 824 2493 1001 2528; x_wconf 65' lang='lat' dir='ltr'><strong>praevidentes</strong></span> <span class='ocrx_word' id='word_1_714' title='bbox 1011 2492 1058 2519; x_wconf 91' lang='lat' dir='ltr'><strong>Dei</strong></span> 
     </span>
    </p>
   </div>
   <div class='ocr_carea' id='block_1_94' title="bbox 274 2539 1058 2577">
    <p class='ocr_par' dir='ltr' id='par_1_94' title="bbox 274 2539 1058 2577">
     <span class='ocr_line' id='line_1_94' title="bbox 274 2539 1058 2577; baseline -0.004 -9"><span class='ocrx_word' id='word_1_715' title='bbox 274 2541 413 2577; x_wconf 65' lang='lat' dir='ltr'><strong>prophetae</strong></span> <span class='ocrx_word' id='word_1_716' title='bbox 448 2545 559 2576; x_wconf 89' lang='lat' dir='ltr'><strong>stupore</strong></span> <span class='ocrx_word' id='word_1_717' title='bbox 583 2541 796 2568; x_wconf 81' lang='lat' dir='ltr'><strong>afﬁciebantur:</strong></span> <span class='ocrx_word' id='word_1_718' title='bbox 823 2546 908 2574; x_wconf 90' lang='lat' dir='ltr'><strong>quare</strong></span> <span class='ocrx_word' id='word_1_719' title='bbox 933 2539 1058 2566; x_wconf 88' lang='lat' dir='ltr'><strong>mirantis</strong></span> 
     </span>
    </p>
   </div>
   <div class='ocr_carea' id='block_1_95' title="bbox 275 2585 1055 2618">
    <p class='ocr_par' dir='ltr' id='par_1_95' title="bbox 275 2585 1055 2618">
     <span class='ocr_line' id='line_1_95' title="bbox 275 2585 1055 2618; baseline -0.003 -4"><span class='ocrx_word' id='word_1_720' title='bbox 275 2595 350 2614; x_wconf 88' lang='lat' dir='ltr'><strong>more</strong></span> <span class='ocrx_word' id='word_1_721' title='bbox 374 2587 561 2614; x_wconf 78' lang='lat' dir='ltr'><strong>exclamabant</strong></span> <span class='ocrx_word' id='word_1_722' title='bbox 585 2587 717 2618; x_wconf 83' lang='lat' dir='ltr'><strong>dicentes,</strong></span> <span class='ocrx_word' id='word_1_723' title='bbox 744 2586 854 2613; x_wconf 84' lang='lat' dir='ltr'><strong>Domine</strong></span> <span class='ocrx_word' id='word_1_724' title='bbox 869 2585 938 2613; x_wconf 80' lang='lat' dir='ltr'><strong>Deus</strong></span> <span class='ocrx_word' id='word_1_725' title='bbox 957 2591 1055 2618; x_wconf 78' lang='lat' dir='ltr'><strong>noster,</strong></span> 
     </span>
    </p>
   </div>
   <div class='ocr_carea' id='block_1_96' title="bbox 275 2632 1056 2666">
    <p class='ocr_par' dir='ltr' id='par_1_96' title="bbox 275 2632 1056 2666">
     <span class='ocr_line' id='line_1_96' title="bbox 275 2632 1056 2666; baseline -0.001 -6"><span class='ocrx_word' id='word_1_726' title='bbox 275 2642 353 2666; x_wconf 84' lang='lat' dir='ltr'><strong>quam</strong></span> <span class='ocrx_word' id='word_1_727' title='bbox 367 2632 523 2660; x_wconf 82' lang='lat' dir='ltr'><strong>admirabile</strong></span> <span class='ocrx_word' id='word_1_728' title='bbox 532 2638 571 2660; x_wconf 75' lang='lat' dir='ltr'><strong>est</strong></span> <span class='ocrx_word' id='word_1_729' title='bbox 590 2641 683 2659; x_wconf 82' lang='lat' dir='ltr'><strong>nomen</strong></span> <span class='ocrx_word' id='word_1_730' title='bbox 699 2638 773 2659; x_wconf 85' lang='lat' dir='ltr'><strong>tuum</strong></span> <span class='ocrx_word' id='word_1_731' title='bbox 788 2633 816 2659; x_wconf 87' lang='lat' dir='ltr'><strong>in</strong></span> <span class='ocrx_word' id='word_1_732' title='bbox 830 2633 951 2659; x_wconf 79' lang='lat' dir='ltr'><strong>universa</strong></span> <span class='ocrx_word' id='word_1_733' title='bbox 967 2633 1056 2660; x_wconf 84' lang='lat' dir='ltr'><strong>terra!</strong></span> 
     </span>
    </p>
   </div>
   <div class='ocr_carea' id='block_1_97' title="bbox 276 2678 1056 2714">
    <p class='ocr_par' dir='ltr' id='par_1_97' title="bbox 276 2678 1056 2714">
     <span class='ocr_line' id='line_1_97' title="bbox 276 2678 1056 2714; baseline 0 -8"><span class='ocrx_word' id='word_1_734' title='bbox 276 2678 464 2714; x_wconf 73' lang='lat' dir='ltr'><strong>Octogesimus</strong></span> <span class='ocrx_word' id='word_1_735' title='bbox 477 2686 541 2706; x_wconf 91' lang='lat' dir='ltr'><strong>vero</strong></span> <span class='ocrx_word' id='word_1_736' title='bbox 559 2679 656 2706; x_wconf 81' lang='lat' dir='ltr'><strong>tertius</strong></span> <span class='ocrx_word' id='word_1_737' title='bbox 670 2679 754 2705; x_wconf 85' lang='lat' dir='ltr'><strong>multa</strong></span> <span class='ocrx_word' id='word_1_738' title='bbox 773 2679 959 2711; x_wconf 83' lang='lat' dir='ltr'><strong>tabernacula,</strong></span> <span class='ocrx_word' id='word_1_739' title='bbox 973 2679 1056 2706; x_wconf 90' lang='lat' dir='ltr'><strong>multa</strong></span> 
     </span>
    </p>
   </div>
   <div class='ocr_carea' id='block_1_98' title="bbox 277 2724 1057 2760">
    <p class='ocr_par' dir='ltr' id='par_1_98' title="bbox 277 2724 1057 2760">
     <span class='ocr_line' id='line_1_98' title="bbox 277 2724 1057 2760; baseline -0.001 -8"><span class='ocrx_word' id='word_1_740' title='bbox 277 2726 383 2757; x_wconf 83' lang='lat' dir='ltr'><strong>altaria,</strong></span> <span class='ocrx_word' id='word_1_741' title='bbox 411 2725 478 2752; x_wconf 86' lang='lat' dir='ltr'><strong>atria</strong></span> <span class='ocrx_word' id='word_1_742' title='bbox 499 2725 615 2760; x_wconf 91' lang='lat' dir='ltr'><strong>plurima</strong></span> <span class='ocrx_word' id='word_1_743' title='bbox 640 2724 697 2751; x_wconf 81' lang='lat' dir='ltr'><strong>fore</strong></span> <span class='ocrx_word' id='word_1_744' title='bbox 724 2724 905 2759; x_wconf 64' lang='lat' dir='ltr'><strong>praevidebat;</strong></span> <span class='ocrx_word' id='word_1_745' title='bbox 932 2724 1057 2752; x_wconf 88' lang='lat' dir='ltr'><strong>videlicet</strong></span> 
     </span>
    </p>
   </div>
   <div class='ocr_carea' id='block_1_99' title="bbox 278 2770 1056 2806">
    <p class='ocr_par' dir='ltr' id='par_1_99' title="bbox 278 2770 1056 2806">
     <span class='ocr_line' id='line_1_99' title="bbox 278 2770 1056 2806; baseline 0.001 -10"><span class='ocrx_word' id='word_1_746' title='bbox 278 2770 412 2798; x_wconf 73' lang='lat' dir='ltr'><strong>Ecclesias</strong></span> <span class='ocrx_word' id='word_1_747' title='bbox 427 2770 473 2798; x_wconf 77' lang='lat' dir='ltr'><strong>Dei</strong></span> <span class='ocrx_word' id='word_1_748' title='bbox 490 2779 537 2806; x_wconf 83' lang='lat' dir='ltr'><strong>per</strong></span> <span class='ocrx_word' id='word_1_749' title='bbox 552 2774 637 2798; x_wconf 90' lang='lat' dir='ltr'><strong>totum</strong></span> <span class='ocrx_word' id='word_1_750' title='bbox 653 2770 746 2797; x_wconf 89' lang='lat' dir='ltr'><strong>orbem</strong></span> <span class='ocrx_word' id='word_1_751' title='bbox 770 2771 943 2803; x_wconf 85' lang='lat' dir='ltr'><strong>constitutas,</strong></span> <span class='ocrx_word' id='word_1_752' title='bbox 962 2770 1056 2798; x_wconf 85' lang='lat' dir='ltr'><strong>altaria</strong></span> 
     </span>
    </p>
   </div>
   <div class='ocr_carea' id='block_1_100' title="bbox 312 2838 525 2870">
    <p class='ocr_par' dir='ltr' id='par_1_100' title="bbox 312 2838 525 2870">
     <span class='ocr_line' id='line_1_100' title="bbox 312 2838 525 2870; baseline -0.005 -4"><span class='ocrx_word' id='word_1_753' title='bbox 312 2838 333 2854; x_wconf 79' lang='grc'><strong>⁸⁵</strong></span> <span class='ocrx_word' id='word_1_754' title='bbox 348 2838 425 2866; x_wconf 76' lang='lat' dir='ltr'><strong>Joau.</strong></span> <span class='ocrx_word' id='word_1_755' title='bbox 442 2846 467 2870; x_wconf 70' lang='grc' dir='ltr'>ι,</span> <span class='ocrx_word' id='word_1_756' title='bbox 483 2838 525 2867; x_wconf 77' lang='grc'><strong>10.</strong></span> 
     </span>
    </p>
   </div>
   <div class='ocr_carea' id='block_1_101' title="bbox 1178 2125 1822 2163">
    <p class='ocr_par' dir='ltr' id='par_1_101' title="bbox 1178 2125 1822 2163">
     <span class='ocr_line' id='line_1_101' title="bbox 1178 2125 1822 2163; baseline -0.016 -3"><span class='ocrx_word' id='word_1_757' title='bbox 1178 2134 1232 2160; x_wconf 84' lang='grc' dir='ltr'><strong>ΕΙΣ</strong></span> <span class='ocrx_word' id='word_1_758' title='bbox 1252 2132 1296 2158; x_wconf 87' lang='grc' dir='ltr'><strong>ΤΟ</strong></span> <span class='ocrx_word' id='word_1_759' title='bbox 1316 2130 1435 2163; x_wconf 83' lang='grc' dir='ltr'><strong>ΤΕΛΟΣ,</strong></span> <span class='ocrx_word' id='word_1_760' title='bbox 1456 2129 1544 2157; x_wconf 81' lang='grc' dir='ltr'><strong>ΥΠΕΡ</strong></span> <span class='ocrx_word' id='word_1_761' title='bbox 1558 2127 1624 2154; x_wconf 81' lang='grc' dir='ltr'><strong>ΤΩΝ</strong></span> <span class='ocrx_word' id='word_1_762' title='bbox 1647 2125 1764 2153; x_wconf 79' lang='grc' dir='ltr'><strong>ΔΗΝΩΝ</strong></span> <span class='ocrx_word' id='word_1_763' title='bbox 1778 2126 1822 2161; x_wconf 80' lang='grc' dir='ltr'><strong>Ἰᾨ</strong></span> 
     </span>
    </p>
   </div>
   <div class='ocr_carea' id='block_1_102' title="bbox 1417 2209 1561 2236">
    <p class='ocr_par' dir='ltr' id='par_1_102' title="bbox 1417 2209 1561 2236">
     <span class='ocr_line' id='line_1_102' title="bbox 1417 2209 1561 2236; baseline -0.014 0"><span class='ocrx_word' id='word_1_764' title='bbox 1417 2209 1520 2236; x_wconf 77' lang='grc' dir='ltr'><strong>¹ΔΣΑΦ.</strong></span> <span class='ocrx_word' id='word_1_765' title='bbox 1531 2209 1561 2234; x_wconf 85' lang='lat' dir='ltr'><strong>II’</strong></span> 
     </span>
    </p>
   </div>
   <div class='ocr_carea' id='block_1_103' title="bbox 1149 2250 1890 2295">
    <p class='ocr_par' dir='ltr' id='par_1_103' title="bbox 1149 2250 1890 2295">
     <span class='ocr_line' id='line_1_103' title="bbox 1149 2250 1890 2295; baseline -0.016 -7"><span class='ocrx_word' id='word_1_766' title='bbox 1149 2258 1340 2295; x_wconf 59' lang='lat' dir='ltr'><strong>‘Aqalltﬁoos</strong></span> <span class='ocrx_word' id='word_1_767' title='bbox 1347 2256 1385 2288; x_wconf 82' lang='grc' dir='ltr'>τῷ</span> <span class='ocrx_word' id='word_1_768' title='bbox 1392 2255 1452 2287; x_wconf 78' lang='grc' dir='ltr'><strong>Θεῷ</strong></span> <span class='ocrx_word' id='word_1_769' title='bbox 1460 2254 1499 2287; x_wconf 84' lang='grc' dir='ltr'>τῷ</span> <span class='ocrx_word' id='word_1_770' title='bbox 1508 2252 1610 2286; x_wconf 81' lang='grc' dir='ltr'>,βοηθῷ</span> <span class='ocrx_word' id='word_1_771' title='bbox 1618 2251 1711 2287; x_wconf 80' lang='grc' dir='ltr'>ἡμῶν,</span> <span class='ocrx_word' id='word_1_772' title='bbox 1720 2250 1890 2282; x_wconf 52' lang='lat' dir='ltr'><strong>Matutinus</strong></span> 
     </span>
    </p>
   </div>
   <div class='ocr_carea' id='block_1_104' title="bbox 1109 2296 1891 2339">
    <p class='ocr_par' dir='ltr' id='par_1_104' title="bbox 1109 2296 1891 2339">
     <span class='ocr_line' id='line_1_104' title="bbox 1109 2296 1891 2339; baseline -0.017 -5"><span class='ocrx_word' id='word_1_773' title='bbox 1109 2306 1148 2339; x_wconf 80' lang='grc' dir='ltr'>τῷ</span> <span class='ocrx_word' id='word_1_774' title='bbox 1158 2305 1218 2337; x_wconf 88' lang='grc' dir='ltr'><strong>Θεῷ</strong></span> <span class='ocrx_word' id='word_1_775' title='bbox 1240 2303 1391 2331; x_wconf 80' lang='grc' dir='ltr'><strong>Ἰακώϐ.οῐ</strong></span> <span class='ocrx_word' id='word_1_776' title='bbox 1407 2299 1637 2336; x_wconf 76' lang='grc' dir='ltr'>ἐπιγεγραμμένοι</span> <span class='ocrx_word' id='word_1_777' title='bbox 1655 2298 1708 2324; x_wconf 87' lang='grc' dir='ltr'><strong>τῶν</strong></span> <span class='ocrx_word' id='word_1_778' title='bbox 1727 2297 1816 2332; x_wconf 84' lang='grc' dir='ltr'>ληνῶν</span> <span class='ocrx_word' id='word_1_779' title='bbox 1826 2296 1891 2331; x_wconf 71' lang='grc' dir='ltr'>ψαλ-</span> 
     </span>
    </p>
   </div>
   <div class='ocr_carea' id='block_1_105' title="bbox 1110 2341 1890 2388">
    <p class='ocr_par' dir='ltr' id='par_1_105' title="bbox 1110 2341 1890 2388">
     <span class='ocr_line' id='line_1_105' title="bbox 1110 2341 1890 2388; baseline -0.015 -9"><span class='ocrx_word' id='word_1_780' title='bbox 1110 2353 1155 2388; x_wconf 76' lang='grc' dir='ltr'>μοὶ</span> <span class='ocrx_word' id='word_1_781' title='bbox 1180 2352 1253 2387; x_wconf 86' lang='grc' dir='ltr'>τρεῖς</span> <span class='ocrx_word' id='word_1_782' title='bbox 1272 2349 1317 2376; x_wconf 82' lang='grc' dir='ltr'>τὸν</span> <span class='ocrx_word' id='word_1_783' title='bbox 1346 2347 1461 2383; x_wconf 75' lang='grc' dir='ltr'>ἀριθμὸν</span> <span class='ocrx_word' id='word_1_784' title='bbox 1480 2346 1672 2380; x_wconf 81' lang='grc' dir='ltr'>τυγχάνουσιν-</span> <span class='ocrx_word' id='word_1_785' title='bbox 1704 2341 1744 2375; x_wconf 74' lang='grc' dir='ltr'>εἷς</span> <span class='ocrx_word' id='word_1_786' title='bbox 1774 2343 1824 2378; x_wconf 82' lang='grc' dir='ltr'>μὲν</span> <span class='ocrx_word' id='word_1_787' title='bbox 1845 2341 1890 2368; x_wconf 78' lang='grc' dir='ltr'>τοῦ</span> 
     </span>
    </p>
   </div>
   <div class='ocr_carea' id='block_1_106' title="bbox 1108 2389 1888 2429">
    <p class='ocr_par' dir='ltr' id='par_1_106' title="bbox 1108 2389 1888 2429">
     <span class='ocr_line' id='line_1_106' title="bbox 1108 2389 1888 2429; baseline -0.014 -4"><span class='ocrx_word' id='word_1_788' title='bbox 1108 2397 1199 2428; x_wconf 76' lang='grc' dir='ltr'>Δαυτδ,</span> <span class='ocrx_word' id='word_1_789' title='bbox 1218 2398 1232 2423; x_wconf 88' lang='grc' dir='ltr'><strong>ό</strong></span> <span class='ocrx_word' id='word_1_790' title='bbox 1249 2396 1351 2429; x_wconf 70' lang='grc' dir='ltr'>δγδοος,</span> <span class='ocrx_word' id='word_1_791' title='bbox 1381 2391 1420 2425; x_wconf 73' lang='grc' dir='ltr'>εἷς</span> <span class='ocrx_word' id='word_1_792' title='bbox 1444 2393 1471 2419; x_wconf 77' lang='grc' dir='ltr'><strong>δὲ</strong></span> <span class='ocrx_word' id='word_1_793' title='bbox 1485 2392 1533 2418; x_wconf 77' lang='grc' dir='ltr'><strong>τοῦ</strong></span> <span class='ocrx_word' id='word_1_794' title='bbox 1555 2391 1650 2425; x_wconf 69' lang='grc' dir='ltr'>’Λα-αφ,</span> <span class='ocrx_word' id='word_1_795' title='bbox 1668 2391 1682 2416; x_wconf 75' lang='grc' dir='ltr'><strong>ό</strong></span> <span class='ocrx_word' id='word_1_796' title='bbox 1700 2389 1769 2425; x_wconf 76' lang='grc' dir='ltr'>μετὰ</span> <span class='ocrx_word' id='word_1_797' title='bbox 1788 2390 1888 2424; x_wconf 80' lang='grc' dir='ltr'>χεῖρας,</span> 
     </span>
    </p>
   </div>
   <div class='ocr_carea' id='block_1_107' title="bbox 1109 2433 1890 2476">
    <p class='ocr_par' dir='ltr' id='par_1_107' title="bbox 1109 2433 1890 2476">
     <span class='ocr_line' id='line_1_107' title="bbox 1109 2433 1890 2476; baseline -0.014 -5"><span class='ocrx_word' id='word_1_798' title='bbox 1109 2444 1156 2472; x_wconf 72' lang='grc' dir='ltr'>καὶ</span> <span class='ocrx_word' id='word_1_799' title='bbox 1174 2443 1227 2469; x_wconf 86' lang='grc' dir='ltr'><strong>τῶν</strong></span> <span class='ocrx_word' id='word_1_800' title='bbox 1244 2443 1309 2469; x_wconf 79' lang='grc' dir='ltr'>υἱῶν</span> <span class='ocrx_word' id='word_1_801' title='bbox 1321 2441 1393 2476; x_wconf 82' lang='grc' dir='ltr'>Κορὲ</span> <span class='ocrx_word' id='word_1_802' title='bbox 1408 2441 1422 2466; x_wconf 87' lang='grc' dir='ltr'>ὁ</span> <span class='ocrx_word' id='word_1_803' title='bbox 1437 2443 1464 2466; x_wconf 83' lang='grc' dir='ltr'><strong>π’</strong></span> <span class='ocrx_word' id='word_1_804' title='bbox 1481 2439 1528 2466; x_wconf 75' lang='grc' dir='ltr'>καὶ</span> <span class='ocrx_word' id='word_1_805' title='bbox 1539 2442 1573 2473; x_wconf 85' lang='grc' dir='ltr'><strong>γ’.</strong></span> <span class='ocrx_word' id='word_1_806' title='bbox 1591 2438 1619 2464; x_wconf 90' lang='grc'><strong>’0</strong></span> <span class='ocrx_word' id='word_1_807' title='bbox 1636 2437 1685 2472; x_wconf 85' lang='grc' dir='ltr'>μὲν</span> <span class='ocrx_word' id='word_1_808' title='bbox 1701 2433 1747 2462; x_wconf 75' lang='grc' dir='ltr'>οὖν</span> <span class='ocrx_word' id='word_1_809' title='bbox 1760 2439 1784 2470; x_wconf 88' lang='grc' dir='ltr'>η’</span> <span class='ocrx_word' id='word_1_810' title='bbox 1800 2434 1890 2469; x_wconf 46' lang='grc' dir='ltr'><strong>σαᾳί</strong></span> 
     </span>
    </p>
   </div>
   <div class='ocr_carea' id='block_1_108' title="bbox 1108 2479 1890 2523">
    <p class='ocr_par' dir='ltr' id='par_1_108' title="bbox 1108 2479 1890 2523">
     <span class='ocr_line' id='line_1_108' title="bbox 1108 2479 1890 2523; baseline -0.014 -7"><span class='ocrx_word' id='word_1_811' title='bbox 1108 2489 1162 2516; x_wconf 86' lang='grc' dir='ltr'><strong>τῶν</strong></span> <span class='ocrx_word' id='word_1_812' title='bbox 1176 2488 1259 2515; x_wconf 75' lang='grc' dir='ltr'>ἐθνῶν</span> <span class='ocrx_word' id='word_1_813' title='bbox 1270 2488 1318 2523; x_wconf 86' lang='grc' dir='ltr'><strong>τὴν</strong></span> <span class='ocrx_word' id='word_1_814' title='bbox 1328 2487 1423 2521; x_wconf 79' lang='grc' dir='ltr'>κλῆσιν</span> <span class='ocrx_word' id='word_1_815' title='bbox 1439 2484 1595 2516; x_wconf 77' lang='grc' dir='ltr'>ὲθέσπιξεν,⁸</span> <span class='ocrx_word' id='word_1_816' title='bbox 1606 2483 1638 2518; x_wconf 79' lang='grc' dir='ltr'><strong>ἢν</strong></span> <span class='ocrx_word' id='word_1_817' title='bbox 1652 2482 1690 2517; x_wconf 83' lang='grc' dir='ltr'>τῷ</span> <span class='ocrx_word' id='word_1_818' title='bbox 1701 2481 1841 2516; x_wconf 84' lang='grc' dir='ltr'>Πνεύματι</span> 
     </span>
    </p>
   </div>
   <div class='ocr_carea' id='block_1_109' title="bbox 1110 2526 1891 2568">
    <p class='ocr_par' dir='ltr' id='par_1_109' title="bbox 1110 2526 1891 2568">
     <span class='ocr_line' id='line_1_109' title="bbox 1110 2526 1891 2568; baseline -0.012 -9"><span class='ocrx_word' id='word_1_819' title='bbox 1110 2533 1175 2568; x_wconf 81' lang='grc' dir='ltr'>θείῳ</span> <span class='ocrx_word' id='word_1_820' title='bbox 1204 2531 1421 2568; x_wconf 86' lang='grc' dir='ltr'>προθεωροῦντες</span> <span class='ocrx_word' id='word_1_821' title='bbox 1436 2530 1462 2556; x_wconf 79' lang='grc' dir='ltr'><strong>οι</strong></span> <span class='ocrx_word' id='word_1_822' title='bbox 1483 2528 1529 2555; x_wconf 83' lang='grc' dir='ltr'><strong>τοῦ</strong></span> <span class='ocrx_word' id='word_1_823' title='bbox 1548 2527 1616 2554; x_wconf 88' lang='grc' dir='ltr'><strong>Θεοῦ</strong></span> <span class='ocrx_word' id='word_1_824' title='bbox 1646 2526 1796 2561; x_wconf 70' lang='grc' dir='ltr'>προφῆται,</span> <span class='ocrx_word' id='word_1_825' title='bbox 1810 2526 1891 2559; x_wconf 78' lang='grc' dir='ltr'>ὑπερ-</span> 
     </span>
    </p>
   </div>
   <div class='ocr_carea' id='block_1_110' title="bbox 1111 2570 1890 2613">
    <p class='ocr_par' dir='ltr' id='par_1_110' title="bbox 1111 2570 1890 2613">
     <span class='ocr_line' id='line_1_110' title="bbox 1111 2570 1890 2613; baseline -0.013 -8"><span class='ocrx_word' id='word_1_826' title='bbox 1111 2578 1312 2613; x_wconf 83' lang='grc' dir='ltr'>εξεπλήττοντο·</span> <span class='ocrx_word' id='word_1_827' title='bbox 1324 2576 1362 2602; x_wconf 78' lang='grc' dir='ltr'><strong>διὸ</strong></span> <span class='ocrx_word' id='word_1_828' title='bbox 1377 2576 1422 2602; x_wconf 73' lang='grc' dir='ltr'>καὶ</span> <span class='ocrx_word' id='word_1_829' title='bbox 1430 2573 1675 2610; x_wconf 80' lang='grc' dir='ltr'>ἁποθαυμαστικῶς</span> <span class='ocrx_word' id='word_1_830' title='bbox 1685 2571 1840 2606; x_wconf 78' lang='grc' dir='ltr'>ἀνεφώνουν</span> <span class='ocrx_word' id='word_1_831' title='bbox 1848 2570 1876 2596; x_wconf 72' lang='grc' dir='ltr'><strong>τό</strong></span> <span class='ocrx_word' id='word_1_832' title='bbox 1883 2578 1890 2584; x_wconf 90' lang='grc'><strong>·</strong></span> 
     </span>
    </p>
   </div>
   <div class='ocr_carea' id='block_1_111' title="bbox 1108 2616 1892 2658">
    <p class='ocr_par' dir='ltr' id='par_1_111' title="bbox 1108 2616 1892 2658">
     <span class='ocr_line' id='line_1_111' title="bbox 1108 2616 1892 2658; baseline -0.011 -7"><span class='ocrx_word' id='word_1_833' title='bbox 1108 2624 1195 2658; x_wconf 78' lang='grc' dir='ltr'>Κύριε</span> <span class='ocrx_word' id='word_1_834' title='bbox 1212 2625 1229 2650; x_wconf 84' lang='grc' dir='ltr'><strong>ό</strong></span> <span class='ocrx_word' id='word_1_835' title='bbox 1245 2622 1316 2655; x_wconf 85' lang='grc' dir='ltr'>Θεὸς</span> <span class='ocrx_word' id='word_1_836' title='bbox 1334 2621 1427 2657; x_wconf 75' lang='grc' dir='ltr'>ἡμῶν,</span> <span class='ocrx_word' id='word_1_837' title='bbox 1443 2622 1482 2653; x_wconf 90' lang='grc' dir='ltr'>ὼς</span> <span class='ocrx_word' id='word_1_838' title='bbox 1500 2619 1672 2654; x_wconf 77' lang='grc' dir='ltr'>θαυμαστὸν</span> <span class='ocrx_word' id='word_1_839' title='bbox 1687 2618 1719 2644; x_wconf 81' lang='grc' dir='ltr'>τὸ</span> <span class='ocrx_word' id='word_1_840' title='bbox 1732 2616 1824 2651; x_wconf 76' lang='grc' dir='ltr'><strong>ὄνομὰ</strong></span> <span class='ocrx_word' id='word_1_841' title='bbox 1836 2624 1892 2643; x_wconf 66' lang='grc' dir='ltr'>σου</span> 
     </span>
    </p>
   </div>
   <div class='ocr_carea' id='block_1_112' title="bbox 1107 2661 1894 2703">
    <p class='ocr_par' dir='ltr' id='par_1_112' title="bbox 1107 2661 1894 2703">
     <span class='ocr_line' id='line_1_112' title="bbox 1107 2661 1894 2703; baseline -0.013 -7"><span class='ocrx_word' id='word_1_842' title='bbox 1107 2669 1142 2695; x_wconf 77' lang='grc' dir='ltr'><strong>ἐν</strong></span> <span class='ocrx_word' id='word_1_843' title='bbox 1154 2668 1237 2702; x_wconf 79' lang='grc' dir='ltr'><strong>πάσῃ</strong></span> <span class='ocrx_word' id='word_1_844' title='bbox 1248 2668 1284 2702; x_wconf 77' lang='grc' dir='ltr'>τῇ</span> <span class='ocrx_word' id='word_1_845' title='bbox 1297 2667 1353 2703; x_wconf 70' lang='grc' dir='ltr'><strong>τῇ]</strong></span> <span class='ocrx_word' id='word_1_846' title='bbox 1366 2667 1419 2693; x_wconf 75' lang='grc' dir='ltr'><strong>Καὶ</strong></span> <span class='ocrx_word' id='word_1_847' title='bbox 1433 2667 1446 2692; x_wconf 78' lang='grc' dir='ltr'>ὁ</span> <span class='ocrx_word' id='word_1_848' title='bbox 1457 2669 1481 2699; x_wconf 90' lang='grc' dir='ltr'>γ’</span> <span class='ocrx_word' id='word_1_849' title='bbox 1492 2661 1520 2691; x_wconf 78' lang='grc' dir='ltr'><strong>δὲ</strong></span> <span class='ocrx_word' id='word_1_850' title='bbox 1535 2665 1581 2691; x_wconf 73' lang='grc' dir='ltr'>καὶ</span> <span class='ocrx_word' id='word_1_851' title='bbox 1591 2667 1617 2690; x_wconf 87' lang='grc' dir='ltr'><strong>π’</strong></span> <span class='ocrx_word' id='word_1_852' title='bbox 1630 2663 1713 2689; x_wconf 79' lang='grc' dir='ltr'>πολλὰ</span> <span class='ocrx_word' id='word_1_853' title='bbox 1726 2661 1894 2696; x_wconf 70' lang='grc' dir='ltr'>σκηνώματα</span> 
     </span>
    </p>
   </div>
   <div class='ocr_carea' id='block_1_113' title="bbox 1107 2707 1891 2748">
    <p class='ocr_par' dir='ltr' id='par_1_113' title="bbox 1107 2707 1891 2748">
     <span class='ocr_line' id='line_1_113' title="bbox 1107 2707 1891 2748; baseline -0.013 -7"><span class='ocrx_word' id='word_1_854' title='bbox 1107 2714 1155 2741; x_wconf 78' lang='grc' dir='ltr'>καὶ</span> <span class='ocrx_word' id='word_1_855' title='bbox 1169 2713 1252 2741; x_wconf 79' lang='grc' dir='ltr'>πολλὰ</span> <span class='ocrx_word' id='word_1_856' title='bbox 1262 2713 1441 2748; x_wconf 83' lang='grc' dir='ltr'>θυσιαστήρια</span> <span class='ocrx_word' id='word_1_857' title='bbox 1457 2712 1503 2738; x_wconf 73' lang='grc' dir='ltr'>καὶ</span> <span class='ocrx_word' id='word_1_858' title='bbox 1517 2710 1617 2741; x_wconf 74' lang='grc' dir='ltr'>πολλὰς</span> <span class='ocrx_word' id='word_1_859' title='bbox 1638 2708 1722 2740; x_wconf 81' lang='grc' dir='ltr'>αὐλὰς</span> <span class='ocrx_word' id='word_1_860' title='bbox 1750 2707 1891 2742; x_wconf 76' lang='grc' dir='ltr'>προεώρα’</span> 
     </span>
    </p>
   </div>
   <div class='ocr_carea' id='block_1_114' title="bbox 1108 2752 1892 2796">
    <p class='ocr_par' dir='ltr' id='par_1_114' title="bbox 1108 2752 1892 2796">
     <span class='ocr_line' id='line_1_114' title="bbox 1108 2752 1892 2796; baseline -0.01 -9"><span class='ocrx_word' id='word_1_861' title='bbox 1108 2759 1207 2796; x_wconf 84' lang='grc' dir='ltr'>δηλαδὴ</span> <span class='ocrx_word' id='word_1_862' title='bbox 1216 2759 1265 2791; x_wconf 75' lang='grc' dir='ltr'><strong>τὰς</strong></span> <span class='ocrx_word' id='word_1_863' title='bbox 1281 2758 1340 2786; x_wconf 82' lang='grc' dir='ltr'>καθ’</span> <span class='ocrx_word' id='word_1_864' title='bbox 1349 2759 1412 2794; x_wconf 78' lang='grc' dir='ltr'>ὅλης</span> <span class='ocrx_word' id='word_1_865' title='bbox 1427 2758 1474 2793; x_wconf 84' lang='grc' dir='ltr'>τῆς</span> <span class='ocrx_word' id='word_1_866' title='bbox 1487 2757 1648 2792; x_wconf 79' lang='grc' dir='ltr'>οἰκουμένης</span> <span class='ocrx_word' id='word_1_867' title='bbox 1666 2754 1828 2789; x_wconf 77' lang='grc' dir='ltr'>Ἑκκλησίας</span> <span class='ocrx_word' id='word_1_868' title='bbox 1845 2752 1892 2780; x_wconf 77' lang='grc' dir='ltr'>τοῦ</span> 
     </span>
    </p>
   </div>
  </div>
