4008 6210
259 192 362 251 969

1372 177 1820 239 COMMENTARI
1833 179 1870 233 Α
1908 175 1974 233 IN
2014 176 2342 234 PSALM‘OS.

3369 171 3475 227 970

258 306 415 372 Θεοῦ,
469 322 565 360 και
607 319 675 359 τα
731 320 790 360 εν
834 304 1020 368 αὐταῖς
1061 302 1227 357 πολλά
1269 300 1629 371 θυσιαστήρια
1650 316 1664 328 ·
1691 297 1728 352 ἃ
1751 296 1816 368 δὴ

1939 310 2026 365 lue
2065 294 2122 350 in
2151 294 2259 350 illis
2293 295 2429 350 bene
2465 301 2670 348 multa:
2711 307 2832 362 quae
2869 292 2956 345 his
2986 289 3164 345 verbis
3189 289 3429 345 declarat
3459 303 3476 343 :

265 399 498 470 παρίστη
522 395 698 465 λέγων
721 413 736 424 ”
783 395 876 463 Ὧς
896 397 1172 466 ἀγαπητὰ
1206 392 1277 446 τὰ
1297 389 1661 460 σκηνώματὰ
1687 404 1825 454 σου,

265 492 439 559 Κύριε
485 489 603 542 τῶν
657 487 1004 558 δυνάμεωὲ
1033 488 1127 541 καὶ
1165 482 1352 548 αὖθιςο
1397 482 1697 538 Ἐπιποθεῖ
1729 481 1827 535 καὶ

267 581 528 636 ἐκλείπει
547 580 584 648 ἡ
611 580 780 650 ψυχή
804 598 922 650 μου
948 580 1034 645 εις
1068 577 1174 643 τὰς
1211 577 1406 642 αὐλὰς
1432 575 1539 629 τοῦ
1567 574 1789 642 Κυρίου
1809 591 1824 604 ο

268 673 362 725 καὶ
390 671 516 741 ἑξῆς
536 688 554 701 ·
595 671 670 724 Τὰ
710 666 1103 737 θυσιαστήριά
1142 683 1282 733 σου,
1314 668 1491 736 Κύριε
1516 664 1635 718 τῶν
1658 664 1831 720 δυνά-

262 781 440 834 μεων.
485 763 541 816 ὐ
582 761 638 815 δὲ
681 761 815 833 μετά
842 763 1025 832 χεῖρας
1053 759 1259 830 ἑτέροις
1293 758 1392 829 μὲν
1438 755 1698 826 ἀγαλλιᾷν
1736 755 1830 808 καὶ

241 853 553 920 ’ἀλαλάζειν
598 854 692 908 καὶ⁸
729 851 948 922 ψάλλειν
980 849 1425 922 παρακελεύεται,
1461 846 1554 901 τοῦ
1596 847 1655 900 δὲ
1697 849 1829 900 Ἰουο

260 947 429 1002 δαίων
482 947 664 1010 ἔθνους
711 946 812 1016 τὴν
865 943 1134 1015 ἀποϐολὴν
1163 942 1258 996 καὶ
1292 941 1388 1012 τὴν
1422 940 1630 1010 ταύτης
1655 939 1831 992 αίτίαν

268 1039 580 1112 παρίστησι,
629 1037 721 1092 καὶ
745 1037 926 1108 σφόδρ’
972 1035 1276 1098 ἀκολούθως
1317 1037 1437 1097 ταῖς
1476 1032 1564 1086 διὰ
1593 1031 1701 1084 τῶν
1733 1030 1832 1102 ἐμ-

263 1130 501 1202 προσθεν
527 1127 901 1202 προφητείαις.
939 1125 1153 1197 Ἐπειδὴ
1183 1124 1290 1196 γάρ
1323 1125 1382 1177 ὲν
1404 1123 1482 1194 τῷ
1514 1123 1618 1195 πρὸ
1640 1121 1828 1176 τούτου

256 1221 450 1294 ἠρώτα
476 1220 666 1290 λέγων·
711 1219 831 1275 Ἵνα
873 1219 929 1273 τί
955 1219 1224 1284 καθεῖλες
1263 1217 1369 1271 τὸν
1415 1216 1686 1286 φραγμὸν
1720 1215 1831 1269 αὐ-

264 1311 394 1380 τῆς,
425 1312 522 1366 καὶ
549 1311 844 1381 τρυγῶσιν
865 1310 1058 1379 αὐτὴν
1087 1309 1308 1376 πάντες
1346 1311 1401 1362 oi
1429 1307 1833 1376 παραπορευό-

255 1422 431 1476 μενοι
462 1403 576 1472 τὴν
599 1404 773 1469 door;
805 1403 1079 1458 ὲπιλύεται
1109 1402 1208 1473 τὴν
1239 1401 1597 1472 ὲπαπόρησιν,
1623 1399 1711 1453 διὰ
1738 1397 1832 1453 τοῦ

264 1496 411 1568 ,μετά
440 1499 627 1568 χεῖρας
657 1496 878 1565 φάσκων
896 1511 910 1524 ·
937 1496 1007 1548 Ei
1032 1497 1064 1548 ό
1110 1494 1259 1558 λαός
1288 1511 1406 1562 μου
1436 1490 1666 1562 ἢκουσέ
1691 1507 1830 1559 μου,

280 1587 521 1656 Ἰσραὴλ
563 1589 615 1640 εὶ
651 1587 782 1652 ταῖς
814 1585 974 1652 ὁδοῖς
999 1603 1118 1654 μου
1167 1585 1451 1653 ἐπορεύθη
1471 1602 1485 1616 ·
1511 1585 1580 1639 ἐν
1607 1582 1687 1649 τῷ
1716 1600 1831 1649 ,μη-

1929 388 2101 452 Quam
2129 386 2321 442 dilecta
2349 383 2688 439 tabernacula
2713 393 2826 447 tua,
2861 382 3080 436 Domine
3106 381 3392 436 virtutum!
3415 395 3479 435 ac

1929 491 2146 532 rursum
2177 495 2190 530 :
2224 475 2619 544 Conwpiscitet
2646 473 2821 543 deﬁcit
2857 474 3038 526 anima
3085 488 3202 526 mea
3247 471 3303 546 in
3342 470 3482 524 atria

1927 568 2177 632 Domini;
2204 576 2260 624 et
2281 569 2478 623 iterum
2503 567 2750 623 :Attaria
2793 575 2902 628 tua,
2948 563 3166 618 Domine
3207 563 3480 616 virtutum.

1927 659 2177 716 Psalmus
2204 675 2334 715 vero
2362 675 2620 730 praesens,
2651 660 2788 714 alios
2817 656 3036 728 quidem
3077 655 3372 720 exsultare,
3396 653 3485 723 ju-

1929 753 2103 808 bilare
2131 760 2184 808 et
2235 752 2466 822 psallere
2503 753 2676 822 jubet,
2705 750 2917 805 Judaici
2952 763 3079 805 vero
3121 748 3304 818 populi
3337 747 3485 815 abje-

1929 845 2162 900 ctionem
2204 845 2430 914 ejusque
2467 859 2686 898 causam
2718 843 2976 901 declarat,
3005 849 3060 896 et
3084 840 3300 912 quidem
3332 838 3488 894 valde

1929 943 2323 1004 consequenter
2365 935 2429 988 ad
2464 935 2675 1004 priores
2712 933 3045 1003 pmphetias.
3090 931 3225 986 Nam
3254 933 3381 1003 quia
3430 933 3483 987 in

1930 1022 2250 1094 praecedenti
2277 1024 2642 1095 interrogabat
2669 1019 2859 1080 dicens
2894 1043 2908 1079 :
2951 1023 3144 1094 thuid
3173 1024 3488 1079 destruxisti

1931 1118 2214 1172 maceriam
2242 1118 2377 1187 ejus,
2405 1127 2454 1172 et
2477 1118 2791 1172 vindemiant
2813 1134 2931 1172 eam
2965 1134 3142 1172 omnes
3176 1118 3265 1186 qui
3282 1126 3491 1186 prwter-

1930 1207 2239 1280 grediuntur
2271 1211 2449 1265 viam?
2478 1209 2567 1264 hic
2595 1208 2818 1264 dubium
2849 1210 3010 1264 solvit
3049 1208 3134 1264 his
3170 1209 3354 1266 verbis
3384 1228 3398 1264 :
3429 1208 3491 1264 Si

1928 1299 2149 1368 populus
2177 1316 2319 1354 meus
2336 1299 2568 1354 audisset
2591 1317 2691 1365 me,
2725 1298 2896 1355 Israel
2923 1302 2970 1356 si
3001 1302 3056 1355 in
3089 1301 3184 1356 riis
3217 1302 3344 1356 meis
3370 1318 3490 1354 am-

1930 1389 2186 1454 bulasset,
2214 1407 2309 1460 pro
2332 1391 2494 1446 nihilo
2524 1393 2767 1448 inimicos
2806 1409 2985 1447 eorum
3007 1393 3401 1458 Icumiliassem;
3427 1409 3490 1448 ac

1929 1481 2053 1552 subj
2062 1483 2240 1553 ungit:
2267 1481 2335 1535 Et
2364 1499 2466 1536 non
2484 1483 2684 1537 audivit
2702 1484 2924 1554 populus
2945 1501 3086 1538 meus
3107 1500 3278 1539 vocem
3301 1501 3490 1547 meam,

1933 1586 1983 1629 et
2020 1575 2188 1630 Israel
2217 1593 2321 1631 non
2347 1577 2568 1632 intendit
2595 1579 2743 1632 mihi.
2775 1579 2845 1641 Et
2873 1579 3053 1634 dimisi
3087 1597 3175 1634 eos
3206 1580 3490 1636 secundum

256 1637 586 1741 sane;
599 1637 869 1744 ’έέὸξοὲὺξ
888 1637 1474 1728 sensisses;
1493 1637 1625 1727 ξω.
1655 1637 1836 1725 ἰτέιλὲ.

1939 1664 2199 1721 desideria
2246 1668 2422 1723 cordis
2472 1685 2683 1735 eorum,
2731 1639 2880 1722 ibunt
2935 1669 2989 1723 in
3039 1669 3494 1724 adinventionibus

265 1784 358 1835 γει
378 1783 390 1794 ·
423 1766 532 1821 Kal
552 1768 660 1820 οὐκ
674 1764 939 1834 ἤκουσεν
962 1768 994 1818 ό
1020 1767 1169 1831 λαός
1189 1783 1307 1834 μου
1336 1764 1446 1834 τῆς
1473 1763 1674 1834 φωνῆς
1693 1781 1832 1832 μου,

264 1857 374 1911 καὶ
413 1855 650 1925 Ἰσραὴλ
688 1857 757 1909 οὐ
795 1854 1098 1924 προσέσχε
1130 1873 1250 1925 μοι.
1286 1854 1399 1908 Kal
1440 1855 1835 1920 ἐξαπέστειλα

254 1946 493 2013 αὐτοὺς
525 1949 673 2001 κατὰ
714 1946 787 2000 τὰ
814 1946 1243 2017 ἐπιτηδεύματα
1290 1946 1428 2000 τῶν
1453 1945 1710 2013 καρδιῶν
1738 1949 1838 2001 αὺ-

256 2035 410 2098 τῶν,
449 2036 843 2103 πορεύσονται
874 2034 944 2087 ἐν
968 2034 1091 2100 τοῖς
1116 2032 1582 2102 ἐπιτηδεύμασιν
1616 2031 1833 2086 αὐτῶν.

269 2125 434 2180 Ἐπεὶ
453 2125 628 2179 τοίνυν
667 2126 728 2179 τὺ
761 2126 988 2198 ἀνήκων
1017 2124 1110 2177 καὶ
1143 2123 1205 2176 τὸ
1247 2122 1469 2186 ἀπειθὲς
1497 2121 1672 2176 αὐτῶν
1698 2138 1838 2192 παρ-

262 2217 473 2288 ίστησι,
519 2217 837 2289 μεταϐάλλει
877 2216 968 2269 τὸν
998 2215 1152 2284 λόγον
1185 2214 1428 2278 εἰκότως,
1464 2213 1557 2267 καὶ
1585 2212 1686 2283 τὴν
1729 2212 1838 2267 τῶν

264 2308 442 2363 ἐθνῶν
502 2308 691 2378 κλῆσιν
747 2305 1150 2376 εὐαγγελίζεται
1203 2305 1264 2358 τὺ
1313 2303 1536 2374 Πνεῦμα
1563 2302 1625 2355 τὸ
1663 2303 1836 2370 ἅγιον,

257 2399 439 2451 πᾶσιν
491 2395 797 2467 ἀνθρώποις
855 2391 1204 2466 προσφωνῶν
1258 2393 1352 2446 καὶ
1397 2392 1582 2461 λέγον’
1643 2392 1839 2462 Ἀναλ-

259 2487 487 2544 λιᾶσθε
530 2487 608 2553 τῷ
649 2485 770 2552 Θεῷ
802 2485 882 2552 τῷ
917 2484 1120 2554 ,ϐοηθῷ
1159 2483 1344 2554 ἡμῶν.
1380 2486 1540 2553 Λέγει
1585 2485 1642 2538 δὲ
1669 2486 1839 2540 ταῦτα

261 2581 331 2633 ἐκ
360 2577 654 2650 προσώπου
681 2577 773 2632 τοῦ
795 2575 954 2650 χοροῦ
975 2577 1069 2631 τοῦ
1101 2577 1460 2648 προφητικοί
1509 2577 1596 2640 Ὠς
1634 2575 1741 2649 γὰρ
1781 2579 1839 2630 ἐν

259 2669 343 2740 τῷ
376 2675 432 2740 η’
479 2667 653 2737 ἔλεγε·
683 2668 858 2734 Κύριε
884 2668 918 2720 ό
942 2666 1152 2734 Κύριος
1181 2665 1368 2734 ἡμῶν,
1405 2663 1839 2734 ίδιοποιουμένων

261 2763 360 2816 τὸν
383 2762 521 2815 Θεὸν
547 2761 657 2814 τῶν
688 2759 858 2814 ταῦτα
884 2757 1168 2828 λεγόντων,
1189 2755 1276 2810 διὰ
1307 2754 1367 2808 τὸ
1396 2753 1626 2830 πρώτων
1659 2754 1839 2808 αύτῶν

255 2852 554 2922 γεγονέναι
583 2851 673 2903 τὸν
703 2850 833 2904 Θεόν
851 2865 865 2880 ο
896 2848 1036 2902 οὕτω
1064 2850 1157 2900 καὶ
1188 2847 1419 2900 ἐνταῦθα
1445 2849 1494 2900 οἱ
1516 2847 1690 2913 αὐτοὶ,
1712 2848 1837 2910 τοὺς

1935 1757 2068 1811 suis.
2096 1756 2232 1823 Quia
2264 1756 2428 1828 igitur
2457 1758 2924 1828 inobsequentiam
2949 1773 3136 1815 eorum
3167 1766 3223 1815 et
3251 1759 3497 1814 immori-

1933 1861 2125 1915 gerum
2172 1847 2414 1901 animum
2453 1847 2715 1912 declarat,
2760 1862 3062 1904 sermonem
3097 1850 3292 1904 merito
3327 1847 3498 1918 Spiri-

1936 1944 2027 1992 tus
2058 1945 2288 1993 sanctus
2327 1937 2606 2004 transfert,
2641 1946 2696 1994 et
2736 1940 2974 2010 gentium
3016 1941 3356 1996 vocationem
3398 1958 3497 1997 an.

1939 2029 2150 2082 nuntiat
2189 2029 2443 2084 omnibus
2499 2029 2833 2093 hominibus,
2884 2031 2965 2085 sic
3009 2046 3104 2086 eos
3156 2032 3440 2102 alloquens
3480 2052 3494 2087 :

1938 2117 2218 2173 Exsultate
2246 2118 2355 2173 Deo
2390 2118 2626 2189 adjutori
2667 2130 2867 2175 nostro.
2902 2121 3016 2177 Hoc
3053 2139 3215 2193 porro
3261 2125 3394 2179 dicit
3429 2141 3496 2180 ex

1936 2223 2170 2278 persona
2212 2208 2365 2263 chori
2400 2210 2721 2278 prophetici.
2755 2209 2825 2265 Ut
2851 2214 2995 2267 enim
3030 2212 3084 2268 in
3135 2222 3328 2269 octavo
3353 2217 3498 2285 psal-

1939 2315 2030 2354 mo
2050 2297 2262 2354 dicebat
2289 2315 2301 2350 :
2331 2300 2553 2356 Domine
2576 2301 2834 2357 Dominus
2867 2315 3061 2369 noster,
3088 2305 3159 2358 ita
3191 2313 3250 2360 ut
3272 2307 3362 2376 qui
3388 2307 3500 2362 hazc

1939 2389 2203 2455 dicerent,
2241 2389 2409 2446 Deum
2449 2394 2602 2461 quasi
2646 2393 2749 2448 sibi
2793 2395 3075 2464 proprium
3121 2396 3497 2462 praedicarent,

1939 2479 2066 2549 quia
2098 2494 2287 2535 eorum
2338 2482 2571 2551 primum
2622 2481 2764 2538 Deus
2797 2484 3006 2550 fuerat;
3041 2488 3117 2538 ita
3156 2493 3209 2540 et
3238 2487 3340 2541 hoc
3383 2489 3501 2543 loco

1941 2571 2104 2626 iidem
2136 2586 2254 2633 eos,
2297 2572 2391 2642 qui
2431 2573 2677 2628 extranei
2722 2583 2778 2630 et
2813 2567 2979 2630 alieni
3011 2575 3137 2630 facti
3174 2585 3323 2641 sunt,
3369 2594 3500 2634 evo-

1940 2670 2148 2727 cantes,
2164 2662 2353 2719 dicunt
2379 2682 2391 2718 :
2417 2663 2564 2721 Heus
2586 2681 2702 2730 vos,
2733 2667 2938 2723 relictis
2957 2668 3025 2723 iis
3047 2684 3186 2739 quos
3203 2686 3391 2726 errore
3405 2672 3503 2726 du-

1940 2755 2013 2809 cti
2044 2754 2172 2811 deos
2192 2756 2758 2821 azstimabatis,venite
2780 2757 3098 2816 festinanter
3123 2761 3188 2816 ad
3219 2760 3385 2818 Deum
3404 2779 3505 2817 no-

1942 2855 2136 2912 strum,
2157 2849 2368 2920 ipsique
2381 2851 2684 2919 exsultetis,
2703 2853 2794 2923 qui
2820 2869 3034 2925 semper
3055 2856 3214 2911 nobis
3229 2855 3331 2926 ipsi
3347 2856 3500 2911 addi—

257 2943 719 3013 ἀπεξενωμένους
737 2941 831 2995 καὶ
845 2940 1151 3013 ἀλλοτρίους
1171 2939 1618 3009 ἀνακαλούμενοι,
1653 2938 1836 3008 φασίνο

1943 2939 2047 2995 ctis
2067 2940 2285 3010 adjutor
2307 2941 2428 2995 fuit.
2459 2942 2594 3008 Quis
2611 2958 2772 3014 porro
2801 2945 2888 2999 hic
2906 2945 3088 3009 fuerit,
3105 2946 3300 3002 deinde
3320 2947 3502 3004 decla-

255 3033 336 3089 Ὦ
365 3027 547 3098 οὗτοι,
598 3032 1010 3097 καταλείποντες
1054 3032 1181 3095 τοὺς
1217 3030 1644 3101 πεπλανημένως
1687 3047 1839 3100 νομι-

258 3127 538 3198 ζομένους
591 3125 718 3196 ὑμῖν
764 3123 938 3187 θεοὺς,
998 3124 1161 3194 ἥκετε
1211 3123 1528 3186 σπεύδοντες
1572 3122 1708 3194 πρὸς
1751 3121 1843 3176 τὸν

261 3220 546 3292 ἡμέτερον
589 3217 741 3283 Θεὸν,
793 3216 888 3270 καὶ
935 3215 1108 3286 τούτῳ
1136 3213 1464 3284 ἀγαλλιᾶσθε
1505 3213 1584 3283 τῷ
1615 3213 1843 3267 πάντοτε

261 3311 440 3384 ἡμῶν
468 3309 574 3362 τῶν
601 3309 750 3380 αὐτῷ
793 3307 1162 3379 ἀνακειμένων
1209 3306 1388 3378 βοηθῷ
1424 3305 1717 3376 γενομένῳ.
1748 3305 1845 3368 Τίς

259 3405 309 3459 δ’
343 3400 418 3474 ἦν
451 3398 624 3466 οὗτος,
654 3402 781 3472 ἑξῆς
827 3401 1126 3474 παριστῶσι
1164 3400 1442 3468 λέγοντες·
1491 3398 1845 3463 ἈΜλὰξατε

258 3496 347 3561 τῷ
371 3493 502 3560 Θεῷ
517 3493 736 3549 Ἰακώϐ*
767 3493 846 3565 τῷ
881 3492 990 3565 γάρ
1033 3492 1200 3546 πάλαι
1238 3491 1451 3561 ὀφθέντι
1484 3490 1562 3562 τῷ
1592 3491 1845 3563 ἡμετέρῳ

258 3587 583 3662 προπάτορι
636 3585 753 3656 Θεῷ
791 3586 1052 3650 ἐλθόντες,
1092 3584 1412 3650 ἀλαλάξατε,
1443 3583 1584 3638 κατά
1609 3583 1671 3636 τὸ
1700 3584 1847 3654 εἰρη-

259 3681 436 3753 μένον
465 3682 559 3734 καί
579 3683 635 3734 ὲν
667 3681 758 3747 Es"
806 3677 1164 3743 Ἁλαλάξατε
1204 3676 1282 3742 τῷ
1314 3675 1456 3741 Θεῷ,
1483 3674 1650 3730 πᾶσα
1677 3677 1715 3743 ἡ
1746 3672 1841 3744 γῆ.

254 3775 364 3840 Τις
396 3776 460 3829 δὲ
497 3769 566 3846 ἦν
603 3776 637 3846 ἡ
685 3774 922 3843 πᾶσαγῆ
960 3772 1256 3840 διασαφεῖὸ
1295 3769 1486 3824 εἰπών·
1529 3768 1732 3824 Πάντα
1773 3768 1848 3822 τὰ

258 3869 438 3936 ἔθνη,
499 3866 826 3936 κροτήσατε
866 3865 1064 3934 χεῖρας
1082 3906 1097 3930 ,
1135 3863 1478 3929 ἀλαλάξατε
1506 3862 1586 3929 τῷ
1623 3861 1744 3928 Θεῷ
1779 3863 1848 3915 ἐν

253 3961 447 4032 φωνῇ
502 3958 930 4030 ἀγαλλιάσεως.
983 3960 1108 4022 Τοῖς
1138 3955 1231 4012 οὖν
1281 3959 1463 4021 αὐτοῖς
1501 3955 1595 4011 καὶ
1627 3956 1714 4009 διὰ
1738 3954 1847 4009 τῶν

258 4047 413 4120 μετά
445 4049 638 4118 χεῖρας
653 4050 961 4116 προσφωνεί
980 4046 1151 4115 λέγων
1165 4049 1194 4101 ὁ
1219 4046 1375 4120 χορὸς
1397 4047 1504 4098 τῶν
1519 4045 1808 4118 προφητῶν
1828 4060 1843 4075 ·

273 4135 680 4210 Ἀγιαλλιᾶσθε
698 4135 778 4202 τῷ
803 4135 923 4202 Θεῷ
941 4137 1020 4203 τῷ
1034 4137 1238 4207 ,ϐοηθῷ
1272 4135 1460 4207 ἡμῶν,
1507 4135 1846 4200 ἀλαλάξατε

255 4229 346 4296 τῷ
377 4227 512 4292 Θεῷ
551 4225 768 4282 Ἰακώϐ.
800 4227 930 4280 Θεὸν
961 4227 1016 4281 δὲ
1057 4228 1248 4283 Ἰακὼϐ
1279 4227 1375 4281 τὸν
1395 4228 1623 4299 Σωτῆρα
1648 4225 1846 4297 σημαί-

1946 3041 2072 3086 rant
2091 3033 2336 3089 dicentes
2357 3052 2370 3088 :
2393 3033 2629 3090 Jubitate
2653 3035 2761 3092 Deo
2789 3036 2955 3092 Iacob
2976 3055 2994 3092 :
3011 3038 3078 3093 ad
3104 3038 3271 3096 Deum
3291 3041 3504 3097 scilicet

1938 3125 2036 3196 qui
2061 3126 2191 3181 olim
2218 3135 2376 3184 atavo
2391 3137 2581 3187 nostro
2610 3131 2761 3186 visus
2777 3140 2862 3188 est
2889 3133 3228 3198 accedentes,
3253 3132 3503 3203 jubilate,

1942 3219 2241 3275 secundum
2261 3219 2314 3274 id
2331 3221 2476 3292 quod
2492 3223 2545 3277 in
2559 3239 2661 3277 ων
2677 3225 2886 3293 psalmo
2898 3225 3104 3280 dictum
3117 3234 3203 3282 est
3220 3246 3232 3281 :
3247 3228 3502 3293 Jubilate,

1945 3311 2114 3364 omnis
2149 3323 2308 3365 terra.
2369 3311 2500 3377 Quae
2537 3321 2684 3368 esset
2730 3314 2909 3369 omnis
2943 3323 3108 3379 terra,
3139 3316 3374 3386 explicat
3409 3319 3502 3388 qui

1943 3401 2060 3455 ait:
2100 3399 2291 3456 Omnes
2322 3411 2518 3469 gentes,
2554 3403 2792 3471 plaudite
2835 3405 3098 3471 manibus,
3139 3407 3374 3477 jubitate
3396 3407 3506 3463 Deo

1945 3493 1998 3545 in
2025 3508 2144 3547 voce
2175 3493 2544 3547 exsultationis
2561 3494 2626 3545 ⁸³.
2665 3493 2892 3550 Eosdem
2915 3497 3098 3566 itaque
3125 3497 3273 3569 ipsos
3304 3499 3506 3555 chorus

1946 3583 2296 3654 propheticus
2345 3586 2400 3638 in
2435 3587 2684 3654 praxsenti
2716 3587 3010 3657 alloquitur
3037 3589 3228 3644 dicens
3256 3608 3271 3645 :
3304 3589 3505 3644 Exsul-

1947 3685 2054 3729 tate
2090 3673 2198 3729 Deo
2247 3674 2482 3745 adjutori
2502 3686 2702 3741 nostro,
2735 3678 3086 3746 jubilateDeo
3111 3679 3298 3737 Iacob.
3337 3680 3505 3737 Deum

1946 3781 2074 3822 vero
2104 3765 2273 3822 Jacob
2297 3767 2636 3823 Servatorem
2663 3779 2836 3836 vocat,
2869 3772 2962 3841 qui
2987 3773 3040 3826 in
3069 3771 3240 3827 forma
3270 3773 3507 3828 hominis

1945 3858 2151 3914 Jacobo
2174 3861 2324 3915 visus
2353 3866 2458 3927 est,
2493 3859 2710 3930 quando
2745 3865 2958 3917 vocavit
2979 3862 3148 3919 Jacob
3173 3880 3368 3920 nomen
3400 3863 3505 3920 loci

1948 3952 2001 4005 in
2031 3967 2139 4020 quo
2175 3951 2328 4008 visus
2358 3953 2459 4023 ipsi
2487 3960 2574 4008 est
2603 3952 2766 4018 Deus,
2799 3955 3036 4024 Speciem
3065 3957 3161 4009 Dei
3191 3973 3210 4010 :
3237 3972 3364 4011 nam
3392 3957 3508 4012 hate

1948 4043 2142 4096 addit:
2179 4043 2299 4098 Vidi
2330 4045 2469 4098 enim
2521 4045 2685 4100 Deum
2723 4045 2858 4114 facie
2901 4048 2972 4102 ad
3010 4047 3222 4119 faciem,
3259 4058 3312 4104 et
3357 4049 3509 4104 salva

1948 4133 2092 4201 facta
2124 4145 2200 4188 est
2259 4135 2438 4188 anima
2484 4151 2618 4189 mea.
2674 4134 2814 4191 Huic
2864 4139 3032 4201 enim,
3071 4146 3257 4208 utpote
3275 4139 3370 4209 qui
3412 4153 3510 4192 rex

1949 4235 2134 4281 noster
2161 4229 2256 4292 sit,
2282 4228 2516 4298 jubilare
2535 4231 2797 4300 praecipit,
2830 4230 3319 4300 triumphalemque
3355 4229 3510 4299 hym-

253 4339 346 4375 νει
385 4318 488 4372 τὸν
534 4318 592 4370 ὲν
647 4315 930 4389 ἀνθρώπου
984 4321 1218 4390 σχήματι
1243 4319 1477 4388 ὀφθέντα
1518 4314 1838 4388 τῴἸακώϐ·

1949 4334 2077 4372 num
2137 4319 2239 4390 ipsi
2288 4321 2553 4375 emittere.
2600 4319 2885 4386 Quomodo
2913 4329 3094 4375 autem
3133 4336 3226 4374 rex
3273 4335 3306 4374 a
3347 4318 3510 4375 Patro

253 4415 354 4467 ὅτε
425 4408 527 4464 καὶ
573 4407 796 4462 ἐκάλεσε
857 4407 1048 4462 Ἰακὼϐ
1092 4409 1152 4462 τὸ
1195 4409 1362 4480 ὄνομα
1395 4409 1488 4462 τοῦ
1516 4409 1678 4462 τόπου
1713 4408 1772 4460 ὲν
1799 4401 1844 4475 ᾧ

257 4503 432 4574 ὤφθη
461 4499 612 4572 αὐτῷ
638 4503 667 4556 ὁ
685 4500 833 4566 Θεὸς,
851 4497 1028 4568 Εἶδος
1052 4501 1220 4569 Θεοῦ,
1248 4501 1488 4556 ἐπειπών
1505 4519 1518 4532 ·
1543 4498 1844 4570 Εἶδον-γὰρ

260 4597 428 4654 Θεὸν
453 4594 782 4663 πρόσωπον
809 4593 963 4662 πρὸς
998 4594 1342 4662 πρόσωπον,
1377 4593 1475 4649 καὶ
1501 4592 1694 4660 ἐσώθη
1722 4609 1841 4662 μου

255 4690 302 4758 ἡ
340 4685 550 4758 ψυχή.
586 4684 770 4757 Τούτῳ
821 4681 933 4750 οὖν,
965 4685 1038 4749 ὡς
1075 4684 1143 4740 ἀν
1177 4685 1323 4755 αύτῷ
1369 4685 1482 4740 ὄντι
1521 4684 1599 4756 τῷ
1639 4684 1847 4754 βασιλεί

255 4780 453 4854 ἡμῶν,
485 4777 773 4841 ἀλαλάζειν
813 4778 1156 4850 προστάττει,
1191 4778 1499 4850 νικητήριον
1525 4778 1689 4850 ὖμνον
1717 4778 1847 4831 ἁνα-

256 4871 598 4941 πέμποντας
627 4867 794 4938 αύτῷ.
831 4868 1017 4932 Ὅπως
1055 4868 1114 4921 δὲ
1168 4867 1417 4937 βασιλεὺς
1450 4868 1553 4922 ὑπὸ
1598 4866 1692 4920 τοῦ
1743 4867 1846 4919 Πα-

255 4966 395 5037 τρδς
451 4959 800 5024 καθίσταται,
838 4961 1002 5024 αὐτὸς
1054 4961 1292 5016 διδάσκει
1342 4960 1542 5028 λέγων·
1591 4960 1732 5029 Ἐγὼ
1777 4958 1846 5012 δὲ

256 5051 656 5121 πατεστάθην
672 5052 970 5119 ,ϐασιλεὺς
993 5054 1092 5106 ὑπ’
1119 5053 1304 5109 αὑτοῦ
1328 5053 1426 5106 ἐπὶ
1448 5055 1598 5106 Σιὼν
1619 5053 1754 5121 ὄρος
1778 5053 1844 5106 τὸ

254 5149 445 5220 ἄτιον
485 5144 696 5199 αὑτοῦ.
726 5144 800 5198 Οὐ
832 5144 990 5214 μόνον
1015 5145 1072 5198 δὲ
1093 5143 1375 5210 ἀλαλάζειν
1389 5143 1468 5214 τῷ
1493 5145 1611 5215 Θεῷ
1651 5143 1844 5198 Ἰακὼϐ

257 5241 534 5312 βούλεται
562 5239 686 5300 τοὺς
719 5235 1102 5307 κεκλημένους,
1123 5237 1259 5290 ἀλλά
1282 5237 1376 5291 καὶ
1406 5236 1699 5308 λαμϐάνειν
1712 5237 1847 5308 ψαλ-

260 5335 368 5405 μδν
421 5329 529 5385 καὶ
565 5327 760 5380 διδόναι
804 5326 1100 5397 τύμπανον,
1148 5328 1240 5380 καὶ
1282 5326 1580 5398 ψαλτήριον
1617 5328 1845 5399 τερπνὸν

263 5423 412 5496 “ei
441 5418 700 5498 κιθάρας.
733 5419 890 5472 Κατά
915 5418 972 5471 δε
997 5419 1087 5472 τὸν
1131 5418 1377 5473 Ἀκύλαν·
1415 5421 1636 5487 Ἄρατε,
1689 5421 1842 5487 φησὶ,

335 5602 386 5634 ⁸³
428 5596 585 5654 Psal.
617 5610 774 5650 XLVI.
809 5594 864 5648 ‘2.

648 5684 916 5745 PATROL.
951 5685 1067 5748 Gn.
1117 5686 1350 5750 XXIII.

1950 4412 2335 4476 constituatur,
2372 4413 2487 4482 ipse
2542 4412 2705 4468 docet
2755 4412 2841 4467 bis
2890 4412 3075 4467 verbis
3117 4431 3132 4466 :
3177 4412 3290 4483 Ego
3333 4422 3508 4466 autem

1951 4503 2264 4556 constitutus
2284 4519 2399 4556 sum
2427 4519 2519 4558 rea:
2543 4504 2607 4557 ab
2629 4521 2695 4559 eo
2714 4519 2868 4572 super
2883 4502 3008 4559 Sion
3026 4513 3250 4559 montem
3269 4513 3510 4559 sanctum

1949 4594 2084 4663 ejus.
2109 4593 2225 4649 Non
2245 4595 2418 4650 solum
2441 4605 2625 4650 autem
2653 4597 2768 4650 vult
2789 4595 3254 4666 vocatosjubilare
3287 4596 3396 4652 Deo
3417 4595 3512 4652 Ja-

1949 4687 2076 4752 cob,
2096 4686 2190 4741 sed
2220 4689 2388 4742 etiam
2405 4689 2652 4759 accipere
2665 4689 2933 4758 psalmum
2945 4694 3004 4743 et
3024 4686 3155 4743 dare
3169 4696 3509 4759 tympanum,

1950 4786 2005 4833 et
2053 4779 2369 4847 psalterium
2414 4780 2716 4852 jucundum
2762 4795 2886 4835 cum
2928 4780 3156 4836 cithara.
3197 4778 3508 4836 Secundum

1950 4869 2201 4941 Aquilam
2223 4887 2384 4928 vero:
2409 4872 2610 4940 Levate,
2635 4873 2838 4943 inquit,
2857 4872 3140 4928 melodiam
3169 4881 3219 4928 et
3240 4873 3362 4928 date
3377 4883 3510 4944 tyma

1953 4977 2170 5029 panum,
2217 4963 2478 5018 citharam
2502 4962 2766 5018 decentem
2794 4979 2911 5016 cum
2963 4962 3158 5026 nabla;
3206 4964 3506 5021 secundum

1949 5052 2337 5124 Symmachum
2390 5065 2566 5111 autem
2608 5054 2917 5123 :Suscipite
2962 5055 3263 5120 canticum,
3306 5064 3356 5109 et
3388 5053 3509 5106 date

1953 5154 2278 5215 tympanum,
2309 5147 2479 5217 lyram
2506 5145 2710 5201 dulcem
2739 5163 2858 5200 cum
2888 5145 3069 5202 nabla.
3098 5147 3316 5218 Aliquid
3346 5146 3508 5216 igitur

1953 5236 2218 5306 accipere,
2250 5220 2453 5306 aliquid
2480 5237 2776 5293 retribuere
2804 5236 3080 5307 praecipit;
3113 5237 3361 5306 accipere
3387 5241 3508 5302 qui-

1951 5329 2094 5396 dem,
2136 5329 2431 5386 secundum
2509 5331 2782 5401 Aquilam,
2819 5330 3149 5393 melodiam;
3207 5329 3502 5383 secundum

1900 5480 1903 5483 .
1956 5422 2335 5492 Symmachum
2393 5438 2553 5490 vero,
2603 5425 2915 5480 canticum:
2972 5422 3271 5478 retribuere
3325 5428 3501 5472 autem

3077 5687 3148 5745 31
