3996 6210
244 209 349 264 973

1361 208 1861 268 COMMENTARIA
1902 209 1967 263 IN
2005 207 2338 264 PSALBHJS.

3369 210 3475 264 υτι

240 329 432 399 τήριος
469 325 762 398 παρίστησι
820 326 1155 382 διδασκαλία.
1198 325 1292 381 Ἐκ
1347 327 1452 382 τῶν
1481 327 1683 398 ταύτης
1742 326 2026 398 τοιγαροῦν
2061 326 2357 397 κλημάτων
2398 324 2743 379 διαδοθέντων
2775 325 2895 380 καθ’
2939 325 3066 397 ὅλης
3106 344 3201 398 της
3229 331 3482 399 οἰκουμές
3549 342 3561 374 ε

242 434 342 488 νης
393 417 724 488 συνέστησαν
758 419 1106 490 ἀμπελῶνες·
1146 421 1237 473 καὶ
1285 419 1488 473 τούτων
1517 421 1566 472 οἱ
1615 422 1816 493 καρποὶ
1854 420 1996 475 κατὰ
2015 422 2075 474 τὸ
2130 420 2262 474 αὐτὸ
2328 413 2681 490 συναγόμενοι
2704 421 2760 473 ὲν
2785 423 2905 483 ταῖς
2943 421 3064 475 καθ’
3098 423 3225 494 ὅλης
3273 426 3370 496 τῆς
3408 427 3487 479 οἰ-

243 509 516 581 κουμένης
536 511 849 584 ἐκκλησίαις
894 512 1024 565 πολὺ
1055 512 1254 584 πλῆθος
1288 513 1693 584 ἀπειργάσαντο
1720 514 1923 586 ληνῶν·
1957 507 2030 568 ὧν
2053 513 2215 566 ἕνεκα
2275 512 2362 565 διὰ
2403 511 2496 566 τοῦ
2538 513 2693 579 ἁγίου
2733 513 3046 583 Πνεύματος
3076 515 3124 565 οἱ
3158 514 3488 585 Ἐπιλήνιοι

242 601 448 674 ψαλμοὶ
484 605 830 675 προφητικῶς
858 605 1296 677 άνεφωνήθησαν.

320 719 663 772 Σαλπίσατε
687 718 756 771 ἐν
797 721 1080 789 νεὸμηνίᾳ
1115 720 1419 792 σάλπιγγι,
1461 725 1529 776 ἐν
1571 723 1814 794 εὺσήμῳ

1989 721 2154 777 Vens.
2190 722 2242 776 4.
2273 720 2553 774 Βαεοιηαιε
2597 737 2651 774 ιη
2703 722 2974 774 neomenia
3003 718 3152 783 tuba,
3191 721 3244 773 in
3294 721 3486 792 insigni

246 810 440 880 ἡμέρᾳ
461 809 672 877 ἑορτῆς
696 810 878 878 ὑμῶν.
916 811 1126 866 Έκάλει
1153 813 1251 879 μὲν
1276 815 1304 866 ὁ
1334 813 1491 882 λόγος
1522 816 1817 888 ἀρχόμενος

243 901 346 955 ἐπὶ
371 899 718 969 άγαλλίασιν·
759 900 1080 972 προσέταττε
1103 902 1161 955 δὲ
1191 902 1476 967 ἀλαλάζειν
1497 943 1512 969 ,
1545 906 1819 960 τουτέστιν

246 993 420 1067 ὕμνον
489 993 754 1047 ἐπινίκιον
820 995 1164 1065 ἀναπέμπειν
1221 995 1298 1067 τῷ
1349 997 1643 1067 δηλωθέντι
1702 999 1821 1070 Θεῷ

255 1083 486 1139 Ἰακώϐ·
521 1080 637 1137 εἶτα
675 1083 865 1152 λόγους
915 1085 1324 1152 διδασκαλικοὺς
1374 1088 1823 1160 παραλαμϐάνον-

242 1192 369 1239 τας,
399 1175 580 1246 ἔργοις
606 1175 826 1238 τούτους
845 1176 1191 1248 ἀποπληροῦν
1215 1196 1228 1211 ο
1261 1178 1552 1249 πληρωτὰς
1587 1180 1643 1233 δὲ
1672 1199 1823 1249 γενο-

247 1267 450 1338 μένους
481 1266 588 1319 τῶν
610 1265 803 1335 ἔργων,
831 1266 931 1337 ῆδη
954 1265 1137 1320 λοιπὸν
1162 1267 1257 1320 καὶ
1279 1269 1356 1330 εἰς
1386 1269 1591 1332 πάντας
1616 1269 1824 1341 ἀνθρώ-

245 1373 389 1419 πους
441 1355 729 1428 κηρύττειν
768 1356 859 1408 καὶ
895 1353 1176 1418 σαλπίζειν
1200 1394 1215 1420 ,
1258 1355 1467 1427 ὲξηχεῖν
1501 1373 1559 1408 τε
1611 1357 1704 1409 καὶ
1741 1355 1824 1422 ἐξ-

246 1447 518 1502 άκουστον
556 1450 667 1510 τοῖς
699 1449 834 1500 πᾶσι
854 1451 1026 1500 ποιεῖν
1045 1448 1106 1501 τὺ
1135 1447 1484 1517 Εὐαγγέλιον·
1519 1448 1704 1520 ῶσπερ
1733 1445 1825 1502 οῦν

249 1539 348 1594 καὶ
376 1542 405 1592 ὁ
443 1539 632 1610 Σωτὴρ
657 1538 1051 1610 παρεκελεύετο
1094 1540 1266 1610 λέγων
1298 1544 1411 1605 τοῖς
1451 1542 1614 1595 αὐτοῦ
1649 1542 1826 1613 μαθη-

248 1635 410 1696 ταῖς·
451 1634 512 1684 Ὀ
535 1634 621 1697 εἷς
654 1631 718 1684 τὸ
755 1627 863 1698 οὖς
897 1633 1177 1696 ἀκούετε,
1221 1636 1559 1702 κηρύσσετε
1588 1635 1828 1689 ἐπὶτῶν

247 1725 558 1794 δωμάτων.
595 1725 684 1777 Διὸ
710 1724 954 1778 λέλεκται
975 1729 1085 1790 τοῖς
1109 1725 1175 1779 τὰ
1205 1726 1396 1800 πρῶτα
1418 1727 1822 1798 κατωρθωκὼι·

250 1819 620 1873 Σαλπίσατε.
658 1818 781 1878 Πῶς
832 1817 890 1871 δὲ
933 1819 1130 1882 αὐτοὺς
1177 1817 1423 1888 βούλεται
1466 1819 1823 1891 σαλπίζειν,ῆ

252 1911 334 1972 ὡς
375 1907 660 1974 ὲσὰλπιζον
695 1908 858 1962 πάλαι
900 1909 1160 1981 πρότερον
1190 1911 1238 1962 oi
1271 1910 1367 1974 τὰς
1387 1912 1601 1975 εἰκόνας
1646 1914 1825 1965 ἐπιτε-

254 2001 497 2066 λοῦντες,
529 2002 623 2055 καὶ
651 2001 721 2056 τὰ
755 2000 999 2072 σύμϐολα
1049 2002 1285 2067 καὶτοὺς
1311 2002 1516 2066 τύπους
1553 2004 1660 2057 τῶν
1697 2005 1828 2076 ἀλη-

257 2093 401 2159 θῶν;
432 2092 747 2156 Ἐσάλπιζον
793 2068 848 2146 δέ
897 2093 1094 2146 ἐκεῖνοι
1134 2095 1191 2146 ὲν
1221 2094 1482 2167 νεομηνία
1525 2096 1619 2150 καὶ
1647 2097 1706 2149 ὲν
1737 2068 1828 2149 εύ-
1861 2068 1900 2125 Β

259 2185 425 2254 σήμῳ
445 2186 623 2256 ἡμέρᾳ
648 2185 860 2255 ἑορτῆς.
892 2185 1003 2238 Καὶ
1051 2183 1193 2238 τοῦτ’
1236 2185 1502 2257 ἔπραττον
1548 2188 1686 2242 κατά
1740 2189 1830 2242 τὸν

257 2277 488 2348 ἕϐδομον
532 2279 694 2348 μῆνα,
749 2281 807 2332 ὲν
854 2271 898 2346 ᾧ
940 2278 1342 2348 συνερχόμενοι,
1371 2281 1468 2349 τὴν
1498 2281 1688 2352 ἑορτὴν
1723 2283 1832 2336 τῶν

257 2369 581 2440 Σαλπίγγων
611 2369 915 2434 ἐπετέλουν,
940 2368 1086 2436 ἅπαξ
1107 2368 1196 2422 τοῦ
1215 2371 1459 2426 ἐνιαυτοῦ
1484 2372 1642 2426 τοῦτο
1663 2374 1834 2446 πράτ-

258 2482 465 2528 τοντες.
501 2468 660 2536 Λέγει
690 2468 734 2520 δ’
767 2463 859 2522 οὖν
891 2472 924 2541 ἡ
950 2471 1135 2542 γραφὴ
1153 2470 1246 2525 τοῦ
1267 2471 1431 2542 νόμου
1455 2487 1468 2501 ·
1498 2471 1607 2526 Τοῦ
1639 2471 1831 2540 μηνὸς

261 2557 374 2610 τοῦ
398 2557 666 2628 ἑϐδόμου,
689 2560 798 2629 μιᾷ
816 2562 923 2616 τοῦ
945 2563 1156 2632 μηνὸς,
1191 2562 1363 2616 ἔσται
1397 2563 1540 2632 ὑμῖν
1563 2562 1832 2618 ἀνάπαυ-

259 2666 387 2716 σις,
412 2653 807 2720 μνημόσυνον
835 2655 1204 2724 σαλπίγγων·
1246 2655 1438 2725 κλητὴ
1480 2656 1619 2724 ἁγία
1662 2655 1833 2710 ἔσται

263 2743 427 2811 ὑμῖν.
476 2743 658 2807 Οὕτως
709 2739 800 2798 οὗν
851 2744 1038 2818 ὥσπερ
1094 2745 1154 2800 ἓν
1204 2748 1550 2820 τῇνεομηνίᾳ
1592 2750 1657 2819 τῇ
1712 2748 1833 2800 τότε

205 2885 211 2894 ,
262 2835 577 2901 ὲσάλπιζον,
620 2835 863 2906 βούλεται
894 2838 988 2891 καὶ
1015 2836 1112 2892 νῦν
1141 2838 1267 2902 τοὺς
1295 2839 1662 2910 κεκλημένους
1701 2840 1830 2894 σαλ-

264 2925 464 2992 πίζειν.
491 2923 598 2981 Ἦν
619 2928 676 2981 δὲ
702 2928 937 3000 ήὴμέρα
959 2929 1185 3001 ὲκείνηή
1209 2933 1307 3002 τῆς
1340 2932 1531 3003 ἑορτῆς
1561 2932 1668 2985 τῶν
1697 2932 1832 2986 Σαλ-

268 3015 484 3084 πίγγων
525 3015 757 3088 εὔσημος
788 3017 1000 3089 ἡμέρα·
1043 3017 1189 3087 λέγει
1234 3019 1279 3071 δ’
1322 3016 1414 3073 οὖν
1455 3021 1659 3091 Μωσῆς
1706 3021 1834 3092 περὶ

266 3108 443 3179 αὐτῆς
460 3125 474 3138 ·
507 3107 636 3163 Πᾶν
667 3110 846 3179 ἔργον
872 3110 1202 3179 λατρευτὸν
1225 3113 1296 3165 οὐ
1321 3109 1623 3180 ποιήσετε.
1673 3111 1835 3183 Ἡμέ-

258 3216 346 3269 ρα
367 3197 673 3267 σημασίας
697 3198 867 3252 ἔσται
886 3199 1047 3269 ὑμῖν.
1069 3200 1160 3254 Διὸ
1181 3201 1275 3256 καὶ
1303 3203 1533 3257 ἐνταῦθα
1552 3203 1797 3257 λέλεκται
1817 3221 1832 3235 ο

283 3292 380 3343 Ἑν
409 3289 654 3361 εὐσήμῳ
683 3289 873 3360 ήμέρςι
921 3292 1134 3360 ἑορτῆς
1175 3293 1359 3362 ὑμῶν.
1402 3291 1508 3348 τΗν
1527 3291 1620 3348 οὖν
1654 3295 1836 3367 ἡμέρα

1921 813 2005 868 die
2031 813 2379 867 solemuitatis
2406 824 2608 866 vestrte.
2655 811 2769 866 Sub
2808 811 3022 865 initium
3055 811 3270 880 quidem
3307 826 3487 866 sermo

1922 905 1989 960 ad
2021 905 2440 959 exsultationem
2472 903 2722 966 vocabat,
2756 918 2819 958 ac
2837 903 3072 972 jubilare
3116 903 3485 973 praecipiebat,

1922 997 2027 1051 hoc
2053 1005 2157 1060 est,
2191 995 2571 1065 triumphalem
2626 995 2887 1066 hymnum
2918 1003 3220 1050 memorato
3261 994 3373 1050 Deo
3394 992 3488 1050 Ja-

1923 1089 2025 1143 cob
2051 1089 2332 1154 emittere;
2357 1087 2552 1142 deinde
2579 1094 2832 1156 suscepta
2877 1087 3139 1141 doctrina:
3166 1087 3330 1142 verba
3357 1103 3489 1159 ope-

1923 1181 2077 1236 ribus
2109 1181 2333 1251 implere
2365 1199 2379 1234 :
2412 1179 2678 1234 absolutis
2718 1188 2898 1234 autem
2935 1180 3212 1248 operibus,
3241 1188 3353 1233 tum
3388 1181 3487 1235 de-

1926 1287 2073 1324 mum
2103 1269 2416 1324 hominibus
2444 1269 2743 1338 praedicare
2776 1277 2830 1324 et
2853 1269 3168 1335 buccinare,
3201 1269 3489 1326 vociferari

1927 1362 2053 1417 item
2082 1370 2138 1416 et
2165 1361 2218 1414 in
2245 1363 2486 1416 omnium
2530 1361 2756 1416 auribus
2787 1360 3140 1431 Evangelium
3193 1363 3446 1417 nuntiare
3472 1381 3488 1431 ;

1925 1451 2382 1522 quemadmodum
2431 1450 2691 1506 Servator
2744 1453 3031 1522 discipulis
3088 1455 3332 1524 praecipit
3374 1456 3490 1510 suis

1927 1543 2146 1598 dicens:
2167 1541 2319 1612 Quod
2337 1543 2389 1595 in
2407 1559 2533 1597 aure
2554 1543 2776 1607 auditis,
2793 1547 3079 1612 prwdicate
3095 1563 3250 1616 super
3261 1557 3399 1602 tecta
3419 1548 3488 1603 “.

1927 1635 2288 1701 Quamobrem
2309 1633 2376 1689 iis
2387 1634 2478 1704 qui
2495 1633 2676 1704 priora
2693 1645 2837 1690 recte
2849 1649 3153 1706 gesserant,
3169 1639 3372 1697 dictum
3385 1650 3487 1695 est:

1928 1728 2231 1781 Buccinate.
2268 1725 2385 1794 Qua
2431 1735 2612 1782 autem
2645 1728 2856 1784 ratione
2900 1729 3050 1800 ipsos
3078 1732 3370 1788 buccinare
3395 1749 3493 1788 vo-

1929 1818 2109 1878 luerit,
2146 1818 2252 1872 nisi
2300 1834 2407 1888 qua
2447 1819 2575 1872 olim
2607 1825 2661 1874 et
2691 1821 3004 1890 antiquitus
3033 1822 3126 1892 qui
3159 1824 3276 1878 veri
3302 1824 3495 1896 imagi-

1928 1926 2072 1973 nem,
2096 1909 2338 1981 symbola
2367 1919 2420 1964 et
2448 1912 2603 1980 signa
2621 1912 2920 1979 gerebant?
2945 1911 3315 1969 Buccinabant
3331 1930 3494 1986 porro

1930 2003 2008 2056 illi
2053 2003 2108 2056 in
2162 2001 2470 2065 neomenia,
2520 2013 2575 2058 et
2626 2004 2683 2057 in
2726 2005 2926 2075 insigni
2955 2006 3045 2061 die
3085 2007 3446 2063 solemnitatis
3474 2048 3494 2062 .

1932 2093 2092 2162 idque
2121 2092 2352 2161 agebant
2376 2092 2607 2160 septimo
2643 2107 2850 2156 mense,
2879 2109 2987 2164 quo
3021 2095 3356 2165 congregati,
3385 2093 3498 2149 Tu-

1930 2185 2124 2240 barum
2151 2183 2547 2239 solemnitatem
2578 2183 2928 2238 celebrabant
2962 2203 2977 2240 :
3009 2184 3172 2256 idque
3201 2186 3368 2241 semel
3399 2201 3496 2256 per

1931 2293 2133 2332 annum
2169 2275 2520 2346 prazstabaut.
2546 2275 2636 2328 Ait
2661 2292 2792 2346 ergo
2821 2278 2954 2348 legis
2983 2279 3285 2348 scriptura;
3320 2277 3498 2332 Mense

1931 2371 2170 2439 septimo,
2201 2369 2374 2438 prima
2402 2368 2594 2422 mensis
2628 2369 2730 2422 erit
2760 2370 2901 2425 vobis
2927 2372 3150 2441 requies,
3196 2372 3499 2427 memorial:

1934 2462 2177 2516 tubarum
2200 2477 2218 2514 :
2242 2461 2514 2515 vocabitur
2547 2471 2736 2515 sancta
2759 2461 2900 2516 vobis
2923 2462 2990 2514 ⁸⁷.
3019 2459 3089 2515 Ut
3110 2462 3346 2531 igiturin
3367 2478 3500 2518 neo-

1931 2555 2112 2610 menia
2145 2555 2236 2608 illa
2265 2556 2611 2628 clangebant.
2644 2555 2718 2608 ita
2735 2555 3048 2610 etiamnunc
3065 2562 3288 2609 vocatos
3318 2555 3496 2610 bucci-

1931 2662 2064 2702 nare
2079 2646 2382 2718 cupit.Erat
2393 2655 2572 2702 autem
2591 2646 2707 2702 dies
2726 2646 2814 2700 illa
2829 2644 3187 2702 solemnitatis
3201 2643 3496 2710 Tubarum,

1932 2737 2049 2794 dies
2083 2739 2414 2808 conspicua;
2445 2737 2626 2807 aitque
2657 2737 2726 2792 de
2760 2737 2849 2791 illa
2879 2735 3092 2808 Moyses
3120 2756 3132 2792 :
3167 2733 3331 2790 Omne
3371 2751 3498 2805 opus

1932 2829 2118 2884 servile
2155 2846 2257 2883 non
2297 2829 2538 2899 facietis:
2578 2829 2689 2884 dies
2742 2829 3059 2885 celebritatis
3111 2833 3211 2886 erit
3251 2833 3393 2888 vobis
3427 2835 3496 2889 ⁸⁸.

1933 2922 2276 2994 Quapropter
2308 2923 2399 2978 hic
2436 2938 2655 2994 quoque
2691 2922 2895 2978 dicitur
2921 2941 2935 2977 :
2971 2922 3039 2977 In
3069 2924 3267 2996 insigni
3295 2924 3379 2980 die
3407 2941 3497 2980 so-

1937 3015 2224 3070 lenmitatis
2259 3025 2464 3072 vestra.
2500 3015 2630 3070 Erat
2667 3031 2796 3088 ergo
2827 3016 3063 3087 insignis
3091 3017 3210 3072 dies
3243 3025 3297 3072 et
3328 3017 3502 3074 festus

1935 3107 2086 3176 dies,
2131 3124 2238 3163 non
2279 3110 2421 3166 alius
2460 3110 2536 3164 rei
2581 3125 2746 3180 quam
2789 3111 3086 3165 tubarum:
3120 3125 3290 3181 quare
3322 3110 3506 3167 Tuba-

1936 3216 2057 3255 rum
2089 3199 2288 3256 festum
2312 3201 2630 3256 vocabatur.
2661 3202 2797 3257 Cum
2829 3211 3012 3256 autem
3039 3209 3151 3258 tres
3180 3211 3366 3259 essent
3408 3220 3506 3260 eo-

1938 3291 2060 3347 dem
2093 3307 2278 3348 mense
2324 3291 2717 3359 solemnitates,
2762 3294 2938 3364 prima
2965 3292 3263 3359 Tubarum,
3297 3310 3418 3365 qua:
3447 3297 3505 3352 in

269 3382 514 3455 εὔσημος
566 3385 660 3438 καὶ
707 3385 866 3456 ἑορτὴ
925 3385 1136 3449 οὐδενὸς
1183 3387 1370 3458 ἑτέρου
1408 3388 1441 3458 ἢ
1484 3387 1831 3456 σαλπίγγων·

1939 3381 2222 3436 neomenia
2240 3380 2649 3447 celebrabatur;
2685 3379 2924 3437 secunda
2955 3379 3389 3450 Propitiationis,
3419 3381 3506 3435 de.-

271 3478 428 3531 ἔνθεν
454 3477 549 3530 καὶ
571 3476 892 3545 Σαλπίγγων
911 3476 1072 3549 ἑορτὴ
1099 3478 1347 3548 κέκλητο.
1373 3479 1550 3550 Τριῶν
1575 3479 1632 3534 δὲ
1666 3480 1840 3533 ούσῶν

272 3569 476 3641 ἑορτῶν
510 3569 651 3624 κατὰ
681 3570 774 3624 τὸν
819 3571 980 3624 αὑτὸν
1018 3571 1192 3642 μῆνα·
1227 3571 1449 3644 πρώτης
1481 3573 1578 3643 μὲν
1603 3573 1703 3642 τῆς
1732 3573 1839 3626 τῶν

276 3660 595 3730 Σαλπίγγων
635 3663 692 3713 ὲν
742 3664 806 3733 τῇ
840 3663 1101 3734 νεομηνία
1148 3663 1604 3734 συντελουμένης·
1649 3665 1840 3736 ἐτέρας

274 3753 332 3807 δὲ
356 3755 454 3825 τῆς
482 3754 576 3808 τοῦ
615 3754 860 3826 Ἰλασμοῦ
895 3758 952 3810 ὲν
980 3759 1045 3826 τῇ
1083 3756 1285 3830 δεκάτῃ
1319 3757 1500 3829 ἡμέρα
1535 3757 1625 3811 τοῦ
1674 3758 1842 3828 μηνὸς

275 3843 622 3914 γιγνομένης·
662 3843 756 3896 καὶ
787 3845 973 3915 τρίτης
998 3845 1095 3915 τῆς
1127 3845 1234 3898 τῶν
1265 3845 1485 3916 Σκηνῶν
1504 3863 1518 3877 ·
1556 3847 1722 3918 μόνην
1742 3846 1841 3917 τὴν

274 3932 384 3985 τῶν
426 3932 746 4000 Σαλπίγγων
778 3933 1058 4005 μιμεῖσθαι
1097 3935 1305 3989 κελεύει
1335 3937 1557 4007 φάσκων
1577 3954 1590 3968 ·
1622 3939 1844 3992 Σαλπι-

275 4039 424 4077 σατε
448 4023 518 4076 ἐν
558 4025 841 4092 νεομηνία
874 4023 1186 4096 σάλπιγγι·
1227 4029 1554 4098 σαφέστερον
1589 4029 1645 4082 δὲ
1673 4029 1844 4091 οῦτως

277 4114 345 4168 ἂν
375 4111 546 4168 εἶπεν.
569 4116 778 4186 Ὥσπερ
809 4118 865 4169 ὲν
897 4120 960 4188 τῇ
984 4119 1242 4191 νεομηνία
1267 4121 1554 4186 ὲσάλπιζόν
1593 4139 1720 4175 ποτε
1749 4140 1842 4175 πε-

279 4206 619 4279 ριτρέχοντες
645 4207 824 4262 πάντα
851 4208 1010 4262 τόπον
1039 4212 1118 4274 είς
1150 4211 1208 4264 τὸ
1237 4212 1478 4282 σημῆναι
1503 4214 1601 4286 τὴν
1630 4212 1842 4284 ἑορτὴν,

275 4298 368 4350 τὸν
396 4298 554 4351 αὐτὸν
587 4298 783 4370 τρόπον
815 4298 909 4351 καὶ
940 4300 1118 4370 ὑμεῖς,
1148 4297 1227 4366 οἷς
1247 4303 1275 4355 ὁ
1306 4301 1459 4370 λόγος
1498 4301 1843 4374 προστάττει,

278 4392 638 4444 σαλπίσατε.
675 4390 928 4446 Βούλεται
967 4391 1024 4444 δὲ
1060 4394 1184 4456 τοὺς
1232 4395 1478 4464 κήρυκας
1525 4393 1631 4449 τῶν
1678 4392 1846 4448 ἐθνῶν

283 4482 359 4552 μὴ
383 4484 501 4543 ταῖς
519 4481 730 4543 λοιπαῖς
759 4481 1045 4552 προσέχειν
1075 4482 1388 4547 ἰουδαῖκαῖς
1411 4484 1846 4556 παρατηρήσεσι,

1941 3471 2081 3526 cima
2105 3471 2193 3526 die
2213 3471 2438 3536 mensis;
2457 3471 2616 3526 tertia
2633 3469 3135 3526 Tabernaculorum
3161 3489 3176 3537 ;
3205 3470 3507 3526 solamTu-

1940 3565 2129 3620 barum
2165 3565 2308 3620 diem
2341 3564 2539 3618 imitari
2574 3563 2820 3634 praecipit
2847 3563 3038 3619 dicens
3073 3582 3085 3616 :
3121 3563 3406 3618 Buccinate
3452 3565 3506 3618 in

1942 3658 2214 3712 neomenia
2249 3656 2413 3720 tuba;
2444 3657 2590 3726 quod
2618 3655 2822 3710 clarius
2853 3655 2927 3708 ita
2959 3655 3278 3725 protulisset
3306 3672 3318 3709 :
3355 3653 3509 3710 Sicut

1942 3750 2073 3804 olim
2106 3749 2162 3802 in
2192 3747 2481 3803 neomenia
2501 3787 2517 3814 ,
2548 3748 2728 3802 locum
2758 3762 2974 3802 omnem
3005 3747 3510 3802 circumcursantes

1942 3838 2339 3902 buccinabant,
2372 3845 2432 3892 ut
2454 3836 2652 3893 festum
2679 3837 2984 3892 indicarent
3010 3855 3023 3902 ;
3054 3837 3304 3893 similiter
3327 3847 3383 3892 et
3407 3853 3507 3893 vos

1941 3931 2035 4001 qui
2075 3930 2342 3999 jubemini
2363 3969 2379 3993 ,
2425 3929 2715 3984 buccinate.
2749 3928 2872 3984 Vult
2904 3944 3070 4000 porro
3101 3928 3340 4000 gentium
3373 3943 3510 3999 prm~

1942 4034 2140 4082 cones,
2185 4035 2293 4072 non
2327 4020 2540 4074 caeteris
2581 4017 2827 4074 Judaicis
2875 4018 3349 4074 observationibus
3393 4019 3517 4074 au’o

1943 4126 2093 4166 mum
2134 4111 2398 4166 adhibere
2417 4151 2432 4176 ,
2484 4111 2579 4166 sed
2607 4111 2723 4167 sola
2755 4109 3143 4180 praedicatione
3171 4111 3282 4173 uti,
3312 4117 3366 4165 et
3395 4124 3510 4164 om-

1944 4205 2105 4259 nibus
2148 4203 2461 4258 hominibus
2504 4204 2745 4258 salutare
2774 4210 2828 4257 et
2865 4203 3237 4272 evangelicum
3283 4201 3512 4256 verbum

1942 4295 2258 4350 buccinare.
2303 4293 2508 4349 Horum
2539 4309 2776 4364 namque
2827 4295 3072 4364 symbola
3114 4292 3325 4363 Moyses
3362 4293 3512 4347 insti-

1945 4387 2131 4441 tuebat
2151 4426 2166 4450 ,
2190 4393 2417 4456 eratque
2444 4395 2770 4456 praeceptum
2799 4385 2851 4437 in
2877 4383 3040 4439 Israel
3088 4381 3276 4452 (Vens.
3313 4382 3368 4453 5)
3398 4383 3514 4452 lege

1944 4478 2216 4534 sancitum
2247 4477 2394 4548 quod
2442 4477 2736 4531 buccinare
2779 4481 3082 4544 oporteret,
3120 4471 3336 4542 dieique
3385 4472 3512 4528 festi

285 4574 434 4644 μόνῳ
465 4573 521 4626 δὲ
549 4573 784 4644 χρῆσθαι
831 4572 906 4642 τῷ
945 4575 1294 4646 κηρύγματι,
1330 4577 1422 4629 καὶ
1460 4576 1736 4641 σαλπίζειν
1769 4579 1834 4642 εἰς

1947 4577 2166 4640 tempus
2196 4570 2325 4624 tuba
2355 4568 2614 4623 omnibus
2647 4567 2976 4638 signiﬁcare.
3013 4565 3128 4620 Hoc
3156 4581 3285 4620 vero
3316 4580 3514 4635 praece-

284 4663 532 4727 ἅπαντας
576 4664 893 4738 ἀνθρώπους
934 4667 1024 4718 τὸν
1063 4668 1324 4740 σωτήριον
1363 4667 1455 4721 καὶ
1497 4667 1848 4737 εύαγγελικὸν

1952 4671 2102 4732 ptum
2133 4677 2200 4716 ex
2224 4660 2472 4732 judicio,
2519 4659 2800 4714 voluntate
2844 4665 2898 4712 et
2946 4657 3166 4712 decreto
3216 4655 3311 4713 Dei
3340 4653 3510 4711 Jacob

281 4752 462 4821 ὶόγον.
496 4751 712 4807 Τούτων
744 4753 853 4825 γὰρ
887 4753 1064 4807 αὐτῶν
1103 4754 1172 4807 τά
1220 4755 1462 4826 σύμϐολα
1506 4759 1599 4811 καὶ
1643 4759 1834 4828 Μωσῆς

1949 4753 2230 4809 edebatur.
2280 4753 2399 4822 Ipse
2438 4767 2674 4822 namque
2707 4750 2885 4814 Beus,
2918 4750 3012 4820 qui
3060 4748 3266 4804 Jacobo
3293 4749 3424 4803 olim
3455 4749 3513 4803 iu

281 4843 493 4907 ἐποίει,
528 4845 620 4898 καὶ
667 4840 737 4916 ἦν
775 4845 1100 4917 πρόσταγμα
1129 4845 1208 4916 τῷ
1244 4848 1455 4920 Ἰσραὴλ
1502 4850 1646 4914 ἰδίως
1689 4849 1834 4903 τοῦτι

1951 4847 2049 4900 viri
2067 4846 2247 4916 specie
2293 4853 2348 4900 et
2393 4843 2567 4899 forma
2611 4844 2764 4899 visus
2803 4851 2919 4908 est,
2970 4843 3060 4897 hic
3113 4850 3230 4896 erat
3255 4841 3346 4912 qui
3382 4841 3512 4894 olim

281 4935 806 5008 νενομοθετημένον,
844 4938 905 4991 τὸ
949 4938 1057 4992 δεῖν
1097 4939 1411 5005 σαλπίζειν,
1467 4943 1560 4996 καὶ
1613 4942 1702 4996 διὰ
1749 4942 1834 5012 τῆς

1961 4938 2150 4996 ἱειίιοεο
2172 4938 2430 5007 populum
2455 4936 2630 4990 Iacere
2641 4935 2876 5006 figurate
2901 4950 2996 5006 per
3018 4933 3252 5005 Moysem
3266 4931 3510 5002 iubebat.

284 5027 582 5095 σάλπιγγος
618 5028 903 5098 σημαίνειν
938 5031 1050 5092 τοῖς
1081 5031 1213 5083 πᾶσι
1251 5030 1350 5100 τὴν
1373 5030 1468 5084 τοῦ
1502 5032 1693 5104 καιροῦ
1729 5033 1834 5102 ἑορ-

1950 5029 2105 5095 Quod
2133 5038 2313 5084 autem
2334 5028 2628 5083 buccinare
2656 5027 2774 5090 hic,
2800 5029 3039 5082 clamare
3068 5035 3122 5082 et
3151 5027 3403 5081 omnibus
3425 5039 3517 5078 an-

281 5118 404 5189 τήν.
429 5116 503 5170 Τὸ
532 5115 589 5170 δὲ
629 5117 957 5188 πρόσταγμα
1001 5117 1158 5172 τοῦτο
1197 5117 1336 5172 κατά
1389 5121 1568 5191 κρίσιν
1609 5121 1834 5190 ἐγένετο.

1951 5121 2225 5185 nuntiare,
2251 5121 2539 5191 signiticet,
2563 5119 2722 5174 docet
2747 5119 3004 5173 Servator
3022 5117 3108 5173 his
3138 5118 3318 5173 verbis
3342 5136 3354 5170 :
3382 5115 3514 5170 Cum

280 5211 378 5264 καὶ
405 5208 546 5263 κατά
577 5209 819 5281 βούλημα
839 5211 932 5264 καί
959 5213 1130 5282 κρῖμα
1158 5211 1252 5266 τοῦ
1275 5212 1409 5266 Θεοῦ
1445 5213 1655 5269 Ἰακώϐ.
1679 5215 1834 5277 Αὐτὸς

1953 5213 2086 5282 facis
2123 5213 2541 5284 eleemosynam,
2575 5211 2683 5266 noli
2723 5210 2848 5264 tuba
2886 5227 3068 5265 canere
3100 5219 3222 5265 ante
3261 5220 3306 5264 te
3340 5209 3404 5260 ”.

279 5305 394 5376 γὰρ
440 5303 518 5374 τῷ
556 5303 748 5358 Ἰακὼὸ
789 5305 974 5374 ὀφθεὶς
1009 5306 1172 5360 πάλαι
1205 5306 1336 5370 Θεὸς
1375 5307 1432 5359 ὲν
1478 5307 1668 5377 ἀνδρὸς
1706 5308 1834 5361 εῖδει
1873 5309 1966 5361 καὶ
1995 5309 2254 5378 σχήματι,
2280 5301 2432 5370 οὗτος
2459 5301 2526 5376 ἦν
2553 5307 2581 5358 ό
2610 5305 2778 5361 ταῦτα
2803 5307 2893 5359 καὶ
2929 5305 3018 5358 διά
3048 5304 3287 5362 Μωσέως
3323 5302 3511 5351 εἶκονιο

281 5398 396 5461 κῶς
437 5397 517 5469 τῷ
570 5399 682 5470 λαῷ
736 5399 994 5472 πράττειν
1028 5396 1434 5469 διαταξάμενος.
1478 5399 1598 5453 Ὅτι
1641 5399 1698 5452 δὲ
1745 5400 1806 5452 τὸ
1844 5399 2120 5464 σαλπίζειν
2161 5401 2281 5453 ἀντὶ
2334 5399 2428 5452 τοῦ
2467 5399 2592 5470 βοᾷν
2624 5399 2717 5452 καὶ
2752 5401 2830 5463 είς
2894 5398 3100 5458 πάντας
3131 5389 3515 5457 καταγγέλλειν

279 5488 563 5556 λέλεκται,
597 5491 831 5546 διδάσκει
879 5494 908 5545 ό
959 5490 1148 5562 Σωτὴρ
1189 5490 1359 5559 λέγων
1383 5508 1396 5520 ·
1443 5493 1615 5544 Ὅταν
1651 5489 1826 5560 ποιῇς
1862 5493 2297 5561 ἐλεημοσύνην,
2329 5491 2414 5561 μὴ
2454 5493 2763 5561 σαλπίσῃς
2787 5488 3121 5560 ἔμπροσθέν
3154 5499 3290 5539 σου.

351 5648 400 5681 ⁸⁸
439 5645 628 5704 Matth.
663 5665 730 5715 ι,
763 5649 852 5705 27.
928 5651 972 5682 ⁸⁷
1012 5650 1182 5706 ιονῖι.
1220 5667 1385 5717 χχιιι,
1423 5650 1508 5705 ΞΗ.
1587 5652 1631 5683 ⁸⁸
1671 5648 1796 5705 Lev.

1933 5666 1998 5718 ιι,
2041 5651 2089 5707 7.
2163 5651 2207 5682 ’θ
2247 5649 2436 5706 Matth.
2476 5667 2559 5714 γι,
2592 5651 2645 5703 9..
