3996 6210
471 175 576 231 975

1186 171 1448 226 EUSEBII
1489 167 1962 226 CrESARIENSlS
2003 166 2152 223 OPP.
2196 167 2376 223 PARS
2416 168 2502 223 Ill.
2542 201 2612 211 -—
2651 165 3059 222 EXEGETICA.

3599 165 3708 222 976

546 291 709 346 Vens.
746 290 799 344 6.
859 288 1232 342 Testimonium
1288 289 1342 341 in
1395 287 1589 356 Ioseph
1633 287 1808 356 posuit
1861 284 2036 349 illud,

2212 285 2546 354 Μαρτύριον
2581 283 2652 336 ἐν
2695 280 2776 347 τῷ
2831 281 3043 350 Ἰωσὴφ
3093 281 3260 334 ἔθετο
3313 279 3483 344 αὐτὸ,
3518 278 3590 333 ἐγ
3637 279 3720 344 τῷ

475 400 590 437 cum
632 383 793 436 exiret
845 379 908 432 de
959 390 1098 433 terra
1149 379 1400 450 Ᾰίῃῃριί,
1455 380 1687 448 linguam
1729 393 1888 448 quam
1936 392 2037 429 non

475 484 687 529 noverat
729 472 950 526 audivit.
988 470 1349 526 Memoratum
1385 471 1452 526 de
1482 470 1634 525 tubis
1666 475 1996 540 prteceptum
2021 505 2036 530 ,

477 564 885 628 testimonium,
949 563 1168 633 inquit,
1220 563 1405 633 posuit
1451 562 1506 616 in
1554 559 1776 631 Joseph.
1833 558 2040 613 Secun-

477 657 602 710 dum
640 655 1025 726 Symmachum
1053 670 1213 710 vero:
1257 654 1701 724 Testiﬁcationem
1728 668 1820 722 per
1847 650 2040 721 Ioseph

476 748 650 817 posuit
697 746 830 801 illud
856 763 876 800 :
920 746 1298 803 testimonium
1341 761 1472 801 vero
1514 745 1672 817 quasi
1713 743 2042 800 testiﬁcatus

476 836 678 891 dabat:
711 845 938 907 eratque
965 837 1097 892 illud
1148 837 1365 908 signum
1410 836 1637 891 alterius
1677 835 1778 890 rei.
1813 834 2042 904 Aliquas

475 931 618 984 enim
672 930 832 985 tubas
885 929 1300 992 subindicabat,
1356 944 1586 999 quarum
1634 927 1866 983 ollicium
1915 943 2039 982 cum

477 1021 706 1093 apostoli
766 1021 1088 1076 Servatoris.
1127 1020 1337 1085 nostri,
1389 1027 1504 1074 tum
1549 1020 1845 1089 evangelici
1891 1019 2043 1073 verbi

476 1127 756 1182 praecones
804 1112 1000 1182 partim
1052 1111 1376 1180 explebant.
1427 1125 1528 1180 per
1577 1124 1793 1164 omnem
1838 1117 2043 1165 terram

475 1205 831 1275 clangentes,
891 1203 1256 1272 omnibusque
1312 1203 1569 1274 gentibus
1629 1201 1887 1258 salutaris
1947 1199 2042 1255 Dei

478 1295 744 1350 adventus
806 1295 1005 1350 festum
1065 1294 1449 1364 prmdicantes.
1512 1292 1856 1348 Arcanorum
1914 1305 2044 1346 vero

477 1388 1006 1441 consummationem
1057 1401 1152 1455 per
1202 1385 1426 1455 angelos
1478 1383 1714 1438 futuram
1759 1383 1918 1438 docet
1951 1383 2043 1453 qui

479 1477 594 1530 ait:
628 1475 775 1530 Tuba
808 1486 960 1529 canet
989 1477 1162 1540 enim,
1205 1485 1254 1529 et
1292 1476 1488 1529 mortui
1525 1477 1579 1528 in
1619 1474 1828 1530 Christo
1868 1491 2045 1528 resur-

475 1575 597 1638 gent
646 1567 804 1636 primi
848 1567 892 1598 ⁹⁰
931 1583 943 1632 ;
1001 1583 1065 1621 ac
1109 1582 1371 1620 rursum:
1404 1565 1472 1620 In
1513 1576 1806 1629 momento,
1842 1567 1895 1618 in
1937 1567 2042 1620 ictu

2138 377 2405 442 ἐξελθεῖν
2441 379 2630 431 αὐτὸν
2659 376 2729 428 ἐκ
2766 373 2880 444 γῆς
2919 373 3261 441 Αἰγύπτου,
3311 369 3606 440 γλῶσσαν
3640 367 3722 437 ἢν

2138 472 2247 523 οὐκ
2278 471 2428 538 ἔγνω
2475 468 2722 535 ἤκουσε.
2762 467 2836 520 Τὸ
2869 463 3164 536 προλεχθὲν
3213 462 3343 534 περὶ
3397 461 3723 528 σαλπίγγων

2141 561 2467 632 πρόσταγμα
2505 559 2824 631 μαρτύριον,
2865 557 3050 628 φησὶν,
3081 555 3234 608 ἔθετο
3275 555 3334 607 ὲν
3373 553 3452 624 τῷ
3494 555 3721 624 Ἰωσήφ·

2141 655 2280 709 κατὰ
2308 655 2363 708 δὲ
2384 655 2475 708 τὸν
2492 656 2785 726 Σύμμαχον
2805 695 2819 717 ,
2860 652 3208 721 Μαρτυρίαν
3235 649 3332 702 διὰ
3358 649 3464 703 τοῦ
3497 647 3724 716 Ἰωσὴφ

2143 748 2356 813 ἔταξεν
2381 751 2556 802 αὐτόο
2590 749 2651 801 τὸ
2682 747 2737 800 δὲ
2773 743 3072 817 μαρτύριον
3113 742 3303 814 ὥσπερ
3346 739 3725 813 διαμαρτυρό-

2145 859 2308 912 μενος
2346 841 2537 894 ἐδίδου·
2569 841 2663 894 καὶ
2700 835 2767 912 ἦν
2797 837 2955 891 τοῦτο
2987 840 3209 910 σημεῖον
3230 836 3416 907 ἐτέρου
3456 837 3728 908 πράγμα-

2142 949 2264 996 τος·
2311 933 2560 1002 ᾐνίττετο
2593 933 2701 1003 γὰρ
2752 931 2882 1002 περί
2927 948 3087 984 τινων
3143 927 3495 996 σαλπίγγων,
3536 919 3617 980 ὧν
3663 927 3733 979 ὲκ

2146 1025 2346 1096 μέρους
2381 1025 2477 1095 μὲν
2504 1025 2551 1077 ot
2589 1016 2877 1078 ἀπόστολοι
2917 1021 3010 1075 τοῦ
3052 1021 3306 1091 Σωτῆρος
3332 1019 3514 1089 ἡμῶν,
3547 1017 3652 1072 καὶ
3680 1017 3732 1071 οἱ

2142 1115 2234 1169 τοῦ
2263 1114 2618 1184 εὐαγγελικοῦ
2641 1115 2800 1186 λόγου
2822 1115 3061 1187 κήρυκες
3084 1112 3434 1183 ἀπεπλήρουν
3463 1110 3535 1163 τὰ
3564 1110 3731 1182 ἔργα,

2143 1210 2222 1271 είς
2274 1209 2454 1262 πᾶσαν
2485 1206 2583 1279 τὴν
2631 1207 2735 1278 γῆν
2787 1205 3158 1270 σαλπίζοντες,
3194 1203 3288 1257 καὶ
3327 1205 3495 1257 πᾶσιν
3548 1203 3734 1256 ἔθνεσι

2144 1297 2502 1370 κηρύττοντες
2549 1297 2648 1370 τὴν
2685 1299 2782 1368 τῆς
2837 1297 3104 1368 σωτηρίου
3147 1294 3466 1365 θεοφανείας
3507 1295 3728 1365 ἑορτήν.

2145 1387 2226 1440 Τὰ
2252 1387 2306 1440 δὲ
2335 1387 2751 1459 ἀποτελέσματα
2773 1385 2884 1439 τῶν
2907 1384 3361 1458 ἀπορῤητοτέρων
3385 1383 3452 1435 δι’
3478 1383 3731 1450 ἀγγέλων

2147 1481 2363 1536 ἔσεσθαι
2397 1480 2637 1534 διδάσκει
2688 1481 2716 1532 ὁ
2767 1476 2938 1531 εἰπών
2963 1494 2977 1508 ο
3025 1478 3320 1531 Σαλπίσει
3351 1474 3483 1546 γὰρ,
3528 1475 3626 1530 καὶ
3665 1477 3726 1528 οἱ

2145 1575 2340 1644 νεκροί
2353 1574 2422 1627 ἐν
2439 1569 2666 1642 Χριστῷ
2681 1569 3105 1641 ἐγερθήσονται
3139 1568 3355 1637 πρῶτοι
3376 1585 3390 1598 ο
3409 1566 3507 1620 καὶ
3521 1566 3682 1618 πάλιν
3704 1583 3720 1595 ο

479 1657 646 1719 oculi,
680 1659 733 1710 in
763 1657 1048 1711 novissima
1083 1657 1207 1709 tuba
1230 1657 1272 1688 ⁹¹
1303 1672 1319 1720 ;
1356 1653 1834 1724 iterumquezlpse
1863 1653 2044 1709 Domi-

2157 1634 2264 1718 Ἐν.
2284 1634 2501 1734 ἀτόμφῖ
2530 1634 2757 1731 ἐνρίπτγῖ
2774 1634 3106 1731 οφθαλμοῦ,
3128 1634 3198 1712 ετξ
3220 1657 3294 1726 τῇ
3316 1657 3549 1727 ἐσχάτῃ
3580 1655 3732 1711 σάλ-

477 1767 575 1804 nus
607 1751 660 1804 in
689 1751 845 1819 jussu
874 1759 924 1804 et
959 1750 1012 1802 in
1043 1765 1161 1802 voce
1201 1747 1541 1817 archangeli,
1587 1755 1636 1801 et
1685 1748 1740 1800 in
1782 1748 1906 1800 tuba
1948 1747 2046 1803 Dei

481 1841 758 1900 descendet
791 1843 859 1895 θ’.
909 1839 1005 1894 His
1050 1855 1212 1910 porro
1262 1836 1521 1894 Servator
1567 1839 1869 1908 discipulos
1917 1855 2047 1894 suos

482 1931 971 1988 initiabatdicens:
997 1931 1063 1984 Et
1089 1930 1334 1985 videbunt
1364 1929 1567 1984 Filium
1595 1931 1820 1985 hominis
1848 1932 2050 1984 venien-

481 2035 584 2079 tem
615 2027 667 2078 in
703 2024 928 2079 nubibus
964 2025 1079 2077 caeli
1113 2041 1226 2077 cum
1261 2031 1517 2092 potestate
1544 2032 1592 2076 et
1625 2022 1901 2093 majestate
1929 2041 2048 2077 nta-

480 2133 603 2188 gna.
655 2115 722 2170 Et
766 2118 932 2174 mittet
980 2117 1190 2187 angelos
1240 2133 1365 2170 suos
1417 2133 1534 2170 cum
1569 2116 1696 2169 tuba
1730 2133 1956 2187 magna,
2001 2125 2051 2170 et

482 2209 866 2280 congregabunt
896 2208 1086 2262 electos
1116 2208 1228 2278 ejus
1257 2223 1322 2262 ea:
1351 2217 1580 2278 quatuor
1611 2207 1775 2260 ventis
1794 2247 1807 2268 ,
1840 2224 1872 2260 a
1907 2223 2051 2260 sum-

485 2302 586 2356 mis
631 2302 879 2356 calorum
922 2318 1084 2372 usque
1133 2301 1201 2355 ad
1248 2311 1536 2355 extremum
1585 2316 1764 2354 eorum
1813 2299 1879 2351 ”.
1944 2297 2053 2354 Sed

491 2401 830 2448 mortuorum
875 2393 1093 2464 quidem
1145 2392 1509 2456 resurrectio,
1568 2407 1666 2462 per
1709 2391 2053 2462 evangelicas

489 2485 648 2540 tubas
681 2486 1073 2540 anuunliantes
1119 2484 1410 2540 adventum
1442 2483 1595 2555 regni
1626 2482 1747 2537 Filii
1801 2483 1915 2548 Dei,
1947 2483 2055 2538 eiii-

487 2574 662 2630 cietur
691 2593 704 2630 :
742 2575 971 2646 apostoli
1002 2583 1182 2630 autem
1209 2575 1320 2644 jam
1356 2576 1410 2630 in
1441 2575 1618 2646 primo
1651 2574 1887 2630 adventu
1933 2575 2053 2644 ejus

484 2668 664 2733 tubis,
695 2668 910 2739 magnis
955 2668 1164 2723 scilicet
1214 2667 1450 2738 Spiritus
1496 2668 1672 2724 sancti
1714 2666 2056 2723 vociferatio-

484 2760 650 2816 nibus
679 2769 898 2815 utentes
925 2800 941 2825 ,
989 2768 1259 2831 quotquot
1303 2761 1430 2815 olim
1473 2759 1772 2815 secundum
1816 2760 2052 2814 animam

496 2851 693 2904 mortui
726 2860 881 2905 erant
900 2891 915 2912 ,
949 2852 1015 2904 ad
1040 2853 1203 2904 vitam
1225 2867 1345 2921 qua-
1376 2851 1430 2904 in
1459 2850 1569 2906 Deo
1589 2857 1673 2906 est
1702 2857 2051 2904 revocarunt.

2146 1772 2303 1827 πιγγι
2325 1774 2338 1787 ⁸
2359 1757 2452 1808 καὶ
2469 1755 2629 1808 πάλιν
2648 1771 2661 1784 °
2679 1753 2870 1819 Αὐτὸς
2889 1755 2923 1806 ὀ
2937 1753 3150 1820 Κύριος
3165 1749 3234 1803 ἐν
3249 1751 3614 1818 κελεύσματι
3635 1746 3732 1803 καί

2145 1849 2215 1901 ἐν
2232 1847 2400 1917 φωνῇ
2415 1845 2792 1916 ἀρχαγγέλου
2810 1844 2906 1898 καὶ
2920 1844 2988 1897 ἐν
3002 1843 3290 1912 σάλπιγγι
3308 1843 3459 1896 Θεοῦ
3476 1842 3702 1909 rea-rami
3719 1873 3732 1883 -

2147 1956 2335 1994 σεται.
2361 1936 2548 1990 Ταῦτα
2564 1936 2620 1988 δὲ
2644 1936 2737 1988 καὶ
2760 1941 2787 1988 ο
2815 1933 3003 2005 Σωτὴρ
3023 1931 3401 2004 ἐμυσταγώγει
3418 1933 3548 1995 τοὺς
3565 1933 3732 1986 αὑτοῦ

2153 2029 2414 2102 μαθητὰς,
2460 2028 2633 2097 λέγων
2656 2045 2671 2056 ο
2716 2026 2827 2080 Καὶ
2867 2026 3116 2095 ὄψονται
3146 2024 3253 2078 τὸν
3309 2024 3451 2078 Υίὸν
3477 2024 3589 2078 τοῦ
3629 2026 3734 2079 ἀν-

2150 2119 2380 2188 θρώπου
2407 2118 2733 2186 ἐρχόμενον
2757 2115 2853 2169 ἐπὶ
2882 2114 2999 2168 τῶν
3025 2113 3297 2183 νεφελῶν
3321 2113 3427 2167 τοῦ
3462 2114 3729 2180 οὐρανοῦ

2145 2211 2294 2280 μετὰ
2315 2209 2622 2278 δυνάμεως
2658 2207 2755 2260 καί
2783 2206 2967 2272 δόξης
2989 2204 3250 2274 πολλῆς.
3271 2205 3380 2258 Καὶ
3401 2205 3738 2258 ἀποστελεῖ

2150 2301 2290 2366 τοὺς
2327 2299 2622 2368 ἀγγέλους
2658 2297 2844 2350 αὐτοῦ
2873 2296 3025 2366 μετὰ
3063 2296 3401 2365 σάλπιγγος
3433 2297 3734 2366 μεγάλης,

2151 2393 2248 2445 καὶ
2287 2388 2725 2454 ἐπισυνάξουσι
2759 2388 2902 2454 τοὺς
2932 2387 3258 2454 ἐκλεκτοὺς
3285 2387 3474 2443 αὑτοῦ
3507 2387 3578 2440 ἐκ
3616 2387 3736 2442 τῶν·

2151 2482 2463 2550 τεσσάρων
2485 2481 2738 2550 ἀνέμων,
2759 2481 2861 2534 ἀπ’
2886 2480 3086 2549 ἄκρων
3109 2479 3382 2549 οὐρανῶν
3404 2481 3518 2548 ἕως
3541 2481 3734 2549 ἄχρω·

2151 2573 2368 2627 αὐτῶν.
2411 2571 2548 2624 Ἀλλ’
2592 2574 2625 2642 ἡ
2677 2573 2774 2643 μὲν
2827 2572 2935 2625 τῶν
2981 2572 3188 2644 νεκρῶν
3230 2572 3530 2652 αναστασις
3579 2572 3734 2627 ἔσται

2153 2667 2282 2721 ποτὲ
2321 2665 2408 2720 διὰ
2448 2665 2764 2734 σαλπίγγων
2807 2663 3181 2733 εὐαγγελικιῖω
3229 2663 3735 2734 εὐαγγελιζομένων

2153 2760 2250 2831 τὴν
2279 2758 2462 2829 ἄφιξιν
2497 2758 2596 2829 τῆς
2627 2755 2905 2828 βασιλείας
2943 2755 3036 2808 τοῦ
3066 2754 3197 2808 Υίοῦ
3225 2754 3321 2808 τοῦ
3354 2755 3491 2808 Θεοῦ
3511 2772 3524 2786 ⁸
3557 2756 3650 2809 καὶ
3678 2757 3733 2808 ot

2155 2849 2440 2906 ἀπόστολοι
2473 2849 2530 2902 δὲ
2562 2848 2809 2902 ἐντεῦθεν
2851 2849 2950 2920 ἤδη
2995 2847 3136 2901 κατὰ
3175 2847 3270 2918 τὴν
3307 2847 3532 2918 πρώτην
3563 2847 3735 2901 αὑτοῦ

487 2938 727 3004 Quorum
763 2940 1007 3010 symbola
1039 2941 1261 2994 tradens
1287 2939 1520 3011 Moyses,
1550 2939 1827 2995 Tubarum
1855 2939 2051 2995 festum

2158 2941 2459 3012 παρουσίαν
2487 2937 2739 3008 σάλπιγξι
2773 2937 3066 3010 χρώμενοι,
3093 2939 3212 3000 ταῖς
3241 2937 3335 2990 τοῦ
3361 2939 3520 3006 ἁγίου
3563 2938 3736 2992 Πνεῦ-

489 3031 605 3098 lege
644 3030 896 3084 sancivit.
929 3029 1270 3099 Quapropter
1299 3029 1502 3084 dicitur
1532 3050 1544 3084 :
1584 3030 1964 3085 Testimonium
1995 3032 2051 3085 in

2158 3050 2326 3104 ματος
2374 3032 2802 3104 μεγαλοφωνίαις
2843 3032 3050 3094 πάντας
3081 3030 3439 3085 ἀνεκαλοῦντο
3470 3033 3601 3094 τοὺς
3627 3032 3735 3101 dau-

485 3120 677 3190 Ioseph
698 3122 870 3190 posuit
893 3120 1050 3176 illud.
1075 3120 1361 3188 Quodnam
1387 3122 1520 3176 illud
1546 3133 1873 3194 praeceptum
1899 3124 2054 3178 erat?

487 3213 556 3269 de
585 3213 733 3268 tubis
761 3211 1014 3267 scilicet:
1052 3213 1120 3266 ab
1164 3228 1271 3267 una
1303 3222 1486 3268 autem
1525 3214 1670 3269 tribu
1718 3213 1926 3285 Ioseph
1967 3225 2052 3269 to-

489 3312 598 3359 tam
631 3312 846 3376 gentem
877 3304 1157 3359 indicavit.
1188 3303 1300 3359 Cur
1325 3313 1504 3361 autem
1532 3307 1587 3360 in
1615 3303 1701 3361 his
1732 3316 1900 3361 totam
1927 3323 2055 3378 gen-

489 3404 596 3452 tem
619 3393 820 3466 Joseph
851 3396 1102 3450 vocavit?
1126 3395 1263 3462 Quia
1286 3395 1509 3468 Josephi
1541 3399 1832 3454 occasione
1861 3413 2054 3455 omnes

491 3490 544 3542 in
571 3487 863 3560 Egyptum
891 3487 1315 3543 descenderunt.
1350 3488 1712 3555 Quandonam
1743 3506 1874 3545 vero
1906 3491 2058 3545 testi-

491 3581 731 3635 monium
754 3621 769 3646 ,
811 3582 1060 3636 videlicet
1107 3581 1359 3636 tubarum
1397 3583 1567 3652 legem
1599 3583 1799 3653 populo
1831 3582 2054 3654 posuit,

490 3672 595 3727 nisi
645 3689 755 3744 quo
800 3681 1044 3744 tempore
1081 3674 1269 3730 eduxit
1312 3689 1436 3728 cum
1477 3675 1545 3729 de
1593 3683 1738 3729 terra
1790 3673 2052 3746 Egypti,

493 3765 710 3835 quando
744 3766 981 3836 linguam
1015 3781 1176 3836 quam
1223 3781 1333 3820 non
1362 3773 1591 3821 noverat
1633 3765 1883 3822 audivit?
1918 3766 2054 3820 Cum

490 3859 636 3911 enim
665 3857 717 3910 in
740 3856 957 3913 deserto
982 3865 1353 3920 versarentur,
1379 3872 1511 3912 voce
1540 3855 1633 3912 llei
1660 3857 1866 3928 dignati
1891 3867 2053 3923 sunt,

493 3948 920 4019 quiDecalogum
952 3951 1193 4018 ipsorum
1223 3949 1445 4004 auribus
1473 3957 1792 4020 exceptum,
1829 3964 2055 4004 servan-

493 4039 621 4092 dum
656 4037 898 4092 tradidit.
933 4037 1201 4106 Tempore
1242 4046 1424 4092 autem
1472 4039 1565 4092 illo
1612 4038 1681 4092 ab
1733 4037 2056 4108 {Egyptiaca

495 4133 758 4188 servitute
803 4141 856 4186 et
900 4131 1208 4185 calamitate
1247 4130 1462 4184 liberati
1506 4138 1656 4185 sunt.
1689 4130 2056 4196 Quamobrem

492 4225 698 4279 dictum
729 4231 842 4279 est:
867 4251 933 4261 —-
951 4219 1138 4292 (Vsus.
1156 4220 1470 4292 7.)Divertit
1488 4221 1551 4275 ab
1579 4222 1817 4276 oneribus
1842 4223 2056 4278 dorsum

2151 3127 2250 3195 χὰς
2301 3125 2736 3196 νενεκρωμένους
2777 3125 2867 3176 ἐπὶ
2922 3123 3023 3194 τὴν
3067 3124 3126 3177 ὲν
3166 3122 3285 3194 Θεῷ
3321 3123 3497 3195 ζωήν·
3534 3119 3610 3176 ὧν
3664 3124 3738 3176 τὰ

2152 3216 2399 3287 σύμϐολα
2439 3216 2646 3285 Μωσῆς
2679 3214 3041 3286 παραδιδοὺς,
3092 3214 3193 3285 τὴν
3240 3215 3368 3284 περὶ
3415 3213 3739 3281 σαλπίγγων

2152 3309 2456 3379 ἐνομοθέτει
2487 3309 2700 3379 ἑορτήν.
2733 3306 2826 3360 Διὸ
2857 3302 3105 3359 λέλεκται
3126 3322 3140 3336 ⁸
3179 3306 3518 3374 Μαρτύριον
3553 3305 3626 3357 ἐν
3651 3304 3736 3370 τῷ

2166 3401 2379 3470 Ἰωσὴφ
2406 3403 2568 3455 ἔθετο
2601 3400 2768 3454 αὑτό.
2796 3398 2861 3452 Τί
2886 3399 2942 3452 δὲ
2985 3399 3118 3452 αὐτὸ
3159 3393 3228 3469 ἦν
3272 3399 3334 3451 τὸ
3366 3399 3735 3468 πρόσταγμα;

2151 3493 2212 3546 τὸ
2244 3492 2507 3563 περὶτῶν
2535 3491 2848 3560 σαλπίγγων
2869 3507 2882 3520 ·
2916 3490 3024 3543 ἀπὸ
3054 3492 3182 3561 μιᾶς
3215 3490 3272 3542 δὲ
3304 3489 3477 3559 φυλῆς
3510 3491 3613 3558 τῆς
3634 3489 3736 3542 τοῦ

2167 3587 2361 3658 Ἰωσὴφ
2392 3586 2454 3639 τὸ
2483 3587 2590 3639 πᾶν
2625 3585 2815 3655 ἐδήλου
2839 3582 3006 3647 ἔθνος.
3044 3582 3144 3636 Διὰ
3168 3581 3222 3636 τί
3253 3582 3311 3636 δὲ
3337 3584 3394 3634 ὲν
3421 3582 3629 3644 τούτοις
3666 3582 3737 3634 τδ

2155 3683 2262 3735 πᾶν
2286 3681 2438 3744 ἔθνος
2478 3678 2674 3750 Ἰωσὴφ
2709 3679 3030 3751 ὡνόμασεν;
3090 3677 3412 3748 Έπειδήπερ
3453 3675 3739 3746 προφάσει

2153 3772 2247 3826 τοῦ
2288 3771 2484 3843 Ἰωσὴφ
2520 3771 2571 3823 oi
2594 3771 2794 3834 πάντες
2832 3768 3288 3840 κατεληλύθεισαν
3320 3771 3398 3832 εἰς
3430 3767 3738 3836 Αἴγυπτον.

2155 3864 2293 3916 Πότε
2321 3862 2378 3915 δὲ
2412 3861 2708 3933 μαρτύριον
2739 3861 2830 3914 τὸν
2869 3860 2998 3931 περὶ
3043 3858 3362 3928 σαλπίγγων
3388 3859 3553 3929 νόμον
3582 3859 3741 3910 ἔθετο

2153 3954 2232 4025 τῷ
2259 3953 2394 4024 λαῷ,
2421 3953 2454 4024 ἢ
2484 3952 2603 4007 κατ’
2629 3953 2837 4005 ἐκεῖνον
2868 3951 2960 4004 τὸν
2983 3951 3194 4022 χρόνον,
3231 3950 3352 4004 καθ’
3371 3949 3430 4002 ὃν
3462 3950 3738 4020 ἐξήγαγεν

2155 4045 2351 4108 αὐτοὺς
2392 4046 2454 4097 ἐκ
2493 4044 2595 4113 γῆς
2622 4042 2920 4110 Αἰγύπτου,
2955 4043 3191 4114 ὁπηνίκα
3216 4041 3468 4110 γλῶσσαν
3516 4040 3588 4111 ἣν
3638 4040 3738 4093 οὐκ

2157 4137 2296 4205 ἔγνω
2323 4136 2594 4207 ῆκουσενς
2630 4135 2751 4186 Ἑπὶ
2795 4134 2895 4204 τῆς
2927 4135 3135 4206 ἐρήμου
3180 4132 3289 4204 γὰρ
3328 4131 3735 4204 διατρίϐοντες,

2159 4229 2342 4298 φωνῆς
2391 4226 2526 4280 Θεοῦ
2572 4225 3019 4297 κατηξιώθησαν,
3065 4225 3163 4298 τὴν
3206 4225 3510 4294 Δεκάλογον
3556 4227 3738 4288 αὐτοῖς

491 4317 637 4386 ejus,
668 4334 856 4370 manus
890 4315 1003 4386 ejus
1043 4315 1096 4368 in
1129 4312 1348 4383 cophino
1387 4315 1718 4382 servierunt;
1756 4316 2051 4370 secundum

2161 4317 2482 4384 ἐξάκουστον
2507 4315 2944 4385 διαταττομένου.
2973 4315 3107 4368 Κατ’
3131 4315 3308 4368 ἐκεῖνο
3333 4313 3388 4366 δὲ
3417 4313 3618 4385 καιροῦ
3647 4315 3738 4367 καὶ

496 4407 885 4482 Symmachum
917 4423 1084 4462 vero:
1118 4406 1468 4461 Abstulerunt
1500 4406 1564 4459 ab
1593 4423 1747 4462 onere
1783 4407 2056 4462 humerum

491 4501 610 4570 ejus
630 4515 652 4553 :
671 4517 858 4553 manus
886 4499 998 4562 eius
1031 4514 1061 4550 a
1090 4497 1308 4567 cophino
1335 4495 1567 4551 liberata?
1595 4506 1739 4552 sunt.
1770 4495 1904 4550 Nam
1933 4512 2058 4552 cum

494 4590 768 4646 Pharaoni
809 4591 1112 4652 servirent,
1146 4604 1209 4643 ac
1236 4590 1348 4643 luto
1382 4589 1751 4659 lateribusque
1789 4589 2058 4660 astringe-

494 4687 704 4745 rentur,
729 4680 976 4735 civitates
1001 4679 1104 4748 ipsi
1126 4678 1480 4742 aediﬁcautes,
1504 4685 1634 4732 tunc
1658 4692 1792 4733 sane
1811 4679 2063 4749 cophinis

498 4787 694 4828 manus
714 4812 729 4838 ,
759 4771 1020 4826 oneribus
1055 4770 1268 4825 humeri
1297 4769 1758 4840 defatigabantur.
1793 4770 2060 4824 Castorum

497 4865 809 4918 visitatione
852 4863 945 4918 Dei
987 4862 1346 4922 adveniente.
1398 4861 1552 4915 liberi
1593 4875 1835 4915 evasere.
1882 4860 2063 4926 Quare

499 4957 615 5011 ait:
663 4954 884 5010 Divertit
929 4953 992 5007 ab
1038 4953 1282 5007 oneribus
1311 4951 1531 5004 dorsum
1562 4951 1698 5020 ejus.
1747 4948 1883 5015 Quis
1935 4965 2065 5004 vero

499 5048 755 5112 divertit,
799 5047 904 5102 nisi
942 5046 1035 5117 qui
1077 5044 1329 5100 liberavit
1379 5059 1475 5100 eos
1514 5041 1708 5098 Deus?
1761 5041 1856 5098 llis
1896 5057 2063 5114 porro

501 5140 753 5210 dignatus
797 5154 893 5192 eos
926 5146 1042 5201 est,
1097 5137 1224 5206 quia
1268 5137 1321 5190 in
1364 5135 1716 5191 tribulatione
1758 5135 1932 5205 ipsum
1987 5134 2066 5187 in-

499 5231 785 5288 vocabant.
847 5214 1000 5294 Quod
1049 5229 1212 5304 etiam
1263 5226 1463 5298 Moysis
1496 5225 1779 5297 Scriptura
1825 5225 2064 5280 declarat

500 5324 740 5378 dicens:
780 5319 845 5373 Et
903 5304 1260 5388 ingemuerunt
1325 5316 1426 5386 ﬁlii
1487 5315 1684 5382 Israel,
1750 5325 1800 5371 et
1861 5316 2065 5370 clama-

500 5426 680 5472 uerunt
716 5414 784 5468 ad
808 5412 1126 5474 Dominum,
1162 5417 1212 5463 et
1251 5408 1483 5464 ascendit
1523 5408 1728 5462 clamor
1767 5424 1948 5462 eorum
1994 5407 2063 5460 ad

2157 4406 2254 4476 τῆς
2297 4407 2424 4476 παρ’
2467 4405 2786 4474 Αἰγυπτίοις
2826 4404 3069 4468 δουλείας
3109 4421 3170 4456 τε
3219 4405 3313 4457 καὶ
3361 4403 3738 4465 κακοπαθείας

2157 4498 2561 4570 ἠλευθεροῦντο.
2579 4499 2668 4551 Διὸ
2687 4497 2956 4551 λέλεκταιο
2989 4497 3352 4564 Ἁπέστησεν
3365 4498 3488 4552 ἀπὸ
3505 4499 3740 4566 ἇρσεων

2159 4591 2267 4644 τὸν
2293 4589 2484 4644 νῶτον
2513 4589 2722 4643 αὐτοῦ·
2764 4593 2824 4643 αἱ
2849 4590 3042 4659 χεῖρες
3071 4589 3258 4643 αὑτοῦ
3299 4589 3369 4642 ἐν·
3392 4588 3477 4654 τῷ
3512 4594 3740 4661 πορίμῳ

2161 4681 2532 4735 ἐδούλευσαν
2553 4699 2566 4712 ·
2586 4681 2726 4734 κατὰ
2745 4681 2802 4740 δὲ
2830 4681 2922 4733 τὸν
2949 4680 3240 4751 Σύμμαχον
3258 4697 3272 4709 ⁸
3299 4680 3608 4748 Παρεῖλον
3627 4681 3739 4736 ἁ.τό

2158 4771 2514 4840 βασταγμοῦ
2541 4772 2649 4824 τὸν
2684 4766 2844 4841 ὦμον
2874 4770 3080 4836 αὑτοῦ,
3106 4773 3165 4823 αὶ
3185 4770 3374 4840 χεῷες
3416 4773 3612 4827 αὐτοῦ
3645 4789 3739 4824 xeo

2167 4864 2346 4932 φίνου
2369 4861 2966 4932 ἀπηλλάγησαν.”οτε
2986 4861 3095 4933 γὰρ
3119 4862 3394 4915 ἐδούλευον
3421 4862 3504 4934 τῷ
3518 4862 3738 4935 Φαραὼ,

2168 4951 2323 5023 πηλῷ
2347 4969 2406 5004 τε
2443 4953 2537 5006 καὶ
2577 4952 2824 5024 πλινθείᾳ
2854 4950 3291 5022 κατειργάζοντο,
3328 4953 3738 5023 οἰκοδομοῦντες

2167 5039 2312 5111 αύτῷ
2342 5040 2441 5102 τὰς
2472 5040 2674 5106 πόλεις,
2695 5040 2755 5093 τὸ
2775 5040 3074 5112 τηνικαῦτα
3100 5041 3337 5110 κοφίνοις
3367 5043 3470 5112 μὲν
3505 5044 3610 5106 τὰς
3631 5043 3737 5112 χεῖ-

2169 5149 2288 5203 ρας,
2319 5130 2664 5203 βαστάγμασι
2696 5132 2751 5185 δὲ
2781 5132 2906 5196 τοὺς
2937 5131 3119 5203 ὤμους
3149 5131 3575 5188 κατεπονοῦντο.
3598 5133 3739 5200 Πλὴν

2167 5223 2301 5277 ἀλλὰ
2333 5224 2536 5277 τούτων
2561 5224 2813 5277 ἁπάντων
2835 5223 3105 5296 ἐλεύθεροι
3133 5225 3474 5296 κατέστησαν
3503 5225 3607 5294 τῆς
3627 5227 3741 5276 ἑπι-

2169 5315 2376 5387 σκοπῆς
2417 5317 2600 5378 αὐτοῖς
2634 5315 2949 5386 γενομένης.
2993 5316 3083 5369 Διό
3117 5332 3311 5386 φησιν’
3371 5316 3743 5383 Ἁπέστησεν

2168 5408 2286 5461 ἀπὸ
2327 5407 2558 5476 ἂρσεων
2580 5407 2687 5461 τὸν
2718 5407 2910 5462 νῶτον
2945 5408 3154 5463 αὐτοῦ.
3189 5409 3286 5472 Τίς
3315 5407 3373 5462 δὲ
3406 5408 3738 5478 ἀπέστησεν,

573 5595 618 5626 ὀ
657 5592 676 5645 1
709 5591 900 5650 Thess.
938 5608 1011 5658 tv,
1049 5591 1139 5646 l5.
1215 5591 1258 5623 ’ί
1300 5589 1475 5645 lCor.
1510 5604 1599 5653 xv,
1634 5587 1723 5646 52.
1799 5591 1844 5622 "
1884 5587 1901 5641 Ι
1937 5586 2051 5644 The

2171 5603 2244 5653 tv,
2278 5587 2362 5642 l5.
2438 5588 2485 5620 ”
2525 5586 2691 5641 Matth
2752 5603 2898 5652 ιιιν,
2935 5588 3017 5643 5t).
