3996 6210
275 371 389 426 977

1405 377 1908 434 COMMENTARIA
1950 380 2016 434 IN
2055 379 2390 438 PSALMOS.

3410 379 3514 449 973

266 486 394 540 ἀλλ’
418 488 450 558 ἢ
476 488 506 538 6
533 487 904 561 ἐλευθερώσας
925 493 1122 558 αὐτοὺς
1149 495 1310 566 Θεός;
1337 497 1552 550 Τούτων
1575 498 1634 551 δὲ
1659 499 1835 562 αὐτοὺς

1955 500 2122 555 Deum
2151 501 2217 557 ".
2262 501 2472 568 Quibus
2520 501 2722 556 accinit
2763 501 2866 556 hoc
2909 501 3113 555 dictum
3152 500 3232 556 sic
3261 499 3511 556 habens:

267 576 451 645 ἠξίου,
491 579 787 653 ἐπειδήπερ
815 584 874 637 ἐν
916 583 1089 655 θλίψει
1131 587 1292 641 αὐτὸν
1325 589 1718 643 ἐπεκαλοῦντοο
1755 593 1848 645 καὶ

267 669 438 721 τοῦτο
471 669 528 723 δὲ
557 672 588 741 ή
621 673 864 738 Μωσέως
891 677 1186 748 παρίστησι
1217 679 1406 752 Γραφὴ
1441 680 1673 750 λέγουσα
1693 701 1706 714 ·
1737 684 1847 738 Kal

270 760 729 827 κατεστέναξαν
774 768 829 819 ol
876 768 996 822 vlol
1051 769 1296 839 Ἰσραὴλ
1319 812 1334 836 ,
1375 774 1473 828 καὶ
1509 776 1850 843 ἀνεϐόησαν

270 851 429 918 πρὸς
477 855 729 923 Κύριον,
775 859 874 913 καὶ
923 859 1106 928 ἀνέϐη
1149 863 1272 932 βοὴ
1319 865 1517 920 αὐτῶν
1558 867 1708 935 πρὸς
1744 869 1851 922 τὸν

273 941 448 994 Θεόν.
477 938 574 1006 Οἷς
597 944 904 1011 ἀκολούθως
927 949 1022 1003 καὶ
1044 949 1104 1003 τὸ
1131 954 1302 1025 παρόν
1335 972 1467 1026 φησι
1497 956 1678 1025 λόγιον
1703 974 1714 984 ”
1754 960 1851 1013 Ἐν

269 1032 482 1101 θλίψει
513 1035 861 1092 ἐπεκαλέσω
893 1057 991 1109 με,
1034 1042 1130 1096 καὶ
1175 1044 1520 1117 ἐρρυσάμην
1551 1064 1624 1103 σε
1642 1064 1658 1080 ·
1705 1051 1850 1118 ἐπή-

268 1123 476 1177 κουσά
511 1141 627 1180 σου
659 1127 729 1181 ἐν
756 1129 1082 1200 ἀποκρύφῳ
1119 1136 1478 1206 καταιγίδος,
1521 1138 1852 1211 ἐδοκίμασά

267 1226 350 1264 σε
375 1213 476 1266 ἐπὶ
507 1214 724 1283 ὕδατος
743 1220 1107 1293 ἀντιλογίας.
1121 1225 1271 1279 .Ἀντὶ
1293 1225 1350 1278 δὲ
1378 1227 1492 1280 τοῖ’)⁸
1511 1229 1851 1297 Ἑπήκουσά

266 1316 392 1357 σου
425 1304 497 1358 ἐν
553 1307 878 1380 ἀποκρύφῳ
941 1317 1300 1388 καταιγίδος,
1340 1321 1369 1373 6
1428 1321 1528 1392 μὲν
1585 1323 1842 1388 Ἀκύλας·

282 1398 634 1489 Ἐπακούσω
672 1418 788 1460 σου
832 1407 903 1460 ἐν
955 1410 1282 1480 ἀποκρύφῳ
1327 1414 1628 1482 βροντῆςο
1680 1418 1773 1470 καὶ
1813 1419 1846 1489 ή

266 1488 502 1561 πέμπτη
527 1491 737 1559 ἔκδοσις
765 1497 982 1567 ὁμοίως.
1010 1501 1144 1555 Εἶτα
1176 1504 1416 1572 ἐπιλέγει
1435 1524 1448 1534 ·
1494 1488 1848 1574 Ἐδοκίμασά

261 1593 344 1634 σε
375 1580 477 1635 ἐπὶ
507 1582 726 1650 ὕδατος
757 1587 1116 1659 ἀντιλογίας.
1154 1595 1219 1645 Ὃ
1261 1593 1326 1664 δὴ
1359 1596 1453 1648 καὶ
1490 1596 1625 1649 αὐτὸ
1661 1597 1847 1666 σαφῶς

265 1672 304 1743 ή
339 1675 585 1741 Μωσέως
617 1679 912 1751 παρίστησι
944 1682 1134 1756 Γραφὴ
1184 1685 1442 1755 λέγουσα·
1493 1690 1614 1742 Οὐκ
1660 1686 1739 1759 ἦν
1778 1688 1848 1742 δὲ

267 1764 429 1835 ὕδωρ
455 1768 613 1822 πιεῖν
643 1769 722 1836 τῷ
755 1771 900 1838 λαῶν
941 1775 1038 1829 καὶ
1069 1777 1424 1847 ἐλοιδορεῖτο
1453 1783 1486 1834 ό
1513 1780 1661 1848 λαός
1693 1781 1847 1851 πρὸς

1949 622 2014 633 ——
2036 593 2224 662 (Vens.
2259 594 2338 662 8.)
2361 593 2426 646 In
2468 593 2808 647 tribulatione
2837 593 3207 657 invocastime,
3238 601 3287 645 et
3302 591 3515 646 liberavi

1953 695 2029 748 te,
2060 683 2306 738 exaudiui
2333 693 2380 737 te
2407 685 2462 737 in
2495 683 2803 739 abscondito
2832 685 3185 753 tempestatis,
3219 682 3434 752 probavi
3465 689 3515 735 te

1950 777 2089 846 apud
2119 793 2310 848 aquam
2342 775 2794 830 contradictionis.
2825 775 2932 830 Pro
2963 776 3053 830 illo
3085 784 3299 829 autem:
3333 772 3514 827 Exau-

1949 868 2056 923 divi
2087 877 2134 923 te
2164 869 2218 922 in
2247 867 2553 924 abscondito
2585 870 2909 937 tempestatis
2933 910 2947 931 ,
2976 867 3172 938 Aquila
3201 866 3281 922 sic
3307 865 3469 920 habet
3493 883 3511 923 :

1951 961 2252 1014 Exaudiant
2277 971 2324 1016 te
2358 962 2414 1015 in
2443 961 2747 1016 abscondito
2771 961 2989 1015 tonitrui
3011 1002 3024 1024 ,
3047 970 3100 1015 et
3129 960 3318 1030 quinta
3347 959 3512 1014 editio

1950 1053 2217 1108 similiter.
2261 1052 2464 1110 Deinde
2499 1054 2684 1108 subdit
2734 1071 2747 1107 :
2801 1053 3032 1107 Probavi
3061 1061 3107 1106 te
3142 1051 3280 1121 apud
3319 1067 3506 1120 aquam

1947 1146 2405 1200 contradictionis.
2437 1143 2589 1210 Quod
2618 1145 2795 1216 ipsum
2829 1145 2976 1199 clare
2999 1143 3201 1216 Moysis
3227 1142 3511 1212 Scriptura

1947 1244 2166 1290 enarrat
2194 1237 2281 1291 his
2308 1236 2490 1292 verbis
2515 1256 2527 1291 :
2564 1235 2688 1291 Non
2715 1245 2830 1290 erat
2857 1245 3031 1290 autem
3061 1253 3196 1306 aqua
3229 1235 3297 1289 ad
3335 1235 3512 1289 biben-

1947 1326 2074 1380 dum
2111 1327 2346 1397 populo:
2379 1338 2428 1382 et
2458 1329 2708 1399 jurgatus
2741 1337 2819 1382 est
2867 1332 3091 1399 populus
3130 1336 3315 1381 contra
3357 1325 3511 1396 Moy-

1947 1437 2054 1474 sem
2086 1419 2263 1475 dicens
2289 1439 2302 1474 :
2325 1420 2405 1474 Da
2443 1422 2590 1474 nobis
2631 1438 2843 1490 aquam,
2879 1432 2934 1474 ut
2967 1421 3229 1475 bibamus.
3262 1420 3361 1475 Ille
3391 1436 3508 1473 vero

1947 1510 2149 1565 dicebat
2179 1527 2199 1564 :
2221 1511 2398 1579 Quare
2423 1513 2717 1584 jurgamini
2755 1530 2988 1578 mecum,
3023 1523 3114 1566 aut
3157 1529 3252 1566 cur
3297 1511 3509 1566 tentatis

1947 1601 2230 1656 Dominum
2259 1603 2339 1656 9‘?
2365 1601 2560 1658 Postea
2591 1619 2755 1658 vero:
2785 1603 2936 1656 Dixit
2961 1602 3170 1673 Moyses
3203 1603 3272 1661 ad
3317 1601 3509 1656 Domi-

1949 1709 2066 1746 num
2086 1708 2108 1748 :
2139 1693 2278 1758 Quid
2315 1692 2511 1758 faciam
2543 1694 2736 1762 populo
2765 1693 2933 1749 huic?
2960 1708 3148 1762 parum
3183 1691 3351 1746 aberit
3380 1692 3507 1762 quin

1950 1784 2184 1853 lapident
2212 1800 2312 1838 me.
2345 1783 2546 1838 Deinde
2575 1786 2650 1837 ait
2680 1783 2937 1838 Dominus
2967 1784 3034 1838 ad
3083 1801 3200 1838 eum
3227 1799 3246 1837 :
3274 1782 3378 1836 llic
3414 1799 3508 1853 ego

263 1856 519 1926 Μωσῆν,
538 1859 636 1914 καί
659 1860 888 1929 ἔλεγον·
908 1863 1020 1931 Δὸς
1037 1865 1179 1934 ἡμῖν
1193 1866 1370 1937 ὕδωρ,
1394 1869 1494 1924 ἵνα
1515 1871 1758 1940 πίωμεν.
1791 1871 1835 1924 Ὀ

1947 1888 2029 1933 sto
2059 1888 2180 1932 ante
2208 1886 2256 1932 te
2282 1879 2337 1932 in
2360 1888 2510 1947 petra
2531 1879 2588 1932 in
2612 1878 2836 1933 Choreb.
2867 1878 2928 1931 Et
2955 1880 3243 1946 percutiam
3269 1885 3471 1944 petram
3489 1914 3503 1938 ,

262 1947 336 2000 δὲ
370 1948 561 2020 ἔλεγε·
592 1952 654 2005 Τί
675 1952 1046 2022 λοιδορεῖσθέ
1070 1975 1195 2027 μοι,
1221 1957 1258 2027 ἢ
1288 1959 1341 2013 τί
1389 1959 1688 2030 πειράζετε
1727 1964 1844 2018 Κύ-

254 2058 434 2108 ριον;
460 2043 568 2095 Καὶ
600 2044 748 2115 ἐξῆςο
778 2043 927 2102 Εἷπε
957 2048 1180 2118 Μωσῆς
1210 2051 1360 2121 πρὸς
1382 2055 1600 2122 Κύριον
1619 2055 1840 2125 λέγων’

270 2132 336 2184 Τί
366 2133 596 2200 ποίησω
623 2133 704 2199 τῷ
737 2134 864 2201 λαῷ
890 2139 1110 2206 τούτῳ;
1129 2141 1217 2194 ἔτι
1235 2141 1473 2210 μικρὸν,
1495 2141 1594 2194 καὶ
1613 2145 1842 2197 λιθοϐο-

258 2218 544 2290 λήσουσί
571 2243 668 2294 με.
712 2224 837 2281 Εἶθ’
871 2232 904 2283 ό
939 2231 1157 2298 Κύριος
1198 2231 1347 2300 πρὸς
1376 2234 1562 2286 αὐτόν
1617 2250 1838 2304 φησιν·

259 2306 412 2367 τοδε
439 2313 552 2383 ἐγὼ
572 2316 800 2386 ἕστηκα
832 2318 944 2388 πρὸ
974 2319 1080 2374 τοῦ
1109 2321 1184 2376 σὲ
1206 2322 1349 2389 ἐκεῖ,
1365 2323 1466 2376 ἐπὶ
1495 2323 1604 2393 τῆς
1625 2324 1842 2394 πέτρας

257 2404 336 2459 ἐν
365 2405 586 2473 Χωρήϐ.
619 2408 727 2461 Καὶ
759 2409 1000 2476 πατάξω
1043 2411 1157 2481 τὴν
1180 2414 1422 2482 πέτραν,
1461 2416 1560 2469 καὶ
1599 2416 1840 2481 ἐξελεύ-

259 2506 438 2546 σεται
461 2493 636 2565 ὕδωρ,
667 2495 765 2550 καὶ
792 2500 986 2554 πίεται
1020 2503 1052 2556 ό
1081 2504 1250 2569 λαός.
1282 2504 1388 2558 Kal
1415 2505 1700 2574 ἐποίησεν
1737 2508 1839 2560 οὖ-

261 2601 384 2650 τως
414 2587 660 2656 Μωσῆς.
700 2591 805 2645 Kal
836 2593 1188 2664 ἐπωνόμασε
1221 2597 1285 2650 τὸ
1317 2595 1504 2668 ὄνομα
1528 2597 1633 2653 τοῦ
1652 2601 1838 2654 τόπου

257 2675 503 2732 ἐκείνου
539 2683 874 2750 Πειρασμὸς
906 2685 1004 2738 καὶ
1033 2687 1404 2756 Λοιδόρησις,
1437 2689 1536 2744 διὰ
1564 2692 1680 2759 τὴν
1711 2694 1838 2746 λοι-

257 2767 477 2837 ὄορίαν
496 2770 615 2825 τῶν
641 2773 790 2827 υἱῶν
835 2777 1104 2845 Ἰσραὴλ,
1138 2781 1237 2834 καὶ
1278 2779 1375 2834 διὰ
1414 2782 1520 2838 τοῦ
1551 2782 1839 2852 πειράζειν

256 2862 490 2930 αὐτοὺς
511 2866 748 2933 Κύριον,
763 2866 1072 2937 λέγονταςο
1097 2873 1167 2924 El
1188 2870 1318 2924 ἔστι
1337 2873 1549 2941 Κύριος
1576 2875 1646 2928 ἐν
1669 2876 1833 2945 ἡμῖν,

257 2955 304 3024 ἢ
347 2955 450 3020 ob;
489 2957 676 3012 Ταῦτα
710 2960 886 3014 πάντα
908 2960 1000 3014 τὸν
1045 2962 1104 3028 ἐξ
1148 2961 1316 3017 ἐθνῶν
1347 2964 1474 3019 λαὸν
1516 2967 1753 3022 διδάσκει
1801 2971 1834 3042 ἡ

263 3046 410 3118 μετὰ
436 3051 622 3121 χεῖρας
643 3052 969 3122 προφητεία,
993 3052 1068 3117 ὡς
1094 3053 1159 3109 ἂν
1194 3055 1382 3125 μάθοιο
1413 3059 1578 3114 ποίων
1599 3059 1785 3132 ἔτυχεν
1807 3063 1835 3115 6

258 3139 484 3210 πρῶτος
528 3141 675 3206 λαὸς,
711 3145 805 3196 καὶ
837 3146 916 3208 εἰς
946 3139 1060 3198 οἷον
1107 3147 1331 3219 ἐλήλυθε
1367 3149 1537 3215 τέλος,
1573 3154 1835 3224 σωφρονί-

259 3229 414 3293 ζοιτό
437 3247 492 3282 τε
523 3232 586 3285 ἐκ
616 3233 710 3285 τοῦ
736 3235 1190 3306 παραδείγματος.
1216 3238 1306 3295 Διὸ
1333 3243 1446 3304 τοῖς
1466 3242 1832 3314 προλεχθεῖσιν

260 3322 622 3377 ἑπισυνάπτει
650 3324 717 3378 τὰ
773 3325 902 3397 ἑξῆς
963 3328 1297 3396 ἀναγκαίως,
1345 3332 1404 3384 ἐν
1451 3327 1532 3395 οἷς
1586 3333 1828 3406 εἷρηται’

264 3413 585 3480 Ἄκουσον,
634 3418 784 3484 λαός
823 3437 977 3488 μου,
1023 3422 1120 3475 καὶ
1162 3420 1661 3493 διαμαρτυροῦμαι
1693 3441 1790 3480 σοι
1815 3444 1828 3457 ·

275 3504 548 3574 Ἰσραὴλ,
591 3507 700 3562 ἐὰν
739 3510 1010 3579 ἀκούσῃς
1051 3531 1190 3581 μου,
1217 3516 1328 3568 οὐκ
1358 3513 1528 3568 ἔσται
1567 3532 1666 3571 σοι
1692 3518 1832 3585 Θεὸς

260 3595 633 3664 πρόσφατος,
679 3598 820 3653 οὐδὲ
864 3602 1315 3674 προσκυνήσεις
1353 3606 1474 3673 Θεῷ
1517 3607 1826 3677 ἀλλοτρίῳ.

276 3684 421 3753 Ἐγὼ
448 3685 558 3755 γάρ
587 3689 702 3757 ειμι
734 3691 950 3758 Κύριος.
973 3696 1005 3747 ὀ
1029 3695 1171 3760 Θεός
1206 3709 1322 3749 σου
1350 3698 1383 3750 ό
1414 3697 1724 3768 ἀναγαγών
1758 3716 1831 3753 σε

261 3775 335 3828 ἐκ
364 3775 477 3845 τῆς
510 3781 813 3848 Αἰγύπτου
833 3797 846 3810 ·
891 3783 1203 3840 πλάτυνον
1238 3787 1305 3841 τὸ
1342 3791 1534 3859 στόμα
1557 3806 1693 3856 σου,
1734 3793 1830 3848 καὶ

261 3867 564 3935 πληρώσω
585 3870 750 3924 αὑτό.
774 3873 884 3926 Kal
914 3877 1022 3928 οὐκ
1052 3875 1320 3945 ἤκουσεν
1344 3883 1378 3934 ό
1400 3883 1546 3948 λαός
1578 3901 1695 3952 μου
1720 3884 1829 3953 τῆς

260 3959 470 4029 φωνῆς
502 3980 642 4030 μου,
670 3965 770 4018 καὶ
827 3967 1071 4036 Ἰσραὴλ
1108 3973 1179 4024 οὐ
1232 3973 1538 4042 προσέσχε
1567 3995 1688 4046 μοι.
1719 3981 1827 4034 Καὶ

259 4049 663 4114 ἐξαπέστειλα
705 4057 925 4124 αὐτοὺς
957 4061 1106 4114 κατὰ
1149 4061 1219 4115 τὰ
1257 4064 1685 4135 ἐπιτηδεύματα
1712 4068 1829 4124 τῶν

260 4142 523 4212 καρδιῶν
546 4148 762 4202 αὐτῶν·
791 4152 1182 4218 πορεύσονται
1204 4155 1273 4208 ἐν
1301 4157 1424 4224 τοῖς
1448 4159 1831 4232 ἐπιτηδεύμα-

257 4249 373 4290 σιν
391 4237 606 4292 αύτῶν.
631 4240 711 4294 Τὰ
736 4243 832 4312 μὲν
860 4246 992 4315 παρ’
1016 4245 1170 4315 ἐμοῦ,
1204 4247 1357 4319 φησὶ,
1389 4249 1590 4324 δεδωρη
1601 4254 1733 4323 μένα
1750 4254 1830 4327 τῷ

259 4328 377 4399 λαῷ
405 4329 628 4385 τοιαῦτα
663 4329 732 4404 ἦν
753 4377 766 4400 ,
799 4335 956 4389 ὁποῖα
986 4337 1260 4409 διεξῆλθεν
1297 4343 1325 4394 6
1367 4341 1554 4412 λόγος·
1593 4344 1663 4398 τὰ
1697 4345 1739 4398 δ’
1768 4347 1828 4412 ἐξ

257 4419 442 4475 αὐτῶν
470 4424 548 4486 είς
581 4424 683 4495 ἐμὲ
714 4427 810 4496 οὐχ
839 4427 1020 4498 ὃμοια,
1053 4430 1172 4484 οὐδὲ
1201 4431 1327 4496 ἄξια
1368 4425 1442 4486 ὧν
1468 4433 1653 4505 ἔτυχον
1695 4439 1825 4508 παρ’

1943 1979 1994 2026 et
2022 1969 2184 2024 exibit
2214 1987 2374 2040 aqua,
2405 1980 2452 2024 et
2488 1969 2624 2024 bibet
2652 1971 2894 2038 populus.
2923 1969 2990 2023 Et
3024 1969 3144 2038 fecit
3162 1970 3235 2022 ita
3270 1967 3500 2038 Moyses.

1942 2060 2016 2113 Et
2044 2060 2240 2114 vocavit
2265 2075 2447 2113 nomen
2483 2060 2584 2114 loci
2610 2059 2773 2125 illius,
2791 2059 3151 2114 Tentationem
3169 2067 3218 2112 et
3233 2055 3268 2109 .I
3274 2072 3502 2126 urgtum,

1940 2159 2152 2218 propter
2179 2150 2420 2220 jurgium
2451 2149 2683 2208 ﬁliorum
2735 2149 2946 2216 Israel,
3001 2161 3050 2204 et
3101 2150 3227 2220 quia
3275 2159 3506 2204 tentave-

1940 2251 2063 2296 runt
2101 2239 2380 2294 Dominum
2412 2241 2639 2295 dicentes
2664 2255 2682 2292 :
2714 2242 2793 2294 An
2827 2250 2905 2295 est
2942 2239 3198 2294 Dominus
3230 2240 3284 2293 in
3331 2238 3501 2303 nobis,

1938 2347 2097 2386 necne
2127 2329 2212 2370 ’δν
2238 2329 2364 2385 Haec
2395 2329 2710 2385 universum
2740 2345 2808 2384 ex
2831 2329 3084 2400 gentibus
3110 2328 3369 2398 populum
3403 2327 3504 2381 do-

1939 2430 2025 2479 cet
2081 2436 2321 2491 praesens
2370 2421 2687 2490 prophetia,
2724 2427 2782 2474 ut
2827 2421 3006 2476 sciant
3044 2426 3166 2492 qna:
3208 2420 3387 2492 prisco
3424 2419 3503 2475 illi

1939 2514 2139 2584 populo
2167 2511 2486 2579 acciderint,
2509 2520 2565 2568 et
2591 2511 2684 2584 qui
2716 2511 2840 2567 linis
2871 2511 2991 2582 ejus
3016 2512 3215 2576 fuerit;
3245 2519 3409 2582 atque
3433 2527 3499 2566 ex

1937 2604 2056 2673 ejus
2080 2603 2330 2674 exemplo
2355 2603 2423 2657 ad
2451 2602 2721 2657 cautelam
2747 2611 2990 2656 vocetur.
3027 2599 3204 2667 Quare
3227 2601 3501 2670 praedictis

1940 2694 2053 2749 haec
2089 2710 2210 2766 qua:
2244 2703 2550 2765 sequuntur
2596 2687 2924 2749 necessario)
2948 2693 3135 2762 adjicit
3165 2711 3178 2744 :
3207 2722 3278 2732 —
3333 2690 3496 2748 Vens.

1937 2785 2094 2842 9-13.
2138 2786 2300 2851 Audi,
2337 2786 2558 2856 populus
2576 2802 2739 2850 meus,
2758 2795 2807 2841 et
2823 2784 3496 2855 testiﬁcabortibi:Israel,

1935 2879 1984 2933 si
2011 2881 2244 2935 audieris
2273 2897 2374 2948 me,
2399 2897 2499 2935 non
2526 2882 2626 2936 erit
2655 2883 2709 2935 in
2731 2891 2778 2935 te
2795 2879 2934 2935 Deus
2953 2896 3149 2946 recens,
3177 2895 3334 2952 neque
3362 2879 3496 2932 ado-

1935 2973 2080 3027 rabis
2110 2971 2279 3026 Deum
2307 2972 2556 3027 alienum.
2591 2972 2704 3043 Ego
2741 2975 2879 3027 enim
2925 2990 3040 3028 sum
3071 2971 3326 3026 Dominus
3358 2970 3497 3026 Deus

1935 3064 2180 3134 tuus,qui
2205 3063 2365 3117 eduxi
2385 3072 2432 3117 te
2447 3065 2509 3119 de
2537 3073 2677 3118 terra
2697 3063 2950 3134 ngypti;
2969 3063 3139 3116 dilata
3165 3079 3222 3116 os
3251 3071 3419 3129 tuum,
3448 3072 3496 3115 et

1935 3157 2158 3226 implebo
2184 3155 2341 3210 illud.
2377 3155 2448 3209 Et
2497 3171 2600 3209 non
2649 3156 2850 3210 audivit
2881 3155 3103 3224 populus
3132 3170 3274 3208 meus
3325 3171 3496 3208 uocem

1935 3267 2124 3318 meam,
2149 3259 2198 3305 et
2230 3248 2402 3303 Israel
2428 3265 2530 3302 non
2569 3248 2797 3302 intendit
2827 3249 2976 3301 mihi.
3017 3246 3085 3300 Et
3108 3247 3287 3300 dimisi
3306 3263 3389 3300 eos
3415 3263 3497 3299 se-

1933 3343 2163 3396 cundum
2196 3341 2463 3396 desideria
2485 3341 2654 3395 cordis
2680 3357 2857 3394 eorum
2873 3357 2892 3405 ;
2917 3339 3064 3394 ibunt
3087 3339 3138 3392 in
3169 3339 3496 3395 adinventio-

1932 3433 2084 3488 nibus
2109 3435 2240 3488 suis.
2272 3432 2426 3488 Talia
2457 3439 2634 3496 erant.
2668 3432 2867 3502 inquit,
2913 3447 3138 3486 munera
3181 3432 3378 3502 populo
3399 3447 3495 3500 per

1931 3540 2019 3580 me
2045 3525 2267 3591 collata,
2288 3525 2468 3595 qualia
2496 3538 2677 3580 sermo
2724 3522 3020 3578 enarravit.
3051 3522 3156 3578 Sed
3181 3537 3301 3593 qua:
3331 3521 3384 3576 in
3410 3538 3497 3577 me

1931 3617 2036 3688 ipsi
2066 3632 2343 3688 peregere,
2368 3632 2478 3670 non
2511 3614 2732 3678 similia,
2783 3630 2960 3685 neque
3005 3615 3166 3685 digna
3217 3614 3285 3668 iis
3337 3621 3496 3669 erant

1931 3724 2052 3780 qua:
2079 3724 2108 3762 a
2137 3724 2222 3764 me
2256 3706 2541 3763 consecuti
2571 3714 2718 3762 sunt.
2749 3704 3027 3776 Siquidem
3049 3722 3149 3776 ego
3186 3713 3266 3761 tot
3313 3713 3495 3761 tanto-

1927 3815 2160 3871 rumque
2192 3801 2328 3872 ipsis
2359 3801 2584 3872 largitor
2640 3802 2928 3864 bonorum,
2963 3800 3065 3855 hoc
3097 3815 3265 3854 unum
3292 3799 3360 3854 ab
3413 3799 3495 3857 eis

1928 3901 2210 3963 expetens,
2248 3893 2393 3963 quod
2430 3907 2562 3948 sane
2605 3895 2781 3964 legum
2831 3908 3043 3949 summa
3091 3899 3146 3947 et
3193 3899 3358 3963 caput
3386 3899 3492 3956 est,

1929 3994 1990 4039 ut
2014 3999 2119 4039 non
2143 3985 2306 4050 idola,
2324 3985 2420 4040 sed
2445 4001 2531 4040 me
2561 3986 2737 4041 solum
2759 3983 2928 4040 Deum
2951 3985 3212 4048 colerent,
3237 3982 3492 4054 praecepi,

1929 4071 2015 4126 his
2048 4070 2172 4126 illos
2202 4085 2556 4126 commoneas
2585 4070 2793 4126 verbis:
2815 4071 2976 4132 Audi,
3001 4069 3222 4139 populus
3255 4084 3417 4135 meus,
3442 4077 3492 4122 et

1930 4163 2251 4233 testificabor
2283 4163 2378 4217 tibi
2405 4177 2426 4217 :
2453 4161 2651 4230 Israel,
2674 4163 2719 4216 si
2747 4163 2979 4216 audieris
3017 4178 3118 4226 me,
3167 4177 3270 4214 non
3303 4161 3402 4214 erit
3435 4161 3489 4212 in

1930 4266 1978 4310 te
2014 4256 2154 4311 Deus
2178 4273 2375 4323 recens,
2408 4271 2569 4326 neque
2596 4255 2844 4309 adorabis
2895 4253 3061 4308 Deum
3093 4253 3343 4306 alienum.
3380 4249 3490 4319 Ego

1927 4351 2063 4404 enim
2087 4365 2202 4402 sum
2224 4348 2481 4402 Dominus
2518 4347 2655 4400 Deus
2694 4357 2835 4406 tuus,
2867 4347 2957 4415 qui
2980 4344 3137 4398 eduxi
3165 4354 3213 4396 te
3232 4344 3296 4396 de
3348 4352 3490 4394 terra

1928 4439 2169 4509 Egypti.
2201 4437 2326 4493 Haec
2356 4437 2564 4500 monui,
2598 4436 2712 4491 haec
2760 4436 2993 4507 praecepi
3027 4452 3040 4485 :
3073 4435 3186 4487 hanc
3237 4441 3353 4486 erat
3401 4438 3487 4484 to-

255 4511 421 4601 ὲμού.
460 4513 600 4582 Ἐγὼ
639 4516 736 4586 μὲν
764 4517 872 4589 γὰρ
894 4521 923 4572 6
943 4519 1052 4573 τῶν
1083 4522 1351 4576 τοσούτων
1384 4525 1566 4590 αὐτοῖς
1591 4529 1826 4600 χορηγὸς

1936 4531 2040 4585 tius
2073 4529 2208 4601 legis
2236 4543 2368 4584 meae
2400 4543 2553 4583 mens
2575 4534 2628 4582 et
2675 4525 2966 4582 sententia.
3019 4521 3312 4591 Praeceptis
3358 4534 3490 4576 vero

258 4600 504 4668 ἀγαθῶν,
521 4603 580 4657 ἓν
603 4604 747 4660 τοῦτ’
775 4608 1052 4673 αὐτοῖς,τδ
1069 4611 1134 4682 δὴ
1161 4612 1270 4666 τῶν
1303 4614 1480 4686 νόμων
1509 4617 1822 4686 κεφάλαιον,

257 4692 406 4762 λέγω
429 4693 486 4747 δέ
512 4695 573 4748 τὸ
595 4697 669 4768 μὴ
696 4698 1117 4772 είδωλολατρεῖν,
1148 4703 1248 4774 ἐμὲ
1265 4705 1320 4758 δὲ
1350 4707 1508 4777 μόνον
1533 4707 1664 4762 Θεὸν
1693 4711 1827 4764 εἰδέ-

257 4803 372 4852 ναι,
402 4788 905 4863 παρεκελευσάμην,
933 4793 1072 4848 αὐτὰ
1103 4795 1167 4868 δὴ
1199 4796 1371 4852 ταῦτα
1409 4803 1691 4873 παραινῶν
1734 4803 1827 4857 καὶ

258 4877 456 4946 λέγων·
497 4881 806 4946 Ἄκουσον,
835 4887 985 4952 λαός
1011 4905 1151 4956 μου,
1196 4891 1292 4944 καὶ
1325 4891 1829 4965 διαμαρτυροῦμαί

257 4983 360 5020 σοι
379 4985 394 5000 ο
438 4970 694 5038 Ἰσραὴλ,
725 4972 832 5027 ἐὰν
855 4975 1124 5046 ἀκούσῃς
1139 4997 1280 5047 μου,
1304 4984 1414 5037 οὐκ
1431 4983 1600 5038 ἔσται
1623 4985 1695 5039 ἐν
1722 4987 1820 5040 σοὶ

259 5061 407 5127 Θεὸς
435 5063 798 5132 πρόσφατος,
827 5067 970 5122 οὐδὲ
1006 5072 1455 5140 προσκυνήσεις
1479 5074 1600 5142 Θεῷ
1633 5076 1819 5131 ἀλλο·

256 5155 430 5221 τρίφο
453 5154 569 5225 ἐγὼ
596 5157 706 5226 γάρ
741 5161 857 5228 εἶμι
887 5163 1100 5230 Κύριος
1131 5168 1165 5219 ό
1200 5167 1344 5232 Θεός
1387 5182 1504 5221 σου
1527 5171 1563 5223 ό
1598 5170 1821 5240 ἀναγα-

253 5243 380 5313 γών
411 5259 485 5299 σε
506 5246 574 5301 ἐκ
604 5247 716 5318 γῆς
739 5253 1058 5321 Αἰγύπτου.
1100 5257 1282 5310 Ταῦτα
1315 5258 1609 5329 παρῄνουν,
1649 5262 1822 5316 ταῦτα

255 5337 730 5412 παρεκελευόμην,
774 5342 944 5396 ταῦτα
967 5346 995 5398 6
1041 5347 1148 5410 πᾶς
1182 5347 1282 5418 τῆς
1335 5348 1475 5418 ἐμῆς
1507 5350 1824 5420 νομοθεσίας

255 5425 509 5483 ἐϐούλετο
535 5429 680 5495 νοῦς.
710 5434 956 5506 Συνῆπτό
981 5454 1040 5490 τε
1067 5441 1179 5502 τοῖς
1207 5440 1657 5512 παραγγέλμασιν
1687 5445 1822 5513 ἀγα-

256 5515 366 5569 θῶν
388 5520 706 5588 ἐπαγγελία,
732 5524 800 5578 δι’
820 5516 896 5580 ὧν
915 5525 1152 5595 ἔφασκον
1171 5544 1184 5558 °
1209 5528 1526 5584 Πλάτυνον
1547 5530 1612 5584 τὸ
1629 5536 1822 5603 στόμα

253 5625 394 5676 σου,
424 5611 524 5665 καὶ
559 5616 856 5683 κληρώσω
881 5621 1048 5674 αὑτό.
1079 5621 1143 5674 El
1182 5620 1291 5692 γὰρ
1326 5621 1499 5677 ταῦτα
1535 5623 1815 5692 φυλάξετε,

333 5792 378 5824 ³⁸
415 5791 585 5848 ωοά.
628 5809 689 5861 ιι,
719 5795 812 5852 22.
885 5798 930 5830 ’⁸
967 5797 1136 5856 Exod.
1174 5817 1305 5870 xm,
1345 5805 1394 5859 l.
1468 5804 1514 5836 "
1553 5802 1681 5858 ibid.
1721 5804 1773 5858 4.

1928 4622 2200 4677 bonorum
2251 4619 2543 4692 promissio
2585 4618 2980 4688 copulabatur,
3023 4631 3148 4671 cum
3203 4613 3484 4668 dicerem:

1927 4712 2114 4767 Dilata
2144 4729 2201 4766 os
2227 4721 2396 4776 tuum,
2425 4720 2473 4766 et
2502 4710 2724 4778 implebo
2756 4709 2913 4764 illud.
2953 4707 3088 4762 Nam
3141 4707 3255 4760 haec
3287 4705 3331 4760 si
3365 4720 3488 4760 ser-

1926 4804 2086 4870 vetis,
2121 4802 2322 4858 affatim
2355 4803 2699 4874 ubertimque
2723 4801 2827 4856 cibi
2858 4799 3014 4855 vobis
3059 4797 3485 4869 suppeditabun-

1929 4905 2038 4961 tur,
2069 4895 2183 4952 sive
2207 4894 2475 4966 corporei,
2509 4894 2624 4950 sive
2657 4895 2695 4948 ii
2719 4893 2812 4964 qui
2854 4907 2951 4962 per
2981 4891 3191 4947 divinas
3242 4889 3487 4960 discipli-

1928 5003 2028 5044 nas
2054 4987 2250 5042 anima:
2278 4969 2784 5043 subministrantur.
2819 4983 2932 5054 Ego
2982 4982 3199 5054 quidem
3229 4981 3342 5036 hmo
3370 4995 3486 5036 mo-

1927 5079 2144 5143 nebam,
2178 5079 2292 5134 haec
2312 5077 2728 5149 promittebam;
2764 5076 2841 5130 illi
2877 5073 3057 5130 autem
3089 5089 3278 5129 vocem
3309 5088 3484 5128 meam

1926 5184 2036 5224 non
2069 5169 2357 5225 audierunt
2389 5189 2402 5223 :
2433 5176 2485 5224 et
2500 5169 2686 5231 Israel,
2714 5168 2807 5238 qui
2829 5167 2994 5223 tantis
3023 5165 3299 5222 beneﬁciis
3322 5177 3483 5219 orna—

1926 5271 2016 5317 tus
2049 5269 2154 5328 est,
2209 5276 2320 5316 non
2366 5260 2597 5315 intendit
2646 5260 2818 5314 mihi:
2851 5258 2973 5314 ideo
3013 5257 3138 5327 jure
3179 5255 3358 5309 dimisi
3395 5268 3479 5306 eos

1928 5354 2214 5409 secundum
2255 5353 2518 5407 desideria
2565 5352 2737 5406 cordis
2773 5367 2970 5406 eorum.
3021 5349 3127 5403 Pro
3179 5363 3285 5416 quo
3326 5343 3482 5413 Sym—

1926 5441 2157 5496 machus
2183 5442 2572 5512 interpretatus
2597 5450 2719 5498 est:
2761 5440 2882 5495 Non
2915 5440 3115 5494 audivit
3173 5445 3344 5488 autem
3381 5449 3476 5501 po-

1925 5533 2081 5604 pulus
2105 5549 2248 5587 meus
2272 5550 2442 5588 vocem
2464 5550 2654 5600 meam,
2703 5542 2752 5588 et
2784 5532 2952 5587 Israel
2976 5547 3076 5582 non
3107 5524 3478 5594 obtemperavit

1926 5627 2071 5682 milii.
2112 5626 2305 5682 Dimisi
2343 5643 2464 5698 ergo
2513 5627 2634 5682 illos
2678 5625 2996 5696 beneplacito
3043 5620 3214 5675 cordis
3259 5617 3367 5681 sui,
3418 5625 3476 5671 ut
