4008 6210
378 1507 382 1512 -
481 1489 646 1545 Deum
672 1504 814 1544 esse.
850 1487 977 1542 Erat
1009 1489 1211 1559 quippe
1245 1503 1412 1542 unum
1465 1497 1518 1543 et
1569 1487 1711 1544 idem
1773 1488 1868 1544 Dei
1920 1487 2058 1544 Ver-

466 353 575 408 979
814 358 830 374 ‘
1161 354 1430 412 EUSEBII
1466 352 1948 411 CIESARIENSIS
1990 353 2140 410 OPP.
2185 353 2368 410 PARS
2407 353 2496 412 Ill.
2521 354 3020 413 —EXEGETICA.
3615 355 3718 411 980

467 469 734 523 ambulent
765 469 816 522 in
851 469 1090 524 consiliis
1121 472 1255 525 suis.
1312 470 1452 527 Hinc
1480 470 1701 526 divinus
1751 470 2046 541 Apostolus
2077 477 2098 532 Α

2200 471 2461 535 roma-rm;
2485 471 2635 539 ἕξετε
2659 473 2752 526 καὶ
2775 468 3218 545 πεπληρωμένους
3242 469 3340 536 τὰς
3359 471 3584 544 τροφὰς,
3611 473 3719 525 εἴτε

467 562 536 617 de
569 563 896 632 quibusdam
923 562 1083 618 docet
1120 581 1132 615 :
1173 563 1402 634 Propter
1453 566 1595 635 quod
1650 563 1872 618 tradidit
1925 564 2044 618 illos

2200 571 2245 625 ις
2268 562 2364 615 τοῦ
2396 561 2664 634 σώματος,
2697 564 2807 617 εἴτε
2847 565 2940 618 καὶ
2969 563 3069 628 τὰς
3093 564 3180 618 διὰ
3201 563 3361 618 θείων
3389 564 3723 636 μαθημάτων

473 653 610 708 Deus
643 655 696 706 in
732 654 994 709 desideria
1025 655 1200 710 cordis
1230 673 1413 710 eorum
1447 657 1512 711 ⁸⁷.
1539 655 1648 711 Pro
1697 657 1789 711 illo
1841 665 2044 720 autem,

2200 654 2215 725 ᾖ
2246 653 2392 724 ψυχῇ
2427 655 2856 726 χορηγουμένας.
2906 653 3046 725 Ἐγὼ
3081 657 3178 726 μὲν
3205 650 3297 709 οῦν
3335 655 3509 708 ταῦτα
3553 657 3727 726 napi},-

471 745 596 800 Non
621 749 722 801 erit
746 748 800 800 in
827 757 876 802 te
897 747 1038 804 Deus
1073 766 1250 804 recens
1271 767 1290 803 ε
1322 750 1541 818 Aquila,
1601 748 1724 803 Non
1766 751 1864 804 erit
1913 752 1970 804 in
2002 759 2049 804 te

2200 764 2272 798 i‘JV
2307 747 2401 799 καὶ
2435 747 2878 819 ἐπηγγελλόμην⁹
2903 748 2954 800 οἱ
2989 748 3046 800 δὲ
3078 748 3178 800 οὑκ
3221 747 3417 818 ἢκουον
3445 747 3542 818 τῆς
3585 746 3727 816 ἐμῆς

469 839 624 908 fortis
646 839 889 905 alienus;
915 839 1277 912 Symmachus
1304 857 1432 896 vero
1459 860 1472 894 :
1495 840 1618 895 Non
1643 843 1712 895 sit
1744 843 1799 896 in
1829 853 1878 896 te
1909 843 2049 898 Deus

2200 837 2370 908 ωνῆς’
2423 838 2518 890 καὶ
2557 839 2586 890 6
2629 838 2896 892 τοσούτων
2947 836 3351 910 κατηξιωμένος
3400 837 3730 907 εὐεργεσιῶν

468 942 748 987 extraneas
787 972 808 999 ,
862 935 1203 1004 interpretati
1256 943 1385 989 sunt
1451 933 1783 989 Extraneum
1816 945 1996 991 autem
2034 955 2046 990 :

2200 929 2383 1002 apa’q).
2425 930 2486 983 ού
2559 931 2826 1002 προσέσχε
2887 948 3004 1002 μοι’
3069 930 3190 984 ὅθεν
3238 930 3464 993 εἰκότως
3511 929 3730 994 ἐξαπέ-

470 1026 710 1080 ιιιίεηυηι
737 1035 791 1080 et
826 1035 1102 1081 recentem
1133 1025 1324 1091 Deum,
1363 1029 1456 1096 qui
1506 1027 1632 1082 talis
1663 1027 1807 1098 apud
1863 1035 2052 1098 gentes

2200 1027 2367 1078 τειλα
2403 1023 2625 1090 αὐτοὺς
2654 1023 2803 1076 κατὰ
2831 1022 2902 1076 τὰ
2947 1022 3384 1092 ἐπιτηδεύματα
3420 1020 3540 1074 τῶν
3587 1038 3724 1089 scap-

474 1119 613 1173 falso
661 1125 986 1188 reputatur,
1042 1117 1368 1186 nominavit,
1415 1119 1715 1172 multorum
1765 1120 2052 1174 numinum

2200 1115 2300 1170 ιῶν
2320 1115 2536 1170 αὐτῶν.
2555 1115 2694 1169 Ἀνθ⁹
2711 1109 2770 1169 οῦ
2791 1117 2818 1168 ὁ
2840 1115 3132 1186 Σύμμαχος
3164 1117 3505 1187 ήρμήνευσεν
3531 1113 3734 1168 εἰπών·

474 1210 840 1266 idololatriam
869 1212 948 1265 sic
982 1211 1213 1280 carptim
1240 1225 1571 1266 memorans.
1598 1209 1809 1277 Quibus
1831 1212 2014 1268 subdit
2038 1231 2052 1268 :

2200 1211 2276 1279 ύχ
2309 1210 2625 1278 ὑπήκουσε
2662 1209 2730 1262 δὲ
2769 1213 2802 1263 ὀ
2851 1211 3001 1275 λαός
3039 1226 3158 1278 μου
3191 1209 3306 1275 τῆς
3344 1206 3552 1280 φωνῆς
3587 1223 3734 1276 μου,

477 1304 590 1374 Ego
625 1304 765 1357 enim
798 1319 916 1355 sum
977 1301 1233 1356 Dominus
1266 1301 1406 1356 Deus
1454 1312 1598 1368 tuus,
1647 1303 1937 1358 declarans
1999 1321 2058 1360 se

2200 1304 2260 1359 al
2295 1306 2533 1375 Ἰσραὴλ
2557 1308 2668 1361 οὐκ
2700 1306 2949 1372 ἐπείσθη
2975 1322 3098 1374 μοι.
3139 1302 3358 1372 Ἀφῆκα
3378 1297 3490 1355 οὖν
3510 1299 3741 1366 αὐτοὺς

475 1411 654 1466 neque
679 1404 1022 1460 extraneum,
1059 1410 1236 1464 neque
1286 1394 1546 1459 alienum,
1585 1410 1762 1466 neque
1783 1403 2057 1451 recentem

2200 1397 2235 1466 ᾗ
2263 1399 2544 1466 ἀρεσκείᾳ
2607 1398 2717 1468 τῆς
2758 1397 3006 1466 καρδίας
3049 1395 3248 1451 αὐτῶν
3273 1435 3287 1459 ,
3333 1395 3564 1448 ὁδεύειν
3605 1392 3742 1459 ταῖς

2157 1492 2415 1558 ,ϐουλαῖς
2443 1491 2658 1546 αὐτῶν.
2707 1491 2988 1545 Ἐντεῦθεν
3019 1493 3048 1545 6
3077 1490 3220 1553 θεῖος
3235 1487 3556 1551 Ἀπόστολος
3586 1487 3740 1540 διδά-

479 1581 630 1644 bum,
661 1581 805 1651 quod
837 1580 967 1636 olim
991 1581 1361 1636 diversimode
1403 1581 1644 1651 antiquis
1694 1581 1804 1636 illis
1838 1581 2061 1636 oracula

2201 1603 2284 1639 κει
2330 1584 2455 1656 περί
2482 1602 2643 1639 τινων
2673 1584 2846 1654 λέγων
2871 1601 2884 1614 ·
2931 1583 3026 1638 Διὸ
3061 1582 3404 1652 παρέδωκεν
3444 1579 3672 1645 αὐτοὺς
3711 1581 3746 1633 ό

478 1673 763 1740 fundebat,
797 1675 1053 1745 quodque
1085 1673 1232 1730 Deus
1251 1673 1426 1730 Jacoh
1449 1681 1698 1738 vocatur,
1733 1676 1877 1745 quod
1931 1675 2060 1730 item

2200 1677 2310 1743 νεὸς
2361 1677 2431 1730 ἐν
2487 1676 2616 1743 ταῖς
2661 1677 2998 1746 ἐπιθυμίαις
3045 1674 3165 1728 τῶν
3217 1672 3473 1742 καρδιῶν
3518 1668 3743 1724 αὐτῶν.

481 1768 536 1821 in
563 1767 1038 1822 consummatione
1092 1767 1416 1821 surculorum
1451 1766 1507 1819 in
1554 1772 1700 1820 terra
1721 1766 1900 1820 visum
1955 1774 2059 1820 est.

2200 1769 2323 1821 Αντὶ
2353 1767 2410 1822 δὲ
2440 1768 2555 1821 τοῦ·
2596 1770 2717 1822 Οὐκ
2746 1768 2916 1822 ἕσται
2949 1768 3019 1821 ἐν
3057 1769 3155 1822 σοὶ
3192 1767 3334 1833 Θεὸς
3370 1767 3746 1834 πρόσφατος,

481 1846 616 1913 Nam
640 1860 804 1914 etiam
829 1866 954 1914 ante
990 1859 1234 1912 divinum
1267 1873 1425 1914 suum
1449 1858 1741 1914 adventum
1771 1859 1825 1912 in
1856 1857 2060 1914 mundo
2093 1835 2098 1889 ἶ

2236 1859 2468 1924 Ἀκύλας
2485 1878 2498 1891 ·
2525 1863 2647 1914 Οὐκ
2676 1861 2848 1915 ἔσται
2869 1861 2940 1914 ἐν
2960 1861 3058 1914 σοὶ
3103 1859 3354 1930 ἰσχυρὸς
3385 1859 3748 1924 ἀλλότριοςο

483 1960 622 2016 erat,
648 1961 702 2008 et
736 1953 975 2007 mundus
998 1967 1094 2022 per
1117 1953 1293 2023 ipsum
1324 1950 1503 2007 l‘actus
1532 1959 1637 2006 est.
1691 1949 2058 2017 Quamobrem

2222 1953 2278 2006 δὲ
2308 1953 2616 2025 Σύμμαχος·
2644 1953 2740 2022 Μὴ
2765 1954 2920 2008 ἔστω
2949 1955 3018 2007 ἐν
3045 1953 3143 2008 σοὶ
3167 1951 3310 2018 Θεὸς
3340 1950 3536 2016 ξένος,
3561 1950 3754 2020 ἡρμήο

485 2045 600 2099 bzec
633 2045 883 2099 instituta
917 2044 1083 2099 tradit
1116 2064 1128 2098 :
1156 2043 1269 2114 Ego
1298 2045 1438 2098 enim
1468 2059 1586 2097 sum
1641 2042 1898 2096 Dominus
1922 2042 2062 2097 Deus

2201 2064 2347 2101 ευσε.
2384 2047 2546 2101 Ξένον
2583 2047 2639 2101 δὲ
2673 2049 2766 2102 καὶ
2800 2047 3076 2119 ἀλλότριον
3108 2045 3240 2100 Θεὸν
3281 2044 3374 2098 καὶ
3408 2043 3752 2116 πρόσφατον,

487 2147 629 2201 tuus,
655 2139 743 2207 qui
771 2137 931 2191 eduxi
958 2146 1004 2190 te
1030 2137 1092 2190 de
1119 2147 1261 2190 terra
1291 2136 1530 2206 {Egyptt

2203 2139 2262 2192 ὸν
2311 2137 2743 2211 πεπλανημένως
2790 2137 2942 2210 παρὰ
2985 2139 3096 2200 τοῖς
3143 2135 3318 2188 ἔθνεσι
3363 2132 3757 2203 νενομισμένον

486 2235 758 2306 ὠνόμασε,
790 2234 889 2305 τὴν
919 2232 1177 2286 πολύθεον
1217 2231 1660 2304 εἰδωλολατρείαν
1700 2233 1845 2286 οὓτω
1887 2233 2408 2305 παραπεμπόμενος.
2437 2230 2532 2297 Οἷς
2559 2233 2826 2302 ἐπιλέγει·
2878 2230 3018 2302 Ἐγὼ
3086 2229 3196 2302 γάρ
3255 2232 3370 2299 ειμι
3435 2228 3658 2295 Κύριος
3726 2229 3759 2279 ό

490 2331 636 2396 Θεός
667 2347 815 2394 σου,
858 2329 1128 2400 παριστὰς
1158 2326 1347 2381 ἑαυτὸν
1378 2325 1499 2380 οὔτε
1533 2326 1703 2394 ξένον,
1746 2327 1867 2381 οὔτε
1901 2329 2197 2401 ἀλλότριον.
2221 2327 2344 2382 οὔτε
2378 2330 2689 2402 πρόσφατον
2725 2329 2854 2382 ὄντα
2883 2328 3036 2383 Θεόν.
3095 2322 3204 2379 Ἦν
3263 2324 3373 2397 γὰρ
3413 2320 3493 2387 εἷς
3566 2324 3670 2376 καὶ
3731 2324 3762 2374 ὀ

489 2424 702 2488 αὐτὸςό
733 2421 828 2475 τοῦ
860 2420 994 2475 Θεοῦ
1028 2420 1221 2488 Λόγος,
1262 2421 1357 2474 καὶ
1386 2421 1416 2473 6
1453 2420 1620 2474 πάλαι
1654 2421 1927 2492 διαφόρως
1954 2425 2067 2485 τοῖς
2106 2421 2354 2486 παλαιοῖς
2393 2419 2766 2494 χρηματίζων,
2799 2421 2910 2493 ὁδὴ
2931 2421 3026 2474 καὶ
3062 2417 3194 2482 Θεὸς
3227 2415 3422 2471 Ἰακὼὸ
3456 2415 3761 2486 ἐπικεκλη-

495 2518 684 2590 μένος,
712 2517 741 2568 6
790 2515 883 2567 καὶ
934 2512 1028 2565 ἐπὶ
1077 2512 1354 2585 συντελείᾳ
1405 2512 1515 2566 τῶν
1553 2511 1763 2567 αἰώνων
1815 2515 1906 2567 ἐπὶ
1956 2514 2062 2584 γῆς
2099 2514 2304 2584 ὀφθείς.
2335 2514 2550 2586 Ἐνγὰρ
2571 2513 2650 2584 τῷ
2673 2514 2862 2585 κόσμῳ
2883 2509 2951 2584 ἦν
2974 2512 3066 2566 καὶ
3126 2509 3352 2582 πρὸτῆς
3412 2507 3763 2577 θεοφανείας,

491 2611 632 2668 καὶὸ
652 2611 855 2680 κόσμος
872 2609 939 2662 δι’
962 2608 1126 2664 αὑτοῦ
1154 2609 1388 2677 ἐγένετο.
1416 2609 1614 2681 Διόπερ
1639 2609 2069 2680 παρακελεύεται
2106 2610 2277 2680 λέγων
2297 2627 2310 2640 ο
2357 2611 2496 2680 Ἐγὼ
2530 2609 2642 2680 γάρ
2681 2612 2796 2680 εἰμι
2819 2609 3033 2677 Κύριος
3065 2609 3098 2660 ό
3128 2606 3271 2672 Θεός
3312 2619 3451 2668 σου,
3511 2605 3545 2657 ὀ
3606 2601 3765 2658 ἀνα-

492 2706 690 2776 γαγών
713 2721 787 2760 σε
812 2706 881 2758 ἐκ
918 2704 1032 2775 γῆς
1062 2706 1386 2775 Αἰγύπτου.

565 2821 732 2879 Vsus.
767 2823 966 2886 Η,15.
997 2821 1057 2876 Si
1084 2824 1308 2892 populus
1334 2840 1476 2888 meus
1499 2826 1731 2879 audisset
1762 2842 1863 2890 me,
1904 2824 2076 2879 Israel

497 2921 541 2974 si
565 2919 617 2972 in
643 2919 740 2971 viis
775 2919 901 2970 meis
927 2917 1250 2970 ambulasset
1269 2960 1284 2984 ,
1315 2934 1410 2987 pro
1437 2917 1602 2971 nihilo
1633 2919 1863 2984 forsitan
1891 2920 2076 2973 inimi-

499 3030 587 3065 cos
641 3025 824 3064 eorum
868 3008 1258 3075 humiliassem,
1307 3019 1356 3063 et
1411 3028 1566 3081 super
1619 3011 1931 3067 tribulantes
1989 3030 2076 3068 eos

501 3103 764 3156 misissem
794 3117 1008 3154 manum
1039 3117 1230 3156 meam.
1256 3102 1397 3157 Iram
1429 3104 1629 3175 quippe
1671 3103 1765 3160 Dei
1795 3121 1910 3161 non
1935 3105 2080 3174 inju-

503 3196 584 3248 ria
609 3210 709 3248 nec
738 3194 858 3248 sine
879 3207 1045 3247 causa
1077 3191 1362 3247 Iudaicam
1413 3194 1681 3250 invasisse
1709 3204 1923 3264 gentem
1959 3196 2078 3250 sul—
2107 3163 2154 3224 ϐ

506 3286 752 3341 tieienter
788 3283 1053 3341 defendit.
1093 3283 1430 3356 Videturque
1458 3286 1588 3341 mihi
1623 3286 1689 3340 ad
1714 3287 2085 3358 praecedentes

505 3377 964 3448 interro‘gationes
984 3395 996 3430 :
1026 3375 1246 3446 thuid,
1264 3377 1427 3445 Deus,
1447 3377 1692 3448 repulisti
1710 3380 1763 3433 in
1777 3381 1957 3450 ﬁnem,
1976 3382 2087 3433 ira-

509 3483 594 3526 tus
621 3480 694 3525 est
725 3471 878 3540 furor
902 3479 1022 3524 tuus
1051 3487 1207 3539 super
1236 3487 1350 3524 oves
1401 3486 1613 3540 pascua:
1637 3481 1742 3526 tua:
1765 3473 1848 3525 ⁹⁸⁶ἰ
1881 3487 1944 3526 ac
1966 3488 2090 3526 rur-

508 3578 629 3615 sum
656 3579 668 3615 :
697 3558 893 3632 thuid
907 3559 1222 3614 destruxisti
1248 3560 1531 3614 maceriam
1545 3560 1683 3630 ejus,
1701 3570 1748 3614 et
1768 3561 2089 3616 vindemiant

507 3670 625 3706 eam
654 3669 832 3708 omnes
858 3654 949 3724 qui
989 3652 1500 3724 pra'tergrediuntur
1552 3653 1693 3706 viam
1721 3653 1768 3687 ⁹⁹
1787 3652 1812 3704 ?
1863 3669 2090 3724 respon-

511 3748 722 3803 sionem
776 3746 1086 3802 instituere.
1120 3735 1254 3800 Na‘m
1288 3761 1397 3814 qua
1429 3746 1496 3802 de
1545 3761 1711 3802 causa
1767 3747 1883 3802 haec
1942 3748 2091 3818 passi

513 3839 663 3903 sint,
687 3837 931 3893 declarat
959 3837 1046 3894 his
1072 3839 1255 3893 verbis
1286 3858 1297 3892 :
1339 3837 1478 3904 Quia
1500 3855 1605 3892 non
1638 3839 1848 3892 audivit
1862 3841 2090 3910 populus

513 3947 661 3984 meus
686 3947 858 3985 vocem
891 3948 1084 3999 meam,
1109 3940 1159 3985 et
1209 3930 1382 3986 Israel
1414 3948 1516 3985 non
1545 3933 1774 3986 intendit
1805 3933 1963 3997 mihi;
1995 3943 2049 3989 et
2077 3952 2089 3987 :

516 4024 577 4082 Si
607 4025 831 4096 populus
857 4042 1001 4079 meus
1033 4025 1269 4078 audisset
1310 4041 1412 4088 me,
1445 4022 1617 4077 Israel
1653 4025 1701 4077 si
1729 4025 1783 4077 in
1814 4026 1914 4077 viis
1967 4027 2094 4079 meis

517 4119 864 4185 ambulasset,
895 4135 990 4188 pro
1025 4117 1193 4172 nihilo
1244 4117 1475 4186 forsitan
1524 4116 1766 4171 inimicos
1797 4134 1977 4171 eorunt
2005 4120 2099 4171 Itu-

516 4210 833 4266 miliassem.
878 4209 986 4266 Pro
1015 4225 1126 4280 quo
1167 4207 1527 4280 Symmachus
1555 4210 1944 4279 interpretatus
1963 4223 2047 4266 est
2079 4231 2090 4264 :

518 4303 587 4358 1n
622 4304 846 4358 minimo
878 4303 1107 4374 forsitan
1131 4301 1377 4356 inimicos
1396 4317 1580 4355 eorum
1619 4302 1882 4369 vicissem,
1921 4311 1971 4358 et
2002 4319 2098 4357 su-

516 4413 610 4466 per
639 4395 975 4451 adversarios
1009 4411 1191 4448 eorum
1217 4395 1587 4448 convertissem
1635 4411 1851 4448 manum
1904 4412 2095 4449 meam.

518 4487 646 4543 Haec
680 4503 812 4544 sane
843 4485 1122 4550 fecissem,
1145 4487 1343 4555 inquit,
1370 4493 1563 4540 contra
1605 4485 1862 4541 inimicos
1890 4487 2097 4558 populi,

2253 2825 2325 2878 El
2361 2825 2393 2877 ό
2419 2821 2568 2887 λαός
2589 2836 2708 2890 μου
2737 2815 2969 2886 ἢκουσέ
2987 2833 3128 2886 μου,
3167 2811 3412 2882 Ἰσραὴλ
3433 2812 3566 2880 ταῖς
3595 2813 3769 2882 ὁδοῖς

2176 2935 2296 2988 μου
2331 2917 2381 2968 εὶ
2405 2913 2700 2982 ἐπορεύθη
2721 2927 2734 2940 ·
2761 2910 2830 2963 ἐν
2861 2907 2941 2974 τῷ
2979 2907 3193 2979 μηδενὶ
3225 2903 3302 2960 ἂν
3329 2906 3472 2972 τοὺς
3507 2907 3769 2976 ἐχθροὺς

2182 3007 2381 3066 αὐτῶν
2399 3006 2792 3067 ἐταπείνωσα,
2811 3003 2910 3056 καὶ
2926 3002 3024 3056 ἐπὶ
3047 3001 3187 3068 τοὺς
3209 3001 3524 3066 θλίϐοντας
3541 3001 3770 3067 αὐτοὺς

2185 3104 2483 3158 ἐπέϐαλον
2505 3101 2581 3154 ἂν
2605 3102 2720 3168 τὴν
2747 3097 2914 3168 χεῖρά
2932 3116 3072 3168 μου.
3104 3095 3322 3160 Ἱκανῶς
3346 3095 3769 3166 ἀπολελόγηται,

2183 3197 2265 3250 ὅτι
2299 3197 2372 3268 μὴ
2405 3195 2641 3268 ἀκρίτως
2677 3194 2813 3263 μήτε
2842 3190 2918 3254 ὡς
2944 3189 3098 3260 ἔτυχε
3137 3188 3368 3260 μετῆλθε
3394 3189 3458 3241 τὸ
3495 3187 3770 3241 Ἰουδαίων

2189 3290 2339 3354 ἔθνος
2367 3291 2400 3360 ὴ
2437 3290 2502 3341 ὲκ
2539 3285 2674 3340 Θεοῦ
2706 3286 2862 3357 ὀργή.
2894 3283 3004 3338 Καί
3041 3301 3130 3355 μοι
3153 3283 3298 3336 δοκεῖ
3329 3282 3466 3354 πρὸς
3495 3282 3596 3344 τὰς
3618 3281 3769 3335 ἀνωο

2188 3382 2332 3453 τέρω
2373 3379 2700 3451 λελεγμένας
2744 3376 2987 3440 πεύσεις,
3028 3377 3087 3430 ὲν
3127 3374 3206 3446 τῷ
3247 3375 3372 3429 Ἵνα
3419 3375 3476 3427 τί
3521 3377 3555 3427 ὁ
3599 3375 3771 3439 Θεὸς,

2189 3471 2409 3526 ἀπώσω
2441 3474 2529 3538 εὶς
2562 3469 2755 3536 τέλος,
2782 3469 3041 3538 ὠργίσθη
3067 3469 3100 3520 ό
3123 3467 3308 3536 θυμός
3338 3481 3455 3519 σου
3481 3465 3578 3517 ἐπὶ
3618 3467 3773 3532 πρό-

2192 3568 2336 3618 ϐατα
2363 3563 2551 3633 νομῆς
2570 3578 2721 3626 σου;
2762 3562 2857 3615 καὶ
2884 3560 3046 3614 πάλιν
3065 3577 3078 3588 ⁸
3111 3560 3235 3614 Ἵνα
3271 3557 3328 3611 τί
3366 3557 3631 3622 καθεῖλες
3658 3557 3776 3609 τὸν

2192 3657 2465 3726 φραγμὸν
2501 3653 2711 3723 αὐτῆς,
2740 3655 2838 3708 καὶ
2885 3651 3185 3723 τρυγῶσιν
3229 3650 3424 3720 αὐτὴν
3454 3649 3678 3714 πάντες
3711 3651 3775 3703 οἱ

2193 3747 2742 3818 παραπορευόμενοι
2786 3745 2901 3814 τὴν
2939 3745 3118 3808 ὀδόν;
3161 3745 3260 3814 τὴν
3319 3743 3600 3814 ἀπόκρισιν
3670 3757 3779 3794 πε-

2193 3841 2473 3913 ποιῆσθαι.
2495 3843 2611 3895 Ἵνα
2639 3841 2692 3894 τί
2719 3839 2828 3913 γὰρ
2855 3839 2925 3892 τὰ
2947 3838 3170 3892 τοιαῦτα
3192 3836 3492 3890 πεπόνθασι
3526 3834 3778 3888 διδάσκει

2196 3935 2370 4004 λέγων
2391 3953 2404 3965 ο
2433 3935 2556 3987 ’Ότι
2587 3935 2699 3988 οὐκ
2737 3931 3008 4000 ἤκουσεν
3039 3933 3071 3984 ὁ
3103 3930 3254 3995 λαός
3282 3945 3401 3998 μου
3427 3926 3537 3994 τῆς
3567 3924 3779 3996 φωνῆς

2191 4046 2331 4098 μου,
2371 4026 2470 4081 καὶ
2491 4025 2738 4095 Ἰσραὴλ
2765 4025 2837 4078 οὐ
2860 4021 3165 4092 προσέσχε
3183 4039 3304 4091 μοι.
3334 4019 3449 4082 καὶ,
3474 4021 3541 4072 Εἰ
3569 4021 3602 4072 ὁ
3625 4019 3779 4084 λαός

2192 4138 2312 4189 μου
2339 4118 2569 4189 ἤκουσέ
2593 4135 2736 4186 μου,
2774 4113 3022 4184 Ἰσραὴλ
3051 4115 3180 4180 ταῖς
3209 4112 3372 4178 ὁδοῖς
3397 4128 3520 4180 μου
3549 4112 3602 4164 ei
3643 4110 3780 4162 ἐπο·

2192 4212 2412 4280 ρεύθη·
2453 4210 2523 4264 ἐν
2568 4209 2646 4274 τῷ
2698 4206 2916 4278 μηδενὶ
2959 4206 3037 4260 ἂν
3085 4204 3226 4270 τοὺς
3271 4202 3523 4272 ἐχθροὺς
3580 4200 3781 4255 αὐτῶν

2200 4304 2591 4359 ἐταπείνωσα.
2630 4301 2771 4354 Ἀνθ’
2802 4294 2862 4354 οὗ
2889 4302 2918 4353 6
2941 4298 3236 4370 Σύμμαχος
3259 4297 3610 4368 ήρμὴνευσεν
3630 4311 3644 4324 ο
3689 4294 3780 4344 Ἐν

2203 4397 2487 4468 ὀλιγίστῳ
2509 4395 2586 4450 ἂν
2611 4393 2862 4464 ἐχθροὺς
2887 4393 3084 4447 αὐτῶν
3111 4391 3366 4458 ἧττησα.
3388 4387 3486 4442 καὶ
3511 4387 3612 4441 ἐπὶ
3641 4387 3782 4451 τοὺς

2203 4488 2516 4554 ἐναντίους
2549 4485 2746 4541 αὐτῶν
2789 4484 3135 4554 ἀνέστρεψα
3181 4481 3258 4537 ἂν
3289 4481 3402 4550 τὴν
3435 4479 3605 4552 zeipa'
3638 4498 3779 4548 μου.

521 4581 568 4634 si
592 4580 895 4651 morigeros
921 4578 1047 4634 illos
1070 4578 1411 4644 habuissem,
1429 4587 1483 4634 et
1513 4579 1641 4634 siin
1658 4578 1762 4634 viis
1786 4579 1945 4646 meis,
1964 4597 2098 4651 quas

2207 4577 2394 4633 Ταῦτα
2415 4551 2742 4648 ἂνύἐπραξα,
2772 4575 2926 4647 φησὶ,
2958 4551 3098 4629 κατὰ
3134 4572 3242 4627 τῶν
3274 4551 3482 4644 ἐχθρῶν
3510 4569 3605 4624 τοῦ
3629 4569 3780 4632 λαοῦ,

521 4674 965 4743 praescripseram
998 4672 1157 4743 ipsis,
1191 4671 1572 4726 incessissent.
1618 4670 1777 4726 Nunc
1810 4687 1942 4728 vero
1975 4689 2102 4727 cum

521 4765 950 4834 inobsequentes
979 4772 1034 4820 et
1091 4764 1426 4835 immorigeri
1476 4763 1602 4818 laeti
1643 4764 1777 4829 sint,
1825 4780 1946 4819 sese
1996 4765 2101 4835 ipsi

525 4854 778 4910 inimicos
799 4853 896 4909 Dei
923 4853 1350 4909 constituerunt.
1388 4852 1593 4908 Deinde
1640 4851 1905 4921 quoniam
1928 4850 2101 4922 Spiri-

525 4957 615 5002 tus
645 4956 873 5003 sanctus
930 4947 1311 5018 immorigeros
1358 4955 1414 5001 et
1469 4946 1898 5016 inobsequentes
1960 4945 2106 5009 illos,

525 5041 787 5112 populum
819 5057 980 5096 suum
1009 5056 1107 5112 per
1139 5040 1499 5096 humanitatis
1532 5039 1977 5110 exsuperantiam
2008 5055 2109 5094 vo-

527 5135 694 5198 cavit,
727 5135 888 5190 docet
913 5136 1209 5201 neminem,
1233 5136 1324 5204 qui
1355 5149 1482 5190 vere
1513 5133 1748 5204 populus
1764 5131 1858 5188 Dei
1880 5135 1973 5200 sit,
2006 5133 2114 5203 ipsi

532 5235 986 5297 repugnaturum.
1038 5225 1401 5297 Quamobrem
1465 5227 1631 5283 infert
1663 5227 1965 5283 z—Vsns.
2021 5227 2112 5282 16.

533 5321 749 5375 Inimici
778 5319 991 5374 Domini
1021 5320 1226 5374 mentiti
1248 5331 1370 5373 sunt
1403 5320 1488 5383 ei;
1521 5322 1822 5376 secundum
1861 5319 2112 5392 Symma-

532 5415 697 5468 chum
730 5422 952 5468 autem:
993 5413 1278 5468 Dominum
1321 5429 1539 5467 exosum
1581 5413 1918 5485 faciunt,qui
1967 5430 2112 5468 men-

535 5509 746 5562 tiuntur
773 5509 894 5576 ipsi.
947 5507 1218 5579 Additquc
1256 5505 1370 5561 :Et
1412 5507 1512 5560 erit
1565 5517 1766 5576 tempus
1817 5523 2000 5561 eorum
2059 5507 2115 5560 in

536 5593 812 5656 sw‘culum.
845 5600 1073 5658 Etiamsi
1103 5601 1250 5656 enim
1297 5599 1426 5654 talia
1448 5599 1567 5655 ausi
1617 5599 1842 5665 fuerint,
1872 5609 2114 5654 attamen

537 5705 781 5760 praesens
809 5693 1071 5747 saaculum
1119 5693 1466 5749 obtinebunt.
1502 5693 1569 5748 Et
1603 5693 1707 5748 hoc
1755 5707 1945 5747 eorum
1980 5699 2116 5746 tem-

2209 4672 2257 4724 εἰ
2287 4670 2443 4740 ἔσχον
2477 4668 2674 4732 αὐτοὺς
2709 4666 3002 4738 ὑπηκόους,
3034 4666 3129 4720 καὶ
3160 4666 3209 4719 εἰ
3241 4667 3358 4727 ταῖς
3385 4664 3524 4726 ὁδοῖς
3563 4680 3666 4734 μου
3699 4656 3781 4722 αἷς

2207 4762 2540 4833 διεταξάμην
2567 4761 2751 4822 αὐτοῖς
2784 4759 3176 4832 ἐπορεύθησαν.
3201 4757 3316 4810 Νῦν
3340 4756 3398 4810 δὲ
3433 4756 3657 4828 ἀνήκοοι
3694 4753 3781 4808 καὶ

2207 4857 2456 4918 ἀπειθεῖς
2476 4853 2776 4925 γενόμενοι,
2808 4851 2960 4906 αὐτοὶ
2998 4851 3222 4912 ἑαυτοὺς
3260 4849 3488 4921 ἐχθροὺς
3512 4848 3609 4901 τοῦ
3649 4844 3781 4900 Θεοῦ

2215 4947 2581 5020 κατέστησαν.
2631 4943 2744 4998 Εἶτ’
2791 4943 3089 5015 ἐπειδήπερ
3142 4941 3270 4995 λαὸν
3327 4940 3492 4994 αὑτοῦ
3532 4941 3784 5011 ὠνόμασε

2215 5044 2340 5106 τοὺς
2375 5040 2616 5104 ἀπειθεῖς
2649 5040 2743 5092 καὶ
2794 5036 3055 5107 ἀνηκόους
3095 5033 3214 5090 καθ’
3261 5033 3565 5105 ὑπερϐολὴν
3607 5032 3787 5104 φιλαν-

2217 5135 2462 5207 θρωπίας
2491 5134 2550 5187 τὸ
2602 5132 2826 5203 Πνεῦμα
2861 5130 2922 5183 τὸ
2959 5129 3150 5199 ἅγιον,
3196 5127 3435 5182 διδάσκει
3485 5127 3568 5179 ὅτι
3618 5125 3788 5186 0662!;

2217 5225 2337 5296 Θεῷ
2362 5223 2676 5294 ἀπειθήσειε
2712 5221 2838 5283 λαὸς
2864 5218 3049 5273 αὐτοῦ.
3075 5215 3166 5270 Διὸ
3190 5215 3429 5284 ἐπιλέγει
3453 5231 3466 5243 ο
3493 5217 3558 5267 Ol
3589 5209 3789 5281 ἐχθροὶ

2218 5317 2437 5384 Kvplov
2465 5315 2805 5384 ἐψεύσαντο
2849 5311 3010 5376 αὐτῷ
3029 5330 3042 5342 ·
3083 5309 3226 5364 κατὰ
3252 5308 3309 5361 δὲ
3335 5307 3426 5361 τὸν
3458 5306 3753 5376 Σύμμαχον
3771 5316 3788 5331 ’

2216 5408 2535 5464 Μισοποιοὶ
2555 5409 2776 5477 Κυρίου
2802 5409 2856 5460 ol
2883 5402 3253 5475 ψευσάμενοι
3288 5398 3465 5465 αὐτῷ.
3486 5399 3597 5453 Καὶ
3619 5411 3790 5466 προσ-

2216 5503 2433 5576 τίθησι’
2467 5500 2576 5557 Καὶ
2607 5501 2778 5554 ἔσται
2804 5502 2836 5554 ὀ
2872 5497 3076 5565 καιρὸς
3107 5492 3308 5549 αὐτῶν
3335 5495 3423 5559 εὶς
3447 5490 3555 5544 τὸν
3585 5488 3791 5544 αἰῶνα.

2219 5599 2283 5650 Et
2304 5596 2414 5668 γὰρ
2441 5596 2534 5650 καὶ
2557 5593 2781 5648 τοιαῦτα
2809 5590 3224 5662 τετολμήκασιν,
3247 5587 3398 5657 ὅμως
3424 5584 3516 5637 τὸν
3551 5579 3794 5652 παρόντα

2222 5689 2392 5743 αἰῶνα
2417 5687 2616 5752 ἕξουσι.
2661 5685 2773 5739 Καὶ
2826 5675 2983 5744 οὗτός
3023 5682 3170 5734 ἐστιν
3209 5676 3388 5731 αὐτῶν
3417 5676 3448 5728 6
3475 5671 3681 5744 καιρὸς,
3733 5669 3791 5720 ὲν

611 5848 653 5876 ³⁷
696 5845 848 5904 Ιῖοιιι.
888 5865 932 5916 ι,
971 5850 1060 5906 “li.
1141 5853 1182 5883 εδδ
1222 5850 1366 5906 Psal.
1405 5867 1610 5918 Lxxm,
1654 5857 1699 5906 ι.
1777 5853 1820 5882 ’θ
1866 5848 2007 5906 Psal.
2047 5865 2233 5914 usus,
2277 5848 2357 5903 15.
