4008 6210
257 346 363 429 ssi

1425 362 1932 422 COMMENTARIA
1971 361 2038 416 IN
2076 359 2202 416 PSA
2211 354 2415 416 LMOS.

3417 357 3521 414 982

265 485 311 561 ᾧ
339 487 435 544 καὶ
478 484 620 558 μετά
650 482 890 538 τοσαῦτα
923 480 1372 553 πλημμελήματα
1400 477 1708 548 ἐψώμισεν
1738 477 1847 530 air.

1955 491 2054 547 pus
2081 482 2187 540 est,
2220 489 2331 544 quo
2363 478 2488 543 post
2528 477 2609 525 tot
2668 478 2925 542 tantaque
2974 471 3182 527 scelera
3214 470 3402 544 (Vens.
3430 472 3521 542 i7)

262 581 406 648 τοὺς
454 580 524 634 ἐκ
583 578 839 644 στέατος
896 574 1111 644 πυροῦ,
1150 572 1251 627 καί
1300 572 1370 626 ἐκ
1432 569 1653 639 πέτρας
1702 568 1845 639 μέλι

261 675 595 745 ἐχόρτασεν
646 670 886 736 αὐτούς.
924 666 1082 722 Κατὰ
1119 664 1278 720 τοῦτο
1313 665 1376 719 δὲ
1418 662 1655 735 ἐπλήρου
1716 678 1846 716 κατι

264 765 505 835 ἀξιώσας
552 764 753 828 αὐτοὺς
793 763 893 833 τῆς
935 759 1144 823 οἰκείας
1177 757 1403 832 τροφῆς,
1459 755 1521 809 οὐ
1558 754 1719 826 μόνον
1744 753 1846 824 τῆς

267 856 610 930 σωματικῆς,
641 852 778 908 ἀλλά
810 853 905 906 καὶ¹
934 851 1036 922 τῆς
1082 847 1409 921 ἐπουρανίου
1458 845 1557 900 καὶ
1602 859 1845 913 πνευμα-

266 949 457 1021 τικῆς,
492 947 727 1019 ὁπηνίκα
761 944 996 1017 πρώτοις
1028 943 1214 1006 αὐτοῖς
1253 940 1519 1011 ἐπεδήμει
1552 940 1581 992 6
1610 936 1844 1009 Χριστὸς

266 1040 361 1095 τοῦ
414 1038 572 1105 Θεοῦ,
605 1037 808 1112 τροφὴν
866 1036 1049 1100 αὐτοῖς
1109 1035 1339 1105 παρεῖχε
1387 1031 1479 1086 τὸν
1522 1028 1852 1101 ἐπουράνιον

265 1135 433 1207 ἄρτον
467 1132 627 1197 αὐτὸς
659 1130 871 1185 ἑαυτὸν.
905 1128 981 1182 Οὐ
1022 1127 1127 1199 μὴν
1154 1123 1291 1180 ἀλλὰ
1327 1123 1424 1178 καὶ⁹
1447 1120 1722 1194 ἐψώμισεν
1749 1120 1846 1174 αὑ-

265 1228 395 1289 τοὺς
429 1229 494 1281 ὲκ
526 1227 688 1281 πέντε
735 1224 916 1296 ἀρτων
949 1216 1265 1293 παραδόξως
1311 1217 1405 1270 ἐπὶ
1459 1215 1558 1287 τῆς
1603 1214 1843 1287 ἐρήμου⁸

267 1320 459 1393 ῶσπερ
489 1318 657 1373 πάλαι
691 1316 783 1371 διὰ
800 1315 1049 1379 Μωσέως
1082 1313 1143 1366 τὸ
1182 1312 1372 1383 μάννα.
1411 1309 1533 1362 Ἔτι
1564 1306 1621 1360 δὲ
1657 1305 1754 1360 καὶ
1774 1305 1846 1359 ἐκ

265 1413 490 1483 πέτρας
516 1411 657 1483 μέλι
693 1410 1021 1479 ἐχόρτασεν
1050 1404 1301 1464 αὐτούς·
1340 1401 1516 1474 πέτρα
1552 1399 1608 1453 δὲ
1645 1394 1714 1469 ἦν
1745 1397 1847 1453 αὒ-

265 1507 378 1573 τδς,
411 1502 664 1578 χορηγῶν
716 1502 899 1564 αὐτοῖς
943 1499 1013 1553 τά
1053 1497 1235 1568 πάσης
1278 1494 1471 1578 ἡδονῆς
1519 1492 1614 1546 καὶ
1647 1489 1847 1554 παντὸς

270 1577 485 1670 μέλιτος
517 1592 826 1663 γλυκύτερα
876 1589 1173 1662 μαθήματα
1195 1628 1210 1653 ,
1245 1586 1373 1657 περὶ
1420 1577 1496 1639 ὧν
1532 1579 1601 1655 ἦν
1635 1582 1807 1635 εἰπεῖν
1830 1596 1844 1611 ·

279 1691 381 1756 Ὧς
402 1686 633 1758 γλυκέα
653 1685 726 1740 τὰ
750 1683 927 1756 λόγια
967 1699 1083 1738 σου
1113 1678 1195 1747 τῷ
1233 1675 1493 1750 φάρυγγι
1522 1673 1680 1746 μου]
1696 1672 1849 1741 ὑπὲρ

265 1781 407 1853 μέλι
456 1778 536 1846 τῷ
573 1776 829 1847 στόματί
858 1793 998 1846 μου.
1048 1773 1160 1827 Καὶ
1192 1771 1358 1839 πάλαι
1401 1769 1459 1823 δὲ
1490 1767 1578 1821 διὰ
1604 1765 1849 1828 Μωσέως

1950 568 2143 623 cibavit
2159 584 2247 623 eos
2280 582 2346 621 ea:
2374 564 2527 635 adipe
2553 565 2829 634 frumenti,
2858 574 2907 619 et
2929 563 2993 618 de
3023 574 3173 635 petra
3201 564 3350 619 melle
3376 575 3523 620 satu-

1952 664 2089 716 ravit
2117 676 2226 715 eos.
2270 657 2429 714 Tunc
2456 674 2622 730 porro
2652 658 2779 713 illos
2808 658 3032 728 proprio
3052 657 3175 712 cibo
3204 659 3414 729 replere
3439 657 3524 712 di-

1950 762 2151 825 gnatus
2179 762 2287 817 est,
2318 766 2431 807 non
2455 766 2723 823 corporeo
2754 751 2955 816 solum,
2986 748 3081 805 sed
3105 750 3270 805 etiam
3315 750 3525 806 cmlesti

1950 855 2005 903 et
2023 844 2313 916 spirituali,
2336 860 2460 899 cum
2490 842 2558 899 ad
2578 845 2725 915 ipsos
2740 844 2948 914 primos
2971 840 3227 898 Christus
3249 840 3341 898 Dei
3370 858 3527 913 pere-

1952 940 2203 1012 grinatus
2249 945 2333 994 est
2380 944 2546 1009 atque
2588 937 2643 991 in
2684 937 2867 992 cibum
2916 935 3073 1006 ipsis,
3102 934 3381 990 cmlestem
3432 949 3528 1004 pa-

1950 1046 2099 1096 nem,
2125 1029 2336 1086 scilicet
2364 1029 2629 1098 seipsum,
2656 1027 2823 1083 dedit.
2866 1024 3008 1093 Quin
3032 1022 3193 1081 etiam
3227 1023 3285 1079 in
3308 1024 3524 1081 deserto

1950 1139 2018 1179 ex
2037 1123 2279 1194 quinque
2306 1121 2540 1192 panibus
2568 1120 2892 1176 mirabiliter
2934 1119 3140 1175 cibavit
3196 1133 3327 1184 eos;
3382 1117 3526 1172 sicut

1950 1216 2079 1271 olim
2110 1229 2208 1286 per
2261 1213 2500 1286 Moysem
2538 1227 2739 1268 manna
2774 1210 3059 1283 impertiit.
3094 1208 3432 1281 lnsuperque
3462 1223 3530 1266 ex

1950 1317 2102 1379 petra
2130 1307 2282 1362 melle
2311 1305 2573 1362 saturavit
2625 1322 2713 1360 eos
2745 1322 2763 1360 :
2799 1314 2953 1377 petra
3006 1311 3190 1360 autem
3242 1303 3359 1373 ipse
3383 1309 3525 1368 erat,

1951 1400 2277 1470 disciplinas
2303 1414 2456 1467 suas,
2489 1397 2732 1470 qualibet
2780 1397 3059 1468 voluptate
3084 1411 3148 1451 ac
3199 1395 3359 1450 melle
3406 1394 3528 1451 dul-

1953 1496 2152 1560 ciores,
2181 1492 2315 1564 ipsis
2339 1492 2719 1564 suppeditans,
2756 1490 2823 1546 de
2854 1490 3056 1561 quibus
3096 1488 3282 1545 dicere
3310 1488 3474 1544 liceat
3508 1504 3527 1543 :

1956 1587 2129 1654 Quam
2160 1587 2341 1641 dulcia
2363 1584 2608 1655 faucibus
2660 1585 2788 1638 meis
2820 1583 3029 1655 eloquia
3076 1582 3208 1636 tua!
3240 1597 3397 1651 super
3422 1579 3527 1635 mel

1954 1680 2035 1734 ori
2064 1695 2176 1732 meo
2206 1678 2247 1733 ¹.
2275 1676 2417 1733 Olim
2447 1679 2578 1732 item
2632 1691 2730 1747 per
2772 1675 3007 1748 Moysem
3035 1691 3102 1731 ex
3138 1682 3291 1745 petra
3319 1672 3528 1743 potavit

1953 1786 2071 1829 eos.
2110 1770 2214 1828 Mel
2236 1779 2412 1826 autem
2444 1768 2512 1825 de
2547 1777 2719 1841 petra,
2750 1769 2842 1826 hic
2871 1784 2980 1824 non
3026 1769 3134 1823 alio
3162 1781 3326 1838 quam
3366 1764 3528 1820 intel-

270 1877 339 1928 ὲκ
364 1872 571 1946 πέτρας
594 1872 777 1936 αὐτοῖς
808 1872 1036 1943 παρεῖχε
1062 1866 1244 1921 ποτόν.
1276 1863 1408 1919 Μέλι
1435 1862 1494 1917 δὲ
1524 1859 1758 1915 ἐνταῦθα
1788 1860 1850 1914 τὸ

1955 1862 2151 1935 ligendi
2203 1878 2357 1920 more
2407 1862 2695 1933 excipias:
2734 1861 2994 1932 quoniam
3043 1861 3162 1931 ipse
3196 1858 3410 1931 Moyses
3468 1858 3525 1912 in

271 1968 339 2020 ἐκ
378 1965 586 2038 πέτρας
624 1964 732 2018 οὐδ’
765 1962 941 2027 ἄλλως
992 1960 1026 2032 ἢ
1066 1957 1210 2013 κατὰ
1254 1956 1492 2030 διᾴνοιαν
1530 1952 1844 2007 ἐκδεκτέον·

269 2057 396 2110 ἐπεὶ
424 2056 518 2110 καὶ
544 2055 703 2120 αὐτὸς
738 2053 940 2125 Μωσῆς
976 2051 1073 2124 τὴν
1117 2042 1286 2121 αὺτῆν
1312 2046 1492 2119 τίθησι
1519 2044 1846 2118 μαρτυρίαν,

270 2147 447 2217 λέγων
476 2148 534 2200 ὲν
564 2145 773 2218 μεγάλῃ
807 2143 918 2217 ᾠδῇ
935 2161 949 2174 ·
987 2142 1329 2210 Ἐθήλασαν
1345 2138 1486 2210 μέλι
1510 2138 1579 2192 ἐκ
1607 2134 1846 2206 πέτρας,

269 2240 372 2296 καὶ
411 2239 618 2294 ἔλαιον
653 2238 723 2292 ἐκ
769 2234 1020 2307 στερεᾶς
1062 2234 1302 2304 πέτρας.
1330 2233 1510 2303 Ἀπερ
1566 2229 1703 2303 πρὸς
1752 2228 1851 2299 μὲν

267 2326 434 2400 ψιλὴν
456 2326 554 2400 τὴν
580 2326 726 2394 λέξιν
752 2327 850 2398 οὐχ
871 2325 1199 2396 ὑφέστηκεν,
1222 2319 1603 2395 ἀλληγορικῶς
1621 2319 1679 2374 δὲ
1709 2318 1852 2372 κατὰ

274 2420 446 2491 μόνην
473 2418 570 2491 τὴν
590 2417 827 2472 διάνοιαν
848 2415 1191 2485 ἐξακούεται.
1221 2415 1394 2477 Αὐτὸς
1428 2412 1537 2483 γάρ
1566 2414 1595 2465 6
1618 2410 1852 2481 Χριστὸς

270 2515 530 2589 ήιπέτρα,
554 2513 726 2567 ταῦτα
747 2512 926 2566 πάντα
953 2510 1209 2582 παρέχων
1234 2508 1423 2571 αὐτοῖς
1448 2504 1537 2559 διὰ
1558 2504 1659 2575 τῆς
1687 2503 1852 2558 αὑτοῦ

270 2604 645 2670 διδασκαλίας,
670 2604 732 2657 οὐ
761 2601 886 2655 καθ’
912 2600 973 2656 ὃν
998 2600 1189 2672 χρόνον
1218 2597 1480 2669 ἐπεδήμει
1512 2594 1691 2667 μόνον,
1718 2591 1855 2647 ἀλλὰ

271 2699 372 2755 καὶ
400 2698 508 2771 πρὸ
531 2698 630 2769 τῆς
660 2697 925 2768 ὲνσάρκου
956 2692 1251 2764 ἐπιδημίας
1273 2687 1466 2744 αὐτοῦ’
1494 2688 1571 2752 ὡς
1598 2685 1659 2753 ἐξ
1683 2686 1854 2742 ἅπαν-

270 2808 367 2855 τος
401 2790 600 2854 αὐτοὺς
627 2789 725 2860 μὲν
760 2784 897 2842 εἶναι
926 2784 1382 2855 ἀναπολογήτους,
1411 2779 1625 2835 δικαίαν
1665 2778 1721 2832 δὲ
1743 2776 1855 2849 τὴν

273 2880 373 2936 τοῦ
391 2880 526 2936 Θεοῦ
543 2881 638 2954 ,κρί
644 2897 727 2934 σιν
757 2878 895 2951 μετά
921 2878 988 2933 τὰ
1011 2876 1248 2931 τοσαῦτα
1269 2875 1369 2947 τὴν
1385 2871 1657 2944 ἀποϐολὴν
1675 2869 1855 2925 αὐτῶν

274 2972 680 3046 ἐργασαμένην.
716 2967 877 3023 Ἀλλά
906 2966 1016 3040 γὰρ
1043 2965 1214 3020 ταῦτα
1253 2964 1400 3036 ἡμᾶς
1421 2962 1548 3027 τοὺς
1585 2960 1643 3028 ἐξ
1688 2959 1858 3014 ἐθνῶν

272 3065 373 3118 ἐπὶ
415 3064 515 3134 τὴν
546 3061 725 3117 ἔνθεον
777 3058 1095 3130 ἀγαλλίασιν
1125 3057 1214 3112 διὰ
1259 3057 1368 3111 τῶν
1400 3053 1630 3128 πρώτων
1662 3052 1859 3124 κεκλη-

231 3160 245 3174 ⁶
277 3155 477 3226 μένους
500 3154 530 3208 6
573 3153 730 3224 λόγος
768 3151 1006 3207 διδάσκει
1047 3146 1591 3223 προφυλαττομένους
1610 3188 1625 3213 ν
1671 3146 1744 3218 μή
1778 3161 1855 3216 πη

273 3248 395 3310 τοῖς
418 3246 625 3317 ὁμοίοις
659 3246 753 3300 καὶ
784 3244 937 3300 αὐτοί
965 3260 1097 3297 ποτε
1131 3240 1544 3315 περιπέσοιμεν.

665 3396 958 3451 ramos
994 3394 1082 3466 το
1125 3395 1318 3449 uso.
1360 3394 1484 3447 IIA'.

356 3533 414 3585 '0
449 3531 594 3599 Θεὸς
631 3531 783 3601 ἔστη
831 3530 902 3585 ἐν
943 3528 1267 3600 συναγωγῇ
1294 3527 1463 3594 θεῶν,
1490 3529 1562 3582 ἐν
1584 3527 1752 3597 μέσῳ
1787 3527 1860 3585 δὲ

269 3624 454 3693 θεοὺς
480 3624 788 3694 διακρίνει.
805 3625 865 3678 '0
901 3622 1001 3696 μὲν
1025 3624 1129 3696 πρὸ
1156 3622 1345 3678 τούτου
1374 3623 1534 3691 λόγος
1561 3624 1870 3694 κατηγορεῒ

267 3721 365 3776 τοῦ
399 3717 604 3783 παντὸς
640 3717 910 3772 Ἰουδαίων
940 3716 1091 3782 λαοῦ,
1120 3715 1306 3786 σαφῶς
1332 3714 1425 3769 τοῦ
1454 3713 1590 3769 Θεοῦ
1619 3715 1855 3784 φάσκον-

266 3828 397 3876 τος·
453 3812 574 3865 Οὐκ
603 3808 872 3879 ἤκουσεν
911 3811 945 3864 ὁ
987 3809 1139 3881 λαός
1172 3826 1294 3878 μου
1335 3805 1446 3875 τῆς
1478 3804 1687 3876 φωνῆς
1710 3824 1853 3876 μου,

268 3904 371 3959 καί
419 3902 658 3973 Ἰσραὴλ
694 3902 767 3957 οὐ
799 3899 1106 3970 προσέσχε
1146 3916 1268 3969 μοι.
1311 3897 1422 3952 Καὶ
1458 3896 1867 3964 ἐξαπέστειλαν

266 3993 501 4061 αὐτοὺς
523 3992 672 4047 κατὰ
706 3992 779 4047 τὰ
828 3990 1263 4060 ἐπιτηδεύματα
1298 3988 1410 4059 τῆς
1457 3987 1707 4058 καρδίας
1750 3990 1856 4043 αὐ-

267 4086 428 4143 τῶν⁶
487 4086 582 4139 καὶ
621 4083 820 4138 πάλινο
871 4086 941 4137 El
995 4085 1028 4137 ὁ
1079 4085 1229 4150 λαός
1266 4100 1381 4151 μου
1423 4081 1653 4148 ἥκουσέ
1696 4099 1855 4154 μου,

282 4177 533 4249 Ἰσραὴλ
559 4175 687 4243 ταῖς
712 4175 873 4242 ὁδοῖς
891 4194 1010 4246 μου
1037 4178 1091 4231 εὶ
1117 4178 1430 4246 ἐπορεύθη·
1462 4176 1624 4243 ἐντῷ
1640 4175 1855 4247 μηδενί

269 4273 354 4327 ἂν
403 4270 547 4336 τοὺς
591 4269 840 4340 ἐχθροὺς
881 4268 1079 4323 αὐτῶν
1118 4269 1522 4324 ἐταπείνωσα·
1564 4270 1593 4323 6
1636 4268 1698 4321 δὲ
1722 4266 1860 4338 μετά

270 4364 469 4436 χεῖρας
519 4359 826 4425 ἀκολούθως
871 4360 1098 4423 ἐκείνοις
1139 4358 1247 4414 τῶν
1294 4360 1571 4433 προέδρων
1601 4357 1695 4414 τοῦ
1727 4357 1858 4414 λαοῦ

271 4453 611 4525 κατηγορεῖ·
660 4450 737 4516 ῶς
769 4449 904 4525 πρὸς
948 4449 1182 4522 ἄρχοντα
1220 4449 1352 4519 γοῦν
1378 4451 1472 4505 καὶ
1497 4449 1690 4521 κριτὰς
1722 4451 1858 4504 ἀπο-

270 4547 515 4601 τείνεται
563 4543 740 4614 λέγων
765 4560 780 4574 ’
818 4544 971 4610 Ἕως
1008 4545 1153 4597 πότε
1193 4545 1424 4613 κρίνετε
1464 4542 1722 4606 ἀδικίαν,
1760 4542 1859 4597 καί

273 4639 572 4709 πρόσωπα
603 4633 967 4707 ἁμαρτωλῶν
1001 4633 1370 4704 λαμϐάνετε;
1424 4636 1675 4704 Κρίνατε
1706 4648 1859 4688 πτω-

271 4730 391 4803 χὸν
434 4727 535 4783 καί
577 4726 880 4794 ταπεινὸν,
909 4727 1175 4798 ὀρφανὸν
1203 4726 1312 4782 καί
1348 4726 1577 4795 πένητα
1622 4724 1874 4780 δικαιώι

271 4840 446 4878 σατε.
483 4817 617 4877 Εἶτα
658 4819 899 4889 ἐπιλέγει
919 4839 933 4853 ο
983 4820 1125 4891 Ἐγὼ
1155 4820 1327 4875 ταῦτα
1374 4817 1817 4892 παρεκελευόμην
1840 4834 1852 4848 '

271 4913 323 4966 οἱ
353 4911 413 4965 δὲ
439 4912 552 4966 οὐκ
588 4909 863 4980 ἕντωσαν
885 4909 1029 4966 οὐδὲ
1060 4909 1363 4979 συνῆκαν,
1404 4911 1474 4965 ἐν
1499 4911 1703 4965 σκότει
1728 4908 1855 4964 δια-

272 5003 653 5074 πορεύονται.
680 5002 848 5069 Θεοὺς
875 5002 932 5056 δὲ
962 5004 1160 5068 αὐτοὺς
1189 5002 1473 5068 ἀποκαλεῖ,
1504 5003 1622 5074 ἦτοι
1638 5001 1727 5056 διὰ
1756 5002 1856 5073 τὴν

270 5096 444 5171 τιμὴν
471 5096 538 5168 ἢν
570 5096 843 5168 ἀπένεμεν
875 5096 1058 5162 αὐτοῖς
1088 5098 1117 5151 6
1140 5097 1298 5162 λαός·
1348 5095 1490 5151 οὕτω
1523 5096 1661 5166 μετὰ
1707 5096 1859 5150 πλεί-

273 5184 404 5243 στου
440 5187 604 5257 φόόου
630 5191 727 5242 καὶ
753 5187 920 5260 τιμῆς
947 5187 1185 5261 προσιὼν
1220 5189 1408 5254 αὐτοῖς
1432 5188 1563 5242 ὡσεὶ
1584 5189 1677 5244 καὶ
1707 5188 1858 5259 αὐτῷ

272 5280 350 5352 τῷ
384 5279 540 5350 Θεῷ’
585 5279 620 5351 ἢ
665 5280 962 5353 ἐπειδήπερ
994 5279 1173 5353 χώραν
1218 5280 1353 5336 Θεοῦ
1392 5282 1608 5351 ἐπεῖχον
1638 5280 1699 5335 τὸ
1735 5282 1861 5353 κρί-

271 5390 386 5427 νειν
410 5371 851 5442 ἀναδεδεγμένοι,
886 5372 1203 5438 κολάζοντές
1238 5390 1299 5426 τε
1337 5374 1431 5428 καὶ
1461 5373 1859 5445 τιμωρούμενοι

274 5466 405 5528 τοὺς
434 5460 758 5528 ἀδικοῦντας
792 5462 932 5518 κατά
960 5464 1052 5519 τὸν
1086 5467 1213 5537 παρ’
1248 5465 1433 5529 αὐτοῖς
1468 5463 1661 5536 νόμον·
1694 5466 1727 5536 ἢ
1773 5465 1860 5520 διὰ

274 5554 335 5609 τὸ
360 5550 690 5625 τετιμῆσθαι
719 5553 916 5620 αὐτοὺς
942 5553 1047 5609 ὑπὸ
1074 5554 1169 5609 τοῦ
1203 5554 1336 5609 Θεοῦ
1363 5555 1442 5626 τῷ
1464 5554 1565 5626 τῆς
1593 5555 1859 5621 υἱοθεσίας

273 5646 545 5717 ὀνόματι,
566 5644 642 5709 ὡς
672 5643 926 5715 λέγεσθαι
951 5647 1079 5719 περὶ
1107 5646 1286 5700 αὐτῶν
1304 5662 1318 5677 ο
1357 5644 1526 5712 Υίοὺς
1558 5644 1861 5717 ἐγέννησα

352 5802 375 5833 ι
408 5799 557 5857 Psal.
594 5816 803 5868 smn,
840 5803 964 5859 103.
1038 5806 1059 5836 ¹
1096 5802 1252 5860 Deut.
1291 5818 1476 5872 χχχιι,
1514 5804 1603 5861 i8.

1880 3225 1929 3291 Ο

1949 1965 2147 2028 magno
2176 1956 2394 2011 cantico
2421 1955 2565 2011 idem
2598 1953 2972 2011 testimonium
3026 1952 3234 2024 profert
3281 1952 3475 2008 dicens
3508 1966 3523 2004 :

1951 2048 2220 2104 Saxerunt
2260 2048 2363 2103 mel
2405 2046 2468 2103 de
2501 2057 2674 2118 petra,
2714 2056 2765 2102 et
2813 2047 2986 2102 oleum
3034 2062 3101 2101 ea:
3129 2045 3264 2100 duro
3304 2061 3436 2099 saxo
3479 2045 3522 2098 ¹.

1950 2141 2082 2209 Quae
2113 2141 2333 2214 quidem
2368 2157 2479 2198 non
2513 2141 2817 2198 secundum
2849 2141 3052 2197 nudam
3083 2140 3374 2196 lectionem
3396 2154 3527 2195 eve-

1950 2242 2187 2303 nerunt;
2220 2234 2317 2292 sed
2342 2234 2636 2306 allegorice
2658 2234 2836 2289 solum
2869 2241 2925 2290 et
2947 2232 3226 2305 cogitandi
3257 2231 3422 2288 modo
3443 2231 3531 2289 in-

1952 2328 2290 2397 telliguntur.
2326 2327 2461 2382 Nam
2498 2327 2616 2397 ipse
2637 2326 2892 2384 Christus
2946 2334 3101 2400 petra
3127 2339 3230 2393 est,
3263 2326 3357 2398 qui
3412 2326 3529 2383 hac

1952 2421 2136 2475 omnia
2172 2419 2281 2475 illis
2306 2435 2402 2490 per
2428 2419 2735 2474 doctrinam
2762 2434 2915 2475 suam
2942 2419 3301 2489 impertiebat,
3326 2435 3436 2475 non
3461 2436 3528 2475 eo

1955 2512 2130 2569 solum
2159 2520 2405 2584 tempore
2437 2527 2548 2582 quo
2573 2511 3045 2583 peregrinabatur,
3082 2511 3178 2567 sed
3201 2513 3363 2567 etiam
3400 2520 3528 2567 ante

1953 2604 2230 2661 carnalem
2289 2618 2448 2659 suum
2501 2603 2832 2672 adventum;
2891 2602 2967 2657 ita
3020 2609 3081 2657 ut
3126 2601 3234 2673 ipsi
3298 2602 3528 2674 prorsus

1955 2694 2393 2759 inexcusabiles;
2442 2692 2538 2749 Dei
2591 2708 2724 2749 vero
2774 2691 3067 2764 judicium,
3119 2706 3233 2763 quo
3279 2692 3384 2748 sub
3414 2693 3530 2748 haec

1955 2783 2105 2855 ipsos
2136 2783 2465 2854 repudiavit,
2493 2783 2704 2852 justum
2745 2782 2837 2839 sit.
2883 2780 3153 2839 Caeterum
3205 2782 3320 2838 haec
3370 2783 3531 2838 nobis

1956 2874 2050 2946 qui
2107 2889 2175 2931 ex
2228 2874 2481 2946 gentibus
2536 2874 2607 2930 ad
2659 2873 2901 2930 divinam
2957 2875 3382 2931 exsultationem
3433 2888 3531 2946 per

1956 2969 2141 3040 priora
2165 2967 2334 3024 verba
2358 2967 2537 3023 vocati
2566 2982 2780 3032 sumus,
2809 2968 2874 3022 ad
2901 2968 3171 3025 cautelam
3197 2968 3526 3035 traduntur,

1956 3076 2028 3119 ne
2058 3061 2115 3117 in
2140 3060 2291 3133 paria
2324 3060 2430 3132 ipsi
2458 3075 2679 3133 quoque
2709 3060 3024 3117 incidamus

2186 3358 2595 3455 nasutius
2624 3396 3034 3456 Ipsmssrn.
3076 3397 3315 3457 LXXXI.

2030 3531 2169 3589 Deus
2200 3535 2349 3590 stetit
2375 3535 2430 3589 in
2457 3550 2729 3607 synagoga
2767 3534 3004 3600 deorum,
3054 3534 3110 3587 in
3147 3533 3319 3587 medio
3355 3541 3531 3587 autem

1956 3625 2080 3682 deos
2110 3626 2392 3697 dijudical.
2426 3626 2533 3693 Qui
2576 3627 2724 3682 hunc
2755 3626 3011 3697 praecedit
3034 3640 3216 3682 sermo
3237 3623 3533 3680 totumJu-

1958 3717 2200 3774 datorum
2247 3701 2510 3791 populum
2569 3717 2830 3775 incusat:
2866 3733 2990 3773 nam
3033 3718 3107 3775 ibi
3162 3716 3305 3774 Deus
3347 3728 3532 3788 aperte

1959 3809 2094 3866 dicit
2125 3828 2139 3866 :
2169 3809 2293 3866 Nan
2343 3812 2548 3866 audivit
2597 3811 2821 3881 populus
2850 3827 2995 3865 meus
3036 3826 3208 3865 vocem
3247 3826 3436 3877 meum,
3483 3818 3533 3864 et

1961 3901 2135 3958 Israel
2185 3919 2287 3958 non
2333 3904 2560 3958 intendit
2596 3904 2745 3958 mihi.
2802 3902 2871 3957 Et
2920 3902 3099 3957 dimisi
3129 3920 3215 3957 eos
3247 3903 3532 3957 secundum

1960 3994 2226 4049 desideria
2254 3992 2430 4048 cordis
2485 4010 2709 4058 eorum;
2773 4008 2839 4050 ac
2888 4010 3107 4050 rursum
3146 4010 3158 4045 :
3204 3994 3264 4049 Si
3306 3993 3531 4065 populus

1962 4102 2107 4141 meus
2137 4085 2373 4140 audisset
2409 4104 2509 4154 me,
2534 4085 2708 4141 Israel
2729 4088 2775 4142 si
2811 4088 2865 4141 in
2887 4088 2984 4142 viis
3028 4088 3157 4141 meis
3187 4086 3530 4154 ambulasset,

1960 4191 2056 4247 pro
2099 4177 2266 4232 nihilo
2307 4177 2540 4247 forsitan
2582 4179 2829 4233 inimicos
2877 4196 3060 4234 eorum
3107 4180 3532 4247 humiltassem:

1961 4265 2052 4321 hic
2082 4281 2214 4322 vero
2247 4268 2496 4338 psalmus
2527 4276 2929 4340 consequenter
2953 4270 3020 4325 ad
3053 4269 3142 4324 illa
3178 4271 3362 4340 populi
3390 4260 3532 4339 pra:—

1963 4357 2110 4416 sides
2142 4367 2388 4423 accusat,
2417 4358 2718 4430 principem
2749 4362 2895 4415 enim
2926 4369 2981 4415 et
3000 4358 3216 4427 judices
3240 4360 3533 4429 compellat

1963 4451 2049 4508 his
2075 4450 2258 4506 verbis
2299 4466 2313 4502 :
2353 4448 2628 4522 Usquequo
2665 4451 2931 4520 judicatis
2971 4450 3328 4521 iniquitatem,
3367 4461 3416 4507 et
3450 4455 3538 4522 fa»

1890 4578 1938 4635 ι)
1965 4546 2068 4599 cies
2092 4551 2428 4615 peccatorum
2478 4542 2730 4599 sumitis?
2753 4542 2996 4612 judicate
3032 4559 3313 4613 pauperem
3353 4554 3404 4599 et
3439 4545 3538 4599 hu.

1962 4636 2161 4700 mitem,
2188 4632 2453 4705 pupillum
2496 4643 2545 4688 et
2571 4634 2775 4704 inopem
2795 4633 3109 4705 justiﬁcate.
3160 4634 3364 4692 Deinde
3400 4638 3537 4693 sub-

1960 4728 2088 4784 dit:
2139 4725 2266 4781 Hz’ec
2325 4741 2426 4798 ego
2472 4726 2879 4797 praecipiebam,
2929 4726 3009 4781 illi
3056 4742 3184 4784 vero
3212 4730 3533 4794 nescierunt,

1962 4836 2123 4890 neque
2152 4817 2545 4885 intellexerunt,
2574 4817 2631 4871 in
2671 4817 2895 4874 tenebris
2944 4818 3240 4876 ambulant.
3277 4820 3418 4879 Deos
3441 4838 3531 4876 au-

1961 4922 2071 4969 tem
2112 4919 2278 4969 vocat
2300 4927 2417 4977 eos,
2444 4912 2559 4967 sive
2588 4911 2814 4969 honoris
2846 4928 2955 4983 quo
2984 4913 3221 4985 populus
3268 4914 3418 4986 ipsos
3452 4915 3539 4968 al-

1963 5005 2179 5060 liciebat
2204 5019 2395 5069 causa,
2427 5019 2560 5058 cum
2587 5004 2783 5059 timore
2813 5013 2978 5075 atque
3001 5005 3352 5062 veneratione
3385 5006 3536 5076 ipsos

1964 5097 2192 5166 perinde
2223 5106 2386 5167 atque
2434 5096 2603 5152 Deum
2637 5095 2865 5165 adiens;
2900 5098 3015 5153 sive
3041 5098 3172 5169 quia
3222 5098 3401 5154 locum
3440 5096 3537 5152 Dei

1962 5197 2316 5258 occuparent.
2369 5187 2656 5259 iudicandi
2710 5204 2936 5247 munere
2983 5202 3259 5264 suscepto,
3318 5191 3534 5260 iniquos

1967 5277 2268 5334 secundum
2292 5279 2465 5351 legem
2497 5279 2601 5334 sibi
2640 5279 2895 5334 traditam
2945 5280 3212 5351 supplicio
3247 5279 3533 5351 panisque

1967 5369 2311 5439 allicientes;
2371 5372 2458 5428 vel
2506 5373 2632 5443 quia
2694 5387 2726 5427 a
2787 5371 2899 5430 Deo
2962 5373 3267 5444 adoptionis
3314 5369 3534 5426 nomine

1965 5464 2214 5519 exornati
2244 5473 2407 5533 sunt;
2442 5465 2517 5520 ita
2547 5474 2606 5521 ut
2631 5464 2699 5521 de
2721 5466 2857 5538 ipsis
2905 5466 3123 5522 dicatur
3144 5483 3157 5517 :
3178 5461 3348 5516 Filios
3377 5461 3534 5533 genui

1965 5567 2015 5611 et
2040 5556 2303 5622 exaltavi;
2326 5557 2411 5613 vel
2436 5559 2565 5628 quia
2589 5558 2656 5615 ad
2690 5559 2979 5630 imaginem
3025 5564 3080 5612 et
3123 5552 3535 5610 similitudinem

1965 5644 2082 5712 Dei,
2116 5661 2212 5718 per
2232 5648 2572 5718 spiritualem
2596 5655 2651 5705 et
2678 5647 3055 5706 rationabilem
3106 5645 3251 5699 illam
3275 5644 3328 5700 in
3361 5644 3537 5699 homi-
