4008 6210
477 330 583 388 385

1201 334 1471 390 EUSEBH
1507 335 1984 393 CxESARlENSIS
2021 339 2168 395 OPP.
2213 340 2392 396 PARS
2423 340 2597 396 Ill._
2631 341 3042 399 EXECETICA.

3611 348 3686 403 98
3694 349 3716 402 i

474 453 640 509 nibus
689 452 1087 518 substantiam,
1139 452 1312 509 effecti
1370 464 1520 510 sunt.
1578 455 1637 510 In
1706 457 1810 513 hoc
1858 460 2032 529 itaque

2144 462 2241 516 καὶ
2269 461 2512 530 ὕψωσα·
2543 462 2578 535 ἥ
2611 461 2700 517 διὰ
2723 463 2786 516 τὸ
2817 463 2938 517 κατ’
2963 464 3148 518 εἰκόνα
3173 463 3266 517 καὶ
3297 464 3552 535 ὁμοίωσιν
3580 464 3718 520 Θεοῦ

478 547 689 616 psalmo
730 546 916 600 statim
961 553 1091 615 post
1127 546 1406 616 pradicta,
1448 563 1545 605 eos
1585 549 1679 620 qui
1711 564 2045 608 accusantur

476 638 563 692 his
603 635 978 705 affatur:qu
1005 638 1165 692 dixi:
1205 638 1297 694 Dii
1344 642 1472 696 estis
1526 650 1578 697 et
1627 640 1732 712 ﬁlii
1779 643 2042 700 Altissimi

473 743 670 781 omnes.
736 725 836 781 Vos
886 737 1063 782 autent
1118 730 1253 784 sicut
1301 731 1534 787 homines
1588 733 1886 788 moriemini
1915 775 1931 798 ,
1993 747 2041 791 et

471 819 608 872 sicut
669 834 806 872 unus
855 834 922 874 ea:
967 820 1292 891 principibus
1354 821 1575 878 cadetis.
1629 824 1894 882 Praesich
1942 828 2043 882 ita-

473 923 579 977 que
626 908 834 978 p0puli,
865 909 1180 967 sacerdotes
1233 910 1486 968 videlicet
1517 925 1572 970 et
1629 916 1903 972 antistites
1954 932 2044 971 sa-

470 1013 691 1052 crorum
755 1013 821 1053 ac
894 1000 1136 1072 reliquos
1203 1001 1478 1073 principes
1531 1004 1840 1076 dijudicans
1898 1006 2044 1063 Deus

472 1087 730 1154 Verbum,
799 1091 916 1147 haec
965 1109 1087 1164 quae
1143 1095 1255 1164 jam
1303 1103 1604 1154 tractamus
1629 1109 1866 1156 enarrat.
1891 1103 2041 1169 Qua-

472 1196 530 1236 re
586 1181 788 1236 dicitur
838 1198 851 1234 :
895 1183 1036 1239 Deus
1084 1186 1225 1240 stetit
1269 1187 1324 1240 in
1370 1205 1638 1262 synagoga
1689 1194 1930 1258 deorum,
1984 1195 2039 1248 iu

471 1271 642 1325 medio
689 1287 862 1326 autem
904 1273 1028 1328 deos
1083 1275 1392 1346 diiudicat;
1437 1281 1740 1336 secundum
1786 1283 2038 1353 Aquilam

471 1376 692 1421 autem:
739 1366 878 1424 Deus
920 1371 1069 1424 stetit
1123 1369 1176 1424 in
1231 1388 1496 1442 synagoga
1571 1374 1813 1445 fortium,
1864 1375 1920 1429 in
1965 1376 2042 1430 ui-

472 1458 706 1512 sceribus
737 1459 992 1516 Dominus
1043 1462 1284 1534 judicat;
1316 1466 1617 1520 secundum
1651 1465 2040 1539 Symmachum

468 1565 640 1605 vero:
673 1550 815 1607 Deus
862 1555 1008 1608 stetit
1057 1557 1111 1609 in
1150 1565 1283 1609 coetu
1335 1555 1433 1612 Dei
1466 1597 1504 1624 ,.
1542 1559 1599 1612 in
1652 1561 1840 1614 mediis
1899 1560 2040 1616 Deus

464 1641 730 1711 judicans.
799 1643 900 1700 Hic
957 1662 1085 1703 vero
1137 1647 1322 1717 Deus,
1368 1651 1580 1707 scilicet
1636 1651 1730 1708 Dei
1778 1652 2037 1720 Verbum,

471 1747 827 1792 memoratam
855 1737 1082 1794 deorum
1106 1755 1436 1812 synagogam
1475 1743 1731 1812 judicans
1759 1755 1813 1802 et
1837 1746 2040 1818 dijudi-

469 1840 624 1893 cans,
663 1832 1047 1886 accusationes
1079 1835 1189 1891 reis
1220 1835 1450 1891 inducit.
1499 1837 1566 1892 Et
1603 1841 1731 1908 quia
1783 1850 2034 1911 potentes

469 1907 720 1986 potenter
743 1923 1203 1981 examinabuntur
1221 1945 1238 1994 ;
1257 1927 1381 1997 jure
1398 1929 1781 1998 pradictorum
1806 1931 2034 1988 deorum

467 2010 716 2067 ordinem
741 2027 991 2087 segregat
1025 2024 1079 2072 et
1111 2020 1342 2074 seorsim
1370 2020 1615 2090 judicat;
1666 2037 1790 2079 cum
1835 2024 1947 2094 jam
1979 2025 2034 2080 in

465 2106 791 2173 praecedenti
825 2110 1034 2179 psalmo
1059 2112 1382 2181 promiscum
1398 2116 1581 2185 populi
1611 2117 1785 2173 turba
1804 2133 2036 2174 accusa-

465 2197 671 2252 tionem
700 2200 1008 2269 protulerit.
1035 2200 1146 2258 lino
1176 2204 1339 2260 etiam
1369 2205 1632 2276 dijudicat
1656 2250 1674 2276 ,
1719 2209 1786 2265 de
1819 2212 1889 2268 iis
1939 2212 2033 2283 qui

466 2289 614 2362 digni
647 2293 822 2348 salute
847 2305 994 2362 sunt,
1027 2311 1091 2350 ac
1129 2297 1196 2353 de
1244 2298 1318 2355 iis
1340 2300 1434 2370 qui
1483 2316 1646 2360 secus
1700 2319 1759 2360 se
1804 2304 2030 2373 habent,

467 2383 794 2438 sententiam
826 2383 1028 2441 ferens.
1077 2386 1196 2444 Non
1255 2391 1511 2461 superbe,
1565 2410 1676 2448 non
1720 2397 2029 2466 tyrannice,

465 2488 576 2529 non
607 2477 662 2528 in
695 2475 804 2530 alto
823 2477 1418 2550 constitutusjudicat;
1457 2484 1552 2539 sed
1574 2484 1886 2554 iudicandis
1909 2502 2034 2545 sese

463 2572 856 2639 attemperans,
883 2571 1098 2628 medius
1120 2581 1230 2629 stat
1273 2573 1416 2630 inter
1445 2575 1591 2652 illos,
1628 2593 1724 2648 per
1757 2578 2031 2634 hominem

465 2673 625 2726 quem
663 2663 905 2733 suscepit
934 2663 1069 2732 ipsis
1094 2663 1283 2720 habitu
1333 2667 1533 2724 similis
1585 2669 1830 2726 eli'ectus.
1891 2671 2031 2726 Hinc

463 2763 594 2803 vero
622 2764 717 2805 eos
744 2751 838 2820 qui
861 2751 1130 2822 judicium
1155 2758 1390 2813 subituri
1421 2767 1569 2825 sunt,
1606 2761 1828 2830 praeviis
1854 2763 2032 2818 moni-

463 2840 534 2896 tis
567 2842 635 2896 ad
663 2843 1096 2913 resipiscentiam
1123 2857 1325 2916 vocat;
1357 2851 1601 2922 ipsisque
1648 2855 1932 2924 prospicit,
1971 2862 2031 2909 ut

466 2947 536 2988 ne
571 2933 626 2986 in
652 2933 845 3003 judicii
894 2937 1225 3008 supplicium
1260 2941 1542 3011 incidant;
1582 2943 1679 2999 sed
1711 2961 1834 3001 sese
1877 2947 2029 3017 prius

463 3024 794 3090 emendent,
856 3026 1067 3098 sibique
1135 3039 1363 3086 caveant
1427 3047 1493 3087 ex
1566 3033 1764 3090 oblatis
1842 3036 2029 3091 crimi-

465 3117 648 3172 nibus.

2143 559 2424 626 γεγονέναι
2455 555 2544 610 διὰ
2569 557 2670 628 τὴν
2710 558 2768 610 ἐν
2805 554 3114 628 ἀνθρώποις
3144 555 3337 628 νοεράν
3369 558 3461 611 καὶ
3493 557 3721 628 λογικὴν

2145 648 2352 702 οὐσίαν.
2374 648 2582 702 Αὐτίκα
2608 648 2742 717 γοῦν
2775 651 2834 702 ἐν
2866 647 3015 720 αὐτῷ
3045 647 3123 720 τῷ
3149 649 3494 720 προκειμένῳ
3519 649 3718 720 ψαλμῶ

2145 739 2367 813 προῖὼν,
2412 741 2441 794 ὁ
2485 740 2640 810 λόγος
2673 741 2808 812 φησὶ
2853 741 2990 812 πρὸς
3019 743 3147 805 τοὺς
3175 743 3680 814 κατηγορουμένους
3701 759 3716 772 ·

2155 832 2296 904 Ἐγὼ
2322 830 2462 888 εἶπα
2479 851 2493 866 ο
2523 834 2655 888 Θεοί
2697 834 2836 888 ἐστε
2877 836 2976 889 καί
3005 834 3124 890 υἱοὶ
3159 834 3440 903 Ὑψίστου
3470 833 3719 900 πάντες.

2154 925 2338 995 Ὑμεῖς
2363 925 2432 980 δὲ
2465 927 2548 993 ὡς
2583 927 2879 995 ἄνθρωποι
2903 926 3342 994 ἁποθνήσκετε,
3381 926 3481 982 καὶ
3518 927 3600 993 ὡς
3630 923 3723 993 εἷς

2141 1015 2261 1070 τῶν
2287 1017 2597 1088 ἀρχόντων
2624 1018 2886 1073 πίπτετε.
2917 1019 3057 1081 Τοὺς
3077 1017 3141 1089 δὴ
3174 1014 3267 1077 οὖν
3290 1017 3384 1070 τοῦ
3412 1016 3545 1071 λαοῦ
3583 1033 3715 1088 προ-

2143 1107 2402 1171 εστῶτας,
2434 1106 2614 1180 ἱερέας
2641 1106 2840 1180 δηλαδὴ
2877 1107 2971 1162 καὶ
3011 1107 3324 1180 ἀρχιερέας,
3349 1106 3476 1171 τούς
3517 1124 3578 1160 τε
3607 1107 3723 1161 λοι-⁷

2141 1199 2278 1262 ποὺς
2310 1197 2575 1270 ἄρχοντας
2596 1198 2900 1269 ἀνακρίνων
2925 1199 2955 1251 ὁ
2981 1197 3112 1262 Θεὸς
3131 1198 3321 1267 Λόγος,
3341 1196 3410 1251 τά
3436 1199 3576 1268 μετά
3597 1202 3718 1270 χεῖ-

2144 1307 2242 1362 ρας
2269 1289 2620 1360 διεξέρχεται.
2648 1289 2740 1343 Διὸ
2769 1289 3009 1361 είρηται·
3049 1289 3102 1341 '0
3133 1287 3274 1354 Θεὸς
3293 1287 3445 1357 ἔστη
3469 1289 3541 1343 ἐν
3566 1305 3719 1342 συγ-

2139 1381 2340 1452 αγωγῆ
2381 1379 2553 1447 θεῶν,
2589 1379 2846 1450 ἐνμέσῳ
2890 1379 2958 1437 δὲ
3005 1380 3178 1447 θεοὺς
3217 1381 3538 1446 διακρίνει·
3571 1381 3718 1435 κατά

2139 1472 2195 1526 δὲ
2223 1472 2315 1524 τὸν
2341 1470 2567 1524 Ἀκύλαν
2587 1486 2601 1500 ο
2638 1468 2783 1536 Θεὸς
2803 1470 2950 1538 ἐστη
2977 1468 3046 1522 ἐν
3071 1466 3395 1538 συναγωγῇ
3426 1467 3714 1538 ἰσχυρῶν,

2138 1562 2208 1614 ἐν
2230 1559 2459 1630 ἐγκάτῳ
2495 1559 2714 1627 Κύριος
2739 1557 2926 1627 κρίνει
2953 1573 2969 1588 ο
2999 1555 3143 1610 κατὰ
3176 1554 3233 1608 δὲ
3261 1555 3350 1609 τὸν
3383 1555 3679 1627 Σύμμαχον
3697 1573 3712 1585 ο

2151 1653 2206 1705 Ὁ
2236 1650 2379 1717 Θεὸς
2404 1648 2662 1716 κατέστη
2691 1647 2762 1701 ἐν
2793 1643 3031 1710 συνόδῳ
3055 1642 3224 1710 Θεοῦ,
3253 1643 3322 1697 ἐν
3338 1642 3550 1713 μέσοις
3569 1642 3717 1707 Θεὸς

2140 1744 2378 1812 κρίνων.
2411 1741 2628 1812 Κρίνων
2670 1740 2725 1793 δὲ
2754 1734 2906 1804 οὗτος
2936 1740 2964 1792 ὁ
2987 1737 3139 1804 Θεὸς,
3167 1735 3368 1808 δηλαδὴ
3393 1737 3423 1788 ὁ
3455 1734 3550 1789 τοῦ
3575 1734 3716 1788 Θεοῦ

2068 1825 2108 1879 Β
2135 1836 2326 1904 Λόγος,
2358 1834 2453 1889 καὶ
2488 1833 2779 1909 διακρίνων
2805 1832 2904 1903 τὴν
2932 1830 3226 1902 λεγομένην
3253 1829 3574 1899 συναγωγὴν
3599 1829 3715 1881 τῶν

2140 1929 2297 1994 θεῶν,
2325 1929 2578 1999 ἐλέγχους
2610 1927 2875 1998 προσάγει
2906 1927 3018 1988 τοῖς
3052 1923 3409 1995 κρινομένοις.
3438 1922 3547 1976 Καὶ
3587 1923 3716 1975 ἐπεὶ

2138 2023 2352 2077 δυνατοὶ
2371 2021 2610 2083 δυνατῶς
2633 2018 3042 2090 ἐτασθήσονται,
3065 2017 3289 2080 εἰκότως
3309 2015 3370 2069 τὸ
3389 2014 3577 2086 τάγμα
3599 2013 3727 2088 τῶν,

2140 2114 2584 2186 προλελεγμένων
2616 2110 2752 2165 θεῶν
2777 2109 3024 2182 ἀφορίζει
3059 2109 3203 2172 ἰδίως
3229 2108 3324 2163 καὶ
3354 2107 3550 2180 κρίνει,
3575 2123 3707 2177 προ-

2139 2207 2359 2263 διελθὼν
2391 2209 2448 2262 ἐν
2483 2206 2562 2278 τῷ
2585 2206 2692 2277 πρὸ
2721 2205 2910 2259 τούτου
2933 2204 3075 2275 λόγῳ
3096 2203 3185 2257 τὸν
3214 2202 3432 2273 ἔλεγχον
3454 2199 3549 2254 τοῦ
3577 2199 3712 2272 πλή-

2141 2301 2264 2364 θους
2280 2299 2376 2353 τοῦ
2398 2299 2549 2354 λαοῦ.
2568 2297 2728 2352 Ἀλλά
2748 2297 2842 2352 καὶ
2863 2295 3146 2368 διακρίνει,
3164 2293 3364 2366 κρίνων
3379 2291 3504 2356 τοὺς
3526 2290 3714 2357 ἀξίους

2139 2393 2412 2465 σωτηρίας
2435 2393 2674 2456 καὶτοὺς
2705 2391 2780 2463 μὴ
2806 2389 3095 2452 τοιούτους.
3121 2387 3310 2459 Κρίνει
3332 2387 3388 2441 δὲ
3407 2387 3508 2439 οὐκ
3533 2388 3706 2455 ἐπηρ-

2140 2485 2337 2555 μένως,
2364 2482 2482 2537 οὐδὲ
2495 2481 2852 2555 τυραννικῶς,
2882 2483 2938 2534 ἐν
2972 2479 3097 2550 ὕψει
3125 2495 3184 2532 τε
3214 2476 3708 2550 προκαθεζόμενος,

2137 2577 2272 2632 ἀλλά
2305 2575 2748 2647 συγκαταϐαίνων
2787 2577 2898 2638 τοῖς
2932 2573 3290 2645 κρινομένοις,
3323 2570 3488 2642 μέσος
3530 2569 3710 2624 αὐτῶν

2138 2672 2372 2735 ἵσταται,
2409 2668 2761 2742 ὁμοιούμενος
2791 2667 2974 2730 αὐτοῖς
2995 2664 3074 2736 τῷ
3102 2665 3339 2736 σχήματι
3369 2662 3436 2716 δι’
3467 2654 3530 2716 οὗ
3562 2660 3709 2714 ἀνεί-

2135 2765 2304 2836 ληφεν
2330 2761 2638 2835 ἀνθρώπου.
2658 2759 2938 2816 Ἐντεῦθεν
2965 2775 3025 2811 τε
3049 2757 3152 2829 ἠδη
3183 2754 3469 2828 προλαϐὼν
3498 2753 3709 2809 ἀποτεί-

2136 2873 2286 2911 νεται
2313 2853 2660 2926 σωφρονίζων
2687 2853 2812 2916 τοὺς
2830 2849 3117 2923 μέλλοντας
3137 2847 3438 2919 κρίνεσθαι,
3455 2847 3550 2900 καὶ⁵
3574 2861 3712 2916 προ-

2137 2947 2534 3017 φυλαττόμενος
2574 2944 2770 3007 αὐτοὺς
2793 2940 2929 3014 πρὸς
2953 2940 3014 2994 τὸ
3047 2938 3120 3010 μὴ
3151 2937 3463 3008 περιπεσεῖν
3511 2937 3576 3005 τῇ
3609 2933 3708 3003 τῆς

2136 3038 2369 3110 κρίσεως
2416 3035 2674 3107 τιμωρίᾳ,
2708 3030 3158 3106 προκατορθῶσαι
3205 3028 3263 3082 δὲ
3307 3026 3403 3080 καὶ¹
3434 3024 3709 3096 προφυλά-

2140 3127 2332 3195 ξασθαι
2363 3127 2453 3182 διὰ
2478 3127 2587 3180 τῶν
2615 3123 3038 3197 προσαγομένων
3060 3122 3240 3185 αὐτοῖς
3273 3118 3528 3189 ἐλέγχων.

540 3206 810 3274 Quocirca
828 3209 962 3264 dicit
990 3231 1005 3265 :
1030 3243 1096 3252 --
1134 3211 1301 3269 Vsus.
1331 3214 1389 3279 9.,
1415 3215 1468 3270 '5.
1495 3214 1771 3287 Usquequo
1809 3217 2026 3287 judica-

2150 3190 2166 3195 ν
2205 3222 2297 3276 Διὸ
2353 3221 2583 3291 φάσκει*
2629 3190 2777 3284 Ἕως
2807 3190 2964 3269 *ποτε
3005 3213 3236 3282 κρίνετε
3276 3210 3516 3265 ἀδικίαν
3541 3250 3558 3274 ,
3608 3209 3705 3262 καί

471 3299 538 3355 iis
572 3301 925 3371 iniquitatem,
956 3315 1005 3358 et
1036 3304 1200 3374 facies
1237 3317 1569 3376 peccatorum
1593 3310 1846 3366 sumitis?
1874 3309 2035 3363 ludi-

465 3399 581 3444 cate
619 3407 776 3462 egeno
809 3402 860 3448 et
889 3394 1110 3463 pupillo.
1156 3394 1255 3452 His
1293 3411 1459 3467 porro
1488 3398 1688 3452 similia
1711 3415 1807 3470 per
1839 3399 2034 3456 Isaiam

465 3499 684 3557 quoque
714 3487 1063 3558 propheticus
1081 3488 1321 3561 Spiritus
1342 3492 1671 3549 vociferatus
1688 3502 1772 3550 est
1790 3510 1804 3547 :
1831 3493 2038 3550 Discite

467 3576 658 3632 bonum
680 3577 873 3648 facere,
898 3582 1116 3650 quaerite
1139 3581 1426 3652 judicium,
1458 3585 1699 3654 judicate
1741 3589 1942 3657 pupillo
1979 3597 2030 3642 et

465 3668 726 3740 defendite
737 3671 973 3735 viduam;
990 3680 1040 3726 et
1054 3674 1300 3740 venite,et
1315 3676 1692 3746 disceptemus,
1711 3679 1838 3732 dicit
1859 3679 2034 3734 Domi-

467 3775 588 3815 nus.
640 3758 759 3815 Etsi
789 3761 988 3830 fuerint
1006 3773 1222 3832 peccata
1245 3776 1418 3821 vestra
1441 3768 1575 3822 sicut
1606 3785 1862 3840 purpura,
1902 3788 2034 3842 qua-

467 3851 516 3906 si
537 3854 703 3906 nivem
728 3852 984 3908 dealbabo
1009 3856 1050 3909 ³.
1081 3853 1188 3912 Sed
1218 3857 1322 3914 hoc
1345 3859 1565 3930 quidem
1615 3869 1835 3932 pactum
1882 3861 2034 3919 Scri~

468 3951 626 4014 plura
648 3960 950 4014 prominere
977 3950 1300 4016 antevertit;
1328 3949 1421 4020 qui
1459 3960 1642 4006 autem
1669 3953 1894 4008 deorum
1932 3971 2032 4011 no-

468 4035 614 4090 mine
634 4037 836 4101 ornati,
858 4044 912 4091 et
934 4045 1086 4091 tanta
1115 4038 1364 4094 doctrina
1396 4040 1604 4112 dignati
1634 4051 1784 4110 sunt,
1835 4047 2032 4101 nescie-

465 4139 612 4196 runt,
638 4146 799 4201 nequc
827 4129 1215 4198 intellexerunt,
1247 4134 1299 4186 in
1327 4133 1552 4189 tenebris
1583 4136 1878 4193 ambulant.
1905 4139 2032 4196 Haec

465 4212 631 4291 porro
659 4217 725 4273 ad
750 4228 966 4291 tempus
986 4220 1113 4274 item
1139 4222 1326 4292 prima:
1356 4221 1664 4280 Servatoris
1713 4228 1887 4283 nostri
1931 4245 2030 4300 pe-

463 4310 852 4382 regrinationis
883 4311 1210 4379 referamur,
1238 4333 1350 4387 quo
1389 4318 1455 4373 ad
1486 4333 1792 4391 synagogas
1814 4321 2030 4378 Judaco-

461 4413 584 4453 rum
613 4401 903 4469 accedens,
934 4411 987 4458 et
1027 4403 1082 4458 in
1135 4407 1376 4462 medium
1424 4410 1730 4480 principum
1777 4413 2024 4477 veniens.

461 4502 588 4544 cum
620 4491 762 4561 ipsis
781 4492 1118 4564 disputabat,
1156 4497 1416 4569 ipsosque
1457 4502 1810 4573 coarguebat,
1837 4504 2028 4559 testifi-

2135 3314 2429 3383 πρόσωπα
2449 3306 2812 3381 ἁμαρτωλῶν
2826 3303 3190 3374 λαμϐάνετε;
3220 3301 3470 3369 Κρίνατε
3494 3298 3705 3366 πτωχῷ

2135 3407 2234 3462 καὶ
2259 3402 2516 3476 ὀρφανῷ.
2545 3402 2627 3457 Τὰ
2652 3403 2814 3473 ὃμοια
2837 3399 2894 3453 δέ
2916 3397 3128 3461 τούτοις
3157 3396 3254 3451 καὶ
3276 3395 3364 3448 διά
3398 3394 3618 3447 Ἡσαΐου
3644 3391 3710 3444 τὸ

2135 3498 2471 3572 προφητικὸν
2512 3493 2739 3566 Πνεῦμα
2763 3492 3004 3563 κέκραγε
3035 3489 3187 3558 λέγον
3209 3503 3224 3520 ⁸
3256 3485 3481 3543 Μάθετε
3513 3485 3711 3540 καλὸν

2135 3592 2349 3658 ποιεῖν,
2380 3589 2745 3658 ἐκζητήσατε
2784 3587 3008 3655 κρίσιν,
3041 3583 3280 3652 κρίνατε
3323 3575 3556 3649 ὀρφανῷ
3597 3576 3698 3629 καί

2133 3683 2487 3740 δικαιώσατε
2533 3681 2726 3752 χήρᾳο
2764 3678 2862 3733 καὶ
2897 3675 3088 3743 δεῦτε,
3131 3674 3230 3728 καὶ
3277 3667 3700 3740 διαλεχθῶμεν,

2131 3777 2294 3847 λέγει
2339 3776 2574 3845 Κύριος.
2604 3771 2714 3828 Καὶ
2745 3773 2852 3826 ἐὰν
2880 3765 3028 3824 ὦσιν
3054 3772 3113 3822 αἱ
3137 3766 3414 3838 ἁμαρτίαι
3433 3761 3595 3832 ὑμῶν
3617 3760 3698 3827 ὡς

2133 3867 2465 3939 φοινικοῦν,
2503 3867 2580 3933 ὡς
2627 3865 2804 3935 χιόνα
2843 3859 3139 3918 λευκανῶ.
3156 3858 3314 3912 Ἀλλὰ
3345 3856 3516 3912 ταῦτα
3546 3852 3649 3925 μὲν
3676 3854 3708 3907 6

2129 3959 2286 4028 λόγος
2328 3955 2802 4032 προδιαστέλλεται
2823 3971 2838 3985 ·
2861 3954 2910 4006 οἱ
2937 3953 2994 4006 δὲ
3023 3954 3091 4023 τῇ
3135 3951 3241 4004 τῶν
3269 3947 3406 4002 θεῶν
3436 3942 3711 4016 ὲπηγορίᾳ

2129 4049 2470 4122 τιμηθέντες,
2519 4050 2613 4104 καὶ
2661 4047 2928 4118 τοσαύτης
2967 4041 3311 4105 διδασκαλίας
3361 4038 3706 4106 ἀξιωθέντες,

2130 4142 2241 4194 οὐκ
2282 4139 2575 4209 ἔγνωσαν,
2611 4137 2752 4193 οὐδὲ
2799 4133 3101 4204 συνῆκαν,
3133 4133 3203 4186 ἐν
3240 4132 3444 4186 σκότει
3493 4127 3708 4180 διαπο-

2121 4233 2418 4301 ρεύονται.
2449 4231 2634 4286 Ταῦτα
2665 4231 2722 4284 δέ
2752 4228 2848 4283 καὶ
2893 4230 2973 4293 είς
3005 4228 3095 4282 τὸν
3130 4225 3318 4296 καιρὸν
3350 4223 3447 4293 τῆς
3479 4219 3711 4293 πρώτης

2127 4323 2221 4377 τοῦ
2256 4323 2505 4395 Σωτῆρος
2533 4321 2690 4394 ἡμῶν
2723 4321 3012 4395 ἐπιδημίας
3037 4319 3358 4390 ἀναφέροιτο
3381 4316 3468 4380 ἂν,
3502 4313 3627 4367 καθ’
3646 4313 3713 4367 ὃν

2129 4420 2188 4474 ἐν
2205 4421 2324 4482 ταῖς
2343 4421 2685 4489 συναγωγαῖς
2709 4417 3076 4491 παραϐάλλων
3090 4416 3182 4470 τοῦ
3211 4414 3478 4470 Ἰουδαίων
3493 4412 3704 4474 ἔθνους,

2128 4512 2223 4564 καὶ
2273 4510 2433 4582 μέσος
2477 4510 2586 4565 τῶν
2625 4510 2901 4582 ἀρχόντων
2949 4506 3309 4582 παριὼν,”τάς
3339 4506 3476 4578 πρὸς
3505 4505 3710 4568 αὐτοὺς

460 4591 594 4634 cans
637 4581 970 4653 edicensque
1015 4600 1079 4640 ea
1129 4602 1251 4657 qua:
1297 4589 1356 4644 in
1408 4589 1599 4647 futuro
1635 4593 1844 4662 judicio
1890 4594 2026 4666 ipsis

2134 4581 2360 4657 ἐποιεῖτο
2387 4581 2678 4668 διαλέξεις,
2693 4581 2945 4674 ἐλέγχους
2967 4581 3039 4656 τε
3055 4601 3236 4663 αὐτοῖς
3258 4599 3430 4670 ἐπῆγε
3447 4639 3464 4666 ,
3496 4614 3712 4670 μαρτυ-

458 4679 726 4726 euentura
746 4685 925 4732 erant.
958 4675 1049 4732 Sic
1073 4679 1257 4748 itaque
1286 4680 1430 4738 Deus
1463 4684 1556 4739 illo
1577 4695 1822 4757 tempore
1844 4688 2026 4744 stabat

461 4759 520 4815 in
548 4777 822 4838 synagoga
848 4767 1096 4835 deorum,
1133 4780 1187 4827 et
1213 4775 1268 4829 in
1311 4775 1490 4832 medio
1518 4788 1849 4836 memoratos
1891 4781 2024 4836 deos

455 4852 757 4922 judicabat.
791 4858 900 4917 Pro
922 4861 1017 4916 illo
1039 4879 1292 4936 namque,
1327 4866 1612 4937 dijudicat,
1663 4868 2024 4942 Symmachus

460 4953 516 5001 et
534 4945 749 5019 Aquila,
770 4951 1046 5024 judicans,
1103 4957 1551 5032 interpretantur.
1609 4963 1675 5018 Et
1728 4968 2022 5035 perpende,

463 5055 669 5112 quaeso,
705 5057 814 5113 quo
843 5053 1004 5115 pacto
1031 5047 1164 5105 deos
1191 5054 1557 5109 nominaverit
1599 5070 1693 5111 eos
1715 5055 1783 5111 de
1825 5058 2032 5128 quibus

457 5135 754 5205 judicatur,
787 5155 888 5195 nec
913 5157 1241 5216 synagogam
1269 5146 1495 5202 deorum
1537 5163 1844 5205 memorare
1866 5151 2024 5208 dubi-

459 5228 674 5296 taverit,
698 5228 766 5284 ad
787 5229 1167 5290 confusionem
1196 5251 1392 5300 eorum
1421 5240 1513 5311 qui
1566 5239 1867 5299 Salvatoris
1893 5244 2024 5300 dei-

461 5325 624 5374 tatem
660 5320 951 5393 abnegant.
983 5321 1118 5378 Nam
1151 5325 1197 5380 si
1225 5342 1320 5383 eos
1349 5330 1442 5400 qui
1496 5331 1732 5386 convicti
1784 5331 2022 5401 fuerant,

458 5417 514 5462 et
561 5419 782 5481 propter
826 5412 1126 5483 nequitiam
1171 5417 1313 5473 male
1355 5420 1670 5487 audiebant,
1728 5423 1861 5480 deos
1923 5442 2019 5481 vo-

413 5497 586 5558 'eare
639 5512 928 5560 cunctatus
974 5521 1083 5560 non
1135 5514 1274 5576 est;
1331 5518 1416 5566 tot
1473 5512 1807 5570 mirabilium
1861 5517 2021 5588 Opili-

458 5607 576 5649 cem
623 5609 870 5664 operum,
917 5599 1010 5668 qui
1053 5599 1321 5672 judicium
1378 5618 1409 5658 a
1448 5602 1612 5662 Patre
1647 5609 1880 5680 accepit,
1925 5610 2023 5681 qui

533 5774 557 5805 ⁸
595 5774 694 5832 In.
730 5795 784 5846 ι,
823 5779 908 5837 17.

2135 4693 2359 4764 ρόμενος
2409 4693 2501 4746 καὶ
2543 4691 2982 4763 διαστελλόμενος
3006 4691 3075 4745 τὰ
3101 4691 3352 4763 περὶτῆς
3401 4689 3709 4761 μελλούσης

2130 4786 2325 4849 αὖτοὺς
2376 4783 2727 4857 διαλήψεσθαι
2778 4784 3030 4857 κρίσεως.
3063 4784 3248 4847 Οὕτως
3282 4777 3375 4836 οὖν
3401 4784 3429 4836 ὁ
3457 4781 3591 4844 Θεὸς
3633 4777 3709 4852 ἦν

2129 4877 2248 4930 κατέ
2271 4877 2444 4928 ἐκεῖνο
2475 4873 2668 4948 καιροῦ
2697 4875 2866 4940 ἑστὼς
2885 4877 2942 4930 ἐν
2973 4879 3259 4947 συναγωγῇ
3283 4873 3440 4936 θεῶν,
3471 4873 3528 4925 ἐν
3555 4872 3710 4944 μέσῳ

2127 4985 2189 5022 τε
2232 4967 2358 5031 τοὺς
2393 4966 2782 5038 προλεχθέντας
2811 4967 3010 5040 κρίνων
3041 4968 3224 5032 θεούς·
3259 4966 3380 5023 am
3423 4969 3533 5037 γάρ
3583 4965 3704 5027 τοῦ,

2127 5058 2433 5128 διακρίνει,
2462 5059 2490 5111 ὁ
2519 5059 2812 5131 Σύμμαχος
2851 5058 2948 5112 καὶ
2983 5060 3012 5112 ὁ
3050 5057 3299 5122 Ἀκύλας,
3334 5057 3578 5126 κρίνων,
3611 5056 3703 5108 ὲκ-

2126 5148 2407 5206 δεδὼκασι.
2435 5151 2545 5204 Καὶ
2577 5152 2679 5224 ὅρα
2710 5153 2865 5217 ὅπως
2883 5151 3038 5215 θεοὺς
3065 5151 3313 5220 ὠνόμασε
3359 5149 3486 5212 τοὺς
3512 5163 3700 5217 κρινο-

2129 5244 2343 5315 μένους,
2370 5243 2464 5297 καὶ
2502 5243 2640 5298 θεῶν
2684 5247 3003 5315 συναγωγὴν
3032 5243 3131 5296 οὐκ
3159 5240 3402 5312 ὤκνησεν
3432 5237 3702 5292 ἀποκαλέ-

2127 5353 2238 5401 σαι,
2271 5335 2352 5400 είς
2376 5334 2686 5407 δυσώπησιν
2714 5335 2832 5389 τῶν
2851 5335 3197 5408 ἀρνουμένων
3220 5332 3312 5386 τοῦ
3334 5332 3583 5404 Σωτῆρος
3599 5329 3697 5399 τὴν

2127 5426 2374 5498 θεότητα.
2409 5429 2471 5482 Ei
2511 5427 2621 5500 γὰρ
2652 5429 2780 5492 τοὺς
2820 5426 3207 5497 ἐλεγχομένους
3251 5424 3344 5478 καὶ
3393 5424 3486 5476 ἐπὶ
3530 5419 3695 5489 κακία

2123 5518 2573 5590 διαϐαλλομένους
2613 5519 2733 5572 ούκο
2759 5517 2922 5573 ὤκνει
2954 5519 3108 5581 θεοὺς
3139 5516 3444 5586 ὀνομάζειν,
3473 5511 3564 5567 τὸν
3587 5509 3699 5562 τῶν

2123 5610 2391 5670 τοσούτων
2427 5611 2743 5684 παραδόξων
2776 5610 2957 5684 ἔργων
2980 5607 3228 5683 ποιητὴν,
3256 5608 3356 5662 τὸν
3381 5605 3480 5677 τὴν
3515 5602 3698 5675 κρίσιν
