4008 6210
247 349 349 408 985

1405 344 1912 404 COMMENTARIA
1951 345 2017 400 ΙΝ
2068 344 2410 404 PSALMOS.

3377 354 3484 411 986

244 465 393 536 παρὰ
437 463 530 518 τοῦ
566 463 779 536 Πατρδς
811 462 1088 534 εἰληφότα,
1117 461 1233 525 πῶς
1280 462 1341 514 οὐ
1384 462 1717 517 δικαιότατον
1749 464 1815 532 τῇ

1919 477 2029 517 non
2059 463 2430 532 aequissimum
2466 461 2628 518 fuerit
2656 464 2947 520 venerabili
2979 465 3074 521 Dei
3107 467 3311 524 honore
3340 471 3485 526 cele-

243 548 354 611 τοῦ⁹
383 555 519 610 Θεοῦ
574 555 854 626 σεὸασμίῳ
893 557 1025 626 τιμῇ
1061 553 1379 625 σεμνύνειν;
1407 554 1577 608 Τοῦτό
1607 572 1689 608 τοι
1720 556 1814 608 καὶ

244 648 404 712 αὐτὸς
431 650 460 701 ό
488 646 678 719 Σωτὴρ
703 645 1094 717 δυσωπητικῶς
1121 646 1257 716 πρὸς
1295 646 1491 708 αὐτοὺς
1517 647 1645 710 τοὺς
1684 647 1814 700 Ἰου-

245 741 411 794 δαίων
451 742 715 813 ἄρχοντας
765 739 1097 810 προῦτεινεν,
1129 738 1320 803 αὐταῖς
1366 738 1424 791 δὲ
1471 738 1695 803 ταύταις
1722 755 1814 792 κε·-

246 830 513 902 χρημένος
555 832 674 892 ταῖς
724 827 1023 899 παρούσαις
1067 827 1294 895 λέξεσιν.
1345 828 1659 900 Εἰρηκότων
1707 830 1816 900 γὰρ

245 921 451 974 αὐτῶνο
488 921 625 990 Περὶ
661 921 845 974 καλοῦ
872 919 1048 990 ἔργου
1079 922 1151 974 οὐ
1185 917 1496 989 λιθάζομέν
1530 936 1625 982 σε,
1656 920 1818 974 ἀλλὰ

245 1013 379 1082 περὶ
418 1013 833 1081 βλασφημίας,
873 1012 961 1066 ὅτι
1006 1011 1109 1076 σὺ,
1144 1011 1453 1079 ἄνθρωπος
1496 1009 1600 1078 ὢν,
1631 1011 1816 1076 ποιεῖς

244 1107 504 1159 σεαυτὸν
556 1107 702 1159 Θεόν
723 1123 736 1136 ’
772 1105 1174 1173 ἁνταπεκρίθη
1222 1104 1426 1170 αὐτοῖς
1474 1107 1507 1159 ό
1548 1105 1774 1173 Ἰησοῦς
1799 1121 1813 1134 ο

246 1199 367 1250 Οὐκ
397 1197 525 1250 ἐστι
547 1196 950 1267 γεγραμμένον
967 1197 1038 1250 ἐν
1054 1194 1133 1261 τῷ
1159 1198 1320 1264 νόμῳ
1345 1194 1528 1266 ὑμῶν,
1549 1197 1659 1262 ὅτι,
1677 1195 1817 1266 Ἐγὼ

239 1283 398 1341 εἶπαο
419 1288 552 1342 Θεοί
580 1289 721 1342 ἐστε
742 1305 760 1353 ;
793 1291 862 1342 Et
888 1289 1160 1354 ἐκείνους
1181 1283 1311 1341 εἷπε
1337 1287 1530 1355 θεοὺς,
1543 1287 1692 1356 πρὸς
1708 1287 1818 1354 οῦς

240 1380 274 1432 ό
301 1379 486 1448 λόγος
515 1377 750 1448 ἐγένετο
781 1378 886 1433 τοῦ
922 1379 1091 1444 Θεοῦ,
1124 1378 1224 1435 καὶ
1249 1380 1320 1432 οὺ
1345 1377 1592 1431 δύναται
1632 1376 1819 1447 λυθῆ-

1915 553 2115 608 brare?
2145 551 2301 619 Quod
2337 554 2454 625 ipse
2483 554 2742 610 Servator
2768 558 2974 627 pudore
2994 557 3300 614 Judteorum
3333 564 3484 632 prin-

1914 644 2064 714 cipes
2088 643 2348 706 alliciens.
2370 645 2700 716 eosdemque
2735 646 2820 702 his
2852 648 2985 718 ipsis
3022 648 3202 704 verbis
3240 651 3482 719 compel-

1916 735 2058 801 lans,
2097 736 2408 806 objiciebat.
2446 737 2580 792 Nam
2623 753 2750 793 cum
2791 740 2866 794 illi
2894 741 3160 797 dixissent
3193 761 3205 796 :
3239 742 3315 796 De
3352 741 3484 796 bono

1917 843 2068 898 opere
2096 845 2200 882 non
2229 828 2528 898 lapidamus
2562 839 2629 896 te,
2664 830 2754 885 sed
2775 831 2838 886 de
2867 831 3220 901 blasphemia;
3249 836 3373 904 quia
3405 844 3486 899 tu,

1917 919 2074 974 homo
2114 937 2232 974 cum
2265 923 2360 986 sis,
2408 923 2542 992 facis
2585 925 2804 992 teipsum
2847 925 3014 978 Deum
3045 942 3063 980 :
3096 926 3361 995 respondit
3406 929 3485 981 eis

1916 1006 2074 1062 Iesus
2101 1023 2120 1062 :
2155 1008 2344 1065 Nonne
2381 1012 2632 1080 scriptum
2659 1023 2736 1068 est
2769 1015 2822 1068 in
2851 1013 2959 1084 lege
2991 1025 3158 1070 vestra
3177 1033 3194 1069 :
3216 1014 3328 1085 Ego
3351 1016 3486 1082 dixi,

1917 1099 2009 1154 Dii
2029 1103 2152 1156 estis
2169 1105 2195 1157 ?
2213 1101 2275 1157 Si
2302 1103 2423 1158 illos
2453 1105 2588 1158 dixit
2615 1103 2736 1160 deos
2763 1108 2832 1159 ad
2859 1123 2987 1176 quos
3009 1124 3177 1162 sermo
3202 1107 3296 1162 Dei
3314 1109 3488 1178 factus

1917 1204 2018 1256 est,
2049 1203 2098 1247 et
2136 1211 2240 1248 non
2266 1205 2436 1264 potest
2481 1195 2612 1251 solvi
2645 1197 2954 1265 Scriptura;
2991 1215 3143 1267 quem
3172 1198 3335 1254 Pater
3364 1217 3490 1254 san—

1919 1285 2170 1355 cti/icavit
2192 1296 2241 1340 et
2269 1289 2414 1342 misit
2448 1290 2502 1342 in
2532 1289 2808 1353 mundum,
2846 1307 2933 1345 vos
2973 1290 3151 1344 dicitis
3189 1292 3314 1360 quia
3344 1291 3490 1346 blas-

1920 1379 2152 1447 phemat,
2184 1382 2312 1450 quia
2340 1381 2454 1434 dixi
2478 1397 2496 1434 :
2529 1381 2578 1434 Ε
2582 1382 2705 1436 ilius
2730 1382 2828 1437 Dei
2863 1400 2979 1437 sum
3010 1383 3053 1439 ⁸.
3083 1384 3237 1450 Quod
3275 1385 3322 1440 si
3361 1384 3490 1440 Ser-

238 1485 338 1526 ναι
362 1471 401 1538 ἠ
431 1469 666 1540 I‘pagai],
695 1469 768 1523 ὃν
800 1472 832 1524 ὁ
865 1469 1069 1538 Πατὴρ
1091 1470 1308 1540 ἡγίασε
1331 1469 1430 1522 καὶ
1462 1468 1821 1524 ἀπέστειλεν

1920 1479 2076 1526 vator
2101 1471 2249 1526 dicat
2281 1491 2294 1527 :
2332 1470 2521 1527 Nonne
2549 1483 2627 1527 est
2665 1475 2920 1544 scriptum
2949 1476 3004 1528 in
3047 1477 3152 1546 lege
3177 1479 3201 1532 ?
3228 1493 3294 1530 ne
3326 1479 3491 1530 mire-

239 1563 328 1629 εις
359 1562 467 1616 τὸν
489 1563 738 1632 κόσμον,
767 1560 936 1630 ὑμεῖς
963 1561 1188 1630 λέγετε,
1215 1560 1304 1614 ὅτι
1331 1561 1701 1631 βλασφημεῖ,
1732 1561 1821 1614 ὅτι

1922 1561 2031 1628 ris;
2059 1562 2327 1632 "quoniam
2360 1563 2656 1632 quemlibet
2695 1578 3003 1619 sermonem
3030 1565 3145 1627 Dei.
3168 1582 3276 1621 non
3310 1568 3490 1622 solum

240 1650 432 1710 εἷπον-ο
467 1654 599 1720 Υἱὸς
623 1653 770 1708 Θεοῦ
798 1656 935 1723 εἰμι.
961 1655 1024 1707 Εἰ
1053 1653 1110 1707 δὲ
1133 1653 1282 1720 λέγοι
1300 1655 1327 1706 ὁ
1345 1653 1553 1725 Σωτὴρ,
1583 1654 1820 1720 ὃτι,οὺκ

1921 1654 2014 1724 qui
2039 1670 2136 1725 per
2168 1654 2429 1726 Moysem,
2465 1655 2561 1710 sed
2591 1656 2753 1712 etiam
2789 1671 2882 1726 per
2922 1660 3217 1728 prophetas
3251 1650 3492 1728 prolatus

240 1746 375 1799 ἐστι
387 1744 793 1816 γεγραμμένον
816 1746 885 1799 ἐν
912 1744 991 1811 τῷ
1012 1747 1211 1816 νόμῳ;
1237 1744 1313 1816 μὴ
1347 1745 1634 1818 θαυμάσῃς
1651 1763 1664 1776 ·
1697 1744 1820 1798 ἐπεὶ

1924 1744 2016 1808 sit,
2044 1745 2200 1815 quasi
2227 1745 2429 1815 regiam
2461 1746 2751 1815 quamdam
2789 1747 2956 1817 legem
2996 1747 3370 1818 accipiendum
3395 1751 3494 1804 do-

243 1814 422 1891 πάντα
463 1814 617 1905 λόγον
649 1834 807 1898 Θεοῦ,
839 1836 900 1889 οὐ
936 1814 1094 1908 μόνον
1118 1836 1209 1890 τὸν
1354 1814 1635 1900 Μωσέως,
1682 1836 1817 1890 ἀλλὰ

1922 1814 2074 1900 οιιιςί
2099 1838 2176 1891 ita
2219 1814 2588 1908 utipra‘cepta
2635 1855 2730 1909 per
2766 1814 3059 1910 prophetas
3094 1814 3324 1906 tradita,
3366 1844 3492 1913 jure

241 1929 336 1983 καὶ
364 1929 456 1982 τὸν
485 1929 573 1982 διὰ
597 1928 706 1984 τῶν
748 1929 1044 2000 προφητῶν
1087 1928 1430 2000 λελεγμένον,
1461 1928 1651 2001 ὥσπερ
1699 1930 1819 1984 τινὰ

241 2020 520 2091 βασιλικὸν
547 2020 709 2092 νόμον
733 2019 1090 2091 ἀποδέχεσθαι
1129 2020 1368 2075 διδάσκει
1387 2037 1400 2051 ⁸
1446 2019 1584 2074 ὥστε
1625 2022 1719 2075 καὶ
1749 2021 1820 2075 τὰ

236 2113 328 2167 διὰ
382 2112 491 2166 τῶν
545 2111 840 2185 προφητῶν
892 2111 1320 2185 παρηγγελμένα
1345 2113 1579 2182 εὐλόγως
1604 2114 1669 2168 άν
1699 2131 1820 2166 τινα

236 2203 380 2261 εἶναι
411 2205 575 2276 φάναι
608 2206 806 2273 νόμους
853 2205 1016 2260 Θεοῦ·
1048 2207 1143 2260 καὶ
1171 2205 1233 2259 τὸ
1257 2205 1344 2260 διὰ
1370 2207 1468 2277 τῆς
1499 2205 1818 2278 ψαλμῳδίας

237 2299 460 2370 ὁμοίως.
497 2299 666 2363 Αὐτὸς
693 2295 785 2353 οὖν
819 2301 847 2353 ό
874 2298 968 2352 τοῦ
995 2298 1128 2352 Θεοῦ
1157 2299 1350 2369 Λόγος,
1389 2298 1600 2370 μορφὴν
1632 2298 1818 2352 δούλου

239 2390 442 2456 λαϐὼν,
477 2392 569 2444 καὶ
600 2393 839 2464 σχήματι
865 2392 1107 2464 εὑρεθεὶς
1150 2393 1226 2456 ὡς
1273 2393 1578 2464 ἄνθρωπος,
1604 2393 1732 2465 ἔστη
1760 2394 1820 2446 ὲν

239 2487 530 2556 συναγωγῇ
571 2485 726 2549 θεῶν,
760 2485 855 2538 καὶ
886 2485 1048 2556 μέσος
1070 2483 1179 2537 τῶν
1203 2486 1261 2538 ἐν
1282 2483 1588 2556 ἀνθρώποις
1609 2485 1822 2556 ὠνομα-

239 2578 476 2632 σθέντων
505 2577 641 2630 θεῶν
661 2576 920 2646 γεγονὼς,
945 2577 1157 2648 ἔκρινεν
1184 2577 1399 2641 αὐτοὺς,
1423 2577 1659 2647 ὁπηνίκα
1685 2577 1822 2648 πρὸς

237 2672 436 2735 αὐτοὺς
459 2670 671 2739 ἔλεγεν·
722 2670 775 2722 '0
814 2672 997 2739 λόγος
1032 2669 1105 2723 ὃν
1143 2667 1424 2738 ἐλάλησα
1463 2669 1613 2738 πρὸς
1640 2667 1818 2740 ὑμᾶς,

234 2763 421 2828 αὐτὸς
462 2760 619 2832 ὑμᾶς
654 2760 862 2829 κρίνει.
907 2760 1016 2812 Καὶ
1069 2760 1268 2832 μᾶλλον
1313 2760 1455 2814 οὕτω
1507 2761 1708 2833 πρέποι
1754 2761 1820 2816 ἂν

239 2851 557 2924 ἐκδέχεσθαι
606 2850 706 2922 τὴν
751 2849 1030 2922 παροῦσαν
1080 2851 1392 2923 Γραφὴν,ἢ
1445 2851 1685 2922 νομίζειν
1731 2853 1821 2908 τὸν

236 2947 498 3000 ἐπέκεινα
533 2945 641 2999 τῶν
674 2944 808 2998 ὅλων
849 2943 1000 3008 Θεὸν,
1035 2944 1196 2997 αὐτὸν
1222 2944 1313 2998 τὸν
1342 2945 1578 3016 Πατέρα,
1613 2947 1671 2998 ὲν
1695 2945 1821 2997 τού-

233 3056 352 3103 τοις
401 3036 712 3104 εἰσάγεσθαι
759 3036 959 3108 μεταξῦ
1013 3035 1150 3090 θεῶν
1185 3036 1386 3109 ἐτέρων
1415 3038 1646 3092 ἑστῶτα.
1681 3036 1818 3092 Οὔτε

233 3131 346 3201 γὰρ
384 3129 658 3201 ἰσοτίμως
695 3128 845 3201 αὐτῷ
870 3147 1020 3194 τινας
1049 3127 1189 3183 εἶναι
1214 3130 1460 3185 ὑπονοεῖν
1489 3130 1666 3202 θέμις,
1696 3130 1818 3184 οὔτε
1847 3162 1889 3220 C

237 3221 405 3276 αὑτὸν
441 3222 519 3285 εἰς
543 3221 795 3276 τοσοῦτον
827 3225 1180 3291 καταγαγεῖν,
1214 3222 1290 3287 ὡς
1321 3224 1482 3294 μέσον
1519 3223 1818 3296 ἀνθρώπων

234 3316 496 3386 παρεῖναι
546 3315 642 3368 καὶ⁹
685 3313 906 3368 ἑστάναι
949 3314 1317 3369 ὑποτίθεσθαι.
1345 3316 1530 3370 Ταῦτα
1555 3316 1615 3369 δὲ
1641 3317 1819 3371 πάντα

230 3405 299 3462 ἂν
353 3405 583 3479 ἁρμόζοι
626 3405 706 3477 τῷ
751 3406 972 3478 Χριστῷ
1015 3405 1109 3460 τοῦ
1161 3407 1326 3462 Θεοῦο
1358 3408 1418 3472 ὃς
1459 3407 1524 3480 δὴ
1553 3409 1816 3478 φάσκωνο

233 3499 387 3566 Ἕως
428 3500 571 3553 πότε
601 3500 833 3567 κρίνετε
874 3498 1131 3563 ἀδικίαν,
1162 3499 1260 3553 καὶ
1307 3502 1598 3569 πρόσωπα
1633 3501 1819 3572 ἀμαρ-

231 3590 443 3646 τωλῶν
487 3591 856 3661 λαμϐάνετε;
904 3591 964 3644 οὐ
1021 3591 1159 3663 πρὸς
1201 3593 1442 3656 ἐκείνους
1490 3593 1684 3664 μόνους
1737 3590 1819 3661 οἷς

236 3683 430 3756 παρὼν
457 3683 673 3754 ὡμίλει,
703 3683 841 3737 ἀλλὰ
866 3684 960 3738 καὶ
986 3684 1121 3756 πρὸς
1143 3685 1349 3749 πάντας
1369 3684 1512 3739 εἴποι
1537 3685 1603 3739 ἂν
1624 3685 1817 3752 ταῦτα,

234 3776 360 3839 τοὺς
414 3773 512 3845 τὴν
556 3774 804 3840 ἐξουσίαν
853 3775 946 3829 τοῦ
998 3776 1205 3847 κρίνειν
1247 3776 1469 3848 ἐτέρους
1511 3777 1815 3849 εἰληφότας.

235 3863 529 3933 Μέμφεται
579 3863 636 3916 δὲ
688 3865 912 3930 εἰκότως
954 3866 1080 3928 τοὺς
1127 3864 1692 3938 καθυποκρινομένους
1723 3869 1821 3939 μὲν

231 3954 300 4009 τά
346 3954 460 4009 τῶν
507 3954 775 4008 πλουσίων
823 3955 1112 4026 πρόσωπα,
1145 3957 1586 4022 καταπονοῦντας
1613 3959 1669 4012 δὲ
1692 3960 1820 4025 τοὺς

234 4045 510 4116 πένητα“ς’
545 4045 662 4099 δέον
710 4043 789 4115 τῷ
832 4045 932 4116 τῆς
973 4045 1321 4119 δικαιοσύνης
1362 4046 1511 4119 ζυγῷ
1557 4049 1816 4117 δικάζειν,

239 4135 681 4207 μνημονεύοντας
719 4135 1018 4203 φάσκοντος
1058 4137 1222 4208 νόμου
1246 4154 1258 4166 ·
1295 4141 1380 4193 Οὐ
1423 4138 1595 4209 λήψῃ
1635 4142 1820 4208 πρόσ-

249 4243 418 4282 ωπον
449 4227 520 4280 ἐν
539 4227 748 4294 κρίσει.
779 4227 916 4280 Νυνὶ
942 4227 998 4281 δε
1031 4229 1289 4296 πολλάκις
1311 4232 1406 4286 καὶ
1426 4235 1585 4303 ἡμεῖς
1607 4235 1699 4288 ἐπὶ
1723 4235 1819 4306 μὲν

244 4318 358 4372 τῶν
385 4318 628 4388 πενήτων
659 4317 954 4371 πταιόντων
987 4320 1195 4391 σμικρά
1217 4339 1336 4375 τινα
1359 4323 1620 4395 ἀπότομοι
1642 4324 1820 4394 γιγνό-

1922 1929 2068 1999 leges
2104 1928 2196 1983 Dei
2223 1945 2344 1998 esse
2377 1930 2660 1997 dicantur;
2689 1940 2745 1986 et
2779 1934 3028 1988 similiter
3057 1950 3178 2004 quae
3231 1935 3288 1989 in
3333 1934 3490 1990 Psal-

1920 2023 2026 2076 mis
2055 2021 2325 2078 feruntur.
2362 2021 2542 2093 Ipsum
2572 2024 2754 2094 itaque
2781 2023 2875 2080 Dei
2908 2024 3167 2092 Verbum,
3194 2027 3339 2101 quod
3376 2028 3492 2083 lor-

1921 2130 2062 2169 mam
2093 2115 2236 2170 servi
2270 2116 2479 2186 accepit
2501 2126 2555 2172 et
2579 2117 2768 2173 habitu
2794 2118 3070 2174 inventum
3103 2128 3189 2177 est
3218 2128 3278 2175 ut
3303 2121 3486 2186 homo,

1920 2205 2070 2260 stetit
2095 2206 2148 2260 in
2178 2221 2451 2278 synagoga
2477 2207 2701 2263 deorum
2723 2248 2739 2274 ,
2775 2217 2830 2263 et
2861 2212 3097 2266 medium
3147 2219 3302 2268 stans
3350 2212 3492 2268 inter

1919 2296 2190 2364 homines,
2223 2298 2316 2369 qui
2345 2299 2419 2353 dii
2455 2311 2741 2362 vocantur,
2775 2300 3056 2370 judicabat
3084 2319 3214 2368 eos,
3253 2318 3378 2357 cum
3409 2303 3494 2363 (1]-

1919 2397 2066 2444 ceret
2097 2389 2202 2443 illis
2234 2407 2248 2443 :
2275 2387 2460 2444 Sermo
2497 2407 2647 2459 quem
2678 2394 2881 2446 locutus
2915 2409 3032 2446 sum
3063 2393 3224 2458 vobis,
3265 2395 3374 2464 ipse
3402 2411 3490 2448 vos

1911 2481 2120 2550 judicat
2137 2479 2336 2536 '.Hanc
2357 2496 2521 2552 porro
2543 2481 2880 2552 Scripturam
2905 2485 3272 2554 praestabilius
3292 2486 3492 2541 esthoc

1921 2575 2168 2644 accipere
2205 2574 2388 2639 modo,
2421 2590 2583 2645 quam
2619 2583 2811 2646 putare
2853 2574 3021 2630 Deum
3053 2577 3146 2646 qui
3178 2592 3344 2646 super
3375 2594 3493 2632 om-

1922 2668 2010 2721 nia
2044 2673 2150 2731 est,
2177 2666 2357 2737 ipsum
2398 2665 2636 2731 Patrem,
2672 2667 2759 2722 hic
2802 2667 2985 2722 induci
3019 2668 3161 2723 inter
3191 2669 3328 2724 alios
3358 2670 3492 2724 deos

1922 2766 2177 2814 stantem.
2205 2757 2390 2829 Neque
2422 2759 2567 2813 enim
2601 2759 2725 2814 licet
2756 2759 2896 2822 alios
2929 2760 3030 2830 ipsi
3073 2759 3280 2815 honore
3309 2775 3490 2830 :rqua-

1922 2852 2000 2906 les
2033 2867 2154 2906 esse
2191 2852 2482 2921 suspicari,
2529 2867 2706 2921 neque
2757 2851 2936 2922 ipsum
2966 2853 3040 2907 ita
3071 2853 3394 2924 deprimere,
3433 2863 3492 2922 ut

1921 2945 2134 3000 medius
2186 2945 2330 2999 inter
2375 2945 2626 3000 homines
2669 2960 2793 3000 esse
2829 2954 2884 3000 et
2933 2953 3079 3001 stare
3131 2960 3488 3018 supponatur.

1923 3035 2047 3092 Haec
2071 3052 2236 3108 porro
2265 3039 2447 3091 omnia
2476 3034 2700 3091 Christo
2732 3035 2827 3091 Dei
2855 3046 3165 3108 competant
3198 3058 3212 3094 :
3237 3039 3330 3109 qui
3359 3055 3492 3095 sane

1923 3144 2046 3182 cum
2081 3129 2196 3182 haec
2227 3126 2360 3182 dicit
2392 3147 2404 3182 :
2457 3125 2729 3197 Usquequo
2755 3127 3012 3196 iudicatis
3049 3129 3399 3199 iniquitatem,
3440 3140 3490 3186 et

1921 3220 2082 3289 [acies
2107 3229 2438 3289 peccatorum
2461 3220 2714 3275 sumitis?
2741 3235 2847 3274 non
2873 3235 2967 3276 eos
2992 3221 3167 3276 solum
3193 3238 3330 3292 quos
3352 3237 3492 3292 prae-

1920 3327 2048 3368 sens
2078 3310 2488 3381 alloquebatur;
2521 3310 2616 3365 sed
2645 3310 2808 3365 etiam
2837 3326 3028 3367 omnes
3049 3320 3316 3383 quotquot
3337 3321 3494 3382 pote-

1920 3411 2119 3459 statem
2147 3404 2215 3458 de
2249 3403 2372 3460 aliis
2399 3403 2684 3474 judicandi
2707 3398 3039 3474 acceperint,
3072 3407 3154 3460 sic
3178 3407 3488 3475 compellat.

1921 3495 2112 3552 Merito
2146 3503 2325 3550 autem
2361 3497 2541 3567 arguit
2573 3512 2690 3564 eos,
2732 3497 2825 3566 qui
2855 3496 3083 3551 divitum
3113 3512 3401 3567 personant
3431 3499 3490 3554 in

1921 3589 2138 3646 occulto
2159 3589 2458 3660 accipiunt,
2487 3603 2753 3660 pauperes
2776 3597 2956 3644 autem
2979 3591 3292 3659 Opprimunt
3319 3609 3334 3657 ;
3360 3607 3488 3646 cum

1919 3691 2168 3754 oporteat
2199 3698 2324 3737 cum
2349 3682 2578 3753 justitia:
2616 3683 2828 3738 bilance
2859 3683 3123 3753 judicium
3172 3682 3335 3749 ferre,
3384 3699 3492 3737 ηιθ-

1921 3791 2100 3832 mores
2134 3776 2269 3845 legis
2300 3791 2420 3846 quae
2444 3775 2520 3829 ait
2553 3791 2567 3827 :
2602 3774 2724 3828 Non
2753 3775 2974 3845 accipies
3010 3791 3288 3845 personam
3311 3776 3363 3828 in
3394 3775 3491 3844 ju-

1919 3866 2058 3921 dicio
2087 3867 2128 3922 ⁸.
2168 3865 2324 3922 Nunc
2355 3875 2537 3922 autem
2570 3867 2889 3936 plerumque
2917 3881 3019 3922 nos
3065 3881 3193 3936 erga
3223 3881 3495 3936 pauperes

1919 3958 1977 4013 in
2009 3958 2223 4013 modica
2254 3958 2458 4028 lapsos,
2509 3958 2775 4013 immanes
2819 3974 3011 4014 sumus
3048 3958 3283 4028 judices,
3326 3968 3496 4030 atque

1920 4048 1975 4102 in
2005 4047 2275 4104 sententia
2313 4056 2505 4103 contra
2531 4062 2628 4102 eos
2664 4047 2883 4103 ferenda
2925 4049 3318 4116 inexorabiles;
3349 4050 3492 4105 divi-

1918 4149 2032 4196 tum
2076 4155 2205 4196 vero
2237 4141 2330 4212 qui
2383 4140 2706 4211 gravissima
2760 4141 2991 4196 crimina
3043 4150 3375 4212 perpetrant,
3423 4158 3494 4198 ac:

1918 4232 2111 4290 deinde
2140 4234 2193 4288 in
2229 4231 2527 4288 Ecclesiain
2559 4231 2653 4288 Dei
2701 4234 2988 4298 accedunt,
3025 4249 3311 4305 personam
3344 4235 3492 4288 acci-

1917 4329 2119 4399 pimus,
2149 4327 2220 4382 ita
2249 4334 2310 4379 ut
2337 4325 2496 4380 nobis
2516 4327 2679 4381 etiam
2705 4333 2976 4395 competat
3003 4326 3134 4380 illud
3169 4345 3181 4380 :
3213 4325 3492 4396 Usqueun

245 4411 387 4484 μεθα
423 4411 627 4482 κριταὶ,
663 4411 757 4464 καὶ⁵
807 4410 1168 4483 ἀπαραίτητοι
1217 4415 1274 4467 ὲν
1323 4417 1444 4478 ταῖς
1487 4415 1606 4470 κατ’
1640 4416 1818 4470 αὐτῶν

1919 4417 2170 4486 iudicatis
2203 4415 2555 4486 iniquitatem,
2593 4421 2642 4467 et
2677 4414 2838 4483 facies
2875 4423 3203 4482 peccatorum
3238 4414 3498 4470 sumitis?

236 4503 548 4573 ἀποφάσεσι
572 4519 585 4532 ο
640 4500 909 4557 πλουσίων
955 4501 1012 4554 δὲ
1053 4503 1122 4559 τὰ
1157 4504 1386 4574 μέγιστα
1415 4505 1816 4580 ἐξαμαρτανόν-

1919 4509 2052 4566 Cum
2083 4516 2262 4562 autem
2313 4506 2466 4570 dicit,
2498 4521 2781 4576 usquequo,
2814 4505 2881 4560 de
2924 4505 3047 4560 vita:
3076 4505 3224 4559 exitu
3260 4520 3361 4560 nos
3389 4505 3494 4559 ad-

235 4610 364 4656 των,
395 4592 584 4646 ἔπειτα
627 4589 1081 4664 παραϐαλλόντων
1120 4595 1201 4658 εἰς
1228 4595 1325 4666 τὴν
1369 4597 1688 4669 Ἐκκλησίαν
1716 4598 1810 4654 τοῦ

1919 4607 2124 4658 monet.
2169 4599 2467 4666 Quantum,
2533 4598 2732 4668 inquit,
2791 4597 3050 4668 temporis
3102 4597 3258 4652 vobis
3286 4597 3486 4664 aderit,

233 4681 392 4748 Θεοῦ,
431 4684 698 4755 πρόσωπα
745 4683 1119 4756 λαμϐάνομεν·
1173 4684 1314 4741 ὥστε
1367 4688 1460 4741 καὶ
1495 4688 1630 4760 πρὸς
1663 4692 1813 4761 ἡμᾶς

1919 4709 2026 4765 quo
2056 4692 2193 4750 tales
2227 4690 2389 4746 sitis?
2425 4705 2489 4746 ac
2519 4689 2738 4745 demum
2769 4705 2866 4745 vos
2903 4688 2999 4745 Dei
3041 4689 3303 4760 judicium
3332 4689 3489 4745 iuva-

233 4779 493 4852 ἁρμόττει
518 4779 578 4833 τό
597 4796 609 4808 ·
644 4780 792 4847 Ἕως
811 4782 955 4835 πότε
975 4782 1209 4850 κρίνετε
1229 4782 1487 4848 ἀδικίαν,
1506 4785 1604 4840 καί
1624 4789 1808 4854 πρόσ-
1917 4789 2028 4844 det.

232 4888 363 4928 ωπα
401 4875 766 4944 ἁμαρτωλῶν
813 4877 1181 4946 λαμϐάνετες
1227 4880 1314 4934 Ἐν
1361 4881 1418 4934 δὲ
1456 4883 1537 4954 τῷ
1583 4885 1761 4956 λέγειν
1784 4928 1800 4953 ,
1840 4888 1950 4953 ἕως
2001 4885 2165 4945 πότε,
2222 4881 2629 4952 ὑπομιμνήσκει
2685 4874 2785 4952 τῆς
2837 4877 2932 4933 τοῦ
2999 4878 3113 4950 βίου
3145 4877 3496 4951 ἀπαλλαγῆς..

234 4971 404 5024 Πόσον
431 4970 560 5042 γὰρ,
583 4971 766 5042 φησὶν,
789 4971 938 5038 ἕξετε
963 4973 1154 5046 χρόνον
1183 4968 1313 5045 ὲν
1339 4978 1566 5034 τοιοῦτοι
1587 4981 1808 5049 ἔσεσθες
1846 4982 1939 5038 καὶ
1968 4980 2152 5034 λοιπὸν
2176 4976 2492 5049 διαλήψεται
2524 4976 2668 5047 ὑμᾶς
2695 4977 2728 5046 ἡ
2753 4972 2847 5027 τοῦ
2873 4973 3008 5027 Θεοῦ
3033 4972 3232 5046 κρίσις.

301 5085 392 5139 Διὸ
415 5086 688 5156 ἐπιλέγει·
725 5089 978 5157 Ιιζρίνατε
1005 5091 1245 5162 πτωχὸν
1266 5093 1363 5147 καὶ
1394 5096 1676 5166 ὀρφανὸν,
1707 5115 1807 5153 τα-

1983 5095 2155 5150 Vcns.
2190 5095 2244 5148 4.
2281 5093 2460 5159 Quare
2507 5091 2692 5147 subdit
2727 5109 2741 5146 ι
2771 5088 3019 5144 Judicate
3063 5105 3277 5161 egenum
3306 5099 3354 5144 et
3383 5105 3487 5158 pu-

231 5177 443 5231 κεινὸν
465 5178 564 5231 καὶ
584 5177 813 5246 πένητα
828 5179 1200 5237 δικαιώσατε.
1220 5183 1532 5248 Ἐξέλεσθε
1555 5186 1803 5257 πένητα,

1919 5188 2118 5251 pillum,
2140 5186 2386 5240 humilem
2417 5195 2466 5239 et
2486 5199 2764 5254 pauperem
2783 5183 3095 5252 justiﬁcate.
3130 5181 3328 5252 Eripite
3346 5198 3480 5250 pau-

232 5268 329 5322 καὶ
359 5269 602 5338 πτωχὸν
627 5269 695 5322 ὲκ
734 5271 935 5339 χειρὸς
978 5272 1328 5342 ἁμαρτωλοῦ
1367 5277 1660 5344 ῥύσασθε.
1679 5279 1804 5334 Ἐὰν

1919 5296 2101 5344 aerem,
2131 5288 2180 5333 et
2217 5295 2433 5348 egenum
2475 5277 2539 5332 de
2591 5293 2754 5330 manu
2809 5278 3096 5346 peccatoris
3148 5276 3380 5329 liberate.
3421 5271 3478 5326 Si

237 5360 332 5430 μὲν
361 5356 455 5415 οὖν
470 5363 674 5415 τούτων
698 5362 1036 5435 ἀκροώμενοι
1065 5366 1448 5439 παιδευώμεθα
1471 5369 1564 5422 καὶ
1585 5369 1654 5423 τά
1671 5389 1810 5444 παρ-

1919 5373 2098 5444 itaque
2123 5371 2208 5427 his
2233 5371 2436 5427 auditis
2459 5370 2529 5425 ad
2559 5368 2904 5440 disciplinam
2925 5369 3250 5424 accedamus
3269 5374 3323 5420 et
3347 5378 3480 5433 pra:-

236 5452 555 5522 αγγέλματα
589 5452 972 5525 φυλάττοιμεν,
1005 5456 1107 5526 τῆς
1139 5458 1203 5511 ὲκ
1232 5459 1338 5512 τῶν
1358 5459 1530 5529 λόγων
1553 5461 1808 5532 ὠνάμεθα

1919 5474 2067 5534 cepta
2105 5478 2416 5528 servemus,
2459 5478 2529 5518 ex
2571 5460 2918 5517 sermonibus
2963 5459 3248 5514 utilitatem
3295 5452 3475 5524 perci-

233 5539 518 5611 ὠφελείας.
535 5543 686 5596 Ἐπεὶ
712 5543 804 5597 καὶ⁸
822 5546 952 5616 ἡμῖν
972 5545 1294 5619 λεχθήσεται
1313 5566 1326 5580 ο
1363 5552 1485 5604 Οὐκ
1513 5551 1806 5621 ἔγνωσαν,

1919 5557 2140 5626 piemus.
2161 5554 2372 5611 Etenim
2397 5556 2558 5612 nobis
2592 5568 2809 5626 quoque
2853 5553 3062 5608 dicetur
3089 5567 3188 5603 :——-
3209 5545 3375 5601 Vens.
3417 5545 3473 5601 5.

236 5632 373 5687 οὐδὲ
399 5634 701 5703 συνῆκαν,
728 5636 798 5690 ἐν
816 5638 1018 5691 σκότει
1044 5637 1518 5708 διαπορεύονται.
1535 5641 1600 5695 Τί
1628 5642 1684 5695 δὲ
1709 5644 1808 5698 οὐκ

1919 5646 2249 5714 Nescierunt,
2280 5665 2440 5719 neque
2489 5648 2878 5710 intellexerunt,
2930 5645 2989 5697 in
3036 5639 3256 5696 tenebris
3289 5637 3476 5693 ambus

319 5791 339 5821 ⁸
367 5788 526 5848 Juan.
561 5811 628 5860 ι,
665 5793 753 5850 '53.
833 5796 854 5827 ⁸
893 5794 1053 5851 Joan.
1089 5811 1198 5862 xu,
1234 5795 1320 5852 48.
1399 5797 1420 5828 ⁸
1458 5796 1615 5853 Deut.
1653 5814 1774 5867 XVI,
1816 5798 1898 5853 l9.
