3996 6210
505 360 612 416 987

1208 355 1474 413 EUSEBII
1508 355 1988 413 CESA'RIENSIS
2015 355 2165 412 OPP.
2209 354 2388 410 PARS
2420 353 2505 408 lli.
2543 381 2613 394 --
2643 351 3051 410 EXEGETICA.

3642 355 3749 410 988

506 475 640 532 lant.
683 472 821 541 Quid
858 484 1034 527 autem
1069 473 1384 527 nescierunt
1437 489 1614 542 neque
1665 454 2057 538 intelliaxerunt1

2172 474 2413 542 ἔγνωσαν
2458 471 2576 525 οὐδὲ
2629 469 2888 539 συνῆκαν,
2914 469 2956 540 ἥ
2982 469 3063 522 ὅτι
3111 469 3234 522 ὅσον
3269 466 3420 522 οὔπω
3463 469 3562 523 καὶ
3595 470 3751 524 αὐτοὶ

506 565 612 618 nisi
646 579 705 618 se
738 563 1137 632 quamprimum
1189 561 1446 616 tribunali
1480 561 1575 617 Dei
1619 561 1891 616 sistendos
1920 577 2064 625 esse,

504 656 768 710 rationem
807 655 872 709 de
912 654 1134 724 judiciis
1173 654 1374 723 injuste
1426 653 1553 708 latis
1599 653 1946 708 reddituros?
1987 652 2067 707 Illi

502 761 631 800 vero
657 745 923 816 judicium
966 744 1058 800 Dei
1094 761 1203 815 pra:
1237 745 1413 800 oculis
1448 760 1556 800 non
1585 751 1869 815 ponentes,
1900 745 1956 798 in
1987 750 2068 798 te-

503 838 690 892 nebris
716 839 1013 902 ambulant,
1053 839 1371 908 ignorantia:
1399 838 1630 908 caligine
1657 837 1856 891 mentis
1879 836 2068 890 oculos

503 931 809 1000 opplentes.
835 928 1199 995 Quamobrem
1232 944 1329 999 par
1362 936 1445 984 est
1475 942 1570 982 eos
1595 927 1745 981 verbi
1779 925 2068 996 splendore

503 1023 825 1085 illustratos,
885 1034 977 1076 aut
1024 1038 1133 1076 non
1175 1021 1446 1092 judicare,
1493 1035 1760 1075 memores
1808 1019 1927 1088 ejus
1974 1018 2067 1089 qui

503 1113 638 1168 dixit
673 1131 688 1167 :
719 1110 898 1166 Nolite
923 1112 1186 1182 judicare,
1217 1119 1273 1163 ut
1311 1127 1414 1164 non
1447 1109 1757 1179 judicemini
1784 1109 1803 1139 ⁷
1830 1125 1844 1174 ;
1877 1116 1970 1160 aut
2020 1107 2065 1162 si

505 1204 558 1258 id
605 1203 898 1273 aliquando
933 1217 1156 1257 necesse
1187 1201 1368 1265 fuerit,
1402 1199 1772 1269 justissimum
1799 1196 2066 1268 judicium

502 1295 666 1359 ferre,
702 1312 765 1349 ac
805 1302 1120 1366 peccatores
1144 1293 1497 1358 convincere;
1521 1292 1733 1347 etiamsi
1767 1289 2067 1360 oportuerit

501 1403 602 1457 pro
630 1387 855 1440 veritate
886 1385 1021 1438 mori
1066 1405 1077 1439 :
1115 1386 1166 1439 in
1204 1385 1442 1437 animum
1479 1382 1816 1445 inducentes,
1859 1381 1913 1435 in
1943 1381 2067 1433 uni-

500 1479 702 1532 versali
736 1479 826 1532 Dei
857 1478 1088 1546 judicio,
1123 1475 1268 1546 quod
1302 1491 1398 1547 per
1427 1474 1704 1530 Christum
1733 1489 1890 1530 suum
1925 1473 2066 1526 latu-

500 1585 599 1624 rus
628 1580 730 1637 est,
759 1570 998 1623 omnium
1032 1567 1146 1623 fore
1179 1567 1702 1623 consummationem
1731 1575 1785 1620 et
1804 1566 2064 1619 mutatio-

501 1677 644 1716 nem.
699 1661 853 1727 Quod
907 1661 1173 1730 judicium
1208 1660 1449 1714 declarat
1494 1660 1547 1714 id
1576 1659 1721 1729 quod
1771 1658 2061 1727 sequitur:

499 1751 742 1807 —Vens.
770 1753 824 1816 6,
858 1754 910 1806 7.
945 1752 1295 1807 Movebuutur
1319 1753 1495 1807 omnia
1527 1751 2060 1822 fundamentaterraz.

500 1842 612 1913 Ego
641 1843 890 1898 dixi:Dii
912 1846 1058 1908 estis,
1082 1856 1130 1899 et
1159 1847 1258 1915 ﬁlii
1291 1845 1549 1900 Altissimi
1575 1860 1773 1898 omnes.
1821 1842 1924 1897 Vos
1965 1859 2063 1896 au-
2095 1827 2134 1882 Β

502 1945 600 1988 tem
628 1937 764 1990 sicut
792 1936 1024 1991 homines
1062 1939 1374 2003 m0riemini,
1400 1947 1450 1991 et
1484 1937 1617 1990 sicut
1645 1951 1778 1990 unus
1808 1934 1872 1990 de
1912 1937 2061 2005 prin-

498 2026 700 2094 cipibus
726 2027 944 2083 cadetis.
979 2027 1288 2084 Memoratis
1323 2029 1447 2092 diis,
1479 2027 1710 2082 ducibus
1741 2027 1990 2082 videlicet
2011 2037 2066 2082 et

499 2116 838 2186 principibus
889 2118 1094 2187 populi,
1144 2119 1235 2188 qui
1284 2119 1338 2171 in
1384 2117 1622 2173 medium
1675 2132 1867 2172 eorum
1914 2117 2064 2171 venit

500 2205 663 2272 Deus,
691 2206 803 2259 haec
831 2207 994 2261 etiam
1019 2207 1276 2278 loquitur,
1295 2207 1519 2271 docens,
1556 2222 1614 2263 se
1641 2206 1857 2278 quidem
1879 2195 2062 2262 Patris

499 2297 877 2353 liberalitatem
935 2298 1228 2366 imitatum,
1281 2300 1430 2354 nulla
1483 2299 1687 2354 invidia
1735 2298 2056 2358 cohibitum.

498 2390 754 2445 deitatem
784 2393 1190 2445 communicare
1221 2405 1407 2458 suam;
1443 2391 1517 2444 ita
1565 2397 1626 2444 ut
1673 2390 1797 2446 illos
1845 2404 2062 2460 quoque

496 2499 685 2538 omnes
714 2483 848 2539 deos
877 2490 930 2538 et
967 2483 1108 2538 lilios
1141 2483 1409 2539 Altissimi
1436 2489 1675 2547 voearet,
1704 2481 1850 2552 quod
1879 2491 2058 2536 tamen

497 2575 602 2631 sibi
636 2576 739 2631 soli
770 2577 975 2642 inerat;
1007 2576 1084 2629 illi
1115 2590 1246 2630 vero
1292 2577 1521 2646 gratiam
1555 2575 1885 2631 contumelia
1938 2575 2061 2629 alle-

495 2675 708 2721 oerunt.
741 2664 860 2731 Quo
890 2674 1052 2737 pacto
1077 2674 1257 2721 autem
1289 2667 1381 2735 qui
1413 2681 1442 2720 a
1473 2665 1582 2722 Deo
1600 2666 1884 2735 imperium
1907 2681 2062 2720 acce-

494 2773 646 2828 pere,
676 2758 900 2813 deorum
947 2759 1206 2813 honorem
1270 2759 1410 2828 apud
1464 2759 1710 2813 subditos
1755 2758 2056 2822 obtineant,

495 2850 782 2920 intelliges,
813 2850 860 2904 si
891 2850 1071 2904 animo
1115 2849 1367 2903 advertas
1400 2847 1604 2903 dictum
1636 2847 1804 2918 Moysi
1836 2848 2004 2904 fuisse
2042 2867 2054 2902 :

497 2939 630 2995 Ecce
662 2941 909 2994 constitui
951 2949 997 2992 te
1041 2939 1192 2992 hodie
1223 2939 1378 2992 deum
1419 2938 1738 3001 Pharaonis,
1784 2946 1833 2992 et
1878 2939 2056 2991 Aaron

495 3033 662 3102 frater
702 3041 820 3085 tuus
854 3031 954 3084 erit
997 3031 1090 3083 tibi
1119 3031 1370 3099 propheta
1397 3031 1437 3085 ⁸.
1469 3030 1623 3084 Sicut
1651 3031 1797 3086 enim
1821 3029 2054 3102 Moyses,

493 3139 618 3179 cum
648 3123 810 3176 homo
841 3121 935 3178 Dei
965 3130 1132 3185 esset,
1152 3130 1205 3177 et
1240 3125 1308 3178 ab
1341 3139 1407 3178 eo
1438 3123 1697 3178 honorem
1729 3125 2050 3194 accepisset,

492 3215 629 3270 deus
664 3213 967 3268 Pharaonis
994 3215 1302 3284 appellatus
1337 3223 1420 3272 est
1447 3233 1460 3282 ;
1489 3217 1675 3270 eodem
1710 3216 1870 3270 modo
1898 3227 2056 3286 quot-

492 3312 626 3376 quot
655 3321 685 3358 a
721 3304 829 3360 Deo
863 3304 1123 3361 honorem
1158 3306 1486 3376 acceperint,
1525 3306 1750 3362 deorum
1779 3308 1896 3362 loco
1923 3307 2056 3363 sub-

491 3397 622 3452 ditis
655 3396 941 3451 habentur.
984 3396 1348 3463 Quamobrem
1408 3397 1570 3452 iidem
1609 3398 1810 3454 subditi
1853 3397 1919 3452 ad
1961 3414 2056 3455 eos

491 3502 618 3543 cum
646 3489 947 3543 reverentia
980 3495 1034 3543 et
1057 3489 1248 3543 timore
1272 3487 1559 3553 accedunt,
1585 3503 1694 3542 non
1724 3489 1794 3543 ob
1822 3488 2056 3543 militare

491 3580 834 3643 satellitium,
870 3596 979 3634 non
1009 3580 1078 3635 ob
1119 3579 1335 3635 divitias
1364 3587 1418 3635 et
1467 3588 1817 3650 potestatem;
1857 3580 1950 3635 sed
1984 3580 2055 3634 ob

489 3671 752 3724 honorem
781 3671 917 3740 ipsis
945 3684 974 3722 a
997 3669 1106 3725 Deo
1129 3670 1380 3724 inditum.
1414 3668 1506 3724 Sic
1534 3671 1678 3725 enim
1710 3669 1909 3740 Moysis
1937 3669 2055 3724 vul-

489 3767 580 3815 tus
611 3761 782 3830 gloria
815 3760 1148 3830 replebatur,
1201 3761 1282 3816 sic
1333 3761 1702 3830 apostolorum
1757 3759 2053 3815 Salvatoris

489 3851 685 3914 nostri,
713 3851 794 3906 sic
826 3851 956 3905 olim
988 3850 1083 3906 Dei
1128 3853 1537 3922 prophetarum,
1572 3852 1652 3906 sic
1684 3852 1928 3905 omnium
1959 3851 2053 3922 qui

487 3955 613 3994 vero
649 3939 791 3994 servi
824 3939 918 3994 Dei
943 3948 1133 4008 erant;
1166 3941 1259 4010 qui
1293 3941 1420 3998 dum
1451 3941 1570 3996 sine
1597 3942 1886 4012 splendore
1918 3957 2054 4011 pau-

487 4045 752 4101 peresque
784 4030 950 4088 vitam
982 4030 1259 4102 degerent,
1286 4047 1316 4084 a
1354 4032 1623 4102 religiosis
1663 4041 1841 4086 tamen
1877 4032 2052 4087 homi-

487 4123 648 4176 nibus
673 4121 744 4175 ob
765 4120 987 4174 inditam
1022 4121 1125 4175 sibi
1173 4120 1402 4190 gratiam
1446 4121 1500 4174 in
1542 4120 1748 4175 honore
1774 4121 2052 4176 habeban—

485 4221 597 4270 tur.
629 4212 740 4284 Ego
763 4211 1004 4283 quidem,
1039 4211 1134 4274 ait,
1165 4211 1246 4267 sic
1285 4211 1451 4276 volui,
1485 4212 1566 4266 sic
1597 4211 1706 4266 dixi
1739 4229 1751 4263 :
1787 4211 1877 4265 Dii
1901 4215 2048 4269 estis.

486 4307 646 4362 Volui
675 4321 808 4362 sane
838 4321 937 4360 vos
962 4303 1186 4376 perinde
1222 4312 1383 4374 atque
1404 4319 1490 4358 me
1521 4304 1577 4358 in
1602 4303 1780 4360 medio
1806 4311 2049 4360 vestrum

483 4406 719 4454 stantem
775 4394 966 4460 Deum,
1017 4393 1282 4450 Altissimi
1330 4392 1470 4449 lilios
1503 4392 1678 4460 edici;
1729 4409 1825 4449 vos
1865 4401 2047 4450 autem

2170 561 2609 632 παραστήσονται
2634 557 2711 628 τῷ
2741 557 2941 628 βήματι
2976 556 3070 610 τοῦ
3095 558 3250 620 Θεοῦ,
3287 558 3443 625 λόγον
3485 556 3752 621 δώσοντες

2166 653 2295 723 περὶ
2346 645 2420 705 ὧν
2469 653 2528 704 οὐ
2579 649 2805 712 δικαίως
2832 649 3085 722 ἔκριναν;
3121 651 3184 702 Ol.
3218 651 3273 703 δὲ
3313 650 3384 721 μὴ
3413 649 3522 719 πρὸ
3551 648 3755 718 ὀφθαλ-

2169 743 2286 813 μῶν
2319 742 2532 813 θέμενοι
2562 740 2661 813 τὴν
2696 740 2875 812 κρίσιν
2911 741 3005 794 τοῦ
3060 741 3194 794 Θεοῦ
3247 743 3304 794 ὲν
3341 742 3525 794 σκότει
3565 740 3755 794 διαπο-

2171 832 2436 903 ρεύονται,
2467 830 2546 902 τῷ
2566 832 2669 904 τῆς
2694 831 2914 898 ἀγνοίας
2937 830 3111 901 σκότῳ
3137 830 3206 883 τὰ
3232 831 3330 901 τῆς
3356 831 3539 901 ψυχῆς
3570 831 3754 882 αὐτῶν

2165 923 2385 993 ὄμματα
2435 923 2841 996 πληρώσαντες.
2876 923 2966 976 Διὸ
3017 923 3300 994 προσήκει,
3330 922 3409 992 τῷ
3457 922 3556 975 τοῦ
3592 922 3754 989 λόγου

2168 1016 2357 1086 φέγγει
2392 1017 2814 1088 φωτιζομένους,
2845 1015 2878 1086 ἢ
2932 1015 3006 1086 μὴ
3045 1016 3270 1087 κρίνειν,
3304 1014 3758 1086 μνημονεύοντας

2165 1107 2258 1161 τοῦ
2291 1109 2570 1182 εἰρηκότος
2593 1127 2606 1140 ·
2640 1109 2737 1177 Μὴ
2781 1109 3030 1176 κρίνετε,
3066 1109 3166 1161 ἵνα
3189 1107 3275 1176 μὴ
3311 1107 3553 1177 κριθῆτε
3578 1123 3594 1137 °
3632 1109 3666 1178 ἢ
3707 1112 3755 1161 εί

2165 1200 2376 1272 ἀνάγκη
2439 1201 2568 1254 ποτὲ
2619 1201 2860 1272 κρίνειν,
2914 1199 3053 1253 κατά
3095 1199 3156 1252 τὸ
3199 1200 3543 1253 δικαιότατον
3591 1199 3759 1252 τοῦτο

2166 1295 2338 1346 ποιεῖν
2364 1293 2458 1346 καὶ
2480 1293 2718 1363 ἐλέγχειν
2740 1294 2868 1357 τοὺς
2891 1292 3317 1362 ἁμαρτάνοντας,
3343 1291 3448 1345 κᾶν
3471 1292 3582 1345 δέοι
3607 1293 3750 1364 ὑπὲρ

2166 1383 2421 1455 ἀληθείας
2449 1383 2723 1456 θνήσκειν,
2756 1384 3155 1454 πεπεισμένους
3188 1383 3453 1455 ἀκριϐῶς,
3495 1386 3576 1437 ὅτι
3609 1385 3749 1438 πάν-

2166 1491 2272 1527 των
2304 1473 2454 1526 ἔσται
2483 1473 2758 1527 συντέλεια
2803 1477 2896 1530 καὶ
2932 1474 3198 1546 μεταὼλὴ
3232 1475 3323 1527 ἐπὶ
3365 1478 3434 1545 τῇ
3479 1475 3746 1548 καθολικῇ

2166 1563 2344 1636 κρίσει
2389 1564 2482 1618 τοῦ
2515 1566 2670 1632 Θεοῦ,
2697 1567 2764 1638 ἦν
2790 1569 3070 1639 ποιήσεται
3117 1565 3206 1619 διὰ
3247 1566 3340 1619 τοῦ
3370 1566 3610 1639 Χριστοῦ
3638 1570 3741 1622 αὖα

2164 1655 2258 1708 τοῦ
2279 1673 2292 1686 ·
2319 1656 2386 1727 ἥν
2415 1657 2508 1710 καὶ
2539 1658 2568 1710 ὁ
2609 1658 2797 1730 παρὼν
2839 1659 3136 1731 παρίστησι
3172 1659 3326 1728 λόγος
3356 1661 3748 1714 ὲπισυνάπτων

2167 1747 2292 1817 ἑξῆς
2329 1746 2389 1800 τό
2407 1764 2421 1778 ο
2449 1749 2932 1816 Σαλευθήσονται
2973 1749 3168 1804 πάντα
3218 1750 3289 1803 τὰ
3336 1750 3587 1819 θεμέλια
3635 1749 3747 1818 τῆς

2163 1835 2294 1907 γῆς.
2337 1839 2480 1908 Ἐγὼ
2532 1835 2696 1893 εἶπα⁸
2749 1842 2880 1895 Θεοί
2932 1841 3072 1896 ἐστε
3095 1881 3111 1906 ,
3151 1843 3250 1896 καὶ
3293 1844 3412 1897 υἱοὶ
3455 1843 3752 1912 Ὑψίστου

2163 1927 2385 1995 πάντες
2407 1947 2420 1960 ·
2445 1931 2613 1999 ὑμεῖς
2645 1931 2712 1984 δὲ
2740 1933 2820 1998 ὡς
2860 1932 3154 2001 ἄνθρωποι
3179 1933 3622 2003 ἁποθνήσκετε,
3649 1935 3742 1988 καὶ

2161 2020 2242 2086 ὡς
2297 2016 2384 2086 εἷς
2437 2021 2558 2076 τῶν
2605 2025 2912 2092 ἀρχόντων
2973 2027 3234 2080 πίπτετε.
3266 2026 3386 2079 Ἔτι
3432 2026 3579 2098 πρὸς
3619 2027 3744 2092 τοὺς

2163 2112 2554 2184 προλεχθέντας
2587 2115 2760 2181 θεοὺς,
2794 2115 3130 2188 ἡγουμένους
3152 2109 3360 2188 δηλαδῆ
3401 2119 3500 2171 καὶ
3543 2118 3746 2190 ἄρχον..

2161 2219 2258 2266 τας
2281 2203 2376 2257 τοῦ
2419 2204 2571 2272 λαοῦ,
2602 2207 2630 2258 ό
2657 2206 2819 2276 μέσος
2856 2208 3034 2261 αὐτῶν
3058 2209 3344 2279 γενόμενος
3373 2209 3510 2272 Θεὸς
3547 2210 3646 2263 καὶ
3674 2211 3742 2262 τὰ

2161 2297 2403 2368 παρόντα
2443 2299 2803 2365 ἀποτείνεται,
2840 2299 3123 2366 διδάσκων,
3163 2302 3238 2364 ὡς
3279 2301 3442 2364 αὐτὸς
3489 2303 3614 2371 μὲν,
3645 2302 3742 2373 τὴν

2159 2386 2251 2440 τοῦ
2280 2388 2490 2460 Πατρδς
2530 2389 2791 2458 ἀφθονίαν
2839 2390 3192 2463 μιμούμενος,
3222 2393 3385 2445 πᾶσιν
3419 2392 3608 2455 αὐτοῖς
3643 2395 3739 2463 τῆς

2160 2477 2324 2530 αὑτοῦ
2346 2478 2596 2550 θεότητος
2615 2481 2714 2533 οὐκ
2730 2480 2992 2552 ἐφθόνησε
3013 2481 3352 2553 μεταδοῦναι,
3365 2482 3442 2545 ὡς
3460 2483 3559 2536 καὶ
3582 2482 3740 2547 θεοὺς

2159 2569 2520 2642 ἀναγορεῦσαι
2569 2572 2765 2637 αὐτοὺς
2811 2573 2906 2628 καὶ
2953 2575 3102 2638 υἱοὺς
3141 2573 3392 2643 Ὑψίστου
3422 2575 3638 2637 πάντας
3670 2575 3736 2629 ἂν

2160 2661 2354 2725 εἰπεῖν,
2386 2662 2521 2732 ὅπερ
2541 2663 2688 2734 αὑτῷ
2713 2664 2856 2734 μόνῳ
2888 2666 3094 2736 προσῆν
3117 2682 3130 2696 ο
3161 2667 3210 2718 οἱ
3235 2665 3292 2718 δὲ
3323 2665 3422 2736 τὴν
3451 2665 3618 2737 χάριν
3654 2668 3738 2719 ὲν-

2160 2754 2403 2827 ύὸρισαν.
2435 2758 2664 2829 Νοήσεις
2689 2759 2744 2812 δὲ
2773 2759 2887 2824 πῶς
2915 2760 3076 2831 τιμὴν
3103 2759 3242 2814 θεῶν
3268 2761 3316 2812 οἱ
3349 2761 3457 2813 ὑπὸ
3477 2760 3578 2813 τοῦ
3598 2760 3734 2814 Θεοῦ

2157 2849 2257 2920 τὴν
2284 2850 2458 2921 ἀρχὴν
2486 2850 2768 2922 εἰληφότες
2793 2853 2943 2924 παρά
2969 2857 3079 2917 τοῖς
3112 2853 3433 2924 ἀρχομένοις
3472 2855 3736 2924 ὲκτήσανυ

2156 2958 2262 3007 το,
2319 2944 2618 3015 ἐπιστήσας
2662 2946 2809 3009 ὅπως
2872 2948 3085 3017 εἴρηται
3135 2945 3214 3016 τῷ
3268 2947 3457 2999 Μωσεί
3492 2964 3506 2976 ·
3584 2947 3731 3000 Ἰδοὺ

2157 3033 2495 3104 καθέστηκὰ
2559 3051 2633 3091 σε
2690 3037 2955 3107 σήμερον
3018 3039 3158 3093 θεὸν
3211 3038 3292 3104 τῷ
3337 3039 3551 3108 Φαραὼ
3570 3083 3586 3105 ,
3635 3040 3732 3092 καὶ

2173 3126 2383 3195 Ἀαρὼν
2427 3132 2460 3183 ὀ
2515 3128 2778 3198 ἁδελφός
2831 3146 2948 3184 σου
2998 3131 3168 3186 ἔσται
3229 3146 3328 3184 σοι
3393 3129 3729 3199 προφήτης.

2161 3218 2370 3290 ’Ὥσπερ
2414 3219 2520 3291 γάρ
2562 3222 2786 3292 Μωσῆς,
2834 3223 3120 3294 ἄνθρωπος
3164 3223 3239 3276 ὢν
3269 3222 3404 3276 Θεοῦ
3448 3225 3546 3277 καὶ
3598 3223 3736 3296 παρ’

2157 3308 2320 3361 αὐτοῦ
2350 3310 2448 3382 τὴν
2467 3311 2631 3382 τιμὴν
2649 3311 2846 3376 λαϐὼν,
2878 3313 2996 3376 θεὸς
3021 3313 3356 3386 ἀνηγορεύθη
3388 3313 3480 3367 τοῦ
3503 3313 3732 3386 Φαραὼο

2153 3400 2244 3453 τὸν
2264 3401 2424 3454 αὑτὸν
2443 3401 2643 3473 τρόπον
2663 3404 2758 3457 καὶ
2784 3405 2982 3468 πάντες
3005 3404 3098 3468 οὓς
3124 3404 3190 3459 ἀν
3208 3407 3486 3476 τιμήσειεν
3519 3407 3547 3457 ὀ
3569 3407 3734 3470 Θεὸς,

2156 3487 2292 3541 θεῶν
2341 3489 2524 3562 χώραν
2573 3491 2722 3564 παρά
2768 3494 2882 3557 τοῖς
2927 3493 3383 3564 ὑποτεταγμένοις
3420 3493 3726 3564 εἰλήφασιν.

2157 3579 2346 3634 Ἔνθεν
2385 3581 2476 3634 καὶ
2508 3584 2558 3635 oi
2587 3585 2880 3655 ἀρχόμενοι
2919 3587 3208 3656 προσίασιν
3238 3585 3418 3649 αὐτοῖς
3451 3587 3584 3655 μετά
3625 3587 3727 3639 εὗ-

2153 3669 2373 3734 λαὸείας
2407 3673 2499 3726 καὶ
2524 3673 2696 3737 δέους,
2731 3675 2791 3726 οὐ
2825 3675 2914 3727 διά
2954 3692 3072 3728 τινα
3097 3675 3418 3747 δορυφορίαν
3452 3692 3723 3748 στρατιω-

2152 3762 2329 3833 τικὴν,
2360 3763 2420 3816 οὒ
2448 3762 2535 3816 διὰ
2559 3763 2786 3819 πλοῦτον
2824 3766 2918 3819 καὶ
2937 3767 3275 3832 δυναστείαν,
3300 3768 3387 3821 διὰ
3413 3769 3466 3821 δὲ
3491 3769 3588 3835 τὴν
3613 3769 3728 3822 ὑπὸ

2151 3851 2286 3906 Θεοῦ
2320 3853 2634 3924 περιθεῖσαν
2666 3857 2848 3919 αὐτοῖς
2892 3858 3075 3929 τιμήν.
3117 3858 3274 3913 Οὖτω
3317 3860 3425 3932 γὰρ
3465 3862 3561 3914 καὶ
3592 3863 3728 3916 Μω-

2153 3945 2288 4008 σέως
2315 3941 2382 4018 ἦν
2413 3946 2797 4017 δεδοξασμένον
2825 3949 2888 4002 τὸ
2919 3949 3207 4020 πρόσωπον
3225 3967 3239 3981 ο
3275 3951 3417 4004 οὕτω
3461 3953 3560 4005 καὶ
3611 3955 3724 4006 τῶν

2150 4039 2458 4093 ἀποστόλων
2484 4040 2576 4094 τοῦ
2608 4041 2857 4113 Σωτῆρος
2887 4043 3065 4113 ἡμῶν,
3095 4043 3237 4097 οὕτω
3279 4045 3372 4098 καὶ
3412 4044 3524 4097 τῶν
3555 4047 3727 4101 πάλαι

2149 4130 2242 4183 τοῦ
2271 4131 2405 4185 Θεοῦ
2438 4134 2749 4203 προφητῶν,
2791 4133 2932 4188 οὕτω
2977 4137 3069 4188 καὶ
3103 4136 3318 4189 πάντων
3351 4137 3462 4189 τῶν
3507 4139 3728 4208 ἀληθῶς

2148 4223 2241 4277 106
2269 4225 2402 4278 Θεοῦ
2428 4224 2647 4288 δούλων,
2680 4227 2879 4294 ἀδόξως
2913 4228 3181 4298 μενόντων
3202 4228 3296 4281 καὶ
3319 4229 3558 4299 πτωχῶν
3585 4230 3728 4284 κατά

2147 4313 2238 4365 τὸν
2272 4313 2402 4384 βίον,
2432 4316 2808 4386 τετιμημένων
2821 4317 2884 4370 ’δὲ
2910 4316 3060 4387 παρά
3077 4321 3189 4382 τοῖς
3216 4318 3488 4372 θεοσεϐέσι
3518 4319 3610 4374 διὰ
3631 4320 3728 4392 τὴν

2149 4406 2213 4457 ὲκ
2243 4405 2378 4458 Θεοῦ
2407 4405 2694 4476 δεδομένην
2741 4407 2927 4472 αὐτοῖς
2957 4409 3132 4481 χάριν.
3151 4409 3294 4478 Ἐγὼ
3325 4411 3422 4482 μὲν
3465 4409 3586 4476 οὖν,
3620 4432 3726 4483 φη-

483 4490 713 4562 gratiam
765 4487 1194 4558 contempsistis.
1241 4487 1301 4539 In
1353 4493 1532 4540 vestra
1583 4485 1762 4556 itaque
1813 4485 2048 4540 humana

2157 4499 2225 4561 σι,
2261 4499 2355 4552 καὶ
2403 4497 2660 4569 ἠθέλησα,
2700 4500 2793 4553 καὶ
2838 4496 2989 4554 εἷπον
3008 4519 3020 4532 ·
3059 4503 3192 4557 Θεοί
3228 4503 3367 4557 ἐστε
3386 4521 3400 4534 °
3438 4504 3728 4576 βουληθεὶς

482 4583 712 4646 malitia,
757 4589 812 4636 et
857 4582 913 4636 in
963 4580 1202 4650 peccatis
1240 4578 1436 4632 vestris
1482 4577 1809 4635 moriemini.
1857 4578 2051 4632 Anima

483 4676 628 4728 enim
668 4689 782 4743 qua:
820 4673 1130 4740 peccaverit,
1179 4670 1295 4738 ipsa
1338 4671 1590 4723 morietur
1617 4671 1660 4724 ’.
1702 4669 2044 4740 Quapropter

481 4779 570 4816 vos
619 4764 752 4816 sicut
809 4763 1040 4815 homines
1097 4761 1421 4823 moriemini,
1483 4769 1532 4814 et
1598 4761 1733 4814 sicut
1788 4777 1922 4814 unus
1981 4760 2045 4816 de

480 4854 798 4923 principibus
816 4853 1036 4907 cadetis.
1055 4850 1522 4918 Quemadmodum
1543 4854 1686 4906 enim
1708 4851 1837 4907 olim
1853 4851 2043 4908 diabo-

483 4947 570 5002 lus
613 4945 820 5000 honore
868 4944 1092 5000 allectus
1123 4943 1224 4999 fuit
1253 4943 1395 5015 apud
1425 4943 1616 5009 Deum,
1650 4952 1705 5000 et
1733 4945 2041 5015 principum

482 5039 539 5093 in
566 5037 722 5092 caelis
745 5037 1060 5108 angelorum
1093 5055 1234 5094 unus
1259 5037 1399 5105 fuit;
1433 5037 1630 5093 deinde
1663 5053 1831 5108 pravo
1860 5040 2045 5094 consi-

483 5133 556 5187 lio
594 5143 832 5193 usus,ex
864 5129 983 5184 loco
1011 5145 1111 5186 suo
1140 5130 1362 5197 decidit,
1380 5131 1453 5185 ita
1487 5138 1546 5185 ut
1575 5131 1643 5185 de
1673 5131 1765 5185 illo
1793 5131 2040 5188 dicatur:

483 5220 753 5290 Quomodo
771 5218 1027 5274 ceciditde
1043 5221 1167 5275 ccelo
1186 5220 1506 5292 Lucifer,qui
1525 5238 1677 5276 mane
1693 5221 1960 5276 oriebatur
1980 5225 2047 5278 ‘°?

481 5315 620 5370 tales
646 5322 700 5369 et
728 5328 823 5368 vos
847 5327 1063 5383 quoque
1101 5313 1286 5369 fuistis
1313 5335 1325 5369 :
1358 5330 1468 5368 non
1511 5315 1657 5384 quod
1685 5325 1880 5369 natura
1912 5317 2040 5370 mali

480 5408 638 5474 sitis;
676 5406 770 5463 sed
799 5405 1065 5461 electione
1089 5416 1271 5461 vestra
1298 5421 1405 5461 non
1440 5407 1581 5461 bona
1607 5409 1712 5462 usi.
1747 5407 1890 5463 Sane
1916 5426 2040 5464 vero

479 5517 543 5556 ea
572 5515 692 5570 qua:
720 5514 752 5553 a
797 5514 882 5555 me
912 5499 1356 5570 proﬁciscuntur,
1391 5499 1457 5553 ad
1500 5499 1593 5556 Dei
1630 5501 1892 5556 honorem
1944 5518 2044 5558 vos

478 5593 795 5648 evocabant.
814 5591 858 5660 ,V
862 5608 925 5650 os
948 5601 1128 5650 autem
1146 5593 1332 5666 lapsus
1355 5595 1651 5665 principem
1676 5595 1889 5663 imitati,
1907 5597 2040 5649 sicut

2149 4591 2292 4661 ὑμᾶς
2321 4589 2518 4661 ὁμοίως
2561 4591 2684 4661 ἐμοὶ
2725 4591 2804 4661 τῷ
2854 4593 3002 4663 μέσῳ
3030 4585 3182 4664 ὑμῶν
3203 4594 3397 4649 ἑστῶτι
3426 4596 3554 4666 Θεῷ
3579 4598 3734 4660 υἱοὺς

2149 4682 2398 4751 γενέσθαι
2416 4681 2508 4736 τοῦ
2540 4682 2794 4752 Ὑψίστου
2811 4702 2824 4714 ·
2848 4687 3003 4756 ὑμεῖς
3019 4686 3076 4739 δὲ
3094 4687 3193 4757 τὴν
3213 4688 3370 4758 χάριν
3394 4689 3566 4760 ὴθετή
3577 4707 3720 4743 σατε.

2150 4775 2282 4837 Ταῖς
2327 4773 2456 4842 γοῦν
2488 4774 2854 4845 ἀνθρωπίναις
2896 4777 3115 4842 κακίαις
3152 4781 3399 4842 καὶνταίς
3428 4781 3726 4852 ὑμετέραις

2147 4865 2444 4936 ἁμαρτίαις
2497 4867 2944 4939 ὲναποθνήσκετε.
2999 4869 3172 4939 Ψυχὴ
3214 4871 3321 4942 γὰρ
3376 4872 3415 4938 ή
3461 4873 3727 4942 ἀμαρτὰ-

2144 4970 2357 5020 νουσα,
2387 4957 2539 5026 αὐτὴ
2585 4959 2982 5014 ἀποθανεῖται.
3015 4961 3106 5014 Διὸ
3152 4964 3246 5016 καὶ
3281 4964 3450 5033 ὑμεῖς
3493 4967 3580 5030 ὡς
3623 4965 3725 5018 ἇν-

2149 5049 2365 5114 θρωποι
2409 5047 2820 5115 ἀποθνήσκετε
2849 5093 2864 5117 ,
2915 5051 3011 5106 καί
3061 5053 3141 5117 ὠς
3194 5047 3282 5118 εἷς
3326 5051 3446 5106 τῶν
3498 5055 3719 5126 ἀρχόν-

2146 5151 2264 5186 των
2282 5135 2542 5190 πίπτετε.
2561 5139 2647 5202 Ὠς
2672 5139 2779 5211 γὰρ
2798 5136 2864 5211 ἦν
2891 5158 3020 5194 ποτε
3045 5143 3073 5194 ό
3094 5141 3338 5206 διάϐολος
3361 5146 3532 5214 τιμῆς
3560 5144 3720 5214 ἠξιω-

2149 5225 2305 5296 μένος
2333 5227 2481 5299 παρά
2514 5229 2589 5301 τῷ
2622 5230 2738 5301 Θεῷ
2768 5232 2988 5284 καὶτῶν
3021 5235 3078 5286 ὲν
3105 5234 3348 5304 οὐρανοῖς
3377 5235 3719 5305 ἀρχοντικῶν

2146 5317 2391 5386 ἀγγέλων
2428 5315 2539 5383 εἷς’
2583 5319 2699 5375 εἶτα
2744 5324 2992 5396 μοχθηρᾷ
3022 5325 3335 5396 προαιρέσει
3368 5329 3718 5398 χρησάμενος

2147 5410 2509 5465 ἀποπέπτωκε
2534 5416 2631 5484 τῆς
2655 5415 2818 5494 αὑτοῦ
2848 5416 3049 5488 χώρας,
3085 5418 3161 5481 ὡς
3187 5419 3439 5488 εἰρῆσθαι
3469 5422 3602 5491 περὶ
3624 5423 3719 5474 αὖ·

2145 5503 2238 5556 τοῦ
2258 5522 2270 5533 ·
2307 5504 2438 5570 Πῶς
2476 5505 2764 5570 ἐξέπεσεν
2791 5508 2857 5562 ἐκ
2877 5509 2983 5562 τοῦ
3007 5511 3265 5578 οὐρανοῦ
3298 5514 3331 5564 ὀ
3375 5510 3719 5581 Ἑωσφόρος

2147 5599 2180 5651 ό
2206 5597 2351 5664 πρωὶ
2385 5596 2764 5663 ἀνατέλλων;
2796 5600 3024 5655 τοιοῦτοί
3056 5619 3196 5666 τινες
3240 5603 3332 5656 καὶ
3368 5603 3531 5672 ὑμεῖς
3559 5601 3717 5672 γεγό-

609 5772 797 5831 Matth.
835 5794 946 5845 vn,
989 5779 1039 5835 ι.
1116 5779 1137 5811 ³
1176 5775 1343 5866 Exod.
1383 5793 1489 5843 vn,
1529 5778 1577 5833 l.
1654 5780 1674 5811 ⁹
1717 5779 1911 5835 Ezech.
1945 5793 2111 5848 xvm,
2147 5779 2196 5833 ι.
2278 5780 2318 5812 ιο
2361 5777 2462 5835 lsa.
2501 5795 2622 5848 xiv,
2664 5779 2744 5836 12.
