4008 6210
247 381 347 437 389

1376 369 1884 428 COMMENTARIA
1926 369 1994 424 1N
2035 352 2373 424 rsasuos.

3387 356 3492 412 990

244 521 392 566 νατε,
421 503 519 556 οὐκ
543 503 609 556 ὲκ
633 501 846 572 φύσεως
873 500 1026 563 ὄντες
1058 498 1235 560 κακοὶ,
1266 496 1601 568 χρησάμενοι
1635 494 1690 546 δὲ
1719 493 1821 546 οὐκ

1924 509 2059 545 unus
2083 490 2147 544 de
2173 485 2497 559 princiuibus
2529 469 2823 538 cadetis.—-
2849 479 3011 548 Vens.
3032 480 3084 534 8.
3106 477 3292 549 Surge,
3328 479 3490 541 Deus,

245 596 420 666 ἀγαθῇ
442 598 508 666 τῄ
543 593 880 664 προαιρέσει.
907 591 997 643 Διὸ
1023 590 1089 642 τὰ
1121 589 1217 659 μὲν
1252 586 1379 658 παρ’
1409 585 1540 657 ἐμοῦ
1572 585 1652 647 εἰς
1681 580 1816 635 Θεοῦ

1924 584 2099 651 iudica
2119 593 2338 648 terram,
2357 581 2605 652 quoniam
2630 586 2681 629 tu
2701 572 3034 629 hwrcditabis
3055 575 3107 625 in
3126 571 3362 625 omnibus
3377 589 3495 642 gen-

245 691 410 760 τιμὴν
443 689 585 757 ὑμᾶς
620 685 802 739 ἐκάλει
824 703 837 715 ·
869 685 1024 754 ὑμεῖς
1056 682 1112 734 δὲ
1143 679 1234 732 τὸν
1267 678 1505 748 ἄρχοντα
1531 676 1629 746 τῆς
1675 672 1819 727 πτώ-

250 800 388 846 σεως
411 781 798 852 μιμησάμενοι,
825 779 904 843 ὡς
935 771 1021 840 εἷς
1047 773 1164 826 τῶν
1189 772 1498 840 ἀρχόντων
1523 767 1619 821 καὶ
1650 765 1817 819 αὐτοὶ

247 877 510 930 πίπτετε.
557 871 824 935 Ἀνάστα,
856 873 889 923 ὸ
940 868 1104 934 Θεὸς,
1135 865 1345 934 κρῖνον
1389 863 1505 930 τὴν
1546 860 1684 932 γῆν,
1730 860 1820 913 ὅτι

248 969 331 1024 σὺ
375 967 848 1035 κληρονομήσας
889 964 958 1017 ὲν
1002 960 1154 1015 πᾶσι
1190 957 1316 1023 τοῖς
1350 957 1573 1012 ἔθνεσι.
1611 954 1820 1025 Σφόδρα

248 1057 553 1120 ἀκολούθως
590 1055 678 1107 διὰ
702 1053 796 1108 τοῦ
830 1053 934 1124 πρὸ
961 1051 1151 1105 τούτου
1182 1045 1399 1120 ψαλμοῦ
1432 1044 1820 1116 κατηγορήσας

247 1155 276 1206 ὁ
318 1151 474 1218 λόγος
519 1147 613 1202 τοῦ
661 1146 859 1210 παντὸς
906 1145 1177 1199 Ἰουδαίων
1225 1142 1427 1204 ἔθνους,
1457 1138 1551 1192 καὶ
1593 1137 1682 1189 διὰ
1723 1134 1819 1189 τοῦ

253 1237 390 1311 μετὰ
439 1240 625 1309 χεῖρας
667 1236 724 1288 δὲ
767 1233 1028 1296 ὡσαύτως
1072 1231 1182 1285 τῶν
1221 1231 1497 1302 ἀρχόντων
1544 1226 1639 1280 τοῦ
1689 1225 1820 1280 λαοῦ

249 1322 581 1394 κατηγορίαν
610 1322 996 1393 πεποιημένος,
1023 1318 1313 1390 διαλλαγὴν
1338 1320 1479 1372 αἰτεῖ
1507 1317 1602 1370 καὶ
1623 1315 1822 1385 ἐπιφά-

250 1429 397 1466 νειαν
441 1410 657 1482 εὔχεται
696 1410 944 1478 γενέσθαι
989 1409 1171 1462 οὐκέτι
1218 1409 1296 1479 τῷ
1331 1406 1597 1460 Ἰουδαίων
1647 1405 1819 1468 ἔθνει,

251 1503 386 1558 ἀλλά
438 1505 572 1557 πᾶσι
619 1506 732 1566 τοῖς
782 1502 979 1556 ἔθνεσι.
1028 1502 1119 1554 Διὸ
1165 1501 1439 1569 ἐπιλέγει·
1475 1496 1747 1563 Ἀνάστα,
1790 1498 1823 1548 ὀ

252 1596 416 1661 Θεὸς,
447 1594 652 1664 κρῖνον
687 1593 802 1662 τὴν
833 1591 970 1663 γῆν,
1010 1592 1099 1646 ὅτι
1126 1592 1206 1646 σὺ
1241 1588 1719 1659 κληρονομήσας
1755 1585 1824 1637 ἐν

249 1685 402 1742 πᾶσι
431 1686 555 1752 τοῖς
599 1686 824 1742 ἔθνεσι.
855 1685 952 1747 Τίς
981 1684 1037 1738 δέ
1073 1687 1219 1738 ἐστιν
1259 1686 1286 1736 ὁ
1323 1680 1733 1753 κληρονομήσας
1765 1677 1823 1728 έν

251 1782 386 1834 πᾶσι
415 1781 527 1843 τοῖς
556 1778 751 1841 ἔθνεσι,
787 1777 861 1850 μὴ
890 1775 1088 1849 ὲρώτα,
1134 1777 1193 1830 τὸ
1231 1775 1287 1828 δὲ
1322 1776 1553 1846 πρᾶγμα
1581 1768 1820 1837 ἐξέταξε,

1921 675 2078 729 tibus.
2111 674 2248 729 Cum
2294 673 2350 727 in
2383 668 2707 743 praecedenti
2759 667 2968 738 psalmo
3015 672 3180 717 totam
3211 660 3490 716 Iudaicam

1920 777 2134 839 gentem
2162 773 2502 827 accusasset,
2521 771 2575 818 et
2607 763 2662 815 in
2692 759 2948 831 praesenti
2976 757 3282 828 principum
3309 755 3491 824 populi

1921 861 2325 915 accusationem
2374 856 2721 918 instituisset,
2755 850 3044 906 admodum
3096 853 3494 916 consequenter

1917 952 2028 1022 jam
2059 951 2563 1007 reconciliationem
2590 957 2645 1003 et
2671 947 2960 1001 adventum
2992 942 3194 996 Christi
3227 940 3488 1011 postulat,

1921 1063 2032 1102 non
2061 1046 2374 1101 Iudaeorum
2406 1043 2573 1114 genti,
2614 1041 2709 1097 scd
2745 1040 3001 1095 omnibus
3045 1037 3280 1108 populis.
3314 1035 3494 1102 Quare

1922 1141 2003 1196 sic
2054 1137 2333 1194 concludit
2368 1156 2381 1191 :
2416 1135 2605 1206 Surge,
2639 1133 2802 1197 Deus,
2849 1132 3036 1202 judica
3085 1143 3300 1194 terram,
3358 1146 3490 1199 quo-

1922 1235 2065 1290 niam
2097 1243 2150 1285 ιιι
2180 1228 2514 1285 hwreditabis
2549 1230 2603 1281 in
2650 1224 2890 1279 omnibus
2920 1223 3178 1295 gentibus.
3224 1221 3360 1289 Quis
3396 1237 3496 1277 au-

1921 1335 2030 1381 tem
2071 1325 2141 1378 sit
2196 1323 2290 1394 qui
2327 1319 2668 1375 hmreditabit
2724 1319 2778 1372 iu
2836 1317 3091 1372 omnibus
3119 1316 3392 1386 gentibus,
3426 1331 3496 1370 ne

1921 1418 2251 1486 interroges,
2287 1413 2386 1469 sed
2413 1428 2527 1469 rem
2563 1411 2851 1483 perquire;
2895 1417 2949 1465 et
2987 1408 3362 1478 deprehendes
3383 1423 3494 1463 non

1923 1509 2091 1564 alium
2106 1524 2250 1571 esse,
2274 1521 2437 1577 quam
2463 1504 2742 1560 Christum
2774 1501 2899 1566 Dei;
2927 1501 3013 1556 cui
3038 1516 3076 1552 a
3108 1498 3268 1554 Patre
3290 1500 3495 1556 dictum

1922 1607 2006 1656 est
2037 1620 2051 1655 :
2089 1598 2265 1653 Filius
2302 1615 2446 1652 meus
2469 1614 2522 1652 es
2557 1605 2611 1649 tu
2636 1611 2654 1648 :
2676 1611 2767 1661 ego
2795 1594 2946 1646 hodie
2975 1592 3127 1662 genui
3169 1600 3233 1646 te.
3269 1590 3495 1650 Postula

1926 1708 1958 1744 a
1987 1707 2088 1754 me,
2123 1699 2171 1744 et
2201 1688 2338 1741 dabo
2365 1687 2460 1740 tibi
2489 1695 2664 1755 gentes
2702 1682 3061 1736 [nereditatem
3095 1689 3259 1741 tuam,
3299 1687 3347 1732 et
3374 1694 3496 1746 pos-

1924 1783 2206 1838 sessionem
2233 1790 2378 1834 tuam
2425 1777 2673 1832 terminos
2706 1774 2932 1829 terraz“.
2966 1772 3122 1826 Hunc
3160 1785 3289 1841 ergo
3314 1770 3405 1840 qui
3440 1769 3495 1822 in

251 1869 347 1924 καὶ
383 1848 798 1941 εὐρήσεις⁴οὐδὲί
826 1848 985 1922 ἀλλον
1025 1869 1058 1939 ἢ
1101 1868 1192 1921 τὸν
1239 1865 1472 1938 Χριστὸν
1513 1862 1608 1916 τοῦ
1652 1861 1820 1916 Θεοῦ·

1927 1873 2106 1930 medio
2135 1872 2364 1928 deorum
2392 1870 2534 1925 Deus
2551 1867 2826 1930 consistit,
2849 1873 2902 1920 et
2923 1863 3172 1918 homines
3203 1861 3325 1916 illos
3342 1875 3498 1915 coar-

251 1961 390 2025 πρὸς
421 1961 481 2014 ὃν
519 1959 735 2014 λέλεκτο
764 1960 868 2013 ὑπὸ
899 1959 991 2012 τοῦ
1027 1959 1270 2029 Πατρός·
1319 1958 1450 2022 Υἱός
1472 1973 1594 2024 μου
1624 1951 1682 2008 εἷ
1703 1954 1782 2008 σύ
1801 1971 1816 1984 ο

249 2052 364 2124 ἐγὼ
402 2052 670 2122 σήμερον
702 2051 1030 2123 γεγέννηκά
1068 2066 1162 2107 σε.
1201 2051 1458 2119 Αἷτησαι
1488 2049 1623 2117 παρ’
1650 2046 1818 2118 ἐμοῦ,

249 2145 347 2198 καὶ
378 2143 548 2197 δώσω
601 2162 700 2198 σοι
745 2145 888 2213 ἔθνη
932 2143 1046 2213 τὴν
1089 2143 1492 2213 κληρονομίαν
1537 2160 1674 2205 σου,
1723 2140 1822 2196 καί

248 2237 366 2304 τὴν
401 2235 777 2306 κατάσχεσιν
813 2251 928 2291 σου
959 2235 1030 2290 τὰ
1059 2235 1281 2304 πέρατα
1310 2234 1418 2303 τῆς
1455 2233 1586 2302 τῆς.
1621 2232 1821 2287 Τοῦτον

248 2324 340 2382 οὖν
369 2327 648 2400 διεγείρων
672 2328 764 2382 τὸν
797 2329 854 2381 ὲν
883 2327 1033 2399 μέσῳ
1055 2327 1162 2381 τῶν
1188 2326 1324 2380 θεῶν
1345 2326 1475 2379 Θεὸν
1506 2325 1702 2378 στάντα
1728 2325 1823 2377 καὶ

247 2419 596 2488 διελέγξαντα
628 2421 756 2484 τοὺς
785 2419 1195 2492 προλεχθέντας,
1230 2419 1328 2490 ἤδη
1366 2417 1495 2471 ποτὲ
1528 2418 1618 2470 ἐπὶ
1651 2417 1823 2488 πέρας

247 2510 548 2578 ἐπαγαγεῖν
573 2508 669 2581 τὴν
703 2509 839 2581 πρὸς
865 2509 1026 2562 αὐτὸν
1058 2508 1388 2577 ἐπαγγελίαν
1412 2510 1440 2561 ὁ
1470 2505 1656 2578 παρὼν
1682 2506 1824 2572 ἀξιοῖ

247 2603 406 2675 λέγος
450 2604 664 2675 φήσας·
713 2602 991 2667 Ἀνάστα,
1025 2605 1057 2656 ό
1091 2601 1255 2667 Θεὸς,
1295 2599 1501 2668 κρῖνον
1527 2599 1642 2667 τὴν
1682 2598 1820 2668 γῆν,

247 2697 338 2752 ἔτι
375 2697 458 2750 σὺ
487 2693 1114 2764 κατακληρονομήσεις
1139 2693 1209 2746 ἐν
1231 2691 1378 2746 πᾶσι
1408 2692 1531 2757 τοῖς
1556 2691 1817 2745 ἔθνεσιν.

247 2789 312 2843 Oi
345 2789 446 2860 μὲν
470 2787 579 2859 γὰρ
609 2785 1202 2859 προκατηγορηθέντες,
1235 2787 1387 2856 φησὶ,
1416 2783 1575 2839 κακοὶ
1605 2783 1824 2854 γενόμε-

247 2899 329 2936 νοι
372 2881 581 2953 κριταὶ,
628 2880 685 2932 ἐν
738 2879 914 2949 σκότῳ
960 2877 1385 2950 διεπορεύθησαν
1415 2896 1427 2908 ’
1473 2877 1596 2930 ἐπεὶ
1639 2876 1694 2929 δέ
1742 2894 1823 2930 σοι

248 2973 452 3045 πρέπει
498 2971 558 3024 τὸ
587 2971 808 3034 δικαίως
840 2970 1046 3042 κρίνειν
1070 2986 1085 3000 ο
1121 2969 1266 3040 μόνῳ
1308 2968 1415 3041 γάρ
1458 2967 1555 3040 τὴν
1592 2966 1768 3038 κρίσιν
1796 2968 1825 3020 ὁ

249 3062 442 3132 Πατὴρ
473 3062 640 3115 ἔδωκε
673 3061 748 3133 τῷ
775 3061 889 3133 Υἱῷ
911 3078 924 3092 ·
955 3061 1056 3133 ἢδη
1085 3061 1215 3114 ποτὲ
1248 3061 1310 3114 σὺ
1346 3059 1505 3123 αὐτὸς
1539 3058 1819 3129 ammon,

247 3155 341 3207 διὰ
375 3155 475 3224 τῆς
519 3153 716 3207 σαυτοῦ
757 3152 1106 3218 ἀναστάσεως
1142 3153 1241 3224 τὴν
1274 3152 1455 3224 κοινὴν
1490 3151 1705 3204 πάντων
1731 3151 1824 3204 ἀν-

251 3244 488 3318 θρώπων
512 3245 804 3299 ἀνάστασιν
837 3245 1192 3316 ποιησόμενος
1211 3262 1224 3275 ⁸
1253 3246 1347 3299 καὶ
1372 3247 1553 3317 κρῖνον
1575 3245 1673 3316 τὴν
1701 3249 1822 3318 γῆν,

249 3336 466 3400 πάντας
493 3335 692 3408 δηλαδὴ
721 3336 848 3400 τοὺς
871 3338 970 3408 τὴν
1015 3337 1119 3407 γῆν
1161 3337 1443 3399 οἰκοῦντας
1486 3336 1822 3411 ἀνθρώπους.

249 3427 461 3500 Πρέπει
506 3427 563 3481 δέ
610 3445 693 3481 σοι
745 3427 952 3491 πάντας
997 3427 1314 3499 ἀνθρώπους
1348 3427 1584 3499 κρίνειν,
1619 3428 1824 3497 ἐπειδὴ

1923 1968 2039 2037 guit
2091 1965 2362 2028 excitans,
2412 1967 2569 2032 rogat
2603 1969 2663 2014 ut
2709 1959 2820 2029 jam
2879 1955 3097 2010 demum
3146 1953 3342 2008 factam
3393 1951 3498 2006 sibi

1923 2057 2342 2128 promissionem
2386 2054 2454 2109 ad
2499 2054 2662 2108 tinem
2714 2051 2983 2115 deducat,
3019 2048 3210 2102 dicens
3249 2065 3260 2099 :
3307 2044 3496 2115 Surge,

1922 2149 2085 2213 Deus,
2129 2149 2318 2220 judica
2370 2158 2588 2210 terram,
2647 2145 2896 2218 quoniam
2964 2152 3020 2195 tu
3065 2139 3400 2195 hareditabis
3442 2139 3500 2194 in

1923 2243 2164 2296 omnibus
2193 2242 2455 2313 gentibus.
2491 2241 2626 2294 Nam
2657 2241 2692 2295 ii
2725 2241 2818 2311 qui
2869 2239 3022 2310 prius
3055 2235 3299 2292 accusati
3347 2239 3497 2298 sunt,

1924 2331 2121 2400 inquit,
2146 2331 2291 2399 quod
2322 2331 2493 2400 iniqui
2524 2329 2742 2398 judices
2782 2329 3008 2393 fuerint,
3026 2328 3086 2381 in
3115 2325 3356 2381 tenebris
3383 2339 3501 2378 am-

1925 2422 2203 2476 bularunt.
2237 2421 2506 2487 Quoniam
2549 2435 2680 2476 vero
2729 2428 2782 2474 te
2805 2423 2955 2489 juste
3006 2419 3256 2488 judicare
3312 2417 3500 2484 decet,

1927 2515 2026 2569 soli
2047 2515 2246 2583 quippe
2271 2513 2408 2567 Filio
2433 2511 2596 2566 Pater
2625 2510 2892 2581 judicium
2923 2509 3102 2564 dedit:
3137 2508 3246 2577 jam
3281 2507 3500 2562 demum

1925 2615 1983 2662 tu
2031 2608 2147 2678 ipse
2199 2621 2384 2675 surge,
2417 2603 2819 2660 resurrectione
2868 2611 2959 2655 tua
3003 2613 3349 2654 communem
3383 2613 3501 2653 om-

1925 2699 2076 2753 nium
2125 2697 2585 2753 resurrectionem
2644 2695 2924 2760 facturus;
2952 2700 3006 2747 et
3056 2690 3240 2760 judica
3271 2696 3498 2751 terram,

1927 2805 2117 2845 omnes
2173 2789 2425 2844 homines
2453 2787 2707 2842 videlicet
2743 2787 2834 2855 qui
2893 2785 2947 2838 in
2993 2791 3138 2838 terra
3185 2788 3498 2837 versantur.

1928 2882 2051 2938 Tibi
2080 2897 2246 2953 porro
2279 2882 2536 2937 convenit
2567 2895 2758 2935 omnes
2787 2878 3033 2932 homines
3073 2874 3342 2945 judicare,
3373 2889 3497 2942 quo-

1926 2972 2070 3026 niam
2095 2980 2149 3023 ιιι
2170 2969 2505 3025 haereditabis
2528 2970 2582 3023 in
2617 2967 2856 3022 omnibus
2873 2965 3130 3036 gentibus.
3163 2963 3227 3018 Et
3260 2977 3502 3034 praesens

1926 3061 2148 3133 quidem
2187 3063 2431 3133 psalmus
2490 3075 2822 3132 synagogam
2872 3059 3099 3113 deorum
3155 3055 3499 3118 memoravit,

1928 3171 1992 3211 ac
2024 3154 2195 3210 Deum
2223 3155 2280 3210 in
2315 3155 2495 3209 medio
2523 3161 2782 3217 stantem,
2803 3153 3043 3221 deosque
3081 3135 3499 3218 dijudicantem,

1930 3258 2211 3319 totamque
2237 3248 2540 3304 doctrinam
2580 3263 2736 3303 suam
2773 3246 2839 3301 de
2881 3245 3088 3314 judicio
3141 3243 3414 3310 instituit;
3444 3243 3498 3296 in

1928 3338 2034 3394 fine
2075 3354 2205 3394 vero
2254 3338 2452 3409 adjecit
2487 3339 2620 3393 illud
2661 3335 2893 3406 :Surge,
2947 3334 3112 3399 Deus,
3162 3333 3349 3404 judica
3395 3342 3500 3386 ter-

1927 3446 2065 3484 ram.

247 3523 331 3578 σὺ
360 3521 989 3592 κατακληρονομήσεις
1018 3523 1087 3576 ἐν
1120 3521 1269 3578 πᾶσι
1301 3522 1422 3588 τοῖς
1457 3523 1675 3576 ἔθνεσι.
1710 3525 1820 3577 Καὶ
1856 3526 1885 3578 δ
1913 3525 2010 3596 μὲν
2048 3523 2236 3596 παρὼν
2278 3523 2489 3596 ψαλμὸς
2525 3522 2842 3594 συναγωγὴν
2905 3521 3042 3574 θεῶν
3111 3519 3382 3590 ὠνόμασε,
3409 3517 3503 3570 καὶ

247 3622 379 3678 Θεὸν
423 3623 584 3695 μέσον
625 3620 856 3685 ἑστῶτα,
929 3621 1024 3674 καὶ
1075 3619 1229 3684 θεοὺς
1273 3619 1634 3690 διακρίνοντα,
1680 3621 1857 3675 πᾶσαν
1893 3639 1953 3675 τε
1997 3620 2095 3694 τὴν
2140 3621 2485 3675 διδασκαλίαν
2528 3621 2656 3692 περὶ
2698 3620 2930 3691 κρίσεως
2970 3618 3292 3688 ἐποιήσατο·
3363 3615 3501 3683 ὲπή-

247 3717 386 3786 γαγέ
410 3733 468 3769 τε
503 3716 594 3768 ἐπὶ
615 3714 756 3768 τέλει
789 3713 868 3779 τὸ,
917 3712 1186 3782 Ἀνάστα,
1219 3715 1252 3767 ὸ
1283 3712 1444 3780 Θεὸς,
1471 3713 1677 3782 κρῖνον
1707 3715 1822 3784 τὴν
1856 3714 1993 3785 γῆν.

315 3828 512 3886 Ταῦτά
541 3847 602 3882 τε
623 3830 802 3884 πάντα
835 3829 896 3882 τὸ
926 3827 1148 3900 Πνεῦμα
1179 3828 1240 3881 τὸ
1269 3829 1422 3897 ἅγιον
1457 3828 1544 3883 διὰ
1574 3829 1666 3884 τοῦ
1693 3848 1822 3902 προ-

1996 3829 2122 3885 Haec
2153 3845 2318 3902 porro
2339 3830 2521 3884 omnia
2555 3827 2793 3900 Spiritus
2816 3836 3041 3884 sanctus
3061 3839 3156 3894 per
3184 3821 3500 3894 prophetam

248 3921 426 3994 φήτου
466 3919 637 3989 Ἀσάφ
673 3918 1036 3991 ἐξενήνεκται.
1073 3919 1224 3972 Ἐπεὶ
1249 3919 1308 3972 δὲ
1343 3919 1574 3991 εὕρομεν
1607 3921 1700 3973 καὶ
1732 3921 1824 3974 τὸν

251 4009 334 4082 μθ¹
381 4009 597 4081 ψαλμὸν
641 4011 735 4063 καὶ
776 4009 936 4064 αὐτὸν
982 4009 1454 4082 ἐπιγεγραμμένον
1485 4010 1593 4065 Τοῦ
1618 4011 1822 4080 Ἀσάφ,

249 4103 345 4156 καὶ
376 4102 450 4154 τὰ
476 4101 604 4173 περὶ
634 4101 866 4170 κρίσεως
897 4101 1206 4172 διειληφότα
1229 4101 1432 4172 ὁμοίως
1456 4104 1568 4165 τοῖς
1609 4119 1826 4173 προκει-

253 4195 471 4266 μένοις’
502 4193 727 4257 εἰκότως
762 4194 1084 4265 ἡγησάμεθα
1119 4194 1410 4248 ἀκόλουθον
1439 4192 1578 4248 εἶναι
1619 4196 1824 4250 ἐκεῖνον

248 4285 449 4356 τούτῳ,
481 4284 608 4338 ὄντα
645 4285 742 4356 μὲν
786 4285 983 4356 ὁμοίως
1015 4284 1108 4338 τοῦ
1144 4286 1338 4355 Ἀσάφ,
1359 4287 1458 4358 τὴν
1491 4285 1656 4356 αὐτὴν
1697 4287 1826 4340 ὑπό-

251 4377 404 4432 θεσιν
427 4377 837 4449 εἰσηγούμενον.
862 4379 1088 4450 Εἴρηται
1110 4379 1239 4447 γοῦν
1264 4378 1358 4432 καὶ
1391 4381 1448 4433 ἐν
1473 4379 1654 4450 αὐτῷ·
1683 4379 1825 4446 Θεὸς

251 4470 408 4526 θεῶν
440 4473 654 4539 Κύριος
691 4470 978 4540 ἐλάλησε,
1011 4471 1106 4524 καὶ
1135 4471 1390 4526 ἐκάλεσε
1422 4473 1538 4540 τὴν
1565 4471 1683 4542 γῆν
1705 4473 1821 4527 ἀπὸ

250 4560 567 4622 ἀνατολῶν
591 4563 770 4630 ἡλίου
789 4562 964 4632 μέχρι
997 4561 1263 4632 δυσμῶν.
1292 4563 1400 4616 Θέα
1438 4563 1546 4636 γάρ
1577 4565 1726 4628 ὅπως
1764 4563 1824 4617 τὸ

255 4653 353 4724 μὲν
382 4653 534 4716 τέλος
562 4652 655 4707 τοῦ
683 4654 821 4725 μετὰ
841 4657 1028 4726 χεῖρας
1056 4654 1278 4724 φάσκειο
1309 4655 1577 4718 Ἀνάστα,
1599 4660 1630 4710 ό
1659 4658 1820 4722 Θεὸς,

250 4745 460 4812 κρῖνον
488 4745 604 4813 τὴν
643 4745 791 4816 γυῆνο
830 4748 864 4818 ὴ
907 4747 962 4800 δὲ
1023 4747 1117 4800 τοῦ
1168 4747 1253 4818 μθ’
1281 4750 1466 4820 ἀρχήο·
1512 4748 1653 4814 Θεὸς
1676 4748 1825 4802 θεῶν

251 4839 468 4905 Κύριος
493 4837 778 4904 ἐλάλησε,
821 4839 918 4892 καὶ
959 4839 1216 4893 ἐκάλεσε
1263 4839 1376 4908 τὴν
1422 4839 1556 4908 γῆν.
1603 4841 1711 4893 Καὶ
1739 4842 1826 4894 ὲν-

250 4930 426 4984 ταῦθα
456 4930 554 5001 μὲν
581 4931 816 5002 εἴρηται·
845 4932 966 4985 Ὅτι
1001 4932 1083 4986 σὺ
1111 4933 1738 5002 κατακληρονομήσεις
1756 4933 1825 4986 ἐν

253 5023 404 5078 πᾶσι
439 5023 563 5090 τοῖς
595 5023 838 5078 ἔθνεσιν
856 5042 870 5055 ο
899 5026 956 5078 ὲν
987 5026 1179 5096 ἐκείνῳ
1227 5025 1306 5089 δὲ,
1354 5025 1471 5079 ἀπὸ
1517 5023 1826 5080 ἀνατολῶν

251 5111 430 5179 ἡλίου
452 5113 629 5182 μέχρι
661 5113 939 5184 δυσμῶν·
970 5117 1064 5168 καὶ
1097 5115 1258 5170 πάλιν
1290 5117 1348 5168 ὲν
1385 5115 1481 5184 μὲν
1511 5115 1588 5186 τῷ
1625 5101 1826 5185 μθίλέ-

1925 3921 2107 3994 Asapb
2143 3922 2356 3979 extulit.
2389 3922 2529 3988 Quia
2559 3937 2687 3976 vero
2718 3919 2984 3989 psalmum
3015 3931 3164 3979 xux,
3185 3915 3277 3985 qui
3303 3921 3357 3968 et
3385 3913 3501 3983 ipse

1923 4015 2122 4084 Asaphi
2174 4015 2527 4078 inscribitur,
2558 4013 2628 4068 de
2677 4011 2890 4082 judicio
2929 4011 3059 4065 item
3104 4009 3498 4064 edisserentem

1925 4105 2386 4178 deprehendimus
2418 4104 2644 4177 perinde
2671 4111 2835 4174 atque
2854 4107 3177 4171 praesentem
3204 4116 3218 4165 ;
3242 4098 3364 4168 jure
3390 4095 3501 4150 exi-

1926 4200 2213 4256 stimamus
2255 4200 2404 4253 illum
2452 4198 2580 4252 huic
2624 4193 3057 4251 subnectendum
3109 4205 3250 4252 esse,
3313 4194 3499 4256 utpote

1925 4292 2018 4363 qui
2043 4291 2301 4347 similiter
2332 4289 2538 4359 Asaphi
2570 4289 2663 4352 sit,
2697 4297 2750 4343 et
2783 4285 2921 4340 idem
2961 4290 3340 4354 argumentum
3372 4295 3496 4350 per-

1925 4389 2139 4437 tractet.
2171 4379 2306 4435 Nam
2352 4381 2424 4435 ibi
2447 4394 2663 4450 quoque
2690 4378 2894 4431 dictum
2931 4375 3070 4428 fuit:
3108 4372 3248 4425 Deus
3280 4371 3497 4424 deorum

1926 4474 2182 4528 Dominus
2211 4474 2417 4528 locutus
2457 4482 2555 4539 est,
2586 4480 2636 4526 et
2669 4471 2868 4526 vocavit
2905 4479 3100 4523 terram
3140 4484 3172 4520 a
3215 4466 3343 4521 solis
3378 4475 3498 4519 ortu

1925 4581 2085 4634 usque
2135 4563 2203 4616 ad
2255 4580 2520 4618 occasum.
2582 4560 3000 4616 AnimadVertas
3058 4559 3259 4628 quippe
3311 4554 3496 4620 velim,

1924 4655 2210 4727 praesentis
2263 4655 2424 4708 tinem
2474 4653 2557 4709 sic
2603 4652 2810 4706 habere
2845 4669 2856 4703 :
2886 4648 3070 4718 Surge,
3129 4647 3291 4711 Deus,
3310 4645 3496 4716 judica

1928 4759 2153 4812 terram;
2195 4755 2249 4802 et
2296 4745 2699 4818 quadragesimi
2750 4745 2876 4798 noni
2931 4743 3146 4797 initium
3181 4741 3284 4795 hoc
3326 4755 3495 4796 esse:

1923 4841 2076 4900 Deus“
2098 4841 2314 4896 deorum
2336 4838 2826 4907 Dominuslocutus
2855 4846 2952 4898 est,
2985 4845 3033 4889 et
3061 4834 3256 4889 vocavit
3277 4841 3495 4890 terram.

1926 4931 2026 4987 llic
2050 4933 2213 4988 etiam
2247 4931 2470 4991 dicitur,
2506 4928 2767 4994 Quoniam
2793 4936 2848 4980 tu
2883 4923 3217 4979 hwreditabis
3245 4927 3298 4976 in
3322 4923 3497 4977 omni-

1927 5025 2020 5079 bus
2050 5023 2324 5096 gentibus;
2357 5023 2431 5076 ibi
2476 5011 2640 5084 vero:
2661 5038 2694 5074 a
2725 5019 2853 5073 solis
2884 5027 3003 5072 ortu
3037 5033 3200 5088 usque
3231 5015 3301 5068 ad
3341 5031 3497 5069 occa-

1927 5134 2062 5172 sum.
2100 5118 2178 5170 Ac
2219 5131 2440 5170 rursum
2476 5115 2530 5168 in
2573 5128 2701 5166 χιιι
2731 5109 2938 5164 dictum
2981 5117 3065 5165 est
3108 5128 3121 5163 :
3158 5107 3296 5161 Deus
3326 5106 3486 5160 mani-

253 5203 439 5259 λεκται
461 5221 474 5234 ·
515 5205 568 5258 Ὁ
605 5205 749 5272 Θεὸς
777 5183 1052 5275 ἐμφανῶς
1082 5207 1235 5275 ἣξει,
1262 5211 1295 5262 ό
1326 5183 1469 5274 Θεὸς
1505 5183 1692 5277 ήμῶν,
1719 5208 1816 5262 καὶ

1924 5210 2053 5278 [este
2075 5210 2266 5272 ueniet,
2302 5207 2443 5261 Deus
2474 5214 2672 5270 noster,
2690 5213 2736 5258 et
2765 5220 2869 5258 non
2901 5202 3092 5259 silebit.
3126 5200 3261 5255 Cum
3290 5183 3496 5253 venerit

251 5299 323 5350 οὐ
355 5297 884 5366 παρασιωπήσεται
905 5316 923 5333 ο
964 5299 1136 5354 ἐλθὼν
1174 5301 1232 5354 δὲ
1269 5301 1322 5354 τί
1355 5302 1591 5371 ποιήσει,
1683 5301 1821 5371 μετά

1927 5317 2129 5372 autem,
2159 5307 2286 5378 quid
2321 5314 2544 5362 acturus
2573 5304 2662 5368 sit,
2694 5304 2852 5359 docet
2871 5316 3110 5373 praesens
3135 5299 3378 5370 psalmus
3409 5293 3494 5349 his

253 5392 438 5462 χεῖρας
465 5390 711 5443 διδάσκει·
735 5391 906 5460 λέγων
924 5409 938 5423 ’
977 5393 1030 5452 '0
1063 5394 1207 5460 Θεὸς
1237 5395 1383 5453 ἔστη
1407 5393 1477 5447 ἐν
1503 5393 1821 5463 συναγωγῇ

1925 5400 2108 5455 verbis
2139 5418 2151 5453 :
2188 5398 2327 5453 Deus
2377 5399 2521 5452 stetit
2575 5398 2632 5450 in
2663 5413 2932 5467 synagoga
2978 5395 3214 5454 deorum,
3241 5391 3296 5441 in
3324 5385 3492 5439 medio

254 5478 432 5533 θεῶν’
466 5479 535 5533 ἐν
567 5481 738 5549 μέσῳ
776 5481 845 5536 δὲ
883 5485 1056 5552 θεοὺς
1084 5485 1391 5555 διακρίνει.
1441 5484 1565 5548 Πῶς
1611 5483 1667 5538 δὲ
1711 5485 1822 5539 δια-

1930 5498 2105 5541 autem
2131 5485 2253 5540 deos
2305 5485 2584 5555 dijudicat.
2622 5483 2906 5552 Quomodo
2936 5479 3280 5550 dijudicabit,
3313 5476 3494 5530 decla-

255 5571 446 5640 κρίνει,
492 5571 521 5623 ὁ
557 5571 642 5642 μθ¹
672 5573 925 5646 διασαφεῖ
957 5578 1178 5647 φάσκων
1200 5595 1213 5608 ⁸
1255 5577 1382 5646 Πῦρ
1417 5577 1693 5631 ἐναντίον
1719 5579 1822 5632 αὐ-

1930 5588 2015 5632 rat
2052 5593 2200 5644 uix,
2226 5577 2311 5631 his
2340 5576 2521 5632 verbis
2561 5595 2574 5631 :
2609 5575 2757 5648 Ignis
2795 5577 2851 5629 in
2880 5580 3154 5640 conspectu
3179 5570 3290 5640 ejus
3334 5583 3494 5622 erar-

255 5662 360 5718 τοῦ
382 5664 748 5734 καυθήσεται
766 5684 779 5698 ·
812 5670 1018 5735 κύκλῳ
1048 5671 1233 5725 αὑτοῦ
1263 5669 1527 5741 καταιγὶς
1565 5668 1819 5739 σφόδρα.

1927 5668 2119 5737 descet,
2150 5670 2201 5722 in
2230 5669 2454 5722 circuitu
2499 5667 2614 5740 ejus
2665 5675 2939 5735 tempestas
2968 5660 3165 5716 valida.
3201 5658 3490 5716 Advocabit

328 5819 368 5852 "
409 5819 553 5882 Psal.
593 5840 652 5892 ιι,
693 5827 741 5881 7.
