4008 6210
490 381 591 436 991

1152 377 1418 433 EUSEBII
1454 373 1930 433 CESARIENSIS
1967 372 2118 429 OPP.
2156 371 2336 427 PARS
2367 369 2456 425 Ill.
2499 371 2574 411 -'
2602 360 3008 421 EXEGETICA.

3621 354 3733 409 9οΞ

491 495 676 549 coelum
732 493 1010 548 desursum
1044 532 1060 558 ,
1102 503 1154 547 et
1203 501 1397 546 terram
1453 488 1746 559 dijudicare
1809 485 2058 556 populum

2165 467 2642 552 Προσκαλέσεται
2688 478 2796 531 τὸν
2834 471 3093 543 οὐρανὸν
3136 470 3259 524 ἄνω
3316 468 3413 524 καὶ
3454 467 3570 536 τὴν
3612 466 3730 536 γῆν

490 602 663 641 suum.
697 581 903 638 Horum
926 597 1092 638 causa
1123 582 1318 636 merito
1347 579 1682 634 arbitramur
1701 575 2054 647 quadragesi-

490 693 638 733 mum
668 692 871 732 nonum
904 675 1033 730 huic
1069 675 1278 745 psalmo
1315 671 1754 743 subjungendum
1803 683 1946 724 csse.
1988 664 2056 720 ll-

493 767 692 844 ludque
718 769 844 822 item
873 763 1530 829 observandum,eosdem
1562 763 1803 832 psalmos
1833 758 2057 830 perinde

490 868 652 928 atque
682 859 1098 930 subsequentes,
1121 857 1213 927 qui
1237 857 1365 911 item
1391 854 1594 926 Asaphi
1623 863 1770 918 sunt,
1797 851 2058 921 abjectio-

491 965 613 1004 nem
647 949 958 1004 Judarorum
989 949 1217 1019 ejusque
1252 963 1450 1004 causas
1471 946 1779 1017 complecti.
1809 943 2058 1010 Quadra-

489 1043 731 1111 pesimus
762 1056 892 1096 vero
922 1056 1121 1105 nonus,
1155 1042 1224 1095 ab
1249 1039 1440 1095 eodem
1488 1040 1751 1110 prOpheta
1794 1037 2054 1106 scriptus,

490 1149 588 1204 per
641 1133 1036 1188 sacriﬁciorum
1088 1132 1541 1202 repudiationem,
1610 1130 1862 1184 Mosaicae
1925 1129 2058 1199 legis

492 1223 901 1293 abrogationem
933 1222 1174 1290 inducit;
1200 1223 1274 1277 ita
1306 1232 1361 1278 ut
1389 1225 1443 1277 in
1496 1223 1589 1278 illo
1629 1223 1874 1293 ejusdem
1897 1236 2060 1292 argu-

492 1310 663 1364 menti
693 1310 866 1365 series
910 1312 1292 1381 sententiaque
1324 1313 1665 1367 exhibeatur.
1694 1311 1810 1377 Qua
1837 1325 1966 1364 vero
1992 1309 2060 1366 de

491 1414 661 1454 causa
684 1414 810 1453 χιιι
843 1416 872 1455 a
903 1403 1265 1471 praesentibus
1296 1403 1518 1458 avulsus
1556 1413 1608 1458 et
1640 1411 1765 1457 ante
1790 1403 2061 1472 quinqua-

489 1494 683 1565 gesimi
708 1494 899 1564 psalmi
928 1495 1327 1550 confessionem
1361 1496 1570 1564 positus
1599 1495 1688 1561 sit,
1715 1495 1826 1565 jam
1861 1495 1916 1548 in
1941 1495 2061 1565 ejus

490 1586 884 1641 commentario
904 1587 1237 1658 disputatum
1267 1593 1371 1642 est.

556 1862 603 1914 Ι.
639 1855 988 1915 CANTICUM
1023 1855 1272 1912 PSALMI
1309 1854 1437 1909 lPSl
1470 1852 1717 1908 ASAPH.
1759 1850 2020 1906 LXXXII.
2093 1839 2136 1894 Β

562 2009 732 2066 Vsus.
777 2011 831 2064 2.
865 2009 1027 2076 Deus,
1064 2009 1180 2079 quis
1205 2007 1395 2061 similis
1443 2008 1546 2062 erit
1599 2007 1736 2062 tibi?
1767 2022 1829 2059 ne
1859 2014 2060 2069 taceas,

491 2120 652 2174 neque
673 2103 1038 2171 compescaris,
1057 2101 1218 2156 Deus.
1236 2101 1682 2173 Septuagesimus
1711 2115 1890 2154 nonus
1916 2099 2062 2167 psal-

491 2213 615 2251 mus
646 2195 1077 2250 destructionem
1111 2194 1281 2248 vinea:
1303 2235 1317 2258 ,
1347 2191 1586 2248 Iudaicae
1612 2191 1789 2262 gentis
1822 2189 2060 2254 ruinam,

492 2289 598 2344 loci
627 2289 720 2360 qui
756 2303 924 2359 penes
973 2303 1070 2342 eos
1111 2287 1164 2341 in
1208 2287 1388 2358 pretio
1415 2296 1468 2341 et
1496 2287 1704 2340 honore
1755 2283 2062 2339 habebatur

493 2379 806 2434 incendium
863 2386 917 2434 et
954 2377 1264 2433 vastitatem
1323 2376 1759 2449 praenuntiabat;
1812 2375 1922 2430 duo
1975 2391 2064 2430 sc-

490 2477 722 2540 quentes
756 2483 980 2524 causam
1013 2469 1178 2540 hujus
1207 2470 1539 2526 calamitatis
1566 2468 1936 2534 enarrabant;
1975 2467 2062 2522 hic

490 2575 620 2615 vero
650 2561 719 2616 iis
753 2561 1103 2629 conjunctus,
1138 2561 1590 2632 supplicationem
1636 2567 1692 2614 et
1725 2559 2065 2614 obsecratio-

491 2667 614 2706 nem
676 2667 774 2722 pro
819 2653 1020 2722 populo
1066 2652 1239 2708 effert.
1286 2651 1416 2707 Post
1461 2651 1641 2707 tristia
1703 2651 1901 2722 quippe
1971 2651 2064 2704 illa

490 2743 647 2813 quasi
679 2744 944 2799 medelam
977 2745 1269 2814 quamdam
1302 2742 1579 2814 praedictis
1606 2742 1896 2797 admovere
1927 2757 2056 2796 con-

490 2843 811 2893 sentaneum
869 2837 994 2903 fuit,
1029 2837 1465 2908 quandoquidem
1526 2836 1720 2908 psalmi
1779 2835 1962 2904 Asaph
2009 2837 2063 2889 in

490 2927 596 2983 hoc
616 2929 1162 2983 circumscribentur.
1179 2927 1544 2994 Quamobrem
1569 2928 1849 2982 Canticum
1869 2925 2064 2996 psalmi

492 3017 794 3088 inscriptus
810 3027 917 3084 est,
936 3020 1064 3088 quia
1081 3021 1222 3074 bona
1253 3019 1454 3089 populo
1472 3026 1745 3090 precatur.
1773 3016 1870 3073 Est
1898 3032 2062 3087 porro

494 3109 819 3165 undecimus
851 3125 1041 3166 eorum
1093 3111 1186 3180 qui
1235 3109 1435 3179 Asaplii
1481 3109 1891 3173 inscribuntur,
1927 3123 2064 3178 quo-

2155 574 2263 629 τοῦ
2292 573 2583 642 διακρῖναι
2621 571 2728 624 τὸν
2763 568 2919 624 λαὸν
2959 565 3166 620 αὐτοῦ.
3196 562 3412 618 Τούτων
3440 560 3729 630 τοιγαροῦν

2155 664 2315 717 ἕνεκα
2358 661 2580 725 εἰκότως
2608 660 2835 713 ἕπεσθαι
2875 655 2953 728 τῷ
2995 655 3132 727 μετά
3175 656 3360 724 χεῖρας
3404 649 3729 722 ἡγησάμεθα

2153 754 2246 808 τὸν
2292 752 2398 824 μθ¹.
2433 752 2668 804 Κάκεϊνο
2713 749 2769 802 δὲ
2816 746 3098 820 τηρητέον,
3128 745 3202 808 ὼς
3243 742 3443 813 ὁμοίως
3485 742 3599 802 τοῖς
3645 742 3731 792 ὲν-

2155 845 2329 899 ταῦθα
2363 843 2728 913 συνημμένοις
2761 840 2852 894 τοῦ
2910 838 3083 907 Ἀσὰφ
3127 834 3361 906 ψαλμοῖς
3401 833 3499 904 τὴν
3528 831 3732 885 ἀποϐο-

2156 938 2254 1010 λὴν
2305 935 2399 990 τοῦ
2450 933 2721 988 Ἰουδαίων
2767 933 2972 996 ἔθνους,
3020 930 3114 983 καὶ
3157 926 3361 998 ταύτης
3405 924 3504 988 τάς
3550 923 3730 985 αἰτίας

2157 1028 2484 1101 περιέχουσι.
2529 1026 2639 1080 Καὶ
2677 1028 2706 1080 6
2748 1023 2831 1095 μθ¹
2867 1023 2962 1076 τοῦ
2994 1020 3159 1076 αὑτοῦ
3194 1017 3477 1089 τυγχάνων
3513 1017 3728 1087 προφή-

2156 1141 2271 1187 του,
2302 1121 2614 1192 ἀνατροπὴν
2651 1117 2746 1171 τοῦ
2777 1115 3018 1178 Μωσέως
3050 1113 3214 1184 νόμου
3254 1111 3463 1178 εἰσάγει
3499 1109 3590 1162 διὰ
3629 1109 3731 1177 τῆς

2156 1211 2264 1266 τῶν
2300 1211 2497 1266 θυσιῶν
2534 1209 2949 1282 παραιτήσεως·
2984 1204 3124 1258 ὥστε
3175 1204 3269 1256 καὶ
3318 1203 3376 1255 ὲν
3417 1199 3600 1271 ταύτῷ
3629 1198 3732 1268 τὴν

2158 1302 2476 1357 ἀκολουθίαν
2522 1300 2831 1354 δείκνυσθαι
2880 1297 2979 1367 τῆς
3023 1295 3132 1348 τῶν
3181 1291 3568 1365 ἐμφερομένων
3615 1290 3731 1343 δια-
3809 1321 3821 1330 κ

2158 1396 2326 1459 νοίας.
2362 1395 2459 1448 Διά
2497 1393 2550 1447 τί
2573 1394 2628 1446 δὲ
2656 1389 3026 1463 μετατέθειται
3057 1391 3087 1442 6
3127 1386 3210 1459 μθ¹
3239 1390 3302 1441 ὲκ
3328 1386 3426 1456 τῆς
3457 1385 3563 1438 τῶν
3604 1399 3735 1452 προ-

2160 1485 2426 1556 κειμένων
2461 1481 2778 1552 συναφείας,
2825 1479 3187 1551 προτέτακται
3229 1477 3288 1530 δὲ
3328 1475 3426 1545 τῆς
3467 1476 3525 1527 ἐν
3564 1472 3642 1543 τῷ
3688 1478 3732 1524 ν’

2160 1575 2358 1646 ψαλμῷ
2392 1573 2850 1644 ὲξομολογήσεως,
2878 1569 2936 1622 ἐν
2963 1570 3074 1632 τοῖς
3098 1568 3178 1631 είς
3204 1567 3364 1620 αὑτὸν
3390 1563 3735 1634 τεθεωρημέ-

2161 1686 2272 1732 νοις
2298 1670 2426 1738 ἡμῖν
2457 1665 2732 1738 προδιείλη
2741 1681 2887 1718 πται.

2468 1843 2602 1914 ῼΔΗ
2632 1839 2931 1895 ΨΑΛΜΟΥ
2961 1839 3048 1908 Ta
3079 1837 3274 1892 ΑΣΑΦ.
3299 1835 3424 1890 u-B'.

2242 1997 2302 2050 '0
2333 1995 2496 2062 Θεὸς,
2533 1996 2624 2060 τίς
2668 1991 3094 2063 ὁμοιωθήσεται
3128 2005 3224 2045 σοι
3245 2005 3265 2053 ;
3303 1987 3398 2057 Μὴ
3445 1985 3731 2058 σιγήσης,

2157 2085 2312 2156 μηδὲ
2358 2087 2801 2154 καταπραΰνῃς,
2851 2088 2884 2139 ὁ
2935 2084 3100 2150 Θεός.
3142 2083 3198 2135 Ὁ
3255 2081 3354 2152 μὲν
3403 2079 3478 2132 οθ⁹
3519 2077 3734 2148 ψαλμὸς

2163 2175 2530 2250 πρωνεφὼνει
2560 2177 2650 2229 τὸν
2692 2175 2996 2246 ἀφανισμὸν
3023 2173 3116 2228 τοῦ
3149 2172 3472 2244 ἀμπελῶνος
3499 2171 3591 2224 καὶ
3629 2171 3730 2240 τὴν

2163 2269 2370 2324 πτῶσιν
2399 2267 2494 2322 τοῦ
2531 2267 2796 2321 Ἰουδαίων
2837 2266 3040 2331 ἔθνους,
3066 2266 3159 2319 τοῦ
3190 2282 3250 2318 τε
3280 2266 3408 2335 παρ’
3436 2265 3619 2326 αὐτοῖς
3654 2279 3736 2315 τε-

2161 2363 2464 2434 τιμημένου
2507 2361 2671 2415 τόπου
2700 2361 2792 2415 τὸν
2822 2358 3148 2431 ἐμπρησμὸν
3196 2358 3292 2412 καὶ
3330 2357 3425 2427 τὴν
3459 2356 3693 2426 ἐρημίαν
3716 2372 3730 2386 ο

2161 2459 2211 2510 oi
2254 2457 2298 2510 δ’
2344 2455 2471 2526 ἑξῆς
2500 2453 2648 2525 αὑτῷ
2676 2453 2767 2506 δύο
2796 2453 2894 2522 τὴν
2925 2451 3105 2506 αἰτίαν
3140 2450 3413 2503 ἐδίδασκον
3447 2449 3514 2501 δι’
3547 2447 3614 2518 ἢν
3648 2464 3735 2500 πε-

2164 2549 2388 2603 πόνθασι
2426 2546 2628 2600 ταῦτα’
2676 2548 2704 2598 6
2749 2545 2805 2598 δὲ
2849 2543 3058 2614 παρὼν,
3106 2541 3443 2613 συνημμένος
3484 2539 3732 2601 ἐκείνοις,

2164 2639 2444 2712 ἱκετηρίαν
2480 2639 2575 2693 καὶ
2618 2637 2800 2708 δέησιν
2840 2636 2981 2705 ὑπὲρ
3011 2634 3106 2687 τοῦ
3141 2632 3270 2688 λαοῦ
3305 2635 3558 2685 ποιεῖται.
3589 2631 3733 2683 Ἔδει

2161 2731 2269 2802 γάρ
2299 2730 2434 2802 μετὰ
2463 2729 2533 2783 τὰ
2561 2727 2859 2799 σκυθρωπά
2887 2727 3075 2799 ὥσπερ
3100 2724 3222 2780 τινὰ
3247 2723 3538 2796 θεραπείαν
3564 2738 3731 2792 προσο

2163 2823 2315 2892 άγειν
2334 2825 2447 2885 τοῖς
2476 2819 2838 2892 προλεχθεῖσι,
2875 2818 3164 2889 μέλλοντας
3190 2818 3247 2871 ὲν
3273 2814 3444 2884 τούτῳ
3471 2813 3732 2885 ττεριγρά⁴

2163 2915 2355 2986 φεσθαι
2373 2915 2498 2978 τοὺς
2515 2913 2622 2968 Τοῦ
2639 2911 2829 2980 Ἀσὰφ
2846 2909 3110 2981 ψαλμοὺς.
3129 2908 3218 2962 Διὸ
3234 2908 3325 2960 καὶ
3341 2905 3473 2977 ’ῼόὴ
3489 2903 3733 2973 ψαλμοῦ

2162 3004 2563 3075 ἐπιγέγραπται
2584 3003 2612 3054 6
2633 2999 2820 3073 παρὼν
2841 2999 3017 3068 λόγος,
3043 2996 3134 3051 διά
3152 2996 3214 3049 τὸ
3243 2995 3310 3049 τά
3338 2994 3551 3065 χρηστά
3577 2994 3736 3064 ὑπερ-

2163 3092 2416 3163 εὐχεσθαι
2448 3091 2541 3145 τοῦ
2570 3089 2721 3143 λαοῦ.
2749 3089 2903 3142 Ἔστι
2928 3089 2983 3141 δὲ
3005 3089 3033 3140 6
3060 3084 3247 3158 παρὼν
3272 3083 3379 3138 τῶν
3405 3087 3736 3154 ἐπιγεγραμ-

493 3216 613 3256 rum
660 3203 867 3271 primus
897 3209 1014 3257 erat
1055 3217 1224 3267 mm,
1257 3202 1332 3256 ita
1395 3209 1454 3256 ut
1494 3202 1549 3254 in
1605 3215 1793 3256 eorum
1849 3215 2064 3270 quoque

2170 3189 2343 3254 μένων
2366 3181 2476 3237 Τοῦ
2491 3181 2672 3249 ἈΟ-ἀφ
2694 3185 2782 3243 ια’,
2811 3173 2884 3232 ὧν
2917 3177 3132 3248 πρῶτος
3161 3171 3227 3246 ἦν
3253 3177 3283 3227 6
3314 3174 3412 3238 οϐ’,
3451 3189 3738 3243 συμπαρα-⁸

493 3305 724 3346 numero
751 3299 1041 3346 censeatur
1071 3307 1222 3355 χιιι,
1257 3291 1385 3362 quia
1425 3291 1472 3346 is
1505 3290 1667 3344 etiam
1706 3296 1790 3344 est
1818 3289 2019 3359 Asaphi
2046 3307 2060 3342 :

492 3392 656 3452 atque
677 3383 748 3437 ita
777 3399 970 3439 omnes
991 3382 1277 3438 duodecim
1300 3396 1528 3437 numero
1558 3389 1705 3436 sunt.
1732 3378 1790 3434 In
1814 3380 2064 3451 praesenti

496 3475 661 3545 igitur
702 3475 970 3545 propheta
1030 3473 1140 3530 Deo
1195 3475 1511 3545 supplicans
1560 3473 1680 3528 ait:
1726 3471 1889 3536 Deus,
1948 3472 2064 3542 quis

491 3565 686 3620 similis
754 3567 853 3620 erit
902 3565 1038 3622 tibi?
1077 3583 1138 3620 ne
1207 3574 1405 3629 taceas,
1474 3581 1635 3636 neque
1696 3565 2065 3632 compescaris,

495 3655 659 3711 Deus.
701 3658 792 3710 Ait
828 3658 1068 3727 quippe:
1113 3656 1222 3718 Deo
1260 3655 1528 3727 patienti,
1570 3655 1823 3710 toleranti
1856 3694 1870 3718 ,
1913 3655 2065 3708 ideo-

493 3765 602 3817 que
656 3764 847 3804 omnes
921 3749 1158 3812 ferenti,
1222 3763 1383 3803 nemo
1455 3748 1675 3803 similis.
1743 3745 1880 3800 Nam
1943 3746 2068 3816 quis

495 3841 721 3912 perinde
765 3848 928 3910 atque
981 3851 1036 3894 tu
1105 3841 1391 3894 atheorum
1449 3847 1503 3894 et
1571 3839 1861 3910 impiorum
1923 3838 2070 3895 blas-

497 3932 693 4002 phema
752 3931 898 3986 dicta
957 3942 1011 3986 et
1077 3933 1388 4002 superbiam
1453 3931 1593 3986 ferre
1631 3931 1865 3987 valeat?
1923 3930 2070 3997 Qua-

496 4036 557 4076 re
590 4021 688 4076 tibi
718 4023 936 4092 quidem
971 4023 1080 4078 Deo
1117 4038 1276 4078 nemo
1309 4023 1507 4078 similis
1537 4023 1659 4078 erit.
1700 4022 1812 4093 Ego
1849 4037 1976 4076 vero
2010 4029 2068 4075 ut

499 4113 684 4178 homo,
721 4113 1037 4170 inﬁrmitate
1087 4122 1376 4184 superatus
1407 4129 1546 4175 mea,
1597 4114 1710 4168 hinc
1763 4113 2070 4184 supplicare

493 4204 694 4268 audeo,
729 4204 936 4275 tibique
959 4203 1071 4261 Deo
1094 4220 1218 4260 cum
1253 4206 1504 4276 precibus
1528 4205 1740 4260 dicere:
1766 4202 1848 4258 Ne
1873 4213 2067 4268 taceas,

499 4312 661 4368 neque
708 4297 1081 4366 compescaris,
1144 4296 1307 4352 Deus.
1343 4295 1499 4352 Tunc
1540 4311 1669 4352 vero
1720 4303 1901 4351 tacere
1927 4293 2070 4352 Deus

497 4389 722 4455 dicitur,
763 4404 888 4444 cum
931 4389 1342 4458 insurgentibus
1392 4388 1568 4444 atheis
1609 4395 1664 4443 et
1695 4387 1876 4458 impiis
1910 4386 2067 4455 viris,

496 4481 657 4550 quasi
714 4497 824 4535 non
858 4480 1148 4536 advertens
1185 4481 1277 4535 ille
1313 4485 1516 4542 manet,
1551 4493 1726 4548 neque
1780 4475 2067 4532 confestim

499 4573 760 4628 ultionem
786 4573 976 4636 sumit,
996 4587 1096 4628 nec
1121 4571 1431 4642 promeritis
1452 4587 1547 4626 eos
1569 4569 1852 4640 suppliciis
1880 4583 2070 4639 aggre-
2101 4535 2146 4588 θ

499 4665 665 4718 ditur.
689 4663 1054 4729 Quamobrem
1083 4663 1200 4732 ipse
1224 4661 1405 4732 Asaph
1432 4662 1484 4716 in
1512 4677 1637 4715 χιιι
1662 4661 1871 4731 psalmo
1900 4659 2070 4714 Deum

503 4754 617 4807 haec
658 4754 1012 4822 peccantibus
1055 4753 1327 4807 dicentem
1358 4752 1570 4807 inducit
1603 4770 1617 4806 :
1651 4752 1778 4806 Hth
1806 4751 1997 4828 fecisti,
2020 4758 2071 4804 et

503 4849 643 4898 tacui
674 4860 692 4896 :
717 4844 1040 4899 existimasti
1072 4844 1248 4913 inique
1272 4844 1410 4913 quod
1450 4859 1538 4897 ero
1570 4843 1646 4896 tui
1677 4841 1893 4897 similis.
1925 4842 2072 4898 Cau-

504 4950 622 4989 sam
655 4951 783 4991 vero
807 4936 1032 5000 silentii,
1067 4935 1344 5005 patientiae
1370 4944 1424 4990 et
1453 4935 1753 4989 tolerantia:
1787 4933 1880 4988 Dei
1913 4933 2073 4988 docet

504 5027 820 5096 Apostolus,
852 5027 968 5081 haec
1003 5027 1252 5084 scribens
1280 5045 1292 5080 :
1318 5026 1400 5080 An
1429 5025 1645 5080 divitias
1679 5025 1930 5079 bonitatis
1959 5024 2072 5095 ejus

504 5124 556 5170 et
598 5115 870 5185 patientia:
912 5126 962 5170 et
1002 5118 1418 5188 longanimitatis
1461 5117 1773 5181 contemnis,
1823 5117 2072 5187 ignorans

506 5202 646 5275 quod
689 5202 980 5275 benignitas
1028 5205 1126 5260 Dei
1161 5206 1230 5259 ad
1263 5206 1621 5275 pamt'tentiam
1664 5214 1712 5259 te
1753 5203 1968 5258 adducit
1993 5203 2076 5258 "2

508 5295 616 5351 Sed
643 5303 704 5349 tu
737 5295 980 5366 quidem,
1021 5297 1117 5360 ait,
1153 5306 1210 5351 ut
1239 5295 1403 5363 Deus,
1443 5312 1634 5352 omnes
1671 5295 1928 5359 sustines,
1960 5309 2077 5349 om-

508 5405 608 5445 nes
653 5389 951 5444 clementer
975 5389 1200 5452 toleras,
1234 5403 1299 5444 ac
1325 5388 1393 5444 de
1424 5389 1493 5444 iis
1525 5389 1655 5446 siles
1682 5388 1777 5458 qui
1825 5387 1991 5456 impie
2021 5392 2076 5440 et

509 5482 715 5536 nefarie
743 5489 992 5552 peccant,
1020 5488 1075 5536 et
1123 5489 1315 5535 contra
1345 5487 1399 5536 te
1438 5479 1609 5536 Deum
1644 5478 1964 5549 blasphema
1989 5476 2076 5531 di-

511 5581 597 5626 cta
626 5572 930 5642 proferunt.
964 5571 1078 5642 Ego
1113 5588 1245 5628 vero
1287 5588 1412 5628 cum
1440 5573 1557 5627 haec
1584 5571 1771 5626 videre
1812 5583 1921 5623 non
1952 5582 2077 5638 pos-

515 5664 640 5732 sim,
670 5666 918 5734 supplico
945 5666 1316 5738 dcprccorquc
1347 5667 1555 5722 veniam
1602 5661 1887 5732 consequi,
1931 5658 2077 5730 Quod

591 5815 633 5849 "
672 5815 828 5872 Rom.
869 5834 936 5884 ιι,
971 5820 1023 5875 ό.

2165 3271 2578 3344 λαμϐανομένου
2615 3273 2728 3334 τοῖς
2771 3267 3152 3342 προκειμένοις
3187 3263 3282 3318 τοῦ
3327 3272 3376 3336 μ’
3411 3266 3504 3318 καί
3547 3263 3611 3325 θ’,
3647 3263 3736 3316 διά

2163 3367 2225 3420 τὸ
2263 3364 2358 3419 καὶ
2389 3363 2550 3417 αὑτὸν
2576 3358 2714 3416 εἶναι
2742 3361 2836 3414 τοῦ
2876 3359 3067 3429 Ἀσάφ.
3104 3358 3334 3412 Γένοιντ’
3364 3357 3429 3411 ἀν
3456 3357 3504 3411 οἱ
3534 3357 3736 3420 πάντες

2163 3460 2255 3513 τὸν
2279 3455 2511 3528 ἀριθμὸν
2543 3454 2633 3509 ιϐ’.
2661 3454 2821 3523 Λέγει
2850 3453 2906 3507 δὲ
2935 3451 3024 3506 διά
3051 3450 3143 3504 τοῦ
3171 3451 3435 3524 παρόντος
3465 3451 3494 3502 6
3517 3451 3738 3519 Προφή-

2164 3567 2263 3620 της
2309 3550 2368 3602 ὲν
2412 3549 2478 3619 τῇ
2522 3545 2660 3617 πρὸς
2692 3545 2781 3598 τὸν
2823 3545 2952 3599 Θεὸν
2999 3543 3283 3615 ἱκετηρίαθ
3331 3543 3395 3596 '0
3438 3541 3596 3608 Θεὸς,
3643 3543 3738 3608 τίς

2166 3637 2594 3708 ὁμοιωθήσεταί
2626 3651 2761 3699 σοι;
2791 3634 2888 3703 Μὴ
2920 3631 3203 3704 σιγήσῃς,
3217 3632 3370 3702 μηδὲ
3399 3632 3733 3699 καταπραΰ-

2164 3751 2302 3801 νῃς,
2325 3735 2358 3786 ό
2393 3732 2555 3796 Θεός.
2595 3730 2652 3782 '0
2683 3729 2780 3799 μὲν
2803 3728 2929 3799 γὰρ,
2957 3730 3109 3797 φησὶ,
3136 3726 3212 3797 τῷ
3243 3726 3361 3797 Θεῷ
3397 3724 3738 3796 μακροθύμῳ

2167 3826 2278 3878 δντι
2316 3823 2408 3877 καὶ
2454 3821 2777 3890 ἀνεξικάκῳ,
2814 3820 2907 3872 καὶ
2953 3817 3042 3871 διὰ
3080 3817 3236 3870 τοῦτο
3283 3818 3497 3871 πάντων
3541 3815 3741 3885 ἀνεχο-

2172 3917 2337 3988 μὲνῳ,
2365 3913 2540 3976 οὐδεὶς
2576 3913 2779 3982 ὅμοιος.
2812 3911 2908 3974 Τίς
2947 3911 3056 3980 γάρ
3096 3926 3175 3962 σοι
3217 3906 3610 3979 παραπλησίως
3643 3907 3747 3970 τὰς

2167 4007 2275 4062 τῶν
2301 4005 2474 4059 ἀθέων
2501 4004 2597 4057 καὶ
2619 4003 2830 4057 ἀσεϐῶν
2857 4001 3066 4074 ἀνδρῶν
3095 4001 3406 4071 δυσφημίας
3439 4000 3532 4053 καὶ
3573 4000 3747 4070 ὑπερ-

2167 4098 2403 4170 ηφανίας
2438 4093 2550 4159 οἷός
2575 4098 2624 4148 τ’
2657 4095 2724 4150 ἀν
2766 4093 2850 4164 εἴη
2892 4093 3104 4164 φέρειν;
3141 4093 3231 4145 Διὸ
3265 4091 3346 4144 σοι
3385 4091 3506 4162 μὲν,
3537 4090 3744 4154 όΘεὸς,

2167 4190 2342 4252 οὐδεὶς
2362 4187 2756 4259 ὁμοιωθήσεται
2775 4200 2788 4214 ο
2831 4182 2940 4252 ἐγὼ
2966 4182 3022 4236 δὲ
3055 4182 3131 4247 ὡς
3158 4181 3463 4253 ἄνθρωπος,
3493 4180 3747 4252 ἡττώμεο

2169 4297 2259 4344 νος
2293 4279 2398 4333 ὑπὸ
2429 4279 2530 4348 τῆς
2559 4275 2797 4347 ἐμαυτοῦ
2835 4273 3138 4337 ἀσθενείας,
3169 4271 3351 4343 τολμῶ
3389 4271 3619 4335 δεῖσθαι,
3650 4271 3746 4325 καὶ

2173 4373 2256 4425 σοὶ
2303 4370 2383 4442 τῷ
2429 4369 2547 4440 Θεῷ
2595 4368 2712 4440 μεθ’
2751 4366 3028 4439 ἱκετηρίας
3066 4366 3268 4435 λέγειν’
3309 4364 3406 4431 Μὴ
3456 4363 3744 4433 σιτήσῃς,

2164 4460 2320 4533 μηδὲ
2375 4460 2816 4528 καταπραΰνῃς.
2863 4460 2896 4512 ὀ
2955 4458 3116 4522 Θεός.
3167 4456 3331 4527 Σιγᾷν
3364 4455 3420 4508 δὲ
3457 4455 3674 4523 λέγεται
3715 4457 3747 4508 6

2172 4551 2322 4616 Θεὸς,
2360 4551 2578 4606 ὲπειδάν
2605 4549 2980 4621 ἐπαιρομένων
3011 4548 3120 4601 τῶν
3143 4549 3317 4601 ἀθέων
3346 4549 3440 4600 καὶ
3465 4547 3747 4604 δυσσεϐῶν

2172 4643 2402 4716 ἀνδρῶν,
2430 4641 2828 4714 ἀπροσποίητος
2857 4641 3028 4713 μένει,
3059 4640 3132 4711 μὴ
3155 4640 3374 4707 ἐπάγων
3403 4642 3745 4711 παραχρῆμα

2170 4739 2268 4809 τὴν
2299 4739 2419 4790 κατ’
2454 4734 2636 4803 ¹αὐτῶν
2665 4731 2854 4806 ὀργὴν,
2890 4732 3022 4804 μηδὲ
3064 4735 3180 4796 ταῖς
3211 4734 3332 4785 κατ’
3366 4731 3545 4786 αὐτῶν
3573 4749 3747 4802 τιμω-

2177 4829 2318 4899 ρίαις
2347 4826 2643 4899 χρώμενος.
2683 4825 2774 4878 Διὸ
2810 4825 2904 4879 καὶ
2942 4827 3054 4887 τοῖς
3089 4822 3490 4894 ἁμαρτάνουσιν
3520 4825 3550 4876 6
3582 4823 3746 4886 αὐτὸς

2186 4919 2355 4989 Ἀσάφ
2400 4922 2458 4973 ὲν
2491 4917 2570 4988 τῷ
2610 4923 2665 4988 μ’
2695 4917 2788 4972 καὶ
2837 4916 2880 4970 θ’
2919 4916 3010 4968 τὸν
3049 4914 3181 4969 Θεὸν
3225 4915 3435 4984 εἰσάγει
3477 4915 3741 4984 λέγονταο

2178 5010 2368 5066 Ταῦτα
2407 5010 2728 5076 ἐποίησας,
2764 5006 2863 5060 καὶ
2907 5007 3195 5076 ἐσίγησαο
3252 5006 3550 5073 ὑπέλαϐες
3600 5007 3743 5061 dro—

2167 5105 2337 5174 μίαν,
2365 5102 2454 5156 ὅτι
2480 5100 2695 5172 ἔσομαι
2717 5113 2817 5153 σοι
2839 5098 3060 5168 ὅμοιος.
3089 5097 3170 5152 Τὰ
3189 5098 3247 5152 δὲ
3274 5098 3422 5151 αίτια
3454 5100 3555 5168 τῆς
3585 5096 3744 5167 σιγῆς

2173 5195 2268 5248 τοῦ
2299 5193 2434 5248 Θεοῦ
2469 5193 2562 5248 καὶ
2589 5192 2688 5263 τῆς
2720 5189 2919 5261 ἀνοχῆς
2951 5189 3044 5243 καὶ
3073 5189 3171 5259 τῆς
3206 5189 3587 5261 μακροθυμίας
3616 5203 3742 5241 παι-

2173 5286 2315 5339 δεύει
2353 5289 2382 5339 6
2419 5285 2738 5346 ’Δπόστολος
2775 5282 3001 5353 γράφων
3022 5297 3037 5311 ο
3078 5281 3147 5336 Ἣ
3183 5279 3289 5338 τοῦ
3334 5283 3599 5336 πλούτου
3636 5277 3742 5345 τῆς

2174 5379 2578 5447 χρηστότητος
2611 5375 2797 5430 αὑτοῦ
2839 5375 2937 5429 καί
2967 5375 3076 5444 τῆς
3111 5373 3339 5442 ἀνοχῆς
3371 5373 3470 5427 καὶ
3497 5371 3606 5441 τῆς
3627 5389 3740 5440 μα-

2175 5467 2497 5536 κροθυμίας
2521 5464 2931 5535 καταφρονεῖς,
2971 5464 3225 5536 ἀγνοιῖιν,
3249 5465 3337 5518 ὅτι
3379 5463 3446 5517 τὸ
3473 5463 3738 5531 χρηστὸν

2175 5560 2283 5614 τοῦ
2325 5557 2474 5612 Θεοῦ
2519 5560 2606 5624 εὶς
2631 5557 2954 5627 μετάνοιάν
2989 5573 3062 5613 σε
3098 5558 3264 5628 tiret;
3314 5555 3474 5610 Ἀλλά
3507 5556 3573 5610 σὺ
3617 5553 3738 5625 μὲν,

2178 5651 2360 5721 φησὶν,
2387 5651 2463 5715 ὼς
2493 5650 2624 5714 Θεὸς
2663 5649 2879 5704 πάντων
2915 5649 3257 5722 ἀνεχόμενος,
3303 5649 3515 5711 πάντας
3556 5647 3739 5721 φέρεις
