3996 6210
276 237 386 294 993

1370 236 1868 296 COMMENTARIA
1907 238 1974 294 IN
2013 237 2349 298 PSALMOS.

3405 244 3515 303 99L

271 346 491 418 πράως,
525 346 622 402 καὶ
665 345 760 400 sui.
798 349 910 412 τοῖς
935 347 1110 419 ἀσεϐῆ
1141 349 1235 402 καὶ
1277 347 1415 404 ἁθεα
1450 350 1835 422 ἁμαρτάνουσι,

1947 366 2056 406 non
2094 353 2259 408 simili
2305 357 2470 422 atque
2508 358 2569 405 tu
2618 349 2783 406 modo
2823 350 3062 407 tolerare
3090 351 3342 408 valeam:
3383 369 3512 410 nam

271 440 368 494 καὶ
395 437 539 492 κατὰ
557 436 650 491 σοῦ
667 437 763 491 τοῦ
783 438 918 492 Θεοῦ
937 439 1336 510 βλασφημοῦσι,
1363 442 1573 513 σιωπᾷς
1590 457 1604 471 ο
1632 440 1743 510 ἐγὼ
1765 440 1843 508 δὲ,

273 531 350 604 μὴ
375 530 675 601 δυνάμενος
717 529 890 584 ταῦτα
913 532 1067 603 ὀρᾷν,
1099 531 1290 602 δέομαι
1317 531 1412 585 καὶ
1451 531 1676 586 ἱκετεύω
1717 548 1846 600 συγ-

267 623 496 695 γνώμης
521 625 704 694 τυχεῖν
723 624 816 677 ὲπὶ
839 623 902 678 τὺ
933 625 1009 695 μὴ
1034 623 1290 678 δύνασθαι
1313 624 1499 698 φέρειν
1521 642 1604 679 σοι
1632 625 1711 695 τῷ
1727 623 1846 695 Θεῷ

266 713 697 785 παραπλησίως·
742 712 827 778 τίς
869 713 977 786 γάρ
1011 730 1092 767 σοι
1137 713 1574 786 ὁμοιωθήσεταις
1626 715 1717 768 Διὸ
1769 715 1845 779 ὼς

264 807 572 878 ἄνθρωπος,
618 804 777 877 ζῆλον
808 804 944 876 ἔχων
971 805 1062 859 τὸν
1097 806 1235 878 ὑπὲρ
1265 806 1364 876 τῆς
1399 806 1499 876 σῆς
1541 807 1840 873 εὐσεϐείας,

263 896 448 967 τολμῶ
501 894 788 968 ἱκετηρίαν
839 913 923 950 σοι
970 897 1299 968 προσάγειν·
1348 896 1487 950 ὥστε
1534 897 1843 951 παύσασθαι

265 989 367 1060 μὲν
410 989 508 1060 τῆς
561 989 766 1059 ἁφάτου
820 987 1196 1061 μακροθυμίας
1241 989 1335 1043 καὶ
1380 989 1477 1058 τῆς
1521 989 1840 1057 ἁνεξικάκου

265 1083 480 1152 σιωπῆς
494 1099 508 1112 ο
532 1081 633 1152 ήδη
653 1080 712 1134 δέ
737 1097 867 1133 ποτε
887 1081 1170 1152 κινηθῆναι
1192 1081 1332 1134 κατὰ
1354 1080 1461 1135 τῶν
1477 1082 1545 1136 τὰ
1569 1082 1840 1154 ἀνήκεστα

259 1167 693 1240 τετολμηκότων.
723 1169 814 1222 Διό
841 1186 1017 1239 φημι·
1051 1167 1148 1236 Μὴ
1177 1168 1457 1238 σιτήσῃς,
1482 1169 1638 1238 μηδὲ
1669 1187 1843 1224 κατα-

261 1263 569 1330 πραΰνῃςο
601 1260 715 1314 ἀνθ’
755 1253 817 1314 οὗ
857 1262 885 1314 ὁ
930 1259 1030 1330 μὲν
1073 1259 1325 1324 Ἀκύλας,
1352 1261 1448 1330 Μὴ
1490 1261 1834 1332 καθησυχὰ-

260 1370 406 1423 anc,
463 1355 492 1406 ὁ
524 1353 580 1407 δὲ
631 1353 945 1426 Σύμμαχος,
993 1352 1089 1421 Μὴ
1140 1353 1478 1423 ἑρημάσῃς,
1532 1355 1836 1426 εἰρήκασιν.

262 1443 376 1499 Εἶτ’
409 1445 651 1512 ἐπιλέγει
679 1445 836 1516 ἑξῆς·
873 1446 989 1498 ’Ότι
1037 1443 1166 1499 ίὸοὺ
1213 1447 1268 1499 ol
1308 1445 1509 1514 ἐχθροί
1533 1459 1650 1499 σου
1692 1445 1841 1515 ἤχη-

260 1554 404 1602 σαν,
433 1537 531 1591 καὶ
567 1538 622 1590 οἱ
650 1536 971 1604 μισοῦντές
997 1553 1072 1590 σε
1097 1533 1250 1607 ἦραν
1273 1537 1563 1607 κεφαλήν.
1599 1537 1758 1592 Κατὰ
1784 1538 1839 1592 δὲ

258 1628 356 1682 τὸν
393 1627 643 1681 Ἀκύλαν⁶
705 1628 826 1682 Ὅτι
870 1627 997 1682 ιδοὺ
1034 1631 1089 1682 οἱ
1125 1629 1328 1698 ἐχθροί
1371 1643 1487 1684 σου
1528 1628 1837 1700 ὥχλασαν,

1949 446 2070 514 quis
2099 446 2296 500 similis
2335 445 2442 500 erit
2483 443 2620 498 tibi?
2645 442 2989 514 Quapropter
3022 452 3082 499 ut
3112 445 3295 509 homo,
3330 445 3518 502 studio

1945 537 2166 606 pietatis
2189 552 2317 608 erga
2351 546 2404 592 te
2433 537 2715 602 incensus,
2747 535 3058 606 supplicare
3088 537 3185 591 tibi
3221 536 3418 605 audeo,
3451 545 3522 593 ut

1943 625 2104 680 ﬁnem
2141 623 2314 680 facias
2356 623 2740 681 tolerantiae-et
2780 625 3008 688 silentii,
3044 640 3108 681 ac
3137 626 3250 696 jam
3289 629 3510 684 demum

1941 729 2196 776 moveare
2237 715 2503 772 adversus
2541 731 2636 772 eos
2669 716 2761 787 qui
2796 716 3162 772 intolerabilia
3205 719 3326 774 ausi
3357 726 3506 775 sunt.

1943 805 2070 862 Ideo
2109 806 2235 862 dico
2263 805 2382 861 :Ne
2413 816 2612 873 taceas,
2639 825 2798 877 neque
2843 811 3212 879 compescaris.
3254 807 3362 864 Pro
3397 826 3510 882 quo

1940 895 2259 967 Aquila,Ne
2285 897 2544 968 quiescas,
2591 897 2955 968 Symmachus
2996 915 3147 963 vero,
3194 898 3278 954 Ne
3314 917 3506 966 cesses,

1941 989 2282 1060 interpretati
2299 997 2449 1045 sunt.
2477 989 2681 1047 Deinde
2712 990 2898 1045 subdit
2921 1011 2934 1045 :
2956 1025 3023 1035 —
3054 990 3221 1047 Vens.
3258 993 3315 1047 5.
3371 992 3515 1058 Quo-

1941 1083 2086 1136 niam
2115 1099 2230 1136 ecce
2275 1082 2474 1137 inimici
2523 1084 2600 1136 tui
2641 1093 2947 1148 sonuerunt,
2980 1093 3029 1138 et
3080 1085 3168 1154 qui
3207 1084 3429 1138 oderunt
3460 1093 3517 1140 te

1939 1175 2238 1228 extulerunt
2281 1185 2459 1246 caput.
2517 1173 2831 1230 Secundum
2869 1177 3125 1247 Aquilam
3158 1193 3322 1232 vero:
3361 1177 3514 1243 Quo-

1939 1269 2081 1322 niam
2124 1284 2238 1322 ecce
2264 1268 2467 1322 inimici
2497 1269 2575 1321 tui
2617 1267 2803 1323 turbas
2841 1276 3132 1334 moverunt,
3180 1278 3228 1322 et
3259 1269 3352 1339 qui
3384 1269 3514 1324 ode-

1940 1365 2067 1411 runt
2111 1367 2159 1412 te
2194 1359 2496 1412 extulerunt
2533 1369 2722 1427 caput;
2770 1360 3074 1415 seCundum
3118 1358 3509 1431 Symmachum

1938 1465 2072 1506 vero
2104 1470 2118 1506 :
2151 1451 2284 1506 Ecce
2310 1452 2447 1506 enim
2479 1452 2678 1506 inimici
2713 1453 2809 1516 tui,
2843 1452 3042 1524 inquit,
3073 1469 3182 1506 una
3214 1462 3426 1518 sonant,
3458 1461 3508 1507 et

1937 1543 2028 1614 qui
2048 1541 2272 1596 oderunt
2306 1553 2354 1596 te
2383 1544 2607 1612 e/Terunt
2637 1553 2813 1614 caput.
2855 1541 3066 1600 Sonant
3095 1554 3276 1600 autem
3310 1552 3364 1600 et
3389 1552 3508 1600 tur-

1938 1634 2039 1690 bas
2081 1643 2300 1690 movent
2346 1635 2550 1692 inimici
2587 1635 2702 1704 Dei,
2753 1653 2877 1691 cum
2911 1653 3022 1692 non
3069 1637 3297 1693 latenter
3329 1653 3513 1709 neque

261 1721 363 1775 καὶ
388 1719 853 1791 μισοποιοῦντές
879 1737 951 1775 σε
984 1720 1139 1789 ἦραν
1163 1720 1438 1790 κεφαλήν
1455 1739 1469 1754 ο
1500 1720 1642 1776 κατὰ
1662 1721 1718 1775 δὲ
1743 1721 1835 1776 τὸν

1935 1725 2165 1780 remisse
2196 1725 2510 1796 blasphema
2539 1727 2681 1780 dicta
2710 1734 2902 1781 contra
2933 1727 3101 1782 Deum
3130 1727 3377 1796 proferre
3407 1744 3509 1784 au-

260 1813 590 1884 Σύμμαχον·
632 1811 776 1867 Ἰδοὺ
823 1813 933 1884 γὰρ
970 1816 1024 1866 οἱ
1065 1813 1266 1882 ἐχθροί
1307 1826 1443 1878 σου,
1488 1814 1641 1884 φησὶ,
1687 1829 1837 1868 συν-

259 1923 300 1971 η
307 1904 507 1974 χοῦσι,
548 1905 646 1958 καὶ
672 1908 724 1959 ol
743 1903 1068 1974 μισοῦντές
1104 1919 1178 1960 σε
1201 1905 1515 1974 ἐπαίρουσι
1541 1903 1835 1974 κεφαλήν.

273 1997 498 2067 Ἢχοῦσι
533 1997 589 2051 δὲ
621 1997 716 2050 καὶ
760 1997 1075 2068 ὀχλὰζουσιν
1117 1999 1166 2050 οἱ
1212 1997 1396 2069 ἐχθροὶ
1431 1996 1528 2052 τεῦ
1568 1996 1724 2062 Θεοῦ,
1748 1998 1836 2051 ὅτε

260 2087 449 2140 οὐκέτι
492 2087 751 2159 κρύϐδην,
798 2087 919 2142 οὐδὲ
962 2088 1340 2160 πεφεισμένως
1381 2088 1619 2161 τολμῶσι
1662 2105 1839 2162 παρα-

263 2179 596 2249 φθέγγεσθαι
638 2180 734 2244 τὰς
767 2179 906 2234 κατὰ
934 2181 1027 2236 τοῦ
1058 2181 1192 2236 Θεοῦ
1227 2181 1602 2252 βλασφημίαςο
1635 2182 1737 2254 ἤδη
1780 2182 1836 2236 δὲ

260 2272 331 2326 ὲκ
372 2271 465 2325 τοῦ
501 2271 810 2344 προφανοῦς
839 2275 930 2328 καὶ
965 2273 1176 2348 ἁθρόως
1221 2275 1272 2327 οἱ
1315 2275 1515 2337 πάντες
1561 2273 1701 2327 κατὰ
1739 2273 1835 2327 τοῦ

258 2363 399 2418 Θεοῦ
442 2363 512 2417 τὰ
547 2362 682 2419 ἄθεα
725 2365 1086 2437 προφέρονται
1131 2366 1370 2438 ῥήματα,
1413 2366 1569 2419 ὁποῖα
1596 2363 1835 2436 τολμῶσι

261 2455 523 2526 πράττειν
562 2452 704 2508 κατὰ
735 2453 861 2518 τοὺς
894 2454 1000 2507 τῶν
1034 2453 1288 2526 διωγμῶν
1333 2454 1578 2526 καιρούς.
1616 2451 1748 2508 Εἶτα
1777 2454 1835 2508 δὲ

258 2546 359 2600 καὶ
407 2543 831 2616 ὑψαυχενοῦντες
872 2547 967 2600 καὶ
1016 2547 1405 2618 φρυαττόμενω
1454 2548 1553 2619 τὴν
1593 2547 1834 2620 κεφαλὴν

258 2636 600 2707 ἐπαίρουσιν,
630 2637 717 2689 ὅτε
761 2635 993 2707 μάλιστα
1033 2638 1318 2710 ἐπιτριϐὴν
1357 2637 1541 2702 αὐτοῖς
1580 2641 1614 2709 ἡ
1656 2639 1834 2712 σιωπὴ

1937 1815 2094 1884 dent;
2133 1815 2230 1872 sed
2265 1818 2440 1887 palam
2476 1825 2530 1872 et
2559 1818 2848 1874 confertim
2873 1834 3065 1875 omnes
3098 1819 3152 1874 in
3193 1819 3363 1876 Demn
3403 1821 3510 1876 im-

1936 1907 2026 1978 pia
2049 1908 2213 1964 verba
2247 1920 2528 1972 evomunt,
2560 1908 2742 1978 qualia
2775 1911 3215 1979 persecutionum
3258 1920 3506 1983 tempore

1936 2000 2137 2055 audent
2164 1999 2376 2058 eﬂ‘erre.
2411 2000 2616 2056 Deinde
2640 2009 2821 2057 erecta
2849 2002 3063 2057 cervice
3089 2003 3384 2060 frementes
3409 2020 3507 2059 ca-

1937 2099 2035 2162 put
2068 2093 2332 2158 exaltant,
2365 2095 2585 2164 quando
2623 2094 2862 2149 maxime
2907 2095 3187 2149 silentium
3215 2095 3309 2150 Dei
3344 2095 3505 2152 indu-

1937 2183 2053 2241 cias
2098 2185 2232 2255 ipsis
2289 2187 2516 2258 praebet.
2569 2185 2666 2242 llis
2724 2202 2858 2241 vero
2905 2197 3070 2257 caput
3116 2186 3505 2252 ell'erentibus,

1939 2272 2035 2329 Dei
2093 2273 2343 2332 homines
2405 2274 2586 2330 alllicti
2643 2274 3034 2342 humiliantur;
3085 2283 3144 2330 ut
3187 2277 3304 2332 vice
3349 2293 3506 2333 versa

1939 2364 2216 2434 depressis
2247 2366 2488 2423 inimicis
2513 2365 2631 2430 Dei,
2665 2374 2981 2422 sanctorum
3014 2369 3509 2440 religiosorumque

1937 2456 2180 2512 virorum
2207 2459 2386 2529 capita
2408 2459 2741 2514 exaltantur.
2771 2458 2951 2524 Quare
2973 2475 3037 2512 ex
3058 2475 3247 2514 eorum
3268 2475 3506 2531 persona

1937 2547 2138 2603 alicubi
2181 2547 2388 2603 dictum
2436 2556 2521 2604 est
2549 2567 2562 2604 :
2588 2547 2658 2602 Et
2689 2565 2824 2602 nunc
2849 2549 3100 2603 exultavit
3136 2563 3290 2620 caput
3334 2569 3506 2606 meum

1937 2656 2092 2710 super
2115 2642 2355 2697 inimicos
2387 2660 2526 2698 meos
2554 2643 2617 2698 ”.

257 2725 354 2781 τοῦ
413 2726 547 2780 Θεοῦ
606 2726 1021 2799 κατεργάζεται.
1094 2728 1308 2784 Τούτων
1339 2731 1395 2783 δὲ
1458 2731 1558 2802 τὴν
1593 2730 1836 2803 κεφαλὴν
1894 2734 2192 2807 αίρόντων,
2256 2737 2306 2789 οἱ
2362 2733 2456 2788 τοῦ
2521 2733 2657 2788 Θεοῦ
2710 2733 2985 2806 ἄνθρωποι
3044 2734 3506 2806 καταπονούμενοι

259 2818 667 2872 ταπεινοῦνταιο
730 2817 806 2883 ὡς
863 2818 1096 2891 ἔμπαλιν
1159 2822 1593 2894 ταπεινουμένων
1654 2823 1765 2878 τῶν
1805 2825 2016 2898 ἐχθρῶν
2052 2825 2147 2881 τοῦ
2177 2828 2312 2882 Θεοῦ
2355 2829 2412 2882 al
2455 2828 2566 2882 τῶν
2609 2827 2780 2897 ἁγίων
2830 2829 2924 2880 καὶ
2971 2827 3232 2898 θεοφιλῶν
3292 2828 3504 2900 ἀνδρῶν

257 2908 493 2977 κεφαλαὶ
531 2908 810 2979 ύψοῦνται.
857 2912 948 2966 Διὸ
986 2913 1199 2986 εἴρηταί
1237 2931 1341 2968 που
1386 2915 1442 2970 ἐξ
1486 2914 1664 2970 αὐτῶν
1701 2916 1994 2990 προσώπου
2021 2919 2100 2972 τό·
2162 2921 2275 2976 Kal
2352 2920 2470 2976 νῦν
2516 2921 2726 2990 ὒψωσε
2775 2919 3052 2991 κεφαλήν
3105 2937 3224 2992 μου
3273 2920 3364 2973 ἐπ’
3407 2921 3507 2989 ὲχο

260 3002 442 3068 θρούς
468 3020 610 3072 μου.

343 3114 470 3168 Ἐπί
504 3115 612 3169 τὸν
639 3118 793 3173 λαόν
819 3132 936 3172 σσυ
977 3117 1651 3187 κατεπανουργεύσαντο
1685 3118 1832 3190 γνώ-

2001 3117 2171 3174 Veus.
2203 3117 2258 3184 4,
2292 3117 2346 3173 5.
2389 3116 2560 3187 Super
2595 3118 2848 3188 populum
2894 3127 3042 3172 tuum
3081 3117 3506 3185 maliguaverunt

255 3224 404 3277 μην,
435 3206 533 3260 καὶ
561 3207 1002 3266 ἐϐουλεύσαντο
1025 3209 1176 3263 κατὰ
1198 3208 1316 3264 τῶν
1347 3210 1531 3279 ἁγίων
1553 3224 1690 3265 σου.
1733 3207 1833 3266 Εἷ-

256 3311 384 3352 παν
406 3316 420 3329 ο
485 3299 682 3365 Δεῦτε,
741 3300 840 3354 καὶ
899 3300 1424 3371 ἐξολοθρεύσωμεν
1482 3301 1704 3368 αὐτοὺς
1762 3302 1834 3368 ἐξ

257 3392 498 3457 ἔθνους,
527 3391 624 3447 καὶ
650 3393 722 3446 οὐ
743 3390 831 3461 μὴ
854 3391 1102 3461 μνησθῇ
1131 3391 1197 3445 τὸ
1230 3392 1416 3462 ὄνομα
1453 3393 1690 3461 Ἰσραὴλ
1724 3395 1828 3449 ἔτι.

260 3483 518 3536 Δυσωπεῖ
543 3481 632 3536 τὸν
657 3481 789 3535 Θεὸν
818 3484 846 3536 ὁ
865 3483 1156 3555 Προφήτης
1184 3483 1242 3536 ὲν
1267 3482 1406 3554 ἁγίῳ
1435 3483 1728 3555 Πνεύματι,
1746 3484 1836 3540 διὰ

263 3574 360 3628 τοῦ
385 3575 838 3645 ὑπομιμνήσκειν,
862 3573 938 3638 ὡς
967 3573 1075 3644 ἄρα
1107 3574 1232 3638 λαὸς
1260 3573 1424 3628 αὐτοῦ
1452 3575 1693 3644 γεγόνοιο
1712 3576 1831 3649 (sic)

262 3667 331 3718 τὰ
381 3663 618 3718 τοσαῦτα
664 3664 966 3730 πεπονθώς.
1021 3662 1156 3720 Εἶτα
1187 3665 1282 3720 καὶ
1329 3665 1440 3719 τῶν
1487 3668 1547 3720 ὲν
1589 3667 1665 3738 τῷ
1720 3667 1834 3740 λαῷ

262 3755 674 3826 διαλαμψὼντων
718 3755 886 3809 πάλαι
919 3755 1180 3828 πρότερον
1218 3755 1387 3824 ἁγίων
1426 3755 1522 3811 τοῦ
1554 3757 1689 3812 Θεοῦ
1737 3758 1834 3832 μὲ-

263 3865 486 3920 μνηται,
529 3847 780 3918 δεόμενος
824 3848 918 3902 καὶ
947 3847 1239 3902 ἀντιϐολῶν
1279 3849 1355 3920 μὴ
1399 3846 1507 3903 τῶν
1548 3849 1608 3902 ἐν
1649 3851 1833 3915 αὐτοῖς

259 3939 476 3994 ἀσεϐῶν
511 3941 607 3994 καὶ
641 3939 990 4012 παρανόμων,
1035 3941 1211 4012 μόνων
1249 3940 1304 3995 δὲ
1330 3941 1437 3995 τῶν
1468 3941 1639 4011 ἁγίων
1666 3943 1832 3998 αὐτοῦ

263 4029 591 4102 μνησθῆναι,
625 4031 718 4084 καὶ
756 4030 823 4084 δι’
857 4031 1053 4096 αὐτοὺς
1080 4032 1143 4085 τὸ
1175 4033 1282 4086 πᾶν
1307 4032 1630 4104 κατελεῆσαι
1659 4033 1829 4099 έθνος.

275 4121 567 4176 ’Δκόλουθα
595 4122 651 4176 δὲ
690 4122 873 4186 αὐτοῖς
913 4122 1190 4189 ποιοῦντες
1231 4126 1279 4178 οἱ
1316 4124 1501 4196 ἐχθροὶ
1536 4126 1632 4180 τοῦ
1673 4127 1830 4195 Θεοῦ,

261 4213 356 4266 τὸν
385 4212 516 4266 λαὸν
558 4213 723 4266 αὐτοῦ
752 4213 1068 4284 πολεμοῦσι,
1104 4216 1421 4289 πανουργίᾳ⁴
1440 4215 1708 4289 χρώμενοι
1739 4220 1833 4272 καὶ

265 4305 420 4377 δόλῳ,
457 4306 591 4378 πρὸς
622 4306 684 4359 τὸ
709 4307 1034 4362 καταϐαλεῖν
1070 4308 1235 4362 αὑτὸν
1262 4309 1357 4362 καὶ
1395 4309 1701 4382 ἀποστῆσαι
1732 4312 1832 4383 τῆς

262 4397 359 4450 τοῦ
410 4396 544 4450 Θεοῦ
573 4397 872 4462 εὐσεϐείας.
903 4398 995 4451 Διὸ
1031 4397 1306 4454 λέλεκται’
1355 4401 1479 4455 Ἐπὶ
1523 4401 1630 4456 τὸν
1678 4405 1832 4458 λαόν

263 4504 382 4542 σου
426 4491 1094 4560 κατεπανουργεύσαντο
1127 4493 1386 4562 γνώμην,
1429 4494 1527 4548 καὶ
1556 4495 1833 4549 ἐϐουλεύ-
1863 4473 1906 4530 Ῐ)

263 4596 453 4635 carro
482 4582 630 4636 κατὰ
655 4580 773 4635 τῶν
799 4582 982 4650 ἁγίων
1003 4597 1141 4637 σου.
1165 4583 1570 4656 Μεμελημένως
1605 4584 1713 4654 γὰρ
1738 4585 1832 4638 καὶ

265 4673 740 4745 πεφροντισμένως
776 4673 1022 4744 μηχανάς
1053 4692 1202 4738 τινας
1250 4676 1512 4748 κρυφίους
1555 4676 1697 4730 κατὰ
1733 4676 1828 4731 τοῦ

263 4761 392 4815 λαοῦ
427 4761 519 4815 τοῦ
547 4762 681 4816 Θεοῦ
713 4763 1022 4826 καττύουσι,
1055 4765 1196 4818 κατά
1232 4783 1290 4820 τε
1329 4766 1439 4822 τῶν
1467 4767 1640 4836 ἁγίων
1665 4767 1828 4822 αὐτοῦ

263 4851 555 4916 ἐπιϐουλὰς
602 4854 1115 4919 κατασκευάζονται,
1160 4855 1228 4908 δι’
1274 4857 1371 4912 ἕνα
1418 4860 1618 4914 σκοπὸν
1660 4860 1720 4913 ὃν
1769 4861 1827 4916 ὲν

262 4943 477 5006 ἑαυτοῖς
510 4941 831 5012 προθέμενοί
857 4959 1011 5012 φασι⁹
1043 4943 1240 5010 Δεῦτε,
1273 4944 1829 5014 καίέξολοθρεύσω-

255 5049 374 5103 μεν
392 5033 612 5099 αὐτοὺς
633 5033 701 5099 ἐξ
724 5035 957 5100 ἔθνους,
978 5035 1073 5088 καὶ
1096 5037 1168 5089 οὐ
1186 5035 1272 5104 μὴ
1291 5035 1537 5105 μνησθῇ
1556 5036 1622 5091 τὸ
1644 5035 1829 5106 ὄνομα

259 5123 368 5177 τοῦ
388 5113 641 5193 ’Ἰσραὴλ
667 5125 772 5180 ἔτι.
807 5127 871 5180 Ol
905 5127 1003 5198 μὲν
1039 5124 1134 5182 οὖν
1160 5127 1416 5199 θεομάχοι
1454 5128 1516 5182 οὐ
1552 5128 1826 5199 βούλονται

261 5215 322 5266 ὲν
366 5211 670 5285 ἀνθρώποις
711 5214 862 5279 ἔθνος
891 5215 1026 5270 Θεοῦ
1079 5216 1402 5286 ὑφεστάναι·
1454 5217 1590 5272 ἁλλὰ
1632 5218 1726 5273 καὶ⁵
1766 5219 1827 5274 τὺ

257 5307 433 5384 ϐνομα
451 5305 544 5360 τοῦ
580 5307 796 5380 Ἰσραὴλ
822 5308 1204 5380 ἐξαλειφθῆναι
1241 5309 1650 5375 σπουδάζουσιν.
1682 5312 1739 5364 '0
1770 5311 1827 5366 δὲ

259 5397 416 5463 Θέος,
449 5398 536 5450 ἀεὶ
562 5398 711 5463 ἔθνος
741 5400 916 5472 ἑαυτῷ
939 5401 1032 5454 ἐπὶ
1056 5400 1158 5472 γῆς
1177 5402 1536 5474 καταρτίζων,
1567 5401 1702 5472 μετὰ
1728 5403 1828 5474 τὴν

259 5488 358 5543 τοῦ
390 5491 654 5561 προτέρου
676 5490 804 5545 λαοῦ
828 5494 1031 5548 πτῶσιν
1056 5494 1154 5566 τὴν
1181 5493 1240 5558 ἐξ
1271 5493 1441 5549 ἐθνῶν
1466 5493 1828 5565 συνεστήσατο

343 5645 388 5678 ⁸³
424 5644 564 5702 Psal.
604 5663 748 5709 nm,
784 5647 836 5701 6.

1937 3211 2240 3274 consilium,
2290 3219 2342 3263 et
2391 3211 2748 3279 cogitaverunt
2799 3209 3049 3264 adversus
3101 3218 3312 3264 sanctos
3363 3217 3502 3264 tuos.

1933 3304 2198 3359 Dixerunt
2222 3318 2240 3358 .°
2267 3302 2446 3356 Venite
2465 3311 2516 3356 et
2542 3301 2908 3372 disperdamus
2929 3319 3016 3357 eos
3047 3301 3112 3355 de
3131 3311 3298 3372 gente,
3329 3309 3378 3355 et
3401 3317 3506 3356 non

1934 3404 2252 3451 memoretur
2274 3409 2461 3447 nomen
2493 3391 2666 3449 Israel
2689 3396 2856 3446 ultra.
2892 3393 3058 3449 Deum
3087 3393 3343 3448 obsecrat
3369 3387 3509 3448 Pro-

1932 3488 2093 3559 pheta
2126 3487 2181 3542 in
2208 3485 2418 3556 Spiritu
2444 3491 2655 3547 sancto,
2681 3499 2910 3540 monens
2938 3499 3084 3550 eum,
3117 3485 3212 3555 qui
3240 3484 3372 3539 talia
3404 3500 3504 3555 pa-

1931 3581 2088 3644 titur,
2126 3578 2386 3650 populum
2424 3575 2548 3648 ejus
2597 3591 2742 3632 esse.
2771 3573 2885 3630 Sub
2919 3574 3034 3630 hate
3080 3583 3263 3630 autem
3290 3591 3502 3642 eorum,

1931 3673 2026 3744 qui
2055 3671 2111 3726 in
2143 3670 2344 3742 populo
2369 3669 2481 3739 jam
2508 3667 2637 3723 olim
2681 3666 2964 3736 conspicui
2996 3666 3239 3730 fuerunt,
3278 3674 3501 3721 sancto-

1931 3780 2054 3820 rum
2086 3761 2182 3818 Dei
2215 3761 2485 3825 meminit,
2528 3760 2844 3830 supplicans
2874 3759 3303 3827 obsecransque,
3346 3765 3408 3812 ut
3435 3772 3504 3812 ne

1933 3856 2228 3927 impiorum
2264 3854 2764 3922 sceleratorumque
2804 3851 2860 3905 in
2891 3850 3113 3922 populo,
3154 3849 3252 3905 sed
3280 3857 3505 3905 sancto-

1931 3963 2054 4004 rum
2097 3961 2321 4005 suorum
2370 3943 2731 4001 recordetur:
2761 3957 3061 4012 eorumque
3108 3941 3286 4012 gratia
3331 3947 3502 3994 totam

1925 4047 2142 4110 egentem
2166 4034 2544 4091 misericordia
2565 4034 2748 4088 donet.
2781 4031 2972 4087 Allinia
3000 4039 3178 4086 autem
3212 4030 3503 4100 impiorum

1932 4129 2102 4202 gestis
2149 4134 2528 4200 perpetrantes
2557 4125 2763 4180 inimici
2801 4124 2919 4188 Dei,
2956 4124 3216 4195 populum
3260 4122 3382 4192 ejus
3411 4137 3506 4192 op-

1933 4229 2200 4293 pugnant,
2243 4221 2485 4276 versutia
2519 4227 2734 4276 utentes
2776 4227 2831 4274 et
2873 4218 3020 4284 dolo,
3053 4225 3112 4271 ut
3149 4216 3324 4286 ipsum
3364 4214 3503 4283 deji-

1931 4314 2078 4369 ciant
2113 4320 2167 4369 et
2215 4327 2247 4365 a
2291 4312 2492 4382 pietate
2539 4325 2668 4381 erga
2712 4309 2880 4364 Deum
2936 4314 3200 4362 avertant.
3231 4304 3502 4370 Quocirca

1931 4404 2138 4459 dictum
2195 4409 2281 4457 est
2311 4420 2326 4457 :
2352 4399 2522 4470 Super
2569 4400 2820 4469 populum
2875 4405 3023 4450 tuum
3083 4395 3503 4465 mallgnaverunt

1934 4493 2234 4559 consilium,
2277 4501 2328 4546 et
2382 4491 2744 4561 cogitaverunt
2792 4487 3042 4541 adversus
3093 4493 3306 4538 sanctos
3355 4492 3500 4538 tuos.

1935 4579 2179 4636 Meditati
2207 4579 2354 4633 enim
2381 4593 2507 4632 cum
2550 4574 2918 4633 sollicitudine
2943 4572 3209 4643 quasdam
3251 4571 3505 4627 occultas

1934 4669 2216 4725 machinas
2245 4676 2437 4724 contra
2464 4667 2721 4738 populum
2754 4664 2849 4721 Dei
2876 4666 3178 4728 instruunt,
3203 4673 3257 4719 et
3289 4663 3503 4720 sanctis

1933 4762 2054 4832 ejus
2080 4761 2310 4816 insidias
2352 4765 2568 4830 parant,
2599 4772 2684 4821 ac,
2714 4756 2784 4812 ob
2810 4771 2978 4811 unum
3006 4769 3166 4825 quem
3217 4754 3273 4809 in
3313 4754 3502 4809 animo

1934 4858 2246 4924 proponunt
2289 4865 2538 4920 scopum,
2589 4848 2742 4903 aiunt
2777 4865 2790 4901 :
2837 4846 3013 4902 Venite
3048 4855 3098 4901 et
3123 4845 3497 4916 disperdamus

1933 4963 2021 5001 eos
2050 4947 2114 5000 de
2153 4954 2320 5017 gente,
2358 4955 2406 4998 et
2438 4959 2544 4999 non
2575 4950 2891 4996 moretur
2913 4957 3100 4994 nomen
3126 4938 3301 4994 Israel
3324 4939 3495 4995 ultra.

1933 5037 2144 5092 Inimici
2180 5038 2364 5107 itaque
2391 5035 2486 5091 Dei
2528 5034 2786 5105 populum
2815 5031 2909 5089 Dei
2940 5033 2995 5087 in
3027 5032 3339 5087 hominibus
3359 5047 3494 5086 con-

1933 5131 2128 5186 sistere
2181 5129 2374 5184 nolunt
2411 5146 2424 5183 :
2463 5127 2595 5198 quin
2621 5127 2784 5181 etiam
2813 5125 3034 5182 lsraelis
3069 5140 3268 5182 nomen
3312 5125 3499 5181 delere

1932 5229 2208 5293 satagunt.
2241 5220 2390 5276 Deus
2407 5234 2539 5276 vero
2563 5225 2688 5290 post
2717 5219 2918 5290 prioris
2947 5218 3132 5289 populi
3161 5219 3373 5272 ruinam
3397 5229 3492 5285 po-

1929 5314 2116 5386 pulum
2168 5313 2270 5370 sibi
2311 5327 2526 5383 semper
2559 5311 2615 5366 in
2663 5320 2808 5368 terra
2854 5325 3073 5382 parans,
3125 5325 3191 5365 ex
3237 5306 3490 5378 gentibus

1929 5401 2226 5457 Ecclesiam
2263 5400 2574 5466 constituit,
2619 5415 2814 5456 novam
2846 5412 3216 5470 nuperamque
3247 5400 3485 5466 gentem,

1929 5509 1994 5549 ex
2034 5491 2287 5565 gentibus
2318 5505 2414 5562 per
2444 5498 2618 5546 totum
2651 5491 2838 5547 orbem
2877 5489 3151 5559 selectam.
3186 5484 3395 5540 idcirco
3429 5486 3490 5537 et
