3988 6204
527 200 637 255 395

1200 197 1468 256 EL'SEBII
1501 195 1978 253 CAISARIENSIS
2015 195 2164 253 OPP.
2208 195 2405 253 PARS.
2449 195 2621 254 lll.—
2658 197 3059 255 EXEGETICA.

3667 202 3776 257 996

534 319 752 376 lsraelis
791 334 1014 384 nomen,
1053 326 1109 375 et
1139 319 1386 374 omnium
1423 317 1806 389 religiosorum
1848 318 2089 373 virorum

2207 316 2552 388 Ἐκκλησίαν,
2595 319 2690 372 καὶ
2725 319 2787 372 τὸ
2828 319 3010 372 καινὸν
3039 319 3133 373 καὶ
3179 319 3302 373 νέον
3344 318 3518 386 ἔθνος.
3550 321 3614 375 τδ
3643 323 3774 376 καθ’

532 411 795 466 memoria
835 411 1009 481 magis
1052 411 1336 482 magisque
1369 411 1696 476 celebratur,
1734 419 1788 465 et
1835 410 1938 479 piae
1965 409 2097 465 reli-

531 501 710 570 gionis
731 509 888 570 gesta
919 502 1288 572 resplendent.

2201 411 2328 482 ὅλης
2359 412 2456 483 τῆς
2483 412 2805 482 οἰκουμένης
2831 414 2896 465 ὲκ
2921 412 3019 482 τῆς
3044 411 3150 464 τῶν
3183 411 3350 466 ἐθνῶν
3381 412 3612 484 ἐκλογῆς
3636 413 3778 467 ὑπο-

2207 503 2354 556 στάν.
2402 503 2493 556 Διὸ
2539 503 2798 574 μειζόνως
2840 504 2934 557 καὶ
2977 503 3036 555 τὸ
3075 503 3243 574 ϐνομα
3275 502 3368 556 τοῦ
3408 505 3649 576 Ἰσραὴλ,
3679 507 3776 558 καὶ

531 592 748 644 πάντων
778 591 886 643 τῶν
914 591 1174 663 θεοφιλῶν
1202 591 1409 664 ἀνδρῶν
1447 592 1482 663 ὴ
1526 594 1714 665 μνήμη
1757 592 2100 662 ἁνυμνείται,
2125 590 2194 644 τά
2223 609 2282 644 τε
2305 591 2406 662 τῆς
2439 591 2749 657 θεοσεϐείας
2775 591 3172 664 κατορθώματα
3195 591 3506 662 διαλάμπει.

598 702 764 758 Vsus.
799 703 852 768 6,
885 705 937 769 8,
964 706 1018 760 9.
1061 705 1324 772 Quoniam
1367 704 1728 774 cogitaverunt
1770 705 2095 758 unanimiter

529 796 689 849 simul
715 811 732 848 :
759 795 1035 850 adversum
1065 807 1114 852 te
1137 806 1504 851 testamentum
1529 795 1896 864 disposuerunt
1920 796 2094 850 taber-

528 888 724 941 nacula
754 887 1136 954 ldumazarum,
1165 900 1213 944 et
1241 888 1552 952 Ismaelitw,
1586 887 1745 942 Moab
1770 898 1819 943 et
1841 889 2093 960 Agareni,

529 977 696 1033 Gebal
737 989 785 1033 et
822 983 1046 1035 Ammon
1083 991 1133 1036 et
1168 982 1404 1046 Amalec,
1439 982 1746 1053 alienigena:
1789 998 1906 1035 cum
1939 981 2094 1034 habi-

528 1073 761 1126 tantibus
795 1072 1011 1143 Tyrum.
1049 1076 1256 1129 Etenim
1296 1075 1466 1130 Assur
1496 1076 1632 1130 venit
1660 1092 1778 1129 cum
1803 1075 1936 1137 illis,
1966 1075 2096 1145 facti

526 1170 650 1214 sunt
703 1162 757 1214 in
807 1162 1132 1231 adjutarium
1182 1164 1309 1234 ﬁliis
1359 1163 1478 1219 Lat.
1536 1163 1868 1232 Diapsalma.
1929 1163 2096 1230 Quasi

526 1250 698 1306 Deum
730 1254 976 1311 excitans
1003 1255 1333 1327 irritansque
1363 1255 1637 1328 Propheta
1668 1257 1723 1312 in
1756 1271 1854 1312 sua
1878 1271 1974 1326 pro
2003 1271 2094 1326 po-

524 1345 652 1423 pale
682 1347 1078 1423 supplicatione
1103 1349 1199 1419 ait,
1227 1349 1502 1408 adversum
1530 1359 1596 1406 te.
1631 1349 1750 1404 Non
1782 1349 1926 1405 enim
1961 1363 2093 1402 con-

526 1459 611 1502 tra
643 1447 924 1519 papulum,
960 1445 1158 1517 inquit,
1187 1445 1279 1501 sed
1313 1444 1602 1499 adversum
1633 1450 1710 1507 te,
1741 1448 1795 1496 et
1829 1441 2092 1496 adversus

525 1547 912 1594 testamentum
952 1547 1105 1592 tuum
1134 1536 1346 1592 inimici
1372 1536 1554 1607 populi
1578 1534 1655 1588 tui
1684 1533 2090 1588 machinantur.

528 1629 664 1684 llinc
699 1639 884 1684 narrat
911 1645 1033 1700 quas
1074 1630 1127 1684 in
1159 1629 1509 1701 Assyriorum
1555 1627 1855 1696 irruptione
1897 1632 2087 1680 contra

2271 703 2388 756 Ὅτι
2434 703 2873 758 ἐϐουλεύσαντο
2921 703 2990 756 ἐν
3035 704 3280 773 ὁμονοίᾳ
3329 703 3426 756 ἐπί
3475 705 3543 758 τὸ
3582 708 3768 760 αὐτό·

2200 795 2348 849 κατά
2391 794 2508 849 σοῦ
2539 794 2828 864 διαθήκην
2854 796 3116 851 διέθεντο
3147 795 3219 848 τὰ
3249 795 3608 865 σκηνώματα
3654 799 3773 853 τῶν

2209 887 2573 957 Ἰδουμαίων,
2624 887 2720 941 καὶ
2757 891 2810 942 οἱ
2870 887 3254 958 Ἰσμαηλῖται,
3314 888 3493 942 Μωὰϐ
3545 890 3646 942 καὶ
3712 893 3772 944 οι

2206 979 2527 1048 Ἆγαρηνοί,
2558 981 2753 1035 Γεϐὰλ
2803 981 2900 1034 καὶ
2942 980 3166 1050 Ἀμμὼν
3199 981 3297 1035 καὶ
3341 982 3617 1051 Ἀμιαὴκ,
3660 985 3772 1038 ἀλ-

2193 1071 2453 1139 λόφυλοι
2478 1071 2628 1141 μετὰ
2659 1071 2776 1125 τῶν
2803 1073 3236 1127 κατοικούντων
3277 1075 3477 1141 Τύρον,
3516 1076 3628 1128 Καὶ
3658 1077 3772 1145 γὰρ

2195 1163 2294 1216 καί
2340 1163 2590 1232 Ἀσσοὺρ
2627 1164 3107 1234 συμπαρεγένετο
3146 1165 3270 1232 μετ’
3315 1163 3530 1229 αὐτῶν,
3558 1167 3773 1234 ἐγενή-

2197 1259 2394 1322 θησαν
2423 1257 2510 1321 εἰς
2549 1255 2876 1322 ἀντίληψιν
2900 1253 3024 1320 τοῖς
3054 1253 3206 1319 υἱοῖς
3246 1253 3392 1307 Λώτ.
3428 1253 3768 1324 Διάψαλμα.

2196 1347 2405 1419 Ὠσπερ
2436 1347 2715 1419 διεγείρων
2752 1347 2843 1400 καὶ
2871 1345 3185 1416 παροξύνων
3210 1346 3299 1398 τὸν
3327 1345 3456 1398 Θεὸν
3485 1348 3513 1399 ὁ
3547 1347 3772 1418 Προφή-

2193 1454 2293 1508 της
2321 1438 2380 1490 ὲν
2423 1439 2489 1507 τῇ
2533 1436 2778 1508 ἱκετηρία
2819 1439 2885 1507 τῇ
2931 1437 3070 1507 ὑπὲρ
3115 1435 3210 1489 τοῦ
3259 1435 3386 1489 λαοῦ
3435 1437 3634 1506 φάσκει
3681 1438 3766 1502 τὸ,

2196 1528 2344 1582 κατὰ
2364 1527 2501 1583 σοῦ.
2539 1529 2612 1581 Ού
2647 1529 2754 1599 γάρ
2786 1528 2924 1581 κατά
2951 1527 3044 1580 τοῦ
3065 1527 3216 1592 λαοῦ,
3252 1528 3434 1599 φησὶν,
3457 1527 3591 1581 ἀλλὰ
3622 1530 3767 1582 κατὰ

2198 1619 2290 1673 σοῦ
2329 1622 2423 1674 καὶ
2454 1622 2592 1674 κατὰ
2627 1622 2724 1692 τῆς
2759 1622 2856 1691 σῆς
2883 1621 3143 1693 διαθήκης
3171 1620 3562 1692 τετολμήκασιν
3588 1623 3638 1673 οἰ
3671 1619 3767 1673 τοῦ

523 1720 811 1776 Judaicum
841 1721 1099 1792 populum
1132 1729 1284 1792 gesta
1314 1727 1464 1776 sunt.
1503 1718 1567 1772 Et
1595 1718 1710 1773 haec
1735 1717 2087 1782 vaticinatur,

2195 1711 2321 1764 λαοῦ
2340 1729 2433 1765 σου
2451 1712 2713 1784 πολέμιοι.
2739 1709 2850 1766 Εἶθ’
2880 1712 3006 1784 ἑξῆς
3030 1713 3358 1786 διεξέρχεται
3388 1715 3456 1768 τὰ
3477 1719 3536 1769 ἐν
3558 1720 3626 1788 τῇ
3653 1716 3765 1769 τῶν

526 1822 818 1885 postquam
863 1816 1064 1885 quibus
1104 1813 1173 1870 de
1221 1813 1411 1869 causis
1458 1811 1709 1867 hostibus
1755 1809 1943 1864 traditi
1985 1810 2094 1864 sint

525 1913 898 1960 enarraverat.
937 1903 1073 1958 Nam
1107 1905 1163 1958 in
1210 1901 1535 1974 praecedenti
1567 1903 1778 1972 psalmo
1821 1901 2094 1972 principes

527 1996 711 2066 populi
760 1996 1092 2066 coarguebat
1139 1995 1368 2050 dicens:
1399 1992 1674 2064 Usquequo
1699 1993 1958 2064 judicatis
1999 1995 2096 2048 ini-

525 2088 816 2154 quitatem:
855 2102 920 2140 ac
965 2101 1208 2146 rursum,
1257 2083 1593 2150 Nescierunt,
1621 2101 1781 2155 neque
1822 2085 2094 2140 intellexe-

525 2187 670 2243 runt,
700 2181 755 2232 in
788 2176 1009 2232 tenebris
1038 2176 1330 2231 ambulant.
1370 2177 1429 2232 in
1465 2177 1734 2248 superiori
1767 2192 1897 2233 vero
1925 2185 2093 2231 totam

525 2278 738 2340 gentem
784 2272 1078 2326 accusabat
1119 2271 1350 2328 dicens:
1383 2271 1448 2326 Et
1493 2289 1597 2326 non
1631 2272 1832 2326 audivit
1872 2273 2093 2342 populus

527 2378 671 2416 meus
694 2379 864 2416 vocem
896 2379 1087 2427 meam,
1121 2373 1169 2418 et
1195 2362 1369 2419 Israel
1395 2382 1500 2420 non
1531 2363 1759 2419 intendit
1788 2365 1938 2421 mihi.
1981 2363 2091 2420 Sed

524 2452 690 2508 etiam
720 2453 774 2506 in
806 2468 990 2507 Lxxvu
1027 2452 1330 2509 facinorum
1357 2454 1599 2524 ipsorum
1633 2441 1852 2525 longum
1883 2455 2090 2511 catalo-

523 2558 650 2612 gum
681 2544 873 2597 texuit.
903 2542 1314 2613 Consequenter
1344 2543 1510 2614 igitur
1541 2560 1662 2614 quae
1689 2544 1950 2600 diuturno
1968 2553 2094 2616 post

525 2647 772 2706 tempore
815 2636 950 2706 ipsis
995 2637 1348 2707 contigerunt
1379 2637 1450 2692 oh
1483 2637 1678 2693 allatas
1716 2653 1912 2694 causas
1951 2637 2093 2694 vati-

523 2729 761 2784 cinatur.
829 2728 943 2784 Illic
1005 2737 1186 2784 autem
1247 2732 1415 2786 variis
1482 2732 1819 2802 temporibus
1879 2731 2092 2789 obsessi

525 2829 674 2884 sunt,
711 2822 945 2890 primum
996 2836 1026 2875 a
1060 2821 1410 2893 Babyloniis;
1449 2823 1691 2878 secundo
1724 2823 1794 2877 ab
1822 2821 2093 2877 Antiocho

482 2929 652 2984 rege
704 2911 906 2984 Syriaa;
969 2921 1247 2984 postremo
1313 2929 1343 2968 a
1407 2914 1668 2969 Romanis
1728 2921 1853 2984 post
1911 2923 2094 2985 patra-

526 3012 641 3058 tum
690 3004 745 3059 in
803 3003 1146 3060 Servatorem
1205 3013 1453 3061 nostrum
1515 3006 1716 3062 scelus.
1775 3003 2091 3076 Opportune

2207 1803 2502 1874 Ἀσσυρίων
2525 1804 2769 1858 ὲπιθὲσει
2791 1805 2931 1858 κατὰ
2945 1806 3212 1860 Ἰουδαίων
3229 1806 3414 1870 ἔθνους
3431 1809 3765 1879 πραχθέντα.

2194 1895 2302 1948 Kal
2347 1895 2519 1948 ταῦτα
2569 1895 2812 1961 θεσπίζει
2863 1896 3186 1968 προδιελθὼν
3211 1898 3309 1961 τὰς
3355 1899 3553 1963 αἰτίας,
3588 1901 3659 1953 δι’
3697 1901 3766 1964 ἃς

2191 1988 2303 2049 τοῖς
2346 1987 2626 2058 πολεμίοις
2665 1988 3056 2060 παρεδόθησαν.
3095 1989 3182 2043 Ἐν
3234 1990 3330 2060 μὲν
3371 1991 3477 2064 γάρ
3529 1991 3610 2063 τῷ
3660 1993 3764 2065 πρὸ

2192 2077 2379 2131 τούτου
2407 2079 2605 2150 ψαλμῷ
2630 2081 2756 2144 τοὺς
2781 2081 3042 2151 ἄρχοντας
3070 2082 3347 2153 ἀπήλεγχε
3378 2082 3471 2136 τοῦ
3497 2083 3627 2136 λαοῦ
3660 2087 3765 2155 φή-

2195 2187 2322 2234 σας’
2364 2172 2509 2237 Ἕως
2533 2172 2676 2225 πότε
2711 2173 2941 2240 κρίνετε
2976 2173 3248 2238 ἀδικίαν;
3279 2175 3372 2228 καὶ
3409 2175 3599 2229 πάλινο
3640 2179 3760 2230 Οὐκ

2191 2263 2484 2332 ἔγνωσαν,
2518 2263 2658 2318 οὐδὲ
2696 2265 2995 2334 συνῆκαν,
3025 2266 3094 2319 ἐν
3133 2268 3335 2320 σκότει
3377 2267 3761 2336 διαπορεύον-

2192 2373 2306 2410 ται.
2351 2358 2438 2410 Ἐν
2469 2357 2525 2410 δὲ
2557 2357 2634 2428 τῷ
2667 2358 2922 2429 ἀνωτέρω
2951 2359 3012 2411 τὸ
3055 2361 3160 2412 πᾶν
3187 2359 3458 2415 διέϐαλλεν
3495 2361 3648 2426 ἔθνος
3685 2365 3763 2416 εἰ·

2193 2446 2347 2501 πώνο
2381 2448 2490 2502 Καὶ
2531 2449 2644 2502 οὐκ
2685 2448 2952 2517 ἤκουσεν
2998 2453 3030 2503 ὁ
3079 2453 3228 2516 λαός
3268 2470 3387 2521 μου
3427 2451 3534 2520 τῆς
3562 2453 3764 2523 φωνῆς

2187 2557 2329 2609 μου,
2364 2540 2462 2593 καί
2510 2538 2746 2608 Ἰσραὴλ
2791 2541 2862 2594 οὐ
2888 2539 3193 2610 προσέσχε
3233 2559 3352 2610 μοι.
3393 2543 3554 2596 Ἀλλὰ
3586 2546 3680 2598 καὶ
3707 2547 3762 2598 ὲν

2191 2631 2268 2702 τῷ
2296 2630 2370 2695 οῖ’
2398 2629 2604 2702 μακρὸν
2625 2631 2920 2701 κατάλογον
2943 2631 3051 2686 τῶν
3077 2635 3556 2706 παρανομημάτων
3585 2637 3764 2691 αὐτῶν

2191 2721 2483 2794 διεξῆλθεν.
2523 2721 2853 2787 Ἀκολούθως
2894 2717 2987 2776 οὖν
3035 2723 3106 2776 τὰ
3152 2724 3533 2794 συμϐεϐηκότα
3576 2727 3763 2790 αὐτοῖς

2196 2816 2420 2887 μακροῖς
2453 2813 2675 2887 ὕστερον
2703 2806 2913 2886 χρόνοις
2937 2815 3024 2868 διὰ
3048 2815 3146 2880 τὰς
3177 2816 3561 2888 προλεχθείσας
3584 2819 3763 2883 αἰτίας

2193 2904 2540 2980 προφητεύει.
2573 2907 2680 2960 Kal
2704 2909 2817 2961 ἐκεῖ
2855 2908 2996 2962 κατὰ
3022 2909 3311 2980 διαφόρους
3339 2908 3562 2981 χρόνους
3590 2929 3763 2964 πεποο

2192 2999 2534 3069 λιόρκηνται’
2584 2998 2843 3070 πρότερον
2887 2999 2984 3070 μὲν
3028 3000 3133 3053 ὑπὸ
3171 2999 3546 3066 Βαϐυλωνίων,
3581 3002 3763 3056 δεύτε-

525 3109 592 3148 ex
623 3091 859 3164 Spiritus
896 3095 1236 3165 praescientia
1282 3103 1394 3152 tres
1421 3095 1543 3152 illas
1586 3068 1904 3152 obsidiones
1943 3097 2085 3152 idem

2197 3111 2285 3164 ρον
2312 3068 2375 3146 δὲί
2405 3093 2494 3146 ὑπ’
2534 3068 2802 3162 Ἀντιόχου
2847 3068 2941 3144 τοῦ
2975 3093 3074 3162 τῆς
3113 3093 3311 3163 Συρίας
3345 3092 3630 3163 βασιλέως,
3668 3095 3762 3148 καὶ

530 3183 790 3254 propheta
827 3184 1206 3254 praenuntiat:
1250 3199 1376 3238 nam
1435 3184 1490 3238 in
1546 3199 1698 3239 um
1753 3191 2085 3255 postremam

527 3274 834 3344 signiﬁcat,
887 3283 948 3328 ut
987 3276 1220 3345 propriis
1253 3275 1308 3329 in
1351 3273 1485 3330 locis
1537 3273 1981 3340 declaravimus;
2025 3275 2082 3328 in

526 3379 731 3418 Lxxvnt
760 3405 775 3430 ,
819 3380 938 3421 eam
984 3380 1106 3436 quae
1147 3367 1250 3420 sub
1301 3365 1571 3420 Antiocho
1631 3364 1771 3436 Syro
1821 3365 2083 3436 contigit,

527 3455 606 3509 uti
637 3463 1124 3511 commonstratum
1139 3465 1224 3512 est
1245 3475 1260 3523 ;
1283 3455 1338 3510 in
1362 3455 1612 3525 praesenti
1647 3463 1826 3511 autem
1854 3455 2086 3526 primam

527 3545 808 3608 meminit,
835 3545 1045 3601 scilicet
1075 3546 1424 3617 Assyriorum
1446 3585 1461 3610 ,
1497 3560 1660 3616 quam
1709 3549 1874 3600 etiam
1918 3559 2086 3600 LXXII

524 3634 858 3691 vaticinatus
912 3646 1030 3700 est,
1086 3637 1258 3692 vinea:
1308 3637 1620 3692 incendium
1667 3644 1724 3692 et
1773 3639 2086 3694 vastitatem

525 3724 862 3796 signiﬁcans.
900 3725 978 3781 Ex
1009 3728 1238 3783 historia
1284 3728 1450 3799 igitur
1479 3728 1651 3784 edisci
1697 3736 1912 3798 potest,
1955 3737 2088 3799 quot

527 3823 716 3886 gentes
757 3816 812 3870 in
855 3832 1024 3870 unum
1053 3825 1244 3873 contra
1273 3816 1562 3872 Judaicum
1594 3819 1853 3888 populum
1884 3827 2088 3873 coacta:

529 3907 642 3960 sint
667 3907 722 3960 in
749 3907 922 3976 prima
949 3907 1294 3979 Assyriorum
1321 3910 1626 3980 irruptione
1644 3949 1659 3974 ,
1683 3925 1820 3979 quas
1848 3926 2087 3980 pmsens

530 3998 816 4066 prophetia
840 4010 1089 4054 recenset
1113 4017 1127 4053 :
1153 4015 1274 4069 quae
1299 4001 1508 4070 primos
1530 4009 1780 4054 numerat
1801 4001 2085 4068 Idumaeos,

528 4088 727 4144 deinde
755 4087 1058 4146 lsmaelitas
1077 4129 1092 4154 ,
1119 4092 1282 4146 tertio
1312 4091 1578 4146 Moabitas
1598 4131 1613 4154 ,
1649 4101 1846 4161 quarto
1878 4092 2086 4162 Agare-

529 4193 631 4234 nos
653 4219 669 4244 ,
695 4181 823 4234 hinc
844 4178 1147 4236 Gebaleuos
1172 4189 1226 4236 et
1249 4183 1591 4238 Ammonitas
1611 4222 1626 4248 ,
1655 4191 1710 4238 et
1735 4183 2082 4240 Amalecitas.

526 4267 728 4324 Praeter
753 4269 853 4324 hos
869 4277 1049 4324 autem
1072 4269 1225 4334 dicit,
1242 4269 1559 4339 Alienigena:
1585 4287 1704 4324 cum
1729 4272 2086 4327 habitantibus

529 4359 749 4431 Tyrum.
774 4359 882 4414 Pro
911 4360 1006 4414 illo
1028 4372 1208 4416 autem
1231 4401 1246 4425 ,
1266 4363 1574 4432 alienigenis
1589 4401 1605 4430 ,
1628 4363 1826 4434 Aquila
1848 4371 1903 4418 et
1929 4362 2087 4436 Sym-

528 4452 777 4516 machus,
815 4452 1162 4523 Phylistwam
1193 4455 1492 4510 ediderunt.
1532 4455 1645 4511 Hoc
1677 4471 1842 4527 porro
1871 4459 2089 4512 nomine

527 4542 787 4612 appellari
827 4544 1008 4598 solent
1034 4544 1128 4614 qui
1163 4543 1402 4609 Gazam,
1449 4546 1776 4603 Ascalonem
1825 4556 1880 4604 et
1926 4549 2088 4604 mari-

525 4632 713 4686 timam
755 4633 1020 4688 incolunt.
1056 4634 1124 4689 Hi
1149 4635 1332 4706 itaque
1359 4637 1617 4692 maritimi
1663 4639 1919 4710 allophyli
1961 4656 2085 4695 cum

528 4719 902 4778 habitantibus
923 4722 1127 4794 Tyrum
1157 4723 1436 4780 irruerunt
1457 4764 1473 4790 ,
1499 4725 1710 4795 inquit,
1741 4727 1795 4781 in
1827 4729 2083 4798 populum

528 4815 724 4877 tuum;
758 4820 812 4867 et
837 4821 1032 4881 praeter
1061 4813 1161 4870 hos
1189 4831 1380 4872 omnes
1421 4815 1717 4888 Assyrius,
1761 4820 1910 4888 quod
1951 4835 2085 4875 sane

528 4909 692 4972 caput
714 4904 977 4958 malorum
1007 4911 1125 4971 est,
1156 4921 1279 4961 cum
1307 4907 1376 4962 iis
1408 4906 1668 4976 impetum
1693 4908 1922 4974 faciens,
1947 4911 2082 4966 illis-

527 5007 634 5062 que
665 4994 1128 5051 commilitonibus
1159 5014 1292 5054 usus
1315 5007 1498 5053 castra
1525 4999 1747 5070 posuit:
1782 5015 2084 5073 omnesque

529 5080 772 5154 praadicti
805 5085 968 5139 simul
1007 5085 1139 5154 facti
1185 5100 1304 5143 sunt
1333 5090 1387 5144 in
1424 5090 1755 5161 adjutarium
1795 5093 1924 5162 [iliis
1957 5093 2079 5148 Lat.

525 5171 632 5226 Pro
657 5187 768 5242 quo
819 5173 1047 5244 Aquila,
1108 5177 1266 5232 Facti
1297 5190 1450 5246 sunt,
1481 5182 1686 5252 inquit,
1715 5182 1988 5240 brachium
2015 5186 2082 5256 ﬁ-

527 5265 613 5318 liis
649 5262 789 5330 Lat;
820 5265 1180 5337 Symmachus
1205 5286 1364 5338 vero,
1409 5271 1566 5328 Facti
1606 5283 1728 5330 sunt
1765 5278 2084 5333 commilito-

526 5367 616 5407 nes
645 5352 773 5422 ﬁliis
805 5351 924 5408 Lat.
971 5353 1095 5436 Filii
1137 5367 1316 5414 autem
1360 5359 1462 5416 Lot
1492 5369 1649 5419 erant
1674 5362 1998 5423 Ammanitae
2028 5375 2083 5424 et

601 5598 646 5632 ⁸⁸
680 5595 826 5659 PSal.
861 5616 1022 5673 uxr,
1059 5604 1144 5661 i2.

2191 3186 2252 3240 τὸ
2299 3187 2514 3240 πάντων
2565 3183 2791 3238 ὕστατον
2825 3185 2929 3237 ὑπὸ
2966 3185 3250 3256 Ῥωμαίων
3305 3187 3442 3257 μετὰ
3483 3188 3582 3259 τὴν
3621 3188 3765 3241 κατὰ

2191 3275 2284 3329 τοῦ
2335 3276 2584 3348 Σωτῆρος
2615 3274 2774 3346 ἡμῶν
2811 3275 3034 3345 τόλμαν.
3071 3275 3309 3339 Εἰκότως
3353 3279 3416 3346 τῇ
3455 3277 3761 3347 προγνώσει

2189 3367 2283 3420 τοῦ
2335 3366 2648 3438 Πνεύματος
2697 3364 2796 3429 τὰς
2847 3368 2993 3436 τρεῖς
3032 3365 3235 3429 ταύτας
3277 3366 3305 3418 ὁ
3350 3367 3510 3429 αὐτὸς
3541 3369 3760 3439 προφή-

2189 3474 2289 3528 της
2337 3459 2716 3528 προαναφωνεῖ
2760 3455 3068 3527 πολιορκίας
3090 3474 3103 3486 ·
3154 3458 3211 3509 ὲν
3268 3459 3364 3528 μὲν
3413 3458 3490 3529 τῷ
3533 3465 3613 3527 of
3659 3458 3764 3529 τὴν

2192 3547 2428 3618 ὑστάτην
2480 3549 2779 3619 σημαίνων,
2838 3548 2912 3611 ώς
2954 3548 3096 3602 κατὰ
3122 3549 3248 3613 τοὺς
3299 3550 3528 3612 οἰκείους
3556 3550 3761 3614 τόπους

2191 3639 2617 3710 παρεστήκαμεν
2640 3655 2654 3668 ο
2695 3640 2752 3690 ὲν
2779 3637 2836 3692 δὲ
2857 3638 2934 3709 τῷ
2962 3645 3040 3709 οη⁹
3079 3639 3178 3710 τὴν
3225 3641 3318 3692 ἐπὶ
3357 3641 3613 3710 Ἀντιόχου
3655 3641 3762 3694 τοῦ

2191 3730 2384 3801 Σύρου,
2431 3727 2614 3793 καθὼς
2662 3729 3036 3783 ἀποδέδεικται
3058 3746 3073 3760 ⁸
3101 3732 3159 3783 ὲν
3198 3731 3255 3784 δὲ
3282 3731 3360 3802 τῷ
3395 3731 3526 3800 μετὰ
3562 3735 3763 3802 χεῖρας

2189 3823 2289 3893 τῆς
2322 3821 2542 3894 πρώτης
2586 3821 2876 3893 μέμνηται,
2927 3822 3068 3892 λέγω
3098 3822 3154 3875 δὲ
3187 3823 3286 3894 τῆς
3335 3823 3656 3896 Ἀσσυρίων,
3693 3827 3762 3897 ἢν

2192 3912 2284 3965 καὶ
2310 3912 2339 3963 ό
2383 3911 2457 3965 οθ⁹
2507 3904 2782 3979 ἐθέσπισε,
2810 3914 2901 3968 τὸν
2951 3915 3277 3986 ἐμπρησμὸν
3311 3914 3406 3968 τοῦ
3439 3917 3764 3986 ἀμπελῶνος

2192 4001 2285 4055 καὶ
2303 4001 2398 4072 τὴν
2425 4003 2655 4074 ἐρημίαν
2684 4005 2846 4057 αὑτοῦ
2872 4008 3139 4078 σημήνας.
3173 4007 3326 4059 Ἔστι
3346 4007 3389 4059 δ’
3409 4003 3504 4060 οὖν
3535 4010 3628 4061 καὶ
3655 4009 3761 4062 ἀπὸ

2190 4092 2288 4163 τῆς
2341 4093 2580 4164 ἱστορίας
2634 4095 2842 4165 μαθεῖν,
2897 4097 2997 4151 ὅσα
3041 4098 3184 4153 κατὰ
3223 4098 3284 4152 τὸ
3326 4099 3460 4152 αὐτὸ
3500 4099 3761 4170 συνῆλθον

2191 4183 2318 4255 ἔθνη
2347 4184 2488 4238 κατὰ
2510 4185 2604 4239 τοῦ
2639 4188 2904 4242 Ἰουδαίων
2929 4189 3057 4243 λαοῦ
3090 4192 3147 4244 ὲν
3170 4195 3232 4262 τῇ
3264 4190 3451 4263 πρώτῃ
3486 4193 3596 4246 τῶν
3640 4194 3758 4246 Ἀσ-

2194 4277 2391 4345 συρίων
2419 4278 2677 4342 ὲπιθέσει,
2701 4279 2738 4332 ὃ,
2775 4280 2868 4334 καὶ
2895 4282 2927 4351 ἡ
2961 4281 3097 4353 μετὰ
3131 4286 3316 4354 χεῖρας
3338 4285 3758 4356 καταριθμεῖται

2194 4371 2524 4440 προφητείαο
2555 4369 2803 4442 πρώτους
2857 4373 3184 4445 Ἰδουμαίους
3243 4376 3604 4447 όνομάζουσα,
3641 4374 3758 4432 εἶτα

2205 4460 2567 4532 Ἰσμαηλίτας,
2602 4463 2694 4516 καλ⁸
2731 4465 2946 4535 τρίτους
2987 4467 3298 4530 Μωαϐίτας,
3334 4469 3426 4521 καὶ
3464 4470 3758 4540 τετάρτους

2205 4549 2553 4622 Ἀγαρηνοὺς,
2593 4549 2710 4606 εἶτα
2741 4553 3098 4626 Γεϐαληνοὺς,
3129 4559 3220 4612 καὶ
3265 4559 3631 4629 Ἀμμανίτας,
3666 4563 3758 4615 καὶ

2203 4639 2588 4714 Ἀμαληκίτας.
2621 4644 2730 4697 Kal
2773 4645 2865 4698 ἐπὶ
2910 4647 3136 4714 τούτοις,
3179 4650 3551 4719 Ἀλλόςουλοι,
3602 4655 3754 4723 φησὶ,

2186 4732 2336 4800 μετὰ
2354 4732 2474 4787 τῶν
2491 4736 2922 4790 κατοικούντων
2943 4739 3146 4805 Τύρον.
3178 4739 3324 4794 Ἀντὶ
3350 4741 3406 4794 δὲ
3428 4741 3549 4807 τοῦ,
3572 4744 3756 4798 aud-

2190 4827 2389 4890 φυλοι,
2420 4825 2646 4890 Ἀκύλας
2662 4826 2754 4879 καὶ
2769 4826 3081 4899 Σύμμαχος,
3109 4833 3496 4900 Φυλισταίαν,
3527 4834 3755 4888 ὲκδεδώ-

2191 4931 2373 4969 κασιν·
2400 4915 2518 4980 ἔθος
2569 4917 2626 4970 δὲ
2660 4917 2844 4972 καλεῖν
2895 4921 3070 4993 τούτῳ
3107 4922 3187 4993 τῷ
3228 4923 3451 4995 ὀνόματι
3500 4928 3629 4991 τοὺς
3656 4928 3753 4998 τὴν

2190 5003 2366 5069 Γάζαν
2391 5007 2484 5059 καὶ
2513 5006 2610 5078 τὴν
2669 5009 2982 5066 Ἀσκάλωνα
3008 5013 3100 5066 καὶ
3133 5013 3232 5084 τὴν
3271 5015 3510 5087 πάραλον
3543 5017 3752 5071 οἰκοῦν-

2189 5113 2306 5160 τας.
2335 5099 2444 5152 Kal
2488 5093 2632 5154 οὗτοι
2684 5101 2862 5155 τοίνυν
2906 5103 3100 5176 ἑφεξῆς
3132 5108 3180 5159 οἱ
3224 5108 3560 5178 παραλιῶται
3597 5111 3750 5164 me.

2190 5187 2343 5258 φυλοι
2377 5190 2513 5260 μετὰ
2543 5191 2652 5246 τῶν
2673 5193 3062 5248 κατοικούντων
3089 5197 3260 5270 Τύρον
3286 5199 3562 5267 ἐπέθεντο,
3596 5207 3748 5274 φησί.

2189 5279 2330 5334 κατὰ
2348 5281 2440 5336 τοῦ
2483 5283 2610 5338 λαοῦ
2659 5302 2751 5339 σου
2776 5303 2790 5316 °
2831 5288 2924 5341 καὶ
2969 5290 3060 5342 ἐπὶ
3093 5293 3259 5344 πᾶσιν
3284 5295 3312 5347 ὁ
3356 5295 3657 5367 Ἀσσύριος,
3690 5297 3749 5349 τὸ

2187 5371 2250 5442 δὴ
2283 5375 2572 5446 κεφάλαιον
2617 5377 2724 5433 τῶν
2780 5379 2986 5447 κακῶν,
3022 5382 3118 5436 σὺν
3149 5381 3358 5448 τούτοις
3403 5386 3746 5458 ὁρμώμενος,
