3996 6210
239 217 347 273 997

1369 215 1870 273 COMMENTARIA
1909 215 1977 271 IN
2015 215 2352 275 PSALMOS.

3365 217 3474 276 998

239 337 338 390 καὶ
393 334 601 398 τούτοις
663 335 968 405 συμμάχοις
1017 334 1315 406 χρώμενος,
1363 333 1460 404 τὴν
1503 333 1804 406 παράταξιν

1919 333 2156 390 Moabitae
2182 351 2194 386 :
2231 350 2356 389 nam
2388 333 2445 389 hi
2477 333 2587 389 duo
2616 332 2708 388 lilii
2736 333 2840 388 Lot
2867 331 3056 396 luere,
3085 331 3246 388 Moab
3269 340 3328 388 et
3351 335 3485 389 Ata-

240 427 538 496 ὲττοιήσατο
561 439 573 451 ·
627 425 760 494 όμοῦ
805 442 864 478 τε
895 425 1092 488 πάντες
1129 425 1178 477 οἱ
1217 423 1600 494 προλεχθέντες
1615 424 1816 494 ἐγενή-

240 522 443 584 θησαν
493 517 580 581 είς
628 515 956 583 ἀντίληψιν
999 514 1121 580 τοῖς
1147 513 1296 577 υἱοῖς
1332 513 1478 568 Λώτ.
1525 514 1666 567 Ἀνθ*
1689 509 1749 568 οῦ
1781 515 1811 566 6

245 608 346 677 μὲν
391 606 638 669 Ἀκύλας,
682 605 1011 674 Ἔπιένοντο,
1047 605 1198 676 φησὶ,
1223 605 1496 672 βραχίων
1526 604 1649 671 τοῖς
1662 605 1814 672 υἱοῖς

240 697 457 752 Λώτ·ό
506 697 563 750 δὲ
613 696 934 767 Σύμμαχος,
979 695 1280 766 Ἐγένοντο
1335 697 1638 766 σύμμαχοι
1689 697 1812 764 τοῖς

239 789 395 856 υἱοῖς
419 789 565 843 Λώτ.
596 789 715 842 Υἱοὶ
743 788 798 840 δὲ
831 787 954 841 Λὼτ
987 783 1124 859 ἦσαν
1170 789 1495 859 Ἀμμανῖται
1528 789 1622 840 καὶ
1648 789 1815 842 Μωα-

246 884 387 936 ϐῖται
407 899 420 912 ⁸
445 881 538 934 δύο
565 880 673 952 γὰρ
705 875 850 934 οὗτοι
889 881 1176 949 γεγόνασιν
1207 880 1312 932 υίοὶ
1335 879 1428 934 τοῦ
1461 878 1604 944 Λὼτ,
1639 881 1812 935 Μωὰϐ

245 975 340 1027 καὶ
405 971 648 1044 Ἀμμών.
708 971 891 1025 Ταῦτα
917 973 970 1025 δὲ
1008 973 1089 1025 ὄτι
1124 972 1259 1043 μηδὲ
1296 971 1482 1025 ἄλλοτε
1512 971 1815 1043 ἐπληροῦτο

245 1066 276 1138 ἢ
335 1065 480 1122 κατὰ
532 1066 659 1128 τοὺς
708 1064 1005 1136 Ἀσσυρίων
1039 1066 1280 1138 χρόνους,
1318 1065 1506 1135 σαφῶς
1540 1066 1574 1136 ἡ
1605 1064 1815 1136 ἱστορία

245 1159 559 1230 παρίστησι.
595 1159 666 1212 Τὸ
695 1157 991 1230 τηνικαῦτα
1023 1158 1132 1228 γὰρ
1165 1159 1340 1213 πάντα
1370 1161 1437 1213 τὰ
1465 1161 1528 1212 ὲκ
1558 1157 1815 1226 γειτόνων

242 1251 370 1322 ἔθνη
399 1251 822 1322 διαφθονούμενα
853 1253 919 1322 τῇ
963 1251 1315 1325 Ἰερουσαλὴμ
1355 1249 1551 1320 καὶτῷ
1585 1251 1643 1303 ὲν
1679 1250 1813 1321 αὐτῇ

244 1344 613 1414 γεγραμμένῳ
643 1343 719 1414 (1)
751 1341 860 1412 ναῷ
889 1341 980 1395 τοῦ
1008 1341 1166 1408 Θεοῦ,
1186 1342 1423 1412 διψῶντα
1451 1358 1512 1393 τε
1539 1340 1638 1412 τὴν
1664 1339 1816 1394 ἀπώ-

1915 441 2063 481 mon.
2111 425 2235 481 Haec
2279 441 2443 496 porro
2482 441 2593 480 non
2637 426 2744 479 alio
2772 439 2936 495 quam
2964 425 3314 496 Assyrion
3343 435 3484 482 tem-

1913 533 2045 588 pore
2067 528 2218 588 gesta
2248 517 2417 572 fuisse
2445 527 2630 588 aperte
2655 526 2842 572 narrat
2872 516 3125 573 historia.
3154 517 3254 572 Illo
3283 518 3485 590 quippe

1911 625 2027 664 sevo
2059 625 2248 664 omnes
2281 608 2495 663 ﬁnitimi
2525 609 2712 680 populi
2738 609 3126 680 Hierosolyma:
3157 617 3212 666 et
3241 609 3314 673 ei,
3339 615 3484 680 quod

1915 699 1970 753 in
2002 697 2282 768 Scriptura
2309 698 2501 763 fertur,
2529 697 2730 767 templo
2758 697 2852 752 Dei
2878 698 3004 754 istic
3027 700 3206 770 posito
3229 698 3484 756 inviden-

1915 797 2031 853 tes,
2061 788 2468 859 perniciemque
2506 789 2675 842 totius
2704 785 2944 842 Judaicae
2982 789 3158 859 gentis
3203 790 3482 856 sitientes,

1916 895 2023 933 una
2051 879 2329 933 irruerunt
2355 885 2546 932 contra
2579 879 2701 932 illos
2721 917 2736 940 ,
2771 877 3194 948 Babyloniorum
3228 882 3486 948 potentia:

1917 979 1972 1027 et
2001 971 2324 1027 commilitio
2355 970 2642 1041 adscripti.
2681 969 2835 1025 Tunc
2873 972 3054 1026 multa:
3093 971 3360 1026 adversus
3387 986 3485 1026 eos

1919 1072 2109 1134 gentes
2143 1063 2382 1133 Assyriis
2419 1063 2746 1117 auxiliantes
2784 1069 2991 1116 coactae
3021 1071 3168 1118 sunt.
3203 1063 3273 1116 At
3306 1078 3487 1132 neque

1919 1156 2188 1210 Antiocho
2223 1172 2400 1227 neque
2433 1154 2726 1219 Romanis,
2764 1155 2818 1208 in
2853 1163 3128 1224 postrema
3161 1154 3480 1220 obsidione,

1919 1255 2107 1317 gentes
2155 1247 2308 1316 prius
2362 1255 2724 1311 enumerata,
2765 1249 2819 1302 in
2855 1248 2996 1302 bello
3037 1255 3228 1302 contra
3265 1245 3485 1302 Judaeos

1919 1338 2109 1401 initio,
2147 1353 2303 1407 opem
2336 1337 2527 1392 tulisse
2556 1337 2828 1394 videntur.

243 1446 394 1498 λείαν
407 1436 499 1490 τοῦ
529 1438 727 1502 παντὸς
762 1438 1026 1491 Ἰουδαίων
1059 1437 1263 1502 ἔθνους,
1297 1436 1431 1509 ὁμοῦ
1465 1433 1556 1490 οὖν
1581 1436 1836 1489 ἐπέθεντο
1858 1436 1977 1488 κατ’
2013 1433 2189 1486 αὐτῶν
2220 1436 2286 1504 τῇ
2314 1433 2420 1485 τῶν
2439 1431 2792 1487 Βαϐυλωνίων
2854 1433 3138 1506 δυναστείᾳ
3195 1434 3488 1505 συμμαχή-

245 1550 437 1587 σαντα.
471 1531 606 1584 Τότε
647 1531 745 1601 μὲν
774 1527 866 1585 οὖν
897 1531 1065 1585 πολλὰ
1092 1531 1325 1602 συνῆκτο
1375 1532 1492 1585 κατ’
1523 1530 1702 1585 αὐτῶν
1725 1529 1795 1582 τὰ
1812 1532 1924 1592 τοῖς
1957 1528 2260 1599 Ἀσσυρίοις
2274 1525 2662 1598 συμμαχοῦντα
2692 1527 2838 1599 ἔθνη.
2866 1528 3002 1582 Οὔτε
3034 1528 3088 1582 δὲ
3117 1528 3256 1582 κατὰ
3288 1527 3488 1582 Ἀντίο-

240 1645 358 1698 χον,
383 1626 505 1680 οὔτε
528 1627 666 1681 κατὰ
696 1628 795 1699 τὴν
823 1626 1058 1698 ὑστάτην
1131 1627 1465 1698 πολιορκίαν,
1503 1625 1569 1680 τὰ
1630 1623 2192 1698 προκατηριθμημένα
2236 1622 2362 1694 ἔθνη
2394 1622 2638 1690 φαίνεται
2677 1625 3108 1694 συμμαχήσαντα
3177 1620 3484 1692 Ῥωμαίοις,

238 1721 480 1792 ὁπηνίκα
514 1722 604 1774 τὸν
645 1720 782 1793 πρὸς
823 1721 1107 1786 Ἰουδαίους
1132 1722 1523 1793 συνεστήσαντο
1555 1721 1810 1791 πόλεμον.

315 1841 580 1910 Ποίησον
603 1842 804 1909 αὐτοῖς
832 1844 914 1909 ὡς
939 1842 1015 1911 τῇ
1045 1841 1276 1898 Μαδιὰν
1302 1842 1400 1896 καί
1435 1843 1515 1908 τῷ
1545 1840 1772 1910 Σισάρᾳ
1791 1882 1806 1906 ,

1983 1834 2150 1890 Vens.
2195 1832 2384 1888 10-12.
2428 1829 2542 1884 Fac
2572 1831 2680 1884 illis
2719 1832 2854 1885 sicut
2896 1829 3121 1885 Medias:
3155 1841 3205 1886 et
3244 1833 3483 1898 Sisara',

238 1935 321 2001 ὡς
348 1933 425 2000 τῷ
467 1935 640 2004 Ἰαϐίμ
669 1936 737 1989 ἐν
761 1934 840 2001 τῷ
869 1935 1160 2005 χειμάῤῥῳ
1179 1935 1394 1992 Κισών.
1432 1935 1815 2002 Ἐξωλοθρεύ-

233 2027 445 2090 θησαν
468 2024 537 2077 ἐν·
567 2024 829 2094 Ἀενδὼρ,
859 2024 1233 2096 ἐγενήθησαν
1281 2025 1424 2079 ὡσεί
1476 2025 1696 2092 κόπρος
1741 2021 1816 2092 τῇ

239 2109 346 2179 τῇ.
377 2112 492 2166 Θοῦ
521 2113 660 2180 τοὺς
695 2114 989 2184 ἄρχοντας
1025 2113 1223 2170 αὐτῶν
1257 2115 1339 2182 ὡς
1369 2113 1476 2168 τόν
1511 2113 1687 2182 Ὦρὴϐ
1717 2113 1814 2166 καί

238 2201 374 2269 Ζὴϐ
429 2203 526 2257 καί
582 2204 754 2258 Ζεϐεέ
810 2205 909 2259 καὶ
956 2203 1268 2276 Σαλμωνεῖ.
1337 2205 1573 2259 Τοιαῦτα
1628 2203 1816 2258 θεσπί-

240 2292 332 2357 ζει
375 2294 622 2363 γενέσθαι
653 2297 764 2358 τοῖς
796 2295 1171 2366 προλεχθεῖσιν
1207 2296 1414 2351 ἔθνεσιν
1445 2299 1474 2350 6
1502 2297 1814 2367 Προφήτης,

237 2387 408 2440 ὁποῖα
451 2390 516 2458 τῇ
561 2387 785 2458 Μαδιαμ
838 2387 1034 2457 καὶτῷ
1065 2387 1293 2460 Σισάρα,
1327 2387 1421 2440 καὶ
1446 2386 1523 2457 τῷ
1557 2386 1733 2457 Ἰαϐὶμ
1757 2389 1817 2440 ὲν

237 2476 328 2548 τῷ
358 2478 640 2550 χειμάρρῳ
665 2479 848 2532 Κισὼν
880 2479 1076 2549 συνέϐη
1108 2479 1239 2534 ποτέ
1264 2497 1278 2512 ο
1304 2481 1498 2544 οἵτινες
1522 2477 1657 2550 ὁμοῦ
1684 2479 1819 2532 πάν-

238 2583 340 2630 τες
380 2567 848 2641 ὲξωλοθρεύθησαν
902 2571 959 2623 ἐν
1019 2569 1249 2642 Ἀενδὼρ
1274 2610 1290 2636 ,
1343 2571 1437 2626 καὶ
1483 2571 1818 2643 ἐγενήθησαν

240 2659 379 2712 ὡσεὶ
431 2661 630 2733 κόπρος
685 2665 750 2734 τῇ
773 2665 865 2734 γῇ.
902 2663 1062 2718 Ἀλλὰ
1099 2665 1349 2727 καὶτοὺς
1397 2664 1661 2736 ἄρχοντας
1711 2665 1818 2719 τῶν

239 2749 652 2823 προλεχθέντων
700 2751 867 2807 ἐθνῶν
901 2753 1124 2807 τοιαῦτα
1188 2754 1380 2809 ποθεῖν
1432 2753 1608 2820 ἀξιοῖ,
1658 2757 1817 2811 ὁποῖα

245 2839 581 2894 πεπόνθασιν
647 2841 811 2914 Ὠρήϐ
860 2842 953 2896 καὶ
991 2843 1102 2915 Ζὴϐ
1144 2843 1238 2898 καὶ
1281 2843 1443 2898 Ζεϐεὲ
1469 2844 1562 2898 καὶ
1594 2845 1820 2917 Σαλμω-

242 2933 366 2995 νᾶς.
398 2932 680 2987 Τούτωνδὲ
707 2934 922 2988 πάντων
955 2933 1054 3006 τὴν
1087 2934 1323 3007 ἱστορίαν
1365 2935 1618 3007 εὑρήσεις
1667 2938 1724 2990 ἐν
1751 2940 1816 3009 τῇ

241 3025 418 3097 βίϐλῳ
461 3027 765 3099 φερομένην
807 3026 914 3080 τῶν
975 3026 1212 3098 Κριτῶν·
1252 3026 1380 3081 ἔνθα
1404 3028 1499 3081 καὶ
1545 3031 1574 3082 6
1609 3029 1818 3101 Σισάρα

244 3119 345 3174 καί
363 3119 392 3171 6
425 3117 610 3182 Ἰαϐὶς,
641 3118 736 3172 καὶ
753 3119 802 3171 ol
828 3117 1002 3173 λοιποὶ
1019 3119 1518 3191 κατωνομασμένοι,
1535 3121 1707 3174 ὁπόσα
1723 3121 1818 3176 καὶ

1917 1929 2052 1983 sicut
2081 1925 2246 1979 Jabin
2271 1926 2326 1978 in
2356 1933 2586 1978 torrente
2626 1921 2809 1977 Cison.
2849 1923 3214 1991 Disperierunt
3251 1926 3307 1979 in
3346 1926 3488 1981 Αῐηο

1915 2021 2034 2086 dor,
2067 2019 2200 2090 facti
2225 2027 2345 2072 sunt
2378 2026 2436 2069 ut
2465 2027 2668 2071 stercus
2709 2024 2882 2070 terrae.
2918 2015 3064 2071 Pone
3101 2019 3360 2086 principes
3397 2037 3486 2074 eo-

1916 2130 2034 2167 rum
2064 2115 2200 2168 sicut
2234 2110 2368 2183 Oreb
2399 2119 2448 2163 et
2477 2107 2582 2162 Zeb
2613 2117 2662 2162 et
2689 2107 2849 2162 Zebee
2883 2118 2936 2162 et
2966 2109 3242 2164 Salmona.
3285 2109 3485 2167 Eadem

1916 2205 2232 2262 memoratis
2276 2203 2531 2273 gentibus
2587 2200 2770 2255 futura
2812 2201 3144 2255 vaticinatur
3180 2201 3484 2272 Propheta,

1916 2314 2038 2370 qua:
2075 2297 2205 2352 olim
2246 2294 2460 2350 Madian
2490 2333 2506 2358 ,
2549 2291 2753 2348 Sisarze
2779 2331 2794 2356 ,
2835 2299 2889 2348 et
2925 2291 3103 2347 labim
3145 2293 3198 2348 in
3241 2301 3488 2350 torrente

1916 2387 2084 2442 Cison
2136 2385 2534 2453 contigerunt:
2597 2384 2693 2454 qui
2752 2398 2944 2438 omnes
2996 2384 3365 2454 disperierunt
3428 2388 3486 2442 in

1917 2476 2157 2541 JEndor,
2199 2484 2255 2530 et
2303 2475 2434 2530 lacti
2478 2484 2605 2530 sunt
2651 2482 2712 2529 ut
2760 2485 2975 2530 stercus
3017 2483 3197 2531 terra.
3249 2477 3331 2532 Ad
3373 2478 3490 2534 haec

1917 2570 2080 2626 etiam
2134 2568 2414 2639 principes
2465 2567 2852 2638 praedictorum
2916 2568 3242 2636 populorum
3296 2571 3488 2624 eadem

1918 2660 2126 2731 perpeti
2174 2666 2369 2730 rogat,
2406 2675 2527 2729 qua:
2564 2656 2708 2712 Oreb
2750 2667 2803 2711 et
2845 2656 2955 2712 Zeb
2994 2665 3049 2712 et
3079 2657 3254 2714 Zebee
3285 2666 3338 2714 et
3369 2657 3488 2714 Salo

1918 2767 2132 2808 monas.
2174 2750 2379 2807 Horum
2421 2765 2585 2822 porro
2628 2750 2871 2806 omnium
2911 2749 3196 2804 historiam
3246 2751 3490 2820 reperias

1919 2842 1975 2896 in
2009 2841 2148 2896 libro
2181 2839 2468 2906 Judicum,
2513 2840 2605 2895 ubi
2643 2855 2764 2910 quae
2805 2837 2994 2894 Sisara
3032 2846 3086 2900 et
3122 2837 3282 2894 labin
3321 2850 3490 2910 atque

1919 2933 2048 2999 alii,
2078 2933 2173 3005 qui
2203 2947 2370 3004 supra
2398 2939 2778 2999 recensentur,
2807 2937 2996 2985 contra
3029 2928 3282 2988 Israelem
3312 2929 3487 2984 moliti

1920 3031 2085 3088 sunt,
2113 3035 2314 3095 etquae
2345 3024 2507 3079 iidem
2538 3030 2670 3078 sunt
2699 3023 2984 3093 perpessi,
3015 3019 3300 3093 Scriptura
3329 3037 3489 3078 enar-

1918 3122 2006 3168 rat
2037 3115 2102 3170 η.
2155 3113 2232 3170 Eo
2272 3125 2452 3169 autem
2493 3114 2806 3176 mittemus,
2851 3112 2898 3167 si
2938 3127 3100 3183 quem
3138 3128 3203 3167 ea
3240 3113 3488 3169 ediscere

243 3211 374 3267 τίνα
413 3210 550 3264 κατὰ
594 3210 688 3264 τοῦ
742 3209 957 3283 Ἰσραὴλ
1006 3182 1438 3284 ἐμηχανήσαντο,
1503 3182 1596 3265 καὶ
1657 3213 1816 3266 όποῖα

1919 3203 2086 3259 libeat
2114 3219 2236 3274 qua;
2267 3205 2336 3259 ad
2377 3205 2526 3274 ipsos
2559 3205 2832 3260 attinent:
2864 3182 2990 3258 nam
3029 3219 3187 3274 aequo
3226 3205 3488 3275 prolixior

241 3301 658 3372 πεπόνθασιν,ή
695 3301 883 3374 Γραφὴ
917 3303 1262 3375 παρίστησιν.
1303 3304 1416 3374 Ἐφ’
1461 3303 1528 3374 ἢν
1573 3304 1818 3375 ἀναπέμ-

240 3391 438 3464 ψωμεν
463 3391 551 3444 τὸν
581 3390 900 3462 βουλόμενον
924 3391 993 3446 τὰ
1024 3393 1144 3447 κατ’
1170 3393 1364 3457 αὐτοὺς
1389 3392 1605 3456 εἰδέναι,
1638 3393 1728 3448 διὰ
1755 3393 1818 3448 τὸ

249 3484 596 3555 μακροτέραν
620 3479 755 3537 εἶναι
779 3485 877 3556 τὴν
910 3486 1039 3557 περὶ
1059 3483 1238 3538 αὐτῶν
1261 3483 1530 3556 διήγησιν.
1571 3485 1651 3538 Τὰ
1678 3485 1820 3540 αὐτὰ

248 3573 347 3625 σὺν
371 3571 596 3634 ἐκείνοις
623 3571 714 3624 καὶ
736 3571 956 3636 τούτους
983 3573 1208 3627 ἱκετεύει
1240 3572 1594 3639 παθεῖν,διότι
1622 3577 1818 3646 ὁμοίως

248 3663 474 3726 ἐκείνοις
506 3663 598 3716 καί⁷
629 3659 772 3718 οῦτοι
789 3666 1061 3736 εἰρήκασι,
1089 3665 1649 3736 Κληρονομήσωμεν
1685 3667 1820 3720 ἑαυ-

247 3753 371 3820 τοῖς
403 3753 471 3807 τὸ
511 3755 896 3825 ἀγιαστήριον
935 3757 1040 3811 τοῦ
1090 3758 1257 3812 Θεοῦ.
1290 3758 1512 3828 Ἔλεγον
1561 3758 1617 3812 δὲ
1649 3758 1820 3812 ταῦτα

246 3845 345 3898 καὶ
371 3847 420 3897 οἱ
456 3846 583 3918 περὶ
612 3845 702 3899 τὸν
728 3847 952 3918 Σισάρα,
974 3848 1266 3915 καὶἸαϐὶς,
1294 3849 1348 3902 οῖ
1375 3866 1432 3902 τε
1455 3848 1651 3913 λοιποὶ,
1668 3847 1760 3912 οὓς
1791 3849 1820 3901 ό

243 3934 403 4008 λόγος
424 3939 565 3992 κατὰ
583 3939 726 4004 λέξιν
756 3940 856 4011 (Ξ),
887 3941 1013 4013 περὶ
1038 3941 1138 4012 τῆς
1166 3944 1370 4014 σκηνῆς
1405 3944 1499 3997 καὶ
1531 3943 1628 4014 τῆς
1652 3942 1818 3996 κιϐω-

248 4029 345 4083 τοῦ
360 4029 456 4084 τοῦ
473 4030 627 4084 Θεοῦ.
653 4031 724 4084 Τὸ
740 4031 848 4103 γὰρ
877 4032 1226 4105 ἁγιαστήριον
1245 4032 1339 4087 τοῦ
1381 4035 1515 4088 Θεοῦ
1536 4033 1706 4088 ταῦτα
1727 4029 1816 4104 ἦν,

249 4123 419 4194 μήπω
471 4123 570 4193 τῆς
631 4123 983 4196 Ἰερουσαλὴμ
1018 4124 1377 4196 συνεστώσης.
1428 4125 1731 4197 Ἐπηύξατο
1763 4125 1819 4179 δὲ

245 4212 424 4267 ταῦτα
445 4215 472 4266 6
501 4212 795 4284 Προφήτης
828 4214 968 4268 κατὰ
1000 4213 1107 4268 τῶν
1141 4214 1552 4287 δεδηλωμένων
1598 4211 1693 4268 εἶτ’
1721 4215 1819 4268 ούκ

249 4306 331 4367 είς
362 4305 570 4376 μακρὸν
621 4304 921 4377 ἐπληροῦτο
971 4305 1039 4359 τὰ
1073 4309 1171 4376 τῆς
1214 4307 1399 4378 εὐχῆς.
1442 4307 1646 4361 Αὐτίκα
1689 4307 1818 4376 γοῦν

249 4397 590 4467 παραχρῆμα
621 4399 687 4467 τῇ
722 4397 860 4450 κατὰ
888 4396 994 4450 τῶν
1043 4397 1307 4452 Ἰουδαίων
1350 4398 1630 4471 πολιορκίᾳ
1661 4399 1754 4452 καὶ
1782 4401 1815 4471 ή

1919 3307 2108 3347 corum
2145 3293 2420 3348 enarratio
2458 3292 2618 3348 foret.
2658 3323 2729 3333 —
2763 3292 2928 3348 Vens.
2972 3294 3056 3348 15.
3083 3293 3282 3350 Eadem
3322 3309 3489 3366 porro

1917 3401 2040 3457 qua:
2071 3387 2185 3453 illi,
2223 3387 2359 3442 istos
2392 3387 2556 3443 etiam
2590 3386 2796 3457 perpeti
2829 3397 3018 3457 rogat,
3053 3387 3183 3458 quia
3213 3388 3403 3444 eodem
3433 3397 3490 3445 et

1919 3478 2007 3535 isti
2053 3478 2215 3533 modo
2256 3479 2555 3543 dixerunt,
2595 3479 2922 3534 [hereditate
2955 3479 3320 3549 possideamus
3363 3497 3491 3534 san-

1918 3572 2185 3625 ctuarium
2216 3569 2334 3626 Dei.
2367 3569 2461 3626 Illa
2494 3586 2624 3626 vero
2652 3570 2911 3627 dicebant
2947 3570 3168 3635 Sisara,
3197 3569 3360 3626 Jabin
3381 3613 3396 3638 ,
3433 3580 3489 3626 et

1919 3663 2116 3733 reliqui
2153 3662 2473 3717 nominatim
2507 3663 2769 3718 recensiti
2790 3702 2806 3727 ,
2850 3663 2917 3719 de
2963 3664 3314 3720 tabernaculo
3341 3673 3395 3721 et
3421 3667 3490 3722 de

1918 3772 2046 3811 arca
2079 3755 2172 3812 Dei
2200 3775 2213 3810 :
2248 3755 2360 3810 haec
2387 3755 2588 3826 quippe
2615 3762 2772 3810 erant
2798 3757 3172 3812 sanctuarium
3203 3757 3300 3814 Dei
3319 3798 3335 3824 ,
3362 3774 3488 3814 cum

1918 3852 2162 3907 nondum
2187 3850 2492 3908 Jerusalem
2508 3851 2856 3907 consisteret.
2883 3850 3008 3907 Haec
3026 3867 3191 3924 porro
3211 3852 3486 3924 Propheta

1918 3951 2170 4014 precatus
2216 3950 2300 3998 est
2353 3943 2616 3998 adversus
2659 3958 2754 3998 eos
2801 3942 2895 4014 qui
2945 3943 3200 4013 superius
3250 3943 3480 3998 indicati

1919 4041 2085 4088 sunt:
2122 4047 2222 4087 nec
2251 4031 2344 4086 diu
2377 4040 2567 4102 postea
2607 4032 2850 4102 precatio
2883 4039 2968 4088 est
2997 4033 3250 4088 ell‘ectum
3293 4049 3491 4090 conse-

1919 4133 2064 4179 cuta.
2098 4122 2230 4178 Nam
2264 4125 2565 4179 secundum
2595 4125 2739 4179 illam
2767 4123 3080 4180 Iudaeorum
3110 4125 3447 4182 obsidionem
3467 4166 3486 4193 ,

1917 4215 2268 4287 Assyriorum
2293 4215 2579 4287 imperium
2607 4215 2899 4286 derepente
2927 4218 3166 4272 solutum
3191 4226 3275 4273 est
3292 4258 3307 4282 ,
3336 4227 3489 4288 post-

1918 4325 2080 4379 quam
2113 4309 2372 4364 diuturno
2401 4325 2516 4364 aavo
2555 4311 2837 4376 stetisset;
2871 4319 2926 4364 et
2963 4311 3181 4378 quidem
3218 4326 3391 4380 usque
3418 4311 3487 4366 ad

1920 4400 2052 4454 illud
2097 4408 2314 4470 tempus
2337 4439 2352 4464 ,
2395 4415 2506 4470 quo
2549 4401 2677 4453 talia
2703 4406 2894 4454 contra
2921 4399 3352 4470 Hierosolymam
3388 4417 3486 4471 ag-

266 4488 565 4574 :Aoo'uplwv
594 4489 857 4559 κατελύθη
887 4487 1170 4542 δυναστεία
1198 4489 1530 4560 διαρκέσασα
1568 4489 1777 4563 χρόνοις
1798 4508 1812 4521 ·

1919 4491 2068 4562 gredi
2097 4490 2219 4545 ausi
2249 4497 2398 4546 sunt.
2425 4489 2544 4546 Non
2573 4489 2665 4544 diu
2700 4489 2882 4559 itaque
2910 4496 3100 4558 postea
3125 4488 3300 4560 Cyrus
3319 4531 3334 4554 ,
3362 4507 3486 4547 cum

251 4565 350 4632 καὶ
378 4579 540 4650 μέχρι
570 4579 756 4633 τούτου
794 4581 1037 4634 συστᾶσα
1067 4579 1258 4651 μέχρις
1291 4575 1351 4634 οὗ
1381 4581 1604 4635 τοιαῦτα
1635 4579 1817 4634 τετολ-

257 4669 464 4740 μήκασι
520 4669 660 4724 κατὰ
712 4671 812 4741 τῆς
857 4671 1229 4742 Ἰερουσαλήμ.
1265 4671 1396 4724 Μετ’
1433 4672 1494 4725 ού
1525 4673 1657 4726 πολὺ
1687 4672 1818 4741 γοῦν

253 4759 458 4833 Κῦρος,
508 4761 607 4831 τῆς
637 4761 861 4833 Περσῶν
908 4761 1182 4832 βασιλείας
1222 4766 1526 4834 κρατήσας,
1568 4763 1820 4818 καταλύει

253 4851 356 4920 τὴν
395 4850 690 4922 Ἀσσυρίων
719 4851 912 4922 ἀρχήν.
944 4849 1055 4904 Καὶ
1093 4848 1160 4902 τὰ
1194 4847 1351 4904 λοιπὰ
1389 4849 1447 4903 δὲ
1489 4850 1629 4904 κατὰ
1657 4851 1822 4922 μέρος

255 4944 620 5015 ὠνομασμένα
653 4944 777 5015 ἔθνη
820 4943 1043 4998 τοιαῦτα
1077 4940 1362 5002 πέπονθεν,
1393 4943 1547 4996 ὁποῖα
1591 4945 1620 4996 6
1667 4942 1820 5011 λόγος

256 5034 566 5106 προέφησεν
585 5053 601 5067 ο
634 5034 761 5088 ὥστ’
787 5034 1007 5096 εἰκότως
1035 5034 1100 5088 ἄν
1130 5049 1250 5086 τινα
1298 5031 1486 5102 φῆσαι,
1521 5033 1595 5103 μὴ
1623 5031 1819 5085 κατεύο

257 5125 446 5196 χεσθαι
477 5127 567 5178 τὸν
608 5127 897 5197 Προφήτην
943 5126 1000 5177 ὲν
1045 5124 1252 5189 τούτοις
1289 5124 1397 5177 τῶν
1442 5123 1816 5195 δηλουμένων,

258 5213 618 5287 προφητεύειν
645 5214 701 5269 δὲ
725 5217 906 5280 αὐτοῖς
935 5217 1002 5271 τὰ
1048 5217 1298 5286 ἐσόμενα,
1338 5213 1480 5268 κατά
1522 5230 1644 5268 τινα
1699 5229 1822 5268 συν-

254 5307 449 5381 ήθειαν
480 5307 576 5379 τῆς
614 5306 837 5379 Γραφῆς
885 5305 1265 5378 προστακτικῷ
1303 5305 1491 5378 τρόπῳ
1531 5304 1652 5358 ἀντὶ
1683 5320 1820 5375 προ-

253 5398 608 5472 αγορευτικοῦ
653 5399 989 5470 κεχρημένον
1007 5417 1020 5430 ·
1081 5399 1210 5454 ὥσθ’
1239 5400 1385 5471 ήμᾶς
1419 5394 1696 5465 ἐξακούειν
1723 5395 1784 5450 τὸ
1803 5437 1818 5463 ,

335 5493 378 5521 ⁸⁵
415 5489 596 5544 Judic.
633 5504 711 5556 tv,
747 5505 861 5560 seq.

329 5657 342 5701 ί
359 5651 373 5702 l
390 5650 406 5716 )
450 5649 550 5714 Γρ.
582 5646 949 5718 ὲγηγερμένῳ.

1920 4581 2208 4636 Persarum
2225 4596 2448 4651 regnum
2467 4587 2810 4650 occupasset,
2829 4579 3176 4650 Assyriorum
3198 4580 3486 4651 imperium

1923 4673 2137 4730 evertit.
2176 4671 2417 4742 Reliquze
2450 4685 2582 4728 vero
2621 4670 2933 4741 singulatim
2974 4671 3260 4727 recensitae
3301 4681 3490 4743 gentes

1924 4779 1987 4819 ea
2013 4771 2140 4818 sunt
2163 4777 2453 4832 perpessae,
2478 4777 2598 4831 quae
2617 4761 2723 4816 hoc
2749 4776 2998 4817 sermone
3018 4763 3486 4832 praenuntiantur;

1924 4853 1998 4908 ita
2035 4860 2092 4906 ut
2122 4867 2152 4908 e
2183 4868 2241 4907 re
2271 4853 2538 4922 quispiam
2564 4852 2789 4919 dixerit,
2821 4850 3147 4922 Pr0phetam
3177 4856 3490 4912 memoratis

1928 4945 2177 5015 gentibus
2203 4960 2310 5000 non
2333 4945 2622 5016 imprecari
2650 4947 2812 5012 mala,
2841 4947 2934 5002 sed
2967 4945 3147 5000 futura
3173 4947 3488 5013 vaticinari,

1927 5053 1991 5093 ac
2033 5053 2132 5110 pro
2177 5047 2398 5094 assueto
2443 5037 2741 5108 Scriptura:
2787 5055 2970 5102 more,
3021 5039 3340 5109 imperantis
3373 5055 3490 5094 mo-

1927 5128 2078 5192 dum,
2101 5130 2222 5185 loco
2240 5131 2679 5200 praenuntiantis,
2702 5146 3006 5201 usurpare;
3044 5131 3181 5187 adeo
3193 5139 3252 5187 ut
3275 5131 3484 5193 isthaac,

1926 5217 2040 5272 Fac
2068 5219 2212 5284 illis,
2248 5235 2349 5276 nos
2385 5221 2465 5275 sic
2512 5220 2914 5290 intelligamus,
2955 5219 3146 5278 Facies
3193 5223 3304 5276 illis
3351 5222 3485 5274 sicut

1927 5309 2158 5366 Madian
2181 5322 2227 5365 et
2256 5310 2476 5366 Sisara.
2507 5310 2632 5366 llaec
2665 5328 2831 5383 porro
2857 5313 2924 5370 de
2948 5315 3325 5386 Assyriorum.
3354 5312 3486 5364 alia-

1927 5415 2156 5471 rumque
2203 5399 2293 5456 hic
2357 5401 2757 5456 recensitarum
2805 5403 3050 5474 gentium
3106 5399 3318 5456 excidio
3350 5411 3465 5467 prie

2005 5639 2076 5711 (ἓ)
2116 5638 2308 5696 Deessc
2332 5639 2542 5695 videtur
2574 5639 2816 5704 verbum,
2859 5637 2994 5691 forte
3034 5630 3302 5704 ὀνομάζει.
3328 5632 3485 5690 Enn.
