3988 6204
547 215 649 274 999
1223 213 1495 270 EUSEBII
1526 211 2008 270 CESARIENSIS
2038 211 2189 268 OPP.
2229 211 2411 267 PARS
2443 210 2532 268 lll.
2569 241 2630 254 —
2677 209 3085 269 EXEGETICA.
3639 210 3783 266 ιοοο

546 329 883 386 nuntiantur.
909 327 1098 401 Neque
1119 337 1300 385 tamen
1332 328 1400 384 de
1428 329 1496 385 iis
1523 329 1618 400 qui
1646 336 1769 399 post
1803 327 2106 385 Salvatoris

2208 330 2471 397 Ποίησον
2492 329 2717 396 αὐτοῖς,
2742 329 2864 383 ἀντὶ
2895 327 3013 393 τοῦ,
3046 326 3324 395 Ποιήσεις
3345 329 3426 396 ὡς
3445 329 3522 398 τῇ
3541 330 3784 400 Μαδιάμ

545 423 715 476 nostri
751 420 1040 476 adventum
1069 431 1396 492 postremam
1425 418 1928 493 Hierosolymorum
1960 421 2109 476 obsi-

2213 421 2411 487 καίτῷ
2430 421 2678 491 Σισάρᾳ.
2713 420 2900 475 Ταῦτα
2929 420 2986 473 δὲ
3016 419 3258 492 περὶτοῦ
3286 422 3474 486 τέλους
3505 421 3616 476 τῶν
3660 422 3788 477 Ἀσ-

544 512 758 566 dionem
786 511 1035 568 fecerunt
1054 552 1070 578 ,
1099 511 1302 568 similia
1332 511 1604 568 feruntur.
1631 513 1812 580 Quare
1841 513 1974 568 nihil
2002 513 2109 568 tale

2214 512 2415 582 συρίων
2465 513 2559 565 καὶ
2605 510 2714 564 τῶν
2752 512 2848 564 σὺν
2901 511 3082 575 αὐτοῖς
3134 511 3571 582 καταλεχθέντων
3612 513 3786 570 ἐθνῶν

542 600 772 659 Romani
806 611 930 674 post
960 604 1166 658 illatam
1195 604 1341 675 genti
1372 604 1582 659 cladem
1613 604 1861 675 perpessi
1888 611 2035 660 sunt.

2215 601 2635 675 προφητεύεται.
2661 601 2736 655 Οὐ
2769 602 2876 674 μὴν
2901 601 3143 672 καὶπερὶ
3167 601 3274 655 τῶν
3295 601 3394 672 τὴν
3418 601 3655 674 ὑστάτην
3682 618 3785 656 πο-

541 694 784 768 λιορκίαν
818 697 955 768 μετὰ
981 698 1079 769 τὴν
1097 697 1191 751 τοῦ
1223 698 1476 772 Σωτῆρος
1503 699 1663 771 ἡμῶν
1728 700 2031 776 παρουσίαν
2085 698 2567 772 κατειργασμένων
2585 696 2812 752 τοιαῦτά
2858 714 2981 751 τινα
3049 697 3296 769 ἐφέρετο.
3331 696 3422 749 Διὸ
3451 696 3605 749 οὐδὲν
3651 697 3774 751 Ῥω-

546 791 694 860 μαῖοι
720 789 960 843 τοιοῦτον
991 788 1291 843 πεπόνθασι
1328 789 1466 861 μετὰ
1499 790 1595 862 τὴν
1620 789 1762 844 κατά
1792 790 1886 845 τοῦ
1919 791 2104 854 ἔθνους
2141 789 2499 862 ἐπιχείρησιν.

2297 906 2350 958 '0
2373 905 2516 971 Θεός
2544 920 2685 974 μου,
2725 903 2831 958 θοῦ
2856 902 3077 970 αὐτοὺς
3107 903 3187 970 ὡς
3220 902 3459 972 τροχὸν.
3484 904 3565 971 ὡς
3595 904 3785 958 καλά-

2205 1015 2332 1070 μην
2351 995 2502 1050 κατὰ
2527 995 2853 1063 πρόσωπον
2881 992 3128 1062 ἀνέμου.
3168 995 3282 1046 Οὐκ
3315 993 3558 1064 ἀκαίρως
3583 995 3614 1047 6
3637 996 3782 1065 Προ-

614 907 781 964 Vens.
810 907 895 961 M.
927 905 1064 961 Deus
1096 923 1261 972 meus,
1279 923 1410 977 pone
1435 907 1557 961 illos
1580 916 1637 960 ut
1663 915 1858 972 rotam,
1884 916 1935 962 et
1961 907 2099 962 sicut

543 1000 794 1070 stipulam
829 1007 950 1052 ante
981 999 1171 1069 faciem
1209 1000 1367 1055 venti.
1407 997 1526 1053 Non
1564 999 1948 1070 intempestive
1973 998 2107 1053 Pro-

543 1094 743 1164 pheta,
795 1091 904 1145 imo
943 1091 1126 1162 potius
1167 1090 1221 1144 in
1254 1106 1320 1146 eo
1360 1089 1597 1162 Spiritus
1636 1099 1860 1146 sanctus
1886 1130 1901 1155 ,
1940 1089 2109 1145 Deum

2213 1089 2408 1160 φήτης,
2435 1085 2635 1156 μᾶλλον
2658 1083 2715 1137 δὲ
2739 1083 2800 1136 τὸ
2828 1084 2884 1136 ἑν
2898 1083 3044 1154 αὐτῷ
3063 1082 3216 1152 ἆγιον
3244 1082 3484 1153 Πνεῦμα,
3515 1083 3787 1139 ἰδιοποιεί-

543 1191 602 1236 ιιι
633 1181 737 1236 sibi
772 1181 1053 1251 prOprium
1082 1180 1137 1235 in
1169 1180 1481 1250 huiusmodi
1507 1181 1823 1236 narratione
1847 1188 2109 1236 memorat

2211 1197 2301 1235 ται
2326 1178 2416 1232 τὸν
2443 1177 2574 1231 Θεὸν
2628 1178 2687 1231 ἑν
2729 1179 2795 1248 τῇ
2831 1175 3167 1249 προκειμένῃ
3214 1176 3423 1248 ἱστορίᾳ
3464 1176 3710 1245 φάσκον,
3751 1181 3786 1232 ὁ

542 1275 763 1336 dicens,
799 1271 940 1326 Deus
975 1287 1118 1326 meus
1144 1286 1163 1324 :
1199 1286 1374 1341 neque
1403 1271 1550 1326 enim
1580 1271 1696 1336 ait,
1729 1257 1867 1326 Deus
1901 1280 2109 1336 noster;

2216 1269 2360 1336 Θεός
2378 1286 2498 1339 μου
2515 1286 2529 1300 '
2557 1268 2617 1321 οὐ
2640 1267 2746 1339 γὰρ
2765 1307 2781 1332 ,
2805 1270 2837 1321 ό
2865 1265 3006 1333 Θεὸς
3025 1266 3212 1336 ἡμῶν,
3232 1268 3415 1337 φησιν,
3441 1267 3556 1321 ἀλλ’
3579 1271 3615 1322 ό
3643 1269 3785 1335 Θεός

543 1365 672 1428 sed,
713 1364 854 1418 Deus
895 1378 1070 1426 meus;
1101 1363 1261 1432 quasi
1301 1363 1383 1418 vel
1421 1380 1565 1420 unus
1603 1371 1850 1429 tantum,
1890 1363 1974 1419 vel
2013 1363 2109 1418 ad—

2207 1377 2347 1429 μου,
2388 1359 2464 1424 ὡς
2507 1358 2573 1413 ἂν
2628 1357 2747 1422 ἑνός
2775 1373 2878 1410 που
2920 1358 3014 1411 καὶ
3048 1358 3274 1411 σπανίου
3300 1357 3784 1431 περιλελειμμένου

543 1456 763 1512 modum
795 1456 954 1526 pauci
987 1465 1232 1526 tempore
1267 1455 1618 1527 Assyriorum
1656 1456 1960 1512 obsidionis
2001 1455 2109 1512 Deo

2214 1451 2355 1506 κατὰ
2386 1451 2478 1504 τὸν
2515 1449 2824 1520 δηλωθέντα
2854 1449 3042 1520 καιρὸν
3067 1449 3170 1520 τῆς
3202 1449 3310 1503 τῶν
3358 1450 3655 1521 Ἀσσυρίων
3686 1468 3786 1504 πο-

542 1549 692 1620 digni
731 1548 906 1602 relicti
944 1547 1169 1602 fuerint.
1212 1546 1346 1601 Nam
1385 1562 1510 1601 cum
1552 1549 1786 1618 populus
1821 1548 2000 1605 omnis
2030 1549 2109 1603 la-

2213 1543 2478 1616 λιορκίας,
2523 1539 2674 1607 ἀξίου
2703 1541 2797 1595 τοῦ
2827 1540 2983 1595 Θεοῦ.
3025 1541 3112 1604 Ὠς
3151 1540 3261 1614 γὰρ
3294 1540 3386 1596 τοῦ
3418 1541 3548 1596 λαοῦ
3582 1542 3786 1608 παντὸς

541 1656 674 1713 psus
721 1648 775 1696 et
827 1646 1176 1710 peccatorum
1223 1653 1391 1693 causa
1447 1639 1826 1697 obsidentibus
1874 1641 2108 1696 traditus

2209 1636 2552 1699 ἐκπεσόντος,
2588 1635 2682 1688 καὶ
2699 1633 2788 1687 διὰ
2815 1633 2914 1698 τὰς
2943 1633 3218 1706 ἁμαρτίας
3245 1637 3359 1698 τοῖς
3401 1635 3786 1707 πολιορκηταξ

541 1744 721 1797 esset,
761 1747 870 1788 non
906 1732 1266 1787 communiter
1305 1729 1473 1785 Deum
1511 1733 1842 1802 compellat;
1897 1735 1994 1790 sed
2040 1749 2109 1790 ex

2211 1724 2622 1796 παραδοθέντος,
2650 1724 2712 1776 ού
2737 1727 3030 1778 κοινοποιεί
3048 1723 3146 1795 τὴν
3161 1725 3444 1797 ἐπίκλησιν
3463 1743 3476 1754 ·
3503 1724 3561 1790 ἑξ
3584 1725 3786 1779 οἰκείου

549 1825 770 1896 propria
800 1837 1030 1894 persona
1051 1821 1132 1877 sic
1158 1821 1323 1876 infert
1349 1840 1361 1875 :
1383 1820 1525 1876 Deus
1545 1838 1709 1888 meus,
1739 1839 1872 1892 pone
1902 1823 2023 1878 illos
2054 1831 2109 1877 ut

2207 1817 2264 1869 δὲ
2299 1815 2460 1886 μόνου
2487 1812 2778 1887 προσώπου
2804 1815 2997 1883 ὲπάγει
3023 1815 3180 1885 λέγον
3203 1833 3219 1847 ⁸
3255 1816 3310 1869 '0
3331 1817 3474 1882 Θεός
3499 1833 3644 1886 μου,
3678 1817 3787 1872 θοῦ

542 1926 735 1971 rotam.
773 1915 846 1969 Ea
881 1923 1064 1970 autem
1093 1921 1227 1968 rotae
1251 1921 1448 1968 natura
1481 1922 1598 1980 est,
1629 1923 1689 1969 ut
1717 1916 1971 1972 volubilis
2003 1915 2108 1982 sit,

2207 1907 2429 1973 αὐτοὺς
2466 1907 2549 1973 ὡς
2589 1907 2827 1976 τροχόν.
2875 1907 3084 1980 Τροχοῦ
3113 1908 3170 1962 δὲ
3208 1907 3370 1978 φύσις
3404 1908 3648 1980 στρεπτὴ
3694 1909 3787 1963 καὶ

542 2024 643 2063 nec
672 2008 865 2064 eodem
895 2007 950 2060 in
984 2007 1107 2060 loco
1143 2005 1432 2061 consistat.
1469 2005 1620 2060 Talis
1647 2021 1776 2076 vero
1803 2014 1917 2061 tota
1961 2006 2109 2062 athe-

2206 2000 2302 2069 ούχ
2333 1997 2544 2051 ἑστῶσα
2577 1999 2636 2052 ἑν
2661 1997 2863 2070 ταύτῷ.
2886 1999 3141 2064 Τοιοῦτος
3180 2000 3240 2053 δὲ
3277 2003 3387 2064 πᾶς
3419 2003 3448 2054 6
3476 2001 3584 2054 τῶν
3609 2001 3786 2055 ἀθέων

540 2116 700 2154 orum
733 2101 842 2154 vita
871 2107 955 2154 est
975 2138 990 2161 ,
1023 2113 1144 2168 quae
1173 2105 1382 2153 certum
1413 2098 1479 2152 ad
1524 2105 1738 2169 tempus
1782 2099 1838 2154 in
1877 2099 2112 2154 sublime

543 2199 734 2247 evecta
757 2231 770 2255 ,
803 2189 1000 2245 deinde
1034 2191 1208 2247 instar
1239 2197 1374 2243 rota:
1401 2189 1456 2243 in
1490 2190 1826 2244 contrarium
1858 2190 2107 2245 vertitur.

541 2283 782 2338 Primum
822 2283 1026 2353 itaque,
1058 2281 1202 2336 Pone
1230 2282 1352 2336 illos
1382 2292 1440 2336 ut
1470 2292 1675 2346 rotam,
1708 2283 1882 2351 inquit
1915 2300 1930 2350 ;
1962 2282 2114 2338 dein—

542 2375 642 2437 de,
683 2370 888 2444 (Vens.
924 2372 1027 2443 l5)
1073 2373 1212 2426 sicut
1264 2371 1519 2440 stipulam
1548 2381 1669 2427 ante
1709 2373 1898 2442 faciem
1940 2373 2110 2439 venti,

539 2472 631 2529 et,
675 2465 811 2518 sicut
839 2464 973 2535 ignis
1001 2464 1091 2534 qui
1119 2466 1384 2518 comburet
1426 2464 1628 2534 sylcam
1653 2481 1672 2530 ;
1701 2466 1804 2520 sub
1833 2465 1977 2528 haec,
2009 2465 2116 2518 sic-

539 2561 600 2609 ut
654 2555 876 2624 ﬂamma
931 2571 1049 2625 qua:
1088 2554 1356 2609 comburet
1406 2565 1626 2611 montes.
1680 2559 1836 2628 Ipsos
1875 2570 2110 2626 namque

539 2645 832 2702 adversum
909 2645 1121 2716 seipsos
1191 2647 1600 2703 insurrecturos
1632 2688 1647 2713 ,
1706 2662 1772 2703 ac
1823 2647 1929 2704 sibi
1982 2648 2116 2719 ipsis

539 2738 906 2793 admissorum
959 2739 1225 2793 scelerum
1282 2739 1610 2809 supplicium
1673 2739 1923 2794 illaturos
1977 2726 2115 2795 vati-

538 2830 753 2883 cinatur
805 2826 893 2882 bis
951 2828 1174 2883 verbis:
1213 2827 1358 2883 Pone
1405 2826 1554 2882 illos.
1609 2826 1748 2882 Huic
1799 2837 1980 2882 autem
2029 2827 2114 2882 di-

536 2928 650 2982 cto,
681 2919 818 2971 sicut
840 2917 1093 2985 stipulam
1117 2927 1236 2972 ante
1262 2917 1450 2987 faciem
1473 2918 1635 2980 venti,
1663 2917 1804 2971 istuc
1831 2916 1958 2970 alibi
1982 2929 2113 2985 pro-

542 3011 707 3064 latum
739 3008 968 3077 adiicias
992 3027 1004 3062 :
1029 3006 1152 3062 Non
1182 3010 1259 3063 sic
1281 3009 1450 3077 impii,
1480 3025 1581 3062 non
1603 3009 1709 3070 sic;
1739 3009 1828 3062 sed
1859 3017 2108 3078 tanquam
2135 2986 2178 3045 α

539 3098 710 3168 pulvis
755 3114 906 3170 quem
952 3098 1167 3167 projicit
1219 3109 1396 3154 ventus
1429 3117 1462 3152 a
1504 3098 1639 3168 [acie
1687 3099 1908 3152 terraa“
1937 3098 2109 3154 :lllud

539 3195 744 3252 autem,
795 3188 932 3242 sicut
971 3188 1107 3257 ignis
1159 3188 1248 3259 qui
1295 3189 1562 3242 comburet
1609 3188 1835 3259 sylvam,
1870 3189 2111 3248 declarat

541 3275 692 3348 ipsos
719 3278 920 3349 ignem,
952 3279 1281 3350 eosdemque
1308 3280 1516 3351 sylvam
1561 3295 1716 3344 esse;
1744 3280 1816 3334 ita
1846 3288 1904 3334 ut
1937 3281 2039 3351 ipsi
2077 3297 2108 3336 a

540 3368 741 3439 seipsis
765 3370 1122 3426 comburendi
1165 3371 1292 3433 sint.
1327 3369 1630 3427 secundum
1685 3371 1841 3436 illud,
1874 3371 2110 3427 Inceditc

540 3459 611 3514 ad
633 3461 799 3516 lucem
815 3462 951 3532 ignis
967 3463 1144 3526 vestri,
1161 3470 1214 3517 et
1245 3462 1313 3516 ad
1333 3463 1608 3532 ﬂammam
1632 3480 1791 3534 quam
1812 3466 2110 3518 succendis-

542 3553 610 3606 tis
639 3553 703 3608 ¹⁷.
737 3549 872 3608 Illud
902 3569 1052 3620 vero,
1085 3553 1274 3624 (Vens.
1311 3553 1401 3627 16)
1437 3556 1571 3610 sicut
1599 3556 1816 3626 ﬂamma
1831 3572 1948 3626 qua:
1965 3573 2110 3612 com-

540 3649 690 3703 buret
720 3659 942 3714 montes,
979 3653 1235 3722 nequitiae
1255 3669 1445 3709 eorum
1477 3655 1904 3726 magnitudinem
1933 3655 2105 3722 eﬂ‘ert,

540 3755 604 3795 ac
628 3741 914 3797 denuntiat
943 3742 1218 3813 quomodo
1249 3741 1466 3798 ﬂamma
1512 3745 1781 3816 ipsorum,
1814 3747 2106 3801 elationem

539 3839 595 3886 et
647 3834 960 3904 superbiam
1019 3849 1232 3900 eorum,
1293 3837 1564 3891 montium
1615 3837 1791 3892 instar
1846 3845 2104 3905 erectam,

537 3926 897 3981 combustura
926 3927 1018 3982 sit.
1050 3925 1420 3998 Subsequitur
1452 3928 1652 3984 deinde
1678 3948 1692 3984 :
1728 3960 1799 3972 —-
1824 3931 1987 3985 Vens.
2015 3929 2104 3984 l7.

541 4015 631 4072 Ita
659 4018 982 4087 persequeris
1011 4016 1134 4072 illos
1152 4033 1170 4070 :
1202 4019 1330 4074 alibi
1353 4034 1571 4089 quoque
1591 4019 1796 4074 dictum
1825 4029 1931 4083 est,
1962 4018 2106 4091 Ignis

2209 2095 2345 2166 βίος,
2373 2087 2549 2166 καιρῷ
2582 2095 2680 2165 μὲν
2702 2097 2782 2159 εἰς
2815 2095 2947 2167 ὕψος
2975 2097 3355 2170 ἐπαιρόμενος,
3384 2094 3504 2152 εἶτα
3545 2099 3786 2172 στροφὴ-ν

2209 2187 2530 2256 ποιούμενος
2556 2185 2654 2258 τὴν
2683 2188 2780 2241 ἐπὶ
2809 2188 3139 2254 τούναντίον,
3161 2187 3338 2261 τροχῷ
3366 2190 3785 2262 παραπλησίως.

2210 2277 2435 2350 Πρῶτον
2455 2278 2657 2342 τοίνυν,
2687 2277 2804 2332 Θοῦ
2830 2280 3052 2346 αὐτοὺς
3065 2280 3145 2346 ὡς
3166 2279 3403 2349 τροχὸν,
3426 2281 3588 2350 φησίν
3608 2296 3623 2310 ο
3647 2275 3786 2343 εἶτα,

2208 2369 2288 2435 ὡς
2320 2368 2601 2439 καλάμην
2637 2370 2788 2424 κατὰ
2825 2369 3148 2438 πρόσωπον
3171 2370 3394 2439 ἀνέμου
3413 2386 3429 2401 ⁸
3459 2369 3595 2432 καὶ,
3645 2371 3784 2424 ὡσεὶ

2211 2460 2351 2530 πῦρ,
2395 2461 3034 2532 ὃδιαφλέξειδρυμόνο
3096 2462 3190 2515 καὶ
3245 2453 3340 2516 ἑπὶ
3382 2461 3615 2527 τούτοις,
3645 2463 3782 2516 ὡσεί

2211 2554 2391 2625 φλὸξ,
2423 2553 2464 2623 ἡ
2506 2556 2871 2609 κατακαύσει
2888 2554 3016 2624 ὄρη.
3051 2555 3258 2619 Αὐτοὺς
3293 2554 3403 2626 γὰρ
3448 2557 3570 2608 κατ’
3610 2555 3783 2609 αὐτῶκ

2209 2648 2596 2710 ἑπαναστῆναι,
2627 2647 2722 2701 καὶ
2747 2647 2812 2700 δι’
2843 2647 3050 2700 ἑαυτῶν
3077 2647 3175 2710 τὰς
3207 2647 3477 2718 τιμωρίας
3505 2642 3580 2699 ὧν
3615 2648 3771 2700 τετολ

2216 2741 2452 2812 μήκασιν
2479 2741 2734 2810 ὑποσχεῖν
2759 2738 2846 2792 διὰ
2891 2738 3096 2794 τούτων
3137 2736 3382 2802 θεσπίζει
3430 2737 3606 2792 εἰπών
3631 2755 3645 2770 ο
3670 2739 3782 2794 Boi

2212 2831 2453 2896 αὐτούς.
2469 2829 2814 2900 Παραθήσεις
2835 2828 2892 2882 δὲ
2916 2829 3013 2900 τῷ,
3034 2829 3114 2895 ὡς
3141 2827 3420 2898 καλάμην
3434 2830 3585 2884 κατὰ
3609 2832 3771 2898 πρόσ

2213 2937 2376 2976 ωπον
2417 2920 2660 2991 ἀνέμου,
2693 2923 2754 2975 τὺ
2797 2923 2854 2974 ἑν
2883 2921 3093 2992 ἑτέροις
3141 2920 3482 2991 λελεγμένον*
3520 2924 3645 2992 Οὐχ
3683 2923 3783 2976 οὓ-

2207 3033 2319 3082 τως
2373 3017 2428 3070 οὶ
2473 3013 2730 3081 ἀσεϐεῖς,
2773 3015 2887 3083 οὐχ
2939 3013 3146 3078 οὕτως·
3186 3013 3322 3066 ἀλλ’
3361 3013 3442 3079 ὡς
3481 3013 3690 3082 χνοῦς,
3717 3014 3781 3067 ὃν

2207 3109 2467 3177 expiaret
2489 3112 2522 3163 ὀ
2554 3108 2773 3178 ἄνεμος
2803 3107 2920 3162 ἀπὸ
2955 3106 3280 3174 προσώπου
3313 3107 3426 3176 τῆς
3448 3107 3580 3176 γῆς.
3615 3109 3687 3161 Τὸ
3707 3110 3788 3172 δὲ,

2207 3201 2348 3254 ὡσεὶ
2377 3200 2516 3269 πῦρ,
2545 3200 2576 3254 ὃ
2601 3198 2907 3270 διαρλέξει
2933 3198 3180 3268 δρυμὸν,
3221 3200 3550 3271 παρίστησιν
3592 3202 3788 3265 αὐτοὺς

2209 3288 2428 3346 εἶναιτὸ
2449 3290 2580 3362 πῦρ,
2612 3289 2707 3344 καὶ
2734 3289 2930 3354 αὐτοὺς
2956 3283 3094 3342 εἶναι
3127 3288 3217 3342 τὸν
3247 3288 3452 3360 δρυμόν
3470 3306 3484 3320 ·
3520 3289 3660 3343 ὥστε
3689 3293 3772 3344 αὖ

2205 3387 2332 3449 τοὺς
2362 3386 2451 3454 ὑφ’
2489 3381 2704 3436 ἑαυτῶν
2737 3380 3134 3454 φλεχθήσεσθαι
3180 3381 3320 3435 κατὰ
3357 3382 3420 3434 τὸ
3460 3383 3671 3451 φάσκον
3692 3383 3758 3436 λό

2205 3494 2323 3547 γιον
2341 3493 2355 3507 °
2384 3476 2715 3544 Πορεύεσθε
2736 3473 2816 3539 τῷ
2846 3473 2994 3544 φωτὶ
3015 3473 3122 3528 τοῦ
3143 3475 3331 3542 πυρὸς
3361 3473 3546 3544 ὑμῶν,
3575 3476 3672 3529 καὶ
3705 3474 3787 3545 τῇ

2206 3563 2381 3635 φλογὶ
2395 3559 2435 3636 ᾖ
2449 3565 2828 3628 ὲξεκαύσατε.
2853 3564 2927 3618 Τὸ
2944 3564 3020 3629 δὲ,
3037 3563 3177 3618 ὡσεί
3188 3564 3347 3633 φλὸξ
3363 3565 3401 3632 ἢ
3419 3568 3786 3621 κατακαύσει

2208 3657 2336 3725 ὄρη,
2364 3655 2602 3709 δείκνυσι
2631 3659 2731 3728 τῆς
2753 3653 2932 3710 αὐτῶν
2977 3654 3174 3718 κακίας
3204 3653 3266 3708 τὸ
3301 3654 3537 3725 μέγεθος,
3571 3654 3668 3707 καὶ
3699 3655 3787 3718 ὼε,

2205 3751 2240 3822 ή
2273 3749 2449 3803 αὐτῶν
2477 3749 2607 3819 φλὸξ
2628 3749 2699 3803 τά
2726 3749 3021 3821 ἐπάρματα
3049 3747 3231 3802 αὐτῶν
3264 3749 3358 3802 καὶ
3383 3748 3448 3802 τὰ
3477 3747 3784 3820 ὑψώματα,

2206 3841 2393 3915 ὥσπερ
2419 3843 2540 3897 τινὰ
2583 3842 2705 3914 ὅρη,
2744 3841 3106 3896 κατακαύσει.
3146 3841 3414 3911 Ἐπιλὲγει
3447 3841 3501 3894 δὲ
3535 3841 3782 3907 τούτοις·

2209 3929 2371 3982 Οὕτω
2408 3928 2785 3996 καταδιὼξεις
2817 3930 3055 3995 αὐτούς.
3101 3930 3214 3984 Καὶ
3256 3933 3315 3984 ὲν
3339 3931 3544 4003 ἑτέροις
3585 3932 3645 3985 δὲ
3690 3931 3781 3985 λέο

2204 4019 2390 4074 λεκται
2413 4036 2427 4050 °
2455 4020 2582 4088 Πῦρ
2614 4020 2713 4076 καί
2749 4021 2910 4075 θεῖον
2941 4021 3036 4075 καί
3074 4022 3310 4091 πνεῦμα
3350 4024 3710 4092 καταιτίδος,
3741 4027 3779 4092 ἠ

535 4118 591 4164 et
619 4108 840 4179 sulphur
866 4118 917 4164 et
959 4110 1178 4180 spiritus
1209 4110 1564 4180 procellarum
1615 4127 1740 4180 pars
1799 4111 1982 4165 colicis
2029 4129 2109 4166 eo-

2206 4112 2368 4182 μερίς
2396 4111 2502 4166 τοῦ
2529 4111 2814 4180 ποτηρίου
2853 4109 3070 4166 αὐτῶν.
3111 4112 3343 4180 Ἐδίδαξε
3372 4113 3432 4167 δὲ
3457 4114 3548 4167 διὰ
3575 4115 3778 4169 τούτων

537 4217 661 4254 rum
696 4200 760 4256 η.
811 4198 908 4256 His
943 4214 1110 4272 porro
1158 4201 1490 4265 declaratur,
1522 4201 1812 4272 procellam
1862 4201 2108 4273 iramque

2206 4206 2232 4257 6
2259 4203 2433 4272 λόγος,
2461 4204 2541 4257 ὅτι
2575 4205 2609 4273 ἡ
2645 4205 2898 4273 καταιγὶς
2916 4206 3011 4258 καὶ
3039 4206 3224 4278 ήόργὴ
3245 4204 3339 4260 τοῦ
3367 4205 3504 4259 Θεοῦ
3538 4207 3599 4259 ού
3633 4207 3776 4279 πάθη

538 4289 638 4345 Dei
668 4305 777 4344 non
810 4289 977 4344 animi
1015 4297 1223 4344 motum
1253 4289 1309 4344 in
1333 4289 1444 4345 Deo
1474 4305 1633 4358 esse;
1663 4290 1755 4346 sed
1780 4291 1901 4361 ejus
1924 4295 2105 4361 proviv

2206 4297 2456 4367 τυγχάνει
2492 4295 2587 4350 τοῦ
2621 4297 2776 4359 Θεοῦ,
2817 4297 2933 4351 ἀλλ’
2965 4298 2999 4368 ή
3028 4298 3204 4353 τοιάδε
3242 4316 3327 4362 τις
3359 4299 3677 4370 ἐπίσκηψις,
3709 4299 3776 4352 δι’

533 4382 803 4446 dentiam,
828 4395 936 4452 qua
957 4388 1134 4448 curat,
1160 4395 1257 4437 eos
1289 4391 1480 4436 contra
1512 4382 1725 4453 seipsos
1759 4383 2104 4454 insurgentes

537 4473 648 4529 sibi
672 4473 978 4529 facinorum
1012 4487 1201 4544 pinnas
1230 4471 1496 4544 inﬂigere.
1531 4472 1658 4528 Haec
1684 4475 1868 4528 omnia
1901 4475 2108 4530 accide-

539 4578 602 4618 re
622 4571 896 4634 precatur,
931 4564 1047 4619 sive
1076 4563 1260 4633 potius
1289 4564 1618 4634 praenuntiat
1651 4565 1912 4621 adversus
1931 4566 2108 4621 inimi-

537 4671 639 4710 cos
665 4655 760 4712 Dei
800 4664 1100 4723 eventura;
1145 4663 1206 4711 ut
1252 4658 1337 4712 vel
1390 4658 1518 4712 hinc
1571 4658 1763 4713 saltem
1813 4657 2106 4729 aliquando

545 4746 816 4815 iuventur.
847 4746 1128 4818 Siquidem
1149 4761 1362 4802 summa
1384 4757 1469 4804 est
1492 4748 1897 4815 utilitas,nosse
1913 4747 2103 4811 Deum,

540 4844 600 4891 et
620 4835 689 4890 ad
717 4836 1128 4908 inquisitionem
1149 4838 1389 4894 nominis
1412 4838 1534 4908 ejus
1562 4837 1770 4905 venire,
1795 4838 1938 4908 quod
1971 4838 2105 4908 ipsis

541 4941 895 4982 accessurum
939 4943 1063 4984 esse
1108 4936 1234 4999 post
1261 4929 1521 5000 praedicta
1549 4929 1710 4984 docet
1760 4929 1850 4985 bis
1879 4930 2103 4986 verbis:

542 5017 783 5074 -—Veas.
817 5020 904 5085 18,
938 5021 1026 5077 i9.
1066 5020 1139 5076 Et
1161 5031 1395 5093 quaerent
1434 5039 1619 5077 nomen
1652 5031 1796 5076 tuum
1817 5062 1832 5087 ,
1862 5021 2103 5078 Domine.

546 5103 873 5159 Erubescant
918 5115 970 5160 et
1009 5108 1382 5163 conturbentur
1407 5108 1465 5162 in
1517 5107 1769 5163 secutum
1815 5109 2018 5176 steculi,
2053 5117 2106 5162 et

546 5195 938 5264 confundantur
965 5205 1016 5252 et
1053 5210 1286 5267 pereant.
1323 5199 1393 5254 Et
1420 5211 1736 5271 cognoscant
1767 5202 1892 5271 quia
1916 5216 2104 5255 nomen

545 5284 642 5338 tibi
669 5285 925 5340 Dominus
953 5302 973 5342 :
1009 5295 1064 5341 tu
1105 5288 1252 5343 solus
1304 5289 1612 5344 Altissimus
1660 5291 1719 5344 in
1747 5291 1889 5344 omni
1939 5299 2099 5346 terra.

548 5372 892 5432 lnimicorum
917 5375 1012 5432 Dei
1044 5386 1276 5434 mortem
1296 5378 1506 5436 duobus
1531 5379 1768 5436 futuram
1800 5380 1978 5436 modis
2005 5395 2102 5436 va-

549 5467 836 5523 ticinatur:
865 5469 972 5525 alio
997 5467 1216 5541 quidem
1249 5485 1360 5542 quo
1386 5470 1495 5528 illis
1531 5486 1682 5544 spem
1712 5472 1911 5528 bonam
1936 5472 2105 5529 ascri-

619 5622 668 5656 ¹⁶
702 5621 849 5680 Psal.
889 5641 939 5689 ι,
971 5625 1024 5680 ι.
1104 5626 1144 5658 ⁸⁷
1186 5624 1290 5685 lsa.
1323 5642 1450 5689 ut.
1489 5628 1574 5683 il.
1654 5628 1695 5661 ¹⁸
1735 5625 1878 5684 Psal.
1919 5643 1986 5689 x.
2019 5627 2071 5682 7.

2202 4383 2270 4458 ἧς
2301 4388 2496 4451 αὐτοὺς
2533 4386 2654 4441 καθ’
2697 4388 2906 4442 ἑαυτῶν
2933 4390 3344 4454 ἑπαναστάντας
3372 4387 3433 4454 ἑξ
3455 4392 3663 4444 ἑαυτῶν
3684 4391 3773 4444 λα-

2205 4477 2318 4531 ϐεῖν
2347 4472 2421 4532 ὧν
2446 4479 2676 4550 ἔδρασαν
2723 4477 2818 4550 τὴν
2863 4480 3135 4552 τιμωρίαν
3167 4479 3463 4535 συνέϐαινε.
3506 4481 3690 4535 Ταῦτα
3716 4481 3772 4535 δὲ

2205 4566 2381 4620 πάντα
2435 4567 2755 4638 ίκετεύει,ἢ
2806 4569 2901 4622 καὶ
2960 4569 3156 4640 μᾶλλον
3209 4569 3453 4635 θεσπίζει
3484 4571 3630 4624 κατὰ
3671 4572 3770 4623 τῶν

2205 4655 2416 4726 ἐχθρῶν
2446 4655 2540 4709 τοῦ
2567 4655 2702 4709 Θεοῦ
2736 4655 2955 4711 ἔσεσθαι
2979 4675 2992 4690 ·
3029 4660 3118 4714 ἵνα
3149 4659 3255 4713 κᾶν
3284 4659 3426 4713 οὕτω
3457 4663 3590 4714 ποτὲ
3629 4661 3769 4730 ὠφε-

2205 4747 2432 4818 ληθείεν.
2459 4748 2524 4802 Εἰ
2553 4747 2617 4818 δὴ
2643 4747 2879 4817 ὠφέλεια
2921 4750 3149 4823 μεγίστη
3186 4752 3442 4823 τυγχάνει
3484 4753 3548 4806 τὸ
3573 4755 3769 4820 γνῶναι

2203 4835 2295 4888 τὸν
2325 4835 2476 4902 Θεὸν,
2502 4837 2595 4890 καὶ
2622 4838 2716 4890 ἐπὶ
2735 4839 2960 4910 ζήτησιν
2980 4840 3074 4894 τοῦ
3097 4842 3356 4913 ὀνόματος
3389 4842 3552 4897 αὑτοῦ
3581 4845 3769 4910 ἑλθεῖν,

2204 4927 2340 4998 ὅπερ
2368 4925 2584 4980 ἔσεσθαι
2637 4929 2763 5001 περὶ
2793 4930 2971 4984 αὐτῶν
2999 4932 3137 5003 μετὰ
3182 4933 3251 4987 τὰ
3295 4935 3666 5006 προλεχθέντα
3701 4939 3770 4999 δι(

2203 5017 2391 5071 δάσκει
2411 5018 2614 5088 λέγων·
2652 5023 2760 5077 Καὶ
2805 5021 3131 5091 ζητήσουσι
3169 5026 3237 5080 τὸ
3268 5027 3457 5098 ὄνομά
3497 5045 3642 5096 σου,
3671 5030 3770 5084 Κύο

2197 5125 2310 5177 ριε.
2356 5109 2863 5181 Αίσχυνθήτωσαν
2907 5115 3007 5168 καί
3041 5116 3510 5187 ταραχθήτωσαν
3549 5123 3640 5185 εὶς
3671 5118 3768 5173 τὸν

2202 5200 2390 5255 αἰῶνα
2443 5201 2552 5257 τοῦ
2597 5203 2830 5272 αἰῶνος,
2879 5207 2979 5261 καὶ
3003 5207 3467 5277 ἐπραπήτωσαν
3501 5213 3600 5265 καί
3637 5213 3762 5267 ἀπο

2207 5294 2542 5350 λέσθωσαν.
2572 5298 2684 5352 Kal
2710 5297 3049 5367 γνώτωσαν,
3080 5301 3168 5355 ὅτι
3186 5301 3372 5372 ὄνομά
3399 5319 3500 5358 σοι
3527 5306 3766 5372 Κύριος·

2207 5383 2290 5439 σὺ
2308 5385 2495 5454 μόνος
2519 5385 2778 5456 ὕψιστος
2817 5389 2915 5444 ἐπὶ
2944 5389 3150 5446 πᾶσαν
3189 5391 3304 5463 τὴν
3337 5393 3472 5464 γῆν.
3519 5394 3636 5465 Τῆς
3663 5395 3767 5448 τῶν

2210 5473 2418 5546 ἐχθρῶν
2474 5476 2567 5530 τοῦ
2611 5475 2747 5531 Θεοῦ
2793 5478 3046 5551 τελευτῆς
3097 5480 3190 5535 δύο
3254 5484 3488 5553 τρόπους
3550 5480 3764 5537 ἔσεσθαι
