3996 6210
273 333 410 388 ιθθί

1409 320 1913 387 COMMENTARIA
1951 320 2018 376 IN
2059 317 2398 376 PSALMOS.

3376 305 3516 370 10M

271 443 554 511 θεσπίζειί
612 445 709 500 ἕνα
745 443 844 517 μὲν
880 443 1002 498 καθ’
1024 443 1083 496 ὃν
1123 442 1364 516 χρηστὰς
1419 443 1603 505 αὐτοῖς
1635 439 1852 500 ἐλπίδας

1956 432 2071 499 bit;
2103 429 2372 502 siquidem
2422 430 2561 484 bona
2597 443 2683 484 res
2705 437 2788 484 est
2821 442 2944 483 cum
2981 424 3077 480 Dei
3103 423 3362 494 cognitio,
3404 435 3522 476 tum

270 538 600 610 ἐπιγράφει·
638 538 684 590 εί
736 538 799 610 δὴ
846 539 1047 608 ἀγαθὸν
1079 541 1112 609 ή
1136 537 1336 606 γνῶσις
1368 533 1462 588 τοῦ
1491 534 1648 596 Θεοῦ,
1694 533 1790 586 καὶ
1817 535 1852 604 ἡ

270 629 368 683 τοῦ
392 629 653 700 ὀνόματος
684 629 851 683 αὐτοῦ
889 630 1209 702 κατάληψις,
1250 630 1346 682 καὶ
1392 628 1452 680 τὸ
1500 625 1851 694 παιδευθῆναι

269 720 401 784 τοὺς
435 718 701 792 πρότερον
724 720 800 792 μὴ
824 721 1028 785 εἰδότας
1051 721 1141 774 τὸν
1170 720 1322 782 Θεὸν,
1355 717 1432 780 ὼς
1455 718 1563 788 ἄρα
1588 713 1748 778 αὐτὸς
1765 713 1854 785 εἴη

273 814 436 885 μόνος
480 811 703 882 ὕψιστος
735 813 828 866 ἐπὶ
877 816 1054 867 πᾶσαν
1079 812 1177 884 τὴν
1197 813 1299 883 γῆν
1318 829 1334 843 ο
1377 810 1503 873 τοὺς
1545 809 1654 880 γὰρ
1683 806 1854 861 ταῦτα

269 903 700 976 ὁμολογοῦντας,
736 903 905 975 λήθην
941 905 1038 975 μὲν
1077 902 1407 973 πεποιῆσθαι
1438 901 1536 972 τῆς
1581 899 1854 971 προτέρας

271 998 486 1053 ἑαυτῶν
535 997 798 1052 πολυθὲου
847 998 1073 1070 πλάνης,
1131 997 1279 1061 εἰκὸς
1333 994 1631 1050 ἀποθέσθαι
1663 1010 1724 1046 τε
1755 991 1855 1063 τὴν

275 1093 516 1164 ματαίαν
547 1093 642 1146 καὶ
689 1092 974 1163 ἀπατηλὴν
1012 1093 1142 1164 περὶ
1191 1089 1330 1154 θεῶν
1359 1086 1736 1158 ψευδολογίαν⁸
1763 1085 1856 1140 τὸν

271 1185 331 1239 δὲ
363 1184 550 1257 ἕτερον
575 1183 796 1255 τρόπον,
825 1185 947 1238 καθ’
979 1185 1038 1240 ὃν
1079 1183 1340 1254 αἰσχύνην
1371 1182 1466 1235 καὶ
1487 1179 1734 1253 ταραχὴν
1761 1176 1856 1233 καὶ

271 1276 565 1347 ἐντροπὴν,
620 1277 714 1330 καὶ
761 1277 855 1330 ἐπὶ
895 1277 1026 1330 πᾶσι
1057 1275 1263 1339 τούτοις
1302 1273 1578 1328 ἀπώλειαν
1620 1281 1856 1344 προαγο-

274 1364 427 1435 ρεύει
459 1366 571 1426 τοῖς
599 1363 801 1417 τούτων
841 1365 1030 1429 ἀξίοις.
1059 1366 1184 1429 Τοῖς
1223 1365 1319 1435 μὲν
1341 1363 1450 1436 γὰρ
1485 1365 1550 1416 ὲκ
1585 1363 1682 1434 τῆς
1707 1361 1857 1425 Θείας

273 1457 609 1528 ἐπιστροφῆς
634 1455 1056 1526 μεταϐάλλουσιν
1087 1458 1180 1510 ἐπὶ
1225 1456 1286 1510 τὸ
1315 1459 1558 1526 κρεῖττον
1577 1454 1677 1527 τὴν
1707 1453 1857 1508 θείαν

274 1547 478 1616 γνῶσιν
514 1546 848 1619 παρέσεσθαι
875 1547 1145 1602 διδάσκει·
1181 1551 1292 1612 τοῖς
1323 1549 1380 1601 δὲ
1415 1550 1482 1619 τῇ
1521 1546 1730 1600 ἑαυτῶν
1763 1547 1857 1613 ἐγ-

277 1639 635 1712 καταγηρῶσι
691 1640 858 1713 κακίᾳ⁵
903 1634 993 1695 τὸν
1050 1640 1268 1712 ὀλεθρον
1312 1641 1404 1694 καὶ
1444 1641 1544 1712 τὴν
1582 1636 1858 1694 ἀπώλειαν

276 1733 514 1787 ἀπειλεῖ.
546 1733 636 1786 Διὸ
663 1735 791 1806 περὶ
837 1733 936 1806 μὲν
984 1734 1093 1788 τῶν
1140 1734 1396 1806 χειρόνων
1434 1733 1716 1787 λέλεκταιο
1766 1733 1859 1787 Αι-

1954 524 2190 580 nominis
2220 523 2341 593 ejus
2383 521 2830 593 comprehensio;
2860 519 3158 588 itidemque
3204 515 3407 570 bonum
3439 523 3524 569 est

1954 633 2070 681 eos,
2095 616 2187 686 qui
2214 617 2365 685 prius
2389 612 2558 668 Deum
2590 627 2697 667 non
2723 616 2942 676 norant,
2967 606 3184 663 edoceri
3222 606 3401 676 ipsum
3435 619 3527 659 so-

1955 711 2068 766 lum
2105 724 2227 764 esse
2269 707 2592 763 altissimum
2647 719 2812 776 super
2864 717 3080 758 omnem
3130 708 3368 765 terram;
3430 712 3526 752 eos

1955 801 2176 871 quippe,
2217 796 2310 869 qui
2368 796 2495 850 talia
2554 795 2898 866 profitentur,
2931 789 3230 847 verisimile
3283 795 3368 843 est
3411 787 3526 857 jam

1956 890 2337 960 multiplicium
2373 888 2596 943 deorum
2639 901 2880 943 errorem
2911 884 3170 939 oblivioni
3211 881 3524 945 mandasse,

1956 1000 2021 1039 ac
2047 999 2242 1038 vanam
2268 981 2626 1050 fallacemque
2654 978 2920 1034 falsorum
2951 976 3178 1031 deorum
3219 972 3528 1028 doctrinam

1957 1078 2225 1147 abiecisse
2254 1093 2266 1128 :
2299 1075 2407 1129 alio
2446 1074 2575 1128 item
2625 1071 2811 1136 modo,
2846 1069 3237 1140 turpitudinem
3257 1106 3272 1130 ,
3303 1074 3528 1136 pertur-

1956 1169 2254 1230 bationem,
2291 1175 2345 1222 et
2387 1165 2787 1228 confusionem,
2834 1177 2897 1217 ac
2944 1169 3138 1233 praeter
3173 1161 3291 1215 haec
3344 1157 3530 1213 omnia

1956 1258 2252 1327 perniciem
2275 1255 2521 1327 praedicit
2541 1255 2610 1310 iis
2630 1254 2724 1332 qui
2745 1268 2934 1309 eorum
2967 1251 3114 1322 digni
3142 1256 3292 1306 sunt.
3312 1246 3526 1302 Etenim

1959 1350 2028 1406 iis
2060 1351 2152 1420 qui
2185 1366 2252 1404 ex
2299 1349 2560 1404 divinitus
2591 1347 2839 1402 immissa
2889 1343 3252 1401 conversione
3297 1355 3419 1396 sese
3459 1337 3529 1392 ad

1959 1443 2241 1498 meliorem
2284 1441 2494 1513 frugem
2538 1439 2877 1510 receperint,
2914 1439 3154 1493 divinam
3210 1433 3399 1489 adfore
3435 1448 3530 1488 co-

1958 1535 2256 1606 gnitionem
2311 1533 2626 1598 denuntiat;
2656 1532 2726 1586 iis
2751 1545 2883 1585 vero
2924 1531 3018 1600 qui
3053 1529 3111 1583 in
3156 1527 3399 1597 nequitia
3429 1541 3530 1581 sua

1959 1624 2368 1687 consenuerint,
2410 1623 2636 1679 exitium
2684 1637 2748 1676 ac
2778 1621 3075 1692 perniciem
3124 1618 3527 1674 interminatur.

1961 1716 2326 1783 Quamobrem
2363 1715 2430 1771 de
2469 1715 2749 1785 pejoribus
2798 1713 3014 1784 quidem
3056 1713 3164 1766 illis
3190 1710 3397 1766 dictum
3422 1720 3528 1774 est.

275 1791 855 1894 axwoﬁtwaaraai
894 1791 1364 1895 ταραχθῆτωσαν
1402 1827 1489 1890 εἰς
1524 1825 1631 1878 τὸν
1671 1821 1852 1877 αἰῶνα

1961 1808 2286 1864 Erubescant
2335 1818 2384 1861 et
2439 1808 2814 1862 conturbentur
2862 1808 2916 1860 in
2945 1805 3196 1861 swculum
3244 1805 3448 1868 saeculi,
3479 1813 3530 1858 et

275 1917 387 1972 τοῦ
418 1917 654 1985 αἰῶνος,
679 1919 778 1974 καὶ
795 1919 1264 1987 ἐντραπήτωσαν
1280 1916 1854 1972 καὶάπολέσθωσαν·

277 2010 416 2081 Περὶ
437 2010 495 2064 δὲ
524 2009 634 2064 τῶν
686 2011 780 2064 ἐπὶ
809 2009 870 2064 τὸ
904 2012 1150 2081 κρεῖττον
1187 2007 1747 2081 μεταϐληθησομένων
1774 2001 1853 2087 τὸ,

277 2102 388 2156 Καὶ
410 2101 752 2172 γνώτωσαν,
771 2101 860 2155 ὅτι
879 2100 946 2154 τὸ
968 2099 1157 2170 ὄνομὰ
1182 2114 1281 2154 σοι
1298 2101 1533 2167 Κύριος,
1561 2097 1643 2152 σὺ
1667 2099 1856 2167 μόνος

273 2197 537 2266 ὕψιστος
573 2194 671 2248 ἐπὶ
719 2191 926 2248 πᾶσαν
950 2196 1064 2261 τὴν
1085 2189 1222 2262 γῆν.
1254 2190 1483 2244 Δύναται
1512 2189 1568 2242 δὲ
1609 2189 1702 2242 καὶ
1730 2188 1858 2259 περὶ

275 2291 386 2344 τῶν
411 2289 592 2343 αὐτῶν
620 2287 688 2342 τὰ
736 2287 913 2342 πάντα
959 2287 1229 2356 λέγεσθαι,
1273 2285 1348 2350 ὡς
1372 2285 1478 2339 τῶν
1524 2283 1733 2356 ἐχθρῶν
1760 2281 1856 2336 τοῦ

274 2382 434 2445 Θεοῦ,
467 2381 588 2436 καθ’
617 2381 677 2434 ὃν
703 2380 980 2434 πείσονται
1009 2378 1197 2449 καιρὸν
1221 2377 1289 2432 τὰ
1327 2374 1853 2450 προκαταλεχθέντα,

277 2472 771 2545 ἐντραπησομένων
802 2471 897 2527 καὶ
922 2468 1451 2542 αίσχυνθησομένων,
1487 2470 1578 2522 καὶ
1611 2466 1858 2538 ἀπωλείᾳ

279 2555 832 2636 παραδοθησομένων,
865 2562 958 2616 καί
987 2562 1109 2615 τότε
1136 2561 1272 2631 αὐτῇ
1304 2560 1468 2632 πείρᾳ
1498 2558 1856 2630 γνωσομένων

277 2657 372 2711 καί
424 2655 866 2726 ὁμολογησάντων
916 2653 1012 2708 ἕνα
1065 2649 1203 2707 εἶναι
1239 2651 1328 2706 καὶ
1373 2653 1530 2723 μόνον
1587 2652 1720 2706 Θεὸν
1763 2651 1855 2705 τὸν

278 2746 502 2817 ὕψιστον
551 2746 650 2810 καὶ
706 2746 799 2799 ἐπὶ
845 2747 1025 2798 πᾶσαν
1077 2745 1176 2816 τὴν
1225 2743 1349 2815 γῆν,
1398 2744 1488 2798 τὸν
1542 2745 1635 2799 καὶ
1670 2743 1858 2816 δικαίᾳ

276 2839 456 2910 κρίσει
485 2837 814 2909 μετελθόντα
838 2837 1035 2902 αὐτοὺς
1073 2838 1181 2891 τῶν
1224 2837 1641 2910 τετολμημένων
1673 2837 1858 2900 αὐτοῖς

273 2931 457 3002 χάριν.

1959 1899 2354 1970 confundantur
2386 1908 2435 1954 et
2471 1906 2723 1968 pereant;
2763 1899 2830 1953 de
2876 1899 2944 1953 iis
2978 1913 3108 1952 vero
3160 1898 3254 1969 qui
3301 1895 3369 1951 ad
3417 1912 3531 1951 meo

1959 1992 2152 2047 liorem
2184 2007 2243 2048 se
2267 1992 2432 2047 vitam
2467 1991 2739 2060 recepturi
2775 1997 2923 2054 sunt,
2951 1988 3084 2044 illud
3120 1989 3417 2060 profertur,
3462 1986 3530 2040 Et

1959 2092 2278 2154 cognoscant
2306 2083 2430 2154 quia
2460 2099 2646 2136 nomen
2679 2080 2772 2134 tibi
2797 2080 3073 2144 Dominus,
3105 2090 3163 2132 tu
3201 2080 3346 2134 solus
3379 2079 3531 2132 altis-

1957 2176 2124 2230 simus
2171 2175 2226 2227 in
2260 2175 2403 2228 omni
2430 2183 2592 2228 terra.
2629 2171 2866 2228 Possunt
2891 2170 3053 2226 etiam
3093 2169 3161 2226 de
3191 2170 3382 2225 iisdem
3418 2169 3532 2224 haec

1959 2266 2143 2320 omnia
2167 2263 2307 2330 dici;
2343 2264 2503 2335 quasi
2535 2263 2794 2318 videlicet
2840 2260 3048 2316 inimici
3101 2259 3217 2326 Dei,
3251 2275 3360 2332 quo
3394 2268 3533 2314 tem-

1960 2373 2091 2428 pore
2122 2357 2214 2411 illa
2243 2356 2498 2426 superius
2536 2362 2836 2410 memorata
2874 2352 3173 2424 perferent,
3207 2352 3531 2409 confusione

1960 2459 2124 2521 atque
2155 2451 2354 2506 rubore
2406 2449 2675 2520 replendi,
2711 2463 2774 2503 ac
2817 2448 3078 2517 perniciei
3109 2446 3357 2502 tradendi
3397 2449 3529 2513 sint.

1960 2543 2078 2614 ipsa
2105 2540 2444 2613 experientia
2488 2538 2761 2611 cognituri
2803 2553 2866 2592 ac
2897 2536 3206 2593 confessuri
3240 2553 3408 2592 unum
3439 2554 3533 2595 so-

1960 2633 2182 2703 lumque
2225 2630 2392 2686 Deum
2445 2646 2570 2686 esse
2605 2630 2934 2684 altissimum
2964 2629 3020 2682 in
3059 2627 3206 2682 omni
3241 2635 3406 2696 terra,
3436 2628 3531 2699 qui

1960 2726 2109 2795 ipsos
2135 2725 2285 2795 justo
2313 2724 2523 2795 judicio
2552 2737 2616 2777 ac
2654 2722 2956 2776 facinorum
2997 2734 3222 2775 suorum
3246 2733 3412 2775 causa
3444 2721 3531 2774 in-

1959 2817 2130 2873 vadit.

273 3102 384 3164 ΕΙΣ
407 3108 495 3162 ΤΟ
536 3106 1017 3198 ΤΕΛρξληζΠξξ·
1043 3103 1468 3198 ἱΓὲΙΗΌΛΙ-ξῆῼΝ,
1497 3102 1650 3158 ΤΟΙΣ
1676 3103 1852 3156 ΥΙΟΙΣ

1963 3105 2013 3160 ι-
2068 3101 2135 3158 IN
2195 3091 3238 3198 “ustussensumve
3305 3098 3533 3166 ιτιιιιυε

692 3177 896 3241 ΚΟΡΕ,
930 3175 1236 3230 ΨΑΛΜΟΣ.
1284 3174 1404 3228 III".

354 3312 451 3378 Ὧς
471 3310 746 3380 ἀγαπητὰ
763 3308 836 3364 τὰ
863 3306 1222 3377 σκηνώματὰ
1245 3323 1382 3369 σου,
1404 3306 1581 3374 Κύριε
1613 3305 1731 3359 τῶν
1754 3305 1850 3359 δυ-

271 3403 526 3474 νάμεων.
542 3399 962 3455 Διαλελοιπότων
983 3398 1089 3452 τῶν
1115 3393 1851 3466 ὲπιγεγραμμένων¹ψαλμῶν

271 3497 369 3552 τοῦ
410 3495 604 3565 Ἀσάφ,
631 3490 706 3550 ὧν
729 3493 944 3567 πρῶτος
976 3493 1074 3564 μὲν
1099 3494 1127 3545 ό
1161 3490 1259 3557 ο6’,
1290 3490 1595 3552 τελευταῖος
1615 3493 1642 3542 ὁ
1677 3489 1722 3560 β’
1755 3489 1850 3542 καὶ

273 3593 351 3650 π’,
383 3587 574 3639 ἕπεται
595 3587 623 3639 ὁ
651 3584 841 3657 παρὼν
875 3584 988 3654 πγ’,
1021 3583 1139 3648 τοῖς
1168 3581 1320 3648 υἱοῖς
1337 3580 1490 3649 Κορὲ
1506 3584 1852 3652 ἐπιγεγραμ-

277 3679 456 3749 μένος,
516 3678 644 3750 περὶ
698 3670 774 3731 ὧν
822 3678 881 3730 ἐν
943 3679 1054 3740 τοῖς
1118 3673 1730 3744 προτεχνολογουμὲνοις
1780 3672 1850 3725 τὰ

274 3769 498 3836 δόξαντα
548 3768 921 3840 διειλήφαμεν.
984 3767 1348 3839 Ἐπιτηρῆσαι
1410 3765 1468 3818 δὲ
1518 3765 1846 3834 ἀναγκαῖον,

275 3861 350 3925 ὡς
368 3864 416 3916 oi
447 3863 645 3926 πάντες
668 3861 762 3916 τοῦ
791 3862 963 3931 Ἀσὰφ
987 3860 1192 3914 δώδεκα
1213 3860 1538 3931 τυγχάνουσι
1569 3860 1660 3913 τὸν
1691 3859 1852 3930 ἀριθ-

277 3953 377 4024 μὸν
406 3953 609 4026 ψαλμοί
639 3970 653 3984 ο
692 3953 966 4025 ίσάριθμοι
1009 3953 1066 4006 δὲ
1109 3951 1319 4016 τούτοις
1352 3952 1460 4006 είσὶ
1499 3953 1593 4005 καὶ
1639 3953 1689 4004 oi
1728 3953 1850 4005 ἐπι-

273 4047 647 4118 γεγραμμένοι
675 4044 792 4099 τῶν
834 4043 980 4098 υἱῶν
1019 4043 1188 4112 Κορέ.
1228 4043 1386 4096 Ἀλλὰ
1409 4043 1518 4096 τῶν
1547 4043 1677 4097 υἱῶν
1703 4043 1847 4114 Κορέ

272 4138 418 4193 ὀκτὼ
443 4141 538 4210 μὲν
565 4135 703 4210 ἦσαν
738 4138 863 4208 ἑξῆς
893 4135 1226 4208 συνημμένοι
1257 4136 1305 4188 oi
1343 4134 1450 4189 ἀπὸ
1473 4135 1566 4189 τοῦ
1602 4143 1688 4205 μα’
1711 4134 1846 4204 φαλά-

278 4232 381 4302 μοῦ
403 4249 417 4261 ο
446 4231 575 4284 οἱδέ
611 4229 888 4293 λείποντες
928 4229 1190 4300 τέσσαρες
1234 4225 1466 4281 ἐνταῦθα
1511 4227 1845 4299 πρόκεινται,

275 4323 566 4394 ἀρχόμενοι
611 4323 706 4394 μὲν
730 4322 837 4375 ἀπὸ
873 4320 967 4374 τοῦ
995 4327 1104 4390 πγ’,
1145 4319 1343 4392 ἐφεξῆς
1383 4319 1440 4372 δὲ
1468 4319 1709 4390 κείμενοι
1740 4319 1848 4372 τῶν

276 4414 771 4486 ἐπιγεγραμμένων
803 4413 896 4466 τοῦ
949 4412 1135 4482 Ἀσάφ.
1178 4411 1450 4476 Ὡσαύτως
1471 4411 1530 4465 δὲ
1558 4413 1652 4465 καὶ
1671 4412 1720 4464 οἱ
1752 4410 1846 4464 τοῦ

2294 3170 2475 3228 COBE
2512 3170 2858 3227 PSALMUS.
2883 3169 3163 3225 LXXXIII.

2029 3307 2194 3361 Vens.
2211 3306 2266 3360 9..
2288 3304 2461 3371 Quam
2477 3304 2669 3358 dilecta
2700 3303 3043 3358 tabernacula
3061 3313 3175 3365 tua,
3199 3302 3417 3356 Domine
3433 3305 3533 3357 uir-

1959 3399 2166 3452 tutum!
2197 3397 2488 3468 Postquam
2524 3395 2770 3451 defecere
2809 3397 3004 3466 psalmi
3047 3398 3228 3469 Asaph
3260 3398 3529 3468 inscripti,

1955 3505 2186 3562 quorum
2205 3491 2284 3561 pri
2295 3494 2596 3562 inuszuxn,
2610 3498 2914 3559 postremus
2929 3504 3057 3545 vero
3069 3505 3249 3546 Luxu
3266 3499 3404 3555 erat,
3416 3491 3530 3561 jam

1956 3585 2204 3655 sequitur
2243 3598 2475 3645 nitur",
2509 3582 2637 3650 ﬁliis
2661 3579 2796 3636 Core
2823 3581 3143 3651 inscriptus,
3168 3583 3448 3654 dequibus
3473 3583 3532 3638 in

1956 3677 2247 3748 disputatis
2265 3675 2516 3745 superius
2533 3674 2858 3729 sententiam
2873 3675 3189 3746 aperuimus
3205 3686 3461 3732 nostram.
3489 3675 3532 3730 E

1956 3785 2015 3824 re
2025 3776 2203 3823 autem
2223 3766 2690 3836 fueritfobservare
2705 3781 2894 3822 omnes
2910 3767 3110 3839 Asaphi
3131 3769 3372 3838 psalmos
3387 3769 3532 3824 duo-

1955 3863 2129 3919 decim
2161 3875 2388 3917 numero
2424 3876 2581 3928 esse;
2633 3859 2970 3932 totidemque
3008 3862 3100 3932 qui
3132 3862 3365 3932 ﬁliorum
3399 3861 3533 3917 Core

1957 3955 2206 4024 inscripti
2243 3963 2394 4010 sunt.
2424 3953 2626 4009 Verum
2681 3953 2916 4009 filiorum
2958 3952 3100 4009 Core
3151 3962 3278 4010 octo
3299 3954 3530 4026 "psalmi

1955 4048 2293 4118 coniunctim
2329 4045 2492 4118 positi
2521 4056 2671 4109 sunt,
2698 4062 2727 4100 a
2761 4062 2850 4101 xu
2871 4046 3122 4102 videlicet
3141 4047 3251 4102 orsi
3281 4065 3294 4101 :
3331 4046 3528 4117 reliqui

1957 4155 2086 4194 vero
2133 4145 2370 4209 quatuor
2423 4137 2514 4192 hic
2555 4144 2685 4193 sunt
2730 4137 3034 4201 constituti,
3090 4138 3416 4208 incipientes
3455 4139 3526 4192 ab

1957 4245 2162 4284 uxxnr
2195 4245 2260 4284 ac
2294 4238 2418 4301 post
2449 4245 2566 4293 eos,
2597 4228 2909 4299 quiAsaplii
2941 4231 3191 4300 inscripti
3219 4237 3369 4294 sunt,
3392 4245 3529 4284 con-

1957 4328 2248 4394 sequenter
2295 4321 2480 4392 positi.
2536 4320 2856 4389 Pariterque
2905 4334 2972 4374 ex
3010 4321 3215 4391 Asaphi
3274 4321 3526 4390 psalmis,

1955 4414 2208 4469 undecim
2253 4422 2655 4483 consequenter
2699 4413 2862 4483 positi
2903 4420 3053 4475 sunt,
3081 4427 3110 4465 a
3156 4427 3304 4465 um
3330 4427 3527 4483 nempe

289 4506 464 4576 ’Δσάφ
516 4512 582 4558 ια’
618 4504 718 4576 μέν
752 4505 854 4556 εἰσι
903 4502 1254 4573 συνημμένοι,
1296 4501 1346 4555 οί
1382 4501 1490 4554 ἀπὸ
1529 4500 1607 4554 06'
1637 4503 1730 4556 καὶ
1756 4502 1850 4554 ἐπὶ

1956 4504 2021 4558 ad
2055 4519 2263 4558 Lxxm.
2320 4503 2610 4557 Duodecim
2656 4517 2787 4557 vero
2842 4509 2968 4556 octo
3017 4501 3230 4572 priores
3287 4501 3524 4557 filiorum

273 4597 366 4651 τὸν
409 4596 515 4650 πὸν.
571 4596 628 4650 '0
651 4595 708 4648 δὲ
740 4594 804 4647 ιδ’
847 4594 972 4665 ἑξῆς
1018 4593 1418 4648 κατατέτακται
1460 4595 1573 4656 τοῖς
1615 4591 1850 4664 πρώτοις

274 4683 419 4738 ὀκτὼ
441 4684 549 4737 τῶν
580 4683 711 4736 υἱῶν
752 4683 916 4754 Κορὲ,
956 4681 1143 4754 ῶσπερ
1185 4681 1504 4745 ἀντιδόσεως
1553 4682 1849 4752 γενομένης

275 4778 364 4832 διὰ
393 4777 491 4840 τὰς
527 4778 584 4829 ὲν
623 4779 746 4839 ταῖς
791 4777 919 4847 παρ’
949 4773 1232 4845 ἑκατέροις
1271 4773 1604 4845 προφητείας
1645 4775 1852 4827 ἐπικοι-

275 4869 550 4933 νωνούσας
573 4868 824 4940 ἀλλήλαις
863 4866 1134 4937 θεωρίαις.
1166 4862 1347 4918 Ἷισαν
1384 4867 1478 4936 μὲν
1503 4863 1596 4919 οὖν
1625 4867 1674 4918 οἱ
1701 4865 1852 4939 πρῶ-

273 4979 358 5017 τοι
394 4963 500 5016 τῶν
526 4961 656 5015 υἱῶν
691 4960 833 5032 Κορὲ
862 4959 1003 5012 ὀκτὼ
1033 4957 1126 5011 τὸν
1148 4957 1401 5030 ἀριθμὸν,
1435 4960 1484 5011 οἱ
1511 4959 1712 5022 πάντες
1740 4956 1849 5013 ἀπὸ

274 5053 369 5108 τοῦ
404 5060 492 5124 μα’
520 5050 831 5125 ἀρχόμενοι,
861 5050 953 5104 καὶ
985 5050 1238 5122 λήγοντες
1263 5051 1343 5113 είς
1366 5049 1458 5103 τὸν
1483 5057 1594 5123 μη’.
1631 5052 1847 5126 Περιεῖ-

274 5165 369 5220 χον
402 5147 480 5213 δὲ,
522 5145 711 5218 ῶσπερ
754 5147 810 5198 ἐν
837 5143 1115 5215 κεφαλαίῳ
1146 5143 1341 5208 εἰπεῖν,
1375 5143 1467 5212 ἐπὶ
1496 5143 1573 5214 τῷ
1605 5145 1672 5197 ἐκ
1694 5161 1849 5216 περι-

271 5239 447 5309 τομῆς
473 5239 587 5308 λαῷ
636 5234 912 5309 κλαυθμὸν
948 5237 1042 5290 καὶ
1065 5235 1262 5308 θρῆνον
1302 5237 1396 5289 καὶ
1433 5237 1687 5308 όδυρμὺν,
1717 5240 1851 5310 Χρι-

274 5330 405 5384 στοῦ
433 5346 492 5384 τε
543 5329 841 5402 παρουσίαν
893 5330 988 5383 καὶ
1053 5328 1243 5399 κλῆσιν
1301 5327 1488 5382 ἐθνῶν.
1540 5328 1696 5384 Ἀλλὰ
1741 5331 1851 5384 τῶν

277 5423 379 5492 μὲν
411 5421 710 5494 είρημένων
740 5410 884 5475 ὀκτὼ
920 5421 1137 5493 τοιαύτη
1169 5438 1252 5484 τις
1275 5415 1342 5492 ἦν
1365 5421 1398 5493 ή
1421 5421 1675 5485 ὑπόθεσις
1693 5437 1705 5449 ⁶
1740 5423 1850 5476 τῶν

271 5514 332 5568 δὲ
377 5516 470 5569 ἐπὶ
500 5514 592 5569 τοῦ
648 5516 908 5587 παρόντος
966 5515 1458 5586 ἐπιγεγραμμένων
1522 5515 1616 5568 καὶ
1670 5516 1850 5570 αὐτῶν

273 5605 410 5658 υἱῶν
425 5606 568 5678 Κορέ
586 5607 869 5679 τεσσάρων
885 5607 1073 5670 ὄντων,
1094 5608 1142 5659 οί
1169 5607 1267 5677 μὲν
1283 5605 1500 5661 ὕστατοι
1525 5606 1618 5660 δύο
1639 5606 1851 5675 γένεσιν

275 5695 372 5750 καὶ
405 5695 632 5750 θάνατον
673 5697 838 5751 αὐτοῦ
881 5697 1316 5769 περιειλήφασιν,
1372 5696 1562 5770 ῶσπερ
1601 5698 1849 5771 ἐπίτηδες

273 5787 711 5859 ταμιευσαμὲνου
735 5786 827 5840 τοῦ
853 5787 1024 5855 Λόγου
1049 5789 1142 5841 ἐπὶ
1165 5787 1307 5840 τέλει
1334 5788 1551 5844 πάντων
1582 5789 1678 5853 τὰς
1721 5792 1847 5860 περὶ

602 5882 869 5942 Pauor“
913 5881 1029 5943 (in.
1079 5882 1314 5944 XXIII.

1950 4597 2089 4651 Core
2116 4596 2355 4665 psalmos
2390 4594 2773 4665 subsequitur;
2806 4593 2878 4648 ita
2923 4603 2980 4648 ut
3019 4607 3118 4648 ceu
3160 4601 3344 4648 mutua
3375 4610 3528 4665 quae-

1951 4688 2075 4742 dam
2112 4686 2360 4758 pensatio
2394 4685 2487 4739 Iiat
2517 4687 2586 4740 ob
2643 4687 2960 4757 prophetias
3019 4702 3139 4758 qua:
3186 4687 3240 4742 in
3274 4687 3523 4759 utrisque

1951 4793 2296 4834 communem
2353 4777 2670 4847 speculandi
2708 4793 2917 4833 morem
2951 4787 3196 4834 servant.
3231 4778 3397 4834 Erant
3427 4780 3528 4835 ita-

1950 4889 2056 4942 que
2093 4873 2300 4944 priores
2331 4873 2407 4927 illi
2441 4872 2676 4927 filiorum
2704 4871 2845 4926 Core
2890 4872 3084 4942 psalmi
3117 4880 3240 4927 octo
3271 4889 3519 4938 numero,

1951 4965 2041 5035 qui
2083 4981 2276 5020 omnes
2305 4981 2335 5020 a
2373 4979 2460 5020 xu
2501 4964 2716 5018 initium
2747 4962 2976 5028 ducunt,
2999 4972 3052 5020 ct
3081 4967 3136 5019 in
3173 4980 3339 5021 xum
3374 4965 3522 5020 desi-

1950 5065 2109 5113 nunt.
2150 5055 2188 5110 Ii
2235 5072 2383 5121 vero,
2414 5064 2473 5110 ut
2503 5056 2826 5126 compendio
2868 5056 3067 5123 dicam,
3113 5057 3180 5112 de
3212 5058 3409 5129 populo
3457 5073 3523 5113 ex

1948 5150 2370 5205 circumcisione
2401 5147 2584 5203 ﬂetum
2642 5162 2706 5202 ac
2763 5132 3062 5218 planctum,
3094 5147 3300 5206 Christi
3329 5150 3523 5205 adven-

1950 5253 2087 5307 tum,
2121 5251 2287 5313 atque
2343 5243 2685 5297 vocationem
2743 5241 3010 5312 gentium,
3069 5233 3527 5298 commemorant.

1949 5333 2063 5390 Hoc
2092 5349 2224 5390 sane
2255 5341 2339 5390 est
2364 5334 2578 5388 illorum
2604 5339 2730 5389 octo
2762 5333 3093 5404 psalmorum
3116 5339 3514 5403 argumentum.

1951 5424 2026 5479 Ex
2061 5425 2212 5479 hisce
2233 5439 2385 5488 vero,
2410 5423 2477 5480 de
2503 5424 2704 5494 quibus
2721 5438 2868 5478 nunc
2895 5425 3099 5496 agitur,
3127 5423 3360 5477 filiorum
3379 5418 3520 5476 Core

1949 5515 2173 5589 psalmis
2204 5522 2440 5586 quatuor
2487 5531 2738 5582 numero,
2768 5515 2878 5572 duo
2929 5513 3189 5586 postremi
3244 5523 3422 5566 ortum
3463 5521 3519 5570 et

1950 5617 2176 5662 mortem
2223 5605 2534 5663 Servatoris
2563 5607 3004 5676 complectuntur
3033 5620 3047 5658 :
3073 5618 3138 5657 ac
3186 5601 3230 5655 si
3263 5601 3519 5661 videlicet

1949 5697 2231 5769 Scriptura
2261 5698 2504 5754 omnium
2529 5697 2787 5751 vaticinia
2817 5696 2870 5750 in
2891 5695 2995 5749 fine
3022 5707 3294 5764 exponere
3323 5710 3518 5767 oppor-

1946 5801 2076 5848 tunc
2114 5789 2216 5848 sibi
2269 5790 2586 5848 reservarit.
2618 5787 2784 5843 Multa
2819 5792 3000 5840 autem
3033 5783 3100 5839 de
3139 5783 3258 5853 eius
3285 5796 3412 5846 ortu
3457 5790 3516 5847 in

3158 5879 3238 5942 32
