3988 6204
427 312 574 380 ιοοδ·

1142 315 1412 374 EUSEBll
1449 311 1924 371 CAESARIENSiS
1963 309 2114 370 OPP.
2156 302 2338 364 PARS
2377 305 2956 363 lll.-—EXEGETICA.

3526 296 3673 353 ποθι

427 445 628 496 mm
684 441 915 495 obscure
959 438 1410 505 subindicantur;
1436 447 1490 492 at
1537 437 1709 492 multo
1753 436 1908 505 plura
1940 442 1993 488 et

2112 432 2296 485 τούτων
2351 431 2682 503 προρρήσεις
2716 427 2968 497 ἐκφῆναι.
3015 423 3188 487 Πολὺς
3235 417 3362 492 γοῦν
3391 416 3460 492 ἦν
3483 419 3514 472 6
3541 419 3675 489 περὶ

431 532 782 602 profundiora
835 530 903 586 de
932 537 1106 586 morte
1136 530 1256 599 ejus
1307 545 1471 600 quam
1532 535 1631 598 pro
1681 527 1995 583 hominibus

429 623 711 685 sustinuit,
745 622 839 692 qui
877 630 1184 692 postremus
1211 622 1447 688 ﬁliorum
1483 618 1619 673 Core
1650 617 1991 679 inscribitur,

428 723 621 783 nempe
651 716 873 767 LXXXVII
914 713 1318 782 complectitur.
1354 710 1471 765 Duo
1504 717 1681 763 autem
1710 708 1802 777 qui
1827 707 1880 761 in
1913 707 1997 762 bis

428 803 662 872 primum
691 803 876 857 locum
902 811 1195 872 occupant,
1239 801 1452 856 scilicet
1495 801 1582 854 hic
1609 814 1769 869 quem
1801 807 1999 852 tracta-

427 909 553 950 mus
572 902 627 949 et
666 896 1032 964 subsequens,
1067 894 1187 963 ejus
1218 893 1286 948 ad
1316 893 1565 946 homines
1593 892 1904 955 adventum,
1945 897 1999 944 et

428 987 687 1058 praeclara
726 1002 847 1049 qua:
871 987 961 1041 hic
989 987 1238 1041 editurus
1276 995 1394 1041 erat
1429 994 1578 1056 gesta
1609 984 1994 1038 vaticinautur.

428 1077 532 1133 Hic
577 1092 743 1148 porro
790 1075 1134 1140 inscribitur,
1163 1073 1225 1127 In
1271 1073 1447 1143 finem,
1479 1088 1572 1142 pro
1623 1069 1996 1124 torcularibus.

428 1157 676 1240 Cumque
715 1177 828 1225 tres
868 1168 979 1223 sint
1007 1167 1100 1238 qui
1129 1167 1231 1221 hoc
1260 1167 1418 1220 titulo
1449 1163 1825 1218 inscribuntur
1860 1181 1873 1215 :
1913 1160 2000 1214 hic

340 1329 341 1332 η
428 1278 495 1317 ex
521 1276 710 1316 eorum
745 1275 973 1315 numero
999 1273 1094 1328 pro
1121 1248 1476 1312 torcularibus
1515 1253 1766 1310 similiter
1803 1249 2001 1305 inscri-

429 1359 556 1424 ptus
581 1360 695 1418 est;
727 1351 1021 1419 itidemque
1052 1363 1150 1403 vm
1185 1355 1240 1403 et
1271 1363 1436 1401 Lxxx.
1470 1346 1667 1400 Verum
1707 1359 1773 1397 ex
1802 1342 1869 1397 iis
1893 1339 2001 1395 duo

346 1485 348 1487 μ
427 1435 818 1513 nuncupantur
873 1441 1095 1512 psalmi,
1157 1439 1414 1494 nimirum
1473 1451 1568 1490 νιιι
1624 1443 1678 1490 et
1733 1447 1996 1504 praesens.

345 1548 348 1552 ‘
429 1537 612 1604 Quare
640 1534 929 1606 praesentia
967 1535 1109 1588 bona
1159 1531 1503 1587 denuntiant.
1541 1543 1682 1582 Lxxx
1728 1539 1854 1580 vero
1889 1522 2000 1576 Pro

431 1625 788 1682 torcularibus
813 1623 1032 1693 quidem
1077 1622 1375 1690 inscriptus
1415 1625 1530 1681 est,
1564 1615 1661 1672 sed
1706 1630 1817 1669 non
1855 1613 2002 1684 psal-

437 1737 579 1784 mus,
613 1719 742 1790 quia
774 1725 966 1773 contra
991 1715 1245 1772 lsraelem
1279 1712 1458 1766 tristia
1488 1707 1734 1780 quadam
1765 1706 2002 1776 comple-

2095 527 2194 596 τῆς
2221 524 2482 593 γενέσεως
2510 523 2674 577 αὐτοῦ
2700 521 2876 589 λόγος,
2910 520 2977 590 ἣν
3010 522 3068 573 ἐν
3098 516 3177 588 τῷ
3204 522 3300 582 πς¹
3324 513 3522 585 ψαλμῷ
3550 514 3674 565 ἐπι-

2098 616 2494 687 κεκρυμμένως
2514 613 2733 685 ᾐνίξατο
2751 630 2762 642 '
2797 613 2890 665 καὶ
2910 610 3204 663 ἐπιπλείων
3241 608 3338 663 καὶ
3373 606 3675 678 βαθύτερος

2097 709 2125 759 6
2152 707 2279 777 περὶ
2321 705 2414 758 τοῦ
2441 704 2668 757 Θανάτου
2706 702 2892 764 αὐτοῦ,
2916 701 2974 754 ὃν
3022 701 3159 771 ὑπὲρ
3203 699 3505 770 ἀνθρώπων
3541 698 3672 749 ἀνε-

2097 797 2302 864 δέξατο,
2321 796 2470 860 δς’ἕνι
2493 796 2599 848 τῶν
2620 796 2832 849 πάντων
2843 791 3332 864 ἐπιγεγραμμένων
3352 788 3498 844 υἱῶν
3519 786 3676 854 Κορὲ

2097 891 2430 952 τελευταῖος·
2455 888 2597 956 λέγω
2623 887 2682 940 δέ
2713 886 2791 957 τῷ
2817 886 2905 950 πζ¹
2940 885 3342 957 περιείληπται.
3381 884 3442 936 Ol
3465 882 3526 934 δὲ
3545 879 3675 933 τού-

2097 1001 2205 1037 των
2228 982 2516 1053 ⁴ἡγούμενοι
2565 980 2660 1033 δύο
2705 979 2931 1050 ψαλμοὶ,
2970 979 2998 1032 6
3035 994 3095 1029 τε
3133 977 3270 1047 μετὰ
3304 978 3489 1046 χεῖρας
3528 973 3676 1027 καὶὸ

2101 1074 2226 1146 ἑξῆς
2255 1074 2422 1146 αὐτῷ,
2448 1073 2545 1145 τὴν
2576 1076 2655 1136 εἰς
2687 1072 3006 1144 ἀνθρώπους
3050 1069 3214 1126 αὐτοῦ
3249 1068 3550 1138 παρουσίαν
3575 1069 3677 1120 καί

2099 1168 2166 1222 τὰ
2191 1169 2283 1221 ἐπῖ⁹
2319 1167 2487 1238 ταύτῃ
2540 1165 2936 1237 κατορθώματα
2971 1163 3333 1227 θεσπίζουσιν.
3360 1161 3430 1215 Ὃ
3456 1177 3521 1227 γε
3563 1160 3677 1230 μὴν

2100 1260 2456 1332 προκείμενος
2495 1259 2914 1328 ἐπιγέγραπται,
2949 1258 3034 1321 είς
3055 1254 3120 1308 τὸ
3155 1254 3348 1317 τέλος,
3379 1250 3532 1318 ὑπὲρ
3552 1249 3677 1303 τῶν

2099 1350 2322 1418 ληνῶν.
2367 1349 2544 1421 Τριῶν
2581 1348 2636 1400 δὲ
2684 1346 2850 1399 ὅντων
2879 1346 2987 1398 τῶν
3023 1345 3121 1416 τὴν
3157 1343 3410 1414 τοιαύτην
3443 1344 3675 1410 ἐπιγρα-

2102 1442 2206 1512 φὴν
2234 1442 2482 1512 ἐχόντων,
2509 1437 2588 1504 εἷς
2619 1443 2718 1512 μὲν
2755 1437 2908 1506 οὗτος
2936 1441 3216 1511 τυγχάνει·
3245 1436 3445 1507 ὁμοίως
3465 1434 3523 1487 δέ
3551 1435 3676 1485 ἐπι-ι

2101 1533 2408 1604 γέγραπται
2441 1534 2536 1586 καὶ
2580 1536 2608 1586 ὁ
2648 1540 2719 1603 η’,
2769 1533 2862 1586 καί
2913 1531 3071 1586 πάλιν
3104 1533 3132 1584 6
3162 1534 3233 1582 π’.
3276 1525 3436 1580 Ἀλλὰ
3462 1525 3670 1578 τούτων

2105 1627 2202 1698 μὲν
2245 1626 2336 1680 δύο
2376 1625 2772 1698 ὠνομάσθησαν
2793 1626 3011 1698 ψαλμοί,
3037 1626 3065 1677 6
3097 1640 3155 1676 τε
3195 1627 3244 1693 η’
3273 1621 3368 1673 καὶ
3393 1621 3422 1672 6
3455 1617 3668 1689 παρών.

2101 1718 2192 1772 Διὸ
2215 1717 2464 1790 χρηστῶν
2506 1717 2786 1789 παρόντων
2834 1714 3171 1784 ἀπαγγελίας
3202 1711 3563 1784 περιέχουσιν.
3611 1709 3676 1759 Ὀ

431 1785 713 1866 ctitur.-Hi
741 1825 906 1881 porro
944 1816 1057 1862 tres
1080 1805 1194 1859 Pro
1220 1800 1578 1857 torcularibus
1611 1797 1887 1867 inscripti,
1930 1794 1999 1850 ad

2112 1813 2157 1866 δὲ
2351 1785 2628 1882 μὲνὙπὲρ
2653 1809 2771 1863 τῶν
2800 1807 3024 1876 ληνῶν,
3053 1807 3113 1858 ού
3146 1804 3250 1875 μὴν
3286 1803 3377 1855 καὶ
3403 1800 3672 1870 ψαλμὸς,

430 1898 544 1961 tres
574 1917 840 1974 personas
869 1899 1187 1972 pertinent;
1220 1903 1449 1950 octavus
1483 1907 1681 1962 nempe
1725 1891 1792 1946 ad
1842 1889 2005 1945 Davi-

431 2000 578 2061 dem,
610 2012 754 2051 Lux
785 1993 852 2048 ad
891 1992 1193 2063 Asapbum,
1225 1990 1316 2043 hic
1347 2003 1477 2043 vero
1506 2001 1666 2057 quem
1702 1991 2003 2040 tractamus

433 2090 499 2144 ad
535 2089 674 2143 ﬁlios
703 2086 860 2142 Core.
895 2084 1071 2153 Atque
1116 2081 1320 2152 pariter
1364 2078 1526 2133 iidem
1557 2087 1667 2132 tres
1693 2075 2005 2130 inscribun-

433 2188 522 2236 tur
547 2182 602 2234 in
623 2180 802 2249 ﬁnem,
829 2177 1011 2246 idque,
1047 2184 1105 2229 ut
1132 2173 1387 2238 arbitror,
1423 2169 1493 2225 ob
1519 2168 1840 2240 prephetias
1868 2182 2005 2238 quas

433 2265 684 2336 ederunt,
707 2287 827 2342 quae
856 2271 912 2324 in
942 2267 1045 2324 line
1069 2275 1375 2336 temporum
1404 2272 1458 2320 et
1491 2264 1546 2319 in
1575 2261 2005 2317 consummatio--

433 2382 504 2422 ne
535 2365 724 2421 saeculi
757 2363 1040 2433 completa:
1076 2368 1226 2416 sunt.

503 2547 642 2603 Olim
672 2543 891 2616 quidem
922 2533 1046 2596 eum
1076 2553 1183 2593 una
1205 2543 1350 2592 esset
1379 2535 1538 2589 vinea
1566 2534 1634 2588 de
1662 2543 1768 2602 qua
1798 2530 2005 2585 dictum

352 2628 355 2630 ’
433 2649 538 2706 est,
566 2640 710 2693 Nam
737 2639 886 2693 vinea
914 2635 1128 2689 Domini
1158 2629 1413 2697 Sabaoth,
1432 2628 1616 2682 domus
1646 2624 1820 2680 Israel
1842 2633 1920 2678 est
1939 2624 2003 2690 ‘9;

431 2749 602 2789 unum
637 2747 737 2788 ceu
793 2729 1031 2785 torcular
1086 2731 1146 2781 in
1207 2725 1300 2779 illa
1355 2729 1493 2790 erat,
1549 2719 1710 2789 cujus
1762 2716 2007 2773 meminit

433 2828 606 2883 Isaias
648 2841 713 2881 ex
767 2836 1000 2894 persona
1053 2817 1290 2883 Domini,
1324 2813 1514 2869 dicens
1570 2830 1584 2866 :
1623 2811 1693 2864 Et
1739 2809 2007 2879 aediﬁcari

436 2918 648 2982 turrim,
675 2924 724 2970 et
749 2912 1084 2984 protorcular
1106 2909 1216 2979 fodi
1248 2909 1301 2961 in
1323 2923 1385 2960 ea
1407 2906 1476 2960 '°.
1508 2903 1608 2958 Per
1637 2901 1830 2956 turrim
1853 2915 2002 2964 vero,

436 3009 997 3080 Hierosolymitanum
1027 3003 1257 3058 fortasse
1284 2999 1543 3068 templum
1576 2994 1872 3066 signiﬁcat,
1909 3007 2007 3058 per

435 3101 782 3177 protorcular
824 3105 1028 3159 autem,
1059 3093 1229 3149 altare
1271 3092 1334 3146 in
1384 3088 1584 3159 templo
1614 3087 1778 3142 situm
1813 3103 1826 3139 :
1859 3083 2006 3154 quod

440 3176 574 3254 sane
601 3193 797 3248 merito
829 3203 939 3245 non
975 3185 1238 3250 torcular,
1268 3183 1364 3239 sed
1393 3177 1736 3252 protorcular
1770 3176 2006 3240 vocavit,

439 3287 569 3359 quia
614 3280 993 3355 spiritualibus
1023 3275 1331 3347 corporalia
1373 3270 1660 3342 praeibam,
1709 3275 1764 3322 et
1797 3265 2007 3320 Novum

438 3379 848 3436 Testamentum
882 3388 912 3426 a
943 3371 1124 3426 Veteri
1173 3363 1519 3438 prmceditur,
1566 3363 1711 3433 quod
1765 3359 2010 3433 symbola

439 3470 816 3542 imaginesque
845 3462 1096 3520 veritatis
1135 3459 1277 3531 apud
1324 3456 1544 3513 Iudaeos
1592 3451 1955 3509 conservabat
1991 3469 2006 3504 :

439 3566 566 3622 ideo
593 3563 765 3617 altare
806 3558 1050 3629 ipsorum
1098 3568 1206 3607 non
1250 3549 1512 3610 torcular,
1540 3545 1635 3602 sed
1665 3543 2012 3616 protorcular

436 3657 758 3718 vocabatur.
791 3654 861 3710 At
891 3665 1015 3706 cum
1043 3662 1153 3702 una
1183 3651 1328 3701 esset
1355 3643 1533 3703 vinea,
1558 3655 1725 3694 unum
1755 3645 1874 3692 erat
1903 3647 2013 3690 tor-

439 3751 616 3816 cular,
650 3746 813 3802 unius
843 3741 1034 3812 templi
1076 3739 1266 3793 altare.
1310 3733 1447 3790 Tres
1494 3746 1660 3803 porro
1713 3727 1908 3800 psalmi
1947 3725 2015 3782 de

439 3842 641 3914 quibus
661 3839 774 3913 jam
799 3849 1001 3900 sermo,
1034 3845 1145 3886 non
1176 3843 1368 3893 unum,
1401 3825 1500 3895 sed
1532 3825 1686 3896 plura
1719 3818 2015 3877 toreularia

441 3911 772 3999 memorant,
805 3927 961 3999 queis
1020 3923 1338 3979 indicant-ur
1404 3916 1652 3974 ecclesia:
1705 3911 2013 3969 Servatoris

442 4025 622 4081 nostri
672 4029 849 4077 totum
902 4033 1000 4089 per
1051 4016 1241 4071 orbem
1291 4010 1620 4067 constitutae.
1653 4005 1711 4060 In
1758 4002 2013 4074 praesenti

442 4131 596 4181 vero,
629 4113 816 4169 statim
873 4110 1076 4165 dicitur
1133 4106 1190 4160 in
1245 4102 1428 4165 titulo,
1472 4099 1581 4154 Pro
1625 4095 2014 4152 torcularibus:

442 4225 572 4266 mox
621 4202 1010 4263 subsumitur-:
1057 4199 1233 4266 Quam
1291 4193 1485 4252 dilecta
1517 4188 1858 4244 tabernacula
1904 4195 2014 4249 tua,

447 4299 674 4356 Domine
700 4292 991 4351 virtutum!
1019 4289 1222 4361 quibus
1255 4298 1393 4358 pene
1425 4282 1739 4338 declaratur
1765 4291 2014 4350 quaenam

444 4395 537 4450 illa
579 4389 870 4464 praemissa
926 4381 1283 4440 tabernacula
1335 4377 1560 4433 fuerint.
1591 4374 1780 4429 Palam
1817 4371 2019 4443 quippe

2103 1903 2191 1958 διὰ
2223 1903 2282 1956 τὸ
2316 1902 2615 1972 σκυθρωπά
2651 1917 2774 1954 τινα
2811 1901 3082 1971 περιέχειν
3122 1894 3261 1950 κατὰ
3292 1892 3386 1947 τοῦ
3434 1892 3673 1963 Ἰσραήλ.

2104 1999 2264 2069 Τρεῖς
2277 1997 2332 2049 δὲ
2351 1997 2500 2059 ὄντες
2522 1997 2571 2048 οί
2606 1993 2773 2062 Ὑπὲρ
2794 1989 3142 2058 τῶνληνῶν,
3161 1988 3339 2061 τρισὶν
3359 1987 3674 2041 ἀνάκεινται

2104 2087 2414 2162 προσώποις
2435 2101 2449 2116 ⁶
2489 2089 2516 2140 6
2561 2086 2658 2157 μὲν
2681 2092 2729 2156 η’
2755 2083 2833 2155 τῷ
2858 2081 3037 2148 Δαυῖδ,
3070 2084 3099 2135 6
3129 2080 3183 2132 δὲ
3221 2086 3274 2132 π’
3298 2079 3376 2150 τῷ
3421 2077 3614 2146 Ἀσάφ,
3647 2081 3679 2130 6

2104 2183 2161 2236 δέ
2195 2181 2332 2254 μετά
2357 2184 2542 2252 χεῖρας
2571 2183 2680 2243 τοῖς
2705 2180 2840 2240 υἱοῖς
2865 2175 3029 2248 Κορὲ.
3059 2174 3172 2228 Καὶ
3197 2171 3502 2244 συμφώνως
3534 2187 3597 2238 γε
3624 2171 3673 2223 οε

2105 2277 2251 2347 τρεῖς
2300 2273 2693 2344 ἐπιγράφονται
2719 2273 2805 2336 είς
2831 2269 2898 2322 τὸ
2929 2269 3123 2332 τέλος,
3147 2265 3221 2328 ὡς
3254 2261 3427 2335 οἴμαι,
3463 2262 3550 2316 διὰ
3575 2262 3677 2324 τὰς

2105 2369 2163 2421 ἐν
2186 2367 2365 2430 αὐτοῖς
2399 2363 2752 2436 προφητείας,
2788 2363 2866 2424 εἰς
2903 2359 2962 2411 τὸ
3007 2357 3158 2420 τέλος
3188 2355 3295 2408 τῶν
3325 2353 3552 2425 καιρῶν,
3577 2351 3676 2405 καὶ

2106 2462 2198 2514 ἐπὶ
2225 2459 2503 2530 συντελείᾳ
2529 2457 2623 2510 τοῦ
2649 2455 2841 2518 αἰῶνος
2862 2449 3314 2512 ἐπιτελεσθείσας.

2177 2547 2350 2602 Πάλαι
2383 2548 2476 2618 μέν
2501 2542 2613 2610 οὖν,
2644 2546 2718 2608 ὡς
2749 2545 2812 2598 ἂν
2839 2543 2954 2605 ἐνὸς
2981 2540 3313 2612 ὑπάρχοντος
3336 2537 3676 2609 ἀμπελῶνος,

2108 2642 2234 2712 περὶ
2261 2636 2321 2695 οὗ
2353 2642 2555 2712 εἴρητο,
2598 2639 2659 2691 '0
2701 2637 2810 2707 γὰρ
2847 2634 3130 2706 ἁμπελὼν
3173 2632 3392 2700 Κυρίου
3436 2630 3681 2684 Σαϐαὼθ

2107 2729 2269 2799 οἶκος
2313 2732 2419 2786 τοῦ
2454 2729 2689 2799 Ἰσραήλ
2712 2729 2870 2782 ἐστι·
2925 2727 3021 2798 μία
3067 2725 3256 2796 ὥσπερ
3303 2723 3460 2794 ληνὸς
3503 2721 3570 2795 ἦν
3621 2726 3679 2776 ἐν

2107 2822 2275 2892 αὐτῷ,
2309 2819 2376 2894 ἧς
2404 2823 2672 2892 μέμνηται
2699 2822 2728 2872 ὁ
2762 2820 2983 2881 Ἡσαΐας
3015 2819 3078 2871 ἐκ
3111 2814 3398 2890 προσώπου
3435 2815 3529 2868 τοῦ
3567 2816 3681 2867 Κυ-

2110 2917 2224 2988 ρίου
2257 2916 2460 2984 λέγων⁶
2494 2915 2605 2967 Kal
2646 2913 2999 2982 ᾠκοδόμησα
3033 2911 3282 2980 πύργον,
3321 2909 3414 2962 καὶ
3451 2909 3679 2977 προ.ἰή-

2107 3026 2239 3063 mor
2263 3007 2462 3076 ὥρυξα
2492 3008 2561 3061 ἐν
2586 3004 2763 3071 αὐτῷ.
2812 3005 3104 3074 Ἐσὴμαινε
3149 3003 3204 3055 δέ
3247 3001 3391 3073 ἄρα,
3439 2999 3529 3053 διά
3582 2999 3682 3070 μὲν

2109 3100 2202 3154 τοῦ
2242 3100 2452 3172 πύργου
2499 3099 2588 3152 τὸν
2636 3100 2693 3150 ἐν
2731 3096 3120 3169 Ἰεροσολύμοις
3164 3092 3320 3158 νεὼν,
3357 3092 3446 3145 διὰ
3485 3092 3543 3145 δὲ
3587 3089 3684 3144 τοὸ

2113 3192 2402 3265 προληνίου
2437 3192 2497 3245 τὸ
2541 3191 2675 3262 πρὸς
2710 3189 2790 3260 τῷ
2832 3189 2943 3260 ναῷ
2999 3187 3409 3258 θυσιαστήριον,
3453 3186 3589 3253 ὅπερ
3621 3185 3683 3237 οὐ

2112 3287 2290 3358 ληνὸν,
2339 3285 2474 3340 ἀλλὰ
2524 3285 2806 3354 προληνιον
2858 3281 3158 3352 ὠνόμασεν,
3192 3280 3446 3342 είκότως·
3497 3276 3682 3346 ἐπειδὴ

2110 3377 2218 3433 τῶν
2262 3376 2464 3447 νοητῶν
2505 3373 2572 3427 τὰ
2634 3370 2918 3442 σωματικά
2961 3370 3268 3440 προηγεῖτο,
3306 3367 3402 3420 καὶ
3441 3364 3545 3436 πρὸ
3585 3362 3687 3432 τῆς

2113 3467 2322 3538 Καινῆς
2349 3466 2620 3538 Διαθήκης
2649 3466 2682 3534 ἡ
2711 3461 2910 3517 παλαιά
2939 3459 3178 3530 σύμϐολα
3213 3457 3308 3510 καλ
3343 3455 3554 3517 εἰκόνας
3577 3453 3687 3504 τῶν

2063 3617 2068 3624 ,
2114 3559 2327 3630 ἀληθῶν
2353 3559 2502 3629 παρὰ
2533 3556 2803 3618 Ἰουδαίοις
2827 3552 3150 3622 ἐφυλάττετο
3169 3567 3182 3580 ·
3208 3549 3392 3618 διόπερ
3420 3547 3480 3599 οὐ
3504 3543 3682 3615 ληνὸς,

2114 3651 2250 3706 ἀλλὰ
2279 3651 2565 3722 προλήνιον
2587 3645 2895 3717 ὠνομάζετο
2925 3643 2984 3696 τὸ
3005 3644 3132 3712 παρ’
3153 3640 3376 3698 ἐκείνοις
3401 3635 3687 3703 θυσιαστήσ-

2119 3759 2251 3814 ριον.
2299 3742 2383 3804 Ὠς
2419 3739 2535 3802 ἐνὸς
2576 3739 2633 3791 δὲ
2667 3736 2760 3790 τοῦ
2795 3733 3134 3806 ἀμπελῶνος,
3171 3730 3267 3802 μία
3297 3725 3362 3801 ἦν
3395 3726 3554 3781 πάλαι
3585 3724 3689 3796 λη-

2115 3836 2225 3900 νὸς,
2260 3836 2354 3891 καὶ
2387 3835 2503 3897 ἐνὸς
2533 3831 2660 3886 ναοῦ
2688 3831 3090 3900 θυσιαστήριον.
3112 3827 3174 3879 οἱ
3198 3825 3255 3877 δὲ
3283 3825 3340 3876 ἐν
3363 3821 3439 3892 τῷ
3463 3819 3692 3890 παρόντι

2117 3927 2430 4000 δηλούμενοι
2479 3927 2625 3996 τρεῖς
2672 3922 2875 3993 ψαλμοὶ
2925 3920 2984 3972 οὐ
3029 3919 3157 3989 περὶ
3186 3917 3334 3987 μιᾶς,
3377 3913 3512 3967 ἀλλὰ
3563 3911 3696 3982 περὶ

2119 4019 2326 4074 πολλῶν
2361 4014 2751 4090 μνημονεύουσι
2783 4011 2977 4084 ληνῶν,
3009 4010 3115 4062 τῶν
3148 4007 3250 4061 ἀνὰ
3288 4008 3465 4060 πᾶσαν
3498 4003 3596 4075 τὴν
3621 4006 3696 4056 οἰ-

2119 4114 2388 4184 κουμένην
2421 4110 2513 4162 τοῦ
2556 4108 2804 4179 Σωτῆρος
2836 4103 2990 4175 ἡμῶν
3029 4100 3329 4172 ἐκκλησιῶν
3374 4097 3562 4151 τοῦτον
3604 4097 3695 4166 δη-

2118 4204 2392 4276 λουμένων
2421 4201 2512 4254 τὸν
2542 4201 2760 4271 τρόπον.
2795 4195 3002 4249 Αὐτίκα
3037 4192 3124 4246 διὰ
3164 4191 3270 4244 τῶν
3320 4188 3696 4260 προκειμένων

2121 4295 2334 4367 εἴρηται
2399 4293 2494 4364 μὲν
2541 4292 2598 4342 ἐν
2644 4291 2709 4360 τῇ
2765 4286 3060 4358 προγραφῇ
3101 4282 3249 4350 ὑπὲρ
3295 4279 3414 4334 τῶν
3455 4276 3694 4347 ληνῶν·

2121 4389 2247 4460 ἐξῆς
2289 4387 2346 4440 δὲ
2392 4383 2733 4452 ἐπιλέγεται·
2780 4383 2872 4447 Ὡς
2909 4377 3182 4450 ἀγαπητὰ
3225 4376 3294 4428 τὰ
3338 4370 3698 4440 σκηνώματὰ

443 4461 645 4543 dicitur
675 4497 799 4540 esse
827 4477 1179 4536 tabernacula
1208 4471 1446 4537 Domini,
1465 4468 1718 4526 videlicet
1753 4465 2009 4524 ecclesias

2119 4497 2254 4545 σου,
2300 4478 2474 4545 Κύριε
2510 4474 2628 4529 τῶν
2664 4470 3012 4542 δυνάμεων]
3055 4466 3332 4540 μονονουχὶ
3375 4461 3700 4533 σαφηνίζον-

448 4577 593 4648 ejus,
613 4574 817 4646 quasin
837 4563 1421 4641 sequentibusjclarius
1449 4560 1536 4617 his
1563 4560 1746 4618 verbis
1775 4573 2017 4614 comme-

455 4677 641 4726 morat
662 4686 674 4720 :
694 4663 938 4718 —Vtzas.
956 4663 1009 4716 ’5.
1029 4656 1364 4726 Concupiscit
1383 4665 1432 4709 et
1449 4653 1627 4724 deﬁcit
1643 4653 1822 4705 anima
1834 4668 1948 4705 mea
1963 4651 2017 4703 in

451 4761 595 4815 atria
617 4757 849 4811 Domini.
878 4753 990 4808 Sub
1011 4751 1125 4804 hazc
1141 4765 1335 4804 rursus
1367 4747 1441 4801 ait
1469 4765 1482 4801 :
1510 4745 1723 4798 Allaria
1754 4754 1867 4810 tua,
1907 4742 2018 4796 Do-

457 4853 602 4927 mine.
631 4849 905 4904 virtutum.
946 4844 1023 4898 Ac
1053 4840 1377 4913 perpendas,
1409 4851 1616 4908 quaeso,
1649 4851 1831 4890 annon
1875 4834 2016 4906 pari,

451 4955 616 5015 atque
630 4942 688 4996 in
705 4941 862 4999 titulo
873 4937 967 5009 qui
991 4935 1098 4989 Pro
1115 4932 1470 4988 torcularibus
1485 4929 1762 4992 scribitur,
1781 4927 2024 4982 oratione

455 5037 810 5096 tabernacula
835 5031 1122 5106 pluraliter
1141 5029 1539 5100 exprimantur,
1567 5025 1862 5093 itidemque
1886 5022 2026 5075 atria

453 5143 507 5189 et
533 5128 762 5192 altaria;
800 5126 873 5179 ita
923 5132 982 5178 ut
1013 5139 1123 5178 non
1170 5122 1282 5191 jam
1334 5120 1617 5189 antiquum
1665 5116 1799 5172 illud
1853 5130 2022 5169 unum

455 5219 869 5292 tabernaculum
895 5215 1248 5286 Jerosolymis
1282 5214 1596 5276 situm,.non
1623 5224 1790 5264 unum
1825 5207 2023 5262 ibidem

455 5319 694 5390 positum
749 5309 941 5372 altare,
974 5323 1082 5362 non
1132 5322 1301 5359 unum
1361 5305 1560 5358 atrium
1614 5303 1803 5357 eodem
1840 5300 2025 5356 consi-

456 5422 607 5469 stens
636 5399 794 5470 loco;
823 5401 920 5458 sed
964 5401 1220 5454 universa
1252 5413 1348 5467 per
1377 5398 1564 5452 orbem
1601 5395 1814 5458 altaria,
1846 5393 2026 5448 taber-

455 5502 654 5559 nacula
685 5507 739 5554 et
757 5495 893 5551 atria
924 5493 1013 5562 hic
1035 5489 1315 5559 Scriptura
1345 5488 1751 5559 signiticet.Alii
1783 5486 2023 5556 quidem,

458 5597 554 5658 ait,
587 5591 694 5647 alia
730 5589 964 5660 diligunt
991 5594 1044 5642 et
1089 5583 1266 5653 mag-ni
1302 5582 1540 5648 faciunt;
1567 5582 1697 5637 mihi
1725 5595 1876 5643 vero,
1914 5577 2020 5631 Do-

472 5779 476 5782 ~
532 5749 573 5780 “
611 5745 715 5805 lsa.
753 5763 806 5813 v,
845 5746 894 5802 7.
972 5745 1016 5777 ¹⁰
1057 5741 1190 5808 ibid.
1217 5741 1272 5796 2.

778 5850 782 5854 ’
1462 5843 1478 5883 i

2123 4588 2214 4634 τος
2238 4569 2331 4622 τοῦ
2369 4567 2527 4636 λόγου
2556 4566 2650 4629 τὰς
2688 4561 3126 4636 προτεταγμέναις
3165 4557 3374 4628 ληνοὺς,
3396 4555 3540 4617 τίνες
3571 4553 3702 4605 ποτὲ

2123 4658 2255 4718 εἷεν.
2277 4661 2436 4732 Δηλοῖ
2467 4661 2574 4730 γὰρ
2614 4657 2814 4720 ταύτας
2842 4652 2978 4709 εἶναι
3011 4653 3080 4707 τὰ
3110 4650 3438 4722 σκηνώματα
3473 4645 3568 4699 τοῦ
3592 4647 3703 4698 Κυ-

2129 4757 2264 4829 ρίου,
2297 4752 2497 4825 δηλαδὴ
2538 4750 2638 4814 τὰς
2677 4747 2968 4818 ἐκκλησίας
3010 4743 3196 4807 αὑτοῦ,
3234 4742 3300 4804 ἃς
3347 4738 3553 4812 προῖὼν
3583 4737 3704 4790 λευο

2129 4849 2348 4921 κότερον
2398 4844 2558 4899 πάλιν
2604 4841 2858 4914 ὀνομάζει
2900 4839 3099 4907 λέγων*
3145 4832 3437 4888 Ἐπιποθεῐ
3475 4830 3572 4885 καί
3614 4829 3706 4883 ἐκ·

2127 4940 2322 5005 λείπει
2349 4940 2387 5005 ή
2417 4934 2586 5005 ψυχή
2628 4952 2746 5004 μου
2788 4935 2874 4998 εὶς
2921 4930 3025 4994 τὰς
3061 4926 3257 4991 αὐλὰς
3299 4922 3406 4977 τοῦ
3460 4921 3703 4987 Κυρίου.

2131 5030 2244 5086 Καὶ
2267 5025 2420 5092 αὖθις
2453 5025 2657 5098 προϊών
2689 5041 2856 5097 φησι’
2900 5021 2976 5077 Τὰ
3007 5014 3402 5084 θυσιαστήριά
3439 5029 3577 5078 σου,
3597 5012 3709 5066 Kri-

2123 5139 2220 5191 ριε
2257 5120 2376 5174 τῶν·
2415 5117 2742 5187 δυνάμεων.
2792 5115 2902 5167 Καὶ
2943 5114 3055 5183 ὅρα
3082 5112 3129 5163 εί
3181 5107 3253 5180 μὴ
3294 5104 3600 5176 συμφώνως
3644 5106 3707 5174 τῇ

2131 5215 2424 5285 προγραφῇ
2468 5209 2620 5277 ὑπὲρ
2665 5207 2783 5262 τῶν
2821 5203 3025 5273 ληνῶν
3058 5199 3385 5272 περιεχούσῃ
3423 5195 3709 5265 πληθυντι-

2133 5305 2246 5367 κῶς
2273 5303 2343 5356 τά
2374 5300 2704 5372 σκηνώματα
2729 5299 2960 5370 εἴρηται,
2996 5295 3088 5348 καὶ
3121 5292 3280 5345 αὐλαὶ
3309 5291 3403 5342 καὶ
3427 5287 3494 5340 τά
3523 5286 3712 5340 θυσια-

2137 5395 2350 5466 στήρια,
2384 5391 2566 5462 σαφῶς
2597 5390 2689 5443 τοῦ
2729 5389 2885 5456 λόγου
2919 5386 3099 5439 οὐκέτι
3136 5383 3196 5436 τὸ
3236 5380 3461 5434 παλαιὸν
3490 5378 3548 5430 ἓν
3578 5379 3710 5447 σκή-

2135 5503 2294 5557 νωμα
2311 5487 2376 5538 ἐν
2413 5482 2821 5554 Ἱεροσολύμοις,
2854 5479 2972 5532 οὐδὲ
3017 5478 3079 5530 τὸ
3123 5474 3181 5529 ἓν
3225 5474 3610 5542 θυσιαστήριον
3650 5469 3712 5522 τὸ

2135 5578 2319 5633 αὐτόθι
2352 5575 2652 5648 ἱδρυμένον,
2674 5573 2797 5627 οὑδέ
2839 5570 2938 5642 τὴν
2975 5567 3158 5623 αὐτόθι
3193 5567 3322 5638 μίαν
3350 5564 3539 5636 αὐλὴν,
3575 5560 3711 5614 ἀλλὰ
