3996 6210
306 279 455 337 £005

1437 284 1937 344 COMMENTARIA
1980 285 2049 342 1N
2088 284 2428 344 PSALMOS.

3424 290 3567 348 1006

300 397 379 455 τὰ
422 392 546 454 καθ’
582 396 711 472 ὅλης
749 399 850 471 τῆς
888 385 1190 473 ἀνθρώπων
1233 403 1557 477 οἰκουμένης
1600 404 1892 478 θυσιαστή-

2008 403 2162 469 mine,
2192 405 2545 461 tabernacula
2584 410 2701 467 tua,
2728 403 2925 460 dilecta
2950 414 3005 459 et
3030 404 3285 461 amabilia
3318 416 3469 476 sunt,
3509 410 3568 464 in

307 507 404 563 pta
455 488 552 544 καὶ
596 491 667 544 τά
714 491 1048 565 σκηνώματα
1095 496 1190 551 καὶ
1231 497 1328 560 τὰς
1375 496 1543 562 αὐλάς
1587 489 1890 570 δηλοῦντος.

306 581 496 634 ΙἌλλοι
530 580 630 651 μὲν
659 575 751 636 οὖν
775 582 930 647 άλλα,
965 585 1148 655 φησὶν,
1178 585 1456 653 ἀγαπῶσι,
1486 587 1579 642 καὶ
1605 591 1734 660 περὶ
1763 589 1893 643 πολ-

302 671 403 727 λοῦ
431 673 706 727 ποιοῦνται
726 689 740 703 ⁸
772 675 896 747 ἐμοὶ
925 675 1003 741 δὲ,
1036 670 1081 729 ὧ
1118 676 1312 748 Κύριε,
1351 677 1422 732 τά
1461 679 1529 732 σὰ
1564 678 1894 752 σκηνώματα

305 764 584 837 προσφιλῆ
618 767 712 820 καὶ
751 767 1008 837 ἀγαπητὰ
1039 769 1315 840 τυγχάνει,
1348 772 1406 823 ὲν
1436 753 1519 835 οἷς
1551 773 1893 844 κατηξίωσας

305 855 474 919 αὐτὸς
519 856 636 927 ἅμα
686 855 991 929 ἀνθρώποις
1050 857 1150 917 τὰς
1201 858 1478 931 διατριϐὰς
1529 861 1894 933 ποιησάμενος

303 947 726 1018 κατασκηνῶσαι
748 988 763 1013 ,
814 949 1019 1020 φήσαςο
1078 951 1258 1005 Ὅπου
1298 950 1407 1006 δύο
1453 951 1492 1020 ἢ
1541 952 1693 1020 τρεῖς
1740 969 1890 1006 συνο

302 1037 554 1110 ηγμένοι
566 1038 730 1093 εἰσὶν
752 1025 837 1106 εὶς
863 1039 930 1093 τὸ
950 1041 1097 1111 ἐμὸν
1120 1041 1324 1112 ὄνομα,
1346 1042 1476 1097 ἐκεῖ
1498 1046 1614 1114 ειμι
1638 1045 1709 1097 ἐν
1726 1044 1895 1114 μέσῳ

304 1129 529 1186 αὐτῶν.
573 1130 728 1186 Οὕτω
762 1131 817 1185 δέ
848 1150 936 1203 μοι
971 1134 1242 1206 προσφιλῆ
1284 1137 1378 1189 καὶ
1414 1136 1675 1208 ἀγαπητά
1696 1137 1895 1209 τυγχά-

307 1240 393 1279 νει
428 1222 500 1277 τά
531 1224 812 1296 εἰρημένα,
855 1212 997 1279 ὥστε
1036 1226 1105 1280 δι’
1143 1227 1442 1299 ὑπερϐολὴν
1470 1228 1762 1301 ἐπιθυμίας
1800 1231 1896 1284 ait-

304 1315 422 1369 τῶν
469 1314 749 1386 ὁμολογεῖν
800 1314 1072 1370 ἐκλείπειν
1112 1316 1212 1387 τὴν
1271 1317 1450 1389 ψυχήν
1520 1335 1620 1389 μου
1661 1318 1739 1389 τῷ
1765 1320 1894 1391 περὶ

307 1403 486 1468 αὑτάς
532 1402 685 1475 πόθῳ
735 1405 1064 1477 νικωμένην,
1111 1406 1206 1459 καὶ
1243 1405 1343 1477 τῆς
1375 1406 1519 1478 ζωῆς
1556 1407 1725 1479 αὐτῆς
1763 1426 1896 1481 προ-

308 1497 479 1567 τιμᾷν
511 1497 612 1560 τὰς
666 1496 722 1548 ἐν
793 1498 912 1560 ταῖς
952 1496 1142 1560 αὐλαῖς
1178 1515 1271 1551 σου
1333 1498 1634 1571 διατριϐάς.
1683 1501 1795 1554 Καὶ
1832 1501 1892 1554 οὐ

313 1588 457 1661 μόνη
480 1605 543 1657 γε
572 1590 606 1660 ή
649 1588 794 1661 ψυχή
853 1591 954 1661 μου
997 1589 1258 1656 ἐκλείπει,
1310 1590 1444 1646 ἀλλὰ
1483 1593 1578 1645 καὶ
1632 1593 1666 1664 ἡ
1701 1592 1896 1665 καρδία

312 1697 421 1752 μου
475 1681 571 1735 καὶ
622 1681 759 1752 πρὸς
809 1683 876 1753 τῇ
930 1682 1126 1754 καρδίᾳ
1190 1700 1291 1754 μου
1344 1684 1440 1737 καὶ⁸
1496 1684 1626 1737 αὐτό
1687 1701 1788 1755 μου
1833 1684 1895 1739 τὸ

1997 497 2198 568 quibus
2238 496 2355 569 ipse
2389 512 2497 551 una
2525 512 2651 552 cum
2686 496 3004 553 hominibus
3052 498 3259 552 morari
3304 500 3572 570 sedesque

1996 602 2199 658 ponere
2249 588 2506 658 dignatus
2546 598 2644 655 es;
2676 602 2802 642 nam
2844 587 2985 644 dicis
3025 606 3039 642 :
3081 586 3181 642 Ubi
3212 588 3317 643 duo
3355 590 3433 645 vel
3464 601 3569 647 tres

1997 679 2296 750 congregati
2331 680 2527 749 fuerint
2550 682 2606 734 in
2634 682 2842 735 nomine
2864 697 2999 744 meo,
3028 681 3139 735 illic
3164 698 3281 735 sum
3318 683 3375 736 in
3401 684 3569 739 medio

1996 786 2177 824 eorum
2215 772 2283 826 “.
2320 770 2397 825 lta
2437 787 2602 842 porro
2648 772 2783 826 mihi
2832 772 2949 827 haec
2978 773 3091 842 jam
3139 782 3439 849 memorata
3486 775 3571 830 di-

1997 864 2136 920 lecta
2161 871 2217 918 et
2251 865 2506 919 amabilia
2538 873 2688 929 sunt,
2727 872 2787 918 ut
2833 864 3006 920 fatear
3046 881 3113 922 ex
3148 881 3338 923 eorum
3369 883 3573 925 concu-

1996 953 2263 1022 piscentia
2289 954 2527 1008 animam
2552 969 2753 1020 meam,
2778 969 2968 1010 eorum
2994 971 3182 1013 amore
3206 958 3573 1026 victam,dell-

1996 1056 2122 1098 cere
2174 1051 2339 1114 atque
2390 1044 2539 1098 illam
2593 1045 2652 1099 in
2712 1045 2871 1101 atriis
2910 1047 3022 1103 tuis
3081 1049 3570 1105 commorationem

1994 1134 2119 1189 vita:
2140 1151 2357 1207 quoque
2401 1143 2746 1206 anteponere.
2812 1136 3001 1209 Neque
3024 1139 3207 1194 solum
3238 1141 3450 1211 anima,
3475 1142 3572 1197 sed

1997 1236 2053 1281 et
2085 1242 2183 1282 cor
2227 1243 2409 1282 meum
2470 1226 2695 1295 deﬁcit;
2728 1228 2840 1284 imo
2889 1245 3022 1284 vero
3057 1230 3236 1301 ipsum
3284 1246 3486 1303 corpus
3519 1244 3575 1289 et

1996 1331 2128 1372 caro
2156 1334 2262 1389 qua
2285 1319 2721 1375 circumvestior.
2750 1319 2876 1375 Haec.
2908 1323 3128 1377 etenim
3173 1339 3238 1379 ex
3272 1325 3397 1379 vitae
3425 1326 3575 1384 illius

1996 1425 2119 1481 qua:
2167 1426 2335 1481 penes
2374 1419 2425 1465 te
2471 1420 2556 1467 est
2610 1413 2898 1477 memoria,
2922 1413 3125 1484 gaudio
3161 1425 3215 1471 et
3263 1417 3453 1472 laetitia
3487 1434 3576 1474 re-

1996 1501 2251 1573 plentur;
2286 1501 2360 1554 ita
2384 1509 2444 1555 ut
2471 1516 2595 1557 vere
2627 1502 2807 1557 dicam
2839 1522 2852 1557 :
2882 1501 2987 1558 Cor
3034 1521 3206 1559 meum
3231 1516 3282 1560 et
3309 1524 3435 1563 caro
3458 1526 3577 1563 mea

1997 1594 2393 1648 exsultaverunt
2440 1595 2494 1647 in
2526 1592 2697 1647 Deum
2746 1595 2940 1651 vivum.
2977 1595 3122 1653 Deus
3152 1600 3356 1669 quippe
3387 1609 3577 1658 noster

1998 1685 2211 1751 vivens,
2231 1686 2323 1756 qui
2359 1686 2509 1741 solus
2527 1686 2802 1755 propriam
2822 1697 2878 1743 et
2902 1691 3208 1746 naturalem
3241 1693 3297 1746 in
3325 1707 3386 1748 se
3408 1695 3579 1751 vitam

311 1769 477 1841 σῶμα
550 1771 643 1824 καὶ
692 1770 911 1843 ὴισὰρξ
962 1770 1029 1841 ἢν
1079 1770 1498 1842 περιϐέϐλημαι.
1558 1771 1669 1825 Καὶ
1718 1771 1890 1826 ταῦτα

2008 1779 2252 1847 ωεείἀει,
2286 1780 2393 1834 imo
2454 1780 2634 1849 potius
2661 1779 2841 1857 omnis
2876 1781 3000 1837 vitae
3041 1781 3162 1840 fons
3185 1795 3287 1849 est,
3315 1801 3434 1841 eam
3456 1802 3576 1843 οιιι-

308 1863 424 1935 γὰρ
458 1864 523 1917 ἐκ
570 1864 669 1937 τῆς
736 1866 955 1936 μνήμης
1007 1864 1109 1936 τῆς
1162 1865 1315 1937 παρὰ
1379 1866 1493 1933 col,
1526 1865 1670 1937 ζωῆς
1725 1867 1899 1938 χαρᾶς

310 1953 617 2026 πληροῦται
658 1955 753 2007 καὶ
791 1949 1156 2027 εὐφροσύνηςο
1188 1955 1314 2008 ὥστ’
1347 1954 1676 2027 ἀληθεύοντά
1711 1973 1779 2027 με
1813 1956 1899 2009 λέ-

311 2060 453 2112 γειν’
484 2043 546 2098 Ἡ
568 2036 781 2111 καρδία
792 2060 911 2113 μου
936 2043 1035 2097 καὶ
1067 2045 1104 2113 ἠ
1130 2043 1289 2112 σάρξ
1312 2062 1430 2113 μου
1451 2044 1901 2115 ἠγαλλιάσαπο

310 2135 413 2189 ἐπὶ
451 2134 599 2189 Θεὸν
629 2132 831 2195 ζῶντα.
866 2133 984 2189 Ζῶν
1011 2134 1120 2207 γάρ
1150 2138 1178 2190 ὁ
1209 2136 1475 2208 ἡμέτερος
1497 2136 1648 2203 Θεὸς,
1676 2139 1768 2192 καὶ
1797 2138 1894 2210 μό-

2000 1872 2170 1928 nibus
2213 1872 2280 1928 ad
2341 1887 2401 1928 se
2442 1872 2830 1929 accedentibus
2876 1874 3138 1945 impertit.
3210 1877 3576 1943 Quamobrem

2003 1965 2125 2037 ipsa
2173 1980 2304 2021 caro
2351 1980 2492 2028 mea,
2521 1980 2642 2035 qua!
2687 1973 2884 2022 natura
2945 1982 3047 2023 sua
3098 1971 3345 2025 mortalis
3373 1980 3428 2026 et
3452 1956 3580 2026 cor-

2001 2058 2242 2128 τοι)ιὶοηί
2271 2058 2507 2112 obnoxia
2529 2064 2634 2122 est,
2656 2059 2858 2130 gaudet
2886 2066 2941 2114 et
2966 2060 3303 2129 gratulatur;
3327 2063 3457 2132 quia
3483 2078 3580 2133 per

1998 2164 2120 2206 eam
2149 2149 2476 2204 immortalis
2495 2149 2621 2204 vitae
2650 2163 2883 2206 consors
2932 2155 2988 2204 et
3015 2148 3214 2206 divinas
3237 2152 3427 2223 gratiae
3453 2167 3581 2223 par-

310 2243 407 2289 νος
451 2214 745 2297 ίδιόκτητον
812 2227 907 2305 καὶ
961 2228 1193 2300 φυσικὴν
1247 2228 1305 2280 ὲν
1358 2226 1504 2299 αὐτῷ
1555 2229 1889 2300 κεκτημένος
1980 2241 2171 2310 ἰίρθρε
2215 2238 2402 2294 futura
2435 2247 2542 2295 est,

313 2316 482 2388 ζωὴν,
513 2316 709 2388 μᾶλλον
737 2317 792 2370 δὲ
821 2318 982 2399 αὐτὸς
1002 2317 1077 2373 ὢν
1111 2321 1143 2391 ή
1173 2319 1321 2390 πηγὴ
1352 2321 1533 2391 πάσης
1559 2320 1722 2391 ζωῆς,
1753 2322 1886 2374 πᾶσι

311 2412 428 2474 τοῖς
479 2408 834 2480 πλησιάζουσι
887 2409 1090 2481 ταύτης
1153 2410 1490 2491 μεταδίδωσι.
1552 2411 1749 2482 Διόπερ
1795 2411 1890 2464 καὶ
1926 2410 2064 2483 αὐτὴ
2111 2410 2145 2482 ἡ
2196 2411 2353 2481 φύσει
2393 2412 2560 2485 θνητὴ
2618 2416 2712 2468 καὶ
2750 2414 2963 2487 φθαρτή
3014 2435 3113 2488 μου
3184 2418 3320 2492 σάρξ
3397 2423 3580 2494 χαίρει

314 2500 412 2556 καὶ
451 2501 750 2573 συγχαίρει,
787 2500 881 2555 ἅτε
929 2502 995 2555 δι’
1027 2502 1197 2573 αὐτῆς
1241 2504 1645 2575 κοινωνήσουσα
1678 2502 1896 2556 αίωνίου
1938 2500 2103 2573 ζωῆς,
2125 2504 2344 2576 καὶτῆς
2367 2504 2459 2558 τοῦ
2481 2505 2615 2560 Θεοῦ
2643 2509 2865 2580 χάριτος
2893 2508 3333 2582 μεταληψομένη.

388 2616 577 2672 Ταῦτα
601 2618 657 2671 δέ
686 2635 847 2690 φησιν
883 2620 912 2672 ό
937 2619 1229 2691 Προφήτης
1256 2620 1542 2684 διδάσκων,
1576 2622 1758 2674 ὁποῖον
1785 2616 1899 2691 εἶχε

314 2708 498 2782 ἔρωτα
528 2711 622 2764 καὶ
648 2709 809 2764 πόθον
845 2710 975 2783 περὶ
1004 2711 1073 2765 τά
1109 2712 1201 2764 ὑπ’
1239 2711 1404 2766 αὑτοῦ
1428 2713 1899 2785 προφητευόμενα.

316 2803 518 2874 Διόπερ
547 2805 575 2857 ὁ
607 2803 796 2875 Σωτὴρ
815 2803 974 2875 ἡμῶν
1008 2802 1161 2872 ἔλεγε
1182 2820 1197 2835 ο
1225 2805 1448 2859 Πολλοὶ
1479 2804 1779 2874 προφῆται
1801 2804 1904 2859 καὶ

315 2893 537 2947 δίκαιοι
588 2894 974 2963 ἐπεθύμησαν
1019 2892 1166 2948 ἰδεῖν
1200 2892 1239 2949 ἂ
1278 2894 1447 2963 ὑμεῖς
1481 2892 1766 2958 βλέπετε,
1805 2892 1906 2947 καὶ

317 2987 433 3040 οὐκ
474 2980 656 3038 εἶδον.
701 2984 811 3056 Τὴν
874 2984 1053 3056 σάρκα
1096 2985 1154 3039 δέ
1213 3002 1375 3056 φησιν
1426 2985 1542 3055 ἅμα
1585 2986 1652 3057 τῇ
1708 2983 1905 3055 καρδία

318 3077 679 3146 ἁγαλλιᾶσθαι
708 3078 802 3131 ἐπὶ
831 3078 962 3131 Θεὸν
988 3077 1187 3143 ζῶντα,
1214 3078 1599 3148 αἰνιττόμενος,
1627 3077 1702 3141 ὡς
1726 3072 1903 3149 οἶμαι,

2078 2619 2205 2676 Haec
2237 2629 2418 2676 autem
2462 2622 2537 2676 ait
2565 2622 2857 2693 Propheta,
2892 2638 3052 2679 suum
3095 2624 3358 2703 exhibens
3389 2627 3582 2683 adver-

2010 2724 2107 2765 sus
2136 2724 2200 2765 ea
2228 2725 2350 2781 quae
2376 2710 2431 2766 in
2484 2711 2770 2782 prophetia
2821 2713 3178 2768 enuntiantur
3232 2715 3471 2771 studium
3526 2729 3583 2773 et

2009 2814 2274 2858 amorem.
2300 2802 2427 2858 ldeo
2453 2803 2715 2858 Servator
2742 2812 2932 2858 noster
2956 2804 3173 2861 dicebat
3206 2825 3219 2861 :
3263 2804 3322 2859 Η
3327 2807 3428 2861 ιιιιὶ
3458 2824 3584 2876 pro—

2010 2894 2251 2965 phetmct
2289 2895 2428 2965 justi
2458 2896 2733 2952 voluerunt
2774 2896 2948 2954 videre
2989 2914 3106 2968 quae
3157 2915 3244 2954 vos
3278 2898 3485 2966 videtis,
3530 2909 3584 2955 et

2012 3004 2118 3042 non
2149 2987 2387 3042 viderunt
2418 2991 2484 3043 ¹².
2519 2988 2610 3042 Ait
2641 3004 2807 3059 porro
2833 3006 2941 3045 una
2975 3006 3099 3047 cum
3147 2991 3313 3047 corde
3357 3006 3580 3046 carnem

2010 3083 2188 3155 ipsam
2213 3086 2490 3140 exsultare
2520 3085 2575 3139 in
2609 3084 2776 3153 Deum
2804 3087 3024 3155 vivum;
3051 3087 3230 3156 queis,
3259 3094 3320 3141 ut
3346 3089 3581 3152 aestimo,

322 3170 419 3224 καὶ
449 3169 543 3224 τοῦ
577 3171 827 3245 Σωτῆρος
852 3169 950 3243 τὴν
982 3172 1047 3225 ὲκ
1076 3170 1284 3243 νεκρῶν
1326 3171 1641 3225 ἀνάστασιν.
1688 3167 1903 3240 Ἐπειδὴ

2008 3175 2182 3247 ipsam
2222 3176 2527 3233 Servatoris
2552 3178 2728 3233 nostri
2753 3192 2819 3233 ex
2856 3177 3090 3234 mortuis
3119 3181 3583 3237 resurrectionem

320 3261 432 3335 γὰρ
481 3263 529 3314 οἱ
573 3261 681 3315 τῶν
731 3261 898 3316 ἐθνῶν
941 3262 1283 3335 νομιζόμενοι
1331 3261 1443 3316 θεοὶ
1485 3262 1668 3333 νεκροὶ
1711 3260 1908 3332 άψυχοι

318 3356 669 3426 τυγχάνουσι·
698 3356 775 3410 Τὰ
796 3354 904 3427 γὰρ
919 3355 1136 3411 εἴδωλα
1156 3354 1273 3410 τῶν
1291 3354 1481 3410 ἐθνῶν
1499 3356 1784 3425 ἀργύριον
1807 3354 1908 3409 καὶ

321 3447 603 3519 χρυσίον,
630 3447 773 3516 ἔργα
798 3446 1010 3517 χειρῶν
1040 3446 1366 3516 ἀνθρώπων
1383 3465 1397 3479 ο
1430 3448 1602 3502 ταῦτα
1632 3448 1689 3501 δὲ
1723 3446 1909 3501 ἔσεϐον

322 3541 373 3594 oi
410 3540 532 3593 τότε
554 3538 828 3612 ἄνθρωποι
848 3555 861 3568 ο
893 3537 1026 3608 ἐγὼ,
1056 3540 1241 3610 φησὶν,
1265 3540 1324 3593 οὐ
1351 3538 1588 3593 τοιοῦτόν
1610 3557 1731 3593 τινα
1752 3539 1907 3604 Θεὸν,

326 3630 462 3685 ἀλλὰ
496 3629 672 3696 ζῶντα
715 3630 846 3685 Θεὸν
885 3630 1231 3703 προθεωρῶν,
1261 3633 1326 3702 τῇ
1381 3631 1576 3703 καρδίᾳ.
1621 3630 1909 3702 εὐφραίνο-

326 3739 461 3793 μαι·
498 3722 591 3775 καὶ
626 3721 764 3793 αὕτη
802 3721 859 3775 δέ
905 3739 1005 3793 μου
1060 3724 1090 3794 η
1136 3720 1276 3793 σάρξ
1318 3722 1411 3775 ἐπὶ
1449 3722 1623 3792 τούτῳ
1668 3721 1745 3792 τῷ
1792 3721 1911 3793 Θεῷ

326 3813 719 3885 ἠγαλλιάσατο,
766 3814 842 3878 ὡς
887 3814 981 3866 επὶ
1023 3811 1140 3884 Θεῷ
1177 3811 1393 3884 άληθῶς
1441 3810 1603 3876 ζῶντι
1644 3813 1738 3865 καὶ
1776 3814 1910 3877 ζωοί-

328 3905 568 3960 ποιοῦντι
591 3905 718 3970 τοὺς
750 3906 995 3975 νεκροὺς,
1029 3905 1088 3969 ὃς
1120 3906 1213 3959 καὶ
1244 3905 1413 3977 αὑτήν
1448 3922 1548 3977 μου
1587 3904 1909 3977 ζωοποιήσει

327 3999 429 4071 τὴν
458 4000 633 4071 σάρκα
661 3997 750 4052 διὰ
788 3998 889 4069 τῆς
937 3996 1128 4051 ἑαυτοῦ
1162 3996 1530 4060 ἀναστάσεως.
1561 3996 1651 4049 Διὸ
1678 3996 1814 4069 πρὸς
1843 3999 1909 4068 τῇ

328 4091 474 4164 ψυχῇ
509 4092 603 4145 καὶ⁵
630 4093 665 4162 ἡ
690 4090 826 4162 σάρξ
864 4106 964 4160 μου
987 4087 1370 4160 ἠγαλλιάσατο.
1402 4087 1512 4143 Καὶ
1549 4087 1661 4158 γὰρ
1691 4102 1911 4157 στρου-

332 4186 464 4240 θίον
501 4174 678 4253 εὗρεν
720 4181 911 4248 ἐαυτῷ
960 4182 1174 4245 οὶκίαν,
1218 4180 1317 4235 καὶ
1369 4177 1600 4249 τρυγὼν
1652 4177 1912 4232 νοσσιὰν

331 4274 516 4344 ἑαυτῇ
539 4314 554 4339 ,
606 4270 677 4331 οὗ
724 4271 897 4341 θήσει
940 4273 1012 4327 τὰ
1063 4272 1288 4326 νοσσία
1328 4270 1539 4340 αὐτῆς,
1586 4274 1659 4324 τὰ
1708 4272 1914 4324 θυσια-

332 4360 547 4430 στήριά
561 4377 697 4426 σου,
724 4362 900 4431 Κύριε
924 4359 1041 4414 τῶν
1075 4359 1405 4430 δυνάμεων.
1444 4360 1553 4414 Καὶ
1583 4359 1700 4423 πῶς
1712 4358 1821 4430 γὰρ
1848 4355 1910 4411 οὐ

2009 3268 2316 3324 adumbrat.
2345 3267 2484 3334 Quia
2511 3269 2656 3322 enim
2687 3268 2723 3323 ii
2756 3268 2848 3339 qui
2883 3268 3025 3324 inter
3059 3278 3249 3340 gentes
3279 3268 3356 3323 dii
3388 3268 3582 3325 existi-

2008 3368 2251 3424 mantur,
2277 3360 2482 3415 mortui
2513 3367 2569 3416 et
2605 3361 2891 3415 inanimali
2922 3367 3051 3415 sunt
3083 3379 3096 3416 :
3128 3374 3256 3414 nam
3284 3360 3580 3416 simulach

2008 3450 2241 3521 gentium
2268 3458 2541 3519 argentum
2574 3456 2625 3502 et
2659 3465 2873 3511 aurum,
2904 3459 3062 3517 opera
3104 3465 3362 3503 manuum
3407 3450 3581 3502 Itami-

2011 3556 2136 3594 num
2161 3540 2206 3572 ¹³
2235 3560 2249 3595 :
2283 3540 2396 3595 haec
2422 3548 2601 3597 tamen
2625 3541 2701 3594 illi
2725 3540 2853 3595 olim
2882 3540 3131 3596 homines
3159 3539 3580 3597 venerabantur.

2009 3629 2123 3703 Ego
2160 3647 2309 3699 vero,
2332 3634 2529 3702 inquit,
2562 3649 2671 3688 non
2721 3633 2882 3689 deum
2916 3633 3380 3705 bujusmodi,~sed
3412 3634 3581 3692 Deum

2009 3726 2193 3778 vivum
2223 3726 2621 3794 contemplans,
2651 3726 2852 3796 gaudio
2883 3726 2938 3781 in
2966 3726 3133 3781 corde
3157 3727 3370 3796 repleor
3407 3745 3419 3781 :
3445 3727 3587 3797 ipsa-

2012 3827 2120 3882 que
2148 3827 2280 3867 caro
2309 3828 2430 3869 mea
2464 3813 2522 3869 in
2560 3814 2707 3871 hunc
2737 3814 2909 3870 Deum
2959 3814 3274 3877 exsultavit,
3312 3823 3501 3886 utpote
3527 3815 3585 3870 in

2012 3902 2184 3960 Deum
2217 3919 2343 3959 vere
2371 3905 2640 3962 viventem
2668 3914 2724 3961 et
2765 3913 3014 3961 mortuos
3068 3905 3449 3971 viviﬁcantem,
3491 3906 3586 3976 qui

2012 3996 2153 4051 hanc
2176 3997 2352 4068 ipsam
2372 4012 2594 4054 carnem
2616 4012 2790 4054 meam
2813 4013 2910 4068 per
2937 3998 3394 4054 resurrectionem
3429 4013 3586 4055 suam

2013 4089 2337 4146 reviviscere
2390 4089 2567 4147 faciet.
2631 4089 2812 4158 Quare
2860 4106 2984 4145 curn
3041 4091 3226 4146 anima
3279 4106 3412 4147 caro
3468 4091 3587 4161 ipsa

2011 4183 2328 4239 exsultavit.
2357 4212 2430 4224 —
2458 4181 2627 4241 Vens.
2661 4180 2717 4238 4.
2752 4182 2961 4237 Etenim
3009 4200 3196 4253 passer
3253 4184 3445 4239 invenit
3484 4182 3587 4237 sibi

2011 4271 2248 4337 domum,
2291 4280 2343 4326 et
2393 4281 2572 4325 turtur
2642 4271 2825 4325 nidum
2877 4271 3000 4336 sibi,
3063 4272 3152 4325 ubi
3210 4280 3371 4339 ponat
3414 4271 3586 4338 pullos

2013 4377 2159 4426 suos,
2196 4360 2397 4414 altaria
2421 4368 2532 4424 tua,
2565 4357 2789 4413 Domine
2815 4360 3091 4415 virtutum.
3116 4359 3180 4412 Et
3210 4360 3325 4430 qui,
3357 4360 3454 4425 ait,
3476 4375 3585 4414 non

332 4452 556 4518 δίκαιον,
572 4450 725 4525 φησὶ,
756 4448 1026 4548 προσφιλῆ
1058 4450 1151 4506 καὶ
1186 4452 1445 4523 ἀγαπητά
1458 4451 1737 4523 ὁμολογεῖν
1768 4446 1903 4506 εἶναι

2015 4469 2231 4524 arquum
2271 4451 2458 4517 fuerit,
2516 4466 2549 4506 ο
2594 4449 2844 4516 Domine,
2893 4451 3086 4506 altaria
3143 4459 3236 4504 tua
3289 4451 3488 4506 dilecta
3532 4462 3588 4505 et

331 4544 402 4596 τὰ
426 4541 758 4615 σκηνώματά
790 4560 904 4607 σου,
934 4532 979 4596 ὦ
1008 4541 1199 4613 Κύριε,
1226 4542 1387 4596 ὁπότε
1417 4542 1700 4612 καταφυγὴ
1724 4539 1910 4611 γέγονε

331 4634 496 4686 παντί⁵
525 4632 603 4706 τῷ
627 4634 724 4704 οἴῳ
748 4649 808 4687 τε
845 4631 1053 4703 λέγειν’
1097 4634 1169 4689 Ἠ
1195 4632 1365 4703 ψυχὴ
1394 4632 1562 4703 ἡμῶν
1587 4634 1668 4699 ὡς
1690 4649 1908 4701 στρου-

331 4727 464 4782 θίον
480 4725 740 4795 ἐῤῥύσθη
781 4726 850 4779 ἐκ
895 4723 1006 4795 τῆς
1053 4725 1301 4796 παγίδος
1344 4724 1464 4779 τῶν
1507 4724 1908 4795 θηρευόντωνο

333 4817 428 4870 καὶ
458 4813 618 4871 πάλιν
658 4817 737 4888 τῷ
778 4816 1070 4886 φάσκοντιο
1109 4816 1232 4870 Ἐπὶ
1277 4815 1357 4882 τῷ
1400 4818 1595 4885 Κυρίῳ
1635 4816 1906 4881 πέποιθα,

332 4906 461 4974 πῶς
482 4908 663 4976 ἐρεῖτε
684 4907 759 4976 τῇ
778 4907 948 4977 ψυχῇ
958 4925 1097 4977 μου·
1114 4909 1573 4962 Μεταναστεύου
1592 4906 1690 4960 ἐπὶ
1709 4909 1781 4959 τὰ
1801 4905 1907 4974 ὄρη

334 5001 414 5067 ὡς
436 5003 753 5070 στρουθίον
768 5017 787 5064 ;
818 5002 944 5052 Ὅτι
975 4999 1104 5053 ἰδοὺ
1146 5001 1199 5052 οι
1230 4999 1562 5069 ἁμαρτωλοὶ
1599 4998 1911 5077 ,ἐνέτειναν

332 5093 532 5157 τόξον,
558 5093 892 5162 ἡτοίμασαν
913 5088 1072 5158 ,βέλη
1106 5093 1192 5157 είς
1214 5089 1531 5160 φαρέτραν.
1564 5087 1778 5143 Πολλῶν
1800 5086 1910 5158 γάρ

329 5184 433 5255 τὴν
462 5183 553 5238 τοῦ
577 5182 854 5253 θεοφιλοῦς
885 5181 1060 5254 ψυχὴν
1082 5182 1272 5251 παγίσι
1306 5179 1661 5252 μεταϐάλλειν
1699 5181 1793 5233 καὶ
1829 5179 1909 5231 δι-

332 5279 519 5340 κτύοις
550 5276 736 5346 ὥσπερ
781 5273 1032 5348 θηρεύειν
1076 5273 1243 5345 αὐτὴν
1288 5273 1664 5346 πειρωμένων,
1701 5273 1915 5326 διιπτα-

334 5363 506 5435 μένην
533 5357 633 5417 ὧδε
656 5366 897 5429 κάκεῖσε,
932 5363 1024 5417 καὶ
1051 5364 1227 5432 πάντη
1257 5361 1699 5434 περινοστοῦσαν,
1729 5360 1806 5432 τῷ
1838 5361 1912 5433 μὴ

330 5457 478 5528 ἒχειν
503 5457 804 5511 ἀνάπαυσιν
840 5460 897 5510 ὲν
934 5457 1012 5528 τῷ
1045 5454 1223 5527 θνητῷ
1247 5456 1365 5528 βίῳ,
1397 5455 1534 5527 μόνα
1566 5453 1633 5508 τὰ
1656 5453 1749 5509 τοῦ
1778 5450 1913 5505 Θεοῦ

334 5549 671 5627 σκηνιθματα
709 5550 994 5621 καταφυγὴ
1022 5552 1089 5620 τῇ
1124 5549 1342 5621 τοιαύτῃ
1374 5549 1584 5618 γέγονε.
1638 5545 1729 5599 Διὸ
1767 5545 1915 5615 εῐρη-

2016 4545 2268 4601 amabilia
2313 4559 2435 4600 esse
2494 4543 2689 4610 fateri,
2724 4542 2943 4612 quando
2983 4557 3046 4598 ea
3079 4539 3349 4614 refugium
3387 4540 3587 4612 cuique

2017 4638 2168 4696 fuere
2190 4641 2282 4709 qui
2309 4636 2493 4693 dicere
2513 4635 2741 4700 valeret,
2773 4635 2969 4689 Anima
3003 4642 3186 4689 nostra
3223 4634 3359 4688 sicut
3403 4648 3589 4701 passer

2014 4740 2192 4800 erepta
2218 4738 2295 4784 est
2316 4728 2380 4783 de
2404 4726 2591 4798 laqueo
2618 4725 2918 4781 venantium
2943 4724 3027 4791 ¹⁸;
3060 4738 3125 4778 ac
3154 4739 3372 4779 rursum
3405 4723 3455 4778 ei
3493 4723 3587 4794 qui

2015 4818 2178 4884 dicat,
2209 4816 2275 4872 In
2306 4816 2534 4873 Domino
2572 4813 2779 4885 conﬁdo
2804 4854 2821 4880 ,
2879 4811 3137 4885 quomodo
3186 4814 3369 4869 dicetis
3397 4814 3589 4869 anima:

2016 4926 2182 4966 meae:
2210 4907 2553 4981 Transmigra
2578 4908 2634 4961 in
2664 4915 2889 4961 montem
2910 4906 3046 4960 sicut
3074 4908 3297 4974 passer?
3323 4905 3588 4973 Quoniam

2016 5018 2131 5056 ecce
2166 5009 2461 5069 peccatores
2490 4998 2827 5053 intenderunt
2883 5012 3091 5060 arcum,
3119 5006 3443 5065 {arcuerunt
3499 5014 3590 5052 sa-

2016 5093 2177 5163 gittas
2206 5108 2331 5146 suas
2364 5092 2419 5145 in
2451 5090 2699 5160 pharetra
2722 5090 2790 5143 ”.
2822 5085 2959 5141 Nam
2992 5103 3117 5142 cum
3159 5087 3315 5143 multi
3347 5088 3459 5143 sint
3494 5088 3587 5158 qui

2018 5182 2259 5253 religiosi
2293 5183 2395 5238 viri
2415 5182 2650 5239 animam
2676 5196 2777 5237 ceu
2801 5179 3011 5251 laqueis
3040 5180 3389 5251 intercipere,
3422 5186 3478 5234 et
3502 5191 3588 5232 re-

2021 5273 2168 5329 tibus
2195 5288 2297 5328 ceu
2339 5270 2525 5326 venari
2556 5278 2851 5334 conantur,
2885 5285 3009 5326 cum
3060 5285 3122 5325 ea
3154 5271 3299 5325 ultro
3342 5269 3590 5337 citroque

2017 5364 2194 5419 evolct
2217 5378 2279 5417 ac
2309 5362 2736 5433 circumquaque
2766 5374 2825 5418 se
2843 5370 3037 5427 vertat,
3061 5361 3205 5432 quod
3234 5360 3287 5413 in
3310 5359 3411 5412 hac
3438 5372 3585 5412 mor-

2019 5456 2112 5511 tali
2146 5456 2276 5523 vita,
2309 5454 2495 5527 requie
2526 5454 2674 5509 nulla
2725 5452 2968 5519 fruatur,
3000 5453 3053 5507 in
3101 5452 3234 5506 solis
3267 5449 3356 5503 Dei
3402 5448 3585 5504 taber-

2021 5546 2231 5601 naculis
2290 5553 2567 5614 receptum
2619 5543 2823 5599 habere
2878 5544 3071 5613 pmuit.
3115 5539 3451 5622 Quapropter
3503 5536 3585 5590 di-

329 5660 424 5696 ται
444 5661 457 5673 ⁸
485 5642 595 5696 Καὶ
629 5644 737 5713 γὰρ
764 5644 1083 5711 στρουθίον
1109 5638 1283 5714 agger
1313 5641 1502 5707 ἐαυτῷ
1534 5640 1746 5704 οὶκίαν,
1788 5634 1903 5689 ἀλλὰ

2026 5648 2171 5694 ctum
2227 5645 2350 5698 est'
2426 5636 2631 5691 Etenim
2697 5652 2877 5705 passer
2928 5633 3122 5693 incesti:
3170 5631 3270 5690 sibi
3332 5630 3587 5698 domum,

408 5799 448 5831 ²¹
495 5793 685 5851 latth.
724 5812 892 5863 xvni,
922 5796 1011 5855 20.
1090 5800 1134 5831 ²²
1176 5796 1364 5853 Matth.
1406 5813 1526 5867 xm,
1566 5797 1649 5853 l7.
1725 5794 1903 5875 “.Psa

2008 5812 2156 5864 :xm,
2192 5794 2242 5852 Δ.
2324 5797 2368 5830 ³³
2408 5793 2556 5853 Psal.
2590 5808 2801 5861 cum,
2838 5791 2887 5843 7.
2963 5788 3007 5820 "
3046 5786 3191 5845 Psal.
3230 5802 3296 5851 κ,
3330 5783 3469 5855 2,3.
