3988 6204
455 286 592 351 ⁷1007

1161 293 1431 351 EUSEBII
1460 292 1941 351 CESARIENSIS
1979 293 2131 352 OPP.
2166 295 2345 353 PARS
2384 298 2470 354 Ill.
2491 297 2988 370 —.EXEGETICA.

3578 301 3727 358 1008

453 405 762 476 pariterque
815 412 993 458 turtur
1046 405 1290 473 nidum;
1362 407 1613 464 videlicet
1669 411 1852 464 anima
1913 427 2032 481 quae

2139 413 2236 466 καὶ
2271 413 2501 483 τρυγὼν
2529 414 2818 468 νοσσιάν’
2869 416 2901 483 ἡ
2934 416 3077 470 κατὰ
3111 414 3209 486 τὴν
3231 407 3533 472 ἐνεστῶσαν
3577 419 3726 491 ζωὴν

454 500 509 552 in
577 497 832 568 praesenti
907 497 1196 554 honestam
1255 507 1310 556 et
1384 502 1757 558 continentem
1818 511 2037 559 exercet

454 591 620 644 vitam
673 589 1034 660 (hujusmodi
1097 606 1332 660 namque
1392 608 1516 648 esse
1580 593 1671 647 illa
1731 595 1848 650 avis
1899 595 2039 650 dici-

456 682 598 752 tur),
625 696 688 734 ac
720 696 841 750 qua:
880 681 1162 736 hominum
1190 684 1454 738 malitiam
1489 687 1636 756 luget
1663 693 1716 740 et
1746 685 2033 758 deplorat,

453 772 573 843 ipsa
620 771 927 842 perfugium
979 775 1202 844 reperit,
1253 775 1510 830 nimirum
1563 778 1759 832 altaria
1815 779 1868 833 in
1915 787 2034 834 toto

453 864 587 920 urbe
630 879 728 934 per
759 864 965 920 Christi
1007 865 1313 920 doctrinam
1369 868 1604 922 excitata
1640 887 1652 923 :
1689 869 1780 925 ubi
1831 886 1930 924 ceu
1980 872 2036 925 iu

454 956 586 1012 nido
616 971 680 1011 ac
719 958 1069 1028 receptaculo
1098 973 1295 1013 recens
1334 967 1518 1013 natam
1549 975 1612 1014 ac
1644 968 1888 1017 teneram
1918 979 2039 1033 pro-

455 1051 560 1104 lem
597 1051 855 1119 deponet,
893 1057 1068 1104 tutum
1101 1050 1431 1121 insidiisque
1458 1068 1692 1107 vacuum
1729 1059 1888 1108 nacta
1909 1055 2034 1125 pul-

455 1143 524 1197 lis
559 1143 677 1198 suis
710 1143 1092 1198 domicilium:
1128 1145 1202 1198 ita
1239 1152 1297 1198 ut
1337 1144 1529 1198 altaria
1567 1154 1661 1198 tua
1694 1146 1905 1216 passeri
1932 1161 2033 1218 pro

454 1233 638 1298 domo,
668 1235 868 1289 turturi
904 1251 1001 1306 pro
1027 1234 1154 1289 nido
1185 1236 1512 1290 habeantur.
1541 1235 1634 1291 Hae
1661 1238 1862 1308 quippe
1883 1253 2032 1302 aves,

456 1341 647 1397 passer
682 1327 894 1383 scilicet
926 1335 980 1381 ct
1009 1336 1211 1395 turtur,
1245 1329 1374 1382 olim
1407 1337 1700 1398 antequam
1737 1344 1833 1398 per
1863 1337 2035 1383 totum

454 1420 642 1474 orbem
676 1421 870 1476 altaria
910 1431 1350 1490 exstruerentur,
1383 1424 1593 1478 nullum
1631 1424 1872 1478 habuere
1913 1435 2034 1494 per—

457 1509 688 1582 fugiunt,
720 1521 775 1566 at
812 1513 1075 1570 diuturno
1118 1522 1366 1588 tempore
1406 1515 1730 1570 errabunda:
1763 1515 2037 1586 pelleban-

459 1611 547 1658 tur
573 1613 627 1659 et
659 1605 1022 1676 captabantur
1050 1623 1080 1662 a
1111 1609 1482 1664 venatoribus.
1514 1606 1641 1664 Ideo
1659 1607 1752 1679 qui
1785 1623 1884 1663 ceu
1909 1622 2038 1678 pas-

457 1711 550 1753 ser
590 1699 914 1768 pellebatur,
969 1700 1083 1755 haec
1130 1700 1347 1755 dicebat
1379 1720 1390 1754 :
1423 1699 1488 1753 In
1531 1699 1757 1753 Domino
1803 1697 2030 1769 conﬁdo,

2142 507 2442 578 σεμνότητα
2477 508 2571 559 καὶ
2602 507 2958 579 σωφροσύνην
2986 507 3229 561 ἀσκοῦσα
3256 508 3402 581 ψυχὴ
3457 511 3722 578 (τοιοῦτον

2137 596 2246 666 γὰρ
2271 593 2409 649 εἶναι
2441 584 2652 664 λέγεται
2682 596 2742 651 τὸ
2777 597 3008 668 ὄρνεον),
3039 597 3424 669 ἁποκλᾳομένη
3462 602 3554 653 καὶ
3585 599 3724 672 Θρη-

2139 686 2306 742 νοῦσα
2338 689 2434 760 τὴν
2467 690 2523 741 ἐν
2551 688 2858 760 ἀνθρώποις
2881 689 3101 754 κακίαν,
3132 685 3190 744 εὖ
3201 707 3258 761 ρε
3283 692 3602 763 καταφυγὴν
3628 692 3726 745 καὶ

2138 779 2274 849 αὐτὴ
2303 778 2372 831 τὰ
2411 779 2530 832 καθ’
2559 779 2687 851 ὅλης
2719 783 2817 850 τῆς
2846 769 3172 851 οἰκουμένης
3202 781 3482 853 ἱδρυθέντα
3509 782 3596 836 διὰ
3620 783 3726 853 τῆς

2135 868 2230 921 τοῦ
2256 869 2492 941 Χριστοῦ
2526 887 2617 922 σου
2645 868 2988 934 διδασκαλίας
3028 870 3415 942 Θυσιαστήρια·
3454 870 3582 924 ἐνθα
3615 872 3726 925 ὦσ-

2137 964 2243 1030 περ
2277 962 2334 1014 ἐν
2382 961 2598 1024 καλιαῖς
2642 961 2736 1014 ita).
2773 962 3034 1025 νεοττίαις
3068 961 3136 1014 τὰ
3177 961 3434 1034 ἀρτιγενῆ
3479 962 3726 1018 καὶενεο-

2136 1052 2240 1121 γνὰ
2263 1052 2369 1106 τῶν
2395 1053 2565 1123 αὐτῆς
2603 1055 2809 1108 τέκνων
2839 1053 3192 1124 ἀποθήσεται,
3225 1053 3443 1124 ἀσφαλῆ
3483 1055 3577 1108 καὶ
3607 1056 3726 1110 ἀνε-

2139 1143 2486 1198 πιϐούλευτον
2530 1145 2769 1216 εὑροῦσα
2811 1147 2924 1208 τοῖς
2975 1145 3172 1216 ἑαυτῆς
3227 1148 3460 1208 νεοττοῖς
3519 1148 3723 1218 μονήν·

2135 1235 2272 1288 ὥστε
2302 1231 2528 1290 εἶναιτὰ
2572 1237 2928 1308 θυσιαστήριά
2972 1253 3063 1289 σου
3099 1236 3361 1308 στρουθίῳ
3397 1237 3495 1307 μὲν
3520 1238 3722 1303 οίκίαν,

2137 1327 2329 1380 καλιὰν
2360 1328 2416 1382 δέ
2439 1328 2679 1400 τρυγόνι.
2711 1327 2895 1382 Ταῦτα
2922 1327 3029 1399 γὰρ
3055 1327 3123 1380 τὰ
3149 1327 3329 1400 ὄρνεα,
3357 1327 3417 1381 τὸ
3442 1329 3724 1399 στρουθίον

2137 1417 2278 1486 λέγω
2318 1419 2411 1472 καὶ⁹
2449 1421 2484 1490 ἡ
2515 1419 2750 1491 τρυγὼν,
2801 1418 2968 1473 πάλαι
3017 1419 3142 1488 μὲν,
3172 1419 3276 1490 πρὸ
3317 1418 3409 1472 τοῦ
3456 1419 3722 1489 συστῆναι

2135 1512 2204 1564 τὰ
2227 1512 2500 1584 πανταχοῦ
2527 1513 2633 1583 γῆς
2673 1513 3048 1585 Θυσιαστήρια,
3089 1513 3188 1566 οὐκ
3220 1508 3332 1582 εἶχε
3365 1514 3719 1584 καταφυγή-θ’

2136 1605 2406 1658 ἐπλανᾶτο
2448 1605 2505 1658 δέ
2551 1609 2781 1677 μακροῖς
2830 1605 3061 1676 χρόνοις,
3114 1605 3171 1656 ἐν
3209 1598 3290 1668 οἷς
3333 1603 3592 1675 ἠλαύνετο
3624 1607 3723 1659 καὶ

2139 1696 2389 1750 ἐδιώκετο
2421 1698 2556 1769 πρὸς
2582 1698 2688 1751 τῶν
2717 1696 3012 1768 θηρευτῶν.
3050 1696 3140 1748 Διὸ
3179 1695 3244 1766 δὴ
3283 1696 3466 1765 ελεγον
3499 1700 3526 1750 ὁ
3565 1698 3724 1768 δίκην

455 1790 716 1861 quomodo
764 1792 951 1847 dicetis
985 1793 1178 1847 anima:
1224 1809 1374 1856 mem,
1421 1792 1463 1846 Τ
1468 1793 1769 1864 ransmigra
1805 1792 1861 1844 in
1890 1807 2032 1845 mon-

2143 1789 2422 1860 στρουθίου
2475 1789 2858 1860 ἐλαυνόμενοςο
2904 1789 3027 1842 Ἐπί
3081 1787 3162 1852 τῷ
3199 1789 3393 1855 Κυρίῳ
3445 1789 3719 1852 πέποιθα,

457 1891 558 1938 tem
589 1884 726 1936 sicut
765 1885 985 1951 passer?
1051 1883 1219 1940 Iidem
1252 1899 1381 1939 vero
1434 1883 1537 1954 ipsi
1579 1899 1644 1938 ex
1682 1883 2034 1936 inimicorum

455 1973 714 2027 manibus
752 1973 947 2043 erepti,
980 1972 1096 2028 haec
1141 1971 1544 2028 confitebantur
1574 1989 1588 2026 ι
1618 1971 1814 2026 Anima
1853 1979 2037 2025 nostra

455 2064 591 2119 sicut
629 2080 812 2132 passer
872 2074 1052 2132 erepta
1095 2075 1173 2120 est
1215 2064 1279 2120 de
1327 2065 1509 2136 laqueo
1553 2069 1874 2120 venantium.
1925 2063 2035 2120 0c-

456 2158 592 2212 culti
634 2173 766 2228 ergo
795 2165 849 2213 et
879 2157 1182 2214 invisibiles
1207 2166 1494 2214 venatores
1559 2159 1846 2214 animabus
1871 2157 2036 2212 cmle-

457 2251 528 2306 sti
567 2265 632 2306 ac
679 2252 899 2306 sublimi
937 2251 1065 2306 vitae
1102 2265 1324 2321 operam
1373 2249 1633 2308 dantibus
1683 2251 2032 2314 insidiantes,

456 2343 593 2399 retia
643 2352 698 2400 et
742 2344 969 2414 laqueos
1007 2341 1329 2406 tendebant,
1361 2357 1428 2398 ac
1478 2343 1744 2398 venabula
1788 2343 2034 2413 cujusvis

455 2435 674 2507 generis
708 2435 1051 2490 adornabant
1103 2434 1170 2488 ad
1201 2435 1433 2491 insidias
1480 2437 1772 2506 parandas.
1807 2433 1938 2501 Qum
1978 2434 2034 2489 in

457 2528 785 2599 praecedenti
836 2528 922 2583 his
990 2526 1171 2582 verbis
1222 2526 1505 2581 enuntiata
1560 2536 1736 2582 sunt:
1772 2525 2034 2590 Quoniam

455 2637 572 2676 ecce
600 2619 805 2673 inimici
837 2617 912 2671 tui
928 2625 1239 2682 sonuerunt,
1269 2625 1319 2671 et
1345 2617 1435 2687 qui
1465 2615 1686 2670 oderunt
1736 2625 1784 2670 te
1828 2616 2033 2670 extule-

457 2723 582 2768 runt
607 2720 782 2779 caput.
817 2709 986 2778 Super
1005 2709 1256 2778 populum
1286 2717 1434 2762 tuum
1468 2707 1887 2779 malignaverunt
1917 2725 2036 2762 can-

457 2806 659 2868 siiium,
707 2803 1063 2874 cogitaverunt
1081 2801 1329 2856 adversus
1345 2810 1558 2855 sanctos
1596 2810 1712 2854 tuos
1734 2799 1877 2854 “"7.
1902 2799 2034 2856 Per-

459 2897 807 2954 secutionum
827 2903 1092 2965 tempore,
1118 2910 1228 2964 quo
1260 2894 1468 2948 inimici
1505 2893 1598 2950 Del
1629 2893 2033 2964 populuInZejus

459 2987 854 3060 impugnabant
885 2986 1284 3056 vexabantque,
1311 2984 1404 3041 Dei
1433 2985 1684 3041 homines
1718 2984 1892 3040 instar
1914 3000 2036 3056 pas-

458 3094 644 3135 serum
671 3079 778 3134 huc
807 3077 937 3132 illuc
969 3075 1259 3148 fugientes,
1293 3077 1513 3133 demum
1539 3076 1724 3132 oblata
1756 3091 1910 3148 pace,
1949 3083 2032 3130 ta-

2139 1880 2266 1947 πῶς
2300 1881 2484 1949 ἐρεῖτε
2525 1881 2600 1948 τῇ
2636 1879 2810 1950 ψυχῇ
2847 1899 2987 1950 μου,
3023 1880 3470 1950 μεταναστεύου
3507 1882 3604 1934 ἐπὶ
3649 1883 3723 1937 τὰ

2139 1969 2245 2039 ὅρη
2282 1971 2362 2038 ὡς
2396 1973 2748 2039 στρουθίον;
2781 1973 2891 2024 Καὶ
2918 1972 3203 2042 ρυσθέντες
3231 1989 3295 2040 γε
3328 1973 3391 2026 ἐκ
3424 1973 3600 2045 χειρὸς
3630 1975 3721 2044 ἐχ-

2137 2058 2320 2131 θρῶν,
2377 2058 2689 2131 ὡμολόγουν
2742 2060 2991 2130 λέγοντες
3047 2061 3140 2115 καὶ
3191 2062 3374 2115 αὐτοί·
3421 2062 3489 2117 Ἠ
3546 2063 3717 2132 ψυχὴ

2135 2150 2306 2222 ἡμῶν
2355 2152 2436 2220 ὠς
2495 2153 2820 2221 στρουθίον
2869 2153 3131 2221 ἐρρὐθη
3188 2153 3255 2205 ἐκ
3311 2151 3421 2220 τῆς
3470 2152 3719 2220 παγίδος

2135 2244 2253 2299 τῶν
2280 2245 2668 2314 θηρευόντων.
2719 2247 2966 2316 Ἀφανεῖς
3009 2241 3100 2299 οὖν
3147 2246 3239 2299 καὶ
3281 2244 3501 2316 ἀόρατοι
3533 2247 3581 2298 οἱ
3622 2244 3718 2316 01;-

2139 2339 2325 2411 ρευταὶ
2351 2341 2470 2402 ταῖς
2493 2339 2586 2392 τὸν
2628 2339 2875 2412 οὐράνιον
2919 2338 3016 2391 καὶ
3063 2339 3352 2408 μετάρσιον
3402 2337 3512 2408 βίον
3556 2355 3718 2408 μετα-

2133 2429 2456 2494 διωκούσαις
2482 2430 2682 2502 ψυχαῖς
2713 2428 3170 2494 ἐπιϐουλεύοντες,
3205 2429 3393 2483 δίκτυα
3421 2430 3515 2483 καὶ
3561 2430 3716 2498 παγί-

2133 2521 2226 2585 δας
2255 2523 2528 2587 ίστῶντες,
2563 2522 2810 2594 Θήρατρά
2845 2539 2904 2574 τε
2947 2523 3174 2575 παντοῖα
3215 2521 3614 2586 κατεσκεύαζον
3639 2524 3715 2586 είς

2134 2614 2420 2686 ἐπιϐουλὴν
2461 2614 2656 2669 αὐτῶν.
2702 2615 2812 2668 Kal
2854 2615 3028 2670 ταῦτα
3065 2631 3128 2684 γε
3169 2615 3467 2684 παρίστατο
3498 2614 3586 2668 διὰ
3622 2613 3714 2669 τοῦ

2133 2705 2546 2777 προηγουμένου
2591 2703 2829 2775 ψαλμοῦ,
2883 2707 2939 2758 ἐν
2979 2698 3023 2773 ᾧ
3074 2705 3280 2776 εἴρητο·
3320 2705 3438 2758 Ὅτι
3492 2705 3620 2758 ἰδοὺ
3662 2708 3717 2760 οι

2131 2796 2333 2864 ἐχθροί
2384 2811 2500 2850 σου
2544 2794 2810 2864 ἤχησαν,
2849 2797 2943 2849 καὶ
2983 2799 3036 2850 οὶ
3079 2795 3414 2866 μισοῦντές
3450 2814 3524 2850 σε
3554 2790 3717 2868 ἦραν

2133 2888 2420 2958 κεφαλήν.
2483 2888 2612 2942 Ἐπὶ
2672 2889 2779 2942 τὸν
2827 2890 2981 2943 λαόν
3034 2903 3151 2944 σου
3209 2891 3716 2960 κατεπανουρτεύο

2133 2997 2322 3036 σαντο
2367 2980 2630 3050 γνώμην,
2681 2981 3122 3037 ἐϐουλεύσαπο
3159 2983 3309 3036 κατὰ
3364 2981 3481 3035 τῶν
3534 2984 3718 3036 ὁσίων

2133 3091 2269 3128 σου.
2310 3072 2468 3128 Κατὰ
2504 3073 2725 3137 τούτους
2768 3073 2876 3128 τῶν
2915 3074 3172 3145 διωγμῶν
3205 3074 3451 3145 καιροὺς,
3480 3071 3599 3125 καθ’
3623 3072 3716 3137 οὓς

457 3169 776 3236 bernacula,
807 3169 959 3224 atria
974 3175 1029 3225 et
1062 3169 1258 3223 altaria
1287 3168 1382 3224 Dei
1421 3169 1476 3222 in
1509 3167 1817 3239 perfugium
1855 3182 1919 3222 ac
1943 3182 2032 3222 reo

2137 3169 2179 3218 oi
2231 3164 2415 3236 ἐχθροὶ
2468 3165 2562 3218 τοῦ
2621 3164 2755 3218 Θεοῦ
2802 3166 2894 3218 τὸν
2941 3165 3068 3219 λαὸν
3129 3164 3294 3218 αὑτοῦ
3355 3163 3716 3234 πολεμοῦντες

456 3261 639 3332 quiem
686 3261 1036 3316 invenerunt.
1072 3259 1113 3312 E
1153 3275 1212 3316 re
1245 3265 1428 3315 autem
1469 3259 1694 3325 dixeris,
1744 3260 2028 3330 expeditos

457 3352 582 3408 illos
620 3352 844 3416 milites,
880 3351 972 3422 qui
1009 3351 1370 3406 monasticam
1401 3350 1567 3404 vitam
1614 3351 1846 3421 amplexi
1880 3360 2027 3417 sunt,

456 3457 558 3514 pro
601 3441 923 3511 passeribus
963 3441 1244 3497 habendos
1288 3457 1447 3508 esse;
1493 3458 1588 3496 eos
1627 3451 1806 3498 autem
1839 3444 1929 3512 qui
1967 3443 2032 3497 li-

457 3533 606 3590 beris
635 3533 767 3588 dant
795 3548 1039 3604 Operam,
1077 3544 1131 3588 ct
1178 3533 1406 3604 reliquis
1433 3533 1558 3588 vitae
1592 3534 1824 3604 negotiis
1853 3543 1906 3588 et
1943 3551 2032 3586 cu-

456 3627 534 3682 ris
579 3640 638 3682 se
671 3625 896 3690 dedunt,
953 3626 1186 3682 turturis
1222 3627 1396 3680 vicem
1435 3641 1598 3697 agere
1629 3645 1644 3682 :
1677 3642 1838 3695 quam
1877 3626 2033 3695 jubet

456 3717 650 3773 offerre
677 3716 786 3773 Deo
816 3717 996 3788 pullos
1028 3732 1182 3782 suos,
1218 3733 1423 3788 eosque
1454 3718 1508 3772 in
1539 3719 1808 3774 altaribus
1837 3734 1936 3774 ceu
1975 3719 2031 3773 in

458 3809 588 3864 nido
617 3812 890 3880 deponere
916 3817 970 3865 et
1002 3824 1352 3865 consecrare.

2131 3258 2379 3328 ηλαυνον,
2409 3258 2457 3310 οἱ
2491 3257 2586 3310 τοῦ
2621 3257 2755 3310 Θεοῦ
2795 3257 3070 3329 ἄνθρωποι
3108 3258 3264 3330 δίκην
3293 3258 3587 3330 στρουθίων
3615 3251 3716 3311 ὦδε

2130 3351 2354 3402 κάκεῖσε
2387 3349 2829 3420 περιφεύγοντες,
2863 3349 3086 3420 ὕστερόν
3129 3367 3257 3404 ποτε
3303 3352 3524 3422 εἰρήνης
3554 3367 3719 3404 κατα-

2134 3441 2434 3506 ξιωθέντες,
2465 3435 2624 3514 εὖρον
2666 3443 2735 3495 τὰ
2771 3442 3102 3514 σκηνώματα
3134 3443 3226 3497 τοῦ
3273 3443 3428 3506 Θεοῦ,
3477 3445 3571 3497 καὶ
3615 3445 3716 3506 τὰς

2134 3533 2301 3598 αὐλὰς
2335 3532 2520 3598 αὐτοῦ,
2554 3537 2646 3588 καὶ
2676 3534 2746 3588 τὰ
2771 3534 3129 3608 θυσιαστήρια
3159 3536 3477 3606 καταφυγὴν
3505 3536 3716 3598 ἑαυτοῖς

2138 3628 2230 3681 κα)⁸
2255 3627 2578 3682 ἀνάπαυσιν.
2616 3628 2802 3691 Εἰποις
2842 3629 2888 3679 δ’
2920 3627 2984 3681 ἂν
3011 3629 3138 3691 τοὺς
3173 3629 3270 3698 μὲν
3320 3627 3578 3690 εὐζώνους
3615 3627 3716 3680 καὶ

2136 3719 2230 3772 τὸν
2261 3719 2467 3789 μονήρη
2494 3718 2601 3789 βίον
2634 3719 3081 3792 ἐπανῃρημένους
3105 3715 3243 3773 εἶναι
3269 3718 3557 3791 στρουθίον,
3585 3720 3717 3782 τοὺς

2138 3811 2194 3864 δέ
2241 3812 2577 3876 παιδοποιίας
2609 3815 2702 3866 καὶ
2751 3812 2848 3885 τῆς
2896 3812 3061 3882 ἄλλης
3103 3815 3412 3884 οἰκονομίας
3461 3812 3718 3883 πρόνοιαν

457 3905 876 3976 πεποιημένους,
911 3905 1009 3977 τὴν
1036 3905 1291 3977 τρυγόνα,
1334 3907 1400 3977 ἣν
1452 3907 1530 3977 τῷ
1561 3907 1679 3977 Θεῷ
1728 3924 1860 3979 φησι
1895 3907 2223 3982 προσφέρειν
2251 3907 2359 3961 δεῖν
2384 3909 2510 3973 τοὺς
2567 3906 2792 3972 ἑαυτοὺς
2828 3909 3091 3972 νεοττοὺς
3127 3907 3220 3960 καὶ
3283 3906 3588 3960 ἀνατιθέναι
3620 3904 3716 3958 ai»

455 3999 602 4061 τοὺς,
631 3999 706 4061 ὼς
734 4000 789 4052 ἐν
822 3999 981 4070 καλιᾷ
1015 4002 1070 4051 ἐν
1096 4003 1207 4062 τοῖς
1232 3999 1635 4072 θυσιαστηρίοις
1662 3999 1848 4054 αὐτοῦ.

528 4111 692 4168 Vsus.
745 4113 796 4168 5.
839 4112 949 4168 Rex
1001 4130 1145 4167 meus
1177 4121 1226 4166 et
1277 4112 1416 4168 Deus
1464 4129 1630 4178 meus,
1677 4113 1813 4168 beati
1852 4131 2029 4170 omnes

456 4207 548 4280 qui
575 4207 818 4261 habitant
849 4207 901 4260 in
937 4205 1092 4259 domo
1123 4215 1239 4270 tua,
1270 4207 1322 4259 in
1351 4205 1547 4260 stecula
1577 4205 1890 4260 sa'culorum
1916 4207 2032 4260 lau-

455 4301 656 4356 dabunt
681 4314 750 4357 te.
770 4299 1106 4369 Diapsalmu.
1133 4301 1314 4366 Quare
1335 4298 1531 4354 dilecta
1552 4307 1606 4354 et
1627 4299 1880 4353 amabilia
1901 4301 2012 4352 mih

457 4400 586 4448 sum
614 4391 964 4448 tabernacula
1000 4400 1114 4455 tua,
1144 4397 1199 4444 et
1227 4405 1327 4444 cur
1369 4389 1644 4445 desiderio
1681 4403 1871 4444 eorum
1903 4372 2035 4455 deﬁf

457 4483 532 4536 cit
561 4481 740 4535 anima
767 4495 908 4546 mea,
953 4479 1021 4532 ad
1062 4479 1177 4532 haec
1206 4477 1374 4533 etiam
1407 4478 1463 4532 in
1492 4492 1602 4549 quo
1622 4477 1916 4532 exsultavit
1938 4450 2032 4530 co’i

2216 4115 2270 4168 Ὀ
2319 4117 2616 4182 ,ϐασιλεὺς
2669 4134 2789 4186 μου
2842 4115 2941 4168 καὶ
2989 4117 3021 4168 ό
3070 4115 3212 4180 Θεός
3250 4131 3391 4182 μου,
3437 4112 3717 4183 μακάριοι

2135 4207 2358 4274 πάντες
2389 4210 2443 4261 οι
2483 4207 2898 4272 κατοικοῦντες
2935 4207 3005 4260 ἐν
3035 4205 3114 4271 τῷ
3139 4207 3280 4272 οἴκῳ
3300 4223 3438 4269 σου,
3469 4208 3556 4270 εὶς
3577 4205 3719 4271 τοὺς

2135 4300 2354 4366 αἰῶνας
2382 4299 2500 4354 τῶν
2527 4297 2750 4353 αἰώνων
2777 4297 3094 4352 αίνέσουονί
3120 4314 3213 4350 σε.
3245 4295 3583 4364 Διάψαλμᾱ.
3621 4297 3719 4349 Διὰ

2136 4393 2187 4446 τί
2207 4393 2482 4466 προσφιλῆ
2504 4410 2592 4463 μοι
2617 4391 2869 4461 τυγχάνει
2896 4390 2986 4442 καὶ¹
3009 4389 3262 4459 ἀγαπητὰ
3291 4389 3358 4440 τὰ
3386 4387 3719 4459 σκηνώματά

2139 4502 2254 4546 σου,
2282 4485 2373 4536 καὶ
2402 4484 2544 4546 τίνος
2564 4481 2725 4534 ἕνεκα
2759 4479 2995 4534 ἐκλείπει
3028 4481 3059 4550 ἡ
3088 4479 3228 4550 ψυχή
3261 4497 3359 4548 μου
3394 4480 3522 4550 περὶ
3556 4479 3715 4542 αὐτὰ,

458 4589 639 4628 meum
668 4581 720 4628 et
747 4587 876 4628 caro
898 4572 1055 4626 mea?
1079 4569 1215 4636 Quia
1241 4586 1425 4639 passer
1447 4570 1640 4624 invenit
1665 4568 1766 4623 sibi
1792 4569 2029 4632 domum,

2137 4542 2270 4623 ἀ).λᾶ
2315 4570 2407 4622 καὶ
2466 4542 2736 4640 ὴνκαρδία
2788 4585 2888 4639 μου
2926 4568 3019 4620 καὶ
3049 4542 3111 4638 ’ή-
3325 4584 3425 4636 μου
3468 4542 3561 4618 ἐπὶ
3611 4569 3716 4619 τίνι

456 4674 507 4720 et
538 4675 713 4718 tuttur
758 4663 962 4726 nidum,
1010 4662 1211 4715 altaria
1261 4673 1374 4725 tua,
1413 4661 1634 4716 Domine
1663 4663 1937 4715 virtutum.
1973 4661 2030 4713 in

458 4755 660 4825 quibus
708 4755 974 4810 altaribus
1022 4753 1116 4823 qui
1168 4769 1274 4808 non
1328 4754 1395 4806 ad
1442 4753 1607 4808 breve
1651 4761 1884 4822 tempus.
1937 4751 2032 4807 sed

460 4846 679 4901 assidue
705 4855 760 4901 et
799 4854 1212 4916 perseveranter
1237 4852 1648 4902 commorantur
1676 4849 1730 4898 et
1757 4843 2030 4908 habitant,

459 4947 543 4993 ter
584 4939 730 4994 beati
780 4946 926 4993 sunt.
978 4936 1073 4993 His
1123 4953 1287 5009 porro
1330 4937 1493 4994 dictis
1543 4938 1737 5006 legalia
1784 4938 1966 4990 omnia
2001 4951 2032 4990 a

460 5031 643 5102 Moyse
685 5029 886 5085 tradita
916 5029 1324 5086 circumscribit
1363 5041 1418 5086 et
1453 5030 1687 5100 ablegat.
1722 5027 1840 5082 Non
1884 5028 2030 5083 enim

460 5125 651 5178 beatos
680 5122 818 5179 dixit
851 5123 1233 5186 circumcisus,
1268 5138 1379 5177 non
1405 5137 1501 5178 eos
1530 5121 1621 5193 qui
1662 5120 1897 5176 Sabbata
1932 5120 2031 5175 ob-

457 5221 710 5282 servant,
766 5229 875 5269 non
939 5213 1302 5271 Mosaicorum
1361 5214 1757 5270 sacriﬁciorum
1819 5220 2036 5268 caetero.

458 5321 690 5377 rumque
745 5305 1048 5377 corporalis
1117 5305 1251 5377 legis
1304 5312 1702 5375 praeceptorum
1754 5304 2032 5367 cultores,

458 5414 634 5469 neque
663 5397 830 5454 etiam
859 5414 955 5455 eos
986 5397 1079 5469 qui
1114 5411 1182 5452 ex
1211 5395 1507 5451 Abrahami
1534 5397 1706 5468 stirpe
1738 5404 1887 5459 sunt,
1921 5409 2031 5449 non

456 5488 734 5557 lsraelem,
765 5507 943 5562 neque
969 5488 1256 5544 Iudaicam
1287 5496 1500 5560 gentem
1525 5507 1540 5554 ;
1587 5489 1683 5542 sed
1712 5487 2033 5558 simpliciter

455 5597 646 5637 omnes
702 5584 796 5653 qui
842 5582 1088 5638 habitant
1140 5583 1195 5636 in
1251 5581 1416 5636 domo
1463 5581 1576 5636 Dei.
1621 5580 1762 5646 Quid
1817 5579 2031 5634 beatius

528 5738 640 5770 ’Μ’
682 5735 826 5793 Psal.
860 5751 1067 5802 tum,
1110 5737 1164 5805 5,
1204 5738 1257 5791 ι.

2136 4661 2531 4733 ὴγαλλιάσατο;
2581 4659 2904 4731 Ἐπειδήπερ
2944 4654 3121 4727 εὗρεν
3169 4656 3358 4722 ἐαυτῷ
3402 4660 3719 4726 στρουθίον

2135 4754 2333 4806 οὶκίαν
2365 4753 2460 4806 καὶ
2491 4751 2720 4820 τρυγὼν
2749 4750 3026 4813 νοσσιὰν,
3059 4750 3129 4802 τὰ
3157 4747 3551 4816 θυσιαστήριὰ
3575 4765 3713 4809 σου,

2137 4846 2312 4914 Κύριε
2343 4844 2461 4898 τῶν
2486 4841 2822 4913 δυνάμεων·
2857 4843 2988 4911 παρ’
3016 4835 3095 4905 οἷς
3122 4839 3525 4909 θυτιαστηρξοις
3557 4841 3607 4890 οἱ
3643 4839 3713 4908 μὴ

2137 4939 2272 5013 πρδς
2309 4938 2479 5010 βραχὺ
2513 4937 2893 5008 διατρίϐοντες,
2933 4933 3044 4988 ἀλλ’
3095 4935 3173 4996 είς
3220 4933 3280 4984 τὸ
3327 4930 3571 5003 διηνεκὲς
3618 4947 3714 4982 κα-

2131 5029 2456 5092 τοικοῦντες,
2506 5030 2598 5081 καὶ
2640 5027 2968 5098 παραμὸνως
3021 5023 3369 5096 ἐμμένοντες,
3415 5021 3714 5092 τρισμακὰ-

2135 5141 2239 5195 ριοι
2281 5121 2622 5191 τυγχάνουσι.
2665 5120 2836 5172 Τοῦτο
2881 5118 2924 5170 δ’
2975 5115 3164 5180 εἰπὼν,
3215 5113 3390 5168 πάντα
3442 5114 3509 5167 τα
3564 5113 3714 5184 παρὰ

2135 5214 2362 5268 Μωῦσεί
2379 5212 2583 5283 νόμιμα
2608 5209 2994 5281 περιέγραψεν.
3025 5209 3097 5261 Οὐ
3131 5206 3240 5278 γὰρ
3267 5204 3562 5276 μακαρίους
3595 5200 3711 5256 εἶπε

2133 5307 2262 5368 τοὺς
2321 5305 2743 5376 ἐμπεριτόμους,
2785 5303 2906 5356 οὐδὲ
2948 5301 3072 5365 τοὺς
3107 5299 3175 5354 τὰ
3216 5298 3468 5353 Σάϐϐατα
3509 5297 3711 5366 φυλάτ-

2137 5413 2348 5461 τοντας,
2383 5396 2500 5449 οὐδὲ
2545 5397 2667 5458 τοὺς
2703 5394 2802 5457 τὰς
2831 5394 2980 5464 παρὰ
3013 5393 3234 5446 Μωῦσεῖ
3263 5389 3450 5452 θυσίας
3484 5390 3577 5440 καὶ
3616 5386 3715 5449 τὰς

2135 5487 2330 5552 λοιπὰς
2364 5487 2455 5541 τοῦ
2500 5483 2807 5557 σωματικοῦ
2835 5485 2996 5555 νόμου
3049 5481 3264 5543 ἐντολὰς
3301 5479 3712 5552 ἐπιτηροῦντας,

2138 5577 2250 5632 ἀλλ’
2278 5578 2396 5631 οὐδὲ
2424 5577 2546 5640 τοὺς
2581 5577 2879 5646 ἀπογόνους
2915 5572 3184 5644 Ἁϐραάμ,
3205 5571 3322 5624 οὐδὲ
3349 5573 3439 5624 τὸν
3474 5570 3711 5639 Ἰσραὴλ,
