3996 6210
316 363 469 422 Ιῢθθ

1462 361 1969 425 COMMENTARIA
2003 359 2071 418 IN
2107 322 2447 419 pé'ALuos.

3442 360 3580 421 1M0

313 477 442 533 οὐδὲ
490 476 553 532 τὸ
596 478 865 535 Ἰουδαίων
897 479 1069 549 ἔθνος,
1121 479 1236 535 ἀλλ’
1275 477 1608 550 ἁπαξαπλῶς
1663 477 1898 539 ἅπαντας

2008 476 2156 533 enim
2187 474 2375 541 fuerit,
2411 489 2575 546 quam
2610 474 2779 531 Deum
2810 490 2969 532 suum
3005 484 3059 532 et
3104 473 3397 530 Dominum
3417 475 3585 531 virtu-

312 572 445 635 τοὺς
473 570 862 637 κατοικοῦντας
892 574 951 627 tv
978 570 1056 644 τῷ
1082 571 1216 643 οῐκῳ
1256 569 1348 626 τοῦ
1392 568 1545 624 Θεοῦ.
1582 569 1647 622 Τί
1681 568 1791 643 γάρ
1833 568 1899 623 ἂν

316 663 529 733 γένοιτο
577 662 794 734 ἀληθῶς
840 663 1251 736 μακαριώτερον
1281 662 1375 716 τοῦ
1421 661 1645 733 βασιλέα
1681 661 1778 733 μὲν
1807 659 1900 714 τὸν

314 751 451 806 Θεὸν
484 753 671 818 αὐτοῦ,
701 754 795 807 καὶ
841 753 931 807 τὸν
976 752 1177 825 Κύριον
1221 752 1330 806 τῶν
1359 752 1641 823 δυνάμεων
1670 751 1902 830 ἐπιγρά-

316 842 535 913 φεσθαι,
570 846 739 897 οἰκεῖν
784 844 841 897 δὲ
880 845 969 898 τὸν
1018 840 1165 898 οἷκον
1202 843 1369 898 αὐτοῦ
1411 842 1693 914 διηνεκῶς,
1738 840 1798 906 ἐξ
1837 837 1900 897 οὗ

316 933 601 1007 πορίζεται
631 937 664 1006 ή
691 935 783 989 τοῦ
821 935 955 989 Θεοῦ
988 934 1255 990 ἀθανασία
1285 935 1379 988 καὶ
1428 936 1462 1006 ἡ
1506 931 1724 997 αἰώνιος
1749 933 1897 1005 ζωής

315 1027 489 1081 Τοῦτο
516 1026 648 1096 γοῦν
678 1027 1002 1098 παρίστησιν
1049 1029 1078 1081 ό
1116 1027 1272 1096 λόγος
1315 1026 1568 1096 φάσκων
1620 1028 1724 1092 Εἰς
1756 1024 1901 1091 τοὺς

312 1117 538 1183 αὶῶνας
571 1114 690 1169 τῶν
724 1115 954 1170 αἰώνων
989 1115 1306 1170 αὶνέσουσί
1341 1130 1416 1169 σε
1456 1116 1511 1168 οἱ
1555 1110 1900 1167 κατοικοῦν-

313 1226 419 1277 τες
453 1210 525 1263 ἐν
548 1207 629 1274 τῷ
670 1209 813 1276 οἴκῳ
848 1222 986 1263 σου.
1016 1208 1142 1272 Πῶς
1177 1207 1222 1260 δ’
1260 1207 1333 1261 ἂν
1363 1205 1537 1270 ἄλλως
1568 1205 1781 1259 δύναιτό
1818 1222 1901 1268 τις

316 1304 399 1365 είς
422 1301 549 1365 τοὺς
581 1300 782 1363 αίῶνας
802 1298 912 1353 τῶν
939 1298 1148 1357 αίώνων
1173 1299 1266 1353 τὸν
1294 1299 1426 1353 Θεὸν
1454 1299 1624 1353 αἰνεῖν
1654 1299 1688 1369 ἢ
1721 1299 1901 1352 διαιω-

316 1394 483 1458 νίζων
512 1392 606 1447 καὶ
634 1390 816 1457 αὐτὸς,
845 1391 1011 1446 ἀΐδιόν
1036 1408 1097 1445 τε
1129 1392 1224 1445 καὶ
1262 1391 1527 1452 ἀθάνατον
1564 1389 1901 1462 κεκτημένος

319 1484 498 1555 ζωήν;
527 1482 829 1552 Μακάριος
864 1482 1019 1557 ἀνὴρ
1056 1480 1129 1541 οὗ
1150 1484 1321 1539 ἐστιν
1348 1484 1670 1553 ἀντίληψις
1713 1482 1899 1537 αὐτοῦ

315 1581 479 1650 παρὰ
510 1580 647 1645 σοῦ,
670 1578 995 1646 ἀναϐάσεις
1016 1579 1083 1634 ἐν
1106 1578 1182 1648 τῇ
1206 1578 1418 1647 καρδίᾳ
1443 1577 1630 1633 αὑτοῦ
1654 1575 1897 1644 διέθετο,

315 1673 405 1738 εις
440 1671 554 1740 τὴν
578 1670 832 1727 κοιλάδα
863 1670 971 1726 τοῦ
1015 1669 1426 1741 κλαυθμῶνος,
1460 1672 1548 1736 εις
1581 1668 1689 1724 τὸν
1713 1669 1902 1723 τόπον

315 1762 389 1816 ὃν
416 1761 603 1819 ἔθετο.
631 1761 934 1834 Πληρώσας
965 1762 1057 1816 τὸν
1101 1762 1293 1833 εἱρμὸν
1326 1762 1420 1815 καὶ
1450 1760 1551 1833 τὴν
1579 1759 1900 1815 ἀκολουθίαν

2006 575 2123 623 tum
2148 567 2203 622 in
2233 583 2417 639 regem
2465 567 2570 625 sibi
2617 567 2913 634 ascribere,
2944 575 3000 623 et
3038 568 3093 622 iu
3122 566 3285 623 domo
3310 567 3429 637 ejus
3458 583 3585 639 par-

2007 667 2174 730 petuo
2206 660 2478 728 habitare,
2508 676 2572 717 ex
2601 675 2711 731 quo
2743 659 2839 716 Dei
2875 659 3261 715 immortalitas
3285 666 3339 714 et
3377 666 3582 714 aeterna

2005 752 2117 807 vita
2143 753 2533 823 comparatur?
2567 752 2624 808 ld
2657 766 2791 808 sane
2819 751 3064 807 declarat
3091 749 3225 805 illud
3258 750 3403 816 τριιί
3426 749 3582 804 habi-

2007 853 2121 904 tant
2159 844 2214 897 in
2244 841 2400 903 domo
2447 852 2560 909 tua,
2591 843 2646 896 in
2677 841 2874 898 saecula
2919 841 3237 898 seculorum
3290 841 3582 896 laudabunt

2008 944 2075 992 te.
2112 933 2230 1003 Qua
2262 934 2476 989 ratione
2498 942 2693 1001 autem
2723 934 2849 1004 quis
2876 933 3053 988 valeat
3087 932 3143 988 in
3173 933 3372 988 saecula
3405 950 3581 990 saecu-

2007 1027 2185 1082 lorum
2235 1026 2404 1080 Deum
2452 1025 2696 1090 laudare,
2731 1025 2841 1083 nisi
2886 1033 2941 1082 et
2987 1025 3106 1097 ipse
3153 1034 3417 1096 perpetuo
3472 1042 3585 1082 nu-

1976 1188 1979 1191 _
2007 1126 2156 1184 neat,
2182 1132 2247 1172 ac
2269 1127 2526 1172 aeternam
2564 1115 3039 1186 immortalemque
3068 1115 3345 1185 possideat
3374 1116 3585 1172 vitam?

2007 1209 2248 1265 —Vsns.
2276 1209 2331 1273 6,
2365 1210 2413 1262 7.
2443 1207 2639 1262 Beatus
2672 1208 2751 1265 uir
2787 1207 2939 1277 cujus
2977 1217 3054 1262 est
3094 1208 3356 1262 auxilium
3385 1209 3477 1262 abs
3499 1216 3572 1274 te,

2009 1302 2334 1357 ascensiones
2365 1300 2420 1355 in
2455 1298 2610 1355 corde
2637 1315 2733 1353 suo
2764 1298 3029 1368 disposuit
3064 1300 3118 1354 in
3148 1300 3281 1355 valle
3313 1300 3581 1368 lacrynt-a—

2006 1408 2148 1456 rum,
2184 1392 2237 1444 in
2271 1390 2383 1445 loco
2412 1406 2561 1460 quem
2588 1388 2785 1459 posuit.
2821 1387 3121 1460 Postquam
3153 1390 3349 1446 seriem
3383 1388 3582 1444 verbo-

2006 1495 2239 1551 rmnque
2269 1480 2596 1537 sententiam
2629 1478 2963 1543 absolverat,
2995 1496 3025 1533 a
3067 1478 3427 1549 diapsalmate
3464 1492 3581 1534 scr-

2005 1573 2186 1633 monis
2224 1573 2578 1627 mutationem
2607 1571 2839 1627 orditur.
2864 1570 3231 1649 Quamobrem
3257 1585 3382 1625 cum
3425 1586 3587 1642 supe-

2006 1660 2125 1719 rius
2154 1677 2250 1718 eos
2281 1663 2375 1733 qui
2414 1662 2660 1721 habitant
2689 1662 2745 1716 in
2786 1662 2950 1718 domo
2985 1660 3080 1720 Dei
3134 1664 3323 1718 beatos
3354 1663 3581 1735 plurali-

2007 1761 2091 1811 ter
2119 1754 2371 1821 dixisset,
2398 1754 2488 1811 hic
2515 1771 2683 1810 unum
2714 1757 3025 1826 quempiam
3060 1755 3115 1809 in
3140 1755 3334 1827 primis
3357 1756 3579 1810 beatum

310 1855 416 1926 τῆς
440 1854 698 1919 διανοίας,
731 1854 997 1925 μεταϐολῇ
1041 1854 1306 1928 κέχρηται
1334 1852 1428 1907 τοῦ
1462 1852 1621 1922 λόγου
1649 1854 1757 1907 ἀπὸ
1786 1852 1898 1906 δια-

2000 1848 2280 1920 prazdicat.
2315 1850 2488 1917 Quem
2521 1866 2672 1917 vero,
2706 1851 2816 1907 nisi
2853 1867 2977 1907 eum
3012 1853 3102 1923 qui
3137 1853 3191 1909 in
3221 1851 3362 1907 valle
3398 1852 3579 1924 lacry-

278 1936 616 2019 νψάλματος.
656 1946 855 2019 Διόπερ
894 1947 1150 2018 ἀνωτέρω
1191 1945 1569 2017 πληθυντικῶς
1598 1945 1902 2016 μακαρίους

308 2041 438 2105 τοὺς
469 2038 858 2104 κατοικοῦντας
893 2040 959 2092 ὲν
990 2038 1069 2109 τῷ
1107 2037 1243 2109 οἴκῳ
1299 2038 1393 2094 τοῦ
1423 2037 1561 2094 Θεοῦ
1594 2036 1782 2104 εἰπὼν,
1823 2039 1903 2092 tv-

309 2131 486 2187 ταῦθα
526 2131 624 2187 ἕνα
670 2131 792 2186 τινὰ
835 2130 1127 2202 μακαρίζει
1178 2129 1319 2186 κατά
1357 2129 1652 2203 ἐξαίρετον.
1685 2131 1818 2187 Τίνα
1843 2131 1902 2201 δὲ

311 2222 502 2276 τοῦτον
543 2221 576 2293 ἢ
622 2221 714 2276 τὸν
749 2221 806 2274 tv
844 2223 908 2292 τῇ
944 2220 1149 2275 κοιλάδι
1181 2219 1275 2274 τοῦ
1303 2218 1656 2290 κλαυθμῶνος
1687 2219 1902 2289 ἀντιλή-

310 2315 461 2386 ψεως
494 2318 592 2387 τῆς
624 2314 776 2389 παρά
802 2313 895 2367 τοῦ
928 2312 1062 2375 Θεοῦ
1103 2313 1427 2385 ἠξιωμένον,
1454 2311 1546 2366 τὸν
1577 2312 1671 2366 καὶ
1706 2311 1904 2366 ἀναϐά-

313 2424 428 2472 σεις
454 2406 724 2479 ἐσχηκότα
748 2404 883 2460 Θεοῦ
909 2407 967 2460 tv
992 2408 1058 2477 τῇ
1094 2404 1292 2478 καρδίᾳ
1324 2403 1491 2458 αὐτοῦ
1514 2420 1528 2469 ;
1562 2403 1762 2459 Τοῦτον
1791 2404 1900 2475 γάρ

262 2534 271 2543 -
314 2497 407 2551 τὸν
448 2497 617 2569 ἄνδρα
661 2495 821 2550 πάλιν
866 2491 1189 2567 μακαρίζει⁸
1236 2494 1351 2549 ἀλλ’
1383 2495 1444 2548 ού
1486 2494 1577 2548 τὸν
1613 2493 1722 2547 τῶν
1750 2494 1900 2566 παρὰ

309 2589 541 2643 Μωῦσεϊ
554 2585 879 2659 σωματικῶν
903 2586 1129 2641 ἐντολῶν
1163 2586 1396 2657 φύλακα.
1420 2585 1673 2649 Τοιοῦτος
1701 2585 1759 2638 δέ
1783 2586 1899 2650 ἐστι

308 2683 419 2744 πᾶς
443 2681 473 2734 ό
497 2678 904 2750 ἀποκλᾳόμενος
932 2679 1121 2733 ἑαυτὸν
1143 2681 1200 2732 tv
1227 2677 1305 2749 τῷ
1337 2676 1517 2749 θνητῷ
1555 2678 1649 2731 καὶ
1687 2677 1898 2749 ἀνθρω-

307 2770 450 2842 πίνῳ
487 2770 606 2842 βίῳ,
642 2771 736 2825 καὶ
776 2771 879 2842 τὴν
914 2772 1153 2839 ἐπίγειον
1197 2772 1402 2845 ταύτην
1447 2772 1593 2846 ζωὴν
1636 2772 1901 2846 βαρούμε-

306 2879 418 2925 νος,
449 2861 517 2933 ἣν
546 2860 769 2915 κοιλάδα
798 2860 1149 2934 κλαυθμῶνος
1174 2863 1203 2916 ό
1236 2862 1395 2933 λόγος
1417 2863 1691 2934 ὀνομάζει,
1722 2862 1810 2917 διὰ
1836 2862 1897 2916 τὸ

305 2951 589 3024 κλαυθμοῦ
620 2951 745 3017 ἄξια
780 2947 921 3006 εἶναι
951 2953 1020 3009 τά
1055 2952 1309 3019 ἐνταῦθα,
1357 2952 1634 3024 κλαυθμοῦ
1678 2971 1738 3007 τε
1769 2953 1895 3021 ἄξια

304 3046 572 3118 πράττειν
598 3046 723 3109 τοὺς
755 3046 847 3098 ἐπὶ
887 3047 993 3116 γῆς
1033 3043 1371 3116 ἀνθρώπους,
1402 3046 1497 3099 κοιλ⁵
1531 3044 1620 3098 διὰ
1660 3044 1721 3098 τὸ
1767 3047 1895 3110 τοὺς

301 3139 497 3207 ἁγίους
523 3136 618 3191 τοῦ
640 3136 775 3191 Θεοῦ
798 3136 947 3191 κατάι
966 3137 1057 3190 τὸν
1084 3137 1328 3208 παρόντα
1357 3136 1472 3208 βίον
1500 3136 1891 3207 ἀποκλᾴεσθαι,

2005 1958 2218 1999 marum
2265 1942 2360 1999 Dei
2394 1943 2701 2015 patrocinio
2730 1945 3010 2016 dignatur,
3055 1944 3153 2015 qui
3181 1946 3346 2001 etiam
3387 1958 3580 2002 ascen-

2004 2035 2188 2091 siones
2208 2034 2303 2091 Dei
2335 2036 2499 2092 habet
2532 2037 2588 2093 in
2620 2037 2786 2093 corde
2824 2036 2960 2093 suo?
2990 2036 3148 2093 Hunc
3172 2036 3375 2108 quippe
3401 2037 3576 2093 virum

2002 2144 2198 2186 rursus
2226 2128 2598 2201 bealumjdicit
2616 2149 2636 2198 ;,
2652 2146 2762 2185 non
2786 2138 2965 2186 autem
2988 2130 3354 2205 corporalium
3373 2129 3576 2201 Moysis

2001 2228 2400 2293 praeceptorum
2431 2222 2719 2285 cultorem.
2748 2220 2898 2277 Talis
2926 2236 3093 2292 porro
3121 2229 3206 2278 est
3232 2221 3484 2299 quisquis
3518 2221 3575 2277 in

2003 2310 2107 2367 hac
2145 2313 2360 2367 mortali
2390 2320 2445 2368 et
2487 2313 2725 2373 humana
2767 2313 2889 2371 vita
2926 2313 3169 2385 seipsum
3198 2314 3485 2387 deplorat;
3518 2320 3578 2369 et

2003 2404 2459 2468 terrenamlhanc
2506 2406 2696 2470 vitam,
2752 2419 2917 2474 quam
2964 2406 3161 2463 vallem
3209 2405 3576 2477 lacrymarum

1999 2510 2178 2550 sermo
2224 2505 2525 2567 nuncupat,
2577 2503 2800 2566 gravate
2851 2504 2909 2552 et.
2946 2511 3090 2568 aegre
3127 2496 3414 2557 sustinet:
3446 2496 3578 2568 quia

1997 2587 2164 2659 hujus
2190 2588 2314 2643 vita:
2347 2596 2437 2644 res
2467 2586 2595 2645 ﬂetu
2625 2588 2802 2659 dignae
2847 2596 2997 2652 sunt,
3033 2595 3200 2660 atque
3236 2587 3577 2652 homines-in

1997 2688 2145 2736 terra
2175 2681 2435 2753 degentes
2470 2682 2728 2754 lacrymis
2757 2679 3094 2752 deploranda
3135 2686 3452 2755 perpetrant
3484 2687 3577 2735 :et

1997 2774 2124 2845 quia
2161 2775 2339 2830 sancti
2373 2773 2471 2833 Dei.
2513 2775 2567 2830 in
2611 2775 2715 2829 hac
2761 2774 2870 2829 vita
2903 2772 3147 2837 ﬂetibus,
3196 2771 3493 2844 gemitibus
3520 2779 3577 2826 et

1993 2863 2258 2920 aerumnis
2293 2863 2481 2925 traditi
2515 2873 2646 2925 sunt
2679 2864 2983 2920 secundum
3024 2862 3369 2934 Apostolum.
3412 2860 3576 2931 Quis-

1993 2955 2118 3027 quis
2158 2971 2291 3027 ergo
2338 2956 2394 3011 in
2429 2955 2572 3019 valle
2602 2956 2989 3029 lacrymarum,
3035 2955 3090 3011 id
3129 2964 3215 3012 est
3265 2955 3320 3010 in
3353 2956 3574 3011 mortali

1992 3046 2105 3103 vita
2150 3048 2459 3122 patrocinio
2514 3047 2611 3104 Dei
2655 3048 2898 3114 fruitur,
2959 3065 3087 3105 vere
3139 3048 3351 3106 beatus.
3382 3046 3571 3113 fuerit,

1991 3137 2214 3210 quando
2249 3140 2486 3198 maxime
2515 3142 2881 3199 ascensiones.
2898 3141 2992 3197 Dei
3024 3141 3087 3201 in.
3120 3141 3287 3197 corde
3310 3140 3431 3211 ejus
3476 3155 3573 3211 po-

305 3227 665 3291 στενάζοντας
704 3228 801 3281 καὶ
839 3227 1210 3299 βαρουμένους
1245 3227 1389 3282 κατὰ
1423 3228 1516 3282 τὸν
1554 3229 1891 3284 Ἀπόστολον.

2000 3230 2118 3293 siue
2148 3240 2296 3287 sunt.
2324 3230 2464 3306 Cum
2483 3232 2633 3289 enim
2659 3233 2756 3289 alii
2781 3233 3032 3295 homines
3064 3232 3391 3293 mortalibus
3420 3232 3574 3303 cogi-

301 3319 423 3382 Πᾶς
451 3314 542 3373 οὖν
573 3319 602 3371 ό
633 3319 691 3371 ὲν
722 3321 789 3390 τῇ
837 3318 1039 3373 κοιλάδι
1069 3317 1165 3372 τοῦ
1197 3317 1576 3391 κλαυθμῶνος,
1619 3320 1897 3375 τουτέστιν

300 3412 366 3465 ὲν
410 3408 487 3480 τῷ
537 3408 715 3482 θνητῷ
764 3410 873 3480 βίῳ,
918 3409 1018 3480 τῆς
1064 3409 1216 3480 παρά
1255 3409 1346 3464 τοῦ
1388 3410 1525 3464 Θεοῦ
1560 3411 1895 3483 ἀντιλήψεως

296 3503 616 3572 τυγχάνων,
675 3503 943 3576 μακάριος
989 3502 1206 3574 ἀληθῶς
1255 3502 1320 3557 ἂν
1357 3502 1478 3575 εἴη,
1524 3504 1613 3557 ὅτε
1661 3503 1894 3574 μάλιστα

298 3594 596 3658 ἀναϐάσεις
634 3594 728 3648 τοῦ
766 3595 899 3650 Θεοῦ
945 3595 1004 3648 tv
1058 3598 1125 3668 τῇ
1180 3595 1378 3670 καρδία
1420 3597 1583 3659 αὑτοῦ
1623 3597 1890 3667 γίνονται.

1997 3310 2299 3383 tationibu's
2347 3326 2404 3381 in
2438 3334 2666 3399 peccata
2712 3327 2894 3384 omnis
2930 3327 3147 3398 generis
3188 3327 3571 3395 detrahantur,

1999 3415 2416 3489 damnumque
2446 3419 2734 3481 conatibus
2780 3433 2844 3473 ac
2878 3419 3242 3490 malignorum
3277 3417 3569 3489 spirituum

1995 3509 2442 3580 suggestionibus
2464 3510 2922 3581 supplantentur;
2950 3512 3043 3582 qui
3082 3524 3275 3565 eorum
3298 3508 3571 3566 machinis

1992 3614 2104 3663 non
2124 3601 2360 3672 capitur,
2392 3602 2487 3659 sed
2514 3601 2609 3658 Dei
2640 3603 2815 3675 gratia
2858 3604 3229 3661 ascensiones.
3255 3604 3430 3659 bonas
3452 3612 3509 3659 et
3535 3618 3568 3657 ιι

296 3685 425 3739 Τῶν
450 3685 559 3759 γὰρ
587 3686 761 3741 ἄλλων
794 3686 890 3741 ἀνθ
901 3686 1099 3758 ρώπων
1136 3688 1349 3760 θνητοῖς
1384 3688 1665 3761 λογισμοῖς
1701 3688 1894 3744 καθελ-

2000 3691 2103 3749 Deo
2127 3693 2326 3750 missas
2357 3694 2723 3771 cogitationes
2755 3696 2813 3751 in
2844 3696 3011 3751 corde
3045 3710 3147 3753 suo
3173 3695 3439 3767 possidet,
3476 3696 3568 3750 hic
3647 3712 3652 3717 θ

299 3774 550 3847 κομένων
574 3777 655 3841 είς
686 3778 794 3829 πᾶν
828 3772 969 3841 εἶδος
1000 3777 1295 3851 ἁμαρτίας,
1333 3777 1471 3833 ἀλλὰ
1498 3778 1592 3834 καὶ
1622 3777 1892 3850 δαιμόνων

2000 3799 2117 3843 vere
2151 3786 2381 3854 beatus;
2415 3786 2510 3858 qui
2543 3787 2708 3843 etiam
2752 3788 2806 3843 in
2835 3788 3001 3844 domo
3036 3787 3129 3843 Dei
3163 3803 3382 3863 semper
3419 3788 3570 3845 habi-

296 3864 602 3932 ὲπιδολαϊς,
632 3868 726 3921 καὶ
758 3869 1005 3940 πονηρῶν
1037 3869 1365 3941 πνευμάτων
1397 3870 1726 3944 ὲνθυμήσεσι
1760 3871 1891 3925 ὑπο-

2000 3884 2090 3943 tat,
2124 3887 2179 3935 et
2209 3879 2369 3953 quasi
2402 3878 2661 3939 sacerdos
2703 3880 2979 3953 quispiam
3008 3881 3114 3938 soli
3147 3879 3243 3938 Dei
3281 3881 3453 3937 cultui
3481 3897 3568 3938 va-

296 3957 718 4029 σκελιζομένων,
773 3960 803 4012 ὀ
861 3962 936 4037 μὴ
977 3960 1188 4026 τούτοις
1231 3962 1606 4035 ἁλισκόμενος,
1648 3962 1790 4021 κατὰ
1831 3964 1892 4029 δὲ

2000 3978 2112 4038 cat,
2137 3956 2273 4028 sane
2319 3981 2372 4027 et
2414 3972 2611 4029 beatus
2655 3973 2746 4028 ille
2780 3974 2999 4044 :primo
3040 3973 3171 4045 quia
3214 3973 3272 4028 in
3310 3974 3568 4041 omnibus

292 4047 434 4103 Θεοῦ
458 4049 617 4122 χάριν
643 4050 936 4115 ἀναϐάσεις
968 4050 1180 4121 ἀγαθάς
1210 4054 1303 4109 κα)⁵
1333 4054 1628 4126 λογισμοὺς
1654 4056 1720 4109 ὲκ
1750 4055 1886 4109 Θεοῦ

2000 4062 2202 4129 ictibus
2225 4063 2344 4121 suis
2368 4063 2539 4120 Deum
2563 4065 2728 4121 habet
2757 4074 3136 4137 susceptorem
3160 4072 3222 4121 et.
3236 4073 3568 4136 patronum;

291 4141 681 4212 πεμπομένους
729 4142 789 4195 tv
830 4144 898 4214 τῇ
953 4145 1150 4217 καρδίᾳ
1188 4144 1352 4198 αὑτοῦ
1404 4145 1702 4217 κτώμενος,
1732 4140 1887 4211 οὗτος

2000 4150 2183 4208 leinde
2222 4152 2352 4231 quia
2408 4155 2764 4211 ascensiones
2814 4153 2913 4212 Dei
2970 4154 3027 4212 in
3073 4155 3241 4213 corde
3282 4153 3566 4233 possidet;

288 4230 510 4301 ἀληθῶς
559 4236 846 4306 μακάριος,
875 4235 906 4287 ὁ
950 4235 1044 4289 καὶ
1068 4236 1156 4290 διὰ
1193 4236 1395 4302 παντὸς
1422 4238 1693 4294 κατοικῶν
1719 4241 1777 4293 tv
1805 4239 1884 4310 τῷ

2000 4244 2185 4314 quibus
2213 4246 2630 4303 ascensionibus
2660 4247 3047 4318 signiﬁcantur
3075 4230 3437 4321 cogitationes
3465 4246 3565 4302 bo-

290 4322 431 4394 οἴκῳ
458 4324 551 4378 τοῦ
587 4324 744 4389 Θεοῦ,
771 4327 867 4380 καὶ
904 4326 1094 4401 ὥσπερ
1144 4330 1323 4403 ἱερεύς
1366 4347 1454 4396 τις
1499 4331 1637 4405 μόνῃ
1684 4334 1749 4404 τῇ
1792 4332 1885 4389 λαε

2000 4351 2087 4401 με,
2113 4352 2235 4407 qua:
2260 4353 2325 4392 ex
2352 4336 2451 4394 Dei
2477 4347 2615 4393 nutu
2646 4338 2701 4391 in
2732 4341 3057 4399 memoriam
3093 4340 3215 4409 ejus
3244 4339 3338 4408 qui
3369 4338 3564 4394 beatus

290 4413 453 4485 τρείᾳ
480 4414 574 4467 τοῦ
600 4415 735 4469 Θεοῦ
772 4416 1078 4497 σχολάζων,
1106 4420 1198 4474 καὶ¹
1244 4420 1512 4494 μακάριος
1549 4416 1734 4487 οὗτος·
1786 4426 1882 4480 ἅτε

2000 4428 2312 4497 medicatur
2340 4428 2647 4485 ascendunt
2674 4437 2733 4486 et
2759 4436 3082 4487 accurrunt.
3114 4429 3169 4483 ιιι
3202 4444 3369 4499 porro
3402 4429 3563 4486 lﬂlle

290 4504 515 4575 πρῶτον
543 4507 639 4576 μὲν
684 4508 1051 4583 ἀντιλήπτορα
1100 4510 1237 4583 ἔχων
1284 4514 1378 4568 τὸν
1417 4514 1549 4568 Θεὸν
1587 4514 1882 4591 βοηθοῦντα

2000 4520 2138 4591 igas,
2185 4520 2234 4576 si
2278 4520 2409 4576 huic
2450 4521 2597 4578 dicto
2650 4521 2907 4581 conferas
2936 4522 3072 4578 illud
3094 4523 3139 4555 "
3168 4542 3181 4578 :
3210 4520 3344 4578 Cum
3386 4536 3583 4585 pene».

287 4592 461 4664 αὐτῷ,
502 4596 595 4648 καὶ
626 4598 1154 4670 ἀντιλαμϐανόμενον
1196 4603 1255 4655 tv
1304 4604 1508 4668 πάσαις
1551 4606 1713 4659 αὑτοῦ
1760 4609 1880 4670 ταῖς

2000 4620 2205 4681 ιαεηιιιν
2241 4629 2330 4668 vos
2375 4621 2427 4669 et
2462 4612 2725 4673 adducent
2755 4616 2812 4670 in
2848 4616 3097 4680 concilia,
3129 4616 3289 4671 nolite
3329 4617 3567 4686 cogitare,

285 4683 587 4782 πράξεσιν
615 4687 805 4743 ἔπειτα
838 4691 1175 4761 κεκτημένος
1198 4692 1495 4760 ἀναδάσεις
1530 4696 1664 4751 Θεοῦ
1710 4699 1769 4751 ὲν
1807 4701 1874 4770 τῇ

2000 4706 2238 4776 ιιιοτηθάο
2288 4719 2384 4763 aut
2425 4710 2553 4780 quid
2601 4710 2892 4782 loquamini
2922 4725 2940 4764 :
2969 4710 3186 4771 dabitur
3234 4683 3579 4767 enim'nobis.

287 4775 489 4870 καρδία
519 4778 683 4833 αὑτοῦ
704 4796 719 4810 ⁸
746 4782 984 4851 ἀγαθοὺς
1020 4782 1079 4836 δὲ
1118 4783 1410 4856 λογισμοὺς
1443 4789 1795 4859 σημαίνουσιν
1821 4792 1881 4851 αἱ

2000 4814 2154 4853 sermo
2178 4800 2235 4853 in
2269 4803 2537 4870 apertione
2568 4803 2677 4856 oris
2721 4805 2880 4859 vestri
2901 4804 2969 4860 ”.
2999 4801 3122 4863 Non
3153 4803 3291 4858 enim
3318 4820 3405 4859 vos
3434 4803 3560 4858 estis

287 4868 586 4969 ἀναδάσεις
615 4873 710 4926 καὶ
735 4873 946 4943 ἀγαθὰς
968 4875 1295 4948 ἐνθυμήσεις
1314 4880 1414 4943 τὰς
1440 4881 1579 4946 κατά
1604 4881 1738 4939 Θεοῦ
1765 4883 1881 4955 βου.

2000 4891 2072 4963 μιὶ
2111 4868 2423 4966 loquimini,
2475 4896 2566 4951 sed
2604 4895 2838 4966 Spiritus
2890 4897 3075 4958 Patris
3126 4900 3318 4961 vestri,
3371 4900 3462 4969 qui
3504 4900 3560 4953 in

286 4958 387 5029 λὴν
417 4961 671 5027 ἀνιούσας
706 4965 801 5018 καὶ
838 4967 1240 5039 ἀνατρεχούσας
1272 4971 1364 5025 ἐπὶ
1395 4969 1491 5043 τὴν
1517 4974 1739 5045 μνήμην
1783 4975 1877 5029 τοῦ

2000 4958 2129 5037 talis
2152 4958 2251 5047 est,
2291 4985 2383 5054 qui
2408 4958 2655 5057 loquitur
2680 4988 2733 5041 in
2773 4988 2937 5045 vobis.
2966 4987 3102 5044 Nam
3142 4989 3190 5044 is
3216 4989 3270 5043 in
3295 4958 3405 5059 quo
3436 4988 3559 5058 Spi-

288 5051 751 5157 μακαριξομένου.
777 5056 889 5129 Non
900 5077 1010 5124 σεις
1030 5060 1086 5114 δὲ
1109 5060 1267 5115 τοῦτο
1287 5062 1551 5134 παραθεὶς
1574 5065 1664 5117 τό·
1697 5065 1873 5120 Ὅταν

2000 5074 2123 5131 ’ἰιιιε
2160 5075 2255 5131 Dei
2300 5078 2562 5148 loquitur,
2609 5080 2665 5134 in
2689 5080 2855 5136 corde
2886 5080 3241 5137 ascensiones
3293 5080 3385 5136 Dei
3415 5079 3558 5134 obti-

283 5139 581 5247 διώκωσιν
608 5142 761 5215 ὑμᾶς
790 5148 890 5202 καὶ
921 5147 1149 5219 ἄγωσιν
1183 5154 1271 5218 εις
1294 5152 1599 5223 συνέδρια,
1638 5157 1726 5228 μὴ
1762 5176 1878 5228 με-⁴

2000 5174 2092 5221 iet.
2128 5164 2282 5224 Unde
2311 5139 2506 5225 merito
2532 5139 2727 5228 beatus
2755 5173 3102 5247 praedicatur.
3136 5173 3189 5228 Is
3218 5173 3336 5244 ipse
3358 5173 3413 5226 in
3435 5170 3556 5224 loco

270 5233 616 5341 ξιανήονηῖε
657 5252 785 5341 πως
828 5237 869 5308 ἢ
911 5241 970 5293 τι
1006 5241 1348 5313 λαλήσητε’
1401 5243 1719 5317 δοθήσεται
1760 5250 1872 5327 γὰρ

2000 5256 2157 5323 Ietus,
2194 5260 2247 5315 id
2265 5269 2372 5326 est,
2415 5262 2472 5324 in
2508 5263 2631 5325 loco
2665 5233 2906 5331 terreno,
2944 5264 3039 5322 Dei
3071 5233 3457 5322 testamentum
3501 5269 3555 5317 et

276 5326 428 5435 ὑμῖν
452 5326 487 5377 ό
507 5326 690 5395 λόγος
709 5328 781 5382 ἐν
803 5329 1031 5396 ἀνοίξει
1079 5333 1187 5388 τοῦ
1234 5337 1530 5405 στόματος
1562 5337 1745 5408 ὑμῶν.
1785 5345 1868 5398 οὐ

2000 5347 2191 5421 ιΙοιιυία
2221 5353 2345 5424 ejus
2373 5370 2474 5410 ceu
2505 5355 2780 5428 legatione
2800 5326 3036 5430 fungens
3063 5358 3346 5429 disposuit.

612 5421 779 5533 fit,“
807 5426 862 5533 of
896 5427 1257 5533 έαίοῦντεῗζ
1513 5432 1581 5533 τί)
1600 5436 1869 5533 gnra-’1‘“
1902 5444 2009 5499 τοῦ
2049 5415 2279 5518 άατρὸς
2305 5451 2473 5521 ὑμῶν
2502 5415 2610 5509 to}:
2637 5454 2708 5509 ἐν
2735 5415 3013 5525 οὐραιζοῖς
3051 5455 3118 5509 τὸ
3148 5415 3160 5429 ’
3189 5451 3426 5509 λαλοῦν
3483 5450 3554 5506 ἐκ·

276 5511 784 5624 Ῠξῗῖνῖλῗῗῖἷζτάρ
809 5517 1120 5624 τῖΡνεδεὲῗ
1157 5522 1425 5624 visui
1474 5525 1641 5624 λέλετι
1670 5532 1862 5624 τούτου
1897 5511 2193 5608 ἀναδάσειὲ
2231 5511 2368 5600 6εοῦ
2396 5548 2456 5602 δν
2492 5548 2691 5624 καρδίᾳ
2745 5511 2910 5605 alter»
2943 5511 3233 5620 γῐγνονται-
3259 5545 3352 5601 Aw
3409 5545 3568 5601 εικάε

427 5603 825 5716 iam".
848 5604 1017 5716 οξτξξ
1055 5611 1112 5666 δὲ
1151 5615 1315 5716 αρτξς
1352 5618 1410 5671 έν
1450 5617 1739 5716 τξῖθλωρίῳ
1773 5625 1867 5680 τοῦ
1906 5603 2278 5707 κλαυθμῶνος,
2306 5603 2585 5699 τουτέστιν
2610 5603 2676 5701 ιδ
2691 5603 2771 5716 τῶ
2820 5603 3083 5715 περιγείῳ
3108 5639 3258 5713 τόπῳ
3296 5639 3400 5713 τὴν
3452 5639 3567 5706 τεαὶ

276 5694 415 5748 θεοῦ
438 5697 712 5772 Αιαθήκην
741 5703 835 5756 καὶ
858 5704 927 5759 τὰ
952 5705 1110 5775 λόγια
1135 5707 1298 5764 αὑτοῦ
1319 5713 1637 5783 πρεσϐεύων
1660 5716 1940 5780 magst
2081 5694 2096 5707 '
2234 5694 2278 5707 ’⁷
2320 5694 2330 5696 ἡ
2612 5694 2661 5701 “’
2702 5694 2761 5716 ’τ
3052 5694 3066 5715 ⁵
3126 5694 3131 5695 ί
3220 5694 3243 5713 “’

352 5812 397 5855 ι’
437 5811 625 5875 Matth.
664 5832 731 5883 χ,
769 5818 855 5889 i9,
888 5822 978 5877 20.
1053 5826 1100 5857 ι’
1140 5825 1341 5898 Ephes.
1377 5846 1463 5898 γι,
1498 5831 1584 5893 i9.
