3988 6204
473 354 606 412 1011

543 473 649 528 Pro
686 473 776 528 illo
821 481 1000 527 autem
1023 515 1036 536 ,
1078 472 1344 541 Disposuit
1400 475 1453 529 in
1478 475 1612 530 valle
1645 477 2038 548 lacrymarum,
2072 485 2115 540 Α

472 563 832 634 Symmachus
862 569 942 618 sic
963 564 1144 627 habet,
1171 564 1531 635 Pra’grediens
1563 568 1749 622 vallem
1774 569 2039 636 plorabat.

473 653 569 708 lli'c
605 670 769 724 porro
803 671 898 724 per
920 656 1110 711 vallem
1140 659 1524 728 Iacrymarum,
1552 661 1843 714 humanam
1875 661 2042 714 vitam

469 753 700 807 indicari
738 754 997 817 diximus,
1055 769 1216 823 qnam
1255 757 1298 809 is
1328 756 1420 826 qui
1474 756 1666 811 beatus
1716 757 2044 826 praedicatur

470 844 844 912 pertransiens
863 852 917 899 et
953 852 1339 901 transcurrens
1365 847 1520 916 quasi
1544 848 1749 902 advena
1769 849 2041 918 quispiam

467 941 522 987 et
555 935 894 1003 peregrinus,
928 934 1172 989 C(IBIOSllS
1205 936 1394 1004 patriae
1436 951 1622 992 amore
1651 936 1908 1008 ﬂagrans,
1951 938 2044 1004 lle-

467 1023 622 1098 tibus
674 1025 1040 1095 lacrymisque
1079 1026 1471 1081 beatitudinem
1521 1029 1867 1098 parientibus
1920 1045 2044 1087 sese

469 1124 728 1180 macerat,
765 1115 1065 1169 secundum
1105 1117 1234 1170 illud
1256 1157 1270 1180 ,
1309 1117 1463 1172 Beati
1487 1119 1578 1188 qui
1601 1119 1777 1189 lugent
1801 1121 1866 1176 ⁸ο.
1898 1121 2046 1189 Qua-

467 1205 536 1258 lis
568 1213 685 1256 erat
712 1203 913 1258 Paulus
958 1207 1049 1277 qui
1081 1206 1210 1259 talia
1245 1207 1391 1261 fatur
1422 1227 1434 1263 :
1471 1208 1585 1264 Nos
1635 1211 1724 1280 qui
1767 1229 1948 1266 sumus
1989 1213 2046 1268 in

469 1298 832 1362 tabernaculo,
883 1301 1274 1370 ingemiscimus
1304 1304 1514 1377 gravati
1547 1303 1612 1357 ³⁸.
1644 1303 1750 1368 Pro
1803 1305 1896 1363 illo
1941 1321 2042 1360 au-

467 1389 688 1454 tem,ln
720 1392 831 1446 loco
873 1409 1025 1463 quem
1071 1395 1266 1462 posuit,
1316 1394 1531 1465 Aquila,
1583 1395 1806 1450 Fontem
1852 1406 2045 1466 ponent

465 1499 617 1546 eam;
654 1482 1014 1556 Symmachus
1047 1500 1197 1550 vero,
1254 1484 1400 1540 Fons
1449 1487 1801 1551 ordinabitur.
1845 1488 2040 1556 Quem,

465 1573 664 1644 inquit,
699 1574 902 1629 fontem
955 1582 1179 1645 ponent,
1224 1576 1334 1631 nisi
1389 1578 1584 1632 vallem
1643 1579 2044 1650 lacrymarum?

467 1665 666 1722 Totum
696 1675 876 1720 autem
919 1666 1201 1745 locunrsic
1227 1666 1423 1736 Aquila
1445 1667 1835 1739 interpretatur
1869 1687 1882 1724 :
1908 1669 2043 1724 Per-

468 1768 797 1813 transeuntes
826 1761 884 1812 in
905 1759 1042 1814 valle
1065 1759 1239 1823 ﬂetus.
1271 1761 1465 1818 fontem
1496 1770 1687 1830 ponent
1737 1779 1874 1818 eam.
1943 1762 2040 1821 llis

1212 355 1482 412 EUSEBll
1513 357 1993 415 CJESARIENSIS
2031 358 2181 416 OPP.
2225 358 2404 414 PARS
2429 358 3010 416 lll.—EXEGETlCA.

3579 357 3726 413 1012

2227 476 2369 529 Ἀντί⁸
2387 476 2443 529 δὲ
2463 474 2556 528 τού
2573 517 2586 539 ,
2609 475 2835 530 Διέθετο
2861 477 2946 540 είς
2967 471 3081 540 τὴν
3105 469 3355 524 κοιλάδα
3377 469 3481 523 τοῦ
3504 474 3724 525 κλαυθ-

2139 569 2356 640 μῶνος,
2371 571 2399 622 6
2412 569 2703 642 Σύμμαχός
2720 585 2873 638 φησι,
2893 566 3238 635 Προοδεύων
3255 563 3501 619 κοιλάδα
3516 567 3720 618 ἔκλαι-

2144 679 2231 715 εν.
2271 661 2506 715 Κοιλάδα
2530 661 2585 713 δὲ
2621 659 2969 730 κλαυθμῶνος
2999 661 3055 711 ὲν
3082 657 3290 720 τούτοις
3319 655 3409 708 τὸν
3441 655 3720 724 ἀνθρώπι-

2145 772 2231 807 νον
2255 753 2462 823 ἔφαμεν
2483 749 2770 823 δηλοῦσθαι
2795 751 2928 820 βίον,
2953 751 3011 802 δν
3031 750 3058 800 6
3088 749 3517 824 μακαριζόμενος
3542 766 3617 800 πα
3624 765 3719 818 ρο-

2142 843 2310 896 δεύων
2342 843 2433 895 καὶ
2464 843 2818 913 παρατρέχων
2840 880 2855 904 ,
2889 838 3076 910 ῶσπερ
3095 856 3177 902 τις
3200 840 3459 910 πάροικος
3484 839 3576 891 καὶ
3614 855 3720 891 πα·-

2145 936 2474 1007 ρεπίδημος,
2514 933 2611 1004 τὴν
2652 933 2970 1004 ἐπουράνιον
3015 929 3208 985 ἑαυτοῦ
3242 930 3473 1004 πατρίδα
3511 930 3718 994 ποθῶν,

2143 1027 2473 1097 ἀποκλᾴεται
2524 1024 2798 1095 κλαυθμὸν
2844 1022 2935 1076 τὸν
2992 1023 3382 1094 μακαριοποιὸν
3426 1021 3567 1076 κατὰ
3612 1024 3675 1077 τό
3698 1041 3714 1056 ·

2143 1103 2431 1188 Μακάριοι
2461 1122 2514 1173 οι
2559 1118 2893 1184 κλαίοντες.
2952 1111 3077 1180 υἷος
3119 1111 3186 1188 ἦν
3215 1119 3242 1170 6
3271 1115 3480 1180 Παῦλος
3501 1115 3716 1185 λέγων·

2153 1210 2344 1281 Ἡμεῖς
2365 1213 2418 1264 οἱ
2439 1210 2608 1276 ὄντες
2624 1209 2694 1262 ἐν
2717 1208 2794 1274 τῷ
2823 1206 3031 1273 σκήνει
3053 1205 3410 1276 στενάζομεν
3421 1208 3719 1276 βαρούμε-

2142 1322 2253 1359 νοι.
2297 1303 2439 1356 Ἀντὶ
2462 1301 2520 1354 δὲ
2541 1300 2634 1354 τοῦ
2655 1342 2669 1364 ,
2699 1303 2801 1365 Εἰς
2829 1300 3014 1352 τόπον
3039 1298 3112 1350 δν
3134 1297 3298 1351 ἔθετο
3316 1338 3331 1361 ,
3364 1300 3393 1350 6
3420 1299 3517 1368 μὲν
3559 1299 3720 1350 Ἀκύ-

2141 1396 2240 1459 λας
2269 1395 2421 1465 φησὶ,
2454 1392 2662 1462 Πηγὴν
2695 1391 2980 1457 θήσονται
3007 1389 3225 1456 αὐτήν·
3262 1391 3290 1442 6
3317 1390 3374 1442 δὲ
3399 1390 3713 1462 Σύμμαχος,

2143 1487 2310 1558 Πηγὴ
2336 1485 2592 1551 τάξεται.
2617 1485 2748 1538 Τίνα
2769 1484 2823 1536 δὲ
2847 1483 3032 1556 αὐτὴν,
3057 1483 3210 1555 φησι,
3233 1483 3414 1554 πηγὴν
3437 1482 3712 1554 θήσονται,

2142 1580 2174 1652 ἢ
2209 1577 2446 1650 δηλονότι
2476 1577 2572 1648 τὴν
2607 1576 2823 1630 κοιλάδα
2848 1574 2942 1628 τοῦ
2967 1575 3355 1647 κλαυθμῶνος;
3390 1575 3549 1629 Ὄλον
3583 1578 3717 1646 γοῦν

2141 1671 2312 1735 οὕτως
2345 1669 2684 1742 ἠρμήνευσεν
2716 1668 2744 1719 ὁ
2778 1666 3008 1730 Ἀκύλας
3041 1665 3241 1720 είπών·
3283 1669 3718 1742 Παρερχόμενοι

2140 1763 2210 1817 ἐν
2230 1749 2463 1816 κοιλάδι
2486 1759 2594 1822 τοῦ
2615 1758 2944 1828 κλαυθμοῦ,
2970 1756 3174 1828 πηγὴν
3191 1757 3476 1823 θήσονται
3499 1758 3712 1823 αὐτήν.

465 1865 631 1920 porro
662 1845 954 1920 significat,
1003 1851 1242 1905 advenas
1271 1859 1324 1906 et
1358 1853 1678 1922 peregrinos
1716 1855 1769 1908 in
1825 1855 1925 1909 hac
1959 1857 2039 1910 vi-

2143 1854 2301 1926 Δηλοῖ
2341 1852 2396 1906 δὲ
2429 1852 2517 1906 διὰ
2546 1849 2781 1914 τούτων,
2815 1851 2889 1916 ὡς
2917 1852 3024 1924 ἄρα
3057 1853 3107 1906 oi
3136 1852 3386 1923 πάροικοι
3420 1851 3511 1904 καὶ
3543 1869 3714 1921 παρε-

466 1953 541 2008 ta,
575 1944 855 1996 hominum
889 1943 1084 1997 vallem
1111 1943 1163 1997 in
1197 1945 1399 1998 fontem
1431 1947 1726 2014 posituros,
1753 1947 1868 2008 sive
1921 1949 2042 2005 fon-

467 2045 574 2090 tem
605 2035 962 2090 ordinaturos
991 2051 1115 2091 esse
1144 2052 1210 2090 ex
1267 2035 1616 2108 Symmacho,
1648 2039 1860 2111 hacque
1909 2059 2043 2101 voce

465 2126 704 2180 divinam
733 2127 1038 2181 doctrinam
1072 2129 1368 2197 appellant.
1401 2127 1548 2186 Fons
1573 2131 1776 2210 quippe
1791 2133 1915 2188 vita:
1945 2149 2043 2210 po-

465 2226 556 2272 tus
593 2219 1022 2276 immortalitatis
1053 2221 1106 2274 in
1149 2223 1289 2278 valle
1323 2223 1482 2280 ﬂetus
1515 2241 1546 2280 a
1581 2225 1676 2283 Dei
1705 2237 1759 2282 et
1806 2227 2043 2284 homini-

465 2310 570 2364 bus
606 2311 747 2380 apud
780 2312 1060 2364 hominum
1093 2328 1266 2383 genus
1307 2317 1682 2384 constituitur,
1732 2333 1830 2390 per
1863 2319 2040 2374 viviﬁ-

464 2417 587 2456 cam
630 2404 840 2458 scilicet
872 2413 923 2458 et
970 2405 1114 2473 piam
1155 2405 1490 2472 doctrinam,
1545 2425 1708 2482 quam
1765 2426 1890 2464 cum
1935 2410 2041 2484 ipsi

466 2492 736 2556 adierunt,
769 2502 882 2546 tum
919 2494 1043 2550 aliis
1076 2511 1174 2566 per
1201 2497 1404 2565 scripta
1433 2513 1532 2553 sua
1585 2499 1948 2570 reliquerunt.
1971 2528 2040 2541 —-

465 2581 634 2640 Vens.
665 2584 717 2639 8.
749 2583 818 2640 lis
849 2601 977 2640 vero
1025 2586 1158 2656 ipsis
1209 2587 1265 2646 in
1315 2588 1682 2660 lacrymarum
1729 2589 2039 2646 mercedem

464 2677 910 2748 condignumque
963 2677 1223 2744 l‘ructum,
1287 2679 1721 2736 benedictionem
1775 2683 2040 2753 rependet

464 2769 708 2839 ipsorum
739 2769 1040 2838 legislator.
1083 2769 1422 2837 Quibusnam
1448 2771 1882 2830 benedictionem
1935 2776 2040 2828 im-

463 2861 686 2930 pertiet,
714 2861 820 2915 nisi
852 2861 920 2916 iis
948 2861 1039 2930 qui
1095 2861 1148 2914 in
1188 2861 1291 2916 hac
1355 2863 1490 2918 valle
1545 2864 1801 2936 lacrymis
1845 2865 2037 2936 dediti,

466 2952 670 3008 fontem
703 2954 758 3007 in
791 2953 881 3008 illa
916 2953 1238 3022 posuerint?
1290 2951 1394 3009 Pro
1426 2955 1520 3008 illo
1552 2964 1756 3020 autem,
1809 2958 2038 3029 legisla-

466 3054 581 3107 tor;
618 3043 838 3113 Aquila,
893 3043 1222 3105 matutinus;
1279 3042 1642 3116 Symmachus
1683 3063 1833 3111 vero,
1893 3067 2039 3103 com-

464 3146 816 3199 monstrator,
846 3135 1016 3202 dixit;
1057 3136 1242 3204 quinta
1272 3144 1452 3191 autem
1477 3137 1666 3206 editio,
1704 3141 1808 3206 Qui
1836 3142 2038 3196 illumi-

465 3238 592 3294 nat,
625 3227 730 3281 alia
756 3229 882 3281 item
917 3226 1165 3296 quaedam
1202 3233 1355 3281 sexta
1404 3227 1594 3292 editio,
1623 3229 1727 3296 Qui
1755 3230 1924 3286 docet.
1959 3233 2040 3287 Ita

465 3326 525 3371 ut
555 3335 618 3374 ex
653 3319 908 3374 omnibus
937 3318 1177 3372 salutare
1205 3315 1441 3373 Verbum
1494 3319 1748 3384 indicari,
1777 3323 2039 3378 subintel-

464 3411 633 3481 ligere
656 3411 837 3466 liceat.
873 3410 990 3481 lpse
1019 3423 1256 3481 namque
1300 3417 1384 3465 est
1413 3411 1712 3482 legislator,
1763 3414 2040 3469 illumina-

465 3510 572 3567 tor,
611 3503 823 3566 doctor,
881 3503 1130 3574 idemque
1178 3503 1480 3560 matutinus
1529 3513 1583 3559 et
1632 3516 2037 3562 commonstra-

463 3607 590 3666 tor;
623 3599 924 3653 secundum
952 3600 1194 3669 singulas
1229 3598 1491 3652 virtutum
1540 3615 1762 3654 suarum
1798 3602 2037 3657 rationes

464 3688 553 3744 his
582 3704 717 3744 usus
744 3690 1047 3744 vocabulis.
1079 3689 1125 3742 A
1158 3705 1266 3758 quo
1300 3688 1736 3746 benedictionem
1769 3693 1913 3746 nacti
1942 3692 2037 3762 qui

465 3779 522 3832 in
560 3779 704 3833 valle
731 3779 1126 3850 lacrymantnr,
1156 3780 1334 3844 ibunt,
1368 3781 1471 3836 iter
1503 3797 1662 3836 suum
1688 3782 2035 3851 perlicientes

464 3884 529 3923 ac
561 3869 613 3922 in
647 3869 765 3926 dies
794 3871 1032 3924 roborati
1058 3889 1071 3935 ;
1102 3871 1174 3924 ita
1208 3879 1265 3925 ut
1294 3886 1508 3942 semper
1539 3871 1852 3942 proﬁciant,
1887 3883 1941 3929 et
1968 3890 2036 3930 ex

462 3960 663 4014 minori
694 3959 748 4013 in
777 3961 1038 4030 majorem
1064 3963 1322 4018 virtutem
1355 3965 1644 4030 accedant,
1672 3973 1728 4020 et
1786 3982 1816 4020 a
1863 3968 2037 4038 gloria

464 4051 520 4106 in
543 4047 794 4121 gloriam,
828 4061 888 4107 ut
939 4057 1014 4107 ait
1059 4055 1280 4110 divinus
1331 4057 1626 4127 Apostolus
1658 4073 1672 4108 :
1708 4057 1773 4111 In
1802 4061 2038 4114 eamdem

462 4146 746 4214 imaginem
771 4146 1145 4215 transformati
1169 4165 1201 4199 a
1227 4148 1400 4216 gloria
1430 4149 1483 4201 in
1512 4149 1735 4218 gloriam
1766 4151 1830 4203 ³².
1857 4150 2038 4216 Quare

463 4236 832 4308 Symmachus
853 4238 933 4292 sic
982 4239 1373 4318 interpretatus
1403 4248 1528 4296 est:
1568 4241 1677 4296 Iter
1733 4243 1927 4311 facient
1973 4262 2036 4298 ex

461 4327 652 4404 uirtute
676 4327 733 4381 in
755 4329 1022 4383 virtutem.

534 4524 699 4582 Vens.
731 4526 783 4579 9.
834 4525 1106 4580 Videbitur
1136 4525 1275 4580 Deus
1328 4526 1547 4587 deorum
1581 4526 1634 4579 in
1667 4524 1813 4580 Sion.
1849 4526 2037 4580 Domi-
2069 4555 2114 4610 υ

462 4634 524 4670 ne
549 4617 688 4672 Deus
714 4620 990 4684 virtutum,
1023 4618 1220 4673 exaudi
1250 4621 1544 4674 orationem
1580 4635 1783 4682 meam;
1817 4621 2037 4674 auribus

467 4707 694 4774 percipe,
717 4705 859 4760 Deus
883 4707 1070 4761 Jacob.
1100 4706 1396 4778 Postquam
1441 4708 1674 4774 dixerat,
1712 4709 2039 4763 Benedictio-

462 4814 580 4851 nem
627 4796 777 4851 dabit
833 4801 1125 4869 legislator,
1183 4801 1432 4871 apposite
1478 4802 1636 4857 docet
1685 4817 1793 4871 qua
1828 4804 2039 4858 ratione

460 4887 809 4942 versantibus
842 4889 895 4942 in
921 4890 1060 4944 valle
1107 4890 1421 4950 hominibus
1448 4890 1884 4946 benedictionem
1941 4893 2035 4946 da-

460 4986 621 5032 turus
653 4979 743 5032 sit.
789 4979 908 5044 Quo
942 4989 1102 5050 pacto
1138 4983 1310 5048 dabit,
1343 4984 1449 5038 nisi
1498 4983 1755 5055 dignatus
1786 4984 1840 5038 in
1889 4993 2035 5041 terra

461 5071 756 5141 conspici?
782 5071 1089 5127 Admodum
1114 5085 1534 5146 consequenter,
1568 5079 1899 5134 vaticinatus
1929 5089 2039 5135 tor-

461 5162 670 5216 eularia
703 5161 796 5216 Dei
828 5178 923 5231 per
954 5171 1126 5218 totum
1151 5167 1337 5221 orbem
1372 5169 1540 5223 multa
1574 5169 1756 5224 futura
1781 5187 1924 5236 esse,
1950 5180 2037 5225 ta-

462 5255 759 5311 bernacula
791 5257 915 5309 item
948 5258 1124 5326 plura,
1150 5258 1286 5312 atria
1314 5277 1535 5330 quoque
1562 5272 1616 5317 et
1646 5263 1840 5317 altaria
1871 5279 2034 5334 quam

461 5349 718 5420 plurima,
743 5363 964 5404 causam
998 5349 1154 5402 all'ert
1178 5366 1278 5404 cur
1300 5352 1414 5404 haec
1437 5355 1617 5407 omnia
1654 5355 1707 5408 in
1739 5363 1883 5410 terra
1902 5338 2038 5410 con-

463 5443 738 5498 stituenda
774 5443 904 5496 sint.
950 5441 1224 5510 Quaenam
1256 5461 1420 5516 porro
1471 5449 1545 5503 sit
1595 5450 1708 5515 illa,
1744 5451 1904 5506 docet
1952 5450 2038 5505 his

463 5535 644 5591 verbis
675 5554 687 5588 :
721 5535 992 5590 Videbitur
1025 5535 1165 5591 Deus
1203 5537 1420 5592 deorum
1452 5541 1506 5594 in
1539 5539 1703 5606 Sion;
1743 5543 2036 5598 adventum

465 5623 558 5680 Dei
586 5627 654 5681 ad
681 5627 929 5683 homines
977 5637 1031 5684 et
1062 5642 1417 5702 conspectum
1453 5633 1574 5703 ejus
1621 5643 1807 5712 aperte
1855 5636 2038 5690 decla-

2141 1947 2367 2018 πίδημοι
2393 1947 2450 2000 ὲν
2469 1946 2549 2017 τῷ
2580 1947 2680 2017 βίῳ
2708 1945 2880 2014 τούτῳ
2908 1943 3006 2015 τὴν
3037 1942 3143 1996 τῶν
3171 1941 3471 2013 ἀνθρώπων
3494 1942 3716 1995 κοιλάᾶα

2140 2039 2323 2111 πηγὴν
2345 2039 2568 2109 θήσουσι
2596 2078 2610 2102 ,
2633 2037 2666 2108 ἢ
2688 2037 2906 2104 τάξουσι
2924 2034 3108 2106 πηγὴν
3137 2033 3277 2088 κατὰ
3291 2033 3380 2086 τὸν
3398 2033 3712 2103 Σύμμαχον,

2138 2133 2236 2203 τὴν
2251 2131 2430 2185 ἔνθεον
2447 2129 2789 2185 διδασκαλίαν
2808 2127 2995 2182 τοῦτον
3013 2127 3370 2198 ὀνομάσαντες
3385 2125 3474 2178 τὸν
3494 2125 3722 2196 τρόπον.Δ

2139 2223 2297 2295 Πηγὴ
2321 2222 2430 2294 γὰρ
2455 2222 2598 2294 ζωῆς
2622 2221 2714 2275 καὶ
2740 2222 2900 2275 ποτὸν
2917 2219 3214 2284 ἀθανασίας
3233 2221 3290 2274 ὲν
3306 2221 3372 2291 τῇ
3397 2218 3600 2272 κοιλάδι
3625 2217 3713 2270 τού

2139 2316 2492 2387 κλαυθμῶνος
2512 2313 2590 2386 τῷ
2609 2313 2718 2368 τῶν
2739 2312 3039 2385 ἀνθρώπων
3065 2313 3164 2384 βίῳ
3185 2312 3583 2381 καταϐέϐληται
3611 2311 3715 2363 ὑπὸ

2138 2405 2244 2459 τῶν
2271 2406 2365 2458 τοῦ
2396 2404 2530 2458 Θεοῦ
2561 2402 2862 2476 ἀνθρώπων
2887 2403 2972 2456 διὰ
2999 2404 3097 2474 τῆς
3122 2401 3381 2468 ζωοποιού
3413 2401 3508 2455 καὶ
3538 2402 3715 2454 θεοσε-

2139 2496 2266 2561 ϐοὖς
2309 2497 2687 2561 διδασκαλίας,
2741 2497 2807 2568 ἢν
2842 2495 2996 2548 αὐτοὶ
3033 2493 3294 2567 μετῆλθον
3317 2535 3330 2558 ,
3376 2495 3470 2547 καὶ
3503 2493 3713 2564 ἑτέροις

2143 2589 2595 2652 καταλελοίπασιν
2626 2590 2682 2642 ὲν
2711 2590 2826 2652 ταῖς
2861 2586 3070 2641 ἑαυτῶν
3096 2589 3355 2659 γραφαῖς.
3404 2583 3627 2647 Τούτοις
3659 2585 3714 2637 δὲ

2138 2681 2342 2743 αὐτοῖς,
2368 2681 2550 2749 φησιν,
2578 2679 2827 2747 εὐλογίας
2849 2678 3037 2749 μισθὸν
3059 2677 3152 2732 τοῦ
3176 2676 3448 2748 κλαυθμοῦ
3474 2677 3567 2730 καὶ
3591 2693 3716 2747 καρ-

2139 2773 2237 2826 πὸν
2260 2772 2478 2838 ἐπάξιον
2499 2771 2658 2824 δώσει
2681 2774 2710 2825 6
2729 2771 3024 2842 νομοθέτης
3051 2771 3250 2825 αὐτῶν.
3277 2771 3398 2822 Τίσι
3423 2770 3480 2822 δὲ
3506 2768 3714 2831 τούτοις

2137 2862 2296 2916 δώσει
2323 2862 2420 2926 τάς
2441 2861 2708 2930 εὐλογίας,
2737 2862 2771 2932 ἢ
2796 2861 3032 2929 δηλονότι
3060 2864 3172 2924 τοῖς
3191 2861 3248 2915 ἐν
3272 2863 3338 2932 τῇ
3369 2859 3575 2914 κοιλάδι
3592 2859 3716 2912 ταύ-

2137 2972 2206 3026 τῃ
2227 2953 2655 3028 ἀποκλᾳομένοις
2684 2954 2778 3006 καὶ
2803 2954 2982 3025 πηγὴν
3011 2955 3066 3006 ὲν
3097 2954 3230 3024 αὐτῇ
3257 2953 3535 3024 θεμένοιςς
3570 2951 3713 3005 Ἀντί

2139 3048 2201 3113 δὲ,
2220 3047 2334 3112 τοῦ,
2368 3052 2400 3103 ό
2432 3049 2786 3118 νομοθετῶν,
2811 3052 2838 3101 6
2869 3030 2964 3119 μὲν
2992 3046 3248 3112 Ἀκύλας,
3271 3047 3548 3115 πρὼῖμος,
3584 3046 3717 3099 ὠνό-

2144 3151 2336 3204 μασεν,
2370 3135 2398 3186 6
2426 3135 2482 3188 δὲ
2513 3134 2824 3207 Σύμμαχος,
2861 3139 2892 3188 ό
2924 3135 3310 3203 ὐποδείκτης·
3339 3137 3371 3207 ἡ
3400 3136 3455 3188 δὲ
3491 3135 3715 3206 πέμπτη

2145 3225 2371 3291 ἔκδοσις,
2404 3229 2438 3280 ό
2455 3225 2741 3295 φωτίζων·
2770 3226 2904 3298 άλλη
2934 3226 2989 3279 δέ
3019 3245 3101 3291 τις
3127 3228 3276 3298 παρὰ
3307 3227 3476 3280 ταύτα
3509 3227 3715 3289 ἐκδοσις

2145 3318 2276 3391 ἕκτη
2297 3359 2311 3382 ,
2357 3322 2389 3372 o’
2419 3318 2748 3373 διδάσκων·
2781 3319 2920 3371 ὥστε
2949 3318 3007 3383 ἐξ
3042 3319 3298 3382 ἁπάντων,
3330 3320 3419 3372 τὸν
3449 3321 3712 3390 σωτήριον

2145 3410 2299 3479 λόγον
2329 3411 2594 3465 ὑπονοεῖν.
2645 3410 2814 3474 Αὐτὸς
2837 3411 2945 3481 γάρ
2974 3412 3118 3464 ἐστιν
3143 3413 3172 3465 6
3192 3411 3523 3481 νομοθετῶν·
3547 3411 3711 3473 αὐτὸς

2145 3503 2236 3556 καὶ
2257 3505 2285 3555 6
2314 3503 2560 3571 φωτίζων
2588 3503 2682 3555 καὶ
2702 3504 2730 3556 6
2753 3502 3016 3556 διδάσκων
3035 3519 3048 3532 ·
3079 3502 3239 3566 αὐτὸς
3270 3503 3362 3555 καὶ
3387 3503 3414 3554 6
3442 3501 3710 3572 πρὼῖμος,

2144 3593 2304 3657 αὐτὸς
2337 3593 2430 3647 καὶ
2458 3595 2486 3646 6
2516 3593 2837 3666 ὐποδείκτης
2857 3632 2873 3658 ,
2915 3592 3037 3647 καθ’
3068 3595 3301 3663 ἑκάστην
3339 3594 3572 3646 ἐπίνοιαν
3600 3591 3712 3644 τῶν

2144 3683 2202 3736 ὲν
2221 3681 2368 3754 αὐτῷ
2382 3683 2658 3753 δυνάμεων
2678 3682 2900 3746 ταύταις
2921 3681 3196 3754 χρώμενος
3216 3686 3334 3746 ταῖς
3357 3681 3711 3750 ἐπωνυμίαις,

2145 3775 2272 3846 παρ’
2315 3769 2375 3828 οὐ
2413 3776 2463 3828 οί
2497 3776 2554 3828 ὲν
2601 3778 2666 3846 τῇ
2710 3774 2914 3828 κοιλάδι
2961 3774 3269 3839 κλαίοντες,
3325 3773 3715 3844 μεταλαϐόντες

2143 3867 2411 3936 εὐλογίας,
2434 3867 2788 3940 πορεύσονται
2806 3866 2904 3939 τὴν
2922 3867 3128 3920 ἑαυτῶν
3147 3866 3371 3938 πορείαν
3390 3866 3716 3930 διανύοντες,

2141 3957 2235 4012 καὶ
2261 3958 2652 4030 δυναμούμενοι
2679 3960 2976 4030 ὁσημέραι·
3007 3959 3081 4023 ώς
3121 3960 3208 4012 ἀεὶ
3245 3961 3572 4030 προκόπτειν
3596 3961 3718 4013 ὲπι-

2141 4051 2338 4114 διδόναι
2359 4053 2422 4104 ὲκ
2444 4051 2725 4122 δυνάμεως
2751 4051 3087 4123 βραχυτέρας
3109 4054 3200 4105 ἐπὶ
3221 4051 3448 4122 δύναμιν
3473 4051 3717 4123 μείζονα,

2143 4142 2234 4193 καὶ
2260 4141 2367 4194 ἀπὸ
2395 4141 2552 4212 δόξης
2579 4144 2658 4214 είς
2686 4139 2859 4206 δόξαν,
2888 4141 2964 4204 ὥς
2994 4159 3154 4212 φησιν
3185 4145 3214 4195 6
3241 4143 3381 4207 θεῖος
3399 4143 3719 4207 Ἀπόστολος

2142 4231 2314 4299 λέγων
2337 4271 2354 4296 ,
2388 4231 2502 4299 τὴν
2538 4233 2730 4300 αὐτὴν
2771 4234 2975 4286 εἰκόνα
3015 4234 3567 4302 μεταμορφούμενοι
3596 4233 3718 4288 ἀπὸ

2141 4323 2324 4391 δόξης
2350 4327 2436 4391 είς
2459 4323 2668 4389 δόξαν.
2707 4323 2868 4378 Ὅθεν
2897 4324 2990 4378 καὶ
3011 4327 3038 4378 6
3065 4325 3353 4396 Σύμμαχος
3374 4327 3717 4397 ἡρμήνευσεν

2140 4417 2308 4472 εἰπών
2327 4435 2340 4448 ·
2383 4417 2769 4472 Ὀδεύσουσιν
2793 4419 2860 4471 ἑκ
2889 4419 3194 4488 δυνάμεως
3220 4422 3306 4486 εἰς
3333 4419 3608 4488 δύναμιν.

2220 4528 2565 4600 Ὀφθήσεται
2601 4533 2634 4584 o'
2667 4530 2810 4597 Θεὸς
2841 4529 2959 4584 τῶν
3004 4530 3154 4586 θεῶν
3181 4531 3249 4584 ἐν
3286 4527 3458 4584 Σιών.
3517 4531 3714 4598 Κύριε,

2148 4625 2182 4676 ό
2209 4621 2352 4698 Θεὸς
2376 4621 2494 4676 τῶν
2515 4621 2842 4691 δυνάμεων,
2865 4625 3226 4677 εἰσάκουσον
3244 4621 3354 4692 τῆς
3371 4625 3720 4694 προσευχῆς

2141 4731 2289 4784 μου,
2324 4714 2596 4766 ἐνώτισαι
2619 4755 2632 4779 ,
2666 4717 2698 4768 ό
2728 4714 2872 4780 Θεὸς
2911 4714 3120 4768 Ἰακώϐ.
3167 4713 3382 4780 Εἰπὼν,
3417 4717 3717 4784 Εὑλογιάς

2144 4803 2322 4858 δώσει
2351 4808 2383 4858 ό
2411 4804 2765 4880 νομοθετῶν,
2796 4805 3100 4870 ἀκολούθως
3122 4806 3360 4860 διδάσκει
3382 4808 3529 4870 ὅπως
3558 4806 3716 4860 δώσει

2142 4901 2253 4960 τοῖς
2287 4899 2344 4950 ἐν
2373 4901 2438 4968 τῇ
2473 4897 2677 4950 κοιλάδι
2705 4898 2804 4962 τὰς
2828 4899 3096 4967 εὐλογίας.
3123 4901 3247 4963 Πῶς
3277 4897 3390 4964 οὖν,
3423 4903 3578 4971 φησὶ,
3613 4899 3715 4956 δώ-

2145 5007 2247 5052 σει,
2277 4989 2388 5041 ἀλλ’
2418 4990 2451 5058 ἦ
2483 4988 2822 5054 καταξιώσας
2846 4991 3072 5062 ὀφθῆναι
3102 4993 3194 5045 ἐπὶ
3221 4992 3318 5063 τῆς
3348 4993 3483 5062 ﬂe;
3509 4993 3717 5064 Σφόδρα

2144 5079 2198 5132 δὲ
2235 5080 2537 5142 ἀκολούθως
2566 5080 2827 5144 θεσπίσας
2854 5083 2882 5134 6
2901 5081 3055 5151 λόγος
3083 5081 3273 5154 ληνοὺς
3295 5083 3432 5136 Θεοῦ
3463 5083 3715 5146 πλείστας

2147 5172 2360 5243 μέλλειν
2388 5172 2602 5228 ἔσεσθαι
2627 5175 2746 5230 καθ’
2766 5175 2893 5246 ὅλης
2924 5174 3243 5246 οίκουμὲνης
3265 5178 3356 5229 καὶ
3385 5176 3714 5246 σκηνώματα

2145 5262 2370 5316 πλεῖστα
2399 5264 2490 5317 καὶ
2514 5265 2682 5329 αὐλὰς
2703 5266 2938 5331 πλείους,
2967 5267 3061 5320 καὶ
3089 5256 3444 5337 θυσιαστήρια
3468 5267 3711 5327 πλεῖστα,

2144 5359 2287 5426 ἐπάγ
2291 5375 2337 5410 ει
2367 5357 2462 5436 τὴν
2487 5359 2686 5423 αἰτίαν,
2707 5359 2774 5412 δι’
2796 5359 2862 5431 ἢν
2887 5359 3084 5431 ήμελλε
3107 5359 3275 5413 ταῦτα
3301 5361 3476 5414 πάντα
3502 5361 3592 5412 ἐπὶ
3616 5360 3712 5429 γῆς

2143 5448 2512 5502 συνίστασθαι.
2548 5448 2642 5513 Τίς
2670 5449 2727 5503 δὲ
2758 5445 2824 5521 ἦν
2853 5452 2886 5522 ἡ
2917 5449 3064 5504 αίτία
3089 5451 3328 5505 διδάσκει
3349 5451 3521 5520 λέγων
3541 5466 3556 5479 ·
3599 5453 3708 5519 Ὀρ-

2141 5541 2384 5607 θήσεται
2415 5546 2447 5596 ὀ
2475 5542 2618 5608 Θεὸς
2645 5544 2762 5598 τῶν
2808 5543 2959 5598 θεῶν
2988 5545 3058 5599 ἐν
3085 5546 3261 5600 Σιών·
3296 5545 3481 5615 σαφῶς
3511 5563 3685 5616 παροδ

2143 5637 2262 5690 σίαν
2295 5637 2372 5701 εἰς
2411 5635 2723 5710 ἀνθρώπους
2753 5638 2886 5702 Θεοῦ
2921 5638 3014 5693 καὶ
3045 5639 3350 5720 φανέρωσιν
3376 5639 3548 5695 αὐτοῦ
3569 5638 3709 5700 διδάέ

539 5781 584 5816 ³⁵
624 5783 812 5843 Matth.
849 5804 901 5849 v,
937 5789 987 5842 5.
1067 5790 1108 5821 ³¹
1153 5788 1194 5844 ΙΙ
1221 5789 1351 5846 Cor.
1386 5807 1437 5855 ν,
1478 5791 1530 5847 4.
1610 5791 1652 5822 ³³
1694 5790 1883 5845 11(ὶοι·.
1915 5807 2012 5855 ιιι,
2052 5791 2138 5847 18.
