3996 6210
330 361 475 418 1015

1506 361 2001 418 COMMENTARIA
2043 361 2110 416 IN
2141 363 2474 421 PSALMOS.

3437 357 3583 412 10ιὰ

330 479 637 544 σκων.Θεὸς
658 481 715 534 δὲ
737 480 873 534 θεῶν
897 483 925 534 6
947 479 1040 538 τοῦ
1060 481 1194 535 Θεοῦ
1219 481 1391 549 Λόγος
1411 481 1744 552 ὠνόμασται,
1768 499 1909 534 νοου-

2012 501 2161 543 rans.
2199 486 2344 542 Deus
2369 493 2549 540 autem
2583 483 2810 538 deorum
2831 478 2926 536 Dei
2961 479 3200 534 Verbum
3222 484 3476 543 vocatur;
3498 477 3574 532 ita

335 574 511 644 μένων
532 573 661 642 ἡμῖν
679 572 816 626 θεῶν
836 573 944 627 τῶν
970 573 1251 645 μακαρίων
1273 574 1368 628 καὶΙ
1389 573 1650 642 θεοφιλῶν
1672 572 1903 645 ἀνδρῶν,

331 662 470 737 πρὸς
497 661 591 725 οὒς
621 663 649 714 6
681 662 836 732 λόγος
859 663 952 717 τοῦ
986 664 1120 717 Θεοῦ
1147 663 1362 733 ἐγένετο
1381 685 1392 695 ·
1429 659 1508 728 οἷς
1534 666 1625 718 καὶ
1647 665 1860 735 εἴρηται
1887 681 1904 696 ο

345 753 491 824 Ἐγὼ
523 748 726 807 εἷπον·
761 754 893 807 Θεοί
911 753 1079 807 ἐστε⁹
1111 754 1202 806 καὶ
1220 795 1234 819 ,
1279 753 1341 806 Ὃ
1359 753 1501 818 Θεὸς
1530 752 1677 818 ἔστη
1701 752 1770 804 ἐν
1797 767 1908 805 συ-

328 841 566 914 ναγωγῇ
586 841 754 898 θεῶν’
777 843 894 909 καὶ,
920 842 1062 909 Θεὸς
1095 843 1245 898 θεῶν
1266 843 1479 911 Κύριος
1498 843 1784 909 maenas,
1809 843 1907 895 καὶ

329 935 585 990 ἐκάλεσε
604 933 720 1002 τὴν
739 933 876 1004 γῆν.
905 935 1014 988 Καὶ
1033 934 1141 1007 γὰρ
1162 936 1219 989 ὲν
1241 935 1452 999 τούτοις
1473 935 1603 998 Θεὸς,
1632 932 1767 986 θεῶν
1789 933 1910 985 οὐδὲ

331 1030 488 1093 ἄλλος
520 1030 557 1100 ἢ
588 1029 744 1099 μόνος
774 1029 802 1080 6
821 1029 879 1082 ὲν
911 1029 1052 1099 ἀρχῇ
1083 1029 1220 1099 πρὸς
1249 1030 1340 1084 τὸν
1363 1028 1495 1081 Θεὸν
1523 1027 1693 1095 Λόγος
1717 1025 1910 1096 ἀνηγό-

332 1137 556 1196 ρευται·
603 1125 632 1175 6
663 1121 726 1190 δὴ
758 1122 854 1175 καὶ
896 1120 1049 1185 θεοὺς
1077 1123 1273 1187 αὐτοὺς
1306 1122 1395 1175 διὰ
1422 1123 1521 1193 τῆς
1547 1119 1712 1174 αὑτοῦ
1742 1136 1906 1190 χορη-

330 1217 456 1284 γίας
499 1215 593 1267 καὶ
641 1213 871 1284 μετοχῆς
917 1213 1010 1267 τοῦ
1051 1213 1214 1268 αὑτοῦ
1242 1213 1558 1284 Πνεύματος
1588 1211 1907 1283 ἀπεργασά-

333 1324 514 1378 μενος.
576 1305 744 1367 Θεοὺς
780 1303 888 1375 γὰρ
919 1299 1062 1359 εἶναι·
1088 1321 1251 1377 φησιν
1279 1304 1520 1368 ἐκείνους
1538 1345 1552 1369 ,
1598 1304 1735 1376 πρὸς
1761 1301 1854 1366 οὓς
1881 1304 1910 1356 6

330 1399 504 1467 Λόγος
563 1394 658 1451 τοῦ
684 1393 822 1448 Θεοῦ
848 1397 1084 1466 ἐγένετο.
1131 1396 1368 1468 Ἐξῆςσδ’
1398 1390 1490 1450 οὖν
1532 1396 1628 1450 καὶ⁹
1652 1393 1910 1466 ὀνομαστὶ

328 1491 427 1544 τοῦ
460 1489 696 1561 Χριστοῦ
731 1488 1092 1562 μνημονεύει,
1123 1488 1296 1558 λέγων
1329 1487 1388 1540 ὲν
1417 1486 1584 1557 εὐχῇ·
1642 1484 1753 1541 Καὶ
1778 1485 1909 1539 ἐπι-

331 1587 565 1652 ϐλεψον
594 1582 694 1636 ἐπὶ
716 1583 786 1637 τὸ
811 1581 1136 1651 πρόσωπον
1161 1581 1268 1637 τοῦ
1293 1580 1552 1650 Χριστοῦ
1583 1593 1720 1633 σου.
1764 1580 1912 1632 ’Λντὶ

329 1675 388 1729 δὲ
426 1673 554 1738 τοῦ,
596 1673 953 1744 Ὀφθήσεται
985 1675 1018 1726 ό
1057 1671 1204 1740 Θεὸς
1243 1671 1364 1726 τῶν
1391 1669 1540 1726 θεῶν
1567 1671 1637 1724 ἐν
1663 1669 1846 1736 Σιὼν,
1881 1670 1911 1722 6

344 1765 573 1828 ’Λκύλας
594 1765 776 1836 φησιν,
825 1763 1174 1833 Ὀςρθήσεται
1207 1761 1455 1833 ἰσχυρὸς
1478 1761 1621 1827 Θεὸς
1639 1761 1709 1814 ἐν
1737 1759 1905 1815 Σιών.

331 1860 429 1924 Τίς
462 1861 509 1914 δ’
541 1860 607 1915 ἂν
643 1858 729 1930 εἴη
755 1849 910 1921 οὗτος
943 1857 972 1909 6
1021 1853 1227 1927 μέλλων
1265 1853 1458 1926 ὁρατὸς
1492 1853 1585 1907 καὶ
1612 1851 1910 1924 ὀφθαλμοῖς
1940 1842 1984 1897 Β

332 1953 522 2018 θεατὸς
549 1952 764 2006 ἔσεσθαι
783 1991 798 2016 ,
821 1949 1060 2004 διδάσκει
1090 1945 1293 2019 προῖὼν
1317 1946 1412 2000 καὶ
1432 1945 1606 2014 λέγων
1625 1963 1639 1976 ο
1680 1945 1909 2000 Ἐνώτι-

331 2061 436 2100 σαι
458 2084 474 2109 ,
506 2048 538 2098 ό
573 2043 717 2110 Θεὸς
758 2041 985 2098 Ἰακώϐ.
1023 2032 1193 2103 Οὗτος
1226 2037 1334 2110 γὰρ
1360 2033 1428 2109 ἦν
1453 2037 1617 2100 αὐτὸς
1650 2039 1856 2101 ἐκεῖνος
1881 2038 1909 2090 6

331 2133 428 2187 τοῦ
453 2133 588 2188 Θεοῦ
615 2134 807 2202 Λόγος,
834 2134 862 2186 6
892 2131 1056 2186 πάλαι
1081 2131 1174 2192 καὶ
1199 2129 1277 2198 τῷ
1318 2127 1511 2182 Ἰακὼϐ
1535 2130 1594 2182 ὲν
1619 2127 1908 2200 ἀνθρώπου

334 2226 572 2296 σχήματι
595 2224 800 2295 ὀφθεὶς,
823 2224 998 2295 φήσας
1024 2241 1083 2275 τε
1112 2222 1250 2294 πρὸς
1273 2220 1434 2274 αὐτόν
1455 2236 1466 2248 ·
1503 2223 1625 2274 Οὐκ
1653 2223 1741 2274 ἐτι
1765 2223 1912 2288 κλη-

331 2316 579 2385 θήσεται
607 2315 673 2369 τὸ
696 2312 881 2384 ὄνομά
897 2329 1014 2367 σου
1051 2311 1273 2377 Ἰακὼϐ,
1299 2309 1437 2365 ἀλλ’
1471 2308 1716 2377 Ἰσραὴλ.
1741 2309 1912 2365 ἔσται

332 2407 402 2460 τὸ
424 2405 606 2476 ὄνομά
629 2420 746 2461 σου
765 2422 777 2433 ·
802 2405 891 2458 ὅτι
913 2404 1249 2473 ἐνίσχυσας
1267 2403 1417 2472 μετὰ
1440 2401 1608 2465 Θεοῦ,
1637 2400 1735 2455 καὶ
1759 2400 1911 2470 μετὰ

333 2499 657 2568 ἀνθρώπων·
675 2498 953 2564 δυνατός.
989 2498 1101 2566 Ἐφ’
1115 2489 1160 2565 ᾧ
1181 2497 1274 2550 καὶ
1293 2496 1320 2548 6
1342 2493 1611 2566 θεοφιλὴς,
1631 2493 1912 2548 συναισθό-

338 2611 496 2664 μενος
520 2591 611 2645 τοῦ
635 2591 1064 2665 χρηματίζοντος
1106 2587 1270 2642 αὑτοῦ
1316 2585 1450 2640 Θεοῦ
1498 2603 1634 2657 φησι
1667 2603 1680 2615 ·
1731 2580 1913 2638 Εἶδον

335 2684 487 2740 Θεὸν
517 2687 838 2754 πρόσωπον
867 2683 1017 2752 πρὸς
1054 2683 1376 2750 πρόσωπον
1394 2720 1410 2744 ,
1437 2678 1533 2732 καὶ
1565 2675 1759 2744 ἐσώθη
1792 2694 1909 2745 μου

339 2776 377 2845 ἡ
400 2776 588 2847 ψυχή.
615 2776 785 2839 Αὐτὸς
807 2770 899 2829 οῦν
919 2776 1124 2837 ἐκεῖνος
1143 2776 1171 2827 6
1195 2773 1326 2836 Θεὸς
1344 2773 1372 2824 6
1397 2770 1476 2842 τῷ
1511 2770 1704 2824 Ἰακὼϐ
1726 2769 1917 2838 ὀφθεὶς.

332 2867 494 2932 αὖθις
529 2868 846 2941 ὀφθήσεται,
873 2868 1056 2939 φησιν,
1090 2868 1148 2919 ὲν
1181 2864 1340 2932 Σιὼν,
1367 2864 1663 2935 διαρρήδην
1691 2863 1789 2933 τῆς
1817 2861 1908 2914 τοῦ

333 2962 473 3016 Θεοῦ
498 2962 672 3032 Λόγου
705 2964 784 3024 εἰς
805 2959 1120 3032 ἀνθρώπους
1149 2956 1466 3026 ἐπιφανείας
1497 2955 1683 3009 τοῦτον
1713 2970 1912 3024 σημαι-

334 3054 570 3125 νομένης
594 3054 687 3108 τὸν
716 3053 935 3125 τρόπον.
988 3051 1161 3112 Αὑτὸν
1193 3050 1256 3122 δὴ
1298 3045 1391 3103 οῦν
1435 3046 1620 3102 τοῦτον
1659 3047 1750 3100 τὸν
1779 3045 1911 3099 Θεὸν

2010 587 2068 631 ιιι
2097 578 2433 648 intelligatur
2466 578 2598 634 deos
2627 592 2772 642 esse,
2797 577 2986 632 beatos
3014 584 3068 629 et
3089 571 3374 642 religiosos
3402 569 3573 633 viros,

2009 669 2078 724 ad
2107 685 2246 739 quos
2277 669 2478 724 factum
2508 679 2596 724 est
2626 668 2864 724 Verbum
2904 667 2998 721 Dei
3031 685 3042 720 :
3078 662 3470 735 quibusbetiam
3492 661 3577 715 di-

2007 770 2154 816 ctum
2178 771 2283 826 est,
2321 760 2429 831 Ego
2457 760 2592 824 dixi,
2627 760 2716 814 Dii
2743 761 2870 816 estis
2905 758 2986 824 ³³;
3039 763 3116 824 ει,
3149 755 3290 810 Deus
3327 753 3472 826 stetit
3519 752 3578 805 in

2009 871 2280 926 synagoga
2308 855 2525 908 deorum
2558 853 2633 920 “;
2656 864 2731 916 et,
2764 851 2903 906 Deus
2956 849 3171 906 deorum
3203 846 3460 900 Dominus
3497 842 3578 897 lo-

2009 955 2160 1000 cutus
2189 955 2288 1010 est,
2324 955 2374 1000 et
2425 945 2624 1000 vocavit
2658 955 2855 998 terram
2889 941 2957 996 ³⁸.
2983 939 3041 994 1η
3090 939 3176 994 his
3203 951 3438 1005 namque
3466 948 3578 999 non

2011 1039 2150 1094 alius
2172 1037 2314 1094 Deus
2353 1037 2578 1093 deorum
2608 1045 2835 1092 vocatus
2874 1042 2979 1099 est,
3010 1047 3172 1106 quam
3218 1031 3266 1087 is
3301 1029 3453 1085 solus
3483 1027 3580 1097 qui

2011 1131 2068 1185 in
2102 1131 2370 1200 principio
2408 1127 2641 1184 Verbum
2666 1136 2782 1184 erat
2805 1127 2950 1197 apud
2985 1124 3152 1199 Deum
3186 1138 3200 1173 :
3251 1120 3346 1192 qui
3369 1119 3581 1190 scilicet

2011 1237 2236 1276 munere
2259 1236 2359 1276 suo
2397 1228 2451 1276 et
2469 1220 2716 1290 ejusdem
2749 1218 2989 1289 Spiritus
3013 1213 3428 1287 participatione
3447 1210 3580 1268 deos

2013 1313 2138 1369 illos
2191 1312 2390 1369 eﬂecit.
2413 1312 2555 1368 Deos
2585 1327 2823 1381 namque
2848 1309 2975 1364 illos
3005 1322 3128 1362 esse
3156 1305 3311 1368 dicit,
3340 1303 3410 1358 ad
3439 1316 3581 1373 quos

2013 1421 2196 1461 sermo
2217 1404 2314 1462 Dei
2345 1405 2524 1462 factus
2552 1414 2661 1462 est.
2702 1403 2908 1459 Deinde
2937 1417 3066 1456 vero
3090 1397 3369 1453 Christum
3401 1393 3582 1452 nomi—

2010 1499 2184 1553 natim
2237 1506 2504 1553 memorat
2531 1498 2586 1553 in
2617 1497 2867 1553 oratione
2914 1494 3128 1554 dicens,
3171 1490 3239 1544 Et
3276 1489 3472 1558 respice
3524 1487 3580 1538 in

2013 1591 2204 1661 faciem
2234 1591 2435 1648 Christi
2464 1592 2560 1648 tui.
2601 1590 2708 1646 Pro
2737 1590 2830 1644 illo
2858 1597 3064 1651 autem,
3116 1583 3388 1639 Videbitur
3437 1580 3579 1634 Deus

2012 1685 2229 1740 deorum
2276 1685 2330 1738 in
2356 1683 2507 1746 Sion,
2540 1682 2734 1752 Aquila
2765 1682 2853 1737 sic
2884 1680 3070 1743 habet,
3113 1675 3387 1731 Videbitur
3423 1674 3580 1743 fortis

2013 1778 2155 1833 Deus
2185 1778 2239 1831 in
2270 1775 2419 1831 Sion.
2472 1773 2737 1840 Quisnam
2769 1788 2898 1828 vero
2956 1772 3032 1826 sit
3064 1771 3174 1835 ille,
3209 1769 3303 1840 qui
3342 1766 3581 1823 visibilis

2011 1866 2296 1936 oculisque
2347 1864 2667 1935 spectabilis
2697 1862 2918 1918 futurus
2952 1871 3056 1926 est,
3091 1860 3287 1915 deinde
3337 1858 3583 1913 declarat

2010 1959 2114 2013 hoc
2158 1958 2320 2013 modo
2350 1973 2363 2009 :
2394 1957 2626 2010 Auribus
2664 1957 2890 2026 percipe,
2928 1955 3070 2009 Deus
3100 1951 3288 2006 Iacob.
3323 1950 3458 2005 Nam
3492 1948 3584 2004 hic

2011 2051 2128 2122 ipse
2158 2059 2277 2106 erat
2301 2049 2396 2105 Dei
2417 2048 2679 2114 Verbum,
2704 2049 2795 2118 qui
2819 2047 2949 2102 olim
2974 2045 3179 2101 Jacobo
3193 2042 3432 2099 hominis
3456 2057 3581 2111 spe-

2010 2144 2094 2199 cie
2123 2142 2298 2209 visus,
2331 2143 2412 2198 sic
2455 2157 2579 2199 eum
2610 2141 2808 2198 aifatus
2835 2148 2920 2198 est
2949 2159 2962 2196 :
2991 2139 3115 2194 Non
3139 2139 3283 2193 ultra
3311 2135 3583 2191 vocabitur

2011 2251 2197 2288 nomen
2229 2244 2375 2289 tuum
2423 2231 2633 2299 Iacob;
2679 2234 2771 2288 sed
2805 2232 2977 2288 Israel
2997 2233 3102 2287 erit
3153 2247 3339 2286 nomen
3389 2239 3580 2283 tuum:

2010 2330 2134 2401 quia
2165 2329 2321 2398 fortis
2345 2328 2497 2398 fuisti
2527 2344 2646 2382 cum
2669 2326 2802 2392 Deo,
2842 2336 2901 2381 et
2931 2342 3051 2380 cum
3081 2323 3379 2379 hominibus
3401 2333 3580 2391 potens

2010 2424 2113 2477 eris
2147 2421 2213 2476 ³⁸.
2244 2419 2424 2487 Quare
2453 2420 2538 2475 vir
2572 2421 2664 2475 ille
2709 2419 3025 2492 religiosus,
3053 2433 3180 2472 cum
3215 2414 3584 2488 persentisce-

2012 2523 2096 2568 ret
2119 2530 2243 2568 eum
2277 2514 2370 2583 qui
2403 2513 2577 2584 ipsius
2611 2511 2755 2567 Deus
2793 2522 3040 2576 vocatur,
3098 2510 3174 2563 ait
3206 2525 3219 2560 :
3258 2507 3378 2562 Vidi
3414 2507 3584 2561 Deum

2012 2608 2148 2677 facie
2171 2606 2239 2660 ad
2263 2606 2474 2675 faciem,
2499 2615 2548 2659 et
2582 2604 2733 2658 salva
2761 2603 2907 2673 facta
2940 2611 3018 2656 est
3059 2601 3238 2654 anima
3270 2616 3384 2652 mea
3429 2599 3494 2652 ³⁷.
3530 2596 3582 2653 ιε

2013 2701 2130 2770 ipse
2158 2699 2322 2762 Deus,
2356 2697 2557 2768 inquit,
2592 2697 2688 2766 qui
2715 2694 2922 2750 Jacobo
2955 2693 3107 2748 visus
3132 2699 3235 2756 est,
3271 2706 3467 2745 rursus
3494 2689 3581 2744 vi-

2012 2791 2231 2847 debitur
2257 2791 2314 2845 in
2356 2788 2512 2853 Sion,
2542 2787 2638 2844 Dei
2665 2787 2827 2843 Verbi
2875 2785 3164 2841 adventum
3219 2783 3276 2837 in
3329 2782 3583 2837 homines

2013 2880 2166 2936 hisce
2195 2880 2482 2935 manifeste
2502 2878 2811 2934 declarans.
2841 2875 2998 2930 llunc
3023 2874 3193 2930 Deum
3223 2871 3396 2928 Jacob
3427 2871 3585 2926 invo-

2013 2989 2166 3037 cans,
2200 2972 2494 3028 adventum
2519 2980 2796 3026 maturare
2819 2985 2978 3026 suum
3002 2975 3178 3038 rogat.
3210 2964 3462 3020 —Veas.
3488 2965 3578 3021 10.

2012 3063 2503 3132 Protector'noster,
2549 3064 2747 3133 aspice,
2780 3061 2942 3117 Deus.
2999 3059 3276 3126 Quosnam
3336 3056 3585 3126 aspicere

347 3147 546 3202 Ἰακὼῦ
593 3144 1056 3216 ἐπικαλούμενος,
1101 3141 1432 3196 ἐπισπεῦσαι
1465 3141 1564 3211 τὴν
1611 3138 1909 3211 παρουσίαν

2015 3166 2192 3226 rogat,
2221 3156 2328 3212 nisi
2352 3171 2447 3211 eos
2475 3155 2571 3226 qui
2603 3155 2660 3210 in
2707 3154 2847 3208 valle
2877 3154 3241 3222 lacrymarum
3289 3149 3584 3205 amictione

331 3239 500 3295 αὑτοῦ
537 3238 787 3294 ἱκετεύει.
834 3235 1284 3305 ’Υπερασπιστὰ
1313 3233 1503 3303 ἡμῶν,
1536 3231 1644 3297 ἰδὲ,
1677 3235 1710 3286 ὀ
1743 3232 1906 3298 Θεός.

331 3332 500 3397 Τίνας
537 3332 594 3385 δέ
641 3349 803 3403 φησιν
847 3330 952 3395 ἰδὲ,
986 3329 1099 3383 ἀλλ’
1137 3329 1170 3399 ἢ
1217 3328 1343 3391 τοὺς
1386 3327 1444 3380 ὲν
1485 3329 1550 3396 τῇ
1581 3324 1786 3378 κοιλάδι
1817 3322 1910 3376 τοῦ

332 3423 690 3494 κλαυθμιῖινος
731 3422 1273 3493 καταπονουμένους;
1333 3419 1602 3486 Ἐπιλέγει
1647 3418 1706 3471 δὲ
1751 3417 1908 3488 ἑξῆς·

331 3515 444 3570 Καὶ
466 3517 796 3584 serenum»
815 3514 912 3568 ἐπὶ
934 3514 999 3568 τὸ
1023 3515 1346 3582 πρόσωπον
1365 3512 1473 3566 τοῦ
1493 3511 1748 3579 Χριστοῦ
1773 3526 1909 3577 σου,

332 3608 624 3679 εὐχόμενος
648 3609 964 3679 ὲπιταχῆναι
989 3607 1086 3678 τὴν
1109 3607 1200 3659 τοῦ
1221 3605 1354 3659 Θεοῦ
1377 3604 1551 3673 Λόγου
1579 3605 1658 3668 εἰς
1675 3601 1764 3657 τὸν
1785 3605 1914 3675 Χρι-

335 3698 462 3752 στὸν
487 3698 672 3764 αὑτοῦ,
699 3699 756 3753 ὃν
779 3700 842 3752 ὲκ
865 3699 1174 3772 σπέρματος
1199 3696 1361 3751 Δαυῒδ
1382 3696 1687 3759 ἐνεδύσατο,
1715 3713 1912 3769 παρου-

336 3791 479 3844 σίαν.
510 3791 600 3844 Διὸ
619 3791 756 3846 καὶὸ
788 3791 1018 3855 Ἀκύλας
1040 3791 1191 3862 φησι,
1215 3790 1397 3859 Θυρεὲ
1422 3789 1610 3859 ἡμῶν,
1642 3789 1752 3855 ἴδε,
1782 3789 1908 3853 Θεὲ,

334 3882 434 3934 καὶ
469 3883 837 3952 ἐπίστρεψον
865 3885 1189 3951 πρόσωπον
1217 3883 1579 3953 ἠλειμμένου
1608 3897 1724 3937 σου
1742 3899 1755 3913 ⁸
1791 3885 1821 3936 6
1853 3884 1910 3937 δὲ

336 3973 648 4045 Σύμμαχος,
680 3975 1129 4046 ’Υπερασπιστὰ
1152 3975 1350 4046 ἡμῶν,
1383 3975 1471 4030 ἰδὲ
1492 4017 1507 4041 ,
1541 3977 1573 4030 ὁ
1601 3974 1745 4043 Θεὸς
1763 4017 1777 4041 ,
1808 3977 1909 4031 καὶ

335 4068 727 4137 πρόσϐλεψον
747 4070 814 4123 τὸ
844 4069 1166 4137 πρόσωπον
1186 4068 1292 4123 τοῦ
1317 4066 1574 4136 Χριστοῦ
1597 4084 1733 4122 σου.
1766 4066 1911 4120 Ταῦ-

334 4177 403 4213 τα
437 4158 492 4212 δὲ
535 4160 781 4232 εὔχονται
819 4164 868 4215 oi
895 4162 985 4216 τὸν
1014 4162 1190 4214 πάντα
1217 4160 1430 4232 ψαλμὸν
1455 4159 1703 4227 λέγοντες
1722 4177 1736 4190 ·
1765 4151 1909 4213 οὗτοι

331 4252 392 4305 δὲ
429 4247 567 4322 ἦσαν
605 4255 655 4306 οἱ
695 4255 788 4308 τοῦ
818 4254 955 4308 Θεοῦ
993 4255 1301 4327 προφῆται,
1341 4254 1391 4306 οἱ
1422 4251 1774 4316 διασωθέντες
1799 4253 1908 4306 ἀπὸ

335 4342 443 4395 τῶν
471 4346 676 4414 νοητῶν
707 4345 978 4417 πολεμίων
1000 4389 1014 4411 ,
1053 4347 1148 4399 καὶ
1189 4345 1579 4417 μεταϐαλόντες
1607 4345 1714 4398 ἀπὸ
1748 4346 1908 4399 πολέε-

341 4452 441 4504 μου
476 4437 554 4498 εἰς
593 4438 841 4509 εἰρήνην,
871 4438 941 4492 τά
968 4456 1025 4491 τε
1063 4437 1395 4510 σκηνώματα
1425 4437 1518 4491 τοῦ
1558 4437 1695 4495 Θεοῦ
1721 4438 1906 4492 λοιπὸν

2013 3248 2376 3317 premuntur?
2413 3245 2621 3301 Deinde
2647 3260 2777 3300 vero
2831 3243 3144 3314 subjungit,
3177 3252 3226 3296 et
3280 3242 3476 3310 respice
3526 3240 3584 3293 in

2013 3337 2203 3407 faciem
2233 3335 2436 3393 Christi
2470 3336 2567 3400 tui,
2595 3351 2797 3406 rogans
2826 3333 2918 3389 Dei
2957 3332 3113 3388 Verbi
3167 3333 3459 3387 adventum
3514 3332 3584 3386 ad

2013 3429 2291 3486 Christum
2317 3443 2500 3492 suum,
2530 3442 2690 3497 quem
2725 3441 2790 3480 ex
2827 3425 3037 3480 semine
3067 3424 3235 3478 David
3264 3423 3460 3489 induit,
3492 3437 3585 3477 ac-

2012 3519 2258 3574 celerari.
2285 3517 2647 3584 Quamobrem
2671 3515 2862 3586 Aquila
2883 3516 2966 3571 sic
2985 3515 3361 3586 habet,Clypee
3384 3523 3582 3581 noster,

2012 3607 2146 3674 uide,
2180 3607 2342 3675 Deus,
2371 3619 2418 3663 et
2470 3621 2706 3662 converte
2737 3609 2937 3662 vultum
2981 3609 3126 3660 uncti
3173 3607 3272 3661 tui.
3329 3605 3582 3678 Symma-

2011 3703 2148 3758 chus
2180 3719 2328 3767 vero,
2361 3702 2638 3762 Protector
2679 3711 2856 3757 noster
2897 3701 3032 3766 vide,
3084 3701 3247 3766 Deus,
3307 3712 3356 3754 et
3411 3700 3586 3769 aspice

2011 3796 2212 3850 uultum
2243 3794 2443 3850 Christi
2471 3796 2565 3849 tui.
2595 3793 2721 3850 Haec
2745 3810 2910 3865 porro
2941 3802 3233 3865 precantur
3280 3793 3341 3858 ii,
3370 3792 3466 3862 qui
3500 3799 3586 3846 ιο-

2010 3896 2124 3941 tum
2172 3888 2441 3956 psalmum
2492 3888 2852 3958 pronuntiant
2903 3887 3004 3940 :hi
3052 3891 3232 3940 autem
3275 3890 3433 3939 erant
3487 3881 3587 3938 Dei

2010 3981 2307 4050 prophetae,
2340 3979 2434 4049 qui
2461 3995 2490 4033 a
2523 3979 2908 4050 spiritualibus
2943 3978 3184 4034 inimicis
3233 3975 3437 4034 servati
3468 3974 3586 4030 fue-

2010 4078 2156 4136 rant,
2189 4077 2244 4125 et
2273 4087 2302 4124 a
2333 4071 2475 4126 bello
2496 4071 2563 4126 ad
2594 4085 2783 4141 pacem
2825 4072 3097 4138 translati,
3129 4071 3319 4126 divino
3368 4067 3588 4124 atllante

2010 4163 2206 4232 spiritu
2234 4161 2586 4217 tabernacula
2609 4161 2703 4219 Dei
2755 4165 3178 4235 prospiciebant,
3226 4162 3492 4217 atriorum
3529 4167 3588 4216 et

2011 4254 2262 4308 altarium
2287 4255 2408 4324 ejus
2441 4255 2748 4325 percupidi.
2803 4257 2905 4322 Qui
2963 4259 3129 4312 etiam
3182 4256 3278 4310 Dei
3321 4254 3583 4320 Verbum,

2010 4361 2169 4400 suum
2193 4346 2248 4400 in
2273 4355 2519 4416 tempore
2541 4347 2667 4402 belli
2720 4354 3084 4415 protectorem
3140 4345 3371 4411 factum,
3423 4345 3587 4400 obse-

2009 4448 2170 4494 crant
2199 4448 2258 4494 ut
2289 4440 2357 4495 ad
2381 4439 2574 4494 faciem
2602 4438 2805 4494 Christi
2869 4438 2954 4495 sui
3014 4438 3296 4507 respiciat,
3355 4447 3414 4493 ut
3465 4439 3587 4508 ipso

335 4527 415 4597 τῷ
443 4527 570 4600 θείῳ
595 4530 871 4600 Πνεύματι
902 4530 1259 4602 προορῶντες,
1293 4531 1390 4584 καὶ
1423 4531 1520 4594 τὰς
1545 4530 1713 4595 αὐλὰς
1742 4532 1906 4585 αὑτοῦ

2013 4541 2307 4602 apparente
2352 4545 2416 4586 ac
2439 4530 2741 4594 Christum,
2767 4545 2834 4585 ex
2855 4528 3064 4585 semine
3087 4528 3258 4583 David
3283 4529 3585 4584 secundum

337 4621 431 4673 καὶ
453 4621 520 4674 τὰ
554 4621 907 4694 θυσιαστήρια
939 4622 1248 4684 ποθοῦντες.
1312 4623 1375 4676 Οἳ
1411 4621 1502 4675 καὶ
1532 4621 1907 4692 παρακαλοῦσι

336 4712 426 4766 τὸν
471 4714 563 4768 τοῦ
593 4716 726 4769 Θεοῦ
748 4716 917 4785 Λόγον
937 4755 951 4780 ,
987 4716 1076 4770 τὸν
1121 4717 1176 4768 ὲν
1201 4715 1278 4786 τῷ
1313 4715 1486 4786 καιρῷ
1516 4714 1623 4767 τῶν
1657 4715 1909 4785 πολέμων

337 4803 749 4878 ὑπερασπιστὴν
789 4808 966 4861 αὐτῶν
1008 4809 1328 4878 γενόμενον,
1389 4807 1674 4877 ἐπιϐλέψαι
1707 4808 1796 4860 ἐπὶ
1840 4807 1902 4859 τὸ

2014 4638 2236 4677 carnem
2281 4629 2462 4676 ortum
2503 4631 2840 4686 assumcntc,
2896 4619 3056 4674 malis
3087 4618 3338 4690 pristinis
3393 4634 3588 4675 omnes

2015 4717 2344 4781 eximantur,
2379 4715 2771 4786 hominumque
2817 4731 2989 4787 genus
3012 4717 3153 4772 bona
3182 4729 3277 4786 per
3303 4712 3594 4770 Christum

2014 4809 2388 4863 nanciscatur.

335 4897 625 4965 πρόσωπον
651 4899 746 4952 τοῦ
771 4899 1004 4972 Χριστοῦ
1026 4899 1210 4958 αὐτοῦ.
1248 4899 1335 4962 ἵν’,
1361 4900 1714 4969 ἐπιφανέντος
1740 4899 1904 4952 αὑτοῦ
1944 4900 2037 4954 καὶ
2058 4901 2148 4955 τὸν
2181 4904 2249 4956 ἐκ
2267 4902 2576 4975 σπέρματος
2598 4901 2760 4956 Δαυῒδ
2777 4902 2914 4955 κατὰ
2973 4903 3151 4974 σάρκα
3173 4901 3405 4973 Χριστὸν
3459 4901 3588 4954 ava-

335 4987 619 5056 λαϐόντος,
662 4992 814 5056 λύσις
860 4994 956 5066 μὲν
991 4995 1216 5065 γένηται
1290 4994 1569 5066 προτέρων
1633 4995 1972 5062 κακῶν¹τοίς
2010 5000 2202 5066 πᾶσιν,
2236 4999 2415 5069 ἀγαθά
2441 4999 2498 5052 δὲ
2530 4999 2617 5052 διὰ
2649 4998 2743 5052 τοῦ
2774 4999 3009 5070 Χριστοῦ
3043 4999 3104 5052 τὸ
3143 4999 3251 5053 τῶν
3283 4997 3594 5071 ἀνθρώπιον

333 5083 640 5156 διαδέξηται
671 5085 844 5154 γένος.

389 5201 517 5252 Ὀτι
534 5200 834 5269 κρείσσων
847 5201 1037 5271 ἡμέρα
1046 5202 1153 5270 μία
1167 5202 1236 5256 ἐν
1250 5201 1377 5268 ταῖς
1397 5203 1612 5269 αὐλαῖς
1622 5218 1738 5258 σου
1754 5203 1904 5274 ὑπὲρ

334 5291 628 5376 ζιλιάδας.
659 5293 772 5364 Τῆς
798 5293 892 5347 τοῦ
920 5293 1054 5354 Θεοῦ
1086 5295 1387 5367 παρουσίας
1411 5295 1510 5376 τὴν
1536 5296 1682 5366 μίαν,
1712 5298 1812 5367 τῆς
1837 5299 1901 5356 ὲκ

332 5373 540 5455 νεκρῶν
572 5385 920 5452 ἀναστάσεως
952 5388 1186 5459 ἡμέραν,
1224 5389 1357 5442 πολὺ
1392 5373 1624 5457 κρείττω
1651 5392 1902 5460 χιλιάδων

330 5477 428 5534 καὶ
458 5480 856 5553 προτιμοτέραν
879 5484 908 5535 6
937 5482 1028 5535 τὸν
1058 5482 1305 5553 παρόντα
1326 5481 1540 5553 ψαλμὸν
1563 5483 1733 5551 λέγων
1757 5486 1902 5556 ἡγεῖ-

327 5587 439 5624 ται.
465 5571 802 5626 Λὶνίττεσθαι
823 5573 878 5627 δὲ
901 5573 1140 5646 ἠγοῦμαι
1162 5574 1248 5629 διὰ
1267 5576 1373 5628 τῶν
1394 5575 1644 5647 χιλιάδων
1663 5576 1752 5630 τὸν
1775 5578 1902 5649 χρό-

330 5679 422 5729 νον
446 5664 546 5734 τῆς
578 5667 884 5731 συστάσεως
911 5670 1009 5739 τῆς
1047 5668 1417 5741 Ἰερουσαλήμ.
1491 5670 1577 5722 Ἐν
1618 5669 1758 5732 ὅλοις
1791 5670 1900 5741 γὰρ

2082 5205 2512 5277 νειιελιριιὶα
2538 5205 2723 5258 melior
2746 5217 2820 5258 est
2849 5206 2958 5259 dies
2984 5223 3087 5259 una
3102 5207 3154 5263 in
3183 5208 3338 5260 atriis
3358 5206 3461 5258 tuis
3491 5221 3584 5258 δας

2006 5315 2097 5369 per
2119 5299 2311 5354 millia.
2356 5297 2530 5353 Unam
2563 5297 2658 5354 Dei
2688 5299 3025 5369 praesentiae,
3080 5299 3131 5353 id
3164 5308 3282 5364 est,
3333 5311 3581 5352 resurre~

2008 5390 2206 5444 ctionis
2235 5405 2302 5445 ex
2331 5390 2561 5444 mortuis
2591 5389 2733 5444 diem
2756 5429 2771 5455 ,
2797 5390 2881 5444 vel
2913 5391 3151 5444 millibus
3185 5389 3377 5442 diebus
3405 5386 3586 5458 multo.

2008 5486 2286 5540 meliorem
2319 5493 2374 5539 et
2404 5484 2852 5556 praestabiliorem
2890 5500 3013 5540 esse
3053 5482 3349 5540 arbitratur
3405 5481 3454 5535 is
3483 5483 3592 5552 qui,

2008 5577 2274 5648 psalmum
2307 5577 2453 5632 hunc
2483 5577 2710 5647 profert.
2747 5577 2845 5632 Illo
2891 5584 3070 5630 autem
3103 5571 3406 5627 millenario
3441 5559 3576 5644 puto

2008 5671 2342 5727 subindicari
2367 5680 2602 5742 tempus,
2627 5684 2738 5741 quo
2777 5667 3114 5736 Jerosolyma
3143 5665 3422 5722 substitit:
3447 5681 3589 5736 naut

405 5819 449 5852 ³³
487 5819 628 5888 Psal.
669 5838 864 5892 tam,
897 5826 930 5879 6
1028 5827 1072 5859 ³³
1113 5827 1280 5892 ibid.,
1323 5827 1370 5882 l.
1451 5829 1494 5862 ³⁸
1528 5825 1672 5885 Psal.
1712 5842 1872 5898 χιι»,

2039 5828 2081 5862 ³⁸
2117 5827 2250 5886 Gen.
2288 5842 2469 5900 nm,
2504 5827 2594 5884 28.
2674 5826 2718 5859 ³⁷
2759 5823 2889 5882 ibid.
2928 5824 3014 5878 50.
