3988 6204
407 335 550 398 1085
1150 335 1415 392 EUSEBII
1454 333 1935 392 CAESARIENSIS
1965 333 2116 392 OPP.
2157 331 2338 389 PARS
2374 333 2948 392 lll.—EXEGETICA.
3513 343 3654 400 1016

405 457 538 517 totis
577 455 724 511 mille
771 457 930 509 annis
976 455 1235 526 templum
1287 455 1406 524 ejus
1458 454 1706 522 duravit;
1756 453 1978 509 totidem

2083 452 2272 524 χιλίοις
2305 452 2446 508 ἔτεσι
2477 454 2707 526 συνέστη
2739 448 2774 509 ὁ
2806 458 2864 510 ὲν
2891 457 3026 527 αὐτῇ
3070 455 3231 522 νεώς·
3265 457 3502 513 τοσαῦτα
3542 461 3652 534 γὰρ

405 548 606 619 quippe
636 553 994 601 numerantur
1026 561 1056 600 a
1102 547 1287 616 templi
1321 545 1632 603 Salomonis
1663 545 1979 602 fundatione

2078 542 2146 617 ἦν
2163 547 2231 600 τὰ
2257 547 2364 600 ἀπὸ
2381 548 2479 618 τῆς
2499 547 2840 618 Σολομῶντος
2867 549 3210 619 κατασκευῆς
3224 548 3316 602 τοῦ
3346 551 3475 605 ναοῦ
3490 552 3653 626 μέχρι

403 655 579 710 usque
618 638 686 693 ad
737 637 1036 694 Salvatoris
1073 639 1247 694 nostri
1286 639 1601 695 adventum.
1651 642 1801 705 Quos
1849 639 1978 694 item

2077 638 2176 708 τῆς
2198 636 2292 690 τοῦ
2316 639 2565 709 Σωτῆρος
2585 639 2742 710 ήμῶν
2764 641 3086 712 παρουσίας,
3114 641 3150 696 ἃ
3173 643 3267 696 καὶ
3287 640 3442 708 αὖθις
3459 645 3652 717 δηλοῦ-

400 729 634 785 indicari
674 739 808 800 puto
852 730 907 784 in
947 745 1147 784 Lxxm
1178 732 1427 800 psalmo,
1482 731 1576 800 qui
1619 731 1975 796 inscribitur,

2081 727 2203 780 σθαι
2231 728 2469 800 ήγοῦμαι
2501 728 2586 783 διὰ
2610 729 2705 783 τοῦ
2740 730 2838 785 πθ¹
2863 729 3079 803 ψαλμοῦ
3099 773 3114 798 ,
3157 732 3216 797 ὃς
3248 734 3653 806 ἐπιγέγραπται

405 820 594 876 Oratio
625 819 868 892 Moysis;
901 821 955 876 in
988 822 1347 892 sequentibus
1381 822 1583 893 quippe
1623 823 1739 878 haec
1767 823 1930 878 habet
1960 843 1973 877 :

2081 819 2200 889 μὲν,
2221 819 2536 887 Προσευχὴ
2553 819 2865 887 Μωϋσέως,
2895 823 3029 894 φησι
3056 823 3150 876 καὶ
3164 823 3388 895 προῖὼν,
3415 825 3534 879 Ὅτι
3560 827 3652 895 χι-

404 914 668 979 Quoniam
699 914 842 968 mille
871 917 998 968 anni
1023 926 1144 970 ante
1174 917 1352 972 oculos
1383 927 1500 971 tuos
1521 957 1536 980 ,
1587 927 1838 986 tanquam
1867 916 1977 971 dies

2077 915 2179 965 λια
2213 911 2318 978 ἐτη
2358 913 2428 964 ἐν
2467 912 2794 982 ὀφθαλμοῖς
2822 929 2938 968 σου
2965 913 3109 968 ὡσεὶ
3144 915 3335 984 ἡμέρα
3369 917 3406 985 ἡ
3452 917 3649 987 ἐχθὲς,

399 1003 645 1058 hesterna
671 1021 788 1075 qua:
813 1007 1097 1074 praeteriit,
1137 1015 1185 1060 et
1217 1007 1457 1062 custodia
1487 1008 1541 1060 in
1569 1015 1737 1064 nocte.
1773 1005 1974 1076 Hujus-

2081 1003 2211 1071 ἥτις
2240 1002 2467 1072 διῆλθε,
2503 1005 2602 1058 καὶ
2628 1005 2872 1075 φυλακὴ
2891 1007 2962 1060 ἐν
2983 1008 3180 1064 νυκτί.
3216 1009 3327 1080 Τῆς
3351 1006 3443 1063 οῦν
3475 1010 3656 1080 χιλιά·

400 1096 548 1151 modi
583 1099 765 1168 itaque
793 1097 1101 1153 millenario
1130 1098 1212 1152 vel
1247 1115 1355 1153 una
1392 1099 1512 1155 dies
1554 1098 1975 1154 resurrectionis

2079 1098 2165 1160 δος
2194 1098 2408 1170 ἐκείνης
2437 1101 2470 1171 ή
2505 1099 2603 1170 μία
2629 1100 2812 1173 ἡμέρα
2840 1101 2939 1172 τῆς
2971 1102 3034 1154 ἐκ
3069 1101 3276 1174 νεκρῶν
3301 1102 3654 1168 ἀναστάσεως

401 1187 704 1244 Salvatoris
734 1191 908 1245 nostri
943 1206 1008 1247 ex
1049 1191 1283 1247 mortuis
1315 1190 1677 1262 praeponenda
1698 1233 1713 1257 ,
1752 1199 1807 1245 et
1841 1206 1976 1260 pre-

2078 1187 2170 1242 τοῦ
2187 1189 2438 1261 Σωτῆρος
2453 1192 2486 1261 ή
2494 1191 2608 1262 μῶν
2630 1193 2927 1264 προκριτέα
2946 1195 3037 1247 καὶ
3058 1195 3431 1267 προτιμοτέρα
3448 1199 3653 1268 τυγχά-

401 1281 599 1336 tiosior
630 1281 819 1336 haberi
845 1281 1006 1338 debet
1071 1285 1122 1340 ei
1178 1286 1270 1354 qui
1306 1285 1550 1354 ejusdem
1593 1299 1780 1339 amore
1823 1283 1976 1338 duci-

2077 1299 2156 1336 νει
2181 1282 2258 1353 τῷ
2286 1281 2490 1354 ταύτης
2520 1284 2832 1356 ὲπιθυμητῇ
2866 1286 3161 1358 γενομένῳ.
3191 1286 3284 1340 Διδ
3308 1286 3527 1359 εὔχεται
3553 1307 3652 1342 τα-

401 1378 513 1428 tur.
546 1371 727 1438 Quare
756 1374 1048 1429 adventum
1071 1383 1346 1434 maturare
1371 1391 1530 1431 suum
1563 1382 1718 1445 rogat
1745 1373 1935 1428 dicens
1959 1393 1972 1428 :

2076 1373 2236 1444 χῦναι
2257 1374 2357 1446 τὴν
2377 1377 2679 1446 παρουσίαν
2703 1377 2867 1431 αὐτοῦ
2894 1378 3095 1447 λέγων’
3141 1379 3273 1442 Ἰδὲ,
3303 1383 3337 1434 ὁ
3360 1380 3521 1446 Θεὸς,
3549 1382 3651 1434 καὶ

399 1463 610 1532 Aspice,
649 1465 819 1530 Deus,
855 1475 904 1520 et
937 1467 1132 1536 respice
1163 1469 1218 1521 in
1251 1468 1442 1537 [aciem
1470 1466 1671 1522 Christi
1704 1467 1812 1531 tui,
1845 1483 1974 1537 quo-

2078 1466 2409 1535 ἐπίϐλεψον
2437 1469 2525 1535 εὶς
2549 1467 2614 1521 τὸ
2637 1471 2962 1536 πρόσωπον
2982 1469 3088 1524 τοῦ
3112 1470 3372 1539 Χριστοῦ
3391 1487 3528 1536 σου,
3561 1471 3653 1526 ὅτι

399 1555 546 1608 niam
577 1557 762 1611 melior
785 1567 863 1612 est
898 1558 1008 1613 dies
1033 1576 1139 1613 una
1166 1561 1219 1618 in
1259 1561 1410 1614 atriis
1444 1560 1547 1614 tuis
1578 1574 1737 1628 super
1777 1558 1972 1612 millia.

2076 1559 2379 1627 κρείσσων
2402 1559 2596 1629 ἡμέρα
2624 1561 2734 1630 μία
2752 1561 2825 1615 ἐν
2844 1561 2972 1630 ταῖς
2998 1563 3212 1629 αὐλαῖς
3234 1577 3352 1621 σου
3376 1564 3528 1632 ὑπὲρ
3560 1583 3651 1633 χι-

398 1643 587 1717 Neque
616 1664 746 1704 vero
769 1650 940 1704 millia
996 1651 1085 1705 hic
1139 1651 1424 1721 pluraliter
1457 1649 1776 1720 accipienda
1823 1658 1972 1705 sunt.

2075 1649 2308 1718 λιάδας.
2367 1651 2442 1704 Οὐ
2487 1652 2704 1715 πάντως
2729 1653 2785 1707 δὲ
2816 1652 3192 1724 πληθυντικῶς
3221 1654 3510 1709 ἀκουστέον
3538 1654 3648 1708 τῶν

397 1738 537 1792 Nam
574 1740 717 1812 apud
748 1741 1004 1798 Hebraeos
1034 1743 1148 1799 haec
1174 1759 1276 1799 vox
1303 1743 1589 1797 millenare
1611 1757 1780 1797 unum
1808 1743 1972 1814 signi-

2079 1741 2363 1812 χιλιάδωνο
2398 1743 2548 1815 παρὰ
2573 1742 2681 1816 γὰρ
2721 1742 2987 1814 Ἐὁραίοις
3009 1742 3146 1816 αὕτη
3181 1747 3214 1816 ή
3246 1743 3388 1810 λέξις
3411 1745 3538 1815 μίαν
3565 1765 3650 1816 χι-

399 1828 526 1884 licat
549 1871 565 1895 ,
609 1801 674 1886 ut
703 1835 901 1904 cuique
952 1834 1325 1890 consideranti
1357 1833 1536 1903 palam
1569 1834 1694 1888 erit.
1731 1832 1798 1887 Et
1844 1801 1973 1904 quia

2076 1801 2231 1888 λιάδα
2256 1801 2530 1906 σημαίνει,
2549 1801 2626 1898 ῶς
2646 1801 2904 1907 παντίτῷ
2924 1801 3276 1908 ἐπιστήσαντι
3297 1801 3454 1907 δῆλον
3475 1801 3648 1896 ἔσται.

398 1928 516 1984 dies
551 1943 657 1982 una
689 1927 742 1982 in
773 1927 928 1982 atriis
957 1942 1053 1996 per
1081 1934 1254 1982 totum
1282 1925 1470 1981 orbem
1500 1927 1554 1980 in
1585 1925 1824 1981 adventu
1857 1925 1973 1993 Dei,

2077 1927 2187 1983 Kal.
2229 1927 2530 2000 ἐπειδήπερ
2564 1929 2595 1998 ή
2645 1928 2742 1999 μία
2779 1928 2961 2000 ήμέρα
2996 1931 3363 2004 προτιμοτέρα
3405 1933 3521 1986 ἐστὶ
3553 1933 3652 2004 τῆς

397 2021 490 2090 qui
523 2020 940 2090 praenuntiatur,
980 2018 1220 2074 fundatis
1247 2058 1261 2081 ,
1305 2017 1652 2086 prastantior
1680 2024 1766 2071 est
1811 2017 1972 2070 milli-

2073 2017 2308 2092 χιλιάδος
2328 2019 2386 2070 ἐν
2403 2019 2524 2082 ταῖς
2545 2017 2734 2081 αὐλαῖς
2755 2023 2875 2084 ταῖς
2897 2019 3018 2074 καθ’
3038 2020 3165 2091 ὅλης
3185 2021 3285 2092 τῆς
3302 2021 3647 2092 οἰκουμένης,

395 2113 532 2178 bus;
570 2113 692 2168 ideo
731 2112 986 2183 superius
1022 2127 1240 2182 quoque
1263 2111 1517 2166 dicebat:
1562 2109 1894 2180 Concupiscit
1924 2119 1970 2166 et

2078 2109 2160 2163 διὰ
2192 2110 2293 2180 τῆς
2331 2109 2648 2179 θεοφανείας
2676 2110 2768 2164 τοῦ
2802 2113 3282 2184 προφητευομένου
3311 2112 3465 2178 Θεοῦ,
3507 2113 3653 2184 ἰδρυ-

398 2204 579 2274 deﬁcit
603 2205 783 2257 anima
810 2220 926 2258 mea
957 2205 1009 2257 in
1049 2204 1192 2258 atria
1240 2201 1476 2258 Domini.
1513 2201 1580 2257 Et
1621 2218 1816 2259 rursus
1845 2203 1973 2273 quia

2084 2203 2313 2268 θείσαις·
2371 2202 2459 2258 διὰ
2498 2209 2656 2261 τοῦτο
2688 2205 2781 2259 καὶ
2813 2206 3067 2278 ἀνωτέρω
3093 2207 3304 2276 ἔλεγενο
3354 2209 3659 2262 Ἐπιποθεῖ

393 2295 508 2367 jam
532 2311 695 2365 supra
722 2297 954 2360 dixerat,
977 2295 1126 2350 Beati
1147 2297 1236 2362 qui
1257 2296 1498 2350 habitant
1523 2297 1579 2349 in
1607 2295 1762 2352 domo
1781 2303 1892 2361 tua,
1917 2297 1968 2350 in

2073 2296 2172 2356 καὶ
2187 2297 2449 2352 ἐκλείπει
2467 2296 2506 2363 ἡ
2523 2296 2690 2366 ψυχή
2706 2315 2826 2366 μου
2841 2299 2929 2364 εὶς
2946 2296 3055 2364 τὰς
3073 2297 3266 2364 αὐλὰς
3284 2298 3390 2352 τοῦ
3405 2300 3647 2367 Κυρίου.

395 2389 594 2443 swcula
617 2389 930 2447 smculorttm
966 2369 1258 2443 laudabunt
1306 2399 1352 2443 te
1375 2404 1394 2442 :
1443 2389 1530 2443 his
1562 2387 1719 2442 iidem
1767 2387 1970 2444 habens

2076 2388 2184 2442 Καὶ
2211 2387 2373 2442 πάλιν
2406 2387 2710 2460 ἐπειδήπερ
2752 2389 3008 2460 ἀνωτέρω
3037 2389 3190 2458 ἔλεγε
3217 2391 3277 2444 τὸ
3296 2429 3311 2454 ,
3363 2390 3651 2459 Μακάριοι

395 2493 461 2533 ac
484 2495 672 2534 verum
695 2495 819 2535 esse
850 2480 1058 2534 dictum
1094 2479 1406 2549 hujusmodi
1440 2493 1734 2549 persuasus
1753 2517 1768 2543 ,
1809 2493 1874 2533 ea
1905 2478 1970 2534 de

2077 2481 2127 2534 οἱ
2156 2479 2574 2547 κατοικοῦντες
2598 2482 2669 2535 ἐν
2696 2478 2774 2546 τῷ
2795 2480 2940 2548 οἴκῳ
2968 2495 3085 2535 σου
3106 2520 3121 2547 ,
3148 2483 3235 2548 εὶς
3259 2481 3403 2549 τοὺς
3431 2481 3652 2549 αἰῶνας

395 2585 563 2627 causa
592 2572 714 2628 dico
743 2593 757 2627 :
794 2573 942 2644 Elegi
964 2572 1197 2642 abjectus
1225 2589 1337 2627 esse
1357 2573 1412 2626 in
1434 2571 1589 2626 domo
1612 2571 1709 2626 Dei
1735 2573 1837 2626 mei
1860 2588 1970 2630 ma.-

2078 2570 2191 2626 τῶν
2208 2571 2435 2626 αἰώνων
2448 2571 2765 2626 αὶνέσουσί
2785 2589 2859 2627 σε
2877 2589 2890 2604 ο
2909 2572 3082 2643 τούτῳ
3101 2573 3372 2628 πιστεύων
3393 2574 3485 2628 καὶ
3501 2575 3653 2643 ἀκρι-

393 2663 512 2736 gis;
546 2672 605 2718 ut
638 2664 694 2719 in
718 2665 882 2719 domo
912 2663 1003 2720 Dei
1037 2666 1351 2720 consistens
1405 2664 1461 2718 in
1511 2663 1712 2719 saecula
1745 2663 1968 2718 saeculo-

2076 2663 2182 2727 Βῶς
2229 2664 2591 2734 πεπεισμένος
2621 2663 2793 2736 ἀληθῆ
2827 2659 2965 2718 εἶναι
3003 2665 3094 2718 τὸν
3132 2664 3321 2733 λόγον,
3364 2664 3453 2718 διὰ
3491 2663 3651 2719 τοῦτό

392 2770 518 2812 rum
553 2756 720 2813 Deum
765 2757 989 2813 laudare
1027 2758 1257 2813 valeam.
1296 2756 1402 2812 Sed
1431 2757 1596 2813 etiam
1631 2757 1777 2813 sicut
1823 2757 1967 2812 diem

2077 2774 2212 2828 φημι
2235 2773 2248 2786 ο
2298 2755 2704 2826 Ἐξελεξάμην
2728 2755 3257 2825 παραρμπτεῖσθαι
3281 2758 3353 2811 ἐν
3393 2755 3474 2823 τῷ
3507 2758 3652 2822 abem

393 2863 560 2902 unam
582 2849 823 2904 millibus
849 2850 1075 2904 antetuli
1100 2889 1115 2913 ,
1147 2850 1222 2906 ita
1249 2858 1303 2905 et
1331 2849 1552 2904 domum
1580 2848 1696 2914 Dei,
1721 2864 1841 2920 quae
1888 2857 1968 2904 est

2074 2849 2178 2903 τοῦ
2207 2847 2353 2903 Θεοῦ
2369 2867 2489 2918 μου
2521 2847 2763 2918 μᾶλλον
2782 2865 2796 2881 ο
2836 2848 2901 2902 ἵν’
2923 2851 2980 2902 ἐν
3011 2847 3089 2920 τῷ
3114 2850 3248 2920 οἴκῳ
3271 2848 3366 2902 τοῦ
3389 2847 3524 2902 Θεοῦ
3548 2849 3649 2917 ὢν,

395 2938 643 3024 Ecclesia
677 2939 771 2995 Dei
833 2940 1067 2996 viventis
1093 2980 1108 3004 ,
1163 2941 1418 2996 columna
1468 2949 1524 2996 et
1557 2940 1970 2996 fundamentum

2072 2939 2312 3009 δύνωμαι
2345 2940 2424 3002 εἰς
2452 2940 2575 3002 τοὺς
2594 2938 2794 3003 αἰῶνας
2821 2938 2930 2992 τῶν
2955 2937 3165 2994 αἰώνων
3187 2941 3357 2993 αἰνεῖν
3381 2939 3471 2993 τὸν
3491 2939 3644 2992 Θεὸν.

389 3031 661 3094 veritatis,
684 3032 869 3102 potius
898 3031 1058 3102 elegi,
1088 3045 1250 3101 quam
1291 3031 1539 3086 habitare
1567 3032 1624 3086 in
1655 3032 1841 3088 multis
1888 3041 1964 3086 ta-

2075 3029 2288 3084 Μᾶλλον
2318 3031 2374 3086 δὲ
2401 3030 2728 3104 ἐξελεξάμην
2760 3031 2947 3103 ὥσπερ
2979 3032 3078 3103 τὴν
3113 3031 3242 3102 μίαν
3269 3031 3482 3106 ἡμέραν
3509 3029 3650 3103 ὑπὲρ

391 3123 707 3179 hernaculis
729 3132 1101 3198 peccatorum.
1154 3121 1288 3181 Nam
1334 3123 1439 3194 ipsi
1472 3138 1689 3194 quoque
1717 3131 1966 3194 peccato-

2074 3123 2174 3190 τὴν
2226 3123 2440 3194 χιλιάδα
2461 3162 2475 3187 ,
2509 3122 2651 3177 οὕτω
2703 3122 2793 3176 τὸν
2834 3117 2981 3176 οἷκον
3013 3122 3107 3176 τοῦ
3138 3122 3272 3177 Θεοῦ
3295 3163 3309 3188 ,
3347 3125 3469 3194 ἥτις
3499 3123 3649 3176 ἐστὶν

393 3229 486 3270 res
517 3215 570 3269 in
600 3217 836 3286 speciem
864 3217 1343 3274 tabernaculorum
1372 3214 1467 3270 Dei
1497 3230 1618 3272 sese
1646 3231 1968 3286 composue-

2086 3214 2379 3286 Ἐκκλησία
2397 3215 2530 3270 Θεοῦ
2547 3215 2769 3279 ζῶντος,
2794 3214 2982 3278 στῦλος
2997 3216 3092 3281 καὶ
3110 3215 3390 3288 ἑδραίωμα
3405 3216 3504 3287 τῆς
3518 3215 3651 3286 άλη-

392 3316 524 3362 runt
551 3326 564 3362 :
615 3307 711 3364 sed
743 3309 1092 3363 tabernacula
1122 3307 1239 3371 Dei,
1263 3307 1551 3374 amabilia;
1598 3315 1967 3379 peccatorum,

2074 3305 2262 3372 θείας,
2318 3307 2518 3378 μᾶλλον
2561 3308 2593 3378 ἢ
2637 3309 2804 3369 οἰκεῖν
2841 3309 2900 3360 ἐν
2941 3307 3154 3372 πολλοῖς
3190 3311 3511 3379 σκηνώμασι
3542 3308 3648 3360 τῶν

390 3399 519 3455 odio
549 3399 712 3470 digna
743 3409 891 3456 sunt.
924 3429 997 3441 —
1029 3399 1196 3456 Vens.
1248 3400 1337 3466 12,
1379 3400 1518 3467 Quia
1551 3399 1965 3455 misericordiam

2072 3399 2429 3470 ἁμαρτωλῶν,
2489 3401 2798 3470 Μιμήματα
2830 3399 2938 3470 γὰρ
2990 3399 3100 3452 τῶν
3146 3401 3515 3472 σκηνωμάτων
3553 3399 3647 3453 τοῦ

389 3503 439 3546 et
470 3493 739 3546 veritatem
785 3490 956 3563 diligit
993 3491 1246 3548 Dominus
1289 3493 1465 3560 Deus,
1502 3493 1732 3564 gratiam
1771 3502 1820 3547 et
1856 3492 1964 3562 σίος

2073 3490 2206 3544 Θεοῦ
2234 3508 2327 3544 και
2351 3493 2400 3544 οἱ
2433 3491 2742 3561 ἁμαρτωλοὶ
2769 3493 2994 3555 ἑαυτοὺς
3023 3491 3431 3546 κατεσκεύασαν
3452 3511 3465 3523 ο
3512 3492 3648 3546 ἀλλὰ

390 3583 530 3636 riam
565 3581 713 3635 dabit
749 3581 1029 3638 Dominus.
1079 3581 1183 3636 Pro
1232 3583 1346 3648 illo,
1375 3583 1515 3650 Quia
1550 3583 1965 3638 misericordiam

2071 3581 2139 3635 τὰ
2173 3581 2271 3652 μὲν
2309 3582 2401 3636 τοῦ
2429 3582 2565 3635 Θεοῦ
2591 3583 2852 3655 ἀγαπητὰ
2877 3585 3133 3655 τυγχάνει
3158 3624 3172 3647 ,
3211 3585 3402 3654 μίσους
3431 3585 3484 3637 δὲ
3516 3585 3644 3649 ἄξια

389 3682 441 3728 et
466 3674 738 3732 ueritatem
766 3675 940 3746 diligit
968 3674 1124 3728 Domi
1134 3674 1489 3746 nus,Aquila,
1508 3673 1646 3741 Quia
1666 3675 1964 3730 misericor-

2070 3672 2140 3726 τὰ
2158 3672 2266 3726 τῶν
2292 3672 2647 3744 άμαρτωλῶν.
2680 3675 2802 3730 Ὅτι
2819 3675 2990 3742 ἕλεος
3012 3674 3110 3728 καὶ
3133 3674 3421 3744 ἀλήθειαν
3442 3674 3642 3744 ἀγαπᾷ

390 3767 484 3820 dia
504 3776 552 3820 et
575 3767 787 3837 clypeus
820 3767 1077 3828 Dominus
1119 3767 1294 3832 Deus;
1346 3767 1538 3839 quinta
1590 3783 1720 3823 vero
1765 3769 1965 3833 editio,

2071 3765 2286 3833 Κύριος
2326 3767 2359 3819 ό
2399 3765 2574 3831 Θεὸς,
2610 3765 2789 3835 χάριν
2816 3767 2914 3821 καὶ
2960 3767 3147 3832 δόξαν
3188 3765 3366 3822 δώσει
3405 3767 3641 3835 Κύριος.

394 3857 535 3924 Quia
561 3858 644 3912 sol
679 3867 731 3912 et
765 3868 1030 3928 protector
1074 3858 1333 3916 Dominus
1381 3858 1558 3923 Deus;
1607 3857 1969 3930 Symmachus

2084 3857 2228 3910 Ἀντὶ
2250 3857 2366 3924 τοῦ,
2399 3857 2526 3912 Ὅτι
2551 3858 2728 3920 ἔλεον
2756 3860 2854 3913 καὶ
2875 3859 3161 3927 ἀλήθειαν
3180 3859 3381 3929 ἀγαπᾷ
3408 3859 3646 3930 Κύριος,

393 3951 670 4014 similiter,
696 3950 838 4016 Quia
867 3950 969 4014 sol,
995 3951 1153 4008 dixit.
1178 3950 1305 4006 Ideo
1328 3966 1584 4022 namque,
1622 3951 1717 4016 ait,
1744 3967 1852 4010 una
1879 3952 1968 4014 illa

2078 3949 2100 4002 ὁ
2140 3950 2368 4014 Ἀκύλας
2400 3952 2594 4029 φησὶν,
2627 3953 2747 4005 ’Ότι
2782 3951 2956 4019 ἕλεος
2993 3953 3092 4010 καὶ
3125 3953 3334 4021 θυρεὸς
3364 3955 3582 4021 Κύριος
3617 3957 3653 4010 ό

391 4041 510 4098 dies
540 4043 782 4098 millibus
811 4043 1004 4102 melior
1026 4050 1130 4107 est,
1161 4044 1289 4114 quia
1314 4042 1579 4100 Dominus
1600 4043 1697 4099 Dei
1734 4045 1966 4099 Verbum

2079 4043 2216 4107 Θεός
2235 4059 2247 4072 ·
2285 4043 2379 4100 καὶ
2409 4045 2441 4120 ή
2472 4043 2696 4117 πέμπτη
2725 4044 2969 4110 ἐκδοσις,
3007 4047 3136 4101 Ὅτι
3181 4045 3352 4114 ἣλιος
3381 4045 3480 4100 καὶ
3510 4063 3654 4101 σκε-

393 4136 503 4191 diei
535 4135 682 4191 illius
730 4135 813 4191 sol
851 4141 957 4189 est.
1007 4132 1165 4188 llunc
1209 4149 1340 4188 vero
1374 4135 1544 4189 solem
1574 4136 1837 4206 propheta
1885 4135 1968 4194 his

2078 4132 2312 4202 παστὴς
2334 4136 2550 4203 Κύριος
2579 4139 2612 4190 d
2641 4137 2784 4201 Θεός
2803 4152 2815 4165 ·
2847 4135 2942 4188 καὶ
2971 4138 3000 4189 ὁ
3026 4135 3322 4210 Σύμμαχος
3350 4135 3407 4188 δὲ
3437 4135 3653 4202 τούτοις

391 4229 576 4285 verbis
608 4225 1014 4284 subindicavit:
1069 4225 1394 4281 Timentibus
1443 4237 1618 4283 autem
1653 4244 1731 4281 me
1772 4229 1966 4290 orietur

2074 4225 2414 4296 συμφώνως,
2448 4227 2576 4281 Ὅτι
2595 4227 2772 4296 ἥλιον
2807 4229 2904 4300 (1),
2939 4227 3330 4299 ὡνόμασε.Διὰ
3344 4227 3501 4281 τοῦτο
3516 4228 3649 4301 γὰρ,

391 4322 486 4389 Sol
519 4321 788 4391 justitiaa,
824 4329 872 4374 et
907 4317 1110 4374 medela
1142 4320 1198 4372 in
1225 4319 1325 4373 alis
1363 4319 1477 4388 ejus
1511 4319 1577 4374 ³⁸.
1620 4318 1756 4374 Eum
1794 4322 1966 4392 ipsum

2075 4316 2239 4386 φησιν
2258 4356 2272 4380 ,
2301 4316 2483 4388 ἐκείνη
2519 4319 2552 4389 ή
2589 4318 2689 4388 μία
2720 4317 2904 4390 ἡμέρα
2932 4319 3198 4390 κρείσσων
3225 4320 3341 4372 ἐστὶ
3371 4318 3650 4390 χιλιάδων,

387 4413 727 4485 signiﬁcabat
746 4411 840 4482 qui
869 4411 1008 4465 dixit
1033 4430 1046 4466 :
1080 4410 1150 4466 Et
1183 4409 1380 4466 occidet
1399 4411 1481 4465 sol
1505 4427 1661 4482 super
1690 4413 1962 4482 prophetas

2074 4410 2369 4482 ἐπειδήπερ
2417 4409 2576 4473 αὐτὸς
2613 4413 2640 4464 ὁ
2678 4409 2880 4481 Κύριος
2921 4412 2950 4463 ὁ
2989 4409 3081 4463 τοῦ
3117 4411 3250 4464 Θεοῦ
3283 4411 3454 4479 Λόγος
3499 4412 3649 4482 ἥλιος

387 4505 477 4574 qui
507 4521 688 4560 errare
740 4504 943 4574 faciunt
971 4503 1224 4573 populum
1268 4519 1438 4558 meum
1467 4503 1545 4571 ³⁹;
1576 4504 1836 4575 [apertius
1869 4521 1962 4560 au-

2076 4503 2329 4573 τυγχάνει
2364 4503 2463 4576 τῆς
2496 4504 2708 4575 ἡμέρας
2733 4503 2966 4576 ἐκείνης.
3021 4504 3220 4558 Τοῦτον
3243 4505 3301 4558 δὲ
3334 4507 3429 4559 καὶ
3459 4507 3487 4558 ὁ
3513 4522 3651 4576 προ-

386 4605 494 4650 tem
524 4597 717 4659 Isaias,
751 4595 873 4651 Non
904 4596 1004 4650 erit
1040 4593 1136 4648 tibi
1189 4595 1269 4654 sol
1299 4596 1351 4650 in
1379 4596 1544 4650 lucem
1579 4595 1716 4658 diei,
1760 4596 1961 4665 inquit1

2079 4593 2254 4664 φήτης
2285 4593 2374 4646 τὸν
2403 4579 2552 4662 ἥλιον
2579 4596 2822 4664 ᾐνίττετο
2849 4597 3054 4666 φήσας’
3115 4594 3241 4663 Τοῖς
3261 4594 3329 4648 δὲ
3356 4597 3652 4666 φοϐουμέ-

388 4686 477 4743 sed
505 4690 608 4742 erit
639 4690 734 4744 tibi
766 4688 1022 4744 Dominus
1049 4689 1145 4747 tua:
1179 4689 1520 4757 sempiterna,
1549 4697 1600 4746 et
1637 4687 1775 4743 Deus
1800 4689 1963 4761 gloria

2079 4699 2210 4749 νοις
2217 4700 2295 4752 με
2309 4685 2490 4738 arare
2501 4684 2800 4750 Ἵιλεῖλιος
2823 4683 3211 4753 δικαιοσύνης
3226 4725 3240 4748 ,
3267 4686 3366 4742 καὶ
3397 4686 3558 4751 ἴασις
3580 4687 3654 4739 ἐν

389 4789 482 4833 tua
501 4780 569 4835 θ.
605 4779 740 4834 Cum
767 4782 892 4840 talis
926 4781 1009 4836 sol
1035 4779 1298 4836 Dominus
1329 4782 1443 4848 sit,
1485 4781 1718 4861 gratiam
1763 4788 1818 4836 et
1852 4781 1964 4851 glo-

2080 4775 2205 4842 ταῖς
2233 4775 2518 4862 πτέρυξιν·
2549 4775 2755 4830 αὐτοῦ.
2785 4777 2888 4831 Τὸν
2913 4775 3074 4830 αὑτὸν
3093 4776 3150 4831 δὲ
3181 4776 3365 4848 ἐδήλου
3395 4777 3491 4831 καὶ
3521 4779 3548 4830 ὁ
3583 4780 3655 4830 εξ-

387 4873 525 4928 riam
576 4887 641 4927 ac
681 4873 846 4928 etiam
879 4873 1012 4943 quid
1053 4875 1405 4944 praestantius
1433 4881 1488 4928 et
1521 4873 1746 4937 melius,
1802 4879 1969 4943 atque
2077 4865 2213 4920 πών·
2239 4867 2350 4923 Καὶ
2371 4867 2618 4922 δύσεται
2637 4869 2882 4945 ὁἭλιος
2900 4869 2997 4922 ἐπὶ
3016 4869 3157 4936 τοὺς
3176 4869 3483 4938 προφήτας
3508 4871 3655 4937 τοὺς

387 4963 660 5022 ineﬁ'abile
713 4973 769 5022 et
821 4964 1164 5024 reconditum
1201 4965 1404 5027 bonum
1437 4965 1588 5020 dabit
1637 4964 1704 5020 iis
1735 4965 1828 5034 qui
1857 4980 1962 5018 am-

2077 4959 2432 5026 πλανῶντας
2453 4961 2557 5014 τὸν
2570 4963 2723 5016 λαόν
2738 4980 2857 5031 μου
2872 4979 2884 4990 ·
2910 4979 2977 5030 γυ
2985 4963 3237 5033 μνότερον
3256 4963 3313 5016 δὲ
3344 4965 3371 5016 ὁ
3399 4963 3649 5026 Ἡσαΐας,

385 5057 578 5112 bulant
606 5057 660 5110 in
696 5056 1046 5124 innocentia;
1077 5057 1206 5112 sive
1247 5055 1547 5112 secundum
1589 5054 1960 5126 Symmachun‘

2074 5055 2194 5107 Οὐκ
2225 5053 2394 5106 ἐσται
2414 5069 2513 5107 σοι
2542 5056 2575 5107 ό
2605 5053 2776 5124 ἣλιος
2802 5057 2885 5121 εὶς
2910 5053 3034 5124 φῶς
3062 5054 3169 5124 τῆς
3195 5056 3439 5126 ἡμέρας,
3463 5058 3649 5127 φησιν,

387 5148 577 5220 (Vens.
605 5150 711 5219 15),
737 5150 803 5205 iis
834 5150 922 5220 qui
956 5149 1231 5206 ambulant
1267 5150 1322 5211 in
1344 5149 1682 5220 perfectione.
1727 5147 1857 5203 Ideo
1887 5146 1962 5203 di-

2076 5146 2214 5208 ἀλλ’
2249 5145 2421 5199 ἔσται
2459 5161 2557 5200 σοι
2597 5148 2815 5215 Κύριος
2845 5145 2970 5217 φῶς
3003 5147 3274 5215 αἰώνιον,
3308 5148 3404 5201 καὶ
3440 5151 3472 5202 ὁ
3505 5149 3651 5217 Θεὸς

387 5239 490 5294 etis
536 5238 694 5294 ﬁdem
731 5238 966 5304 habens,
1025 5253 1092 5295 ac
1130 5239 1302 5310 probe
1345 5255 1644 5311 persuasus
1700 5253 1826 5294 vera
1883 5237 1962 5292 illa

2075 5237 2225 5303 δόξα
2251 5255 2388 5292 σου.
2419 5237 2667 5302 Τοιοῦτος
2689 5239 2745 5292 δὲ
2769 5238 2916 5310 ἥλιος
2948 5239 3021 5292 ῶν
3051 5241 3079 5292 ὁ
3107 5239 3329 5311 Κύριος,
3363 5241 3522 5312 χάριν
3554 5243 3649 5296 καὶ

385 5346 529 5396 esse,
550 5333 630 5386 sic
653 5346 961 5388 sermonem
977 5333 1174 5389 claudo
1197 5352 1211 5387 :
1249 5331 1474 5390 Domine
1491 5333 1766 5396 virtutum,
1789 5330 1960 5386 beatus

2077 5329 2232 5397 δόξαν
2267 5330 2360 5383 καὶ
2389 5330 2471 5384 ἔτι
2510 5330 2699 5402 μεῖζον
2733 5332 2826 5384 καὶ
2858 5334 3103 5401 κρεῖττον
3126 5373 3140 5399 ,
3177 5333 3412 5405 ἄρρητον
3445 5350 3507 5387 τε
3553 5335 3651 5387 καὶ

387 5422 538 5483 Immo
563 5424 656 5493 qui
681 5434 856 5494 sperat
889 5425 944 5478 in
980 5434 1048 5479 te.
1084 5423 1218 5480 Nam
1268 5425 1315 5480 si
1359 5423 1483 5494 quis
1515 5424 1676 5479 aliter
1714 5438 1744 5477 a
1788 5423 1962 5478 multis

2077 5423 2386 5496 ἀπόρρητον
2427 5423 2629 5493 ἀγαθὸν
2671 5423 2829 5478 δώσει
2862 5428 2972 5490 τοῖς
3006 5426 3390 5497 πορευομένοις
3417 5427 3474 5480 ἐν
3507 5427 3645 5480 ἀκα-

386 5514 580 5578 beatus
612 5515 837 5585 dicitur;
878 5517 984 5588 ipsi
1006 5531 1139 5573 sane
1176 5515 1314 5572 falsa
1343 5515 1622 5572 beatitudo
1656 5515 1961 5572 ascribitur.

2080 5517 2200 5589 κίᾳ·
2237 5518 2269 5588 ἢ
2305 5517 2444 5572 κατὰ
2475 5516 2566 5571 τὸν
2598 5516 2910 5591 Σύμμαχον,
2952 5518 3078 5588 Τοῖς
3102 5518 3421 5578 ὁδεύουσιν
3455 5518 3528 5579 ἐν
3559 5534 3647 5578 rev

465 5671 512 5704 ⁸⁸
551 5670 782 5727 Malach.
817 5688 892 5735 iv,
923 5671 980 5726 2.
1059 5672 1104 5705 ³⁸
1143 5670 1311 5727 Mich.
1345 5686 1445 5736 ιιι,
1483 5672 1536 5729 6.
1613 5673 1656 5705 ⁸ο
1699 5673 1802 5728 lsa.
1844 5687 1947 5734 ιτ,
1989 5671 2071 5725 19.

472 5788 548 5864 (l)
591 5785 730 5841 Vera
762 5788 922 5844 lectio
951 5797 1033 5845 est
1065 5789 1274 5854 Ἥλιος,
1305 5795 1478 5860 arma.
