3988 6204
218 371 350 429 1οη

1303 367 1804 432 ϐΟΜΜΕΝΤΑΡιΙΑ
1841 368 1907 424 ΙΝ
1946 369 2285 427 PSALMOS.

3345 377 3475 434 ἰθίὸ

215 495 493 563 λειότητι.
546 492 644 546 Διά
683 492 840 546 τοῦτο
872 492 1141 546 πιστεύων
1171 493 1284 554 τοῖς
1311 491 1622 563 εἰρημένοις
1644 532 1658 557 ,
1701 491 1788 546 καὶ

1901 491 2029 556 Sed,
2055 502 2115 548 ut
2135 506 2264 548 vere
2297 490 2535 557 dicatur,
2567 493 2720 549 solus
2751 493 2842 548 ille
2866 493 3059 550 beatus
3084 494 3171 549 cui
3197 510 3362 566 supra
3385 498 3471 552 di-

217 586 456 659 ἀκριὸῶς
480 587 716 656 ἐμαυτὸν
741 586 935 650 πείσας
959 584 1179 656 ἀληθεῖς
1205 579 1344 637 εἶναι
1372 585 1500 647 τοὺς
1526 583 1654 652 περὶ
1679 584 1796 639 τού-

213 697 322 732 των
368 679 558 748 λόγους
577 718 592 743 ,
628 678 780 743 τέλος
813 678 906 732 τοῦ
958 676 1159 740 παντὸς
1190 676 1350 745 λόγου
1385 677 1553 748 φημί·
1615 677 1806 744 Κύριε,

215 769 336 824 τῶν
366 770 675 839 δυνάμεων
698 811 713 836 ,
748 768 1041 840 μακάριος
1081 771 1114 821 ὀ
1151 766 1460 837 ἅνθρωπος
1485 770 1518 821 ό
1542 766 1794 827 ἐλπίζων

212 864 313 918 ἐπὶ
339 864 432 918 σέ.
478 865 594 928 Πᾶς
622 863 730 934 γὰρ
757 865 784 915 ό
809 861 982 924 ἄλλως
1007 860 1158 934 παρά
1189 864 1301 925 τοῖς
1326 859 1539 923 πολλοῖς
1567 876 1795 931 μακαρι-

213 955 439 1029 ζόμενος
468 956 896 1028 πεπλανημένως
920 955 985 1010 ἂν
1019 955 1393 1027 μακαρίζοιτο.
1431 954 1607 1018 Μόνος
1637 953 1715 1019 δὲ,
1744 954 1792 1005 εί

213 1049 318 1122 χρὴ
353 1049 555 1121 τάληθῆ
601 1050 796 1120 φάναι,
835 1049 1105 1121 μακάριος
1137 1047 1226 1102 διὰ
1267 1047 1336 1101 τὰ
1366 1046 1790 1119 προλελεγμένα,

209 1140 286 1202 ὡς
319 1139 385 1193 ἂν
414 1139 631 1192 πάντων
663 1139 768 1203 τῶν
800 1139 1021 1208 ἀγαθῶν
1049 1136 1302 1210 ἐμπλεος,
1335 1137 1363 1190 ὅ
1392 1153 1472 1189 σοι
1503 1135 1648 1208 μόνῳ
1676 1137 1795 1189 ἐαυο

209 1230 299 1292 τὸν
330 1230 670 1301 ἀναρτήσας,
705 1231 801 1284 καὶ
842 1230 1023 1294 πάσας
1063 1228 1256 1285 ἐαυτοῦ
1290 1227 1391 1290 τὰς
1423 1225 1644 1289 ἐλπίδας
1673 1228 1793 1290 ταῖς

212 1322 362 1395 παρά
385 1323 468 1375 σοὶ
492 1321 847 1390 ἐπαγγελίαις
873 1321 1110 1386 ἀναθείς.
1165 1319 1304 1391 Ἤδη
1335 1319 1391 1372 δὲ
1422 1318 1602 1390 τρίτον
1629 1318 1687 1370 ἐν
1715 1317 1794 1388 τῷ

211 1414 436 1488 παρόντι
457 1413 658 1485 ψαλμῷ
686 1414 994 1485 μακαρίσας
1013 1415 1042 1467 ὁ
1062 1413 1220 1482 λόγος
1239 1413 1366 1477 τοὺς
1385 1413 1410 1464 ἐ
1418 1410 1794 1484 μφερομένους

209 1505 266 1557 ἐν
298 1501 468 1574 αὐτῷ,
495 1502 747 1572 οὐδαμῶς
775 1503 870 1556 τοῦ
899 1503 1168 1557 Ἰουδαίων
1181 1500 1526 1568 ἐθνους,ἷοὺδέ
1557 1499 1648 1554 τοῦ
1694 1501 1794 1553 Ἰσ-

212 1597 349 1670 ραὴλ
381 1595 806 1668 ἐμνημόνευσεν,
839 1596 960 1650 οὐδὲ
983 1596 1108 1660 τοὺς
1142 1595 1212 1649 τά
1228 1595 1508 1658 Μωῦσέως
1525 1594 1594 1648 δι’
1617 1593 1794 1665 ἔργων

205 1686 660 1759 ἀποπληροῦντας
686 1688 1022 1759 ἐμακάρισεν
1042 1705 1057 1720 ο
1093 1686 1231 1742 ἀλλά
1257 1687 1474 1756 πρῶτον
1498 1686 1597 1757 μὲν
1628 1686 1793 1740 καθό-

203 1782 300 1834 λου
321 1783 447 1846 τοὺς
475 1781 864 1847 κατοικοῦντας
887 1784 944 1836 ἐν
969 1781 1046 1853 τῷ
1072 1781 1205 1855 οίκῳ
1227 1779 1317 1834 τοῦ
1339 1778 1472 1833 Θεοῦ
1488 1795 1503 1810 ο
1540 1779 1793 1851 δεύτερον

205 1877 386 1930 πάντα
419 1875 588 1947 ἀνδρα
615 1867 676 1928 οὗ
708 1876 855 1929 ἐστιν
882 1873 1164 1944 ἀντίληψις
1190 1871 1336 1943 αὑτῷ
1369 1869 1522 1944 παρά
1547 1873 1752 1941 Κυρίου
1775 1888 1788 1902 ·

1893 597 1981 641 cta
2022 593 2374 657 competunt,
2426 587 2696 658 siquidem
2751 588 2869 658 ipse
2917 589 3173 645 omnibus
3230 589 3472 660 repletur
3573 577 3576 581 ’

1893 675 2076 739 bonis,
2095 676 2189 746 qui
2221 691 2343 732 sese
2372 676 2468 731 tibi
2495 676 2597 732 soli
2617 677 2979 741 concredidit,
3013 686 3294 749 totamque
3318 695 3470 750 spem

1894 768 1951 822 in
1980 768 2266 837 promissis
2304 768 2415 824 tuis
2444 769 2718 839 deposuit.
2748 769 2887 825 Cum
2940 786 3101 841 porro
3132 771 3186 825 in
3217 772 3471 840 praesenti

1895 858 2105 927 psalmo
2134 857 2247 928 jam
2285 861 2446 915 tertio
2479 861 2622 916 beati
2655 862 2933 932 praedicati
2959 861 3160 918 fuerint
3190 863 3225 917 ii
3260 863 3327 918 de
3348 862 3474 933 qui-

1893 951 1997 1006 bus
2026 966 2227 1017 sermo,
2258 953 2407 1007 nulla
2441 951 2683 1010 Judaicae
2723 957 2901 1026 gentis
2932 957 3016 1012 vel
3061 954 3278 1010 lsraelis
3328 956 3470 1010 facta

1893 1043 2101 1098 mentio
2131 1052 2248 1110 est;
2292 1060 2472 1115 neque
2499 1045 2663 1100 etiam
2697 1062 2793 1102 eos
2823 1047 2918 1117 qui
2967 1057 3239 1118 praecepta
3270 1047 3475 1118 Moysis

1891 1136 2137 1191 exsecuti
2175 1144 2303 1193 sunt
2326 1137 2514 1194 beatos
2544 1139 2898 1209 praedicavit:
2943 1139 3039 1195 sed
3074 1141 3252 1210 primo
3304 1155 3470 1210 gene-

1895 1227 2054 1281 ratim
2082 1242 2178 1284 eos
2206 1229 2299 1299 qui
2331 1229 2582 1286 habitant
2625 1232 2682 1286 in
2717 1231 2880 1287 domo
2909 1231 3003 1287 Dei
3028 1248 3044 1299 ;
3080 1231 3325 1287 secundo
3354 1246 3474 1285 om-

1895 1333 2017 1373 nem
2051 1319 2327 1377 hominem
2357 1323 2444 1378 cui
2479 1330 2563 1378 est
2594 1325 2860 1379 auxilium
2900 1339 2931 1379 a
2961 1324 3227 1391 Domino;
3279 1338 3343 1378 ac
3376 1322 3474 1379 de-

1895 1426 2044 1465 mum
2074 1412 2130 1466 in
2159 1412 2266 1469 tine
2305 1417 2599 1483 sermonis,
2629 1417 2914 1473 indeﬁnite
2951 1425 3005 1473 et
3031 1418 3330 1489 generatim
3357 1433 3474 1473 om-

1895 1520 2018 1559 nem
2054 1505 2331 1562 hominem
2372 1509 2427 1563 in
2463 1509 2752 1566 Dominum
2798 1520 3132 1581 sperantem.
3164 1511 3298 1567 Nam
3345 1527 3471 1566 cum

1895 1595 2079 1653 futura
2125 1597 2219 1654 Dei
2266 1603 2556 1671 praesentia
2621 1611 2676 1660 et
2729 1604 2936 1661 Christi
2969 1604 3038 1659 ad
3092 1606 3343 1660 homines
3371 1605 3470 1657 ad-

1893 1700 2091 1746 ventus
2121 1695 2547 1750 annuntiaretur
2569 1736 2584 1761 ,
2618 1713 2730 1752 non
2755 1695 2959 1755 Iudaeis
2981 1706 3217 1764 tantum,
3246 1699 3342 1753 sed
3361 1713 3474 1753 om-

1895 1782 2056 1838 nibus
2084 1784 2249 1839 etiam
2285 1786 2604 1844 hominibus
2637 1788 3005 1847 beatitudines
3038 1791 3182 1859 illas,
3208 1807 3330 1862 qua:
3379 1805 3474 1860 pe-

1893 1890 1993 1931 nes
2023 1875 2194 1933 Deum
2224 1887 2374 1946 sunt,
2404 1882 2720 1936 annuntiari
2751 1888 3015 1954 oportuit.

202 1971 304 2039 καὶ
337 1972 428 2024 ἐπὶ
459 1971 603 2025 τέλει
639 1971 732 2024 τοῦ
802 1970 1002 2033 παντὸς
1053 1969 1214 2037 λόγου
1279 1967 1546 2040 ἀορίστως
1608 1968 1703 2020 καὶ
1740 1968 2045 2037 καθολικῶς
2090 1975 2266 2029 πάντα
2317 1976 2605 2049 ἄνθρωπον
2649 1979 2742 2032 τὸν
2783 1978 3072 2044 ἐλπίζοντα
3115 1979 3207 2033 ἐπὶ
3245 1979 3469 2050 Κύριον.

201 2063 360 2134 Χρῆν
401 2064 508 2137 γὰρ
550 2065 870 2134 ἐπιφανείας
909 2064 1042 2118 Θεοῦ
1079 2065 1174 2118 καὶ
1212 2063 1446 2137 Χριστοῦ
1490 2063 1789 2132 παρουσίας
1827 2067 1906 2130 είς
1937 2067 2257 2141 ἀνθρώπους
2316 2073 2827 2148 καταγγελλομένης
2865 2074 2939 2147 μὴ
2981 2075 3249 2139 Ἰουδαίοις
3291 2076 3450 2146 μόνον

201 2156 341 2210 ἀλλὰ
371 2160 466 2211 καὶ
493 2161 626 2212 πᾶσι
650 2161 762 2226 τοῖς
789 2157 1095 2230 ἀνθρώποις
1123 2159 1249 2222 τοὺς
1276 2158 1424 2230 παρά
1443 2158 1521 2230 τῷ
1542 2157 1662 2230 Θεῷ
1686 2164 2071 2234 μακαρισμοὺς
2100 2166 2573 2238 ἀναγγελίζεσθαι.

239 2318 349 2370 ΕΙΣ
384 2319 625 2387 ΤΕΛΟΣ,
658 2317 812 2373 ΤΟΙΣ
844 2319 1027 2374 ΥῙΟΙΣ
1059 2317 1244 2374 ΚΟΡΕ
1278 2321 1594 2374 ΨΑΛΜΟΣ.
1632 2320 1755 2373 UA'.

1900 2328 1952 2385 1.
1990 2327 2060 2386 IN
2096 2329 2326 2397 FINEM,
2368 2331 2572 2388 FILIIS
2598 2332 2784 2390 CORE
2822 2331 3472 2391 PSALMUS.LXSXIV.

272 2477 664 2546 Εὐδόχησας,
690 2478 896 2547 Κύριε,
931 2475 1047 2544 τὴν·
1078 2473 1198 2546 γῆν
1225 2488 1342 2529 σου
1361 2515 1377 2539 ,
1406 2472 1792 2542 ἀπέστρεψας

197 2569 318 2638 τὴν
349 2570 772 2639 αἰχμαλωσίαν
810 2567 1025 2623 Ἰακώϐ.
1081 2551 1412 2630 Ἃκολούθως
1436 2564 1514 2637 τῷ
1541 2566 1646 2634 πρὸ
1677 2565 1795 2618 τού-

195 2680 294 2716 του
328 2662 530 2734 ψαλμῷ
565 2662 703 2734 μετά
743 2660 840 2733 τὴν
870 2665 927 2715 ἐν
954 2660 1149 2732 ἐκείνῳ
1183 2659 1568 2714 θεσπισθεῖσαν
1600 2659 1795 2728 θεοφά-

196 2773 351 2810 νειαν
379 2755 436 2808 ἐν
458 2753 536 2826 τῷ
559 2754 694 2825 μετὰ
721 2756 908 2826 χεῖρας
930 2753 1118 2808 κακῶν
1142 2752 1435 2823 ἀπαλλαγὴ
1463 2750 1794 2823 προφητεύε-

194 2867 315 2914 ται,
353 2848 448 2903 καὶ
479 2847 748 2919 λύτρωσις
779 2846 877 2918 μὲν
910 2845 1286 2918 αἰχμαλωσίας
1311 2884 1326 2909 ,
1361 2843 1708 2916 συγχώρησις
1735 2843 1792 2896 δὲ

194 2943 300 3011 καὶ
325 2941 520 3009 ἄφεσις
545 2939 980 3009 ἁμαρτημάτων.
1034 2939 1235 2991 Εἵπετο
1264 2936 1372 3008 γὰρ
1402 2935 1572 2990 ταῦτα
1596 2938 1662 3007 τῇ
1696 2933 1790 2990 τοῦ

193 3033 340 3088 Θεοῦ
369 3033 449 3095 είς
478 3028 798 3102 ἀνθρώπους
831 3030 1104 3103 παρουσίᾳ
1129 3071 1144 3095 ,
1177 3031 1272 3084 καὶ
1302 3032 1412 3093 τοῖς
1441 3029 1648 3093 λοιποῖς
1677 3031 1791 3094 τοῖς

191 3124 294 3184 ἐπὶ
323 3121 403 3192 τῷ
435 3121 540 3192 πρὸ
561 3120 750 3174 τούτου
777 3106 974 3193 ψαλμῷ
1001 3119 1408 3192 δεδηλωμένοις.
1444 3119 1657 3190 Ἐπειδὴ
1681 3119 1791 3189 γὰρ

193 3217 258 3268 ἐν
313 3213 509 3285 ἐκείνῳ
562 3212 897 3285 σκηνώματα
937 3212 1072 3266 Θεοῦ
1115 3214 1342 3266 πλεῖστα
1373 3213 1466 3267 καὶ
1505 3212 1664 3266 αὐλαὶ
1695 3213 1791 3266 καὶ

193 3306 564 3376 θυσιαστήρια
589 3304 682 3357 ἐπὶ
707 3304 804 3374 τῆς
825 3303 930 3374 γῆς
949 3302 1264 3368 ἐθεσπίζετο
1288 3301 1671 3375 συστήσεσθαι,
1696 3300 1789 3356 καὶ

191 3397 257 3450 τὸ
286 3395 500 3448 τούτων
531 3393 702 3448 αἴτιον
733 3393 863 3458 Θεὸς
892 3389 961 3465 ἦν
988 3394 1196 3466 μέλλων
1233 3396 1326 3449 ἐπὶ
1353 3396 1455 3468 γῆς
1481 3395 1786 3466 φαίνεσθαι,

190 3488 291 3554 καὶ
309 3486 573 3557 ὀνομαστὶ
587 3486 823 3556 Χριστὸς
841 3481 908 3557 ἦν
925 3485 1369 3558 ἐπιωεπὸμενοςν
1392 3487 1609 3558 ἐλέγετο
1626 3487 1754 3556 γοῦν
1771 3505 1784 3518 ο

205 3576 575 3648 Ὀφθήσεται
602 3578 636 3631 ὀ
659 3577 803 3646 Θεὸς
824 3577 943 3632 τῶν
979 3576 1132 3633 θεῶν
1158 3579 1229 3633 ἐν
1258 3579 1409 3633 Σιών
1426 3597 1439 3610 ’
1469 3581 1561 3633 καὶ
1588 3579 1746 3634 πάλιν
1768 3597 1782 3610 ”

205 3639 546 3740 Ἐπίερέανον
584 3670 683 3724 ἐπὶ
837 3671 1163 3738 πρόσωπον
1193 3672 1298 3726 τοῦ
1339 3671 1596 3742 Χριστοῦ
1633 3689 1780 3727 σουτ
1813 3639 1858 3702 C

194 3763 428 3826 εἰκότως
459 3763 517 3816 ἐν
551 3761 628 3833 τῷ
667 3762 1016 3835 προκειμένῳ
1041 3762 1242 3834 ψαλμῷ
1271 3763 1340 3827 τά
1377 3764 1637 3834 μέλλοντα
1666 3764 1784 3818 ἐσε-

194 3855 325 3910 σθαι
356 3854 478 3908 καθ’
507 3855 634 3925 ὅλης
661 3855 762 3926 τῆς
797 3854 906 3908 τῶν
936 3853 1239 3927 ἀνθρώπων
1261 3855 1586 3927 οἰκουμένης
1617 3873 1784 3928 προασγ

190 3949 548 4018 ναφωνείται.
587 3948 654 3999 "A
679 3946 743 4018 δὴ
780 3947 875 4000 καὶ
905 3947 1260 4020 πεπλήρωται
1292 3947 1385 4006 ἐπὶ
1422 3949 1518 4020 τῆς
1543 3947 1637 4001 τοῦ
1664 3949 1782 4005 Σωτ

186 4038 368 4110 τῆρος
399 4037 558 4109 ήμῶν
585 4038 908 4108 παρουσίας,
931 4039 1052 4092 καθ’
1071 4038 1139 4110 ἢν
1165 4039 1455 4111 εὐδόκησεν
1479 4041 1508 4094 ὁ
1527 4039 1660 4104 Θεὸς
1685 4057 1784 4094 κα-

185 4129 478 4194 ταξιώσας
514 4129 683 4198 αὐτὴν
725 4129 822 4200 τῆς
859 4131 1164 4196 ἐπιϐάσεως
1202 4131 1296 4185 τοῦ
1324 4131 1559 4204 Χριστοῦ
1593 4131 1780 4191 αὐτοῦ.

185 4220 381 4274 Πάλαι
413 4217 508 4288 μὲν
535 4216 642 4288 γὰρ
669 4217 853 4288 εἴρητο
879 4217 955 4288 τῷ
989 4217 1424 4290 πρωτοπλάστῳο
1460 4218 1551 4287 Γῆ
1577 4219 1651 4283 εἷ,
1684 4218 1782 4272 καὶ

183 4314 280 4376 εἰς
303 4307 425 4379 γῆν
444 4307 774 4379 ἀπελεύσῃ,
798 4309 910 4374 καὶ,
940 4309 1455 4379 Ἐπικατάρατος-ἠ
1479 4309 1554 4381 γῆ
1571 4309 1640 4364 ἐν
1659 4308 1784 4375 τοῖς

183 4402 398 4470 ἔργοις
423 4413 540 4453 σου
560 4414 574 4427 ·
633 4400 726 4456 καὶ
753 4397 909 4461 ἄλλος
941 4397 1234 4468 προφητῶν
1268 4397 1451 4466 ἔλεγεν
1473 4415 1485 4426 ·
1528 4398 1656 4466 Ἀρὰ
1685 4395 1784 4450 καὶ

184 4492 390 4560 φόνος
428 4488 526 4541 καὶ
555 4486 816 4556 ψεῦδος,
847 4486 944 4540 καὶ
977 4485 1176 4554 κλοπὴ
1205 4486 1301 4540 καὶ
1334 4487 1574 4555 μοιχεία
1602 4486 1781 4556 κέχυ-

183 4599 286 4635 ται
317 4578 422 4632 ἐπὶ
453 4577 564 4645 τῆς
596 4576 742 4647 γῆς’
795 4575 893 4630 καὶ
929 4577 1147 4646 αἵματα
1171 4577 1261 4646 ἐφ’
1294 4578 1505 4646 αἵμασι
1528 4578 1783 4647 μίσγου-

183 4688 296 4726 σιν
319 4688 332 4699 ·
385 4670 470 4733 Ὠς
497 4669 552 4722 δὲ
581 4669 840 4740 ἐπεδήμει
871 4672 937 4740 τῇ
964 4672 1034 4742 γῇ
1069 4669 1098 4721 ὁ
1124 4669 1250 4732 Υίὸς
1273 4669 1365 4722 τοῦ
1395 4669 1559 4736 Θεοῦ,
1598 4670 1691 4723 καὶ
1721 4671 1784 4724 τὸ

180 4763 299 4820 ἀπὸ
332 4760 442 4831 γῆς
470 4760 627 4832 σῶμα
653 4750 992 4832 ἀνελάμϐανε
1015 4778 1027 4791 '
1069 4761 1338 4833 μεταϐολὴ
1368 4762 1650 4835 προτέρων
1679 4762 1786 4831 ἐγί-

183 4874 354 4928 γνετο
379 4854 563 4909 κακῶν
583 4895 596 4920 ,
624 4855 716 4922 καὶ
744 4854 804 4907 τὸ
835 4856 943 4908 πᾶν
975 4854 1075 4926 τῆς
1101 4855 1203 4926 γῆς
1227 4858 1487 4924 στοιχεῖον
1527 4855 1648 4908 ἀντὶ
1686 4855 1784 4926 τῆς

183 4949 469 5024 προτέρας
498 4948 636 5020 ἀρᾶς
665 4945 915 5015 εὐλογίας
948 4931 1082 5000 Θεοῦ
1116 4945 1550 5017 μετελάμϐανεν,
1587 4945 1785 5016 ἐκκλη-

183 5041 306 5096 σίαι
349 5055 414 5092 τε
453 5040 549 5092 καὶ
590 5033 726 5091 οἶκοι
771 5036 850 5108 τῷ
884 5035 1002 5108 Θεῷ
1035 5038 1454 5109 προσευκτήριοι
1501 5035 1621 5089 καθ’
1653 5035 1781 5108 ὅλης

178 5131 287 5202 τῆς
314 5129 643 5201 οἰκουμένης
683 5129 1016 5185 συνίσταντο.
1087 5130 1178 5184 Διὸ
1214 5129 1309 5184 νῦν
1359 5130 1458 5202 μὲν
1496 5129 1776 5184 λέλεκταιο

180 5223 554 5290 Εὑδόκησας
574 5211 793 5290 ,Κύριε
816 5263 831 5288 ,
877 5221 991 5291 τὴν
1024 5222 1144 5292 γῆν
1170 5237 1287 5277 σου
1311 5241 1324 5254 ο
1365 5226 1422 5277 ἐν
1455 5223 1669 5295 ἑτέροις
1699 5223 1776 5290 δὲ,

181 5316 412 5385 Κύριος
437 5313 864 5377 ἐϐασίλευσεν,
897 5314 1329 5383 ἀγαλλιάσεται
1355 5316 1393 5383 ἠ
1420 5313 1495 5383 γῆ
1509 5354 1524 5380 ,
1559 5316 1652 5368 καὶ
1677 5315 1780 5369 πά-

179 5410 266 5464 λιν
287 5425 301 5438 °
335 5409 564 5476 ’ᾼσατε
585 5403 665 5471 τῷ
690 5405 887 5474 Κυρίῳ
913 5404 1080 5461 πᾶσα
1104 5409 1141 5475 ἠ
1167 5406 1260 5477 γῆ.
1299 5407 1536 5470 Εἰκότως
1560 5401 1654 5460 οὖν
1685 5407 1778 5460 καὶ

180 5501 358 5556 αὐτοῦ
395 5498 643 5553 λέλεκται
675 5496 768 5552 τοῦ
798 5498 1002 5570 Κυρίου
1029 5501 1062 5569 ή
1093 5501 1164 5570 γῆ
1188 5544 1196 5560 ,
1223 5498 1366 5552 κατὰ
1390 5499 1450 5552 τὸ
1470 5539 1484 5563 ,
1511 5497 1779 5566 Εὺδόκηο

180 5611 328 5660 σας,
347 5590 548 5658 Κύριε,
567 5591 681 5658 τὴν
697 5589 816 5660 γῆν
830 5605 966 5646 σου.
989 5592 1063 5644 Οὐ
1089 5591 1246 5661 μόνον
1267 5589 1373 5660 γὰρ
1390 5590 1593 5659 κτίσμα
1612 5589 1776 5642 αὐτοῦ

183 5686 281 5739 καὶ
304 5682 544 5753 ποίημα,
570 5682 705 5736 ἀλλά
727 5682 820 5736 καὶ
845 5682 1032 5753 κτῆμα
1054 5681 1244 5751 γέγονε
1263 5682 1350 5738 διά
1366 5682 1433 5737 τά
1456 5682 1773 5753 λελεγμένα.

296 5839 353 5914 ’⁵⁸η
387 5835 520 5894 Gcn.
555 5853 648 5907 ιιι,
684 5838 768 5895 19.
848 5839 892 5872 ’⁵³
931 5837 1067 5894 ibid.
1107 5838 1189 5893 l7.
1268 5839 1312 5873 "
1350 5837 1478 5896 Ose.
1517 5855 1589 5912 tv,
1620 5839 1674 5895 2,
1752 5838 1788 5872 si

1891 5839 1979 5897 sal.
2011 5855 2209 5900 Lxxnv
2227 5879 2243 5911 ,
2277 5838 2334 5897 ε’..

1968 2462 2137 2523 Vrsas.
2168 2466 2224 2523 2.
2258 2467 2608 2534 Benedixisti,
2636 2468 2882 2533 Domine,
2905 2478 3101 2523 terram
3124 2451 3292 2532 tuam,
3325 2481 3475 2520 aver-

1898 2558 2012 2610 tisti
2043 2560 2400 2628 captivitatem
2455 2559 2643 2616 Iacob.
2707 2559 3001 2630 Postquam
3041 2560 3097 2614 in
3147 2556 3474 2629 praecedenti

1897 2648 2111 2718 psalmo
2143 2649 2242 2705 Dei
2275 2650 2542 2706 adventus
2574 2651 2975 2720 praenuntiatus
3005 2647 3233 2718 fuerat,
3276 2662 3472 2702 conse-

1896 2751 2132 2811 quenter
2155 2741 2211 2796 in
2254 2741 2359 2798 hoc
2385 2743 2596 2813 ereptio
2631 2758 2661 2796 a
2692 2741 2871 2806 malis,
2899 2755 3114 2796 necnon
3138 2739 3474 2810 captivitatis

1895 2833 2279 2899 solutio,venia
2294 2851 2510 2906 quoque
2526 2844 2579 2891 et
2601 2836 2851 2891 remissio
2869 2842 3216 2906 peccatorum
3233 2831 3478 2902 praedici-

1893 2932 2003 2980 tur.
2034 2923 2160 2981 Haec
2183 2926 2384 2996 quippe
2404 2927 2588 2981 omnia
2613 2927 2704 2982 Dei
2721 2927 2789 2981 ad
2811 2926 3058 2982 homines
3089 2924 3384 2979 adventum
3418 2931 3474 2978 et

1893 3015 2102 3085 reliqua
2120 3016 2172 3070 in
2191 3015 2458 3086 superiori
2487 3017 2698 3087 psalmo
2727 3017 3008 3072 enuntiata
3060 3013 3473 3086 subsequeban-

1893 3113 2002 3158 tur.
2030 3104 2165 3172 Quia
2189 3105 2334 3160 enim
2359 3106 2415 3160 in
2437 3105 2529 3162 illo
2551 3107 2722 3161 multa
2748 3107 2844 3162 Dei
2868 3094 3386 3172 tabernacula,atria
3417 3113 3472 3161 et

1893 3196 2084 3250 altaria
2101 3195 2158 3251 in
2188 3205 2336 3256 terra
2363 3197 2746 3253 constituenda
2768 3213 2891 3254 esse
2911 3196 3229 3268 praadictum
3257 3196 3469 3264 fuerat;

1893 3285 2197 3357 horumque
2227 3295 2423 3342 auctor
2457 3286 2601 3345 Deus
2629 3296 2748 3343 erat
2771 3287 2839 3343 ad
2887 3288 3135 3344 homines
3164 3295 3426 3344 venturus
3453 3326 3468 3352 ,

1893 3394 1957 3433 ac
1986 3381 2312 3446 nominatim
2335 3379 2591 3436 Christus
2613 3381 2705 3436 hic
2736 3380 3186 3451 conspiciendus,
3217 3379 3362 3434 unde
3386 3379 3469 3434 dio

1891 3473 2143 3539 cebatur,
2165 3472 2440 3528 Videbitur
2460 3473 2600 3529 Deus
2622 3474 2840 3529 deorum
2868 3476 2921 3529 in
2951 3472 3122 3540 Sion;
3157 3488 3222 3528 ac
3249 3489 3466 3538 rursus,

1891 3565 2101 3635 Appare
2161 3565 2230 3625 ad
2275 3566 2465 3636 [aciem
2516 3565 2719 3622 Christi
2773 3565 2846 3620 tui
2878 3581 2898 3620 :
2925 3565 3051 3636 jure
3096 3564 3153 3618 in
3216 3563 3470 3634 prmseuti

1887 3656 2100 3726 psalmo
2129 3672 2250 3728 qua:
2272 3672 2370 3728 per
2400 3664 2572 3712 totum
2616 3657 2804 3712 orbem
2841 3655 3023 3710 futura
3058 3662 3188 3710 sunt
3217 3669 3472 3725 praenun-

1888 3751 2114 3804 tiantur.
2174 3747 2305 3817 Quae
2358 3764 2490 3805 sane
2543 3749 2602 3804 in
2658 3749 2892 3803 adventu
2935 3747 3244 3804 Servatoris
3291 3746 3468 3802 nostri

1886 3840 2155 3910 completa
2183 3848 2312 3895 sunt
2346 3858 2359 3894 :
2397 3855 2508 3910 quo
2536 3839 2798 3910 placitum
2818 3839 2926 3896 Deo
2959 3839 3061 3893 fuit
3087 3850 3288 3895 terram
3306 3837 3472 3892 (λιι-1η

1885 3932 1955 3988 sti
1987 3932 2070 3987 sui
2110 3931 2261 3986 aditu
2291 3930 2527 4002 dignari.
2574 3929 2855 4000 Siquidem
2891 3931 3020 3986 olim
3049 3929 3226 4000 primo
3256 3926 3474 4000 parenti,

1884 4027 2092 4086 dictum
2125 4024 2340 4084 fuerat:
2378 4023 2544 4082 Terra
2571 4039 2648 4092 es,
2681 4033 2729 4076 et
2764 4023 2838 4076 in‘
2862 4032 3070 4097 terram
3090 4023 3362 4076 reverteris
3391 4023 3466 4091 ‘1;

1884 4126 1957 4181 et,
1990 4113 2282 4178 Maledicta
2334 4123 2476 4169 terra
2527 4115 2582 4168 in
2633 4112 2876 4184 operibus
2926 4113 3030 4168 tuis
3079 4115 3155 4180 “;
3217 4114 3468 4186 aliusque

1886 4207 2151 4280 propheta
2177 4206 2312 4263 dicit
2344 4226 2356 4260 :
2391 4204 2740 4260 Maledictum
2769 4213 2818 4260 et
2849 4205 3016 4260 caedes
3054 4214 3104 4260 et
3131 4205 3464 4260 mendacium

1884 4311 1932 4358 et
1960 4301 2162 4370 furtum
2197 4308 2246 4355 et
2269 4298 2592 4355 adulterium
2612 4299 2782 4367 effusa
2808 4307 2931 4352 sunt
2961 4313 3118 4365 super
3142 4307 3380 4351 terram:
3411 4307 3462 4352 et

1885 4394 2195 4464 sanguinem
2249 4391 2504 4462 sanguine
2556 4391 2774 4451 miscent
2802 4389 2888 4441 ⁸³ς
2925 4389 3018 4442 ubi
3062 4397 3243 4444 autem
3289 4386 3463 4444 Filius

1884 4481 1981 4539 Dei
2015 4481 2396 4553 peregrinatus
2428 4487 2514 4535 est
2562 4479 2618 4532 in
2644 4487 2790 4532 terra
2810 4516 2825 4542 ,
2851 4485 3237 4548 terrenumque
3263 4493 3465 4550 corpus

1886 4577 2204 4648 assumpsit,
2235 4575 2481 4644 priorum
2518 4572 2787 4627 malorum
2827 4571 3136 4626 immutatio
3167 4570 3310 4626 facta
3339 4579 3424 4626 est
3443 4610 3462 4636 ,

1885 4676 2171 4738 totumque
2197 4675 2357 4721 terrae
2391 4664 2720 4720 elementum
2744 4702 2760 4727 ,
2809 4663 2929 4717 loco
2957 4662 3204 4736 pristina:
3235 4663 3465 4719 maledi-

1885 4761 2108 4828 ctionis,
2136 4758 2574 4816 benedictionem
2611 4756 2866 4819 sortitum
2888 4765 2994 4822 est,
3027 4771 3092 4812 ac
3131 4757 3380 4812 ecclesia:
3410 4766 3466 4813 et

1886 4855 2124 4912 oratoria
2152 4854 2260 4908 Deo
2289 4868 2385 4925 per
2401 4860 2575 4906 totum
2598 4852 2784 4908 orbem
2802 4851 3099 4906 constituta
3118 4857 3266 4906 sunt.
3286 4850 3467 4917 Quare

1880 4949 1994 5024 jam
2029 4949 2252 5013 dicitur,
2273 4946 2602 5002 Benedixisti
2625 4987 2640 5012 ,
2686 4945 2930 5011 Domine,
2963 4955 3159 4999 terram
3187 4952 3335 4996 tuam
3380 4941 3466 5008 “;

1887 5044 1944 5099 in
1974 5041 2096 5099 aliis
2125 5057 2278 5108 vero,
2308 5041 2587 5107 Dominus,
2611 5040 2866 5110 regnavit,
2893 5035 3182 5096 exsultabit
3213 5046 3356 5090 terra
3384 5035 3466 5101 ”;

1889 5149 1953 5189 ac
1981 5149 2224 5198 rursum,
2255 5131 2480 5188 Cantate
2509 5130 2756 5196 Domino,
2783 5129 2953 5184 omnis
2986 5137 3129 5183 terra
3148 5127 3215 5181 “.
3274 5124 3467 5181 Merito

1887 5225 2074 5294 itaque
2101 5224 2273 5294 ipsius
2299 5221 2515 5278 Domini
2543 5237 2666 5279 esse
2712 5232 2856 5277 terra
2891 5220 3095 5277 dicitur
3122 5219 3228 5274 hoc
3258 5215 3423 5272 modo
3448 5234 3462 5273 ε

1887 5318 2240 5384 Benedixisti,
2270 5317 2515 5383 Domine,
2550 5326 2748 5372 terram
2775 5327 2943 5372 tuam.
2972 5315 3091 5371 Non
3127 5315 3272 5370 enim
3309 5309 3465 5380 0ρίίὶ-

1886 5413 2032 5467 cium
2054 5412 2340 5476 duntaxat,
2359 5412 2456 5469 sed
2477 5411 2645 5467 etiam
2671 5411 2950 5482 possessio
2973 5410 3095 5481 ejus
3115 5409 3258 5462 facta
3285 5412 3372 5460 est
3392 5400 3464 5460 ob

1885 5505 2080 5560 allatas
2110 5506 2363 5577 superius
2385 5521 2604 5562 causas.

2411 5840 2458 5874 δ’
2503 5837 2648 5899 Psal.
2672 5834 2888 5902 xcv1,.i.
2965 5833 3011 5867 ι’
3050 5830 3197 5894 Psal.
3233 5846 3358 5901 xcv,
3399 5829 3455 5906 1,
