3988 6204
1187 237 1202 266 \

523 338 660 396 10-l9

1238 339 1506 397 EUSEBII
1546 341 2024 400 CzESAltlENSlS
2061 342 2212 399 OPP.
2256 340 2436 398 PARS
2474 311 3053 398 llh—EXEGETICA.

3624 326 3765 383 i020

590 455 704 522 Qua
734 455 943 509 ratione
972 461 1150 510 autem
1179 454 1421 522 dicatur,
1456 459 1704 513 Avertisti
1734 461 2087 529 captivitatem

2261 457 2384 521 Πῶς
2421 457 2477 510 δέ
2505 457 2716 528 εἴρηται
2745 453 2826 518 τὸ,
2870 451 3270 517 Ἀπέστρεψας
3307 445 3420 513 τὴν
3455 445 3764 511 αιχμυλω-

516 546 704 614 Jacob,
732 547 998 617 intelliges
1021 562 1089 603 ex
1117 547 1208 601 illa
1251 547 1561 604 Servatoris
1586 565 1719 605 voce
1739 591 1753 618 ,
1799 565 1906 621 qua
1943 551 2086 605 hanc

2189 550 2340 604 alar
2373 549 2588 612 Ἰακὼϐ,
2610 548 2823 617 νοήσεις
2856 546 2920 597 ἐκ
2951 544 3048 613 τῆς
3073 539 3340 610 σωτηρίου
3374 535 3577 606 φωνῆς,
3603 535 3669 586 δι’
3697 529 3766 604 ἧς

527 640 682 695 Isaia:
715 639 1055 710 prophetiam
1079 678 1094 705 ,
1151 639 1382 709 Spiritus
1419 639 1633 695 Domini
1663 658 1828 710 super
1863 659 1977 704 me,
2027 658 2086 696 eo

2202 640 2285 709 τὴν
2318 639 2564 709 φήσασαν
2595 635 2688 688 τοῦ
2729 635 2950 688 Ἡσαῖου
2980 628 3346 703 προφητείαν,
3375 625 3620 693 Πνεῦμα
3649 626 3768 675 Ku—

516 730 655 803 quod
687 731 898 784 auxerit
929 747 1030 796 me,
1069 731 1428 801 evangelisare
1460 731 1772 800 pauperibus
1794 733 1938 787 misit
1968 749 2047 786 me
2071 772 2088 797 ,

516 823 807 891 prazdicare
842 823 1061 892 captivis
1089 822 1470 886 dimissionem,
1505 833 1554 878 et
1585 825 1735 878 carris
1770 825 1909 878 visus
1938 824 2091 879 resti-

520 915 772 968 tutionem
801 913 867 977 ιτ,
891 928 1013 968 cum
1045 913 1288 983 legisset,
1319 913 1548 978 addidit,
1587 913 1758 968 Hodie
1782 915 1994 982 impleta
2015 921 2091 966 est

517 1005 628 1062 haec
661 1003 930 1073 prophetia
956 1005 1009 1058 in
1031 1002 1248 1059 auribus
1268 1004 1451 1057 vestris
1476 1004 1541 1072 ⁸⁸,
1572 1003 1627 1058 in
1671 1019 1730 1060 se
1763 1003 2091 1073 completum

517 1094 802 1148 oraculum
833 1092 1168 1164 signiﬁcans.
1202 1092 1341 1160 Quia
1373 1095 1583 1153 scilicet
1611 1095 1728 1166 ipse
1759 1093 2018 1151 Servator
2038 1100 2092 1149 et

519 1185 830 1256 redemptor
851 1186 1158 1243 animarum
1188 1186 1470 1242 hominum
1519 1195 1700 1252 esset,
1731 1203 1869 1258 quas
1896 1203 1926 1242 a
1957 1187 2093 1243 dura

519 1277 904 1347 multiplicium,
944 1279 1231 1336 numinum
1261 1279 1467 1334 erroris
1509 1287 1565 1340 et
1593 1279 1900 1342 daemonum
1929 1294 2095 1334 vexa-

521 1369 687 1428 tit‘nis
709 1370 991 1436 servitute,
1014 1371 1208 1426 solutis
1229 1379 1576 1442 peccatorum
1608 1371 1866 1436 vinculis,
1900 1371 2095 1426 libera-

521 1461 634 1516 bat.
665 1461 819 1529 Quod
847 1465 1010 1518 etiam
1049 1464 1104 1518 in
1145 1465 1398 1534 prresenti
1427 1464 1636 1534 psalmo
1678 1462 1969 1518 denotatur
2009 1461 2096 1518 his

519 1553 705 1607 verbis
731 1572 743 1604 τ
779 1584 850 1605 —.-
873 1552 1040 1615 Vsus.
1071 1554 1124 1621 5.
1163 1554 1435 1614 Remisisti
1462 1553 1766 1624 iniquitates
1787 1551 1923 1620 plebi
1955 1561 2058 1606 tua:
2077 1591 2093 1618 ,

520 1646 773 1713 aperuisti
821 1648 1001 1700 omnia
1042 1655 1254 1714 peccata
1303 1661 1503 1700 eorum.
1556 1643 1877 1714 lniquitates
1913 1650 2096 1698 autem

520 1737 784 1790 remissas
835 1743 890 1790 et
940 1744 1161 1808 opertas
1204 1734 1345 1797 alius
1393 1735 1520 1789 item
1577 1748 1757 1790 sermo
1801 1733 2091 1789 meminit:

2182 730 2321 797 ρίου
2343 728 2434 780 ἐπ’
2453 725 2578 796 ἐμὲ,
2593 721 2661 781 οὗ
2685 726 2891 779 ἕνεκεν
2910 721 3114 790 ἔχρισὲ
3141 737 3239 789 με,
3261 716 3767 785 εὐαγγελίσασθαι

2192 818 2449 890 πτωχοῖς
2505 815 2853 874 ἁπέσταλκέ
2891 831 2968 883 με
2991 853 3006 878 ,
3058 810 3309 880 κηρῦξαι
3367 807 3768 877 αἰχμαλώτοις

2191 912 2413 981 ἄφεσιν
2557 908 2806 978 τυφλοῖς
2824 905 3177 973 ἀνάϐλεψιν,
3197 902 3459 970 ἀναγνοὺς
3484 900 3734 970 ἐπήγαγε
3751 938 3767 962 ,

2193 1003 2465 1072 Σήμερον
2493 999 2873 1068 πεπλήρωται
2911 999 2948 1066 ὴ
2986 994 3318 1065 προφητεία,
3349 991 3499 1058 αὕτη
3549 990 3622 1042 ἐν
3646 987 3770 1052 τοῖς

2191 1093 2342 1148 ὠσὶν
2367 1091 2554 1163 ὑμῶν,
2588 1091 2853 1144 διδάσκων
2887 1090 2965 1149 είς
2992 1086 3183 1140 ἐαυτὸν
3214 1082 3548 1155 πληροῦσθαι
3580 1081 3642 1133 τὸ
3681 1081 3773 1133 λό-

2193 1201 2330 1255 γιον.
2358 1185 2478 1237 ’Ότι
2524 1183 2588 1254 δὴ
2627 1181 2788 1244 αὐτὸς
2817 1176 2884 1251 ἦν
2926 1180 2956 1231 ὁ
2993 1177 3181 1247 Σωτὴρ
3220 1176 3311 1237 καὶ
3342 1173 3621 1244 λυτρωτὴς
3661 1170 3772 1224 τῶν

2195 1274 2550 1347 ἀνθρωπίνων
2582 1271 2792 1345 ψυχῶν,
2821 1269 2892 1334 ἃς.
2915 1268 3022 1322 ἀπὸ
3045 1266 3142 1336 τῆς
3179 1267 3381 1336 πικρᾶς
3401 1263 3646 1325 δουλείας
3664 1261 3773 1330 τῆς

2194 1366 2454 1422 πολυθέου
2482 1364 2688 1434 πλάνης
2716 1363 2812 1417 καὶ
2840 1360 2938 1432 τῆς
2968 1358 3283 1429 δαιμονικῆς
3311 1354 3591 1427 ἐνεργείας
3612 1351 3775 1422 ὴλευ-

2197 1457 2380 1530 θέρου,
2410 1456 2577 1520 λύσας
2601 1453 2778 1508 αὐτῶν
2810 1454 2908 1516 τὰς
2939 1451 3124 1524 σειρὰς
3146 1451 3254 1503 τῶν
3286 1446 3591 1521 ἁμαρτιῶν.
3612 1449 3678 1498 ’0
3705 1445 3772 1515 δὴ

2196 1551 2291 1605 καὶ
2329 1549 2460 1602 αὐτὸ
2512 1547 2838 1618 παρίσταται
2873 1545 2961 1599 διὰ
3005 1542 3100 1597 τοῦ
3141 1541 3502 1613 προκειμένου
3551 1535 3772 1608 ψαλμοῦ

2198 1642 2530 1712 φάσκοντος’
2574 1637 2833 1708 Ἀφ’ῆκας
2886 1635 2992 1702 τὰς
3039 1634 3289 1704 ἀνομίας
3339 1630 3418 1697 τῷ
3444 1629 3571 1696 λαῷ
3616 1646 3771 1691 σου,

2202 1731 2519 1799 ἐκάλυψας
2547 1728 2749 1794 πάσας
2792 1727 2898 1794 τὰς
2929 1727 3218 1796 ἁμαρτίας
3259 1723 3480 1778 αὐτῶν.
3514 1720 3775 1791 Ἀνομίας

521 1821 677 1875 Beati
697 1838 920 1892 quorum
960 1824 1194 1885 remissa:
1223 1832 1346 1877 sunt
1398 1823 1700 1894 iniquitates
1725 1863 1740 1888 ,
1787 1832 1838 1878 et
1872 1839 2094 1894 quorum

2202 1822 2251 1876 δέ
2284 1821 2585 1893 ἀφιεμένας
2606 1820 2699 1874 καὶ
2741 1818 3155 1889 καλυπτομένας
3190 1812 3297 1871 οἶδε
3331 1816 3425 1869 καὶ
3457 1811 3690 1883 ἀλλαχοῦ
3745 1813 3775 1864 ὁ

525 1919 661 1968 tecta
697 1921 819 1974 sunt
847 1922 1062 1985 peccata
1106 1911 1170 1966 ".
1203 1910 1297 1967 llis
1328 1927 1490 1982 porro
1522 1910 1760 1983 Spiritus
1802 1912 2095 1986 signiﬁcat,

522 2003 880 2072 pristinorum
933 2014 1284 2076 peccatorum
1331 2002 1709 2059 remissionem
1757 2003 1853 2072 iisi,
1895 2005 1986 2074 qui
2032 2021 2099 2068 ex

522 2095 792 2160 Spirituali
837 2079 1140 2150 animarum
1173 2095 1486 2166 captivitate
1540 2095 1808 2167 redempti
1859 2107 2028 2164 sunt,
2067 2112 2099 2155 a

523 2184 813 2240 Servatore
833 2201 1186 2243 concessam:
1222 2187 1422 2258 quibus
1442 2231 1457 2255 ,
1491 2188 1537 2242 si
1567 2197 1690 2259 post
1719 2189 2098 2245 remissionem

521 2277 719 2331 iterum
743 2280 1109 2348 peccaverint,
1154 2295 1264 2335 non
1296 2280 1538 2336 secundo
1580 2289 1802 2350 peccata
1841 2281 2096 2346 remittit,

522 2371 618 2425 sed
647 2371 842 2440 operit.
886 2369 1021 2426 Nam
1071 2373 1140 2427 ab
1179 2372 1274 2427 illo
1317 2387 1640 2428 concessum
1685 2380 1805 2438 est,
1849 2384 1908 2428 ut
1941 2373 2099 2430 bouis

521 2460 780 2529 operibus
818 2461 1060 2517 secundo
1097 2462 1264 2532 gestis
1307 2462 1537 2533 pristina
1565 2461 1764 2517 delicta
1803 2473 2100 2536 contegan-

524 2559 633 2607 tur.
653 2549 778 2606 Haec
801 2568 928 2608 vero
948 2553 1130 2609 omnia
1151 2555 1269 2609 orbi
1295 2563 1476 2620 teme,
1494 2554 1748 2610 videlicet
1772 2555 1918 2610 illam
1947 2558 2102 2612 inco-

522 2644 863 2708 colentihus,
897 2660 994 2715 per
1036 2643 1335 2702 Salvatoris
1385 2647 1676 2703 adventum
1718 2647 2100 2704 universorum

522 2733 667 2790 Deus
695 2737 954 2809 elargitus
975 2746 1080 2802 est,
1099 2737 1284 2793 sedata
1317 2739 1394 2792 ira
1413 2755 1478 2794 ac
1496 2740 1739 2810 mitigato
1770 2739 1973 2806 furore,
1994 2735 2102 2812 quo

416 2853 422 2864 ι
521 2827 743 2896 quidem
775 2835 934 2883 antea
961 2830 1247 2900 terrigena
1284 2831 1361 2885 illi
1393 2830 1540 2900 digni
1583 2839 1760 2896 erant,
1794 2832 1865 2886 ob
1903 2833 2100 2903 impie-

523 2919 656 2974 tatis
692 2921 1131 2989 exsuperantiam
1179 2922 1383 2976 inimici
1430 2923 1549 2992 ejus
1583 2923 1797 2989 etl‘ecti;
1852 2933 1908 2978 at
1957 2924 2101 2980 Deus

524 3010 644 3082 ipse
672 3022 810 3076 erat,
833 3013 923 3082 qui
962 3014 1015 3067 in
1039 3013 1260 3070 Christo
1308 3014 1414 3070 sibi
1463 3015 1727 3070 mundum
1780 3018 2103 3072 reconcilia-

525 3103 640 3166 bat,
665 3120 842 3174 neque
870 3105 1004 3175 ipsis
1035 3107 1265 3176 pristina
1298 3116 1521 3177 peccata
1551 3107 1876 3177 imputabat.
1899 3108 2102 3174 Quam-

2199 1913 2422 1984 φάσκων
2455 1913 2611 1981 λόγος
2629 1927 2642 1941 ο
2675 1909 2963 1980 Μακάριοι
2984 1903 3070 1964 ὧν
3093 1907 3405 1979 ἀφέθησαν
3429 1908 3489 1960 al
3510 1905 3774 1973 ἀνομίαι,

2171 2009 2174 2012 ’
2199 2007 2299 2060 καὶ
2316 2000 2402 2058 ὧν
2425 2005 2858 2073 ὲκαλύφθησαν
2885 2007 2942 2057 αὶ
2965 2003 3240 2072 ἁμαρτίαι
3259 2017 3273 2030 θ
3302 2001 3376 2070 Ση
3386 1998 3566 2070 μαίνει
3599 1997 3656 2049 δὲ
3685 1995 3776 2048 διὰ

2197 2098 2402 2156 τούτων
2445 2096 2506 2152 τὸ
2551 2094 2777 2166 Πνεῦμα
2818 2095 2916 2168 τὴν
2959 2094 3064 2148 ὑπὸ
3095 2092 3188 2146 τοῦ
3239 2091 3491 2162 Σωτῆρος
3536 2089 3776 2158 δεδωρη-

2202 2190 2369 2261 μένην
2402 2189 2591 2258 ἄφεσιν
2623 2187 2730 2241 τῶν
2756 2187 3035 2259 προτέρων
3075 2183 3483 2257 ἁμαρτημάτων
3523 2185 3638 2244 τοῖς
3666 2181 3776 2233 ἀπὸ

2198 2282 2298 2352 τῆς
2330 2281 2527 2351 νοητῆς
2547 2283 2656 2333 τῶν
2685 2279 2874 2350 ψυχῶν
2907 2277 3280 2350 αἰχμαλωσίας
3306 2273 3738 2345 λελυτρωμὲνοις
3757 2289 3773 2303 ·

2199 2370 2301 2440 οἷς,
2331 2377 2378 2428 εί
2411 2374 2548 2446 μετά
2569 2375 2668 2445 τὴν
2694 2374 2888 2442 ἄφεσιν
2912 2373 3071 2426 πάλιν
3103 2372 3416 2443 ἁμάρτοιεν,
3441 2368 3627 2422 οὐκέτι
3656 2367 3776 2420 δευ-

2199 2468 2364 2539 τέραν
2387 2467 2597 2536 ἄφεσιν,
2622 2465 2733 2519 ἀλλ’
2754 2465 3078 2534 ὲπικάλυψιν
3107 2462 3386 2535 ἁμαρτιῶν
3411 2461 3660 2532 παρέχει.
3676 2459 3777 2512 Διά

2202 2559 2311 2631 γὰρ
2357 2558 2624 2630 δευτέρων
2683 2557 3122 2629 κατορθωμάτων
3186 2555 3480 2610 καλύπτειν
3526 2553 3594 2606 τὰ
3642 2569 3777 2624 προ-

2199 2651 2566 2724 ημαρτημένα
2615 2647 2983 2721 συνεχώρησε.
3030 2647 3214 2702 Ταῦτα
3251 2646 3309 2700 δὲ
3354 2646 3538 2700 πάντα
3569 2647 3636 2716 τῇ
3668 2643 3776 2695 τῶν

2201 2743 2504 2816 ἀνθρώπων
2536 2746 2628 2814 γῇ,
2671 2743 2765 2797 καὶ
2795 2741 2995 2814 δηλαδὴ
3033 2743 3146 2804 τοῖς
3185 2738 3530 2793 κατοικοῦσιν
3579 2736 3774 2804 αὐτὴν,

2200 2835 2288 2890 διὰ
2321 2835 2420 2904 τῆς
2461 2833 2556 2887 τοῦ
2603 2833 2855 2905 Σωτῆρος
2899 2830 3192 2903 ἐπιδημίας
3234 2831 3263 2883 ὁ
3305 2828 3415 2882 τῶν
3457 2826 3596 2880 ὅλων
3645 2825 3778 2887 Θεὸς

2203 2925 2538 2998 ἐδωρήσατο,
2584 2922 2946 2986 καταπαύσας
2977 2923 3076 2992 τὴν
3113 2919 3279 2992 ὀργὴν
3324 2920 3418 2972 καὶ
3457 2917 3549 2970 τὸν
3583 2915 3776 2986 θυμὸν,

2201 3012 2275 3072 ῶν
2300 3018 2438 3083 ἄξιοι
2463 3017 2524 3070 τὺ
2560 3017 2687 3089 πρὶν
2718 3015 3014 3085 ἐτύγχανον
3032 3014 3083 3067 οἱ
3104 3013 3200 3084 τὴν
3221 3012 3327 3083 γῆν
3351 3010 3650 3072 οἰκοῦντες,
3683 3009 3778 3061 ἅτε

2201 3111 2266 3183 δὴ
2300 3111 2484 3182 ἐχθροὶ
2525 3110 2677 3173 ὄντες
2721 3108 2885 3162 αὐτοῦ
2915 3107 3003 3162 διὰ
3030 3107 3128 3170 τὰς
3164 3105 3270 3158 τῶν
3305 3103 3568 3158 ἀσεϐειῶν
3602 3100 3783 3155 αὐτῶν

527 3195 717 3250 obrem
748 3196 956 3250 dictum
983 3205 1067 3252 est
1097 3217 1109 3252 :
1144 3227 1215 3238 -—
1245 3196 1410 3254 Vsus.
1450 3198 1568 3254 4-7.
1605 3197 1869 3268 Mitigasti
1898 3216 2100 3253 omnem

2205 3201 2510 3275 ὑπερϐολάς
2528 3217 2542 3233 ο
2576 3200 2714 3252 ἀλλὰ
2740 3199 2870 3262 Θεὸς
2901 3194 2969 3269 ἦν
3006 3199 3063 3250 ἐν
3093 3196 3315 3268 Χριστῷ
3344 3195 3548 3265 κόσμον
3575 3193 3780 3246 καταλ-

524 3288 667 3342 s'ram
697 3297 863 3351 tuam,
907 3291 1140 3343 avertisti
1179 3289 1245 3344 ab
1273 3291 1356 3344 ira
1391 3289 1769 3360 indignationis
1801 3301 1924 3346 tute.
1962 3291 2102 3346 Con-

527 3388 664 3433 verte
685 3398 800 3444 nos,
824 3380 966 3435 Deus
989 3381 1310 3434 salutarium
1341 3390 1660 3448 nostrorum,
1685 3391 1734 3436 et
1764 3392 1936 3436 averte
1963 3384 2101 3436 iram

529 3481 677 3526 tuam
703 3491 735 3526 α
765 3473 934 3528 nobis.
965 3471 1222 3544 Nunquid
1268 3475 1323 3527 in
1355 3483 1606 3528 azternum
1636 3474 1882 3529 irasceris
1913 3475 2059 3530 nobis
2078 3478 2103 3530 .9

530 3573 623 3617 aut
662 3564 905 3619 extendes
936 3565 1072 3618 iram
1105 3574 1250 3619 tuam
1287 3582 1321 3618 a
1355 3567 1691 3635 generati-one
1713 3567 1767 3620 in
1809 3569 2103 3636 generatio-

528 3660 684 3712 nem?
728 3657 886 3719 Deus,
908 3665 964 3709 tu
983 3667 1282 3711 convertens
1305 3659 1591 3727 viviﬁcabis
1615 3675 1731 3724 nos,
1762 3669 1811 3713 et
1843 3660 1985 3728 plebs
2012 3670 2102 3714 tua

531 3748 801 3803 hrtabitur
847 3750 900 3802 in
958 3757 1026 3806 te.
1061 3749 1250 3804 Priora
1285 3750 1503 3820 quidem
1538 3750 1606 3804 de
1651 3749 1852 3807 futuris
1901 3753 1955 3806 in
1990 3759 2105 3806 toto

531 3840 664 3896 orbe
693 3841 1219 3909 przenuntiabantur,
1243 3857 1364 3911 quae
1393 3843 1694 3897 secundum
1712 3844 1964 3914 superius
1990 3851 2104 3898 tra-

531 3931 702 3985 ditam
720 3932 1223 4002 interpretationem
1253 3933 1308 3986 in
1339 3933 1574 3988 adventu
1596 3932 1899 3988 Salvatoris
1928 3935 2105 3990 nostri

533 4021 601 4076 ad
638 4020 796 4076 ﬁnem
828 4023 1063 4078 deducta
1093 4031 1240 4079 sunt.
1279 4022 1404 4079 Hzec
1433 4040 1563 4080 vero
1606 4040 1727 4095 quae
1777 4032 2102 4091 tractamus,

532 4114 832 4168 orationem
863 4114 1144 4169 continent
1183 4130 1282 4185 pro
1318 4116 1517 4185 populo
1548 4131 1616 4170 ex
1663 4116 2101 4173 circumcisione.

532 4204 671 4272 Quia
704 4203 848 4258 enim
882 4203 1142 4272 propheta
1172 4204 1359 4260 divino
1387 4204 1598 4261 amatus
1627 4203 1834 4276 Spiritu
1863 4205 2106 4263 Judaicaa

529 4296 708 4367 gentis
734 4309 862 4365 erga
902 4294 1182 4350 Christum
1231 4280 1666 4351 incredulitatem
1695 4295 2104 4368 prospiciebat,

528 4401 744 4443 necnon
769 4384 1064 4440 vindictam
1081 4385 1383 4441 facinorum
1400 4401 1567 4442 causa
1580 4387 1714 4456 ipsis
1729 4386 2102 4457 intligendam;

529 4475 673 4540 hanc
727 4491 829 4546 pro
874 4476 1011 4547 ipsis
1065 4477 1368 4533 orationem
1425 4477 1628 4532 emittit
1665 4484 2104 4547 peropportune;

2207 3296 2419 3349 λάσσων
2448 3293 2656 3365 ἐαυτῷ,
2688 3293 2762 3366 μὴ
2791 3291 3136 3362 λογιζόμενος
3168 3290 3224 3342 δέ
3265 3289 3449 3352 αὐτοῖς
3489 3287 3560 3340 τὰ
3596 3302 3781 3356 παρσ-

2208 3386 2496 3458 πτὼματα.
2532 3385 2622 3439 Διὸ
2659 3386 2935 3439 λέλεκται·
2970 3387 3367 3448 Κατέπαυσας
3411 3377 3616 3435 πᾶσαν
3665 3378 3782 3442 τὴν

2209 3478 2394 3549 ὀργήν
2427 3494 2572 3544 σου,
2605 3478 2993 3546 ἁπέστρεψας
3029 3475 3145 3530 ἀπὸ
3194 3473 3377 3544 ὀργῆς
3422 3470 3606 3540 θυμοῦ
3636 3487 3778 3523 σου.

2222 3572 2619 3639 Ἐπίστρεψον
2647 3569 2825 3640 ἡμᾶς,
2850 3572 2883 3623 d
2914 3569 3059 3635 Θεὸς
3095 3565 3215 3620 τῶν
3247 3565 3547 3632 σωτηρίων
3581 3561 3781 3630 ἡμῶν,

2209 3662 2307 3715 καὶ
2329 3661 2714 3731 ἀπόστρεψον
2740 3661 2845 3714 τόν
2868 3660 3059 3729 θυμόν
3084 3672 3199 3712 σου
3221 3657 3320 3725 ἀφ’
3342 3653 3524 3724 ἡμῶν.
3562 3653 3659 3719 Μὴ
3691 3655 3785 3719 εἰς

2209 3750 2317 3804 τὸν
2378 3750 2565 3805 αἰῶνα
2615 3749 2948 3822 ὀργισθήσῃ
2991 3749 3178 3820 ﬁgite;
3217 3748 3254 3816 ἣ
3316 3745 3600 3810 διατενεῖς
3664 3762 3698 3798 τ
3705 3744 3784 3810 ἢν

2211 3842 2398 3914 ὀργήν
2431 3856 2549 3898 σου
2585 3843 2702 3897 ἀπὸ
2751 3840 2962 3914 γενεᾶς
2991 3845 3078 3908 εἰς
3117 3839 3366 3912 revertr;
3402 3839 3455 3890 Ὀ
3501 3837 3667 3902 Θεὸς,
3703 3840 3783 3890 σὺ

2210 3935 2582 4005 ἐπιστρέψας
2628 3934 2875 4003 ζωώσεις
2908 3935 3099 4005 ἡμᾶς,
3145 3935 3243 3988 καὶ
3284 3936 3318 3989 d
3347 3933 3497 3997 λαός
3519 3944 3641 3984 σου
3687 3930 3782 3983 εὐ·

2212 4027 2616 4097 φρανθήσεται
2635 4029 2735 4082 ἐπὶ
2757 4030 2860 4083 σοί
2865 4068 2878 4082 .
2895 4028 2978 4081 Τὰ
3006 4029 3104 4100 μὲν
3123 4028 3361 4101 πρότερα
3382 4023 3785 4099 προεφητεύετο

2212 4119 2340 4190 περ)⁸
2380 4118 2488 4172 τῶν
2521 4119 2899 4190 γενησομένων
2933 4118 3051 4172 καθ’
3080 4118 3207 4191 ὅλης
3241 4118 3339 4189 τῆς
3368 4117 3491 4187 γῆς,
3518 4115 3555 4170 ἃ
3587 4115 3657 4186 δὴ
3693 4113 3788 4167 καὶ

2212 4210 2398 4273 τέλους
2425 4210 2580 4282 ἔτυχε
2609 4211 2696 4264 διὰ
2727 4211 2826 4280 τῆς
2858 4210 3160 4282 παρουσίας
3197 4208 3289 4263 τοῦ
3336 4209 3589 4280 Σωτῆρος
3631 4204 3782 4278 ἡμῶν

2214 4301 2354 4354 κατὰ
2381 4302 2483 4372 τὴν
2516 4302 2871 4356 ἀποδοθεῖσαν
2900 4303 3226 4373 ἑρμηνείανο
3257 4300 3326 4354 τὰ.
3354 4299 3410 4352 δὲ
3448 4299 3782 4368 προκείμενα

2214 4393 2378 4466 εὐχὴν
2406 4393 2647 4465 περιέχει
2682 4394 2819 4463 ὑπὲρ
2841 4392 2936 4446 τοῦ
2971 4397 3034 4447 ἐκ
3061 4393 3360 4466 περιτομῆς
3391 4390 3544 4444 λαοῦ.
3572 4390 3785 4459 Ἐπειδὴ

2213 4483 2322 4556 γὰρ
2349 4486 2378 4538 ό
2412 4486 2694 4556 προφήτης
2725 4485 2980 4556 προεώρα
3007 4485 3085 4556 τῷ
3110 4483 3238 4554 θείῳ
3277 4481 3553 4553 Πνεύματι
3583 4481 3684 4552 τὴν
3711 4483 3787 4542 εἰς

531 4566 608 4619 ita
643 4573 704 4620 ut
740 4567 890 4621 nulla
918 4567 973 4621 in
1004 4568 1218 4636 psalmo
1247 4568 1611 4623 contradictio
1638 4567 2100 4639 deprehendatur,

2208 4577 2301 4632 τὸν
2335 4576 2567 4650 Χριστὸν
2587 4577 2868 4632 ἀπείθειαν
2897 4576 2991 4631 τοῦ
3025 4576 3292 4630 Ἰουδαίων
3321 4575 3528 4639 ἔθνους,
3558 4575 3655 4628 καὶ
3691 4573 3787 4643 τὴν

530 4658 676 4726 quod
707 4673 830 4713 cum
880 4659 1039 4714 initio
1093 4661 1316 4716 meliora
1377 4660 1498 4716 orbi
1540 4662 1870 4717 vaticinatus
1917 4671 2106 4727 esset,

505 4751 641 4819 'jam
667 4753 824 4821 quasi
855 4753 991 4806 nihil
1022 4753 1149 4807 boni
1177 4754 1434 4807 collatum
1488 4753 1560 4808 sit
1595 4769 1785 4822 preces
1834 4755 2106 4809 instituat.

531 4843 714 4898 Prima
743 4846 925 4915 itaque
955 4845 1022 4898 de
1047 4845 1327 4901 beneficiis
1383 4860 1414 4898 a
1449 4844 1734 4899 Salvatore
1765 4854 1958 4900 nostro
2007 4845 2110 4900 hu-

512 4947 696 4986 mano
714 4935 896 5003 generi
912 4933 1282 4991 concedendis
1305 4937 1563 5005 praedicta
1587 4937 1834 5003 fuerant;
1867 4935 2110 4992 secundo

509 5029 714 5100 .autem
765 5023 884 5078 loco
927 5039 1028 5093 pro
1076 5025 1481 5084 contribulibus
1539 5040 1569 5078 a
1624 5024 1887 5094 propheta
1917 5039 2109 5095 preces

532 5115 893 5183 emittuntur,
936 5127 997 5172 ut
1034 5120 1116 5172 ira
1165 5118 1315 5189 ipsos
1346 5119 1604 5174 invasura
1635 5118 1886 5186 sedetur;
1945 5128 2108 5190 atque

533 5206 636 5278 ipsi
668 5206 887 5262 demum
921 5207 1017 5263 Dei
1055 5208 1123 5264 ad
1162 5224 1221 5264 se
1255 5210 1651 5274 conversione,
1706 5217 1869 5279 atque
1915 5209 2006 5263 illa
2056 5212 2111 5267 in

533 5299 753 5356 Christo
781 5298 875 5354 Dei
901 5299 1088 5354 iaztitia
1118 5301 1268 5371 digni
1299 5302 1624 5357 habeantur.

2213 4668 2668 4741 καταληψομένην
2707 4672 2902 4739 αὐτοὺς
2948 4669 3117 4744 ὀργὴν
3149 4670 3256 4723 τῶν
3294 4665 3785 4740 τολτμηθησομένων

2211 4760 2396 4824 αὐτοῖς
2451 4761 2634 4816 ἕνεκεν
2659 4803 2673 4827 ,
2735 4763 2961 4828 εἰκότως
3030 4764 3127 4836 τὴν
3185 4760 3552 4834 προκειμένην
3624 4758 3788 4829 εὐχὴν

2213 4852 2355 4922 ὑπὲρ
2380 4854 2559 4908 αὐτῶν
2591 4855 2905 4927 ἀναπέμπει
2928 4872 2942 4886 ο
2983 4855 3058 4920 ὡς
3104 4841 3297 4928 μηκέτι
3339 4855 3515 4907 δοκεῖν
3548 4854 3785 4906 ἐναντιοο

2212 4944 2400 5014 λογίαν
2427 4947 2703 5019 περιέχειν
2731 4948 2823 5002 τὸν
2855 4949 3091 5020 ψαλμὸν,
3118 4949 3372 5019 ἀνωτέρω
3400 4946 3498 5018 μὲν
3539 4945 3609 4998 τὰ
3653 4961 3786 5016 χρηο

2213 5037 2441 5111 στότερα
2461 5039 2792 5095 θεσπίσαντα
2828 5043 2974 5114 πάσῃ
3007 5044 3073 5114 τῇ
3098 5043 3192 5112 γῇ,
3241 5041 3299 5093 ἐν
3325 5039 3381 5092 δὲ
3420 5040 3530 5101 τοῖς
3560 5054 3782 5109 προκει-

2216 5127 2417 5198 μένοις,
2449 5131 2525 5193 ὠς
2560 5131 2785 5202 μηδενὸς
2821 5133 3027 5202 ἀγαθοῦ
3065 5132 3452 5203 πεπραγμένου
3483 5129 3582 5200 τὴν
3626 5128 3789 5197 εὐχὴν

2211 5218 2493 5283 διεξιόντα.
2536 5223 2618 5279 Τὰ
2643 5226 2823 5279 τοίνυν
2860 5225 3055 5298 πρῶτα
3091 5225 3219 5296 περὶ
3265 5223 3374 5277 τῶν
3417 5221 3503 5274 διὰ
3534 5219 3632 5273 τοῦ
3682 5219 3791 5270 Σω-

2210 5310 2377 5383 τῆρος
2406 5314 2564 5384 ἡμῶν
2603 5317 3046 5391 παρασχεθεισῶν
3076 5302 3306 5389 τῷτῶν
3349 5311 3653 5386 ἀνθρώπιον
3693 5309 3791 5379 βίῳ

535 5394 862 5468 εὐεργεσιῶν
880 5394 1311 5467 προεφητεύετο·
1336 5395 1405 5448 τὰ
1429 5395 1486 5448 δὲ
1517 5395 1744 5469 δεύτερα
1797 5399 1827 5450 ὁ
1856 5401 2138 5472 προφήτης
2177 5402 2317 5476 ὑπὲρ
2366 5407 2474 5462 τῶν
2524 5411 2798 5481 ὁμοεθνῶν
2863 5409 3079 5482 εῧχεται
3107 5450 3121 5476 ,
3170 5409 3428 5464 ἱκετεύων
3479 5401 3791 5459 παύσασθαι

537 5489 638 5563 μὲν
706 5489 808 5561 τὴν
846 5490 968 5543 κατ’
1043 5486 1225 5542 αὐτῶν
1277 5485 1447 5558 ὀργὴν
1471 5527 1486 5554 ,
1518 5487 1917 5560 καταξιωθῆναι
1969 5490 2026 5543 δὲ
2089 5493 2183 5548 καὶ
2218 5497 2417 5564 αὐτοὺς
2453 5501 2552 5573 τῆς
2595 5503 2686 5558 τοῦ
2740 5503 2876 5558 Θεοῦ
2909 5505 3242 5577 ἐπιστροφῆς
3282 5504 3373 5558 καὶ
3418 5501 3516 5572 τῆς
3569 5496 3664 5552 ἐπὶ
3709 5492 3792 5566 τῷ

534 5585 758 5657 Χριστῷ
781 5586 873 5640 τοῦ
906 5585 1042 5640 Θεοῦ
1075 5584 1431 5656 εὐφροσύνης.

607 5785 650 5821 ’⁷
691 5783 792 5856 lsa.
826 5800 950 5860 ιιι,
986 5787 1036 5846 1.
1100 5787 1158 5866 6³
1197 5785 1329 5846 Luc.
1364 5803 1436 5858 ιν,
1473 5786 1558 5846 18.
1638 5785 1680 5818 δ’
1713 5783 2034 5859 Ρεειηικιι,
2057 5784 2108 5841 1.
