3988 6204
230 351 362 408 1021

1355 326 1863 404 εοιὶιιέΝτΑιιῐΑ
1901 345 1968 400 IN
2006 343 2344 401 PSALMOS.

3346 348 3485 405 i029.

297 468 505 532 Δεῖξον
549 467 717 539 ἡμῖν,
747 467 947 538 Κύριε,
981 467 1050 522 τὸ
1082 465 1256 534 ἔλεός
1289 481 1408 522 σου
1440 467 1537 522 καί
1578 469 1644 523 τὸ
1684 483 1801 521 σω-

1973 465 2141 523 Vens.
2177 467 2232 522 8.
2277 465 2504 523 Ostende
2545 466 2731 533 nobis,
2780 468 3034 540 Domine,
3067 469 3486 525 misericordiam

231 564 434 632 τήριόν
465 578 582 617 σου
603 561 757 630 δῴης
790 561 953 632 ἡμῖν.
979 562 1098 614 Ἔτι
1132 561 1226 616 καὶ
1259 560 1433 616 ταῦτα
1454 564 1482 615 6
1507 562 1804 632 Προφήτης

227 655 468 726 εὔχεται,
498 654 756 710 ἱκετεύων
787 653 1185 724 καταξιωθῆναι
1210 653 1304 708 καὶ
1327 654 1488 717 αὐτὸς
1510 653 1805 724 ὀφθαλμοῖς

235 747 572 818 παραλαϐεῖν
604 747 672 801 τὰ
700 747 956 818 μέλλοντα
989 745 1207 800 ἔσεσθαι
1247 746 1335 799 διὰ
1366 745 1462 799 τοῦ
1498 746 1682 809 ἐλέους
1711 744 1802 798 τοῦ

229 835 390 902 Θεοῦ,
415 837 450 891 ἃ
472 837 536 908 δὴ
555 839 613 890 ὲν
638 840 750 900 τοῖς
774 837 1028 908 ἀνωτέρω
1049 836 1470 908 προεφητεύετο.
1495 835 1810 907 ιΙαρακαλεῖ

229 927 290 980 δὲ
325 929 419 982 καὶ
454 928 551 998 τῆς
576 926 670 980 τοῦ
715 927 952 998 Χριστοῦ
986 931 1066 992 εἰς
1102 928 1423 1000 ἀνθρώπους
1457 928 1806 999 ὲπιλάμψξως

228 1022 452 1091 τυχεῖν,
497 1020 584 1074 διὰ
638 1019 734 1074 τοῦ
775 1021 1037 1090 φάσκειν’
1082 1022 1190 1076 Kal
1225 1023 1292 1076 τὸ
1346 1022 1644 1091 σωτήριόν
1689 1037 1806 1077 σου

229 1110 390 1179 δῴης
415 1111 579 1182 ημῖν.
608 1113 805 1182 Σαφῶς
835 1114 891 1167 δὲ
931 1113 994 1168 τὸ
1034 1116 1302 1186 σωτήριον
1348 1115 1510 1169 αὐτὸν
1550 1110 1689 1168 εἶναι
1716 1115 1806 1168 τὸν

231 1204 464 1276 Χριστὸν
524 1204 760 1271 ἐδίδαξεν
791 1208 821 1259 6
875 1205 1101 1278 Συμεὼν
1151 1209 1208 1260 ὲν
1259 1209 1368 1271 τοῖς
1421 1207 1802 1275 Εὐαγγελίοις’

139 1327 142 1330 ~
229 1295 407 1349 λαϐὼν
434 1296 566 1365 γοῦν
604 1297 743 1368 μετὰ
769 1301 959 1370 χεῖρας
990 1297 1070 1350 ἔτι
1099 1299 1291 1369 νήπιον
1319 1298 1446 1352 ὄντα
1465 1299 1554 1352 τὸν
1577 1299 1803 1370 Ἰησοῦν,

229 1382 352 1441 εἰπε
371 1405 386 1419 ο
426 1389 558 1444 Νῦν
577 1390 869 1456 ἀπολύεις
898 1390 1005 1445 τὸν
1053 1389 1281 1444 δοῦλόν
1320 1407 1436 1444 σου
1459 1431 1473 1453 ,
1507 1390 1772 1444 δέσποτα
1790 1431 1804 1455 ,

230 1477 381 1533 κατὰ
426 1480 534 1534 τὸν
574 1482 763 1552 λόγον
808 1497 925 1535 σου
981 1481 1051 1534 ἐν
1089 1480 1318 1549 εἰρήνῃ.
1369 1483 1490 1535 Ὅτι
1549 1479 1713 1536 εἶδον
1754 1487 1808 1536 οἰ

228 1571 527 1641 ὀφθαλμοί
573 1589 692 1642 μου
720 1571 788 1627 τὸ
823 1572 1126 1642 Σωτήριόν
1167 1589 1306 1628 σου.
1354 1574 1524 1628 Τοῦτο
1554 1570 1646 1628 οῦν
1677 1576 1808 1630 αὐτὸ

231 1666 329 1732 καὶ
363 1665 392 1718 6
423 1665 720 1738 Προφήτης
746 1665 874 1719 ἰδεῖν
913 1665 1131 1737 εῠχεται
1151 1684 1164 1698 °
1197 1667 1278 1721 διό
1317 1685 1480 1739 φησιν
1523 1672 1552 1722 6
1579 1670 1768 1740 Σωτήρ
1790 1687 1804 1700 ·

230 1757 456 1822 Πολλοί
489 1756 787 1826 προφῆται
821 1758 920 1812 καί
942 1758 1156 1814 δίκαιοι
1184 1761 1570 1830 ἐπεθύμησαν
1589 1761 1740 1815 ἰδεῖν
1768 1761 1807 1816 ἅ

232 1849 406 1919 ὑμεῖς
431 1849 720 1916 βλέπετε,
752 1850 851 1904 καί
878 1853 989 1906 οὐκ
1024 1847 1206 1906 εἶδον.
1242 1853 1593 1921 Ἀκούσομαι
1622 1853 1681 1906 τί
1699 1857 1806 1908 λα-

228 1940 411 2008 λήσει
430 1942 500 1996 ἐν
519 1942 648 2012 ἐμοὶ
675 1942 891 2010 Κύριος
910 1945 944 1997 δ
973 1943 1137 2009 Θεὸς,
1162 1943 1251 1997 ὅτι
1271 1943 1528 2011 λαλήσει
1556 1944 1807 2014 εἰρήνην

227 2033 331 2095 ἐπὶ
367 2033 475 2087 τὸν
494 2033 648 2089 λαόν
671 2033 878 2100 αὐτοῦ,
920 2035 1017 2088 καί
1045 2036 1143 2089 ἐπὶ
1179 2037 1320 2104 τοὺς
1364 2038 1576 2105 ὁσίους
1595 2038 1803 2102 αὐτοῦ,

228 2127 331 2180 καί
371 2128 470 2182 ἐπὶ
504 2127 645 2195 τοὺς
676 2128 1148 2198 ἐπιστρέφοντας
1190 2130 1466 2200 καρδίαν.
1495 2131 1808 2204 Εὐξάμενος

223 2220 256 2272 ὁ
279 2213 589 2290 Προφήτης,
617 2221 682 2290 τῇ
708 2221 885 2290 σιωπῇ
915 2219 1107 2274 ἑαυτὸν
1127 2222 1485 2294 παραδίδωσι,
1509 2224 1806 2288 πιστεύσας

227 2309 758 2382 ὲπακουσθήσεσθαι.
776 2307 910 2365 Εἶτα
940 2313 1318 2384 προσδοκήσας
1348 2314 1694 2387 ᾁποκρίσεως
1715 2334 1808 2370 τυ-

227 2405 346 2473 χεῖν
393 2420 556 2473 φησιν
603 2403 764 2468 αὐτὸς
806 2404 942 2476 πρὸς
987 2405 1178 2462 αὐτόν’
1216 2404 1298 2459 Τὰ
1357 2405 1454 2477 μὲν
1497 2408 1597 2478 τῆς
1641 2406 1808 2479 εὐχῆς

232 2512 324 2568 μοι
350 2493 574 2548 τοιαῦτα
609 2495 830 2564 γέγονεσ
859 2496 1050 2568 καιρὸς
1076 2496 1131 2550 δὲ
1164 2497 1349 2551 λοιπὸν
1378 2498 1680 2553 ἐπακοῦσαι
1711 2498 1806 2552 τοῦ

229 2584 390 2652 ἁγίου
416 2583 758 2659 Πνεῦματος,
799 2587 892 2640 καὶ
947 2587 1137 2657 μαθεῖν
1176 2589 1306 2660 παρ’
1333 2589 1498 2643 αὐτοῦ
1530 2589 1582 2644 τί
1623 2591 1808 2662 μέλλοι

231 2673 509 2738 θεσπίζειν
543 2677 672 2748 περὶ
690 2678 789 2748 τῆς
817 2679 1040 2750 εἰρήνης
1063 2678 1160 2732 τοῦ.
1176 2679 1306 2733 λαοῦ
1333 2681 1520 2747 αὑτοῦ,
1559 2685 1653 2741 καὶ
1683 2686 1808 2755 περὶ

229 2767 340 2821 τῶν
383 2768 682 2839 μελλόντων
714 2769 804 2823 διὰ
831 2771 924 2824 τοῦ
965 2772 1201 2844 Χριστοῦ
1236 2773 1401 2828 αὐτοῦ
1438 2775 1805 2846 ἐπιστρέφειν.

229 2856 368 2914 Εἶτα
399 2860 568 2933 βραχύ
595 2879 647 2914 τι
663 2863 728 2932 ὲφ
739 2862 1035 2935 ηωχάσας,
1058 2863 1360 2936 πληροῦται
1381 2865 1472 2919 τοῦ
1494 2867 1809 2938 Πνεύματος

227 2953 326 3006 τοῦ
363 2953 528 3019 θείου,
583 2955 679 3026 καὶ
726 2955 1058 3027 προφητεύει
1104 2957 1232 3027 ἑξῆς
1283 2951 1385 3012 ὧδέ
1432 2977 1548 3024 πως
1605 2960 1803 3029 λέγων·

231 3041 408 3109 Πλὴν
429 3042 608 3112 ἐγγὺς
628 3043 747 3098 τῶν
767 3043 1151 3122 φοϐουμένων
1183 3047 1371 3108 αὐτὸν
1413 3049 1481 3101 τὸ
1513 3048 1812 3117 σωτήριον

1911 571 2076 625 tuam,
2097 569 2148 615 et
2169 561 2408 615 salutare
2429 570 2575 614 tuum
2599 562 2672 615 da
2701 561 2872 617 nobis.
2908 561 3008 618 Hic
3029 563 3190 618 etiam
3209 563 3484 634 Propheta

1910 654 2184 724 precando
2218 652 2450 720 insistit,
2482 660 2543 708 ut
2578 654 2695 724 ipse
2721 671 2940 726 quoque
2966 655 3165 727 dignus
3196 655 3482 721 habeatur,

1907 747 1998 816 qui
2024 762 2086 801 ea
2133 763 2253 816 quae
2277 763 2376 818 per
2401 747 2838 803 misericordiam
2871 746 2963 803 Dei
2991 757 3286 810 eventura,
3338 762 3486 818 quae-

1907 853 2013 907 que
2039 846 2196 893 antea
2225 839 2589 908 praenuntiata
2613 848 2762 905 sunt,
2792 840 2965 896 oculis
2995 840 3278 909 percipiat.
3310 837 3488 911 Rogat

1908 931 2034 984 item
2065 936 2123 983 ut
2155 929 2472 998 splendendi
2526 929 2670 986 illius
2723 928 2926 985 Christi
2967 930 3033 984 ad
3080 930 3332 984 homines
3385 928 3485 983 ad-

1907 1030 2102 1077 ventus
2134 1023 2250 1092 ipse
2281 1038 2509 1077 consors
2531 1021 2815 1087 eﬁiciatur,
2843 1037 2968 1076 cum
2998 1021 3106 1085 ait,
3139 1019 3210 1074 Et
3249 1022 3486 1075 salutare

1910 1125 2056 1169 tuum
2085 1114 2155 1170 da
2181 1115 2351 1170 nobis.
2387 1109 2637 1171 Salutare
2667 1123 2850 1171 autem
2882 1115 3026 1171 illud
3049 1114 3330 1170 Christum
3361 1130 3488 1171 esse

1909 1211 2055 1266 clare
2085 1211 2243 1267 docet
2273 1212 2328 1265 in
2357 1210 2666 1283 Evangelii's
2693 1208 2914 1265 Simeon
2944 1230 2956 1264 :
2990 1210 3106 1280 qui,
3138 1208 3268 1265 Jesu
3305 1209 3486 1264 adhuc

1909 1304 2118 1361 infante
2147 1305 2202 1359 in
2237 1305 2382 1361 ulnis
2418 1312 2664 1375 accepto,
2696 1303 2832 1358 dixit
2863 1322 2876 1358 :
2917 1302 3075 1357 Nunc
3106 1302 3330 1356 dimittis
3373 1318 3486 1356 ser-

1908 1415 2026 1452 vum
2089 1408 2277 1461 tuum,
2332 1397 2591 1461 Domine,
2641 1396 2927 1452 secundum
2977 1396 3187 1452 verbum
3219 1406 3367 1450 tuum
3428 1395 3486 1449 in

1906 1507 2051 1560 pace.
2085 1490 2225 1557 Quia
2263 1485 2501 1544 viderunt
2545 1489 2687 1545 oculi
2745 1489 2843 1542 mei
2902 1489 3137 1542 salutare
3196 1497 3346 1542 tuum
3411 1487 3480 1543 ”.

1910 1581 2145 1652 Idipsum
2194 1580 2383 1635 videre
2420 1588 2674 1651 peroptat
2705 1578 2979 1650 Propheta
3012 1599 3025 1634 :
3077 1579 3200 1634 ideo
3233 1576 3485 1634 Salvator

1909 1675 2005 1738 ait,
2035 1673 2194 1728 Multi
2224 1673 2488 1743 propheta:
2513 1683 2563 1727 et
2581 1673 2721 1743 justi
2749 1673 3021 1726 voluerunt
3051 1671 3365 1742 videt-equa?
3394 1687 3484 1724 vos

1909 1763 2116 1830 videtis,
2145 1773 2195 1818 et
2226 1781 2333 1818 non
2352 1762 2590 1817 viderunt
2620 1763 2688 1817 δι.
2712 1793 2781 1801 —
2803 1761 2970 1816 Vens.
3005 1762 3059 1816 9.
3096 1760 3326 1814 Audiam
3356 1760 3484 1831 quid

1909 1858 2152 1928 loquetur
2191 1859 2248 1911 in
2281 1873 2362 1910 me
2416 1855 2672 1909 Dominus
2718 1854 2898 1919 Deus,
2943 1856 3190 1925 quoniam
3244 1855 3485 1925 loquetur

1905 1966 2086 2019 pacem
2115 1951 2170 2004 in
2194 1950 2394 2020 plebem
2413 1966 2588 2015 suam,
2611 1957 2659 2003 et
2703 1949 2757 2002 in
2808 1957 3018 2003 sanctos
3050 1965 3172 2002 suos
3204 1956 3254 2002 et
3306 1949 3361 2001 in
3393 1964 3482 2002 eos

1907 2045 1996 2114 qui
2023 2052 2393 2098 convertuntur
2418 2043 2593 2098 corde.
2622 2040 2917 2112 Postquam
2946 2049 3202 2112 precatus
3238 2048 3323 2096 est
3349 2041 3485 2094 Pro-

1910 2136 2104 2206 pheta,
2159 2146 2344 2191 certus
2391 2153 2451 2193 se
2503 2135 2903 2191 exaudiendum
2953 2150 3110 2198 esse,
3166 2134 3385 2190 silentio
3424 2148 3484 2188 se

1909 2227 2097 2284 tradit.
2135 2227 2275 2283 Hinc
2304 2229 2435 2282 dum
2465 2227 2880 2298 responsionem
2909 2233 3213 2298 exspectat,
3253 2241 3375 2282 sese
3400 2226 3482 2281 sic

1909 2319 2207 2390 alloquitur
2239 2338 2253 2374 :
2287 2318 2435 2374 Talis
2489 2317 2591 2372 fuit
2647 2320 2888 2390 precatio
2937 2334 3090 2386 mea;
3123 2318 3234 2388 jam
3269 2327 3484 2387 tempus

1909 2416 1994 2466 est
2023 2419 2085 2465 ut
2116 2408 2381 2481 Spiritum
2436 2418 2688 2465 sanctum
2721 2410 2974 2475 audiam,
3023 2418 3078 2467 et
3121 2411 3189 2465 ab
3240 2409 3334 2464 illo
3371 2410 3486 2465 edi-

1909 2517 2083 2568 scam,
2117 2501 2249 2572 quid
2281 2501 2350 2557 de
2376 2516 2510 2572 pace
2555 2501 2737 2572 pepuli
2788 2503 2874 2557 sui
2934 2511 2988 2557 et
3043 2501 3110 2557 de
3141 2501 3209 2557 iis
3236 2502 3330 2572 qui
3389 2518 3486 2572 per

1909 2595 2190 2652 Christum
2249 2611 2410 2650 suum
2467 2595 2816 2651 convertendi
2869 2601 3030 2658 sunt,
3087 2595 3485 2651 vaticinaturus

1911 2686 2004 2743 sit.
2043 2685 2250 2742 Deinde
2300 2701 2430 2742 vero
2479 2695 2767 2756 postquam
2832 2686 3053 2755 paulum
3122 2685 3369 2742 substitit
3429 2692 3485 2741 et

1911 2779 2137 2850 quievit,
2203 2777 2411 2849 Spiritu
2467 2777 2652 2832 divino
2727 2776 2996 2847 repletur;
3079 2785 3133 2830 et
3207 2776 3311 2830 sub
3370 2774 3485 2829 hate

1913 2872 2251 2944 prophetiam
2296 2871 2408 2927 edit
2449 2870 2535 2926 his
2567 2870 2787 2927 verbis:
2824 2901 2888 2910 ν-
2924 2868 3088 2924 Vens.
3138 2869 3226 2923 10.
3265 2868 3485 2923 Verum-

1916 2974 2088 3019 tamen
2120 2979 2278 3033 prope
2309 2965 2546 3022 timentes
2578 2979 2697 3018 eum
2731 2964 2966 3018 salutare
2985 2962 3174 3032 ipsius,
3200 2971 3257 3015 ut
3278 2960 3488 3016 inhabi-

1916 3066 1986 3116 tet
2012 3059 2183 3129 gloria
2228 3059 2282 3111 in
2316 3067 2456 3111 terra
2508 3065 2710 3111 nostra.
2743 3055 2842 3112 llis
2869 3063 3049 3112 autem
3077 3055 3318 3111 declarat
3344 3054 3489 3124 jam-

229 3135 444 3198 αὑτοῦ,
480 3124 586 3189 τοῦ
617 3135 1084 3206 κατασκηνῶσαι
1113 3136 1299 3200 δόξαν
1319 3139 1389 3191 ἐν
1419 3137 1495 3207 τῇ
1514 3138 1592 3209 γῇ
1621 3140 1808 3210 ήμῶν·

1914 3150 2023 3219 jam
2054 3149 2412 3204 adventurum
2450 3148 2768 3216 hominibus
2805 3151 2938 3204 esse
2987 3147 3228 3203 salutare
3271 3145 3390 3209 Dei,
3418 3146 3487 3200 de

234 3222 545 3299 ἰέαρίστησι
577 3227 634 3281 δὲ
661 3227 750 3281 διὰ
773 3229 1000 3297 τούτων,
1031 3229 1154 3284 ὅσον
1187 3230 1398 3284 οὐδέπω
1435 3231 1647 3302 μέλλειν
1694 3233 1812 3285 επι-

235 3319 530 3388 στήσεσθαι
557 3317 864 3391 ἀνθρώποις
892 3320 954 3373 τὸ
985 3322 1250 3392 σωτήριον
1274 3319 1366 3383 τοῦ
1406 3321 1562 3384 Θεοῦ,
1585 3323 1715 3394 περὶ
1749 3315 1810 3374 οὗ

231 3411 494 3484 ἀνωτέρω
545 3409 748 3483 ηὔξατο
780 3410 975 3466 εἰπών·
1026 3411 1232 3476 Δεῖξον
1280 3411 1457 3481 ήμῐν,
1492 3412 1694 3480 Κύριε,
1745 3413 1812 3466 τὸ

230 3503 406 3568 ἔλεός
436 3519 571 3568 σου,
595 3503 694 3557 καί
721 3503 787 3559 τὸ
816 3502 1111 3582 σωτήριόν
1141 3518 1257 3558 σου
1282 3501 1441 3572 song
1476 3503 1638 3574 ήμῖν.
1673 3503 1814 3558 Αὐτὸ

231 3594 295 3667 δὴ
329 3590 426 3648 οῦν
461 3595 619 3650 τοῦτό
656 3614 788 3668 φησι
823 3597 885 3650 τὸ
923 3598 1197 3669 Σωτήρων
1225 3595 1460 3664 ’ἔγγιστα
1506 3597 1810 3668 τυγχάνειν,

233 3688 325 3752 καὶ
377 3687 604 3758 πλησίον
641 3687 742 3758 ήδη
769 3687 863 3744 καὶ
900 3688 1067 3756 ἐγγὺς
1108 3687 1219 3741 τῶν
1259 3686 1607 3758 φοϐουμένων
1653 3687 1814 3758 αὐτὸν

233 3773 400 3847 εἶναι,
425 3779 595 3834 αἴτιον
637 3780 880 3852 ὑπάρχον
915 3779 1011 3834 τοῦ
1061 3779 1486 3852 κατασκηνῶσαι
1521 3778 1676 3843 δόξαν
1720 3780 1815 3834 καὶ

232 3872 573 3944 σκηνώματα
628 3874 891 3944 συστῆσαι
921 3875 980 3927 ὲν
1008 3875 1075 3946 τῇ
1108 3876 1181 3945 γῇ
1224 3872 1400 3944 ἡμῶν.
1437 3871 1598 3936 Ἔθος
1644 3872 1701 3925 δὲ
1746 3875 1813 3944 τῇ

234 3963 356 4038 θείᾳ
398 3965 589 4037 Γραφῇ
621 3965 713 4020 τὸν
758 3966 991 4038 Χριστὸν
1022 3965 1116 4018 τοῦ
1150 3965 1285 4019 Θεοῦ
1322 3967 1590 4037 σωτήριον
1615 3965 1814 4036 όνομᾲ-

235 4054 372 4125 ζειν,
409 4056 668 4124 πολλάκις
716 4058 804 4111 διὰ
835 4059 1044 4114 πολλῶν
1092 4059 1476 4130 ἀπεδείξαμεν.
1507 4060 1574 4113 Ὃ
1617 4058 1683 4129 δὴ
1725 4059 1818 4113 καὶ

235 4146 332 4201 νῦν
371 4147 644 4212 θεσπίζων
685 4150 714 4202 6
763 4148 942 4218 λόγος,
982 4151 1218 4226 παρίστη
1251 4151 1518 4205 διδάσκων
1556 4151 1677 4204 ἀντὶ
1717 4148 1818 4220 τῆς

239 4239 511 4310 προτέρας
538 4240 763 4311 ἀτιμίας
785 4244 883 4310 τῆς
912 4243 1053 4303 κατὰ
1076 4243 1173 4320 τὴν
1202 4242 1646 4314 εἰδωλολατρείαν
1684 4241 1817 4306 ὑπο-

242 4331 450 4402 στάσης
495 4333 552 4384 ὲν
584 4335 649 4403 τῇ
679 4334 748 4404 γῇ
785 4332 940 4399 δόξαν
964 4337 1020 4387 ὲν
1060 4336 1196 4406 αὐτῇ
1229 4333 1692 4406 κατασκηνώσειν,
1721 4332 1817 4386 καὶ

240 4424 579 4496 σκηνώματα
615 4425 892 4497 πανταχοῦ
951 4427 1052 4497 γῆς
1100 4427 1481 4499 ἰδρυθήσεσθαι
1527 4426 1685 4498 δόξης
1717 4425 1816 4496 τῆς

1914 3257 2024 3313 quo
2065 3242 2318 3312 superius
2342 3241 2458 3295 haec
2485 3242 2812 3312 precabatur
2843 3257 2858 3292 :
2895 3238 3122 3296 Ostende
3162 3238 3332 3306 nobis,
3370 3237 3484 3290 Do-

1914 3334 2072 3397 mine,
2111 3331 2528 3388 misericordiam
2558 3342 2725 3398 tuam,
2755 3342 2804 3387 et
2838 3331 3075 3386 salutare
3106 3339 3253 3383 tuum
3283 3329 3355 3382 da
3395 3345 3490 3383 no-

1915 3425 2016 3481 bis.
2034 3425 2147 3481 Hoc
2164 3427 2342 3497 ipsum
2366 3421 2729 3495 salutare'jam
2751 3423 3059 3494 proximum
3105 3437 3229 3478 esse
3251 3421 3492 3477 declarat

1914 3534 1979 3573 ac
2010 3520 2248 3574 vicinum
2273 3519 2591 3574 timentibus
2625 3533 2747 3572 eum
2768 3557 2783 3582 ,
2827 3517 3116 3588 ipsumque
3149 3531 3333 3572 veram
3367 3531 3490 3571 esse

1913 3624 2136 3665 causam
2171 3625 2272 3664 cur
2321 3609 2493 3681 gloria
2538 3609 2805 3664 inhabitet
2849 3615 2904 3662 et
2941 3607 3292 3662 tabernacula
3321 3611 3491 3676 ponat

1917 3704 1974 3757 in
2005 3709 2160 3758 terra
2182 3709 2391 3759 nostra.
2429 3701 2484 3757 id
2512 3708 2693 3757 autem
2719 3700 2890 3756 moris
2915 3714 3040 3754 esse
3086 3698 3381 3768 Scriptum
3412 3697 3493 3752 di-

1917 3795 2074 3862 vinae,
2107 3802 2167 3850 ut
2194 3795 2470 3850 Christum
2497 3793 2593 3850 Dei
2639 3794 2882 3850 salutare
2919 3803 3218 3862 nuncupet,
3247 3807 3392 3862 saepe
3435 3799 3492 3846 et

1917 3889 2166 3959 pluribus
2191 3887 2691 3959 comprobavimus.
2724 3885 2881 3952 Quod
2922 3901 3054 3941 sane
3105 3885 3208 3939 hoc
3255 3884 3310 3938 in
3349 3884 3490 3938 vati-

1917 3978 2063 4032 cinio
2107 3977 2437 4040 declaratur,
2469 3975 2681 4031 scilicet
2700 3974 2823 4028 loco
2853 3972 3054 4043 prioris
3084 3970 3341 4034 infamiae,
3370 3984 3493 4041 quae

1917 4069 2239 4126 idololatriae
2282 4080 2530 4139 tempore
2575 4067 2630 4121 in
2674 4073 2822 4120 terra
2869 4063 3210 4128 versabatur,
3263 4061 3492 4132 gloriam

1917 4160 2116 4216 ibidem
2151 4146 2544 4222 habitaturam,
2567 4164 2622 4212 et
2649 4156 3000 4212 tabernacula
3029 4155 3215 4225 gloria:
3256 4153 3369 4208 Deo
3395 4166 3494 4222 per

1918 4253 2286 4323 evangelicam
2314 4251 2620 4306 doctrinam
2652 4249 2973 4311 referendae,
2998 4248 3201 4316 ubique
3222 4254 3492 4299 terrarum

1921 4345 2134 4416 ﬁgenda
2177 4361 2321 4401 csse.
2378 4343 2694 4398 Secundum
2741 4342 2858 4396 haec
2905 4340 3129 4394 modum
3174 4337 3349 4406 aperit
3383 4351 3494 4405 quo

1922 4437 2189 4507 promissa
2212 4434 2534 4505 complenda
2571 4439 2722 4498 sunt,
2745 4431 2832 4486 his
2860 4429 3041 4485 verbis
3068 4447 3081 4482 :
3107 4457 3178 4468 -—
3202 4425 3370 4480 Vens.
3401 4424 3490 4479 it.

236 4515 317 4586 τῷ
355 4516 475 4590 Θεῷ
505 4517 594 4571 διὰ
629 4519 730 4590 τῆς
768 4519 1124 4590 εὐαγγελικῆς
1161 4519 1505 4583 διδασκαλίας
1551 4517 1811 4588 ἀνατεθη-

1919 4528 2291 4585 Misericordia
2325 4537 2374 4582 et
2417 4527 2610 4581 veritas
2645 4524 2980 4579 obviaverunt
3027 4519 3150 4585 sibi,
3201 4516 3418 4588 justitia
3443 4527 3492 4571 et

241 4609 500 4681 σομένης.
558 4605 693 4664 Εἶτα
741 4609 952 4678 τούτοις
1010 4609 1138 4681 ἑξῆς
1185 4611 1277 4674 τὸν
1322 4612 1548 4683 τρόπον,
1589 4609 1712 4664 καθ’
1759 4609 1818 4668 ὃν

240 4698 464 4770 ἔμελλεν
509 4701 1074 4774 ἀποπληρωθήσεσθαι
1124 4701 1193 4755 τὰ
1235 4703 1653 4774 ἐπηγγελμένα,
1699 4703 1816 4757 δια-

241 4797 404 4863 σαφεῖ
446 4795 655 4864 λέγων·
694 4797 904 4861 Ἔλεος
949 4794 1046 4849 καί
1104 4793 1356 4860 ἀλήθεια
1395 4793 1815 4862 συνήντησαν,

241 4882 596 4956 δικαιοσύνη
645 4887 744 4942 καί
770 4887 980 4957 εἰρήνη
1023 4886 1458 4956 κατεφίλησαν.
1493 4886 1597 4941 Δύο
1627 4887 1691 4959 δὴ
1730 4887 1818 4942 διὰ

241 4977 444 5035 τούτων
472 4980 730 5049 συζυγίας
759 4980 1209 5053 φησὶν-ἀλλήλαις
1235 4980 1652 5052 συνηντηκέναι,
1685 4973 1760 5034 ὧν
1784 4982 1819 5050 ἡ

243 5069 434 5142 πρώτη
462 5073 644 5138 ἐλέους
675 5069 742 5144 ἦν
773 5073 870 5127 καὶ
899 5073 1178 5144 ἀληθείας,
1209 5074 1242 5145 ἡ
1270 5072 1326 5126 δὲ
1360 5072 1587 5145 δευτέρα
1616 5073 1819 5126 δικαιο-

241 5158 407 5232 σύνης
449 5166 544 5218 καὶ
586 5164 832 5236 εἰρήνης.
865 5166 1212 5236 Συνήντησαν
1245 5164 1517 5237 ἀλλήλαις,
1542 5165 1695 5238 φησὶ,
1727 5165 1819 5230 καὶ

245 5251 490 5320 φιλικοὺς
542 5257 867 5327 ἀσπασμοὺς
895 5258 1301 5312 ἀποδεδώκασιο
1351 5258 1718 5330 κατεφίλησὰν
1758 5273 1819 5310 τε

244 5344 378 5412 ὁμοῦ
400 5347 501 5418 τὴν
533 5348 879 5422 δικαιοσύνην
901 5350 996 5404 καὶ
1027 5350 1125 5423 τὴν
1159 5352 1384 5423 εἰρήνην
1412 5353 1445 5420 ή
1475 5350 1700 5421 ἀλήθεια
1728 5351 1822 5414 καὶ

245 5431 305 5484 τὸ
331 5434 497 5502 ἔλεος.
538 5429 706 5492 Πόθεν
737 5439 794 5493 δὲ
817 5439 1151 5513 ἀφικόμεναι
1175 5441 1433 5514 ἀλλήλαις
1462 5442 1819 5514 συνήντησαν,

250 5527 409 5583 πάλιν
436 5531 643 5596 ὑποϐὰς
672 5532 914 5588 διδάσκει
932 5533 1136 5603 λέγων·
1180 5534 1448 5602 Ἀλήθεια
1481 5535 1550 5589 ἐκ
1577 5534 1688 5604 τῆς
1713 5535 1824 5607 γῆς

249 5618 532 5690 ἀνέτειλε,
560 5627 657 5680 καὶ
697 5626 1050 5698 δικαιοσύνη
1094 5629 1161 5682 ἐκ
1195 5628 1301 5683 τοῦ
1342 5629 1602 5697 οὐρανοῦ
1629 5629 1823 5690 διέκυ-

317 5801 360 5830 δθ
400 5804 529 5864 Luc,
569 5825 644 5876 ιι,
682 5809 884 5875 29,50.
962 5811 1002 5842 ⁵⁸
1049 5808 1241 5870 Matth.
1280 5825 1410 5877 xm,
1447 5809 1534 5875 1?-

1917 4639 2024 4692 pax
2057 4621 2309 4676 osculata:
2352 4628 2495 4674 sunt.
2546 4617 2642 4673 His
2691 4631 2856 4688 porro
2889 4613 3047 4669 binas
3077 4610 3495 4682 conjugationes
3587 4631 3598 4640 ε

1919 4711 2192 4767 coaluisse
2221 4710 2402 4776 docet,
2433 4723 2665 4779 quarum
2699 4707 2876 4777 prima
2908 4712 2993 4760 est
3026 4701 3420 4758 misericordia:
3439 4709 3496 4755 et

1919 4804 2198 4869 veritatis;
2232 4803 2474 4859 secunda
2500 4817 2648 4867 vero,
2677 4799 2904 4871 iustitia:
2933 4806 2987 4855 et
3028 4795 3204 4869 pacis.
3228 4795 3497 4850 Occurre-

1919 4903 2071 4962 runt,
2109 4895 2308 4966 inquit,
2352 4902 2564 4960 mutuo,
2601 4893 2919 4962 amicasque
2961 4889 3321 4946 salutationes
3363 4902 3496 4944 conv

1921 4989 2167 5044 tulerunt
2213 5007 2226 5044 :
2267 4989 2456 5043 oscula
2494 4986 2764 5043 dederunt
2800 4985 2965 5042 simul
3013 4984 3241 5056 iustitiae
3277 4989 3333 5038 et
3374 4980 3494 5053 paci

1920 5078 2127 5135 veritas
2153 5085 2206 5133 ct
2235 5077 2632 5134 misericordia.
2663 5075 2821 5132 Unde
2859 5092 2988 5132 vero
3021 5075 3279 5146 profectae
3303 5081 3496 5128 mutuo

1923 5172 2290 5237 occurrerint,
2341 5171 2643 5228 secundum
2694 5173 2808 5225 lucc
2851 5169 3093 5225 declarat
3139 5167 3226 5224 his
3264 5165 3490 5222 verbis:

1923 5296 1994 5306 --
2013 5263 2181 5320 Vens.
2215 5267 2305 5319 12.
2351 5265 2555 5320 Veritas
2585 5263 2649 5318 de
2677 5273 2817 5318 terra
2840 5271 2959 5317 orta
2986 5271 3083 5327 est,
3116 5270 3165 5316 et
3186 5259 3402 5330 justitia
3430 5255 3496 5310 de

1927 5358 2051 5415 caelo
2073 5359 2361 5429 prospexit.
2383 5357 2581 5428 Utpote
2603 5357 2766 5429 igitur
2787 5372 2854 5412 ex
2874 5370 3070 5427 magna
3090 5347 3496 5418 intercapedine

1925 5458 2118 5507 mutuo
2147 5459 2562 5515 concurrentes,
2600 5464 2721 5506 sese
2757 5449 2993 5505 invicem
3030 5445 3290 5513 amplexae
3319 5446 3373 5494 et
3405 5454 3496 5494 os-

1926 5544 2122 5600 culata:
2151 5551 2301 5608 sunt,
2337 5543 2466 5598 hinc
2504 5543 2724 5612 justitia
2752 5557 2874 5613 quae
2915 5539 2983 5593 de
3025 5535 3166 5591 coelo
3203 5534 3257 5587 in
3291 5539 3495 5587 terram

1927 5636 2230 5710 prospexit,
2272 5635 2397 5693 inde
2435 5637 2638 5693 veritas
2687 5650 2807 5706 quae
2852 5632 2919 5688 de
2965 5629 3074 5684 imo
3101 5625 3216 5684 sive
3250 5624 3318 5681 de
3351 5632 3501 5685 terna
