3988 6204
518 310 662 374 102⁵5

1230 312 1505 373 EUSEBII
1543 316 2018 373 CESARIENSIS
2049 315 2205 373 OPP.
2245 315 2426 371 PARS
2463 316 2551 372 Ill.
2591 347 2661 359 —
2700 316 3108 375 EXEGETICA.

3641 323 3789 380 1094

515 447 641 495 Orta
669 444 774 494 est.
815 435 913 492 His
945 443 1348 507 consequenter
1377 436 1702 506 adjiciemus
1727 445 1780 494 et
1812 435 2095 508 subjunge-

2209 440 2350 506 ψεν-
2392 437 2479 501 Ὧς
2511 439 2575 492 ἐκ
2616 437 2828 510 μακροῦ
2869 434 3159 508 τοιγαροῦν
3192 437 3562 511 διαστήματος
3595 456 3796 494 συντυ-

515 544 640 583 mus
671 543 736 582 ea
771 542 896 596 quae
925 526 980 580 in
1012 525 1286 598 principio
1320 526 1514 596 psalmi
1537 528 1716 597 posita
1760 535 1911 592 sunt,
1942 535 1997 582 et
2026 527 2106 582 sic

520 619 726 674 habent
754 617 1136 684 :Benedixisti,
1169 617 1416 684 Domine,
1443 629 1640 673 terram
1672 629 1838 686 tuam,
1869 619 2107 673 avertisti

515 711 882 781 captivitatem
910 709 1100 764 Iacob.
1133 709 1404 764 Remisisti
1436 711 1764 780 iniquitatem
1791 710 1952 778 plebis
1979 720 2103 775 tuae,

518 803 777 872 aperuisti
809 805 989 856 omnia
1032 813 1248 873 peccata
1279 819 1481 858 eorum.
1529 802 1654 857 Haec
1681 803 1882 874 quippe
1921 802 2105 856 omnia

512 903 628 949 tum
665 894 848 949 futura
881 895 1408 964 prmnuntiabantur,
1449 909 1575 948 cum
1630 894 1872 947 salutare
1903 891 1998 946 Dei
2041 892 2099 947 in

512 994 663 1040 terra
689 986 867 1040 visum
892 995 1060 1041 esset.
1097 984 1378 1056 Siquidem
1401 1000 1508 1039 una
1537 999 1663 1040 cum
1703 983 1930 1038 salutari
1955 984 2098 1039 veri-

515 1086 603 1134 tas
641 1077 709 1134 de
742 1087 886 1133 terra
915 1087 1054 1145 orta,
1087 1093 1152 1133 ac
1179 1078 1398 1148 justitia
1434 1092 1554 1148 quae
1585 1077 1654 1132 de
1696 1076 1838 1131 coelo
1885 1075 2102 1147 prospi-

511 1171 666 1226 ciens
719 1171 821 1240 ipsi
867 1170 1136 1234 occurrit,
1191 1167 1287 1225 Dei
1341 1170 1577 1242 gratiam
1624 1183 1692 1224 ex
1737 1184 1894 1238 aequo
1924 1183 2102 1238 exque

513 1277 772 1332 suprema
828 1261 966 1332 justi
1017 1261 1232 1317 ratione
1277 1260 1334 1316 in
1387 1275 1579 1316 omnes
1629 1259 1880 1315 homines
1927 1257 2102 1314 eﬂun—

517 1355 622 1410 dit.

2206 528 2397 598 χοῦσαι
2436 527 2725 600 ἀλλήλαις,
2770 528 3200 600 περιεπτύξαντο
3241 529 3336 582 καὶ
3385 530 3788 601 κατεφίλησαψ

2204 617 2411 672 ἀνωθεν
2443 618 2542 689 μὲν
2565 618 2624 683 ἐξ
2653 619 2883 691 οὐρανοῦ
2908 619 3216 690 διακύψασα
3249 622 3340 674 ἐπὶ
3367 623 3465 694 τὴν
3508 621 3612 690 γῆν
3643 624 3677 692 ἡ
3706 622 3791 675 δι-

2204 708 2488 778 καιοσύνη,
2541 709 2787 775 κάτωθεν
2834 710 2892 763 δὲ
2940 710 3051 764 ἀπὸ
3091 710 3192 780 τῆς
3241 711 3347 782 γῆς
3398 712 3789 784 ἀνατείλασαή

2205 800 2451 872 ἀλήθεια.
2478 799 2699 865 Τούτοις
2737 802 3043 868 ἀκολούθως
3073 801 3199 874 ἑξῆς
3234 801 3667 874 παραθησόμεθα
3694 805 3792 856 καὶ

2207 892 2519 963 συνάψομεν
2546 893 2617 947 τά
2663 893 2855 964 πρῶτα
2888 892 2982 946 τοῦ
3020 893 3238 965 ψαλμοῦ
3259 934 3272 959 ,
3305 896 3363 948 ἐν
3408 888 3488 956 οἷς
3533 892 3786 960 ἐλέγετο·

2203 986 2581 1054 Εὺδόκησας,
2606 988 2802 1056 Κύριε,
2829 985 2942 1055 τὴν
2962 987 3080 1057 γῆν
3100 1001 3237 1052 σου,
3259 985 3646 1055 ἀπέστρεψας
3674 985 3792 1052 τὴν

2203 1079 2622 1148 αἰχμαλωσίαν
2676 1078 2889 1133 Ἰακώϐ.
2941 1077 3197 1148 Ἀφῆκας
3244 1077 3357 1147 τὴν
3385 1079 3644 1148 ἀνομίαν
3680 1077 3790 1132 τοῦ

2203 1169 2357 1224 λαοῦ
2385 1185 2521 1234 σου,
2542 1168 2854 1238 ἐκάλυψα(
2888 1168 3090 1235 πάσας
3110 1168 3216 1236 τὰς
3243 1169 3530 1239 ἁμαρτίας
3564 1169 3786 1222 αὐτῶν.

2204 1260 2390 1314 Ταῦτα
2415 1260 2524 1332 γὰρ
2555 1260 2731 1316 πάντα
2756 1259 2969 1332 μέλλειν
3001 1260 3219 1314 ἔσεσθαι
3250 1260 3675 1332 προεφητεύετο,
3691 1259 3787 1312 τοῦ

2213 1351 2482 1423 σωτηρίου
2515 1352 2606 1408 τοῦ
2650 1351 2785 1405 Θεοῦ
2809 1353 2902 1405 ἐπ)⁸
2934 1352 3037 1422 γῆς
3099 1351 3373 1421 ὀφθέντος.
3409 1352 3559 1404 Ἐπεὶ
3582 1353 3679 1404 σὺν
3707 1351 3790 1421 τῷ

511 1443 775 1516 Σωτηρίῳ
821 1443 1048 1515 ἀλήθεια
1079 1444 1144 1496 ἐκ
1176 1443 1275 1513 τῆς
1305 1442 1409 1513 γῆς
1444 1441 1793 1505 ἀνατείλασα,
1833 1441 2008 1516 ταύτῃ
2077 1459 2137 1505 τε
2178 1443 2560 1515 συναντήσασα
2597 1445 2631 1515 ή
2681 1447 2747 1497 ἐκ
2791 1444 2885 1497 τοῦ
2925 1442 3158 1514 οὐρανοῦ
3226 1442 3534 1512 διακύψασα
3580 1443 3788 1497 δικαιο-

513 1537 647 1608 σύνη
670 1577 684 1603 ,
722 1539 801 1601 εἰς
850 1539 1061 1601 πάντας
1093 1535 1414 1610 ἀνθρώπους
1460 1534 1521 1600 ἐξ
1566 1535 1681 1588 ἴσου
1720 1537 1816 1588 καὶ
1863 1536 2005 1589 κατά
2037 1535 2098 1589 τὸ
2136 1535 2476 1590 δικαιότατον
2501 1538 2600 1608 τὴν
2629 1537 2721 1591 τοῦ
2747 1537 2882 1591 Θεοῦ
2909 1537 3067 1611 χάριν
3097 1536 3395 1609 ἐξήπλωσε.

589 1654 687 1710 His
725 1670 893 1725 porro
943 1654 1163 1714 divinus
1224 1654 1439 1710 Domini
1473 1662 1526 1710 et
1563 1652 1875 1713 Servatoris
1923 1657 2098 1714 nostri

2277 1658 2472 1728 Σαφῶς
2504 1658 2560 1712 δὲ
2589 1658 2679 1720 διὰ
2716 1658 2920 1714 τούτων
2946 1662 2979 1731 ή
3011 1658 3299 1728 θεοφάνεια
3319 1658 3411 1712 τοῦ
3442 1660 3646 1731 Κυρίου
3691 1664 3789 1715 καὶ

506 1743 638 1802 Jesu
671 1746 883 1802 Christi
949 1747 1216 1802 adventus
1257 1746 1547 1818 perspicue
1600 1748 1959 1815 enuntiatur;
2005 1763 2095 1818 per

2202 1753 2453 1825 Σωτῆρος
2500 1751 2658 1824 ήμῶν
2701 1752 2874 1824 Ἰησοῦ
2926 1753 3162 1825 Χριστοῦ
3215 1752 3570 1824 παρίσταται’
3631 1751 3784 1808 διὀὖ

512 1846 679 1908 quem
723 1840 900 1892 solum
937 1838 1140 1894 veritas
1187 1838 1256 1893 de
1302 1844 1447 1892 terra
1486 1844 1607 1892 orta
1638 1847 1724 1893 est
1757 1855 1774 1894 :
1807 1839 1937 1910 quia
1984 1839 2102 1914 ipse

506 1933 714 1985 veritas
753 1938 893 1995 erat,
929 1944 991 1983 ac
1035 1929 1302 1984 doctrinae
1347 1930 1469 1999 ejus
1513 1931 1840 2002 evangelicae
1889 1947 2095 2000 sermo,

508 2038 620 2076 non
643 2031 702 2075 ιιι
727 2023 856 2074 olim
883 2022 937 2074 in
980 2021 1171 2091 ﬁguris
1213 2029 1268 2074 et
1309 2021 1595 2092 symbolis,
1630 2023 1726 2078 sed
1782 2038 1876 2093 per
1925 2024 2099 2093 ipsam

507 2114 798 2182 veritatem
859 2112 1200 2168 tradebatur.
1252 2110 1380 2168 ldeo
1431 2114 1637 2168 dictum
1682 2124 1768 2170 est
1818 2114 1981 2169 :Lea:
2008 2132 2101 2183 per

507 2203 752 2275 Moysem
781 2205 915 2260 data
955 2214 1054 2268 est,
1083 2207 1260 2275 gratia
1293 2215 1344 2259 et
1373 2207 1564 2260 veritas
1605 2221 1695 2275 per
1727 2207 1912 2264 Iesum
1945 2207 2101 2264 Chri-

505 2306 647 2350 stum
673 2296 820 2364 facta
849 2295 989 2350 est”
1013 2295 1036 2348 2
1086 2295 1353 2353 Universa
1391 2306 1573 2353 autem
1608 2313 1775 2367 opera
1804 2298 1924 2368 ejus
1951 2299 2098 2354 veri-

503 2395 590 2441 tas
618 2394 796 2450 erant,
828 2402 1042 2441 necnon
1073 2397 1230 2443 ortus
1255 2389 1396 2458 ejus,
1431 2389 1616 2459 passio
1645 2397 1698 2445 et
1725 2397 1944 2456 caetera,
1977 2407 2098 2462 qua":
2144 2439 2149 2445 .

503 2478 689 2549 specie
719 2479 900 2534 solum
933 2487 988 2534 et
1015 2479 1308 2550 phantasia
1333 2489 1487 2552 gesta
1520 2483 1693 2540 fuisse
1731 2484 2098 2554 opinabantur

506 2572 655 2626 athei
692 2571 962 2630 haeretici.
997 2573 1154 2645 Quod
1188 2576 1235 2630 si
1279 2578 1461 2632 omnis
1494 2576 1659 2632 homo
1692 2577 1952 2642 mendax,
1983 2590 2099 2633 me-

504 2663 618 2718 rito
650 2665 771 2735 ipse
801 2666 976 2731 solus,
1014 2667 1108 2739 qui
1145 2669 1346 2724 veritas
1376 2675 1484 2734 est,
1533 2669 1601 2726 de
1633 2677 1781 2726 terra
1810 2678 1966 2727 ortus
1989 2681 2094 2736 est,

502 2759 852 2828 peregrinum
883 2760 1163 2831 quidpiam
1195 2770 1250 2816 et
1291 2761 1578 2830 insolens;
1614 2771 1758 2819 terra
1779 2765 1939 2835 quale
1963 2783 2099 2820 nun-

506 2864 674 2919 quam
711 2852 912 2906 tulerat
941 2852 1146 2908 bonum
1178 2852 1512 2923 proferente,
1540 2858 1592 2910 in
1621 2874 1733 2927 quo
1761 2857 1982 2926 justitia
2004 2858 2094 2912 illa

507 2941 576 2996 de
601 2943 745 2996 ccelo
783 2943 1127 3014 prospiciens
1171 2946 1460 3016 requievit.
1510 2947 1729 3004 Justitia
1778 2966 1930 3015 vero,
1977 2967 2097 3021 quas

505 3034 566 3090 in
598 3036 832 3091 veritate
865 3038 1155 3108 requievit,
1186 3055 1436 3109 quaenam
1459 3043 1565 3096 alia
1598 3043 1786 3107 fuerit,
1833 3044 1942 3099 nisi
1978 3045 2094 3116 ipse
2119 3079 2166 3142 Ο

504 3123 654 3182 Deus
688 3125 928 3182 Verbum
960 3127 1028 3187 de
1055 3143 1166 3198 quo
1203 3129 1409 3185 dictum
1449 3140 1533 3188 est
1588 3152 1602 3189 :
1660 3134 1763 3201 Qui
1802 3135 1975 3204 [actus
2013 3146 2091 3191 est

505 3215 660 3270 nobis
692 3217 955 3285 sapientia
985 3234 1019 3271 a
1052 3216 1184 3284 Deo,
1210 3217 1430 3287 justitia
1468 3231 1519 3276 et
1552 3225 1906 3293 sanctiﬁcatio
1932 3235 1984 3280 et
2011 3243 2092 3280 re-

504 3306 736 3376 demptio
784 3308 872 3362 5'?
919 3307 1019 3365 Hic
1071 3326 1309 3382 namque
1354 3328 1421 3368 ex
1463 3314 1621 3372 caelis
1662 3315 2002 3373 descendens
2036 3318 2088 3374 in

503 3399 758 3465 veritate,
792 3416 914 3471 qua:
949 3402 1017 3458 de
1051 3414 1198 3458 terra
1230 3413 1352 3462 orta
1395 3414 1499 3471 est,
1547 3408 1833 3478 requievit,
1880 3410 2097 3481 ipsique

501 3489 855 3560 coniunctus,
889 3508 992 3548 ceu
1024 3493 1280 3550 dilectam
1310 3497 1620 3553 amabiliter
1650 3514 1770 3554 eam
1802 3501 2094 3571 amplexa-

509 3587 603 3635 tus
627 3590 732 3637 est.
770 3581 1003 3640 Veritati
1044 3602 1210 3656 porro
1268 3587 1335 3643 de
1389 3596 1532 3644 terra
1575 3600 1708 3645 orta:
1749 3607 2091 3662 praecurrens

505 3672 699 3728 aderat
725 3675 1102 3732 misericordia
1127 3696 1143 3732 :
1168 3695 1265 3750 per
1285 3681 1722 3739 misericordiam
1749 3686 1951 3756 quippe
1971 3686 2090 3752 Dei,

508 3773 626 3820 tota
655 3768 903 3825 veritatis
945 3770 1286 3841 dispensatio
1329 3774 1472 3828 facta
1505 3783 1611 3830 est.
1641 3774 1924 3832 Justitiam
1963 3794 2093 3835 vero

504 3858 577 3912 de
607 3860 749 3914 caelo
783 3860 1062 3932 delapsam
1099 3879 1200 3933 pax
1235 3868 1602 3935 sequebatur;
1625 3878 1684 3922 ut
1712 3868 1963 3927 homines
1984 3881 2095 3934 ter-

504 3965 625 4005 ram
657 3952 986 4017 incolentes,
1027 3971 1136 4011 non
1168 3957 1343 4013 solum
1379 3960 1753 4016 misericordia
1783 3961 1878 4018 Dei
1913 3971 1967 4018 et
1999 3981 2092 4020 ve-

505 4042 694 4108 ritate,
730 4045 824 4100 sed
854 4047 1020 4100 etiam
1050 4047 1146 4102 illa
1177 4050 1391 4109 cmlesti
1430 4051 1650 4121 justitia
1681 4062 1735 4110 et
1769 4055 1890 4124 ejus
1917 4055 2091 4112 amica

505 4147 645 4204 pace
692 4131 1028 4192 fruerentur.
1061 4135 1196 4191 Nam
1228 4140 1355 4195 olim
1403 4140 1622 4211 quidem
1654 4142 1881 4212 justitia;
1910 4151 1966 4200 et
1997 4161 2094 4215 pa-

503 4224 587 4278 cis
615 4224 957 4280 domicilium
990 4227 1191 4284 ccelum
1236 4241 1394 4298 erat;
1434 4249 1578 4288 nunc
1618 4251 1750 4291 vero
1789 4243 1931 4291 terra
1966 4253 2088 4292 cum

504 4317 890 4373 misericordia
917 4317 1009 4374 Dei
1034 4321 1088 4374 in
1115 4329 1260 4376 terra
1293 4323 1554 4378 substitit.
1578 4322 1712 4379 Nam
1743 4326 1857 4381 haec
1885 4328 2092 4382 subse-

2207 1844 2367 1916 μόνου
2411 1847 2445 1915 ή
2474 1843 2702 1915 ἀλήθεια
2746 1846 2810 1899 ἐκ
2841 1843 2940 1914 τῆς
2989 1844 3092 1914 γῆς
3135 1843 3440 1897 ἀνέτειλεν·
3483 1845 3785 1917 ἐπειδήπερ

2201 1939 2366 2002 αὐτὸς
2410 1935 2478 2010 ἦν
2517 1940 2551 2010 ή
2591 1937 2841 2010 ἀλήθεια,
2893 1939 2920 1990 ὅ
2969 1955 3027 1990 τε
3060 1937 3162 2008 τῆς
3208 1937 3571 2008 εὐαγγελικῆς
3616 1940 3783 1991 αὐτοῦ

2200 2031 2548 2095 διδασκαλίας
2580 2031 2738 2099 λόγος
2777 2031 2876 2084 οὐκ
2910 2030 2985 2084 ἔθ’
3020 2030 3096 2094 ὡς
3128 2031 3188 2083 τὸ
3222 2031 3448 2085 παλαιὸν
3496 2033 3554 2084 ἐν
3591 2031 3782 2094 τύποις

2201 2125 2296 2178 καὶ
2325 2125 2415 2178 διὰ
2449 2123 2734 2194 συμϐόλων
2779 2123 3130 2195 παραδέδοτο,
3164 2122 3299 2178 ἀλλά
3347 2123 3415 2175 δι’
3444 2124 3614 2194 αὐτῆς
3651 2123 3783 2194 ἀλη-

2201 2217 2370 2279 θείας.
2396 2215 2487 2268 Διὸ
2509 2215 2720 2286 εἴρηται
2743 2232 2754 2244 ο
2795 2216 2849 2267 '0
2878 2215 3062 2284 νόμος
3094 2213 3192 2268 διὰ
3205 2213 3503 2280 Μωῦσέως
3523 2214 3726 2283 ἐδόθη,
3747 2217 3782 2283 ἡ

2199 2307 2371 2379 χάρις
2406 2308 2505 2362 καί
2532 2307 2571 2374 ’ἡ
2601 2307 2855 2376 ἀλήθεια
2881 2306 2978 2361 διὰ
3013 2306 3207 2374 Ἰησοῦ
3233 2305 3492 2375 Χριστοῦ
3520 2306 3782 2376 ἐγένετο.

2199 2399 2310 2453 Καὶ
2340 2401 2509 2452 πᾶσαι
2537 2398 2594 2451 δέ
2623 2397 2787 2454 αὐτοῦ
2814 2399 2868 2451 αἱ
2919 2396 3147 2471 πράξεις
3186 2397 3410 2472 ἀλήθεια
3441 2395 3601 2470 ἦσαν,
3643 2400 3678 2469 ἦ
3720 2413 3782 2452 τε

2198 2492 2414 2562 γένεσις
2446 2492 2613 2546 αὐτοῦ
2647 2491 2824 2545 καὶτὸ
2854 2491 3027 2556 πάθος
3057 2492 3151 2545 καὶ
3171 2492 3241 2545 τὰ
3272 2491 3454 2555 λοιπὰ,
3476 2491 3512 2545 ἃ
3543 2492 3607 2563 δὴ
3639 2493 3782 2546 uti

2197 2585 2420 2655 δόκησιν
2453 2585 2547 2638 καὶ
2593 2583 2898 2652 φαντασίαν
2935 2583 3202 2638 ὑπέλαϐον
3229 2583 3507 2653 γεγονέναι
3542 2586 3589 2636 οἰ
3633 2584 3781 2638 ἄθεοι

2198 2675 2536 2746 αἰρεσιῶται.
2578 2675 2718 2729 Εἰδέ
2756 2674 2851 2727 καὶ
2877 2676 2984 2738 πᾶς
3017 2674 3301 2746 ἄνθρωπος
3329 2674 3590 2746 ψεύστης,
3621 2675 3781 2746 μόνος

2199 2767 2265 2821 ἂν
2293 2767 2454 2832 αὐτὸς
2479 2768 2722 2833 εἰκότως,
2748 2768 2971 2841 ἀλήθεια
3000 2767 3096 2832 ὢν,
3124 2768 3233 2821 ἀπὸ
3257 2767 3357 2838 τῆς
3384 2768 3489 2838 γῆς
3516 2768 3778 2833 ἀνέτειλε,

2201 2858 2351 2926 ξένον
2381 2877 2431 2913 τι
2456 2861 2643 2932 χρῆμα
2677 2860 2775 2932 τῆς
2813 2863 2949 2932 γῆς,
3000 2860 3093 2914 καὶ
3126 2855 3238 2913 οἷον
3275 2861 3620 2914 οὐδεπώποτε
3652 2875 3782 2933 τερο-

2198 2952 2468 3023 ηνέγκατο
2497 2951 2723 3021 ἀγαθὸν,
2746 2953 3085 3026 ἀποδούσηςο
3121 2955 3207 3023 ἐφ’
3241 2955 3300 3007 ὃν
3326 2955 3420 3008 καὶ
3450 2957 3482 3026 ὴ
3521 2954 3579 3019 ἐξ
3614 2957 3779 3026 οὐρα-

2199 3045 2292 3100 νοῦ
2321 3046 2630 3117 διακύψασα
2654 3047 2964 3118 δικαιοσύνη
2999 3047 3360 3102 ἀνεπαύσατο.
3390 3048 3484 3112 Τίς
3518 3049 3562 3101 δ’
3594 3048 3660 3101 ἂν
3693 3051 3780 3119 εἴη

2195 3142 2229 3210 ή
2251 3140 2565 3211 δικαιοσύνη
2586 3143 2617 3211 ή
2642 3142 3076 3214 ἀναπαυσαμένη
3103 3143 3195 3196 ἐπὶ
3215 3143 3314 3214 τὴν
3335 3143 3594 3214 ἀλήθειαν
3617 3144 3730 3196 ἀλλ’
3745 3145 3779 3215 ἦ

2195 3233 2357 3297 αὐτὸς
2391 3235 2419 3286 ό
2452 3233 2584 3295 Θεὸς
2625 3232 2797 3302 Λόγος
2819 3272 2833 3295 ,
2868 3235 2996 3305 περὶ
3023 3229 3349 3314 οῦείρηται,
3390 3237 3486 3301 Ὃς
3525 3235 3781 3304 ἐγ-ενήὼῖ

2193 3326 2339 3396 ἡμῖν
2383 3325 2570 3394 σοφία
2613 3323 2732 3379 ἀπὸ
2767 3325 2938 3390 Θεοῦ,
2971 3323 3328 3394 δικαιοσύνη
3370 3343 3434 3380 τε
3482 3326 3582 3379 καὶ
3615 3327 3782 3395 ἁγια-

2193 3416 2350 3488 σμὸς
2385 3416 2490 3470 καί
2539 3417 2992 3484 ἀπολύτρωσις-ς
3035 3411 3202 3480 Οὗτος
3240 3417 3378 3486 γὰρ,
3414 3417 3474 3482 ἐξ
3524 3418 3778 3488 οὐρανῶν

2195 3509 2464 3573 καταϐὰς,
2491 3508 2906 3562 ἐπανεπαύσατο
2934 3511 3000 3581 τῇ
3040 3509 3147 3564 ἀπὸ
3175 3509 3274 3580 τῆς
3304 3509 3408 3580 γῆς
3446 3509 3782 3582 ἀνατειλάσῃ

2194 3601 2440 3674 ἀληθείᾳ,
2469 3601 2653 3675 ήνώθη
2691 3619 2749 3656 τε
2799 3603 2974 3674 αὐτῇ,
3007 3603 3102 3656 καὶ
3149 3602 3223 3665 ὡς
3269 3602 3397 3673 φίλῃ
3439 3601 3783 3672 περιπλοκὰς

2195 3697 2362 3751 ἔδωκε
2393 3697 2636 3768 φιλικὰς.
2664 3696 2838 3767 Συνῆν
2868 3697 2924 3751 δὲ
2963 3699 3030 3767 τῇ
3065 3696 3164 3768 μὲν
3200 3699 3308 3751 ἀπὸ
3354 3697 3448 3766 τῆς
3490 3695 3593 3764 γῆς
3633 3697 3780 3750 ἀνα-

2194 3787 2417 3861 τειλάοῃ
2445 3785 2676 3858 ἀληθείᾳ
2701 3786 2763 3840 τὸ
2801 3786 2950 3849 ἔλεος
2986 3787 3285 3858 προτρέχον
3325 3787 3486 3856 αὐτῆς
3507 3803 3521 3815 ο
3548 3785 3640 3839 διὰ
3668 3785 3780 3855 γὰρ

2193 3878 2254 3931 τὸ
2280 3877 2371 3931 τοῦ
2400 3877 2534 3931 Θεοῦ
2569 3876 2718 3941 ἕλεος
2740 3877 2774 3948 ή
2809 3876 2961 3929 πᾶσα
2985 3875 3087 3946 τῆς
3107 3875 3363 3946 ἀληθείας
3387 3875 3608 3944 γέγονεν
3637 3877 3781 3927 οἰκο-

2193 3970 2386 4041 νομία·
2438 3971 2504 4041 τῇ
2543 3969 2599 4023 δέ
2653 3967 2712 4033 ἐξ
2749 3967 2993 4040 οὐρανῶν
3056 3966 3392 4038 κατελθούσῃ
3453 3965 3775 4040 δικαιοσύνῃ

2194 4063 2430 4134 sine-toﬁ}
2454 4064 2666 4134 εἰρήνη,
2693 4062 2841 4125 ὅπως
2860 4061 3029 4130 οἰέπὶ
3062 4061 3165 4132 γῆς
3191 4059 3469 4122 οἰκοῦντες
3498 4058 3777 4130 ἄνθρωποι

2199 4154 2272 4226 μὴ
2317 4154 2475 4224 μόνον
2529 4155 2684 4208 ἐλέου
2717 4152 2851 4207 Θεοῦ
2900 4153 2994 4207 καὶ
3046 4151 3303 4222 ἀληθείας
3356 4150 3775 4216 ἀπολαύσωσιν,

2195 4247 2333 4300 ἀλλά
2357 4248 2449 4300 καὶ
2490 4247 2590 4318 τῆς
2621 4245 2678 4313 ἐξ
2711 4245 2956 4319 οὐρανῶν
2995 4244 3364 4319 δικαιοσύνης,
3403 4246 3522 4316 ἅμα
3550 4244 3648 4298 καὶ
3682 4245 3778 4313 τῆς

2194 4337 2398 4410 ταύτης
2449 4338 2610 4410 φίλης
2661 4339 2904 4409 εἰρήνης.
2955 4337 3131 4392 Πάλαι
3181 4337 3280 4408 μὲν
3312 4336 3421 4408 γὰρ
3464 4338 3778 4407 οἰκητήριον

503 4410 792 4479 quentium
821 4425 991 4467 causa
1027 4411 1130 4467 fuit
1181 4432 1195 4468 ε
1243 4414 1513 4486 siquidem
1549 4429 1771 4489 propter
1799 4418 1896 4474 Dei
1930 4420 2094 4479 mise-

2199 4427 2457 4496 ἐτύγχανε
2486 4427 2585 4498 τῆς
2610 4425 2953 4498 δικαιοσύνης
2982 4427 3077 4481 καὶ
3103 4427 3204 4498 τῆς
3245 4428 3468 4497 εἰρήνης
3511 4426 3743 4496 οὐρανός
3761 4443 3774 4455 ⁸

499 4500 799 4557 ricortliam
831 4504 1039 4574 reliqua
1064 4507 1248 4563 omnia
1283 4517 1471 4568 secuta
1503 4518 1632 4565 sunt
1661 4531 1674 4566 :
1707 4519 1831 4583 post
1866 4514 2090 4569 miseri—

503 4594 750 4649 cordiam
783 4595 984 4666 quippe
1012 4598 1236 4661 veritas,
1265 4599 1392 4655 hinc
1417 4601 1654 4671 justitia,
1685 4603 1921 4674 denique
1953 4620 2085 4676 pax.

501 4685 582 4741 De
619 4686 915 4744 Servatore
951 4699 1101 4745 certe
1133 4699 1324 4747 nostro
1356 4693 1560 4750 diserte
1599 4696 1860 4751 scribitur
1895 4717 1907 4751 :
1949 4697 2090 4762 Quia

502 4778 615 4845 ipse
644 4787 722 4830 est
749 4792 855 4845 pax
889 4789 1092 4843 nostra,
1127 4783 1216 4851 qui
1259 4782 1381 4851 fecit
1417 4794 1639 4854 utraque
1680 4803 1843 4840 unum
1877 4789 1953 4855 ⁸⁸;
1987 4797 2042 4844 et
2073 4811 2085 4845 :

504 4866 810 4937 Paciﬁcans
837 4885 930 4938 per
953 4889 1006 4925 se
1035 4873 1139 4928 sive
1166 4892 1284 4944 qua:
1305 4877 1357 4929 in
1385 4878 1551 4939 cretis,
1586 4880 1691 4932 sive
1719 4897 1836 4950 qua:
1865 4883 1919 4934 in
1947 4893 2089 4937 terra

505 4970 630 5014 sunt
653 4961 698 4992 ⁸⁵
718 4979 732 5027 ;
756 4977 820 5016 ac
848 4977 1070 5018 rursum
1104 4985 1116 5020 :
1161 4965 1380 5022 Veniens
1413 4970 1788 5040 evangelieavit
1814 4989 1995 5042 pacem
2022 4977 2086 5031 iis

504 5053 597 5122 qui
627 5053 799 5124 longe,
836 5065 886 5109 et
927 5057 994 5111 iis
1054 5059 1144 5127 qui
1173 5075 1330 5128 prope
1381 5072 1504 5115 sunt
1537 5063 1605 5117 “.
1664 5062 1794 5119 Jure
1846 5082 1976 5136 ergo
2030 5069 2088 5122 in

504 5143 724 5202 Psalmo
763 5147 969 5202 dicitur
999 5150 1133 5204 illud
1171 5171 1183 5206 :
1232 5153 1606 5208 Verumtamen
1644 5172 1801 5227 prope
1845 5160 2083 5215 timentes

505 5255 624 5298 eum
659 5238 923 5294 salutare
956 5240 1144 5309 ipsius,
1167 5252 1223 5295 ut
1249 5244 1501 5300 inhabitet
1532 5246 1704 5316 gloria
1735 5249 1788 5302 in
1821 5258 1959 5304 terra
1993 5269 2087 5304 no-

504 5340 640 5387 stra.
675 5330 843 5386 Multa
866 5334 1066 5404 quippe
1095 5350 1398 5407 magnaque
1418 5339 1601 5408 gloria
1633 5340 1686 5394 in
1712 5350 1857 5396 terra
1877 5352 2088 5410 nostra,

506 5425 763 5481 videlicet
784 5424 843 5479 in
868 5427 1021 5492 orbe,
1051 5443 1148 5497 per
1171 5431 1580 5499 prOphetiarnm
1603 5442 1856 5488 eventum
1878 5436 2089 5490 consti-

507 5517 592 5579 tit.
621 5517 684 5571 Et
704 5519 1041 5590 qui,quaeso,
1062 5534 1172 5576 non
1194 5521 1506 5577 habitatura
1527 5534 1646 5579 erat
1667 5526 1838 5594 gloria
1859 5528 1914 5582 in
1943 5534 2088 5583 terra

509 5615 720 5674 nostra,
745 5610 965 5678 quando
999 5613 1244 5666 salutare
1273 5612 1466 5682 ipsius,
1499 5614 1754 5672 Christus
1775 5616 1892 5681 Dei,
1916 5625 1972 5673 et
1994 5617 2087 5673 illa

582 5762 627 5802 "-
654 5760 812 5826 .loan.
851 5781 902 5831 1.,
947 5764 1027 5819 Π.

2195 4517 2287 4572 νῦν
2317 4519 2371 4571 δὲ
2399 4520 2491 4572 καὶ
2517 4521 2549 4589 ή
2576 4520 2669 4589 γῆ,
2697 4519 2785 4572 ὅτε
2816 4520 2909 4572 ἐπὶ
2929 4520 3029 4591 τῆς
3059 4520 3161 4592 γῆς
3183 4519 3389 4590 ὑπέστη
3419 4519 3478 4572 τὸ
3512 4517 3664 4582 ἔλεος
3685 4517 3777 4571 τοῦ

2193 4608 2522 4662 Θεοῦ..Τοῦτο
2536 4609 2644 4682 γὰρ
2658 4605 2725 4680 ἦν
2742 4609 2956 4663 καὶτῶν
2973 4609 3097 4682 ἑξῆς
3115 4610 3306 4664 αἰτιονο
3319 4610 3408 4664 διὰ
3426 4609 3536 4681 γὰρ
3550 4610 3614 4663 τὺ
3635 4611 3779 4675 ἕλεος

2195 4702 2288 4755 τοῦ
2314 4701 2450 4755 Θεοῦ
2493 4701 2589 4754 καὶ
2624 4702 2691 4753 τὰ
2736 4701 2901 4754 λοιπὰ
2933 4701 3108 4755 πάντα
3165 4700 3606 4773 ἐπηκολούθησε·

2194 4794 2303 4866 γὰρ
2339 4794 2394 4845 τὸ
2423 4793 2567 4856 ἕλεος
2604 4796 2636 4864 ἡ
2662 4793 2906 4865 ἀλήθεια,
2935 4793 3124 4847 ἔπειτα
3145 4795 3178 4865 ἡ
3199 4793 3533 4866 δικαιοσύνη,
3559 4794 3658 4847 καὶ
3691 4797 3778 4847 ἐπὶ

2192 4889 2406 4956 πᾶσινὴ
2433 4887 2962 4958 εἰρήνη.Γέγραπται
2984 4887 3041 4940 δὲ
3066 4886 3250 4956 σαφῶς
3272 4887 3509 4958 περὶτοῦ
3528 4887 3778 4958 Σωτῆρος

2187 4981 2220 5050 ή
2232 4977 2366 5050 μῶν,
2403 4979 2521 5030 Ὅτι
2549 4978 2731 5043 αὑτός
2757 4978 2928 5031 ἐστιν
2969 4979 3009 5044 ἠ
3041 4977 3248 5046 εἰρήνη
3282 4977 3470 5046 ἡμῶν,
3513 4978 3778 5045 ποιήσας

2189 5071 2263 5126 τὰ
2287 5071 2588 5140 ἀμφότερα
2611 5069 2681 5123 ἓν
2699 5086 2712 5100 ·
2745 5070 2859 5134 καὶ,
2884 5068 3366 5138 Εἰρηνοποιήσας
3384 5069 3458 5122 δι’
3485 5071 3678 5124 αὐτοῦ
3710 5070 3777 5122 τὰ

2191 5162 2261 5216 ἐν
2288 5161 2411 5227 τοῖς
2447 5162 2726 5230 οὐρανοῖς
2758 5163 2856 5215 καὶ
2896 5160 2969 5215 τὰ
3006 5162 3103 5215 ἐπὶ
3135 5161 3245 5230 τῆς
3278 5162 3392 5232 γῆς
3413 5180 3427 5192 ·
3455 5163 3550 5216 καὶ
3578 5162 3770 5215 πάλιν·

2204 5251 2426 5306 Ἐλθὼν
2475 5254 2914 5323 εὐηγγελίσατο
2953 5253 3201 5323 εἰρήνην
3245 5253 3369 5320 τοῖς
3388 5254 3634 5324 μακρὰν
3679 5253 3777 5306 καὶ

2192 5343 2317 5410 τοῖς
2348 5344 2547 5414 ἐγγύς.
2576 5344 2816 5410 Εἰκότως
2861 5341 2954 5399 οὖν
3005 5345 3093 5399 διὰ
3114 5345 3291 5400 ταῦτα
3337 5349 3395 5400 ἐν
3444 5347 3522 5419 τῷ
3575 5345 3779 5416 ψαλμῷ

2192 5434 2406 5506 εἴρηται
2431 5435 2512 5501 τὸ,
2541 5434 2714 5504 Πλὴν
2740 5435 2922 5506 ἐγγὺς
2943 5436 3062 5491 τῶν
3084 5437 3470 5507 φοϐουμένων
3495 5438 3686 5492 αὑτὸν
3708 5437 3779 5491 τὸ

2191 5526 2490 5594 σωτήριον
2538 5525 2756 5590 αὐτοῦ,
2815 5528 2923 5582 τοῦ
2962 5529 3424 5597 κπασκηνῶσαι
3470 5529 3665 5596 δόξαν
3709 5531 3780 5586 ἐν

2192 5617 2269 5688 τῇ
2295 5617 2378 5693 γῆ
2393 5618 2592 5688 ἡμῶν..
2608 5619 2920 5692 Πολλὴ-γὰρ
2943 5623 3038 5676 καὶ
3066 5622 3276 5693 μεγάλη
3305 5623 3430 5691 δόξα
3456 5624 3516 5688 ὲν
3548 5627 3615 5697 τῇ
3641 5625 3782 5696 ints-

1131 5767 1176 5800 ⁸³
1215 5766 1235 5821 l
1275 5768 1400 5825 Cor.
1440 5785 1491 5836 ι,
1528 5769 1617 5826 50.
1695 5771 1740 5803 ⁵³
1780 5769 1977 5845 Epltes.
2016 5788 2088 5842 ιι,

2199 5814 2214 5831 .
2289 5775 2335 5808 ³⁵
2372 5772 2492 5830 Col.
2532 5790 2585 5842 ι,
2618 5775 2706 5831 20.
2785 5775 2828 5807 ἐ
2870 5773 3067 5851 Ephes.
3106 5789 3144 5833 ιι
3170 5771 3312 5844 ιἰῗ.
