3988 6204
222 268 367 322 1025

1394 251 1892 318 COMMENTARlA
1933 261 2004 316 ΙΝ
2043 253 2383 320 PSALMOS.

3343 273 3482 330 1026

215 387 356 462 τέρᾳ.
381 389 475 458 γῇ,
512 385 656 454 λέγω
682 383 737 438 δέ
879 382 987 436 τῶν
1018 381 1332 454 ἀνθρώπων
1361 383 1676 455 οἰκουμένῃ,
1717 383 1786 436 διὲ

1909 384 1976 439 de
2007 384 2147 439 coelo
2180 383 2395 455 justitia
2428 382 2495 438 ad
2524 389 2644 439 eam
2670 383 2930 440 accedere
2952 385 3171 456 dignata
3192 390 3322 443 est?
3344 390 3483 447 Cum

214 481 318 551 τῆς
363 479 469 531 τῶν
514 478 1005 549 προφητευομένων
1062 474 1341 538 ἐκϐάσεως
1382 476 1636 546 συνέστη.
1691 477 1799 528 Καὶ

216 571 341 636 πῶς
381 570 491 642 γὰρ
528 571 628 623 οὐκ
679 570 878 642 ἤμελλε
926 567 1298 638 κατασκηνοῦν
1345 567 1473 634 δόξα
1514 569 1572 620 ἐν
1615 571 1680 639 τῇ
1727 570 1799 639 γῇ

211 664 400 736 ἡμῶν,
428 664 517 716 ὅτε
545 661 720 716 καὶτὸ
759 665 1020 734 σωτήριον
1046 659 1140 713 τοῦ
1187 657 1377 725 αὐτοῦ,
1406 659 1566 722 αὐτὸς
1603 661 1632 712 ὁ
1663 661 1801 730 Χρι-

213 755 346 819 στος
369 754 554 820 αὐτοῦ,
578 756 670 807 καὶ
695 754 728 825 ἡ
755 753 813 818 ἐξ
833 751 1062 824 οὐρανοῦ
1087 749 1424 821 δικαιοσύνη,
1455 749 1655 820 ταύτης
1683 751 1801 802 tim-'-

213 846 381 916 ϐῆναι
415 843 752 917 κατηξίωσε;
794 844 976 898 Ταῦτα
1015 844 1072 897 δὲ
1120 842 1297 896 πάντα
1346 842 1655 906 ἐπακούσας
1703 841 1798 895 τοῦ

207 937 353 990 Θεοῦ
385 938 771 1008 προορίσαντος
795 937 888 990 καὶ
930 935 1367 1008 προλαλήσαντος
1400 934 1493 986 ἐπὶ
1545 933 1637 987 τὸν
1669 933 1800 988 λαὸν

215 1028 412 1093 αὐτοῦ,
439 1028 680 1092 θεσπίζει
707 1028 845 1100 μετὰ
871 1027 968 1100 τὴν
996 1027 1182 1099 εὐχὴν,
1211 1025 1409 1080 εἰπών·
1451 1028 1799 1097 Ἀκούσομαι

212 1119 275 1173 τί
303 1119 567 1188 λαλήσει
589 1121 804 1188 Κύριος
824 1123 858 1174 ὁ
883 1123 1027 1186 Θεός
1045 1135 1058 1150 ⁶
1086 1119 1166 1173 διὸ
1187 1119 1467 1190 ἐπήγαγεν
1497 1119 1650 1190 ἑξῆς·
1677 1119 1798 1172 Ὅτι

209 1209 479 1278 λαλήσει
507 1212 756 1281 εἰρήνην
773 1211 873 1265 ἐπὶ
897 1212 1007 1265 τὸν
1038 1211 1195 1265 λαὸν
1226 1211 1430 1265 αὑτοῦ.
1475 1209 1622 1282 Αὕτη
1674 1211 1731 1265 δὲ
1763 1212 1796 1283 ή

210 1303 411 1374 εἰρήνη
435 1302 626 1372 γέγονε
648 1302 724 1373 τῷ
747 1302 882 1373 λαῷ,
905 1303 993 1356 ὅτε
1013 1301 1074 1356 τὸ
1089 1303 1236 1366 ἔλεος
1255 1303 1397 1374 καὶὴ
1425 1303 1648 1375 ἀλήθεια
1672 1320 1797 1356 συν-ι

214 1396 480 1466 ήντησαν,
513 1397 547 1466 ἦ
585 1413 645 1448 τε
671 1394 984 1468 δικαιοσύνη
1010 1397 1105 1448 καὶ
1131 1397 1162 1467 ὴ
1186 1397 1376 1468 εἰρήνη
1407 1395 1792 1467 κατεφίλησαν.

209 1481 316 1542 Ὧν
334 1488 504 1552 οὕτως
531 1488 783 1559 ἐχόντων,
815 1489 911 1540 καὶ
932 1487 1002 1541 τὰ
1038 1488 1136 1558 τῆς
1164 1488 1332 1559 εὐχῆς
1358 1488 1673 1543 ἀποδέδοται
1700 1487 1794 1541 τοῦ

204 1581 523 1653 Προφήτου,
564 1583 659 1634 καὶ
681 1580 750 1634 τά
787 1581 892 1652 πρὸ
920 1581 1020 1651 τῆς
1047 1576 1212 1650 εὐχῆς
1234 1581 1516 1652 εἰρημένα.
1555 1581 1664 1634 Καὶ
1686 1581 1795 1652 γὰρ

1902 474 2016 529 haec
2038 482 2218 530 autem
2249 474 2433 528 omnia
2456 489 2487 529 a
2516 473 2627 529 Deo
2650 474 2875 530 definita
2909 487 2964 531 et
2993 481 3356 548 pramuntiata
3380 499 3480 537 au-

1901 563 2096 632 disset,
2156 572 2280 635 post
2319 564 2523 618 editam
2571 565 2876 620 orationem
2917 570 3031 622 haec
3080 569 3412 624 vaticinatur
3464 590 3480 627 :

1900 656 2132 711 Audiam
2157 658 2282 729 quid
2308 657 2550 727 loquetur
2570 657 2623 711 in
2649 674 2728 712 me
2756 657 3014 712 Dominus
3038 659 3183 715 Deus
3207 678 3226 726 ;
3254 662 3486 732 ideoque

1900 750 2098 820 pergit,
2121 751 2367 820 quoniam
2391 751 2630 820 loquetur
2650 767 2830 818 pacem
2853 753 2906 806 in
2935 752 3134 822 plebem
3156 771 3332 810 suam.
3356 755 3484 811 Haec

1899 857 2030 897 vero
2058 857 2164 912 pax
2194 850 2310 896 tum
2351 843 2550 912 populo
2589 858 2852 899 concessa
2883 854 2989 907 est,
3026 861 3148 900 cum
3183 850 3485 905 misericor-

1898 932 1992 987 dia
2022 942 2072 987 et
2100 936 2290 988 veritas
2320 934 2655 988 obviaverunt
2685 935 2809 1001 sibi,
2839 936 3057 1006 justitia
3097 948 3148 992 et
3193 955 3298 1008 paa:
3332 959 3488 996 oscu-

1901 1025 2025 1080 lata
2053 1037 2195 1080 sunt.
2241 1026 2373 1092 Qua:
2423 1027 2548 1082 cbm
2592 1027 2666 1081 ita
2706 1044 2766 1084 se
2801 1029 3060 1096 habeant,
3107 1047 3231 1086 cum
3267 1049 3332 1089 ea
3363 1051 3485 1106 quae

1901 1115 2177 1186 Propheta
2211 1126 2467 1188 precatus
2498 1118 2694 1187 fuerat,
2728 1127 2844 1175 tum
2868 1137 2929 1176 ea
2963 1138 3084 1192 qua:
3116 1133 3242 1178 ante
3276 1127 3484 1180 oratio-

1897 1221 2024 1261 nem
2055 1207 2287 1274 dixerat,
2316 1224 2581 1265 concessa
2614 1208 2788 1266 fuere.
2823 1209 2959 1265 Nam
2981 1213 3258 1268 benedixit
3287 1214 3470 1270 Donii-
3539 1264 3541 1266 .

1897 1313 2002 1353 nus
2043 1305 2246 1354 terram
2290 1315 2472 1366 suam,
2504 1301 2884 1357 misericordia
2911 1311 2968 1356 et
3002 1303 3228 1358 veritate
3261 1319 3325 1359 ac
3353 1305 3482 1360 reli-

1896 1391 2021 1460 quis
2047 1391 2306 1462 dignatus
2341 1407 2483 1459 eam;
2505 1393 2639 1464 quin
2675 1395 2837 1449 etiam
2872 1396 3177 1449 animarum
3211 1395 3480 1450 humanae

1897 1497 2016 1535 rum
2052 1483 2423 1551 captivitatem
2457 1485 2674 1551 avertit,
2712 1485 2893 1539 soluto
2937 1485 3077 1539 bello
3108 1486 3372 1555 quolibet,
3413 1503 3479 1543 ac

1898 1576 2249 1630 reconciliata
2293 1591 2444 1645 pace,
2481 1575 2775 1648 fractisque
2809 1578 3046 1634 vinculis
3093 1593 3155 1633 ac
3196 1580 3476 1650 compedi—

201 1671 473 1744 εὐδόκησε
514 1671 719 1743 Κύριος
743 1671 840 1742 τὴν
874 1673 978 1742 γῆν
1014 1672 1202 1736 αὐτοῦ,
1250 1671 1595 1737 καταξιώσας
1622 1673 1786 1744 αὐτὴν

1901 1667 2006 1722 bus
2031 1682 2125 1737 per
2149 1677 2435 1736 peccatum
2462 1668 2721 1724 inductis.
2749 1668 3112 1734 Quamobrem
3137 1671 3264 1725 huic
3285 1671 3432 1726 dicto
3455 1690 3470 1726 :

201 1763 398 1828 ἐλέους
426 1763 520 1817 καὶ
551 1763 808 1835 ἀληθείας
846 1763 1067 1818 καὶτῶν
1090 1763 1294 1818 λοιπῶν
1312 1780 1327 1795 ·
1361 1764 1497 1818 ἀλλά
1521 1764 1615 1819 καὶ
1655 1765 1786 1818 ἀπέ-

1895 1759 2152 1813 Avertisti
2177 1760 2532 1828 captivitatem
2555 1759 2744 1823 Iacob,
2776 1761 2920 1815 istud
2946 1761 3295 1832 subjungitur
3327 1781 3340 1818 :
3375 1761 3476 1816 Ro-

205 1857 413 1928 στρεψε
459 1856 556 1929 τὴν
609 1857 985 1928 αἰχμαλωσίαν
1015 1855 1124 1911 τῶν
1177 1857 1532 1929 ἀνθρωπίνων
1583 1857 1790 1928 ψυχῶν,

202 1946 382 2012 λύσας
417 1948 516 2020 μὲν
545 1949 724 2003 πάντα
763 1947 1017 2019 πόλεμον,
1047 1948 1413 2021 χαρισάμενος
1445 1947 1502 2002 δέ
1527 1948 1624 2020 τὴν
1643 1949 1794 2021 εἰρήο

199 2057 332 2111 νην,
368 2041 461 2095 καὶ
490 2041 788 2114 διαρρήξας
822 2041 950 2106 τοὺς
983 2041 1236 2112 δεσμοὺς,
1268 2041 1362 2096 καὶ
1410 2043 1537 2106 τοὺς
1578 2041 1793 2106 κλοιούς

199 2134 337 2198 τοὺς
372 2133 481 2188 ἀπὸ
506 2134 605 2204 τῆς
643 2133 918 2205 ἁμαρτίας
956 2133 1366 2204 ἐγγενομένους.
1393 2131 1485 2185 Διὸ
1529 2133 1624 2186 καὶ
1668 2151 1793 2188 συν-

201 2226 380 2296 ἧπται
405 2224 502 2295 τῷ,
541 2223 945 2292 Ἀπέστρεψας
973 2222 1088 2292 τὴν
1119 2223 1540 2292 αἰχμαλωσίαν
1572 2222 1787 2288 Ἰακὼϐ,

201 2319 286 2382 τὸ,
347 2315 600 2385 Ἀφῆκας
667 2315 774 2382 τὰς
807 2315 1058 2385 ἀνομίας
1099 2314 1179 2380 τῷ
1211 2313 1340 2379 λαῷ
1385 2330 1539 2378 σου,
1583 2315 1678 2367 καὶ
1708 2315 1787 2379 τὸ,

213 2405 564 2475 Ἐκάλυψας
595 2405 799 2472 πάσας
841 2409 948 2472 τὰς
984 2405 1274 2475 ἁμαρτίας
1330 2403 1547 2459 αὐτῶν.
1591 2406 1653 2458 Ἠ
1682 2407 1790 2478 γάρ

197 2497 509 2569 ἐπιστροφὴ
551 2497 652 2568 τῆς
685 2496 1061 2568 αἰχμαλωσίας
1103 2497 1202 2550 οὐκ
1232 2496 1406 2560 ἄλλως
1449 2497 1787 2570 ἀπετελέσθη

196 2589 232 2660 ἢ
261 2590 332 2643 δι’
363 2589 612 2659 ἀφέσεως
641 2588 750 2642 τῶν
771 2588 1075 2661 ἁμαρτιῶν.
1108 2587 1230 2643 Ὅτι
1258 2588 1315 2641 δὲ
1359 2588 1454 2642 καὶ
1489 2589 1663 2643 ταῦτα
1701 2590 1789 2645 διὰ

197 2686 300 2755 τῆς
346 2681 441 2736 τοῦ
487 2682 736 2752 Σωτῆρος
781 2680 940 2752 ἡμῶν
988 2679 1312 2750 ἐπιφανείας
1351 2680 1541 2743 τέλους
1574 2681 1784 2751 ἔτυχεν,

197 2773 365 2837 αὐτὸς
393 2772 633 2839 ἐδίδαξεν
671 2775 728 2826 ἐν
760 2775 872 2835 τοῖς
903 2770 1277 2839 Εὐαγγελίοις,
1310 2772 1421 2834 ὅτε,
1468 2771 1646 2825 λαϐὼν
1689 2773 1787 2842 τὴν

199 2863 390 2933 βίϐλον
419 2863 514 2916 τοῦ
548 2863 791 2925 Ἡσαΐου,
827 2862 922 2915 καὶ
972 2861 1238 2929 ἀναγνοὺς
1269 2861 1349 2926 τὸ,
1391 2860 1631 2930 Πνεῦμα
1667 2865 1784 2916 Κυ-

190 2962 333 3028 ρίου
370 2959 462 3012 ἐπ’
492 2957 616 3026 ἐμὲ,
651 2953 722 3012 οὗ
764 2957 996 3009 εἵνεκεν
1033 2951 1239 3022 ἕχρισέ
1271 2969 1366 3021 με,
1396 2951 1786 3022 εὐαγγελίσαι-

195 3055 346 3107 σθαι
367 3049 622 3118 πτωχοῖς
645 3047 993 3102 ἀπέσταλκέ
1003 3062 1098 3115 με,
1117 3043 1367 3113 κηρῦξαι
1388 3041 1784 3140 αἰχμαλώτοις
1809 3077 1855 3140 C

195 3140 448 3210 ἄφεσιν,
482 3141 574 3192 καλ⁹
607 3141 674 3192 τὰ
733 3139 891 3209 ἑξῆς,
943 3138 1242 3207 ἐπήνεγκεν
1275 3132 1444 3190 εἰπών
1469 3151 1482 3166 ⁸
1515 3133 1784 3203 Σήμερον

193 3229 581 3298 πεπλήρωται
609 3230 647 3296 ὴ
679 3228 890 3298 Γραφὴ
931 3229 1085 3296 αὕτη
1119 3228 1190 3280 ἐν
1234 3223 1360 3295 τοῖς
1397 3225 1546 3280 ὠσίν
1588 3226 1775 3294 ὑμῶν.

195 3323 260 3376 Εἰ
290 3322 336 3374 δ’
367 3317 461 3374 οὖν
491 3320 760 3392 ἐννοήσειέ
785 3337 888 3386 τις,
912 3319 1054 3372 εῐποι
1083 3319 1149 3373 ἂν
1170 3319 1231 3372 τὸ
1261 3320 1416 3388 γένος
1434 3317 1543 3371 τῶν
1573 3315 1779 3388 ἀνθρὼ-

199 3430 318 3466 πων
348 3412 517 3466 πάλαι
549 3412 811 3484 πρότερον
832 3410 1209 3482 αἰχμαλωσίαν
1248 3409 1353 3462 ὐπὸ
1383 3407 1491 3462 τῶν
1530 3407 1778 3479 ἀοράτων

197 3503 499 3575 πολεμίων,
523 3503 631 3556 τῶν
658 3502 873 3575 ἀληθῶς
893 3501 1102 3574 ἐχθρῶν
1125 3499 1218 3555 τοῦ
1235 3499 1391 3565 Θεοῦ,
1414 3498 1778 3553 καθελκυσθὲν

199 3597 276 3660 εἰς
305 3593 772 3665 εἰδωλολατρείας,
809 3594 905 3648 καὶ
946 3593 1125 3656 πάσας
1167 3590 1395 3662 πράξεις
1425 3590 1654 3662 αἰσχρὰς
1684 3590 1777 3643 καὶ

200 3689 516 3760 ἀθεμίτους,
547 3688 647 3740 οὐκ
678 3687 744 3740 ἂν
769 3687 989 3758 ὀκνήσει
1025 3683 1205 3755 δεινὴν
1234 3683 1439 3754 ταύτην
1477 3683 1640 3751 φάναι
1674 3680 1776 3751 ψυα

198 3780 306 3850 χῶν
362 3779 740 3850 αἰχμαλωσίαν
767 3817 782 3841 ,
830 3773 903 3849 ἧς
961 3774 1276 3839 ἀπαλλάξας
1325 3774 1420 3826 καὶ
1465 3771 1780 3844 ἐλευθέρους

196 3873 680 3944 καταστησάμενος
725 3872 874 3941 ἡμᾶς
911 3871 939 3923 δ
982 3867 1173 3939 Σωτὴρ
1204 3866 1299 3921 καὶ
1341 3864 1546 3937 Κύριος
1580 3866 1735 3936 ἡμῶν
1758 3904 1774 3932 ,

195 3964 392 4034 ἄφεσίν
427 3979 486 4018 τε
507 3963 596 4017 διὰ
615 3961 841 4034 λουτροῦ
870 3960 1288 4030 παλιγγενεσίας
1320 3958 1565 4014 παλαιῶν
1594 3959 1775 4031 πλημ-

1895 1851 2093 1904 misisti
2149 1852 2455 1921 iniquitates
2487 1851 2623 1921 plebi
2681 1861 2817 1915 tute;
2861 1861 2913 1908 et
2946 1853 3093 1907 illud
3141 1869 3155 1904 :
3207 1853 3474 1922 Operuisti

1894 1945 2070 1998 omnia
2102 1951 2318 2012 peccata
2342 1960 2545 2000 eorum.
2586 1943 2721 1998 Nam
2780 1944 2990 1999 reditus
3021 1960 3086 2000 ex
3133 1946 3472 2015 captivitate,

1893 2050 2003 2090 non
2035 2036 2142 2090 alio
2166 2051 2330 2107 quam
2352 2052 2451 2108 per
2501 2036 2887 2092 remissionem
2935 2046 3278 2107 peccatorum
3311 2038 3474 2094 modo

1891 2135 2082 2197 partus
2107 2135 2213 2183 est.
2242 2125 2399 2194 Quod
2439 2135 2622 2183 autem
2671 2128 2785 2182 haec
2820 2142 2918 2198 per
2949 2128 3242 2184 adventum
3275 2127 3473 2185 Serva-

1892 2221 2029 2274 toris
2058 2222 2232 2274 nostri
2264 2221 2330 2276 ad
2351 2220 2601 2277 ell'ectum
2623 2221 2857 2276 deducta
2891 2221 3022 2287 sint,
3051 2223 3168 2292 ipse
3203 2223 3260 2276 in
3293 2223 3471 2278 Evan‘

1891 2311 2046 2381 geliis
2079 2311 2286 2377 docuit,
2349 2327 2472 2366 cum
2524 2320 2750 2382 accepto
2789 2312 2939 2368 Isaia:
2983 2313 3141 2377 libro,
3179 2321 3468 2384 postquam

1892 2403 2112 2473 legisset
2148 2402 2280 2458 illud
2315 2422 2327 2457 :
2363 2401 2591 2472 Spiritus
2643 2403 2852 2458 Domini
2894 2421 3052 2474 super
3100 2422 3201 2469 me,
3231 2423 3290 2460 eo
3330 2406 3468 2476 quod

1890 2496 2101 2548 unxerit
2133 2511 2233 2560 me,
2267 2495 2628 2565 evangelisare
2656 2495 2975 2564 pauperibus
3014 2497 3161 2550 misit
3201 2514 3301 2563 nte,
3330 2512 3469 2566 pra:-

1888 2587 2070 2642 dicare
2097 2590 2318 2657 captivis
2341 2589 2700 2643 dimissionem
2733 2590 2800 2654 ⁵⁷,
2825 2597 2878 2644 ει
2905 2596 3136 2657 caetera;
3174 2591 3356 2644 intulit
3381 2591 3466 2646 his

1886 2679 2069 2734 verbis
2098 2699 2110 2734 :
2150 2679 2322 2735 Hodie
2345 2681 2560 2750 impleta
2588 2689 2666 2734 est
2699 2682 2808 2735 haec
2852 2679 3129 2750 Scriptura
3160 2682 3213 2735 iu
3245 2681 3465 2736 auribus

1888 2771 2072 2824 vestris
2103 2771 2170 2825 ".
2206 2769 2303 2825 His
2333 2774 2380 2826 si
2417 2769 2541 2839 quis
2575 2771 2818 2826 animum
2847 2770 3124 2839 adhibeat,
3159 2771 3306 2827 dicat
3332 2788 3465 2828 sane

1887 2879 2058 2934 genus
2087 2863 2370 2918 hominum
2404 2865 2534 2919 olim
2569 2865 2937 2934 captivitatem
2973 2880 3192 2935 passum
3240 2880 3364 2921 esse
3394 2866 3464 2920 ah

1886 2955 2250 3012 invisibilibus
2272 2956 2531 3020 inimicis,
2567 2973 2693 3012 vere
2725 2955 2820 3012 Dei
2866 2956 3139 3022 hostibus,
3187 2957 3241 3011 in
3287 2956 3465 3011 idolo-

1885 3045 2102 3100 latriam
2161 3054 2216 3101 et
2245 3047 2301 3100 in
2330 3047 2507 3116 turpia
2533 3047 2716 3101 omnia
2752 3045 3069 3117 nefariaque
3101 3063 3265 3119 opera
3294 3048 3464 3119 pelle-

1884 3143 2068 3203 ctum;
2103 3152 2278 3207 neque
2311 3145 2599 3192 ουηοιειυι*
2635 3154 2755 3195 eam
2781 3154 3000 3210 gravem
3025 3140 3331 3194 animarum
3359 3155 3458 3195 ca-

1887 3231 2189 3301 ptivitatem
2225 3233 2602 3303 pronuntiare,
2646 3247 2754 3303 qua
2790 3248 2914 3288 cum
2945 3247 3048 3288 nos
3075 3233 3370 3303 eripuisset
3405 3231 3464 3285 li-

1886 3320 2156 3392 berosque
2189 3324 2568 3378 constituisset
2603 3323 2856 3379 Salvator
2883 3333 2936 3378 et
2959 3322 3222 3380 Dominus
3247 3331 3459 3391 noster,

1884 3425 2146 3466 concessa
2177 3427 2274 3482 per
2315 3413 2592 3466 lavacrum
2635 3414 3066 3484 regenerationis
3101 3415 3461 3484 pristinorum

1883 3500 2150 3554 scelerum
2176 3507 2230 3556 et
2253 3501 2590 3572 impietatum
2618 3503 2774 3557 venia
2801 3518 2866 3558 ac
2893 3503 3239 3570 remissione,
3270 3515 3464 3560 auctor

1881 3591 2042 3646 nobis
2075 3590 2180 3646 fuit
2235 3594 2534 3663 gratiarum
2579 3594 2812 3650 actionis
2863 3595 2921 3649 in
2986 3597 3198 3666 psalmo
3246 3598 3460 3667 positae,

1880 3687 1956 3742 ita
1989 3694 2048 3742 ut
2085 3703 2188 3744 nos
2236 3705 2454 3760 quoque
2509 3689 2693 3745 dicere
2733 3690 3014 3745 valeamus
3053 3709 3067 3745 :
3111 3689 3459 3758 Benedixisti,

1889 3780 2138 3846 Domine,
2175 3791 2370 3836 terram
2414 3793 2558 3836 tuam
2581 3821 2595 3846 ,
2629 3783 2866 3836 avertisti
2893 3783 3246 3851 captivitatem
3268 3782 3456 3840 Iacob.

1881 3873 2162 3928 Remisisti
2223 3875 2529 3944 iniquitates
2577 3873 2742 3944 plebis
2788 3883 2912 3940 tute,
2975 3875 3229 3942 aperuisti
3279 3877 3459 3929 omnia
3505 3859 3510 3862 l

1879 3972 2094 4031 peccata
2131 3981 2333 4020 eorum.

199 4055 528 4128 μελημάτων
559 4054 656 4108 καὶ
689 4053 841 4106 λύσιν
910 4054 1190 4126 προτέρων
1225 4052 1588 4124 ἀσεϐημάτων
1625 4053 1941 4125 παρασχὼν,
2013 4057 2184 4122 αἴτιος
2227 4058 2360 4130 ημῖν
2397 4057 2630 4130 κατέστη
2674 4059 2772 4130 τῆς
2835 4059 2893 4113 ἐν
2928 4060 3006 4131 τῷ
3071 4057 3270 4132 ψαλμῷ
3301 4059 3461 4130 εὐχαο

197 4145 432 4216 ριστίας,
459 4147 536 4209 ὡς
571 4144 828 4200 δύνασθαι
873 4146 972 4198 καὶ
1017 4147 1170 4216 ἡμᾶς
1201 4146 1414 4215 λέγειν·
1453 4145 1829 4215 Εὐδόκησας,
1879 4151 2078 4220 Κύριε,
2113 4151 2231 4221 τὴν
2279 4151 2396 4223 γῆν
2447 4168 2585 4218 σου,
2639 4153 3024 4223 ἀπέστρεψας
3082 4152 3197 4222 τὴν
3249 4156 3459 4222 αἰχμα-

196 4237 434 4294 λωσίαν
473 4235 684 4294 Ἰακώϐ.
725 4237 978 4307 Ἀερῆκας
1021 4239 1128 4306 τὰς
1155 4239 1407 4309 ἀνομίας
1452 4240 1560 4295 τοῦ
1607 4242 1762 4298 λαοῦ
1798 4255 1936 4310 σου,
1958 4245 2277 4316 ἐκάλυψας
2298 4246 2500 4314 πάσας
2526 4247 2633 4314 τὰς
2666 4249 2956 4318 ἁμαρτίας
2985 4246 3202 4302 αὐτῶν.

268 4348 378 4404 Καὶ
418 4351 526 4419 γὰρ
564 4353 596 4403 ό
623 4351 836 4419 Κύριος
862 4349 1041 4404 δώσει
1072 4355 1470 4421 χρηστότητα,
1502 4354 1601 4409 καὶ
1625 4355 1664 4424 ἠ
1693 4354 1772 4426 γῆ

196 4441 366 4513 ἡμῶν
394 4441 570 4496 δώσει
602 4441 710 4496 τὸν
750 4442 983 4512 καρπὸν
1027 4446 1235 4514 αὐτης.
1309 4446 1483 4501 Πάλαι
1519 4449 1638 4520 μὲν,
1684 4449 1774 4502 ὅτε

1949 4360 2114 4418 Vens.
2149 4363 2238 4418 15.
2272 4361 2482 4417 Etenim
2521 4362 2775 4418 Dominus
2806 4363 2954 4417 dabit
2993 4362 3383 4432 benignitatem,
3407 4371 3457 4416 et

1877 4466 2024 4510 terra
2058 4466 2240 4511 nostra
2264 4457 2413 4512 dabit
2442 4459 2676 4528 fructum
2705 4475 2877 4513 suum.
2902 4457 3044 4513 Olim
3075 4459 3295 4529 quidem
3326 4475 3452 4513 cum

197 4535 301 4587 ὐπὸ
329 4534 574 4608 κατάραν
611 4530 679 4606 ἦν
708 4535 741 4606 ή
770 4534 865 4604 γῆ,
908 4535 1148 4600 ἀκάνθας
1182 4537 1275 4591 καὶ
1304 4539 1581 4610 τριϐόλους
1619 4541 1772 4612 ἔφυε,

1889 4546 1983 4600 sub
2005 4545 2295 4602 maledicto
2319 4557 2460 4602 terra
2492 4557 2657 4614 esset,
2692 4549 2880 4617 spinas
2907 4564 2969 4603 ac
2995 4549 3228 4605 tribulos
3258 4549 3456 4620 germi-

199 4625 338 4678 κατά
379 4623 441 4678 τὸ
497 4627 804 4697 εἰρημένον
867 4627 1326 4698 Ἐπικατάρατος
1361 4633 1401 4699 ἠ
1439 4631 1516 4704 γῆ
1555 4635 1625 4688 ὲν
1651 4634 1778 4703 τοῖς

198 4716 390 4786 ἔργοις
419 4733 555 4781 σου,
581 4719 850 4786 ἀκάνθας
880 4721 977 4774 καὶ
1001 4724 1314 4791 τριϐόλους
1343 4725 1632 4782 ὰνατελεῖ
1653 4743 1775 4783 σοι·

198 4811 288 4864 νῦν
319 4813 362 4865 δ’
391 4813 479 4866 ὅτε
517 4813 740 4866 τοιαῦτα
782 4815 963 4883 ἀγαθά
1002 4818 1084 4877 εἰς
1123 4816 1294 4888 αὐτὴν
1337 4818 1613 4889 ἐλήλυθεν,
1647 4821 1778 4874 ἀκο-

197 4903 397 4970 λούθως
426 4907 520 4960 καὶ
545 4906 681 4979 αὐτὴ
711 4906 803 4960 τὸν
834 4909 1179 4979 προσήκοντα
1217 4911 1428 4981 καρπὸν
1465 4913 1774 4966 ἀποδιδόναι

197 4995 434 5066 λέγεται,
466 4999 560 5053 ἆτε
589 4999 654 5071 δὴ
695 5000 934 5070 τυχοῦσα
965 5002 1064 5072 τῆς
1076 5001 1242 5074 ,παρά
1269 5001 1364 5055 τοῦ
1399 5004 1602 5074 Κυρίου
1637 5021 1772 5075 χρη-

201 5092 469 5163 στὸτητος.
505 5093 731 5165 Καρπὸς
760 5094 816 5147 δὲ
856 5094 1077 5159 ἐπάξιος
1115 5094 1250 5149 Θεοῦ
1280 5096 1380 5149 οὐκ
1409 5096 1640 5150 ἄκανθαι
1674 5099 1768 5151 καὶ

198 5184 450 5254 τρίϐολοι,
484 5185 620 5239 ἀλλὰ
655 5187 872 5250 πάντως
897 5204 998 5240 που
1022 5187 1193 5241 ταῦτα
1223 5189 1289 5242 δι’
1318 5181 1394 5242 ὧν
1422 5190 1768 5256 καταξιοῦται

199 5277 441 5346 εὐλογίας
467 5278 566 5348 τῆς
595 5278 744 5349 παρὰ
771 5278 864 5332 τοῦ
893 5279 1048 5334 Θεοῦ.
1079 5281 1155 5352 Γῆ
1187 5280 1244 5334 δὲ
1275 5283 1308 5352 ή
1343 5279 1540 5333 πιοῦσα
1567 5281 1656 5334 τὸν
1681 5283 1768 5336 ἐπ’

200 5367 362 5438 αὐτῆς
391 5369 683 5440 ἐρχόμενον
720 5369 979 5435 πολλάκις
1023 5372 1197 5438 ὑετὸν,
1231 5371 1475 5444 φέρουσά
1511 5390 1570 5425 τε
1609 5373 1768 5444 βοτά-

199 5474 290 5529 νην
309 5459 526 5515 εὔθετον
559 5462 807 5526 ἐκείνοις,
850 5463 916 5516 δι’
943 5463 1036 5528 οὒς
1077 5465 1172 5520 καὶ
1201 5469 1549 5538 γεωργεῖται,
1595 5483 1764 5538 μεται

1877 4637 2068 4699 nabat,
2102 4639 2401 4693 secundum
2439 4640 2568 4694 illttd
2606 4639 2930 4694 :Maledicta
2959 4651 3097 4695 terra
3131 4643 3186 4694 in
3215 4641 3452 4711 operibus

1879 4730 2003 4793 tuis,
2033 4730 2214 4797 spinas
2253 4738 2301 4783 et
2343 4730 2565 4784 tribulos
2598 4733 2911 4801 germinabit
2940 4732 3036 4786 tibi
3064 4733 3108 4764 ⁸³
3139 4751 3152 4788 :
3181 4748 3326 4787 nunc
3355 4747 3452 4786 au-

1873 4828 2007 4888 tem,
2035 4837 2160 4877 cum
2195 4823 2250 4877 in
2271 4839 2334 4880 ea
2365 4823 2554 4878 talium
2589 4824 2856 4879 bonorum
2886 4826 3132 4881 accessio
3163 4824 3306 4879 facta
3344 4832 3449 4889 est,

1878 4930 1908 4970 e
1934 4930 1995 4970 re
2028 4925 2420 4987 congruentem
2453 4919 2652 4974 dicitur
2687 4918 2932 4990 proferre
2961 4917 3196 4972 fructum
3225 4934 3239 4983 ;
3267 4925 3453 4987 utpote

1877 5026 1998 5080 qua!
2049 5009 2262 5066 Domini
2306 5013 2692 5083 benignitatem
2746 5018 3042 5066 consecuta
3075 5010 3166 5065 sit.
3215 5008 3451 5063 Fructus

1877 5111 2071 5159 autem.
2097 5103 2209 5159 Deo
2237 5103 2433 5175 dignus
2465 5121 2571 5159 non
2616 5106 2787 5175 spina:
2819 5112 2874 5160 et
2904 5101 3090 5157 tribuli
3125 5109 3254 5158 sunt
3281 5120 3296 5165 ;
3355 5099 3449 5155 sed

1875 5208 1940 5248 ea
1987 5196 2148 5264 plane
2189 5197 2388 5267 quibus
2444 5196 2539 5252 Dei
2593 5197 3028 5253 benedictionem
3081 5196 3277 5251 sortita
3340 5200 3447 5248 est.

1876 5285 2044 5342 Terra
2081 5303 2208 5344 vero
2249 5305 2370 5360 quae
2407 5289 2747 5347 decidentem
2798 5292 3034 5362 pluviam
3069 5289 3268 5358 saepius
3296 5285 3446 5340 exci-

1875 5378 1954 5449 pit
1976 5388 2030 5433 et
2062 5380 2217 5445 bibit,
2245 5397 2308 5435 ac
2336 5381 2639 5438 cultoribus
2668 5383 2784 5439 suis
2802 5391 3191 5454 congruentem
3222 5377 3445 5431 herbam

1872 5470 2101 5542 profert,
2131 5487 2194 5528 ea
2224 5473 2620 5532 benedictionis
2649 5491 2680 5531 a
2711 5475 2821 5531 Deo
2847 5476 2988 5530 data:
3029 5459 3301 5541 particeps
3338 5475 3442 5521 est.

201 5547 456 5622 λαμϐάνει
480 5553 730 5623 εὐλογίας
763 5555 861 5626 τῆς
896 5556 1046 5628 παρά
1082 5559 1176 5611 τοῦ
1218 5557 1373 5614 Θεοῦ.
1409 5559 1646 5623 Εἰκότως
1671 5555 1765 5616 οὖν

1889 5562 2002 5621 Iure
2034 5579 2166 5637 ergo
2196 5581 2335 5622 nova
2365 5569 2579 5626 cantica
2606 5569 2767 5625 edere
2804 5575 2949 5623 terra
2985 5563 3226 5634 iubetur:
3259 5565 3445 5629 υιροιε

269 5708 309 5740 ³⁷
345 5714 448 5768 lsa.
487 5729 610 5780 ut,
646 5713 694 5768 l.
773 5713 818 5745 "
857 5712 991 5779 Luc,
1026 5729 1096 5780 tv,
1143 5713 1227 5769 18.
1304 5715 1347 5749 ⁵³
1387 5713 1522 5771 Gen.
1564 5730 1645 5783 tu,
1682 5714 1875 5783 17,18.
