3988 6204
499 279 640 336 1027

1247 273 1518 330 EUSEBll
1556 271 2030 330 CIESARIENSlS
2051 276 2077 330 σ.

2181 285 2206 330 '.
2241 272 2424 328 PARS
2452 273 2541 330 lli.
2570 287 2641 316 -‘-—
2675 273 3085 335 EXEGETICA.

3614 263 3753 336 ιι)εέ

501 414 624 470 quae
660 397 772 468 jam
806 394 1062 450 indicatis
1092 393 1249 448 bonis
1281 393 1502 464 dignata
1535 392 1628 459 sit,
1671 408 1795 448 cum
1839 391 2074 464 Spiritus

2181 392 2245 446 τὰ
2281 392 2441 447 καινά
2492 393 2715 466 ᾅσματα
2743 391 2890 464 ᾅδειν
2918 388 3317 463 προστάττεται
3345 391 3381 461 ἡ
3427 389 3520 461 γῇ,
3567 390 3644 454 ὡς
3685 393 3756 445 ἂν

502 499 730 546 sanctus
763 487 867 560 ipsi
898 487 1112 542 accinat
1135 494 1189 542 et
1221 486 1401 557 dicat].
1428 485 1654 540 Cantate
1684 485 1932 551 Domina,
1964 503 2076 541 om-

503 583 586 635 nis
640 589 803 648 terra,
832 588 1042 632 cantate
1091 577 1316 631 Domino
1351 579 1614 631 canticum
1670 594 1858 632 novum
1889 577 1966 642 ⁶⁰;
1998 583 2073 643 et,

504 672 767 726 Dominus
822 671 1080 740 regnavit,
1130 668 1418 723 exsultabit
1458 678 1598 723 terra
1630 669 1696 733 ⁸⁸,
1743 676 1797 724 et
1841 668 1946 722 alia
1990 668 2076 724 his

503 763 729 822 similia.
767 792 838 802 ——
868 760 1032 816 Vsus.
1077 760 1166 815 14.
1198 759 1425 814 Iustitia
1453 769 1574 815 ante
1601 777 1719 815 eum
1761 759 2073 826 ambulabit,

501 868 553 914 et
581 867 737 928 ponet
765 857 820 911 in
851 857 937 910 via
963 872 1172 927 gressus
1203 858 1338 925 ejus.
1382 853 1558 926 Hujus
1587 856 1719 910 dicti
1752 855 2077 911 sententiam

502 951 770 1022 liquidius
818 948 1052 1004 efferunt
1097 948 1296 1019 reliqui
1342 949 1694 1018 interpretes,
1732 947 2077 1016 maximeque

505 1043 868 1116 Symmachus
897 1044 991 1114 qui
1045 1043 1127 1098 sic
1156 1042 1319 1097 habet
1363 1059 1378 1096 :
1413 1039 1640 1096 Iustitia
1666 1039 2077 1110 uniuscujusque

501 1136 756 1206 praecedet
808 1137 1000 1205 ipsum,
1031 1143 1081 1190 et
1114 1145 1267 1206 ponet
1300 1137 1355 1189 in
1384 1137 1471 1190 via
1495 1136 1648 1206 pedes
1685 1135 1821 1204 ejus.
1851 1133 2077 1189 Collatis

508 1243 749 1297 namque
771 1235 931 1282 terra:
955 1225 1136 1292 bonis,
1164 1226 1416 1297 quisquis
1438 1235 1638 1282 terram
1663 1225 1872 1290 incolit,
1893 1231 2080 1294 utpote

502 1320 595 1390 qui
618 1320 846 1389 justitiae
873 1319 942 1373 de
975 1319 1120 1374 coelo
1151 1319 1535 1389 prospicientis
1566 1332 1796 1373 consors
1825 1317 1916 1382 sit,
1951 1330 2079 1386 pro-

502 1412 679 1481 priam
701 1412 808 1466 sibi
825 1411 1090 1480 justitiam
1116 1411 1393 1473 obtinens,
1412 1426 1531 1466 eam
1557 1410 1614 1464 in
1631 1411 1716 1463 via
1748 1408 1816 1463 ad
1843 1422 2080 1480 superna

503 1497 721 1560 ducem,
753 1512 817 1551 ac
839 1513 1062 1568 gressus
1093 1515 1222 1555 suos
1253 1499 1575 1569 dirigentem
1604 1497 1822 1552 habebit
1847 1515 1862 1564 ;
1897 1507 1954 1552 ut
1975 1497 2078 1552 iter

504 1588 574 1642 ad
611 1589 782 1645 coelos
812 1605 1088 1659 emensus,
1125 1593 1527 1661 roboratusque
1555 1598 1610 1646 et
1639 1605 1671 1644 a
1708 1598 2080 1660 praecurrente

501 1681 715 1752 iustitia
750 1698 848 1739 sua
875 1696 1038 1736 manu
1055 1683 1272 1750 ductus,
1298 1698 1532 1753 superna
1562 1683 1833 1753 promissa
1875 1683 2072 1737 nanci-

2178 485 2434 538 τοιούτων
2487 486 2689 556 ἀρτίως
2741 483 3128 555 δεδηλωμένων
3186 481 3604 555 κατηξιωμένη,
3654 483 3752 537 τοῦ

2177 579 2331 648 ἁγίου
2368 580 2684 650 Πνεύματος
2723 577 3120 648 ἐπιφωνοῦντος
3167 576 3304 648 αὐτῇ
3344 577 3438 630 καὶ
3480 575 3750 644 λέγοντος·

2181 674 2407 742 ’ᾼσατε
2439 672 2520 738 τῷ
2559 672 2756 740 Κυρίῳ
2799 669 2968 725 πᾶσα
3005 670 3044 736 ή
3091 667 3190 738 γῆ,
3217 668 3405 736 ᾇσατε
3433 667 3513 734 τῷ
3559 670 3756 736 Κυρίῳ

2176 758 2342 833 ᾆσμα
2372 764 2599 818 καινόν’
2632 763 2745 831 καὶ,
2776 763 2991 831 Κύριος
3013 761 3436 826 ἐϐασίλευσεν,
3467 760 3755 830 ἀγαλλιώ-

2176 868 2347 910 σεται
2390 855 2430 924 ἠ
2473 855 2573 927 γῆ,
2622 856 2716 910 καὶ
2750 856 2850 909 ὅσα
2893 854 3102 918 τούτοις
3138 855 3300 926 ὅμοια
3336 853 3612 924 τυγχάνει.
3664 854 3757 907 Δι-

2176 947 2473 1015 καιοσύνη
2526 947 2805 1001 ἐναντίον
2859 945 3050 1000 αὐτοῦ
3107 947 3599 1016 προπορεύσεται,
3655 943 3758 1000 καὶ

2177 1038 2352 1108 θήσει
2385 1042 2472 1106 εἰς
2502 1039 2647 1094 ὀδόν
2685 1039 2756 1094 τὰ
2790 1040 3120 1110 διαϐήματα
3164 1039 3369 1094 αὑτοῦ.
3416 1039 3616 1092 Τούτου
3655 1039 3757 1109 τὴν

2175 1131 2414 1186 διάνοιαν
2445 1133 2778 1205 σαφέστερον
2809 1133 3166 1188 ἐκδεδὼκασιν
3201 1134 3250 1184 οἱ
3269 1132 3457 1208 ,λοιποὶ
3488 1133 3758 1201 ἑρμηνεύε-

2175 1222 2287 1286 ταὶ,
2316 1223 2425 1286 ,καὶ
2463 1223 2696 1293 μάλιστα
2744 1225 2773 1277 ό
2817 1223 3111 1296 Σύμμαχος
3153 1221 3341 1277 εἰπών·
3394 1223 3755 1289 Δικαιοσύνη

2175 1313 2437 1369 ἑκάστου
2463 1317 2889 1385 προελεύσεται
2919 1316 3126 1382 αὑτὸν,
3157 1316 3258 1370 καὶ
3289 1317 3461 1382 θήσει
3492 1317 3576 1380 εὶς
3609 1315 3758 1369 ὁδόν

2177 1405 2318 1472 τοὺς
2346 1407 2537 1474 πόδας
2562 1409 2769 1467 αὐτοῦ.
2797 1410 2950 1464 Μετά
2969 1409 3075 1482 γὰρ
3095 1409 3166 1464 τὰ
3189 1413 3255 1482 τῇ
3282 1413 3351 1482 γῇ
3383 1410 3757 1481 κεχαρισμένα

2177 1496 2356 1564 ἀγαθὰ
2381 1497 2610 1562 ⁹εἶκαστος
2629 1498 2737 1551 τῶν
2762 1498 2858 1570 τὴν
2885 1500 2988 1570 γῆν
3018 1500 3440 1561 κατοικούντων,
3467 1498 3542 1562 ὡς
3563 1497 3626 1551 ἀν
3653 1497 3754 1566 τῆς

2177 1587 2237 1651 ἐξ
2274 1587 2518 1659 οὐρανῶν
2560 1589 2901 1661 διακυψάσης
2947 1591 3290 1661 δικαιοσύνης
3323 1587 3623 1661 μετασχὼν,
3659 1577 3756 1641 καὶ

2181 1678 2344 1743 αὐτὸς
2375 1679 2509 1734 ἰδίαν
2540 1682 2880 1754 κτησάμενος
2909 1681 3270 1752 δικαιοσύνην,
3301 1681 3412 1745 ἕξει
3440 1678 3604 1750 αὐτὴν
3627 1696 3757 1750 προ-

510 1782 700 1828 scatur
730 1793 742 1828 :
784 1790 905 1844 quae
942 1773 1193 1830 Salvator
1216 1782 1271 1830 et
1300 1773 1563 1828 Dominus
1608 1781 1796 1828 noster
1825 1772 2077 1827 omnibus

2181 1768 2418 1837 ἀγουσαν
2451 1771 2611 1824 αὐτὸν
2651 1774 2732 1835 είς
2773 1771 2870 1842 τὴν
2911 1773 3022 1826 ἄνω
3067 1772 3333 1842 φέρουσαν
3364 1771 3502 1835 ὁδὸν,
3545 1771 3640 1823 καὶ
3682 1769 3753 1821 τὰ

504 1863 820 1920 hominibus
851 1865 1192 1920 annuntiavit
1223 1865 1410 1919 dicens
1442 1883 1456 1919 :
1489 1864 1938 1935 Appropinquavit
1987 1879 2075 1918 re-

503 1971 664 2025 gnum
719 1956 968 2011 caelorum
997 1957 1077 2023 ⁶²;
1142 1964 1196 2012 et
1249 1955 1404 2009 Beati
1466 1955 1768 2024 hujusmodi
1811 1953 2073 2020 homines,

505 2048 752 2118 quoniam
783 2050 1018 2117 ipsorum
1042 2056 1120 2102 est
1155 2062 1372 2116 regnum
1402 2047 1651 2101 cmlorum
1689 2046 1756 2102 ⁸³.

2181 1861 2492 1934 διαδήματα
2522 1865 2690 1934 αὐτῆς
2727 1865 3189 1919 κατατάττουσαν·
3231 1866 3377 1928 ὅπως
3411 1863 3634 1926 ὁδεύσας
3655 1863 3754 1932 τὴν

2183 1957 2262 2019 είς
2286 1957 2549 2026 οὐρανοὺς
2579 1957 2870 2030 φέρουσαν,
2900 1958 3380 2030 ἐπιστηριζόμενός
3414 1974 3473 2010 τε
3513 1956 3605 2009 καὶ
3639 1971 3756 2024 χει-

2184 2048 2599 2119 ραγωγούμενος
2631 2050 2736 2103 ὑπὸ
2776 2051 2878 2122 τῆς
2922 2051 3269 2123 προαγούσης
3300 2050 3460 2104 αὐτὸν
3481 2045 3755 2101 δικαιοσύ-

504 2157 603 2211 νης
634 2136 820 2206 αὐτοῦ,
851 2140 1001 2210 τύχοι
1035 2131 1142 2192 τῶν
1184 2140 1522 2210 ἐπουρανίων
1555 2139 1916 2208 ἐπαγγελιῶν,
1954 2139 2021 2204 ἂς
2050 2141 2078 2192 ὁ
2115 2139 2306 2213 Σωτὴρ
2368 2142 2462 2195 καὶ
2488 2142 2692 2213 Κύριος
2723 2143 2882 2213 ἡμῶν
2917 2145 3184 2216 ἐκήρυττε
3225 2146 3388 2198 πᾶσιν
3440 2140 3755 2213 ἀνθρώποις

506 2234 698 2303 λέγων·
728 2238 1002 2307 Ἤγγικεν
1025 2236 1063 2304 ἡ
1088 2236 1378 2301 ,ϐασιλεία
1399 2235 1518 2290 τῶν
1539 2234 1831 2304 οὺρανῶνο
1860 2237 1974 2303 καὶ,
2006 2237 2295 2306 Μακάριοι
2324 2242 2380 2294 οὶ
2439 2237 2680 2305 τοιοίδε,
2711 2237 2799 2292 ὅτι
2827 2237 3024 2294 αὐτῶν
3044 2239 3212 2293 ἐστιν
3234 2239 3274 2306 ή
3309 2238 3594 2304 ,ϐασιλεία
3633 2234 3759 2289 τῶν

505 2333 578 2385 οὺ
603 2331 794 2387 κινῶν.
868 2331 878 2340 ’

791 2491 1051 2549 ORATIO
1091 2489 1223 2547 lNSl
1260 2491 1488 2549 DAVID.
1532 2483 1792 2549 LXXXV.

578 2631 746 2688 Vsus.
780 2631 832 2686 1.
867 2629 1100 2698 Ιηείὶηα,
1127 2629 1370 2696 Domine,
1421 2647 1603 2686 aurem
1634 2641 1779 2684 tuam
1806 2639 1854 2685 et
1883 2632 2078 2686 exaudi

508 2745 611 2794 me,
645 2725 893 2798 quoniam
939 2719 1087 2790 inops
1137 2734 1187 2778 et
1222 2739 1421 2793 pauper
1451 2740 1568 2776 sum
1601 2740 1711 2794 ego.
1740 2723 1876 2778 Cum
1906 2723 1993 2779 bis
2019 2723 2078 2777 in

509 2820 648 2875 locis
676 2826 912 2889 quatuor
940 2817 1135 2887 psalmi
1165 2817 1400 2886 ﬁliorum
1435 2815 1568 2870 Core
1605 2815 1852 2886 inscripti
1885 2830 2078 2871 conse-

508 2914 741 2982 quenter
768 2916 1061 2980 ponantur,
1093 2922 1324 2978 quorum
1353 2907 1562 2976 primus
1603 2913 1688 2962 est
1719 2920 1949 2969 Lxxxm,
1992 2921 2077 2962 sea

510 3004 725 3060 cundus
747 3013 970 3066 Lxmv,
1001 3002 1197 3056 tertius
1229 3015 1448 3065 LXXXVI,
1481 3007 1791 3070 postremus
1817 3015 2037 3054 Lxxxvn
2058 3037 2074 3065 ,

509 3106 813 3167 opportune
833 3098 1040 3164 quaerat
1071 3092 1267 3162 aliquis
1293 3093 1423 3162 quid
1454 3107 1636 3147 causa:
1671 3092 1763 3155 sit,
1789 3092 1931 3162 quod
1957 3107 2080 3146 ora-

2498 2483 2868 2547 nPozerxu
2911 2493 2999 2563 Tn
3049 2493 3268 2546 ΔΑΥΙΔ.
3298 2484 3422 2549 [ιε’.

2248 2621 2493 2687 Κλῖνον,
2525 2622 2720 2690 Κύριε,
2747 2619 2814 2674 τὸ
2837 2613 2947 2687 οὕς
2967 2637 3104 2684 σου,
3127 2621 3225 2675 καὶ
3246 2619 3592 2677 ἐπάκουσον·
3609 2642 3753 2693 μου,

2179 2715 2266 2770 ὅτι
2299 2715 2534 2785 πτωχὸς
2560 2715 2659 2768 καὶ
2707 2715 2896 2781 πένης
2931 2715 3046 2784 εἰμὶ
3082 2715 3212 2784 ἐγώ.
3254 2716 3545 2788 Τεσσάρων
3584 2719 3756 2772 ὄντων

2180 2808 2375 2880 ἐφεξῆς
2425 2807 2656 2879 ψαλμῶν
2705 2807 2813 2862 τῶν
2868 2808 3361 2879 ἐπιγεγραμμένων
3413 2809 3561 2865 υἱῶν
3593 2813 3750 2881 Κορὲ

2182 2901 2323 2955 κατά
2370 2902 2496 2964 τοὺς
2533 2900 2809 2971 παρόντας
2854 2900 3072 2964 τόπους,
3117 2899 3332 2972 πρώτου
3380 2903 3476 2973 μὲν
3504 2903 3597 2956 τοῦ
3638 2913 3752 2973 πγι,

2181 2991 2370 3046 ἔπειτα
2409 2990 2504 3044 τοῦ
2547 2990 2649 3056 πδν,
2687 2991 2780 3044 καὶ
2816 2992 3000 3063 τρίτου
3035 2992 3130 3044 τοῦ
3163 2999 3279 3059 πς’,
3311 2995 3405 3047 καὶ
3445 2996 3755 3052 τελευταίου

2181 3087 2274 3140 τοῦ
2311 3084 2418 3150 πζ’,
2462 3085 2580 3148 πῶς
2606 3087 2640 3156 ὴ
2661 3087 2934 3157 προσευχὴ
2969 3086 3060 3139 τοῦ
3096 3086 3258 3140 Δαυῒδ
3285 3087 3549 3161 ἀκαίρως,
3579 3091 3658 3154 ὡς
3686 3092 3757 3146 ἂν

509 3189 588 3243 ιίο
635 3186 853 3241 Davidis
901 3186 1301 3255 intempestiVe,
1337 3192 1396 3238 ut
1441 3185 1709 3254 quispiam
1763 3185 1979 3250 dixerit,
2020 3184 2075 3238 in

2181 3179 2318 3230 εἴποι
2353 3194 2457 3242 τις,
2501 3176 2944 3247 παρεμὸέὸληται
2989 3177 3150 3249 μέση,
3189 3177 3425 3248 εὐλόγως
3465 3181 3530 3235 ἄν
3558 3199 3640 3246 τις
3669 3183 3759 3248 ἐξ.

511 3279 693 3334 medio
723 3293 915 3334 eorum
945 3278 1121 3332 locata
1155 3278 1338 3333 fuerit.
1375 3277 1610 3333 Estimo
1641 3277 1808 3348 igitur
1828 3293 1933 3332 non
1961 3277 2081 3332 sine

511 3386 714 3438 causa,
767 3370 862 3427 sed
903 3371 1369 3440 opportunissime
1419 3371 1696 3425 vaticiniis
1741 3369 1808 3426 de
1859 3370 2080 3424 Christo

511 3461 813 3516 immistam
842 3459 986 3514 hanc
1012 3461 1314 3516 orationem
1343 3459 1533 3515 fuisse.
1565 3459 1704 3526 Quia
1731 3460 1875 3515 enim
1909 3461 2080 3515 bono-

509 3565 634 3606 rum
672 3549 961 3621 promissa,
992 3551 1206 3606 veniam
1253 3560 1624 3622 peccatorum,
1659 3552 1754 3608 Dei
1788 3553 1857 3607 ad
1900 3553 2079 3608 homi-

509 3659 608 3701 nes
658 3643 972 3709 adventum,
1007 3644 1212 3700 Christi
1262 3644 1624 3715 redemptoris
1666 3660 1731 3700 ac
1775 3645 2080 3702 Servatoris

508 3736 792 3792 hominum
823 3736 1348 3807 peregrinationem,
1387 3738 1549 3807 primi
1597 3739 1794 3809 psalmi
1843 3739 2080 3808 ﬁliorum

455 3856 479 3874 ι
509 3827 644 3883 Core
703 3827 950 3899 inscripti
985 3829 1446 3893 vaticinabantur,
1482 3829 1736 3886 videlicet
1784 3845 1993 3884 unm
2026 3838 2081 3886 et

509 3938 730 3987 Lxxxiv,
762 3922 871 3976 imo
896 3921 1059 3977 etiam
1087 3922 1181 3995 qui
1229 3931 1416 3992 postea
1449 3922 1686 3991 ﬁliorum
1722 3920 1855 3978 Core
1883 3923 2081 3979 inscri-

509 4015 734 4080 buntur,
769 4015 1007 4084 gentium
1041 4014 1406 4080 vocationem,
1442 4013 1646 4069 Christi
1689 4022 1895 4081 ortum,
1932 4030 2082 4070 mor-

511 4114 617 4160 tem
651 4105 718 4160 ab
740 4120 806 4160 eo
838 4118 935 4174 pro
965 4103 1279 4159 hominibus
1309 4114 1641 4174 susceptam,
1673 4104 2076 4174 praedicabant;

507 4198 748 4252 arbitror
769 4196 825 4251 in
851 4195 1032 4251 medio
1058 4195 1355 4266 prophetia:
1382 4196 1546 4252 hasce
1590 4211 1680 4252 res
1710 4197 2079 4268 praenuntian-

508 4295 580 4350 tis
617 4293 935 4349 necessario
985 4291 1218 4362 positam
1258 4290 1428 4347 fuisse
1481 4291 1704 4348 Davidis
1751 4294 2075 4359 orationem,

505 4401 612 4456 qua
645 4385 915 4456 supplicat
945 4385 1087 4439 bona
1112 4400 1208 4455 per
1234 4383 1568 4440 Salvatorcm
1599 4386 1869 4442 universis
1901 4385 2080 4440 homi-

2179 3269 2438 3322 ετάσειεν.
2475 3266 2747 3339 Ἦγοῦμαι
2773 3267 2950 3322 τοίνυν
2975 3269 3075 3321 οὐκ
3096 3268 3324 3338 ἀλόγως,
3358 3270 3471 3324 ἀλλ’
3506 3273 3759 3344 εὐκαιρόέ

2179 3375 2315 3412 τατα
2354 3361 2474 3422 ταῖς
2517 3359 2644 3430 περὶ⁵
2681 3358 2778 3411 τοῦ
2823 3359 3060 3431 Χριστοῦ
3109 3363 3465 3433 προφητείαις
3497 3381 3757 3435 παραμε-

2182 3449 2370 3521 μίχθαι
2395 3451 2497 3523 τὴν
2529 3452 2891 3524 προκειμένην
2926 3455 3109 3526 εὐχήν.
3159 3453 3372 3526 Ἐπειδὴ
3399 3455 3504 3526 γὰρ
3530 3457 3761 3524 ἀγαθῶν

2179 3542 2510 3610 ἐπαγγελίας
2542 3544 2637 3598 καὶ
2678 3546 2899 3614 ἀφέσεις
2942 3545 3372 3617 ἁμαρτημάτων,
3410 3546 3540 3599 Θεοῦ
3572 3565 3632 3600 τε
3670 3551 3760 3613 είς

2179 3633 2500 3704 ἀνθρώπους
2524 3637 2826 3708 παρουσίαν
2867 3638 2962 3691 καὶ
2999 3637 3235 3708 Χριστοῦ
3273 3637 3448 3708 ἄφιξιν
3472 3637 3762 3709 λυτρωτοῦ

2180 3727 2276 3780 καὶ
2303 3727 2551 3799 Σωτῆρος
2595 3727 2917 3799 ἀνθρώπων,
2951 3731 2998 3782 οἱ
3039 3728 3246 3800 πρῶτοι
3277 3729 3384 3782 τῶν
3410 3731 3763 3800 ἐπιγεγραμ-

2183 3820 2358 3890 μένων
2407 3821 2552 3876 υίῶν
2582 3823 2733 3890 Κορὲ
2785 3826 3179 3896 προεφήτευον,
3236 3824 3328 3876 ὅτε
3366 3829 3452 3892 πγ¹
3498 3823 3594 3876 καί
3645 3823 3756 3877 πᾶ.

2193 3912 2353 3966 Ἀλλά
2389 3914 2481 3967 καὶ
2517 3914 2566 3966 οἱ
2599 3913 2725 3985 ἑξῆς
2754 3914 3124 3988 ἐπιλεγόμενοι
3157 3917 3266 3969 τῶν
3299 3915 3444 3971 υἱῶν
3460 3916 3637 3984 Κορὲ,
3663 3917 3760 3970 καὶ

2180 4005 2332 4058 αὐτοὶ
2359 4005 2529 4060 ἐθνῶν
2562 4005 2756 4078 κλῆσιν
2777 4008 3207 4080 εὐηγγελίζοντο,
3235 4009 3329 4062 καὶ
3353 4008 3589 4079 Χριστοῦ
3612 4009 3760 4077 γένεο

2182 4114 2285 4162 σιν,
2318 4099 2530 4152 καὶτὸν
2571 4100 2711 4172 ὑπὲρ
2749 4099 3051 4172 ἀνθρώπων
3095 4100 3256 4155 αὐτοῦ
3299 4101 3545 4154 θάνατον’
3589 4102 3760 4170 ἀνατί

2179 4191 2349 4256 καίως
2379 4192 2616 4264 ἠγοῦμαι
2653 4193 2754 4264 τῆς
2803 4193 2932 4266 περὶ
2967 4193 3171 4247 τούτων
3209 4194 3544 4264 προφητείας
3583 4194 3761 4264 μέσην

2179 4283 2666 4356 παρεμϐεὸλῆσθαι
2691 4287 2791 4357 τὴν
2816 4287 3123 4359 προσευχὴν
3143 4286 3236 4340 τοῦ
3261 4288 3440 4350 Δαυῖδ,
3463 4289 3531 4341 δι’
3550 4285 3621 4360 ἦς
3645 4292 3756 4342 ἱκε-

2177 4374 2324 4428 τεύει
2357 4379 2540 4446 τυχεῖν
2582 4378 2676 4431 καὶ
2714 4378 2876 4443 αὐτὸς
2916 4379 3022 4434 τῶν
3053 4379 3143 4432 διὰ
3173 4379 3265 4432 τοῦ
3308 4370 3560 4452 Σωτῆρος
3592 4383 3760 4435 πᾶσιν

506 4480 671 4534 nibus
702 4477 1067 4550 procuranda,
1100 4478 1203 4534 sibi
1227 4493 1445 4549 quoque
1477 4478 1758 4544 conferri;
1786 4487 1846 4536 ut
1887 4489 1942 4536 et
1961 4481 2077 4555 ipse

2181 4467 2483 4541 ἀνθρώποις
2509 4469 2946 4542 προξενουμένων
2973 4470 3212 4540 ἀγαθῶνο
3239 4472 3315 4534 ὡς
3349 4472 3436 4539 ἂν,
3465 4472 3560 4525 καὶ
3595 4473 3760 4537 αὐτὸς

506 4571 774 4626 bonorum
798 4584 920 4640 quas
942 4571 993 4624 in
1019 4569 1304 4640 prophetia
1330 4569 1688 4625 enuntiantur
1709 4586 1960 4637 consors,
1982 4552 2077 4628 ve-

2181 4563 2468 4634 γενόμενος
2496 4563 2754 4627 κοινωνὸς
2785 4563 2894 4617 τῶν
2928 4563 3440 4637 προφητευομένων,
3469 4564 3626 4635 τύχοι
3663 4567 3764 4636 μὲν

507 4665 654 4719 niam
686 4671 1038 4732 peccatorum
1095 4669 1484 4731 consequatur,
1529 4678 1839 4733 magnoque
1874 4665 1967 4719 illo
2013 4678 2077 4718 ac

509 4755 734 4808 salutari
769 4755 914 4809 bono
944 4753 1176 4820 fruatur,
1205 4755 1348 4824 quod
1382 4756 1638 4811 omnibus
1671 4757 1925 4827 gentibus
1952 4772 2078 4828 pro-

507 4846 762 4900 mittitur.
798 4847 856 4900 ln
888 4847 990 4900 hac
1030 4845 1213 4916 itaque
1256 4847 1506 4902 oratione
1549 4847 1717 4903 David
1761 4847 1984 4904 eﬂ‘usam
2024 4850 2080 4904 in

507 4952 698 4992 onmes
725 4945 915 5006 gentes
953 4937 1183 5006 gratiam
1219 4945 1506 5002 memorat,
1537 4953 1699 5008 quam
1729 4937 1986 4992 demirari
2017 4953 2076 4994 se

506 5039 562 5086 et
616 5040 838 5099 stupere
888 5031 1173 5098 prolitetur
1219 5029 1303 5085 his
1334 5029 1520 5084 verbis
1557 5047 1571 5083 :
1606 5028 1728 5082 Non
1768 5037 1844 5082 est
1883 5029 2074 5084 similis

507 5120 588 5174 tui
613 5120 670 5172 in
698 5119 822 5183 diis,
860 5117 1096 5182 Domine,
1125 5127 1173 5171 et
1203 5134 1307 5172 non
1337 5127 1414 5171 est
1460 5119 1740 5172 secundum
1772 5133 1931 5186 opera
1961 5125 2071 5172 tua.

511 5211 704 5266 Omnes
733 5220 904 5281 gentes
933 5225 1264 5279 quascunque
1287 5208 1461 5278 fecisti
1485 5209 1683 5263 venient
1706 5219 1753 5262 et
1777 5207 2074 5262 adorabunt

507 5320 687 5358 coram
719 5314 782 5356 te.
818 5301 958 5368 Quia
989 5302 1154 5371 igitur
1183 5301 1297 5370 ipse
1326 5317 1543 5370 quoque
1582 5301 1733 5369 paria
1763 5301 1905 5355 bona
1943 5315 2075 5354 cono

509 5397 660 5469 sequi
691 5396 1036 5473 precabatur,
1067 5395 1370 5447 orationem
1412 5409 1565 5448 suam
1599 5394 1653 5447 in
1704 5392 1882 5447 medio
1929 5392 2078 5461 psal-

509 5503 721 5543 morum
745 5486 1181 5557 evangelicorum
1209 5494 1572 5555 congruenter
1602 5486 1824 5540 locavit.
1858 5483 1982 5538 Haec
2009 5483 2076 5538 de

509 5575 785 5646 proposita
820 5574 1119 5645 quaestione
1153 5572 1299 5627 dicta
1348 5573 1480 5628 sint.
1527 5573 1639 5629 Nec
1686 5573 2072 5646 ignorandum,

578 5730 623 5761 ⁸ο
661 5728 803 5784 Psal.
845 5744 964 5796 xcv,
1002 5728 1052 5785 l.
1132 5729 1172 5760 ⁸¹
1213 5725 1358 5785 Psal.
1397 5745 1550 5796 xcvn,
1592 5731 1640 5782 l.

1720 5731 1762 5762 θ’
1803 5728 1994 5785 Matth.
2031 5747 2125 5797 Ill,
2160 5730 2213 5784 ‘2.

2183 4655 2428 4724 ἀφέσεως
2465 4656 2766 4728 ἁμαρτιῶν,
2809 4657 3101 4711 ἀπολαύσοι
3136 4657 3191 4711 δὲ
3220 4659 3320 4729 τῆς
3360 4658 3633 4729 σωτηρίου
3665 4676 3759 4729 με·

2183 4748 2520 4820 γαλοδωρεᾶς
2561 4750 2660 4820 τῆς
2706 4751 2838 4803 πᾶσι
2876 4754 2987 4814 τοῖς
3025 4750 3199 4804 ἔθνεσι
3242 4749 3758 4821 εὐαγγελιζομένης.

2183 4842 2523 4914 Μνημονεύει
2558 4842 2688 4911 γοῦν
2717 4845 2774 4897 ἐν
2813 4847 2876 4915 τῇ
2909 4842 3072 4897 αὐτοῦ
3105 4846 3378 4915 προσευχῇ
3407 4844 3435 4894 ὁ
3462 4835 3632 4895 Δαυῖδ
3659 4844 3759 4912 τῆς

2181 4937 2258 4998 είς
2289 4935 2358 4988 τὰ
2385 4935 2510 5006 ἔθνη
2541 4935 2795 5006 χυθείσης
2831 4935 2923 4988 τοῦ
2966 4935 3100 4988 Θεοῦ
3149 4935 3388 5007 χάριτος,
3432 4935 3760 5005 ἀποθαυμά-

2182 5027 2287 5092 ζων
2318 5027 2410 5081 καὶ
2443 5028 2993 5100 ἐκπληττόμενοςτὴν
3019 5029 3196 5100 χάριν,
3226 5028 3292 5080 δι’
3319 5021 3392 5080 ὧν
3422 5045 3614 5097 φησιν’
3639 5031 3760 5081 Οὐιι

2179 5119 2350 5170 ἐστιν
2378 5117 2579 5188 ὅμοιός
2614 5136 2712 5173 σοι
2765 5118 2836 5171 ἐν
2871 5118 3045 5184 θεοῖς,
3094 5119 3289 5185 Κύριε,
3337 5117 3433 5170 καὶ
3483 5119 3598 5170 οὐκ
3628 5117 3760 5169 ἐστι

2180 5214 2328 5262 κατὰ
2355 5212 2425 5262 τὰ
2459 5210 2600 5279 ἔργα
2632 5227 2768 5264 σου.
2804 5211 3004 5264 Πάντα
3035 5211 3106 5264 τὰ
3133 5211 3278 5277 ἔθνη
3316 5209 3431 5264 ὅσα
3458 5209 3759 5276 ἐποίησας

2181 5298 2400 5365 ἥξουσι
2426 5302 2522 5354 καὶ
2553 5303 3092 5369 προσκυνήσουσιν
3135 5301 3388 5355 ἐνώπιόν
3415 5317 3552 5353 σου.
3604 5301 3760 5352 Ἐπεὶ

2178 5390 2357 5443 τοίνυν
2398 5393 2492 5444 καὶ
2540 5392 2701 5455 αὐτὸς
2744 5393 2938 5464 ηῦχετο
2981 5392 3072 5446 τοῦ
3120 5393 3247 5445 ἰσων
3287 5392 3507 5460 ἀγαθῶν
3546 5395 3760 5462 τυχεῖν,

2181 5483 2401 5545 εἰκότως
2433 5485 2530 5553 τὴν
2564 5483 2757 5536 ἐαυτοῦ
2793 5485 3097 5556 προσευχὴν
3131 5485 3300 5556 μέσην
3329 5485 3435 5537 τῶν
3469 5484 3761 5552 εὐαγγέλια

2181 5575 2290 5628 κῶν
2331 5575 2558 5646 ψαλμῶν
2607 5576 2998 5648 παρεμϐάλλει.
3045 5577 3230 5631 Ταῦτα
3286 5577 3382 5647 μὲν
3417 5571 3510 5630 οὖν
3542 5577 3623 5638 είς
3657 5574 3761 5646 τὴν

2292 5732 2334 5760 ⁶³
2375 5729 2562 5785 Mallh.
2592 5749 2644 5796 ν,
2676 5731 2728 5792 5,
2769 5731 2851 5784 10.
