3988 6204
211 274 342 331 1029

1321 261 1833 322 COMMENTARIA
1869 260 1940 317 1N
1980 239 2330 318 PsALMOSI

3320 259 3457 318 1050

209 388 482 460 λεχθεῖσαν
510 383 770 457 πρότασιν
796 381 1050 454 εἰρήσθω.
1080 379 1201 453 Χρὴ
1231 381 1287 433 δὲ
1323 380 1396 451 μὴ
1427 381 1660 448 ἀγνοεῖν,
1693 379 1770 431 ὅτι

1879 377 2017 432 alios
2040 377 2330 447 plerosque
2357 375 2596 447 psalmos
2625 391 2746 431 esse
2768 375 2881 446 qui,
2909 375 3116 439 Oratio,
3143 375 3456 432 inscribun-

206 482 296 536 καὶ
327 478 475 534 ἄλλοι
520 477 735 538 πλείους
776 475 882 527 εἰσὶ
913 472 1266 542 Προσευχῆς
1313 472 1779 543 ἐπιγεγραμμένοι

204 568 422 639 ψαλμοί·
447 567 559 621 ἀλλ’
588 560 740 628 οὗτος
770 567 905 636 μετὰ
938 563 1271 634 προσθήκης,
1315 563 1422 616 τοῦ
1458 564 1658 627 Δαυῒδ,
1698 563 1778 616 εί-

207 675 384 729 ρηται⁹
406 658 590 730 ’ἑτερος
615 656 671 709 δὲ
697 655 1121 725 ἐπιγέγραπται,
1149 653 1464 723 Προσευχὴ
1486 653 1592 707 τοῦ
1613 657 1780 708 Maii)-

202 747 282 818 σῆ
312 749 622 818 ἀνθρώπου
651 747 756 800 τοῦ
793 746 958 800 Θεοῦ·
995 746 1084 798 καὶ
1111 744 1287 808 ἄλλος,
1325 745 1642 814 Προσευχὴ
1672 746 1778 800 τοῦ

202 842 462 911 πτωχοῦ,
489 841 635 894 ὅταν
657 838 954 907 ἀκηδιάσῃ
988 837 1098 913 καὶΔ
1121 838 1398 892 ἐναντίον
1423 839 1528 892 τοῦ
1556 839 1779 908 Κυρίου

199 935 384 1004 ἐκχέῃ
415 934 528 1001 τὴν
554 931 768 999 δέησιν
791 931 994 985 αὐτοῦ.
1043 930 1180 983 Ἀλλ’
1203 931 1276 994 ὡς
1308 931 1778 1001 ἐπαναϐεϐηκότες

197 1027 296 1089 τὰς
328 1027 386 1078 ἐν
412 1027 477 1095 τῇ
510 1024 718 1094 Παλαιᾷ
745 1023 930 1093 Γραφῇ
966 1023 1292 1094 προσευχὰς,
1325 1023 1375 1075 οἱ
1407 1021 1498 1075 τοῦ
1530 1022 1780 1094 Σωτῆρος

198 1115 355 1187 ἡμῶν
404 1115 704 1169 ἀπόστολοιῗ
734 1114 1121 1184 προσελθόντες
1153 1114 1337 1183 ἠξίουν
1374 1115 1536 1167 αὑτὸν
1573 1115 1778 1182 διδάξαι

197 1208 392 1270 αὐτοὺς
434 1205 864 1278 προσεύχεσθαι·
911 1207 940 1258 6
973 1207 1030 1260 δὲ
1061 1207 1322 1272 διδάσκει,
1375 1207 1555 1277 μόνοις
1594 1210 1777 1275 αὐτοῖς

199 1301 292 1353 καὶ
320 1301 430 1361 τοῖς
460 1299 667 1370 ὁμοίοις
712 1297 1044 1369 κατάλληλον
1076 1283 1403 1370 παραδιδοὺς
1447 1303 1774 1373 προσευχήν.

198 1392 288 1446 Διό
331 1409 462 1462 φησι
509 1391 646 1462 πρὸς
695 1391 912 1452 αὐτούς⁸
965 1391 1161 1456 Οὕτως
1209 1389 1321 1444 οὖν
1367 1393 1779 1462 προσεύχεσθε

197 1483 382 1553 ὑμεῖς·
416 1482 606 1550 Πάτερ
637 1481 806 1551 ἡμῶν
832 1485 864 1535 ὀ
885 1482 954 1535 ἐν
975 1481 1098 1546 τοῖς
1117 1481 1412 1548 οὐρανοῖς,
1441 1484 1779 1553 ἁγιασθήτω

196 1577 262 1630 τὸ
302 1575 488 1643 ὄνομά
519 1591 658 1640 σου,
700 1574 791 1628 καὶ
834 1573 903 1626 τά
950 1574 1096 1644 ἑξῆς.
1147 1575 1416 1639 Ἕκαστος
1451 1571 1544 1629 οὖν
1590 1577 1778 1630 ἐαυτὸν

192 1651 554 1740 δοκιμαζέτω,
596 1668 706 1720 εἴτε
737 1667 885 1732 ἄξιός
922 1667 1088 1732 ἐστιν,
1122 1667 1198 1732 ὡς
1234 1668 1334 1741 ἤδη
1378 1669 1491 1732 υἱὸς
1517 1669 1648 1722 Θεοῦ
1678 1669 1779 1740 ’γε-

1881 478 2009 535 tur;
2041 469 2136 524 sed
2166 469 2256 522 hic
2286 483 2414 522 cum
2458 469 2562 523 hoc
2613 469 3007 535 additameuto,
3041 469 3282 534 Davidis,
3331 488 3458 542 pro-

1881 561 2094 628 fertur;
2129 561 2267 616 alius
2319 561 2364 592 “
2417 575 2547 616 vero
2581 562 2899 617 inscribitur
2945 581 2956 618 :
3009 562 3196 617 Oratio
3254 562 3454 634 Moysis

1880 652 2104 706 hominis
2138 651 2268 718 Dei;
2292 651 2431 708 alius
2463 654 2529 718 ⁸⁵,
2569 652 2757 708 Oratio
2792 656 3060 723 pauperis,
3100 671 3218 708 cum
3263 640 3456 710 anxius

1880 745 2074 815 fuerit,
2122 753 2172 799 et
2225 746 2276 798 iu
2327 755 2603 814 conspectu
2654 746 2869 800 Domini
2959 746 3203 816 effuderit
3255 763 3457 816 precem

1881 855 2054 894 suam.
2080 837 2186 892 Sed
2242 839 2701 917 quemadmodum
2759 842 2990 911 apostoli
3029 840 3329 897 Salvatoris
3365 857 3460 896 no-

1881 931 2021 995 stri,
2069 929 2284 986 Veteris
2366 929 2665 1001 Scriptum
2733 932 3080 988 orationibus
3146 933 3459 1004 superiores

1879 1019 2092 1086 eil‘ecti,
2151 1021 2474 1077 accedentes
2521 1016 2790 1093 rogabant
2845 1038 2968 1078 eum
2995 1065 3009 1088 ,
3053 1034 3112 1079 ut
3157 1040 3217 1080 se
3265 1025 3457 1079 orandi

1879 1111 2100 1166 modum
2134 1111 2418 1178 edoceret;
2467 1112 2557 1167 ille
2600 1128 2730 1167 vero
2779 1113 2914 1184 ipsis
2959 1115 3090 1169 solis
3151 1124 3203 1168 et
3259 1115 3460 1169 simili-

1877 1203 1982 1260 bus
2063 1205 2306 1274 ipsorum
2377 1214 2769 1275 congruentem
2836 1206 3057 1262 tradidit
3113 1207 3456 1271 orationem,

1880 1310 2004 1350 cum
2039 1293 2177 1348 dixit
2207 1295 2335 1360 illis,
2381 1295 2468 1350 Sic
2520 1313 2608 1351 vos
2668 1307 2816 1352 orate
2859 1314 2878 1351 :
2911 1290 3076 1354 Pater
3140 1300 3335 1367 noster,
3369 1301 3459 1371 qui

1878 1403 1932 1441 es
1993 1387 2048 1439 in
2081 1386 2247 1448 costis,
2311 1387 2676 1456 sancti/icetur
2743 1405 2930 1442 nomen
2991 1400 3139 1442 tuum
3167 1391 3233 1455 ⁸⁸,
3269 1399 3323 1445 et
3353 1405 3457 1445 ete-

1878 1486 2026 1544 tera;
2067 1478 2249 1547 itaque
2295 1478 2536 1549 seipsum
2574 1480 2809 1550 quisque
2839 1482 3052 1551 probet,
3091 1498 3222 1536 num
3255 1471 3456 1553 dignus

1880 1571 1972 1638 sit,
2009 1579 2193 1640 utpote
2229 1571 2342 1640 jam
2379 1572 2524 1627 [ilius
2564 1571 2657 1627 Dei
2694 1572 2943 1637 eﬂ'ectus,
2980 1561 3198 1631 Patrem
3246 1577 3340 1647 qui
3396 1577 3454 1632 in

1879 1662 2034 1716 caelis
2061 1670 2141 1715 est
2178 1662 2454 1728 invocare,
2489 1678 2553 1716 ac
2583 1663 2716 1718 illud
2743 1664 3009 1734 proferre,
3054 1656 3219 1722 Pater
3243 1677 3442 1736 noster,

193 1761 390 1830 γονὼς,
431 1746 522 1813 τὸν
561 1763 620 1814 ἐν
666 1763 780 1824 τοῖς
819 1761 1067 1831 οὐρανοῖς
1110 1761 1484 1814 ἐπικαλεῖσθαι
1532 1763 1770 1835 Πατέρα,

1877 1756 1968 1824 qui
1996 1771 2049 1810 es
2093 1756 2145 1809 in
2175 1755 2340 1821 cazlis,
2390 1763 2496 1811 etc.
2539 1756 2695 1822 Quod
2749 1759 2795 1812 si
2838 1758 2962 1813 talis
3011 1775 3118 1814 non
3152 1761 3246 1828 sit,
3299 1768 3454 1817 curet

191 1855 290 1908 καὶ
321 1853 500 1923 λέγειν
526 1853 607 1914 τὸ,
636 1853 826 1920 Πάτερ
855 1853 1023 1922 ἡμῶν
1054 1856 1087 1906 ό
1113 1853 1184 1907 ἐν
1208 1853 1334 1921 τοῖς
1355 1854 1654 1923 οὐρανοῖς,
1681 1858 1774 1910 καὶ

189 1945 264 1998 τά
298 1944 446 2016 ἐξῆς.
502 1946 564 1998 Εἰ
612 1945 686 2017 μὴ
734 1945 986 2008 τοσοῦτος
1032 1947 1138 2016 εἰη,
1186 1947 1542 2016 ἀναλέγεσθαι
1597 1950 1774 2022 ἐαυτῷ

192 2039 544 2104 σπουδαζέτω
591 2039 686 2110 τὴν
735 2039 1080 2111 ἁρμόζουσαν
1135 2042 1198 2112 τῇ
1242 2040 1406 2094 αὑτοῦ
1445 2043 1775 2096 καταστάσει

188 2131 502 2202 προσευχὴν
531 2132 638 2185 ἀπό
667 2149 724 2184 τε
753 2132 852 2202 τῆς
883 2131 1064 2202 βίϐλου
1097 2133 1205 2188 τῶν
1229 2133 1476 2206 Ψαλμῶν
1529 2135 1622 2190 καὶ
1667 2136 1776 2190 ἀπὸ

186 2224 300 2276 τῶν
335 2223 688 2296 προφητικῶν
728 2225 938 2294 φωνῶν.
997 2225 1061 2279 Ἦ
1096 2225 1278 2297 μέντοι
1311 2228 1560 2300 παροῦσα
1606 2246 1775 2301 προσ-

185 2318 325 2389 ευχὴ
347 2317 440 2370 τοῦ
461 2317 622 2372 Δαυῒδ
646 2313 780 2372 οὖσα
799 2317 1078 2388 τυγχάνει·
1105 2317 1278 2382 οὕτως
1305 2319 1412 2390 γὰρ
1431 2321 1774 2392 ήρμήνευσεν

137 2433 143 2439 ·
186 2408 216 2460 ὃ
238 2425 302 2460 τε
345 2408 571 2473 Ἀκύλας
609 2409 703 2462 καὶ
734 2410 761 2461 6
794 2408 1106 2480 Σύμμαχος,
1139 2411 1260 2464 ἀντὶ
1291 2409 1406 2474 τοῦ,
1453 2411 1533 2477 τῷ
1573 2411 1772 2477 Δαυῒδ,

183 2500 297 2555 ’τοῦ
347 2499 548 2568 Δαυῒδ,
582 2502 884 2574 εἰρηκότες.
931 2505 1089 2556 Δοκεῖ
1134 2503 1190 2556 δὲ
1241 2504 1270 2556 6
1320 2503 1483 2558 Δαυῒδ
1524 2503 1602 2575 τῷ
1645 2504 1775 2577 θείῳ

185 2592 471 2665 Πνεύματι
512 2594 584 2666 μὴ
619 2594 948 2666 ἠγνοηκέναι
979 2595 1068 2648 τὸν
1108 2597 1235 2667 περὶ
1268 2595 1378 2649 τῶν
1410 2596 1640 2668 πτωχῶν
1669 2599 1774 2652 ὑπὸ

182 2685 282 2739 τοῦ
313 2673 564 2760 Σωτῆρος
603 2688 758 2759 ἡμῶν
788 2688 1078 2759 εἰρημένον
1113 2689 1482 2760 μακαρισμόν·
1517 2689 1596 2743 διὸ
1625 2707 1772 2744 πτω-

183 2779 281 2850 χὸν
307 2780 498 2834 ἑαυτὸν
521 2781 614 2833 καὶ
645 2781 850 2852 πένητα
883 2781 1148 2851 ὑπάρχειν
1173 2781 1445 2852 ὁμολογεῖ,
1481 2782 1574 2835 καὶ
1600 2782 1773 2837 ταῦτα

183 2871 444 2942 βασιλεὺς
477 2873 554 2925 ὢν
583 2874 676 2926 καὶ
707 2871 918 2942 πλούτῳ
945 2872 1124 2944 πολλῷ
1154 2873 1598 2946 περιρῤεόμενοςι
1634 2875 1772 2930 Ἀλλ’

181 2965 377 3036 ἐπειδὴ
406 2965 484 3036 τῷ
518 2965 789 3036 πνεύματι
815 2964 1051 3028 τοιοῦτος
1071 2961 1160 3036 ἦν,
1199 2965 1337 3018 κατὰ
1369 2965 1450 3032 τὸ,
1483 2964 1773 3034 Μακάριοι

177 3062 237 3113 οἰ
272 3059 498 3127 πτωχοὶ
535 3057 613 3123 τῷ
655 3059 967 3127 πνεύματι,
998 3058 1222 3121 εἰκότως
1261 3059 1320 3112 ἐν
1361 3059 1428 3129 τῇ
1472 3061 1770 3131 προσευχῇ,

176 3151 261 3214 ὡς
315 3151 518 3222 ἀρετάς
567 3149 760 3204 ἑαυτοῦ
829 3150 924 3204 καί¹
967 3149 1035 3203 τά
1079 3150 1478 3222 κατορθώματα
1534 3151 1770 3222 προϐάλ-

175 3244 339 3297 λεται
390 3243 488 3314 τὴν
547 3242 817 3312 πτωχείαν
887 3242 983 3296 καὶ
1046 3227 1254 3296 πενίαν.
1317 3243 1427 3296 Καὶ
1486 3243 1669 3307 ἄλλως.
1712 3245 1769 3298 δὲ

175 3336 355 3408 ἐρεῖς,
403 3335 504 3398 ὅτι,
549 3334 738 3405 ὥσπερ
781 3334 1040 3406 Μωῦσῆς,
1097 3335 1279 3406 φωνῆς
1326 3335 1565 3400 ἀκούσας
1611 3337 1767 3402 Θεοῦ,

179 3425 518 3498 ἰσχνόφωνον
551 3426 742 3481 ἐαυτὸν
770 3421 910 3480 εἶναι
941 3426 1230 3496 ὡμολόγει,
1280 3428 1422 3482 κατὰ
1469 3429 1768 3500 παράθεσιν

176 3521 279 3592 τῆς
315 3520 469 3585 θείας
503 3523 686 3592 φωνῆς
727 3521 886 3575 τοῦτο
926 3523 1122 3594 φήσας·
1160 3521 1302 3577 οῦτω
1333 3524 1425 3577 καὶ
1450 3526 1478 3578 6
1505 3524 1686 3589 Δαυῒδ,
1721 3528 1770 3580 εἰ

179 3612 276 3667 καὶ
326 3611 500 3684 μέγας
543 3607 611 3684 ἦν
664 3613 758 3667 καὶ
805 3613 1059 3678 πλούσιος
1110 3615 1226 3674 καὶ,
1256 3615 1418 3685 σοφὸς
1464 3617 1769 3688 ἀνθρώποις

179 3707 633 3778 συγκρινόμενος,
671 3707 788 3760 ἀλλ’
819 3708 1105 3772 ἀνατείνας
1154 3709 1291 3780 πρὸς
1338 3709 1429 3762 τὸν
1475 3709 1607 3762 Θεὸν
1641 3711 1768 3775 τοὺς

174 3799 514 3872 ὀφθαλμοὺς,
546 3802 646 3872 δρᾷ
674 3800 862 3854 ἑαυτὸν
886 3800 946 3853 τὸ
969 3800 1134 3871 μηδὲν
1158 3801 1305 3854 ὄντα·
1336 3801 1428 3854 καὶ
1455 3801 1576 3854 ἐπεὶ⁵
1600 3802 1767 3872 μήπω

171 3887 244 3963 ἦν
264 3891 495 3955 δυνατὸς
525 3894 738 3964 πατέρα
760 3893 851 3946 τὸν
878 3893 1009 3945 Θεὸν
1029 3893 1338 3964 ὀνομάζειν,
1373 3893 1576 3965 Κύριον
1604 3894 1764 3948 αὑτὸν

172 3984 361 4049 καλεῖ,
391 3983 576 4037 δούλου
613 3983 796 4056 χώραν
833 3983 1023 4040 ἐαυτὸν
1065 3987 1282 4058 ἐπέχειν
1326 3987 1624 4058 σημαίνων.
1653 3984 1764 4039 Εἶθ’

170 4077 252 4142 ὡς
279 4076 451 4140 αὐτὸς
485 4076 658 4148 μένων
687 4079 838 4130 κάτω
870 4096 970 4131 που
1005 4080 1098 4133 καὶ
1122 4080 1180 4132 ἐν
1223 4078 1390 4149 βυθῷ,
1426 4077 1520 4132 τοῦ
1548 4079 1604 4132 δὲ
1629 4077 1764 4132 Θεοῦ

168 4169 332 4233 ὄντος
357 4171 415 4221 ἐν
438 4168 581 4237 ὕψει,
613 4168 789 4222 κλῖναι
817 4169 906 4223 τὸν
934 4171 1064 4223 Θεὸν
1092 4170 1322 4225 ἱκετεύει
1348 4171 1407 4224 τὸ
1431 4165 1523 4234 οῦς
1545 4168 1759 4224 ἐαυτοῦ·

166 4259 271 4314 ἅτε
327 4260 404 4329 μὴ
451 4259 708 4315 τοσοῦτον
763 4260 890 4332 βοᾷν
937 4262 1233 4334 δυνάμενος
1279 4264 1366 4318 διά
1419 4265 1516 4336 τὴν
1559 4263 1764 4318 οἰκείαν

1878 1848 2042 1903 statui
2068 1864 2168 1904 suo
2190 1848 2576 1920 cengruentem
2603 1851 2902 1907 orationem
2933 1853 3188 1922 deligere,
3216 1870 3280 1909 ex
3310 1847 3453 1909 libro

1876 1939 2220 1996 Psalmorum
2255 1949 2308 1996 et
2337 1957 2403 1997 ex
2438 1929 2772 2013 propheticis
2821 1945 3048 2000 vocibus
3082 1943 3452 2016 desumptam.

1876 2032 2003 2088 Hzec
2031 2026 2198 2104 igitur
2223 2033 2401 2088 oratio
2433 2033 2654 2090 Davidis
2686 2043 2771 2090 est
2799 2058 2813 2090 :
2838 2051 2965 2090 nam
2992 2038 3072 2092 sic
3105 2039 3451 2108 explicarunt

1876 2125 2072 2195 Aquila
2103 2132 2156 2179 et
2193 2122 2575 2196 Symmachus,
2605 2126 2698 2196 qui
2733 2142 2832 2196 pro
2864 2127 2978 2187 illo.
3015 2127 3228 2193 Davidi,
3273 2129 3451 2186 inter—

1876 2219 2073 2289 pretati
2105 2227 2252 2279 sunt,
2293 2217 2529 2275 Davidis.
2586 2219 2812 2276 Videtur
2842 2236 3006 2290 porro
3039 2220 3232 2287 David,
3263 2222 3451 2279 divino

1877 2310 2088 2366 alllatus
2121 2309 2350 2380 Spiritu,
2385 2313 2784 2369 beatitudinem
2833 2315 2980 2368 illam
3013 2315 3079 2370 de
3112 2316 3448 2386 pauperibus

1877 2414 1906 2452 a
1943 2399 2222 2456 Salvatore
2251 2411 2441 2458 nostro
2476 2405 2740 2474 prolatam
2774 2421 2884 2460 non
2927 2406 3212 2476 ignorasse
3240 2430 3252 2462 :
3280 2425 3451 2478 quare

1878 2506 1936 2547 se
1963 2506 2259 2562 pauperem
2286 2503 2340 2547 et
2373 2493 2586 2563 inopem
2617 2509 2740 2550 esse
2771 2494 2993 2559 fatetur,
3018 2494 3232 2552 etiamsi
3263 2513 3357 2553 rex
3386 2514 3451 2555 ac

1876 2580 2080 2637 divitiis
2130 2581 2432 2638 instructus
2486 2584 2674 2640 multis
2706 2592 2872 2639 esset.
2928 2583 3032 2640 Sed
3074 2587 3202 2656 quia
3251 2588 3449 2658 spiritu

1876 2673 1999 2728 talis
2027 2681 2145 2728 erat
2171 2673 2473 2730 secundum
2512 2674 2668 2742 illud,
2699 2675 2854 2728 Beati
2881 2691 3133 2744 pauperes
3161 2676 3446 2746 spiritu";

1875 2768 2073 2821 merito
2114 2775 2492 2838 paupertatem
2533 2774 2586 2821 et
2641 2768 2881 2838 inopiam
2929 2768 3073 2822 inter
3122 2769 3354 2825 virtutes
3392 2781 3449 2826 et

1874 2867 2024 2916 recte
2077 2859 2220 2914 facta
2267 2875 2366 2916 sua
2412 2861 2467 2914 in
2518 2861 2766 2917 oratione
2818 2869 3090 2919 recenset.
3149 2860 3272 2918 Alio
3319 2864 3447 2918 item

1874 2953 2038 3009 modo
2075 2954 2314 3022 dixeris;
2359 2955 2498 3010 sicut
2547 2953 2781 3026 Moyses,
2816 2955 3000 3010 audita
3048 2955 3143 3010 Dei
3193 2967 3343 3022 voce,
3390 2973 3450 3014 se

1874 3069 2264 3125 balbutientem
2295 3084 2419 3125 esse
2466 3068 2760 3134 fatebatur,
2797 3070 2961 3139 idque
3005 3069 3219 3126 dicebat
3257 3087 3445 3128 vocem

1878 3179 2033 3220 suam
2093 3178 2217 3218 cum
2280 3163 2465 3217 divina
2527 3163 2928 3233 comparando;
2989 3163 3062 3216 ita
3127 3172 3183 3218 et
3245 3163 3447 3231 David,

1878 3256 2093 3310 etiamsi
2132 3271 2384 3326 magnus,
2417 3255 2570 3312 dives
2613 3265 2667 3311 et
2703 3257 2945 3325 sapiens,
2978 3271 3101 3310 cum
3135 3256 3448 3312 hominibus

1876 3354 2227 3416 comparatus
2285 3355 2457 3413 esset;
2493 3355 2547 3400 at
2575 3347 2804 3402 elevatis
2842 3346 2909 3400 ad
2953 3346 3122 3402 Deum
3152 3349 3349 3412 oculis,
3387 3365 3446 3404 se

1875 3439 2013 3494 nihil
2046 3455 2170 3495 esse
2201 3440 2335 3494 vidit
2361 3460 2383 3500 ι
2405 3447 2458 3494 et
2482 3441 2609 3509 quia
2650 3438 2892 3493 nondum
2923 3447 3107 3509 posset
3138 3439 3305 3494 Deum
3349 3456 3445 3510 pa-

1876 3540 2014 3588 trem
2054 3546 2273 3597 vocare,
2305 3532 2595 3586 Dominum
2627 3548 2751 3587 eum
2798 3531 3107 3602 appellavit,
3159 3547 3218 3587 se
3256 3531 3444 3587 famuli

1873 3625 2055 3680 locum
2089 3632 2276 3681 tenere
2314 3625 2651 3694 significans.
2687 3623 2911 3688 Deinde,
2946 3631 3132 3694 utpote
3156 3625 3248 3695 qui
3279 3625 3332 3678 in
3364 3626 3445 3679 iu-

1874 3716 2019 3772 ﬁmis
2049 3723 2102 3772 et
2159 3715 2213 3770 in
2257 3714 2530 3785 profundo
2575 3723 2813 3778 maneat,
2864 3727 2990 3768 cum
3040 3711 3184 3768 Deus
3233 3712 3287 3765 in
3333 3713 3445 3766 alto

1873 3809 2142 3871 exsistat,'
2173 3816 2332 3877 rogat
2371 3813 2430 3860 ut
2468 3805 2692 3860 inclinet
2712 3819 2898 3860 aurem
2930 3818 3111 3868 suam,
3145 3803 3292 3873 quod
3329 3804 3443 3873 ipse

1872 3914 1983 3969 prae
2023 3897 2338 3952 inﬁrmitate
2384 3903 2595 3950 tantum
2629 3894 2792 3950 cdere
2838 3895 3133 3948 clamorem
3171 3908 3280 3946 non
3319 3909 3446 3963 pos-

1871 3989 1964 4051 sit,
2005 3987 2098 4058 qui
2133 3987 2187 4042 in
2216 3987 2387 4041 altum
2417 3987 2720 4056 perveniat,
2751 3991 2806 4040 et
2840 3983 2907 4038 ad
2943 3983 3112 4038 Deum
3146 3985 3439 4054 pertingat.

1869 4078 2233 4145 Quamobrem
2303 4077 2574 4148 supplicat
2631 4083 2691 4129 ut
2756 4074 2900 4130 Deus
2957 4075 3182 4129 inclinet
3253 4089 3440 4132 aurern

1868 4187 2044 4234 suam,
2077 4177 2130 4226 et
2161 4178 2222 4224 ut
2245 4169 2466 4225 divinus
2505 4167 2727 4223 auditus
2758 4167 3059 4222 humilitati
3097 4184 3210 4224 suae
3246 4175 3442 4223 attem-

1866 4274 2105 4332 pcretur.

165 4351 487 4414 ἀσθένειαν,
513 4351 586 4415 ὼς
612 4352 954 4423 ἀναπέμπειν
987 4355 1064 4418 εἰς
1090 4354 1220 4424 ὕψος
1249 4358 1343 4410 καὶ
1381 4357 1576 4410 τείνειν
1611 4356 1746 4428 πρὸς
1774 4353 1865 4407 τὸν
1889 4354 2019 4407 Θεὸν
2045 4353 2142 4425 τὴν
2169 4351 2362 4406 ἐαυτοῦ
2399 4351 2602 4423 φωνήν.
2636 4352 2727 4405 Διὸ
2753 4352 2919 4405 δεῖται
2951 4351 3128 4406 κλῖναι
3159 4350 3351 4403 ἑαυτοῦ
3379 4349 3458 4408 τὸ,

164 4440 267 4508 οῦς
298 4443 396 4497 τὸν
419 4444 571 4508 Θεὸν,
595 4446 686 4498 καὶ
704 4448 768 4516 τῇ
804 4445 996 4497 ἐαυτοῦ
1065 4449 1409 4519 ταπεινότητι
1477 4447 1886 4518 συγκαταϐῆναι
1915 4448 2013 4517 τὴν
2041 4445 2192 4498 θείαν
2217 4445 2406 4516 ἀκοήν.

244 4563 538 4627 Φύλαξωκ·
560 4563 674 4630 τὴν
697 4563 908 4633 ψυχήν
933 4581 1074 4634 μου,
1099 4565 1188 4618 ὅτι
1209 4565 1378 4631 ὅσιός
1397 4569 1533 4636 εἰμι·
1561 4567 1770 4622 σῶσον

1939 4565 2106 4621 Vens.
2149 4565 2202 4619 2.
2246 4561 2466 4618 Custodi
2507 4560 2742 4614 animam
2785 4574 2973 4624 meam,
3019 4558 3268 4629 quoniam
3313 4573 3441 4610 san-

164 4660 280 4712 τὸν
311 4657 545 4711 δοῦλόν
581 4675 720 4723 σου,
762 4661 794 4712 ὀ
841 4658 1005 4726 Θεὸς,
1046 4658 1152 4712 τὸν
1181 4658 1498 4721 ἐλπίζοντα
1536 4663 1630 4714 ἐπὶ
1664 4660 1757 4716 σέ.

179 4752 274 4805 Ἐν
295 4746 382 4814 οἷς
405 4746 492 4822 ῆν,
522 4753 578 4804 ἐν
606 4752 816 4816 τούτοις
843 4751 1177 4823 φυλαχθῆναι
1203 4751 1346 4817 ἀξιοῖ
1365 4754 1468 4808 ὑπὸ
1487 4754 1581 4808 τοῦ
1603 4753 1758 4820 Θεοῦ,

163 4845 245 4909 ὡς
275 4844 348 4898 ἂν
394 4843 468 4916 μὴ
500 4844 755 4917 συληθείη
789 4845 955 4901 αὑτοῦ
989 4847 1022 4917 ἡ
1051 4845 1194 4918 ψυχὴ
1237 4839 1310 4898 ὧν
1341 4847 1602 4918 ἐκέκτητο
1635 4848 1762 4919 ἀρε-

163 4937 302 4992 τῶν·
352 4938 419 5002 ἂς
463 4937 699 5010 ἐδήλωσε
749 4938 964 5010 πρῶτον
1011 4937 1201 5002 εἰπὼν,
1244 4938 1364 4991 Ὅτι
1401 4937 1633 5008 πτωχὸς
1662 4939 1759 4992 καὶ

164 5027 371 5095 πένης
398 5027 513 5097 εἰμὶ
546 5028 679 5099 ἐγώ·
708 5029 980 5100 δεύτερον,
1023 5029 1140 5082 Ὅτι
1180 5028 1351 5094 ὅσιός
1389 5030 1525 5098 εἰμι·
1556 5029 1636 5082 διὸ
1663 5029 1758 5082 καὶ

165 5119 418 5190 ἀλλαχοῦ
439 5121 656 5189 φάσκει·
686 5120 782 5188 Μὴ
801 5121 1019 5176 ἐλθέτω
1035 5139 1135 5190 ⁶ιιοι
1158 5120 1311 5187 ποῦς
1329 5123 1760 5190 ὑπερηφανίας.

177 5215 342 5268 Ἐπεὶ
370 5213 426 5265 δὲ
459 5214 668 5284 συνῄδει
687 5213 861 5284 ἐαυτῷ
887 5214 1111 5284 μηδέπω
1126 5214 1240 5267 δντι
1256 5213 1375 5284 υἰῷ,
1398 5214 1616 5277 εἰκότως
1636 5213 1759 5267 δοῦσ-

165 5309 259 5362 λον
308 5306 504 5360 ἐαυτὸν
545 5305 794 5376 ὁμολογεῖ
836 5307 927 5359 καί
976 5323 1128 5378 φησι·
1163 5305 1374 5360 Σῶσον
1409 5306 1516 5359 τὸν
1539 5305 1762 5358 δοῦλόν

164 5419 311 5464 σου,
360 5402 396 5453 ὁ
446 5399 611 5465 Θεὸς,
663 5397 770 5451 τὸν
820 5398 1137 5460 ἐλπίζοντα
1182 5398 1278 5452 ἐπὶ
1324 5397 1418 5453 σέ.
1467 5395 1663 5460 Δοῦλος
1704 5397 1760 5450 δὲ

165 5493 309 5548 Θεοῦ
343 5495 492 5546 ἐστιν
517 5493 545 5545 6
579 5492 652 5562 μὴ
691 5491 956 5546 δουλεύων
999 5492 1262 5564 ἁμαρτίᾳ,
1302 5490 1435 5562 μηδέ
1469 5508 1572 5544 τινι
1603 5487 1761 5543 πάθει

166 5585 728 5657 ὑποκείμενος,]μόνῳ
754 5585 810 5638 δὲ
839 5585 973 5639 Θεοῦ
997 5585 1155 5656 Λόγῳ
1176 5582 1633 5653 ύποτεταγμένος,
1669 5583 1763 5635 καὶ

1865 4667 1979 4711 ctus
2010 4674 2124 4711 sum
2150 4673 2167 4710 :
2192 4656 2397 4711 salvum
2442 4656 2528 4725 [ac
2561 4669 2766 4708 servant
2811 4661 2979 4717 tuum,
3019 4650 3182 4711 Deus,
3228 4665 3440 4718 speran-

1867 4756 1968 4802 tem
2003 4748 2055 4800 in
2103 4756 2167 4800 te.
2205 4745 2261 4799 In
2297 4761 2406 4816 quo
2445 4751 2591 4799 statu
2633 4750 2750 4798 erat
2789 4757 2848 4797 se
2907 4739 3224 4794 conservari
3254 4755 3285 4791 a
3325 4738 3438 4793 Deo

1864 4840 2124 4911 postulat,
2164 4845 2226 4893 ut
2251 4853 2320 4894 ne
2365 4838 2546 4892 anima
2595 4851 2696 4892 sua
2727 4833 3023 4889 virtutibus
3055 4848 3192 4903 quas
3220 4831 3436 4887 obtine-
3506 4907 3514 4918 δ

1864 4935 1958 4989 bat
2007 4933 2381 5002 spoliaretur:
2429 4944 2567 5000 quas
2619 4928 2874 4992 virtutes,
2939 4926 3025 4980 his
3087 4925 3435 4990 declarabat,

1862 5026 2040 5095 primo
2073 5040 2194 5080 cum
2227 5024 2453 5085 diceret,
2507 5020 2769 5086 Quoniam
2812 5019 2959 5086 inops
2993 5025 3043 5070 et
3086 5032 3283 5085 pauper
3321 5033 3438 5070 sum
3494 5035 3499 5040 ·

1861 5133 1984 5188 ego;
2037 5115 2278 5170 secundo
2309 5153 2324 5178 ,
2377 5113 2640 5180 Quoniam
2688 5120 2903 5165 sanctus
2937 5125 3086 5174 sum;
3111 5123 3282 5180 quare
3307 5109 3434 5162 alibi

1862 5212 2012 5272 dicit,
2043 5208 2164 5262 Non
2197 5209 2369 5262 veniat
2411 5205 2538 5260 mihi
2568 5223 2656 5275 pes
2697 5204 2954 5273 superbia:
2976 5205 3041 5258 ⁸⁸.
3085 5202 3222 5258 Cum
3256 5209 3433 5256 autem

1863 5321 1922 5360 se
1951 5304 2192 5359 nondum
2235 5301 2401 5356 filium
2437 5315 2560 5355 esse
2595 5307 2769 5369 putet,
2802 5313 2861 5353 se
2890 5298 3014 5368 jure
3055 5310 3272 5353 servum
3303 5308 3436 5348 con-

1863 5396 2046 5451 ﬁtetur
2085 5403 2136 5449 ct
2165 5393 2261 5456 ait,
2298 5393 2516 5447 Salvum
2547 5390 2632 5460 fac
2663 5406 2868 5443 servum
2903 5399 3073 5450 tuum,
3127 5386 3286 5449 Deus,
3320 5397 3434 5448 spe'

1860 5497 2064 5543 rantem
2112 5487 2168 5540 in
2208 5495 2273 5539 te.
2327 5483 2531 5540 Servus
2571 5497 2736 5551 porro
2791 5481 2883 5534 Dei
2930 5488 3034 5542 est,
3071 5479 3162 5547 qui
3211 5482 3432 5544 peccato

1862 5595 1971 5635 non
2008 5578 2200 5642 servit,
2252 5577 2495 5648 nullique
2525 5575 2738 5631 alfcctui
2784 5573 3035 5630 subditus
3081 5579 3182 5632 est,
3218 5566 3312 5623 sed
3343 5566 3433 5622 uni

242 5746 291 5777 “
327 5743 476 5800 Psal.
511 5759 748 5813 cxxxu,
784 5745 836 5800 l.
899 5746 957 5822 _“
998 5743 1142 5800 Psal.
1179 5759 1266 5809 Cl,
1306 5743 1352 5796 ι.
1431 5743 1474 5773 ⁶⁶
1515 5738 1702 5796 Matth.
1743 5753 1830 5805 Vl,
1867 5736 1919 5794 9.
1962 5823 1965 5825 ί
2000 5737 2042 5768 ⁶⁷
2086 5732 2276 5792 Matth.
2320 5733 2456 5806 v,_5.
2508 5732 2583 5810 v"
2622 5729 2765 5785 Psal.
2807 5741 2970 5790 xxxv,
3011 5721 3092 5775 l2.
