3996 6210
597 269 727 325 1031

1297 257 1568 325 ausam:
1605 252 2085 323 cmssmmsis
2117 251 2268 322 opp.
2297 263 2474 320 rans
2503 247 2592 319 ui.
2635 277 2708 306 —
2744 260 3151 318 exsomnes.

3617 271 3724 328 1θῖιὶ

593 381 686 437 Dei
728 378 907 436 Verbo
931 380 1250 452 subjectus;
1283 391 1337 437 et
1361 382 1456 452 qui
1487 381 1544 436 in
1567 381 1719 436 nullo
1747 381 1855 436 alio
1883 395 2036 452 spem
2067 380 2161 434 ba-

2261 382 2292 434 ὁ
2319 379 2412 433 ἐπὶ
2443 380 2644 452 μηδένα
2674 379 2865 450 ἕτερον
2905 375 3138 442 ἐλπίζων
3229 377 3314 432 ἐπὶ
3347 380 3486 450 μόνον
3513 385 3588 438 τὸν
3617 387 3731 445 Θεόν.

590 475 698 537 bct,
735 475 840 530 nisi
869 477 922 529 in
959 491 1067 530 uno
1097 474 1228 531 Deo.
1257 505 1327 516 —
1354 473 1524 531 Vens.
1567 477 1624 546 3,
1663 474 1718 531 4.
1757 474 2007 530 Miserere
2041 474 2164 540 mei,

590 567 833 630 Domine,
881 568 1130 638 quoniam
1181 568 1250 622 ad
1281 577 1329 623 te
1369 568 1612 623 clamabo
1644 576 1756 622 tota
1789 567 1874 622 die
1895 583 1914 621 :
1948 568 2167 637 laetiﬁca

589 662 822 714 animum
863 663 997 715 servi
1044 662 1144 727 tui,
1176 661 1424 733 quoniam
1449 662 1612 728 ad'te,
1636 661 1880 725 Domine,
1933 660 2167 714 animam

590 767 758 805 meam
801 752 986 807 levavi.
1021 751 1173 807 Licet
1208 759 1436 807 sanctus
1465 753 1593 814 sim,
1635 751 1732 815 ait,
1767 749 1895 805 licet
1927 749 2085 820 inops
2113 757 2167 804 et

587 859 794 914 pauper
827 845 1060 914 spiritu;
1095 843 1188 900 sed
1219 842 1464 896 nondum
1498 841 1634 896 mibi
1665 841 1840 896 ﬂdens
1863 842 2166 895 orationem

589 935 800 989 emitto.
845 933 1046 988 Precor
1069 941 1250 989 autem
1279 939 1333 989 et
1359 947 1490 1002 rogo
1519 940 1667 986 tuam
1702 933 1966 1005 consequi
2008 933 2167 989 mise-

586 1027 884 1082 ricordiam
919 1044 932 1080 :
965 1035 1020 1081 et
1065 1026 1181 1080 hac
1224 1032 1490 1095 perpetua
1529 1023 1710 1080 oratio
1758 1039 1879 1080 mea
1919 1032 2023 1081 est.
2059 1023 2165 1079 Pro

586 1121 680 1175 illo
711 1127 917 1183 autem,
949 1119 1086 1172 Tota
1131 1116 1238 1183 die,
1276 1115 1643 1188 Symmachus
1685 1116 1765 1174 sic
1795 1116 1990 1182 edidit,
2025 1115 2165 1182 Quia

586 1213 655 1267 ad
685 1223 732 1267 te
761 1211 995 1266 clamans
1035 1210 1258 1281 singulis
1295 1208 1498 1264 diebus.
1535 1207 1656 1264 Non
1699 1209 1846 1264 enim
1893 1224 2002 1264 una
2041 1215 2164 1262 tan-

584 1313 702 1360 tum
747 1304 836 1359 die
864 1303 1099 1359 orationi
1127 1301 1456 1362 vacandum,
1507 1301 1603 1357 sed
1643 1317 1740 1372 per
1765 1308 1938 1356 totam
1971 1301 2162 1356 vitam.

587 1395 656 1452 Et
685 1398 812 1468 quia
847 1396 912 1451 de
946 1395 1095 1449 nulla
1139 1395 1374 1448 humana
1430 1408 1490 1448 re
1528 1391 1820 1448 admodum
1853 1392 2160 1463 gaudebat;

586 1491 720 1546 illud
749 1490 910 1545 etiam
956 1504 987 1541 a
1030 1485 1140 1544 Deo
1173 1486 1403 1558 praeberi
1439 1486 1546 1542 sibi
1579 1487 1827 1557 rogabat,
1870 1485 1926 1540 id
1972 1493 2077 1550 est,
2105 1493 2165 1539 ut

584 1583 772 1638 iretitia
807 1583 897 1636 illa
929 1596 1050 1652 quae
1083 1580 1229 1651 apud
1271 1579 1450 1650 ipsum
1485 1577 1656 1634 Deum
1692 1579 1944 1645 habetur,
1980 1576 2162 1632 anima

583 1692 680 1732 sua
707 1677 868 1746 digna
905 1675 1233 1729 haberetur:
1261 1688 1467 1743 gnarus
1499 1672 1688 1742 utique
1713 1683 1918 1740 corpus
1952 1678 2007 1725 et
2035 1684 2162 1724 car-

2283 469 2566 537 Ἐλέησόν
2589 487 2686 539 με,
2706 471 2904 538 Κύριε,
2922 469 3012 522 ὅτι
3039 469 3184 537 πρὸς
3204 469 3275 524 σὲ
3297 471 3604 544 κεκράξομαι
3623 478 3736 549 ὅλην

2267 561 2383 630 τὴν
2424 560 2673 631 ἡμέραν·
2729 563 3032 632 εὖφρανον
3081 562 3192 631 τὴν
3225 563 3420 632 ψυχὴν
3455 565 3546 618 τοῦ
3569 570 3736 625 δούλου

2266 671 2403 721 σου,
2437 654 2526 708 ὅτι
2549 654 2698 723 πρὸς
2725 657 2821 720 σὲ,
2862 656 3058 724 Κύριε,
3095 655 3206 724 τὴν
3223 657 3425 726 ψυχήν
3447 676 3547 726 μου
3572 657 3675 731 ἦρα,
3693 664 3739 717 El

2267 747 2361 801 καὶ
2385 747 2531 811 ὅσιός
2565 750 2702 818 εἰμι,
2738 747 2922 820 φησὶν,
2957 749 3006 800 εἰ
3045 749 3138 802 καὶ
3177 749 3388 818 πτωχὸς
3416 751 3498 803 καὶ
3531 753 3664 825 πένης
3685 755 3740 826 τῷ

2266 839 2556 912 πνεύματι·
2587 840 2702 894 ἀλλ’
2735 841 2887 894 οὔπω
2913 841 3129 913 θαρσῶν
3157 842 3367 912 ἐμαυτῷ
3391 845 3478 914 τὴν
3501 846 3632 917 εὐχὴν
3651 849 3743 902 ἀνα-

2265 933 2490 1004 πέμπω.
2531 933 2732 1005 Δέομαι
2775 933 2831 986 δὲ
2871 934 2963 987 καὶ
3003 933 3228 987 ἱκετεύω
3263 935 3405 988 ἐλέου
3430 936 3514 989 τοῦ
3540 939 3660 1009 παρὰ
3678 940 3742 992 σού

2264 1029 2469 1100 τυχεῖν,
2513 1028 2607 1080 καὶ
2656 1025 2794 1098 αὕτη
2844 1027 2944 1098 μού
2991 1029 3138 1080 ἐστιν
3178 1029 3210 1097 ἡ
3246 1026 3480 1099 διηνεκὴς
3514 1021 3742 1102 προσευχὴ.

2276 1123 2423 1176 Ἀντὶ
2449 1122 2579 1190 γοῦν
2609 1120 2725 1186 τοῦ,
2755 1120 2907 1189 ὅλην
2934 1119 3048 1190 thi-
3077 1120 3322 1190 ἡμέραν,
3344 1122 3371 1173 ὁ
3397 1122 3645 1193 Σύμμαχος
3666 1123 3745 1188 ἑξέ-

2263 1215 2454 1280 δωκεν,
2491 1217 2611 1268 Ὅτι
2638 1214 2788 1283 πρὸς
2827 1214 2903 1267 σὲ
2932 1213 3100 1279 ,βοῶν
3127 1216 3254 1268 καθ’
3290 1199 3534 1284 ἐκάστὴν
3557 1215 3742 1285 ἡμέραν.

2265 1309 2339 1362 Ού
2369 1307 2478 1379 γὰρ
2523 1308 2657 1379 πρὸς
2704 1309 2834 1379 μίαν
2875 1308 3087 1381 ἡμέραν
3120 1309 3202 1361 δεῖ
3239 1310 3304 1378 τῇ
3339 1311 3581 1378 προσευχῇ
3609 1308 3746 1378 σκῦλά·

2266 1400 2400 1466 ξεῑν,
2439 1401 2572 1455 ἀλλὰ
2605 1401 2692 1456 διὰ
2726 1401 2907 1472 πάσης
2931 1403 3029 1472 τῆς
3057 1401 3264 1455 ἑαυτῶν
3301 1399 3455 1470 ζωῆς.
3478 1402 3570 1454 Καὶ
3589 1403 3746 1474 ἐπειδή·

2265 1512 2370 1567 περ
2398 1497 2486 1548 ἐπ’
2522 1496 2698 1549 οὐδενὶ
2740 1496 2850 1549 τῶν
2883 1495 3241 1566 ἀνθρωπίνων
3281 1493 3584 1564 πραγμάτοιν
3615 1493 3746 1564 ἔχαιρε

2267 1589 2431 1659 μέγα,
2463 1589 2619 1660 ἠξίου
2646 1588 2735 1642 διὰ
2765 1589 2865 1658 τῆς
2902 1588 3211 1658 προσευχῆς
3249 1584 3614 1657 παρασχεθῆδαι
3642 1586 3746 1654 αὐτῷ

2265 1681 2370 1734 ὑπὸ
2403 1681 2492 1735 τοῦ
2523 1682 2678 1735 Θεοῦ⁶
2707 1680 2866 1735 τοῦτο
2903 1680 2960 1733 δὲ
2980 1676 3046 1751 ἦν
3091 1679 3152 1731 τὸ
3188 1677 3509 1750 εὐφροσύνης
3548 1677 3627 1747 τῆς
3658 1680 3746 1748 παρ’

585 1784 708 1824 nem
760 1784 914 1824 suam
962 1767 1243 1838 corporeis
1288 1765 1453 1820 rebus
1517 1764 1775 1835 gaudere.
1821 1763 2002 1830 Quare
2045 1763 2160 1818 haec

2264 1774 2412 1846 αὐτῷ
2451 1775 2530 1846 τῷ
2574 1774 2693 1845 Θεῷ
2740 1771 3140 1842 καταξιωθῆναι
3181 1771 3278 1842 τὴν
3319 1768 3497 1824 ἐαυτοῦ
3535 1768 3684 1838 ψυχήν·
3709 1769 3749 1820 τὸ

583 1859 801 1930 quidem
837 1857 1066 1928 respuit,
1109 1856 1280 1912 solam
1333 1868 1486 1920 vero,
1519 1869 1642 1924 qua:
1673 1854 1819 1923 apud
1851 1851 2020 1907 Deum
2050 1858 2156 1914 est,

583 1951 824 2008 lmtitiam
870 1949 1131 2019 postulat,
1183 1946 1378 2001 anima:
1425 1959 1537 2000 suae
1583 1946 1918 2014 voluptatem
1961 1957 2161 2013 procu-

582 2061 734 2102 rans.
769 2042 988 2098 Sciebat
1013 2041 1235 2111 quippe,
1273 2054 1384 2095 non
1427 2053 1590 2108 posse
1615 2053 1807 2092 omnes
1849 2037 1995 2090 illam
2027 2051 2162 2091 con-

583 2137 775 2206 sequi;
801 2133 897 2190 sed
925 2147 1020 2188 eos
1055 2140 1268 2186 tantum
1301 2131 1395 2202 qui
1436 2145 1466 2184 a
1497 2129 1714 2183 mortali
1747 2127 1858 2182 vita
1887 2135 1941 2182 et
1978 2143 2010 2182 a
2040 2143 2161 2182 cor-

583 2229 764 2301 poreis
795 2225 1145 2296 cupidinibus
1179 2239 1303 2279 sese
1347 2229 1625 2286 amovent,
1670 2227 1725 2276 et
1768 2221 1838 2275 ad
1869 2219 2039 2275 Deum
2074 2235 2163 2276 so-

584 2322 698 2376 lum
745 2327 925 2374 mente
971 2323 1025 2373 et
1071 2315 1497 2387 cogitationibus
1545 2311 1841 2380 accedunt;
1893 2312 2015 2366 ideo
2038 2311 2163 2382 jure

585 2413 794 2484 adjicit,
839 2412 1102 2479 Quoniam
1143 2409 1212 2462 ad
1254 2417 1324 2476 te,
1348 2406 1598 2472 Domine,
1635 2406 1871 2460 animam
1893 2421 2062 2459 meam
2087 2405 2162 2460 le-

585 2505 717 2560 vavi.
749 2502 1007 2558 —Vsns.
1043 2502 1096 2557 5.
1152 2501 1417 2567 Quoniam
1475 2509 1554 2564 tu,
1601 2497 1844 2563 Domine,
1893 2498 2070 2552 suavis
2111 2507 2162 2552 et

585 2598 751 2659 mitis,
793 2606 842 2650 et
883 2595 1061 2649 multa:
1099 2593 1475 2648 misericordia:
1519 2591 1760 2647 omnibus
1801 2589 2161 2645 invocantibus

588 2701 656 2746 te.
701 2689 807 2744 Pro
836 2689 950 2750 illo,
986 2697 1036 2741 et
1076 2686 1239 2751 mitis,
1276 2685 1469 2756 Aquila
1510 2691 1564 2739 et
1607 2682 1929 2746 Theodotio,
1962 2692 2010 2737 et
2041 2699 2163 2752 pro-

585 2782 770 2850 pitius,
817 2778 1141 2842 ediderunt;
1181 2774 1546 2848 Symmachus
1581 2790 1734 2839 vero,
1777 2784 1826 2828 et
1867 2773 2159 2829 dimittens.

589 2871 716 2928 llaec
756 2885 921 2942 porro
965 2868 1314 2925 commodum
1373 2881 1406 2924 a
1468 2865 1672 2923 Davide
1710 2866 1856 2922 dicta
1903 2877 2052 2932 sunt,
2102 2875 2163 2922 ut

585 2965 812 3024 Verbum
859 2962 1074 3026 leniret,
1122 2959 1269 3032 quod
1319 2973 1450 3015 sane
1499 2959 1698 3014 durum
1747 2959 1919 3015 videri
1948 2959 2158 3029 possit;

2269 1868 2364 1940 μὲν
2392 1867 2501 1939 γὰρ
2532 1867 2689 1938 σῶμα
2725 1864 2919 1921 ἑαυτοῦ
2952 1864 3048 1917 καὶ
3090 1863 3192 1934 τὴν
3246 1863 3419 1933 σάρκα
3447 1864 3543 1924 τοῖς
3576 1877 3749 1930 sinuat:-

2263 1962 2378 2023 κοῖς
2405 1960 2616 2031 χαίρειν
2646 1958 2937 2030 ἠπίστατο.
2983 1956 3082 2008 Διὸ
3126 1954 3300 2008 ταῦτα
3339 1956 3430 2025 μὲν
3465 1955 3747 2023 παραιτεῖται

2267 2051 2434 2122 μόνην
2457 2053 2513 2106 δέ
2545 2052 2642 2124 τὴν
2676 2050 2832 2123 παρὰ
2875 2048 2970 2104 τοῦ
3013 2047 3152 2101 Θεοῦ
3198 2044 3516 2118 εὐφροσύνην
3551 2045 3662 2098 αἰτεῖ
3684 2042 3750 2112 τῆς

2263 2143 2406 2199 κατὰ
2435 2145 2612 2216 ψυχὴν
2653 2145 2864 2217 τρυφῆς
2911 2139 3392 2214 μεταποιούμενος.
3443 2135 3587 2198 Εἰδὼς
3614 2134 3672 2197 δὲ,
3697 2135 3751 2186 ὅτι

2263 2239 2326 2290 ού
2368 2237 2586 2290 πάντων
2635 2237 2752 2290 ἐστὶ
2789 2234 3051 2289 δύνασθαι
3096 2232 3305 2302 ταύτης
3334 2231 3500 2301 τυχεῖν
3526 2225 3752 2297 ἁλλ’ἢτῶν

2267 2329 2652 2399 μακρυνόντων
2699 2329 2795 2399 μὲν
2837 2327 3060 2390 ἑαυτοὺς
3116 2324 3212 2379 τοῦ
3252 2322 3438 2395 Θνητοῦ
3465 2323 3564 2392 βίου
3586 2319 3753 2373 καὶτῶν

2265 2421 2596 2492 σωματικῶν
2641 2419 2968 2492 ἐπιθυμιῶν,
3023 2417 3174 2490 μόνῳ
3223 2417 3278 2469 δὲ
3301 2415 3441 2485 αύτῷ
3479 2412 3547 2483 τῷ
3585 2410 3676 2480 Θεῷ
3709 2411 3751 2480 τῆ

2262 2514 2474 2586 διανοίᾳ
2516 2515 2610 2568 καὶ
2654 2516 2769 2578 τοῖς
2808 2513 3092 2582 λογισμοῖς
3146 2507 3548 2581 πλησιαζόντων,
3593 2503 3755 2565 εἰκότως

2263 2608 2527 2677 ἐπιλέγει,
2578 2608 2698 2660 Ὅτι
2745 2606 2895 2674 πρὸς
2935 2604 3030 2669 σὲ,
3085 2605 3294 2672 Κύριε,
3337 2600 3445 2668 τὴν
3482 2595 3653 2667 ψυχήν
3673 2609 3754 2664 μου

2261 2696 2397 2770 ἦρα.
2446 2700 2566 2754 Ὅτι
2613 2700 2716 2763 σὺ,
2763 2701 2958 2767 Κύριε,
3010 2697 3280 2766 χρηστὸς
3325 2695 3415 2748 καὶ
3448 2689 3666 2754 ἐπιεικὴς
3688 2683 3753 2737 καὶ

2265 2793 2596 2860 πολυέλεος
2647 2791 2799 2848 πᾶσι
2847 2791 2972 2858 τοῖς
3017 2788 3506 2857 ἐπικαλουμένοις
3540 2798 3616 2836 σε.
3655 2776 3756 2831 Ἀντί

2263 2885 2381 2951 τοῦ,
2427 2887 2528 2940 καὶ
2573 2885 2862 2954 ἐπιεικὴς,
2898 2887 2927 2939 ὁ
2967 2884 3066 2956 μέν
3123 2883 3352 2945 Ἀκύλας
3398 2881 3483 2934 καὶ
3520 2873 3755 2930 Θεοδσείωνι

2265 2980 2366 3033 καὶ
2399 2979 2674 3048 ὶλαστὴς,
2703 2980 3007 3052 εἰρήκασιν·
3035 2979 3064 3031 ὀ
3089 2978 3150 3031 δὲ
3173 2978 3476 3048 Σύμμαχος,
3500 2971 3581 3025 καὶ
3600 2967 3754 3037 ἀρέων.

589 3057 751 3129 quale
784 3055 918 3110 illud
956 3058 1093 3117 erat,
1145 3051 1229 3105 Ad
1286 3059 1334 3106 te
1365 3051 1598 3104 animam
1645 3065 1813 3103 meam
1861 3049 2053 3113 levavi;
2096 3065 2161 3105 ac

2264 3073 2375 3126 Kal
2399 3073 2570 3126 ταῦτα
2589 3073 2645 3126 δὲ
2665 3049 2951 3143 χρησίμως
2975 3070 3179 3142 ἐλέχθη
3193 3070 3272 3141 τῷ
3294 3067 3464 3129 Δαυῒδ,
3485 3059 3757 3135 θεραπεύοντι

592 3163 813 3204 rursum
865 3145 1138 3216 superius,
1196 3142 1462 3210 Quoniam
1509 3153 1724 3196 sanctus
1779 3159 1914 3196 sum.
1950 3141 2015 3196 Et
2046 3142 2162 3198 huic

589 3239 809 3312 quidem
841 3236 996 3301 mihi,
1038 3235 1135 3300 ait,
1167 3248 1277 3287 non
1316 3247 1434 3288 mea
1463 3232 1666 3287 virtute
1695 3238 1850 3302 parta
1881 3239 2034 3297 sunt,
2065 3231 2163 3288 sed

588 3332 764 3406 gratia
799 3339 917 3385 tua.
945 3328 1027 3384 Tu
1056 3327 1201 3384 enim
1235 3340 1323 3381 me
1351 3325 1419 3380 ad
1449 3323 1566 3379 haec
1589 3323 1817 3389 duxisti,
1852 3323 1946 3394 qui
1977 3323 2162 3379 suavis

585 3441 645 3482 es
682 3436 735 3480 et
764 3431 986 3496 peccata
1015 3421 1264 3483 dimittis,
1297 3433 1407 3474 nou
1435 3418 1571 3472 mihi
1601 3426 1836 3484 tantum,
1870 3417 1966 3472 sed
1996 3417 2161 3472 etiam

585 3517 840 3573 omnibus
868 3514 1249 3570 invocantibus
1282 3520 1335 3568 te
1361 3530 1375 3566 :
1403 3525 1529 3566 nam
1554 3509 1740 3564 multae
1769 3509 2163 3581 misericordia

584 3626 665 3667 es.
695 3610 831 3664 Cum
865 3617 1046 3664 autem
1085 3607 1202 3662 haec
1233 3606 1291 3661 in
1323 3604 1600 3661 communi
1631 3603 1854 3668 dixerit,
1905 3602 2161 3658 Omnibus

585 3700 945 3754 invocantibus
986 3707 1054 3766 te,
1088 3713 1190 3753 nos
1216 3711 1408 3751 omnes
1437 3696 1506 3750 ad
1534 3710 1720 3765 parem
1765 3695 2067 3750 orationem
2109 3701 2162 3750 et

587 3807 737 3862 spem
765 3792 1037 3845 hortatur.
1068 3819 1138 3829 —
1166 3787 1333 3846 Vens.
1366 3789 1421 3854 6,
1454 3789 1506 3842 7.
1531 3787 1766 3842 Auribus
1793 3788 2017 3856 percipe,
2051 3785 2164 3840 Do-

588 3885 748 3948 mine,
794 3884 1085 3936 orationem
1121 3898 1314 3948 meam,
1344 3889 1393 3934 et
1425 3880 1635 3934 intende
1686 3880 1797 3934 voci
1835 3878 2163 3948 deprecatio-

587 3976 667 4028 nis
712 3988 859 4026 πιθα.
910 3971 977 4025 1η
1026 3971 1112 4024 die
1157 3971 1514 4024 tribulationis
1562 3986 1691 4024 mere
1721 3970 1949 4023 clamavi
1991 3967 2059 4022 ad
2090 3979 2160 4036 te,

585 4065 710 4134 quia
737 4061 1003 4116 exaudiui
1034 4077 1134 4114 me.
1166 4059 1305 4113 Hinc
1337 4060 1465 4114 item
1501 4059 1812 4114 declaratur
1838 4058 1986 4114 hunc
2016 4059 2164 4129 psal-

583 4169 736 4210 mum
766 4168 887 4209 esse
917 4152 1244 4215 orationem,
1282 4159 1341 4206 ut
1386 4152 1502 4222 ipse
1536 4150 1729 4205 titulus
1758 4149 1978 4206 indicat.
2020 4150 2160 4217 Quia

583 4265 717 4305 vero
750 4250 816 4304 de
849 4247 1124 4318 praaterito
1151 4254 1393 4316 tempore
1436 4244 1571 4310 haec,
1605 4244 1852 4313 clamavi,
1891 4254 1964 4310 et,
1992 4261 2161 4300 exau-

585 4342 732 4404 disti,
765 4340 1059 4405 dicuntur;
1101 4337 1507 4393 animadvertas
1545 4335 1798 4407 Aquilam
1831 4335 2036 4403 dicere,
2065 4334 2161 4390 In-

2263 3162 2324 3216 τὺ
2351 3163 2604 3235 νομισθὲν
2648 3165 2905 3236 φορτικὸν
2945 3162 3122 3234 ῥῆμα·
3173 3163 3408 3217 τοιοῦτον
3437 3161 3488 3212 δὲ
3509 3154 3566 3228 ἦν
3588 3153 3636 3210 τὸ
3653 3149 3758 3218 πρὸς

2263 3256 2339 3310 σὲ
2385 3256 2502 3326 τὴν
2525 3257 2738 3326 ψυχήν
2781 3274 2901 3326 μου
2949 3252 3084 3325 ἦρα·
3143 3256 3238 3310 καὶ
3281 3254 3436 3308 πάλιν
3476 3248 3680 3316 ἀνωτέρω
3701 3239 3757 3297 τὺ,

2264 3348 2388 3403 Ὀτι
2419 3348 2588 3415 ὅσιός
2616 3351 2752 3419 ειμι.
2790 3348 2900 3402 Kal
2931 3349 3109 3402 ταῦτα
3144 3349 3252 3420 γάρ
3295 3365 3400 3419 μοι,
3434 3343 3590 3415 φησὶν,
3621 3336 3697 3388 οὐκ
3717 3331 3760 3396 ἐξ

2262 3441 2405 3513 ἐμῆς
2445 3441 2729 3512 δυνάμεως
2768 3439 3056 3512 ἐπορίσθη,
3097 3439 3218 3494 ἀλλ’
3248 3441 3313 3493 ἐκ
3347 3437 3442 3507 τῆς
3471 3434 3553 3503 σῆς
3576 3429 3759 3500 χάριτος.

2263 3534 2334 3586 Σὺ
2360 3534 2467 3604 γάρ
2507 3551 2572 3604 με
2597 3533 2691 3587 ἐπὶ
2720 3533 2894 3588 ταῦτα
2923 3535 3158 3606 ἤγαγες,
3189 3531 3420 3606 χρηστὸς
3447 3526 3512 3580 ὢν
3533 3523 3606 3577 καὶ
3627 3517 3760 3586 dipin

2264 3624 2558 3696 ἁμαρτίας,
2597 3627 2658 3678 ού
2701 3627 2860 3696 μόνον
2888 3627 3030 3696 ἐμοὶ,
3061 3627 3204 3680 ἀλλὰ
3232 3627 3326 3680 καὶ
3357 3625 3477 3679 πᾶσι
3503 3616 3759 3679 τοῖςέπικα·

2261 3715 2543 3787 λουμένοις
2569 3733 2646 3769 σε·
2675 3717 2964 3781 πολυέλεος
2991 3718 3103 3790 γὰρ
3125 3718 3430 3790 τυγχάνεις.
3450 3705 3764 3774 Κοινοποιήσας

2261 3807 2318 3861 δὲ
2347 3809 2437 3862 τὸν
2467 3808 2621 3878 λόγον
2651 3809 2737 3863 διὰ
2766 3811 2881 3875 τοῦ,
2928 3811 3025 3863 καὶ
3070 3811 3268 3866 πᾶσιν
3309 3810 3426 3875 τοῖς
3453 3792 3764 3865 ἐπικαλουμέ-

2261 3914 2391 3964 νοις
2420 3915 2514 3963 σε,
2548 3900 2849 3970 προτρέπει
2876 3901 3044 3953 πᾶσιν
3071 3902 3211 3972 ἡμῖν
3247 3901 3339 3953 ἐπὶ
3366 3898 3437 3970 τῷ
3463 3896 3522 3950 τὰ
3551 3893 3625 3945 ica
3654 3881 3764 3952 αὐτῷ

2264 3989 2662 4061 προσεύχεσθαί
2705 4009 2765 4045 τε
2814 3994 2908 4046 καὶ
2956 3992 3223 4058 ἐλπίζειν.
3286 3992 3580 4049 Ἐνὼτισαι,
3618 3982 3760 4048 Κύριε.

2262 4081 2375 4149 τὴν
2400 4083 2751 4154 προσευχήν
2773 4102 2916 4154 μου,
2964 4084 3064 4140 καί
3105 4090 3376 4156 πρόσχες
3424 4083 3489 4150 τῇ
3528 4073 3666 4150 φωνῇ
3690 4068 3764 4133 τῆς

2260 4172 2525 4240 δεήσεως
2567 4194 2707 4244 μου.
2771 4178 2868 4230 Ἐν
2897 4175 3090 4247 ἡμέρᾳ
3124 4177 3388 4248 θλίψεως
3419 4193 3526 4246 μου
3565 4169 3683 4237 πρὸς
3712 4159 3762 4216 σέ

2259 4265 2572 4336 ἐκέκραξα,
2602 4268 2690 4322 ὅτι
2718 4268 3068 4337 ὲπήκουσάς
3095 4289 3239 4340 μου.
3286 4272 3394 4325 Kal
3434 4263 3647 4322 ἐντεῦθεν
3666 4271 3761 4324 παρ·

2267 4357 2496 4420 ίσταται,
2519 4361 2601 4412 ὅτι
2634 4361 2909 4432 προσευχὴ
2931 4363 3194 4432 τυγχάνει
3226 4363 3256 4416 6
3285 4359 3504 4432 ψαλμὸς,
3531 4356 3596 4417 ὼς
3616 4341 3762 4404 mliti

584 4434 775 4491 uocabo
807 4444 874 4499 te,
907 4433 1032 4504 quia
1072 4431 1321 4486 exaudies
1355 4446 1467 4495 me;
1500 4430 1575 4484 ita
1605 4438 1667 4484 ut
1699 4429 1966 4485 orationis
1991 4429 2155 4484 verba

2260 4446 2359 4515 τῆς
2388 4429 2732 4521 προγραφῆς.
2967 4452 3023 4506 δὲ
3041 4429 3210 4507 ’κατὰ
3257 4429 3596 4522 παρῳχηκότα
3624 4438 3760 4512 χρόνον

583 4541 684 4598 pro
717 4525 904 4580 futuro
949 4531 1194 4594 tempore
1236 4522 1499 4576 auxilium
1539 4535 1570 4574 a
1602 4517 1714 4576 Deo
1746 4520 2060 4591 postulent;
2097 4528 2155 4574 ut

585 4622 630 4675 si
661 4619 880 4691 quando
920 4616 1302 4672 calamitosum
1335 4623 1551 4684 tempus
1593 4614 1841 4681 accedat,
1881 4613 2155 4683 instatque

582 4710 823 4772 afﬂictio,
854 4707 1144 4762 Dominum
1168 4707 1222 4760 in
1249 4705 1692 4760 tribulationibus
1720 4705 2004 4767 invocans,
2032 4719 2156 4774 pro-

584 4802 777 4873 pitium
811 4801 964 4854 illum
999 4799 1372 4855 nanciscatur.
1419 4797 1628 4853 Bonum
1681 4805 1864 4852 autem
1907 4807 1990 4852 est
2030 4805 2156 4853 ante

583 4892 900 4948 allictiones
929 4900 982 4948 et
1011 4891 1193 4947 tristia
1225 4900 1468 4961 tempora
1499 4905 1608 4944 non
1640 4889 1836 4959 supine
1864 4890 1920 4943 in
1954 4904 2156 4944 concu-

585 4983 890 5055 piscentiis,
929 4999 1108 5054 neque
1136 4984 1377 5053 segniter
1414 4997 1576 5053 agere
1603 4982 1661 5036 in
1704 4982 2057 5037 orationibus
2088 4981 2156 5036 ad

584 5073 873 5129 Dominum
915 5073 1264 5140 emittendis;
1313 5072 1407 5129 sed
1447 5073 1515 5128 ad
1553 5071 1799 5128 futurum
1841 5080 2057 5142 tempus
2098 5087 2158 5128 se

584 5179 908 5238 praeparare.

2260 4536 2472 4609 εἴρηται
2493 4539 2573 4604 τὸ,
2595 4541 2911 4610 ἐκέκραξα,
2934 4545 3028 4597 καὶ
3043 4545 3126 4608 τὸ,
3149 4544 3509 4611 ἐπήκουσας.
3528 4528 3756 4608 σημειώσῖῑν

2259 4629 2341 4682 ὃτι
2377 4631 2406 4683 ὁ
2452 4631 2680 4696 Ἀκύλας
2721 4635 2917 4706 φησὶν,
2971 4635 3425 4705 Ἐπικαλέσομαί
3456 4647 3539 4692 σε,
3571 4625 3642 4680 ὅτι
3673 4621 3756 4674 εἰσ·

2259 4722 2541 4788 ακούσεις
2565 4741 2704 4793 μου·
2733 4725 2874 4779 ὥστε
2895 4722 3119 4780 εἶναιτὰ
3139 4728 3239 4798 τῆς
3266 4723 3552 4799 προσευχῆς
3572 4721 3753 4804 ἀναπεμς

2263 4809 2471 4878 πόμενα
2507 4813 2586 4876 είς
2610 4813 2870 4884 μέλλοντα
2895 4816 3083 4888 χρόνον
3117 4815 3368 4869 αἰτοῦντα
3399 4812 3538 4883 παρὰ
3561 4806 3638 4860 τοῦ
3663 4803 3754 4854 θεον

2265 4898 2531 4971 βοήθειαν·
2587 4904 2676 4970 ἵν’,
2733 4908 2915 4960 εἴποτε
2961 4908 3154 4980 καιρὸς
3189 4909 3399 4977 γένοιτο
3435 4893 3755 4976 περιστατικὸςν

2264 4995 2358 5045 καὶ
2381 4995 2562 5048 είποτε
2595 4995 2774 5066 θλίψις
2801 4999 3034 5064 ἐπέλθοι,
3072 4999 3490 5070 ἐπικαλούμενος
3515 4996 3592 5050 τὸν
3611 4987 3753 5057 Κύριον

2266 5085 2323 5136 ἐν
2342 5088 2462 5150 ταῖς
2481 5087 2742 5160 θλίψεσιν,
2781 5092 3018 5162 ἐπήκοον
3045 5091 3207 5146 αὑτὸν
3239 5069 3408 5163 σχοίη.
3442 5086 3600 5142 Καλὸν
3620 5081 3665 5133 δὲ

2267 5175 2497 5247 θλίψεως
2524 5182 2615 5234 καλ⁸
2649 5182 2754 5255 πρὸ
2782 5161 2890 5236 τῶν
2926 5161 3490 5255 σκυθρωπῶνῖκαιρῶν
3516 5178 3580 5250 μὴ
3603 5161 3755 5226 ὑπτεοῧ·

586 5259 709 5315 σθαι
747 5261 804 5312 ἐν
850 5261 970 5324 ταῖς
1013 5259 1348 5330 ἐπιθυμίαις,
1413 5259 1546 5330 μηδέ
1587 5259 1998 5333 ἀπορῤᾳθυμεῐν
2047 5264 2156 5319 τῶν
2195 5271 2329 5342 πρὸς
2395 5275 2485 5328 τὸν
2526 5275 2728 5348 Κύριον
2781 5280 2996 5350 εὐχῶν,
3041 5280 3176 5335 ἀλλὰ
3227 5259 3756 5352 προπαρασκευάζεσθαι

585 5360 665 5422 εἰς
699 5357 792 5412 τὸν
821 5356 1081 5428 μέλλοντα
1115 5355 1326 5428 χρόνον.

658 5469 824 5528 Vens.
858 5471 1015 5527 8-10.
1041 5467 1163 5526 Non
1187 5480 1264 5526 est
1285 5470 1478 5526 similis
1509 5473 1587 5526 tui
1609 5473 1664 5528 in
1687 5467 1814 5538 diis,
1841 5474 2082 5539 Domine,
2107 5485 2155 5529 et

585 5581 687 5619 non
713 5574 791 5618 est
825 5565 1109 5619 secundum
1137 5580 1294 5633 opera
1321 5574 1432 5620 tua.
1475 5563 1665 5620 Omnes
1701 5576 1875 5638 gentes
1894 5583 2157 5637 quascun-

582 5672 676 5725 que
707 5655 876 5710 fecisti
925 5659 1123 5712 venient
1165 5667 1214 5712 ct
1251 5655 1551 5712 adorabunt
1592 5674 1770 5713 coram
1802 5668 1870 5724 te,
1913 5657 2154 5723 Domine,

584 5755 632 5798 et
660 5746 1031 5816 glori/imbuat
1060 5765 1244 5804 nomen
1277 5760 1443 5803 tuum.
1469 5749 1732 5816 Quoniam
1759 5765 1977 5819 magnus
2008 5766 2062 5804 es
2101 5760 2154 5804 tu

2337 5481 2458 5533 Οὐκ
2486 5479 2659 5535 ἐστιν
2685 5481 2890 5551 ὅμοιός
2922 5498 3022 5540 σοι
3052 5486 3120 5538 ἐν
3150 5483 3324 5551 θεοῖς,
3357 5483 3547 5548 Κύριε,
3578 5471 3657 5527 καὶ
3677 5470 3756 5523 οὐκ

2263 5568 2395 5622 ἔστι
2427 5571 2578 5625 κατὰ
2605 5572 2678 5626 τὰ
2700 5574 2845 5643 ἔργα
2877 5590 3014 5629 σου.
3043 5575 3245 5630 Πάντα
3273 5576 3343 5630 τὰ
3363 5575 3497 5637 ἔθνη
3521 5569 3621 5622 ὅσα
3637 5558 3757 5616 exci-

2263 5678 2440 5729 ησας,
2473 5663 2692 5730 ἥξουσι
2726 5665 2826 5719 καὶ
2855 5668 3389 5738 προσκυνήσουσιν
3412 5661 3632 5718 ἐνώπιόν
3650 5665 3753 5712 σου,

2263 5756 2459 5823 Κύριε,
2500 5757 2598 5811 καὶ
2637 5757 2971 5824 δοξάσουσι
3012 5762 3076 5814 τὸ
3110 5759 3293 5828 ὄνομά
3317 5774 3443 5812 σου.
3484 5757 3585 5806 ὀτι
3607 5746 3752 5817 μέγας
