3996 6210
315 160 455 222 illa?

1465 154 1971 219 COMMENTARIA
2007 156 2079 216 1N
2116 159 2451 218 PSALMOS.

3394 156 3531 220 1’033

305 281 397 333 τὸν
432 275 701 347 πυθμένα,
737 275 861 349 περὶ
890 271 949 330 οὗ
979 275 1219 348 εἴρηταιο
1262 275 1414 329 ὀὃοὶ
1443 275 1662 344 ἀνδρὸς
1691 278 1750 328 al
1779 274 1877 327 δο-

1978 274 2100 329 dum
2133 276 2324 345 inferni
2358 280 2424 333 ⁷³.
2453 277 2646 334 Verum
2676 280 2820 343 inde,
2851 280 2948 343 ait,
2985 295 3068 335 me
3098 274 3314 340 emisti.
3342 278 3532 350 (Vens.

305 370 521 424 κοῦσαι
581 369 746 436 ὀρθαὶ
777 365 947 430 εἶναι,
988 368 1060 420 τὰ
1098 366 1298 436 μέντοι
1333 366 1641 420 τελευταῖα
1677 363 1875 418 αὐτῶν

301 460 518 529 βλέπει
567 462 655 525 εις
688 460 956 527 πυθμένα
1006 458 1174 525 ᾅδου.
1228 458 1364 510 Ἀλλ’
1409 456 1639 523 ἐκεῖθεν,
1692 455 1873 527 φησὶν,

305 553 520 629 spetam
561 569 647 622 με,
686 551 894 619 ἐπειδὴ
935 551 1141 621 γέγονε
1170 549 1237 603 τὸ
1267 551 1438 616 ἔλεός
1467 565 1584 604 σου
1611 549 1764 619 μέγα
1783 548 1875 601 ἐπ’

303 647 427 718 ἐμέ.
469 645 778 715 Εύξάμενος
814 643 922 714 γὰρ
954 642 1189 713 μεγάλου
1218 644 1401 712 τυχεῖν
1442 642 1622 706 ἐλέους
1650 644 1707 694 ἐν
1732 639 1809 710 τῷ
1834 645 1876 692 ν’

302 736 523 810 ψαλμῷ,
569 738 627 789 ὲν
742 737 980 807 εἴρηκεν,
1033 733 1327 801 Ἐλέησόν
1342 750 1419 803 με
1444 734 1593 787 κατὰ
1629 732 1695 785 τὸ
1724 731 1879 801 μέγα

306 830 477 895 ἐλεός
506 844 645 892 σου,
687 830 745 881 ὲν
774 827 978 889 τούτοις
1022 825 1359 896 ὁμολογεῖται
1398 824 1750 896 τετυχηκέναι
1778 823 1877 893 τῆς

306 920 503 991 εὐχῆς·
533 919 614 973 διὸ
643 918 737 973 καὶ
763 916 1163 988 ὲξομολογεῖται
1200 918 1298 987 οὐχ
1326 915 1531 982 ἁπλῶς,
1559 916 1677 970 ἀλλ’
1704 917 1761 968 ὲν
1781 913 1876 984 ὅλῃ

305 1012 469 1067 αὑτοῦ
498 1014 565 1083 τῇ
620 1006 835 1082 καρδίᾳ.
878 1008 932 1060 Ὁ
968 1007 1132 1074 Θεὸς,
1171 1007 1498 1077 παράνομοι
1543 1007 1876 1074 ἐπανέστη-

303 1119 426 1159 σαν
459 1104 552 1158 ἐπ’
586 1102 691 1172 ἐμὲ
708 1143 723 1167 ,
776 1101 871 1156 καὶ
924 1097 1242 1170 συναγωγὴ
1288 1097 1580 1168 κραταιῶν
1630 1097 1878 1167 ἐζήτησε

301 1192 420 1260 τὴν
450 1191 663 1262 ψυχήν
694 1208 834 1261 μου,
866 1189 962 1243 καὶ
1002 1190 1074 1244 οὐ
1099 1190 1377 1258 προέθετό
1398 1206 1472 1244 σε
1498 1191 1754 1244 ἐνώπιον
1774 1190 1879 1242 αὐ-

302 1284 441 1339 τῶν.
482 1285 587 1339 Καὶ
621 1283 723 1347 σὺ,
757 1284 935 1351 Κύριε
963 1286 996 1336 ὁ
1035 1282 1199 1348 Θεὸς,
1229 1281 1544 1350 οἰκτίρμων
1571 1281 1667 1335 καὶ
1707 1280 1875 1347 ἐλεή-

299 1393 447 1447 μων,
494 1375 871 1446 μακρόθυμος
918 1374 1014 1427 καὶ
1063 1372 1392 1439 πολυέλεος
1439 1372 1539 1426 καὶ
1572 1372 1874 1440 ἀληθινός.

302 1466 638 1522 Μεταδαλὼν
675 1464 783 1519 ἀπὸ
819 1466 917 1537 τῆς
959 1465 1264 1537 προσευχῆς
1302 1464 1382 1527 εἰς
1407 1464 1505 1536 τὴν
1552 1464 1878 1536 ἐξομολόγη-

305 1577 408 1621 σιν,
445 1559 540 1614 καὶ
566 1557 905 1630 ὁμολογήσας
935 1555 1013 1627 τῷ
1043 1555 1161 1627 Θεῷ
1182 1556 1280 1627 τὴν
1304 1556 1483 1628 χάριν,
1511 1556 1591 1609 ὅτι
1612 1556 1879 1628 ἐρρύσατο

301 1653 400 1723 τὴν
420 1651 599 1722 ψυχὴν
625 1648 788 1703 αὐτοῦ
810 1650 870 1715 ἐξ
893 1650 1018 1721 ᾅδου
1044 1648 1377 1710 κατωτάτω,
1413 1646 1757 1716 ἀπολογεῖται
1777 1650 1876 1721 τὴν

302 1743 482 1798 αἰτίαν
500 1738 844 1810 ⁵ἐξαγορεύων
880 1740 945 1793 δι’
974 1740 1042 1811 ἣν
1083 1740 1321 1810 ἥμαρτε,
1348 1737 1441 1791 καί
1487 1754 1670 1809 φησιν,
1703 1739 1783 1792 ὅτι
1819 1739 1877 1806 ἐξ

302 1830 595 1901 ἐπιϐουλῆς
628 1828 838 1884 πολλῶν
884 1830 1131 1901 ἀοράτων
1158 1828 1370 1901 ἐχθρῶν
1413 1828 1573 1882 τοῦτο
1618 1830 1875 1896 πέπονθε,

303 1922 683 1993 φθονησάντων
728 1921 891 1975 αὑτοῦ
911 1924 975 1992 τῇ
1004 1920 1144 1975 κατά
1180 1918 1312 1973 θεὸν
1355 1923 1622 1991 προκοπῇ.
1657 1921 1748 1974 Διό
1778 1939 1880 1992 φη-

304 2029 417 2068 σιν’
463 2014 524 2066 '0
570 2015 732 2080 Θεὸς,
778 2011 1105 2081 παράνομοι
1144 2012 1571 2079 ἐπανέστησαν
1620 2013 1712 2065 ἐπ’
1752 2012 1875 2082 ἐμέ.

304 2105 368 2161 οε
392 2106 449 2158 δὲ
481 2104 656 2158 λοιποὶ
696 2104 892 2168 πάντες
939 2104 1287 2175 ὲλρμηνευταὶ,
1317 2104 1708 2173 ὑπερήφανοι,
1731 2106 1880 2177 εἱρή-

304 2213 452 2261 κασι,
483 2195 583 2258 τάς
625 2196 889 2267 ἀοράτους
922 2196 1015 2248 καὶ
1044 2194 1425 2266 ὑπερηφάνους
1460 2194 1716 2266 δυνάμεις
1743 2198 1880 2249 αἰνι-

305 2286 544 2357 ξάμενοι.
582 2286 800 2340 Ὀποίαν
828 2286 884 2339 δὲ
916 2282 1036 2355 βίαν
1070 2284 1336 2338 πέπονθεν
1363 2288 1395 2356 ἡ
1422 2285 1515 2339 τοῦ
1546 2287 1705 2340 Δαυῖδ
1734 2283 1878 2360 ψυχὴ

303 2380 402 2450 οὐχ
424 2380 527 2433 ὑπὸ
561 2380 690 2449 μιᾶς
720 2379 1020 2448 δυνάμεως,
1054 2378 1167 2431 ἀλλ’
1196 2378 1300 2432 ὑπὸ
1332 2378 1612 2442 πλειόνων,
1642 2378 1878 2433 διδάσκει

305 2471 476 2540 λέγων
496 2490 510 2503 ’
546 2472 654 2526 Kal
688 2468 1007 2540 συναγωγὴ
1035 2468 1325 2538 κραταιῶν
1346 2486 1359 2500 ·
1392 2470 1424 2541 ἢ
1459 2468 1535 2534 ὡς
1557 2473 1585 2524 ὁ
1631 2471 1875 2537 Ἀκύλας,

302 2563 414 2618 Kal
439 2561 756 2633 συναγωγὴ
800 2560 1421 2631 κατισχιιρευομένων·
1457 2561 1490 2633 ἢ
1525 2562 1605 2626 ὡς
1648 2563 1877 2635 Σύμμα-

303 2670 420 2724 χος,
452 2652 559 2705 Καὶ
611 2648 929 2719 συναγωγὴ
985 2642 1422 2703 ἀνυποστάτων
1473 2644 1721 2720 ἐζήτησε
1763 2652 1879 2721 τὴν

303 2741 517 2813 ψυχήν
538 2761 677 2812 μου·
720 2741 855 2797 Ἀλλ’
951 2743 1047 2812 μὲν
1078 2741 1186 2797 τῶν
1209 2740 1418 2813 ἐχθρῶν
1450 2742 1739 2815 συναγωγὴ
1760 2742 1877 2815 sm-

299 2852 436 2905 τησε
465 2835 560 2905 τὴν
592 2834 769 2905 ψυχήν
802 2850 924 2904 μου,
964 2834 1036 2904 μὴ
1067 2832 1307 2905 θεμένων
1336 2832 1442 2905 πρὸ
1468 2832 1759 2903 ὀφθαλμῶν
1786 2834 1876 2887 τὸν

298 2926 458 2992 Θεὸν,
499 2926 563 2980 σὺ
593 2927 669 2990 δὲ,
710 2926 901 2998 Κύριε,
943 2928 1128 2998 φησὶν,
1173 2927 1316 3000 ἅπερ
1365 2928 1557 2979 ὲκεῖνοι
1596 2928 1670 2997 μὴ
1705 2942 1873 2997 προσ·
1901 2951 1944 3009 C

298 3020 586 3091 εδόκησαν,
619 3019 996 3090 συνεχώρησας
1028 3020 1118 3072 καὶ
1139 3019 1411 3091 ἐδωρήσω,
1436 3018 1736 3090 ῥυσάμενος
1770 3034 1871 3088 μου

298 3112 402 3183 τὴν
420 3109 594 3181 ψυχὴν
615 3110 676 3174 ἐξ
696 3109 821 3181 ᾅδου
856 3109 1164 3163 κατωτάτου
1183 3126 1195 3139 ⁸
1233 3111 1326 3163 καὶ
1345 3108 1486 3163 τοῦτ’
1516 3108 1775 3181 ἔπραξας.
1799 3108 1874 3173 ὼς

298 3192 600 3272 οἰκτίρμων
648 3198 743 3254 καὶ
772 3199 1017 3271 ἐλεήμων
1057 3203 1149 3253 καὶ
1180 3200 1529 3273 μακρόθυμος
1559 3201 1651 3253 καὶ
1684 3199 1876 3253 πολυέ-

299 3291 447 3357 λεος,
474 3291 564 3344 καί⁵
590 3292 648 3345 ὲν
681 3292 813 3344 πᾶσι
845 3291 1053 3356 τούτοις
1079 3292 1328 3363 ἀληθινὸς
1366 3292 1645 3363 ὑπάρχων.

392 3408 753 3479 Ἐπίϐλεψον
798 3411 891 3463 ἐπ’
934 3408 1038 3479 ἐμὲ
1074 3409 1169 3462 καὶ
1217 3406 1480 3474 ἐλέησόν
1514 3420 1623 3475 με·
1654 3404 1759 3471 δὸς
1808 3404 1876 3457 τὸ

300 3499 522 3568 κράτος
550 3500 630 3568 τῷ
679 3501 845 3555 erat?!
874 3518 1012 3564 σου,
1062 3500 1161 3554 καὶ
1209 3497 1415 3552 σῶσον
1441 3498 1547 3551 τὸν
1591 3499 1739 3552 vlo»
1770 3495 1877 3565 τῆς

300 3590 626 3661 παιδίσκης
645 3608 779 3648 σου.
798 3593 968 3665 Ὁρῶν
984 3611 1071 3664 με,
1095 3593 1278 3664 φησὶν,
1295 3590 1511 3660 ἐλέησόν
1529 3607 1616 3660 με.
1629 3590 1877 3642 Δείκνυσι

299 3683 360 3737 δὲ
390 3684 582 3738 ἑαυτοῦ
607 3686 635 3739 ὁ
665 3684 825 3738 Δαυῖδ
852 3686 948 3755 τὴν
976 3684 1301 3738 ταπείνωσιν
1332 3682 1425 3735 καὶ
1458 3684 1554 3751 τῆς
1581 3681 1759 3752 ψυχῆς
1778 3679 1877 3751 τὴν

301 3773 569 3839 κάκωσιν,
598 3775 665 3846 ῆν
698 3775 934 3848 παρίστη
978 3775 1073 3828 καὶ
1106 3773 1401 3845 ἀρχόμενος
1426 3771 1525 3841 τῆς
1572 3770 1879 3841 προσευχῆς

300 3867 365 3920 ὲν
391 3860 473 3929 οἷς
499 3864 680 3934 ἔλεγε·
718 3865 959 3934 Πτωχὸς
986 3864 1084 3918 καὶ
1113 3863 1301 3931 πένης
1332 3861 1446 3932 ἐγώ
1480 3862 1614 3930 εἰμι.
1656 3861 1798 3913 Ἀντὶ
1818 3859 1877 3913 δὲ

300 3956 421 4021 τοῦ,
451 3955 561 4023 Δὸς
606 3956 670 4009 τι)
705 3955 919 4025 κράτος
958 3954 1038 4022 τῷ
1082 3954 1246 4009 παιδί
1291 3970 1429 4017 σου,
1480 3951 1812 4023 σαφέστερον
1848 3954 1877 4005 ὁ

300 4047 597 4120 Σύμμαχος
622 4049 963 4120 ἡρμήνευσεν
994 4046 1181 4111 εἰπὼν,
1215 4046 1325 4112 Δὸς
1358 4043 1542 4114 ἰσχὺν
1572 4044 1732 4111 παρὰ
1759 4040 1875 4096 σοῦ

298 4139 387 4207 τῷ
414 4139 610 4208 δούλῳ
633 4154 769 4194 σου.
803 4140 919 4192 Ἵνα
958 4139 1065 4212 γὰρ
1099 4140 1172 4212 μὴ
1200 4138 1561 4207 ἐξασθενὴσας
1584 4134 1872 4205 ὀλισθήσω,

307 4234 448 4304 μετά
490 4232 599 4286 τῶν
637 4232 808 4284 ἄλλων
853 4225 925 4284 ὧν
957 4231 1248 4302 παρέσχου,
1293 4228 1669 4300 δυναμωθῆναι
1714 4225 1869 4292 ἀξιῶ,

1979 367 2065 437 15)
2095 371 2345 437 quoniam
2378 371 2583 424 miseric
2619 370 2735 424 rdia
2769 384 2860 425 tua
2892 389 3084 440 magna
3125 382 3204 427 est
3246 387 3403 443 super
3433 388 3533 430 me.

1976 457 2111 512 Cum
2176 458 2320 513 enim
2376 461 2808 515 misericordiam
2873 476 3119 533 magnam
3166 462 3426 533 consequi
3480 463 3536 517 in

1977 549 2426 619 quinquagesimo
2471 552 2680 620 psalmo
2723 563 2972 622 precatus
3020 553 3111 617 sit,
3147 552 3201 607 in
3243 568 3353 623 quo
3390 553 3537 608 dieeo

1978 634 2089 703 bat,
2124 640 2375 697 Miserere
2401 645 2501 697 mei
2530 645 2811 698 secundum
2844 662 3091 716 magnam
3116 645 3537 701 misericordiam

1978 741 2147 796 tuam,
2196 734 2285 788 hic
2311 749 2371 788 se
2422 743 2543 789 vota
2575 743 2883 791 assecutum
2927 736 3199 804 declarat;
3226 752 3395 807 quare
3428 749 3537 792 non

1976 823 2315 892 simpliciter,
2347 825 2440 879 sed
2491 826 2543 879 in
2586 833 2700 880 toto
2731 826 2896 882 corde
2924 826 3233 882 confitetur.
3265 859 3337 868 —
3368 826 3533 884 Vens.

1980 915 2065 976 14,
2108 915 2194 971 15.
2230 915 2391 981 Deus,
2421 917 2591 988 iniqui
2640 921 3039 973 insurrexerunt
3071 935 3226 989 super
3251 937 3351 988 me,
3379 930 3429 975 et
3450 938 3537 993 sg—

1978 1021 2178 1077 nagoga
2208 1011 2496 1088 potentium
2528 1010 2850 1079 qumsierunt
2872 1011 3104 1064 animam
3137 1028 3326 1077 meam,
3348 1022 3397 1066 et
3432 1030 3538 1068 non

1975 1108 2354 1167 proposuerunt
2378 1108 2426 1153 te
2449 1100 2502 1152 in
2521 1110 2797 1166 conspectu
2821 1117 2935 1155 suo.
2968 1100 3035 1155 Et
3055 1114 3132 1164 tu,
3165 1102 3383 1159 Domine
3398 1103 3540 1159 Deus

1977 1190 2257 1244 miseratur
2281 1201 2331 1245 et
2362 1191 2679 1254 misericors,
2702 1192 2907 1259 patiens
2935 1200 2985 1247 et
3027 1194 3205 1248 multa:
3243 1196 3539 1251 misericor-

1977 1280 2080 1335 dia:
2135 1290 2184 1337 et
2228 1298 2409 1339 rerax.
2437 1283 2573 1339 Cum
2612 1299 2678 1338 ex
2709 1284 2957 1339 oratione
3012 1285 3080 1339 ad
3137 1284 3535 1342 confessionem

1977 1386 2275 1429 conversus
2297 1382 2465 1438 esset,
2493 1374 2672 1430 fassus
2695 1390 2753 1431 se
2776 1373 2887 1429 Deo
2915 1377 3143 1446 gratiam
3171 1377 3389 1442 habere,
3408 1380 3537 1449 quia

1977 1462 2264 1533 eripuisset
2294 1466 2526 1518 animam
2552 1480 2705 1520 suam
2735 1482 2803 1522 ex
2835 1468 3049 1539 inferno
3079 1466 3355 1536 infcriori;
3382 1471 3537 1540 quasi

1980 1555 2046 1609 ad
2078 1554 2450 1610 defensionem
2495 1572 2670 1623 suam,
2702 1572 2926 1614 causam
2966 1559 3118 1614 aliert
3149 1575 3249 1614 cur
3276 1573 3541 1630 peccave—

1980 1646 2070 1712 rit,
2102 1646 2464 1716 complurium
2496 1648 2853 1704 invisibilium
2895 1651 3265 1717 inimicorum,
3305 1653 3398 1723 qui
3437 1668 3540 1709 suo

1978 1736 2274 1792 secundum
2306 1736 2472 1792 Deum
2505 1738 2772 1807 proiectui
2797 1740 3120 1808 inviderent,
3153 1743 3365 1799 insidiis
3390 1745 3440 1800 id
3474 1761 3540 1802 se

1978 1820 2299 1899 perpessum
2347 1829 2643 1886 allirmans.
2677 1830 2858 1897 Quare
2886 1833 2962 1887 ait
2994 1852 3007 1888 :
3046 1834 3181 1889 Deus
3208 1876 3222 1900 ,
3252 1838 3418 1909 iniqui
3449 1839 3537 1893 in-

1976 1928 2320 1973 surrexerunt
2364 1936 2520 1987 super
2566 1937 2664 1975 me.
2701 1920 2912 1993 Reliqui
2955 1939 3083 1979 vero
3123 1940 3315 1981 omnes
3370 1928 3540 1983 inter.

1979 2020 2179 2079 pretes,
2234 2011 2465 2078 superbi,
2506 2012 2780 2076 dixerunt,
2811 2013 3113 2071 invisibiles
3166 2027 3223 2071 et
3272 2020 3538 2087 superbas

1976 2101 2207 2157 virtutes
2240 2102 2672 2160 subindicantes.
2701 2103 2873 2170 Quam
2913 2120 3078 2175 porro
3126 2107 3232 2161 vim
3282 2124 3538 2179 perpessa

1979 2192 2052 2247 sit
2082 2191 2305 2249 Davidis
2335 2196 2542 2257 anima,
2576 2210 2682 2250 non
2727 2196 2796 2250 ab
2831 2211 2937 2252 una
2968 2197 3187 2263 virtute,
3217 2200 3314 2254 sed
3345 2217 3375 2254 a
3418 2201 3533 2271 pluo

1978 2282 2151 2345 ribus,
2185 2282 2303 2354 ipse
2345 2283 2502 2338 docet
2539 2284 2622 2340 his
2672 2286 2894 2341 verbis:
2929 2284 2998 2339 Et
3046 2302 3311 2359 synagoga
3358 2298 3541 2359 poten-

1979 2374 2146 2437 tium;
2167 2373 2281 2428 sive
2303 2382 2362 2428 ut
2382 2375 2599 2444 Aquila,
2631 2374 2697 2429 Et
2720 2392 2988 2447 synagoga
3022 2376 3420 2442 roboratorum;
3444 2388 3539 2434 aut

1979 2472 2039 2523 ut
2069 2463 2447 2537 Symmachus,
2476 2465 2545 2520 Et
2577 2483 2839 2538 synagoga
2861 2467 3273 2524 intolerabilium
3298 2473 3540 2542 quasiet?

1978 2557 2210 2611 animant
2250 2573 2437 2612 meam.
2478 2556 2678 2614 Verum
2711 2574 2981 2630 synagoga
3034 2562 3250 2631 quidem
3289 2564 3536 2620 inimico-

1977 2661 2097 2701 rum
2130 2649 2378 2717 qumsivit
2416 2649 2651 2704 animam
2691 2665 2886 2714 meam,
2936 2652 3029 2722 qui
3071 2668 3177 2707 non
3237 2662 3537 2723 posuerunt

1976 2739 2143 2797 Deum
2199 2748 2324 2797 ante
2377 2742 2566 2798 oculos
2615 2758 2745 2798 suos
2781 2762 2795 2796 :
2827 2750 2884 2798 tu
2934 2752 3133 2809 autem,
3191 2744 3433 2811 Domine,
3472 2762 3539 2802 ea

1975 2835 2319 2901 concessisti,
2339 2849 2405 2890 ea
2440 2834 2676 2899 dedisti,
2704 2851 2823 2905 quae
2855 2835 2957 2907 ipsi
2992 2851 3100 2891 non
3124 2838 3530 2908 exspectabant,

1976 2938 2102 2978 cum
2153 2924 2391 2978 animam
2417 2939 2589 2979 meum
2619 2925 2861 2981 liberasti
2901 2942 2965 2981 ex
3000 2927 3211 2982 inferno
3260 2926 3529 2984 inferiori.

1976 3013 2143 3085 quue
2173 3015 2496 3085 praestitisti,
2533 3024 2721 3086 utpote
2758 3018 3089 3083 misericors,
3130 3021 3435 3086 miserator,
3475 3029 3530 3077 et

1976 3110 2187 3180 patiens
2207 3118 2260 3165 et
2286 3110 2467 3165 multae
2500 3110 2884 3167 misericordia:
2915 3128 2930 3167 :
2962 3112 3017 3167 in
3047 3114 3412 3186 omnibusque
3468 3116 3537 3172 iis

1977 3216 2142 3256 verax
2175 3200 2349 3257 fuisti.

2048 3396 2213 3454 Vens.
2262 3398 2345 3453 l6.
2382 3398 2595 3468 Respice
2636 3400 2688 3453 in
2714 3416 2794 3454 me
2818 3410 2871 3454 et
2900 3401 3143 3456 miserere
3174 3403 3274 3455 mei
3302 3402 3413 3466 ;da
3442 3402 3541 3455 int-

1975 3490 2177 3557 perium
2198 3506 2360 3558 puero
2396 3499 2506 3554 tuo,
2533 3502 2582 3543 et
2613 3489 2816 3543 salvum
2844 3489 2933 3560 [ac
2963 3490 3135 3562 [ilium
3160 3493 3369 3546 ancilla:
3408 3501 3534 3548 tum.

1977 3581 2321 3652 Respiciens,
2357 3582 2552 3652 inquit,
2596 3597 2701 3647 me,
2758 3584 3016 3639 miserere
3055 3583 3181 3639 mei.
3218 3583 3314 3638 Hic
3374 3598 3538 3655 porro

1982 3670 2149 3728 David
2184 3673 2546 3728 humilitatem
2579 3686 2733 3728 suam
2764 3681 2821 3728 et
2867 3673 3034 3728 animi
3065 3673 3410 3731 alllictionem
3442 3691 3540 3731 ex-

1977 3765 2150 3830 hibet,
2183 3781 2346 3836 quam
2385 3766 2513 3819 item
2554 3765 2609 3819 in
2637 3766 2905 3822 orationis
2947 3765 3174 3821 exordio
3217 3766 3536 3833 declaravit,

1977 3873 2102 3914 cum
2125 3855 2352 3921 diceret,
2386 3854 2546 3925 Inops
2578 3867 2627 3912 et
2653 3873 2852 3927 pauper
2888 3873 3004 3912 δαιιι
3039 3874 3153 3929 ego.
3181 3855 3286 3912 Pro
3316 3858 3409 3911 illo
3440 3873 3539 3911 au-

1977 3957 2107 4013 tem,
2137 3947 2223 4003 Da
2246 3949 2523 4018 imperium
2563 3965 2724 4019 puero
2758 3959 2869 4016 tuo,
2899 3951 3139 4016 apertius
3179 3948 3541 4021 Symmachus

1978 4039 2366 4110 interpretatus
2394 4046 2478 4094 est
2529 4038 2615 4096 bis
2647 4040 2828 4095 verbis
2859 4057 2875 4095 :
2923 4039 3006 4095 Da
3046 4039 3207 4095 robur
3243 4057 3276 4093 a
3316 4050 3365 4094 te
3394 4050 3541 4095 servo

1979 4138 2087 4184 tuo.
2115 4128 2396 4200 Siquidem
2445 4143 2513 4184 ne
2542 4143 2609 4183 ex
2656 4129 2969 4186 inﬁrmitate
3006 4147 3244 4201 peream,
3269 4146 3391 4185 cum
3416 4132 3540 4185 aliis

1976 4239 2098 4292 qua:
2124 4223 2353 4292 largitus
2381 4240 2461 4289 es,
2491 4223 2655 4278 etiam
2693 4223 2941 4278 roborari
2972 4239 3057 4297 me
3084 4223 3336 4293 postulo,
3375 4229 3434 4277 ut
3472 4237 3543 4277 ne

303 4326 443 4397 πρὸς
486 4325 545 4378 τὸ
585 4323 659 4395 μὴ
693 4321 847 4387 αὖθις
895 4320 1401 4392 καταπαλαισθῆναι
1443 4321 1547 4375 ὑπὸ
1577 4321 1674 4393 τῆς
1712 4336 1874 4372 σύνα-

1981 4316 2174 4367 iterum
2202 4315 2484 4385 impugner
2513 4330 2544 4368 a
2567 4329 2838 4385 synagoga
2866 4314 3185 4383 potentium.
3226 4311 3319 4367 Sic
3347 4313 3542 4369 robore

303 4413 493 4484 γωγῆς
534 4411 642 4465 τῶν
694 4412 983 4484 κραταιῶν.
1046 4411 1199 4465 Οὕτω
1240 4411 1298 4465 δέ
1348 4428 1415 4483 με
1461 4410 1877 4481 ἰσχυροποιήσας

305 4502 523 4567 σώσεις,
549 4504 623 4568 ὼς
656 4505 719 4559 ἄν
747 4520 837 4558 σου
860 4494 1042 4557 δοῦλον
1069 4504 1376 4573 γενόμενον,
1403 4500 1517 4554 υἱὸν
1547 4500 1604 4554 δὲ
1627 4500 1726 4570 τῆς
1753 4517 1880 4553 παι-

302 4593 495 4665 δίσκης
530 4611 644 4658 σου,
677 4595 794 4663 ἦτοι
849 4593 946 4665 τῆς
985 4593 1304 4666 Ἐκκλησεας
1336 4611 1449 4657 σου,
1480 4592 1513 4664 ἢ
1560 4593 1653 4645 καὶ
1683 4591 1782 4662 τῆς
1820 4592 1878 4644 ἐν

304 4688 375 4757 τῇ
393 4685 532 4740 κατά
550 4686 680 4739 Θεὸν
698 4685 911 4757 παιδείᾳ
925 4684 1267 4759 θρεψαμένης
1282 4685 1441 4739 αὐτὸν
1464 4684 1688 4755 μητρός.
1712 4681 1881 4748 Ποίη-

304 4794 425 4833 σον
442 4779 569 4849 μετ’
605 4779 750 4849 ἐμοῦ
782 4778 1031 4849 σημεῖον
1064 4781 1150 4844 εις
1176 4777 1420 4848 ἀγαθὸν,
1457 4777 1553 4831 καὶ
1589 4774 1881 4829 ὶδέτωσαν

306 4876 365 4927 οι
398 4873 721 4945 μισοῦντές
754 4890 853 4943 με,
912 4871 1009 4926 καὶ
1058 4869 1581 4941 αἰσχυνθήτωσαν,
1639 4867 1726 4920 ὅτι
1772 4864 1876 4928 σὺ,

308 4970 520 5037 Κύριε,
574 4966 912 5042 ἐᾷοιὶθησὰς
965 4983 1088 5035 μοι,
1152 4963 1250 5017 καὶ
1309 4957 1728 5030 παρεκάλεσάς
1781 4972 1879 5026 με.

311 5061 523 5133 Ὥσπερ
552 5060 631 5114 τῶ
657 5061 795 5115 non
841 5061 1063 5130 σημεῖον
1103 5055 1253 5110 ἔθετο
1282 5056 1311 5107 ὁ
1334 5053 1463 5116 Θεὸς
1491 5054 1588 5122 τῆς
1619 5050 1879 5122 πονηρίας

310 5152 476 5206 αὑτοῦ
494 5150 806 5223 δηλωτικὸν,
830 5151 966 5222 ὅπερ
984 5150 1205 5218 σημεῖον
1227 5146 1275 5199 οἱ
1297 5142 1619 5217 θεωροῦντες
1637 5142 1880 5214 εἴργοντο

310 5243 406 5299 τοῦ
432 5244 636 5299 ἀνελεῖν
668 5243 848 5304 αὐτὸν.
876 5242 964 5295 διὰ
992 5242 1052 5296 τὸ
1075 5242 1250 5311 κρῖναι
1281 5237 1371 5290 τὸν
1396 5235 1527 5289 Θεὸν
1561 5234 1763 5288 στένειν
1786 5234 1880 5288 καὶ

312 5333 532 5407 τρέμειν
570 5333 731 5387 αὑτὸν
763 5334 854 5387 ἐπὶ
886 5332 1021 5402 γῆς·
1057 5330 1198 5383 οὓτω
1244 5327 1339 5381 καὶ
1377 5328 1491 5388 τοῖς
1533 5324 1755 5385 τελείοις
1781 5324 1880 5377 αύ-

310 5425 406 5479 τοῦ
435 5426 655 5497 σημεῖον
679 5426 757 5488 εἰς
784 5422 985 5492 ἀγαθὸν
1006 5421 1236 5483 δίδωσιν,
1259 5420 1394 5489 ὅπερ
1424 5417 1676 5489 ὁρῶντες,
1704 5417 1752 5470 oi
1780 5416 1877 5487 μὲν

384 5592 432 5621 ⁷⁸
461 5588 615 5641 Prov.
646 5601 755 5649 xvi,
784 5583 875 5639 ‘33.
953 5583 997 5615 ⁷⁸
1036 5582 1171 5638 Gen.
1207 5596 1276 5647 tv,
1320 5578 1400 5635 l5.

1980 4407 2165 4460 addito
2196 4423 2279 4461 me
2307 4406 2572 4469 servabis,
2593 4413 2778 4476 utpote
2809 4419 3026 4457 servum
3060 4412 3233 4469 tuum;
3255 4403 3419 4457 lilium
3450 4420 3542 4458 an-

1979 4498 2118 4550 cilla:
2171 4505 2307 4558 tum,
2350 4499 2464 4552 sive
2511 4495 2768 4551 Ecclesiae
2814 4501 2955 4558 tuae;
2987 4494 3070 4547 vel
3115 4494 3305 4549 matris
3337 4508 3457 4565 qua
3485 4494 3541 4549 in

1981 4597 2131 4642 recto
2158 4589 2459 4643 secundum
2490 4586 2663 4642 Deum
2702 4586 2956 4641 instituto
2989 4585 3166 4655 ipsum
3196 4585 3544 4641 educavit.—

1982 4682 2149 4738 Vsns.
2185 4681 2273 4737 l7.
2312 4679 2424 4734 Fac
2459 4696 2659 4734 mecum
2687 4680 2897 4749 signum
2926 4678 2984 4731 in
3015 4679 3224 4745 bonum,
3246 4690 3297 4733 et
3330 4679 3542 4736 videant

1977 4776 2068 4845 qui
2106 4774 2325 4828 oderunt
2347 4789 2448 4837 me,
2481 4780 2532 4826 et
2580 4769 2996 4839 confundantur,
3026 4770 3276 4840 quoniam
3316 4780 3395 4835 tu,
3434 4768 3555 4831 Do-.

1980 4868 2136 4932 mine,
2155 4865 2405 4934 adjuviin
2430 4880 2507 4917 use
2531 4871 2581 4916 et
2610 4861 2911 4917 consolatus
2931 4877 2988 4915 es
3028 4877 3130 4916 me.
3177 4860 3546 4928 Quemadmm

1980 4958 2111 5013 dum
2163 4956 2334 5011 Caino
2373 4956 2590 5025 signum
2651 4956 2835 5023 posuit
2881 4950 3048 5016 Deus,
3089 4953 3344 5022 nequitiae
3391 4953 3543 5008 illius

1982 5047 2265 5108 indicium,
2296 5044 2440 5115 quod
2470 5044 2687 5113 signum
2723 5040 2819 5111 qui
2853 5040 3126 5106 videbant,
3149 5041 3217 5096 ab
3241 5056 3309 5096 eo
3335 5040 3543 5096 interli-

1980 5139 2175 5195 ciendo
2196 5139 2528 5194 arcebantur
2548 5138 2615 5201 ⁷⁵,
2637 5138 2763 5207 quia
2792 5135 2935 5192 Deus
2964 5135 3281 5191 decreverat
3308 5143 3367 5190 ut
3393 5134 3543 5204 inge-

1980 5233 2234 5288 misceret
2262 5239 2315 5287 et
2355 5237 2611 5285 tremeret
2640 5245 2805 5300 super
2835 5239 3032 5284 terram
3070 5248 3082 5282 :
3116 5230 3196 5283 sic
3231 5228 3394 5282 etiam
3418 5240 3543 5295 per.

1979 5324 2137 5379 lectis
2189 5322 2303 5378 suis
2341 5321 2555 5393 signum
2586 5322 2679 5377 dat
2723 5321 2780 5375 in
2808 5320 3034 5384 bonum,
3065 5316 3213 5389 quod
3249 5320 3541 5370 cernentes

1979 5414 2136 5470 amici
2181 5412 2454 5485 gaudent;
2496 5411 2704 5467 inimici
2732 5425 2864 5468 vero
2909 5419 2962 5466 et
2989 5408 3083 5481 qui
3121 5400 3352 5462 oderunt
3385 5416 3541 5468 eum,
