3988 6204
406 138 567 202 ’1039

1138 130 1405 192 EUSEBll
1442 128 1919 190 CASSARIEN’SIS
1951 126 2101 189 OPP.
2137 124 2321 192 PARS
2354 122 2446 187 Ill.
2489 156 2558 166 ——
2595 121 3011 180 EXEGETICA.

3527 118 3673 181 ιθιι

426 254 637 329 pudore
693 222 1047 314 adiciuntur;
1077 267 1104 305 a
1161 251 1318 323 signo
1363 249 1626 304 indicium
1681 248 1983 311 habentes,

2113 244 2229 298 ιίλοι
2256 242 2557 315 χαίρουσιν,
2589 239 2638 292 οἰ
2668 237 2724 291 δὲ
2754 236 2939 307 ἐχθροὶ
2969 235 3066 288 καὶ
3092 233 3143 287 οἱ
3182 230 3464 304 μισοῦντες
3487 231 3675 302 αἰσχύ-

426 349 609 422 ipsum
657 346 712 400 in
764 342 1031 415 ejusmodi
1085 357 1216 399 casu
1264 341 1473 398 auxilio
1512 350 1566 395 et
1618 339 1992 396 consolatione

424 439 650 495 muniri.
676 437 742 492 Et
777 437 1006 492 fortasse
1036 435 1268 492 inimicae
1305 435 1553 497 virtutes,
1586 434 1802 505 signum
1820 431 1995 486 Caino

426 529 741 602 impasitum
767 537 1075 593 cernentes,
1114 526 1445 598 gaudebant,
1482 526 1630 597 quod
1679 526 1898 581 soleant
1925 524 1992 580 de

427 621 623 678 alienis
665 620 836 675 laetari
871 619 1062 685 malis;
1096 618 1272 690 angeli
1304 633 1434 673 vero
1460 617 1554 673 Dei
1589 616 1656 672 de
1689 616 1783 671 illo
1811 629 1994 686 geme-

425 712 582 778 bant,
616 727 681 767 ex
705 711 863 781 signo
894 710 1296 781 impendentem
1342 709 1421 765 illi
1450 724 1480 763 a
1514 707 1626 764 Deo
1655 708 1790 762 iram
1829 722 1994 778 agno-

427 812 666 862 scentes.
696 803 765 858 At
791 804 845 857 in
881 803 1135 874 religiosa
1170 803 1353 859 anima
1390 801 1727 856 contrarium
1757 800 1990 864 accidit;

425 895 662 955 inimica:
686 896 887 965 quippe
908 893 1136 949 virtutes
1169 891 1598 954 confunduntur,
1628 892 1830 947 bonum
1862 890 1994 947 illud

425 990 642 1059 signum
672 986 729 1041 in
760 985 876 1057 ipsa
905 985 1145 1057 positum
1165 984 1597 1055 conspicientes;
1624 983 1791 1038 divini
1815 988 2005 1040 autem.

423 1089 477 1132 et
518 1078 650 1135 boni
706 1077 883 1148 angeli
917 1076 1159 1148 gaudent
1185 1082 1239 1132 et
1265 1062 1718 1146 gratulantur'ei.
1755 1073 1994 1144 ldipsum

424 1170 614 1223 docuit
646 1166 899 1223 Salvator
928 1176 1113 1223 noster
1133 1167 1344 1232 dicens,
1368 1166 1624 1237 gaudium
1649 1180 1770 1223 esse
1803 1166 1858 1219 in
1884 1180 1998 1222 cm-

425 1262 499 1317 lis
528 1274 697 1331 super
738 1274 848 1319 uno
878 1269 1167 1330 peccatore
1184 1257 1567 1328 pcenitentiam
1596 1264 1790 1327 agente
1816 1256 1883 1309 ⁷⁵.

2091 353 2291 400 voveat,-
2318 333 2602 404 γνώρισμα
2644 328 2901 391 λαϐόντες
2931 327 3019 381 διὰ
3050 325 3145 380 τοῦ
3178 324 3426 396 σημείου,
3469 325 3552 377 ὅτι
3584 324 3676 394 βε·-

2093 429 2352 501 6οήοηται
2377 427 2469 481 καὶ
2497 421 2912 496 παρακέκληται
2930 419 3023 472 ἐπὶ
3049 417 3127 489 τῷ
3152 415 3540 488 ωμὸεϐηκότι.
3563 415 3676 469 Καὶ

2091 524 2231 594 τάχα
2261 521 2359 575 ἐπὶ
2403 518 2500 591 μὲν
2524 516 2620 575 τοῦ
2664 515 2806 569 Κάῖν
2836 514 2893 566 αἰ
2939 510 3131 583 ἐχθραὶ
3158 509 3437 580 δυνάμεις,
3466 507 3679 578 ὁρῶσαι

2091 617 2151 671 τὸ
2196 612 2441 669 ὲπιτεθὲν
2470 608 2621 682 αὐτῷ
2670 609 2895 679 σημεῖον
2925 604 3032 658 ὑπὸ
3057 601 3151 657 τοῦ
3191 601 3350 666 Θεοῦ,
3385 600 3676 670 ἐπέχαιρον

2092 707 2260 781 αὐτῷ,
2299 707 2395 762 ἆτε
2442 699 2920 775 ἐπιχαιρησίκακοι
2963 691 3152 750 οὖσαν
3198 694 3247 749 οἰ
3294 692 3351 746 δὲ
3394 690 3490 745 τοῦ
3539 689 3681 744 Θεοί

2093 800 2310 872 ἄγγελοι
2342 796 2629 852 ὲπέστενον
2659 790 2807 864 αὐτῷ
2827 789 2917 846 διὰ
2939 788 3035 843 τοῦ
3068 786 3293 860 σημείου
3315 785 3416 857 τὴν
3437 784 3677 855 ἐπηρτηο

2097 893 2266 964 μένην
2293 888 2442 959 αὐτῷ
2485 889 2555 942 ὲκ·
2592 884 2728 940 Θεοῦ
2756 883 2927 955 ὀργὴν
2962 879 3434 950 ἐπιγινώσκοντες.
3469 876 3596 930 Ἐπὶ
3621 875 3685 930 δὲ

2094 987 2193 1057 τῆς
2224 980 2502 1053 Θεοφιλοῦς
2533 978 2713 1051 ψυχῆς
2734 975 3062 1039 τούναντίον,
3087 975 3145 1027 αἱ
3175 973 3273 1044 μὲν
3300 970 3492 1043 ἐχθραὶ
3523 969 3679 1022 δυνά·

2099 1096 2219 1151 μεις
2255 1072 2706 1146 καταισχύνονται
2736 1068 2800 1123 τὸ
2829 1067 3031 1138 ἀγαθὸν
3067 1069 3291 1137 σημεῖον
3336 1062 3688 1131 ἐπικείμενοι

2092 1170 2300 1243 ὁρῶσαι
2324 1168 2462 1239 αὐτῇ
2480 1184 2492 1196 ·
2522 1165 2571 1223 οἱ
2599 1163 2656 1217 δὲ
2686 1160 2943 1217 θείοι·καὶ
2956 1158 3167 1228 ’ἁγαθοὶ
3186 1156 3406 1227 ἄγγελοι
3430 1154 3685 1228 χαίρουσι

2095 1264 2190 1317 καὶ
2214 1257 2691 1332 συνευφραίνονται
2718 1255 2877 1326 αὐτῇ.
2913 1253 3083 1307 Τοῦτο
3126 1252 3223 1305 καὶ
3247 1253 3276 1304 6
3299 1249 3489 1321 Σωτὴρ
3522 1248 3688 1320 ἡμῶν

2004 1388 2007 1391 λ
2097 1352 2332 1417 ἐδίδαξεν
2367 1348 2557 1412 εἰπὼν,
2589 1346 2765 1419 χαρὰν
2789 1344 3068 1415 γίγνεσθαι
3102 1344 3162 1398 ὲν
3182 1344 3297 1406 τοῖς
3321 1342 3569 1413 οὐρανοῖς
3590 1337 3685 1394 ἐπὶ

605 1541 658 1601 1.
686 1538 885 1599 FlLllS
910 1540 1114 1609 CORE,
1146 1538 1467 1599 PSALMUS
1505 1539 1799 1597 CANTlCl.

1063 1636 1348 1692 LXXXVI.

503 1730 671 1789 Vens.
702 1731 826 1787 2-4.
862 1728 1231 1785 Fundamenta
1260 1730 1372 1799 ejus
1388 1730 1447 1783 in
1476 1731 1737 1785 montibus
1759 1732 1957 1785 sanctis
1979 1747 2005 1784 :-

430 1823 606 1894 dfligit
633 1822 890 1877 Dominus
914 1832 1097 1890 portas
1113 1821 1244 1876 Sion
1272 1837 1431 1892 super
1457 1823 1641 1876 omnia
1660 1822 2003 1877 tabernacula

429 1913 621 1971 Iacob.
661 1914 905 1970 Gloriosa
927 1914 1075 1968 dicta
1091 1922 1213 1968 sunt
1237 1915 1298 1967 de
1326 1922 1395 1975 te,
1427 1915 1613 1969 civitas
1647 1913 1768 1969 Dei.
1802 1914 2005 1970 Memo-

431 2007 563 2062 rabo
581 2005 763 2060 Ila/tab
790 2015 839 2061 et
862 2005 1200 2076 Babylonem,
1221 2006 1503 2062 scientibus
1530 2022 1630 2061 me.
1653 2004 1764 2061 Pro
1781 2007 1895 2071 illo,
1920 2006 2007 2061 Fi-

433 2100 521 2155 liis
536 2099 687 2163 Core,
705 2099 899 2168 Aquila
912 2094 969 2153 ‘e't
984 2098 1362 2168 Symmachus,
1382 2098 1641 2153 Filiorum
1658 2098 1809 2165 Core,
1829 2100 2007 2154 edide-
2038 2162 2041 2165 _

432 2198 582 2256 runt,
600 2191 753 2262 quasi
772 2191 1013 2261 psalmus
1027 2190 1097 2245 ab
1113 2190 1178 2246 iis
1190 2191 1524 2263 compositus
1542 2191 1633 2256 sit,
1649 2193 1733 2248 vel
1756 2193 1824 2246 ab
1837 2193 1905 2248 iis
1924 2208 2008 2248 re-

432 2284 654 2346 citatos,
678 2298 788 2338 non
810 2283 971 2339 modo
982 2298 1111 2337 cum
1132 2283 1409 2354 psalterio,
1437 2284 1531 2339 sed
1553 2286 1714 2340 etiam
1731 2301 1857 2341 cum
1879 2302 2008 2343 can-

433 2376 568 2429 tico.
593 2374 729 2430 Cum
763 2384 945 2430 autem
986 2389 1197 2430 mecum
1233 2384 1545 2446 reputarem
1575 2391 1682 2447 qua
1733 2376 1800 2433 de
1839 2394 2008 2434 causa

433 2469 626 2540 psalmi
645 2450 739 2541 qui
762 2466 1027 2523 Filiorum
1048 2466 1182 2524 Core
1194 2468 1445 2540 inscripti
1464 2477 1593 2524 sunt
1616 2486 1724 2526 non
1747 2487 1853 2526 una
1874 2487 2012 2528 con-

431 2561 607 2632 juncti
628 2562 760 2625 sint,
774 2561 868 2617 sed
891 2561 1064 2632 primo
1076 2561 1367 2632 separatim
1387 2563 1548 2634 positi
1571 2577 1601 2616 a
1617 2578 1801 2626 xu,ac
1819 2579 2009 2620 rursus

435 2652 545 2707 duo
558 2652 788 2709 seorsim
815 2652 1002 2717 locati,
1024 2667 1217 2724 nempe
1241 2667 1448 2708 unm
1469 2662 1523 2711 et
1539 2669 1758 2719 Lunv,
1784 2657 2010 2710 iterum-

437 2758 544 2814 que
568 2742 659 2797 alii
682 2744 815 2810 duo,
847 2743 1059 2799 scilicet
1078 2744 1169 2798 hic
1199 2759 1364 2814 quem
1395 2752 1700 2800 tractamus
1733 2754 1788 2800 et
1821 2748 2011 2802 subse-

436 2849 643 2906 quens;
672 2842 727 2890 et
765 2850 866 2890 cur
887 2834 942 2888 in
982 2835 1164 2891 medio
1193 2835 1425 2891 istorum
1457 2836 1669 2906 positus
1705 2835 1776 2892 sit
1805 2820 2005 2898 Lxxxv,

2097 1447 2177 1500 ὲνὶ
2201 1440 2508 1516 ἁμαρτωλῷ
2533 1436 2907 1512 μετανοοῦντι.

2275 1553 2429 1607 ΤΟῙΣ
2465 1550 2647 1605 ΥῙΟΙΣ
2683 1549 2890 1614 ΚΟΡΕ,
2925 1547 3218 1601 ἚΔΛΜΟΣ

2568 1704 2569 1707 γ
2811 1642 2961 1709 .nq'.

2177 1743 2242 1794 Ol
2277 1738 2534 1809 θεμέλιοι
2580 1734 2769 1791 αὑτοῦ
2820 1735 2891 1790 ὲν
2929 1733 3055 1801 τοῖς
3109 1733 3275 1802 ὄρεσι
3318 1732 3441 1801 τοῖς
3462 1733 3651 1805 ἁγίοις
3669 1749 3688 1764 ο

2096 1831 2304 1904 ἀγαπᾷ
2348 1832 2562 1900 Κύριος
2590 1830 2696 1897 τὰς
2722 1829 2921 1895 πύλας
2970 1825 3125 1883 Σιὼν
3171 1824 3327 1895 ὑπὲρ
3371 1824 3571 1879 πάντα
3616 1825 3692 1879 τὰ

2103 1925 2465 1997 σκηνώματα
2510 1923 2733 1979 Ἰακώϐ.
2785 1920 3205 1991 Δεςῖοξασμένα
3244 1919 3510 1989 ἐλαλήθη
3552 1921 3690 1988 περὶ

2105 2023 2243 2087 σοῦ,
2287 2021 2326 2088 ἠ
2361 2021 2536 2086 πόλις
2561 2017 2669 2073 τοῦ
2703 2017 2873 2072 Θεοῦ.
2907 2016 3347 2086 Μνησθήσομαι
3384 2016 3567 2071 Ῥαὰό
3589 2000 3693 2069 καὶ

2110 2108 2461 2179 Βαϐυλῶνος
2498 2111 2625 2178 τοῖς
2672 2109 3040 2182 γινώσκουσί
3077 2125 3173 2179 με.
3213 2108 3358 2161 Ἀντὶ
3400 2107 3519 2174 τοῦ,
3559 2106 3692 2174 Τοῖς

2107 2206 2258 2277 υἱοῖς
2308 2209 2480 2274 Κορὲ,
2515 2205 2545 2257 6
2581 2203 2812 2269 Ἀκύλας
2862 2204 2956 2257 καὶ
3002 2203 3321 2274 Σύμμαχος,
3374 2200 3500 2269 Τῶν
3540 2200 3695 2256 υἱῶν·

2108 2300 2277 2368 Κορὲ,
2332 2297 2713 2361 ὲκδεδὼκασιν,
2752 2296 2828 2360 ὡς
2870 2296 2963 2350 ὑπ’
2998 2296 3178 2351 αὐτῶν
3229 2296 3621 2366 πεποιημένου,
3653 2296 3691 2366 ἢ

2107 2391 2196 2454 διὰ
2225 2389 2428 2445 τούτων
2463 2389 2751 2463 εἰρημένου
2783 2387 2879 2441 τοῦ
2919 2385 3139 2459 ψαλμοῦ
3171 2388 3266 2441 καὶ
3294 2387 3599 2461 λεχθέντος,
3628 2389 3695 2441 οὗ

2119 2478 2278 2550 μόνον
2307 2477 2396 2532 διὰ
2415 2476 2736 2551 ψαλτηρίου,
2767 2476 2903 2531 ἀλλὰ
2937 2477 3032 2531 καὶ
3069 2479 3187 2549 μετ’
3221 2474 3386 2549 ᾠδῆς.
3414 2478 3603 2550 Ζητῶν
3633 2478 3696 2532 δὲ

2112 2574 2242 2645 παρ’
2274 2570 2518 2644 ἐμαυτῷ,
2547 2571 2653 2624 τίνι
2669 2569 2811 2641 λόγῳ
2844 2571 2917 2643 μὴ
2942 2570 3142 2634 πάντες
3168 2565 3311 2642 ἦσαν
3342 2570 3427 2641 ἐφ’
3460 2568 3543 2624 ἑνὶ
3569 2588 3697 2624 συν-

2110 2662 2349 2736 ημμένοι
2367 2663 2416 2717 οἱ
2439 2662 2904 2735 ἐπιγεγραμμένοι
2930 2662 3054 2717 Τῶν
3078 2661 3225 2725 υἱῶν
3237 2662 3407 2733 Κορὲ,
3421 2663 3535 2719 ἀλλ’
3550 2663 3698 2718 οὕτω

2116 2754 2214 2826 μὲν
2234 2755 2378 2820 ἰδίως
2398 2754 2607 2828 πρῶτοι
2621 2756 2670 2809 οἰ
2697 2755 2805 2809 ἀπὸ
2828 2753 2927 2808 τοῦ
2945 2761 3056 2825 μα’·
3085 2755 3182 2810 καὶ
3202 2756 3362 2810 πάλιν
3389 2756 3533 2823 ἰδίως
3551 2758 3700 2829 ἀφω-

2112 2849 2359 2921 ρισμένοι
2386 2848 2478 2902 δύο
2502 2849 2533 2901 6
2555 2853 2665 2918 πγ’,
2689 2847 2884 2903 ὁδ’καί
2903 2853 2957 2901 π’
2981 2864 2996 2879 ⁸
3016 2848 3109 2903 καὶ
3140 2848 3300 2903 πάλιν
3320 2848 3499 2921 ἕτεροι
3528 2848 3643 2916 δύο,
3661 2850 3703 2903 6

438 2928 766 2999 inscriptus,
817 2926 1007 2983 Oratio
1047 2926 1269 2985 Doridis
1299 2945 1319 2982 :
1348 2944 1457 2997 qua
1505 2929 1574 2985 de
1612 2945 1673 2984 re
1714 2945 1837 3001 qua:
1891 2937 2008 2985 tum

2114 2941 2254 3013 μετὰ
2277 2944 2464 3014 χεῖρας
2486 2941 2580 2996 καί
2598 2943 2627 2995 6
2648 2940 2775 3014 ἑξῆς
2790 2939 2957 3013 αὐτῷ·
2983 2940 3149 3013 μέσος
3170 2941 3227 2996 δὲ
3244 2942 3703 3015 παρεμϐεϐληται

439 3021 858 3086 succurrebant,
888 3018 943 3074 in
992 3026 1392 3091 postremornm
1435 3020 1801 3091 explicatione
1846 3035 1876 3074 a
1923 3036 2013 3076 me

437 3110 550 3182 jam
588 3110 957 3167 tradita‘suut.
993 3107 1167 3166 Secus
1190 3110 1425 3166 fortasse
1461 3111 1734 3181 quispiam
1768 3110 2011 3174 dixerit:

440 3216 634 3273 nempe
662 3216 855 3256 omnes
890 3202 982 3272 qui
1018 3202 1072 3256 in
1119 3202 1258 3257 libro
1285 3200 1628 3257 Psalmorum
1659 3202 1930 3268 feruntur,
1979 3218 2010 3257 a

443 3295 684 3351 diversis
705 3294 839 3351 viris
879 3294 1198 3366 prophetico
1231 3293 1440 3365 Spiritu
1473 3295 1667 3351 alllatis
1692 3297 2015 3367 pronuntia-

441 3394 549 3452 tos,
580 3386 873 3457 separatim
909 3389 1118 3457 positos
1154 3385 1344 3453 fuisse,
1380 3395 1496 3443 tum
1529 3388 1658 3458 quia
1686 3405 1799 3445 non
1817 3388 2010 3445 eodem

444 3488 689 3548 tempore
716 3477 1016 3544 dicti,.tum
1063 3478 1194 3549 quia
1222 3494 1343 3534 non.
1362 3479 1433 3535 ab
1473 3479 1665 3536 iisdem
1696 3480 2015 3553 prophetico

328 3621 339 3633 ,
441 3569 777 3641 pronuntiati
835 3568 1071 3626 fuerant.
1130 3571 1181 3625 Α
1224 3571 1496 3643 principio
1551 3573 1735 3644 itaque
1787 3574 2010 3645 quidam

444 3659 610 3717 Musis
662 3660 962 3730 inscriptus
1002 3659 1143 3729 fuit,
1197 3663 1292 3717 alii
1346 3661 1576 3733 Asaphi,
1627 3663 1721 3718 alii
1764 3663 2011 3728 Davidis,

442 3767 591 3823 unus
631 3747 967 3816 Salomonis.
998 3751 1219 3810 Emam
1265 3754 1534 3809 Esdraitae
1571 3769 1789 3826 quoque
1835 3755 2014 3822 alius;

443 3842 604 3896 multi
637 3857 765 3899 vero
796 3851 991 3912 prater
1020 3844 1184 3901 hosce
1210 3844 1572 3916 inscriptione
1591 3853 1821 3910 carent,
1857 3845 1935 3900 ita
1957 3854 2016 3901 ut

443 3931 733 4000 cuiusnam
777 3933 889 3988 sint
925 3934 1069 3991 scire
1115 3950 1472 4004 nequeamus.
1500 3935 1640 3990 Cum
1686 3951 1819 4007 ergo
1859 3938 2015 3994 varie

445 4022 661 4079 recitati
691 4024 943 4089 fuissent,
980 4026 1215 4096 sparsim
1246 4028 1411 4098 positi
1457 4042 1489 4082 a
1533 4029 1798 4085 studiosis
1818 4030 2014 4085 harum

446 4130 632 4175 rerum
666 4117 799 4173 viris
829 4118 1132 4187 antiquitus
1185 4120 1563 4175 servabantur.
1625 4119 1831 4176 Deinde
1887 4138 2025 4176 vero

448 4205 683 4280 [dixerit
706 4207 894 4281 idem],
919 4223 985 4265 CL
1021 4209 1264 4281 psalmos
1286 4227 1461 4266 unum
1486 4213 1542 4267 in
1574 4212 1771 4268 librum
1796 4223 2017 4271 coactos

2115 3034 2323 3098 τούτων
2345 3037 2373 3089 6
2392 3041 2475 3090 πε⁹
2500 3033 2978 3107 ἐπιγεγραμμένος
2999 3033 3320 3106 Προσευχὴ
3356 3034 3465 3091 τοῦ
3490 3035 3696 3093 Δαυΐδ’

2113 3125 2182 3180 τά
2211 3127 2308 3198 μὲν
2334 3128 2458 3198 ἐμοὶ
2482 3128 2836 3200 παραστάντα
2856 3128 2937 3191 εἰς
2957 3128 3057 3199 τὴν
3083 3127 3194 3182 τῶν
3216 3128 3538 3185 τελευταίων
3562 3128 3702 3186 θεω-

2116 3218 2240 3291 ρίαν
2289 3218 2377 3273 διὰ
2422 3218 2530 3273 τῶν
2570 3218 2874 3292 εἰρημένων
2922 3219 3024 3292 ἥδη
3070 3220 3335 3294 πρότερον
3380 3222 3699 3294 δεδήλωται.

2113 3309 2273 3366 Εἴποι
2305 3310 2351 3364 δ’
2376 3309 2441 3366 ἄν
2465 3328 2552 3376 τις
2579 3312 2673 3387 καὶ
2705 3311 2896 3378 ἄλλως,
2919 3312 3001 3367 ὅτι
3033 3313 3233 3378 πάντες
3254 3316 3306 3368 οἰ
3334 3315 3393 3370 ὲν
3430 3317 3497 3390 τῇ
3529 3313 3703 3387 βίϐλῳ

2112 3400 2221 3459 τῶν
2247 3402 2493 3476 ιΨαλμῶν
2532 3404 2822 3477 φερόμενοι
2848 3403 3017 3475 λόγοι,
3055 3406 3161 3461 ὑπὸ
3185 3406 3459 3481 διαφόρων
3489 3409 3702 3482 ἀνδρῶν

2116 3495 2439 3567 προφητικῷ
2479 3496 2757 3569 Πνεύματι
2799 3496 3169 3570 λελαλημένοι,
3212 3499 3503 3565 ἰδιάζοντες
3532 3496 3697 3575 ἦσαν,

2113 3585 2190 3651 ὼς
2218 3586 2283 3640 ἂν
2310 3587 2447 3658 μήτε
2481 3589 2570 3658 ὑφ’
2601 3589 2697 3643 ἕνα
2727 3589 2917 3663 καιρὸν
2952 3590 3254 3662 λεχθέντες,
3292 3594 3431 3665 μήτε
3458 3592 3557 3647 ὑπὸ
3583 3594 3697 3647 τῶν

2114 3680 2293 3734 αὐτῶν
2335 3681 2825 3753 προφητευθέντες.
2879 3682 3089 3739 Αὐτίκα
3116 3683 3249 3753 γοῦν
3296 3683 3697 3759 ὲπιγέγραπταί

2116 3789 2200 3836 τις
2242 3772 2540 3838 Μωῦσὲως,
2569 3774 2666 3828 καὶ
2712 3774 2888 3848 ’ἑτεροι
2927 3774 3024 3830 τοῦ
3068 3776 3259 3846 Ἀσάφ,
3290 3777 3389 3832 καὶ
3407 3775 3502 3831 τοῦ
3535 3774 3708 3833 Δαυῒε

2108 3862 2277 3917 πάλιν
2309 3862 2505 3936 ἕτεροι,
2534 3865 2628 3918 καὶ
2656 3863 2689 3916 6
2718 3864 3060 3937 Σολομῶντος
3086 3866 3265 3931 ἄλλος,
3303 3870 3400 3923 καὶ
3430 3867 3591 3924 πάλιν
3615 3871 3710 3923 Αἰ-

2117 3952 2217 4007 ea»
2240 3953 2336 4007 τοῦ
2372 3954 2685 4027 Ἐσδραῖτου
2707 3972 2721 3987 ·
2752 3956 2849 4010 καὶ
2873 3955 3054 4031 ἕτεροι
3072 3957 3129 4011 δὲ
3149 3958 3394 4014 πλεῖστοι
3410 3962 3524 4015 ὅσοι
3549 3962 3711 4033 παρὰ

2115 4044 2335 4110 τούτους
2369 4045 2623 4119 φέρονται
2670 4048 3055 4122 ἅνεπίγραφοι,
3087 4049 3148 4104 οὐ
3200 4049 3513 4123 δυναμένων
3542 4054 3711 4125 ἡμῶν

2115 4135 2313 4190 εἰδέναι
2341 4138 2485 4202 τίνος
2508 4138 2597 4210 ἄρ’
2618 4135 2748 4195 εἷεν.
2772 4141 3056 4213 Διαφόρως
3076 4136 3169 4196 οὖν
3193 4144 3495 4215 εἰρημένων
3521 4144 3585 4199 τὸ
3606 4164 3712 4201 πα-

2118 4228 2268 4282 λαιὸν
2297 4230 2569 4303 σποράδην
2597 4232 2810 4305 ὑπῆρχε
2856 4233 3008 4304 παρὰ
3040 4235 3155 4299 τοῖς
3184 4235 3312 4305 περὶ
3330 4235 3503 4290 ταῦτα
3537 4253 3711 4293 σπου-

448 4300 641 4358 fuisse.
666 4302 743 4357 Ac
773 4301 1004 4359 fortasse
1032 4302 1123 4373 qui
1149 4304 1388 4376 collegit,
1407 4304 1522 4361 sive
1544 4306 1593 4362 is
1615 4305 1814 4363 Esdras
1834 4306 2012 4373 fuerit,

2125 4318 2294 4385 δαίοις
2324 4300 2900 4392 πειρωαγμένονξνΕἷΨ
2942 4300 3172 4395 ῧστερον
3214 4300 3544 4399 συναχθῆναι
3579 4329 3712 4394 τοὺς

452 4403 512 4449 ut
531 4394 685 4450 aiunt
714 4393 947 4459 llebraei.
974 4395 1247 4453 sivealius
1274 4397 1569 4469 quispiam,
1603 4414 1704 4457 eos
1724 4401 1817 4473 qui
1845 4402 2022 4473 primo

450 4485 525 4547 ad
566 4501 787 4543 manum
841 4499 1126 4552 venerunt,
1169 4489 1377 4558 primos
1406 4490 1460 4545 in
1513 4490 1660 4548 libro
1710 4493 2018 4548 Constituit.

451 4576 586 4632 liam
619 4594 743 4634 cum
766 4595 876 4634 non
906 4594 1099 4637 omnes
1121 4595 1236 4636 uno
1262 4581 1562 4653 eodemque
1594 4592 1837 4656 tempore
1865 4601 2022 4658 repe-

454 4672 610 4734 nerit.
632 4673 946 4729 necessario
976 4687 1079 4729 eos.
1102 4674 1197 4744 qui
1234 4689 1369 4731 casu
1397 4677 1455 4730 in
1484 4691 1681 4733 manus
1711 4678 2024 4735 inciderunt

455 4766 635 4833 primo
665 4764 903 4834 repertis
932 4764 1201 4833 adjnnsit.
1235 4766 1601 4832 Quamobrem
1623 4785 1746 4826 cum
1769 4780 1895 4827 octo
1915 4773 2028 4843 pri-

458 4867 580 4909 mos
601 4851 860 4911 Filiorum
901 4853 1062 4918 Core,
1084 4862 1145 4908 ut
1163 4857 1460 4914 verisimile
1484 4868 1588 4925 est,
1621 4875 1731 4915 una
1756 4861 1918 4919 simul
1943 4878 2027 4917 re-

458 4950 664 5015 pertos,
683 4946 741 5000 in
767 4946 909 5003 libro
934 4948 1098 5002 simul
1131 4950 1424 5017 posuisset,
1444 4950 1512 5007 iis
1533 4959 1719 5022 postea
1742 4952 2028 5023 suhjnnxit

455 5052 554 5096 eos
592 5037 686 5109 qui
715 5040 819 5095 sub
852 5040 968 5096 haec
1014 5055 1135 5097 sese
1160 5042 1496 5100 obtulerunt.
1527 5043 1734 5099 Deinde
1760 5059 1883 5098 cum
1908 5044 2029 5115 plu-

460 5144 553 5187 res
575 5130 669 5186 alii
694 5132 891 5201 reperti
920 5140 975 5187 et
1002 5133 1056 5188 in
1086 5134 1226 5190 libro
1253 5133 1597 5195 Psalmorum
1630 5137 1854 5206 repositi
1891 5137 2031 5193 luis-

458 5230 582 5278 sent
599 5230 726 5296 post
744 5238 928 5279 Luxu
953 5227 1245 5295 psalmum.
1266 5229 1426 5287 binos
1446 5231 1584 5285 alios
1607 5228 1864 5286 Filiorum
1891 5230 2030 5288 Core

459 5316 849 5386 deprehensos,
880 5333 1073 5391 nempe
1092 5335 1300 5374 Luxm
1313 5331 1366 5377 et
1385 5337 1614 5384 Lxxuv.
1632 5333 2031 5394 consequenter

458 5409 676 5465 locavit.
709 5409 848 5465 Tum
876 5420 997 5481 post
1041 5412 1285 5483 elapsum
1319 5416 1584 5486 temporis
1634 5417 1869 5490 spatium
1899 5431 2023 5473 cum

533 5565 578 5598 ’⁷⁵
617 5565 750 5623 Luc.
787 5582 879 5634 xv,
919 5568 976 5629 Ἰ.
1050 5574 1051 5577 “

2129 4420 2204 4485 ρν⁹
2238 4413 2343 4467 ὑπὸ
2394 4415 2519 4486 μίαν
2548 4415 2747 4487 βίϐλον.
2781 4418 2993 4488 Μήποτ’
3024 4413 3119 4472 οὖν
3153 4420 3183 4474 6
3231 4421 3574 4491 συναγαγὼν,
3604 4423 3712 4477 εἶτ’

2130 4505 2365 4579 Ἔσδρας
2394 4502 2548 4572 οὗτος
2593 4503 2681 4580 ἦν,
2724 4507 2800 4575 ὥς
2843 4528 3005 4580 φασιν
3046 4512 3312 4585 Ἑϐραίων
3343 4514 3551 4580 παῖδες,
3595 4516 3713 4572 εἴτε

2126 4614 2211 4663 τις
2239 4597 2424 4671 ἕτερος
2446 4598 2596 4671 παρὰ
2617 4600 2825 4667 τοῦτον,
2861 4602 2988 4666 τοὺς
3019 4601 3268 4676 πρώτους
3295 4605 3376 4668 εἰς
3403 4605 3564 4659 αὐτὸν
3584 4608 3711 4678 ὲχο-

2133 4690 2326 4762 μένους
2351 4691 2599 4763 πρώτους
2615 4692 2674 4746 ὲν
2699 4696 2763 4764 τῇ
2797 4692 2962 4764 βίὸλῳ
2987 4695 3332 4752 κατέταττεν.
3358 4697 3472 4751 Οὐκ
3497 4697 3714 4771 ἀθρόως

2130 4782 2239 4853 γὰρ
2269 4783 2395 4847 τοὺς
2427 4783 2634 4853 πάντας
2672 4784 2760 4854 ὑφ’
2787 4784 2883 4839 ἕνα
2927 4785 3120 4858 καιρὸν
3148 4785 3344 4858 εὑρὼν,
3371 4787 3436 4854 ἐξ
3463 4789 3714 4862 ἀνάγκης

2130 4875 2255 4938 τοὺς
2290 4874 2426 4945 πρὸς
2448 4876 2605 4946 χεῖρα
2625 4877 3112 4949 παρεμπίπτοντας
3131 4879 3367 4950 συνῆπτε
3384 4882 3496 4943 τοῖς
3525 4897 3715 4952 προει-

2132 4964 2346 5039 ληφόσι.
2380 4963 2580 5037 Διόπερ
2613 4967 2708 5020 καὶ
2742 4969 2868 5032 τοὺς
2892 4967 3142 5041 πρώτους
3168 4976 3220 5042 η’
3249 4970 3373 5024 Τῶν
3399 4971 3532 5025 υἱῶν
3562 4972 3713 5045 Κορὲ

2127 5056 2274 5119 εἰκὸς
2314 5056 2435 5110 τότε
2476 5059 2792 5126 κατατάξαι,
2825 5061 2912 5115 ὅτε
2961 5061 3054 5116 καὶ
3103 5062 3312 5136 ἀθρόως
3339 5063 3477 5135 ὁμοῦ
3510 5065 3715 5130 πάντες

2130 5144 2422 5218 εὕρηνται·
2459 5150 2576 5220 μετ’
2609 5149 2854 5215 ἐκείνους
2880 5150 2937 5205 δὲ
2967 5151 3199 5222 συνάψαι
3219 5154 3345 5218 τοὺς
3371 5154 3510 5225 μετὰ
3535 5154 3714 5210 ταῦτα

2129 5239 2210 5303 εἰς
2235 5238 2398 5293 αὐτὸν
2422 5239 2694 5306 ἐλθόντας.
2725 5239 2858 5296 Εἶτα
2884 5242 3093 5298 πολλῶν
3121 5244 3178 5298 ὲν
3202 5244 3277 5318 τῷ
3303 5245 3508 5317 μεταξῦ
3544 5248 3707 5321 εὑρη-

2136 5329 2332 5401 μένων,
2360 5333 2454 5386 καί
2480 5334 2560 5397 εἰς
2574 5332 2673 5406 τὴν
2698 5333 2878 5406 βίϐλον
2897 5335 3005 5390 τῶν
3019 5336 3263 5408 Ψαλμῶν
3291 5337 3714 5409 άναληφθὲντων

2135 5419 2271 5492 μετά
2296 5422 2387 5477 τὸν
2414 5422 2503 5480 ἰδ’
2524 5422 2753 5496 ψαλμὸν,
2778 5425 3037 5498 εὑρῆσθαι
3062 5427 3221 5481 πάλιν
3249 5427 3440 5494 ἄλλους
3476 5429 3568 5484 δύο
3588 5430 3716 5488 Τῶν
