3996 6210
283 486 412 544 10H

1447 483 1946 541 COMMENTARTA
1986 484 2049 540 ΙΝ
2089 484 2428 543 PSALMOS.

3381 477 3520 535 1012

275 602 405 658 υἱῶν
426 598 591 671 Κορὲ,
633 595 724 661 οὓς
753 598 849 651 καὶ
876 597 1183 662 ἀκολούθως
1222 597 1459 668 συνάψας
1485 598 1545 651 ὲν
1580 596 1659 669 τῷ
1686 598 1838 671 τρίτη

1957 598 2144 654 Oratio
2170 598 2391 656 Davidis
2416 606 2627 669 reperta
2653 598 2871 667 luisset,
2898 613 3017 652 eam
3046 604 3167 669 post
3190 612 3388 652 Luxw
3427 614 3520 655 rc-

275 692 369 747 καὶ
399 697 452 743 π’
483 689 578 743 καὶ
598 688 675 760 τῷ
695 687 783 741 πδ“
807 686 1119 753 κατέταξεν.
1147 684 1279 743 Εἶτα
1306 688 1506 760 μεταξῦ
1533 686 1627 741 τοῦ
1656 689 1846 761 χρόνου

271 785 370 854 τῆς
401 779 494 835 τοῦ
524 778 685 833 Δαυίδ
728 778 1045 851 Προσευχῆς
1095 778 1433 851 εὑρεθείσης,
1488 778 1720 832 ἐνθεῖναι
1753 779 1848 834 καὶ

273 875 475 946 ταύτην
515 873 654 944 μετὰ
679 872 769 926 τὸν
794 872 899 928 πδν.
922 872 1032 926 Καὶ
1061 872 1223 927 πάλιν
1255 871 1395 944 μετὰ
1413 873 1515 944 τὴν
1536 871 1848 945 Προσευχὴν

274 967 366 1023 τοῦ
390 964 571 1031 Δαυῖδ,
596 968 654 1019 ἐν
675 971 759 1019 πεθ
787 964 937 1035 τόπῳ
958 962 1404 1036 καταλεχθεῖσαν,
1428 964 1717 1037 εὑρεθῆναι
1741 964 1852 1018 ἑτέ-

275 1077 400 1134 ρους
447 1056 541 1112 δύο
568 1057 691 1111 Τῶν
722 1057 855 1112 υἰῶν
881 1057 1047 1130 Κορὲ,
1090 1057 1185 1112 τὸν
1214 1056 1356 1128 μετὰ
1394 1060 1583 1129 χεῖρας
1622 1057 1716 1112 καὶ
1758 1056 1849 1111 τὸν

1952 693 2154 763 posuit.
2192 694 2271 748 Ac
2319 708 2537 749 rursum
2598 700 2721 763 post
2768 690 3082 747 Orationem
3131 689 3532 762 Davidis,qn:e

1953 802 2132 842 Lxxxv
2166 802 2395 842 numero
2450 787 2627 858 posita
2664 786 2861 853 fuerat,
2885 787 3138 843 inventos
3176 785 3346 841 fuisse
3378 786 3539 843 dicet.

1952 878 2092 933 duos
2121 878 2259 933 alios
2286 876 2551 932 Filiorum
2567 878 2730 945 Core,
2764 878 2911 933 hunc
2936 893 3097 949 quem
3125 884 3444 942 tractamus,
3465 884 3524 933 et

1955 980 2270 1041 sequentem
2326 989 2341 1025 :
2390 985 2454 1025 ac
2504 970 2585 1027 sic
2639 971 2954 1028 necessario
2996 969 3244 1026 Orationi
3299 968 3523 1026 Davidis

1955 1061 2287 1131 coniunctos
2320 1060 2513 1118 fuisse.
2564 1059 2802 1131 ldipsum
2854 1074 3018 1130 porro
3046 1058 3244 1115 dixerit
3288 1058 3433 1113 idem
3463 1056 3542 1116 in.

272 1152 469 1225 ἐφεξῆς
500 1150 648 1223 αὐτῷ
668 1168 681 1180 °
706 1150 767 1218 ἐξ
809 1150 1055 1222 ἀνάγκης
1080 1167 1138 1204 τε
1167 1150 1261 1205 καὶ⁸
1286 1149 1482 1215 αὐτοὺς
1527 1149 1838 1221 συναχθῆνατ

1954 1151 2293 1221 reliquorum
2324 1150 2658 1221 psalmorum
2692 1150 3033 1207 ordinatione
3059 1150 3397 1221 contigisse.

270 1250 340 1319 τῇ
370 1248 650 1319 Προσευχῇ
673 1243 767 1300 τοῦ
788 1245 972 1301 Δαυῖδ.
993 1246 1096 1301 Τὸν
1116 1244 1278 1301 αῢτδν
1308 1245 1363 1300 δὲ
1385 1244 1543 1316 λόγον
1567 1245 1835 1319 ὑπάρχειν
1870 1247 1900 1300 ὁ
1922 1245 2086 1311 αὐτὸς
2111 1246 2255 1301 εἰποι
2274 1246 2340 1302 ἂν
2369 1247 2463 1303 καὶ
2481 1247 2574 1302 ἐπὶ
2600 1249 2700 1320 τῆς
2722 1247 2829 1303 τῶν
2857 1247 3057 1302 λοιπῶν
3115 1247 3365 1319 ψαλμῶν
3398 1264 3521 1302 συνο

274 1338 494 1405 θέσεως.

343 1459 679 1516 Πιστὼσεται
705 1460 761 1515 δὲ
784 1459 851 1516 τδ
871 1460 1196 1533 λελεγμένον
1217 1461 1326 1516 άπδ
1344 1461 1695 1534 προφητικῶν
1714 1463 1850 1517 dm-

269 1551 483 1618 δείξεων
501 1569 516 1583 ο
551 1553 675 1606 ἐπεὶ
695 1551 806 1626 γὰρ
845 1553 915 1622 ὲν,
931 1554 1052 1617 ταῖς
1088 1555 1454 1624 προφητικαῖς
1483 1552 1682 1624 βίϐλοις
1716 1553 1849 1607 πολ-

270 1643 427 1708 λάκις
453 1644 601 1698 ἐστὶν
633 1645 813 1717 εὑρεῖν
838 1644 910 1699 τὰ
931 1644 1012 1716 τῷ
1032 1645 1206 1717 χρόνῳ
1231 1644 1595 1717 προλεχθέντα
1619 1646 1850 1719 δεύτερα

270 1738 496 1810 κείμενα
516 1739 583 1809 τῇ
612 1736 783 1805 τάξει,
812 1739 907 1792 καὶ
932 1737 1002 1791 τὰ
1026 1737 1470 1810 προφητευθέντα
1490 1737 1693 1811 ύστερα
1711 1756 1847 1811 προ-

269 1828 576 1902 τεταγμένα
595 1827 705 1883 τῶν
737 1827 1087 1901 προαγόντων
1112 1828 1225 1891 τοῖς
1255 1827 1485 1898 χρόνοις.
1503 1828 1560 1882 ’O
1591 1826 1723 1896 γοῦν
1754 1827 1853 1881 Ἰε-

2022 1454 2146 1514 llaec
2182 1471 2310 1514 vero
2340 1457 2607 1514 sententia
2650 1455 2983 1527 propheticis
3028 1458 3292 1529 exemplis
3315 1458 3520 1516 conﬁr-

1950 1561 2131 1609 matur
2160 1567 2175 1604 :
2212 1563 2339 1603 nam
2369 1549 2425 1603 in
2455 1548 2792 1619 propheticis
2827 1548 2981 1605 libris
3020 1549 3335 1621 frequenter
3364 1567 3521 1624 repe-

1947 1641 2060 1696 rire
2087 1647 2172 1696 est
2200 1655 2285 1704 ea,
2312 1654 2433 1710 qua:
2457 1639 2611 1709 prius
2640 1640 2785 1693 dicta
2816 1648 2965 1704 sunt,
2996 1642 3238 1697 secundo
3265 1643 3386 1698 loco
3419 1658 3521 1715 po.

1948 1734 2076 1799 sila,
2127 1738 2183 1787 et
2232 1747 2353 1802 quae
2398 1739 2675 1802 postremo
2720 1735 3078 1803 praenuntiata
3124 1745 3271 1801 sunt,
3299 1735 3369 1793 iis
3395 1752 3520 1808 qua:

1951 1832 2344 1899 praecesserant
2366 1824 2670 1895 praemissa.
2697 1824 2832 1879 Nam
2860 1824 3126 1883 Jeremias
3149 1827 3361 1884 initium
3390 1844 3518 1899 pro-

271 1920 469 1994 ρεμίας
501 1919 863 1994 προφητεύειν
897 1919 995 1991 μὶν
1018 1917 1247 1991 ἄρχεται
1294 1919 1386 1972 ἐπὶ
1416 1919 1642 1983 Ἰωσίου,
1669 1936 1838 1992 παρα-

1953 1916 2210 1988 phetandi
2237 1916 2389 1972 ducit
2418 1931 2449 1970 a
2475 1925 2721 1998 tempore
2745 1915 2942 1983 Josiae;
2968 1924 3025 1971 et
3052 1932 3226 1988 usque
3250 1917 3321 1973 ad
3349 1917 3518 1975 Sede

268 2011 430 2067 τείνει
455 2011 512 2065 δὲ
545 2010 705 2082 μέχρι
734 2009 980 2065 Σεδεκίου
1009 2009 1103 2064 καὶ
1130 2010 1227 2081 τῆς
1254 2008 1629 2081 αἰχμαλωσίας
1646 2026 1660 2040 ·
1686 2008 1840 2062 Σεδε-

270 2104 396 2170 κίας
425 2104 470 2158 δ’
495 2092 562 2177 ἦν
592 2103 849 2175 τέταρτος
879 2103 986 2158 ἀπὸ
1021 2102 1225 2157 Ἰωσίου
1262 2100 1531 2174 βασιλεύς.
1555 2102 1712 2156 Μετὰ
1736 2104 1842 2175 γὰρ

284 2196 490 2251 Ἰωσίαν
517 2194 764 2267 δεύτερος
796 2196 1051 2266 Ἰωακεὶμ
1081 2194 1194 2258 υίὸς
1225 2193 1388 2248 αὐτοῦ
1417 2194 1712 2265 διαδέχεται
1743 2194 1842 2267 τὴν

269 2288 443 2360 ἀρχήν
462 2305 475 2319 ·
516 2286 635 2359 μεθ’
662 2287 722 2342 ὃν
747 2286 927 2360 τρίτος
960 2287 1233 2357 ’Ῑεχωνίας
1263 2288 1378 2351 υίὸς
1407 2286 1691 2358 Ἰωακείμο
1723 2286 1841 2359 μεθ’

268 2381 333 2436 ὃν
374 2381 628 2453 τέταρτος
678 2380 934 2446 Σεδεκίας
984 2381 1210 2452 ἀδελφὸς
1255 2380 1545 2453 ’ἰωακείμ’
1585 2380 1707 2435 καθ’
1748 2380 1842 2446 οὓς

271 2470 510 2534 ἅπαντας
540 2469 636 2525 τοῦ
669 2470 933 2543 Ἱερεμίου
960 2469 1455 2542 προφητεύσαντος,
1485 2471 1518 2542 ή
1556 2468 1842 2541 ἐπώνυμος

270 2560 434 2615 αύτοῦ
463 2562 649 2635 γραφῇ
669 2562 894 2635 ἄρχεται
921 2564 1017 2634 μὲν
1039 2562 1145 2617 ἀπὸ
1177 2562 1407 2616 Ἰωσίοψ
1440 2558 1557 2615 εἶτα
1579 2564 1841 2635 προϊοῦσα

271 2630 544 2724 μέμνηται
570 2630 830 2723 νιέχαὶνέβυ
854 2630 947 2706 τού
962 2652 1145 2724 τρίτου
1170 2653 1278 2706 ἀπὸ
1312 2652 1543 2706 Ἰωσίου·
1565 2630 1684 2706 εἶτα
1704 2670 1842 2725 προ-

270 2743 490 2813 φητεύει
516 2744 585 2797 τὰ
611 2744 703 2797 ἐπὶ
730 2744 998 2808 Σεδεκίου,
1027 2744 1086 2808 ὃς
1114 2739 1181 2816 ἦν
1199 2744 1456 2816 τέταρτος
1474 2743 1581 2798 ἀπὸ
1614 2743 1837 2798 Ἰωσίου·

266 2831 350 2899 οἷς
379 2834 506 2905 ἑξῆς
534 2835 716 2907 τίθησι
744 2836 813 2890 τὰ
847 2839 904 2890 ὲν
927 2836 1003 2907 τῷ
1032 2836 1278 2908 τετάρτῳ
1305 2838 1397 2890 ἐπὶ
1430 2838 1684 2908 Ἰωακεὶμ
1708 2853 1840 2908 προο

269 2926 623 2998 φητευθέντα,
658 2928 718 2992 δς
747 2924 815 2999 ἦν
843 2926 1090 3000 δεύτερος
1137 2928 1273 2999 μετὰ
1305 2928 1532 2981 Ἰωσίαν.
1565 2925 1676 2982 Εἶθ’
1714 2927 1842 2998 ἑξῆς

270 3014 461 3084 ἐπάγει
488 3016 555 3071 τά
578 3017 637 3069 ὲν
666 3019 809 3087 ἀρχῇ
837 3017 930 3072 τοῦ
964 3017 1129 3072 αὑτοῦ
1165 3018 1448 3089 Ἰωακείμ’
1478 3013 1597 3072 εἶτα
1635 3017 1706 3071 τὰ
1749 3019 1840 3074 ἐπὶ

265 3109 536 3176 Σεδεκίου,
568 3111 663 3165 καί
688 3112 850 3165 πάλιν
875 3111 944 3165 τὰ
973 3114 1065 3165 ἐπὶ
1097 3114 1369 3183 Ἰωακείμ.
1401 3107 1534 3166 Εἶτα
1569 3113 1842 3185 μέμνηται

266 3198 370 3268 τῆς
400 3199 772 3271 αἰχμαλωσίας
802 3202 901 3271 τῆς
928 3203 1008 3265 εἰς
1031 3201 1344 3265 Βαϐυλῶνα,
1366 3202 1461 3255 καὶ
1481 3201 1556 3266 ὡς
1586 3202 1723 3273 μετά
1745 3203 1840 3255 Σε-

1944 2011 2086 2066 ciam
2108 2017 2163 2063 et
2190 2008 2560 2079 captivitatem
2584 2007 2844 2078 pertingit
2875 2027 2889 2063 :
2920 2007 3178 2066 Sedecias
3202 2024 3331 2065 vero
3352 2025 3521 2080 quar-

1944 2110 2032 2157 tus
2061 2108 2181 2157 erat
2218 2115 2251 2157 a
2295 2098 2444 2156 Josia
2479 2116 2595 2157 rex.
2628 2098 2759 2156 Post
2797 2099 3004 2156 Josiam
3047 2101 3195 2158 enim
3242 2102 3520 2163 secundus

1942 2209 2171 2264 regnum
2199 2193 2401 2265 excipit
2424 2190 2673 2248 Joachim
2703 2191 2848 2249 [ilius
2870 2193 3014 2261 ejus,
3044 2193 3148 2250 sub
3180 2195 3297 2258 haec
3324 2195 3527 2254 tertius

1940 2284 2233 2341 Jecbonias
2258 2284 2401 2340 ﬁlius
2425 2282 2698 2347 Ioacbim,
2726 2293 2781 2340 et
2810 2293 2932 2354 post
2953 2301 3076 2340 eum
3100 2294 3330 2356 quartus
3350 2285 3518 2344 Sede-

1942 2378 2056 2434 cias
2089 2376 2255 2431 frater
2280 2374 2528 2431 Joachim
2558 2396 2572 2431 :
2607 2391 2673 2431 ac
2702 2392 2826 2431 cum
2852 2374 3119 2433 Jercmias
3147 2378 3235 2433 his
3258 2378 3523 2434 omnibus

1941 2469 2300 2540 regnantibus
2333 2469 2764 2540 prophetas-erit,
2806 2469 2928 2539 ejus
2972 2468 3257 2541 Scriptura
3285 2485 3316 2525 a
3363 2467 3517 2527 Josia

1941 2561 2075 2627 init;
2108 2560 2212 2616 sub
2251 2562 2367 2616 haec
2414 2559 2709 2623 Jechonize,
2739 2559 2832 2629 qui
2875 2559 3076 2615 tertius
3120 2575 3152 2614 a
3190 2558 3341 2616 Josia
3374 2569 3521 2626 erat,

1942 2653 2190 2709 meminit
2214 2670 2233 2721 ;
2256 2664 2368 2708 tum
2396 2669 2458 2709 ea
2489 2667 2615 2724 qua:
2650 2652 2755 2708 sub
2788 2649 3015 2707 Sedecia
3043 2652 3395 2717 vaticinatur,
3416 2655 3521 2724 qui

1939 2754 2170 2815 quartus
2194 2752 2313 2801 erat
2339 2760 2370 2800 a
2398 2744 2549 2801 Josia
2587 2764 2601 2802 :
2639 2745 2724 2800 his
2753 2754 2949 2817 quarto
2978 2746 3101 2801 loco
3140 2745 3423 2817 subiungit
3444 2762 3513 2803 ea

1939 2852 2061 2907 qua:
2087 2837 2452 2906 praenuntiata
2501 2844 2629 2909 sunt
2668 2838 2771 2893 sub
2798 2836 3068 2903 Joacbim,
3098 2838 3193 2909 qui
3235 2838 3514 2895 secundus

1941 2896 2301 2998 post-Josiam
2331 2937 2468 2983 erat.
2501 2896 2705 2998 Adjicit
2755 2936 2942 2999 postea
2995 2896 3134 3000 qua;
3149 2929 3205 2984 in
3243 2929 3527 3000 principio-

1943 3018 2117 3089 ipsius
2151 3016 2396 3073 Joacbim
2425 3018 2570 3075 dicta
2597 3028 2726 3074 sunt
2751 3037 2767 3088 ;
2808 3021 2934 3074 hinc
2961 3036 3082 3091 quae
3112 3020 3217 3076 sub
3248 3017 3510 3090 Sedccia;

1941 3126 2159 3165 rursum
2189 3125 2253 3166 ea
2278 3126 2399 3181 quae
2426 3111 2530 3167 sub
2567 3109 2837 3167 Joachim.
2884 3111 3089 3168 Deinde
3136 3112 3511 3182 captivitatem

1940 3203 1996 3257 in
2028 3201 2357 3274 Babylonem
2392 3204 2660 3267 meminit,
2686 3213 2741 3261 et
2766 3205 3042 3276 quomodo
3072 3216 3195 3276 post
3227 3205 3512 3261 Sedeciant

263 3287 449 3343 δεκίαν
477 3290 712 3362 κατέστη
742 3291 1043 3362 ἡγούμενος
1074 3290 1182 3346 τῶν
1214 3290 1649 3361 ἀπολειφθέντων
1688 3293 1727 3345 Γ
1729 3293 1838 3346 οδο-

1944 3294 2147 3351 residui
2180 3296 2365 3365 populi
2403 3294 2514 3350 dux
2547 3294 2807 3353 Godolias
2837 3299 3170 3353 constitutus
3199 3298 3290 3362 sit,
3319 3306 3376 3353 et
3397 3314 3526 3369 quo.

263 3381 405 3446 λίας,
437 3384 530 3436 καὶ
572 3382 646 3448 ῶς
680 3383 901 3455 Ἰσμαὴλ
944 3383 1156 3456 ἀναιρεῖ
1197 3384 1289 3437 τὸν
1335 3383 1603 3449 Γοδολίαν,
1639 3384 1755 3457 μεθ’
1782 3384 1839 3438 ὃν

281 3472 497 3527 Ἰωανᾶν
528 3473 641 3537 υίὸς
670 3474 843 3545 Καριὲ
866 3476 1099 3542 ἡγεῖται.
1130 3475 1239 3528 Καὶ
1270 3474 1409 3545 μετὰ
1430 3474 1647 3539 τούτους
1669 3475 1840 3531 ᾶπαν-

264 3583 361 3630 τας
394 3566 518 3639 ἑξῆς
542 3567 739 3636 ἐπάγει
763 3567 861 3631 τὰς
893 3568 951 3620 ἐν
972 3565 1049 3634 τῷ
1074 3565 1116 3620 δ’
1137 3565 1245 3620 ἔτει
1273 3567 1529 3639 Ἰωακεὶμ
1558 3567 1840 3640 λεχθείσας

267 3658 619 3730 προφητείας,
660 3658 753 3711 καὶ
788 3658 946 3712 πάλιν
977 3658 1076 3722 τὰς
1110 3661 1167 3711 ἐν
1200 3659 1339 3731 ἀρχῇ
1381 3659 1656 3730 βασιλείας
1680 3661 1836 3715 Σεδε-

263 3751 382 3806 κίου
421 3750 733 3823 εἰρημένας.
765 3751 958 3822 Εὖροις
989 3753 1032 3806 δ’
1068 3752 1133 3806 ἂν
1165 3753 1257 3806 καὶ
1291 3753 1444 3825 παρὰ
1483 3753 1560 3825 τῷ
1591 3751 1838 3827 Ἐζεκιὴλ

261 3844 331 3898 τὰ
375 3844 746 3915 παραπλήσια.
773 3845 925 3899 Ἐπεὶ
957 3846 1051 3899 καὶ
1081 3846 1139 3898 ὲν
1175 3848 1242 3916 τῇ
1284 3845 1471 3899 τούτου
1514 3850 1698 3919 γραφῇ
1740 3848 1838 3919 οὐχ

262 3935 387 4005 ἑξῆς
412 3938 524 3999 τοῖς
558 3936 768 4007 χρόνοις
804 3935 1113 4005 σύγκεινται
1141 3938 1197 3991 αἰ
1224 3940 1579 4010 προφητεῖαι·
1609 3937 1722 3993 ἀλλ’
1757 3941 1836 3992 εἰ-

262 4025 348 4079 σίν
380 4025 436 4077 αἰ
472 4021 572 4095 μὲν
605 4024 745 4079 κατὰ
768 4025 829 4078 τὸ
857 4024 937 4090 κζ’
966 4020 1084 4091 ἔτος
1120 4027 1217 4098 τῆς
1245 4028 1615 4099 αἰχμαλωσίας
1643 4046 1839 4101 προτε-

258 4113 530 4183 ταγμέναι
572 4111 649 4185 τῷ
693 4122 760 4168 ια’
792 4115 891 4186 τῆς
933 4115 1307 4187 αἰχμαλωσίας
1346 4118 1652 4189 εἰρημένῳ·
1696 4119 1835 4190 μετὰ

259 4202 368 4274 γὰρ
402 4204 501 4267 τὰς
532 4205 590 4258 ὲν
629 4202 707 4276 τῷ
746 4203 828 4269 κζ’
857 4203 967 4260 ἔτει
999 4206 1253 4277 φέρονται
1283 4207 1336 4260 αἱ
1362 4207 1632 4279 λεχθεῖσαι
1674 4211 1732 4261 ὲν
1758 4208 1835 4279 τῷ

262 4303 330 4349 ια’
363 4295 464 4367 τῆς
488 4298 863 4369 αἰχμαλωσίας
898 4297 1039 4352 ἔτει“
1077 4300 1170 4353 καὶ
1198 4296 1357 4354 πάλιν
1388 4301 1524 4372 μετὰ
1545 4298 1642 4365 τὰς
1667 4304 1724 4356 ὲν
1756 4302 1834 4373 τῷ

260 4396 331 4442 ια’
359 4386 513 4443 ἄλλαι
548 4390 801 4463 φέρονται
843 4393 901 4445 ἐν
937 4391 1013 4464 τῷ
1048 4400 1077 4446 ι’
1110 4393 1219 4447 ἔτει
1251 4395 1557 4466 εἰρημέναι,
1586 4396 1678 4448 καὶ
1708 4396 1833 4467 ἑξῆς

255 4483 315 4535 αἰ
342 4484 399 4535 ὲν
430 4481 507 4553 τῷ
539 4489 615 4537 κε’
641 4483 768 4538 ἔτει.
806 4486 917 4539 Καὶ
955 4486 1157 4541 τούτων
1188 4489 1441 4543 ἁπάντων
1486 4488 1630 4543 εἴποι
1660 4489 1726 4544 ἄν
1752 4508 1834 4556 τις

255 4570 357 4643 τὴν
394 4569 574 4626 αἰτίαν
618 4573 718 4628 οὐκ
758 4574 922 4647 ἄλλην
950 4571 1089 4630 εῖναι
1114 4578 1211 4649 τῆς
1244 4578 1659 4650 ἀποδεδομένης.
1694 4580 1831 4633 Σπο-

1943 3394 2104 3457 pacto
2134 3386 2327 3440 lsmael
2358 3383 2640 3441 Godoliam
2662 3385 2945 3463 occiderit,
2972 3397 3094 3458 post
3114 3403 3274 3458 quem
3297 3387 3508 3445 Joanan

1941 3480 2085 3534 (ilius
2114 3477 2275 3535 Carie
2317 3478 2428 3532 dux
2461 3476 2582 3532 fuit.
2611 3474 2743 3554 [fast
2782 3478 2886 3534 bos
2924 3490 3102 3533 autem
3131 3494 3323 3535 omnes
3352 3479 3512 3536 aﬂert

1940 3571 2137 3626 deinde
2167 3569 2482 3640 prepbetias
2510 3586 2656 3624 anno
2685 3578 2882 3640 quarto
2909 3569 3157 3625 Joachim
3189 3571 3509 3642 pronuntia—

1940 3669 2059 3727 tas;
2097 3661 2206 3715 sub
2240 3660 2355 3715 haec
2390 3660 2513 3715 illas
2546 3676 2669 3731 qua:
2698 3660 2856 3715 initio
2884 3663 3035 3731 regni
3064 3659 3305 3717 Sedecim
3346 3662 3527 3719 dicta-

1940 3762 2088 3808 sunt.
2123 3751 2337 3808 Similia
2378 3768 2594 3824 quoque
2633 3754 2690 3807 in
2742 3751 3024 3808 Ezechiele
3068 3768 3330 3824 repenas.
3370 3752 3507 3808 Nam

1939 3845 1992 3899 in
2027 3845 2191 3915 hujus
2232 3861 2451 3916 quoque
2495 3846 2767 3916 scriptura
2814 3846 3111 3918 prophetiae
3156 3861 3266 3902 non
3315 3846 3529 3903 ordine-

1940 3939 2202 4008 tcmporis
2224 3939 2443 4009 jacent;
2475 3938 2569 3995 sed
2595 3954 2717 4010 qua:
2740 3938 3061 3995 vicesimum
3092 3940 3383 4011 septimum
3412 3953 3509 3994 ca-

1937 4030 2208 4102 ptivitatis
2235 4046 2438 4087 annum
2467 4040 2738 4102 spectant,
2764 4031 3168 4103 prannittuntur
3196 4032 3263 4089 iis
3289 4045 3409 4102 quae
3433 4030 3511 4087 de

1937 4121 2233 4177 undecimo
2266 4122 2599 4194 captivitatis
2645 4136 2791 4178 anno
2819 4123 2964 4179 dicta
2999 4131 3128 4178 sunt
3158 4143 3173 4178 :
3204 4131 3329 4194 post
3370 4123 3495 4178 illas

1936 4213 2081 4269 enim
2112 4212 2361 4268 vicesimi
2388 4212 2605 4283 septimi
2646 4214 2775 4267 anni
2805 4212 3140 4283 prophetias,
3166 4227 3289 4283 qua:
3332 4211 3503 4268 unde-

1935 4306 2079 4360 cimo
2113 4320 2256 4359 anno
2290 4304 2449 4359 dicta:
2486 4314 2636 4368 sunt,
2668 4304 2920 4359 feruntur
2951 4324 2965 4359 :
3000 4304 3197 4360 deinde
3224 4319 3355 4361 vero
3382 4312 3527 4375 post.

1938 4397 2059 4450 illas
2080 4395 2350 4450 undecimi
2380 4395 2532 4458 anni,
2556 4394 2803 4465 quaedam
2831 4394 3101 4448 habentur
3120 4392 3336 4449 decimo
3360 4411 3527 4450 sntio»

1934 4482 2115 4545 dicke,
2138 4482 2263 4536 hinc
2283 4482 2559 4553 qum-anni
2586 4481 2831 4538 vicesimi
2859 4484 3037 4553 quinti
3068 4491 3218 4539 sunt.
3254 4482 3519 4551 Quorum.

1937 4573 2182 4626 omnium
2212 4588 2320 4628 non
2357 4574 2518 4627 aliam
2548 4588 2771 4630 causam
2802 4574 2927 4644 quis
2952 4574 3142 4630 aﬂcrat
3173 4584 3370 4646 praeter
3387 4576 3523 4648 jam.

255 4660 429 4735 ράδην
461 4660 591 4735 γὰρ.
610 4665 685 4729 ὡς
711 4666 878 4732 εἰκὸς,
899 4667 1008 4721 τῶν
1032 4669 1174 4723 κατὰ
1194 4670 1415 4739 χρόνους
1443 4671 1535 4725 καὶ
1562 4670 1684 4724 καθ’
1704 4672 1834 4727 ἕκα-

1939 4663 2212 4719 lraditam.
2258 4663 2391 4718 Nam
2424 4680 2548 4720 cum
2579 4665 2835 4735 sparsim,
2875 4673 2935 4721 ut
2958 4667 3255 4723 verisimile
3274 4678 3380 4732 est,
3410 4685 3503 4723 va.

255 4769 384 4806 στον
419 4753 641 4823 βασιλέα
671 4755 910 4828 μερικῶς
942 4760 1491 4831 προπεφητευμέπκον,
1513 4760 1573 4814 τὸ
1606 4760 1832 4815 παλαιὸν

253 4841 411 4913 παρὰ
438 4845 551 4908 τοῖς
581 4844 888 4909 σπουδαίοις
927 4844 1271 4918 σωζομένων,
1301 4850 1416 4919 ἦτοι
1458 4849 1549 4903 τὸν
1576 4851 1829 4924 Ἔσδραν,

249 4931 287 5005 ἢ
325 4934 424 4988 καί
454 4944 607 4999 τινας
639 4936 881 5008 ἑτέρους,
909 4938 1014 4991 ὑπὸ
1042 4939 1168 5010 μίαν
1199 4941 1542 5013 περιγραφὴν
1576 4942 1831 5011 συνάγον-

249 5042 356 5089 τας
387 5023 459 5079 τά
490 5024 703 5101 ἑκάστῳ
738 5029 847 5083 τῶν
883 5030 1176 5102 προφητῶν
1218 5031 1359 5085 κατὰ
1388 5034 1611 5103 χρόνους
1644 5034 1831 5104 διαφό-

249 5134 386 5191 ρους
422 5117 701 5190 λεχθέντα,
728 5123 853 5187 τοὺς
893 5121 1142 5193 πρώτους
1182 5124 1598 5195 εὑρισκομένους
1642 5126 1831 5196 λόγους

245 5209 620 5275 κατατάσσειν
646 5208 893 5281 πρώτους
913 5228 927 5241 ο
954 5208 1053 5265 εἷθ’
1077 5212 1203 5283 ἑξῆς
1230 5210 1520 5267 συνάπτειν
1540 5216 1664 5282 τοὺς
1694 5216 1832 5287 μετὰ

242 5296 432 5352 ταῦτα
465 5300 904 5373 εὑρισκομένους,
931 5304 979 5357 εἰ
1008 5303 1101 5358 καὶ
1129 5305 1367 5375 προῆγον
1397 5305 1475 5377 τῷ
1501 5309 1694 5379 χρόνῳ.
1727 5309 1829 5363 Τὸν

236 5387 292 5441 δ’
313 5387 488 5442 αὐτὸν
514 5384 651 5443 εἶναι
668 5389 826 5459 λόγον
850 5389 945 5445 καί
968 5391 1060 5444 ἐπὶ
1085 5390 1185 5462 τῆς
1210 5389 1415 5457 τάξεως
1436 5391 1542 5446 τῶν
1563 5393 1827 5465 Ψαλμῶν,

237 5479 487 5535 καθόλου
523 5482 621 5554 μὲν
651 5482 923 5548 ἁπάντων,
960 5482 1106 5547 ἰδίως
1134 5478 1191 5537 δὲ
1225 5486 1319 5538 καὶ
1344 5484 1453 5538 τῶν
1482 5483 1617 5555 μετὰ
1643 5489 1829 5559 χεῖρας

234 5577 389 5648 ἡμῖν
435 5573 869 5646 ἱξεταζομένων·
915 5576 964 5628 εἰ
1014 5574 1090 5646 μὴ
1122 5575 1230 5647 ἄρα
1272 5593 1358 5640 τις
1390 5576 1682 5649 βαθύτερος
1706 5579 1829 5644 νοῦς

232 5665 534 5720 λανθάνων
572 5667 717 5737 ἡμᾶς
756 5666 974 5738 ἑτέρους
999 5665 1149 5730 τινάς
1176 5666 1468 5740 λογισμοὺς
1490 5671 1827 5742 παραστήσει

227 5757 349 5827 τῆς
375 5756 487 5811 τῶν
520 5757 869 5829 ὲζητημένων
900 5757 1080 5822 αἰτίας
1136 5758 1219 5813 Τά
1257 5776 1320 5827 γε
1380 5760 1489 5830 μὴν
1520 5762 1652 5831 ἡμῖν
1694 5762 1826 5816 ὑπο-

232 5849 494 5903 πεσόντα
534 5849 616 5913 είς
662 5866 722 5902 τε
767 5866 865 5921 την
896 5850 1048 5917 τάξιν
1074 5850 1195 5906 Τῶν
1232 5852 1363 5907 υἱῶν
1396 5852 1563 5925 Κορὲ,
1587 5855 1679 5907 καὶ
1703 5857 1828 5927 περί

232 5939 350 6012 τῆς
401 5941 713 6014 Προσευχῆς
763 5941 853 5995 τοῦ
900 5943 1059 5999 Δαυῒδ
1088 5944 1186 6017 τῆς
1216 5944 1318 6019 πρὸ
1348 5944 1440 6001 τοῦ
1474 5944 1615 6018 μετὰ
1644 5950 1829 6020 χεῖρας

1933 4756 2030 4811 riis
2056 4757 2411 4827 temporibus,
2443 4763 2499 4812 ct
2543 4758 2646 4813 sub
2684 4758 2916 4829 singulis
2960 4760 3180 4830 regibus
3208 4762 3503 4831 separatim

1932 4846 2090 4903 edita“:
2109 4848 2424 4917 prophetiae,
2449 4864 2478 4902 a
2510 4849 2777 4905 studiosis
2790 4851 3093 4920 antiquitus
3116 4861 3342 4908 servata:
3367 4852 3503 4910 fuis-

1933 4942 2089 5000 sent,
2144 4937 2258 4991 sive
2306 4936 2529 5014 Esdras,
2575 4938 2690 4993 sive
2745 4940 2965 5009 quidam
2995 4941 3109 5005 alii,
3157 4942 3500 5014 singulorum

1934 5027 2318 5095 prophetarum
2348 5013 2512 5093 dicm‘,
2548 5029 2715 5083 variis
2744 5030 3082 5098 temporibus
3130 5013 3361 5101 prolata.
3391 5050 3502 5088 uno

1935 5118 2211 5173 volumine
2248 5119 2786 5179 circumscribentes.
2819 5137 2881 5175 ca
2917 5138 3037 5192 qua:
3065 5125 3242 5192 primo
3292 5135 3500 5196 reperta

1933 5210 2169 5274 fuerant,
2202 5211 2377 5283 primo
2414 5211 2533 5266 loco
2563 5222 2884 5283 posuerunt,
2913 5214 3111 5272 deinde
3146 5233 3210 5271 ca
3247 5234 3369 5287 qua:
3398 5234 3498 5287 pu—

1932 5309 2045 5357 stca
2106 5302 2173 5355 ad
2241 5318 2462 5357 manum
2523 5294 2822 5368 venerunt,
2874 5306 3226 5377 subjunxerc,
3282 5307 3499 5362 etiamsi

1932 5402 2173 5464 tempore
2199 5396 2475 5465 praeirent.
2504 5395 2705 5453 Eadem
2739 5414 2867 5454 vero
2894 5400 3103 5455 ratione
3125 5396 3324 5454 Psalmi
3354 5398 3498 5468 dige-

1931 5487 2001 5541 sti
2032 5495 2181 5553 sunt,
2212 5489 2330 5544 sive
2363 5504 2555 5545 omnes
2585 5505 2691 5545 una
2721 5496 3059 5561 spectentdr,
3099 5491 3215 5545 sive
3262 5488 3298 5543 ii
3345 5503 3497 5544 scor-

1930 5578 2031 5634 sim
2056 5595 2194 5651 quos
2221 5580 2333 5650 jam
2374 5589 2697 5640 tractamus.
2739 5581 2853 5637 Nisi
2899 5580 3131 5643 fortasse
3172 5580 3518 5651 profundior.

1929 5670 2109 5741 aliqua
2140 5672 2471 5744 intelligendi
2516 5677 2675 5739 ratio,
2710 5675 2870 5729 nobis
2901 5673 3138 5735 occulta.
3172 5674 3333 5727 aliam
3363 5689 3497 5729 cau-

1930 5780 2049 5821 sam
2076 5765 2142 5820 ad
2168 5767 2497 5836 quaeationes
2519 5769 2840 5824 solutionem
2875 5764 3080 5821 afferat.
3112 5764 3190 5820 Ea
3219 5780 3348 5821 vero
3373 5782 3511 5837 qua}

1929 5856 1995 5913 de
2026 5858 2216 5914 ordine
2239 5861 2569 5930 psalmorum
2593 5857 2854 5912 Filiorum
2875 5856 3034 5923 Core,
3064 5865 3120 5912 et
3150 5854 3217 5913 de
3236 5856 3511 5914 Oratione

1932 5949 2151 6009 Davidis
2176 5969 2295 6024 quae
2330 5961 2454 6010 ante
2476 5953 2618 6008 hunc
2650 5952 2915 6021 psalmum
2957 5951 3135 6023 posita
3189 5959 3244 6009 et
3287 5950 3344 6006 in
3375 5964 3495 6008 nia-
