3996 6210
282 366 287 375 ’
324 358 468 420 1035

1516 326 2017 417 coniuratum
2056 360 2123 416 IN
2163 354 2502 416 essemus.

3427 343 3564 400 1016
3584 344 3619 407 ζ’

396 479 509 553 Τῆς
531 477 624 535 οὖν
651 472 912 554 μεγίστης
936 481 1137 552 ταύτης
1163 480 1253 534 καὶ
1289 480 1624 552 Οεοπρεποῦς
1661 480 1886 543 πόλεως,

2060 478 2234 548 llujus
2264 479 2445 547 itaque
2480 472 2727 528 maxima:
2749 476 2803 524 et
2829 469 2936 524 Deo
2962 466 3139 538 digna)
3171 462 3430 552 civitatis,
3452 462 3563 515 sci-

319 572 464 643 λέγω
490 573 547 627 δὲ
568 575 667 644 τῆς
691 573 784 626 τοῦ
810 572 946 626 Θεοῦ
986 572 1329 644 Ἐκκλησίας,
1349 573 1440 626 καὶ
1466 571 1558 625 τοῦ
1585 574 1703 626 κατ’
1725 572 1893 643 αὐτὴν

319 666 717 738 ἓμφαινομένου
767 666 1050 732 θεοσεὸοὖς
1100 667 1511 739 πολιτεύματος,
1557 668 1605 719 οἱ
1653 665 1892 737 θεμέλιοι

318 760 680 830 τυγχάνουσιν
707 761 767 812 ἐν
800 762 912 823 τοῖς
951 759 1104 831 ὄρεσι
1128 764 1240 824 τοῖς
1263 759 1457 830 ἁγίοις.
1475 760 1794 833 Ἐρμηνεύει
1835 760 1893 813 δὲ

317 850 412 903 τὸν
463 849 620 916 λόγον
663 851 692 902 ό
722 849 1044 913 Ἀπόστολος
1079 851 1334 919 φάσκων*
1379 850 1894 921 Ἐποικοδομηθέν-

316 959 419 1008 τες
440 941 550 995 ’ἐπὶ
579 940 658 1007 τῷ
687 942 936 1010 θεμελίῳ
974 942 1092 995 τῶν
1137 943 1497 997 ἀποστόλων
1524 943 1623 996 καὶ
1667 960 1894 1012 προφη-

312 1033 458 1098 τῶν,
498 1034 671 1101 ὄντος
704 1035 1131 1103 ἀκρογωνιαίου
1161 1036 1345 1090 αὐτοῦ
1381 1036 1579 1103 Ἰησοῦ
1611 1037 1890 1104 Χριστοῦ.

314 1128 429 1180 Καὶ
479 1127 655 1192 ἄλλως
699 1130 757 1183 δέ
798 1129 849 1183 oi
893 1129 1130 1201 θεμέλιοι
1168 1129 1330 1183 αὐτοῦ
1357 1131 1456 1184 οὐκ
1483 1129 1717 1184 ἐνταῦθα
1744 1129 1892 1184 κάτω

313 1220 414 1271 καὶ
441 1220 570 1291 παρ’
597 1220 742 1290 ἡμᾶς
770 1221 1145 1291 τυγχάνουσιν,
1169 1220 1283 1275 ἀλλ’
1310 1221 1421 1276 ἄνω
1445 1238 1550 1274 που
1580 1222 1671 1275 καὶ
1702 1223 1758 1275 ἐν
1782 1226 1895 1288 τοῖς

315 1307 675 1378 καλουμένοις
711 1310 887 1377 ἁγίοις
914 1309 1085 1381 ὄρεσι.
1119 1309 1210 1362 Διὸ
1235 1307 1513 1363 λέλεκται·
1546 1312 1609 1363 Οί
1637 1309 1891 1380 θεμέλιοι

311 1398 503 1453 αὐτοῦ
545 1398 615 1451 ἐν
655 1398 778 1465 τοῖς
806 1399 970 1467 ὄρεσι
994 1400 1119 1467 τοῖς
1148 1401 1356 1470 ἁγίοις.
1392 1396 1518 1470 Εἶεν
1552 1403 1583 1453 δ
1629 1400 1694 1454 ἂν
1721 1402 1893 1455 ταῦτα

313 1489 388 1541 τὰ
411 1489 513 1561 ὅρη
540 1490 589 1543 οἱ
616 1490 836 1562 οὐρανοὶ
866 1490 974 1546 τῶν
1005 1469 1267 1562 οὐρανῶν,
1301 1490 1429 1544 ἔνθα
1565 1491 1707 1563 μέγα
1739 1493 1893 1547 πολί-

311 1597 494 1651 τευμα
516 1579 615 1649 τῆς
644 1581 966 1652 ἐπουρανίου
991 1580 1150 1643 Σιὼν,
1178 1583 1271 1636 καὶ
1294 1583 1394 1653 τῆς
1415 1582 1630 1655 ἀληθῶς
1656 1583 1893 1655 μεγάλης

309 1672 413 1727 τοῦ
439 1672 572 1726 Θεοῦ
605 1672 811 1737 πόλεως
842 1673 1190 1746 συνέστηκεν.
1220 1676 1334 1728 Οὐκ
1353 1674 1483 1746 ἐμὸς
1511 1675 1567 1729 δέ
1594 1670 1745 1739 οὗτος
1762 1676 1791 1728 ὁ
1810 1675 1895 1729 λό-

312 1779 433 1833 γος,
463 1762 599 1815 ἀλλὰ
632 1762 724 1816 καί
755 1763 915 1827 αὐτὸς
950 1763 1044 1816 τοῦ
1079 1750 1709 1835 φήσαντος-Ἀποστόλουο
1730 1765 1806 1820 ,Ἠ
1828 1764 1897 1820 δὲ

282 1855 441 1908 -ἇνω
479 1854 863 1922 Ἰερουσαλὴμ
892 1857 1174 1925 ἐλευθέρα
1213 1857 1405 1919 ἐστὶν,
1442 1857 1574 1924 ἥτις
1604 1858 1735 1911 ἐστὶ
1779 1858 1895 1928 μή-

315 1962 429 2012 τηρ
486 1944 672 2014 ἡμῶν,
717 1947 810 2000 καί
830 1964 845 1978 ο
882 1950 1379 2015 Προσεληλύθατε
1431 1952 1585 2002 Σιὼν
1630 1948 1750 2017 ὄρει
1794 1950 1893 2005 καί

317 2038 490 2092 πόλει
534 2036 682 2091 Θεοῦ
721 2036 955 2105 ζῶντος,
972 2037 1356 2108 Ἰερουσαλὴμ
1395 2039 1747 2107 ἐπουρανίῳ,
1794 2041 1893 2094 καὶ

312 2127 602 2198 μιῳιάσιν
614 2128 885 2199 ἀγγέλων
901 2132 1253 2200 πανηγύρει,
1273 2131 1370 2185 καὶ
1405 2131 1727 2197 Ἐκκλησία
1749 2148 1895 2199 πρω-

316 2221 580 2274 τοτόκων
630 2221 1169 2292 ἀπογεγραμμένων
1220 2222 1290 2276 ὲν
1339 2221 1635 2289 οἰφανοῖς.
1667 2210 1893 2293 ⁸Ταύϊίἰς

312 2307 412 2367 οὖν
443 2314 542 2383 τῆς
577 2312 817 2382 μεγάλης
846 2314 1050 2377 πόλεως
1080 2312 1174 2367 τοῦ
1208 2313 1343 2367 Θεοῦ
1384 2312 1548 2368 εἰκὼν
1584 2315 1682 2385 μὲν
1708 2331 1794 2386 ειη
1827 2313 1892 2367 ἂν

316 2405 355 2477 ἡ
398 2404 490 2458 ἐπὶ
537 2405 640 2475 γῆς
676 2404 969 2478 Ἐκκλησία
1000 2405 1094 2460 τοῦ
1128 2406 1297 2460 Θεοῦ·
1340 2406 1411 2459 τὰ
1448 2406 1505 2460 δὲ
1547 2406 1892 2478 στηρίγματα

316 2498 488 2569 αὐτῆς
536 2498 630 2551 καὶ
679 2496 936 2568 Θεμέλιοι,
967 2499 1016 2552 οἱ
1065 2500 1123 2552 ἐν
1168 2501 1277 2562 τοῖς
1319 2498 1729 2570 ἀποδεδομένας
1759 2500 1893 2571 ἡμῖν

317 2590 495 2659 ἁγίοις
521 2590 703 2663 ὄρεσιν
724 2591 1111 2663 ὐφεστήκασιν·
1140 2594 1197 2646 αί
1225 2593 1280 2647 δὲ
1307 2593 1502 2648 εἴσοδοι
1534 2594 1630 2648 καί⁹
1656 2594 1713 2647 αἱ
1740 2591 1891 2664 πρῶ-

317 2698 433 2736 ται⁸
456 2681 821 2753 στοιχειώσεις
876 2684 1047 2756 αὐτῆς
1094 2684 1308 2756 ἐκείνης
1348 2686 1450 2755 τῆς
1487 2684 1893 2757 οὐρανοπόλεως

317 2770 554 2825 ἐνταῦθα
584 2772 909 2843 τυγχάνουσι
960 2774 1089 2847 παρ’
1113 2775 1486 2848 ἡμῖν.“Ασπερ
1532 2776 1769 2839 εἰσόδους
1798 2776 1893 2829 καὶ

316 2863 627 2933 εἰσαγωγὰς
655 2864 750 2918 τοῦ
783 2864 1068 2931 Θεοσεϐοὐς
1099 2866 1489 2938 πολιτεύματος
1541 2867 1715 2931 πῦλας
1761 2866 1894 2921 ὠνό-

322 2971 464 3023 μασε
485 2954 624 3008 Σιὼν
647 2955 841 3025 όλόγος
881 2957 1105 3026 φάσκων
1120 2973 1134 2990 ⁶
1182 2956 1398 3026 Zarang
1421 2960 1635 3025 Κύριος
1663 2957 1769 3024 τὰς
1787 2958 1894 3011 πύ-

316 3050 436 3113 λας
494 3046 649 3101 Σιὼν
715 3047 869 3115 ὑπὲρ
921 3047 1117 3102 πάντα
1168 3049 1240 3103 τὰ
1285 3047 1643 3118 σκηνώματα
1676 3049 1888 3105 Ἰακώϐ.

324 3135 665 3207 Σκηνώματα
689 3137 746 3191 δὲ
784 3137 974 3191 Ἰακὼϐ
1003 3140 1058 3192 αἱ
1093 3139 1378 3193 Ἰουδαικαὶ
1421 3140 1765 3213 παραδόσεις,
1796 3143 1889 3196 xui

1995 547 2425 626 licctil'lcclesiae
2486 565 2679 628 Dei,ct
2716 563 2786 632 pii
2842 559 3075 615 instituti
3103 557 3159 610 in
3214 570 3279 609 ea
3336 547 3561 616 servati,

1996 663 2344 718 fundamenta
2366 668 2491 713 sunt
2516 659 2575 711 in
2602 654 2875 710 montibus
2904 650 3129 707 sanctis.
3154 647 3355 701 Locum
3383 652 3563 698 autem

1993 753 2227 822 explicat
2262 748 2553 820 Apostolus
2581 746 2666 800 his
2707 743 2930 798 verbis:
2957 733 3377 810 Superwdiﬁeati
3406 747 3562 801 super

1994 845 2394 913 fundamentum
2420 839 2778 909 apostolorum
2806 847 2852 890 et
2870 832 3261 903 prophetarum,
3281 828 3393 897 ipso
3413 839 3562 878 sum-

1995 933 2361 1004 mo.angulari
2408 930 2579 999 lapide
2622 927 2752 982 Jesu
2784 926 2993 981 Christo
3015 925 3079 976 7’.
3116 921 3181 975 Et
3214 933 3344 974 vero
3366 916 3563 972 funda-

1996 1042 2174 1083 menta
2209 1029 2330 1097 ejus
2366 1040 2475 1079 non
2511 1023 2740 1077 interius
2775 1021 2950 1089 posita
2982 1027 3033 1071 et
3066 1029 3232 1086 penes
3262 1026 3365 1066 nos
3403 1015 3558 1076 sunt;

1995 1120 2088 1174 sed
2133 1132 2375 1182 sursum,
2401 1125 2455 1171 et
2484 1116 2537 1168 in
2573 1114 2641 1166 iis
2673 1113 2764 1181 qui
2801 1118 3013 1163 montes
3057 1104 3230 1160 sancti
3270 1109 3558 1156 vocantur.

1993 1211 2174 1277 Quare
2221 1208 2445 1272 dicitur,
2486 1204 2859 1259 Fundamenta
2903 1200 3018 1269 ejus
3050 1199 3106 1252 in
3140 1193 3405 1251 mon.‘ibus
3432 1208 3562 1247 san-

1993 1302 2114 1356 ctis.
2162 1300 2242 1353 Illi
2292 1314 2454 1369 porro
2485 1305 2700 1353 montes
2736 1292 2931 1355 sancti,
2963 1296 3092 1344 sunt
3123 1287 3246 1341 caeli
3270 1284 3558 1345 caelorum,

1995 1394 2087 1447 ubi
2137 1407 2389 1462 magnum
2438 1389 2571 1443 illud
2610 1387 2920 1442 institutum
2969 1380 3211 1436 caelestis
3271 1374 3455 1430 Sionis
3505 1380 3562 1428 et

1993 1500 2124 1540 vere
2150 1499 2360 1554 magnae
2386 1481 2481 1536 Dei
2503 1478 2743 1535 civitatis
2780 1475 3051 1531 consistit.
3076 1470 3262 1540 Neque
3285 1482 3439 1522 meus
3470 1464 3562 1520 hic

1996 1591 2176 1634 sermo
2206 1582 2311 1637 est,
2328 1573 2422 1631 sed
2453 1572 2699 1643 ejusdem
2726 1568 2971 1640 Apostoli
3003 1564 3236 1621 dicentis
3264 1580 3276 1616 :
3308 1559 3417 1614 Illa
3441 1572 3561 1614 vero

1995 1685 2111 1741 qua:
2157 1683 2368 1723 sursum
2424 1675 2502 1721 est
2555 1660 2874 1725 Jerusalem,
2930 1658 3096 1712 libera
3152 1663 3266 1717 est,
3313 1666 3430 1723 qua:
3479 1654 3561 1705 est

1997 1771 2167 1815 ntater
2195 1771 2377 1815 nostra
2404 1759 2480 1822 3°;
2506 1764 2582 1822 et,
2607 1754 2917 1810 Aecessistis
2969 1750 3038 1804 ad
3069 1747 3199 1804 Sion
3234 1753 3481 1809 montem,
3506 1746 3561 1796 et

1928 1883 1969 1939 η
1997 1852 2259 1905 civitatem
2300 1848 2399 1902 Dei
2442 1845 2681 1909 viventis,
2717 1841 3016 1897 Jerusalem
3042 1838 3317 1902 caelestem,
3348 1841 3399 1888 et
3423 1830 3559 1888 mul-

1996 1954 2169 2010 torum
2198 1938 2426 1992 millium
2458 1934 2763 2007 angelorum
2792 1930 3163 2003 frequentiam,
3185 1936 3235 1982 et
3268 1923 3560 1979 Ecclesium

1990 2032 2377 2101 primitivorum
2427 2028 2518 2099 qui
2567 2025 2819 2093 descripti
2865 2032 2988 2077 sunt
3026 2022 3081 2075 in
3121 2018 3262 2074 cwlis
3284 2016 3351 2073 ⁸¹.
3383 2013 3561 2084 Hujus

1991 2135 2185 2194 itaque.
2222 2136 2433 2193 magna
2480 2119 2574 2174 Dei
2629 2116 2867 2174 civitatis
2896 2114 3075 2184 imago
3119 2107 3282 2166 fuerit
3316 2105 3566 2162 Ecclesia

1994 2216 2109 2284 Dei,
2144 2231 2267 2286 quae
2293 2222 2379 2271 est
2405 2215 2459 2268 in
2490 2220 2669 2278 terra;
2711 2209 2882 2263 fulcra
2910 2215 3089 2262 autem
3112 2210 3168 2259 et
3204 2200 3560 2256 fundamenta

1990 2312 2110 2379 ejus
2139 2325 2202 2363 ea
2250 2313 2402 2369 sunt,
2428 2319 2550 2375 quae
2588 2306 2844 2375 superius
2873 2318 2968 2374 per
3000 2305 3211 2355 montes
3243 2300 3464 2352 sanctos
3491 2293 3562 2347 si-

1989 2397 2235 2470 gnillcari
2272 2395 2635 2462 tradidimus;
2667 2395 2949 2465 ingressus
2973 2401 3153 2448 autem
3174 2396 3229 2446 et
3253 2387 3408 2459 primi
3442 2384 3560 2440 adi~

1991 2501 2082 2547 tus
2110 2489 2353 2545 caelestis
2385 2487 2536 2542 illius
2563 2487 2801 2541 civitatis
2849 2485 3000 2555 apud
3023 2499 3126 2539 nos
3158 2488 3306 2537 sunt.
3342 2479 3444 2546 Qui
3475 2477 3559 2532 iu.-

1990 2597 2212 2655 gressus
2238 2590 2293 2636 et
2320 2581 2501 2636 aditus
2524 2579 2588 2633 ad
2617 2578 2931 2649 religiosum
2964 2575 3094 2630 illud
3117 2574 3449 2635 institutum,
3467 2570 3559 2626 hic

1992 2684 2162 2747 portae
2193 2672 2327 2729 Sion
2350 2681 2637 2735 vocantur,
2668 2684 2792 2725 cum
2810 2668 3012 2724 dicitur
3038 2685 3053 2723 ι
3086 2666 3271 2737 Diligit
3297 2663 3569 2719 Dominus

1990 2775 2172 2837 portas
2221 2766 2352 2822 Sion
2402 2781 2561 2835 super
2609 2764 2789 2818 omnia
2845 2758 3186 2815 tabernacula
3235 2754 3425 2811 Iacob.
3454 2753 3557 2809 Hie

1992 2869 2174 2916 autem
2198 2858 2329 2914 mihi
2363 2871 2457 2929 per
2488 2857 2579 2911 illa
2602 2854 2953 2911 tabernacula
2982 2848 3425 2915 JacobJudaicae
3444 2855 3558 2902 trav

1991 2951 2226 3007 ditiones
2255 2958 2307 3007 et
2338 2948 2562 3005 Mosaici
2594 2946 2906 3018 corporales
2942 2945 3125 3001 cultus
3152 2940 3446 3014 signiﬁcari
3472 2940 3557 2995 vi-

1993 3045 2193 3102 dentur
2234 3061 2251 3099 :
2296 3045 2497 3116 quibus
2553 3043 2961 3115 praestantiores
3011 3038 3154 3111 apud
3207 3037 3375 3095 Deum
3430 3045 3569 3094 sunt

1994 3148 2164 3208 portae
2196 3135 2350 3201 Sion,
2397 3135 2450 3190 id
2483 3143 2589 3200 est,
2620 3134 2900 3205 ingressus
2938 3138 2993 3186 ct
3021 3131 3201 3186 aditus
3230 3128 3295 3184 ad
3329 3142 3555 3198 regnum

320 3225 382 3279 αἱ
412 3227 548 3280 κατὰ
578 3226 853 3290 Μωῦσέως
887 3229 1196 3297 σωματικαὶ
1226 3229 1507 3300 θρησκεῖαι
1541 3231 1775 3286 ἐνταῦθα
1804 3248 1891 3303 μοι

1996 3230 2239 3291 οωίοεῑο,
2282 3228 2338 3283 in
2392 3225 2633 3282 Ecclesia
2677 3223 2925 3279 stabiliti.
2960 3222 3019 3278 in
3051 3237 3115 3278 ea
3156 3234 3391 3292 namque
3440 3219 3558 3275 sola

318 3317 533 3372 δοκοῦσι
560 3318 837 3388 λέγεσθαι·
865 3313 940 3373 ὧν
969 3322 1355 3393 προτιμότεραι
1381 3323 1705 3394 τυγχάνουσι
1736 3323 1888 3396 παρὰ

319 3407 401 3479 τῷ
426 3406 546 3479 Θεῷ
587 3409 644 3462 αἱ
677 3408 841 3462 πύλαι
867 3410 966 3481 τῆς
991 3408 1150 3474 Σιὼν,
1180 3411 1455 3464 τουτέστιν
1483 3413 1537 3466 ai
1567 3413 1759 3467 εἴσοδοι
1795 3415 1891 3468 καὶ

320 3502 622 3570 είσαγωγαὶ
648 3501 745 3571 τῆς
767 3502 1088 3573 ἐπουρανίου
1122 3502 1393 3574 βασιλείας
1424 3505 1517 3557 ἐπὶ
1540 3506 1639 3576 τῆς
1670 3505 1889 3573 Ἐκκλη-

322 3578 456 3655 ala?
469 3590 769 3663 ἱδρυμέναι.
786 3591 873 3644 Ἑν
896 3590 1032 3665 μόνῃ
1048 3591 1157 3664 γὰρ
1177 3592 1347 3665 ταύτῃ
1370 3594 1700 3665 κηρύσσεται
1720 3598 1753 3667 ὴ
1781 3595 1890 3650 τῶν

318 3681 564 3753 οὐρανῶν
593 3681 867 3752 βασιλεία,
898 3682 993 3735 καὶ
1040 3681 1133 3735 τοῦ
1179 3685 1445 3755 σωτηρίου
1472 3701 1533 3753 γε
1560 3685 1888 3755 Εὐαγγελίου

319 3772 350 3823 ὁ
395 3773 501 3834 πᾶς
543 3773 740 3837 σκοπὸς
766 3774 942 3825 ἐκεῖσε
978 3772 1182 3842 βλέπει.
1202 3774 1353 3827 Ἐπεὶ
1387 3776 1481 3828 καὶ
1527 3777 1582 3830 αἱ
1634 3779 1889 3848 σωτήριοι

320 3864 666 3934 ἐπαγγελίαι,
706 3867 800 3919 καὶ
826 3865 885 3919 τὸ
907 3865 1256 3934 εὐαγγελικδν
1280 3867 1560 3938 κήρυγμα,
1596 3868 1690 3921 καὶ
1718 3870 1751 3940 ή
1783 3871 1887 3923 πᾶ-

324 3972 393 4008 σα
423 3955 578 4019 ἐλπὶς
604 3955 699 4009 τοῦ
732 3956 873 4010 κατὰ
898 3957 1127 4029 Χριστὸν
1162 3958 1571 4029 πολιτεύματος,
1593 3961 1692 4032 τὴν
1739 3960 1889 4032 βασι-

320 4042 469 4098 λείαν
491 4043 599 4098 τῶν
616 4046 859 4117 οὐρανῶν
883 4048 1003 4119 ὁρᾷ.
1024 4047 1334 4120 Γέγραπται
1356 4048 1506 4118 γοῦν,
1526 4051 1606 4103 ὅτι
1631 4050 1889 4123 ἐκήρυξεν

318 4137 351 4189 ό
392 4135 580 4209 Σωτὴρ
609 4136 782 4206 λέγων
802 4152 819 4170 ο
851 4139 1125 4209 Ἤγγικεν
1153 4140 1191 4208 ἡ
1225 4140 1516 4204 ,Βασιλεία
1551 4140 1671 4195 τῶν
1714 4145 1889 4213 οὐρα-

319 4226 461 4283 νῶν.
481 4228 811 4301 Ἐμακάριζέ
852 4245 911 4283 τε
955 4231 1081 4295 τούς
1112 4230 1293 4298 ἀξίους
1318 4231 1426 4284 τῶν
1468 4233 1682 4288 οἰκείων
1710 4253 1887 4307 μακα-

321 4318 556 4390 ρισμῶν,
595 4320 1058 4391 ἐπαγγελλόμενος
1102 4323 1283 4387 αὐτοῖς
1309 4322 1582 4394 βασιλείαν
1607 4326 1850 4397 οὐρανῶν
1872 4345 1884 4357 ⁸

320 4407 457 4462 ἀλλὰ
485 4410 577 4463 καὶ
602 4409 878 4464 ἐδίδασκεν
904 4410 1156 4482 εὔχεσθαι
1182 4414 1309 4478 τούς
1334 4414 1499 4469 αὐτοῦ
1525 4415 1769 4488 μαθητὰς
1797 4418 1889 4471 καὶ

320 4500 421 4570 τὴν
450 4500 555 4554 τῶν
584 4502 828 4568 οὐρανῶν
858 4502 1129 4573 βασιλείαν
1154 4503 1478 4569 ἐξαιτεῖσθαι
1507 4506 1809 4575 φάσκοντας
1830 4508 1889 4561 ἐν

319 4591 387 4661 τῇ
415 4594 685 4663 προσευχῇ
706 4609 719 4622 ·
749 4572 1060 4660 Γενηθήτω
1083 4592 1150 4647 τὸ
1184 4594 1411 4664 θέλημὰ
1436 4572 1574 4658 σοι),
1603 4596 1820 4651 ἐλθέτω
1848 4598 1887 4667 ἡ
1922 4572 1965 4627 D

311 4684 602 4747 βασιλεία
629 4700 765 4738 σου.
790 4684 1024 4750 Εἰκότως
1048 4685 1225 4739 τοίνυν
1246 4687 1422 4741 πάντα
1445 4687 1514 4741 τὰ
1543 4687 1766 4743 τοιαῦτα
1788 4689 1889 4742 πύ-

319 4775 410 4830 λαι
434 4775 537 4846 τῆς
558 4774 667 4829 τῶν
690 4775 932 4847 οὐρανῶν
963 4776 1237 4848 βασιλείας
1254 4777 1667 4851 ὠνομάσθησαν,
1694 4780 1887 4834 εἴσοδοί

317 4883 465 4932 τινες
498 4868 591 4922 καὶ
607 4868 906 4938 είσαγωγαὶ
929 4870 1291 4940 τυγχάνουσαι
1310 4870 1409 4942 τῆς
1434 4872 1611 4925 ἐκεῖσε
1640 4873 1882 4944 πορείας.

331 4959 546 5032 ’ᾼγαπᾷ
591 4961 769 5015 τοίνυν
818 4961 1021 5025 ταύτας
1070 4960 1169 5026 τὰς
1220 4961 1392 5025 πύλας
1432 4963 1531 5033 τῆς
1562 4964 1882 5036 ἐπουρανίου

316 5051 458 5105 Σιων
491 5052 633 5124 ὑπὲρ
678 5051 776 5116 τὰς
819 5052 1049 5123 νομικὰς
1080 5053 1172 5106 καὶ
1206 5053 1501 5118 Ἰουδαῖκὰς
1541 5054 1881 5124 συναγωγὰς,

320 5144 502 5216 ἇσπερ
528 5143 775 5215 ὠνόμασε
800 5143 1129 5216 σκηνώματα
1162 5142 1376 5199 ’1ακώ6.
1406 5144 1572 5199 Οὐδὲν
1599 5144 1727 5214 γοῦν
1754 5148 1883 5217 παρ’

320 5237 551 5299 ἐκείνοις
576 5235 704 5306 περὶ
737 5235 835 5306 τῆς
874 5235 1198 5307 ἐπουρανίου
1230 5235 1436 5299 πόλεως
1473 5235 1567 5289 τοῦ
1591 5236 1723 5290 Θεοῦ
1755 5253 1886 5308 μνη-

320 5326 624 5399 μονεύεται,
652 5327 772 5381 οὐδέ
796 5345 879 5391 τις
904 5327 1085 5390 αὐτοῖς
1115 5327 1314 5391 σκοπὸς
1349 5327 1476 5399 περὶ
1502 5326 1778 5398 βασιλείας
1804 5328 1887 5380 οὐ·

323 5420 501 5493 ρανῶν
542 5420 737 5487 ἔνεστι,
752 5420 903 5475 κάτω
931 5420 986 5474 δὲ
1024 5420 1093 5474 δι’
1121 5420 1243 5473 ὅλου
1273 5419 1581 5483 νενευκότες
1610 5418 1707 5482 τὰς
1735 5419 1885 5474 ἐλπί-

314 5513 415 5576 δας
440 5514 533 5566 ἐπὶ
552 5514 654 5584 γῆς
678 5513 858 5584 ἔχουσι
877 5552 893 5577 ,
925 5515 1018 5567 καὶ
1055 5513 1151 5577 τὰς
1176 5512 1506 5582 ἐπαγγελίας
1525 5511 1761 5565 ἐνταῦθά
1780 5529 1882 5565 που

1990 3319 2317 3391 praedicatur
2369 3334 2595 3389 regnum
2655 3317 2918 3371 caelorum
2958 3322 3259 3384 :totusque
3300 3312 3560 3369 salutaris

1989 3411 2266 3482 Evangelii
2324 3425 2524 3480 scapus
2568 3423 2635 3462 eo
2678 3407 2919 3479 respicit.
2974 3404 3251 3475 Siquidem
3294 3404 3556 3459 salutaria

1988 3501 2282 3571 promissa.
2319 3499 2627 3569 evangelica
2658 3496 2994 3570 praedicatio,
3014 3504 3237 3567 totaque
3258 3493 3558 3550 Christiani

1991 3593 2226 3649 instituti
2251 3608 2398 3664 spes,
2428 3607 2653 3662 regnum
2682 3591 2944 3646 catlorum
2979 3598 3247 3660 spectant.
3281 3586 3556 3659 Scriptum

1988 3701 2072 3741 cst
2122 3685 2268 3740 enim
2319 3684 2433 3739 haec
2480 3684 2808 3753 praedicasse
2846 3682 3181 3737 Salvatorem
3213 3696 3227 3733 :
3258 3679 3559 3751 Appropin-

1987 3776 2165 3848 quavit
2181 3791 2393 3846 regnum
2415 3773 2663 3834 ceelorum
2677 3777 2759 3843 0';
2789 3776 3011 3846 ipseque
3039 3774 3226 3830 beatos
3249 3773 3559 3843 praedicavit

1988 3885 2085 3926 eos
2123 3870 2215 3941 qui
2262 3869 2481 3940 propria
2521 3869 2624 3924 sibi
2661 3868 3000 3924 beatitudine
3032 3866 3183 3939 digni
3218 3873 3368 3933 sunt,
3393 3865 3560 3936 ipsis-

1988 3976 2094 4039 que
2131 3976 2356 4031 regnum
2391 3962 2655 4015 caelorum
2685 3960 2961 4031 pollicitus
2998 3969 3117 4026 est;
3141 3959 3253 4013 imo
3280 3957 3443 4014 etiam
3475 3955 3560 4011 di-

1990 4053 2231 4124 scipulos
2264 4068 2395 4108 suos
2417 4051 2676 4123 precandi
2709 4059 2764 4108 et
2792 4067 3019 4123 regnum
3050 4051 3311 4107 cmlorum
3339 4048 3559 4120 petendi

1990 4144 2210 4199 modum
2251 4143 2493 4210 edocuit,
2524 4144 2667 4198 hanc
2705 4144 2972 4199 orationis
3019 4143 3248 4199 formam
3293 4141 3555 4195 tradens:

1992 4232 2118 4288 Fiat
2161 4234 2403 4288 voluntas
2457 4242 2567 4295 tua,
2618 4232 2861 4287 adveniat
2907 4248 3123 4302 regnum
3164 4231 3394 4285 luunt".
3427 4227 3560 4284 Juru

1988 4340 2119 4396 ergo
2152 4326 2264 4380 haec
2299 4326 2477 4380 omnia
2509 4333 2679 4394 portae
2707 4322 2856 4395 regni
2897 4324 3161 4377 caelorum
3186 4329 3377 4376 vocata
3408 4332 3556 4384 sunt,

1991 4424 2175 4486 utpote
2207 4417 2490 4487 ingressus
2512 4414 2804 4484 aditusque
2838 4412 3054 4468 itineris
3086 4412 3181 4466 illo
3211 4410 3555 4466 instituendi.

1991 4507 2176 4580 Diligit
2225 4523 2355 4579 ergo
2397 4506 2661 4562 Dominus
2722 4506 2823 4560 has
2873 4503 3116 4560 caelestis
3145 4501 3329 4559 Sionis
3371 4511 3559 4572 portas

1992 4599 2115 4670 plus
2170 4612 2333 4668 quam
2393 4610 2585 4650 omnes
2624 4594 2825 4661 legales
2857 4601 2912 4648 et
2944 4590 3203 4648 Judaicas
3231 4606 3556 4664 synagogas,

1990 4703 2128 4760 quas
2179 4686 2534 4743 tabernacula
2579 4684 2750 4740 Jacob
2793 4684 3105 4756 appellavit.
3142 4682 3297 4755 Apud
3339 4682 3560 4741 Judrcos

1987 4783 2135 4834 enim
2176 4778 2417 4834 caelestis
2455 4777 2545 4831 illa
2583 4775 2676 4833 Dei
2705 4776 2899 4831 civitas
2931 4775 3247 4830 nullatenus
3284 4789 3557 4831 memora-

1990 4879 2099 4933 tur,
2123 4884 2301 4940 neque
2321 4884 2421 4939 pro
2447 4882 2617 4939 scopo
2641 4867 2843 4923 habent
2867 4866 2970 4938 ipsi
3001 4881 3227 4937 regnum
3255 4867 3557 4933 caelorum;

1989 4963 2085 5020 sed
2113 4963 2368 5019 deorsum
2414 4962 2592 5032 proni,
2621 4962 2677 5016 in
2711 4967 2856 5015 terra
2902 4975 3052 5030 spem
3088 4959 3310 5025 habent,
3343 4970 3398 5016 et
3426 4975 3557 5031 pro-

1990 5058 2159 5113 missa
2214 5056 2320 5112 sibi
2370 5054 2496 5110 data
2540 5055 2633 5110 hic
2661 5060 2983 5123 exspectant
3012 5072 3025 5109 ε
3058 5068 3226 5125 quare
3253 5061 3423 5124 porta!
3455 5051 3561 5105 illa:

1989 5146 2231 5202 caelestis
2271 5143 2423 5207 Sion,
2453 5159 2591 5215 quas
2619 5160 2782 5213 supra
2816 5143 3246 5227 declaravimus‘
3266 5143 3472 5212 majore
3500 5140 3559 5194 in

1991 5239 2167 5310 pretio
2214 5236 2358 5307 apud
2412 5236 2581 5292 Deum
2659 5236 2949 5299 habentur,
2987 5251 3148 5307 quam
3208 5234 3558 5289 tabernacula

1988 5326 2177 5382 Jacob.
2197 5326 2367 5397 Cujus
2389 5326 2573 5384 Sionis
2596 5326 2958 5383 fundamenta
2984 5343 3092 5383 non
3120 5326 3208 5380 hic
3229 5332 3282 5379 et
3308 5324 3553 5385 interra,

1990 5418 2180 5473 humili
2228 5418 2348 5473 loco
2384 5418 2562 5485 posita
2587 5426 2751 5485 sunt,
2785 5417 2879 5475 sed
2910 5404 2964 5473 in
2999 5415 3277 5472 montibus
3319 5411 3553 5478 sanctis,

1986 5510 2065 5565 uti
2092 5525 2257 5572 supra
2294 5511 2710 5581 explicavimus.

317 5605 667 5677 προσδωκῶσι
688 5622 701 5635 ’
737 5604 817 5659 διὸ
845 5606 1228 5677 προτιμότεραι
1261 5604 1411 5677 παρὰ
1435 5603 1510 5674 τῷ
1540 5602 1658 5675 Θεῷ
1688 5604 2010 5674 τυγχάνουσι
2034 5604 2141 5658 τῶν
2190 5602 2560 5674 σκηνωμάτων
2590 5602 2783 5657 Ἰακὼϐ
2830 5602 2884 5654 al
2944 5593 3364 5669 προδηλωθεῖσαι
3421 5594 3560 5665 ἡμῖν

387 5757 431 5791 τ’
474 5756 672 5829 Ephes.
709 5775 780 5823 ιι,
812 5757 899 5811 2!).
978 5758 1023 5792 δ’
1063 5756 1181 5814 Gal.
1222 5775 1295 5825 tv.
1328 5759 1420 5815 26.
1498 5759 1537 5790 ⁶¹
1581 5755 1743 5816 llchr.
1781 5775 1887 5825 xu,

2012 5801 2029 5827 ,
2058 5758 2148 5815 εδ.
2224 5760 2268 5792 ⁸⁸
2311 5756 2499 5814 Matth.
2536 5774 2567 5813 π
2596 5798 2608 5822 ,
2651 5758 2699 5811 7.
2777 5754 2821 5787 ⁸³
2860 5752 3048 5808 Matth.
3083 5768 3169 5819 vi,
3210 5750 3295 5806 l0.
