3996 6210
266 405 410 464 1049

1431 410 1943 469 COMﬂENTARIA
1982 410 2049 467 IN
2077 410 2399 468 PSALMOS

3373 415 3512 473 £050

256 520 453 613 τέχθαι
481 519 601 591 ἐκεῖ
631 519 886 592 φάσκων,
920 518 1215 593 παρίστησι
1244 519 1344 594 τὴν
1372 522 1430 578 ὲν
1457 523 1536 595 τῷ
1566 523 1824 598 ἀνθρώτιη.

1940 523 2051 578 illic
2084 533 2266 577 natum
2293 524 2447 589 dicit,
2475 524 2570 580 Dei
2605 524 2763 581 Yet-li
2790 525 2843 579 in
2869 525 3089 581 homine
3121 525 3509 583 habitationem

206 611 220 688 ξ
255 612 353 668 τοῦ
376 611 526 666 Θεοῦ
554 612 729 682 Λόγου
760 612 1095 684 κατοίκησιν.
1132 613 1343 686 Ὥσπερ
1363 614 1522 688 γὰρὴ
1554 616 1713 678 Σιὼν.
1741 617 1837 671 πό-

188 830 217 909 'i

256 703 346 767 λις
379 698 514 758 οὖσα
539 701 635 757 τοῦ
667 702 801 756 Θεοῦ
821 743 836 768 ,
875 701 1026 776 χώρα
1050 703 1304 774 τυγχάνει
1333 705 1428 759 τοῦ
1460 706 1742 778 τεχθέντος
1777 709 1836 761 ὲν

203 804 215 872 ξ
256 798 397 868 αὐτῇ
431 795 661 868 ἀνδρὸς,
689 795 830 851 οὕτω
879 798 975 861 καὶ
1017 798 1179 862 αὐτὸς
1211 800 1240 850 6
1276 799 1414 872 ἀνὴρ
1444 798 1596 871 χώρα
1628 800 1836 869 γίνεται

204 888 217 923 ε
256 892 356 944 καὶ
389 891 591 963 ὣχετον
620 888 716 944 τοῦ
741 892 799 944 ὲν
825 889 974 963 αὐτῷ
996 891 1344 964 γεννηθέντος
1367 892 1502 946 Θεοῦ
1535 892 1732 962 Λόγου,
1759 891 1837 977 ὡς

255 981 317 1035 ἐν
344 980 476 1053 ἱερῷ
506 980 647 1051 ἁγίῳ
668 982 762 1035 καὶ
786 981 918 1053 ναῷ,
949 980 1147 1054 μᾶλλον
1175 983 1233 1038 δὲ
1255 983 1330 1049 ὡς
1364 985 1421 1038 ὲν
1441 983 1713 1055 ἀγάλματι
1741 984 1837 1037 καὶ

254 1074 451 1146 δοχείῳ
472 1073 572 1146 τῆς
589 1072 752 1129 αὑτοῦ
773 1073 1023 1144 θεότητος
1039 1076 1099 1129 ὲν
1121 1074 1269 1147 αύτῷ
1293 1077 1695 1148 κατῳκηκότος.
1725 1075 1835 1129 Kal

255 1167 437 1236 ταῦτα
466 1166 524 1221 δὲ
547 1165 857 1235 ἀναγκαίως
883 1167 912 1218 6
929 1165 1099 1234 Λόγος
1130 1166 1365 1234 ἐδίδαξεν
1389 1168 1467 1231 εἰς
1498 1167 1559 1222 τὸ
1590 1164 1835 1237 γνωσθῆ-

258 1276 354 1312 ναι
387 1258 505 1321 πῶς
532 1256 815 1327 ἀλλόφυλοι
842 1257 936 1311 καὶ¹
963 1257 1138 1331 Τύρος
1165 1260 1257 1313 καὶ
1274 1258 1402 1323 λαδς
1430 1258 1701 1312 Αἰθιόπων
1723 1258 1837 1327 ὲγε-

254 1352 501 1423 νήθησαν
520 1352 578 1404 ὲν
599 1352 664 1422 τῇ
685 1349 778 1403 τοῦ
798 1350 932 1412 Θεοῦ
958 1352 1130 1417 πόλει,
1153 1350 1247 1405 καὶ
1265 1352 1552 1422 γεγόνασιν
1573 1352 1680 1406 υἱοὶ
1698 1350 1837 1405 Θεοῦ

251 1444 347 1500 διὰ
371 1445 469 1516 τῆς
492 1448 623 1517 παρ’
644 1441 794 1516 αὐτῷ
813 1444 1434 1517 ἀναγεννήσεως.⁸’οπως
1452 1444 1560 1516 γὰρ
1579 1444 1673 1498 καὶ
1694 1443 1836 1498 κατὰ

249 1540 383 1596 τίνα
422 1539 624 1613 τρόπον
660 1540 695 1611 η
722 1538 957 1611 τοσαύτη
987 1540 1068 1603 είς
1105 1538 1366 1611 οὐρανοὺς
1392 1539 1618 1611 ἐξεχύθη
1651 1540 1832 1611 χάρις,

252 1631 604 1705 παρέστησεν
635 1631 806 1686 εἰπὼν
829 1630 899 1685 τὰ
930 1631 1071 1686 κατὰ
1096 1630 1185 1685 τὸν
1215 1631 1383 1705 ἄνδρα
1397 1630 1488 1686 τὸν
1502 1631 1833 1704 γεννηθέντα

249 1722 403 1786 lui,
440 1720 533 1776 καὶ
560 1720 652 1774 τὸν
685 1720 745 1773 ὲν
768 1718 847 1791 τῷ
875 1719 1032 1792 ἀνδρὶ
1061 1719 1223 1775 πάλιν
1247 1719 1576 1793 γεννηθέντα
1607 1720 1833 1792 Κύριον.

246 1812 352 1879 οἷς
370 1815 573 1870 ἅπασιν
596 1813 834 1883 ἐπιλέγει
861 1812 944 1880 τὸ,
976 1813 1071 1880 Ὠς
1094 1811 1573 1885 εὐφραινομένων
1590 1811 1833 1866 πάντων

1935 614 2195 669 declarat.
2228 613 2697 681 Qucmadmmium
2745 616 2889 671 enim
2942 616 3114 679 Sion,
3147 632 3267 687 qua:
3316 617 3512 674 civitas

1937 702 2032 759 Dei
2070 713 2174 768 cst,
2208 706 2358 761 locus
2381 714 2464 761 est
2492 707 2589 761 viri
2620 708 2674 761 in
2705 722 2768 762 ea
2794 707 2937 773 uati;
2994 708 3067 760 ita
3099 707 3214 777 ipse
3243 708 3327 762 vir
3358 709 3511 765 locus

1934 793 2166 848 cllicitur
2195 804 2249 849 et
2281 796 2684 864 receptaculum
2717 796 2807 852 Dei
2836 795 3000 851 Verbi
3037 797 3090 851 in
3119 813 3179 853 se
3212 798 3323 852 nati
3346 839 3361 864 ,
3414 800 3510 871 qui

1935 888 2091 958 quasi
2124 888 2179 944 in
2208 890 2326 944 loco
2351 904 2511 945 sacro
2549 897 2605 944 ct
2639 890 2692 944 in
2735 890 2962 960 templo,
2998 891 3106 946 imo
3142 891 3324 961 potius
3352 895 3510 964 quasi

1934 981 1988 1035 in
2025 988 2203 1036 statua
2231 989 2286 1036 et
2322 981 2670 1052 receptaculo
2709 980 2931 1037 deitatis
2956 997 3090 1049 suae,
3121 982 3176 1038 in
3202 984 3323 1055 ipso
3352 984 3510 1039 babi-

1935 1081 2031 1129 tat.
2065 1074 2130 1129 Et
2167 1074 2282 1130 haec
2327 1076 2638 1135 necessario
2697 1074 2857 1131 docet
2916 1076 3033 1132 haec
3071 1074 3356 1149 Scriptura
3380 1117 3398 1142 ,
3450 1084 3514 1135 ut

1934 1176 2122 1222 notum
2167 1168 2239 1222 sit
2284 1184 2390 1238 qua
2425 1168 2639 1223 ratione
2678 1168 2997 1240 alienigena:
3030 1177 3084 1224 et
3118 1169 3305 1243 Tyrus
3323 1181 3378 1227 et
3404 1187 3509 1243 po-

1934 1260 2096 1328 pulus
2129 1256 2443 1329 Etliiopum
2479 1259 2533 1314 in
2568 1259 2790 1315 civitate
2844 1258 2938 1316 Dei
2990 1261 3117 1317 tacti
3170 1262 3393 1328 fuerint,
3455 1271 3513 1320 et

1936 1345 2030 1399 lilii
2066 1343 2159 1400 Dei
2217 1361 2314 1417 per
2352 1346 2818 1413 regenerationem
2855 1346 2933 1402 ibi
2976 1356 3253 1419 acceptam
3286 1351 3400 1405 sint
3437 1349 3517 1406 ef-

1933 1436 2081 1493 fecti.
2109 1437 2243 1495 Nam
2273 1455 2378 1510 qua
2412 1440 2622 1496 ratione
2649 1447 2803 1494 tanta
2845 1441 2900 1496 in
2933 1441 3091 1497 cmlis
3127 1443 3301 1513 gratia
3337 1443 3511 1500 elTusa

1933 1531 2024 1597 sit,
2061 1532 2241 1589 allatis
2274 1533 2340 1588 iis
2372 1550 2492 1603 quae
2519 1532 2589 1588 ad
2622 1520 2798 1588 virum
2840 1549 2908 1590 eo
2935 1535 2991 1590 in
3024 1534 3144 1590 loco
3176 1535 3414 1601 editum,
3458 1544 3515 1590 ct

1933 1622 1998 1679 ad
2032 1623 2319 1680 Dominum
2352 1626 2479 1681 item
2529 1627 2583 1681 in
2631 1624 2944 1698 lmjusmodi
2975 1629 3093 1684 viro
3122 1638 3310 1684 natum
3343 1628 3513 1700 perli-

1933 1724 2084 1780 ncnt,
2115 1725 2302 1787 aperte
2327 1715 2596 1774 declarat.
2657 1718 2870 1786 Quibus
2906 1721 3165 1776 omnibus
3214 1720 3402 1777 subdit
3453 1720 3515 1775 il-

1934 1808 2047 1865 lud.
2078 1840 2147 1851 —
2178 1808 2343 1867 Vens.
2373 1811 2426 1869 7.
2463 1810 2614 1867 Sicut
2654 1814 2949 1869 laztantium
2980 1816 3213 1871 omnium
3252 1797 3514 1873 Itabitatic

243 1903 291 1972 ἢ
336 1904 607 1959 κατοικία
638 1903 712 1958 ἐν
743 1903 877 1958 σοι·
932 1901 1049 1957 ἀνθ’
1083 1896 1143 1958 οὗ
1177 1904 1206 1957 6
1250 1902 1347 1973 μὲν
1394 1901 1623 1965 Ἀκύλας
1672 1898 1824 1972 φησι,

1931 1900 2086 1956 estin
2118 1908 2201 1965 te;
2238 1916 2339 1971 pro
2370 1917 2479 1972 quo
2505 1901 2703 1973 Aquila
2735 1903 2903 1978 dicit,
2955 1904 3024 1960 Et
3062 1915 3307 1961 canentes
3355 1907 3513 1978 quasi

241 1995 363 2051 Kal
399 1995 652 2064 ᾅδοντες
694 1995 777 2062 ὡς
811 1992 977 2065 χοροὶ
1018 1992 1209 2050 πᾶσαι
1231 1992 1413 2064 πηγαί
1444 1993 1515 2047 ἑν
1546 1993 1647 2048 σοί
1666 2009 1684 2026 ·
1710 1993 1740 2045 ὁ
1770 1991 1828 2047 δὲ

244 2086 547 2159 Σύμμαχος
565 2128 582 2153 ,
629 2085 738 2143 Kal
773 2085 1129 2141 αἱνέσουσιν
1172 2086 1253 2154 ὡς
1282 2087 1353 2140 ἐν
1387 2086 1598 2153 αὐλοῖς
1640 2084 1831 2141 πᾶσαι

242 2181 309 2233 αι
348 2174 529 2249 πηγαὶ
549 2180 620 2233 ἐν
646 2181 765 2233 σοί.
796 2174 962 2248 Οἶμαι
990 2177 1049 2233 δὲ
1080 2177 1439 2250 σημαίνεσθαι
1473 2179 1567 2233 κα)⁸
1593 2177 1684 2232 διὰ
1710 2177 1832 2232 τού-

242 2289 360 2328 των
382 2275 482 2346 τὴν
512 2273 623 2327 τῶν
654 2271 859 2333 πιστῶν
880 2270 1155 2336 ἁπάντων,
1182 2269 1292 2324 τῶν
1316 2270 1381 2343 δὴ
1411 2270 1512 2341 τῆς
1541 2270 1705 2339 ἁγίας
1732 2269 1827 2325 τοῦ

242 2366 387 2420 Θεοῦ
416 2365 628 2430 πόλεως
642 2361 1219 2435 καταξιωθησομένων,
1253 2360 1671 2434 ἐπισυναγωγὴν
1691 2402 1708 2428 ,
1731 2360 1828 2416 καὶ

242 2459 351 2530 τὴν
380 2459 460 2524 είς
489 2459 585 2513 ἕνα
614 2455 777 2530 χορὸν
796 2452 1255 2511 ἀποκατάστασιν.
1302 2454 1394 2527 Τῷ
1417 2454 1526 2528 γὰρ
1549 2450 1825 2524 λέγεσθαι,

247 2551 326 2604 ἐν
350 2550 451 2605 σοι
467 2590 483 2616 ,
516 2549 609 2604 τὸν
632 2547 800 2603 τόπον
829 2546 991 2603 πάλιν
1023 2545 1307 2618 σημαίνειν
1340 2543 1709 2616 ὑπολαμϐάνω
1728 2544 1829 2616 τῆς

244 2638 346 2694 τοῦ
377 2639 512 2694 Θεοῦ
536 2639 741 2703 πόλεως
756 2655 771 2669 ·
792 2632 861 2711 ἧς
884 2638 932 2693 οἱ
962 2636 1060 2708 μὲν
1085 2634 1321 2707 θεμέλιοι
1346 2630 1487 2708 ἦσαν
1510 2638 1568 2692 ὲν
1585 2636 1697 2699 τοῖς
1715 2635 1831 2707 δρε-

250 2749 310 2787 σι
338 2733 450 2797 τοῖς
477 2731 685 2802 ἁγίοις,
722 2733 778 2787 αἱ
809 2730 867 2786 δὲ
911 2730 1074 2785 πύλαι
1105 2730 1200 2785 καὶ
1230 2732 1285 2785 αί
1323 2731 1516 2786 εἴσοδοι
1544 2729 1697 2785 κάτω
1723 2746 1827 2785 που

248 2823 352 2883 καὶ
383 2827 513 2896 παρ’
541 2827 673 2897 ἡμῖν
691 2842 704 2858 ο
732 2826 791 2881 ὲν
815 2827 955 2902 μέσῃ
986 2827 1044 2881 δὲ
1064 2826 1199 2898 αὐτῇ
1232 2823 1433 2888 πάντες
1457 2823 1533 2888 ὡς
1562 2824 1619 2879 ὲν
1640 2823 1831 2897 χορείᾳ

245 2917 344 2972 καὶ
367 2916 601 2989 ἁρμονίᾳ
628 2915 748 2989 θείᾳ
772 2918 888 2989 μετ’
917 2915 1251 2989 εὐφροσύνης
1274 2913 1628 2991 συναγόμενοι
1652 2930 1829 2968 κατοι-

245 3006 440 3080 κήσειν
468 3007 917 3081 προφητεύονται.
955 3008 1096 3081 Ὅρα
1127 3008 1185 3062 δὲ
1215 3006 1334 3061 τίνα
1353 3006 1552 3079 τρόπον
1578 3006 1607 3059 6
1639 3003 1827 3077 παρὼν

242 3100 485 3173 ψαλμδς,
513 3100 647 3155 Θεοῦ
676 3100 890 3171 γένεσιν
921 3098 1194 3166 θεσπίζων
1227 3095 1367 3155 κατὰ
1388 3099 1489 3171 τὴν
1520 3097 1827 3168 ἀνάγνωσιν

244 3191 354 3262 τῆς
366 3191 474 3245 τῶν
488 3191 885 3265 Ἐὁδομήκοντα
904 3192 1221 3268 ἑρμηνείας,
1239 3190 1517 3264 έπέκρυψε
1539 3190 1600 3244 τὸ
1619 3191 1824 3262 μυστή-

246 3298 390 3359 ριον.
452 3283 523 3338 T6
550 3284 697 3357 γὰρ,
745 3284 962 3354 Κύριος
992 3283 1306 3356 ἀριθμήσει
1336 3282 1576 3355 γράφων
1596 3282 1817 3350 λαούς“

246 3372 441 3445 Οὗτος
470 3377 681 3448 ἐτέχθη
705 3378 863 3445 ἐκεῖ,
891 3376 1032 3433 κατὰ
1060 3376 1386 3449 Σύμμαχον·
1417 3377 1451 3450 ἢ
1484 3377 1629 3432 κατὰ
1668 3376 1825 3431 Ἀκύ-

242 3469 347 3524 λαν
368 3510 386 3535 ,
433 3470 645 3538 Κύριος
681 3467 1032 3540 διηγήσεται
1079 3470 1150 3524 ἐν
1192 3468 1273 3536 τῷ
1304 3466 1553 3541 τράφειν
1596 3469 1785 3536 λαούς
1804 3485 1818 3501 ⁶

247 3556 442 3628 οὗτος
463 3558 675 3631 ἐτέχθη
700 3561 857 3616 ἐκεῖ*
883 3561 917 3634 ἢ
950 3561 1092 3616 κατὰ
1109 3559 1200 3616 τὸν
1227 3562 1577 3627 Θεοδοτίωνα,
1608 3562 1824 3631 Κύριος

244 3653 595 3724 διηγήσεται
613 3655 684 3710 ἐν
712 3653 910 3725 mpii
937 3653 1129 3709 λαῶν’
1152 3649 1343 3722 Οὗτος
1361 3652 1651 3725 ἐγεννήθη
1674 3652 1821 3719 ἐκεῖ,

243 3744 309 3799 οῦ
346 3744 536 3800 τοῦτον
572 3747 912 3818 ἡρμήνευται
949 3746 1103 3819 παρά
1138 3748 1251 3810 τοῖς
1290 3744 1691 3817 Ἑϐδομήκοντα
1729 3741 1824 3799 τὸν

240 3837 448 3910 τρόπον
465 3854 479 3868 ο
510 3836 627 3892 ἀλλ’
658 3839 891 3911 εἴρηται,
925 3839 1144 3907 Κύριος
1160 3835 1508 3910 διηγήσεται
1537 3832 1823 3907 ἐντραφῇ

240 3926 412 3984 λαῶν
444 3928 544 3983 καὶ
576 3928 886 3999 ἀρχόντων
912 3931 1139 3985 τούτων
1171 3929 1292 3984 τῶν
1324 3927 1824 4002 γεγεντψένυνὲν

240 4019 399 4089 αὐτῇ
418 4037 432 4051 ·
459 4020 880 4093 ἐπικρυψάντων
901 4061 917 4086 ,
956 4020 1034 4086 ὡς
1080 4016 1235 4093 οἶμαι
1257 4060 1274 4085 ,
1306 4022 1406 4093 τὴν
1439 4020 1675 4077 διάνοιαν
1713 4020 1821 4075 τῶν

239 4112 342 4184 τὴν
371 4111 665 4185 ἑρμηνείαν
698 4113 1112 4185 πεποιημένων,
1137 4112 1236 4183 διὰ,
1258 4113 1320 4168 τὸ
1346 4112 1557 4168 ἔθνεσιν
1585 4112 1819 4182 ἀλλοφύ-

240 4202 357 4268 λοις
383 4203 598 4276 μέλλειν
619 4205 916 4260 ἐκδίδοσθαι
944 4205 1042 4276 τὴν
1067 4204 1291 4279 Γραφὴν
1313 4204 1455 4260 κατά
1477 4204 1603 4270 τοὺς
1624 4204 1823 4259 Πτολε-

244 4297 413 4369 μαίου
444 4297 689 4370 χρόνους,
715 4296 867 4352 οὔπω
892 4297 986 4352 τοῦ
1016 4298 1267 4370 Σωτῆρος
1292 4297 1450 4371 ἡμῶν
1476 4297 1820 4369 ἐπιλάμψαν-

239 4405 337 4452 τος
373 4388 451 4461 τῷ
495 4388 613 4461 βίῳ.
655 4390 766 4444 Καὶ
798 4391 827 4444 6
860 4390 965 4454 πᾶς
994 4389 1054 4443 δὲ
1083 4388 1294 4461 ψαλμὸς
1329 4390 1535 4463 σφόδρα
1564 4391 1818 4462 αἰνιγμα-

239 4478 419 4552 τώδης
440 4482 537 4536 καὶ
563 4480 851 4545 σκοτεινῶς
875 4480 1164 4554 εἰρημένος
1185 4482 1441 4552 τυγχάνει
1460 4520 1476 4545 ,
1507 4481 1819 4551 θεμελίους

1932 1993 2080 2050 chari
2127 2010 2305 2049 omnes
2356 1995 2525 2065 fontes
2561 1997 2614 2050 in
2663 2006 2746 2060 te;
2782 1972 3170 2067 fSymmachus
3220 2014 3386 2063 vero,
3425 1997 3511 2065 .Et

1931 2085 2227 2141 laudabunt
2268 2088 2425 2157 quasi
2469 2089 2524 2142 in
2577 2088 2720 2142 tibiis
2752 2103 2930 2141 omnes
2976 2086 3149 2157 fontes
3188 2089 3240 2142 in
3287 2100 3357 2144 te.
3408 2086 3512 2144 His

1928 2196 2094 2253 porro
2148 2179 2442 2251 signiﬁcari
2495 2179 2734 2236 arbitror
2784 2180 3026 2236 ﬁdelium
3064 2180 3353 2243 omnium,
3414 2182 3510 2252 qui

1928 2282 2120 2331 sancta
2143 2272 2239 2329 Dei
2263 2272 2480 2328 civitate
2508 2271 2746 2328 donandi
2797 2281 2947 2336 sunt,
2978 2282 3462 2343 congregationem
3486 2310 3510 2339 .

1922 2366 2170 2438 atquein
2200 2365 2430 2421 chorum
2464 2379 2632 2418 unum
2662 2362 3062 2420 reductionem.
3095 2362 3232 2417 Nam
3263 2378 3388 2418 cum
3422 2363 3511 2420 di—

1926 2458 2090 2525 citur,
2115 2456 2172 2511 in
2206 2466 2275 2522 te,
2312 2456 2546 2512 indicari
2595 2457 2846 2526 suspicor
2878 2455 3120 2509 civitatis
3154 2453 3249 2511 Dei
3281 2455 3461 2510 locum
3488 2494 3508 2522 ,

1926 2551 2086 2621 cujus
2145 2549 2494 2605 fundamenta
2550 2548 2769 2620 quidem
2824 2547 2888 2602 in
2954 2547 3236 2603 montibus
3300 2549 3511 2606 sanctis

1925 2650 2108 2706 erant,
2136 2652 2307 2713 porta:
2332 2656 2461 2695 vero
2500 2650 2553 2694 et
2580 2638 2765 2694 aditus
2794 2637 2982 2693 intimo
3032 2637 3088 2692 in
3123 2638 3247 2693 loco
3274 2645 3328 2694 et
3358 2638 3508 2708 apud

1925 2749 2028 2791 nos
2049 2733 2139 2789 siti
2168 2740 2289 2790 sunt
2324 2752 2341 2789 :
2372 2733 2426 2789 in
2459 2731 2637 2786 medio
2664 2737 2845 2809 autem
2878 2728 3049 2795 illius,
3087 2729 3246 2800 quasi
3283 2728 3341 2785 in
3371 2729 3507 2785 cho-

1924 2841 2018 2882 rea
2057 2836 2112 2880 et
2152 2833 2421 2880 concentu
2456 2823 2662 2886 divino,
2698 2822 3010 2894 congregati
3070 2821 3149 2876 illi
3206 2821 3505 2879 liabitaturi

1924 2933 2047 2975 esse
2073 2918 2529 2989 pratnuntiantur.
2559 2915 2945 2970 Animadverte
2976 2929 3140 2985 porro
3159 2929 3265 2985 qua
3287 2914 3505 2971 ratione

1927 3009 2016 3066 bic
2038 3004 2317 3080 psalmus,
2348 3007 2439 3063 Dei
2465 3007 2873 3078 generationem
2927 3004 3235 3062 secundum
3268 3000 3505 3075 Septua-

1925 3102 2077 3174 ginta
2115 3099 2476 3173 lnterpretum
2510 3101 2797 3156 lectionem
2821 3099 3149 3165 vaticinans,
3181 3098 3505 3171 mysterium

1924 3193 2236 3251 occultarit.
2263 3191 2357 3247 Illa
2385 3191 2530 3246 enim
2572 3190 2875 3248 secundant
2906 3188 3294 3262 Symmachum
3327 3188 3508 3260 expli-

1848 3264 1894 3327 c
1923 3286 2089 3354 catio,
2113 3285 2371 3340 Dominus
2403 3284 2701 3341 numerabit
2736 3282 2969 3338 scribens
3007 3281 3259 3353 populos,
3284 3279 3506 3364 Iliclna-

1924 3387 2009 3433 tus
2035 3387 2114 3432 est
2146 3377 2256 3442 ibi;
2288 3377 2371 3432 vel
2396 3375 2695 3432 secundum
2721 3375 2997 3447 Aquilam,
3019 3373 3279 3429 Dominus
3307 3390 3506 3430 narra-

1925 3469 1997 3524 bit
2033 3470 2089 3524 in
2114 3468 2389 3525 scribendo
2412 3468 2654 3539 populos,
2690 3466 2794 3521 Hic
2823 3478 2980 3522 natus
3032 3475 3111 3521 est
3158 3466 3263 3531 ibi;
3302 3466 3388 3522 vel
3415 3480 3503 3523 se-

1924 3559 2163 3615 cundum
2194 3558 2620 3615 Theodotionem
2647 3597 2662 3622 ,
2691 3556 2949 3611 Dominus
2996 3555 3237 3612 narrabit
3273 3557 3327 3611 in
3364 3558 3502 3612 scri-

1921 3662 2081 3720 ptura
2107 3650 2440 3719 populorum,
2464 3648 2563 3703 llic
2578 3660 2734 3703 natus
2756 3658 2834 3703 est
2857 3648 2970 3714 tibi,
3000 3663 3110 3703 non
3139 3648 3327 3704 eadem
3354 3649 3502 3720 apud

1923 3745 2065 3801 LXX
2088 3746 2391 3816 reperitur;
2444 3743 2540 3800 sed
2589 3743 2824 3805 dicitur,
2873 3742 3105 3797 Domino
3160 3740 3403 3795 narrabit
3444 3742 3502 3797 in

1922 3840 2186 3908 scriptura
2233 3839 2551 3908 populorum
2589 3846 2639 3892 et
2692 3836 2987 3907 principum
3040 3836 3224 3889 Iterum
3245 3834 3337 3905 qui
3387 3832 3505 3902 {ue-

1923 3942 2047 3992 runt
2082 3932 2139 3987 in
2175 3948 2270 3997 ea;
2312 3932 2440 4003 quia
2465 3971 2482 3995 ,
2534 3937 2596 3986 ut
2642 3930 2901 3991 arbitror,
2951 3929 3281 3999 interpretes
3311 3940 3499 3982 veram

1922 4025 2250 4082 sententiam
2280 4024 2650 4087 occultarent,
2682 4021 2829 4094 quod
2852 4021 3046 4077 alienis
3067 4019 3342 4092 gentibus,
3361 4027 3502 4075 tem-

1922 4133 2053 4189 pore
2075 4115 2384 4178 Ptolemaei,
2438 4114 2778 4186 Scripturam
2835 4112 3246 4184 intcrpretaturi
3269 4118 3502 4189 essent,

1920 4226 2045 4268 cum
2084 4211 2326 4266 nondum
2364 4209 2620 4266 Servator
2648 4217 2837 4265 noster
2875 4210 2929 4262 in
2974 4207 3179 4262 mundo
3214 4207 3506 4279 apparuis-

1922 4310 2025 4359 set.
2080 4301 2360 4372 Totusque
2392 4302 2636 4371 psalmus
2683 4300 2979 4355 admodum
3018 4294 3399 4370 aeliigmaticus
3444 4302 3505 4352 ct

1918 4394 2190 4448 obscurus
2218 4403 2301 4446 est
2330 4410 2343 4445 :
2376 4392 2577 4461 quippe
2606 4390 2699 4460 qui
2744 4390 3094 4459 fundamenta
3120 4389 3235 4458 ejus
3256 4389 3424 4453 dicat,
3446 4402 3503 4443 α

1917 4486 2042 4557 quis
2065 4485 2136 4539 sit
2165 4484 2212 4539 is
2237 4483 2305 4539 de
2334 4498 2443 4553 quo
2467 4482 2710 4552 loquitur
2738 4488 2943 4547 taceat,
2961 4496 3063 4537 nec
3094 4481 3296 4535 indicet
3322 4480 3497 4546 illum;

240 4567 430 4622 αὐτοῦ
454 4562 628 4638 λέγων
660 4569 1109 4642 σεσιωπημένως,
1136 4572 1279 4636 τίνος
1301 4572 1348 4626 δ’
1380 4570 1560 4626 ἀὑτοῦ
1595 4571 1669 4643 μὴ
1696 4570 1817 4625 δια-

1925 4594 1985 4633 ac
2009 4593 2226 4633 rursum
2263 4585 2476 4630 ηιοιιιοε
2511 4583 2734 4628 ειιηοιοε
2774 4581 3058 4641 ῐηιξιηοτει,
3081 4581 3377 4645 portasque
3408 4580 3497 4628 ιιιο

242 4657 462 4732 σαφῶν·
514 4660 611 4714 καὶ
655 4659 814 4715 πάλιν
854 4660 955 4733 θρη
998 4662 1128 4731 ἅγια
1158 4662 1470 4734 ὀνομάζων,
1520 4662 1613 4717 καὶ
1644 4661 1819 4726 πύλας

241 4747 385 4801 Σιὼν
426 4750 848 4822 προτιμωμένοις
883 4752 988 4806 ὑπὸ
1009 4752 1105 4807 τοῦ
1144 4753 1348 4826 Κυρίου
1380 4753 1492 4807 τῶν
1530 4753 1819 4824 σκηνωμά-

241 4857 350 4895 των
394 4842 616 4907 Ἰακὼϐ,
651 4844 746 4897 καὶ
776 4843 929 4898 πόλιν
959 4844 1094 4899 Θεοῦ
1126 4845 1528 4918 δεδοξασμένως
1555 4844 1834 4915 λαλουμέ-’

238 4948 370 5005 νην·
405 4936 498 4989 καὶ
524 4935 620 4989 ἐπὶ
650 4937 783 5001 πᾶν,
817 4937 875 4991 έν
898 4939 966 5010 τῇ
999 4936 1187 5002 πόλει,
1220 4937 1281 4991 οὐ
1314 4938 1406 4992 τὸν
1447 4936 1693 5011 Ἰσραὴλ,
1721 4935 1817 4989 οὒ-

237 5024 298 5078 δὲ
334 5024 397 5079 τὺ
437 5026 703 5083 Ἰουδαίων
739 5028 924 5094 ἔθνος,
952 5029 1088 5084 ἀλλὰ
1125 5029 1294 5083 Ῥαὰϐ
1322 5031 1422 5102 τήν
1454 5046 1582 5085 ποτε
1612 5028 1815 5100 πόρνην

238 5120 338 5174 καὶ
366 5120 658 5176 Βαϐυλῶνα
677 5162 692 5187 ,
723 5122 956 5195 Τυρίους
1002 5140 1064 5177 τε
1105 5123 1201 5177 καὶ
1241 5121 1503 5186 Αἰθίοπας
1535 5122 1631 5178 καὶ
1657 5119 1811 5176 ἀλλο-

235 5209 463 5274 φύλους.
495 5211 728 5276 Τούτους
753 5211 860 5283 γάρ
900 5213 1106 5277 πάντας
1135 5208 1493 5283 τεχθήσεσθαι
1524 5213 1583 5264 ὲν
1613 5213 1683 5282 τῇ
1714 5210 1813 5264 πό-

235 5317 321 5356 λει
364 5300 458 5355 τοῦ
495 5300 632 5356 Θεοῦ
660 5302 750 5359 διὰ
780 5304 940 5358 ποίαν
970 5303 1151 5358 αἰτίαν
1173 5303 1275 5356 οὐκ
1302 5303 1369 5358 ἂν
1405 5301 1517 5373 ἔχοι
1539 5319 1623 5366 τις
1646 5300 1811 5373 ἄλλην

233 5394 465 5466 ιίπεῖνῆ
486 5394 576 5448 διὰ
593 5395 692 5467 τὴν
713 5396 926 5466 γένεσιν
944 5395 1038 5449 τοῦ
1059 5397 1117 5450 ὲν
1138 5395 1274 5467 αὐτῇ
1296 5394 1577 5467 τεχθέντος
1597 5394 1808 5466 ἀνδρὸς,

234 5486 337 5541 καὶ
367 5485 461 5541 τοῦ
494 5487 699 5560 Κυρίου
746 5486 1028 5559 τεχθέντος
1062 5488 1210 5551 ἐκεῖ,
1240 5485 1438 5559 δηλαδὴ
1469 5487 1528 5541 ἐν
1556 5487 1707 5560 αὐτῷ
1732 5485 1813 5559 τῷ

236 5578 590 5651 προλεχθέντι
623 5578 774 5651 ἀνδρί
793 5597 807 5610 ·
840 5578 926 5649 ἐφ’
949 5574 1031 5643 οἷς
1064 5580 1241 5633 πᾶσαν
1268 5579 1607 5652 εὐφροσύνην
1630 5581 1812 5652 κοινὴν

236 5674 335 5726 καὶ
360 5670 598 5743 χορείας,
630 5670 772 5742 ᾠδάς
803 5687 863 5723 τε
891 5670 985 5724 καὶ
1017 5669 1199 5734 αἴνους
1218 5672 1311 5727 καὶ⁵
1335 5673 1518 5744 πηγὰς
1536 5671 1697 5726 θείων
1718 5672 1813 5727 καὶ

238 5762 402 5834 ἱερῶν
423 5762 595 5830 λόγων
628 5761 719 5816 27‘.
749 5761 890 5815 τέλει
908 5762 1002 5816 τοῦ
1022 5763 1236 5836 ψαλμοῦ
1261 5762 1520 5828 θεσπίζει.
1564 5762 1733 5817 Ἐπὰν
1755 5764 1813 5817 δὲ

237 5854 378 5929 λέγῃ
404 5856 462 5912 ἐν
484 5856 668 5930 γραφῇ
696 5852 839 5912 λαῶν
864 5854 1031 5912 ταῦτα
1061 5874 1233 5917 παντα
1260 5856 1503 5926 ἔσεσθαι,
1533 5855 1811 5929 σημαίνειν

1920 4668 2229 4725 bernaculis
2271 4666 2443 4722 Jacob
2476 4682 2507 4721 ο
2541 4665 2772 4723 Domino
2799 4667 3101 4733 antelatas;
3149 4667 3389 4738 itemque
3414 4666 3499 4723 ci-

1919 4764 2142 4819 vitatem
2198 4761 2292 4817 Dei
2353 4760 2590 4832 gloriose
2647 4760 2977 4816 celebratam
3017 4779 3031 4815 :
3068 4760 3138 4814 ad
3197 4759 3314 4815 haec
3363 4773 3501 4816 vero

1919 4853 2124 4920 omnia,
2155 4852 2212 4908 in
2241 4851 2483 4915 civita'e,
2513 4866 2625 4906 non
2658 4851 2934 4916 Israelem,
2968 4867 3147 4925 neque
3204 4850 3491 4909 iudaich

1918 4949 2132 5013 gentem
2158 4959 2175 5009 ;
2206 4940 2303 4997 sed
2355 4939 2546 4995 Hahab
2572 4940 2701 4995 olim
2731 4940 3094 5004 meretricem,
3125 4939 3493 5013 Babylonem,

1919 5031 2115 5105 'lyrias
2148 5072 2165 5099 ,
2219 5031 2550 5103 Etltiopas,
2612 5030 3057 5102 alienigenasque
3121 5028 3385 5087 nominet.
3425 5030 3491 5086 Hi

1917 5125 2118 5196 quippe
2150 5139 2342 5181 omnes
2371 5139 2471 5179 cur
2502 5125 2558 5178 in
2591 5123 2811 5179 civitate
2836 5122 2931 5179 Dei
2961 5123 3225 5180 nascituri
3253 5139 3374 5179 esse
3405 5124 3493 5176 di-

1920 5228 2138 5281 cantur,
2159 5234 2269 5275 non
2305 5217 2466 5271 alian-
2500 5232 2723 5273 causam
2755 5217 2881 5288 quis
2906 5217 3169 5286 proferat,
3192 5216 3300 5272 nisi
3323 5229 3490 5285 gene-

1920 5311 2186 5365 rationem
2208 5308 2310 5362 viri
2333 5307 2427 5378 qui
2461 5308 2514 5362 in
2560 5308 2650 5362 illa
2683 5319 2847 5363 natus
2877 5316 2983 5372 est,
3010 5317 3064 5363 et
3094 5306 3308 5361 Domini
3353 5303 3485 5357 item

1917 5402 1974 5457 in
2003 5401 2095 5456 illa
2127 5399 2262 5463 nati,
2293 5398 2544 5454 videlicet
2581 5398 2635 5453 in
2680 5398 2800 5453 viro
2837 5414 2997 5470 quem
3055 5396 3165 5468 jam
3221 5394 3482 5449 diximus.

1916 5493 2256 5564 Quapropter
2311 5490 2681 5546 omnimodam
2732 5502 3183 5558 communemque
3220 5485 3480 5551 lmtitiam,

1917 5585 2170 5647 choreas,
2201 5582 2442 5645 cantica,
2475 5581 2663 5636 laudes
2684 5620 2699 5644 ,
2755 5579 3062 5634 divinorum
3095 5590 3485 5645 sacrorumque

1915 5675 2255 5745 eloquiorum
2304 5674 2479 5729 fontes
2510 5673 2566 5728 in
2599 5674 2702 5729 line
2737 5672 2931 5743 psalmi
2964 5668 3308 5726 vaticinatur.
3342 5666 3481 5728 Cum

1915 5780 2098 5822 autem
2130 5766 2284 5830 dicit,
2316 5766 2370 5820 in
2404 5767 2676 5837 scriptura
2721 5765 3043 5834 populorum
3088 5761 3273 5816 omnia
3325 5776 3485 5832 repo-

1916 5859 2092 5917 nenda
2114 5875 2252 5929 esse,
2281 5859 2516 5917 arbitror
2539 5872 2660 5918 eum
2686 5864 2901 5928 tempus
2922 5856 3308 5929 descriptionis
3339 5871 3480 5930 gen-
