3996 6210
246 458 253 465 ‘
282 445 424 505 {0‘35

1410 443 1913 501 COMMENTARIA
1955 445 2021 500 IN
2049 443 2387 501 PSALMOS.

3382 439 3521 494 ΝΜ

277 552 417 623 νων,
449 558 637 614 τοῦτον
676 565 1035 634 περιέχουσαν
1066 567 1155 620 τον
1198 567 1397 639 τρόπον
1422 585 1435 598 ι
1505 569 1623 622 Υἱοὶ
1664 568 1838 623 Ἰούδα

1953 568 2211 624 Hebraeus
2238 569 2313 622 ait
2341 569 2393 621 in
2424 565 2659 637 Egypto
2692 574 2820 621 ante
2858 565 3059 637 Moysis
3087 572 3296 619 artatem
3324 564 3518 617 vatici—

277 652 467 721 Φαρὲς
492 652 589 708 καὶ
620 654 814 723 Ζαρά’
845 658 943 710 καί
984 658 1099 711 υἱοὶ
1128 660 1285 727 Ζαρὰ
1305 700 1318 719 ,
1350 659 1598 729 Ζαμϐρὶ,
1630 661 1727 714 καὶ
1755 663 1853 715 Αι-

274 743 393 812 θὰμ
425 743 524 796 καὶ
564 744 753 813 Αίμὰν
790 747 885 799 καὶ
920 750 1167 817 Χαλχὰιι
1214 751 1312 804 καὶ
1359 750 1581 818 Δαρδὰ·
1631 751 1853 818 πάντες

272 834 473 891 πέντε.
517 836 749 902 Τούτους
784 839 967 909 ἔλεγεν
998 843 1027 895 6
1065 843 1313 913 Ἐὕραίος
1344 842 1401 895 ὲν
1428 842 1686 914 Αἰγύπτῳ
1716 860 1848 914 προ-

270 929 544 1000 φητεῦσαι
564 969 578 993 ,
606 931 711 1002 πρὸ
739 932 1014 997 Μωῦσέως
1037 934 1380 1004 γενομένους,
1409 933 1590 987 αὐτῶν
1621 951 1685 987 τε
1713 931 1850 987 εἶναι

270 1018 400 1082 τοὺς
416 1018 666 1089 ψαλμοὺς
679 1021 801 1084 τοὺς
820 1023 897 1085 εἰς
911 1022 1083 1094 ὄνομα
1102 1024 1279 1077 αὐτῶν
1298 1024 1818 1095 προγεγραμμένους
1833 1041 1847 1055 ⁸

268 1104 384 1164 οἷον
421 1111 512 1165 τὸν
548 1109 687 1182 μετά
718 1114 937 1183 χεῖρας,
973 1116 1180 1170 καὶτὸν
1208 1116 1335 1187 ἑξῆς
1359 1117 1538 1187 αὐτῷ,
1564 1118 1655 1170 καί
1690 1117 1849 1170 αὐτὸν

268 1202 770 1272 ἐπιγεγραμμένον,
792 1205 973 1275 Αιθάμ
994 1206 1075 1273 τῷ
1104 1208 1416 1277 Ἔσδραΐτῃ
1435 1227 1449 1240 ν
1474 1208 1610 1262 ἀλλά
1636 1210 1727 1262 καὶ
1755 1227 1850 1262 πε-

269 1291 329 1361 ρὶ
357 1291 537 1346 αὐτῶν
559 1293 806 1365 λελέχθαι
834 1295 892 1348 ὲν
933 1298 999 1367 τῇ
1028 1297 1186 1371 τρίτῃ
1216 1300 1324 1353 τῶν
1355 1300 1681 1354 Βασιλειῶψ
1739 1301 1850 1356 Καὶ

263 1384 601 1453 ἐσοφίσατο
630 1385 915 1456 Σολομὼν
941 1388 1094 1458 ὑπὲρ
1129 1392 1313 1446 Αίθὰν
1334 1391 1440 1445 τὸν
1474 1392 1846 1462 Ἐσόραΐτοην,

266 1479 369 1532 καὶ
394 1478 606 1549 Αίμὰν,
636 1480 732 1533 καί
756 1480 861 1534 τὸν
884 1483 1137 1550 Xerxde
1158 1483 1255 1537 καὶ
1288 1482 1394 1537 τὸν
1419 1482 1670 1552 Δαρδάν.
1701 1483 1846 1536 Ταῦ-

262 1583 337 1621 τα
367 1568 467 1639 μὲν
495 1565 589 1622 οὖν
612 1570 692 1633 είς
722 1570 819 1641 τὴν
853 1570 1098 1643 ἱστορίαν
1124 1572 1385 1643 εἰρήσθω.
1445 1574 1508 1627 Εἰ
1537 1574 1592 1627 δέ
1627 1591 1675 1626 τι
1708 1590 1845 1644 συμ-

263 1658 554 1714 ϐάλλονται
582 1663 646 1732 τῇ
682 1660 773 1715 τοῦ
806 1662 1024 1732 ψαλμοῦ
1055 1663 1257 1735 θεωρίᾳ
1285 1664 1341 1716 αἱ
1375 1663 1577 1719 τούτων
1605 1664 1712 1718 τῶν
1735 1666 1848 1718 ὀνο-

265 1748 457 1818 μάτων
490 1752 795 1822 ἑρμηνεῖαι,
830 1754 921 1806 καὶ
953 1753 1113 1816 αὐτὸς
1140 1755 1472 1826 ἐπιστήσεις.
1494 1755 1760 1819 ’Ὑστατος
1790 1756 1848 1809 δὲ

257 1838 342 1893 ὢν
380 1843 410 1894 6
452 1842 642 1914 παρὼν
670 1843 779 1896 τῶν
824 1845 1319 1916 ἐπιγεγραμμένων
1364 1846 1506 1900 Υίῶν
1540 1846 1714 1917 Κορὲ,
1749 1846 1847 1917 τὴν

1960 669 2116 715 natos
2158 676 2300 722 esse,
2353 667 2714 728 auctoresque
2746 675 2867 715 esse
2908 660 3236 729 psalmormn
3287 662 3379 732 qui
3427 676 3525 716 no»

1958 753 2103 806 mine
2146 764 2248 805 suo
2288 750 2534 820 inscripti
2573 758 2700 803 sunt
2728 768 2742 804 τ
2774 751 2952 819 qualis
2983 759 3066 803 cst
3112 751 3198 805 hic
3227 768 3386 821 quem
3411 760 3524 806 tra-

1957 850 2167 906 ctamus
2222 849 2275 895 et
2302 841 2661 909 subsequens,
2699 840 2789 909 qui
2830 840 3125 910 inscriptus
3158 850 3261 903 est,
3298 840 3520 896 Αἲιὴαηι

1958 933 2367 989 Ezdraitw:de
2414 934 2522 988 illis
2563 949 2779 1004 quoque
2816 934 2928 987 haac
2959 933 3011 987 in
3043 934 3202 987 tertio
3242 935 3379 988 libro
3422 935 3525 989 Re-

1955 1042 2080 1096 gum
2111 1026 2256 1080 dicta
2302 1041 2422 1080 esse
2456 1033 2607 1095 putat
2639 1044 2651 1079 :
2688 1024 2754 1077 Et
2787 1026 3080 1092 sapientior
3112 1036 3223 1080 erat
3268 1026 3522 1081 Salomon

1956 1116 2160 1170 ,ιΕιΙιαη
2208 1107 2487 1177 Ετάναίια,
2517 1115 2719 1170 [Euam
2748 1127 2795 1170 et
2829 1116 3084 1172 Chalclml
3128 1127 3176 1171 et
3217 1117 3431 1171 Dardan
3450 1118 3521 1173 ⁸⁸.

1957 1208 2082 1263 llaec
2119 1208 2186 1263 de
2211 1208 2438 1262 historia
2474 1207 2616 1261 dit-ta
2646 1217 2827 1263 sunto.
2861 1209 3085 1262 Anrero
3118 1209 3309 1261 hormn
3342 1208 3522 1262 nomi-

1957 1315 2085 1353 num
2120 1298 2553 1368 signiﬁcatioues
2582 1298 2648 1352 ad
2685 1299 2880 1369 psalmi
2921 1299 3346 1369 speculationem
3385 1316 3523 1353 con-

1956 1391 2153 1453 ferant,
2194 1399 2246 1443 tu
2292 1389 2406 1458 ipse
2449 1389 2765 1445 consideres
2818 1390 2999 1444 velim.
3031 1390 3165 1444 Cum
3211 1398 3389 1445 autem
3432 1390 3520 1445 hic

1958 1481 2202 1551 psalmus
2240 1488 2549 1550 postremus
2592 1481 2663 1536 sit
2694 1495 2906 1542 eorum.
2940 1482 3031 1550 qui
3071 1479 3331 1535 Filiorum
3382 1480 3524 1537 Core

1955 1572 2203 1642 inscripti
2244 1579 2393 1633 sunt,
2420 1572 2733 1651 Salvatoris
2758 1572 2929 1627 nostri
2958 1573 3023 1627 ad
3064 1572 3266 1627 inferos
3296 1573 3523 1629 descen-

1955 1680 2074 1719 sum
2107 1665 2520 1734 complectitur;
2553 1666 2626 1719 ita
2673 1673 2731 1719 ut
2760 1664 2916 1734 quasi
2944 1665 3011 1718 de
3041 1664 3311 1719 industria
3347 1665 3523 1734 provi-

1955 1766 2074 1809 sum
2097 1756 2187 1818 si’t,
2226 1764 2284 1809 ut
2317 1756 2507 1811 mortis
2547 1756 2667 1824 ejus
2708 1756 3026 1827 mysterium
3062 1756 3115 1809 in
3142 1754 3246 1809 ﬁne
3276 1755 3519 1809 omnium

1956 1846 2277 1900 traderetur.
2310 1844 2685 1916 Videnturque
2732 1845 2864 1899 ntilni
2897 1845 2951 1898 hi
2998 1852 3231 1914 quatuor
3258 1843 3520 1898 Filiorum

258 1929 491 1985 κάθοδον
518 1934 616 2005 τὴν
644 1936 724 1998 είς
754 1934 845 1987 τὸν
875 1935 1006 2005 ᾅδην
1035 1935 1130 1988 τοῦ
1158 1937 1407 2008 Σωτῆρος
1443 1936 1599 2007 ἡμῶν
1634 1935 1838 2009 περιεί-

1945 1936 2085 1991 Core
2138 1937 2352 2007 psalmi,
2402 1953 2597 2007 nempe
2646 1953 2878 2002 Lxxxul,
2933 1952 3152 2000 uxxrv,
3215 1951 3410 1989 tum
3466 1942 3523 1989 et

256 2021 435 2094 ληφεν
458 2063 475 2087 ,
509 2024 696 2097 ὥσπερ
725 2026 1039 2097 ἐξεπίτηδες
1070 2027 1508 2099 ταμιευσαμένω
1549 2027 1644 2081 τοῦ
1684 2028 1843 2096 λόγου

255 2114 326 2170 τὺ
356 2119 649 2189 μυστήριον
670 2118 762 2173 τοῦ
788 2119 1017 2175 θανάτου
1042 2119 1134 2173 ἐπὶ
1156 2119 1300 2173 τέλει
1322 2119 1416 2173 τοῦ
1445 2121 1647 2185 παντὸς
1668 2137 1847 2191 παρα-

254 2206 462 2262 δοῦναι.
495 2210 604 2263 Καί
634 2228 725 2281 μοι
749 2211 1001 2266 δοκοῦσιν
1026 2214 1075 2266 οί
1098 2212 1147 2265 δ’
1181 2206 1327 2266 οὗτοι
1359 2212 1481 2265 Τῶν
1516 2212 1648 2265 υἱῶν
1678 2213 1843 2283 Κορὲ,

255 2295 406 2367 λέγω
426 2299 479 2352 δὲ
497 2302 525 2353 6
552 2300 732 2372 τρίτος
752 2302 845 2356 καὶ
874 2308 956 2367 π’,
985 2304 1078 2357 καὶ
1100 2307 1129 2359 6
1152 2304 1206 2357 δ’
1233 2305 1329 2357 καὶ
1360 2323 1401 2358 π
1421 2309 1453 2370 ’,
1483 2305 1512 2358 ὃ
1536 2321 1597 2357 τε
1624 2310 1732 2369 πς⁹
1757 2304 1855 2358 καὶ

253 2392 287 2444 6
311 2390 385 2454 πζ
397 2391 410 2409 ’
430 2390 574 2461 ἔχειν
600 2392 719 2446 τινὰ
735 2393 870 2465 πρὸς
885 2394 1145 2465 ἀλλήλους
1166 2395 1505 2449 ἀκολουθίαν.
1537 2396 1595 2448 '0
1615 2386 1841 2466 μὲνγὰρ
1884 2428 1892 2436 -

257 2480 368 2550 σῖγ’
398 2480 583 2552 capio;
615 2482 749 2536 Θεοῦ
782 2485 1081 2557 παρουσίαν
1113 2487 1191 2550 εἰς
1222 2484 1543 2559 ἀνθρώπους
1575 2486 1668 2540 καὶ
1706 2487 1843 2556 Χρι-

256 2571 389 2633 στοῦ
420 2576 756 2647 προφητείαν
781 2578 1037 2649 ὀνομαστὶ
1066 2581 1368 2650 περιεῖχενο
1402 2579 1430 2631 6
1462 2578 1519 2632 δὲ
1543 2575 1675 2649 ἑξῆς
1695 2576 1846 2648 αὐτῷ

253 2660 295 2741 ᾔ
339 2667 500 2738 τάχος
531 2670 814 2741 ἐπιστῆναι
869 2670 939 2724 τὰ
967 2670 1369 2743 τεθεσπισμένα
1418 2670 1650 2743 ηὔχετο·
1705 2671 1734 2723 6
1783 2669 1842 2723 δὲ

1942 2040 2161 2079 Lxxxvn
2195 2025 2401 2096 aliquid
2446 2026 2806 2082 conuexionis
2840 2025 2984 2081 inter
3030 2041 3089 2081 se
3129 2025 3351 2081 habere.
3384 2024 3519 2079 Nam

1945 2132 2150 2171 uuln
2197 2116 2289 2172 Dei
2327 2118 2620 2173 adventum
2667 2118 2732 2172 ad
2775 2118 3029 2173 homines
3067 2125 3122 2173 et
3152 2118 3356 2173 Christi
3390 2132 3523 2188 pro-

1947 2210 2181 2279 phetiam
2219 2207 2507 2264 manifeste
2559 2210 2974 2280 complectitur;
3012 2224 3248 2280 sequens
3295 2224 3424 2263 vero
3458 2224 3523 2265 ea

1949 2316 2069 2371 qua:
2101 2300 2156 2353 in
2189 2298 2445 2352 vaticinio
2472 2297 2792 2353 ferebantur
2822 2301 3224 2368 quamprimum
3261 2300 3525 2356 accedere

1949 2390 2275 2461 precabatur
2318 2408 2332 2443 :
2368 2389 2681 2458 pneccdens
2742 2399 2924 2446 autem
2986 2392 3229 2461 psalmus
3282 2392 3404 2461 ejus
3463 2392 3527 2446 in

1949 2497 2116 2538 carne
2158 2488 2337 2535 ortmn
2387 2481 2500 2551 jam
2546 2482 2962 2547 subiudieabat;
3019 2482 3107 2537 hic
3146 2498 3273 2537 vero
3322 2498 3521 2538 conse-

1951 2582 2183 2645 quenter
2211 2572 2278 2626 ad
2306 2587 2401 2628 eos
2429 2588 2619 2627 omnes
2660 2582 2889 2627 mortem
2912 2572 3055 2643 ejus,
3094 2586 3256 2643 quam
3286 2588 3383 2642 pro
3414 2572 3515 2628 ho-

1954 2668 2193 2723 minibus
2219 2666 2485 2736 suscepit,
2521 2666 2874 2736 praenuntiat.

254 2757 368 2830 πρὸ
389 2758 482 2813 τοῦ
515 2760 651 2831 μετά
672 2764 860 2834 χεῖρας
888 2762 987 2834 ἤδη
1013 2763 1113 2835 τὴν
1138 2762 1403 2835 ἐνσαρκον
1424 2761 1589 2817 αὐτοῦ
1618 2761 1833 2831 γένεσιν
1865 2759 2113 2831 ᾐνίττετο
2131 2776 2144 2789 ·
2175 2756 2384 2821 τούτοις
2405 2755 2461 2809 δὲ
2498 2757 2664 2809 πᾶσιν
2729 2755 3038 2821 ἀκολούθως
3072 2757 3104 2810 6
3163 2754 3522 2829 προκείμενος

251 2851 348 2907 τὸν
373 2853 598 2908 θάνατον
617 2897 631 2921 ,
660 2856 720 2908 ὃν
753 2857 891 2929 ὑπὲρ
917 2856 1015 2911 ἀνθ
1026 2857 1222 2930 ρώπων
1244 2858 1530 2923 ἀνεδέξατο
1550 2899 1565 2923 ,
1590 2859 2009 2929 ειτροαναερωνεῒ.⁷

326 2971 503 3037 Κύριε
521 2972 557 3023 ὁ
580 2970 724 3037 Θεὸς
744 2970 851 3039 τῆς
879 2975 1176 3042 σωτηρίας
1191 2992 1330 3044 μου,
1353 2973 1577 3043 ἡμέρας
1593 2972 1836 3042 ἐκέκρα-

249 3058 334 3125 ξα
352 3102 366 3126 ,
396 3062 490 3114 καί
525 3062 599 3115 ἐν
620 3062 793 3116 νυκτὶ
822 3065 1102 3120 ἐναντίον
1131 3082 1267 3119 σου.
1304 3064 1637 3121 Εἰσενίθέτω
1668 3066 1835 3119 ἐναν-

2018 2970 2234 3024 Domine
2265 2968 2405 3024 Deus
2432 2968 2623 3024 salutis
2659 2984 2806 3031 ntere,
2840 2967 2891 3021 in
2921 2965 3006 3020 die
3036 2965 3266 3020 clamavi
3290 2975 3338 3019 et
3372 2973 3521 3017 nocte

1940 3080 2119 3118 coram
2161 3071 2229 3117 te.
2266 3092 2336 3101 —-
2364 3059 2529 3116 Vsns.
2563 3061 2617 3115 3.
2664 3059 2833 3115 Intret
2873 3059 2925 3113 in
2951 3066 3222 3126 conspectu
3276 3069 3364 3110 tuo
3395 3072 3519 3110 ora-

248 3153 392 3207 τίον
416 3167 530 3207 σου
560 3156 598 3223 ἠ
634 3157 943 3227 προσευχὴ
969 3176 1108 3227 μου,
1138 3159 1351 3212 κλῖνον
1376 3160 1442 3212 τὸ
1468 3154 1577 3227 οὖς
1604 3172 1722 3213 σου
1747 3160 1835 3225 εὶς

1944 3156 2017 3207 tio
2048 3171 2201 3208 mea:
2230 3153 2427 3208 inclina
2460 3171 2640 3209 aurem
2689 3163 2835 3207 tuam
2880 3150 2952 3204 ad
2980 3166 3179 3218 precem
3231 3165 3421 3204 meam.
3459 3148 3517 3203 In

249 3242 375 3312 τὴν
392 3242 602 3312 δέησίν
620 3258 761 3315 μου.
796 3247 884 3299 Ἐν
908 3247 987 3317 τῷ
1009 3254 1106 3301 κα⁹
1130 3248 1329 3318 ψαλμῷ
1350 3248 1441 3301 καὶ
1464 3246 1613 3318 αὐτῷ
1641 3248 1721 3311 είς
1748 3246 1837 3301 τὸν

248 3332 492 3409 Χριστὸν
512 3337 919 3409 ἀναφερομένῳ,
939 3338 1033 3393 καὶ
1053 3339 1111 3393 τὸ
1133 3340 1300 3403 πάθος
1321 3338 1483 3392 αὐτοῦ
1506 3337 1693 3408 σαφῶς
1715 3354 1839 3410 προ-

249 3424 576 3496 φητεύοντι,
606 3426 743 3498 ὅπερ
783 3426 872 3480 διὰ
914 3427 1012 3499 τῆς
1037 3430 1212 3500 ἀρχῆς
1250 3428 1577 3499 παρίστησιν
1609 3430 1638 3482 6
1682 3428 1839 3499 λόγος

249 3516 512 3588 φάσκων·
539 3519 794 3586 Ὀοϐεός,
822 3521 855 3573 ὁ
891 3521 1035 3586 Θεός
1060 3538 1201 3590 μου,
1223 3522 1490 3591 πρόσχες
1512 3538 1636 3591 μοι,
1657 3521 1759 3576 ἵνα
1782 3522 1839 3574 τί

248 3608 639 3678 ἐγκατέλιπές
681 3627 794 3681 ys;
838 3611 866 3665 ὃ
915 3612 1008 3666 καὶ
1045 3612 1467 3685 μεμαρτύρηται
1517 3611 1661 3667 κατά
1693 3611 1837 3678 λέξιν

252 3702 349 3755 ἐπὶ
374 3702 466 3755 τοῦ
497 3701 703 3766 πάθους
723 3704 751 3755 6
773 3704 964 3775 Σωτὴρ
982 3706 1015 3775 ἡ
1025 3703 1140 3775 μῶν
1161 3703 1419 3776 εἰρηκὼς,
1452 3704 1590 3775 μετὰ
1616 3703 1713 3775 τὴν
1739 3703 1837 3774 ἀρ-

253 3792 358 3864 χὴν
385 3789 513 3861 ἑξῆς
539 3791 846 3862 ὲπιλέγεται
867 3811 880 3823 ·
897 3795 951 3846 Ὀ
977 3796 1122 3861 Θεός
1142 3812 1284 3864 μου,
1311 3794 1671 3864 κεκράξομαι
1692 3777 1834 3864 ὴμέέ

245 3897 384 3948 ρας,
405 3881 503 3936 καί
536 3882 647 3934 οὐκ
670 3884 1034 3952 elocutoria”,
1068 3885 1167 3937 καὶ
1199 3885 1420 3951 νυκτὸς
1439 3925 1455 3950 ,
1484 3885 1583 3939 καὶ
1613 3886 1724 3939 οὐκ
1747 3887 1835 3952 είς

250 3972 470 4027 ἄνοιαν
497 3973 648 4043 ἐμοί.
699 3976 809 4029 Καὶ
835 3977 864 4028 6
887 3975 1076 4049 παρὼν
1105 3977 1163 4031 δὲ
1194 3977 1407 4049 ψαλμός
1437 3994 1597 4049 φησιν
1616 3994 1631 4009 ’
1675 3977 1833 4047 Ἡμέ-

245 4079 362 4133 ρας
382 4064 698 4133 ἐκέκραξα,
730 4066 825 4121 καί
844 4068 913 4121 ἐν
936 4068 1108 4122 νυκτὶ
1131 4068 1410 4123 ἐναντίον
1428 4082 1567 4123 σου.
1602 4068 1711 4122 Καί
1742 4085 1833 4139 μοι

249 4150 474 4206 δοκεῖτὸ
499 4153 677 4223 λόγιον
702 4154 793 4208 τὸν
823 4155 937 4226 βίον
981 4157 1081 4228 τῆς
1106 4156 1569 4229 ἐνανθρωπήσεως
1595 4156 1690 4210 τοῦ
1720 4156 1833 4209 Σω-

249 4245 412 4316 τῆρος
449 4246 608 4316 ἡμῶν
648 4247 986 4319 ὑπογράφειν
1005 4249 1093 4303 διὰ
1125 4250 1308 4322 πάσης
1336 4251 1397 4303 οὐ
1431 4250 1591 4321 μόνον
1616 4249 1831 4322 ἡμέρας

249 4334 389 4388 ἀλλὰ
434 4335 529 4388 καὶ
550 4336 744 4399 νυκτὸς
773 4337 1131 4408 ἀνακειμένου
1161 4338 1241 4410 τῷ
1272 4338 1413 4410 Θεῷ.
1472 4340 1624 4409 Ἔχει
1648 4338 1706 4392 δὲ
1737 4339 1830 4392 καὶ

249 4426 311 4480 ἑν
358 4430 469 4491 τοῖς
516 4428 865 4498 Εὑαγγελίοις
912 4430 1059 4495 ὅπως
1108 4434 1228 4495 ταῖς
1278 4432 1464 4503 εὐχαῖς
1506 4430 1597 4485 διά
1632 4431 1831 4495 παντὸς

1943 3248 2206 3304 vicesimo
2252 3247 2428 3317 primo
2478 3248 2705 3317 psalmo,
2753 3246 2847 3318 qui
2896 3243 3197 3321 itidenrazl
3243 3242 3518 3297 Christum

1942 3338 2201 3404 refertur,
2238 3338 2468 3407 ejusque
2503 3339 2813 3408 passionem
2857 3346 3041 3406 aperte
3065 3333 3415 3398 vaticinatur,
3456 3341 3519 3389 ut

1940 3431 2009 3485 ah
2044 3429 2197 3484 initio
2226 3429 2537 3485 declaratur
2565 3430 2650 3485 his
2670 3428 2870 3491 verbis,
2904 3427 3039 3481 Deus
3076 3426 3212 3480 Deus
3242 3442 3406 3489 meus,
3437 3442 3518 3480 re-

1939 3521 2078 3590 spice
2101 3521 2155 3574 in
2184 3536 2285 3583 me,
2318 3537 2480 3590 quare
2522 3537 2601 3574 me
2635 3519 2961 3590 dereliquisti
2984 3518 3031 3550 ⁸⁸
3051 3518 3109 3570 '?
3140 3517 3284 3587 quod
3324 3514 3517 3571 Salva—

1939 3619 2112 3668 torem
2138 3612 2205 3667 ad
2239 3612 2462 3667 verbum
2486 3613 2540 3666 in
2574 3611 2828 3681 passione
2858 3610 3066 3666 dixisse
3100 3616 3384 3674 narratur;
3410 3614 3516 3662 sta-

1940 3703 2033 3756 tim
2078 3713 2198 3772 post
2224 3703 2440 3757 initium
2488 3701 2730 3765 additur,
2781 3700 2920 3755 Deus
2955 3715 3100 3754 meus
3141 3696 3384 3757 clamabo
3425 3711 3518 3767 per

1936 3792 2071 3848 diem
2098 3802 2147 3847 et
2173 3809 2276 3847 non
2304 3792 2577 3858 claudier,
2606 3800 2655 3846 et
2686 3799 2834 3845 nocte
2851 3800 2900 3843 et
2931 3806 3036 3844 non
3059 3786 3129 3843 ad
3156 3787 3515 3856 insipientiam

1939 3884 2088 3940 mihi.
2129 3883 2377 3940 Praesens
2406 3885 2533 3938 item
2565 3882 2809 3954 psalmus
2850 3881 2946 3945 ait,
2979 3880 3044 3935 In
3078 3879 3162 3934 die
3197 3880 3426 3934 clamavi
3461 3886 3515 3934 et

1936 3986 2087 4032 nocte
2113 3984 2293 4032 coram
2319 3988 2385 4032 te.
2413 3976 2745 4048 Videturque
2776 3975 2907 4030 mihi
2927 3975 3013 4031 his
3040 3974 3392 4030 subiudicare
3429 3982 3514 4028 to-

1938 4074 2050 4122 tam
2078 4068 2344 4124 incaruati
2383 4067 2683 4125 Salvatoris
2716 4068 2891 4123 nostri
2922 4069 3111 4128 vitam,
3141 4081 3263 4136 quae
3292 4080 3402 4119 non
3434 4079 3521 4120 so-

1935 4162 2048 4216 lum
2084 4162 2172 4216 die
2220 4163 2314 4218 sed
2349 4163 2515 4218 etiam
2570 4169 2731 4217 nocte
2777 4159 2887 4216 Deo
2931 4166 3253 4213 consecrata
3300 4156 3421 4211 fuit.
3459 4157 3515 4210 lu

1933 4249 2243 4322 Evangeliis
2294 4268 2458 4323 porro
2504 4250 2708 4305 dicitur
2740 4265 2866 4306 eum
2917 4263 3132 4317 semper
3173 4244 3516 4302 orationibus

1933 4358 2179 4399 vacasse.
2215 4342 2272 4398 In
2306 4344 2560 4413 presenti
2585 4357 2714 4398 vero
2738 4341 2950 4396 Patrem
2984 4339 3241 4393 obsecrat
3269 4344 3326 4392 et
3357 4343 3515 4407 rogat

1931 4444 1994 4489 ut
2026 4435 2253 4491 inclinet
2287 4451 2483 4490 aurem
2505 4434 2571 4489 ad
2600 4448 2817 4505 precem
2859 4446 3049 4497 suam;
3091 4429 3143 4483 id
3175 4435 3282 4492 est,
3310 4436 3371 4482 ut
3414 4444 3516 4482 an-

249 4519 560 4591 ἐσχόλαζεν.
612 4521 737 4575 Ἐπὶ
781 4522 837 4576 δὲ
857 4521 950 4576 τοῦ
991 4523 1255 4595 παρόντος
1278 4524 1457 4578 δέεται
1495 4524 1595 4578 τοῦ
1614 4523 1826 4596 Πατρὸς

1944 4539 2071 4584 nuat
2113 4531 2470 4601 petitionibus
2512 4530 2652 4585 suis.
2692 4528 2860 4599 quue
2897 4535 3153 4598 precatur
3186 4533 3375 4595 utpote
3415 4528 3511 4594 qui

249 4609 348 4666 καὶ
390 4612 535 4679 ἀξιοῖ
581 4612 760 4668 κλῖναι
791 4614 851 4668 τὸ
901 4609 998 4681 οὖς
1055 4615 1189 4687 πρὸς
1238 4616 1336 4686 τὴν
1387 4615 1572 4686 δέησιν
1622 4615 1822 4671 αὐτοῦ’

246 4704 525 4758 τουτέστιν
554 4704 835 4762 ἐπινεῦσαι
876 4708 988 4769 τοῖς
1022 4708 1315 4777 αἰτήμασιν
1345 4708 1529 4761 αὑτοῦ.
1557 4709 1665 4761 Καὶ
1684 4708 1825 4761 τοῦτ’

246 4796 488 4866 εὔχεται,
511 4796 587 4861 ὡς
616 4797 687 4851 ἂν
706 4798 913 4868 μέλλων
941 4798 1081 4869 ὑπὲρ
1103 4800 1358 4854 ἀπάντων
1382 4800 1491 4854 τῶν
1512 4801 1702 4863 ἐθνῶν,
1728 4801 1829 4853 αὐ-

246 4889 340 4953 τὸς
362 4890 553 4943 ἑαυτὸν
572 4889 647 4960 τῷ
668 4891 841 4962 Πατρὶ
865 4895 1192 4963 προσφέρειν
1217 4892 1425 4947 θυσίαν.
1451 4894 1630 4948 Πολλά
1647 4894 1703 4949 δὲ
1729 4911 1829 4947 πε⁶

250 4981 306 5053 pi.
333 4980 426 5034 τοῦ
464 4981 596 5035 ἰδίου
624 4982 855 5036 θανάτου
889 4982 1095 5053 μέλλων
1127 4983 1255 5055 ἑξῆς
1284 4984 1569 5051 διεξιέναι,
1601 4988 1743 5061 ὀρῶν
1764 5006 1825 5042 τε

243 5069 346 5144 τὴν
369 5072 509 5143 μετά
531 5070 757 5127 θάνατον
779 5073 1159 5146 διαδεξομένην
1179 5074 1342 5128 αὑτὸν
1368 5079 1663 5148 σωτηρίαν,
1683 5079 1826 5134 είκόο

245 5179 359 5226 τως
377 5162 478 5235 τὴν
507 5165 764 5237 ἀπαρχὴν
790 5166 886 5221 τοῦ
906 5167 1121 5239 ψαλμοῦ
1141 5170 1209 5239 τῇ
1236 5168 1400 5221 αὑτοῦ
1431 5171 1674 5241 σωτηρίᾳ
1693 5188 1828 5243 προ-

242 5251 430 5309 λαϐὼν
458 5254 772 5327 ἀνατίθησι·
802 5256 881 5310 διό
914 5276 1071 5329 φησι,
1094 5260 1269 5327 Κύριε
1291 5261 1323 5313 ό
1346 5260 1491 5326 Θεὸς
1510 5261 1621 5328 τῆς
1642 5277 1827 5329 σωτη-

233 5345 380 5413 ρίας
399 5356 542 5415 μου.
575 5348 703 5402 Ὅτι
729 5348 1007 5417 ἐπλήσθη
1035 5348 1237 5403 κακῶν
1266 5351 1305 5417 ἡ
1344 5353 1516 5421 ψυχή
1538 5370 1687 5421 μου,
1728 5354 1827 5408 καὶ

243 5434 281 5501 ἠ
314 5433 427 5502 ζωή
452 5455 572 5507 μου
609 5438 690 5504 τῷ
721 5440 835 5508 (ἴδῃ
870 5440 1114 5509 {fry/0's,
1148 5446 1637 5512 προσελογίσθην
1671 5448 1821 5513 μετὰ

244 5526 364 5583 τῶν
391 5530 869 5583 καταϐαινόντων
897 5534 984 5596 εἷς
1007 5529 1260 5584 λάκκον.
1291 5533 1483 5601 Σαφῶς
1503 5534 1592 5587 διὰ
1621 5535 1823 5591 τούτων

239 5619 344 5691 τὴν
386 5621 467 5685 είς
498 5620 590 5674 τὸν
620 5621 766 5692 ᾅδην
799 5623 1021 5677 κάθοδον
1053 5623 1217 5677 αὑτοῦ
1259 5625 1591 5696 παρίστησι,
1631 5628 1726 5682 καὶ
1756 5630 1825 5683 «ca.

241 5711 394 5767 κακὰ
435 5704 512 5766 ὧν
557 5714 946 5785 πεπληρῶσθαι
994 5715 1188 5769 ἑαυτοῦ
1234 5715 1437 5785 ἔφασκε
1483 5718 1580 5789 τὴν
1626 5720 1823 5793 ψυχήν.

321 5864 367 5895 ³⁸
407 5862 469 5917 lll
508 5864 636 5935 licg.
677 5882 745 5929 ιν,
784 5865 868 5919 51.
950 5866 1014 5897 η’
1055 5866 1177 5921 l‘sal
1237 5883 1357 5922 ΧΥ.
1393 5866 1453 5924 2.

1938 4635 2038 4690 pro
2066 4622 2326 4677 omnibus
2353 4622 2609 4693 gentibus
2640 4620 2759 4691 ipse
2799 4635 2859 4675 se
2888 4617 3036 4673 Patri
3074 4617 3129 4673 in
3178 4615 3511 4673 sacriﬁcium

1932 4712 2223 4769 oblaturus
2251 4722 2418 4770 esset.
2458 4711 2595 4767 Cum
2630 4720 2810 4767 autem
2867 4709 3036 4764 multa
3076 4709 3145 4764 de
3190 4715 3365 4762 morte
3410 4721 3511 4762 sua

1933 4802 2192 4876 deinceps
2223 4816 2569 4868 narraturus,
2614 4803 2956 4876 prospiceret
2988 4816 3106 4857 eam
3138 4816 3261 4871 quae
3300 4816 3360 4855 se
3386 4806 3510 4870 post

1933 4909 2163 4953 Illortem
2193 4909 2489 4969 exceptura
2513 4903 2632 4952 erat
2666 4896 2924 4955 salutem,
2955 4892 3169 4949 initimn
3197 4890 3388 4962 psalmi
3416 4905 3508 4943 sa-

1934 4994 2032 5048 lnti
2081 5008 2194 5047 suae
2256 4997 2621 5059 congruenter
2671 4984 2908 5055 applicat
2961 4999 3087 5037 cum
3140 4982 3260 5036 ait:
3291 4979 3510 5041 Domine

1933 5087 2073 5142 Deus
2125 5085 2316 5141 salutis
2361 5099 2510 5137 urere.
2542 5078 2802 5135 —Vt:ns.
2829 5078 2885 5141 4,
2922 5077 2974 5132 5.
3013 5077 3152 5143 Quia
3199 5076 3398 5144 repleta
3430 5081 3506 5125 est

1933 5181 2090 5234 malis
2117 5179 2300 5233 animo
2335 5193 2470 5239 mea,
2509 5185 2561 5229 et
2589 5177 2698 5230 vita
2738 5190 2854 5228 mea
2881 5171 3088 5241 inferno
3115 5167 3505 5238 appropinqua-

1933 5273 2039 5334 vit,
2083 5270 2378 5325 estimatio:
2436 5284 2554 5321 sum
2600 5282 2718 5319 cum
2765 5260 3194 5319 descendentibus
3221 5258 3277 5311 in
3307 5256 3500 5307 Ιασιιηι.

1934 5362 2028 5417 llis
2049 5360 2378 5417 descensum
2399 5359 2466 5413 ad
2497 5357 2705 5413 inferos
2730 5370 2892 5411 suum
2917 5352 3205 5407 manifeste
3236 5344 3500 5403 declarat,

1927 5470 2143 5511 necnon
2167 5445 2308 5507 mala
2340 5454 2427 5507 illa
2448 5452 2603 5522 queis
2622 5450 2873 5505 alnictam
2900 5446 3136 5500 animam
3160 5452 3310 5493 suam
3335 5435 3356 5487 l
3357 5434 3504 5488 uisse

1930 5545 2274 5601 testiﬁcatur.
2353 5544 2490 5598 Mala
2546 5557 2715 5604 vero,
2798 5534 3138 5594 calamitates
3200 5524 3431 5595 appellat
3481 5542 3495 5579 :

1933 5649 2057 5690 nam
2112 5635 2238 5690 mali
2292 5651 2488 5691 nomen
2534 5634 2699 5688 latius
2760 5624 3119 5694 intelligitur;
3171 5618 3286 5672 sive
3331 5616 3499 5670 etiam

1936 5726 2020 5783 his
2050 5727 2249 5784 indicat
2282 5728 2558 5783 hominum
2596 5723 2879 5781 malitiam,
2917 5728 3021 5785 qua
3058 5711 3314 5779 replrbtm
3361 5705 3511 5767 όίιίι
