  <div class='ocr_page' id='page_1' title='image "/cluster/home/n/w/nwhite01/storage/ocr_20150623/23/hvd.32044073501116/538.png"; bbox 0 0 3990 6202; ppageno 0'>
   <div class='ocr_carea' id='block_1_1' title="bbox 260 211 401 267">
    <p class='ocr_par' dir='ltr' id='par_1_1' title="bbox 260 211 401 267">
     <span class='ocr_line' id='line_1_1' title="bbox 260 211 401 267; baseline 0.021 -2"><span class='ocrx_word' id='word_1_1' title='bbox 260 211 401 267; x_wconf 74' lang='grc'><strong><em>1063</em></strong></span> 
     </span>
    </p>
   </div>
   <div class='ocr_carea' id='block_1_2' title="bbox 1416 210 2392 269">
    <p class='ocr_par' dir='ltr' id='par_1_2' title="bbox 1416 210 2392 269">
     <span class='ocr_line' id='line_1_2' title="bbox 1416 210 2392 269; baseline -0.002 0"><span class='ocrx_word' id='word_1_2' title='bbox 1416 211 1916 269; x_wconf 65' lang='grc' dir='ltr'><strong><em>(ΞΟΜΜΕΝΤΑΒΙΔ</em></strong></span> <span class='ocrx_word' id='word_1_3' title='bbox 1942 211 2015 266; x_wconf 78' lang='lat' dir='ltr'><strong>1N</strong></span> <span class='ocrx_word' id='word_1_4' title='bbox 2053 210 2205 268; x_wconf 80' lang='lat' dir='ltr'><strong><em>PSAI</em></strong></span> <span class='ocrx_word' id='word_1_5' title='bbox 2213 211 2392 269; x_wconf 63' lang='lat'><strong><em>.3103.</em></strong></span> 
     </span>
    </p>
   </div>
   <div class='ocr_carea' id='block_1_3' title="bbox 3280 215 3488 281">
    <p class='ocr_par' dir='ltr' id='par_1_3' title="bbox 3280 215 3488 281">
     <span class='ocr_line' id='line_1_3' title="bbox 3280 215 3488 281; baseline 0.014 -14"><span class='ocrx_word' id='word_1_6' title='bbox 3280 276 3285 281; x_wconf 48' lang='grc'><strong><em>,</em></strong></span> <span class='ocrx_word' id='word_1_7' title='bbox 3353 215 3488 270; x_wconf 76' lang='lat' dir='ltr'><strong><em>loss</em></strong></span> 
     </span>
    </p>
   </div>
   <div class='ocr_carea' id='block_1_4' title="bbox 255 323 1812 400">
    <p class='ocr_par' dir='ltr' id='par_1_4' title="bbox 255 325 1812 400">
     <span class='ocr_line' id='line_1_4' title="bbox 255 325 1812 400; baseline -0.001 -20"><span class='ocrx_word' id='word_1_8' title='bbox 255 328 345 381; x_wconf 81' lang='grc' dir='ltr'>ἵνα</span> <span class='ocrx_word' id='word_1_9' title='bbox 374 326 598 397; x_wconf 53' lang='grc' dir='ltr'>γένηται</span> <span class='ocrx_word' id='word_1_10' title='bbox 641 327 811 397; x_wconf 77' lang='grc' dir='ltr'>ἀμνὸς</span> <span class='ocrx_word' id='word_1_11' title='bbox 857 326 991 381; x_wconf 74' lang='grc' dir='ltr'>Θεοῦ</span> <span class='ocrx_word' id='word_1_12' title='bbox 1040 328 1135 380; x_wconf 81' lang='grc' dir='ltr'>καὶ</span> <span class='ocrx_word' id='word_1_13' title='bbox 1184 327 1450 400; x_wconf 66' lang='grc' dir='ltr'>πρόδοτον</span> <span class='ocrx_word' id='word_1_14' title='bbox 1504 325 1812 398; x_wconf 80' lang='grc' dir='ltr'>ἱερουργού-</span> 
     </span>
    </p>
   </div>
   <div class='ocr_carea' id='block_1_5' title="bbox 1913 323 3493 400">
    <p class='ocr_par' dir='ltr' id='par_1_5' title="bbox 1921 323 3493 395">
     <span class='ocr_line' id='line_1_5' title="bbox 1921 323 3493 395; baseline 0.006 -17"><span class='ocrx_word' id='word_1_15' title='bbox 1921 323 1990 378; x_wconf 76' lang='lat' dir='ltr'><strong><em>Et</em></strong></span> <span class='ocrx_word' id='word_1_16' title='bbox 2014 325 2098 380; x_wconf 77' lang='lat' dir='ltr'><strong><em>hic</em></strong></span> <span class='ocrx_word' id='word_1_17' title='bbox 2129 336 2344 393; x_wconf 89' lang='lat' dir='ltr'><strong><em>peccata</em></strong></span> <span class='ocrx_word' id='word_1_18' title='bbox 2381 332 2564 378; x_wconf 89' lang='lat' dir='ltr'><strong><em>nostra</em></strong></span> <span class='ocrx_word' id='word_1_19' title='bbox 2596 333 2797 393; x_wconf 86' lang='lat' dir='ltr'><strong><em>portat,</em></strong></span> <span class='ocrx_word' id='word_1_20' title='bbox 2824 334 2874 380; x_wconf 83' lang='lat' dir='ltr'><strong><em>et</em></strong></span> <span class='ocrx_word' id='word_1_21' title='bbox 2902 341 2996 395; x_wconf 89' lang='lat' dir='ltr'><strong><em>pro</em></strong></span> <span class='ocrx_word' id='word_1_22' title='bbox 3023 325 3171 381; x_wconf 90' lang='lat' dir='ltr'><strong><em>nobis</em></strong></span> <span class='ocrx_word' id='word_1_23' title='bbox 3202 329 3493 387; x_wconf 72' lang='lat' dir='ltr'><strong><em>cruciatur.</em></strong></span> 
     </span>
    </p>
   </div>
   <div class='ocr_carea' id='block_1_6' title="bbox 255 418 1820 491">
    <p class='ocr_par' dir='ltr' id='par_1_6' title="bbox 255 418 1820 491">
     <span class='ocr_line' id='line_1_6' title="bbox 255 418 1820 491; baseline -0.001 -19"><span class='ocrx_word' id='word_1_24' title='bbox 255 435 419 489; x_wconf 84' lang='grc' dir='ltr'>μενον</span> <span class='ocrx_word' id='word_1_25' title='bbox 450 418 594 489; x_wconf 78' lang='grc' dir='ltr'><strong><em>ὑπὲρ</em></strong></span> <span class='ocrx_word' id='word_1_26' title='bbox 633 419 732 490; x_wconf 83' lang='grc' dir='ltr'><strong><em>τῆς</em></strong></span> <span class='ocrx_word' id='word_1_27' title='bbox 763 419 857 473; x_wconf 78' lang='grc' dir='ltr'>τοῦ</span> <span class='ocrx_word' id='word_1_28' title='bbox 905 419 1110 490; x_wconf 79' lang='grc' dir='ltr'>κόσμου</span> <span class='ocrx_word' id='word_1_29' title='bbox 1145 423 1438 491; x_wconf 68' lang='grc' dir='ltr'>σωτηρίας.</span> <span class='ocrx_word' id='word_1_30' title='bbox 1472 418 1675 491; x_wconf 83' lang='grc' dir='ltr'><strong><em>Διόπερ</em></strong></span> <span class='ocrx_word' id='word_1_31' title='bbox 1707 418 1820 471; x_wconf 72' lang='grc' dir='ltr'><strong><em>ἔλε-</em></strong></span> 
     </span>
    </p>
   </div>
   <div class='ocr_carea' id='block_1_7' title="bbox 250 508 1819 581">
    <p class='ocr_par' dir='ltr' id='par_1_7' title="bbox 250 508 1819 581">
     <span class='ocr_line' id='line_1_7' title="bbox 250 508 1819 581; baseline 0 -19"><span class='ocrx_word' id='word_1_32' title='bbox 250 525 316 579; x_wconf 81' lang='grc' dir='ltr'>γε</span> <span class='ocrx_word' id='word_1_33' title='bbox 351 511 448 563; x_wconf 70' lang='grc' dir='ltr'>καὶ</span> <span class='ocrx_word' id='word_1_34' title='bbox 485 510 516 561; x_wconf 82' lang='grc' dir='ltr'>ὁ</span> <span class='ocrx_word' id='word_1_35' title='bbox 540 512 826 581; x_wconf 68' lang='grc' dir='ltr'>προφήτης</span> <span class='ocrx_word' id='word_1_36' title='bbox 844 528 857 540; x_wconf 93' lang='grc'><strong>·</strong></span> <span class='ocrx_word' id='word_1_37' title='bbox 888 510 997 564; x_wconf 81' lang='lat' dir='ltr'><strong><em>Kal</em></strong></span> <span class='ocrx_word' id='word_1_38' title='bbox 1029 512 1242 579; x_wconf 81' lang='grc' dir='ltr'>Κύριος</span> <span class='ocrx_word' id='word_1_39' title='bbox 1268 508 1609 578; x_wconf 78' lang='grc' dir='ltr'>παρέδωκεν</span> <span class='ocrx_word' id='word_1_40' title='bbox 1633 508 1819 563; x_wconf 81' lang='grc' dir='ltr'>αὑτὸν</span> 
     </span>
    </p>
   </div>
   <div class='ocr_carea' id='block_1_8' title="bbox 254 597 1816 669">
    <p class='ocr_par' dir='ltr' id='par_1_8' title="bbox 254 597 1816 669">
     <span class='ocr_line' id='line_1_8' title="bbox 254 597 1816 669; baseline 0.001 -18"><span class='ocrx_word' id='word_1_41' title='bbox 254 597 380 665; x_wconf 76' lang='grc' dir='ltr'>ταῖς</span> <span class='ocrx_word' id='word_1_42' title='bbox 417 600 726 668; x_wconf 79' lang='grc' dir='ltr'><strong><em>ἁμαρτίαις</em></strong></span> <span class='ocrx_word' id='word_1_43' title='bbox 770 599 955 669; x_wconf 74' lang='grc' dir='ltr'>ἡμῶν.</span> <span class='ocrx_word' id='word_1_44' title='bbox 1010 601 1120 655; x_wconf 84' lang='lat' dir='ltr'><strong><em>Kal</em></strong></span> <span class='ocrx_word' id='word_1_45' title='bbox 1168 597 1346 667; x_wconf 81' lang='grc' dir='ltr'>οὗτος</span> <span class='ocrx_word' id='word_1_46' title='bbox 1385 601 1493 666; x_wconf 83' lang='grc' dir='ltr'><strong><em>τὰς</em></strong></span> <span class='ocrx_word' id='word_1_47' title='bbox 1528 600 1816 669; x_wconf 77' lang='grc' dir='ltr'>ἁμαρτιας</span> 
     </span>
    </p>
   </div>
   <div class='ocr_carea' id='block_1_9' title="bbox 252 689 1815 761">
    <p class='ocr_par' dir='ltr' id='par_1_9' title="bbox 252 689 1815 761">
     <span class='ocr_line' id='line_1_9' title="bbox 252 689 1815 761; baseline 0 -18"><span class='ocrx_word' id='word_1_48' title='bbox 252 689 422 758; x_wconf 75' lang='grc' dir='ltr'>ἡμῶν</span> <span class='ocrx_word' id='word_1_49' title='bbox 450 690 634 759; x_wconf 62' lang='grc' dir='ltr'>φέρει,</span> <span class='ocrx_word' id='word_1_50' title='bbox 662 691 759 743; x_wconf 75' lang='grc' dir='ltr'>καὶ</span> <span class='ocrx_word' id='word_1_51' title='bbox 790 691 920 760; x_wconf 73' lang='grc' dir='ltr'>περὶ</span> <span class='ocrx_word' id='word_1_52' title='bbox 957 691 1123 761; x_wconf 78' lang='grc' dir='ltr'>ἡμῶν</span> <span class='ocrx_word' id='word_1_53' title='bbox 1151 689 1451 745; x_wconf 81' lang='grc' dir='ltr'><strong><em>ὀδυνᾶται.</em></strong></span> <span class='ocrx_word' id='word_1_54' title='bbox 1494 690 1606 746; x_wconf 83' lang='lat' dir='ltr'><strong><em>Kal</em></strong></span> <span class='ocrx_word' id='word_1_55' title='bbox 1633 691 1815 758; x_wconf 82' lang='grc' dir='ltr'>αὐτὸς</span> 
     </span>
    </p>
   </div>
   <div class='ocr_carea' id='block_1_10' title="bbox 251 778 1810 851">
    <p class='ocr_par' dir='ltr' id='par_1_10' title="bbox 251 778 1810 851">
     <span class='ocr_line' id='line_1_10' title="bbox 251 778 1810 851; baseline 0.001 -18"><span class='ocrx_word' id='word_1_56' title='bbox 251 778 685 850; x_wconf 77' lang='grc' dir='ltr'>ἐτραυματισθη</span> <span class='ocrx_word' id='word_1_57' title='bbox 714 779 812 834; x_wconf 82' lang='grc' dir='ltr'><strong><em>διὰ</em></strong></span> <span class='ocrx_word' id='word_1_58' title='bbox 841 780 948 847; x_wconf 84' lang='grc' dir='ltr'><strong><em>τὰς</em></strong></span> <span class='ocrx_word' id='word_1_59' title='bbox 973 781 1257 850; x_wconf 76' lang='grc' dir='ltr'>ἁμαρτίας</span> <span class='ocrx_word' id='word_1_60' title='bbox 1286 779 1475 850; x_wconf 72' lang='grc' dir='ltr'>ἡμῶν,</span> <span class='ocrx_word' id='word_1_61' title='bbox 1506 781 1603 835; x_wconf 75' lang='grc' dir='ltr'>καὶ</span> <span class='ocrx_word' id='word_1_62' title='bbox 1623 798 1810 851; x_wconf 85' lang='grc' dir='ltr'>μεμα-</span> 
     </span>
    </p>
   </div>
   <div class='ocr_carea' id='block_1_11' title="bbox 250 869 1813 941">
    <p class='ocr_par' dir='ltr' id='par_1_11' title="bbox 250 869 1813 941">
     <span class='ocr_line' id='line_1_11' title="bbox 250 869 1813 941; baseline 0.001 -17"><span class='ocrx_word' id='word_1_63' title='bbox 250 871 529 924; x_wconf 78' lang='grc' dir='ltr'>λάκισται</span> <span class='ocrx_word' id='word_1_64' title='bbox 564 869 664 924; x_wconf 73' lang='grc' dir='ltr'><strong><em>διὰ</em></strong></span> <span class='ocrx_word' id='word_1_65' title='bbox 692 870 799 936; x_wconf 84' lang='grc' dir='ltr'><em>τὰς</em></span> <span class='ocrx_word' id='word_1_66' title='bbox 828 872 1076 940; x_wconf 74' lang='grc' dir='ltr'>ἀνομίας</span> <span class='ocrx_word' id='word_1_67' title='bbox 1106 870 1276 941; x_wconf 73' lang='grc' dir='ltr'>ἡμῶν</span> <span class='ocrx_word' id='word_1_68' title='bbox 1294 888 1307 902; x_wconf 90' lang='grc'><strong>·</strong></span> <span class='ocrx_word' id='word_1_69' title='bbox 1329 871 1409 938; x_wconf 83' lang='grc' dir='ltr'><strong><em>τῷ</em></strong></span> <span class='ocrx_word' id='word_1_70' title='bbox 1423 871 1667 941; x_wconf 70' lang='grc' dir='ltr'>μώαωπι</span> <span class='ocrx_word' id='word_1_71' title='bbox 1692 874 1813 927; x_wconf 86' lang='grc' dir='ltr'><strong><em>αὐ-</em></strong></span> 
     </span>
    </p>
   </div>
   <div class='ocr_carea' id='block_1_12' title="bbox 250 961 1812 1036">
    <p class='ocr_par' dir='ltr' id='par_1_12' title="bbox 250 961 1812 1036">
     <span class='ocr_line' id='line_1_12' title="bbox 250 961 1812 1036; baseline 0.002 -21"><span class='ocrx_word' id='word_1_72' title='bbox 250 962 358 1017; x_wconf 77' lang='grc' dir='ltr'><strong><em>τοῦ</em></strong></span> <span class='ocrx_word' id='word_1_73' title='bbox 393 961 562 1034; x_wconf 75' lang='grc' dir='ltr'>ἡμεῖς</span> <span class='ocrx_word' id='word_1_74' title='bbox 596 961 862 1031; x_wconf 77' lang='grc' dir='ltr'>ιάθημεν.</span> <span class='ocrx_word' id='word_1_75' title='bbox 911 964 1188 1036; x_wconf 75' lang='grc' dir='ltr'>Ἐπιφέρει</span> <span class='ocrx_word' id='word_1_76' title='bbox 1216 963 1274 1017; x_wconf 85' lang='grc' dir='ltr'><strong><em>δὲ</em></strong></span> <span class='ocrx_word' id='word_1_77' title='bbox 1300 964 1473 1034; x_wconf 81' lang='grc' dir='ltr'><em>λέγων</em></span> <span class='ocrx_word' id='word_1_78' title='bbox 1503 965 1561 1018; x_wconf 77' lang='grc' dir='ltr'>ἐν</span> <span class='ocrx_word' id='word_1_79' title='bbox 1590 961 1675 1017; x_wconf 74' lang='lat' dir='ltr'><strong><em>xu’</em></strong></span> <span class='ocrx_word' id='word_1_80' title='bbox 1701 979 1716 994; x_wconf 88' lang='grc'><strong>·</strong></span> <span class='ocrx_word' id='word_1_81' title='bbox 1759 965 1812 1018; x_wconf 89' lang='lat'><strong><em>&#39;0</em></strong></span> 
     </span>
    </p>
   </div>
   <div class='ocr_carea' id='block_1_13' title="bbox 250 1053 1814 1126">
    <p class='ocr_par' dir='ltr' id='par_1_13' title="bbox 250 1053 1814 1126">
     <span class='ocr_line' id='line_1_13' title="bbox 250 1053 1814 1126; baseline 0.003 -19"><span class='ocrx_word' id='word_1_82' title='bbox 250 1055 420 1120; x_wconf 78' lang='grc' dir='ltr'>Θεὸς,</span> <span class='ocrx_word' id='word_1_83' title='bbox 448 1053 807 1123; x_wconf 80' lang='grc' dir='ltr'>κεκράξομαι</span> <span class='ocrx_word' id='word_1_84' title='bbox 858 1054 1080 1124; x_wconf 73' lang='grc' dir='ltr'>ἡμέρας</span> <span class='ocrx_word' id='word_1_85' title='bbox 1101 1096 1118 1121; x_wconf 94' lang='grc'><strong><em>,</em></strong></span> <span class='ocrx_word' id='word_1_86' title='bbox 1162 1058 1262 1111; x_wconf 75' lang='grc' dir='ltr'>καὶ</span> <span class='ocrx_word' id='word_1_87' title='bbox 1305 1060 1417 1111; x_wconf 81' lang='grc' dir='ltr'><strong><em>οὐκ</em></strong></span> <span class='ocrx_word' id='word_1_88' title='bbox 1458 1056 1814 1126; x_wconf 78' lang='grc' dir='ltr'>εὶσακούσῃ,</span> 
     </span>
    </p>
   </div>
   <div class='ocr_carea' id='block_1_14' title="bbox 248 1150 1813 1220">
    <p class='ocr_par' dir='ltr' id='par_1_14' title="bbox 248 1150 1813 1220">
     <span class='ocr_line' id='line_1_14' title="bbox 248 1150 1813 1220; baseline -0.002 -14"><span class='ocrx_word' id='word_1_89' title='bbox 248 1153 346 1206; x_wconf 75' lang='grc' dir='ltr'>καὶ</span> <span class='ocrx_word' id='word_1_90' title='bbox 380 1152 622 1217; x_wconf 82' lang='grc' dir='ltr'><strong><em>νυκτὸς,</em></strong></span> <span class='ocrx_word' id='word_1_91' title='bbox 652 1151 751 1206; x_wconf 76' lang='grc' dir='ltr'>καὶ</span> <span class='ocrx_word' id='word_1_92' title='bbox 778 1152 887 1205; x_wconf 78' lang='grc' dir='ltr'><strong><em>οὐκ</em></strong></span> <span class='ocrx_word' id='word_1_93' title='bbox 922 1154 1010 1218; x_wconf 81' lang='grc' dir='ltr'>εὶς</span> <span class='ocrx_word' id='word_1_94' title='bbox 1039 1150 1239 1206; x_wconf 63' lang='grc' dir='ltr'>ἄνοιαν</span> <span class='ocrx_word' id='word_1_95' title='bbox 1276 1152 1440 1220; x_wconf 72' lang='grc' dir='ltr'><strong><em>ἐμοὶ·</em></strong></span> <span class='ocrx_word' id='word_1_96' title='bbox 1490 1151 1585 1205; x_wconf 81' lang='grc' dir='ltr'>καὶ</span> <span class='ocrx_word' id='word_1_97' title='bbox 1616 1153 1674 1205; x_wconf 69' lang='grc' dir='ltr'><strong><em>ἐν</em></strong></span> <span class='ocrx_word' id='word_1_98' title='bbox 1701 1155 1813 1216; x_wconf 84' lang='grc' dir='ltr'>τοῖς</span> 
     </span>
    </p>
   </div>
   <div class='ocr_carea' id='block_1_15' title="bbox 248 1239 1814 1312">
    <p class='ocr_par' dir='ltr' id='par_1_15' title="bbox 248 1239 1814 1312">
     <span class='ocr_line' id='line_1_15' title="bbox 248 1239 1814 1312; baseline 0.001 -20"><span class='ocrx_word' id='word_1_99' title='bbox 248 1240 631 1312; x_wconf 80' lang='grc' dir='ltr'><strong><em>προκειμένοις</em></strong></span> <span class='ocrx_word' id='word_1_100' title='bbox 662 1256 675 1270; x_wconf 87' lang='grc'><strong>·</strong></span> <span class='ocrx_word' id='word_1_101' title='bbox 746 1239 1167 1309; x_wconf 70' lang='grc' dir='ltr'>Ἀποστρέφεις</span> <span class='ocrx_word' id='word_1_102' title='bbox 1215 1241 1278 1294; x_wconf 81' lang='grc' dir='ltr'><strong><em>τὸ</em></strong></span> <span class='ocrx_word' id='word_1_103' title='bbox 1323 1240 1648 1308; x_wconf 85' lang='grc' dir='ltr'><strong><em>πρόσωπόν</em></strong></span> <span class='ocrx_word' id='word_1_104' title='bbox 1697 1253 1814 1293; x_wconf 87' lang='grc' dir='ltr'><strong><em>σου</em></strong></span> 
     </span>
    </p>
   </div>
   <div class='ocr_carea' id='block_1_16' title="bbox 248 1329 1815 1403">
    <p class='ocr_par' dir='ltr' id='par_1_16' title="bbox 248 1329 1815 1403">
     <span class='ocr_line' id='line_1_16' title="bbox 248 1329 1815 1403; baseline -0.003 -16"><span class='ocrx_word' id='word_1_105' title='bbox 248 1335 350 1387; x_wconf 82' lang='grc' dir='ltr'><strong><em>ἀπ’</em></strong></span> <span class='ocrx_word' id='word_1_106' title='bbox 382 1332 547 1403; x_wconf 86' lang='grc' dir='ltr'>ἐμοῦ.</span> <span class='ocrx_word' id='word_1_107' title='bbox 581 1333 779 1403; x_wconf 82' lang='grc' dir='ltr'>Ὅμοια</span> <span class='ocrx_word' id='word_1_108' title='bbox 807 1331 865 1385; x_wconf 86' lang='grc' dir='ltr'><strong><em>δὲ</em></strong></span> <span class='ocrx_word' id='word_1_109' title='bbox 889 1331 1126 1402; x_wconf 80' lang='grc' dir='ltr'>ἡγοῦμαι</span> <span class='ocrx_word' id='word_1_110' title='bbox 1151 1329 1289 1385; x_wconf 79' lang='grc' dir='ltr'>εἶναι</span> <span class='ocrx_word' id='word_1_111' title='bbox 1316 1331 1489 1385; x_wconf 76' lang='grc' dir='ltr'>ταῦτα</span> <span class='ocrx_word' id='word_1_112' title='bbox 1518 1334 1632 1395; x_wconf 80' lang='grc' dir='ltr'>τοῖς</span> <span class='ocrx_word' id='word_1_113' title='bbox 1658 1332 1717 1384; x_wconf 80' lang='grc' dir='ltr'>ἐν</span> <span class='ocrx_word' id='word_1_114' title='bbox 1735 1329 1815 1401; x_wconf 80' lang='grc' dir='ltr'><strong><em>τῷ</em></strong></span> 
     </span>
    </p>
   </div>
   <div class='ocr_carea' id='block_1_17' title="bbox 250 1422 1815 1497">
    <p class='ocr_par' dir='ltr' id='par_1_17' title="bbox 250 1422 1815 1497">
     <span class='ocr_line' id='line_1_17' title="bbox 250 1422 1815 1497; baseline -0.001 -18"><span class='ocrx_word' id='word_1_115' title='bbox 250 1425 566 1497; x_wconf 74' lang='grc' dir='ltr'>Εὑαγγελὶῳ</span> <span class='ocrx_word' id='word_1_116' title='bbox 599 1425 745 1497; x_wconf 71' lang='grc' dir='ltr'><strong><em>ἔργῳ</em></strong></span> <span class='ocrx_word' id='word_1_117' title='bbox 782 1423 1244 1496; x_wconf 72' lang='grc' dir='ltr'><strong><em>τετελειωμέναις,</em></strong></span> <span class='ocrx_word' id='word_1_118' title='bbox 1285 1424 1413 1478; x_wconf 77' lang='grc' dir='ltr'>ἔνθα</span> <span class='ocrx_word' id='word_1_119' title='bbox 1447 1424 1669 1489; x_wconf 81' lang='grc' dir='ltr'><strong><em>διαστὰς</em></strong></span> <span class='ocrx_word' id='word_1_120' title='bbox 1705 1422 1815 1477; x_wconf 82' lang='grc' dir='ltr'>τῶν</span> 
     </span>
    </p>
   </div>
   <div class='ocr_carea' id='block_1_18' title="bbox 1922 417 3496 491">
    <p class='ocr_par' dir='ltr' id='par_1_18' title="bbox 1922 417 3496 491">
     <span class='ocr_line' id='line_1_18' title="bbox 1922 417 3496 491; baseline 0.003 -19"><span class='ocrx_word' id='word_1_121' title='bbox 1922 417 1991 472; x_wconf 84' lang='grc' dir='ltr'>Ει</span> <span class='ocrx_word' id='word_1_122' title='bbox 2018 420 2127 487; x_wconf 89' lang='lat' dir='ltr'><strong><em>ipse</em></strong></span> <span class='ocrx_word' id='word_1_123' title='bbox 2148 418 2450 471; x_wconf 81' lang='lat' dir='ltr'><strong><em>vulneratus</em></strong></span> <span class='ocrx_word' id='word_1_124' title='bbox 2486 427 2565 471; x_wconf 89' lang='lat' dir='ltr'><strong><em>est</em></strong></span> <span class='ocrx_word' id='word_1_125' title='bbox 2614 427 2825 487; x_wconf 88' lang='lat' dir='ltr'><strong><em>propter</em></strong></span> <span class='ocrx_word' id='word_1_126' title='bbox 2855 428 3070 486; x_wconf 85' lang='lat' dir='ltr'><strong><em>peccata</em></strong></span> <span class='ocrx_word' id='word_1_127' title='bbox 3105 432 3309 485; x_wconf 83' lang='lat' dir='ltr'><strong><em>nostra.</em></strong></span> <span class='ocrx_word' id='word_1_128' title='bbox 3342 421 3496 491; x_wconf 73' lang='lat' dir='ltr'><strong><em>inﬁr—</em></strong></span> 
     </span>
    </p>
   </div>
   <div class='ocr_carea' id='block_1_19' title="bbox 1918 508 3494 585">
    <p class='ocr_par' dir='ltr' id='par_1_19' title="bbox 1918 508 3494 585">
     <span class='ocr_line' id='line_1_19' title="bbox 1918 508 3494 585; baseline 0.006 -23"><span class='ocrx_word' id='word_1_129' title='bbox 1918 521 2095 562; x_wconf 88' lang='lat' dir='ltr'><strong><em>matus</em></strong></span> <span class='ocrx_word' id='word_1_130' title='bbox 2139 516 2218 562; x_wconf 86' lang='lat' dir='ltr'><strong><em>est</em></strong></span> <span class='ocrx_word' id='word_1_131' title='bbox 2274 516 2487 577; x_wconf 76' lang='lat' dir='ltr'><strong><em>propter</em></strong></span> <span class='ocrx_word' id='word_1_132' title='bbox 2536 508 2840 578; x_wconf 87' lang='lat' dir='ltr'><strong><em>iniquitates</em></strong></span> <span class='ocrx_word' id='word_1_133' title='bbox 2883 520 3135 566; x_wconf 86' lang='lat' dir='ltr'><strong><em>nostras:</em></strong></span> <span class='ocrx_word' id='word_1_134' title='bbox 3173 512 3334 567; x_wconf 79' lang='lat' dir='ltr'><strong><em>vibice</em></strong></span> <span class='ocrx_word' id='word_1_135' title='bbox 3376 514 3494 585; x_wconf 74' lang='lat' dir='ltr'><strong><em>ejus</em></strong></span> 
     </span>
    </p>
   </div>
   <div class='ocr_carea' id='block_1_20' title="bbox 1915 598 3495 669">
    <p class='ocr_par' dir='ltr' id='par_1_20' title="bbox 1915 598 3495 669">
     <span class='ocr_line' id='line_1_20' title="bbox 1915 598 3495 669; baseline 0.001 -15"><span class='ocrx_word' id='word_1_136' title='bbox 1915 616 2009 654; x_wconf 82' lang='lat' dir='ltr'><strong><em>nos</em></strong></span> <span class='ocrx_word' id='word_1_137' title='bbox 2030 598 2212 653; x_wconf 84' lang='lat' dir='ltr'><strong><em>sanati</em></strong></span> <span class='ocrx_word' id='word_1_138' title='bbox 2249 614 2437 651; x_wconf 85' lang='lat' dir='ltr'><strong><em>sumus</em></strong></span> <span class='ocrx_word' id='word_1_139' title='bbox 2467 599 2509 653; x_wconf 77' lang='lat'><strong><em>‘.</em></strong></span> <span class='ocrx_word' id='word_1_140' title='bbox 2544 598 2602 652; x_wconf 89' lang='lat' dir='ltr'><strong><em>ln</em></strong></span> <span class='ocrx_word' id='word_1_141' title='bbox 2640 614 2728 652; x_wconf 70' lang='lat' dir='ltr'><strong><em>xx:</em></strong></span> <span class='ocrx_word' id='word_1_142' title='bbox 2759 607 2939 653; x_wconf 85' lang='lat' dir='ltr'><strong><em>autem</em></strong></span> <span class='ocrx_word' id='word_1_143' title='bbox 2976 599 3282 669; x_wconf 81' lang='lat' dir='ltr'><strong><em>subjungit,</em></strong></span> <span class='ocrx_word' id='word_1_144' title='bbox 3311 599 3455 656; x_wconf 81' lang='lat' dir='ltr'><strong><em>Deus</em></strong></span> <span class='ocrx_word' id='word_1_145' title='bbox 3476 640 3495 666; x_wconf 83' lang='lat'><strong><em>,</em></strong></span> 
     </span>
    </p>
   </div>
   <div class='ocr_carea' id='block_1_21' title="bbox 1912 688 3495 758">
    <p class='ocr_par' dir='ltr' id='par_1_21' title="bbox 1912 688 3495 758">
     <span class='ocr_line' id='line_1_21' title="bbox 1912 688 3495 758; baseline 0.002 -14"><span class='ocrx_word' id='word_1_146' title='bbox 1912 688 2151 744; x_wconf 83' lang='lat' dir='ltr'><strong><em>clamabo</em></strong></span> <span class='ocrx_word' id='word_1_147' title='bbox 2182 704 2272 758; x_wconf 83' lang='lat' dir='ltr'><strong><em>per</em></strong></span> <span class='ocrx_word' id='word_1_148' title='bbox 2294 689 2453 755; x_wconf 86' lang='lat' dir='ltr'><strong><em>diem,</em></strong></span> <span class='ocrx_word' id='word_1_149' title='bbox 2476 698 2526 743; x_wconf 90' lang='lat' dir='ltr'><strong><em>et</em></strong></span> <span class='ocrx_word' id='word_1_150' title='bbox 2559 706 2662 743; x_wconf 88' lang='lat' dir='ltr'><strong><em>non</em></strong></span> <span class='ocrx_word' id='word_1_151' title='bbox 2687 688 2960 755; x_wconf 77' lang='lat' dir='ltr'><strong><em>exaudies;</em></strong></span> <span class='ocrx_word' id='word_1_152' title='bbox 2980 699 3032 744; x_wconf 89' lang='lat' dir='ltr'><strong><em>et</em></strong></span> <span class='ocrx_word' id='word_1_153' title='bbox 3053 700 3221 752; x_wconf 87' lang='lat' dir='ltr'><strong><em>nocte.</em></strong></span> <span class='ocrx_word' id='word_1_154' title='bbox 3238 700 3288 745; x_wconf 90' lang='lat' dir='ltr'><strong><em>et</em></strong></span> <span class='ocrx_word' id='word_1_155' title='bbox 3306 709 3409 746; x_wconf 90' lang='lat' dir='ltr'><strong><em>non</em></strong></span> <span class='ocrx_word' id='word_1_156' title='bbox 3425 694 3495 747; x_wconf 84' lang='lat' dir='ltr'><strong><em>ad</em></strong></span> 
     </span>
    </p>
   </div>
   <div class='ocr_carea' id='block_1_22' title="bbox 1914 781 3496 856">
    <p class='ocr_par' dir='ltr' id='par_1_22' title="bbox 1914 781 3496 856">
     <span class='ocr_line' id='line_1_22' title="bbox 1914 781 3496 856; baseline 0.003 -20"><span class='ocrx_word' id='word_1_157' title='bbox 1914 781 2271 851; x_wconf 72' lang='lat' dir='ltr'><strong><em>insipientiam</em></strong></span> <span class='ocrx_word' id='word_1_158' title='bbox 2328 781 2456 833; x_wconf 85' lang='lat' dir='ltr'><strong><em>mihi</em></strong></span> <span class='ocrx_word' id='word_1_159' title='bbox 2496 782 2555 845; x_wconf 85' lang='grc'><strong><em>²;</em></strong></span> <span class='ocrx_word' id='word_1_160' title='bbox 2591 781 2646 834; x_wconf 89' lang='lat' dir='ltr'><strong><em>in</em></strong></span> <span class='ocrx_word' id='word_1_161' title='bbox 2682 782 2931 851; x_wconf 73' lang='lat' dir='ltr'><strong><em>praesenti</em></strong></span> <span class='ocrx_word' id='word_1_162' title='bbox 2981 798 3130 849; x_wconf 80' lang='lat' dir='ltr'><strong><em>vero,</em></strong></span> <span class='ocrx_word' id='word_1_163' title='bbox 3165 784 3371 840; x_wconf 75' lang='lat' dir='ltr'><strong><em>Avertis</em></strong></span> <span class='ocrx_word' id='word_1_164' title='bbox 3409 785 3496 856; x_wconf 80' lang='lat' dir='ltr'><strong><em>[a-</em></strong></span> 
     </span>
    </p>
   </div>
   <div class='ocr_carea' id='block_1_23' title="bbox 1914 871 3494 946">
    <p class='ocr_par' dir='ltr' id='par_1_23' title="bbox 1914 871 3494 946">
     <span class='ocr_line' id='line_1_23' title="bbox 1914 871 3494 946; baseline 0 -18"><span class='ocrx_word' id='word_1_165' title='bbox 1914 875 2045 928; x_wconf 87' lang='lat' dir='ltr'><strong><em>ciem</em></strong></span> <span class='ocrx_word' id='word_1_166' title='bbox 2070 884 2213 926; x_wconf 86' lang='lat' dir='ltr'><strong><em>tuam</em></strong></span> <span class='ocrx_word' id='word_1_167' title='bbox 2237 890 2269 925; x_wconf 91' lang='lat' dir='ltr'><strong><em>a</em></strong></span> <span class='ocrx_word' id='word_1_168' title='bbox 2300 889 2400 927; x_wconf 88' lang='lat' dir='ltr'><strong><em>me.</em></strong></span> <span class='ocrx_word' id='word_1_169' title='bbox 2438 871 2561 928; x_wconf 67' lang='lat' dir='ltr'><strong><em>Haec</em></strong></span> <span class='ocrx_word' id='word_1_170' title='bbox 2588 888 2751 943; x_wconf 88' lang='lat' dir='ltr'><strong><em>porro</em></strong></span> <span class='ocrx_word' id='word_1_171' title='bbox 2788 874 2989 930; x_wconf 81' lang='lat' dir='ltr'><strong><em>similia</em></strong></span> <span class='ocrx_word' id='word_1_172' title='bbox 3018 882 3148 943; x_wconf 88' lang='lat' dir='ltr'><strong><em>puto</em></strong></span> <span class='ocrx_word' id='word_1_173' title='bbox 3172 874 3242 930; x_wconf 90' lang='lat' dir='ltr'><strong><em>iis</em></strong></span> <span class='ocrx_word' id='word_1_174' title='bbox 3271 889 3392 946; x_wconf 63' lang='lat' dir='ltr'><strong><em>qua</em></strong></span> <span class='ocrx_word' id='word_1_175' title='bbox 3437 874 3494 929; x_wconf 89' lang='lat' dir='ltr'><strong><em>in</em></strong></span> 
     </span>
    </p>
   </div>
   <div class='ocr_carea' id='block_1_24' title="bbox 1920 963 3494 1035">
    <p class='ocr_par' dir='ltr' id='par_1_24' title="bbox 1920 963 3494 1035">
     <span class='ocr_line' id='line_1_24' title="bbox 1920 963 3494 1035; baseline 0.003 -18"><span class='ocrx_word' id='word_1_176' title='bbox 1920 963 2209 1034; x_wconf 80' lang='lat' dir='ltr'><strong><em>Evangelio</em></strong></span> <span class='ocrx_word' id='word_1_177' title='bbox 2237 981 2399 1035; x_wconf 88' lang='lat' dir='ltr'><strong><em>opere</em></strong></span> <span class='ocrx_word' id='word_1_178' title='bbox 2422 965 2691 1035; x_wconf 87' lang='lat' dir='ltr'><strong><em>completa</em></strong></span> <span class='ocrx_word' id='word_1_179' title='bbox 2717 965 2989 1032; x_wconf 82' lang='lat' dir='ltr'><strong><em>feruntur,</em></strong></span> <span class='ocrx_word' id='word_1_180' title='bbox 3018 968 3110 1023; x_wconf 88' lang='lat' dir='ltr'><strong><em>ubi</em></strong></span> <span class='ocrx_word' id='word_1_181' title='bbox 3142 982 3174 1021; x_wconf 85' lang='lat' dir='ltr'><strong><em>a</em></strong></span> <span class='ocrx_word' id='word_1_182' title='bbox 3205 966 3494 1035; x_wconf 79' lang='lat' dir='ltr'><strong><em>discipulis</em></strong></span> 
     </span>
    </p>
   </div>
   <div class='ocr_carea' id='block_1_25' title="bbox 1923 1058 3489 1129">
    <p class='ocr_par' dir='ltr' id='par_1_25' title="bbox 1923 1058 3489 1129">
     <span class='ocr_line' id='line_1_25' title="bbox 1923 1058 3489 1129; baseline 0.001 -14"><span class='ocrx_word' id='word_1_183' title='bbox 1923 1067 2199 1123; x_wconf 83' lang='lat' dir='ltr'><strong><em>semotus,</em></strong></span> <span class='ocrx_word' id='word_1_184' title='bbox 2252 1058 2306 1112; x_wconf 91' lang='lat' dir='ltr'><strong><em>in</em></strong></span> <span class='ocrx_word' id='word_1_185' title='bbox 2343 1058 2534 1112; x_wconf 80' lang='lat' dir='ltr'><strong><em>faciem</em></strong></span> <span class='ocrx_word' id='word_1_186' title='bbox 2593 1060 2883 1129; x_wconf 77' lang='lat' dir='ltr'><strong><em>procubuit</em></strong></span> <span class='ocrx_word' id='word_1_187' title='bbox 2941 1076 3106 1118; x_wconf 85' lang='lat' dir='ltr'><strong><em>orans</em></strong></span> <span class='ocrx_word' id='word_1_188' title='bbox 3154 1070 3208 1117; x_wconf 89' lang='lat' dir='ltr'><strong><em>et</em></strong></span> <span class='ocrx_word' id='word_1_189' title='bbox 3257 1060 3489 1116; x_wconf 85' lang='lat' dir='ltr'><strong><em>dicens:</em></strong></span> 
     </span>
    </p>
   </div>
   <div class='ocr_carea' id='block_1_26' title="bbox 1915 1146 3494 1217">
    <p class='ocr_par' dir='ltr' id='par_1_26' title="bbox 1915 1146 3494 1217">
     <span class='ocr_line' id='line_1_26' title="bbox 1915 1146 3494 1217; baseline 0.003 -17"><span class='ocrx_word' id='word_1_190' title='bbox 1915 1146 2098 1213; x_wconf 88' lang='lat' dir='ltr'><strong><em>Pater,</em></strong></span> <span class='ocrx_word' id='word_1_191' title='bbox 2129 1149 2175 1203; x_wconf 92' lang='lat' dir='ltr'><strong><em>si</em></strong></span> <span class='ocrx_word' id='word_1_192' title='bbox 2209 1149 2457 1217; x_wconf 77' lang='lat' dir='ltr'><strong><em>possibile</em></strong></span> <span class='ocrx_word' id='word_1_193' title='bbox 2483 1158 2583 1212; x_wconf 89' lang='lat' dir='ltr'><strong><em>est,</em></strong></span> <span class='ocrx_word' id='word_1_194' title='bbox 2623 1159 2857 1205; x_wconf 88' lang='lat' dir='ltr'><strong><em>transeat</em></strong></span> <span class='ocrx_word' id='word_1_195' title='bbox 2882 1151 2967 1207; x_wconf 90' lang='lat' dir='ltr'><strong><em>hic</em></strong></span> <span class='ocrx_word' id='word_1_196' title='bbox 2991 1152 3134 1207; x_wconf 71' lang='lat' dir='ltr'><strong><em>calix</em></strong></span> <span class='ocrx_word' id='word_1_197' title='bbox 3174 1169 3208 1207; x_wconf 92' lang='lat' dir='ltr'><strong><em>a</em></strong></span> <span class='ocrx_word' id='word_1_198' title='bbox 3237 1168 3336 1206; x_wconf 85' lang='lat' dir='ltr'><strong><em>me.</em></strong></span> <span class='ocrx_word' id='word_1_199' title='bbox 3396 1150 3494 1205; x_wconf 84' lang='lat' dir='ltr'><strong><em>Ve-</em></strong></span> 
     </span>
    </p>
   </div>
   <div class='ocr_carea' id='block_1_27' title="bbox 1914 1242 3492 1313">
    <p class='ocr_par' dir='ltr' id='par_1_27' title="bbox 1914 1242 3492 1313">
     <span class='ocr_line' id='line_1_27' title="bbox 1914 1242 3492 1313; baseline 0.004 -20"><span class='ocrx_word' id='word_1_200' title='bbox 1914 1250 2208 1295; x_wconf 87' lang='lat' dir='ltr'><strong><em>rumtamen</em></strong></span> <span class='ocrx_word' id='word_1_201' title='bbox 2253 1257 2357 1295; x_wconf 87' lang='lat' dir='ltr'><strong><em>non</em></strong></span> <span class='ocrx_word' id='word_1_202' title='bbox 2402 1242 2540 1295; x_wconf 85' lang='lat' dir='ltr'><strong><em>sicut</em></strong></span> <span class='ocrx_word' id='word_1_203' title='bbox 2581 1259 2672 1313; x_wconf 87' lang='lat' dir='ltr'><strong><em>ego</em></strong></span> <span class='ocrx_word' id='word_1_204' title='bbox 2723 1244 2861 1308; x_wconf 79' lang='lat' dir='ltr'><strong><em>uolo,</em></strong></span> <span class='ocrx_word' id='word_1_205' title='bbox 2912 1244 3002 1299; x_wconf 83' lang='lat' dir='ltr'><strong><em>sed</em></strong></span> <span class='ocrx_word' id='word_1_206' title='bbox 3058 1246 3197 1300; x_wconf 89' lang='lat' dir='ltr'><strong><em>sicut</em></strong></span> <span class='ocrx_word' id='word_1_207' title='bbox 3231 1256 3287 1300; x_wconf 80' lang='lat' dir='ltr'><strong><em>tu</em></strong></span> <span class='ocrx_word' id='word_1_208' title='bbox 3318 1246 3393 1311; x_wconf 78' lang='lat'><strong>&quot;;</strong></span> <span class='ocrx_word' id='word_1_209' title='bbox 3428 1260 3492 1300; x_wconf 89' lang='lat' dir='ltr'><strong><em>ac</em></strong></span> 
     </span>
    </p>
   </div>
   <div class='ocr_carea' id='block_1_28' title="bbox 1915 1332 3490 1404">
    <p class='ocr_par' dir='ltr' id='par_1_28' title="bbox 1915 1332 3490 1404">
     <span class='ocr_line' id='line_1_28' title="bbox 1915 1332 3490 1404; baseline 0.003 -19"><span class='ocrx_word' id='word_1_210' title='bbox 1915 1348 2156 1398; x_wconf 83' lang='lat' dir='ltr'><strong><em>rursum,</em></strong></span> <span class='ocrx_word' id='word_1_211' title='bbox 2186 1332 2370 1400; x_wconf 90' lang='lat' dir='ltr'><strong><em>Pater,</em></strong></span> <span class='ocrx_word' id='word_1_212' title='bbox 2396 1335 2443 1388; x_wconf 93' lang='lat' dir='ltr'><strong><em>si</em></strong></span> <span class='ocrx_word' id='word_1_213' title='bbox 2468 1351 2571 1389; x_wconf 91' lang='lat' dir='ltr'><strong><em>non</em></strong></span> <span class='ocrx_word' id='word_1_214' title='bbox 2597 1346 2765 1404; x_wconf 86' lang='lat' dir='ltr'><strong><em>potest</em></strong></span> <span class='ocrx_word' id='word_1_215' title='bbox 2792 1336 2877 1390; x_wconf 90' lang='lat' dir='ltr'><strong><em>hic</em></strong></span> <span class='ocrx_word' id='word_1_216' title='bbox 2902 1340 3153 1404; x_wconf 86' lang='lat' dir='ltr'><strong><em>transire,</em></strong></span> <span class='ocrx_word' id='word_1_217' title='bbox 3184 1338 3288 1392; x_wconf 85' lang='lat' dir='ltr'><strong><em>nisi</em></strong></span> <span class='ocrx_word' id='word_1_218' title='bbox 3317 1335 3490 1390; x_wconf 82' lang='lat' dir='ltr'><strong><em>bibam</em></strong></span> 
     </span>
    </p>
   </div>
   <div class='ocr_carea' id='block_1_29' title="bbox 1914 1423 2671 1493">
    <p class='ocr_par' dir='ltr' id='par_1_29' title="bbox 1914 1423 2671 1493">
     <span class='ocr_line' id='line_1_29' title="bbox 1914 1423 2671 1493; baseline 0.005 -16"><span class='ocrx_word' id='word_1_219' title='bbox 1914 1423 2087 1490; x_wconf 86' lang='lat' dir='ltr'><strong><em>illum,</em></strong></span> <span class='ocrx_word' id='word_1_220' title='bbox 2119 1425 2217 1493; x_wconf 82' lang='lat' dir='ltr'><strong><em>ﬁat</em></strong></span> <span class='ocrx_word' id='word_1_221' title='bbox 2240 1424 2480 1479; x_wconf 83' lang='lat' dir='ltr'><strong><em>voluntas</em></strong></span> <span class='ocrx_word' id='word_1_222' title='bbox 2516 1436 2608 1481; x_wconf 85' lang='lat' dir='ltr'><strong><em>tua</em></strong></span> <span class='ocrx_word' id='word_1_223' title='bbox 2631 1427 2671 1481; x_wconf 88' lang='grc'><strong><em>³.</em></strong></span> 
     </span>
    </p>
   </div>
   <div class='ocr_carea' id='block_1_30' title="bbox 247 1516 3491 1599">
    <p class='ocr_par' dir='ltr' id='par_1_30' title="bbox 247 1516 3491 1599">
     <span class='ocr_line' id='line_1_30' title="bbox 247 1516 3491 1599; baseline 0.001 -28"><span class='ocrx_word' id='word_1_224' title='bbox 247 1519 525 1591; x_wconf 71' lang='grc' dir='ltr'>μαθητῶν,</span> <span class='ocrx_word' id='word_1_225' title='bbox 546 1519 738 1572; x_wconf 79' lang='grc' dir='ltr'>ἔπεσεν</span> <span class='ocrx_word' id='word_1_226' title='bbox 763 1519 857 1572; x_wconf 74' lang='grc' dir='ltr'><strong><em>ἐπὶ</em></strong></span> <span class='ocrx_word' id='word_1_227' title='bbox 879 1519 1163 1591; x_wconf 78' lang='grc' dir='ltr'>πρόσωπον</span> <span class='ocrx_word' id='word_1_228' title='bbox 1184 1518 1350 1573; x_wconf 76' lang='grc' dir='ltr'>αὐτοῦ</span> <span class='ocrx_word' id='word_1_229' title='bbox 1377 1518 1806 1590; x_wconf 78' lang='grc' dir='ltr'>προσευχόμενος</span> <span class='ocrx_word' id='word_1_230' title='bbox 1836 1518 1931 1571; x_wconf 80' lang='grc' dir='ltr'>καὶ</span> <span class='ocrx_word' id='word_1_231' title='bbox 1962 1517 2162 1586; x_wconf 76' lang='grc' dir='ltr'><strong><em>λέγων’</em></strong></span> <span class='ocrx_word' id='word_1_232' title='bbox 2202 1516 2412 1599; x_wconf 55' lang='lat' dir='ltr'><strong><em>adesp,</em></strong></span> <span class='ocrx_word' id='word_1_233' title='bbox 2456 1522 2509 1573; x_wconf 81' lang='lat' dir='ltr'><strong><em>sl</em></strong></span> <span class='ocrx_word' id='word_1_234' title='bbox 2547 1519 2829 1588; x_wconf 83' lang='grc' dir='ltr'>δυνατὸν,</span> <span class='ocrx_word' id='word_1_235' title='bbox 2865 1522 3210 1591; x_wconf 71' lang='grc' dir='ltr'><strong><em>παρελθέτω</em></strong></span> <span class='ocrx_word' id='word_1_236' title='bbox 3268 1521 3339 1577; x_wconf 83' lang='grc' dir='ltr'><strong><em>τὸ</em></strong></span> <span class='ocrx_word' id='word_1_237' title='bbox 3385 1529 3491 1575; x_wconf 87' lang='grc' dir='ltr'><strong><em>πο·</em></strong></span> 
     </span>
    </p>
   </div>
   <div class='ocr_carea' id='block_1_31' title="bbox 244 1612 3490 1686">
    <p class='ocr_par' dir='ltr' id='par_1_31' title="bbox 244 1612 3490 1686">
     <span class='ocr_line' id='line_1_31' title="bbox 244 1612 3490 1686; baseline 0.002 -20"><span class='ocrx_word' id='word_1_238' title='bbox 244 1615 451 1684; x_wconf 66' lang='grc' dir='ltr'>τιξριον</span> <span class='ocrx_word' id='word_1_239' title='bbox 482 1612 654 1667; x_wconf 83' lang='grc' dir='ltr'>τοῦτο</span> <span class='ocrx_word' id='word_1_240' title='bbox 693 1614 794 1668; x_wconf 77' lang='grc' dir='ltr'><strong><em>ἀπ’</em></strong></span> <span class='ocrx_word' id='word_1_241' title='bbox 824 1614 991 1684; x_wconf 86' lang='grc' dir='ltr'>ἐμοῦ.</span> <span class='ocrx_word' id='word_1_242' title='bbox 1019 1613 1194 1683; x_wconf 84' lang='grc' dir='ltr'><strong><em>Πλὴν</em></strong></span> <span class='ocrx_word' id='word_1_243' title='bbox 1222 1616 1333 1684; x_wconf 81' lang='grc' dir='ltr'><strong><em>οὐχ</em></strong></span> <span class='ocrx_word' id='word_1_244' title='bbox 1367 1616 1448 1681; x_wconf 83' lang='grc' dir='ltr'><strong><em>ὠς</em></strong></span> <span class='ocrx_word' id='word_1_245' title='bbox 1510 1613 1625 1685; x_wconf 69' lang='grc' dir='ltr'><strong><em>ἐγὼ</em></strong></span> <span class='ocrx_word' id='word_1_246' title='bbox 1656 1612 1827 1677; x_wconf 84' lang='grc' dir='ltr'>θέλω,</span> <span class='ocrx_word' id='word_1_247' title='bbox 1860 1613 1996 1667; x_wconf 74' lang='grc' dir='ltr'><em>ἀλλ’</em></span> <span class='ocrx_word' id='word_1_248' title='bbox 2021 1615 2101 1679; x_wconf 83' lang='grc' dir='ltr'>ὡς</span> <span class='ocrx_word' id='word_1_249' title='bbox 2125 1614 2205 1667; x_wconf 85' lang='grc' dir='ltr'><strong><em>σύ</em></strong></span> <span class='ocrx_word' id='word_1_250' title='bbox 2226 1631 2240 1644; x_wconf 81' lang='grc'><em>’</em></span> <span class='ocrx_word' id='word_1_251' title='bbox 2264 1616 2359 1667; x_wconf 77' lang='grc' dir='ltr'>καὶ</span> <span class='ocrx_word' id='word_1_252' title='bbox 2379 1615 2540 1668; x_wconf 71' lang='grc' dir='ltr'>πάλιν</span> <span class='ocrx_word' id='word_1_253' title='bbox 2562 1635 2574 1647; x_wconf 89' lang='grc'><strong>·</strong></span> <span class='ocrx_word' id='word_1_254' title='bbox 2603 1615 2821 1686; x_wconf 78' lang='grc' dir='ltr'>Πάτερ,</span> <span class='ocrx_word' id='word_1_255' title='bbox 2840 1619 2895 1671; x_wconf 76' lang='grc' dir='ltr'><strong><em>ει</em></strong></span> <span class='ocrx_word' id='word_1_256' title='bbox 2917 1620 2991 1673; x_wconf 85' lang='grc' dir='ltr'><strong><em>οὐ</em></strong></span> <span class='ocrx_word' id='word_1_257' title='bbox 3014 1617 3265 1672; x_wconf 82' lang='grc' dir='ltr'>δύναται</span> <span class='ocrx_word' id='word_1_258' title='bbox 3315 1617 3490 1672; x_wconf 77' lang='grc' dir='ltr'><em>τοῦτο</em></span> 
     </span>
    </p>
   </div>
   <div class='ocr_carea' id='block_1_32' title="bbox 243 1701 2152 1774">
    <p class='ocr_par' dir='ltr' id='par_1_32' title="bbox 243 1701 2152 1774">
     <span class='ocr_line' id='line_1_32' title="bbox 243 1701 2152 1774; baseline 0.001 -18"><span class='ocrx_word' id='word_1_259' title='bbox 243 1703 582 1774; x_wconf 74' lang='grc' dir='ltr'><strong><em>παρελθεῖν,</em></strong></span> <span class='ocrx_word' id='word_1_260' title='bbox 641 1702 750 1756; x_wconf 78' lang='grc' dir='ltr'><strong><em>ἐὰν</em></strong></span> <span class='ocrx_word' id='word_1_261' title='bbox 783 1702 870 1773; x_wconf 77' lang='grc' dir='ltr'>μὴ</span> <span class='ocrx_word' id='word_1_262' title='bbox 914 1704 1061 1758; x_wconf 81' lang='grc' dir='ltr'><strong><em>αὐτὸ</em></strong></span> <span class='ocrx_word' id='word_1_263' title='bbox 1106 1705 1241 1769; x_wconf 81' lang='grc' dir='ltr'>πίω,</span> <span class='ocrx_word' id='word_1_264' title='bbox 1292 1703 1594 1773; x_wconf 71' lang='grc' dir='ltr'><strong><em>γενηθήτω</em></strong></span> <span class='ocrx_word' id='word_1_265' title='bbox 1647 1704 1715 1756; x_wconf 82' lang='grc' dir='ltr'><strong><em>τὸ</em></strong></span> <span class='ocrx_word' id='word_1_266' title='bbox 1778 1701 2006 1773; x_wconf 74' lang='grc' dir='ltr'>θέλημά</span> <span class='ocrx_word' id='word_1_267' title='bbox 2035 1719 2152 1758; x_wconf 91' lang='grc' dir='ltr'><strong><em>σου</em></strong></span> 
     </span>
    </p>
   </div>
   <div class='ocr_carea' id='block_1_33' title="bbox 317 1792 1812 1870">
    <p class='ocr_par' dir='ltr' id='par_1_33' title="bbox 317 1794 1798 1865">
     <span class='ocr_line' id='line_1_33' title="bbox 317 1794 1798 1865; baseline -0.001 -15"><span class='ocrx_word' id='word_1_268' title='bbox 317 1796 556 1865; x_wconf 83' lang='grc' dir='ltr'><strong><em>Πτωχός</em></strong></span> <span class='ocrx_word' id='word_1_269' title='bbox 576 1797 692 1865; x_wconf 83' lang='grc' dir='ltr'>ειμι</span> <span class='ocrx_word' id='word_1_270' title='bbox 714 1794 828 1864; x_wconf 60' lang='grc' dir='ltr'><strong><em>ἐγὼ</em></strong></span> <span class='ocrx_word' id='word_1_271' title='bbox 853 1797 949 1849; x_wconf 76' lang='grc' dir='ltr'>καὶ</span> <span class='ocrx_word' id='word_1_272' title='bbox 966 1796 1036 1849; x_wconf 84' lang='grc' dir='ltr'><strong><em>ἐν</em></strong></span> <span class='ocrx_word' id='word_1_273' title='bbox 1055 1796 1265 1863; x_wconf 81' lang='grc' dir='ltr'>κόποις</span> <span class='ocrx_word' id='word_1_274' title='bbox 1282 1795 1351 1849; x_wconf 80' lang='grc' dir='ltr'>ἐκ</span> <span class='ocrx_word' id='word_1_275' title='bbox 1366 1795 1645 1864; x_wconf 82' lang='grc' dir='ltr'><strong><em>νεότητός</em></strong></span> <span class='ocrx_word' id='word_1_276' title='bbox 1656 1810 1798 1864; x_wconf 77' lang='grc' dir='ltr'>μου’</span> 
     </span>
    </p>
   </div>
   <div class='ocr_carea' id='block_1_34' title="bbox 1913 1792 3489 1870">
    <p class='ocr_par' dir='ltr' id='par_1_34' title="bbox 1974 1792 3489 1870">
     <span class='ocr_line' id='line_1_34' title="bbox 1974 1792 3489 1870; baseline 0.007 -24"><span class='ocrx_word' id='word_1_277' title='bbox 1974 1792 2138 1851; x_wconf 74' lang='lat' dir='ltr'><strong><em>Vens.</em></strong></span> <span class='ocrx_word' id='word_1_278' title='bbox 2169 1794 2348 1851; x_wconf 76' lang='lat'><strong><em>16-19.</em></strong></span> <span class='ocrx_word' id='word_1_279' title='bbox 2387 1795 2596 1864; x_wconf 80' lang='lat' dir='ltr'><strong><em>Pauper</em></strong></span> <span class='ocrx_word' id='word_1_280' title='bbox 2644 1813 2761 1851; x_wconf 87' lang='lat' dir='ltr'><strong><em>sum</em></strong></span> <span class='ocrx_word' id='word_1_281' title='bbox 2806 1815 2899 1870; x_wconf 78' lang='lat' dir='ltr'><strong><em>ego</em></strong></span> <span class='ocrx_word' id='word_1_282' title='bbox 2931 1809 2983 1854; x_wconf 90' lang='lat' dir='ltr'><strong><em>et</em></strong></span> <span class='ocrx_word' id='word_1_283' title='bbox 3022 1800 3077 1854; x_wconf 89' lang='lat' dir='ltr'><strong><em>in</em></strong></span> <span class='ocrx_word' id='word_1_284' title='bbox 3132 1800 3401 1856; x_wconf 88' lang='lat' dir='ltr'><strong><em>laboribus</em></strong></span> <span class='ocrx_word' id='word_1_285' title='bbox 3454 1818 3489 1855; x_wconf 94' lang='lat' dir='ltr'><strong><em>a</em></strong></span> 
     </span>
    </p>
   </div>
   <div class='ocr_carea' id='block_1_35' title="bbox 241 1883 1812 1973">
    <p class='ocr_par' dir='ltr' id='par_1_35' title="bbox 241 1886 1802 1959">
     <span class='ocr_line' id='line_1_35' title="bbox 241 1886 1802 1959; baseline -0.002 -16"><span class='ocrx_word' id='word_1_286' title='bbox 241 1890 505 1959; x_wconf 74' lang='grc' dir='ltr'>ὑψωθεὶς</span> <span class='ocrx_word' id='word_1_287' title='bbox 544 1889 613 1942; x_wconf 80' lang='grc' dir='ltr'><strong><em>δὲ</em></strong></span> <span class='ocrx_word' id='word_1_288' title='bbox 654 1887 1053 1956; x_wconf 82' lang='grc' dir='ltr'>ὲταπεινὼθην</span> <span class='ocrx_word' id='word_1_289' title='bbox 1089 1889 1189 1943; x_wconf 78' lang='grc' dir='ltr'>καὶ</span> <span class='ocrx_word' id='word_1_290' title='bbox 1232 1886 1630 1957; x_wconf 76' lang='grc' dir='ltr'>ἐξηπορήθην.</span> <span class='ocrx_word' id='word_1_291' title='bbox 1678 1886 1802 1941; x_wconf 85' lang='grc' dir='ltr'><strong><em>Ἐπ’</em></strong></span> 
     </span>
    </p>
   </div>
   <div class='ocr_carea' id='block_1_36' title="bbox 1913 1883 3489 1973">
    <p class='ocr_par' dir='ltr' id='par_1_36' title="bbox 1913 1883 3489 1973">
     <span class='ocr_line' id='line_1_36' title="bbox 1913 1883 3489 1973; baseline 0.006 -37"><span class='ocrx_word' id='word_1_292' title='bbox 1913 1883 2169 1949; x_wconf 78' lang='lat' dir='ltr'><strong><em>iuventute</em></strong></span> <span class='ocrx_word' id='word_1_293' title='bbox 2224 1901 2379 1939; x_wconf 88' lang='lat' dir='ltr'><strong><em>mea:</em></strong></span> <span class='ocrx_word' id='word_1_294' title='bbox 2434 1885 2697 1941; x_wconf 63' lang='lat' dir='ltr'><strong><em>eaaltatus</em></strong></span> <span class='ocrx_word' id='word_1_295' title='bbox 2747 1897 2921 1942; x_wconf 86' lang='lat' dir='ltr'><strong><em>autem</em></strong></span> <span class='ocrx_word' id='word_1_296' title='bbox 2950 1888 3259 1943; x_wconf 79' lang='lat' dir='ltr'><strong><em>humiliatus</em></strong></span> <span class='ocrx_word' id='word_1_297' title='bbox 3285 1906 3404 1945; x_wconf 85' lang='lat' dir='ltr'><strong><em>sum</em></strong></span> <span class='ocrx_word' id='word_1_298' title='bbox 3435 1886 3489 1973; x_wconf 58' lang='lat' dir='ltr'><strong><em>cf</em></strong></span> 
     </span>
    </p>
   </div>
   <div class='ocr_carea' id='block_1_37' title="bbox 240 1974 1812 2049">
    <p class='ocr_par' dir='ltr' id='par_1_37' title="bbox 240 1976 1808 2049">
     <span class='ocr_line' id='line_1_37' title="bbox 240 1976 1808 2049; baseline -0.002 -16"><span class='ocrx_word' id='word_1_299' title='bbox 240 1981 352 2047; x_wconf 76' lang='grc' dir='ltr'><strong><em>ἐμὲ</em></strong></span> <span class='ocrx_word' id='word_1_300' title='bbox 379 1979 625 2047; x_wconf 82' lang='grc' dir='ltr'><strong><em>διῆλθον</em></strong></span> <span class='ocrx_word' id='word_1_301' title='bbox 649 1982 709 2033; x_wconf 86' lang='lat' dir='ltr'><strong><em>al</em></strong></span> <span class='ocrx_word' id='word_1_302' title='bbox 742 1980 910 2049; x_wconf 75' lang='grc' dir='ltr'>ὀργαί</span> <span class='ocrx_word' id='word_1_303' title='bbox 929 1993 1067 2043; x_wconf 90' lang='grc' dir='ltr'>σου,</span> <span class='ocrx_word' id='word_1_304' title='bbox 1097 1982 1151 2033; x_wconf 77' lang='grc' dir='ltr'><strong><em>οἱ</em></strong></span> <span class='ocrx_word' id='word_1_305' title='bbox 1179 1980 1523 2049; x_wconf 75' lang='grc' dir='ltr'>φοϐερισμοι</span> <span class='ocrx_word' id='word_1_306' title='bbox 1555 1992 1673 2033; x_wconf 89' lang='grc' dir='ltr'><strong><em>σου</em></strong></span> <span class='ocrx_word' id='word_1_307' title='bbox 1717 1976 1808 2041; x_wconf 73' lang='grc' dir='ltr'><strong><em>ἐξ·</em></strong></span> 
     </span>
    </p>
   </div>
   <div class='ocr_carea' id='block_1_38' title="bbox 1913 1974 3489 2049">
    <p class='ocr_par' dir='ltr' id='par_1_38' title="bbox 1913 1974 3489 2045">
     <span class='ocr_line' id='line_1_38' title="bbox 1913 1974 3489 2045; baseline 0.005 -18"><span class='ocrx_word' id='word_1_308' title='bbox 1913 1975 2201 2044; x_wconf 74' lang='lat' dir='ltr'><strong><em>perplexus.</em></strong></span> <span class='ocrx_word' id='word_1_309' title='bbox 2238 1974 2305 2029; x_wconf 90' lang='lat' dir='ltr'><strong><em>In</em></strong></span> <span class='ocrx_word' id='word_1_310' title='bbox 2318 1993 2398 2031; x_wconf 85' lang='lat' dir='ltr'><strong><em>me</em></strong></span> <span class='ocrx_word' id='word_1_311' title='bbox 2445 1979 2764 2034; x_wconf 86' lang='lat' dir='ltr'><strong><em>transierunt</em></strong></span> <span class='ocrx_word' id='word_1_312' title='bbox 2798 1980 2893 2033; x_wconf 67' lang='lat' dir='ltr'><strong><em>ira!</em></strong></span> <span class='ocrx_word' id='word_1_313' title='bbox 2936 1990 3038 2033; x_wconf 75' lang='lat' dir='ltr'><strong><em>tute</em></strong></span> <span class='ocrx_word' id='word_1_314' title='bbox 3066 2019 3083 2045; x_wconf 94' lang='lat'><strong><em>,</em></strong></span> <span class='ocrx_word' id='word_1_315' title='bbox 3127 1990 3347 2036; x_wconf 89' lang='lat' dir='ltr'><strong><em>terrores</em></strong></span> <span class='ocrx_word' id='word_1_316' title='bbox 3412 1978 3489 2035; x_wconf 72' lang='lat' dir='ltr'><strong><em>tu&#39;</em></strong></span> 
     </span>
    </p>
   </div>
   <div class='ocr_carea' id='block_1_39' title="bbox 241 2065 1812 2141">
    <p class='ocr_par' dir='ltr' id='par_1_39' title="bbox 241 2069 1808 2141">
     <span class='ocr_line' id='line_1_39' title="bbox 241 2069 1808 2141; baseline -0.003 -15"><span class='ocrx_word' id='word_1_317' title='bbox 241 2070 546 2141; x_wconf 79' lang='grc' dir='ltr'>ετάραξὰν</span> <span class='ocrx_word' id='word_1_318' title='bbox 574 2088 673 2141; x_wconf 79' lang='grc' dir='ltr'><strong><em>με.</em></strong></span> <span class='ocrx_word' id='word_1_319' title='bbox 721 2070 1110 2125; x_wconf 78' lang='grc' dir='ltr'>Ἐκύκλωσάν</span> <span class='ocrx_word' id='word_1_320' title='bbox 1136 2088 1214 2141; x_wconf 87' lang='grc' dir='ltr'><strong><em>με</em></strong></span> <span class='ocrx_word' id='word_1_321' title='bbox 1243 2070 1490 2139; x_wconf 82' lang='grc' dir='ltr'><strong><em>ὠςῦδωρ</em></strong></span> <span class='ocrx_word' id='word_1_322' title='bbox 1512 2069 1668 2139; x_wconf 82' lang='grc' dir='ltr'>ὅλην</span> <span class='ocrx_word' id='word_1_323' title='bbox 1692 2070 1808 2137; x_wconf 78' lang='grc' dir='ltr'><strong><em>τὴν</em></strong></span> 
     </span>
    </p>
   </div>
   <div class='ocr_carea' id='block_1_40' title="bbox 1913 2065 3490 2141">
    <p class='ocr_par' dir='ltr' id='par_1_40' title="bbox 1913 2065 3490 2141">
     <span class='ocr_line' id='line_1_40' title="bbox 1913 2065 3490 2141; baseline 0.004 -23"><span class='ocrx_word' id='word_1_324' title='bbox 1913 2065 2341 2120; x_wconf 77' lang='lat' dir='ltr'><strong><em>conturbauerunt</em></strong></span> <span class='ocrx_word' id='word_1_325' title='bbox 2388 2083 2488 2123; x_wconf 86' lang='lat' dir='ltr'><strong><em>me.</em></strong></span> <span class='ocrx_word' id='word_1_326' title='bbox 2540 2066 3005 2123; x_wconf 85' lang='lat' dir='ltr'><strong><em>Circumdederunt</em></strong></span> <span class='ocrx_word' id='word_1_327' title='bbox 3044 2085 3125 2124; x_wconf 89' lang='lat' dir='ltr'><strong><em>me</em></strong></span> <span class='ocrx_word' id='word_1_328' title='bbox 3160 2071 3299 2124; x_wconf 81' lang='lat' dir='ltr'><strong><em>sicut</em></strong></span> <span class='ocrx_word' id='word_1_329' title='bbox 3349 2086 3490 2141; x_wconf 89' lang='lat' dir='ltr'><strong><em>aqua</em></strong></span> 
     </span>
    </p>
   </div>
   <div class='ocr_carea' id='block_1_41' title="bbox 242 2158 1812 2234">
    <p class='ocr_par' dir='ltr' id='par_1_41' title="bbox 242 2159 1805 2234">
     <span class='ocr_line' id='line_1_41' title="bbox 242 2159 1805 2234; baseline -0.003 -17"><span class='ocrx_word' id='word_1_330' title='bbox 242 2164 495 2234; x_wconf 75' lang='grc' dir='ltr'>ἡμέραν,</span> <span class='ocrx_word' id='word_1_331' title='bbox 528 2162 850 2233; x_wconf 73' lang='grc' dir='ltr'>περιέσχον</span> <span class='ocrx_word' id='word_1_332' title='bbox 866 2179 945 2232; x_wconf 80' lang='grc' dir='ltr'><strong><em>με</em></strong></span> <span class='ocrx_word' id='word_1_333' title='bbox 968 2163 1108 2233; x_wconf 82' lang='grc' dir='ltr'>ἅμα.</span> <span class='ocrx_word' id='word_1_334' title='bbox 1149 2162 1511 2233; x_wconf 81' lang='grc' dir='ltr'><strong><em>Ἐμάκρυνας</em></strong></span> <span class='ocrx_word' id='word_1_335' title='bbox 1539 2162 1640 2216; x_wconf 76' lang='grc' dir='ltr'><strong><em>ἀπ’</em></strong></span> <span class='ocrx_word' id='word_1_336' title='bbox 1660 2159 1805 2230; x_wconf 80' lang='grc' dir='ltr'>ἐμοῦ</span> 
     </span>
    </p>
   </div>
   <div class='ocr_carea' id='block_1_42' title="bbox 1913 2158 3487 2234">
    <p class='ocr_par' dir='ltr' id='par_1_42' title="bbox 1913 2158 3487 2234">
     <span class='ocr_line' id='line_1_42' title="bbox 1913 2158 3487 2234; baseline 0.006 -26"><span class='ocrx_word' id='word_1_337' title='bbox 1913 2166 2018 2209; x_wconf 84' lang='grc' dir='ltr'>ιοιο</span> <span class='ocrx_word' id='word_1_338' title='bbox 2063 2158 2185 2223; x_wconf 87' lang='lat' dir='ltr'><strong><em>die,</em></strong></span> <span class='ocrx_word' id='word_1_339' title='bbox 2232 2159 2687 2214; x_wconf 80' lang='lat' dir='ltr'><strong><em>circumdederunt</em></strong></span> <span class='ocrx_word' id='word_1_340' title='bbox 2737 2176 2819 2215; x_wconf 89' lang='lat' dir='ltr'><strong><em>me</em></strong></span> <span class='ocrx_word' id='word_1_341' title='bbox 2880 2161 3059 2215; x_wconf 88' lang='lat' dir='ltr'><strong><em>simul.</em></strong></span> <span class='ocrx_word' id='word_1_342' title='bbox 3132 2160 3412 2234; x_wconf 82' lang='lat' dir='ltr'><strong><em>Elongasti</em></strong></span> <span class='ocrx_word' id='word_1_343' title='bbox 3453 2180 3487 2217; x_wconf 87' lang='lat' dir='ltr'><strong><em>a</em></strong></span> 
     </span>
    </p>
   </div>
   <div class='ocr_carea' id='block_1_43' title="bbox 241 2248 1812 2321">
    <p class='ocr_par' dir='ltr' id='par_1_43' title="bbox 241 2249 1805 2321">
     <span class='ocr_line' id='line_1_43' title="bbox 241 2249 1805 2321; baseline 0 -17"><span class='ocrx_word' id='word_1_344' title='bbox 241 2253 428 2320; x_wconf 70' lang='grc' dir='ltr'><em>φίλον</em></span> <span class='ocrx_word' id='word_1_345' title='bbox 455 2251 554 2306; x_wconf 76' lang='grc' dir='ltr'>καὶ</span> <span class='ocrx_word' id='word_1_346' title='bbox 581 2253 870 2319; x_wconf 79' lang='grc' dir='ltr'>πλησίον,</span> <span class='ocrx_word' id='word_1_347' title='bbox 902 2252 998 2306; x_wconf 81' lang='grc' dir='ltr'>καὶ</span> <span class='ocrx_word' id='word_1_348' title='bbox 1033 2251 1173 2318; x_wconf 84' lang='grc' dir='ltr'><em>τοὺς</em></span> <span class='ocrx_word' id='word_1_349' title='bbox 1210 2252 1521 2321; x_wconf 76' lang='grc' dir='ltr'>τνωστούς</span> <span class='ocrx_word' id='word_1_350' title='bbox 1549 2268 1667 2320; x_wconf 85' lang='grc' dir='ltr'><strong><em>μου</em></strong></span> <span class='ocrx_word' id='word_1_351' title='bbox 1687 2249 1805 2305; x_wconf 80' lang='grc' dir='ltr'><strong><em>ἀπὸ</em></strong></span> 
     </span>
    </p>
   </div>
   <div class='ocr_carea' id='block_1_44' title="bbox 1913 2248 3488 2321">
    <p class='ocr_par' dir='ltr' id='par_1_44' title="bbox 1913 2248 3488 2318">
     <span class='ocr_line' id='line_1_44' title="bbox 1913 2248 3488 2318; baseline 0.004 -19"><span class='ocrx_word' id='word_1_352' title='bbox 1913 2263 1989 2300; x_wconf 88' lang='lat' dir='ltr'><strong><em>me</em></strong></span> <span class='ocrx_word' id='word_1_353' title='bbox 2040 2248 2268 2301; x_wconf 86' lang='lat' dir='ltr'><strong><em>amicum</em></strong></span> <span class='ocrx_word' id='word_1_354' title='bbox 2309 2258 2363 2304; x_wconf 91' lang='lat' dir='ltr'><strong><em>et</em></strong></span> <span class='ocrx_word' id='word_1_355' title='bbox 2418 2250 2757 2318; x_wconf 72' lang='lat' dir='ltr'><strong><em>proximum,</em></strong></span> <span class='ocrx_word' id='word_1_356' title='bbox 2812 2258 2863 2304; x_wconf 89' lang='lat' dir='ltr'><strong><em>et</em></strong></span> <span class='ocrx_word' id='word_1_357' title='bbox 2927 2260 3076 2305; x_wconf 90' lang='lat' dir='ltr'><strong><em>notos</em></strong></span> <span class='ocrx_word' id='word_1_358' title='bbox 3117 2267 3257 2307; x_wconf 86' lang='lat' dir='ltr'><strong><em>meos</em></strong></span> <span class='ocrx_word' id='word_1_359' title='bbox 3301 2269 3337 2306; x_wconf 94' lang='lat' dir='ltr'><strong><em>a</em></strong></span> <span class='ocrx_word' id='word_1_360' title='bbox 3388 2252 3488 2306; x_wconf 87' lang='lat' dir='ltr'><strong><em>mi-</em></strong></span> 
     </span>
    </p>
   </div>
   <div class='ocr_carea' id='block_1_45' title="bbox 241 2339 1812 2415">
    <p class='ocr_par' dir='ltr' id='par_1_45' title="bbox 241 2341 1807 2415">
     <span class='ocr_line' id='line_1_45' title="bbox 241 2341 1807 2415; baseline -0.001 -19"><span class='ocrx_word' id='word_1_361' title='bbox 241 2343 665 2411; x_wconf 65' lang='grc' dir='ltr'>ταλαιπωρίας.</span> <span class='ocrx_word' id='word_1_362' title='bbox 718 2342 830 2396; x_wconf 73' lang='grc' dir='ltr'><strong><em>Καὶ</em></strong></span> <span class='ocrx_word' id='word_1_363' title='bbox 860 2342 1034 2397; x_wconf 81' lang='grc' dir='ltr'>ταῦτα</span> <span class='ocrx_word' id='word_1_364' title='bbox 1065 2345 1093 2396; x_wconf 84' lang='grc' dir='ltr'>ὀ</span> <span class='ocrx_word' id='word_1_365' title='bbox 1131 2341 1422 2415; x_wconf 83' lang='grc' dir='ltr'><strong><em>Σύμμαχος</em></strong></span> <span class='ocrx_word' id='word_1_366' title='bbox 1480 2341 1807 2413; x_wconf 76' lang='grc' dir='ltr'>σαφέστερόν</span> 
     </span>
    </p>
   </div>
   <div class='ocr_carea' id='block_1_46' title="bbox 1913 2339 3482 2415">
    <p class='ocr_par' dir='ltr' id='par_1_46' title="bbox 1913 2339 3482 2413">
     <span class='ocr_line' id='line_1_46' title="bbox 1913 2339 3482 2413; baseline 0.004 -19"><span class='ocrx_word' id='word_1_367' title='bbox 1913 2340 2064 2395; x_wconf 78' lang='lat' dir='ltr'><strong><em>seria.</em></strong></span> <span class='ocrx_word' id='word_1_368' title='bbox 2119 2339 2244 2396; x_wconf 63' lang='lat' dir='ltr'><strong><em>Haec</em></strong></span> <span class='ocrx_word' id='word_1_369' title='bbox 2291 2342 2493 2397; x_wconf 85' lang='lat' dir='ltr'><strong><em>clarius</em></strong></span> <span class='ocrx_word' id='word_1_370' title='bbox 2525 2339 2884 2413; x_wconf 84' lang='lat' dir='ltr'><strong><em>Symmachus</em></strong></span> <span class='ocrx_word' id='word_1_371' title='bbox 2922 2342 3094 2398; x_wconf 84' lang='lat' dir='ltr'><strong><em>edidit</em></strong></span> <span class='ocrx_word' id='word_1_372' title='bbox 3126 2343 3210 2400; x_wconf 88' lang='lat' dir='ltr'><strong><em>bis</em></strong></span> <span class='ocrx_word' id='word_1_373' title='bbox 3259 2343 3482 2401; x_wconf 81' lang='lat' dir='ltr'><strong><em>verbis:</em></strong></span> 
     </span>
    </p>
   </div>
   <div class='ocr_carea' id='block_1_47' title="bbox 245 2433 1810 2504">
    <p class='ocr_par' dir='ltr' id='par_1_47' title="bbox 245 2433 1810 2504">
     <span class='ocr_line' id='line_1_47' title="bbox 245 2433 1810 2504; baseline -0.001 -17"><span class='ocrx_word' id='word_1_374' title='bbox 245 2451 365 2494; x_wconf 82' lang='grc' dir='ltr'><strong><em>πως</em></strong></span> <span class='ocrx_word' id='word_1_375' title='bbox 395 2433 656 2497; x_wconf 73' lang='grc' dir='ltr'><strong><em>ἐξέδωκεν</em></strong></span> <span class='ocrx_word' id='word_1_376' title='bbox 695 2433 901 2487; x_wconf 77' lang='grc' dir='ltr'>εἰπών’</span> <span class='ocrx_word' id='word_1_377' title='bbox 953 2434 1193 2504; x_wconf 81' lang='grc' dir='ltr'><strong><em>Πτωχὸς</em></strong></span> <span class='ocrx_word' id='word_1_378' title='bbox 1235 2434 1321 2487; x_wconf 87' lang='grc' dir='ltr'><strong><em>ὢν</em></strong></span> <span class='ocrx_word' id='word_1_379' title='bbox 1368 2433 1467 2487; x_wconf 67' lang='grc' dir='ltr'>καὶ</span> <span class='ocrx_word' id='word_1_380' title='bbox 1516 2433 1810 2487; x_wconf 81' lang='grc' dir='ltr'>ἐκλείπων</span> 
     </span>
    </p>
   </div>
   <div class='ocr_carea' id='block_1_48' title="bbox 242 2527 1810 2598">
    <p class='ocr_par' dir='ltr' id='par_1_48' title="bbox 242 2527 1810 2598">
     <span class='ocr_line' id='line_1_48' title="bbox 242 2527 1810 2598; baseline -0.001 -16"><span class='ocrx_word' id='word_1_381' title='bbox 242 2527 367 2582; x_wconf 78' lang='grc' dir='ltr'><strong><em>ἀπὸ</em></strong></span> <span class='ocrx_word' id='word_1_382' title='bbox 397 2529 697 2596; x_wconf 83' lang='grc' dir='ltr'>νεότητος,</span> <span class='ocrx_word' id='word_1_383' title='bbox 749 2528 1048 2583; x_wconf 78' lang='grc' dir='ltr'><strong><em>ἀνέλαϐον</em></strong></span> <span class='ocrx_word' id='word_1_384' title='bbox 1093 2528 1202 2583; x_wconf 86' lang='grc' dir='ltr'><strong><em>τὸν</em></strong></span> <span class='ocrx_word' id='word_1_385' title='bbox 1247 2529 1434 2598; x_wconf 78' lang='grc' dir='ltr'><em>φόϐον</em></span> <span class='ocrx_word' id='word_1_386' title='bbox 1473 2542 1612 2583; x_wconf 89' lang='grc' dir='ltr'>σου.</span> <span class='ocrx_word' id='word_1_387' title='bbox 1654 2529 1810 2596; x_wconf 80' lang='grc' dir='ltr'><strong><em>Πρὸς</em></strong></span> 
     </span>
    </p>
   </div>
   <div class='ocr_carea' id='block_1_49' title="bbox 242 2620 1812 2692">
    <p class='ocr_par' dir='ltr' id='par_1_49' title="bbox 242 2620 1812 2692">
     <span class='ocr_line' id='line_1_49' title="bbox 242 2620 1812 2692; baseline -0.001 -16"><span class='ocrx_word' id='word_1_388' title='bbox 242 2623 478 2689; x_wconf 80' lang='grc' dir='ltr'><strong><em>τούτοις</em></strong></span> <span class='ocrx_word' id='word_1_389' title='bbox 498 2621 571 2675; x_wconf 83' lang='grc' dir='ltr'>δι’</span> <span class='ocrx_word' id='word_1_390' title='bbox 594 2620 739 2692; x_wconf 80' lang='grc' dir='ltr'>ἐμοῦ</span> <span class='ocrx_word' id='word_1_391' title='bbox 764 2621 1157 2691; x_wconf 72' lang='grc' dir='ltr'><strong><em>παρώδευσαν</em></strong></span> <span class='ocrx_word' id='word_1_392' title='bbox 1188 2627 1247 2677; x_wconf 86' lang='lat' dir='ltr'><strong><em>at</em></strong></span> <span class='ocrx_word' id='word_1_393' title='bbox 1273 2622 1439 2692; x_wconf 74' lang='grc' dir='ltr'>ὀργαί</span> <span class='ocrx_word' id='word_1_394' title='bbox 1465 2635 1601 2686; x_wconf 89' lang='grc' dir='ltr'>σου,</span> <span class='ocrx_word' id='word_1_395' title='bbox 1629 2624 1690 2675; x_wconf 88' lang='lat' dir='ltr'><strong><em>al</em></strong></span> <span class='ocrx_word' id='word_1_396' title='bbox 1716 2620 1812 2675; x_wconf 69' lang='grc' dir='ltr'><strong><em>ὲκ-</em></strong></span> 
     </span>
    </p>
   </div>
   <div class='ocr_carea' id='block_1_50' title="bbox 243 2712 1812 2783">
    <p class='ocr_par' dir='ltr' id='par_1_50' title="bbox 243 2712 1812 2783">
     <span class='ocr_line' id='line_1_50' title="bbox 243 2712 1812 2783; baseline 0.001 -16"><span class='ocrx_word' id='word_1_397' title='bbox 243 2713 499 2782; x_wconf 80' lang='grc' dir='ltr'>πλήξεις</span> <span class='ocrx_word' id='word_1_398' title='bbox 522 2729 639 2768; x_wconf 88' lang='grc' dir='ltr'>σου</span> <span class='ocrx_word' id='word_1_399' title='bbox 667 2712 1126 2782; x_wconf 75' lang='grc' dir='ltr'>κατεσιώπησαν</span> <span class='ocrx_word' id='word_1_400' title='bbox 1150 2731 1246 2783; x_wconf 87' lang='grc' dir='ltr'><strong><em>με.</em></strong></span> <span class='ocrx_word' id='word_1_401' title='bbox 1283 2712 1615 2783; x_wconf 82' lang='grc' dir='ltr'><strong><em>Περιῆλθόν</em></strong></span> <span class='ocrx_word' id='word_1_402' title='bbox 1630 2731 1707 2783; x_wconf 86' lang='grc' dir='ltr'><strong><em>με</em></strong></span> <span class='ocrx_word' id='word_1_403' title='bbox 1730 2713 1812 2779; x_wconf 84' lang='grc' dir='ltr'>ὡς</span> 
     </span>
    </p>
   </div>
   <div class='ocr_carea' id='block_1_51' title="bbox 242 2802 1808 2874">
    <p class='ocr_par' dir='ltr' id='par_1_51' title="bbox 242 2802 1808 2874">
     <span class='ocr_line' id='line_1_51' title="bbox 242 2802 1808 2874; baseline -0.001 -16"><span class='ocrx_word' id='word_1_404' title='bbox 242 2806 455 2869; x_wconf 79' lang='grc' dir='ltr'>ὕδατα,</span> <span class='ocrx_word' id='word_1_405' title='bbox 483 2804 690 2858; x_wconf 79' lang='grc' dir='ltr'>πᾶσαν</span> <span class='ocrx_word' id='word_1_406' title='bbox 750 2803 866 2873; x_wconf 81' lang='grc' dir='ltr'><strong><em>τὴν</em></strong></span> <span class='ocrx_word' id='word_1_407' title='bbox 911 2804 1140 2874; x_wconf 74' lang='grc' dir='ltr'>ἡμέραν</span> <span class='ocrx_word' id='word_1_408' title='bbox 1185 2802 1673 2873; x_wconf 66' lang='grc' dir='ltr'>περωκύκλωσάν</span> <span class='ocrx_word' id='word_1_409' title='bbox 1713 2820 1808 2874; x_wconf 88' lang='grc' dir='ltr'><strong><em>με.</em></strong></span> 
     </span>
    </p>
   </div>
   <div class='ocr_carea' id='block_1_52' title="bbox 243 2895 1815 2968">
    <p class='ocr_par' dir='ltr' id='par_1_52' title="bbox 243 2895 1815 2968">
     <span class='ocr_line' id='line_1_52' title="bbox 243 2895 1815 2968; baseline -0.002 -15"><span class='ocrx_word' id='word_1_410' title='bbox 243 2901 358 2953; x_wconf 73' lang='grc' dir='ltr'>Καὶ</span> <span class='ocrx_word' id='word_1_411' title='bbox 384 2901 411 2951; x_wconf 85' lang='grc' dir='ltr'>ὁ</span> <span class='ocrx_word' id='word_1_412' title='bbox 450 2898 699 2962; x_wconf 82' lang='grc' dir='ltr'><strong><em>Ἀκύλας,</em></strong></span> <span class='ocrx_word' id='word_1_413' title='bbox 727 2898 846 2951; x_wconf 86' lang='grc' dir='ltr'><strong><em>Ἐπ’</em></strong></span> <span class='ocrx_word' id='word_1_414' title='bbox 877 2896 1002 2967; x_wconf 82' lang='grc' dir='ltr'>ἐμὲ,</span> <span class='ocrx_word' id='word_1_415' title='bbox 1047 2896 1201 2968; x_wconf 78' lang='grc' dir='ltr'>φησὶ,</span> <span class='ocrx_word' id='word_1_416' title='bbox 1225 2895 1535 2966; x_wconf 81' lang='grc' dir='ltr'>παρῆλθον</span> <span class='ocrx_word' id='word_1_417' title='bbox 1560 2898 1620 2950; x_wconf 75' lang='lat' dir='ltr'><strong><em>al</em></strong></span> <span class='ocrx_word' id='word_1_418' title='bbox 1647 2896 1815 2966; x_wconf 74' lang='grc' dir='ltr'>ὀργαί</span> 
     </span>
    </p>
   </div>
   <div class='ocr_carea' id='block_1_53' title="bbox 1909 2431 3487 2507">
    <p class='ocr_par' dir='ltr' id='par_1_53' title="bbox 1909 2431 3487 2507">
     <span class='ocr_line' id='line_1_53' title="bbox 1909 2431 3487 2507; baseline 0.004 -22"><span class='ocrx_word' id='word_1_419' title='bbox 1909 2431 2117 2502; x_wconf 85' lang='lat' dir='ltr'><strong><em>I’auper</em></strong></span> <span class='ocrx_word' id='word_1_420' title='bbox 2144 2448 2262 2486; x_wconf 83' lang='lat' dir='ltr'><strong><em>cum</em></strong></span> <span class='ocrx_word' id='word_1_421' title='bbox 2290 2433 2392 2487; x_wconf 84' lang='lat' dir='ltr'><strong><em>sint</em></strong></span> <span class='ocrx_word' id='word_1_422' title='bbox 2436 2444 2485 2487; x_wconf 90' lang='lat' dir='ltr'><strong><em>et</em></strong></span> <span class='ocrx_word' id='word_1_423' title='bbox 2544 2433 2791 2503; x_wconf 78' lang='lat' dir='ltr'><strong><em>deﬁciens</em></strong></span> <span class='ocrx_word' id='word_1_424' title='bbox 2838 2450 2872 2487; x_wconf 93' lang='lat' dir='ltr'><strong><em>a</em></strong></span> <span class='ocrx_word' id='word_1_425' title='bbox 2905 2434 3179 2503; x_wconf 76' lang='lat' dir='ltr'><strong><em>juventute</em></strong></span> <span class='ocrx_word' id='word_1_426' title='bbox 3206 2475 3222 2501; x_wconf 89' lang='lat'><strong><em>,</em></strong></span> <span class='ocrx_word' id='word_1_427' title='bbox 3280 2437 3487 2507; x_wconf 83' lang='lat' dir='ltr'><strong><em>suscepi</em></strong></span> 
     </span>
    </p>
   </div>
   <div class='ocr_carea' id='block_1_54' title="bbox 1911 2522 3487 2593">
    <p class='ocr_par' dir='ltr' id='par_1_54' title="bbox 1911 2522 3487 2593">
     <span class='ocr_line' id='line_1_54' title="bbox 1911 2522 3487 2593; baseline 0.004 -19"><span class='ocrx_word' id='word_1_428' title='bbox 1911 2522 2151 2577; x_wconf 83' lang='lat' dir='ltr'><strong><em>timorem</em></strong></span> <span class='ocrx_word' id='word_1_429' title='bbox 2181 2531 2350 2577; x_wconf 90' lang='lat' dir='ltr'><strong><em>tuum.</em></strong></span> <span class='ocrx_word' id='word_1_430' title='bbox 2390 2522 2475 2576; x_wconf 76' lang='lat' dir='ltr'><strong><em>Ad</em></strong></span> <span class='ocrx_word' id='word_1_431' title='bbox 2508 2522 2619 2576; x_wconf 76' lang='lat' dir='ltr'><strong><em>hazc</em></strong></span> <span class='ocrx_word' id='word_1_432' title='bbox 2668 2538 2762 2592; x_wconf 88' lang='lat' dir='ltr'><strong><em>per</em></strong></span> <span class='ocrx_word' id='word_1_433' title='bbox 2809 2539 2889 2577; x_wconf 90' lang='lat' dir='ltr'><strong><em>me</em></strong></span> <span class='ocrx_word' id='word_1_434' title='bbox 2923 2532 3351 2593; x_wconf 82' lang='lat' dir='ltr'><strong><em>prtetermearunt</em></strong></span> <span class='ocrx_word' id='word_1_435' title='bbox 3389 2528 3487 2582; x_wconf 83' lang='lat' dir='ltr'><strong><em>ira:</em></strong></span> 
     </span>
    </p>
   </div>
   <div class='ocr_carea' id='block_1_55' title="bbox 1911 2612 3488 2694">
    <p class='ocr_par' dir='ltr' id='par_1_55' title="bbox 1911 2612 3488 2694">
     <span class='ocr_line' id='line_1_55' title="bbox 1911 2612 3488 2694; baseline 0.005 -30"><span class='ocrx_word' id='word_1_436' title='bbox 1911 2621 2015 2668; x_wconf 72' lang='lat' dir='ltr'><strong><em>tuae</em></strong></span> <span class='ocrx_word' id='word_1_437' title='bbox 2033 2653 2049 2677; x_wconf 92' lang='lat'><strong><em>,</em></strong></span> <span class='ocrx_word' id='word_1_438' title='bbox 2093 2622 2319 2668; x_wconf 84' lang='lat' dir='ltr'><strong><em>terrores</em></strong></span> <span class='ocrx_word' id='word_1_439' title='bbox 2342 2613 2421 2666; x_wconf 89' lang='lat' dir='ltr'><strong><em>tui</em></strong></span> <span class='ocrx_word' id='word_1_440' title='bbox 2454 2622 2627 2668; x_wconf 88' lang='lat' dir='ltr'><strong><em>tacere</em></strong></span> <span class='ocrx_word' id='word_1_441' title='bbox 2642 2629 2723 2667; x_wconf 90' lang='lat' dir='ltr'><strong><em>me</em></strong></span> <span class='ocrx_word' id='word_1_442' title='bbox 2742 2612 2997 2682; x_wconf 78' lang='lat' dir='ltr'><strong><em>fecerunt.</em></strong></span> <span class='ocrx_word' id='word_1_443' title='bbox 3019 2613 3488 2694; x_wconf 66' lang='lat' dir='ltr'><strong><em>Circumnnerunt</em></strong></span> 
     </span>
    </p>
   </div>
   <div class='ocr_carea' id='block_1_56' title="bbox 1912 2704 3484 2779">
    <p class='ocr_par' dir='ltr' id='par_1_56' title="bbox 1912 2704 3484 2779">
     <span class='ocr_line' id='line_1_56' title="bbox 1912 2704 3484 2779; baseline 0.004 -22"><span class='ocrx_word' id='word_1_444' title='bbox 1912 2721 1992 2759; x_wconf 86' lang='lat' dir='ltr'><strong><em>me</em></strong></span> <span class='ocrx_word' id='word_1_445' title='bbox 2026 2705 2163 2760; x_wconf 86' lang='lat' dir='ltr'><strong><em>sicut</em></strong></span> <span class='ocrx_word' id='word_1_446' title='bbox 2192 2721 2365 2776; x_wconf 66' lang='lat' dir='ltr'><strong><em>aqua,</em></strong></span> <span class='ocrx_word' id='word_1_447' title='bbox 2408 2713 2519 2761; x_wconf 92' lang='lat' dir='ltr'><strong><em>tota</em></strong></span> <span class='ocrx_word' id='word_1_448' title='bbox 2546 2705 2631 2760; x_wconf 87' lang='lat' dir='ltr'><strong><em>die</em></strong></span> <span class='ocrx_word' id='word_1_449' title='bbox 2661 2704 3115 2760; x_wconf 83' lang='lat' dir='ltr'><strong><em>circumdederunt</em></strong></span> <span class='ocrx_word' id='word_1_450' title='bbox 3142 2723 3241 2761; x_wconf 90' lang='lat' dir='ltr'><strong><em>me.</em></strong></span> <span class='ocrx_word' id='word_1_451' title='bbox 3288 2708 3484 2779; x_wconf 79' lang='lat' dir='ltr'><strong><em>Aquila</em></strong></span> 
     </span>
    </p>
   </div>
   <div class='ocr_carea' id='block_1_57' title="bbox 1912 2796 3486 2869">
    <p class='ocr_par' dir='ltr' id='par_1_57' title="bbox 1912 2796 3486 2869">
     <span class='ocr_line' id='line_1_57' title="bbox 1912 2796 3486 2869; baseline 0.006 -22"><span class='ocrx_word' id='word_1_452' title='bbox 1912 2812 2062 2868; x_wconf 84' lang='lat' dir='ltr'><strong><em>vero,</em></strong></span> <span class='ocrx_word' id='word_1_453' title='bbox 2088 2796 2258 2868; x_wconf 87' lang='lat' dir='ltr'><strong><em>Super</em></strong></span> <span class='ocrx_word' id='word_1_454' title='bbox 2280 2814 2380 2863; x_wconf 90' lang='lat' dir='ltr'><strong><em>me,</em></strong></span> <span class='ocrx_word' id='word_1_455' title='bbox 2414 2796 2609 2869; x_wconf 84' lang='lat' dir='ltr'><strong><em>inquit,</em></strong></span> <span class='ocrx_word' id='word_1_456' title='bbox 2631 2799 2998 2868; x_wconf 68' lang='lat' dir='ltr'><strong><em>praeterierunt</em></strong></span> <span class='ocrx_word' id='word_1_457' title='bbox 3027 2800 3123 2856; x_wconf 80' lang='lat' dir='ltr'><strong><em>irte</em></strong></span> <span class='ocrx_word' id='word_1_458' title='bbox 3169 2810 3294 2856; x_wconf 83' lang='lat' dir='ltr'><strong><em>tute.</em></strong></span> <span class='ocrx_word' id='word_1_459' title='bbox 3344 2802 3486 2867; x_wconf 81' lang='lat' dir='ltr'><strong><em>QuO&#39;</em></strong></span> 
     </span>
    </p>
   </div>
   <div class='ocr_carea' id='block_1_58' title="bbox 1915 2886 3485 2960">
    <p class='ocr_par' dir='ltr' id='par_1_58' title="bbox 1915 2886 3485 2960">
     <span class='ocr_line' id='line_1_58' title="bbox 1915 2886 3485 2960; baseline 0.004 -20"><span class='ocrx_word' id='word_1_460' title='bbox 1915 2886 2075 2941; x_wconf 91' lang='lat' dir='ltr'><strong><em>modo</em></strong></span> <span class='ocrx_word' id='word_1_461' title='bbox 2100 2896 2281 2942; x_wconf 88' lang='lat' dir='ltr'><strong><em>autem</em></strong></span> <span class='ocrx_word' id='word_1_462' title='bbox 2310 2902 2513 2958; x_wconf 88' lang='lat' dir='ltr'><strong><em>pauper</em></strong></span> <span class='ocrx_word' id='word_1_463' title='bbox 2547 2886 2714 2943; x_wconf 78' lang='lat' dir='ltr'><strong><em>fuerit</em></strong></span> <span class='ocrx_word' id='word_1_464' title='bbox 2739 2899 2794 2943; x_wconf 87' lang='lat' dir='ltr'><strong><em>et</em></strong></span> <span class='ocrx_word' id='word_1_465' title='bbox 2821 2889 2878 2943; x_wconf 88' lang='lat' dir='ltr'><strong><em>in</em></strong></span> <span class='ocrx_word' id='word_1_466' title='bbox 2901 2889 3183 2945; x_wconf 78' lang='lat' dir='ltr'><strong><em>laboribus</em></strong></span> <span class='ocrx_word' id='word_1_467' title='bbox 3213 2904 3245 2943; x_wconf 89' lang='lat' dir='ltr'><strong><em>a</em></strong></span> <span class='ocrx_word' id='word_1_468' title='bbox 3285 2890 3485 2960; x_wconf 85' lang='lat' dir='ltr'><strong><em>juven-</em></strong></span> 
     </span>
    </p>
   </div>
   <div class='ocr_carea' id='block_1_59' title="bbox 240 2977 1812 3061">
    <p class='ocr_par' dir='ltr' id='par_1_59' title="bbox 240 2985 1812 3061">
     <span class='ocr_line' id='line_1_59' title="bbox 240 2985 1812 3061; baseline 0.001 -18"><span class='ocrx_word' id='word_1_469' title='bbox 240 3006 384 3043; x_wconf 87' lang='grc' dir='ltr'>σου.</span> <span class='ocrx_word' id='word_1_470' title='bbox 421 2991 607 3053; x_wconf 78' lang='grc' dir='ltr'>Ὅπως</span> <span class='ocrx_word' id='word_1_471' title='bbox 641 2989 698 3042; x_wconf 81' lang='grc' dir='ltr'><strong><em>δὲ</em></strong></span> <span class='ocrx_word' id='word_1_472' title='bbox 728 2988 947 3059; x_wconf 79' lang='grc' dir='ltr'>πτωχὸς</span> <span class='ocrx_word' id='word_1_473' title='bbox 975 2985 1043 3061; x_wconf 83' lang='grc' dir='ltr'>ἦν</span> <span class='ocrx_word' id='word_1_474' title='bbox 1080 2990 1176 3043; x_wconf 76' lang='grc' dir='ltr'>καὶ</span> <span class='ocrx_word' id='word_1_475' title='bbox 1210 2990 1268 3041; x_wconf 80' lang='grc' dir='ltr'>ὲν</span> <span class='ocrx_word' id='word_1_476' title='bbox 1293 2990 1485 3054; x_wconf 76' lang='grc' dir='ltr'>κόποις</span> <span class='ocrx_word' id='word_1_477' title='bbox 1519 2991 1585 3044; x_wconf 80' lang='grc' dir='ltr'>ὲκ</span> <span class='ocrx_word' id='word_1_478' title='bbox 1628 2990 1812 3061; x_wconf 77' lang='grc' dir='ltr'>νεάτη-</span> 
     </span>
    </p>
   </div>
   <div class='ocr_carea' id='block_1_60' title="bbox 1913 2977 3484 3061">
    <p class='ocr_par' dir='ltr' id='par_1_60' title="bbox 1914 2977 3484 3052">
     <span class='ocr_line' id='line_1_60' title="bbox 1914 2977 3484 3052; baseline 0.006 -23"><span class='ocrx_word' id='word_1_479' title='bbox 1914 2983 2050 3041; x_wconf 90' lang='lat' dir='ltr'><strong><em>tute,</em></strong></span> <span class='ocrx_word' id='word_1_480' title='bbox 2085 2977 2245 3033; x_wconf 86' lang='lat' dir='ltr'><strong><em>docet</em></strong></span> <span class='ocrx_word' id='word_1_481' title='bbox 2273 2978 2390 3048; x_wconf 84' lang='lat' dir='ltr'><strong><em>ipse</em></strong></span> <span class='ocrx_word' id='word_1_482' title='bbox 2446 2980 2502 3033; x_wconf 92' lang='lat' dir='ltr'><strong><em>in</em></strong></span> <span class='ocrx_word' id='word_1_483' title='bbox 2547 2978 2856 3051; x_wconf 76' lang='lat' dir='ltr'><strong><em>Evangeliis</em></strong></span> <span class='ocrx_word' id='word_1_484' title='bbox 2902 2979 2971 3035; x_wconf 86' lang='lat' dir='ltr'><strong><em>de</em></strong></span> <span class='ocrx_word' id='word_1_485' title='bbox 3008 2995 3067 3037; x_wconf 88' lang='lat' dir='ltr'><strong><em>se</em></strong></span> <span class='ocrx_word' id='word_1_486' title='bbox 3120 2980 3351 3052; x_wconf 88' lang='lat' dir='ltr'><strong><em>loquens</em></strong></span> <span class='ocrx_word' id='word_1_487' title='bbox 3396 2980 3484 3039; x_wconf 90' lang='lat' dir='ltr'><strong><em>his</em></strong></span> 
     </span>
    </p>
   </div>
   <div class='ocr_carea' id='block_1_61' title="bbox 239 3076 1812 3151">
    <p class='ocr_par' dir='ltr' id='par_1_61' title="bbox 239 3076 1812 3149">
     <span class='ocr_line' id='line_1_61' title="bbox 239 3076 1812 3149; baseline 0 -18"><span class='ocrx_word' id='word_1_488' title='bbox 239 3096 337 3141; x_wconf 79' lang='grc' dir='ltr'>τος</span> <span class='ocrx_word' id='word_1_489' title='bbox 355 3120 371 3144; x_wconf 96' lang='grc'><strong><em>,</em></strong></span> <span class='ocrx_word' id='word_1_490' title='bbox 394 3078 629 3131; x_wconf 80' lang='grc' dir='ltr'><strong><em>διδάσκει</em></strong></span> <span class='ocrx_word' id='word_1_491' title='bbox 661 3077 824 3142; x_wconf 79' lang='grc' dir='ltr'>αὐτὸς</span> <span class='ocrx_word' id='word_1_492' title='bbox 850 3080 908 3131; x_wconf 82' lang='grc' dir='ltr'>ὲν</span> <span class='ocrx_word' id='word_1_493' title='bbox 931 3081 1043 3141; x_wconf 80' lang='grc' dir='ltr'>τοῖς</span> <span class='ocrx_word' id='word_1_494' title='bbox 1082 3076 1431 3146; x_wconf 79' lang='grc' dir='ltr'>Εὐαγγελίοις</span> <span class='ocrx_word' id='word_1_495' title='bbox 1467 3078 1591 3149; x_wconf 73' lang='grc' dir='ltr'>περὶ</span> <span class='ocrx_word' id='word_1_496' title='bbox 1621 3076 1812 3131; x_wconf 79' lang='grc' dir='ltr'>ἑαυτοῦ</span> 
     </span>
    </p>
   </div>
   <div class='ocr_carea' id='block_1_62' title="bbox 1913 3076 3483 3151">
    <p class='ocr_par' dir='ltr' id='par_1_62' title="bbox 1915 3076 3483 3151">
     <span class='ocr_line' id='line_1_62' title="bbox 1915 3076 3483 3151; baseline 0.006 -23"><span class='ocrx_word' id='word_1_497' title='bbox 1915 3077 2136 3133; x_wconf 82' lang='lat' dir='ltr'><strong><em>verbis:</em></strong></span> <span class='ocrx_word' id='word_1_498' title='bbox 2181 3076 2382 3133; x_wconf 80' lang='lat' dir='ltr'><strong><em>Discite</em></strong></span> <span class='ocrx_word' id='word_1_499' title='bbox 2440 3096 2472 3133; x_wconf 94' lang='lat' dir='ltr'><strong><em>a</em></strong></span> <span class='ocrx_word' id='word_1_500' title='bbox 2524 3095 2604 3134; x_wconf 89' lang='lat' dir='ltr'><strong><em>me</em></strong></span> <span class='ocrx_word' id='word_1_501' title='bbox 2652 3080 2778 3151; x_wconf 85' lang='lat' dir='ltr'><strong><em>quia</em></strong></span> <span class='ocrx_word' id='word_1_502' title='bbox 2827 3081 2974 3136; x_wconf 89' lang='lat' dir='ltr'><strong><em>mitis</em></strong></span> <span class='ocrx_word' id='word_1_503' title='bbox 3003 3097 3122 3136; x_wconf 88' lang='lat' dir='ltr'><strong><em>sum</em></strong></span> <span class='ocrx_word' id='word_1_504' title='bbox 3172 3090 3223 3136; x_wconf 93' lang='lat' dir='ltr'><strong><em>et</em></strong></span> <span class='ocrx_word' id='word_1_505' title='bbox 3269 3082 3483 3140; x_wconf 86' lang='lat' dir='ltr'><strong><em>humilis</em></strong></span> 
     </span>
    </p>
   </div>
   <div class='ocr_carea' id='block_1_63' title="bbox 238 3162 1812 3243">
    <p class='ocr_par' dir='ltr' id='par_1_63' title="bbox 238 3166 1808 3238">
     <span class='ocr_line' id='line_1_63' title="bbox 238 3166 1808 3238; baseline 0.001 -20"><span class='ocrx_word' id='word_1_506' title='bbox 238 3167 422 3235; x_wconf 76' lang='grc' dir='ltr'>λέγων</span> <span class='ocrx_word' id='word_1_507' title='bbox 442 3183 457 3198; x_wconf 88' lang='grc'><strong>·</strong></span> <span class='ocrx_word' id='word_1_508' title='bbox 494 3166 720 3222; x_wconf 81' lang='grc' dir='ltr'>Μάθετε</span> <span class='ocrx_word' id='word_1_509' title='bbox 750 3168 851 3222; x_wconf 78' lang='grc' dir='ltr'><strong><em>ἀπ’</em></strong></span> <span class='ocrx_word' id='word_1_510' title='bbox 883 3167 1052 3238; x_wconf 83' lang='grc' dir='ltr'><strong><em>ἐμοῦ,</em></strong></span> <span class='ocrx_word' id='word_1_511' title='bbox 1083 3167 1173 3221; x_wconf 85' lang='grc' dir='ltr'><strong><em>ὅτι</em></strong></span> <span class='ocrx_word' id='word_1_512' title='bbox 1205 3166 1396 3236; x_wconf 82' lang='grc' dir='ltr'><em>πρᾶός</em></span> <span class='ocrx_word' id='word_1_513' title='bbox 1432 3170 1550 3238; x_wconf 84' lang='grc' dir='ltr'>εἰμι</span> <span class='ocrx_word' id='word_1_514' title='bbox 1583 3170 1680 3222; x_wconf 79' lang='grc' dir='ltr'>καὶ</span> <span class='ocrx_word' id='word_1_515' title='bbox 1707 3184 1808 3220; x_wconf 86' lang='grc' dir='ltr'><strong><em>τα-</em></strong></span> 
     </span>
    </p>
   </div>
   <div class='ocr_carea' id='block_1_64' title="bbox 1913 3162 3486 3243">
    <p class='ocr_par' dir='ltr' id='par_1_64' title="bbox 1915 3168 3486 3243">
     <span class='ocr_line' id='line_1_64' title="bbox 1915 3168 3486 3243; baseline 0.004 -21"><span class='ocrx_word' id='word_1_516' title='bbox 1915 3169 2069 3224; x_wconf 84' lang='lat' dir='ltr'><strong><em>corde</em></strong></span> <span class='ocrx_word' id='word_1_517' title='bbox 2107 3168 2149 3220; x_wconf 76' lang='grc'>⁸.</span> <span class='ocrx_word' id='word_1_518' title='bbox 2183 3168 2476 3239; x_wconf 85' lang='lat' dir='ltr'><strong><em>Apostolus</em></strong></span> <span class='ocrx_word' id='word_1_519' title='bbox 2500 3170 2629 3226; x_wconf 81' lang='lat' dir='ltr'><strong><em>item</em></strong></span> <span class='ocrx_word' id='word_1_520' title='bbox 2659 3171 2737 3225; x_wconf 86' lang='lat' dir='ltr'><strong><em>ait</em></strong></span> <span class='ocrx_word' id='word_1_521' title='bbox 2766 3189 2781 3226; x_wconf 90' lang='lat'><strong>:</strong></span> <span class='ocrx_word' id='word_1_522' title='bbox 2817 3170 2923 3238; x_wconf 81' lang='lat' dir='ltr'><strong><em>Qui</em></strong></span> <span class='ocrx_word' id='word_1_523' title='bbox 2949 3188 3071 3225; x_wconf 76' lang='lat' dir='ltr'><strong><em>cum</em></strong></span> <span class='ocrx_word' id='word_1_524' title='bbox 3091 3173 3145 3227; x_wconf 91' lang='lat' dir='ltr'><strong><em>in</em></strong></span> <span class='ocrx_word' id='word_1_525' title='bbox 3182 3173 3357 3243; x_wconf 77' lang='lat' dir='ltr'><strong><em>forma</em></strong></span> <span class='ocrx_word' id='word_1_526' title='bbox 3385 3173 3486 3229; x_wconf 77' lang='lat' dir='ltr'><strong><em>Dci</em></strong></span> 
     </span>
    </p>
   </div>
   <div class='ocr_carea' id='block_1_65' title="bbox 241 3258 1812 3336">
    <p class='ocr_par' dir='ltr' id='par_1_65' title="bbox 241 3258 1811 3332">
     <span class='ocr_line' id='line_1_65' title="bbox 241 3258 1811 3332; baseline 0 -19"><span class='ocrx_word' id='word_1_527' title='bbox 241 3259 454 3326; x_wconf 80' lang='grc' dir='ltr'>πεινὸς</span> <span class='ocrx_word' id='word_1_528' title='bbox 491 3258 570 3329; x_wconf 75' lang='grc' dir='ltr'><strong><em>τῇ</em></strong></span> <span class='ocrx_word' id='word_1_529' title='bbox 607 3259 841 3329; x_wconf 79' lang='grc' dir='ltr'>καρδίᾳ.</span> <span class='ocrx_word' id='word_1_530' title='bbox 886 3261 996 3316; x_wconf 77' lang='grc' dir='ltr'><strong><em>Καὶ</em></strong></span> <span class='ocrx_word' id='word_1_531' title='bbox 1040 3261 1069 3312; x_wconf 85' lang='grc' dir='ltr'>ὁ</span> <span class='ocrx_word' id='word_1_532' title='bbox 1114 3260 1427 3324; x_wconf 80' lang='grc' dir='ltr'><strong><em>Ἀπὸστολός</em></strong></span> <span class='ocrx_word' id='word_1_533' title='bbox 1460 3277 1621 3332; x_wconf 81' lang='grc' dir='ltr'>φησιν</span> <span class='ocrx_word' id='word_1_534' title='bbox 1646 3277 1659 3290; x_wconf 89' lang='grc'><strong>·</strong></span> <span class='ocrx_word' id='word_1_535' title='bbox 1712 3261 1811 3327; x_wconf 83' lang='grc' dir='ltr'>⁸ος</span> 
     </span>
    </p>
   </div>
   <div class='ocr_carea' id='block_1_66' title="bbox 1913 3258 3484 3336">
    <p class='ocr_par' dir='ltr' id='par_1_66' title="bbox 1913 3260 3484 3336">
     <span class='ocr_line' id='line_1_66' title="bbox 1913 3260 3484 3336; baseline 0.004 -22"><span class='ocrx_word' id='word_1_536' title='bbox 1913 3269 2066 3323; x_wconf 86' lang='lat' dir='ltr'><strong><em>esset,</em></strong></span> <span class='ocrx_word' id='word_1_537' title='bbox 2097 3276 2201 3314; x_wconf 85' lang='lat' dir='ltr'><strong><em>non</em></strong></span> <span class='ocrx_word' id='word_1_538' title='bbox 2236 3261 2481 3329; x_wconf 82' lang='lat' dir='ltr'><strong><em>rapinam</em></strong></span> <span class='ocrx_word' id='word_1_539' title='bbox 2516 3260 2811 3316; x_wconf 81' lang='lat' dir='ltr'><strong><em>arbitratus</em></strong></span> <span class='ocrx_word' id='word_1_540' title='bbox 2858 3271 2935 3317; x_wconf 88' lang='lat' dir='ltr'><strong><em>est</em></strong></span> <span class='ocrx_word' id='word_1_541' title='bbox 2969 3279 3084 3318; x_wconf 91' lang='lat' dir='ltr'><strong><em>esse</em></strong></span> <span class='ocrx_word' id='word_1_542' title='bbox 3123 3280 3178 3318; x_wconf 93' lang='lat' dir='ltr'><strong><em>se</em></strong></span> <span class='ocrx_word' id='word_1_543' title='bbox 3232 3263 3484 3336; x_wconf 69' lang='lat' dir='ltr'><strong><em>aequalem</em></strong></span> 
     </span>
    </p>
   </div>
   <div class='ocr_carea' id='block_1_67' title="bbox 239 3349 1812 3428">
    <p class='ocr_par' dir='ltr' id='par_1_67' title="bbox 239 3349 1810 3422">
     <span class='ocr_line' id='line_1_67' title="bbox 239 3349 1810 3422; baseline 0.001 -18"><span class='ocrx_word' id='word_1_544' title='bbox 239 3353 318 3404; x_wconf 79' lang='grc' dir='ltr'><strong><em>ἐν</em></strong></span> <span class='ocrx_word' id='word_1_545' title='bbox 332 3349 534 3420; x_wconf 71' lang='grc' dir='ltr'>μορφῇ</span> <span class='ocrx_word' id='word_1_546' title='bbox 564 3352 709 3407; x_wconf 84' lang='grc' dir='ltr'><strong><em>Θεοῦ</em></strong></span> <span class='ocrx_word' id='word_1_547' title='bbox 738 3351 1042 3421; x_wconf 80' lang='grc' dir='ltr'><strong><em>ὑπάρχων,</em></strong></span> <span class='ocrx_word' id='word_1_548' title='bbox 1069 3353 1183 3421; x_wconf 84' lang='grc' dir='ltr'><strong><em>οὐχ</em></strong></span> <span class='ocrx_word' id='word_1_549' title='bbox 1208 3351 1521 3422; x_wconf 80' lang='grc' dir='ltr'>ἁρπαγμὸν</span> <span class='ocrx_word' id='word_1_550' title='bbox 1541 3349 1810 3422; x_wconf 80' lang='grc' dir='ltr'><strong><em>ἡγήσατο</em></strong></span> 
     </span>
    </p>
   </div>
   <div class='ocr_carea' id='block_1_68' title="bbox 1913 3349 3485 3428">
    <p class='ocr_par' dir='ltr' id='par_1_68' title="bbox 1913 3349 3485 3428">
     <span class='ocr_line' id='line_1_68' title="bbox 1913 3349 3485 3428; baseline 0.007 -25"><span class='ocrx_word' id='word_1_551' title='bbox 1913 3349 2019 3405; x_wconf 88' lang='lat' dir='ltr'><strong><em>Deo</em></strong></span> <span class='ocrx_word' id='word_1_552' title='bbox 2035 3391 2051 3416; x_wconf 91' lang='lat'><strong><em>,</em></strong></span> <span class='ocrx_word' id='word_1_553' title='bbox 2090 3351 2180 3406; x_wconf 83' lang='lat' dir='ltr'><strong><em>sed</em></strong></span> <span class='ocrx_word' id='word_1_554' title='bbox 2200 3352 2535 3421; x_wconf 83' lang='lat' dir='ltr'><strong><em>semetipsum</em></strong></span> <span class='ocrx_word' id='word_1_555' title='bbox 2561 3354 2846 3408; x_wconf 72' lang='lat' dir='ltr'><strong><em>exinanivit</em></strong></span> <span class='ocrx_word' id='word_1_556' title='bbox 2866 3356 2925 3420; x_wconf 73' lang='grc' dir='ltr'>’ς</span> <span class='ocrx_word' id='word_1_557' title='bbox 2956 3355 3031 3410; x_wconf 87' lang='lat' dir='ltr'><strong><em>ita</em></strong></span> <span class='ocrx_word' id='word_1_558' title='bbox 3057 3365 3116 3410; x_wconf 91' lang='lat' dir='ltr'><strong><em>ut</em></strong></span> <span class='ocrx_word' id='word_1_559' title='bbox 3134 3358 3485 3428; x_wconf 85' lang='lat' dir='ltr'><strong><em>perspicuum</em></strong></span> 
     </span>
    </p>
   </div>
   <div class='ocr_carea' id='block_1_69' title="bbox 241 3439 1812 3522">
    <p class='ocr_par' dir='ltr' id='par_1_69' title="bbox 241 3439 1809 3509">
     <span class='ocr_line' id='line_1_69' title="bbox 241 3439 1809 3509; baseline 0.001 -13"><span class='ocrx_word' id='word_1_560' title='bbox 241 3439 399 3497; x_wconf 73' lang='grc' dir='ltr'>εἶναι</span> <span class='ocrx_word' id='word_1_561' title='bbox 438 3443 545 3496; x_wconf 78' lang='grc' dir='ltr'>ἴσα</span> <span class='ocrx_word' id='word_1_562' title='bbox 568 3442 708 3509; x_wconf 84' lang='grc' dir='ltr'>Θεῷ,</span> <span class='ocrx_word' id='word_1_563' title='bbox 735 3443 873 3498; x_wconf 83' lang='grc' dir='ltr'><em>ἀλλ’</em></span> <span class='ocrx_word' id='word_1_564' title='bbox 896 3444 1115 3498; x_wconf 71' lang='grc' dir='ltr'><strong><em>ἑαυτὸν</em></strong></span> <span class='ocrx_word' id='word_1_565' title='bbox 1139 3442 1439 3498; x_wconf 79' lang='grc' dir='ltr'><strong><em>ἐκένωσεν</em></strong></span> <span class='ocrx_word' id='word_1_566' title='bbox 1456 3460 1470 3474; x_wconf 77' lang='grc'><em>’</em></span> <span class='ocrx_word' id='word_1_567' title='bbox 1505 3442 1644 3498; x_wconf 81' lang='grc' dir='ltr'>ὥστε</span> <span class='ocrx_word' id='word_1_568' title='bbox 1672 3440 1809 3498; x_wconf 81' lang='grc' dir='ltr'>εἶναι</span> 
     </span>
    </p>
   </div>
   <div class='ocr_carea' id='block_1_70' title="bbox 1913 3439 3485 3522">
    <p class='ocr_par' dir='ltr' id='par_1_70' title="bbox 1913 3443 3485 3522">
     <span class='ocr_line' id='line_1_70' title="bbox 1913 3443 3485 3522; baseline 0.006 -25"><span class='ocrx_word' id='word_1_569' title='bbox 1913 3443 1981 3498; x_wconf 85' lang='lat' dir='ltr'><strong><em>sit</em></strong></span> <span class='ocrx_word' id='word_1_570' title='bbox 1992 3458 2099 3515; x_wconf 89' lang='lat' dir='ltr'><strong><em>qua</em></strong></span> <span class='ocrx_word' id='word_1_571' title='bbox 2115 3443 2183 3500; x_wconf 90' lang='lat' dir='ltr'><strong><em>de</em></strong></span> <span class='ocrx_word' id='word_1_572' title='bbox 2192 3459 2359 3499; x_wconf 88' lang='lat' dir='ltr'><strong><em>causa</em></strong></span> <span class='ocrx_word' id='word_1_573' title='bbox 2371 3445 2513 3516; x_wconf 86' lang='lat' dir='ltr'><strong><em>apud</em></strong></span> <span class='ocrx_word' id='word_1_574' title='bbox 2526 3444 2670 3501; x_wconf 82' lang='lat' dir='ltr'><strong><em>LXX</em></strong></span> <span class='ocrx_word' id='word_1_575' title='bbox 2686 3446 2743 3501; x_wconf 81' lang='grc' dir='ltr'><strong><em>ιιι</em></strong></span> <span class='ocrx_word' id='word_1_576' title='bbox 2750 3455 3013 3518; x_wconf 86' lang='lat' dir='ltr'><strong><em>terpretes</em></strong></span> <span class='ocrx_word' id='word_1_577' title='bbox 3028 3448 3485 3522; x_wconf 82' lang='lat' dir='ltr'><strong><em>dicatur,Pauper</em></strong></span> 
     </span>
    </p>
   </div>
   <div class='ocr_carea' id='block_1_71' title="bbox 247 3534 1812 3612">
    <p class='ocr_par' dir='ltr' id='par_1_71' title="bbox 247 3534 1808 3610">
     <span class='ocr_line' id='line_1_71' title="bbox 247 3534 1808 3610; baseline 0.004 -22"><span class='ocrx_word' id='word_1_578' title='bbox 247 3535 417 3603; x_wconf 76' lang='grc' dir='ltr'>σαφὲς</span> <span class='ocrx_word' id='word_1_579' title='bbox 468 3534 586 3599; x_wconf 82' lang='grc' dir='ltr'>πιῖις</span> <span class='ocrx_word' id='word_1_580' title='bbox 646 3536 862 3607; x_wconf 77' lang='grc' dir='ltr'>εἴρηται</span> <span class='ocrx_word' id='word_1_581' title='bbox 912 3536 1066 3608; x_wconf 76' lang='grc' dir='ltr'>παρὰ</span> <span class='ocrx_word' id='word_1_582' title='bbox 1112 3539 1226 3601; x_wconf 87' lang='grc' dir='ltr'>τοῖς</span> <span class='ocrx_word' id='word_1_583' title='bbox 1289 3536 1689 3610; x_wconf 76' lang='grc' dir='ltr'>Ἐὄόομήκοντα</span> <span class='ocrx_word' id='word_1_584' title='bbox 1727 3540 1808 3605; x_wconf 82' lang='grc' dir='ltr'><strong><em>τὸ,</em></strong></span> 
     </span>
    </p>
   </div>
   <div class='ocr_carea' id='block_1_72' title="bbox 1913 3534 3486 3612">
    <p class='ocr_par' dir='ltr' id='par_1_72' title="bbox 1913 3540 3486 3612">
     <span class='ocr_line' id='line_1_72' title="bbox 1913 3540 3486 3612; baseline 0.006 -18"><span class='ocrx_word' id='word_1_585' title='bbox 1913 3555 2025 3594; x_wconf 79' lang='lat' dir='ltr'><strong><em>sum</em></strong></span> <span class='ocrx_word' id='word_1_586' title='bbox 2047 3556 2140 3611; x_wconf 83' lang='lat' dir='ltr'><strong><em>ego</em></strong></span> <span class='ocrx_word' id='word_1_587' title='bbox 2167 3549 2218 3594; x_wconf 89' lang='lat' dir='ltr'><strong><em>et</em></strong></span> <span class='ocrx_word' id='word_1_588' title='bbox 2247 3540 2302 3593; x_wconf 90' lang='lat' dir='ltr'><strong><em>in</em></strong></span> <span class='ocrx_word' id='word_1_589' title='bbox 2331 3540 2602 3596; x_wconf 86' lang='lat' dir='ltr'><strong><em>laboribus</em></strong></span> <span class='ocrx_word' id='word_1_590' title='bbox 2651 3560 2686 3595; x_wconf 92' lang='lat' dir='ltr'><strong><em>a</em></strong></span> <span class='ocrx_word' id='word_1_591' title='bbox 2706 3542 2980 3612; x_wconf 80' lang='lat' dir='ltr'><strong><em>juventute</em></strong></span> <span class='ocrx_word' id='word_1_592' title='bbox 3027 3561 3162 3599; x_wconf 88' lang='lat' dir='ltr'><strong><em>mea.</em></strong></span> <span class='ocrx_word' id='word_1_593' title='bbox 3197 3546 3395 3602; x_wconf 81' lang='lat' dir='ltr'><strong><em>Verum</em></strong></span> <span class='ocrx_word' id='word_1_594' title='bbox 3426 3548 3486 3604; x_wconf 83' lang='lat' dir='ltr'><strong><em>in</em></strong></span> 
     </span>
    </p>
   </div>
   <div class='ocr_carea' id='block_1_73' title="bbox 243 3626 1812 3709">
    <p class='ocr_par' dir='ltr' id='par_1_73' title="bbox 243 3626 1808 3702">
     <span class='ocr_line' id='line_1_73' title="bbox 243 3626 1808 3702; baseline 0.004 -21"><span class='ocrx_word' id='word_1_595' title='bbox 243 3627 489 3695; x_wconf 82' lang='grc' dir='ltr'><strong><em>Πτωχός</em></strong></span> <span class='ocrx_word' id='word_1_596' title='bbox 512 3629 628 3697; x_wconf 83' lang='grc' dir='ltr'>ειμι</span> <span class='ocrx_word' id='word_1_597' title='bbox 657 3626 773 3696; x_wconf 64' lang='grc' dir='ltr'><strong><em>ἐγὼ</em></strong></span> <span class='ocrx_word' id='word_1_598' title='bbox 795 3628 892 3683; x_wconf 80' lang='grc' dir='ltr'>καὶ</span> <span class='ocrx_word' id='word_1_599' title='bbox 921 3628 991 3680; x_wconf 80' lang='grc' dir='ltr'><strong><em>ὲν</em></strong></span> <span class='ocrx_word' id='word_1_600' title='bbox 1020 3628 1228 3696; x_wconf 84' lang='grc' dir='ltr'>κόποις</span> <span class='ocrx_word' id='word_1_601' title='bbox 1263 3629 1334 3683; x_wconf 78' lang='grc' dir='ltr'>ἐκ</span> <span class='ocrx_word' id='word_1_602' title='bbox 1363 3632 1646 3700; x_wconf 78' lang='grc' dir='ltr'>νεότητός</span> <span class='ocrx_word' id='word_1_603' title='bbox 1666 3650 1808 3702; x_wconf 84' lang='grc' dir='ltr'>μου.</span> 
     </span>
    </p>
   </div>
   <div class='ocr_carea' id='block_1_74' title="bbox 1913 3626 3485 3709">
    <p class='ocr_par' dir='ltr' id='par_1_74' title="bbox 1913 3629 3485 3709">
     <span class='ocr_line' id='line_1_74' title="bbox 1913 3629 3485 3709; baseline 0.006 -24"><span class='ocrx_word' id='word_1_604' title='bbox 1913 3629 2191 3699; x_wconf 86' lang='lat' dir='ltr'><strong><em>iuventute</em></strong></span> <span class='ocrx_word' id='word_1_605' title='bbox 2221 3645 2341 3695; x_wconf 85' lang='lat' dir='ltr'><strong><em>sua,</em></strong></span> <span class='ocrx_word' id='word_1_606' title='bbox 2376 3646 2502 3686; x_wconf 91' lang='lat' dir='ltr'><strong><em>cum</em></strong></span> <span class='ocrx_word' id='word_1_607' title='bbox 2536 3632 2780 3704; x_wconf 84' lang='lat' dir='ltr'><strong><em>alioquin</em></strong></span> <span class='ocrx_word' id='word_1_608' title='bbox 2815 3648 2845 3688; x_wconf 91' lang='lat' dir='ltr'><strong><em>a</em></strong></span> <span class='ocrx_word' id='word_1_609' title='bbox 2873 3633 3133 3706; x_wconf 76' lang='lat' dir='ltr'><strong><em>Josepho,</em></strong></span> <span class='ocrx_word' id='word_1_610' title='bbox 3196 3639 3290 3707; x_wconf 91' lang='lat' dir='ltr'><strong><em>qui</em></strong></span> <span class='ocrx_word' id='word_1_611' title='bbox 3330 3645 3485 3709; x_wconf 85' lang='lat' dir='ltr'><strong><em>pater</em></strong></span> 
     </span>
    </p>
   </div>
   <div class='ocr_carea' id='block_1_75' title="bbox 257 3720 1812 3791">
    <p class='ocr_par' dir='ltr' id='par_1_75' title="bbox 257 3720 1812 3791">
     <span class='ocr_line' id='line_1_75' title="bbox 257 3720 1812 3791; baseline 0.003 -18"><span class='ocrx_word' id='word_1_612' title='bbox 257 3720 398 3773; x_wconf 77' lang='grc' dir='ltr'><em>Ἀλλ’</em></span> <span class='ocrx_word' id='word_1_613' title='bbox 426 3722 486 3773; x_wconf 84' lang='grc' dir='ltr'>ὲν</span> <span class='ocrx_word' id='word_1_614' title='bbox 527 3721 624 3791; x_wconf 76' lang='grc' dir='ltr'>μὲν</span> <span class='ocrx_word' id='word_1_615' title='bbox 665 3723 732 3790; x_wconf 81' lang='grc' dir='ltr'><strong><em>τῇ</em></strong></span> <span class='ocrx_word' id='word_1_616' title='bbox 773 3720 984 3791; x_wconf 78' lang='grc' dir='ltr'>νεότητι</span> <span class='ocrx_word' id='word_1_617' title='bbox 1020 3721 1206 3787; x_wconf 82' lang='grc' dir='ltr'>αὐτοῦ,</span> <span class='ocrx_word' id='word_1_618' title='bbox 1243 3722 1340 3775; x_wconf 85' lang='grc' dir='ltr'>καὶ</span> <span class='ocrx_word' id='word_1_619' title='bbox 1376 3722 1550 3787; x_wconf 76' lang='grc' dir='ltr'><em>ἄλλως</em></span> <span class='ocrx_word' id='word_1_620' title='bbox 1581 3724 1688 3778; x_wconf 81' lang='grc' dir='ltr'><strong><em>ὑπὸ</em></strong></span> <span class='ocrx_word' id='word_1_621' title='bbox 1718 3724 1812 3778; x_wconf 78' lang='grc' dir='ltr'><strong><em>τὸν</em></strong></span> 
     </span>
    </p>
   </div>
   <div class='ocr_carea' id='block_1_76' title="bbox 244 3811 1812 3888">
    <p class='ocr_par' dir='ltr' id='par_1_76' title="bbox 244 3811 1812 3888">
     <span class='ocr_line' id='line_1_76' title="bbox 244 3811 1812 3888; baseline 0.005 -25"><span class='ocrx_word' id='word_1_622' title='bbox 244 3811 599 3883; x_wconf 75' lang='grc' dir='ltr'>νομιζόμενον</span> <span class='ocrx_word' id='word_1_623' title='bbox 618 3812 830 3883; x_wconf 82' lang='grc' dir='ltr'>πατέρα</span> <span class='ocrx_word' id='word_1_624' title='bbox 852 3812 942 3865; x_wconf 87' lang='grc' dir='ltr'><strong><em>τὸν</em></strong></span> <span class='ocrx_word' id='word_1_625' title='bbox 978 3812 1195 3883; x_wconf 78' lang='grc' dir='ltr'>Ἰωσὴφ,</span> <span class='ocrx_word' id='word_1_626' title='bbox 1222 3813 1317 3867; x_wconf 74' lang='lat' dir='ltr'><strong><em>xui.</em></strong></span> <span class='ocrx_word' id='word_1_627' title='bbox 1346 3813 1447 3886; x_wconf 82' lang='grc' dir='ltr'><strong><em>τὴν</em></strong></span> <span class='ocrx_word' id='word_1_628' title='bbox 1467 3814 1609 3869; x_wconf 81' lang='grc' dir='ltr'>κατὰ</span> <span class='ocrx_word' id='word_1_629' title='bbox 1634 3817 1812 3888; x_wconf 82' lang='grc' dir='ltr'>σάρκα</span> 
     </span>
    </p>
   </div>
   <div class='ocr_carea' id='block_1_77' title="bbox 245 3901 1811 3979">
    <p class='ocr_par' dir='ltr' id='par_1_77' title="bbox 245 3901 1811 3979">
     <span class='ocr_line' id='line_1_77' title="bbox 245 3901 1811 3979; baseline 0.005 -23"><span class='ocrx_word' id='word_1_630' title='bbox 245 3904 462 3975; x_wconf 83' lang='grc' dir='ltr'>μητέρα</span> <span class='ocrx_word' id='word_1_631' title='bbox 493 3905 847 3977; x_wconf 79' lang='grc' dir='ltr'>τρεφόμενος,</span> <span class='ocrx_word' id='word_1_632' title='bbox 871 3905 1085 3976; x_wconf 72' lang='grc' dir='ltr'>πτωχὸς</span> <span class='ocrx_word' id='word_1_633' title='bbox 1114 3901 1182 3976; x_wconf 82' lang='grc' dir='ltr'><strong><em>ἧν</em></strong></span> <span class='ocrx_word' id='word_1_634' title='bbox 1212 3909 1271 3960; x_wconf 74' lang='grc' dir='ltr'>ἐν</span> <span class='ocrx_word' id='word_1_635' title='bbox 1294 3911 1530 3979; x_wconf 78' lang='grc' dir='ltr'><strong><em>πτωχοῖς</em></strong></span> <span class='ocrx_word' id='word_1_636' title='bbox 1553 3925 1567 3939; x_wconf 90' lang='grc'><strong>·</strong></span> <span class='ocrx_word' id='word_1_637' title='bbox 1600 3910 1696 3963; x_wconf 76' lang='grc' dir='ltr'>καὶ</span> <span class='ocrx_word' id='word_1_638' title='bbox 1719 3910 1811 3964; x_wconf 80' lang='grc' dir='ltr'><strong><em>τὸν</em></strong></span> 
     </span>
    </p>
   </div>
   <div class='ocr_carea' id='block_1_78' title="bbox 241 3997 1809 4072">
    <p class='ocr_par' dir='ltr' id='par_1_78' title="bbox 241 3997 1809 4072">
     <span class='ocr_line' id='line_1_78' title="bbox 241 3997 1809 4072; baseline 0.003 -21"><span class='ocrx_word' id='word_1_639' title='bbox 241 3997 402 4052; x_wconf 75' lang='grc' dir='ltr'><em>ἄλλον</em></span> <span class='ocrx_word' id='word_1_640' title='bbox 428 3998 486 4051; x_wconf 81' lang='grc' dir='ltr'><strong><em>δὲ</em></strong></span> <span class='ocrx_word' id='word_1_641' title='bbox 510 3998 675 4052; x_wconf 79' lang='grc' dir='ltr'><strong><em>αὐτοῦ</em></strong></span> <span class='ocrx_word' id='word_1_642' title='bbox 714 3998 827 4069; x_wconf 83' lang='grc' dir='ltr'>βίον</span> <span class='ocrx_word' id='word_1_643' title='bbox 863 3998 1115 4062; x_wconf 87' lang='grc' dir='ltr'>πλούσιος</span> <span class='ocrx_word' id='word_1_644' title='bbox 1141 3998 1237 4065; x_wconf 85' lang='grc' dir='ltr'>ὢν,</span> <span class='ocrx_word' id='word_1_645' title='bbox 1264 3999 1333 4052; x_wconf 85' lang='grc' dir='ltr'><strong><em>δι’</em></strong></span> <span class='ocrx_word' id='word_1_646' title='bbox 1361 4002 1507 4071; x_wconf 77' lang='grc' dir='ltr'>ἡμᾶς</span> <span class='ocrx_word' id='word_1_647' title='bbox 1537 4000 1809 4072; x_wconf 72' lang='grc' dir='ltr'><strong><em>ἐπτώχευ-</em></strong></span> 
     </span>
    </p>
   </div>
   <div class='ocr_carea' id='block_1_79' title="bbox 244 4090 1806 4165">
    <p class='ocr_par' dir='ltr' id='par_1_79' title="bbox 244 4090 1806 4165">
     <span class='ocr_line' id='line_1_79' title="bbox 244 4090 1806 4165; baseline 0.004 -23"><span class='ocrx_word' id='word_1_648' title='bbox 244 4106 368 4153; x_wconf 83' lang='grc' dir='ltr'>σεν,</span> <span class='ocrx_word' id='word_1_649' title='bbox 409 4093 557 4153; x_wconf 76' lang='grc' dir='ltr'>ὅπως</span> <span class='ocrx_word' id='word_1_650' title='bbox 591 4093 753 4162; x_wconf 74' lang='grc' dir='ltr'>ἡμεῖς</span> <span class='ocrx_word' id='word_1_651' title='bbox 796 4092 864 4161; x_wconf 76' lang='grc' dir='ltr'><strong><em>τῇ</em></strong></span> <span class='ocrx_word' id='word_1_652' title='bbox 897 4091 1058 4144; x_wconf 81' lang='grc' dir='ltr'>αὐτοῦ</span> <span class='ocrx_word' id='word_1_653' title='bbox 1109 4090 1352 4164; x_wconf 67' lang='grc' dir='ltr'>πτωχείᾳ</span> <span class='ocrx_word' id='word_1_654' title='bbox 1400 4093 1806 4165; x_wconf 79' lang='grc' dir='ltr'>πλουτήσωμεν.</span> 
     </span>
    </p>
   </div>
   <div class='ocr_carea' id='block_1_80' title="bbox 244 4179 1811 4255">
    <p class='ocr_par' dir='ltr' id='par_1_80' title="bbox 244 4179 1811 4255">
     <span class='ocr_line' id='line_1_80' title="bbox 244 4179 1811 4255; baseline 0.003 -22"><span class='ocrx_word' id='word_1_655' title='bbox 244 4182 379 4233; x_wconf 83' lang='grc' dir='ltr'><strong><em>Ὅτε</em></strong></span> <span class='ocrx_word' id='word_1_656' title='bbox 420 4181 478 4234; x_wconf 83' lang='grc' dir='ltr'>δὲ</span> <span class='ocrx_word' id='word_1_657' title='bbox 533 4182 719 4235; x_wconf 85' lang='grc' dir='ltr'>λοιπὸν</span> <span class='ocrx_word' id='word_1_658' title='bbox 759 4179 1199 4253; x_wconf 80' lang='grc' dir='ltr'>παραδοξοποιῶν</span> <span class='ocrx_word' id='word_1_659' title='bbox 1242 4184 1337 4238; x_wconf 86' lang='lat' dir='ltr'><strong><em>xai.</em></strong></span> <span class='ocrx_word' id='word_1_660' title='bbox 1374 4183 1510 4237; x_wconf 78' lang='grc' dir='ltr'>Θεοῦ</span> <span class='ocrx_word' id='word_1_661' title='bbox 1553 4184 1811 4255; x_wconf 82' lang='grc' dir='ltr'>δυνάμεις</span> 
     </span>
    </p>
   </div>
   <div class='ocr_carea' id='block_1_81' title="bbox 1908 3720 3485 3793">
    <p class='ocr_par' dir='ltr' id='par_1_81' title="bbox 1908 3720 3485 3793">
     <span class='ocr_line' id='line_1_81' title="bbox 1908 3720 3485 3793; baseline 0.006 -18"><span class='ocrx_word' id='word_1_662' title='bbox 1908 3720 2029 3791; x_wconf 70' lang='lat' dir='ltr'><strong><em>eius</em></strong></span> <span class='ocrx_word' id='word_1_663' title='bbox 2049 3736 2174 3779; x_wconf 89' lang='lat' dir='ltr'><strong><em>esse</em></strong></span> <span class='ocrx_word' id='word_1_664' title='bbox 2207 3722 2524 3793; x_wconf 83' lang='lat' dir='ltr'><strong><em>putabatur,</em></strong></span> <span class='ocrx_word' id='word_1_665' title='bbox 2547 3731 2603 3779; x_wconf 91' lang='lat' dir='ltr'><strong><em>et</em></strong></span> <span class='ocrx_word' id='word_1_666' title='bbox 2631 3739 2663 3778; x_wconf 89' lang='lat' dir='ltr'><strong><em>a</em></strong></span> <span class='ocrx_word' id='word_1_667' title='bbox 2695 3732 2867 3781; x_wconf 83' lang='lat' dir='ltr'><strong><em>matre</em></strong></span> <span class='ocrx_word' id='word_1_668' title='bbox 2901 3741 3000 3783; x_wconf 89' lang='lat' dir='ltr'><strong><em>sua</em></strong></span> <span class='ocrx_word' id='word_1_669' title='bbox 3034 3729 3334 3784; x_wconf 87' lang='lat' dir='ltr'><strong><em>secundum</em></strong></span> <span class='ocrx_word' id='word_1_670' title='bbox 3362 3744 3485 3784; x_wconf 84' lang='lat' dir='ltr'><strong><em>car-</em></strong></span> 
     </span>
    </p>
   </div>
   <div class='ocr_carea' id='block_1_82' title="bbox 1908 3813 3487 3890">
    <p class='ocr_par' dir='ltr' id='par_1_82' title="bbox 1908 3813 3487 3890">
     <span class='ocr_line' id='line_1_82' title="bbox 1908 3813 3487 3890; baseline 0.006 -22"><span class='ocrx_word' id='word_1_671' title='bbox 1908 3829 2056 3876; x_wconf 85' lang='lat' dir='ltr'><strong><em>nem.</em></strong></span> <span class='ocrx_word' id='word_1_672' title='bbox 2086 3813 2429 3876; x_wconf 84' lang='lat' dir='ltr'><strong><em>educaretur.</em></strong></span> <span class='ocrx_word' id='word_1_673' title='bbox 2464 3830 2671 3887; x_wconf 85' lang='lat' dir='ltr'><strong><em>pauper</em></strong></span> <span class='ocrx_word' id='word_1_674' title='bbox 2719 3817 2864 3872; x_wconf 88' lang='lat' dir='ltr'><strong><em>inter</em></strong></span> <span class='ocrx_word' id='word_1_675' title='bbox 2921 3833 3187 3890; x_wconf 84' lang='lat' dir='ltr'><strong><em>pauperes</em></strong></span> <span class='ocrx_word' id='word_1_676' title='bbox 3234 3830 3388 3889; x_wconf 86' lang='lat' dir='ltr'><strong><em>erat;</em></strong></span> <span class='ocrx_word' id='word_1_677' title='bbox 3429 3830 3487 3879; x_wconf 88' lang='lat' dir='ltr'><strong><em>et</em></strong></span> 
     </span>
    </p>
   </div>
   <div class='ocr_carea' id='block_1_83' title="bbox 1910 3907 3484 3978">
    <p class='ocr_par' dir='ltr' id='par_1_83' title="bbox 1910 3907 3484 3978">
     <span class='ocr_line' id='line_1_83' title="bbox 1910 3907 3484 3978; baseline 0.004 -16"><span class='ocrx_word' id='word_1_678' title='bbox 1910 3920 2036 3962; x_wconf 88' lang='lat' dir='ltr'><strong><em>cum</em></strong></span> <span class='ocrx_word' id='word_1_679' title='bbox 2065 3907 2363 3962; x_wconf 89' lang='lat' dir='ltr'><strong><em>secundum</em></strong></span> <span class='ocrx_word' id='word_1_680' title='bbox 2395 3908 2554 3963; x_wconf 89' lang='lat' dir='ltr'><strong><em>aliam</em></strong></span> <span class='ocrx_word' id='word_1_681' title='bbox 2581 3910 2745 3962; x_wconf 84' lang='lat' dir='ltr'><strong><em>vitam</em></strong></span> <span class='ocrx_word' id='word_1_682' title='bbox 2768 3925 2922 3965; x_wconf 86' lang='lat' dir='ltr'><strong><em>suam</em></strong></span> <span class='ocrx_word' id='word_1_683' title='bbox 2949 3911 3102 3966; x_wconf 84' lang='lat' dir='ltr'><strong><em>dives</em></strong></span> <span class='ocrx_word' id='word_1_684' title='bbox 3125 3920 3291 3978; x_wconf 87' lang='lat' dir='ltr'><strong><em>esset,</em></strong></span> <span class='ocrx_word' id='word_1_685' title='bbox 3312 3915 3484 3971; x_wconf 87' lang='lat' dir='ltr'><strong><em>nostri</em></strong></span> 
     </span>
    </p>
   </div>
   <div class='ocr_carea' id='block_1_84' title="bbox 1909 3999 3485 4072">
    <p class='ocr_par' dir='ltr' id='par_1_84' title="bbox 1909 3999 3485 4072">
     <span class='ocr_line' id='line_1_84' title="bbox 1909 3999 3485 4072; baseline 0.006 -20"><span class='ocrx_word' id='word_1_686' title='bbox 1909 4012 2077 4053; x_wconf 84' lang='lat' dir='ltr'><strong><em>causa</em></strong></span> <span class='ocrx_word' id='word_1_687' title='bbox 2119 3999 2277 4069; x_wconf 92' lang='lat' dir='ltr'><strong><em>inops</em></strong></span> <span class='ocrx_word' id='word_1_688' title='bbox 2305 3999 2531 4054; x_wconf 79' lang='lat' dir='ltr'><strong><em>eﬂ‘ectus</em></strong></span> <span class='ocrx_word' id='word_1_689' title='bbox 2555 4008 2660 4061; x_wconf 85' lang='lat' dir='ltr'><strong><em>est.</em></strong></span> <span class='ocrx_word' id='word_1_690' title='bbox 2695 4009 2754 4054; x_wconf 91' lang='lat' dir='ltr'><strong><em>ut</em></strong></span> <span class='ocrx_word' id='word_1_691' title='bbox 2784 4016 2884 4057; x_wconf 89' lang='lat' dir='ltr'><strong><em>nos</em></strong></span> <span class='ocrx_word' id='word_1_692' title='bbox 2915 4001 3036 4071; x_wconf 85' lang='lat' dir='ltr'><strong><em>ejus</em></strong></span> <span class='ocrx_word' id='word_1_693' title='bbox 3069 4001 3254 4072; x_wconf 83' lang='lat' dir='ltr'><strong><em>inopia</em></strong></span> <span class='ocrx_word' id='word_1_694' title='bbox 3285 4005 3485 4062; x_wconf 82' lang='lat' dir='ltr'><strong><em>divites</em></strong></span> 
     </span>
    </p>
   </div>
   <div class='ocr_carea' id='block_1_85' title="bbox 1910 4090 3485 4163">
    <p class='ocr_par' dir='ltr' id='par_1_85' title="bbox 1910 4090 3485 4163">
     <span class='ocr_line' id='line_1_85' title="bbox 1910 4090 3485 4163; baseline 0.004 -18"><span class='ocrx_word' id='word_1_695' title='bbox 1910 4103 2176 4146; x_wconf 83' lang='lat' dir='ltr'><strong><em>essemus.</em></strong></span> <span class='ocrx_word' id='word_1_696' title='bbox 2206 4090 2342 4147; x_wconf 89' lang='lat' dir='ltr'><strong><em>Cum</em></strong></span> <span class='ocrx_word' id='word_1_697' title='bbox 2372 4106 2537 4162; x_wconf 88' lang='lat' dir='ltr'><strong><em>porro</em></strong></span> <span class='ocrx_word' id='word_1_698' title='bbox 2568 4090 2787 4146; x_wconf 87' lang='lat' dir='ltr'><strong><em>demum</em></strong></span> <span class='ocrx_word' id='word_1_699' title='bbox 2831 4093 3075 4163; x_wconf 70' lang='lat' dir='ltr'><strong><em>prodigia</em></strong></span> <span class='ocrx_word' id='word_1_700' title='bbox 3100 4101 3155 4149; x_wconf 90' lang='lat' dir='ltr'><strong><em>et</em></strong></span> <span class='ocrx_word' id='word_1_701' title='bbox 3184 4092 3279 4150; x_wconf 85' lang='lat' dir='ltr'><strong><em>Dei</em></strong></span> <span class='ocrx_word' id='word_1_702' title='bbox 3314 4097 3485 4151; x_wconf 84' lang='lat' dir='ltr'><strong><em>virtu-</em></strong></span> 
     </span>
    </p>
   </div>
   <div class='ocr_carea' id='block_1_86' title="bbox 1911 4181 3486 4252">
    <p class='ocr_par' dir='ltr' id='par_1_86' title="bbox 1911 4181 3486 4252">
     <span class='ocr_line' id='line_1_86' title="bbox 1911 4181 3486 4252; baseline 0.006 -19"><span class='ocrx_word' id='word_1_703' title='bbox 1911 4190 1992 4235; x_wconf 89' lang='lat' dir='ltr'><strong><em>tes</em></strong></span> <span class='ocrx_word' id='word_1_704' title='bbox 2019 4181 2209 4244; x_wconf 75' lang='lat' dir='ltr'><strong><em>etlens,</em></strong></span> <span class='ocrx_word' id='word_1_705' title='bbox 2242 4181 2514 4237; x_wconf 82' lang='lat' dir='ltr'><strong><em>exaltatus</em></strong></span> <span class='ocrx_word' id='word_1_706' title='bbox 2535 4189 2641 4246; x_wconf 84' lang='lat' dir='ltr'><strong><em>est,</em></strong></span> <span class='ocrx_word' id='word_1_707' title='bbox 2657 4190 2712 4236; x_wconf 87' lang='lat' dir='ltr'><strong><em>et</em></strong></span> <span class='ocrx_word' id='word_1_708' title='bbox 2738 4197 2836 4252; x_wconf 90' lang='lat' dir='ltr'><strong><em>per</em></strong></span> <span class='ocrx_word' id='word_1_709' title='bbox 2856 4183 3166 4252; x_wconf 82' lang='lat' dir='ltr'><strong><em>passionem</em></strong></span> <span class='ocrx_word' id='word_1_710' title='bbox 3201 4200 3355 4240; x_wconf 88' lang='lat' dir='ltr'><strong><em>suam</em></strong></span> <span class='ocrx_word' id='word_1_711' title='bbox 3377 4187 3486 4242; x_wconf 90' lang='lat' dir='ltr'><strong><em>ele-</em></strong></span> 
     </span>
    </p>
   </div>
   <div class='ocr_carea' id='block_1_87' title="bbox 242 4272 1812 4348">
    <p class='ocr_par' dir='ltr' id='par_1_87' title="bbox 242 4273 1812 4347">
     <span class='ocr_line' id='line_1_87' title="bbox 242 4273 1812 4347; baseline 0.003 -21"><span class='ocrx_word' id='word_1_712' title='bbox 242 4273 521 4327; x_wconf 75' lang='grc' dir='ltr'><strong><em>ἀποτελῶν</em></strong></span> <span class='ocrx_word' id='word_1_713' title='bbox 539 4314 555 4338; x_wconf 94' lang='grc'><strong><em>,</em></strong></span> <span class='ocrx_word' id='word_1_714' title='bbox 600 4273 791 4343; x_wconf 78' lang='grc' dir='ltr'>ὑψώθη</span> <span class='ocrx_word' id='word_1_715' title='bbox 828 4290 887 4327; x_wconf 86' lang='grc' dir='ltr'><strong><em>τε</em></strong></span> <span class='ocrx_word' id='word_1_716' title='bbox 956 4276 1048 4328; x_wconf 76' lang='grc' dir='ltr'><strong><em>καὶ</em></strong></span> <span class='ocrx_word' id='word_1_717' title='bbox 1079 4274 1167 4330; x_wconf 77' lang='grc' dir='ltr'>διὰ</span> <span class='ocrx_word' id='word_1_718' title='bbox 1209 4275 1305 4330; x_wconf 80' lang='grc' dir='ltr'>τοῦ</span> <span class='ocrx_word' id='word_1_719' title='bbox 1348 4276 1553 4341; x_wconf 83' lang='grc' dir='ltr'>πάθους</span> <span class='ocrx_word' id='word_1_720' title='bbox 1580 4276 1812 4347; x_wconf 62' lang='grc' dir='ltr'>ὑψωθεὶς</span> 
     </span>
    </p>
   </div>
   <div class='ocr_carea' id='block_1_88' title="bbox 1913 4272 3483 4348">
    <p class='ocr_par' dir='ltr' id='par_1_88' title="bbox 1913 4272 3483 4348">
     <span class='ocr_line' id='line_1_88' title="bbox 1913 4272 3483 4348; baseline 0.006 -24"><span class='ocrx_word' id='word_1_721' title='bbox 1913 4281 2090 4335; x_wconf 82' lang='lat' dir='ltr'><strong><em>vatus,</em></strong></span> <span class='ocrx_word' id='word_1_722' title='bbox 2120 4272 2437 4330; x_wconf 83' lang='lat' dir='ltr'><strong><em>humiliatus</em></strong></span> <span class='ocrx_word' id='word_1_723' title='bbox 2466 4282 2571 4328; x_wconf 87' lang='lat' dir='ltr'><strong><em>est.</em></strong></span> <span class='ocrx_word' id='word_1_724' title='bbox 2603 4272 2785 4339; x_wconf 89' lang='lat' dir='ltr'><strong><em>Quare</em></strong></span> <span class='ocrx_word' id='word_1_725' title='bbox 2803 4274 3017 4335; x_wconf 77' lang='lat' dir='ltr'><strong><em>dicebat</em></strong></span> <span class='ocrx_word' id='word_1_726' title='bbox 3050 4295 3062 4329; x_wconf 93' lang='lat'>:</span> <span class='ocrx_word' id='word_1_727' title='bbox 3096 4275 3246 4330; x_wconf 88' lang='lat' dir='ltr'><strong><em>Sicut</em></strong></span> <span class='ocrx_word' id='word_1_728' title='bbox 3274 4275 3483 4348; x_wconf 74' lang='lat' dir='ltr'><strong><em>Moyses</em></strong></span> 
     </span>
    </p>
   </div>
   <div class='ocr_carea' id='block_1_89' title="bbox 242 4360 1812 4439">
    <p class='ocr_par' dir='ltr' id='par_1_89' title="bbox 242 4364 1812 4439">
     <span class='ocr_line' id='line_1_89' title="bbox 242 4364 1812 4439; baseline 0.005 -23"><span class='ocrx_word' id='word_1_729' title='bbox 242 4364 603 4436; x_wconf 78' lang='grc' dir='ltr'>ἐταπεινώθη.</span> <span class='ocrx_word' id='word_1_730' title='bbox 634 4368 710 4419; x_wconf 87' lang='grc' dir='ltr'><strong><em>Δι’</em></strong></span> <span class='ocrx_word' id='word_1_731' title='bbox 757 4367 786 4419; x_wconf 82' lang='grc' dir='ltr'><strong>ὃ</strong></span> <span class='ocrx_word' id='word_1_732' title='bbox 819 4367 1002 4437; x_wconf 79' lang='grc' dir='ltr'>ἔλεγεν</span> <span class='ocrx_word' id='word_1_733' title='bbox 1024 4385 1037 4398; x_wconf 91' lang='grc'><strong>·</strong></span> <span class='ocrx_word' id='word_1_734' title='bbox 1086 4369 1310 4437; x_wconf 82' lang='grc' dir='ltr'>Ὥσπερ</span> <span class='ocrx_word' id='word_1_735' title='bbox 1344 4368 1568 4437; x_wconf 78' lang='grc' dir='ltr'>Μωσῆς</span> <span class='ocrx_word' id='word_1_736' title='bbox 1602 4370 1812 4439; x_wconf 71' lang='grc' dir='ltr'>ὕψωσε</span> 
     </span>
    </p>
   </div>
   <div class='ocr_carea' id='block_1_90' title="bbox 1913 4360 3484 4439">
    <p class='ocr_par' dir='ltr' id='par_1_90' title="bbox 1913 4360 3484 4436">
     <span class='ocr_line' id='line_1_90' title="bbox 1913 4360 3484 4436; baseline 0.007 -24"><span class='ocrx_word' id='word_1_737' title='bbox 1913 4360 2168 4415; x_wconf 73' lang='lat' dir='ltr'><strong><em>cxaltavit</em></strong></span> <span class='ocrx_word' id='word_1_738' title='bbox 2216 4371 2506 4430; x_wconf 87' lang='lat' dir='ltr'><strong><em>serpentem</em></strong></span> <span class='ocrx_word' id='word_1_739' title='bbox 2547 4363 2603 4415; x_wconf 89' lang='lat' dir='ltr'><strong><em>in</em></strong></span> <span class='ocrx_word' id='word_1_740' title='bbox 2634 4362 2863 4428; x_wconf 84' lang='lat' dir='ltr'><strong><em>deserto,</em></strong></span> <span class='ocrx_word' id='word_1_741' title='bbox 2894 4366 2973 4417; x_wconf 89' lang='lat' dir='ltr'><strong><em>ita</em></strong></span> <span class='ocrx_word' id='word_1_742' title='bbox 3021 4367 3251 4419; x_wconf 68' lang='lat' dir='ltr'><strong><em>exaltari</em></strong></span> <span class='ocrx_word' id='word_1_743' title='bbox 3283 4378 3484 4436; x_wconf 81' lang='lat' dir='ltr'><strong><em>oportet</em></strong></span> 
     </span>
    </p>
   </div>
   <div class='ocr_carea' id='block_1_91' title="bbox 240 4445 1812 4529">
    <p class='ocr_par' dir='ltr' id='par_1_91' title="bbox 240 4454 1812 4529">
     <span class='ocr_line' id='line_1_91' title="bbox 240 4454 1812 4529; baseline 0.004 -22"><span class='ocrx_word' id='word_1_744' title='bbox 240 4454 357 4507; x_wconf 81' lang='grc' dir='ltr'><strong><em>τὸν</em></strong></span> <span class='ocrx_word' id='word_1_745' title='bbox 389 4454 527 4525; x_wconf 66' lang='grc' dir='ltr'>ὅφιν</span> <span class='ocrx_word' id='word_1_746' title='bbox 556 4456 627 4509; x_wconf 79' lang='grc' dir='ltr'><strong><em>ἐν</em></strong></span> <span class='ocrx_word' id='word_1_747' title='bbox 654 4455 728 4523; x_wconf 72' lang='grc' dir='ltr'><strong><em>τῇ</em></strong></span> <span class='ocrx_word' id='word_1_748' title='bbox 757 4454 973 4526; x_wconf 78' lang='grc' dir='ltr'>ἐρήμῳ,</span> <span class='ocrx_word' id='word_1_749' title='bbox 1017 4458 1204 4524; x_wconf 80' lang='grc' dir='ltr'>οὕτως</span> <span class='ocrx_word' id='word_1_750' title='bbox 1236 4457 1550 4529; x_wconf 68' lang='grc' dir='ltr'>ὑψωθῆναι</span> <span class='ocrx_word' id='word_1_751' title='bbox 1585 4458 1680 4512; x_wconf 84' lang='grc' dir='ltr'><strong><em>δεῖ</em></strong></span> <span class='ocrx_word' id='word_1_752' title='bbox 1706 4458 1812 4513; x_wconf 77' lang='grc' dir='ltr'><strong><em>τὸν</em></strong></span> 
     </span>
    </p>
   </div>
   <div class='ocr_carea' id='block_1_92' title="bbox 1913 4445 3484 4529">
    <p class='ocr_par' dir='ltr' id='par_1_92' title="bbox 1915 4445 3484 4519">
     <span class='ocr_line' id='line_1_92' title="bbox 1915 4445 3484 4519; baseline 0.01 -20"><span class='ocrx_word' id='word_1_753' title='bbox 1915 4445 2114 4502; x_wconf 84' lang='lat' dir='ltr'><strong><em>Filium</em></strong></span> <span class='ocrx_word' id='word_1_754' title='bbox 2142 4450 2370 4505; x_wconf 82' lang='lat' dir='ltr'><strong><em>hominis</em></strong></span> <span class='ocrx_word' id='word_1_755' title='bbox 2391 4451 2446 4519; x_wconf 88' lang='grc'><strong><em>⁶;</em></strong></span> <span class='ocrx_word' id='word_1_756' title='bbox 2479 4467 2542 4505; x_wconf 87' lang='lat' dir='ltr'><strong><em>ac</em></strong></span> <span class='ocrx_word' id='word_1_757' title='bbox 2566 4467 2805 4516; x_wconf 85' lang='lat' dir='ltr'><strong><em>rursum,</em></strong></span> <span class='ocrx_word' id='word_1_758' title='bbox 2835 4453 2968 4507; x_wconf 83' lang='lat' dir='ltr'><strong><em>Cum</em></strong></span> <span class='ocrx_word' id='word_1_759' title='bbox 2995 4456 3356 4511; x_wconf 71' lang='lat' dir='ltr'><strong><em>exaltoveritis</em></strong></span> <span class='ocrx_word' id='word_1_760' title='bbox 3390 4457 3484 4513; x_wconf 80' lang='lat' dir='ltr'><strong><em>Fi-</em></strong></span> 
     </span>
    </p>
   </div>
   <div class='ocr_carea' id='block_1_93' title="bbox 253 4540 1812 4625">
    <p class='ocr_par' dir='ltr' id='par_1_93' title="bbox 253 4546 1810 4621">
     <span class='ocr_line' id='line_1_93' title="bbox 253 4546 1810 4621; baseline 0.004 -22"><span class='ocrx_word' id='word_1_761' title='bbox 253 4546 393 4600; x_wconf 79' lang='grc' dir='ltr'>Υιὸν</span> <span class='ocrx_word' id='word_1_762' title='bbox 418 4547 522 4601; x_wconf 87' lang='grc' dir='ltr'><strong><em>τοῦ</em></strong></span> <span class='ocrx_word' id='word_1_763' title='bbox 547 4548 862 4617; x_wconf 82' lang='grc' dir='ltr'><strong><em>ἀνθρώπου</em></strong></span> <span class='ocrx_word' id='word_1_764' title='bbox 884 4566 897 4579; x_wconf 89' lang='grc'><strong>·</strong></span> <span class='ocrx_word' id='word_1_765' title='bbox 937 4550 1030 4603; x_wconf 80' lang='grc' dir='ltr'>καὶ</span> <span class='ocrx_word' id='word_1_766' title='bbox 1061 4550 1220 4604; x_wconf 79' lang='grc' dir='ltr'>πάλιν</span> <span class='ocrx_word' id='word_1_767' title='bbox 1250 4567 1265 4581; x_wconf 75' lang='grc' dir='ltr'><strong>ο</strong></span> <span class='ocrx_word' id='word_1_768' title='bbox 1312 4551 1491 4605; x_wconf 82' lang='grc' dir='ltr'><strong><em>Ὅταν</em></strong></span> <span class='ocrx_word' id='word_1_769' title='bbox 1525 4552 1810 4621; x_wconf 66' lang='grc' dir='ltr'>ὑψώσητε</span> 
     </span>
    </p>
   </div>
   <div class='ocr_carea' id='block_1_94' title="bbox 1913 4540 3484 4625">
    <p class='ocr_par' dir='ltr' id='par_1_94' title="bbox 1913 4540 3484 4616">
     <span class='ocr_line' id='line_1_94' title="bbox 1913 4540 3484 4616; baseline 0.008 -23"><span class='ocrx_word' id='word_1_770' title='bbox 1913 4540 2043 4593; x_wconf 87' lang='lat' dir='ltr'><strong><em>lium</em></strong></span> <span class='ocrx_word' id='word_1_771' title='bbox 2084 4540 2332 4607; x_wconf 83' lang='lat' dir='ltr'><strong><em>hominis,</em></strong></span> <span class='ocrx_word' id='word_1_772' title='bbox 2387 4550 2510 4595; x_wconf 88' lang='lat' dir='ltr'><strong><em>tunc</em></strong></span> <span class='ocrx_word' id='word_1_773' title='bbox 2557 4545 2877 4612; x_wconf 84' lang='lat' dir='ltr'><strong><em>cognoscetis</em></strong></span> <span class='ocrx_word' id='word_1_774' title='bbox 2926 4546 3049 4615; x_wconf 87' lang='lat' dir='ltr'><strong><em>quia</em></strong></span> <span class='ocrx_word' id='word_1_775' title='bbox 3081 4561 3175 4616; x_wconf 84' lang='lat' dir='ltr'><strong><em>ego</em></strong></span> <span class='ocrx_word' id='word_1_776' title='bbox 3197 4550 3380 4615; x_wconf 86' lang='lat' dir='ltr'><strong><em>sum&#39;;</em></strong></span> <span class='ocrx_word' id='word_1_777' title='bbox 3426 4550 3484 4607; x_wconf 88' lang='lat' dir='ltr'><strong><em>in</em></strong></span> 
     </span>
    </p>
   </div>
   <div class='ocr_carea' id='block_1_95' title="bbox 241 4633 1812 4715">
    <p class='ocr_par' dir='ltr' id='par_1_95' title="bbox 241 4639 1812 4715">
     <span class='ocr_line' id='line_1_95' title="bbox 241 4639 1812 4715; baseline 0.004 -24"><span class='ocrx_word' id='word_1_778' title='bbox 241 4640 357 4692; x_wconf 75' lang='grc' dir='ltr'><strong><em>τὸν</em></strong></span> <span class='ocrx_word' id='word_1_779' title='bbox 394 4639 528 4692; x_wconf 60' lang='lat' dir='ltr'><strong><em>flor</em></strong></span> <span class='ocrx_word' id='word_1_780' title='bbox 557 4639 665 4695; x_wconf 86' lang='grc' dir='ltr'><strong><em>τοῦ</em></strong></span> <span class='ocrx_word' id='word_1_781' title='bbox 690 4640 1022 4709; x_wconf 78' lang='grc' dir='ltr'><strong><em>ἀνθρώπου,</em></strong></span> <span class='ocrx_word' id='word_1_782' title='bbox 1063 4643 1194 4696; x_wconf 85' lang='grc' dir='ltr'><strong><em>τότε</em></strong></span> <span class='ocrx_word' id='word_1_783' title='bbox 1221 4643 1548 4713; x_wconf 74' lang='grc' dir='ltr'>γνώσεσθε,</span> <span class='ocrx_word' id='word_1_784' title='bbox 1578 4644 1668 4698; x_wconf 86' lang='grc' dir='ltr'><strong><em>ὅτι</em></strong></span> <span class='ocrx_word' id='word_1_785' title='bbox 1698 4644 1812 4715; x_wconf 64' lang='grc' dir='ltr'><strong><em>ἐγώ</em></strong></span> 
     </span>
    </p>
   </div>
   <div class='ocr_carea' id='block_1_96' title="bbox 1913 4633 3484 4715">
    <p class='ocr_par' dir='ltr' id='par_1_96' title="bbox 1913 4633 3484 4702">
     <span class='ocr_line' id='line_1_96' title="bbox 1913 4633 3484 4702; baseline 0.008 -16"><span class='ocrx_word' id='word_1_786' title='bbox 1913 4633 2164 4702; x_wconf 73' lang='lat' dir='ltr'><strong><em>praesenti</em></strong></span> <span class='ocrx_word' id='word_1_787' title='bbox 2197 4647 2326 4689; x_wconf 77' lang='lat' dir='ltr'><strong><em>vero</em></strong></span> <span class='ocrx_word' id='word_1_788' title='bbox 2353 4634 2448 4698; x_wconf 85' lang='lat' dir='ltr'><strong><em>ait,</em></strong></span> <span class='ocrx_word' id='word_1_789' title='bbox 2468 4633 2756 4690; x_wconf 73' lang='lat' dir='ltr'><strong><em>Exaltatus</em></strong></span> <span class='ocrx_word' id='word_1_790' title='bbox 2797 4645 2995 4701; x_wconf 88' lang='lat' dir='ltr'><strong><em>autem,</em></strong></span> <span class='ocrx_word' id='word_1_791' title='bbox 3020 4638 3335 4695; x_wconf 80' lang='lat' dir='ltr'><strong><em>humiliatus</em></strong></span> <span class='ocrx_word' id='word_1_792' title='bbox 3364 4660 3484 4698; x_wconf 85' lang='lat' dir='ltr'><strong><em>sum</em></strong></span> 
     </span>
    </p>
   </div>
   <div class='ocr_carea' id='block_1_97' title="bbox 240 4726 1812 4804">
    <p class='ocr_par' dir='ltr' id='par_1_97' title="bbox 240 4731 1809 4804">
     <span class='ocr_line' id='line_1_97' title="bbox 240 4731 1809 4804; baseline 0.006 -22"><span class='ocrx_word' id='word_1_793' title='bbox 240 4733 363 4799; x_wconf 84' lang='grc' dir='ltr'>ειμι</span> <span class='ocrx_word' id='word_1_794' title='bbox 389 4745 404 4759; x_wconf 74' lang='grc'><strong>⁸</strong></span> <span class='ocrx_word' id='word_1_795' title='bbox 449 4732 543 4784; x_wconf 75' lang='grc' dir='ltr'>καὶ</span> <span class='ocrx_word' id='word_1_796' title='bbox 576 4733 633 4784; x_wconf 80' lang='grc' dir='ltr'>ὲν</span> <span class='ocrx_word' id='word_1_797' title='bbox 669 4731 748 4803; x_wconf 82' lang='grc' dir='ltr'><strong><em>τῷ</em></strong></span> <span class='ocrx_word' id='word_1_798' title='bbox 786 4735 1129 4804; x_wconf 80' lang='grc' dir='ltr'>προκειμένῳ</span> <span class='ocrx_word' id='word_1_799' title='bbox 1157 4750 1171 4764; x_wconf 89' lang='grc'><strong>·</strong></span> <span class='ocrx_word' id='word_1_800' title='bbox 1234 4736 1521 4803; x_wconf 72' lang='grc' dir='ltr'>’Υψωθεις</span> <span class='ocrx_word' id='word_1_801' title='bbox 1565 4736 1635 4790; x_wconf 82' lang='grc' dir='ltr'><strong><em>δὲ</em></strong></span> <span class='ocrx_word' id='word_1_802' title='bbox 1675 4737 1809 4791; x_wconf 78' lang='grc' dir='ltr'><strong><em>ἐτα-</em></strong></span> 
     </span>
    </p>
   </div>
   <div class='ocr_carea' id='block_1_98' title="bbox 1913 4726 3484 4804">
    <p class='ocr_par' dir='ltr' id='par_1_98' title="bbox 1913 4726 3484 4800">
     <span class='ocr_line' id='line_1_98' title="bbox 1913 4726 3484 4800; baseline 0.011 -24"><span class='ocrx_word' id='word_1_803' title='bbox 1913 4734 1959 4777; x_wconf 90' lang='lat' dir='ltr'><strong><em>et</em></strong></span> <span class='ocrx_word' id='word_1_804' title='bbox 2001 4726 2296 4795; x_wconf 72' lang='lat' dir='ltr'><strong><em>perplexas.</em></strong></span> <span class='ocrx_word' id='word_1_805' title='bbox 2345 4726 2483 4781; x_wconf 90' lang='lat' dir='ltr'><strong><em>Illud</em></strong></span> <span class='ocrx_word' id='word_1_806' title='bbox 2520 4736 2730 4791; x_wconf 87' lang='lat' dir='ltr'><strong><em>autem,</em></strong></span> <span class='ocrx_word' id='word_1_807' title='bbox 2769 4727 2874 4783; x_wconf 86' lang='lat' dir='ltr'><strong><em>Per</em></strong></span> <span class='ocrx_word' id='word_1_808' title='bbox 2926 4747 3007 4784; x_wconf 87' lang='lat' dir='ltr'><strong><em>me</em></strong></span> <span class='ocrx_word' id='word_1_809' title='bbox 3048 4740 3484 4800; x_wconf 64' lang='lat' dir='ltr'><strong><em>prretermearunt</em></strong></span> 
     </span>
    </p>
   </div>
   <div class='ocr_carea' id='block_1_99' title="bbox 242 4813 1812 4897">
    <p class='ocr_par' dir='ltr' id='par_1_99' title="bbox 242 4820 1810 4897">
     <span class='ocr_line' id='line_1_99' title="bbox 242 4820 1810 4897; baseline 0.004 -22"><span class='ocrx_word' id='word_1_810' title='bbox 242 4820 543 4890; x_wconf 82' lang='grc' dir='ltr'>πεινώθην</span> <span class='ocrx_word' id='word_1_811' title='bbox 579 4823 677 4877; x_wconf 78' lang='grc' dir='ltr'>καὶ</span> <span class='ocrx_word' id='word_1_812' title='bbox 711 4822 1113 4893; x_wconf 79' lang='grc' dir='ltr'>ἐξηπορήθην.</span> <span class='ocrx_word' id='word_1_813' title='bbox 1162 4824 1237 4878; x_wconf 87' lang='grc' dir='ltr'><strong><em>Τὸ</em></strong></span> <span class='ocrx_word' id='word_1_814' title='bbox 1265 4825 1345 4888; x_wconf 84' lang='grc' dir='ltr'>δὲ,</span> <span class='ocrx_word' id='word_1_815' title='bbox 1373 4828 1455 4879; x_wconf 86' lang='grc' dir='ltr'><strong><em>Δι’</em></strong></span> <span class='ocrx_word' id='word_1_816' title='bbox 1492 4827 1638 4897; x_wconf 86' lang='grc' dir='ltr'><strong><em>ἐμοῦ</em></strong></span> <span class='ocrx_word' id='word_1_817' title='bbox 1660 4842 1810 4897; x_wconf 83' lang='grc' dir='ltr'>παρ-</span> 
     </span>
    </p>
   </div>
   <div class='ocr_carea' id='block_1_100' title="bbox 1913 4813 3483 4897">
    <p class='ocr_par' dir='ltr' id='par_1_100' title="bbox 1913 4813 3483 4891">
     <span class='ocr_line' id='line_1_100' title="bbox 1913 4813 3483 4891; baseline 0.01 -20"><span class='ocrx_word' id='word_1_818' title='bbox 1913 4819 2009 4872; x_wconf 76' lang='grc' dir='ltr'>ἰναι</span> <span class='ocrx_word' id='word_1_819' title='bbox 2065 4827 2191 4883; x_wconf 70' lang='lat' dir='ltr'><strong><em>tum,</em></strong></span> <span class='ocrx_word' id='word_1_820' title='bbox 2246 4819 2546 4874; x_wconf 84' lang='lat' dir='ltr'><strong><em>secundum</em></strong></span> <span class='ocrx_word' id='word_1_821' title='bbox 2601 4816 3022 4891; x_wconf 82' lang='lat' dir='ltr'><strong><em>Symmachum;</em></strong></span> <span class='ocrx_word' id='word_1_822' title='bbox 3053 4826 3139 4880; x_wconf 88' lang='lat' dir='ltr'><strong><em>vel</em></strong></span> <span class='ocrx_word' id='word_1_823' title='bbox 3179 4813 3483 4886; x_wconf 79' lang='lat' dir='ltr'><strong><em>secundum</em></strong></span> 
     </span>
    </p>
   </div>
   <div class='ocr_carea' id='block_1_101' title="bbox 239 4908 1812 4992">
    <p class='ocr_par' dir='ltr' id='par_1_101' title="bbox 239 4914 1808 4992">
     <span class='ocr_line' id='line_1_101' title="bbox 239 4914 1808 4992; baseline 0.003 -24"><span class='ocrx_word' id='word_1_824' title='bbox 239 4914 522 4968; x_wconf 82' lang='grc' dir='ltr'>ώδευσαν</span> <span class='ocrx_word' id='word_1_825' title='bbox 560 4919 621 4969; x_wconf 76' lang='lat' dir='ltr'><strong><em>al</em></strong></span> <span class='ocrx_word' id='word_1_826' title='bbox 680 4916 851 4985; x_wconf 71' lang='lat' dir='ltr'><strong><em>oprtet</em></strong></span> <span class='ocrx_word' id='word_1_827' title='bbox 884 4932 1035 4979; x_wconf 88' lang='grc' dir='ltr'>σου,</span> <span class='ocrx_word' id='word_1_828' title='bbox 1081 4915 1222 4971; x_wconf 76' lang='grc' dir='ltr'>κατὰ</span> <span class='ocrx_word' id='word_1_829' title='bbox 1272 4917 1364 4971; x_wconf 82' lang='grc' dir='ltr'><strong><em>τὸν</em></strong></span> <span class='ocrx_word' id='word_1_830' title='bbox 1417 4918 1731 4991; x_wconf 80' lang='grc' dir='ltr'>Σύμμαχον,</span> <span class='ocrx_word' id='word_1_831' title='bbox 1774 4921 1808 4992; x_wconf 79' lang='grc' dir='ltr'><strong>ἦ</strong></span> 
     </span>
    </p>
   </div>
   <div class='ocr_carea' id='block_1_102' title="bbox 1913 4908 3484 4992">
    <p class='ocr_par' dir='ltr' id='par_1_102' title="bbox 1913 4908 3484 4983">
     <span class='ocr_line' id='line_1_102' title="bbox 1913 4908 3484 4983; baseline 0.01 -22"><span class='ocrx_word' id='word_1_832' title='bbox 1913 4908 2184 4979; x_wconf 83' lang='lat' dir='ltr'><strong><em>Aquilam,</em></strong></span> <span class='ocrx_word' id='word_1_833' title='bbox 2221 4908 2388 4978; x_wconf 85' lang='lat' dir='ltr'><strong><em>Super</em></strong></span> <span class='ocrx_word' id='word_1_834' title='bbox 2411 4927 2490 4965; x_wconf 86' lang='lat' dir='ltr'><strong><em>me</em></strong></span> <span class='ocrx_word' id='word_1_835' title='bbox 2510 4911 2875 4980; x_wconf 64' lang='lat' dir='ltr'><strong><em>praterieruut</em></strong></span> <span class='ocrx_word' id='word_1_836' title='bbox 2900 4913 2993 4970; x_wconf 71' lang='lat' dir='ltr'><strong><em>ira:</em></strong></span> <span class='ocrx_word' id='word_1_837' title='bbox 3018 4927 3146 4983; x_wconf 66' lang='lat' dir='ltr'><strong><em>me,</em></strong></span> <span class='ocrx_word' id='word_1_838' title='bbox 3170 4918 3254 4975; x_wconf 79' lang='lat' dir='ltr'><strong><em>vel</em></strong></span> <span class='ocrx_word' id='word_1_839' title='bbox 3282 4936 3484 4977; x_wconf 86' lang='lat' dir='ltr'><strong><em>secun-</em></strong></span> 
     </span>
    </p>
   </div>
   <div class='ocr_carea' id='block_1_103' title="bbox 241 4994 1812 5083">
    <p class='ocr_par' dir='ltr' id='par_1_103' title="bbox 241 4994 1802 5083">
     <span class='ocr_line' id='line_1_103' title="bbox 241 4994 1802 5083; baseline 0.004 -22"><span class='ocrx_word' id='word_1_840' title='bbox 241 5006 389 5061; x_wconf 82' lang='grc' dir='ltr'>κατὰ</span> <span class='ocrx_word' id='word_1_841' title='bbox 424 5008 513 5060; x_wconf 78' lang='grc' dir='ltr'><strong><em>τὸν</em></strong></span> <span class='ocrx_word' id='word_1_842' title='bbox 566 5007 793 5063; x_wconf 75' lang='grc' dir='ltr'>Ἀκύλαν</span> <span class='ocrx_word' id='word_1_843' title='bbox 817 5024 830 5038; x_wconf 94' lang='grc'>·</span> <span class='ocrx_word' id='word_1_844' title='bbox 880 4994 1004 5063; x_wconf 81' lang='grc' dir='ltr'><strong><em>Ἐπ’</em></strong></span> <span class='ocrx_word' id='word_1_845' title='bbox 1040 5009 1147 5078; x_wconf 80' lang='grc' dir='ltr'><strong><em>ἐμὲ</em></strong></span> <span class='ocrx_word' id='word_1_846' title='bbox 1191 5009 1505 5079; x_wconf 81' lang='grc' dir='ltr'>παρῆλθον</span> <span class='ocrx_word' id='word_1_847' title='bbox 1528 5015 1590 5066; x_wconf 85' lang='lat' dir='ltr'><strong><em>ai</em></strong></span> <span class='ocrx_word' id='word_1_848' title='bbox 1633 5013 1802 5083; x_wconf 67' lang='grc' dir='ltr'>ὀργαί</span> 
     </span>
    </p>
   </div>
   <div class='ocr_carea' id='block_1_104' title="bbox 1913 4994 3486 5083">
    <p class='ocr_par' dir='ltr' id='par_1_104' title="bbox 1913 4998 3486 5071">
     <span class='ocr_line' id='line_1_104' title="bbox 1913 4998 3486 5071; baseline 0.01 -18"><span class='ocrx_word' id='word_1_849' title='bbox 1913 5000 2040 5054; x_wconf 89' lang='lat' dir='ltr'><strong><em>dum</em></strong></span> <span class='ocrx_word' id='word_1_850' title='bbox 2073 4998 2234 5064; x_wconf 78' lang='lat' dir='ltr'><strong><em>LXX,</em></strong></span> <span class='ocrx_word' id='word_1_851' title='bbox 2273 5000 2339 5055; x_wconf 84' lang='lat' dir='ltr'><strong><em>In</em></strong></span> <span class='ocrx_word' id='word_1_852' title='bbox 2364 5018 2444 5057; x_wconf 88' lang='lat' dir='ltr'><strong><em>me</em></strong></span> <span class='ocrx_word' id='word_1_853' title='bbox 2470 5003 2794 5057; x_wconf 82' lang='lat' dir='ltr'><strong><em>transierunt</em></strong></span> <span class='ocrx_word' id='word_1_854' title='bbox 2827 5005 2925 5059; x_wconf 80' lang='lat' dir='ltr'><strong><em>ira:</em></strong></span> <span class='ocrx_word' id='word_1_855' title='bbox 2951 5016 3075 5071; x_wconf 74' lang='lat' dir='ltr'><strong><em>tua,</em></strong></span> <span class='ocrx_word' id='word_1_856' title='bbox 3104 5009 3252 5066; x_wconf 84' lang='lat' dir='ltr'><strong><em>clare</em></strong></span> <span class='ocrx_word' id='word_1_857' title='bbox 3272 5010 3486 5069; x_wconf 89' lang='lat' dir='ltr'><strong><em>denun-</em></strong></span> 
     </span>
    </p>
   </div>
   <div class='ocr_carea' id='block_1_105' title="bbox 240 5094 1812 5174">
    <p class='ocr_par' dir='ltr' id='par_1_105' title="bbox 240 5098 1810 5173">
     <span class='ocr_line' id='line_1_105' title="bbox 240 5098 1810 5173; baseline 0.007 -22"><span class='ocrx_word' id='word_1_858' title='bbox 240 5113 386 5161; x_wconf 84' lang='grc' dir='ltr'><strong><em>σου.</em></strong></span> <span class='ocrx_word' id='word_1_859' title='bbox 415 5098 449 5170; x_wconf 76' lang='grc' dir='ltr'>ἢ</span> <span class='ocrx_word' id='word_1_860' title='bbox 477 5099 618 5153; x_wconf 76' lang='grc' dir='ltr'>κατὰ</span> <span class='ocrx_word' id='word_1_861' title='bbox 648 5101 776 5163; x_wconf 79' lang='grc' dir='ltr'>τοὺς</span> <span class='ocrx_word' id='word_1_862' title='bbox 812 5100 1235 5171; x_wconf 76' lang='grc' dir='ltr'>Ἐ66ομήκοντα,</span> <span class='ocrx_word' id='word_1_863' title='bbox 1280 5102 1405 5156; x_wconf 83' lang='grc' dir='ltr'><strong><em>Ἐπ’</em></strong></span> <span class='ocrx_word' id='word_1_864' title='bbox 1423 5103 1529 5172; x_wconf 69' lang='grc' dir='ltr'><strong><em>ἐμὲ</em></strong></span> <span class='ocrx_word' id='word_1_865' title='bbox 1560 5103 1810 5173; x_wconf 83' lang='grc' dir='ltr'><strong><em>διῆλθον</em></strong></span> 
     </span>
    </p>
   </div>
   <div class='ocr_carea' id='block_1_106' title="bbox 1913 5094 3487 5174">
    <p class='ocr_par' dir='ltr' id='par_1_106' title="bbox 1914 5094 3487 5174">
     <span class='ocr_line' id='line_1_106' title="bbox 1914 5094 3487 5174; baseline 0.011 -31"><span class='ocrx_word' id='word_1_866' title='bbox 1914 5094 2036 5158; x_wconf 82' lang='lat' dir='ltr'><strong><em>tiat,</em></strong></span> <span class='ocrx_word' id='word_1_867' title='bbox 2070 5108 2179 5148; x_wconf 89' lang='lat' dir='ltr'><strong><em>non</em></strong></span> <span class='ocrx_word' id='word_1_868' title='bbox 2225 5094 2279 5147; x_wconf 89' lang='lat' dir='ltr'><strong><em>in</em></strong></span> <span class='ocrx_word' id='word_1_869' title='bbox 2314 5094 2407 5148; x_wconf 90' lang='lat' dir='ltr'><strong><em>illo</em></strong></span> <span class='ocrx_word' id='word_1_870' title='bbox 2465 5096 2800 5159; x_wconf 85' lang='lat' dir='ltr'><strong><em>constitisse,</em></strong></span> <span class='ocrx_word' id='word_1_871' title='bbox 2836 5099 2929 5153; x_wconf 87' lang='lat' dir='ltr'><strong><em>sed</em></strong></span> <span class='ocrx_word' id='word_1_872' title='bbox 2983 5115 3077 5169; x_wconf 89' lang='lat' dir='ltr'><strong><em>per</em></strong></span> <span class='ocrx_word' id='word_1_873' title='bbox 3119 5116 3243 5156; x_wconf 88' lang='lat' dir='ltr'><strong><em>eum</em></strong></span> <span class='ocrx_word' id='word_1_874' title='bbox 3266 5115 3487 5174; x_wconf 52' lang='lat' dir='ltr'><strong><em>praeter-</em></strong></span> 
     </span>
    </p>
   </div>
   <div class='ocr_carea' id='block_1_107' title="bbox 239 5180 1812 5266">
    <p class='ocr_par' dir='ltr' id='par_1_107' title="bbox 239 5193 1809 5266">
     <span class='ocr_line' id='line_1_107' title="bbox 239 5193 1809 5266; baseline 0.006 -21"><span class='ocrx_word' id='word_1_875' title='bbox 239 5195 303 5245; x_wconf 84' lang='lat' dir='ltr'><strong><em>al</em></strong></span> <span class='ocrx_word' id='word_1_876' title='bbox 337 5193 506 5261; x_wconf 76' lang='grc' dir='ltr'>ὀργαί</span> <span class='ocrx_word' id='word_1_877' title='bbox 529 5209 669 5257; x_wconf 92' lang='grc' dir='ltr'>σου,</span> <span class='ocrx_word' id='word_1_878' title='bbox 706 5193 891 5263; x_wconf 81' lang='grc' dir='ltr'>σαφῶς</span> <span class='ocrx_word' id='word_1_879' title='bbox 918 5194 1265 5266; x_wconf 77' lang='grc' dir='ltr'>παρίστησιν,</span> <span class='ocrx_word' id='word_1_880' title='bbox 1301 5196 1386 5249; x_wconf 80' lang='grc' dir='ltr'><strong><em>ὅτι</em></strong></span> <span class='ocrx_word' id='word_1_881' title='bbox 1410 5197 1511 5249; x_wconf 74' lang='grc' dir='ltr'>οὐκ</span> <span class='ocrx_word' id='word_1_882' title='bbox 1541 5199 1621 5261; x_wconf 72' lang='grc' dir='ltr'>εἰς</span> <span class='ocrx_word' id='word_1_883' title='bbox 1643 5200 1809 5255; x_wconf 74' lang='grc' dir='ltr'>αὑτὸν</span> 
     </span>
    </p>
   </div>
   <div class='ocr_carea' id='block_1_108' title="bbox 1913 5180 3482 5266">
    <p class='ocr_par' dir='ltr' id='par_1_108' title="bbox 1916 5180 3482 5258">
     <span class='ocr_line' id='line_1_108' title="bbox 1916 5180 3482 5258; baseline 0.008 -24"><span class='ocrx_word' id='word_1_884' title='bbox 1916 5180 2074 5248; x_wconf 87' lang='lat' dir='ltr'><strong><em>iisse;</em></strong></span> <span class='ocrx_word' id='word_1_885' title='bbox 2149 5198 2325 5254; x_wconf 87' lang='lat' dir='ltr'><strong><em>neque</em></strong></span> <span class='ocrx_word' id='word_1_886' title='bbox 2360 5186 2600 5248; x_wconf 83' lang='lat' dir='ltr'><strong><em>stetisse,</em></strong></span> <span class='ocrx_word' id='word_1_887' title='bbox 2634 5185 2729 5239; x_wconf 87' lang='lat' dir='ltr'><strong><em>sed</em></strong></span> <span class='ocrx_word' id='word_1_888' title='bbox 2765 5189 3073 5246; x_wconf 87' lang='lat' dir='ltr'><strong><em>transiisse.</em></strong></span> <span class='ocrx_word' id='word_1_889' title='bbox 3110 5192 3245 5247; x_wconf 91' lang='lat' dir='ltr'><strong><em>Illud</em></strong></span> <span class='ocrx_word' id='word_1_890' title='bbox 3279 5203 3482 5258; x_wconf 85' lang='lat' dir='ltr'><strong><em>autem,</em></strong></span> 
     </span>
    </p>
   </div>
   <div class='ocr_carea' id='block_1_109' title="bbox 240 5284 1809 5365">
    <p class='ocr_par' dir='ltr' id='par_1_109' title="bbox 240 5284 1809 5365">
     <span class='ocr_line' id='line_1_109' title="bbox 240 5284 1809 5365; baseline 0.004 -26"><span class='ocrx_word' id='word_1_891' title='bbox 240 5285 584 5358; x_wconf 74' lang='grc' dir='ltr'>ἐπέσκηψαν,</span> <span class='ocrx_word' id='word_1_892' title='bbox 618 5285 754 5340; x_wconf 79' lang='grc' dir='ltr'><em>ἀλλὰ</em></span> <span class='ocrx_word' id='word_1_893' title='bbox 795 5286 861 5340; x_wconf 86' lang='grc' dir='ltr'><strong><em>δι’</em></strong></span> <span class='ocrx_word' id='word_1_894' title='bbox 896 5284 1061 5340; x_wconf 78' lang='grc' dir='ltr'>αὑτοῦ</span> <span class='ocrx_word' id='word_1_895' title='bbox 1108 5287 1379 5359; x_wconf 83' lang='grc' dir='ltr'>παρῆλθον</span> <span class='ocrx_word' id='word_1_896' title='bbox 1404 5306 1419 5320; x_wconf 88' lang='grc'><strong>·</strong></span> <span class='ocrx_word' id='word_1_897' title='bbox 1470 5290 1566 5343; x_wconf 76' lang='grc' dir='ltr'>καὶ</span> <span class='ocrx_word' id='word_1_898' title='bbox 1608 5290 1690 5345; x_wconf 81' lang='grc' dir='ltr'><strong><em>ὅτι</em></strong></span> <span class='ocrx_word' id='word_1_899' title='bbox 1733 5293 1809 5365; x_wconf 76' lang='grc' dir='ltr'>μὴ</span> 
     </span>
    </p>
   </div>
   <div class='ocr_carea' id='block_1_110' title="bbox 240 5377 1813 5451">
    <p class='ocr_par' dir='ltr' id='par_1_110' title="bbox 240 5377 1813 5451">
     <span class='ocr_line' id='line_1_110' title="bbox 240 5377 1813 5451; baseline 0.006 -20"><span class='ocrx_word' id='word_1_900' title='bbox 240 5377 500 5449; x_wconf 68' lang='grc' dir='ltr'>ἔστησαν,</span> <span class='ocrx_word' id='word_1_901' title='bbox 527 5378 665 5433; x_wconf 75' lang='grc' dir='ltr'><em>ἀλλὰ</em></span> <span class='ocrx_word' id='word_1_902' title='bbox 694 5379 927 5451; x_wconf 85' lang='grc' dir='ltr'>διῆλθον.</span> <span class='ocrx_word' id='word_1_903' title='bbox 960 5380 1034 5432; x_wconf 84' lang='grc' dir='ltr'><strong><em>Τὸ</em></strong></span> <span class='ocrx_word' id='word_1_904' title='bbox 1061 5379 1142 5443; x_wconf 65' lang='grc' dir='ltr'>δὲ,</span> <span class='ocrx_word' id='word_1_905' title='bbox 1163 5378 1531 5448; x_wconf 74' lang='grc' dir='ltr'><strong><em>ἐξετάραεάν</em></strong></span> <span class='ocrx_word' id='word_1_906' title='bbox 1547 5398 1645 5450; x_wconf 81' lang='grc' dir='ltr'><strong><em>με,</em></strong></span> <span class='ocrx_word' id='word_1_907' title='bbox 1668 5385 1813 5440; x_wconf 78' lang='grc' dir='ltr'>κατὰ</span> 
     </span>
    </p>
   </div>
   <div class='ocr_carea' id='block_1_111' title="bbox 240 5470 1812 5544">
    <p class='ocr_par' dir='ltr' id='par_1_111' title="bbox 240 5470 1812 5544">
     <span class='ocr_line' id='line_1_111' title="bbox 240 5470 1812 5544; baseline 0.001 -17"><span class='ocrx_word' id='word_1_908' title='bbox 240 5475 372 5535; x_wconf 70' lang='grc' dir='ltr'>τοὺς</span> <span class='ocrx_word' id='word_1_909' title='bbox 403 5472 822 5544; x_wconf 71' lang='grc' dir='ltr'>Ἐὄδομήκοντα,</span> <span class='ocrx_word' id='word_1_910' title='bbox 856 5471 1041 5542; x_wconf 84' lang='grc' dir='ltr'>ὅμοιόν</span> <span class='ocrx_word' id='word_1_911' title='bbox 1059 5471 1175 5524; x_wconf 65' lang='grc' dir='ltr'>ἐστι</span> <span class='ocrx_word' id='word_1_912' title='bbox 1200 5470 1279 5544; x_wconf 74' lang='grc' dir='ltr'><strong><em>τῷ</em></strong></span> <span class='ocrx_word' id='word_1_913' title='bbox 1312 5472 1589 5544; x_wconf 77' lang='grc' dir='ltr'>εἰρημένῳ</span> <span class='ocrx_word' id='word_1_914' title='bbox 1616 5474 1676 5528; x_wconf 82' lang='grc' dir='ltr'>ἑν</span> <span class='ocrx_word' id='word_1_915' title='bbox 1699 5479 1812 5542; x_wconf 65' lang='grc' dir='ltr'><strong><em>⁶τοῖς</em></strong></span> 
     </span>
    </p>
   </div>
   <div class='ocr_carea' id='block_1_112' title="bbox 318 5611 1316 5679">
    <p class='ocr_par' dir='ltr' id='par_1_112' title="bbox 318 5611 1316 5679">
     <span class='ocr_line' id='line_1_112' title="bbox 318 5611 1316 5679; baseline -0.003 -9"><span class='ocrx_word' id='word_1_916' title='bbox 318 5618 336 5650; x_wconf 80' lang='grc'>⁸</span> <span class='ocrx_word' id='word_1_917' title='bbox 377 5615 482 5670; x_wconf 86' lang='lat' dir='ltr'><strong><em>lsa.</em></strong></span> <span class='ocrx_word' id='word_1_918' title='bbox 518 5630 650 5679; x_wconf 84' lang='lat' dir='ltr'><strong><em>LIII,</em></strong></span> <span class='ocrx_word' id='word_1_919' title='bbox 685 5613 788 5668; x_wconf 76' lang='lat'><strong><em>3-5</em></strong></span> <span class='ocrx_word' id='word_1_920' title='bbox 860 5615 880 5644; x_wconf 82' lang='grc'><strong><em>²</em></strong></span> <span class='ocrx_word' id='word_1_921' title='bbox 920 5611 1063 5675; x_wconf 75' lang='lat' dir='ltr'><strong><em>Psal,</em></strong></span> <span class='ocrx_word' id='word_1_922' title='bbox 1100 5628 1225 5673; x_wconf 78' lang='lat' dir='ltr'><strong><em>xxi.</em></strong></span> <span class='ocrx_word' id='word_1_923' title='bbox 1262 5614 1316 5668; x_wconf 75' lang='lat'><strong><em>5.</em></strong></span> 
     </span>
    </p>
   </div>
   <div class='ocr_carea' id='block_1_113' title="bbox 246 5682 1425 5748">
    <p class='ocr_par' dir='ltr' id='par_1_113' title="bbox 246 5682 1425 5748">
     <span class='ocr_line' id='line_1_113' title="bbox 246 5682 1425 5748; baseline 0.004 -13"><span class='ocrx_word' id='word_1_924' title='bbox 246 5686 303 5746; x_wconf 74' lang='lat'><strong><em>7,</em></strong></span> <span class='ocrx_word' id='word_1_925' title='bbox 376 5689 398 5720; x_wconf 79' lang='grc'><strong><em>⁸</em></strong></span> <span class='ocrx_word' id='word_1_926' title='bbox 433 5684 592 5743; x_wconf 78' lang='lat' dir='ltr'><strong><em>Joau.</em></strong></span> <span class='ocrx_word' id='word_1_927' title='bbox 629 5700 725 5748; x_wconf 91' lang='grc' dir='ltr'>ιιι,</span> <span class='ocrx_word' id='word_1_928' title='bbox 765 5685 849 5739; x_wconf 61' lang='lat' dir='ltr'><strong><em>lit.</em></strong></span> <span class='ocrx_word' id='word_1_929' title='bbox 924 5685 942 5715; x_wconf 89' lang='grc'><strong>⁷</strong></span> <span class='ocrx_word' id='word_1_930' title='bbox 978 5682 1135 5737; x_wconf 76' lang='lat' dir='ltr'><strong><em>Joan.</em></strong></span> <span class='ocrx_word' id='word_1_931' title='bbox 1172 5699 1266 5736; x_wconf 78' lang='lat' dir='ltr'><strong><em>vui</em></strong></span> <span class='ocrx_word' id='word_1_932' title='bbox 1290 5723 1303 5747; x_wconf 89' lang='lat'><strong><em>,</em></strong></span> <span class='ocrx_word' id='word_1_933' title='bbox 1336 5684 1425 5740; x_wconf 76' lang='lat'><strong><em>‘28.</em></strong></span> 
     </span>
    </p>
   </div>
   <div class='ocr_carea' id='block_1_114' title="bbox 529 5777 1231 5842">
    <p class='ocr_par' dir='ltr' id='par_1_114' title="bbox 529 5777 1231 5842">
     <span class='ocr_line' id='line_1_114' title="bbox 529 5777 1231 5842; baseline -0.004 0"><span class='ocrx_word' id='word_1_934' title='bbox 529 5783 796 5842; x_wconf 72' lang='grc' dir='ltr'>ΡΑτιιοι.</span> <span class='ocrx_word' id='word_1_935' title='bbox 832 5779 946 5840; x_wconf 71' lang='lat' dir='ltr'><strong><em>(in.</em></strong></span> <span class='ocrx_word' id='word_1_936' title='bbox 996 5777 1231 5840; x_wconf 66' lang='lat' dir='ltr'><strong><em>XXIII.</em></strong></span> 
     </span>
    </p>
   </div>
   <div class='ocr_carea' id='block_1_115' title="bbox 1915 5275 3485 5356">
    <p class='ocr_par' dir='ltr' id='par_1_115' title="bbox 1915 5275 3485 5356">
     <span class='ocr_line' id='line_1_115' title="bbox 1915 5275 3485 5356; baseline 0.005 -27"><span class='ocrx_word' id='word_1_937' title='bbox 1915 5275 2352 5329; x_wconf 70' lang='lat' dir='ltr'><strong><em>conturbauerunt</em></strong></span> <span class='ocrx_word' id='word_1_938' title='bbox 2386 5292 2487 5340; x_wconf 84' lang='lat' dir='ltr'><strong><em>me,</em></strong></span> <span class='ocrx_word' id='word_1_939' title='bbox 2527 5278 2835 5334; x_wconf 84' lang='lat' dir='ltr'><strong><em>secundum</em></strong></span> <span class='ocrx_word' id='word_1_940' title='bbox 2880 5278 3046 5345; x_wconf 77' lang='lat' dir='ltr'><strong><em>LXX,</em></strong></span> <span class='ocrx_word' id='word_1_941' title='bbox 3082 5282 3211 5337; x_wconf 84' lang='lat' dir='ltr'><strong><em>huic</em></strong></span> <span class='ocrx_word' id='word_1_942' title='bbox 3239 5282 3485 5356; x_wconf 69' lang='lat' dir='ltr'><strong><em>Evange-</em></strong></span> 
     </span>
    </p>
   </div>
   <div class='ocr_carea' id='block_1_116' title="bbox 1917 5365 3485 5428">
    <p class='ocr_par' dir='ltr' id='par_1_116' title="bbox 1917 5365 3485 5428">
     <span class='ocr_line' id='line_1_116' title="bbox 1917 5365 3485 5428; baseline 0.004 -8"><span class='ocrx_word' id='word_1_943' title='bbox 1917 5367 2112 5422; x_wconf 87' lang='lat' dir='ltr'><strong><em>liorum</em></strong></span> <span class='ocrx_word' id='word_1_944' title='bbox 2155 5365 2305 5421; x_wconf 89' lang='lat' dir='ltr'><strong><em>dicto</em></strong></span> <span class='ocrx_word' id='word_1_945' title='bbox 2338 5368 2520 5425; x_wconf 84' lang='lat' dir='ltr'><strong><em>simile</em></strong></span> <span class='ocrx_word' id='word_1_946' title='bbox 2562 5379 2648 5425; x_wconf 89' lang='lat' dir='ltr'><strong><em>est</em></strong></span> <span class='ocrx_word' id='word_1_947' title='bbox 2681 5389 2696 5425; x_wconf 90' lang='lat'><strong>:</strong></span> <span class='ocrx_word' id='word_1_948' title='bbox 2724 5370 2883 5427; x_wconf 76' lang='lat' dir='ltr'><strong><em>Nunc</em></strong></span> <span class='ocrx_word' id='word_1_949' title='bbox 2912 5374 3093 5427; x_wconf 87' lang='lat' dir='ltr'><strong><em>anima</em></strong></span> <span class='ocrx_word' id='word_1_950' title='bbox 3117 5390 3231 5428; x_wconf 89' lang='lat' dir='ltr'><strong><em>mea</em></strong></span> <span class='ocrx_word' id='word_1_951' title='bbox 3266 5373 3485 5427; x_wconf 82' lang='lat' dir='ltr'><strong><em>turbata</em></strong></span> 
     </span>
    </p>
   </div>
   <div class='ocr_carea' id='block_1_117' title="bbox 1915 5459 3485 5536">
    <p class='ocr_par' dir='ltr' id='par_1_117' title="bbox 1915 5459 3485 5536">
     <span class='ocr_line' id='line_1_117' title="bbox 1915 5459 3485 5536; baseline 0.004 -22"><span class='ocrx_word' id='word_1_952' title='bbox 1915 5470 1992 5514; x_wconf 87' lang='lat' dir='ltr'><strong><em>est</em></strong></span> <span class='ocrx_word' id='word_1_953' title='bbox 2008 5459 2062 5524; x_wconf 71' lang='grc' dir='ltr'>’ς</span> <span class='ocrx_word' id='word_1_954' title='bbox 2084 5466 2159 5526; x_wconf 85' lang='lat' dir='ltr'><strong><em>et,</em></strong></span> <span class='ocrx_word' id='word_1_955' title='bbox 2208 5459 2402 5514; x_wconf 86' lang='lat' dir='ltr'><strong><em>Tristis</em></strong></span> <span class='ocrx_word' id='word_1_956' title='bbox 2428 5471 2505 5516; x_wconf 87' lang='lat' dir='ltr'><strong><em>est</em></strong></span> <span class='ocrx_word' id='word_1_957' title='bbox 2530 5463 2709 5517; x_wconf 83' lang='lat' dir='ltr'><strong><em>anima</em></strong></span> <span class='ocrx_word' id='word_1_958' title='bbox 2729 5481 2843 5518; x_wconf 88' lang='lat' dir='ltr'><strong><em>mea</em></strong></span> <span class='ocrx_word' id='word_1_959' title='bbox 2867 5481 3027 5536; x_wconf 80' lang='lat' dir='ltr'><strong><em>usque</em></strong></span> <span class='ocrx_word' id='word_1_960' title='bbox 3048 5464 3117 5517; x_wconf 84' lang='lat' dir='ltr'><strong><em>ad</em></strong></span> <span class='ocrx_word' id='word_1_961' title='bbox 3140 5471 3382 5518; x_wconf 75' lang='lat' dir='ltr'><strong><em>mortcm’</em></strong></span> <span class='ocrx_word' id='word_1_962' title='bbox 3403 5474 3485 5524; x_wconf 84' lang='lat' dir='ltr'><strong><em>:et</em></strong></span> 
     </span>
    </p>
   </div>
   <div class='ocr_carea' id='block_1_118' title="bbox 1392 5613 3482 5693">
    <p class='ocr_par' dir='ltr' id='par_1_118' title="bbox 1392 5613 3482 5693">
     <span class='ocr_line' id='line_1_118' title="bbox 1392 5613 3482 5693; baseline 0.008 -27"><span class='ocrx_word' id='word_1_963' title='bbox 1392 5615 1436 5693; x_wconf 58' lang='grc' dir='ltr'><em>ξ·</em></span> <span class='ocrx_word' id='word_1_964' title='bbox 1476 5613 1665 5693; x_wconf 59' lang='lat' dir='ltr'><strong><em>hiatu).</em></strong></span> <span class='ocrx_word' id='word_1_965' title='bbox 1704 5635 1863 5685; x_wconf 81' lang='lat' dir='ltr'><strong><em>xm,</em></strong></span> <span class='ocrx_word' id='word_1_966' title='bbox 1901 5623 1991 5676; x_wconf 73' lang='lat'><strong><em>39.</em></strong></span> <span class='ocrx_word' id='word_1_967' title='bbox 2068 5623 2088 5653; x_wconf 84' lang='grc'><strong>⁸</strong></span> <span class='ocrx_word' id='word_1_968' title='bbox 2125 5620 2255 5675; x_wconf 86' lang='lat' dir='ltr'><strong><em>ibid.</em></strong></span> <span class='ocrx_word' id='word_1_969' title='bbox 2296 5620 2385 5675; x_wconf 70' lang='grc'>42.</span> <span class='ocrx_word' id='word_1_970' title='bbox 2462 5622 2482 5654; x_wconf 73' lang='grc' dir='ltr'>δ</span> <span class='ocrx_word' id='word_1_971' title='bbox 2523 5622 2714 5681; x_wconf 82' lang='lat' dir='ltr'><strong><em>Matth.</em></strong></span> <span class='ocrx_word' id='word_1_972' title='bbox 2752 5640 2834 5689; x_wconf 74' lang='lat' dir='ltr'><strong><em>II,</em></strong></span> <span class='ocrx_word' id='word_1_973' title='bbox 2869 5623 2960 5677; x_wconf 74' lang='lat'><strong><em>29.</em></strong></span> <span class='ocrx_word' id='word_1_974' title='bbox 3036 5622 3058 5653; x_wconf 83' lang='lat'><strong>&#39;</strong></span> <span class='ocrx_word' id='word_1_975' title='bbox 3096 5619 3294 5692; x_wconf 85' lang='lat' dir='ltr'><strong><em>Philip.</em></strong></span> <span class='ocrx_word' id='word_1_976' title='bbox 3336 5624 3482 5693; x_wconf 75' lang='lat'><strong><em>&quot;,6,</em></strong></span> 
     </span>
    </p>
   </div>
   <div class='ocr_carea' id='block_1_119' title="bbox 1502 5684 2643 5760">
    <p class='ocr_par' dir='ltr' id='par_1_119' title="bbox 1502 5684 2643 5760">
     <span class='ocr_line' id='line_1_119' title="bbox 1502 5684 2643 5760; baseline 0.004 -20"><span class='ocrx_word' id='word_1_977' title='bbox 1502 5686 1522 5717; x_wconf 81' lang='grc'><strong>⁸</strong></span> <span class='ocrx_word' id='word_1_978' title='bbox 1561 5684 1718 5742; x_wconf 80' lang='lat' dir='ltr'><strong><em>Joau.</em></strong></span> <span class='ocrx_word' id='word_1_979' title='bbox 1757 5706 1866 5760; x_wconf 75' lang='lat' dir='ltr'><strong><em>xu,</em></strong></span> <span class='ocrx_word' id='word_1_980' title='bbox 1900 5693 1990 5747; x_wconf 73' lang='lat'><strong><em>‘37.</em></strong></span> <span class='ocrx_word' id='word_1_981' title='bbox 2068 5693 2089 5724; x_wconf 88' lang='lat'><strong>’</strong></span> <span class='ocrx_word' id='word_1_982' title='bbox 2129 5692 2315 5748; x_wconf 66' lang='lat' dir='ltr'><strong><em>Multi).</em></strong></span> <span class='ocrx_word' id='word_1_983' title='bbox 2355 5707 2475 5747; x_wconf 72' lang='lat' dir='ltr'><strong><em>xxv:</em></strong></span> <span class='ocrx_word' id='word_1_984' title='bbox 2505 5734 2518 5758; x_wconf 91' lang='lat'><strong><em>,</em></strong></span> <span class='ocrx_word' id='word_1_985' title='bbox 2556 5695 2643 5747; x_wconf 74' lang='lat'><strong><em>38.</em></strong></span> 
     </span>
    </p>
   </div>
   <div class='ocr_carea' id='block_1_120' title="bbox 3129 5784 3206 5845">
    <p class='ocr_par' dir='ltr' id='par_1_120' title="bbox 3129 5784 3206 5845">
     <span class='ocr_line' id='line_1_120' title="bbox 3129 5784 3206 5845; baseline -0.013 0"><span class='ocrx_word' id='word_1_986' title='bbox 3129 5784 3206 5845; x_wconf 70' lang='lat' dir='ltr'><strong><em>3&#39;s</em></strong></span> 
     </span>
    </p>
   </div>
  </div>
