3988 6204
545 167 686 225 1067

1249 170 1519 228 EUSEBII
1547 172 2030 231 CAESARIENSIS
2068 172 2221 231 ΟΡΡ.
2248 173 2435 234 PARS
2476 177 2564 235 Ill.
2607 187 2674 222 —'
2706 181 3127 240 EXEGETICA.

3610 197 3714 253 +068

544 296 740 344 ca'tera
789 303 1004 360 quoque
1053 288 1352 344 secundum
1389 290 1674 347 historiam
1727 293 2100 363 implebantur

2228 297 2578 367 Εὐαγγελίοις
2609 317 2624 330 ο
2667 301 2796 354 Νῦν
2821 303 2860 369 ἡ
2900 303 3071 372 ψυχή
3112 321 3232 373 μου
3268 308 3594 377 τετάρακται,
3629 315 3715 367 κείν

543 399 668 440 cum
701 399 766 439 eo
804 385 991 439 relicto
1021 383 1250 453 apostoli
1303 385 1940 449 abscesserunt,-Petrus
1994 404 2156 444 vcro‘

541 481 630 530 ter
653 477 868 542 negavit
896 489 1042 530 eum.
1068 473 1142 528 Et
1171 475 1276 528 alia
1304 479 1760 546 quoque~ratione
1790 479 1908 534 haec
1929 481 2123 537 omnia

542 565 777 628 dicebat,
825 565 1056 618 aliorum
1108 565 1250 618 mala
1308 567 1411 621 sibi
1443 575 1502 621 ut
1535 572 1758 640 propria
1817 572 2121 641 ascribens,

541 656 789 711 videlicet
841 655 1135 726 proditoris
1153 655 1319 712 'Jmhe
1353 661 1674 729 perniciem,
1709 662 1991 733 totiusque
2025 663 2123 720 Ju-
2163 691 2166 693 λ

539 749 711 805 daicre
737 750 915 821 gentis
947 749 1203 805 ruinam:
1227 752 1295 807 de
1329 754 1549 824 quibus,
1586 757 1743 826 quasi
1765 757 1833 812 de
1864 758 1992 815 filiis
2021 760 2124 814 im-

539 842 746 914 probis,
777 842 1082 912 iniquitatis
1133 859 1247 899 suae
1281 860 1467 901 causa
1528 850 1908 918 pereuntibus,
1958 851 2121 907 vehe-

539 934 708 990 menti
766 934 1136 991 miserationis
1166 945 1220 992 et
1265 937 1622 996 humanitatis
1681 941 1878 998 affectu
1930 959 2117 1000 eormn

539 1027 682 1082 mala
721 1027 787 1082 ad
827 1043 1118 1098 personam
1166 1028 1444 1100 propriam
1479 1029 1746 1099 referens,
1790 1033 2119 1105 ingemisce-

536 1121 649 1176 bat.
705 1119 761 1174 Id
809 1136 975 1191 porro
1007 1121 1279 1192 intelligas
1315 1122 1362 1179 si
1395 1123 1481 1179 bis
1510 1124 1788 1194 propheta:
1814 1127 1994 1183 verbis
2035 1135 2116 1180 at-

535 1212 727 1268 tendas
756 1211 896 1268 :Hic
923 1221 1139 1282 peccata
1164 1223 1349 1269 nostra
1389 1225 1589 1284 portat,
1621 1226 1671 1271 et
1694 1232 1788 1286 pro
1819 1217 1969 1273 nobis
1997 1235 2118 1272 cru-
2152 1241 2155 1244 ·

533 1306 710 1359 ciatur
729 1307 793 1358 ¹⁰.
815 1305 996 1371 Quare
1009 1320 1196 1361 eorum
1212 1307 1384 1377 gratia
1397 1306 1584 1363 dolore
1595 1308 1823 1366 affectus
1844 1311 2115 1365 exclama-

532 1398 627 1452 bat
652 1397 842 1453 dicens
875 1417 888 1452 :
926 1396 991 1450 In
1028 1414 1109 1452 me
1152 1399 1478 1452 transierunt
1506 1401 1601 1454 ira:
1626 1408 1751 1461 tuae,
1784 1410 2010 1456 terrores
2037 1403 2114 1456 tui

531 1489 973 1545 conturbauerunt
1002 1506 1102 1544 me.
1128 1487 1360 1544 Videbat
1389 1491 1534 1546 enim
1562 1505 1672 1546 non
1699 1491 1773 1546 ita
1798 1493 1970 1547 multo
1992 1501 2115 1564 post

531 1585 818 1635 venturam
867 1579 1028 1646 iram,
1067 1593 1188 1650 quze
1237 1579 1423 1634 omnia
1458 1579 1568 1635 illis
1598 1588 1832 1650 augusta
1867 1589 1921 1636 et
1951 1598 2114 1638 vene-

2233 390 2568 457 Περίλυπός
2607 393 2780 446 ἐστιν
2801 392 2838 456 ἡ
2879 394 3044 462 ψυχή
3072 412 3194 464 μου
3227 396 3333 464 ἕως
3364 400 3719 458 θανάτουσηκαὶ

2227 479 2296 532 τά
2329 479 2490 534 λοιπά
2510 481 2570 534 δὲ
2604 481 2744 535 κατά
2775 482 2874 554 τὴν
2903 483 3143 554 ἱστορξαν
3172 485 3474 558 ἐπληροῦτο,
3493 490 3568 542 bra
3593 509 3720 546 κατα-

2229 571 2478 634 λιπόντες
2500 573 2659 625 αὐτον
2681 574 2730 625 οἱ
2771 573 3060 627 ἀπόστολοι
3089 574 3292 645 ᾤχοντο
3309 594 3323 608 ·
3345 580 3372 632 ό
3392 578 3442 632 δὲ
3470 580 3638 653 Πέτρος
3653 585 3722 636 καὶ

2227 661 2407 732 τρίτον
2443 661 2606 715 αὐτὸν
2650 665 2946 734 ἠρνήσατο.
2994 666 3101 718 Καὶ
3151 666 3320 732 ἄλλως
3359 669 3412 722 δέ
3452 669 3515 723 τὰ
3551 673 3721 743 προκεί-

2231 770 2369 824 μενα
2411 754 2626 807 ἅπαντα
2680 755 2952 824 ἔφασκεν,
3017 757 3430 831 ίδιοποιούμενος
3466 761 3526 816 τὰ
3568 765 3722 834 ἐτέρων

2228 845 2404 899 κακά’
2444 845 2587 914 λέγω
2623 847 2680 900 δὲ
2719 847 2814 900 τοῦ
2847 849 3106 920 προδότου
3151 850 3319 905 Ἰούδα
3358 853 3451 926 τὴν
3485 854 3723 918 ἀπώλειαν.

2226 935 2434 989 καὶτοῦ
2458 937 2656 1000 παντὸς
2693 937 2961 992 Ἰουδαίων
2987 939 3172 1006 ἔθνους
3202 941 3300 1013 τὴν
3325 944 3606 1000 ἀπόπτωσιν
3622 964 3633 976 ’
3663 949 3724 1019 ἐφ’

2225 1020 2306 1090 οἷς
2335 1025 2402 1078 δι’
2432 1026 2739 1098 ὑπερϐολὴν
2774 1028 3178 1102 εὐσπλαγχνίας
3229 1035 3321 1087 καὶ
3366 1035 3724 1109 φιλανθρωπίας,

2223 1116 2298 1181 ὡς
2319 1118 2403 1186 ἐφ’
2417 1119 2549 1181 υίοίς
2568 1123 2842 1191 πονηροῖς,
2854 1120 2947 1174 διὰ
2959 1123 3056 1186 τὰς
3067 1123 3248 1179 αὐτῶν
3273 1127 3461 1190 κακίας
3478 1127 3726 1200 ἀπολλυμέ-

2223 1223 2354 1271 νοις,
2364 1205 2541 1260 ταῦτα
2553 1210 2633 1272 είς
2645 1208 2836 1262 ἐαυτοῦ
2853 1212 3139 1282 πρόσωπον
3151 1213 3548 1286 ἀναλαμϐάνων,
3559 1217 3726 1272 ἀπωδύ-

2225 1316 2367 1370 ρετο.
2388 1300 2565 1372 Νοήσε
2574 1319 2621 1364 ις
2634 1301 2691 1354 δέ
2701 1300 2859 1356 τοῦτο
2885 1304 3183 1377 ἐπιστήσας
3196 1306 3273 1359 τῶ
3288 1306 3487 1377 λέγοντι
3503 1312 3724 1382 προφήτῃ

2232 1387 2427 1459 οὗτος
2464 1391 3087 1463 τὰςιάμαρτίαςῄμῶν
3110 1394 3293 1465 φέρει,
3344 1397 3439 1451 καί
3465 1399 3726 1470 περίήμῶν

2221 1481 2525 1538 ὀδυνιῖται.
2567 1483 2658 1537 Διὸ
2690 1483 2829 1555 ὑπὲρ
2854 1485 3048 1540 αὐτῶν
3083 1487 3414 1560 ὀδυνώμενος
3433 1491 3549 1543 ἐϐόα
3565 1491 3725 1560 λέγων·

2232 1576 2350 1628 Ἐπ’
2376 1574 2483 1646 ἐμὲ
2523 1574 2771 1644 διῆλθον
2823 1580 2882 1632 at
2925 1579 3093 1648 ὀργαί
3129 1593 3244 1633 σου
3277 1622 3292 1646 ,
3347 1581 3399 1634 οἱ
3442 1583 3728 1651 φοϐερισμοί

531 1672 705 1728 randa
742 1672 811 1728 de
841 1671 1023 1727 medio
1070 1672 1327 1739 sustulit;
1362 1671 1436 1724 ita
1467 1679 1528 1726 ut
1574 1671 1776 1726 Sancta
1803 1681 2106 1728 sanctorun

2221 1687 2338 1726 σου
2393 1668 2759 1740 ἐξετάραξὰν
2790 1691 2887 1743 με.
2949 1673 3125 1746 Ἐώρα
3166 1674 3275 1748 γάρ
3312 1674 3406 1748 τὴν
3443 1677 3534 1729 οὐκ
3557 1679 3622 1740 είς
3650 1694 3727 1747 μα-

528 1773 583 1822 ct
621 1766 793 1820 altare
835 1777 866 1817 a
910 1761 1282 1818 fundamentis
1315 1762 1687 1826 diru‘erentur,
1721 1778 1994 1836 regesque
2018 1780 2114 1821 eo-

530 1870 650 1910 rum
703 1854 796 1924 qui
849 1851 1108 1908 diuturna
1155 1859 1439 1906 atavorum
1488 1853 1840 1910 successione
1882 1854 1950 1908 ad
1981 1855 2114 1910 illud

530 1961 706 2017 usque
765 1953 981 2016 tempus
1032 1944 1388 2009 devenerant,
1434 1943 1595 1999 finem
1628 1943 1935 2014 imperandi
1965 1943 2114 2002 face-

529 2045 684 2104 rent;
708 2036 802 2106 jus
830 2043 884 2091 et
912 2034 1144 2091 facultas
1169 2036 1260 2090 illa
1290 2036 1407 2092 suis
1435 2035 1654 2091 vivendi
1681 2035 1916 2107 legibus,
1946 2051 2054 2108 qua
2081 2051 2115 2092 a
2151 2067 2154 2070 ~

527 2129 850 2200 longissimo
883 2144 998 2184 utve
1031 2129 1110 2183 usi
1136 2127 1374 2194 fuerant,
1395 2128 1586 2198 legalis
1624 2128 1809 2184 cultus
1837 2143 1962 2184 cum
1994 2129 2116 2200 ipso

527 2223 860 2288 sacerdotio,
890 2238 955 2279 ac
985 2222 1212 2292 reliquis
1243 2221 1478 2278 ducibus
1512 2221 1968 2293 principibusque
1996 2223 2114 2280 suis

525 2323 1041 2394 exstinguerentur;
1074 2321 1148 2374 ita
1178 2327 1238 2374 ut
1269 2335 1337 2375 ne
1360 2319 1651 2392 vestigium
1673 2319 1893 2390 quidem
1921 2335 2111 2376 eorum

527 2411 597 2468 ad
649 2413 752 2468 hoc
797 2426 975 2482 usque
1032 2419 1249 2480 tempus
1304 2410 1588 2467 residuum
1640 2413 1926 2470 manserit.
1980 2411 2112 2480 Quae

525 2503 709 2557 omnia
755 2501 998 2573 perpessi
1045 2511 1198 2566 sunt,
1220 2501 1301 2556 ira
1333 2500 1431 2558 Dei
1461 2518 1577 2557 non
1607 2503 1704 2558 diu
1739 2513 1866 2575 post
1898 2508 2114 2575 passio-

525 2608 648 2649 nem
677 2594 820 2664 ejus,
849 2594 918 2649 ob
947 2594 1187 2649 admissa
1221 2601 1412 2649 contra
1445 2595 1623 2666 ipsum
1650 2595 1918 2661 facinora,
1941 2604 2108 2652 totam

524 2697 715 2738 eorum
751 2691 968 2754 gentem
997 2682 1306 2739 invadente.
1333 2682 1472 2750 Quae
1509 2685 1626 2756 ipse
1658 2686 2002 2758 significabat
2023 2687 2108 2745 his

523 2772 725 2840 verbis,
760 2771 822 2828 In
867 2789 948 2827 me
999 2772 1324 2827 transierunt
1367 2775 1464 2828 ira:
1516 2783 1642 2840 tute,
1677 2790 1741 2829 ac
1783 2776 1831 2832 si
1878 2775 2106 2843 diceret,

529 2863 753 2933 Propter
789 2881 868 2919 me
880 2881 900 2928 ;
940 2865 1054 2920 sive
1075 2866 1374 2920 secundum
1402 2864 1816 2939 Symmachum,
1853 2868 1958 2924 Per
1989 2884 2103 2930 me:

523 2958 654 3028 quia
712 2957 1018 3014 secundum
1076 2959 1153 3012 rei
1197 2958 1480 3014 veritatem
1509 2959 1638 3014 talia
1670 2967 1892 3030 propter
1925 2961 2103 3031 ipsum

521 3051 671 3121 passi
712 3057 862 3106 sunt.
897 3048 1012 3104 lmo
1053 3051 1219 3108 etiam
1263 3052 1481 3106 illorum
1513 3052 1724 3107 cladem
1763 3054 2103 3124 prospiciens

520 3143 757 3206 dicebat,
816 3142 1065 3199 Terrores
1112 3145 1187 3198 tui
1235 3145 1676 3198 conturbauerunt
1723 3159 1825 3200 me.
1876 3144 2104 3201 Etiamsi

519 3238 666 3294 enim
703 3245 948 3294 terrores
975 3237 1096 3304 Dei,
1123 3253 1264 3309 quos
1289 3238 1424 3310 ipsis
1456 3238 1735 3309 prophetae
1783 3239 2096 3294 intermina-

518 3329 741 3396 bantur,
758 3347 853 3386 eos
870 3332 939 3387 ob
956 3331 1210 3387 duritiem
1231 3331 1412 3388 cordis
1447 3346 1557 3386 non
1573 3331 1958 3388 conturbarent
1981 3349 1996 3398 ;
2017 3346 2104 3387 me

519 3431 723 3487 tamen,
742 3423 944 3495 inquit,
963 3424 1056 3495 qui
1076 3425 1402 3480 terribilium
1424 3438 1740 3479 sermonum
1756 3430 1974 3478 tuorum
1988 3422 2103 3478 exi-

519 3505 652 3568 tum'
679 3515 1076 3585 prospicerem,
1111 3525 1350 3571 terrores
1371 3513 1457 3568 tui
1491 3514 1978 3569 conturbaverunt.
2011 3510 2102 3567 Sic

516 3607 703 3677 itaque
736 3607 806 3662 ob
838 3622 1026 3664 eorum
1069 3606 1380 3678 impietates
1401 3605 1619 3662 Patrem
1650 3620 1752 3676 pro
1776 3605 1886 3661 illis
1909 3603 2102 3674 depre-

514 3713 672 3764 cans,
708 3699 894 3755 animo
924 3700 1080 3755 valde
1103 3709 1356 3765 mestus,
1390 3699 1750 3771 ipsorumque
1793 3711 1959 3753 causa
1984 3704 2101 3751 tur-

514 3791 696 3856 batus,
724 3793 902 3854 tristis
930 3800 1048 3848 erat
1071 3808 1245 3862 usque
1273 3791 1340 3846 ad
1376 3800 1604 3847 mortem
1641 3811 1654 3846 :
1689 3791 1816 3862 quia
1847 3790 2093 3846 immine-

513 3886 649 3940 bant
699 3887 806 3942 illis
855 3887 949 3941 irae
994 3886 1087 3940 Dei
1121 3888 1257 3953 tela;
1294 3887 1369 3940 ita
1400 3894 1461 3939 ut
1493 3885 1795 3948 orationes,
1827 3900 1965 3955 quas
2000 3900 2100 3955 pro

515 3977 625 4032 illis
675 3977 983 4040 emittebat,
1011 3977 1151 4031 nihil
1203 3977 1306 4031 loci
1354 3977 1616 4032 haberent
1637 3995 1654 4033 Δε
1688 3991 1859 4044 quare
1887 3990 2012 4029 cum
2042 3975 2098 4029 in

513 4069 824 4140 Evangeliis
857 4085 1064 4140 pronus
1092 4077 1145 4123 et
1173 4069 1542 4139 procumbens
1574 4069 1626 4121 in
1661 4067 1854 4122 faciem
1881 4066 2098 4136 iacens-

509 4177 616 4233 que
646 4177 835 4233 preces
879 4162 1172 4226 emitteret,
1215 4161 1436 4230 hascque
1478 4159 1786 4214 clamaret:
1821 4157 2010 4224 Pater,
2045 4160 2096 4213 si

508 4245 758 4324 possibile
785 4265 883 4320 est,
911 4263 1147 4308 transeat
1173 4270 1204 4308 a
1245 4270 1325 4307 me
1353 4254 1497 4307 catis:
1522 4253 1620 4306 iste
1648 4252 1688 4282 “
1712 4269 1726 4318 ;
1757 4251 1974 4314 deinde,
2004 4249 2096 4306 ubi

2219 1763 2351 1833 κρὸν
2414 1764 2846 1837 ἐπελευσομένην
2916 1767 3100 1831 αὐτοῖς
3141 1767 3353 1839 ὀργὴν,
3416 1769 3530 1838 ἥτις
3593 1770 3728 1824 αὐτῶν

2217 1852 2426 1925 ἀθρόως
2466 1853 2536 1909 τά
2589 1855 2762 1926 σεμνά
2809 1856 2987 1911 πάντα
3039 1856 3363 1930 ἐξηφάνισεν
3399 1875 3413 1890 ο
3450 1859 3529 1922 ὡς
3557 1860 3616 1913 τὰ
3655 1861 3727 1931 μὲν

2219 1947 2386 2015 ’Ἅγια
2422 1946 2530 2000 τῶν
2573 1946 2773 2016 ἁγίων,
2819 1949 2914 2002 καὶ
2951 1948 3014 2002 τὸ
3045 1948 3424 2022 θυσιαστήριον
3461 1953 3524 2004 ἐκ
3561 1951 3727 2023 βάθρων

2216 2037 2551 2103 ἀπολέσθαι,
2592 2037 2846 2109 βασιλέας
2891 2039 2948 2093 δὲ
2986 2040 3190 2105 αὐτῶν,
3238 2043 3366 2108 τοὺς
3402 2043 3465 2096 ἐιι
3505 2043 3728 2112 προγόνων

2214 2129 2466 2200 διαδοχῆς
2498 2131 2577 2194 είς
2598 2131 2774 2183 ἐκεῖνο
2806 2129 3000 2202 καιροῦ
3032 2131 3448 2202 διὰρκέσαντας,
3480 2130 3729 2201 καταλυθῆ-

2214 2242 2322 2289 vat,
2367 2225 2469 2296 τήν
2498 2241 2567 2278 τε
2602 2224 2933 2296 αὐτονομίαν
2970 2225 3092 2280 καθ’
3125 2226 3194 2298 ἣν
3229 2226 3290 2294 ἐξ
3336 2227 3520 2290 αἰῶνος
3563 2223 3728 2297 μακροῦ

2214 2317 2622 2381 ἐπολιτεύοντο,
2658 2318 2754 2372 καὶ
2783 2318 2883 2387 τὴν
2930 2319 3071 2374 κατά
3116 2320 3317 2392 νόμους
3357 2319 3594 2391 λατρείαν
3624 2318 3726 2386 αὐτῇ

2213 2410 2479 2484 ἱερωσύνῃ
2530 2409 2624 2463 καὶ
2677 2413 2790 2474 τοῖς
2829 2412 3040 2476 λοιποῖς
3083 2412 3322 2483 ἡγεμόσι
3367 2429 3424 2467 τε
3467 2410 3625 2464 αὐτῶν
3661 2408 3730 2463 καὶ

2211 2502 2466 2575 ἄρχουσιν
2494 2499 2900 2573 ἀποσϐεσθῆναι
2920 2519 2933 2533 ·
2967 2502 3044 2566 ὡς
3075 2503 3208 2574 μηδέ
3245 2505 3389 2576 ἴχνος
3412 2502 3573 2557 αὐτῶν
3600 2501 3728 2555 εἰσέτι

2211 2594 2306 2648 νῦν
2346 2592 2777 2667 περιλείπεσθαι.
2811 2595 2878 2646 Ἀ
2900 2593 2964 2665 δὴ
2999 2595 3175 2649 πάντα
3205 2596 3527 2650 πεπόνθασιν
3553 2591 3729 2661 ὑπὸτῆς

2210 2687 2378 2759 ὀργῆς
2405 2685 2502 2739 τοῦ
2534 2685 2692 2750 Θεοῦ,
2724 2686 2961 2757 τῆςνούκ
2988 2689 3070 2752 είς
3109 2688 3324 2761 μακρὸν
3353 2688 3487 2760 μετά
3517 2687 3572 2742 τὸ
3598 2685 3729 2746 πάθος

2209 2779 2375 2835 αὐτοῦ
2423 2779 2484 2832 τὸ
2530 2780 2638 2833 πᾶν
2692 2778 2874 2832 αὐτῶν
2923 2780 3075 2844 ἔθνος
3127 2780 3534 2852 καταλαϐούσης
3567 2777 3642 2834 διὰ
3677 2775 3729 2830 τὰ

2207 2871 2586 2944 τετολμημένα
2617 2872 2801 2936 αὐτοῖς
2822 2874 2942 2925 κατ’
2974 2871 3140 2926 αὐτοῦ
3162 2889 3174 2903 ο
3209 2872 3336 2945 ἀδὴ
3366 2873 3538 2944 ἐδήλου
3564 2870 3727 2939 λέγων·

2222 2964 2346 3017 Ἐπ’
2377 2962 2497 3034 ἐμὲ·
2521 2963 2775 3033 διῆλθον
2809 2969 2867 3019 αἱ
2915 2966 3086 3034 ὀργαί
3108 2980 3244 3020 ισου
3277 2983 3294 2998 ο
3320 2966 3460 3019 -ὼσεὶ
3482 2964 3645 3032 ἔλεγε,
3667 2956 3729 3013 Δι’

2124 3017 2172 3076 c
2203 3053 2343 3124 ἐμέ-⁸
2377 3017 2427 3126 ἢἼ
2445 3017 2698 3109 κατάγ
2725 3017 3055 3126 Σύμμαὶον,
3069 3017 3151 3108 Διζ
3171 3017 3325 3126 ἐμοῦ
3527 3017 3607 3109 ut
3622 3017 3730 3104 κατὰ

2195 3147 2294 3200 τὸν
2320 3147 2491 3219 ἀληθῆ
2539 3147 2695 3216 λόγον
2731 3147 2806 3200 δι’
2822 3147 2985 3200 αὐτὸν
3018 3146 3189 3202 ταῦτα
3226 3149 3406 3203 πάντα
3434 3143 3727 3200 πεπόνθασιν.

2217 3239 2376 3293 Ἀλλὰ
2424 3241 2518 3294 καὶ
2563 3239 2811 3314 προορῶν
2849 3240 3030 3293 αὐτῶν
3071 3240 3166 3295 τὸν
3207 3241 3433 3314 ὀλεθρον
3469 3241 3655 3308 Mat“
3679 3235 3729 3288 Οἱ

2203 3329 2554 3399 φοϐερισμοί
2599 3344 2716 3384 σου
2753 3327 3132 3397 ἐξετάραεάν
3171 3347 3276 3400 με.
3328 3332 3390 3385 Et
3425 3330 3525 3401 γὰρ
3566 3327 3642 3381 καὶ
3675 3323 3728 3377 τὰ

2207 3421 2443 3492 μάλιστα
2489 3421 2576 3476 διά
2615 3421 2714 3494 τὴν
2745 3423 3107 3493 ἀναισθησίαν
3137 3423 3257 3477 οὐκ
3307 3424 3582 3496 ἐτάραττον
3617 3417 3729 3472 ὲκεί-

2203 3530 2327 3577 νους
2361 3515 2411 3566 οἱ
2442 3512 2532 3566 διὰ
2570 3514 2679 3567 τῶν
2711 3514 3007 3586 προφητῶν
3042 3515 3439 3588 ἀπειλούμενοι
3462 3514 3566 3568 κατ’
3583 3508 3725 3566 αὐτῶν

2203 3602 2528 3675 φοϐερισμοὶ
2560 3603 2654 3658 τοῦ
2683 3604 2842 3669 Θεοῦ,
2891 3603 3006 3659 ἀλλ’
3034 3607 3156 3677 ἐμὲ,
3194 3608 3388 3678 φησιν,
3427 3605 3606 3678 ὁρῶντα
3635 3599 3722 3652 τῶν

2203 3696 2452 3768 φοϐερῶν
2503 3713 2598 3750 σου
2645 3697 2820 3766 λόγων
2864 3700 2966 3763 τὰς
3009 3698 3302 3766 ἐκϐάσεις,
3339 3701 3651 3771 ἐξετάρασσον
3683 3691 3726 3743 οἱ

2202 3783 2525 3856 φοϐερισμοί
2555 3801 2670 3838 σου.
2705 3783 2896 3850 Οῦτως
2930 3783 3022 3841 οὖν
3061 3787 3149 3842 διὰ
3187 3790 3293 3854 τὰς
3334 3792 3545 3844 ἐκείνων
3571 3788 3727 3841 δυσσε-

2202 3873 2356 3937 ϐείας
2386 3876 2725 3948 παρακαλῶν
2756 3879 2850 3932 τὸν
2890 3880 3111 3950 Πατέρα
3142 3880 3291 3953 ὑπὲρ
3317 3882 3510 3945 αὐτῶν,
3545 3878 3623 3933 καὶ
3651 3873 3728 3943 τὴν

2198 3963 2374 4036 ψυχὴν
2397 3966 2722 4038 ὑπεραλγῶν
2747 3967 2840 4021 καὶ
2871 3967 2938 4020 δι’
2967 3970 3165 4033 αὐτοὺς
3186 3972 3593 4044 ταραττόμενος,
3610 3965 3730 4034 περί.

2198 4055 2366 4119 λυπος
2393 4051 2472 4128 ἦν
2517 4057 2678 4130 μέχρι
2717 4055 2948 4114 θανάτου
2969 4077 2982 4090 ο
3015 4061 3203 4133 ἐπειδὴ
3245 4062 3318 4116 τά
3353 4065 3450 4134 τῆς
3479 4057 3631 4132 ὀργῆς
3658 4049 3728 4105 τοῦ

2198 4148 2332 4202 Θεοῦ
2366 4150 2612 4222 σφοδρῶς
2644 4152 2896 4206 ἐπέκειτο
2926 4155 3050 4207 κατ’
3079 4155 3284 4221 αὐτῶν,
3321 4156 3398 4219 ὡς
3420 4154 3542 4226 μηδέ
3568 4146 3730 4218 suni-

2197 4259 2308 4296 νειν
2342 4242 2451 4296 τῶν
2483 4242 2676 4314 εὐχῶν,
2726 4239 2800 4298 ῶν
2828 4247 3144 4318 ἀνέπεμπεν
3178 4249 3325 4320 ὑπὲρ
3355 4246 3524 4301 αὐτῶν
3545 4262 3557 4274 ·
3593 4241 3650 4294 δι’
3669 4232 3726 4290 ὧν

510 4347 644 4402 vidit
671 4345 848 4402 Patris
870 4347 1204 4402 voluntatem
1234 4344 1498 4409 abnuere,
1522 4342 1829 4414 subjunxit,
1872 4341 2095 4397 Verum-

2204 4334 2532 4407 ¹παρακαλῶν
2570 4337 2662 4388 καὶ
2689 4337 2942 4407 δεόμενος
2970 4341 3027 4392 ἐν
3057 4342 3168 4402 τοῖς
3204 4339 3555 4408 Εὐαγγελίοις
3601 4344 3729 4403 προσ·

508 4445 682 4490 tamen
711 4453 814 4491 non
859 4438 994 4491 sicut
1015 4451 1107 4505 ego
1134 4433 1272 4499 voto,
1303 4434 1393 4488 sed
1423 4435 1560 4488 sicut
1593 4441 1648 4486 ιιι
1663 4433 1728 4487 ¹¹.
1758 4430 1824 4485 Et
1847 4430 2092 4486 secundo

2204 4426 2430 4480 έπιπτεν
2472 4428 2686 4498 πρηνής
2723 4445 2781 4481 τε
2823 4430 2963 4484 κατά
3011 4429 3308 4504 προσώπου
3342 4431 3580 4502 κείμενος
3599 4421 3726 4480 ἐϐόα,

507 4526 698 4580 abiens
724 4525 1038 4596 procumbit
1065 4526 1120 4579 in
1153 4524 1367 4586 faciem,
1387 4532 1441 4578 et
1473 4525 1559 4579 his
1586 4522 1766 4579 verbis
1794 4531 1950 4576 orat:
1979 4521 2091 4575 Pa-

505 4626 605 4680 ter,
638 4616 685 4669 si
736 4615 986 4685 possibile
1039 4633 1142 4670 non
1178 4627 1255 4670 est
1289 4625 1348 4669 ut
1373 4615 1456 4669 hic
1487 4623 1748 4678 transeat,
1782 4614 1885 4668 nisi
1916 4613 2090 4668 bibant

505 4707 682 4770 illum,
719 4708 816 4776 ﬁat
847 4711 1089 4762 voluntas
1123 4716 1217 4759 tua
1237 4707 1315 4771 ¹³;
1351 4721 1414 4760 ac
1434 4707 1594 4762 tertio
1627 4704 1907 4776 profectus
1936 4720 2094 4760 eum-

505 4798 627 4853 dem
687 4813 991 4854 sermonem
1026 4799 1272 4868 protulit.
1300 4797 1480 4865 Quare
1511 4798 1749 4868 idipsum
1780 4797 1867 4852 his
1905 4797 2088 4851 verbis

504 4886 847 4957 significabat
875 4905 891 4943 :
925 4886 1142 4958 thuid,
1162 4888 1405 4955 Domine,
1426 4889 1632 4958 repellis
1651 4889 1884 4942 animam
1898 4903 2092 4946 meam,

502 4980 696 5033 avertis
751 4980 943 5048 faciem
979 4989 1126 5034 tuam
1172 4998 1205 5034 a
1255 4984 1376 5037 me?
1399 4990 1454 5036 et
1487 4981 1642 5046 illud,
1665 4979 1730 5035 In
1753 4996 1834 5034 me
1857 4980 2086 5034 transie-

502 5080 627 5124 runt
675 5073 770 5125 ira:
838 5081 983 5136 tuae,
1055 5083 1280 5128 terrores
1337 5075 1413 5127 tui
1459 5072 1903 5128 conturbauerunt
1965 5089 2068 5127 me.

501 5161 706 5218 Videns
742 5171 921 5220 autem
950 5164 1106 5237 longe
1135 5179 1166 5219 a
1195 5165 1372 5221 salute
1417 5164 1512 5220 Dei
1544 5165 1818 5221 excidisse
1847 5181 1943 5220 eos
1974 5180 2073 5235 pro

500 5257 701 5326 quibus
747 5258 1022 5315 orationes
1073 5258 1407 5320 effundebat,
1441 5273 1540 5329 pro
1589 5259 1782 5314 iisdem
1825 5257 1926 5312 sibi
1973 5273 2070 5328 pa-

502 5361 642 5403 trum
680 5365 906 5404 suorum
935 5365 1099 5408 causa
1126 5350 1946 5413 charissimisetdilectissimis,
1973 5350 2073 5404 di-

500 5442 657 5496 cebat
689 5462 701 5496 :
732 5441 1012 5514 Elongasti
1041 5463 1073 5500 a
1102 5462 1182 5501 me
1209 5445 1437 5499 amicum
1463 5453 1512 5498 et
1534 5446 1855 5514 proximum,
1883 5453 1930 5498 et
1976 5460 2070 5498 uo-

575 5619 614 5647 "
657 5616 758 5672 lsa.
795 5634 917 5684 Lm,
957 5621 1008 5674 5.

2203 4516 2419 4586 Πάτερ,
2454 4517 2646 4587 λέγων,
2688 4522 2742 4573 εἱ
2773 4520 3056 4586 δυνατὸν,
3089 4522 3434 4590 παρελθέτω
3475 4519 3536 4574 τὸ
3584 4510 3728 4575 ποτή-

2191 4626 2330 4678 ριον
2373 4608 2550 4664 τοῦτο
2591 4611 2692 4665 ἀπ’
2723 4611 2870 4680 ἐμοῦ
2893 4629 2905 4641 ·
2941 4607 3038 4664 εἷθ’
3075 4613 3220 4684 ὁρῶν
3267 4612 3613 4668 ἀνανεύουσαν
3653 4601 3727 4670 τὴν

2199 4701 2394 4775 βουλὴν
2435 4702 2529 4756 τοῦ
2581 4703 2794 4776 Πατρδς
2813 4743 2828 4768 ,
2875 4705 3109 4775 ἐπέφερε
3131 4722 3143 4735 ·
3178 4703 3355 4772 Πλὴν
3382 4703 3513 4758 ἀλλ’
3538 4702 3636 4767 οὐχ
3666 4694 3727 4756 ὡς

2195 4793 2310 4864 ἐγὼ
2336 4795 2510 4860 θέλω,
2541 4796 2680 4850 ἀλλ’
2715 4797 2794 4863 ὡς
2811 4799 2919 4850 σύ.
2957 4797 3067 4850 Καὶ
3098 4798 3350 4870 δεύτερον
3382 4793 3632 4855 ἀπελθὼν,
3655 4785 3726 4839 ἐπὶ

2201 4888 2492 4960 πρόσωπον
2529 4890 2737 4954 πίπτει,
2784 4890 2878 4944 καὶ
2916 4889 3277 4960 προσεύχεται
3309 4890 3510 4958 λέγων’
3548 4881 3722 4946 Πάτερν

2190 4984 2244 5034 εί
2272 4982 2343 5035 οὐ
2373 4980 2622 5035 δύναται
2649 4981 2824 5036 τοῦτο
2850 4983 3187 5050 παρελθεῖν,
3215 4983 3326 5036 ἐὰν
3343 4981 3430 5052 μὴ
3457 4977 3593 5034 αὐτὸ
3617 4971 3721 5029 πίων

2187 5075 2490 5145 γενηθήτω
2506 5077 2570 5130 τὸ
2591 5074 2822 5146 θέλημά
2833 5093 2948 5131 σου
2968 5091 2982 5106 ο
3007 5079 3098 5131 καὶ
3109 5076 3292 5148 τρίτον
3307 5076 3364 5129 δὲ
3379 5092 3448 5128 πο
3453 5070 3645 5146 ρευθεὶς
3653 5063 3722 5118 τὸν

2192 5167 2352 5221 αὐτὸν
2367 5166 2522 5236 λόγον
2539 5167 2829 5241 προῦφερε.
2854 5168 2946 5221 Διὸ
2968 5167 3029 5239 δὴ
3043 5167 3213 5221 ταῦτα
3250 5166 3522 5238 σημαίνων
3544 5155 3635 5215 καὶ
3653 5153 3722 5209 διὰ

2178 5259 2289 5312 τῶν
2309 5261 2680 5332 προκειμένων
2691 5260 2875 5330 ἔλεγεν
2890 5278 2904 5291 ο
2924 5261 3056 5315 Ἵνα
3072 5261 3129 5313 τί
3145 5299 3159 5325 ,
3180 5252 3619 5327 Κύριε,ἀπωθεῖς
3631 5243 3722 5313 τὴν

2177 5350 2391 5420 ψυχήν
2411 5369 2550 5422 μου,
2588 5351 2986 5422 ἀποστρέφεις
3027 5353 3094 5406 τὸ
3142 5351 3465 5419 πρόσωπόν
3495 5361 3602 5400 σου
3637 5333 3719 5394 ἀπ’

2176 5443 2358 5513 eam};
2394 5445 2488 5499 καὶ
2516 5444 2604 5510 τὸ,
2647 5445 2774 5500 Ἐπ’
2813 5445 2919 5516 ἐμὲ
2956 5443 3202 5514 διῆλθον
3242 5447 3303 5498 at
3340 5441 3504 5512 ὀργυί
3530 5452 3650 5498 σου.
3672 5427 3718 5484 οἱ

1087 5621 1120 5653 ¹¹
1171 5618 1359 5674 Matth.
1401 5635 1527 5676 :va
1554 5659 1568 5687 ,
1606 5621 1694 5678 ὃς).
1774 5620 1817 5652 ¹¹
1860 5619 1995 5675 ibid.
2079 5620 2121 5652 ¹³
2163 5619 2295 5676 ibid.
2335 5618 2423 5674 42.
