3990 6202
247 440 387 497 1073

1451 432 1957 492 (ΞΟΜΜΕΝΤΔΒΙΑ
1996 435 2064 490 IN
2102 432 2445 492 PSALMOS.

3359 439 3499 485 1074

244 556 358 625 γὰρ
377 554 492 623 τὴν
520 553 806 622 ἀλήθειάν
829 569 946 609 σου
969 554 1027 609 ἐν
1071 552 1394 620 Ἐκκλησία
1413 552 1615 623 ἁγίων.
1636 552 1817 624 Σαφῶς

1936 551 2529 608 Ecclesiasanctorum.
2566 546 2691 602 Haec
2721 562 2786 602 ex
2820 558 3048 617 persona
3076 543 3173 600 Dei
3213 542 3501 600 manifeste

242 644 431 699 ταῦτα
455 644 537 697 ἐκ
556 642 849 715 προσώπου
886 643 981 697 τοῦ
1014 642 1151 695 Οεοῦ
1180 640 1425 714 εἴρηταιο
1465 641 1656 714 διόπερ
1678 641 1827 695 δοκεῖ

246 751 339 806 μοι
384 733 536 805 παρὰ
573 735 688 797 τοῖς
727 731 1131 803 Ἐϐδομήκοντα
1169 730 1427 803 ἀνωτέρω
1451 729 1701 802 εἰρῆσθαι
1728 730 1821 784 τόδ

243 827 375 879 Ὀτι
401 820 606 890 sumcf
641 826 745 890 Είς
789 822 899 878 τὸν
935 822 1120 877 ultima
1147 822 1319 889 ἕλεος
1364 821 1830 892 οἰκοδομηθήσεει

239 933 358 982 ται,
389 917 461 971 ἐν
495 915 623 983 τοῖς
652 915 935 984 οὐρανοῖς
971 913 1469 984 ἐτοιμασθήσεται
1499 915 1538 982 ἡ
1573 912 1827 984 ἀλήθειά

228 1024 401 1064 ’σουή
427 1003 510 1073 οἷς
541 1007 876 1079 ἐπισυνῆπτε
920 1006 1012 1059 τόο
1064 1005 1346 1075 Διεθέμην
1380 1002 1670 1072 διαθήκην
1699 1002 1825 1069 τοῖς

238 1098 553 1166 ἐκλεκτοῖς
570 1130 571 1135 η
575 1117 696 1169 μου
712 1114 727 1130 ο
765 1098 856 1152 ἵνα
893 1096 1015 1152 καθ’
1046 1095 1355 1168 ὑπερϐατὸν
1378 1096 1461 1167 εἴη
1493 1094 1666 1160 οὕτως
1687 1094 1823 1168 ἔχων

236 1190 269 1243 ὀ
293 1188 422 1253 νοῦς
449 1188 555 1242 τῶν
592 1187 1001 1261 προκειμένων·
1044 1185 1263 1257 Ἐπειδὴ
1309 1186 1374 1240 σὺ
1414 1185 1598 1250 αὐτὸς,
1632 1179 1677 1239 ὦ
1705 1184 1822 1239 Κύ-

239 1297 351 1351 ριε,
376 1283 435 1333 ἐν
469 1283 587 1344 ταῖς
632 1281 761 1352 περὶ
799 1279 894 1334 τοῦ
929 1277 1089 1333 Δαυῖδ
1118 1274 1689 1348 ἐωγγελίαιςνεῖπας
1729 1280 1822 1342 Et;

234 1374 334 1429 τὸν
361 1372 532 1428 αἰῶνα
562 1373 626 1427 τὸ
652 1372 797 1437 ἔλεός
826 1389 927 1444 μου
954 1371 1017 1426 τὸ
1044 1371 1181 1444 πρὸς
1219 1371 1310 1425 τὸν
1342 1371 1525 1435 Δαυῒδ,
1550 1371 1584 1444 ἢ
1619 1371 1721 1425 ’καὶ
1762 1371 1822 1424 τὸ

237 1467 324 1530 είς
356 1467 565 1529 πάντας
597 1463 917 1536 ἀνθρώπους
948 1461 1466 1535 οίκοδομηθήσεταν
1512 1464 1608 1518 καὶ
1649 1482 1820 1537 προσ-

237 1556 445 1629 έθηκας
490 1557 693 1625 λέγων’
722 1554 1004 1626 Δωθέμην
1027 1553 1323 1622 διαθήκην
1362 1554 1489 1622 τοῖς
1507 1556 1822 1623 -ἐκλεκτοῖς

231 1663 379 1716 μου,
423 1647 542 1717 ἦτοι
587 1644 858 1717 ἐπιλέκτῳ
901 1663 1026 1717 μου,
1069 1646 1195 1700 καί·
1246 1648 1474 1716 Ὤμοσα
1515 1645 1700 1700 Δαυῒδ
1738 1645 1821 1712 τῷ

234 1738 440 1802 δούλῳ
477 1755 619 1808 μου,
666 1738 759 1791 καὶ
804 1737 874 1792 τὰ
922 1736 1130 1802 τούτοις
1159 1735 1456 1792 ἀκόλουθα*
1495 1736 1833 1807 πέπεισμαιν

234 1831 329 1886 ὃτι
355 1827 553 1883 οὔποτε
582 1824 1065 1901 διαψευσθήσονταί
1091 1845 1186 1883 σου
1227 1829 1285 1883 αί
1320 1827 1663 1898 ἐπαγγελίαι,
1726 1827 1822 1900 μέ-

1931 643 2079 700 dicta
2132 643 2309 700 sunt:
2345 657 2410 697 ac
2439 640 2660 694 videtur
2705 639 2838 693 mihi
2893 638 3015 693 ideo
3048 637 3191 708 apud
3224 635 3365 689 LXX
3408 652 3497 691 su-

1930 736 2116 806 perius
2163 735 2371 790 dictum
2424 732 2597 788 fuisse
2620 774 2635 799 ,
2677 731 2941 799 Quoniam
2973 729 3158 784 dixisti
3188 744 3206 782 :
3236 726 3305 783 lu
3349 737 3501 783 teter-

1931 842 2056 882 num
2085 825 2451 882 misericordia
2477 822 2849 894 mdiﬁeabitur,
2868 823 2922 877 in
2947 821 3092 877 ctelt's
3113 820 3503 891 praeparabitur

1928 920 2121 973 ueritas
2147 917 2487 988 tua;quibus
2516 915 2630 971 haec
2651 914 3034 976 subdiderunt,
3054 911 3303 981 Disposui
3335 920 3501 966 testa-

1929 1020 2163 1065 mentum
2196 1010 2375 1065 electis
2417 1008 2580 1070 meis;
2616 1015 2677 1061 ut
2708 1020 2804 1076 per
2834 1005 3172 1077 hyperbaton
3204 1002 3333 1059 dicti
3378 1017 3507 1058 sen-

1929 1102 2098 1156 tentia
2153 1102 2234 1159 sic
2278 1101 2655 1172 exprimatur:
2686 1097 2953 1165 Quoniam
2984 1104 3042 1149 tu
3087 1095 3224 1165 ipse,
3253 1092 3502 1159 Domine,

1929 1194 1983 1247 in
2013 1192 2475 1263 promissionibus
2500 1189 2719 1245 Davidis
2744 1187 2933 1244 dixisti
2969 1206 2980 1242 :
3015 1188 3075 1242 In
3105 1199 3369 1241 αξιοι-ηοω
3404 1186 3504 1239 mi—

1929 1283 2229 1341 sericordia
2260 1299 2380 1339 mea
2412 1297 2542 1353 erga
2577 1281 2857 1345 Davidetn,
2886 1280 3001 1335 sive
3031 1294 3159 1349 erga
3184 1292 3375 1333 omnes
3406 1281 3504 1331 bo-

1927 1378 2106 1431 mines
2171 1375 2567 1441 :ediﬁcabitur;
2627 1382 2679 1429 et
2730 1373 2848 1428 ha-c
2902 1371 3186 1441 adjecisti,
3250 1370 3503 1440 Disposui

1928 1477 2299 1523 testamentum
2342 1468 2520 1522 electis
2564 1467 2715 1531 meis,
2748 1465 2980 1531 scilicet,
3012 1465 3188 1520 electo
3228 1478 3372 1528 meo,
3425 1470 3498 1527 et,

1924 1560 2116 1616 Juravi
2151 1559 2318 1615 David
2346 1576 2492 1615 serra
2520 1576 2652 1625 meo,
2684 1568 2740 1613 et
2772 1569 2965 1613 caetera
2988 1570 3348 1628 :persuasum
3372 1556 3501 1610 mihi

1924 1662 2012 1710 est
2048 1653 2319 1723 prrmissa
2378 1658 2472 1706 tua
2515 1664 2797 1721 nunquam
2858 1648 3019 1703 irrita
3052 1647 3189 1712 fore,
3222 1647 3318 1702 sed
3373 1661 3500 1702 vera

1926 1745 2194 1815 ﬁrmaque
2226 1757 2487 1799 mansura
2521 1759 2646 1799 esse
2674 1759 2689 1807 ;
2721 1740 2817 1797 sed
2868 1756 2980 1795 non
3029 1738 3128 1803 ita,
3165 1747 3223 1793 ut
3252 1740 3308 1793 in
3356 1749 3498 1795 terra

1925 1835 2231 1890 consistant
2263 1853 2276 1889 :
2307 1848 2489 1904 neque
2529 1832 2675 1888 enim
2707 1840 2925 1887 terrena
2972 1840 3028 1885 et
3080 1831 3304 1904 sensilia
3350 1839 3498 1897 sunt,

236 1936 394 1978 νουσι
414 1920 472 1975 δέ
512 1919 734 1992 ἀληθεῖς
762 1919 857 1974 καὶ
887 1919 1247 1974 ἀδιάπτωτον
1278 1919 1393 1973 ἀλλ’
1426 1920 1526 1990 οὐχ
1557 1918 1697 1973 ὥστε
1730 1920 1817 1974 ἐπὶ

1924 1939 2103 1997 neque
2130 1924 2370 1980 venalia
2399 1934 2455 1979 et
2499 1923 2654 1979 brevi
2708 1931 2956 1993 tempore
3001 1923 3286 1984 duratura,
3318 1923 3498 1993 qualis

234 2012 340 2084 τῆς
379 2012 484 2084 γῆς
524 2011 1109 2077 συνίττασθαιαύτάς·
1158 2012 1278 2067 οὐδὲ
1306 2010 1416 2085 γὰρ
1459 2012 1692 2081 ἐπίγειοι
1730 2013 1833 2068 καὶ,

233 2103 520 2175 αἰσθηταὶ,
550 2102 670 2157 οὐδὲ
709 2102 1043 2175 ὠνηταὶικαὶ
1066 2103 1417 2176 ὀλιγοχρόνιοι
1446 2105 1824 2175 τυγχάνουσιν,

233 2191 353 2261 οἷός
388 2198 535 2265 ἐστιν
566 2198 596 2250 ὀ
626 2194 735 2250 τῶν
765 2194 1068 2268 ἀνθρώπων
1103 2195 1240 2267 βίος,
1281 2195 1397 2251 ἀλλ’
1428 2197 1685 2253 ἀθάνατοι
1731 2198 1824 2251 καὶ

232 2287 447 2344 αἰώνιοι
472 2288 565 2342 καὶ
595 2290 661 2360 τῇ
690 2290 756 2360 σῇ
787 2287 1001 2360 θεότητι
1035 2290 1579 2363 πρέπουσαι.Διόπερ
1602 2290 1713 2345 οὐκ
1730 2290 1823 2343 ἐπὶ

231 2379 341 2451 τῆς
366 2380 488 2452 γῆς,
517 2380 633 2435 ἀλλ’
660 2383 719 2434 ἐν
749 2383 862 2444 τοῖς
889 2382 1138 2454 οὐρανοῖς
1162 2383 1618 2455 ἐτοιμασθήσεται
1637 2384 1671 2455 η
1693 2381 1824 2453 ἀλή-

236 2470 363 2526 θεια
413 2470 519 2526 τῶν
569 2471 679 2526 σῶν
726 2472 863 2545 πρὸς
892 2473 986 2527 τὸν
1014 2472 1177 2527 Δαυῒδ
1208 2473 1568 2543 ἐπαγγελιῶν.
1586 2474 1734 2528 ’Δντὶ
1763 2472 1821 2527 δὲ

232 2557 335 2613 τοῦ
354 2577 369 2590 ’
408 2558 692 2630 Δωθέμην
733 2559 1024 2630 διαθήκην
1065 2560 1191 2628 τοῖς
1238 2563 1543 2630 ἐκλεκτοῖς
1581 2581 1723 2633 μου,
1770 2566 1835 2620 ot

232 2651 415 2705 λοιποὶ
452 2652 650 2716 πάντες
686 2653 1046 2725 ἐρμηνευταί·
1080 2652 1164 2720 Τῷ
1191 2654 1486 2723 suasum)
1502 2672 1642 2725 μου,
1668 2656 1820 2728 εἱρήη

233 2759 389 2801 κασι.
417 2744 527 2803 Καὶ
570 2743 772 2814 μᾶλλον
805 2744 1033 2815 ἁρμόζει
1067 2747 1133 2817 τῇ
1164 2745 1372 2819 διανοίᾳ
1403 2748 1437 2818 ἡ
1463 2746 1687 2818 τοιαύτη
1730 2746 1821 2800 ἐκ-

232 2830 384 2901 δοσις
403 2849 418 2863 ο
446 2832 568 2888 οὐδὲ
588 2833 697 2906 γὰρ
716 2835 846 2907 περὶ
875 2834 1082 2888 πολλῶν
1107 2837 1256 2895 ἐστιν
1283 2838 1311 2890 ὀ
1334 2835 1508 2906 λόγος,
1532 2836 1666 2893 ἀλλὰ
1690 2838 1819 2909 περὶ⁹

236 2924 403 2998 μόνου
444 2925 539 2981 τοῦ
578 2927 773 2982 Δαυῖδ·
816 2927 965 2999 αύτῷ
1002 2928 1132 3001 γὰρ,
1165 2930 1319 3000 φησὶ,
1349 2930 1444 2984 καὶ
1475 2929 1685 3002 ὤμοσα,
1720 2929 1816 2985 ἆτε

229 3015 409 3088 δούλῳ
429 3034 530 3089 μου
552 3017 666 3072 ὄντι
686 3019 780 3072 καὶ
798 3019 1067 3091 ἐπιλέκτῳ
1089 3037 1209 3092 μου.
1229 3022 1304 3075 Οὐ
1324 3023 1431 3095 γὰρ
1450 3023 1608 3095 ἤρκει
1630 3023 1841 3093 ἁπλῶς,

228 3113 515 3170 διαθέσθαι
542 3115 690 3187 αὐτῷ
713 3115 999 3189 διαθήκην,
1033 3116 1222 3189 ῶσπερ
1259 3117 1514 3190 διεθέμην
1549 3120 1627 3191 τῷ
1667 3117 1813 3185 Νῶε,

229 3207 335 3272 καὶ
365 3208 503 3285 μετὰ
529 3207 701 3263 ταῦτα
730 3208 807 3281 τῷ
842 3209 1112 3288 Ἁϐραάμ,
1143 3211 1247 3287 καὶ,
1278 3211 1438 3267 πάλιν
1466 3212 1582 3284 μετ’
1610 3214 1816 3287 ἐκεῖνον

225 3270 349 3363 τδῖς
365 3270 506 3363 ὐἱοἷς
542 3300 757 3373 Ἰσραὴλ
777 3270 880 3355 ’ἐπι
908 3270 1010 3372 ei};
1034 3270 1243 3374 ἐρήμου
1264 3301 1351 3356 διὰ
1374 3270 1638 3368 Μῶσέωςο
1672 3270 1815 3357 ἐκείέ-
1841 3270 1884 3330 c

227 3406 348 3454 νοις
392 3389 501 3464 γὰρ
540 3390 1066 3465 δίχα.ὀρκωμοσίας’
1093 3393 1172 3465 τῷ
1202 3393 1246 3449 δ’
1279 3394 1549 3467 ἐπιλέκτῳ
1585 3412 1686 3471 μου
1719 3396 1814 3450 καὶ

225 3472 311 3553 τῷ
359 3481 480 3554 ἐμῷ
525 3482 818 3558 θεράποντι
862 3486 958 3540 καὶ
1007 3483 1178 3558 δούλῳ
1202 3485 1365 3540 Δαυῒδ
1391 3485 1644 3560 διεθέμην
1676 3487 1814 3559 μετὰ

226 3575 397 3648 ὅρκου
430 3575 795 3650 παραλήψεως
813 3594 845 3641 ﬁ
865 3576 1054 3650 ᾥμοσα
1078 3562 1205 3651 ’γὰρ
1246 3579 1394 3651 αὐτῷ
1421 3580 1551 3654 περὶ¹
1578 3580 1673 3635 τοῦ
1703 3580 1813 3636 δεῖν

225 3664 292 3720 τὸ
342 3665 563 3738 σπέρμα
608 3667 772 3722 αὑτοῦ
819 3654 901 3733 είς
929 3670 1020 3723 τδν
1060 3655 1243 3725 αἰῶνα
1265 3671 1574 3743 ἑτοιμάσειν
1603 3660 1827 3728 καὶτὸν

227 3757 418 3831 θρόνον
448 3759 615 3815 αὐτοῦ
639 3761 1035 3835 οἰκοδομήσειν,
1070 3764 1166 3820 καὶ
1195 3766 1299 3820 οὐκ
1331 3768 1411 3831 είς
1439 3765 1566 3838 μίαν
1597 3766 1821 3836 γενεὰν,

225 3845 343 3900 ἀλλ’
374 3849 458 3912 είς
500 3848 693 3918 γενεὰν
738 3851 832 3905 καὶ
855 3853 1065 3921 γενεάν.
1094 3842 1311 3928 Περὶδὲ
1335 3854 1429 3909 τοῦ
1462 3855 1690 3928 ὀμνύναι
1717 3857 1809 3912 τὸν

223 3938 382 4015 Θεὸν,
407 3940 438 3994 ό
465 3940 945 4011 ίερὺςἋπόστολος
972 3945 1029 3997 ἐν
1057 3948 1122 4017 τῇ
1140 3946 1278 4019 πρὸς
1310 3931 1591 4020 Ἐσραίούς
1613 3949 1804 4021 φησιν’

224 4028 356 4085 Ἵνα
376 4029 476 4086 διὰ
505 4029 615 4086 δύο
652 4034 1006 4105 πραγμάτων
1033 4037 1422 4106 ἀμεταθέτων,
1460 4040 1531 4094 ἐν
1561 4035 1652 4106 οἷς
1673 4040 1826 4095 ἁδύς.

220 4139 412 4192 mror
434 4125 780 4193 ψεύσασθαι
809 4126 915 4181 τὸν
949 4128 1117 4195 Θεὸν,
1144 4131 1399 4201 ἰσχυρὰν
1423 4132 1809 4202 παράκλησιν

220 4214 478 4293 ᾇχωμεν.
510 4217 648 4271 Κατ’
680 4219 931 4273 ἐπίτασιν
964 4220 1074 4293 γὰρ
1105 4221 1351 4292 μείζονος
1374 4223 1808 4290 διαϐεϐαιώσεως

1924 2015 2207 2071 hominum
2240 2014 2349 2069 vita
2382 2023 2533 2081 θεὶς,
2551 2014 2650 2070 sed
2682 2013 3032 2078 immortalia,
3067 2021 3269 2069 aeterna
3298 2021 3353 2068 et
3385 2012 3483 2068 dei-

1923 2108 2024 2162 tati
2049 2116 2155 2162 tute
2178 2106 2569 2180 congruentia.
2594 2104 2940 2176 Quapropter
2972 2119 3080 2159 non
3115 2104 3363 2171 interra,
3403 2104 3496 2160 sed

1923 2200 1979 2254 in
2030 2200 2189 2255 cmlis
2229 2200 2630 2271 prmparabitur
2657 2197 2863 2254 veritas
2912 2212 3103 2252 eorum
3154 2212 3277 2269 qua)
3303 2195 3495 2252 Davidi

1920 2290 2200 2361 pollicitus
2232 2306 2313 2347 es.
2344 2290 2454 2346 Pro
2483 2290 2578 2346 illo
2606 2299 2810 2356 autem,
2846 2289 3096 2359 Disposui
3127 2296 3495 2346 testamentum

1919 2382 2095 2436 electis
2129 2383 2280 2447 meis,
2313 2383 2513 2454 reliqui
2544 2398 2738 2437 omnes
2779 2382 3130 2452 interpretes.
3154 2379 3335 2435 Electa
3360 2397 3494 2444 meo,

1919 2472 2195 2528 dixerunt.
2234 2470 2368 2540 Quae
2418 2488 2551 2529 sane
2610 2473 2986 2543 interpretatio
3017 2485 3159 2527 verte
3207 2470 3494 2525 sententi?

1921 2563 2099 2636 magis
2119 2564 2409 2635 congruit:
2439 2579 2549 2618 non
2580 2563 2726 2619 enim
2760 2563 2827 2619 de
2849 2563 3037 2618 multis
3067 2576 3249 2617 sermo
3277 2569 3382 2625 est,
3398 2563 3492 2618 sed

1919 2652 1987 2709 de
2013 2668 2123 2707 uno
2162 2650 2399 2720 Davide;
2432 2653 2538 2724 ipsi
2587 2654 2788 2724 quippe
2836 2652 3037 2723 juravi,
3072 2652 3268 2723 inquit,
3309 2660 3492 2722 utpote

1920 2761 2080 2802 servo
2121 2732 2244 2801 meo
2293 2755 2348 2801 et
2375 2745 2551 2802 electo
2599 2760 2741 2800 meo.
2791 2743 2980 2815 Neque
3021 2744 3168 2800 enim
3210 2746 3345 2801 satis
3373 2753 3487 2800 erat

1919 2836 2020 2906 ipsi
2056 2845 2443 2894 testamentum
2470 2837 2784 2908 diSponere,
2809 2835 3111 2902 sicutNoe,
3146 2845 3335 2907 postea
3361 2851 3491 2892 vero

1918 2928 2253 2994 Abrahamo,
2282 2928 2585 3000 deindeque
2635 2929 2762 2987 liliis
2813 2928 2980 2985 Israel
3032 2929 3088 2982 in
3132 2929 3354 2984 deserto
3396 2944 3490 2999 per

1916 3018 2156 3092 Moysem
2187 3019 2434 3092 disposui
2461 3040 2475 3075 :
2504 3037 2630 3075 nam
2663 3022 2886 3078 cumiis
2914 3021 3033 3078 sine
3057 3021 3401 3093 iuramento;
3437 3026 3492 3076 at

1917 3127 2043 3169 cum
2088 3112 2284 3176 electo,
2323 3128 2481 3169 servo
2511 3122 2566 3170 et
2597 3112 2799 3169 famqu
2836 3128 2957 3170 meo
2994 3113 3218 3178 Davide,
3246 3112 3491 3168 adhibito

1912 3203 2295 3281 jurejurando,
2314 3203 2494 3263 foedus
2514 3213 2569 3261 et
2592 3211 2977 3263 testamentum
3012 3202 3324 3260 iniiJuravi
3343 3203 3491 3261 enim

1918 3294 2022 3366 ipsi
2076 3294 2319 3350 futurum
2351 3311 2475 3353 esse
2511 3305 2571 3350 ut
2597 3311 2783 3352 semen
2821 3297 2943 3367 ejus
2966 3296 3021 3353 in
3042 3305 3306 3353 teter-num
3346 3311 3488 3367 pra:-

1916 3393 2163 3456 paretur,
2187 3393 2241 3441 et
2258 3387 2489 3442 thronus
2521 3386 2642 3457 ejus
2656 3386 2976 3454 aediﬁcetur,
2997 3403 3104 3445 non
3128 3386 3183 3442 in
3201 3402 3365 3442 unam
3398 3401 3491 3458 ge-

1914 3474 2279 3543 nerationem,
2321 3474 2418 3531 sed
2441 3475 2494 3530 in
2528 3476 2933 3548 generationem
2966 3484 3020 3531 et
3053 3474 3484 3546 generationem.

1912 3563 2024 3621 Cur
2056 3574 2237 3622 autem
2273 3564 2417 3622 Deus
2441 3566 2728 3638 iuraverit,
2762 3565 2819 3623 S.
2845 3567 3138 3638 Apostolus
3161 3568 3217 3624 in
3245 3564 3489 3638 Epistula

1913 3647 1982 3714 ad
2015 3656 2273 3714 Hebraeos
2296 3659 2621 3715 testiﬁcatur
2647 3679 2661 3716 :
2690 3657 2759 3714 Ut
2785 3676 2876 3730 per
2896 3660 3032 3714 duas
3065 3676 3148 3715 res
3172 3660 3485 3725 immobiles,

1910 3749 2101 3825 quibus
2136 3751 2461 3822 impossibile
2512 3762 2589 3808 est
2632 3754 2846 3808 mentiri
2884 3751 3088 3818 Deum,
3134 3753 3488 3823 fortissimum

1911 3836 2164 3900 solatium
2204 3844 2490 3901 habeamus
2514 3845 2578 3900 ".
2603 3844 2740 3901 Nam
2770 3846 2839 3902 ad
2867 3846 3242 3903 accessionem
3264 3846 3488 3918 majoris

1911 3923 2254 3992 certitudinis
2268 3933 2793 4006 Deusjuramentum
2808 3936 3073 3994 adhibuit.
3094 3937 3197 3994 Per
3212 3953 3371 4011 quem
3390 3952 3459 3992 au

1911 4035 2016 4083 tein
2035 4029 2391 4100 juraverit,in
2408 4031 2946 4102 sequentibusdocet
2963 4032 3051 4088 his
3070 4032 3253 4089 verbis
3272 4051 3289 4087 ι
3313 4031 3487 4087 Semel

1900 4122 2085 4192 juravi
2135 4125 2190 4177 in
2242 4134 2426 4180 saneto
2484 4142 2618 4182 meo.
2666 4124 2770 4182 Ubi
2824 4127 3131 4198 perpendat;
3162 4127 3256 4197 qui
3297 4127 3369 4181 sit
3398 4126 3486 4183 ille

1910 4227 2136 4273 sanctus
2167 4216 2285 4281 Dei,
2310 4234 2408 4288 per
2438 4234 2600 4289 quem
2623 4219 2781 4290 quasi
2801 4236 2897 4290 per
2916 4219 3115 4276 Filium
3141 4220 3484 4290 unigenitum

219 4291 321 4359 zeal
351 4306 513 4378 ὅρκος
545 4308 915 4381 παρείληπται
947 4310 1026 4382 τῷ
1046 4291 1194 4383 ήΘεῶ.
1232 4312 1390 4368 Κατὰ
1416 4315 1562 4381 τίνος
1592 4315 1648 4369 δὲ
1668 4316 1696 4369 ὀ
1717 4316 1808 4388 ὀρσ-

1917 4295 2090 4375 iurat,
2132 4308 2199 4362 ad
2257 4308 2683 4377 promissionem
2746 4310 2971 4363 omnino
3025 4306 3481 4363 confirmandam.

218 4388 322 4481 ab;
355 4398 482 4469 ἑξῆς
521 4399 726 4474 προῖὼν
756 4394 1005 4483 διδάσκει
1024 4392 1228 4471 λέγων·
1273 4403 1461 4471 Ἀπαξ
1494 4404 1701 4477 ὤμοσα
1738 4407 1808 4460 ἐν

1917 4399 2056 4481 sane
2088 4416 2217 4455 vero
2260 4408 2512 4455 sanctum
2549 4401 2700 4454 illum
2730 4402 2813 4456 vel
2844 4402 3118 4456 daemones
3147 4400 3202 4454 in
3237 4399 3482 4470 Evange-

218 4478 305 4569 τῷ
321 4490 469 4560 ἁγίῳ
486 4490 813 4558 μου.Ἔνθα.
836 4493 929 4546 καὶ
956 4478 1291 4566 ἐπιστήσεις,
1319 4497 1404 4561 τίς
1426 4514 1557 4551 ποτε
1580 4498 1687 4569 ἄρα
1712 4491 1805 4552 οὗ·

1917 4478 1999 4569 liis
2014 4492 2252 4548 conl‘essi
2278 4500 2429 4551 sunt.
2456 4509 2580 4547 cum
2610 4491 2989 4562 divinam'ejus
3018 4499 3480 4563 potestatemque

215 4568 418 4681 tog-ﬁt!
450 4582 479 4635 ὀ
520 4580 675 4651 ἅγιος
720 4582 815 4636 τοῦ
858 4583 1014 4651 Θεοῦ,
1049 4585 1170 4640 καθ’
1195 4580 1255 4641 οὗ
1290 4587 1515 4659 ὄμνυσιν
1558 4568 1635 4654 ὡς
1664 4591 1804 4645 κατά

1917 4568 1969 4641 se
2013 4584 2275 4655 puniebat
2319 4592 2375 4639 et
2414 4584 2668 4653 ejiciebat
2697 4600 2805 4639 non
2835 4583 3094 4650 ferentes,
3131 4585 3247 4640 hmo
3278 4585 3484 4638 clama-

218 4668 354 4763 ]:loii
375 4673 717 4743 μονογενοῦς,
742 4675 821 4738 είς
845 4675 988 4742 τὸέξ
1007 4676 1244 4743 ἅπαντος
1261 4678 1329 4733 τὰ
1351 4679 1449 4750 τῆς
1469 4682 1801 4751 ἐπαγγελίας

1917 4677 2041 4729 bant
2072 4695 2084 4728 :
2124 4673 2269 4737 Siue,
2290 4675 2416 4745 quid
2443 4674 2591 4731 uobis
2623 4685 2672 4730 et
2696 4675 2813 4739 tibi,
2845 4674 2975 4730 Jesu
3016 4674 3337 4737 Nazarene?
3367 4672 3484 4731 No-

216 4763 608 4844 xpasquﬁvat.
641 4764 747 4818 Τὸν
798 4766 897 4838 μὲν
945 4763 1037 4821 οὖν
1084 4767 1237 4837 ἅγιον
1274 4769 1582 4842 ὡμολόγουν
1628 4772 1722 4827 καὶ
1748 4774 1800 4827 οἱ

1917 4770 2070 4824 timus
2106 4778 2153 4824 te
2175 4772 2292 4840 quis
2321 4772 2417 4836 sis,
2438 4780 2651 4825 sanctus
2673 4769 2772 4825 Dei
2796 4770 2857 4823 ".
2878 4769 2982 4824 Per
3010 4770 3155 4824 hunc
3188 4771 3370 4840 itaque
3388 4770 3481 4841 ju-

214 4856 472 4935 δαίμονες
496 4857 553 4911 ἐν
583 4858 696 4923 τοῖς
725 4856 1097 4935 Εὑαγγελίοις,
1119 4859 1208 4913 ὅτε
1240 4861 1315 4932 μὴ
1345 4861 1600 4932 φέροντες
1631 4862 1811 4917 αὑτοῦ.

1917 4877 2039 4918 rans
2068 4860 2233 4929 Deus,
2266 4871 2328 4918 ut
2362 4873 2515 4934 pater
2535 4879 2633 4935 per
2653 4862 2995 4934 unigenitum
3025 4870 3082 4916 et
3117 4863 3375 4918 dilectum
3419 4862 3483 4916 ii-

214 4930 320 5021 τῆν
348 4948 529 5003 ἔνθεον
555 4949 783 5023 δύναμιν
808 4951 1134 5024 κολαστικὴν
1153 4948 1318 5007 οὖσαν
1338 4953 1517 5008 αὐτῶν
1565 4956 1658 5009 καὶ
1696 4957 1801 5011 ἀπ-

1917 4954 2061 5019 lium,
2107 4952 2295 5008 Davidi
2354 4930 2780 5025 promissionem
2813 4952 2997 5008 dabat.
3050 4951 3204 5018 Quod
3254 4952 3371 5022 ipse
3406 4952 3480 5007 ita

213 5039 531 5111 ελαστικὴν,
561 5033 745 5096 ἐϐόων
776 5042 1022 5112 λέγοντες
1040 5060 1055 5075 ο
1112 5044 1252 5108 Ἕω,
1291 5044 1349 5097 τί
1374 5043 1516 5114 ἡμῖν
1537 5046 1639 5100 καί
1674 5046 1795 5108 σοί,

1917 5045 2063 5101 docet
2088 5065 2101 5101 :
2129 5028 2303 5102 Semel
2315 5046 2498 5116 juravi
2524 5046 2577 5099 iu
2595 5055 2779 5100 sancto
2801 5062 2936 5112 meo,
2964 5047 3009 5101 si
3036 5044 3207 5101 David
3229 5045 3475 5100 mentiar.

226 5131 425 5199 Ἰησοῦ
467 5133 805 5218 Natapﬁrs;
836 5134 1094 5206 Οἴδαμέν
1119 5150 1192 5190 σε
1214 5136 1306 5203 τίς
1337 5132 1410 5201 εἴ,
1438 5140 1470 5191 ὁ
1495 5136 1662 5208 ἅγιος
1691 5138 1798 5193 τοῦ
1826 5166 1831 5169 -

213 5223 579 5282 ΘεοῦμΚατὰ
614 5227 804 5280 τούτου
841 5228 1021 5282 τοίνυν
1053 5229 1220 5299 ὀμνὺς
1250 5231 1279 5283 ὀ
1310 5228 1462 5295 Θεὸς,
1494 5227 1584 5283 οἵα
1614 5231 1797 5302 πατὴρ

212 5311 360 5367 κατὰ
395 5315 715 5383 μονογενοῦς
757 5317 848 5390 καὶ
887 5316 1172 5387 ἀγαπητοῦ
1219 5317 1358 5381 υίοῦ,
1394 5317 1658 5389 τῷνΔαυῒδ
1699 5318 1797 5392 τὴν

208 5406 548 5476 ἐπαγγελίαν
605 5409 860 5463 ἐποιείτω
889 5411 955 5463 Ὅ
1016 5408 1081 5481 δὴ
1142 5410 1235 5463 κα)⁸
1286 5409 1523 5465 διδάσκει
1582 5411 1754 5481 λέγων
1779 5430 1793 5443 ·

212 5497 408 5563 “Astus
432 5496 638 5571 ὤμοσα
660 5499 725 5554 ἐν
760 5498 1012 5571 τῷἀγίφ
1040 5519 1180 5571 μου,
1211 5504 1264 5556 sl
1310 5500 1391 5568 τῷ
1433 5502 1614 5559 Δαυῒδ
1644 5505 1793 5573 ψεύ-

210 5604 419 5660 erogat.
446 5590 633 5660 Ζητῶν
668 5590 725 5643 δέ
768 5591 894 5663 παρ’
918 5590 1139 5664 ἐμαυτῷ
1164 5592 1262 5663 τὴν
1292 5594 1490 5659 αἰτίαν,
1519 5594 1586 5648 δι’
1609 5597 1676 5668 ἢν
1706 5598 1795 5651 ού-

178 5692 186 5699 ‘
209 5679 325 5733 δενῖ
348 5679 449 5749 μὲν
471 5678 616 5750 ἄλλῳ
645 5680 751 5733 τῶν
783 5681 985 5749 ἁγίων,
1005 5684 1152 5754 μόνῳ
1177 5682 1233 5737 δὲ
1262 5683 1339 5755 τῷ
1358 5684 1518 5740 Δαυῒδ
1540 5685 1607 5739 δι’
1627 5688 1791 5759 ὅρκου

289 5837 337 5868 ⁸⁸
374 5836 531 5893 Hebr.
571 5855 643 5901 γι,
689 5839 767 5892 l8.
847 5839 889 5869 “
925 5837 1056 5893 Luc.
1094 5854 1168 5903 tv,
1202 5839 1289 5896 34.

1897 5138 2033 5194 Cum
2083 5146 2264 5195 autem
2298 5155 2509 5195 mecum
2549 5154 2869 5210 quaererem,
2893 5154 2993 5194 cur
3022 5139 3229 5195 nemini
3263 5146 3480 5195 sancto-

1899 5247 2042 5296 rum,
2070 5232 2179 5287 nisi
2214 5232 2429 5296 Davidi,
2463 5233 2891 5303 promissionem
2917 5233 2986 5289 de
3044 5234 3252 5290 semine
3303 5231 3477 5302 ipsius

1899 5338 2024 5378 cum
2056 5322 2373 5393 iuramento
2413 5322 2559 5379 Deus
2594 5323 2862 5391 ediderit;
2898 5322 3040 5378 hanc
3065 5339 3151 5378 me
3173 5321 3474 5391 deprehen-

1900 5415 2048 5471 disse
2089 5431 2313 5472 causam
2354 5417 2564 5472 aastimo
2603 5437 2615 5472 :
2650 5417 2892 5489 comperi
2950 5430 3185 5485 namque
3214 5412 3471 5467 Davidem

1901 5514 2027 5563 ante
2057 5507 2203 5561 illam
2244 5522 2273 5561 a
2308 5505 2419 5563 Deo
2467 5507 2569 5562 sibi
2620 5507 2804 5562 datam
2858 5505 3279 5578 promissionem
3320 5500 3472 5571 jura-

1901 5609 2088 5656 mento
2140 5616 2300 5655 usum
2355 5599 2545 5656 fuisse.
2594 5598 2820 5656 Jurasse
2874 5608 3053 5651 autem
3092 5596 3268 5665 ipsum
3311 5592 3470 5649 docet

1903 5688 2144 5762 Spiritus
2190 5690 2418 5749 divinus.
2446 5691 2501 5748 in
2543 5708 2733 5760 cxxxt,
2762 5690 2952 5745 dicens
2986 5705 3002 5742 :
3043 5685 3325 5754 Memento,
3369 5683 3475 5741 Do-
