3990 6202
325 371 467 429 ωτι

1379 363 1884 424 ροΜιιΕΝΤΑΒιΑ
1916 361 1995 419 IN”.
2009 359 2362 420 d’SALMOS.

3426 361 3565 418 N78

322 486 648 558 κοδομῆσαι,
679 485 914 541 ἐνταῦθά
933 501 992 539 τε
1014 482 1113 555 τὴν
1138 482 1368 537 κιϐωτὸν
1394 482 1607 555 ἱδρῦσαι
1620 482 1715 537 τοῦ
1737 480 1894 536 Θεοῦ.

2001 479 2199 536 ιιίιίτει.
2231 479 2353 545 Qua
2381 477 2448 535 de
2466 492 2539 535 re
2558 476 2727 533 David
2754 474 2988 533 Domino
3009 474 3239 547 iuravit,
3287 481 3342 531 et
3380 482 3566 531 votum

324 578 435 631 Καὶ
465 575 594 648 περὶ
623 574 814 629 τούτου
837 574 1018 647 ὤμοσε
1054 574 1215 629 Δαυῖδ
1235 573 1315 646 τῷ
1342 574 1552 647 Κυρίῳ,
1580 577 1676 628 καὶ
1697 573 1899 646 ηὕξατο

323 662 403 735 τῷ
434 662 552 734 Θεῷ
593 662 788 718 Ἰακὼϐ
818 662 991 733 λέγων
1009 678 1022 692 ’
1057 666 1129 719 Εἰ
1158 664 1578 735 εἰσελεύσομαι
1613 666 1702 731 εἰς
1742 664 1896 734 σκή-

322 772 490 827 νωμα
515 756 686 811 οικου
702 773 845 826 μου,
868 759 922 811 sl
948 756 1323 827 ἀναϐήσομαι
1343 756 1443 811 ἐπὶ
1467 758 1680 825 κλίνης
1708 773 1897 827 στρω--

315 844 484 917 μνῆς
496 863 641 916 μου,
669 848 723 900 εἰ
745 844 918 900 δώσω
945 845 1143 901 ὕπνον
1164 845 1288 914 τοῖς
1315 847 1644 917 ὀφθαλμοῖς
1653 864 1773 916 μου
1798 847 1897 903 καί

322 938 450 1007 τοῖς
470 937 805 1009 βλεφάροις
838 956 959 1009 μου
989 938 1354 1011 νυσταγμὸν,
1384 940 1511 1008 ἕως.
1528 937 1599 998 οὗ
1623 942 1776 1011 εὕρω
1803 943 1900 997 τό·

320 1046 444 1087 πον
469 1030 549 1098 τῷ
571 1031 786 1100 Κυρίῳ,
811 1029 1101 1101 σκήνωμα
1123 1031 1205 1098 τῷ
1234 1031 1356 1099 Θεῷ
1393 1031 1605 1087 Ἰακώϐ.
1634 1033 1821 1089 Ταῦτα
1842 1032 1900 1088 δὲ

321 1124 491 1179 αὑτοῦ
533 1124 923 1196 διανοηθέντος,
965 1125 1065 1198 τὴν
1111 1125 1209 1197 μὲν
1249 1125 1570 1198 προαίρεσιν
1607 1126 1707 1197 τῆς
1747 1127 1901 1181 εὐσε-

322 1216 477 1281 ϐείας
507 1216 826 1288 ἀποδέχεται
847 1219 878 1270 ὁ
905 1217 1037 1282 Θεός
1055 1233 1071 1251 ·
1095 1218 1158 1271 οὐ
1191 1217 1297 1290 μὴν
1324 1218 1607 1293 ἐπιτρέπει
1639 1220 1731 1273 τὸν
1753 1214 1899 1275 οἰκον

321 1306 603 1378 γενέσθαιο
637 1308 713 1381 μὴ
742 1310 851 1382 γὰρ
876 1309 1084 1364 δεῖσθαι
1126 1309 1260 1364 Θεδν
1286 1309 1414 1365 ὄντα
1440 1312 1588 1366 οἴκου
1617 1311 1897 1383 αἰσθητοῦ,

326 1400 454 1472 μηδ’
476 1401 534 1466 ἐξ
552 1400 774 1473 ἀψύχων
792 1401 962 1475 λίθων
994 1402 1281 1474 οἰκοδομῆς
1315 1404 1714 1477 σνστησομένου
1737 1423 1753 1437 ο
1784 1405 1898 1460 ἀλλ’

320 1494 375 1546 εἰ
398 1493 505 1563 ἄρα
539 1495 705 1566 ἐχρῆν
740 1493 872 1549 Θεὸν
901 1495 1071 1550 οἰκεῖν
1097 1496 1190 1550 ἐπὶ
1216 1497 1337 1568 γῆς,
1372 1498 1439 1551 ἐκ
1467 1497 1778 1570 σπέρματος
1804 1499 1901 1552 ab.

317 1582 438 1648 τοῦ,
463 1584 556 1638 τοῦ
581 1584 742 1639 Δαυῒδ
768 1586 1189 1658 προελεύσεσθαι
1208 1588 1301 1642 τὸν
1320 1588 1709 1661 ὑποδεξάμενον
1730 1589 1897 1645 αὐτοῦ

319 1677 423 1746 τὴν
457 1676 703 1749 θεότητα,
739 1677 800 1742 ὃς
834 1679 929 1733 καὶ
960 1680 1303 1752 οἰκοδομήσει
1332 1679 1412 1752 τῷ
1436 1680 1561 1753 Θεῷ
1584 1682 1802 1748 ἐπάξιον
1827 1684 1901 1736 fee

321 1767 419 1839 ρὸν
451 1762 609 1822 οἶκον
634 1770 728 1823 καὶ
760 1770 887 1825 ναὸν
908 1770 1082 1841 ἆγιον,
1104 1764 1167 1825 οὗ
1194 1772 1286 1828 τὸν
1315 1772 1504 1846 Θρόνον
1531 1776 1610 1839 εἰς
1639 1774 1732 1829 τδν
1762 1775 1900 1845 σύμ-

319 1877 506 1914 παντα
531 1860 839 1934 διαρκέσειν
865 1863 1058 1919 αἰῶνα.
1075 1864 1294 1936 Ἐδήλου
1324 1865 1380 1928 δὲ
1408 1864 1517 1938 ἄρα
1547 1865 1639 1920 τὸν
1667 1868 1899 1940 Χριστὸν

317 1949 488 2006 αὑτοῦ
527 1951 618 2006 τὸν
659 1954 724 2007 ὲκ
754 1953 1069 2026 σπέρματος
1103 1955 1267 2009 Δαυῖδ
1304 1956 1447 2025 κατὰ
1474 1958 1653 2030 σάρκα
1676 1960 1901 2030 γενησό-

322 2059 506 2114 μενον,
545 2042 642 2099 καὶ
686 2044 782 2116 τὴν
824 2044 894 2099 δι’
922 2045 1087 2101 αὑτοῦ
1124 2046 1247 2100 καθ’
1275 2046 1405 2121 ὅλης
1436 2047 1538 2121 τῆς
1575 2050 1900 2124 οἰκουμένης

321 2138 732 2212 συστησομένην
762 2138 1136 2214 Ἐκκλησίανπ
1140 2143 1236 2197 οτι
1256 2142 1313 2198 δὲ
1336 2145 1489 2200 ταῦθ’
1516 2145 1688 2212 οὕτως
1708 2147 1894 2220 ἐχει,’ἠ

317 2230 431 2284 τῶν
475 2230 770 2308 Μαλειῶν
806 2234 999 2306 ’γραφὴ
1046 2235 1236 2291 τοῦτον
1278 2237 1518 2293 διδάσκει
1548 2239 1640 2294 τὸν
1662 2240 1862 2313 τρόπον
1880 2259 1895 2273 ”

321 2320 430 2374 Kal
459 2320 696 2390 ἐγένετο
724 2321 822 2377 ὅτε
842 2321 1084 2380 ἐκάθισε
1113 2325 1296 2381 Δαυῒδ
1320 2327 1392 2381 ἐν
1411 2326 1490 2394 τῷ
1520 2329 1663 2396 οικῳ
1687 2330 1894 2396 αὐτοῦ,
1943 2370 1949 2375 ι

321 2412 420 2465 καί
450 2413 662 2482 Κύριος
695 2419 1296 2489 κατεκληρονόμησεν
1323 2421 1511 2475 αὐτὸν
1553 2424 1755 2488 κύκλῳ
1779 2423 1898 2478 ἀπὸ

324 2500 565 2557 πάντων
589 2502 706 2559 τῶν
735 2507 962 2576 ἐχθρῶν
992 2508 1151 2576 αὐτῷ
1169 2529 1183 2542 υ
1213 2512 1311 2567 καί
1339 2508 1509 2568 εἶπεν
1536 2516 1571 2569 ὁ
1599 2514 1899 2582 ,ϐασιλεὺς

324 2592 478 2660 πρὸς
505 2597 711 2652 Ναθὰν
738 2598 844 2653 τὸν
868 2600 1210 2671 προφήτηνο
1253 2603 1398 2658 Ἰδοὺ
1437 2604 1516 2674 δὴ
1548 2605 1663 2676 ἐγὼ
1704 2621 1898 2661 κατοι-

323 2682 408 2735 κῶ
431 2684 503 2738 ἐν
526 2685 669 2754 οικῳ
694 2687 961 2758 κεδρίνῳ,
992 2691 1090 2746 καί
1124 2693 1163 2762 ἠ
1191 2693 1435 2763 κιϐωτὸς
1460 2694 1566 2750 τοῦ
1606 2696 1753 2752 Θεοῦ
1797 2696 1900 2752 κά-

323 2776 494 2842 θηται
526 2776 595 2830 ἐν
613 2776 785 2846 μέσῳ
826 2778 936 2849 τῆς
951 2782 1187 2852 σκηνῆς
1210 2800 1224 2814 ·
1254 2784 1312 2856 ἢν
1340 2786 1411 2839 ἐν
1431 2785 1601 2855 μέσφ
1619 2785 1907 2857 Mopsus;

323 2862 401 2943 ᾡς
448 2864 482 2938 ἢ
527 2865 786 2942 Ἐὅραῖκὴ
842 2868 987 2935 λέξις
1038 2873 1313 2944 σημαίνει.
1363 2875 1474 2929 Kal
1524 2871 1656 2930 εἷπε
1693 2879 1909 2933 Ναϐὰν,

325 2965 476 3026 προς
514 2958 623 3012 τὸν
656 2961 951 3025 ,βασιλέαθ
986 2963 1190 3020 Πάντα
1218 2965 1335 3019 ὅσα
1359 2965 1436 3020 ἂν
1470 2966 1541 3021 ἐν
1577 2964 1654 3038 τῇ
1684 2968 1898 3039 καρδίᾳ

319 3063 441 3103 σου
475 3046 678 3113 ,ϐάδιζε
720 3050 821 3105 καί
860 3052 1034 3118 ποίει,
1080 3053 1168 3108 ὅτι
1205 3056 1418 3124 Κύριος
1438 3056 1589 3126 μετὰ
1617 3057 1753 3113 σοῦ.
1783 3060 1895 3115 Kal

320 3138 559 3233 ἐτένετο
584 3139 678 3233 τῇ
716 3142 890 3197 νυκτί
924 3145 1150 3233 ἐκείνῃ,
1187 3147 1285 3201 καί
1318 3148 1554 3218 ἐγένετο
1580 3149 1750 3222 ῥῆμα
1778 3155 1897 3207 Κυ-
1924 3173 1969 3233 c

316 3228 460 3297 ρίου
490 3230 637 3298 πρὸς
659 3233 864 3288 Ναϐὰν
885 3232 1107 3305 λέγων’
1147 3239 1412 3306 Πορεύου
1445 3239 1595 3311 πρὸς
1618 3240 1728 3295 τὸν
1756 3241 1898 3297 δοῦ-

321 3322 443 3375 λον
461 3338 581 3390 μου
606 3323 815 3390 Δαυῒδ,.
832 3325 931 3380 καὶ
958 3326 1089 3382 εἰπέ
1114 3344 1128 3359 ·
1174 3328 1317 3384 Τάδε
1346 3330 1507 3401 λέγει
1538 3332 1780 3403 Κύριος’
1817 3337 1900 3391 Οὐ

322 3413 408 3467 σὺ
454 3414 868 3487 οἰκοδομήσεις
906 3437 1010 3490 μοι
1056 3416 1226 3478 οἷκον
1270 3423 1377 3479 τοῦ
1416 3427 1773 3498 κατοικῆσαι

324 3502 415 3559 om
451 3506 526 3561 οὐ
563 3506 883 3579 κατῴκησα
907 3510 978 3565 ἐν
1008 3512 1151 3583 οἴκῳ
1189 3515 1290 3585 ἀφ’
1320 3511 1397 3587 ἧς
1426 3516 1651 3587 ἡμέρας
1676 3520 1901 3591 ἀνήγαι-

320 3616 435 3669 πον
481 3600 624 3668 τοὺς
670 3601 838 3669 υίοὺς
880 3602 1117 3674 Ἰσραὴλ
1166 3606 1237 3672 ἐξ
1286 3609 1587 3679 Αἰγύπτου
1633 3610 1744 3678 ἕως
1794 3610 1902 3681 τῆς

322 3690 552 3760 ἡμέρας
578 3694 826 3761 animi,"
856 3696 955 3750 καὶ
998 3695 1162 3766 ἥμην
1186 3698 1598 3769 ἐμπεριπατῶν
1623 3701 1695 3757 ἐν
1724 3721 1902 3759 κατιο-

321 3783 543 3853 λύματι
585 3784 684 3839 καὶ
724 3786 794 3840 ἐν
835 3785 1039 3858 σκηνῇ
1083 3789 1153 3843 ἐν
1187 3788 1378 3846 πᾶσιν
1411 3787 1503 3861 οἷς
1538 3792 1790 3864 διῆλθον
1830 3797 1902 3851 ἐν

322 3874 504 3928 παντί
544 3876 783 3945 Ἰσραήλ
798 3895 812 3909 ·
842 3880 894 3933 εἰ
919 3880 1128 3935 λαλῶν
1151 3881 1430 3952 ἐλάλησα
1455 3883 1606 3953 πρὸς
1622 3886 1771 3956 μίαν
1789 3905 1902 3957 φυ-

321 3964 449 4035 λὴν
470 3967 579 4022 τοῦ
620 3968 889 4038 Ἰσραὴλ,
914 3963 962 4038 ᾦ
987 3971 1375 4043 ἐνετειλάμην
1419 3977 1756 4046 ποιμαίνειν
1795 3978 1903 4033 τὸν

321 4058 479 4113 λαόν
518 4076 640 4129 μου
677 4061 921 4131 Ἰσραὴλ
945 4062 1167 4135 λέγων’
1220 4066 1281 4120 Τί
1324 4067 1436 4121 οὐκ
1484 4067 1904 4139 ᾠκοδομήκατέ

319 4166 424 4219 μοι
453 4145 624 4204 οἷκον
649 4150 956 4220 κέδρινον;
977 4153 1088 4208 Kal
1109 4154 1226 4209 νῦν
1248 4154 1391 4210 τάδε
1419 4156 1574 4225 ἐρεῖς
1598 4156 1679 4223 τῷ
1703 4157 1903 4224 δούλῳ

318 4259 443 4312 μου
494 4242 708 4298 Δαυΐδ·
769 4242 913 4299 Τάδε
964 4245 1125 4315 λέγει
1170 4248 1386 4317 Κύριος
1432 4250 1856 4321 παντοκράτωρ
1885 4273 1901 4285 ο

326 4334 588 4388 Ἕλαϐόν
628 4350 704 4389 σε
750 4335 819 4388 ἐκ
862 4332 972 4403 τῆς
1014 4335 1286 4407 μάνδρας
1330 4339 1451 4394 ἀπὸ
1492 4339 1743 4398 ὄπισθεν
1783 4342 1905 4397 τῶν

322 4424 652 4494 προϐάτων,
685 4426 792 4481 τοῦ
833 4423 989 4481 εἶναι
1027 4444 1103 4483 σε
1146 4432 1234 4497 εἰς
1275 4430 1612 4501 ἡγούμενον
1650 4433 1748 4488 ἐπὶ
1798 4436 1904 4492 τὸν

2000 572 2148 627 mit
2185 570 2298 627 Deo
2318 569 2489 627 Jacob
2527 570 2757 627 dicens:
2790 568 2852 625 Si
2879 568 3132 624 introiere
3170 568 3227 622 in
3258 566 3571 623 tabernacu-

2000 664 2109 718 lum
2134 664 2322 718 domus
2360 678 2510 726 mea,
2542 663 2589 717 si
2616 660 2900 716 ascendere
2932 663 2986 716 in
3027 661 3215 715 lectum
3247 661 3405 713 strati
3433 661 3568 715 mei:

1999 756 2046 810 si
2071 753 2260 809 dedero
2289 769 2531 808 somnum
2556 752 2725 807 oculis
2759 752 2909 816 meis,
2936 761 2984 806 et
3008 750 3269 821 palpebris
3296 751 3424 804 meis
3444 748 3572 804 dor-

1998 847 2348 911 mitationem,
2373 845 2537 901 donec
2563 845 2823 900 inveniam
2849 844 3019 898 losum
3050 842 3298 907 Domino,
3328 841 3573 895 taberna-

1998 937 2175 993 culum
2206 938 2315 993 Deo
2354 936 2523 992 Iacob
2549 938 2614 990 ¹⁹.
2648 936 2775 993 Haec
2811 936 2903 990 illo
2947 935 3245 1007 cogitante,
3267 934 3417 1004 pium
3448 932 3572 1005 qui-

1998 1031 2120 1088 dem
2150 1031 2492 1103 prouositum
2523 1029 2667 1086 Deus
2689 1028 2957 1102 approbat
2988 1046 3002 1083 :
3031 1041 3208 1098 neque
3238 1034 3421 1081 tamen
3446 1040 3572 1097 per-

2000 1123 2425 1179 mittitwdomum
2472 1122 2707 1189 exstrui,
2742 1136 2852 1178 non
2885 1135 3028 1191 opus
3071 1134 3194 1174 esse
3243 1117 3356 1173 Deo
3384 1117 3573 1174 dicens

1998 1213 2164 1269 domo
2202 1212 2476 1279 sensibili,
2513 1213 2600 1267 vel
2641 1227 2712 1268 ex
2763 1208 3082 1266 inanimatis
3131 1206 3405 1279 lapidibus
3448 1220 3573 1261 con-

1999 1304 2291 1372 struenda;
2322 1302 2417 1359 sed
2442 1303 2489 1360 si
2516 1318 2657 1374 opus
2677 1308 2828 1358 esset
2852 1301 3021 1356 Deum
3050 1299 3105 1354 in
3133 1310 3276 1355 terra
3300 1298 3572 1364 habitare,

1998 1410 2064 1451 ex
2093 1393 2267 1466 ipsius
2298 1394 2465 1450 David
2499 1393 3097 1465 semineproditurum
3123 1406 3268 1454 esse,
3292 1390 3388 1460 qui
3416 1404 3572 1446 suam

1998 1488 2257 1545 deitatem
2290 1488 2601 1558 exoiperct,~
2619 1487 2825 1558 quique
2858 1499 3073 1542 sacram
3100 1483 3322 1539 domum
3353 1489 3408 1538 et
3432 1491 3571 1539 tem-

1996 1580 2144 1652 plum
2173 1587 2424 1636 sanctum
2454 1578 2568 1635 Deo
2595 1580 2830 1650 dignum
2860 1583 3189 1640 exstrueret,
3224 1576 3386 1647 cujus
3413 1575 3570 1633 thro-

1998 1689 2103 1730 nus
2132 1689 2229 1746 per
2267 1688 2432 1728 omne
2459 1674 2719 1729 saeculum
2749 1674 3050 1729 duraturus
3076 1680 3242 1729 esset.
3279 1670 3570 1742 Signiﬁca—

2000 1763 2097 1819 bat
2137 1770 2319 1819 autem
2355 1762 2638 1819 Christum
2668 1778 2828 1819 suum
2859 1778 2927 1819 ex
2961 1761 3171 1820 semine
3219 1758 3439 1817 Davidis
3486 1774 3571 1816 se-

2000 1853 2239 1910 cundum
2274 1869 2494 1910 carnem
2531 1855 2823 1921 oriturum,
2862 1860 2918 1909 et
2955 1851 3254 1908 Ecclesiam
3285 1853 3355 1907 ab
3381 1865 3448 1907 eo
3479 1865 3571 1923 per

2000 1954 2176 2002 totum
2213 1945 2401 2002 orbem
2434 1944 2898 2002 constituendam.
2932 1943 3091 2011 Quod
3130 1952 3311 2000 autem
3357 1944 3474 2000 haec
3499 1944 3571 1999 ita

2001 2052 2062 2094 se
2113 2036 2397 2101 haberent,
2444 2035 2756 2108 Regnorum
2790 2036 3076 2108 Scriptura
3123 2036 3295 2092 docet
3329 2034 3435 2091 hoc
3476 2049 3572 2106 pa-

1999 2136 2127 2186 cto:
2154 2128 2381 2185 Factum
2406 2139 2486 2185 est
2523 2138 2699 2184 autem
2740 2126 3086 2184 cumasederet
3128 2127 3301 2183 David
3337 2129 3393 2182 in
3417 2126 3573 2182 domo

2000 2239 2119 2289 sua,
2153 2232 2215 2278 ει·
2236 2222 2497 2278 Dominus
2524 2222 2907 2292 possessionem
2930 2222 2980 2276 ei
3012 2220 3240 2277 dedisset
3263 2221 3318 2275 in
3346 2220 3573 2275 circuitu

2001 2315 2066 2369 ab
2095 2314 2335 2370 omnibus
2366 2315 2598 2370 inimicis
2630 2315 2775 2376 suis;
2816 2314 2952 2369 dixit
2985 2329 3078 2369 rex
3102 2316 3172 2368 ad
3196 2312 3418 2369 Natltan
3444 2327 3572 2379 pro-

1998 2406 2208 2477 phetam
2239 2422 2257 2460 :
2286 2404 2420 2479 Ecce
2458 2423 2551 2478 ego
2594 2406 2772 2461 habito
2804 2407 2859 2461 in
2886 2406 3041 2461 domo
3077 2405 3313 2473 cedrina,
3347 2414 3397 2460 et
3447 2421 3572 2459 arca

2000 2497 2100 2553 Dei
2130 2497 2272 2553 sedet
2297 2498 2354 2551 in
2381 2499 2551 2553 medio
2581 2497 2943 2561 tabernaculi;
2967 2504 3079 2559 aut,
3114 2498 3171 2552 in
3205 2496 3375 2551 medio
3398 2496 3572 2566 pellis.

2000 2597 2061 2643 ut
2102 2587 2368 2644 Hebraica
2405 2589 2567 2645 lectio
2607 2586 2900 2659 signiﬁcat.
2952 2585 3019 2641 Et
3069 2588 3208 2642 dixit
3242 2587 3461 2641 Ναιίιιιιι
3504 2588 3572 2641 ad

1999 2696 2190 2751 regem,
2235 2679 2430 2735 Omnia
2466 2696 2584 2751 qute
2630 2688 2752 2735 sunt
2778 2683 2833 2732 in
2881 2678 3036 2733 corde
3074 2688 3165 2734 tuo
3207 2677 3336 2734 vade
3376 2687 3426 2733 et
3461 2679 3572 2748 fac,

1998 2773 2123 2843 quia
2142 2772 2397 2828 Dominus
2436 2782 2605 2828 tecum
2631 2783 2730 2829 est.
2776 2771 2842 2825 Et
2862 2770 3062 2841 factum
3091 2781 3167 2826 est
3199 2772 3253 2826 in
3280 2781 3430 2827 nocte
3453 2770 3572 2834 illa,

1998 2876 2048 2922 et
2098 2865 2297 2945 factum
2331 2877 2409 2922 est
2449 2866 2660 2922 verbum
2702 2865 2919 2921 Domini
2970 2864 3039 2920 ad
3088 2864 3309 2920 Natltan
3352 2864 3529 2920 dicens
3556 2906 3569 2919 .

2008 2958 2249 3031 Vadead
2279 2976 2483 3015 servum
2512 2974 2682 3014 meum
2708 2956 2902 3023 David,
2920 2967 2980 3031 let
3000 2957 3087 3013 dic
3114 2973 3134 3011 :
3165 2957 3291 3014 Hac
3320 2958 3448 3013 dicit
3473 2957 3569 3014 Do-

1998 3052 2194 3125 minus,
2232 3050 2354 3106 Non
2385 3060 2441 3105 tu
2466 3050 2757 3121 wdiﬁcabis
2797 3051 2928 3105 mihi
2964 3056 3179 3106 domum
3227 3049 3297 3105 ad
3325 3050 3582 3106 habitanJ

1999 3142 2125 3198 dum
2149 3160 2168 3198 :
2192 3146 2321 3217 quia
2345 3144 2712 3219 nonltabitavi
2737 3144 2793 3199 in
2819 3142 2975 3198 domo
2995 3161 3027 3198 a
3055 3143 3141 3199 die
3163 3142 3259 3198 illa
3279 3159 3385 3215 qua
3414 3142 3570 3199 eduxi

2000 3238 2140 3307 ﬁlios
2192 3236 2367 3293 Israel
2415 3252 2481 3292 ea:
2530 3235 2782 3307 (Egypto,
2821 3252 2999 3307 usque.
3028 3237 3083 3291 in
3128 3234 3269 3291 diem
3318 3236 3494 3290 hanc:
3525 3247 3572 3292 et

2001 3324 2339 3381 ambulabam
2369 3326 2423 3380 in
2451 3325 2737 3381 diversorio
2765 3334 2814 3381 et
2836 3326 2890 3380 in
2917 3324 3253 3381 tabernaculo
3279 3327 3335 3382 in
3373 3328 3573 3383 cunctis

2003 3420 2133 3475 locis
2159 3402 2258 3489 per
2284 3435 2404 3489 qua:
2432 3419 2651 3474 transivi
2682 3435 2799 3473 cum
2843 3419 2986 3473 omni
3027 3417 3239 3484 Israel;
3286 3419 3335 3473 si
3360 3418 3573 3490 loquens

2002 3512 2205 3567 locutus
2230 3527 2345 3566 sum
2368 3510 2438 3565 ad
2471 3527 2633 3566 unam
2658 3511 2850 3567 tribum
2892 3511 3084 3575 Israel,
3121 3511 3208 3565 cui
3231 3511 3452 3580 pracepi
3477 3525 3567 3580 pa-

1999 3621 2140 3661 scere
2157 3604 2408 3676 populum
2434 3620 2604 3659 meum
2638 3603 2812 3677 Israel
2830 3603 3008 3659 dicens
3029 3619 3049 3658 :
3079 3601 3256 3669 Quare
3276 3618 3381 3656 non
3402 3601 3567 3672 adiﬁ-

1999 3694 2163 3749 castis
2213 3693 2343 3747 mihi
2388 3692 2603 3749 domum
2646 3693 2959 3751 cedrinam?
3009 3692 3079 3748 Et
3128 3710 3266 3749 nunc
3284 3694 3396 3749 [uec
3431 3692 3572 3748 dices

2001 3801 2148 3840 servo
2194 3784 2508 3840 meoDam’d
2541 3800 2560 3839 :
2590 3784 2721 3841 Hac
2765 3784 2894 3840 dicit
2928 3785 3185 3842 Dominus
3221 3786 3571 3857 omnipotens,

2003 3877 2116 3951 Ego
2141 3879 2240 3933 tuli
2277 3888 2326 3934 te
2352 3893 2419 3933 ea:
2456 3877 2582 3955 ovili
2608 3889 2906 3951 sequentem
2928 3895 3068 3943 oves,
3123 3887 3183 3933 ut
3220 3895 3359 3935 esses
3389 3879 3444 3935 in
3471 3878 3571 3934 du-

2001 3986 2112 4025 cem
2149 3968 2343 4037 Israel,
2383 3979 2433 4025 et
2472 3986 2619 4026 eram
2673 3980 2841 4026 tecum
2893 3973 2950 4025 in
2997 3971 3241 4026 omnibus
3282 3970 3572 4043 ubicunque

2000 4063 2310 4119 ambulabas
2339 4081 2358 4118 :
2399 4073 2449 4118 et
2495 4062 2701 4135 perdidi
2742 4080 2917 4119 omnes
2960 4064 3198 4119 inimicos
3240 4072 3407 4119 tuosa
3440 4062 3573 4133 facit

2004 4167 2118 4223 tua,
2151 4165 2202 4212 et
2234 4156 2335 4227 feci
2362 4165 2410 4211 te
2441 4158 2772 4212 nominatum
2807 4154 3095 4212 secundum
3132 4172 3317 4212 nomen
3356 4171 3566 4227 magno-

2004 4264 2119 4302 rum
2148 4249 2238 4320 qui
2273 4250 2478 4303 suntin
2519 4257 2681 4304 terra.
2709 4246 2777 4302 Et
2801 4263 2993 4316 ponam
3022 4247 3196 4302 locum
3233 4246 3423 4316 populo
3462 4262 3574 4301 meo

2004 4339 2199 4408 Israel,
2242 4349 2292 4395 et
2324 4339 2575 4410 plantabo
2614 4355 2733 4394 eum
2781 4349 2829 4393 et
2865 4338 3124 4393 habitabit
3151 4354 3243 4408 per
3284 4353 3358 4401 se,
3389 4346 3439 4391 et
3470 4353 3573 4392 non

2002 4432 2265 4489 sollicitus
2293 4432 2393 4486 erit
2425 4430 2652 4502 amplius
2677 4444 2695 4484 :
2718 4438 2768 4484 et
2796 4446 2900 4483 non
2930 4429 3088 4483 addet
3116 4428 3262 4499 [ilius
3278 4429 3572 4500 iniquitatis

333 4515 608 4586 Ἰσραὴλ,
639 4517 738 4572 καί
765 4517 928 4588 ἤμην
952 4518 1105 4588 μετὰ
1129 4520 1246 4575 σοῦ
1281 4521 1352 4576 ἐν
1391 4522 1581 4578 πᾶσιν
1625 4523 1716 4592 οἷς
1760 4526 1893 4581 ἐπο-

2001 4522 2280 4577 ltumiliare
2313 4523 2482 4590 ipsum
2529 4521 2666 4576 sicut
2707 4536 2740 4572 a
2778 4519 3058 4588 principio,
3103 4535 3136 4572 a
3171 4518 3355 4574 diebus
3386 4520 3574 4592 quibus

312 4608 503 4678 ρεύου
528 4624 542 4639 ·
594 4609 691 4663 καὶ
727 4609 1146 4679 ἐεωλόθρευσα
1188 4610 1420 4681 πάντας
1465 4615 1606 4683 τοὺς
1653 4617 1906 4688 ἐχθρούς

320 4716 443 4754 σου
474 4700 593 4756 ἀπὸ
621 4701 944 4770 προσώπου
968 4708 1119 4757 σουο
1164 4703 1263 4758 καὶ
1294 4706 1555 4777 ἐποίησά
1581 4723 1656 4764 σε
1687 4712 1903 4782 ὀνομα-

321 4792 480 4847 στὸν
524 4793 672 4847 κατὰ
723 4793 792 4849 τὸ
836 4793 1024 4864 ὄνομα
1056 4793 1175 4850 τῶν
1203 4796 1489 4868 μεγάλων
1520 4801 1639 4857 τῶν
1667 4802 1766 4857 ἐπὶ
1795 4801 1904 4874 τῆς

321 4884 613 4955 τῆς...Καί
655 4884 914 4955 θήσομαι
949 4887 1140 4941 τόπον
1180 4887 1262 4954 τῷ
1301 4888 1429 4956 λαῷ
1469 4910 1589 4962 μου
1633 4895 1921 4971 Ἰσραὴλ,⁸

323 4975 428 5031 καί
476 4978 905 5046 καταφυτεύσω
936 4977 1123 5033 αὐτὸν
1156 4979 1257 5037 καὶ
1284 4986 1737 5054 κατασκηνώσει
1770 4991 1902 5045 καθ’

322 5067 573 5123 ἑαυτόν*
604 5068 701 5121 καί
723 5070 796 5123 οὐ
818 5069 1171 5140 μεριμνήσει
1185 5072 1405 5139 οὐκέτι,
1420 5076 1519 5130 καί
1547 5079 1620 5132 οὐ
1644 5072 1913 5150 προσθήέ

321 5175 423 5215 σει
465 5160 597 5227 υιὸς
636 5158 872 5228 ἀδικίας
914 5161 1020 5217 τοῦ
1060 5164 1422 5221 ταπεινῶσαι
1474 5170 1662 5224 αὐτὸν
1707 5172 1903 5240 καθὼς

320 5250 428 5306 ἀπ’
461 5248 652 5321 ἀρχῆς
675 5251 796 5307 ἀπὸ
830 5251 952 5329 ζῶν
978 5253 1235 5325 ἡμερῶν,
1253 5251 1342 5312 ὧν
1365 5259 1550 5326 ἔταξα
1579 5264 1780 5332 κριτὰς
1800 5265 1901 5320 ἐπὶ

237 5380 245 5395 .
320 5341 434 5396 τὸν
481 5342 638 5397 λαόν
673 5360 793 5412 μου
830 5343 1076 5413 Ἰσραήλ
1091 5362 1105 5377 σ
1145 5347 1244 5401 καί
1285 5348 1616 5407 ἀναπαύσω
1662 5370 1737 5409 σε
1782 5356 1903 5412 ἀπὸ

323 5431 571 5488 πάντων
599 5433 719 5488 τῶν
742 5433 971 5519 ἐχθρῶν
1001 5451 1138 5491 σου.
1169 5437 1277 5492 Καὶ
1296 5441 1625 5513 ἀπαγγελεῖ
1665 5462 1763 5500 σοι
1794 5449 1905 5503 Κύ-

314 5541 475 5595 ριος,
496 5524 593 5579 ,ὅτι
617 5520 786 5579 οἷκον
805 5524 1221 5596 οἱκοδομήσεις
1245 5530 1425 5599 αὐτῷ.
1443 5536 1551 5591 Kal
1577 5535 1768 5603 ἔσται,
1791 5538 1902 5593 ἐὰν

325 5614 726 5685 πληρωθῶσιν
754 5619 817 5672 al
845 5616 1055 5687 ἡμέραι
1095 5634 1232 5688 σου,
1266 5622 1372 5676 καὶ
1396 5624 1733 5699 κοιμηθήσῃ
1752 5630 1901 5700 μετὰ

408 5798 451 5831 ³⁵
487 5797 631 5855 Psul.
667 5816 859 5857 cum.
897 5803 1012 5857 5-5.

2003 4615 2253 4669 constitui
2293 4612 2501 4683 judices
2558 4627 2716 4682 super
2769 4612 3019 4681 populum
3065 4627 3235 4667 meum
3285 4610 3499 4669 Israel:
3526 4624 3574 4669 et

2004 4707 2233 4779 requiem
2267 4705 2404 4760 dabo
2444 4706 2539 4759 tibi
2570 4704 2634 4759 ab
2677 4704 2919 4759 omnibus
2955 4704 3182 4758 inimicis
3216 4705 3343 4761 tuis.
3387 4704 3456 4760 Et
3486 4723 3567 4762 an-

2001 4800 2265 4855 nuntiabit
2308 4798 2402 4853 tibi
2447 4798 2726 4861 Dominus,
2762 4805 2818 4850 ut
2842 4794 3057 4850 domum
3090 4796 3319 4867 a’diﬁces
3347 4799 3470 4868 ipsi.
3507 4797 3575 4854 Et

2002 4893 2125 4959 erit,
2155 4908 2271 4947 cum
2316 4891 2516 4960 impleti
2543 4888 2739 4959 fuerim
2776 4886 2887 4943 dies
2916 4889 3017 4954 tui,
3059 4897 3109 4943 et
3137 4889 3419 4946 dormieris
3457 4906 3579 4949 cum

2003 4985 2247 5059 patribus
2280 4985 2408 5048 tuis,
2435 4993 2484 5039 et
2506 4980 2771 5037 suscitabo
2807 4996 2983 5036 semen
3023 4992 3170 5035 tuum
3194 4992 3310 5052 post
3342 4992 3412 5048 te,
3438 4982 3579 5055 quod

2002 5079 2102 5133 erit
2134 5078 2187 5131 in
2231 5085 2404 5132 uentre
2435 5084 2544 5139 tuo,
2570 5085 2619 5130 et
2653 5072 2962 5143 prteparabo
3006 5090 3219 5145 regnum
3252 5083 3418 5130 tuum.
3458 5073 3581 5143 Ipse

2005 5168 2292 5238 adiﬁcabit
2320 5165 2705 5230 miltixdomum,
2730 5173 2780 5220 et
2804 5164 3003 5236 erigam
3026 5180 3240 5237 regnum
3270 5166 3385 5235 ejus
3419 5180 3580 5235 usque

2008 5261 2079 5315 in.
2111 5259 2386 5316 saeculum.
2435 5256 2563 5329 Ego.
2597 5273 2688 5312 ero
2736 5256 2818 5311 illi
2868 5256 2925 5310 in
2960 5266 3186 5327 patrem,
3239 5269 3290 5312 et
3327 5257 3436 5325 ipse
3475 5256 3579 5310 erit

2008 5353 2150 5408 mihi
2173 5353 2227 5407 in
2264 5351 2459 5422 filium.
2505 5348 2577 5405 Et
2612 5350 2661 5406 si
2702 5349 2900 5405 venerit
2936 5350 3190 5421 iniquitas
3219 5350 3358 5419 ejus,
3387 5356 3438 5403 et
3487 5364 3580 5403 ar-

2006 5460 2166 5517 guam
2202 5459 2319 5498 eum
2349 5444 2419 5497 in.
2446 5443 2594 5514 virga
2638 5443 2892 5511 virorum,
2943 5451 2995 5498 et
3045 5444 3098 5497 in
3127 5440 3297 5511 plagis
3339 5439 3578 5512 filiorum

2006 5537 2297 5593 hominum.
2342 5532 2767 5590 Misericordiam
2799 5544 2974 5589 autem
3010 5547 3179 5586 meam
3200 5546 3304 5585 non
3333 5530 3577 5601 auferam

2007 5631 2073 5685 ab
2103 5647 2184 5696 eo,
2220 5632 2354 5685 sicut
2387 5628 2582 5684 abstuli
2622 5628 2688 5683 ab
2719 5630 2785 5683 iis
2822 5643 2952 5698 quos
2983 5624 3185 5681 abstuli
3216 5641 3250 5678 a
3275 5624 3414 5695 facie
3435 5642 3572 5683 mea.
