3990 6202
444 322 585 378 Ιοῖθ

1144 316 1413 377 EUSEBII
1449 320 1923 383 CESARMSIS
1961 325 2111 385 OPP.
2156 325 2337 382 PARS
2368 323 2453 381 lll.
2497 356 2566 366 -—
2602 322 3015 381 EXEGETICA.

3555 327 3692 384 1080

446 436 519 494 Et
558 437 728 509 ﬁdelis
757 437 857 492 erit
884 439 1072 493 domus
1104 440 1221 508 ejus
1261 450 1310 495 et
1340 443 1556 513 regnum
1599 445 1714 509 eius
1758 462 1920 516 usque
1960 449 2016 501 in

2121 448 2526 518 τῶν-Σπατέρων
2556 463 2694 513 σου,
2727 448 2826 503 καί
2860 448 3187 517 ἀναστήσω
3210 453 3273 506 τὸ
3301 452 3546 522 σπέρμα
3580 468 3696 506 σου

443 529 695 587 circulum
731 530 783 583 in
811 539 1088 598 conspectu
1116 547 1230 586 meo
1255 549 1272 586 :
1296 541 1345 587 et
1378 532 1597 589 thronus
1625 536 1741 606 ejus
1771 541 1874 592 erit
1902 554 2015 593 ere-

445 629 559 675 ctus
590 621 647 675 in
673 620 929 675 arculum
968 620 1256 677 secundum
1305 624 1484 680 cannea
1520 643 1783 684 sermones
1813 629 1929 696 hos,
1963 640 2013 685 et

442 712 739 769 secundum
768 715 1071 770 universam
1117 716 1370 772 visionem
1401 718 1536 775 hanc
1558 722 1624 778 “.
1675 722 1769 779 Sic
1800 725 2014 780 locutus

443 811 529 858 est
571 802 785 858 Nathan
814 801 1028 860 Davidi.
1081 802 1208 860 Haec
1240 821 1407 876 porro
1446 808 1630 863 omnia
1672 810 1726 864 in
1776 811 2013 867 medium

443 892 622 955 attuli,
651 901 712 947 ut
739 892 1101 959 declararem,
1148 910 1272 950 cum
1319 895 1488 951 David
1530 898 1923 954 aediﬁcaturum
1956 915 2016 954 se

441 981 669 1038 domum
692 999 835 1039 arcae
866 982 956 1040 Dei
979 985 1188 1055 primus
1219 988 1584 1057 promisisset,
1600 988 1790 1054 Deum,
1816 1004 2016 1061 appro-

443 1075 574 1133 bata
613 1077 764 1133 illius
796 1077 1019 1147 pietate,
1051 1078 1290 1135 vicissim
1314 1080 1619 1150 pollicitum
1662 1081 1714 1137 ei
1740 1097 1884 1146 esse,
1920 1098 2011 1137 ex-

442 1166 739 1221 citaturum
783 1183 843 1222 se
887 1182 1075 1223 semen
1128 1167 1249 1238 ejus
1301 1183 1445 1233 esse,
1483 1170 1644 1241 cuius
1695 1185 1865 1242 Opera
1909 1170 2014 1226 sibi

441 1259 663 1315 domum
708 1261 972 1317 excitaret
998 1280 1011 1316 :
1035 1267 1092 1316 et
1117 1276 1243 1316 cum
1272 1260 1441 1318 David
1473 1265 1624 1335 prior
1653 1264 1922 1334 iurasset.
1954 1279 2017 1319 se

442 1350 577 1406 nihil
606 1352 757 1407 aliud
786 1362 911 1408 ante
940 1350 1238 1418 facturum,
1269 1369 1433 1424 quam
1468 1356 1771 1413 invenisset
1799 1355 1908 1413 Deo
1935 1358 2016 1412 lo-

441 1457 591 1507 cum,
617 1443 783 1500 Deum
815 1446 1061 1502 vicissim
1087 1447 1310 1516 jurasse
1330 1448 1660 1518 pollicendo,
1690 1458 1741 1504 et
1779 1450 2018 1505 humano

442 1552 562 1593 sese
596 1539 737 1593 mori
777 1548 1169 1610 attemperasse
1205 1539 1262 1594 in
1300 1540 1574 1610 loquendo
1607 1558 1777 1597 :nam
1804 1541 2016 1597 inﬁnita

441 1643 611 1699 prope
638 1630 744 1684 alia
778 1630 834 1685 in
877 1630 1062 1686 divina
1093 1629 1379 1701 Scriptura
1412 1648 1479 1688 ex
1506 1632 1744 1687 humana
1782 1649 2017 1689 consue-

442 1719 632 1776 tudine
657 1730 712 1777 et
750 1723 986 1793 quadam
1021 1723 1299 1793 cogitandi
1325 1723 1538 1780 ratione
1569 1725 1638 1780 de
1681 1724 1791 1781 Deo
1818 1727 2012 1782 dicun-

2117 542 2267 611 μετὰ
2297 539 2392 603 σὲ,
2423 539 2455 593 ὃ
2496 538 2669 593 ἔσται
2689 538 2760 592 ἐν
2786 532 2861 607 τῇ
2888 541 3085 608 κοιλίᾳ
3111 558 3250 608 σου,
3280 543 3381 596 καὶ
3402 540 3698 612 ἑτοιμάσω

2120 632 2237 701 τὴν
2256 632 2582 697 ,ϐασιλείαν
2608 644 2745 685 σου.
2768 630 2961 698 Αὐτὸς
2996 632 3377 703 οἰκοδομήσει
3401 652 3507 704 μοι
3531 630 3699 687 οἷκον

2120 723 2202 790 τῷ
2228 721 2475 793 ὀνόματί
2506 739 2646 791 μου,
2668 721 2767 776 καὶ
2796 722 3116 791 ἀνορθώσω
3136 723 3245 777 τὸν
3264 725 3488 793 θρόνον
3512 722 3702 777 αὐτοῦ

2119 813 2231 881 ἕως
2265 816 2352 880 είς
2385 812 2494 867 τὸν
2514 811 2718 866 αιῶνα.
2737 812 2885 883 Ἐγὼ
2912 815 3124 885 ἔσομαι
3156 813 3316 881 αὐτῷ
3339 817 3430 880 είς
3453 812 3701 881 παι-ἐρα,

2118 907 2220 961 καὶ
2251 908 2435 974 αὐτὸς
2464 906 2635 961 ἔσται
2662 925 2763 978 μοι
2787 909 2876 974 εις
2920 910 3075 962 υἱόν.
3111 908 3221 963 Καὶ
3254 908 3365 962 ἐὰν
3393 909 3552 975 ἔλθῃ
3581 906 3708 961 ἀδι-

2121 998 2222 1052 κία
2262 996 2469 1063 αὐτοῦ,
2498 999 2594 1052 καί
2636 997 2861 1068 ἐλέγξω
2895 1000 3083 1054 αὑτὸν
3118 1000 3188 1053 ἐν
3210 999 3413 1069 ῥάϐδῳ
3440 998 3703 1065 ἀνδρῶν.

2118 1089 2219 1143 καὶ
2266 1090 2338 1143 ἐν
2377 1089 2556 1159 ἀραῖς
2591 1087 2740 1144 υἱῶν
2779 1089 3120 1160 ἀνθρώπων.
3159 1091 3229 1146 Τὸ
3266 1091 3336 1145 δὲ
3377 1092 3561 1157 ἔλεός
3582 1108 3708 1160 μου

2121 1184 2232 1235 οὐκ
2277 1182 2608 1251 ἀποστήσω
2640 1182 2740 1237 ἀπ’
2765 1182 2971 1249 αὐτοῦ,
3014 1182 3208 1249 καθὼς
3235 1181 3563 1250 ἀπέστησα
3603 1182 3708 1250 ἀφ’

2119 1269 2208 1329 ὧν
2235 1275 2555 1344 ἀπέστησα
2581 1276 2651 1330 ἐκ
2682 1275 3005 1346 προσώπου
3026 1294 3168 1346 μου.
3193 1276 3303 1330 Καὶ
3327 1274 3708 1342 πιστευθήσε-

2120 1373 2216 1421 ται
2253 1370 2286 1420 ὀ
2306 1367 2473 1434 οἶκος
2497 1368 2685 1422 αὑτοῦ
2714 1368 2811 1422 καί
2836 1369 2874 1435 ή
2899 1369 3187 1434 βασιλεία
3217 1367 3403 1423 αὐτοῦ
3433 1366 3551 1433 ἕως
3568 1365 3708 1420 alr?»-

2120 1470 2228 1522 νος
2255 1454 2514 1510 ἐνώπιόν
2527 1475 2648 1526 μου
2665 1471 2680 1486 ⁸
2719 1457 2820 1510 καὶ
2858 1461 2890 1511 ό
2914 1458 3129 1526 θρόνος
3154 1456 3340 1511 αὐτοῦ
3372 1456 3547 1510 ἔσται
3595 1456 3708 1509 ἀν-

2121 1545 2466 1615 ωρθωμένος
2493 1549 2581 1614 εὶς
2625 1547 2733 1602 τὸν
2763 1546 2947 1602 αἰῶνα
2984 1549 3133 1602 κατὰ
3158 1547 3389 1613 πάντας
3417 1546 3566 1613 τοὺς
3600 1548 3705 1600 λόν

2122 1655 2266 1709 γους
2291 1644 2560 1705 τούτους,
2584 1640 2691 1694 καί
2728 1639 2879 1694 κατὰ
2913 1639 3122 1695 πᾶσαν
3156 1638 3270 1708 τὴν
3308 1639 3530 1708 ὅρασιν
3563 1639 3705 1692 tm};

2122 1746 2253 1798 την.
2282 1728 2469 1795 Οὕτως
2511 1730 2739 1803 ὲλάλησε
2770 1730 2961 1785 Ναθὰν
2990 1732 3126 1802 πρὸς
3169 1731 3261 1785 τὸν
3302 1730 3485 1784 Δαυῒδ.
3516 1730 3709 1785 Ταῦτα

441 1820 551 1866 tur.
576 1812 791 1880 Quibus
812 1816 887 1869 ita
911 1815 1383 1880 commonstratis,
1401 1816 1514 1887 jam
1542 1825 1712 1874 restat
1735 1826 1793 1873 ut
1818 1818 2011 1889 psalmi

2121 1822 2177 1894 δὴ
2225 1822 2404 1876 πάντα
2446 1822 2785 1895 παρεθέμην,
2828 1824 3175 1897 παραστῆσαι
3225 1824 3575 1895 βουλόμενος,
3606 1822 3706 1885 ὡς,

440 1903 649 1961 dictum
679 1906 1119 1967 consideremus.

2122 1911 2340 1985 πρώτου
2371 1914 2845 1985 ἐπηγγειλαμένου
2871 1914 2966 1968 τοῦ
2993 1914 3155 1969 Δαυῒδ
3176 1911 3324 1969 οἷκον
3356 1913 3709 1968 κατασκευὰ-

442 1995 555 2061 ζειν
587 1999 653 2068 τῇ
704 1997 922 2069 κιϐωτῷ
969 1998 1065 2053 τοῦ
1104 1999 1260 2066 Θεοῦ,
1297 1999 1699 2072 ἀποδεξάμενος
1723 2002 1888 2057 αὑτὸν
1918 2003 2017 2073 τῆς
2054 2003 2333 2069 εὐσεϐείας
2360 2006 2389 2058 ὀ
2429 2005 2581 2070 Θεὸς.
2631 2005 3127 2076 ἁντεπαγγέλλεται
3162 2006 3225 2060 τὸ
3272 2006 3498 2077 σπέρμα
3529 2005 3705 2059 αὐτοῦ

441 2088 785 2161 ἀναστήσειν,
822 2092 917 2145 καὶ
945 2090 1035 2144 διὰ
1062 2091 1251 2145 τούτου
1281 2093 1710 2158 κατασκευάζειν
1743 2092 1922 2165 ἐαυτῷ
1945 2090 2091 2148 οἷκον
2113 2111 2129 2126 ο
2160 2097 2256 2151 καὶ
2292 2096 2369 2160 ὡς
2393 2097 2488 2151 τοῦ
2523 2096 2687 2151 Δαυῒδ
2731 2096 2951 2170 πρώτου
3008 2096 3358 2168 ὀμωμοκότος
3418 2096 3496 2167 μὴ
3566 2096 3710 2166 πρό-

441 2200 596 2255 τερον
620 2184 800 2240 ἄλλοτι
824 2188 1074 2258 ποιήσειν
1092 2188 1187 2243 τοῦ
1209 2190 1375 2244 τόπον
1402 2191 1583 2262 εὑρεῖν
1601 2191 1679 2262 τῷ
1699 2191 1840 2263 Θεῷ,
1860 2191 2165 2263 ἁμοιϐαίως
2189 2195 2284 2248 καὶ
2316 2196 2345 2248 ὀ
2373 2194 2504 2259 Θεὸς
2533 2195 2826 2265 ἀντόμνυσι
2890 2194 2983 2249 διὰ
3039 2196 3143 2264 τῆς
3178 2193 3558 2262 ’ἐπαγγελίαςς
3613 2194 3710 2246 ἀν-

442 2277 857 2353 θρωπινώτερον
906 2281 1357 2351 συγκαταδαίνων
1389 2282 1469 2354 τῷ
1500 2283 1672 2355 λόγῳο
1710 2285 1898 2357 ἐπειδὴ
1932 2286 2025 2339 καὶ
2061 2286 2198 2343 ἄλλα
2227 2288 2397 2359 μυρία
2442 2289 2501 2340 ἐν
2546 2290 2612 2359 τῇ
2659 2288 2780 2359 θεία
2812 2288 3000 2360 Γραφῇ
3067 2284 3515 2358 ἀνθρωποπαθῶς
3575 2266 3711 2355 ’περὶ

440 2369 534 2424 τοῦ
558 2371 695 2425 Θεοῦ
722 2372 969 2427 λέλεκται
1008 2375 1150 2429 κατά
1178 2390 1299 2429 τινα
1352 2376 1648 2448 νοουμένην
1681 2376 1930 2449 θεωρίαν.
1983 2372 2083 2432 Ὧν
2118 2378 2290 2444 οὕτως
2336 2380 2819 2452 ἀποδεδειγμένων,
2883 2379 3074 2450 καιρὸς
3126 2377 3227 2450 ήδη
3261 2380 3355 2433 καὶ
3379 2377 3482 2447 τὴν
3522 2379 3583 2429 ἐν
3627 2375 3709 2445 τῷ

669 2466 815 2532 λέξιν
843 2467 1237 2541 ἐπιθεωρῆσαι.

508 2575 653 2643 Quid
678 2578 782 2634 sibi
807 2580 924 2635 vult
952 2595 1085 2652 ergo
1112 2583 1410 2652 promissio
1437 2582 1569 2639 Dei?
1600 2584 1728 2640 Haec
1750 2584 1860 2640 duo
1882 2600 2017 2656 prae—

440 2671 676 2736 nuntiat,
701 2672 879 2743 primo
910 2688 970 2729 se
1018 2672 1243 2731 Davidis
1282 2691 1471 2731 semen
1512 2676 1568 2731 in
1600 2678 1862 2733 saeculum
1895 2693 2009 2733 ser-

444 2770 736 2833 vaturum;
772 2765 1040 2833 secundo,
1090 2768 1348 2823 thronum
1381 2768 1503 2839 ejus
1528 2769 1924 2825 aediﬁcatur-um
1961 2768 2017 2822 in

442 2859 843 2931 generationem
892 2867 948 2915 et
986 2861 1417 2933 generationem.
1463 2860 1670 2919 Deinde
1721 2863 1849 2933 quia
1901 2861 2017 2916 haec

442 2964 553 3005 non
598 2949 845 3005 sensibili
882 2965 1035 3007 more
1082 2951 1138 3006 in
1163 2958 1333 3016 terra,
1373 2967 1551 3023 neque
1604 2953 1660 3008 in
1702 2967 1875 3025 regno
1914 2952 2017 3005 hu-

442 3054 603 3095 mana
644 3040 862 3096 ratiune
888 3042 1239 3098 considerato
1277 3043 1463 3099 futura
1499 3056 1677 3111 erant,
1711 3046 2015 3115 promisso-

2190 2584 2257 2637 Τί
2297 2584 2481 2638 τοίνυν
2524 2582 2770 2654 βούλεται
2814 2585 2848 2655 ἡ
2892 2582 3191 2654 ἐπαγγελία
3242 2582 3336 2636 τοῦ
3382 2581 3557 2648 θεοῦς
3599 2582 3708 2635 Δύο

2117 2672 2288 2727 ταῦτα
2311 2673 2672 2747 προαγορεύει
2688 2690 2703 2703 ·
2733 2674 2946 2745 πρῶτον
2970 2673 3067 2743 μὲν
3086 2673 3148 2727 τὸ
3170 2673 3390 2745 σπέρμα
3413 2671 3513 2724 τοῦ
3536 2672 3709 2724 Auni?

2117 2763 2223 2828 ἓως
2251 2752 2346 2819 τοῦ
2374 2765 2569 2829 αἰῶνος
2597 2764 2851 2834 φυλάξειν
2869 2780 2883 2792 ·
2913 2764 3166 2837 δεύτερον
3191 2764 3248 2817 δὲ
3271 2764 3362 2816 τὸν
3394 2761 3586 2831 θρόνον
3606 2765 3705 2818 av)-

2115 2857 2211 2911 τοῦ
2244 2858 2618 2929 οἰκοδομήσειν
2647 2860 2728 2921 εἰς
2763 2856 2955 2926 γενεὰν
2978 2856 3075 2910 καὶ
3104 2855 3317 2925 γενεάν.
3340 2852 3455 2908 Εἶτ’
3478 2848 3712 2933 amen;

2120 2967 2227 3023 περ
2246 2949 2445 3021 ἤμελλε
2471 2948 2643 3004 ταῦτα
2672 2949 2750 3021 μὴ
2773 2949 2871 3003 ἐπὶ
2890 2949 2995 3019 γῆς
3022 2948 3295 3021 αἰσθητῶς
3324 2947 3706 3011 συνίστασθαι,

2124 3042 2259 3115 μηδέ
2304 3043 2361 3096 ἐν
2403 3044 2471 3113 τῇ
2516 3041 2655 3095 κατὰ
2699 3041 2983 3112 ἄνθρωπον
3031 3039 3299 3110 βασιλείᾳ,
3325 3040 3406 3102 είς
3436 3040 3706 3111 οὐρανοὺς

441 3148 563 3187 rum
595 3134 1049 3205 complementum
1080 3135 1135 3190 in
1171 3137 1343 3193 caelos
1390 3137 1640 3192 remittit.
1671 3107 2016 3208 Quapropter

2121 3107 2247 3205 ἐξῆς
2272 3107 2584 3205 ἀναπέμπει
2618 3132 2725 3187 τῶν
2756 3107 3101 3201 ἐπαγγελιῶν
3143 3131 3213 3185 τὰ
3254 3107 3703 3202 ἀποτελέσματα.

441 3226 585 3282 sicut
621 3227 876 3297 superius
907 3226 1065 3294 dixit,
1103 3227 1172 3283 In
1219 3229 1349 3284 caelo
1380 3229 1775 3300 prwparabilur
1821 3229 2016 3283 veritas

2117 3229 2195 3280 At‘
2224 3226 2253 3280 ὁ
2275 3225 2464 3299 ὥσπερ
2488 3225 2745 3298 ἀνωτέρω
2776 3225 2976 3297 ἔφησεν
2997 3242 3010 3255 ·
3055 3225 3152 3276 Ἑν
3178 3222 3259 3289 τῷ
3285 3222 3525 3292 cepam?)
3555 3224 3702 3277 ἐτοι-

444 3330 575 3385 ιιια;
609 3319 692 3375 sic
727 3327 852 3392 post
904 3319 999 3376 Dei
1033 3322 1454 3392 promissionem
1477 3322 1590 3393 jam
1624 3318 2016 3390 infert,Conﬁ-

2121 3315 2499 3388 μασθήσεται
2538 3318 2578 3387 ἠ
2624 3317 2875 3386 ἀλήθειά
2910 3333 3047 3381 σου,
3110 3316 3255 3371 οὕτω
3286 3318 3382 3371 καὶ
3415 3317 3511 3372 νῦν
3562 3312 3713 3388 μετὰ

443 3410 691 3468 tebuntur
729 3412 847 3468 certi
880 3413 1152 3481 mirabilia
1204 3423 1319 3479 tua,
1351 3412 1593 3469 Domine.
1647 3412 1843 3495 Neque
1872 3414 2016 3468 enim

441 3501 693 3559 homines
724 3503 817 3574 qui
849 3502 906 3557 in
940 3512 1085 3558 terra
1116 3512 1267 3569 sunt,
1299 3504 1495 3578 inquit,
1541 3504 1845 3575 intelligere
1867 3511 2018 3573 pole-

440 3600 570 3648 runt
626 3607 789 3664 quam
824 3599 1061 3648 mentem
1107 3593 1362 3657 habeant,
1398 3609 1431 3648 o
1464 3592 1713 3659 Domine,
1745 3594 2016 3664 promissa

441 3693 557 3752 tua,
602 3699 703 3740 nec
747 3700 998 3756 quaenam
1046 3686 1157 3740 sint
1208 3686 1654 3757 prophetieorum
1704 3701 2015 3742 sermonum

441 3776 872 3846 complementa;
904 3776 999 3832 sed
1032 3777 1135 3847 ipsi
1185 3778 1311 3832 σαιιί
1358 3777 1635 3842 videlicet,
1686 3784 1743 3832 et
1787 3794 1908 3849 quae
1961 3778 2015 3833 in

442 3866 584 3921 cmlo
622 3874 751 3921 sunt
780 3866 977 3921 divina:
1009 3868 1281 3923 virtutes:
1312 3869 1571 3938 quoniam
1612 3868 1766 3925 cmlis
1809 3884 2020 3938 compe-

446 3959 514 4012 tit
559 3958 832 4015 mirabilia
866 3968 979 4023 tua,
1010 3975 1130 4030 qua:
1169 3960 1223 4014 in
1254 3961 1714 4031 promissionibus
1745 3962 2015 4027 feruntur,

444 4061 702 4103 enarrare
743 4055 798 4102 et
854 4046 1222 4118 interpretari.
1272 4048 1739 4115 Quemadmodum
1774 4050 2015 4105 vicissim

444 4140 728 4197 veritatem
780 4147 969 4205 tuam,
1042 4155 1166 4213 qua
1217 4141 1291 4214 in
1338 4141 1629 4212 promissis
1680 4141 1870 4197 Davidi
1920 4142 2018 4196 da-

445 4234 520 4290 tis
562 4232 914 4298 celebratur,
969 4231 1213 4304 cogitare
1267 4241 1322 4288 et
1372 4231 1663 4288 enuntiare
1711 4248 1819 4288 non
1880 4232 2017 4287 aliu-

444 4340 565 4381 rum
619 4331 759 4391 erat,
803 4340 965 4396 quam
1002 4323 1266 4380 calorum
1322 4330 1554 4389 tantum,
1604 4332 1658 4379 et
1701 4325 2015 4395 angelurum

2115 3410 2215 3482 τὴν
2240 3411 2571 3479 ἐπαγγελίαν
2595 3409 2687 3464 τοῦ
2720 3408 2856 3463 Θεοῦ
2887 3408 3141 3481 ἐπιφέρει
3161 3410 3254 3463 τό·
3301 3408 3671 3479 Ἐξομολογή

2117 3514 2327 3556 σον-ται
2373 3502 2428 3556 οἱ
2482 3503 2721 3572 οὐρανοὶ
2765 3499 2838 3555 τὰ
2879 3499 3181 3572 θαυμάσιοί
3212 3517 3353 3565 σου,
3381 3501 3571 3568 Κύριε.
3613 3498 3695 3554 Οὐ

2116 3595 2226 3667 γὰρ
2272 3595 2320 3649 οἱ
2370 3595 2462 3649 ἐπὶ
2502 3594 2605 3665 γῆς
2645 3594 2941 3667 ἅνθρωποι,
2997 3593 3152 3663 φησὶ,
3204 3593 3514 3665 δυνήσονται
3562 3607 3691 3643 συν-

2119 3686 2285 3752 ιέναι,
2309 3688 2491 3740 ὁποῖον
2520 3684 2655 3741 νοῦν
2687 3684 2927 3757 ἔχουσιν,
2945 3678 2990 3739 ὦ
3018 3684 3208 3756 Κύριε,
3246 3686 3303 3738 αί
3350 3682 3686 3752 ἐπαγγελίαι,

2116 3780 2223 3834 οὐδ⁶
2258 3782 2419 3835 ὁποῖα
2441 3778 2511 3834 τὰ
2534 3780 2952 3851 ἀποτελέσματα
2972 3778 3079 3832 τῶν
3115 3777 3467 3851 προφητικῶν
3487 3774 3711 3846 τυγχά-’

2120 3887 2203 3924 νει.
2228 3869 2436 3943 λόγων·
2467 3868 2583 3923 ἀλλ’
2610 3870 2659 3922 οἱ
2682 3868 2903 3939 οὐρανοὶ
2934 3867 3088 3921 αὐτοὶ
3113 3866 3336 3939 δηλαδὴ,
3360 3866 3455 3919 καὶ
3487 3866 3544 3918 αἱ
3577 3865 3713 3919 arat"

2118 3962 2344 4033 οὐρανὸν
2379 3961 2517 4014 θεῖαι
2543 3961 2820 4031 δυνάμεις·
2846 3961 3035 4032 διόπερ
3059 3962 3171 4022 τοῖς
3188 3959 3438 4030 οὐρανοῖς
3466 3956 3715 4028 ἁρμόζει

2115 4054 2185 4109 τὰ
2231 4054 2508 4125 θαυμάσιά
2552 4068 2647 4105 σου
2688 4052 2755 4106 τὰ
2798 4053 3151 4125 ἐμφερόμενα
3188 4055 3309 4115 ταῖς
3340 4050 3715 4119 ἐπαγγελίαις

2115 4143 2414 4216 διηγεῖσθαι
2457 4141 2551 4197 καὶ
2591 4140 3207 4214 διερμηνεύειν.Ὥσπερ
3243 4139 3407 4219 πάλιν
3430 4138 3532 4208 τὴν
3564 4138 3697 4209 ἁλή-

2117 4236 2266 4290 θειάν
2293 4254 2407 4299 σου,
2436 4236 2535 4308 τὴν
2559 4239 2616 4292 ἐν
2639 4240 2757 4300 ταῖς
2774 4235 2911 4308 πρὸς
2934 4234 3023 4288 τὸν
3053 4233 3214 4287 Δαυῒδ
3240 4229 3595 4301 ἐπαγγελίαις
3619 4230 3700 4283 δε-

2115 4325 2469 4399 δοξασμένην,
2498 4328 2598 4383 οὐκ
2625 4328 2798 4383 ἄλλων
2822 4322 3050 4397 ἧνμοεῖν
3066 4326 3161 4379 καὶ
3182 4320 3487 4395 διηγεῖσθαι
3518 4321 3634 4376 ἀλλ’
3663 4321 3696 4391 ἢ

443 4417 538 4490 qui
578 4417 632 4472 in
656 4417 811 4475 caelis
839 4426 1017 4474 sunt:
1063 4416 1118 4470 bi
1161 4431 1399 4487 namque
1441 4416 1726 4471 veritatem
1771 4426 1918 4471 tuam
1960 4425 2014 4471 et

2124 4421 2301 4490 μόνων
2344 4421 2451 4475 τῶν
2494 4420 2738 4493 οὐρανῶν
2786 4419 2880 4472 καί⁵
2912 4418 3019 4471 τῶν
3048 4419 3104 4470 ἐν
3132 4417 3379 4489 οὐρανοῖς
3412 4413 3715 4482 ἁγγέλων·’

442 4509 716 4565 mirabilia
762 4517 857 4565 tua
891 4510 945 4563 in
979 4508 1223 4564 Ecclesia
1247 4518 1563 4563 sanctorum
1586 4508 2014 4563 conﬁtebuntur.

445 4599 658 4656 Etenim
689 4603 736 4657 si
767 4603 1061 4674 aliquando
1100 4601 1229 4657 talis
1256 4599 1498 4655 Ecclesia
1524 4601 1580 4655 in
1624 4610 1770 4656 terra
1798 4610 2013 4666 exstet,

446 4710 569 4765 quae
614 4694 855 4750 Ecclesia
887 4703 1204 4751 sanctorum
1233 4702 1499 4751 vocetur:
1530 4702 1730 4764 praeter
1758 4693 1860 4750 hos
1888 4709 2018 4749 san-

445 4794 568 4840 ctos
588 4823 604 4850 ,
635 4784 737 4855 ipsi
767 4785 890 4840 caeli
912 4824 929 4849 ,
963 4786 1080 4841 sive
1108 4784 1307 4840 divinae
1330 4785 1593 4848 virtutes,
1621 4784 1737 4840 sive
1764 4786 2018 4840 cmlestes

445 4874 696 4930 homines
720 4914 735 4940 ,
775 4876 1048 4931 mirabilia
1078 4883 1172 4930 tua
1201 4884 1256 4932 et
1285 4876 1566 4931 veritatem
1597 4884 1745 4929 tuam
1764 4916 1778 4941 ,
1808 4891 1930 4946 qua:
1959 4876 2016 4929 in

445 4970 808 5043 praesentibus
847 4972 1135 5041 promissis
1176 4970 1368 5032 fertur,
1400 4971 1826 5025 conﬁtebuntur.
1858 4968 2016 5036 Quod

446 5063 493 5117 si
541 5063 600 5117 in
638 5060 773 5132 ipsis
813 5061 973 5118 caelis
1020 5059 1267 5118 Ecclesia
1302 5061 1554 5133 quaedam
1598 5064 1668 5115 sit
1710 5060 2017 5131 primitivo-

449 5167 569 5208 rum
589 5191 607 5216 ,
642 5151 1045 5223 descriptorum
1078 5153 1136 5208 in
1169 5153 1325 5208 caelis
1347 5192 1361 5217 ,
1393 5167 1458 5209 ea
1487 5151 1672 5207 verius
1704 5159 1758 5205 et
1791 5165 2019 5206 accura-

448 5246 559 5301 tius
586 5242 826 5299 Ecclesia
855 5252 1171 5300 sanctorum
1201 5260 1324 5301 esse
1349 5246 1571 5300 dicatur
1596 5262 1609 5298 :
1676 5242 1729 5296 in
1756 5258 1864 5313 qua
1893 5243 2014 5297 οωιί

452 5338 729 5393 veritatem
777 5336 1177 5409 promissorum
1222 5335 1354 5401 Dei,
1397 5346 1453 5391 et
1499 5335 1773 5390 mirabilia
1803 5336 1858 5388 in
1890 5350 2018 5406 pro-

451 5431 637 5486 missis
693 5429 871 5501 posita
900 5467 917 5495 ,
965 5428 1319 5484 enarrabunt.
1384 5425 1653 5483 Mirabilia
1698 5436 1877 5482 autem
1928 5426 2023 5480 illa

451 5537 574 5591 qua:
622 5520 859 5588 fuerint,
915 5521 1023 5576 nisi
1076 5519 1334 5575 Davidem
1380 5520 1613 5575 electum
1665 5516 1759 5574 Dei
1800 5518 2019 5583 vocari,

453 5627 666 5669 necnon
691 5629 877 5670 semen
903 5614 973 5669 ab
1002 5614 1121 5684 ipso
1151 5613 1490 5684 proditurum
1518 5626 1639 5668 esse
1657 5653 1671 5679 ,
1700 5609 1844 5683 quod
1874 5610 2023 5665 thro-

532 5772 577 5801 “
610 5769 647 5825 ll
682 5770 812 5841 Reg.
847 5787 955 5839 vn,
988 5771 1140 5827 1-17.

2119 4505 2265 4566 οὗτοι
2292 4514 2399 4585 γὰρ
2433 4513 2526 4567 καλ¹
2552 4513 2650 4582 τὴν
2678 4511 2936 4582 ἀλήθειάν
2962 4527 3054 4562 σου
3085 4507 3180 4562 καὶ
3202 4506 3270 4560 τὰ
3298 4505 3579 4577 θαυμάσιά
3607 4521 3697 4557 σου

2118 4606 2176 4657 ἐν
2207 4605 2500 4677 Ἐκκλησία
2526 4606 2695 4674 ἁγίων
2712 4603 3214 4676 ἐξομολογήσονται.
3234 4601 3295 4652 Et
3321 4598 3432 4669 γάρ
3456 4615 3588 4651 ποτε
3617 4595 3700 4665 γέ-

2117 4705 2260 4751 νοιτο
2300 4695 2592 4763 Ἐκκλησία
2616 4714 2700 4761 τις
2729 4694 2949 4766 τοιαύτη
3003 4692 3095 4746 ἐπὶ
3118 4692 3239 4763 γῆς,
3267 4690 3343 4753 ὡς
3367 4689 3544 4758 ἁγίων
3580 4688 3718 4741 Ἐκ-⁴

2119 4788 2345 4859 κλησίαν
2372 4786 2541 4858 αὐτὴν
2570 4786 2950 4857 χρηματίζειν,
2974 4783 3121 4854 παρά
3151 4780 3358 4842 τούτοις
3388 4781 3437 4832 οἱ
3456 4779 3717 4851 οὐρανοὶ,

2115 4881 2228 4934 εἴτε
2258 4877 2513 4951 δυνάμεις
2547 4878 2706 4942 θεῖαι,
2730 4879 2839 4930 εἴτε
2867 4878 2961 4931 καὶ
2984 4875 3224 4948 οὐράνιοι
3240 4872 3453 4942 ἄνδρες,
3477 4873 3549 4922 τὰ
3572 4870 3701 4922 θαυ-

2125 4972 2295 5044 μάσιά
2322 4989 2413 5024 σου
2435 4972 2528 5025 καὶ
2550 4970 2648 5042 τὴν
2680 4969 2934 5042 ἀλήθειάν
2965 4986 3079 5031 σου,
3110 4966 3206 5037 τὴν
3225 4962 3614 5035 ἐμφερομένην
3646 4961 3701 5011 ἐν

2120 5064 2240 5125 ταῖς
2278 5060 2664 5132 προκειμέναις
2709 5059 3080 5129 ἐπαγγελίαις,
3105 5056 3612 5126 ἐξομολογήσονται.
3640 5053 3700 5105 Εἰ

2122 5153 2181 5206 δέ
2214 5155 2329 5206 ἑστι
2382 5154 2475 5207 καὶ
2526 5153 2584 5205 ἐν
2631 5153 2812 5214 αὐτοῖς
2854 5153 2969 5214 τοῖς
2998 5150 3245 5221 οὐρανοῖς
3281 5146 3585 5216 Ἐκκλησία
3618 5161 3700 5207 τις

2126 5244 2481 5316 πρωτοτόκων
2517 5242 3022 5315 ἀπογεγραμμένων
3046 5243 3103 5295 ἐν
3135 5241 3402 5311 οὐρανοῖς,
3438 5236 3698 5309 κυριώτε-

2128 5353 2219 5407 ρον
2267 5337 2359 5390 καὶ
2402 5335 2757 5406 ἀληθέστερον
2802 5333 3015 5404 λεχθείη
3065 5330 3131 5384 ἂν
3177 5329 3359 5399 ἐκείνη
3402 5327 3695 5397 Ἐκκλησία

2129 5429 2297 5497 ἁγίων
2320 5425 2459 5484 εἶναι
2498 5427 2812 5497 Ἐκκλησία,
2843 5427 2900 5479 ἐν
2988 5427 3049 5478 oi.
3068 5423 3287 5495 οὐρανοὶ
3320 5420 3418 5485 τὴν
3438 5418 3695 5491 ἀληθειαν

2127 5519 2235 5574 τῶν
2263 5521 2598 5591 ἐπαγγελιῶν
2628 5519 2719 5574 τοῦ
2748 5518 2885 5572 Θεοῦ
2910 5518 3003 5571 καὶ
3025 5516 3093 5570 τὰ
3118 5513 3393 5585 θαυμάσια
3426 5512 3504 5565 τα
3521 5513 3582 5563 ἐν
3602 5511 3697 5563 αὑ-

2127 5615 2248 5678 ταῖς
2281 5614 2618 5685 ἀποκείμενα
2659 5612 3035 5681 διηγήσονταιι
3056 5606 3342 5679 Θαυμάσια
3374 5603 3430 5657 δὲ
3465 5603 3588 5656 τίνα
3626 5596 3693 5671 ἦν
