3990 6202
276 378 411 436 ιοει

1359 381 1858 441 COMMENTARIA
1893 381 1961 437 ΙΝ
2012 380 2350 438 ΡεΑιιιυδ.

3370 380 3515 437 108‘!

270 494 444 565 ἀλλ’ἢ
472 493 533 549 τὸ
558 494 936 552 ἐκλεκτδντοῦ
976 498 1112 553 Θεοῦ
1141 517 1243 572 χρη
1252 500 1473 572 ματίσαι
1521 502 1613 555 τὸν
1662 501 1841 566 Δαυῒδ,

1946 517 2076 556 num
2123 508 2387 556 aeternum
2431 506 2722 554 na‘cturum
2762 500 2873 567 sit;
2918 506 3082 569 atque
3124 505 3505 555 testamentum

272 587 371 641 καὶ
388 586 451 640 τὸ
480 585 539 652 ἐξ
566 585 730 640 αὐτοῦ
759 588 1010 656 γενέσθαι
1045 591 1266 662 σπέρμα
1287 591 1474 663 θρόνον
1500 592 1718 647 αίώνιον
1745 612 1846 649 κα-

273 676 449 744 θεξον,
477 677 571 731 καὶ⁹
599 676 672 730 τὸ·
686 677 953 750 διαθήκην
980 678 1196 734 αἰώνιον
1217 681 1713 756 διατίθεσθαιπρὺς
1741 686 1843 739 αὐ-

271 767 365 822 τὸν
389 767 480 821 τὸν
502 767 655 833 Θεὸν,
681 769 715 839 ἦ
747 769 1016 841 συνθήκην
1037 771 1174 842 πρὸς
1194 772 1357 825 αὐτόν
1381 773 1670 842 γενέσθαι;
1702 774 1844 828 οὕτω

272 860 384 933 γὰρ
416 862 451 914 δ
480 860 709 925 Ἀκύλας
748 863 843 916 καὶ⁸
874 863 1175 935 Σύμμαχος
1211 866 1583 938 ἡρμήνευσαν,
1624 868 1851 937 συνθήο

272 971 397 1023 rem
431 954 553 1008 ἀντὶ
590 950 851 1026 διαθήκης
879 958 1180 1027 εἰρηκότες.
1206 958 1531 1030 Θαυμάσιον.⁴
1557 956 1625 1031 ἦν
1663 961 1754 1014 καὶ
1784 961 1858 1015 τδ-

272 1042 502 1114 όμνύναι
539 1044 630 1096 τὸν
657 1042 790 1097 Θεὸν
827 1046 1098 1117 ἀνθρώπῳ
1131 1050 1225 1103 καὶ
1254 1050 1315 1103 τὸ
1340 1050 1570 1120 φάσκειν
1593 1052 1731 1124 πρὸς
1752 1052 1859 1106 τὸν-

272 1133 435 1187 αὑτόν
451 1150 469 1183 °.
496 1136 643 1202 Ἕως
672 1136 778 1190 τοῦ
805 1136 1019 1204 αἰῶνος
1039 1140 1331 1211 ἑτοιμάσω
1360 1144 1425 1196 τὸ
1447 1142 1684 1213 σπέρμα
1701 1158 1839 1208 σου,

273 1226 417 1280 κατὰ
439 1226 530 1280 τὸν
560 1227 853 1300 Σύμμαχον
869 1246 885 1263 ο
908 1232 1017 1286 Καὶ
1060 1233 1430 1304 οἰκοδομήσω
1460 1238 1547 1302 είς
1577 1235 1859 1303 ἑκάστην

270 1316 486 1384 γενεὰν
506 1314 616 1370 τὸν
639 1319 856 1386 θρόνον
884 1336 1038 1387 σου,.
1059 1322 1198 1376 κατὰ
1222 1321 1314 1376 τὸν
1344 1325 1526 1379 αὐτόν.
1550 1325 1622 1379 Τὸ
1646 1325 1702 1378 δὲ
1726 1328 1850 1397 μετα

270 1407 366 1473 ζον
396 1410 648 1464 ἁπάντων
679 1410 862 1481 θαῦμα
883 1411 1040 1467 τοῦτο
1071 1410 1159 1486 ἦν.
1184 1415 1246 1469 τὸ
1272 1415 1499 1471 τοιαῦτα
1516 1417 1851 1487 ἑπαγγελλό-’

271 1518 435 1574 μενον
464 1501 557 1554 τδν
578 1502 708 1556 Θεὸν
729 1502 878 1574 ὅρκῳ
906 1504 1076 1559 ταῦτα
1097 1506 1592 1579 ἐπισφραγίσασθαι
1616 1526 1631 1539 ·
1664 1509 1767 1562 καὶ·
1781 1509 1843 1562 τὸ

271 1592 494 1646 πάντων
537 1591 975 1667 θαυμασιώτερον
1001 1595 1066 1649 τί)Δ
1102 1596 1239 1667 μετά
1274 1597 1366 1651 τὸν
1392 1597 1534 1652 θεῖον
1566 1599 1727 1671 ὅρκον
1757 1599 1854 1653 δοα

268 1687 390 1739 κεῖν
417 1687 490 1756 μὴ
509 1685 663 1750 τέλος
683 1688 958 1759 εἰληφέναι
977 1689 1102 1752 τοὺς
1124 1682 1373 1744 τοῦΘεοῦ
1405 1690 1615 1759 λόγους,
1643 1693 1853 1747 τάνανον

266 1776 362 1830 τία
390 1777 449 1830 δὲ
480 1780 545 1850 τῇ
575 1779 889 1850 όρκωμοσίᾳ
924 1774 1214 1851 συμϐῆναι.
1233 1780 1509 1853 Ἐπιφέρει
1532 1781 1662 1851 γοῦν
1690 1782 1837 1852 ἑξῆς,

267 1869 488 1923 ἐναντία
512 1849 633 1935 ταῖς
654 1870 761 1925 τοῦ
774 1849 909 1925 Θεοῦ
936 1849 1288 1943 ἐπαγγελίαις
1311 1849 1485 1945 δηλῶν
1508 1849 1840 1945 συμϐεϐηκές
1871 1849 1913 1904 Β

267 1978 392 2016 ναι·
421 1960 486 2015 δι’
518 1949 555 2015 ὃ.
581 1963 675 2016 καὶ
707 1964 938 2034 μάλιστα
970 1964 1344 2036 ἐκπλήττεται.
1367 1967 1461 2018 καὶ
1507 1965 1773 2037 θαυμάζει
1810 1968 1845 2020 ό

270 2055 563 2126 Προφήτης
581 2070 596 2086 ⁸
628 2056 987 2110 ἀποδυσπετεί
1018 2056 1147 2127 γοῦν
1176 2057 1302 2128 ἑξῆς
1329 2057 1500 2125 λέγων
1519 2076 1533 2089 ο
1557 2058 1683 2112 Ποῦ
1708 2058 1840 2112 ἐστι

267 2149 347 2201 τὰ
369 2148 510 2216 eam
534 2163 651 2203 σου
677 2149 749 2203 τὰ
771 2148 1005 2218 ἀρχαῖα,
1028 2149 1222 2216 Κύριε,
1244 2149 1285 2202 ἂ
1304 2148 1543 2219 ὤμοσας
1566 2148 1646 2215 τῷ
1661 2148 1847 2202 Δαυῒδ

268 2239 346 2292 ἐν
370 2237 443 2308 τῇ
466 2239 717 2308 ἀληθείᾳ
747 2256 896 2305 σου;
935 2240 1072 2293 Ἀλλ’
1091 2240 1490 2309 ἀποθεραπεύει
1518 2239 1615 2310 τὴν
1643 2237 1841 2292 ἑαυτοῦ

269 2331 603 2404 ἀμηχανίαν,
636 2331 895 2402 ἀνωτέρω
926 2331 1024 2403 μὲν
1056 2330 1323 2402 εἰρηκώςο
1372 2331 1474 2385 Ἐν
1509 2329 1631 2396 τοῖς
1670 2331 1842 2397 οὐρα-

269 2421 400 2488 νοῖς
423 2421 914 2491 ἐτοιμασθήσεται
936 2425 975 2492 ἡ
1000 2421 1250 2490 ἀλήθειὰ
1275 2439 1410 2485 σου,
1441 2423 1498 2475 ὲν
1525 2420 1581 2474 δὲ
1606 2422 1717 2485 τοῖς
1745 2438 1840 2492 με-

270 2511 342 2567 τὰ
371 2515 557 2584 χεῖρας
573 2529 597 2544 ι
637 2513 1210 2585 Ἐξομολογήσονται
1246 2518 1300 2570 oi
1331 2513 1572 2583 οὐρανοὶ
1600 2514 1683 2567 τὰι
1706 2518 1840 2569 θαυ-

264 2603 457 2675 μάσιά
490 2620 629 2670 σου,
657 2604 755 2659 καὶ
779 2604 890 2674 γὰρ
916 2605 1030 2674 τὴν
1048 2605 1340 2673 ἀλήθειάν
1361 2621 1478 2660 σου
1511 2606 1582 2660 ἐν
1605 2606 1843 2674 Ἐκκλη-

270 2695 382 2766 ἁίει
412 2697 750 2767 ἁγίωνσὍτι
789 2699 881 2764 τίς
920 2699 989 2752 ἐν
1032 2698 1314 2769 νεφέλαις
1360 2698 1714 2768 ισωθήσεται
1758 2697 1840 2763 τῷ

269 2788 486 2856 Κυρίῳ,
507 2789 934 2859 ὁμοιωθήσεται
979 2788 1060 2854 τῷ
1103 2790 1299 2861 Κιφίῳ
1341 2790 1409 2844 ἐν
1457 2790 1608 2857 υἱοῖς
1656 2790 1802 2845 Θεοῦ
1819 2806 1839 2853 ;

285 2880 430 2933 ’Δντὶ
469 2880 595 2936 τοῦ·
642 2884 712 2936 ἐν
748 2883 1048 2952 νεφέλαις,
1109 2884 1137 2936 ὁ
1188 2882 1481 2954 Σύμμαχός
1529 2899 1683 2953 φησι·
1742 2883 1841 2948 Τίς

270 2970 383 3040 γὰρ
427 2972 498 3025 ἐν
546 2973 767 3040 αὶθέρι;
794 2971 1006 3043 Σφόδρα
1056 2971 1114 3025 δὲ
1157 2971 1462 3035 ἀκολούθως
1499 2973 1744 3044 ἐπήγαγε
1771 2972 1857 3026 τά-

271 3067 608 3139 προκείμενα
631 3071 744 3132 τοῑς
763 3066 1105 3139 προλεχθεῖσι
1130 3084 1144 3097 ο
1183 3065 1416 3139 τὴνογάρ
1441 3064 1697 3137 ἀλήθειάν
1723 3083 1836 3128 σου,

1942 600 2206 648 aeternum
2228 631 2244 657 ,
2278 593 2394 647 sive
2422 594 2642 662 pactum
2674 592 2742 645 ab
2771 592 2864 659 illo
2893 607 3017 646 cum
3053 590 3509 662 Deopercussum

1944 684 2161 740 fuisse?
2180 683 2262 738 sic
2284 684 2429 738 enim
2460 681 2653 752 Aquila
2682 695 2735 738 et
2767 680 3126 754 Symmachus
3169 669 3505 752 interpretati

1943 785 2107 838 sunt,
2136 776 2231 845 qui
2265 786 2475 843 pactum
2516 790 2614 845 pro
2642 781 2974 829 testamento
3019 772 3294 829 dixerunt.
3342 773 3505 827 Mira-

1943 869 2051 924 bile
2078 883 2297 939 quoque
2321 876 2439 922 erat
2458 870 2646 938 jurare
2678 865 2845 921 Deum
2890 865 3135 928 homini,
3171 866 3382 935 ipsique
3418 864 3505 919 di-

1942 975 2097 1024 cere,
2127 959 2300 1030 Usque
2322 961 2377 1013 in
2399 970 2650 1016 internum
2673 957 2987 1029 pra’parabo
3010 974 3179 1011 semen
3209 967 3356 1011 tuum
3374 997 3388 1022 ,
3418 973 3506 1013 se-

1942 1053 2178 1108 cundum
2210 1051 2592 1123 Symmachum
2619 1069 2633 1106 :
2668 1050 2736 1104 Et
2768 1051 3039 1120 wdiﬁcab’o
3080 1051 3132 1104 in
3162 1066 3506 1120 unamquam-

1940 1160 2039 1215 que
2055 1144 2439 1215 generationem
2457 1144 2699 1197 thronum
2722 1152 2865 1195 tuum
2882 1184 2897 1209 ,
2910 1144 3213 1197 Secundum
3231 1140 3500 1197 eumdem.

1940 1236 2008 1289 At
2025 1235 2320 1290 maximum
2340 1234 2583 1291 omnium
2607 1233 2925 1289 miraculum
2945 1232 3075 1288 illud
3093 1241 3229 1298 erat,
3254 1233 3504 1288 videlicet

1942 1327 2056 1382 haec
2072 1327 2369 1398 pollicitum
2393 1326 2560 1383 Deum
2580 1367 2595 1391 ,
2610 1327 2922 1397 iuramento
2934 1324 3123 1380 eadem
3141 1325 3459 1396 obsignasse
3480 1345 3498 1379 :

1941 1435 2129 1475 verum
2173 1420 2319 1491 quod
2348 1420 2594 1475 omnium
2623 1418 2848 1473 omnino
2882 1416 3351 1473 mirabilisslmum
3382 1425 3501 1483 est,

1940 1511 2037 1568 Dei
2063 1527 2375 1574 sermones,
2407 1526 2548 1583 quos
2572 1511 2791 1581 iuratus
2824 1508 3158 1579 protulerat,
3190 1523 3299 1563 non
3329 1506 3396 1562 ad
3423 1507 3503 1563 ef-

1940 1603 2141 1660 fectum
2186 1604 2453 1660 deductos
2500 1619 2666 1669 esse;
2715 1602 2809 1658 sed
2858 1601 3187 1670 iuramentis
3228 1600 3502 1655 contraria

1939 1698 2186 1753 evenisse
2228 1696 2421 1753 videri.
2466 1695 2601 1749 Nam
2646 1694 2839 1750 deinde
2881 1694 3088 1765 pergin,
3135 1694 3334 1750 divinis
3376 1708 3503 1764 pro-

1941 1789 2130 1845 missis
2162 1791 2408 1860 opposlta
2432 1787 2729 1858 contigisse
2757 1800 2990 1842 narrans
3017 1805 3029 1841 :
3060 1800 3293 1855 quorum
3324 1786 3513 1839 maxi-’

1940 1894 2025 1934 nte
2046 1894 2211 1935 causa
2232 1878 2568 1947 obstupescit
2590 1878 2924 1946 miraturque
2945 1875 3213 1947 Propheta
3229 1914 3244 1939 ,
3267 1882 3321 1930 et
3344 1875 3513 1946 quasi‘

1938 1986 2052 2027 rem
2081 1987 2224 2043 aegre
2254 1969 2432 2026 ferens
2460 1972 2533 2024 ait
2562 1989 2574 2025 :
2605 1969 2705 2023 Ubi
2735 1978 2857 2023 sunt
2884 1968 3259 2023 misericordia:
3286 1977 3390 2022 tua:
3416 1984 3511 2020 οη·-

1939 2061 2130 2131 ιεηιιω,
2162 2061 2415 2126 Domine,
2445 2076 2579 2129 quas
2601 2058 2804 2129 jurain
2829 2058 3002 2113 David
3046 2060 3101 2112 in
3127 2059 3344 2113 veritate
3371 2060 3515 2112 tua?

1939 2150 2013 2206 At»
2035 2153 2299 2223 angustis:
2328 2168 2442 2209 sua:
2467 2152 2729 2207 medelam
2766 2150 3042 2214 adhibuit,
3088 2159 3199 2205 tum
3247 2150 3503 2220 superius

1938 2259 2064 2299 cum
2103 2244 2345 2308 diceret,
2401 2244 2467 2299 In
2518 2243 2661 2299 caelis
2702 2238 3092 2314 prwparabitur
3132 2244 3324 2298 veritas
3367 2252 3503 2306 tua;

1941 2340 2053 2389 tum
2100 2335 2154 2388 in
2194 2333 2281 2389 his
2324 2324 2444 2404 quae
2489 2343 2792 2391 tractamus
2830 2335 3053 2399 dicens,
3104 2332 3505 2404 Conﬁtebuntur

1938 2423 2054 2477 αειὶ
2084 2421 2352 2476 mirabilia
2384 2432 2475 2477 tua
2494 2463 2508 2485 ,
2537 2426 2728 2478 etenim
2757 2425 3030 2479 veritatem
3061 2432 3206 2477 tuam
3232 2426 3285 2478 in
3314 2424 3502 2478 Eccle-

1938 2516 2021 2569 sia
2073 2525 2399 2569 sanctorum.
2420 2513 2677 2591 —}’sns.
2733 2516 2785 2571 7.
2834 2515 3096 2581 Quoniam
3128 2515 3243 2586 quis
3275 2516 3330 2568 in
3351 2500 3503 2568 nubi-

1940 2605 2034 2659 bus
2066 2604 2360 2671 trquabitur
2386 2604 2611 2661 Domino
2636 2645 2651 2669 ,
2683 2606 2872 2662 similis
2900 2608 3001 2661 erit
3030 2606 3255 2660 Domino
3287 2607 3341 2659 in
3373 2605 3501 2675 ﬁliis

1943 2696 2037 2751 Dei
2065 2699 2090 2753 .’
2116 2696 2223 2752 Pro
2251 2696 2379 2762 illo,
2407 2697 2462 2750 in
2509 2697 2733 2752 nubibus
2752 2738 2767 2761 ,
2813 2697 3173 2770 Symmachus
3217 2696 3330 2760 ait,
3368 2696 3501 2763 Quis

1937 2791 2077 2847 enim
2118 2790 2460 2846 incaluere?
2501 2789 2805 2844 Admodum
2847 2800 3211 2861 congruenter
3242 2788 3356 2843 haec
3385 2788 3499 2859 jam

1938 2880 2236 2952 praemissis
2269 2879 2509 2950 adiecit:
2545 2882 2828 2936 veritatem
2867 2881 3011 2935 enim
3054 2888 3237 2944 tuam,
3283 2880 3519 2950 inquit,“

1938 2982 1995 3030 et
2036 2973 2309 3029 mirabilia
2357 2981 2450 3027 tua
2494 2973 2710 3028 etiamsi
2752 2972 3001 3028 homines
3046 2972 3347 3044 intelligere
3388 2968 3520 3026 non’

1938 3066 2194 3133 valeant;
2227 3080 2333 3136 qua
2381 3064 2451 3121 de
2476 3078 2647 3120 causa
2672 3064 2897 3143 jamjam
2931 3052 3185 3120 dicturus
3207 3080 3327 3120 sum
3351 3106 3364 3131 ,
3402 3061 3524 3118 Ubi'

268 3159 431 3229 φησι,
454 3158 547 3213 καὶ⁸
570 3159 639 3212 τὰ
662 3157 939 3229 Θαυμάσιά
969 3173 1085 3220 σου,
1113 3156 1161 3208 εἰ
1189 3157 1282 3209 καὶ
1311 3155 1385 3226 μὴ
1412 3154 1688 3226 ἄνθρωποι
1716 3172 1837 3210 συν-

1939 3168 2061 3214 sunt
2099 3156 2478 3213 misericordia:
2519 3166 2624 3211 tua:
2662 3158 2896 3227 antiqua?
2917 3199 2932 3223 ,
2964 3154 3223 3220 Domine,
3253 3173 3385 3225 quas
3407 3156 3503 3227 ju-

270 3250 723 3306 εἶναιςδῦνανταιο
753 3249 820 3302 δι’
849 3249 880 3302 ὃ
925 3248 1102 3321 μέλλω
1141 3246 1318 3317 λέγειν
1351 3246 1544 3319 μικρδν
1575 3246 1834 3319 ὕστερον·

272 3340 398 3396 Ποῦ
418 3339 548 3394 ἐστι
574 3340 645 3394 τὰ
663 3338 805 3408 eun
834 3354 955 3393 σου
976 3340 1049 3391 τὰ
1068 3337 1305 3407 ἀρχαῖα,
1325 3336 1521 3405 Κύριε,
1540 3334 1578 3389 ἃ
1598 3334 1841 3404 ὤμοσας

270 3433 351 3499 τῷ
375 3432 583 3494 Δωυτδε
623 3432 761 3486 Ἀλλ’
785 3432 1001 3504 οὐρανοὶ
1032 3431 1379 3502 διηγήσονται
1419 3431 1515 3483 καὶ
1546 3429 1841 3501 Ἐκκλησία

273 3524 445 3594 ἁγίων
487 3524 847 3595 μαρτυρήσει,
878 3523 958 3577 ὅτι
1009 3522 1173 3594 μηδὲν
1202 3513 1278 3574 ὧν
1304 3520 1526 3591 ὤμοσας
1551 3518 1628 3590 τῷ
1654 3519 1835 3582 Δαυῒδ,

269 3617 625 3679 διαπεσεῖται,
656 3616 777 3669 οὐδὲ
804 3614 1093 3685 ψεύσονταί
1125 3630 1217 3667 σου
1250 3613 1305 3667 αἱ
1335 3613 1692 3682 ἐπαγγελίαν
1721 3612 1840 3666 ἁδύ-

271 3725 435 3763 νατον
455 3710 566 3780 γάρ
600 3710 713 3762 ἐστι
744 3709 805 3762 τὸ
833 3708 892 3761 σὲ
921 3706 1248 3779 ψεύσασθαι.
1280 3707 1376 3770 Τίς
1404 3706 1512 3778 γάρ
1535 3722 1618 3759 σοι
1644 3704 1835 3772 ἐξισω-

271 3801 494 3874 θήσεται
527 3804 585 3856 ἐν
606 3801 848 3873 ἀληθείᾳ,
878 3800 911 3872 ἢ
938 3801 1021 3864 τίς
1049 3800 1443 3871 ὁμοιωθήσεται
1474 3798 1531 3853 ἐν
1552 3796 1630 3870 τῷ
1659 3797 1838 3865 λέγειν

270 3893 366 3946 καὶ
387 3890 708 3945 πιστοῦσθαι
742 3908 833 3944 σου
866 3891 966 3954 τὰς
995 3888 1355 3958 ὲπαγγελίας;
1393 3887 1528 3941 Οὐδὲ
1559 3887 1668 3958 γὰρ
1688 3888 1836 3940 ἀντι·

270 3984 462 4055 στῆναί
495 4000 588 4036 σου
617 3985 682 4054 τῇ
714 3982 873 4053 βουλῇ
910 3980 1131 4035 δύναταί
1174 3997 1280 4045 τις,
1312 3979 1386 4043 ὡς
1416 3978 1740 4051 ἀνατρέπειν
1765 3975 1836 4030 τά

269 4072 417 4139 ἅπαξ
446 4072 549 4127 ὑπὸ
577 4072 993 4144 σοῦεὼρισμένα,
1018 4073 1210 4142 μήτιγε
1230 4069 1301 4124 τὰ
1332 4068 1450 4142 μεθ’
1475 4069 1637 4141 ὅρκου
1663 4070 1837 4140 ἐπηγ-

268 4164 535 4236 γελμένα·
580 4163 719 4218 ὥστε
762 4165 810 4216 εί
847 4162 924 4234 μὴ
951 4163 1045 4216 καὶ
1088 4163 1221 4233 ήμῖν
1256 4160 1518 4231 ἔγνωσταί
1550 4178 1637 4214 πω
1668 4162 1702 4232 ή
1725 4161 1834 4216 τῶν

267 4254 609 4324 ἐπαγγελιῶν
635 4271 728 4308 σου
751 4253 995 4324 ἀλήθεια,
1025 4252 1141 4305 ἀλλ’
1166 4254 1342 4305 ἐκεῖνο
1365 4249 1607 4324 ἀκριϐῶς
1641 4251 1799 4321 ῐσμεν
1815 4287 1832 4314 ,

268 4347 360 4402 ὅτι
396 4346 652 4412 δυνατὸς
679 4342 751 4407 εἲ,
778 4346 970 4414 Κύριε,
999 4345 1095 4398 καί
1132 4345 1171 4412 ἡ
1207 4344 1456 4412 ἀλήθειά
1486 4357 1601 4397 σου
1631 4343 1834 4406 κύκλῳ

267 4452 408 4494 σου.
440 4437 600 4491 Πάντ’
626 4433 717 4491 οὖν
747 4437 847 4489 ὅσα
876 4435 970 4489 καὶ
991 4434 1313 4506 βεϐούλησαι
1341 4434 1589 4501 δύνασαι,
1608 4434 1702 4487 καὶ
1725 4432 1832 4487 τῶν

1939 3250 2074 3303 rasti
2106 3248 2279 3303 David
2304 3250 2328 3304 .9
2355 3255 2411 3301 at
2439 3247 2564 3301 coeli
2590 3247 2956 3311 enarrabunt,
2987 3254 3042 3300 et
3088 3244 3332 3301 Ecclesia
3373 3262 3501 3302 san-

1936 3349 2147 3396 ctorum
2169 3338 2571 3403 testiﬁcabitur,
2592 3339 2727 3393 nihil
2749 3352 2937 3394 eorum
2959 3353 3078 3407 quae
3096 3336 3283 3392 Davidi
3304 3336 3500 3407 jurasti

1936 3433 2217 3503 lapsuram
2261 3440 2423 3497 esse;
2474 3447 2656 3501 neque
2703 3430 2889 3485 irritas
2939 3428 3057 3485 fore
3107 3429 3500 3501 promissiones

1936 3533 2062 3582 tuas
2090 3542 2104 3579 :
2133 3523 2249 3580 ﬁeri
2275 3524 2422 3579 enim
2444 3524 2633 3594 nequit
2656 3530 2708 3577 te
2735 3520 2974 3576 mentiri.
3003 3520 3137 3587 Quis
3156 3521 3299 3576 enim
3327 3535 3502 3590 aequa-

1937 3618 2006 3675 lis
2039 3615 2137 3672 tibi
2162 3616 2275 3672 erit
2300 3615 2357 3671 in
2386 3616 2649 3677 veritate,
2680 3619 2776 3666 aut
2803 3612 2929 3682 quis
2957 3612 3154 3669 similis
3182 3611 3288 3667 erit
3316 3611 3412 3666 tibi
3444 3612 3497 3665 in

1934 3723 2031 3775 eo,
2055 3707 2200 3778 quod
2227 3706 2468 3778 loquaris
2490 3711 2550 3760 et
2568 3702 2958 3775 promissiones
2986 3712 3090 3757 tua:
3114 3700 3281 3758 ﬁrmae
3307 3706 3361 3756 et
3388 3700 3525 3771 ple?

1935 3814 2018 3855 na:
2050 3798 2177 3854 ﬁdei
2220 3796 2499 3854 evadant?
2526 3793 2657 3850 Tua;
2685 3793 2886 3866 quippe
2914 3793 3181 3849 voluntati
3210 3807 3371 3849 nemo
3399 3808 3497 3862 ρυ-

1934 3898 2042 3948 test
2070 3890 2375 3954 obsistere,
2423 3888 2500 3943 ita
2539 3894 2601 3942 ut
2644 3901 2743 3951 ea,
2787 3900 2908 3956 qum
2935 3900 2965 3938 a
2995 3893 3048 3940 te
3078 3884 3243 3940 semel
3276 3882 3498 3940 deﬁnita

1936 3992 2095 4050 sunt,
2123 3989 2367 4047 evertat,
2402 3979 2603 4037 nedum
2635 3995 2698 4035 ea
2727 3996 2849 4051 quae
2878 3992 3001 4034 cum
3029 3977 3342 4048 iuramento
3368 3992 3497 4045 pro-

1934 4073 2105 4130 missa
2148 4079 2318 4139 sunt;
2364 4071 2440 4125 ita
2483 4076 2543 4125 ut
2580 4069 2798 4124 etiamsi
2842 4067 3003 4123 nobis
3040 4074 3171 4121 nota
3209 4072 3530 4120 non‘esset'

1934 4165 2338 4238 promissorum
2363 4171 2583 4217 tuorum
2612 4160 2816 4218 veritas
2836 4201 2853 4227 ,
2884 4168 2940 4214 at
2975 4158 3107 4213 illud
3149 4158 3316 4227 probe
3357 4158 3499 4211 scia-

1934 4272 2090 4321 mus,
2119 4255 2372 4326 quoniam
2397 4262 2578 4321 potens
2606 4269 2693 4317 es,
2728 4250 2983 4312 Domine,
3014 4258 3063 4303 et
3095 4250 3286 4303 veritas
3321 4256 3409 4299 tua
3443 4248 3496 4299 in

1933 4349 2156 4403 circuitu
2189 4356 2299 4402 tuo.
2338 4343 2533 4400 Omnia
2577 4345 2743 4415 igitur
2770 4357 3106 4413 quacunque
3138 4339 3373 4419 volueris
3401 4354 3497 4407 po-

1932 4451 2015 4496 tes
2039 4480 2054 4505 ,
2096 4448 2151 4495 et
2177 4435 2564 4509 praedictorum
2604 4434 2671 4490 de
2716 4433 2920 4487 Davide
2968 4431 3255 4485 verborum
3296 4423 3496 4484 veritas

266 4530 443 4600 λόγων
473 4546 566 4585 σου
594 4529 709 4583 τῶν.
726 4530 863 4599 περὶ
881 4526 975 4580 τοῦ
994 4525 1154 4581 Δαυῒδ
1179 4526 1595 4599 προρρηθέντων
1636 4527 1670 4594 ἠ
1698 4525 1830 4597 ἁλή-

1936 4534 2079 4588 circa
2108 4539 2162 4586 te
2191 4530 2468 4594 volvitur;
2500 4526 2575 4580 ita
2608 4534 2668 4579 ut
2694 4524 2948 4578 omnibus
2970 4561 2985 4585 ,
3021 4522 3111 4592 qui
3142 4522 3286 4575 circa
3318 4531 3368 4575 te
3400 4535 3496 4589 po-

266 4622 393 4677 θεια
418 4621 561 4693 ἀμφὶ⁵
594 4624 654 4676 σὲ
673 4620 924 4675 εἱλεῖται·
958 4618 1034 4681 ὡς
1058 4620 1191 4671 πᾶσι
1221 4618 1318 4690 μὲν
1339 4622 1452 4683 τοῖς
1475 4619 1599 4691 περὶ
1629 4618 1689 4672 σὲ
1716 4613 1835 4671 οὖσι

266 4713 363 4768 καὶ
394 4712 493 4784 τὴν
516 4709 613 4782 σὴν
641 4709 868 4780 θεότητα
891 4706 1250 4779 δορυφυροῦσι
1280 4706 1662 4776 γινώσκεσθαι,
1676 4708 1835 4776 ἀγνο-

265 4803 445 4860 εῖσθαι
468 4803 524 4858 δὲ
544 4806 656 4866 τοῖς
689 4800 903 4874 μακρὰν
934 4798 1295 4868 ἀφεστηκόσιν
1319 4799 1429 4852 ἀπὸ
1456 4798 1571 4853 σοῦ.

337 4897 494 4950 Δοκεῖ
534 4894 592 4948 δέ
644 4911 734 4965 μοι
779 4892 865 4946 διὰ
895 4892 1097 4944 τούτων
1116 4890 1145 4942 ό
1177 4891 1487 4962 Προφήτης,
1512 4890 1650 4960 ἁγίῳ
1678 4887 1841 4943 Πνεῦ-

270 5006 404 5062 ματι
434 4986 804 5060 θεοφορηθεὶς,
831 4982 1069 5046 καὶτοὺς
1086 4982 1185 5053 τῆς
1201 4980 1380 5052 ψυχῆς
1402 4980 1711 5053 ὀφθαλμοὺς
1731 4998 1836 5050 φω-

262 5083 323 5136 τὶ
344 5080 514 5153 νοερῷ
537 5075 954 5147 καταυγασθεὶς,
977 5074 1077 5145 τὴν
1104 5072 1267 5140 δόξαν
1292 5073 1591 5144 ἑωρακέναι
1614 5072 1705 5126 τοῦ
1729 5072 1837 5126 Μο-

264 5170 518 5241 νογενοῦς
563 5168 657 5223 τοῦ
701 5167 836 5222 θεοῦ
910 5167 971 5221 ὲν
1016 5163 1168 5236 μέσῳ
1216 5164 1315 5234 τῆς
1359 5161 1681 5234 Ἐκκλησίας
1722 5161 1834 5217 τῶν

265 5265 437 5334 ἁγίων
466 5263 717 5326 ἑστῶτος,
745 5261 838 5314 καὶ
868 5254 1331 5330 δορυφορουμένου
1372 5253 1477 5308 ὑπὸ
1516 5253 1623 5307 τῶν
1663 5252 1833 5321 ἁγίων

262 5357 374 5411 τῶν
406 5359 463 5410 ιν
503 5354 750 5426 βασιλείᾳ
785 5350 971 5405 αὐτοῦ.
1007 5346 1401 5419 Μνημονεύσας
1429 5345 1561 5415 γοῦν
1599 5345 1708 5400 τῶν
1737 5345 1830 5399 οὐ·

268 5447 469 5521 ρανῶν,
498 5445 589 5500 καὶ
637 5442 715 5515 τῷ
763 5441 901 5508 θείῳ-
943 5438 1218 5509 Πνεύματι
1254 5435 1565 5500 ὲνατενίσας
1609 5438 1676 5508 τῇ
1722 5435 1830 5490 τῶν

265 5538 439 5609 ἁγίων
485 5534 798 5606 Ἐκκλησία,
828 5532 1001 5586 ἔοικεν
1048 5530 1348 5602 ἑωρακέναι
1388 5529 1554 5599 μέσον
1586 5526 1678 5581 τὸν
1701 5526 1828 5580 Υίὺν

263 5629 360 5684 τοῦ
390 5626 526 5682 Θεοῦ
543 5644 560 5660 ο
582 5623 860 5696 εἷταμετά
887 5624 985 5694 τὴν
1004 5621 1212 5677 ἐκείνου
1238 5620 1560 5691 κατανόησιν
1586 5619 1829 5690 ἐπιπρέ-

266 5739 389 5794 φειν
420 5720 547 5784 τοὺς
588 5717 895 5788 ὀφθαλμοὺς
929 5714 1020 5767 ἐπὶ
1059 5713 1170 5768 τῶν
1198 5713 1356 5783 πέριξ
1381 5712 1550 5781 ἁγίων
1580 5709 1827 5779 ἀγγέλων

268 5814 361 5870 καὶ
387 5808 771 5885 ἁρχαγγὲλων,
810 5805 1131 5877 πνευμάτων
1148 5821 1207 5859 τε
1233 5803 1388 5859 θείων
1425 5804 1518 5858 καὶ
1548 5801 1823 5873 δυνάμεων

1935 4623 2026 4680 siti
2054 4629 2183 4678 sunt
2209 4628 2265 4675 et
2292 4606 2550 4674 deitatem
2579 4616 2783 4686 stipant
2813 4621 2962 4668 tuam
2983 4655 2999 4680 ,
3032 4622 3162 4667 nota
3191 4612 3292 4680 sit,
3326 4612 3394 4666 ab
3426 4613 3494 4700 iis
3528 4625 3532 4634 '

1934 4730 2067 4771 vero
2094 4714 2186 4784 qui
2217 4711 2411 4783 precul
2440 4720 2492 4766 te
2519 4715 2682 4775 sunt,
2709 4708 3007 4778 ignoretur.
3182 4745 3189 4754 .
3525 4700 3529 4704 ’

2003 4887 2087 4942 Ex
2112 4886 2200 4942 his
2231 4900 2397 4957 porro
2422 4882 2641 4941 videtur
2668 4880 2801 4936 mihi
2824 4878 3101 4950 Propheta
3134 4878 3341 4951 Spiritu
3370 4895 3497 4936 san—

1932 4989 2024 5037 cto
2048 4980 2234 5035 divine
2264 4978 2541 5049 repletus,
2582 4990 2648 5030 ac
2676 4974 2874 5029 mentis
2899 4973 3080 5028 oculis
3111 4973 3379 5043 spirituali
3412 4976 3497 5028 lu-
3600 5000 3605 5005 -

1934 5074 2083 5130 mine
2108 5073 2450 5135 illustratus,
2480 5067 2715 5140 gloriam
2740 5063 3247 5136 vidisse-Unigeniti
3278 5065 3404 5133 Dei,
3440 5066 3495 5120 in

1932 5164 2111 5220 medio
2131 5162 2388 5219 Ecclesiae
2410 5168 2727 5216 sanctorum
2749 5158 2968 5222 stantis.
2991 5167 3047 5215 et
3069 5167 3381 5213 sanctorum
3401 5158 3493 5228 qui

1933 5256 1991 5310 in
2029 5269 2198 5326 regno
2221 5254 2342 5325 eius
2369 5260 2498 5309 sunt
2525 5251 2872 5305 multitudine
2899 5250 3106 5323 stipati.
3147 5249 3283 5306 Cum
3325 5249 3495 5303 ‘cmlos

1930 5358 2167 5414 namque
2195 5350 2589 5407 memorasset,
2623 5348 2678 5395 et
2709 5338 2915 5410 Spiritu
2943 5340 3131 5396 divino
3179 5348 3492 5396 sanctorum

1932 5432 2230 5489 Ecclesiam
2265 5433 2591 5500 intueretur,
2620 5432 2839 5488 videtur
2869 5433 2925 5488 in
2957 5434 3136 5489 medio
3176 5445 3364 5487 eorum
3402 5429 3494 5485 Fi-
3536 5438 3537 5443 ‘

1929 5524 2060 5579 lium
2073 5522 2166 5579 Dei
2192 5524 2564 5594 conspexisse,
2579 5522 2773 5580 deinde
2791 5533 2967 5580 autem
2985 5526 3103 5595 ipso
3122 5522 3490 5588 considerato,

1928 5618 2120 5674 oculos
2148 5625 2361 5674 vertere
2400 5617 2470 5673 ad
2508 5627 2824 5675 sanctorum
2869 5617 3216 5688 angelorum,
3262 5616 3493 5673 archan-

1928 5710 2172 5782 gelorum
2190 5748 2205 5775 ,
2234 5709 2522 5780 spirituum
2547 5709 2854 5766 divinorum
2884 5716 2939 5764 et
2968 5711 3226 5763 virtutum
3260 5710 3491 5765 circum-

1927 5801 2161 5871 positum
2188 5801 2452 5859 chorum:
2495 5802 2688 5858 horum
2731 5800 3068 5857 divinitatem
3099 5800 3324 5868 mirari;
3358 5818 3484 5858 eum
