3988 6204
483 349 625 405 1085

1182 346 1452 404 EUSEBII
1489 346 1962 410 CASSARIENSIS
1997 354 2148 412 OPP.
2185 354 2366 411 PARS
2400 355 2486 412 Ill.
2527 385 2597 398 -
2627 354 3035 412 EXEGETICA‘.

3572 361 3714 416 1084

489 481 614 520 vero
641 464 732 534 qui
761 478 950 519 omnes
989 463 1230 528 excedit,
1253 481 1457 521 omnes
1487 475 1745 538 superat,
1781 468 2032 541 Unigeni~

2137 473 2295 544 χορόν
2313 491 2326 503 ⁸
2354 474 2447 526 καὶ
2475 473 2772 544 θαυμάζειν
2790 473 2902 544 τὴν
2923 472 3138 526 τούτων·
3160 473 3411 544 θειότητα
3429 492 3444 506 ’
3474 477 3718 551 ὑπερεκο

487 565 596 610 tum
626 555 753 620 Dei,
783 570 907 608 cum
939 562 1160 626 stupore
1193 556 1582 615 considerare:
1614 559 1809 617 deinde
1837 577 1904 618 ex
1949 563 2044 618 ad-

487 648 766 703 miratione
788 647 902 703 hac
923 647 1074 703 eilari
1092 688 1107 714 ,
1131 647 1393 713 Quoniam
1413 652 1529 716 quis
1547 652 1600 706 in
1626 652 1846 708 nubibus
1867 671 2046 725 aequa-

485 741 623 794 bitur
649 740 915 797 Domino?
949 741 1066 797 sive
1111 743 1414 798 secundum
1445 745 1867 816 Symmachum,
1910 749 2044 816 Quis

465 833 617 885 enim
646 833 700 886 in
727 833 912 887 wthere
935 834 1159 903 conferet
1185 851 1240 888 se
1253 833 1476 890 Domino
1505 837 1558 890 in
1584 835 1710 907 ﬁliis
1725 839 1870 896 Dei?
1898 839 2044 908 Haec,

483 924 550 979 de
582 922 872 994 Unigenito
891 924 985 980 Dei
1018 927 1162 980 dicta
1183 967 1198 991 ,
1235 928 1377 998 piam
1409 937 1628 984 servant
1667 931 1990 987 sententiam
2025 949 2041 999 ;

483 1015 550 1070 de
579 1015 739 1072 Patre
769 1032 898 1072 vero
928 1033 993 1072 ac
1027 1017 1136 1074 Deo
1178 1020 1556 1076 universorum
1597 1038 1756 1079 secus
1785 1043 1798 1079 :
1843 1023 2045 1094 impro-

484 1107 602 1177 pria
629 1107 772 1163 enim
801 1116 855 1163 et
884 1109 1048 1179 impia
1075 1112 1410 1181 comparatio
1438 1113 1766 1170 esset..Nam
1798 1115 1923 1173 ﬁliis
1950 1115 2044 1172 Dei

482 1198 723 1254 omnium
751 1214 973 1254 causam
1002 1201 1250 1259 conferre
1269 1243 1285 1269 ,
1315 1212 1370 1259 et
1394 1219 1518 1259 eum
1545 1206 1639 1276 qui
1668 1223 1832 1277 supra
1862 1209 2044 1264 omnia

482 1297 566 1343 est
598 1288 740 1345 Deus
773 1290 895 1344 aliis
927 1305 1281 1362 comparare,
1326 1294 1767 1364 improbissimus
1800 1300 2042 1355 omnium

483 1398 651 1439 ausus
676 1392 840 1440 esset.
871 1385 939 1440 At
970 1387 1088 1442 sine
1117 1388 1360 1458 periculo
1391 1390 1564 1448 Filius
1600 1393 1695 1449 Dei
1731 1397 2046 1466 unigenitus

484 1472 611 1529 ﬁliis
650 1473 743 1530 Dei
782 1486 1153 1545 comparatur,
1194 1494 1258 1534 ac
1295 1481 1500 1538 dicitur
1536 1500 1664 1539 cum
1701 1485 2043 1558 incompara-

483 1563 643 1620 bilem
674 1581 822 1633 esse,
851 1583 973 1622 cum
1003 1569 1154 1624 nullo
1183 1570 1573 1628 conferendum
1595 1615 1611 1640 ,
1652 1582 1817 1644 atque
1857 1578 2045 1634 admo-

479 1656 608 1710 dum
629 1660 956 1715 antecellere
974 1663 1239 1718 asseritur
1260 1664 1343 1720 his
1368 1665 1571 1729 verbis,
1594 1667 1724 1734 Quis
1748 1669 1800 1722 in
1821 1670 2054 1732 nubibus,

478 1752 776 1820 a'quabitur
809 1751 1078 1810 Domino?
1120 1769 1184 1810 ac
1227 1757 1274 1810 si
1311 1757 1546 1823 dicatur,
1590 1775 1768 1818 nemo.
1815 1761 2050 1820 Etiamsi-

477 1842 620 1896 enim
648 1844 804 1898 multi
832 1846 1043 1910 sancti,
1068 1855 1121 1901 et
1146 1849 1317 1902 millia
1347 1851 1662 1921 angelorum
1679 1893 1696 1919 ,
1719 1862 1774 1910 et
1800 1854 2042 1913 Ecclesia

477 1930 905 2000 primitivorum,
936 1935 1294 2005 principatus,
1325 1946 1623 2007 potestates
1644 1981 1658 2006 ,
1691 1944 1908 2010 throni,
1940 1945 2048 2002 do-I

475 2021 846 2085 minationes,
891 2024 1118 2092 spiritus
1172 2028 1387 2092 sancti,
1436 2030 1939 2102 virtutesdivinae,
1984 2038 2053 2093 in:

475 2110 797 2168 caelestibus
817 2114 1149 2170 exercitibus
1170 2129 1477 2185 versentur,
1502 2123 1778 2179 caelestem
1806 2109 2042 2197 implen-

474 2209 558 2257 tes
590 2201 888 2259 Ecclesiam
915 2225 930 2268 ;
957 2215 1013 2260 at
1037 2210 1192 2278 quis,
1223 2210 1332 2275 ait,
1356 2211 1410 2267 in
1440 2215 1640 2271 esthere
1667 2231 1832 2286 supra
1859 2218 2039 2276 ﬁrma-

474 2298 716 2346 mentum
749 2294 929 2364 posito
957 2300 1265 2368 aequabitur
1299 2300 1573 2358 Domino?
1609 2305 1763 2371 Quod
1803 2310 1849 2364 si
1881 2311 2035 2366 multi

474 2381 568 2435 ﬁlii
596 2381 687 2438 Dei
722 2393 849 2439 sunt
877 2388 1139 2460 multique
1180 2390 1288 2456 dii,
1340 2395 1640 2450 secundum
1682 2399 1849 2464 illud,
1893 2400 2036 2457 Deus

471 2475 615 2537 stetit
653 2475 708 2530 in
733 2493 998 2550 synagoga
1029 2481 1246 2538 deorum
1279 2488 1320 2518 ²¹
1342 2503 1357 2552 ;
1383 2494 1438 2542 et
1457 2526 1473 2553 ,
1515 2477 1654 2544 Deus
1684 2490 1902 2546 deorum
1929 2493 2035 2550 Do-

472 2567 643 2621 minus
685 2568 891 2625 locutus
927 2582 1006 2627 est
1035 2577 1080 2607 “
1105 2615 1120 2635 ,
1169 2585 1257 2640 et,
1306 2576 1419 2649 Ego
1455 2579 1606 2648 dixi,
1650 2580 1740 2636 Dii
1791 2586 1949 2649 estis,
1984 2596 2032 2641 et

469 2659 572 2728 με
596 2660 860 2718 Altissimi
889 2682 1064 2722 omnes
1087 2667 1165 2724 "z
1195 2669 1290 2725 sed
1313 2671 1428 2741 quis
1452 2672 1646 2728 similis
1674 2676 1775 2730 erit
1809 2675 2033 2733 Domino

470 2750 523 2802 iu
555 2751 683 2820 ﬁliis
726 2753 823 2808 Dei
849 2758 874 2811 ?
913 2755 1046 2812 Nam
1095 2773 1220 2814 cum
1273 2762 1548 2820 innumeri
1598 2765 1720 2835 ejus
1768 2767 1861 2823 ﬁlii
1889 2770 2028 2836 sint,

467 2856 666 2910 nemo,
715 2846 926 2918 inquit,
976 2850 1106 2906 huic
1153 2853 1350 2912 similis
1395 2857 1538 2922 erit,
1569 2868 1667 2914 aut
1703 2863 2035 2932 aequabitur,

470 2940 655 3002 utpote
695 2936 788 3004 qui
827 2939 1035 2996 electus
1062 2941 1166 3007 sit,
1194 2944 1508 3016 unigenitus
1535 2956 1591 3004 et
1633 2952 2031 3026 primogenitus

469 3023 649 3103 omnis
677 3033 961 3096 creaturae,
997 3029 1234 3087 Verbum
1267 3033 1398 3090 item
1425 3045 1480 3092 et
1525 3023 2043 3109 sapientia,vvirtus

2144 564 2471 636 πλήττεσθαι
2493 566 2550 620 δὲ
2573 567 2663 620 τὸν
2687 565 2944 619 ἐπέκεινα
2971 566 3204 626 πάντων,
3233 567 3327 620 καὶ
3352 568 3490 638 ὑπὲρ
3511 570 3724 634 πάντας

2141 656 2233 710 τὸν
2254 658 2529 728 Μονογενῆ
2555 657 2647 711 τοῦ
2674 656 2808 711 Θεοῦ
2829 673 2844 688 ο
2878 653 2976 710 εἶτ’
3006 659 3072 711 ὲκ
3101 658 3195 711 τοῦ
3223 657 3322 711 θαύ
3332 677 3507 730 ματος.
3524 661 3724 714 uvaque

2144 748 2449 819 φωνηκέναι
2476 748 2565 801 τό·
2594 749 2710 802 Ὅτι
2739 749 2832 812 τίς
2856 749 2926 803 ἐν
2953 749 3234 818 νεφέλαις
3256 750 3616 818 ίσωθήσεται
3645 749 3728 815 τῷ

2143 840 2371 907 Κυρίῳ;
2419 839 2452 910 ἦ
2501 839 2643 894 κατά
2683 839 2772 893 τὸν
2799 838 3090 910 Σύμμαχον
3115 858 3129 872 ο
3169 842 3263 907 Τίς
3293 841 3401 911 γὰρ
3437 843 3510 896 ἐν
3535 842 3723 909 αἰθέρι

2143 933 2608 1001 ἀντιπαραθήσει
2637 933 2715 1000 τῷ
2746 936 2939 1004 Κυρίῳ
2966 936 3035 988 ἐν
3062 933 3210 1000 υἱοῖς
3234 935 3416 997 Θεοῦ;
3449 933 3642 987 Ταῦτα
3665 935 3723 987 δὲ

2144 1028 2272 1098 περὶ
2317 1028 2414 1098 μὲν
2465 1026 2561 1081 τοῦ
2607 1027 2942 1096 Μονογενοῦς
2977 1026 3072 1081 τοῦ
3103 1025 3542 1096 Θεοῦηλεγόμενα,
3558 1025 3723 1090 σώζοι

2144 1117 2211 1171 ἂν
2248 1117 2447 1188 εὐσεϐῆ
2475 1118 2574 1190 τὴν
2596 1116 2853 1183 διάνοιαν,
2883 1117 2943 1174 οὐ
2975 1117 3072 1188 μὲν
3104 1116 3342 1189 περὶτοῦ
3384 1117 3598 1188 [ἰατρὸς
3631 1117 3725 1169 καὶ

2145 1208 2280 1263 Θεοῦ
2309 1208 2416 1262 τῶν
2440 1209 2574 1264 ὅλων
2593 1227 2607 1240 ο
2631 1209 2896 1273 ἀνοίκειος
2927 1208 3035 1281 γάρ
3064 1209 3159 1262 καὶ
3185 1209 3384 1280 ἀσεϐὴς
3415 1210 3446 1279 ή
3477 1207 3724 1277 παράθε-

2147 1318 2249 1365 σις.
2283 1300 2355 1354 Τὸ
2403 1301 2513 1373 γάρ
2560 1303 2696 1364 υίοῖς
2725 1300 2860 1355 Θεοῦ
2896 1300 3264 1372 παραϐάλλειν
3297 1301 3356 1354 τὸ
3387 1295 3618 1355 πάντων
3636 1303 3724 1354 uio

2141 1411 2275 1459 τιον,
2307 1395 2399 1448 xul.
2428 1393 2490 1448 τὸ
2527 1394 2837 1466 συγκρίνειν
2880 1395 3084 1466 ἑτέροις
3115 1395 3316 1468 τολμᾷν
3340 1396 3430 1449 τὸν
3462 1396 3725 1450 ἐπέκεινα

2143 1486 2253 1540 τῶν
2273 1487 2408 1539 ὅλων
2429 1486 2580 1550 Θεὸν,
2605 1486 2820 1540 πάντων
2841 1487 2905 1541 ἂν
2919 1487 3128 1556 γένοιτο
3150 1486 3529 1542 ἀνοσιώτατον.
3547 1489 3719 1541 Ἀκίν⁴

2143 1577 2299 1641 δυνος
2341 1577 2386 1631 δ’
2409 1577 2474 1631 ἂν
2524 1577 2608 1649 εἴη
2657 1579 2687 1630 ὁ
2729 1577 2885 1647 λόγος
2918 1580 3054 1642 υἱοῖς
3083 1577 3552 1650 Θεοῦουγκρίνων
3589 1581 3721 1633 Tib»

2144 1661 2278 1716 Θεοῦ
2314 1663 2594 1733 μονογενῆ,
2613 1664 2707 1717 καὶ
2731 1663 2793 1717 τὸ
2813 1665 2947 1738 πρὸς
2969 1666 3174 1730 πάντας
3196 1667 3525 1737 ἀσύγκριτον
3550 1670 3720 1723 αὑτοῦ

2145 1754 2238 1806 καὶ
2264 1753 2622 1826 ἁπαράθετον,
2653 1755 2772 1809 καθ’
2803 1757 3104 1830 ὑπερϐολήν
3130 1776 3188 1811 τε
3215 1758 3476 1830 ὑπερέχον
3521 1762 3725 1832 σημαία

2144 1862 2252 1898 νειν
2284 1845 2371 1898 διά
2403 1845 2528 1899 τοῦθ
2564 1848 2754 1913 Τίς-ἑν
2785 1849 3064 1918 νεφέλαις
3107 1849 3460 1915 ίσωθήσηεται
3496 1850 3577 1916 τῷ
3598 1856 3716 1907 Κυ-

2132 1937 2273 2004 ρίῳ;
2302 1937 2421 1991 ἀντὶ
2467 1937 2582 2002 τοῦ,
2625 1939 2820 2004 οὐδείς.
2855 1942 2916 1994 Εί
2939 1942 3047 2014 γάρ
3090 1942 3184 1996 καὶ
3223 1943 3408 1998 πολλοὶ
3447 1941 3597 2012 ἅγιοι
3624 1947 3720 1999 καὶ

2143 2029 2399 2101 μυριάδες
2434 2031 2700 2099 ἀγγέλων,
2724 2032 2820 2085 καὶ
2856 2033 3149 2105 Ἐκκλησία
3181 2036 3563 2108 πρωτοτόκων,
3614 2041 3719 2110 ἁρ-

2138 2122 2230 2192 χαί
2263 2139 2319 2175 τε
2354 2122 2448 2176 κα)¹
2476 2122 2715 2188 ἐξουσίαι
2745 2125 2839 2178 καὶ
2868 2125 3044 2198 θρόνοι
3079 2129 3172 2182 καὶ
3191 2129 3530 2201 κυριότητες,

2143 2215 2287 2284 ματά
2311 2230 2371 2266 τε
2404 2213 2556 2282 ἅγια,
2592 2217 2686 2270 xul.
2712 2217 2966 2289 δυνάμεις
2999 2218 3139 2274 θεῖαι
3164 2222 3221 2274 ὲν
3249 2223 3369 2284 ταῖς
3399 2223 3521 2274 κατ’
3550 2221 3688 2293 οὐρα

2137 2307 2226 2360 νὸν
2260 2310 2535 2379 στρατιαῖς
2559 2309 2949 2377 πολιτεύονται,
2979 2313 3077 2384 τὴν
3111 2314 3427 2385 ἐπουράνιον
3451 2315 3713 2386 συμπλη-

2141 2399 2356 2469 ροῦντες
2399 2401 2750 2472 Ἐκκλησίαν
2779 2402 2914 2456 ἀλλά
2953 2404 3056 2468 τίς,
3091 2405 3274 2475 φησὶν,
3307 2408 3364 2459 έν
3404 2406 3483 2476 τῷ
3533 2407 3712 2481 αἰθέρι

2136 2489 2212 2560 τῷ
2237 2491 2492 2545 ἐπέκεινα
2515 2491 2607 2545 τοῦ
2633 2494 3006 2566 στερεώματος
3039 2496 3359 2568 ίσωθήσεται
3383 2498 3459 2562 τῷ
3486 2500 3709 2569 κυρίως

2135 2583 2197 2636 Εἰ
2219 2583 2272 2636 δὲ
2293 2583 2472 2637 πολλοὶ
2494 2585 2602 2636 υἱοὶ
2625 2584 2758 2639 Θεοῦ
2781 2588 2873 2640 καὶ
2898 2587 3010 2640 θεοὶ
3031 2587 3169 2641 κατὰ
3188 2589 3249 2642 τό
3268 2605 3282 2620 ’
3313 2590 3366 2642 '0
3392 2591 3539 2656 Θεὸς
3559 2592 3710 2659 ἔστη

2132 2673 2202 2727 ἐν·
2235 2673 2556 2743 συναγωγῇ
2593 2676 2765 2739 θεῶν,
2797 2677 2890 2730 καί
2911 2693 2925 2708 ο
2961 2678 3104 2745 Θεὸς
3136 2678 3286 2735 θεῶν
3313 2681 3528 2749 Κύριος
3571 2682 3720 2736 sua-

2131 2766 2306 2831 λησε,
2345 2765 2440 2818 καί
2459 2783 2474 2798 ι
2515 2765 2655 2836 Ἐγὼ
2683 2761 2854 2820 εἶπον
2873 2784 2886 2797 ο
2923 2768 3055 2822 Θεοί
3081 2768 3241 2834 ἐστε,
3267 2770 3364 2823 καὶ
3391 2772 3510 2825 υἱοὶ
3545 2773 3702 2842 Ὑψί-

2131 2868 2282 2908 στου
2309 2855 2529 2921 πὰντες
2548 2873 2562 2886 ·
2589 2856 2721 2909 ἀλλὰ
2753 2858 2845 2924 Τίς·
2868 2857 3288 2928 ὁμοιωθήσεται
3318 2859 3396 2925 τῷ
3420 2863 3618 2929 Κυρίῳ
3641 2864 3709 2917 ἐν

2130 2944 2280 3011 υὶοῖς
2311 2945 2492 3009 Θερῦ;
2533 2949 2757 3020 Μυρίων
2801 2949 2909 3020 γὰρ
2955 2950 3121 3005 ὄντων
3151 2951 3302 3020 υἱῶν,
3329 2953 3523 3017 οὐδεὶς,
3552 2957 3704 3027 φησὶ.
3733 2996 3737 2999 -

2129 3035 2302 3110 τούτῳ
2332 3039 2748 3116 ὁμοιωθήσεται,
2778 3040 2896 3094 οὐδὲ
2922 3041 3330 3114 ὲξισωθήσεται,
3357 3044 3599 3118 ἑκλεκτῷ
3627 3048 3702 3100 ὅτι

465 3125 521 3168 et
551 3117 812 3186 sapientia
841 3118 953 3177 Dei.
1000 3121 1239 3195 Mihique
1267 3126 1482 3183 videtur
1534 3130 1730 3186 horum
1779 3135 2025 3190 notitiam

2130 3129 2224 3181 καὶ
2253 3133 2528 3200 μονογενεῖ
2563 3132 2657 3184 καὶ
2691 3117 3016 3204 πρωτοτόκῳ
3044 3135 3222 3205 πάσης
3267 3137 3518 3203 κτίσεως,

467 3205 521 3260 in
553 3207 982 3276 praecedentibus
1012 3215 1259 3287 tradere,
1305 3233 1429 3274 cum
1478 3221 1554 3276 ait
1581 3241 1597 3278 :
1629 3223 2030 3294 Conﬁtebuntu:

463 3297 580 3352 cali
613 3300 882 3375 mirabilia
915 3313 1026 3359 tua.
1074 3304 1354 3378 Siquidem
1387 3326 1454 3366 ex
1484 3312 1831 3373 mirabilibus
1859 3333 2028 3375 unum

465 3389 570 3444 hoc
593 3399 742 3458 erat,
770 3397 912 3463 quod
941 3397 1194 3472 deinceps
1221 3401 1288 3458 de
1301 3400 1594 3474 Unigenito
1617 3404 1713 3463 Dei
1741 3409 2033 3468 additurus-

463 3486 611 3545 erat,
643 3488 696 3535 et
721 3483 936 3552 quidem
962 3490 1294 3546 necessario.
1325 3489 1463 3558 Quia
1490 3494 1634 3550 enim
1664 3496 1816 3551 illum
1846 3514 1913 3554 ex
1942 3515 2029 3556 se-

463 3570 610 3626 mine
639 3571 808 3630 David
836 3579 1176 3634 nasciturum
1203 3598 1327 3638 esse
1345 3625 1361 3651 ,
1394 3584 1447 3638 in
1475 3586 1758 3657 prophetia
1786 3589 2026 3646 indican-

461 3661 590 3716 dum
635 3674 802 3740 erat,
831 3667 1083 3727 deitatem
1127 3673 1248 3743 ejus
1287 3676 1380 3745 qui
1423 3677 1478 3731 in
1522 3678 1644 3749 ipso
1683 3679 2024 3741 habitaturus

460 3761 580 3807 erat
631 3764 790 3812 antea
842 3763 1351 3833 contemplabatur;
1395 3775 1453 3822 ut
1496 3785 1604 3824 una
1653 3770 2024 3833 edisceremus

460 3859 582 3915 qua:
612 3845 788 3904 virtus
832 3850 886 3904 in
939 3853 1060 3921 ipso
1107 3853 1420 3912 habitatura
1460 3869 1640 3927 esset,
1672 3869 1725 3919 et
1755 3864 2023 3922 sciremus

461 3933 636 4031 ipsum
681 3939 900 4031 quidem
950 3943 1119 3998 ﬁlium
1161 3962 1283 4004 esse
1324 3949 1740 4018 Davidis..eum
1767 3973 1899 4014 vero
1928 3960 2020 4031 qui

461 4020 518 4076 in
548 4023 667 4095 ipso
694 4027 1040 4088 habitaturus
1069 4045 1251 4103 esset,
1284 4037 1481 4095 Filium
1514 4041 1632 4099 Dei.

535 4204 704 4264 Vsus.
745 4209 798 4267 8.
837 4195 978 4267 Deus
1006 4214 1097 4284 qui
1123 4213 1452 4287 gloriﬁcatur
1480 4221 1536 4275 in
1561 4225 1782 4280 consilio
1808 4238 2020 4283 sancto»

421 4322 425 4326 ·
457 4315 572 4353 rum
591 4343 607 4369 ,
638 4319 856 4373 magnus
879 4313 928 4357 et
951 4305 1197 4360 terribilis
1223 4324 1379 4378 super
1403 4325 1578 4367 omnes
1603 4316 1692 4385 qui
1714 4318 1766 4370 in
1793 4318 2016 4372 circuitu

453 4390 566 4460 ejus
596 4399 748 4452 sunt;
767 4392 996 4461 Quinam
1030 4396 1101 4451 sit
1127 4397 1174 4452 is
1198 4399 1290 4469 qui
1319 4416 1443 4457 cum
1472 4407 1688 4462 nemine
1711 4411 2015 4480 comparari

453 4485 538 4539 vel
567 4486 801 4563 conferri
834 4488 1044 4557 possit,
1073 4490 1346 4547 neminem
1391 4495 1624 4552 similem
1668 4479 1922 4557 admittat
1961 4503 2017 4559 in
2050 4479 2094 4536 θ

454 4575 522 4630 iis
553 4578 645 4646 qui
679 4579 774 4632 ﬁlii
807 4577 901 4634 Dei
931 4589 1218 4647 vocantur,
1254 4583 1343 4639 hic
1369 4586 1616 4644 declarat
1642 4590 1834 4649 dicens
1864 4614 1878 4650 :
1914 4596 2017 4650 Hie

450 4675 529 4719 est
580 4667 753 4738 Deus,
799 4673 889 4742 qui
929 4673 1265 4745 gloriﬁcatur
1307 4681 1363 4733 in
1412 4682 1638 4738 consilio
1684 4696 2013 4744 sanctorum.

450 4757 750 4815 Consilium
785 4772 963 4820 autem
992 4777 1302 4825 sanctorum
1331 4773 1445 4842 jam
1469 4789 1633 4843 supra
1663 4777 1802 4833 dixit
1834 4778 2020 4837 Eccle-

449 4847 587 4901 siam
616 4861 930 4918 sanctorum
954 4873 1078 4916 esse
1095 4901 1111 4926 ,
1136 4863 1458 4935 videturque
1484 4863 1784 4926 Ecclesiam
1811 4873 2018 4940 primo-

366 4950 370 4951 '
449 4940 754 5010 genitorum
775 4984 791 5011 ,
828 4947 922 5018 qui
951 4949 1213 5023 descripti
1245 4964 1376 5010 sunt
1406 4957 1460 5012 in
1491 4959 1680 5034 caelis,
1716 4963 2009 5020 consilium

449 5033 767 5102 nominare,
801 5041 1036 5111 quadam
1078 5045 1264 5104 habita
1305 5051 1518 5107 ratione
1559 5052 1626 5108 ad
1661 5062 1888 5111 senatus
1917 5057 2009 5127 qui

446 5124 615 5182 variis
663 5125 718 5181 in
767 5128 904 5185 locis
948 5135 1237 5193 exsistunt.
1289 5139 1346 5194 In
1403 5140 1508 5196 hoc
1550 5149 1731 5199 autem
1777 5124 2020 5203 consilio.

447 5225 763 5273 sanctorum
829 5221 1000 5292 gloria
1064 5227 1185 5297 ejus
1247 5231 1598 5298 celebratur,
1653 5237 1747 5307 qui
1799 5239 2008 5295 nullam

445 5313 910 5380 comparationem
948 5317 1033 5373 vel
1069 5321 1478 5381 similitudinem
1510 5328 1906 5387 admittitcum
1941 5333 2009 5391 iis

445 5401 536 5469 qui
577 5402 667 5458 ﬁlii
703 5403 798 5461 Dei
832 5415 1133 5466 vocantur:
1165 5427 1342 5483 neque
1373 5417 1547 5473 solum
1581 5421 1919 5491 gloriﬁcatur
1951 5424 2008 5479 in

446 5491 680 5548 consilio
712 5504 1060 5564 sanctorum,
1093 5499 1188 5554 sed
1228 5503 1390 5560 etiam
1425 5509 1798 5569 terribilisest
1841 5529 2007 5584 super

429 5585 638 5637 ‘omues
665 5583 758 5652 qui
787 5584 843 5641 in
877 5586 1108 5656 circuitu
1138 5590 1259 5662 ejus
1290 5601 1437 5649 sunt.
1474 5596 1707 5664 Quinam
1738 5583 1925 5659 autem,
1951 5603 2005 5659 in

2128 3236 2188 3272 τε
2216 3221 2377 3292 σοφίᾳ
2410 3221 2505 3276 καὶ
2528 3221 2754 3294 δυνάμει
2795 3223 2888 3277 καὶ
2925 3225 3087 3295 σοφίᾳ
3115 3225 3269 3280 Θεοῦ.
3302 3228 3411 3280 Καί
3443 3245 3533 3304 μοι
3563 3229 3718 3282 δοκεῖν

2125 3309 2224 3381 τὴν
2253 3309 2454 3364 τούτων
2481 3311 2680 3380 γνῶσιν
2703 3311 2790 3366 διά
2812 3314 2919 3368 τῶν
2943 3314 3197 3387 ἀνωτέρω
3217 3316 3522 3388 σημαίνειν,
3540 3319 3598 3372 ἐν
3621 3315 3696 3383 οἷς

2127 3399 2230 3472 ἔφη
2251 3416 2264 3428 °
2314 3402 2890 3474 Ἐξομολογήσονται
2919 3408 2972 3459 οἱ
3005 3408 3250 3476 οὐρανοὶ
3282 3407 3355 3462 τὰ
3402 3410 3695 3480 θαυμάσια

2124 3494 2372 3546 σου.Ἒν
2417 3494 2526 3567 γάρ
2576 3495 2685 3550 τῶν
2739 3496 3055 3568 θαυμασίων
3101 3501 3196 3553 καὶ
3246 3500 3402 3554 τοῦτο
3446 3496 3532 3572 ἦν,
3560 3504 3691 3574 ὅπερ

2126 3586 2358 3657 ήμελλεν
2406 3586 2536 3658 ἑξῆς
2581 3589 2852 3659 ἐπιλέγειν
2905 3592 3034 3664 περὶ
3080 3592 3175 3645 τοῦ
3225 3595 3553 3664 Μονογενοῦς
3596 3595 3686 3648 τοί

2123 3677 2258 3732 Θεοῦ
2281 3695 2294 3708 ·
2327 3680 2641 3748 ἀναγκαίως
2668 3682 2757 3736 δέ·
2787 3683 2972 3756 ἐπειδὴ
3006 3685 3205 3756 ήμελλε
3233 3685 3326 3739 τὸν
3357 3689 3419 3741 ἐκ
3450 3687 3683 3758 σπέρμα-

2122 3790 2214 3837 τος
2237 3773 2398 3827 Δαυῒδ
2419 3775 2778 3846 γενησόμενον
2800 3775 2888 3829 διὰ
2906 3777 3006 3848 τῆς
3027 3779 3360 3849 προφητείας
3393 3780 3715 3851 σημαίνειν,ε.

2121 3865 2220 3936 τὴν
2251 3865 2480 3938 θεότητα
2511 3866 2604 3920 τοῦ
2639 3871 3056 3940 κατοικήσοντος
3085 3873 3142 3924 ὲν
3178 3871 3327 3943 αὐτῷ
3357 3872 3657 3946 προθεωρεῖ
3677 3891 3691 3905 ο

2122 3953 2198 4017 ὡς
2228 3951 2294 4007 ἂν
2325 3955 2460 4026 ὁμοῦ
2494 3955 2779 4028 μάθοιμεν,
2807 3957 2890 4022 τίς
2935 3960 2968 4030 ή
3022 3959 3289 4030 μέλλουσα
3329 3966 3600 4017 κατοικεῖν
3638 3965 3695 4017 ὲν

2121 4044 2268 4100 αύτῶ
2288 4045 2535 4118 δύναμις,
2581 4048 2675 4101 xul.
2704 4048 2780 4112 ὡς
2804 4051 2832 4102 ὸ
2867 4051 2963 4120 μὲν
2997 4051 3111 4115 υίὸς
3139 4047 3209 4122 ἦν
3239 4052 3416 4118 Δαυῖδ,
3459 4056 3487 4108 ὸ
3526 4055 3584 4107 δὲ
3637 4057 3714 4108 ὲν.

2121 4138 2269 4209 αὐτῷ
2300 4141 2641 4212 κατοικήσων
2672 4141 2798 4206 Υἱὸς
2828 4142 2920 4196 τοῦ
2953 4141 3106 4198 Θεοῦ.

2203 4233 2256 4285 '0
2294 4231 2438 4299 Θεὸς
2462 4232 2928 4304 ἐνδοξαζόμενος
2964 4235 3035 4289 ἐν
3058 4235 3261 4304 βουλῇ
3284 4236 3487 4306 ἁγίων,
3510 4239 3692 4309 μέγα(

2122 4322 2221 4376 καὶ
2257 4321 2507 4393 φοϐερὸς
2544 4323 2642 4377 ἐπὶ
2691 4323 2922 4392 πάντας
2953 4326 3093 4393 τοὺς
3123 4329 3459 4396 περικύκλῳ
3483 4330 3691 4386 αὐτοῦ.

2123 4413 2226 4468 Τὸν
2248 4413 2322 4486 μὴ
2367 4413 2558 4485 ἔχοντα
2606 4414 2893 4486 σύγκρισιν
2917 4457 2932 4481 ,
2989 4418 3124 4489 μηδὲ
3174 4419 3476 4491 παράθεσιν
3499 4463 3516 4487 ,
3560 4424 3690 4495 μηδὲ

2119 4506 2377 4578 ὁμοίωσιν
2415 4507 2552 4580 πρὸς
2590 4524 2715 4563 τινα
2757 4509 2868 4562 τῶν
2913 4509 3318 4582 ὠνομασμένων
3345 4513 3477 4568 υἱῶν
3523 4515 3690 4581 Θεοῦ,

2118 4597 2297 4662 ὁποῖός
2341 4597 2424 4662 τίς
2472 4600 2586 4651 ἐστι
2620 4599 2916 4672 παρίστησι
2967 4600 3170 4671 λέγων⁸
3215 4600 3404 4672 οὗτός
3449 4606 3624 4662 ἐστιν
3659 4613 3692 4664 ὸ

2120 4688 2264 4756 Θεὸς
2301 4693 2334 4745 ὁ
2379 4690 2840 4762 ἐνδοξαζόμενος
2879 4695 2949 4748 ἐν
2981 4693 3056 4764 τῇ
3091 4695 3295 4765 ,ϐουλῇ
3335 4697 3455 4751 τῶν
3483 4701 3688 4769 ἁγίων.

2118 4779 2324 4852 Βουλὴν
2355 4781 2412 4834 δὲ
2461 4783 2632 4851 ἁγίων
2664 4787 2925 4856 προσεῖπε
2962 4787 3060 4858 τὴν
3111 4788 3368 4860 ἀνωτέρω
3406 4789 3691 4861 λεχθεῖσαν

2128 4872 2454 4944 Ἐκκλησίαν
2493 4876 2662 4944 ἁγίων
2681 4893 2694 4908 ⁸
2735 4880 2829 4933 καὶ
2865 4879 3028 4950 ὲῴκει
3055 4882 3155 4953 τὴν
3205 4883 3530 4955 Ἐκκλησίαν
3580 4889 3688 4942 τῶν

2116 4967 2476 5035 πρωτοτόκων
2512 4968 2620 5022 τῶν
2660 4971 3165 5044 ἀπογεγραμμένων
3190 4977 3246 5028 ὲν
3283 4978 3534 5050 οὐρανοῖς
3569 4981 3686 5050 βου-

2114 5055 2213 5127 λὴν
2238 5057 2600 5127 ὠνομακέναι,
2629 5060 2905 5130 ἀναλόγως
2941 5067 3053 5128 τοῖς
3091 5068 3232 5120 κατὰ
3276 5069 3439 5122 τόπον
3467 5070 3686 5141 βουλευ-

2115 5149 2342 5220 τηρίοις.
2387 5151 2470 5203 Ἐν
2499 5151 2668 5224 ταύτῃ
2697 5153 2754 5206 δὲ
2783 5157 2851 5225 τῇ
2887 5153 3045 5227 βουλῇ
3067 5157 3178 5210 τῶν
3209 5160 3378 5228 ἁγίων
3409 5163 3685 5230 ὲνδοξαζό-

2117 5238 2276 5307 μενός
2300 5239 2444 5292 ἐστιν
2464 5241 2492 5292 ὸ
2517 5241 2591 5312 μὴ
2623 5240 2760 5312 ἔχων
2785 5242 3086 5316 σύγκρισιν,
3113 5247 3247 5318 μηδὲ
3272 5250 3528 5320 ὁμοίωσιν
3550 5253 3682 5325 πρὸς

2110 5329 2234 5391 τοὺς
2266 5328 2694 5401 ὀνομαζομένους
2729 5333 2878 5397 υἱοὺς
2916 5334 3051 5388 Θεοῦ
3072 5354 3085 5367 ·
3122 5339 3216 5391 καὶ
3251 5339 3311 5392 οὐ
3349 5341 3508 5411 μόνον
3537 5343 3682 5396 ἐνδο-

2111 5419 2404 5492 ξαζόμενός
2432 5425 2578 5476 ἐστιν
2621 5426 2678 5478 ὲν
2722 5429 2787 5497 τῇ
2842 5425 3001 5500 βουλῇ
3035 5429 3142 5483 τῶν
3183 5432 3372 5500 ἁγίων,
3399 5433 3539 5488 ἀλλά
3586 5435 3678 5488 καὶ

2110 5512 2341 5584 φοϐερὸς
2365 5514 2596 5586 ὑπάρχει
2623 5517 2714 5571 ἐπὶ
2759 5519 2966 5584 πάντας
2994 5522 3118 5586 τοὺς
3150 5525 3462 5597 περικύκλῳ
3486 5525 3673 5581 αὑτοῦ.

2108 5605 2265 5671 Τίνες
2288 5607 2332 5661 δῗ
2357 5607 2422 5662 ἂν
2471 5604 2580 5663 εἷεν
2623 5613 2670 5664 οἱ
2720 5612 3031 5687 περικύκλῳ
3065 5615 3230 5670 αὐτοῦ
3273 5617 3445 5691 ἀλλ’ἢ
3482 5621 3536 5673 oi
3569 5619 3676 5673 υιδι

519 5753 560 5785 ²¹
602 5755 743 5814 Psal.
780 5779 940 5824 um
967 5812 981 5836 ,
1022 5773 1067 5827 l.
1146 5777 1189 5807 ³⁸
1229 5774 1374 5834 Psal.
1411 5795 1572 5845 χιιι,
1619 5784 1662 5838 l.
1745 5786 1790 5817 ³³
1831 5783 1975 5840 Psal.
2021 5801 2032 5839 ι

2132 5802 2182 5841 x1
2207 5827 2220 5852 ,
2260 5790 2322 5844 (5.Δ
