3990 6202
236 333 240 338 ’
299 317 446 372 1085

1328 304 1869 370 COMMENTAth
1908 315 1974 370 IN
2015 313 2347 373 PSALMOS.

3407 321 3553 378 {086

290 429 391 485 τοῦ
435 429 606 495 Θεοῦ,
657 427 751 482 xui.
792 429 947 484 αὗτοί
993 429 1103 484 θεοὶ
1147 427 1615 501 χρηματίζοντες,
1662 429 1727 482 δι’
1779 427 1873 494 οὓς

1981 431 2208 485 circuitu
2237 431 2358 500 ejus
2386 429 2617 495 fuerint,
2661 431 2766 486 nisi
2797 430 2890 485 ﬁlii
2923 429 3053 495 Dei,
3081 431 3172 502 qui
3197 439 3252 487 et
3277 433 3380 503 ipsi
3405 451 3531 505 quo-

292 524 530 595 εἴρηται,
561 521 616 574 '0
646 521 792 586 Θεὸς
811 521 960 587 ἔστη
985 521 1054 574 ἐν
1078 519 1398 590 συναγωγῇ
1420 519 1602 586 θεῶν;
1625 523 1734 575 Καὶ
1762 522 1870 594 γὰρ

289 615 375 679 τὸ,
413 615 516 668 Ἐν
537 611 744 681 ,ϐουλῇ
767 612 969 680 ἁγίων,
999 613 1092 666 καὶ
1111 612 1193 675 τὸ,
1235 613 1336 666 Ἐν
1369 613 1667 682 ἐκκλησίᾳ
1717 627 1862 682 πρω-

288 707 574 764 τοτόκων.
603 703 698 756 καὶ
726 703 807 765 τὸ,
845 702 940 755 Ἐν
968 700 1292 771 συναγωγῇ
1321 701 1493 767 θεῶν,
1533 702 1591 755 ἓν
1617 703 1712 756 καὶ
1745 721 1872 756 ταυ-

286 798 382 850 τὸν
415 791 553 848 εἶναί
588 811 676 865 μοι
697 794 859 846 δοκεῖ.
878 792 1094 846 Τούτων
1118 791 1404 864 τοιγαροῦν
1429 793 1488 846 ἐν
1523 793 1671 865 μέσῳ
1699 793 1872 860 ἐστὼς

290 887 383 941 καὶ
431 886 537 939 ὑπὸ
582 884 787 938 τούτων
827 884 1292 956 δορυφορούμενος
1347 887 1375 938 ὁ
1407 884 1534 949 Υἱὸς
1571 885 1668 938 τοῦ
1711 886 1868 953 Θεοῦ,

288 975 706 1048 ἐνδοξαζόμενος
736 977 949 1048 εἴρηται
983 977 1078 1030 καὶ
1109 977 1280 1049 μέγας
1313 978 1408 1031 καὶ
1435 977 1683 1050 φοϐερόςέ
1710 979 1778 1033 ’0
1806 997 1869 1048 γε

294 1070 403 1144 μὴν
443 1069 738 1140 Σύμμαχος
786 1068 854 1122 τὰ
907 1069 1243 1140 προκείμενα
1282 1067 1471 1122 τοῦτον
1520 1069 1748 1136 ἐξέδωκε
1779 1071 1890 1142 τὸν,

289 1164 494 1236 τρόπον
513 1181 527 1194 ·
569 1163 678 1216 Θεὲ
705 1162 958 1230 άήττητε
989 1163 1059 1215 ἐν
1086 1162 1289 1231 ὁμιλίᾳ
1319 1161 1502 1231 άτίων
1522 1161 1745 1231 πολλῇ,
1771 1164 1868 1217 καί

292 1257 577 1326 ἐπίφοϐος
601 1255 670 1308 ἐν
697 1252 846 1310 πᾶσι
869 1254 992 1319 τοῖς
1021 1253 1153 1322 περί
1187 1254 1479 1308 σεαυτόνο
1503 1255 1532 1307 ὁ
1558 1253 1616 1307 δέ
1644 1240 1897 1318 Ἀκύλας

294 1349 458 1422 φησί·
525 1347 792 1416 Ἰσχυρὸς
842 1347 1422 1416 κατισχυρευόμδνος
1456 1346 1526 1399 ἐν
1558 1344 1876 1415 ἀπορρήτῳ

292 1440 498 1510 ἁγίων,
527 1435 775 1506 πλῆθος,
803 1437 1057 1506 πλῆθος,
1090 1437 1189 1491 καὶ
1218 1437 1503 1506 ἐπίφοϐος
1521 1437 1619 1490 ἐπὶ
1641 1437 1871 1505 πάντας

292 1532 498 1598 κύκλῳ
532 1529 758 1584 uittas");
789 1530 853 1583 Ἦ
882 1530 937 1582 δὲ
973 1529 1067 1583 τοῦ
1095 1529 1618 1602 λόγουδιάνοιαρτὴν
1647 1529 1870 1584 ἀκολου-

293 1627 417 1680 θίαν
462 1624 815 1696 παρίστησιν.
863 1623 1080 1695 Ἐπειδὴ
1136 1623 1244 1694 γάρ
1273 1623 1498 1687 δυνατὸς
1541 1619 1623 1690 εἴ,
1659 1622 1868 1695 Κύριε,

291 1720 482 1792 φησὶν,
511 1718 606 1772 καί
639 1719 673 1789 ἡ
711 1716 938 1788 ἀλήθειά
972 1733 1065 1770 σου
1089 1715 1276 1788 κύκλῳ
1307 1733 1424 1779 σου,
1449 1715 1674 1780 εἰκότως
1699 1716 1872 1787 μέγας

1977 536 2085 590 que
2128 519 2201 574 dii
2240 529 2628 591 nuncupantur
2659 539 2670 576 :
2708 537 2940 591 quorum
2985 536 3151 580 causa
3184 522 3389 578 dictum
3421 535 3551 590 est-,.

1976 612 2118 666 Deus
2145 613 2287 666 stetit
2319 615 2373 666 in
2402 630 2668 684 synagoga
2694 612 2915 667 deorum
2940 614 3025 667 ’⁸2
3056 613 3262 669 Etenim
3286 616 3416 670 illud
3437 657 3452 682 ,
3482 617 3555 671 In-

1975 703 2195 758 consilio
2227 713 2529 757 sanctorum
2557 721 2577 768 ;
2607 711 2660 759 et
2696 705 2827 758 illud
2857 744 2870 765 ,
2929 703 2990 756 In
3037 706 3259 760 ecclesia
3290 708 3530 777 primoge

1977 795 2245 860 nitorum;
2294 806 2379 859 et,
2417 794 2484 849 In
2528 813 2795 867 synagoga
2827 797 3086 862 deorum;
3119 815 3283 852 unum
3319 807 3374 853 et
3407 800 3555 855 idem

1975 903 2096 944 esse
2126 888 2342 944 videtur
2383 888 2539 944 mihi.
2587 887 2791 944 Horum
2831 889 3016 960 itaque
3062 891 3116 944 in
3150 891 3331 945 medio
3359 901 3559 956 stans,

1975 979 2062 1035 his
2091 979 2326 1050 stipatus
2343 979 2514 1034 Filius
2538 979 2632 1034 Dei
2657 1020 2673 1044 ,
2703 979 3039 1050 gloriﬁcatus
3058 1021 3072 1044 ,
3107 997 3336 1051 magnus
3365 991 3419 1037 et
3438 987 3540 1035 ter

1976 1072 2157 1127 ribilis
2189 1072 2413 1126 dicitur.
2463 1070 2590 1126 Haec
2633 1087 2766 1126 vero
2799 1071 3163 1143 Symmachus
3212 1075 3293 1128 sic
3339 1074 3548 1128 edidit:

1975 1165 2115 1219 Deus
2161 1165 2348 1218 invicte
2393 1165 2447 1218 in
2491 1165 2886 1219 conversatione
2930 1175 3234 1220 sanctorum
3265 1168 3464 1225 multa,
3500 1173 3553 1220 et

1978 1255 2238 1310 trcmende
2260 1255 2585 1310 in'omnibus
2615 1255 2708 1326 qui
2735 1257 2932 1309 circum
2965 1265 3012 1310 te
3035 1267 3156 1334 sunt
3180 1273 3199 1319 ,'
3225 1256 3418 1327 Aquila
3447 1273 3546 1311 aue

1975 1345 2093 1405 tem
2108 1351 2182 1402 ait
2207 1369 2219 1403 ε
2247 1347 2424 1402 Fortis
2452 1348 2733 1403 roboratus
2756 1352 2808 1402 in
2833 1359 3028 1402 secreto
3049 1359 3349 1403 sanctorum
3371 1389 3390 1415 ,
3413 1350 3523 1404 mul

1977 1442 2146 1496 titudo
2166 1482 2182 1505 ,
2219 1440 2502 1495 multitudo
2523 1481 2538 1500 .
2569 1451 2617 1495 et
2655 1441 2953 1495 tremendus
2983 1457 3140 1511 super
3169 1458 3346 1496 omnes
3377 1441 3466 1511 qui
3495 1441 3558 1495 ἔπη

1977 1532 2203 1586 circuitu
2249 1531 2362 1600 ejus
2409 1540 2554 1586 sunt.
2607 1530 2726 1602 Ipsa
2762 1546 2929 1602 porro
2961 1531 3094 1586 dicti
3141 1532 3408 1586 sententia
3457 1547 3546 1586 se-

1978 1626 2112 1679 riem
2147 1624 2342 1694 aperit.
2375 1621 2508 1677 Nam
2537 1623 2665 1693 quia
2699 1633 2893 1693 potens
2919 1638 3013 1688 es,
3050 1625 3273 1678 Domine
3293 1665 3308 1690 ,
3337 1624 3545 1695 inquit,

1975 1721 2030 1768 et
2061 1714 2264 1767 veritas
2294 1713 2478 1767 tua-in
2509 1713 2743 1767 circuitu
2779 1723 2905 1778 tuo,
2949 1713 3074 1781 jure
3118 1727 3349 1782 magnus
3393 1729 3454 1768 es
3493 1721 3548 1768 et

291 1807 364 1876 εἴ,
399 1810 492 1863 καὶ
529 1808 759 1879 φοϐερὸς
805 1803 884 1873 εἰ,
932 1808 1026 1862 καί
1070 1806 1485 1879 ἐνδοξαξόμενος
1524 1808 1576 1861 εἷ
1617 1811 1676 1861 ἐν
1710 1808 1870 1883 βουλῇ

1981 1803 2240 1859 terribilis
2283 1809 2336 1858 et
2375 1802 2716 1873 gloriﬁcatus
2748 1803 2802 1857 in
2838 1804 3072 1858 consilio
3116 1808 3463 1867 sanctorum,
3495 1811 3544 1858 et

292 1904 488 1974 ἁγίων,
520 1904 615 1956 καὶ
640 1903 828 1965 ἐντοῖς
856 1899 954 1973 τὴν
983 1901 1080 1973 σὴν
1115 1901 1344 1971 θεότητα
1374 1900 1779 1973 περιπολοῦσιν,
1798 1903 1874 1967 οἶ,

297 1997 404 2051 τῶν
444 1995 550 2049 σῶν
571 1993 922 2063 ἐπαγγελιῶν
944 1995 1043 2065 τὴν
1091 1994 1350 2066 ἀλήθειαν
1378 1994 1731 2066 συνορῶντες,
1773 1981 1874 2060 τὰς

297 2091 613 2161 πρεπούσας
669 2087 1020 2158 εὐχαριστίας
1071 2085 1210 2157 μετὰ
1259 2084 1588 2156 θαυμασμοῦ
1631 2085 1729 2156 τῆς
1775 2087 1877 2158 σῆς

296 2183 548 2253 θεότητος
581 2179 985 2252 άναπέμπουσι.
1032 2179 1124 2232 Διὸ
1167 2176 1347 2250 μικρῷ
1381 2177 1615 2249 πρόσθεν
1652 2177 1884 2244 ἔλεγονο.

310 2271 881 2343 Ἐξομολογήσονται
905 2274 960 2325 οἰ
1005 2271 1247 2340 οὐρανοί
1294 2269 1364 2323 τὰ
1399 2269 1704 2338 θαυμάσιά
1732 2270 1874 2334 σου,

297 2368 394 2421 καί
429 2367 544 2434 τὴν
575 2365 862 2435 ἀλήθειάν
891 2380 1007 2418 σου
1040 2365 1110 2418 ἐν
1143 2363 1468 2430 Ἐκκλησία
1490 2357 1693 2432 ἀγίῶν.

369 2459 543 2526 Κύριε
575 2459 608 2511 ὀ
645 2457 789 2523 Θεὸς
818 2456 942 2510 τῶν
967 2454 1312 2526 δυνάμεων,
1357 2455 1450 2521 τίς
1485 2453 1686 2523 ὅμοιός
1728 2471 1864 2517 σοις

299 2552 560 2617 Δυωτύς
587 2547 658 2614 εἴ,
689 2552 886 2619 Κύριε,
908 2549 1005 2602 καί
1026 2550 1063 2618 ὴ
1094 2546 1347 2616 ἀλήθειά
1369 2561 1485 2601 σου
1507 2547 1708 2612 κύκλῳ
1734 2563 1867 2601 σου.

300 2644 383 2697 Σὺ
411 2641 720 2708 δεσπόζεις
747 2641 854 2696 τοῦ
888 2640 1144 2710 κράτους
1168 2637 1638 2707 τῆςθαλάσσης,
1669 2637 1776 2691 τὸν
1806 2637 1884 2691 δὲ’

301 2735 497 2790 σάλον
517 2732 636 2788 τῶν
671 2733 950 2804 κυμάτων
975 2730 1167 2800 αὐτῆς
1191 2729 1272 2785 σὺ
1304 2730 1758 2798 καταπραΰνεις.
1788 2729 1874 2784 Σὺ

298 2825 706 2890 ὲταπείνωσας
736 2809 816 2891 ὧς
855 2823 1220 2893 τραυματίαν
1245 2820 1638 2891 ὑπερήφανον
1676 2822 1746 2876 ἐν
1793 2821 1874 2888 τῷ

305 2917 578 2986 Βραχίονι
621 2915 732 2984 τῆς
762 2905 1068 2986 δυνάμεώς
1106 2929 1221 2969 σου
1259 2913 1688 2983 διεσκόρπισας
1734 2913 1874 2981 τοὺς

297 3007 551 3077 ἐχθρούς
587 3024 727 3062 σου.
759 3007 865 3060 Καὶ
901 3007 958 3060 ἐν
995 3006 1203 3070 τούτοις
1231 3007 1384 3060 οὐδὲν
1419 3006 1608 3078 ἀφίησι
1645 3007 1752 3060 τῶν
1777 3023 1885 3076 γε·-

304 3100 481 3170 νητῶν
512 3095 649 3152 εἶναι
677 3101 858 3169 ὅμοιον
886 3097 965 3169 τῷ
995 3098 1397 3170 θεολογουμένῳ
1435 3097 1550 3168 Υἰῷ
1573 3097 1666 3151 τοῦ
1706 3097 1868 3152 Θεοῦ·

301 3194 467 3248 αὐτόν
495 3193 602 3266 γὰρ
648 3189 788 3247 εἶναι
821 3193 912 3272 τὸν
938 3191 1163 3247 δυνατὸν
1183 3232 1198 3258 ,
1241 3193 1334 3246 καὶ
1358 3192 1449 3245 τὸν
1480 3191 1589 3244 τῶν
1634 3189 1879 3245 δυνατῶν

301 3287 458 3352 Θεὸν,
514 3289 606 3342 καί
634 3287 814 3341 αὐτῶν
836 3286 947 3340 τῶν
982 3287 1264 3358 δυνάμεων
1307 3287 1531 3359 Κύριον,
1563 3286 1638 3350 ὡς
1673 3285 1880 3358 μηδένα

301 3379 452 3451 αύτῴ
476 3379 772 3448 ἀντιλέγειν
797 3378 1075 3442 δύνασθαι,
1109 3379 1243 3451 μηδὲ
1280 3380 1347 3449 τῇ
1387 3378 1550 3433 αὐτοῦ
1592 3377 1752 3449 βουλῇ
1786 3379 1878 3432 άν-

303 3471 618 3526 θίστασθαι·
658 3472 725 3526 δι’
759 3471 795 3525 ὂ
831 3471 1009 3541 λέγειν
1038 3472 1200 3525 αὑτὸν
1235 3472 1328 3526 καὶ
1369 3475 1560 3538 ποιεῖν,
1584 3472 1677 3526 ἆτε
1720 3471 1877 3543 μόνον

299 3564 556 3629 δυνατὸν,
607 3565 676 3618 τά
717 3563 922 3617 πάνταο
957 3563 1019 3616 τὸ
1047 3563 1186 3635 γὰρ,
1245 3564 1341 3630 Τίς
1371 3563 1570 3633 ὅμοιός
1616 3579 1752 3628 σοι;
1785 3565 1881 3617 καί

299 3653 536 3708 ἐνταῦθα
566 3655 668 3709 ούκ
703 3656 795 3709 ἐπὶ
828 3654 923 3708 τοῦ
954 3656 1202 3720 σπανίου,
1245 3655 1358 3709 ἀλλ’
1402 3656 1494 3709 ἐπὶ
1531 3657 1622 3710 τοῦ
1655 3656 1880 3728 μηδενὸς

301 3747 690 3817 παρείληπται.
725 3746 927 3801 Οὐδένα
951 3745 1082 3816 γοῦν
1111 3748 1294 3819 ὅμοιον
1329 3743 1468 3803 εἷναί
1503 3765 1634 3820 φησι
1665 3749 1743 3820 τῷ
1781 3765 1878 3802 κυ-

305 3837 729 3910 ριολογουμένῳ,
754 3839 1240 3912 ἀντιπαραϐάλλων
1270 3839 1418 3911 αύτῷ
1463 3841 1587 3905 τοὺς
1625 3841 1881 3913 ἀνωτέρω

303 3929 638 4001 εἰρημένους
663 3930 811 3994 υἰοὺς
851 3931 1152 4003 Θεοῦ.,Τῆς
1189 3931 1300 4004 γάρ
1337 3931 1728 4003 αὑτῆς-ἔχεται
1769 3933 1883 3986 δια-

306 4021 452 4085 νοίας
479 4021 547 4076 τὰ
576 4021 819 4094 παρόντα
846 4023 940 4081 καὶ
959 4022 1029 4080 τά
1053 4023 1316 4095 πρότερα,
1341 4024 1399 4077 ἐν
1419 4017 1501 4086 οἷς
1531 4024 1739 4096 εἴρητοο
1762 4025 1884 4078 Ὅτι

307 4111 396 4178 τίς
405 4111 473 4164 ἐν
486 4111 767 4180 νεφέλαις
779 4111 1134 4179 ισωθήσεται
1145 4112 1224 4180 τῷ
1236 4113 1450 4182 Κυρίῳ,
1465 4113 1884 4182 ὁμοιωθήσεται

308 4202 387 4268 τῷ
414 4205 607 4272 Κυρίῳ
631 4204 702 4257 ἐν
723 4203 875 4270 υίοῖς
903 4203 1052 4259 Θεοῦ
1063 4221 1083 4268 ;
1116 4206 1210 4259 καὶ
1235 4205 1329 4259 νῦν
1361 4205 1406 4259 δ’
1436 4201 1550 4269 οὖν,
1579 4208 1670 4272 Τις
1686 4205 1886 4273 ὅμοιός

305 4309 434 4360 σοι;
451 4297 728 4367 φησίν,ὄτι
741 4295 961 4359 δυνατὸς
978 4293 1047 4360 εἰ,
1067 4297 1158 4350 καὶ
1173 4299 1205 4357 ἡ
1223 4297 1446 4368 ἀλήθεια
1455 4296 1746 4367 τῶνλόγων
1769 4315 1883 4363 σου,

307 4387 366 4440 αἴ
388 4404 448 4440 τε
467 4387 786 4458 ἐπαγγελίαι
809 4404 900 4441 σου
925 4405 992 4440 πε
1002 4389 1130 4460 ρί-σὲ
1155 4391 1248 4443 καὶ
1267 4390 1417 4462 παρὰ
1439 4391 1522 4444 σοὶ
1540 4389 1889 4462 τυγχάνουσι.

1974 1896 2029 1951 in
2060 1895 2126 1951 iis
2155 1895 2248 1965 qui
2289 1895 2550 1950 deitatem
2601 1895 2808 1966 stipant
2854 1903 3040 1959 tuam,
3093 1895 3224 1965 qui,
3252 1904 3544 1966 conspecta

1975 1988 2365 2060 promissorum
2387 1997 2604 2041 tuorum
2633 1986 2888 2048 veritate,
2913 1985 3125 2041 debitas
3154 2002 3276 2040 cum
3308 1987 3532 2041 admirao

1973 2080 2123 2136 tione
2176 2079 2398 2134 deitatis
2457 2087 2566 2134 tua:
2617 2078 2918 2149 gratiarum
2969 2077 3218 2133 actiones
3272 2078 3529 2132 emittunt

1973 2172 2156 2240 Quare
2181 2168 2346 2242 paulo
2372 2179 2530 2226 antea
2558 2170 2807 2226 dicebam
2835 2187 2849 2224 :
2881 2164 3284 2239 Conﬁtebuntur
3309 2169 3424 2222 εωίί
3454 2169 3525 2222 mi

1973 2263 2167 2319 rabilia
2196 2273 2317 2329 tua,
2340 2272 2387 2317 et
2417 2263 2682 2316 veritatem
2711 2273 2854 2314 tuam
2882 2263 2937 2315 in
2961 2261 3199 2316 Ecclesia
3225 2273 3546 2317 sanctorum.

2042 2467 2210 2524 Vens.
2252 2467 2416 2523 9-H.
2454 2465 2678 2520 Domine
2710 2464 2848 2518 Deus
2879 2465 3152 2527 virtutum,
3200 2464 3317 2532 quis
3358 2462 3549 2517 similis

1975 2558 2067 2614 tibi
2093 2561 2118 2613 ἵ
2147 2559 2341 2614 Potens
2378 2574 2455 2620 es,
2487 2555 2740 2619 Domine,
2773 2564 2823 2608 et
2866 2555 3056 2608 veritas
3104 2564 3193 2606 tua
3229 2554 3283 2606 in
3328 2553 3548 2606 circuitu

1977 2660 2086 2706 tuo.
2145 2651 2224 2705 Tu
2273 2649 2567 2704 dominaris
2597 2647 2849 2718 potestati
2882 2647 3081 2709 maris,
3127 2653 3326 2698 motum
3373 2653 3547 2696 autem

1972 2743 2228 2811 ﬂuctuum
2255 2742 2369 2812 ejus
2387 2750 2442 2794 tu
2467 2741 2698 2810 mitigas.
2725 2737 2802 2792 Tu
2834 2737 3126 2791 Immiliasti
3153 2736 3286 2790 sicut
3306 2735 3538 2789 vulnera-

1976 2844 2087 2889 tum
2124 2832 2441 2902 superbum,
2488 2833 2541 2885 in
2585 2829 2800 2884 brachio
2849 2820 3219 2902 virtutis'tuwi
3250 2824 3546 2893 dispersisti

1975 2926 2216 2981 inimicos
2251 2933 2390 2979 tuos.
2442 2922 2498 2976 In
2543 2923 2630 2977 his
2670 2935 2889 2992 quoque
2919 2919 3123 2974 nullam
3158 2901 3422 2972 factarum
3457 2931 3550 2970 re-

1976 3016 2096 3074 rum
2127 3017 2360 3074 similem
2407 3013 2549 3069 Filio
2586 3013 2716 3077 Dei,
2749 3015 2841 3084 qui
2887 3011 3029 3067 Deus
3074 3011 3421 3082 praedicatur,
3455 3009 3551 3063 ad-

1979 3109 2190 3176 mittit;
2225 3109 2404 3179 ipsum
2454 3122 2688 3178 namque
2733 3115 2788 3161 ct
2834 3113 3105 3177 potentem
3153 3110 3206 3159 et
3249 3101 3549 3173 potentium

1977 3199 2145 3255 Deum
2174 3215 2238 3255 ac
2264 3201 2521 3254 virtutum
2555 3199 2836 3253 dominum
2869 3197 3036 3262 dicit,
3065 3195 3138 3250 ita
3174 3204 3232 3249 ut
3261 3207 3420 3248 nemo
3446 3191 3550 3262 ipsi

1977 3306 2282 3362 repugnare
2303 3331 2318 3355 ,
2354 3307 2530 3360 neque
2559 3291 2680 3360 ejus
2710 3288 2982 3344 voluntati
3015 3285 3390 3342 contradicere
3420 3299 3549 3353 pos-

1978 3385 2088 3440 sit:
2123 3397 2325 3454 quare,
2357 3390 2544 3453 utpote
2571 3381 2723 3437 solus
2749 3388 2977 3450 potens,
3007 3377 3189 3432 omnia
3222 3375 3357 3431 dicit
3387 3382 3441 3429 et
3473 3373 3552 3428 fa-

1977 3475 2053 3530 cit
2082 3493 2096 3543 ;
2132 3475 2266 3529 illud
2299 3475 2445 3530 enim
2469 3514 2483 3540 ,
2516 3469 2652 3541 Quis
2681 3472 2874 3527 similis
2905 3471 3000 3524 tibi
3023 3472 3053 3525 ἲ
3077 3483 3184 3524 non
3215 3481 3370 3522 raros
3397 3481 3548 3529 esse,

1979 3567 2072 3623 sed
2103 3565 2313 3620 nullum
2341 3581 2463 3622 esse
2491 3565 2754 3620 declarat.
2788 3562 3069 3638 Neminem
3102 3561 3286 3632 itaque
3316 3557 3548 3613 similem

1979 3675 2103 3716 esse
2135 3661 2211 3713 ait
2241 3659 2356 3726 illi,
2388 3659 2482 3729 qui
2507 3656 2775 3711 Dominus
2821 3654 3169 3726 praedicatur,
3214 3667 3338 3706 cum
3375 3649 3550 3705 eidem

1981 3750 2104 3804 ilos
2150 3751 2474 3819 comparat,
2507 3746 2598 3817 qui
2645 3746 2899 3814 superius
2941 3743 3034 3796 ﬁlii
3084 3740 3180 3796 Dei
3226 3739 3357 3794 dicti
3399 3743 3548 3793 sunt.

1981 3841 2106 3898 Haec
2135 3841 2279 3898 enim
2312 3841 2486 3896 eidem
2517 3839 2728 3894 haerent
2755 3836 3042 3914 sententiae
3062 3876 3076 3900 ,
3111 3834 3198 3889 cui
3232 3833 3420 3889 istlizec
3454 3847 3552 3886 su-

1982 3935 2168 4006 perius
2197 3934 2384 3988 dicta:
2433 3930 2699 3998 Quoniam
2737 3929 2854 4000 quis
2900 3929 2954 3982 in
2996 3924 3222 3981 nubibus
3259 3919 3554 3993 mquabitur

1983 4024 2212 4080 Domino
2236 4027 2270 4082 ἓν
2308 4023 2501 4078 similis
2549 4021 2648 4076 erit
2695 4019 2921 4074 Domino
2967 4018 3021 4071 in
3068 4015 3198 4087 ﬁliis
3227 4013 3370 4069 Dei?
3396 4009 3552 4065 Nunc

1985 4118 2112 4174 item
2133 4158 2147 4182 ,
2181 4116 2312 4184 Quis
2345 4115 2535 4170 similis
2562 4113 2698 4169 tibi?
2726 4113 2825 4177 ait,
2865 4109 2992 4182 quia
3036 4118 3226 4179 potens
3249 4120 3346 4170 es,
3379 4112 3432 4159 et
3459 4117 3554 4158 νε-
3613 4111 3618 4118 ·

1992 4211 2129 4266 ritas
2189 4224 2501 4265 sermonum
2553 4213 2812 4269 tuorum,
2874 4201 3141 4272 promissa
3190 4212 3406 4268 quoque
3458 4204 3552 4249 tua

1987 4305 2134 4360 circa
2185 4311 2237 4358 te
2283 4309 2337 4356 et
2383 4314 2553 4371 penes
2582 4306 2636 4352 te
2660 4308 2808 4353 sunt.
2841 4296 3016 4350 Penes
3049 4303 3099 4347 te
3125 4293 3324 4362 quippe
3351 4296 3468 4352 est,
3497 4294 3554 4342 et

1989 4412 2156 4468 penes
2179 4411 2272 4450 eos
2302 4395 2395 4463 qui
2439 4402 2494 4448 te
2533 4390 2892 4452 circumdant,
2935 4387 3134 4442 veritas
3183 4394 3311 4439 tua:
3346 4397 3469 4436 nam
3504 4380 3552 4436 si

309 4479 464 4549 Παρὰ
480 4481 562 4533 σοὶ
585 4479 693 4550 γάρ
717 4481 852 4547 ἐστι,
879 4481 1139 4554 καὶπαρὰ
1165 4484 1276 4547 τοῖς
1294 4481 1556 4536 κυκλοῦσί-
1576 4499 1654 4548 σε,
1689 4484 1722 4554 ή
1753 4483 1879 4554 ἀλή-

1991 4489 2084 4559 qui
2129 4488 2374 4558 proxime
2414 4495 2468 4539 te
2527 4490 2582 4538 et
2628 4484 2683 4535 in
2726 4479 2956 4535 circuitu
2995 4486 3086 4530 tuo
3120 4482 3280 4538 sunt,
3313 4472 3391 4526 illi
3422 4485 3554 4527 sane

307 4570 428 4623 θειά
450 4587 579 4624 σου-ο
605 4573 653 4624 εἰ
698 4571 806 4642 γάρ
836 4572 978 4636 τινές
1015 4591 1109 4627 σου
1139 4574 1365 4646 πλησίον
1387 4577 1482 4629 καὶ
1499 4575 1682 4646 κύκλῳ
1706 4591 1887 4647 περιε-

308 4661 508 4727 στῶτες
540 4659 669 4727 εἷεν,
691 4659 837 4718 οῦτοι
869 4665 1022 4718 αὐτοὶ
1045 4665 1142 4737 τὴν
1164 4666 1420 4738 ἀλήθειάν
1443 4685 1535 4721 σου
1584 4667 1850 4737 γινώσκου
1867 4699 1885 4709 -

307 4770 409 4806 σιν.
426 4755 617 4826 Ἡμεῖς
634 4755 690 4809 δὲ
706 4757 756 4809 οἱ
789 4757 881 4809 ἐπὶ
900 4757 1024 4829 γῆς,
1041 4757 1122 4812 ἐτι
1150 4761 1366 4832 μακράν
1389 4778 1482 4814 σου
1507 4763 1882 4832 τυγχάνοντες,

313 4847 404 4911 τὰς
461 4848 860 4920 μεγαλουργίας
890 4869 892 4871 ν
919 4867 1012 4903 σου
1074 4851 1183 4905 ἀπὸ
1243 4851 1358 4907 τῶν
1403 4855 1544 4908 κατὰ
1609 4854 1889 4909 θάλασσαν·

307 4941 716 5013 ἐνεργουμένων
767 4940 872 4994 ὑπὸ
914 4943 1014 5014 τῆς
1061 4944 1162 5015 σῆς
1223 4945 1479 5016 προνοίας
1533 4945 1884 5019 Θεωροῦντες,

308 5036 696 5107 ὁμολογοῦμεν,
727 5037 808 5091 ὅτι
855 5037 1077 5102 δυνατὸς
1096 5033 1166 5104 εἰ,
1202 5039 1297 5093 καὶ
1331 5041 1365 5111 ἡ
1394 5039 1622 5111 ἀλήθειά
1654 5058 1746 5093 σου
1787 5040 1886 5094 κύ-

309 5129 422 5200 κλῳ
450 5146 563 5183 σου.
587 5131 698 5201 Τῆς
716 5147 774 5183 τε
806 5129 914 5202 γὰρ
945 5128 1222 5202 θαλάσσης
1250 5130 1350 5184 καὶ
1374 5130 1469 5184 τοῦ
1495 5131 1749 5185 τοσούτου
1775 5131 1885 5185 τῶν

309 5221 516 5276 ὑδάτων
551 5223 745 5286 κύτους
779 5223 843 5275 σὺ
900 5222 1060 5294 μόνος
1091 5222 1392 5288 δεσπόζεις,
1437 5223 1532 5275 καὶ
1585 5223 1679 5276 τὸν
1724 5223 1884 5277 σάλον

318 5313 418 5368 τῶν
447 5314 708 5385 κυμάτων
735 5313 903 5385 αὐτῆς
945 5315 1009 5367 σὺ
1053 5314 1212 5386 μόνος
1258 5316 1690 5387 καταπραΰνεις,
1727 5333 1884 5388 περι-

311 5407 425 5471 θεὶς
451 5408 587 5480 αὑτῇ
622 5407 844 5477 κλεῖθρα
883 5408 977 5460 καί
1007 5407 1198 5470 πύλας,
1242 5409 1335 5461 καὶ
1377 5409 1499 5479 ὅρια
1547 5409 1684 5479 αὐτῇ
1716 5408 1887 5479 πηξά-

313 5517 494 5570 μενος,
533 5500 609 5564 ὡς
652 5499 718 5553 ἂν
767 5500 841 5570 μὴ
888 5500 1178 5572 ὑπερδᾶσα
1228 5500 1584 5555 κατακλύσειε
1635 5501 1734 5571 τὴν
1781 5501 1889 5556 τῶν

313 5592 612 5665 ἀνθρώπων
639 5590 979 5662 οἰκουμένην.
1017 5592 1081 5646 ’Ὀ
1096 5591 1158 5662 δὴ
1191 5592 1282 5648 καὶ
1322 5593 1452 5648 αὐτὸ
1475 5592 1533 5647 ἓν
1557 5609 1610 5646 τι
1633 5592 1890 5663 τυγχάνει

404 5749 433 5773 ⁸⁸·
472 5746 614 5804 Rsal.
651 5761 846 5812 um,
881 5747 930 5801 ι.

1990 4579 2276 4633 veritatem
2326 4582 2530 4631 norunt
2573 4581 2744 4626 tuam.
2778 4569 2886 4625 Nos
2916 4576 3092 4624 autem
3122 4566 3213 4638 qui
3242 4566 3296 4618 in
3323 4571 3470 4617 terra
3500 4569 3554 4616 et

1990 4669 2172 4726 adhuc
2203 4667 2390 4740 procul
2421 4675 2475 4721 te
2504 4677 2809 4725 versamur,
2841 4675 2907 4716 ex
2936 4659 3005 4714 iis
3037 4672 3157 4727 qua:
3187 4655 3301 4711 sive
3327 4655 3384 4709 in
3408 4645 3566 4736 terra:

1991 4763 2106 4819 sive
2133 4739 2355 4816 initiari
2383 4774 2412 4811 a
2439 4754 2783 4829 providentia
2810 4751 2901 4807 tua
2927 4760 3212 4823 geruntur,
3241 4762 3433 4819 magna
3463 4755 3554 4800 tua

1989 4854 2205 4927 opiﬁcia
2236 4827 2696 4920 contemplantes,
2739 4845 3060 4900 conlitemur
3085 4850 3136 4896 te
3166 4848 3468 4911 potentem,
3503 4827 3567 4893 et.

1984 4948 2269 5003 veritatem
2301 4951 2450 4998 tuam
2483 4941 2538 4994 in
2571 4937 2806 4992 circuitu
2831 4947 2925 4991 tuo
2953 4950 3094 4990 esse.
3126 4931 3260 4987 Nam
3310 4942 3368 4985 tu
3410 4930 3563 4985 solus

1987 5038 2127 5093 mari
2156 5044 2212 5092 et
2238 5042 2404 5089 tanta:
2435 5043 2700 5102 aquarum
2727 5025 3048 5099 plenitudini
3075 5023 3376 5080 dominaris
3399 5061 3414 5085 ,
3439 5035 3558 5074 mo-

1987 5137 2100 5184 tum
2132 5129 2394 5182 ﬂuctuum
2425 5125 2544 5195 ejus
2567 5136 2710 5176 unus
2741 5120 2958 5190 mitigas
2980 5158 2995 5182 ,
3034 5116 3249 5187 ipsique
3279 5115 3514 5168 claustra
3540 5147 3557 5173 ,

1990 5228 2180 5292 portas
2207 5227 2262 5274 et
2287 5216 2554 5273 terminos
2589 5211 2756 5267 ﬁxisti
2781 5251 2796 5274 ,
2830 5226 2899 5266 ne
2932 5217 3378 5280 praetergressum
3413 5199 3541 5268 pelav

1985 5291 2088 5386 qus
2116 5309 2346 5367 inundet
2370 5309 2579 5364 orbem.
2605 5305 2761 5373 Quod
2790 5319 2923 5359 sane
2953 5301 3037 5356 vel
3063 5312 3230 5352 unum
3261 5291 3558 5347 maximum

1991 5385 2153 5464 luerit
2197 5403 2482 5476 potestatis
2529 5411 2634 5456 tua:
2685 5405 3082 5469 argumentum.
3117 5391 3186 5441 At
3213 5385 3358 5440 enim
3407 5389 3560 5435 tanta

1991 5515 2261 5572 aquarum
2314 5497 2638 5560 commotio,
2690 5492 2788 5546 tibi
2850 5497 2910 5543 ut
2955 5483 3174 5539 domino
3216 5478 3557 5572 obsequens,

1993 5571 2122 5649 dum
2155 5600 2374 5648 tumens
2407 5590 2464 5646 in
2492 5588 2658 5642 altum
2690 5580 2957 5646 evehitur,
2987 5571 3310 5630 reformidat
3339 5580 3554 5637 tamen,
