3990 6202
311 207 336 264 ί
347 211 453 266 089

1480 218 1982 277 COMMENTARIA
2021 221 2087 276 IN
2128 222 2470 282 PSALMOS;

3427 237 3450 291 1
3461 237 3566 294 090

307 329 474 383 αὐτοῦ
520 330 916 402 διασκορπίσει.
967 333 1130 402 Λέγει
1187 335 1245 388 δὲ
1307 334 1480 390 ταῦτα
1535 337 1878 406 ἀναγκαίωςο
1918 341 2195 412 προειπὼν
2225 344 2354 416 γὰρ,
2401 344 2662 412 Δυνατὸς
2709 349 2784 414 εἴ,
2817 351 3013 418 Κύριε,
3084 351 3183 406 καί
3225 353 3265 420 ἡ
3315 352 3564 421 ἀλήθειά

304 435 422 474 σου
468 421 672 488 κύκλῳ
727 439 878 488 σου,
925 425 1250 496 παρίστησιν
1298 427 1481 490 αὐτοῖς
1533 427 1714 498 ἐργυις
1765 429 1882 494 πῶς
1922 431 2155 503 ὑπάρχει
2181 434 2404 498 δυνατὸς
2421 437 2458 488 ’ὁ
2493 435 2696 508 Κύριος
2718 439 2799 500 είς
2827 438 3090 494 πίστωσιν
3159 440 3256 512 τῆς
3310 442 3566 514 ἀληθείας

303 512 470 569 αὐτοῦ
495 554 510 577 ,
559 513 699 585 ὑπὲρ
746 514 840 567 τοῦ
881 515 979 580 τὰς
1026 517 1357 587 ἐπαγγελίας
1402 519 1539 590 πρὸς
1586 522 1677 575 τὸν
1721 522 1882 594 Δαυῒδ
1917 526 2289 598 γεγενημένας
2315 527 2536 598 ἀληθεῖς
2561 529 2855 596 ἀποδεῖξαι.

376 609 480 662 Σοί
525 611 686 662 εἰσιν
712 609 989 676 οὐρανοὶ,
1038 613 1134 666 καὶ
1168 611 1252 679 σή
1302 615 1475 667 ἐστιν
1527 617 1565 684 ἡ
1618 617 1720 686 γῆ.
1766 619 1865 687 τὴν

2062 620 2224 678 Vsus.
2259 623 2348 689 12,
2372 625 2459 678 15.
2483 618 2584 679 Tui
2607 635 2729 680 sunt
2759 627 2876 681 caeli
2895 637 2948 681 et
2969 639 3061 681 tua
3088 639 3168 683 est
3202 641 3364 695 terra,
3385 632 3559 688 orbem

301 699 667 768 οἰκουμένην
706 700 802 753 καὶ
850 701 913 754 τὸ
972 701 1262 772 πλήρωμα
1307 704 1499 774 αὐτῆς
1542 707 1624 761 σὺ
1680 709 1880 780 ἐθεμε..

300 783 572 860 λίωσας,
632 793 737 847 τὸν
797 793 1030 864 βορῤᾶν
1100 797 1197 850 καὶ
1256 797 1370 865 τὴν
1418 799 1744 858 θάλασσαν
1797 805 1879 859 σὺ

301 883 806 954 ἔκτισας-,Θαϐὼρ
844 888 942 940 καὶ
985 889 1203 957 Ἑρμῶν
1249 891 1319 943 ἐν
1345 891 1424 957 τῷ
1471 894 1716 963 ὀνόματί
1763 914 1880 952 σου

305 979 798 1057 ἁγαλινὶιάσονται.
826 979 887 1032 Ἦ
907 979 1109 1034 διάνοια
1131 981 1239 1035 τῶν
1262 985 1634 1055 προκειμένων
1655 989 1876 1060 τοιαύτη

301 1073 386 1135 τίς
419 1074 555 1124 ἐστι’
595 1071 896 1142 Πεποίησαι
933 1073 1050 1143 μὲν,
1087 1067 1132 1126 ὦ
1171 1073 1341 1145 Κύριε
1365 1115 1381 1140 ,
1414 1076 1550 1147 πρὸς
1583 1079 1673 1133 τὸν
1719 1081 1880 1134 Δαυῖδ

300 1165 638 1234 ἐπαγγελίας
663 1166 790 1240 περὶ
831 1165 926 1219 τοῦ
960 1168 1272 1238 σπέρματος
1314 1169 1480 1224 αὐτοῦ
1531 1171 1626 1224 καὶ
1669 1173 1763 1228 τοῦ
1797 1175 1877 1238 εἰς

300 1254 473 1308 αἰῶνα
500 1254 876 1326 διαρκέσοντος
911 1257 1101 1329 θρόνου
1145 1259 1341 1314 αὐτοῦ·
1375 1263 1469 1315 καὶ
1508 1263 1708 1327 ταύτας
1731 1264 1876 1336 ὦμο-

303 1364 404 1409 σας
432 1345 508 1417 τῷ
535 1347 698 1400 Δαυῒδ
718 1347 1072 1402 ἐπιτελέσειν.
1114 1351 1360 1422 Ὀρῶμεν
1395 1353 1452 1406 δὲ
1484 1356 1646 1425 ἡμεῖς
1678 1358 1726 1408 οἱ
1779 1357 1875 1410 ἄν·

302 1436 509 1509 θρωποι
540 1437 614 1508 μὴ
650 1438 1032 1510 πληρουμένας
1055 1441 1243 1506 αὐτὰς,
1277 1443 1400 1497 ὅσον
1423 1445 1515 1498 ἐπὶ
1542 1449 1653 1510 τοῖς
1686 1446 1877 1520 αἰσθη-

297 1532 412 1594 τοῖς
436 1530 532 1583 καὶ
574 1529 903 1601 ὁρωμένοις·
938 1531 1017 1584 διό
1063 1550 1265 1604 φαμεν,
1294 1535 1420 1590 Ποῦ
1455 1539 1573 1590 εἱσι
1618 1539 1690 1592 τὰ
1731 1539 1872 1608 ἐλέη

296 1638 416 1675 σου
442 1621 516 1675 τὰ
555 1621 794 1690 ἀρχαῖα,
827 1624 1035 1692 Κύριε;
1084 1625 1222 1698 πλὴν
1257 1627 1392 1688 ἀλλὰ
1421 1630 1764 1702 πεπείσμεθά
1813 1649 1873 1686 σε

295 1713 356 1780 ἐξ
389 1714 627 1778 ἅπαντος
666 1715 984 1786 ἀληθεύειν,
1012 1720 1093 1772 ὅτι
1131 1719 1388 1787 δυνατὸς
1415 1718 1487 1785 εἶ,
1529 1724 1623 1777 καί
1655 1724 1693 1791 ἡ
1727 1725 1874 1793 ἀλή-

295 1807 426 1862 θειά
449 1822 568 1863 σου
589 1810 790 1874 κύκλῳ
812 1825 948 1864 σου.
971 1810 1080 1864 Καὶ
1109 1813 1386 1886 μάρτυρές
1407 1832 1468 1884 γε
1494 1816 1594 1887 τῆς
1615 1818 1873 1890 ἀληθείας

295 1917 393 1954 σου
428 1901 628 1966 πάντες
657 1904 706 1955 οί
741 1903 868 1974 περὶ
910 1903 998 1955 σέο
1042 1905 1097 1956 αἱ
1146 1905 1275 1974 γοῦν
1322 1908 1561 1978 οὐράνιοι
1614 1911 1871 1982 δυνάμεις

293 1991 844 2062 ἐξομολογήσονται
866 1995 938 2048 τὰ
961 1997 1262 2066 θαυμάσιά
1283 2013 1419 2065 σου,
1451 2003 1548 2056 καὶ
1583 2002 1698 2071 τὴν
1725 2005 1874 2074 ἀλή-

295 2083 463 2138 θειάν
507 2101 624 2139 σου
668 2085 739 2140 ἐν
789 2087 1112 2155 Ἐκκλησία
1162 2091 1362 2144 ὁσίων.
1401 2093 1510 2147 Καὶ
1541 2095 1764 2160 είκότως
1814 2097 1870 2156 αἱ

291 2176 535 2248 οὐράνιοι
557 2177 816 2249 δυνάμεις
837 2177 934 2250 τὴν
961 2179 1214 2251 ἀλήθειάν
1236 2199 1328 2236 σου
1367 2183 1868 2258 ἐξομολογήσονται,

291 2268 482 2341 ἐπειδὴ
507 2271 565 2324 ἐν
592 2270 668 2340 τῷ
701 2270 916 2342 οὐρανῷ
945 2272 1394 2345 ἐτοιμασθήσεται
1417 2278 1448 2347 ἡ
1489 2277 1716 2349 ἀλήθειά
1741 2297 1833 2334 σου
1853 2298 1866 2312 ο

292 2364 368 2425 ὼς
405 2364 602 2436 μηκέτι
652 2364 760 2418 δεῖν
791 2365 890 2428 τὰς
934 2365 1264 2434 ἐπαγγελίας
1299 2384 1412 2431 σου,
1447 2366 1545 2432 τὰς
1589 2370 1724 2441 πρὸς
1777 2371 1869 2426 τὸν

293 2454 476 2518 Δαυῒδ,
508 2455 781 2525 ἐπιγείους
813 2452 950 2510 εἶναι
995 2458 1088 2510 καὶ
1130 2459 1446 2528 σωματικὰς
1493 2464 1758 2532 νομίζειν·
1810 2466 1870 2519 ἐν

293 2549 400 2620 γὰρ
427 2548 506 2620 τῷ
537 2548 752 2622 οὐρανῷ
779 2549 1276 2624 ἐτοιμασθήσεταιὴ
1305 2553 1533 2625 ἀλήθειά
1555 2573 1667 2610 σου.
1687 2556 1870 2614 Ταῦτα

291 2641 466 2695 δὲκαὶ
508 2640 671 2705 αὐτὸς
731 2643 794 2694 ἐκ
837 2641 931 2695 τοῦ
975 2643 1131 2711 ἁγίου
1180 2644 1496 2715 Πνεύματος
1534 2648 1869 2721 μεμαθηκώς

293 2750 462 2804 φημι·
506 2733 582 2787 Τὰ
636 2733 777 2802 ἐλέη
826 2751 942 2788 σου
989 2738 1075 2801 εὶς
1120 2735 1228 2789 τὸν
1257 2737 1442 2792 αὶῶνη
1488 2738 1725 2809 ᾄσομαι.
1763 2745 1869 2810 Εἰς

291 2824 504 2894 γενεὰν
550 2825 648 2879 καὶ
680 2826 892 2896 remur
941 2826 1257 2897 ἀπαγγελῶ
1283 2828 1398 2897 τὴν
1433 2829 1722 2899 ἀλήθειάν
1751 2849 1868 2888 σου

289 2919 359 2971 ἐν
387 2917 466 2984 τῷ
495 2918 747 2987 στόματί
762 2935 902 2986 μου.
944 2917 1251 2990 Ἀληθεύειν
1279 2919 1336 2972 δέ
1370 2938 1428 2973 σε
1455 2921 1586 2975 Θεὸν
1623 2923 1750 2980 ὄντα
1771 2925 1867 2979 καὶ

290 3012 494 3084 Κύριον
522 3010 630 3065 τῶν
663 3011 801 3064 ὅλων
836 3010 1124 3064 πεπεῖσθαι
1151 3012 1278 3082 χρὴ,
1299 3011 1385 3081 διά
1412 3011 1473 3065 τὸ
1500 3013 1702 3083 μηδένα
1729 3010 1866 3069 εἶναι

286 3106 473 3178 ὅμοιον
514 3109 580 3178 τῇ
612 3109 678 3178 σῇ
713 3105 939 3175 δυνάμει
962 3124 973 3135 °
1011 3106 1242 3178 καὶγὰρ
1280 3108 1373 3171 καὶ
1412 3105 1520 3160 τῶν
1557 3108 1866 3179 ἀσωμάτων

289 3201 387 3253 καὶ
418 3198 572 3252 θείων
600 3197 882 3269 δυνάμεων
913 3197 1117 3270 Κύριος
1155 3193 1226 3262 εἷ,
1255 3199 1347 3253 καὶ
1377 3199 1599 3264 δυνατὸς
1628 3197 1679 3254 εί
1705 3203 1865 3272 μόνος

289 3292 385 3344 καὶ
411 3290 548 3362 ὑπὲρ
577 3291 805 3354 πάντας,
840 3289 915 3354 ὡς
948 3291 1048 3362 τὴν
1094 3291 1351 3362 ἀλήθειάν
1384 3309 1477 3346 σου
1520 3296 1859 3352 πιστοῦσθαι.

286 3383 352 3436 El
378 3382 434 3435 δὲ
465 3382 558 3435 καὶ
589 3381 703 3435 ἐστι
728 3399 813 3445 τις
833 3384 890 3435 ἐν
915 3385 1030 3447 τοῖς
1051 3379 1202 3437 οὖσιν
1229 3386 1591 3457 ὑπερήφανος,
1617 3391 1645 3442 ὁ
1667 3388 1871 3443 καλού-ν·

291 3491 452 3546 μενος
475 3474 720 3539 διάϐολος
757 3476 1132 3547 ἀντικείμενος
1153 3478 1260 3541 ἀεὶ,
1294 3479 1387 3533 καὶ
1417 3481 1668 3552 πολεμῶν
1695 3485 1762 3554 τῇ
1796 3488 1860 3556 σῇ

286 3567 538 3640 ἀληθείᾳ,
589 3567 726 3622 ἀλλὰ
773 3569 838 3622 σὺ
884 3569 1071 3624 τοῦτον
1128 3571 1524 3638 ἐταπείνωσας’
1566 3573 1675 3627 είτε
1719 3577 1865 3641 τινές

285 3661 424 3714 εἰσιν
455 3661 593 3734 ὑπὲρ
625 3661 812 3716 τοῦτον
845 3660 1037 3733 ἐχθραὶ
1072 3663 1164 3716 καὶ
1189 3664 1562 3735 ἀντικείμεναι
1585 3665 1860 3737 δυνάμεις,

283 3752 426 3807 ἀλλὰ
459 3753 552 3806 καὶ
580 3752 782 3818 ταύτας
809 3754 1215 3828 διεσκόρπισας.
1251 3755 1488 3810 Πάντοτε
1531 3758 1596 3811 σὺ
1621 3762 1858 3829 κρατεῖς,

283 3847 508 3920 καὶτῆς
560 3849 668 3902 τῶν
693 3848 831 3904 ὅλων
878 3851 1067 3916 οὐσίας
1113 3853 1177 3907 σὺ
1232 3851 1550 3920 δεσπόζεις,
1603 3855 1725 3908 ἐπεὶ
1767 3857 1862 3909 καὶ

282 3940 514 4012 ποιητὴς
554 3941 662 3994 τῶν
701 3941 837 3996 ὅλων
870 3943 1179 4014 τυγχάνεις.
1215 3945 1363 4017 Αὕτη
1410 3945 1519 4019 γὰρ
1554 3947 1587 4018 ἡ
1618 3945 1873 4002 θάλασσα.

281 4032 470 4087 καὶτὸ
510 4033 762 4087 τοσοῦτον
790 4035 892 4104 τῆς
942 4036 1115 4107 ὑγρᾶς
1158 4038 1346 4102 οὐσίας
1393 4041 1654 4109 στοιχεῖον
1701 4039 1860 4110 ἔργον

281 4125 522 4197 ὑπάρχει
553 4127 663 4192 σὺν,
697 4127 790 4180 καὶ
822 4127 882 4180 σὲ
923 4127 1109 4199 κύριον
1150 4129 1534 4201 ἐπιγράφεται.
1582 4131 1645 4184 Εἰ
1673 4130 1729 4183 δὲ
1766 4131 1860 4183 καὶ

277 4217 502 4290 οὐρανοί
551 4237 694 4284 τινες
725 4219 983 4292 ἀνώτεροι
1023 4221 1119 4275 τοῦ
1166 4222 1543 4295 στερεὼματος
1591 4222 1855 4286 νοοῦνται,

279 4311 444 4366 θείων
470 4312 796 4384 πνευμάτων
830 4313 924 4367 καὶ
963 4311 1246 4385 δυνάμεων
1287 4313 1487 4384 ἁγίων,
1528 4312 1636 4368 τῶν
1667 4331 1724 4366 τε
1759 4315 1858 4384 τὴν

281 4402 384 4476 σὴν
419 4403 646 4476 θεότητα
692 4404 1128 4478 περιπολούντων
1163 4405 1408 4476 ἀγγέλων
1443 4406 1536 4460 καὶ
1579 4405 1856 4477 ἀρχαγγέ-

277 4496 389 4549 λων
421 4498 737 4568 οἰκητήρια,
785 4499 878 4552 καὶ
919 4491 1066 4552 οὗτοι
1100 4499 1182 4552 σοί
1221 4501 1358 4552 εἰσιν
1409 4498 1528 4569 ἃμα
1567 4500 1702 4552 πᾶσι
1743 4501 1856 4563 τοῖς

274 4588 521 4642 οἰκοῦσιν
552 4591 752 4654 αὐτοῖς.
791 4591 899 4643 Καὶ
940 4590 1066 4645 ἄλλο
1108 4591 1164 4644 δὲ
1198 4594 1456 4663 στοιχεῖον
1499 4594 1559 4644 οὐ
1599 4591 1790 4664 μικρὸν
1823 4594 1854 4663 ἡ

1891 3332 1932 3388 C

1983 727 2140 771 terra:
2169 727 2218 770 et
2249 719 2626 786 plenitudinem
2656 721 2770 790 ejus
2805 727 2860 776 tu
2893 723 3154 792 fundasti,
3189 727 3486 797 aquilonem
3509 740 3562 785 et

1981 825 2125 864 mare
2139 819 2198 863 tu
2211 813 2420 865 creasti.
2431 811 2638 867 Thabor
2652 824 2700 867 et
2720 813 2952 868 Hermon
2970 817 3022 870 in
3041 819 3247 872 nomine
3278 828 3367 874 tuo
3381 823 3561 876 exsul—

1982 901 2187 958 tabunt.
2210 902 2413 958 Horum
2443 906 2567 960 talis
2603 908 2869 962 sententia
2915 915 3035 963 est:
3070 908 3282 976 Davidi,
3308 911 3557 981 Domine,

1979 995 2249 1064 promissa
2280 995 2481 1051 dedisti
2505 997 2572 1051 de
2601 999 2810 1053 semine
2844 999 2988 1068 ejus,
3010 1015 3074 1053 ac
3104 1001 3171 1056 de
3212 1002 3410 1058 throno
3437 1004 3557 1074 ejus

1979 1102 2151 1157 usque
2194 1088 2248 1141 in
2278 1097 2545 1142 aeternum
2573 1088 2839 1142 duraturo
2873 1109 2886 1144 :
2917 1099 3079 1160 atque
3114 1092 3216 1161 ipsi
3247 1087 3436 1146 Davidi
3465 1094 3556 1163 ju-

1979 1179 2116 1233 rasti
2147 1187 2200 1233 te
2225 1195 2289 1234 ea
2331 1180 2702 1250 perfecturum
2743 1197 2886 1238 esse.
2936 1181 3047 1238 Nos
3087 1193 3269 1240 autem
3303 1186 3554 1243 homines

1975 1270 2224 1326 videmus
2253 1270 2367 1326 haec
2408 1287 2514 1327 non
2549 1281 2814 1346 quantum
2861 1273 2928 1328 ad
2952 1289 3014 1328 ea
3046 1290 3168 1344 qua:
3198 1276 3302 1330 sub
3331 1273 3552 1333 sensum

1973 1371 2029 1417 et
2078 1374 2356 1433 aspectum
2391 1365 2599 1419 cadunt
2658 1364 2872 1435 impleri
2906 1385 2918 1421 :
2947 1381 3116 1436 quare
3163 1367 3428 1434 dicimus;
3453 1367 3553 1425 Ubi

1975 1465 2101 1509 sunt
2122 1456 2502 1512 misericordiae
2532 1468 2636 1511 tua:
2669 1459 2921 1525 antiquae,
2941 1459 3198 1515 Domine?
3229 1476 3552 1531 persuasum

1978 1549 2481 1606 tamen-habemus
2535 1548 2873 1622 te'prorsus
2931 1569 3177 1609 veracem
3236 1570 3378 1622 esse,
3424 1557 3552 1625 quia

1972 1649 2154 1709 potens
2184 1657 2236 1695 es
2271 1650 2321 1694 et
2348 1643 2540 1696 ueritas
2566 1650 2656 1696 tua
2685 1644 2739 1696 in
2767 1645 2990 1698 circuitu
3021 1655 3130 1700 tuo.
3165 1644 3355 1704 Testes
3386 1662 3553 1719 porro

1971 1730 2223 1786 veritatis
2264 1739 2372 1786 tua:
2405 1739 2537 1787 sunt
2584 1741 2854 1804 quotquot
2901 1736 3048 1789 circa
3085 1744 3140 1792 te
3188 1737 3550 1793 consistunt:

1970 1838 2102 1878 nam
2155 1824 2408 1880 caelestes
2455 1825 2691 1881 virtutes
2721 1826 3106 1896 conﬁtebuntur
3135 1828 3403 1883 mirabilia
3435 1839 3550 1899 tua,

1968 1926 2023 1970 et
2052 1917 2322 1972 veritatem
2373 1908 2520 1971 tuam
2557 1919 2616 1972 in
2665 1917 2906 1974 Ecclesia
2951 1931 3276 1977 sanctorum.
3309 1921 3375 1976 Et
3419 1937 3552 1979 sane

1903 1994 1944 2049 Β
1969 2010 2094 2079 jure
2128 2011 2381 2068 caelestes
2421 2011 2527 2066 illae
2553 2012 2783 2067 virtutes
2822 2013 3102 2068 veritatem
3135 2022 3282 2069 tuam
3319 2016 3550 2071 confite-

1974 2102 2197 2167 buntur,
2233 2103 2362 2174 quia
2393 2104 2447 2158 in
2484 2103 2625 2158 cmlo
2659 2105 3056 2182 praeparabitnr
3079 2106 3282 2162 veritas
3311 2115 3440 2172 tua;
3474 2107 3551 2161 ita

1972 2201 2033 2247 ut
2069 2184 2339 2265 promissa
2372 2203 2467 2250 tua
2493 2195 2559 2250 ad
2590 2181 2850 2251 Davidem
2885 2195 3048 2262 facta,
3081 2212 3189 2251 non
3227 2197 3413 2267 utique
3437 2207 3551 2252 ter-

1975 2300 2101 2340 rena
2130 2295 2183 2340 et
2213 2300 2479 2356 corporea
2512 2285 2764 2342 habenda
2802 2287 2913 2343 sint
2939 2305 2952 2341 :
2983 2303 3108 2342 nam
3153 2287 3207 2342 in
3243 2288 3386 2342 caelo
3409 2303 3551 2358 prae-

1970 2377 2254 2448 parabitur
2291 2380 2495 2434 veritas
2524 2386 2638 2434 tua.
2674 2377 2801 2434 Haec
2837 2395 2967 2434 vero
3006 2395 3035 2433 a
3084 2378 3296 2450 Spiritu
3355 2388 3548 2436 sancto

1970 2471 2198 2525 edoctus
2228 2469 2355 2525 dico
2385 2490 2402 2524 ι-
2427 2469 2823 2525 Misericordia:
2850 2478 2970 2525 tuas
2999 2471 3052 2524 in
3079 2482 3331 2526 wternum
3359 2479 3548 2526 canta-

1971 2559 2054 2614 bo.
2089 2559 2153 2613 In
2183 2552 2572 2632 generationem
2601 2567 2659 2614 et
2681 2560 3070 2632 generationem
3103 2559 3429 2614 annuntiabo
3458 2576 3547 2614 ve-

1971 2651 2183 2705 ritatem
2224 2661 2368 2706 tuam
2402 2653 2455 2706 in
2488 2668 2577 2707 ore
2608 2668 2742 2708 meo.
2774 2651 2852 2708 Te
2882 2666 3068 2723 porro,
3092 2659 3278 2722 utpote
3297 2651 3467 2707 Deum
3492 2662 3549 2708 et

1969 2741 2263 2798 Dominum
2301 2747 2709 2809 universorum,
2732 2759 2982 2800 veracem
3005 2745 3230 2801 credere
3264 2747 3544 2813 convenit,

1971 2835 2098 2907 quia
2136 2835 2319 2892 nullus
2349 2846 2434 2892 est
2481 2837 2578 2892 tibi
2613 2837 2817 2892 virtute
2866 2835 3106 2893 similis:
3141 2838 3409 2908 siquidem
3458 2839 3548 2895 in-

1969 2943 2359 3000 corporearum
2403 2939 2457 2986 et
2496 2931 2804 2986 divinarum
2856 2931 3120 2986 virtutum
3163 2932 3427 2992 Dominus
3457 2951 3542 3002 es,

1969 3019 2231 3090 solusque
2257 3035 2321 3074 ac
2367 3036 2548 3091 super
2572 3037 2762 3078 omnes
2795 3032 2992 3093 potens
3027 3037 3109 3088 es,
3135 3024 3210 3080 ita
3247 3036 3305 3080 ut
3337 3027 3543 3082 verita-

1969 3121 2073 3165 tem
2105 3119 2256 3166 tuam
2291 3113 2607 3169 credibilem
2663 3114 2844 3171 facere
2893 3118 3093 3187 possis.
3129 3115 3285 3184 Quod
3326 3120 3370 3175 si
3418 3121 3554 3190 quis

1965 3202 2020 3256 in
2054 3219 2234 3259 rerum
2271 3213 2465 3260 natura
2502 3208 2772 3278 superbus
2795 3209 3045 3273 exsistat,
3068 3225 3264 3281 nempe
3289 3209 3544 3266 diabolus

1967 3294 2061 3348 tibi
2109 3293 2324 3364 semper
2375 3294 2744 3361 adversarius,
2778 3313 2843 3352 ac
2889 3299 3172 3353 veritatem
3222 3312 3546 3370 oppugnaris

1965 3393 2150 3440 tuam:
2184 3393 2243 3439 tu
2285 3400 2419 3441 sane
2463 3387 2608 3442 hunc
2646 3389 2944 3446 liuniiliasti
2980 3408 2993 3444 :
3025 3390 3068 3447 si
3105 3405 3236 3445 vero
3280 3391 3405 3444 huic
3443 3405 3540 3446 su~

1966 3478 2208 3547 periores
2243 3479 2491 3550 quaedam
2537 3482 2772 3536 inimicae
2813 3492 2866 3538 et
2905 3479 3150 3538 adversae
3186 3483 3282 3538 tibi
3307 3485 3544 3539 virtutes

1965 3570 2093 3631 sint,
2128 3585 2222 3627 eas
2259 3586 2483 3642 quoque
2513 3571 2816 3644 dissipasti.
2849 3573 2931 3629 Tu
2965 3575 3164 3646 ubique
3186 3576 3443 3646 imperas,
3486 3583 3542 3630 et

1966 3664 2708 3719 universorumsubstantia:
2737 3665 3060 3730 dominaris,
3097 3666 3225 3736 quia
3261 3665 3540 3720 universo-

1964 3768 2082 3806 rum
2117 3752 2296 3824 opifex
2327 3769 2407 3810 es.
2449 3753 2630 3826 Ipsum
2661 3757 2862 3828 quippe
2887 3771 3055 3821 mare,
3083 3765 3404 3827 tantumque
3432 3757 3538 3811 bu-

1961 3846 2121 3901 mida:
2159 3847 2507 3910 substantiae,
2535 3848 2886 3914 elementum,
2925 3858 3078 3904 tuum
3109 3857 3195 3906 est
3231 3849 3534 3920 opiﬁcium,

1959 3947 2122 4009 teque
2153 3941 2433 3996 dominum
2462 3942 2686 3997 ascribit
2709 3946 2891 3998 suum.
2913 3942 3054 4011 Quid
3076 3943 3123 4000 si
3155 3944 3280 3999 caeli
3311 3941 3536 4015 quidam

1961 4031 2080 4101 ipso
2113 4031 2455 4089 ﬁrmamento
2479 4035 2791 4104 superiores
2835 4037 3165 4107 cogitentur,
3205 4037 3298 4107 qui
3327 4034 3537 4090 scilicet

1958 4123 2269 4180 divinorum
2301 4127 2615 4197 spirituum,
2643 4136 2956 4184 sanctarum
2993 4130 3278 4193 virtutum,
3312 4129 3534 4199 angelo-

1958 4232 2079 4270 rum
2111 4224 2166 4271 et
2185 4217 2636 4289 archangelOrum
2675 4219 2934 4275 deitatem
2984 4227 3134 4274 tuam
3189 4219 3532 4288 stipantium,

1958 4305 2230 4362 domicilia
2248 4301 2392 4375 sint;
2424 4309 2480 4362 hi
2507 4324 2727 4380 quoque
2751 4325 2876 4364 cum
2907 4311 3164 4364 omnibus
3186 4309 3389 4364 'incolis
3415 4307 3534 4363 suis

1959 4400 2038 4454 tui
2097 4411 2245 4456 sunt.
2298 4401 2459 4455 Aliud
2489 4402 2655 4456 etiam
2719 4403 3049 4457 elementum
3102 4417 3210 4456 non
3251 4401 3530 4471 exiguum,

1958 4493 2110 4548 arida
2148 4509 2342 4564 nempe
2375 4493 2684 4549 substantia
2706 4499 2759 4548 et
2781 4501 2926 4547 terra
2958 4492 3114 4547 cmlis
3147 4491 3413 4561 subjecta,
3438 4498 3532 4545 tua

1958 4587 2083 4643 item
2117 4594 2223 4643 est.
2249 4587 2384 4642 Cum
2416 4588 2599 4657 itaque
2637 4585 2820 4642 omnia
2862 4594 2954 4639 tuo
2991 4585 3149 4639 uului
3190 4588 3450 4651 serviant,
3479 4583 3560 4641 et'

283 4680 424 4749 ξηρὰ
446 4681 621 4745 οὐσία,
655 4684 804 4755 καὶὴ
849 4686 960 4748 τοῖς
1001 4685 1250 4756 οὐρανοῖς
1285 4684 1621 4754 ὑποκειμένη
1659 4684 1752 4754 γῆ,
1788 4685 1853 4757 σή

1966 4689 2018 4735 tu
2041 4679 2296 4736 omnibus
2320 4681 2575 4751 imperes.
2620 4687 2808 4750 utpote
2839 4678 3082 4734 omnium
3122 4678 3399 4744 dominus,
3435 4695 3533 4735 rex

282 4774 397 4826 ἐστι
431 4775 523 4828 καὶ
560 4775 721 4848 αὐτη.
744 4777 868 4830 Ὅτε
901 4777 1080 4832 τοίνυν
1123 4777 1192 4831 τὰ
1237 4777 1524 4848 σύμπαντα
1573 4780 1685 4841 τοῖς
1740 4780 1852 4841 σοῖς

278 4865 510 4936 νεύμασι
535 4868 794 4934 δουλεύει,
827 4871 920 4924 καὶ
954 4871 1018 4926 σὺ
1045 4871 1264 4925 πάντων
1300 4873 1538 4943 κρατεῖς,
1560 4869 1746 4941 κύριος
1775 4870 1850 4924 ὣν

279 4958 533 5013 ἁπάντων
569 4962 662 5015 καὶ
708 4963 960 5033 βασιλεὺς
1003 4965 1098 5018 καὶ
1129 4963 1292 5028 Θεὸς,
1340 4963 1424 5026 τίς
1471 4961 1851 5034 ἀντιστήσεταί

1957 4780 2011 4828 et
2040 4771 2206 4838 Deus,
2235 4774 2362 4845 quis
2400 4765 2622 4829 resistet
2657 4772 2792 4828 tibi?
2845 4771 2912 4825 Et
2958 4770 3091 4843 quid
3143 4771 3560 4847 impedimento,

1960 4867 2141 4929 fuerit,
2165 4867 2458 4938 quominus
2497 4875 2588 4920 tua
2614 4865 2790 4922 electo
2813 4873 2907 4921 tuo
2934 4864 3125 4920 Davidi
3152 4865 3278 4919 data
3299 4865 3560 4936 promis-'

1959 4973 2041 5025 sa,
2075 4975 2196 5032 qua:
2223 4961 2440 5031 juratus
2469 4959 2707 5023 edidisti,
2739 4959 3023 5016 credibilia
3057 4956 3395 5014 reddantur?

278 5067 395 5115 σοι;
428 5053 496 5105 Ἢ
522 5054 573 5107 τί
593 5054 654 5108 τὸ
679 5054 927 5127 ἐμποδὼν
953 5055 1216 5111 ἔσταιτοῦ
1252 5058 1325 5128 μὴ
1383 5056 1760 5111 πιστώσασθαι
1822 5054 1918 5119 τὰς
1960 5053 2059 5120 σάς
2109 5055 2245 5128 πρὸς
2274 5053 2364 5107 τὸν
2411 5053 2665 5108 ἐκλεκτόν
2718 5070 2810 5106 σου
2855 5052 3016 5107 Δαυτδ
3060 5050 3390 5122 ἐπαγγελίας
3414 5090 3429 5115 ,
3467 5046 3560 5111 ἃς

280 5145 401 5218 μεθ’
434 5148 595 5218 ὅρκου
628 5149 764 5221 πρὸς
784 5150 946 5204 αὐτὸν
983 5153 1255 5224 ἐποιήσω;

351 5240 563 5313 Σφόδρα
585 5243 761 5299 τοίνυν
783 5246 877 5299 καὶ
905 5245 1214 5311 ἀκολούθως
1234 5249 1346 5312 τοῖς
1370 5247 1680 5322 ἔμπροσθεν
1705 5249 1856 5322 είρη-

280 5333 463 5405 μένοις
493 5335 580 5390 διὰ
606 5337 714 5391 τῶν
745 5339 1120 5411 προκειμένων
1166 5342 1414 5412 ἐπήγαγε
1455 5343 1535 5410 τὸ,
1566 5343 1670 5397 Σοί
1699 5345 1856 5397 εἰσιν

276 5430 332 5482 οἰ
363 5429 628 5497 οὐρανοὶ,
663 5431 760 5486 καὶ
795 5432 879 5501 σή
914 5431 1086 5486 ἐστιν
1113 5435 1150 5502 ἠ
1181 5433 1257 5504 γῆ
1280 5453 1294 5466 ο
1341 5433 1458 5503 τὴν
1496 5433 1855 5505 οἰκουμένην

277 5521 375 5576 καὶ
410 5522 702 5592 πλήρωμα
735 5522 924 5592 αὐτῆς
956 5524 1036 5586 σὺ
1061 5525 1480 5594 ἐθεμελίωσας.
1509 5525 1584 5580 Οὐ
1614 5525 1724 5597 γὰρ
1759 5526 1854 5597 μό-

276 5631 368 5667 νον
397 5615 486 5668 τὸν
534 5615 781 5687 οὐρανὸν,
809 5619 962 5688 φησὶ,
1018 5617 1114 5670 καὶ
1141 5615 1238 5680 τὰς
1291 5617 1350 5670 ἐν
1392 5617 1540 5688 αὐτῷ
1569 5617 1844 5688 δυνάμεις,

275 5705 410 5759 ἀλλὰ
439 5705 532 5760 καὶ
551 5704 648 5774 τὴν
682 5705 787 5774 γῆν
820 5706 884 5760 σύ
927 5705 1317 5775 ἐθεμελίωσας·
1352 5707 1655 5778 συμφώνως
1691 5710 1758 5780 τῇ
1790 5709 1848 5764 ἐν

2023 5243 2331 5298 Admodum
2362 5251 2732 5316 congruenter
2757 5257 2920 5314 supra
2955 5241 3117 5298 dictis
3143 5243 3257 5313 jam
3305 5237 3528 5306 subjicit

1953 5335 2087 5392 illud
2114 5355 2126 5389 ε
2160 5334 2261 5388 Tui
2293 5342 2416 5390 sunt
2470 5333 2588 5388 caeli
2631 5343 2680 5388 et
2710 5343 2803 5387 tua
2846 5343 2923 5387 est
2954 5343 3094 5386 terra
3119 5347 3138 5385 :
3170 5329 3344 5386 orbem
3373 5337 3530 5381 terra:

1951 5442 1998 5485 et
2026 5428 2405 5498 plenitudinem
2451 5428 2565 5498 ejus
2599 5437 2654 5480 tu
2706 5427 2967 5497 fundasti.
3017 5425 3135 5479 Non
3183 5421 3342 5476 modo
3379 5420 3526 5475 enim

1951 5524 2172 5585 cmlum,
2222 5523 2320 5586 ait,
2352 5529 2407 5575 et
2463 5522 2697 5577 virtutes
2740 5521 2814 5575 ibi
2851 5526 3173 5580 versantes,
3213 5512 3307 5570 sed
3359 5513 3556 5569 etiam'

1953 5624 2154 5672 terram
2183 5612 2423 5670 fundasti
2447 5632 2462 5690 ι
2483 5615 2571 5669 cui
2598 5613 2800 5667 accinit
2830 5612 2919 5666 illa
2951 5607 3368 5692 Proverbiorum
3400 5622 3523 5690 sen-

1956 5706 2171 5766 tentia:
2206 5705 2347 5764 Deus
2383 5707 2644 5778 sapientia
2694 5704 2934 5774 fundarit
2971 5711 3164 5757 terram
3195 5715 3213 5754 :
3250 5714 3524 5772 pracpara-
