3988 6204
497 183 627 242 1094
1169 178 1440 236 EUSEBII
1479 174 1957 236 CESARIENSIS
1983 173 2132 230 OPP.
2172 172 2352 228 PARS
2385 173 2470 229 111.
2511 205 2584 216 -
2621 169 3030 229 EXEGETICA.
3604 179 3720 235 1092

495 305 568 358 uit
597 311 773 357 autem
796 301 952 357 caelos
981 301 1038 356 in
1066 300 1351 371 prudentia
1381 301 1449 356 ³⁸.
1485 298 1584 355 Hic
1615 315 1747 355 vero
1771 299 2070 355 liabitatam

2172 298 2292 359 ταῖς
2331 294 2665 368 Παροιμίαις
2703 293 2937 366 λεγούσῃ
2979 294 3151 365 φωνῇ.
3202 285 3270 347 Ὅ
3301 295 3446 361 Θεὸς
3471 295 3542 366 τῇ
3567 301 3721 368 σοφίᾳ

499 411 658 452 terra:
708 403 952 466 partem,
1012 393 1172 465 quasi
1238 393 1674 465 praestantiorem
1705 431 1722 457 ,
1749 390 2072 462 οἰκουμένην

2169 386 2526 455 ἐθεμελίωσε
2567 383 2683 453 τὴν
2724 384 2845 454 γῆν
2868 402 2881 415 ·
2921 386 3217 455 ἡτοίμασε
3252 385 3326 439 δὲ
3362 389 3640 456 οὐρανοὺς
3669 391 3719 446 ἐν

497 488 820 553 nominavit,
855 487 922 542 ad
953 487 1252 542 discrimen
1282 486 1427 541 inter
1452 484 1724 540 desertam
1754 495 1808 540 et
1845 484 2070 538 cultam.

2170 475 2482 546 φρονήσει.
2516 476 2656 530 Κατ’
2682 475 2960 547 ἐξαίρετον
2988 472 3046 530 δὲ
3078 476 3328 532 ἐνταῦθα
3364 479 3424 532 τὸ
3449 481 3722 552 οἰκούμενον

500 581 617 635 lmo
643 580 804 634 etiam
834 577 1230 649 plenitudinem
1255 576 1405 632 orbis
1430 583 1591 631 terra:
1627 575 1849 644 adiecit,
1886 574 1970 630 his
2001 573 2075 629 si-

2177 568 2341 640 μέρος
2366 569 2467 640 τῆς
2497 570 2602 641 γῆς
2647 570 2972 642 οἰκουμένην
3013 571 3326 642 ὠνόμασεν,
3353 573 3723 642 ἀποδιαστείλας

498 671 765 744 gniﬁcans
814 670 1112 726 humanum
1144 667 1520 744 genus,quod
1560 667 1750 722 orbem
1781 673 1941 721 terrae
1968 665 2073 718 im-

2173 660 2274 731 τῆς
2333 661 2541 733 ἐρήμου
2599 660 2694 714 καὶ
2725 663 2824 732 τῆς
2876 661 3120 732 οἰκητοῦ.
3190 663 3361 717 ’Δλλα
3407 665 3498 717 καὶ
3525 667 3580 718 τὸ
3617 671 3724 739 πλή-

501 766 631 835 plet.
660 761 845 833 Neque
869 771 1052 818 tamen
1075 763 1321 828 aberres,
1353 760 1400 815 si
1429 759 1536 815 alio
1565 758 1876 830 explicandi
1926 772 2076 813 more

2179 769 2336 824 ρωμα
2395 753 2495 822 τῆς
2533 752 2857 824 οἰκουμένης
2903 754 3247 824 προσέθηκεν
3276 795 3292 820 ,
3341 755 3486 810 οὕτω
3517 761 3724 831 σημήνας

501 856 697 921 dicas,
762 855 1160 924 plenitudinem
1209 869 1333 909 esse
1393 851 1697 908 Salvatoris
1751 850 2074 913 Ecclesium,

2177 845 2239 897 τὸ
2274 844 2382 898 τῶν
2423 843 2726 916 ἀνθρώπων
2755 844 2930 913 γένος,
2962 845 3071 899 τῶν
3115 847 3220 919 τὴν,
3263 850 3586 920 οἰκουμένην
3619 851 3723 922 πλη-

503 963 668 1020 quam
715 949 894 1018 ipsum
947 947 1044 1003 Dei
1085 945 1325 1002 Verbum
1367 945 1617 1001 fundavit
1649 960 1815 1017 supra
1842 952 2074 1016 petram.

2177 935 2434 1007 ρούντων.
2487 936 2770 1008 Πλήρωμα
2816 937 2871 991 δὲ
2922 939 3016 992 καὶ
3070 939 3252 1003 άλλως
3300 941 3402 1012 τῆς
3449 944 3726 1014 οἰκουμένης

503 1039 848 1109 Quapropter
913 1039 1050 1116 alibi.
1111 1037 1318 1093 dictum
1368 1047 1454 1093 est
1506 1057 1519 1093 :
1582 1038 1838 1093 Dominus
1892 1053 2078 1107 regna-

2175 1028 2277 1081 ούκ
2321 1027 2388 1081 ἂν
2434 1027 2698 1099 ἁμάρτοις
2731 1030 2902 1098 λέγων
2945 1030 3043 1102 τὴν
3093 1031 3188 1085 τοῦ
3226 1033 3489 1105 Σωτῆρος
3540 1036 3725 1106 Ἐκκλη-

506 1133 575 1187 vit
599 1173 612 1196 ,
642 1131 877 1186 decorem
911 1132 1125 1186 indutus
1155 1141 1253 1188 est.
1281 1131 1490 1187 Etenim
1512 1133 1742 1186 correxit
1777 1132 1952 1185 orbem
1975 1140 2078 1184 ter-

2182 1121 2334 1184 σίαν,
2391 1121 2458 1192 ἢν
2490 1121 2651 1184 αὐτὸς
2693 1123 2722 1175 ό
2756 1123 2851 1176 τοῦ
2895 1123 3030 1176 Θεοῦ
3075 1125 3251 1192 Λόγος
3286 1125 3632 1196 ἐθεμελίωσεν
3657 1128 3725 1180 ἐπὶ

506 1241 602 1293 ναξ,
618 1225 708 1295 qui
736 1241 838 1279 non
865 1224 1270 1278 commovebitur
1289 1224 1352 1275 ³¹.
1374 1223 1658 1290 Quomodo
1679 1234 1860 1278 autem
1885 1223 2080 1278 funda-

2179 1211 2276 1283 τὴν
2311 1212 2540 1283 πέτραν.
2597 1212 2689 1265 Διὸ
2737 1213 2834 1267 καὶ
2873 1214 2933 1266 ἑν
2981 1214 3194 1286 ἑτέροις
3239 1216 3491 1288 εἴρηται·
3545 1217 3723 1286 Κύριος

506 1319 646 1374 verit
668 1319 854 1372 orbem
889 1325 1049 1372 terra:
1075 1317 1269 1372 deinde
1299 1317 1509 1387 adjicit,
1532 1316 1842 1386 Aquilonem
1865 1325 1913 1369 et
1935 1333 2080 1372 mare

2151 1300 2609 1367 ιέϐασίλευσεν,
2663 1302 3024 1370 εὐπρέπειαν
3090 1305 3448 1360 ἐνεδύσατο.
3501 1308 3601 1361 Kal
3644 1311 3726 1378 γὰρ

508 1419 565 1463 tu
587 1411 814 1464 creasti:
837 1409 1029 1480 quinta
1055 1425 1186 1465 vero
1213 1409 1404 1474 editio,
1430 1408 1740 1481 Aquilonem
1755 1419 1803 1462 et
1825 1420 2005 1463 notum
2023 1419 2080 1463 tu

2183 1391 2535 1461 κατώρθωσε
2579 1391 2694 1461 τὴν
2735 1395 3129 1464 οἰκουμένην,
3175 1388 3314 1464 ἣτις
3356 1399 3430 1451 οὐ
3477 1397 3722 1466 σαλευθή-

508 1501 721 1554 creasti.
754 1497 1089 1570 Videturque
1123 1499 1252 1554 mihi
1283 1515 1379 1570 per
1410 1499 1520 1554 duo
1559 1500 1726 1554 latera
1755 1509 1810 1554 et
1839 1509 2080 1554 extrema

2183 1497 2379 1537 σεται.
2407 1483 2532 1548 Πῶς
2555 1484 2616 1537 δέ
2657 1483 2988 1555 ἑθεμελίωσε
3017 1486 3115 1556 τὴν
3157 1488 3512 1558 οἰκουμένην,
3532 1489 3723 1558 ἐπιλέγει

509 1591 688 1657 orbis,
739 1597 914 1647 totum
971 1590 1236 1645 mundum
1304 1591 1638 1663 signiﬁcare,
1692 1605 1857 1662 quem
1904 1592 2080 1662 reple-

2180 1572 2330 1645 ἑξῆς,
2354 1574 2466 1629 Τὸν
2473 1574 2707 1644 ,βορῤᾱν
2717 1575 2811 1629 καὶ
2849 1575 2964 1644 τὴν
2977 1576 3309 1632 θάλασσαν
3320 1577 3404 1632 σὺ
3413 1579 3633 1645 ἔκτισας
3650 1584 3707 1638 αὐ

508 1682 586 1737 vit
634 1680 932 1738 Salvatoris
984 1683 1161 1738 nostri
1208 1681 1873 1738 virtus.-Animadvertas
1919 1696 2083 1753 porro

2148 1707 2157 1756 ι
2184 1664 2275 1719 τά·
2297 1665 2403 1738 ἠδὲ
2429 1666 2656 1738 πέμπτη
2676 1665 2902 1732 ἑκδοσις,
2925 1667 3159 1736 Βορῤᾶν
3181 1669 3286 1726 καί
3308 1672 3488 1724 νότον
3512 1672 3585 1726 σὺ
3612 1673 3723 1728 Em-

508 1775 692 1841 velim,
719 1789 826 1844 quo
849 1783 1010 1845 pacto
1035 1774 1124 1828 hic
1151 1789 1250 1844 pro
1275 1772 1412 1828 facie
1440 1773 1615 1828 totius
1661 1772 1874 1838 mundi,
1897 1774 2083 1828 orien—

2186 1773 2323 1825 σας.
2357 1760 2514 1812 Δοκεῖ
2545 1758 2602 1811 δέ
2631 1775 2722 1829 μοι
2743 1757 2832 1812 διὰ
2855 1759 2962 1812 τῶν
2987 1758 3081 1812 δύο
3101 1761 3362 1833 πλευρῶν
3386 1780 3445 1816 τε
3469 1766 3556 1817 καὶ
3579 1765 3721 1836 ἄκρων

509 1870 618 1919 tem
648 1871 852 1934 ponat;
894 1878 991 1932 pro
1035 1862 1259 1917 sinistra
1288 1901 1304 1926 ,
1366 1861 1638 1916 borealem
1695 1861 1946 1931 plagam;
1989 1874 2084 1931 pro

2185 1850 2287 1922 τῆς
2324 1851 2649 1924 οἰκουμένης
2699 1853 2791 1907 τὸν
2843 1854 3134 1925 σύμπαντα
3179 1852 3392 1925 κόσμον
3446 1855 3645 1927 δηλοῦν,
3682 1856 3722 1908 ὃν

510 1953 734 2010 dextera
761 1953 1170 2010 meridionalem
1211 1951 1614 2012 etaustralem.
1653 1950 1786 2005 Nam
1825 1967 1947 2007 cum
1981 1951 2085 2016 ait,

2189 1941 2502 2012 ἐπλήρωσεν
2531 1945 2564 2014 ἡ
2591 1944 2684 1996 τοῦ
2707 1935 2958 2016 Σωτῆρος
2983 1946 3140 2016 ἡμῶν
3170 1945 3424 2017 δύναμις.
3444 1945 3543 2000 Θέα
3567 1948 3614 2000 δὲ
3638 1948 3719 2002 τίνα

512 2046 824 2118 Aquilonem
863 2055 912 2100 et
959 2045 1146 2099 dextra
1193 2053 1251 2097 tu
1300 2044 1527 2107 creasti,
1573 2043 1843 2100 borealem
1875 2045 2087 2115 plagam

2187 2035 2388 2105 τρόπον
2430 2035 2517 2089 διά
2549 2035 2752 2090 τούτων
2792 2038 3125 2108 παρίσταται
3171 2037 3466 2109 πρόσωπον
3502 2039 3585 2092 τοῦ
3620 2039 3721 2110 σύμ-

513 2139 795 2193 sinistrum
817 2152 938 2192 esse
960 2137 1108 2191 latus
1131 2136 1404 2201 declarat;
1434 2135 1703 2206 siquidem
1727 2135 1978 2190 dextrum
2005 2141 2088 2189 est

2192 2143 2393 2192 παντος
2421 2127 2629 2200 κόσμου
2669 2130 2730 2182 τὸ
2753 2130 3070 2184 ἀνατολικὸν
3108 2131 3300 2202 μέρος·
3329 2127 3594 2204 ἀριστερὸν
3616 2131 3658 2184 δέ
3679 2133 3719 2184 τὸ

513 2232 770 2287 australe.
809 2229 867 2285 Si
910 2230 1092 2300 itaque
1142 2237 1351 2298 stantes
1385 2235 1574 2283 notum
1604 2231 1658 2282 in
1681 2226 2088 2298 dextera,aqui-

2193 2215 2423 2290 βόρειον,
2455 2220 2627 2288 δεξιὸν
2651 2221 2707 2275 δέ
2738 2223 2797 2277 τὸ
2832 2223 3207 2294 μεσημϐρινὸν
3232 2224 3332 2278 καὶ
3357 2221 3542 2301 νότιον.
3573 2225 3644 2276 Ἑν
3667 2222 3720 2292 τῷ

514 2325 692 2380 lonem
726 2324 779 2378 in
810 2325 1035 2379 sinistra
1086 2321 1408 2386 habeamus,
1447 2321 1736 2376 adversum
1771 2320 2089 2376 habebimus

2191 2316 2298 2389 γάρ
2333 2317 2518 2386 φάναι,
2553 2317 2662 2373 Τὸν
2682 2317 2920 2387 ’,ϐορῤᾶν
2946 2317 3045 2370 καί
3081 2318 3154 2371 τὰ
3189 2317 3363 2382 δεξιὰ
3395 2316 3475 2390 σὺ
3512 2316 3717 2379 ἔκτισας,

513 2415 802 2478 orientem,
843 2428 875 2468 a
904 2422 1059 2484 tergo
1085 2420 1266 2468 autem
1295 2412 1634 2468 occidentem
1665 2432 1679 2468 :
1707 2414 1780 2468 ita
1809 2421 1869 2467 ut
1899 2428 2088 2468 secun-

2191 2409 2254 2462 τὸ
2277 2410 2484 2484 βόρειον
2508 2411 2740 2482 πλευρὸν
2765 2410 3050 2484 ἀριστερὸν
3075 2407 3221 2464 εἰναι
3245 2410 3495 2476 ἐδίδαξεν·
3529 2409 3576 2460 εἰ
3592 2424 3642 2475 γε
3658 2406 3719 2458 δίο

514 2505 644 2561 dum
672 2505 953 2578 physicam
978 2505 1475 2562 considerationem
1511 2505 1626 2561 haec
1664 2505 1809 2562 dicta
1839 2507 1984 2569 sint,
2026 2505 2089 2560 ad

2196 2500 2304 2566 ξιον
2332 2503 2392 2556 τὸ
2422 2503 2614 2558 νότιον.
2657 2504 2720 2556 Εἰ
2751 2504 2817 2575 δὴ
2857 2498 2950 2556 οὖν
2993 2503 3232 2567 ἑστῶτες
3281 2504 3493 2574 ἔχοιμεν
3530 2503 3581 2554 ἑν
3613 2499 3720 2569 δεξιᾷ

515 2598 684 2654 totius
714 2597 903 2652 mundi
939 2597 1722 2668 positionem'declarandam.
1780 2597 1912 2663 Quae
1962 2597 2090 2652 indi-

2198 2594 2297 2667 μὲν
2325 2595 2534 2648 ἑαυτῶν
2569 2595 2660 2649 τὸν
2695 2596 2868 2662 νότον,
2897 2599 2955 2648 ἐν
2984 2595 3041 2649 δὲ
3066 2599 3179 2660 τοῖς
3204 2598 3508 2668 ἀριστεροῖς
3527 2594 3604 2650 τὸν
3630 2592 3719 2662 βορ·

513 2703 641 2745 care
671 2689 1040 2746 necessarium
1075 2687 1174 2743 luit
1213 2691 1278 2744 ad
1308 2688 1753 2761 signiﬁcandum,
1782 2689 2088 2743 divinarum

2199 2689 2320 2760 pav,
2361 2687 2778 2758 ἀντιπρόσωπον
2835 2691 3107 2760 σχήσομεν
3155 2689 3275 2760 τὴν·
3310 2686 3576 2762 ἀνατολὴν,
3619 2681 3719 2736 κατά

518 2779 926 2852 Scripturarum
961 2780 1270 2835 doctrinam
1303 2797 1480 2853 neque
1511 2782 1710 2838 horum
1743 2781 1961 2852 quidem
1998 2797 2093 2837 no-

2196 2780 2365 2835 νώτου
2393 2781 2450 2834 δέ
2478 2781 2577 2854 τὴν
2601 2782 2773 2835 δύσιν·
2806 2781 2947 2835 ὥστε
2974 2781 3118 2836 κατά
3140 2799 3268 2836 τινα
3298 2779 3522 2851 φυσικὴν
3542 2775 3718 2847 θεωρίαν

519 2875 691 2930 titiam
723 2873 1159 2945 praetermisisse.
1179 2872 1312 2927 Nam
1337 2874 1543 2938 omnia,
1572 2875 1766 2944 inquit,
1791 2882 1849 2928 tn
1872 2875 2094 2938 creasti,

2198 2872 2448 2946 εἰρῆσθαι
2480 2870 2674 2940 ταῦτα,
2711 2874 2811 2945 τὴν
2838 2873 2986 2927 θέσιν
3014 2873 3108 2928 τοῦ
3146 2875 3356 2938 παντὸς
3377 2873 3581 2946 ⁴κόσμου
3618 2883 3718 2936 παρ·

517 2968 634 3022 sive
681 2965 904 3022 dextras
951 2965 1140 3019 mundi
1185 2973 1389 3035 partes,
1421 2967 1537 3021 sive
1589 2967 1864 3022 sinistras.
1897 2965 2092 3022 Verum

2201 2967 2453 3022 ιστῶντα.
2491 2969 2559 3021 Ἀ
2598 2968 2694 3022 καί
2737 2968 2878 3022 αὐτὰ
2921 2970 3222 3037 ἀναγκαῖον
3245 2962 3642 3039 ἐπισημήνασθαι
3664 2962 3717 3021 εἰς

519 3057 744 3127 dextras
778 3057 956 3112 solum
991 3055 1316 3126 nominatim
1343 3057 1685 3121 memoravit,
1719 3065 1882 3128 atque
1905 3073 1935 3111 a
1966 3057 2094 3112 sini-

2140 3054 2170 3113 Β
2202 3062 2544 3134 παράστασιν
2572 3061 2668 3115 τοῦ
2704 3062 2838 3133 μηδὲ
2867 3063 2963 3134 τὴν
2991 3062 3199 3118 τούτων
3240 3063 3436 3132 γνῶσιν
3464 3053 3715 3129 παραλελοί-

520 3151 624 3206 stri
654 3149 875 3206 nomine
912 3149 1166 3205 consulto
1218 3149 1501 3205 abstinuit.
1551 3150 1732 3217 Quare
1797 3150 2095 3206 secundum

2205 3153 2362 3207 πέναι
2389 3154 2490 3226 τὴν
2517 3153 2625 3208 τῶν
2649 3155 2808 3208 θείων
2843 3155 3074 3226 Γραφῶν
3110 3153 3474 3210 διδασκαλίαν.
3500 3148 3569 3202 Tit
3587 3146 3716 3199 πάιτι

524 3240 912 3314 Symmachum
942 3241 1164 3308 dicitur,
1198 3239 1263 3294 In
1293 3241 1605 3312 Aquilonem
1649 3251 1700 3296 et
1740 3239 2012 3296 dexteram
2041 3250 2099 3294 tu

2204 3247 2334 3320 γὰρ,
2361 3249 2515 3319 φησί,
2547 3249 2612 3301 σὺ
2635 3247 2875 3310 ἔκτισας,
2902 3248 2972 3302 τά
3001 3265 3059 3302 τε
3089 3247 3246 3314 δεξιά
3269 3248 3363 3302 τού
3388 3233 3568 3313 κόσμου
3595 3237 3712 3309 μέρη.

523 3332 756 3395 creasti;
819 3331 1119 3400 secundum
1182 3332 1435 3404 Aquilam
1481 3346 1651 3396 vero,
1695 3330 2003 3399 Aquilonem
2051 3340 2098 3384 et

2207 3337 2301 3392 καὶ
2332 3337 2400 3391 τὰ
2429 3339 2712 3409 ἀριστερά.
2759 3338 2919 3392 Ἀλλά
2945 3339 3136 3410 τὰμὲν
3158 3337 3314 3406 δεξιά
3341 3331 3569 3404 όνομειεῑτῖὶ
3589 3338 3711 3396 πΡ⁰σ’

523 3422 795 3478 dexteram
831 3432 889 3477 tu
911 3425 1124 3480 creasti.
1153 3424 1354 3493 Quinta
1388 3430 1568 3479 autem
1597 3423 1766 3484 editio
1795 3422 2098 3480 accuratius

2207 3433 2379 3496 εἶπεν,
2404 3428 2708 3500 ἐφυλάξατο
2725 3430 2782 3484 δὲ
2803 3430 3106 3504 χρήσασθαι
3135 3430 3217 3503 τῷ
3246 3428 3339 3484 τοῦ
3365 3417 3612 3498 ἀριστεροῦ
3631 3412 3712 3504 ἂνξ·

523 3516 813 3587 explicavit
847 3532 1098 3588 quaenam
1138 3512 1364 3573 dextera
1387 3524 1574 3573 essent
1603 3514 1830 3577 dicens,
1881 3514 2098 3584 Aquilo-

2211 3540 2359 3593 ματι.
2392 3522 2483 3575 Διὸ
2514 3522 2764 3577 λέλεκται
2795 3501 2938 3578 κατ-ἀ
2964 3524 3055 3578 τὸν
3083 3501 3402 3595 Σύμμαχον,
3435 3517 3526 3580 Εἰς

525 3624 642 3662 nem
684 3617 734 3662 et
766 3603 948 3663 notum
988 3618 1043 3662 tu
1073 3599 1288 3664 creasti.
1325 3607 1561 3665 Sinistra
1604 3622 1786 3678 porro,
1814 3606 1956 3678 apud
1986 3621 2100 3662 om-

2209 3614 2307 3668 καί
2357 3614 2563 3680 δεξιὰν
2603 3615 2686 3670 σὺ
2733 3616 2977 3684 ἔκτισας
2995 3633 3010 3648 ·
3061 3618 3156 3669 καὶ
3200 3613 3341 3670 κατά
3388 3610 3473 3664 τὸν
3508 3597 3705 3656 Ἀκύλαν.

528 3715 626 3756 nes
657 3700 983 3772 interpretes
1021 3700 1242 3756 silentio
1267 3701 1524 3765 mittitur,
1552 3699 1680 3771 quia
1725 3707 1950 3770 putatur
1976 3700 2103 3769 quid

2209 3705 2444 3776 Βοῤῥᾶν
2478 3707 2577 3762 καί
2603 3707 2812 3772 δεξιὰν
2837 3707 2919 3763 σὺ
2946 3709 3218 3774 ἔκτισας.
3261 3706 3325 3759 Ἦ
3351 3702 3406 3756 δὲ
3440 3698 3618 3767 πέμπτη
3643 3685 3709 3737 εκ·

529 3791 830 3847 infaustum
858 3808 1003 3856 esse,
1033 3799 1088 3848 et
1117 3792 1311 3849 dextro
1342 3793 1652 3864 oppositum
1679 3811 1691 3846 :
1742 3791 1881 3846 nihil
1922 3801 2104 3847 autem

2208 3801 2355 3865 δοσις
2399 3801 2731 3874 σαφέστερον
2771 3803 3085 3876 ἡρμήνευσε
3114 3801 3242 3856 τινα
3277 3797 3346 3852 τά
3375 3791 3509 3856 δεξιὰ
3533 3788 3711 3876 φήσαεξς

530 3883 585 3938 in
610 3883 866 3939 universo
909 3883 1207 3940 infaustum
1238 3894 1292 3940 et
1332 3884 1477 3940 bono
1513 3885 1822 3956 Oppositum
1848 3891 1950 3941 est.
1985 3883 2105 3938 Om-

2211 3892 2444 3962 Βορῤἇν
2485 3869 2585 3947 καὶ
2632 3869 2825 3948 κότοιῖ
2991 3892 3261 3959 ἔκτισας.
3313 3887 3383 3942 Τὸ
3420 3885 3460 3937 δ’
3496 3869 3711 3962 ἀριστερὸν

533 3975 623 4030 nia
652 3975 820 4039 enim,
849 3975 1058 4046 inquit,
1113 3986 1170 4030 tu
1206 3977 1428 4032 creasti.
1465 3976 1582 4031 Duo
1628 3986 1808 4032 autem
1853 3985 2067 4033 montes
2089 4019 2104 4044 ,

2213 3961 2391 4055 πάντη
2421 3985 2758 4057 σεσιώπηται
2785 3985 2936 4058 παρὰ
2962 3988 3076 4050 τοῖς
3107 3987 3263 4047 πᾶσι,
3287 3981 3372 4036 διὰ
3393 3977 3449 4030 τὸ
3471 3961 3712 4058 νομίζεσθᾞ

541 4063 752 4118 l‘habor
778 4073 832 4119 et
854 4063 1112 4128 Hermon,
1151 4080 1248 4135 per
1281 4066 1660 4122 excellentiam
1692 4074 1888 4136 printer
1915 4082 2108 4123 omnes

2216 4077 2404 4131 σκαιὸν
2435 4074 2573 4130 εἶναι
2612 4079 2706 4132 καὶ
2741 4078 2981 4131 ἐναντίον
3009 4076 3087 4147 τῷ
3127 4075 3303 4146 δεξιῷ·
3346 4068 3485 4124 ούδέν
3509 4059 3634 4138 δὲλὲν

534 4154 670 4208 alios
702 4154 988 4209 memorati
1023 4161 1187 4208 sunt:
1222 4155 1423 4210 etenim
1457 4155 1512 4210 bi
1559 4155 1613 4210 in
1641 4156 1861 4212 nomine
1891 4166 1984 4212 tuo
2010 4173 2108 4213 ex-

2216 4168 2378 4221 παντί
2411 4169 2618 4232 σκαιὸν,
2667 4169 2789 4222 οὐδὲ
2835 4168 2914 4240 τῷ
2960 4141 3110 4239 καλιῖι
3156 4141 3409 4222 ἐναντίον.
3457 4155 3617 4240 nam.

535 4243 837 4300 sultabunt.
903 4241 1214 4300 Secundum
1272 4243 1524 4315 Aquilam
1569 4260 1738 4309 vero,
1802 4246 2012 4302 Thabor
2060 4257 2110 4302 et

2215 4256 2328 4325 οὖν,
2358 4262 2513 4334 φησὶ,
2541 4230 2612 4314 σὺ.
2632 4230 3052 4332 ἑκτισαςίὌρη
3081 4230 3139 4313 δὲ
3167 4259 3279 4323 δύο,
3310 4255 3368 4308 τὸ
3391 4245 3562 4316 Θαόὼρ
3584 4230 3711 4334 ξδ

538 4335 772 4392 Hermon
806 4337 857 4391 in
885 4337 1094 4392 nomine
1124 4346 1213 4390 tuo
1245 4335 1576 4402 laudabunt;
1621 4339 1922 4394 secundum
1950 4339 2110 4413 Sym-

2227 4324 2444 4423 'Epp.t‘ov
2473 4352 2750 4423 ἐξαίρετόν
2777 4324 2842 4406 τι
2869 4324 3133 4422 κέκληται
3178 4348 3325 4421 παρά
3358 4343 3532 4397 πάντα·
3556 4331 3618 4401 τῷ
3636 4324 3711 4423 Υξρ

537 4430 789 4484 machum
824 4439 1037 4496 autem,
1088 4429 1301 4484 Tltabor
1350 4440 1398 4484 et
1450 4429 1684 4485 Hermon
1741 4447 1930 4487 nomen
1965 4442 2112 4487 tuum

2144 4439 2190 4496 D
2216 4413 2438 4514 ὀνόματί
2465 4413 2558 4497 σου
2585 4413 2757 4498 ταῦτα
2781 4413 3223 4513 ἀγαλλιάσονται.
3251 4413 3397 4494 Κατὰ
3420 4433 3471 4486 δὲ
3489 4429 3564 4482 τὸν
3596 4413 3709 4514 ’.ἐκύι-

538 4519 890 4574 celebrabant.
927 4518 1135 4574 Horum
1182 4534 1346 4591 porro
1381 4520 1644 4574 montium
1692 4523 1859 4577 variis
1889 4522 1942 4577 in
1976 4523 2113 4579 locis

2217 4503 2336 4602 λαν,
2383 4535 2584 4604 Θαϐὼρ
2626 4535 2724 4589 καί
2769 4503 2989 4605 Ἑρμῶν
3017 4536 3088 4588 ἐν
3113 4533 3196 4600 τῷ
3230 4523 3458 4598 ὀνόματί
3485 4533 3582 4572 σου
3600 4503 3711 4605 altl-

540 4612 787 4666 meminit
814 4611 1026 4668 Veteris
1074 4611 1406 4668 Testamenti
1455 4613 2115 4686 historia,_arbitrorque

2219 4597 2427 4681 UouUt'
2462 4597 2602 4681 κατά
2635 4627 2692 4682 δὲ
2723 4597 3175 4698 τὸν-ξύμμαχον,-
3199 4597 3390 4688 Θαδῶρ
3419 4611 3504 4667 καὶ
3535 4605 3598 4698 τέ),
3629 4597 3709 4693 Ἔνθ’

540 4703 626 4758 his
661 4704 720 4758 in
767 4706 1047 4760 montibus
1093 4706 1375 4760 mirabiles
1424 4705 1547 4761 illas
1597 4704 1897 4762 Salvatoris
1940 4709 2115 4764 nostri

2214 4717 2348 4788 μὼν
2374 4719 2444 4772 τὸ
2473 4717 2662 4788 ὄνομὰ
2696 4733 2814 4772 σου
2859 4692 3299 4788 εῠξςηιιῆσουσι.
3344 4705 3535 4761 Τούτων

542 4795 1074 4868 transﬁgurationes,
1111 4797 1533 4869 frequentesque
1579 4814 1761 4855 moras
1801 4801 2115 4866 exstitisse,

2214 4781 2393 4881 όρέων
2425 4781 2700 4882 μέμνηται
2729 4781 3027 4882 διαφόρως*
3043 4781 3092 4880 ἡ.
3116 4809 3218 4879 τῆς
3248 4797 3472 4859 Παλαιᾶς
3502 4781 3709 4882 Ᾱιαθήκης

542 4886 757 4958 quando
788 4904 913 4943 cum
962 4889 1280 4945 hominibus
1325 4891 1669 4946 versabatur.
1703 4890 1786 4945 An
1833 4905 1964 4946 vero
1998 4891 2117 4961 ipsa

2228 4902 2456 4974 ἱστορία·
2484 4903 2577 4956 καὶ
2607 4898 2761 4974 οἶμαί
2789 4921 2851 4973 γε
2883 4905 2940 4955 ἐν
2968 4901 3175 4965 τούτοις
3205 4901 3310 4961 τοῖς
3332 4880 3564 4964 δρεσιτὰς

543 4981 825 5036 nominum
859 4979 1188 5052 signiﬁcatio
1237 4983 1443 5054 aliquid
1477 4984 1636 5040 nobis
1677 4983 1746 5038 ad
1791 4984 1985 5039 horum
2034 4987 2118 5040 in-

2225 4963 2410 5058 δόξοίδς
2437 4992 2530 5047 τοῦ
2563 4963 2813 5066 Μέῆροέ
2845 4994 3000 5065 ἡμῶν
3027 4963 3298 5063 γεγονέναι
3323 4963 3703 5066 μεταμορφώξεξι

543 5075 895 5146 telligentiam
933 5073 1200 5142 conferat,
1237 5086 1296 5130 ιιι
1329 5053 1446 5146 ipse
1475 5077 1794 5133 consideres
1823 5078 2004 5134 velim.

2227 5053 2323 5139 καί
2353 5053 2453 5150 τάς
2493 5053 3050 5160 πλείους-διατριϐάς,
3089 5053 3178 5140 ότε
3217 5053 3596 5160 σὺνὴάνθρώηξοξς

544 5171 803 5225 λιτεύετο.
832 5172 895 5224 Εἰ
930 5169 988 5225 δέ
1030 5173 1122 5225 καὶ
1165 5171 1273 5226 τῶν
1319 5171 1597 5243 ὀνομάτων
1642 5175 1677 5244 ἡ
1713 5175 1979 5248 ἑρμηνεία
2015 5177 2383 5249 συμϐάλλεταί
2429 5149 2484 5235 τι
2522 5184 2654 5254 ἡμῖν
2689 5183 2766 5247 εἰς
2801 5149 2899 5254 τὴν
3112 5171 3459 5252 προκειμένων
3510 5149 3702 5207 tum»

547 5272 640 5328 καὶ
673 5270 836 5333 αὐτὸς
863 5270 1196 5341 ἐπιστήσεις.
2096 5286 2097 5289 ‘

1254 5358 1524 5414 brachium
1557 5377 1675 5414 cum
1727 5364 1962 5432 potentia
1989 5379 2006 5417 :
2038 5365 2126 5435 ﬁr-

2125 5398 2126 5405 η
2302 5361 2417 5429 Σὸς
2446 5366 2478 5416 ὁ
2507 5363 2779 5433 βραχίων
2803 5365 2952 5434 μετὰ
2988 5359 3349 5420 δυναστείας⁹
3378 5320 3700 5435 κρατωἮ

549 5466 718 5535 metur
743 5472 928 5509 manus
959 5463 1070 5519 tua,
1095 5454 1359 5508 exaltetur
1391 5452 1609 5508 dextera
1641 5417 1739 5508 tua.
1763 5471 1781 5508 :
1826 5417 2050 5525 iustitia.
2076 5465 2124 5510 et

2120 5465 2127 5507 ι
2232 5455 2270 5525 ἡ
2305 5417 2436 5526 χείὲ
2467 5417 2608 5522 σεξ),
2633 5417 2934 5526 gemeam
2976 5455 3016 5523 τι
3058 5453 3221 5520 δεξιὰ
3256 5417 3378 5503 σου.
3421 5417 3695 5490 Δικαιοσικη

530 5709 538 5712 _
622 5635 666 5666 ³⁸
705 5632 866 5690 Prov.
905 5649 1000 5697 Ill,
1040 5633 1126 5690 19.
1203 5635 1244 5668 ³¹
1286 5633 1433 5694 Psal.
1471 5648 1621 5694 xcu,
1658 5632 1710 5687 1,
