3988 6204
269 230 290 273 1
301 222 404 277 095

1388 227 1884 283 COMMENTARIA
1923 228 1994 286 IN
2023 231 2364 302 'PSALMOS.

3357 250 3492 308 1094

238 337 359 390 ,καὶ
386 337 563 408 κρῖμα
591 340 900 412 ἐτοιμασία
938 344 1050 399 τοῦ
1082 344 1296 414 θρόνου
1325 361 1462 401 σου.
1505 349 1711 416 Ἔλεος
1737 368 1803 405 κο

1901 396 1906 411 ι
1925 352 2189 422 judicium
2218 356 2537 424 murra-ratio
2563 355 2740 413 throni
2769 359 2865 414 tui.
2899 359 3267 420 Hisericordia
3311 377 3361 422 et
3405 386 3492 424 ve.

232 428 508 494 .dlrioeta
537 437 1002 502 προπορεύσεται
1035 438 1149 508 πρὸ
1187 439 1512 507 προσώπου
1553 459 1688 496 σου.
1717 445 1827 497 Καὶ

259 517 429 573 ταῦτα
468 523 547 586 είς
587 523 684 594 τὴν
718 525 810 578 τοῦ
856 529 1192 597 Μονογενοῦς
1231 529 1326 583 τοῦ
1358 531 1496 585 Θεοῦ
1525 533 1826 602 δοξολογίαν

237 611 642 684 παρείληπται,
671 617 814 688 ἅπερ
841 620 1165 692 σαφέστερον
1185 623 1213 674 ὁ
1246 621 1474 688 Ἀκύλας
1492 626 1823 696 ἡρμήνευσε,

258 704 446 759 τοῦτον
490 709 720 772 ἀποδοὺς
763 711 854 765 τὸν
893 714 1113 785 τρόπον·
1147 715 1263 782 Σὸς
1301 719 1335 771 ό
1367 718 1640 786 βραχίων
1683 720 1827 788 μετὰ

231 793 632 865 δυναστείας·
666 801 955 870 ἀήττητος
990 806 1030 873 ἡ
1065 806 1194 874 χείρ
1212 820 1358 872 σου,
1398 807 1609 876 ὑψηλὴ
1648 811 1687 878 ἠ
1713 809 1826 878 ιδεο

233 885 356 949 «ξιά
387 903 522 944 σου·
548 892 904 962 δικαιοσύνη
933 896 1033 950 καὶ
1069 897 1247 968 κρῖμα
1267 898 1456 966 βάσις
1480 901 1585 955 τοῦ
1609 904 1824 970 θρόνου

231 992 390 1030 .σου.
432 981 542 1032 Καὶ
569 982 769 1046 ταύτας
798 983 854 1037 δὲ.
879 987 1193 1054 ἀναγκαίως
1222 987 1318 1052 τὰς
1352 988 1672 1060 Θεοπρεπείς
1699 996 1824 1062 ἀρε-

253 1067 352 1131 τὰς
379 1071 436 1122 ὲν
476 1075 540 1142 τῇ
569 1072 812 1147 Θεολογίᾳ
841 1079 1142 1151 παρείληφε
1173 1080 1260 1134 διὰ
1285 1081 1384 1144 τὰς
1408 1082 1500 1136 τοῦ
1534 1084 1664 1137 Θεοῦ
1688 1087 1824 1157 πρὸς

234 1157 342 1211 -τὸν
357 1160 518 1214 Δαυῒδ
543 1163 892 1233 ἐπαγγελίας.
917 1168 1078 1221 Οὐδὲν
1097 1168 1224 1240 γὰρ,
1243 1172 1428 1241 φησιν,
1446 1173 1822 1244 ἀντιστήσεται

254 1251 348 1305 σοῦ
377 1256 441 1325 τῇ
474 1253 658 1327 βουλῇ·
709 1259 847 1328 μετὰ
873 1261 982 1332 γὰρ
1011 1260 1104 1314 τοῦ
1144 1261 1316 1316 θέλειν
1347 1265 1443 1318 καὶ
1478 1265 1537 1318 τὸ
1566 1267 1822 1322 δύνασθαί

231 1359 334 1398 ισοι
363 1339 450 1398 οἷα
477 1347 596 1418 Θεῷ
625 1349 717 1402 καὶ
747 1350 979 1424 δεσπότῃ
1006 1353 1114 1406 τῶν
1141 1354 1276 1409 ὅλων
1298 1355 1552 1428 πάρεστι.
1583 1359 1692 1412 Καὶ
1713 1359 1821 1431 γὰρ

235 1435 487 1508 βραχίων
517 1439 599 1492 σοί
629 1441 743 1494 ἐστι
779 1442 952 1512 μέγας
989 1437 1084 1498 καὶ
1110 1444 1395 1500 δυναστεία
1427 1449 1519 1502 καὶ
1547 1448 1689 1522 ἀρχὴ
1713 1451 1821 1504 τῶν

232 1528 484 1592 πάντων,
508 1534 960 1606 κεκραταιωμένη
981 1553 1039 1589 τε
1060 1537 1180 1607 χεὶρ
1202 1538 1296 1591 καὶ
1318 1538 1624 1612 ὑψηλοτάτη
1647 1541 1818 1608 δεξιὰ,

237 1618 280 1671 -ὂ
293 1636 352 1672 τε
385 1619 574 1691 θρόνος
600 1622 702 1693 τῆς
735 1625 834 1696 σῆς
865 1626 1159 1696 βασιλείας,
1175 1628 1364 1701 ὥσπερ
1391 1632 1438 1683 οἱ
1463 1632 1571 1685 τῶν
1603 1635 1694 1686 ἐπὶ
1718 1635 1820 1706 γῆς

1926 445 2061 498 ritas
2081 445 2370 513 precedent
2392 446 2581 513 [aciem
2601 457 2769 505 tuam.
2796 448 2919 504 Haec
2946 451 3076 508 item
3113 455 3179 509 ad
3216 455 3487 529 Unigeniti

1899 531 2022 588 ‘Dei
2049 533 2275 604 gloriam
2298 537 2680 593 celebrandam
2728 549 3102 609 usurpantur:
3139 561 3259 615 qua:
3294 551 3486 618 Aquila

1925 624 2130 680 clarius
2184 625 2570 697 interpretatur
2612 629 2714 685 hoc
2761 640 2918 701 pacto
2957 651 2970 686 :
3003 633 3170 688 Tuum
3219 635 3487 695 brachium

1925 729 2042 766 cum
2085 717 2318 782 potentia
2348 734 2367 771 :
2407 718 2600 773 invicta
2640 737 2828 774 manus
2882 732 2994 787 tua,
3026 725 3229 778 excelsa
3271 726 3489 786 dextera

1927 810 2054 856 tua:
2079 804 2291 872 justitia
2319 815 2368 860 et
2393 806 2655 876 judicium
2679 809 2818 865 basis
2847 813 3020 866 throni
3052 817 3148 868 tui.
3173 802 3488 888 Opportune

1921 902 2102 948 autem
2131 894 2344 952 divinas
2373 897 2536 953 hasce
2571 900 2822 965 virtutes,
2851 903 2918 957 de
2951 903 3061 959 Deo
3102 906 3347 976 loquens,
3375 925 3488 966 me-

1924 987 2175 1054 moravit,
2207 990 2278 1044 ob
2304 991 2571 1058 promissa
2600 991 2915 1064 Dei_Davidi
2942 995 3103 1050 facta.
3135 997 3368 1064 Etenim,
3405 1003 3488 1057 in-

1922 1078 2060 1146 quit,
2091 1079 2226 1134 nihil
2269 1043 2534 1136 voluntati
2577 1043 2807 1140 obsstet
2848 1093 2953 1141 tua:
2985 1107 2997 1142 :
3035 1105 3156 1142 cum
3211 1092 3490 1150 voluntate

1923 1174 2120 1243 quippe
2161 1174 2281 1239 tibi,
2321 1185 2503 1245 utpote
2538 1174 2649 1232 Deo
2700 1187 2754 1232 et
2794 1177 3016 1235 domino
3069 1183 3443 1240 universorum
3468 1227 3484 1250 ,

1923 1265 2074 1320 adest
2108 1272 2370 1335 potestas.
2406 1267 2539 1322 Nam
2580 1285 2835 1341 magnum
2861 1271 2957 1327 tibi
2985 1273 3264 1330 brachium
3297 1285 3400 1344 est,
3431 1287 3488 1334 et

1907 1348 2165 1427 potestas
2193 1367 2247 1413 et
2274 1359 2560 1430 imperium
2586 1362 2639 1415 in
2669 1363 2871 1429 omnia,
2907 1379 3101 1421 manus
3140 1367 3371 1434 ﬁrmata,
3396 1385 3486 1425 ex-

1921 1445 2311 1504 cellentissima
2367 1450 2630 1507 dextera:
2668 1453 3006 1526 tiu-onusque
3060 1459 3210 1529 regni
3259 1461 3379 1526 tui,
3426 1470 3486 1516 ut

1923 1536 2100 1590 throni
2156 1541 2499 1608 regnantium
2547 1540 2602 1594 in
2657 1549 2804 1598 terra
2855 1559 2920 1599 ex
2969 1547 3205 1614 pretiosa
3257 1551 3484 1604 materia
3532 1573 3540 1582 ο

1921 1627 2156 1683 conlecti
2186 1639 2335 1698 sunt,
2361 1633 2436 1685 ita
2461 1640 2514 1687 et
2543 1633 2658 1703 ipse
2679 1650 2745 1690 ex
2769 1637 2836 1692 iis
2859 1653 2979 1707 quae
3008 1645 3060 1693 te
3095 1637 3263 1693 Deum
3290 1641 3484 1696 decent

235 1709 648 1778 ὶβασιλευόντων
673 1714 850 1785 θρόνοι
884 1718 944 1783 ἐξ
971 1717 1102 1790 ὕλης
1133 1721 1320 1791 τιμίας
1349 1723 1691 1795 πεποίηνται,
1727 1729 1803 1779 κατ

1918 1722 2281 1776 concinnatus
2308 1729 2413 1778 est.
2448 1722 2652 1780 Divina:
2702 1720 2884 1797 itaque
2919 1729 3166 1794 virtutes,
3185 1730 3396 1799 justitia
3429 1743 3484 1788 et

235 1803 406 1866 αὐτὸς
430 1798 582 1867 οὗτος
611 1805 674 1858 ὲκ
701 1807 808 1860 τῶν
840 1811 1153 1880 πρεπόντων
1183 1829 1264 1867 σοι
1285 1812 1364 1883 τῷ
1384 1813 1503 1884 Θεῷ
1525 1817 1816 1870 κατεσκεύ-

235 1907 428 1946 ασται.
472 1894 682 1964 Ἀρεταὶ
709 1897 1204 1972 γοῦνθεοπρεπεῖς,
1233 1902 1542 1976 δικαιοσύνη
1581 1906 1672 1959 καὶ
1695 1906 1815 1979 κρῖ-

237 1999 344 2052 μα,
384 1984 477 2037 τὸν
515 1985 604 2040 σὸν
642 1989 1045 2059 κατακοσμοῦσι
1083 1991 1285 2065 Θρόνον.
1323 1994 1518 2066 Διόπερ
1547 1995 1813 2051 τοσούτων

233 2075 416 2128 οὐσῶν
446 2077 595 2149 παρὰ
627 2080 709 2132 σοὶ
735 2075 812 2151 τῷ
843 2081 961 2152 Θεῷ
979 2083 1278 2154 δυνάμεων,
1301 2086 1519 2156 ὁμαλῶς
1546 2088 1640 2141 καὶ
1666 2089 1813 2142 ἀκω-

239 2163 412 2230 λύτως
448 2168 482 2238 ἡ
530 2169 758 2240 ἀλήθεια
805 2171 915 2226 τῶν
965 2174 1072 2227 σῶν
1113 2176 1452 2245 ἐπαγγελιῶν
1498 2179 1808 2251 προτρέχει,

231 2255 468 2328 μηδενὸς
501 2260 888 2331 παραποδίζειν
914 2263 1210 2336 δυναμένου
1235 2267 1332 2332 τὰς
1360 2269 1458 2333 σὰς
1485 2271 1808 2340 ἀποφάσεις,

237 2349 308 2413 ἃς
336 2349 555 2421 ὤμοσας
580 2353 657 2423 τῷ
681 2355 844 2408 Δαυῖδ
867 2355 1003 2427 ὲλέῳ
1035 2359 1130 2411 καὶ
1160 2360 1339 2431 χάριτι
1371 2361 1470 2425 τὰς
1499 2361 1809 2429 ἐκτεθείσας

233 2439 566 2508 ἐπαγγελίας
615 2443 753 2514 πρὸς
785 2445 946 2498 αὐτὸν
980 2449 1362 2520 πεποιημένος,
1417 2451 1561 2504 Ἀντὶ
1602 2451 1659 2504 δὲ
1690 2453 1807 2516 τοῦ,

232 2529 592 2599 Δικαιοσύνη
620 2533 718 2585 καὶ
752 2533 928 2602 κρξιια
957 2535 1268 2606 ἐτοιμασία
1295 2540 1400 2595 τοῦ
1427 2542 1642 2608 θρόνου
1669 2560 1805 2607 σου,

231 2620 376 2674 κατὰ
408 2620 500 2676 τὸν
545 2621 795 2687 Ἀκύλαν,
820 2628 1175 2697 Δικαιοσύνη
1200 2630 1300 2684 καὶ
1333 2631 1510 2701 κρῖμα
1540 2633 1607 2687 τὸ
1635 2634 1806 2704 ἕδρα-

229 2722 360 2780 Gya
380 2711 484 2766 τοῦ
512 2715 728 2782 θρόνου
745 2717 959 2783 αὐτοῦ,
985 2719 1220 2791 εἴρηται·
1248 2725 1276 2775 ὁ
1299 2722 1356 2776 δὲ
1379 2723 1668 2795 Σύμμαχος
1693 2725 1808 2795 τὴν

221 2801 420 2866 ,ϐάσιν
447 2805 614 2876 αὐτὴν
646 2803 787 2862 εἷναί
813 2827 945 2881 φησι
974 2811 1073 2882 τὴν
1102 2812 1445 2888 δικαιοσύνην
1480 2818 1572 2870 καὶ
1597 2819 1658 2871 τὸ
1689 2820 1808 2891 κρῖ-

230 2908 328 2962 μα.
371 2892 484 2963 Τῆς
506 2912 570 2964 γε
607 2897 712 2967 μὴν
742 2898 1084 2973 δικαιοσύνης
1115 2905 1210 2956 καὶ
1244 2904 1338 2957 τοῦ
1377 2905 1642 2978 κρίματος
1670 2908 1804 2978 μετὰ

225 2980 573 3056 δικαιοσύνης
595 2989 980 3061 ἐκφερομένου,
1016 2993 1304 3065 προτρέχει
1329 2995 1475 3060 ἕλεος
1501 2997 1647 3068 καὶὴ
1675 2997 1805 3068 ἀλή-

1911 1809 2183 1878 judicium
2209 1850 2226 1876 ,
2255 1812 2510 1867 thronum
2544 1825 2810 1869 exornant
2844 1827 3015 1871 tuum.
3043 1817 3381 1888 Quapropter
3403 1859 3417 1881 ,
3447 1834 3482 1874 0

1917 1899 2082 1964 Deus,
2119 1916 2241 1956 cum
2274 1909 2354 1956 tot
2385 1912 2658 1974 tantazque
2705 1920 2871 1975 penes
2915 1913 2968 1961 te
3006 1915 3300 1976 potestates
3334 1909 3478 1972 sint,

1911 1991 2114 2046 veritas
2134 1993 2293 2060 plana
2320 1993 2405 2046 via
2451 2002 2504 2048 et
2552 1994 2671 2049 sine
2704 1995 2859 2051 obice
2887 1998 3342 2066 promissionibus
3372 1998 3481 2053 tuis

1910 2081 2242 2149 praecurrit:
2296 2097 2418 2136 cum
2480 2098 2639 2138 nemo
2699 2086 2873 2154 possit
2937 2087 3202 2144 obsistere
3246 2089 3480 2144 decretis

1911 2171 2040 2235 tuis,
2070 2171 2270 2242 quibus
2300 2173 2496 2242 jurasti
2527 2173 2741 2240 Davidi,
2765 2191 2831 2230 ex
2869 2176 3244 2232 misericordia
3272 2186 3325 2234 et
3347 2195 3472 2249 gra-

1911 2263 1986 2317 tia
2027 2271 2118 2317 tua
2165 2263 2278 2333 jam
2309 2274 2639 2321 memoratas
2670 2265 2838 2324 edens
2883 2268 3325 2340 pollicitationes.
3372 2267 3479 2325 Pro

1910 2355 2004 2410 illo
2031 2365 2238 2420 autem,
2268 2356 2496 2412 Justitia
2542 2369 2591 2413 et
2614 2359 2882 2428 judicium
2936 2365 3254 2432 prmparatio
3306 2362 3478 2417 throni

1911 2447 2018 2512 tui;
2049 2445 2348 2501 secundum
2394 2448 2646 2519 Aquilam
2673 2489 2688 2509 ,
2721 2449 2943 2504 Iustitia
2979 2462 3027 2505 et
3056 2453 3321 2522 judicium
3353 2453 3477 2522 fun-

1909 2537 2208 2590 damentum
2242 2537 2416 2592 throni
2465 2540 2578 2608 ejus
2603 2580 2618 2605 ,
2666 2540 2901 2610 dicitur;
2958 2542 3314 2615 Symmachus
3346 2560 3474 2601 vero

1910 2628 2060 2683 basin
2087 2631 2222 2686 dixit
2248 2631 2652 2701 essejustitiam
2696 2641 2751 2688 et
2791 2635 3082 2702 judicium.
3117 2634 3351 2691 Justitia:
3381 2651 3476 2690 au-

1905 2729 2015 2777 tem
2046 2731 2100 2777 et
2121 2723 2353 2793 judicio,
2386 2724 2529 2795 quod
2558 2740 2682 2779 cum
2714 2725 2925 2796 justitia
2948 2726 3170 2783 ell‘ertur
3191 2768 3207 2792 ,
3242 2743 3475 2799 praecur-

1904 2814 1977 2868 rit
2025 2815 2397 2871 misericordia
2425 2825 2478 2872 et
2524 2818 2746 2874 veritas.
2776 2816 3051 2872 Justitiam
3081 2819 3223 2875 enim
3260 2819 3476 2874 miseri-

1904 2906 2089 2962 cordia
2123 2899 2458 2977 temperans,
2486 2908 2731 2963 mitiores
2757 2916 2950 2964 contra
2971 2926 3065 2966 eos
3088 2911 3180 2981 qui
3216 2925 3472 2980 peccavea

1865 3037 1868 3040 .
1906 3007 2032 3052 runt
2061 2999 2265 3068 profert
2294 3000 2791 3058 comminationes:
2841 3018 2966 3056 nam
3017 3003 3156 3058 alias
3198 3003 3470 3073 justitiam

227 3074 372 3129 οεια.
403 3076 493 3146 Τῷ
525 3077 654 3145 γοῦν
677 3080 810 3151 ἐλέῳ
841 3082 938 3154 τὴν
967 3084 1311 3157 δικαιοσύνην
1335 3089 1648 3160 ἀνακιρνὰς,
1673 3107 1803 3160 πρα-

1906 3091 2025 3160 ejus
2057 3106 2164 3146 non
2193 3099 2545 3160 temperatam
2567 3086 2752 3148 nullus
2774 3093 3052 3150 hominum
3087 3095 3405 3151 sustineret.

223 3169 422 3241 οτέρας
454 3175 680 3227 ποιεῖται
707 3175 803 3239 τὰς
826 3177 970 3232 κατὰ
998 3179 1103 3232 τῶν
1126 3181 1520 3253 ἡμαρτηκότων
1545 3185 1791 3248 ἀπειλάςο
1833 3185 2003 3249 ἄλλως
2026 3186 2134 3257 γὰρ
2156 3187 2388 3257 ἄκρατον
2426 3186 2590 3239 αὐτοῦ
2614 3189 2712 3260 τὴν
2767 3188 3111 3262 δικαιοσύνην
3175 3191 3274 3243 οὐκ
3296 3190 3359 3244 ἄν
3386 3206 3471 3252 τις

224 3263 326 3332 ᾀνο
333 3264 528 3335 ρώπων
558 3267 897 3338 ὑπομείνειεν

237 3422 240 3424 η
293 3379 599 3450 Μακάριος
629 3386 662 3437 ὁ
693 3383 842 3451 λαός
871 3387 904 3440 ό
936 3385 1245 3457 γινώσκων
1279 3390 1646 3461 ἀλαλαγμόν.
1678 3394 1795 3448 Κύ-

212 3489 334 3543 ριε,
368 3473 438 3527 ἐν
458 3472 542 3540 τῷ
572 3475 718 3544 φωτὶ
747 3476 853 3531 τοῦ
880 3477 1202 3546 προσώπου
1229 3497 1344 3536 σου
1376 3485 1790 3552 πορεύσονται,

218 3562 322 3618 καὶ
358 3563 428 3616 ἐν
450 3562 536 3629 τῷ
573 3565 818 3635 ὀνόματί
847 3583 963 3622 σου
1004 3570 1472 3639 ἀγαλλιάσονται
1503 3575 1656 3644 ὅλην
1681 3576 1794 3644 τὴν

215 3652 470 3723 ἡμέραν,
509 3655 606 3708 καὶ
630 3656 700 3709 ἐν
725 3657 800 3727 τῇ
825 3658 1178 3732 δικαιοσύνη
1205 3679 1321 3717 σου
1347 3666 1788 3733 ὺψωθήσονται.

220 3747 344 3800 Ὅτι
366 3748 644 3818 καύχημα
672 3749 782 3820 τῆς
809 3751 1117 3823 δυνάμεως
1147 3755 1346 3811 αὐτῶν
1377 3757 1458 3812 σὺ
1485 3754 1557 3823 εἷ,
1597 3760 1693 3814 καὶ
1718 3762 1788 3814 ἐν

214 3836 293 3908 τῇ
320 3839 565 3908 εὐδοκία
590 3857 714 3897 σου
745 3845 1128 3914 ὑψωθήσεται
1149 3847 1215 3903 τό
1248 3849 1424 3918 κέρας
1447 3851 1634 3922 ἡμῶν.
1666 3855 1785 3908 Ὅτι

213 3929 326 3984 τοῦ
369 3932 589 3999 Κυρίου
633 3934 672 4000 ἠ
717 3935 1039 4005 ἀντίληψις
1087 3939 1274 4008 ἡμῶν,
1322 3941 1418 3994 καὶ
1461 3942 1565 3996 τοῦ
1612 3944 1784 4015 ἁγίου

225 4021 471 4090 Ἰσραὴλ
491 4023 801 4091 ,ϐασιλέως
823 4027 1010 4096 ⁴ἡμῶν.
1041 4030 1270 4101 Νοήσεις
1289 4049 1348 4084 τε
1379 4033 1471 4086 καὶ
1497 4032 1670 4098 ἄλλως
1693 4034 1782 4088 τὸν

214 4112 536 4184 ἀλαλαγμὸν
557 4115 664 4168 ἀπὸ
686 4115 794 4170 τῶν
827 4119 966 4174 κατὰ
992 4122 1119 4184 τοὺς
1153 4123 1377 4193 καιροὺς
1405 4123 1512 4176 τῶν
1543 4123 1794 4196 πολέμων

212 4202 590 4267 ἀλαλαζόντων
611 4210 953 4278 στρατιωτῶν
978 4213 1073 4266 καὶ
1099 4213 1260 4282 φόὸον
1293 4217 1661 4287 ἐμποιούντων
1681 4221 1794 4282 τοῖς

214 4295 432 4366 ἐχθροῖς
455 4296 550 4350 διὰ
579 4298 679 4368 τῆς
713 4299 952 4370 μείζονος
984 4301 1111 4373 βοῆς
1144 4307 1238 4359 καὶ
1277 4307 1377 4376 τῆς
1417 4309 1558 4362 κατὰ
1587 4309 1791 4380 ταύτην

216 4381 553 4452 συμφωνίας.
575 4385 632 4438 ’0
658 4385 714 4439 δὲ
747 4385 887 4452 θεῖος
901 4390 1224 4457 Ἀπόστολος
1248 4395 1344 4460 τὰς
1369 4398 1426 4449 ὲν
1455 4399 1593 4470 ἁγίῳ
1623 4400 1791 4453 Πνεύ-

215 4489 348 4591 μῗτι
379 4473 562 4591 εύῖχὰς,
604 4477 702 4540 τὰς
855 4479 944 4533 διὰ
980 4485 1222 4591 γεγωνοῦ
1254 4485 1415 4591 βοῆς,
1438 4489 1662 4591 άλλὰνὲν
1693 4491 1784 4591 δρ-
1817 4537 1860 4591 D

210 4561 376 4632 νάμει
406 4563 715 4635 Πνεύματος
748 4568 1227 4642 ἀναπεμπομένας,
1267 4577 1519 4641 τοιαύτας
1552 4575 1689 4634 εἶναι
1710 4581 1787 4634 δι-

150 4657 156 4663 ’
208 4651 404 4706 δάσκει
446 4653 641 4722 λέγων·
680 4657 834 4710 Αὐτὸ
879 4659 944 4712 τὸ
988 4661 1232 4732 Πνεῦμα
1287 4668 1783 4739 ὑπερεντυγχάνει

207 4742 363 4810 ὑπὲρ
388 4743 555 4813 ἡμῶν
575 4748 928 4817 στεναγμοῖς
950 4751 1298 4820 ἀλαλήτοις.
1323 4755 1480 4812 Οὕτω
1517 4759 1576 4812 δὲ
1610 4760 1783 4830 μέγας

206 4832 289 4896 τίς
322 4833 436 4886 ἐστι
465 4834 558 4887 καὶ
591 4835 814 4900 σπάνιος
845 4840 874 4891 ὁ
896 4839 1154 4906 πολλάκις
1180 4842 1284 4897 ὑπὸ
1312 4845 1420 4900 τῶν
1445 4847 1604 4902 Θείων
1638 4850 1780 4920 Γρα-

1973 3384 2140 3442 Vens.
2174 3385 2360 3441 16-19.
2384 3385 2578 3440 Beatus
2607 3387 2828 3442 venulus
2848 3389 2937 3442 aui
2952 3400 3051 3444 scit
3071 3391 3461 3461 jubilalionem.

1903 3477 2124 3533 Domine
2153 3478 2209 3531 in
2234 3477 2614 3543 luminevultus
2633 3479 2708 3531 tui
2743 3479 3237 3546 ambulabunt,etin
3259 3491 3466 3544 nomine

1902 3567 2336 3624 tuoexsultabunt
2353 3568 2626 3634 totadie,et
2641 3570 2696 3623 in
2708 3570 2922 3639 justitia
2957 3582 3046 3628 tua
3068 3577 3461 3636 excitabuntur.

1901 3661 2164 3729 Quoniam
2191 3660 2363 3730 gloria
2394 3661 2600 3716 virtutis
2637 3678 2818 3716 eorum
2848 3671 2904 3715 tu
2941 3680 3017 3728 es,
3059 3674 3107 3719 et
3138 3667 3192 3719 iu
3221 3666 3465 3737 bencpla-

1890 3755 1995 3806 cito
2033 3763 2122 3806 tuo
2145 3751 2470 3805 exaltabitur
2493 3768 2656 3806 cornu
2689 3763 2947 3809 nostrum.
2977 3755 3116 3822 Quia
3141 3757 3356 3813 Domini
3385 3770 3465 3816 est

1891 3844 2180 3912 assumptio
2211 3852 2414 3907 nostra,
2441 3852 2490 3898 et
2515 3845 2684 3898 sancti
2717 3843 2889 3900 Israel
2927 3847 3060 3917 regis
3091 3851 3277 3905 nostri.
3303 3848 3457 3906 Jubi?

1889 3935 2103 3990 lationis
2132 3934 2347 3988 modum
2376 3934 2481 3988 alia
2515 3936 2722 3990 ratione
2764 3937 3071 4008 intelligas”,
3100 3955 3164 3994 ex
3213 3941 3444 3998 militum

1889 4027 1944 4080 in
1974 4033 2216 4096 tempore
2243 4027 2366 4082 belli
2385 4026 2726 4096 jubilatione,
2749 4036 2809 4082 ut
2838 4029 3024 4085 hostes
3064 4032 3268 4101 majore
3301 4033 3448 4089 edito

1893 4117 2150 4182 clamore,
2176 4117 2468 4188 additaque
2495 4119 2837 4190 symphonia,
2871 4122 3337 4191 perterrefaciant.
3375 4125 3460 4178 Di-

1892 4211 2055 4264 vinus
2084 4217 2262 4264 autem
2297 4210 2589 4280 Apostolus
2635 4211 2773 4266 tales
2827 4227 2948 4268 esse
2995 4213 3155 4267 docet
3184 4216 3458 4270 orationes

1892 4301 1948 4356 in
1983 4301 2187 4372 Spiritu
2216 4309 2428 4366 sancto,
2463 4316 2562 4356 nec
2585 4301 2692 4355 alta
2721 4317 2873 4366 voce,
2906 4303 2999 4359 sed
3027 4305 3086 4358 in
3121 4305 3317 4360 virtute
3341 4306 3458 4375 Spi-

1889 4395 2029 4449 ritus
2054 4396 2304 4457 cmissas,
2337 4408 2460 4448 cum
2491 4392 2567 4448 ait
2593 4413 2606 4448 :
2653 4394 2775 4464 Ipse
2824 4394 3052 4457 Spiritus
3087 4385 3330 4465 postulat.
3357 4414 3453 4466 pro

1890 4485 2059 4549 nobis,
2086 4487 2362 4556 gemitibus
2383 4485 2826 4540 inenarrabilibus
2847 4487 2912 4540 ³³.
2943 4486 3113 4541 Tanta
3134 4504 3294 4557 porro
3321 4497 3456 4544 tam-

1889 4593 1993 4648 que
2014 4594 2137 4633 rara
2163 4591 2246 4636 est
2270 4579 2522 4650 jubilatio
2559 4581 2672 4645 illa,
2694 4579 2894 4651 passim
2918 4595 2948 4633 a
2978 4579 3178 4635 divinis
3205 4578 3452 4651 Scripta-

1881 4671 1958 4726 ris
2007 4681 2338 4736 memorata,
2386 4683 2446 4726 ut
2475 4673 2668 4728 beatus
2724 4671 3048 4742 pradicetur
3097 4671 3190 4741 qui
3248 4687 3450 4742 gnarus

1880 4761 2025 4817 illius
2054 4769 2159 4826 est,
2189 4763 2416 4833 perinde
2445 4774 2605 4835 atque
2633 4763 2724 4818 alii
2750 4779 2819 4820 ex
2847 4763 3122 4833 praeclaris
3147 4765 3450 4820 secundum

1876 4851 2045 4909 Deum
2071 4855 2238 4925 gestis
2261 4855 2402 4910 beati
2423 4857 2700 4912 dicuntur.
2731 4856 2854 4912 Ideo
2879 4857 2967 4911 hic
2991 4856 3224 4912 dicitur:
3251 4857 3449 4913 Beatus

205 4927 325 4996 φῶν
360 4928 753 5001 ὀνομαζόμενος
786 4931 1119 5003 ἀλαλαγμὸς,
1161 4935 1237 5000 ὡς
1263 4940 1658 5011 μακαρίζεσθαι
1689 4943 1774 4997 τὸν

1901 4944 2092 5012 νοριιίιιε
2119 4947 2208 5016 qui
2229 4947 2328 5000 scit
2346 4947 2735 5016 jubilationem.
2764 4948 2902 5004 Alibi
2929 4963 3058 5003 vero
3087 4947 3302 5004 divinus
3334 4964 3452 5005 ser-

203 5020 546 5091 ὲπιστήμονα
575 5023 784 5090 τούτου,
819 5025 1020 5096 ὁμοίως
1051 5029 1164 5091 τοῖς
1203 5030 1658 5103 μακαριζομένοις
1682 5035 1774 5088 ἐπὶ

199 5115 317 5176 τοῖς
348 5112 528 5178 ἄλλοις
551 5116 690 5170 κατὰ
720 5117 851 5172 Θεὸν
880 5117 1286 5191 κατορθώμασι.
1321 5123 1412 5174 Διὸ
1438 5123 1668 5178 ἐνταῦθα
1690 5125 1777 5178 λέ-

199 5203 412 5257 λεκται·
438 5206 735 5273 Μακάριος
764 5211 797 5262 ό
823 5209 974 5277 λαὸς
1007 5214 1041 5264 ό
1069 5210 1377 5280 γινώσκων
1403 5213 1771 5283 simulantior.

211 5296 304 5348 ‘Ev
336 5295 543 5366 ἑτέροις
568 5297 624 5348 δὲ
658 5300 686 5351 ὁ
729 5297 869 5362 θεῖος
909 5299 1064 5369 λόγος
1099 5302 1287 5357 Θυσίαν
1317 5301 1453 5357 εἶναι
1483 5306 1574 5359 τὸν
1599 5307 1774 5362 τοιοῦ-

199 5403 293 5440 τον
347 5385 658 5458 ἀλαλαγμὸν
706 5389 945 5444 διδάσκει
998 5392 1170 5463 λέγων
1195 5411 1209 5424 ·
1273 5395 1616 5452 Ἐκύκλωσα
1674 5402 1772 5455 καί

198 5478 393 5534 ἔθυσα
427 5479 498 5533 ἐν
544 5478 620 5550 τῇ
666 5481 868 5552 σκηνῇ
908 5486 1096 5540 αὑτοῦ
1142 5487 1362 5543 θυσίαν
1401 5490 1774 5563 ἀλαλαγμοῦ.

301 5632 344 5664 ³¹
382 5629 539 5688 Rom.
576 5601 706 5702 vui,
735 5634 825 5692 26.
903 5637 949 5678 ³³
989 5637 1134 5698 Psal.
1173 5656 1334 5708 xxvi,
1371 5642 1426 5710 6,

1881 5052 1970 5091 mo
1998 5037 2311 5106 hujusmodi
2340 5039 2721 5109 jubilationem
2753 5041 2986 5096 hostiam
3027 5054 3150 5096 esse
3173 5041 3330 5096 docet
3362 5041 3447 5096 his

1874 5127 2097 5183 verbis:
2139 5127 2371 5183 Circuivi
2427 5140 2477 5185 et
2527 5131 2795 5186 immolavi
2847 5133 2900 5186 in
2944 5131 3283 5186 tabernaculo
3329 5132 3445 5198 ejus

1875 5216 2104 5272 hostiam
2131 5218 2466 5288 jubilationis
2497 5221 2560 5275 ³³.
2606 5221 2706 5275 Hic
2733 5236 2894 5292 porro
2919 5221 3134 5278 videtur
3154 5222 3282 5276 mihi
3317 5220 3443 5289 Spi~

1874 5310 2013 5366 ritus
2043 5321 2268 5367 sanctus
2309 5313 2567 5385 populum
2597 5313 2803 5369 Christi
2843 5322 3029 5384 aperte
3063 5316 3276 5370 beatum
3304 5325 3443 5380 pra:-

1874 5402 2059 5459 dicare
2085 5423 2099 5458 :
2130 5403 2248 5475 ipse
2267 5420 2504 5476 namque
2530 5421 2654 5463 cum
2679 5407 2735 5462 in
2764 5407 3011 5462 notitiam
3039 5404 3245 5461 venerit
3266 5403 3439 5456 victo-

1872 5495 1969 5552 riae
1997 5510 2027 5552 a
2061 5493 2344 5554 Salvatore
2372 5507 2562 5555 nostro
2585 5498 2652 5554 de
2675 5498 2911 5556 inimicis
2933 5503 3099 5568 partze
3117 5535 3133 5561 ,
3176 5493 3438 5551 adversus
