3990 6202
314 261 449 322 ι’θΟἸ

1433 275 1929 335 COMMENTARIA
1967 280 2034 335 IN
2073 280 2410 338 PSALMOS.

3409 291 3430 345 1
3440 293 3543 345 093

306 377 557 431 νώσκων
579 377 946 449 ὰὶηλιιγμόν.
977 366 1084 436 Kal
1106 386 1138 455 ἢ
1147 384 1263 455 μῶν
1288 386 1343 440 δὲ
1370 389 1551 443 αὐτῶν
1576 391 1687 444 τῶν
1704 393 1851 446 ταῦτε

1980 402 2089 450 tur.
2123 396 2278 463 Quod
2319 406 2498 454 autem
2533 413 2725 467 cornu,
2774 402 2882 458 nisi
2931 403 2987 458 id
3031 405 3176 474 quod
3222 420 3288 462 ex
3337 408 3547 465 semine

303 465 670 530 θεσπιζόντων
697 466 786 521 διὰ
813 468 909 521 τοῦ
950 471 1265 543 Πνεύματος
1296 477 1588 548 προφητῶν
1613 479 1677 532 τὸ
1707 481 1874 552 κέρας

303 556 670 629 ὑψωθήσεται.
706 559 864 613 Ποῖον
886 560 944 614 δὲ
976 562 1139 634 κέρας
1164 565 1198 635 ἧ
1226 566 1288 619 τὸ
1321 567 1513 637 μέλλον
1537 570 1602 624 ἐκ
1627 571 1874 643 σπέρμα-

299 664 396 712 τος
420 645 586 702 Δαυῒδ
615 649 756 704 κατὰ
783 649 881 721 τὴν
924 653 1044 723 σὴν,
1082 647 1129 706 ὧ
1155 653 1347 726 Κύριε,
1380 658 1710 727 ἐπαγγελίαν
1740 678 1876 732 προ-

299 739 653 805 cuneatim;
677 741 790 794 Kal.
809 741 967 797 τοῦτο
990 743 1099 816 γὰρ
1125 745 1188 799 τὸ
1206 747 1373 819 κέρας
1390 750 1425 821 ἠ
1433 749 1567 821 μῶν,
1603 752 1662 805 ἐν
1680 745 1726 820 ᾧ
1747 753 1875 818 τοὺς

299 831 533 902 ἐχθροὺς
573 831 729 904 ἡμῶν
758 834 1139 906 κερατιοῦμεν,
1173 839 1231 891 ἐν
1262 842 1328 911 τῇ
1359 840 1577 914 εὐδοκία
1606 861 1700 897 σου
1730 844 1874 914 ὑψω-

297 923 549 995 θήσεται,
571 923 666 978 σοῦ
694 923 789 979 τοῦ
802 925 986 997 ’Δγίου
1015 929 1249 1002 Ἰσραὴλ,
1279 933 1373 986 τοῦ
1404 933 1667 1004 βασιλέως
1693 937 1869 1008 ἡμῶν,

296 1014 831 1089 ἀντιλαμϐανομένου
875 1019 976 1091 τῆς
1016 1021 1207 1076 τούτου
1247 1024 1343 1078 τοῦ
1381 1025 1558 1098 κέρως
1582 1029 1868 1098 γενέσεως.

298 1105 427 1163 Εἶεν
457 1108 503 1163 δ’
535 1108 603 1164 ἂν
632 1104 792 1165 αὗται
821 1113 994 1183 φωναὶ
1025 1116 1359 1187 προφητικαὶ
1392 1120 1451 1186 ἐξ
1475 1120 1674 1175 οἰκείου
1705 1138 1872 1194 προσ-

294 1198 450 1253 ώπου
481 1199 550 1254 τὰ
577 1201 914 1275 προκείμενα
951 1205 1351 1277 ἁναφωνοῦσαι,
1394 1210 1561 1283 κέρας
1597 1228 1658 1265 τε
1691 1214 1870 1268 αὐτῶν

295 1291 655 1363 ὁμολογοῦσαι
684 1288 825 1349 εἶναι
852 1294 944 1350 τδν
971 1297 1114 1352 κατὰ
1143 1298 1322 1371 σάρκα
1347 1302 1718 1373 φανησόμενον
1736 1306 1869 1377 Χρι-

293 1383 423 1439 στὸν
448 1382 540 1438 τοῦ
562 1383 717 1441 Θεοῦ.

370 1502 509 1558 Τότε
544 1502 854 1573 ἐλάλησας
884 1504 955 1559 ἐν
984 1506 1189 1576 ὁράσει
1229 1509 1354 1578 τοῖς
1395 1513 1545 1581 υἱοῖς
1584 1531 1720 1582 σου,
1767 1517 1865 1572 καὶ

292 1586 494 1658 εἶπας·
568 1593 812 1664 Ἐ’θέμην
842 1596 1135 1664 βοήθειαν
1179 1599 1276 1654 ἐπὶ
1315 1600 1602 1659 δυνατόν·
1648 1606 1867 1676 ﬁgi-oms

292 1681 585 1738 ἐκλεκτὸν
603 1684 673 1739 ἐκ
701 1686 808 1741 τοῦ
829 1688 983 1743 λαοῦ
1002 1706 1141 1759 μου.
1161 1685 1360 1760 Εὗρον
1384 1694 1566 1748 Δαυῒδ
1586 1695 1693 1751 τὸν
1721 1697 1862 1753 δοῦ-

1979 485 2146 542 David
2196 489 2497 543 secundum
2563 499 2745 559 tuam,
2808 491 3068 558 Domine,
3122 497 3544 565 promissionem

1978 576 2320 645 proditurum
2371 578 2494 634 est?
2539 578 2674 639 Nam
2727 583 2859 637 illud
2905 600 3077 654 cornu
3132 593 3401 650 nostrum,
3432 603 3546 659 quo

1978 668 2230 725 inimicos
2273 679 2495 727 nostros
2521 674 2932 744 ventilabimus,
2970 675 3030 731 in
3072 676 3416 748 beneplacito
3448 688 3545 736 tuo

1974 761 2342 816 oxaltabitur:
2374 768 2429 817 te
2478 762 2679 820 Sancto
2724 763 2912 830 lsrael,
2950 782 3079 838 rege
3122 778 3333 834 nostro,
3374 771 3541 841 hujus

1975 864 2144 904 cornu
2173 859 2354 907 ortum
2410 865 2754 923 procurante.
2800 855 2894 912 liae
2921 873 3086 928 porro
3113 874 3278 917 voces
3308 864 3537 932 prophe-

1975 949 2157 996 tarum
2203 940 2430 1009 fuerint,
2481 959 2547 1001 ex
2596 946 2815 1017 propria
2859 963 3093 1019 persona
3130 951 3247 1007 haec
3277 969 3400 1023 qua:
3425 954 3543 1023 jam

1973 1041 2276 1091 tractamus
2330 1034 2747 1105 proferentium,
2806 1055 2872 1094 ac
2929 1040 3305 1098 conﬁtentium
3363 1060 3541 1103 eomu

1971 1138 2131 1179 suum
2175 1139 2300 1181 esse
2346 1125 2625 1201 Christum
2664 1127 2779 1198 Dei,
2831 1131 2925 1201 qui
2974 1133 3278 1191 secundum
3317 1143 3538 1194 carnem

1969 1215 2289 1285 proditurus
2312 1218 2368 1274 in
2396 1218 2577 1275 lucem
2598 1228 2703 1278 est.

2036 1499 2202 1558 Vens.
2236 1502 2428 1559 21-25.
2451 1504 2596 1560 Tunc
2620 1507 2825 1564 locutus
2851 1525 2906 1564 es
2934 1511 2988 1563 in
3019 1512 3216 1566 visione
3246 1512 3376 1582 ﬁliis
3404 1515 3532 1581 tuis,

1963 1604 2014 1650 et
2033 1595 2256 1650 dixisti:
2292 1595 2452 1651 Posui
2481 1598 2805 1668 adjutorium
2837 1603 2893 1656 in
2919 1608 3158 1670 potente;
3180 1606 3411 1660 στοαουὶ
3427 1593 3533 1660 εἷε-

1965 1697 2105 1742 ctum
2144 1703 2210 1742 ea:
2240 1690 2433 1759 populo
2482 1706 2615 1746 meo.
2671 1691 2853 1747 Inveni
2892 1695 3057 1749 David
3096 1712 3302 1750 servum
3339 1713 3530 1762 meum,

293 1772 407 1825 λόν
422 1789 563 1840 μου,
587 1772 658 1826 ἐν
676 1775 855 1843 ἐλαίῳ
880 1745 1027 1849 ἀποίῷ
1045 1795 1165 1848 μου
1188 1745 1645 1849 ἕγῖρισαιιύτοπῖ
1657 1745 1851 1859 ’τίνῆ

1965 1778 2080 1833 oleo
2108 1791 2293 1835 sancto
2337 1798 2449 1836 meo
2481 1785 2610 1836 unxi
2641 1801 2781 1840 eum.
2828 1784 3022 1841 Manus
3053 1790 3191 1843 enim
3232 1806 3346 1845 mea
3376 1794 3532 1845 auxi-

290 1863 421 1932 χείρ
458 1881 579 1933 μου
623 1869 1137 1938 manilii-gratae
1173 1873 1353 1939 αὐτῷ,
1394 1874 1492 1929 καὶ
1529 1879 1563 1931 d
1585 1878 1861 1950 βραχίων

288 1972 404 2022 μου
436 1958 791 2027 κατισχύσει
819 1961 1025 2016 αὐτόν.
1071 1964 1192 2016 Οὐκ
1225 1963 1522 2035 ὠφελήσει
1550 1968 1761 2041 ἐχθρὸς
1790 1972 1860 2026 ἐν

287 2045 469 2116 αὐτῷ,
500 2049 599 2104 καὶ
646 2049 776 2118 υίὸς
820 2051 1072 2121 ἀνομίας
1100 2057 1174 2109 οὐ
1203 2056 1456 2113 κακώσει
1503 2062 1707 2116 αὐτόν.
1745 2065 1855 2119 Καὶ

289 2140 578 2210 συγκόψω
605 2141 725 2196 ἀπὸ
750 2145 1075 2212 προσώπου
1107 2149 1292 2203 αὐτοῦ
1321 2150 1463 2217 τοὺς
1488 2151 1739 2222 ἐχθροὺς
1761 2157 1857 2210 αὐ-

289 2230 415 2297 τοῦ,
446 2232 546 2285 καὶ
580 2232 723 2298 τοὺς
747 2236 1080 2307 μισοῦντας
1105 2238 1292 2293 αὐτὸν
1322 2241 1715 2314 τροπώσομαι.
1744 2248 1854 2302 Kal

287 2323 325 2392 ἡ
355 2322 606 2390 ἀλήθειά
626 2342 746 2395 μου
777 2326 969 2383 καὶτὸ
1006 2330 1179 2397 ἔλεός
1212 2351 1333 2402 μου
1355 2336 1483 2404 μετ’
1518 2337 1727 2405 αὑτοῦ,
1758 2341 1855 2395 καὶ

289 2413 355 2467 ἐν
379 2413 462 2481 τῷ
501 2417 745 2487 ὀνόματί
779 2436 898 2489 μου
927 2422 1309 2490 ὑψωθήσεται
1337 2426 1405 2480 τὸ
1445 2426 1623 2497 κέρας
1644 2431 1851 2487 αὑτοῦ.

289 2505 470 2574 ’Δπαξ
506 2508 598 2563 διὰ
632 2509 742 2566 τῶν
765 2510 1072 2585 ἔμπροσθεν
1117 2517 1493 2589 μνημονεύσας
1515 2522 1545 2575 6
1575 2519 1731 2591 λόγος
1759 2523 1854 2579 τοῦ

284 2598 462 2671 κέρως
485 2602 545 2655 ἐν
570 2597 652 2666 οἷς
682 2601 808 2675 ἔφη’
848 2605 945 2659 Ἐν
962 2604 1310 2676 τῇοεὺδοκίᾳ
1329 2624 1449 2665 σου
1472 2613 1855 2681 ὑψωθήσεται

281 2689 350 2743 τὸ
371 2688 553 2758 κέρας
576 2689 766 2761 ἡμῶν,
796 2693 1111 2765 ἀναγκαίως
1142 2697 1345 2768 προῖὼν
1368 2699 1611 2754 διδάσκει
1637 2702 1690 2755 τί
1724 2720 1853 2757 ποτε

281 2774 348 2851 ἦν
380 2779 539 2835 τοῦτο
562 2782 626 2835 τὸ
649 2784 839 2856 κέρας,
877 2787 974 2841 καὶ
1003 2787 1166 2842 πόθεν
1192 2786 1332 2860 ἥξει,
1364 2791 1458 2845 καὶ
1487 2792 1602 2858 πῶς
1633 2792 1850 2867 ὑψωθή-

282 2889 456 2928 σεται.
484 2876 577 2930 Διό
604 2893 789 2948 φησιν’
824 2878 945 2935 Ὅτι
964 2880 1073 2936 τοῦ
1092 2885 1313 2958 Κυρίου
1340 2883 1515 2940 ἐστιν
1542 2888 1582 2955 ἡ
1608 2887 1852 2958 ἀντίλη-

277 2965 408 3031 ψις,
444 2966 478 3036 ἡ
512 2939 629 3018 τοῦ·
852 2968 1110 3041 δηλονότι.
1142 2939 1345 3047 inpios
1385 2976 1444 3029 δὲ

1962 1872 2181 1927 liabitur
2210 1876 2279 1941 ei,
2307 1884 2358 1930 et
2382 1875 2655 1931 brachium
2685 1896 2858 1934 meum
2887 1883 3207 1953 ronfortabit
3234 1900 3375 1940 eum.
3407 1884 3541 1940 Non.

1958 1964 2199 2034 proﬁciet
2232 1966 2475 2022 inimicus
2516 1968 2570 2022 in
2610 1985 2692 2034 eo,
2726 1985 2777 2025 et
2803 1972 2949 2039 ﬁlius
2980 1974 3275 2045 iniquitatis
3306 1994 3409 2031 non
3436 1994 3532 2031 no-

1959 2055 2093 2111 cebit
2117 2058 2186 2113 ei.
2219 2057 2286 2112 Et
2315 2062 2591 2117 concidam
2621 2078 2654 2115 a
2681 2061 2817 2132 facie
2848 2063 3012 2133 ipsius
3043 2065 3285 2122 inimicos
3309 2068 3449 2137 ejus,
3477 2080 3528 2122 et

1959 2146 2191 2204 odientes
2217 2167 2337 2205 eum
2363 2152 2418 2207 in
2444 2152 2625 2225 fugam
2657 2166 2975 2210 convertam.
3007 2154 3079 2211 Et
3107 2160 3300 2213 veritos
3330 2177 3449 2215 mea
3477 2171 3528 2215 et

1957 2239 2323 2296 misericordia
2349 2260 2466 2299 mea
2488 2261 2607 2299 cum
2628 2246 2765 2315 ipso,
2793 2257 2844 2301 et
2870 2248 2925 2302 in
2949 2251 3157 2305 nomine
3181 2267 3294 2306 meo
3319 2254 3533 2309 exalta-

1958 2333 2098 2388 bitur
2143 2351 2306 2389 cornu
2352 2337 2486 2406 ejus.
2538 2338 2677 2393 Cum
2723 2338 2888 2395 semel
2932 2349 3095 2396 antea
3140 2356 3323 2398 sermo
3355 2359 3529 2407 cornu

1955 2429 2357 2492 memoraverit,
2385 2445 2509 2484 cum
2538 2430 2744 2485 diceret
2771 2448 2786 2487 :
2819 2430 2886 2486 In
2909 2432 3229 2503 beneplacito
3255 2445 3346 2489 tuo
3373 2438 3526 2491 exal-

1957 2516 2158 2571 tabitur
2194 2534 2359 2574 cornu
2382 2528 2641 2584 nostrum,
2672 2521 2989 2578 necessario
3016 2523 3177 2580 docet
3204 2525 3258 2581 in
3289 2542 3527 2598 sequen-

1955 2605 2102 2667 tibus
2131 2608 2403 2678 quodnam
2437 2608 2567 2663 illud
2596 2625 2791 2677 cornu,
2817 2611 2961 2668 unde
2988 2621 3278 2671 venturum
3303 2625 3359 2673 et
3387 2634 3527 2690 quo-

1954 2699 2118 2755 modo
2145 2698 2497 2756 exaltandum
2528 2702 2620 2757 sit.
2652 2700 3018 2768 Quamobrem
3053 2706 3208 2775 dicit,
3245 2707 3385 2775 Quia
3412 2707 3527 2763 Dc-

1953 2793 2085 2851 mini
2119 2802 2201 2848 est
2243 2795 2556 2863 assumptio,
2612 2795 2760 2851 illius
2797 2811 2969 2852 cornu
3005 2798 3274 2869 videlicet.
3309 2799 3521 2857 Domini

1953 2890 2134 2947 autent
2172 2880 2484 2950 cuiusnam,
2526 2883 2632 2940 nisi
2678 2882 2865 2940 Sancti
2888 2883 3077 2951 lsrael,
3121 2889 3268 2959 regis
3306 2891 3525 2946 nostri?

1950 2972 2074 3044 ipse
2104 2990 2342 3046 namque
2376 2975 2641 3034 Dominus
2681 2985 2737 3034 et
2787 2976 3026 3035 Sanctus
3073 2977 3241 3036 Israel
3272 2997 3390 3046 rex,
3426 2982 3522 3040 Dei

290 3054 478 3120 Ἀγίου
493 3058 708 3130 Ἰσραὴλ
722 3060 817 3114 τοῦ
839 3061 1103 3133 βασιλέως
1120 3066 1309 3137 ἡμῶνς
1341 3068 1513 3134 Αὐτὸς
1542 3069 1650 3143 γὰρ
1676 3074 1706 3126 ό
1734 3072 1849 3126 Κύ-

1956 3065 2214 3135 Verlmm,
2260 3069 2566 3140 assumptio
2615 3070 2721 3125 erit
2755 3085 2928 3127 cornu
2964 3072 3162 3147 nostri,
3197 3073 3278 3128 uti
3314 3075 3525 3145 pollici-

280 3163 399 3219 ριος
424 3147 517 3203 καὶ
539 3150 569 3202 ὀ
591 3152 780 3221 Ἄγιος
820 3154 916 3208 τοῦ
967 3156 1184 3229 Ἰσραὴλ
1219 3157 1489 3230 βασιλεὺς,
1522 3164 1551 3216 6
1576 3162 1672 3217 τοῦ
1709 3164 1845 3219 Θεοῦ

276 3238 473 3307 Λόγος,
505 3242 783 3315 ἀντίληψις
814 3244 965 3300 ἔσται
988 3248 1084 3302 τοῦ
1108 3250 1286 3323 κέρως
1321 3253 1478 3324 ἡμῶν
1508 3254 1632 3309 καθ’
1656 3254 1722 3320 ἃς
1750 3273 1849 3310 πε-

274 3331 496 3403 ποίηται
529 3335 879 3405 ἐπαγγελίας,
908 3340 1146 3410 ὁπηνίκα
1184 3342 1335 3397 λαλεῖ
1364 3344 1451 3400 διὰ
1482 3346 1592 3399 τῶν
1630 3364 1847 3420 προφηο

270 3422 385 3478 τῶν
414 3426 541 3498 περὶ
579 3426 674 3481 τοῦ
705 3428 985 3499 μέλλοντος
1031 3433 1098 3486 ἐκ
1146 3434 1457 3506 σπέρματος
1504 3440 1668 3494 Δαυῖδ
1716 3458 1846 3513 προ·

271 3513 614 3572 ελεύσεσθαι.
664 3521 792 3575 Ὅτε
833 3523 963 3595 γὰρ,
1011 3526 1194 3596 φησὶν,
1244 3527 1509 3599 ἐλάλησας
1556 3533 1614 3584 ἐν
1658 3532 1844 3603 ὁράσει

268 3606 387 3668 τοῖς
423 3606 601 3676 ἁγίοις
629 3626 744 3674 σου,
769 3613 839 3667 τά
864 3630 924 3666 τε
964 3616 1296 3687 προκείμενα
1339 3618 1651 3690 ἐπηγγείλω
1675 3624 1761 3687 σὺ,
1798 3616 1846 3677 ὧ

269 3694 426 3758 Θεὸς,
455 3694 544 3750 διὰ
575 3697 686 3752 τῶν
717 3700 945 3755 σεαυτοῦ
983 3702 1116 3758 υἱῶν
1152 3706 1259 3761 τῶν
1293 3710 1606 3781 προφητῶν,
1634 3705 1716 3777 οἷς
1745 3712 1844 3777 τὰς

267 3785 491 3858 ὁράσεις
514 3788 621 3844 τῶν
661 3791 960 3861 μελλόντων
994 3796 1393 3864 ἁπεκάλυπτες·
1432 3800 1502 3855 δι’
1530 3801 1710 3856 αὐτῶν
1731 3802 1842 3875 γὰρ

268 3878 367 3930 καὶ
396 3878 716 3950 ποιούμενος
755 3882 852 3947 τὰς
888 3886 1218 3955 ἐπαγγελίας
1256 3888 1356 3954 τὰς
1387 3890 1525 3963 πρὸς
1547 3892 1639 3946 τὸν
1658 3891 1839 3957 Δαυῒδ,

267 3968 482 4034 τούτοις
513 3972 737 4043 ἐχρήσω
764 3977 877 4041 τοῖς
906 3975 1107 4048 λόγοις-
1161 3980 1406 4051 Ἐθέμην
1422 3982 1713 4053 βοήθειαν
1740 3984 1839 4039 ἐπὶ

266 4059 549 4116 δυνατόν·
576 4064 794 4133 ὕψωσα
820 4067 1107 4125 ἐκλεκτὸν
1127 4070 1197 4126 ὲκ
1220 4071 1329 4126 τοῦ
1353 4073 1507 4128 λαοῦ
1524 4092 1663 4143 μου.
1699 4074 1838 4131 ’Λνο’

263 4144 346 4204 ὧν
368 4154 401 4205 6
429 4153 723 4226 Σύμμαχος
746 4157 934 4213 τοῦτον
959 4162 1268 4234 ἡρμήνευσε
1297 4163 1391 4219 τὸν
1414 4165 1635 4234 τρόπον’
1674 4167 1839 4221 Ἐπέ-

263 4243 421 4309 θηια
458 4244 786 4315 ἀντίληψιν
815 4249 1071 4318 ἀνδρῶν,
1110 4252 1330 4321 ὔψωσα
1373 4255 1694 4310 enarrator
1719 4256 1837 4311 ἀπὸ

263 4334 376 4389 τοῦ
397 4338 551 4392 λαοῦ
571 4355 711 4408 μου.
745 4337 943 4410 Εὗρον
966 4343 1146 4398 Aucta
1172 4344 1278 4398 τὸν
1308 4344 1534 4401 δοῦλόν
1559 4362 1706 4423 μου,
1745 4347 1838 4401 καὶ

261 4426 336 4480 τὰ
365 4428 490 4500 ἑξῆς
513 4432 627 4494 τοῖς
669 4430 1065 4505 Ἐὄδομήκοντα
1101 4436 1515 4509 παραπλησίως·
1549 4431 1625 4492 ὧν
1654 4441 1688 4510 ἡ
1717 4439 1835 4496 διά·

259 4536 385 4575 νοια
414 4496 601 4576 τοῦτον
629 4521 743 4594 ἔχει
768 4496 860 4578 τὸν
885 4496 1101 4597 τρόπον·
1138 4496 1317 4583 Πολλὰ
1350 4496 1607 4601 ’ζητίχσας
1643 4496 1701 4584 ἐν
1737 4532 1835 4586 ἀν-
1869 4496 1914 4552 D

259 4610 502 4681 θρώποις
530 4612 680 4679 ἄξιον
709 4617 889 4688 εὑρεῖν
912 4619 1175 4688 ἐμαυτοῦ,
1209 4621 1359 4691 μόλις
1395 4622 1528 4676 ποτὲ
1560 4618 1717 4694 εὗρον
1742 4624 1834 4679 τὸν

178 4768 185 4774 ,
255 4702 447 4758 δοῦλόν
479 4722 580 4776 μου
609 4707 794 4770 Annio,
834 4709 926 4762 τὸν
957 4710 1024 4763 δι’
1051 4712 1354 4784 ὑπερϐολὴν
1374 4715 1656 4780 εὐσεϐείας
1685 4712 1834 4773 οἷκον

255 4794 354 4847 ἐπὶ
382 4793 485 4864 γῆς
511 4796 796 4869 εύκτήριον
820 4798 946 4867 ἐμοῖ
971 4799 1259 4870 δείμασθαι
1296 4803 1454 4872 μόνον
1478 4802 1587 4858 τῶν
1616 4806 1676 4873 ἐξ
1703 4807 1834 4861 αίῶ-

254 4901 349 4948 νος
378 4882 809 4959 διανενοημένον.
836 4890 1035 4963 Διόπερ
1062 4892 1295 4965 ἀμοιϐὴν
1323 4894 1472 4966 αύτῷ
1491 4897 1590 4967 τῆς
1624 4898 1833 4970 ἀγαθῆς

253 4976 356 5029 καὶ
395 4976 651 5043 εὐσεϐοῦς
692 4981 1063 5054 προαιρέσεως
1100 4983 1461 5057 δωρούμενος,
1491 4988 1606 5043 ἀνθ’
1628 4984 1690 5044 οὗ
1719 4988 1834 5044 δια-

252 5069 508 5141 νενόηται
555 5070 728 5139 οῖκου,
784 5073 947 5139 αὐτὸς
993 5075 1216 5148 ἐμαυτῷ
1264 5077 1398 5132 νεὼν
1448 5080 1712 5150 πανάγιω
1767 5084 1833 5136 ἐκ

238 5156 572 5231 ’σπέρματος
602 5164 769 5218 αὐτοῦ
803 5168 1216 5224 κατασκευάσει).
1256 5168 1413 5233 Νεὼς
1454 5172 1566 5244 γὰρ
1609 5169 1679 5245 ἦν
1709 5176 1739 5228 6
1766 5174 1833 5229 ἐκ

250 5251 570 5322 σπέρματος
601 5255 763 5309 Δαυῖδ
782 5258 1022 5325 γεγονὼς
1042 5255 1326 5330 ἄνθρωπος
1353 5262 1445 5316 τοῦ
1472 5264 1832 5336 κατασκηνώ·

250 5359 447 5407 σαντος
471 5346 531 5401 ἐν
544 5348 694 5419 αὑτῷ
716 5349 855 5403 Θεοῦ
875 5350 1069 5420 Λόγου.
1102 5352 1168 5406 ‘0
1189 5352 1255 5426 δὴ
1284 5355 1378 5409 καὶ
1402 5355 1567 5420 αὐτὸς
1590 5358 1619 5409 ό
1641 5356 1831 5431 Σωτὴρ

248 5436 500 5491 ἐδίδασκε
531 5441 659 5512 περὶ
685 5442 779 5496 τοῦ
811 5443 942 5497 δδίου
965 5443 1217 5515 σώματος
1235 5446 1431 5517 λέγων⁸
1456 5451 1695 5503 Λύσατε
1723 5451 1833 5506 τὸν

245 5528 403 5583 ναὸν
427 5528 665 5596 τοῦτον,
699 5535 795 5590 καί
821 5536 893 5590 ἐν
915 5536 1117 5605 τρισὶν
1144 5538 1394 5610 ἡμέραις
1415 5540 1597 5613 ἐγερῶ
1617 5543 1830 5603 αὐτόν.

321 5690 367 5724 ³⁸
406 5689 568 5747 Joan.
606 5707 677 5756 n,
715 5695 801 5751 l9.
1130 5703 1163 5739 ο

530 5788 799 5850 Ριτιιοι,
837 5792 954 5851 Gn.
983 5793 1197 5855 XX"!

1952 3165 2043 3215 tus
2073 3166 2179 3225 est,
2224 3174 2349 3215 cum
2398 3176 2496 3231 per
2543 3162 2835 3232 prophetas
2878 3178 3192 3231 sermonem
3226 3165 3429 3223 faceret
3456 3167 3525 3225 de

1952 3250 2046 3305 illo
2060 3251 2158 3321 qui
2180 3267 2247 3306 ex
2269 3252 2480 3309 semine
2498 3252 2665 3309 David
2686 3254 3005 3324 proditurus
3030 3264 3168 3312 erat.
3193 3257 3329 3312 Cum
3352 3260 3522 3326 enim,

1950 3340 2147 3412 inquit.
2178 3342 2393 3399 locutus
2413 3359 2474 3401 es
2502 3344 2558 3399 in
2587 3346 2800 3403 visione
2826 3349 3033 3405 sanctis
3054 3350 3184 3414 tuis,
3215 3359 3268 3407 et
3295 3351 3409 3408 haec
3438 3360 3522 3419 tu,

1949 3431 2114 3500 Deus,
2140 3449 2242 3504 per
2275 3435 2418 3492 (illos
2468 3447 2593 3493 tuos
2616 3438 2907 3508 prophetas
2953 3441 3275 3510 promisisti,
3320 3445 3524 3514 quibus

1949 3524 2259 3583 futurorum
2286 3529 2531 3586 visiones
2561 3531 2837 3596 rcvelasti,
2870 3548 2968 3603 per
2997 3548 3095 3590 eos
3126 3551 3362 3606 namque
3388 3553 3520 3608 pro-

1946 3620 2240 3676 missiones
2266 3619 2462 3677 Davidi
2491 3621 2723 3689 edebas;
2746 3632 2878 3679 tunc
2915 3623 3003 3680 his
3032 3641 3170 3681 usus
3199 3627 3382 3685 verbis
3410 3644 3472 3685 es
3502 3649 3518 3684 :

1948 3712 2117 3768 Ροεηὶ
2160 3713 2489 3784 adiutorium
2537 3714 2592 3768 in
2632 3724 2840 3782 potente
2868 3733 2888 3770 :
2918 3717 3153 3773 exaltari
3199 3719 3417 3774 electum
3454 3724 3520 3775 de

1943 3808 2089 3876 plebe
2117 3823 2253 3862 mea.
2286 3804 2396 3861 Pro
2443 3821 2553 3877 quo
2603 3804 2968 3879 Symmachus
3015 3807 3120 3865 hoc
3153 3818 3314 3880 pacto
3348 3811 3519 3866 inter~

1945 3907 2191 3972 prolatus
2233 3909 2341 3964 est,
2394 3899 2561 3955 Posui
2614 3898 2946 3970 adjutorium
2987 3901 3245 3968 rirormn,
3285 3905 3519 3960 exaltari

1943 3993 2166 4048 electum
2204 4011 2237 4048 a
2275 3992 2468 4064 popqu
2501 4009 2636 4049 meo.
2672 3993 2857 4053 lnreni
2886 3993 3055 4050 David
3087 4012 3292 4052 servum
3320 4014 3515 4063 incum,

1943 4097 1998 4144 et
2019 4088 2227 4159 reliqua
2249 4086 2388 4141 LXX
2419 4087 2853 4157 interpretationi
2878 4086 3074 4144 similia
3103 4076 3374 4159 :quorum
3404 4088 3517 4144 haec

1943 4188 2030 4236 est
2075 4179 2348 4236 sententia
2382 4197 2397 4234 :
2436 4178 2576 4234 Cum
2617 4178 2674 4235 in
2698 4178 3013 4236 hominibus
3053 4179 3147 4234 diu
3176 4180 3517 4250 multumque

1944 4273 2288 4342 quaesiissem
2317 4272 2495 4326 virum
2542 4287 2630 4328 me
2676 4271 2923 4343 dignum,
2962 4273 3047 4326 vix
3080 4272 3298 4327 tandem
3333 4272 3514 4328 inveni

1943 4361 2113 4417 David
2162 4376 2381 4419 servum
2427 4376 2632 4426 meum,
2681 4362 2775 4431 qui
2806 4361 3011 4431 ingenti
3060 4361 3262 4430 pietate
3307 4369 3511 4425 motus.

1941 4454 2094 4511 solus
2121 4469 2189 4510 ex
2217 4454 2287 4508 iis
2316 4453 2410 4524 qui
2436 4468 2468 4506 a
2500 4453 2701 4506 saeculo
2731 4451 2955 4506 luerunt
2983 4452 3205 4507 domum
3230 4452 3361 4507 mibi
3386 4469 3514 4509 ora-

1924 4545 2110 4600 'tionis
2139 4552 2425 4600 exstruere
2446 4540 2725 4614 cogitavit.
2757 4543 2940 4609 Quare
2964 4542 3091 4597 boni
3121 4543 3305 4615 piique
3328 4546 3513 4602 consi-

1939 4636 1998 4691 lii
2024 4635 2198 4691 vicem
2228 4635 2331 4705 ipsi
2371 4634 2701 4707 rependens,
2742 4649 2843 4705 pro
2878 4634 3045 4690 domo
3075 4649 3238 4704 quam
3269 4638 3513 4695 excitare

1938 4727 2131 4791 voluit,
2156 4726 2288 4781 mihi
2320 4742 2387 4782 ex
2418 4725 2628 4783 semine
2653 4725 2773 4795 ejus
2805 4724 3064 4794 templum
3097 4727 3509 4785 sanctissimum

1938 4817 2238 4873 adornabo.
2251 4816 2386 4872 Nam
2405 4817 2499 4887 qui
2519 4831 2583 4872 ex
2604 4815 2813 4872 semine
2835 4813 3005 4869 David
3030 4814 3209 4876 laetus
3224 4801 3309 4874 est
3325 4817 3509 4881 homo,

1935 4907 2029 4966 Dei
2075 4906 2241 4965 Verbi
2284 4909 2340 4964 in
2378 4909 2498 4979 ipso
2545 4907 2842 4963 habitantis
2871 4908 3133 4978 templum
3175 4917 3314 4965 erat.
3356 4909 3510 4975 Quod

1934 4998 2099 5059 etiam
2128 5001 2381 5057 Salvator
2411 5002 2528 5064 ipse
2549 5000 2781 5056 docebat
2794 5001 2862 5056 de
2895 5015 3127 5072 corpore
3153 5017 3256 5058 suo
3284 5002 3507 5058 dicens:

1934 5089 2131 5146 Solvite
2143 5088 2391 5160 templum
2401 5089 2517 5154 hoc,
2534 5100 2585 5145 et
2598 5091 2655 5144 in
2668 5091 2837 5145 tribus
2849 5091 3032 5148 diebus
3040 5093 3281 5148 excitabo
3296 5092 3430 5148 illud
3444 5093 3508 5146 ³⁸.

1935 5181 2115 5253 Atque
2146 5180 2438 5237 admodum
2467 5191 2837 5256 congruenter
2860 5185 3219 5256 promissioni
3249 5184 3317 5241 ad
3351 5184 3511 5240 Davi-

1933 5272 2056 5329 dem
2088 5272 2265 5339 facta,
2296 5270 2443 5329 Deus
2470 5273 2580 5346 ipsi
2607 5275 2788 5332 vicem
2824 5276 3092 5347 rependit.
3137 5276 3279 5343 Quia
3320 5275 3507 5344 igitur.

1932 5364 2130 5435 inquit.
2168 5363 2424 5420 idoneum
2455 5374 2510 5420 et
2539 5366 2764 5439 dignum
2801 5367 3230 5439 promissionum
3262 5378 3506 5418 mearum

1933 5452 2110 5507 virum
2138 5453 2340 5523 reperi,
2375 5451 2634 5511 Davidem
2669 5456 2916 5524 scilicet;
2948 5456 3072 5513 ideo
3095 5455 3273 5525 ipsum
3303 5452 3508 5506 auxilio

1932 5559 2056 5603 meo
2078 5544 2335 5617 dignatus
2379 5562 2525 5615 sum,
2567 5548 2801 5605 electum
2831 5545 3127 5612 declaravi,
3150 5552 3206 5601 et
3232 5558 3398 5615 super
3423 5551 3511 5599 to-

3151 5806 3229 5863 33
