3988 6204
545 224 686 283 1099

1233 220 1500 283 EUSEBll
1533 222 2014 283 CESAKIENSIS
2046 223 2196 281 OPP.
2227 224 2408 283 PARS
2443 216 2532 285 Ill.
2562 255 2635 271 --
2670 214 3077 283 EXEGE'TICA.

3623 237 3733 293 illm

544 350 659 397 tum
700 339 959 411 pupulum
994 338 1253 396 exaltavi.
1306 340 1388 397 Ad
1441 342 1555 397 haec
1614 357 1767 407 vero,
1820 342 1947 412 quia
1998 352 2106 414 p051

2228 344 2339 398 Καὶ
2374 345 2574 417 σφόδρα
2610 361 2675 414 γε
2706 342 3058 414 καταλλήλως
3098 345 3163 414 τῇ
3193 342 3285 396 τοῦ
3310 344 3461 399 Δαυῖδ
3485 348 3735 425 ἐπαγγελίᾳ

544 432 770 487 multant
806 430 1281 502 perquisitiouem,
1331 433 1510 503 ipsum
1555 434 1730 489 solum
1774 434 2124 504 pollicitatio-

542 538 673 578 nmn
714 536 959 577 mearum
990 522 1215 595 dignum
1250 523 1463 591 inveni;
1511 525 1671 580 talem
1696 525 2120 596 deprehensum,

541 613 765 686 dignum
799 613 929 669 item
960 613 1129 668 habui
1152 616 1246 685 qui
1276 615 1399 669 olcu
1429 624 1622 670 sancto
1655 631 1777 670 meo
1801 623 2118 687 ungeretur,

539 719 653 777 quo
677 704 854 776 ipsum
884 705 1038 760 ell‘eci
1064 706 1366 770 Christum,
1399 716 1453 761 et
1480 707 1600 763 haec
1634 708 1709 763 illi
1743 725 1828 762 me
1857 710 2120 764 beneticia

539 798 869 852 collaturum
894 798 1187 868 polliceor:
1222 798 1450 853 Dextera
1479 815 1592 853 mea
1615 801 1841 868 ﬁrmiter
1871 801 1974 870 ipsi
1995 800 2121 854 ade-

540 890 637 956 rit,
667 899 717 944 et
758 891 1029 944 brachium
1080 907 1251 944 meum
1306 891 1627 960 confortabit
1671 910 1789 946 eum
1823 910 1840 947 :
1872 894 2118 948 inimicus

536 996 659 1038 eum
708 998 813 1037 non
867 981 1124 1052 decipiet,
1176 999 1336 1052 neque
1384 983 1530 1052 ﬁlius
1586 985 1879 1055 iniquitatis
1927 987 2117 1057 aﬂliget

536 1089 676 1129 eum.
707 1073 823 1129 Imo
853 1075 1014 1128 etiam
1045 1073 1319 1128 concidam
1350 1076 1403 1128 in
1434 1085 1713 1146 conspecta
1739 1078 1853 1146 ejus
1884 1077 2116 1133 odientes

536 1183 679 1226 eum.
725 1178 774 1220 et
819 1166 1100 1237 aﬂligentes
1143 1182 1262 1219 eum
1305 1166 1597 1233 percutiam
1629 1182 1649 1219 :
1681 1168 2020 1236 conﬁrmatio
2067 1177 2116 1221 et

536 1254 716 1324 gratia
753 1270 868 1309 mea
911 1253 1080 1310 aderit
1113 1255 1234 1323 ipsi.
1289 1254 1353 1308 Et
1396 1256 1511 1310 haec
1550 1257 1770 1327 quidem
1802 1257 1984 1311 omnia
2013 1257 2114 1328 ipsi

537 1344 793 1410 aderunt,
846 1345 1147 1401 secumlum
1213 1343 1526 1415 Symmachi
1585 1347 2112 1417 interpretationem.

538 1433 849 1491 Secundum
880 1436 1021 1490 LXX
1050 1451 1198 1500 vero,
1224 1434 1423 1491 Manus
1456 1455 1594 1501 mea,
1636 1439 1833 1508 inquit,
1883 1438 2115 1491 auxilia-

536 1527 678 1582 bitur
722 1529 791 1592 ei,
831 1538 879 1582 et
927 1528 1200 1583 brachium
1248 1545 1420 1584 meum
1462 1529 1784 1598 confortabit
1812 1545 1930 1583 eum
1960 1544 1979 1582 :
2010 1546 2115 1583 non

533 1621 771 1689 proﬁciet
800 1621 1045 1673 inimicus
1078 1621 1132 1674 in
1154 1636 1235 1684 eo,
1265 1630 1313 1675 et
1339 1620 1482 1690 ﬁlius
1513 1621 1810 1692 iniquitatis
1845 1638 1947 1675 non
1980 1621 2113 1692 ami-

2225 434 2318 487 καὶ
2339 435 2368 486 6
2392 434 2523 498 Θεὸς
2547 435 2648 507 τὴν
2672 433 2810 505 πρὸς
2833 432 2996 486 αὐτὸν
3023 431 3255 503 ἀμοιϐὴν
3274 435 3562 507 ἐποιήσατο.
3591 440 3736 495 Ἑπιι.

2223 525 2287 597 δὴ
2337 525 2535 590 τοίνυν,
2586 526 2771 595 φησὶν,
2819 522 3125 595 ἐπιτήδειον
3170 519 3326 595 εὖρον
3370 528 3460 580 xal
3499 528 3755 594 ἄξιονοτῶν.

2224 614 2372 686 ἐμῶν
2405 616 2746 685 ἐπαγγελιῶν
2793 615 2902 671 τὸν.
2934 614 3114 679 Δαυῖδ,
3168 615 3255 669 διὰ
3282 617 3432 672 τοῦτο
3474 623 3736 693 κατηξίωσιι

2222 705 2383 759 αὐτὸν
2414 707 2514 777 τῆς
2542 705 2682 776 ἐμῆς
2715 704 2989 775 βοηθείας,
3026 704 3280 758 ἐκλεκτὸν
3305 707 3458 760 αὑτὸν
3481 710 3741 781 ἀποφήνας,

2222 799 2316 852 καὶ
2358 797 2498 869 ὑπὲρ
2541 797 2719 850 πάντα
2761 795 2851 848 τὸν
2890 795 3021 849 λαὸν
3046 795 3352 865 ἀνυψὼσας.
3396 798 3498 851 Καὶ
3530 798 3601 852 ἐτι
3633 800 3745 871 πρὸς

2219 888 2429 951 τούτοις
2467 887 2656 959 ἐπειδὴ
2705 887 2875 942 πολλὰ
2919 887 3184 959 ζητήσας,
3232 888 3387 958 μόνον
3428 889 3576 942 αὑτὸν
3614 886 3745 961 εὖρον

2220 979 2370 1047 ἄξιον
2402 979 2512 1034 τῶν
2544 979 2695 1050 ὲμῶν
2727 978 3090 1047 ἐπαγγελιῶν,
3129 981 3225 1033 καὶ
3266 978 3437 1051 εὑρὼν
3475 981 3741 1052 κατηξίωσι

2220 1070 2452 1141 κρίσεως
2494 1069 2589 1124 τοῦ
2632 1071 2788 1141 ἁγίου
2827 1088 2927 1143 μου
2967 1071 3172 1133 ἐλαίου,
3211 1072 3276 1125 δι’
3308 1066 3368 1125 οὗ
3419 1074 3508 1127 καὶ
3548 1075 3743 1146 Χριστὸν

2218 1164 2380 1218 αὑτὸν
2422 1164 2867 1237 ἀπειργασάμην,
2922 1165 3014 1217 καὶ
3055 1163 3231 1217 ταῦτα
3268 1163 3412 1234 αὐτῷ
3442 1164 3739 1236 δωρήσασθαι

2218 1256 2639 1327 ἐπαγγέλλομαι·
2683 1255 2744 1310 Ἠ
2761 1253 2929 1319 δεξιὰ
2946 1272 3067 1325 μου
3089 1255 3348 1321 βεϐαίως
3369 1256 3639 1310 συνέσται
3658 1259 3741 1311 ait-

2215 1344 2316 1412 τῷ,
2369 1346 2467 1400 καί
2500 1350 2533 1400 ό
2556 1348 2830 1415 βραχίων
2873 1364 2994 1416 μου
3045 1345 3361 1413 στερεὼσει
3409 1348 3597 1401 αὐτόν.
3643 1350 3737 1401 Oi»:

2214 1438 2579 1506 ἐξαπατήσει
2615 1440 2801 1493 αὑτὸν
2830 1436 3066 1507 ἐχθρὸς,
3093 1437 3236 1491 οὐδὲ
3260 1438 3385 1505 υίὸς
3414 1438 3627 1505 ἀδικίας
3657 1455 3738 1492 κα-

2214 1530 2392 1585 κώσει
2410 1528 2616 1584 αὐτόν.
2652 1529 2828 1585 Ἀλλὰ
2857 1528 2957 1583 καὶ
2986 1531 3277 1607 συγκόψω
3305 1529 3421 1584 ἀπὸ
3453 1530 3738 1599 ἔμπροσθεν

2213 1619 2401 1676 αὑτοῦ
2452 1619 2595 1686 τοὺς
2630 1619 2968 1689 μισοῦντας
3014 1619 3222 1685 αὐτὸν,
3274 1622 3373 1675 καί
3422 1622 3554 1690 τοὺς
3596 1640 3735 1677 κακο-

532 1724 612 1783 get
643 1715 837 1782 ipsum.
882 1712 949 1767 Et
975 1712 1251 1768 concidam
1285 1730 1318 1766 a
1344 1712 1480 1782 facie
1505 1712 1670 1779 ipsius
1703 1712 1944 1767 inimicos
1974 1712 2106 1781 ejus,

2216 1711 2536 1778 ποιοῦντας
2563 1710 2751 1767 αὑτὸν
2782 1711 3045 1775 πατάξω·
3080 1714 3118 1780 ή
3149 1710 3219 1764 δὲ
3251 1713 3567 1780 ,ϐεϐαίωσις
3600 1714 3681 1767 καί
3707 1712 3737 1779 ἡ

532 1815 582 1860 et
608 1805 838 1860 odientes
860 1822 979 1859 eum
1010 1806 1065 1859 in
1104 1804 1283 1874 fugam
1321 1812 1642 1859 convertam.
1672 1801 1743 1857 Et
1769 1804 1962 1858 veritas
1994 1818 2110 1856 mea

530 1905 581 1951 et
611 1896 977 1952 misericordia
1009 1912 1125 1950 mea
1153 1911 1272 1949 cum
1308 1894 1451 1963 ipso;
1500 1909 1562 1949 ac
1593 1893 1811 1950 demum
1843 1902 1966 1965 post
1992 1893 2109 1949 haec

528 1989 735 2053 omnia,
766 1990 819 2042 in
853 1989 1060 2042 nomine
1090 2004 1202 2041 meo
1231 1978 1760 2041 exaltabttur'cornu
1793 1986 1931 2056 ejus.

2213 1800 2388 1871 χάρις
2426 1800 2545 1871 μοῦ
2591 1801 2885 1855 συνέσται
2923 1799 3100 1866 αὐτῷ.
3144 1802 3257 1855 Καὶ
3291 1802 3461 1858 ταῦτα
3504 1804 3593 1875 μὲν
3620 1804 3738 1875 αὐτῷ

2213 1891 2389 1946 πάντα
2437 1891 2591 1945 ἔσται
2636 1890 2778 1945 κατὰ
2825 1890 2923 1962 τὴν
2966 1891 3058 1945 τοῦ
3112 1892 3412 1965 Συμμάχου
3464 1895 3735 1965 ἑρμηνείαν·

2214 1983 2357 2039 κατὰ
2405 1983 2463 2038 δὲ
2511 1985 2637 2047 τοὺς
2698 1984 3094 2057 Ἑϐδομήκοντα
3117 2002 3131 2016 ·
3177 1986 3239 2041 Ἡ
3284 1987 3412 2055 χείρ
3445 2005 3575 2056 μου,
3615 1988 3737 2058 φησὶ.

530 2082 1046 2152 συναντιιίήψιεται
1089 2082 1269 2147 αὐτῷ,
1310 2082 1407 2136 καί
1451 2085 1483 2137 ό
1509 2082 1783 2151 βραχίων
1806 2099 1928 2151 μου
1957 2081 2313 2151 κατισχύσει
2360 2078 2567 2134 αὐτόν.
2626 2080 2748 2132 Οὐκ
2794 2078 3091 2147 ὠφελήσει
3136 2080 3354 2149 ἐχθρὸς
3388 2080 3457 2134 ὲν
3487 2079 3733 2145 αὐτῷκαὶ

528 2175 661 2242 υίὸς
692 2175 947 2243 ἀνομίας
969 2176 1044 2228 οὐ
1063 2172 1321 2228 κακώσει
1348 2174 1553 2228 αὐτόν.
1579 2171 1691 2227 Kal
1718 2173 2008 2243 συγκόψω
2034 2171 2153 2227 ἀπὸ
2179 2170 2502 2240 προσώπου
2534 2169 2721 2224 αὑτοῦ
2762 2170 2902 2236 τοὺς
2938 2170 3192 2239 ἐχθροὺς
3232 2169 3443 2236 αὐτοῦ,
3487 2170 3577 2224 καί
3624 2170 3735 2235 τοὺς

525 2265 859 2337 μισοῦντας
891 2265 1079 2319 αὐτὸν
1096 2263 1493 2335 τροπώσομαι.
1517 2265 1627 2321 Kal
1662 2266 1700 2333 ἡ
1729 2263 1979 2330 ἀλήθειά
1998 2282 2119 2335 μου
2155 2263 2257 2317 καὶ
2282 2260 2348 2316 τὸ
2366 2261 2535 2329 ἔλεός
2554 2279 2674 2331 μου
2696 2262 2823 2331 μετ’
2858 2261 3066 2315 αὐτοῦ’
3101 2262 3199 2316 καὶ
3221 2261 3398 2329 τέλος
3422 2264 3563 2333 μετὰ
3587 2261 3734 2316 ταῦτα

528 2353 745 2419 πάντα,
779 2355 850 2408 ὲν
872 2353 952 2419 τῷ
979 2354 1225 2424 ὀνόματί
1249 2372 1369 2425 μου
1400 2354 1785 2424 ὑψωθήσεται
1815 2354 1879 2409 τὸ
1916 2354 2094 2423 κέρας
2117 2354 2326 2410 αὑτοῦ.

552 2496 555 2499 π
599 2471 714 2529 Hoc
752 2483 934 2529 autem
976 2489 1147 2529 cornu
1196 2473 1317 2544 ejus
1360 2489 1427 2529 ex
1474 2473 1595 2545 ipso
1634 2475 2000 2545 proditurum,
2049 2480 2105 2527 et

528 2567 793 2637 templum
822 2581 889 2621 ex
940 2566 1153 2622 semine
1178 2566 1354 2637 ipsius
1398 2566 1532 2620 mihi
1572 2566 1922 2633 excitandum
1967 2571 2053 2621 est
2086 2581 2101 2620 ι

526 2659 816 2729 ipsumque
844 2671 1016 2713 cornu
1053 2657 1175 2729 ejus
1222 2658 1277 2713 in
1318 2658 1539 2713 nomine
1582 2673 1706 2714 meo
1735 2657 2101 2726 exaltabitur;

526 2750 750 2806 nomine
801 2751 1006 2821 quippe
1059 2757 1116 2804 et
1180 2749 1542 2821 appellatione
1596 2766 1717 2804 mea
1766 2748 2102 2820 dignabitur.

526 2841 1075 2899 Denomiuationibus
1098 2840 1243 2896 enim
1284 2840 1424 2896 meis
1450 2839 1887 2910 'nuncupuhitur,
1920 2845 1976 2895 et
2005 2853 2103 2909 ap-

525 2934 919 3008 pellationibus
967 2947 1186 3005 quoque
1231 2931 1370 2987 meis
1416 2930 1559 3002 apud
1599 2946 1793 2987 omnes
1834 2929 2099 2985 exaltabi-

525 3032 638 3081 tur.
689 3024 1056 3092 Quamobrem
1104 3023 1357 3094 superius
1394 3021 1701 3085 dicebatur,
1736 3020 1836 3117 _Et_
1863 3022 1921 3073 in
1949 3018 2102 3117 bene-
2130 3060 2173 3117 ο

522 3117 721 3185 placito
749 3125 839 3173 tuo
869 3114 1194 3172 excitabitur
1234 3131 1396 3168 cornu
1429 3126 1689 3169 nostrum.
1732 3111 1838 3167 Sed
1867 3110 2103 3182 prophe-

525 3219 706 3264 tarum
736 3208 959 3279 quidem
1001 3209 1204 3263 chorus
1246 3207 1325 3264 sic
1366 3207 1619 3279 superius
1654 3204 1822 3259 Deum
1860 3205 2099 3276 alloque-

524 3300 709 3365 batur,
761 3299 829 3353 Et
861 3300 916 3354 in
967 3299 1288 3370 beneplacito
1324 3309 1413 3353 tuo
1444 3295 1772 3354 exattabitnr
1803 3311 1967 3349 cornu
2006 3311 2104 3349 no-

524 3402 736 3455 strum;
772 3392 885 3462 jam
931 3407 1063 3447 vero
1102 3393 1219 3462 ipse
1251 3390 1414 3454 Deus,
1440 3389 1710 3461 promissa
1745 3386 1932 3441 Davidi
1974 3386 2101 3442 data

523 3484 775 3550 efferens,
794 3495 990 3540 caetera
1017 3486 1199 3540 omnia
1235 3485 1321 3539 his
1340 3484 1614 3555 obsignat,
1653 3483 1715 3537 In
1750 3480 1958 3536 nomine
1989 3496 2101 3534 meo

521 3576 849 3632 excitabitur
877 3592 1041 3633 cornu
1075 3577 1211 3648 ejus,
1249 3577 1527 3631 Christum
1561 3592 1627 3631 ex
1652 3589 1718 3629 eo
1755 3572 2099 3643 proditurum

523 3670 840 3742 signiﬁcans
863 3715 876 3736 ,
907 3672 998 3741 qui
1032 3687 1139 3726 non
1172 3670 1333 3726 modo
1365 3668 1775 3741 prophetarmn,
1809 3666 1904 3723 sed
1935 3666 2098 3719 etiam

523 3760 746 3818 Davidis
784 3777 955 3817 cornu
1001 3761 1359 3818 vocatur:de
1401 3777 1510 3832 quo
1559 3761 1663 3816 sub
1709 3769 1822 3813 tunc
1862 3757 2097 3827 adjicit:

524 3874 596 3894 ε·-
616 3851 784 3908 Vens.
809 3854 1008 3909 96-9-9.
1039 3852 1106 3907 Et
1145 3868 1338 3921 ponam
1385 3854 1436 3907 in
1467 3854 1605 3906 mari
1636 3867 1849 3905 manum
1877 3850 2013 3918 ejus,
2050 3856 2100 3903 et

524 3945 578 3999 in
608 3944 914 4013 ﬂuminibus
943 3944 1214 3999 dexteram
1242 3944 1377 4013 ejus.
1417 3941 1538 4012 Ipse
1565 3941 1825 3997 invocabit
1855 3958 1955 4003 me,
1990 3938 2100 3992 Pa-

528 4043 606 4090 ter
636 4050 781 4088 meus
815 4050 869 4088 es
902 4044 979 4096 tu,
1013 4033 1154 4089 Deus
1191 4050 1335 4087 meus
1355 4043 1406 4087 et
1431 4031 1919 4102 susceptorsalutis
1948 4045 2094 4084 mea.

524 4123 597 4181 Et
625 4142 720 4196 ego
748 4126 1147 4197 primogenitum
1171 4140 1360 4192 ponam
1390 4123 1565 4186 illum,
1593 4122 1856 4177 excelsum
1880 4135 1990 4189 pra:
2015 4136 2100 4174 re-

522 4214 672 4288 gibus
696 4224 870 4271 terra.
908 4214 975 4269 In
1017 4225 1270 4270 a'ternum
1311 4213 1527 4270 servabo
1566 4214 1647 4267 illi
1680 4209 2097 4266 misericordiam

523 4320 716 4368 meam,
751 4314 799 4359 et
832 4315 1198 4361 testamentum
1232 4320 1400 4359 meum
1423 4302 1577 4374 ﬁdele
1598 4303 1717 4372 ipsi.
1749 4300 1806 4355 Si
1841 4302 1966 4372 quis
1999 4301 2099 4356 ho-

2282 2469 2455 2525 Τοῦτο
2484 2470 2543 2524 δὲ
2570 2470 2632 2524 τὸ
2658 2470 2827 2542 κέρας
2858 2469 3025 2524 αὑτοῦ
3058 2469 3120 2525 τὸ
3155 2470 3353 2540 μᾶλλον
3382 2471 3439 2537 ἐξ
3466 2472 3613 2527 αὐτοῦ
3637 2489 3737 2543 προ-

2207 2562 2546 2628 ελεύσεσοαι,
2568 2564 2662 2617 καὶ
2685 2566 2714 2617 6
2740 2562 2877 2627 νεὼς
2905 2566 2934 2618 6
2961 2566 3025 2617 ὲκ
3049 2564 3369 2635 σπέρματος
3390 2565 3544 2620 αὑτοῦ
3570 2565 3736 2637 μέλλων

2212 2671 2302 2726 μοι
2335 2654 2862 2720 κατασκευάζεσοαν
2902 2655 3040 2726 ὅπερ
3079 2655 3251 2728 κέρας
3290 2657 3454 2711 αὑτοῦ
3484 2659 3537 2712 ἐν
3560 2657 3625 2727 τῷ
3647 2657 3738 2710 όνίι

2211 2746 2340 2817 ματί
2375 2764 2478 2818 μου
2509 2746 2873 2819 ὑψωθήσεταιδ
2904 2746 3374 2820 καταξιωθήσεται
3405 2749 3509 2821 γὰρ
3527 2749 3610 2802 τοῦ
3630 2746 3736 2819 ἐμοῦ

2206 2836 2470 2908 ὀνόματος
2514 2838 2609 2891 καὶ
2654 2840 2755 2909 τῆς
2803 2841 2944 2912 ἐμῆς
2995 2843 3392 2915 προσηγορίας.
3448 2840 3737 2912 Χρηματίσει

2207 2926 2339 2996 γοῦν
2370 2929 2467 2983 καὶ
2496 2929 2630 2983 αὐτὸ
2653 2932 2765 2996 τοῖς
2795 2932 2948 3003 ἐμοῖς
2980 2950 3086 3005 χρη
3096 2939 3416 3006 ματισμοῖς,
3454 2935 3539 2988 καὶ
3560 2932 3635 2987 διὰ
3653 2930 3737 2984 τῶν

2207 3020 2233 3072 ἑ
2241 3018 2356 3092 μῶν
2385 3022 2770 3093 προσηγοριῶν
2796 3023 2945 3096 παρὰ
2969 3027 3082 3088 τοῖς
3110 3027 3282 3081 πᾶσιν
3309 3026 3647 3097 ὑψωθήσεται.
3668 3020 3738 3075 Διὸ

2211 3110 2306 3165 καὶ
2334 3111 2392 3164 ὲν
2420 3114 2535 3176 τοῖς
2570 3111 2877 3184 ἔμπροσθεν
2916 3112 3155 3184 ἐλέγετο,
3182 3116 3301 3170 Kal
3335 3118 3406 3170 ἐν
3441 3115 3515 3183 τῇ
3537 3112 3736 3178 εὐδοκία

2208 3217 2326 3257 σου
2356 3203 2737 3274 ὑψωθήσεται
2770 3204 2836 3260 τὸ
2869 3205 3047 3274 κέρας
3083 3207 3277 3277 ήμῶν.
3317 3208 3454 3263 Ἀλλ’
3484 3210 3512 3263 6
3544 3208 3628 3278 μὲν
3653 3204 3736 3258 τῶν

2209 3295 2502 3367 προφητῶν
2532 3296 2689 3368 χορὸς
2729 3297 2867 3368 πρὸς
2908 3298 3001 3351 τὸν
3046 3298 3180 3352 Θεὸν
3224 3300 3490 3371 ἀνεφώνει
3522 3297 3736 3369 πρότερον

2207 3385 2399 3456 λέγων,
2434 3388 2543 3442 Kal
2557 3388 2626 3441 ὲν
2637 3386 2711 3456 τῇ
2729 3387 2972 3458 εὐδοκία
2988 3404 3106 3444 σου
3120 3391 3505 3460 ὑψωθήσεται
3523 3389 3582 3444 τὸ
3594 3385 3736 3454 κέρας

2206 3474 2393 3545 ήμῶν·
2425 3476 2586 3539 αὐτὸς
2615 3475 2674 3530 δὲ
2699 3475 2795 3529 νῦν
2826 3475 2855 3528 6
2887 3475 3019 3540 Θεὸς
3052 3476 3149 3541 τὰς
3177 3478 3512 3547 ἐπαγγελίας
3537 3473 3643 3544 περὶ
3659 3469 3732 3522 τοῦ

2207 3566 2369 3621 Δαυῒδ
2395 3567 2734 3637 ποιούμενος,
2762 3568 3177 3639 ὲπισφράγισμα.
3211 3570 3435 3625 πάντων
3466 3563 3732 3641 προστίθησι

2207 3658 2301 3712 καὶ
2328 3659 2409 3724 τὸ,
2442 3660 2537 3711 Ἐν
2569 3657 2649 3725 τῷ
2677 3659 2922 3725 ὀνόματί
2951 3677 3071 3728 μου
3101 3661 3493 3731 ὑψωθήσεται
3516 3659 3570 3713 τὸ
3588 3655 3733 3723 κέρας

2204 3750 2412 3814 αὑτοῦ,
2438 3751 2529 3804 τὸν
2563 3750 2622 3816 ἐξ
2657 3752 2824 3807 αὑτοῦ
2866 3751 3334 3825 προελευσόμενον
3362 3750 3576 3825 Χριστὸν
3596 3741 3737 3816 δηλῶ·

2207 3858 2325 3905 σας.
2359 3843 2528 3914 κέρας
2558 3844 2619 3897 οὐ
2666 3844 2826 3911 μόνον
2867 3844 2963 3898 καὶ
2987 3844 3311 3916 προφητῶν,
3340 3844 3475 3899 ἀλλὰ
3499 3842 3581 3895 καὶ
3601 3834 3736 3893 αὑτοῦ

2204 3935 2299 3989 τοῦ
2333 3934 2494 3989 Δαυῖδ
2520 3936 2931 4008 ὠνομασμένον·
2959 3936 3089 4007 περὶ
3112 3928 3174 3989 οὗ
3203 3937 3340 4007 ἑξῆς
3373 3935 3616 4003 ὲπιλέγει’
3651 3928 3736 3984 Kal

2205 4025 2466 4096 θήσομαι
2502 4029 2572 4081 ἐν
2611 4027 2892 4096 θαλάσσῃ
2942 4027 3109 4097 χεῖρα
3130 4028 3348 4090 αὑτοῦ,
3375 4027 3470 4084 καί
3498 4027 3563 4080 ἐν
3594 4035 3739 4077 ποτα-

2198 4117 2335 4189 μοῖς
2362 4118 2571 4184 ὄεξιὰν
2600 4120 2806 4176 αὑτοῦ.
2849 4121 3034 4186 Αὐτὸς
3082 4119 3511 4175 ἑπικαλέσεταί
3538 4130 3624 4188 με’
3646 4114 3739 4168 Πα·

2203 4209 2314 4279 τήρ
2345 4227 2464 4279 μου
2503 4206 2565 4265 εἷ
2606 4210 2709 4275 σὺ,
2754 4212 2893 4278 Θεός
2934 4228 3055 4280 μου
3101 4210 3201 4264 καὶ
3253 4210 3620 4279 ἀντιλήπτωρ
3656 4201 3741 4270 τῆς

2201 4301 2498 4368 σωτηρίας
2513 4319 2652 4370 μου’
2686 4302 2848 4373 κάγὼ
2880 4304 3264 4372 πρωτότοκον
3291 4302 3543 4374 θήσομαι
3566 4296 3740 4354 αὑτὸν.

523 4404 646 4451 rutu
670 4397 994 4453 sententiam
1021 4396 1335 4455 accuratius
1373 4394 1692 4469 perpendat,
1729 4394 1844 4448 haec
1882 4408 1991 4448 non
2029 4392 2097 4448 de

2208 4392 2449 4462 ὑψηλὸν
2476 4394 2637 4461 παρὰ
2680 4394 2806 4460 τοῖς
2847 4394 3181 4460 βασιλεῦσι
3222 4395 3338 4465 τῆς
3378 4395 3510 4466 τῆς.
3542 4395 3636 4458 Είς
3657 4388 3742 4443 τὸν

524 4487 752 4551 Davide,
779 4488 877 4544 sed
908 4488 977 4545 de
1004 4503 1199 4551 cornu,
1238 4488 1383 4558 quod
1414 4503 1478 4543 ex
1520 4486 1725 4541 Davide
1753 4485 2110 4557 proditurum-

524 4587 664 4644 erat,
684 4582 1050 4649 pra-nuntiata
1072 4596 1197 4635 esse
1213 4579 1599 4649 deprehendet.
1626 4576 1761 4632 Nam
1779 4593 1905 4632 cum
1923 4577 2100 4631 dixis-

526 4678 630 4737 set,
672 4670 740 4724 Et
771 4674 826 4747 in
879 4673 1090 4726 nomine
1130 4687 1241 4725 meo
1282 4671 1611 4725 exaltabitur
1652 4685 1817 4724 cornu
1855 4669 1993 4738 ejus,
2029 4668 2098 4724 de

526 4771 699 4811 cornu
731 4757 824 4812 illo
846 4759 1028 4813 statim
1063 4757 1369 4828 subiunxit,
1400 4759 1602 4813 Portam
1628 4760 1682 4812 in
1713 4759 1854 4812 mari
1881 4774 2095 4815 manum

526 4847 664 4915 ejus,
687 4847 896 4903 scilicet
921 4863 1092 4902 cornu
1126 4848 1294 4910 illius,
1330 4856 1384 4903 et
1406 4858 1599 4903 caetera
1634 4867 1647 4903 :
1672 4863 1792 4917 qua:
1815 4847 1998 4903 omnia
2025 4846 2094 4902 ad

525 4937 802 4993 Christum
835 4954 901 4993 ex
934 4941 1142 4995 semine
1171 4937 1341 4995 David
1362 4941 1700 4995 ttasciturum
1731 4937 1937 4994 referre
1962 4948 2097 4993 con-

527 5026 694 5083 venit.
736 5026 872 5085 Nam
905 5029 954 5084 si
983 5028 1108 5099 quis
1141 5028 1330 5084 isthaec
1361 5045 1470 5083 non
1516 5043 1582 5083 eo
1615 5028 1778 5083 modo
1807 5027 2094 5098 intelligat,

529 5118 626 5176 sed
660 5119 729 5174 ad
762 5119 877 5178 Dav.
895 5119 1019 5176 dem
1055 5119 1276 5184 referat,
1320 5120 1496 5191 ipsius
1521 5135 1656 5176 sane
1685 5120 1954 5176 sententia
1985 5135 2096 5174 non

531 5211 832 5268 consistet:
865 5213 1140 5283 quomodo
1171 5213 1315 5269 enim
1353 5212 1494 5267 Deus
1526 5211 1745 5267 Davidis
1778 5226 1999 5267 manum
2042 5212 2095 5266 in

528 5307 667 5361 mari
697 5306 943 5377 pesuerit
969 5316 1024 5361 et
1064 5307 1120 5360 in
1164 5303 1483 5361 ﬂuminibus
1511 5305 1789 5359 dexteram
1823 5303 1966 5373 ejus,
1998 5318 2098 5358 ex-

528 5395 693 5465 plicet
719 5394 814 5465 qui
842 5395 1094 5451 voluerit.
1123 5394 1308 5466 Neque
1335 5395 1481 5449 enim
1510 5393 1676 5448 David
1703 5394 1992 5449 maritima:
2021 5407 2102 5448 re-

526 5487 674 5553 gioni
713 5488 1020 5558 imperavit.
1070 5488 1180 5543 Aut
1214 5500 1317 5542 cur
1342 5486 1412 5542 de
1456 5485 1659 5541 Davide
1695 5486 1932 5548 dicatur,
1981 5483 2100 5551 Ipse

527 5577 786 5634 invocabit
817 5596 917 5644 me,
967 5579 1130 5634 Pater
1164 5596 1307 5634 meus
1349 5596 1403 5634 es
1443 5588 1497 5631 tu
1521 5594 1539 5633 :
1562 5589 1612 5631 et
1650 5594 1744 5649 ego
1775 5579 2101 5649 primogeni-

528 5678 638 5723 tum
659 5684 849 5739 ponam
882 5672 1078 5728 illum?
1108 5671 1223 5738 Qua
1248 5670 1314 5727 de
1338 5686 1500 5726 causa
1524 5668 1668 5725 enim
1701 5668 1908 5741 potius,
1936 5684 2099 5741 quam

2199 4482 2384 4538 αἰῶνα
2405 4483 2654 4553 φυλάξω
2678 4484 2840 4551 αὐτῷ
2870 4486 2938 4540 τὸ
2959 4486 3134 4554 ἔλεός
3154 4504 3300 4557 μου,
3330 4489 3429 4542 καὶ
3460 4486 3498 4553 ii
3521 4479 3739 4550 Διαθήιη

2191 4592 2311 4644 μου
2345 4574 2532 4644 πιστὴ
2570 4575 2750 4642 αὐτῷ.
2780 4575 2851 4630 Εἴ
2872 4593 2958 4642 τις
2984 4577 3228 4651 ἀκριϐῶς
3252 4580 3558 4650 ἐπιστήσειε
3576 4570 3740 4644 τῇτῶ

2196 4666 2503 4738 λεγομένων
2547 4668 2774 4740 διανοίᾳ,
2832 4667 2982 4741 εὖροι
3032 4668 3098 4723 ἂν
3152 4670 3332 4725 ταῦτα
3384 4670 3445 4723 οὐ
3502 4666 3619 4739 περὶ
3666 4659 3738 4716 τοῦ

2196 4755 2381 4821 Δαυῗδ,
2406 4757 2542 4811 ἀλλὰ
2566 4752 2695 4829 περὶ
2725 4755 2820 4811 τοῦ
2850 4758 3314 4831 προελευσομένου
3336 4761 3395 4828 ἐξ
3413 4757 3573 4813 αὑτοῦ
3597 4755 3740 4823 κέρως

2202 4848 2669 4920 προφητευόιιενα.
2704 4847 2887 4903 Εἰπὼν
2915 4849 3024 4922 γὰρ
3049 4851 3078 4903 6
3100 4849 3278 4920 λόγος,
3302 4853 3412 4905 Kal
3443 4851 3512 4905 ἐν
3539 4843 3739 4913 τῷ’όνό-

2196 4938 2341 5007 ματί
2394 4955 2513 5006 μου
2559 4934 2940 5008 ὑψωθήσεται
2985 4939 3051 4994 τὸ
3093 4940 3276 5010 κέρας
3321 4941 3526 5005 αὐτοῦ,
3557 4942 3739 4994 enim

2204 5029 2365 5083 άπτει
2392 5032 2520 5100 περὶ
2567 5030 2661 5085 τοῦ
2702 5031 2899 5103 κέρως,
2934 5032 3029 5086 καὶ
3070 5032 3236 5101 λέγει·
3275 5033 3540 5103 ϐήσομαι
3566 5032 3629 5083 ἐν
3657 5030 3738 5080 ου’

2200 5118 2409 5190 ,ίὰσσῃ
2447 5119 2614 5190 χεζοα
2638 5122 2848 5186 αὐτοῦ,
2876 5122 3035 5194 δῆλον
3057 5124 3100 5178 δ’
3133 5126 3216 5179 ὅτι
3244 5124 3343 5177 τοῦ
3366 5125 3560 5196 κέρως,
3593 5114 3736 5173 καὶτὰ

2204 5210 2349 5282 ἑξῆς·
2372 5213 2467 5267 καὶ
2488 5212 2714 5283 ἁρμόζει
2738 5230 2803 5282 γε
2824 5213 3074 5268 ἐντεῦθεν
3104 5227 3283 5269 «avra
3310 5215 3404 5267 ἐπὶ
3431 5211 3519 5267 τὸν
3541 5203 3737 5281 Χριστὸν

2203 5304 2296 5358 τὸν
2326 5303 2391 5357 ὲκ
2435 5305 2744 5377 σπέρματος
2786 5306 2967 5363 Δαυῖδ,
2990 5308 3356 5379 γενησόμενον
3388 5297 3733 5374 ἀναφέρεσθαι.

2205 5396 2269 5449 Εἰ
2298 5392 2429 5464 γοῦν
2457 5414 2540 5461 τις
2573 5397 2647 5468 μὴ
2672 5396 2862 5452 τοῦτον
2894 5397 3112 5452 ὲκλάϐοι
3141 5398 3232 5451 τὸν
3266 5397 3489 5469 τρόπον,
3533 5392 3637 5449 ἀλλ’
3662 5385 3739 5441 ἐπὶ

2204 5485 2295 5540 τὸν
2327 5486 2489 5541 Δαυῒδ
2522 5489 2710 5556 ἀνάγοι
2747 5487 2817 5542 τὰ
2861 5489 3214 5562 προκείμενα,
3250 5489 3547 5550 ἁσύστατος
3577 5481 3653 5551 εἴη
3682 5476 3739 5531 δν

2206 5579 2355 5650 αὐτῷ
2381 5582 2409 5633 6
2436 5578 2613 5649 λόγος.
2645 5580 2770 5645 Πῶς
2791 5581 2899 5653 γὰρ
2928 5582 3022 5635 τοῦ
3041 5581 3202 5636 Δαυτδ
3226 5582 3287 5634 ὲν
3316 5581 3550 5649 θαλάσσῃ
3579 5570 3736 5635 ἔταξεν

2208 5673 2235 5725 6
2265 5671 2395 5736 Θεὸς
2420 5670 2516 5745 τὴν
2550 5676 2707 5744 χεῖρα
2734 5675 2826 5729 καὶ
2854 5666 2912 5729 εν
2946 5673 3334 5747 ποταμοῖςοτὴν
3363 5671 3555 5740 δεξιὰν.
3580 5668 3607 5721 ὁ
3636 5667 3735 5737 βου·
