3990 6202
340 352 484 412 HD!

1368 354 1867 417 COMMENTARIA
1906 356 1973 411 1N
2010 357 2348 416 ρδΑωιοε.

3441 370 3578 428 HO!

335 466 562 540 ἶιόμινος
605 466 969 539 ἐρμηνενέτω.
1015 469 1149 522 Οὐδὲ
1195 468 1302 541 γὰρ
1346 471 1647 541 ἐκράτησεν
1677 474 1707 527 6
1741 472 1873 525 Aau‘t

2007 472 2302 539 Abraham,
2342 482 2434 529 aut
2476 474 2647 543 Isaac,
2676 485 2776 533 aut
2821 478 3008 544 Israel,
3046 487 3139 535 aut
3183 483 3300 552 ipse
3336 483 3575 557 Moyses.

335 557 440 626 τῆς
474 555 717 627 παράλου
750 554 952 627 χώρας.
989 559 1059 610 "ll
1090 558 1207 621 πῶς
1231 560 1358 630 περὶ
1387 558 1482 612 τοῦ
1515 560 1679 614 Δαυῖδ
1711 560 1905 630 λέγοιτ’

335 646 403 700 ἂν
433 646 515 709 τὸ,
542 645 735 714 Αὐτὸς
757 646 1184 703 ἐπικαλέσεταί
1210 665 1308 719 με’
1341 651 1542 719 Πατήρ
1569 668 1686 719 μου
1717 647 1777 705 εἴ
1803 653 1902 706 σύ·

329 738 495 807 κὰτ-ὼ
524 740 904 813 πρωτὸτοκον
922 740 1178 811 θήσομαι
1206 742 1417 805 αὐτόν;
1453 743 1596 797 Ἀντὶ
1625 743 1768 807 τίνος
1799 743 1907 813 γάρ

334 831 534 902 μᾶλλον
565 806 658 884 τοῦ
694 806 960 904 Ἀϐράὰμ,
993 833 1026 904 ἢ
1058 806 1152 887 τοῦ
1197 834 1409 898 Ἰσαὰκ,
1440 836 1473 907 ἢ
1515 833 1608 889 τοῦ
1670 806 1905 906 Ἰσραῆλ,

328 924 361 994 ἢ
396 922 561 977 αὐτοῦ
586 923 862 988 Μωσέως,
892 924 925 996 ἢ
960 924 1054 978 τοῦ
1069 926 1245 991 Ἠλία,
1272 927 1304 997 ἦ
1338 925 1446 981 τῶν
1474 924 1648 980 ἄλλων
1675 926 1898 980 δικαίων

324 1035 383 1072 τε
409 1017 504 1070 καὶ
534 1018 851 1089 προφητῶν,
876 1021 1214 1090 πρωτότοκος
1241 1020 1333 1076 τοῦ
1366 1020 1499 1073 Θεοῦ
1523 1019 1803 1093 νομισθείη
1836 1020 1903 1075 ἂν

321 1111 351 1162 6
381 1109 572 1174 Δαυϊδς
622 1109 749 1173 Πῶς
791 1109 848 1163 δὲ
895 1110 1183 1182 ἀληθεύσει
1228 1114 1358 1183 περὶ
1404 1111 1571 1166 αὐτοῦ
1622 1112 1844 1181 φάσκων
1872 1115 1901 1165 6

320 1199 476 1263 θεὸς,
520 1199 787 1270 ϐήσομαι
837 1201 1026 1255 αὑτὸν
1067 1202 1315 1271 ὑψηλὸν
1367 1203 1529 1273 παρὰ
1568 1202 1692 1269 τοῖς
1722 1204 1902 1268 βασι·-

318 1291 498 1346 λεῦσι
545 1291 658 1361 τῆς
691 1291 836 1363 τῆςτ
880 1293 1004 1347 Πότ⁴⁵
1035 1290 1129 1349 οῦν
1170 1297 1200 1350 6
1243 1294 1407 1349 Δαυῒδ
1462 1295 1615 1368 παρὰ
1662 1295 1899 1366 Πέρσαις

2010 573 2106 619 ant
2151 564 2317 632 Elias,
2350 575 2443 621 aut
2479 569 2571 621 alii
2602 569 2740 639 justi
2784 580 2836 625 et
2864 571 3140 642 praphetaa
3180 574 3580 647 primogenitns

2010 656 2101 711 Dei
2138 656 2303 713 David
2334 674 2460 715 esse
2493 661 2748 730 putetur?
2767 662 2869 729 Qui
2892 680 3020 719 vere
3049 664 3246 719 dixerit
3281 664 3445 731 Deus,
3471 668 3580 722 Ρο-

2009 766 2130 805 nam
2154 750 2307 805 illum
2333 752 2597 807 excelsum
2616 769 2728 822 prie
2754 757 2959 826 regibus
3000 761 3193 814 terra?
3220 759 3577 824 Quandonam

2011 839 2175 896 David
2207 857 2319 911 prae
2342 844 2561 914 regibus
2594 863 2645 901 v.
2681 863 2734 917 g.
2766 845 3078 912 Persarum,
3110 849 3455 920 Scytharum.
3497 850 3579 907 ln-

2009 930 2225 998 dorum,
2269 931 2612 1003 Ethiopum,
2663 936 2994 999 Maurorum,
3036 928 3428 1009 Hispanoinm,
3460 940 3576 996 Bri-

2004 1028 2322 1085 tannorum,
2375 1032 2469 1077 aut
2498 1026 2830 1096 reliquarum
2867 1028 3109 1097 gentium
3140 1032 3412 1087 exaltatus
3453 1033 3579 1088 est?

2003 1111 2158 1178 Quod
2208 1115 2253 1169 si
2294 1115 2410 1171 haec
2441 1119 2720 1190 acceperis
2760 1118 2828 1175 de
2862 1134 2928 1174 eo
2970 1121 3064 1191 qui
3113 1137 3181 1177 ex
3213 1124 3422 1180 semine
3452 1125 3574 1195 ejus

2001 1207 2319 1264 nasciturus
2350 1217 2491 1274 erat,
2529 1210 2845 1268 ﬁrmissime
2874 1219 2931 1269 et
2967 1216 3382 1272 accuratissime
3424 1217 3571 1273 dicta

2001 1313 2302 1369 congruere
2330 1299 2722 1369 deprehendes.

318 1385 472 1456 φέρε,
505 1385 539 1457 ἢ
578 1357 892 1458 flammai}
938 1387 1138 1453 Ἰνδοῖς,
1173 1389 1207 1459 ἢ
1241 1388 1508 1460 Αἰθίοψιν,
1617 1357 1889 1460 Μαύροις,
1939 1392 1972 1464 ἢ
2028 1357 2278 1458 Σπάνοις,
2318 1395 2351 1466 ἢ
2401 1357 2710 1467 ίόρετανοῖς,
2760 1398 2794 1470 ἦ
2861 1403 3011 1472 παρὰ
3049 1406 3161 1466 τοῖς
3205 1357 3438 1467 λοιποῖς,
3461 1404 3571 1457 τῶν

317 1478 489 1532 ἐθνῶν
523 1479 834 1550 βασιλεῦσιν
863 1481 1085 1555 ὑψώθης
1120 1485 1183 1537 El
1218 1484 1276 1538 δὲ
1335 1484 1586 1550 ἑκλάθοις
1639 1484 1815 1540 ταῦτα
1852 1487 1947 1544 ἐπὶ
1983 1489 2075 1542 τὸν
2113 1490 2179 1544 ὲκ
2223 1491 2537 1563 σπέρματος
2577 1494 2742 1549 αὑτοῦ
2779 1497 3061 1565 γεγονότα,
3109 1498 3430 1567 βεϐαιότατα
3474 1502 3568 1554 καὶ

317 1571 627 1644 κυριώτατα
649 1572 830 1646 εὕροις
850 1576 917 1629 ἂν
938 1577 1318 1648 ἐφαρμόζοντα
1341 1578 1489 1650 αὐτῷ
1512 1578 1581 1634 τὰ
1601 1578 1889 1650 λεγόμενα.

383 1686 672 1760 Μαρτυρεί
713 1686 770 1741 δὲ
809 1689 877 1759 τῇ
920 1689 1020 1759 τῆς
1066 1690 1399 1762 προφητείας
1443 1692 1665 1746 ἐκϐάσει
1708 1693 1894 1746 καὶτὸ

2070 1690 2376 1764 Prophetize
2397 1702 2578 1751 autem
2599 1696 2803 1752 exitum
2835 1698 3161 1754 testificatur
3175 1698 3526 1773 Evangelium
3547 1745 3564 1770 ,

313 1776 668 1846 Εὐαγγέλιον,
697 1778 756 1832 έν
798 1771 844 1848 ᾧ
878 1780 1019 1833 κατὰ
1049 1780 1140 1834 τὸν
1180 1782 1393 1837 Λουκᾶν
1426 1785 1701 1857 Ζαχαρίας
1739 1787 1770 1839 ὁ
1798 1784 1876 1839 τοί

1998 1783 2092 1839 ubi
2115 1784 2418 1840 secundum
2446 1783 2671 1850 Lucam,
2702 1785 2999 1844 Zacharias
3024 1789 3188 1844 etiam
3219 1771 3447 1849 Joannis
3470 1808 3569 1866 pa-

324 1869 570 1924 Ἰωάννου
600 1869 784 1940 πατὴρ
811 1875 1119 1943 προφητικῇ
1143 1873 1369 1946 δυνάμει
1404 1875 1497 1929 καὶ
1535 1877 1695 1940 αὐτὸς
1722 1876 1890 1949 κέρας

310 1963 472 2016 αὑτὸν
513 1960 786 2034 ὠνόμασε.
838 1962 1002 2032 Λέγει
1047 1964 1093 2017 δ’
1136 1961 1230 2020 οὖν
1260 1968 1289 2019 6
1316 1966 1707 2039 εὐαγγελιστής
1729 1984 1743 1997 ·
1778 1967 1888 2024 Καὶ

309 2055 612 2123 Ζαχαρίας
651 2056 932 2127 ἐπλήσθη
981 2060 1329 2130 Ile-stipator;
1370 2061 1566 2133 ἁγίου,
1610 2060 1710 2116 καί
1748 2076 1892 2130 προ·

308 2148 608 2219 εφήτευσε
633 2148 846 2220 λέγων’
887 2154 1233 2223 Εὐλογητὸς
1259 2156 1292 2207 ό
1325 2154 1469 2221 Θεὸς
1492 2155 1597 2209 τοῦ
1628 2154 1887 2223 Ἰσραὴλ.

307 2240 399 2294 ὅτι
435 2240 815 2311 ἐπεσκέψατο
842 2243 941 2297 καί
974 2244 1227 2313 ἐποίησε
1262 2246 1565 2315 λύτρωσιν
1595 2245 1702 2301 τοῦ
1733 2246 1888 2301 λαοῦ

306 2332 512 2389 αὐτοῦ.
548 2333 660 2388 Kal
694 2332 895 2405 ἤγειρε
923 2334 1102 2403 κέρας
1138 2339 1437 2406 σωτηρίας
1477 2337 1622 2408 ἡμῖν
1652 2338 1723 2391 ἐν
1747 2338 1890 2405 οἴκῳ

307 2424 490 2479 Δαυῒδ
539 2425 647 2480 τοῦ
695 2426 911 2494 παιδὸς
952 2427 1161 2483 αὐτοῦ.
1211 2428 1417 2497 Καθὼς
1474 2428 1744 2498 ἐλάλησε
1790 2429 1888 2486 διὰ

305 2518 606 2588 στόματος
644 2517 765 2573 τῶν
802 2518 988 2590 ἁγίων
1028 2519 1130 2574 ἀπ’
1176 2518 1392 2587 αἰῶνος
1429 2519 1748 2589 προφητῶν
1777 2523 1884 2575 αἰν-

305 2608 432 2664 τοῦ.
460 2610 646 2682 Κέρας
668 2611 729 2664 δὲ
756 2611 962 2682 κυρίως
982 2610 1296 2683 ὠνόμασται
1320 2613 1349 2665 6
1370 2612 1600 2686 Χριστὸς
1616 2611 1712 2665 τοῦ
1728 2611 1882 2666 Θεοῦ.

307 2701 399 2755 Διὸ
446 2703 543 2756 καὶ
594 2702 905 2774 μονόκερως
958 2703 1175 2775 εἴρηται
1224 2703 1364 2758 κατὰ
1415 2706 1517 2777 τὴν
1571 2704 1885 2773 φάσκουσαν

306 2793 549 2868 Γραφήνο
582 2794 696 2849 Καὶ
735 2795 1117 2866 ἠγαπημένος
1160 2796 1241 2863 ὡς
1276 2796 1408 2864 υίὸς
1439 2795 1879 2866 μονοκερὼτωνο

306 2885 537 2956 ἐπείπερ
561 2884 630 2940 δι’
653 2885 817 2939 αὑτοῦ
846 2885 997 2941 πᾶσα
1022 2889 1056 2960 ἡ
1089 2889 1439 2962 ἀντικειμένη
1472 2890 1569 2944 καὶ
1599 2889 1769 2962 ἐχθρὰ
1790 2890 1883 2943 τοῦ

301 2974 441 3029 Θεοῦ
459 2975 687 3047 δύναμις
704 2977 978 3049 ἑνετράπη
999 2995 1059 3033 κε
1066 2979 1380 3051 ρατισθεϊσα
1396 2982 1489 3035 καὶ
1508 2982 1877 3053 κεραῖσθεῖσα.

302 3067 485 3133 Μόνος
525 3069 657 3140 γοῦν
701 3071 778 3136 ὡς
825 3070 1042 3143 άληθῶς
1082 3073 1191 3126 τῶν
1237 3074 1544 3146 γενομένων
1585 3073 1679 3130 τοῦ
1717 3073 1883 3129 Δαυῒδ

1994 1883 2080 1929 ter
2106 1876 2425 1945 prophetica
2448 1876 2650 1933 virtute
2682 1878 2863 1948 ipsum
2896 1878 3175 1936 Christum
3205 1896 3376 1939 cornu
3405 1901 3566 1942 voca-

1994 1965 2090 2021 vit.
2128 1966 2218 2022 Ait
2241 1968 2386 2023 enim
2418 1969 2751 2039 evangelista
2781 1987 2796 2025 :
2828 1968 2896 2023 Et
2919 1968 3212 2027 Zacharias
3241 1976 3466 2043 repletus
3485 1988 3563 2032 est

1991 2054 2195 2122 Spiritu
2217 2067 2422 2123 sancto,
2444 2069 2494 2113 et
2512 2059 2837 2129 prophetarit
2863 2060 3063 2127 dicens,
3088 2062 3400 2121 Benedictus
3422 2067 3562 2122 Deus

1992 2148 2186 2215 Israel,
2227 2151 2354 2224 quia
2401 2152 2630 2206 uisitauit
2676 2161 2727 2208 et
2778 2152 2901 2221 fecit
2949 2154 3353 2223 redemptionem
3398 2160 3562 2227 p'ebis

1988 2259 2122 2300 sate.
2155 2241 2225 2297 Et
2272 2244 2441 2297 erexit
2481 2260 2645 2298 cornu
2685 2245 3073 2303 salutis'nobis
3108 2248 3165 2301 in
3194 2249 3352 2305 domo
3390 2250 3562 2306 David

1989 2336 2141 2404 pueri
2170 2335 2276 2392 sui.
2319 2334 2471 2390 Sicut
2501 2336 2708 2394 locutus
2740 2346 2821 2391 est
2857 2354 2950 2407 per
2974 2354 3033 2392 os
3070 2349 3376 2395 sanctorum
3411 2343 3502 2414 qui
3527 2362 3561 2397 a

1989 2427 2184 2481 stet:qu
2229 2436 2353 2481 sunt
2392 2427 2768 2497 prophetarum
2813 2428 2930 2497 ejus
2951 2429 3016 2481 ³⁷.
3050 2429 3234 2486 Cornu
3257 2448 3389 2488 vero
3430 2450 3554 2505 pm-

1987 2520 2104 2590 prie
2146 2529 2371 2574 vocatur
2401 2519 2654 2575 Christus
2692 2518 2809 2576 Dei.
2850 2519 3031 2586 Quare
3081 2522 3365 2579 unicornis
3392 2529 3556 2580 etiam

1984 2608 2192 2665 dicitur
2229 2610 2283 2664 in
2330 2606 2640 2680 Scriptura,
2683 2625 2806 2680 qua:
2847 2610 2930 2666 sic
2978 2610 3187 2667 habet:
3219 2611 3290 2669 Et
3330 2614 3556 2671 dilectus

1984 2700 2421 2771 quemadmodum
2450 2700 2598 2771 ﬁlius
2622 2701 2956 2755 unicornium
2979 2701 3023 2734 ⁸⁸
3050 2718 3071 2756 :
3097 2703 3227 2774 quia
3252 2719 3349 2775 per
3376 2705 3554 2776 ipsum

1985 2792 2163 2849 omnis
2183 2791 2499 2849 adversaria
2531 2802 2586 2848 et
2620 2793 2843 2848 inimica
2871 2793 2980 2849 Deo
3013 2794 3189 2851 virtus
3218 2811 3412 2852 eversa
3447 2807 3552 2861 est,

1984 2899 2157 2939 cornu
2198 2885 2442 2954 impetita
2475 2893 2529 2941 et
2552 2885 2798 2956 depulsa.
2832 2884 2996 2942 Solus
3019 2887 3202 2959 itaque
3230 2904 3298 2944 ex
3331 2904 3554 2947 succes-

1984 2976 2203 3032 soribus
2242 2974 2483 3041 Davidis.
2524 2975 2685 3034 Iesus
2719 2977 2975 3035 Christus
3002 2976 3256 3035 Salvator
3285 2989 3342 3037 et
3372 2980 3554 3037 Domi-

1985 3083 2089 3123 nus
2124 3078 2331 3133 noster,
2356 3084 2428 3122 ex
2478 3069 2688 3125 semine
2716 3070 2839 3139 ejus
2876 3082 3060 3135 natus,
3090 3070 3309 3133 deitatis
3346 3073 3410 3128 in'
3432 3075 3555 3145 ipso

301 3160 564 3232 διαδόχων
596 3161 803 3234 Ἰησοῦς
831 3164 1065 3235 Χριστὸς
1087 3166 1116 3218 6
1137 3164 1326 3238 Σωτὴρ
1353 3167 1447 3220 καὶ
1466 3167 1671 3240 Κύριος
1697 3167 1876 3240 ἡμῶν,

1982 3157 2279 3213 habitantis
2321 3172 2517 3223 cornu,
2568 3172 2783 3212 omnem
2831 3157 3138 3213 daemonum
3194 3167 3248 3214 et
3281 3159 3553 3214 idolorum

304 3252 376 3305 tu
406 3251 715 3323 σπέρματος
750 3253 914 3308 αὑτοῦ
952 3256 1230 3328 προελθὼν
1254 3257 1332 3329 τῷ
1362 3257 1552 3330 κέρατι
1577 3259 1681 3329 τῆς
1705 3260 1762 3311 ἐν
1786 3260 1878 3312 αὺ-

301 3340 386 3414 τῷ
417 3340 690 3415 θεότητος,
724 3348 905 3403 πᾶσαν
952 3346 1050 3419 τὴν
1092 3347 1412 3422 δαιμονικὴν
1455 3350 1550 3404 καὶ
1597 3350 1877 3423 είδωλικὴν

296 3434 610 3506 ἀνατρέψας
642 3437 857 3495 καθεῖλε
899 3438 1126 3512 πλάνην.
1172 3442 1263 3496 Διὸ
1304 3442 1397 3497 καὶ
1438 3442 1605 3515 κέρας
1653 3444 1876 3508 εἰκότως

300 3527 399 3582 καὶ
434 3527 745 3600 μονόκερως
775 3531 834 3585 ἐν
863 3535 974 3597 τοῖς
1007 3534 1174 3604 ἱεροῖς
1201 3533 1517 3605 ὠνόμασται
1543 3534 1738 3605 λόγοις.
1770 3536 1876 3589 Αὐ-

294 3615 393 3671 τοῦ
407 3616 485 3679 δὲ,
502 3619 735 3681 καὶοὺδὲ
755 3620 984 3694 suam
1011 3623 1129 3694 χεὶρ
1151 3623 1294 3693 καὶή
1314 3622 1462 3689 δεξιὰ
1484 3625 1874 3696 κατεκυρίευσε

293 3709 400 3781 τῆς
437 3709 765 3784 οἰκουμένης
809 3712 1012 3785 πάσης,
1050 3715 1110 3768 ὲν
1137 3717 1400 3786 ποταμοῖς
1432 3717 1525 3769 καὶ
1556 3715 1871 3780 θαλάσσαις·

294 3803 421 3858 ἐπεὶ
454 3802 549 3857 καὶ
592 3804 692 3869 τὰς
728 3807 924 3877 νήσους
964 3807 1074 3861 τῶν
1104 3806 1272 3861 ἐθνῶν
1310 3807 1626 3880 ἐπλήρωσεν
1658 3810 1692 3880 ἠ
1729 3807 1874 3863 διδα-

294 3892 498 3949 σκαλία
534 3895 699 3948 αὐτοῦ
729 3896 825 3950 καὶ
853 3897 1128 3969 πανταχοῦ
1179 3899 1284 3970 γῆς
1326 3899 1529 3971 Κύριον
1572 3900 1736 3957 αὐτὸν
1778 3901 1870 3955 καὶ

291 3983 431 4037 Θεὸν
455 3983 552 4038 καὶ
582 3984 822 4056 βασιλέα,
860 3988 969 4041 πᾶν
995 3987 1151 4055 γένος
1192 3986 1492 4058 ἀνθρώπων
1528 3987 1867 4059 ἀναγορεύει.

290 4076 522 4146 Ὅμοιον
552 4075 609 4130 δέ
641 4078 757 4131 ἐστι
780 4077 841 4131 τὺ
872 4077 1104 4132 ἐνταῦθα
1130 4078 1360 4148 φάσκον,
1385 4078 1653 4149 ϐήσομαι
1678 4080 1749 4133 ὲν
1771 4082 1870 4134 θα-

283 4163 502 4234 λάσσῃ
530 4167 701 4237 χεῷα
743 4168 928 4222 αὐτοῦ
957 4168 1055 4223 καί
1090 4169 1160 4223 ἑν
1200 4168 1485 4239 ποταμοῖς
1516 4168 1723 4233 δεξιὰν
1758 4170 1866 4223 αὺ-

288 4257 425 4322 τοῦ,
444 4257 522 4330 τῷ
545 4259 605 4313 ὲν
625 4267 702 4313 οα¹
731 4259 929 4332 ψαλμῷ
960 4258 1114 4325 αὖθις
1141 4263 1271 4334 περὶ
1302 4261 1467 4317 αὐτοῦ
1499 4261 1729 4331 λέγοντι-
1756 4261 1865 4315 Kal

289 4351 747 4418 κατακυριεύσει
780 4352 898 4406 ἀπὸ
921 4352 1239 4421 θαλάσσης
1265 4354 1376 4420 ἕως
1408 4353 1744 4419 θαλάσσης,
1770 4351 1866 4406 καὶ

285 4440 410 4494 ἀπὸ
438 4443 705 4513 ποταμοῦ
746 4442 856 4511 ἕως
894 4444 1011 4500 τῶν
1053 4445 1322 4513 περάτων
1344 4444 1457 4515 τῆς
1484 4444 1861 4515 οἰκουμένης.

300 4531 631 4604 Ἀρξάμενος
660 4530 753 4589 οὖν
781 4538 811 4590 6
844 4537 1034 4610 Σωτὴρ
1072 4538 1179 4594 ἀπὸ
1221 4538 1315 4592 τοῦ
1359 4536 1727 4609 βαπτίσματος
1764 4535 1858 4589 τοῦ

286 4622 437 4678 κατὰ
462 4624 554 4679 τὸν
598 4626 869 4699 Ἰορδάνην
905 4629 1149 4700 ποταμοῦ
1176 4630 1274 4702 τὴν
1302 4629 1576 4700 βασιλείαν
1598 4628 1690 4683 τοῦ
1724 4627 1857 4681 Θεοῦ

284 4718 606 4790 κηρύττειν,
632 4720 732 4793 τὴν
759 4722 938 4778 πᾶσαν
960 4723 1274 4794 ἐπλήρωσεν
1298 4723 1444 4776 οἱκου
1452 4721 1639 4794 μένην.
1668 4721 1779 4774 Καὶ
1802 4722 1858 4772 ἐν

283 4810 535 4884 Ζαχαρία
552 4811 607 4866 δὲ
623 4813 701 4884 τῷ
722 4815 974 4888 προφήτῃ
995 4813 1264 4872 λέλεκται*
1287 4814 1464 4883 Χαῖρε
1491 4815 1588 4869 καί
1614 4814 1856 4884 εὐφραί-

282 4920 425 4968 νου,
463 4904 711 4974 θύγατερ
744 4904 912 4960 Σιών
939 4906 1067 4961 ἰδοὺ
1093 4910 1127 4963 ὁ
1152 4908 1449 4972 ,Βασιλεύς
1476 4924 1591 4962 σου
1624 4905 1859 4976 ἔρχεταί

281 5009 389 5047 σοι
402 4994 594 5064 πραῢς
610 4995 709 5049 καὶ
722 4995 1082 5064 ἐπιϐεϐηκὼς
1095 4997 1189 5052 ἐπὶ
1208 4993 1526 5066 ὑποζύγιον
1541 4996 1633 5049 καί
1653 4994 1817 5049 πῶλο
1826 5012 1861 5048 ν

278 5084 448 5141 νέον.
479 5087 589 5141 Kal
614 5087 892 5158 κατάρξει
917 5088 1038 5144 ἀπὸ
1061 5088 1379 5155 θαλάσσης
1392 5088 1503 5153 ἓως
1517 5087 1854 5155 θαλάσσης,

279 5179 383 5233 καί
400 5178 519 5234 ἀπὸ
535 5180 813 5251 ποταμῶν
823 5181 897 5236 δι’
911 5182 1165 5250 ἐκϐολὰς
1180 5180 1306 5251 τῆς.
1336 5178 1476 5234 Ἀνθ⁴
1487 5174 1622 5235 οῦτδ
1643 5180 1735 5233 Ἐϐ
1743 5184 1858 5251 ραῖ-

278 5270 383 5327 κον
417 5272 682 5345 περιέχει,
712 5274 822 5329 Kal
847 5273 966 5328 ἀπὸ
997 5272 1278 5343 ποταμῶν
1299 5273 1412 5339 ἕως
1440 5269 1557 5325 τῶν
1588 5270 1857 5339 περάτων

277 5361 389 5432 τῆς
407 5362 541 5434 τῆς.
560 5365 716 5420 Εἴποι
735 5364 784 5419 δ’
811 5365 878 5422 ἄν
901 5383 985 5429 τις
1012 5366 1448 5437 ἁπορῤητότερον
1464 5364 1558 5419 καὶ
1574 5361 1747 5427 άλλως
1765 5362 1850 5417 διὰ

277 5453 506 5521 τούτων,
536 5457 636 5529 τὴν
674 5458 775 5529 μὲν
802 5456 980 5525 δεξιὰν
1006 5455 1169 5511 αὐτοῦ
1199 5458 1256 5509 ἰν
1284 5458 1547 5525 ποταμοῖς
1576 5452 1846 5521 λέγεσθαι.

276 5545 369 5600 διὰ
386 5545 449 5600 τὸ
479 5547 690 5612 πάντας
711 5548 836 5612 τοὺς
862 5551 927 5603 ὲκ
951 5548 1139 5615 δεξιῶν
1180 5546 1345 5601 αὑτοῦ
1375 5546 1461 5599 διὰ
1490 5543 1714 5616 λουτροῦ
1748 5563 1850 5599 πα-

277 5634 620 5706 λιγγενεσίας
666 5636 1040 5709 καθαίρεσθαι,
1075 5639 1167 5693 καὶ
1206 5637 1305 5707 τῆς
1335 5636 1516 5694 ἐνθέου
1550 5638 1845 5707 ἀναγεννή-

1980 3263 2221 3304 errorem
2269 3264 2396 3304 vere
2452 3264 2518 3304 ac
2566 3248 2811 3305 funditus
2845 3249 3138 3307 destruxit.
3186 3249 3557 3318 Quamobrem

1978 3355 2149 3398 cornu
2173 3348 2229 3397 et
2268 3341 2552 3397 unicornis
2584 3343 2637 3396 in
2687 3343 2863 3398 sacris
2887 3341 3109 3398 Litteris
3156 3342 3350 3397 merito
3386 3357 3550 3398 voca-

1978 3441 2088 3489 tur.
2113 3432 2293 3505 Ipsius
2315 3449 2463 3498 vero,
2487 3443 2541 3488 et
2574 3449 2681 3489 non
2704 3436 2868 3500 alius,
2900 3450 3097 3491 manus
3118 3442 3169 3491 et
3198 3435 3420 3491 dextera
3449 3435 3553 3491 toti

1978 3528 2183 3585 mundo
2219 3529 2497 3585 dominata
2533 3536 2619 3584 est
2644 3530 2698 3583 in
2736 3527 3053 3589 ﬂuminibus
3082 3539 3136 3585 et
3164 3531 3430 3586 maribus.
3463 3529 3547 3584 Si-

1976 3620 2194 3691 quidem
2224 3621 2465 3693 gentium
2508 3621 2716 3678 insulas
2758 3622 2986 3693 replevit
3018 3622 3269 3678 doctrina
3310 3624 3453 3693 ejus,
3493 3631 3548 3678 et

1975 3712 2179 3784 ubique
2207 3720 2478 3768 terrarum
2510 3713 2823 3769 universum
2853 3714 3149 3769 humanum
3170 3729 3342 3785 genus
3363 3713 3547 3769 Domi-

1975 3820 2104 3860 num
2136 3805 2311 3869 illum,
2347 3804 2515 3860 Deum
2544 3813 2601 3859 et
2628 3804 2830 3876 Regem
2870 3806 3130 3876 appellat.
3159 3805 3350 3862 Simile
3379 3821 3545 3877 porro

1971 3904 2058 3952 est
2085 3897 2189 3951 hoc
2219 3897 2449 3960 dictum,
2483 3895 2688 3951 Ponant
2713 3898 2769 3957 in
2812 3899 2951 3952 mari
2979 3913 3193 3951 manum
3228 3896 3365 3967 ejus,
3409 3906 3459 3951 et
3488 3899 3543 3953 in

1974 3985 2284 4056 ﬂuminibus
2318 3986 2590 4041 dexteram
2622 3987 2760 4056 ejus.
2784 3987 2834 4042 ei
2856 3986 3003 4057 quod
3025 3987 3093 4044 de
3122 3986 3314 4044 eodem
3343 3989 3465 4060 ipso
3488 3990 3540 4044 in

1971 4092 2097 4132 Lm
2160 4078 2374 4149 psalmo
2438 4077 2675 4141 dicitur,
2740 4074 2810 4131 Et
2885 4076 3250 4133 dominabitur
3308 4095 3342 4131 a
3405 4081 3548 4133 ntari

1970 4186 2135 4242 usque
2192 4170 2262 4224 ad
2308 4186 2483 4235 mare,
2532 4179 2583 4224 et
2640 4187 2674 4226 a
2715 4170 2933 4239 ﬂumine
2973 4188 3136 4242 usque
3189 4171 3260 4225 ad
3293 4174 3543 4228 terminos

1969 4262 2110 4316 orbis
2170 4270 2451 4317 terrarum.
2503 4261 2639 4315 Cum
2697 4261 2954 4331 coepisset
3008 4263 3154 4317 enim
3198 4261 3455 4317 Servator
3508 4277 3542 4313 a

1969 4352 2295 4424 baptismate
2352 4351 2421 4405 ad
2485 4350 2778 4407 Jordanem
2845 4350 3070 4406 ﬂuvium
3134 4360 3392 4421 suscepto
3449 4366 3538 4406 re-

1967 4458 2133 4513 gnum
2196 4442 2289 4497 Dei
2339 4440 2676 4513 praedicare,
2722 4448 2895 4495 totum
2946 4441 3175 4511 replevit
3216 4440 3428 4496 orbem.
3477 4438 3539 4498 in

1969 4534 2233 4590 Zacharia
2292 4548 2425 4589 vero
2471 4532 2736 4603 propheta
2798 4530 3001 4586 dicitur
3053 4552 3069 4587 ς
3123 4529 3304 4586 Gaude
3336 4539 3401 4606 et
3442 4530 3537 4585 ια-

1968 4636 2104 4693 tare,
2147 4624 2267 4696 filia
2313 4623 2487 4681 Sion:
2510 4640 2626 4679 ecce
2674 4639 2767 4678 res:
2804 4632 2927 4679 tuus
2978 4623 3115 4680 venit
3154 4622 3251 4678 tibi
3284 4638 3532 4679 mansue-

1966 4730 2072 4783 tus,
2103 4728 2155 4773 et
2189 4717 2425 4775 insidens
2471 4717 2761 4789 subjugali,
2806 4727 2856 4773 et
2901 4716 3049 4787 pullo
3088 4716 3291 4786 juveni.
3328 4713 3399 4769 Et
3436 4714 3525 4771 do-

1964 4810 2256 4865 minabitur
2292 4827 2327 4864 a
2370 4810 2509 4864 mari
2550 4825 2709 4880 usque
2744 4809 2817 4865 ad
2852 4825 2998 4864 mare
3020 4848 3035 4871 ,
3068 4818 3119 4865 et
3154 4824 3188 4863 a
3222 4808 3539 4878 ﬂaminiam

1963 4919 2124 4974 usque
2165 4903 2233 4957 ad
2268 4902 2442 4959 exitus
2489 4912 2643 4957 terra:
2674 4902 2739 4957 ”.
2774 4900 2882 4959 Pro
2923 4917 3032 4972 quo
3075 4900 3398 4959 Hebraicum
3433 4901 3535 4960 ha—

1965 4993 2091 5058 bet,
2126 4992 2196 5046 Et
2225 5010 2259 5047 a
2289 4992 2595 5063 ﬂuminibus
2637 5007 2800 5061 usque
2840 4989 2909 5045 ad
2938 4993 3189 5045 terminos
3225 4999 3398 5046 terrae.
3435 4988 3530 5047 Di-

1965 5086 2106 5140 xerit
2135 5100 2300 5157 porro
2330 5083 2601 5155 quispiam
2624 5124 2638 5147 ,
2666 5082 3023 5155 profundiore
3054 5082 3388 5154 intelligendi
3422 5081 3528 5139 ritu

1962 5177 2052 5233 hic
2083 5177 2204 5246 ejus
2230 5177 2509 5233 dexteram
2539 5176 2595 5231 in
2635 5175 2952 5232 ﬂuminibus
2989 5175 3129 5240 dici,
3173 5176 3299 5246 quia
3339 5187 3533 5228 omnes

1961 5268 2055 5340 qui
2081 5283 2112 5322 a
2143 5268 2350 5325 dextris
2379 5266 2500 5338 ejus
2529 5275 2691 5331 sunt,
2730 5282 2824 5340 per
2857 5269 3134 5323 lavacrum
3161 5265 3531 5337 regeneratiu.

1961 5361 2045 5416 nis
2074 5368 2396 5431 purgantur.
2421 5364 2477 5413 et
2499 5357 2682 5413 divina
2712 5359 3120 5429 regeneratione
3143 5373 3240 5431 per
3263 5353 3525 5413 inﬂusnm

1960 5451 2199 5522 Spiritus
2222 5451 2395 5507 sancti
2418 5450 2734 5522 dignantur.
2760 5449 2992 5508 Dextros
3014 5465 3145 5506 sane
3176 5449 3300 5508 illos
3326 5446 3375 5501 ei
3402 5460 3530 5509 esse

1956 5543 2282 5607 didicimus,
2318 5543 2519 5613 quibus
2560 5542 2866 5613 pollicendo
2912 5542 3087 5597 dixit:
3125 5538 3305 5595 Venite
3328 5580 3342 5598 .
3374 5535 3527 5600 bene.

1954 5634 2083 5690 dicti
2138 5634 2316 5692 Patris
2364 5636 2495 5704 mei,
2543 5635 2803 5707 possidete
2836 5649 3047 5711 regnum
3092 5630 3237 5692 vobis
3276 5641 3522 5693 paratum

351 5788 394 5822 "
433 5787 568 5845 an.
594 5804 731 5857 vin,
764 5791 833 5847 67
868 5792 954 5849 79.
1030 5792 1076 5827 ³⁸
1113 5790 1255 5848 Psal.
1292 5806 1489 5855 xsvnt,
1524 5789 1579 5848 ϐ.
1656 5791 1699 5823 ³⁸
1736 5789 1899 5851 Ζιιειι.
1933 5807 2022 5864 ut,
2048 5790 2104 5849 9.
