3988 6204
487 342 630 402 “9'5

1193 343 1459 401 EUSEBII
1502 337 1975 403 CACSARIENSIS
2011 345 2161 403 OPP.
2205 297 2504 402 ΡιιῖξἮι.
2547 378 2599 386 ——
2653 346 3060 404 EXEGETICA.

3590 342 3729 397 Ιίθ-Ιι

485 478 524 519 α
545 454 914 518 constitutione
942 461 1141 516 mundi.
1180 461 1392 516 Esurt‘vi
1415 464 1550 516 enim
1572 505 1586 528 ,
1609 472 1658 517 et
1684 464 1902 519 dedistis
1931 466 2056 519 mihi

2172 482 2295 530 rem;
2345 466 2431 520 διὰ
2477 469 2574 538 τῆς
2600 465 2694 520 τοῦ
2738 465 2892 535 ἁγίου
2921 464 3232 534 Πνεύματος
3259 457 3516 532 ἐπιρροῆς
3555 476 3724 513 κατα-

485 555 808 609 manducare
832 555 900 619 ⁸ο,
923 563 976 608 et
1001 564 1216 610 caetera.
1243 555 1369 610 lllos
1396 555 1542 609 enim
1563 596 1576 620 ,
1610 571 1750 626 quos
1777 571 1906 611 oves
1931 571 2060 613 suas

485 645 720 709 vocavit,
739 659 770 698 a
796 644 1004 699 dextris
1029 660 1090 700 se
1117 645 1542 700 constituturum
1570 647 1814 717 promisit
1835 666 1848 714 ;
1868 663 2062 718 quam-

486 735 676 791 obrem
701 735 1057 806 profundiore
1082 744 1139 792 et
1165 738 1461 793 secretiore
1516 739 1729 794 ratione
1781 739 2058 794 dexteram

487 827 610 895 ejus
652 828 708 882 in
752 827 1068 885 ﬂuminibus
1117 828 1355 884 futuram
1402 843 1525 887 esse
1553 831 1758 886 dictum
1790 841 1894 887 est.
1925 831 2060 887 Flua

487 919 638 974 mina
676 932 844 991 porro
877 919 1027 976 illius
1056 919 1312 977 dicantur
1342 922 1531 993 populi
1565 922 1718 993 ejus,
1750 924 2058 982 secundum

488 1011 623 1067 illud
644 1052 661 1077 ,
685 1011 938 1066 Flumina
963 1013 1218 1083 plaudent
1243 1030 1404 1068 manu
1430 1015 1590 1068 simul
1605 1016 1681 1082 Ι⁵¹;
1708 1031 1771 1070 ac
1802 1032 2015 1072 rursum
2039 1057 2056 1082 ,

492 1101 840 1160 Elevaveruut
881 1106 1142 1174 ﬂumina,
1205 1105 1458 1171 Domine,
1517 1107 1787 1162 elevabant
1838 1109 2061 1178 ﬂumina

489 1207 664 1253 vocem
705 1200 881 1253 suam.
937 1195 1228 1252 Elevabunt
1269 1198 1492 1266 ﬂumina
1530 1197 1725 1268 ﬂuctus
1756 1215 1879 1254 suos
1904 1201 1969 1255 ι’.
2001 1201 2061 1255 1η

493 1289 650 1345 hisce
688 1289 1003 1345 ﬂuminibus
1045 1289 1161 1345 suis
1204 1305 1264 1346 se
1297 1305 1519 1344 manum
1557 1305 1712 1345 suam
1754 1291 2060 1360 positurum

489 1395 612 1436 esse
641 1376 906 1434 declarat.

2168 555 2439 622 ξιοῦσθαι’
2487 557 2695 623 δεξιοὺς
2732 556 2895 610 αὑτοῦ
2925 557 3065 608 νοεῖν
3092 553 3445 624 ἐδιδάχθημεν
3464 551 3728 616 ἐκείνους,

2165 646 2245 714 οἷς
2271 651 2631 723 ἐπηγγείλατο
2662 651 2872 720 φήσας·
2912 647 3105 710 Δεῦτε,
3133 649 3186 698 οἱ
3204 643 3590 713 εὐλογημένοι
3621 642 3732 694 τοῦ

2166 744 2393 810 Πατρός
2427 759 2570 814 μου,
2617 738 3110 830 κληρονομήσατε
3141 738 3254 830 τῂν
3283 733 3732 830 ἡτοιμασμένην

2166 835 2308 905 ὑμῖν
2322 834 2648 899 ,ϐασιλείαν
2661 832 2780 888 ἀπὸ
2795 829 3130 899 καταϐολῆς
3149 827 3397 898 κόσμου.
3415 827 3571 880 Ἐπεί
3573 841 3730 880 rao'a

2163 925 2293 996 γὰρ,
2317 925 2414 979 καὶ
2441 925 2698 979 ἐδώκατέ
2728 941 2830 994 μοι
2865 923 3094 993 φαγεῖν,
3116 921 3210 975 καὶ
3239 921 3309 973 τὰ
3334 919 3478 990 ἑξῆς.
3498 918 3732 981 Τούτους

2165 1017 2294 1089 γὰρ,
2323 1016 2418 1080 οὒς
2445 1017 2692 1089 πρόϐατα
2726 1014 2920 1068 ἐαυτοῦ
2958 1013 3226 1084 ὠνόμασε,
3252 1014 3364 1076 τοῖς
3393 1010 3584 1076 δεξιοῖς
3605 1013 3733 1079 στή-

2167 1125 2280 1162 σειν
2306 1108 2698 1178 ἐπηγγείλατο·
2733 1107 2919 1176 διόπερ
2950 1105 3090 1158 κατά
3131 1103 3421 1174 βαθύτερον
3454 1103 3612 1171 λόγον
3641 1105 3733 1155 καὶ

2167 1201 2627 1272 ἀπορρητότερον,
2655 1201 2688 1270 ἡ
2716 1193 2863 1264 δεξιὰ
2892 1195 3055 1249 αὑτοῦ
3088 1195 3335 1248 λέλεκται
3378 1194 3435 1246 ἐν
3465 1194 3728 1260 ποταμοῖς

2166 1292 2406 1345 ἔσεσθαι.
2431 1291 2674 1362 Ποταμοί
2695 1290 2750 1343 δὲ
2780 1283 2944 1343 αὑτοῦ
2973 1288 3214 1359 εἴρηνταί
3234 1287 3327 1340 καί
3345 1286 3394 1338 οἱ
3421 1285 3539 1338 λαοὶ
3564 1283 3734 1338 αὑτοῦ

2166 1379 2306 1437 κατὰ
2344 1381 2425 1444 τὺ,
2452 1381 2707 1450 Ποτειμοί
2737 1378 3106 1447 κρατήσουσι
3152 1377 3304 1448 χειρὶ
3335 1376 3434 1429 ἐπί
3457 1376 3521 1428 τὸ
3548 1376 3698 1444 adq}
3717 1390 3730 1400 '

491 1477 600 1530 Καὶ
622 1476 782 1531 πάλιν
805 1493 819 1507 °
860 1475 1121 1546 Ἐπῆραν
1146 1478 1201 1530 οί
1237 1475 1506 1545 ποταμοὶ,
1536 1477 1729 1543 Κύριε,
1760 1475 1990 1546 ἐπῆραν
2017 1479 2072 1531 οἰ
2117 1479 2365 1549 ποταμοί
2396 1477 2607 1547 φωνὴν
2643 1473 2841 1530 αὐτῶν
2862 1490 2877 1506 ο
2931 1471 3185 1543 ἀροῦσιν
3235 1474 3290 1525 οι
3326 1467 3574 1540 ποταμοί
3607 1468 3735 1521 ἐπι-

491 1574 721 1640 τρίψεις
763 1570 978 1625 αὐτῶν.
1023 1570 1132 1624 Καὶ
1157 1571 1252 1622 ἐπὶ
1294 1571 1514 1634 τούτους
1554 1570 1662 1642 γὰρ
1701 1572 1827 1636 τοὺς
1867 1570 2063 1625 ἑαυτοῦ
2100 1574 2374 1645 ποταμοὺς
2403 1571 2501 1643 τὴν
2525 1569 2702 1637 δεξιὰν
2730 1565 2894 1622 αὐτοῦ
2922 1567 3108 1639 θήσειν
3145 1562 3557 1633 ἐπαγγέλλεται.

562 1684 746 1738 Altera
774 1698 902 1739 vero
931 1697 1125 1738 manus
1153 1691 1238 1739 est
1258 1722 1273 1744 ,
1303 1698 1466 1754 quam
1495 1698 1620 1740 esse
1648 1685 1926 1742 sinistram
1959 1701 2058 1742 co-

2239 1688 2346 1760 Τὴν
2367 1687 2424 1741 δὲ
2449 1687 2640 1758 ἑτέραν
2668 1683 2836 1738 αὐτοῦ
2880 1685 3058 1754 χεῖρα,
3085 1681 3152 1752 ἣν
3185 1665 3570 1734 καταλέλοιπεν
3605 1677 3737 1745 ἡμῖν

491 1775 772 1846 gitandum
806 1775 962 1830 nobis
992 1774 1242 1844 reliquit,
1275 1789 1548 1845 quamque
1577 1790 1635 1830 se
1661 1776 1716 1830 in
1747 1776 1880 1831 mari
1915 1778 2062 1847 posi-

2172 1783 2304 1835 νοεῖν
2352 1779 2645 1852 ἀριστερὰν
2682 1773 2870 1842 οὖσαν,
2914 1773 3098 1846 θήσειν
3125 1776 3183 1828 ἐν
3223 1772 3464 1844 Θαλάσσῃ
3495 1769 3658 1840 φησιν
3679 1770 3739 1820 ὲν

491 1877 673 1922 turum
697 1880 819 1922 esse
843 1863 1008 1928 dixit,
1033 1866 1086 1920 id
1107 1873 1219 1925 est,
1245 1866 1298 1919 in
1323 1866 1484 1921 salsis
1506 1867 1629 1922 vita;
1649 1866 1906 1922 ﬂuctibus
1926 1907 1941 1933 ,
1970 1868 2060 1924 ubi

493 1967 867 2013 commoratur
895 1959 987 2012 ille
1017 1958 1213 2023 draco,
1246 1957 1545 2012 secundum
1571 1958 1700 2013 illud
1733 1980 1748 2014 :
1777 1957 1892 2014 Hoc
1919 1978 2064 2015 mare

495 2067 742 2121 magnum
785 2060 833 2104 et
860 2051 1151 2119 spatiosum
1177 2066 1195 2103 .'
1226 2050 1338 2103 illic
1362 2051 1571 2118 reptilia
1599 2067 1822 2121 quorum
1852 2069 1957 2106 non
1986 2061 2063 2107 est

495 2160 743 2198 numerus
767 2160 786 2197 :
816 2143 978 2197 draco
1012 2144 1111 2197 iste
1143 2159 1294 2212 quem
1336 2143 1582 2212 formasti
1627 2144 1696 2198 ad
1735 2144 2063 2199 illudendum

494 2236 542 2289 ei
587 2235 652 2287 ⁸³.
708 2233 804 2288 llis
845 2249 974 2287 vero
1014 2233 1379 2298 draconibus,
1425 2243 1480 2289 et
1523 2235 1657 2288 mari
1699 2235 1802 2290 hac
1851 2237 2065 2292 ratione

496 2326 772 2381 intellecto
791 2363 807 2388 ,
835 2338 942 2378 non
969 2323 1190 2380 dextera
1212 2364 1226 2387 ,
1255 2324 1348 2380 sed
1371 2325 1477 2379 alia
1504 2341 1666 2396 quam
1695 2326 1917 2383 dextera
1949 2343 2065 2382 ma-

496 2433 602 2472 nus
633 2417 961 2487 imponetur,
997 2415 1280 2472 vindicans
1310 2425 1364 2471 et
1395 2417 1668 2474 ulciscens
1701 2418 1952 2474 inimicos
1995 2434 2060 2475 ac

495 2507 808 2578 deprimens
835 2523 952 2562 eos.
985 2505 1085 2562 llic
1116 2522 1243 2562 vero
1275 2508 1392 2580 ipse
1418 2508 1532 2578 jam
1565 2520 1899 2566 memoratus
1933 2510 2060 2582 (vi-

495 2597 695 2655 delicet
739 2612 912 2652 cornu
962 2598 1096 2653 illud
1137 2599 1392 2669 Davidis)
1439 2599 1530 2670 qui
1577 2616 1644 2655 ex
1691 2601 1901 2659 semine
1947 2603 2065 2673 ejus

499 2691 811 2748 nasciturus
845 2698 930 2747 est
953 2731 968 2755 ,
1007 2698 1214 2763 patrem
1247 2694 1465 2748 vocabit
1499 2692 1668 2750 Deum
1696 2735 1713 2760 ,
1750 2704 1937 2768 utpote
1971 2699 2065 2768 qui

496 2783 696 2856 dignus
717 2783 937 2838 habitus
959 2784 1030 2838 sit
1051 2784 1106 2838 in
1129 2799 1238 2854 quo
1261 2785 1530 2841 habitaret
1561 2786 1873 2853 unigenitus
1894 2787 2066 2844 Filius

501 2876 632 2943 Dei,
660 2884 715 2932 et
740 2876 832 2947 qui
865 2875 966 2945 ipsi
999 2876 1350 2946 copularetur
1375 2883 1430 2932 et
1448 2877 1786 2948 iungeretur.
1821 2879 2070 2950 Quapro-

499 2977 620 3038 pter
648 2968 766 3037 ipse
799 2965 1211 3037 DeusNerbum
1232 3007 1247 3031 ,
1281 2968 1677 3040 primogenitus
1706 2969 1886 3026 omnis
1915 2985 2068 3026 crea-

499 3069 656 3126 turae,
684 3061 776 3130 qui
801 3067 926 3116 ante
945 3061 1272 3131 promiserat
1299 3070 1353 3117 et
1381 3062 1614 3128 dixerat,
1640 3063 1704 3118 In
1729 3067 1937 3121 nomine
1955 3082 2067 3120 meo

2161 1875 2274 1936 τοῖς
2306 1872 2563 1944 ἁλμυροῖς
2580 1871 2673 1923 τοῦ
2706 1869 2820 1942 βίου
2857 1867 3094 1940 κύμασιν
3114 1883 3128 1897 ο
3167 1865 3295 1919 ἔνθα
3326 1865 3420 1917 καὶ
3451 1865 3480 1915 ὁ
3520 1861 3742 1933 δράκων

2161 1965 2259 2029 τὰς
2281 1963 2482 2018 ’ἑαυτοῦ
2503 1965 2738 2018 ποιεῖται
2759 1960 3058 2032 διατριϐὰς,
3091 1958 3234 2013 κατὰ
3256 1958 3338 2020 τὸ,
3377 1956 3534 2022 Αὕτη
3567 1955 3608 2022 ἠ
3638 1953 3739 2007 θά-

2161 2061 2368 2112 λασσα
2399 2056 2438 2124 ἠ
2464 2053 2696 2125 μεγάλη
2733 2054 2828 2107 καὶ
2867 2052 3230 2121 είιούχωροςο
3260 2047 3390 2102 ἐκεῖ
3410 2046 3626 2114 ἑρπετὰ
3654 2038 3744 2096 ὧν

2162 2148 2274 2202 οὐκ
2320 2147 2491 2201 ἔστιν
2532 2147 2810 2215 ἀριθμός·
2849 2143 3087 2212 δράκων
3137 2137 3317 2206 οὗτος
3349 2139 3422 2192 ὃν
3464 2137 3742 2200 ἔπλασας

2162 2238 2461 2310 ἐμπαίζειν
2481 2237 2660 2303 αὐτῷ.
2707 2236 2828 2290 Ἐπὶ
2859 2233 3063 2288 τούτων
3108 2231 3218 2303 γὰρ
3257 2231 3366 2284 τῶν
3411 2229 3744 2300 δρακόντοιν,

2166 2330 2260 2384 καὶ
2291 2329 2391 2400 τῆς
2421 2328 2564 2382 οὕτω
2596 2326 2882 2399 νοηθείσ-ης
2905 2325 3199 2396 θαλάσσης,
3222 2323 3320 2393 οὐχ
3350 2323 3383 2393 ἡ
3423 2319 3594 2384 δεξιὰ,
3627 2317 3743 2370 ἀλλ’

2164 2424 2197 2492 ἡ
2240 2420 2402 2493 ἑτέρα
2455 2419 2607 2491 παρὰ
2634 2417 2732 2489 τὴν
2763 2416 2942 2485 δεξιὰν
2975 2415 3354 2486 ὲπιτεθήσεται
3391 2413 3530 2485 χεὶρ,
3585 2411 3746 2465 κολά-

2166 2511 2332 2577 ζουσα
2357 2512 2451 2566 καὶ
2486 2509 2803 2581 τιμωροῦσα
2827 2509 2954 2572 τοὺς
2993 2507 3240 2579 ἐχθροὺς,
3288 2506 3382 2559 καὶ
3413 2503 3746 2558 ταπεινοῦσα

2166 2605 2381 2669 αὐτούς.
2435 2602 2608 2667 Αὐτὸς
2638 2601 2694 2656 δὲ
2740 2596 2896 2666 οὗτος
2952 2603 2981 2655 ὁ
3019 2599 3344 2672 δηλούμενος
3379 2597 3559 2668 (δῆλον
3594 2597 3638 2650 δ’
3662 2599 3746 2651 ὅτι

2167 2697 2334 2769 κέρας
2363 2695 2571 2765 Δαυῖδ),
2595 2695 2623 2747 ὁ
2652 2696 2716 2749 ἐκ
2745 2693 3060 2765 σπέρματος
3089 2691 3251 2746 αὑτοῦ
3290 2691 3748 2762 γενηθησὸμενος,

2169 2789 2378 2861 πατέρα
2403 2787 2788 2842 ἐπικαλέσεσθαι
2811 2785 2906 2840 τὸν
2929 2784 3080 2851 Θεὸν,
3109 2783 3203 2838 ἅτε
3219 2781 3626 2853 κατηξιωμένος
3645 2781 3748 2851 τῆς

2168 2883 2226 2934 ἐν
2276 2880 2426 2952 αὐτῷ
2477 2879 2570 2933 τοῦ
2608 2875 2928 2952 μονογενοῦς
2973 2876 3105 2930 Υἰοῦ
3153 2875 3248 2930 τοῦ
3298 2873 3433 2928 Θεοῦ
3483 2875 3747 2942 κατοική-

2171 2991 2327 3042 σεως,
2377 2973 2667 3044 συναφείας
2708 2991 2768 3027 τε
2823 2973 2919 3026 καὶ
2967 2970 3211 3033 ἐνώσεως
3252 2969 3349 3040 τῆς
3384 2967 3520 3039 πρὸς
3561 2969 3746 3022 αὐτόν.

2169 3066 2260 3120 Διὸ
2307 3067 2404 3121 καὶ
2451 3066 2612 3131 αὐτὸς
2653 3067 2683 3119 ὁ
2728 3065 2860 3128 Θεὸς
2888 3065 3078 3133 Λόγος,
3115 3064 3145 3115 ὁ
3186 3061 3538 3133 Πρωτότοκος
3566 3060 3748 3129 πάσης

497 3154 826 3212 exaltabitur
849 3172 1014 3209 cornu
1035 3156 1172 3225 ejus,
1196 3157 1473 3228 proprium
1499 3173 1695 3214 nomen
1718 3167 1771 3214 et
1794 3159 2066 3229 propriam

2172 3157 2418 3223 κτίσεως,
2442 3155 3011 3231 προεπαγγειλάμενος
3041 3155 3134 3208 καί
3167 3151 3356 3217 εἰπὼν,
3390 3152 3489 3204 Ἐν
3516 3149 3597 3216 τῷ
3623 3153 3749 3204 ὀνό-

496 3249 816 3322 dignitatem
845 3247 1066 3305 tradens
1092 3250 1138 3305 ei
1161 3290 1176 3315 ,
1198 3250 1290 3321 qui
1318 3266 1383 3306 ex
1409 3251 1614 3306 semine
1640 3247 1806 3304 David
1823 3249 2069 3305 nascitu»

497 3358 592 3398 rus
613 3352 726 3407 est,
751 3343 1168 3414 primogenitum
1194 3351 1356 3414 ponet
1378 3342 1527 3396 illum
1553 3358 1568 3398 :
1597 3352 1655 3396 ut
1679 3342 1842 3397 etiam
1870 3341 1958 3396 ille
1986 3356 2070 3396 se-

497 3433 735 3488 cundum
767 3448 988 3489 carnem
1021 3449 1086 3489 ex
1120 3433 1326 3490 semine
1363 3431 1530 3487 David
1567 3441 1750 3500 natus,
1781 3431 1951 3488 Filius
1977 3431 2070 3488 Dei

495 3533 739 3588 vocetur,
764 3531 818 3580 et
847 3525 918 3580 ob
947 3540 1101 3580 suam
1127 3540 1250 3580 cum
1281 3523 1572 3595 Unigenito
1601 3521 1694 3578 Dei
1725 3524 2065 3594 conjunctiov

496 3632 619 3673 nem
640 3657 656 3682 ,
678 3615 1077 3688 Primogenitus
1112 3624 1472 3687 nuncupetur.
1506 3615 1627 3671 llaec
1652 3616 1794 3671 enim
1823 3616 1878 3670 in
1907 3630 2072 3671 causa

497 3719 654 3764 erant
676 3710 820 3780 quod
841 3709 1192 3764 exaltaudum
1217 3724 1345 3765 eum
1360 3725 1483 3765 esse
1505 3709 1838 3780 promitteret
1859 3709 2068 3773 dicens,

499 3798 568 3855 In
594 3803 800 3856 nomine
824 3817 936 3856 mea
958 3801 1283 3856 exaltabitur
1303 3819 1466 3857 cornu
1485 3803 1621 3873 ejus.
1643 3801 1848 3858 Nomen
1872 3802 2072 3873 quippe

499 3908 659 3948 suum
706 3892 877 3948 Filius
921 3890 1017 3949 Dei
1060 3895 1375 3965 unigenitus
1423 3895 1531 3949 ﬁlio
1564 3894 1730 3950 David
1762 3895 2066 3950 secundum

501 3999 720 4040 carnem
774 3985 944 4041 dedit.
990 3985 1148 4041 Hunc
1195 3987 1322 4042 item
1374 3987 1650 4042 excelsum
1693 4002 1803 4056 pra!
1850 3987 2070 4059 regibus

499 4083 662 4129 terra:
687 4074 994 4144 positurum
1024 4089 1083 4130 se
1112 4075 1386 4144 pollicitus
1415 4083 1493 4130 est
1524 4095 1536 4130 :
1573 4075 1688 4130 sive
1723 4091 1791 4130 ex
1820 4075 2070 4147 Symma-

499 4165 638 4232 cho,
690 4181 991 4234 supremum
1037 4183 1216 4240 regum
1283 4174 1459 4221 terrm.
1507 4165 1777 4221 Omnibus
1818 4168 1961 4222 enim
2009 4183 2070 4223 se

497 4256 901 4328 impugnaturis
953 4257 1204 4327 superior
1250 4265 1302 4313 et
1348 4257 1544 4311 fortior
1607 4271 1872 4312 evasurus
1916 4266 2066 4324 erat,

498 4347 737 4403 insultes
772 4357 826 4402 et
857 4347 1265 4418 persecutiones
1301 4347 1356 4402 in
1387 4345 1684 4402 Ecclesiam
1733 4361 1887 4402 suam
1930 4362 2068 4402 con-

501 4438 696 4494 citatas
727 4445 970 4494 atterens
995 4455 1008 4497 :
1037 4437 1300 4494 doctrina:
1322 4453 1452 4494 vero
1480 4453 1593 4494 sua:
1623 4455 1927 4494 sermonem
1952 4441 2070 4512 glo-

500 4531 584 4584 ria
618 4537 673 4586 et
701 4533 750 4586 vi
781 4531 1056 4586 muniens.
1099 4529 1229 4586 item
1266 4532 1342 4586 ait
1378 4547 1436 4587 se
1471 4531 1526 4586 in
1559 4541 1820 4612 mter-num
1857 4533 2074 4589 miseri-

503 4623 745 4678 cordiam
794 4640 946 4679 suam
1003 4623 1106 4694 ipsi
1155 4631 1536 4688 servaturum,
1588 4630 1642 4678 et
1688 4631 2072 4680 testamentum

503 4730 662 4768 suum
695 4716 848 4771 lldele
870 4724 924 4771 et
949 4715 1162 4769 ﬁrmum
1193 4715 1510 4771 effecturum
1541 4730 1666 4771 esse
1693 4733 1708 4782 ;
1743 4715 1886 4770 haud
1913 4716 2076 4772 dubie

501 4804 709 4860 Novum
733 4806 1139 4863 Testamentum
1161 4847 1176 4871 ,
1200 4806 1344 4877 quod
1365 4806 1618 4864 omnibus
1641 4823 1736 4878 per
1760 4809 2072 4863 universum

502 4895 690 4950 orbem
713 4897 963 4966 gentibus
993 4897 1336 4967 praedicavit,
1366 4896 1588 4952 Mosaici
1616 4899 1925 4952 testamenti
1953 4898 2075 4952 loco

501 4985 854 5058 Evangelium
889 4990 1106 5044 tradens
1129 5029 1145 5055 ,
1180 4989 1327 5060 quod
1362 5005 1421 5044 se
1463 4989 1620 5045 ﬁdele
1651 4987 1973 5045 effecturum
2017 4997 2074 5044 et

503 5079 841 5134 ﬁrmaturum
871 5081 1144 5159 pollicitus
1178 5090 1281 5136 est.

2166 3251 2310 3320 ματί
2331 3268 2450 3320 μου
2478 3248 2857 3319 ὑψωθήσεται
2881 3250 2946 3302 τὸ
2964 3247 3142 3316 κέρας
3169 3243 3378 3308 αὐτοῦ,
3411 3245 3510 3314 τῆς
3539 3244 3748 3307 οἰκείας

2169 3340 2465 3410 ὀνομασίας
2489 3339 2581 3393 καὶ
2607 3338 2701 3392 τοῦ
2733 3338 2932 3393 οἰκείου
2961 3337 3272 3409 ἀξιώματος
3300 3333 3561 3406 μεταδοὺς
3576 3335 3652 3406 τῷ
3679 3337 3746 3389 ἐκ

2173 3431 2484 3502 σπέρματος
2515 3429 2676 3486 Δαυτδ
2705 3431 3165 3503 προελευσομένῳ,
3201 3426 3546 3501 πρωτότοκον
3582 3428 3750 3481 αὑτὸν

2171 3522 2412 3594 θήσεται,
2440 3524 2588 3585 ὅπως
2618 3524 2711 3578 καὶ
2740 3523 2902 3587 αὐτὸς
2921 3526 2948 3577 ὁ
2978 3522 3119 3576 κατὰ
3147 3522 3323 3593 σάρκα
3345 3525 3412 3577 ὲκ
3432 3523 3748 3592 σπέρματος

2173 3613 2333 3668 Δαυῒδ
2354 3615 2599 3686 γενηθείς
2629 3615 2948 3687 χρηματίσει
2962 3612 3087 3677 Υἱὸς
3111 3613 3269 3680 Θεοῦ,
3298 3617 3392 3668 καὶ
3418 3609 3750 3683 ὀνομασθείη

2172 3707 2518 3778 Πρωτότοκος
2542 3706 2628 3760 διὰ
2646 3707 2744 3777 τὴν
2761 3706 3054 3776 συνάφειαν
3075 3705 3172 3776 τὴν
3201 3705 3339 3777 πρὸς
3358 3705 3446 3758 τὸν
3463 3700 3748 3771 Μονογενῆ

2169 3799 2264 3852 τοῦ
2298 3799 2452 3854 Θεοῦ.
2481 3797 2665 3853 Ταῦτα
2696 3798 2805 3869 γὰρ
2835 3793 2922 3869 ἦν,
2961 3798 3026 3852 δι’
3053 3791 3126 3852 ὧν
3155 3795 3526 3868 ὑψωθήσεσθαι
3576 3792 3754 3846 αὑτὸν

2170 3891 2550 3962 ἐπηγγείλατο,
2586 3891 2782 3944 εἰπών·
2827 3891 2922 3942 Ἑν
2958 3888 3038 3954 τῷ
3074 3889 3320 3959 ὀνόματί
3355 3905 3475 3958 μου
3504 3885 3754 3955 thin-101$-

2170 3999 2338 4036 σεται
2381 3982 2448 4036 τὸ
2496 3981 2673 4050 κέρας
2728 3980 2936 4035 αὐτοῦ.
2978 3981 3053 4035 Τὸ
3081 3980 3190 4052 γὰρ
3233 3979 3362 4034 ἴδιον
3387 3981 3558 4050 ὄνομα
3583 3979 3618 4030 δ
3651 3978 3752 4029 τοῦ

2169 4074 2304 4128 Θεοῦ
2341 4076 2632 4148 μονογενὴς
2654 4076 2781 4140 Υἱὸς
2809 4073 2888 4146 τῷ
2929 4077 3069 4129 κατὰ
3102 4075 3280 4147 σάρκα
3312 4074 3416 4146 υἱῷ
3435 4073 3600 4126 Δαυῖδ
3629 4075 3753 4126 ἐπι-

2170 4169 2398 4236 τέθεικε,
2433 4171 2778 4242 Πρωτότοκον
2795 4170 2886 4225 καὶ
2921 4169 3056 4222 Θεοῦ
3085 4169 3211 4222 Υίδν
3231 4169 3324 4222 καί
3357 4169 3521 4221 αὑτὸν
3554 4169 3756 4235 ἀναγο-

2175 4263 2389 4334 ρεύσας.
2455 4262 2654 4317 Τοῦτον
2703 4261 2759 4315 δέ
2791 4262 2885 4315 καὶ
2918 4260 3119 4332 ὑψηλὸν
3143 4261 3291 4332 παρὰ
3321 4261 3434 4322 τοῖς
3471 4257 3756 4329 βασιλεῦσι

2171 4357 2269 4425 τῆς
2293 4354 2396 4425 γῆς
2428 4353 2682 4426 θήσεσθαι
2725 4353 3086 4426 ἐπηγγείλατο
3105 4369 3118 4382 ·
3158 4351 3192 4423 ἢ
3232 4351 3372 4405 κατὰ
3398 4349 3491 4403 τὸν
3516 4348 3752 4420 Σύμμα-

2175 4461 2287 4514 χον,
2333 4442 2652 4498 Ὰνὼτατον
2687 4443 2806 4496 τῶν
2845 4441 3157 4507 βασιλέων
3204 4439 3311 4508 τῆς
3343 4439 3477 4508 γῆς.
3519 4438 3756 4490 Πάντων

2175 4534 2285 4607 γὰρ
2307 4535 2413 4589 τῶν
2435 4534 2734 4606 μελλόντων
2761 4534 2922 4588 αὐτὸν
2950 4532 3343 4602 καταπολεμεῖν
3365 4529 3640 4600 ἀνιίηερος
3655 4529 3755 4581 καὶ

2177 4628 2440 4698 κρείττων
2477 4627 2764 4699 γεγένηται
2789 4643 2802 4657 ο
2837 4626 3048 4698 θραύων
3081 4625 3178 4696 μὲν
3205 4624 3304 4685 τὰς
3319 4621 3458 4675 κατὰ
3487 4621 3590 4692 τῆς
3634 4621 3755 4673 Ἐκ-

2177 4719 2404 4790 κλησίας
2431 4720 2594 4774 αὑτοῦ
2635 4720 3028 4781 ἐπαναστάσεις
3058 4717 3297 4779 καὶτοὺς
3330 4714 3628 4784 διωγμοὺς,
3659 4713 3753 4764 δοι-

2178 4811 2350 4876 ξάζων
2376 4813 2432 4864 δὲ
2462 4814 2554 4865 καὶ
2583 4811 2938 4884 ἰσχυροποιὸη
2971 4810 3060 4863 τὸν
3081 4809 3180 4878 τῆς
3214 4805 3558 4866 διδασκαλίας
3583 4801 3753 4856 αὐτοῦ

2175 4903 2350 4970 λόγον.
2391 4902 2547 4956 Ἀλλὰ
2575 4906 2668 4958 καὶ
2695 4906 2774 4966 εἰς
2803 4903 2892 4956 τὸν
2930 4901 3099 4955 αἰῶνα
3145 4898 3395 4968 φυλάξειν
3433 4896 3586 4966 αὐτῷ
3617 4910 3756 4964 φησι

2177 4991 2237 5043 τὸ
2256 4991 2400 5056 ἕλεος
2422 4993 2607 5056 αὑτοῦ,
2635 4994 2729 5046 καὶ
2745 4993 2842 5064 τὴν
2861 4992 3136 5063 Διαθήκην
3153 4988 3318 5042 αὑτοῦ
3339 4987 3754 5055 πιστοποιήσειν

2180 5086 2360 5155 αὐτῷ·
2399 5085 2614 5150 πάντως
2671 5102 2771 5138 που
2792 5076 2898 5156 ¹’τὴν
2922 5083 3128 5154 Καινὴν
3161 5081 3452 5151 Διαθήκην,
3501 5079 3571 5148 ἢν
3617 5078 3755 5129 πᾶσι

502 5177 613 5236 τοῖς
636 5173 757 5227 καθ’
779 5173 906 5245 ὅλης
927 5175 1026 5246 τῆς
1049 5175 1370 5246 οἰκουμένης
1402 5175 1607 5230 ἔθνεσιν
1639 5173 1924 5247 ἐκήρυξεν,
1954 5175 2076 5228 ἀντὶ
2113 5176 2214 5247 τῆς
2248 5195 2398 5250 παρα
2429 5183 2617 5234 Μωσεῖ
2660 5179 2922 5250 διαθήκης
2948 5175 3009 5230 τὺ
3057 5174 3385 5244 Εὑαγγέλιον
3422 5168 3754 5243 παρασχὼν,

504 5269 639 5322 ὅπερ
665 5268 1028 5323 πιστώσεσθαι
1053 5269 1147 5324 καί
1173 5267 1488 5338 βεϐαιώσειν
1521 5268 1900 5339 ἐπηγγείλατο.

575 5348 742 5419 Vens.
781 5362 972 5418 30-55.
1005 5361 1074 5416 Et
1103 5379 1297 5432 ponam
1327 5365 1381 5416 in
1411 5364 1664 5418 sacculum
1689 5357 1871 5418 δαῖσαίὶ
1897 5381 2070 5419 semen

506 5453 618 5524 ejus
640 5494 655 5519 ,
695 5463 743 5508 et
786 5454 1027 5509 thronum
1063 5454 1176 5523 ejus
1209 5455 1342 5508 sicut
1377 5454 1489 5509 dies
1516 5455 1654 5511 cali.
1690 5455 1752 5512 Si
1783 5456 2074 5525 derelique-

509 5548 612 5600 rint
659 5547 763 5616 [itii
802 5548 916 5618 ejus
949 5546 1110 5618 legem
1144 5563 1344 5611 meam,
1377 5557 1425 5602 et
1458 5548 1511 5600 in
1549 5547 1772 5618 judiciis
1797 5549 1926 5602 meis
1970 5563 2072 5601 nou

507 5637 933 5704 atttbttlaveriut;
979 5641 1024 5694 si
1059 5639 1302 5710 justitias
1357 5656 1498 5694 meas
1546 5640 1979 5708 profanaverint,
2025 5647 2073 5692 et

581 5797 625 5827 *°
666 5795 849 5851 Matth.
883 5798 982 5864 25!,
1012 5798 1080 5852 54
1110 5814 1223 5868 seq.

2248 5361 2356 5417 Kal
2377 5361 2632 5431 θήσομαι
2660 5363 2747 5428 εἰς
2767 5357 2873 5414 τὸν
2894 5359 3079 5414 αἰῶνα
3102 5357 3208 5413 τοῦ
3234 5355 3450 5422 αἰῶνος
3476 5353 3541 5409 τὸ
3566 5353 3763 5422 σπέρ-

2171 5470 2256 5525 μα
2281 5453 2488 5516 αὐτοῦ,
2541 5452 2639 5507 καὶ
2687 5452 2793 5505 τὸν
2816 5452 3031 5519 θρόνον
3057 5448 3244 5504 αὐτοῦ
3271 5448 3352 5514 ὡς
3381 5445 3490 5511 τὰς
3525 5442 3767 5513 ἡμέρας

2179 5547 2285 5601 τοῦ
2315 5545 2594 5614 οὐρανοῦ.
2640 5546 2774 5598 Ἐὰν
2825 5535 3308 5612 ἐγκαταλίπωσιν
3334 5543 3391 5593 οι
3416 5539 3533 5593 vici
3557 5535 3766 5591 αὑτοῦ

2179 5637 2287 5690 τὸν
2309 5637 2498 5706 νόμον
2542 5653 2681 5706 μου,
2715 5635 2810 5688 καί
2856 5633 2979 5701 τοῖς
3009 5629 3255 5703 κρίμασι
3273 5647 3392 5701 μου
3424 5629 3512 5699 μή
3534 5643 3734 5696 πορευ
3797 5696 3809 5721 ι

1302 5797 1345 5829 ⁸¹
1387 5796 1528 5852 Psal.
1569 5809 1734 5862 scut,
1767 5794 1819 5849 8.
1895 5795 1940 5828 "
1980 5791 2274 5858 Psal.xcu,
2309 5792 2360 5846 3.
2437 5790 2482 5824 “
2522 5790 2666 5847 Psal.
2695 5805 2834 5856 cm,
2869 5788 2960 5844 ‘25.
