3988 6204
301 322 441 378 “09

1342 305 1845 365 COMMENTARIA
1879 303 1944 358 IN
1974 300 2309 360 ΡεΑωιοε.

3392 294 3530 355 1110

294 442 431 506 χὴν·
462 431 603 488 ἀλλά
648 432 744 486 καὶ
790 428 884 483 τοῦ
899 426 1081 496 ’Δγίου
1111 425 1204 479 τοῦ
1235 424 1371 479 Θεοῦ
1415 423 1510 479 τοῦ
1544 419 1855 495 μονογενοῦς

1967 419 2201 482 bilitum,
2231 417 2526 485 orbemque
2556 423 2724 469 totum
2749 413 3058 483 implentem
3088 410 3350 468 ridemus.
3378 408 3536 479 Quod

295 525 458 579 αὐτοῦ
479 524 651 591 Λόγου
679 520 740 575 τδ
766 517 1100 587 καταϐληθὲν
1127 517 1220 570 ἐπὶ
1242 515 1343 586 γῆς
1364 513 1612 586 οὐράνιον
1645 513 1865 583 σπέρμα

293 614 392 684 τῆς
418 610 778 680 εὐαγγελικῆς
789 605 1134 669 διδασκαλίας
1152 602 1478 668 διαιωνίζον·
1514 603 1572 656 οῦ
1601 603 1706 674 μὴν
1730 600 1864 654 ἀλλὰ

294 703 392 763 καὶ
445 701 566 756 καθ’
610 700 737 771 ὅλης
761 698 861 769 τῆς
898 696 1197 769 ἀνθρώπων
1233 694 1578 766 οἰκουμένης,
1609 695 1667 747 ὲν
1699 694 1865 746 πᾶσιν

298 794 495 857 ἔθνεσι,
532 791 714 846 πόλεσι
736 808 797 844 τε
824 790 917 844 καὶ
954 788 1168 860 κώμαις
1190 788 1285 841 καὶ
1307 785 1510 859 χώραις
1539 785 1754 859 ὁρῶμεν
1774 785 1865 839 τὸν

294 886 357 939 ὲν
383 887 450 955 τῇ
509 882 804 953 Ἐκκλησία
831 879 995 935 αὐτοῦ
1023 876 1304 950 ἱδρυμένον
1335 876 1524 949 θρόνον
1558 875 1864 947 πληροῦνται

295 976 390 1029 τὸν
417 974 704 1045 σύμπαντα
733 972 953 1042 κόσμον.
982 971 1045 1025 El
1069 968 1126 1023 δέ
1147 986 1231 1030 τις
1261 967 1336 1039 μὴ
1366 966 1557 1031 οὕτως,
1579 965 1713 1021 ἀλλὰ
1738 966 1865 1018 Ἰου-

295 1064 498 1129 δαϊκῶς
527 1062 743 1117 ὲκλάϐοι
780 1062 867 1115 τὸν
890 1059 1099 1131 θρόνον,
1130 1058 1229 1132 τὴν
1257 1056 1570 1128 σωματικὴν
1592 1053 1865 1126 βασιλείαν

297 1154 389 1221 τοῦ
422 1153 584 1208 Δαυῒδ
610 1151 865 1222 λέγεσθαι
916 1147 1172 1221 νομίζων,
1200 1146 1411 1218 ψευδεῖς
1450 1144 1864 1217 ἐλεγχθήσονται

297 1246 353 1298 αἱ
384 1246 728 1316 προφητεῖαι.
764 1240 920 1297 Μετὰ
948 1240 1058 1311 γάρ
1104 1239 1203 1310 τὴν
1236 1239 1316 1301 εἰς
1342 1236 1631 1290 Βαϐυλῶνα
1663 1237 1865 1306 αίχμα-

295 1335 492 1388 λωσίαν
541 1332 635 1388 τοῦ
669 1332 936 1387 Ἰουδαίων
982 1330 1185 1393 ἔθνους,
1222 1328 1393 1392 οὐδεὶς
1427 1329 1507 1392 εἰς
1544 1327 1638 1380 τδν
1679 1326 1866 1398 θρόνον

291 1425 562 1497 ἐκαθέσθη
614 1423 778 1477 Δαυῖδ
798 1440 812 1453 ·
848 1421 909 1492 ὲξ
950 1421 1156 1476 ἐκείνου
1180 1418 1237 1472 δὲ
1270 1419 1363 1472 καὶ
1391 1419 1470 1482 είς
1493 1417 1670 1490 δεῦρο,
1702 1416 1867 1486 ὲγγῦς

293 1535 394 1572 που
424 1517 519 1587 ἔτη
545 1516 800 1586 τυγχάνει
830 1514 1000 1586 χίλια,
1018 1512 1078 1576 ἐξ
1097 1506 1179 1571 οὗ,
1204 1508 1624 1581 καθαιρεθείσης
1645 1509 1743 1580 τῆς
1774 1509 1867 1580 βα-

293 1608 498 1672 σιλείας
537 1606 725 1670 αὑτοῦ,
764 1606 861 1660 καὶ
882 1606 981 1676 τῆς
1007 1603 1252 1673 διαδοχῆς
1284 1600 1449 1655 αὑτοῦ
1487 1599 1865 1670 παυσαμένης,

290 1698 480 1752 λέλυτο
504 1697 599 1751 τοῦ
627 1692 791 1749 Λαυῖδ
821 1696 850 1748 ό
885 1694 1089 1769 θρόνος.
1121 1692 1211 1746 Διὸ
1240 1692 1304 1763 δὴ
1353 1690 1420 1745 τὰ
1442 1690 1570 1761 ἑξῆς
1608 1688 1701 1743 τοῦ
1733 1688 1867 1758 ψαλ-

1962 511 2011 566 si
2043 511 2167 582 quis
2216 524 2325 564 non
2376 507 2479 564 hac
2529 506 2759 566 ratione.
2789 505 2885 561 sed
2937 503 3164 559 Jndaico
3208 519 3355 559 more
3383 503 3536 557 thro-

1964 617 2093 656 num
2126 600 2381 671 accipiat,
2415 606 2567 654 ratus
2600 611 2923 667 corporeum
2955 594 3175 650 Davidis
3204 588 3429 665 regnum
3461 594 3535 647 ita

1962 691 2171 757 vocari,
2197 692 2346 747 falsa:
2379 688 2855 760 dcprehendentur
2894 685 3210 757 prophetiae.
3243 683 3377 740 Nam
3412 693 3537 757 post

1961 783 2200 840 Iudaica:
2232 784 2414 853 gentis
2453 783 2506 836 in
2546 780 2819 852 Babylone
2860 779 3254 848 captivitatem,
3282 792 3443 832 nemo
3482 777 3537 830 in

1965 876 2162 929 throno
2203 872 2423 928 Davidis
2475 870 2612 927 sedit
2662 889 2675 925 :
2716 869 2810 925 scd
2861 886 2924 925 ex
2975 869 3067 923 illo
3104 868 3173 922 ad
3210 868 3315 923 hoc
3362 883 3539 938 usque

1964 974 2180 1036 tempus
2225 964 2352 1019 anui
2412 972 2541 1020 sunt
2600 962 2821 1018 circiter
2876 961 3041 1025 mille,
3075 975 3106 1014 a
3134 975 3244 1031 quo
3273 968 3534 1031 tempore,

1963 1060 2083 1129 ejus
2098 1058 2381 1113 destructo
2403 1072 2590 1130 regno,
2609 1072 2672 1112 ac
2695 1058 2868 1127 ipsius
2891 1055 3243 1111 successione
3264 1061 3535 1113 cessante.

1965 1149 2187 1206 Davidis
2239 1150 2472 1205 thronus
2535 1150 2747 1205 solutus
2803 1156 2906 1205 est.
2939 1147 3304 1215 Quamobrem
3358 1155 3540 1218 postc-

1966 1240 2113 1295 riora
2160 1240 2356 1309 psalmi
2403 1239 2550 1295 dicta
2587 1240 2701 1295 haec
2741 1240 2860 1311 ipsa
2906 1239 3214 1310 deplorant,
3247 1247 3539 1309 aperteque

1964 1332 2210 1402 corporei
2242 1339 2298 1389 et
2322 1332 2620 1388 materialis
2653 1332 2836 1387 throni
2868 1332 3081 1386 ruinam
3116 1331 3441 1403 signiﬁcant,
3475 1346 3540 1385 ac

1964 1421 2245 1476 declarant
2275 1423 2562 1495 promissis
2586 1423 2859 1479 contraria
2879 1423 3167 1485 accidisse,
3191 1429 3452 1493 quantum
3471 1422 3539 1476 ad

1966 1514 2279 1568 sensibilem
2328 1514 2585 1569 thronum
2637 1522 2691 1569 et
2744 1529 3062 1585 corpoream
3117 1514 3269 1584 regni
3318 1511 3539 1568 Davidis

1966 1603 2371 1659 successionem
2398 1604 2648 1674 pertinet.
2689 1603 2820 1670 Quae
2845 1617 2976 1660 sane
3004 1619 3110 1658 non
3138 1603 3355 1658 silentio
3375 1602 3536 1665 mitti,

1966 1693 2062 1750 sed
2113 1694 2169 1749 in
2216 1694 2500 1765 prophetia
2557 1694 2624 1750 de
2662 1694 2878 1750 Christo
2927 1696 3217 1749 memorari
3263 1694 3536 1766 oportuit;

294 1789 398 1861 μοῦ
445 1789 582 1844 αὐτὰ
628 1788 801 1843 ταῦτα
827 1784 1176 1857 ἀποδύρεται,
1225 1783 1409 1853 σαφῶς
1433 1782 1528 1836 τοῦ
1556 1780 1855 1853 σωματικοῦ

1967 1794 2028 1839 ut
2055 1783 2385 1847 ediscamus,
2419 1784 2656 1840 instante
2689 1800 2867 1839 rerum
2902 1785 2954 1839 in
2983 1785 3242 1841 vaticinia
3269 1800 3541 1841 memora-

287 1881 481 1954 θρόνου
525 1880 623 1952 τὴν
665 1878 1045 1950 καταστροφὴν
1091 1877 1437 1949 σημαίνοντα,
1468 1876 1563 1930 καὶ
1600 1874 1855 1930 τάναντία

1962 1882 2139 1930 tarum
2184 1884 2447 1946 tempore,
2480 1875 2820 1932 sensibilium
2856 1875 3096 1937 illorum,
3125 1875 3193 1930 de
3220 1874 3419 1946 quibus
3451 1874 3537 1945 agi

289 1973 639 2045 mptaté‘mu
679 1970 1082 2042 συμϐεϐηκέναι
1131 1971 1248 2032 ταῖς
1297 1967 1649 2038 ἐπαγγελίαις
1673 2008 1688 2032 ,
1735 1967 1855 2020 ὅσον

1963 1973 2153 2035 putant
2190 1964 2393 2027 Judtei,
2425 1966 2752 2021 solutionem
2797 1964 3034 2020 futuram
3064 1982 3215 2031 esse;
3250 1965 3354 2020 alia
3386 1981 3535 2024 vero.

284 2065 382 2118 ἐπὶ
402 2063 480 2135 τῷ
503 2061 745 2133 αἰσθητῷ
773 2060 947 2133 θρόνῳ
974 2062 1068 2114 καὶ
1106 2062 1172 2130 τῇ
1204 2061 1485 2130 σωματικῇ
1519 2057 1733 2128 διαδοχῇ
1758 2058 1855 2127 τῆς

1960 2073 2085 2128 qua:
2128 2057 2313 2112 divino
2355 2073 2506 2113 more
2562 2056 2963 2129 intelliguntur,
3008 2056 3099 2112 Dei
3156 2058 3538 2132 promissionis
3611 2052 3621 2067 ’

284 2153 378 2207 τοῦ
394 2152 555 2207 Δαυῖδ
584 2151 878 2223 βασιλείαςθ
912 2148 948 2204 ἃ
976 2149 1041 2221 δὴ
1067 2151 1160 2204 καὶ
1173 2148 1311 2204 αὐτὰ
1327 2149 1493 2221 ἐχρῆν
1513 2148 1587 2219 μὴ
1618 2149 1855 2223 ἀποσιω-

1960 2148 2352 2218 complementa
2384 2146 2438 2203 et
2461 2149 2993 2204 consummationem
3027 2147 3160 2204 fore.

284 2246 543 2317 πηθῆναι,
582 2222 891 2316 άναγκαίως
914 2244 970 2299 δὲ
998 2245 1056 2299 ἐν
1090 2245 1157 2314 τῇ
1184 2243 1311 2315 περὶ
1341 2242 1436 2296 τοῦ
1467 2222 1701 2312 Χριστοῦ
1730 2239 2030 2311 προφητείᾳ
2059 2240 2520 2315 παραληφθῆναι·
2556 2239 2632 2304 ώς
2682 2240 2749 2295 ἂν
2799 2239 3084 2313 μάθοιμεν,
3128 2240 3230 2304 ὅτι,
3272 2238 3365 2293 τοῦ
3420 2256 3540 2292 και-

288 2336 383 2408 995
410 2336 519 2390 τῶν
573 2336 1065 2409 προφητευομένων
1115 2334 1452 2398 ἐπιστάντος,
1496 2332 1604 2387 τῶν
1650 2334 1749 2404 μὲν
1790 2332 2062 2404 αἰσθητῶν
2104 2332 2258 2404 παρά
2316 2333 2585 2387 Ἰουδαίων
2637 2334 3006 2405 νομιζομένων
3063 2331 3337 2396 παντελῶς
3386 2332 3538 2393 ἔσται

276 2429 454 2494 λύσις,
489 2428 689 2499 ἑτέρων
709 2428 777 2497 δὲ⁵
799 2424 1118 2499 θεοπρεπῶς
1153 2424 1458 2496 νοουμένων
1485 2421 1941 2494 ἀποτελεσμάτων
1960 2422 2061 2492 τῆς
2100 2421 2195 2475 τοῦ
2230 2420 2364 2474 Θεοῦ
2391 2421 2723 2490 ἐπαγγελίας
2748 2421 3165 2493 συμπλήρωσις.

354 2541 439 2596 Σὺ
489 2541 559 2595 δὲ
620 2541 840 2597 ἀπώσω
894 2541 991 2595 καί
1044 2538 1485 2605 ἐξουδένωσας,
1558 2537 1856 2595 ἀνεϐάλου

284 2635 391 2687 τὸν
442 2634 702 2701 Χριστόν
750 2648 887 2685 σου.
948 2630 1370 2699 Κατέστρεψας
1418 2629 1533 2699 τὴν
1563 2629 1858 2700 διαθήκην

283 2722 389 2777 τοῦ
428 2722 652 2778 δούλου
709 2739 849 2787 σου,
904 2719 1284 2789 ἐϐεϐήλωσας
1332 2724 1421 2789 είς
1463 2720 1581 2791 thr
1624 2720 1741 2792 γῆν
1786 2724 1855 2778 τὸ

276 2817 546 2886 ἁγιασμα
606 2814 821 2870 αὐτοῦ·
892 2814 1165 2880 καθεῖλες
1232 2813 1462 2881 πάντας
1515 2814 1657 2882 τοὺς
1703 2833 1853 2885 sapa-

282 2907 471 2977 γμοὺς
520 2906 707 2961 αὐτοῦ
730 2948 746 2972 ,
797 2906 938 2963 ἔθου
996 2906 1067 2960 τὰ
1114 2905 1465 2975 ὀχυρώματα
1506 2907 1691 2961 αὐτοῦ
1731 2906 1851 2961 δει-

278 2999 442 3054 λίαν.
506 2997 834 3067 Διήρπαζον
904 2998 1092 3053 αὑτὸν
1159 2996 1384 3064 πάντες
1451 3000 1507 3052 οι
1581 3012 1852 3066 παραπο-

274 3087 587 3155 ρευόμενοι
632 3085 808 3140 ὀδόνο
851 3086 1103 3157 ἐγενήθη
1156 3085 1385 3153 ὄνειδος
1421 3087 1544 3153 τοῖς
1590 3089 1855 3158 γείτοσιν

277 3174 492 3238 αὐτοῦ.
547 3177 826 3244 Ὕψωσας
874 3175 989 3245 τὴν
1024 3174 1231 3241 δεξιὰν
1256 3174 1376 3229 τῶν
1401 3176 1723 3229 θλιϐόντων
1751 3178 1855 3230 αὺ-

282 3266 410 3331 τὸν,
436 3267 738 3337 εὔφρανας
766 3266 997 3334 πάντας
1016 3267 1156 3336 τοὺς
1191 3267 1443 3337 ἐχθροὺς
1477 3268 1682 3321 αὑτοῦ.
1728 3268 1856 3321 Ἀπ-

272 3359 581 3430 έστρεέσας
628 3360 744 3429 thr
786 3359 1077 3428 ,βοήθειαν
1135 3358 1245 3427 τῆς
1290 3360 1591 3429 ῥομφαίας
1631 3358 1851 3425 αὐτοῦ,

279 3452 381 3509 καί
410 3455 522 3508 οὐκ
582 3451 913 3508 ἀντελἁόου
963 3452 1151 3509 αὐτοῦ
1182 3452 1251 3506 ἐν
1294 3450 1373 3518 τῷ
1415 3451 1674 3521 πολέμῳ.
1708 3455 1856 3506 Κατ-

277 3545 506 3612 ἐλυσας
576 3546 694 3601 ἀπὸ
749 3543 1114 3615 καθαρισμοῦ
1180 3543 1393 3609 αὐτὸν,
1458 3542 1565 3597 τόν
1640 3543 1855 3611 θρόνον

279 3636 465 3693 αὑτοῦ
495 3639 582 3704 είς
608 3636 681 3708 γῆ
690 3653 725 3689 ν
746 3633 1141 3705 κατέρῤαξαςθ
1177 3634 1545 3704 ἐσμίκρυνας
1572 3632 1679 3701 τὰς
1716 3633 1856 3704 ἠμέ-

274 3748 391 3800 ρας
418 3730 524 3788 τοῦ
548 3732 769 3801 χρόνου
793 3728 999 3794 αὑτοῦ,
1031 3726 1314 3809 κατέχεας
1340 3726 1501 3793 αὐτῷ
1528 3727 1849 3799 αίσχύνην·

284 3822 616 3892 Arsidaeum.
706 3821 1097 3876 Ἀποδέδεικται
1121 3818 1291 3873 ταῦτα
1323 3822 1388 3891 τῇ
1431 3817 1855 3890 σωματικωτέρᾳ

282 3915 377 3968 τοῦ
411 3914 574 3967 Δαυῒδ
602 3915 817 3987 διαδοχῇ
848 3913 942 3968 καί
972 3915 1036 3984 τῇ
1067 3913 1349 3983 σωματικῇ
1381 3909 1542 3964 αὐτοῦ
1583 3907 1850 3980 βασιλείᾳ,

283 4004 405 4074 ἥτις
440 4002 713 4075 καθῃρέθη
755 4001 894 4056 κατὰ
939 4002 1061 4064 τοὺς
1091 4001 1313 4072 χρόνους
1335 4000 1433 4072 τῆς
1454 4000 1533 4063 εἰς
1564 3997 1854 4052 Βαϐυλῶνα

283 4093 655 4165 αἰχμαλωσίας
682 4092 776 4147 τοῦ
807 4092 1071 4146 Ἰουδαίων
1095 4091 1244 4146 λαοῦ.
1291 4090 1379 4157 Ἐξ
1405 4090 1610 4145 ἐκείνου
1632 4089 1739 4161 γὰρ
1762 4090 1853 4143 καὶ

281 4186 311 4236 ό
346 4180 594 4253 Χριστὸς,
626 4181 896 4234 τουτέστιν
927 4182 955 4233 ὁ
984 4181 1239 4255 αἰσθητὸς
1272 4181 1540 4253 βασιλεὺς,
1567 4182 1595 4234 ὀ
1628 4181 1735 4235 ἀπὸ
1762 4180 1855 4251 γέ-

278 4289 408 4336 -νους
433 4271 594 4326 Δαυῖδ
618 4270 937 4337 διαλέλοιπε,
971 4276 1066 4329 καὶ
1086 4279 1113 4329 ό
1138 4274 1323 4347 θρόνος
1342 4273 1440 4344 τῆς
1462 4272 1734 4343 βασιλείας
1758 4274 1854 4327 αῦ-

2037 2537 2199 2592 Vess.
2226 2537 2415 2593 59-46.
2446 2536 2521 2591 Tu
2555 2553 2672 2594 vero
2701 2514 2944 2607 repuliin
2982 2545 3032 2593 et
3060 2536 3365 2606 despexisti,
3393 2538 3537 2608 abje-

1961 2630 2082 2685 ciin
2110 2628 2381 2686 Christum
2409 2638 2576 2687 tuum.
2599 2628 2853 2686 Evertisti
2885 2639 3254 2686 testamentum
3277 2633 3411 2686 servi
3436 2635 3535 2700 tui,

1956 2721 2258 2792 profanasti
2281 2722 2336 2775 in
2366 2731 2507 2781 terra
2536 2722 2900 2776 sanctuarium
2916 2722 3031 2791 ejus
3054 2736 3071 2775 :
3091 2720 3403 2776 destruxisti
3424 2740 3537 2781 ont-

1958 2830 2047 2868 nes
2081 2830 2224 2883 sepes
2247 2808 2636 2884 ejus,'posuisti
2672 2814 2999 2875 munimenta
3033 2812 3147 2883 ejus
3173 2812 3530 2881 formidinem.

1959 2903 2303 2975 Diripuerunt
2341 2923 2460 2960 eum
2489 2923 2666 2967 omnes
2695 2915 3025 2961 transeuntes
3053 2907 3190 2963 viam
3216 2923 3233 2960 :
3250 2906 3429 2983 [actus
3454 2915 3535 2963 est
3600 2968 3603 2971 _

1959 2996 2290 3064 opprobrium
2337 2998 2523 3051 vicinis
2570 2996 3000 3065 suis.E.tnltasti
3037 2996 3308 3052 dexteram
3368 2997 3536 3051 tribu-

1957 3087 2182 3141 lantium
2201 3104 2339 3147 eum.
2365 3089 2650 3159 litati/icain
2667 3105 2842 3143 omnes
2867 3090 3107 3144 inimicos
3134 3090 3267 3161 ejus.
3285 3089 3535 3146 Avertiin

1941 3179 2280 3248 .adjutorium
2307 3180 2477 3251 gladii
2493 3182 2629 3252 ejus.
2650 3190 2699 3235 et
2720 3199 2822 3236 non
2838 3199 2892 3237 es
2915 3183 3210 3237 auxiliatus
3233 3183 3279 3237 ei
3297 3184 3350 3237 in
3376 3182 3529 3238 bello.

1956 3271 2175 3326 Solvisti
2200 3289 2315 3325 eum
2348 3274 2411 3326 ab
2447 3273 2818 3329 emundatione
2846 3314 2861 3338 ,
2900 3273 3143 3329 thronum
3170 3276 3284 3344 ejus
3326 3275 3382 3329 in
3426 3285 3533 3330 ter-

1955 3378 2073 3415 ram
2124 3363 2457 3435 confregisti.
2498 3364 2780 3420 Minorasli
2808 3366 2919 3421 dies
2965 3368 3213 3436 temporis
3243 3366 3380 3439 ejus,
3410 3385 3532 3440 per-

1955 3452 2145 3523 fudisti
2166 3471 2281 3509 eam
2305 3456 2631 3525 confusione.
2659 3456 2990 3526 Diapsalma.
3018 3457 3143 3514 Haec
3172 3458 3239 3515 de
3264 3473 3530 3531 corporea

1957 3544 2178 3602 Davidis
2213 3548 2602 3611 successione,
2649 3556 2704 3603 et
2754 3548 2822 3603 de
2867 3564 3034 3618 regno
3080 3549 3202 3617 ejus
3257 3549 3528 3613 sensibili,

1953 3636 2098 3710 quod
2146 3645 2389 3709 tempore
2433 3638 2682 3693 abducta!
2726 3638 3036 3695 Iudaeorum
3099 3642 3151 3695 in
3196 3638 3527 3713 Babylonem

1954 3728 2288 3799 captivitatis
2326 3728 2664 3784 destructum
2709 3731 2808 3783 fuit
2834 3770 2849 3795 ,
2907 3730 3130 3801 intelligi
3160 3730 3530 3800 comproban—

1954 3827 2063 3875 tur.
2105 3817 2180 3873 Ex
2213 3820 2306 3875 illo
2328 3835 2564 3892 namque
2592 3830 2833 3892 tempore
2866 3820 3157 3884 Christus,
3192 3823 3243 3877 id
3283 3831 3397 3884 est.
3433 3839 3532 3891 re;

1956 3912 2232 3967 sensibilis
2266 3927 2296 3968 e
2344 3929 2541 3984 genere
2581 3913 2799 3969 Davidis
2832 3914 3052 3979 defecit,
3081 3916 3315 3972 thronus
3374 3917 3528 3989 regni

1954 4002 2075 4071 ejus
2105 4003 2421 4058 confractus
2448 4012 2553 4065 est,
2582 4014 2636 4059 et
2670 4005 2878 4074 reliqua
2905 4006 3089 4060 omnia
3111 4023 3234 4077 qua:
3256 4008 3310 4061 in
3337 4008 3529 4063 vatici—

1957 4093 2047 4149 nio
2096 4092 2346 4148 feruntur
2387 4094 2603 4164 impleta
2655 4103 2801 4153 sunt.
2852 4095 3062 4162 Quibus
3116 4098 3183 4153 de
3223 4100 3408 4154 causis
3460 4115 3527 4154 ex

1956 4202 2187 4258 persona
2214 4184 2521 4242 Juilteorum
2554 4188 2643 4244 hic
2684 4204 2866 4244 sermo
2898 4189 3136 4246 lamenta
3186 4192 3332 4257 edit;
3365 4191 3525 4262 quasi

1956 4277 2165 4332 scilicet
2192 4278 2294 4333 alia
2320 4276 2463 4333 Deus
2496 4280 2856 4351 promiserit,
2901 4281 3007 4336 alia
3044 4283 3349 4339 evenerint.
3416 4281 3525 4338 Nos

283 4362 377 4419 τοῦ
408 4364 743 4436 κατερράγη,
771 4366 863 4418 καὶ
893 4365 962 4420 τά
989 4367 1151 4423 λοιπὰ
1179 4367 1358 4421 πάντα
1383 4367 1453 4420 τὰ
1475 4383 1851 4439 προπεφητευ-

1957 4382 2086 4422 vero
2120 4368 2553 4424 animadvertere
2586 4370 2863 4435 convenit,
2888 4385 3015 4425 cum
3062 4370 3205 4427 Deus
3256 4371 3527 4431 mendacii

285 4457 421 4526 μένα
445 4455 831 4527 πεπλήρωται·
861 4458 941 4527 ἐφ’
962 4452 1041 4523 οἷς
1067 4460 1130 4513 ἐκ
1152 4458 1441 4531 προσώπου
1457 4458 1551 4512 τοῦ
1583 4458 1851 4513 Ἰουδαίων

280 4541 465 4607 ἔθνους
481 4541 877 4614 ἅπολοφύρεται
964 4544 1119 4614 λόγος
1136 4584 1151 4610 ,
1182 4546 1257 4609 ὡς
1285 4547 1445 4619 ἕτερα
1479 4548 1576 4619 μὲν
1593 4547 1686 4601 τοῦ
1715 4547 1850 4601 Θεοῦ

281 4606 779 4701 ἐπαγγειλαμένου,
804 4606 1005 4704 ἑτέρων
1035 4606 1461 4689 δὲτάποϐἀντῶν.
1479 4606 1763 4708 ’Προσήκει
1793 4635 1849 4690 δὲ

281 4722 427 4791 ἡμᾶς
450 4722 740 4793 ἐπιστῆσαι
764 4723 855 4777 τὸν
883 4724 1006 4780 νοῦν
1024 4766 1039 4787 ,
1070 4725 1165 4790 ὡς,
1195 4726 1289 4779 τοῦ
1314 4727 1448 4781 Θεοῦ
1472 4727 1734 4798 ἀψευδοῦς
1764 4729 1851 4781 ὸν-

282 4827 392 4874 τος,
417 4810 625 4884 ἀνάγκη
649 4813 796 4865 πᾶσα
815 4813 1273 4886 ὲπαληθεύσεσθαι
1299 4818 1422 4880 τοὺς
1440 4817 1601 4871 αὐτοῦ
1622 4818 1811 4888 λόγους
1830 4832 1845 4848 ·

280 4903 329 4955 εί
353 4902 409 4956 δὲ
439 4902 512 4976 μὴ
540 4904 882 4976 άληθεῦοιντο
914 4907 1005 4961 ἐπὶ
1034 4907 1133 4978 τῆς
1160 4906 1421 4979 αἰσθητῆς
1444 4908 1536 4962 τοῦ
1564 4908 1723 4964 Δαυῒδ
1748 4909 1846 4981 βα-

282 4992 516 5058 σιλείας,
548 4994 666 5068 ῶρα
702 4996 887 5068 ἕτερον
915 4998 1114 5069 τρόπον
1146 5001 1286 5053 νοεῖν
1328 4999 1397 5053 τὰ
1438 5001 1841 5073 ἐπηγγελμένα.

279 5087 375 5151 Τίς
410 5082 501 5141 οῦν
532 5088 561 5140 ό
589 5088 820 5159 τρόπος,
854 5091 986 5144 αὐτὸ
1011 5091 1072 5144 τὸ
1103 5091 1243 5145 θεῖον
1274 5092 1476 5157 ἐδίδαξε
1506 5094 1729 5166 Πνεῦμα
1756 5095 1845 5149 διὰ

276 5175 384 5230 τῶν
411 5176 735 5248 ἔμπροσθεν.
764 5179 822 5233 ὲν
849 5175 929 5244 οἷς
962 5182 1173 5254 εἴρητο·
1235 5185 1337 5238 Ἐν
1358 5184 1588 5252 οὐρανῷ
1614 5188 1841 5257 ἑτοιμα-

275 5268 567 5338 σθήσεται
604 5273 641 5341 ἡ
675 5270 925 5338 ἀλήθειά
944 5291 1060 5329 σου
1079 5291 1093 5306 ⁸
1118 5276 1212 5329 καὶ
1241 5276 1402 5331 πάλιν
1420 5293 1432 5305 ·
1465 5276 1852 5350 Ἐξομολογή-

275 5374 487 5412 σονται
513 5362 565 5414 οἱ
588 5362 831 5429 οἰφανοὶ
862 5362 934 5417 τὰ
967 5365 1269 5435 θαυμάσιά
1303 5381 1419 5422 σου
1445 5406 1459 5431 ,
1507 5370 1711 5436 Κύριε,
1752 5370 1852 5425 καί

276 5451 384 5521 γὰρ
416 5450 513 5505 καὶ
552 5451 667 5520 thr
702 5454 991 5521 ἀλήθειάν
1044 5470 1162 5510 σου
1217 5458 1287 5511 ἐν
1310 5459 1605 5529 ἐκκλησίᾳ
1633 5462 1847 5533 ἁγίων·

276 5542 367 5595 καὶ
390 5542 549 5597 πάλιν
569 5561 581 5574 ·
611 5546 872 5612 Δυνατὸς
899 5543 956 5600 εἷ
972 5588 986 5611 ,
1018 5549 1193 5617 Κύριε
1212 5590 1226 5614 ,
1262 5551 1358 5603 καὶ
1393 5551 1430 5617 ἡ
1460 5552 1707 5621 ἀλήθειά
1734 5572 1849 5609 σου

277 5634 480 5699 κύκλῳ
508 5650 625 5690 σου
649 5653 663 5667 ο
708 5638 799 5690 καὶ
823 5634 979 5704 αὖθις
996 5657 1008 5669 ·
1058 5641 1272 5707 Ἔλεος
1304 5643 1399 5696 καὶ
1430 5643 1679 5711 ἀλήθεια
1704 5660 1842 5715 προ-

276 5728 670 5796 πορεύσονται
699 5731 809 5800 πρὸ
844 5732 1166 5800 ,προσώπου
1199 5749 1333 5789 σου.
1377 5734 1555 5792 Ταῦτα
1584 5736 1692 5810 γὰρ
1719 5738 1843 5795 πάν-

1953 4474 2149 4529 expers
2178 4460 2268 4526 sit,
2301 4459 2613 4514 necessario
2659 4477 2818 4518 veros
2856 4476 2978 4517 esse
3019 4475 3301 4517 sermones
3352 4462 3474 4532 ejus
3505 4482 3521 4517 :

1953 4550 2001 4604 si
2035 4557 2213 4603 autem
2245 4565 2370 4620 erga
2424 4552 2682 4607 sensibile
2714 4551 2934 4607 Davidis
2974 4567 3199 4623 regnum
3247 4553 3361 4609 veri
3413 4539 3533 4619 non

1951 4640 2315 4710 reperiantur,
2349 4648 2518 4696 restat
2563 4649 2621 4696 ut
2654 4643 2762 4698 alio
2798 4640 2959 4697 modo
3006 4643 3279 4713 promissa
3323 4644 3527 4707 intellig-

1949 4750 2164 4805 gamus.
2193 4732 2328 4801 Quis
2366 4734 2456 4790 ille
2492 4735 2688 4799 modus
2717 4737 2807 4798 sit.
2833 4735 2990 4792 docet
3020 4737 3273 4806 superius
3302 4735 3524 4794 divinus

1955 4826 2211 4898 Spiritus,
2242 4842 2365 4882 cum
2395 4826 2598 4888 dicitur
2629 4847 2641 4881 :
2678 4827 2743 4893 In
2768 4828 2895 4884 coelo
2913 4829 3302 4900 prwparabitnr
3331 4833 3527 4899 raritas

1952 4926 2083 4981 tua;
2118 4932 2182 4973 ac
2209 4931 2426 4972 rursum
2456 4936 2467 4970 :
2495 4915 2899 4988 Conﬁtebuntur
2942 4920 3058 4974 ια’ίί
3083 4919 3355 4975 mirabilia
3389 4932 3479 4976 tua
3503 4963 3520 4985 ,

1955 5006 2193 5070 Domine,
2221 5008 2412 5061 etenim
2466 5008 2735 5062 veritatem
2768 5019 2913 5063 tuam
2965 5010 3020 5065 in
3060 5010 3281 5065 ecclesia
3309 5022 3522 5074 sancto-

1951 5115 2100 5164 rum;
2129 5100 2435 5171 iterumque
2468 5119 2482 5155 :
2512 5100 2706 5157 Potens
2726 5118 2804 5163 es,
2839 5101 3077 5168 Domine,
3110 5112 3160 5163 et
3203 5105 3395 5159 veritas
3429 5115 3523 5158 tua

1949 5190 2007 5244 in
2037 5191 2263 5255 circuitu
2299 5199 2424 5256 tuo;
2454 5198 2507 5247 et
2546 5207 2764 5247 rursum
2787 5233 2801 5257 ,
2841 5192 3216 5255 Misericordia
3244 5203 3295 5250 et
3322 5194 3519 5251 veritas

1946 5282 2235 5352 praecedent
2263 5283 2452 5352 faciem
2484 5294 2653 5341 tuam.
2698 5282 2822 5341 Haec
2876 5288 3076 5358 qu'ppe
3112 5287 3294 5343 omnia
3334 5283 3521 5339 decla-

1948 5382 2091 5438 rant,
2117 5373 2207 5428 Dei
2238 5374 2506 5451 promissa
2552 5392 2828 5455 nunquam
2862 5378 3017 5434 irrita
3045 5394 3168 5435 esse
3192 5418 3208 5442 ,
3260 5379 3356 5432 sed
3408 5393 3517 5449 qua

1946 5468 2062 5538 ipse
2090 5466 2239 5528 novit
2266 5467 2474 5525 ratione
2519 5467 2753 5541 impleri.
2785 5467 2943 5536 Nam,
2981 5471 3047 5525 In
3077 5469 3204 5523 caelo
3229 5509 3245 5536 ,
3298 5471 3477 5542 inquit
3500 5510 3516 5535 ,

1945 5558 2335 5641 pra'parabitnr
2381 5562 2569 5617 veritas
2633 5572 2766 5616 tua:
2796 5570 2979 5633 aperte
3034 5559 3346 5631 signiﬁcans
3406 5577 3520 5617 cte-

1949 5649 2121 5705 lestes
2152 5663 2215 5705 ac
2247 5651 2459 5707 divinas
2503 5667 2626 5709 esse
2669 5652 2760 5707 Dei
2803 5651 3212 5723 promissiones.
3258 5651 3336 5707 Ac
3397 5668 3518 5707 verb

1949 5741 2139 5797 borum
2175 5743 2567 5819 complementa
2587 5744 2881 5804 declaravit
2913 5757 3006 5811 per
3038 5742 3377 5800 Salvatorem
3409 5759 3515 5801 no-
