3990 6202
284 267 441 325 11³3

1406 271 1913 335 ΟΟἊᾺΙΕΝΤΑΒΙΔ
1952 280 2017 336 IN
2054 280 2393 343 PSALlIOS.

3391 293 3528 351 HM

283 386 469 451 πάθος
489 403 503 418 ο
534 368 756 452 εἰκότως
784 389 1072 446 καὶταῦτα
1097 392 1238 446 αὐτὰ
1266 394 1328 447 τὸ
1358 394 1503 449 θεῖον
1531 396 1627 450 καὶ
1655 413 1843 470 προφηι

1965 415 2068 456 nos
2091 402 2371 471 excitans;
2426 418 2596 474 quare
2642 404 2758 460 ait:
2796 404 2955 461 Nune
2980 416 3157 463 autem
3186 409 3430 481 γεραιὴιὶ
3478 422 3528 466 et

279 479 445 533 τικὺν
473 479 697 551 Πνεῦμα
726 482 963 555 παρίστη
983 525 998 548 ,
1027 485 1288 557 διεγεῖρον
1329 489 1477 558 ἡμᾶς
1505 488 1599 543 ἐπὶ
1638 488 1843 562 ζήτησιι

1961 494 2263 563 despexisti,
2297 495 2516 551 Domine
2541 536 2557 561 ,
2588 497 2828 567 abjecr'sti
2871 497 3139 554 Christum
3176 479 3321 554 tuum
3344 517 3363 555 :
3390 518 3531 556 ever-

279 570 403 626 τῶν
432 570 883 643 ἀποτελεσμάτων
907 575 1017 629 τῶν
1046 575 1142 629 τοῦ
1175 575 1309 631 Θεοῦ
1340 577 1535 648 λογίων
1554 596 1568 611 ο
1589 580 1669 635 διό
1694 598 1857 652 φησιο

1962 584 2073 638 tisti
2095 593 2460 639 testamentum
2491 587 2626 640 servi
2651 586 2762 651 tui,
2807 594 2863 641 et
2901 596 3099 652 αιτιοι-ιι
3133 589 3334 659 :queis
3381 590 3525 645 clare

279 661 444 716 Νυνὶ
479 660 550 715 δὲ
576 661 794 717 ἀπώσω
818 665 916 718 καί
937 666 1367 735 ἐξουδένωσης,
1396 671 1605 739 Κύριε,
1641 671 1843 726 ἀπεϐά-

1957 671 2237 729 Ghristum
2267 689 2598 738 memorans,
2642 675 2864 738 indicat,
2898 675 3032 730 nihil
3065 691 3253 731 eorum
3285 691 3405 747 qua:
3454 676 3522 730 ad

277 756 408 807 ,ιου
428 752 536 807 τὸν
554 756 811 823 Χριστόν
828 771 948 810 σου
964 773 982 789 ·
1011 757 1417 830 κατέστρεψας
1438 760 1552 831 τὴν
1566 762 1843 833 διαθήκη)

1954 764 2359 820 successionem
2389 763 2630 830 Davidis,
2661 774 2716 821 et
2743 781 3065 837 corporeum
3102 767 3223 836 ejus
3270 783 3519 837 regnum,

279 838 399 900 τοῦ
427 844 650 900 δούλου
677 861 825 912 σου,
851 849 945 902 καὶ
972 848 1041 903 τά
1059 849 1267 915 τούτοις
1290 851 1415 924 ἑξῆς
1432 869 1447 884 °
1476 852 1544 907 δι’
1566 849 1641 909 ὧν
1671 855 1843 925 σαφῶς

1956 866 2166 907 necnon
2194 868 2383 909 eorum
2411 869 2532 923 quae
2581 854 2636 909 in
2686 858 2940 926 passione
2983 856 3204 911 Christo
3232 854 3326 912 Dei
3376 858 3522 913 acci-

271 931 549 1003 ὀνομαστὶ
582 935 958 1005 μνημονεύσας
979 937 1071 992 τὸν
1103 940 1336 1012 Χριστὸν
1357 943 1387 994 6
1413 941 1587 1011 λόγος,
1617 945 1855 1016 παρίστη

271 1023 370 1076 ὅτι
403 1024 570 1095 μηδὲν
593 1026 753 1080 αὐτὸν
774 1027 928 1081 ἔλαθε
962 1028 1074 1083 τῶν
1100 1033 1196 1085 καὶ
1222 1033 1350 1104 περὶ
1367 1034 1466 1106 τήν
1492 1034 1740 1107 διαδοχὴν
1763 1036 1856 1090 τοῦ

274 1115 482 1182 Δαυῒδ,
538 1118 630 1171 καὶ
658 1119 757 1191 τήν
786 1122 1098 1195 σωματικὴν
1127 1123 1293 1178 αὐτοῦ
1336 1125 1632 1196 βασιλείαν,
1662 1129 1771 1182 τῶν
1796 1146 1855 1184 τε

278 1207 416 1280 περὶ
448 1208 509 1263 τὺ
553 1208 723 1274 πάθος
757 1212 835 1280 τῷ
864 1213 1081 1285 Χριστῷ
1119 1212 1211 1267 τοῦ
1245 1215 1378 1269 Θεοῦ
1413 1218 1851 1290 συμϐεόηκότων.

271 1297 473 1353 Ταῦτα
498 1299 630 1368 γοῦν
651 1300 893 1356 ἐδίδασκε
921 1304 1222 1378 προσδοκᾷν
1249 1305 1465 1362 ἔσεσθαι
1492 1309 1585 1362 καλ¹
1608 1311 1734 1382 περὶ
1757 1309 1855 1381 τὴν

268 1390 531 1462 διαδοχὴν
560 1390 742 1459 αὑτοῦ,
768 1394 864 1448 καὶ⁸
884 1396 1013 1466 περὶ
1049 1397 1149 1469 τὴν
1175 1396 1449 1469 βασιλείαν
1469 1437 1485 1463 ,
1511 1400 1637 1472 περί
1671 1417 1732 1454 τε
1763 1401 1855 1455 τὸν

268 1485 345 1537 ἐκ
375 1483 688 1556 σπέρματος
712 1485 804 1539 τοῦ
834 1486 997 1541 Δαυῒδ
1023 1489 1502 1562 προελευσόμενον.
1532 1492 1598 1545 Εἰ
1623 1491 1731 1564 γὰρ
1758 1495 1854 1548 καὶ

272 1578 348 1631 τὰ
395 1577 630 1648 μάλιστα
682 1579 907 1635 πλεῖστα
951 1581 1053 1637 ὅσα
1092 1582 1181 1636 διὰ
1222 1583 1332 1638 τῶν
1373 1584 1625 1657 ἀνωτέρω
1668 1583 1853 1650 ἐνδοξα

271 1669 410 1741 περὶ
448 1669 609 1723 αὐτοῦ
637 1670 886 1736 λέλεκτο,
936 1675 1016 1728 ὅτι
1042 1691 1101 1728 τε
1129 1674 1473 1746 ὑψωθήσεται
1495 1714 1512 1740 ,
1544 1676 1636 1730 καὶ
1661 1677 1719 1730 ἑν
1751 1675 1850 1729 θα-

1956 943 2174 1009 derunt,
2200 945 2367 1002 latere
2382 946 2511 1001 sibi.
2543 945 2669 1003 Haec
2689 946 2856 1018 igitur
2877 949 3063 1002 docuit
3084 948 3151 1004 de
3170 950 3519 1007 successione

1952 1034 2075 1105 ejus
2104 1044 2158 1090 et
2178 1051 2364 1107 regno,
2392 1051 2459 1090 ac
2480 1036 2548 1091 de
2572 1052 2640 1092 eo
2666 1038 2758 1107 qui
2786 1053 2852 1092 ex
2878 1039 3087 1093 semine
3130 1038 3296 1093 David
3340 1039 3520 1108 prodi-

1953 1134 2110 1183 turus
2136 1136 2257 1183 erat
2285 1128 2650 1199 exspectanda
2699 1145 2841 1186 esse.
2892 1129 3042 1185 Licet
3071 1130 3214 1185 enim
3263 1130 3516 1202 superius

1954 1219 2350 1289 quamplurima
2405 1219 2474 1275 de
2510 1219 2604 1275 illo
2643 1220 2885 1292 gloriosa
2937 1221 3082 1277 dicta
3115 1221 3338 1287 fuerint,
3368 1221 3511 1293 quod

1952 1311 2163 1366 scilicet
2179 1310 2499 1367 exaltandus
2515 1312 2608 1376 sit,
2623 1311 2768 1382 quod
2782 1312 2837 1366 in
2853 1327 3000 1367 mare
3014 1319 3068 1367 et
3085 1313 3140 1367 in
3154 1312 3375 1366 ﬂumina
3399 1327 3516 1366 ma~

1953 1419 2080 1457 num
2107 1411 2433 1461 extensurus
2482 1404 2585 1469 sit,
2640 1404 2784 1475 quod
2834 1402 3002 1461 Deum
3055 1404 3409 1459 invocaturus
3444 1406 3514 1459 sit

1958 1492 2192 1557 Patrem,
2222 1501 2277 1548 et
2308 1494 2377 1549 ab
2399 1495 2493 1550 illo
2526 1510 2747 1551 rursum
2794 1494 3192 1566 Primogenitus
3222 1494 3510 1551 declaran-

1952 1584 2056 1641 dus
2086 1586 2179 1648 sit,
2208 1587 2553 1655 praestantior
2603 1585 2821 1642 futurus
2854 1587 2927 1644 sit
2964 1587 3219 1643 omnibus
3249 1586 3468 1657 regibus
3490 1625 3507 1651 ,

1949 1684 2332 1733 testamentum
2362 1676 2517 1733 ﬁdele
2546 1677 2835 1735 habiturus
2861 1679 2965 1743 sit,
3010 1686 3067 1735 et
3098 1695 3280 1734 semen
3321 1679 3374 1734 in
3408 1693 3509 1734 saa-

269 1760 455 1835 λάσσῃ
501 1763 596 1816 καὶ⁵
644 1764 703 1817 ὲν
750 1768 1008 1836 ποταμοῖς
1052 1766 1152 1838 τὴν
1204 1768 1361 1838 χεῖρα
1410 1767 1573 1821 αὐτοῦ
1616 1768 1843 1829 ἑκτινεῖ,

1946 1769 2130 1824 culum
2150 1770 2335 1825 saeculi
2364 1784 2712 1840 permanens,
2745 1772 3002 1827 thronum
3048 1771 3177 1829 item
3220 1771 3507 1827 durantem

266 1851 659 1907 ἐπικαλέσεταί
690 1870 750 1907 τε
778 1854 871 1908 τὸν
900 1855 1032 1909 Θεὸν
1080 1857 1328 1929 Πατέρα,
1378 1858 1473 1911 καὶ
1518 1858 1654 1929 πρὸς
1681 1858 1846 1912 αὑτοῦ

270 1943 438 1998 πάλιν
475 1946 822 2016 Πρωτότοκος
863 1948 1354 2021 ἀναγορευθήσεται
1378 1989 1393 2014 ,
1429 1949 1582 2005 ἔσται
1621 1967 1680 2004 τε
1709 1950 1848 2006 ἀνώ-

264 2053 437 2100 τατος
484 2037 591 2091 τῶν
650 2037 943 2108 βασιλέων,
997 2041 1092 2094 καὶ
1142 2041 1408 2113 διαθήκην
1446 2041 1557 2106 tisi
1609 2044 1842 2115 πιστὴν

267 2128 370 2181 καὶ
399 2129 617 2201 σπέρμα
646 2127 896 2202 διαμένον
929 2132 1007 2194 εἰς
1032 2131 1123 2186 τὸν
1156 2133 1325 2187 αἰῶνα
1352 2133 1448 2187 τοῦ
1478 2133 1705 2204 αἰῶνος,
1749 2132 1845 2188 καὶ

262 2219 465 2293 θρόνον
506 2220 825 2294 διαρκοῦντα
875 2221 1015 2276 κατὰ
1052 2222 1152 2288 τάς
1194 2225 1407 2296 ἡμέρας
1450 2224 1547 2279 τοῦ
1591 2224 1840 2296 ούρανοῦ,

265 2314 370 2367 καὶ
419 2313 556 2367 κατά
602 2313 692 2366 τὸν
739 2312 890 2385 ἥλιον
934 2313 1029 2369 καὶ
1068 2314 1167 2386 τὴν
1210 2314 1436 2385 σελήνην
1463 2331 1479 2347 ⁶
1528 2314 1646 2369 ἀλλ’
1698 2315 1843 2386 ὅμως

264 2405 369 2457 καὶ
392 2404 517 2458 τάδε
540 2403 612 2458 τὰ
644 2404 941 2477 σκυθρωπά
970 2408 1097 2480 περὶ
1119 2407 1280 2460 αὐτὸν
1304 2407 1678 2480 συμϐήσεσθαι
1702 2424 1840 2479 προ-

263 2496 458 2565 λέγει,
513 2496 843 2569 προφητεύει
891 2517 949 2553 τε
994 2500 1089 2555 καὶ
1133 2498 1305 2554 ταῦτα
1353 2501 1447 2554 καὶ
1495 2499 1841 2571 προδιδάσκει

264 2588 586 2657 ἀναγκαίως
629 2590 689 2642 τὸ
727 2589 869 2645 θεῖον
898 2590 1118 2662 Πνεῦμα
1137 2631 1153 2657 ,
1181 2592 1248 2644 ἶν’
1271 2589 1328 2644 εἴ
1358 2608 1488 2646 ποτε
1524 2594 1636 2655 τοῖς
1663 2590 1842 2661 λόγοις

262 2680 536 2736 ἀκόλουθα
574 2683 903 2756 ἀπαντήσειε
936 2684 1005 2738 τά
1050 2685 1186 2756 ἔργα
1219 2686 1345 2757 περί
1386 2703 1446 2740 τε
1487 2686 1579 2739 τὸν
1608 2686 1841 2757 Χριστὸν

262 2773 364 2826 τοῦ
383 2774 538 2838 Θεοῦ,
566 2776 659 2829 καὶ
682 2776 807 2847 περὶ
828 2776 926 2847 τὴν
950 2776 1042 2831 τοῦ
1067 2776 1227 2831 Δαυῖδ
1249 2777 1517 2849 διαδοχὴν,
1545 2778 1619 2849 μὴ
1647 2777 1841 2848 ταράτ-

260 2884 443 2921 τοιντο
463 2870 513 2921 οἱ
547 2868 712 2923 πάλαι
744 2868 915 2924 ταῦτα
945 2870 1038 2925 καὶ
1071 2873 1136 2924 ὲκ
1167 2870 1443 2943 προγόνων
1478 2869 1690 2941 μέλλειν
1718 2869 1838 2923 ἐσε-

263 2961 394 3016 σθαι
431 2963 856 3035 παρειληφότεςσ
888 2958 948 3019 εὖ
979 2965 1180 3029 εἰδότες
1207 2966 1287 3020 ὅτι
1318 2965 1489 3019 ταῦτα
1512 2964 1837 3038 γενήσεσθαι

258 3051 397 3123 περὶ
436 3054 594 3108 αὐτὸν
646 3055 1120 3126 προεφητεύσατο,
1167 3056 1238 3111 τά
1283 3072 1345 3109 τε
1390 3051 1691 3127 σκυθρωπά
1743 3054 1837 3107 καὶ

1945 1860 2089 1915 sicut
2127 1860 2247 1917 dies
2272 1862 2397 1919 coeli
2426 1870 2479 1918 et
2521 1863 2667 1918 sicut
2716 1864 2901 1919 lunam
2932 1879 2997 1919 ac
3037 1864 3242 1932 solem;
3268 1872 3508 1918 attamen

1946 1949 2062 2005 haec
2083 1951 2258 2006 tristia
2282 1951 2385 2022 ipsi
2408 1961 2670 2007 eventura
2717 1967 2842 2010 esse
2873 1953 3199 2023 praenuntiat
3230 1971 3247 2009 :
3286 1952 3509 2023 haecque

1945 2043 2258 2099 necessario
2296 2043 2561 2113 praedicit,
2594 2057 2657 2097 ac
2682 2042 2877 2100 docere
2934 2044 3221 2099 antevertit
3266 2028 3509 2114 Spiritus

1943 2134 2196 2199 divinus;
2246 2142 2308 2190 ut
2336 2135 2387 2191 si
2420 2136 2640 2205 quando
2690 2134 2989 2191 secundum
3042 2151 3349 2191 sermonem
3385 2134 3508 2206 ejus

1944 2227 2060 2284 haec
2092 2228 2313 2284 Christo
2346 2237 2400 2283 et
2428 2228 2649 2285 Davidis
2680 2229 3017 2285 successioni
3051 2228 3384 2293 acciderint,
3436 2244 3508 2285 ne

1942 2320 2231 2374 turbentur
2261 2320 2322 2383 ii,
2348 2320 2443 2389 qui
2466 2320 2579 2389 jam
2610 2319 2741 2374 olim
2784 2328 2840 2375 et
2867 2335 2899 2374 a
2926 2321 3228 2390 majoribus
3257 2320 3372 2376 haec
3421 2320 3509 2375 fu-

1943 2419 2063 2464 tura
2108 2425 2231 2465 esse
2283 2410 2590 2465 didicerant
2618 2450 2635 2475 ,
2683 2411 2838 2481 gnari
2890 2409 3100 2466 scilicet
3137 2411 3192 2465 in
3223 2410 3504 2483 prophetia

1941 2498 2130 2556 isthmc
2156 2542 2159 2547 .
2182 2499 2362 2553 futura
2392 2499 2742 2569 tit-renuntiari
2763 2539 2779 2561 ,
2843 2499 2960 2556 sive
2997 2500 3203 2564 tristia,
3255 2501 3371 2557 sive
3398 2502 3504 2556 mi-

1943 2592 2079 2648 tiara
2106 2609 2119 2646 :
2155 2606 2275 2662 quae
2298 2607 2431 2647 sane
2459 2592 2601 2649 idem
2634 2607 2816 2649 sermo
2844 2591 2971 2649 licet
2993 2592 3290 2654 contraria,
3314 2592 3370 2647 in
3403 2607 3500 2648 eo-

1939 2681 2060 2736 dem
2089 2683 2206 2753 ipso
2228 2691 2489 2738 eventura
2527 2682 2876 2747 vaticinatur,
2900 2697 3127 2755 quisque
3170 2682 3305 2752 ipsis
3333 2682 3505 2752 Operi-

1939 2775 2042 2831 bus
2081 2775 2349 2845 completa
2393 2775 2722 2844 accepimus.
2771 2773 2905 2829 Nam
2953 2785 3192 2845 tempore
3231 2772 3502 2844 passionis

1940 2865 2248 2923 Servatoris
2269 2866 2443 2923 nostri
2473 2866 2649 2922 tristia
2696 2862 2789 2922 illa
2823 2867 2877 2921 in
2911 2866 3031 2936 ipso
3074 2874 3202 2922 sunt
3242 2864 3498 2934 implcta;

1938 2966 2128 3031 postea
2162 2973 2311 3024 vero,
2339 2959 2721 3029 praestantiora
2776 2959 2867 3013 illa
2899 2961 3168 3029 promissa
3212 2958 3269 3013 in
3307 2955 3497 3013 eodem

1936 3051 2195 3122 operibus
2230 3050 2364 3121 ipsis
2401 3051 2639 3121 perfecta
2670 3058 2817 3107 sunt.

265 3134 636 3216 χρηστότεραί
679 3141 760 3210 οἷς
804 3144 935 3215 γοῦν
989 3148 1084 3200 καὶ
1114 3146 1143 3199 ὁ
1178 3147 1340 3210 αὐτὸς
1369 3146 1525 3215 λόγος
1553 3146 1811 3200 τάναντία
1843 3143 1972 3215 περὶ
2000 3142 2097 3197 ἕνα
2127 3143 2222 3197 καὶ
2270 3144 2365 3196 τὸν
2413 3144 2574 3197 αὑτὸν
2609 3143 2828 3196 ἔσεσθαι
2880 3142 3157 3207 θεσπίζει,
3208 3142 3245 3196 ἃ
3290 3141 3356 3213 δὴ
3404 3140 3499 3195 καὶ

260 3239 449 3308 ἔργοις
500 3238 673 3301 αὐτοῖς
715 3238 1150 3311 παρειλήφαμεν.
1200 3238 1358 3292 Κατά
1414 3239 1510 3309 μὲν
1539 3237 1646 3309 γάρ
1684 3238 1778 3292 τὸν
1816 3236 2007 3307 χρόνον
2037 3233 2133 3288 τοῦ
2178 3235 2383 3298 πάθους
2422 3234 2518 3288 τοῦ
2582 3235 2833 3306 Σωτῆρος
2872 3235 3027 3304 ἡμῶν
3066 3231 3368 3304 ἐπληροῦτο
3417 3235 3498 3298 είς

257 3328 429 3382 αὐτὸν
464 3328 531 3383 τὰ
565 3330 984 3404 σκυθρωπότερα
1001 3347 1015 3361 ·
1040 3329 1180 3385 κατά
1205 3330 1261 3383 δὲ
1282 3330 1373 3383 τὸν
1398 3328 1536 3401 μετά
1574 3329 1747 3384 ταῦτα
1765 3331 1820 3383 αί
1849 3327 1957 3383 τῶν
1985 3326 2307 3401 κρειττόνων
2332 3326 2652 3395 ἐπαγγελίαι
2680 3326 2863 3401 ἔργοις
2889 3326 3048 3380 πάλιν
3075 3327 3154 3390 εἰς
3173 3323 3336 3379 αὑτὸν
3383 3325 3497 3380 ἐτε-

255 3419 520 3477 λειοῦντο.

332 3534 416 3588 Τά
446 3536 543 3606 μὲν
561 3530 654 3589 οὖν
684 3536 812 3608 περὶ
836 3535 897 3590 τὸ
923 3535 1091 3601 πάθος
1113 3535 1261 3608 αὐτῷ
1284 3535 1567 3607 συμϐάντα
1588 3535 1828 3608 ἀκριϐῶς
1852 3537 1894 3597 C

259 3627 513 3699 ἐδηλοῦτο
536 3627 625 3682 διὰ
642 3627 757 3681 τοῦ·
792 3628 875 3682 Σὺ
903 3628 972 3682 δὲ
1000 3629 1238 3693 ἀπώσω,
1266 3629 1363 3681 καὶ
1397 3628 1829 3695 ἐξουδένωσας,

255 3718 559 3773 ἁνεϐάλου
607 3719 714 3773 τὸν
743 3721 998 3788 Χριστόν
1036 3736 1172 3776 σου.
1221 3720 1361 3775 ’AvO'
1387 3714 1448 3774 οῦ
1469 3722 1499 3774 6
1532 3720 1633 3791 μὲν
1673 3720 1832 3773 Ἀκύ-

258 3810 357 3875 λας
386 3809 570 3883 φησὶν,
614 3810 1089 3881 ’Υπερηθέτησας
1111 3812 1260 3883 μετὰ
1288 3811 1648 3883 ἡλειμμένου
1675 3826 1792 3866 σου
1811 3827 1825 3841 ⁶

251 3903 288 3954 ὁ
316 3903 377 3957 δὲ
402 3902 712 3975 Σύμμαχος,
751 3903 1086 3973 Ἐχολώθης
1111 3906 1260 3973 πρὸς
1283 3904 1392 3959 τὸν
1413 3904 1669 3973 Χριστόν
1687 3919 1824 3957 σου.

257 3992 575 4067 Τηνικαῦτα
613 3994 670 4048 δὲ
704 3993 796 4048 καὶ
825 3993 895 4047 τά
925 3994 1024 4064 τῆς
1057 3995 1331 4066 Διαθήκης
1363 3992 1531 4048 αὑτοῦ
1561 3993 1658 4065 τῆς
1691 3992 1828 4065 πρὸς

251 4087 387 4150 τοὺς
417 4085 741 4148 ἀποστόλους
769 4084 1139 4157 διεσκεδάσθη,
1168 4085 1255 4138 ὅτε
1278 4085 1373 4137 καὶ
1400 4084 1704 4156 ⁴ήρνήσαντο
1730 4082 1829 4137 αύ-

255 4173 373 4243 τδν,
398 4178 492 4232 καὶ
516 4177 580 4230 τὸ
606 4177 853 4248 ἁγίασμα
876 4176 1062 4240 αὐτοῦ,
1100 4177 1344 4231 τουτέστι
1371 4176 1431 4229 τὸ
1456 4174 1616 4245 σῶμα
1635 4175 1695 4227 τὸ
1717 4174 1828 4228 ἀπὸ

254 4270 358 4340 τῆς
395 4268 556 4337 ἁγίας
596 4267 873 4341 Παρθένου
892 4305 907 4331 ,
948 4269 1028 4332 είς
1047 4268 1149 4339 τήν
1183 4269 1288 4340 γῆν
1318 4266 1626 4339 ὲόεσηλὼθη
1645 4284 1660 4298 ο
1691 4266 1827 4321 ἀλλά

1993 3529 2127 3597 Quae
2157 3530 2320 3598 igitur
2344 3530 2401 3583 in
2428 3527 2684 3599 passione
2710 3527 2830 3596 ejus
2870 3526 3208 3592 acciderunt,
3244 3536 3495 3585 accurate

1931 3619 2289 3691 praznuntiata
2339 3626 2469 3674 sunt
2509 3619 2598 3674 his
2642 3618 2865 3673 verbis:
2901 3616 2980 3670 Tu
3005 3633 3124 3673 vero
3168 3620 3409 3688 rrpnlisti
3441 3630 3495 3675 et

1926 3712 2230 3782 despexisti,
2263 3710 2500 3782 abjecirti
2522 3709 2799 3766 Christum
2816 3722 2985 3763 tuum.
3016 3711 3126 3764 Pro
3165 3726 3275 3781 quo
3299 3712 3493 3782 Aquila

1928 3805 2005 3859 ait
2036 3825 2050 3859 ε
2080 3804 2351 3858 Distulisti
2377 3819 2496 3858 cum
2530 3812 2687 3857 uncto
2719 3813 2842 3866 tuo;
2872 3801 3234 3873 Symmachus
3258 3811 3440 3859 autem
3475 3822 3491 3860 :

1932 3895 2112 3951 Iratus
2162 3912 2215 3951 es
2264 3905 2449 3950 contra
2493 3894 2762 3950 Christum
2800 3903 2969 3948 tuum.
3002 3892 3155 3950 Tunc
3182 3911 3346 3966 porro
3372 3911 3494 3966 qua

1928 3990 1993 4045 ad
2021 3998 2404 4047 testamentum
2448 3988 2710 4061 apostolis
2742 3988 2928 4044 datum
2956 3988 3300 4060 spectabant,
3329 3989 3479 4047 dissi-

1926 4092 2050 4155 pata
2089 4090 2237 4147 sunt,
2266 4082 2485 4153 quando
2531 4081 2709 4153 ipsum
2763 4080 3120 4153 abnegarnnt.
3149 4088 3204 4138 et
3235 4090 3490 4137 sanctua-

1924 4174 2067 4228 rium
2099 4173 2240 4243 ejus,
2276 4172 2328 4227 id
2371 4181 2458 4228 est
2499 4186 2705 4241 corpus
2752 4185 2819 4226 ex
2868 4179 3061 4227 sancta
3098 4170 3319 4242 Virgine
3343 4187 3492 4227 acce-

1922 4271 2096 4334 ptum,
2126 4265 2180 4318 in
2219 4271 2360 4318 terra
2394 4263 2739 4333 profanatum
2789 4270 2893 4317 est.
2938 4261 3050 4316 lmo
3092 4264 3256 4318 etiam
3301 4275 3492 4316 omnes

256 4362 355 4415 ml.
403 4363 610 4425 πάντας
654 4362 780 4426 τοὺς
819 4363 1107 4434 φραγμοὺς
1150 4361 1313 4417 αὐτοῦ
1345 4362 1465 4415 τότε
1492 4360 1763 4433 περιεῖλεν
1797 4364 1827 4417 6

1943 4371 2081 4425 hspes
2107 4354 2228 4425 ejus
2260 4361 2398 4408 tunc
2427 4353 2656 4408 abstulit
2692 4354 2852 4417 Deus,
2877 4351 3129 4408 videlicet
3151 4351 3374 4420 angelos
3393 4362 3491 4406 stt-

250 4449 391 4513 Θεὸς
407 4466 422 4480 ·
455 4449 653 4522 δηλαδὴ
680 4450 808 4514 τοὺς
828 4451 1311 4522 περιφράττοντας,
1336 4442 1523 4522 ὥσπερ
1551 4453 1646 4506 καὶ
1670 4453 1827 4526 δορυ-

1943 4454 2115 4501 )antes
2147 4461 2293 4507 eum,
2327 4457 2392 4498 ac
2420 4443 2731 4499 satellitium
2761 4449 2982 4512 agentes
3009 4450 3064 4496 ct
3094 4440 3485 4499 ministrantes.

255 4537 558 4611 φοροῦντας
590 4540 751 4594 αὐτὸν
778 4541 874 4595 καὶ
896 4541 1257 4612 περιέποντας
1287 4543 1582 4612 ἀγγέλουςο
1621 4544 1685 4598 ού
1716 4544 1823 4616 μὴν

1949 4543 2164 4606 temque
2216 4536 2550 4590 munimenta
2601 4533 2722 4604 ejus
2773 4532 3073 4589 ablata.Ea
3119 4542 3298 4595 autem
3331 4542 3488 4588 erant

253 4628 395 4682 ἀλλά
415 4628 509 4683 καὶ
531 4629 597 4683 τὰ
623 4628 956 4701 ὀχυρώματα
973 4629 1156 4685 αὐτοῦ.
1179 4625 1359 4685 Ἦσαν
1377 4631 1434 4687 δὲ
1455 4626 1600 4686 οὗτοι
1623 4634 1674 4685 oi
1697 4632 1825 4687 ἀπό-

1943 4631 2155 4702 ιροειοιί
2207 4629 2328 4701 ejus
2370 4638 2428 4685 et
2474 4626 2748 4699 discipuli,
2774 4628 2865 4698 qui
2894 4634 3044 4681 tanta
3075 4626 3364 4682 formidine
3394 4641 3485 4682 re-

253 4721 431 4775 στολοι
458 4723 554 4776 καὶ
580 4723 630 4777 οἱ
661 4722 898 4793 μαθηταὶ
927 4722 1114 4786 αὐτοῦ,
1144 4722 1194 4775 οῖ
1222 4723 1468 4791 ἑτένοντο
1491 4725 1577 4788 είς
1599 4725 1820 4789 δειλίαν,

1943 4723 2052 4779 ιιειί
2093 4730 2241 4787 sunt,
2280 4730 2340 4778 ut
2372 4723 2704 4793 abnegarent
2740 4735 2887 4783 eum,
2920 4719 3144 4791 ipsoque
3177 4720 3368 4776 relicto
3396 4720 3486 4776 fu-

246 4814 333 4877 ὡς
368 4814 463 4867 καὶ
496 4813 833 4885 ἀρνήσασθαι
864 4814 1026 4867 αὐτὸν
1060 4814 1157 4867 καὶ
1183 4814 1581 4880 καταλιπόντας
1607 4820 1816 4887 φυγεῖν.

1943 4824 2130 4885 gerent.
2165 4814 2320 4870 Tunc
2351 4823 2530 4869 autem
2563 4812 2740 4867 factus
2770 4819 2858 4868 est
2884 4812 2941 4867 in
2968 4811 3318 4883 opprobrium
3352 4812 3488 4869 vici-

251 4875 388 4958 Τότε
429 4905 487 4958 δὲ
516 4875 864 4977 καὶ-ἐγενήθη
894 4906 976 4969 είς
1000 4898 1197 4969 ὄνειδος
1226 4908 1339 4969 τοῖς
1365 4875 1601 4976 γείτοσι-ν
1618 4875 1817 4974 ἀύτοῦ,

1943 4875 2010 4963 iis
2041 4907 2180 4973 suis,
2209 4915 2264 4962 et
2287 4905 2522 4962 exaltata
2550 4911 2635 4961 est
2661 4903 2882 4959 dextera
2912 4875 3286 4959 tribulantium
3315 4919 3440 4961 eum
3465 4922 3481 4959 :

247 4998 352 5051 καὶ
366 4997 554 5070 ὑψώθη
577 4999 611 5069 ή
628 4997 774 5064 δεξιά
803 4998 909 5052 τῶν
938 4997 1225 5053 θλιϐόντων
1250 5000 1430 5055 αὐτόν·
1450 5002 1544 5055 καὶ
1565 5001 1634 5056 τά
1661 5001 1821 5056 λοιπὰ

1943 5013 1988 5053 ιο
2023 5004 2219 5053 ωσι-α
2246 4996 2433 5052 omnia
2464 4994 2520 5049 in
2543 5008 2631 5057 eo,
2659 4993 2754 5064 qui
2787 5008 2853 5049 ex
2880 4993 3088 5049 semine
3115 4991 3337 5049 Davidis
3368 5009 3488 5064 pro-

243 5089 310 5143 δὲ
341 5089 518 5144 πάντα
538 5090 659 5144 τότε
679 5092 758 5154 είς
779 5090 870 5145 τὸν
893 5091 957 5143 ἐκ
984 5090 1297 5161 σπέρματος
1309 5090 1471 5145 Δαυῒδ
1496 5093 1633 5165 ὲπλη
1643 5093 1817 5165 ροῦτο.

1943 5089 2117 5154 liemt,
2149 5096 2285 5175 tpnc
2316 5088 2533 5159 impleta
2582 5094 2729 5144 sunt.
2756 5085 2909 5143 Alias
2948 5088 3093 5142 enim
3122 5102 3283 5142 nemo
3317 5086 3489 5156 possit

253 5178 465 5250 Ἄλλως
487 5180 599 5251 γάρ
620 5180 721 5234 οὐκ
748 5179 812 5233 ἀν
829 5197 914 5244 τις
948 5179 1059 5251 ἔχοι
1085 5179 1256 5235 ταῦτα
1269 5182 1356 5233 ἐπ’
1379 5181 1540 5235 αὐτὸν
1555 5183 1647 5236 τδν
1660 5183 1822 5237 Δαυῒδ

1943 5180 2111 5237 sthzc
2155 5181 2257 5251 ipsi
2309 5179 2500 5235 Davidi
2544 5188 2821 5250 eoaptare.
2850 5194 3027 5250 neque
3053 5178 3340 5236 ostendere
3368 5178 3484 5233 haec

244 5270 609 5342 ἐφαρμόζειν,
641 5271 749 5324 οὐδ’
781 5270 1039 5336 ἐπιδεῖξαι
1076 5274 1155 5337 εἰς
1181 5273 1387 5326 ἐκεῖνον
1417 5272 1822 5345 πεπληρωμένα

1943 5288 2043 5344 jure
2069 5281 2368 5328 tractamus
2390 5272 2608 5342 impleta
2637 5272 2693 5327 in
2725 5272 2846 5342 ipso
2872 5288 3029 5339 esse;
3052 5280 3110 5326 ut
3141 5285 3315 5340 neque
3338 5284 3485 5337 pra:-

241 5364 315 5417 τά
337 5364 695 5435 προκείμενα,
713 5363 789 5427 ὡς
803 5363 922 5418 οὐδὲ
940 5366 1011 5419 τά
1039 5367 1335 5440 σεμνότερα
1362 5366 1458 5420 καὶ
1486 5368 1832 5440 χρηστότερα»

1943 5366 2184 5421 ιιαιιιίθτα
2213 5373 2269 5420 et
2297 5363 2514 5420 mitiora
2542 5379 2664 5435 qua
2692 5364 2746 5419 in
2772 5365 3063 5435 promissis
3093 5362 3188 5416 Dei
3214 5362 3481 5415 feruntur.
3511 5346 3519 5365 ’

244 5453 597 5527 ὲμφαρόμενα
617 5456 738 5518 ταῖς
753 5454 846 5508 τοῦ
864 5454 999 5509 Θεοῦ
1025 5438 1392 5526 ἐπαγγελίαις.
1415 5456 1490 5510 Οὐ
1511 5455 1621 5527 γάρ
1638 5456 1704 5529 δὴ
1726 5438 1820 5512 τοῦ

1943 5457 2104 5527 itaque
2120 5457 2266 5513 enim
2285 5455 2505 5513 Davidis
2522 5456 2754 5512 thronus
2772 5457 2958 5512 radios
2980 5455 3152 5510 instar
3172 5453 3306 5507 solis
3326 5452 3487 5505 emit-

244 5543 409 5599 Δαυτδ
427 5545 456 5599 6
483 5545 671 5617 θρόνος
698 5546 1008 5617 κατηύγασε
1034 5547 1134 5618 τὴν
1160 5547 1449 5619 σύμπασαν
1471 5548 1817 5623 οίκουμένην,

1943 5549 2083 5606 endo
2114 5557 2288 5604 totum
2320 5549 2644 5605 illuminavit
2665 5548 2880 5615 urbem,
2906 5560 3081 5616 neque
3108 5551 3166 5597 ut
3205 5543 3332 5597 luna
3363 5557 3486 5613 per-

236 5636 401 5708 am
418 5635 571 5707 ήλίου
597 5636 858 5707 φωτίσας,
874 5637 984 5691 οὐδ’
997 5639 1073 5702 ὡς
1090 5640 1123 5711 ή
1143 5639 1338 5712 σελήνη
1361 5640 1591 5712 διαρκὴς
1605 5640 1815 5710 γέγονε,

1943 5651 2114 5697 veluus
2144 5642 2267 5712 fuit,
2295 5657 2472 5713 neque
2523 5642 2578 5695 in
2628 5641 2885 5696 ascanium
2916 5635 3098 5693 saeculi
3127 5643 3483 5690 conservatus

245 5728 369 5783 οὐδὲ
382 5730 464 5794 είς
489 5729 578 5785 τὸν
593 5728 764 5791 αἰῶνα
784 5728 875 5783 τοῦ
897 5729 1089 5795 αἰῶνος
1103 5731 1432 5802 διεφυλάχθη
1455 5750 1464 5760 ο
1487 5731 1595 5787 οὐδ’
1609 5730 1722 5802 ἔχει
1736 5732 1818 5787 λό-

1943 5741 2015 5789 st.
2048 5732 2233 5802 Neque
2274 5734 2383 5789 ulla
2420 5734 2628 5790 ratione
2674 5738 2849 5799 potest
2878 5728 2968 5784 ille
3002 5726 3168 5783 David
3204 5725 3479 5797 Primogc-
