3988 6204
483 327 621 382 1Η5

1258 318 1530 379 EUSEBll
1569 312 2046 374 CAESARIENSIS
2082 311 2232 367 ()PP.
2263 307 2444 365 PARS
2482 303 2573 360 ιιι.
2605 331 2676 344 —-
2709 296 3119 354 EXEGETICA.

3585 293 3735 340 ιιιο

480 450 629 496 nztus
657 441 748 495 Dei
781 436 961 493 voc-ari
992 456 1005 492 :
1037 436 1472 508 quandoquidem
1501 443 1626 490 ante
1653 442 1706 489 et
1732 440 1854 503 post
1886 432 2037 486 illum

2160 444 2234 496 τον
2246 425 2334 480 τὸν
2349 422 2508 478 Δαυῒδ
2526 421 2729 475 ἐκεῖνον
2743 413 3091 488 Πρωτότοκον
3105 424 3210 480 χρη
3219 406 3440 508 pario-ant
3462 400 3730 508 τοῦΘεοῦ
3755 487 3761 502 ⁸

480 531 718 588 sexcenti
741 531 833 584 illo
858 531 1262 600 maestantiores
1291 529 1459 584 fuere.
1496 526 1679 596 Neque
1708 526 1919 579 videtur
1953 521 2050 575 Da-

483 626 566 678 vid
598 625 876 678 dexteram
909 624 966 676 in
1009 622 1253 683 (lumina,
1289 624 1569 677 sinistram
1599 619 1654 673 in
1686 633 1835 672 mare
1861 627 2050 671 exten-

479 713 646 774 disse,
677 727 853 782 neque
874 711 1184 766 dominatus
1213 718 1297 765 est
1341 725 1371 764 a
1413 709 1548 763 mari
1576 723 1748 777 usque
1774 706 1840 759 ad
1877 720 2047 769 mare,

480 818 655 873 neque
688 820 910 873 regnum
944 803 1201 866 obtinuit,
1240 802 1383 872 quod
1414 801 1742 870 pertingeret
1777 814 1949 866 usque
1982 796 2048 850 ad

479 894 742 949 terminos
768 903 941 949 terrae.
967 892 1149 963 Neque
1171 893 1331 946 etiam
1358 891 1466 945 [ilio
1489 890 1608 958 ejus
1636 887 1910 942 Salomoni
1937 886 2049 939 haec

481 985 729 1055 adaptari
777 993 1055 1056 possunt:
1097 1000 1222 1038 nam
1274 983 1363 1036 hic
1415 981 1639 1051 perinde
1694 987 1856 1050 atque
1897 988 2052 1049 pater

480 1079 620 1145 ejus,
654 1093 763 1132 non
804 1079 941 1132 ultra
971 1076 1210 1131 Iudaeam
1242 1075 1548 1144 imperavit,
1584 1088 1763 1142 neque
1796 1079 1854 1125 ut
1899 1079 2052 1142 pater

480 1172 620 1239 ejus,
651 1171 773 1242 plus
802 1169 1160 1240 quadraginta
1193 1168 1353 1223 annis
1399 1166 1645 1237 regnavit
1678 1184 1691 1220 :
1725 1180 1900 1234 neque
1943 1163 2054 1217 cri-

481 1264 627 1318 mine
655 1277 880 1317 vacuam
913 1261 1076 1315 vitam
1104 1274 1361 1314 emensus
1389 1265 1491 1312 est.
1520 1257 1638 1310 Tali
1677 1270 1911 1325 namque
1941 1269 2053 1307 mo-

482 1352 552 1406 do
575 1368 634 1406 se
662 1352 851 1422 gessit,
882 1358 941 1404 ut
969 1356 1190 1420 propter
1213 1349 1463 1403 insanum
1490 1347 1776 1400 mulierum
1809 1359 2049 1398 amorem

482 1451 533 1497 et
564 1442 924 1496 idololatriam
962 1442 1101 1495 male
1130 1439 1385 1502 audierit,
1417 1453 1524 1508 qua
1571 1437 1638 1491 de
1687 1449 1852 1491 causa
1899 1434 2053 1488 Sata-

482 1545 606 1584 nam
634 1530 736 1600 ipsi
777 1530 1074 1585 suscitasse
1103 1528 1306 1583 dicitur
1332 1526 1702 1581 Deus.Verum
1731 1540 1904 1594 neque
1929 1531 2052 1594 post

484 1620 828 1677 Salomonem
863 1621 929 1676 ad
959 1621 1187 1675 alterum
1230 1635 1415 1690 regum
1445 1616 1754 1672 Judaaorum
1783 1633 1847 1671 ex
1881 1614 2049 1671 semi-

482 1729 550 1769 ne
582 1721 635 1768 et
664 1713 1016 1770 successione
1056 1711 1223 1765 David
1257 1718 1484 1780 possunt
1522 1709 1913 1778 promissiones
1945 1709 2051 1763 illa:

2151 494 2274 572 ἐπεὶ
2307 518 2398 570 καὶ
2437 515 2541 586 πρὸ
2583 510 2745 568 αὑτοῦ
2783 507 2961 580 μυρίοι
2994 501 3240 562 καλλίους
3271 495 3434 551 αὑτοῦ
3473 494 3567 586 καί
3606 494 3730 586 μετ’

2150 611 2311 663 αὑτὸν
2337 583 2639 676 γεγόνασιν.
2693 601 2828 655 Ἀλλ’
2858 599 2978 653 οὑδὲ
3009 594 3256 666 φαίνεται
3277 590 3306 641 ὁ
3331 586 3493 642 Δαυῖδ
3516 584 3614 654 τῆν
3638 583 3730 676 6s-
3753 589 3757 594 ‘

2151 699 2269 765 ξιάν
2300 674 2393 750 ἐπὶ
2417 674 2702 764 ποταμοὺς
2742 689 2983 751 ἐκτείνας
3005 727 3018 750 ,
3065 685 3157 738 καὶ
3181 680 3278 753 τὴν
3307 676 3598 750 ἀριστερὰν
3629 674 3730 727 ἐπὶ

2150 790 2421 844 θάλασσαν
2445 827 2460 851 ,
2493 787 2612 839 οὑδὲ
2665 779 3099 852 κατακυριεύσας
3145 774 3252 829 ἀπὸ
3295 768 3572 838 Θαλάσσης
3617 766 3728 828 ἕως

2150 880 2423 949 Θαλάσσης
2442 918 2456 942 ,
2488 877 2608 930 οὑδέ
2638 873 2909 947 βασιλείαν
2942 869 3281 940 κτησάμενος
3310 863 3407 935 τὴν
3441 877 3726 932 παρεκτα-

2151 973 2335 1026 θείσαν
2374 971 2478 1033 ἐως
2503 968 2610 1022 τῶν
2642 965 2890 1036 περάτων
2911 964 3009 1032 τῆς
3037 957 3378 1029 οἰκουμένης.
3436 952 3576 1005 Ἀλλ’
3611 949 3726 1002 οὐδ’

2149 1065 2240 1118 ἐπὶ
2282 1064 2375 1116 τὸν
2415 1061 2472 1128 ἐξ
2517 1058 2680 1114 αὑτοῦ
2718 1056 3003 1127 γενόμενον
3033 1049 3316 1120 Σολομῶνα
3346 1043 3515 1099 ταῦτα
3543 1043 3729 1102 πάντα

2150 1153 2625 1226 ἐφαρμοσθήσεται
2645 1167 2658 1178 ·
2688 1150 2749 1202 οὑ
2776 1147 2934 1200 πλέον
2963 1144 3071 1216 γὰρ
3100 1144 3196 1213 τῆς
3231 1139 3486 1200 Ἰουδαίας
3508 1136 3618 1190 οὐδ’
3639 1129 3731 1188 οὖα

2148 1225 2239 1312 τος
2266 1225 2562 1316 κρατήσας
2611 1241 2810 1313 ὁμοίως
2843 1236 2919 1308 τῷ
2960 1233 3148 1290 ἐαυτοῦ
3185 1232 3470 1302 ἱστορεῖται
3517 1225 3726 1296 πατρί’

2151 1338 2262 1391 ἀλλ’
2284 1337 2390 1389 οὐδ’
2409 1333 2649 1405 ὑπερϐάς
2672 1330 2861 1403 χρόνον
2878 1327 3011 1380 ἐτῶν
3035 1331 3096 1396 μ’
3112 1325 3210 1394 τῆς
3231 1318 3502 1391 βασιλείας
3520 1317 3730 1388 ὁμοίως

2149 1428 2228 1499 τῷ
2264 1425 2454 1481 ἐαυτοῦ
2493 1423 2686 1494 πατρί·
2719 1420 2831 1475 ἀλλ’
2860 1417 2981 1473 οὑδὲ
3009 1414 3371 1482 ἀνεπίληπτον
3412 1408 3520 1479 βίον
3546 1407 3730 1460 διατε-

2151 1520 2331 1580 λέσας.
2358 1515 2592 1570 Τοιαῦτα
2624 1512 2752 1582 γοῦν
2769 1506 2846 1582 νῆν
2879 1508 2946 1562 τὰ
2970 1506 3099 1578 περὶ
3125 1504 3286 1558 αὑτὸν
3309 1502 3384 1565 ὼς
3414 1502 3507 1554 καὶ
3537 1516 3729 1569 γυναι.

2153 1609 2417 1681 κομανίαν
2446 1608 2540 1660 καὶ
2571 1600 3006 1672 εἰδωλολατρείαν
3027 1593 3427 1656 διαϐάλλεσθαι,
3463 1585 3538 1644 ὧν
3560 1590 3731 1644 ἕνεκα

2153 1702 2246 1754 καὶ⁵
2276 1699 2514 1753 Σατανᾶν
2549 1694 2694 1765 αὑτῷ
2722 1693 3029 1763 ἐπιπέμψαι
3063 1689 3278 1757 λέγεται
3306 1689 3334 1739 ό
3360 1683 3513 1746 Θεός.
3585 1681 3726 1733 Ἀλλ’

483 1803 669 1860 referri
703 1821 718 1858 :
752 1803 847 1859 sed
875 1804 1054 1857 omnia
1085 1803 1268 1864 simul,
1293 1803 1406 1857 sive
1435 1801 1670 1863 mitiora,
1709 1801 1822 1855 sive
1846 1800 2048 1864 tristia,

2160 1792 2256 1846 οὐδ’
2273 1793 2358 1860 ἐφ’
2373 1790 2558 1860 ἕτερον
2574 1788 2662 1841 τὸν
2681 1785 2818 1858 μετὰ
2835 1781 3120 1853 Σολομῶνα
3136 1778 3228 1834 τοῦ
3256 1777 3520 1832 Ἰουδαίων
3539 1775 3732 1837 ἔθνους

483 1897 537 1951 in
567 1911 677 1950 uno
707 1897 845 1960 solo,
893 1913 959 1952 ex
1009 1896 1216 1952 semine
1247 1893 1416 1948 David
1439 1901 1579 1957 orto,
1614 1894 1706 1964 qui
1738 1893 1940 1948 dicitur
1963 1891 2054 1949 Je-

482 2005 579 2045 sus
625 1989 880 2045 Christus
929 1989 1180 2042 Salvator
1211 1995 1417 2044 noster.
1469 1987 1687 2056 impleta
1722 1984 1893 2040 fuisse
1921 2001 2055 2041 con-

483 2090 634 2138 stat:
667 2097 788 2151 quae
841 2081 1054 2136 scilicet
1100 2079 1320 2134 divinus
1356 2077 1593 2148 Spiritus
1645 2077 2050 2148 prmnuntiavit,

481 2175 818 2246 praemittens
863 2172 1084 2244 quidem
1129 2171 1342 2226 divinas
1375 2170 1814 2240 pollicitationes,
1851 2169 2055 2224 docens

481 2271 663 2318 autem
694 2263 1118 2334 exspectandum
1145 2278 1290 2326 esse,
1325 2269 1385 2316 ut
1416 2262 1470 2315 in
1501 2276 1611 2316 uno
1639 2269 1695 2316 et
1723 2261 1913 2316 eodem
1943 2261 2056 2316 haec

481 2356 726 2411 tristiora
757 2355 1136 2426 contingerent
1165 2374 1179 2411 :
1217 2369 1343 2409 cum
1390 2355 1622 2409 maxime
1655 2353 1964 2408 sensibilem
1997 2353 2057 2408 il-

483 2448 593 2502 lum
624 2447 792 2502 totius
824 2463 891 2502 ex
937 2444 1138 2500 Davide
1175 2445 1546 2500 successionis
1596 2443 1852 2498 thronum
1899 2458 2057 2499 ever-

483 2538 702 2594 tendum
732 2553 855 2594 esse
889 2537 1244 2607 prospiceret.
1265 2534 1400 2588 Nam
1430 2549 1588 2606 reges
1619 2549 1683 2588 ex
1713 2535 1922 2588 semine
1951 2531 2057 2586 Da-

481 2630 622 2688 vidis
655 2631 764 2686 orti
797 2630 864 2685 ad
899 2645 1071 2700 usque
1103 2627 1471 2698 captivitatem
1497 2626 1681 2697 populi
1706 2627 1758 2680 in
1784 2624 2056 2696 Babylone

482 2724 845 2792 perdurarunt
878 2741 892 2778 :
927 2737 1103 2792 neque
1136 2720 1234 2776 toti
1263 2718 1573 2775 Iudaeorum
1617 2719 1784 2789 genti,
1817 2718 1911 2773 sed
1951 2717 2054 2772 tri-

481 2817 584 2872 bus
616 2816 792 2872 solum
823 2815 1076 2870 tribubus
1119 2829 1183 2869 ac
1209 2830 1277 2870 ne
1309 2813 1526 2884 quidem
1561 2811 1787 2882 integris
1823 2811 2057 2880 impera-

483 2907 614 2961 bant
647 2924 662 2962 :
705 2913 869 2975 atque
901 2912 1073 2959 totum
1106 2905 1317 2975 imperii
1351 2918 1538 2959 eorum
1572 2909 1787 2972 tempus
1817 2901 1883 2955 ad
1915 2916 2053 2971 qua-

2155 1886 2218 1938 ἐκ
2240 1882 2551 1954 σπέρματος
2570 1880 2664 1934 καὶ
2687 1876 2934 1948 διαδοχῆς
2955 1873 3116 1929 Δαυῖδ
3141 1870 3570 1943 βασιλευσάντων
3596 1869 3731 1924 in.

2155 1974 2414 2046 φέρεσθαι
2449 1973 2670 2025 δύναται
2712 1969 2779 2022 τὰ
2819 1965 3234 2038 ἐπηγγελμένα·
3289 1961 3464 2014 πάντα
3495 1960 3552 2012 δὲ
3586 1955 3734 2028 ὁμοῦ

2155 2069 2248 2122 καὶ
2276 2065 2414 2120 κατὰ
2454 2065 2514 2118 τὸ
2540 2063 2670 2117 αὑτὸ
2691 2063 2760 2115 τά
2788 2078 2847 2114 τε
2881 2058 3218 2130 χρηστότερα
3248 2055 3342 2108 xui.
3378 2051 3444 2106 τὰ
3479 2050 3731 2122 σκυθρω-

2155 2159 2233 2213 πὰ
2263 2161 2341 2222 είς
2365 2157 2461 2210 ἕνα
2497 2156 2655 2226 μόνον
2690 2155 2780 2207 τὸν
2812 2154 2876 2206 ἐκ
2912 2151 3222 2221 σπέρματος
3250 2147 3408 2201 Δαυῖδ
3435 2147 3731 2216 λεγόμενον

2166 2248 2372 2320 Ἰησοῦν
2421 2246 2648 2317 Χριστὸν
2704 2246 2794 2298 τὸν
2839 2243 3106 2316 ἡμέτερον
3135 2241 3364 2311 Σωτῆρα
3413 2239 3732 2292 συνίσταται

2155 2336 2588 2408 πεπληρωμένα·
2615 2335 2652 2390 ἃ.
2676 2333 2740 2406 δὴ
2774 2334 2866 2388 καὶ
2893 2332 3189 2405 προείληφε
3215 2332 3274 2384 τὸ
3310 2331 3448 2383 θεῖον
3476 2329 3728 2399 Πνεῦμμ,

2155 2425 2427 2497 προτάξαν
2478 2425 2576 2495 μὲν
2607 2426 2703 2487 τάς
2736 2422 2950 2486 ἐνθέους
3000 2419 3334 2490 ἐπαγγελίας
3358 2459 3373 2483 ,
3422 2418 3642 2484 διδάξαν
3671 2419 3734 2474 δὲ

2155 2518 2349 2589 χρῆναι
2383 2515 2684 2588 προσδοκᾷν
2713 2516 2840 2585 περί
2878 2514 2975 2566 ἕνα
3006 2514 3099 2566 κα)⁸
3132 2512 3224 2565 τὸν
3252 2511 3414 2565 αὑτὸν
3446 2511 3731 2582 συμϐήσε-

2157 2609 2280 2663 σθαι
2307 2609 2376 2662 τὰ
2419 2607 2842 2678 σκυθρωπότερα
2862 2622 2875 2636 ·
2910 2605 3141 2676 μάλιστα
3169 2605 3258 2657 ὅτε
3296 2604 3388 2657 καὶ
3418 2601 3598 2672 πάσης
3627 2601 3735 2671 τῆς

2153 2700 2246 2755 τοῦ
2276 2700 2436 2754 Δαυῒδ
2465 2699 2744 2770 διαδοχῆς,
2773 2699 2862 2752 τὸν
2897 2697 3149 2767 αἰσθητὸν
3175 2697 3275 2766 τῆς
3306 2694 3578 2764 βασιλείας
3606 2693 3737 2762 θρό-

2155 2811 2242 2847 νον
2263 2790 2767 2862 καταλυθησόμενον
2793 2789 3006 2862 θεωρεῖ.
3034 2788 3214 2858 Μέχρι
3239 2787 3368 2854 γοῦν
3396 2785 3599 2855 τῆςείς
3623 2785 3736 2838 Βα-

2156 2885 2369 2938 ϐυλῶνα
2403 2883 2774 2955 αἰχμαλωσίας
2797 2881 2888 2936 τοῦ
2922 2881 3052 2936 λαοῦ
3078 2881 3371 2951 διήρκεσαν
3396 2881 3442 2934 οἱ
3471 2881 3533 2931 ἐκ
3561 2877 3740 2948 σπέρ-

484 2969 806 3065 dringentos
857 2993 1078 3050 circiter
1106 2969 1278 3051 annos
1309 2994 1484 3049 solum
1520 2969 1822 3063 pertingit:
1858 2969 2056 3061 quibus

2160 2994 2326 3048 ματος
2358 2975 2517 3030 Δαυῖδ
2543 2974 2983 3045 βεϐασιλευκότες
3002 2991 3015 3003 ·
3050 2974 3144 3026 καὶ
3172 2973 3292 3026 οὑδὲ
3324 2971 3445 3026 ὅλου
3472 2969 3564 3025 τοῦ
3601 2971 3739 3024 Ἰοδ-

482 3089 690 3144 exactis
732 3086 994 3143 Jechonia
1039 3102 1102 3142 ex
1151 3086 1500 3142 successione
1532 3083 1750 3138 Davidis
1777 3091 2055 3153 postremo

2160 3069 2318 3123 δαίων
2337 3068 2520 3132 ἔθνους
2544 3067 2955 3138 βασιλεύσαντες
2974 3066 3110 3121 ἀλλὰ
3136 3068 3310 3138 μόνων
3332 3063 3498 3136 τριῶν
3519 3064 3731 3134 φυλῶν,

485 3186 767 3246 regnante,
799 3168 987 3232 nullus
1011 3178 1148 3232 alius
1171 3174 1478 3230 Jndzeorum
1509 3191 1602 3229 rex
1626 3190 1689 3230 ex
1723 3175 1930 3229 semine
1952 3173 2056 3234 Da-

2161 3161 2252 3212 καὶ
2297 3161 2416 3213 οὑδὲ
2453 3159 2658 3213 τούτων
2704 3161 2840 3212 ὅλων
2861 3176 2874 3190 ⁸
2925 3157 3062 3213 ἀλλὰ
3105 3160 3199 3212 καὶ
3229 3158 3450 3229 σύμπας
3479 3159 3507 3210 ὀ
3537 3157 3737 3227 χρόνος

487 3263 575 3317 vid
611 3271 974 3328 muneratur;
1008 3262 1080 3315 ita
1114 3267 1173 3314 ut
1207 3261 1308 3314 hoc
1343 3260 1468 3314 item
1501 3258 1662 3314 modo
1700 3260 1920 3330 impleta
1948 3260 2056 3315 sint

2160 3253 2252 3323 τῆς
2282 3252 2481 3306 τούτων
2513 3253 2682 3324 ἀρχῆς
2706 3252 2846 3323 ἀμφὶ
2870 3251 2939 3305 τὰ
2965 3249 3288 3322 τετρακόσια
3319 3250 3412 3320 ἐτη
3446 3248 3582 3319 μόνα
3608 3265 3738 3300 συνο

488 3354 677 3409 istbmc
695 3352 862 3408 divini
882 3352 1120 3423 Spiritus
1145 3353 1387 3415 oracula,
1407 3351 1608 3420 quibus
1633 3349 1834 3404 dicitur
1858 3369 1870 3404 :
1902 3349 2056 3404 Nune

2160 3344 2352 3410 τείνει,
2392 3344 2507 3416 μεθ’
2533 3344 2587 3409 ἃ,
2627 3345 2876 3415 Ἰεχονίου
2908 3343 3137 3397 ὑπάτου
3170 3342 3268 3412 τῆς
3301 3341 3393 3394 τοῦ
3427 3339 3584 3392 Δαυῒδ
3612 3338 3735 3391 δια-

487 3454 661 3499 autem
679 3445 919 3516 repulisti
941 3455 988 3499 et
1013 3444 1318 3514 despexisti,
1339 3442 1580 3511 abject'stt'
1597 3440 1866 3496 Christum
1891 3451 2056 3498 luunt.

2160 3436 2316 3507 δοχῆς
2366 3436 2655 3508 γενομένου
2679 3477 2693 3499 ,
2744 3435 3020 3508 οὐδέτερος
3055 3433 3307 3504 βασιλεὺς
3356 3431 3622 3485 Ἰουδαίων
3665 3430 3735 3482 ἐκ

491 3515 740 3592 Evertisti
773 3545 1137 3592 testamentum
1187 3535 1323 3590 servi
1356 3535 1452 3597 tui,
1485 3533 1787 3602 profanastz'
1832 3533 1886 3586 in
1920 3545 2056 3588 terra

2160 3532 2472 3602 σπέρματος
2496 3531 2657 3584 Δαυῒδ
2688 3529 2928 3600 γεγονὼς
2961 3529 3354 3602 μνημονεύεται
3375 3544 3390 3558 ο
3415 3527 3488 3589 ὡς
3517 3525 3607 3578 καὶ
3631 3541 3736 3576 κα-

490 3627 854 3681 sanctuarium
885 3627 1022 3696 ejus,
1052 3635 1106 3683 et
1135 3636 1350 3688 caetera.

2160 3623 2228 3677 τὰ
2265 3622 2450 3675 τοῦτον
2494 3623 2584 3676 τὸν
2625 3623 2822 3694 τρόπον
2869 3621 3258 3693 πεπληρῶσθαι
3298 3621 3366 3674 τὰ
3402 3617 3731 3691 προκείμενα

487 3721 580 3776 τοῦ
611 3721 756 3775 θείου
794 3722 1112 3792 Πνεύματος
1144 3723 1323 3792 λόγια,
1359 3723 1428 3776 δι’
1474 3716 1549 3777 ὧν
1612 3722 1852 3792 εἴρηται’
1888 3719 2038 3774 Νυνὶ
2067 3717 2135 3771 δὲ
2171 3717 2391 3773 ἀπώσω
2425 3719 2521 3773 καὶ
2551 3717 2982 3782 ἐξουδένωσας,
3019 3713 3116 3768 καὶ
3153 3714 3446 3767 ἀνεϐάίου
3471 3709 3569 3762 τόν
3593 3707 3733 3773 Xpt-

489 3813 638 3866 στάν
687 3827 826 3868 σου.
889 3817 1310 3885 Κατέστρεψας
1349 3813 1464 3882 τὴν
1517 3812 1812 3883 διαθήκην
1865 3811 1970 3865 τοῦ
2024 3810 2248 3866 δούλου
2285 3827 2438 3876 σου,
2496 3809 2875 3879 ὲὸεϐιξλωσας
2906 3810 3005 3879 ,είς
3042 3806 3157 3876 τὴν
3188 3803 3304 3876 7.177-
3346 3804 3413 3857 τὸ
3468 3801 3738 3871 ἁγίασμα

484 3903 704 3959 αὐτοῦ’
739 3906 834 3960 καὶ
855 3906 924 3958 τὰ
946 3905 1151 3969 τούτοις
1173 3907 1562 3977 ἐπιφερόμενα.

559 4017 764 4074 Deinde
809 4018 936 4089 quia
991 4017 1085 4073 Dei
1137 4019 1203 4072 ad
1245 4019 1500 4075 Davidcm
1540 4019 1930 4089 promissiones
1959 4020 2056 4073 bo-

492 4126 616 4166 nam
653 4118 708 4166 et
733 4112 1007 4182 ingentem
1037 4109 1254 4166 Davidis
1280 4113 1472 4166 semini
1496 4127 1644 4180 spem
1675 4111 2054 4177 ascribebant;

489 4212 543 4258 et
585 4210 769 4258 tamen
805 4217 925 4274 qua:
956 4203 1291 4258 successioni
1320 4203 1438 4272 ejus
1468 4203 1799 4265 acciderant,
1834 4205 2057 4256 omnino

489 4292 765 4375 contraria
806 4291 1164 4356 videbantur;
1207 4307 1330 4346 nam
1365 4293 1594 4346 thronus
1624 4293 1777 4362 regni
1809 4291 1929 4361 ejus
1958 4292 2060 4344 hu-

2232 4011 2339 4069 Εἶτ’
2365 4013 2659 4084 ἐπειδήπερ
2674 4009 2743 4065 τὰ
2768 4011 2863 4082 μὲν
2884 4009 2992 4063 τῶν
3016 4008 3110 4062 τοῦ
3138 4005 3272 4062 Θεοῦ
3298 4008 3431 4080 πρὸς
3457 4008 3548 4060 τὸν
3577 4007 3742 4062 Δαυῗδ

2162 4106 2498 4176 ἐπαγγελιῶν
2554 4104 2762 4173 ἀγαθάς
2815 4119 2967 4166 τινας
2999 4102 3092 4155 καὶ
3145 4099 3385 4172 μεγάλας
3417 4099 3638 4163 ἐλπίδας
3663 4099 3743 4169 τῷ

2167 4201 2442 4270 σπέρματι
2475 4197 2636 4250 Δαυῖδ
2669 4196 2980 4265 ὑπέγραφε,
3009 4193 3078 4245 τὰ
3106 4193 3165 4246 δὲ
3202 4192 3329 4261 περί
3359 4191 3458 4261 τὴν
3487 4189 3742 4264 διαδοχὴν

2167 4291 2330 4345 αὑτοῦ
2367 4287 2746 4359 συμϐεϐηκότα
2781 4285 3038 4339 τάναντία
3071 4284 3246 4336 πάντα
3274 4285 3544 4352 περιεῖχεν
3565 4319 3579 4343 ,
3616 4281 3646 4333 ὃ
3683 4299 3742 4334 τε

491 4372 652 4440 mauo
678 4401 828 4441 more
860 4385 1061 4454 sumpti
1097 4399 1126 4436 a
1157 4391 1399 4454 tempore
1413 4383 1688 4440 Jechoniae
1705 4386 1920 4440 solutus
1941 4399 2056 4437 ces-

2163 4382 2350 4454 θρόνος
2393 4381 2492 4450 τῆς
2527 4379 2667 4433 κατὰ
2704 4377 2986 4448 ἄνθρωπον
3025 4375 3298 4446 βασιλείας
3337 4373 3502 4426 αὑτοῦ
3550 4372 3744 4425 λέλυτο

490 4485 704 4532 saverat
735 4497 749 4533 :
778 4477 892 4532 haec
915 4477 1252 4547 prospiciens
1276 4477 1513 4548 bpiritus
1543 4477 1919 4546 prepbeticus,
1939 4476 2060 4544 jure

490 4568 559 4624 ad
591 4570 830 4625 veritatis
863 4585 1173 4624 sermonum
1205 4569 1299 4624 Dei
1331 4569 1772 4639 perquisitionem
1801 4583 1900 4623 nos
1920 4568 2060 4621 invi-

491 4664 591 4721 tat,
626 4674 832 4729 nosque
869 4659 1104 4714 instituit
1138 4667 1197 4714 ut
1231 4659 1283 4712 id
1318 4676 1348 4713 a
1377 4659 1486 4715 Deo
1529 4675 1838 4730 quaeramus
1866 4669 1920 4713 et
1946 4659 2061 4713 edi-

491 4764 730 4814 scamus,
767 4752 1111 4807 sciscitantes
1143 4752 1318 4822 ipsum
1364 4767 1428 4806 ac
1475 4751 1717 4806 dicentes
1749 4769 1762 4805 :
1801 4750 1901 4804 Ubi
1937 4761 2060 4805 sunt

494 4841 868 4897 misericordia:
893 4853 997 4897 tua:
1022 4844 1274 4911 antiquus,
1306 4843 1547 4908 Domine,
1569 4859 1700 4912 quas
1721 4843 1921 4911 jurasti
1956 4841 2065 4895 Da-

492 4931 616 4984 rid?
667 4931 798 4987 Nam
848 4933 998 5004 regni
1039 4935 1159 5002 ejus
1207 4935 1485 4990 sensibilis
1530 4942 1584 4987 et
1613 4933 1871 5003 ‘bumano
1915 4948 2064 4986 more

491 5022 692 5092 sumpti
741 5026 1020 5080 successio
1055 5027 1255 5092 soluta,
1293 5034 1350 5081 et
1397 5042 1427 5080 a
1477 5027 1636 5096 longo
1675 5025 1786 5094 jam
1821 5032 2065 5094 tempore

494 5116 705 5172 sublata
762 5117 958 5184 fuerat,
993 5133 1116 5172 cum
1165 5135 1232 5174 ex
1283 5119 1489 5174 semine
1538 5118 1657 5187 ejus
1703 5124 1858 5172 ortus
1903 5114 2066 5172 Jesus

494 5208 767 5272 Christus,
799 5209 892 5280 qui
924 5211 1349 5280 promissionum
1382 5209 1568 5263 Davidi
1596 5209 1864 5264 factarum
1890 5208 2064 5264 haeres

493 5299 712 5356 futurus
761 5303 1200 5370 exspectabatur,
1249 5317 1355 5356 non
1385 5301 1644 5356 sensibile
1673 5315 1848 5370 neque
1873 5300 2066 5354 huma-

495 5407 625 5445 num
677 5405 904 5462 regnum
961 5393 1242 5463 possedit;
1279 5394 1373 5448 sed
1423 5408 1648 5464 prorsus
1697 5392 1972 5446 contraria
2000 5391 2066 5445 iis

498 5497 618 5550 qme
649 5483 898 5541 homines
925 5485 1312 5555 exspectabant
1358 5501 1551 5554 passus
1603 5497 1708 5547 est,
1739 5485 1805 5539 ad
1838 5491 2066 5537 mortem

502 5587 676 5641 usque
701 5589 1042 5644 progressus,
1065 5575 1353 5644 omniaque
1368 5590 1683 5646 perpessus,
1707 5591 1826 5645 qum
1851 5574 2069 5628 divinus

505 5662 748 5734 Spiritus
794 5668 1146 5739 prmscienliae
1176 5668 1373 5723 virtute
1413 5666 1825 5738 pranuntiarat.
1860 5665 1975 5732 Qua
2005 5666 2071 5720 dc

2163 4471 2507 4542 πεπαυμένος
2534 4469 2642 4526 ἀπὸ
2667 4469 2773 4522 τῶν
2815 4469 3060 4539 Ἰεχονίου
3091 4468 3297 4539 χρόνων
3317 4484 3330 4497 ο
3363 4467 3588 4528 εἰκότως
3614 4465 3745 4520 ταῦ-

2163 4582 2229 4617 τα
2259 4562 2642 4635 προθεωρῆσαν
2667 4561 2728 4613 τὸ
2759 4561 3091 4631 προφητικὸν
3121 4559 3363 4629 Πνεῦμα,
3390 4560 3481 4610 ἐπὶ
3509 4557 3743 4629 ζήτησιν

2164 4657 2310 4725 ἡμᾶς
2338 4653 2594 4725 παρορμᾷ
2615 4653 2712 4722 τῆς
2737 4652 2844 4704 τῶν
2865 4652 3036 4712 λόγων
3061 4651 3153 4704 τοῦ
3183 4650 3314 4704 Θεοῦ
3338 4649 3620 4720 ἀληθείας,
3651 4650 3742 4702 καὶ

2167 4748 2294 4817 παρ’
2329 4745 2492 4799 αὑτοῦ
2522 4744 2617 4797 τοῦ
2663 4743 2798 4795 Θεοῦ
2837 4744 3016 4815 ζητεῖν
3044 4744 3139 4796 καὶ
3173 4742 3459 4812 μανθάνειν
3496 4740 3739 4794 διδάσκει

2165 4834 2480 4906 ἐρωτῶντας
2503 4834 2663 4888 αὑτὸν
2692 4834 2787 4887 καὶ
2827 4833 3110 4901 λέγοντας’
3163 4832 3286 4886 Ποῦ
3325 4832 3457 4885 ἐστι
3484 4831 3555 4884 τὰ
3597 4831 3738 4895 ἑλέ-γι

2165 4943 2279 4978 σου
2310 4924 2380 4978 τὰ
2409 4923 2628 4994 ἀρχαῖα
2649 4964 2663 4988 ,
2713 4925 2921 4992 Κύριε,
2956 4922 2993 4977 ἁ
3025 4923 3264 4993 ὤμοσας
3298 4921 3378 4989 τῷ
3411 4921 3629 4985 Δαυτδ;
3665 4922 3738 4973 Ἤ

2165 5032 2222 5067 τε
2271 5015 2380 5088 γὰρ
2415 5017 2511 5084 τῆς
2540 5014 2811 5084 βασιλείας
2849 5013 3011 5068 αὑτοῦ
3042 5015 3140 5086 τῆς
3178 5014 3441 5085 αἰσθητῆς
3469 5014 3562 5067 καὶ
3597 5013 3740 5066 κατὰ

2166 5107 2446 5178 ἄνθρωπον
2477 5107 2692 5179 διαδοχὴ
2714 5107 2921 5169 λέλυτο,
2953 5107 3018 5158 ἐκ
3051 5105 3263 5176 μακροῦ
3301 5104 3682 5176 καθῃρημένη,
3707 5103 3738 5156 ὅ

2166 5219 2224 5255 τε
2259 5204 2322 5254 ἐκ
2353 5201 2662 5270 σπέρματος
2693 5199 2854 5253 αὑτοῦ
2896 5198 3132 5268 γεγονὼς
3177 5197 3382 5270 Ἰησοῦς
3422 5201 3450 5251 ὁ
3475 5196 3735 5269 Χριστὸς,

2170 5294 2547 5365 προσδοκηθεὶς
2572 5292 2731 5356 αὑτὸς
2759 5288 2894 5346 εἶναι
2926 5295 2954 5344 ὁ
2973 5290 3080 5343 τῶν
3109 5291 3243 5360 πρὸς
3271 5289 3358 5343 τὸν
3382 5289 3541 5343 Δαυῒδ
3568 5291 3739 5355 ἐπαγ-

2169 5383 2362 5452 γελιῶν
2403 5383 2751 5455 κληρονόμος,
2787 5379 3046 5450 αἰσθητὴν
3072 5379 3170 5450 μὲν
3195 5379 3293 5432 οὑκ
3317 5379 3606 5448 ἐκτήσατο,
3628 5375 3738 5428 οὐδ’

2169 5476 2512 5547 ἀνθρωπίνην
2540 5473 2813 5544 βασιλείαν
2833 5491 2845 5504 ο
2869 5471 3122 5525 τάναντία
3151 5470 3208 5523 δὲ
3245 5469 3418 5523 πάντα
3457 5469 3553 5522 καὶ
3578 5466 3744 5529 αὐτὸς

2170 5565 2250 5632 οἷς
2275 5567 2680 5637 προσεδόκησαν
2701 5566 2973 5637 ἄνθρωποι
2995 5563 3250 5626 πέπονθε,
3285 5565 3444 5634 μέχρι
3469 5562 3562 5615 καί⁵
3587 5560 3748 5614 θανά-

2171 5681 2264 5719 του
2289 5667 2525 5732 φθασεις.
2553 5661 2643 5718 καὶ
2669 5661 2842 5714 πάντα
2871 5658 3184 5730 ὑπομείνας,
3219 5658 3254 5712 ἃ
3275 5659 3339 5730 δὴ
3363 5658 3749 5731 προγνωστικῇ
