3988 6204
548 292 690 351 illi!
1228 290 1496 346 EUSEBII
1535 289 2013 348 CASSARIENSIS
2053 290 2205 350 OPP.
2251 288 2478 345 PARS.’
2495 286 2584 344 ΙΙΙ.
2621 317 2696 329 -
2737 284 3141 342 EXEGETICA.

3602 294 3714 349 "'10

546 412 628 468 vel
654 425 780 466 sero
813 407 1250 464 tandem’mittas
1289 407 1446 463 nobis
1492 421 1639 472 eum,
1666 407 1759 477 qui
1791 415 1845 463 et
1874 423 1904 462 a
1940 416 2114 464 morte

2223 405 2372 477 θῆναι
2395 406 2493 476 τὴν
2523 404 2694 476 ὀργήν
2732 419 2850 466 σου,
2885 401 3184 472 μνησθῆναι
3209 400 3265 455 δέ
3294 400 3372 466 τίς
3408 420 3498 472 μου
3536 406 3657 459 ἐστὶν
3687 410 3713 478 ὴ

546 509 790 566 eruatur,
823 491 968 556 etab
998 499 1212 554 inferno
1242 506 1524 554 revocetur
1547 498 1658 570 (l);
1686 507 1817 554 etut
1847 499 2007 555 finem
2035 499 2114 557 fa-

2223 500 2530 563 ὑπόστασις,
2553 497 2648 550 τοῦ
2680 495 2852 549 ταῦτα
2881 496 3018 566 ὑπὲρ
3037 494 3213 548 αὐτῶν
3246 494 3620 565 πρεσϐεύοντος,
3643 501 3718 552 καὶ

547 596 661 649 cias
683 605 735 648 te
757 609 786 646 a
810 593 967 647 nobis
993 591 1291 656 avertendi,
1322 591 1566 662 iramque
1595 599 1741 644 tuam
1767 592 1944 655 sedes,
1972 592 2113 662 ignis

2223 591 2301 653 τίς
2328 592 2360 660 ή
2391 588 2497 642 τῶν
2526 586 2825 659 ἀνθρώπων
2847 586 3118 649 ἀσθένεια,
3137 585 3245 638 τῶν
3273 585 3459 657 θνητὴν
3485 586 3622 656 φύσιν
3644 591 3716 644 καὶ

547 687 720 738 instar
748 683 946 753 pepulo
979 691 1072 736 tuo
1105 683 1466 753 ingruentem,
1498 697 1561 736 ac
1585 697 1706 752 qua:
1742 682 1959 752 juratus
1987 698 2114 753 pro-

2223 680 2436 750 θανάτῳ
2465 679 2861 750 δεδουλωμένην
2904 678 3192 748 εἰληχότων
3212 694 3227 708 ⁸
3263 679 3546 750 μνησθῆναι
3566 680 3614 734 δέ
3645 681 3718 736 καὶ

546 777 715 831 missa
744 763 929 830 Davidi
955 774 1175 840 dedisti,
1207 775 1462 844 operibus
1494 776 1761 846 perﬁcias.

2223 771 2422 825 σαυτοῦ
2454 772 2528 842 μὴ
2555 770 2646 822 ἐπὶ
2683 770 2895 841 ματαίῳ
2919 769 3201 832 κτίσαντος
3226 770 3348 832 τοὺς
3372 771 3510 833 υἱοὺς
3529 771 3622 825 τῶν
3645 774 3716 826 ἀν-

547 865 802 937 θρώπων,
849 865 962 920 ἀλλ’
1005 866 1099 920 ἐπὶ
1145 867 1405 938 μεγάλαις
1447 866 1623 921 ἐλπίσι
1667 870 1786 931 ταῖς
1857 865 2008 938 παρά
2059 849 2161 919 σοί.
2219 865 2329 919 Καὶ
2371 863 2574 916 τούτων
2620 863 2700 924 είς
2749 863 2966 932 μνήμην
3018 858 3276 912 ἐλθόντων
3327 859 3608 932 ἱκετεύομεν
3643 863 3718 933 ἢδη

550 959 679 1013 ποτέ
702 958 793 1011 τὸν
837 959 930 1011 καὶ
975 960 1040 1010 ἐκ
1093 956 1323 1010 Θανάτου
1363 957 1643 1030 ῥυόμενον,
1693 959 1787 1012 καὶ
1835 957 1895 1022 ἐξ
1935 957 2062 1028 ᾅδου
2106 953 2542 1023 ἀνακαλούμενον
2586 950 2940 1021 καταπέμψαι
2982 951 3111 1020 ἡμῖν
3133 988 3149 1013 ,
3198 950 3290 1003 καὶ
3329 949 3609 1004 παύσασθαι
3646 954 3718 1021 μὲν

549 1049 958 1123 ἀποστρέφοντα
999 1049 1190 1103 ἐαυτὸν
1235 1048 1294 1114 ἐξ
1320 1050 1500 1120 ἡμῶν,
1549 1051 1896 1106 καταπαῦσαι
1927 1049 1985 1102 δὲ
2025 1047 2119 1100 καὶ
2144 1049 2240 1119 τὴν
2265 1046 2436 1117 πυρὸς
2476 1045 2630 1116 δίκην
2653 1043 2983 1097 ἐπελθοῦσαν
3035 1044 3128 1097 ἐπὶ
3184 1043 3274 1097 τὸν
3297 1042 3421 1096 λαόν
3441 1059 3526 1096 σου
3568 1042 3716 1116 ὀργὴν,

550 1147 731 1218 ἔργοις
755 1145 812 1197 δὲ
845 1145 1147 1197 ἐπιτελέσαι
1179 1144 1244 1209 ἃς
1285 1144 1504 1216 ὤμοσας
1537 1147 1673 1218 πρὸς
1698 1146 1858 1200 Δαυῖδ
1889 1143 2238 1214 ἐπαγγελίας.

625 1236 792 1292 Vens.
822 1237 911 1291 50.
949 1235 1047 1289 Ubi
1066 1245 1188 1289 sunt
1214 1237 1586 1291 misericordia:
1609 1248 1711 1292 tua:
1731 1241 1980 1308 antique,
2013 1236 2121 1290 Do-

556 1330 714 1394 mine,
750 1343 880 1398 quas
897 1326 1100 1396 jurasti
1133 1326 1304 1380 David
1335 1328 1386 1381 in
1419 1330 1634 1382 veritate
1653 1341 1744 1382 tua
1767 1332 1794 1384 7
1827 1328 1966 1394 Quia
2011 1343 2120 1383 non

2223 1338 2338 1388 σας
2364 1319 2445 1386 τῷ
2479 1318 2659 1373 Δαυῒδ
2689 1319 2759 1371 ἐν
2796 1316 2870 1387 τῇ
2913 1317 3162 1386 ἀληθείῃ
3208 1332 3361 1380 σου;
3392 1317 3502 1369 Ὅτι
3539 1317 3603 1387 μὴ
3644 1335 3719 1387 μα-

557 1421 614 1474 in
635 1433 858 1482 vanum,
891 1417 1089 1486 inquit.
1115 1416 1315 1472 creasti
1345 1431 1535 1473 omnes
1571 1417 1710 1473 ﬁlios
1744 1417 2043 1480 hominum,
2069 1423 2123 1471 et

2223 1414 2406 1476 ταίως,
2447 1411 2632 1484 φησὶν,
2677 1409 2899 1472 ἔκτισας
2943 1409 3148 1472 πάντας
3188 1408 3315 1470 τοὺς
3353 1407 3493 1470 υἱοὺς
3527 1405 3619 1460 τῶν
3652 1408 3719 1459 ἀν-

558 1511 700 1582 apud
734 1520 787 1564 te
809 1509 886 1562 illi
913 1510 966 1562 in
995 1508 1203 1563 honore
1235 1508 1523 1576 habentur,
1547 1524 1721 1578 neque
1747 1523 1867 1564 sese
1893 1515 2123 1579 possunt

2223 1502 2477 1575 θρῶπων,
2510 1499 2828 1570 τετίμηνται
2855 1497 2914 1550 δὲ
2947 1497 3096 1568 παρά
3125 1497 3227 1559 σοὶ,
3262 1496 3359 1566 οὐχ
3385 1494 3481 1547 οἶοί
3519 1513 3572 1548 τε
3600 1496 3644 1548 δέ
3663 1499 3718 1548 εξ-

2290 1229 2414 1285 Ποῦ
2433 1229 2564 1282 ἐστι
2593 1227 2664 1282 τὰ
2685 1227 2826 1296 ὲλέη
2852 1242 2968 1281 σου
2995 1225 3068 1279 τὰ
3091 1225 3324 1295 ἀρχαῖα,
3347 1225 3527 1293 Κύριε,
3547 1223 3583 1278 ἃ
3607 1225 3720 1296 ὤμο-

558 1619 588 1656 a
615 1609 790 1656 morte
829 1614 1057 1662 eruere;
1105 1598 1227 1653 ideo
1249 1613 1453 1669 precor
1479 1608 1534 1654 et
1566 1600 1814 1670 supplico
1856 1607 1916 1654 ut
1943 1607 2123 1654 matu-

559 1706 646 1746 res
677 1691 941 1745 bonarum
975 1689 1398 1759 promissionum
1443 1690 1838 1759 complementa
1865 1690 2122 1746 exhibere

557 1781 737 1844 nobis,
772 1795 894 1850 qua:
945 1795 974 1832 a
1017 1776 1236 1834 Christo
1280 1786 1394 1843 tuo,
1433 1786 1556 1847 post
1599 1777 1871 1833 sublatum
1902 1777 2122 1832 Davidis

555 1887 806 1941 regnum,
858 1868 1189 1924 conferenda
1244 1875 1393 1924 sunt.
1439 1867 1722 1924 Festinare
1770 1877 1950 1931 autem
1991 1884 2123 1939 rogo

559 1972 850 2032 antequam
881 1961 1183 2016 .hominum
1227 1975 1400 2032 genus
1441 1959 1683 2015 funditus
1726 1970 1929 2030 pereat.
1990 1959 2124 2026 Quis

560 2055 705 2108 enim
737 2051 1016 2106 hominum
1051 2059 1230 2122 potest
1283 2067 1342 2108 se
1388 2053 1456 2107 de
1497 2067 1666 2106 manu
1707 2051 1868 2108 inferi
1896 2068 2121 2120 eruere;

565 2143 666 2198 nisi
697 2159 838 2198 unus
867 2144 957 2199 ille
984 2145 1076 2214 qui
1117 2144 1293 2218 primo
1324 2145 1588 2215 seipsum,
1618 2143 1814 2200 deinde
1851 2161 2040 2200 omnes
2069 2146 2122 2198 in

558 2251 620 2290 se
656 2243 964 2306 sperantes,
1011 2251 1042 2289 a
1075 2238 1247 2306 portis
1278 2240 1470 2292 mortis
1507 2237 1794 2293 liberavit?
1820 2238 1872 2292 Is
1911 2238 2124 2292 etiamsi

555 2343 623 2381 ea
645 2343 911 2399 passurus
932 2327 1004 2384 sit
1027 2343 1148 2398 quae
1184 2328 1238 2383 in
1280 2329 1563 2400 prophetia
1603 2329 1852 2385 feruntur
1893 2328 1980 2386 his
2004 2345 2126 2384 ver-

563 2421 643 2476 bis
687 2439 702 2476 :
750 2419 904 2474 Nunc
941 2431 1118 2475 autem
1155 2421 1397 2492 repulisti
1439 2433 1487 2476 et
1537 2421 1854 2492 despexisti,
1890 2420 2126 2490 abjecisti

561 2514 831 2568 Christum
862 2522 1046 2579 tuum;
1077 2521 1314 2569 attamen
1339 2522 1432 2568 tua
1457 2513 1523 2568 ad
1555 2513 1808 2570 Davidem
1839 2512 1980 2567 facta
2005 2527 2129 2582 pro-

567 2601 735 2656 missa
761 2608 1147 2673 consequetur.
1164 2601 1299 2660 Nam
1319 2603 1708 2659 misericordia:
1730 2611 1855 2669 tum,
1877 2603 2125 2664 Domine.

561 2702 615 2748 et
649 2697 850 2751 veritas
877 2704 968 2749 tua
1004 2695 1057 2750 in
1099 2698 1356 2751 saeculum
1393 2708 1631 2763 manent,
1663 2713 1724 2751 ac
1753 2711 1822 2750 ne
1850 2697 1930 2752 vel
1961 2712 2127 2751 unum

565 2787 992 2854 promissionum
1014 2794 1232 2840 tuarum
1265 2789 1492 2842 verbum
1511 2787 1744 2843 excidet.
1773 2787 1922 2842 Licet
1948 2794 2127 2842 autem

558 2863 710 2931 nunc
736 2877 971 2932 tristium
1000 2877 1214 2931 illorum
1236 2893 1356 2946 quae
1379 2886 1636 2933 eventura
1664 2887 1791 2933 sunt
1815 2878 2127 2933 memoriam

2225 1612 2308 1648 σιν
2365 1593 2588 1655 ἑαυτοὺς
2643 1589 2906 1661 ῥύσασθαι
2957 1590 3022 1641 ὲκ
3079 1587 3340 1640 Θανάτου·
3387 1585 3560 1638 τούτου
3601 1586 3717 1655 χάριν

2221 1683 2410 1754 δέομαι
2459 1680 2552 1735 καὶ
2587 1677 2848 1734 ἀντιϐολῶ
2893 1675 3124 1729 σπεῦσαι
3162 1674 3257 1728 καὶ
3297 1673 3402 1727 τῶν
3445 1673 3718 1741 ἐπαγγελιῶν

2225 1790 2318 1827 σου
2341 1773 2448 1825 τῶν
2481 1771 2701 1840 ἀγαθῶν
2729 1771 2898 1835 δεῖξαι
2925 1773 3058 1842 ἡμῖν
3095 1769 3164 1823 τὰ
3192 1768 3600 1838 ἀποτελέσματα,
3627 1784 3715 1820 aw-

2224 1865 2502 1935 ενεχθέντα
2519 1864 2658 1918 κατὰ
2672 1862 2764 1916 τοῦ
2795 1855 3038 1934 Χριστοῦ
3053 1861 3128 1933 (2)
3155 1878 3248 1914 σου
3274 1861 3366 1913 καὶ
3396 1858 3523 1930 μετὰ
3546 1857 3626 1928 τὴν
3648 1858 3718 1926 τῆς

2227 1956 2500 2028 βασιλείας
2520 1956 2613 2008 τοῦ
2651 1954 2810 2009 Δαυῖδ
2843 1953 3179 2025 καθαίρεσιν.
3214 1952 3412 2022 Δέομαι
3446 1951 3497 2003 δέ
3521 1949 3717 2018 ἐπιταχῦ-

2224 2066 2310 2102 ναι
2363 2049 2491 2120 πρὶν
2537 2048 2885 2101 κατάπτωσιν
2940 2044 3176 2115 παντελῆ
3221 2042 3283 2096 τὸ
3333 2041 3437 2095 τῶν
3479 2039 3718 2111 ἀνθρώπων

2226 2140 2522 2209 ὑποστῆναι
2563 2139 2737 2207 γένος.
2778 2138 2874 2200 Τίς
2913 2138 3020 2207 γάρ
3058 2139 3206 2189 ἐστιν
3241 2133 3528 2205 ἀνθρώπιον
3559 2134 3584 2185 ό
3606 2130 3719 2183 δυνά-

2229 2248 2385 2303 μενος
2421 2231 2584 2294 αὐτὸς
2618 2231 2807 2285 ἑαυτὸν
2832 2231 2896 2283 ἐκ
2927 2229 3106 2300 χειρὸς
3133 2227 3261 2299 ᾅδου
3302 2223 3567 2298 ῥύσασθαι,
3605 2223 3642 2275 εί
3667 2221 3720 2292 μὴ

2225 2317 2304 2385 εἷς
2351 2323 2506 2393 μόνος
2532 2325 2561 2376 6
2602 2321 2816 2393 πρῶτος
2852 2321 2949 2391 μὲν
2984 2320 3144 2382 αὐτὸς
3189 2318 3399 2382 ἑαυτὸν,
3445 2314 3549 2370 εἶτα
3576 2315 3622 2367 δὲ
3655 2315 3720 2366 καὶ

2228 2416 2433 2478 πάντας
2473 2415 2599 2478 τοὺς
2641 2417 2720 2477 εἰς
2764 2414 2924 2466 αὑτὸν
2965 2412 3390 2474 πεπιστευκότας
3436 2412 3495 2463 ἐκ
3533 2408 3620 2461 τῶν
3654 2404 3720 2458 τοῦ

2228 2509 2458 2562 θανάτου
2492 2507 2674 2562 πυλῶν
2704 2506 3034 2578 ρυσάμενος;
3066 2504 3127 2558 Εἰ
3160 2503 3258 2556 καὶ⁸
3286 2500 3499 2555 τοιαῦτα
3517 2498 3718 2557 πείσεται,

2226 2599 2314 2658 οἷα
2328 2603 2565 2673 διείληφε
2585 2604 2618 2671 ἠ
2636 2597 2939 2672 προφητεία
2956 2598 3027 2650 τὰ
3051 2597 3159 2650 ἀπὸ
3177 2594 3296 2658 τοῦ,
3318 2593 3461 2650 Νυνὶ
3485 2591 3546 2645 δὲ
3559 2587 3722 2644 ἀπώσω

2229 2695 2327 2750 καὶ
2345 2693 2777 2758 ἐξουδένωσας,
2807 2689 3101 2745 ἁνεόάλου
3126 2688 3236 2742 τὸν
3261 2687 3504 2756 Χριστόν
3521 2679 3721 2748 0'01)me-

2231 2803 2372 2838 σασα
2395 2801 2410 2815 ·
2466 2785 2616 2855 ὅμως
2650 2784 2743 2836 καὶ
2773 2781 2880 2834 τῶν
2909 2779 3016 2833 σῶν
3058 2778 3200 2849 πρὸς
3239 2778 3328 2831 τὸν
3363 2772 3512 2830 Δαυῒδ
3539 2775 3718 2837 ἐπαγγε-

2230 2877 2358 2930 λιῶν
2396 2876 2662 2943 τεύξεται.
2698 2874 2780 2927 Τὰ
2817 2873 2926 2946 γὰρ
2959 2871 3081 2942 ἐλέη
3115 2888 3236 2931 σου,
3265 2870 3449 2940 Κύριε,
3480 2866 3561 2920 καὶ
3581 2865 3609 2933 ἡ
3629 2860 3720 2929 ἀλή-

565 2973 833 3034 repctens.
867 2964 1044 3018 dicam
1087 2981 1102 3020 ;
1147 2964 1246 3018 Ubi
1291 2977 1410 3020 sunt
1447 2965 1819 3019 misericordia:
1857 2975 1961 3019 tua:
1992 2969 2128 3020 anti-

2232 2970 2354 3024 θειά
2379 2987 2472 3022 σου
2509 2972 2589 3032 εἰς
2614 2968 2704 3020 τὸν
2731 2967 2901 3021 αἰῶνα
2941 2963 3089 3035 μένει
3125 2963 3224 3016 καὶ
3249 2961 3364 3015 οὐδὲ
3406 2954 3477 3023 εἷς
3497 2957 3624 3024 λόγος
3646 2949 3723 3004 τῶν

565 3071 702 3124 qua,
742 3054 984 3120 Domine,
1033 3071 1164 3126 quas
1201 3055 1406 3125 jurasti
1455 3056 1623 3111 David
1662 3059 1716 3110 in
1755 3057 1970 3112 veritate
1995 3061 2130 3114 tua?

565 3156 618 3198 at
661 3162 769 3200 non
807 3146 996 3218 ignoro
1018 3154 1070 3201 te
1102 3151 1154 3202 in
1181 3148 1407 3204 veritate
1444 3148 1660 3216 iurasse
1696 3164 1905 3218 :quare
1935 3150 1986 3202 in
2013 3150 2130 3219 ipso

567 3238 837 3293 sermonis
884 3239 1112 3294 exordio
1167 3241 1369 3295 bonum
1417 3240 1568 3294 illum
1603 3241 1760 3296 finem
1809 3241 2128 3311 respiciens,

569 3328 816 3383 dicebam
843 3348 856 3384 :
883 3327 941 3382 Μ
945 3330 1278 3385 isericordias
1300 3330 1511 3385 Domini
1528 3333 1580 3385 in
1605 3341 1854 3387 attentum
1873 3332 2130 3388 cantabo:

568 3419 622 3472 in
653 3421 1035 3489 generationem
1081 3431 1132 3477 et
1164 3424 1546 3494 generationem
1587 3423 1910 3478 annuntiabo
1939 3425 2135 3478 verita—

570 3520 672 3563 tem
701 3518 846 3563 tuam
889 3511 940 3565 in
985 3527 1074 3566 ore
1127 3527 1273 3578 ntea;
1306 3528 1371 3570 ac
1403 3528 1620 3568 rursum
1671 3513 1785 3568 haec
1825 3513 2130 3584 loquebar:

569 3599 636 3653 In
667 3611 919 3656 a'termnn
947 3605 1308 3659 misericordia
1333 3605 1710 3676 wdiﬁcabitur,
1739 3606 1794 3659 in
1833 3606 1958 3660 calo
1997 3621 2137 3674 μνω-

571 3693 848 3760 parabitur
880 3696 1073 3748 veritas
1122 3705 1234 3751 tua.
1277 3695 1369 3750 Hae
1417 3711 1550 3768 ergo
1583 3696 1968 3752 misericordiae
2009 3707 2133 3763 tuae,

572 3783 818 3850 Domine,
846 3786 1067 3841 ubinam
1116 3788 1249 3853 sint,
1299 3787 1542 3843 ediscere
1587 3787 1789 3858 ﬂagito,
1821 3795 1876 3843 et
1914 3789 2004 3843 ubi
2047 3804 2139 3844 oc-

571 3875 729 3930 cultae
755 3875 979 3940 lateant,
1003 3878 1291 3947 etquando
1318 3886 1558 3933 ventura:
1587 3879 1715 3934 sint.
1746 3880 1814 3932 At
1829 3879 1972 3934 enim
2003 3894 2136 3950 snp-

2233 3061 2341 3115 σῶν
2365 3058 2705 3129 ἐπαγγελιῶν
2735 3057 3087 3112 διαπεσεῖται.
3113 3054 3179 3107 Εἰ
3221 3053 3278 3106 δὲ
3305 3052 3396 3106 καί
3421 3067 3546 3121 φημι
3566 3045 3640 3099 νῦν
3667 3043 3722 3098 εἰς

2232 3153 2536 3224 ὑπόμνησιν
2580 3149 2749 3204 ἐλθὼν
2795 3148 2904 3202 τῶν
2957 3147 3386 3218 συμϐησομένων
3438 3135 3720 3210 σκυθρωπῶν,

2231 3245 2356 3298 Ποῦ
2387 3244 2518 3297 ἐστι
2550 3243 2622 3297 τὰ
2647 3241 2787 3308 om
2821 3257 2937 3294 σου
2966 3239 3039 3293 τὰ
3080 3237 3323 3306 ἀρχαῖα,
3354 3235 3532 3303 Κύριε,
3559 3229 3589 3283 d
3612 3227 3721 3296 ὥμο·

2232 3352 2350 3402 σας
2405 3335 2484 3402 τῷ
2538 3333 2717 3389 Δαυῒδ
2779 3333 2849 3386 ἐν
2912 3330 2987 3399 τῇ
3045 3330 3300 3397 ἀληθείᾳ
3347 3342 3486 3387 σονς
3519 3322 3610 3378 ἀλλ’
3651 3318 3724 3370 οὐκ

2229 3426 2433 3496 ἀγνοῶ,
2468 3427 2550 3479 ὅτι
2601 3427 2658 3479 ἐν
2701 3427 2767 3495 τῇ
2808 3422 3034 3494 ἀληθείᾳ
3071 3420 3326 3490 ὤμοσας·
3368 3417 3534 3485 διόπερ
3575 3408 3648 3464 καὶ
3680 3409 3723 3458 ὲν

2234 3519 2376 3590 ἀρχῇ
2405 3517 2497 3570 τοῦ
2525 3517 2722 3580 παντὸς
2763 3513 2918 3582 λόγου
2953 3514 3032 3576 εἰς
3055 3510 3115 3564 τὸ
3139 3509 3376 3582 χρηστὸν
3402 3507 3532 3567 τέλος
3547 3496 3719 3590 ambil-

2236 3589 2353 3661 πων
2395 3607 2577 3676 ἔλεγον
2596 3625 2608 3637 ·
2653 3607 2727 3661 Τὰ
2763 3604 2905 3673 ἐλέη
2946 3605 3052 3658 τοῦ
3093 3605 3319 3672 Κυρίου
3361 3606 3442 3668 εὶς
3469 3601 3552 3654 τόν
3579 3589 3720 3648 αὶῶνιι

2236 3697 2456 3767 ᾄσομαι
2475 3716 2487 3726 ·
2514 3700 2601 3762 εἰς
2664 3697 2876 3766 γενεὰν
2920 3695 3017 3749 καὶ
3069 3696 3287 3765 γενεὰν
3334 3686 3598 3762 ἀπαγγελῶ
3632 3680 3722 3749 τὴν

2229 3787 2522 3855 ἀλήθειάν
2559 3805 2674 3842 σου
2703 3789 2773 3841 ἐν
2807 3788 2885 3853 τῷ
2917 3788 3168 3856 στόματί
3192 3804 3312 3856 μου
3333 3803 3346 3817 °
3381 3786 3465 3840 καὶ
3489 3780 3613 3834 πάλιν
3636 3773 3724 3826 ἐλε-

2238 3897 2360 3949 γον·
2406 3882 2507 3946 Εἰς
2553 3879 2660 3932 τὸν
2706 3879 2889 3933 αἰῶνα
2928 3879 3099 3944 ἕλεος
3144 3873 3646 3946 οἰκοδομηθήσεται,
3675 3864 3720 3915 ἐν

572 3965 715 4035 plico
743 3973 802 4020 ut
830 3968 945 4036 jam
997 3968 1254 4026 festinent
1281 3977 1337 4024 et
1389 3970 1610 4024 veniant
1658 3984 1724 4024 ac
1770 3949 2128 4024 inﬁrmitatem

2237 3969 2318 4035 τῷ
2345 3967 2576 4037 οὐρανῷ
2605 3966 3092 4038 ἑτοιμασθήσεται
3125 3966 3165 4033 ἡ
3203 3961 3444 4034 ἀλήθειά
3471 3976 3585 4014 σου.
3617 3949 3726 4006 Abii

573 4067 818 4115 nostram
857 4061 1178 4131 suscipiant.
1229 4061 1347 4117 Nisi
1389 4062 1537 4117 enim
1579 4061 1985 4117 misericordias
2015 4069 2128 4118 tuas

2239 4061 2282 4114 δ’
2311 4056 2402 4114 οὖν
2431 4064 2612 4115 ἐκεῖνα
2636 4061 2706 4114 τὰ
2745 4060 2867 4131 ἐλέη
2915 4075 3028 4123 σου,
3074 4057 3270 4130 Κύριε,
3311 4055 3407 4108 ποῦ
3447 4053 3548 4104 ἐστι
3586 4042 3727 4116 μαθεῖν

573 4151 829 4222 antiquas
850 4151 1174 4216 ostenderis,
1205 4167 1345 4222 quas
1373 4167 1481 4206 non
1504 4151 1665 4207 modo
1696 4152 2018 4222 promisisti,
2045 4152 2128 4209 sed

2263 4152 2420 4216 ἀξιῶ,
2445 4153 2540 4205 καὶ
2570 4151 2668 4204 ποῦ
2707 4150 2953 4206 λανθάνει
2986 4149 3364 4222 κρυπτόμενα,
3388 4144 3475 4198 καὶ
3499 4139 3606 4194 πότε
3624 4133 3744 4204 ἦξεισ.

573 4241 736 4297 etiam
765 4243 964 4313 iurasti
995 4242 1165 4298 David
1206 4243 1261 4298 in
1294 4242 1522 4299 veritate
1563 4249 1676 4306 tua,
1712 4242 1860 4298 nulla
1907 4242 2128 4296 homini-

2257 4243 2415 4298 Ἀλλά
2459 4244 2567 4316 γὰρ
2607 4243 2853 4307 ἱκετεύω,
2891 4241 3181 4296 σπευσάτω
3215 4240 3309 4294 νῦν
3342 4237 3430 4291 καὶ
3465 4231 3633 4305 ἡκέτω,
3663 4222 3728 4278 καὶ

507 4343 511 4346 ·
573 4333 675 4390 bus
698 4350 826 4409 spes
856 4335 1050 4392 saiutis
1079 4335 1425 4406 relinquitur.
1464 4332 1536 4390 Ut
1571 4343 1748 4390 autem
1791 4349 1972 4391 sermo
2010 4342 2128 4390 tuus

2241 4336 2591 4390 καταλαδέτω
2617 4336 2714 4406 τὴν
2739 4333 3007 4407 ἡμετέραν
3036 4331 3334 4388 ἀσθένειαν.
3363 4329 3421 4381 Ei
3445 4325 3541 4396 γὰρ
3563 4319 3623 4392 μὴ

572 4425 640 4481 de
664 4404 916 4482 tristibus
944 4425 1144 4481 futuris
1169 4404 1333 4482 verax
1368 4425 1489 4491 fuit,
1522 4425 1812 4496 omniaque
1849 4425 1940 4480 illa
1969 4426 2128 4480 conti-

2239 4427 2469 4494 δείξειας
2505 4445 2596 4480 σου
2636 4404 2703 4480 τά
2749 4404 2871 4497 έλέη
2907 4404 2977 4479 τὰ
3025 4427 3245 4496 ἀρχαῖα,
3292 4422 3429 4491 ἅπερ
3467 4417 3554 4485 οὐχ
3591 4404 3729 4464 ἁπλῶς

571 4527 768 4588 gerunt
797 4524 852 4572 et
887 4517 1153 4589 completa
1189 4525 1350 4584 sunt;
1393 4518 1466 4572 ita
1503 4525 1926 4572 consentaneum
1968 4523 2048 4572 est
2083 4526 2128 4571 ul

2242 4521 2576 4590 ἐπηγγείλω,
2601 4520 2738 4574 ἀλλά
2762 4496 3090 4590 καὶίῶμοσας
3114 4517 3193 4588 τῷ
3222 4514 3378 4569 Δαυῒδ
3405 4513 3458 4564 ἐν
3481 4510 3540 4579 τῇ
3557 4496 3726 4590 ἀληθείᾳν

576 4608 859 4664 meliorum
892 4608 1312 4678 pollicitationes
1352 4623 1463 4662 non
1513 4607 1678 4662 irrita:
1731 4607 1841 4662 sint
1881 4625 1895 4662 :
1945 4607 2128 4677 quibus

2247 4589 2362 4676 σου,
2387 4612 2608 4683 οὐδεμία
2628 4611 2867 4665 λείπεται
2891 4589 3198 4682 ἀνθρώποις
3219 4607 3369 4668 ἐλπὶς
3394 4596 3647 4670 σωτηρίαςο

574 4698 784 4753 scilicet
811 4699 970 4756 nobis
993 4701 1374 4754 annuntiatum
1394 4707 1498 4764 est,
1524 4706 1784 4754 aeternum
1814 4698 1930 4754 fore
1956 4714 2128 4755 semei:

2242 4701 2337 4759 οῦν
2381 4677 2744 4776 ὲπηλτήθευσεν
2789 4706 2817 4757 6
2855 4677 3010 4771 λόγος
3042 4703 3135 4756 ἐπὶ
3164 4700 3275 4754 τῶν
3313 4687 3633 4764 σκυθρωπῶν,
3665 4677 3728 4732 καὶ

579 4788 818 4858 Davidis,
847 4803 903 4847 et
926 4792 1182 4847 thronum
1204 4792 1324 4862 ejus
1350 4792 1523 4846 instar
1551 4791 1746 4847 solaris
1772 4791 1995 4848 luminis
2017 4791 2128 4846 uni-

2245 4795 2434 4865 γέγονε
2457 4796 2549 4849 καὶ
2576 4797 2888 4866 ἀπήντησεν
2915 4794 3150 4860 ἅπαντα,
3177 4793 3346 4854 οὕτως
3377 4779 3630 4842 ἀκόλουθόν
3645 4777 3727 4866 ἐστι

457 4905 467 4913 ·
578 4897 798 4938 versum
823 4883 1016 4938 orbem
1050 4883 1450 4938 illustraturum
1478 4897 1622 4938 esse.
1649 4881 1774 4936 Haec
1809 4882 1989 4953 itaque
2034 4882 2128 4937 illis

2246 4887 2339 4940 καὶ
2361 4887 2431 4939 τὰ
2470 4865 2749 4958 κρείττονα
2784 4886 2891 4940 τῶν
2925 4885 3264 4955 ἐπαγγελιῶν
3293 4883 3365 4954 μὴ
3393 4865 3726 4958 διαψεύσασθῆιζ

577 4973 708 5029 olim
731 4974 970 5044 antiquis
989 4975 1045 5030 in
1074 4982 1201 5030 voto
1235 4975 1406 5039 fuere,
1440 4981 1494 5030 et
1536 4974 1604 5028 ab
1633 4974 1699 5029 iis
1727 4973 1822 5042 qui
1865 4951 2128 5044 propheti-

2245 4978 2311 5032 δι’
2328 4973 2402 5032 ὧν
2417 4980 2448 5032 6
2461 4951 2614 5046 λόγος
2635 4981 2764 5049 ἡμῖν
2790 4951 3174 5049 εὐηγγελίσατο
3185 4951 3314 5028 αἰών
3321 4951 3392 5025 ιον
3409 4967 3600 5038 σπέρμα
3611 4951 3728 5049 MU?

575 5081 767 5124 carum
796 5081 988 5121 vocum
1015 5066 1356 5122 meditationi
1377 5066 1543 5121 dediti
1575 5072 1732 5121 erant
1759 5067 2122 5136 exspectaban

2252 5069 2348 5122 καὶ
2360 5044 2544 5139 θρόνον
2559 5044 2722 5122 αὐτοῦ
2750 5044 3064 5140 δίκην-ἡλίου
3081 5066 3252 5138 φωτὸς
3269 5057 3651 5129 καταλάμψαντα
3674 5044 3728 5140 (ξ)

573 5169 669 5216 tur
697 5177 712 5214 :
741 5173 770 5212 a
801 5159 959 5215 nobis
986 5174 1115 5214 vero
1145 5159 1279 5230 ipsis
1299 5159 1558 5229 operibus
1575 5158 1842 5228 completa
1868 5155 2128 5211 videntur.

2248 5160 2428 5212 πᾶσαν
2463 5161 2562 5230 τὴν
2605 5161 2712 5214 τῶν
2751 5159 3050 5233 ἀνθρώπων
3105 5157 3438 5229 οἰκουμένην.
3476 5148 3633 5203 Ταῦτα

564 5270 669 5324 .pet'
727 5228 1245 5306 consummationem
1280 5228 1462 5304 rerum
1509 5265 1628 5320 quae
1685 5247 1740 5302 in
1787 5245 2066 5304 Salvatore
2093 5262 2128 5304 ei

2248 5247 2340 5306 οῦν
2359 5254 2417 5306 ἐν
2433 5253 2614 5324 εὐχαῖς
2629 5253 2802 5307 ἔκειτο
2816 5256 2925 5319 τοῖς
2945 5253 3206 5316 παλαιοῖς,
3219 5251 3312 5305 καὶ
3325 5238 3728 5330 προσεδοκᾶτοτῆς

577 5344 809 5400 Domino
852 5350 1042 5399 nostro
1066 5339 1197 5398 Jesu
1225 5341 1445 5396 Christo
1473 5339 1724 5410 perfecta:
1750 5348 1900 5395 sunt.

2246 5342 2344 5405 τὰς
2369 5345 2710 5415 προφητικάκ
2736 5344 2916 5414 φωνὰς
2945 5337 3377 5416 μεμελετηκόσινο
3399 5324 3728 5407 invasam;

574 5437 755 5509 ἔργοις
802 5435 996 5506 ὁρᾶται
1027 5433 1452 5504 πεπληρωμένα,
1501 5431 1588 5485 διὰ
1613 5432 1720 5490 τῶν
1758 5434 1840 5496 είς
1860 5431 1952 5488 τὸν
1991 5432 2219 5504 Σωτῆρα
2268 5436 2362 5490 καὶ
2413 5437 2613 5511 Κύριον
2657 5439 2814 5510 ἡμῶν
2852 5437 3054 5510 Ἰησοῦν
3077 5435 3302 5508 Χριστὸν
3329 5417 3728 5520 ἀποτελεσμάτων.

2325 5566 2403 5646 (ἲ)
2426 5574 2733 5646 Lpgendum
2763 5576 2972 5629 videtur
3002 5573 3149 5646 παρά
3178 5569 3269 5646 τοῦ
3289 5561 3524 5646 Χριστοῦ.
3549 5553 3678 5610 Enn.

651 5579 728 5640 (l)
765 5575 977 5637 Graios.
1002 5574 1279 5646 ῥυόμενον,
1309 5569 1766 5646 ἀνακαλούμενον,
1789 5571 1966 5646 active
1984 5571 2146 5646 etiam

2327 5635 2406 5719 (5')
2438 5644 2479 5702 F
2481 5635 2536 5703 οἶ
2549 5659 2598 5704 ιο
2619 5647 2904 5719 legendum
2927 5635 3354 5714 καταλάμψονταζ
3380 5635 3523 5690 Enn.

582 5638 733 5701 reddi
771 5638 1021 5716 possunt,
1055 5638 1296 5716 nempe”:
1324 5643 1412 5714 qui
1440 5638 1598 5696 eruat
1618 5651 1669 5696 et
1696 5651 1912 5698 revocet.
1937 5638 2149 5699 Judicet

591 5720 757 5773 lector
776 5713 977 5774 'utrum
1003 5713 1227 5774 rectius.
1256 5713 1407 5772 Enn.
