3990 6202
281 285 426 340 Ilii

1387 294 1890 353 COMMENTARIA
1927 299 1996 355 IN
2038 297 2358 356 PSALMOS

3407 300 3546 358 H22

355 405 689 475 Μνήσθήτι,
722 408 919 479 Κύριε,
962 412 1068 467 τοῦ
1106 415 1448 485 ὀνειδισμοῦ
1481 416 1599 471 τῶν
1626 418 1862 473 δούλων

2035 419 2202 477 Vens.
2257 420 2442 477 iit-5'5.
2513 417 2715 474 Memor
2766 429 2899 484 esto,
2978 420 3217 485 Domine,
3281 433 3546 493 opprobrii

278 515 435 562 σουο,
487 495 576 554 οὗ⁸
619 500 894 571 ’ὑπέσχον
951 505 1020 557 ἐν
1059 505 1140 572 τῷ
1187 509 1393 576 κόλπῳ
1439 526 1561 577 μου
1612 509 1861 565 πολλῶν

277 590 507 645 ἐθνῶν·
545 588 618 648 οὗ
673 593 992 650 ὼνείδισαν
1037 600 1092 651 οἱ
1132 599 1332 668 ἐχθροί
1376 617 1514 662 σου,
1546 605 1746 670 Κύριε,
1787 599 1859 660 οὗ

277 681 605 738 ὡνείὄισαν
629 686 695 738 τὸ
725 687 1118 759 ἀντάλλαγμα
1147 693 1251 744 τοῦ
1275 693 1530 760 Χριστοῦ
1564 710 1702 748 σου.
1749 696 1862 750 Εὑ-

278 777 543 845 λογητὸς
584 779 800 846 Κύριος
825 783 912 846 είς
945 781 1053 835 τὸν
1088 783 1303 838 αἰῶνα·
1331 785 1582 855 γένοιτο,
1612 787 1860 858 γένοιτο.

297 869 433 923 ’Ἀπὸ
457 869 553 924 τοῦ
591 873 1030 944 προτεταγμένον
1063 876 1430 949 διαψάλματος
1461 879 1608 934 δοκεῖ
1639 898 1727 952 μοι
1769 899 1864 952 με-

281 961 486 1034 ταϐολὴ
545 964 828 1032 γεγονέναι
901 967 1003 1036 τῆς
1069 967 1326 1034 διανοίας.
1399 971 1471 1023 Τὸ
1527 971 1659 1040 γοῦν
1723 973 1864 1026 θεῖον

282 1054 533 1127 Πνεῦμα,
568 1055 863 1128 εὐξάμενον
895 1059 1037 1131 ὑπὲρ
1076 1061 1171 1114 τοῦ
1212 1061 1342 1116 λαοῦ
1387 1063 1473 1118 διὰ
1513 1065 1620 1117 τῶν
1660 1064 1866 1136 ἐμπρο-

282 1145 438 1210 σθεν,
467 1147 566 1211 τὰς
593 1150 925 1218 ἐπαγγελίας
949 1150 1043 1204 τοῦ
1070 1152 1203 1206 Θεοῦ
1231 1155 1581 1226 προκαλεῖται
1609 1156 1718 1209 ἀπὸ
1747 1155 1865 1220 τοῦ,

279 1239 412 1292 Ποῦ
435 1238 566 1293 ἐστι
604 1238 676 1293 τὰ
698 1240 838 1308 eam
866 1256 984 1296 σου
1017 1244 1089 1297 τὰ
1121 1244 1358 1313 ἀρχαῖα,
1401 1246 1613 1313 Κύριε;
1644 1245 1866 1318 ἀξιοῖδὲ

278 1330 386 1402 ἤδη
416 1333 546 1385 ποτὲ
592 1333 877 1404 ἐπιστῆναι
918 1334 1026 1387 τῶν
1066 1337 1446 1408 χρηστοτέρων
1495 1338 1565 1391 τὰ
1607 1339 1868 1393 ἀποτελέ-

279 1437 490 1491 σματα,
525 1420 561 1475 ἆ
586 1421 799 1492 ὤμοσεν
823 1425 851 1476 6
888 1423 1022 1489 Θεὸς
1056 1425 1134 1496 τῷ
1158 1426 1318 1478 Δαυῒδ
1349 1428 1405 1479 ἐν
1428 1430 1494 1498 τῇ
1517 1426 1740 1499 ἀληθείᾳ
1769 1429 1868 1481 αὐ-

276 1513 400 1566 τοῦ.
446 1511 579 1567 Εἶτα
611 1515 920 1587 παρακαλεί
964 1518 1270 1589 μνησθῆναι
1303 1520 1397 1573 τοῦ
1430 1521 1735 1592 όνειδισμοῦ
1761 1521 1868 1575 τῶν

275 1603 484 1658 δούλων
510 1605 696 1659 αὐτοῦ.
714 1597 802 1670 Ὠς
829 1607 938 1680 γὰρ
967 1608 1069 1680 ἤδη
1101 1609 1308 1675 λοιπὸν,
1338 1611 1478 1665 κατὰ
1503 1611 1564 1665 τὸ
1593 1629 1870 1684 σεσιωπη-

1966 527 2235 565 seruorum
2276 521 2507 576 tuorum,
2555 511 2695 582 quod
2745 511 2981 564 continui
3028 513 3080 565 in
3116 513 3236 565 sinu
3267 529 3379 566 meo
3409 515 3546 572 mut-

1965 614 2142 658 tarum
2183 606 2411 675 gentium
2446 603 2625 674 :quod
2674 602 3119 672 exprobrauerunt
3186 604 3392 658 inimici
3443 605 3543 668 tui,

1966 696 2206 760 Domine,
2247 696 2386 767 quod
2427 696 2870 763 exprobrauerunt
2892 697 3358 750 commutationem
3391 695 3547 751 Cltrio

1963 783 2032 836 sti
2061 782 2159 837 tui.
2193 780 2503 836 Benedictus
2540 781 2798 837 Dominus
2853 783 2905 835 in
2937 791 3233 847 internum;
3265 783 3382 852 ﬁat,
3425 783 3541 852 ﬁat.

1963 869 2008 925 Δ
2055 871 2340 941 praemisso
2389 871 2747 941 diapsalmate
2800 871 3010 926 videtur
3074 871 3208 927 mihi
3260 873 3545 928 sententiae

1968 962 2328 1016 mutationem
2379 961 2652 1016 invectam
2688 978 2831 1018 esse.
2874 961 3008 1016 Nam
3057 962 3297 1032 Spiritus
3326 964 3544 1019 divinus

1969 1069 2068 1124 pro
2103 1055 2306 1125 populo
2336 1061 2590 1125 precatus
2630 1053 2683 1109 in
2708 1055 3108 1124 superioribus,
3153 1056 3422 1125 promissa
3449 1055 3540 1110 Dei

1969 1152 2031 1199 ut
2055 1145 2312 1201 eveniant
2349 1145 2452 1200 hoc
2477 1144 2624 1200 dicto
2655 1147 2914 1216 postulat,
2946 1145 3046 1199 Ubi
3085 1156 3206 1200 sunt
3246 1148 3545 1202 misericor-

1969 1236 2076 1290 dia:
2109 1247 2214 1290 tua:
2261 1240 2516 1308 antiquet,
2568 1236 2837 1294 Domine?
2888 1247 3044 1308 rogat
3094 1246 3273 1293 autem
3335 1247 3394 1292 ut
3429 1239 3541 1310 jam

1968 1329 2224 1383 eveniant
2282 1330 2568 1384 meliorum
2619 1331 2834 1385 illorum
2870 1331 3286 1402 complementa,
3312 1348 3432 1403 qua:
3453 1333 3545 1402 ju-

1972 1421 2110 1474 ravit
2147 1419 2290 1476 Deus
2325 1420 2497 1476 David
2547 1422 2600 1476 in
2629 1422 2860 1478 veritate
2891 1438 3010 1479 sua.
3055 1422 3259 1479 Deinde
3290 1434 3546 1495 precatur

1972 1523 2031 1566 ut
2074 1528 2281 1568 memor
2326 1513 2400 1569 sit
2445 1515 2725 1585 opprobrii
2768 1531 3048 1570 servorum
3104 1531 3351 1571 suorum.
3408 1516 3541 1572 Nam

1973 1605 2132 1674 quasi
2153 1604 2292 1674 jam,
2317 1616 2376 1659 ut
2408 1607 2578 1660 tacite
2602 1606 2833 1676 judicat,
2859 1608 3034 1662 tristia
3075 1609 3163 1663 illa
3193 1610 3346 1680 prius
3380 1626 3546 1665 enun-

280 1696 472 1767 μένον,
508 1699 877 1771 χωρησάντων
922 1703 1002 1765 εἰς
1038 1701 1174 1773 ἔργα
1221 1703 1330 1756 τῶν
1382 1706 1865 1777 προηγορευμένων

1973 1698 2122 1761 tiata,
2150 1712 2314 1768 Opere
2355 1696 2593 1766 perfecta
2625 1699 2756 1763 sint,
2793 1715 2917 1754 cum
2952 1701 3158 1755 inimici
3183 1701 3338 1755 multi
3379 1710 3432 1756 et
3457 1719 3546 1772 po-

276 1789 645 1862 σκυθρωπῶν,
692 1793 901 1849 πολλῶν
927 1813 986 1848 τε
1022 1797 1230 1868 ἐχθρῶν
1269 1799 1364 1852 καὶ
1394 1797 1562 1852 ἐθνῶν
1590 1801 1870 1872 ἐπικειμέ-

273 1897 389 1936 νων
427 1884 520 1936 καὶ
549 1882 916 1948 ὀνειδιζόντων
948 1889 1073 1950 τούς
1113 1888 1330 1953 δούλους
1369 1890 1462 1942 τοῦ
1504 1889 1640 1944 Θεοῦ
1683 1891 1772 1944 διὰ
1798 1893 1866 1946 τὰ

275 1974 700 2046 συμϐεϐηκότα,
746 1977 844 2049 τὴν
891 1979 1031 2052 ὑπὲρ
1072 1980 1277 2034 τούτων
1332 1981 1497 2053 εὐχὴν
1550 1983 1866 2054 ἀναπέμπει

271 2064 440 2133 λέγον
461 2083 476 2096 ⁸
502 2066 838 2135 Μνήσθητι,
865 2071 1060 2138 Κύριε,
1082 2071 1191 2124 τοῦ
1213 2071 1555 2140 ὀνειδισμοῦ
1585 2073 1703 2126 τῶν
1729 2073 1868 2128 δού-

268 2162 406 2212 λων
443 2171 580 2214 σου.
647 2161 790 2215 Ἀντὶ
818 2161 935 2227 τοῦ,
990 2159 1073 2219 Ub
1117 2163 1394 2233 ὑπέσχον
1429 2165 1498 2217 ἐν
1535 2164 1616 2230 τῷ
1661 2166 1867 2230 κόλπῳ

265 2269 398 2320 μου
428 2251 679 2305 πολλῶν
711 2252 923 2317 ἐθνῶν,
969 2255 1302 2328 σαφέστερον
1340 2259 1368 2310 ό
1408 2257 1637 2320 Ἀκύλας
1675 2257 1867 2323 ἐξέδω-

273 2358 378 2394 κεν
424 2339 619 2404 εἰπὼν,
662 2340 948 2409 Αἵροντός
986 2360 1107 2410 μου
1132 2343 1203 2396 ὲν
1241 2344 1446 2410 κόλπῳ
1494 2342 1692 2409 πάσας
1741 2340 1867 2398 ἀδι-

274 2435 418 2500 κίας
475 2432 677 2488 λαῶν’
726 2435 755 2487 6
805 2434 863 2488 δὲ
919 2434 1235 2505 Σύμμαχος,
1281 2434 1616 2489 Ἐϐἀστασα
1667 2435 1738 2489 ὲν
1788 2434 1868 2501 τῷ

274 2529 488 2593 κόλπῳ
505 2545 624 2596 μου
650 2526 893 2580 πάντων
923 2527 1044 2581 τῶν
1069 2527 1282 2581 ἐθνῶν.
1328 2529 1392 2580 Οἱ
1434 2529 1530 2600 μὲν
1554 2525 1648 2582 οῦν
1683 2528 1868 2584 ὀνειδι-

274 2619 502 2691 ζόμενοι
535 2621 582 2672 ot
620 2619 796 2672 δοῦλοί
828 2621 934 2674 εἰσι
972 2619 1065 2673 τοῦ
1101 2620 1268 2674 Θεοῦο
1305 2622 1386 2675 διὸ
1428 2621 1664 2690 ἔφασκεο
1701 2620 1864 2686 Μνή-

273 2716 478 2779 σθητι,
525 2714 724 2780 Κύριε,
762 2712 869 2766 τοῦ
911 2713 1258 2782 όνειδισμοῦ
1297 2713 1416 2768 τῶν
1447 2713 1685 2768 δούλων
1709 2731 1824 2769 σου
1846 2732 1863 2745 °

274 2807 328 2858 οῖ
370 2803 427 2857 δὲ
468 2801 820 2868 ὀνειδίζοντες
863 2805 912 2856 οἱ
956 2805 1141 2875 ἐχθροὶ
1181 2803 1276 2857 τοῦ
1302 2805 1471 2857 Θεοῦ·
1513 2805 1597 2858 διὸ
1624 2805 1866 2874 ἐπιλέγει

276 2897 428 2968 ἐξῆς,
459 2893 541 2953 Οὗ
571 2897 893 2951 ὠνείδισαν
920 2901 973 2950 οι
994 2897 1198 2966 ἐχθροί
1222 2913 1360 2963 σου,
1388 2899 1584 2966 Κύριε,
1611 2895 1682 2954 οὗ
1710 2898 1868 2953 ὠνεί-

274 2992 464 3043 δισαν
506 2989 571 3042 τὸ
611 2988 1003 3059 ἀντάλλαγμα
1049 2989 1157 3043 τοῦ
1207 2989 1467 3056 Χριστοῦ
1525 3005 1662 3044 σου.
1705 2990 1762 3043 Ὀ
1807 2990 1866 3044 δὲ

277 3079 454 3133 ταῦτα
478 3079 612 3152 πρὸς
636 3080 728 3133 τὸν
752 3079 884 3133 Θεὸν
913 3080 1087 3149 λέγων
1116 3081 1200 3151 εἴη
1229 3080 1295 3134 ἂν
1319 3081 1348 3132 6
1376 3081 1640 3153 σωτήριος
1670 3082 1862 3149 Λόγος,

1975 1788 2084 1858 puli
2113 1788 2339 1853 instent,
2367 1795 2420 1843 et
2453 1803 2642 1843 servos
2683 1789 2774 1845 Dei
2818 1799 3040 1862 prepter
3078 1808 3140 1846 ea
3183 1808 3304 1864 quae
3333 1793 3545 1848 accide-

1973 1889 2093 1934 rant
2121 1881 2436 1952 opprobriis
2465 1890 2716 1946 onerent,
2748 1899 2849 1954 pro
2881 1885 2988 1940 illis
3025 1883 3118 1940 Dei
3165 1886 3384 1942 famulis
3419 1903 3543 1949 ora-

1969 1976 2170 2030 tionem
2199 1975 2397 2030 emittit
2426 1974 2616 2030 diccns
2641 1995 2654 2030 :
2692 1975 2892 2030 Memor
2923 1988 3054 2042 esto,
3085 1977 3322 2043 Domine,
3354 1995 3543 2048 oppro-

1969 2067 2070 2120 brii
2092 2084 2361 2122 seruorum
2394 2078 2628 2123 tuorum.
2661 2067 2770 2124 Pro
2820 2070 2914 2125 illo
2943 2079 3146 2138 autem,
3179 2070 3332 2137 Quod
3375 2074 3536 2124 conti-

1967 2159 2061 2212 nui
2089 2160 2141 2212 in
2173 2161 2294 2214 sinu
2332 2177 2444 2214 meo
2499 2161 2790 2214 multarum
2816 2163 3072 2232 gentium,
3107 2163 3314 2220 clarius
3348 2163 3543 2234 Aquila

1967 2250 2136 2305 edidit
2172 2250 2382 2314 dicens,
2415 2250 2503 2306 Me
2529 2253 2726 2321 ferente
2763 2255 2817 2308 in
2842 2257 2960 2309 sinu
3010 2272 3188 2310 omnes
3239 2256 3544 2327 iniquitates

1964 2343 2319 2411 populorum;
2358 2343 2720 2414 Symmachus
2766 2355 2970 2410 autem,
3021 2347 3145 2401 Tuti
3181 2349 3236 2402 in
3276 2349 3394 2402 sinu
3433 2366 3544 2403 meo

1966 2439 2201 2490 omnium
2232 2436 2489 2506 gentium.
2524 2435 2626 2502 Qui
2655 2437 2839 2506 itaque
2863 2438 3174 2508 opprobriis
3207 2439 3540 2504 aﬂiciuntur,

1966 2529 2110 2584 servi
2144 2527 2238 2583 Dei
2270 2536 2400 2582 sunt
2427 2547 2440 2582 :
2470 2543 2642 2598 quare
2661 2528 2897 2592 dicebat,
2916 2528 3117 2583 Memor
3136 2540 3268 2594 esto,
3297 2530 3540 2594 Domine,

1967 2620 2234 2689 opprobrii
2266 2636 2534 2674 seruorum
2587 2629 2834 2683 tuorum;
2871 2621 2963 2690 qui
3015 2628 3198 2675 autem
3247 2624 3542 2692 opprobria

1969 2712 2233 2776 inferunt,
2265 2719 2392 2767 sunt
2429 2711 2638 2766 inimici
2683 2710 2778 2765 Dei
2809 2731 2822 2766 :
2858 2711 3211 2782 quamobrem
3262 2713 3543 2784 subjungit

1968 2816 2174 2875 postea.
2210 2803 2362 2870 Quod
2401 2804 2849 2873 exprobrauerunt
2898 2803 3100 2856 inimici
3147 2803 3246 2866 tui,
3297 2802 3540 2868 Domine,

1966 2898 2104 2969 quod
2153 2897 2600 2964 exprobrauerunt
2660 2896 3127 2949 commutationem
3178 2894 3382 2950 Christi
3443 2899 3539 2950 tui.

1966 2990 2071 3058 Qui
2095 2999 2276 3045 autem
2311 2991 2425 3044 hrec
2465 2988 2576 3044 Deo
2608 2989 2761 3052 dicit,
2791 2989 3027 3044 salutare
3078 2987 3317 3043 Verbum
3356 2988 3541 3051 fuerit,

1967 3084 2115 3154 quod
2165 3083 2220 3138 in
2271 3083 2394 3138 sinu
2469 3099 2570 3138 suo
2617 3083 2933 3152 iniquitates
2987 3082 3311 3152 populorum
3380 3083 3540 3137 tollit.

281 3172 314 3223 6
343 3171 513 3242 αἴρων
542 3174 599 3226 ἐν
630 3171 707 3242 τῷ
750 3172 945 3226 ἐαυτοῦ
976 3172 1162 3242 κόλπῳ
1191 3172 1290 3236 τὰς
1316 3172 1530 3237 ἀδικίας
1558 3174 1667 3228 τῶν
1695 3174 1856 3228 λαῶν.

1968 3173 2335 3230 Commutatio
2365 3183 2544 3228 autem
2580 3173 2785 3230 Christi
2837 3188 2946 3243 quo
2985 3188 3150 3228 sensu
3182 3174 3326 3228 dieta
3359 3172 3541 3237 fuerit,

298 3258 674 3331 ’Δντάλλαγμα
707 3261 765 3314 δὲ
804 3260 898 3314 τοῦ
927 3262 1166 3334 Χριστοῦ
1199 3264 1347 3327 ὃπως
1374 3265 1610 3336 εἴρηται,
1651 3267 1863 3337 νοήσεις

1965 3282 2031 3322 ex
2066 3267 2379 3337 Symmachi
2423 3267 2872 3336 interpretatione
2916 3265 3206 3336 intelliges,
3258 3281 3363 3335 qua
3409 3264 3544 3318 diei-

281 3350 395 3403 ἀπὸ
440 3351 539 3423 τῆς
581 3351 673 3405 τοῦ
721 3355 1019 3425 Συμμάχου
1066 3356 1383 3426 ἑρμηνείας,
1416 3357 1482 3410 δι’
1528 3353 1595 3430 ἧς
1626 3359 1858 3430 εῑρηται,

1968 3367 2076 3424 tur,
2108 3359 2264 3426 Quod
2293 3360 2735 3430 exprobrauerunt
2767 3358 2982 3428 uestigia
3011 3356 3209 3412 Christi
3239 3358 3338 3412 tui.
3370 3359 3546 3412 Inces-

285 3438 372 3499 οὗ
404 3443 728 3498 mrem,»
757 3447 830 3499 τὰ
854 3445 993 3514 ιχνη
1025 3446 1129 3500 τοῦ
1152 3447 1410 3516 Χριστοῦ
1440 3465 1579 3504 σου.
1610 3450 1720 3522 Τὴν
1753 3452 1864 3522 γὰρ

1968 3465 2088 3506 sum
2134 3452 2277 3506 enim
2333 3451 2538 3507 Christi
2576 3449 2668 3505 Dei
2715 3458 2767 3505 et
2811 3451 2953 3505 viam
2994 3451 3113 3520 ejus
3152 3449 3207 3503 in
3261 3450 3540 3519 passione,

283 3535 512 3606 πορείαν
543 3535 635 3588 τοῦ
669 3536 904 3608 Χριστοῦ
947 3536 1040 3590 τοῦ
1079 3537 1214 3592 Θεοῦ
1267 3539 1360 3592 καὶ
1399 3539 1498 3611 τὴν
1526 3540 1644 3593 όδὸν
1696 3541 1862 3594 αὐτοῦ

1968 3543 2194 3614 vestigia
2239 3545 2367 3599 item
2402 3544 2456 3597 in
2480 3543 2731 3597 humana:
2758 3542 2882 3597 vitae
2937 3559 3050 3597 sua:
3082 3543 3410 3608 oeconomia,
3442 3540 3544 3596 hac

279 3631 380 3702 τὴν
411 3631 552 3685 κατὰ
582 3633 641 3686 τὸ
673 3633 863 3696 πάθος,
891 3633 961 3695 τά
989 3650 1050 3687 τε
1079 3634 1199 3704 ἴχνη
1233 3633 1334 3702 τῆς
1363 3634 1504 3688 κατὰ
1533 3636 1626 3690 τὸν
1657 3635 1865 3708 ἀνθρὼ-

1968 3637 2180 3692 ratione
2215 3637 2603 3692 subindicavit.
2646 3635 2772 3691 llaec
2822 3635 2968 3690 enim
3011 3635 3344 3704 exprobrare
3386 3634 3546 3691 nobis

281 3740 438 3777 πινον
472 3723 586 3794 βίον
631 3725 960 3796 οἰκονομίας,
1005 3724 1194 3779 τοῦτον
1239 3724 1458 3797 ᾐνίξατο
1501 3727 1592 3780 τὸν
1640 3728 1861 3798 τρόπον.

280 3815 470 3869 Ταῦτα
510 3817 620 3887 γὰρ
649 3816 903 3870 είὼθασιν
950 3814 1227 3881 ὀνειδίζειν
1267 3818 1400 3887 ἡμῖν
1441 3818 1491 3869 ol
1537 3816 1721 3888 ἐχθροὶ
1769 3815 1864 3869 τοῦ

280 3909 442 3964 θεοῦ.
501 3909 662 3962 Ἀλλὰ
715 3909 823 3981 γὰρ
875 3909 951 3973 ὡς
999 3908 1358 3973 ἐπακουσθεὶς
1413 3908 1510 3963 καὶ
1569 3909 1866 3970 πιστεύσας

279 4000 569 4066 τεύξεσθαι
592 4001 700 4054 τῶν
730 4001 930 4072 εὐχῶν,
958 4001 1183 4065 ἐλπίσας
1225 4017 1284 4054 τε
1386 4001 1548 4070 τάχος
1576 4001 1865 4070 ἐπιστήσε-

284 4093 412 4148 σθαι
445 4093 544 4157 τὰς
569 4094 706 4166 πρὸς
728 4094 820 4147 τὸν
847 4093 1009 4146 Δαυῒδ
1036 4093 1364 4164 ἐπαγγελίας
1391 4094 1484 4148 τοῦ
1514 4095 1670 4158 Θεοῦ,
1693 4094 1754 4147 τὸ
1782 4095 1869 4148 τέ-

283 4185 376 4248 λος
400 4183 496 4237 τοῦ
523 4183 722 4246 παντὸς
752 4183 910 4250 λόγου
945 4182 1032 4236 διὰ
1059 4183 1160 4253 τῆς
1203 4181 1551 4252 εὐχαριστίας
1581 4181 1675 4234 καὶ
1718 4179 1869 4233 εὐλο-

284 4277 412 4346 γίας
441 4274 892 4346 ἐπισφραγίζεται
924 4273 1124 4343 λέγων·
1161 4272 1506 4343 Εὐλογητὸς
1542 4273 1755 4340 Κύριος
1780 4275 1866 4337 εις

285 4373 395 4422 τὸν
424 4367 641 4423 αἰῶνα*
668 4369 814 4438 ἡμᾶς
840 4384 898 4420 τε
916 4366 1154 4420 διδάσκει
1183 4365 1622 4438 προσυπακούειν
1646 4365 1728 4428 τὸ,
1760 4364 1864 4418 Γέ-

284 4476 470 4523 νοιτο,
501 4459 752 4529 γένοιτο,
781 4460 918 4531 ὅπερ
940 4459 1086 4511 ἐστὶν
1101 4456 1362 4530 Ἐϐραῖκὴ
1386 4457 1570 4528 φωνὴ(
1579 4457 1651 4528 1),
1670 4456 1866 4526 Ἀμὴν,

1968 3725 2145 3781 solent
2178 3725 2384 3780 inimici
2417 3724 2532 3780 Dei.
2557 3723 2758 3780 Verum
2793 3726 2882 3780 ille
2907 3725 3062 3795 quasi
3085 3724 3394 3788 exauditus,
3426 3739 3543 3779 cer-

1968 3827 2168 3888 tusque
2227 3833 2286 3873 se
2339 3827 2462 3872 vota
2511 3826 2960 3884 consecuturum,
3007 3831 3070 3870 ac
3103 3830 3331 3887 sperans
3380 3830 3544 3887 quam

1968 3907 2204 3978 primum
2233 3907 2536 3978 implendas
2561 3923 2684 3962 esse
2705 3906 2799 3963 Dei
2833 3908 2898 3962 ad
2922 3907 3179 3963 Davidem
3217 3906 3391 3963 factas
3417 3921 3546 3978 pro-

1969 4000 2282 4064 missiones,
2302 4001 2577 4056 sermonis
2609 4001 2778 4056 totius
2812 4001 2972 4056 linem
3002 4002 3301 4072 gratiarum
3332 3999 3547 4054 aCtione

1966 4101 2022 4150 et
2051 4093 2431 4149 benedictione
2464 4093 2719 4166 obsignat
2749 4094 2963 4157 dicens,
3001 4092 3319 4148 Benedictus
3362 4091 3548 4146 Domi-

1969 4203 2067 4242 nus
2089 4189 2143 4241 in
2169 4196 2460 4241 internum:
2481 4203 2692 4258 nosque
2709 4186 2902 4243 edocet
2930 4186 3368 4258 respondendum
3397 4199 3542 4246 esse,

1972 4277 2124 4342 Fiat,
2159 4280 2279 4349 ﬁat,
2310 4279 2455 4349 quod
2487 4277 2753 4333 llebraica
2808 4293 2941 4332 voce
2989 4287 3094 4342 est,
3129 4278 3316 4342 Amen,
3370 4292 3542 4330 amen.

1971 4370 2047 4428 De
2078 4370 2434 4440 diapsalmate
2473 4386 2601 4424 vero
2624 4368 2766 4439 quod
2787 4370 3105 4438 plerumque
3127 4367 3410 4432 inseritur,
3429 4367 3544 4422 lucc

1971 4461 2201 4517 dicenda
2233 4469 2381 4515 sunt.
2406 4459 2588 4513 Prima
2622 4459 2714 4513 Dei
2770 4457 3062 4528 promissio
3112 4457 3270 4512 initio
3309 4458 3544 4527 prolata,

285 4550 470 4621 ἀμήν.
518 4551 652 4621 Περὶ
681 4550 736 4604 δὲ
777 4551 869 4603 τοῦ
916 4549 1305 4620 διαψάλματος,
1354 4549 1614 4613 πολλάκις
1666 4547 1865 4619 μεταξύ

1971 4561 2110 4614 erat,
2139 4549 2391 4620 Disposui
2412 4557 2798 4610 testamentum,
2822 4555 2896 4610 et,
2917 4545 3107 4600 Juraui
3138 4545 3332 4610 David,
3361 4555 3415 4601 et
3442 4564 3544 4602 ca:-

286 4644 832 4716 παρεμϐεϐλημένου,
870 4643 1042 4698 ταῦτα
1067 4645 1304 4697 λεκτέον.
1323 4645 1387 4698 Ἠ
1415 4644 1606 4716 πρώτη
1629 4646 1868 4712 ἐπαγγε-

284 4735 378 4788 λία
411 4735 505 4789 τοῦ
532 4737 669 4789 Θεοῦ
707 4738 766 4790 ὲν
807 4737 949 4807 ἀρχῇ
985 4735 1236 4805 λεχθεῖσα
1278 4741 1542 4808 περιεῖχε,
1583 4735 1866 4805 Διεθέμην

284 4827 603 4898 διαθήκην,
623 4831 738 4893 καὶ,
761 4831 990 4899 Ὠμοσα
1013 4827 1214 4892 Δαυϊδ,
1242 4829 1337 4882 καὶ
1366 4829 1437 4883 τὰ
1465 4829 1610 4899 ἑξῆς·
1631 4826 1748 4881 εἶτα
1773 4827 1866 4880 τοῦ

284 4921 656 4992 διαψάλματος
705 4921 1123 4993 παρατεθέντος,
1163 4920 1484 4991 μεταϐαλὼν
1531 4924 1561 4975 6
1607 4921 1764 4989 λόγος
1803 4917 1866 4971 τὸ

287 5013 597 5083 πρόσωπον,
627 5013 868 5082 ἐπιλέγει
889 5031 901 5044 ’
941 5012 1514 5083 Ἑξομολοτήσονται
1541 5017 1594 5067 οι
1619 5011 1863 5080 οὐρανοὶ

285 5107 363 5160 τὰ
397 5105 700 5175 θαυμάσιά
735 5123 884 5161 σου·
920 5095 1034 5160 καί⁵
1061 5107 1244 5170 πάλιν,
1291 5107 1624 5174 ἐπαγγελίας
1657 5105 1866 5176 λεχθεί-

289 5211 393 5264 σης
437 5195 503 5248 ἐκ
546 5195 834 5268 προσώπου
879 5195 974 5248 τοῦ
1004 5196 1141 5249 Θεοῦ
1187 5197 1286 5266 τῆς
1327 5197 1434 5248 ἀπὺ
1464 5196 1581 5258 τοῦ,
1621 5195 1866 5266 Ἐθέμην

281 5288 578 5358 ,ϐοήθειαν
604 5291 701 5343 ἐπὶ
731 5288 1012 5353 δυνατὸν,
1042 5288 1202 5360 μέχρι
1235 5287 1352 5351 τοῦ,
1393 5290 1493 5342 καὶ
1531 5289 1763 5358 μάρτυς
1796 5289 1867 5342 ἑν

289 5383 526 5450 οὐρανῷ
557 5383 792 5450 πιστὸς.
833 5383 993 5436 πάλιν
1020 5383 1112 5436 τοῦ
1144 5381 1514 5452 διαψάλματος
1548 5382 1866 5454 παρεμϐλη-

289 5472 495 5538 θέντος,
541 5473 864 5544 μεταϐάλλει
901 5473 1000 5544 τὴν
1028 5474 1265 5528 διάνοιαν
1293 5474 1323 5525 6
1348 5472 1522 5540 λόγος,
1555 5473 1648 5526 καί
1691 5489 1860 5544 φησι·

291 5566 378 5620 Σὺ
423 5566 492 5619 δὲ
530 5566 751 5622 ἀπώσω
794 5567 891 5620 καὶ
934 5566 1372 5632 ἐξουόἐνωσας,
1423 5565 1719 5619 ἀνεϐάλου
1757 5564 1864 5617 τὸν

290 5659 551 5726 Χριστόν
591 5674 728 5712 σου.
783 5653 936 5721 Εῐτα,
983 5656 1263 5724 διεξελθὼν
1305 5657 1374 5710 τὰ
1415 5654 1860 5728 σκυθρωπότερα,

1971 4651 2105 4696 tera.
2141 4639 2362 4706 Deinde,
2388 4637 2635 4710 apposito
2661 4637 3037 4707 diapsalmate,
3069 4643 3277 4692 mutata
3313 4652 3544 4706 persona

1971 4733 2339 4803 subjungitur,
2378 4730 2782 4799 Con/itebuntur
2822 4727 2936 4781 cteli
2974 4726 3243 4782 mirabilia
3288 4739 3381 4781 tua
3428 4745 3443 4784 :
3479 4745 3546 4783 ac

1977 4842 2220 4888 rursum.
2268 4825 2633 4897 promissione
2665 4839 2731 4877 ex
2765 4837 2998 4892 persona
3033 4820 3127 4876 Dei
3165 4821 3328 4886 facta,
3361 4823 3430 4877 ab
3459 4822 3545 4876 his

1971 4919 2172 4984 verbis,
2199 4917 2366 4972 Posui
2388 4917 2717 4987 adjutorium
2736 4917 2789 4970 in
2819 4925 3044 4984 potente,
3082 4927 3258 4986 usque
3288 4916 3353 4970 ad
3388 4914 3542 4979 illud.

1967 5023 2018 5068 et
2053 5013 2198 5067 testis
2227 5013 2279 5065 in
2303 5011 2430 5065 casto
2463 5009 2657 5078 ﬁdelis,
2698 5024 2918 5064 rursum
2959 5007 3286 5078 interposito
3309 5005 3546 5077 diapsal—

1967 5113 2132 5166 mate,
2168 5101 2439 5158 sententia
2485 5108 2729 5156 mutatur
2757 5114 2822 5154 ac
2854 5099 3076 5163 dicitur,
3118 5099 3197 5154 Tu
3240 5115 3357 5153 uero
3405 5111 3547 5165 repu-

1969 5196 2080 5249 listi
2101 5205 2151 5248 et
2184 5193 2488 5265 despexisti,
2523 5191 2752 5261 rejecisti
2777 5189 3050 5244 Christum
3083 5199 3252 5246 tuum.
3290 5188 3404 5242 Sub
3432 5188 3546 5242 hau:

1965 5287 2240 5344 enarratis
2291 5285 2650 5347 tristioribus,
2685 5298 2908 5338 rursum
2966 5283 3269 5352 diapsalma
3327 5277 3543 5338 inserit,

1968 5379 2388 5449 doctrinamque
2443 5384 2619 5431 mutat
2665 5376 2889 5440 dicens,
2953 5373 3246 5444 Usquequo,
3297 5369 3538 5431 Domine.

1969 5481 2170 5526 avertes
2221 5469 2277 5522 in
2314 5468 2516 5538 ﬁnem?
2547 5475 2602 5521 et
2633 5466 2833 5521 emissa
2871 5463 3144 5527 oratione,
3193 5461 3387 5512 iterum
3418 5458 3538 5512 dia-

1968 5561 2577 5636 psalmateinterposito
2610 5559 2802 5622 utitur,
2826 5571 2889 5609 ac
2920 5552 3123 5617 subdit,
3160 5549 3260 5604 Ubi
3289 5559 3410 5604 sunt
3443 5551 3540 5603 mi-

1969 5656 2268 5713 sericordia:
2291 5663 2395 5710 tua:
2425 5653 2676 5722 antiquis,
2708 5648 2967 5704 Domine?
2997 5651 3203 5700 mutata
3251 5640 3498 5698 sententi:
3525 5680 3542 5706 ,

281 5819 285 5824 ἡ
367 5753 444 5824 (1)
477 5751 753 5822 lnterpres
785 5751 934 5822 legit,
977 5760 1036 5808 ut
1063 5752 1297 5809 videtur.
1366 5750 1627 5821 Ἐϐραῖκῇ
1659 5755 1832 5820 φωνῇ.
1873 5751 2030 5808 Eon:
