3988 6204
591 269 737 330 ms
843 234 855 245 ’

1233 268 1502 329 EUSEBII
1541 269 2027 331 CASSARIENSIS
2065 273 2145 331 0F

2257 274 2437 331 PARS
2472 273 2561 335 ιη.
2597 298 2671 320 -ι-
2708 277 3120 337 EXEGETICA.

3645 293 3748 352 {lit

590 400 649 447 et
680 391 951 446 revocatis
982 404 1256 462 priortnus
1290 394 1447 449 initio
1490 395 1720 466 prolatis
1756 396 1854 451 Dei
1895 397 2145 466 pollicita

2234 414 2238 457 ς
2272 398 2429 452 πάλιν
2456 399 2697 471 ἐντίθησι
2724 401 2784 454 τὸ
2828 400 3124 473 διάξκαλμα,
3158 402 3250 456 καὶ
3295 405 3574 463 ὲναλλάττει
3595 411 3675 481 τὴν
3694 415 3750 468 δι-

591 478 854 549 tionibus,
904 484 979 537 ita
1018 492 1077 537 ut
1128 484 1488 555 diapsalmata
1542 487 1806 542 rationem
1867 488 2158 558 quamdam

591 585 811 631 servent
838 589 903 629 ac
957 584 1221 630 mutatam
1272 579 1595 633 sententiam
1644 580 1727 634 vel
1764 595 2054 650 personam
2089 580 2167 634 si-

501 658 511 671 ’
587 663 869 741 gnillcent.
901 666 1015 722 Hoc
1042 684 1217 738 porro
1253 670 1404 725 dicas
1446 671 1513 726 de
1557 672 1815 726 omnibus
1860 672 2085 741 psalmis
2107 671 2163 726 in

570 761 790 834 quibus
837 761 1140 832 diapsalma
1194 761 1417 819 fertur:
1458 779 1584 819 nam
1631 771 1725 820 aut
1771 780 2019 837 personae
2070 773 2165 821 aut

587 855 876 909 sententiae
930 856 1287 911 mutationem
1340 855 1584 912 declarat
1626 876 1640 912 :
1692 858 1987 929 aliquando
2032 874 2164 914 vero

586 943 870 1001 Hebraicae
898 947 1146 1003 melodis:
1174 951 1588 1005 conversionem
1623 959 1796 1005 notat.
1825 951 2020 1021 Aquila
2054 967 2158 1005 au-

585 1045 696 1093 tem
747 1053 1017 1110 nusquam
1055 1039 1413 1110 diapsalmate
1456 1043 1662 1111 utitur;
1706 1042 1802 1099 sed
1829 1043 2160 1099 omnibusin

587 1130 725 1188 locis
750 1131 870 1187 vice
898 1132 1066 1197 illius,
1095 1133 1443 1203 interpretari
1467 1135 1621 1200 solet,
1642 1151 1862 1204 semper.
1878 1134 2033 1201 Quod
2065 1150 2163 1190 no-

585 1222 673 1280 bis
701 1223 1066 1296 ignorandum
1096 1239 1207 1278 non
1236 1232 1375 1279 erat.
1407 1226 1464 1280 lu
1501 1226 1595 1280 illo
1628 1235 1809 1282 autem
1843 1226 2014 1281 totius
2047 1241 2164 1280 ser-

584 1312 765 1368 monis
789 1328 889 1368 ceu
921 1314 1122 1385 sigillo,
1170 1313 1482 1369 Benedictus
1515 1315 1774 1370 Dominus
1803 1315 1858 1369 in
1885 1324 2158 1382 wternum,

576 1406 705 1476 ﬁat,
734 1405 868 1476 ﬁat;
916 1407 1217 1463 secundum
1268 1409 1542 1480 Aquilam,
1591 1424 1690 1479 pro
1722 1408 1816 1462 illo
1862 1406 2009 1470 Fiat,
2041 1408 2159 1477 ﬁat,

583 1498 787 1570 legitur
814 1496 1096 1568 Fideliter,
1129 1500 1394 1571 ﬁdeliter;
1438 1502 1738 1557 secundum
1772 1498 2158 1571 Symmachum

581 1605 737 1658 vero,
762 1592 993 1662 perinde
1023 1604 1187 1665 atque
1212 1594 1267 1648 in
1318 1592 1586 1650 Hebraico
1615 1592 1933 1662 exemplari,
1970 1591 2156 1656 Amen,

581 1697 756 1738 amen.

2264 489 2556 544 δασκαλίαν
2582 491 2805 562 φάσκων
2830 508 2842 521 ·
2872 493 3017 559 ’Ἐως
3036 496 3198 555 πότε.
3224 496 3408 563 Κύριε,
3428 498 3752 570 ἀποστρέψεις

2267 584 2355 647 εὶς
2386 580 2588 648 τέλος
2618 583 2712 636 καὶ
2740 583 2840 655 τὴν
2870 584 3032 656 εὐχὴν
3057 585 3396 657 ἀναπέμψας,
3428 590 3569 644 πάλιν
3594 593 3744 663 τῷδια.

2266 671 2507 743 ψάλματι
2543 674 2744 745 μεταξὺ
2770 676 3055 747 κέχρηται,
3097 677 3192 729 καὶ
3225 678 3454 747 ἐπιλέγει
3475 697 3487 709 ·
3517 682 3623 736 Ποῦ
3657 685 3750 738 ἐστι

2265 765 2339 820 τὰ
2384 766 2525 834 ἐλέη
2570 784 2687 821 σου
2727 770 2798 821 τὰ
2840 767 3056 836 ἀρχαῖα
3080 810 3095 832 ,
3136 770 3336 837 Kiipts;
3375 771 3651 841 μεταϐαλὼν
3683 777 3750 847 τὴν

2263 858 2501 913 διάνοιαν
2545 860 2640 914 καὶ
2686 861 3119 933 ἀνακαλούμενος
3166 862 3264 926 τὰς
3304 862 3507 934 πρώτας
3542 866 3623 919 τοῦ
3654 870 3750 922 θεοῦ

2267 949 2616 1017 ἐπαγγελίας,
2669 950 2768 1013 τὰς
2819 953 2874 1002 ὲν
2928 952 3071 1023 ἀρχῇ
3122 952 3425 1024 λεχθείσας·
3475 954 3598 1009 ὥστε
3641 957 3752 1027 λόγον

2266 1039 2410 1111 ἔχειν
2439 1041 2561 1094 τινὰ
2602 1043 2696 1095 καὶ
2724 1041 2795 1095 τὰ
2826 1042 3174 1115 διαψὰλματα
3209 1046 3497 1116 μεταϐολῆς
3521 1048 3750 1122 διανοίαςῆ

2265 1130 2555 1203 προσώπου
2584 1132 2884 1204 ἐναλλαγῆς
2913 1133 2978 1187 δι’
3006 1134 3183 1189 αὐτῶν
3216 1139 3604 1210 σημαινομένης.
3631 1141 3752 1194 Τοῦτ)

2261 1223 2320 1277 δὲ
2350 1224 2443 1277 ἐπὶ
2477 1224 2692 1278 πάντων
2735 1227 2883 1297 ἐρεῖς
2913 1226 3019 1279 τῶν
3054 1226 3280 1298 ψαλμῶν
3313 1231 3368 1282 ἐν
3411 1224 3485 1294 οἷς
3510 1231 3693 1300 φέρεται
3710 1236 3751 1285 ιδ

2262 1312 2569 1384 διάψαλμαο
2601 1315 2633 1384 ἢ
2669 1315 2785 1386 γὰρ
2810 1315 2900 1368 τοῦ
2936 1317 3225 1389 προσώπου
3260 1321 3560 1390 παρίστησιν
3586 1324 3750 1376 ἐναλλα-

2262 1406 2367 1477 γὴν
2410 1407 2442 1477 ἢ
2476 1407 2576 1478 τῆς
2618 1407 2854 1471 διανοίας
2877 1425 2891 1439 ο
2927 1408 3042 1462 ἔστι
3085 1410 3131 1463 δ’
3174 1412 3265 1464 ὅτε
3308 1412 3398 1465 καὶ
3431 1413 3662 1482 μεταόολὴ
3682 1415 3751 1484 τῆς

2261 1499 2403 1552 κατὰ
2443 1499 2505 1551 τὸ
2554 1499 2839 1570 Ἐϐραῖκδν
2886 1500 3168 1571 μελῳδίας.
3219 1503 3283 1555 Ὃ
3330 1518 3390 1571 γε
3436 1503 3527 1574 μὴν
3594 1503 3750 1565 Audis;

2259 1588 2498 1659 οὐδαμοῦ
2542 1588 2806 1659 κέχρηται
2843 1588 2922 1660 τῷ
2967 1589 3333 1664 διαψάλματιι
3381 1594 3493 1645 ἀντὶ
3529 1592 3578 1646 δὲ
3616 1593 3749 1647 τούτου

2192 1679 2234 1734 Β
2262 1684 2319 1735 ὲν
2345 1683 2480 1735 πᾶσι
2507 1684 2619 1744 τοῖς
2640 1682 2827 1746 τόποις
2856 1682 3045 1737 εἴωθεν
3069 1684 3390 1756 ἑρμηνεύειν
3413 1684 3488 1748 τὸ,
3509 1685 3606 1739 ἀεί.
3627 1687 3751 1755 Ὅπερ

579 1772 747 1845 ἐχρῆν
774 1774 922 1846 ἡμᾶς
952 1773 1025 1847 μὴ
1060 1776 1290 1844 ἀγνοεῖν.
1322 1773 1396 1828 Τὸ
1426 1774 1485 1828 δὲ
1511 1774 1928 1847 ὲπισφράγισμα
1954 1772 2155 1836 παντὸς
2177 1770 2274 1825 τού
2305 1771 2464 1840 λόγου
2497 1772 2578 1836 τὸ,
2606 1772 2948 1843 Εὐλογητὸς
2969 1775 3184 1843 Κύριος
3209 1777 3297 1842 εις
3338 1775 3439 1830 τὸν
3479 1777 3652 1839 amr“.
3686 1778 3749 1847 γέ.

577 1882 760 1931 νοιτο,
809 1867 1062 1938 γένοιτο,
1115 1868 1260 1922 κατά
1306 1868 1405 1940 μὲν
1448 1867 1540 1920 τὸν
1593 1867 1820 1921 Ἀκύλαν
1871 1866 1993 1920 ἀντὶ
2037 1862 2155 1925 τού,
2188 1863 2455 1928 Γένοιτο,
2502 1862 2754 1933 γένοιτο,
2808 1865 3296 1935 Πεπιστωμένως,
3350 1869 3746 1938 πεπιστωμένως,

577 1958 868 2030 περιέχει·
937 1960 1078 2015 κατά
1137 1960 1195 2014 δὲ
1256 1961 1349 2013 τδν
1409 1959 1701 2031 Σύμμαχον
1728 1999 1745 2023 ,
1812 1958 2013 2031 ὁμοίως
2071 1955 2150 2027 τῷ
2189 1953 2485 2027 Ἐϐραῖκῷ,
2520 1953 2699 2025 Ἀμὴν
2725 1955 2823 2010 καὶ
2855 1956 3040 2026 ἀμήν.

848 2077 902 2132 1.
955 2075 1240 2132 LXXXIX.
1267 2074 1528 2132 ORATIO
1567 2075 1844 2132 MOYSIS.

648 2168 892 2227 “33.2.
931 2169 1173 2238 Domine,
1206 2172 1468 2243 refugium
1498 2172 1672 2243 fartus
1704 2189 1758 2226 es
1799 2171 2030 2227 nobisin
2066 2188 2153 2242 ge-

576 2263 852 2320 neratione
882 2272 933 2318 et
965 2265 1321 2334 generatione.
1360 2263 1683 2337 Priusquam
1729 2272 1928 2317 montes
1961 2264 2150 2333 ﬁrma-

575 2366 781 2418 rentur.
813 2364 906 2410 aut
955 2355 1278 2424 [armaretur
1323 2366 1465 2411 terra
1494 2367 1543 2410 et
1577 2355 1739 2418 orbis,
1788 2365 1837 2409 et
1894 2372 1927 2408 a
1956 2354 2151 2409 strculo

575 2464 738 2520 usque
762 2449 816 2502 in
858 2448 1111 2503 swculum
1143 2455 1199 2501 tu
1225 2464 1304 2512 er,
1331 2446 1494 2502 Deus.
1536 2446 1630 2503 llis
1673 2447 1969 2502 edoccmur
2010 2446 2150 2501 divi-

575 2558 709 2599 num
761 2541 985 2612 quidem
1031 2539 1246 2598 Numen
1291 2548 1610 2613 perpetuum
1657 2548 1711 2595 et
1759 2539 2150 2608 sempiternum

572 2649 718 2691 esse.
751 2632 887 2688 Nam
917 2633 1012 2705 qui
1043 2632 1202 2700 dixit,
1225 2632 1368 2688 Deus
1391 2649 1483 2704 ego
1503 2649 1642 2697 sum,
1666 2632 1759 2703 qui
1784 2647 1985 2702 semper
2008 2648 2148 2695 sum,

569 2734 621 2781 et
650 2726 791 2780 idem
821 2741 962 2790 sum,
997 2734 1046 2780 et
1078 2725 1134 2779 in
1183 2724 1396 2795 inﬁnita
1431 2723 1631 2779 swcula
1675 2738 1978 2792 permaneo,
2012 2738 2152 2776 nun-

570 2816 741 2889 quam
772 2826 1022 2871 naturam
1054 2822 1227 2870 mutat
1255 2830 1432 2870 suam.
1452 2813 1563 2870 Nos
1584 2825 1786 2877 autem,
1811 2814 1904 2886 qui
1934 2814 1987 2868 in
2020 2822 2152 2868 tem-

572 2924 707 2980 pore
748 2907 818 2962 ad
864 2909 1032 2963 vitam
1060 2908 1393 2972 accedimus,
1438 2906 1699 2961 torrentis
1751 2905 1927 2960 instar
1975 2904 2151 2960 elllui-

572 3014 737 3054 mus:
782 2998 1043 3068 quoniam
1088 2997 1390 3053 secundum
1442 2995 1812 3060 Salomonem,
1868 2994 2147 3050 Generatio

570 3088 827 3154 abscedit.
863 3098 913 3144 et
947 3088 1214 3162 generatio
1254 3087 1478 3151 venit“,
1502 3095 1558 3149 et
1595 3102 1684 3142 res
1719 3086 1969 3141 humana:
2009 3103 2150 3143 nun-

570 3197 735 3254 quam
763 3184 953 3237 eodem
985 3182 1041 3235 in
1064 3188 1212 3235 statu
1242 3188 1464 3236 manent
1484 3195 1499 3245 ;
1518 3179 1613 3236 sed
1638 3178 2006 3234 diversimode
2027 3195 2149 3235 mu-

570 3282 781 3331 tantur.
811 3271 1076 3329 Dominus
1100 3283 1301 3337 autem,
1322 3271 1414 3342 qui
1444 3271 1499 3325 in
1531 3269 1762 3342 singulis
1782 3271 2149 3341 generationi-

2590 2073 2963 2145 ΠΡΟΣΕΥΧΗ
2996 2075 3333 2132 ΜΩΥΣΕΩΣ.
3358 2075 3477 2129 “9'.

2329 2164 2527 2233 Κύριε,
2568 2165 2882 2236 καταφυγὴ
2920 2166 3211 2235 ἐγεννήθης
3249 2167 3393 2237 ἡμῖν
3425 2168 3491 2220 ἐν
3517 2165 3662 2236 τηενεᾷ
3682 2166 3746 2219 καὶ

2257 2256 2449 2327 γενεᾷ.
2502 2255 2623 2325 Πρὸ
2666 2257 2770 2310 τοῦ
2803 2256 2908 2325 ὄρη
2938 2257 3303 2326 ἑδρασθῆναι
3350 2259 3447 2312 καὶ
3486 2257 3747 2325 πλασθῆναι

2257 2345 2373 2413 τὴν
2401 2344 2516 2417 γῆν
2542 2345 2641 2400 καὶ
2664 2346 2780 2414 τὴν
2804 2347 3184 2417 οἰκουμένην,
3220 2349 3317 2401 καὶ
3348 2347 3461 2402 ἀπὸ
3486 2348 3579 2402 τοῦ
3596 2347 3747 2400 aiter

2256 2437 2367 2504 ἕως
2387 2438 2493 2493 τοῦ
2517 2438 2731 2503 αἰῶνος
2752 2439 2834 2491 σὺ
2863 2439 2936 2501 εἷ,
2963 2443 2997 2493 ό
3029 2441 3195 2504 Θεός.
3220 2440 3405 2510 Δόγμα
3426 2439 3670 2494 παιδεύειό
3686 2437 3742 2490 λι

2256 2546 2375 2601 γος,
2402 2531 2666 2584 διδάσκων
2690 2529 2750 2584 τὸ
2783 2530 2883 2601 μὲν
2903 2530 3057 2585 Θεῖον
3087 2530 3312 2604 διαρκὲς
3338 2533 3580 2605 ὑπάρχειν
3599 2531 3669 2585 καὶ
3687 2531 3747 2583 di-

2254 2620 2386 2675 διον.
2410 2619 2468 2674 '0
2494 2619 2603 2693 γὰρ
2630 2618 2820 2683 εἰπὼν,
2848 2618 2993 2687 Θεὸς
3016 2618 3130 2689 ἐγώ
3152 2623 3271 2690 εἰμι
3303 2624 3335 2675 d
3357 2619 3455 2687 ὢν,
3480 2620 3558 2676 ἀεὶ
3584 2617 3745 2683 ὦναιιά

2256 2713 2290 2765 ό
2316 2710 2498 2777 αὐτὸς
2532 2710 2636 2775 ὢν,
2670 2710 2765 2764 καὶ
2803 2712 2891 2777 εὶς
2919 2710 3062 2776 τοὺς
3082 2711 3368 2780 ἀπείρους
3392 2712 3587 2778 αἰῶνας
3606 2711 3746 2778 διαμέ-

2254 2818 2396 2868 νων,
2445 2801 2641 2856 οὔποτε
2688 2802 3009 2873 μεταϐάλλει
3049 2803 3150 2874 τὴν
3197 2804 3362 2858 αὑτοῦ
3409 2804 3572 2875 φύσιν.
3613 2802 3745 2872 Ἡμεῖς

2252 2892 2330 2956 δὲ,
2366 2890 2509 2945 κατά
2541 2894 2766 2964 καιροὺς
2807 2892 3096 2965 παριόντες
3126 2894 3211 2957 εἰς
3241 2894 3332 2948 τὸν
3370 2895 3495 2966 βίον,
3519 2892 3744 2965 χειμάρρου

2254 2985 2453 3056 τρόπον
2493 2984 2871 3058 ἀπορρέομενσ
2913 2985 3036 3037 ἐπεὶ
3066 2984 3160 3038 καὶ
3216 2986 3357 3039 κατά
3396 2986 3481 3042 τὸν
3510 2982 3741 3053 Σολομῶνα,

2253 3079 2443 3134 Γενεὰ
2469 3079 2801 3148 πορεύεται,
2849 3080 2947 3131 καὶ
2990 3077 3169 3147 γενεὰ
3219 3078 3465 3150 ἔρχεται,
3493 3079 3573 3132 καὶ
3597 3076 3651 3130 τὰ
3679 3075 3741 3127 άν-

2253 3171 2501 3244 θρώπινα
2527 3171 2830 3243 πράγματα
2860 3170 2918 3223 δὲ
2957 3170 3079 3224 οὐδὲ
3110 3171 3334 3225 πώποτε
3356 3173 3412 3225 ὲν
3435 3168 3592 3239 ταύτῷ
3618 3167 3740 3239 μένει.

2252 3264 2440 3319 ἄλλοτε
2491 3263 2537 3317 δ’
2586 3262 2762 3327 ἄλλως
2811 3260 3156 3333 per-ruminat.
3213 3264 3273 3316 Ὀ
3323 3263 3378 3316 δὲ
3425 3261 3620 3333 διαρκὴς
3656 3256 3741 3310 καθ’

569 3364 674 3421 hus
715 3372 918 3431 manet,
954 3366 1010 3419 in
1048 3380 1108 3420 se
1148 3363 1486 3435 sperantium
1516 3362 1786 3434 refugium
1831 3361 2008 3418 factus
2040 3369 2144 3419 est.

2249 3358 2486 3428 ἑκάστην
2529 3357 2721 3427 γενεὰν
2758 3357 2963 3427 Κύριος
3004 3356 3111 3410 τῶν
3156 3359 3244 3420 εἰς
3291 3356 3447 3411 αὐτὸν
3489 3352 3741 3417 ἐλπιζόντων

567 3456 703 3514 Nam
735 3467 862 3514 ante
886 3456 1152 3513 diluvium
1195 3454 1402 3519 Enoch,
1431 3461 1485 3509 et
1508 3454 1555 3509 si
1584 3453 1708 3526 quis
1738 3452 1879 3508 alius
1899 3451 2145 3524 ejusdem

567 3548 962 3624 generationis,
996 3549 1052 3604 in
1089 3546 1359 3619 refugium
1393 3547 1574 3617 ipsum
1620 3543 1850 3600 habuit:
1880 3551 2146 3616 pereunte

566 3649 752 3697 autem
785 3639 842 3694 in
875 3638 1081 3700 diluvio
1125 3636 1407 3692 hominum
1435 3649 1654 3706 genere,
1700 3648 1892 3689 rursus
1921 3631 2035 3688 Noe
2065 3632 2147 3702 ip—

568 3745 691 3786 sum
719 3737 774 3789 et
815 3744 924 3785 non
962 3728 1131 3783 alium
1177 3727 1233 3781 in
1266 3726 1539 3797 refugium
1568 3725 1829 3779 obtinuit.
1863 3722 1931 3776 Et
1952 3731 2144 3794 postea

566 3821 670 3879 Lot
700 3838 765 3878 ex
797 3819 1205 3876 Sodomitarum
1243 3820 1629 3889 generatione;
1669 3817 1964 3882 Abraham,
1993 3814 2145 3872 Isaac

566 3921 624 3970 et
650 3912 843 3978 Iacob,
880 3911 1083 3984 singuli
1135 3911 1192 3965 in
1232 3925 1361 3975 sua;
1399 3909 1506 3964 imo
1536 3909 1699 3963 etiam
1729 3906 1930 3977 Joseph
1972 3907 2026 3962 in
2049 3922 2143 3977 ge-

565 4006 854 4062 neratione
893 4020 1013 4069 sua,
1043 4019 1108 4058 ac
1140 4002 1353 4076 Moyses
1383 4016 1601 4059 rursum
1642 4002 1697 4055 in
1730 4000 1834 4054 alia
1859 4017 1874 4067 ;
1899 4001 1953 4055 in
1989 4016 2138 4055 sum-

564 4113 653 4154 ma
681 4113 777 4169 per
812 4096 1059 4168 singulas
1092 4095 1496 4165 generationes,
1530 4092 1844 4155 Dominum,
1874 4091 1969 4161 qui
1997 4105 2143 4147 scm-

564 4203 665 4264 pcr
689 4194 796 4252 est,
828 4186 885 4241 in
933 4184 1202 4256 refugium
1236 4184 1547 4239 habuerunt
1590 4182 1684 4253 qui
1716 4182 1771 4236 in
1802 4182 1922 4252 ipso
1954 4195 2143 4261 spera-

518 4302 523 4307 ·
563 4287 712 4336 runt.
739 4276 838 4334 llis
871 4292 1035 4349 porro
1066 4292 1169 4331 nos
1216 4275 1503 4346 Scriptura
1536 4275 1811 4339 hortatur,
1863 4282 1923 4328 ut
1968 4290 2036 4330 ne
2080 4274 2137 4329 in

562 4371 734 4430 alium
797 4385 961 4441 quam
1017 4367 1071 4423 in
1131 4365 1305 4422 Deum
1361 4380 1685 4437 speremus;
1739 4365 1833 4435 sed
1884 4367 1939 4421 in
1990 4367 2139 4421 omni

561 4472 831 4535 tempore,
872 4463 928 4517 iu
976 4460 1213 4533 singulis
1247 4458 1443 4515 diebus
1492 4468 1549 4514 et
1584 4459 1759 4522 horis,
1802 4461 1857 4514 in
1905 4459 2137 4529 singulis

561 4555 692 4609 item
723 4552 1057 4619 actionibus,
1075 4551 1421 4621 maximeque
1449 4550 1505 4605 in
1536 4554 1782 4621 tempore
1807 4550 2138 4607 calamitatis

563 4646 634 4700 ad
669 4646 847 4717 ipsum
895 4644 1300 4716 confugiamus.
1355 4641 1422 4697 Et
1469 4643 1728 4714 quoniam
1787 4643 1881 4714 qui
1936 4643 2137 4714 frigore

2248 3449 2538 3520 καταφυγὴ
2586 3449 2818 3518 γίνεται.
2868 3448 2982 3520 Πρὸ
3025 3448 3126 3520 μὲν
3162 3450 3277 3522 γὰρ
3317 3450 3409 3504 τοῦ
3439 3441 3739 3513 κατακλυσμοᾶ

2259 3539 2450 3611 Ἑνὼχ,
2479 3539 2574 3593 καὶ
2598 3541 2651 3592 ετ
2670 3556 2755 3604 τις
2785 3537 2943 3604 ἄλλος
2977 3538 3079 3609 τῆς
3109 3539 3236 3593 τότε
3271 3542 3473 3609 γενεᾶς,
3494 3532 3738 3603 καταφυγὴν

2244 3631 2406 3685 αὑτὸν
2446 3631 2710 3703 ἔσχηκεν·
2737 3631 3111 3702 ἀπολλυμένου
3154 3632 3219 3685 δὲ
3256 3632 3351 3687 τοῦ
3394 3635 3492 3687 τῶν
3509 3625 3737 3699 ἀνθρώπω

2242 3724 2434 3793 γένους
2466 3725 2525 3777 ἐν
2565 3722 2644 3794 τῷ
2689 3722 3080 3795 κατακλυσμῷ,
3127 3724 3296 3779 πάλιν
3339 3725 3456 3778 Νῶε
3491 3715 3739 3788 καταφυγὴν

2243 3817 2427 3883 αὐτὸν,
2450 3816 2566 3871 ἀλλ’
2590 3814 2651 3869 ού
2672 3832 2792 3870 τινα
2814 3817 3000 3888 ἕτερον
3028 3817 3161 3888 ὲκτή
3173 3833 3320 3871 σατο.
3355 3817 3457 3871 Καὶ
3484 3812 3592 3887 μετὰ
3608 3807 3741 3862 ταῦτα

2243 3909 2404 3964 πάλιν
2441 3909 2470 3963 ὁ
2504 3907 2629 3963 Λὼτ
2668 3911 2732 3962 ἐκ
2765 3908 2868 3979 τῆς
2897 3909 3204 3981 Σοδομιτῶν
3243 3912 3450 3981 γενεᾶς,
3486 3903 3739 3976 Ἀδραάμτε

2242 4002 2338 4055 καὶ
2377 4001 2567 4055 Ἰσαὰκ
2615 4000 2713 4055 καὶ
2752 4000 2972 4063 Ἰακώϐ,
3021 4003 3121 4056 ἰπὶ
3163 4003 3269 4074 τῆς
3308 4001 3507 4057 ἑαυτῶν
3536 3999 3741 4053 humor

2240 4092 2305 4146 οὐ
2335 4093 2443 4164 μὴν
2473 4092 2608 4147 ἀλλά
2649 4093 2744 4146 καὶ
2782 4094 2977 4165 Ἰωσὴφ
2999 4094 3094 4148 ἐπὶ
3122 4096 3226 4167 τῆς
3253 4096 3371 4149 κατ’
3408 4091 3553 4149 αὐτὸν
3577 4086 3738 4158 γενεᾶς.

2239 4183 2333 4236 καὶ
2365 4184 2604 4255 Μωῦσῆς
2629 4183 2790 4237 πάλιν
2822 4184 2916 4236 ἐπὶ
2944 4184 3146 4255 ᾶλλης’
3194 4188 3290 4240 καὶ
3329 4181 3627 4250 ἁπαξαπλῶς
3650 4175 3739 4230 καθ’

2239 4274 2475 4344 ἐκαστην
2498 4274 2691 4343 γενεάν
2716 4275 2807 4329 τὸν
2828 4275 2913 4328 ἀεὶ
2935 4275 3063 4330 ὅντα
3087 4277 3292 4350 Κύριον
3317 4273 3605 4346 καταφυγὴν
3622 4272 3741 4339 ἰαχὴ

2237 4380 2395 4418 κασιν
2423 4365 2471 4417 οἱ
2501 4367 2583 4429 είς
2618 4366 2780 4419 αὐτὸν
2812 4367 3120 4437 ἠλπικότες.
3152 4371 3453 4443 Προτρὲπει
3485 4369 3536 4421 δὲ
3559 4364 3631 4420 διὰ
3648 4361 3738 4415 τούν

2237 4473 2348 4510 των
2401 4459 2496 4512 καὶ
2544 4460 2692 4529 ἡμᾶς
2737 4461 2768 4513 ό
2808 4459 2964 4529 λόγος
3020 4462 3095 4533 μὴ
3135 4462 3230 4515 ἐπί
3278 4480 3398 4517 τινα
3429 4463 3594 4533 ἓτερον
3628 4451 3739 4522 περὶ

2236 4549 2328 4603 τὸν
2357 4549 2488 4604 Θεὸν
2512 4550 2776 4615 ἐλπίζειν,
2813 4552 2980 4606 παντὶ
3022 4552 3078 4606 δὲ
3124 4554 3301 4627 καιρῷ
3323 4554 3413 4608 καὶ
3449 4552 3608 4624 ἡμέρᾳ
3629 4546 3736 4611 πάσι

2237 4640 2331 4694 καὶ
2399 4640 2550 4714 ὥρᾳ,
2616 4642 2676 4694 ὲν
2744 4642 2949 4716 ἑκάστῃ
3018 4661 3073 4698 τε
3137 4646 3360 4718 πράξει,
3425 4645 3512 4698 καὶ
3561 4639 3737 4712 μάλιστα

562 4715 855 4803 vexantur,
894 4742 1251 4807 legumento;
1301 4735 1392 4805 qui
1429 4735 1483 4789 in
1534 4734 1670 4788 mari
1718 4735 2134 4804 tempestatibus

2240 4734 2296 4785 ὲν
2332 4736 2446 4797 τοῖς
2490 4738 2897 4806 περιστατικοῖς
2947 4739 3177 4808 καιροῖς,
3233 4737 3318 4791 ἐπ’
3361 4737 3513 4792 αὐτὶν
3548 4744 3736 4797 καταφυ-

557 4830 861 4899 iactantur,
909 4835 1112 4900 portu;
1165 4827 1260 4899 qui
1322 4827 1392 4882 ab
1452 4826 1692 4882 inimicis
1747 4835 1803 4881 et
1860 4826 2131 4890 hostibus,

561 4928 656 4975 aut
681 4936 712 4974 a
735 4919 870 4976 feris
889 4919 1196 4991 agrestibus
1233 4919 1531 4990 pelluntur,
1569 4918 1741 4972 inuris
1767 4917 1834 4971 ad
1862 4916 2129 4988 refugium

560 5027 700 5083 opus
727 5011 962 5078 habent;
992 5027 1115 5065 eum
1142 5011 1226 5068 his
1256 5022 1437 5065 autem
1478 5009 1737 5065 omnibus
1773 5009 1935 5063 homo
1964 5010 2055 5063 Ι)εεί
2075 5011 2129 5064 in

561 5102 815 5175 praesenti
847 5103 958 5158 vita
995 5109 1307 5159 eoneertat:
1344 5102 1659 5158 necessario
1693 5103 1920 5158 docetur
1948 5111 2007 5156 ut
2038 5118 2125 5156 re-

560 5196 791 5268 fugium,
815 5182 1397 5268 murum,portumque
1417 5196 1655 5251 salutare
1685 5194 1789 5250 sibi
1821 5203 1971 5265 putet
2004 5209 2127 5250 esse

559 5288 887 5355 Dominum;
922 5297 981 5341 ut
1009 5288 1124 5342 sive
1156 5288 1554 5357 persecutionis
1578 5297 1820 5357 tempore
1852 5286 1921 5341 ab
1944 5286 2125 5340 inimi-

564 5381 640 5438 εἰει
667 5379 965 5452 pellamur,
997 5378 1112 5436 sive
1157 5379 1227 5434 ab
1273 5378 1638 5434 invisibilibus
1666 5379 1915 5434 hostibus
1952 5392 2127 5447 oppu-

555 5487 809 5541 gnentur,
842 5472 958 5528 sive
990 5471 1269 5527 hominum
1298 5471 1352 5527 in
1388 5487 1489 5527 nos
1524 5473 1958 5540 conspirantium
1993 5470 2127 5523 insi-

557 5562 666 5618 diis
701 5570 998 5630 tentemur,
1024 5565 1311 5637 vigilanter
1348 5565 1414 5618 ad
1452 5561 1739 5617 Dominum
1789 5573 2034 5618 nostrum
2069 5571 2123 5615 et

558 5650 727 5708 Deum
750 5655 1152 5727 confugiamus,
1192 5655 1286 5729 qui
1327 5655 1379 5712 in
1410 5656 1760 5728 generatione
1809 5664 1862 5711 et
1891 5669 2114 5725 genera-

633 5741 677 5774 “
719 5745 867 5803 Ech.
898 5762 949 5813 ι,
984 5747 1034 5803 4.

2240 4828 2378 4893 γε’ίν.
2429 4827 2539 4879 Καὶ
2582 4826 2880 4899 ἐπειδήπερ
2923 4828 2972 4880 οἱ
3017 4830 3114 4898 μὲν
3160 4829 3531 4900 χειμαζόμενοι
3569 4821 3734 4886 στέγης.

2238 4919 2286 4970 οἱ
2339 4916 2395 4971 δὲ
2453 4917 2597 4972 κατά
2657 4919 2754 4991 τὴν
2808 4919 3082 4974 θάλασσαν
3146 4920 3573 4992 κλυδωνιζόμενοι
3623 4907 3737 4981 λιμέ-

2237 5028 2346 5074 νος,
2392 5011 2442 5063 οἱ
2499 5011 2557 5064 δὲ
2604 5012 2711 5066 ὑπὸ
2735 5012 2943 5085 ἐχθρῶν
3001 5014 3096 5067 καὶ
3149 5013 3420 5083 πολεμίων
3468 5010 3499 5082 ἦ
3547 5006 3627 5061 καὶ
3668 4999 3736 5066 οἵ·

2238 5103 2347 5174 ρῶν
2378 5102 2582 5176 ἀγρίων
2603 5103 2942 5175 διωκόμενοι,
2974 5104 3184 5175 τείχους
3209 5106 3285 5167 εἰς
3318 5097 3608 5170 καταφυγὴν
3629 5091 3735 5147 δίον·

2231 5210 2350 5249 ται·
2380 5198 2512 5250 πᾶσι
2545 5198 2601 5251 δὲ
2625 5201 2832 5261 τούτοις
2862 5199 2892 5250 ό
2926 5196 3020 5250 τοῦ
3050 5196 3187 5250 Θεοῦ
3218 5196 3489 5267 ἄνθρωπος
3519 5185 3639 5243 κατὰ
3673 5180 3734 5234 τὸν

2233 5290 2476 5361 παρόντα
2509 5290 2622 5361 βίον
2661 5289 2906 5343 παλαίει*
2946 5288 3258 5358 ἀναγκαίως
3299 5288 3584 5342 διδάσκεται
3606 5289 3732 5332 amr

2232 5380 2409 5453 φυγὴν
2441 5381 2633 5436 ἑαυτοῦ
2665 5383 2761 5436 καὶ
2790 5385 2987 5453 τεῖχος,
3029 5380 3221 5453 λιμένα
3253 5398 3312 5433 τε
3344 5381 3585 5450 σωτήριον
3624 5367 3729 5441 ἡγεῖ.

2234 5472 2354 5526 σθαι
2382 5473 2476 5527 τὸν
2508 5472 2699 5527 ἑαυτοῦ
2722 5474 2923 5545 Κύριον
2943 5489 2957 5504 ’
2991 5474 3079 5537 ἶν’,
3113 5473 3221 5525 εἴτε
3244 5473 3302 5524 ὲν
3325 5472 3520 5542 καιροῖς
3533 5456 3731 5532 διωγμῶν

2230 5565 2321 5617 ὑπ’
2355 5563 2565 5637 ἐχθρῶν
2591 5564 2958 5637 ὲλαυνὼμεθα,
2993 5565 3100 5619 εἴτε
3132 5564 3237 5617 ὑπὸ
3258 5564 3489 5634 ἀοράτων
3513 5550 3727 5622 πολεμίωι

2227 5655 2630 5729 πολεμούμεθα,
2658 5658 2767 5712 εἶτε
2803 5658 2907 5711 ὑπὸ
2930 5657 3035 5711 τῶν
3070 5653 3481 5720 συσκευάζεσθαι
3498 5649 3623 5722 ἡμᾶς
3638 5656 3724 5699 ἀι’
