3990 6202
294 217 439 274 1125

1426 231 1926 288 COMMENTANA
1969 233 2032 287 IN
2071 233 2410 292 PSALMOS.

3397 247 3534 311 “26
3599 277 3604 282 -

280 331 542 405 ρωμένων
572 335 1070 409 ὲπιδουλευοίμεθα,
1107 343 1382 413 νηφόντως
1422 346 1515 398 ἐπὶ
1539 347 1627 398 τὸν
1655 345 1827 416 Κύριο

1959 346 2106 401 tione
2130 347 2496 401 invocantium
2531 365 2591 404 se
2630 360 3002 422 propugnator
3028 361 3079 408 et
3126 360 3402 424 preti-(tor
3431 369 3535 416 est.

276 425 435 496 ήμῶν
476 428 690 482 καὶτὸν
729 429 860 485 Θεὸν
898 432 1326 505 καταφύγωμεν,
1356 436 1448 488 τὸν
1491 439 1630 491 κατὰ
1664 438 1853 507 γενεὰν

275 520 371 572 καὶ
391 520 582 588 γενεὰν
609 522 924 595 ὑπέρμαχον
958 525 1274 596 γιγνόμενον
1304 529 1396 580 καὶ
1441 529 1854 601 ὑπερασπιστὴν

271 611 382 664 τῶν
417 612 860 683 ἐπικαλουμένων
897 615 1078 670 αὑτόν.
1118 617 1260 669 Ἀντὶ
1297 617 1353 669 δὲ
1387 617 1504 682 τοῦ,
1549 621 1642 673 Ἐν
1679 621 1855 691 γενεᾷ

270 705 372 758 καὶ
403 702 598 773 γενεᾷ,
628 705 956 778 σαφέστερον
989 709 1016 760 ὁ
1043 708 1337 778 Σύμμαχος
1367 711 1624 776 ἐξέδωκεν
1660 714 1848 781 εἰπὼν,

280 797 384 851 Ἕν
409 795 637 866 ἑκάστῃ
670 796 843 866 γενεᾷ
863 815 875 827 ⁸
905 801 998 852 καὶ
1031 799 1192 855 πάλιν
1213 819 1225 831 ·
1259 801 1378 869 Πρὸ
1406 802 1512 856 τοῦ
1539 803 1644 871 ὄρη
1682 822 1853 873 γενη-

264 887 446 956 θῆναι
481 886 582 940 καὶ
628 889 1129 958 πλασθῆναιητὴν
1169 889 1284 962 γῆν
1328 895 1424 946 καὶ
1470 895 1847 964 οἰκουμένην,

264 977 572 1047 συμφώνως
606 975 740 1047 ὁμοῦ
777 978 1007 1043 Ἀκύλας
1040 981 1133 1034 καὶ
1177 981 1471 1052 Σύμμαχὸς
1499 1001 1630 1053 φασι
1655 1001 1668 1015 ·
1702 987 1852 1054 Πρὶν

260 1064 372 1135 ὄρη
398 1067 681 1136 τεχθῆναι
717 1069 813 1122 καὶ
853 1070 1213 1138 ὼδινηθιῆνιιι
1246 1073 1363 1142 γῆν
1392 1074 1488 1127 καί
1517 1075 1631 1142 τὴν
1664 1080 1851 1133 οἰκου-

255 1159 473 1228 μένην.
508 1161 618 1214 Καί
641 1179 729 1232 μοι
752 1161 899 1216 δοκεῖ
927 1165 959 1234 ὴ
1002 1164 1264 1236 Ἐδραῖκὴ
1293 1165 1436 1229 λέξις
1457 1169 1680 1236 φυσικὸν
1711 1171 1848 1224 ἀπο·

255 1253 553 1307 δεδωκέναι
603 1253 781 1322 λόγον,
822 1255 880 1308 ὲν
921 1255 1104 1319 αὑτοῖς
1146 1256 1467 1310 διδάσκουσα
1498 1259 1571 1330 μὴ
1610 1261 1846 1332 ἀρχῆθεν

259 1343 602 1415 συνυπάρξαι
628 1347 694 1416 τῇ
741 1347 811 1416 γῇ
841 1345 910 1399 τὰ
942 1346 1000 1398 ὲν
1049 1346 1185 1417 αὑτῇ
1219 1347 1342 1417 ὅρη,
1384 1348 1498 1400 ἀλλ’
1539 1349 1846 1420 ἀναφυῆναι

252 1435 415 1504 δίκην
442 1435 550 1488 τῶν
573 1437 906 1508 τικτομένων
923 1454 938 1470 ’
965 1437 1045 1490 διὸ
1076 1436 1320 1509 εἴρηται·
1352 1439 1466 1506 Πρὸ
1495 1440 1598 1494 τοῦ
1623 1441 1726 1510 ὅρη
1757 1461 1847 1512 τες

253 1521 534 1592 νηθῆναι,
571 1524 627 1596 ἢ,
669 1525 819 1593 Πρὶν
845 1525 951 1594 ὄρη
976 1525 1258 1595 τεχθῆναι
1278 1543 1292 1556 ·
1327 1528 1420 1579 καὶ
1453 1529 1599 1592 εἰκὸς
1626 1530 1741 1600 ἅμα
1768 1531 1845 1602 τῷ

252 1613 513 1684 τεχθῆναι
537 1614 604 1669 τὰ
628 1615 728 1690 δρη
759 1617 853 1670 καὶ
879 1615 1252 1687 προδληθῆναι
1275 1615 1382 1670 ἀπὸ
1404 1618 1500 1689 τῆς
1525 1618 1629 1688 γῆς
1652 1621 1844 1675 καταλ-

1957 435 2061 491 Pro
2093 437 2184 491 illo
2222 447 2425 502 autem,
2459 438 2524 492 In
2573 445 2906 510 generatione
2947 455 2996 497 et
3039 446 3391 514 generatione.
3425 449 3529 503 cia-

1954 530 2068 581 rius
2099 526 2458 598 Symmachus
2482 529 2652 583 edidit
2687 531 2772 584 his
2809 532 3013 594 verbis,
3043 532 3107 586 In
3129 531 3351 602 singulis
3381 551 3536 605 gene-

1953 619 2293 682 rationibus;
2325 635 2388 673 ac
2434 636 2654 675 rursum
2709 621 2846 684 haec,
2883 623 3178 695 Antequam
3207 640 3406 683 montes
3440 629 3536 700 ﬁe-

1955 719 2088 773 rent,
2121 719 2169 764 el
2202 710 2528 774 [armaretur
2575 721 2715 765 terra
2763 724 2811 767 et
2847 716 3024 779 orbis;
3057 718 3250 788 Aquila
3290 729 3344 775 et
3377 720 3535 791 Sym-

1953 801 2180 856 machus
2218 802 2469 857 similiter
2506 804 2585 858 sic
2617 804 2786 859 edunt
2822 825 2834 860 :
2874 806 3162 879 Antequam
3209 824 3406 867 montes
3431 830 3522 881 pa-

1951 906 2213 958 rerentur,
2242 904 2289 948 et
2343 896 2704 964 parturiretur
2729 906 2870 950 terra
2900 909 2948 952 et
3001 900 3162 956 orbis.
3195 899 3530 973 Videturque

1953 984 2082 1037 mihi
2111 983 2376 1038 Hebraica
2403 986 2563 1040 lectio
2593 987 2875 1058 physicam
2902 993 3167 1044 rationem
3206 995 3528 1061 reddidisse,

1951 1073 2156 1130 docens
2207 1092 2317 1130 non
2351 1078 2417 1130 ab
2458 1077 2614 1131 initio
2642 1089 2854 1134 montes
2888 1097 2994 1135 una
3026 1099 3148 1136 cum
3193 1094 3335 1138 terra
3366 1091 3529 1141 exsti-

1951 1165 2105 1231 tisse,
2138 1166 2230 1221 sed
2261 1175 2515 1238 partuum
2544 1168 2717 1223 instar
2742 1179 2892 1227 ortos
2919 1188 3041 1227 esse
3076 1193 3088 1228 :
3123 1189 3292 1244 quare
3321 1177 3524 1232 dictum

1957 1266 2063 1323 est,
2128 1256 2446 1329 Priusquam
2504 1271 2700 1316 montes
2755 1265 2969 1332 ﬁerent;
3031 1274 3144 1331 aut,
3208 1266 3524 1341 Priusquam

1948 1361 2150 1406 montes
2200 1365 2556 1421 parerentur:
2592 1372 2656 1410 ac
2687 1357 2984 1413 verisimile
3013 1370 3118 1424 est,
3157 1371 3369 1417 montes
3399 1380 3521 1418 cum

1947 1453 2293 1514 parerentur,
2323 1461 2386 1500 ac
2425 1449 2574 1502 velut
2610 1449 2845 1504 infantes
2885 1467 2914 1505 e
2947 1462 3090 1506 terra
3123 1457 3520 1518 emitterentur.

1947 1550 2055 1588 non
2101 1551 2163 1590 ea
2198 1553 2304 1606 qua
2347 1555 2493 1592 nunc
2542 1548 2668 1593 sunt
2714 1525 3045 1599 celsiiiidine
3080 1546 3282 1614 fuisse;
3318 1529 3409 1602 scd
3438 1565 3524 1602 rc-

1946 1641 2079 1682 eens
2107 1637 2289 1691 natos,
2329 1638 2387 1683 ut
2417 1630 2652 1686 infantes
2690 1644 3075 1703 nuper'orlos,
3100 1639 3329 1708 exiguos
3362 1640 3520 1692 iuini~

252 1701 432 1774 ὶήλως
471 1707 585 1768 τοῖς
628 1704 887 1776 βρέφεσι,
929 1707 1004 1778 μὴ
1034 1709 1191 1760 ὁποῖα
1219 1705 1315 1760 νῦν
1345 1708 1407 1760 τὸ
1447 1709 1674 1778 μέγεθος
1708 1712 1828 1764 ὑπο-

1947 1734 2174 1789 mosque
2203 1722 2521 1787 exstitisse;
2555 1723 2926 1794 diuturnoque
2959 1742 3075 1782 aevo
3116 1729 3517 1784 incrementum

251 1795 470 1866 στῆναι,
488 1795 602 1849 ἀλλ’
625 1797 749 1870 ἄρτι
770 1798 868 1869 μὲν
895 1799 1220 1871 γεννηθέντα
1245 1801 1336 1852 καὶ
1350 1800 1629 1871 τεχθέντα,
1649 1802 1836 1875 ῶσπερ

249 1892 514 1963 ἀρτιγενῆ
548 1891 657 1945 τῶν
691 1892 925 1965 βρεφῶν,
968 1894 1137 1966 μικρὰ
1170 1896 1262 1948 καὶ
1289 1896 1545 1967 ἐλάχιστα
1573 1897 1831 1969 ὑπάρξαι,

245 1982 324 2052 τῷ
348 1982 405 2036 δὲ
438 1983 634 2056 μακρῷ
654 1984 808 2037 αίῶνι
831 1984 1000 2056 αὔξην
1022 1987 1114 2039 καὶ
1139 1986 1368 2058 μέγεθος
1388 1988 1679 2042 ἐπιδοῦναι.
1698 1990 1834 2042 Φασὶ

246 2075 380 2142 γοῦν
407 2077 486 2140 είς
507 2075 586 2129 ἔτι
606 2076 766 2148 δεῦρό
786 2095 929 2142 τινες
947 2078 1056 2131 τῶν
1073 2078 1403 2149 φυσιολόγων
1425 2079 1608 2148 αὔξειν
1624 2080 1692 2135 τά
1712 2081 1835 2153 ὅρη,

245 2168 344 2221 καὶ
380 2166 483 2232 τάς
528 2168 734 2240 πέτρας
770 2168 989 2240 μείζους
1017 2171 1226 2224 ἑαυτῶν
1257 2172 1500 2241 γίνεσθαι
1527 2175 1667 2228 κατά
1689 2191 1838 2238 τινας

249 2255 617 2323 λανθανούσας
637 2261 786 2330 ἡμᾶς
813 2259 900 2313 διὰ
932 2261 1156 2333 μακρῶν
1197 2263 1460 2332 περιόδων
1491 2263 1837 2336 βραχυτάτας

248 2349 587 2421 προσθήκας.
622 2351 774 2404 Ἐπεὶ
799 2351 855 2404 δὲ
883 2353 977 2404 καὶ
1005 2351 1329 2424 ῶδινηθῆναι
1359 2353 1457 2426 τὴν
1486 2356 1588 2427 γῆν
1618 2355 1714 2409 καὶ
1735 2356 1831 2429 τὴν

246 2441 572 2512 οἰκουμένην
605 2441 888 2514 εἰρήκασιν
918 2444 967 2498 οἱ
1000 2440 1450 2515 ὲρμηνεὺσαντες,
1480 2445 1833 2519 ἐξακολουθή-

247 2549 440 2597 σαντες
464 2533 542 2605 τῷ
581 2533 874 2606 Ἐϐραῖκῷ,
899 2535 1110 2607 μήποτε
1145 2537 1236 2588 καὶ
1266 2537 1357 2588 ἐπὶ
1385 2537 1484 2608 τῆς
1513 2539 1614 2609 γῆς
1635 2539 1694 2592 τὸ
1728 2558 1831 2593 πα-

247 2624 548 2698 ραπλήσιον
591 2629 704 2690 τοῖς
734 2627 882 2699 ὄρεσι
912 2628 1100 2699 νοῆσαι
1136 2629 1420 2700 προσήκει,
1452 2630 1527 2694 ὡς
1559 2631 1617 2698 ἐξ
1640 2633 1827 2704 ἐτέρου

1943 1816 1996 1861 et
2031 1811 2460 1880 magnitudinem
2505 1815 2800 1884 accepisse.
2831 1816 2962 1871 Nam
3003 1821 3222 1890 quidam
3267 1837 3331 1876 ex
3380 1823 3519 1894 phy-

1943 1900 2164 1970 siologis
2192 1904 2462 1974 hodieque
2487 1905 2658 1969 aiunt,
2689 1916 2900 1962 montes
2929 1925 3197 1975 crescere,
3217 1927 3281 1968 ac
3303 1922 3509 1982 petras,

1941 1994 2182 2064 acceptis
2238 1996 2400 2068 longo
2449 2007 2752 2070 temporum
2808 2001 3082 2057 curriculo
3116 2005 3366 2073 modicis,
3399 2021 3520 2076 qua.

1941 2084 2100 2139 nobis
2139 2086 2328 2152 latent,
2356 2089 2728 2152 incrementis.
2761 2093 2997 2162 majores
3027 2097 3230 2150 sensim
3266 2099 3515 2154 evadere.

1939 2173 2078 2240 Quia
2121 2192 2248 2232 vero
2298 2178 2649 2250 interpretes,
2678 2181 3002 2239 llebraicum
3051 2196 3366 2258 sequentes,
3409 2197 3516 2244 ter-

1936 2281 2055 2320 ram
2105 2276 2158 2322 et
2201 2269 2387 2323 orbem
2439 2273 2741 2340 parturisse
2769 2273 3054 2343 dixerunt;
3091 2294 3220 2333 num
3256 2281 3418 2334 etiam
3449 2281 3518 2335 de

1940 2365 2085 2412 terra
2138 2361 2289 2429 paria
2325 2361 2392 2416 iis
2437 2378 2560 2432 quae
2591 2363 2657 2418 de
2692 2368 2969 2424 montibus
3002 2373 3245 2438 cogitare
3270 2387 3368 2442 par
3396 2373 3514 2427 lue-

1938 2449 2028 2514 rit,
2069 2452 2226 2522 quasi
2258 2451 2372 2520 ipsa
2407 2469 2628 2523 quoque
2667 2471 2735 2509 ex
2773 2458 2882 2511 alio
2914 2459 3182 2515 elemento
3224 2463 3508 2532 procedat,

1936 2543 2010 2597 ita
2046 2551 2105 2597 ut
2129 2545 2292 2598 etiam
2331 2547 2420 2599 illa
2455 2547 2629 2616 prius,
2663 2551 2821 2617 quasi
2856 2564 2885 2603 a
2917 2554 3328 2622 praegnantibus
3366 2562 3418 2610 et
3449 2556 3504 2610 in

1935 2643 2093 2705 partu
2116 2635 2335 2690 dolores
2364 2638 2718 2707 patientibus.
2753 2642 3155 2708 partui-iretur?

247 2719 512 2790 στοιχείου
537 2719 906 2791 προελθούσης
935 2720 1127 2791 αὑτῆς,
1172 2721 1555 2794 καὶπρότερον
1614 2725 1711 2794 μὲν
1768 2725 2119 2798 ὼδινηθείσης
2160 2727 2316 2799 δίκην
2369 2727 2477 2782 τῶν
2519 2732 2922 2802 κυοφορουσῶν,
2953 2735 3045 2787 καὶ
3071 2735 3127 2787 ἐν
3167 2733 3245 2806 τῷ
3303 2736 3513 2789 τίκτειν

243 2813 630 2885 ὑπομενουσῶν
653 2813 848 2878 ὠδῖνας
867 2830 882 2880 ;

314 2931 379 2985 Et
407 2930 451 2984 δ’
477 2926 570 2985 οὑν
622 2930 948 3002 συνέστηκεν
984 2931 1013 2982 ὁ
1049 2931 1157 2986 τῶν
1201 2933 1444 3002 φυσικῶν
1483 2933 1639 3002 λόγος
1671 2936 1699 2988 ὁ
1728 2934 1828 3004 φά-

2009 2933 2067 2989 δί
2095 2935 2279 3006 itaque
2303 2935 2656 3007 physicorum
2689 2951 2870 2991 sermo
2895 2943 3129 3001 constet,
3162 2937 3256 3007 qui
3289 2937 3366 2992 ait
3388 2941 3508 3010 pri-

242 3019 412 3089 σκων,
447 3024 663 3098 πρῶτον
713 3028 974 3096 στοιχεῖον
1013 3026 1294 3095 γεγονέναι
1323 3027 1384 3079 τὸ
1426 3025 1589 3098 ὕδωρ,
1613 3022 1730 3080 εἶτα
1771 3026 1829 3094 ἐξ

239 3116 437 3181 ὓδατος
482 3119 574 3170 καὶ
623 3118 721 3189 τῆς
765 3119 940 3190 ὑγρᾶς
980 3118 1166 3182 οὐσίας
1219 3118 1518 3189 ὑποστῆναι
1559 3119 1625 3172 τὰ
1669 3119 1832 3173 λοιπά

241 3210 518 3278 στοιχεῖα·
550 3207 694 3262 εῐποι
746 3208 811 3263 ἀν
839 3227 923 3273 τις
964 3210 1122 3263 τοῦτο
1162 3210 1256 3264 καὶ
1285 3212 1378 3264 ἐπὶ
1417 3212 1514 3282 τῆς
1549 3212 1829 3284 παρούσης

237 3298 465 3371 Γραφῆς
503 3301 860 3372 σημαίνεσθαι
905 3301 1191 3374 δηλούσης,
1235 3305 1316 3357 ὃτι
1347 3300 1415 3376 ἦν
1449 3306 1536 3357 ὅτε
1569 3305 1626 3358 ὲν
1657 3291 1827 3377 ἑτέρω

232 3389 375 3446 οὖσα
401 3395 432 3464 ή
459 3393 530 3464 γῆ
557 3395 804 3466 στοιχείῳ
825 3395 1033 3466 ἀφανὴς
1061 3391 1150 3466 ἦν,
1181 3397 1453 3468 κυουμένη
1477 3398 1573 3450 καί⁸
1599 3397 1828 3470 συλλαμ.

235 3485 509 3558 ϐανομένη
541 3487 599 3539 ὲν
643 3490 708 3558 τῇ
741 3487 902 3556 φύσει
929 3488 1028 3559 τῆς
1073 3489 1244 3560 ὑγρᾶς
1283 3490 1488 3553 οὐσίας.
1520 3491 1610 3543 Διὸ
1644 3492 1736 3546 καὶ
1769 3494 1825 3545 ἐν

231 3580 305 3649 τῇ
348 3580 675 3655 κοσμοποιίᾳ
716 3581 959 3652 εἴρηται·
1003 3580 1072 3633 ἸΙ
1113 3581 1182 3634 δὲ
1219 3581 1296 3650 γῆ
1334 3579 1414 3651 ἦν
1445 3583 1694 3650 ἀόρατος
1729 3583 1825 3636 καὶ

233 3670 804 3738 ἀκατασκεύαστοςο
849 3673 946 3727 καί
987 3675 1209 3740 σκότος
1251 3672 1452 3726 ἐπάνω
1493 3672 1604 3741 τῆς
1638 3675 1824 3728 ἀϐύσ-

233 3777 388 3816 σου·
424 3762 540 3816 ἀλλ’
587 3762 813 3834 ὕστερον
853 3763 1042 3836 ὥσπερ
1093 3763 1522 3835 ἀπογεννηθεῖσα
1554 3764 1822 3836 προῆλθεν

233 3853 302 3906 ὲκ
328 3854 428 3926 τῆς
452 3853 561 3906 τῶν
587 3854 791 3908 ὑδάτων
823 3855 1029 3918 οὑσίας,
1074 3856 1172 3909 οὑκ
1204 3855 1331 3909 ἄνευ
1359 3854 1510 3919 θείας
1543 3855 1822 3926 δυνάμεως

232 3946 331 3998 καὶ
359 3946 665 4019 κρείττονος
704 3947 949 4018 ἀνάγκης
990 3947 1334 4018 ἐπιτεθείσης
1373 3950 1542 4020 αὑτῇ·
1580 3947 1717 4018 αῦτη
1763 3948 1819 4000 δὲ

229 4033 303 4109 ἦν
327 4040 361 4110 ἡ
389 4037 484 4092 τοῦ
519 4039 866 4112 Δημιουργοῦ
902 4039 1173 4112 βούλησις.
1204 4041 1291 4104 Ὦς
1314 4041 1422 4111 γὰρ
1452 4041 1544 4093 ἐπὶ
1573 4039 1681 4092 τῶν
1703 4057 1822 4092 κυο-

231 4128 516 4200 φορουσῶν
558 4129 853 4199 γυναικῶν,
887 4129 1008 4200 βίας
1053 4131 1148 4184 καὶ
1196 4130 1441 4202 ἀνάγκης
1488 4129 1820 4200 ἐπελθούσης

229 4221 447 4285 αὑταῖς,
476 4221 537 4275 τὸ
567 4221 708 4276 κατά
744 4223 982 4294 γαστρὸς
1028 4223 1349 4292 προάγεται,
1384 4223 1477 4276 τοῦ
1512 4222 1816 4295 ὡρισμένου

229 4316 425 4386 χρόνου
452 4315 551 4386 τῆς
587 4315 894 4381 ἀποτέξεως
921 4317 1261 4382 ἐπιστάντος,
1293 4316 1412 4370 καθ’
1445 4317 1502 4370 ὂν
1531 4316 1813 4371 ὠδίνουσαι
1848 4297 1889 4352 D

227 4407 505 4461 τίκτουσι·
528 4407 620 4461 τὸν
644 4407 804 4462 αὑτὸν
821 4408 1022 4480 τρόπον
1043 4408 1269 4480 δυνάμει
1292 4409 1386 4462 καὶ
1408 4409 1569 4480 σοφίᾳ
1588 4407 1682 4461 τοῦ
1702 4409 1810 4463 τῶν

225 4498 370 4553 ὅλων
398 4499 728 4572 δημιουργοῦ
767 4502 872 4571 γῆν
904 4500 999 4554 κει)⁸
1024 4501 1120 4570 τὴν
1149 4499 1258 4553 τῶν
1293 4499 1594 4572 ἀνθρώπων
1635 4501 1812 4553 οίκουο

231 4591 404 4661 μένην
432 4593 500 4646 τὰ
543 4591 708 4646 ὑδατα
745 4592 1137 4664 προηνέγκατο.
1171 4592 1280 4646 Καὶ
1308 4591 1452 4645 τοῦτ’
1487 4591 1810 4664 ἐπληροῦτο,

224 4683 467 4753 ὁπηνίκα
502 4679 653 4738 εἶπεν
679 4687 708 4737 ὁ
739 4681 1293 4751 Θεός⁶’Συναχθήτω
1329 4681 1401 4735 τὰ
1439 4682 1628 4736 ὕδατα
1664 4685 1811 4736 ὐπο-

227 4775 390 4829 κάτω
442 4776 546 4831 τοῦ
599 4775 861 4844 οὐρανοῦ
913 4778 999 4842 είς
1055 4775 1442 4845 συναγωγὴν,
1473 4777 1654 4846 μίαν,
1712 4774 1810 4828 καὶ

227 4867 468 4937 δφθήτω
499 4871 536 4937 ἡ
561 4869 733 4938 ξηρά.
778 4871 887 4925 Καὶ
941 4870 1177 4939 ἐγένετο
1215 4869 1385 4922 οὕτω.
1414 4869 1523 4923 Θέα
1567 4870 1676 4940 γάρ
1720 4886 1810 4940 μοι

224 4962 295 5032 τῇ
319 4959 526 5032 διανοίᾳ
557 4961 655 5033 τὴν
681 4961 784 5033 γῆν
819 4959 964 5014 ἔνδον
997 4963 1054 5013 ὲν
1090 4963 1200 5023 τοῖς
1235 4959 1387 5012 ὕδασι
1410 4959 1575 5013 πάλαι
1611 4961 1810 5031 πρότε-

227 5067 324 5124 ρον
368 5052 841 5124 ὲγκεκρυμμένην,
883 5052 1083 5123 τρόπον
1113 5069 1173 5105 τε
1213 5051 1354 5114 ἰλύος
1386 5051 1808 5123 ἀναλελυμένην,

226 5144 325 5196 καὶ
350 5143 428 5214 τῷ
452 5144 642 5215 πλήθει
665 5146 773 5199 τῶν
795 5147 999 5200 ὑδάτων
1030 5146 1501 5216 ἀνακεκραμένην,
1524 5145 1599 5208 ῶς
1628 5147 1807 5217 ἀφανῆ

224 5230 368 5289 εἶναι
392 5237 486 5290 καὶ¹
515 5238 743 5307 ἀόρατον
764 5255 778 5268 ο
812 5237 892 5291 διὸ
912 5236 1168 5305 λέγεσθαι
1194 5252 1207 5264 ·
1251 5239 1322 5290 Ἠ
1345 5237 1412 5289 δὲ
1437 5236 1507 5307 γῆ
1535 5234 1609 5306 ἦν
1639 5240 1810 5306 ἀόρα-

223 5344 332 5394 τος
383 5329 480 5382 καὶ
523 5330 1052 5395 ἀκατωκεύαστος
1077 5344 1090 5357 °
1135 5324 1233 5381 εἷθ’
1281 5328 1506 5401 ὕστερον
1559 5330 1806 5402 βουλήσει

222 5418 362 5472 Θεοῦ
419 5421 586 5492 αὑτὴν
637 5421 1010 5492 συναγομένην
1058 5419 1344 5476 πιλοῦσθαι
1396 5423 1658 5493 πρότερον
1710 5421 1804 5474 καὶ

226 5512 668 5583 συμπήγνυσθαι,
703 5515 797 5568 καὶ
825 5513 962 5585 μετᾶ
1004 5514 1176 5568 ταῦτα
1207 5515 1417 5586 ἀθρόως
1454 5513 1804 5569 ἀναὼθεῖσαν

297 5668 346 5705 δ’
382 5667 520 5728 Gen.
558 5686 611 5737 t,
647 5670 702 5727 9...
780 5673 825 5704 ”
863 5670 997 5725 Gen.
1036 5685 1072 5735 ι,
1104 5671 1159 5726 9.

1937 3043 2085 3081 mum
2124 3027 2453 3084 elementum
2507 3027 2683 3084 fuisse
2735 3044 2932 3098 aquam
2958 3069 2974 3093 ,
3027 3029 3224 3085 deinde
3263 3047 3396 3088 vero
3436 3048 3506 3088 ex

1932 3133 2074 3189 aqua
2111 3126 2164 3174 et
2201 3119 2422 3173 humida
2455 3121 2784 3186 substantia,
2819 3121 3026 3190 reliqua
3062 3122 3328 3177 elementa
3374 3124 3509 3180 sub-

1932 3210 2142 3265 stitisse
2165 3228 2178 3276 ;
2201 3209 2402 3266 dixerit
2440 3211 2670 3267 fortasse
2694 3211 2987 3280 quispiam,
3025 3212 3125 3266 hoc
3158 3213 3212 3267 in
3252 3216 3506 3284 praesenti

1933 3301 2216 3372 Scriptura
2257 3302 2578 3372 signiﬁcari,
2621 3317 2684 3358 ac
2742 3303 3030 3368 declarari,
3071 3302 3241 3359 fuisse
3293 3312 3508 3376 tempus

1929 3411 2054 3450 cum
2088 3403 2232 3450 terra
2265 3398 2321 3452 in
2361 3398 2470 3451 alio
2507 3399 2777 3452 elemento
2827 3399 3024 3468 posita,
3073 3400 3177 3454 sub
3221 3410 3504 3472 aspectum

1927 3503 2038 3544 non
2079 3489 2320 3552 caderet,
2355 3489 2513 3558 quasi
2567 3497 2726 3544 utero
2776 3498 2986 3560 gestata
3044 3501 3098 3545 et
3136 3502 3398 3563 concepta
3448 3494 3503 3548 in

1928 3578 2165 3633 humida:
2193 3579 2515 3634 substantiae
2557 3587 2773 3633 natura.
2815 3578 2994 3646 Quare
3037 3581 3092 3635 in
3127 3581 3314 3636 mundi
3347 3597 3503 3638 crea-

1925 3669 2074 3723 tione
2099 3668 2301 3723 dicilur
2318 3669 2360 3700 ⁸⁸
2389 3689 2401 3723 :
2429 3670 2592 3724 Terra
2607 3681 2781 3725 autem
2805 3682 2916 3725 erat
2944 3671 3224 3727 invisibilis
3251 3675 3486 3728 etincom

1922 3761 2117 3827 posita,
2154 3771 2202 3814 et
2245 3760 2467 3815 tenebra:
2517 3778 2672 3830 super
2729 3761 3016 3832 abyssum;
3070 3763 3165 3818 sed
3224 3773 3502 3835 postremo

1923 3853 2083 3921 quasi
2128 3853 2308 3922 genita
2349 3868 2416 3907 ex
2463 3869 2728 3924 aquarum
2784 3855 3095 3910 substantia
3135 3858 3358 3926 prodiit,
3389 3873 3497 3914 non

1924 3947 2044 4000 sine
2064 3945 2245 3999 divina
2278 3945 2501 4013 virtuze,
2533 3946 2627 4001 sed
2668 3946 2863 4015 majori
2904 3956 3096 4001 coacta
3127 3949 3178 4002 vi
3214 3958 3269 4003 et
3307 3965 3497 4006 neces-

1923 4036 2085 4092 sitate
2114 4056 2126 4090 :
2162 4037 2273 4091 haec
2305 4052 2432 4091 vero
2454 4045 2572 4092 erat
2605 4037 2884 4094 Creatoris
2910 4039 3183 4093 voluntas.
3222 4039 3498 4105 Quemad-

1920 4129 2140 4184 modum
2176 4130 2319 4184 enim
2352 4145 2380 4182 a
2412 4130 2820 4200 prtcgnantibus
2843 4130 3184 4194 mulieribus,
3211 4131 3500 4186 imminen-

1921 4228 1974 4276 te
2023 4221 2074 4275 vi
2121 4236 2185 4275 ac
2217 4223 2568 4284 necessitate,
2615 4221 2839 4276 deliuito
2892 4231 3083 4291 partus
3137 4232 3379 4291 tempore
3411 4223 3498 4277 in-

1918 4322 2119 4378 stante,
2169 4313 2313 4385 quod
2377 4314 2430 4366 in
2483 4325 2634 4368 utero
2677 4322 2794 4367 erat
2849 4314 3136 4377 emittitur,
3174 4321 3337 4384 atque
3388 4315 3492 4371 illa:

1919 4421 2043 4461 cum
2075 4405 2262 4461 dolore
2302 4403 2780 4475 pariiuit;.eodem
2819 4419 3048 4472 prorsus
3083 4405 3243 4458 modo
3269 4406 3488 4461 univer-

1919 4511 2106 4551 sorum
2160 4495 2369 4567 Opiﬁcis
2404 4494 2455 4547 vi
2506 4500 2562 4547 et
2616 4492 2902 4562 sapientia,
2941 4500 3138 4545 terram
3201 4501 3253 4547 et
3305 4493 3490 4548 orbem

1916 4603 2072 4658 aqua:
2103 4587 2473 4656 protulerunt.
2509 4583 2575 4636 Et
2603 4583 2707 4637 hoc
2739 4583 3070 4652 implebatur
3103 4583 3323 4652 quando
3355 4584 3493 4639 dixit

1916 4682 2060 4735 Deus
2088 4678 2134 4711 ³ο
2165 4697 2178 4731 ;
2209 4676 2598 4747 Congregentur
2615 4692 2763 4746 aqua:
2793 4674 2888 4728 sub
2907 4676 3032 4728 cwlo
3055 4677 3106 4729 in
3138 4678 3492 4732 collectionem

1915 4789 2100 4840 unam,
2121 4781 2171 4826 et
2194 4782 2446 4841 appareat
2479 4770 2655 4824 arida.
2695 4769 2762 4821 Et
2796 4768 3103 4837 factum‘est
3135 4770 3232 4824 ita.
3261 4769 3324 4823 Et
3354 4787 3490 4825 con-

1915 4865 2146 4926 sideres,
2173 4880 2378 4935 quatso,
2406 4872 2606 4918 terram
2649 4862 2703 4916 in
2734 4863 2892 4933 aquis
2918 4862 3046 4914 olim
3088 4862 3487 4925 absconditam,

1915 4967 2080 5029 atque
2119 4958 2294 5012 instar
2327 4956 2424 5010 luti
2464 4956 2721 5016 solutam,
2762 4965 2817 5008 et
2842 4969 3108 5024 aquarum
3150 4955 3488 5008 multitudini

1914 5051 2267 5107 commixtam
2305 5048 2503 5112 fuisse;
2537 5046 2613 5099 ita
2637 5052 2694 5099 ut
2717 5046 3008 5101 invisibilis
3037 5055 3091 5100 et
3121 5047 3340 5101 occulta
3374 5060 3489 5100 ma—

1914 5150 2066 5197 neret
2103 5161 2114 5195 :
2150 5147 2482 5214 quaprOpter
2511 5137 2737 5199 dicitur,
2765 5136 2928 5190 Terra
2953 5147 3130 5191 autem
3160 5147 3274 5191 erat
3302 5136 3484 5189 invisi-

1911 5236 2029 5290 bilis
2063 5245 2112 5290 et
2154 5233 2539 5303 incomposita;
2570 5230 2765 5286 deinde
2795 5247 2923 5285 vero
2967 5247 3030 5285 ex
3081 5231 3172 5286 Dei
3208 5232 3487 5285 voluntate
3544 5229 3549 5256 ’

1910 5337 2250 5399 compactam
2289 5337 2344 5382 et
2372 5326 2716 5397 coagulatam
2748 5323 2940 5389 fuisse,
2966 5333 3020 5380 et
3047 5332 3232 5394 postea
3264 5320 3484 5376 confer-

1910 5421 2007 5474 tim
2038 5421 2094 5475 in
2134 5419 2309 5475 lucem
2346 5419 2571 5481 editam,
2610 5419 2664 5473 in
2702 5432 2898 5486 purum
2934 5432 3111 5470 aerem
3153 5414 3483 5468 emersisse:

1907 5521 1962 5570 et
1978 5513 2371 5578 animadverte,
2398 5512 2531 5566 nihil
2552 5511 2662 5567 fere
2687 5520 2798 5565 tum
2825 5506 3202 5565 intercessisse
3219 5505 3484 5561 discrimi-
