3988 6204
473 261 608 318 i127
1169 259 1436 316 EUSEDII
1471 254 1944 312 CESARiENSIS
1978 254 2124 312 OPP.
2163 255 2341 310 ΡΑιιδ
2375 251 2462 313 Ill.
2493 286 2564 296 -—
2597 253 2999 309 EXEGETICA.
3574 254 3717 310 1128

474 383 716 439 nisiuter
745 380 889 436 illam
924 389 975 434 et
1016 395 1080 436 ea
1107 395 1229 450 qua:
1266 395 1332 434 ex
1357 387 1512 433 utero
1548 381 1862 449 gignuntur.
1893 377 2026 431 Cum

2142 377 2214 440 είς
2241 378 2356 445 φῶς
2402 376 2700 448 προελθεῖν,
2733 375 2826 428 καὶ
2857 374 3126 444 ἀνακύψαι
3160 375 3238 438 ei;
3275 373 3514 445 καθαρὸν
3551 375 3716 444 ἀέρα.

474 471 637 543 igitur
661 485 727 525 ex
753 469 912 540 aquis
943 484 1156 524 emersa
1195 468 1458 539 prodiret,
1482 475 1614 522 tunc
1643 467 1788 538 gigni
1809 475 1862 522 et
1890 467 2040 522 nasci

2144 467 2251 520 Καὶ
2274 468 2365 532 ίδὲ,
2395 469 2470 531 ὡς
2501 467 2651 521 οὐδὲν
2678 466 2786 519 τῶν
2817 465 3172 536 γεννωμένων
3201 465 3307 518 ἀπὸ
3329 465 3566 534 γαστρὸς
3595 465 3719 517 δια-

471 561 756 618 vidchatur
791 580 803 615 :
838 567 965 615 ante
993 567 1174 614 ortum
1207 575 1336 615 vero
1375 560 1524 614 intus
1562 559 1618 613 in
1662 559 1820 629 aquis
1865 557 1921 612 in
1959 558 2043 611 lu-

471 661 584 708 tum
635 659 938 723 compacta,
971 659 1026 706 et
1058 650 1231 706 instar
1258 651 1374 705 limi
1417 651 1474 704 in
1518 652 1735 722 propria
1781 649 2044 720 gravitate

471 741 782 798 subsistens
815 750 869 797 et
915 740 1234 806 considens,
1272 749 1405 795 tunc
1446 739 1896 810 concipiebatur;
1947 738 2043 794 de-

472 851 730 906 mumque
753 836 910 906 quasi
934 852 998 890 ex
1041 845 1197 890 utero
1235 841 1417 898 enata,
1450 841 1900 901 terrenorumque
1927 831 2044 885 ani-

471 927 697 982 malium
739 927 1109 982 habitaculum
1163 925 1353 981 effecta
1382 934 1484 980 est.
1516 923 1718 979 Verum
1751 931 2043 994 antequam

473 1019 586 1073 haec
616 1018 828 1084 tierent,
852 1025 907 1074 et
936 1026 1062 1072 ante
1085 1016 1273 1071 mundi
1304 1014 1781 1078 constitutionem,
1812 1020 1869 1066 tu
1903 1014 2040 1083 ipse,

473 1117 671 1186 inquit.
724 1114 886 1179 Deus,
925 1130 1004 1169 es.
1036 1112 1102 1166 Et
1133 1113 1360 1184 pulchre
1391 1109 1609 1181 quidem
1643 1126 1776 1176 non,
1808 1118 1864 1162 tu
1898 1127 2040 1175 eras,

472 1208 582 1275 ait;
609 1206 726 1270 sed,
755 1217 809 1260 tu
831 1221 1066 1260 cunam
1099 1215 1152 1259 tu
1185 1205 1322 1275 ipse,
1354 1203 1554 1274 inquit,
1574 1218 1796 1267 eras,es
1826 1209 1880 1256 et
1896 1202 2043 1269 eris;

473 1297 583 1352 imo
617 1302 798 1368 potius
830 1295 969 1351 idem
1009 1310 1222 1365 semper
1250 1310 1332 1358 es,
1363 1304 1416 1350 et
1436 1294 1575 1348 idem
1625 1308 1685 1349 es
1740 1292 2042 1348 secundum

474 1388 615 1443 hanc
651 1387 973 1456 theologiam
1013 1403 1026 1438 :
1068 1383 1148 1437 Tu
1196 1393 1372 1437 autem
1417 1383 1553 1436 idem
1588 1384 1696 1452 ipse
1724 1399 1799 1445 es,
1829 1390 1878 1435 et
1917 1381 2043 1434 anni

473 1479 551 1533 tui
573 1495 675 1533 non
703 1477 945 1546 deﬁcient
969 1477 1038 1530 δι.
1070 1475 1190 1530 Non
1220 1477 1366 1530 enim
1404 1475 1485 1531 l‘as
1509 1482 1591 1530 est
1612 1475 1679 1530 de
1719 1475 1810 1528 illo
1840 1474 2041 1538 dicere,

473 1587 612 1634 eras,
642 1578 758 1635 aut,
791 1579 927 1633 erat,
978 1577 1092 1631 aut,
1139 1570 1282 1624 erit:
1315 1583 1439 1622 nam
1485 1567 1639 1633 illud,
1674 1567 2042 1637 praeteritum;

474 1663 598 1727 hoc,
636 1661 876 1716 futurum
935 1670 1150 1730 tempus
1206 1660 1478 1730 signiﬁcat
1519 1678 1533 1714 :
1567 1673 1799 1728 quorum
1831 1657 2039 1710 nullum

475 1754 569 1808 Dei
601 1754 806 1808 nomini
847 1753 1136 1820 convenit;
1171 1768 1296 1805 nam
1331 1750 1433 1820 ipsi
1472 1750 1574 1805 soli
1609 1746 1868 1820 competit
1898 1763 2042 1803 sem-

475 1862 570 1915 per
587 1861 728 1901 esse.
749 1843 1115 1910 Quamobrem
1144 1841 1234 1895 hic
1261 1839 1673 1894 accuratissime
1695 1838 1901 1895 dictum
1923 1849 2040 1894 est:

473 1938 510 1988 Α
547 1937 740 1990 atecqu
776 1952 938 2005 usque
980 1936 1033 1987 in
1064 1932 1314 1986 sa'culum
1347 1941 1402 1984 tu
1433 1949 1508 1995 es,
1537 1931 1708 1994 Deus;
1731 1931 1859 1984 alibi
1891 1945 2040 1996 vero,

478 2026 553 2080 Tu
583 2037 756 2080 autem
781 2025 914 2078 idem
939 2026 1049 2092 ipse
1084 2039 1138 2076 es
1161 2031 1210 2075 et
1256 2022 1380 2075 anni
1407 2023 1484 2074 tui
1513 2038 1616 2074 non
1639 2021 1900 2090 deﬁcient.
1937 2021 2044 2075 0b-

476 2117 803 2170 servandum
840 2123 1017 2168 autem
1052 2121 1138 2168 est
1195 2113 1300 2166 hoc
1347 2113 1401 2166 in
1445 2112 1588 2175 loco,
1631 2111 1873 2175 Domine,
1898 2111 2044 2180 refu-

473 2207 615 2276 gium
649 2205 823 2274 factus
860 2221 913 2258 es
969 2202 1139 2266 nobis,
1174 2201 1330 2264 illud,
1385 2199 1624 2264 Domine,
1662 2216 1769 2255 non
1808 2210 2045 2271 quatuor

477 2295 778 2349 litterarum
806 2293 1068 2348 vocabulo
1130 2291 1270 2361 apud
1331 2289 1586 2346 Hebraeos
1641 2291 1912 2362 exprimi;
1948 2291 2044 2347 sed

475 2386 791 2455 vulgaribus
817 2392 871 2438 ct
897 2384 1173 2438 consuetis
1201 2383 1507 2446 elementis,
1533 2383 1625 2452 qui
1659 2382 1822 2437 etiam
1860 2382 1913 2436 in
1939 2383 2044 2437 hu-

478 2487 636 2530 mana
687 2475 1050 2546 appellatione
1085 2481 1446 2544 usurpantur,
1477 2474 1525 2528 si
1585 2473 1806 2544 quando
1853 2475 2043 2529 herum

475 2567 785 2637 quempiam
839 2565 894 2622 in
924 2566 1240 2620 hominibus
1291 2564 1570 2620 dominum
1598 2580 1876 2620 vocemus.
1909 2565 2043 2620 Nam

476 2660 529 2713 in
561 2659 812 2729 prmsenti
848 2659 1003 2723 illud,
1029 2657 1262 2718 Adonai,
1283 2656 1590 2726 explicatur
1625 2655 1898 2719 Dominus,
1919 2672 2043 2712 cum

473 2761 709 2824 quatuor
741 2753 1044 2808 litterarum
1073 2751 1456 2822 nomen,quod
1485 2765 1739 2805 arcanam
1775 2752 1864 2806 Dei
1891 2751 2046 2806 theo—

475 2848 669 2916 logiam
697 2847 993 2917 signiﬁcat,
1032 2847 1086 2900 in
1119 2847 1372 2915 praesenti
1403 2846 1635 2899 lectione
1671 2860 1782 2898 non
1818 2859 2043 2913 compa-

475 2947 626 3004 reat,
667 2940 763 2995 sed
805 2939 1067 2993 Dominus
1100 2945 1411 3009 opportune
1440 2938 1765 3008 appelletur,
1801 2944 1862 2990 ut
1894 2937 2043 2992 indi-

475 3039 630 3083 cetur
667 3043 856 3083 curam
905 3029 1444 3098 sollicitudinemque
1469 3043 1660 3099 gerere
1705 3027 2041 3083 domestico-
2069 3066 2112 3123 ϐ

473 3137 595 3176 rum
644 3138 892 3185 suorum,
923 3136 1157 3192 quorum
1196 3120 1472 3192 refugium
1501 3130 1604 3176 est.
1650 3119 1717 3172 Et
1749 3119 2040 3189 perpende,

473 3227 604 3266 num
641 3211 780 3266 forte
809 3211 876 3265 ad
911 3209 1078 3266 Deum
1109 3209 1347 3265 Verbum
1399 3210 1515 3264 haec
1563 3209 1816 3263 doctrina
1839 3207 2044 3264 refera-

2143 558 2326 629 φέρειν
2349 558 2521 610 ἐδόκει
2542 558 2685 610 τότε.
2709 557 2838 608 Ὅτε
2867 557 2964 626 μὲν
2987 554 3080 608 οὖν
3100 555 3433 626 προϐέϐλητο
3452 556 3562 607 τῶν
3589 555 3723 608 ὑδέι-

2140 665 2248 702 των
2287 648 2627 719 άνακὺψασα,
2662 649 2949 720 τικτομένη
3003 648 3096 701 καὶ
3145 647 3457 718 γεννωμένη
3514 647 3721 700 ἑοίκειο

2143 740 2249 811 πρὸ
2270 739 2326 793 δὲ
2351 741 2449 811 τῆς
2471 741 2775 810 γεννήσεως
2799 739 2946 793 ἔνδον
2974 741 3033 792 ὲν
3063 741 3176 802 τοίς
3213 738 3366 792 ὕδασι
3397 738 3722 808 συμπηλου-

2146 833 2280 903 μένη
2325 829 2644 902 πηγνυμένη
2675 847 2757 897 τε,
2791 831 2885 883 καὶ⁸
2923 826 3261 900 δίκηντίλὺος
3294 829 3387 882 ἐπὶ
3425 829 3485 881 τὸ
3514 831 3722 882 οίκείον

2145 922 2306 995 βάρος
2325 921 2664 992 ὑφισταμένη
2690 921 2784 975 καὶ
2806 920 3180 984 συνιζάνουσα,
3197 920 3257 973 τὸ
3274 920 3570 992 τηνικαῦτα
3590 937 3722 972 συν-

2143 1013 2476 1086 ελαμϐάνετο
2495 1028 2512 1044 ⁸
2547 1015 2622 1077 ὡς
2643 1013 2864 1086 ὕστερον
2883 1013 2940 1066 δὲ
2968 1013 3060 1068 καὶ
3078 1012 3396 1083 ὠδινηθεῖσα
3417 1012 3716 1082 ἀπετέχθη,

2143 1108 2238 1160 καὶ
2281 1107 2501 1176 γέγονεν
2553 1107 2864 1178 οἰκητήριον
2895 1105 3002 1158 τῶν
3047 1105 3141 1158 ἐπὶ
3171 1106 3272 1177 γῆς
3318 1105 3500 1169 ζώων.
3552 1105 3723 1158 Ἀλλᾶ

2145 1197 2250 1267 πρὸ
2289 1195 2382 1250 τοῦ
2425 1196 2577 1249 ταῦθ’
2607 1196 2750 1250 οὕτω
2775 1196 3051 1265 γενέσθαι,
3097 1197 3190 1250 καὶ
3236 1197 3342 1267 πρό
3377 1214 3439 1265 γε
3469 1197 3573 1269 τῆς
3620 1197 3722 1249 τοῦ

2143 1292 2348 1362 κόσμου
2376 1290 2705 1353 συστάσεως,
2730 1290 2815 1355 σὺ,
2851 1290 3034 1360 φησὶν,
3057 1289 3217 1352 αὐτὸς
3244 1284 3314 1354 εἷ,
3362 1291 3390 1342 ὁ
3415 1290 3570 1345 Θεὸς.
3608 1291 3726 1343 Καὶ

2143 1381 2324 1446 καλῶς
2345 1397 2408 1449 γε
2455 1381 2515 1434 οὐ
2543 1380 2624 1435 σὺ
2670 1377 2850 1451 ἦσθα,
2891 1383 3075 1450 φησιν,
3107 1380 3262 1444 ἀλλὰ,
3304 1381 3385 1435 σὺ
3417 1381 3498 1434 εἶ’
3527 1383 3558 1434 ὁ
3607 1381 3725 1452 γὰρ

2143 1474 2306 1537 αὐτὸς
2327 1475 2419 1527 καὶ
2442 1469 2532 1546 ἧς,
2556 1477 2650 1526 καὶ
2680 1468 2750 1536 εἷ,
2777 1473 2871 1526 καὶ
2907 1472 3037 1547 ἔσῃ’
3066 1473 3264 1544 μᾶλλον
3295 1474 3351 1526 δὲ
3377 1475 3405 1527 ὁ
3435 1473 3602 1537 αὐτὸς
3629 1475 3724 1526 ἀεὶ

2143 1564 2218 1620 ὢν
2247 1565 2548 1636 τυγχάνεις.
2581 1566 2674 1618 καὶ
2697 1563 2856 1628 αὐτὸς
2887 1559 2959 1632 εἴ,
2983 1564 3122 1618 κατὰ
3145 1565 3245 1635 τὴν
3267 1565 3578 1634 φάσκουσαν
3603 1563 3722 1617 Θεο-

2145 1657 2328 1726 λογίαν
2346 1671 2360 1688 ⁸
2389 1657 2473 1710 Σὺ
2492 1656 2559 1710 δὲ
2577 1661 2610 1711 ό
2635 1655 2817 1723 αὐτὸς
2833 1652 2906 1722 εἷ,
2930 1656 3030 1712 καὶ
3051 1658 3122 1712 τὰ
3143 1659 3246 1726 ἐτη
3263 1674 3379 1712 σου
3394 1660 3504 1712 οὐκ
3526 1659 3723 1711 ἐκλεί-

2143 1753 2390 1818 ψουσιν.
2431 1749 2565 1802 Οὐδὲ
2595 1749 2703 1820 γάρ
2736 1748 2896 1820 Θέμις
2937 1749 3023 1802 ἐπ’
3052 1750 3218 1804 αὑτοῦ
3245 1751 3409 1819 φάναι
3437 1748 3514 1814 τὸ,
3557 1745 3654 1818 ἧς,
3684 1749 3723 1818 ἦ

2143 1841 2222 1906 τὸ,
2248 1836 2346 1909 ἦν,
2379 1841 2412 1910 ἢ
2451 1840 2531 1904 τὸ,
2565 1842 2731 1894 ἔσται
2751 1856 2765 1870 ⁸
2794 1840 2865 1893 τά
2910 1840 3008 1912 μὲν
3041 1841 3152 1913 γὰρ
3178 1840 3272 1894 τοῦ
3307 1841 3720 1912 παρῳχηκότος.

2144 1932 2211 1986 τά
2239 1932 2295 1985 δὲ
2325 1932 2420 1986 τοῦ
2449 1932 2730 2003 μέλλοντος
2757 1932 2974 1986 ἔσεσθαι
3000 1934 3190 2006 χρόνου
3217 1932 3487 2004 δηλωτικὰ
3511 1933 3720 2002 τυγχάο

2143 2039 2258 2077 νει’
2294 2016 2369 2075 ὧν
2404 2025 2555 2077 οὐδὲν
2595 2024 2820 2097 ἁρμόζει
2869 2026 2935 2096 τῇ
2991 2024 3110 2096 θείᾳ
3153 2025 3523 2096 προσηγορίᾳ’
3558 2025 3724 2094 μόνον

2144 2114 2254 2186 γὰρ
2278 2116 2416 2186 αὐτῇ
2448 2114 2508 2168 τὸ
2530 2115 2616 2168 ἀεὶ
2653 2111 2792 2169 εἶναι
2822 2115 3099 2186 ἁρμόττει.
3131 2116 3220 2168 Διδ
3245 2116 3445 2186 σφόδρα
3475 2115 3722 2185 ἀκριϐῶς

2143 2206 2376 2261 ἐνταῦθά
2427 2224 2486 2259 τε
2539 2206 2782 2279 εἴρηται·
2867 2207 2994 2262 Atto
3043 2207 3148 2261 τοῦ
3199 2207 3411 2272 αἰῶνος
3448 2207 3563 2272 ἕως
3613 2208 3722 2259 τοῦ

2143 2297 2358 2365 αἰῶνος
2389 2297 2469 2352 σὺ
2515 2297 2589 2364 εἷ,
2631 2303 2666 2352 ὁ
2697 2298 2840 2365 Θεός
2863 2313 2877 2327 ⁸
2911 2300 3005 2353 καὶ
3030 2301 3088 2353 ὲν
3121 2300 3322 2370 ἑτέροις
3361 2298 3442 2362 τὸ,
3470 2298 3556 2352 Σὺ
3581 2296 3652 2350 δὲ
3688 2301 3726 2349 ό

2144 2391 2325 2458 αὐτὸς
2352 2387 2425 2455 εἴ,
2460 2393 2555 2446 καὶ
2593 2390 2666 2445 τὰ
2704 2392 2807 2460 ἐτη
2855 2408 2971 2446 σου
3007 2393 3121 2446 οὐκ
3160 2391 3574 2459 ἐκλείψουσιν.
3604 2392 3720 2460 T1;-

2147 2483 2339 2556 ρητέον
2385 2483 2461 2548 δὲ,
2491 2485 2572 2537 ὅτι
2626 2484 2684 2537 ὲν
2723 2483 2821 2554 τῷ,
2851 2485 3046 2552 Κύριε,
3077 2481 3389 2551 καταφυγὴ
3427 2481 3718 2551 ἐτενήθης

2142 2575 2307 2644 ἡμῖν,
2342 2576 2424 2640 τὸ,
2459 2577 2654 2644 Κύριε,
2692 2575 2752 2628 οὐ
2782 2575 2870 2628 διά
2911 2575 3005 2628 τοῦ
3040 2574 3461 2646 τετραγράμμου
3491 2571 3724 2642 φέρεται

2145 2672 2277 2742 παρ’
2318 2669 2608 2742 Ἐσραίοις,
2643 2668 2779 2724 ἀλλὰ
2820 2668 2909 2722 διὰ
2953 2667 3061 2721 τῶν
3103 2666 3296 2720 κοινῶν
3333 2666 3429 2719 καὶ
3475 2665 3722 2737 συνήθων

2144 2763 2502 2836 γραφομένων
2534 2761 2827 2831 στοιχείων,
2856 2760 2965 2814 τῶν
2994 2759 3089 2813 καὶ
3113 2759 3203 2811 ἐπὶ
3232 2758 3332 2828 τῆς
3375 2755 3721 2827 ἀνθρωπίνης

2145 2855 2520 2927 προσηγορίας
2563 2853 2924 2924 ταττομένων,
2959 2851 3141 2904 εἴποτε
3179 2849 3270 2902 τὸν
3311 2851 3369 2902 ὲν
3411 2847 3722 2918 ἀνθρώποις

2143 2946 2431 3017 δεσπότην,
2467 2945 2655 3017 κύριον
2696 2943 2972 3014 καλοῖμεν.
3008 2942 3164 2996 Κατὰ
3209 2939 3277 2994 τὰ
3313 2939 3452 2994 αὐτὰ
3478 2940 3586 3012 γάρ
3624 2942 3721 2994 καὶ

2144 3039 2238 3092 ἐπὶ
2294 3037 2386 3091 τοῦ
2429 3038 2698 3109 ⁴παρόντος
2750 3035 2812 3089 τὸ
2855 3034 3091 3088 Ἀδωνία
3129 3035 3465 3104 ἡρμήνευται
3504 3032 3587 3095 εἰς
3628 3031 3720 3084 τὸν

2143 3129 2384 3197 Κύριον,
2407 3127 2500 3182 τοῦ
2530 3126 2953 3198 τετραγράμμου
2979 3125 3260 3194 ὀνόματος,
3290 3123 3320 3176 ὃ
3345 3123 3447 3193 τὴν
3474 3125 3719 3196 excepi,-

2143 3235 2235 3272 τον
2265 3218 2361 3272 τοῦ
2389 3217 2524 3271 Θεοῦ
2564 3217 2841 3286 θεολογίαν
2869 3215 3146 3287 σημαίνει,
3177 3214 3254 3284 μὴ
3287 3213 3542 3284 κειμένου
3581 3217 3718 3266 κατά

471 3312 560 3356 tur
591 3318 737 3357 :non
784 3302 929 3358 enim
986 3302 1220 3356 multum
1269 3301 1399 3356 huic
1447 3302 1731 3357 sententia:
1778 3309 2043 3372 repugnat

2143 3311 2244 3382 τὴν
2271 3309 2548 3382 παροῦσαν
2575 3307 2741 3374 λέξιν,
2773 3307 2908 3364 ἀλλὰ
2938 3307 3034 3361 τοῦ
3059 3307 3320 3360 δεσπότου
3367 3305 3603 3376 μάλιστα
3626 3305 3718 3357 εὐ-

473 3395 590 3448 htec
626 3393 1160 3466 lectio:Priusquam
1190 3405 1390 3450 montes
1425 3395 1632 3464 ﬁerent,
1664 3403 1758 3448 aut
1785 3394 2043 3456 formare-

2147 3402 2354 3472 καίρως
2395 3400 2807 3472 ὡνομασμένου,
2844 3401 2924 3463 εἰς
2951 3395 3294 3468 παράστασιν
3327 3393 3419 3449 τοῦ
3464 3393 3719 3464 κήδεσθαι

472 3493 560 3539 tur
591 3495 732 3540 terra
753 3494 803 3540 et
835 3487 998 3550 orbis,
1025 3495 1080 3539 tu
1111 3503 1187 3551 es,
1215 3485 1394 3540 Deus:
1424 3501 1547 3540 cum
1581 3486 1685 3539 hoc
1736 3484 2043 3541 Salomonis

2146 3491 2307 3545 αὑτὸν
2341 3491 2434 3546 καὶ
2462 3489 2763 3562 φροντίζειν
2791 3490 2900 3543 τῶν
2930 3489 3093 3544 αὑτοῦ
3123 3488 3372 3553 οἰκετῶν,
3393 3481 3467 3541 ὧν
3499 3487 3592 3540 καὶ
3614 3502 3720 3540 και

472 3577 678 3632 dictum
708 3594 776 3632 ex
803 3592 1039 3648 persona
1076 3577 1356 3646 sapientia:
1387 3575 1717 3646 proferatur,
1753 3577 2043 3646 Antequam

2146 3581 2366 3653 ταφυγὴ
2388 3584 2664 3652 τυγχάνει.
2694 3582 2803 3636 Καὶ
2832 3583 2933 3653 ὅρα
2963 3581 3174 3652 μήποτε
3211 3579 3304 3632 ἐπὶ
3334 3578 3424 3632 τὸν
3457 3576 3584 3630 Θεὸν
3612 3577 3716 3628 Λό-

471 3680 672 3724 montes
703 3671 1064 3740 ﬁrmarentur,
1081 3678 1131 3723 et
1153 3679 1273 3723 ante
1295 3685 1473 3723 omnes
1499 3667 1659 3722 colles
1685 3668 1851 3738 gignit
1875 3684 1958 3722 me
1975 3668 2043 3732 δ’,

2154 3690 2251 3742 γον
2305 3673 2631 3745 ἀναφέρεται
2675 3677 2706 3744 ἡ
2758 3673 3006 3744 παροῦσα
3055 3669 3401 3724 διδασκαλίαο
3438 3667 3556 3720 οὐδὲ
3598 3665 3718 3738 γὰρ

469 3762 629 3830 queis
661 3761 1015 3816 subintlicare
1050 3760 1268 3814 videtur
1296 3760 1649 3829 incorporeas
1680 3767 1735 3812 et
1771 3759 2043 3830 angelicas

2155 3766 2376 3838 μακράν
2411 3766 2604 3838 ἀπᾴδει
2634 3768 2668 3837 ή
2707 3765 2941 3824 ἐνταῦθα
2977 3766 3196 3835 φήσασα
3252 3763 3421 3830 λέξις·
3450 3759 3566 3829 Πρὸ
3601 3758 3720 3812 τοῦ

471 3855 722 3918 virtutes,
765 3855 966 3925 quibus
1022 3853 1118 3907 Dei
1164 3852 1400 3908 Verbum
1450 3863 1506 3908 et
1568 3852 1663 3908 Dei
1719 3854 2043 3924 sapientiam

2150 3857 2257 3926 ὄρη
2297 3855 2617 3927 γενηθῆναι
2649 3857 2748 3910 καὶ
2794 3853 3139 3922 πλασθῆναι
3173 3853 3287 3922 τὴν
3323 3852 3432 3921 τῆν
3461 3850 3564 3905 καὶ
3601 3850 3722 3918 τὴν

471 3947 850 4014 pmexsistere
879 3948 1042 4001 docet
1067 3947 1183 4016 ipsa
1206 3946 1496 4015 sapientia.

2148 3948 2508 4018 οἰκουμένην
2541 3948 2624 4002 σὺ
2656 3945 2730 4012 εἴ,
2762 3951 2795 4005 ό
2838 3949 3000 4013 Θεόςο
3039 3947 3138 4018 τῆς
3166 3946 3316 4017 παρὰ
3350 3941 3621 4016 Σολομιῖινι
3655 3943 3722 3994 ἐκ

470 4035 761 4105 προσώπου
780 4037 879 4106 τῆς
907 4035 1094 4103 σοφίας
1115 4034 1447 4106 φασκούσης,
1466 4035 1586 4103 Πρὸ
1608 4034 1716 4089 τοῦ
1737 4036 1847 4104 ὄρη
1874 4036 2259 4107 ἑδρασθῆναι,
2294 4039 2408 4106 πρὸ
2447 4039 2516 4091 δὲ
2561 4038 2801 4092 πάντων
2840 4037 3088 4103 ,Βουνῶν
3131 4035 3312 4106 γεννᾷ
3356 4051 3468 4106 με·
3531 4035 3599 4089 δι’
3645 4029 3721 4096 ὧν

470 4127 646 4181 ἔοικεν
674 4126 1004 4180 αἰνίττεσθαι
1032 4126 1130 4189 τὰς
1159 4126 1484 4196 ἀσωμάτους
1511 4129 1606 4181 καὶ
1634 4128 1929 4195 ἀγγελικάς
1957 4129 2234 4200 δυνάμεις,
2264 4124 2339 4185 ὧν
2366 4129 2741 4203 προϋπάρχειν
2771 4129 2862 4184 τὸν
2896 4129 2989 4182 τοῦ
3040 4128 3176 4182 Θεοῦ
3233 4127 3419 4212 Λόγον.
3462 4128 3558 4181 καὶ
3621 4129 3720 4199 τὴν

470 4221 662 4292 σοφίαν
695 4219 787 4272 τοῦ
813 4218 967 4282 Θεοῦ,
1003 4217 1142 4289 αὕτη
1169 4219 1203 4290 ἡ
1241 4219 1399 4287 σοφία
1426 4219 1685 4273 διδάσκει.

539 4336 706 4393 Vnus.
736 4337 844 4391 5-7.
889 4334 972 4389 Ne
1007 4343 1214 4390 avertas
1260 4336 1520 4389 hominem
1555 4337 1609 4388 in
1640 4335 2039 4390 humilitatem:

2213 4335 2309 4403 Μὴ
2337 4333 2729 4402 ἁποστρέψης
2755 4333 3068 4402 ἄνθρωπον
3091 4335 3178 4399 εις
3203 4333 3588 4386 ταπείνωσιν
3619 4333 3714 4385 καὶ

465 4440 515 4486 et
559 4431 746 4484 dixisti
771 4443 789 4481 :
835 4427 1237 4492 Convertimini,
1289 4429 1390 4498 filii
1446 4429 1738 4484 hominum.
1779 4428 2042 4494 Quoniam

2142 4424 2337 4492 εἶπας,
2357 4425 2805 4494 Ἐπιστρέψατε,
2833 4428 2888 4479 οἱ
2919 4424 3038 4479 υἱοί
3069 4425 3188 4478 τῶν
3215 4422 3562 4492 ἀνθρώπων.
3590 4425 3716 4476 Ὅτι

467 4524 611 4577 mille
641 4524 767 4576 anni
792 4525 846 4575 in
869 4521 1034 4575 oculis
1059 4522 1188 4584 tuis,
1222 4530 1475 4590 tanquam
1508 4519 1620 4574 dies
1643 4519 1907 4586 hesterna,
1927 4538 2042 4592 qua:

2145 4520 2310 4588 χίλια
2334 4518 2438 4586 ἐτη
2465 4519 2536 4571 ἐν
2560 4517 2887 4588 ὀφθαλμοῖς
2909 4534 3046 4582 σου,
3071 4518 3155 4583 ὡς
3180 4518 3218 4585 ἡ
3248 4515 3438 4586 ἡμέρα
3458 4519 3496 4585 ἠ
3519 4517 3716 4585 ἐχθὲς,

466 4615 742 4682 prwteriit,
761 4623 812 4666 et
840 4614 1079 4666 custodia
1109 4613 1165 4665 in
1195 4621 1362 4668 nocte.
1395 4612 1526 4677 Qua:
1545 4629 1640 4682 pro
1665 4613 1826 4666 nihilo
1851 4613 2044 4668 haben-

469 4714 573 4764 tur,
614 4719 797 4756 eorum
827 4704 953 4756 anni
988 4712 1164 4758 erunt.
1206 4702 1368 4758 Mane
1411 4705 1546 4756 sicut
1590 4703 1752 4758 herba
1783 4715 2038 4770 transeat,

469 4807 620 4844 mane
651 4793 836 4860 ﬂoreat
867 4802 914 4844 et
948 4801 1219 4856 transeat;
1249 4810 1454 4862 vespere
1483 4794 1715 4857 decidat,
1748 4796 2042 4859 induret,et

2144 4610 2274 4679 ἥτις
2304 4607 2530 4677 διῆλθε,
2565 4609 2662 4661 καὶ
2698 4608 2941 4677 φυλακὴ
2973 4608 3041 4661 ἐν
3067 4608 3264 4661 νυκτί.
3298 4605 3376 4660 Τὰ
3389 4605 3717 4670 ἐξουδετύ-

2137 4717 2295 4771 ματα
2311 4699 2530 4761 αὐτῶν,
2553 4699 2656 4767 ἐτη
2685 4700 2947 4754 ἔσονται.
2974 4699 3044 4754 Τὸ
3064 4699 3212 4766 πρωῒ
3224 4699 3305 4764 ὡς
3326 4698 3367 4764 ἡ
3390 4699 3547 4766 χλόη
3570 4716 3715 4766 παρ-

2140 4793 2322 4856 έλθοι,
2383 4792 2448 4845 τὸ
2482 4792 2631 4859 πρωϊ
2660 4791 2916 4859 ἀνθήσαι
2959 4791 3059 4845 καὶ
3097 4791 3399 4859 παρέλθοι,
3434 4791 3498 4844 τὸ
3535 4790 3716 4844 ἑσπέ-

469 4893 695 4936 arescat.
730 4883 869 4946 Quia
896 4883 1179 4951 defecimus
1207 4885 1258 4936 in
1304 4886 1386 4937 ira
1427 4892 1540 4949 tua,
1567 4894 1616 4938 et
1650 4887 1702 4938 in
1737 4885 1916 4952 furore
1951 4897 2040 4940 tuo

2142 4901 2247 4952 ρας
2282 4883 2599 4949 ἀποπέσοι,
2647 4884 3055 4951 σκληρυνθείη
3098 4883 3195 4936 καὶ
3238 4882 3559 4949 ξγιρανθείη
3580 4899 3596 4913 ο
3628 4881 3716 4936 ὅτι

472 4972 668 5025 turbati
714 4990 915 5028 sumus.
949 4973 1087 5040 Quia
1140 4975 1238 5030 has
1292 4991 1453 5030 voces
1487 4976 1688 5046 Moysis
1725 4993 1848 5033 esse
1884 4978 2043 5034 docet

470 5064 682 5125 titulus,
721 5063 848 5117 dum
879 5079 972 5119 eas
1003 5065 1202 5137 Moysis
1235 5082 1480 5136 persona:
1511 5076 1698 5138 aptare
1723 5084 1913 5131 conor,
1935 5087 2044 5126 me-

468 5169 593 5211 cum
630 5164 820 5223 reputo
854 5171 983 5209 num
1033 5157 1120 5212 his
1157 5157 1412 5212 latentem
1464 5157 1668 5229 Moysis
1700 5159 2038 5229 prophetiam

469 5262 649 5303 sermo
675 5246 873 5299 tradat.
916 5245 1101 5316 Neque
1129 5248 1274 5301 enim
1307 5250 1550 5317 psalmus
1579 5265 1702 5305 esse
1734 5252 1865 5306 mihi
1895 5253 2040 5308 vide-

469 5349 594 5404 tur;
627 5337 744 5400 sed,
777 5346 835 5390 ut
868 5337 1026 5391 docet
1055 5339 1358 5409 inscripti-0,
1386 5343 1560 5396 oratio
1587 5342 1808 5414 Moysis.
1841 5343 2037 5409 Quaero

468 5437 648 5484 autem
679 5444 785 5500 quo
818 5437 1062 5498 tempore
1097 5427 1307 5500 Moyses
1351 5430 1452 5484 hac
1495 5447 1628 5486 usus
1654 5433 1900 5488 oratione
1922 5433 2031 5496 sit;

467 5528 522 5574 et
551 5536 677 5572 num
721 5519 846 5590 ipsi,
871 5518 954 5572 vel
982 5518 1163 5589 potius
1193 5519 1394 5589 populo
1421 5525 1706 5576 conveniat
1731 5542 1743 5578 :
1776 5537 1907 5578 num
1939 5539 2032 5593 ge-

539 5673 581 5704 ⁸¹
623 5671 767 5730 Psal.
802 5690 876 5738 cr,
911 5675 1006 5729 ‘25.
1083 5676 1128 5706 δ’
1167 5672 1324 5729 Prov.
1367 5689 1484 5741 vm,
1514 5672 1611 5731 25.

2139 4975 2498 5044 ὲξελίπομεν
2519 4976 2589 5029 ἐν
2620 4974 2693 5045 τῇ
2725 4973 2867 5045 ὀργῇ
2902 4992 3038 5038 σου,
3067 4975 3166 5028 καὶ
3196 4975 3265 5028 ἐν
3295 4973 3374 5039 τῷ
3405 4974 3576 5043 θυμῷ
3601 4992 3717 5028 σου

2139 5066 2564 5136 ἐταράχθημεν.
2609 5067 2824 5138 Ἐπιδὴ
2859 5067 3100 5130 Μωσέως
3135 5067 3399 5136 ὑπάρχειν
3433 5067 3531 5130 τὰς
3579 5083 3719 5135 παρ-

2138 5160 2304 5222 ούσας
2336 5161 2520 5228 φωνάς
2549 5161 2582 5230 ἡ
2613 5159 2902 5232 προγραφὴ
2932 5159 3192 5220 διδάσκει,
3251 5157 3596 5229 πειρώμενος
3617 5161 3716 5212 αὺ-

2137 5251 2238 5314 τὰς
2287 5251 2592 5322 ἐφαρμόσαι
2637 5251 2715 5322 τῷ
2758 5251 2998 5313 Μωσέως
3067 5249 3362 5321 προσώπῳ,
3414 5250 3717 5320 ὲφίστημι,

2147 5344 2356 5413 μήποτε
2384 5341 2747 5396 λανθάνουσαν
2779 5342 2868 5396 διὰ
2907 5342 3113 5394 τούτων
3137 5341 3167 5393 ὁ
3196 5341 3350 5410 λόγος
3381 5343 3720 5413 παραδίδωσι

2142 5434 2476 5506 προφητείαν
2529 5435 2790 5498 Μωσέως.
2855 5435 2989 5488 Οὐδὲ
3031 5435 3139 5509 γὰρ
3177 5435 3390 5504 ψαλμος
3438 5431 3579 5488 εἷναί
3625 5452 3721 5504 μοι

2136 5524 2298 5592 δοκεῖ,
2341 5526 2455 5580 ἀλλ’
2484 5526 2559 5591 ὼς
2595 5529 2630 5598 ἡ
2667 5528 2959 5599 προγραφὴ
2997 5527 3254 5593 διδάσκει,
3302 5526 3580 5600 προσευχὴ
3619 5525 3723 5582 τοῦ
