3988 6204
252 296 385 360 “29

1403 289 1904 351 COMMENTARIA
1941 289 2007 347 IN
2046 291 2384 350 PSALMOS.

3335 295 3469 354 H30

241 409 467 479 Μωῦοῇ.
497 404 653 480 Ζητῶ
681 405 736 462 δὲ
765 409 904 463 κατὰ
952 409 1100 487 ποῖον
1130 408 1236 480 ἄρα
1281 409 1468 480 καιρὸν
1508 409 1680 482 ταύτῃ
1719 407 1808 460 κέ-

1914 408 2178 462 nerationi
2211 424 2322 464 sua:
2351 417 2404 460 et
2438 408 2636 478 populo
2659 424 2844 465 secum
2884 411 3142 474 versanti,
3173 419 3264 466 aut
3292 413 3478 469 subseo

242 518 438 574 χρηται
457 503 522 572 τῇ
555 504 824 572 προσευχῇ
849 502 1108 572 Μωῦσῆς,
1134 501 1226 555 καὶ
1255 502 1410 573 εἴπερ
1435 504 1600 573 αὐτῷ,
1624 504 1656 575 ἦ
1683 506 1809 576 μᾶλ-

241 591 330 646 λον
355 590 429 662 τῷ
460 589 574 662 λαῷ
597 589 924 661 κατάλληλος
944 590 1216 659 τυγχάνει,
1236 589 1460 661 πότερον
1477 592 1542 660 τῇ
1564 593 1724 662 γενεᾷ
1741 595 1806 664 τῇ

241 685 360 738 κατ’
387 683 570 747 αὑτὸν,
597 683 692 737 καὶ
712 681 788 753 τῷ
811 683 1022 735 συνόντι
1050 682 1196 752 αὐτῷ
1221 681 1406 754 λαῷ,ῆ
1431 685 1496 754 τῇ
1531 683 1646 754 μετ’
1667 684 1810 738 ἐκεί-

240 794 363 840 νους
387 775 603 846 διαδοχῇ
625 774 990 846 ἐφαρμοστέον
1017 773 1201 845 αὐτήν.
1228 775 1348 826 Ὅτι
1375 775 1472 844 μὲν
1497 770 1589 827 οῦν
1608 773 1706 829 οὐκ
1730 777 1809 839 εἰς

240 867 402 924 αὑτὸν
453 868 719 939 προσήκει
778 867 848 920 τά
899 865 1230 938 προκείμενα
1287 866 1604 938 ἀναφέρειν,
1659 862 1810 938 οἶμαι

239 958 397 1012 πάνθ’
427 958 664 1013 ὁντινοῦν
678 959 972 1030 ὁμολογήσε
982 976 1048 1013 ιν.
1067 957 1190 1021 Πῶς
1204 957 1309 1029 γὰρ
1333 956 1552 1012 δύναται
1571 959 1811 1028 Μωῦσῆς

237 1052 268 1104 ὁ
299 1049 583 1121 ἄνθρωπος
611 1049 704 1103 τοῦ
718 1049 874 1116 Θεοῦ,
895 1049 1023 1122 περ)⁵
1055 1048 1220 1104 αὐτοῦ
1247 1047 1444 1117 λέγειν,
1473 1049 1592 1102 Ὅτι
1621 1048 1811 1113 ἐξελί-

238 1157 430 1210 πομεν
482 1142 552 1195 ἐν
590 1139 664 1210 τῇ
702 1137 849 1211 ὀργῇ
897 1157 1047 1197 σου⁶
1101 1139 1135 1212 ἦ
1174 1140 1313 1195 κατὰ
1352 1139 1443 1194 τὸν
1495 1141 1807 1212 Σύμμαχον,

239 1233 369 1288 ’Ότι
397 1232 787 1302 ἀνηλώθημεν
808 1232 880 1286 ἐν
898 1231 971 1301 τῇ
994 1229 1141 1303 ὀργῇ
1162 1249 1298 1295 σου,
1323 1231 1422 1285 καὶ
1450 1230 1519 1284 ἐν
1547 1231 1627 1298 τῷ
1649 1231 1812 1302 θυμῷ

237 1339 355 1380 σου
386 1323 808 1395 ἐταράχθημεν.
846 1326 1026 1378 Ἔθου
1052 1324 1157 1390 τὰς
1177 1325 1427 1393 ἀνομίας
1449 1322 1614 1393 ἡμῶν
1642 1324 1812 1376 ἐναν-

236 1414 369 1469 τίον
408 1431 554 1469 σου*
586 1417 679 1469 καὶ
715 1413 910 1468 πάλιν·
946 1413 1014 1467 Αἱ
1065 1411 1279 1482 ἡμέραι
1321 1411 1488 1482 ἡμῶν
1530 1411 1813 1477 ἐξέλιπον

237 1507 307 1560 ὲν
341 1504 416 1574 τῇ
449 1503 594 1576 ὀργῇ
625 1523 772 1560 σου·
805 1507 898 1559 καὶ
927 1505 1116 1560 πάλιν·
1154 1494 1249 1572 Τιξ
1274 1507 1545 1575 γινώσκει
1579 1509 1644 1561 τὸ
1669 1507 1812 1576 κρά-

237 1614 342 1664 ⁴τος
371 1592 481 1667 τῆς
526 1596 705 1666 ὀργῆς
735 1613 872 1660 σου,
903 1599 998 1652 καὶ
1030 1595 1149 1652 ἀπὸ
1194 1597 1300 1652 τοῦ
1339 1600 1528 1668 φόϐου
1561 1614 1676 1653 σου
1708 1599 1814 1653 τὸν

237 1688 432 1758 θυμόν
487 1701 645 1752 σου;
692 1688 829 1741 Ἀλλ’
876 1689 956 1742 ὃτι
992 1689 1090 1760 μὲν
1129 1687 1303 1742 ταῦτα
1353 1688 1452 1742 οὐκ
1499 1688 1566 1742 ἂν
1609 1691 1687 1754 είς
1721 1689 1812 1744 τὸν

236 1756 478 1837 Minucia
525 1780 866 1854 ἀναφέροιτο,
905 1782 965 1835 οὐ
993 1756 1160 1852 *μόνον
1196 1780 1306 1835 ἀπὸ
1335 1780 1428 1834 τοῦ
1462 1783 1640 1836 πάντα
1684 1781 1812 1852 περὶ
1846 1756 1886 1808 Β

234 1872 410 1944 ὀργῆς
434 1871 568 1927 Θεοῦ
597 1874 868 1946 εἰρῆσθαι,
898 1875 1032 1928 ἀλλὰ
1061 1875 1158 1930 καὶ⁵
1188 1875 1295 1928 ἀπὸ
1320 1875 1414 1928 τοῦ
1438 1875 1812 1946 πληθυντικῶς

235 1964 630 2036 προενηνέχθαι
654 1966 721 2019 τὰ
739 1967 1022 2038 εἰρημένα,
1039 1966 1194 2038 δῆλόν
1210 1968 1374 2020 ἐστιν.
1393 1966 1552 2030 Εἰκὸς
1576 1962 1667 2021 οὖν
1692 1985 1812 2019 τινα

233 2058 331 2110 ἐπὶ
356 2056 448 2110 τὸν
483 2058 708 2112 συνόντα
751 2057 899 2128 αὐτῷ
931 2057 1071 2112 κατὰ
1100 2057 1197 2130 τὴν
1239 2058 1443 2130 ἔρημον
1475 2057 1602 2113 λαὸν
1643 2058 1813 2112 ταῦτα

234 2149 554 2221 ἀναφέρειν.
594 2150 732 2204 Ἀλλ’
769 2152 890 2206 οῦδὲ
921 2152 1077 2207 τοῦτο
1115 2157 1389 2225 συγχωρεῖ
1412 2155 1550 2207 νοεῖν
1581 2155 1609 2206 ὁ
1635 2153 1809 2221 λόγος.

238 2238 306 2294 Τί
339 2242 446 2314 γὰρ
475 2240 567 2296 καί
595 2259 727 2315 φησι
747 2261 760 2273 ·
791 2245 861 2298 Τὸ
888 2247 1039 2314 πρωῒ
1063 2245 1142 2314 ὡς
1163 2248 1201 2316 ἡ
1233 2247 1384 2316 χλόη
1409 2245 1712 2314 παρέλθοι,
1745 2245 1812 2297 τὸ

235 2332 391 2401 πρωῒ
428 2330 688 2398 ἀνθῆσαι
719 2333 817 2387 καὶ
851 2334 1133 2403 παρέλθοι
1151 2353 1164 2365 ·
1198 2336 1264 2389 τὸ
1290 2335 1551 2405 ἑσπέρας
1585 2335 1813 2390 ἀποπέ-

233 2438 360 2483 σοι,
394 2422 798 2491 σκληρυνθείη
824 2422 919 2474 καὶ
949 2421 1293 2491 ξηρανθείη·
1336 2424 1423 2476 ὅτι
1459 2425 1815 2493 ἐξελίπομεν

233 2507 305 2566 ἐν
329 2511 405 2582 τῇ
425 2507 570 2582 ὀργῆ
599 2528 748 2577 σου;
783 2513 988 2566 Οὐκοῦν
1014 2515 1073 2566 οὐ
1108 2513 1185 2585 τῷ
1211 2515 1355 2586 πρωϊ
1389 2533 1550 2587 φησιν
1581 2516 1810 2572 ὲκλελοιυ

235 2604 421 2668 πέναι,
463 2603 600 2658 ἀλλὰ
626 2607 693 2658 Τὸ
726 2604 822 2676 μὲν
853 2606 1001 2673 πρωῒ
1025 2606 1106 2671 ὡς
1134 2604 1172 2673 ἡ
1199 2607 1351 2676 χλόη
1379 2608 1660 2676 παρέλθοι
1682 2626 1693 2638 ·
1719 2611 1811 2664 καὶ

235 2694 425 2761 πάλιν,
445 2694 528 2757 οὐ,
558 2695 718 2748 Κατὰ
735 2684 740 2690 ’
759 2693 826 2749 τὸ
853 2688 1002 2764 πρωῒ
1025 2695 1340 2763 ἀποπέσοι,
1357 2697 1494 2762 οὐδὲ,
1539 2699 1699 2753 Κατὰ
1747 2701 1811 2753 τὸ

233 2788 393 2857 πρωϊ
418 2788 824 2856 σκληρυνθείη
850 2789 950 2843 καὶ
980 2789 1320 2858 ξηρανθείη,
1352 2791 1464 2844 ἀλλ’
1507 2791 1809 2859 Ἀνθήσαι,

234 2877 406 2950 φησὶν
437 2879 466 2930 ό
506 2875 681 2946 λόγος,
721 2877 868 2933 κατὰ
896 2879 962 2932 τὸ
996 2880 1146 2947 πρωῒ
1169 2879 1263 2932 καὶ
1301 2880 1617 2948 παρέλθοι·
1665 2881 1725 2934 τὸ
1757 2883 1812 2934 δὲ

233 2967 536 3023 ἀποπεσεῖν
576 2968 670 3022 καὶ
717 2968 1114 3042 σκληρυνθῆναι
1142 2972 1235 3024 καὶ
1270 2971 1596 3042 ξηρανθῆναι
1650 2973 1813 3026 ἐσπέ-

1912 499 2097 569 quenti
2129 500 2464 555 successioni
2496 502 2798 570 coaptanda
2825 503 2916 558 sit.
2957 501 3110 568 Quod
3146 511 3325 557 autem
3363 504 3476 558 haec

1910 592 2013 662 ipsi
2042 591 2248 648 referre
2275 607 2384 648 non
2415 592 2730 656 conveniat,
2762 594 2904 664 apud
2936 608 3124 648 omnes
3158 594 3392 648 arbitror
3422 597 3476 648 in

1911 680 2160 737 confesso
2194 681 2434 736 futurum
2465 699 2605 738 esse.
2627 681 2727 749 Qui
2758 683 2902 737 enim
2934 685 3103 752 possit
3131 682 3361 754 Moyses,
3391 685 3481 738 lio-
3582 714 3590 721 -

1909 790 2000 828 mo
2037 773 2152 838 Dei,
2183 775 2251 829 de
2307 791 2365 830 se
2399 775 2581 830 dicere
2616 795 2627 829 :
2665 775 2803 842 Quia
2831 774 3113 844 defecimus
3134 776 3185 828 in
3218 777 3301 828 ira
3349 786 3479 839 tua;

1910 867 1994 921 vel
2023 866 2322 922 secundum
2357 866 2739 938 Symmachum
2763 887 2775 923 :
2799 867 2938 934 Quia
2968 870 3262 936 consumpti
3297 885 3480 922 sumus

1912 960 1966 1013 in
2007 961 2090 1014 ira
2133 969 2244 1023 tua,
2273 969 2321 1014 et
2364 962 2418 1013 in
2447 961 2626 1029 furore
2657 972 2744 1014 tuo
2774 960 2976 1015 turbati
3008 976 3208 1014 sumus.
3242 959 3481 1014 Posuisti

1911 1050 2213 1120 iniquitates
2259 1063 2468 1105 nostras
2513 1053 2569 1105 in
2618 1061 2892 1120 conspectu
2942 1061 3066 1115 tuo;
3107 1067 3169 1105 ac
3215 1067 3475 1106 rursum:

1911 1140 2037 1196 Dies
2086 1145 2253 1198 nostri
2297 1143 2595 1212 defecerunt
2623 1145 2675 1197 in
2710 1145 2793 1197 ira
2823 1153 2914 1198 tua
2932 1161 2950 1208 ;
2976 1146 3280 1214 iterumque
3308 1163 3319 1197 :
3349 1143 3479 1208 Quis

1912 1235 2052 1288 novit
2087 1235 2190 1288 vim
2218 1236 2313 1290 ine
2338 1245 2460 1299 tute,
2495 1247 2544 1290 et
2581 1253 2613 1289 a
2645 1237 2832 1290 timore
2863 1246 2950 1288 tuo
2978 1235 3113 1288 iram
3151 1235 3338 1287 tuam?
3370 1231 3472 1286 Vc-

1913 1343 2031 1383 rum
2060 1328 2204 1398 quod
2241 1329 2354 1384 haec
2387 1330 2453 1382 ad
2484 1329 2723 1400 Moysem
2750 1343 2857 1383 non
2895 1327 3218 1390 referantur,
3255 1343 3360 1382 non
3397 1342 3481 1381 so-

1913 1419 2022 1473 lum
2052 1419 2177 1488 quia
2206 1419 2387 1472 omnia
2416 1420 2550 1473 iram
2580 1418 2672 1474 Dei
2695 1419 3029 1489 exprimunt,
3052 1418 3145 1472 sed
3168 1418 3329 1472 etiam
3350 1415 3477 1485 quia

1913 1511 2026 1566 lucc
2079 1511 2359 1582 pluraliter
2407 1511 2777 1580 proferuntur,
2807 1509 3155 1564 manifestum
3203 1517 3307 1564 est.
3343 1507 3482 1562 liinc

1914 1605 2078 1674 igitur
2100 1603 2391 1659 verisimile
2409 1612 2510 1665 est.
2538 1603 2648 1658 lucc
2671 1602 2977 1674 quempiam
3011 1602 3210 1674 pepulo
3239 1602 3330 1672 qui
3355 1615 3479 1655 cum

1914 1696 2031 1765 ipso
2065 1695 2117 1749 in
2145 1695 2363 1750 deserto
2391 1704 2530 1758 erat,
2564 1697 2927 1764 ascripturum
2951 1710 3092 1750 esse.
3124 1693 3192 1746 At
3221 1693 3272 1747 id
3302 1709 3368 1747 ne
3397 1693 3480 1746 vel

1912 1785 2150 1855 cogitare
2189 1783 2438 1839 concedit
2485 1785 2672 1839 series.
2703 1783 2814 1838 Cur
2861 1786 3004 1840 enim
3044 1783 3292 1838 diceret:
3323 1781 3484 1834 Mans

1912 1878 2045 1929 sicut
2087 1875 2247 1930 herba
2288 1885 2544 1939 transeat,
2609 1892 2762 1930 mane
2793 1876 2981 1945 ﬂoreat
3010 1887 3058 1930 et
3085 1884 3354 1938 transeat;
3395 1893 3482 1928 re-

1922 1985 2068 2037 spere
2094 1967 2324 2032 decidat,
2360 1967 2564 2022 induret
2596 1978 2646 2022 et
2689 1978 2926 2031 arescat;
2954 1969 3076 2038 quia
3107 1967 3389 2037 defecimus
3427 1968 3483 2021 in

1914 2061 1994 2113 ira
2023 2062 2153 2114 tua?
2183 2060 2366 2130 Itaque
2402 2077 2506 2114 non
2537 2060 2669 2115 dicit
2703 2075 2860 2115 mane
2889 2059 3185 2123 defecisse,
3215 2057 3309 2113 sed
3329 2078 3341 2112 :
3362 2057 3483 2111 Ha-

1914 2167 1976 2203 ne
2014 2152 2147 2204 sicut
2195 2149 2352 2203 herba
2385 2159 2656 2213 transeat;
2699 2164 2875 2219 neque
2926 2164 3142 2202 rursum
3176 2148 3253 2200 ait
3282 2165 3296 2202 :
3331 2147 3482 2201 Mane

1913 2241 2141 2306 decidat,
2169 2258 2341 2312 neque.
2368 2260 2381 2294 :
2414 2240 2571 2295 Mane
2607 2240 2813 2294 induret
2847 2250 2894 2294 et
2927 2250 3164 2303 arescat;
3206 2241 3299 2296 sed
3341 2241 3480 2295 dici-

1917 2340 2004 2385 tur
2038 2352 2050 2386 :
2086 2330 2243 2386 Mane
2275 2333 2460 2400 ﬂoreat
2508 2341 2556 2386 et
2607 2341 2880 2395 transeat;
2913 2339 2972 2385 ut
3017 2342 3195 2386 autem
3243 2331 3476 2397 decidat,

1915 2423 2131 2477 induret
2159 2433 2211 2478 et
2242 2432 2476 2487 arescat,
2500 2439 2721 2493 vespere
2741 2422 2983 2476 futurum
3011 2437 3131 2478 esse
3148 2422 3222 2476 ait
3246 2422 3332 2476 his
3359 2438 3480 2477 ver-

1915 2515 2002 2571 bis
2031 2535 2044 2568 :
2088 2513 2304 2582 Vespere
2332 2515 2560 2580 decidat,
2581 2513 2788 2568 induret
2833 2523 2882 2567 et
2909 2522 3154 2576 arescat;
3187 2513 3317 2566 illud
3347 2528 3482 2582 quo-

1917 2625 2022 2680 que
2056 2627 2069 2663 :
2100 2608 2238 2676 Quia
2291 2608 2574 2677 defecimus
2621 2608 2676 2660 in
2721 2607 2804 2659 ira
2845 2615 2957 2670 tua,
2986 2621 3211 2676 vespere
3238 2605 3478 2658 futurum

1915 2716 2036 2757 esse
2069 2701 2274 2755 dictum
2305 2708 2388 2756 est
2429 2719 2442 2754 :
2474 2713 2599 2753 nam
2651 2697 2776 2761 hoc,
2810 2697 3081 2768 inquiunt,
3114 2705 3359 2766 tempore
3387 2700 3482 2750 de-

1916 2792 2161 2848 fecimus.
2195 2791 2461 2858 Quoniam
2491 2806 2614 2846 cum
2650 2804 2810 2844 mane
2856 2787 3038 2852 ﬂores,
3071 2787 3234 2842 herba
3269 2795 3321 2843 et
3348 2798 3483 2842 tem-

1915 2899 2152 2955 poranea
2184 2883 2426 2954 quendam
2465 2881 2674 2953 species
2698 2880 3018 2943 exstitisset,
3049 2893 3273 2949 vespere
3301 2891 3482 2932 emar-

1916 2977 2028 3030 cuit
2058 2976 2248 3041 herba,
2281 2982 2332 3029 et
2381 2975 2543 3030 ﬂores
2586 2972 2846 3030 exsiccati
2896 2972 3232 3028 defecerunt.
3269 2969 3334 3024 Et
3367 2971 3484 3024 haec

238 3075 345 3130 ρας
377 3056 597 3111 ἔσεσθαί
641 3075 794 3130 φησι,
830 3049 1007 3127 λέγων
1024 3059 1103 3124 τὸ,
1152 3060 1448 3129 Ἐσπέρας
1489 3061 1807 3128 ἀποπέσοι,

1915 3068 2130 3138 quidem
2163 3067 2340 3122 oratio
2367 3065 2544 3138 quoad
2593 3065 2826 3120 litteram
2858 3065 2932 3119 ita
2967 3080 3024 3120 se
3057 3063 3252 3129 habet;
3285 3075 3482 3118 sensus

233 3150 647 3217 σκληρυνθείη
680 3149 776 3203 καὶ
814 3150 1164 3219 ξηρανθείη”
1209 3152 1302 3205 καὶ
1348 3154 1427 3206 τό·
1467 3154 1595 3206 Ὅτι
1623 3154 1813 3218 ἐξελί-

233 3253 434 3309 πομεν
452 3239 521 3293 ἐν
543 3239 618 3310 τῇ
645 3237 790 3310 ὀργῇ
817 3257 954 3309 σου,
987 3244 1125 3298 κατὰ
1149 3243 1209 3297 τὸ
1239 3244 1475 3316 ἑσπέρας
1500 3244 1713 3299 ἔσεσθαι
1737 3246 1814 3298 εἴ-

236 3348 406 3404 ρηται
427 3348 441 3364 ο
470 3334 528 3386 ὲν
554 3331 727 3405 τούτῳ
748 3335 875 3407 γάρ,
911 3335 1093 3407 φησὶν,
1138 3334 1453 3406 ὲξελίπομεν
1473 3351 1486 3364 '
1523 3337 1814 3410 ἐπειδήπερ

234 3422 302 3477 τὸ
331 3422 476 3494 πρωῒ
506 3424 672 3497 άνθης
701 3425 1016 3498 γενομένης,
1048 3428 1142 3482 καὶ
1174 3427 1333 3500 χλόης
1357 3429 1448 3482 καὶ
1482 3431 1812 3503 προσκαίρου

231 3514 387 3578 τινὸς
428 3515 732 3587 ὠραϊσμοῦ,
767 3519 907 3572 κατὰ
937 3519 1034 3591 τὴν
1072 3520 1310 3592 ἑσπέραν
1354 3521 1746 3593 σκληρυνθεῑσα
1779 3527 1812 3596 ἡ

233 3605 372 3678 χλόη
407 3606 502 3659 καὶ
532 3606 969 3680 άποξηρανθεῖσα
991 3612 1025 3682 ή
1061 3610 1192 3682 άνθη
1228 3611 1463 3678 ἐξέλιπε.
1488 3613 1596 3666 Καὶ
1626 3615 1694 3668 τά
1718 3615 1814 3685 μὲν

231 3699 340 3770 τῆς
367 3697 564 3763 λέξεως
587 3700 686 3771 τῆς
716 3700 996 3772 παρούσης
1025 3704 1331 3774 προσευχῆς
1358 3705 1544 3757 τοῦτον
1582 3705 1694 3776 ἔχει
1723 3705 1815 3759 τὸν

233 3791 471 3862 τρόπον·
506 3791 574 3846 τὰ
607 3793 666 3846 δὲ
695 3791 796 3863 τῆς
835 3793 1070 3858 διανοίας
1095 3795 1194 3848 οὐκ
1234 3795 1515 3867 ἐπιτρέπει
1564 3798 1657 3849 ἐπὶ
1687 3801 1815 3862 τοὺς

234 3881 519 3946 Μωῦσέως
539 3883 762 3956 χρόνους
782 3885 874 3938 καὶ
894 3883 992 3957 τήν
1015 3887 1134 3939 κατ’
1155 3878 1314 3941 αὐτόν
1338 3888 1528 3957 γενεὰν
1561 3889 1814 3958 συνάγειν

231 3975 308 4028 τὰ
327 3973 611 4045 εἰρημένα.
639 3976 711 4028 Οὐ
743 3977 852 4048 γάρ
879 3976 1084 4049 ἑσπέρα
1117 3974 1184 4050 ἦν
1208 3979 1347 4044 τότε,
1379 3981 1502 4034 οὐδὲ
1520 3981 1588 4034 τὰ
1610 3981 1814 4037 ὕστατα

232 4065 335 4119 τοῦ
370 4067 435 4118 ἐκ
473 4067 772 4138 περιτομῆς
815 4069 944 4123 λαοῦ
968 4087 980 4100 ·
1015 4071 1182 4142 ἀρχαὶ
1204 4069 1260 4125 δὲ
1296 4068 1436 4142 ἦσαν
1476 4074 1674 4138 αὐτῶν,
1721 4075 1814 4130 καὶ

234 4157 366 4211 τότε
401 4157 616 4228 πρῶτον
645 4160 826 4223 αὐτοῖς
854 4162 1200 4217 ἀνατετάλκει
1230 4165 1291 4217 τὸ
1323 4166 1385 4218 ὲκ
1415 4165 1548 4218 Θεοῦ
1589 4166 1809 4236 φέγγος.

236 4248 338 4303 Διὸ
355 4248 526 4302 καὶτὸ
547 4249 692 4322 πρωῒ
739 4248 1026 4326 ὠνομάσθη
1046 4257 1078 4326 ή
1097 4254 1284 4308 τούτου
1315 4273 1373 4309 τε
1411 4257 1602 4329 καιροῦ
1639 4257 1805 4311 κατά-

236 4357 453 4406 στασις,
470 4341 563 4395 καὶ
587 4345 618 4412 ή
645 4342 739 4396 τοῦ
759 4343 892 4397 Θεοῦ
916 4347 994 4409 είς
1017 4347 1211 4411 αὐτοὺς
1239 4349 1528 4420 ὲπισκοπή.
1576 4349 1813 4420 Ἐσπέρα

231 4433 296 4487 δὲ
491 4433 672 4526 adrui;
699 4434 944 4502 γέγονεν.
973 4437 1006 4506 ή
1037 4437 1127 4491 ἐπὶ
1150 4439 1428 4511 συντελείᾳ
1461 4440 1550 4494 τοῦ
1594 4440 1807 4504 αἰῶνος,
1847 4473 1887 4526 D

232 4523 363 4580 καθ’
403 4525 468 4594 ἢν
501 4524 588 4578 ἔδυ
617 4526 800 4590 αὐτοῖς
855 4527 882 4579 ό
927 4526 1047 4580 τότε
1073 4529 1354 4596 ἀνατείλας
1399 4531 1588 4601 Λόγος.
1651 4531 1812 4585 Ἀλλὰ

228 4619 360 4672 τότε
392 4616 488 4688 μὲν
540 4616 869 4671 άνατέταλκε
910 4618 1002 4672 καὶ
1046 4620 1258 4692 πρωῖαν
1291 4621 1472 4686 αὐτοῖς
1509 4624 1809 4694 εἰργάζετο,

229 4709 328 4762 ὅτε
366 4707 459 4761 καὶ
493 4706 642 4779 ἤνθει
671 4709 740 4762 τά
785 4709 904 4763 κατ’
934 4710 1128 4774 αὐτοὺς
1160 4712 1474 4784 πράγματα.
1513 4717 1586 4769 Οὐ
1647 4717 1810 4788 παρέ-

234 4816 392 4871 μεινε
420 4799 477 4852 δὲ
507 4801 564 4852 ὲν
595 4803 660 4871 τῇ
683 4800 911 4872 ἀληθείᾳ
931 4818 945 4833 ο
972 4802 1107 4856 ἀλλὰ
1135 4803 1243 4876 γάρ
1269 4805 1576 4877 ἀνθήσαντα
1602 4808 1814 4880 παρῆλ-

229 4893 320 4954 θε,
350 4889 444 4944 καὶ
488 4893 646 4956 σκιᾶς
685 4892 840 4963 δίκην
894 4895 1242 4966 παρέδραμε·
1284 4895 1366 4949 διὸ
1412 4896 1694 4952 λέλεκται·
1744 4899 1813 4952 Τὸ

225 4981 387 5051 πρωῒ
421 4981 502 5048 ὡς
529 4982 566 5051 ἡ
596 4984 747 5052 χλόη
779 4986 1084 5053 παρέλθοι.
1121 4987 1275 5040 Μετὰ
1306 4988 1363 5040 δὲ
1401 4990 1498 5061 τὴν
1535 4991 1813 5054 Μωῦσέως

225 5074 494 5145 τελευτὴν
533 5076 694 5130 πάλιν
724 5078 782 5130 ὲν
802 5081 915 5142 τοῖς
946 5080 1083 5150 μετὰ
1115 5079 1289 5134 ταῦτα
1310 5081 1519 5152 χρόνοις
1540 5085 1814 5146 ἐπιδόντες

224 5168 316 5229 είς
341 5163 564 5236 αὔξησιν
595 5168 690 5220 καὶ
723 5168 943 5237 μείζονα
975 5171 1136 5242 φυὴν,
1195 5170 1313 5225 οὐδὲ
1347 5172 1488 5224 οὕτω
1514 5173 1810 5244 διέμειναν,

225 5257 374 5313 ἀλλὰ
401 5258 675 5329 παρῆλθον
693 5276 706 5290 ·
743 5261 824 5317 διὸ
854 5262 948 5314 καὶ
973 5261 1224 5334 δεύτερον
1252 5263 1499 5317 λέλεκται
1521 5281 1534 5294 °
1567 5265 1638 5319 Τὸ
1665 5265 1815 5333 πρωῒ

223 5348 496 5415 ἀνθήσαι
528 5351 625 5403 καὶ
660 5351 961 5421 παρέλθοι.
999 5355 1080 5408 Τά
1110 5355 1167 5408 δέ
1199 5372 1261 5424 γε
1306 5357 1590 5410 τελευταῖα
1630 5356 1809 5410 αὐτῶν

227 5443 377 5514 μετὰ
411 5442 583 5495 ταῦτα
617 5445 937 5515 σημαίνεται
977 5449 1066 5502 διὰ
1113 5450 1291 5503 τοῦτο·
1337 5447 1630 5516 Ἐσπέρας
1658 5450 1808 5503 ἀπο⁴

1912 3176 2042 3214 vero
2076 3159 2142 3214 ad
2172 3157 2372 3232 Moysis
2403 3168 2645 3234 tempora
2668 3165 2720 3213 et
2744 3156 2811 3212 ad
2836 3158 2919 3213 sui
2951 3157 3047 3212 sevi
3070 3157 3480 3228 generationem

1914 3251 2150 3307 conferri
2185 3251 2393 3321 nequit.
2412 3250 2598 3321 Neque
2622 3249 2766 3304 enim
2799 3257 2927 3302 tunc
2959 3263 3183 3318 vespera
3215 3255 3352 3308 erat,
3393 3261 3484 3301 ne-

1914 3359 2020 3415 que
2041 3351 2281 3398 extrema
2306 3344 2488 3414 populi
2519 3358 2585 3398 ex
2614 3340 3030 3396 circumcisione
3057 3349 3296 3408 tempora
3321 3353 3485 3393 vene-

1913 3444 2066 3501 rant;
2099 3433 2192 3490 sed
2226 3443 2354 3488 tunc
2383 3433 2606 3488 exordia
2652 3432 2772 3502 ejus
2802 3437 2978 3495 erant,
3013 3441 3066 3485 et
3092 3437 3222 3484 tunc
3248 3431 3482 3500 primum

1913 3544 1977 3583 ex
2028 3527 2139 3581 Deo
2187 3527 2279 3579 lux
2333 3531 2449 3578 orta
2478 3533 2615 3579 erat.
2651 3523 3010 3589 Quamobrem
3048 3519 3307 3590 temporis
3335 3519 3484 3576 illius

1914 3619 2174 3681 conditio,
2204 3627 2253 3671 et
2304 3616 2398 3670 Dei
2452 3615 2717 3686 inspectio
2769 3627 3052 3678 concessa,
3086 3627 3246 3666 mane
3293 3618 3484 3665 vocata

1914 3721 2017 3768 est.
2048 3711 2205 3765 Tunc
2234 3719 2414 3764 autem
2448 3723 2673 3778 vespera
2701 3705 2802 3760 fuit
2828 3706 2956 3768 illis,
2981 3719 3103 3758 cum
3137 3705 3191 3758 in
3224 3717 3484 3758 consum-

1916 3805 2153 3861 matione
2187 3804 2371 3860 surculi
2397 3800 2658 3863 Verbum,
2687 3799 2833 3871 quod
2866 3799 2993 3852 hinc
3026 3805 3204 3852 ortum
3235 3807 3370 3860 erat,
3396 3809 3485 3850 oc-

1916 3896 2044 3953 cidit
2076 3897 2202 3952 illis.
2237 3896 2437 3951 Verum
2467 3903 2599 3948 tunc
2624 3892 2844 3964 quidem
2875 3899 3055 3948 ortum
3082 3897 3188 3955 est,
3217 3897 3272 3945 et
3299 3897 3485 3943 matu-

1916 3990 2090 4044 tinum
2120 3990 2254 4059 ipsis
2277 3987 2474 4052 eﬂ‘ecit,
2509 4001 2632 4041 cum
2676 4000 2765 4040 res
2810 3987 3052 4054 ipsorum
3080 3981 3354 4038 ﬂorerent.
3386 3979 3487 4036 Ne-

1917 4096 2023 4150 que
2068 4095 2198 4136 sane
2232 4079 2287 4132 in
2319 4078 2547 4132 veritate
2595 4085 3044 4146 permanserunt;
3092 4072 3189 4128 sed
3225 4087 3350 4128 cum
3386 4070 3486 4126 llo-

1920 4169 2178 4233 ruissent,
2208 4166 2565 4226 transierunt,
2592 4172 2646 4220 et
2670 4165 2877 4219 umbras
2908 4163 3082 4217 instar
3120 4161 3482 4233 aufugerunt:

1918 4260 2268 4329 quamobrem
2299 4257 2505 4311 dictum
2535 4264 2618 4311 est
2652 4275 2663 4309 :
2693 4253 2854 4310 Mane
2875 4255 3006 4309 sicut
3030 4251 3189 4306 herba
3217 4260 3477 4308 transeat.

1917 4350 2048 4407 Post
2090 4349 2292 4421 Moysis
2338 4357 2519 4404 autem
2565 4347 2796 4414 obitum,
2827 4347 2882 4400 in
2932 4344 3286 4415 sequentibus
3317 4343 3481 4397 etiam

1917 4443 2273 4513 temporibus,
2305 4441 2358 4494 in
2391 4439 2669 4494 meliorem
2700 4446 2900 4494 statum
2936 4437 3079 4491 aucti
3121 4443 3177 4492 et
3218 4433 3482 4506 provecti,

1918 4552 2026 4590 non
2082 4535 2155 4588 ita
2213 4538 2614 4595 remanserunt,
2665 4529 2759 4584 sed
2817 4529 3194 4584 transierunt:
3226 4527 3486 4597 quocirca

1915 4627 2080 4681 etiam
2107 4623 2349 4680 secundo
2373 4624 2582 4679 dictum
2605 4629 2724 4677 est:
2752 4619 2910 4674 Mane
2935 4620 3121 4690 ﬂoreat
3150 4628 3198 4674 et
3227 4624 3485 4674 transeat.

1915 4718 2196 4773 Postrema
2243 4729 2372 4770 vero
2417 4729 2604 4770 eorum
2639 4713 2744 4769 sub
2779 4714 2892 4768 liter.
2938 4713 3011 4766 ita
3056 4709 3485 4782 signiﬁcantur:

1928 4808 2146 4877 Vespere
2172 4806 2402 4871 decidat,
2429 4805 2634 4861 indurat
2675 4813 2726 4859 et
2781 4811 3029 4858 arescat:
3067 4816 3192 4856 nam
3224 4797 3370 4871 quod
3395 4813 3488 4855 se-

1920 4901 2094 4955 nescit
2121 4907 2175 4954 et
2201 4900 2554 4959 inveteratur,
2593 4911 2840 4967 proxume
2884 4895 3161 4950 interitum
3195 4903 3297 4949 est.
3329 4886 3488 4958 Quod

1913 5007 2044 5048 sane
2069 4992 2175 5046 illis
2198 4991 2425 5062 contigit
2454 4991 2740 5044 occidente
2759 4988 2985 5058 justitise
3008 4987 3152 5051 Sole,
3186 4985 3487 5042 secundum

1916 5083 2253 5154 prophetiam
2279 5098 2399 5152 quae
2429 5081 2500 5134 ait
2538 5098 2552 5135 :
2596 5079 2660 5136 Et
2688 5079 2882 5134 occidet
2907 5078 2986 5134 sol
3012 5093 3165 5147 super
3185 5077 3487 5147 prophetas,

1911 5177 1998 5246 qui
2026 5191 2204 5228 errare
2231 5174 2432 5243 faciunt
2462 5179 2712 5241 populum
2740 5188 2908 5226 incum
2931 5171 2994 5226 ⁵³.
3022 5166 3486 5236 Quemadmodum

1913 5268 2056 5321 enim
2086 5266 2153 5321 de
2176 5265 2342 5334 justis
2371 5263 2577 5319 dictum
2607 5272 2693 5318 est
2719 5281 2731 5316 :
2757 5262 2972 5318 Orictur
2995 5262 3295 5316 timentibus
3324 5257 3488 5310 Deum

1918 5360 2014 5416 Sol
2042 5359 2362 5428 justitiaz“;
2395 5358 2474 5413 sic
2502 5367 2666 5412 etiam
2690 5357 2756 5413 de
2783 5357 2964 5427 impiis
2985 5355 3188 5410 dictum
3221 5359 3302 5405 est
3335 5367 3348 5402 :
3385 5346 3492 5402 0c-

1919 5453 2052 5507 cidet
2077 5452 2157 5504 sul
2190 5466 2346 5520 super
2379 5448 2595 5508 illos”;
2632 5465 2695 5505 ac
2733 5463 2951 5505 rursum
2987 5444 3112 5501 alibi
3149 5459 3160 5495 :
3195 5440 3262 5493 Et
3289 5437 3490 5492 occidet

224 5533 432 5598 πέσοι,
463 5537 558 5589 καὶ
605 5541 1012 5608 σκληρυνθείη
1066 5542 1163 5595 καὶ
1208 5542 1562 5610 ξηρανθιςίη⁹
1613 5541 1674 5595 τὸ
1707 5544 1812 5613 γάρ

1920 5543 2000 5597 sol
2030 5544 2082 5595 in
2105 5541 2338 5605 meridie,
2381 5552 2428 5594 et
2458 5542 2589 5596 tuna
2634 5558 2736 5596 non
2769 5539 2914 5594 dabit
2944 5538 3109 5590 lucem
3150 5547 3302 5586 suam
3328 5531 3398 5587 ⁵⁸.
3430 5528 3494 5585 In

308 5715 356 5748 ³³
396 5718 554 5774 Ilion.
595 5737 686 5784 ιιι,
721 5722 773 5777 6.
854 5724 899 5754 “
938 5723 1167 5782 Malacli.
1206 5742 1288 5792 iv,
1323 5727 1379 5782 2.
1455 5727 1498 5760 ⁸³
1540 5723 1648 5783 Jer.
1682 5743 1772 5794 xv,
1805 5726 1859 5780 9.
1962 5727 2008 5760 ⁸⁸
2046 5724 2212 5779 Amos
2241 5725 2374 5795 vmf,
2406 5723 2460 5777 9.

567 5819 828 5878 ι’Λτιιυι..
880 5819 999 5878 Gn.
1033 5819 1270 5878 XXIII.

3089 5807 3170 5872 36
