3988 6204
500 324 632 381 HM

1194 318 1461 377 EUSEBll
1500 315 1984 374 CASSARIENSIS
2021 315 2175 371 OPP.
2224 316 2404 372 PARS
2442 316 2527 373 lll.
2552 345 2620 355 —
2661 310 3070 372 EXEGETlCA.

3605 295 3750 366 H32

501 439 968 498 consummatione
998 437 1164 506 igitur
1194 435 1377 490 δεουιὶ
1409 442 1534 506 post
1555 433 1864 488 Servatoris
1895 433 2069 488 nostri

2180 414 2568 504 παλαιούμενον
2593 433 2686 486 καὶ
2713 429 2992 502 γηράσκον
3021 415 3191 496 ’ἐγγὺς
3224 425 3554 498 ἀφανισμοῦ.
3591 427 3657 481 ‘0
3684 423 3756 499 δὴ

501 534 812 591 adventum,
846 542 969 582 cum
995 540 1220 597 vespera
1251 525 1386 595 ipsis
1417 523 1753 588 advenisset,
1777 537 1840 577 ac
1864 522 1952 576 lux
1987 537 2074 576 ve-

500 623 680 677 ritatis
709 622 868 691 plane
901 618 1218 681 occidisset,
1255 618 1311 672 in
1363 615 1583 672 ruinam
1629 625 1684 670 et
1712 615 2073 685 abjectionem

399 712 405 719 ’
499 715 713 784 penitus
762 713 1121 774 devenerunt,
1157 717 1322 780 atque
1354 709 1456 764 hoc
1480 709 1762 764 oraculum
1794 708 2072 776 impletum

497 815 579 860 est
612 825 624 859 :
667 804 887 873 Vespere
915 802 1144 865 decidat,
1187 802 1397 856 induret
1423 812 1473 857 et
1507 811 1736 857 arescat.
1762 800 1902 867 Quia
1933 799 2075 869 defe-

497 901 664 952 cimus
692 899 747 950 in
772 898 856 950 ira
889 907 1002 958 tua,
1029 905 1078 950 et
1101 897 1156 949 in
1183 895 1362 962 furore
1389 905 1478 949 tuo
1507 894 1706 948 turbati
1734 910 1934 947 sumus.
1959 891 2076 947 llis-

496 1007 602 1060 que
658 989 870 1044 videtur
922 988 1055 1042 mihi
1111 987 1326 1058 Moyses
1360 988 1669 1040 orationem
1719 986 2070 1046 concinnare.

497 1084 683 1154 populi
731 1091 853 1152 post
901 1082 1200 1136 Salvatoris
1235 1082 1414 1136 nostri
1455 1079 1746 1135 adventum
1777 1078 2074 1133 conditioni

498 1185 944 1231 consentaneum.
1001 1173 1134 1228 Nam
1159 1172 1428 1244 propheta
1466 1188 1590 1226 cum
1623 1181 1787 1233 esset,
1813 1178 1866 1225 et
1895 1170 2076 1224 divina

498 1268 842 1339 pra-scientia
879 1253 1240 1334 abjectionem
1289 1272 1479 1318 eorum
1534 1263 1868 1339 ultimam.et
1899 1269 2076 1315 extre‘

498 1374 643 1414 mam
673 1361 884 1414 ruinam
910 1358 1262 1428 prospiceret,
1295 1357 1533 1409 salutare
1559 1356 1692 1425 ipsis
1718 1355 2075 1423 pharmacum

500 1459 566 1510 ad
598 1455 864 1510 medelam
895 1453 1241 1523 suggerebat,
1278 1455 1416 1506 hanc
1462 1451 1711 1505 videlicet
1749 1450 2073 1509 orationem.

500 1562 666 1618 quam
700 1547 754 1601 in
786 1546 1026 1608 arcanis,
1058 1553 1117 1598 ut
1147 1544 1461 1613 ,verisimile
1508 1552 1614 1606 est,
1645 1551 1697 1596 et
1728 1549 1880 1595 extra
1917 1539 2076 1593 aliam

503 1640 835 1709 scripturam
873 1652 1053 1698 suam,
1087 1636 1154 1688 iis
1195 1637 1290 1706 qui
1331 1644 1530 1688 arcana
1563 1648 1728 1702 penes
1762 1647 1820 1685 se
1849 1631 2079 1684 retinere

440 1776 452 1801 ε
504 1739 730 1803 possent
777 1729 1044 1787 tradidit:
1079 1730 1404 1799 videturque
1436 1727 1582 1797 apud
1611 1727 1732 1780 illos
1763 1726 1853 1778 diu
1885 1730 1940 1778 et
1973 1723 2082 1793 pri—

2172 527 2265 580 καὶ
2287 527 2414 596 περὶ
2449 525 2630 588 αὐτοῖς
2661 523 2884 592 γέγονεν
2911 519 3190 582 ἐπιδόντος
3219 518 3402 582 αὐτοῖς
3423 518 3518 571 τοῦ
3542 517 3647 588 τῆς
3673 518 3760 573 δι-

2172 615 2677 686 καιοσύνηςἩλίου,
2705 613 2845 668 κατὰ
2869 613 2968 684 τὴν
2992 613 3241 684 φήσασαν
3265 611 3621 683 προφητείανο
3639 607 3762 665 Καὶ

2173 711 2418 764 δύσεται
2444 712 2476 763 ό
2498 709 2669 777 ἣλιος
2693 708 2789 761 ἐπὶ
2818 705 2960 772 τοὺς
2981 703 3292 774 προφήτας
3314 703 3457 770 τοὺς
3477 701 3763 757 πλανῶν·Β

2173 820 2280 868 τας
2309 801 2418 854 τὸν
2447 799 2600 855 λαόν
2632 818 2771 870 μου.
2799 800 3009 869 Ὥσπερ
3050 797 3158 868 γὰρ
3199 797 3328 868 περὶ
3369 796 3478 849 τῶν
3519 795 3763 850 δικαίων

2173 893 2365 965 ἐλέχθη
2381 893 2459 957 τὸ,
2477 891 2779 946 Ἀνατελεῐ
2799 891 2922 958 τοῖς
2941 888 3330 961 φοϐουμένοις
3342 887 3762 954 αὐτὸν-Ἥλιος

2173 989 2586 1055 δικαιοσύνης,
2629 984 2770 1039 οὕτω
2819 985 3070 1055 καὶπερὶ
3119 982 3226 1035 τῶν
3275 980 3485 1036 ἀσεϐῶν
3533 982 3761 1051 εἴρηται

2173 1083 2253 1146 τὸ,
2283 1081 2533 1133 Δύσεται
2563 1083 2596 1133 ὁ
2622 1079 2794 1147 ἣλιος
2812 1078 2907 1131 ἐπὶ
2931 1074 3153 1132 τοῖσδεο
3182 1075 3277 1129 καὶ
3304 1073 3464 1128 πάλιν
3491 1071 3760 1143 ἀλλαχοῦ·

2175 1175 2284 1229 Καὶ
2312 1174 2606 1228 δύσεταιό
2629 1171 2801 1239 ἥλιος
2824 1169 3210 1241 μεσημϐρίας,
3235 1168 3331 1222 καὶ
3355 1165 3394 1235 ἡ
3415 1164 3654 1234 σελήνη
3683 1165 3765 1219 οὐ

2176 1268 2350 1323 δώσει
2381 1267 2445 1321 τὸ
2488 1266 2705 1336 φέγγος
2733 1263 2939 1333 αὐτῆς.
2980 1257 3101 1316 Ἐπὶ
3149 1261 3422 1331 συντελείᾳ
3453 1257 3634 1313 τοίνυν
3660 1257 3765 1312 τοῦ

2177 1360 2371 1424 αἰῶνος
2394 1359 2530 1430 μετὰ
2547 1358 2645 1430 τὴν
2661 1354 2754 1410 τοῦ
2773 1356 3020 1426 Σωτῆρος
3033 1353 3190 1426 ἡμῶν
3207 1350 3522 1425 παρουσίαν,
3541 1352 3635 1405 ὅτε
3653 1349 3764 1404 αὑ-

2175 1454 2288 1514 τοῖς
2317 1453 2350 1522 ἡ
2381 1443 2584 1521 ἑσπέρα
2609 1446 2834 1519 ἐπῆλθε,
2865 1446 3049 1509 δύντος
3085 1440 3266 1508 αὐτοῖς
3304 1443 3380 1507 ὡς
3408 1441 3625 1514 άληθῶς
3657 1438 3766 1496 τοῦ

2175 1542 2273 1612 τῆς
2297 1529 2552 1611 ἀληθείας
2580 1531 2774 1609 φωτὸς,
2799 1539 2833 1608 ἡ
2850 1536 3121 1598 ἔκπτωσις
3147 1535 3324 1588 αὐτῶν
3347 1533 3441 1586 καὶ
3460 1532 3494 1603 ἡ
3510 1530 3764 1604 ἀποόολῂ

2177 1633 2360 1696 τέλους
2390 1633 2567 1701 ἔτυχε,
2585 1631 2680 1683 καὶ
2707 1629 2768 1682 τὸ
2797 1626 2970 1700 παρὸν
2999 1621 3288 1698 ἐπληρώθη
3323 1624 3503 1695 λόγιον
3537 1625 3762 1694 φῆσανο

2183 1726 2254 1780 Τὸ
2291 1715 2552 1794 ἑσπέρας
2597 1721 2912 1786 ἀποπέσοι,
2947 1720 3354 1789 σκληρυνθείη
3402 1717 3498 1772 καὶ
3529 1719 3762 1786 ξηραν-

460 1821 673 1878 "vatim
723 1837 842 1877 eam
892 1821 1139 1882 latuisse,
1175 1835 1238 1874 ac
1285 1819 1500 1875 demum
1555 1818 1690 1871 libro
1736 1810 2078 1870 Psaimorum

2180 1818 2326 1885 θείη.
2353 1816 2480 1869 Ὅτι
2514 1814 2869 1884 ἐξελίπομεν
2898 1814 2967 1866 ἐν
2995 1811 3068 1881 τῇ
3100 1805 3245 1882 ὀργῇ
3273 1829 3409 1876 σου,
3440 1810 3540 1864 καὶ
3576 1811 3647 1864 ἐν
3675 1808 3764 1877 τῷ

506 1915 817 1970 necessario
866 1915 1126 1968 insertam
1181 1912 1372 1976 fuisse,
1415 1926 1484 1966 ne
1533 1910 1792 1964 diuturno
1837 1916 2075 1977 tempore

505 2007 694 2061 multis
729 2007 904 2061 latens
936 2014 989 2059 et
1013 2007 1257 2075 neglecta
1287 2005 1578 2060 excideret.
1613 1991 1682 2056 Ut
1706 2002 1870 2070 igitur
1899 2015 2076 2055 serva-

507 2110 678 2158 retur.
713 2099 1078 2167 omnibusque
1111 2108 1236 2151 nota
1265 2105 1531 2155 maneret.
1563 2095 1704 2148 libro
1734 2091 2074 2148 Psalmortm

505 2195 710 2248 inserta
747 2192 870 2258 fuit,
898 2195 1000 2246 etsi
1027 2187 1270 2262 psalmus
1303 2205 1412 2245 non
1440 2189 1530 2244 sit.
1557 2185 1742 2258 Neque
1771 2187 1915 2240 enim
1938 2185 2079 2254 psalo

504 2286 578 2341 mi
611 2285 889 2356 quidpiam
924 2283 1305 2353 complectitur
1338 2301 1352 2337 :
1386 2281 1631 2351 psalmus
1657 2278 1856 2348 quippe
1885 2277 1951 2330 ad
1980 2278 2074 2331 lae-

505 2379 680 2432 titiam
705 2379 872 2433 animi
905 2382 1148 2448 spectat;
1183 2375 1296 2429 haec
1323 2382 1504 2428 autem
1536 2371 1713 2427 oratio
1749 2371 1885 2424 iram
1919 2377 1971 2424 et
1997 2367 2082 2422 fu-

506 2485 684 2525 rorem
712 2471 826 2535 Dei,
860 2467 1072 2540 aliaque
1102 2468 1282 2524 tristia
1333 2473 1723 2521 commemorat
1757 2484 1769 2519 :
1806 2464 2081 2519 divinum-

505 2579 610 2634 que
639 2578 838 2618 numen
873 2562 939 2617 iis
969 2561 1168 2632 placat,
1196 2559 1289 2630 qui
1325 2558 1458 2628 lapsi
1497 2563 1647 2611 sunt.
1680 2554 1892 2627 Moyses
1923 2554 2081 2624 quip-

506 2671 574 2726 pe
601 2656 744 2712 hunc
771 2650 1104 2727 propitiandi
1136 2646 1358 2708 modum
1391 2649 1558 2705 tradit
1593 2648 1812 2719 populo,
1836 2649 1928 2717 qui
1959 2653 2080 2718 post

507 2745 810 2804 Salvatoris
840 2747 1015 2802 nostri
1048 2744 1341 2800 adventum
1369 2744 1424 2797 in
1461 2750 1686 2813 peccata
1715 2741 1935 2796 decidit.

2180 1909 2344 1978 θυμῷ
2365 1927 2479 1963 σου
2513 1907 2933 1978 ἐταράχθημεν.
2961 1907 3069 1960 Καί
3092 1924 3180 1976 μοι
3201 1906 3346 1959 δοκεῖ
3364 1904 3452 1958 διὰ
3487 1905 3701 1959 τούτων
3731 1904 3764 1957 ό

2180 2001 2420 2072 Μωῡσῆς
2454 2000 2760 2072 προσευχὴν
2807 1999 3062 2064 συντάξαι
3106 1997 3448 2070 ἁρμόζουσαν
3476 1998 3543 2067 τῇ
3581 2013 3760 2049 κατα-

2183 2093 2366 2148 στάσει
2391 2084 2483 2147 τοῦ
2509 2093 2660 2157 λαοῦ,
2684 2095 2753 2164 τῇ
2775 2091 2910 2164 μετὰ
2936 2091 3034 2162 τὴν
3057 2083 3355 2161 παρουσίαν
3377 2079 3471 2142 τοῦ
3499 2087 3763 2158 Σωτῆρος

2179 2185 2357 2258 ἡμῶν.
2398 2176 2690 2256 Προφήτης
2714 2179 2806 2238 οὖν
2833 2181 2928 2248 ὢν,
2953 2180 3258 2255 προγνώσει
3286 2196 3347 2233 τε
3379 2178 3498 2251 θείᾳ
3516 2178 3581 2232 τὸ
3605 2177 3765 2242 τέλος

2182 2280 2360 2334 αὐτῶν
2385 2277 2481 2350 τῆς
2506 2274 2772 2349 ἀποϐολῆς
2803 2273 2896 2330 καὶ
2921 2275 3019 2346 τὴν
3045 2275 3278 2346 ἐσχάτην
3297 2272 3612 2350 ἀπόπτωσιν
3630 2286 3764 2322 συν.

2181 2367 2340 2444 ορῶν,
2376 2371 2664 2443 φάρμακον
2711 2368 2892 2428 αὐτοῖς
2931 2367 3194 2437 σωτήριον
3223 2363 3318 2417 καὶ
3361 2344 3764 2433 θεραπευτικὸν

2182 2457 2486 2526 ὑπετίθετο,
2522 2461 2617 2534 τὴν
2655 2453 2933 2532 παροῦσαν
2977 2454 3283 2528 προσευχὴν
3314 2455 3371 2506 ὲν
3399 2450 3762 2522 ἀπορρήτοις,

2180 2557 2256 2620 ὼς
2285 2551 2450 2618 εἰκὸς,
2494 2543 2766 2623 παραδοὺς
2803 2545 2972 2624 αὐτὴν
2999 2545 3195 2614 ἔξωθεν
3233 2546 3334 2616 τῆς
3383 2543 3548 2615 άλλης
3587 2541 3762 2596 αὑτοῦ

2180 2637 2401 2720 γραφῆς
2441 2645 2553 2707 τοῖς
2599 2642 2912 2713 δυναμένοις
2956 2639 3023 2694 τὰ
3065 2628 3351 2709 ἀπόρρητα
3387 2635 3518 2704 παρ’
3542 2631 3765 2694 ἑαυτοῖς

2180 2736 2430 2807 κατέχειν
2452 2752 2466 2766 ο
2493 2733 2619 2806 παρ’
2639 2728 2719 2797 οἷς
2749 2733 2842 2787 καὶ
2863 2729 3014 2796 εἰκὸς
3035 2726 3398 2801 φυλάττεσθαι
3422 2722 3592 2794 αὐτὴν
3623 2723 3767 2775 ίδια-

505 2841 706 2906 ζόντως
735 2844 830 2897 καὶ
860 2840 1160 2912 λεληθότως
1199 2839 1358 2910 μέχρι
1381 2837 1577 2891 πολλοῦ
1597 2854 1612 2870 ο
1645 2836 1868 2910 ῦστερόν
1892 2852 1954 2906 γε
1979 2836 2083 2906 μὴν
2119 2829 2578 2904 ἐγκαταλεχθῆναι
2599 2828 2915 2912 ἀναγκαίωςΔ
2933 2829 3002 2900 τῇ
3035 2825 3203 2898 βίϐλῳ
3225 2824 3332 2878 τῶν
3356 2819 3624 2891 Ψαλμῶν,
3681 2816 3768 2883 ὡς

503 2933 571 2988 ἂν
607 2936 680 3007 μὴ
711 2936 789 3007 τῷ
831 2909 1025 3007 μακρῷ
1047 2935 1222 3006 χρόνῳ
1252 2909 1495 2987 διαπέσοι
1529 2930 1767 2984 λαθοῦσα
1793 2930 1918 2992 τοὺς
1950 2929 2176 2993 πολλοὺς
2211 2929 2305 2982 καὶ
2355 2919 2707 2998 ἀμεληθεῖσα.
2743 2923 2838 2977 Ἷν’
2868 2910 2962 2976 οῦν
3033 2917 3277 2984 αὔξοιτο,
3341 2915 3434 2970 καὶ
3499 2909 3767 3001 παραμέ-

507 3046 587 3082 νοι
610 3004 1006 3100 γινωσκομένη
1159 3004 1396 3089 πάντων,
1418 3026 1484 3095 τῇ
1519 3023 1685 3094 βίϐλῳ
1713 3021 1822 3075 τῶν
1857 3019 2103 3092 Ψαλμῶν
2141 3019 2538 3092 παρενεϐλήθη,
2582 3017 2657 3088 μὴ
2685 3011 2817 3070 οὖσα
2857 3014 3087 3085 ψαλμός.
3121 3011 3254 3066 Οὐδὲ
3291 3009 3398 3081 γὰρ
3434 3004 3649 3096 ψαλμοῦ
3709 3023 3767 3060 τι

509 3091 784 3193 περι-ἐχειο
830 3091 1092 3191 θυμηδίας,
1131 3119 1240 3187 γὰρ
1295 3118 1324 3169 ὁ
1366 3091 1609 3186 ψαλνμός·
1731 3112 1785 3166 δὲ
1833 3091 2078 3182 παροῦσα
2111 3091 2383 3182 προσευχὴ
2413 3108 2583 3180 ὀργῆς
2619 3103 2943 3178 μνημονεύει
2973 3103 3068 3158 καὶ
3122 3100 3296 3173 Θυμοῦ
3333 3099 3468 3154 Θεοῦ
3516 3091 3612 3153 καὶ¹
3649 3093 3768 3150 ἐτέ-

437 3265 445 3270 .
512 3237 620 3294 ρων
667 3216 1024 3290 σκυθρωπῶν,
1071 3213 1348 3270 ἱλάσκεται
1388 3230 1448 3266 τε
1506 3212 1566 3264 τὸ
1596 3210 1748 3263 Θεῖον
1797 3208 1936 3279 ὺπέρ
1977 3207 2083 3260 τῶν
2147 3206 2648 3262 άποπεπτωκότων·
2693 3195 2784 3256 τὸν
2833 3199 3056 3273 ἱλασμὸν
3097 3197 3286 3253 τοῦτον
3347 3193 3626 3256 Μωῦσὲως
3672 3193 3768 3246 διά

506 3289 609 3386 τῆς
643 3314 945 3388 προσευχῆς
995 3312 1331 3373 διδάσκοντος
1373 3309 1549 3377 λέγειν
1597 3305 1686 3359 τὸν
1733 3303 2076 3359 ἀποπεσόντα
2110 3302 2204 3358 τοῦ
2245 3301 2380 3356 Θεοῦ
2414 3301 2540 3355 λαὸν
2583 3299 2720 3372 μετὰ
2750 3299 2848 3370 τὴν
2873 3295 2967 3351 τοῦ
3012 3294 3265 3365 Σωτῆρος
3327 3289 3488 3363 ἡμῶν
3553 3297 3768 3357 παρου-

513 3428 652 3464 σιαν.

582 3529 916 3599 Videturque
962 3525 1093 3581 mihi
1150 3525 1290 3579 hanc
1328 3521 1532 3593 Moysis
1582 3518 1908 3582 orationem,
1958 3524 2079 3588 post

2253 3512 2362 3566 Καί
2403 3529 2492 3582 μοι
2537 3509 2682 3564 δοκεῖ
2707 3508 2807 3562 οὐκ
2845 3505 3100 3568 ἀσκόπως
3135 3515 3274 3574 μετα
3307 3499 3398 3554 τὸν
3424 3505 3511 3570 πη·
3540 3496 3766 3568 ψαλμὸν

511 3634 751 3682 Lxxxviu
781 3621 1068 3692 psalmum,
1100 3627 1155 3672 et
1185 3632 1248 3671 ea
1280 3629 1401 3686 qua}
1433 3613 1504 3666 ibi
1538 3613 1604 3666 de
1640 3610 1846 3666 semine
1892 3607 2079 3672 David,

2185 3606 2279 3659 καὶ
2302 3602 2368 3656 τὰ
2401 3602 2466 3656 δι’
2503 3599 2665 3654 αὑτοῦ
2694 3598 2822 3670 περὶ
2857 3595 2950 3650 τοῦ
2991 3594 3304 3665 σπέρματος
3335 3589 3492 3645 Δαυῒδ
3528 3588 3622 3642 καὶ
3651 3587 3756 3640 τοῦ

511 3721 686 3788 deque
729 3715 930 3768 throno
997 3711 1072 3764 illi
1127 3709 1400 3780 promisso
1448 3705 1919 3776 pramuntiantur,
1971 3717 2079 3757 non

2186 3693 2594 3768 ἐπηγγελμένον
2634 3690 2783 3761 αὐτῷ
2807 3689 2995 3761 θρόνου
3033 3685 3412 3748 θεσπισθέντος
3436 3684 3469 3752 ἡ
3497 3680 3761 3752 παροῦσα.

512 3814 631 3868 sine
670 3808 901 3863 consilio
944 3804 1173 3874 positam
1232 3801 1530 3856 fuissezae
1594 3813 1899 3855 sermonem
1961 3810 2087 3867 pro-

512 3901 764 3954 fundiore
818 3895 1055 3967 quodam
1105 3891 1426 3964 speculandi
1473 3903 1646 3954 more,
1691 3887 1928 3942 futuram
1989 3884 2087 3939 Ju-

511 3991 652 4044 daiei
711 3989 916 4060 populi,
963 3992 1086 4056 post
1123 3983 1416 4039 adventum
1455 3980 1576 4050 ejus
1633 3979 1725 4049 qui
1764 3994 1829 4033 ex
1879 3976 2088 4033 semine

513 4080 678 4135 David
733 4079 1050 4150 proditurus
1111 4083 1272 4140 erat,
1345 4072 1560 4127 ruinam
1619 4079 1673 4125 et
1726 4069 2084 4139 abjectionem

512 4173 860 4228 subindicare
893 4168 1074 4239 :quod
1135 4179 1267 4221 sane
1319 4181 1500 4219 rerum
1557 4169 1784 4218 eventus
1811 4161 2082 4230 obsignat.

511 4266 580 4322 At
611 4264 756 4321 enim
780 4262 1081 4316 orationem
1109 4260 1244 4330 ipsis
1273 4256 1438 4311 tradit
1477 4254 1711 4328 Moyses,
1775 4251 2084 4324 prophetica

511 4362 711 4418 virtute
765 4356 1029 4415 orationis
1076 4354 1243 4410 verba
1302 4366 1548 4424 personat
1605 4347 1789 4421 populi
1839 4346 1977 4417 lapsi
2033 4350 2087 4401 et

511 4453 709 4524 objecti
762 4445 1201 4505 accommodans.
1261 4444 1396 4501 Cum
1453 4443 1618 4514 igitur
1645 4441 1741 4503 ait,
1772 4438 1853 4494 Ne
1880 4446 2085 4493 avertas

511 4545 770 4601 hominem
799 4544 855 4597 in
892 4541 1242 4594 humilitatem
1270 4556 1286 4592 :
1323 4535 1389 4590 Et
1421 4535 1645 4589 dixisti:
1684 4529 2084 4594 Convertimini,

511 4638 918 4708 ﬁtiihominum,
974 4634 1117 4688 hanc
1169 4631 1300 4702 ipsis
1357 4628 1660 4684 doctrinam
1709 4625 1925 4681 tradere
1953 4622 2086 4677 mihi

510 4727 724 4782 videtur
745 4768 760 4790 ,
793 4735 852 4781 ut
881 4727 1088 4782 scilicet
1120 4722 1394 4794 precando
1414 4721 1598 4776 dicant
1641 4738 1653 4773 :
1685 4716 1730 4774 Ο
1762 4716 2008 4780 Domine,
2030 4721 2086 4768 tu

510 4819 680 4873 variis
728 4817 1064 4888 temporibus
1126 4813 1394 4886 refugium
1447 4811 1604 4868 nobis
1655 4811 1831 4864 factus
1887 4823 1947 4862 es
1991 4819 2086 4876 per

2186 3785 2460 3860 προσευχὴ
2491 3783 2768 3846 Μωῦσέως
2790 3779 3056 3851 συνῆφθαι
3075 3795 3088 3810 ·
3124 3777 3264 3850 μετά
3291 3793 3429 3837 τινος
3447 3775 3500 3828 δὲ
3525 3773 3762 3844 βαθυτέ-

2189 3898 2285 3954 ρας
2311 3878 2538 3951 θεωρίας
2571 3872 2940 3942 αἰνιττομένου
2973 3869 3066 3923 τοῦ
3097 3869 3255 3937 λόγου
3295 3867 3603 3922 ἀπόπτωσιν
3637 3865 3766 3919 ἐσε-

2187 3971 2310 4025 σθαι
2335 3970 2427 4023 καὶ
2446 3965 2714 4037 άποὸολὴν
2735 3963 2828 4018 τοῦ
2869 3960 3134 4015 Ἰουδαίων
3160 3959 3343 4022 ἔθνους
3369 3956 3508 4028 μετὰ
3533 3956 3634 4028 τὴν
3659 3973 3765 4011 πα-

2188 4062 2405 4136 ρουσίαν
2433 4059 2525 4114 τοῦ
2569 4059 2634 4111 ἐκ
2668 4057 2979 4128 σπέρματος
3007 4052 3167 4107 Δαυῒδ
3205 4050 3668 4124 προελευσομένου
3687 4066 3703 4079 ·
3731 4048 3765 4103 ὃ

2185 4156 2248 4228 δὴ
2281 4155 2375 4209 καὶ
2407 4148 2859 4224 ἐπισφραγίζεται
2903 4149 2939 4218 ὴ
2977 4146 3084 4200 τῶν
3124 4143 3466 4217 πραγμάτων
3509 4141 3758 4205 ἔκϐασις.

2199 4247 2359 4302 ,Αλλὰ
2385 4245 2493 4316 γὰρ
2515 4242 2820 4315 προσευχὴν
2845 4242 3026 4302 αὐτοῖς
3046 4237 3406 4310 παραδίδωσιν
3433 4237 3462 4289 ὁ
3494 4233 3760 4303 Μωῦοῆς.

2186 4340 2498 4413 προφητικῇ
2535 4335 2760 4406 δυνάμει
2789 4332 3104 4404 ἐφαρμόσας
3129 4331 3254 4394 τοὺς
3290 4330 3347 4382 ἐν
3382 4329 3448 4398 τῇ
3484 4327 3763 4398 προσευχῇ

2186 4429 2375 4500 λόγους
2396 4427 2475 4499 τῷ
2506 4425 2780 4499 προσώπῳ
2803 4423 2897 4478 τοῦ
2943 4422 3266 4485 ἐκπεσόντος
3291 4420 3384 4474 καὶ
3419 4417 3764 4489 άποὸληθὲνο

2185 4539 2276 4586 τος
2304 4520 2454 4575 λαοῦ.
2494 4517 2661 4572 Ἐπὰν
2685 4513 2776 4571 οὖν
2797 4516 2929 4586 λέγῃ
2951 4533 2964 4545 ·
2989 4515 3086 4582 Μὴ
3118 4511 3509 4580 ἀποστρέψῃς
3539 4509 3765 4578 ἀνθρω-

2186 4628 2306 4668 πον
2346 4615 2432 4680 εὶς
2465 4611 2824 4665 ταπείνωσιν
2841 4626 2854 4639 ·
2899 4606 3010 4662 Καὶ
3053 4602 3224 4671 εἶπας
3241 4621 3254 4635 ο
3303 4600 3763 4672 Ἐπιστρέψατε,

2187 4708 2239 4759 οὶ
2258 4703 2375 4760 υἱοὶ
2418 4703 2536 4759 τῶν
2567 4699 2910 4769 ἀνθρώπων,
2954 4696 3141 4751 τοῦτόν
3183 4712 3272 4767 μοι
3309 4694 3456 4748 δοκεῖ
3487 4693 3766 4748 διδάσκειν

2187 4796 2384 4859 αὐτοὺς
2414 4794 2503 4847 τὸν
2528 4791 2673 4856 νοῦν,
2707 4788 3176 4861 προσευχομένους
3210 4785 3386 4854 λέγειν
3409 4802 3424 4816 ·
3464 4781 3535 4837 Ὦ
3561 4785 3760 4856 Κύριε,

513 4910 754 4980 singulas
783 4877 1162 4980 generationes
1195 4923 1209 4958 :
1250 4877 1374 4960 nam
1401 4904 1576 4974 primo
1603 4917 1726 4956 cum
1753 4901 1808 4954 in
1847 4897 2079 4970 Egypto

2189 4891 2253 4944 ob
2287 4887 2428 4942 κατὰ
2456 4886 2677 4958 χρόνους
2721 4885 2851 4955 ἡμῖν
2899 4881 3128 4950 γέγονας
3169 4877 3453 4948 καταφυγὴ
3497 4877 3595 4930 καὶ
3640 4877 3760 4930 καθ’

513 5014 878 5062 versaremur,
915 5007 1076 5068 atque
1103 5013 1132 5051 a
1165 4997 1451 5051 Pharaone
1495 5002 1549 5048 et
1589 4991 1861 5062 Egyptiis
1898 4988 2081 5060 oppri-

510 5106 806 5157 meremur,
838 5089 1106 5161 refugium
1147 5089 1303 5145 nobis
1332 5086 1480 5142 fuisti
1506 5103 1520 5152 ;
1575 5087 1879 5154 iterumque
1910 5082 1966 5136 in
1989 5081 2084 5137 de-

512 5193 660 5241 serto
711 5184 1009 5254 oppugnati
1067 5199 1189 5236 eum
1239 5180 1307 5235 ab
1334 5177 1648 5234 Amalecitis
1672 5184 1790 5231 tum
1814 5190 1845 5229 a
1863 5171 2082 5230 Chana-

2180 4981 2417 5051 ἑκάστην
2459 4977 2650 5048 γενεάν
2675 4993 2688 5008 ⁶
2726 4974 2937 5048 πρῶτον
2973 4975 3072 5046 μὲν
3107 4972 3217 5044 γὰρ
3243 4973 3302 5024 ἐν
3329 4969 3592 5039 Αἰγύπτῳ
3630 4985 3764 5036 τυγ-

2181 5075 2435 5146 χάνουσιν
2471 5074 2624 5144 ἡμῖν,
2660 5072 2753 5124 καὶ
2790 5067 2895 5122 ὑπὸ
2919 5067 3016 5121 τοῦ
3045 5065 3245 5138 Φαραῶ
3296 5064 3392 5118 καὶ
3436 5063 3544 5117 τῶν
3594 5063 3763 5130 Λίγυ-

2181 5167 2350 5223 πτίων
2386 5164 2878 5234 καταπονουμένοις
2911 5161 3200 5232 καταφυγὴ
3226 5158 3454 5228 γέγονας
3472 5175 3487 5189 ο
3509 5155 3673 5210 πάλιν
3701 5154 3762 5208 δὲ

511 5276 665 5341 nteis,
702 5283 755 5329 te
775 5277 830 5328 in
861 5272 1163 5328 subsidium
1191 5287 1255 5326 ac
1280 5269 1550 5342 refugium
1606 5267 1926 5333 habuimus;
1976 5266 2079 5322 imo

2184 5261 2276 5313 ἐπὶ
2306 5259 2404 5331 τῆς
2435 5259 2641 5331 ἐρήμου
2687 5253 3080 5326 πολεμούμενοι
3112 5254 3234 5306 τοτέ
3260 5252 3360 5323 μὲν
3393 5249 3499 5304 ὑπὸ
3529 5249 3624 5302 τοῦ
3669 5249 3761 5303 ’Δ-

511 5370 674 5425 etiam
731 5382 854 5421 cum
909 5366 1138 5435 ingressi
1179 5365 1233 5418 in
1283 5370 1487 5418 terram
1521 5359 1899 5432 promissionis
1944 5358 2076 5412 allo-

2189 5352 2386 5425 μαλὴκ,
2447 5351 2572 5405 τοτὲ
2603 5351 2660 5404 δὲ
2701 5348 2805 5402 ὑπὸ
2832 5347 2926 5400 τοῦ
2969 5346 3293 5409 Χαναναίου,
3329 5345 3388 5398 σὲ
3434 5341 3760 5413 καταφυγὴν

511 5462 690 5533 phylis
735 5461 945 5516 subacti
975 5432 1266 5522 essemus,
1325 5470 1388 5510 ac
1420 5455 1738 5524 plerumque
1759 5460 1946 5523 postea
1975 5451 2079 5507 sub

2184 5446 2493 5517 ἐσχήκαμεν
2513 5461 2526 5473 ·
2555 5442 2614 5495 οὐ
2645 5441 2751 5512 μὴν
2785 5438 2919 5493 ἀλλὰ
2949 5437 3043 5491 καὶ
3079 5437 3409 5500 εἰσελθόντες
3431 5436 3513 5497 εἰς
3530 5433 3631 5505 τὴν
3655 5432 3763 5504 γῆν

511 5525 731 5622 regibus
765 5552 991 5615 nostris,
1020 5549 1237 5605 domum
1266 5549 1320 5602 in
1346 5545 1677 5618 Babylonica
1738 5544 2074 5616 captivitate,

2183 5538 2284 5608 τῆς
2327 5533 2680 5606 ἐπαγγελίας,
2715 5532 2818 5586 ὑπὸ
2856 5529 3174 5602 ἀλλοφύλοις
3201 5546 3261 5582 τε
3297 5527 3602 5598 γενόμενοι,
3631 5525 3766 5579 πολ-

513 5645 724 5716 refugio
758 5645 915 5704 nobis
951 5642 1121 5696 fuisti.
1184 5639 1247 5693 Et
1302 5616 1670 5706 nuncﬁitaque
1707 5635 2079 5706 supplicamus

2187 5629 2340 5692 λάκις
2383 5645 2439 5680 τε
2471 5627 2565 5681 καὶ
2599 5624 2737 5696 μετὰ
2784 5622 2957 5678 ταῦτα
2988 5622 3079 5675 ἐπὶ
3123 5622 3232 5674 τῶν
3279 5618 3542 5690 βασιλέων
3576 5616 3764 5688 ἡμῶν,

512 5737 666 5806 paria
705 5738 800 5793 abs
831 5745 883 5791 te
913 5735 1190 5805 consequi,
1224 5742 1382 5804 teque
1419 5732 1473 5785 in
1499 5729 1769 5801 refugium
1824 5734 2075 5784 nostrum

2186 5724 2278 5778 καὶ
2313 5722 2460 5783 τέλος
2517 5721 2607 5774 ἐπὶ
2657 5719 2755 5790 τῆς
2801 5719 2879 5780 εἰς
2916 5713 3209 5772 Βαϐυλῶνα
3258 5709 3656 5783 αξχμαλωσίας,
3698 5709 3765 5764 αδ
