3988 6204
247 303 383 360 H35

1329 293 1828 355 COMMENTARIA
1864 292 1930 346 IN
1970 292 2308 349 PSALMOS.

3339 297 3476 354 ΗΜ

244 421 562 493 καταφυγὴν
596 423 843 493 εσλορεν.
877 419 985 474 κει
1021 421 1136 474 νυνὶ
1169 417 1455 489 τοιγαροῦν
1495 416 1796 486 ἱκετεύομεν

1907 413 2196 468 obtinere:
2229 427 2398 482 quare
2452 425 2728 479 rogamus,
2782 407 2861 464 Ne
2905 419 3110 464 avertas
3131 411 3391 468 hominem
3419 417 3477 470 iu

241 513 348 584 τῶν
379 514 578 584 ὁμοίιον
610 513 758 584 παρὰ
785 512 877 566 σοῦ
909 514 1107 582 τυχεῖν,
1151 511 1242 564 καί
1277 527 1335 562 σε
1368 506 1669 580 κτήσασθαι
1702 524 1802 559 και

241 607 524 677 ταφυγήν·
554 605 635 658 διὸ
666 603 914 674 δεόμεθα,
949 603 1044 671 Μὴ
1077 601 1468 670 ἀποστρέψῃς
1492 599 1806 668 ἄνθρωπον

240 695 328 760 εις
352 694 709 748 ταπείνωσιν
727 708 739 722 ·
762 691 1026 756 τουτέστι,
1060 691 1150 763 Μὴ
1180 689 1525 762 ἀποστρέψῃς
1549 689 1696 760 ἡμᾶς
1725 689 1803 752 εἰς

240 786 449 840 τελείαν
471 786 780 840 ἀπόπτωσιν
812 785 903 838 καὶ
924 785 1267 838 ταπείνωσιν.
1298 782 1371 836 Σὺ
1395 783 1503 854 γάρ
1531 784 1598 852 τῇ
1629 783 1694 851 σῇ
1717 799 1804 850 φι-

179 945 183 949 ι
241 874 558 949 λανθρωπίᾳ
600 875 778 942 εἶπας,
812 876 906 930 κα)⁸
939 874 1266 947 κηρύγματα
1292 866 1455 928 πᾶσιν
1498 870 1803 944 ἀνθρώποις

239 968 554 1041 ἐξενήνοχας
572 970 759 1039 λέγων·
779 968 1222 1038 Ἐπιστρέψατε,
1242 973 1294 1023 oi
1314 966 1430 1022 υἱοὶ
1449 966 1566 1021 τῶν
1583 965 1803 1034 ἀνθρώ-

238 1073 388 1116 πων.
423 1063 484 1116 Ei
508 1063 571 1134 δὴ
593 1060 684 1117 οὖν
707 1063 882 1116 πάντα
911 1062 982 1117 τὰ
1003 1063 1246 1146 έθνημαὶ
1277 1061 1486 1124 πάντας
1508 1063 1630 1124 τοὺς
1655 1060 1803 1122 υἱοὺς

237 1149 348 1204 τῶν
388 1152 687 1227 ἀνθρώπων
725 1147 1134 1226 προσκέκληται
1185 1170 1279 1206 σου
1311 1155 1344 1224 ἡ
1403 1152 1798 1224 φιλανθρωπία,

241 1246 335 1298 καὶ
365 1249 488 1309 τοὺς
520 1247 684 1302 πάλαι
712 1248 1156 1320 ἀποστραφέντας
1184 1247 1290 1302 ἀπὸ
1320 1247 1434 1311 σοῦ,
1467 1247 1560 1301 καί
1587 1246 1802 1318 δαίμοσι

237 1337 333 1391 καὶ
370 1337 640 1410 πνεύμασι
667 1342 920 1411 πονηροῖς
942 1337 1439 1401 καταδουλωθέντας
1467 1335 1803 1408 ἐπιστραφῆ-

238 1447 326 1483 ναι
354 1431 443 1483 ἐπὶ
479 1431 537 1482 σε
571 1430 867 1494 κελεύσεις,
910 1429 1043 1501 μηδὲ
1075 1431 1220 1500 ἡμᾶς
1248 1430 1617 1500 ἀποστραφῇς,
1670 1427 1801 1498 μηδὲ

237 1523 315 1585 εἰς
356 1521 588 1592 παντελῆ
617 1523 890 1593 ἐρήμωσιν
920 1521 1249 1595 καταλείπῃς
1273 1521 1444 1573 ὲλθεῖν
1479 1521 1604 1584 τοὺς
1635 1519 1800 1573 πάλαι

238 1629 334 1665 σου
361 1613 681 1681 γενομένους
736 1611 984 1675 οἰκείους,
1017 1611 1206 1674 οἵτινες
1249 1611 1382 1682 πρὸς
1422 1609 1601 1678 ὀλίγον
1638 1608 1802 1680 ἀνθή-

239 1721 428 1767 σαντες
460 1703 759 1774 χειμάρρου
792 1702 945 1772 δίκην
979 1701 1415 1774 παρεδράμομεν.
1452 1700 1534 1753 Τὰ
1564 1699 1693 1769 γοῦν
1716 1699 1800 1770 χί-

235 1795 328 1848 λια
376 1795 530 1866 ἡμῶν
560 1796 674 1866 ἔτη,
710 1797 767 1848 ὲν
807 1789 888 1858 οἷς
936 1794 1279 1864 ἡκμάσαμεν,
1326 1791 1498 1846 ταῦτα
1527 1789 1800 1862 παρῆλθεν

233 1887 312 1948 ὡς
338 1887 370 1956 ἡ
403 1886 575 1955 ἐχθὲς,
605 1888 724 1957 ἥτις
749 1884 947 1956 διῆλθε.
975 1884 1263 1954 Γενόμενος
1283 1882 1340 1936 δὲ
1377 1883 1435 1936 ὲν
1454 1880 1662 1945 τούτοις
1704 1881 1801 1950 ἐφ-

243 1979 436 2048 ίστημι
473 1977 589 2040 πῶς
613 1977 823 2048 εἴρηται
853 1975 921 2028 τά
949 1975 1090 2046 χίλια
1124 1974 1294 2028 ταῦτα
1318 1974 1434 2046 ἔτη.
1466 1975 1529 2028 Et
1559 1973 1658 2045 μὲν
1688 1974 1799 2045 γὰρ

232 2071 420 2123 ἕνεκεν
448 2068 750 2136 δοξολογίας
785 2065 878 2119 τοῦ
907 2064 1042 2118 Θεοῦ
1076 2065 1168 2118 καὶ
1199 2067 1278 2129 είς
1321 2065 1662 2137 παράστασιν
1702 2065 1800 2136 τῆς

231 2163 402 2217 ἀϊδίου
435 2161 580 2231 ζωῆς
609 2158 702 2212 τοῦ
732 2157 888 2220 Θεοῦ,
917 2158 1066 2211 οὐδὲν
1091 2155 1243 2228 οἶμαι
1273 2157 1362 2211 τὸν
1388 2157 1542 2226 λόγον
1567 2157 1798 2229 μεγαλο-

233 2253 443 2325 πρεπὲς
493 2252 782 2322 περιέχειν.
825 2249 958 2304 Οὐδὲ
1002 2247 1110 2321 γὰρ
1149 2248 1242 2301 τὸν
1276 2247 1562 2319 σύμπαντα
1605 2247 1797 2312 αἰῶνα,

229 2346 357 2401 οὐδὲ
389 2345 478 2399 τὸν
507 2344 615 2399 ἀπὸ
644 2342 864 2416 πρώτης
896 2342 1123 2405 κτίσεως
1142 2342 1234 2395 τοῦ
1276 2342 1478 2413 κόσμου
1519 2341 1610 2394 καὶ
1637 2341 1799 2412 μέχρι

229 2435 334 2509 ⁴τῆς
360 2435 659 2499 συντελείας
684 2435 1073 2508 παρατείνοντα
1103 2433 1309 2505 χρόνον,
1331 2433 1392 2486 τὸ
1415 2433 1614 2505 ἀκαρὲς
1633 2432 1798 2504 ἠγοῦ-

233 2546 336 2601 μαι
361 2525 519 2591 εἶναι,
553 2527 650 2598 ούχ
677 2528 758 2580 ὅτι
788 2527 887 2598 τῆς
918 2526 1151 2597 ἡμέρας,
1192 2525 1304 2578 ἀλλ’
1329 2524 1448 2578 οὐδὲ
1473 2525 1571 2596 τῆς
1597 2524 1798 2596 βραχυ-

229 2622 403 2691 τάτης
435 2619 583 2692 ὧρας
617 2618 911 2691 παραθέσει
950 2618 1047 2690 τῆς
1091 2619 1324 2690 ἀνάρχου
1365 2617 1460 2672 καὶ
1504 2619 1798 2690 ἀγεννήτου

231 2715 380 2786 ζωῆς
407 2714 500 2767 τοῦ
521 2712 676 2777 Θεοῦ,
717 2713 824 2785 πρὸ
853 2712 1066 2766 πάντων
1091 2712 1424 2785 ὑπάρχοντος
1453 2711 1681 2777 αἰώνων,
1706 2713 1799 2768 καὶ

233 2807 346 2878 πρὸ
383 2805 581 2869 παντὸς
608 2804 990 2875 ἐπινοουμένου
1021 2804 1116 2857 καὶ
1147 2805 1226 2867 εἰς
1246 2805 1471 2875 ἄπειρον
1493 2805 1798 2875 ἐκτεινομέ-

229 2917 328 2952 νου
355 2896 634 2968 λογισμοῦ,
663 2896 804 2968 ὑπέρ
843 2891 912 2948 τὲ
933 2895 1058 2960 τοὺς
1089 2895 1225 2966 μετά
1257 2895 1425 2949 ταῦτα
1465 2897 1797 2969 ἀπεράντους

230 2992 332 3045 καὶ
363 2989 749 3060 ἀτελευτήτους
780 2987 982 3052 αἰῶνας
1001 2987 1364 3060 διαρκοῦντος.
1390 2988 1589 3060 Διόπερ
1611 2987 1796 3060 ἕτερόν

233 3100 328 3154 μοι
356 3080 500 3134 δοκεῖ
527 3081 650 3134 νοῦν
694 3079 1011 3135 ὑποϐάλλειν
1045 3081 1077 3151 ἡ
1115 3080 1362 3152 παροῦσα
1394 3081 1690 3154 προσευχὴ,
1720 3081 1796 3134 δι-

229 3174 508 3227 δάσκουσα
525 3171 616 3225 τὸν
642 3171 768 3225 λαὸν
789 3171 966 3241 λέγειν
984 3189 996 3202 ·
1025 3172 1144 3224 Ὅτι
1164 3172 1328 3240 χίλια
1347 3170 1449 3239 ἐτη
1478 3171 1548 3225 ἐν
1577 3172 1798 3240 ὀφθαλ-

231 3264 369 3336 μοῖς
399 3279 514 3318 σου
561 3265 642 3330 ὡς
671 3264 709 3331 ἡ
755 3264 943 3333 ἡμέρα
971 3265 1007 3333 ὴ
1043 3263 1236 3334 ἐχθὲς,
1265 3263 1396 3331 ἣτις
1435 3261 1660 3332 διῆλθε.
1695 3263 1793 3318 καὶ

229 3357 480 3430 φυλακὴ
513 3357 583 3410 ἐν
611 3356 803 3410 νυκτί.
836 3354 916 3409 Τὰ
934 3355 1062 3424 γοῦν
1095 3355 1266 3427 σεμνά
1292 3356 1390 3427 τῆς
1422 3355 1792 3429 Ἰερουσαλὴμ,

227 3449 292 3503 ιν
324 3441 406 3511 οἷς
438 3447 499 3500 τὸ
529 3449 636 3502 πᾶν
662 3446 809 3510 ἔθνος
831 3444 1011 3500 αὐτῶν
1040 3446 1254 3518 ῆκμασέ
1282 3463 1340 3499 τε
1365 3449 1459 3500 καὶ
1479 3445 1708 3518 ἤνθησεν
1736 3448 1794 3500 ὲν

228 3539 488 3611 ἡμέραις,
513 3537 700 3610 ὥσπερ
732 3537 824 3591 καὶ
862 3536 1002 3607 φωτὶ
1028 3537 1238 3606 γέγονε,
1280 3537 1428 3591 ταῦτ’
1450 3533 1518 3610 ἦν
1552 3539 1618 3592 τά
1650 3538 1794 3608 χίλια

228 3633 350 3704 ίτη.
389 3632 510 3686 Ἐπὶ
535 3633 713 3704 μόνοις
735 3631 841 3704 γάρ
861 3632 1045 3704 χιλίοις
1061 3632 1202 3685 ἔτεσι
1224 3632 1514 3701 συνέστηκε
1542 3631 1794 3704 καὶδιήρ-

227 3737 362 3776 κεσε
396 3721 464 3776 τὰ
495 3723 594 3793 τῆς
635 3723 692 3775 ὲν
719 3721 868 3793 τόπῳ
893 3721 1173 3793 λατρείας·
1203 3720 1238 3775 ἀ
1271 3720 1334 3792 δὴ
1362 3721 1454 3774 καὶ
1485 3719 1792 3792 ἀριθμεῖται

227 3813 422 3868 τοῦτον
447 3813 538 3867 τὸν
584 3813 799 3885 τρόπον.
841 3814 972 3868 Ἀπὸ
1017 3813 1114 3885 μὲν
1135 3813 1236 3885 τῆς
1270 3814 1490 3885 πρώτης
1525 3813 1618 3867 τοῦ
1647 3813 1791 3886 ἱεροῦ

228 3905 576 3975 κατασκευῆς
624 3905 717 3958 καὶ
749 3905 855 3958 τῶν
902 3904 1211 3976 Σολομῶνος
1251 3905 1455 3976 χρόνων
1494 3906 1651 3978 μέχρι
1695 3907 1795 3977 τῆς

229 3996 343 4050 ὑπὸ
369 3995 715 4048 Βαϐυλωνίων
743 3996 1051 4068 πολιορκίας
1083 3995 1178 4066 ἔτη
1213 3995 1500 4065 συνάγεται
1532 3995 1665 4048 υλ6’·
1693 4013 1792 4067 με-

226 4089 303 4143 τὰ
326 4087 574 4141 δὲταῦτα
593 4089 671 4151 εἰς
699 4087 901 4159 ἔρημον
934 4089 1282 4160 περιστάντος
1305 4083 1399 4142 τοῦ
1422 4088 1606 4154 τόπου,
1638 4084 1794 4152 αὖθις

242 4169 455 4250 Ἰησοῦς
487 4178 907 4249 καὶΖοροὸάὸελ,
933 4179 1069 4233 ότοῦ
1102 4177 1386 4250 Σαλαθιήλ,
1420 4178 1558 4233 κατά
1587 4178 1648 4232 τὸ
1670 4177 1792 4232 δεύ-

230 4286 393 4340 τερον
425 4267 539 4332 ἔτος
569 4268 792 4340 Δαρείου
831 4269 920 4322 τοῦ
949 4269 1155 4340 Πέρσου
1188 4269 1467 4323 ἀνανεοῦσι
1497 4268 1588 4322 τὸν
1612 4263 1756 4322 οἷκον
1775 4285 1790 4298 ·

229 4360 296 4426 ἐξ
321 4360 524 4414 ἐκείνου
553 4377 612 4413 τε
646 4360 740 4413 καὶ
770 4360 861 4414 ἐπὶ
892 4359 954 4414 τὸ
988 4362 1463 4416 πεντεκαιδέκατον
1496 4361 1613 4426 ἔτος
1637 4361 1794 4414 Τιϐε-

1820 3123 1870 3187 C

1905 503 2292 569 lautitilitateiit;
2320 505 2421 558 boc
2444 513 2549 569 est,
2606 502 2681 557 Nc
2709 511 2926 559 avertas
2956 520 3053 559 nos
3086 503 3152 558 ad
3181 513 3476 562 extremam

1904 596 2118 650 ruinam
2141 605 2196 653 et
2226 597 2608 652 humilitatem.
2634 595 2717 651 Tu
2751 612 2983 667 namque
3008 597 3059 651 vi
3088 598 3164 652 tui
3198 614 3326 669 erga
3380 598 3478 654 bo-

1901 687 2078 742 mines
2112 687 2315 741 amoris
2346 686 2458 742 haec
2494 685 2700 750 dixisti,
2739 695 2902 760 atque
2956 689 3210 746 omnibus
3245 689 3481 745 homini-

1900 779 2006 836 bus
2033 779 2173 834 banc
2201 779 2639 850 praedicationem
2668 780 2894 834 attulisti
2945 780 3154 848 dicens,
3209 781 3480 838 Converti-

1902 872 2056 935 mini,
2091 871 2193 940 [itii
2232 871 2521 926 hominum.
2553 869 2608 925 Si
2652 871 2835 942 itaque
2863 873 3150 929 clementia
3168 881 3261 928 tua
3286 891 3478 933 omnes

1901 970 2110 1032 gentes,
2167 978 2465 1032 omnesque
2533 963 2672 1019 ﬁlios
2730 964 3008 1019 hominum
3036 968 3306 1034 evocavit,
3346 968 3479 1023 etsi

1901 1071 1996 1111 eos
2023 1057 2114 1126 qui
2141 1055 2268 1110 olim
2298 1056 2395 1111 abs
2421 1065 2472 1110 te
2505 1057 2705 1118 aversi,
2763 1073 2828 1112 ac
2871 1058 3210 1114 dremonibus
3273 1061 3480 1129 spiriti-

1900 1147 2107 1218 busque
2135 1147 2386 1217 malignis
2408 1147 2612 1203 subditi
2639 1158 2815 1214 erant,
2845 1150 2912 1204 ad
2945 1157 2998 1206 te
3021 1151 3474 1221 eonvertijubes;

1901 1254 1970 1294 ne
2003 1255 2102 1293 nos
2120 1239 2412 1302 averseris,
2441 1254 2616 1310 neque
2646 1240 2701 1294 in
2732 1248 3030 1296 extremam
3060 1258 3221 1299 ruere
3248 1246 3478 1302 vastita-

1901 1337 2007 1385 tem
2033 1329 2204 1393 sinas,
2264 1332 2356 1401 qui
2411 1332 2538 1385 olim
2592 1333 2670 1385 tui
2709 1317 3030 1394 fuiunts.'ac
3051 1351 3175 1389 cum
3206 1338 3475 1392 tantillum

1901 1424 2158 1492 temporis
2190 1421 2586 1488 ﬂoruissemus,
2621 1425 2877 1479 torrentis
2897 1425 3070 1478 instar
3097 1426 3473 1482 transivimus.

1900 1513 2034 1569 Nam
2065 1516 2209 1570 mille
2233 1517 2360 1570 anni
2391 1519 2584 1580 nostri,
2644 1518 2801 1589 queis
2848 1518 2985 1573 bene
3026 1533 3138 1573 rem
3181 1519 3474 1589 gessimus,

1901 1608 2236 1664 transierunt
2263 1609 2406 1663 sicut
2433 1609 2550 1665 dies
2579 1610 2858 1675 hesterna,
2893 1626 3014 1682 quae
3033 1613 3311 1683 praeteriit.
3373 1612 3474 1668 llic

1902 1716 2032 1756 vero
2052 1701 2385 1772 perpendere
2421 1702 2568 1766 libet,
2592 1718 2691 1757 cur
2713 1703 2766 1756 lii
2793 1703 2941 1758 mille
2982 1705 3109 1758 anni
3167 1720 3475 1762 memoren-

1901 1800 2009 1850 tur.
2045 1793 2102 1849 Si
2129 1795 2271 1850 enim
2303 1795 2518 1850 dicatur
2545 1795 2658 1850 haec
2690 1796 2754 1850 ad
2781 1797 3008 1868 gloriam
3045 1795 3136 1852 Dei
3159 1813 3299 1863 esse,
3334 1807 3388 1854 et
3405 1799 3473 1854 ad

1900 1887 2286 1958 sempiternam
2311 1885 2404 1942 Dei
2436 1888 2600 1942 vitam
2640 1887 3046 1955 declarandam,
3099 1890 3235 1943 nihil
3289 1892 3471 1962 magni

1900 1979 2004 2034 hoc
2028 1986 2158 2048 puto
2182 1993 2431 2034 sermone
2453 1979 2707 2049 proferri.
2741 1978 2948 2034 Etenim
2983 1995 3083 2036 nec
3099 1995 3260 2036 omne
3297 1997 3474 2037 saaeu-

1899 2067 2034 2132 lum,
2067 2083 2242 2138 neque
2269 2069 2430 2125 etiam
2457 2077 2630 2124 totum
2663 2069 2796 2124 illud
2821 2078 3034 2140 tempus
3082 2069 3226 2140 quod
3248 2087 3277 2125 a
3297 2073 3472 2142 prima

1899 2158 2086 2213 mundi
2119 2159 2393 2215 creatione
2416 2175 2588 2230 usque
2639 2160 2706 2216 ad
2752 2160 2871 2230 ejus
2924 2164 3469 2229 consummationem,

1898 2255 1982 2309 vel
2011 2271 2110 2325 pro
2141 2257 2373 2320 tantillo,
2408 2272 2514 2312 non
2545 2257 2721 2311 dicam
2773 2258 2936 2314 unius
2985 2258 3114 2326 diei,
3167 2259 3263 2316 sed
3310 2261 3471 2316 unius

1899 2343 2234 2401 brevissima:
2291 2347 2437 2401 horae.
2485 2347 2681 2416 spatio,
2736 2345 3047 2402 habendum
3089 2363 3210 2404 esse
3240 2357 3391 2420 puto,
3421 2350 3470 2406 si

1899 2445 2246 2508 comparetur
2273 2454 2396 2493 cum
2429 2438 2520 2492 illa
2549 2438 2668 2494 sine
2707 2438 2977 2508 principio
3025 2447 3080 2494 et
3122 2441 3473 2509 generatione

1897 2530 2009 2584 vita
2043 2529 2158 2591 Dei.
2185 2530 2280 2601 qui
2329 2539 2456 2586 ante
2497 2531 2678 2586 omnia
2733 2531 2931 2586 szecula
2977 2531 3208 2596 exsistit,
3256 2547 3472 2588 necnon

1900 2629 2025 2678 ante
2055 2636 2270 2677 omnem
2294 2622 2679 2693 cogitationem
2736 2623 2820 2678 vel
2865 2622 2920 2676 in
2982 2622 3253 2678 inﬁnitum
3283 2634 3474 2679 exten-

1899 2731 2046 2781 sam;
2075 2715 2277 2786 quique
2299 2717 2481 2771 omnia
2505 2715 2708 2780 futura,
2750 2708 2961 2771 inﬁnita
3017 2723 3072 2771 et
3123 2717 3471 2772 interminata

1898 2807 2096 2862 saacula
2117 2807 2403 2862 duratioue
2457 2806 2686 2863 excedit.
2730 2807 3092 2873 Quamobrem
3143 2807 3304 2862 aliam
3336 2808 3469 2862 mihi

1897 2898 2218 2953 sententiam
2271 2897 2482 2952 videtur
2551 2899 2666 2952 inec
2729 2899 2906 2952 oratio
2964 2914 3288 2970 suggerere,
3343 2914 3469 2953 cum

1897 2993 2154 3063 populum
2187 2991 2253 3046 ad
2289 2991 2406 3048 haec
2431 2990 2659 3047 dicenda
2718 2991 2993 3047 instituit:
3028 2991 3290 3059 Quoniam
3322 2991 3472 3046 mille

1899 3085 2024 3138 anni
2047 3084 2102 3137 in
2129 3083 2292 3138 oculis
2324 3084 2450 3148 tuis,
2487 3091 2737 3153 tanquam
2766 3082 2876 3137 dies
2900 3082 3164 3148 hesterna,
3189 3099 3304 3152 quae
3333 3099 3470 3151 pra:-

1900 3176 2060 3240 teriit,
2092 3185 2138 3228 et
2173 3173 2414 3228 custodia
2449 3175 2505 3228 in
2537 3183 2705 3229 nocte.
2733 3172 3054 3230 Veneranda
3075 3190 3208 3244 ergo
3240 3155 3330 3228 illa
3346 3191 3468 3244 qua:

1896 3268 1950 3323 in
1984 3267 2288 3324 Jerusalem
2326 3274 2503 3331 erant,
2536 3267 2737 3337 quibus
2772 3275 2882 3320 tota
2922 3282 3055 3338 gens
3103 3266 3192 3320 illa
3243 3264 3470 3320 ﬂorebat

1894 3368 1948 3415 et
1969 3361 2139 3414 multo
2167 3361 2376 3414 dierum
2407 3359 2680 3414 curriculo
2707 3359 2844 3415 bene
2876 3375 2988 3414 rem
3015 3358 3258 3430 gerebat,
3308 3357 3467 3426 quasi

1896 3452 1948 3506 in
1975 3453 2094 3507 luce
2124 3451 2363 3522 degens;
2389 3451 2526 3516 haec,
2555 3452 2800 3522 inquam,
2863 3467 2961 3522 pro
3011 3451 3157 3505 mille
3183 3451 3341 3506 annis
3368 3449 3468 3504 ha-

1894 3543 2099 3619 benda.
2141 3542 2276 3597 Nam
2338 3544 2497 3600 annis
2538 3543 2686 3599 mille
2747 3543 3011 3598 duntaxat
3063 3543 3241 3599 cultus
3274 3543 3380 3598 hoc
3408 3543 3466 3598 in

1894 3635 2014 3690 loco
2061 3644 2298 3691 statutus
2334 3635 2554 3690 duravit
2600 3643 2654 3690 et
2704 3635 2948 3690 constitit
2986 3654 2998 3688 :
3033 3635 3125 3706 qui
3186 3633 3315 3690 anni
3361 3634 3466 3689 hoc

1893 3734 2051 3799 pacto
2081 3735 2452 3782 nmnerantur.
2513 3727 2557 3779 A
2609 3727 2780 3796 prima
2827 3727 3009 3796 templi
3060 3726 3378 3781 t‘undatione
3409 3733 3467 3781 et

1895 3819 2230 3888 temporibus
2285 3818 2615 3882 Salomonis,
2683 3818 2751 3872 ad
2809 3833 2984 3888 usque
3045 3817 3464 3889 Babyloniorum

1893 3911 2253 3975 obsidionem,
2269 3912 2396 3965 anni
2418 3918 2805 3981 computantur
2827 3909 3210 3980 quadringenti
3237 3909 3463 3980 triginta

1893 4005 2021 4060 duo.
2055 4003 2184 4060 Post
2207 4004 2321 4058 ha'c
2349 4010 2528 4058 autem
2551 4017 2674 4057 cum
2706 4002 2858 4056 locus
2881 4001 2935 4055 in
2971 4001 3318 4057 solitudinem
3349 4015 3465 4055 ver-

1894 4111 1989 4152 sus
2004 4102 2168 4162 esset,
2199 4109 2414 4149 rursum
2429 4091 2589 4148 Jesus
2606 4101 2658 4148 et
2677 4092 2998 4158 Zorobabel,
3019 4093 3160 4148 ﬁlius
3181 4091 3461 4157 Salathiel,

1895 4199 2042 4240 anno
2081 4183 2322 4240 secundo
2369 4183 2515 4238 Darii
2562 4181 2740 4239 Persa:
2774 4184 2994 4239 domum
3059 4192 3458 4240 restaurarunt.

1893 4277 1976 4333 Ab
2000 4278 2093 4332 illo
2119 4285 2297 4332 autem
2329 4284 2570 4345 tempore
2603 4291 2775 4346 usque
2807 4275 2874 4329 ad
2905 4276 3156 4344 quintum
3190 4276 3460 4330 decimum

1895 4384 2097 4422 annum
2125 4366 2328 4422 Tiberii
2353 4365 2606 4428 Caesaris,
2643 4365 2976 4434 colliguntur
2995 4365 3122 4417 anni
3179 4361 3461 4434 quingenti

229 4453 355 4526 ρίου
405 4453 678 4522 Καίσαρος
710 4453 805 4524 ἔτη
861 4454 1144 4522 συνάγεται
1176 4461 1336 4525 φμτγο
1384 4454 1524 4508 ὥστε
1559 4451 1693 4508 εἶναι
1724 4454 1794 4508 τά

1897 4457 2249 4529 quadraginta
2273 4465 2326 4511 et
2347 4463 2506 4519 octo;
2533 4454 2604 4508 ita
2634 4461 2692 4507 ut
2717 4467 2908 4507 omnes
2937 4453 3004 4507 ad
3034 4467 3300 4507 summam
3323 4467 3461 4506 non-

226 4548 414 4601 πάντα
442 4549 562 4614 ἒπα
602 4546 846 4617 Διέμεινέ
874 4564 932 4600 τε
956 4544 1324 4617 χειμαζομένη
1360 4548 1454 4600 καὶ
1488 4545 1794 4602 ἀστατοῦσα

224 4641 264 4713 ἠ
305 4639 457 4702 πόλις
492 4639 627 4710 μετά
665 4638 761 4710 τὴν
801 4638 940 4692 κατά
967 4638 1058 4692 τοῦ
1093 4639 1340 4710 Σωτῆρος
1375 4639 1532 4711 ἡμῶν
1571 4639 1791 4692 ἐπιϐου-

221 4731 331 4804 λὴν
363 4731 538 4786 αὐτῶν
588 4732 792 4803 ἑτέροις
818 4731 960 4784 ἔτεσι
997 4732 1067 4801 μ”
1103 4730 1217 4802 μεθ’
1247 4730 1283 4784 ἃ
1323 4733 1352 4784 ό
1388 4731 1650 4803 παντελὴς
1697 4732 1793 4785 αύ-

222 4826 358 4887 τοῦς
410 4823 671 4894 μετῆλθεν
716 4823 954 4894 ὄλεθρος,
993 4822 1087 4876 καὶ
1122 4821 1382 4893 ήὺστάτη
1427 4823 1726 4894 πολιορκία,
1759 4825 1791 4894 ἡ
1825 4895 1829 4900 τ

223 4917 339 4971 ὑπὸ
372 4918 650 4988 Ῥωμαίων
673 4915 936 4987 γενομένη
963 4915 1101 4969 κατά
1122 4915 1278 4969 Τίτον
1323 4915 1416 4969 καὶ
1455 4917 1792 4970 Οὐεσπασια-

221 5011 322 5066 νὸν
360 5009 777 5082 αὐτοκράτορας.
1787 5051 1790 5054 .

303 5101 465 5156 Ταῦτ’
495 5097 586 5154 οὖν
612 5098 679 5174 ἦν
705 5102 775 5156 τὰ
804 5101 947 5173 χίλια
972 5100 1066 5172 ἔτη
1101 5102 1228 5174 περὶ
1253 5095 1328 5155 ὦν
1355 5101 1588 5173 εἴρηται,
1631 5102 1726 5166 Ὠς
1754 5102 1790 5169 ἡ

219 5194 422 5266 ἡμέρα
445 5195 484 5262 ή
523 5193 718 5264 ἐχθὲς,
754 5194 886 5262 ἣτις
917 5193 1143 5261 διῆλθε.
1177 5194 1460 5248 Διελθόντα
1489 5194 1596 5266 γὰρ
1621 5193 1791 5246 ταῦτα

220 5287 328 5344 καὶ
363 5286 556 5357 μηκέτι
597 5286 726 5340 ὄντα
757 5286 1140 5340 άποκλαίονται
1169 5289 1218 5340 ol
1243 5285 1330 5340 διά
1354 5287 1452 5358 τῆς
1488 5285 1790 5357 προσευχῆς

215 5378 322 5433 τὸν
352 5375 482 5430 Θεὸν
521 5378 812 5449 ἱλεούμενοι
836 5397 849 5410 ο
881 5377 1015 5434 ἀλλά
1038 5381 1129 5434 καὶ
1159 5379 1234 5443 ὡς
1263 5378 1506 5447 φυλακὴν
1545 5395 1790 5448 νυκτερι-

218 5472 328 5543 νὴν
359 5469 531 5524 ταῦτά
563 5489 691 5541 φασι
722 5472 790 5526 τά
811 5473 956 5544 χίλια
987 5474 1078 5545 ἐτη
1112 5473 1555 5545 παρεληλυθέναι.
1588 5471 1790 5542 Λύχνος

218 5567 339 5636 γὰρ
367 5561 484 5636 ἦνό
526 5566 799 5630 Μωῡσέως
845 5567 1004 5639 νόμος
1047 5571 1102 5623 ἐν
1146 5569 1296 5622 νυκτὶ
1329 5567 1532 5637 φαίνων
1574 5568 1784 5630 αὐτοῖς·

219 5659 364 5711 ἀλλὰ
392 5658 484 5710 καὶ
508 5661 554 5710 οἱ
583 5659 878 5730 προφῆται,
912 5663 959 5713 οἱ
996 5658 1131 5731 μετά
1152 5659 1411 5722 Μωῡσέα,
1440 5658 1618 5728 λύχνοι
1651 5653 1789 5728 ἦσαν

221 5752 257 5810 ἢ
295 5749 390 5804 καὶ
413 5751 635 5815 ἀστέρες
668 5752 724 5804 ὲν
777 5752 929 5806 νυκτὶ
963 5751 1259 5813 φαίνοντες.
1290 5750 1440 5805 οὔπω
1489 5751 1580 5805 τοῦ
1615 5751 1788 5809 φωτὸς

1893 4557 2176 4620 gentorum
2209 4555 2262 4602 οι
2287 4546 2562 4616 ocIOginta
2603 4551 2986 4614 supputentur.
3046 4541 3176 4598 Post
3230 4541 3460 4599 insidias

1891 4656 2022 4697 vero
2050 4640 2118 4695 ab
2146 4639 2214 4695 iis
2233 4646 2422 4694 contra
2449 4637 2780 4692 Salvatorem
2807 4645 3052 4690 nostrum
3084 4642 3342 4700 structas,
3366 4643 3458 4689 tu-

1893 4729 2151 4784 multibus
2185 4735 2237 4783 et
2269 4727 2626 4783 seditionibus
2655 4726 2854 4797 agitata
2876 4725 3086 4791 civitas,
3118 4724 3295 4779 adhuc
3323 4739 3459 4796 qua-

1893 4821 2138 4893 draginta
2162 4820 2320 4875 annis
2342 4821 2636 4890 permansit
2669 4817 2907 4888 :quibus
2966 4817 3187 4886 elapsis.
3223 4819 3457 4872 accessit

1893 4921 2134 4969 extrema
2161 4928 2347 4970 eorum
2376 4910 2662 4982 pernicies,
2693 4917 2746 4963 et
2776 4909 2966 4962 ultima
2992 4907 3226 4974 obsidio,
3256 4906 3376 4962 Tito
3402 4916 3456 4963 et

1895 5006 2229 5078 Vespasiano
2259 5004 2697 5076 imperatoribus,
2729 5017 2758 5055 a
2783 4999 3049 5056 Romanis
3083 5000 3242 5055 facta.

1965 5099 2027 5153 Hi
2071 5101 2248 5170 itaque
2299 5097 2444 5154 mille
2497 5096 2626 5150 anui
2671 5102 2848 5159 erant,
2897 5094 2964 5149 de
3007 5091 3207 5162 quibus
3231 5091 3450 5157 dicitur,

1897 5194 2166 5264 Tanquam
2199 5191 2308 5246 dies
2330 5191 2570 5245 hesterna
2593 5203 2709 5259 qua:
2733 5187 3006 5256 praeteriit.
3035 5183 3169 5239 Nam
3206 5185 3326 5239 illos
3350 5198 3450 5237 an-

1892 5303 1993 5341 nos
2017 5300 2112 5340 ceu
2147 5283 2443 5355 praeteritos
2469 5289 2524 5337 et
2548 5282 2760 5350 elapsos
2781 5270 3084 5349 deplorant,
3129 5277 3221 5346 qui
3253 5277 3304 5328 in
3325 5289 3450 5327 ora.

1893 5378 2214 5451 tionelbeum
2229 5376 2441 5447 placare
2453 5381 2719 5429 conantur
2738 5390 2753 5439 ;
2771 5371 2878 5426 imo
2889 5371 3049 5426 etiam
3062 5367 3214 5439 quasi
3229 5371 3456 5418 noctur-

1891 5490 2017 5530 nam
2049 5471 2372 5537 custodiam,
2405 5469 2551 5524 rnille
2578 5483 2752 5523 annos
2777 5468 2899 5523 illos
2941 5462 3208 5521 emuxisse
3236 5458 3446 5512 dicunt.

1894 5564 2024 5618 Nam
2060 5561 2260 5632 Moysis
2291 5561 2375 5616 lex
2403 5559 2626 5614 lucerna
2648 5565 2766 5612 erat
2824 5557 2880 5610 in
2942 5561 3100 5607 nocte
3156 5547 3451 5618 Splcndens

1892 5656 2060 5728 ipsis;
2091 5653 2508 5725 prophetmitem
2537 5651 2628 5720 qui
2661 5657 2780 5721 post
2807 5646 3041 5730 Moysem
3077 5642 3314 5698 fuerunt.
3355 5640 3454 5692 .lu-

1891 5763 2066 5803 cernat
2092 5754 2268 5806 erant,
2300 5746 2412 5800 sive
2455 5743 2620 5798 stellae
2679 5741 2734 5798 in
2796 5743 2952 5792 nocte
2978 5735 3274 5797 fulgentes,
3324 5745 3449 5785 cum
