3988 6204
517 298 660 357 H55

1188 296 1458 384 ΕυὸΕωί
1496 296 1973 354 ΟιΕδᾹΚΙΕΝδΙὸ
2013 296 2162 353 OPP.
2216 296 2396 353 PARS
2436 296 2521 352 Ill.
2551 328 2621 338 —
2651 295 3057 353 EXEGETICA.

3592 301 3736 357 H36

517 421 758 476 nondum
786 419 875 473 lux
911 420 1126 484 solaris,
1164 420 1215 474 id
1265 429 1348 475 est
1399 421 1655 477 salutaris
1720 420 1900 487 Verbi,
1946 437 2072 491 pro-

2173 416 2265 472 τοῦ
2297 416 2537 490 ἡλιακοῦ,
2570 418 2811 471 τουτέστι
2856 417 2950 470 τοῦ
2980 418 3244 489 σωτηρίου
3286 416 3478 487 Λόγου,
3512 420 3616 490 τὴν
3655 420 3744 472 oi-

515 514 691 584 priam
710 511 851 567 diem
877 526 940 565 ac
970 512 1250 567 meridiem
1283 512 1538 568 omnibus
1587 512 1838 583 gentibus
1883 513 2075 580 lucere

518 602 758 657 fecisset.
781 599 1039 656 Custodia
1066 616 1203 657 avero
1233 609 1520 666 nocturna,
1574 601 1844 672 quoddam
1899 599 2078 656 noctis

514 703 730 767 tempus
758 703 1000 750 vocatur.
1032 692 1148 749 Hoc
1164 709 1327 764 porro
1370 694 1640 765 intelligas
1667 707 1734 748 ex
1765 692 2076 762 Evangelia,

512 787 572 842 in
606 801 715 856 quo
738 785 942 841 dictum
991 794 1075 840 est
1103 803 1116 839 :
1149 784 1356 851 Quarta
1406 794 1580 838 autem
1620 783 1863 838 custodia
1908 784 2080 838 noctis

515 881 651 935 venit
670 878 826 934 Iesus
849 876 1126 933 ambulans
1160 893 1321 947 supra
1359 893 1504 932 mare
1530 876 1572 909 ’ν
1598 893 1618 941 ;
1647 891 1710 933 ac
1749 892 1988 944 rursum,
2020 876 2081 934 Si

514 974 671 1028 sciret
684 970 1073 1042 paterfamilias
1091 986 1192 1041 qua
1216 971 1454 1024 custodia
1473 971 1560 1039 fur
1574 970 1841 1026 veniret".
1863 968 1928 1051 Hi
1951 985 2080 1041 ergo

513 1066 661 1120 mille
692 1064 820 1120 anni
853 1079 959 1119 non
990 1063 1150 1119 modo
1180 1063 1307 1123 diei,
1336 1078 1455 1132 qua:
1500 1063 1757 1132 praeteriit
1796 1078 1894 1119 nec
1938 1064 2077 1118 ultra

513 1156 750 1221 exsistit,
781 1171 885 1212 con
894 1154 1143 1210 feruntur
1162 1172 1175 1220 ;
1190 1155 1283 1210 sed
1304 1155 1464 1209 etiam
1481 1154 1705 1210 modicae
1720 1156 1894 1210 noctis
1906 1155 2075 1224 parti;

512 1250 590 1304 ita
620 1255 678 1302 ut
701 1262 809 1301 non
842 1248 1049 1317 integra
1084 1262 1211 1307 nox,
1233 1246 1323 1301 sed
1353 1245 1473 1315 ejus
1509 1261 1635 1316 pars
1658 1246 1987 1311 declaretur,
2020 1247 2075 1301 in

516 1355 627 1412 qua
678 1339 982 1396 custodiam
1039 1338 1287 1408 corporei
1322 1337 1456 1408 legis
1477 1337 1657 1392 cultus
1690 1337 2073 1393 observabant.

518 1429 633 1486 Sub
661 1429 775 1485 haec
798 1428 999 1484 dicitur
1030 1445 1042 1480 :
1080 1429 1212 1496 Quae
1236 1444 1329 1498 pro
1365 1427 1529 1481 nihilo
1566 1428 1821 1483 habentur
1870 1443 2071 1492 eorum,

515 1525 642 1581 anni
694 1532 861 1578 erant.
925 1521 1130 1578 Horum
1182 1522 1315 1576 mihi
1362 1522 1477 1577 haec
1535 1521 1749 1577 videtur
1807 1519 2075 1576 sententia

514 1630 682 1673 esse:
734 1614 875 1669 Anni
916 1629 1104 1671 eorum
1160 1629 1260 1684 pro
1304 1613 1475 1667 nihilo
1525 1619 1706 1668 erunt.
1764 1610 1885 1666 Non
1927 1612 2072 1666 enim

514 1707 741 1763 ulterius
769 1707 899 1762 anni
949 1706 1029 1760 illi
1086 1707 1140 1760 in
1205 1706 1414 1760 honore
1465 1714 1643 1767 erunt,
1687 1718 1793 1761 non
1822 1703 2069 1766 curandi,

2178 512 2329 566 κείαν
2352 512 2565 583 ἡμέραν
2596 528 2655 563 τε
2689 510 2781 564 καὶ
2834 509 3177 582 μεσημϐρίαν
3214 511 3345 563 πᾶσι
3374 514 3483 575 τοῖς
3520 511 3742 565 ἔθνεσιν

2175 603 2597 675 ἐπιλάμψαντος.
2625 602 2842 673 Φυλακὴ
2873 602 2930 656 δὲ
2972 601 3258 674 νυκτερινὴ
3303 602 3491 673 καιρὸς
3520 602 3746 673 ιῖονόμιιι·⁸

2177 712 2299 748 σται
2324 694 2426 764 τῆς
2460 693 2649 756 νυκτός
2667 709 2681 724 ⁸
2704 692 2862 746 τοῦτο
2894 692 2950 747 δὲ
2980 695 3191 764 νοήσεις
3220 693 3325 747 ἀπὸ
3348 692 3441 746 τοῦ
3484 693 3741 761 Βύαγγε-

2175 786 2309 847 λίου,
2332 787 2391 839 ἐν
2413 778 2457 853 ᾧ
2482 785 2692 856 εἴρηται
2707 801 2722 814 ·
2755 783 3004 853 Τετάρτῃ
3027 783 3097 837 δὲ
3126 782 3369 853 φυλακῇ
3387 783 3497 853 τῆς
3516 785 3746 851 νυκτὸς

2175 875 2361 950 ἦλθεν
2397 881 2431 933 ὁ
2466 878 2686 947 Ἰησοῦς
2740 876 3071 946 περιπατῶν
3100 877 3197 931 ἐπὶ
3237 876 3345 946 τῆς
3381 877 3708 946 θαλάσσης
3726 894 3743 907 °

2178 972 2270 1027 καὶ
2305 972 2493 1026 πάλιν·
2527 973 2596 1027 El
2628 971 2757 1041 ᾔδει
2800 974 2834 1025 ὀ
2861 970 3287 1039 οἰκοδεσπότης
3319 968 3461 1040 ποίᾳ
3488 970 3745 1040 φυλακῇ

2175 1068 2209 1118 ὁ
2254 1064 2521 1133 κλέπτης
2565 1063 2815 1133 ἔρχεται.
2843 1061 3101 1134 Δηλοῦται
3145 1063 3323 1117 τοίνυν
3352 1062 3424 1115 τὰ
3452 1063 3599 1133 χίλια
3638 1063 3741 1134 ἐτη

2176 1154 2276 1225 οὐχ
2299 1154 2373 1218 ὡς
2395 1153 2627 1226 ἡμέραή
2658 1152 3018 1225 παρελθοῦσα,
3047 1154 3141 1207 καὶ
3167 1152 3356 1224 μηκέτ’
3379 1150 3511 1208 οὖσα
3553 1155 3741 1225 μόνον,

2176 1244 2311 1297 ἀλλὰ
2346 1244 2439 1298 καὶ
2470 1244 2547 1308 ὡς
2586 1243 2758 1316 βραχύ
2787 1261 2841 1297 τι
2878 1244 3061 1315 μόριον
3099 1243 3311 1308 νυκτὸς,
3336 1244 3411 1307 ὡς
3436 1245 3575 1316 μηδὲ
3609 1246 3744 1316 ὅλην

2177 1336 2347 1390 νύκτα
2378 1336 2585 1407 νοῆσαι,
2630 1335 2767 1389 ἀλλὰ
2807 1334 2968 1407 μέρος
3006 1350 3059 1388 τι
3089 1334 3311 1406 ταύτης,
3346 1338 3405 1389 ἐν
3429 1328 3474 1404 ᾧ
3499 1337 3604 1408 τὴν
3633 1354 3742 1407 φυ-

2174 1424 2343 1496 λακὴν
2367 1424 2463 1496 τῆς
2494 1426 2806 1497 σωματικῆς
2832 1425 2928 1480 τοῦ
2969 1427 3129 1497 νόμου
3156 1426 3409 1499 λατρείας
3433 1431 3737 1499 περιεῖπον.

2174 1518 2397 1583 Τούτοις
2443 1517 2572 1590 ἑξῆς
2617 1518 2864 1592 εἴρηταιο
2920 1521 2995 1574 Τὰ
3049 1519 3493 1590 ὲξουδενώματα
3537 1521 3749 1576 αὐτῶν

2172 1610 2275 1678 ἐτη
2303 1607 2562 1663 ἔσονται.
2589 1611 2745 1664 Δοκεῖ
2769 1611 2975 1682 μοικαὶ
3006 1612 3039 1683 ή
3065 1606 3263 1665 τούτων
3283 1612 3490 1666 διάνοια
3512 1614 3742 1687 τοιαύτη

2175 1716 2257 1765 τις
2287 1697 2425 1755 εἷναι
2448 1719 2461 1732 ·
2493 1701 2573 1755 Τὰ
2594 1700 2686 1773 ἔτη
2718 1701 2896 1756 αὐτῶν
2925 1701 3327 1774 ὲξουδενὼματα
3359 1703 3593 1759 ἔσονται.
3625 1706 3745 1759 Οὐκ

516 1813 625 1851 non
657 1797 953 1852 necessarii
1002 1796 1387 1862 habebuntur;
1443 1794 1534 1849 sed
1580 1794 1819 1863 despecti
1868 1808 1932 1850 ac
1980 1809 2074 1865 pro

2178 1789 2257 1843 ἐτι
2290 1792 2400 1863 γὰρ
2450 1792 2643 1864 ἔντιμα
2688 1792 2801 1865 ἐτη,
2835 1794 2956 1848 οὐδὲ
2999 1795 3253 1849 σπουδαῖα
3304 1797 3399 1851 καὶ
3442 1798 3743 1867 ἀναγκαῖα,

513 1887 684 1943 nihilo
743 1890 974 1960 reputati
1024 1897 1203 1944 erunt.
1257 1885 1540 1953 Quomodo
1588 1895 1770 1943 autem
1818 1885 1944 1940 anni
1981 1901 2075 1940 eo-

513 1994 633 2033 rum
672 1994 770 2049 pro
815 1979 985 2033 nihilo
1037 1978 1318 2049 reputandi
1373 1977 1503 2039 sint,
1550 1975 1807 2047 deinceps
1834 1975 2075 2030 declarat

514 2069 742 2125 dicens:
781 2070 938 2126 Mane
1012 2071 1149 2124 sicut
1225 2068 1387 2124 herba
1450 2077 1722 2136 transeat,
1771 2082 1924 2123 mane
1976 2069 2071 2137 ﬂo-

513 2169 625 2214 reat
650 2168 701 2214 et
726 2169 980 2225 transeat,
1005 2174 1208 2228 vespere
1240 2157 1467 2221 decidat,
1499 2158 1709 2212 induret
1743 2166 1796 2212 et
1829 2166 2072 2221 arescat,

510 2252 635 2322 quia
668 2251 951 2322 defecimus
980 2252 1035 2305 in
1067 2253 1150 2305 ira
1174 2260 1283 2306 tua.
1308 2250 1449 2306 Olim
1474 2251 1715 2321 quidem,
1734 2251 1829 2318 ait,
1857 2251 2077 2322 quando

511 2357 601 2399 res
632 2353 836 2399 nostra;
855 2343 1137 2399 exordium
1169 2341 1462 2408 ducebant,
1493 2351 1547 2399 et
1580 2343 1636 2397 in
1671 2344 1938 2397 matutino
1957 2358 2078 2398 era—

509 2449 656 2499 mus,
686 2435 843 2505 quasi
867 2434 1034 2491 herba
1068 2433 1269 2490 fuimus
1300 2452 1314 2487 :
1362 2431 1457 2487 sed
1497 2447 1622 2488 cum
1675 2433 1768 2487 illa
1802 2433 2077 2504 generatio

509 2526 882 2596 prasteriisset,
905 2526 1071 2581 herba
1113 2524 1351 2581 transiit.
1386 2524 1500 2581 Sub
1529 2525 1644 2581 haec
1672 2534 1855 2582 autem
1889 2524 2076 2581 ﬂorui-

509 2628 653 2681 mus,
685 2626 739 2674 et
770 2618 1003 2688 amplius
1030 2616 1161 2693 quid
1187 2630 1251 2671 ac
1275 2616 1453 2687 majus
1481 2631 1645 2689 quam
1677 2617 1900 2672 herbam
1930 2616 2077 2671 nacti

510 2725 733 2775 sumus,
769 2710 846 2764 ita
896 2717 955 2765 ut
1007 2711 1108 2767 llos
1155 2711 1212 2766 in
1269 2710 1431 2766 nobis
1468 2710 1836 2780 reperiretur:
1884 2716 1939 2762 at
1990 2708 2079 2762 hic

512 2817 730 2872 quoque
759 2801 861 2859 llos
890 2803 1166 2873 prmteriit.
1202 2801 1470 2859 Extremis
1520 2817 1652 2859 vero
1702 2800 2036 2871 temporibus
2058 2840 2074 2865 ,

512 2892 794 2948 occidente
822 2908 1047 2964 prorsus
1080 2892 1238 2948 nobis
1274 2891 1512 2953 lumine,
1565 2905 1690 2944 cum
1722 2904 1825 2944 nos
1851 2901 2078 2957 vespera

510 2995 853 3056 occupasset,
870 2985 1171 3042 escidimus
1207 2998 1436 3056 prorsus
1469 2982 1728 3038 exsiccati
1752 2988 1806 3037 et
1828 2979 2074 3047 arefacti;

511 3077 675 3140 idque
699 3077 938 3148 perpessi
966 3092 1177 3140 sumus.
1215 3076 1353 3142 Quia
1374 3076 1656 3144 defecimus
1672 3075 1727 3129 in
1749 3074 1833 3128 ira
1859 3082 1950 3127 tua
1972 3112 1987 3139 ,
2026 3079 2077 3127 et

509 3169 564 3224 in
592 3170 769 3240 furore
802 3179 892 3225 tuo
925 3168 1126 3223 turbati
1171 3184 1373 3224 sumus.
1411 3167 1723 3223 Secundum
1755 3166 1913 3220 aliam
1940 3179 2066 3221 vero

508 3260 834 3317 sententiam
861 3268 1040 3333 potest
1062 3260 1197 3315 dicti
1224 3260 1388 3329 hujus
1420 3260 1644 3331 physica
1672 3257 1816 3312 ratio
1867 3254 2073 3325 aﬂ‘erri;

507 3349 655 3421 quod
703 3350 912 3407 scilicet
964 3350 1203 3405 humana
1239 3356 1431 3403 natura
1462 3349 1516 3402 in
1565 3348 1850 3418 iuventute
1901 3346 2079 3401 instar

511 3441 692 3496 h'erbae
727 3448 928 3496 tenera:
981 3440 1247 3512 pullulet:
1285 3446 1474 3509 postea
1506 3453 1636 3494 vero
1688 3438 1742 3493 in
1766 3437 1943 3492 astatis
1988 3437 2072 3491 vi-

508 3544 647 3601 gore.-
662 3528 885 3597 ﬁoreat;
936 3539 1212 3600 postremo
1242 3538 1424 3586 autem
1457 3530 1514 3583 in
1545 3528 1842 3585 senectutis
1885 3527 2075 3582 limine

509 3622 745 3688 decidat,
776 3638 876 3678 nec
907 3624 1012 3677 alio
1071 3622 1230 3678 modo
1255 3664 1269 3689 ,
1328 3637 1491 3694 quam
1523 3622 1652 3692 quia
1693 3621 1924 3691 primum
1966 3636 2075 3691 prae

510 3721 792 3769 senectute
824 3712 1075 3768 indurata
1103 3712 1310 3777 fuerat,
1344 3728 1409 3767 ac
1437 3721 1624 3782 postea
1656 3712 1873 3782 penitus
1897 3713 2076 3765 exsic-

511 3815 664 3871 cata;
720 3813 773 3859 et
822 3804 968 3875 quod
1010 3819 1232 3873 vespera
1288 3803 1622 3875 signiﬁcetur
1658 3811 1899 3858 extrema
1951 3802 2077 3857 vitae

514 3898 781 3952 hmanas.

579 4087 747 4145 Vsus.
780 4089 931 4147 8-10.
978 4089 1212 4146 Posuisti
1239 4091 1541 4162 iniquitates
1582 4100 1792 4148 nostras
1847 4095 1901 4148 in
1949 4109 2072 4151 con-

507 4191 685 4251 spectu
722 4192 809 4237 tuo
839 4198 858 4237 :
889 4181 1140 4237 saxulum
1171 4192 1407 4237 nostrum
1445 4184 1499 4238 in
1527 4184 1918 4241 illuminatioue
1953 4188 2071 4242 cul-

507 4279 594 4327 tus
619 4273 717 4329 tui.
753 4272 1016 4340 Quoniam
1040 4289 1216 4328 omnes
1238 4273 1348 4328 dies
1388 4275 1555 4329 nostri
1595 4273 1911 4344 defecerunt,
1936 4291 1986 4332 et
2016 4277 2072 4332 in

506 4368 592 4422 ira
620 4375 712 4421 tua
738 4367 1040 4438 defecimus.
1077 4365 1461 4439 Symmachus,
1487 4366 1792 4438 Apposuisti
1814 4368 2068 4441 iniquita-

508 4468 584 4515 tes
616 4469 823 4516 nostras
852 4460 907 4515 in
947 4469 1219 4531 conspectu
1259 4468 1367 4526 tuo,
1402 4460 1742 4533 negligentia:
1771 4471 1979 4517 nostras
2011 4471 2070 4517 ut

2177 1880 2290 1936 ἀλλ’
2319 1881 2709 1956 ἐξουθενημένα
2745 1884 2839 1938 καὶ
2869 1887 2949 1948 είς
2978 1884 3039 1938 τὸ
3071 1884 3233 1957 μηδεν
3263 1884 3619 1958 λελογισμένα
3644 1905 3741 1957 γε-

2174 1975 2411 2047 νήσεται.
2442 1975 2564 2039 Πῶς
2593 1976 2650 2029 δέ
2681 1978 2760 2040 εἰς
2787 1976 2936 2030 οὐδὲν
2958 1976 3308 2049 λελογισμένα
3328 1980 3619 2050 γενήσεται
3637 1981 3745 2035 αὐ-

2174 2064 2279 2118 τῶν
2326 2065 2392 2119 τὰ
2436 2064 2550 2137 ἐτη,
2578 2066 2832 2136 διασαφεῖ
2876 2067 3049 2136 λέγων
3093 2067 3248 2140 ἑξῆς
3284 2069 3357 2124 Τὸ
3404 2071 3556 2140 πρωῒ
3580 2072 3666 2138 ὡς
3702 2073 3742 2140 ἡ

2175 2159 2326 2226 χλόη
2349 2156 2649 2226 παρέλθοι,
2672 2158 2739 2212 τὸ
2761 2160 2909 2228 πρωῒ
2929 2158 3185 2229 ἀνθήσαι
3208 2160 3306 2215 καί
3328 2162 3612 2231 παρέλθοι
3632 2180 3646 2195 ·
3673 2165 3749 2218 τὸ

2174 2246 2432 2317 ἑσπέρας
2465 2248 2777 2315 ἀποπέσοι,
2816 2253 3213 2320 σκληρυνθείη
3263 2253 3363 2307 καί
3393 2253 3742 2323 ξηρανθείη,

2175 2340 2262 2395 ὅτι
2280 2342 2632 2411 ἐξελίπομεν
2652 2341 2721 2395 ἐν
2748 2341 2824 2411 τῇ
2844 2341 2990 2412 ὀργῇ
3019 2360 3154 2398 σου.
3182 2344 3356 2399 Πάλαι
3382 2346 3478 2416 μὲν
3496 2342 3614 2408 οὖν,
3636 2364 3743 2418 φη-

2177 2433 2278 2486 σὶν.
2310 2433 2398 2487 ὅτε
2428 2433 2600 2505 ἀρχὰς
2627 2429 2737 2504 εἶχε
2767 2434 2835 2488 τὰ
2860 2428 2980 2489 ἰαθ⁸
3010 2437 3155 2507 ἡμᾶς
3178 2438 3271 2491 καὶ
3289 2440 3348 2492 ἐν
3367 2440 3549 2511 πρωῒᾳ
3575 2435 3744 2511 ἦμεν,

2175 2521 2474 2594 γεγόναμεν
2500 2523 2574 2587 ὡς
2596 2525 2626 2594 ἡ
2647 2523 2773 2595 Χλόη
2793 2541 2807 2555 ο
2838 2524 2972 2578 ἀλλὰ
3001 2527 3373 2601 παρελθούσης
3399 2528 3615 2601 ἐκείνης
3642 2531 3748 2601 τῆς

2176 2615 2389 2683 γενεᾶς,
2414 2613 2685 2686 παρῆλθεν
2717 2617 2750 2687 ἡ
2782 2615 2932 2688 χλόη.
2958 2618 3113 2673 Μετὰ
3134 2618 3305 2673 ταῦτα
3323 2620 3381 2674 δὲ
3402 2620 3746 2693 ὴνθήσαμεν,

2180 2705 2363 2777 μεῖζόν
2385 2723 2445 2759 τε
2475 2708 2569 2761 καὶ⁹
2604 2708 2763 2763 πλέον
2797 2704 2897 2779 τῆς
2924 2708 3085 2781 χλόης
3114 2711 3445 2781 ἐσχήκαμεν,
3481 2712 3623 2766 ὥστε
3643 2712 3749 2765 καὶ

2178 2795 2337 2861 ἄνθος
2377 2799 2437 2851 ἐν
2470 2800 2598 2869 ἡμῖν
2638 2796 2926 2871 εὑρεθῆναι
2947 2816 2961 2831 ’
2995 2802 3088 2855 καὶ
3122 2801 3280 2856 τοῦτο
3313 2803 3371 2857 δὲ
3407 2803 3651 2875 παρῆλθε
3678 2804 3747 2856 τὺ

2176 2886 2353 2951 ἄνθος.
2389 2889 2505 2942 Ἐπ’
2548 2890 2789 2960 ἐσχάτων
2834 2890 2893 2944 δέ
2944 2891 3052 2944 τῶν
3106 2892 3328 2965 καιρῶν,
3370 2892 3557 2957 δύντος
3606 2895 3747 2965 ἡμῖν

2178 2981 2451 3046 παντελῶς
2481 2980 2575 3036 τοῦ
2604 2983 2799 3053 φωτὸς,
2821 2984 2915 3038 καὶ
2956 2985 3191 3056 ἑσπέρας
3219 2987 3369 3058 ἡμᾶς
3404 2988 3746 3041 καταλαϐού-

2179 3087 2298 3141 σης,
2342 3071 2814 3143 ἀποπεπτιὶηαμεν
2859 3073 3282 3144 σκληρυνθέντες
3315 3076 3410 3129 καὶ
3450 3075 3746 3148 ξηρανθέν-

2105 3170 2115 3181 °
2171 3179 2262 3226 τες
2283 3178 2297 3193 ο
2321 3163 2416 3217 καὶ
2442 3162 2611 3218 ταῦτα
2639 3163 3006 3235 πεπόνθαμεν,
3032 3165 3162 3220 Ὅτι
3189 3165 3544 3237 ἐξελιπομδν
3562 3169 3633 3222 ἐν
3662 3168 3745 3239 τῇ

2176 3249 2321 3322 ὀργῇ
2349 3268 2485 3318 σου,
2510 3254 2606 3308 καὶ
2630 3255 2701 3307 ἐν
2730 3252 2811 3319 τῷ
2843 3252 3006 3324 θυμῷ
3030 3269 3146 3310 σου
3175 3255 3601 3326 ἐταράχθημεν.
3629 3260 3741 3312 Δύ-

2174 3358 2329 3395 ναται
2355 3341 2413 3394 δὲ
2434 3342 2526 3396 καὶ
2550 3342 2671 3397 καθ’
2699 3342 2892 3413 ἐτέραν
2917 3342 3150 3398 διάνοιαν
3172 3344 3396 3415 φυσικὸν
3418 3346 3574 3414 Λόγον
3600 3348 3743 3400 ἀτω-

2171 3430 2367 3486 διδόναι
2391 3432 2479 3486 διὰ
2518 3432 2720 3488 τούτων
2748 3435 2781 3504 ἡ
2812 3432 2977 3501 λέξις,
3022 3434 3097 3500 ὡς
3126 3435 3224 3507 τῆς
3265 3436 3606 3509 ἀνθρωπίνης
3627 3438 3742 3505 φύ-

2174 3540 2309 3588 σεως
2336 3526 2393 3578 ἐν
2423 3526 2526 3596 μὲν
2557 3528 2622 3597 τῇ
2653 3526 2861 3597 νεότητι
2880 3526 3033 3597 δίκην
3065 3528 3280 3600 ἁπαλῆς
3309 3529 3466 3601 χλόης
3490 3530 3737 3599 βλαστώ-

2175 3631 2293 3685 σης,
2332 3614 2470 3685 μετὰ
2498 3614 2555 3668 δὲ
2582 3614 2755 3669 ταῦτα
2786 3618 2847 3669 ἐν
2887 3618 2953 3689 τῇ
2988 3618 3135 3689 ἀκμῇ
3181 3618 3280 3689 τῆς
3302 3618 3729 3689 ἡλικίαςάνθού-

2174 3722 2293 3777 σηςο
2311 3702 2407 3760 εἷθ’
2436 3705 2657 3778 ὕστερον
2678 3706 2771 3761 ἐπὶ
2798 3708 3001 3779 γήραος
3017 3707 3154 3779 οὐδῷ
3181 3708 3598 3779 ἀποπιπτούσης,
3621 3710 3738 3765 οὐκ

2171 3796 2386 3868 ἄλλωςῆ
2411 3796 2621 3869 πρῶτον
2651 3797 2783 3869 σκλη
2793 3800 3085 3871 ρυνομένης
3103 3800 3243 3855 κατὰ
3255 3801 3314 3855 τὺ
3333 3801 3742 3873 γῆρας,⁴ἐπειτα

2173 3890 2445 3954 παντελῶς
2493 3888 2899 3962 ξηραινομένης.
2968 3890 3233 3965 Ἑσπέραν
3272 3893 3329 3948 δέ
3377 3895 3743 3966 σημαίνεσθαι

2169 3980 2238 4033 τὰ
2266 3980 2546 4034 τελευταῖα
2569 3981 2667 4053 τῆς
2696 3980 2803 4035 τῶν
2828 3980 3124 4053 ἀνθρώπων
3150 3982 3314 4055 ζωῆς.

2192 4092 2214 4112 ⁸
2242 4094 2416 4149 Ἔθου
2438 4094 2544 4160 τὰς
2574 4095 2822 4165 ἀνομίας
2850 4094 3018 4165 ἡμῶν
3045 4096 3320 4151 ἐναντίον
3345 4111 3494 4152 σου·
3527 4101 3564 4153 ὀ
3589 4098 3747 4154 αίὼν

2169 4184 2337 4257 ἡμῶν
2364 4190 2450 4255 εις
2475 4189 2780 4260 φωτισμὸν
2809 4188 2915 4243 τοῦ
2940 4189 3259 4256 προσώπου
3298 4206 3434 4248 σου,
3468 4190 3590 4244 ὀτι
3621 4191 3743 4247 πᾶ-

2168 4291 2274 4334 σαι
2315 4279 2376 4331 al
2429 4277 2639 4347 ἡμέραι
2679 4277 2846 4350 ἡμῶν
2882 4279 3181 4345 ἐξέλιπον,
3216 4280 3315 4334 καί
3351 4281 3420 4334 ἐν
3458 4279 3535 4351 τῇ
3592 4281 3746 4354 ὁρτῇ

2169 4380 2287 4420 σου
2334 4365 2706 4436 ἐξελίπομεν.
2741 4362 2801 4422 '0
2849 4368 3167 4441 Σύμμαχος·
3207 4368 3594 4439 Προσέθηκας
3628 4373 3746 4440 τὰς

2168 4456 2417 4527 ἀνομίας
2452 4456 2618 4525 ἡμῶν
2640 4456 2920 4528 ἄντικρύς
2945 4476 3082 4525 σου,
3121 4461 3228 4528 τὰς
3255 4462 3535 4531 ἀμελείας
3566 4462 3747 4533 ἡμῶν

509 4562 796 4622 appareant
819 4553 986 4608 vultui
1018 4561 1128 4609 tuo.
1162 4551 1354 4609 Omnes
1392 4555 1529 4608 enim
1558 4553 1669 4608 dies
1714 4555 1883 4610 nostri
1909 4555 2068 4626 aufu-

2173 4548 2481 4619 φαίνεσθαι
2508 4548 2589 4615 τῷ
2624 4549 2918 4619 προσώπῳ
2952 4540 3089 4606 σου.
3117 4551 3310 4607 Πᾶσαι
3347 4552 3458 4623 γὰρ
3491 4556 3552 4607 al
3588 4555 3743 4624 ἠμέ-

508 4655 713 4715 gerunt,
738 4646 793 4700 in
817 4646 900 4701 ira
930 4653 1022 4699 tua
1046 4644 1310 4715 absumpti
1334 4660 1537 4701 sumus.
1575 4643 1699 4702 Haac
1730 4646 1784 4701 in
1812 4650 2064 4719 praesenti

2173 4654 2264 4709 ραι
2279 4640 2445 4712 ἡμῶν
2462 4640 2800 4709 διέδρασαν,
2818 4642 2889 4696 ἐν
2901 4641 2981 4707 τῷ
3001 4644 3161 4712 χόλῳ
3182 4660 3297 4698 σου
3317 4644 3741 4714 ἀνηλώθημεν.

508 4736 821 4794 conditione
848 4739 1031 4810 pOpuli
1052 4754 1117 4793 ex
1140 4737 1555 4794 circumcisione
1583 4738 1765 4795 dicere
1790 4741 2063 4796 convenit.

2173 4735 2278 4787 Καὶ
2307 4734 2479 4789 ταῦτα
2521 4732 2699 4803 λέγειν
2744 4734 2968 4806 ἁρμόζει
3006 4737 3075 4807 τῇ
3117 4734 3362 4808 παρούσῃ
3400 4737 3741 4791 καταστάσει

509 4816 667 4881 Nunc
688 4828 830 4881 enim
862 4839 1051 4883 omnes
1078 4842 1266 4883 eorum
1313 4827 1530 4898 pristini
1555 4827 1672 4884 dies
1707 4842 1834 4885 vere
1856 4828 2067 4886 defece-

2173 4824 2262 4878 τοῦ
2288 4824 2417 4878 λαοῦ
2445 4824 2535 4878 τοῦ
2562 4826 2628 4879 ἐκ
2649 4825 2968 4897 περιτομῆς.
3006 4826 3123 4880 Νῦν
3150 4827 3256 4899 γὰρ
3284 4827 3358 4892 ὡς
3386 4827 3602 4899 ἀληθῶς
3627 4832 3743 4883 πᾶ-

509 4924 657 4982 runt,
680 4930 805 4971 cum
831 4933 1056 4989 vespera
1109 4919 1232 4975 illos
1285 4920 1590 4990 occupavit,
1621 4928 1675 4977 et
1705 4935 1829 4976 eum
1858 4920 2068 4978 defece-

2174 4932 2263 4971 σαι
2282 4916 2338 4972 αἱ
2369 4917 2624 4989 πρότεραι
2648 4918 2848 4990 ἡμέραι
2873 4918 3049 4972 αὐτῶν
3074 4918 3333 4987 ἐξέλιπον,
3352 4921 3439 4974 ὅτε
3468 4923 3503 4993 ἡ
3524 4922 3739 4993 ἑσπέρα

511 5008 715 5062 ruutin
755 5009 835 5062 ira
866 5009 979 5065 Dei.
1025 5008 1290 5077 Quoniam
1330 5008 1459 5066 olim
1490 5010 1708 5082 quidem
1755 5010 2068 5079 iniquitates

2173 5009 2366 5075 αὐτοὺς
2405 5010 2687 5075 κατέλαϐε,
2721 5013 2815 5065 καὶ
2847 5012 2936 5066 ὅτε
2974 5011 3216 5079 ἐξέλιπον
3246 5015 3303 5069 ἐν
3346 5017 3412 5086 τῇ
3455 5017 3593 5086 ὀργῇ
3634 5016 3740 5071 τοῦ

507 5115 697 5157 eorum
712 5102 1153 5172 praetermittebat
1168 5110 1222 5157 et
1247 5102 1815 5174 prmtergrediebatur;
1840 5102 1933 5158 sed
1948 5111 2073 5174 post

2173 5100 2326 5157 Θεοῦ.
2369 5103 2580 5175 Ἐπειδὴ
2628 5103 2796 5158 πάλαι
2849 5105 2949 5176 μὲν
3006 5105 3202 5178 παρῄει
3261 5105 3355 5160 καὶ
3406 5107 3735 5178 ύπερέόαινε

508 5206 699 5248 eorum
737 5191 793 5245 in
825 5188 1164 5246 Salvatorem
1189 5191 1643 5262 conspirationem
1656 5191 1989 5262 implebatur
2008 5191 2074 5247 il-

2173 5193 2267 5258 τὰς
2292 5193 2519 5265 ἀνομίας
2548 5194 2745 5259 αὐτῶν,
2782 5194 2917 5266 μετὰ
2957 5194 3015 5248 δέ
3057 5195 3154 5268 τὴν
3183 5197 3322 5251 κατὰ
3348 5195 3443 5250 τοῦ
3477 5197 3737 5268 Σωτῆρος

509 5283 624 5345 Iud,
645 5280 767 5337 Non
783 5280 926 5335 ultra
949 5280 1115 5350 feram
1144 5290 1359 5349 peccata
1397 5290 1570 5337 uestra
1602 5282 1682 5350 ";
1712 5280 1834 5337 ideo
1851 5282 1946 5349 ait,
1972 5281 2074 5337 Po-

2173 5284 2458 5357 ἐπιϐουλὴν
2484 5284 2781 5358 ἐπληροῦτο
2810 5287 2888 5350 είς
2919 5286 3111 5351 αὐτοὺς
3134 5286 3223 5340 τό·
3261 5289 3381 5341 οὐκ
3406 5287 3492 5340 ἑτι
3518 5286 3737 5352 ἀνήσω

509 5377 663 5431 suisti
679 5374 976 5445 iniquitates
995 5382 1200 5426 nostras
1216 5372 1272 5427 in
1289 5383 1558 5444 conspectu
1576 5385 1684 5441 tuo,
1708 5384 1781 5442 et,
1811 5374 2073 5431 Surculum

2173 5374 2276 5443 τὰς
2312 5377 2588 5446 ἁμαρτίας
2638 5376 2828 5447 ὑμῶν’
2879 5376 2961 5431 διό
3002 5388 3191 5448 φησιν·
3230 5379 3403 5433 Ἐθου
3443 5380 3550 5443 τὰς
3589 5378 3732 5431 dro-

511 5481 746 5526 nostrum
768 5471 822 5523 in
850 5469 1235 5523 illuminatione
1255 5468 1427 5521 vultus
1453 5468 1549 5523 tui.
1596 5467 1701 5522 Pro
1730 5483 1839 5539 quo
1864 5467 2067 5524 clarius

2173 5468 2306 5536 μίας
2336 5466 2502 5538 ἡμῶν
2532 5469 2806 5525 ἐναντιον
2846 5484 2981 5534 σου,
3020 5469 3137 5536 καὶ,
3171 5471 3223 5523 '0
3265 5468 3407 5523 αίὼν
3439 5468 3611 5539 ἡμῶν
3638 5471 3733 5536 εις

514 5549 870 5634 Symmachus
900 5560 1094 5625 edidit,
1132 5557 1489 5631 Negligentias
1515 5568 1723 5616 nostras
1751 5569 1811 5614 ut
1853 5575 2068 5630 appare-

2173 5560 2471 5630 ςιωτισμὸν
2493 5559 2602 5615 τοῦ
2639 5561 2959 5630 προσώπου
2994 5577 3129 5617 σου.
3199 5560 3336 5615 ’Av0‘
3364 5555 3426 5615 οῦ
3458 5561 3728 5631 σαφέστε-

579 5714 625 5750 ⁸¹
663 5713 851 5772 llatth.
886 5732 995 5784 xiv,
1027 5715 1117 5771 25.
1193 5715 1238 5749 ⁸⁸
1277 5678 1467 5773 Matth:
1501 5731 1662 5782 xxxv,
1694 5717 1783 5772 45.
1858 5717 1905 5751 "
1938 5713 2043 5771 Jer.
2081 5731 2204 5782 xxv,
2244 5715 2436 5781 i2,ll.
